{
  "id": "gen9championsvgc2026regma-2586039066",
  "format": "[Gen 9 Champions] VGC 2026 Reg M-A",
  "players": [
    "cutecharmexploit",
    "Minioracrobaticsss"
  ],
  "log": "|j|\u2606cutecharmexploit\n|j|\u2606Minioracrobaticsss\n|t:|1776392738\n|gametype|doubles\n|player|p1|cutecharmexploit|scientistf|1126\n|player|p2|Minioracrobaticsss|265|1041\n|gen|9\n|tier|[Gen 9 Champions] VGC 2026 Reg M-A\n|rated|\n|rule|Species Clause: Limit one of each Pok\u00e9mon\n|rule|Item Clause: Limit 1 of each item\n|clearpoke\n|poke|p1|Aerodactyl, L50, F|\n|poke|p1|Floette-Eternal, L50, F|\n|poke|p1|Sneasler, L50, M|\n|poke|p1|Incineroar, L50, M|\n|poke|p1|Maushold-Four, L50|\n|poke|p1|Sinistcha, L50|\n|poke|p2|Sableye, L50, M|\n|poke|p2|Alakazam, L50, M|\n|poke|p2|Farigiraf, L50, M|\n|poke|p2|Maushold-Four, L50|\n|poke|p2|Garganacl, L50, F|\n|poke|p2|Liepard, L50, M|\n|teampreview|4\n|inactive|Battle timer is ON: inactive players will automatically lose when time's up. (requested by Minioracrobaticsss)\ncutecharmexploit rejected open team sheets.\n|inactive|cutecharmexploit has 60 seconds left.\n|\n|t:|1776392790\n|teamsize|p1|4\n|teamsize|p2|4\n|start\n|switch|p1a: Dr Epicsauce|Aerodactyl, L50, F|100/100\n|switch|p1b: Epic Movie|Maushold-Four, L50|100/100\n|switch|p2a: Sableye|Sableye, L50, M|100/100\n|switch|p2b: Alakazam|Alakazam, L50, M|100/100\n|-ability|p1a: Dr Epicsauce|Unnerve\n|turn|1\n|inactive|Minioracrobaticsss has 30 seconds left.\n|\n|t:|1776392819\n|move|p1a: Dr Epicsauce|Protect|p1a: Dr Epicsauce\n|-singleturn|p1a: Dr Epicsauce|Protect\n|move|p2a: Sableye|Fake Out|p1a: Dr Epicsauce\n|-activate|p1a: Dr Epicsauce|move: Protect\n|move|p2b: Alakazam|Nasty Plot|p2b: Alakazam\n|-boost|p2b: Alakazam|spa|2\n|move|p1b: Epic Movie|Bite|p2b: Alakazam\n|-supereffective|p2b: Alakazam|1\n|-damage|p2b: Alakazam|47/100\n|\n|upkeep\n|turn|2\n|inactive|cutecharmexploit has 30 seconds left.\n|inactive|Minioracrobaticsss has 30 seconds left.\n|\n|t:|1776392854\n|detailschange|p2b: Alakazam|Alakazam-Mega, L50, M\n|-mega|p2b: Alakazam|Alakazam|Alakazite\n|-ability|p2b: Alakazam|Unnerve|Trace|[from] ability: Trace|[of] p1a: Dr Epicsauce\n|-ability|p2b: Alakazam|Unnerve\n|move|p1b: Epic Movie|Follow Me|p1b: Epic Movie\n|-singleturn|p1b: Epic Movie|move: Follow Me\n|move|p2b: Alakazam|Psychic|p1b: Epic Movie\n|-damage|p1b: Epic Movie|0 fnt\n|faint|p1b: Epic Movie\n|move|p1a: Dr Epicsauce|Rock Slide|p2b: Alakazam|[spread] p2a,p2b\n|-damage|p2a: Sableye|62/100\n|-damage|p2b: Alakazam|2/100\n|move|p2a: Sableye|Foul Play|p1a: Dr Epicsauce\n|-damage|p1a: Dr Epicsauce|34/100\n|\n|upkeep\n|\n|t:|1776392869\n|switch|p1b: Epic (2013)|Incineroar, L50, M|100/100\n|-ability|p1b: Epic (2013)|Intimidate|boost\n|-unboost|p2a: Sableye|atk|1\n|-unboost|p2b: Alakazam|atk|1\n|turn|3\n|\n|t:|1776392880\n|switch|p2a: Farigiraf|Farigiraf, L50, M|100/100\n|move|p1b: Epic (2013)|Fake Out||[still]\n|cant|p2a: Farigiraf|ability: Armor Tail|Fake Out|[of] p1b: Epic (2013)\n|move|p2b: Alakazam|Focus Blast|p1b: Epic (2013)\n|-supereffective|p1b: Epic (2013)|1\n|-damage|p1b: Epic (2013)|0 fnt\n|faint|p1b: Epic (2013)\n|move|p1a: Dr Epicsauce|Rock Slide|p2a: Farigiraf|[spread] p2a,p2b\n|-damage|p2a: Farigiraf|79/100\n|-damage|p2b: Alakazam|0 fnt\n|faint|p2b: Alakazam\n|\n|upkeep\n|\n|t:|1776392892\n|switch|p2b: Garganacl|Garganacl, L50, F|100/100\n|switch|p1b: Freaking Epic|Floette-Eternal, L50, F|100/100\n|turn|4\n|\n|t:|1776392901\n|detailschange|p1b: Freaking Epic|Floette-Mega, L50, F\n|-mega|p1b: Freaking Epic|Floette|Floettite\n|-ability|p1b: Freaking Epic|Fairy Aura\n|move|p2b: Garganacl|Wide Guard|p2b: Garganacl\n|-singleturn|p2b: Garganacl|Wide Guard\n|move|p1a: Dr Epicsauce|Rock Slide|p2a: Farigiraf|[spread] \n|-activate|p2a: Farigiraf|move: Wide Guard\n|-activate|p2b: Garganacl|move: Wide Guard\n|move|p1b: Freaking Epic|Calm Mind|p1b: Freaking Epic\n|-boost|p1b: Freaking Epic|spa|1\n|-boost|p1b: Freaking Epic|spd|1\n|move|p2a: Farigiraf|Thunder Wave|p1b: Freaking Epic\n|-status|p1b: Freaking Epic|par\n|\n|upkeep\n|turn|5\n|\n|t:|1776392923\n|move|p1a: Dr Epicsauce|Dual Wingbeat|p2a: Farigiraf\n|-damage|p2a: Farigiraf|63/100\n|-damage|p2a: Farigiraf|47/100\n|-hitcount|p2a: Farigiraf|2\n|move|p2a: Farigiraf|Psychic Noise|p1b: Freaking Epic\n|-damage|p1b: Freaking Epic|80/100 par\n|-start|p1b: Freaking Epic|move: Heal Block\n|cant|p1b: Freaking Epic|move: Heal Block|Draining Kiss\n|move|p2b: Garganacl|Salt Cure|p1b: Freaking Epic\n|-damage|p1b: Freaking Epic|61/100 par\n|-start|p1b: Freaking Epic|Salt Cure\n|\n|-damage|p1b: Freaking Epic|55/100 par|[from] Salt Cure\n|upkeep\n|turn|6\n|\n|t:|1776392943\n|move|p2b: Garganacl|Wide Guard|p2b: Garganacl\n|-singleturn|p2b: Garganacl|Wide Guard\n|move|p1a: Dr Epicsauce|Dual Wingbeat|p2a: Farigiraf|[miss]\n|-miss|p1a: Dr Epicsauce|p2a: Farigiraf\n|move|p2a: Farigiraf|Psychic Noise|p1a: Dr Epicsauce\n|-damage|p1a: Dr Epicsauce|0 fnt\n|faint|p1a: Dr Epicsauce\n|move|p1b: Freaking Epic|Light of Ruin|p2b: Garganacl\n|-damage|p2b: Garganacl|0 fnt\n|faint|p2b: Garganacl\n|-damage|p1b: Freaking Epic|0 fnt|[from] Recoil\n|faint|p1b: Freaking Epic\n|\n|win|Minioracrobaticsss\n|raw|cutecharmexploit's rating: 1126 &rarr; <strong>1095</strong><br />(-31 for losing)\n|raw|Minioracrobaticsss's rating: 1041 &rarr; <strong>1083</strong><br />(+42 for winning)\n|l|\u2606cutecharmexploit\n|player|p1|\n",
  "uploadtime": 1776392978,
  "views": 16,
  "formatid": "gen9championsvgc2026regma",
  "rating": 1083,
  "private": 0,
  "password": null
}