{
  "id": "gen9championsvgc2026regma-2583103135",
  "format": "[Gen 9 Champions] VGC 2026 Reg M-A",
  "players": [
    "iiSilverkx",
    "Spark the Pikagoss"
  ],
  "log": "|j|\u2606iiSilverkx\n|j|\u2606Spark the Pikagoss\n|t:|1776142331\n|gametype|doubles\n|player|p1|iiSilverkx|miku-ground|1089\n|player|p2|Spark the Pikagoss|gentleman|1164\n|gen|9\n|tier|[Gen 9 Champions] VGC 2026 Reg M-A\n|rated|\n|rule|Species Clause: Limit one of each Pok\u00e9mon\n|rule|Item Clause: Limit 1 of each item\n|clearpoke\n|poke|p1|Hawlucha, L50, F|\n|poke|p1|Kingambit, L50, M|\n|poke|p1|Sinistcha, L50|\n|poke|p1|Incineroar, L50, M|\n|poke|p1|Excadrill, L50, F|\n|poke|p1|Volcarona, L50, F|\n|poke|p2|Politoed, L50, M|\n|poke|p2|Gengar, L50, M|\n|poke|p2|Incineroar, L50, M|\n|poke|p2|Maushold, L50|\n|poke|p2|Basculegion, L50, M|\n|poke|p2|Archaludon, L50, F|\n|teampreview|4\n|inactive|Battle timer is ON: inactive players will automatically lose when time's up. (requested by iiSilverkx)\niiSilverkx rejected open team sheets.\n|inactive|iiSilverkx has 60 seconds left.\n|inactive|Spark the Pikagoss has 60 seconds left.\n|inactive|Spark the Pikagoss has 30 seconds left.\n|\n|t:|1776142397\n|teamsize|p1|4\n|teamsize|p2|4\n|start\n|switch|p1a: \u30b9\u30c8\u30ec\u30f3\u30b0\u30b9|Hawlucha, L50, F|100/100\n|switch|p1b: \u592a\u967d|Volcarona, L50, F|100/100\n|switch|p2a: Basculegion|Basculegion, L50, M|100/100\n|switch|p2b: Politoed|Politoed, L50, M|100/100\n|-weather|RainDance|[from] ability: Drizzle|[of] p2b: Politoed\n|turn|1\n|inactive|Spark the Pikagoss has 30 seconds left.\n|inactive|Spark the Pikagoss has 20 seconds left.\n|\n|t:|1776142436\n|move|p1a: \u30b9\u30c8\u30ec\u30f3\u30b0\u30b9|Protect|p1a: \u30b9\u30c8\u30ec\u30f3\u30b0\u30b9\n|-singleturn|p1a: \u30b9\u30c8\u30ec\u30f3\u30b0\u30b9|Protect\n|move|p2a: Basculegion|Flip Turn|p1b: \u592a\u967d\n|-supereffective|p1b: \u592a\u967d|1\n|-damage|p1b: \u592a\u967d|13/100\n|-status|p2a: Basculegion|brn|[from] ability: Flame Body|[of] p1b: \u592a\u967d\n|\n|t:|1776142448\n|switch|p2a: Archaludon|Archaludon, L50, F|100/100|[from] Flip Turn\n|move|p1b: \u592a\u967d|Tailwind|p1b: \u592a\u967d\n|-sidestart|p1: iiSilverkx|move: Tailwind\n|move|p2b: Politoed|Perish Song|p2b: Politoed\n|-start|p1a: \u30b9\u30c8\u30ec\u30f3\u30b0\u30b9|perish3|[silent]\n|-start|p1b: \u592a\u967d|perish3|[silent]\n|-start|p2a: Archaludon|perish3|[silent]\n|-start|p2b: Politoed|perish3|[silent]\n|-fieldactivate|move: Perish Song\n|\n|-weather|RainDance|[upkeep]\n|-heal|p1b: \u592a\u967d|19/100|[from] item: Leftovers\n|-start|p1a: \u30b9\u30c8\u30ec\u30f3\u30b0\u30b9|perish3\n|-start|p1b: \u592a\u967d|perish3\n|-start|p2a: Archaludon|perish3\n|-start|p2b: Politoed|perish3\n|upkeep\n|turn|2\n|inactive|Spark the Pikagoss has 30 seconds left.\n|inactive|Spark the Pikagoss has 20 seconds left.\n|\n|t:|1776142484\n|switch|p1b: \u30b6\u30fb\u30d5\u30fc\u30eb|Excadrill, L50, F|100/100\n|-ability|p1b: \u30b6\u30fb\u30d5\u30fc\u30eb|Mold Breaker\n|switch|p2b: Maushold|Maushold, L50|100/100\n|detailschange|p1a: \u30b9\u30c8\u30ec\u30f3\u30b0\u30b9|Hawlucha-Mega, L50, F\n|-mega|p1a: \u30b9\u30c8\u30ec\u30f3\u30b0\u30b9|Hawlucha|Hawluchanite\n|move|p1a: \u30b9\u30c8\u30ec\u30f3\u30b0\u30b9|Entrainment|p1b: \u30b6\u30fb\u30d5\u30fc\u30eb\n|-ability|p1b: \u30b6\u30fb\u30d5\u30fc\u30eb|No Guard|Mold Breaker|[from] move: Entrainment|[of] p1a: \u30b9\u30c8\u30ec\u30f3\u30b0\u30b9\n|move|p2a: Archaludon|Electro Shot||[still]\n|-prepare|p2a: Archaludon|Electro Shot\n|-boost|p2a: Archaludon|spa|1\n|-anim|p2a: Archaludon|Electro Shot|p1a: \u30b9\u30c8\u30ec\u30f3\u30b0\u30b9\n|-supereffective|p1a: \u30b9\u30c8\u30ec\u30f3\u30b0\u30b9|1\n|-damage|p1a: \u30b9\u30c8\u30ec\u30f3\u30b0\u30b9|0 fnt\n|faint|p1a: \u30b9\u30c8\u30ec\u30f3\u30b0\u30b9\n|\n|-weather|RainDance|[upkeep]\n|-start|p2a: Archaludon|perish2\n|upkeep\n|\n|t:|1776142503\n|switch|p1a: \u30b8\u30e3\u30c3\u30b8\u30e1\u30f3\u30c8|Incineroar, L50, M|100/100\n|-ability|p1a: \u30b8\u30e3\u30c3\u30b8\u30e1\u30f3\u30c8|Intimidate|boost\n|-unboost|p2a: Archaludon|atk|1\n|-unboost|p2b: Maushold|atk|1\n|turn|3\n|inactive|Spark the Pikagoss has 30 seconds left.\n|\n|t:|1776142537\n|move|p2b: Maushold|Protect|p2b: Maushold\n|-singleturn|p2b: Maushold|Protect\n|move|p2a: Archaludon|Protect|p2a: Archaludon\n|-singleturn|p2a: Archaludon|Protect\n|move|p1a: \u30b8\u30e3\u30c3\u30b8\u30e1\u30f3\u30c8|Fake Out|p2a: Archaludon\n|-activate|p2a: Archaludon|move: Protect\n|move|p1b: \u30b6\u30fb\u30d5\u30fc\u30eb|Fissure|p2a: Archaludon\n|-activate|p2a: Archaludon|move: Protect\n|\n|-weather|RainDance|[upkeep]\n|-start|p2a: Archaludon|perish1\n|upkeep\n|turn|4\n|inactive|Spark the Pikagoss has 30 seconds left.\n|inactive|iiSilverkx has 30 seconds left.\n|\n|t:|1776142570\n|switch|p2a: Basculegion|Basculegion, L50, M|100/100 brn\n|move|p2b: Maushold|Follow Me|p2b: Maushold\n|-singleturn|p2b: Maushold|move: Follow Me\n|move|p1b: \u30b6\u30fb\u30d5\u30fc\u30eb|Fissure|p2b: Maushold\n|-damage|p2b: Maushold|0 fnt\n|faint|p2b: Maushold\n|-ohko\n|move|p1a: \u30b8\u30e3\u30c3\u30b8\u30e1\u30f3\u30c8|Parting Shot|p2a: Basculegion\n|-unboost|p2a: Basculegion|atk|1\n|-unboost|p2a: Basculegion|spa|1\n|\n|t:|1776142579\n|switch|p1a: \u592a\u967d|Volcarona, L50, F|19/100|[from] Parting Shot\n|\n|-weather|RainDance|[upkeep]\n|-heal|p1a: \u592a\u967d|25/100|[from] item: Leftovers\n|-damage|p2a: Basculegion|94/100 brn|[from] brn\n|-sideend|p1: iiSilverkx|move: Tailwind\n|upkeep\n|\n|t:|1776142602\n|switch|p2b: Archaludon|Archaludon, L50, F|100/100\n|turn|5\n|inactive|Spark the Pikagoss has 30 seconds left.\n|\n|t:|1776142632\n|move|p1a: \u592a\u967d|Rage Powder|p1a: \u592a\u967d\n|-singleturn|p1a: \u592a\u967d|move: Rage Powder\n|move|p2a: Basculegion|Flip Turn|p1a: \u592a\u967d\n|-supereffective|p1a: \u592a\u967d|1\n|-damage|p1a: \u592a\u967d|0 fnt\n|faint|p1a: \u592a\u967d\n|\n|t:|1776142641\n|switch|p2a: Politoed|Politoed, L50, M|100/100|[from] Flip Turn\n|move|p1b: \u30b6\u30fb\u30d5\u30fc\u30eb|Fissure|p2b: Archaludon\n|-damage|p2b: Archaludon|0 fnt\n|faint|p2b: Archaludon\n|-ohko\n|\n|-weather|none\n|upkeep\n|\n|t:|1776142649\n|switch|p1a: \u30b8\u30e3\u30c3\u30b8\u30e1\u30f3\u30c8|Incineroar, L50, M|100/100\n|switch|p2b: Basculegion|Basculegion, L50, M|94/100 brn\n|-ability|p1a: \u30b8\u30e3\u30c3\u30b8\u30e1\u30f3\u30c8|Intimidate|boost\n|-unboost|p2a: Politoed|atk|1\n|-unboost|p2b: Basculegion|atk|1\n|turn|6\n|\n|t:|1776142658\n|move|p2b: Basculegion|Protect|p2b: Basculegion\n|-singleturn|p2b: Basculegion|Protect\n|move|p2a: Politoed|Protect|p2a: Politoed\n|-singleturn|p2a: Politoed|Protect\n|move|p1a: \u30b8\u30e3\u30c3\u30b8\u30e1\u30f3\u30c8|Fake Out|p2a: Politoed\n|-activate|p2a: Politoed|move: Protect\n|move|p1b: \u30b6\u30fb\u30d5\u30fc\u30eb|Fissure|p2b: Basculegion\n|-activate|p2b: Basculegion|move: Protect\n|\n|-damage|p2b: Basculegion|88/100 brn|[from] brn\n|upkeep\n|turn|7\n|\n|t:|1776142681\n|move|p1b: \u30b6\u30fb\u30d5\u30fc\u30eb|Fissure|p2a: Politoed\n|-damage|p2a: Politoed|0 fnt\n|faint|p2a: Politoed\n|-ohko\n|move|p2b: Basculegion|Wave Crash|p1b: \u30b6\u30fb\u30d5\u30fc\u30eb\n|-supereffective|p1b: \u30b6\u30fb\u30d5\u30fc\u30eb|1\n|-damage|p1b: \u30b6\u30fb\u30d5\u30fc\u30eb|40/100\n|-damage|p2b: Basculegion|69/100 brn|[from] Recoil\n|move|p1a: \u30b8\u30e3\u30c3\u30b8\u30e1\u30f3\u30c8|Darkest Lariat|p2b: Basculegion\n|-supereffective|p2b: Basculegion|1\n|-damage|p2b: Basculegion|0 fnt\n|faint|p2b: Basculegion\n|\n|win|iiSilverkx\n|raw|iiSilverkx's rating: 1089 &rarr; <strong>1121</strong><br />(+32 for winning)\n|raw|Spark the Pikagoss's rating: 1164 &rarr; <strong>1134</strong><br />(-30 for losing)\n|l|\u2606Spark the Pikagoss\n|player|p2|\n",
  "uploadtime": 1776143250,
  "views": 14,
  "formatid": "gen9championsvgc2026regma",
  "rating": 1121,
  "private": 0,
  "password": null
}