{
  "id": "gen9championsvgc2026regma-2581456164",
  "format": "[Gen 9 Champions] VGC 2026 Reg M-A",
  "players": [
    "nusocs-m",
    "vietwifi"
  ],
  "log": "|j|\u2606nusocs-m\n|j|\u2606vietwifi\n|t:|1776002176\n|gametype|doubles\n|player|p1|nusocs-m|unknown|1156\n|player|p2|vietwifi|266|1244\n|gen|9\n|tier|[Gen 9 Champions] VGC 2026 Reg M-A\n|rated|\n|rule|Species Clause: Limit one of each Pok\u00e9mon\n|rule|Item Clause: Limit 1 of each item\n|clearpoke\n|poke|p1|Charizard, L50, M|\n|poke|p1|Aerodactyl, L50, M|\n|poke|p1|Garchomp, L50, F|\n|poke|p1|Glimmora, L50, F|\n|poke|p1|Incineroar, L50, F|\n|poke|p1|Venusaur, L50, M|\n|poke|p2|Garchomp, L50, M|\n|poke|p2|Tyranitar, L50, F|\n|poke|p2|Incineroar, L50, M|\n|poke|p2|Blastoise, L50, F|\n|poke|p2|Corviknight, L50, M|\n|poke|p2|Slowking-Galar, L50, F|\n|teampreview|4\n|\n|t:|1776002194\n|teamsize|p1|4\n|teamsize|p2|4\n|start\n|switch|p1a: Charizard|Charizard, L50, M|100/100\n|switch|p1b: Venusaur|Venusaur, L50, M|100/100\n|switch|p2a: Incineroar|Incineroar, L50, M|100/100\n|switch|p2b: Slowking|Slowking-Galar, L50, F|100/100\n|-ability|p2a: Incineroar|Intimidate|boost\n|-unboost|p1a: Charizard|atk|1\n|-unboost|p1b: Venusaur|atk|1\n|turn|1\n|\n|t:|1776002217\n|move|p1a: Charizard|Protect|p1a: Charizard\n|-singleturn|p1a: Charizard|Protect\n|move|p1b: Venusaur|Protect|p1b: Venusaur\n|-singleturn|p1b: Venusaur|Protect\n|move|p2a: Incineroar|Fake Out|p1b: Venusaur\n|-activate|p1b: Venusaur|move: Protect\n|move|p2b: Slowking|Trick Room|p2b: Slowking\n|-fieldstart|move: Trick Room|[of] p2b: Slowking\n|\n|upkeep\n|turn|2\n|\n|t:|1776002237\n|switch|p1a: Incineroar|Incineroar, L50, F|100/100\n|-ability|p1a: Incineroar|Intimidate|boost\n|-unboost|p2a: Incineroar|atk|1\n|-unboost|p2b: Slowking|atk|1\n|move|p2b: Slowking|Psychic|p1b: Venusaur\n|-supereffective|p1b: Venusaur|1\n|-damage|p1b: Venusaur|4/100\n|move|p2a: Incineroar|Parting Shot|p1a: Incineroar\n|-unboost|p1a: Incineroar|atk|1\n|-unboost|p1a: Incineroar|spa|1\n|\n|t:|1776002245\n|switch|p2a: Blastoise|Blastoise, L50, F|100/100|[from] Parting Shot\n|move|p1b: Venusaur|Sleep Powder|p2a: Blastoise\n|-status|p2a: Blastoise|slp|[from] move: Sleep Powder\n|\n|-heal|p1b: Venusaur|9/100|[from] item: Leftovers\n|upkeep\n|turn|3\n|\n|t:|1776002255\n|switch|p2b: Incineroar|Incineroar, L50, M|100/100\n|-ability|p2b: Incineroar|Intimidate|boost\n|-unboost|p1a: Incineroar|atk|1\n|-unboost|p1b: Venusaur|atk|1\n|detailschange|p2a: Blastoise|Blastoise-Mega, L50, F\n|-mega|p2a: Blastoise|Blastoise|Blastoisinite\n|move|p1a: Incineroar|Fake Out|p2b: Incineroar\n|-damage|p2b: Incineroar|97/100\n|cant|p2a: Blastoise|slp\n|move|p1b: Venusaur|Leaf Storm|p2a: Blastoise\n|-supereffective|p2a: Blastoise|1\n|-damage|p2a: Blastoise|0 fnt\n|-unboost|p1b: Venusaur|spa|2\n|faint|p2a: Blastoise\n|\n|-heal|p1b: Venusaur|15/100|[from] item: Leftovers\n|upkeep\n|\n|t:|1776002289\n|switch|p2a: Slowking|Slowking-Galar, L50, F|100/100\n|turn|4\n|\n|t:|1776002303\n|move|p1b: Venusaur|Protect|p1b: Venusaur\n|-singleturn|p1b: Venusaur|Protect\n|move|p2a: Slowking|Sludge Bomb|p1a: Incineroar\n|-damage|p1a: Incineroar|67/100\n|move|p2b: Incineroar|Snarl|p1b: Venusaur|[spread] p1a\n|-activate|p1b: Venusaur|move: Protect\n|-resisted|p1a: Incineroar|1\n|-damage|p1a: Incineroar|63/100\n|-unboost|p1a: Incineroar|spa|1\n|move|p1a: Incineroar|Parting Shot|p2a: Slowking\n|-unboost|p2a: Slowking|atk|1\n|-unboost|p2a: Slowking|spa|1\n|\n|t:|1776002317\n|switch|p1a: Garchomp|Garchomp, L50, F|100/100|[from] Parting Shot\n|\n|-heal|p1b: Venusaur|21/100|[from] item: Leftovers\n|upkeep\n|turn|5\n|\n|t:|1776002336\n|move|p1a: Garchomp|Protect|p1a: Garchomp\n|-singleturn|p1a: Garchomp|Protect\n|move|p2a: Slowking|Sludge Bomb|p1b: Venusaur\n|-damage|p1b: Venusaur|0 fnt\n|faint|p1b: Venusaur\n|move|p2b: Incineroar|Parting Shot|p1a: Garchomp\n|-activate|p1a: Garchomp|move: Protect\n|\n|-fieldend|move: Trick Room\n|upkeep\n|\n|t:|1776002350\n|switch|p1b: Charizard|Charizard, L50, M|100/100\n|turn|6\n|\n|t:|1776002371\n|move|p1a: Garchomp|Earthquake|p2b: Incineroar|[spread] p2a,p2b\n|-immune|p1b: Charizard\n|-supereffective|p2a: Slowking|1\n|-supereffective|p2b: Incineroar|1\n|-damage|p2a: Slowking|38/100\n|-damage|p2b: Incineroar|37/100\n|-enditem|p2b: Incineroar|Sitrus Berry|[eat]\n|-heal|p2b: Incineroar|62/100|[from] item: Sitrus Berry\n|move|p1b: Charizard|Heat Wave|p2b: Incineroar|[spread] p2a,p2b\n|-resisted|p2b: Incineroar|1\n|-damage|p2a: Slowking|12/100\n|-damage|p2b: Incineroar|49/100\n|move|p2b: Incineroar|Parting Shot|p1a: Garchomp\n|-unboost|p1a: Garchomp|atk|1\n|-unboost|p1a: Garchomp|spa|1\n|\n|t:|1776002396\n|switch|p2b: Tyranitar|Tyranitar, L50, F|100/100|[from] Parting Shot\n|-weather|Sandstorm|[from] ability: Sand Stream|[of] p2b: Tyranitar\n|move|p2a: Slowking|Trick Room|p2a: Slowking\n|-fieldstart|move: Trick Room|[of] p2a: Slowking\n|\n|-weather|Sandstorm|[upkeep]\n|-damage|p2a: Slowking|6/100|[from] Sandstorm\n|-damage|p1b: Charizard|95/100|[from] Sandstorm\n|upkeep\n|turn|7\n|\n|t:|1776002405\n|switch|p2a: Incineroar|Incineroar, L50, M|49/100\n|-ability|p2a: Incineroar|Intimidate|boost\n|-unboost|p1a: Garchomp|atk|1\n|-unboost|p1b: Charizard|atk|1\n|switch|p1b: Incineroar|Incineroar, L50, F|63/100\n|-ability|p1b: Incineroar|Intimidate|boost\n|-unboost|p2a: Incineroar|atk|1\n|-unboost|p2b: Tyranitar|atk|1\n|move|p2b: Tyranitar|Rock Slide|p1b: Incineroar|[spread] p1a,p1b\n|-resisted|p1a: Garchomp|1\n|-supereffective|p1b: Incineroar|1\n|-damage|p1a: Garchomp|89/100\n|-damage|p1b: Incineroar|23/100\n|move|p1a: Garchomp|Earthquake|p2a: Incineroar|[spread] p1b,p2a,p2b\n|-supereffective|p1b: Incineroar|1\n|-supereffective|p2a: Incineroar|1\n|-supereffective|p2b: Tyranitar|1\n|-damage|p1b: Incineroar|0 fnt\n|-damage|p2a: Incineroar|18/100\n|-damage|p2b: Tyranitar|68/100\n|faint|p1b: Incineroar\n|\n|-weather|Sandstorm|[upkeep]\n|-damage|p2a: Incineroar|12/100|[from] Sandstorm\n|upkeep\n|\n|t:|1776002424\n|switch|p1b: Charizard|Charizard, L50, M|95/100\n|turn|8\n|\n|t:|1776002446\n|detailschange|p1b: Charizard|Charizard-Mega-Y, L50, M\n|-mega|p1b: Charizard|Charizard|Charizardite Y\n|-weather|SunnyDay|[from] ability: Drought|[of] p1b: Charizard\n|move|p1b: Charizard|Protect|p1b: Charizard\n|-singleturn|p1b: Charizard|Protect\n|move|p2a: Incineroar|Parting Shot|p1a: Garchomp\n|-unboost|p1a: Garchomp|atk|1\n|-unboost|p1a: Garchomp|spa|1\n|\n|t:|1776002452\n|switch|p2a: Slowking|Slowking-Galar, L50, F|40/100|[from] Parting Shot\n|move|p2b: Tyranitar|Rock Slide|p1a: Garchomp|[spread] p1a\n|-activate|p1b: Charizard|move: Protect\n|-resisted|p1a: Garchomp|1\n|-damage|p1a: Garchomp|78/100\n|move|p1a: Garchomp|Earthquake|p2a: Slowking|[spread] p2a,p2b\n|-activate|p1b: Charizard|move: Protect\n|-supereffective|p2a: Slowking|1\n|-supereffective|p2b: Tyranitar|1\n|-damage|p2a: Slowking|12/100\n|-damage|p2b: Tyranitar|43/100\n|\n|-weather|SunnyDay|[upkeep]\n|upkeep\n|turn|9\n|\n|t:|1776002481\n|move|p2a: Slowking|Psychic|p1a: Garchomp\n|-damage|p1a: Garchomp|36/100\n|-enditem|p1a: Garchomp|Sitrus Berry|[eat]\n|-heal|p1a: Garchomp|60/100|[from] item: Sitrus Berry\n|move|p2b: Tyranitar|Rock Slide|p1a: Garchomp|[spread] p1b\n|-miss|p2b: Tyranitar|p1a: Garchomp\n|-supereffective|p1b: Charizard|2\n|-damage|p1b: Charizard|0 fnt\n|faint|p1b: Charizard\n|move|p1a: Garchomp|Earthquake|p2b: Tyranitar|[spread] p2a,p2b\n|-supereffective|p2a: Slowking|1\n|-crit|p2a: Slowking\n|-supereffective|p2b: Tyranitar|1\n|-damage|p2a: Slowking|0 fnt\n|-damage|p2b: Tyranitar|17/100\n|faint|p2a: Slowking\n|\n|-weather|SunnyDay|[upkeep]\n|upkeep\n|\n|t:|1776002490\n|switch|p2a: Incineroar|Incineroar, L50, M|12/100\n|-ability|p2a: Incineroar|Intimidate|boost\n|-unboost|p1a: Garchomp|atk|1\n|turn|10\n|\n|t:|1776002495\n|move|p2a: Incineroar|Fake Out|p1a: Garchomp\n|-damage|p1a: Garchomp|50/100\n|-damage|p2a: Incineroar|0 fnt|[from] ability: Rough Skin|[of] p1a: Garchomp\n|faint|p2a: Incineroar\n|move|p2b: Tyranitar|Crunch|p1a: Garchomp\n|-damage|p1a: Garchomp|15/100\n|-unboost|p1a: Garchomp|def|1\n|-damage|p2b: Tyranitar|5/100|[from] ability: Rough Skin|[of] p1a: Garchomp\n|cant|p1a: Garchomp|flinch\n|\n|-weather|SunnyDay|[upkeep]\n|-fieldend|move: Trick Room\n|upkeep\n|turn|11\n|\n|t:|1776002500\n|move|p1a: Garchomp|Earthquake|p2b: Tyranitar\n|-supereffective|p2b: Tyranitar|1\n|-crit|p2b: Tyranitar\n|-damage|p2b: Tyranitar|0 fnt\n|faint|p2b: Tyranitar\n|\n|win|nusocs-m\n|raw|nusocs-m's rating: 1156 &rarr; <strong>1189</strong><br />(+33 for winning)\n|raw|vietwifi's rating: 1276 &rarr; <strong>1243</strong><br />(-33 for losing)\n",
  "uploadtime": 1776002508,
  "views": 14,
  "formatid": "gen9championsvgc2026regma",
  "rating": 1189,
  "private": 0,
  "password": null
}