{
  "id": "gen9championsvgc2026regma-2585974910",
  "format": "[Gen 9 Champions] VGC 2026 Reg M-A",
  "players": [
    "TheSmoothTwink",
    "SkibidiStrikes"
  ],
  "log": "|j|\u2606TheSmoothTwink\n|j|\u2606SkibidiStrikes\n|t:|1776386655\n|gametype|doubles\n|player|p1|TheSmoothTwink|169|1239\n|player|p2|SkibidiStrikes|266|1297\n|gen|9\n|tier|[Gen 9 Champions] VGC 2026 Reg M-A\n|rated|\n|rule|Species Clause: Limit one of each Pok\u00e9mon\n|rule|Item Clause: Limit 1 of each item\n|clearpoke\n|poke|p1|Basculegion, L50, M|\n|poke|p1|Incineroar, L50, F|\n|poke|p1|Floette-Eternal, L50, F|\n|poke|p1|Aerodactyl, L50, F|\n|poke|p1|Sneasler, L50, M|\n|poke|p1|Charizard, L50, F|\n|poke|p2|Meganium, L50, M|\n|poke|p2|Incineroar, L50, M|\n|poke|p2|Farigiraf, L50, M|\n|poke|p2|Basculegion, L50, M|\n|poke|p2|Aerodactyl, L50, M|\n|poke|p2|Sneasler, L50, F|\n|teampreview|4\n|inactive|Battle timer is ON: inactive players will automatically lose when time's up. (requested by TheSmoothTwink)\n|inactive|TheSmoothTwink has 60 seconds left.\n|\n|t:|1776386692\n|teamsize|p1|4\n|teamsize|p2|4\n|start\n|switch|p1a: Aerodactyl|Aerodactyl, L50, F|100/100\n|switch|p1b: Basculegion|Basculegion, L50, M|100/100\n|switch|p2a: Aerodactyl|Aerodactyl, L50, M|100/100\n|switch|p2b: Sneasler|Sneasler, L50, F|100/100\n|-ability|p1a: Aerodactyl|Unnerve\n|-ability|p2a: Aerodactyl|Unnerve\n|turn|1\n|\n|t:|1776386709\n|move|p2b: Sneasler|Fake Out|p1a: Aerodactyl\n|-resisted|p1a: Aerodactyl|1\n|-damage|p1a: Aerodactyl|88/100\n|move|p1b: Basculegion|Flip Turn|p2a: Aerodactyl\n|-supereffective|p2a: Aerodactyl|1\n|-enditem|p2a: Aerodactyl|Focus Sash\n|-damage|p2a: Aerodactyl|1/100\n|\n|t:|1776386717\n|switch|p1b: Sneasler|Sneasler, L50, M|100/100|[from] Flip Turn\n|cant|p1a: Aerodactyl|flinch\n|move|p2a: Aerodactyl|Tailwind|p2a: Aerodactyl\n|-sidestart|p2: SkibidiStrikes|move: Tailwind\n|\n|upkeep\n|turn|2\n|\n|t:|1776386730\n|switch|p2a: Meganium|Meganium, L50, M|100/100\n|move|p1b: Sneasler|Fake Out|p2a: Meganium\n|-damage|p2a: Meganium|85/100\n|move|p2b: Sneasler|Close Combat|p1a: Aerodactyl\n|-damage|p1a: Aerodactyl|0 fnt\n|-unboost|p2b: Sneasler|def|1\n|-unboost|p2b: Sneasler|spd|1\n|faint|p1a: Aerodactyl\n|-enditem|p2b: Sneasler|White Herb\n|-clearnegativeboost|p2b: Sneasler|[silent]\n|\n|upkeep\n|\n|t:|1776386746\n|switch|p1a: Charizard|Charizard, L50, F|100/100\n|turn|3\n|\n|t:|1776386762\n|detailschange|p2a: Meganium|Meganium-Mega, L50, M\n|-mega|p2a: Meganium|Meganium|Meganiumite\n|detailschange|p1a: Charizard|Charizard-Mega-X, L50, F\n|-mega|p1a: Charizard|Charizard|Charizardite X\n|move|p2a: Meganium|Protect|p2a: Meganium\n|-singleturn|p2a: Meganium|Protect\n|move|p1b: Sneasler|Protect|p1b: Sneasler\n|-singleturn|p1b: Sneasler|Protect\n|move|p2b: Sneasler|Dire Claw|p1a: Charizard\n|-damage|p1a: Charizard|55/100\n|move|p1a: Charizard|Dragon Dance|p1a: Charizard\n|-boost|p1a: Charizard|atk|1\n|-boost|p1a: Charizard|spe|1\n|\n|upkeep\n|turn|4\n|\n|t:|1776386779\n|move|p1a: Charizard|Protect|p1a: Charizard\n|-singleturn|p1a: Charizard|Protect\n|move|p2b: Sneasler|Close Combat|p1a: Charizard\n|-activate|p1a: Charizard|move: Protect\n|move|p2a: Meganium|Dazzling Gleam|p1a: Charizard|[spread] p1b\n|-activate|p1a: Charizard|move: Protect\n|-damage|p1b: Sneasler|53/100\n|move|p1b: Sneasler|Dire Claw|p2a: Meganium\n|-supereffective|p2a: Meganium|2\n|-damage|p2a: Meganium|0 fnt\n|faint|p2a: Meganium\n|\n|-sideend|p2: SkibidiStrikes|move: Tailwind\n|upkeep\n|\n|t:|1776386783\n|switch|p2a: Basculegion|Basculegion, L50, M|100/100\n|turn|5\n|inactive|TheSmoothTwink has 30 seconds left.\n|\n|t:|1776386813\n|move|p2b: Sneasler|Close Combat|p1a: Charizard\n|-damage|p1a: Charizard|0 fnt\n|-unboost|p2b: Sneasler|def|1\n|-unboost|p2b: Sneasler|spd|1\n|faint|p1a: Charizard\n|move|p2a: Basculegion|Last Respects|p1b: Sneasler\n|-damage|p1b: Sneasler|0 fnt\n|faint|p1b: Sneasler\n|\n|upkeep\n|\n|t:|1776386824\n|switch|p1b: Basculegion|Basculegion, L50, M|100/100\n|turn|6\n|\n|t:|1776386831\n|move|p2b: Sneasler|Dire Claw|p1b: Basculegion\n|-resisted|p1b: Basculegion|1\n|-damage|p1b: Basculegion|68/100\n|-status|p1b: Basculegion|slp\n|move|p2a: Basculegion|Last Respects|p1b: Basculegion\n|-supereffective|p1b: Basculegion|1\n|-damage|p1b: Basculegion|0 fnt\n|faint|p1b: Basculegion\n|\n|win|SkibidiStrikes\n|raw|TheSmoothTwink's rating: 1239 &rarr; <strong>1218</strong><br />(-21 for losing)\n|raw|SkibidiStrikes's rating: 1297 &rarr; <strong>1318</strong><br />(+21 for winning)\n|l|\u2606SkibidiStrikes\n|player|p2|\n|j|\u2606SkibidiStrikes\n|player|p2|SkibidiStrikes|266|\n",
  "uploadtime": 1776386879,
  "views": 20,
  "formatid": "gen9championsvgc2026regma",
  "rating": 1218,
  "private": 0,
  "password": null
}