{
  "id": "gen9championsvgc2026regma-2584227597",
  "format": "[Gen 9 Champions] VGC 2026 Reg M-A",
  "players": [
    "smp on whimsicott",
    "Mexxiouss"
  ],
  "log": "|j|\u2606smp on whimsicott\n|j|\u2606Mexxiouss\n|t:|1776240628\n|gametype|doubles\n|player|p1|smp on whimsicott|artist-gen4|1131\n|player|p2|Mexxiouss|265|1134\n|gen|9\n|tier|[Gen 9 Champions] VGC 2026 Reg M-A\n|rated|\n|rule|Species Clause: Limit one of each Pok\u00e9mon\n|rule|Item Clause: Limit 1 of each item\n|clearpoke\n|poke|p1|Incineroar, L50, F|\n|poke|p1|Politoed, L50, M|\n|poke|p1|Gengar, L50, M|\n|poke|p1|Palafin, L50, F|\n|poke|p1|Volcarona, L50, F|\n|poke|p1|Ninetales-Alola, L50, M|\n|poke|p2|Incineroar, L50, F|\n|poke|p2|Froslass, L50, F|\n|poke|p2|Rotom-Frost, L50|\n|poke|p2|Garchomp, L50, M|\n|poke|p2|Quaquaval, L50, F|\n|poke|p2|Sinistcha, L50|\n|teampreview|4\n|\n|t:|1776240684\n|teamsize|p1|4\n|teamsize|p2|4\n|start\n|switch|p1a: Gengar|Gengar, L50, M|100/100\n|switch|p1b: Ninetales|Ninetales-Alola, L50, M|100/100\n|switch|p2a: Garchomp|Garchomp, L50, M|100/100\n|switch|p2b: Quaquaval|Quaquaval, L50, F|100/100\n|-weather|Snowscape|[from] ability: Snow Warning|[of] p1b: Ninetales\n|turn|1\n|\n|t:|1776240703\n|detailschange|p1a: Gengar|Gengar-Mega, L50, M\n|-mega|p1a: Gengar|Gengar|Gengarite\n|move|p1a: Gengar|Protect|p1a: Gengar\n|-singleturn|p1a: Gengar|Protect\n|move|p1b: Ninetales|Protect|p1b: Ninetales\n|-singleturn|p1b: Ninetales|Protect\n|move|p2b: Quaquaval|Detect|p2b: Quaquaval\n|-singleturn|p2b: Quaquaval|Protect\n|move|p2a: Garchomp|Earthquake|p1a: Gengar|[spread] \n|-activate|p2b: Quaquaval|move: Protect\n|-activate|p1a: Gengar|move: Protect\n|-activate|p1b: Ninetales|move: Protect\n|\n|-weather|Snowscape|[upkeep]\n|upkeep\n|turn|2\n|\n|t:|1776240735\n|move|p1a: Gengar|Shadow Ball|p2b: Quaquaval\n|-damage|p2b: Quaquaval|43/100\n|move|p1b: Ninetales|Blizzard|p2a: Garchomp|[spread] p2a,p2b\n|-supereffective|p2a: Garchomp|2\n|-resisted|p2b: Quaquaval|1\n|-enditem|p2a: Garchomp|Focus Sash\n|-damage|p2a: Garchomp|1/100\n|-damage|p2b: Quaquaval|21/100\n|-status|p2b: Quaquaval|frz\n|move|p2a: Garchomp|Earthquake|p1a: Gengar|[spread] p2b,p1a,p1b\n|-crit|p2b: Quaquaval\n|-supereffective|p1a: Gengar|1\n|-damage|p2b: Quaquaval|0 fnt\n|-damage|p1a: Gengar|13/100\n|-damage|p1b: Ninetales|60/100\n|faint|p2b: Quaquaval\n|\n|-weather|Snowscape|[upkeep]\n|upkeep\n|\n|t:|1776240755\n|switch|p2b: Rotom|Rotom-Frost, L50|100/100\n|turn|3\n|\n|t:|1776240778\n|move|p1a: Gengar|Protect|p1a: Gengar\n|-singleturn|p1a: Gengar|Protect\n|move|p2a: Garchomp|Protect|p2a: Garchomp\n|-singleturn|p2a: Garchomp|Protect\n|move|p2b: Rotom|Discharge|p1b: Ninetales|[spread] p1b\n|-activate|p2a: Garchomp|move: Protect\n|-activate|p1a: Gengar|move: Protect\n|-damage|p1b: Ninetales|30/100\n|-status|p1b: Ninetales|par\n|move|p1b: Ninetales|Blizzard|p2a: Garchomp|[spread] p2b\n|-activate|p2a: Garchomp|move: Protect\n|-resisted|p2b: Rotom|1\n|-damage|p2b: Rotom|79/100\n|\n|-weather|Snowscape|[upkeep]\n|upkeep\n|turn|4\n|\n|t:|1776240819\n|move|p2b: Rotom|Discharge|p1b: Ninetales|[spread] p1a,p1b\n|-immune|p2a: Garchomp\n|-damage|p1a: Gengar|0 fnt\n|-damage|p1b: Ninetales|0 fnt\n|faint|p1a: Gengar\n|faint|p1b: Ninetales\n|move|p2a: Garchomp|Earthquake|p2b: Rotom\n|-immune|p2b: Rotom|[from] ability: Levitate\n|\n|-weather|Snowscape|[upkeep]\n|upkeep\n|\n|t:|1776240823\n|switch|p1a: Politoed|Politoed, L50, M|100/100\n|switch|p1b: Incineroar|Incineroar, L50, F|100/100\n|-weather|RainDance|[from] ability: Drizzle|[of] p1a: Politoed\n|-ability|p1b: Incineroar|Intimidate|boost\n|-unboost|p2a: Garchomp|atk|1\n|-unboost|p2b: Rotom|atk|1\n|turn|5\n|\n|t:|1776240841\n|move|p2a: Garchomp|Protect|p2a: Garchomp\n|-singleturn|p2a: Garchomp|Protect\n|move|p1a: Politoed|Protect|p1a: Politoed\n|-singleturn|p1a: Politoed|Protect\n|move|p2b: Rotom|Discharge|p1a: Politoed|[spread] p1b\n|-activate|p2a: Garchomp|move: Protect\n|-activate|p1a: Politoed|move: Protect\n|-damage|p1b: Incineroar|79/100\n|-status|p1b: Incineroar|par\n|move|p1b: Incineroar|Darkest Lariat|p2b: Rotom\n|-damage|p2b: Rotom|36/100\n|\n|-weather|RainDance|[upkeep]\n|upkeep\n|turn|6\n|\n|t:|1776240863\n|move|p2b: Rotom|Discharge|p1a: Politoed|[spread] p1a,p1b\n|-immune|p2a: Garchomp\n|-supereffective|p1a: Politoed|1\n|-damage|p1a: Politoed|53/100\n|-damage|p1b: Incineroar|59/100 par\n|move|p2a: Garchomp|Earthquake|p1b: Incineroar|[spread] p1a,p1b\n|-immune|p2b: Rotom|[from] ability: Levitate\n|-supereffective|p1b: Incineroar|1\n|-damage|p1a: Politoed|29/100\n|-damage|p1b: Incineroar|20/100 par\n|-enditem|p1b: Incineroar|Sitrus Berry|[eat]\n|-heal|p1b: Incineroar|45/100 par|[from] item: Sitrus Berry\n|move|p1a: Politoed|Weather Ball|p2b: Rotom\n|-damage|p2b: Rotom|0 fnt\n|faint|p2b: Rotom\n|move|p1b: Incineroar|Darkest Lariat|p2a: Garchomp\n|-damage|p2a: Garchomp|0 fnt\n|faint|p2a: Garchomp\n|\n|-weather|RainDance|[upkeep]\n|-heal|p1a: Politoed|35/100|[from] item: Leftovers\n|upkeep\n|inactive|Battle timer is ON: inactive players will automatically lose when time's up. (requested by smp on whimsicott)\n|\n|t:|1776240887\n|switch|p2b: Froslass|Froslass, L50, F|100/100\n|turn|7\n|\n|t:|1776240905\n|detailschange|p2b: Froslass|Froslass-Mega, L50, F\n|-mega|p2b: Froslass|Froslass|Froslassite\n|-weather|Snowscape|[from] ability: Snow Warning|[of] p2b: Froslass\n|move|p2b: Froslass|Blizzard|p1a: Politoed|[spread] p1a,p1b\n|-resisted|p1a: Politoed|1\n|-resisted|p1b: Incineroar|1\n|-damage|p1a: Politoed|16/100\n|-damage|p1b: Incineroar|28/100 par\n|move|p1a: Politoed|Perish Song|p1a: Politoed\n|-start|p1a: Politoed|perish3|[silent]\n|-start|p1b: Incineroar|perish3|[silent]\n|-start|p2b: Froslass|perish3|[silent]\n|-fieldactivate|move: Perish Song\n|move|p1b: Incineroar|Parting Shot|p2b: Froslass\n|-unboost|p2b: Froslass|atk|1\n|-unboost|p2b: Froslass|spa|1\n|\n|-weather|Snowscape|[upkeep]\n|-heal|p1a: Politoed|22/100|[from] item: Leftovers\n|-start|p2b: Froslass|perish3\n|-start|p1a: Politoed|perish3\n|-start|p1b: Incineroar|perish3\n|upkeep\n|turn|8\n|\n|t:|1776240927\n|move|p1a: Politoed|Protect|p1a: Politoed\n|-singleturn|p1a: Politoed|Protect\n|move|p2b: Froslass|Blizzard|p1b: Incineroar|[spread] p1b\n|-activate|p1a: Politoed|move: Protect\n|-resisted|p1b: Incineroar|1\n|-damage|p1b: Incineroar|15/100 par\n|move|p1b: Incineroar|Parting Shot|p2b: Froslass\n|-unboost|p2b: Froslass|atk|1\n|-unboost|p2b: Froslass|spa|1\n|\n|-weather|Snowscape|[upkeep]\n|-heal|p1a: Politoed|29/100|[from] item: Leftovers\n|-start|p2b: Froslass|perish2\n|-start|p1a: Politoed|perish2\n|-start|p1b: Incineroar|perish2\n|upkeep\n|turn|9\n|\n|t:|1776240945\n|move|p1b: Incineroar|Protect|p1b: Incineroar\n|-singleturn|p1b: Incineroar|Protect\n|move|p2b: Froslass|Blizzard|p1a: Politoed|[spread] p1a\n|-activate|p1b: Incineroar|move: Protect\n|-resisted|p1a: Politoed|1\n|-damage|p1a: Politoed|18/100\n|move|p1a: Politoed|Encore|p2b: Froslass\n|-start|p2b: Froslass|Encore\n|\n|-weather|Snowscape|[upkeep]\n|-heal|p1a: Politoed|24/100|[from] item: Leftovers\n|-start|p2b: Froslass|perish1\n|-start|p1a: Politoed|perish1\n|-start|p1b: Incineroar|perish1\n|upkeep\n|turn|10\n|\n|t:|1776240960\n|move|p1a: Politoed|Protect|p1a: Politoed\n|-singleturn|p1a: Politoed|Protect\n|move|p2b: Froslass|Blizzard|p1a: Politoed|[spread] p1b\n|-activate|p1a: Politoed|move: Protect\n|-resisted|p1b: Incineroar|1\n|-damage|p1b: Incineroar|6/100 par\n|cant|p1b: Incineroar|par\n|\n|-weather|Snowscape|[upkeep]\n|-heal|p1a: Politoed|30/100|[from] item: Leftovers\n|-start|p2b: Froslass|perish0\n|-start|p1a: Politoed|perish0\n|-start|p1b: Incineroar|perish0\n|faint|p2b: Froslass\n|faint|p1a: Politoed\n|faint|p1b: Incineroar\n|\n|win|smp on whimsicott\n|raw|smp on whimsicott's rating: 1131 &rarr; <strong>1156</strong><br />(+25 for winning)\n|raw|Mexxiouss's rating: 1134 &rarr; <strong>1109</strong><br />(-25 for losing)\n",
  "uploadtime": 1776240960,
  "views": 17,
  "formatid": "gen9championsvgc2026regma",
  "rating": 1109,
  "private": 0,
  "password": null
}