{
  "id": "gen9championsvgc2026regma-2586650312",
  "format": "[Gen 9 Champions] VGC 2026 Reg M-A",
  "players": [
    "CoolTrainerBu",
    "BRich24rulz"
  ],
  "log": "|j|\u2606CoolTrainerBu\n|j|\u2606BRich24rulz\n|t:|1776449426\n|gametype|doubles\n|player|p1|CoolTrainerBu|102|1182\n|player|p2|BRich24rulz|102|1273\n|gen|9\n|tier|[Gen 9 Champions] VGC 2026 Reg M-A\n|rated|\n|rule|Species Clause: Limit one of each Pok\u00e9mon\n|rule|Item Clause: Limit 1 of each item\n|clearpoke\n|poke|p1|Charizard, L50, M|\n|poke|p1|Whimsicott, L50, F|\n|poke|p1|Garchomp, L50, M|\n|poke|p1|Sneasler, L50, F|\n|poke|p1|Maushold, L50|\n|poke|p1|Incineroar, L50, F|\n|poke|p2|Floette-Eternal, L50, F|\n|poke|p2|Delphox, L50, M|\n|poke|p2|Aerodactyl, L50, F|\n|poke|p2|Maushold, L50|\n|poke|p2|Garchomp, L50, M|\n|poke|p2|Rotom-Wash, L50|\n|teampreview|4\n|inactive|Battle timer is ON: inactive players will automatically lose when time's up. (requested by CoolTrainerBu)\n|inactive|CoolTrainerBu has 60 seconds left.\n|\n|t:|1776449485\n|teamsize|p1|4\n|teamsize|p2|4\n|start\n|switch|p1a: Incineroar|Incineroar, L50, F|100/100\n|switch|p1b: Sneasler|Sneasler, L50, F|100/100\n|switch|p2a: Garchomp|Garchomp, L50, M|100/100\n|switch|p2b: Rotom|Rotom-Wash, L50|100/100\n|-ability|p1a: Incineroar|Intimidate|boost\n|-unboost|p2a: Garchomp|atk|1\n|-unboost|p2b: Rotom|atk|1\n|-enditem|p2a: Garchomp|White Herb\n|-clearnegativeboost|p2a: Garchomp|[silent]\n|turn|1\n|\n|t:|1776449511\n|move|p2a: Garchomp|Protect|p2a: Garchomp\n|-singleturn|p2a: Garchomp|Protect\n|move|p1a: Incineroar|Fake Out|p2a: Garchomp\n|-activate|p2a: Garchomp|move: Protect\n|move|p1b: Sneasler|Close Combat|p2b: Rotom\n|-damage|p2b: Rotom|39/100\n|-unboost|p1b: Sneasler|def|1\n|-unboost|p1b: Sneasler|spd|1\n|-enditem|p2b: Rotom|Sitrus Berry|[eat]\n|-heal|p2b: Rotom|64/100|[from] item: Sitrus Berry\n|-enditem|p1b: Sneasler|White Herb\n|-clearnegativeboost|p1b: Sneasler|[silent]\n|move|p2b: Rotom|Will-O-Wisp|p1b: Sneasler\n|-status|p1b: Sneasler|brn\n|\n|-damage|p1b: Sneasler|95/100 brn|[from] brn\n|upkeep\n|turn|2\n|inactive|CoolTrainerBu has 30 seconds left.\n|inactive|BRich24rulz has 30 seconds left.\n|\n|t:|1776449538\n|move|p1b: Sneasler|Rock Tomb|p2a: Garchomp\n|-resisted|p2a: Garchomp|1\n|-damage|p2a: Garchomp|96/100\n|-unboost|p2a: Garchomp|spe|1\n|move|p2b: Rotom|Volt Switch|p1a: Incineroar\n|-damage|p1a: Incineroar|72/100\n|\n|t:|1776449547\n|switch|p2b: Aerodactyl|Aerodactyl, L50, F|100/100|[from] Volt Switch\n|-ability|p2b: Aerodactyl|Unnerve\n|move|p2a: Garchomp|Earthquake|p1a: Incineroar|[spread] p1a,p1b\n|-immune|p2b: Aerodactyl\n|-supereffective|p1a: Incineroar|1\n|-supereffective|p1b: Sneasler|1\n|-damage|p1a: Incineroar|2/100\n|-damage|p1b: Sneasler|0 fnt\n|faint|p1b: Sneasler\n|move|p1a: Incineroar|Parting Shot|p2a: Garchomp\n|-unboost|p2a: Garchomp|atk|1\n|-unboost|p2a: Garchomp|spa|1\n|\n|t:|1776449561\n|switch|p1a: Whimsicott|Whimsicott, L50, F|100/100|[from] Parting Shot\n|\n|upkeep\n|\n|t:|1776449566\n|switch|p1b: Incineroar|Incineroar, L50, F|2/100\n|-ability|p1b: Incineroar|Intimidate|boost\n|-unboost|p2a: Garchomp|atk|1\n|-unboost|p2b: Aerodactyl|atk|1\n|turn|3\n|\n|t:|1776449575\n|switch|p2a: Rotom|Rotom-Wash, L50|64/100\n|move|p1b: Incineroar|Fake Out|p2b: Aerodactyl\n|-resisted|p2b: Aerodactyl|1\n|-damage|p2b: Aerodactyl|92/100\n|cant|p2b: Aerodactyl|flinch\n|move|p1a: Whimsicott|Moonblast|p2b: Aerodactyl\n|-damage|p2b: Aerodactyl|38/100\n|\n|upkeep\n|turn|4\n|inactive|CoolTrainerBu has 30 seconds left.\n|inactive|CoolTrainerBu has 20 seconds left.\n|inactive|CoolTrainerBu has 15 seconds left.\n|\n|t:|1776449621\n|move|p2b: Aerodactyl|Protect|p2b: Aerodactyl\n|-singleturn|p2b: Aerodactyl|Protect\n|move|p1a: Whimsicott|Tailwind|p1a: Whimsicott\n|-sidestart|p1: CoolTrainerBu|move: Tailwind\n|move|p1b: Incineroar|Darkest Lariat|p2b: Aerodactyl\n|-activate|p2b: Aerodactyl|move: Protect\n|move|p2a: Rotom|Electroweb|p1a: Whimsicott|[spread] p1a,p1b\n|-resisted|p1a: Whimsicott|1\n|-damage|p1a: Whimsicott|87/100\n|-damage|p1b: Incineroar|0 fnt\n|-unboost|p1a: Whimsicott|spe|1\n|faint|p1b: Incineroar\n|\n|upkeep\n|\n|t:|1776449631\n|switch|p1b: Charizard|Charizard, L50, M|100/100\n|turn|5\n|\n|t:|1776449641\n|switch|p2b: Garchomp|Garchomp, L50, M|96/100\n|detailschange|p1b: Charizard|Charizard-Mega-Y, L50, M\n|-mega|p1b: Charizard|Charizard|Charizardite Y\n|-weather|SunnyDay|[from] ability: Drought|[of] p1b: Charizard\n|move|p1b: Charizard|Solar Beam||[still]\n|-prepare|p1b: Charizard|Solar Beam\n|-anim|p1b: Charizard|Solar Beam|p2a: Rotom\n|-supereffective|p2a: Rotom|1\n|-crit|p2a: Rotom\n|-damage|p2a: Rotom|0 fnt\n|faint|p2a: Rotom\n|move|p1a: Whimsicott|Moonblast|p2b: Garchomp\n|-supereffective|p2b: Garchomp|1\n|-damage|p2b: Garchomp|24/100\n|\n|-weather|SunnyDay|[upkeep]\n|upkeep\n|\n|t:|1776449664\n|switch|p2a: Aerodactyl|Aerodactyl, L50, F|38/100\n|-ability|p2a: Aerodactyl|Unnerve\n|turn|6\n|inactive|BRich24rulz has 30 seconds left.\n|\n|t:|1776449691\n|move|p1b: Charizard|Solar Beam||[still]\n|-prepare|p1b: Charizard|Solar Beam\n|-anim|p1b: Charizard|Solar Beam|p2a: Aerodactyl\n|-damage|p2a: Aerodactyl|0 fnt\n|faint|p2a: Aerodactyl\n|move|p1a: Whimsicott|Moonblast|p2b: Garchomp\n|-supereffective|p2b: Garchomp|1\n|-damage|p2b: Garchomp|0 fnt\n|faint|p2b: Garchomp\n|\n|-weather|SunnyDay|[upkeep]\n|upkeep\n|\n|t:|1776449699\n|switch|p2b: Delphox|Delphox, L50, M|100/100\n|turn|7\n|\n|t:|1776449713\n|detailschange|p2b: Delphox|Delphox-Mega, L50, M\n|-mega|p2b: Delphox|Delphox|Delphoxite\n|move|p1b: Charizard|Weather Ball|p2b: Delphox\n|-resisted|p2b: Delphox|1\n|-damage|p2b: Delphox|58/100\n|move|p1a: Whimsicott|Moonblast|p2b: Delphox\n|-resisted|p2b: Delphox|1\n|-damage|p2b: Delphox|42/100\n|move|p2b: Delphox|Heat Wave|p1b: Charizard|[spread] p1a\n|-miss|p2b: Delphox|p1b: Charizard\n|-supereffective|p1a: Whimsicott|1\n|-damage|p1a: Whimsicott|0 fnt\n|faint|p1a: Whimsicott\n|\n|-weather|SunnyDay|[upkeep]\n|-sideend|p1: CoolTrainerBu|move: Tailwind\n|upkeep\n|turn|8\n|inactive|BRich24rulz has 30 seconds left.\n|\n|t:|1776449741\n|move|p2b: Delphox|Psychic|p1b: Charizard\n|-damage|p1b: Charizard|61/100\n|move|p1b: Charizard|Weather Ball|p2b: Delphox\n|-resisted|p2b: Delphox|1\n|-damage|p2b: Delphox|0 fnt\n|faint|p2b: Delphox\n|\n|win|CoolTrainerBu\n|raw|CoolTrainerBu's rating: 1182 &rarr; <strong>1213</strong><br />(+31 for winning)\n|raw|BRich24rulz's rating: 1273 &rarr; <strong>1242</strong><br />(-31 for losing)\n|l|\u2606BRich24rulz\n|player|p2|\n",
  "uploadtime": 1776449754,
  "views": 38,
  "formatid": "gen9championsvgc2026regma",
  "rating": 1213,
  "private": 0,
  "password": null
}