{
  "id": "gen9championsvgc2026regma-2580731696",
  "format": "[Gen 9 Champions] VGC 2026 Reg M-A",
  "players": [
    "Forbranna",
    "atfalse"
  ],
  "log": "|j|\u2606Forbranna\n|j|\u2606atfalse\n|t:|1775927913\n|gametype|doubles\n|player|p1|Forbranna|2|1207\n|player|p2|atfalse|shadowtriad|1294\n|gen|9\n|tier|[Gen 9 Champions] VGC 2026 Reg M-A\n|rated|\n|rule|Species Clause: Limit one of each Pok\u00e9mon\n|rule|Item Clause: Limit 1 of each item\n|clearpoke\n|poke|p1|Meganium, L50, F|\n|poke|p1|Tyranitar, L50, M|\n|poke|p1|Excadrill, L50, F|\n|poke|p1|Aegislash, L50, M|\n|poke|p1|Volcarona, L50, F|\n|poke|p1|Rotom-Wash, L50|\n|poke|p2|Maushold, L50|\n|poke|p2|Garchomp, L50, M|\n|poke|p2|Rotom-Wash, L50|\n|poke|p2|Floette-Eternal, L50, F|\n|poke|p2|Talonflame, L50, F|\n|poke|p2|Aegislash, L50, F|\n|teampreview|4\n|\n|t:|1775927985\n|teamsize|p1|4\n|teamsize|p2|4\n|start\n|switch|p1a: Theodora|Volcarona, L50, F|100/100\n|switch|p1b: Charles V|Aegislash, L50, M, shiny|100/100\n|switch|p2a: Floette|Floette-Eternal, L50, F|100/100\n|switch|p2b: Maushold|Maushold, L50|100/100\n|turn|1\n|\n|t:|1775928011\n|switch|p2a: Rotom|Rotom-Wash, L50|100/100\n|move|p2b: Maushold|Taunt|p1a: Theodora\n|-start|p1a: Theodora|move: Taunt\n|cant|p1a: Theodora|move: Taunt|Tailwind\n|-formechange|p1b: Charles V|Aegislash-Blade|\n|move|p1b: Charles V|Flash Cannon|p2a: Rotom\n|-resisted|p2a: Rotom|2\n|-damage|p2a: Rotom|90/100\n|\n|upkeep\n|turn|2\n|\n|t:|1775928030\n|switch|p1a: Sappho|Meganium, L50, F|100/100\n|-formechange|p1b: Charles V|Aegislash|\n|move|p1b: Charles V|King's Shield|p1b: Charles V\n|-singleturn|p1b: Charles V|Protect\n|move|p2b: Maushold|Taunt|p1b: Charles V\n|-start|p1b: Charles V|move: Taunt\n|move|p2a: Rotom|Hydro Pump|p1a: Sappho|[miss]\n|-miss|p2a: Rotom|p1a: Sappho\n|\n|upkeep\n|turn|3\n|\n|t:|1775928059\n|detailschange|p1a: Sappho|Meganium-Mega, L50, F\n|-mega|p1a: Sappho|Meganium|Meganiumite\n|move|p2b: Maushold|Super Fang|p1a: Sappho\n|-damage|p1a: Sappho|51/100\n|move|p2a: Rotom|Volt Switch|p1b: Charles V\n|-damage|p1b: Charles V|75/100\n|\n|t:|1775928066\n|switch|p2a: Floette|Floette-Eternal, L50, F|100/100|[from] Volt Switch\n|move|p1a: Sappho|Dazzling Gleam|p2b: Maushold|[spread] p2a,p2b\n|-damage|p2a: Floette|79/100\n|-damage|p2b: Maushold|60/100\n|-formechange|p1b: Charles V|Aegislash-Blade|\n|move|p1b: Charles V|Flash Cannon|p2b: Maushold\n|-damage|p2b: Maushold|0 fnt\n|faint|p2b: Maushold\n|\n|upkeep\n|\n|t:|1775928102\n|switch|p2b: Rotom|Rotom-Wash, L50|90/100\n|turn|4\n|\n|t:|1775928125\n|switch|p1b: Theodora|Volcarona, L50, F|100/100\n|detailschange|p2a: Floette|Floette-Mega, L50, F\n|-mega|p2a: Floette|Floette|Floettite\n|-ability|p2a: Floette|Fairy Aura\n|move|p2a: Floette|Moonblast|p1a: Sappho\n|-damage|p1a: Sappho|0 fnt\n|faint|p1a: Sappho\n|move|p2b: Rotom|Hydro Pump|p1b: Theodora|[miss]\n|-miss|p2b: Rotom|p1b: Theodora\n|\n|upkeep\n|\n|t:|1775928137\n|switch|p1a: Charles V|Aegislash, L50, M, shiny|75/100\n|turn|5\n|\n|t:|1775928149\n|switch|p2a: Garchomp|Garchomp, L50, M|100/100\n|move|p1b: Theodora|Tailwind|p1b: Theodora\n|-sidestart|p1: Forbranna|move: Tailwind\n|-formechange|p1a: Charles V|Aegislash-Blade|\n|move|p1a: Charles V|Flash Cannon|p2b: Rotom\n|-resisted|p2b: Rotom|2\n|-damage|p2b: Rotom|78/100\n|move|p2b: Rotom|Hydro Pump|p1b: Theodora\n|-supereffective|p1b: Theodora|1\n|-damage|p1b: Theodora|3/100\n|\n|-heal|p1b: Theodora|9/100|[from] item: Leftovers\n|upkeep\n|turn|6\n|\n|t:|1775928169\n|-formechange|p1a: Charles V|Aegislash|\n|move|p1a: Charles V|King's Shield|p1a: Charles V\n|-singleturn|p1a: Charles V|Protect\n|move|p1b: Theodora|Heat Wave|p2a: Garchomp|[spread] p2b\n|-miss|p1b: Theodora|p2a: Garchomp\n|-resisted|p2b: Rotom|1\n|-damage|p2b: Rotom|59/100\n|move|p2a: Garchomp|Earthquake|p1a: Charles V|[spread] p1b\n|-activate|p1a: Charles V|move: Protect\n|-immune|p2b: Rotom|[from] ability: Levitate\n|-damage|p1b: Theodora|0 fnt\n|faint|p1b: Theodora\n|move|p2b: Rotom|Thunderbolt|p1a: Charles V\n|-activate|p1a: Charles V|move: Protect\n|\n|upkeep\n|\n|t:|1775928194\n|switch|p1b: Ivan IV|Tyranitar, L50, M, shiny|100/100\n|-weather|Sandstorm|[from] ability: Sand Stream|[of] p1b: Ivan IV\n|turn|7\n|\n|t:|1775928201\n|move|p2b: Rotom|Helping Hand|p2a: Garchomp\n|-singleturn|p2a: Garchomp|Helping Hand|[of] p2b: Rotom\n|move|p1a: Charles V|Wide Guard|p1a: Charles V\n|-singleturn|p1a: Charles V|Wide Guard\n|move|p1b: Ivan IV|Rock Slide|p2a: Garchomp|[spread] p2b\n|-miss|p1b: Ivan IV|p2a: Garchomp\n|-damage|p2b: Rotom|25/100\n|-enditem|p2b: Rotom|Sitrus Berry|[eat]\n|-heal|p2b: Rotom|50/100|[from] item: Sitrus Berry\n|move|p2a: Garchomp|Earthquake|p1b: Ivan IV|[spread] \n|-activate|p1a: Charles V|move: Wide Guard\n|-activate|p1b: Ivan IV|move: Wide Guard\n|-immune|p2b: Rotom|[from] ability: Levitate\n|\n|-weather|Sandstorm|[upkeep]\n|-damage|p2b: Rotom|44/100|[from] Sandstorm\n|upkeep\n|turn|8\n|\n|t:|1775928236\n|move|p2a: Garchomp|Protect|p2a: Garchomp\n|-singleturn|p2a: Garchomp|Protect\n|move|p1a: Charles V|Wide Guard|p1a: Charles V\n|-singleturn|p1a: Charles V|Wide Guard\n|move|p1b: Ivan IV|Rock Slide|p2b: Rotom|[spread] p2b\n|-activate|p2a: Garchomp|move: Protect\n|-damage|p2b: Rotom|9/100\n|move|p2b: Rotom|Hydro Pump|p1b: Ivan IV\n|-supereffective|p1b: Ivan IV|1\n|-damage|p1b: Ivan IV|33/100\n|\n|-weather|Sandstorm|[upkeep]\n|-damage|p2b: Rotom|4/100|[from] Sandstorm\n|-sideend|p1: Forbranna|move: Tailwind\n|upkeep\n|turn|9\n|\n|t:|1775928257\n|move|p1b: Ivan IV|Protect|p1b: Ivan IV\n|-singleturn|p1b: Ivan IV|Protect\n|move|p2a: Garchomp|Stomping Tantrum|p1a: Charles V\n|-supereffective|p1a: Charles V|1\n|-damage|p1a: Charles V|3/100\n|-enditem|p1a: Charles V|Sitrus Berry|[eat]\n|-heal|p1a: Charles V|27/100|[from] item: Sitrus Berry\n|move|p2b: Rotom|Hydro Pump|p1b: Ivan IV\n|-activate|p1b: Ivan IV|move: Protect\n|-formechange|p1a: Charles V|Aegislash-Blade|\n|move|p1a: Charles V|Shadow Ball|p2a: Garchomp\n|-damage|p2a: Garchomp|47/100\n|\n|-weather|Sandstorm|[upkeep]\n|-damage|p2b: Rotom|0 fnt|[from] Sandstorm\n|faint|p2b: Rotom\n|upkeep\n|\n|t:|1775928272\n|switch|p2b: Floette|Floette-Mega, L50, F|79/100\n|-ability|p2b: Floette|Fairy Aura\n|turn|10\n|\n|t:|1775928283\n|move|p1a: Charles V|Wide Guard|p1a: Charles V\n|-singleturn|p1a: Charles V|Wide Guard\n|move|p2a: Garchomp|Stomping Tantrum|p1b: Ivan IV\n|-supereffective|p1b: Ivan IV|1\n|-damage|p1b: Ivan IV|0 fnt\n|faint|p1b: Ivan IV\n|move|p2b: Floette|Moonblast|p1a: Charles V\n|-resisted|p1a: Charles V|1\n|-damage|p1a: Charles V|0 fnt\n|faint|p1a: Charles V\n|\n|win|atfalse\n|raw|Forbranna's rating: 1207 &rarr; <strong>1188</strong><br />(-19 for losing)\n|raw|atfalse's rating: 1294 &rarr; <strong>1313</strong><br />(+19 for winning)\n|l|\u2606atfalse\n|player|p2|\n",
  "uploadtime": 1775928302,
  "views": 71,
  "formatid": "gen9championsvgc2026regma",
  "rating": 1188,
  "private": 0,
  "password": null
}