{
  "id": "gen9championsvgc2026regma-2588152259",
  "format": "[Gen 9 Champions] VGC 2026 Reg M-A",
  "players": [
    "FLUttermane123",
    "skellyosis"
  ],
  "log": "|j|\u2606FLUttermane123\n|j|\u2606skellyosis\n|t:|1776609524\n|gametype|doubles\n|player|p1|FLUttermane123|cynthia|1153\n|player|p2|skellyosis|hilbert|1233\n|gen|9\n|tier|[Gen 9 Champions] VGC 2026 Reg M-A\n|rated|\n|rule|Species Clause: Limit one of each Pok\u00e9mon\n|rule|Item Clause: Limit 1 of each item\n|clearpoke\n|poke|p1|Greninja, L50, M|\n|poke|p1|Ninetales-Alola, L50, F|\n|poke|p1|Garchomp, L50, F|\n|poke|p1|Incineroar, L50, F|\n|poke|p1|Sneasler, L50, F|\n|poke|p1|Archaludon, L50, F|\n|poke|p2|Weavile, L50, F|\n|poke|p2|Politoed, L50, F|\n|poke|p2|Archaludon, L50, M|\n|poke|p2|Kangaskhan, L50, F|\n|poke|p2|Tauros-Paldea-Aqua, L50, M|\n|poke|p2|Espathra, L50, M|\n|teampreview|4\n|inactive|Battle timer is ON: inactive players will automatically lose when time's up. (requested by skellyosis)\n|\n|t:|1776609552\n|teamsize|p1|4\n|teamsize|p2|4\n|start\n|switch|p1a: Greninja|Greninja, L50, M|100/100\n|switch|p1b: Incineroar|Incineroar, L50, F|100/100\n|switch|p2a: Weavile|Weavile, L50, F|100/100\n|switch|p2b: Espathra|Espathra, L50, M|100/100\n|-ability|p2a: Weavile|Pressure\n|-ability|p1b: Incineroar|Intimidate|boost\n|-unboost|p2a: Weavile|atk|1\n|-unboost|p2b: Espathra|atk|1\n|turn|1\n|\n|t:|1776609566\n|detailschange|p1a: Greninja|Greninja-Mega, L50, M\n|-mega|p1a: Greninja|Greninja|Greninjite\n|move|p1a: Greninja|Upper Hand|p2a: Weavile\n|-start|p1a: Greninja|typechange|Fighting|[from] ability: Protean\n|-supereffective|p2a: Weavile|2\n|-enditem|p2a: Weavile|Focus Sash\n|-damage|p2a: Weavile|1/100\n|cant|p2a: Weavile|flinch\n|move|p1b: Incineroar|Fake Out|p2b: Espathra\n|-damage|p2b: Espathra|85/100\n|cant|p2b: Espathra|flinch\n|\n|-ability|p2b: Espathra|Speed Boost|boost\n|-boost|p2b: Espathra|spe|1\n|upkeep\n|turn|2\n|\n|t:|1776609587\n|switch|p1a: Ninetales|Ninetales-Alola, L50, F|100/100\n|-weather|Snowscape|[from] ability: Snow Warning|[of] p1a: Ninetales\n|move|p2b: Espathra|Protect|p2b: Espathra\n|-singleturn|p2b: Espathra|Protect\n|move|p2a: Weavile|Protect|p2a: Weavile\n|-singleturn|p2a: Weavile|Protect\n|move|p1b: Incineroar|Darkest Lariat|p2b: Espathra\n|-activate|p2b: Espathra|move: Protect\n|\n|-weather|Snowscape|[upkeep]\n|-ability|p2b: Espathra|Speed Boost|boost\n|-boost|p2b: Espathra|spe|1\n|upkeep\n|turn|3\n|\n|t:|1776609610\n|switch|p2a: Politoed|Politoed, L50, F|100/100\n|-weather|RainDance|[from] ability: Drizzle|[of] p2a: Politoed\n|move|p2b: Espathra|Baton Pass|p2b: Espathra\n|\n|t:|1776609617\n|switch|p2b: Archaludon|Archaludon, L50, M|100/100|[from] Baton Pass\n|move|p1a: Ninetales|Blizzard|p2a: Politoed|[spread] p2a,p2b\n|-resisted|p2a: Politoed|1\n|-crit|p2b: Archaludon\n|-damage|p2a: Politoed|85/100\n|-damage|p2b: Archaludon|47/100\n|-ability|p2b: Archaludon|Stamina|boost\n|-boost|p2b: Archaludon|def|1\n|move|p1b: Incineroar|Darkest Lariat|p2b: Archaludon\n|-damage|p2b: Archaludon|22/100\n|-ability|p2b: Archaludon|Stamina|boost\n|-boost|p2b: Archaludon|def|1\n|\n|-weather|RainDance|[upkeep]\n|-heal|p2b: Archaludon|28/100|[from] item: Leftovers\n|upkeep\n|turn|4\n|\n|t:|1776609634\n|switch|p1a: Archaludon|Archaludon, L50, F|100/100\n|move|p2b: Archaludon|Electro Shot||[still]\n|-prepare|p2b: Archaludon|Electro Shot\n|-boost|p2b: Archaludon|spa|1\n|-anim|p2b: Archaludon|Electro Shot|p1a: Archaludon\n|-resisted|p1a: Archaludon|1\n|-damage|p1a: Archaludon|67/100\n|-ability|p1a: Archaludon|Stamina|boost\n|-boost|p1a: Archaludon|def|1\n|move|p2a: Politoed|Muddy Water|p1a: Archaludon|[spread] p1a,p1b\n|-resisted|p1a: Archaludon|1\n|-supereffective|p1b: Incineroar|1\n|-damage|p1a: Archaludon|45/100\n|-damage|p1b: Incineroar|22/100\n|-unboost|p1b: Incineroar|accuracy|1\n|-ability|p1a: Archaludon|Stamina|boost\n|-boost|p1a: Archaludon|def|1\n|-enditem|p1b: Incineroar|Sitrus Berry|[eat]\n|-heal|p1b: Incineroar|47/100|[from] item: Sitrus Berry\n|move|p1b: Incineroar|Parting Shot|p2b: Archaludon\n|-unboost|p2b: Archaludon|atk|1\n|-unboost|p2b: Archaludon|spa|1\n|\n|t:|1776609659\n|switch|p1b: Greninja|Greninja-Mega, L50, M|100/100|[from] Parting Shot\n|\n|-weather|RainDance|[upkeep]\n|-heal|p2b: Archaludon|34/100|[from] item: Leftovers\n|-heal|p1a: Archaludon|51/100|[from] item: Leftovers\n|upkeep\n|turn|5\n|\n|t:|1776609674\n|move|p1b: Greninja|Dark Pulse|p2b: Archaludon\n|-start|p1b: Greninja|typechange|Dark|[from] ability: Protean\n|-damage|p2b: Archaludon|0 fnt\n|faint|p2b: Archaludon\n|move|p1a: Archaludon|Electro Shot||[still]\n|-prepare|p1a: Archaludon|Electro Shot\n|-boost|p1a: Archaludon|spa|1\n|-anim|p1a: Archaludon|Electro Shot|p2a: Politoed\n|-supereffective|p2a: Politoed|1\n|-damage|p2a: Politoed|0 fnt\n|faint|p2a: Politoed\n|\n|-weather|RainDance|[upkeep]\n|-heal|p1a: Archaludon|57/100|[from] item: Leftovers\n|upkeep\n|-message|skellyosis forfeited.\n|\n|win|FLUttermane123\n|raw|FLUttermane123's rating: 1153 &rarr; <strong>1184</strong><br />(+31 for winning)\n|raw|skellyosis's rating: 1233 &rarr; <strong>1202</strong><br />(-31 for losing)\n|l|\u2606skellyosis\n|player|p2|\n",
  "uploadtime": 1776609693,
  "views": 6,
  "formatid": "gen9championsvgc2026regma",
  "rating": 1184,
  "private": 0,
  "password": null
}