{
  "id": "gen9championsvgc2026regma-2588729924",
  "format": "[Gen 9 Champions] VGC 2026 Reg M-A",
  "players": [
    "PokerPuppy2514",
    "greg_testmann"
  ],
  "log": "|j|\u2606PokerPuppy2514\n|j|\u2606greg_testmann\n|t:|1776663038\n|gametype|doubles\n|player|p1|PokerPuppy2514|101|1070\n|player|p2|greg_testmann|scientist-gen4dp|1098\n|gen|9\n|tier|[Gen 9 Champions] VGC 2026 Reg M-A\n|rated|\n|rule|Species Clause: Limit one of each Pok\u00e9mon\n|rule|Item Clause: Limit 1 of each item\n|clearpoke\n|poke|p1|Charizard, L50, M|\n|poke|p1|Venusaur, L50, F|\n|poke|p1|Garchomp, L50, F|\n|poke|p1|Rotom-Wash, L50|\n|poke|p1|Sneasler, L50, M|\n|poke|p1|Incineroar, L50, F|\n|poke|p2|Starmie, L50|\n|poke|p2|Farigiraf, L50, M|\n|poke|p2|Maushold, L50|\n|poke|p2|Pelipper, L50, F|\n|poke|p2|Sneasler, L50, F|\n|poke|p2|Incineroar, L50, M|\n|teampreview|4\n|\n|t:|1776663064\n|teamsize|p1|4\n|teamsize|p2|4\n|start\n|switch|p1a: Charizard|Charizard, L50, M|100/100\n|switch|p1b: Sneasler|Sneasler, L50, M|100/100\n|switch|p2a: Incineroar|Incineroar, L50, M|100/100\n|switch|p2b: Farigiraf|Farigiraf, L50, M|100/100\n|-ability|p2a: Incineroar|Intimidate|boost\n|-unboost|p1a: Charizard|atk|1\n|-unboost|p1b: Sneasler|atk|1\n|-enditem|p1b: Sneasler|White Herb\n|-clearnegativeboost|p1b: Sneasler|[silent]\n|turn|1\n|\n|t:|1776663123\n|switch|p1b: Rotom|Rotom-Wash, L50|100/100\n|move|p1a: Charizard|Protect|p1a: Charizard\n|-singleturn|p1a: Charizard|Protect\n|move|p2a: Incineroar|Fake Out|p1a: Charizard\n|-activate|p1a: Charizard|move: Protect\n|move|p2b: Farigiraf|Twin Beam|p1b: Rotom\n|-damage|p1b: Rotom|79/100\n|-damage|p1b: Rotom|61/100\n|-hitcount|p1b: Rotom|2\n|\n|-heal|p1b: Rotom|67/100|[from] item: Leftovers\n|upkeep\n|turn|2\n|\n|t:|1776663178\n|detailschange|p1a: Charizard|Charizard-Mega-Y, L50, M\n|-mega|p1a: Charizard|Charizard|Charizardite Y\n|-weather|SunnyDay|[from] ability: Drought|[of] p1a: Charizard\n|move|p2b: Farigiraf|Protect|p2b: Farigiraf\n|-singleturn|p2b: Farigiraf|Protect\n|move|p1a: Charizard|Weather Ball|p2b: Farigiraf\n|-activate|p2b: Farigiraf|move: Protect\n|move|p2a: Incineroar|Parting Shot|p1a: Charizard\n|-unboost|p1a: Charizard|atk|1\n|-unboost|p1a: Charizard|spa|1\n|\n|t:|1776663188\n|switch|p2a: Pelipper|Pelipper, L50, F|100/100|[from] Parting Shot\n|-weather|RainDance|[from] ability: Drizzle|[of] p2a: Pelipper\n|move|p1b: Rotom|Thunderbolt|p2b: Farigiraf\n|-activate|p2b: Farigiraf|move: Protect\n|\n|-weather|RainDance|[upkeep]\n|-heal|p1b: Rotom|72/100|[from] item: Leftovers\n|upkeep\n|turn|3\n|\n|t:|1776663218\n|switch|p2b: Starmie|Starmie, L50|100/100\n|move|p1a: Charizard|Protect|p1a: Charizard\n|-singleturn|p1a: Charizard|Protect\n|move|p2a: Pelipper|Tailwind|p2a: Pelipper\n|-sidestart|p2: greg_testmann|move: Tailwind\n|move|p1b: Rotom|Thunderbolt|p2a: Pelipper\n|-supereffective|p2a: Pelipper|2\n|-enditem|p2a: Pelipper|Focus Sash\n|-damage|p2a: Pelipper|1/100\n|-status|p2a: Pelipper|par\n|\n|-weather|RainDance|[upkeep]\n|-heal|p1b: Rotom|78/100|[from] item: Leftovers\n|upkeep\n|turn|4\n|\n|t:|1776663244\n|switch|p1a: Sneasler|Sneasler, L50, M|100/100\n|detailschange|p2b: Starmie|Starmie-Mega, L50\n|-mega|p2b: Starmie|Starmie|Starminite\n|move|p2b: Starmie|Liquidation|p1a: Sneasler\n|-damage|p1a: Sneasler|0 fnt\n|faint|p1a: Sneasler\n|cant|p2a: Pelipper|par\n|move|p1b: Rotom|Thunderbolt|p2b: Starmie\n|-supereffective|p2b: Starmie|1\n|-damage|p2b: Starmie|4/100\n|\n|-weather|RainDance|[upkeep]\n|-heal|p1b: Rotom|84/100|[from] item: Leftovers\n|upkeep\n|\n|t:|1776663257\n|switch|p1a: Charizard|Charizard-Mega-Y, L50, M|100/100\n|-weather|SunnyDay|[from] ability: Drought|[of] p1a: Charizard\n|turn|5\n|\n|t:|1776663287\n|switch|p2a: Incineroar|Incineroar, L50, M|100/100\n|-ability|p2a: Incineroar|Intimidate|boost\n|-unboost|p1a: Charizard|atk|1\n|-unboost|p1b: Rotom|atk|1\n|move|p2b: Starmie|Protect|p2b: Starmie\n|-singleturn|p2b: Starmie|Protect\n|move|p1a: Charizard|Heat Wave|p2b: Starmie|[spread] p2a\n|-activate|p2b: Starmie|move: Protect\n|-resisted|p2a: Incineroar|1\n|-damage|p2a: Incineroar|68/100\n|move|p1b: Rotom|Hydro Pump|p2a: Incineroar\n|-supereffective|p2a: Incineroar|1\n|-damage|p2a: Incineroar|21/100\n|-enditem|p2a: Incineroar|Sitrus Berry|[eat]\n|-heal|p2a: Incineroar|46/100|[from] item: Sitrus Berry\n|\n|-weather|SunnyDay|[upkeep]\n|-heal|p1b: Rotom|90/100|[from] item: Leftovers\n|upkeep\n|turn|6\n|\n|t:|1776663322\n|switch|p1a: Venusaur|Venusaur, L50, F|100/100\n|move|p2a: Incineroar|Fake Out|p1a: Venusaur\n|-damage|p1a: Venusaur|87/100\n|move|p2b: Starmie|Zen Headbutt|p1b: Rotom\n|-damage|p1b: Rotom|15/100\n|cant|p1b: Rotom|flinch\n|\n|-weather|SunnyDay|[upkeep]\n|-heal|p1b: Rotom|21/100|[from] item: Leftovers\n|-sideend|p2: greg_testmann|move: Tailwind\n|upkeep\n|turn|7\n|\n|t:|1776663379\n|move|p2b: Starmie|Protect|p2b: Starmie\n|-singleturn|p2b: Starmie|Protect\n|move|p1a: Venusaur|Leaf Storm|p2b: Starmie\n|-activate|p2b: Starmie|move: Protect\n|move|p2a: Incineroar|Flare Blitz|p1a: Venusaur\n|-supereffective|p1a: Venusaur|1\n|-damage|p1a: Venusaur|0 fnt\n|faint|p1a: Venusaur\n|-damage|p2a: Incineroar|23/100|[from] Recoil\n|move|p1b: Rotom|Hydro Pump|p2a: Incineroar\n|-supereffective|p2a: Incineroar|1\n|-damage|p2a: Incineroar|0 fnt\n|faint|p2a: Incineroar\n|\n|-weather|SunnyDay|[upkeep]\n|-heal|p1b: Rotom|27/100|[from] item: Leftovers\n|upkeep\n|\n|t:|1776663394\n|switch|p1a: Charizard|Charizard-Mega-Y, L50, M|100/100\n|switch|p2a: Pelipper|Pelipper, L50, F|1/100 par\n|-weather|RainDance|[from] ability: Drizzle|[of] p2a: Pelipper\n|turn|8\n|\n|t:|1776663415\n|switch|p2b: Farigiraf|Farigiraf, L50, M|100/100\n|move|p1a: Charizard|Protect|p1a: Charizard\n|-singleturn|p1a: Charizard|Protect\n|move|p1b: Rotom|Thunderbolt|p2b: Farigiraf\n|-damage|p2b: Farigiraf|66/100\n|move|p2a: Pelipper|Hurricane|p1b: Rotom\n|-resisted|p1b: Rotom|1\n|-damage|p1b: Rotom|6/100\n|\n|-weather|RainDance|[upkeep]\n|-heal|p1b: Rotom|12/100|[from] item: Leftovers\n|upkeep\n|turn|9\n|\n|t:|1776663434\n|move|p1a: Charizard|Weather Ball|p2b: Farigiraf\n|-damage|p2b: Farigiraf|10/100\n|move|p1b: Rotom|Thunderbolt|p2a: Pelipper\n|-supereffective|p2a: Pelipper|2\n|-damage|p2a: Pelipper|0 fnt\n|faint|p2a: Pelipper\n|move|p2b: Farigiraf|Twin Beam|p1b: Rotom\n|-damage|p1b: Rotom|0 fnt\n|faint|p1b: Rotom\n|-hitcount|p1: Rotom|1\n|\n|-weather|RainDance|[upkeep]\n|upkeep\n|\n|t:|1776663441\n|switch|p2a: Starmie|Starmie-Mega, L50|4/100\n|turn|10\n|\n|t:|1776663448\n|move|p2b: Farigiraf|Helping Hand|p2a: Starmie\n|-singleturn|p2a: Starmie|Helping Hand|[of] p2b: Farigiraf\n|move|p2a: Starmie|Liquidation|p1a: Charizard\n|-supereffective|p1a: Charizard|1\n|-damage|p1a: Charizard|0 fnt\n|faint|p1a: Charizard\n|\n|win|greg_testmann\n|raw|PokerPuppy2514's rating: 1070 &rarr; <strong>1051</strong><br />(-19 for losing)\n|raw|greg_testmann's rating: 1098 &rarr; <strong>1121</strong><br />(+23 for winning)\n|c|\u2606PokerPuppy2514|gg\n|c|\u2606greg_testmann|gg\n",
  "uploadtime": 1776663460,
  "views": 10,
  "formatid": "gen9championsvgc2026regma",
  "rating": 1051,
  "private": 0,
  "password": null
}