{
  "id": "gen9championsvgc2026regma-2584767309",
  "format": "[Gen 9 Champions] VGC 2026 Reg M-A",
  "players": [
    "naidoq",
    "battle sim trainer"
  ],
  "log": "|j|\u2606naidoq\n|j|\u2606battle sim trainer\n|t:|1776282222\n|gametype|doubles\n|player|p1|naidoq|barry|1169\n|player|p2|battle sim trainer|turo|1123\n|gen|9\n|tier|[Gen 9 Champions] VGC 2026 Reg M-A\n|rated|\n|rule|Species Clause: Limit one of each Pok\u00e9mon\n|rule|Item Clause: Limit 1 of each item\n|clearpoke\n|poke|p1|Starmie, L50|\n|poke|p1|Pelipper, L50, M|\n|poke|p1|Archaludon, L50, F|\n|poke|p1|Incineroar, L50, F|\n|poke|p1|Sinistcha, L50|\n|poke|p1|Farigiraf, L50, M|\n|poke|p2|Farigiraf, L50, F|\n|poke|p2|Sinistcha, L50|\n|poke|p2|Slowbro, L50, M|\n|poke|p2|Crabominable, L50, F|\n|poke|p2|Medicham, L50, F|\n|poke|p2|Torkoal, L50, F|\n|teampreview|4\n|inactive|Battle timer is ON: inactive players will automatically lose when time's up. (requested by naidoq)\n|inactive|naidoq has 60 seconds left.\n|\n|t:|1776282272\n|teamsize|p1|4\n|teamsize|p2|4\n|start\n|switch|p1a: Starmie|Starmie, L50|100/100\n|switch|p1b: Pelipper|Pelipper, L50, M|100/100\n|switch|p2a: Sinistcha|Sinistcha, L50|100/100\n|switch|p2b: Slowbro|Slowbro, L50, M|100/100\n|-weather|RainDance|[from] ability: Drizzle|[of] p1b: Pelipper\n|turn|1\n|\n|t:|1776282291\n|detailschange|p1a: Starmie|Starmie-Mega, L50\n|-mega|p1a: Starmie|Starmie|Starminite\n|move|p2a: Sinistcha|Rage Powder|p2a: Sinistcha\n|-singleturn|p2a: Sinistcha|move: Rage Powder\n|move|p1a: Starmie|Ice Spinner|p2a: Sinistcha\n|-supereffective|p2a: Sinistcha|1\n|-damage|p2a: Sinistcha|30/100\n|move|p1b: Pelipper|Weather Ball|p2a: Sinistcha\n|-resisted|p2a: Sinistcha|1\n|-damage|p2a: Sinistcha|0 fnt\n|faint|p2a: Sinistcha\n|move|p2b: Slowbro|Trick Room|p2b: Slowbro\n|-fieldstart|move: Trick Room|[of] p2b: Slowbro\n|\n|-weather|RainDance|[upkeep]\n|upkeep\n|\n|t:|1776282303\n|switch|p2a: Crabominable|Crabominable, L50, F|100/100\n|turn|2\n|inactive|naidoq has 30 seconds left.\n|inactive|battle sim trainer has 30 seconds left.\n|\n|t:|1776282335\n|switch|p1b: Sinistcha|Sinistcha, L50|100/100\n|detailschange|p2b: Slowbro|Slowbro-Mega, L50, M\n|-mega|p2b: Slowbro|Slowbro|Slowbronite\n|move|p2b: Slowbro|Iron Defense|p2b: Slowbro\n|-boost|p2b: Slowbro|def|2\n|move|p2a: Crabominable|Thunder Punch|p1b: Sinistcha\n|-resisted|p1b: Sinistcha|1\n|-crit|p1b: Sinistcha\n|-damage|p1b: Sinistcha|74/100\n|move|p1a: Starmie|Liquidation|p2a: Crabominable\n|-damage|p2a: Crabominable|0 fnt\n|faint|p2a: Crabominable\n|\n|-weather|RainDance|[upkeep]\n|upkeep\n|\n|t:|1776282346\n|switch|p2a: Torkoal|Torkoal, L50, F|100/100\n|-weather|SunnyDay|[from] ability: Drought|[of] p2a: Torkoal\n|turn|3\n|\n|t:|1776282361\n|switch|p1a: Pelipper|Pelipper, L50, M|100/100\n|-weather|RainDance|[from] ability: Drizzle|[of] p1a: Pelipper\n|move|p1b: Sinistcha|Protect|p1b: Sinistcha\n|-singleturn|p1b: Sinistcha|Protect\n|move|p2a: Torkoal|Eruption|p1b: Sinistcha|[spread] p1a\n|-activate|p1b: Sinistcha|move: Protect\n|-resisted|p1a: Pelipper|1\n|-damage|p1a: Pelipper|71/100\n|move|p2b: Slowbro|Iron Defense|p2b: Slowbro\n|-boost|p2b: Slowbro|def|2\n|\n|-weather|RainDance|[upkeep]\n|upkeep\n|turn|4\n|\n|t:|1776282382\n|move|p2a: Torkoal|Eruption|p1b: Sinistcha|[spread] p1a,p1b\n|-resisted|p1a: Pelipper|1\n|-supereffective|p1b: Sinistcha|1\n|-damage|p1a: Pelipper|45/100\n|-damage|p1b: Sinistcha|30/100\n|-enditem|p1b: Sinistcha|Sitrus Berry|[eat]\n|-heal|p1b: Sinistcha|55/100|[from] item: Sitrus Berry\n|move|p2b: Slowbro|Body Press|p1a: Pelipper\n|-resisted|p1a: Pelipper|1\n|-damage|p1a: Pelipper|0 fnt\n|faint|p1a: Pelipper\n|move|p1b: Sinistcha|Matcha Gotcha|p2a: Torkoal|[spread] p2a,p2b\n|-resisted|p2a: Torkoal|1\n|-supereffective|p2b: Slowbro|1\n|-damage|p2a: Torkoal|86/100\n|-heal|p1b: Sinistcha|62/100|[from] drain|[of] p2a: Torkoal\n|-damage|p2b: Slowbro|62/100\n|-heal|p1b: Sinistcha|84/100|[from] drain|[of] p2b: Slowbro\n|\n|-weather|RainDance|[upkeep]\n|upkeep\n|\n|t:|1776282403\n|switch|p1a: Incineroar|Incineroar, L50, F|100/100\n|-ability|p1a: Incineroar|Intimidate|boost\n|-unboost|p2a: Torkoal|atk|1\n|-unboost|p2b: Slowbro|atk|1\n|turn|5\n|\n|t:|1776282420\n|move|p2a: Torkoal|Protect|p2a: Torkoal\n|-singleturn|p2a: Torkoal|Protect\n|move|p1a: Incineroar|Fake Out|p2a: Torkoal\n|-activate|p2a: Torkoal|move: Protect\n|move|p2b: Slowbro|Body Press|p1a: Incineroar\n|-supereffective|p1a: Incineroar|1\n|-damage|p1a: Incineroar|0 fnt\n|faint|p1a: Incineroar\n|move|p1b: Sinistcha|Matcha Gotcha|p2a: Torkoal|[spread] p2b\n|-activate|p2a: Torkoal|move: Protect\n|-supereffective|p2b: Slowbro|1\n|-damage|p2b: Slowbro|22/100\n|-heal|p1b: Sinistcha|100/100|[from] drain|[of] p2b: Slowbro\n|\n|-weather|RainDance|[upkeep]\n|-fieldend|move: Trick Room\n|upkeep\n|\n|t:|1776282431\n|switch|p1a: Starmie|Starmie-Mega, L50|100/100\n|turn|6\n|\n|t:|1776282446\n|move|p2a: Torkoal|Protect||[still]\n|-fail|p2a: Torkoal\n|move|p1b: Sinistcha|Rage Powder|p1b: Sinistcha\n|-singleturn|p1b: Sinistcha|move: Rage Powder\n|move|p1a: Starmie|Liquidation|p2a: Torkoal\n|-supereffective|p2a: Torkoal|1\n|-damage|p2a: Torkoal|0 fnt\n|faint|p2a: Torkoal\n|move|p2b: Slowbro|Trick Room|p2b: Slowbro\n|-fieldstart|move: Trick Room|[of] p2b: Slowbro\n|\n|-weather|RainDance|[upkeep]\n|upkeep\n|turn|7\n|-message|battle sim trainer forfeited.\n|\n|win|naidoq\n|raw|naidoq's rating: 1169 &rarr; <strong>1191</strong><br />(+22 for winning)\n|raw|battle sim trainer's rating: 1123 &rarr; <strong>1101</strong><br />(-22 for losing)\n",
  "uploadtime": 1776282459,
  "views": 20,
  "formatid": "gen9championsvgc2026regma",
  "rating": 1101,
  "private": 0,
  "password": null
}