{
  "id": "gen9championsvgc2026regma-2585830054",
  "format": "[Gen 9 Champions] VGC 2026 Reg M-A",
  "players": [
    "arival101",
    "Juya"
  ],
  "log": "|j|\u2606arival101\n|j|\u2606Juya\n|t:|1776373811\n|gametype|doubles\n|player|p1|arival101|hugh|1301\n|player|p2|Juya|169|1348\n|gen|9\n|tier|[Gen 9 Champions] VGC 2026 Reg M-A\n|rated|\n|rule|Species Clause: Limit one of each Pok\u00e9mon\n|rule|Item Clause: Limit 1 of each item\n|clearpoke\n|poke|p1|Talonflame, L50, F|\n|poke|p1|Milotic, L50, F|\n|poke|p1|Gallade, L50, M|\n|poke|p1|Gengar, L50, F|\n|poke|p1|Heliolisk, L50, M|\n|poke|p1|Aegislash, L50, M|\n|poke|p2|Tyranitar, L50, M|\n|poke|p2|Excadrill, L50, F|\n|poke|p2|Incineroar, L50, F|\n|poke|p2|Corviknight, L50, M|\n|poke|p2|Sinistcha, L50|\n|poke|p2|Milotic, L50, F|\n|teampreview|4\n|inactive|Battle timer is ON: inactive players will automatically lose when time's up. (requested by Juya)\n|inactive|arival101 has 60 seconds left.\n|inactive|Juya has 60 seconds left.\n|\n|t:|1776373857\n|teamsize|p1|4\n|teamsize|p2|4\n|start\n|switch|p1a: Gallade|Gallade, L50, M|100/100\n|switch|p1b: Milotic|Milotic, L50, F, shiny|100/100\n|switch|p2a: Incineroar|Incineroar, L50, F|100/100\n|switch|p2b: Excadrill|Excadrill, L50, F|100/100\n|-ability|p2a: Incineroar|Intimidate|boost\n|-unboost|p1a: Gallade|atk|1\n|-unboost|p1b: Milotic|atk|1\n|-ability|p1b: Milotic|Competitive|boost\n|-boost|p1b: Milotic|spa|2\n|turn|1\n|inactive|arival101 has 30 seconds left.\n|inactive|Juya has 30 seconds left.\n|inactive|arival101 has 20 seconds left.\n|inactive|Juya has 20 seconds left.\n|inactive|arival101 has 15 seconds left.\n|\n|t:|1776373901\n|detailschange|p1a: Gallade|Gallade-Mega, L50, M\n|-mega|p1a: Gallade|Gallade|Galladite\n|move|p2a: Incineroar|Fake Out|p1b: Milotic\n|-damage|p1b: Milotic|89/100\n|move|p1a: Gallade|Sacred Sword|p2a: Incineroar\n|-supereffective|p2a: Incineroar|1\n|-damage|p2a: Incineroar|22/100\n|-enditem|p2a: Incineroar|Sitrus Berry|[eat]\n|-heal|p2a: Incineroar|47/100|[from] item: Sitrus Berry\n|move|p2b: Excadrill|High Horsepower|p1a: Gallade\n|-damage|p1a: Gallade|26/100\n|cant|p1b: Milotic|flinch\n|\n|upkeep\n|turn|2\n|inactive|arival101 has 30 seconds left.\n|\n|t:|1776373934\n|switch|p1a: Aegislash|Aegislash, L50, M|100/100\n|switch|p2a: Tyranitar|Tyranitar, L50, M|100/100\n|-weather|Sandstorm|[from] ability: Sand Stream|[of] p2a: Tyranitar\n|move|p2b: Excadrill|High Horsepower|p1a: Aegislash\n|-supereffective|p1a: Aegislash|1\n|-damage|p1a: Aegislash|11/100\n|move|p1b: Milotic|Scald|p2b: Excadrill\n|-supereffective|p2b: Excadrill|1\n|-enditem|p2b: Excadrill|Focus Sash\n|-damage|p2b: Excadrill|1/100\n|\n|-weather|Sandstorm|[upkeep]\n|-damage|p1b: Milotic|83/100|[from] Sandstorm\n|upkeep\n|turn|3\n|inactive|Juya has 30 seconds left.\n|\n|t:|1776373961\n|switch|p2b: Sinistcha|Sinistcha, L50|100/100\n|detailschange|p2a: Tyranitar|Tyranitar-Mega, L50, M\n|-mega|p2a: Tyranitar|Tyranitar|Tyranitarite\n|-formechange|p1a: Aegislash|Aegislash-Blade|\n|move|p1a: Aegislash|Shadow Sneak|p2b: Sinistcha\n|-supereffective|p2b: Sinistcha|1\n|-damage|p2b: Sinistcha|53/100\n|move|p1b: Milotic|Scald|p2a: Tyranitar\n|-supereffective|p2a: Tyranitar|1\n|-damage|p2a: Tyranitar|36/100\n|move|p2a: Tyranitar|Knock Off|p1b: Milotic\n|-damage|p1b: Milotic|23/100\n|-enditem|p1b: Milotic|Sitrus Berry|[from] move: Knock Off|[of] p2a: Tyranitar\n|\n|-weather|Sandstorm|[upkeep]\n|-damage|p1b: Milotic|16/100|[from] Sandstorm\n|-damage|p2b: Sinistcha|47/100|[from] Sandstorm\n|upkeep\n|turn|4\n|inactive|arival101 has 30 seconds left.\n|inactive|Juya has 30 seconds left.\n|inactive|Juya has 20 seconds left.\n|inactive|Juya has 15 seconds left.\n|\n|t:|1776374002\n|move|p2b: Sinistcha|Rage Powder|p2b: Sinistcha\n|-singleturn|p2b: Sinistcha|move: Rage Powder\n|move|p1a: Aegislash|Shadow Sneak|p2b: Sinistcha\n|-supereffective|p2b: Sinistcha|1\n|-damage|p2b: Sinistcha|2/100\n|move|p1b: Milotic|Recover|p1b: Milotic\n|-heal|p1b: Milotic|66/100\n|move|p2a: Tyranitar|Rock Slide|p1a: Aegislash|[spread] p1a,p1b\n|-resisted|p1a: Aegislash|1\n|-damage|p1a: Aegislash|0 fnt\n|-damage|p1b: Milotic|32/100\n|faint|p1a: Aegislash\n|\n|-weather|Sandstorm|[upkeep]\n|-damage|p1b: Milotic|26/100|[from] Sandstorm\n|-damage|p2b: Sinistcha|0 fnt|[from] Sandstorm\n|faint|p2b: Sinistcha\n|upkeep\n|\n|t:|1776374019\n|switch|p2b: Excadrill|Excadrill, L50, F|1/100\n|switch|p1a: Gengar|Gengar, L50, F|100/100\n|turn|5\n|inactive|arival101 has 30 seconds left.\n|\n|t:|1776374047\n|move|p2b: Excadrill|High Horsepower|p1b: Milotic\n|-damage|p1b: Milotic|0 fnt\n|faint|p1b: Milotic\n|move|p1a: Gengar|Icy Wind|p2b: Excadrill|[spread] p2a,p2b\n|-damage|p2a: Tyranitar|29/100\n|-damage|p2b: Excadrill|0 fnt\n|-unboost|p2a: Tyranitar|spe|1\n|faint|p2b: Excadrill\n|move|p2a: Tyranitar|Knock Off|p1a: Gengar\n|-supereffective|p1a: Gengar|1\n|-damage|p1a: Gengar|0 fnt\n|-enditem|p1a: Gengar|Choice Scarf|[from] move: Knock Off|[of] p2a: Tyranitar\n|faint|p1a: Gengar\n|\n|-weather|Sandstorm|[upkeep]\n|upkeep\n|-message|arival101 forfeited.\n|\n|win|Juya\n|raw|arival101's rating: 1301 &rarr; <strong>1284</strong><br />(-17 for losing)\n|raw|Juya's rating: 1348 &rarr; <strong>1365</strong><br />(+17 for winning)\n|l|\u2606arival101\n|player|p1|\n",
  "uploadtime": 1776374068,
  "views": 27,
  "formatid": "gen9championsvgc2026regma",
  "rating": 1284,
  "private": 0,
  "password": null
}