{
  "id": "gen9championsvgc2026regma-2585761848",
  "format": "[Gen 9 Champions] VGC 2026 Reg M-A",
  "players": [
    "PastMolone",
    "who.vill"
  ],
  "log": "|j|\u2606PastMolone\n|j|\u2606who.vill\n|t:|1776368802\n|gametype|doubles\n|player|p1|PastMolone|265|1041\n|player|p2|who.vill|steven|1075\n|gen|9\n|tier|[Gen 9 Champions] VGC 2026 Reg M-A\n|rated|\n|rule|Species Clause: Limit one of each Pok\u00e9mon\n|rule|Item Clause: Limit 1 of each item\n|clearpoke\n|poke|p1|Farigiraf, L50, M|\n|poke|p1|Armarouge, L50, M|\n|poke|p1|Torkoal, L50, M|\n|poke|p1|Rhyperior, L50, M|\n|poke|p1|Rotom-Wash, L50|\n|poke|p1|Tauros-Paldea-Aqua, L50, M|\n|poke|p2|Archaludon, L50, M|\n|poke|p2|Pelipper, L50, M|\n|poke|p2|Tyranitar, L50, F|\n|poke|p2|Excadrill, L50, F|\n|poke|p2|Rotom-Wash, L50|\n|poke|p2|Garchomp, L50, M|\n|teampreview|4\n|\n|t:|1776368839\n|teamsize|p1|4\n|teamsize|p2|4\n|start\n|switch|p1a: Farigiraf|Farigiraf, L50, M|100/100\n|switch|p1b: Rotom|Rotom-Wash, L50|100/100\n|switch|p2a: Pelipper|Pelipper, L50, M|100/100\n|switch|p2b: Archaludon|Archaludon, L50, M|100/100\n|-weather|RainDance|[from] ability: Drizzle|[of] p2a: Pelipper\n|turn|1\n|\n|t:|1776368877\n|move|p2a: Pelipper|Protect|p2a: Pelipper\n|-singleturn|p2a: Pelipper|Protect\n|move|p2b: Archaludon|Electro Shot||[still]\n|-prepare|p2b: Archaludon|Electro Shot\n|-boost|p2b: Archaludon|spa|1\n|-anim|p2b: Archaludon|Electro Shot|p1a: Farigiraf\n|-crit|p1a: Farigiraf\n|-damage|p1a: Farigiraf|24/100\n|move|p1b: Rotom|Thunderbolt|p2a: Pelipper\n|-activate|p2a: Pelipper|move: Protect\n|move|p1a: Farigiraf|Trick Room|p1a: Farigiraf\n|-fieldstart|move: Trick Room|[of] p1a: Farigiraf\n|\n|-weather|RainDance|[upkeep]\n|upkeep\n|turn|2\n|\n|t:|1776368936\n|switch|p2a: Garchomp|Garchomp, L50, M|100/100\n|move|p1a: Farigiraf|Protect|p1a: Farigiraf\n|-singleturn|p1a: Farigiraf|Protect\n|move|p1b: Rotom|Thunderbolt|p2a: Garchomp\n|-immune|p2a: Garchomp\n|move|p2b: Archaludon|Draco Meteor|p1b: Rotom\n|-damage|p1b: Rotom|6/100\n|-unboost|p2b: Archaludon|spa|2\n|-enditem|p2b: Archaludon|White Herb\n|-clearnegativeboost|p2b: Archaludon|[silent]\n|\n|-weather|RainDance|[upkeep]\n|-heal|p1b: Rotom|12/100|[from] item: Leftovers\n|upkeep\n|turn|3\n|\n|t:|1776368955\n|switch|p1a: Rhyperior|Rhyperior, L50, M|100/100\n|switch|p1b: Torkoal|Torkoal, L50, M|100/100\n|-weather|SunnyDay|[from] ability: Drought|[of] p1b: Torkoal\n|move|p2b: Archaludon|Protect|p2b: Archaludon\n|-singleturn|p2b: Archaludon|Protect\n|move|p2a: Garchomp|Dragon Claw|p1b: Torkoal\n|-damage|p1b: Torkoal|67/100\n|\n|-weather|SunnyDay|[upkeep]\n|upkeep\n|turn|4\n|\n|t:|1776368972\n|switch|p2b: Rotom|Rotom-Wash, L50|100/100\n|switch|p2a: Pelipper|Pelipper, L50, M|100/100\n|-weather|RainDance|[from] ability: Drizzle|[of] p2a: Pelipper\n|move|p1b: Torkoal|Eruption|p2b: Rotom|[spread] p2a,p2b\n|-resisted|p2a: Pelipper|1\n|-resisted|p2b: Rotom|1\n|-damage|p2a: Pelipper|93/100\n|-damage|p2b: Rotom|91/100\n|move|p1a: Rhyperior|Ice Punch|p2a: Pelipper\n|-damage|p2a: Pelipper|62/100\n|\n|-weather|RainDance|[upkeep]\n|upkeep\n|turn|5\n|\n|t:|1776368992\n|switch|p1b: Farigiraf|Farigiraf, L50, M|24/100\n|move|p1a: Rhyperior|Protect|p1a: Rhyperior\n|-singleturn|p1a: Rhyperior|Protect\n|move|p2a: Pelipper|Weather Ball|p1b: Farigiraf\n|-damage|p1b: Farigiraf|0 fnt\n|faint|p1b: Farigiraf\n|move|p2b: Rotom|Will-O-Wisp|p1a: Rhyperior\n|-activate|p1a: Rhyperior|move: Protect\n|\n|-weather|RainDance|[upkeep]\n|-fieldend|move: Trick Room\n|upkeep\n|\n|t:|1776369003\n|switch|p1b: Rotom|Rotom-Wash, L50|12/100\n|turn|6\n|\n|t:|1776369016\n|move|p2a: Pelipper|Protect|p2a: Pelipper\n|-singleturn|p2a: Pelipper|Protect\n|move|p2b: Rotom|Will-O-Wisp|p1a: Rhyperior\n|-status|p1a: Rhyperior|brn\n|move|p1b: Rotom|Volt Switch|p2b: Rotom\n|-damage|p2b: Rotom|49/100\n|\n|t:|1776369019\n|switch|p1b: Torkoal|Torkoal, L50, M|67/100|[from] Volt Switch\n|-weather|SunnyDay|[from] ability: Drought|[of] p1b: Torkoal\n|move|p1a: Rhyperior|Rock Slide|p2a: Pelipper|[spread] p2b\n|-activate|p2a: Pelipper|move: Protect\n|-crit|p2b: Rotom\n|-damage|p2b: Rotom|13/100\n|\n|-weather|SunnyDay|[upkeep]\n|-damage|p1a: Rhyperior|95/100 brn|[from] brn\n|upkeep\n|turn|7\n|\n|t:|1776369032\n|switch|p2a: Garchomp|Garchomp, L50, M|100/100\n|move|p2b: Rotom|Will-O-Wisp|p1b: Torkoal|[miss]\n|-miss|p2b: Rotom|p1b: Torkoal\n|move|p1a: Rhyperior|Rock Slide|p2b: Rotom|[spread] p2a,p2b\n|-resisted|p2a: Garchomp|1\n|-damage|p2a: Garchomp|92/100\n|-damage|p2b: Rotom|0 fnt\n|faint|p2b: Rotom\n|move|p1b: Torkoal|Heat Wave|p2a: Garchomp|[miss]\n|-miss|p1b: Torkoal|p2a: Garchomp\n|\n|-weather|SunnyDay|[upkeep]\n|-heal|p2a: Garchomp|98/100|[from] item: Leftovers\n|-damage|p1a: Rhyperior|89/100 brn|[from] brn\n|upkeep\n|\n|t:|1776369035\n|switch|p2b: Pelipper|Pelipper, L50, M|62/100\n|-weather|RainDance|[from] ability: Drizzle|[of] p2b: Pelipper\n|turn|8\n|\n|t:|1776369062\n|move|p1b: Torkoal|Protect|p1b: Torkoal\n|-singleturn|p1b: Torkoal|Protect\n|move|p2a: Garchomp|Dragon Claw|p1b: Torkoal\n|-activate|p1b: Torkoal|move: Protect\n|move|p2b: Pelipper|Weather Ball|p1a: Rhyperior\n|-supereffective|p1a: Rhyperior|2\n|-damage|p1a: Rhyperior|0 fnt\n|faint|p1a: Rhyperior\n|\n|-weather|RainDance|[upkeep]\n|-heal|p2a: Garchomp|100/100|[from] item: Leftovers\n|upkeep\n|\n|t:|1776369065\n|switch|p1a: Rotom|Rotom-Wash, L50|12/100\n|turn|9\n|\n|t:|1776369074\n|move|p2b: Pelipper|Protect|p2b: Pelipper\n|-singleturn|p2b: Pelipper|Protect\n|move|p2a: Garchomp|Dragon Claw|p1a: Rotom\n|-damage|p1a: Rotom|0 fnt\n|faint|p1a: Rotom\n|move|p1b: Torkoal|Earth Power|p2a: Garchomp\n|-damage|p2a: Garchomp|69/100\n|\n|-weather|RainDance|[upkeep]\n|-heal|p2a: Garchomp|75/100|[from] item: Leftovers\n|upkeep\n|turn|10\n|-message|PastMolone forfeited.\n|\n|win|who.vill\n|raw|PastMolone's rating: 1041 &rarr; <strong>1026</strong><br />(-15 for losing)\n|raw|who.vill's rating: 1075 &rarr; <strong>1101</strong><br />(+26 for winning)\n|l|\u2606PastMolone\n|player|p1|\n|c|\u2606who.vill|domain expansion\n",
  "uploadtime": 1776369086,
  "views": 22,
  "formatid": "gen9championsvgc2026regma",
  "rating": 1026,
  "private": 0,
  "password": null
}