{
  "id": "gen9championsvgc2026regma-2589473193",
  "format": "[Gen 9 Champions] VGC 2026 Reg M-A",
  "players": [
    "CementTheBlock",
    "MMancuso0829"
  ],
  "log": "|j|\u2606CementTheBlock\n|j|\u2606MMancuso0829\n|t:|1776726107\n|gametype|doubles\n|player|p1|CementTheBlock|pokefanf|1040\n|player|p2|MMancuso0829|2|1076\n|gen|9\n|tier|[Gen 9 Champions] VGC 2026 Reg M-A\n|rated|\n|rule|Species Clause: Limit one of each Pok\u00e9mon\n|rule|Item Clause: Limit 1 of each item\n|clearpoke\n|poke|p1|Sneasler, L50, M|\n|poke|p1|Whimsicott, L50, M|\n|poke|p1|Gardevoir, L50, F|\n|poke|p1|Maushold, L50|\n|poke|p1|Milotic, L50, F|\n|poke|p1|Toucannon, L50, F|\n|poke|p2|Typhlosion-Hisui, L50, F|\n|poke|p2|Altaria, L50, M|\n|poke|p2|Whimsicott, L50, F|\n|poke|p2|Rotom-Wash, L50|\n|poke|p2|Sableye, L50, M|\n|poke|p2|Sinistcha, L50|\n|teampreview|4\n|\n|t:|1776726156\n|teamsize|p1|4\n|teamsize|p2|4\n|start\n|switch|p1a: Toucannon|Toucannon, L50, F|100/100\n|switch|p1b: Whimsicott|Whimsicott, L50, M|100/100\n|switch|p2a: Whimsicott|Whimsicott, L50, F|100/100\n|switch|p2b: Typhlosion|Typhlosion-Hisui, L50, F|100/100\n|-item|p1a: Toucannon|Choice Scarf|[from] ability: Frisk|[of] p2b: Typhlosion\n|-item|p1b: Whimsicott|Focus Sash|[from] ability: Frisk|[of] p2b: Typhlosion\n|turn|1\n|inactive|Battle timer is ON: inactive players will automatically lose when time's up. (requested by CementTheBlock)\n|\n|t:|1776726183\n|move|p2a: Whimsicott|Tailwind|p2a: Whimsicott\n|-sidestart|p2: MMancuso0829|move: Tailwind\n|move|p1b: Whimsicott|Tailwind|p1b: Whimsicott\n|-sidestart|p1: CementTheBlock|move: Tailwind\n|move|p2b: Typhlosion|Eruption|p1b: Whimsicott|[spread] p1a,p1b\n|-supereffective|p1b: Whimsicott|1\n|-damage|p1a: Toucannon|10/100\n|-enditem|p1b: Whimsicott|Focus Sash\n|-damage|p1b: Whimsicott|1/100\n|move|p1a: Toucannon|Rock Blast|p2b: Typhlosion\n|-supereffective|p2b: Typhlosion|1\n|-damage|p2b: Typhlosion|72/100\n|-supereffective|p2b: Typhlosion|1\n|-damage|p2b: Typhlosion|46/100\n|-supereffective|p2b: Typhlosion|1\n|-damage|p2b: Typhlosion|22/100\n|-supereffective|p2b: Typhlosion|1\n|-damage|p2b: Typhlosion|0 fnt\n|faint|p2b: Typhlosion\n|-hitcount|p2: Typhlosion|4\n|\n|upkeep\n|\n|t:|1776726204\n|switch|p2b: Rotom|Rotom-Wash, L50|100/100\n|turn|2\n|\n|t:|1776726220\n|switch|p1a: Gardevoir|Gardevoir, L50, F|100/100\n|move|p1b: Whimsicott|Energy Ball|p2b: Rotom\n|-supereffective|p2b: Rotom|1\n|-damage|p2b: Rotom|51/100\n|move|p2a: Whimsicott|Moonblast|p1a: Gardevoir\n|-damage|p1a: Gardevoir|61/100\n|move|p2b: Rotom|Thunderbolt|p1b: Whimsicott\n|-resisted|p1b: Whimsicott|1\n|-damage|p1b: Whimsicott|0 fnt\n|faint|p1b: Whimsicott\n|\n|-heal|p2b: Rotom|57/100|[from] item: Leftovers\n|upkeep\n|\n|t:|1776726237\n|switch|p1b: Toucannon|Toucannon, L50, F|10/100\n|turn|3\n|\n|t:|1776726250\n|move|p2b: Rotom|Protect|p2b: Rotom\n|-singleturn|p2b: Rotom|Protect\n|move|p2a: Whimsicott|Moonblast|p1b: Toucannon\n|-damage|p1b: Toucannon|0 fnt\n|faint|p1b: Toucannon\n|move|p1a: Gardevoir|Calm Mind|p1a: Gardevoir\n|-boost|p1a: Gardevoir|spa|1\n|-boost|p1a: Gardevoir|spd|1\n|\n|-heal|p2b: Rotom|62/100|[from] item: Leftovers\n|upkeep\n|\n|t:|1776726262\n|switch|p1b: Milotic|Milotic, L50, F|100/100\n|turn|4\n|\n|t:|1776726282\n|switch|p2a: Sinistcha|Sinistcha, L50|100/100\n|-heal|p2b: Rotom|87/100|[from] ability: Hospitality|[of] p2a: Sinistcha\n|detailschange|p1a: Gardevoir|Gardevoir-Mega, L50, F\n|-mega|p1a: Gardevoir|Gardevoir|Gardevoirite\n|move|p1b: Milotic|Protect|p1b: Milotic\n|-singleturn|p1b: Milotic|Protect\n|move|p1a: Gardevoir|Hyper Voice|p2a: Sinistcha|[spread] p2a,p2b\n|-crit|p2a: Sinistcha\n|-damage|p2a: Sinistcha|0 fnt\n|-damage|p2b: Rotom|7/100\n|faint|p2a: Sinistcha\n|move|p2b: Rotom|Will-O-Wisp|p1a: Gardevoir\n|-status|p1a: Gardevoir|brn\n|\n|-heal|p2b: Rotom|13/100|[from] item: Leftovers\n|-damage|p1a: Gardevoir|55/100 brn|[from] brn\n|-sideend|p2: MMancuso0829|move: Tailwind\n|-sideend|p1: CementTheBlock|move: Tailwind\n|upkeep\n|\n|t:|1776726301\n|switch|p2a: Whimsicott|Whimsicott, L50, F|100/100\n|turn|5\n|\n|t:|1776726308\n|move|p2a: Whimsicott|Moonblast|p1a: Gardevoir\n|-damage|p1a: Gardevoir|32/100 brn\n|-unboost|p1a: Gardevoir|spa|1\n|move|p1a: Gardevoir|Hyper Voice|p2a: Whimsicott|[spread] p2a,p2b\n|-damage|p2a: Whimsicott|14/100\n|-damage|p2b: Rotom|0 fnt\n|faint|p2b: Rotom\n|move|p1b: Milotic|Ice Beam|p2a: Whimsicott\n|-supereffective|p2a: Whimsicott|1\n|-damage|p2a: Whimsicott|0 fnt\n|faint|p2a: Whimsicott\n|\n|win|CementTheBlock\n|raw|CementTheBlock's rating: 1040 &rarr; <strong>1078</strong><br />(+38 for winning)\n|raw|MMancuso0829's rating: 1076 &rarr; <strong>1052</strong><br />(-24 for losing)\n|l|\u2606MMancuso0829\n|player|p2|\n",
  "uploadtime": 1776726354,
  "views": 3,
  "formatid": "gen9championsvgc2026regma",
  "rating": 1052,
  "private": 0,
  "password": null
}