{
  "id": "gen9championsvgc2026regma-2583255343",
  "format": "[Gen 9 Champions] VGC 2026 Reg M-A",
  "players": [
    "zhttt1991",
    "Papiton"
  ],
  "log": "|j|\u2606zhttt1991\n|j|\u2606Papiton\n|t:|1776160042\n|gametype|doubles\n|player|p1|zhttt1991|169|1208\n|player|p2|Papiton|tuber|1276\n|gen|9\n|tier|[Gen 9 Champions] VGC 2026 Reg M-A\n|rated|\n|rule|Species Clause: Limit one of each Pok\u00e9mon\n|rule|Item Clause: Limit 1 of each item\n|clearpoke\n|poke|p1|Floette-Eternal, L50, F|\n|poke|p1|Kingambit, L50, F|\n|poke|p1|Sneasler, L50, M|\n|poke|p1|Garchomp, L50, M|\n|poke|p1|Delphox, L50, F|\n|poke|p1|Incineroar, L50, M|\n|poke|p2|Starmie, L50|\n|poke|p2|Ninetales-Alola, L50, M|\n|poke|p2|Incineroar, L50, M|\n|poke|p2|Sneasler, L50, F|\n|poke|p2|Kingambit, L50, M|\n|poke|p2|Sinistcha, L50|\n|teampreview|4\n|inactive|Battle timer is ON: inactive players will automatically lose when time's up. (requested by zhttt1991)\nzhttt1991 rejected open team sheets.\n|\n|t:|1776160072\n|teamsize|p1|4\n|teamsize|p2|4\n|start\n|switch|p1a: Delphox|Delphox, L50, F|100/100\n|switch|p1b: Sneasler|Sneasler, L50, M|100/100\n|switch|p2a: Yogurt|Starmie, L50, shiny|100/100\n|switch|p2b: Grisha|Sneasler, L50, F|100/100\n|turn|1\n|inactive|Papiton has 30 seconds left.\n|inactive|Papiton has 20 seconds left.\n|inactive|Papiton has 15 seconds left.\n|inactive|Papiton has 10 seconds left.\n|\n|t:|1776160121\n|detailschange|p2a: Yogurt|Starmie-Mega, L50, shiny\n|-mega|p2a: Yogurt|Starmie|Starminite\n|detailschange|p1a: Delphox|Delphox-Mega, L50, F\n|-mega|p1a: Delphox|Delphox|Delphoxite\n|move|p1a: Delphox|Protect|p1a: Delphox\n|-singleturn|p1a: Delphox|Protect\n|move|p2b: Grisha|Fake Out|p1b: Sneasler\n|-damage|p1b: Sneasler|78/100\n|cant|p1b: Sneasler|flinch\n|move|p2a: Yogurt|Liquidation|p1a: Delphox\n|-activate|p1a: Delphox|move: Protect\n|\n|upkeep\n|turn|2\n|inactive|zhttt1991 has 30 seconds left.\n|inactive|Papiton has 30 seconds left.\n|inactive|zhttt1991 has 20 seconds left.\n|inactive|zhttt1991 has 15 seconds left.\n|\n|t:|1776160170\n|switch|p1b: Incineroar|Incineroar, L50, M|100/100\n|-ability|p1b: Incineroar|Intimidate|boost\n|-unboost|p2a: Yogurt|atk|1\n|-unboost|p2b: Grisha|atk|1\n|move|p1a: Delphox|Psychic|p2b: Grisha\n|-supereffective|p2b: Grisha|2\n|-enditem|p2b: Grisha|Focus Sash\n|-damage|p2b: Grisha|1/100\n|move|p2b: Grisha|Close Combat|p1b: Incineroar\n|-supereffective|p1b: Incineroar|1\n|-damage|p1b: Incineroar|41/100\n|-unboost|p2b: Grisha|def|1\n|-unboost|p2b: Grisha|spd|1\n|move|p2a: Yogurt|Liquidation|p1a: Delphox\n|-supereffective|p1a: Delphox|1\n|-damage|p1a: Delphox|0 fnt\n|faint|p1a: Delphox\n|\n|-heal|p1b: Incineroar|47/100|[from] item: Leftovers\n|upkeep\n|\n|t:|1776160183\n|switch|p1a: Kingambit|Kingambit, L50, F|100/100\n|turn|3\n|\n|t:|1776160204\n|move|p1b: Incineroar|Fake Out|p2b: Grisha\n|-damage|p2b: Grisha|0 fnt\n|faint|p2b: Grisha\n|move|p1a: Kingambit|Sucker Punch||[still]\n|-fail|p1a: Kingambit\n|move|p2a: Yogurt|Substitute|p2a: Yogurt\n|-start|p2a: Yogurt|Substitute\n|-damage|p2a: Yogurt|76/100\n|\n|-heal|p1b: Incineroar|53/100|[from] item: Leftovers\n|upkeep\n|\n|t:|1776160216\n|switch|p2b: Crow|Kingambit, L50, M, shiny|100/100\n|turn|4\n|\n|t:|1776160223\n|move|p2a: Yogurt|Liquidation|p1b: Incineroar\n|-supereffective|p1b: Incineroar|1\n|-damage|p1b: Incineroar|0 fnt\n|faint|p1b: Incineroar\n|move|p1a: Kingambit|Low Kick|p2b: Crow\n|-supereffective|p2b: Crow|2\n|-enditem|p2b: Crow|Chople Berry|[eat]\n|-enditem|p2b: Crow|Chople Berry|[weaken]\n|-damage|p2b: Crow|42/100\n|move|p2b: Crow|Low Kick|p1a: Kingambit\n|-supereffective|p1a: Kingambit|2\n|-enditem|p1a: Kingambit|Chople Berry|[eat]\n|-enditem|p1a: Kingambit|Chople Berry|[weaken]\n|-damage|p1a: Kingambit|36/100\n|\n|upkeep\n|\n|t:|1776160228\n|switch|p1b: Sneasler|Sneasler, L50, M|78/100\n|turn|5\n|\n|t:|1776160246\n|move|p2a: Yogurt|Protect|p2a: Yogurt\n|-singleturn|p2a: Yogurt|Protect\n|move|p2b: Crow|Protect|p2b: Crow\n|-singleturn|p2b: Crow|Protect\n|move|p1b: Sneasler|Close Combat|p2a: Yogurt\n|-activate|p2a: Yogurt|move: Protect\n|move|p1a: Kingambit|Low Kick|p2b: Crow\n|-activate|p2b: Crow|move: Protect\n|\n|upkeep\n|turn|6\n|\n|t:|1776160266\n|switch|p2b: Teacup|Sinistcha, L50|100/100\n|-heal|p2a: Yogurt|100/100|[from] ability: Hospitality|[of] p2b: Teacup\n|move|p1a: Kingambit|Sucker Punch|p2a: Yogurt\n|-supereffective|p2a: Yogurt|1\n|-end|p2a: Yogurt|Substitute\n|move|p2a: Yogurt|Psycho Cut|p1b: Sneasler\n|-supereffective|p1b: Sneasler|2\n|-crit|p1b: Sneasler\n|-damage|p1b: Sneasler|0 fnt\n|faint|p1b: Sneasler\n|\n|upkeep\n|turn|7\n|-message|zhttt1991 forfeited.\n|\n|win|Papiton\n|raw|zhttt1991's rating: 1208 &rarr; <strong>1188</strong><br />(-20 for losing)\n|raw|Papiton's rating: 1276 &rarr; <strong>1296</strong><br />(+20 for winning)\n|l|\u2606zhttt1991\n|player|p1|\n",
  "uploadtime": 1776160304,
  "views": 17,
  "formatid": "gen9championsvgc2026regma",
  "rating": 1188,
  "private": 0,
  "password": null
}