{
  "id": "gen9championsvgc2026regma-2585056772",
  "format": "[Gen 9 Champions] VGC 2026 Reg M-A",
  "players": [
    "Blades bad",
    "puppygirllun4"
  ],
  "log": "|j|\u2606Blades bad\n|j|\u2606puppygirllun4\n|t:|1776307391\n|gametype|doubles\n|player|p1|Blades bad|169|1104\n|player|p2|puppygirllun4|yancy|1098\n|gen|9\n|tier|[Gen 9 Champions] VGC 2026 Reg M-A\n|rated|\n|rule|Species Clause: Limit one of each Pok\u00e9mon\n|rule|Item Clause: Limit 1 of each item\n|clearpoke\n|poke|p1|Aerodactyl, L50, F|\n|poke|p1|Charizard, L50, F|\n|poke|p1|Excadrill, L50, F|\n|poke|p1|Sneasler, L50, F|\n|poke|p1|Sharpedo, L50, M|\n|poke|p1|Dragonite, L50, F|\n|poke|p2|Meganium, L50, F|\n|poke|p2|Pelipper, L50, M|\n|poke|p2|Archaludon, L50, M|\n|poke|p2|Incineroar, L50, F|\n|poke|p2|Palafin, L50, F|\n|poke|p2|Maushold-Four, L50|\n|teampreview|4\n|inactive|Battle timer is ON: inactive players will automatically lose when time's up. (requested by puppygirllun4)\n|\n|t:|1776307409\n|teamsize|p1|4\n|teamsize|p2|4\n|start\n|switch|p1a: Charizard|Charizard, L50, F|100/100\n|switch|p1b: Excadrill|Excadrill, L50, F|100/100\n|switch|p2a: Cindy|Incineroar, L50, F|100/100\n|switch|p2b: Bill|Pelipper, L50, M, shiny|100/100\n|-ability|p1b: Excadrill|Mold Breaker\n|-weather|RainDance|[from] ability: Drizzle|[of] p2b: Bill\n|-ability|p2a: Cindy|Intimidate|boost\n|-unboost|p1a: Charizard|atk|1\n|-unboost|p1b: Excadrill|atk|1\n|turn|1\n|\n|t:|1776307431\n|detailschange|p1a: Charizard|Charizard-Mega-Y, L50, F\n|-mega|p1a: Charizard|Charizard|Charizardite Y\n|-weather|SunnyDay|[from] ability: Drought|[of] p1a: Charizard\n|move|p2a: Cindy|Fake Out|p1b: Excadrill\n|-resisted|p1b: Excadrill|1\n|-damage|p1b: Excadrill|93/100\n|move|p1a: Charizard|Dragon Pulse|p2b: Bill\n|-damage|p2b: Bill|66/100\n|cant|p1b: Excadrill|flinch\n|move|p2b: Bill|Hurricane|p1a: Charizard\n|-damage|p1a: Charizard|63/100\n|\n|-weather|SunnyDay|[upkeep]\n|upkeep\n|turn|2\n|inactive|puppygirllun4 has 30 seconds left.\n|\n|t:|1776307457\n|move|p2b: Bill|Wide Guard|p2b: Bill\n|-singleturn|p2b: Bill|Wide Guard\n|move|p1a: Charizard|Dragon Pulse|p2b: Bill\n|-damage|p2b: Bill|35/100\n|-enditem|p2b: Bill|Sitrus Berry|[eat]\n|-heal|p2b: Bill|59/100|[from] item: Sitrus Berry\n|move|p1b: Excadrill|Earthquake|p2b: Bill|[spread] \n|-activate|p2a: Cindy|move: Wide Guard\n|-activate|p2b: Bill|move: Wide Guard\n|-immune|p1a: Charizard\n|move|p2a: Cindy|Parting Shot|p1a: Charizard\n|-unboost|p1a: Charizard|atk|1\n|-unboost|p1a: Charizard|spa|1\n|\n|t:|1776307480\n|switch|p2a: Phin|Palafin, L50, F, shiny|100/100|[from] Parting Shot\n|\n|-weather|SunnyDay|[upkeep]\n|upkeep\n|turn|3\n|\n|t:|1776307500\n|switch|p1a: Dragonite|Dragonite, L50, F|100/100\n|switch|p1b: Aerodactyl|Aerodactyl, L50, F|100/100\n|-ability|p1b: Aerodactyl|Unnerve\n|switch|p2b: Cindy|Incineroar, L50, F|100/100\n|-ability|p2b: Cindy|Intimidate|boost\n|-fail|p1a: Dragonite|unboost|Attack|[from] ability: Inner Focus|[of] p1a: Dragonite\n|-unboost|p1b: Aerodactyl|atk|1\n|move|p2a: Phin|Flip Turn|p1a: Dragonite\n|-resisted|p1a: Dragonite|1\n|-damage|p1a: Dragonite|94/100\n|\n|t:|1776307518\n|detailschange|p2a: Phin|Palafin-Hero, L50, F, shiny\n|switch|p2a: Bill|Pelipper, L50, M, shiny|59/100|[from] Flip Turn\n|-weather|RainDance|[from] ability: Drizzle|[of] p2a: Bill\n|\n|-weather|RainDance|[upkeep]\n|upkeep\n|turn|4\n|\n|t:|1776307532\n|move|p1b: Aerodactyl|Rock Slide|p2a: Bill|[spread] p2a,p2b\n|-supereffective|p2a: Bill|1\n|-crit|p2a: Bill\n|-supereffective|p2b: Cindy|1\n|-damage|p2a: Bill|0 fnt\n|-damage|p2b: Cindy|71/100\n|faint|p2a: Bill\n|move|p1a: Dragonite|Dragon Dance|p1a: Dragonite\n|-boost|p1a: Dragonite|atk|1\n|-boost|p1a: Dragonite|spe|1\n|move|p2b: Cindy|Will-O-Wisp|p1a: Dragonite\n|-status|p1a: Dragonite|brn\n|\n|-weather|RainDance|[upkeep]\n|-damage|p1a: Dragonite|88/100 brn|[from] brn\n|upkeep\n|\n|t:|1776307547\n|switch|p2a: Phin|Palafin-Hero, L50, F, shiny|100/100\n|-activate|p2a: Phin|ability: Zero to Hero\n|turn|5\n|\n|t:|1776307559\n|move|p1b: Aerodactyl|Tailwind|p1b: Aerodactyl\n|-sidestart|p1: Blades bad|move: Tailwind\n|move|p1a: Dragonite|Waterfall|p2b: Cindy\n|-supereffective|p2b: Cindy|1\n|-damage|p2b: Cindy|24/100\n|move|p2a: Phin|Flip Turn|p1b: Aerodactyl\n|-supereffective|p1b: Aerodactyl|1\n|-damage|p1b: Aerodactyl|0 fnt\n|faint|p1b: Aerodactyl\n|\n|t:|1776307571\n|switch|p2a: Flora|Meganium, L50, F, shiny|100/100|[from] Flip Turn\n|move|p2b: Cindy|Parting Shot|p1a: Dragonite\n|-unboost|p1a: Dragonite|atk|1\n|-unboost|p1a: Dragonite|spa|1\n|\n|t:|1776307578\n|switch|p2b: Phin|Palafin-Hero, L50, F, shiny|100/100|[from] Parting Shot\n|\n|-weather|RainDance|[upkeep]\n|-damage|p1a: Dragonite|82/100 brn|[from] brn\n|upkeep\n|\n|t:|1776307583\n|switch|p1b: Charizard|Charizard-Mega-Y, L50, F|63/100\n|-weather|SunnyDay|[from] ability: Drought|[of] p1b: Charizard\n|turn|6\n|\n|t:|1776307596\n|switch|p2a: Cindy|Incineroar, L50, F|24/100\n|-ability|p2a: Cindy|Intimidate|boost\n|-fail|p1a: Dragonite|unboost|Attack|[from] ability: Inner Focus|[of] p1a: Dragonite\n|-unboost|p1b: Charizard|atk|1\n|move|p1b: Charizard|Protect|p1b: Charizard\n|-singleturn|p1b: Charizard|Protect\n|move|p1a: Dragonite|Dragon Dance|p1a: Dragonite\n|-boost|p1a: Dragonite|atk|1\n|-boost|p1a: Dragonite|spe|1\n|move|p2b: Phin|Wave Crash|p1b: Charizard\n|-activate|p1b: Charizard|move: Protect\n|\n|-weather|SunnyDay|[upkeep]\n|-damage|p1a: Dragonite|76/100 brn|[from] brn\n|upkeep\n|turn|7\n|inactive|Blades bad has 30 seconds left.\n|\n|t:|1776307625\n|move|p1b: Charizard|Protect|p1b: Charizard\n|-singleturn|p1b: Charizard|Protect\n|move|p2a: Cindy|Fake Out|p1b: Charizard\n|-activate|p1b: Charizard|move: Protect\n|move|p1a: Dragonite|Waterfall|p2a: Cindy\n|-supereffective|p2a: Cindy|1\n|-damage|p2a: Cindy|7/100\n|move|p2b: Phin|Wave Crash|p1b: Charizard\n|-activate|p1b: Charizard|move: Protect\n|\n|-weather|SunnyDay|[upkeep]\n|-damage|p1a: Dragonite|70/100 brn|[from] brn\n|upkeep\n|turn|8\n|\n|t:|1776307639\n|switch|p1b: Excadrill|Excadrill, L50, F|93/100\n|-ability|p1b: Excadrill|Mold Breaker\n|move|p1a: Dragonite|Waterfall|p2a: Cindy\n|-supereffective|p2a: Cindy|1\n|-damage|p2a: Cindy|0 fnt\n|faint|p2a: Cindy\n|move|p2b: Phin|Wave Crash|p1b: Excadrill\n|-supereffective|p1b: Excadrill|1\n|-damage|p1b: Excadrill|0 fnt\n|faint|p1b: Excadrill\n|-damage|p2b: Phin|68/100|[from] Recoil\n|\n|-weather|SunnyDay|[upkeep]\n|-damage|p1a: Dragonite|64/100 brn|[from] brn\n|-sideend|p1: Blades bad|move: Tailwind\n|upkeep\n|\n|t:|1776307651\n|switch|p1b: Charizard|Charizard-Mega-Y, L50, F|63/100\n|switch|p2a: Flora|Meganium, L50, F, shiny|100/100\n|turn|9\n|\n|t:|1776307660\n|detailschange|p2a: Flora|Meganium-Mega, L50, F, shiny\n|-mega|p2a: Flora|Meganium|Meganiumite\n|move|p1a: Dragonite|Dragon Claw|p2b: Phin\n|-damage|p2b: Phin|39/100\n|move|p1b: Charizard|Heat Wave|p2b: Phin|[spread] p2a,p2b\n|-supereffective|p2a: Flora|1\n|-resisted|p2b: Phin|1\n|-damage|p2a: Flora|0 fnt\n|-damage|p2b: Phin|4/100\n|faint|p2a: Flora\n|move|p2b: Phin|Wave Crash|p1b: Charizard\n|-supereffective|p1b: Charizard|1\n|-damage|p1b: Charizard|0 fnt\n|faint|p1b: Charizard\n|-damage|p2b: Phin|0 fnt|[from] Recoil\n|faint|p2b: Phin\n|\n|win|Blades bad\n|raw|Blades bad's rating: 1104 &rarr; <strong>1129</strong><br />(+25 for winning)\n|raw|puppygirllun4's rating: 1098 &rarr; <strong>1074</strong><br />(-24 for losing)\n",
  "uploadtime": 1776307677,
  "views": 18,
  "formatid": "gen9championsvgc2026regma",
  "rating": 1074,
  "private": 0,
  "password": null
}