{
  "id": "gen9championsvgc2026regma-2581205328",
  "format": "[Gen 9 Champions] VGC 2026 Reg M-A",
  "players": [
    "mimrat6",
    "San gerger"
  ],
  "log": "|j|\u2606mimrat6\n|j|\u2606San gerger\n|t:|1775970595\n|gametype|doubles\n|player|p1|mimrat6|caitlin|1263\n|player|p2|San gerger|266|1363\n|gen|9\n|tier|[Gen 9 Champions] VGC 2026 Reg M-A\n|rated|\n|rule|Species Clause: Limit one of each Pok\u00e9mon\n|rule|Item Clause: Limit 1 of each item\n|clearpoke\n|poke|p1|Floette-Eternal, L50, F|\n|poke|p1|Delphox, L50, M|\n|poke|p1|Aerodactyl, L50, F|\n|poke|p1|Garchomp, L50, F|\n|poke|p1|Maushold, L50|\n|poke|p1|Incineroar, L50, M|\n|poke|p2|Delphox, L50, F|\n|poke|p2|Floette-Eternal, L50, F|\n|poke|p2|Aerodactyl, L50, M|\n|poke|p2|Incineroar, L50, M|\n|poke|p2|Basculegion-F, L50, F|\n|poke|p2|Sneasler, L50, M|\n|teampreview|4\n|inactive|Battle timer is ON: inactive players will automatically lose when time's up. (requested by San gerger)\n|j| gE1xjZRtuhW2DdT0AK\n|inactive|mimrat6 has 60 seconds left.\n|inactive|San gerger has 60 seconds left.\n|inactive|San gerger has 30 seconds left.\n|inactive|San gerger has 20 seconds left.\n|inactive|San gerger has 15 seconds left.\n|\n|t:|1775970681\n|teamsize|p1|4\n|teamsize|p2|4\n|start\n|switch|p1a: Garchomp|Garchomp, L50, F, shiny|100/100\n|switch|p1b: Maushold|Maushold, L50, shiny|100/100\n|switch|p2a: Aerodactyl|Aerodactyl, L50, M|100/100\n|switch|p2b: Delphox|Delphox, L50, F|100/100\n|turn|1\n|inactive|San gerger has 30 seconds left.\n|inactive|San gerger has 20 seconds left.\n|inactive|San gerger has 15 seconds left.\n|inactive|San gerger has 10 seconds left.\n|\n|t:|1775970727\n|switch|p2a: Incineroar|Incineroar, L50, M|100/100\n|-ability|p2a: Incineroar|Intimidate|boost\n|-unboost|p1a: Garchomp|atk|1\n|-unboost|p1b: Maushold|atk|1\n|-enditem|p1a: Garchomp|White Herb\n|-clearnegativeboost|p1a: Garchomp|[silent]\n|detailschange|p2b: Delphox|Delphox-Mega, L50, F\n|-mega|p2b: Delphox|Delphox|Delphoxite\n|move|p2b: Delphox|Heat Wave|p1a: Garchomp|[spread] p1a,p1b\n|-resisted|p1a: Garchomp|1\n|-damage|p1a: Garchomp|86/100\n|-damage|p1b: Maushold|47/100\n|move|p1b: Maushold|Super Fang|p2b: Delphox\n|-damage|p2b: Delphox|50/100\n|move|p1a: Garchomp|Dragon Claw|p2b: Delphox\n|-crit|p2b: Delphox\n|-damage|p2b: Delphox|0 fnt\n|faint|p2b: Delphox\n|\n|upkeep\n|\n|t:|1775970746\n|switch|p2b: Basculegion|Basculegion-F, L50, F|100/100\n|turn|2\n|\n|t:|1775970765\n|switch|p2a: Aerodactyl|Aerodactyl, L50, M|100/100\n|move|p1b: Maushold|Follow Me|p1b: Maushold\n|-singleturn|p1b: Maushold|move: Follow Me\n|move|p2b: Basculegion|Icy Wind|p1b: Maushold|[spread] p1a,p1b\n|-supereffective|p1a: Garchomp|2\n|-damage|p1a: Garchomp|51/100\n|-damage|p1b: Maushold|33/100\n|-unboost|p1a: Garchomp|spe|1\n|-unboost|p1b: Maushold|spe|1\n|move|p1a: Garchomp|Earthquake|p2a: Aerodactyl|[spread] p1b,p2b\n|-immune|p2a: Aerodactyl\n|-damage|p1b: Maushold|0 fnt\n|-damage|p2b: Basculegion|53/100\n|faint|p1b: Maushold\n|\n|upkeep\n|\n|t:|1775970780\n|switch|p1b: Incineroar|Incineroar, L50, M, shiny|100/100\n|-ability|p1b: Incineroar|Intimidate|boost\n|-unboost|p2a: Aerodactyl|atk|1\n|-unboost|p2b: Basculegion|atk|1\n|turn|3\n|\n|t:|1775970796\n|switch|p2b: Incineroar|Incineroar, L50, M|100/100\n|-ability|p2b: Incineroar|Intimidate|boost\n|-unboost|p1a: Garchomp|atk|1\n|-unboost|p1b: Incineroar|atk|1\n|move|p2a: Aerodactyl|Protect|p2a: Aerodactyl\n|-singleturn|p2a: Aerodactyl|Protect\n|move|p1b: Incineroar|Fake Out|p2a: Aerodactyl\n|-activate|p2a: Aerodactyl|move: Protect\n|move|p1a: Garchomp|Dragon Claw|p2b: Incineroar\n|-damage|p2b: Incineroar|81/100\n|\n|upkeep\n|turn|4\n|inactive|San gerger has 30 seconds left.\n|\n|t:|1775970827\n|switch|p1a: Floette|Floette-Eternal, L50, F, shiny|100/100\n|move|p2a: Aerodactyl|Rock Slide|p1a: Floette|[spread] p1a,p1b\n|-supereffective|p1b: Incineroar|1\n|-damage|p1a: Floette|78/100\n|-damage|p1b: Incineroar|73/100\n|move|p2b: Incineroar|Parting Shot|p1b: Incineroar\n|-unboost|p1b: Incineroar|atk|1\n|-unboost|p1b: Incineroar|spa|1\n|\n|t:|1775970838\n|switch|p2b: Basculegion|Basculegion-F, L50, F|53/100|[from] Parting Shot\n|cant|p1b: Incineroar|flinch\n|\n|upkeep\n|turn|5\n|\n|t:|1775970852\n|switch|p1b: Garchomp|Garchomp, L50, F, shiny|51/100\n|detailschange|p1a: Floette|Floette-Mega, L50, F, shiny\n|-mega|p1a: Floette|Floette|Floettite\n|-ability|p1a: Floette|Fairy Aura\n|move|p1a: Floette|Protect|p1a: Floette\n|-singleturn|p1a: Floette|Protect\n|move|p2b: Basculegion|Muddy Water|p1b: Garchomp|[spread] \n|-activate|p1a: Floette|move: Protect\n|-miss|p2b: Basculegion|p1b: Garchomp\n|move|p2a: Aerodactyl|Rock Slide|p1a: Floette|[spread] p1b\n|-activate|p1a: Floette|move: Protect\n|-resisted|p1b: Garchomp|1\n|-damage|p1b: Garchomp|44/100\n|\n|upkeep\n|turn|6\n|\n|t:|1775970873\n|switch|p2a: Incineroar|Incineroar, L50, M|81/100\n|-ability|p2a: Incineroar|Intimidate|boost\n|-unboost|p1a: Floette|atk|1\n|-unboost|p1b: Garchomp|atk|1\n|switch|p1b: Incineroar|Incineroar, L50, M, shiny|73/100\n|-ability|p1b: Incineroar|Intimidate|boost\n|-unboost|p2a: Incineroar|atk|1\n|-unboost|p2b: Basculegion|atk|1\n|move|p2b: Basculegion|Muddy Water|p1b: Incineroar|[spread] p1a,p1b\n|-supereffective|p1b: Incineroar|1\n|-damage|p1a: Floette|46/100\n|-damage|p1b: Incineroar|7/100\n|-enditem|p1b: Incineroar|Sitrus Berry|[eat]\n|-heal|p1b: Incineroar|32/100|[from] item: Sitrus Berry\n|move|p1a: Floette|Dazzling Gleam|p2a: Incineroar|[spread] p2a,p2b\n|-damage|p2a: Incineroar|40/100\n|-damage|p2b: Basculegion|0 fnt\n|-enditem|p2a: Incineroar|Sitrus Berry|[eat]\n|-heal|p2a: Incineroar|64/100|[from] item: Sitrus Berry\n|faint|p2b: Basculegion\n|\n|upkeep\n|\n|t:|1775970893\n|switch|p2b: Aerodactyl|Aerodactyl, L50, M|100/100\n|turn|7\n|\n|t:|1775970909\n|switch|p1b: Garchomp|Garchomp, L50, F, shiny|44/100\n|move|p1a: Floette|Protect|p1a: Floette\n|-singleturn|p1a: Floette|Protect\n|move|p2a: Incineroar|Fake Out|p1a: Floette\n|-activate|p1a: Floette|move: Protect\n|move|p2b: Aerodactyl|Rock Slide|p1a: Floette|[spread] p1b\n|-activate|p1a: Floette|move: Protect\n|-resisted|p1b: Garchomp|1\n|-damage|p1b: Garchomp|33/100\n|\n|upkeep\n|turn|8\n|\n|t:|1775970933\n|switch|p1b: Incineroar|Incineroar, L50, M, shiny|32/100\n|-ability|p1b: Incineroar|Intimidate|boost\n|-unboost|p2a: Incineroar|atk|1\n|-unboost|p2b: Aerodactyl|atk|1\n|move|p2b: Aerodactyl|Rock Slide|p1b: Incineroar|[spread] p1a,p1b\n|-supereffective|p1b: Incineroar|1\n|-damage|p1a: Floette|27/100\n|-damage|p1b: Incineroar|1/100\n|cant|p1a: Floette|flinch\n|move|p2a: Incineroar|Throat Chop|p1b: Incineroar\n|-resisted|p1b: Incineroar|1\n|-damage|p1b: Incineroar|0 fnt\n|faint|p1b: Incineroar\n|\n|upkeep\n|\n|t:|1775970947\n|switch|p1b: Garchomp|Garchomp, L50, F, shiny|33/100\n|turn|9\n|\n|t:|1775970970\n|move|p2b: Aerodactyl|Dual Wingbeat|p1a: Floette\n|-damage|p1a: Floette|12/100\n|-damage|p1a: Floette|0 fnt\n|faint|p1a: Floette\n|-hitcount|p1: Floette|2\n|move|p1b: Garchomp|Dragon Claw|p2b: Aerodactyl\n|-crit|p2b: Aerodactyl\n|-damage|p2b: Aerodactyl|13/100\n|move|p2a: Incineroar|Throat Chop|p1b: Garchomp\n|-damage|p1b: Garchomp|18/100\n|-start|p1b: Garchomp|Throat Chop|[silent]\n|-damage|p2a: Incineroar|52/100|[from] ability: Rough Skin|[of] p1b: Garchomp\n|\n|upkeep\n|turn|10\n|-message|mimrat6 forfeited.\n|\n|win|San gerger\n|raw|mimrat6's rating: 1263 &rarr; <strong>1245</strong><br />(-18 for losing)\n|raw|San gerger's rating: 1363 &rarr; <strong>1377</strong><br />(+14 for winning)\n|l|\u2606mimrat6\n|player|p1|\n|l|\u2606San gerger\n|player|p2|\n",
  "uploadtime": 1775970988,
  "views": 24,
  "formatid": "gen9championsvgc2026regma",
  "rating": 1245,
  "private": 0,
  "password": null
}