{
  "id": "gen9championsvgc2026regma-2587442048",
  "format": "[Gen 9 Champions] VGC 2026 Reg M-A",
  "players": [
    "TTT x",
    "magicalarcher57"
  ],
  "log": "|j|\u2606TTT x\n|j|\u2606magicalarcher57\n|t:|1776532138\n|gametype|doubles\n|player|p1|TTT x|#smogonxnpa2025draftee|\n|player|p2|magicalarcher57|valerie|\n|gen|9\n|tier|[Gen 9 Champions] VGC 2026 Reg M-A\n|rated|Tournament battle\n|rule|Species Clause: Limit one of each Pok\u00e9mon\n|rule|Item Clause: Limit 1 of each item\n|raw|<div class=\"infobox\"><details class=\"readmore\" open><summary><strong>1 custom rule:</strong></summary> Force Open Team Sheets</details></div>\n|clearpoke\n|poke|p1|Gengar, L50, F|\n|poke|p1|Kangaskhan, L50, F|\n|poke|p1|Kommo-o, L50, F|\n|poke|p1|Sinistcha, L50|\n|poke|p1|Maushold, L50|\n|poke|p1|Incineroar, L50, M|\n|poke|p2|Kangaskhan, L50, F, shiny|\n|poke|p2|Farigiraf, L50, M, shiny|\n|poke|p2|Talonflame, L50, F, shiny|\n|poke|p2|Floette-Eternal, L50, F|\n|poke|p2|Sneasler, L50, F, shiny|\n|poke|p2|Basculegion, L50, M, shiny|\n|teampreview|4\n|showteam|p1|Gengar||Gengarite|CursedBody|ShadowBall,SludgeBomb,Disable,Protect|||F|||50|]Kangaskhan||Kangaskhanite|Scrappy|FakeOut,DoubleEdge,LowKick,SuckerPunch|||F|||50|]Kommo-o||Leftovers|Soundproof|ClangingScales,AuraSphere,ClangorousSoul,Protect|||F|||50|]Sinistcha||KasibBerry|Hospitality|ShadowBall,LifeDew,RagePowder,Protect||||||50|]Maushold||FocusSash|FriendGuard|SuperFang,Taunt,FollowMe,Protect||||||50|]Incineroar||ChopleBerry|Intimidate|FakeOut,FlareBlitz,WillOWisp,PartingShot|||M|||50|\n|showteam|p2|Kangaskhan||Kangaskhanite|Scrappy|FakeOut,HammerArm,DoubleEdge,Crunch|||F|||50|]Farigiraf||ColburBerry|ArmorTail|ShadowBall,HyperVoice,TrickRoom,Psychic|||M|||50|]Talonflame||SharpBeak|GaleWings|Tailwind,Taunt,Protect,BraveBird|||F|||50|]Floette-Eternal||Floettite|FlowerVeil|Moonblast,LightofRuin,DazzlingGleam,Protect|||F|||50|]Sneasler||FocusSash|Unburden|FakeOut,CloseCombat,DireClaw,Protect|||F|||50|]Basculegion||MysticWater|Adaptability|WaveCrash,LastRespects,AquaJet,Protect|||M|||50|\n|\n|t:|1776532165\n|teamsize|p1|4\n|teamsize|p2|4\n|start\n|switch|p1a: Gengar|Gengar, L50, F|100/100\n|switch|p1b: Incineroar|Incineroar, L50, M|100/100\n|switch|p2a: Ryoiki Tenkai|Farigiraf, L50, M, shiny|100/100\n|switch|p2b: Kangaskhan|Kangaskhan, L50, F, shiny|100/100\n|-ability|p1b: Incineroar|Intimidate|boost\n|-unboost|p2a: Ryoiki Tenkai|atk|1\n|-fail|p2b: Kangaskhan|unboost|Attack|[from] ability: Scrappy|[of] p2b: Kangaskhan\n|turn|1\n|\n|t:|1776532181\n|detailschange|p1a: Gengar|Gengar-Mega, L50, F\n|-mega|p1a: Gengar|Gengar|Gengarite\n|detailschange|p2b: Kangaskhan|Kangaskhan-Mega, L50, F, shiny\n|-mega|p2b: Kangaskhan|Kangaskhan|Kangaskhanite\n|move|p1a: Gengar|Sludge Bomb|p2a: Ryoiki Tenkai\n|-damage|p2a: Ryoiki Tenkai|48/100\n|move|p2b: Kangaskhan|Hammer Arm|p1b: Incineroar|[miss]\n|-miss|p2b: Kangaskhan|p1b: Incineroar\n|move|p1b: Incineroar|Will-O-Wisp|p2b: Kangaskhan\n|-status|p2b: Kangaskhan|brn\n|move|p2a: Ryoiki Tenkai|Trick Room|p2a: Ryoiki Tenkai\n|-fieldstart|move: Trick Room|[of] p2a: Ryoiki Tenkai\n|\n|-damage|p2b: Kangaskhan|94/100 brn|[from] brn\n|upkeep\n|turn|2\n|j|%Yuichi\n|\n|t:|1776532196\n|move|p1a: Gengar|Protect|p1a: Gengar\n|-singleturn|p1a: Gengar|Protect\n|move|p2a: Ryoiki Tenkai|Psychic|p1a: Gengar\n|-activate|p1a: Gengar|move: Protect\n|move|p1b: Incineroar|Parting Shot|p2a: Ryoiki Tenkai\n|-unboost|p2a: Ryoiki Tenkai|atk|1\n|-unboost|p2a: Ryoiki Tenkai|spa|1\n|\n|t:|1776532204\n|switch|p1b: Kommo-o|Kommo-o, L50, F|100/100|[from] Parting Shot\n|move|p2b: Kangaskhan|Hammer Arm|p1b: Kommo-o\n|-damage|p1b: Kommo-o|85/100\n|-unboost|p2b: Kangaskhan|spe|1\n|-damage|p1b: Kommo-o|82/100\n|-unboost|p2b: Kangaskhan|spe|1\n|-hitcount|p1b: Kommo-o|2\n|\n|-heal|p1b: Kommo-o|88/100|[from] item: Leftovers\n|-damage|p2b: Kangaskhan|88/100 brn|[from] brn\n|upkeep\n|turn|3\n|\n|t:|1776532223\n|switch|p1a: Incineroar|Incineroar, L50, M|100/100\n|-ability|p1a: Incineroar|Intimidate|boost\n|-unboost|p2a: Ryoiki Tenkai|atk|1\n|-unboost|p2b: Kangaskhan|atk|1\n|move|p2b: Kangaskhan|Double-Edge|p1b: Kommo-o\n|-damage|p1b: Kommo-o|69/100\n|-damage|p1b: Kommo-o|65/100\n|-hitcount|p1b: Kommo-o|2\n|-damage|p2b: Kangaskhan|82/100 brn|[from] Recoil\n|move|p2a: Ryoiki Tenkai|Psychic|p1a: Incineroar\n|-immune|p1a: Incineroar\n|move|p1b: Kommo-o|Clangorous Soul|p1b: Kommo-o\n|-boost|p1b: Kommo-o|atk|1\n|-boost|p1b: Kommo-o|def|1\n|-boost|p1b: Kommo-o|spa|1\n|-boost|p1b: Kommo-o|spd|1\n|-boost|p1b: Kommo-o|spe|1\n|-damage|p1b: Kommo-o|32/100\n|\n|-heal|p1b: Kommo-o|38/100|[from] item: Leftovers\n|-damage|p2b: Kangaskhan|75/100 brn|[from] brn\n|upkeep\n|turn|4\n|\n|t:|1776532242\n|switch|p1a: Sinistcha|Sinistcha, L50|100/100\n|-heal|p1b: Kommo-o|63/100|[from] ability: Hospitality|[of] p1a: Sinistcha\n|move|p2b: Kangaskhan|Hammer Arm|p1a: Sinistcha\n|-immune|p1a: Sinistcha\n|move|p2a: Ryoiki Tenkai|Psychic|p1b: Kommo-o\n|-supereffective|p1b: Kommo-o|1\n|-damage|p1b: Kommo-o|25/100\n|move|p1b: Kommo-o|Clanging Scales|p2a: Ryoiki Tenkai|[spread] p2a,p2b\n|-crit|p2a: Ryoiki Tenkai\n|-damage|p2a: Ryoiki Tenkai|0 fnt\n|-damage|p2b: Kangaskhan|37/100 brn\n|faint|p2a: Ryoiki Tenkai\n|-unboost|p1b: Kommo-o|def|1\n|\n|-heal|p1b: Kommo-o|32/100|[from] item: Leftovers\n|-damage|p2b: Kangaskhan|31/100 brn|[from] brn\n|upkeep\n|\n|t:|1776532255\n|switch|p2a: Athena|Talonflame, L50, F, shiny|100/100\n|turn|5\n|\n|t:|1776532264\n|switch|p1a: Incineroar|Incineroar, L50, M|100/100\n|-ability|p1a: Incineroar|Intimidate|boost\n|-unboost|p2a: Athena|atk|1\n|-unboost|p2b: Kangaskhan|atk|1\n|move|p1b: Kommo-o|Protect|p1b: Kommo-o\n|-singleturn|p1b: Kommo-o|Protect\n|move|p2a: Athena|Brave Bird|p1b: Kommo-o\n|-activate|p1b: Kommo-o|move: Protect\n|move|p2b: Kangaskhan|Crunch|p1a: Incineroar\n|-resisted|p1a: Incineroar|1\n|-damage|p1a: Incineroar|97/100\n|-unboost|p1a: Incineroar|def|1\n|-resisted|p1a: Incineroar|1\n|-damage|p1a: Incineroar|96/100\n|-hitcount|p1a: Incineroar|2\n|\n|-heal|p1b: Kommo-o|38/100|[from] item: Leftovers\n|-damage|p2b: Kangaskhan|25/100 brn|[from] brn\n|-fieldend|move: Trick Room\n|upkeep\n|turn|6\n|\n|t:|1776532296\n|move|p1a: Incineroar|Fake Out|p2a: Athena\n|-damage|p2a: Athena|86/100\n|move|p1b: Kommo-o|Clanging Scales|p2b: Kangaskhan|[spread] p2a,p2b\n|-damage|p2a: Athena|16/100\n|-damage|p2b: Kangaskhan|0 fnt\n|faint|p2b: Kangaskhan\n|-unboost|p1b: Kommo-o|def|1\n|cant|p2a: Athena|flinch\n|\n|-heal|p1b: Kommo-o|44/100|[from] item: Leftovers\n|upkeep\n|\n|t:|1776532299\n|switch|p2b: Basculegion|Basculegion, L50, M, shiny|100/100\n|turn|7\n|\n|t:|1776532321\n|switch|p1a: Gengar|Gengar-Mega, L50, F|100/100\n|move|p2a: Athena|Protect|p2a: Athena\n|-singleturn|p2a: Athena|Protect\n|move|p1b: Kommo-o|Clanging Scales|p2b: Basculegion|[spread] p2b\n|-activate|p2a: Athena|move: Protect\n|-damage|p2b: Basculegion|58/100\n|-unboost|p1b: Kommo-o|def|1\n|move|p2b: Basculegion|Last Respects|p1b: Kommo-o\n|-damage|p1b: Kommo-o|0 fnt\n|faint|p1b: Kommo-o\n|\n|upkeep\n|\n|t:|1776532338\n|switch|p1b: Sinistcha|Sinistcha, L50|100/100\n|turn|8\n|\n|t:|1776532346\n|move|p2b: Basculegion|Protect|p2b: Basculegion\n|-singleturn|p2b: Basculegion|Protect\n|move|p1b: Sinistcha|Rage Powder|p1b: Sinistcha\n|-singleturn|p1b: Sinistcha|move: Rage Powder\n|move|p2a: Athena|Tailwind|p2a: Athena\n|-sidestart|p2: magicalarcher57|move: Tailwind\n|move|p1a: Gengar|Shadow Ball|p2b: Basculegion\n|-activate|p2b: Basculegion|move: Protect\n|\n|upkeep\n|turn|9\n|\n|t:|1776532350\n|move|p2b: Basculegion|Protect||[still]\n|-fail|p2b: Basculegion\n|move|p1b: Sinistcha|Rage Powder|p1b: Sinistcha\n|-singleturn|p1b: Sinistcha|move: Rage Powder\n|move|p2a: Athena|Taunt|p1b: Sinistcha\n|-start|p1b: Sinistcha|move: Taunt\n|move|p1a: Gengar|Shadow Ball|p2b: Basculegion\n|-supereffective|p2b: Basculegion|1\n|-damage|p2b: Basculegion|0 fnt\n|faint|p2b: Basculegion\n|\n|upkeep\n|turn|10\n|-message|magicalarcher57 forfeited.\n|\n|win|TTT x\n|n|\u2606TTT x|tttx\n|n|\u2606magicalarcher57|magicalarcher57\n|n| Yuichi|yuichi\n",
  "uploadtime": 1776532355,
  "views": 62,
  "formatid": "gen9championsvgc2026regma",
  "rating": null,
  "private": 0,
  "password": null
}