{
  "id": "gen9championsvgc2026regma-2580615849",
  "format": "[Gen 9 Champions] VGC 2026 Reg M-A",
  "players": [
    "flyingtacodog",
    "Ancient_Sword22"
  ],
  "log": "|j|\u203dflyingtacodog\n|j|\u2606Ancient_Sword22\n|t:|1775918346\n|gametype|doubles\n|player|p1|flyingtacodog|169|1000\n|player|p2|Ancient_Sword22|cynthia-gen4|1030\n|gen|9\n|tier|[Gen 9 Champions] VGC 2026 Reg M-A\n|rated|\n|rule|Species Clause: Limit one of each Pok\u00e9mon\n|rule|Item Clause: Limit 1 of each item\n|clearpoke\n|poke|p1|Incineroar, L50, M|\n|poke|p1|Sneasler, L50, M|\n|poke|p1|Corviknight, L50, M|\n|poke|p1|Charizard, L50, M|\n|poke|p1|Venusaur, L50, M|\n|poke|p1|Sharpedo, L50, M|\n|poke|p2|Tsareena, L50, F|\n|poke|p2|Dedenne, L50, F|\n|poke|p2|Emboar, L50, F|\n|poke|p2|Banette, L50, F|\n|poke|p2|Alcremie, L50, F|\n|poke|p2|Empoleon, L50, F|\n|teampreview|4\n|\n|t:|1775918373\n|teamsize|p1|4\n|teamsize|p2|4\n|start\n|switch|p1a: Charizard|Charizard, L50, M|100/100\n|switch|p1b: Venusaur|Venusaur, L50, M|100/100\n|switch|p2a: rodent|Dedenne, L50, F|100/100\n|switch|p2b: Puppet|Banette, L50, F|100/100\n|turn|1\n|\n|t:|1775918391\n|detailschange|p1a: Charizard|Charizard-Mega-Y, L50, M\n|-mega|p1a: Charizard|Charizard|Charizardite Y\n|-weather|SunnyDay|[from] ability: Drought|[of] p1a: Charizard\n|detailschange|p2b: Puppet|Banette-Mega, L50, F\n|-mega|p2b: Puppet|Banette|Banettite\n|move|p1a: Charizard|Protect|p1a: Charizard\n|-singleturn|p1a: Charizard|Protect\n|move|p2b: Puppet|Curse|p1a: Charizard\n|-start|p1a: Charizard|Curse|[of] p2b: Puppet\n|-damage|p2b: Puppet|51/100\n|move|p1b: Venusaur|Sludge Bomb|p2a: rodent\n|-supereffective|p2a: rodent|1\n|-damage|p2a: rodent|8/100\n|-enditem|p2a: rodent|Oran Berry|[eat]\n|-heal|p2a: rodent|15/100|[from] item: Oran Berry\n|-heal|p2a: rodent|48/100|[from] ability: Cheek Pouch\n|move|p2a: rodent|Nuzzle|p1a: Charizard\n|-activate|p1a: Charizard|move: Protect\n|\n|-weather|SunnyDay|[upkeep]\n|-damage|p1a: Charizard|76/100|[from] Curse\n|upkeep\n|turn|2\n|\n|t:|1775918421\n|move|p2b: Puppet|Destiny Bond|p2b: Puppet\n|-singlemove|p2b: Puppet|Destiny Bond\n|move|p1b: Venusaur|Solar Beam||[still]\n|-prepare|p1b: Venusaur|Solar Beam\n|-anim|p1b: Venusaur|Solar Beam|p2b: Puppet\n|-damage|p2b: Puppet|5/100\n|move|p2a: rodent|Nuzzle|p1a: Charizard\n|-supereffective|p1a: Charizard|1\n|-damage|p1a: Charizard|60/100\n|-status|p1a: Charizard|par\n|move|p1a: Charizard|Heat Wave|p2b: Puppet|[spread] p2a,p2b\n|-damage|p2a: rodent|0 fnt\n|-damage|p2b: Puppet|0 fnt\n|faint|p2a: rodent\n|faint|p2b: Puppet\n|-activate|p2b: Puppet|move: Destiny Bond\n|faint|p1a: Charizard\n|\n|-weather|SunnyDay|[upkeep]\n|upkeep\n|\n|t:|1775918456\n|switch|p2a: Blaze|Emboar, L50, F|100/100\n|switch|p1a: Incineroar|Incineroar, L50, M|100/100\n|switch|p2b: Alcremie|Alcremie, L50, F|100/100\n|-ability|p1a: Incineroar|Intimidate|boost\n|-unboost|p2a: Blaze|atk|1\n|-unboost|p2b: Alcremie|atk|1\n|turn|3\n|\n|t:|1775918471\n|move|p1b: Venusaur|Sludge Bomb|p2b: Alcremie\n|-supereffective|p2b: Alcremie|1\n|-damage|p2b: Alcremie|50/100\n|-enditem|p2b: Alcremie|Sitrus Berry|[eat]\n|-heal|p2b: Alcremie|74/100|[from] item: Sitrus Berry\n|move|p2a: Blaze|Flare Blitz|p1b: Venusaur\n|-supereffective|p1b: Venusaur|1\n|-crit|p1b: Venusaur\n|-damage|p1b: Venusaur|0 fnt\n|faint|p1b: Venusaur\n|-damage|p2a: Blaze|77/100|[from] Recoil\n|move|p2b: Alcremie|Decorate|p2a: Blaze\n|-boost|p2a: Blaze|atk|2\n|-boost|p2a: Blaze|spa|2\n|move|p1a: Incineroar|Parting Shot|p2a: Blaze\n|-unboost|p2a: Blaze|atk|1\n|-unboost|p2a: Blaze|spa|1\n|\n|t:|1775918489\n|switch|p1a: Sneasler|Sneasler, L50, M|100/100|[from] Parting Shot\n|\n|-weather|SunnyDay|[upkeep]\n|-heal|p2a: Blaze|83/100|[from] item: Leftovers\n|upkeep\n|\n|t:|1775918495\n|switch|p1b: Incineroar|Incineroar, L50, M|100/100\n|-ability|p1b: Incineroar|Intimidate|boost\n|-unboost|p2a: Blaze|atk|1\n|-unboost|p2b: Alcremie|atk|1\n|turn|4\n|\n|t:|1775918515\n|move|p1a: Sneasler|Fake Out|p2a: Blaze\n|-damage|p2a: Blaze|63/100\n|move|p1b: Incineroar|Fake Out|p2b: Alcremie\n|-damage|p2b: Alcremie|61/100\n|cant|p2a: Blaze|flinch\n|cant|p2b: Alcremie|flinch\n|\n|-weather|SunnyDay|[upkeep]\n|-heal|p2a: Blaze|69/100|[from] item: Leftovers\n|upkeep\n|turn|5\n|\n|t:|1775918539\n|move|p1a: Sneasler|Dire Claw|p2a: Blaze\n|-damage|p2a: Blaze|18/100\n|move|p2a: Blaze|Flare Blitz|p1a: Sneasler\n|-enditem|p1a: Sneasler|Focus Sash\n|-damage|p1a: Sneasler|1/100\n|-damage|p2a: Blaze|0 fnt|[from] Recoil\n|faint|p2a: Blaze\n|move|p2b: Alcremie|Decorate|p2: Blaze|[notarget]\n|-fail|p2b: Alcremie\n|move|p1b: Incineroar|Flare Blitz|p2b: Alcremie\n|-damage|p2b: Alcremie|0 fnt\n|faint|p2b: Alcremie\n|-damage|p1b: Incineroar|84/100|[from] Recoil\n|\n|win|flyingtacodog\n|raw|flyingtacodog's rating: 1000 &rarr; <strong>1043</strong><br />(+43 for winning)\n|raw|Ancient_Sword22's rating: 1030 &rarr; <strong>1014</strong><br />(-16 for losing)\n",
  "uploadtime": 1775918557,
  "views": 13,
  "formatid": "gen9championsvgc2026regma",
  "rating": 1014,
  "private": 0,
  "password": null
}