{
  "id": "gen9championsvgc2026regma-2586606569",
  "format": "[Gen 9 Champions] VGC 2026 Reg M-A",
  "players": [
    "Crimbl",
    "Rangless"
  ],
  "log": "|j|\u2606Crimbl\n|j|\u2606Rangless\n|t:|1776446360\n|gametype|doubles\n|player|p1|Crimbl|plasmagrunt-gen5bw|1084\n|player|p2|Rangless|2|1075\n|gen|9\n|tier|[Gen 9 Champions] VGC 2026 Reg M-A\n|rated|\n|rule|Species Clause: Limit one of each Pok\u00e9mon\n|rule|Item Clause: Limit 1 of each item\n|clearpoke\n|poke|p1|Gengar, L50, M|\n|poke|p1|Tyranitar, L50, M|\n|poke|p1|Incineroar, L50, M|\n|poke|p1|Sinistcha, L50|\n|poke|p1|Kingambit, L50, F|\n|poke|p1|Kommo-o, L50, F|\n|poke|p2|Farigiraf, L50, F|\n|poke|p2|Zoroark-Hisui, L50, F|\n|poke|p2|Kangaskhan, L50, F|\n|poke|p2|Hawlucha, L50, M|\n|poke|p2|Snorlax, L50, M|\n|poke|p2|Volcarona, L50, F|\n|teampreview|4\n|inactive|Battle timer is ON: inactive players will automatically lose when time's up. (requested by Crimbl)\nCrimbl has agreed to open team sheets.\n|inactive|Rangless has 60 seconds left.\n|\n|t:|1776446392\n|teamsize|p1|4\n|teamsize|p2|4\n|start\n|switch|p1a: Gengar|Gengar, L50, M, shiny|100/100\n|switch|p1b: Incineroar|Incineroar, L50, M|100/100\n|switch|p2a: Snorlax|Snorlax, L50, M|100/100\n|switch|p2b: Hawlucha|Hawlucha, L50, M|100/100\n|-ability|p1b: Incineroar|Intimidate|boost\n|-unboost|p2a: Snorlax|atk|1\n|-unboost|p2b: Hawlucha|atk|1\n|-enditem|p2b: Hawlucha|White Herb\n|-clearnegativeboost|p2b: Hawlucha|[silent]\n|turn|1\n|inactive|Rangless has 30 seconds left.\n|\n|t:|1776446417\n|detailschange|p1a: Gengar|Gengar-Mega, L50, M, shiny\n|-mega|p1a: Gengar|Gengar|Gengarite\n|move|p1b: Incineroar|Fake Out|p2b: Hawlucha\n|-damage|p2b: Hawlucha|84/100\n|cant|p2b: Hawlucha|flinch\n|move|p1a: Gengar|Perish Song|p1a: Gengar\n|-start|p1a: Gengar|perish3|[silent]\n|-start|p1b: Incineroar|perish3|[silent]\n|-start|p2a: Snorlax|perish3|[silent]\n|-start|p2b: Hawlucha|perish3|[silent]\n|-fieldactivate|move: Perish Song\n|move|p2a: Snorlax|Shadow Ball|p1a: Gengar\n|-supereffective|p1a: Gengar|1\n|-damage|p1a: Gengar|7/100\n|\n|-start|p2b: Hawlucha|perish3\n|-start|p1a: Gengar|perish3\n|-start|p2a: Snorlax|perish3\n|-start|p1b: Incineroar|perish3\n|upkeep\n|turn|2\n|inactive|Rangless has 30 seconds left.\n|inactive|Rangless has 20 seconds left.\n|inactive|Rangless has 15 seconds left.\n|\n|t:|1776446459\n|switch|p1b: Sinistcha|Sinistcha, L50|100/100\n|-heal|p1a: Gengar|32/100|[from] ability: Hospitality|[of] p1b: Sinistcha\n|move|p1a: Gengar|Protect|p1a: Gengar\n|-singleturn|p1a: Gengar|Protect\n|move|p2b: Hawlucha|Coaching|p2a: Snorlax\n|-boost|p2a: Snorlax|atk|1\n|-boost|p2a: Snorlax|def|1\n|move|p2a: Snorlax|Nasty Plot|p2a: Snorlax\n|-boost|p2a: Snorlax|spa|2\n|\n|-start|p2b: Hawlucha|perish2\n|-start|p1a: Gengar|perish2\n|-start|p2a: Snorlax|perish2\n|upkeep\n|turn|3\n|inactive|Crimbl has 30 seconds left.\n|inactive|Rangless has 30 seconds left.\n|\n|t:|1776446493\n|move|p2b: Hawlucha|Close Combat|p1a: Gengar\n|-immune|p1a: Gengar\n|move|p1a: Gengar|Substitute|p1a: Gengar\n|-start|p1a: Gengar|Substitute\n|-damage|p1a: Gengar|7/100\n|move|p2a: Snorlax|Shadow Ball|p1a: Gengar\n|-supereffective|p1a: Gengar|1\n|-end|p1a: Gengar|Substitute\n|move|p1b: Sinistcha|Life Dew||[still]|[spread] p1a,p1b\n|-heal|p1a: Gengar|32/100\n|-fail|p1b: Sinistcha|heal\n|\n|-start|p2b: Hawlucha|perish1\n|-start|p1a: Gengar|perish1\n|-start|p2a: Snorlax|perish1\n|upkeep\n|turn|4\n|inactive|Crimbl has 30 seconds left.\n|inactive|Rangless has 30 seconds left.\n|inactive|Crimbl has 20 seconds left.\n|inactive|Crimbl has 15 seconds left.\n|\n|t:|1776446536\n|switch|p1a: Incineroar|Incineroar, L50, M|100/100\n|-ability|p1a: Incineroar|Intimidate|boost\n|-unboost|p2a: Snorlax|atk|1\n|-unboost|p2b: Hawlucha|atk|1\n|move|p2b: Hawlucha|Close Combat|p1a: Incineroar\n|-supereffective|p1a: Incineroar|1\n|-damage|p1a: Incineroar|34/100\n|-unboost|p2b: Hawlucha|def|1\n|-unboost|p2b: Hawlucha|spd|1\n|move|p2a: Snorlax|Icy Wind|p1a: Incineroar|[spread] p1a,p1b\n|-resisted|p1a: Incineroar|1\n|-supereffective|p1b: Sinistcha|1\n|-damage|p1a: Incineroar|23/100\n|-damage|p1b: Sinistcha|52/100\n|-unboost|p1a: Incineroar|spe|1\n|-unboost|p1b: Sinistcha|spe|1\n|move|p1b: Sinistcha|Matcha Gotcha|p2b: Hawlucha|[spread] p2a,p2b\n|-resisted|p2b: Hawlucha|1\n|-damage|p2a: Snorlax|45/100\n|-heal|p1b: Sinistcha|72/100|[from] drain|[of] p2a: Snorlax\n|-damage|p2b: Hawlucha|55/100\n|-heal|p1b: Sinistcha|85/100|[from] drain|[of] p2b: Hawlucha\n|replace|p2a: Zoroark|Zoroark-Hisui, L50, F\n|-end|p2a: Zoroark|Illusion\n|\n|-start|p2b: Hawlucha|perish0\n|-start|p2a: Zoroark|perish0\n|upkeep\n|faint|p2b: Hawlucha\n|faint|p2a: Zoroark\n|\n|t:|1776446560\n|switch|p2a: Kangaskhan|Kangaskhan, L50, F, shiny|100/100\n|switch|p2b: Snorlax|Snorlax, L50, M|100/100\n|turn|5\n|inactive|Crimbl has 30 seconds left.\n|inactive|Rangless has 30 seconds left.\n|\n|t:|1776446588\n|move|p1a: Incineroar|Fake Out|p2a: Kangaskhan\n|-damage|p2a: Kangaskhan|90/100\n|cant|p2a: Kangaskhan|flinch\n|move|p1b: Sinistcha|Life Dew|p1b: Sinistcha|[spread] p1a,p1b\n|-heal|p1a: Incineroar|48/100\n|-heal|p1b: Sinistcha|100/100\n|move|p2b: Snorlax|Curse|p2b: Snorlax\n|-unboost|p2b: Snorlax|spe|1\n|-boost|p2b: Snorlax|atk|1\n|-boost|p2b: Snorlax|def|1\n|\n|upkeep\n|turn|6\n|inactive|Crimbl has 30 seconds left.\n|inactive|Crimbl has 20 seconds left.\n|\n|t:|1776446628\n|move|p1b: Sinistcha|Protect|p1b: Sinistcha\n|-singleturn|p1b: Sinistcha|Protect\n|move|p2a: Kangaskhan|Brick Break|p1a: Incineroar\n|-supereffective|p1a: Incineroar|1\n|-damage|p1a: Incineroar|3/100\n|move|p1a: Incineroar|Parting Shot|p2b: Snorlax\n|-unboost|p2b: Snorlax|atk|1\n|-unboost|p2b: Snorlax|spa|1\n|\n|t:|1776446638\n|switch|p1a: Gengar|Gengar-Mega, L50, M, shiny|32/100|[from] Parting Shot\n|move|p2b: Snorlax|Rock Slide|p1a: Gengar|[spread] p1a\n|-activate|p1b: Sinistcha|move: Protect\n|-damage|p1a: Gengar|11/100\n|\n|upkeep\n|turn|7\n|inactive|Rangless has 30 seconds left.\n|inactive|Rangless has 20 seconds left.\n|inactive|Rangless has 15 seconds left.\n|inactive|Rangless has 10 seconds left.\n|\n|t:|1776446684\n|move|p1a: Gengar|Protect|p1a: Gengar\n|-singleturn|p1a: Gengar|Protect\n|move|p2a: Kangaskhan|Body Slam|p1a: Gengar\n|-activate|p1a: Gengar|move: Protect\n|move|p1b: Sinistcha|Life Dew||[still]|[spread] p1a,p1b\n|-heal|p1a: Gengar|36/100\n|-fail|p1b: Sinistcha|heal\n|move|p2b: Snorlax|Rock Slide|p1a: Gengar|[spread] p1b\n|-activate|p1a: Gengar|move: Protect\n|-damage|p1b: Sinistcha|86/100\n|\n|upkeep\n|turn|8\n|\n|t:|1776446705\n|move|p1b: Sinistcha|Protect|p1b: Sinistcha\n|-singleturn|p1b: Sinistcha|Protect\n|move|p1a: Gengar|Perish Song|p1a: Gengar\n|-start|p1a: Gengar|perish3|[silent]\n|-start|p1b: Sinistcha|perish3|[silent]\n|-start|p2a: Kangaskhan|perish3|[silent]\n|-start|p2b: Snorlax|perish3|[silent]\n|-fieldactivate|move: Perish Song\n|move|p2a: Kangaskhan|Body Slam|p1a: Gengar\n|-damage|p1a: Gengar|0 fnt\n|faint|p1a: Gengar\n|move|p2b: Snorlax|Heavy Slam|p1b: Sinistcha\n|-activate|p1b: Sinistcha|move: Protect\n|\n|-start|p2a: Kangaskhan|perish3\n|-start|p1b: Sinistcha|perish3\n|-start|p2b: Snorlax|perish3\n|upkeep\n|\n|t:|1776446719\n|switch|p1a: Incineroar|Incineroar, L50, M|3/100\n|-ability|p1a: Incineroar|Intimidate|boost\n|-fail|p2a: Kangaskhan|unboost|Attack|[from] ability: Scrappy|[of] p2a: Kangaskhan\n|-unboost|p2b: Snorlax|atk|1\n|turn|9\n|\n|t:|1776446739\n|move|p1a: Incineroar|Fake Out|p2b: Snorlax\n|-damage|p2b: Snorlax|95/100\n|move|p1b: Sinistcha|Rage Powder|p1b: Sinistcha\n|-singleturn|p1b: Sinistcha|move: Rage Powder\n|move|p2a: Kangaskhan|Body Slam|p1b: Sinistcha\n|-damage|p1b: Sinistcha|50/100\n|-enditem|p1b: Sinistcha|Sitrus Berry|[eat]\n|-heal|p1b: Sinistcha|75/100|[from] item: Sitrus Berry\n|cant|p2b: Snorlax|flinch\n|\n|-start|p2a: Kangaskhan|perish2\n|-start|p1b: Sinistcha|perish2\n|-start|p2b: Snorlax|perish2\n|upkeep\n|turn|10\n|-message|Rangless forfeited.\n|\n|win|Crimbl\n|raw|Crimbl's rating: 1084 &rarr; <strong>1111</strong><br />(+27 for winning)\n|raw|Rangless's rating: 1075 &rarr; <strong>1054</strong><br />(-21 for losing)\n|l|\u2606Rangless\n|player|p2|\n",
  "uploadtime": 1776446763,
  "views": 19,
  "formatid": "gen9championsvgc2026regma",
  "rating": 1054,
  "private": 0,
  "password": null
}