{
  "id": "gen9championsvgc2026regma-2582482659",
  "format": "[Gen 9 Champions] VGC 2026 Reg M-A",
  "players": [
    "Braute",
    "yuy123"
  ],
  "log": "|j|\u2606Braute\n|j|\u2606yuy123\n|t:|1776094551\n|gametype|doubles\n|player|p1|Braute|miku-fire|1251\n|player|p2|yuy123|li|1215\n|gen|9\n|tier|[Gen 9 Champions] VGC 2026 Reg M-A\n|rated|\n|rule|Species Clause: Limit one of each Pok\u00e9mon\n|rule|Item Clause: Limit 1 of each item\n|clearpoke\n|poke|p1|Beedrill, L50, F|\n|poke|p1|Incineroar, L50, M|\n|poke|p1|Talonflame, L50, M|\n|poke|p1|Kingambit, L50, M|\n|poke|p1|Tyranitar, L50, F|\n|poke|p1|Excadrill, L50, F|\n|poke|p2|Floette-Eternal, L50, F|\n|poke|p2|Whimsicott, L50, F|\n|poke|p2|Orthworm, L50, M|\n|poke|p2|Garchomp, L50, F|\n|poke|p2|Basculegion, L50, M|\n|poke|p2|Kingambit, L50, M|\n|teampreview|4\n|inactive|Battle timer is ON: inactive players will automatically lose when time's up. (requested by Braute)\n|inactive|yuy123 has 60 seconds left.\n|inactive|yuy123 has 30 seconds left.\n|inactive|yuy123 has 20 seconds left.\n|\n|t:|1776094624\n|teamsize|p1|4\n|teamsize|p2|4\n|start\n|switch|p1a: Beedrill|Beedrill, L50, F, shiny|100/100\n|switch|p1b: Talonflame|Talonflame, L50, M|100/100\n|switch|p2a: Garchomp|Garchomp, L50, F|100/100\n|switch|p2b: Kingambit|Kingambit, L50, M|100/100\n|turn|1\n|\n|t:|1776094647\n|move|p1a: Beedrill|Protect|p1a: Beedrill\n|-singleturn|p1a: Beedrill|Protect\n|move|p2b: Kingambit|Protect|p2b: Kingambit\n|-singleturn|p2b: Kingambit|Protect\n|move|p1b: Talonflame|Flare Blitz|p2b: Kingambit\n|-activate|p2b: Kingambit|move: Protect\n|move|p2a: Garchomp|Stone Edge|p1b: Talonflame\n|-supereffective|p1b: Talonflame|2\n|-damage|p1b: Talonflame|0 fnt\n|faint|p1b: Talonflame\n|\n|upkeep\n|\n|t:|1776094655\n|switch|p1b: Tyranitar|Tyranitar, L50, F|100/100\n|-weather|Sandstorm|[from] ability: Sand Stream|[of] p1b: Tyranitar\n|turn|2\n|\n|t:|1776094672\n|detailschange|p1a: Beedrill|Beedrill-Mega, L50, F, shiny\n|-mega|p1a: Beedrill|Beedrill|Beedrillite\n|move|p1a: Beedrill|U-turn|p2a: Garchomp\n|-damage|p2a: Garchomp|43/100\n|-damage|p1a: Beedrill|88/100|[from] ability: Rough Skin|[of] p2a: Garchomp\n|\n|t:|1776094676\n|switch|p1a: Excadrill|Excadrill, L50, F|100/100|[from] U-turn\n|move|p2a: Garchomp|Stone Edge|p1a: Excadrill|[miss]\n|-miss|p2a: Garchomp|p1a: Excadrill\n|move|p1b: Tyranitar|Low Kick|p2b: Kingambit\n|-supereffective|p2b: Kingambit|2\n|-damage|p2b: Kingambit|0 fnt\n|faint|p2b: Kingambit\n|\n|-weather|Sandstorm|[upkeep]\n|upkeep\n|\n|t:|1776094695\n|switch|p2b: Basculegion|Basculegion, L50, M|100/100\n|turn|3\n|\n|t:|1776094713\n|move|p1b: Tyranitar|Protect|p1b: Tyranitar\n|-singleturn|p1b: Tyranitar|Protect\n|move|p1a: Excadrill|High Horsepower|p2b: Basculegion\n|-damage|p2b: Basculegion|36/100\n|move|p2b: Basculegion|Wave Crash|p1a: Excadrill\n|-supereffective|p1a: Excadrill|1\n|-enditem|p1a: Excadrill|Focus Sash\n|-damage|p1a: Excadrill|1/100\n|-damage|p2b: Basculegion|7/100|[from] Recoil\n|move|p2a: Garchomp|Earthquake|p1a: Excadrill|[spread] p2b,p1a\n|-activate|p1b: Tyranitar|move: Protect\n|-supereffective|p1a: Excadrill|1\n|-damage|p2b: Basculegion|0 fnt\n|-damage|p1a: Excadrill|0 fnt\n|faint|p2b: Basculegion\n|faint|p1a: Excadrill\n|\n|-weather|Sandstorm|[upkeep]\n|upkeep\n|\n|t:|1776094731\n|switch|p1a: Beedrill|Beedrill-Mega, L50, F, shiny|88/100\n|switch|p2b: Floette|Floette-Eternal, L50, F|100/100\n|turn|4\n|\n|t:|1776094755\n|detailschange|p2b: Floette|Floette-Mega, L50, F\n|-mega|p2b: Floette|Floette|Floettite\n|-ability|p2b: Floette|Fairy Aura\n|move|p1a: Beedrill|Lunge|p2a: Garchomp\n|-damage|p2a: Garchomp|0 fnt\n|-damage|p1a: Beedrill|76/100|[from] ability: Rough Skin|[of] p2a: Garchomp\n|faint|p2a: Garchomp\n|move|p2b: Floette|Dazzling Gleam|p1a: Beedrill|[spread] p1a,p1b\n|-resisted|p1a: Beedrill|1\n|-supereffective|p1b: Tyranitar|1\n|-crit|p1b: Tyranitar\n|-damage|p1a: Beedrill|35/100\n|-damage|p1b: Tyranitar|3/100\n|move|p1b: Tyranitar|Rock Slide|p2b: Floette\n|-damage|p2b: Floette|45/100\n|\n|-weather|Sandstorm|[upkeep]\n|-damage|p1a: Beedrill|29/100|[from] Sandstorm\n|-damage|p2b: Floette|39/100|[from] Sandstorm\n|upkeep\n|turn|5\n|\n|t:|1776094772\n|move|p1a: Beedrill|Poison Jab|p2b: Floette\n|-supereffective|p2b: Floette|1\n|-damage|p2b: Floette|0 fnt\n|faint|p2b: Floette\n|\n|win|Braute\n|raw|Braute's rating: 1251 &rarr; <strong>1273</strong><br />(+22 for winning)\n|raw|yuy123's rating: 1215 &rarr; <strong>1193</strong><br />(-22 for losing)\n",
  "uploadtime": 1776094773,
  "views": 34,
  "formatid": "gen9championsvgc2026regma",
  "rating": 1193,
  "private": 0,
  "password": null
}