{
  "id": "gen9championsvgc2026regma-2584838134",
  "format": "[Gen 9 Champions] VGC 2026 Reg M-A",
  "players": [
    "rot responder",
    "lets buy packs"
  ],
  "log": "|j|\u2606rot responder\n|j|\u2606lets buy packs\n|t:|1776287573\n|gametype|doubles\n|player|p1|rot responder|102|1120\n|player|p2|lets buy packs|red-masters3|1136\n|gen|9\n|tier|[Gen 9 Champions] VGC 2026 Reg M-A\n|rated|\n|rule|Species Clause: Limit one of each Pok\u00e9mon\n|rule|Item Clause: Limit 1 of each item\n|clearpoke\n|poke|p1|Arcanine, L50, F|\n|poke|p1|Aerodactyl, L50, M|\n|poke|p1|Farigiraf, L50, F|\n|poke|p1|Rotom-Wash, L50|\n|poke|p1|Tyranitar, L50, F|\n|poke|p1|Whimsicott, L50, F|\n|poke|p2|Espathra, L50, F|\n|poke|p2|Glimmora, L50, F|\n|poke|p2|Incineroar, L50, M|\n|poke|p2|Maushold-Four, L50|\n|poke|p2|Froslass, L50, F|\n|poke|p2|Sneasler, L50, F|\n|teampreview|4\n|inactive|Battle timer is ON: inactive players will automatically lose when time's up. (requested by lets buy packs)\n|inactive|rot responder has 60 seconds left.\n|\n|t:|1776287604\n|teamsize|p1|4\n|teamsize|p2|4\n|start\n|switch|p1a: Aerodactyl|Aerodactyl, L50, M|100/100\n|switch|p1b: Farigiraf|Farigiraf, L50, F|100/100\n|switch|p2a: Espathra|Espathra, L50, F|100/100\n|switch|p2b: Incineroar|Incineroar, L50, M|100/100\n|-ability|p1a: Aerodactyl|Unnerve\n|-ability|p2b: Incineroar|Intimidate|boost\n|-unboost|p1a: Aerodactyl|atk|1\n|-unboost|p1b: Farigiraf|atk|1\n|turn|1\n|\n|t:|1776287628\n|switch|p1b: Tyranitar|Tyranitar, L50, F|100/100\n|-weather|Sandstorm|[from] ability: Sand Stream|[of] p1b: Tyranitar\n|detailschange|p1a: Aerodactyl|Aerodactyl-Mega, L50, M\n|-mega|p1a: Aerodactyl|Aerodactyl|Aerodactylite\n|move|p1a: Aerodactyl|Dragon Dance|p1a: Aerodactyl\n|-boost|p1a: Aerodactyl|atk|1\n|-boost|p1a: Aerodactyl|spe|1\n|move|p2a: Espathra|Calm Mind|p2a: Espathra\n|-boost|p2a: Espathra|spa|1\n|-boost|p2a: Espathra|spd|1\n|move|p2b: Incineroar|Throat Chop|p1b: Tyranitar\n|-resisted|p1b: Tyranitar|1\n|-damage|p1b: Tyranitar|89/100\n|-start|p1b: Tyranitar|Throat Chop|[silent]\n|\n|-weather|Sandstorm|[upkeep]\n|-damage|p2a: Espathra|95/100|[from] Sandstorm\n|-damage|p2b: Incineroar|95/100|[from] Sandstorm\n|-ability|p2a: Espathra|Speed Boost|boost\n|-boost|p2a: Espathra|spe|1\n|upkeep\n|turn|2\n|\n|t:|1776287645\n|switch|p2b: Maushold|Maushold-Four, L50|100/100\n|move|p1a: Aerodactyl|Rock Slide|p2b: Maushold|[spread] p2a,p2b\n|-damage|p2a: Espathra|54/100\n|-damage|p2b: Maushold|73/100\n|cant|p2a: Espathra|flinch\n|move|p1b: Tyranitar|Rock Slide|p2b: Maushold|[spread] p2a,p2b\n|-damage|p2a: Espathra|14/100\n|-damage|p2b: Maushold|41/100\n|-enditem|p2b: Maushold|Sitrus Berry|[eat]\n|-heal|p2b: Maushold|66/100|[from] item: Sitrus Berry\n|\n|-weather|Sandstorm|[upkeep]\n|-damage|p2a: Espathra|9/100|[from] Sandstorm\n|-damage|p2b: Maushold|60/100|[from] Sandstorm\n|-end|p1b: Tyranitar|Throat Chop|[silent]\n|-ability|p2a: Espathra|Speed Boost|boost\n|-boost|p2a: Espathra|spe|1\n|upkeep\n|turn|3\n|\n|t:|1776287657\n|move|p2b: Maushold|Protect|p2b: Maushold\n|-singleturn|p2b: Maushold|Protect\n|move|p2a: Espathra|Baton Pass|p2a: Espathra\n|\n|t:|1776287660\n|switch|p2a: Glimmora|Glimmora, L50, F, shiny|100/100|[from] Baton Pass\n|move|p1a: Aerodactyl|Rock Slide|p2a: Glimmora|[spread] p2a\n|-activate|p2b: Maushold|move: Protect\n|-damage|p2a: Glimmora|72/100\n|-activate|p2a: Glimmora|ability: Toxic Debris\n|-sidestart|p1: rot responder|move: Toxic Spikes\n|move|p1b: Tyranitar|Rock Slide|p2b: Maushold|[spread] p2a\n|-activate|p2b: Maushold|move: Protect\n|-damage|p2a: Glimmora|41/100\n|-activate|p2a: Glimmora|ability: Toxic Debris\n|-sidestart|p1: rot responder|move: Toxic Spikes\n|\n|-weather|Sandstorm|[upkeep]\n|-damage|p2b: Maushold|54/100|[from] Sandstorm\n|upkeep\n|turn|4\n|\n|t:|1776287675\n|switch|p2b: Incineroar|Incineroar, L50, M|95/100\n|-ability|p2b: Incineroar|Intimidate|boost\n|-unboost|p1a: Aerodactyl|atk|1\n|-unboost|p1b: Tyranitar|atk|1\n|detailschange|p2a: Glimmora|Glimmora-Mega, L50, F, shiny\n|-mega|p2a: Glimmora|Glimmora|Glimmoranite\n|move|p2a: Glimmora|Power Gem|p1a: Aerodactyl\n|-supereffective|p1a: Aerodactyl|1\n|-damage|p1a: Aerodactyl|0 fnt\n|faint|p1a: Aerodactyl\n|move|p1b: Tyranitar|Rock Slide|p2a: Glimmora|[spread] p2a,p2b\n|-supereffective|p2b: Incineroar|1\n|-damage|p2a: Glimmora|16/100\n|-damage|p2b: Incineroar|52/100\n|\n|-weather|Sandstorm|[upkeep]\n|-damage|p2b: Incineroar|46/100|[from] Sandstorm\n|upkeep\n|\n|t:|1776287689\n|switch|p1a: Farigiraf|Farigiraf, L50, F|100/100\n|-status|p1a: Farigiraf|tox\n|turn|5\n|\n|t:|1776287705\n|move|p2a: Glimmora|Earth Power|p1b: Tyranitar\n|-supereffective|p1b: Tyranitar|1\n|-damage|p1b: Tyranitar|24/100\n|move|p2b: Incineroar|Throat Chop|p1a: Farigiraf\n|-supereffective|p1a: Farigiraf|1\n|-damage|p1a: Farigiraf|44/100 tox\n|-start|p1a: Farigiraf|Throat Chop|[silent]\n|move|p1b: Tyranitar|Rock Slide|p2a: Glimmora|[spread] p2b\n|-miss|p1b: Tyranitar|p2a: Glimmora\n|-supereffective|p2b: Incineroar|1\n|-damage|p2b: Incineroar|7/100\n|move|p1a: Farigiraf|Trick Room|p1a: Farigiraf\n|-fieldstart|move: Trick Room|[of] p1a: Farigiraf\n|\n|-weather|none\n|-heal|p1a: Farigiraf|50/100 tox|[from] item: Leftovers\n|-damage|p1a: Farigiraf|44/100 tox|[from] psn\n|upkeep\n|turn|6\n|\n|t:|1776287719\n|switch|p2b: Maushold|Maushold-Four, L50|54/100\n|move|p2a: Glimmora|Spiky Shield|p2a: Glimmora\n|-singleturn|p2a: Glimmora|move: Protect\n|move|p1a: Farigiraf|Psychic|p2a: Glimmora\n|-activate|p2a: Glimmora|move: Protect\n|move|p1b: Tyranitar|Rock Slide|p2b: Maushold|[spread] p2b\n|-activate|p2a: Glimmora|move: Protect\n|-damage|p2b: Maushold|36/100\n|\n|-heal|p1a: Farigiraf|50/100 tox|[from] item: Leftovers\n|-damage|p1a: Farigiraf|38/100 tox|[from] psn\n|-end|p1a: Farigiraf|Throat Chop|[silent]\n|upkeep\n|turn|7\n|\n|t:|1776287742\n|switch|p1a: Rotom|Rotom-Wash, L50|100/100\n|switch|p2a: Incineroar|Incineroar, L50, M|7/100\n|-ability|p2a: Incineroar|Intimidate|boost\n|-unboost|p1a: Rotom|atk|1\n|-unboost|p1b: Tyranitar|atk|1\n|move|p2b: Maushold|Protect|p2b: Maushold\n|-singleturn|p2b: Maushold|Protect\n|move|p1b: Tyranitar|Rock Slide|p2a: Incineroar|[spread] p2a\n|-activate|p2b: Maushold|move: Protect\n|-supereffective|p2a: Incineroar|1\n|-damage|p2a: Incineroar|0 fnt\n|faint|p2a: Incineroar\n|\n|upkeep\n|\n|t:|1776287745\n|switch|p2a: Glimmora|Glimmora-Mega, L50, F, shiny|16/100\n|turn|8\n|\n|t:|1776287757\n|switch|p1b: Farigiraf|Farigiraf, L50, F|38/100 tox\n|move|p2b: Maushold|Follow Me|p2b: Maushold\n|-singleturn|p2b: Maushold|move: Follow Me\n|move|p2a: Glimmora|Sludge Bomb|p1a: Rotom\n|-damage|p1a: Rotom|18/100\n|move|p1a: Rotom|Volt Switch|p2b: Maushold\n|-damage|p2b: Maushold|3/100\n|\n|t:|1776287766\n|switch|p1a: Tyranitar|Tyranitar, L50, F|24/100|[from] Volt Switch\n|-status|p1a: Tyranitar|tox\n|-weather|Sandstorm|[from] ability: Sand Stream|[of] p1a: Tyranitar\n|\n|-weather|Sandstorm|[upkeep]\n|-damage|p1b: Farigiraf|32/100 tox|[from] Sandstorm\n|-damage|p2b: Maushold|0 fnt|[from] Sandstorm\n|faint|p2b: Maushold\n|-heal|p1b: Farigiraf|38/100 tox|[from] item: Leftovers\n|-damage|p1b: Farigiraf|32/100 tox|[from] psn\n|-damage|p1a: Tyranitar|18/100 tox|[from] psn\n|upkeep\n|\n|t:|1776287768\n|switch|p2b: Espathra|Espathra, L50, F|9/100\n|turn|9\n|\n|t:|1776287776\n|move|p2a: Glimmora|Spiky Shield|p2a: Glimmora\n|-singleturn|p2a: Glimmora|move: Protect\n|move|p2b: Espathra|Protect|p2b: Espathra\n|-singleturn|p2b: Espathra|Protect\n|move|p1b: Farigiraf|Psychic|p2b: Espathra\n|-activate|p2b: Espathra|move: Protect\n|move|p1a: Tyranitar|Rock Slide|p2a: Glimmora|[spread] \n|-activate|p2a: Glimmora|move: Protect\n|-activate|p2b: Espathra|move: Protect\n|\n|-weather|Sandstorm|[upkeep]\n|-damage|p1b: Farigiraf|26/100 tox|[from] Sandstorm\n|-damage|p2b: Espathra|3/100|[from] Sandstorm\n|-heal|p1b: Farigiraf|32/100 tox|[from] item: Leftovers\n|-damage|p1b: Farigiraf|20/100 tox|[from] psn\n|-damage|p1a: Tyranitar|7/100 tox|[from] psn\n|-fieldend|move: Trick Room\n|-ability|p2b: Espathra|Speed Boost|boost\n|-boost|p2b: Espathra|spe|1\n|upkeep\n|turn|10\n|\n|t:|1776287790\n|switch|p1a: Rotom|Rotom-Wash, L50|18/100\n|move|p1b: Farigiraf|Protect|p1b: Farigiraf\n|-singleturn|p1b: Farigiraf|Protect\n|move|p2b: Espathra|Lumina Crash|p1b: Farigiraf\n|-activate|p1b: Farigiraf|move: Protect\n|move|p2a: Glimmora|Power Gem|p1a: Rotom\n|-damage|p1a: Rotom|0 fnt\n|faint|p1a: Rotom\n|\n|-weather|Sandstorm|[upkeep]\n|-damage|p2b: Espathra|0 fnt|[from] Sandstorm\n|-damage|p1b: Farigiraf|14/100 tox|[from] Sandstorm\n|faint|p2b: Espathra\n|-heal|p1b: Farigiraf|20/100 tox|[from] item: Leftovers\n|-damage|p1b: Farigiraf|2/100 tox|[from] psn\n|upkeep\n|\n|t:|1776287803\n|switch|p1a: Tyranitar|Tyranitar, L50, F|7/100 tox\n|turn|11\n|\n|t:|1776287808\n|move|p2a: Glimmora|Spiky Shield|p2a: Glimmora\n|-singleturn|p2a: Glimmora|move: Protect\n|move|p1a: Tyranitar|Rock Slide|p2a: Glimmora\n|-activate|p2a: Glimmora|move: Protect\n|move|p1b: Farigiraf|Psychic|p2a: Glimmora\n|-activate|p2a: Glimmora|move: Protect\n|\n|-weather|Sandstorm|[upkeep]\n|-damage|p1b: Farigiraf|0 fnt|[from] Sandstorm\n|faint|p1b: Farigiraf\n|-damage|p1a: Tyranitar|1/100 tox|[from] psn\n|upkeep\n|turn|12\n|\n|t:|1776287814\n|move|p2a: Glimmora|Power Gem|p1a: Tyranitar\n|-damage|p1a: Tyranitar|0 fnt\n|faint|p1a: Tyranitar\n|\n|win|lets buy packs\n|raw|rot responder's rating: 1120 &rarr; <strong>1096</strong><br />(-24 for losing)\n|raw|lets buy packs's rating: 1136 &rarr; <strong>1160</strong><br />(+24 for winning)\n",
  "uploadtime": 1776287815,
  "views": 20,
  "formatid": "gen9championsvgc2026regma",
  "rating": 1096,
  "private": 0,
  "password": null
}