{
  "id": "gen9championsvgc2026regma-2583570558",
  "format": "[Gen 9 Champions] VGC 2026 Reg M-A",
  "players": [
    "Geargiano",
    "BX3Q2W9M0"
  ],
  "log": "|j|\u2606Geargiano\n|j|\u2606BX3Q2W9M0\n|t:|1776183976\n|gametype|doubles\n|player|p1|Geargiano|169|1057\n|player|p2|BX3Q2W9M0|102|1051\n|gen|9\n|tier|[Gen 9 Champions] VGC 2026 Reg M-A\n|rated|\n|rule|Species Clause: Limit one of each Pok\u00e9mon\n|rule|Item Clause: Limit 1 of each item\n|clearpoke\n|poke|p1|Pelipper, L50, M|\n|poke|p1|Politoed, L50, M|\n|poke|p1|Meganium, L50, F|\n|poke|p1|Basculegion, L50, M|\n|poke|p1|Aggron, L50, F|\n|poke|p1|Archaludon, L50, F|\n|poke|p2|Incineroar, L50, M|\n|poke|p2|Gyarados, L50, F|\n|poke|p2|Meganium, L50, M|\n|poke|p2|Whimsicott, L50, F|\n|poke|p2|Sneasler, L50, F|\n|poke|p2|Kingambit, L50, F|\n|teampreview|4\n|inactive|Battle timer is ON: inactive players will automatically lose when time's up. (requested by BX3Q2W9M0)\n|\n|t:|1776184016\n|teamsize|p1|4\n|teamsize|p2|4\n|start\n|switch|p1a: Vapore0n|Politoed, L50, M|100/100\n|switch|p1b: Meganium|Meganium, L50, F|100/100\n|switch|p2a: Meganium|Meganium, L50, M|100/100\n|switch|p2b: Whimsicott|Whimsicott, L50, F|100/100\n|-weather|RainDance|[from] ability: Drizzle|[of] p1a: Vapore0n\n|turn|1\n|inactive|Geargiano has 30 seconds left.\n|inactive|BX3Q2W9M0 has 30 seconds left.\n|inactive|Geargiano has 20 seconds left.\n|inactive|BX3Q2W9M0 has 20 seconds left.\n|inactive|Geargiano has 15 seconds left.\n|inactive|BX3Q2W9M0 has 15 seconds left.\n|inactive|Geargiano has 10 seconds left.\n|inactive|BX3Q2W9M0 has 10 seconds left.\n|inactive|Geargiano has 5 seconds left.\n|\n|t:|1776184072\n|detailschange|p2a: Meganium|Meganium-Mega, L50, M\n|-mega|p2a: Meganium|Meganium|Meganiumite\n|move|p2b: Whimsicott|Tailwind|p2b: Whimsicott\n|-sidestart|p2: BX3Q2W9M0|move: Tailwind\n|move|p2a: Meganium|Dazzling Gleam|p1b: Meganium|[spread] p1a,p1b\n|-damage|p1a: Vapore0n|62/100\n|-damage|p1b: Meganium|67/100\n|move|p1a: Vapore0n|Ice Beam|p2b: Whimsicott\n|-supereffective|p2b: Whimsicott|1\n|-damage|p2b: Whimsicott|40/100\n|move|p1b: Meganium|Weather Ball|p2b: Whimsicott\n|-resisted|p2b: Whimsicott|1\n|-damage|p2b: Whimsicott|12/100\n|\n|-weather|RainDance|[upkeep]\n|upkeep\n|turn|2\n|inactive|Geargiano has 30 seconds left.\n|inactive|Geargiano has 20 seconds left.\n|inactive|Geargiano has 15 seconds left.\n|\n|t:|1776184112\n|switch|p2b: Sneasler|Sneasler, L50, F|100/100\n|detailschange|p1b: Meganium|Meganium-Mega, L50, F\n|-mega|p1b: Meganium|Meganium|Meganiumite\n|move|p2a: Meganium|Dazzling Gleam|p1a: Vapore0n|[spread] p1a,p1b\n|-damage|p1a: Vapore0n|26/100\n|-damage|p1b: Meganium|37/100\n|move|p1a: Vapore0n|Ice Beam|p2b: Sneasler\n|-damage|p2b: Sneasler|65/100\n|move|p1b: Meganium|Weather Ball|p2a: Meganium\n|-supereffective|p2a: Meganium|1\n|-damage|p2a: Meganium|0 fnt\n|faint|p2a: Meganium\n|\n|-weather|RainDance|[upkeep]\n|upkeep\n|\n|t:|1776184127\n|switch|p2a: Kingambit|Kingambit, L50, F|100/100\n|turn|3\n|\n|t:|1776184141\n|move|p2b: Sneasler|Fake Out|p1b: Meganium\n|-crit|p1b: Meganium\n|-damage|p1b: Meganium|19/100\n|move|p2a: Kingambit|Iron Head|p1b: Meganium\n|-supereffective|p1b: Meganium|1\n|-damage|p1b: Meganium|0 fnt\n|faint|p1b: Meganium\n|move|p1a: Vapore0n|Focus Blast|p2a: Kingambit|[miss]\n|-miss|p1a: Vapore0n|p2a: Kingambit\n|\n|-weather|RainDance|[upkeep]\n|upkeep\n|inactive|Geargiano has 30 seconds left.\n|inactive|Geargiano has 20 seconds left.\n|inactive|Geargiano has 15 seconds left.\n|inactive|Geargiano has 10 seconds left.\n|\n|t:|1776184187\n|switch|p1b: Aggron|Aggron, L50, F|100/100\n|turn|4\n|\n|t:|1776184209\n|move|p1a: Vapore0n|Protect|p1a: Vapore0n\n|-singleturn|p1a: Vapore0n|Protect\n|move|p2b: Sneasler|Close Combat|p1b: Aggron\n|-supereffective|p1b: Aggron|2\n|-damage|p1b: Aggron|0 fnt\n|-unboost|p2b: Sneasler|def|1\n|-unboost|p2b: Sneasler|spd|1\n|faint|p1b: Aggron\n|move|p2a: Kingambit|Kowtow Cleave|p1a: Vapore0n\n|-activate|p1a: Vapore0n|move: Protect\n|\n|-weather|RainDance|[upkeep]\n|-sideend|p2: BX3Q2W9M0|move: Tailwind\n|upkeep\n|inactive|Geargiano has 30 seconds left.\n|\n|t:|1776184240\n|switch|p1b: Basculegion|Basculegion, L50, M|100/100\n|turn|5\n|\n|t:|1776184252\n|move|p1b: Basculegion|Last Respects|p2b: Sneasler\n|-damage|p2b: Sneasler|0 fnt\n|faint|p2b: Sneasler\n|move|p1a: Vapore0n|Focus Blast|p2a: Kingambit\n|-supereffective|p2a: Kingambit|2\n|-damage|p2a: Kingambit|0 fnt\n|faint|p2a: Kingambit\n|\n|-weather|none\n|upkeep\n|\n|t:|1776184264\n|switch|p2a: Whimsicott|Whimsicott, L50, F|12/100\n|turn|6\n|\n|t:|1776184275\n|move|p1b: Basculegion|Aqua Jet|p2a: Whimsicott\n|-resisted|p2a: Whimsicott|1\n|-damage|p2a: Whimsicott|0 fnt\n|faint|p2a: Whimsicott\n|\n|win|Geargiano\n|raw|Geargiano's rating: 1057 &rarr; <strong>1088</strong><br />(+31 for winning)\n|raw|BX3Q2W9M0's rating: 1051 &rarr; <strong>1034</strong><br />(-17 for losing)\n",
  "uploadtime": 1776184282,
  "views": 13,
  "formatid": "gen9championsvgc2026regma",
  "rating": 1034,
  "private": 0,
  "password": null
}