{
  "id": "gen9championsvgc2026regma-2588729804",
  "format": "[Gen 9 Champions] VGC 2026 Reg M-A",
  "players": [
    "123a123a1",
    "Kitsune.Post"
  ],
  "log": "|j|\u2606123a123a1\n|j|\u2606Kitsune.Post\n|t:|1776663023\n|gametype|doubles\n|player|p1|123a123a1|bugcatcher-gen4dp|1139\n|player|p2|Kitsune.Post|medium|1183\n|gen|9\n|tier|[Gen 9 Champions] VGC 2026 Reg M-A\n|rated|\n|rule|Species Clause: Limit one of each Pok\u00e9mon\n|rule|Item Clause: Limit 1 of each item\n|clearpoke\n|poke|p1|Froslass, L50, F|\n|poke|p1|Sneasler, L50, M|\n|poke|p1|Hydreigon, L50, F|\n|poke|p1|Garchomp, L50, M|\n|poke|p1|Basculegion, L50, M|\n|poke|p1|Goodra-Hisui, L50, F|\n|poke|p2|Sneasler, L50, F|\n|poke|p2|Garchomp, L50, M|\n|poke|p2|Skarmory, L50, F|\n|poke|p2|Floette-Eternal, L50, F|\n|poke|p2|Zoroark-Hisui, L50, M|\n|poke|p2|Whimsicott, L50, F|\n|teampreview|4\n|\n|t:|1776663060\n|teamsize|p1|4\n|teamsize|p2|4\n|start\n|switch|p1a: Hydreigon|Hydreigon, L50, F|100/100\n|switch|p1b: Froslass|Froslass, L50, F|100/100\n|switch|p2a: Whimsicott|Whimsicott, L50, F|100/100\n|switch|p2b: Garchomp|Garchomp, L50, M|100/100\n|turn|1\n|\n|t:|1776663083\n|detailschange|p1b: Froslass|Froslass-Mega, L50, F\n|-mega|p1b: Froslass|Froslass|Froslassite\n|-weather|Snowscape|[from] ability: Snow Warning|[of] p1b: Froslass\n|move|p2a: Whimsicott|Tailwind|p2a: Whimsicott\n|-sidestart|p2: Kitsune.Post|move: Tailwind\n|move|p2b: Garchomp|Shadow Ball|p1b: Froslass\n|-supereffective|p1b: Froslass|1\n|-damage|p1b: Froslass|5/100\n|move|p1b: Froslass|Blizzard|p2b: Garchomp|[spread] p2a,p2b\n|-supereffective|p2a: Whimsicott|1\n|-damage|p2a: Whimsicott|0 fnt\n|-damage|p2b: Garchomp|4/100\n|replace|p2b: Zoroark|Zoroark-Hisui, L50, M\n|-end|p2b: Zoroark|Illusion\n|faint|p2a: Whimsicott\n|move|p1a: Hydreigon|Tailwind|p1a: Hydreigon\n|-sidestart|p1: 123a123a1|move: Tailwind\n|\n|-weather|Snowscape|[upkeep]\n|upkeep\n|c|\u2606123a123a1|That scared me\n|\n|t:|1776663103\n|switch|p2a: Garchomp|Garchomp, L50, M|100/100\n|turn|2\n|c|\u2606123a123a1|I genuinely thought garchomp had shadow ball\n|\n|t:|1776663127\n|move|p1a: Hydreigon|Protect|p1a: Hydreigon\n|-singleturn|p1a: Hydreigon|Protect\n|move|p2a: Garchomp|Rock Slide|p1a: Hydreigon|[spread] p1b\n|-activate|p1a: Hydreigon|move: Protect\n|-supereffective|p1b: Froslass|1\n|-damage|p1b: Froslass|0 fnt\n|faint|p1b: Froslass\n|move|p2b: Zoroark|Icy Wind|p1a: Hydreigon\n|-activate|p1a: Hydreigon|move: Protect\n|\n|-weather|Snowscape|[upkeep]\n|upkeep\n|\n|t:|1776663135\n|switch|p1b: Sneasler|Sneasler, L50, M|100/100\n|turn|3\n|\n|t:|1776663143\n|move|p2a: Garchomp|Rock Slide|p1a: Hydreigon|[spread] p1a,p1b\n|-resisted|p1b: Sneasler|1\n|-damage|p1a: Hydreigon|79/100\n|-damage|p1b: Sneasler|83/100\n|cant|p1b: Sneasler|flinch\n|move|p2b: Zoroark|Icy Wind|p1b: Sneasler|[spread] p1a,p1b\n|-supereffective|p1a: Hydreigon|1\n|-crit|p1b: Sneasler\n|-damage|p1a: Hydreigon|43/100\n|-damage|p1b: Sneasler|55/100\n|-unboost|p1a: Hydreigon|spe|1\n|-unboost|p1b: Sneasler|spe|1\n|-enditem|p1b: Sneasler|White Herb\n|-clearnegativeboost|p1b: Sneasler|[silent]\n|move|p1a: Hydreigon|Dark Pulse|p2b: Zoroark\n|-supereffective|p2b: Zoroark|1\n|-damage|p2b: Zoroark|0 fnt\n|faint|p2b: Zoroark\n|\n|-weather|Snowscape|[upkeep]\n|upkeep\n|\n|t:|1776663157\n|switch|p2b: Floette|Floette-Eternal, L50, F|100/100\n|turn|4\n|\n|t:|1776663173\n|move|p1b: Sneasler|Protect|p1b: Sneasler\n|-singleturn|p1b: Sneasler|Protect\n|move|p2b: Floette|Protect|p2b: Floette\n|-singleturn|p2b: Floette|Protect\n|move|p1a: Hydreigon|Protect|p1a: Hydreigon\n|-singleturn|p1a: Hydreigon|Protect\n|move|p2a: Garchomp|Rock Slide|p1a: Hydreigon|[spread] \n|-activate|p1a: Hydreigon|move: Protect\n|-activate|p1b: Sneasler|move: Protect\n|\n|-weather|Snowscape|[upkeep]\n|-sideend|p1: 123a123a1|move: Tailwind\n|-sideend|p2: Kitsune.Post|move: Tailwind\n|upkeep\n|turn|5\n|\n|t:|1776663202\n|move|p2b: Floette|Protect|p2b: Floette\n|-singleturn|p2b: Floette|Protect\n|move|p1b: Sneasler|Dire Claw|p2b: Floette\n|-activate|p2b: Floette|move: Protect\n|move|p2a: Garchomp|Rock Slide|p1a: Hydreigon|[spread] p1a,p1b\n|-resisted|p1b: Sneasler|1\n|-crit|p1b: Sneasler\n|-damage|p1a: Hydreigon|20/100\n|-damage|p1b: Sneasler|28/100\n|move|p1a: Hydreigon|Tailwind|p1a: Hydreigon\n|-sidestart|p1: 123a123a1|move: Tailwind\n|\n|-weather|none\n|upkeep\n|turn|6\n|\n|t:|1776663239\n|detailschange|p2b: Floette|Floette-Mega, L50, F\n|-mega|p2b: Floette|Floette|Floettite\n|-ability|p2b: Floette|Fairy Aura\n|move|p2b: Floette|Protect|p2b: Floette\n|-singleturn|p2b: Floette|Protect\n|move|p1b: Sneasler|Dire Claw|p2b: Floette\n|-activate|p2b: Floette|move: Protect\n|move|p2a: Garchomp|Rock Slide|p1b: Sneasler|[spread] p1a,p1b\n|-resisted|p1b: Sneasler|1\n|-damage|p1a: Hydreigon|0 fnt\n|-damage|p1b: Sneasler|11/100\n|faint|p1a: Hydreigon\n|\n|upkeep\n|\n|t:|1776663252\n|switch|p1a: Goodra|Goodra-Hisui, L50, F|100/100\n|turn|7\n|\n|t:|1776663265\n|move|p1b: Sneasler|Protect|p1b: Sneasler\n|-singleturn|p1b: Sneasler|Protect\n|move|p2a: Garchomp|Rock Slide|p1b: Sneasler|[spread] p1a\n|-activate|p1b: Sneasler|move: Protect\n|-resisted|p1a: Goodra|1\n|-damage|p1a: Goodra|94/100\n|cant|p1a: Goodra|flinch\n|move|p2b: Floette|Light of Ruin|p1a: Goodra\n|-damage|p1a: Goodra|14/100\n|-damage|p2b: Floette|59/100|[from] Recoil\n|\n|upkeep\n|turn|8\n|l|\u2606Kitsune.Post\n|player|p2|\n|j|\u2606Kitsune.Post\n|player|p2|Kitsune.Post|medium|\n|\n|t:|1776663290\n|move|p2b: Floette|Protect|p2b: Floette\n|-singleturn|p2b: Floette|Protect\n|move|p1b: Sneasler|Close Combat|p2a: Garchomp\n|-damage|p2a: Garchomp|33/100\n|-unboost|p1b: Sneasler|def|1\n|-unboost|p1b: Sneasler|spd|1\n|-damage|p1b: Sneasler|0 fnt|[from] ability: Rough Skin|[of] p2a: Garchomp\n|faint|p1b: Sneasler\n|move|p2a: Garchomp|Rock Slide|p1a: Goodra\n|-resisted|p1a: Goodra|1\n|-crit|p1a: Goodra\n|-damage|p1a: Goodra|0 fnt\n|faint|p1a: Goodra\n|\n|win|Kitsune.Post\n|raw|123a123a1's rating: 1139 &rarr; <strong>1117</strong><br />(-22 for losing)\n|raw|Kitsune.Post's rating: 1183 &rarr; <strong>1205</strong><br />(+22 for winning)\n|l|\u2606123a123a1\n|player|p1|\n|l|\u2606Kitsune.Post\n|player|p2|\n|j|\u2606Kitsune.Post\n|player|p2|Kitsune.Post|medium|\n",
  "uploadtime": 1776663332,
  "views": 22,
  "formatid": "gen9championsvgc2026regma",
  "rating": 1117,
  "private": 0,
  "password": null
}