{
  "id": "gen9championsvgc2026regma-2583188718",
  "format": "[Gen 9 Champions] VGC 2026 Reg M-A",
  "players": [
    "xzw9894936",
    "MigraineMan"
  ],
  "log": "|j|\u2606xzw9894936\n|j|\u2606MigraineMan\n|t:|1776152675\n|gametype|doubles\n|player|p1|xzw9894936|170|1167\n|player|p2|MigraineMan|102|1237\n|gen|9\n|tier|[Gen 9 Champions] VGC 2026 Reg M-A\n|rated|\n|rule|Species Clause: Limit one of each Pok\u00e9mon\n|rule|Item Clause: Limit 1 of each item\n|clearpoke\n|poke|p1|Basculegion, L50, M|\n|poke|p1|Pelipper, L50, F|\n|poke|p1|Meganium, L50, M|\n|poke|p1|Archaludon, L50, M|\n|poke|p1|Aerodactyl, L50, F|\n|poke|p1|Sneasler, L50, M|\n|poke|p2|Espathra, L50, M|\n|poke|p2|Floette-Eternal, L50, F|\n|poke|p2|Incineroar, L50, F|\n|poke|p2|Sneasler, L50, F|\n|poke|p2|Maushold-Four, L50|\n|poke|p2|Froslass, L50, F|\n|teampreview|4\n|\n|t:|1776152711\n|teamsize|p1|4\n|teamsize|p2|4\n|start\n|switch|p1a: Aerodactyl|Aerodactyl, L50, F|100/100\n|switch|p1b: Sneasler|Sneasler, L50, M|100/100\n|switch|p2a: Espathra|Espathra, L50, M, shiny|100/100\n|switch|p2b: Incineroar|Incineroar, L50, F|100/100\n|-ability|p1a: Aerodactyl|Unnerve\n|-ability|p2b: Incineroar|Intimidate|boost\n|-unboost|p1a: Aerodactyl|atk|1\n|-unboost|p1b: Sneasler|atk|1\n|-enditem|p1b: Sneasler|White Herb\n|-clearnegativeboost|p1b: Sneasler|[silent]\n|turn|1\n|\n|t:|1776152730\n|move|p2a: Espathra|Protect|p2a: Espathra\n|-singleturn|p2a: Espathra|Protect\n|move|p1b: Sneasler|Fake Out|p2b: Incineroar\n|-damage|p2b: Incineroar|89/100\n|move|p1a: Aerodactyl|Tailwind|p1a: Aerodactyl\n|-sidestart|p1: xzw9894936|move: Tailwind\n|cant|p2b: Incineroar|flinch\n|\n|-ability|p2a: Espathra|Speed Boost|boost\n|-boost|p2a: Espathra|spe|1\n|upkeep\n|turn|2\n|\n|t:|1776152741\n|switch|p2b: Maushold|Maushold-Four, L50|100/100\n|move|p1b: Sneasler|Close Combat|p2b: Maushold\n|-supereffective|p2b: Maushold|1\n|-damage|p2b: Maushold|0 fnt\n|-unboost|p1b: Sneasler|def|1\n|-unboost|p1b: Sneasler|spd|1\n|faint|p2b: Maushold\n|move|p1a: Aerodactyl|Rock Slide|p2a: Espathra\n|-damage|p2a: Espathra|70/100\n|move|p2a: Espathra|Calm Mind|p2a: Espathra\n|-boost|p2a: Espathra|spa|1\n|-boost|p2a: Espathra|spd|1\n|\n|-ability|p2a: Espathra|Speed Boost|boost\n|-boost|p2a: Espathra|spe|1\n|upkeep\n|\n|t:|1776152749\n|switch|p2b: Incineroar|Incineroar, L50, F|89/100\n|-ability|p2b: Incineroar|Intimidate|boost\n|-unboost|p1a: Aerodactyl|atk|1\n|-unboost|p1b: Sneasler|atk|1\n|turn|3\n|\n|t:|1776152768\n|move|p2b: Incineroar|Fake Out|p1a: Aerodactyl\n|-resisted|p1a: Aerodactyl|1\n|-damage|p1a: Aerodactyl|92/100\n|move|p1b: Sneasler|Close Combat|p2b: Incineroar\n|-supereffective|p2b: Incineroar|1\n|-damage|p2b: Incineroar|21/100\n|-unboost|p1b: Sneasler|def|1\n|-unboost|p1b: Sneasler|spd|1\n|cant|p1a: Aerodactyl|flinch\n|move|p2a: Espathra|Calm Mind|p2a: Espathra\n|-boost|p2a: Espathra|spa|1\n|-boost|p2a: Espathra|spd|1\n|\n|-ability|p2a: Espathra|Speed Boost|boost\n|-boost|p2a: Espathra|spe|1\n|upkeep\n|turn|4\n|\n|t:|1776152789\n|move|p1b: Sneasler|Dire Claw|p2a: Espathra\n|-damage|p2a: Espathra|33/100\n|move|p2a: Espathra|Baton Pass|p2a: Espathra\n|\n|t:|1776152793\n|switch|p2a: Floette|Floette-Eternal, L50, F|100/100|[from] Baton Pass\n|move|p1a: Aerodactyl|Dual Wingbeat|p2a: Floette\n|-damage|p2a: Floette|86/100\n|-damage|p2a: Floette|73/100\n|-hitcount|p2a: Floette|2\n|move|p2b: Incineroar|Flare Blitz|p1b: Sneasler\n|-damage|p1b: Sneasler|0 fnt\n|faint|p1b: Sneasler\n|-damage|p2b: Incineroar|0 fnt|[from] Recoil\n|faint|p2b: Incineroar\n|\n|-sideend|p1: xzw9894936|move: Tailwind\n|upkeep\n|\n|t:|1776152799\n|switch|p1b: Pelipper|Pelipper, L50, F|100/100\n|switch|p2b: Espathra|Espathra, L50, M, shiny|33/100\n|-weather|RainDance|[from] ability: Drizzle|[of] p1b: Pelipper\n|turn|5\n|-message|xzw9894936 forfeited.\n|\n|win|MigraineMan\n|raw|xzw9894936's rating: 1167 &rarr; <strong>1147</strong><br />(-20 for losing)\n|raw|MigraineMan's rating: 1237 &rarr; <strong>1257</strong><br />(+20 for winning)\n|l|\u2606xzw9894936\n|player|p1|\n",
  "uploadtime": 1776152820,
  "views": 27,
  "formatid": "gen9championsvgc2026regma",
  "rating": 1147,
  "private": 0,
  "password": null
}