{
  "id": "gen9championsvgc2026regma-2585216532",
  "format": "[Gen 9 Champions] VGC 2026 Reg M-A",
  "players": [
    "Cogito3",
    "momentaueita"
  ],
  "log": "|j|\u2606Cogito3\n|j|\u2606momentaueita\n|t:|1776326097\n|gametype|doubles\n|player|p1|Cogito3|psychicf-gen4|1313\n|player|p2|momentaueita|flint|1393\n|gen|9\n|tier|[Gen 9 Champions] VGC 2026 Reg M-A\n|rated|\n|rule|Species Clause: Limit one of each Pok\u00e9mon\n|rule|Item Clause: Limit 1 of each item\n|clearpoke\n|poke|p1|Excadrill, L50, F|\n|poke|p1|Tyranitar, L50, F|\n|poke|p1|Rotom-Wash, L50|\n|poke|p1|Sneasler, L50, F|\n|poke|p1|Dragapult, L50, F|\n|poke|p1|Meganium, L50, M|\n|poke|p2|Meganium, L50, M|\n|poke|p2|Aerodactyl, L50, F|\n|poke|p2|Pelipper, L50, M|\n|poke|p2|Archaludon, L50, F|\n|poke|p2|Dragonite, L50, F|\n|poke|p2|Basculegion, L50, M|\n|teampreview|4\n|inactive|Battle timer is ON: inactive players will automatically lose when time's up. (requested by momentaueita)\n|inactive|Cogito3 also wants the timer to be on.\n|inactive|momentaueita has 60 seconds left.\n|\n|t:|1776326128\n|teamsize|p1|4\n|teamsize|p2|4\n|start\n|switch|p1a: Tyranitar|Tyranitar, L50, F|100/100\n|switch|p1b: Sneasler|Sneasler, L50, F|100/100\n|switch|p2a: Meganium|Meganium, L50, M|100/100\n|switch|p2b: Aerodactyl|Aerodactyl, L50, F|100/100\n|-ability|p2b: Aerodactyl|Unnerve\n|-weather|Sandstorm|[from] ability: Sand Stream|[of] p1a: Tyranitar\n|turn|1\n|\n|t:|1776326144\n|detailschange|p2a: Meganium|Meganium-Mega, L50, M\n|-mega|p2a: Meganium|Meganium|Meganiumite\n|move|p1b: Sneasler|Fake Out|p2b: Aerodactyl\n|-resisted|p2b: Aerodactyl|1\n|-damage|p2b: Aerodactyl|90/100\n|cant|p2b: Aerodactyl|flinch\n|move|p2a: Meganium|Solar Beam||[still]\n|-prepare|p2a: Meganium|Solar Beam\n|-activate|p2a: Meganium|ability: Mega Sol\n|-anim|p2a: Meganium|Solar Beam|p1a: Tyranitar\n|-supereffective|p1a: Tyranitar|1\n|-damage|p1a: Tyranitar|0 fnt\n|faint|p1a: Tyranitar\n|\n|-weather|Sandstorm|[upkeep]\n|-damage|p1b: Sneasler|94/100|[from] Sandstorm\n|-damage|p2a: Meganium|95/100|[from] Sandstorm\n|upkeep\n|j| VegitoSKBEST\n|\n|t:|1776326162\n|switch|p1a: Rotom|Rotom-Wash, L50|100/100\n|turn|2\n|inactive|momentaueita has 30 seconds left.\n|\n|t:|1776326192\n|switch|p2a: Pelipper|Pelipper, L50, M|100/100\n|-weather|RainDance|[from] ability: Drizzle|[of] p2a: Pelipper\n|move|p1b: Sneasler|Protect|p1b: Sneasler\n|-singleturn|p1b: Sneasler|Protect\n|move|p2b: Aerodactyl|Dual Wingbeat|p1b: Sneasler\n|-activate|p1b: Sneasler|move: Protect\n|move|p1a: Rotom|Hydro Pump|p2b: Aerodactyl\n|-supereffective|p2b: Aerodactyl|1\n|-crit|p2b: Aerodactyl\n|-damage|p2b: Aerodactyl|0 fnt\n|faint|p2b: Aerodactyl\n|\n|-weather|RainDance|[upkeep]\n|upkeep\n|\n|t:|1776326199\n|switch|p2b: Basculegion|Basculegion, L50, M|100/100\n|turn|3\n|inactive|Cogito3 has 30 seconds left.\n|inactive|Cogito3 has 20 seconds left.\n|\n|t:|1776326237\n|switch|p1b: Dragapult|Dragapult, L50, F|100/100\n|move|p2b: Basculegion|Flip Turn|p1a: Rotom\n|-resisted|p1a: Rotom|1\n|-damage|p1a: Rotom|73/100\n|\n|t:|1776326242\n|switch|p2b: Meganium|Meganium-Mega, L50, M|95/100|[from] Flip Turn\n|move|p1a: Rotom|Thunderbolt|p2b: Meganium\n|-resisted|p2b: Meganium|1\n|-damage|p2b: Meganium|77/100\n|move|p2a: Pelipper|Muddy Water|p1a: Rotom|[spread] p1a,p1b\n|-resisted|p1a: Rotom|1\n|-resisted|p1b: Dragapult|1\n|-damage|p1a: Rotom|55/100\n|-damage|p1b: Dragapult|71/100\n|\n|-weather|RainDance|[upkeep]\n|upkeep\n|turn|4\n|inactive|Cogito3 has 30 seconds left.\n|\n|t:|1776326273\n|move|p1b: Dragapult|Phantom Force||[still]\n|-prepare|p1b: Dragapult|Phantom Force\n|move|p1a: Rotom|Volt Switch|p2a: Pelipper\n|-supereffective|p2a: Pelipper|2\n|-damage|p2a: Pelipper|0 fnt\n|faint|p2a: Pelipper\n|\n|t:|1776326278\n|switch|p1a: Sneasler|Sneasler, L50, F|94/100|[from] Volt Switch\n|move|p2b: Meganium|Dazzling Gleam|p1b: Dragapult|[spread] p1a\n|-miss|p2b: Meganium|p1b: Dragapult\n|-damage|p1a: Sneasler|49/100\n|\n|-weather|RainDance|[upkeep]\n|upkeep\n|\n|t:|1776326285\n|switch|p2a: Basculegion|Basculegion, L50, M|100/100\n|turn|5\n|inactive|Cogito3 has 30 seconds left.\n|\n|t:|1776326311\n|switch|p1a: Rotom|Rotom-Wash, L50|55/100\n|move|p2a: Basculegion|Last Respects|p1a: Rotom\n|-damage|p1a: Rotom|0 fnt\n|faint|p1a: Rotom\n|move|p1b: Dragapult|Phantom Force|p2b: Meganium|[from] lockedmove\n|-damage|p2b: Meganium|32/100\n|move|p2b: Meganium|Dazzling Gleam|p1b: Dragapult\n|-supereffective|p1b: Dragapult|1\n|-damage|p1b: Dragapult|0 fnt\n|faint|p1b: Dragapult\n|\n|-weather|RainDance|[upkeep]\n|upkeep\n|\n|t:|1776326326\n|switch|p1b: Sneasler|Sneasler, L50, F|49/100\n|turn|6\n|-message|Cogito3 forfeited.\n|\n|win|momentaueita\n|raw|Cogito3's rating: 1313 &rarr; <strong>1298</strong><br />(-15 for losing)\n|raw|momentaueita's rating: 1393 &rarr; <strong>1408</strong><br />(+15 for winning)\n|l|\u2606Cogito3\n|player|p1|\n|l|\u2606momentaueita\n|player|p2|\n",
  "uploadtime": 1776326360,
  "views": 45,
  "formatid": "gen9championsvgc2026regma",
  "rating": 1298,
  "private": 0,
  "password": null
}