{
  "id": "gen9championsvgc2026regma-2586909084",
  "format": "[Gen 9 Champions] VGC 2026 Reg M-A",
  "players": [
    "notsadit",
    "AzzUCooked"
  ],
  "log": "|j|\u2606notsadit\n|j|\u2606AzzUCooked\n|t:|1776470806\n|gametype|doubles\n|player|p1|notsadit|102|1067\n|player|p2|AzzUCooked|266|1050\n|gen|9\n|tier|[Gen 9 Champions] VGC 2026 Reg M-A\n|rated|\n|rule|Species Clause: Limit one of each Pok\u00e9mon\n|rule|Item Clause: Limit 1 of each item\n|clearpoke\n|poke|p1|Gengar, L50, F|\n|poke|p1|Incineroar, L50, F|\n|poke|p1|Sneasler, L50, M|\n|poke|p1|Pelipper, L50, M|\n|poke|p1|Archaludon, L50, F|\n|poke|p1|Sinistcha-Masterpiece, L50|\n|poke|p2|Aggron, L50, M|\n|poke|p2|Sneasler, L50, F|\n|poke|p2|Clefable, L50, F|\n|poke|p2|Sinistcha, L50|\n|poke|p2|Pelipper, L50, F|\n|poke|p2|Feraligatr, L50, F|\n|teampreview|4\n|inactive|Battle timer is ON: inactive players will automatically lose when time's up. (requested by notsadit)\n|\n|t:|1776470823\n|teamsize|p1|4\n|teamsize|p2|4\n|start\n|switch|p1a: Incineroar|Incineroar, L50, F|100/100\n|switch|p1b: Gengar|Gengar, L50, F|100/100\n|switch|p2a: Clefable|Clefable, L50, F|100/100\n|switch|p2b: Sneasler|Sneasler, L50, F|100/100\n|-ability|p1a: Incineroar|Intimidate|boost\n|-unboost|p2a: Clefable|atk|1\n|-unboost|p2b: Sneasler|atk|1\n|-enditem|p2b: Sneasler|White Herb\n|-clearnegativeboost|p2b: Sneasler|[silent]\n|turn|1\n|\n|t:|1776470845\n|detailschange|p1b: Gengar|Gengar-Mega, L50, F\n|-mega|p1b: Gengar|Gengar|Gengarite\n|move|p1a: Incineroar|Fake Out|p2b: Sneasler\n|-damage|p2b: Sneasler|79/100\n|cant|p2b: Sneasler|flinch\n|move|p1b: Gengar|Perish Song|p1b: Gengar\n|-start|p1a: Incineroar|perish3|[silent]\n|-start|p1b: Gengar|perish3|[silent]\n|-start|p2a: Clefable|perish3|[silent]\n|-start|p2b: Sneasler|perish3|[silent]\n|-fieldactivate|move: Perish Song\n|move|p2a: Clefable|Cosmic Power|p2a: Clefable\n|-boost|p2a: Clefable|def|1\n|-boost|p2a: Clefable|spd|1\n|\n|-start|p2b: Sneasler|perish3\n|-start|p1b: Gengar|perish3\n|-start|p2a: Clefable|perish3\n|-start|p1a: Incineroar|perish3\n|upkeep\n|turn|2\n|inactive|AzzUCooked has 30 seconds left.\n|\n|t:|1776470873\n|move|p1b: Gengar|Protect|p1b: Gengar\n|-singleturn|p1b: Gengar|Protect\n|move|p1a: Incineroar|Protect|p1a: Incineroar\n|-singleturn|p1a: Incineroar|Protect\n|move|p2b: Sneasler|Close Combat|p1a: Incineroar\n|-activate|p1a: Incineroar|move: Protect\n|move|p2a: Clefable|Baton Pass|p2a: Clefable\n|\n|t:|1776470877\n|switch|p2a: Sinistcha|Sinistcha, L50|100/100|[from] Baton Pass\n|-heal|p2b: Sneasler|100/100|[from] ability: Hospitality|[of] p2a: Sinistcha\n|\n|-start|p2b: Sneasler|perish2\n|-start|p1b: Gengar|perish2\n|-start|p2a: Sinistcha|perish2\n|-start|p1a: Incineroar|perish2\n|upkeep\n|turn|3\n|\n|t:|1776470894\n|switch|p2a: THE WALL|Aggron, L50, M|100/100\n|switch|p1a: Sinistcha|Sinistcha-Masterpiece, L50|100/100\n|move|p2b: Sneasler|Close Combat|p1a: Sinistcha\n|-immune|p1a: Sinistcha\n|move|p1b: Gengar|Substitute|p1b: Gengar\n|-start|p1b: Gengar|Substitute\n|-damage|p1b: Gengar|75/100\n|\n|-start|p2b: Sneasler|perish1\n|-start|p1b: Gengar|perish1\n|upkeep\n|turn|4\n|\n|t:|1776470918\n|switch|p1b: Sneasler|Sneasler, L50, M|100/100\n|detailschange|p2a: THE WALL|Aggron-Mega, L50, M\n|-mega|p2a: THE WALL|Aggron|Aggronite\n|move|p1a: Sinistcha|Protect|p1a: Sinistcha\n|-singleturn|p1a: Sinistcha|Protect\n|move|p2b: Sneasler|Close Combat|p1a: Sinistcha\n|-activate|p1a: Sinistcha|move: Protect\n|move|p2a: THE WALL|Iron Defense|p2a: THE WALL\n|-boost|p2a: THE WALL|def|2\n|\n|-start|p2b: Sneasler|perish0\n|faint|p2b: Sneasler\n|upkeep\n|\n|t:|1776470928\n|switch|p2b: Sinistcha|Sinistcha, L50|100/100\n|turn|5\n|\n|t:|1776470943\n|switch|p1b: Gengar|Gengar-Mega, L50, F|75/100\n|move|p2a: THE WALL|Protect|p2a: THE WALL\n|-singleturn|p2a: THE WALL|Protect\n|move|p2b: Sinistcha|Shadow Ball|p1a: Sinistcha\n|-supereffective|p1a: Sinistcha|1\n|-damage|p1a: Sinistcha|16/100\n|move|p1a: Sinistcha|Trick Room|p1a: Sinistcha\n|-fieldstart|move: Trick Room|[of] p1a: Sinistcha\n|\n|-heal|p1a: Sinistcha|22/100|[from] item: Leftovers\n|upkeep\n|turn|6\n|\n|t:|1776470962\n|move|p2a: THE WALL|Heavy Slam|p1b: Gengar\n|-damage|p1b: Gengar|0 fnt\n|faint|p1b: Gengar\n|move|p2b: Sinistcha|Shadow Ball|p1a: Sinistcha\n|-supereffective|p1a: Sinistcha|1\n|-damage|p1a: Sinistcha|0 fnt\n|faint|p1a: Sinistcha\n|\n|upkeep\n|-message|notsadit forfeited.\n|\n|win|AzzUCooked\n|raw|notsadit's rating: 1067 &rarr; <strong>1046</strong><br />(-21 for losing)\n|raw|AzzUCooked's rating: 1050 &rarr; <strong>1084</strong><br />(+34 for winning)\n|l|\u2606notsadit\n|player|p1|\n",
  "uploadtime": 1776470971,
  "views": 21,
  "formatid": "gen9championsvgc2026regma",
  "rating": 1046,
  "private": 0,
  "password": null
}