{
  "id": "gen9championsvgc2026regma-2584915607",
  "format": "[Gen 9 Champions] VGC 2026 Reg M-A",
  "players": [
    "TheEeveeAnimations",
    "Mishsire"
  ],
  "log": "|j|\u2606TheEeveeAnimations\n|j|\u2606Mishsire\n|t:|1776294177\n|gametype|doubles\n|player|p1|TheEeveeAnimations|dahlia|\n|player|p2|Mishsire|chili|\n|gen|9\n|tier|[Gen 9 Champions] VGC 2026 Reg M-A\n|rated|Tournament battle\n|rule|Species Clause: Limit one of each Pok\u00e9mon\n|rule|Item Clause: Limit 1 of each item\n|raw|<div class=\"infobox\"><details class=\"readmore\" open><summary><strong>1 custom rule:</strong></summary> Force Open Team Sheets</details></div>\n|clearpoke\n|poke|p1|Gengar, L50, F|\n|poke|p1|Corviknight, L50, M|\n|poke|p1|Politoed, L50, F|\n|poke|p1|Manectric, L50, M|\n|poke|p1|Incineroar, L50, M|\n|poke|p1|Sneasler, L50, F|\n|poke|p2|Glimmora, L50, M|\n|poke|p2|Whimsicott, L50, M|\n|poke|p2|Basculegion, L50, M|\n|poke|p2|Incineroar, L50, F|\n|poke|p2|Garchomp, L50, M|\n|poke|p2|Decidueye-Hisui, L50, F|\n|teampreview|4\n|showteam|p1|Gengar||Gengarite|CursedBody|Protect,Disable,ShadowBall,IcyWind|||F|||50|]Corviknight||Leftovers|MirrorArmor|BodyPress,BulkUp,BraveBird,Roost|||M|||50|]Politoed||SitrusBerry|Drizzle|WeatherBall,Protect,IcyWind,Encore|||F|||50|]Manectric||Manectite|LightningRod|Protect,VoltSwitch,Thunder,Snarl|||M|||50|]Incineroar||ChopleBerry|Intimidate|FlareBlitz,ThroatChop,PartingShot,FakeOut|||M|||50|]Sneasler||FocusSash|PoisonTouch|Protect,FakeOut,CloseCombat,DireClaw|||F|||50|\n|showteam|p2|Glimmora||Glimmoranite|ToxicDebris|PowerGem,SludgeBomb,EarthPower,SpikyShield|||M|||50|]Whimsicott||FocusSash|Prankster|Encore,Tailwind,Protect,Moonblast|||M|||50|]Basculegion||MysticWater|Adaptability|WaveCrash,LastRespects,AquaJet,Protect|||M|||50|]Incineroar||SitrusBerry|Intimidate|FlareBlitz,ThroatChop,FakeOut,PartingShot|||F|||50|]Garchomp||SoftSand|RoughSkin|Earthquake,DragonClaw,StompingTantrum,Protect|||M|||50|]Decidueye-Hisui||ChoiceScarf|Scrappy|TripleArrows,LeafBlade,BraveBird,KnockOff|||F|||50|\n|j| lonelyherbivore\n|c|\u2606Mishsire|glhf\n|c|\u2606TheEeveeAnimations|glhf\n|j|%defiantvgc\n|j| pipievgc103\n|l| pipievgc103\n|\n|t:|1776294269\n|teamsize|p1|4\n|teamsize|p2|4\n|start\n|switch|p1a: Sneasler|Sneasler, L50, F|100/100\n|switch|p1b: Incineroar|Incineroar, L50, M|100/100\n|switch|p2a: Whimsicott|Whimsicott, L50, M|100/100\n|switch|p2b: Basculegion|Basculegion, L50, M|100/100\n|-ability|p1b: Incineroar|Intimidate|boost\n|-unboost|p2a: Whimsicott|atk|1\n|-unboost|p2b: Basculegion|atk|1\n|turn|1\n|\n|t:|1776294290\n|move|p2a: Whimsicott|Protect|p2a: Whimsicott\n|-singleturn|p2a: Whimsicott|Protect\n|move|p1a: Sneasler|Dire Claw|p2b: Basculegion\n|-resisted|p2b: Basculegion|1\n|-damage|p2b: Basculegion|73/100\n|-status|p2b: Basculegion|slp\n|cant|p2b: Basculegion|slp\n|move|p1b: Incineroar|Throat Chop|p2b: Basculegion\n|-supereffective|p2b: Basculegion|1\n|-damage|p2b: Basculegion|0 fnt\n|faint|p2b: Basculegion\n|\n|upkeep\n|\n|t:|1776294301\n|switch|p2b: Garchomp|Garchomp, L50, M|100/100\n|turn|2\n|c|\u2606TheEeveeAnimations|i\n|c|\u2606TheEeveeAnimations|am so sorry\n|\n|t:|1776294326\n|move|p2a: Whimsicott|Tailwind|p2a: Whimsicott\n|-sidestart|p2: Mishsire|move: Tailwind\n|move|p2b: Garchomp|Earthquake|p1b: Incineroar|[spread] p2a,p1a,p1b\n|-resisted|p2a: Whimsicott|1\n|-supereffective|p1a: Sneasler|1\n|-supereffective|p1b: Incineroar|1\n|-damage|p2a: Whimsicott|65/100\n|-enditem|p1a: Sneasler|Focus Sash\n|-damage|p1a: Sneasler|1/100\n|-damage|p1b: Incineroar|22/100\n|move|p1a: Sneasler|Dire Claw|p2a: Whimsicott\n|-supereffective|p2a: Whimsicott|2\n|-damage|p2a: Whimsicott|0 fnt\n|faint|p2a: Whimsicott\n|move|p1b: Incineroar|Parting Shot|p2b: Garchomp\n|-unboost|p2b: Garchomp|atk|1\n|-unboost|p2b: Garchomp|spa|1\n|\n|t:|1776294348\n|switch|p1b: Corviknight|Corviknight, L50, M|100/100|[from] Parting Shot\n|\n|upkeep\n|\n|t:|1776294352\n|switch|p2a: Glimmora|Glimmora, L50, M, shiny|100/100\n|turn|3\n|j| madeofcake\n|\n|t:|1776294384\n|detailschange|p2a: Glimmora|Glimmora-Mega, L50, M, shiny\n|-mega|p2a: Glimmora|Glimmora|Glimmoranite\n|move|p1a: Sneasler|Protect|p1a: Sneasler\n|-singleturn|p1a: Sneasler|Protect\n|move|p2b: Garchomp|Stomping Tantrum|p1a: Sneasler\n|-activate|p1a: Sneasler|move: Protect\n|move|p2a: Glimmora|Power Gem|p1b: Corviknight\n|-damage|p1b: Corviknight|46/100\n|move|p1b: Corviknight|Roost|p1b: Corviknight\n|-heal|p1b: Corviknight|96/100\n|-singleturn|p1b: Corviknight|move: Roost\n|\n|-heal|p1b: Corviknight|100/100|[from] item: Leftovers\n|upkeep\n|turn|4\n|\n|t:|1776294411\n|switch|p1a: Incineroar|Incineroar, L50, M|22/100\n|-ability|p1a: Incineroar|Intimidate|boost\n|-unboost|p2a: Glimmora|atk|1\n|-unboost|p2b: Garchomp|atk|1\n|move|p2b: Garchomp|Stomping Tantrum|p1a: Incineroar\n|-supereffective|p1a: Incineroar|1\n|-damage|p1a: Incineroar|0 fnt\n|faint|p1a: Incineroar\n|move|p2a: Glimmora|Power Gem|p1b: Corviknight\n|-damage|p1b: Corviknight|50/100\n|move|p1b: Corviknight|Roost|p1b: Corviknight\n|-heal|p1b: Corviknight|99/100\n|-singleturn|p1b: Corviknight|move: Roost\n|\n|-heal|p1b: Corviknight|100/100|[from] item: Leftovers\n|upkeep\n|\n|t:|1776294437\n|switch|p1a: Sneasler|Sneasler, L50, F|1/100\n|turn|5\n|\n|t:|1776294455\n|move|p1a: Sneasler|Protect|p1a: Sneasler\n|-singleturn|p1a: Sneasler|Protect\n|move|p2b: Garchomp|Stomping Tantrum|p1a: Sneasler\n|-activate|p1a: Sneasler|move: Protect\n|move|p2a: Glimmora|Power Gem|p1b: Corviknight\n|-damage|p1b: Corviknight|44/100\n|move|p1b: Corviknight|Roost|p1b: Corviknight\n|-heal|p1b: Corviknight|94/100\n|-singleturn|p1b: Corviknight|move: Roost\n|\n|-heal|p1b: Corviknight|99/100|[from] item: Leftovers\n|-sideend|p2: Mishsire|move: Tailwind\n|upkeep\n|turn|6\n|j| A Regu1ar Guy\n|j| IsaacDanger\n|j| LyricSum\n|j| bosspark1737376\n|\n|t:|1776294482\n|move|p2a: Glimmora|Spiky Shield|p2a: Glimmora\n|-singleturn|p2a: Glimmora|move: Protect\n|move|p1a: Sneasler|Close Combat|p2a: Glimmora\n|-activate|p2a: Glimmora|move: Protect\n|-damage|p1a: Sneasler|0 fnt|[from] Spiky Shield|[of] p2a: Glimmora\n|faint|p1a: Sneasler\n|move|p2b: Garchomp|Dragon Claw|p1b: Corviknight\n|-resisted|p1b: Corviknight|1\n|-damage|p1b: Corviknight|91/100\n|move|p1b: Corviknight|Roost|p1b: Corviknight\n|-heal|p1b: Corviknight|100/100\n|-singleturn|p1b: Corviknight|move: Roost\n|\n|upkeep\n|\n|t:|1776294484\n|switch|p1a: Gengar|Gengar, L50, F|100/100\n|turn|7\n|j| dozomofo\n|\n|t:|1776294514\n|detailschange|p1a: Gengar|Gengar-Mega, L50, F\n|-mega|p1a: Gengar|Gengar|Gengarite\n|move|p1a: Gengar|Protect|p1a: Gengar\n|-singleturn|p1a: Gengar|Protect\n|move|p2b: Garchomp|Stomping Tantrum|p1a: Gengar\n|-activate|p1a: Gengar|move: Protect\n|move|p2a: Glimmora|Power Gem|p1b: Corviknight\n|-damage|p1b: Corviknight|46/100\n|move|p1b: Corviknight|Roost|p1b: Corviknight\n|-heal|p1b: Corviknight|96/100\n|-singleturn|p1b: Corviknight|move: Roost\n|\n|-heal|p1b: Corviknight|100/100|[from] item: Leftovers\n|upkeep\n|turn|8\n|j| pipievgc103\n|l| bosspark1737376\n|\n|t:|1776294535\n|move|p1a: Gengar|Disable|p2a: Glimmora\n|-start|p2a: Glimmora|Disable|Power Gem\n|move|p2b: Garchomp|Dragon Claw|p1b: Corviknight\n|-resisted|p1b: Corviknight|1\n|-damage|p1b: Corviknight|92/100\n|move|p2a: Glimmora|Earth Power|p1a: Gengar\n|-supereffective|p1a: Gengar|1\n|-damage|p1a: Gengar|12/100\n|move|p1b: Corviknight|Bulk Up|p1b: Corviknight\n|-boost|p1b: Corviknight|atk|1\n|-boost|p1b: Corviknight|def|1\n|\n|-heal|p1b: Corviknight|98/100|[from] item: Leftovers\n|upkeep\n|turn|9\n|j| elychee267\n|j| PCR_Dark\n|\n|t:|1776294561\n|move|p2a: Glimmora|Spiky Shield|p2a: Glimmora\n|-singleturn|p2a: Glimmora|move: Protect\n|move|p1a: Gengar|Shadow Ball|p2a: Glimmora\n|-activate|p2a: Glimmora|move: Protect\n|move|p2b: Garchomp|Dragon Claw|p1a: Gengar\n|-damage|p1a: Gengar|0 fnt\n|faint|p1a: Gengar\n|move|p1b: Corviknight|Body Press|p2a: Glimmora\n|-activate|p2a: Glimmora|move: Protect\n|-damage|p1b: Corviknight|86/100|[from] Spiky Shield|[of] p2a: Glimmora\n|\n|-heal|p1b: Corviknight|92/100|[from] item: Leftovers\n|upkeep\n|turn|10\n|l| PCR_Dark\n|c|\u2606TheEeveeAnimations|i made an oopsie\n|j| bosspark1737376\n|\n|t:|1776294578\n|move|p2a: Glimmora|Spiky Shield|p2a: Glimmora\n|-singleturn|p2a: Glimmora|move: Protect\n|move|p2b: Garchomp|Dragon Claw|p1b: Corviknight\n|-resisted|p1b: Corviknight|1\n|-damage|p1b: Corviknight|86/100\n|move|p1b: Corviknight|Body Press|p2a: Glimmora\n|-activate|p2a: Glimmora|move: Protect\n|-damage|p1b: Corviknight|74/100|[from] Spiky Shield|[of] p2a: Glimmora\n|\n|-heal|p1b: Corviknight|80/100|[from] item: Leftovers\n|upkeep\n|turn|11\n|j| gasertheegyptain\n|l| LyricSum\n|j| insertable194\n|\n|t:|1776294591\n|move|p2a: Glimmora|Spiky Shield||[still]\n|-fail|p2a: Glimmora\n|move|p2b: Garchomp|Dragon Claw|p1b: Corviknight\n|-resisted|p1b: Corviknight|1\n|-damage|p1b: Corviknight|74/100\n|move|p1b: Corviknight|Body Press|p2a: Glimmora\n|-damage|p2a: Glimmora|65/100\n|\n|-heal|p1b: Corviknight|80/100|[from] item: Leftovers\n|-end|p2a: Glimmora|Disable\n|upkeep\n|turn|12\n|c|\u2606TheEeveeAnimations|oh boy\n|c|\u2606TheEeveeAnimations|that did\n|c|\u2606TheEeveeAnimations|nothing\n|c|\u2606TheEeveeAnimations|rip\n|c|\u2606Mishsire|gg\n|c|\u2606TheEeveeAnimations|corv ur garbage\n|\n|t:|1776294612\n|move|p2b: Garchomp|Dragon Claw|p1b: Corviknight\n|-resisted|p1b: Corviknight|1\n|-damage|p1b: Corviknight|75/100\n|move|p2a: Glimmora|Power Gem|p1b: Corviknight\n|-damage|p1b: Corviknight|17/100\n|move|p1b: Corviknight|Body Press|p2a: Glimmora\n|-damage|p2a: Glimmora|32/100\n|\n|-heal|p1b: Corviknight|23/100|[from] item: Leftovers\n|upkeep\n|turn|13\n|\n|t:|1776294625\n|move|p2b: Garchomp|Dragon Claw|p1b: Corviknight\n|-resisted|p1b: Corviknight|1\n|-damage|p1b: Corviknight|17/100\n|move|p2a: Glimmora|Power Gem|p1b: Corviknight\n|-crit|p1b: Corviknight\n|-damage|p1b: Corviknight|0 fnt\n|faint|p1b: Corviknight\n|\n|win|Mishsire\n|n|\u2606TheEeveeAnimations|theeeveeanimations\n|n|\u2606Mishsire|mishsire\n|n| lonelyherbivore|lonelyherbivore\n|n| defiantvgc|defiantvgc\n|n| madeofcake|madeofcake\n|n| A Regu1ar Guy|aregu1arguy\n|n| IsaacDanger|isaacdanger\n|n| dozomofo|dozomofo\n|n| pipievgc103|pipievgc103\n|n| elychee267|elychee267\n|n| bosspark1737376|bosspark1737376\n|n| gasertheegyptain|gasertheegyptain\n|n| insertable194|insertable194\n",
  "uploadtime": 1776294625,
  "views": 16,
  "formatid": "gen9championsvgc2026regma",
  "rating": null,
  "private": 0,
  "password": null
}