{
  "id": "gen9championsvgc2026regma-2584134688",
  "format": "[Gen 9 Champions] VGC 2026 Reg M-A",
  "players": [
    "UnovaNPC",
    "demonight94"
  ],
  "log": "|j|\u2606UnovaNPC\n|j|\u2606demonight94\n|t:|1776229055\n|gametype|doubles\n|player|p1|UnovaNPC|169|1172\n|player|p2|demonight94|benga|1087\n|gen|9\n|tier|[Gen 9 Champions] VGC 2026 Reg M-A\n|rated|\n|rule|Species Clause: Limit one of each Pok\u00e9mon\n|rule|Item Clause: Limit 1 of each item\n|clearpoke\n|poke|p1|Tauros-Paldea-Aqua, L50, M|\n|poke|p1|Froslass, L50, F|\n|poke|p1|Corviknight, L50, M|\n|poke|p1|Tyranitar, L50, F|\n|poke|p1|Sinistcha, L50|\n|poke|p1|Aerodactyl, L50, M|\n|poke|p2|Whimsicott, L50, M|\n|poke|p2|Alakazam, L50, F|\n|poke|p2|Farigiraf, L50, F|\n|poke|p2|Hatterene, L50, F|\n|poke|p2|Gardevoir, L50, F|\n|poke|p2|Maushold, L50|\n|teampreview|4\n|inactive|Battle timer is ON: inactive players will automatically lose when time's up. (requested by demonight94)\n|inactive|demonight94 has 60 seconds left.\n|\n|t:|1776229108\n|teamsize|p1|4\n|teamsize|p2|4\n|start\n|switch|p1a: Tauros|Tauros-Paldea-Aqua, L50, M|100/100\n|switch|p1b: Froslass|Froslass, L50, F|100/100\n|switch|p2a: Farigiraf|Farigiraf, L50, F|100/100\n|switch|p2b: Gardevoir|Gardevoir, L50, F|100/100\n|turn|1\n|\n|t:|1776229121\n|move|p2a: Farigiraf|Psychic Terrain|p2a: Farigiraf\n|-fieldstart|move: Psychic Terrain\n|move|p1b: Froslass|Frost Breath|p1a: Tauros\n|-resisted|p1a: Tauros|1\n|-crit|p1a: Tauros\n|-damage|p1a: Tauros|81/100\n|-setboost|p1a: Tauros|atk|6|[from] ability: Anger Point\n|move|p1a: Tauros|Earthquake|p2b: Gardevoir|[spread] p1b,p2a,p2b\n|-enditem|p1b: Froslass|Focus Sash\n|-damage|p1b: Froslass|1/100\n|-damage|p2a: Farigiraf|8/100\n|-damage|p2b: Gardevoir|0 fnt\n|-start|p1a: Tauros|Disable|Earthquake|[from] ability: Cursed Body|[of] p1b: Froslass\n|faint|p2b: Gardevoir\n|\n|upkeep\n|\n|t:|1776229134\n|switch|p2b: Alakazam|Alakazam, L50, F|100/100\n|turn|2\n|\n|t:|1776229143\n|switch|p2a: Maushold|Maushold, L50|100/100\n|detailschange|p2b: Alakazam|Alakazam-Mega, L50, F\n|-mega|p2b: Alakazam|Alakazam|Alakazite\n|-ability|p2b: Alakazam|Anger Point|Trace|[from] ability: Trace|[of] p1a: Tauros\n|move|p1a: Tauros|Protect|p1a: Tauros\n|-singleturn|p1a: Tauros|Protect\n|move|p2b: Alakazam|Expanding Force|p1a: Tauros|[spread] p1b\n|-activate|p1a: Tauros|move: Protect\n|-damage|p1b: Froslass|0 fnt\n|faint|p1b: Froslass\n|\n|upkeep\n|inactive|UnovaNPC has 30 seconds left.\n|\n|t:|1776229174\n|switch|p1b: Corviknight|Corviknight, L50, M|100/100\n|turn|3\n|\n|t:|1776229194\n|move|p1a: Tauros|Protect|p1a: Tauros\n|-singleturn|p1a: Tauros|Protect\n|move|p2a: Maushold|Follow Me|p2a: Maushold\n|-singleturn|p2a: Maushold|move: Follow Me\n|move|p2b: Alakazam|Expanding Force|p1a: Tauros|[spread] p1b\n|-activate|p1a: Tauros|move: Protect\n|-resisted|p1b: Corviknight|1\n|-crit|p1b: Corviknight\n|-damage|p1b: Corviknight|58/100\n|move|p1b: Corviknight|Tailwind|p1b: Corviknight\n|-sidestart|p1: UnovaNPC|move: Tailwind\n|\n|-heal|p1b: Corviknight|64/100|[from] item: Leftovers\n|upkeep\n|turn|4\n|inactive|UnovaNPC has 30 seconds left.\n|\n|t:|1776229223\n|move|p2a: Maushold|Follow Me|p2a: Maushold\n|-singleturn|p2a: Maushold|move: Follow Me\n|move|p1a: Tauros|Rock Slide|p2a: Maushold|[spread] p2a,p2b\n|-damage|p2a: Maushold|30/100\n|-damage|p2b: Alakazam|0 fnt\n|faint|p2b: Alakazam\n|move|p1b: Corviknight|Iron Defense|p1b: Corviknight\n|-boost|p1b: Corviknight|def|2\n|\n|-heal|p1b: Corviknight|70/100|[from] item: Leftovers\n|-heal|p2a: Maushold|36/100|[from] item: Leftovers\n|-end|p1a: Tauros|Disable\n|upkeep\n|c|\u2606demonight94|o such bsss\n|\n|t:|1776229235\n|switch|p2b: Farigiraf|Farigiraf, L50, F|8/100\n|turn|5\n|-message|demonight94 forfeited.\n|\n|win|UnovaNPC\n|raw|UnovaNPC's rating: 1172 &rarr; <strong>1191</strong><br />(+19 for winning)\n|raw|demonight94's rating: 1087 &rarr; <strong>1069</strong><br />(-18 for losing)\n|l|\u2606demonight94\n|player|p2|\n",
  "uploadtime": 1776229249,
  "views": 29,
  "formatid": "gen9championsvgc2026regma",
  "rating": 1069,
  "private": 0,
  "password": null
}