{
  "id": "gen9championsvgc2026regma-2588144885",
  "format": "[Gen 9 Champions] VGC 2026 Reg M-A",
  "players": [
    "fgtyyuhjfhjhjhj",
    "qubofan"
  ],
  "log": "|j|\u2606fgtyyuhjfhjhjhj\n|j|\u2606qubofan\n|t:|1776608841\n|gametype|doubles\n|player|p1|fgtyyuhjfhjhjhj|265|1000\n|player|p2|qubofan|1|1018\n|gen|9\n|tier|[Gen 9 Champions] VGC 2026 Reg M-A\n|rated|\n|rule|Species Clause: Limit one of each Pok\u00e9mon\n|rule|Item Clause: Limit 1 of each item\n|clearpoke\n|poke|p1|Incineroar, L50, M, shiny|\n|poke|p1|Sinistcha-Masterpiece, L50, shiny|\n|poke|p1|Gyarados, L50, M, shiny|\n|poke|p1|Gengar, L50, F|\n|poke|p1|Maushold-Four, L50|\n|poke|p1|Garchomp, L50, M|\n|poke|p2|Drampa, L50, F|\n|poke|p2|Skarmory, L50, M|\n|poke|p2|Aerodactyl, L50, M|\n|poke|p2|Incineroar, L50, M|\n|poke|p2|Rotom-Wash, L50|\n|poke|p2|Tyranitar, L50, M|\n|teampreview|4\n|\n|t:|1776608876\n|teamsize|p1|4\n|teamsize|p2|4\n|start\n|switch|p1a: Incineroar|Incineroar, L50, M, shiny|100/100\n|switch|p1b: Gengar|Gengar, L50, F|100/100\n|switch|p2a: Incineroar|Incineroar, L50, M|100/100\n|switch|p2b: Tyranitar|Tyranitar, L50, M|100/100\n|-ability|p1a: Incineroar|Intimidate|boost\n|-unboost|p2a: Incineroar|atk|1\n|-unboost|p2b: Tyranitar|atk|1\n|-weather|Sandstorm|[from] ability: Sand Stream|[of] p2b: Tyranitar\n|-ability|p2a: Incineroar|Intimidate|boost\n|-unboost|p1a: Incineroar|atk|1\n|-unboost|p1b: Gengar|atk|1\n|turn|1\n|\n|t:|1776608896\n|detailschange|p1b: Gengar|Gengar-Mega, L50, F\n|-mega|p1b: Gengar|Gengar|Gengarite\n|move|p1a: Incineroar|Fake Out|p2b: Tyranitar\n|-resisted|p2b: Tyranitar|1\n|-damage|p2b: Tyranitar|98/100\n|move|p1b: Gengar|Perish Song|p1b: Gengar\n|-start|p1a: Incineroar|perish3|[silent]\n|-start|p1b: Gengar|perish3|[silent]\n|-start|p2a: Incineroar|perish3|[silent]\n|-start|p2b: Tyranitar|perish3|[silent]\n|-fieldactivate|move: Perish Song\n|cant|p2b: Tyranitar|flinch\n|move|p2a: Incineroar|Darkest Lariat|p1b: Gengar\n|-supereffective|p1b: Gengar|1\n|-damage|p1b: Gengar|35/100\n|\n|-weather|Sandstorm|[upkeep]\n|-damage|p1b: Gengar|29/100|[from] Sandstorm\n|-damage|p1a: Incineroar|95/100|[from] Sandstorm\n|-damage|p2a: Incineroar|94/100|[from] Sandstorm\n|-heal|p2a: Incineroar|100/100|[from] item: Leftovers\n|-start|p1b: Gengar|perish3\n|-start|p1a: Incineroar|perish3\n|-start|p2b: Tyranitar|perish3\n|-start|p2a: Incineroar|perish3\n|upkeep\n|turn|2\n|\n|t:|1776608931\n|move|p1b: Gengar|Protect|p1b: Gengar\n|-singleturn|p1b: Gengar|Protect\n|move|p1a: Incineroar|Darkest Lariat|p2a: Incineroar\n|-resisted|p2a: Incineroar|1\n|-crit|p2a: Incineroar\n|-damage|p2a: Incineroar|82/100\n|move|p2b: Tyranitar|Hydro Pump|p1a: Incineroar\n|-supereffective|p1a: Incineroar|1\n|-damage|p1a: Incineroar|59/100\n|move|p2a: Incineroar|Darkest Lariat|p1b: Gengar\n|-activate|p1b: Gengar|move: Protect\n|\n|-weather|Sandstorm|[upkeep]\n|-damage|p1b: Gengar|23/100|[from] Sandstorm\n|-damage|p1a: Incineroar|53/100|[from] Sandstorm\n|-damage|p2a: Incineroar|75/100|[from] Sandstorm\n|-heal|p2a: Incineroar|82/100|[from] item: Leftovers\n|-start|p1b: Gengar|perish2\n|-start|p2b: Tyranitar|perish2\n|-start|p1a: Incineroar|perish2\n|-start|p2a: Incineroar|perish2\n|upkeep\n|turn|3\n|\n|t:|1776608958\n|switch|p1b: Gyarados|Gyarados, L50, M, shiny|100/100\n|-ability|p1b: Gyarados|Intimidate|boost\n|-unboost|p2a: Incineroar|atk|1\n|-unboost|p2b: Tyranitar|atk|1\n|move|p1a: Incineroar|Parting Shot|p2b: Tyranitar\n|-unboost|p2b: Tyranitar|atk|1\n|-unboost|p2b: Tyranitar|spa|1\n|\n|t:|1776608967\n|switch|p1a: Gengar|Gengar-Mega, L50, F|23/100|[from] Parting Shot\n|move|p2b: Tyranitar|Power Gem|p1a: Gengar\n|-damage|p1a: Gengar|1/100\n|move|p2a: Incineroar|Darkest Lariat|p1b: Gyarados\n|-crit|p1b: Gyarados\n|-damage|p1b: Gyarados|27/100\n|\n|-weather|Sandstorm|[upkeep]\n|-damage|p1a: Gengar|0 fnt|[from] Sandstorm\n|-damage|p1b: Gyarados|21/100|[from] Sandstorm\n|-damage|p2a: Incineroar|75/100|[from] Sandstorm\n|faint|p1a: Gengar\n|-heal|p2a: Incineroar|82/100|[from] item: Leftovers\n|-start|p2b: Tyranitar|perish1\n|-start|p2a: Incineroar|perish1\n|upkeep\n|\n|t:|1776608984\n|switch|p1a: Garchomp|Garchomp, L50, M|100/100\n|turn|4\n|\n|t:|1776609008\n|switch|p2b: Skarmory|Skarmory, L50, M|100/100\n|switch|p2a: Rotom|Rotom-Wash, L50|100/100\n|move|p1a: Garchomp|Earthquake|p2a: Rotom|[spread] \n|-immune|p1b: Gyarados\n|-immune|p2a: Rotom|[from] ability: Levitate\n|-immune|p2b: Skarmory\n|move|p1b: Gyarados|Waterfall|p2b: Skarmory\n|-damage|p2b: Skarmory|53/100\n|\n|-weather|Sandstorm|[upkeep]\n|-damage|p1b: Gyarados|16/100|[from] Sandstorm\n|-damage|p2a: Rotom|95/100|[from] Sandstorm\n|upkeep\n|turn|5\n|\n|t:|1776609037\n|detailschange|p2b: Skarmory|Skarmory-Mega, L50, M\n|-mega|p2b: Skarmory|Skarmory|Skarmorite\n|move|p1b: Gyarados|Protect|p1b: Gyarados\n|-singleturn|p1b: Gyarados|Protect\n|move|p1a: Garchomp|Rock Slide|p2b: Skarmory|[spread] p2a,p2b\n|-damage|p2a: Rotom|67/100\n|-damage|p2b: Skarmory|28/100\n|move|p2b: Skarmory|Icy Wind|p1a: Garchomp|[spread] p1a\n|-activate|p1b: Gyarados|move: Protect\n|-supereffective|p1a: Garchomp|2\n|-enditem|p1a: Garchomp|Yache Berry|[eat]\n|-enditem|p1a: Garchomp|Yache Berry|[weaken]\n|-damage|p1a: Garchomp|85/100\n|-unboost|p1a: Garchomp|spe|1\n|cant|p2a: Rotom|flinch\n|\n|-weather|none\n|upkeep\n|turn|6\n|\n|t:|1776609071\n|move|p2b: Skarmory|Icy Wind|p1b: Gyarados|[spread] p1a,p1b\n|-supereffective|p1a: Garchomp|2\n|-crit|p1b: Gyarados\n|-damage|p1a: Garchomp|55/100\n|-damage|p1b: Gyarados|3/100\n|-unboost|p1a: Garchomp|spe|1\n|-unboost|p1b: Gyarados|spe|1\n|move|p2a: Rotom|Thunderbolt|p1b: Gyarados\n|-supereffective|p1b: Gyarados|2\n|-damage|p1b: Gyarados|0 fnt\n|faint|p1b: Gyarados\n|move|p1a: Garchomp|Rock Slide|p2a: Rotom|[spread] p2a,p2b\n|-damage|p2a: Rotom|39/100\n|-damage|p2b: Skarmory|3/100\n|\n|upkeep\n|\n|t:|1776609083\n|switch|p1b: Incineroar|Incineroar, L50, M, shiny|53/100\n|-ability|p1b: Incineroar|Intimidate|boost\n|-unboost|p2a: Rotom|atk|1\n|-unboost|p2b: Skarmory|atk|1\n|turn|7\n|\n|t:|1776609091\n|move|p1b: Incineroar|Fake Out|p2b: Skarmory\n|-resisted|p2b: Skarmory|1\n|-damage|p2b: Skarmory|0 fnt\n|faint|p2b: Skarmory\n|move|p2a: Rotom|Hydro Pump|p1b: Incineroar\n|-supereffective|p1b: Incineroar|1\n|-damage|p1b: Incineroar|0 fnt\n|faint|p1b: Incineroar\n|move|p1a: Garchomp|Rock Slide|p2a: Rotom|[miss]\n|-miss|p1a: Garchomp|p2a: Rotom\n|\n|upkeep\n|\n|t:|1776609101\n|switch|p2b: Incineroar|Incineroar, L50, M|82/100\n|-ability|p2b: Incineroar|Intimidate|boost\n|-unboost|p1a: Garchomp|atk|1\n|turn|8\n|\n|t:|1776609108\n|move|p2a: Rotom|Hydro Pump|p1a: Garchomp\n|-damage|p1a: Garchomp|0 fnt\n|faint|p1a: Garchomp\n|\n|win|qubofan\n|raw|fgtyyuhjfhjhjhj's rating: 1000 &rarr; <strong>1000</strong><br />(+0 for losing)\n|raw|qubofan's rating: 1018 &rarr; <strong>1053</strong><br />(+35 for winning)\n|l|\u2606fgtyyuhjfhjhjhj\n|player|p1|\n",
  "uploadtime": 1776609118,
  "views": 14,
  "formatid": "gen9championsvgc2026regma",
  "rating": 1000,
  "private": 0,
  "password": null
}