{
  "id": "gen9championsvgc2026regma-2583909752",
  "format": "[Gen 9 Champions] VGC 2026 Reg M-A",
  "players": [
    "Hiat6578",
    "maruja444"
  ],
  "log": "|j|\u2606Hiat6578\n|j|\u2606maruja444\n|t:|1776207460\n|gametype|doubles\n|player|p1|Hiat6578|fisherman-gen4|1052\n|player|p2|maruja444|nurseryaide|1092\n|gen|9\n|tier|[Gen 9 Champions] VGC 2026 Reg M-A\n|rated|\n|rule|Species Clause: Limit one of each Pok\u00e9mon\n|rule|Item Clause: Limit 1 of each item\n|clearpoke\n|poke|p1|Pinsir, L50, M|\n|poke|p1|Sneasler, L50, F|\n|poke|p1|Rotom-Wash, L50|\n|poke|p1|Archaludon, L50, M|\n|poke|p1|Whimsicott, L50, F|\n|poke|p1|Starmie, L50|\n|poke|p2|Charizard, L50, M|\n|poke|p2|Aegislash, L50, M|\n|poke|p2|Milotic, L50, F|\n|poke|p2|Venusaur, L50, F|\n|poke|p2|Incineroar, L50, M|\n|poke|p2|Sylveon, L50, M|\n|teampreview|4\n|inactive|Battle timer is ON: inactive players will automatically lose when time's up. (requested by Hiat6578)\nHiat6578 rejected open team sheets.\n|\n|t:|1776207476\n|teamsize|p1|4\n|teamsize|p2|4\n|start\n|switch|p1a: Pinsir|Pinsir, L50, M|100/100\n|switch|p1b: Sneasler|Sneasler, L50, F|100/100\n|switch|p2a: Aegislash|Aegislash, L50, M|100/100\n|switch|p2b: Incineroar|Incineroar, L50, M|100/100\n|-ability|p2b: Incineroar|Intimidate|boost\n|-fail|p1a: Pinsir|unboost|Attack|[from] ability: Hyper Cutter|[of] p1a: Pinsir\n|-unboost|p1b: Sneasler|atk|1\n|-enditem|p1b: Sneasler|White Herb\n|-clearnegativeboost|p1b: Sneasler|[silent]\n|turn|1\n|\n|t:|1776207491\n|detailschange|p1a: Pinsir|Pinsir-Mega, L50, M\n|-mega|p1a: Pinsir|Pinsir|Pinsirite\n|move|p1b: Sneasler|Close Combat|p2b: Incineroar\n|-supereffective|p2b: Incineroar|1\n|-damage|p2b: Incineroar|0 fnt\n|-unboost|p1b: Sneasler|def|1\n|-unboost|p1b: Sneasler|spd|1\n|faint|p2b: Incineroar\n|move|p1a: Pinsir|Guillotine|p2a: Aegislash\n|-enditem|p2a: Aegislash|Focus Sash\n|-damage|p2a: Aegislash|1/100\n|-formechange|p2a: Aegislash|Aegislash-Blade|\n|move|p2a: Aegislash|Psycho Cut|p1b: Sneasler\n|-supereffective|p1b: Sneasler|2\n|-damage|p1b: Sneasler|0 fnt\n|faint|p1b: Sneasler\n|\n|upkeep\n|\n|t:|1776207508\n|switch|p1b: Archaludon|Archaludon, L50, M|100/100\n|switch|p2b: Charizard|Charizard, L50, M|100/100\n|turn|2\n|\n|t:|1776207517\n|detailschange|p2b: Charizard|Charizard-Mega-Y, L50, M\n|-mega|p2b: Charizard|Charizard|Charizardite Y\n|-weather|SunnyDay|[from] ability: Drought|[of] p2b: Charizard\n|move|p2a: Aegislash|Shadow Sneak|p1a: Pinsir\n|-damage|p1a: Pinsir|71/100\n|move|p1b: Archaludon|Snarl|p2a: Aegislash|[spread] p2a,p2b\n|-supereffective|p2a: Aegislash|1\n|-damage|p2a: Aegislash|0 fnt\n|-damage|p2b: Charizard|85/100\n|-unboost|p2b: Charizard|spa|1\n|faint|p2a: Aegislash\n|move|p1a: Pinsir|Body Slam|p2b: Charizard\n|-damage|p2b: Charizard|8/100\n|-status|p2b: Charizard|par\n|move|p2b: Charizard|Heat Wave|p1a: Pinsir|[spread] p1a,p1b\n|-supereffective|p1a: Pinsir|1\n|-damage|p1a: Pinsir|0 fnt\n|-damage|p1b: Archaludon|44/100\n|faint|p1a: Pinsir\n|\n|-weather|SunnyDay|[upkeep]\n|upkeep\n|\n|t:|1776207534\n|switch|p1a: Rotom|Rotom-Wash, L50, shiny|100/100\n|switch|p2a: Sylveon|Sylveon, L50, M|100/100\n|turn|3\n|\n|t:|1776207544\n|cant|p2b: Charizard|par\n|move|p1b: Archaludon|Snarl|p2b: Charizard|[spread] p2a,p2b\n|-resisted|p2a: Sylveon|1\n|-damage|p2a: Sylveon|95/100\n|-damage|p2b: Charizard|0 fnt\n|-unboost|p2a: Sylveon|spa|1\n|faint|p2b: Charizard\n|move|p1a: Rotom|Thunderbolt|p2a: Sylveon\n|-damage|p2a: Sylveon|55/100\n|move|p2a: Sylveon|Hyper Voice|p1a: Rotom|[spread] p1a,p1b\n|-damage|p1a: Rotom|64/100\n|-damage|p1b: Archaludon|1/100\n|\n|-weather|SunnyDay|[upkeep]\n|upkeep\n|turn|4\n|\n|t:|1776207566\n|move|p1b: Archaludon|Snarl|p2a: Sylveon\n|-resisted|p2a: Sylveon|1\n|-damage|p2a: Sylveon|47/100\n|-unboost|p2a: Sylveon|spa|1\n|move|p1a: Rotom|Thunderbolt|p2a: Sylveon\n|-damage|p2a: Sylveon|7/100\n|move|p2a: Sylveon|Hyper Voice|p1a: Rotom|[spread] p1a,p1b\n|-damage|p1a: Rotom|37/100\n|-damage|p1b: Archaludon|0 fnt\n|faint|p1b: Archaludon\n|\n|-weather|SunnyDay|[upkeep]\n|upkeep\n|turn|5\n|\n|t:|1776207577\n|move|p2a: Sylveon|Protect|p2a: Sylveon\n|-singleturn|p2a: Sylveon|Protect\n|move|p1a: Rotom|Thunderbolt|p2a: Sylveon\n|-activate|p2a: Sylveon|move: Protect\n|\n|-weather|SunnyDay|[upkeep]\n|upkeep\n|turn|6\n|\n|t:|1776207586\n|move|p1a: Rotom|Thunderbolt|p2a: Sylveon\n|-damage|p2a: Sylveon|0 fnt\n|faint|p2a: Sylveon\n|\n|win|Hiat6578\n|raw|Hiat6578's rating: 1052 &rarr; <strong>1088</strong><br />(+36 for winning)\n|raw|maruja444's rating: 1092 &rarr; <strong>1065</strong><br />(-27 for losing)\n|l|\u2606maruja444\n|player|p2|\n",
  "uploadtime": 1776207589,
  "views": 13,
  "formatid": "gen9championsvgc2026regma",
  "rating": 1065,
  "private": 0,
  "password": null
}