{
  "id": "gen9championsvgc2026regma-2589490256",
  "format": "[Gen 9 Champions] VGC 2026 Reg M-A",
  "players": [
    "MeansJeans",
    "cynbeballin"
  ],
  "log": "|j|\u2606MeansJeans\n|j|\u2606cynbeballin\n|t:|1776727689\n|gametype|doubles\n|player|p1|MeansJeans|clerk|1098\n|player|p2|cynbeballin|170|1078\n|gen|9\n|tier|[Gen 9 Champions] VGC 2026 Reg M-A\n|rated|\n|rule|Species Clause: Limit one of each Pok\u00e9mon\n|rule|Item Clause: Limit 1 of each item\n|clearpoke\n|poke|p1|Sneasler, L50, F|\n|poke|p1|Scizor, L50, M|\n|poke|p1|Pelipper, L50, M|\n|poke|p1|Feraligatr, L50, M|\n|poke|p1|Sinistcha-Masterpiece, L50|\n|poke|p1|Incineroar, L50, F|\n|poke|p2|Crabominable, L50, F|\n|poke|p2|Hatterene, L50, F|\n|poke|p2|Avalugg, L50, M|\n|poke|p2|Ninetales-Alola, L50, M|\n|poke|p2|Incineroar, L50, M|\n|poke|p2|Sinistcha, L50|\n|teampreview|4\n|inactive|Battle timer is ON: inactive players will automatically lose when time's up. (requested by MeansJeans)\n|l|\u2606MeansJeans\n|inactive|MeansJeans disconnected and has a minute to reconnect!\n|player|p1|\n|j|\u2606MeansJeans\n|inactive|MeansJeans reconnected and has 65 seconds left.\n|player|p1|MeansJeans|clerk|\n|inactive|MeansJeans has 60 seconds left.\n|\n|t:|1776727732\n|teamsize|p1|4\n|teamsize|p2|4\n|start\n|switch|p1a: Sneasler|Sneasler, L50, F|100/100\n|switch|p1b: Sinistcha|Sinistcha-Masterpiece, L50|100/100\n|switch|p2a: Hatterene|Hatterene, L50, F|100/100\n|switch|p2b: Ninetales|Ninetales-Alola, L50, M|100/100\n|-weather|Snowscape|[from] ability: Snow Warning|[of] p2b: Ninetales\n|turn|1\n|\n|t:|1776727740\n|switch|p1b: Scizor|Scizor, L50, M|100/100\n|move|p1a: Sneasler|Coaching|p1b: Scizor\n|-boost|p1b: Scizor|atk|1\n|-boost|p1b: Scizor|def|1\n|move|p2b: Ninetales|Aurora Veil|p2b: Ninetales\n|-sidestart|p2: cynbeballin|move: Aurora Veil\n|move|p2a: Hatterene|Trick Room|p2a: Hatterene\n|-fieldstart|move: Trick Room|[of] p2a: Hatterene\n|\n|-weather|Snowscape|[upkeep]\n|upkeep\n|turn|2\n|inactive|MeansJeans has 30 seconds left.\n|\n|t:|1776727768\n|switch|p2b: Avalugg|Avalugg, L50, M|100/100\n|switch|p1a: Incineroar|Incineroar, L50, F|100/100\n|-ability|p1a: Incineroar|Intimidate|boost\n|-unboost|p2a: Hatterene|atk|1\n|-unboost|p2b: Avalugg|atk|1\n|detailschange|p1b: Scizor|Scizor-Mega, L50, M\n|-mega|p1b: Scizor|Scizor|Scizorite\n|move|p1b: Scizor|Bullet Punch|p2b: Avalugg\n|-supereffective|p2b: Avalugg|1\n|-damage|p2b: Avalugg|78/100\n|move|p2a: Hatterene|Psychic|p1a: Incineroar\n|-immune|p1a: Incineroar\n|\n|-weather|Snowscape|[upkeep]\n|upkeep\n|turn|3\n|inactive|MeansJeans has 30 seconds left.\n|\n|t:|1776727795\n|switch|p2a: Crabominable|Crabominable, L50, F|100/100\n|move|p1a: Incineroar|Fake Out|p2a: Crabominable\n|-damage|p2a: Crabominable|95/100\n|move|p2b: Avalugg|Frost Breath|p2a: Crabominable\n|-resisted|p2a: Crabominable|1\n|-crit|p2a: Crabominable\n|-damage|p2a: Crabominable|86/100\n|-setboost|p2a: Crabominable|atk|6|[from] ability: Anger Point\n|move|p1b: Scizor|Swords Dance|p1b: Scizor\n|-boost|p1b: Scizor|atk|2\n|\n|-weather|Snowscape|[upkeep]\n|upkeep\n|turn|4\n|\n|t:|1776727814\n|detailschange|p2a: Crabominable|Crabominable-Mega, L50, F\n|-mega|p2a: Crabominable|Crabominable|Crabominite\n|move|p1b: Scizor|Protect|p1b: Scizor\n|-singleturn|p1b: Scizor|Protect\n|move|p2b: Avalugg|Wide Guard|p2b: Avalugg\n|-singleturn|p2b: Avalugg|Wide Guard\n|move|p2a: Crabominable|Earthquake|p1b: Scizor|[spread] p1a\n|-activate|p2b: Avalugg|move: Wide Guard\n|-activate|p1b: Scizor|move: Protect\n|-supereffective|p1a: Incineroar|1\n|-damage|p1a: Incineroar|0 fnt\n|faint|p1a: Incineroar\n|\n|-weather|Snowscape|[upkeep]\n|upkeep\n|\n|t:|1776727831\n|switch|p1a: Sneasler|Sneasler, L50, F|100/100\n|turn|5\n|\n|t:|1776727845\n|switch|p2b: Hatterene|Hatterene, L50, F|100/100\n|move|p1a: Sneasler|Fake Out|p2a: Crabominable\n|-damage|p2a: Crabominable|81/100\n|move|p1b: Scizor|Bullet Punch|p2b: Hatterene\n|-supereffective|p2b: Hatterene|1\n|-damage|p2b: Hatterene|0 fnt\n|faint|p2b: Hatterene\n|cant|p2a: Crabominable|flinch\n|\n|-weather|none\n|-sideend|p2: cynbeballin|move: Aurora Veil\n|-fieldend|move: Trick Room\n|upkeep\n|\n|t:|1776727857\n|switch|p2b: Ninetales|Ninetales-Alola, L50, M|100/100\n|-weather|Snowscape|[from] ability: Snow Warning|[of] p2b: Ninetales\n|turn|6\n|\n|t:|1776727868\n|move|p2b: Ninetales|Helping Hand|p2a: Crabominable\n|-singleturn|p2a: Crabominable|Helping Hand|[of] p2b: Ninetales\n|move|p1b: Scizor|Bullet Punch|p2b: Ninetales\n|-supereffective|p2b: Ninetales|2\n|-enditem|p2b: Ninetales|Focus Sash\n|-damage|p2b: Ninetales|1/100\n|move|p2a: Crabominable|Mach Punch|p1b: Scizor\n|-damage|p1b: Scizor|0 fnt\n|faint|p1b: Scizor\n|move|p1a: Sneasler|Close Combat|p2a: Crabominable\n|-supereffective|p2a: Crabominable|1\n|-damage|p2a: Crabominable|19/100\n|-unboost|p1a: Sneasler|def|1\n|-unboost|p1a: Sneasler|spd|1\n|-enditem|p1a: Sneasler|White Herb\n|-clearnegativeboost|p1a: Sneasler|[silent]\n|\n|-weather|Snowscape|[upkeep]\n|upkeep\n|\n|t:|1776727886\n|switch|p1b: Sinistcha|Sinistcha-Masterpiece, L50|100/100\n|turn|7\n|\n|t:|1776727899\n|move|p2a: Crabominable|Protect|p2a: Crabominable\n|-singleturn|p2a: Crabominable|Protect\n|move|p1b: Sinistcha|Rage Powder|p1b: Sinistcha\n|-singleturn|p1b: Sinistcha|move: Rage Powder\n|move|p1a: Sneasler|Close Combat|p2a: Crabominable\n|-activate|p2a: Crabominable|move: Protect\n|move|p2b: Ninetales|Blizzard|p1a: Sneasler|[spread] p1a,p1b\n|-supereffective|p1b: Sinistcha|1\n|-damage|p1a: Sneasler|66/100\n|-damage|p1b: Sinistcha|42/100\n|-status|p1b: Sinistcha|frz\n|-enditem|p1b: Sinistcha|Sitrus Berry|[eat]\n|-heal|p1b: Sinistcha|67/100 frz|[from] item: Sitrus Berry\n|\n|-weather|Snowscape|[upkeep]\n|upkeep\n|turn|8\n|\n|t:|1776727914\n|move|p2a: Crabominable|Mach Punch|p1a: Sneasler\n|-resisted|p1a: Sneasler|1\n|-damage|p1a: Sneasler|0 fnt\n|faint|p1a: Sneasler\n|move|p2b: Ninetales|Blizzard|p1b: Sinistcha\n|-supereffective|p1b: Sinistcha|1\n|-damage|p1b: Sinistcha|0 fnt\n|faint|p1b: Sinistcha\n|\n|win|cynbeballin\n|raw|MeansJeans's rating: 1098 &rarr; <strong>1072</strong><br />(-26 for losing)\n|raw|cynbeballin's rating: 1078 &rarr; <strong>1108</strong><br />(+30 for winning)\n|l|\u2606MeansJeans\n|player|p1|\n",
  "uploadtime": 1776727942,
  "views": 4,
  "formatid": "gen9championsvgc2026regma",
  "rating": 1072,
  "private": 0,
  "password": null
}