{
  "id": "gen9championsvgc2026regma-2589477723",
  "format": "[Gen 9 Champions] VGC 2026 Reg M-A",
  "players": [
    "Tailwind Lobbyist",
    "aiingee"
  ],
  "log": "|j|\u2606Tailwind Lobbyist\n|j|\u2606aiingee\n|t:|1776726526\n|gametype|doubles\n|player|p1|Tailwind Lobbyist|clerkf|1267\n|player|p2|aiingee|1|1269\n|gen|9\n|tier|[Gen 9 Champions] VGC 2026 Reg M-A\n|rated|\n|rule|Species Clause: Limit one of each Pok\u00e9mon\n|rule|Item Clause: Limit 1 of each item\n|clearpoke\n|poke|p1|Gardevoir, L50, F, shiny|\n|poke|p1|Aegislash, L50, F, shiny|\n|poke|p1|Sneasler, L50, M|\n|poke|p1|Dragonite, L50, M, shiny|\n|poke|p1|Incineroar, L50, M|\n|poke|p1|Araquanid, L50, M, shiny|\n|poke|p2|Aegislash, L50, M|\n|poke|p2|Talonflame, L50, F|\n|poke|p2|Incineroar, L50, F|\n|poke|p2|Garchomp, L50, M|\n|poke|p2|Rotom-Wash, L50|\n|poke|p2|Gardevoir, L50, F|\n|teampreview|4\n|inactive|Battle timer is ON: inactive players will automatically lose when time's up. (requested by aiingee)\nTailwind Lobbyist has agreed to open team sheets.\naiingee rejected open team sheets.\n|inactive|Tailwind Lobbyist has 60 seconds left.\n|\n|t:|1776726581\n|teamsize|p1|4\n|teamsize|p2|4\n|start\n|switch|p1a: Drill guy|Sneasler, L50, M|100/100\n|switch|p1b: Dynatag|Incineroar, L50, M|100/100\n|switch|p2a: Talonflame|Talonflame, L50, F|100/100\n|switch|p2b: Rotom|Rotom-Wash, L50|100/100\n|-ability|p1b: Dynatag|Intimidate|boost\n|-unboost|p2a: Talonflame|atk|1\n|-unboost|p2b: Rotom|atk|1\n|turn|1\n|\n|t:|1776726591\n|move|p2a: Talonflame|Protect|p2a: Talonflame\n|-singleturn|p2a: Talonflame|Protect\n|move|p2b: Rotom|Protect|p2b: Rotom\n|-singleturn|p2b: Rotom|Protect\n|move|p1a: Drill guy|Fake Out|p2a: Talonflame\n|-activate|p2a: Talonflame|move: Protect\n|move|p1b: Dynatag|Fake Out|p2b: Rotom\n|-activate|p2b: Rotom|move: Protect\n|\n|upkeep\n|turn|2\n|\n|t:|1776726612\n|move|p1a: Drill guy|Upper Hand|p2a: Talonflame\n|-resisted|p2a: Talonflame|1\n|-damage|p2a: Talonflame|69/100\n|cant|p2a: Talonflame|flinch\n|move|p2b: Rotom|Hydro Pump|p1b: Dynatag\n|-supereffective|p1b: Dynatag|1\n|-damage|p1b: Dynatag|34/100\n|-enditem|p1b: Dynatag|Sitrus Berry|[eat]\n|-heal|p1b: Dynatag|59/100|[from] item: Sitrus Berry\n|move|p1b: Dynatag|Parting Shot|p2b: Rotom\n|-unboost|p2b: Rotom|atk|1\n|-unboost|p2b: Rotom|spa|1\n|\n|t:|1776726625\n|switch|p1b: Rikka|Gardevoir, L50, F, shiny|100/100|[from] Parting Shot\n|-ability|p1b: Rikka|Levitate|Trace|[from] ability: Trace|[of] p2b: Rotom\n|\n|upkeep\n|turn|3\n|\n|t:|1776726640\n|detailschange|p1b: Rikka|Gardevoir-Mega, L50, F, shiny\n|-mega|p1b: Rikka|Gardevoir|Gardevoirite\n|move|p2a: Talonflame|Tailwind|p2a: Talonflame\n|-sidestart|p2: aiingee|move: Tailwind\n|move|p2b: Rotom|Will-O-Wisp|p1a: Drill guy\n|-status|p1a: Drill guy|brn\n|move|p1a: Drill guy|Dire Claw|p2a: Talonflame\n|-damage|p2a: Talonflame|36/100\n|move|p1b: Rikka|Psychic|p2b: Rotom\n|-damage|p2b: Rotom|44/100\n|-enditem|p2b: Rotom|Sitrus Berry|[eat]\n|-heal|p2b: Rotom|69/100|[from] item: Sitrus Berry\n|\n|-damage|p1a: Drill guy|95/100 brn|[from] brn\n|upkeep\n|turn|4\n|\n|t:|1776726658\n|move|p2a: Talonflame|Acrobatics|p1a: Drill guy\n|-supereffective|p1a: Drill guy|1\n|-damage|p1a: Drill guy|0 fnt\n|faint|p1a: Drill guy\n|move|p2b: Rotom|Thunderbolt|p1b: Rikka\n|-damage|p1b: Rikka|78/100\n|move|p1b: Rikka|Hyper Voice|p2b: Rotom|[spread] p2a,p2b\n|-resisted|p2a: Talonflame|1\n|-damage|p2a: Talonflame|0 fnt\n|-damage|p2b: Rotom|15/100\n|faint|p2a: Talonflame\n|\n|upkeep\n|\n|t:|1776726672\n|switch|p2a: Gardevoir|Gardevoir, L50, F|100/100\n|switch|p1a: Dynatag|Incineroar, L50, M|59/100\n|-ability|p2a: Gardevoir|Intimidate|Trace|[from] ability: Trace|[of] p1a: Dynatag\n|-ability|p2a: Gardevoir|Intimidate|boost\n|-unboost|p1a: Dynatag|atk|1\n|-unboost|p1b: Rikka|atk|1\n|-ability|p1a: Dynatag|Intimidate|boost\n|-unboost|p2a: Gardevoir|atk|1\n|-unboost|p2b: Rotom|atk|1\n|turn|5\n|\n|t:|1776726686\n|detailschange|p2a: Gardevoir|Gardevoir-Mega, L50, F\n|-mega|p2a: Gardevoir|Gardevoir|Gardevoirite\n|move|p1b: Rikka|Protect|p1b: Rikka\n|-singleturn|p1b: Rikka|Protect\n|move|p2a: Gardevoir|Calm Mind|p2a: Gardevoir\n|-boost|p2a: Gardevoir|spa|1\n|-boost|p2a: Gardevoir|spd|1\n|move|p2b: Rotom|Hydro Pump|p1a: Dynatag\n|-supereffective|p1a: Dynatag|1\n|-damage|p1a: Dynatag|11/100\n|move|p1a: Dynatag|Parting Shot|p2a: Gardevoir\n|-unboost|p2a: Gardevoir|atk|1\n|-unboost|p2a: Gardevoir|spa|1\n|\n|t:|1776726696\n|switch|p1a: Mariner|Araquanid, L50, M, shiny|100/100|[from] Parting Shot\n|\n|upkeep\n|turn|6\n|\n|t:|1776726706\n|move|p2a: Gardevoir|Moonblast|p1a: Mariner\n|-damage|p1a: Mariner|57/100\n|move|p2b: Rotom|Thunderbolt|p1a: Mariner\n|-supereffective|p1a: Mariner|1\n|-damage|p1a: Mariner|19/100\n|move|p1b: Rikka|Hyper Voice|p2a: Gardevoir|[spread] p2a,p2b\n|-damage|p2a: Gardevoir|74/100\n|-damage|p2b: Rotom|0 fnt\n|faint|p2b: Rotom\n|move|p1a: Mariner|Liquidation|p2a: Gardevoir\n|-damage|p2a: Gardevoir|9/100\n|\n|-sideend|p2: aiingee|move: Tailwind\n|upkeep\n|\n|t:|1776726716\n|switch|p2b: Incineroar|Incineroar, L50, F|100/100\n|-ability|p2b: Incineroar|Intimidate|boost\n|-unboost|p1a: Mariner|atk|1\n|-unboost|p1b: Rikka|atk|1\n|turn|7\n|-activate|p1a: Mariner|item: Quick Claw\n|\n|t:|1776726725\n|move|p1a: Mariner|Protect|p1a: Mariner\n|-singleturn|p1a: Mariner|Protect\n|move|p1b: Rikka|Protect|p1b: Rikka\n|-singleturn|p1b: Rikka|Protect\n|move|p2b: Incineroar|Fake Out|p1b: Rikka\n|-activate|p1b: Rikka|move: Protect\n|move|p2a: Gardevoir|Hyper Voice|p1a: Mariner|[spread] \n|-activate|p1a: Mariner|move: Protect\n|-activate|p1b: Rikka|move: Protect\n|\n|upkeep\n|turn|8\n|\n|t:|1776726741\n|move|p1b: Rikka|Hyper Voice|p2a: Gardevoir|[spread] p2a,p2b\n|-damage|p2a: Gardevoir|0 fnt\n|-damage|p2b: Incineroar|60/100\n|faint|p2a: Gardevoir\n|move|p2b: Incineroar|Darkest Lariat|p1a: Mariner\n|-damage|p1a: Mariner|0 fnt\n|faint|p1a: Mariner\n|\n|-heal|p2b: Incineroar|66/100|[from] item: Leftovers\n|upkeep\n|\n|t:|1776726746\n|switch|p1a: Dynatag|Incineroar, L50, M|11/100\n|-ability|p1a: Dynatag|Intimidate|boost\n|-unboost|p2b: Incineroar|atk|1\n|turn|9\n|-message|aiingee forfeited.\n|\n|win|Tailwind Lobbyist\n|raw|Tailwind Lobbyist's rating: 1267 &rarr; <strong>1292</strong><br />(+25 for winning)\n|raw|aiingee's rating: 1269 &rarr; <strong>1244</strong><br />(-25 for losing)\n|l|\u2606aiingee\n|player|p2|\n",
  "uploadtime": 1776726753,
  "views": 9,
  "formatid": "gen9championsvgc2026regma",
  "rating": 1244,
  "private": 0,
  "password": null
}