{
  "id": "gen9championsvgc2026regma-2587703236",
  "format": "[Gen 9 Champions] VGC 2026 Reg M-A",
  "players": [
    "cduke.vgc",
    "quaglama"
  ],
  "log": "|j|\u2606cduke.vgc\n|j|\u2606quaglama\n|t:|1776555519\n|gametype|doubles\n|player|p1|cduke.vgc|hiker-gen4|1003\n|player|p2|quaglama|101|1048\n|gen|9\n|tier|[Gen 9 Champions] VGC 2026 Reg M-A\n|rated|\n|rule|Species Clause: Limit one of each Pok\u00e9mon\n|rule|Item Clause: Limit 1 of each item\n|clearpoke\n|poke|p1|Blastoise, L50, M|\n|poke|p1|Sinistcha, L50|\n|poke|p1|Aerodactyl, L50, F|\n|poke|p1|Raichu, L50, M|\n|poke|p1|Incineroar, L50, M|\n|poke|p1|Garchomp, L50, F|\n|poke|p2|Drampa, L50, F|\n|poke|p2|Sableye, L50, F|\n|poke|p2|Floette-Eternal, L50, F|\n|poke|p2|Gallade, L50, M|\n|poke|p2|Basculegion, L50, M|\n|poke|p2|Incineroar, L50, F|\n|teampreview|4\n|\n|t:|1776555557\n|teamsize|p1|4\n|teamsize|p2|4\n|start\n|switch|p1a: Aerodactyl|Aerodactyl, L50, F|100/100\n|switch|p1b: Garchomp|Garchomp, L50, F|100/100\n|switch|p2a: Basculegion|Basculegion, L50, M|100/100\n|switch|p2b: Gallade|Gallade, L50, M|100/100\n|-ability|p1a: Aerodactyl|Unnerve\n|turn|1\n|inactive|Battle timer is ON: inactive players will automatically lose when time's up. (requested by quaglama)\n|\n|t:|1776555598\n|move|p1a: Aerodactyl|Tailwind|p1a: Aerodactyl\n|-sidestart|p1: cduke.vgc|move: Tailwind\n|move|p1b: Garchomp|Dragon Claw|p2a: Basculegion\n|-damage|p2a: Basculegion|55/100\n|move|p2a: Basculegion|Flip Turn|p1a: Aerodactyl\n|-supereffective|p1a: Aerodactyl|1\n|-enditem|p1a: Aerodactyl|Focus Sash\n|-damage|p1a: Aerodactyl|1/100\n|\n|t:|1776555610\n|switch|p2a: Incineroar|Incineroar, L50, F|100/100|[from] Flip Turn\n|-ability|p2a: Incineroar|Intimidate|boost\n|-unboost|p1a: Aerodactyl|atk|1\n|-unboost|p1b: Garchomp|atk|1\n|move|p2b: Gallade|Psycho Cut|p1a: Aerodactyl\n|-damage|p1a: Aerodactyl|0 fnt\n|faint|p1a: Aerodactyl\n|\n|upkeep\n|\n|t:|1776555623\n|switch|p1a: Blastoise|Blastoise, L50, M|100/100\n|turn|2\n|\n|t:|1776555641\n|detailschange|p1a: Blastoise|Blastoise-Mega, L50, M\n|-mega|p1a: Blastoise|Blastoise|Blastoisinite\n|move|p2a: Incineroar|Fake Out|p1b: Garchomp\n|-damage|p1b: Garchomp|92/100\n|-damage|p2a: Incineroar|88/100|[from] ability: Rough Skin|[of] p1b: Garchomp\n|move|p1a: Blastoise|Water Spout|p2b: Gallade|[spread] p2a,p2b\n|-supereffective|p2a: Incineroar|1\n|-crit|p2b: Gallade\n|-damage|p2a: Incineroar|0 fnt\n|-damage|p2b: Gallade|0 fnt\n|faint|p2a: Incineroar\n|faint|p2b: Gallade\n|cant|p1b: Garchomp|flinch\n|\n|-heal|p1b: Garchomp|98/100|[from] item: Leftovers\n|upkeep\n|\n|t:|1776555654\n|switch|p2b: Basculegion|Basculegion, L50, M|55/100\n|switch|p2a: Floette|Floette-Eternal, L50, F|100/100\n|turn|3\n|inactive|cduke.vgc has 30 seconds left.\n|inactive|cduke.vgc has 20 seconds left.\n|\n|t:|1776555694\n|detailschange|p2a: Floette|Floette-Mega, L50, F\n|-mega|p2a: Floette|Floette|Floettite\n|-ability|p2a: Floette|Fairy Aura\n|move|p1b: Garchomp|Protect|p1b: Garchomp\n|-singleturn|p1b: Garchomp|Protect\n|move|p1a: Blastoise|Dark Pulse|p2b: Basculegion\n|-supereffective|p2b: Basculegion|1\n|-damage|p2b: Basculegion|0 fnt\n|faint|p2b: Basculegion\n|move|p2a: Floette|Dazzling Gleam|p1b: Garchomp|[spread] p1a\n|-activate|p1b: Garchomp|move: Protect\n|-damage|p1a: Blastoise|55/100\n|\n|-heal|p1b: Garchomp|100/100|[from] item: Leftovers\n|upkeep\n|turn|4\n|inactive|cduke.vgc has 30 seconds left.\n|\n|t:|1776555722\n|switch|p1b: Sinistcha|Sinistcha, L50|100/100\n|-heal|p1a: Blastoise|80/100|[from] ability: Hospitality|[of] p1b: Sinistcha\n|move|p1a: Blastoise|Ice Beam|p2a: Floette\n|-damage|p2a: Floette|68/100\n|move|p2a: Floette|Calm Mind|p2a: Floette\n|-boost|p2a: Floette|spa|1\n|-boost|p2a: Floette|spd|1\n|\n|-sideend|p1: cduke.vgc|move: Tailwind\n|upkeep\n|turn|5\n|inactive|cduke.vgc has 30 seconds left.\n|inactive|quaglama has 30 seconds left.\n|\n|t:|1776555754\n|move|p2a: Floette|Draining Kiss|p1a: Blastoise\n|-damage|p1a: Blastoise|20/100\n|-heal|p2a: Floette|100/100|[from] drain|[of] p1a: Blastoise\n|move|p1a: Blastoise|Water Spout|p2a: Floette\n|-damage|p2a: Floette|90/100\n|move|p1b: Sinistcha|Life Dew||[still]|[spread] p1a,p1b\n|-heal|p1a: Blastoise|45/100\n|-fail|p1b: Sinistcha|heal\n|\n|upkeep\n|turn|6\n|inactive|cduke.vgc has 30 seconds left.\n|\n|t:|1776555780\n|move|p1b: Sinistcha|Rage Powder|p1b: Sinistcha\n|-singleturn|p1b: Sinistcha|move: Rage Powder\n|move|p2a: Floette|Calm Mind|p2a: Floette\n|-boost|p2a: Floette|spa|1\n|-boost|p2a: Floette|spd|1\n|move|p1a: Blastoise|Shell Smash|p1a: Blastoise\n|-unboost|p1a: Blastoise|def|1\n|-unboost|p1a: Blastoise|spd|1\n|-boost|p1a: Blastoise|atk|2\n|-boost|p1a: Blastoise|spa|2\n|-boost|p1a: Blastoise|spe|2\n|\n|upkeep\n|turn|7\n|inactive|cduke.vgc has 30 seconds left.\n|\n|t:|1776555808\n|move|p1b: Sinistcha|Rage Powder|p1b: Sinistcha\n|-singleturn|p1b: Sinistcha|move: Rage Powder\n|move|p1a: Blastoise|Ice Beam|p2a: Floette\n|-damage|p2a: Floette|57/100\n|move|p2a: Floette|Dazzling Gleam|p1b: Sinistcha|[spread] p1a,p1b\n|-damage|p1a: Blastoise|0 fnt\n|-damage|p1b: Sinistcha|0 fnt\n|faint|p1a: Blastoise\n|faint|p1b: Sinistcha\n|\n|upkeep\n|\n|t:|1776555820\n|switch|p1a: Garchomp|Garchomp, L50, F|100/100\n|turn|8\n|\n|t:|1776555829\n|move|p2a: Floette|Draining Kiss|p1a: Garchomp\n|-supereffective|p1a: Garchomp|1\n|-damage|p1a: Garchomp|0 fnt\n|-heal|p2a: Floette|100/100|[from] drain|[of] p1a: Garchomp\n|-damage|p2a: Floette|88/100|[from] ability: Rough Skin|[of] p1a: Garchomp\n|faint|p1a: Garchomp\n|\n|win|quaglama\n|raw|cduke.vgc's rating: 1003 &rarr; <strong>1000</strong><br />(-3 for losing)\n|raw|quaglama's rating: 1048 &rarr; <strong>1077</strong><br />(+29 for winning)\n|l|\u2606cduke.vgc\n|player|p1|\n",
  "uploadtime": 1776555839,
  "views": 17,
  "formatid": "gen9championsvgc2026regma",
  "rating": 1000,
  "private": 0,
  "password": null
}