{
  "id": "gen9championsvgc2026regma-2587908572",
  "format": "[Gen 9 Champions] VGC 2026 Reg M-A",
  "players": [
    "asubircomolaespuma",
    "yamede\u86c7\u5982"
  ],
  "log": "|j|\u203dasubircomolaespuma\n|j|\u2606yamede\u86c7\u5982\n|t:|1776577572\n|gametype|doubles\n|player|p1|asubircomolaespuma|102|1525\n|player|p2|yamede\u86c7\u5982|2|1613\n|gen|9\n|tier|[Gen 9 Champions] VGC 2026 Reg M-A\n|rated|\n|rule|Species Clause: Limit one of each Pok\u00e9mon\n|rule|Item Clause: Limit 1 of each item\n|clearpoke\n|poke|p1|Charizard, L50, F|\n|poke|p1|Basculegion, L50, M|\n|poke|p1|Garchomp, L50, M|\n|poke|p1|Whimsicott, L50, F|\n|poke|p1|Kingambit, L50, M|\n|poke|p1|Sneasler, L50, F|\n|poke|p2|Tyranitar, L50, M|\n|poke|p2|Milotic, L50, F, shiny|\n|poke|p2|Excadrill, L50, F|\n|poke|p2|Meganium, L50, F, shiny|\n|poke|p2|Incineroar, L50, F|\n|poke|p2|Sinistcha, L50|\n|teampreview|4\n|\n|t:|1776577597\n|teamsize|p1|4\n|teamsize|p2|4\n|start\n|switch|p1a: Whimsicott|Whimsicott, L50, F|100/100\n|switch|p1b: Basculegion|Basculegion, L50, M|100/100\n|switch|p2a: Milotic|Milotic, L50, F, shiny|100/100\n|switch|p2b: Excadrill|Excadrill, L50, F|100/100\n|turn|1\n|j| newmegasbad\n|\n|t:|1776577638\n|move|p1a: Whimsicott|Tailwind|p1a: Whimsicott\n|-sidestart|p1: asubircomolaespuma|move: Tailwind\n|move|p1b: Basculegion|Flip Turn|p2a: Milotic\n|-resisted|p2a: Milotic|1\n|-damage|p2a: Milotic|86/100\n|inactive|Battle timer is ON: inactive players will automatically lose when time's up. (requested by asubircomolaespuma)\n|\n|t:|1776577644\n|switch|p1b: Sneasler|Sneasler, L50, F|100/100|[from] Flip Turn\n|move|p2b: Excadrill|Iron Head|p1a: Whimsicott\n|-supereffective|p1a: Whimsicott|1\n|-crit|p1a: Whimsicott\n|-damage|p1a: Whimsicott|0 fnt\n|faint|p1a: Whimsicott\n|move|p2a: Milotic|Coil|p2a: Milotic\n|-boost|p2a: Milotic|atk|1\n|-boost|p2a: Milotic|def|1\n|-boost|p2a: Milotic|accuracy|1\n|\n|-heal|p2a: Milotic|92/100|[from] item: Leftovers\n|upkeep\n|\n|t:|1776577653\n|switch|p1a: Charizard|Charizard, L50, F|100/100\n|turn|2\n|inactive|asubircomolaespuma has 30 seconds left.\n|inactive|yamede\u86c7\u5982 has 30 seconds left.\n|inactive|yamede\u86c7\u5982 has 20 seconds left.\n|\n|t:|1776577690\n|switch|p2b: Incineroar|Incineroar, L50, F|100/100\n|-ability|p2b: Incineroar|Intimidate|boost\n|-unboost|p1a: Charizard|atk|1\n|-unboost|p1b: Sneasler|atk|1\n|-enditem|p1b: Sneasler|White Herb\n|-clearnegativeboost|p1b: Sneasler|[silent]\n|move|p1a: Charizard|Protect|p1a: Charizard\n|-singleturn|p1a: Charizard|Protect\n|move|p1b: Sneasler|Close Combat|p2b: Incineroar\n|-supereffective|p2b: Incineroar|1\n|-damage|p2b: Incineroar|7/100\n|-unboost|p1b: Sneasler|def|1\n|-unboost|p1b: Sneasler|spd|1\n|move|p2a: Milotic|Hypnosis|p1b: Sneasler\n|-status|p1b: Sneasler|slp|[from] move: Hypnosis\n|\n|-heal|p2a: Milotic|98/100|[from] item: Leftovers\n|upkeep\n|turn|3\n|j| iamanewbie2\n|j| bosswq\n|j| Jigglyjoe13\n|inactive|yamede\u86c7\u5982 has 30 seconds left.\n|inactive|yamede\u86c7\u5982 has 20 seconds left.\n|inactive|yamede\u86c7\u5982 has 15 seconds left.\n|inactive|yamede\u86c7\u5982 has 10 seconds left.\n|inactive|yamede\u86c7\u5982 has 5 seconds left.\n|\n|t:|1776577743\n|detailschange|p1a: Charizard|Charizard-Mega-Y, L50, F\n|-mega|p1a: Charizard|Charizard|Charizardite Y\n|-weather|SunnyDay|[from] ability: Drought|[of] p1a: Charizard\n|cant|p1b: Sneasler|slp\n|move|p1a: Charizard|Solar Beam||[still]\n|-prepare|p1a: Charizard|Solar Beam\n|-anim|p1a: Charizard|Solar Beam|p2a: Milotic\n|-supereffective|p2a: Milotic|1\n|-damage|p2a: Milotic|33/100\n|move|p2a: Milotic|Muddy Water|p1b: Sneasler|[spread] p1a,p1b\n|-supereffective|p1a: Charizard|1\n|-damage|p1a: Charizard|81/100\n|-damage|p1b: Sneasler|75/100 slp\n|move|p2b: Incineroar|Parting Shot|p1a: Charizard\n|-unboost|p1a: Charizard|atk|1\n|-unboost|p1a: Charizard|spa|1\n|\n|t:|1776577758\n|switch|p2b: Sinistcha|Sinistcha, L50|100/100|[from] Parting Shot\n|-heal|p2a: Milotic|57/100|[from] ability: Hospitality|[of] p2b: Sinistcha\n|\n|-weather|SunnyDay|[upkeep]\n|-heal|p2a: Milotic|63/100|[from] item: Leftovers\n|upkeep\n|turn|4\n|inactive|yamede\u86c7\u5982 has 30 seconds left.\n|l| iamanewbie2\n|inactive|yamede\u86c7\u5982 has 20 seconds left.\n|inactive|yamede\u86c7\u5982 has 15 seconds left.\n|inactive|yamede\u86c7\u5982 has 10 seconds left.\n|\n|t:|1776577803\n|switch|p2b: Incineroar|Incineroar, L50, F|7/100\n|-ability|p2b: Incineroar|Intimidate|boost\n|-unboost|p1a: Charizard|atk|1\n|-unboost|p1b: Sneasler|atk|1\n|-curestatus|p1b: Sneasler|slp|[msg]\n|move|p1b: Sneasler|Protect|p1b: Sneasler\n|-singleturn|p1b: Sneasler|Protect\n|move|p1a: Charizard|Overheat|p2b: Incineroar\n|-resisted|p2b: Incineroar|1\n|-damage|p2b: Incineroar|0 fnt\n|-unboost|p1a: Charizard|spa|2\n|faint|p2b: Incineroar\n|move|p2a: Milotic|Recover|p2a: Milotic\n|-heal|p2a: Milotic|100/100\n|\n|-weather|SunnyDay|[upkeep]\n|-sideend|p1: asubircomolaespuma|move: Tailwind\n|upkeep\n|\n|t:|1776577820\n|switch|p2b: Excadrill|Excadrill, L50, F|100/100\n|turn|5\n|j| stanleyhaw94\n|inactive|yamede\u86c7\u5982 has 30 seconds left.\n|\n|t:|1776577855\n|switch|p1a: Basculegion|Basculegion, L50, M|100/100\n|move|p1b: Sneasler|Close Combat|p2b: Excadrill\n|-supereffective|p2b: Excadrill|1\n|-enditem|p2b: Excadrill|Focus Sash\n|-damage|p2b: Excadrill|1/100\n|-unboost|p1b: Sneasler|def|1\n|-unboost|p1b: Sneasler|spd|1\n|move|p2b: Excadrill|High Horsepower|p1b: Sneasler\n|-supereffective|p1b: Sneasler|1\n|-damage|p1b: Sneasler|0 fnt\n|faint|p1b: Sneasler\n|move|p2a: Milotic|Coil|p2a: Milotic\n|-boost|p2a: Milotic|atk|1\n|-boost|p2a: Milotic|def|1\n|-boost|p2a: Milotic|accuracy|1\n|\n|-weather|SunnyDay|[upkeep]\n|upkeep\n|\n|t:|1776577867\n|switch|p1b: Charizard|Charizard-Mega-Y, L50, F|81/100\n|turn|6\n|inactive|yamede\u86c7\u5982 has 30 seconds left.\n|inactive|yamede\u86c7\u5982 has 20 seconds left.\n|\n|t:|1776577905\n|move|p1a: Basculegion|Last Respects|p2a: Milotic\n|-damage|p2a: Milotic|65/100\n|move|p2b: Excadrill|High Horsepower|p1a: Basculegion\n|-damage|p1a: Basculegion|34/100\n|move|p1b: Charizard|Solar Beam||[still]\n|-prepare|p1b: Charizard|Solar Beam\n|-anim|p1b: Charizard|Solar Beam|p2a: Milotic\n|-supereffective|p2a: Milotic|1\n|-damage|p2a: Milotic|0 fnt\n|faint|p2a: Milotic\n|\n|-weather|SunnyDay|[upkeep]\n|upkeep\n|\n|t:|1776577915\n|switch|p2a: Sinistcha|Sinistcha, L50|100/100\n|-heal|p2b: Excadrill|26/100|[from] ability: Hospitality|[of] p2a: Sinistcha\n|turn|7\n|inactive|yamede\u86c7\u5982 has 30 seconds left.\n|\n|t:|1776577948\n|move|p2b: Excadrill|Protect|p2b: Excadrill\n|-singleturn|p2b: Excadrill|Protect\n|move|p2a: Sinistcha|Protect|p2a: Sinistcha\n|-singleturn|p2a: Sinistcha|Protect\n|move|p1a: Basculegion|Last Respects|p2b: Excadrill\n|-activate|p2b: Excadrill|move: Protect\n|move|p1b: Charizard|Heat Wave|p2b: Excadrill|[spread] \n|-activate|p2a: Sinistcha|move: Protect\n|-activate|p2b: Excadrill|move: Protect\n|\n|-weather|none\n|upkeep\n|turn|8\n|\n|t:|1776577962\n|move|p2b: Excadrill|Protect||[still]\n|-fail|p2b: Excadrill\n|move|p1a: Basculegion|Last Respects|p2b: Excadrill\n|-damage|p2b: Excadrill|0 fnt\n|faint|p2b: Excadrill\n|move|p1b: Charizard|Heat Wave|p2a: Sinistcha|[miss]\n|-miss|p1b: Charizard|p2a: Sinistcha\n|move|p2a: Sinistcha|Matcha Gotcha|p1a: Basculegion|[spread] p1a,p1b\n|-supereffective|p1a: Basculegion|1\n|-resisted|p1b: Charizard|2\n|-damage|p1a: Basculegion|0 fnt\n|-damage|p1b: Charizard|76/100\n|faint|p1a: Basculegion\n|\n|upkeep\n|turn|9\n|l| stanleyhaw94\n|inactive|yamede\u86c7\u5982 has 30 seconds left.\n|\n|t:|1776577991\n|move|p1b: Charizard|Overheat|p2a: Sinistcha\n|-supereffective|p2a: Sinistcha|1\n|-damage|p2a: Sinistcha|0 fnt\n|-unboost|p1b: Charizard|spa|2\n|faint|p2a: Sinistcha\n|\n|win|asubircomolaespuma\n|raw|asubircomolaespuma's rating: 1525 &rarr; <strong>1550</strong><br />(+25 for winning)\n|raw|yamede\u86c7\u5982's rating: 1613 &rarr; <strong>1588</strong><br />(-25 for losing)\n|l|\u2606yamede\u86c7\u5982\n|player|p2|\n|l| bosswq\n",
  "uploadtime": 1776578004,
  "views": 23,
  "formatid": "gen9championsvgc2026regma",
  "rating": 1550,
  "private": 0,
  "password": null
}