{
  "id": "gen9championsvgc2026regma-2585392762",
  "format": "[Gen 9 Champions] VGC 2026 Reg M-A",
  "players": [
    "F19952502",
    "jingming"
  ],
  "log": "|j|\u2606F19952502\n|j|\u2606jingming\n|t:|1776343932\n|gametype|doubles\n|player|p1|F19952502|170|1274\n|player|p2|jingming|nate|1269\n|gen|9\n|tier|[Gen 9 Champions] VGC 2026 Reg M-A\n|rated|\n|rule|Species Clause: Limit one of each Pok\u00e9mon\n|rule|Item Clause: Limit 1 of each item\n|clearpoke\n|poke|p1|Floette-Eternal, L50, F|\n|poke|p1|Sinistcha, L50|\n|poke|p1|Crabominable, L50, M|\n|poke|p1|Farigiraf, L50, M|\n|poke|p1|Incineroar, L50, F|\n|poke|p1|Aerodactyl, L50, M|\n|poke|p2|Incineroar, L50, F|\n|poke|p2|Kingambit, L50, M|\n|poke|p2|Aerodactyl, L50, M|\n|poke|p2|Gardevoir, L50, M|\n|poke|p2|Maushold, L50|\n|poke|p2|Sneasler, L50, F|\n|teampreview|4\n|inactive|Battle timer is ON: inactive players will automatically lose when time's up. (requested by jingming)\n|\n|t:|1776343950\n|teamsize|p1|4\n|teamsize|p2|4\n|start\n|switch|p1a: Crabominable|Crabominable, L50, M|100/100\n|switch|p1b: Farigiraf|Farigiraf, L50, M|100/100\n|switch|p2a: Gardevoir|Gardevoir, L50, M|100/100\n|switch|p2b: Kingambit|Kingambit, L50, M|100/100\n|-ability|p2a: Gardevoir|Hyper Cutter|Trace|[from] ability: Trace|[of] p1a: Crabominable\n|turn|1\n|\n|t:|1776343958\n|detailschange|p2a: Gardevoir|Gardevoir-Mega, L50, M\n|-mega|p2a: Gardevoir|Gardevoir|Gardevoirite\n|detailschange|p1a: Crabominable|Crabominable-Mega, L50, M\n|-mega|p1a: Crabominable|Crabominable|Crabominite\n|move|p1b: Farigiraf|Protect|p1b: Farigiraf\n|-singleturn|p1b: Farigiraf|Protect\n|move|p2a: Gardevoir|Hyper Voice|p1a: Crabominable|[spread] p1a\n|-activate|p1b: Farigiraf|move: Protect\n|-supereffective|p1a: Crabominable|1\n|-damage|p1a: Crabominable|14/100\n|move|p2b: Kingambit|Kowtow Cleave|p1b: Farigiraf\n|-activate|p1b: Farigiraf|move: Protect\n|move|p1a: Crabominable|Drain Punch|p2b: Kingambit\n|-supereffective|p2b: Kingambit|2\n|-damage|p2b: Kingambit|0 fnt\n|-heal|p1a: Crabominable|58/100|[from] drain|[of] p2b: Kingambit\n|faint|p2b: Kingambit\n|\n|upkeep\n|\n|t:|1776343967\n|switch|p2b: Incineroar|Incineroar, L50, F|100/100\n|-ability|p2b: Incineroar|Intimidate|boost\n|-unboost|p1a: Crabominable|atk|1\n|-unboost|p1b: Farigiraf|atk|1\n|turn|2\n|\n|t:|1776343977\n|switch|p1a: Incineroar|Incineroar, L50, F|100/100\n|-ability|p1a: Incineroar|Intimidate|boost\n|-unboost|p2a: Gardevoir|atk|1\n|-unboost|p2b: Incineroar|atk|1\n|move|p2a: Gardevoir|Hyper Voice|p1a: Incineroar|[spread] p1a,p1b\n|-damage|p1a: Incineroar|63/100\n|-damage|p1b: Farigiraf|67/100\n|move|p2b: Incineroar|Throat Chop|p1b: Farigiraf\n|-supereffective|p1b: Farigiraf|1\n|-damage|p1b: Farigiraf|25/100\n|-start|p1b: Farigiraf|Throat Chop|[silent]\n|move|p1b: Farigiraf|Trick Room|p1b: Farigiraf\n|-fieldstart|move: Trick Room|[of] p1b: Farigiraf\n|\n|upkeep\n|turn|3\n|inactive|jingming has 30 seconds left.\n|\n|t:|1776344002\n|move|p1b: Farigiraf|Psychic|p2a: Gardevoir\n|-resisted|p2a: Gardevoir|1\n|-damage|p2a: Gardevoir|87/100\n|-unboost|p2a: Gardevoir|spd|1\n|move|p1a: Incineroar|Parting Shot|p2a: Gardevoir\n|-unboost|p2a: Gardevoir|atk|1\n|-unboost|p2a: Gardevoir|spa|1\n|\n|t:|1776344009\n|switch|p1a: Sinistcha|Sinistcha, L50|100/100|[from] Parting Shot\n|-heal|p1b: Farigiraf|49/100|[from] ability: Hospitality|[of] p1a: Sinistcha\n|move|p2b: Incineroar|Flare Blitz|p1b: Farigiraf\n|-damage|p1b: Farigiraf|15/100\n|-damage|p2b: Incineroar|88/100|[from] Recoil\n|move|p2a: Gardevoir|Trick Room|p2a: Gardevoir\n|-fieldend|move: Trick Room\n|\n|-end|p1b: Farigiraf|Throat Chop|[silent]\n|upkeep\n|turn|4\n|\n|t:|1776344028\n|switch|p2a: Sneasler|Sneasler, L50, F|100/100\n|move|p2b: Incineroar|Flare Blitz|p1a: Sinistcha\n|-supereffective|p1a: Sinistcha|1\n|-damage|p1a: Sinistcha|45/100\n|-damage|p2b: Incineroar|72/100|[from] Recoil\n|move|p1a: Sinistcha|Trick Room|p1a: Sinistcha\n|-fieldstart|move: Trick Room|[of] p1a: Sinistcha\n|move|p1b: Farigiraf|Trick Room|p1b: Farigiraf\n|-fieldend|move: Trick Room\n|\n|-heal|p1a: Sinistcha|52/100|[from] item: Leftovers\n|upkeep\n|turn|5\n|c|\u2606F19952502|misclick\n|\n|t:|1776344049\n|switch|p1a: Incineroar|Incineroar, L50, F|63/100\n|-ability|p1a: Incineroar|Intimidate|boost\n|-unboost|p2a: Sneasler|atk|1\n|-unboost|p2b: Incineroar|atk|1\n|-enditem|p2a: Sneasler|White Herb\n|-clearnegativeboost|p2a: Sneasler|[silent]\n|move|p2a: Sneasler|Dire Claw|p1b: Farigiraf\n|-damage|p1b: Farigiraf|0 fnt\n|faint|p1b: Farigiraf\n|move|p2b: Incineroar|Flare Blitz|p1a: Incineroar\n|-resisted|p1a: Incineroar|1\n|-damage|p1a: Incineroar|52/100\n|-damage|p2b: Incineroar|68/100|[from] Recoil\n|\n|upkeep\n|\n|t:|1776344060\n|switch|p1b: Sinistcha|Sinistcha, L50|52/100\n|-heal|p1a: Incineroar|77/100|[from] ability: Hospitality|[of] p1b: Sinistcha\n|turn|6\n|\n|t:|1776344072\n|switch|p2b: Gardevoir|Gardevoir-Mega, L50, M|87/100\n|move|p2a: Sneasler|Protect|p2a: Sneasler\n|-singleturn|p2a: Sneasler|Protect\n|move|p1a: Incineroar|Parting Shot|p2a: Sneasler\n|-activate|p2a: Sneasler|move: Protect\n|move|p1b: Sinistcha|Trick Room|p1b: Sinistcha\n|-fieldstart|move: Trick Room|[of] p1b: Sinistcha\n|\n|-heal|p1b: Sinistcha|58/100|[from] item: Leftovers\n|upkeep\n|turn|7\n|inactive|F19952502 has 30 seconds left.\n|\n|t:|1776344102\n|switch|p2a: Incineroar|Incineroar, L50, F|68/100\n|-ability|p2a: Incineroar|Intimidate|boost\n|-unboost|p1a: Incineroar|atk|1\n|-unboost|p1b: Sinistcha|atk|1\n|move|p1b: Sinistcha|Rage Powder|p1b: Sinistcha\n|-singleturn|p1b: Sinistcha|move: Rage Powder\n|move|p1a: Incineroar|Flare Blitz|p2b: Gardevoir\n|-damage|p2b: Gardevoir|46/100\n|-damage|p1a: Incineroar|65/100|[from] Recoil\n|move|p2b: Gardevoir|Trick Room|p2b: Gardevoir\n|-fieldend|move: Trick Room\n|\n|-heal|p1b: Sinistcha|64/100|[from] item: Leftovers\n|upkeep\n|turn|8\n|\n|t:|1776344121\n|switch|p1a: Crabominable|Crabominable-Mega, L50, M|58/100\n|move|p2b: Gardevoir|Hyper Voice|p1b: Sinistcha|[spread] p1a,p1b\n|-supereffective|p1a: Crabominable|1\n|-damage|p1a: Crabominable|0 fnt\n|-damage|p1b: Sinistcha|22/100\n|faint|p1a: Crabominable\n|move|p2a: Incineroar|Flare Blitz|p1b: Sinistcha\n|-supereffective|p1b: Sinistcha|1\n|-damage|p1b: Sinistcha|0 fnt\n|faint|p1b: Sinistcha\n|-damage|p2a: Incineroar|61/100|[from] Recoil\n|\n|upkeep\n|-message|F19952502 forfeited.\n|\n|win|jingming\n|raw|F19952502's rating: 1274 &rarr; <strong>1249</strong><br />(-25 for losing)\n|raw|jingming's rating: 1269 &rarr; <strong>1294</strong><br />(+25 for winning)\n|l|\u2606F19952502\n|player|p1|\n|l|\u2606jingming\n|player|p2|\n|j|\u2606jingming\n|player|p2|jingming|nate|\n",
  "uploadtime": 1776344618,
  "views": 26,
  "formatid": "gen9championsvgc2026regma",
  "rating": 1249,
  "private": 0,
  "password": null
}