{
  "id": "gen9championsvgc2026regma-2587876349",
  "format": "[Gen 9 Champions] VGC 2026 Reg M-A",
  "players": [
    "nomissPlz",
    "jaesun0810"
  ],
  "log": "|j|\u2606nomissPlz\n|j|\u2606jaesun0810\n|t:|1776573483\n|gametype|doubles\n|player|p1|nomissPlz|liko|1564\n|player|p2|jaesun0810|102|1535\n|gen|9\n|tier|[Gen 9 Champions] VGC 2026 Reg M-A\n|rated|\n|rule|Species Clause: Limit one of each Pok\u00e9mon\n|rule|Item Clause: Limit 1 of each item\n|clearpoke\n|poke|p1|Scizor, L50, M|\n|poke|p1|Dragonite, L50, M|\n|poke|p1|Archaludon, L50, F|\n|poke|p1|Sneasler, L50, M|\n|poke|p1|Basculegion, L50, M|\n|poke|p1|Pelipper, L50, F|\n|poke|p2|Basculegion, L50, M|\n|poke|p2|Sableye, L50, M|\n|poke|p2|Archaludon, L50, F|\n|poke|p2|Meganium, L50, F|\n|poke|p2|Pelipper, L50, M|\n|poke|p2|Sneasler, L50, M|\n|teampreview|4\n|j| AMDGBananaBen\n|\n|t:|1776573514\n|teamsize|p1|4\n|teamsize|p2|4\n|start\n|switch|p1a: Sneasler|Sneasler, L50, M|100/100\n|switch|p1b: Dragonite|Dragonite, L50, M|100/100\n|switch|p2a: Pelipper|Pelipper, L50, M|100/100\n|switch|p2b: Archaludon|Archaludon, L50, F|100/100\n|-weather|RainDance|[from] ability: Drizzle|[of] p2a: Pelipper\n|turn|1\n|\n|t:|1776573532\n|detailschange|p1b: Dragonite|Dragonite-Mega, L50, M\n|-mega|p1b: Dragonite|Dragonite|Dragoninite\n|move|p1a: Sneasler|Taunt|p2a: Pelipper\n|-start|p2a: Pelipper|move: Taunt\n|move|p1b: Dragonite|Draco Meteor|p2b: Archaludon\n|-damage|p2b: Archaludon|32/100\n|-unboost|p1b: Dragonite|spa|2\n|-ability|p2b: Archaludon|Stamina|boost\n|-boost|p2b: Archaludon|def|1\n|cant|p2a: Pelipper|move: Taunt|Tailwind\n|move|p2b: Archaludon|Electro Shot||[still]\n|-prepare|p2b: Archaludon|Electro Shot\n|-boost|p2b: Archaludon|spa|1\n|-anim|p2b: Archaludon|Electro Shot|p1b: Dragonite\n|-damage|p1b: Dragonite|79/100\n|\n|-weather|RainDance|[upkeep]\n|-heal|p2b: Archaludon|38/100|[from] item: Leftovers\n|upkeep\n|turn|2\n|\n|t:|1776573557\n|move|p2b: Archaludon|Protect|p2b: Archaludon\n|-singleturn|p2b: Archaludon|Protect\n|move|p1a: Sneasler|Dire Claw|p2a: Pelipper\n|-damage|p2a: Pelipper|41/100\n|move|p1b: Dragonite|Draco Meteor|p2b: Archaludon\n|-activate|p2b: Archaludon|move: Protect\n|move|p2a: Pelipper|Hurricane|p1a: Sneasler\n|-supereffective|p1a: Sneasler|1\n|-crit|p1a: Sneasler\n|-damage|p1a: Sneasler|0 fnt\n|faint|p1a: Sneasler\n|\n|-weather|RainDance|[upkeep]\n|-heal|p2b: Archaludon|44/100|[from] item: Leftovers\n|upkeep\n|\n|t:|1776573590\n|switch|p1a: Archaludon|Archaludon, L50, F|100/100\n|turn|3\n|\n|t:|1776573598\n|switch|p2a: Meganium|Meganium, L50, F|100/100\n|move|p1b: Dragonite|Draco Meteor|p2a: Meganium\n|-damage|p2a: Meganium|64/100\n|-unboost|p1b: Dragonite|spa|2\n|move|p1a: Archaludon|Draco Meteor|p2b: Archaludon\n|-damage|p2b: Archaludon|0 fnt\n|-unboost|p1a: Archaludon|spa|2\n|faint|p2b: Archaludon\n|\n|-weather|RainDance|[upkeep]\n|upkeep\n|\n|t:|1776573606\n|switch|p2b: Basculegion|Basculegion, L50, M|100/100\n|turn|4\n|\n|t:|1776573623\n|detailschange|p2a: Meganium|Meganium-Mega, L50, F\n|-mega|p2a: Meganium|Meganium|Meganiumite\n|move|p2b: Basculegion|Flip Turn|p1b: Dragonite\n|-resisted|p1b: Dragonite|1\n|-damage|p1b: Dragonite|55/100\n|\n|t:|1776573626\n|switch|p2b: Pelipper|Pelipper, L50, M|41/100|[from] Flip Turn\n|move|p1b: Dragonite|Hurricane|p2a: Meganium\n|-supereffective|p2a: Meganium|1\n|-damage|p2a: Meganium|22/100\n|move|p2a: Meganium|Dazzling Gleam|p1b: Dragonite|[spread] p1a,p1b\n|-supereffective|p1b: Dragonite|1\n|-damage|p1a: Archaludon|68/100\n|-damage|p1b: Dragonite|1/100\n|-ability|p1a: Archaludon|Stamina|boost\n|-boost|p1a: Archaludon|def|1\n|move|p1a: Archaludon|Electro Shot||[still]\n|-prepare|p1a: Archaludon|Electro Shot\n|-boost|p1a: Archaludon|spa|1\n|-anim|p1a: Archaludon|Electro Shot|p2b: Pelipper\n|-supereffective|p2b: Pelipper|2\n|-damage|p2b: Pelipper|0 fnt\n|faint|p2b: Pelipper\n|\n|-weather|RainDance|[upkeep]\n|-heal|p1a: Archaludon|74/100|[from] item: Leftovers\n|upkeep\n|\n|t:|1776573638\n|switch|p2b: Basculegion|Basculegion, L50, M|100/100\n|turn|5\n|\n|t:|1776573646\n|move|p2b: Basculegion|Last Respects|p1b: Dragonite\n|-crit|p1b: Dragonite\n|-damage|p1b: Dragonite|0 fnt\n|faint|p1b: Dragonite\n|move|p2a: Meganium|Dazzling Gleam|p1a: Archaludon\n|-damage|p1a: Archaludon|33/100\n|-ability|p1a: Archaludon|Stamina|boost\n|-boost|p1a: Archaludon|def|1\n|move|p1a: Archaludon|Electro Shot||[still]\n|-prepare|p1a: Archaludon|Electro Shot\n|-boost|p1a: Archaludon|spa|1\n|-anim|p1a: Archaludon|Electro Shot|p2b: Basculegion\n|-supereffective|p2b: Basculegion|1\n|-damage|p2b: Basculegion|18/100\n|\n|-weather|none\n|-heal|p1a: Archaludon|39/100|[from] item: Leftovers\n|upkeep\n|\n|t:|1776573660\n|switch|p1b: Basculegion|Basculegion, L50, M|100/100\n|turn|6\n|l| AMDGBananaBen\n|\n|t:|1776573691\n|move|p2a: Meganium|Protect|p2a: Meganium\n|-singleturn|p2a: Meganium|Protect\n|move|p1a: Archaludon|Protect|p1a: Archaludon\n|-singleturn|p1a: Archaludon|Protect\n|move|p1b: Basculegion|Last Respects|p2b: Basculegion\n|-supereffective|p2b: Basculegion|1\n|-damage|p2b: Basculegion|0 fnt\n|faint|p2b: Basculegion\n|\n|-heal|p1a: Archaludon|45/100|[from] item: Leftovers\n|upkeep\n|turn|7\n|-message|jaesun0810 forfeited.\n|\n|win|nomissPlz\n|raw|nomissPlz's rating: 1564 &rarr; <strong>1582</strong><br />(+18 for winning)\n|raw|jaesun0810's rating: 1535 &rarr; <strong>1517</strong><br />(-18 for losing)\n|l|\u2606jaesun0810\n|player|p2|\n|l|\u2606nomissPlz\n|player|p1|\n",
  "uploadtime": 1776573720,
  "views": 21,
  "formatid": "gen9championsvgc2026regma",
  "rating": 1517,
  "private": 0,
  "password": null
}