{
  "id": "gen9championsvgc2026regma-2587172204",
  "format": "[Gen 9 Champions] VGC 2026 Reg M-A",
  "players": [
    "test66669999",
    "MigraineMan"
  ],
  "log": "|j|\u2606test66669999\n|j|\u2606MigraineMan\n|t:|1776504005\n|gametype|doubles\n|player|p1|test66669999|170|1444\n|player|p2|MigraineMan|170|1565\n|gen|9\n|tier|[Gen 9 Champions] VGC 2026 Reg M-A\n|rated|\n|rule|Species Clause: Limit one of each Pok\u00e9mon\n|rule|Item Clause: Limit 1 of each item\n|clearpoke\n|poke|p1|Floette-Eternal, L50, F|\n|poke|p1|Sinistcha, L50|\n|poke|p1|Archaludon, L50, F|\n|poke|p1|Sableye, L50, M|\n|poke|p1|Aerodactyl, L50, F|\n|poke|p1|Gengar, L50, M|\n|poke|p2|Tyranitar, L50, M|\n|poke|p2|Excadrill, L50, M|\n|poke|p2|Pelipper, L50, M|\n|poke|p2|Dragonite, L50, M|\n|poke|p2|Lycanroc, L50, F|\n|poke|p2|Basculegion, L50, M|\n|teampreview|4\n|inactive|Battle timer is ON: inactive players will automatically lose when time's up. (requested by test66669999)\n|inactive|MigraineMan has 60 seconds left.\n|\n|t:|1776504037\n|teamsize|p1|4\n|teamsize|p2|4\n|start\n|switch|p1a: Aerodactyl|Aerodactyl, L50, F|100/100\n|switch|p1b: Floette|Floette-Eternal, L50, F|100/100\n|switch|p2a: Tyranitar|Tyranitar, L50, M|100/100\n|switch|p2b: Lycanroc|Lycanroc, L50, F|100/100\n|-ability|p1a: Aerodactyl|Unnerve\n|-weather|Sandstorm|[from] ability: Sand Stream|[of] p2a: Tyranitar\n|turn|1\n|\n|t:|1776504052\n|detailschange|p1b: Floette|Floette-Mega, L50, F\n|-mega|p1b: Floette|Floette|Floettite\n|-ability|p1b: Floette|Fairy Aura\n|detailschange|p2a: Tyranitar|Tyranitar-Mega, L50, M\n|-mega|p2a: Tyranitar|Tyranitar|Tyranitarite\n|move|p2b: Lycanroc|Rock Slide|p1b: Floette|[spread] p1a,p1b\n|-supereffective|p1a: Aerodactyl|1\n|-damage|p1a: Aerodactyl|19/100\n|-damage|p1b: Floette|69/100\n|move|p1a: Aerodactyl|Tailwind|p1a: Aerodactyl\n|-sidestart|p1: test66669999|move: Tailwind\n|move|p1b: Floette|Dazzling Gleam|p2b: Lycanroc|[spread] p2a,p2b\n|-supereffective|p2a: Tyranitar|1\n|-damage|p2a: Tyranitar|48/100\n|-damage|p2b: Lycanroc|41/100\n|move|p2a: Tyranitar|Rock Slide|p1a: Aerodactyl|[spread] p1a,p1b\n|-supereffective|p1a: Aerodactyl|1\n|-damage|p1a: Aerodactyl|0 fnt\n|-damage|p1b: Floette|25/100\n|faint|p1a: Aerodactyl\n|\n|-weather|Sandstorm|[upkeep]\n|-damage|p1b: Floette|19/100|[from] Sandstorm\n|upkeep\n|\n|t:|1776504074\n|switch|p1a: Archaludon|Archaludon, L50, F|100/100\n|turn|2\n|\n|t:|1776504087\n|move|p2b: Lycanroc|Protect|p2b: Lycanroc\n|-singleturn|p2b: Lycanroc|Protect\n|move|p2a: Tyranitar|Protect|p2a: Tyranitar\n|-singleturn|p2a: Tyranitar|Protect\n|move|p1b: Floette|Dazzling Gleam|p2b: Lycanroc|[spread] \n|-activate|p2a: Tyranitar|move: Protect\n|-activate|p2b: Lycanroc|move: Protect\n|move|p1a: Archaludon|Flash Cannon|p2b: Lycanroc\n|-activate|p2b: Lycanroc|move: Protect\n|\n|-weather|Sandstorm|[upkeep]\n|-damage|p1b: Floette|13/100|[from] Sandstorm\n|upkeep\n|turn|3\n|j| Crvstal_K!tty\n|inactive|MigraineMan has 30 seconds left.\n|inactive|MigraineMan has 20 seconds left.\n|j| nyoomington\n|inactive|MigraineMan has 15 seconds left.\n|j| DaSheng204\n|\n|t:|1776504130\n|move|p2b: Lycanroc|Close Combat|p1a: Archaludon\n|-supereffective|p1a: Archaludon|1\n|-damage|p1a: Archaludon|42/100\n|-unboost|p2b: Lycanroc|def|1\n|-unboost|p2b: Lycanroc|spd|1\n|-ability|p1a: Archaludon|Stamina|boost\n|-boost|p1a: Archaludon|def|1\n|move|p1b: Floette|Dazzling Gleam|p2b: Lycanroc|[spread] p2a,p2b\n|-supereffective|p2a: Tyranitar|1\n|-damage|p2a: Tyranitar|0 fnt\n|-damage|p2b: Lycanroc|0 fnt\n|faint|p2a: Tyranitar\n|faint|p2b: Lycanroc\n|move|p1a: Archaludon|Electro Shot||[still]\n|-prepare|p1a: Archaludon|Electro Shot\n|-boost|p1a: Archaludon|spa|1\n|\n|-weather|Sandstorm|[upkeep]\n|-damage|p1b: Floette|8/100|[from] Sandstorm\n|-heal|p1a: Archaludon|49/100|[from] item: Leftovers\n|upkeep\n|l| DaSheng204\n|\n|t:|1776504138\n|switch|p2b: Dragonite|Dragonite, L50, M|100/100\n|switch|p2a: Excadrill|Excadrill, L50, M|100/100\n|-ability|p2a: Excadrill|Mold Breaker\n|turn|4\n|inactive|test66669999 has 30 seconds left.\n|\n|t:|1776504165\n|switch|p1b: Sableye|Sableye, L50, M|100/100\n|move|p2a: Excadrill|Protect|p2a: Excadrill\n|-singleturn|p2a: Excadrill|Protect\n|move|p1a: Archaludon|Electro Shot|p2b: Dragonite|[from] lockedmove\n|-damage|p2b: Dragonite|32/100\n|move|p2b: Dragonite|Tailwind|p2b: Dragonite\n|-sidestart|p2: MigraineMan|move: Tailwind\n|\n|-weather|Sandstorm|[upkeep]\n|-damage|p2b: Dragonite|26/100|[from] Sandstorm\n|-damage|p1b: Sableye|95/100|[from] Sandstorm\n|-heal|p1a: Archaludon|55/100|[from] item: Leftovers\n|-sideend|p1: test66669999|move: Tailwind\n|upkeep\n|turn|5\n|\n|t:|1776504183\n|move|p1a: Archaludon|Protect|p1a: Archaludon\n|-singleturn|p1a: Archaludon|Protect\n|move|p1b: Sableye|Will-O-Wisp|p2a: Excadrill|[miss]\n|-miss|p1b: Sableye|p2a: Excadrill\n|move|p2a: Excadrill|Earthquake|p1b: Sableye|[spread] p1b\n|-activate|p1a: Archaludon|move: Protect\n|-immune|p2b: Dragonite\n|-damage|p1b: Sableye|37/100\n|-enditem|p1b: Sableye|Sitrus Berry|[eat]\n|-heal|p1b: Sableye|62/100|[from] item: Sitrus Berry\n|move|p2b: Dragonite|Low Kick|p1a: Archaludon\n|-activate|p1a: Archaludon|move: Protect\n|\n|-weather|none\n|-heal|p1a: Archaludon|61/100|[from] item: Leftovers\n|upkeep\n|turn|6\n|inactive|MigraineMan has 30 seconds left.\n|\n|t:|1776504212\n|move|p1b: Sableye|Quash|p2b: Dragonite\n|-activate|p2b: Dragonite|move: Quash\n|move|p2a: Excadrill|Earthquake|p1b: Sableye|[spread] p1a,p1b\n|-immune|p2b: Dragonite\n|-supereffective|p1a: Archaludon|1\n|-damage|p1a: Archaludon|17/100\n|-damage|p1b: Sableye|4/100\n|-ability|p1a: Archaludon|Stamina|boost\n|-boost|p1a: Archaludon|def|1\n|move|p1a: Archaludon|Dragon Pulse|p2b: Dragonite\n|-supereffective|p2b: Dragonite|1\n|-damage|p2b: Dragonite|0 fnt\n|faint|p2b: Dragonite\n|\n|-heal|p1a: Archaludon|23/100|[from] item: Leftovers\n|upkeep\n|turn|7\n|\n|t:|1776504229\n|move|p1a: Archaludon|Protect|p1a: Archaludon\n|-singleturn|p1a: Archaludon|Protect\n|move|p1b: Sableye|Will-O-Wisp|p2a: Excadrill\n|-status|p2a: Excadrill|brn\n|move|p2a: Excadrill|Earthquake|p1a: Archaludon|[spread] p1b\n|-activate|p1a: Archaludon|move: Protect\n|-damage|p1b: Sableye|0 fnt\n|faint|p1b: Sableye\n|\n|-heal|p1a: Archaludon|30/100|[from] item: Leftovers\n|-damage|p2a: Excadrill|95/100 brn|[from] brn\n|-sideend|p2: MigraineMan|move: Tailwind\n|upkeep\n|-message|MigraineMan forfeited.\n|\n|win|test66669999\n|raw|test66669999's rating: 1444 &rarr; <strong>1471</strong><br />(+27 for winning)\n|raw|MigraineMan's rating: 1565 &rarr; <strong>1538</strong><br />(-27 for losing)\n|l|\u2606MigraineMan\n|player|p2|\n|l|\u2606test66669999\n|player|p1|\n|l| Crvstal_K!tty\n|l| nyoomington\n",
  "uploadtime": 1776504267,
  "views": 30,
  "formatid": "gen9championsvgc2026regma",
  "rating": 1471,
  "private": 0,
  "password": null
}