{
  "id": "gen9championsvgc2026regma-2585943348",
  "format": "[Gen 9 Champions] VGC 2026 Reg M-A",
  "players": [
    "boolberryjam",
    "heyitsmegiff"
  ],
  "log": "|j|\u2606boolberryjam\n|j|\u2606heyitsmegiff\n|t:|1776383673\n|gametype|doubles\n|player|p1|boolberryjam|rocketgrunt|1261\n|player|p2|heyitsmegiff|hiker-gen4|1337\n|gen|9\n|tier|[Gen 9 Champions] VGC 2026 Reg M-A\n|rated|\n|rule|Species Clause: Limit one of each Pok\u00e9mon\n|rule|Item Clause: Limit 1 of each item\n|clearpoke\n|poke|p1|Garchomp, L50, F|\n|poke|p1|Aerodactyl, L50, M|\n|poke|p1|Kingambit, L50, M|\n|poke|p1|Sylveon, L50, F|\n|poke|p1|Rotom-Wash, L50|\n|poke|p1|Delphox, L50, M|\n|poke|p2|Aggron, L50, F|\n|poke|p2|Sinistcha, L50|\n|poke|p2|Pelipper, L50, F|\n|poke|p2|Incineroar, L50, M|\n|poke|p2|Sneasler, L50, M|\n|poke|p2|Farigiraf, L50, F|\n|teampreview|4\n|inactive|Battle timer is ON: inactive players will automatically lose when time's up. (requested by boolberryjam)\nheyitsmegiff has agreed to open team sheets.\n|inactive|heyitsmegiff has 60 seconds left.\n|\n|t:|1776383708\n|teamsize|p1|4\n|teamsize|p2|4\n|start\n|switch|p1a: Rotom|Rotom-Wash, L50|100/100\n|switch|p1b: Kingambit|Kingambit, L50, M|100/100\n|switch|p2a: Sneasler|Sneasler, L50, M|100/100\n|switch|p2b: Aggron|Aggron, L50, F|100/100\n|turn|1\n|inactive|boolberryjam has 30 seconds left.\n|inactive|boolberryjam has 20 seconds left.\n|inactive|boolberryjam has 15 seconds left.\n|inactive|boolberryjam has 10 seconds left.\n|\n|t:|1776383754\n|switch|p1b: Delphox|Delphox, L50, M|100/100\n|detailschange|p2b: Aggron|Aggron-Mega, L50, F\n|-mega|p2b: Aggron|Aggron|Aggronite\n|move|p1a: Rotom|Thunderbolt|p2a: Sneasler\n|-damage|p2a: Sneasler|47/100\n|move|p2a: Sneasler|Coaching|p2b: Aggron\n|-boost|p2b: Aggron|atk|1\n|-boost|p2b: Aggron|def|1\n|move|p2b: Aggron|Body Press|p1a: Rotom\n|-damage|p1a: Rotom|26/100\n|\n|upkeep\n|turn|2\n|inactive|heyitsmegiff has 30 seconds left.\n|\n|t:|1776383784\n|switch|p2a: Incineroar|Incineroar, L50, M|100/100\n|-ability|p2a: Incineroar|Intimidate|boost\n|-unboost|p1a: Rotom|atk|1\n|-unboost|p1b: Delphox|atk|1\n|detailschange|p1b: Delphox|Delphox-Mega, L50, M\n|-mega|p1b: Delphox|Delphox|Delphoxite\n|move|p1a: Rotom|Thunderbolt|p2b: Aggron\n|-damage|p2b: Aggron|66/100\n|move|p1b: Delphox|Heat Wave|p2b: Aggron|[spread] p2a,p2b\n|-resisted|p2a: Incineroar|1\n|-supereffective|p2b: Aggron|1\n|-damage|p2a: Incineroar|81/100\n|-damage|p2b: Aggron|15/100\n|move|p2b: Aggron|Body Press|p1a: Rotom\n|-damage|p1a: Rotom|0 fnt\n|faint|p1a: Rotom\n|\n|upkeep\n|\n|t:|1776383794\n|switch|p1a: Garchomp|Garchomp, L50, F|100/100\n|turn|3\n|inactive|heyitsmegiff has 30 seconds left.\n|\n|t:|1776383829\n|switch|p2b: Sinistcha|Sinistcha, L50|100/100\n|-heal|p2a: Incineroar|100/100|[from] ability: Hospitality|[of] p2b: Sinistcha\n|move|p1b: Delphox|Protect|p1b: Delphox\n|-singleturn|p1b: Delphox|Protect\n|move|p1a: Garchomp|Protect|p1a: Garchomp\n|-singleturn|p1a: Garchomp|Protect\n|move|p2a: Incineroar|Parting Shot|p1a: Garchomp\n|-activate|p1a: Garchomp|move: Protect\n|\n|upkeep\n|turn|4\n|inactive|boolberryjam has 30 seconds left.\n|inactive|heyitsmegiff has 30 seconds left.\n|\n|t:|1776383860\n|switch|p1a: Kingambit|Kingambit, L50, M|100/100\n|move|p2b: Sinistcha|Protect|p2b: Sinistcha\n|-singleturn|p2b: Sinistcha|Protect\n|move|p1b: Delphox|Substitute|p1b: Delphox\n|-start|p1b: Delphox|Substitute\n|-damage|p1b: Delphox|75/100\n|move|p2a: Incineroar|Darkest Lariat|p1b: Delphox\n|-supereffective|p1b: Delphox|1\n|-end|p1b: Delphox|Substitute\n|\n|upkeep\n|turn|5\n|inactive|heyitsmegiff has 30 seconds left.\n|inactive|boolberryjam has 30 seconds left.\n|inactive|boolberryjam has 20 seconds left.\n|\n|t:|1776383902\n|switch|p1b: Garchomp|Garchomp, L50, F|100/100\n|move|p2b: Sinistcha|Matcha Gotcha|p1b: Garchomp|[spread] p1a,p1b\n|-resisted|p1a: Kingambit|1\n|-damage|p1a: Kingambit|87/100\n|-damage|p1b: Garchomp|71/100\n|move|p2a: Incineroar|Darkest Lariat|p1b: Garchomp\n|-damage|p1b: Garchomp|30/100\n|move|p1a: Kingambit|Swords Dance|p1a: Kingambit\n|-boost|p1a: Kingambit|atk|2\n|\n|upkeep\n|turn|6\n|inactive|boolberryjam has 30 seconds left.\n|inactive|heyitsmegiff has 30 seconds left.\n|inactive|boolberryjam has 20 seconds left.\n|inactive|heyitsmegiff has 20 seconds left.\n|inactive|heyitsmegiff has 15 seconds left.\n|inactive|heyitsmegiff has 10 seconds left.\n|\n|t:|1776383948\n|move|p2b: Sinistcha|Rage Powder|p2b: Sinistcha\n|-singleturn|p2b: Sinistcha|move: Rage Powder\n|move|p1b: Garchomp|Rock Slide|p2a: Incineroar|[spread] p2a,p2b\n|-supereffective|p2a: Incineroar|1\n|-damage|p2a: Incineroar|63/100\n|-damage|p2b: Sinistcha|81/100\n|move|p2a: Incineroar|Darkest Lariat|p1b: Garchomp\n|-damage|p1b: Garchomp|0 fnt\n|faint|p1b: Garchomp\n|move|p1a: Kingambit|Kowtow Cleave|p2b: Sinistcha\n|-supereffective|p2b: Sinistcha|1\n|-damage|p2b: Sinistcha|0 fnt\n|faint|p2b: Sinistcha\n|\n|upkeep\n|\n|t:|1776383959\n|switch|p1b: Delphox|Delphox-Mega, L50, M|75/100\n|switch|p2b: Sneasler|Sneasler, L50, M|47/100\n|turn|7\n|inactive|boolberryjam has 30 seconds left.\n|inactive|boolberryjam has 20 seconds left.\n|\n|t:|1776383997\n|move|p1b: Delphox|Protect|p1b: Delphox\n|-singleturn|p1b: Delphox|Protect\n|move|p1a: Kingambit|Protect|p1a: Kingambit\n|-singleturn|p1a: Kingambit|Protect\n|move|p2b: Sneasler|Fake Out|p1b: Delphox\n|-activate|p1b: Delphox|move: Protect\n|move|p2a: Incineroar|Flare Blitz|p1a: Kingambit\n|-activate|p1a: Kingambit|move: Protect\n|\n|upkeep\n|turn|8\n|\n|t:|1776384020\n|move|p1a: Kingambit|Sucker Punch||[still]\n|-fail|p1a: Kingambit\n|move|p1b: Delphox|Substitute|p1b: Delphox\n|-start|p1b: Delphox|Substitute\n|-damage|p1b: Delphox|50/100\n|move|p2b: Sneasler|Coaching|p2a: Incineroar\n|-boost|p2a: Incineroar|atk|1\n|-boost|p2a: Incineroar|def|1\n|move|p2a: Incineroar|Darkest Lariat|p1b: Delphox\n|-supereffective|p1b: Delphox|1\n|-end|p1b: Delphox|Substitute\n|\n|upkeep\n|turn|9\n|inactive|boolberryjam has 30 seconds left.\n|inactive|heyitsmegiff has 30 seconds left.\n|\n|t:|1776384054\n|move|p1b: Delphox|Psychic|p2b: Sneasler\n|-supereffective|p2b: Sneasler|2\n|-damage|p2b: Sneasler|0 fnt\n|faint|p2b: Sneasler\n|move|p2a: Incineroar|Darkest Lariat|p1b: Delphox\n|-supereffective|p1b: Delphox|1\n|-damage|p1b: Delphox|0 fnt\n|faint|p1b: Delphox\n|move|p1a: Kingambit|Swords Dance|p1a: Kingambit\n|-boost|p1a: Kingambit|atk|2\n|\n|upkeep\n|\n|t:|1776384062\n|switch|p2b: Aggron|Aggron-Mega, L50, F|15/100\n|turn|10\n|\n|t:|1776384073\n|move|p2a: Incineroar|Flare Blitz|p1a: Kingambit\n|-supereffective|p1a: Kingambit|1\n|-damage|p1a: Kingambit|0 fnt\n|faint|p1a: Kingambit\n|-damage|p2a: Incineroar|34/100|[from] Recoil\n|-enditem|p2a: Incineroar|Sitrus Berry|[eat]\n|-heal|p2a: Incineroar|58/100|[from] item: Sitrus Berry\n|\n|win|heyitsmegiff\n|raw|boolberryjam's rating: 1261 &rarr; <strong>1241</strong><br />(-20 for losing)\n|raw|heyitsmegiff's rating: 1337 &rarr; <strong>1353</strong><br />(+16 for winning)\n|l|\u2606boolberryjam\n|player|p1|\n",
  "uploadtime": 1776384083,
  "views": 30,
  "formatid": "gen9championsvgc2026regma",
  "rating": 1241,
  "private": 0,
  "password": null
}