{
  "id": "gen9championsvgc2026regma-2588632401",
  "format": "[Gen 9 Champions] VGC 2026 Reg M-A",
  "players": [
    "orosun",
    "CarajilloMan"
  ],
  "log": "|j|\u2606orosun\n|j|\u2606CarajilloMan\n|t:|1776652025\n|gametype|doubles\n|player|p1|orosun|red|1407\n|player|p2|CarajilloMan|ninjaboy|1435\n|gen|9\n|tier|[Gen 9 Champions] VGC 2026 Reg M-A\n|rated|\n|rule|Species Clause: Limit one of each Pok\u00e9mon\n|rule|Item Clause: Limit 1 of each item\n|clearpoke\n|poke|p1|Delphox, L50, M|\n|poke|p1|Whimsicott, L50, M|\n|poke|p1|Garchomp, L50, M|\n|poke|p1|Floette-Eternal, L50, F|\n|poke|p1|Sneasler, L50, M|\n|poke|p1|Kingambit, L50, F|\n|poke|p2|Froslass, L50, F|\n|poke|p2|Milotic, L50, M|\n|poke|p2|Rotom-Frost, L50|\n|poke|p2|Excadrill, L50, F|\n|poke|p2|Incineroar, L50, F|\n|poke|p2|Corviknight, L50, F|\n|teampreview|4\n|j| natsuki7974\n|\n|t:|1776652079\n|teamsize|p1|4\n|teamsize|p2|4\n|start\n|switch|p1a: Delphox|Delphox, L50, M|100/100\n|switch|p1b: Sneasler|Sneasler, L50, M|100/100\n|switch|p2a: Corviknight|Corviknight, L50, F|100/100\n|switch|p2b: Milotic|Milotic, L50, M|100/100\n|turn|1\n|inactive|Battle timer is ON: inactive players will automatically lose when time's up. (requested by orosun)\n|\n|t:|1776652098\n|switch|p2a: Incineroar|Incineroar, L50, F|100/100\n|-ability|p2a: Incineroar|Intimidate|boost\n|-unboost|p1a: Delphox|atk|1\n|-unboost|p1b: Sneasler|atk|1\n|-enditem|p1b: Sneasler|White Herb\n|-clearnegativeboost|p1b: Sneasler|[silent]\n|detailschange|p1a: Delphox|Delphox-Mega, L50, M\n|-mega|p1a: Delphox|Delphox|Delphoxite\n|move|p1b: Sneasler|Fake Out|p2b: Milotic\n|-damage|p2b: Milotic|87/100\n|move|p1a: Delphox|Heat Wave|p2b: Milotic|[spread] p2a,p2b\n|-resisted|p2a: Incineroar|1\n|-resisted|p2b: Milotic|1\n|-damage|p2a: Incineroar|83/100\n|-damage|p2b: Milotic|72/100\n|-status|p2b: Milotic|brn\n|cant|p2b: Milotic|flinch\n|\n|-heal|p2b: Milotic|78/100 brn|[from] item: Leftovers\n|-damage|p2b: Milotic|72/100 brn|[from] brn\n|upkeep\n|turn|2\n|\n|t:|1776652122\n|move|p1b: Sneasler|Protect|p1b: Sneasler\n|-singleturn|p1b: Sneasler|Protect\n|move|p1a: Delphox|Protect|p1a: Delphox\n|-singleturn|p1a: Delphox|Protect\n|move|p2a: Incineroar|Fake Out|p1a: Delphox\n|-activate|p1a: Delphox|move: Protect\n|move|p2b: Milotic|Icy Wind|p1a: Delphox|[spread] \n|-activate|p1a: Delphox|move: Protect\n|-activate|p1b: Sneasler|move: Protect\n|\n|-heal|p2b: Milotic|78/100 brn|[from] item: Leftovers\n|-damage|p2b: Milotic|72/100 brn|[from] brn\n|upkeep\n|turn|3\n|\n|t:|1776652137\n|switch|p1a: Kingambit|Kingambit, L50, F|100/100\n|move|p1b: Sneasler|Close Combat|p2a: Incineroar\n|-supereffective|p2a: Incineroar|1\n|-damage|p2a: Incineroar|0 fnt\n|-unboost|p1b: Sneasler|def|1\n|-unboost|p1b: Sneasler|spd|1\n|faint|p2a: Incineroar\n|move|p2b: Milotic|Icy Wind|p1b: Sneasler|[spread] p1a,p1b\n|-resisted|p1a: Kingambit|1\n|-crit|p1a: Kingambit\n|-damage|p1a: Kingambit|93/100\n|-damage|p1b: Sneasler|76/100\n|-unboost|p1a: Kingambit|spe|1\n|-ability|p1a: Kingambit|Defiant|boost\n|-boost|p1a: Kingambit|atk|2\n|-unboost|p1b: Sneasler|spe|1\n|\n|-heal|p2b: Milotic|78/100 brn|[from] item: Leftovers\n|-damage|p2b: Milotic|72/100 brn|[from] brn\n|upkeep\n|\n|t:|1776652145\n|switch|p2a: Corviknight|Corviknight, L50, F|100/100\n|turn|4\n|l| natsuki7974\n|inactive|orosun has 30 seconds left.\n|\n|t:|1776652175\n|move|p1a: Kingambit|Protect|p1a: Kingambit\n|-singleturn|p1a: Kingambit|Protect\n|move|p1b: Sneasler|Close Combat|p2b: Milotic\n|-damage|p2b: Milotic|11/100 brn\n|-unboost|p1b: Sneasler|def|1\n|-unboost|p1b: Sneasler|spd|1\n|move|p2b: Milotic|Scald|p1a: Kingambit\n|-activate|p1a: Kingambit|move: Protect\n|move|p2a: Corviknight|Tailwind|p2a: Corviknight\n|-sidestart|p2: CarajilloMan|move: Tailwind\n|\n|-heal|p2b: Milotic|17/100 brn|[from] item: Leftovers\n|-damage|p2b: Milotic|11/100 brn|[from] brn\n|upkeep\n|turn|5\n|inactive|orosun has 30 seconds left.\n|\n|t:|1776652208\n|switch|p1b: Garchomp|Garchomp, L50, M|100/100\n|move|p2b: Milotic|Protect|p2b: Milotic\n|-singleturn|p2b: Milotic|Protect\n|move|p1a: Kingambit|Sucker Punch||[still]\n|-fail|p1a: Kingambit\n|move|p2a: Corviknight|Body Press|p1a: Kingambit\n|-supereffective|p1a: Kingambit|2\n|-damage|p1a: Kingambit|15/100\n|\n|-heal|p2b: Milotic|17/100 brn|[from] item: Leftovers\n|-damage|p2b: Milotic|11/100 brn|[from] brn\n|upkeep\n|turn|6\n|\n|t:|1776652226\n|move|p1a: Kingambit|Sucker Punch|p2a: Corviknight\n|-damage|p2a: Corviknight|43/100\n|move|p2b: Milotic|Recover|p2b: Milotic\n|-heal|p2b: Milotic|61/100 brn\n|move|p2a: Corviknight|Body Press|p1a: Kingambit\n|-supereffective|p1a: Kingambit|2\n|-damage|p1a: Kingambit|0 fnt\n|faint|p1a: Kingambit\n|move|p1b: Garchomp|Rock Slide|p2a: Corviknight|[spread] p2a,p2b\n|-damage|p2a: Corviknight|31/100\n|-damage|p2b: Milotic|41/100 brn\n|\n|-heal|p2b: Milotic|47/100 brn|[from] item: Leftovers\n|-damage|p2b: Milotic|41/100 brn|[from] brn\n|upkeep\n|\n|t:|1776652245\n|switch|p1a: Sneasler|Sneasler, L50, M|76/100\n|turn|7\n|\n|t:|1776652267\n|move|p1a: Sneasler|Fake Out|p2b: Milotic\n|-damage|p2b: Milotic|27/100 brn\n|cant|p2b: Milotic|flinch\n|move|p2a: Corviknight|Roost|p2a: Corviknight\n|-heal|p2a: Corviknight|81/100\n|-singleturn|p2a: Corviknight|move: Roost\n|move|p1b: Garchomp|Dragon Claw|p2b: Milotic\n|-damage|p2b: Milotic|0 fnt\n|faint|p2b: Milotic\n|\n|-sideend|p2: CarajilloMan|move: Tailwind\n|upkeep\n|\n|t:|1776652278\n|switch|p2b: Excadrill|Excadrill, L50, F|100/100\n|-ability|p2b: Excadrill|Mold Breaker\n|turn|8\n|\n|t:|1776652296\n|move|p2b: Excadrill|Protect|p2b: Excadrill\n|-singleturn|p2b: Excadrill|Protect\n|move|p1a: Sneasler|Close Combat|p2a: Corviknight\n|-damage|p2a: Corviknight|40/100\n|-unboost|p1a: Sneasler|def|1\n|-unboost|p1a: Sneasler|spd|1\n|move|p1b: Garchomp|Rock Slide|p2a: Corviknight|[spread] p2a\n|-activate|p2b: Excadrill|move: Protect\n|-damage|p2a: Corviknight|28/100\n|move|p2a: Corviknight|Tailwind|p2a: Corviknight\n|-sidestart|p2: CarajilloMan|move: Tailwind\n|\n|upkeep\n|turn|9\n|inactive|CarajilloMan has 30 seconds left.\n|inactive|CarajilloMan has 20 seconds left.\n|inactive|CarajilloMan has 15 seconds left.\n|\n|t:|1776652337\n|move|p2b: Excadrill|Iron Head|p1b: Garchomp\n|-damage|p1b: Garchomp|55/100\n|-damage|p2b: Excadrill|88/100|[from] ability: Rough Skin|[of] p1b: Garchomp\n|move|p1a: Sneasler|Close Combat|p2a: Corviknight\n|-damage|p2a: Corviknight|0 fnt\n|-unboost|p1a: Sneasler|def|1\n|-unboost|p1a: Sneasler|spd|1\n|faint|p2a: Corviknight\n|move|p1b: Garchomp|Earthquake|p2b: Excadrill|[spread] p1a,p2b\n|-supereffective|p1a: Sneasler|1\n|-supereffective|p2b: Excadrill|1\n|-damage|p1a: Sneasler|0 fnt\n|-damage|p2b: Excadrill|0 fnt\n|faint|p1a: Sneasler\n|faint|p2b: Excadrill\n|\n|win|orosun\n|raw|orosun's rating: 1407 &rarr; <strong>1429</strong><br />(+22 for winning)\n|raw|CarajilloMan's rating: 1435 &rarr; <strong>1413</strong><br />(-22 for losing)\n|l|\u2606CarajilloMan\n|player|p2|\n|l|\u2606orosun\n|player|p1|\n",
  "uploadtime": 1776652384,
  "views": 5,
  "formatid": "gen9championsvgc2026regma",
  "rating": 1413,
  "private": 0,
  "password": null
}