{
  "id": "gen9championsvgc2026regma-2584098477",
  "format": "[Gen 9 Champions] VGC 2026 Reg M-A",
  "players": [
    "ipulledafunny",
    "tonybravais"
  ],
  "log": "|j|\u2606ipulledafunny\n|j|\u2606tonybravais\n|t:|1776224936\n|gametype|doubles\n|player|p1|ipulledafunny|clown|1114\n|player|p2|tonybravais|byron|1097\n|gen|9\n|tier|[Gen 9 Champions] VGC 2026 Reg M-A\n|rated|\n|rule|Species Clause: Limit one of each Pok\u00e9mon\n|rule|Item Clause: Limit 1 of each item\n|clearpoke\n|poke|p1|Lucario, L50, M|\n|poke|p1|Tyranitar, L50, M|\n|poke|p1|Incineroar, L50, F|\n|poke|p1|Zoroark-Hisui, L50, F|\n|poke|p1|Whimsicott, L50, F|\n|poke|p1|Farigiraf, L50, M|\n|poke|p2|Trevenant, L50, F|\n|poke|p2|Torkoal, L50, M|\n|poke|p2|Slowking-Galar, L50, M|\n|poke|p2|Glaceon, L50, M|\n|poke|p2|Golurk, L50|\n|poke|p2|Empoleon, L50, F|\n|teampreview|4\n|inactive|Battle timer is ON: inactive players will automatically lose when time's up. (requested by ipulledafunny)\nipulledafunny rejected open team sheets.\n|\n|t:|1776224964\n|teamsize|p1|4\n|teamsize|p2|4\n|start\n|switch|p1a: Farigiraf|Farigiraf, L50, M|100/100\n|switch|p1b: Lucario|Lucario, L50, M|100/100\n|switch|p2a: Trevenant|Trevenant, L50, F|100/100\n|switch|p2b: Empoleon|Empoleon, L50, F|100/100\n|turn|1\n|\n|t:|1776224988\n|move|p1b: Lucario|Bitter Malice|p2a: Trevenant\n|-supereffective|p2a: Trevenant|1\n|-damage|p2a: Trevenant|10/100\n|-unboost|p2a: Trevenant|atk|1\n|-enditem|p2a: Trevenant|Sitrus Berry|[eat]\n|-heal|p2a: Trevenant|35/100|[from] item: Sitrus Berry\n|move|p1a: Farigiraf|Imprison|p1a: Farigiraf\n|-start|p1a: Farigiraf|move: Imprison\n|move|p2b: Empoleon|Hydro Pump|p1b: Lucario\n|-crit|p1b: Lucario\n|-damage|p1b: Lucario|0 fnt\n|replace|p1b: Zoroark|Zoroark-Hisui, L50, F\n|-end|p1b: Zoroark|Illusion\n|faint|p1b: Zoroark\n|cant|p2a: Trevenant|move: Imprison|Trick Room\n|\n|upkeep\n|\n|t:|1776225007\n|switch|p1b: Lucario|Lucario, L50, M|100/100\n|turn|2\n|\n|t:|1776225029\n|switch|p2a: Golurk|Golurk, L50|100/100\n|detailschange|p1b: Lucario|Lucario-Mega, L50, M\n|-mega|p1b: Lucario|Lucario|Lucarionite\n|move|p2b: Empoleon|Protect|p2b: Empoleon\n|-singleturn|p2b: Empoleon|Protect\n|move|p1b: Lucario|Close Combat|p2b: Empoleon\n|-activate|p2b: Empoleon|move: Protect\n|move|p1a: Farigiraf|Psychic|p2a: Golurk\n|-damage|p2a: Golurk|65/100\n|\n|upkeep\n|turn|3\n|\n|t:|1776225052\n|switch|p1b: Tyranitar|Tyranitar, L50, M|100/100\n|-weather|Sandstorm|[from] ability: Sand Stream|[of] p1b: Tyranitar\n|switch|p2b: Torkoal|Torkoal, L50, M|100/100\n|-weather|SunnyDay|[from] ability: Drought|[of] p2b: Torkoal\n|detailschange|p2a: Golurk|Golurk-Mega, L50\n|-mega|p2a: Golurk|Golurk|Golurkite\n|move|p1a: Farigiraf|Psychic|p2a: Golurk\n|-damage|p2a: Golurk|37/100\n|move|p2a: Golurk|Drain Punch|p1b: Tyranitar\n|-supereffective|p1b: Tyranitar|2\n|-damage|p1b: Tyranitar|0 fnt\n|-heal|p2a: Golurk|90/100|[from] drain|[of] p1b: Tyranitar\n|faint|p1b: Tyranitar\n|\n|-weather|SunnyDay|[upkeep]\n|upkeep\n|\n|t:|1776225068\n|switch|p1b: Lucario|Lucario-Mega, L50, M|100/100\n|turn|4\n|\n|t:|1776225083\n|move|p1b: Lucario|Rock Slide|p2b: Torkoal|[spread] p2b\n|-miss|p1b: Lucario|p2a: Golurk\n|-supereffective|p2b: Torkoal|1\n|-damage|p2b: Torkoal|70/100\n|move|p1a: Farigiraf|Psychic|p2a: Golurk\n|-damage|p2a: Golurk|62/100\n|move|p2a: Golurk|Headlong Rush|p1b: Lucario\n|-supereffective|p1b: Lucario|1\n|-crit|p1b: Lucario\n|-damage|p1b: Lucario|0 fnt\n|-unboost|p2a: Golurk|def|1\n|-unboost|p2a: Golurk|spd|1\n|faint|p1b: Lucario\n|move|p2b: Torkoal|Heat Wave|p1a: Farigiraf|[miss]\n|-miss|p2b: Torkoal|p1a: Farigiraf\n|\n|-weather|SunnyDay|[upkeep]\n|upkeep\n|turn|5\n|-message|ipulledafunny forfeited.\n|\n|win|tonybravais\n|raw|ipulledafunny's rating: 1114 &rarr; <strong>1088</strong><br />(-26 for losing)\n|raw|tonybravais's rating: 1097 &rarr; <strong>1124</strong><br />(+27 for winning)\n|l|\u2606ipulledafunny\n|player|p1|\n",
  "uploadtime": 1776225103,
  "views": 28,
  "formatid": "gen9championsvgc2026regma",
  "rating": 1088,
  "private": 0,
  "password": null
}