{
  "id": "gen9championsvgc2026regma-2582469180",
  "format": "[Gen 9 Champions] VGC 2026 Reg M-A",
  "players": [
    "quanhittersinik",
    "colfox"
  ],
  "log": "|j|\u2606quanhittersinik\n|j|\u2606colfox\n|t:|1776093697\n|gametype|doubles\n|player|p1|quanhittersinik|scientist-gen4dp|1247\n|player|p2|colfox|265|1189\n|gen|9\n|tier|[Gen 9 Champions] VGC 2026 Reg M-A\n|rated|\n|rule|Species Clause: Limit one of each Pok\u00e9mon\n|rule|Item Clause: Limit 1 of each item\n|clearpoke\n|poke|p1|Excadrill, L50, M|\n|poke|p1|Tyranitar, L50, F|\n|poke|p1|Sinistcha, L50|\n|poke|p1|Rotom-Wash, L50|\n|poke|p1|Orthworm, L50, M|\n|poke|p1|Garchomp, L50, F|\n|poke|p2|Ninetales, L50, F|\n|poke|p2|Dragonite, L50, F|\n|poke|p2|Sylveon, L50, F|\n|poke|p2|Milotic, L50, M|\n|poke|p2|Delphox, L50, F|\n|poke|p2|Garchomp, L50, M|\n|teampreview|4\n|\n|t:|1776093753\n|teamsize|p1|4\n|teamsize|p2|4\n|start\n|switch|p1a: Excadrill|Excadrill, L50, M|100/100\n|switch|p1b: Tyranitar|Tyranitar, L50, F|100/100\n|switch|p2a: Dragonite|Dragonite, L50, F|100/100\n|switch|p2b: Garchomp|Garchomp, L50, M|100/100\n|-weather|Sandstorm|[from] ability: Sand Stream|[of] p1b: Tyranitar\n|turn|1\n|\n|t:|1776093769\n|switch|p1b: Orthworm|Orthworm, L50, M|100/100\n|move|p2b: Garchomp|Protect|p2b: Garchomp\n|-singleturn|p2b: Garchomp|Protect\n|move|p1a: Excadrill|Rock Slide|p2a: Dragonite|[spread] p2a\n|-activate|p2b: Garchomp|move: Protect\n|-supereffective|p2a: Dragonite|1\n|-damage|p2a: Dragonite|48/100\n|move|p2a: Dragonite|Tailwind|p2a: Dragonite\n|-sidestart|p2: colfox|move: Tailwind\n|\n|-weather|Sandstorm|[upkeep]\n|-damage|p2a: Dragonite|42/100|[from] Sandstorm\n|upkeep\n|turn|2\n|\n|t:|1776093811\n|move|p2a: Dragonite|Protect|p2a: Dragonite\n|-singleturn|p2a: Dragonite|Protect\n|move|p2b: Garchomp|Earthquake|p1b: Orthworm|[spread] p1a\n|-activate|p2a: Dragonite|move: Protect\n|-immune|p1b: Orthworm|[from] ability: Earth Eater\n|-supereffective|p1a: Excadrill|1\n|-enditem|p1a: Excadrill|Focus Sash\n|-damage|p1a: Excadrill|1/100\n|move|p1a: Excadrill|Rock Slide|p2b: Garchomp|[spread] p2b\n|-activate|p2a: Dragonite|move: Protect\n|-resisted|p2b: Garchomp|1\n|-damage|p2b: Garchomp|90/100\n|move|p1b: Orthworm|Shed Tail|p1b: Orthworm\n|-start|p1b: Orthworm|Substitute|[from] move: Shed Tail\n|-damage|p1b: Orthworm|50/100\n|\n|t:|1776093823\n|switch|p1b: Rotom|Rotom-Wash, L50|100/100|[from] Shed Tail\n|\n|-weather|Sandstorm|[upkeep]\n|-damage|p2a: Dragonite|36/100|[from] Sandstorm\n|-damage|p1b: Rotom|95/100|[from] Sandstorm\n|upkeep\n|turn|3\n|\n|t:|1776093841\n|move|p1a: Excadrill|Protect|p1a: Excadrill\n|-singleturn|p1a: Excadrill|Protect\n|move|p2b: Garchomp|Rock Slide|p1a: Excadrill|[spread] \n|-activate|p1a: Excadrill|move: Protect\n|-miss|p2b: Garchomp|p1b: Rotom\n|move|p2a: Dragonite|Dragon Claw|p1b: Rotom\n|-end|p1b: Rotom|Substitute\n|move|p1b: Rotom|Will-O-Wisp|p2b: Garchomp\n|-status|p2b: Garchomp|brn\n|\n|-weather|Sandstorm|[upkeep]\n|-damage|p2a: Dragonite|30/100|[from] Sandstorm\n|-damage|p1b: Rotom|89/100|[from] Sandstorm\n|-damage|p2b: Garchomp|84/100 brn|[from] brn\n|upkeep\n|turn|4\n|\n|t:|1776093867\n|switch|p1a: Orthworm|Orthworm, L50, M|50/100\n|move|p2a: Dragonite|Extreme Speed|p1b: Rotom\n|-damage|p1b: Rotom|65/100\n|move|p2b: Garchomp|Rock Slide|p1b: Rotom|[spread] p1a,p1b\n|-resisted|p1a: Orthworm|1\n|-damage|p1a: Orthworm|47/100\n|-damage|p1b: Rotom|58/100\n|move|p1b: Rotom|Will-O-Wisp|p2a: Dragonite\n|-status|p2a: Dragonite|brn\n|\n|-weather|Sandstorm|[upkeep]\n|-damage|p2a: Dragonite|24/100 brn|[from] Sandstorm\n|-damage|p1b: Rotom|52/100|[from] Sandstorm\n|-damage|p2b: Garchomp|78/100 brn|[from] brn\n|-damage|p2a: Dragonite|18/100 brn|[from] brn\n|-sideend|p2: colfox|move: Tailwind\n|upkeep\n|turn|5\n|\n|t:|1776093894\n|move|p2b: Garchomp|Dragon Claw|p1b: Rotom\n|-damage|p1b: Rotom|37/100\n|-enditem|p1b: Rotom|Sitrus Berry|[eat]\n|-heal|p1b: Rotom|62/100|[from] item: Sitrus Berry\n|move|p2a: Dragonite|Dragon Claw|p1b: Rotom\n|-crit|p1b: Rotom\n|-damage|p1b: Rotom|36/100\n|move|p1b: Rotom|Hydro Pump|p2b: Garchomp|[miss]\n|-miss|p1b: Rotom|p2b: Garchomp\n|move|p1a: Orthworm|Heavy Slam|p2b: Garchomp\n|-damage|p2b: Garchomp|52/100 brn\n|-damage|p1a: Orthworm|34/100|[from] ability: Rough Skin|[of] p2b: Garchomp\n|\n|-weather|none\n|-damage|p2b: Garchomp|46/100 brn|[from] brn\n|-damage|p2a: Dragonite|12/100 brn|[from] brn\n|upkeep\n|turn|6\n|\n|t:|1776093926\n|move|p1b: Rotom|Protect|p1b: Rotom\n|-singleturn|p1b: Rotom|Protect\n|move|p2b: Garchomp|Rock Slide|p1b: Rotom|[spread] p1a\n|-activate|p1b: Rotom|move: Protect\n|-resisted|p1a: Orthworm|1\n|-damage|p1a: Orthworm|31/100\n|move|p2a: Dragonite|Tailwind|p2a: Dragonite\n|-sidestart|p2: colfox|move: Tailwind\n|move|p1a: Orthworm|Body Press|p2a: Dragonite\n|-resisted|p2a: Dragonite|1\n|-damage|p2a: Dragonite|0 fnt\n|faint|p2a: Dragonite\n|\n|-damage|p2b: Garchomp|40/100 brn|[from] brn\n|upkeep\n|\n|t:|1776093944\n|switch|p2a: Sylveon|Sylveon, L50, F|100/100\n|turn|7\n|\n|t:|1776093953\n|move|p1b: Rotom|Protect|p1b: Rotom\n|-singleturn|p1b: Rotom|Protect\n|move|p2b: Garchomp|Dragon Claw|p1b: Rotom\n|-activate|p1b: Rotom|move: Protect\n|move|p2a: Sylveon|Mystical Fire|p1a: Orthworm\n|-supereffective|p1a: Orthworm|1\n|-damage|p1a: Orthworm|0 fnt\n|faint|p1a: Orthworm\n|\n|-damage|p2b: Garchomp|34/100 brn|[from] brn\n|upkeep\n|\n|t:|1776093969\n|switch|p1a: Excadrill|Excadrill, L50, M|1/100\n|turn|8\n|\n|t:|1776093993\n|move|p1a: Excadrill|Protect|p1a: Excadrill\n|-singleturn|p1a: Excadrill|Protect\n|move|p2b: Garchomp|Rock Slide|p1a: Excadrill|[spread] p1b\n|-activate|p1a: Excadrill|move: Protect\n|-damage|p1b: Rotom|28/100\n|move|p2a: Sylveon|Hyper Voice|p1a: Excadrill|[spread] p1b\n|-activate|p1a: Excadrill|move: Protect\n|-crit|p1b: Rotom\n|-damage|p1b: Rotom|0 fnt\n|faint|p1b: Rotom\n|\n|-damage|p2b: Garchomp|28/100 brn|[from] brn\n|upkeep\n|\n|t:|1776094002\n|switch|p1b: Tyranitar|Tyranitar, L50, F|100/100\n|-weather|Sandstorm|[from] ability: Sand Stream|[of] p1b: Tyranitar\n|turn|9\n|\n|t:|1776094034\n|detailschange|p1b: Tyranitar|Tyranitar-Mega, L50, F\n|-mega|p1b: Tyranitar|Tyranitar|Tyranitarite\n|move|p2a: Sylveon|Protect|p2a: Sylveon\n|-singleturn|p2a: Sylveon|Protect\n|move|p1b: Tyranitar|Protect|p1b: Tyranitar\n|-singleturn|p1b: Tyranitar|Protect\n|move|p2b: Garchomp|Earthquake|p1b: Tyranitar|[spread] p1a\n|-activate|p2a: Sylveon|move: Protect\n|-activate|p1b: Tyranitar|move: Protect\n|-supereffective|p1a: Excadrill|1\n|-damage|p1a: Excadrill|0 fnt\n|faint|p1a: Excadrill\n|\n|-weather|Sandstorm|[upkeep]\n|-damage|p2a: Sylveon|95/100|[from] Sandstorm\n|-damage|p2b: Garchomp|22/100 brn|[from] brn\n|-sideend|p2: colfox|move: Tailwind\n|upkeep\n|turn|10\n|\n|t:|1776094065\n|move|p2b: Garchomp|Dragon Claw|p1b: Tyranitar\n|-damage|p1b: Tyranitar|87/100\n|move|p1b: Tyranitar|Rock Slide|p2a: Sylveon|[spread] p2a,p2b\n|-resisted|p2b: Garchomp|1\n|-damage|p2a: Sylveon|52/100\n|-damage|p2b: Garchomp|5/100 brn\n|move|p2a: Sylveon|Hyper Voice|p1b: Tyranitar\n|-supereffective|p1b: Tyranitar|1\n|-damage|p1b: Tyranitar|29/100\n|\n|-weather|Sandstorm|[upkeep]\n|-damage|p2a: Sylveon|47/100|[from] Sandstorm\n|-damage|p2b: Garchomp|0 fnt|[from] brn\n|faint|p2b: Garchomp\n|upkeep\n|\n|t:|1776094079\n|switch|p2b: Ninetales|Ninetales, L50, F|100/100\n|-weather|SunnyDay|[from] ability: Drought|[of] p2b: Ninetales\n|turn|11\n|\n|t:|1776094086\n|move|p2b: Ninetales|Heat Wave|p1b: Tyranitar\n|-resisted|p1b: Tyranitar|1\n|-damage|p1b: Tyranitar|13/100\n|move|p1b: Tyranitar|Rock Slide|p2a: Sylveon|[spread] p2a,p2b\n|-supereffective|p2b: Ninetales|1\n|-damage|p2a: Sylveon|9/100\n|-damage|p2b: Ninetales|20/100\n|move|p2a: Sylveon|Hyper Voice|p1b: Tyranitar\n|-supereffective|p1b: Tyranitar|1\n|-damage|p1b: Tyranitar|0 fnt\n|faint|p1b: Tyranitar\n|\n|win|colfox\n|raw|quanhittersinik's rating: 1218 &rarr; <strong>1191</strong><br />(-27 for losing)\n|raw|colfox's rating: 1189 &rarr; <strong>1216</strong><br />(+27 for winning)\n|l|\u2606quanhittersinik\n|player|p1|\n",
  "uploadtime": 1776094099,
  "views": 25,
  "formatid": "gen9championsvgc2026regma",
  "rating": 1191,
  "private": 0,
  "password": null
}