{
  "id": "gen9championsvgc2026regma-2589441641",
  "format": "[Gen 9 Champions] VGC 2026 Reg M-A",
  "players": [
    "bigdawgdyl",
    "funnymangav"
  ],
  "log": "|j|\u2606bigdawgdyl\n|j|\u2606funnymangav\n|t:|1776723257\n|gametype|doubles\n|player|p1|bigdawgdyl|102|1120\n|player|p2|funnymangav|dawn|1161\n|gen|9\n|tier|[Gen 9 Champions] VGC 2026 Reg M-A\n|rated|\n|rule|Species Clause: Limit one of each Pok\u00e9mon\n|rule|Item Clause: Limit 1 of each item\n|clearpoke\n|poke|p1|Delphox, L50, M|\n|poke|p1|Incineroar, L50, M|\n|poke|p1|Clefable, L50, M|\n|poke|p1|Garchomp, L50, M|\n|poke|p1|Whimsicott, L50, F|\n|poke|p1|Aegislash, L50, F|\n|poke|p2|Gengar, L50, F|\n|poke|p2|Farigiraf, L50, M|\n|poke|p2|Arcanine-Hisui, L50, M|\n|poke|p2|Sneasler, L50, F|\n|poke|p2|Whimsicott, L50, F|\n|poke|p2|Bellibolt, L50, F|\n|teampreview|4\n|inactive|Battle timer is ON: inactive players will automatically lose when time's up. (requested by funnymangav)\n|inactive|funnymangav has 60 seconds left.\n|\n|t:|1776723288\n|teamsize|p1|4\n|teamsize|p2|4\n|start\n|switch|p1a: Garchomp|Garchomp, L50, M|100/100\n|switch|p1b: Incineroar|Incineroar, L50, M|100/100\n|switch|p2a: :3|Gengar, L50, F|100/100\n|switch|p2b: Plant|Whimsicott, L50, F|100/100\n|-ability|p1b: Incineroar|Intimidate|boost\n|-unboost|p2a: :3|atk|1\n|-unboost|p2b: Plant|atk|1\n|turn|1\n|inactive|bigdawgdyl has 30 seconds left.\n|inactive|bigdawgdyl has 20 seconds left.\n|\n|t:|1776723323\n|move|p2a: :3|Protect|p2a: :3\n|-singleturn|p2a: :3|Protect\n|move|p2b: Plant|Tailwind|p2b: Plant\n|-sidestart|p2: funnymangav|move: Tailwind\n|move|p1a: Garchomp|Poison Jab|p2b: Plant\n|-supereffective|p2b: Plant|2\n|-damage|p2b: Plant|0 fnt\n|faint|p2b: Plant\n|move|p1b: Incineroar|Parting Shot|p2a: :3\n|-activate|p2a: :3|move: Protect\n|\n|upkeep\n|\n|t:|1776723331\n|switch|p2b: Man|Sneasler, L50, F|100/100\n|turn|2\n|inactive|bigdawgdyl has 30 seconds left.\n|\n|t:|1776723361\n|switch|p1a: Whimsicott|Whimsicott, L50, F|100/100\n|detailschange|p2a: :3|Gengar-Mega, L50, F\n|-mega|p2a: :3|Gengar|Gengarite\n|move|p2a: :3|Nasty Plot|p2a: :3\n|-boost|p2a: :3|spa|2\n|move|p2b: Man|Close Combat|p1b: Incineroar\n|-supereffective|p1b: Incineroar|1\n|-damage|p1b: Incineroar|0 fnt\n|-unboost|p2b: Man|def|1\n|-unboost|p2b: Man|spd|1\n|faint|p1b: Incineroar\n|-enditem|p2b: Man|White Herb\n|-clearnegativeboost|p2b: Man|[silent]\n|\n|upkeep\n|\n|t:|1776723377\n|switch|p1b: Delphox|Delphox, L50, M|100/100\n|turn|3\n|inactive|bigdawgdyl has 30 seconds left.\n|\n|t:|1776723402\n|detailschange|p1b: Delphox|Delphox-Mega, L50, M\n|-mega|p1b: Delphox|Delphox|Delphoxite\n|move|p2a: :3|Protect|p2a: :3\n|-singleturn|p2a: :3|Protect\n|move|p1b: Delphox|Protect|p1b: Delphox\n|-singleturn|p1b: Delphox|Protect\n|move|p1a: Whimsicott|Tailwind|p1a: Whimsicott\n|-sidestart|p1: bigdawgdyl|move: Tailwind\n|move|p2b: Man|Dire Claw|p1a: Whimsicott\n|-supereffective|p1a: Whimsicott|2\n|-enditem|p1a: Whimsicott|Focus Sash\n|-damage|p1a: Whimsicott|1/100\n|\n|upkeep\n|turn|4\n|\n|t:|1776723422\n|move|p1a: Whimsicott|Encore|p2a: :3\n|-start|p2a: :3|Encore\n|move|p2a: :3|Protect||[still]\n|-fail|p2a: :3\n|move|p2b: Man|Dire Claw|p1b: Delphox\n|-damage|p1b: Delphox|27/100\n|-status|p1b: Delphox|slp\n|cant|p1b: Delphox|slp\n|\n|-sideend|p2: funnymangav|move: Tailwind\n|upkeep\n|turn|5\n|\n|t:|1776723446\n|cant|p1b: Delphox|slp\n|move|p2a: :3|Protect|p2a: :3\n|-singleturn|p2a: :3|Protect\n|move|p1a: Whimsicott|Endeavor|p2b: Man\n|-damage|p2b: Man|1/100\n|move|p2b: Man|Dire Claw|p1a: Whimsicott\n|-supereffective|p1a: Whimsicott|2\n|-damage|p1a: Whimsicott|0 fnt\n|faint|p1a: Whimsicott\n|\n|upkeep\n|\n|t:|1776723456\n|switch|p1a: Garchomp|Garchomp, L50, M|100/100\n|turn|6\n|\n|t:|1776723467\n|-curestatus|p1b: Delphox|slp|[msg]\n|move|p1b: Delphox|Protect|p1b: Delphox\n|-singleturn|p1b: Delphox|Protect\n|move|p2a: :3|Protect||[still]\n|-fail|p2a: :3\n|move|p1a: Garchomp|Earthquake|p2a: :3|[spread] p2a,p2b\n|-activate|p1b: Delphox|move: Protect\n|-supereffective|p2a: :3|1\n|-supereffective|p2b: Man|1\n|-damage|p2a: :3|0 fnt\n|-damage|p2b: Man|0 fnt\n|faint|p2a: :3\n|faint|p2b: Man\n|\n|-sideend|p1: bigdawgdyl|move: Tailwind\n|upkeep\n|\n|t:|1776723471\n|switch|p2b: Dog|Arcanine-Hisui, L50, M|100/100\n|-ability|p2b: Dog|Intimidate|boost\n|-unboost|p1a: Garchomp|atk|1\n|-unboost|p1b: Delphox|atk|1\n|turn|7\n|-message|funnymangav forfeited.\n|\n|win|bigdawgdyl\n|raw|bigdawgdyl's rating: 1120 &rarr; <strong>1148</strong><br />(+28 for winning)\n|raw|funnymangav's rating: 1161 &rarr; <strong>1133</strong><br />(-28 for losing)\n|l|\u2606funnymangav\n|player|p2|\n",
  "uploadtime": 1776723498,
  "views": 7,
  "formatid": "gen9championsvgc2026regma",
  "rating": 1133,
  "private": 0,
  "password": null
}