{
  "id": "gen9championsvgc2026regma-2586347639",
  "format": "[Gen 9 Champions] VGC 2026 Reg M-A",
  "players": [
    "CalixtoFull",
    "termocoso"
  ],
  "log": "|j|\u2606CalixtoFull\n|j|\u2606termocoso\n|t:|1776427558\n|gametype|doubles\n|player|p1|CalixtoFull|veteran|1034\n|player|p2|termocoso|dawn|1089\n|gen|9\n|tier|[Gen 9 Champions] VGC 2026 Reg M-A\n|rated|\n|rule|Species Clause: Limit one of each Pok\u00e9mon\n|rule|Item Clause: Limit 1 of each item\n|clearpoke\n|poke|p1|Sneasler, L50, M|\n|poke|p1|Archaludon, L50, M|\n|poke|p1|Garchomp, L50, M|\n|poke|p1|Pelipper, L50, M|\n|poke|p1|Basculegion, L50, M|\n|poke|p1|Sinistcha, L50|\n|poke|p2|Absol, L50, F|\n|poke|p2|Ninetales-Alola, L50, F|\n|poke|p2|Whimsicott, L50, M|\n|poke|p2|Glimmora, L50, F|\n|poke|p2|Tauros-Paldea-Aqua, L50, M|\n|poke|p2|Tinkaton, L50, F|\n|teampreview|4\n|inactive|Battle timer is ON: inactive players will automatically lose when time's up. (requested by termocoso)\n|\n|t:|1776427592\n|teamsize|p1|4\n|teamsize|p2|4\n|start\n|switch|p1a: Sneasler|Sneasler, L50, M|100/100\n|switch|p1b: Garchomp|Garchomp, L50, M|100/100\n|switch|p2a: Absol|Absol, L50, F|100/100\n|switch|p2b: Whimsicott|Whimsicott, L50, M, shiny|100/100\n|turn|1\n|inactive|CalixtoFull has 30 seconds left.\n|\n|t:|1776427623\n|switch|p2a: Ninetales|Ninetales-Alola, L50, F, shiny|100/100\n|-weather|Snowscape|[from] ability: Snow Warning|[of] p2a: Ninetales\n|switch|p2b: Tauros|Tauros-Paldea-Aqua, L50, M, shiny|100/100\n|-ability|p2b: Tauros|Intimidate|boost\n|-unboost|p1a: Sneasler|atk|1\n|-unboost|p1b: Garchomp|atk|1\n|-enditem|p1a: Sneasler|White Herb\n|-clearnegativeboost|p1a: Sneasler|[silent]\n|move|p1a: Sneasler|Fake Out|p2b: Tauros\n|-damage|p2b: Tauros|83/100\n|move|p1b: Garchomp|Rock Slide|p2b: Tauros|[spread] p2a,p2b\n|-supereffective|p2a: Ninetales|1\n|-resisted|p2b: Tauros|1\n|-crit|p2b: Tauros\n|-damage|p2a: Ninetales|75/100\n|-damage|p2b: Tauros|67/100\n|\n|-weather|Snowscape|[upkeep]\n|-heal|p2b: Tauros|73/100|[from] item: Leftovers\n|upkeep\n|turn|2\n|inactive|CalixtoFull has 30 seconds left.\n|\n|t:|1776427655\n|switch|p1a: Archaludon|Archaludon, L50, M|100/100\n|switch|p1b: Pelipper|Pelipper, L50, M|100/100\n|-weather|RainDance|[from] ability: Drizzle|[of] p1b: Pelipper\n|move|p2a: Ninetales|Icy Wind|p1b: Pelipper|[spread] p1a,p1b\n|-damage|p1a: Archaludon|85/100\n|-damage|p1b: Pelipper|84/100\n|-unboost|p1a: Archaludon|spe|1\n|-unboost|p1b: Pelipper|spe|1\n|move|p2b: Tauros|Wave Crash|p1a: Archaludon\n|-resisted|p1a: Archaludon|1\n|-damage|p1a: Archaludon|52/100\n|-damage|p2b: Tauros|58/100|[from] Recoil\n|\n|-weather|RainDance|[upkeep]\n|-heal|p2b: Tauros|64/100|[from] item: Leftovers\n|-heal|p1a: Archaludon|58/100|[from] item: Leftovers\n|upkeep\n|turn|3\n|inactive|CalixtoFull has 30 seconds left.\n|inactive|termocoso has 30 seconds left.\n|\n|t:|1776427681\n|move|p2b: Tauros|Protect|p2b: Tauros\n|-singleturn|p2b: Tauros|Protect\n|move|p2a: Ninetales|Moonblast|p1a: Archaludon\n|-damage|p1a: Archaludon|21/100\n|move|p1a: Archaludon|Flash Cannon|p2a: Ninetales\n|-supereffective|p2a: Ninetales|2\n|-damage|p2a: Ninetales|0 fnt\n|faint|p2a: Ninetales\n|move|p1b: Pelipper|Hurricane|p2b: Tauros\n|-activate|p2b: Tauros|move: Protect\n|\n|-weather|RainDance|[upkeep]\n|-heal|p2b: Tauros|70/100|[from] item: Leftovers\n|-heal|p1a: Archaludon|27/100|[from] item: Leftovers\n|upkeep\n|\n|t:|1776427695\n|switch|p2a: Whimsicott|Whimsicott, L50, M, shiny|100/100\n|turn|4\n|\n|t:|1776427715\n|move|p2a: Whimsicott|Tailwind|p2a: Whimsicott\n|-sidestart|p2: termocoso|move: Tailwind\n|move|p2b: Tauros|Close Combat|p1a: Archaludon\n|-supereffective|p1a: Archaludon|1\n|-damage|p1a: Archaludon|0 fnt\n|-unboost|p2b: Tauros|def|1\n|-unboost|p2b: Tauros|spd|1\n|faint|p1a: Archaludon\n|move|p1b: Pelipper|Hurricane|p2a: Whimsicott\n|-supereffective|p2a: Whimsicott|1\n|-damage|p2a: Whimsicott|24/100\n|\n|-weather|RainDance|[upkeep]\n|-heal|p2b: Tauros|76/100|[from] item: Leftovers\n|upkeep\n|\n|t:|1776427729\n|switch|p1a: Sneasler|Sneasler, L50, M|100/100\n|turn|5\n|\n|t:|1776427743\n|move|p2b: Tauros|Protect|p2b: Tauros\n|-singleturn|p2b: Tauros|Protect\n|move|p1a: Sneasler|Fake Out|p2b: Tauros\n|-activate|p2b: Tauros|move: Protect\n|move|p2a: Whimsicott|Giga Drain|p1b: Pelipper\n|-damage|p1b: Pelipper|57/100\n|-heal|p2a: Whimsicott|38/100|[from] drain|[of] p1b: Pelipper\n|move|p1b: Pelipper|Hurricane|p2a: Whimsicott\n|-supereffective|p2a: Whimsicott|1\n|-damage|p2a: Whimsicott|0 fnt\n|faint|p2a: Whimsicott\n|\n|-weather|RainDance|[upkeep]\n|-heal|p2b: Tauros|82/100|[from] item: Leftovers\n|upkeep\n|\n|t:|1776427754\n|switch|p2a: Absol|Absol, L50, F|100/100\n|turn|6\n|\n|t:|1776427765\n|detailschange|p2a: Absol|Absol-Mega, L50, F\n|-mega|p2a: Absol|Absol|Absolite\n|move|p2a: Absol|Psycho Cut|p1a: Sneasler\n|-supereffective|p1a: Sneasler|2\n|-damage|p1a: Sneasler|0 fnt\n|faint|p1a: Sneasler\n|move|p2b: Tauros|Wave Crash|p1b: Pelipper\n|-resisted|p1b: Pelipper|1\n|-damage|p1b: Pelipper|18/100\n|-damage|p2b: Tauros|68/100|[from] Recoil\n|move|p1b: Pelipper|Hurricane|p2b: Tauros\n|-supereffective|p2b: Tauros|1\n|-damage|p2b: Tauros|0 fnt\n|faint|p2b: Tauros\n|\n|-weather|none\n|upkeep\n|\n|t:|1776427781\n|switch|p1a: Garchomp|Garchomp, L50, M|100/100\n|turn|7\n|\n|t:|1776427803\n|move|p1b: Pelipper|Protect|p1b: Pelipper\n|-singleturn|p1b: Pelipper|Protect\n|move|p2a: Absol|Sucker Punch||[still]\n|-fail|p2a: Absol\n|move|p1a: Garchomp|Earthquake|p2a: Absol|[spread] p2a\n|-activate|p1b: Pelipper|move: Protect\n|-damage|p2a: Absol|39/100\n|\n|-sideend|p2: termocoso|move: Tailwind\n|upkeep\n|turn|8\n|\n|t:|1776427817\n|move|p2a: Absol|Sucker Punch|p1a: Garchomp\n|-damage|p1a: Garchomp|68/100\n|-damage|p2a: Absol|27/100|[from] ability: Rough Skin|[of] p1a: Garchomp\n|move|p1a: Garchomp|Earthquake|p2a: Absol|[spread] p2a\n|-immune|p1b: Pelipper\n|-damage|p2a: Absol|0 fnt\n|faint|p2a: Absol\n|\n|win|CalixtoFull\n|raw|CalixtoFull's rating: 1034 &rarr; <strong>1074</strong><br />(+40 for winning)\n|raw|termocoso's rating: 1089 &rarr; <strong>1062</strong><br />(-27 for losing)\n|l|\u2606termocoso\n|player|p2|\n",
  "uploadtime": 1776427832,
  "views": 30,
  "formatid": "gen9championsvgc2026regma",
  "rating": 1062,
  "private": 0,
  "password": null
}