{
  "id": "gen9championsvgc2026regma-2586070600",
  "format": "[Gen 9 Champions] VGC 2026 Reg M-A",
  "players": [
    "Shontotto",
    "Jah_08"
  ],
  "log": "|j|\u2606Shontotto\n|j|\u2606Jah_08\n|t:|1776395840\n|gametype|doubles\n|player|p1|Shontotto|norman|1216\n|player|p2|Jah_08|alder|1299\n|gen|9\n|tier|[Gen 9 Champions] VGC 2026 Reg M-A\n|rated|\n|rule|Species Clause: Limit one of each Pok\u00e9mon\n|rule|Item Clause: Limit 1 of each item\n|clearpoke\n|poke|p1|Blastoise, L50, F|\n|poke|p1|Talonflame, L50, M|\n|poke|p1|Mimikyu, L50, M|\n|poke|p1|Garchomp, L50, M|\n|poke|p1|Vanilluxe, L50, M|\n|poke|p1|Sneasler, L50, M|\n|poke|p2|Excadrill, L50, M|\n|poke|p2|Whimsicott, L50, M|\n|poke|p2|Chandelure, L50, M|\n|poke|p2|Zoroark-Hisui, L50, M|\n|poke|p2|Basculegion, L50, M|\n|poke|p2|Hydreigon, L50, M|\n|teampreview|4\n|inactive|Battle timer is ON: inactive players will automatically lose when time's up. (requested by Jah_08)\n|\n|t:|1776395893\n|teamsize|p1|4\n|teamsize|p2|4\n|start\n|switch|p1a: Talonflame|Talonflame, L50, M|100/100\n|switch|p1b: Vanilluxe|Vanilluxe, L50, M|100/100\n|switch|p2a: Basculegion|Basculegion, L50, M|100/100\n|switch|p2b: Whimsicott|Whimsicott, L50, M, shiny|100/100\n|-weather|Snowscape|[from] ability: Snow Warning|[of] p1b: Vanilluxe\n|turn|1\n|\n|t:|1776395916\n|move|p1a: Talonflame|Acrobatics|p2b: Whimsicott\n|-damage|p2b: Whimsicott|25/100\n|replace|p2b: Zoroark|Zoroark-Hisui, L50, M\n|-end|p2b: Zoroark|Illusion\n|move|p1b: Vanilluxe|Blizzard|p2b: Zoroark|[spread] p2a,p2b\n|-resisted|p2a: Basculegion|1\n|-damage|p2a: Basculegion|77/100\n|-damage|p2b: Zoroark|0 fnt\n|faint|p2b: Zoroark\n|move|p2a: Basculegion|Wave Crash|p1a: Talonflame\n|-supereffective|p1a: Talonflame|1\n|-damage|p1a: Talonflame|0 fnt\n|faint|p1a: Talonflame\n|-damage|p2a: Basculegion|47/100|[from] Recoil\n|\n|-weather|Snowscape|[upkeep]\n|upkeep\n|\n|t:|1776395934\n|switch|p1a: Mimikyu|Mimikyu, L50, M|100/100\n|switch|p2b: Chandelure|Chandelure, L50, M|100/100\n|turn|2\n|\n|t:|1776395943\n|detailschange|p2b: Chandelure|Chandelure-Mega, L50, M\n|-mega|p2b: Chandelure|Chandelure|Chandelurite\n|move|p1a: Mimikyu|Shadow Sneak|p2a: Basculegion\n|-supereffective|p2a: Basculegion|1\n|-damage|p2a: Basculegion|0 fnt\n|faint|p2a: Basculegion\n|move|p1b: Vanilluxe|Blizzard|p2b: Chandelure\n|-resisted|p2b: Chandelure|1\n|-damage|p2b: Chandelure|76/100\n|move|p2b: Chandelure|Heat Wave|p1a: Mimikyu|[spread] p1a\n|-miss|p2b: Chandelure|p1b: Vanilluxe\n|-activate|p1a: Mimikyu|ability: Disguise\n|-damage|p1a: Mimikyu|100/100\n|detailschange|p1a: Mimikyu|Mimikyu-Busted, L50, M\n|-damage|p1a: Mimikyu|88/100|[from] pokemon: Mimikyu-Busted\n|\n|-weather|Snowscape|[upkeep]\n|upkeep\n|\n|t:|1776395961\n|switch|p2a: Whimsicott|Whimsicott, L50, M, shiny|100/100\n|turn|3\n|\n|t:|1776395973\n|move|p2a: Whimsicott|Tailwind|p2a: Whimsicott\n|-sidestart|p2: Jah_08|move: Tailwind\n|move|p1a: Mimikyu|Shadow Sneak|p2b: Chandelure\n|-supereffective|p2b: Chandelure|1\n|-damage|p2b: Chandelure|40/100\n|move|p2b: Chandelure|Heat Wave|p1b: Vanilluxe|[spread] p1a,p1b\n|-supereffective|p1b: Vanilluxe|1\n|-damage|p1a: Mimikyu|20/100\n|-damage|p1b: Vanilluxe|0 fnt\n|faint|p1b: Vanilluxe\n|\n|-weather|Snowscape|[upkeep]\n|upkeep\n|\n|t:|1776395984\n|switch|p1b: Blastoise|Blastoise, L50, F|100/100\n|turn|4\n|\n|t:|1776395996\n|detailschange|p1b: Blastoise|Blastoise-Mega, L50, F\n|-mega|p1b: Blastoise|Blastoise|Blastoisinite\n|move|p2b: Chandelure|Protect|p2b: Chandelure\n|-singleturn|p2b: Chandelure|Protect\n|move|p1a: Mimikyu|Shadow Sneak|p2b: Chandelure\n|-activate|p2b: Chandelure|move: Protect\n|move|p2a: Whimsicott|Moonblast|p1a: Mimikyu\n|-damage|p1a: Mimikyu|0 fnt\n|faint|p1a: Mimikyu\n|move|p1b: Blastoise|Water Spout|p2b: Chandelure|[spread] p2a\n|-activate|p2b: Chandelure|move: Protect\n|-resisted|p2a: Whimsicott|1\n|-damage|p2a: Whimsicott|49/100\n|\n|-weather|Snowscape|[upkeep]\n|upkeep\n|turn|5\n|\n|t:|1776396017\n|move|p2a: Whimsicott|Moonblast|p1b: Blastoise\n|-damage|p1b: Blastoise|67/100\n|move|p2b: Chandelure|Shadow Ball|p1b: Blastoise\n|-damage|p1b: Blastoise|16/100\n|move|p1b: Blastoise|Water Spout|p2b: Chandelure|[spread] p2a,p2b\n|-resisted|p2a: Whimsicott|1\n|-supereffective|p2b: Chandelure|1\n|-damage|p2a: Whimsicott|41/100\n|-damage|p2b: Chandelure|21/100\n|\n|-weather|none\n|upkeep\n|turn|6\n|-message|Shontotto forfeited.\n|\n|win|Jah_08\n|raw|Shontotto's rating: 1216 &rarr; <strong>1197</strong><br />(-19 for losing)\n|raw|Jah_08's rating: 1299 &rarr; <strong>1318</strong><br />(+19 for winning)\n|l|\u2606Shontotto\n|player|p1|\n",
  "uploadtime": 1776396033,
  "views": 17,
  "formatid": "gen9championsvgc2026regma",
  "rating": 1197,
  "private": 0,
  "password": null
}