{
  "id": "gen9championsvgc2026regma-2589526292",
  "format": "[Gen 9 Champions] VGC 2026 Reg M-A",
  "players": [
    "Bman3113",
    "austintacious360"
  ],
  "log": "|j|\u2606Bman3113\n|j|\u2606austintacious360\n|t:|1776731014\n|gametype|doubles\n|player|p1|Bman3113|elesa-masters|1233\n|player|p2|austintacious360|iono|1223\n|gen|9\n|tier|[Gen 9 Champions] VGC 2026 Reg M-A\n|rated|\n|rule|Species Clause: Limit one of each Pok\u00e9mon\n|rule|Item Clause: Limit 1 of each item\n|clearpoke\n|poke|p1|Gengar, L50, F|\n|poke|p1|Incineroar, L50, F|\n|poke|p1|Gardevoir, L50, F|\n|poke|p1|Sinistcha, L50|\n|poke|p1|Sneasler, L50, F|\n|poke|p1|Kommo-o, L50, F|\n|poke|p2|Venusaur, L50, M|\n|poke|p2|Corviknight, L50, F|\n|poke|p2|Rotom-Heat, L50|\n|poke|p2|Tyranitar, L50, M|\n|poke|p2|Garchomp, L50, F|\n|poke|p2|Primarina, L50, F|\n|teampreview|4\n|inactive|Battle timer is ON: inactive players will automatically lose when time's up. (requested by Bman3113)\nBman3113 has agreed to open team sheets.\n|inactive|Bman3113 has 60 seconds left.\n|inactive|austintacious360 has 60 seconds left.\n|\n|t:|1776731066\n|teamsize|p1|4\n|teamsize|p2|4\n|start\n|switch|p1a: Gengar|Gengar, L50, F|100/100\n|switch|p1b: Incineroar|Incineroar, L50, F|100/100\n|switch|p2a: Corviknight|Corviknight, L50, F|100/100\n|switch|p2b: Primarina|Primarina, L50, F|100/100\n|-ability|p1b: Incineroar|Intimidate|boost\n|-ability|p2a: Corviknight|Mirror Armor\n|-unboost|p1b: Incineroar|atk|1\n|-unboost|p2b: Primarina|atk|1\n|turn|1\n|\n|t:|1776731086\n|detailschange|p1a: Gengar|Gengar-Mega, L50, F\n|-mega|p1a: Gengar|Gengar|Gengarite\n|move|p2b: Primarina|Protect|p2b: Primarina\n|-singleturn|p2b: Primarina|Protect\n|move|p1b: Incineroar|Fake Out|p2b: Primarina\n|-activate|p2b: Primarina|move: Protect\n|move|p1a: Gengar|Perish Song|p1a: Gengar\n|-start|p1a: Gengar|perish3|[silent]\n|-start|p1b: Incineroar|perish3|[silent]\n|-start|p2a: Corviknight|perish3|[silent]\n|-start|p2b: Primarina|perish3|[silent]\n|-fieldactivate|move: Perish Song\n|move|p2a: Corviknight|Tailwind|p2a: Corviknight\n|-sidestart|p2: austintacious360|move: Tailwind\n|\n|-start|p1a: Gengar|perish3\n|-start|p2a: Corviknight|perish3\n|-start|p2b: Primarina|perish3\n|-start|p1b: Incineroar|perish3\n|upkeep\n|turn|2\n|\n|t:|1776731105\n|move|p1a: Gengar|Protect|p1a: Gengar\n|-singleturn|p1a: Gengar|Protect\n|move|p1b: Incineroar|Protect|p1b: Incineroar\n|-singleturn|p1b: Incineroar|Protect\n|move|p2a: Corviknight|Brave Bird|p1b: Incineroar\n|-activate|p1b: Incineroar|move: Protect\n|move|p2b: Primarina|Hyper Voice|p1a: Gengar|[spread] \n|-activate|p1a: Gengar|move: Protect\n|-activate|p1b: Incineroar|move: Protect\n|\n|-start|p1a: Gengar|perish2\n|-start|p2a: Corviknight|perish2\n|-start|p2b: Primarina|perish2\n|-start|p1b: Incineroar|perish2\n|upkeep\n|turn|3\n|\n|t:|1776731119\n|switch|p1a: Sinistcha|Sinistcha, L50|100/100\n|move|p2a: Corviknight|Brave Bird|p1a: Sinistcha\n|-supereffective|p1a: Sinistcha|1\n|-damage|p1a: Sinistcha|23/100\n|-enditem|p1a: Sinistcha|Sitrus Berry|[eat]\n|-heal|p1a: Sinistcha|48/100|[from] item: Sitrus Berry\n|-damage|p2a: Corviknight|78/100|[from] Recoil\n|move|p2b: Primarina|Hyper Voice|p1a: Sinistcha|[spread] p1a,p1b\n|-resisted|p1a: Sinistcha|1\n|-crit|p1a: Sinistcha\n|-supereffective|p1b: Incineroar|1\n|-damage|p1a: Sinistcha|24/100\n|-damage|p1b: Incineroar|41/100\n|move|p1b: Incineroar|Parting Shot|p1a: Sinistcha\n|-unboost|p1a: Sinistcha|atk|1\n|-unboost|p1a: Sinistcha|spa|1\n|\n|t:|1776731127\n|switch|p1b: Gengar|Gengar-Mega, L50, F|100/100|[from] Parting Shot\n|\n|-heal|p2a: Corviknight|84/100|[from] item: Leftovers\n|-start|p2a: Corviknight|perish1\n|-start|p2b: Primarina|perish1\n|upkeep\n|turn|4\n|\n|t:|1776731144\n|move|p1b: Gengar|Protect|p1b: Gengar\n|-singleturn|p1b: Gengar|Protect\n|move|p1a: Sinistcha|Protect|p1a: Sinistcha\n|-singleturn|p1a: Sinistcha|Protect\n|move|p2a: Corviknight|Iron Head|p1b: Gengar\n|-activate|p1b: Gengar|move: Protect\n|move|p2b: Primarina|Hyper Voice|p1b: Gengar|[spread] \n|-activate|p1a: Sinistcha|move: Protect\n|-activate|p1b: Gengar|move: Protect\n|\n|-heal|p2a: Corviknight|90/100|[from] item: Leftovers\n|-start|p2a: Corviknight|perish0\n|-start|p2b: Primarina|perish0\n|-sideend|p2: austintacious360|move: Tailwind\n|faint|p2a: Corviknight\n|faint|p2b: Primarina\n|upkeep\n|\n|t:|1776731147\n|switch|p2a: Venusaur|Venusaur, L50, M|100/100\n|switch|p2b: Rotom|Rotom-Heat, L50|100/100\n|turn|5\n|inactive|Bman3113 has 30 seconds left.\n|inactive|Bman3113 has 20 seconds left.\n|\n|t:|1776731184\n|detailschange|p2a: Venusaur|Venusaur-Mega, L50, M\n|-mega|p2a: Venusaur|Venusaur|Venusaurite\n|move|p1a: Sinistcha|Rage Powder|p1a: Sinistcha\n|-singleturn|p1a: Sinistcha|move: Rage Powder\n|move|p2b: Rotom|Electroweb|p1b: Gengar|[spread] p1a,p1b\n|-resisted|p1a: Sinistcha|1\n|-damage|p1a: Sinistcha|16/100\n|-damage|p1b: Gengar|77/100\n|-unboost|p1a: Sinistcha|spe|1\n|-unboost|p1b: Gengar|spe|1\n|move|p1b: Gengar|Perish Song|p1b: Gengar\n|-start|p1a: Sinistcha|perish3|[silent]\n|-start|p1b: Gengar|perish3|[silent]\n|-start|p2a: Venusaur|perish3|[silent]\n|-start|p2b: Rotom|perish3|[silent]\n|-fieldactivate|move: Perish Song\n|move|p2a: Venusaur|Earth Power|p1b: Gengar\n|-supereffective|p1b: Gengar|1\n|-damage|p1b: Gengar|3/100\n|\n|-start|p2b: Rotom|perish3\n|-start|p1b: Gengar|perish3\n|-start|p2a: Venusaur|perish3\n|-start|p1a: Sinistcha|perish3\n|upkeep\n|turn|6\n|c|\u2606Bman3113|gg\n|\n|t:|1776731201\n|move|p1b: Gengar|Protect|p1b: Gengar\n|-singleturn|p1b: Gengar|Protect\n|move|p1a: Sinistcha|Protect|p1a: Sinistcha\n|-singleturn|p1a: Sinistcha|Protect\n|move|p2b: Rotom|Electroweb|p1a: Sinistcha|[spread] \n|-activate|p1a: Sinistcha|move: Protect\n|-activate|p1b: Gengar|move: Protect\n|move|p2a: Venusaur|Earth Power|p1b: Gengar\n|-activate|p1b: Gengar|move: Protect\n|\n|-start|p2b: Rotom|perish2\n|-start|p1b: Gengar|perish2\n|-start|p2a: Venusaur|perish2\n|-start|p1a: Sinistcha|perish2\n|upkeep\n|turn|7\n|\n|t:|1776731213\n|move|p2b: Rotom|Electroweb|p1b: Gengar|[spread] p1a,p1b\n|-resisted|p1a: Sinistcha|1\n|-damage|p1a: Sinistcha|8/100\n|-damage|p1b: Gengar|0 fnt\n|-unboost|p1a: Sinistcha|spe|1\n|faint|p1b: Gengar\n|move|p2a: Venusaur|Earth Power|p1a: Sinistcha\n|-resisted|p1a: Sinistcha|1\n|-damage|p1a: Sinistcha|0 fnt\n|faint|p1a: Sinistcha\n|\n|-start|p2b: Rotom|perish1\n|-start|p2a: Venusaur|perish1\n|upkeep\n|\n|t:|1776731220\n|switch|p1b: Incineroar|Incineroar, L50, F|41/100\n|switch|p1a: Sneasler|Sneasler, L50, F|100/100\n|-ability|p1b: Incineroar|Intimidate|boost\n|-unboost|p2a: Venusaur|atk|1\n|-unboost|p2b: Rotom|atk|1\n|turn|8\n|-message|austintacious360 forfeited.\n|\n|win|Bman3113\n|raw|Bman3113's rating: 1233 &rarr; <strong>1257</strong><br />(+24 for winning)\n|raw|austintacious360's rating: 1223 &rarr; <strong>1199</strong><br />(-24 for losing)\n|l|\u2606austintacious360\n|player|p2|\n",
  "uploadtime": 1776731265,
  "views": 8,
  "formatid": "gen9championsvgc2026regma",
  "rating": 1199,
  "private": 0,
  "password": null
}