{
  "id": "gen9championsvgc2026regma-2585640159",
  "format": "[Gen 9 Champions] VGC 2026 Reg M-A",
  "players": [
    "loogooby",
    "meatKazoo"
  ],
  "log": "|j|\u2606loogooby\n|j|\u2606meatKazoo\n|t:|1776360622\n|gametype|doubles\n|player|p1|loogooby|parasollady|1118\n|player|p2|meatKazoo|lillie|1083\n|gen|9\n|tier|[Gen 9 Champions] VGC 2026 Reg M-A\n|rated|\n|rule|Species Clause: Limit one of each Pok\u00e9mon\n|rule|Item Clause: Limit 1 of each item\n|clearpoke\n|poke|p1|Glimmora, L50, F|\n|poke|p1|Corviknight, L50, M|\n|poke|p1|Hatterene, L50, F|\n|poke|p1|Incineroar, L50, F|\n|poke|p1|Meganium, L50, F|\n|poke|p1|Araquanid, L50, F|\n|poke|p2|Talonflame, L50, M|\n|poke|p2|Gardevoir, L50, F|\n|poke|p2|Garchomp, L50, F|\n|poke|p2|Aegislash, L50, M|\n|poke|p2|Rotom-Wash, L50|\n|poke|p2|Incineroar, L50, M|\n|teampreview|4\n|inactive|Battle timer is ON: inactive players will automatically lose when time's up. (requested by loogooby)\n|inactive|meatKazoo also wants the timer to be on.\n|inactive|meatKazoo has 60 seconds left.\n|\n|t:|1776360658\n|teamsize|p1|4\n|teamsize|p2|4\n|start\n|switch|p1a: Hatterene|Hatterene, L50, F|100/100\n|switch|p1b: Incineroar|Incineroar, L50, F|100/100\n|switch|p2a: Rotom|Rotom-Wash, L50|100/100\n|switch|p2b: Talonflame|Talonflame, L50, M|100/100\n|-ability|p1b: Incineroar|Intimidate|boost\n|-unboost|p2a: Rotom|atk|1\n|-unboost|p2b: Talonflame|atk|1\n|turn|1\n|inactive|meatKazoo has 30 seconds left.\n|inactive|meatKazoo has 20 seconds left.\n|\n|t:|1776360694\n|move|p2b: Talonflame|Upper Hand|p1b: Incineroar\n|-supereffective|p1b: Incineroar|1\n|-damage|p1b: Incineroar|85/100\n|cant|p1b: Incineroar|flinch\n|move|p2a: Rotom|Hydro Pump|p1b: Incineroar\n|-supereffective|p1b: Incineroar|1\n|-damage|p1b: Incineroar|0 fnt\n|faint|p1b: Incineroar\n|move|p1a: Hatterene|Trick Room|p1a: Hatterene\n|-fieldstart|move: Trick Room|[of] p1a: Hatterene\n|\n|upkeep\n|inactive|loogooby has 30 seconds left.\n|inactive|loogooby has 20 seconds left.\n|inactive|loogooby has 15 seconds left.\n|\n|t:|1776360737\n|switch|p1b: Meganium|Meganium, L50, F|100/100\n|turn|2\n|inactive|loogooby has 30 seconds left.\n|inactive|loogooby has 20 seconds left.\n|inactive|loogooby has 15 seconds left.\n|\n|t:|1776360777\n|switch|p1b: Araquanid|Araquanid, L50, F|100/100\n|switch|p2a: Incineroar|Incineroar, L50, M|100/100\n|-ability|p2a: Incineroar|Intimidate|boost\n|-unboost|p1a: Hatterene|atk|1\n|-unboost|p1b: Araquanid|atk|1\n|move|p1a: Hatterene|Dazzling Gleam|p2a: Incineroar|[spread] p2a,p2b\n|-resisted|p2b: Talonflame|1\n|-damage|p2a: Incineroar|73/100\n|-damage|p2b: Talonflame|78/100\n|move|p2b: Talonflame|Brave Bird|p1b: Araquanid\n|-supereffective|p1b: Araquanid|1\n|-damage|p1b: Araquanid|24/100\n|-damage|p2b: Talonflame|50/100|[from] Recoil\n|\n|-heal|p2a: Incineroar|80/100|[from] item: Leftovers\n|upkeep\n|turn|3\n|inactive|meatKazoo has 30 seconds left.\n|\n|t:|1776360813\n|move|p1b: Araquanid|Protect|p1b: Araquanid\n|-singleturn|p1b: Araquanid|Protect\n|move|p2a: Incineroar|Fake Out|p1b: Araquanid\n|-activate|p1b: Araquanid|move: Protect\n|move|p1a: Hatterene|Dazzling Gleam|p2b: Talonflame|[spread] p2a,p2b\n|-resisted|p2b: Talonflame|1\n|-damage|p2a: Incineroar|53/100\n|-damage|p2b: Talonflame|28/100\n|move|p2b: Talonflame|Brave Bird|p1b: Araquanid\n|-activate|p1b: Araquanid|move: Protect\n|\n|-heal|p2a: Incineroar|59/100|[from] item: Leftovers\n|upkeep\n|turn|4\n|\n|t:|1776360829\n|switch|p2b: Rotom|Rotom-Wash, L50|100/100\n|move|p1a: Hatterene|Helping Hand|p1b: Araquanid\n|-singleturn|p1b: Araquanid|Helping Hand|[of] p1a: Hatterene\n|move|p1b: Araquanid|Surf|p2b: Rotom|[spread] p1a,p2a,p2b\n|-supereffective|p2a: Incineroar|1\n|-resisted|p2b: Rotom|1\n|-damage|p1a: Hatterene|66/100\n|-damage|p2a: Incineroar|0 fnt\n|-damage|p2b: Rotom|75/100\n|faint|p2a: Incineroar\n|\n|-heal|p1a: Hatterene|72/100|[from] item: Leftovers\n|upkeep\n|\n|t:|1776360841\n|switch|p2a: Gardevoir|Gardevoir, L50, F|100/100\n|turn|5\n|inactive|loogooby has 30 seconds left.\n|inactive|meatKazoo has 30 seconds left.\n|\n|t:|1776360872\n|move|p2a: Gardevoir|Protect|p2a: Gardevoir\n|-singleturn|p2a: Gardevoir|Protect\n|move|p1a: Hatterene|Dazzling Gleam|p2a: Gardevoir|[spread] p2b\n|-activate|p2a: Gardevoir|move: Protect\n|-damage|p2b: Rotom|37/100\n|move|p1b: Araquanid|Icy Wind|p2b: Rotom|[spread] p2b\n|-activate|p2a: Gardevoir|move: Protect\n|-resisted|p2b: Rotom|1\n|-damage|p2b: Rotom|33/100\n|-unboost|p2b: Rotom|spe|1\n|move|p2b: Rotom|Thunderbolt|p1a: Hatterene\n|-damage|p1a: Hatterene|39/100\n|\n|-heal|p1a: Hatterene|45/100|[from] item: Leftovers\n|-fieldend|move: Trick Room\n|upkeep\n|turn|6\n|inactive|loogooby has 30 seconds left.\n|\n|t:|1776360900\n|detailschange|p2a: Gardevoir|Gardevoir-Mega, L50, F\n|-mega|p2a: Gardevoir|Gardevoir|Gardevoirite\n|move|p1b: Araquanid|Protect|p1b: Araquanid\n|-singleturn|p1b: Araquanid|Protect\n|move|p2a: Gardevoir|Hyper Voice|p1b: Araquanid|[spread] p1a\n|-activate|p1b: Araquanid|move: Protect\n|-damage|p1a: Hatterene|3/100\n|move|p2b: Rotom|Thunderbolt|p1a: Hatterene\n|-damage|p1a: Hatterene|0 fnt\n|faint|p1a: Hatterene\n|\n|upkeep\n|\n|t:|1776360908\n|switch|p1a: Meganium|Meganium, L50, F|100/100\n|turn|7\n|\n|t:|1776360919\n|detailschange|p1a: Meganium|Meganium-Mega, L50, F\n|-mega|p1a: Meganium|Meganium|Meganiumite\n|move|p2a: Gardevoir|Hyper Voice|p1b: Araquanid|[spread] p1a,p1b\n|-crit|p1b: Araquanid\n|-damage|p1a: Meganium|58/100\n|-damage|p1b: Araquanid|0 fnt\n|faint|p1b: Araquanid\n|move|p2b: Rotom|Thunderbolt|p1a: Meganium\n|-resisted|p1a: Meganium|1\n|-damage|p1a: Meganium|40/100\n|move|p1a: Meganium|Solar Beam||[still]\n|-prepare|p1a: Meganium|Solar Beam\n|-activate|p1a: Meganium|ability: Mega Sol\n|-anim|p1a: Meganium|Solar Beam|p2a: Gardevoir\n|-damage|p2a: Gardevoir|29/100\n|\n|upkeep\n|turn|8\n|\n|t:|1776360932\n|move|p2a: Gardevoir|Hyper Voice|p1a: Meganium\n|-damage|p1a: Meganium|0 fnt\n|faint|p1a: Meganium\n|\n|win|meatKazoo\n|raw|loogooby's rating: 1118 &rarr; <strong>1090</strong><br />(-28 for losing)\n|raw|meatKazoo's rating: 1083 &rarr; <strong>1113</strong><br />(+30 for winning)\n",
  "uploadtime": 1776360952,
  "views": 15,
  "formatid": "gen9championsvgc2026regma",
  "rating": 1090,
  "private": 0,
  "password": null
}