{
  "id": "gen9championsvgc2026regma-2586041691",
  "format": "[Gen 9 Champions] VGC 2026 Reg M-A",
  "players": [
    "Boomboompow202",
    "kinghusband"
  ],
  "log": "|j|\u2606Boomboompow202\n|j|\u2606kinghusband\n|t:|1776392995\n|gametype|doubles\n|player|p1|Boomboompow202|265|1057\n|player|p2|kinghusband|102|1024\n|gen|9\n|tier|[Gen 9 Champions] VGC 2026 Reg M-A\n|rated|\n|rule|Species Clause: Limit one of each Pok\u00e9mon\n|rule|Item Clause: Limit 1 of each item\n|clearpoke\n|poke|p1|Mamoswine, L50, F|\n|poke|p1|Basculegion, L50, M|\n|poke|p1|Rotom-Wash, L50|\n|poke|p1|Incineroar, L50, F|\n|poke|p1|Espathra, L50, M|\n|poke|p1|Venusaur, L50, M|\n|poke|p2|Charizard, L50, F|\n|poke|p2|Sneasler, L50, F|\n|poke|p2|Basculegion, L50, M|\n|poke|p2|Garchomp, L50, F|\n|poke|p2|Incineroar, L50, M|\n|poke|p2|Venusaur, L50, F|\n|teampreview|4\n|inactive|Battle timer is ON: inactive players will automatically lose when time's up. (requested by Boomboompow202)\n|inactive|kinghusband has 60 seconds left.\n|\n|t:|1776393056\n|teamsize|p1|4\n|teamsize|p2|4\n|start\n|switch|p1a: Rotom|Rotom-Wash, L50|100/100\n|switch|p1b: Mamoswine|Mamoswine, L50, F|100/100\n|switch|p2a: Charizard|Charizard, L50, F|100/100\n|switch|p2b: Basculegion|Basculegion, L50, M|100/100\n|turn|1\n|inactive|Boomboompow202 has 30 seconds left.\n|\n|t:|1776393084\n|move|p2a: Charizard|Protect|p2a: Charizard\n|-singleturn|p2a: Charizard|Protect\n|move|p1b: Mamoswine|Protect|p1b: Mamoswine\n|-singleturn|p1b: Mamoswine|Protect\n|move|p2b: Basculegion|Flip Turn|p1b: Mamoswine\n|-activate|p1b: Mamoswine|move: Protect\n|move|p1a: Rotom|Thunderbolt|p2a: Charizard\n|-activate|p2a: Charizard|move: Protect\n|\n|upkeep\n|turn|2\n|inactive|Boomboompow202 has 30 seconds left.\n|\n|t:|1776393110\n|switch|p2a: Venusaur|Venusaur, L50, F|100/100\n|move|p2b: Basculegion|Flip Turn|p1b: Mamoswine\n|-supereffective|p1b: Mamoswine|1\n|-damage|p1b: Mamoswine|14/100\n|\n|t:|1776393118\n|switch|p2b: Incineroar|Incineroar, L50, M|100/100|[from] Flip Turn\n|-ability|p2b: Incineroar|Intimidate|boost\n|-unboost|p1a: Rotom|atk|1\n|-fail|p1b: Mamoswine|unboost|Attack|[from] ability: Oblivious|[of] p1b: Mamoswine\n|move|p1a: Rotom|Hydro Pump|p2a: Venusaur\n|-resisted|p2a: Venusaur|1\n|-damage|p2a: Venusaur|70/100\n|move|p1b: Mamoswine|Icicle Crash|p2a: Venusaur\n|-supereffective|p2a: Venusaur|1\n|-damage|p2a: Venusaur|0 fnt\n|faint|p2a: Venusaur\n|\n|upkeep\n|\n|t:|1776393132\n|switch|p2a: Basculegion|Basculegion, L50, M|100/100\n|turn|3\n|\n|t:|1776393155\n|switch|p1b: Basculegion|Basculegion, L50, M|100/100\n|switch|p2b: Charizard|Charizard, L50, F|100/100\n|move|p2a: Basculegion|Flip Turn|p1b: Basculegion\n|-resisted|p1b: Basculegion|1\n|-damage|p1b: Basculegion|75/100\n|\n|t:|1776393163\n|switch|p2a: Incineroar|Incineroar, L50, M|100/100|[from] Flip Turn\n|-ability|p2a: Incineroar|Intimidate|boost\n|-unboost|p1a: Rotom|atk|1\n|-unboost|p1b: Basculegion|atk|1\n|move|p1a: Rotom|Volt Switch|p2a: Incineroar\n|-damage|p2a: Incineroar|66/100\n|\n|t:|1776393173\n|switch|p1a: Mamoswine|Mamoswine, L50, F|14/100|[from] Volt Switch\n|\n|upkeep\n|turn|4\n|\n|t:|1776393187\n|move|p2b: Charizard|Protect|p2b: Charizard\n|-singleturn|p2b: Charizard|Protect\n|move|p1a: Mamoswine|Protect|p1a: Mamoswine\n|-singleturn|p1a: Mamoswine|Protect\n|move|p1b: Basculegion|Wave Crash|p2b: Charizard\n|-activate|p2b: Charizard|move: Protect\n|move|p2a: Incineroar|Throat Chop|p1b: Basculegion\n|-supereffective|p1b: Basculegion|1\n|-damage|p1b: Basculegion|0 fnt\n|faint|p1b: Basculegion\n|\n|upkeep\n|\n|t:|1776393192\n|switch|p1b: Rotom|Rotom-Wash, L50|100/100\n|turn|5\n|\n|t:|1776393216\n|detailschange|p2b: Charizard|Charizard-Mega-Y, L50, F\n|-mega|p2b: Charizard|Charizard|Charizardite Y\n|-weather|SunnyDay|[from] ability: Drought|[of] p2b: Charizard\n|move|p1a: Mamoswine|Ice Shard|p2b: Charizard\n|-damage|p2b: Charizard|72/100\n|move|p1b: Rotom|Volt Switch|p2b: Charizard\n|-supereffective|p2b: Charizard|1\n|-damage|p2b: Charizard|0 fnt\n|faint|p2b: Charizard\n|\n|t:|1776393229\n|switch|p1b: Venusaur|Venusaur, L50, M|100/100|[from] Volt Switch\n|move|p2a: Incineroar|Flare Blitz|p1b: Venusaur\n|-supereffective|p1b: Venusaur|1\n|-damage|p1b: Venusaur|0 fnt\n|faint|p1b: Venusaur\n|-damage|p2a: Incineroar|37/100|[from] Recoil\n|-enditem|p2a: Incineroar|Sitrus Berry|[eat]\n|-heal|p2a: Incineroar|62/100|[from] item: Sitrus Berry\n|\n|-weather|SunnyDay|[upkeep]\n|upkeep\n|\n|t:|1776393236\n|switch|p2b: Basculegion|Basculegion, L50, M|100/100\n|switch|p1b: Rotom|Rotom-Wash, L50|100/100\n|turn|6\n|\n|t:|1776393254\n|move|p1a: Mamoswine|Protect|p1a: Mamoswine\n|-singleturn|p1a: Mamoswine|Protect\n|move|p2b: Basculegion|Last Respects|p1b: Rotom\n|-damage|p1b: Rotom|0 fnt\n|faint|p1b: Rotom\n|move|p2a: Incineroar|Flare Blitz|p1a: Mamoswine\n|-activate|p1a: Mamoswine|move: Protect\n|\n|-weather|SunnyDay|[upkeep]\n|upkeep\n|turn|7\n|-message|Boomboompow202 forfeited.\n|\n|win|kinghusband\n|raw|Boomboompow202's rating: 1057 &rarr; <strong>1037</strong><br />(-20 for losing)\n|raw|kinghusband's rating: 1024 &rarr; <strong>1064</strong><br />(+40 for winning)\n|l|\u2606Boomboompow202\n|player|p1|\n",
  "uploadtime": 1776393280,
  "views": 22,
  "formatid": "gen9championsvgc2026regma",
  "rating": 1037,
  "private": 0,
  "password": null
}