{
  "id": "gen9championsvgc2026regma-2585130018",
  "format": "[Gen 9 Champions] VGC 2026 Reg M-A",
  "players": [
    "jingming",
    "Slimeko325"
  ],
  "log": "|j|\u2606jingming\n|j|\u2606Slimeko325\n|t:|1776315336\n|gametype|doubles\n|player|p1|jingming|nate|1302\n|player|p2|Slimeko325|lucas|1309\n|gen|9\n|tier|[Gen 9 Champions] VGC 2026 Reg M-A\n|rated|\n|rule|Species Clause: Limit one of each Pok\u00e9mon\n|rule|Item Clause: Limit 1 of each item\n|clearpoke\n|poke|p1|Incineroar, L50, M|\n|poke|p1|Kingambit, L50, F|\n|poke|p1|Aerodactyl, L50, M|\n|poke|p1|Gardevoir, L50, F|\n|poke|p1|Maushold, L50|\n|poke|p1|Sneasler, L50, F|\n|poke|p2|Gengar, L50, F|\n|poke|p2|Rotom-Wash, L50|\n|poke|p2|Whimsicott, L50, M|\n|poke|p2|Orthworm, L50, M|\n|poke|p2|Araquanid, L50, M|\n|poke|p2|Garchomp, L50, F|\n|teampreview|4\n|inactive|Battle timer is ON: inactive players will automatically lose when time's up. (requested by Slimeko325)\n|inactive|Slimeko325 has 60 seconds left.\n|\n|t:|1776315370\n|teamsize|p1|4\n|teamsize|p2|4\n|start\n|switch|p1a: Gardevoir|Gardevoir, L50, F|100/100\n|switch|p1b: Maushold|Maushold, L50|100/100\n|switch|p2a: Araquanid|Araquanid, L50, M|100/100\n|switch|p2b: Orthworm|Orthworm, L50, M|100/100\n|-ability|p1a: Gardevoir|Earth Eater|Trace|[from] ability: Trace|[of] p2b: Orthworm\n|turn|1\n|inactive|Slimeko325 has 30 seconds left.\n|\n|t:|1776315396\n|move|p1a: Gardevoir|Protect|p1a: Gardevoir\n|-singleturn|p1a: Gardevoir|Protect\n|move|p1b: Maushold|Taunt|p2b: Orthworm\n|-start|p2b: Orthworm|move: Taunt\n|cant|p2b: Orthworm|move: Taunt|Shed Tail\n|move|p2a: Araquanid|Mirror Coat||[still]\n|-fail|p2a: Araquanid\n|\n|upkeep\n|turn|2\n|\n|t:|1776315412\n|switch|p1a: Incineroar|Incineroar, L50, M|100/100\n|-ability|p1a: Incineroar|Intimidate|boost\n|-unboost|p2a: Araquanid|atk|1\n|-unboost|p2b: Orthworm|atk|1\n|move|p1b: Maushold|Super Fang|p2a: Araquanid\n|-damage|p2a: Araquanid|51/100\n|move|p2b: Orthworm|Heavy Slam|p1a: Incineroar\n|-resisted|p1a: Incineroar|1\n|-damage|p1a: Incineroar|96/100\n|move|p2a: Araquanid|Liquidation|p1b: Maushold\n|-damage|p1b: Maushold|57/100\n|\n|upkeep\n|turn|3\n|\n|t:|1776315433\n|switch|p2b: Rotom|Rotom-Wash, L50|100/100\n|switch|p2a: Garchomp|Garchomp, L50, F|100/100\n|move|p1b: Maushold|Super Fang|p2a: Garchomp|[miss]\n|-miss|p1b: Maushold|p2a: Garchomp\n|move|p1a: Incineroar|Flare Blitz|p2b: Rotom\n|-resisted|p2b: Rotom|1\n|-damage|p2b: Rotom|78/100\n|-damage|p1a: Incineroar|90/100|[from] Recoil\n|\n|upkeep\n|turn|4\n|\n|t:|1776315450\n|move|p1b: Maushold|Protect|p1b: Maushold\n|-singleturn|p1b: Maushold|Protect\n|move|p2a: Garchomp|Earthquake|p1a: Incineroar|[spread] p1a\n|-activate|p1b: Maushold|move: Protect\n|-immune|p2b: Rotom|[from] ability: Levitate\n|-supereffective|p1a: Incineroar|1\n|-damage|p1a: Incineroar|40/100\n|-enditem|p1a: Incineroar|Sitrus Berry|[eat]\n|-heal|p1a: Incineroar|65/100|[from] item: Sitrus Berry\n|move|p2b: Rotom|Discharge|p1b: Maushold|[spread] p1a\n|-activate|p1b: Maushold|move: Protect\n|-immune|p2a: Garchomp\n|-damage|p1a: Incineroar|43/100\n|move|p1a: Incineroar|Parting Shot|p2a: Garchomp\n|-unboost|p2a: Garchomp|atk|1\n|-unboost|p2a: Garchomp|spa|1\n|\n|t:|1776315468\n|switch|p1a: Gardevoir|Gardevoir, L50, F|100/100|[from] Parting Shot\n|-ability|p1a: Gardevoir|Rough Skin|Trace|[from] ability: Trace|[of] p2a: Garchomp\n|\n|upkeep\n|turn|5\n|\n|t:|1776315478\n|switch|p2a: Orthworm|Orthworm, L50, M|100/100\n|detailschange|p1a: Gardevoir|Gardevoir-Mega, L50, F\n|-mega|p1a: Gardevoir|Gardevoir|Gardevoirite\n|move|p2b: Rotom|Protect|p2b: Rotom\n|-singleturn|p2b: Rotom|Protect\n|move|p1b: Maushold|Super Fang|p2b: Rotom\n|-activate|p2b: Rotom|move: Protect\n|move|p1a: Gardevoir|Hyper Voice|p2a: Orthworm|[spread] p2a\n|-activate|p2b: Rotom|move: Protect\n|-resisted|p2a: Orthworm|1\n|-damage|p2a: Orthworm|75/100\n|\n|upkeep\n|turn|6\n|\n|t:|1776315497\n|move|p1b: Maushold|Taunt|p2a: Orthworm\n|-start|p2a: Orthworm|move: Taunt\n|move|p1a: Gardevoir|Hyper Voice|p2a: Orthworm|[spread] p2a,p2b\n|-resisted|p2a: Orthworm|1\n|-damage|p2a: Orthworm|50/100\n|-damage|p2b: Rotom|30/100\n|-enditem|p2a: Orthworm|Sitrus Berry|[eat]\n|-heal|p2a: Orthworm|75/100|[from] item: Sitrus Berry\n|move|p2b: Rotom|Volt Switch|p1b: Maushold\n|-damage|p1b: Maushold|14/100\n|\n|t:|1776315515\n|switch|p2b: Garchomp|Garchomp, L50, F|100/100|[from] Volt Switch\n|move|p2a: Orthworm|Heavy Slam|p1a: Gardevoir\n|-supereffective|p1a: Gardevoir|1\n|-damage|p1a: Gardevoir|33/100\n|\n|upkeep\n|turn|7\n|\n|t:|1776315528\n|switch|p1b: Incineroar|Incineroar, L50, M|43/100\n|-ability|p1b: Incineroar|Intimidate|boost\n|-unboost|p2a: Orthworm|atk|1\n|-unboost|p2b: Garchomp|atk|1\n|move|p2b: Garchomp|Earthquake|p1b: Incineroar|[spread] p1a,p1b\n|-heal|p2a: Orthworm|99/100|[from] ability: Earth Eater|[of] p2b: Garchomp\n|-supereffective|p1b: Incineroar|1\n|-damage|p1a: Gardevoir|0 fnt\n|-damage|p1b: Incineroar|1/100\n|faint|p1a: Gardevoir\n|move|p2a: Orthworm|Heavy Slam|p1b: Incineroar\n|-resisted|p1b: Incineroar|1\n|-damage|p1b: Incineroar|0 fnt\n|faint|p1b: Incineroar\n|\n|upkeep\n|\n|t:|1776315539\n|switch|p1a: Aerodactyl|Aerodactyl, L50, M|100/100\n|switch|p1b: Maushold|Maushold, L50|14/100\n|-ability|p1a: Aerodactyl|Unnerve\n|turn|8\n|\n|t:|1776315551\n|move|p2b: Garchomp|Earthquake|p1a: Aerodactyl|[spread] p1b\n|-heal|p2a: Orthworm|100/100|[from] ability: Earth Eater|[of] p2b: Garchomp\n|-immune|p1a: Aerodactyl\n|-damage|p1b: Maushold|0 fnt\n|faint|p1b: Maushold\n|move|p1a: Aerodactyl|Rock Slide|p2b: Garchomp|[spread] p2a,p2b\n|-resisted|p2a: Orthworm|1\n|-resisted|p2b: Garchomp|1\n|-damage|p2a: Orthworm|90/100\n|-damage|p2b: Garchomp|88/100\n|cant|p2a: Orthworm|flinch\n|\n|-end|p2a: Orthworm|move: Taunt\n|upkeep\n|turn|9\n|\n|t:|1776315568\n|switch|p2b: Araquanid|Araquanid, L50, M|51/100\n|move|p1a: Aerodactyl|Rock Slide|p2a: Orthworm|[spread] p2a,p2b\n|-resisted|p2a: Orthworm|1\n|-supereffective|p2b: Araquanid|1\n|-damage|p2a: Orthworm|81/100\n|-damage|p2b: Araquanid|0 fnt\n|faint|p2b: Araquanid\n|move|p2a: Orthworm|Heavy Slam|p1a: Aerodactyl\n|-supereffective|p1a: Aerodactyl|1\n|-damage|p1a: Aerodactyl|19/100\n|\n|upkeep\n|\n|t:|1776315580\n|switch|p2b: Garchomp|Garchomp, L50, F|88/100\n|turn|10\n|\n|t:|1776315585\n|move|p2b: Garchomp|Earthquake|p1a: Aerodactyl|[spread] \n|-heal|p2a: Orthworm|100/100|[from] ability: Earth Eater|[of] p2b: Garchomp\n|-immune|p1a: Aerodactyl\n|move|p1a: Aerodactyl|Rock Slide|p2a: Orthworm|[spread] p2a,p2b\n|-resisted|p2a: Orthworm|1\n|-resisted|p2b: Garchomp|1\n|-damage|p2a: Orthworm|90/100\n|-damage|p2b: Garchomp|76/100\n|cant|p2a: Orthworm|flinch\n|\n|upkeep\n|turn|11\n|\n|t:|1776315596\n|move|p2b: Garchomp|Earthquake|p1a: Aerodactyl|[spread] \n|-heal|p2a: Orthworm|100/100|[from] ability: Earth Eater|[of] p2b: Garchomp\n|-immune|p1a: Aerodactyl\n|move|p1a: Aerodactyl|Rock Slide|p2a: Orthworm|[spread] p2a,p2b\n|-resisted|p2a: Orthworm|1\n|-resisted|p2b: Garchomp|1\n|-damage|p2a: Orthworm|90/100\n|-damage|p2b: Garchomp|63/100\n|move|p2a: Orthworm|Heavy Slam|p1a: Aerodactyl\n|-supereffective|p1a: Aerodactyl|1\n|-damage|p1a: Aerodactyl|0 fnt\n|faint|p1a: Aerodactyl\n|\n|win|Slimeko325\n|raw|jingming's rating: 1302 &rarr; <strong>1282</strong><br />(-20 for losing)\n|raw|Slimeko325's rating: 1309 &rarr; <strong>1329</strong><br />(+20 for winning)\n|l|\u2606jingming\n|player|p1|\n",
  "uploadtime": 1776315597,
  "views": 40,
  "formatid": "gen9championsvgc2026regma",
  "rating": 1282,
  "private": 0,
  "password": null
}