{
  "id": "gen9championsvgc2026regma-2583059582",
  "format": "[Gen 9 Champions] VGC 2026 Reg M-A",
  "players": [
    "JoeFlowDD",
    "Deathpacito 3"
  ],
  "log": "|j|\u2606JoeFlowDD\n|j|\u2606Deathpacito 3\n|t:|1776137619\n|gametype|doubles\n|player|p1|JoeFlowDD|palmer|1129\n|player|p2|Deathpacito 3|1|1133\n|gen|9\n|tier|[Gen 9 Champions] VGC 2026 Reg M-A\n|rated|\n|rule|Species Clause: Limit one of each Pok\u00e9mon\n|rule|Item Clause: Limit 1 of each item\n|clearpoke\n|poke|p1|Aggron, L50, F|\n|poke|p1|Sinistcha, L50|\n|poke|p1|Incineroar, L50, M|\n|poke|p1|Milotic, L50, F|\n|poke|p1|Garchomp, L50, F|\n|poke|p1|Hatterene, L50, F|\n|poke|p2|Beedrill, L50, F|\n|poke|p2|Rotom-Wash, L50|\n|poke|p2|Orthworm, L50, F|\n|poke|p2|Garchomp, L50, M|\n|poke|p2|Sinistcha, L50|\n|poke|p2|Talonflame, L50, F|\n|teampreview|4\n|inactive|Battle timer is ON: inactive players will automatically lose when time's up. (requested by JoeFlowDD)\n|\n|t:|1776137662\n|teamsize|p1|4\n|teamsize|p2|4\n|start\n|switch|p1a: Aggron|Aggron, L50, F|100/100\n|switch|p1b: Incineroar|Incineroar, L50, M|100/100\n|switch|p2a: Beedrill|Beedrill, L50, F|100/100\n|switch|p2b: Talonflame|Talonflame, L50, F|100/100\n|-ability|p1b: Incineroar|Intimidate|boost\n|-unboost|p2a: Beedrill|atk|1\n|-unboost|p2b: Talonflame|atk|1\n|turn|1\n|inactive|Deathpacito 3 has 30 seconds left.\n|\n|t:|1776137693\n|detailschange|p2a: Beedrill|Beedrill-Mega, L50, F\n|-mega|p2a: Beedrill|Beedrill|Beedrillite\n|detailschange|p1a: Aggron|Aggron-Mega, L50, F\n|-mega|p1a: Aggron|Aggron|Aggronite\n|move|p1b: Incineroar|Fake Out|p2b: Talonflame\n|-damage|p2b: Talonflame|84/100\n|move|p2a: Beedrill|U-turn|p1b: Incineroar\n|-damage|p1b: Incineroar|69/100\n|\n|t:|1776137705\n|switch|p2a: Garchomp|Garchomp, L50, M|100/100|[from] U-turn\n|cant|p2b: Talonflame|flinch\n|move|p1a: Aggron|Iron Defense|p1a: Aggron\n|-boost|p1a: Aggron|def|2\n|\n|upkeep\n|turn|2\n|\n|t:|1776137722\n|move|p1a: Aggron|Protect|p1a: Aggron\n|-singleturn|p1a: Aggron|Protect\n|move|p2b: Talonflame|Flare Blitz|p1a: Aggron\n|-activate|p1a: Aggron|move: Protect\n|move|p2a: Garchomp|Earthquake|p1b: Incineroar|[spread] p1b\n|-activate|p1a: Aggron|move: Protect\n|-immune|p2b: Talonflame\n|-supereffective|p1b: Incineroar|1\n|-enditem|p1b: Incineroar|Shuca Berry|[eat]\n|-enditem|p1b: Incineroar|Shuca Berry|[weaken]\n|-damage|p1b: Incineroar|36/100\n|move|p1b: Incineroar|Parting Shot|p2a: Garchomp\n|-unboost|p2a: Garchomp|atk|1\n|-unboost|p2a: Garchomp|spa|1\n|\n|t:|1776137744\n|switch|p1b: Milotic|Milotic, L50, F|100/100|[from] Parting Shot\n|\n|upkeep\n|turn|3\n|inactive|JoeFlowDD has 30 seconds left.\n|\n|t:|1776137774\n|switch|p2b: Rotom|Rotom-Wash, L50|100/100\n|move|p2a: Garchomp|Earthquake|p1b: Milotic|[spread] p1a,p1b\n|-immune|p2b: Rotom|[from] ability: Levitate\n|-supereffective|p1a: Aggron|1\n|-damage|p1a: Aggron|90/100\n|-damage|p1b: Milotic|78/100\n|move|p1b: Milotic|Coil|p1b: Milotic\n|-boost|p1b: Milotic|atk|1\n|-boost|p1b: Milotic|def|1\n|-boost|p1b: Milotic|accuracy|1\n|move|p1a: Aggron|Body Press|p2b: Rotom\n|-crit|p2b: Rotom\n|-damage|p2b: Rotom|0 fnt\n|faint|p2b: Rotom\n|\n|upkeep\n|\n|t:|1776137793\n|switch|p2b: Beedrill|Beedrill-Mega, L50, F|100/100\n|turn|4\n|inactive|JoeFlowDD has 30 seconds left.\n|\n|t:|1776137827\n|move|p2b: Beedrill|Poison Jab|p1b: Milotic\n|-damage|p1b: Milotic|40/100\n|-status|p1b: Milotic|psn\n|-enditem|p1b: Milotic|Sitrus Berry|[eat]\n|-heal|p1b: Milotic|65/100 psn|[from] item: Sitrus Berry\n|move|p2a: Garchomp|Earthquake|p1a: Aggron|[spread] p2b,p1a,p1b\n|-supereffective|p1a: Aggron|1\n|-damage|p2b: Beedrill|37/100\n|-damage|p1a: Aggron|80/100\n|-damage|p1b: Milotic|51/100 psn\n|move|p1b: Milotic|Ice Beam|p2a: Garchomp\n|-supereffective|p2a: Garchomp|2\n|-damage|p2a: Garchomp|4/100\n|move|p1a: Aggron|Iron Defense|p1a: Aggron\n|-boost|p1a: Aggron|def|2\n|\n|-damage|p1b: Milotic|39/100 psn|[from] psn\n|upkeep\n|turn|5\n|inactive|JoeFlowDD has 30 seconds left.\n|inactive|Deathpacito 3 has 30 seconds left.\n|inactive|JoeFlowDD has 20 seconds left.\n|\n|t:|1776137866\n|move|p1a: Aggron|Protect|p1a: Aggron\n|-singleturn|p1a: Aggron|Protect\n|move|p2b: Beedrill|Drill Run|p1a: Aggron\n|-activate|p1a: Aggron|move: Protect\n|move|p2a: Garchomp|Rock Slide|p1b: Milotic|[spread] p1b\n|-activate|p1a: Aggron|move: Protect\n|-damage|p1b: Milotic|32/100 psn\n|cant|p1b: Milotic|flinch\n|\n|-damage|p1b: Milotic|20/100 psn|[from] psn\n|upkeep\n|turn|6\n|inactive|JoeFlowDD has 30 seconds left.\n|\n|t:|1776137894\n|move|p2b: Beedrill|Protect|p2b: Beedrill\n|-singleturn|p2b: Beedrill|Protect\n|move|p2a: Garchomp|Rock Slide|p1a: Aggron|[spread] p1a,p1b\n|-resisted|p1a: Aggron|1\n|-damage|p1a: Aggron|79/100\n|-damage|p1b: Milotic|12/100 psn\n|move|p1b: Milotic|Muddy Water|p2a: Garchomp|[spread] p2a\n|-activate|p2b: Beedrill|move: Protect\n|-damage|p2a: Garchomp|0 fnt\n|faint|p2a: Garchomp\n|move|p1a: Aggron|Body Press|p2b: Beedrill\n|-activate|p2b: Beedrill|move: Protect\n|\n|-damage|p1b: Milotic|0 fnt|[from] psn\n|faint|p1b: Milotic\n|upkeep\n|\n|t:|1776137910\n|switch|p2a: Talonflame|Talonflame, L50, F|84/100\n|switch|p1b: Incineroar|Incineroar, L50, M|36/100\n|-ability|p1b: Incineroar|Intimidate|boost\n|-unboost|p2a: Talonflame|atk|1\n|-unboost|p2b: Beedrill|atk|1\n|turn|7\n|\n|t:|1776137926\n|move|p1b: Incineroar|Fake Out|p2a: Talonflame\n|-damage|p2a: Talonflame|66/100\n|move|p2b: Beedrill|Drill Run|p1b: Incineroar\n|-supereffective|p1b: Incineroar|1\n|-crit|p1b: Incineroar\n|-damage|p1b: Incineroar|0 fnt\n|faint|p1b: Incineroar\n|cant|p2a: Talonflame|flinch\n|move|p1a: Aggron|Body Press|p2b: Beedrill\n|-resisted|p2b: Beedrill|2\n|-damage|p2b: Beedrill|0 fnt\n|faint|p2b: Beedrill\n|\n|upkeep\n|\n|t:|1776137935\n|switch|p1b: Sinistcha|Sinistcha, L50|100/100\n|-heal|p1a: Aggron|100/100|[from] ability: Hospitality|[of] p1b: Sinistcha\n|turn|8\n|c|\u2606JoeFlowDD|don't mess with THE WALL\n|c|\u2606JoeFlowDD|gg\n|\n|t:|1776137953\n|move|p2a: Talonflame|Flare Blitz|p1b: Sinistcha\n|-supereffective|p1b: Sinistcha|1\n|-damage|p1b: Sinistcha|60/100\n|-status|p1b: Sinistcha|brn\n|-damage|p2a: Talonflame|51/100|[from] Recoil\n|move|p1b: Sinistcha|Strength Sap|p2a: Talonflame\n|-unboost|p2a: Talonflame|atk|1\n|-heal|p1b: Sinistcha|100/100 brn\n|move|p1a: Aggron|Body Press|p2a: Talonflame\n|-resisted|p2a: Talonflame|1\n|-damage|p2a: Talonflame|0 fnt\n|faint|p2a: Talonflame\n|\n|win|JoeFlowDD\n|raw|JoeFlowDD's rating: 1129 &rarr; <strong>1154</strong><br />(+25 for winning)\n|raw|Deathpacito 3's rating: 1133 &rarr; <strong>1108</strong><br />(-25 for losing)\n|c|\u2606Deathpacito 3|i just wanted to use the bug\n|c|\u2606JoeFlowDD|don't worry someday you will dude\n|c|\u2606Deathpacito 3|thanks bro\n|l|\u2606Deathpacito 3\n|player|p2|\n|c|\u2606JoeFlowDD|just believe\n",
  "uploadtime": 1776138058,
  "views": 12,
  "formatid": "gen9championsvgc2026regma",
  "rating": 1108,
  "private": 0,
  "password": null
}