{
  "id": "gen9championsvgc2026regma-2588485585",
  "format": "[Gen 9 Champions] VGC 2026 Reg M-A",
  "players": [
    "KilamanolaVGC",
    "batgiuseppe"
  ],
  "log": "|j|\u203dKilamanolaVGC\n|j|\u2606batgiuseppe\n|t:|1776637794\n|gametype|doubles\n|player|p1|KilamanolaVGC|benga|1449\n|player|p2|batgiuseppe|170|1476\n|gen|9\n|tier|[Gen 9 Champions] VGC 2026 Reg M-A\n|rated|\n|rule|Species Clause: Limit one of each Pok\u00e9mon\n|rule|Item Clause: Limit 1 of each item\n|clearpoke\n|poke|p1|Hawlucha, L50, F, shiny|\n|poke|p1|Garganacl, L50, F, shiny|\n|poke|p1|Gengar, L50, M, shiny|\n|poke|p1|Sableye, L50, F, shiny|\n|poke|p1|Maushold, L50|\n|poke|p1|Politoed, L50, M, shiny|\n|poke|p2|Delphox, L50, M|\n|poke|p2|Sneasler, L50, F|\n|poke|p2|Kingambit, L50, F|\n|poke|p2|Basculegion, L50, M|\n|poke|p2|Rotom-Mow, L50|\n|poke|p2|Scizor, L50, F|\n|teampreview|4\n|inactive|Battle timer is ON: inactive players will automatically lose when time's up. (requested by KilamanolaVGC)\nKilamanolaVGC has agreed to open team sheets.\n|inactive|KilamanolaVGC has 60 seconds left.\n|\n|t:|1776637843\n|teamsize|p1|4\n|teamsize|p2|4\n|start\n|switch|p1a: Gengar|Gengar, L50, M, shiny|100/100\n|switch|p1b: Sableye|Sableye, L50, F, shiny|100/100\n|switch|p2a: Basculegion|Basculegion, L50, M|100/100\n|switch|p2b: Delphox|Delphox, L50, M|100/100\n|turn|1\n|\n|t:|1776637856\n|detailschange|p1a: Gengar|Gengar-Mega, L50, M, shiny\n|-mega|p1a: Gengar|Gengar|Gengarite\n|detailschange|p2b: Delphox|Delphox-Mega, L50, M\n|-mega|p2b: Delphox|Delphox|Delphoxite\n|move|p1a: Gengar|Protect|p1a: Gengar\n|-singleturn|p1a: Gengar|Protect\n|move|p1b: Sableye|Fake Out|p2b: Delphox\n|-damage|p2b: Delphox|93/100\n|move|p2a: Basculegion|Flip Turn|p1a: Gengar\n|-activate|p1a: Gengar|move: Protect\n|cant|p2b: Delphox|flinch\n|\n|upkeep\n|turn|2\n|\n|t:|1776637879\n|switch|p1a: Politoed|Politoed, L50, M, shiny|100/100\n|-weather|RainDance|[from] ability: Drizzle|[of] p1a: Politoed\n|move|p1b: Sableye|Disable|p2a: Basculegion\n|-start|p2a: Basculegion|Disable|Flip Turn\n|cant|p2a: Basculegion|Disable|Flip Turn\n|move|p2b: Delphox|Heat Wave|p1a: Politoed|[spread] p1a,p1b\n|-resisted|p1a: Politoed|1\n|-damage|p1a: Politoed|93/100\n|-damage|p1b: Sableye|78/100\n|\n|-weather|RainDance|[upkeep]\n|-heal|p1a: Politoed|99/100|[from] item: Leftovers\n|upkeep\n|turn|3\n|\n|t:|1776637894\n|switch|p2a: Sneasler|Sneasler, L50, F|100/100\n|switch|p1a: Gengar|Gengar-Mega, L50, M, shiny|100/100\n|move|p2b: Delphox|Protect|p2b: Delphox\n|-singleturn|p2b: Delphox|Protect\n|move|p1b: Sableye|Encore|p2b: Delphox\n|-activate|p2b: Delphox|move: Protect\n|\n|-weather|RainDance|[upkeep]\n|upkeep\n|turn|4\n|\n|t:|1776637911\n|move|p1b: Sableye|Encore|p2b: Delphox\n|-start|p2b: Delphox|Encore\n|move|p2b: Delphox|Protect||[still]\n|-fail|p2b: Delphox\n|move|p1a: Gengar|Perish Song|p1a: Gengar\n|-start|p1a: Gengar|perish3|[silent]\n|-start|p1b: Sableye|perish3|[silent]\n|-start|p2a: Sneasler|perish3|[silent]\n|-start|p2b: Delphox|perish3|[silent]\n|-fieldactivate|move: Perish Song\n|move|p2a: Sneasler|Dire Claw|p1b: Sableye\n|-resisted|p1b: Sableye|1\n|-damage|p1b: Sableye|52/100\n|\n|-weather|RainDance|[upkeep]\n|-start|p2b: Delphox|perish3\n|-start|p1a: Gengar|perish3\n|-start|p2a: Sneasler|perish3\n|-start|p1b: Sableye|perish3\n|upkeep\n|turn|5\n|-message|batgiuseppe forfeited.\n|\n|win|KilamanolaVGC\n|raw|KilamanolaVGC's rating: 1449 &rarr; <strong>1471</strong><br />(+22 for winning)\n|raw|batgiuseppe's rating: 1476 &rarr; <strong>1454</strong><br />(-22 for losing)\n|l|\u2606batgiuseppe\n|player|p2|\n",
  "uploadtime": 1776637963,
  "views": 26,
  "formatid": "gen9championsvgc2026regma",
  "rating": 1454,
  "private": 0,
  "password": null
}