{
  "id": "gen9championsvgc2026regma-2583248221",
  "format": "[Gen 9 Champions] VGC 2026 Reg M-A",
  "players": [
    "daikenhc",
    "ZZTop1999"
  ],
  "log": "|j|\u2606daikenhc\n|j|\u2606ZZTop1999\n|t:|1776159289\n|gametype|doubles\n|player|p1|daikenhc|169|1154\n|player|p2|ZZTop1999|170|1116\n|gen|9\n|tier|[Gen 9 Champions] VGC 2026 Reg M-A\n|rated|\n|rule|Species Clause: Limit one of each Pok\u00e9mon\n|rule|Item Clause: Limit 1 of each item\n|clearpoke\n|poke|p1|Chandelure, L50, F|\n|poke|p1|Torkoal, L50, M|\n|poke|p1|Hatterene, L50, F|\n|poke|p1|Incineroar, L50, F|\n|poke|p1|Farigiraf, L50, F|\n|poke|p1|Milotic, L50, M|\n|poke|p2|Scovillain, L50, F|\n|poke|p2|Cofagrigus, L50, M|\n|poke|p2|Primarina, L50, F|\n|poke|p2|Chesnaught, L50, F|\n|poke|p2|Aromatisse, L50, F|\n|poke|p2|Kingambit, L50, F|\n|teampreview|4\n|\n|t:|1776159343\n|teamsize|p1|4\n|teamsize|p2|4\n|start\n|switch|p1a: Incineroar|Incineroar, L50, F|100/100\n|switch|p1b: Farigiraf|Farigiraf, L50, F|100/100\n|switch|p2a: Aromatisse|Aromatisse, L50, F|100/100\n|switch|p2b: Kingambit|Kingambit, L50, F|100/100\n|-ability|p1a: Incineroar|Intimidate|boost\n|-unboost|p2a: Aromatisse|atk|1\n|-unboost|p2b: Kingambit|atk|1\n|-ability|p2b: Kingambit|Defiant|boost\n|-boost|p2b: Kingambit|atk|2\n|turn|1\n|inactive|Battle timer is ON: inactive players will automatically lose when time's up. (requested by ZZTop1999)\n|\n|t:|1776159402\n|move|p2b: Kingambit|Protect|p2b: Kingambit\n|-singleturn|p2b: Kingambit|Protect\n|move|p1a: Incineroar|Fake Out|p2b: Kingambit\n|-activate|p2b: Kingambit|move: Protect\n|move|p2a: Aromatisse|Moonblast|p1b: Farigiraf\n|-damage|p1b: Farigiraf|66/100\n|move|p1b: Farigiraf|Trick Room|p1b: Farigiraf\n|-fieldstart|move: Trick Room|[of] p1b: Farigiraf\n|\n|upkeep\n|turn|2\n|\n|t:|1776159424\n|switch|p2b: Chesnaught|Chesnaught, L50, F|100/100\n|move|p2a: Aromatisse|Encore|p1a: Incineroar\n|-start|p1a: Incineroar|Encore\n|move|p1a: Incineroar|Fake Out||[still]\n|-hint|Fake Out only works on your first turn out.\n|-fail|p1a: Incineroar\n|move|p1b: Farigiraf|Hyper Voice|p2b: Chesnaught|[spread] p2a,p2b\n|-damage|p2a: Aromatisse|62/100\n|-damage|p2b: Chesnaught|51/100\n|\n|-heal|p2b: Chesnaught|57/100|[from] item: Leftovers\n|upkeep\n|turn|3\n|inactive|daikenhc has 30 seconds left.\n|\n|t:|1776159451\n|switch|p1a: Chandelure|Chandelure, L50, F|100/100\n|move|p2a: Aromatisse|Disable|p1b: Farigiraf\n|-start|p1b: Farigiraf|Disable|Hyper Voice\n|move|p1b: Farigiraf|Nasty Plot|p1b: Farigiraf\n|-boost|p1b: Farigiraf|spa|2\n|move|p2b: Chesnaught|Iron Defense|p2b: Chesnaught\n|-boost|p2b: Chesnaught|def|2\n|\n|-heal|p2b: Chesnaught|63/100|[from] item: Leftovers\n|upkeep\n|turn|4\n|inactive|daikenhc has 30 seconds left.\n|\n|t:|1776159480\n|detailschange|p1a: Chandelure|Chandelure-Mega, L50, F\n|-mega|p1a: Chandelure|Chandelure|Chandelurite\n|move|p2a: Aromatisse|Encore|p1b: Farigiraf\n|-start|p1b: Farigiraf|Encore\n|move|p1b: Farigiraf|Nasty Plot|p1b: Farigiraf\n|-boost|p1b: Farigiraf|spa|2\n|move|p2b: Chesnaught|Rock Slide|p1a: Chandelure|[spread] p1a,p1b\n|-supereffective|p1a: Chandelure|1\n|-damage|p1a: Chandelure|74/100\n|-damage|p1b: Farigiraf|52/100\n|move|p1a: Chandelure|Heat Wave|p2a: Aromatisse|[spread] p2a,p2b\n|-supereffective|p2b: Chesnaught|1\n|-damage|p2a: Aromatisse|11/100\n|-damage|p2b: Chesnaught|0 fnt\n|-enditem|p2a: Aromatisse|Sitrus Berry|[eat]\n|-heal|p2a: Aromatisse|36/100|[from] item: Sitrus Berry\n|faint|p2b: Chesnaught\n|\n|upkeep\n|\n|t:|1776159503\n|switch|p2b: Kingambit|Kingambit, L50, F|100/100\n|turn|5\n|inactive|daikenhc has 30 seconds left.\n|\n|t:|1776159534\n|switch|p1b: Torkoal|Torkoal, L50, M|100/100\n|-weather|SunnyDay|[from] ability: Drought|[of] p1b: Torkoal\n|move|p2a: Aromatisse|Moonblast|p1b: Torkoal\n|-resisted|p1b: Torkoal|1\n|-damage|p1b: Torkoal|77/100\n|move|p2b: Kingambit|Kowtow Cleave|p1a: Chandelure\n|-supereffective|p1a: Chandelure|1\n|-damage|p1a: Chandelure|0 fnt\n|faint|p1a: Chandelure\n|\n|-weather|SunnyDay|[upkeep]\n|-fieldend|move: Trick Room\n|upkeep\n|\n|t:|1776159549\n|switch|p1a: Incineroar|Incineroar, L50, F|100/100\n|-ability|p1a: Incineroar|Intimidate|boost\n|-unboost|p2a: Aromatisse|atk|1\n|-unboost|p2b: Kingambit|atk|1\n|-ability|p2b: Kingambit|Defiant|boost\n|-boost|p2b: Kingambit|atk|2\n|turn|6\n|\n|t:|1776159571\n|move|p2b: Kingambit|Protect|p2b: Kingambit\n|-singleturn|p2b: Kingambit|Protect\n|move|p1a: Incineroar|Fake Out|p2b: Kingambit\n|-activate|p2b: Kingambit|move: Protect\n|move|p2a: Aromatisse|Moonblast|p1b: Torkoal\n|-resisted|p1b: Torkoal|1\n|-damage|p1b: Torkoal|57/100\n|move|p1b: Torkoal|Eruption|p2b: Kingambit|[spread] p2a\n|-activate|p2b: Kingambit|move: Protect\n|-damage|p2a: Aromatisse|0 fnt\n|faint|p2a: Aromatisse\n|\n|-weather|SunnyDay|[upkeep]\n|upkeep\n|\n|t:|1776159584\n|switch|p2a: Primarina|Primarina, L50, F|100/100\n|turn|7\n|inactive|daikenhc has 30 seconds left.\n|\n|t:|1776159611\n|move|p2a: Primarina|Hyper Voice|p1b: Torkoal|[spread] p1a,p1b\n|-supereffective|p1a: Incineroar|1\n|-supereffective|p1b: Torkoal|1\n|-damage|p1a: Incineroar|56/100\n|-damage|p1b: Torkoal|0 fnt\n|faint|p1b: Torkoal\n|move|p1a: Incineroar|Close Combat|p2b: Kingambit\n|-supereffective|p2b: Kingambit|2\n|-damage|p2b: Kingambit|0 fnt\n|-unboost|p1a: Incineroar|def|1\n|-unboost|p1a: Incineroar|spd|1\n|faint|p2b: Kingambit\n|\n|-weather|SunnyDay|[upkeep]\n|upkeep\n|\n|t:|1776159622\n|switch|p1b: Farigiraf|Farigiraf, L50, F|52/100\n|turn|8\n|\n|t:|1776159634\n|move|p1a: Incineroar|Parting Shot|p2a: Primarina\n|-unboost|p2a: Primarina|atk|1\n|-unboost|p2a: Primarina|spa|1\n|move|p2a: Primarina|Hyper Voice|p1b: Farigiraf|[spread] p1a,p1b\n|-supereffective|p1a: Incineroar|1\n|-damage|p1a: Incineroar|10/100\n|-damage|p1b: Farigiraf|36/100\n|move|p1b: Farigiraf|Thunderbolt|p2a: Primarina\n|-supereffective|p2a: Primarina|1\n|-damage|p2a: Primarina|47/100\n|\n|-weather|SunnyDay|[upkeep]\n|upkeep\n|turn|9\n|\n|t:|1776159654\n|move|p2a: Primarina|Protect|p2a: Primarina\n|-singleturn|p2a: Primarina|Protect\n|move|p1b: Farigiraf|Thunderbolt|p2a: Primarina\n|-activate|p2a: Primarina|move: Protect\n|move|p1a: Incineroar|Darkest Lariat|p2a: Primarina\n|-activate|p2a: Primarina|move: Protect\n|\n|-weather|none\n|upkeep\n|turn|10\n|\n|t:|1776159669\n|move|p1b: Farigiraf|Thunderbolt|p2a: Primarina\n|-supereffective|p2a: Primarina|1\n|-damage|p2a: Primarina|0 fnt\n|faint|p2a: Primarina\n|\n|win|daikenhc\n|raw|daikenhc's rating: 1154 &rarr; <strong>1176</strong><br />(+22 for winning)\n|raw|ZZTop1999's rating: 1116 &rarr; <strong>1094</strong><br />(-22 for losing)\n|l|\u2606ZZTop1999\n|player|p2|\n",
  "uploadtime": 1776159686,
  "views": 15,
  "formatid": "gen9championsvgc2026regma",
  "rating": 1094,
  "private": 0,
  "password": null
}