{
  "id": "gen9championsvgc2026regma-2587927460",
  "format": "[Gen 9 Champions] VGC 2026 Reg M-A",
  "players": [
    "Champion Mottob",
    "a25391435"
  ],
  "log": "|j|\u2606Champion Mottob\n|j|\u203da25391435\n|t:|1776580224\n|gametype|doubles\n|player|p1|Champion Mottob|266|1316\n|player|p2|a25391435|102|1325\n|gen|9\n|tier|[Gen 9 Champions] VGC 2026 Reg M-A\n|rated|\n|rule|Species Clause: Limit one of each Pok\u00e9mon\n|rule|Item Clause: Limit 1 of each item\n|clearpoke\n|poke|p1|Greninja, L50, M|\n|poke|p1|Glimmora, L50, M|\n|poke|p1|Mudsdale, L50, M|\n|poke|p1|Sinistcha, L50|\n|poke|p1|Weavile, L50, M|\n|poke|p1|Aerodactyl, L50, F|\n|poke|p2|Incineroar, L50, F|\n|poke|p2|Volcarona, L50, F|\n|poke|p2|Farigiraf, L50, M|\n|poke|p2|Hatterene, L50, F|\n|poke|p2|Torkoal, L50, M|\n|poke|p2|Golurk, L50|\n|teampreview|4\n|\n|t:|1776580263\n|teamsize|p1|4\n|teamsize|p2|4\n|start\n|switch|p1a: Weavile|Weavile, L50, M|100/100\n|switch|p1b: Greninja|Greninja, L50, M|100/100\n|switch|p2a: Incineroar|Incineroar, L50, F|100/100\n|switch|p2b: Farigiraf|Farigiraf, L50, M|100/100\n|-ability|p2a: Incineroar|Intimidate|boost\n|-unboost|p1a: Weavile|atk|1\n|-unboost|p1b: Greninja|atk|1\n|turn|1\n|inactive|Battle timer is ON: inactive players will automatically lose when time's up. (requested by Champion Mottob)\n|inactive|a25391435 has 60 seconds left.\n|\n|t:|1776580297\n|move|p2a: Incineroar|Fake Out|p1a: Weavile\n|-damage|p1a: Weavile|80/100\n|cant|p1a: Weavile|flinch\n|move|p1b: Greninja|Low Kick|p2a: Incineroar\n|-start|p1b: Greninja|typechange|Fighting|[from] ability: Protean\n|-supereffective|p2a: Incineroar|1\n|-enditem|p2a: Incineroar|Chople Berry|[eat]\n|-enditem|p2a: Incineroar|Chople Berry|[weaken]\n|-damage|p2a: Incineroar|78/100\n|move|p2b: Farigiraf|Trick Room|p2b: Farigiraf\n|-fieldstart|move: Trick Room|[of] p2b: Farigiraf\n|\n|upkeep\n|turn|2\n|c|\u2606Champion Mottob|so?\n|c|\u2606Champion Mottob|are you like?\n|c|\u2606Champion Mottob|slow?\n|inactive|Champion Mottob has 30 seconds left.\n|c|\u2606Champion Mottob|mega greninja is 100x the bigger threat literally in what world do you fake out weavile?\n|inactive|Champion Mottob has 20 seconds left.\n|inactive|Champion Mottob has 15 seconds left.\n|inactive|Champion Mottob has 10 seconds left.\n|inactive|Champion Mottob has 5 seconds left.\n|\n|t:|1776580351\n|move|p1b: Greninja|Protect|p1b: Greninja\n|-singleturn|p1b: Greninja|Protect\n|move|p2b: Farigiraf|Psychic|p1b: Greninja\n|-activate|p1b: Greninja|move: Protect\n|move|p2a: Incineroar|Parting Shot|p1a: Weavile\n|-unboost|p1a: Weavile|atk|1\n|-unboost|p1a: Weavile|spa|1\n|\n|t:|1776580360\n|switch|p2a: Hatterene|Hatterene, L50, F|100/100|[from] Parting Shot\n|move|p1a: Weavile|Knock Off|p2b: Farigiraf\n|-supereffective|p2b: Farigiraf|1\n|-damage|p2b: Farigiraf|56/100\n|-enditem|p2b: Farigiraf|Sitrus Berry|[from] move: Knock Off|[of] p1a: Weavile\n|\n|upkeep\n|turn|3\n|\n|t:|1776580382\n|switch|p1b: Mudsdale|Mudsdale, L50, M|100/100\n|move|p2b: Farigiraf|Helping Hand|p2a: Hatterene\n|-singleturn|p2a: Hatterene|Helping Hand|[of] p2b: Farigiraf\n|move|p2a: Hatterene|Dazzling Gleam|p1a: Weavile|[spread] p1a,p1b\n|-supereffective|p1a: Weavile|1\n|-damage|p1a: Weavile|0 fnt\n|-damage|p1b: Mudsdale|42/100\n|-ability|p1b: Mudsdale|Stamina|boost\n|-boost|p1b: Mudsdale|def|1\n|faint|p1a: Weavile\n|\n|-heal|p1b: Mudsdale|48/100|[from] item: Leftovers\n|upkeep\n|\n|t:|1776580394\n|switch|p1a: Glimmora|Glimmora, L50, M|100/100\n|turn|4\n|\n|t:|1776580407\n|move|p2a: Hatterene|Dazzling Gleam|p1b: Mudsdale|[spread] p1a,p1b\n|-resisted|p1a: Glimmora|1\n|-damage|p1a: Glimmora|70/100\n|-damage|p1b: Mudsdale|9/100\n|-ability|p1b: Mudsdale|Stamina|boost\n|-boost|p1b: Mudsdale|def|1\n|move|p1b: Mudsdale|High Horsepower|p2b: Farigiraf\n|-damage|p2b: Farigiraf|19/100\n|move|p2b: Farigiraf|Psychic|p1a: Glimmora\n|-supereffective|p1a: Glimmora|1\n|-damage|p1a: Glimmora|0 fnt\n|faint|p1a: Glimmora\n|\n|-heal|p1b: Mudsdale|15/100|[from] item: Leftovers\n|upkeep\n|\n|t:|1776580419\n|switch|p1a: Greninja|Greninja, L50, M|100/100\n|turn|5\n|\n|t:|1776580433\n|move|p1b: Mudsdale|Protect|p1b: Mudsdale\n|-singleturn|p1b: Mudsdale|Protect\n|move|p1a: Greninja|Protect|p1a: Greninja\n|-start|p1a: Greninja|typechange|Normal|[from] ability: Protean\n|-singleturn|p1a: Greninja|Protect\n|move|p2a: Hatterene|Trick Room|p2a: Hatterene\n|-fieldend|move: Trick Room\n|move|p2b: Farigiraf|Trick Room|p2b: Farigiraf\n|-fieldstart|move: Trick Room|[of] p2b: Farigiraf\n|\n|-heal|p1b: Mudsdale|20/100|[from] item: Leftovers\n|upkeep\n|turn|6\n|\n|t:|1776580453\n|detailschange|p1a: Greninja|Greninja-Mega, L50, M\n|-mega|p1a: Greninja|Greninja|Greninjite\n|move|p2b: Farigiraf|Helping Hand|p2a: Hatterene\n|-singleturn|p2a: Hatterene|Helping Hand|[of] p2b: Farigiraf\n|move|p1b: Mudsdale|Protect||[still]\n|-fail|p1b: Mudsdale\n|move|p2a: Hatterene|Dazzling Gleam|p1b: Mudsdale|[spread] p1a,p1b\n|-supereffective|p1a: Greninja|1\n|-damage|p1a: Greninja|0 fnt\n|-damage|p1b: Mudsdale|0 fnt\n|faint|p1a: Greninja\n|faint|p1b: Mudsdale\n|\n|win|a25391435\n|raw|Champion Mottob's rating: 1316 &rarr; <strong>1297</strong><br />(-19 for losing)\n|raw|a25391435's rating: 1325 &rarr; <strong>1344</strong><br />(+19 for winning)\n|l|\u2606Champion Mottob\n|player|p1|\n",
  "uploadtime": 1776580556,
  "views": 22,
  "formatid": "gen9championsvgc2026regma",
  "rating": 1297,
  "private": 0,
  "password": null
}