{
  "id": "gen9championsvgc2026regma-2587474832",
  "format": "[Gen 9 Champions] VGC 2026 Reg M-A",
  "players": [
    "Forkilicous",
    "xxarlos"
  ],
  "log": "|j|\u2606Forkilicous\n|j|\u2606xxarlos\n|t:|1776534914\n|gametype|doubles\n|player|p1|Forkilicous|rocketgruntf|1028\n|player|p2|xxarlos|preschooler|1088\n|gen|9\n|tier|[Gen 9 Champions] VGC 2026 Reg M-A\n|rated|\n|rule|Species Clause: Limit one of each Pok\u00e9mon\n|rule|Item Clause: Limit 1 of each item\n|clearpoke\n|poke|p1|Crabominable, L50, F|\n|poke|p1|Farigiraf, L50, F|\n|poke|p1|Aegislash, L50, F, shiny|\n|poke|p1|Abomasnow, L50, M|\n|poke|p1|Sneasler, L50, M, shiny|\n|poke|p1|Arcanine-Hisui, L50, M|\n|poke|p2|Aegislash, L50, M|\n|poke|p2|Talonflame, L50, F|\n|poke|p2|Incineroar, L50, F|\n|poke|p2|Garchomp, L50, F|\n|poke|p2|Floette-Eternal, L50, F|\n|poke|p2|Rotom-Wash, L50|\n|teampreview|4\n|inactive|Battle timer is ON: inactive players will automatically lose when time's up. (requested by Forkilicous)\n|inactive|xxarlos has 60 seconds left.\n|\n|t:|1776535013\n|teamsize|p1|4\n|teamsize|p2|4\n|start\n|switch|p1a: Farigiraf|Farigiraf, L50, F|100/100\n|switch|p1b: Crabominable|Crabominable, L50, F|100/100\n|switch|p2a: Talonflame|Talonflame, L50, F|100/100\n|switch|p2b: Aegislash|Aegislash, L50, M|100/100\n|turn|1\n|\n|t:|1776535032\n|move|p1b: Crabominable|Protect|p1b: Crabominable\n|-singleturn|p1b: Crabominable|Protect\n|move|p2a: Talonflame|Acrobatics||[still]\n|cant|p1a: Farigiraf|ability: Armor Tail|Acrobatics|[of] p2a: Talonflame\n|-formechange|p2b: Aegislash|Aegislash-Blade|\n|move|p2b: Aegislash|Iron Head|p1a: Farigiraf\n|-damage|p1a: Farigiraf|65/100\n|move|p1a: Farigiraf|Trick Room|p1a: Farigiraf\n|-fieldstart|move: Trick Room|[of] p1a: Farigiraf\n|\n|upkeep\n|turn|2\n|\n|t:|1776535057\n|-formechange|p2b: Aegislash|Aegislash|\n|move|p2b: Aegislash|King's Shield|p2b: Aegislash\n|-singleturn|p2b: Aegislash|Protect\n|move|p2a: Talonflame|Protect|p2a: Talonflame\n|-singleturn|p2a: Talonflame|Protect\n|move|p1b: Crabominable|Ice Hammer|p2a: Talonflame\n|-activate|p2a: Talonflame|move: Protect\n|move|p1a: Farigiraf|Imprison|p1a: Farigiraf\n|-start|p1a: Farigiraf|move: Imprison\n|\n|upkeep\n|turn|3\n|\n|t:|1776535079\n|move|p1a: Farigiraf|Protect|p1a: Farigiraf\n|-singleturn|p1a: Farigiraf|Protect\n|move|p2a: Talonflame|Tailwind|p2a: Talonflame\n|-sidestart|p2: xxarlos|move: Tailwind\n|move|p1b: Crabominable|Ice Hammer|p2a: Talonflame|[miss]\n|-miss|p1b: Crabominable|p2a: Talonflame\n|-formechange|p2b: Aegislash|Aegislash-Blade|\n|move|p2b: Aegislash|Iron Head|p1b: Crabominable\n|-supereffective|p1b: Crabominable|1\n|-damage|p1b: Crabominable|8/100\n|\n|upkeep\n|turn|4\n|inactive|xxarlos has 30 seconds left.\n|\n|t:|1776535109\n|switch|p2a: Incineroar|Incineroar, L50, F|100/100\n|-ability|p2a: Incineroar|Intimidate|boost\n|-unboost|p1a: Farigiraf|atk|1\n|-fail|p1b: Crabominable|unboost|Attack|[from] ability: Hyper Cutter|[of] p1b: Crabominable\n|detailschange|p1b: Crabominable|Crabominable-Mega, L50, F\n|-mega|p1b: Crabominable|Crabominable|Crabominite\n|-formechange|p2b: Aegislash|Aegislash|\n|move|p2b: Aegislash|King's Shield|p2b: Aegislash\n|-singleturn|p2b: Aegislash|Protect\n|move|p1b: Crabominable|Drain Punch|p2a: Incineroar\n|-supereffective|p2a: Incineroar|1\n|-damage|p2a: Incineroar|5/100\n|-heal|p1b: Crabominable|55/100|[from] drain|[of] p2a: Incineroar\n|move|p1a: Farigiraf|Dazzling Gleam|p2a: Incineroar|[spread] p2a\n|-activate|p2b: Aegislash|move: Protect\n|-damage|p2a: Incineroar|0 fnt\n|faint|p2a: Incineroar\n|\n|upkeep\n|\n|t:|1776535126\n|switch|p2a: Talonflame|Talonflame, L50, F|100/100\n|turn|5\n|inactive|Forkilicous has 30 seconds left.\n|inactive|xxarlos has 30 seconds left.\n|inactive|Forkilicous has 20 seconds left.\n|\n|t:|1776535164\n|switch|p1b: Arcanine|Arcanine-Hisui, L50, M|100/100\n|-ability|p1b: Arcanine|Intimidate|boost\n|-unboost|p2a: Talonflame|atk|1\n|-unboost|p2b: Aegislash|atk|1\n|move|p1a: Farigiraf|Protect|p1a: Farigiraf\n|-singleturn|p1a: Farigiraf|Protect\n|-formechange|p2b: Aegislash|Aegislash-Blade|\n|move|p2b: Aegislash|Iron Head|p1a: Farigiraf\n|-activate|p1a: Farigiraf|move: Protect\n|move|p2a: Talonflame|Flare Blitz|p1b: Arcanine\n|-resisted|p1b: Arcanine|2\n|-damage|p1b: Arcanine|94/100\n|-damage|p2a: Talonflame|97/100|[from] Recoil\n|\n|-fieldend|move: Trick Room\n|upkeep\n|turn|6\n|inactive|xxarlos has 30 seconds left.\n|\n|t:|1776535193\n|move|p2a: Talonflame|Flare Blitz|p1a: Farigiraf\n|-damage|p1a: Farigiraf|38/100\n|-damage|p2a: Talonflame|84/100|[from] Recoil\n|move|p2b: Aegislash|Iron Head|p1a: Farigiraf\n|-damage|p1a: Farigiraf|13/100\n|move|p1b: Arcanine|Head Smash|p2a: Talonflame\n|-supereffective|p2a: Talonflame|2\n|-damage|p2a: Talonflame|0 fnt\n|faint|p2a: Talonflame\n|-damage|p1b: Arcanine|61/100|[from] Recoil\n|move|p1a: Farigiraf|Trick Room|p1a: Farigiraf\n|-fieldstart|move: Trick Room|[of] p1a: Farigiraf\n|\n|-sideend|p2: xxarlos|move: Tailwind\n|upkeep\n|\n|t:|1776535205\n|switch|p2a: Floette|Floette-Eternal, L50, F|100/100\n|turn|7\n|\n|t:|1776535215\n|detailschange|p2a: Floette|Floette-Mega, L50, F\n|-mega|p2a: Floette|Floette|Floettite\n|-ability|p2a: Floette|Fairy Aura\n|move|p1a: Farigiraf|Protect|p1a: Farigiraf\n|-singleturn|p1a: Farigiraf|Protect\n|-formechange|p2b: Aegislash|Aegislash|\n|move|p2b: Aegislash|King's Shield|p2b: Aegislash\n|-singleturn|p2b: Aegislash|Protect\n|move|p1b: Arcanine|Flare Blitz|p2a: Floette\n|-damage|p2a: Floette|56/100\n|-damage|p1b: Arcanine|49/100|[from] Recoil\n|move|p2a: Floette|Moonblast|p1a: Farigiraf\n|-activate|p1a: Farigiraf|move: Protect\n|\n|upkeep\n|turn|8\n|inactive|Forkilicous has 30 seconds left.\n|inactive|xxarlos has 30 seconds left.\n|\n|t:|1776535245\n|switch|p1a: Sneasler|Sneasler, L50, M, shiny|100/100\n|-formechange|p2b: Aegislash|Aegislash-Blade|\n|move|p2b: Aegislash|Poltergeist|p1b: Arcanine\n|-activate|p1b: Arcanine|move: Poltergeist|Bright Powder\n|-damage|p1b: Arcanine|2/100\n|move|p1b: Arcanine|Flare Blitz|p2a: Floette\n|-damage|p2a: Floette|14/100\n|-damage|p1b: Arcanine|0 fnt|[from] Recoil\n|faint|p1b: Arcanine\n|move|p2a: Floette|Moonblast|p1a: Sneasler\n|-damage|p1a: Sneasler|2/100\n|\n|upkeep\n|\n|t:|1776535259\n|switch|p1b: Crabominable|Crabominable-Mega, L50, F|55/100\n|turn|9\n|inactive|Forkilicous has 30 seconds left.\n|\n|t:|1776535290\n|move|p1b: Crabominable|Protect|p1b: Crabominable\n|-singleturn|p1b: Crabominable|Protect\n|move|p2a: Floette|Protect|p2a: Floette\n|-singleturn|p2a: Floette|Protect\n|move|p2b: Aegislash|Shadow Sneak|p1a: Sneasler\n|-damage|p1a: Sneasler|0 fnt\n|faint|p1a: Sneasler\n|\n|upkeep\n|\n|t:|1776535297\n|switch|p1a: Farigiraf|Farigiraf, L50, F|13/100\n|turn|10\n|\n|t:|1776535315\n|move|p1a: Farigiraf|Protect|p1a: Farigiraf\n|-singleturn|p1a: Farigiraf|Protect\n|-formechange|p2b: Aegislash|Aegislash|\n|move|p2b: Aegislash|King's Shield|p2b: Aegislash\n|-singleturn|p2b: Aegislash|Protect\n|move|p1b: Crabominable|Ice Hammer|p2a: Floette\n|-damage|p2a: Floette|0 fnt\n|-unboost|p1b: Crabominable|spe|1\n|faint|p2a: Floette\n|\n|-fieldend|move: Trick Room\n|upkeep\n|turn|11\n|\n|t:|1776535326\n|-formechange|p2b: Aegislash|Aegislash-Blade|\n|move|p2b: Aegislash|Iron Head|p1a: Farigiraf\n|-damage|p1a: Farigiraf|0 fnt\n|faint|p1a: Farigiraf\n|move|p1b: Crabominable|Ice Hammer|p2b: Aegislash\n|-resisted|p2b: Aegislash|1\n|-damage|p2b: Aegislash|35/100\n|-unboost|p1b: Crabominable|spe|1\n|\n|upkeep\n|turn|12\n|\n|t:|1776535334\n|-formechange|p2b: Aegislash|Aegislash|\n|move|p2b: Aegislash|King's Shield|p2b: Aegislash\n|-singleturn|p2b: Aegislash|Protect\n|move|p1b: Crabominable|Protect||[still]\n|-fail|p1b: Crabominable\n|\n|upkeep\n|turn|13\n|\n|t:|1776535347\n|-formechange|p2b: Aegislash|Aegislash-Blade|\n|move|p2b: Aegislash|Poltergeist|p1b: Crabominable\n|-activate|p1b: Crabominable|move: Poltergeist|Crabominite\n|-damage|p1b: Crabominable|20/100\n|move|p1b: Crabominable|Ice Hammer|p2b: Aegislash\n|-resisted|p2b: Aegislash|1\n|-damage|p2b: Aegislash|0 fnt\n|-unboost|p1b: Crabominable|spe|1\n|faint|p2b: Aegislash\n|\n|win|Forkilicous\n|raw|Forkilicous's rating: 1028 &rarr; <strong>1070</strong><br />(+42 for winning)\n|raw|xxarlos's rating: 1088 &rarr; <strong>1061</strong><br />(-27 for losing)\n|l|\u2606xxarlos\n|player|p2|\n|c|\u2606Forkilicous|gg\n|l|\u2606Forkilicous\n|player|p1|\n|j|\u2606Forkilicous\n|player|p1|Forkilicous|rocketgruntf|\n",
  "uploadtime": 1776535463,
  "views": 26,
  "formatid": "gen9championsvgc2026regma",
  "rating": 1061,
  "private": 0,
  "password": null
}