{
  "id": "gen9championsvgc2026regma-2587439142",
  "format": "[Gen 9 Champions] VGC 2026 Reg M-A",
  "players": [
    "lublh",
    "Unwelcome School"
  ],
  "log": "|j|\u2606lublh\n|j|\u2606Unwelcome School\n|t:|1776531896\n|gametype|doubles\n|player|p1|lublh|1|1226\n|player|p2|Unwelcome School|emmet|1145\n|gen|9\n|tier|[Gen 9 Champions] VGC 2026 Reg M-A\n|rated|\n|rule|Species Clause: Limit one of each Pok\u00e9mon\n|rule|Item Clause: Limit 1 of each item\n|clearpoke\n|poke|p1|Aggron, L50, F|\n|poke|p1|Incineroar, L50, M|\n|poke|p1|Sinistcha, L50|\n|poke|p1|Sneasler, L50, F|\n|poke|p1|Tyranitar, L50, F|\n|poke|p1|Basculegion, L50, M|\n|poke|p2|Floette-Eternal, L50, F|\n|poke|p2|Incineroar, L50, F|\n|poke|p2|Snorlax, L50, F|\n|poke|p2|Basculegion, L50, M|\n|poke|p2|Ariados, L50, F|\n|poke|p2|Kommo-o, L50, M|\n|teampreview|4\n|inactive|Battle timer is ON: inactive players will automatically lose when time's up. (requested by Unwelcome School)\n|inactive|Unwelcome School has 60 seconds left.\n|\n|t:|1776531928\n|teamsize|p1|4\n|teamsize|p2|4\n|start\n|switch|p1a: Aggron|Aggron, L50, F|100/100\n|switch|p1b: Sneasler|Sneasler, L50, F|100/100\n|switch|p2a: Incineroar|Incineroar, L50, F|100/100\n|switch|p2b: Kommo-o|Kommo-o, L50, M|100/100\n|-ability|p2a: Incineroar|Intimidate|boost\n|-unboost|p1a: Aggron|atk|1\n|-unboost|p1b: Sneasler|atk|1\n|-enditem|p1b: Sneasler|White Herb\n|-clearnegativeboost|p1b: Sneasler|[silent]\n|turn|1\n|inactive|lublh has 30 seconds left.\n|inactive|Unwelcome School has 30 seconds left.\n|\n|t:|1776531956\n|detailschange|p1a: Aggron|Aggron-Mega, L50, F\n|-mega|p1a: Aggron|Aggron|Aggronite\n|move|p1b: Sneasler|Fake Out|p2b: Kommo-o\n|-damage|p2b: Kommo-o|88/100\n|move|p2a: Incineroar|Fake Out|p1a: Aggron\n|-resisted|p1a: Aggron|1\n|-damage|p1a: Aggron|98/100\n|cant|p2b: Kommo-o|flinch\n|cant|p1a: Aggron|flinch\n|\n|-heal|p2b: Kommo-o|94/100|[from] item: Leftovers\n|upkeep\n|turn|2\n|\n|t:|1776531972\n|move|p1b: Sneasler|Close Combat|p2a: Incineroar\n|-supereffective|p2a: Incineroar|1\n|-damage|p2a: Incineroar|0 fnt\n|-unboost|p1b: Sneasler|def|1\n|-unboost|p1b: Sneasler|spd|1\n|faint|p2a: Incineroar\n|move|p2b: Kommo-o|Aura Sphere|p1a: Aggron\n|-supereffective|p1a: Aggron|1\n|-damage|p1a: Aggron|52/100\n|move|p1a: Aggron|Iron Defense|p1a: Aggron\n|-boost|p1a: Aggron|def|2\n|\n|-heal|p2b: Kommo-o|100/100|[from] item: Leftovers\n|upkeep\n|\n|t:|1776531986\n|switch|p2a: Basculegion|Basculegion, L50, M|100/100\n|turn|3\n|\n|t:|1776532010\n|switch|p1b: Sinistcha|Sinistcha, L50|100/100\n|-heal|p1a: Aggron|77/100|[from] ability: Hospitality|[of] p1b: Sinistcha\n|move|p2a: Basculegion|Last Respects|p1b: Sinistcha\n|-supereffective|p1b: Sinistcha|1\n|-damage|p1b: Sinistcha|0 fnt\n|faint|p1b: Sinistcha\n|move|p2b: Kommo-o|Clanging Scales|p1a: Aggron\n|-resisted|p1a: Aggron|1\n|-damage|p1a: Aggron|54/100\n|-unboost|p2b: Kommo-o|def|1\n|move|p1a: Aggron|Iron Defense|p1a: Aggron\n|-boost|p1a: Aggron|def|2\n|\n|upkeep\n|\n|t:|1776532027\n|switch|p1b: Sneasler|Sneasler, L50, F|100/100\n|turn|4\n|\n|t:|1776532047\n|move|p2b: Kommo-o|Protect|p2b: Kommo-o\n|-singleturn|p2b: Kommo-o|Protect\n|move|p1b: Sneasler|Dire Claw|p2a: Basculegion\n|-resisted|p2a: Basculegion|1\n|-damage|p2a: Basculegion|73/100\n|move|p2a: Basculegion|Last Respects|p1b: Sneasler\n|-damage|p1b: Sneasler|0 fnt\n|faint|p1b: Sneasler\n|move|p1a: Aggron|Body Press|p2b: Kommo-o\n|-activate|p2b: Kommo-o|move: Protect\n|\n|upkeep\n|\n|t:|1776532058\n|switch|p1b: Incineroar|Incineroar, L50, M|100/100\n|-ability|p1b: Incineroar|Intimidate|boost\n|-unboost|p2a: Basculegion|atk|1\n|-unboost|p2b: Kommo-o|atk|1\n|turn|5\n|\n|t:|1776532073\n|move|p2b: Kommo-o|Protect||[still]\n|-fail|p2b: Kommo-o\n|move|p1b: Incineroar|Fake Out|p2b: Kommo-o\n|-damage|p2b: Kommo-o|86/100\n|move|p2a: Basculegion|Wave Crash|p1b: Incineroar\n|-supereffective|p1b: Incineroar|1\n|-damage|p1b: Incineroar|1/100\n|-damage|p2a: Basculegion|39/100|[from] Recoil\n|move|p1a: Aggron|Body Press|p2b: Kommo-o\n|-damage|p2b: Kommo-o|0 fnt\n|faint|p2b: Kommo-o\n|\n|-heal|p1b: Incineroar|7/100|[from] item: Leftovers\n|upkeep\n|\n|t:|1776532076\n|switch|p2b: Floette|Floette-Eternal, L50, F|100/100\n|turn|6\n|c|\u2606Unwelcome School|gg\n|inactive|lublh has 30 seconds left.\n|\n|t:|1776532102\n|detailschange|p2b: Floette|Floette-Mega, L50, F\n|-mega|p2b: Floette|Floette|Floettite\n|-ability|p2b: Floette|Fairy Aura\n|move|p2b: Floette|Dazzling Gleam|p1b: Incineroar|[spread] p1a,p1b\n|-resisted|p1a: Aggron|1\n|-damage|p1a: Aggron|34/100\n|-damage|p1b: Incineroar|0 fnt\n|faint|p1b: Incineroar\n|move|p2a: Basculegion|Last Respects|p1a: Aggron\n|-damage|p1a: Aggron|22/100\n|move|p1a: Aggron|Heavy Slam|p2b: Floette\n|-supereffective|p2b: Floette|1\n|-damage|p2b: Floette|35/100\n|\n|upkeep\n|turn|7\n|\n|t:|1776532117\n|move|p2b: Floette|Light of Ruin|p1a: Aggron\n|-resisted|p1a: Aggron|1\n|-damage|p1a: Aggron|0 fnt\n|faint|p1a: Aggron\n|-damage|p2b: Floette|22/100|[from] Recoil\n|\n|win|Unwelcome School\n|raw|lublh's rating: 1226 &rarr; <strong>1195</strong><br />(-31 for losing)\n|raw|Unwelcome School's rating: 1145 &rarr; <strong>1176</strong><br />(+31 for winning)\n|l|\u2606lublh\n|player|p1|\n",
  "uploadtime": 1776532133,
  "views": 12,
  "formatid": "gen9championsvgc2026regma",
  "rating": 1176,
  "private": 0,
  "password": null
}