{
  "id": "gen9championsvgc2026regma-2586114837",
  "format": "[Gen 9 Champions] VGC 2026 Reg M-A",
  "players": [
    "RACCQQNDOG",
    "fallen_whimmy"
  ],
  "log": "|j|\u2606RACCQQNDOG\n|j|\u2606fallen_whimmy\n|t:|1776400747\n|gametype|doubles\n|player|p1|RACCQQNDOG|lucas|1083\n|player|p2|fallen_whimmy|170|1183\n|gen|9\n|tier|[Gen 9 Champions] VGC 2026 Reg M-A\n|rated|\n|rule|Species Clause: Limit one of each Pok\u00e9mon\n|rule|Item Clause: Limit 1 of each item\n|clearpoke\n|poke|p1|Steelix, L50, M|\n|poke|p1|Klefki, L50, M|\n|poke|p1|Empoleon, L50, M|\n|poke|p1|Incineroar, L50, M|\n|poke|p1|Rotom-Wash, L50|\n|poke|p1|Garchomp, L50, M|\n|poke|p2|Aggron, L50, F|\n|poke|p2|Oranguru, L50, M|\n|poke|p2|Golurk, L50|\n|poke|p2|Sinistcha, L50|\n|poke|p2|Corviknight, L50, M|\n|poke|p2|Conkeldurr, L50, F|\n|teampreview|4\n|\n|t:|1776400773\n|teamsize|p1|4\n|teamsize|p2|4\n|start\n|switch|p1a: Klefki|Klefki, L50, M, shiny|100/100\n|switch|p1b: Incineroar|Incineroar, L50, M|100/100\n|switch|p2a: Corviknight|Corviknight, L50, M|100/100\n|switch|p2b: Sinistcha|Sinistcha, L50|100/100\n|-ability|p1b: Incineroar|Intimidate|boost\n|-ability|p2a: Corviknight|Mirror Armor\n|-unboost|p1b: Incineroar|atk|1\n|-unboost|p2b: Sinistcha|atk|1\n|turn|1\n|\n|t:|1776400807\n|move|p2a: Corviknight|Protect|p2a: Corviknight\n|-singleturn|p2a: Corviknight|Protect\n|move|p1b: Incineroar|Fake Out|p2a: Corviknight\n|-activate|p2a: Corviknight|move: Protect\n|move|p1a: Klefki|Calm Mind|p1a: Klefki\n|-boost|p1a: Klefki|spa|1\n|-boost|p1a: Klefki|spd|1\n|move|p2b: Sinistcha|Trick Room|p2b: Sinistcha\n|-fieldstart|move: Trick Room|[of] p2b: Sinistcha\n|\n|upkeep\n|turn|2\n|\n|t:|1776400827\n|switch|p2b: Golurk|Golurk, L50|100/100\n|move|p2a: Corviknight|Iron Head|p1a: Klefki\n|-damage|p1a: Klefki|74/100\n|move|p1b: Incineroar|Flare Blitz|p2a: Corviknight\n|-supereffective|p2a: Corviknight|1\n|-damage|p2a: Corviknight|54/100\n|-damage|p1b: Incineroar|87/100|[from] Recoil\n|move|p1a: Klefki|Dazzling Gleam|p2b: Golurk|[spread] p2a,p2b\n|-resisted|p2a: Corviknight|1\n|-damage|p2a: Corviknight|41/100\n|-damage|p2b: Golurk|74/100\n|\n|-heal|p1a: Klefki|80/100|[from] item: Leftovers\n|upkeep\n|turn|3\n|\n|t:|1776400862\n|detailschange|p2b: Golurk|Golurk-Mega, L50\n|-mega|p2b: Golurk|Golurk|Golurkite\n|move|p1a: Klefki|Calm Mind|p1a: Klefki\n|-boost|p1a: Klefki|spa|1\n|-boost|p1a: Klefki|spd|1\n|move|p2b: Golurk|Earthquake|p1b: Incineroar|[spread] p1a,p1b\n|-immune|p2a: Corviknight\n|-supereffective|p1a: Klefki|1\n|-supereffective|p1b: Incineroar|1\n|-damage|p1a: Klefki|0 fnt\n|-damage|p1b: Incineroar|2/100\n|-enditem|p1b: Incineroar|Sitrus Berry|[eat]\n|-heal|p1b: Incineroar|27/100|[from] item: Sitrus Berry\n|faint|p1a: Klefki\n|move|p2a: Corviknight|U-turn|p1b: Incineroar\n|-damage|p1b: Incineroar|12/100\n|\n|t:|1776400877\n|switch|p2a: Sinistcha|Sinistcha, L50|100/100|[from] U-turn\n|-heal|p2b: Golurk|99/100|[from] ability: Hospitality|[of] p2a: Sinistcha\n|move|p1b: Incineroar|Flare Blitz|p2a: Sinistcha\n|-supereffective|p2a: Sinistcha|1\n|-damage|p2a: Sinistcha|47/100\n|-enditem|p2a: Sinistcha|Sitrus Berry|[eat]\n|-heal|p2a: Sinistcha|71/100|[from] item: Sitrus Berry\n|-damage|p1b: Incineroar|0 fnt|[from] Recoil\n|faint|p1b: Incineroar\n|\n|upkeep\n|\n|t:|1776400888\n|switch|p1b: Empoleon|Empoleon, L50, M|100/100\n|switch|p1a: Steelix|Steelix, L50, M, shiny|100/100\n|turn|4\n|inactive|Battle timer is ON: inactive players will automatically lose when time's up. (requested by fallen_whimmy)\n|\n|t:|1776400913\n|detailschange|p1a: Steelix|Steelix-Mega, L50, M, shiny\n|-mega|p1a: Steelix|Steelix|Steelixite\n|move|p2b: Golurk|Protect|p2b: Golurk\n|-singleturn|p2b: Golurk|Protect\n|move|p1b: Empoleon|Protect|p1b: Empoleon\n|-singleturn|p1b: Empoleon|Protect\n|move|p1a: Steelix|Earthquake|p2a: Sinistcha|[spread] p2a\n|-activate|p1b: Empoleon|move: Protect\n|-activate|p2b: Golurk|move: Protect\n|-resisted|p2a: Sinistcha|1\n|-crit|p2a: Sinistcha\n|-damage|p2a: Sinistcha|48/100\n|move|p2a: Sinistcha|Matcha Gotcha|p1a: Steelix|[spread] p1a\n|-activate|p1b: Empoleon|move: Protect\n|-damage|p1a: Steelix|75/100\n|-heal|p2a: Sinistcha|61/100|[from] drain|[of] p1a: Steelix\n|\n|upkeep\n|turn|5\n|inactive|RACCQQNDOG has 30 seconds left.\n|inactive|fallen_whimmy has 30 seconds left.\n|-activate|p1b: Empoleon|item: Quick Claw\n|\n|t:|1776400947\n|move|p1b: Empoleon|Flash Cannon|p2b: Golurk\n|-damage|p2b: Golurk|61/100\n|-unboost|p2b: Golurk|spd|1\n|move|p1a: Steelix|Rock Slide|p2a: Sinistcha|[spread] p2a,p2b\n|-resisted|p2b: Golurk|1\n|-damage|p2a: Sinistcha|45/100\n|-damage|p2b: Golurk|52/100\n|move|p2b: Golurk|Earthquake|p1a: Steelix|[spread] p2a,p1a,p1b\n|-resisted|p2a: Sinistcha|1\n|-supereffective|p1a: Steelix|1\n|-supereffective|p1b: Empoleon|1\n|-damage|p2a: Sinistcha|28/100\n|-damage|p1a: Steelix|26/100\n|-damage|p1b: Empoleon|0 fnt\n|faint|p1b: Empoleon\n|move|p2a: Sinistcha|Life Dew|p2a: Sinistcha|[spread] p2a,p2b\n|-heal|p2a: Sinistcha|53/100\n|-heal|p2b: Golurk|77/100\n|\n|-fieldend|move: Trick Room\n|upkeep\n|turn|6\n|\n|t:|1776400968\n|move|p2a: Sinistcha|Matcha Gotcha|p1a: Steelix\n|-damage|p1a: Steelix|0 fnt\n|-heal|p2a: Sinistcha|66/100|[from] drain|[of] p1a: Steelix\n|faint|p1a: Steelix\n|\n|win|fallen_whimmy\n|raw|RACCQQNDOG's rating: 1083 &rarr; <strong>1067</strong><br />(-16 for losing)\n|raw|fallen_whimmy's rating: 1183 &rarr; <strong>1201</strong><br />(+18 for winning)\n|l|\u2606RACCQQNDOG\n|player|p1|\n",
  "uploadtime": 1776401062,
  "views": 21,
  "formatid": "gen9championsvgc2026regma",
  "rating": 1067,
  "private": 0,
  "password": null
}