{
  "id": "gen9championsvgc2026regma-2583363582",
  "format": "[Gen 9 Champions] VGC 2026 Reg M-A",
  "players": [
    "Jah_08",
    "San gerger"
  ],
  "log": "|j|\u2606Jah_08\n|j|\u2606San gerger\n|t:|1776170311\n|gametype|doubles\n|player|p1|Jah_08|alder|1396\n|player|p2|San gerger|169|1467\n|gen|9\n|tier|[Gen 9 Champions] VGC 2026 Reg M-A\n|rated|\n|rule|Species Clause: Limit one of each Pok\u00e9mon\n|rule|Item Clause: Limit 1 of each item\n|clearpoke\n|poke|p1|Excadrill, L50, M|\n|poke|p1|Whimsicott, L50, M|\n|poke|p1|Chandelure, L50, M|\n|poke|p1|Zoroark-Hisui, L50, M|\n|poke|p1|Basculegion, L50, M|\n|poke|p1|Conkeldurr, L50, M|\n|poke|p2|Delphox, L50, F|\n|poke|p2|Floette-Eternal, L50, F|\n|poke|p2|Aerodactyl, L50, F|\n|poke|p2|Basculegion-F, L50, F|\n|poke|p2|Sneasler, L50, F|\n|poke|p2|Kingambit, L50, M|\n|teampreview|4\n|inactive|Battle timer is ON: inactive players will automatically lose when time's up. (requested by San gerger)\nJah_08 rejected open team sheets.\n|c|\u2606Jah_08|gl hf\n|\n|t:|1776170349\n|teamsize|p1|4\n|teamsize|p2|4\n|start\n|switch|p1a: Whimsicott|Whimsicott, L50, M, shiny|100/100\n|switch|p1b: Excadrill|Excadrill, L50, M|100/100\n|switch|p2a: Basculegion|Basculegion-F, L50, F|100/100\n|switch|p2b: Aerodactyl|Aerodactyl, L50, F|100/100\n|-ability|p2b: Aerodactyl|Unnerve\n|-ability|p1b: Excadrill|Mold Breaker\n|turn|1\n|\n|t:|1776170373\n|move|p1b: Excadrill|Protect|p1b: Excadrill\n|-singleturn|p1b: Excadrill|Protect\n|move|p1a: Whimsicott|Tailwind|p1a: Whimsicott\n|-sidestart|p1: Jah_08|move: Tailwind\n|move|p2a: Basculegion|Muddy Water|p1a: Whimsicott|[spread] \n|-activate|p1b: Excadrill|move: Protect\n|-miss|p2a: Basculegion|p1a: Whimsicott\n|move|p2b: Aerodactyl|Dual Wingbeat|p1a: Whimsicott\n|-supereffective|p1a: Whimsicott|1\n|-damage|p1a: Whimsicott|57/100\n|-supereffective|p1a: Whimsicott|1\n|-damage|p1a: Whimsicott|14/100\n|-hitcount|p1a: Whimsicott|2\n|\n|upkeep\n|turn|2\n|j| jibaobao\n|inactive|Jah_08 has 30 seconds left.\n|\n|t:|1776170407\n|move|p1a: Whimsicott|Moonblast|p2b: Aerodactyl\n|-damage|p2b: Aerodactyl|50/100\n|move|p1b: Excadrill|Rock Slide|p2a: Basculegion|[spread] p2a,p2b\n|-supereffective|p2b: Aerodactyl|1\n|-damage|p2a: Basculegion|75/100\n|-damage|p2b: Aerodactyl|0 fnt\n|faint|p2b: Aerodactyl\n|cant|p2a: Basculegion|flinch\n|\n|upkeep\n|\n|t:|1776170430\n|switch|p2b: Floette|Floette-Eternal, L50, F|100/100\n|turn|3\n|\n|t:|1776170445\n|detailschange|p2b: Floette|Floette-Mega, L50, F\n|-mega|p2b: Floette|Floette|Floettite\n|-ability|p2b: Floette|Fairy Aura\n|move|p1a: Whimsicott|Moonblast|p2a: Basculegion\n|-damage|p2a: Basculegion|17/100\n|move|p1b: Excadrill|Iron Head|p2b: Floette\n|-supereffective|p2b: Floette|1\n|-damage|p2b: Floette|20/100\n|move|p2a: Basculegion|Muddy Water|p1b: Excadrill|[spread] p1b\n|-miss|p2a: Basculegion|p1a: Whimsicott\n|-supereffective|p1b: Excadrill|1\n|-enditem|p1b: Excadrill|Focus Sash\n|-damage|p1b: Excadrill|1/100\n|move|p2b: Floette|Dazzling Gleam|p1b: Excadrill|[spread] p1a,p1b\n|-resisted|p1b: Excadrill|1\n|-damage|p1a: Whimsicott|0 fnt\n|-damage|p1b: Excadrill|0 fnt\n|faint|p1a: Whimsicott\n|faint|p1b: Excadrill\n|\n|upkeep\n|inactive|Jah_08 has 30 seconds left.\n|\n|t:|1776170470\n|switch|p1a: Conkeldurr|Conkeldurr, L50, M, shiny|100/100\n|switch|p1b: Basculegion|Basculegion, L50, M|100/100\n|turn|4\n|inactive|Jah_08 has 30 seconds left.\n|j| sileshar\n|\n|t:|1776170502\n|switch|p2a: Sneasler|Sneasler, L50, F|100/100\n|move|p2b: Floette|Protect|p2b: Floette\n|-singleturn|p2b: Floette|Protect\n|move|p1a: Conkeldurr|Wide Guard|p1a: Conkeldurr\n|-singleturn|p1a: Conkeldurr|Wide Guard\n|move|p1b: Basculegion|Last Respects|p2a: Sneasler\n|-damage|p2a: Sneasler|0 fnt\n|faint|p2a: Sneasler\n|\n|-sideend|p1: Jah_08|move: Tailwind\n|upkeep\n|\n|t:|1776170512\n|switch|p2a: Basculegion|Basculegion-F, L50, F|17/100\n|turn|5\n|\n|t:|1776170522\n|move|p1a: Conkeldurr|Mach Punch|p2b: Floette\n|-resisted|p2b: Floette|1\n|-damage|p2b: Floette|6/100\n|move|p2a: Basculegion|Shadow Ball|p1b: Basculegion\n|-supereffective|p1b: Basculegion|1\n|-damage|p1b: Basculegion|0 fnt\n|faint|p1b: Basculegion\n|move|p2b: Floette|Moonblast|p1a: Conkeldurr\n|-supereffective|p1a: Conkeldurr|1\n|-damage|p1a: Conkeldurr|0 fnt\n|faint|p1a: Conkeldurr\n|\n|win|San gerger\n|raw|Jah_08's rating: 1396 &rarr; <strong>1380</strong><br />(-16 for losing)\n|raw|San gerger's rating: 1467 &rarr; <strong>1483</strong><br />(+16 for winning)\n|l|\u2606San gerger\n|player|p2|\n",
  "uploadtime": 1776170535,
  "views": 43,
  "formatid": "gen9championsvgc2026regma",
  "rating": 1380,
  "private": 0,
  "password": null
}