{
  "id": "gen9championsvgc2026regma-2589403901",
  "format": "[Gen 9 Champions] VGC 2026 Reg M-A",
  "players": [
    "sharoomba",
    "aroswing"
  ],
  "log": "|j|\u2606sharoomba\n|j|\u2606aroswing\n|t:|1776720161\n|gametype|doubles\n|player|p1|sharoomba|1|1245\n|player|p2|aroswing|marnie|1324\n|gen|9\n|tier|[Gen 9 Champions] VGC 2026 Reg M-A\n|rated|\n|rule|Species Clause: Limit one of each Pok\u00e9mon\n|rule|Item Clause: Limit 1 of each item\n|clearpoke\n|poke|p1|Kangaskhan, L50, F|\n|poke|p1|Farigiraf, L50, F|\n|poke|p1|Glimmora, L50, M|\n|poke|p1|Aegislash, L50, M|\n|poke|p1|Dragonite, L50, M|\n|poke|p1|Gyarados, L50, F|\n|poke|p2|Sneasler, L50, F|\n|poke|p2|Pelipper, L50, M|\n|poke|p2|Meganium, L50, M|\n|poke|p2|Archaludon, L50, M|\n|poke|p2|Dragonite, L50, F|\n|poke|p2|Basculegion, L50, M|\n|teampreview|4\n|inactive|Battle timer is ON: inactive players will automatically lose when time's up. (requested by aroswing)\n|inactive|sharoomba also wants the timer to be on.\n|inactive|sharoomba has 60 seconds left.\n|inactive|aroswing has 60 seconds left.\n|\n|t:|1776720221\n|teamsize|p1|4\n|teamsize|p2|4\n|start\n|switch|p1a: Dragonite|Dragonite, L50, M|100/100\n|switch|p1b: Gyarados|Gyarados, L50, F|100/100\n|switch|p2a: Archaludon|Archaludon, L50, M|100/100\n|switch|p2b: Basculegion|Basculegion, L50, M|100/100\n|-ability|p1b: Gyarados|Intimidate|boost\n|-unboost|p2a: Archaludon|atk|1\n|-unboost|p2b: Basculegion|atk|1\n|turn|1\n|inactive|sharoomba has 30 seconds left.\n|inactive|sharoomba has 20 seconds left.\n|inactive|aroswing has 30 seconds left.\n|\n|t:|1776720261\n|move|p1b: Gyarados|Protect|p1b: Gyarados\n|-singleturn|p1b: Gyarados|Protect\n|move|p1a: Dragonite|Protect|p1a: Dragonite\n|-singleturn|p1a: Dragonite|Protect\n|move|p2b: Basculegion|Flip Turn|p1a: Dragonite\n|-activate|p1a: Dragonite|move: Protect\n|move|p2a: Archaludon|Draco Meteor|p1a: Dragonite\n|-activate|p1a: Dragonite|move: Protect\n|\n|upkeep\n|turn|2\n|inactive|sharoomba has 30 seconds left.\n|\n|t:|1776720287\n|switch|p1a: Aegislash|Aegislash, L50, M|100/100\n|move|p2b: Basculegion|Flip Turn|p1a: Aegislash\n|-damage|p1a: Aegislash|81/100\n|\n|t:|1776720291\n|switch|p2b: Pelipper|Pelipper, L50, M|100/100|[from] Flip Turn\n|-weather|RainDance|[from] ability: Drizzle|[of] p2b: Pelipper\n|move|p2a: Archaludon|Electro Shot||[still]\n|-prepare|p2a: Archaludon|Electro Shot\n|-boost|p2a: Archaludon|spa|1\n|-anim|p2a: Archaludon|Electro Shot|p1b: Gyarados\n|-supereffective|p1b: Gyarados|2\n|-damage|p1b: Gyarados|0 fnt\n|faint|p1b: Gyarados\n|\n|-weather|RainDance|[upkeep]\n|upkeep\n|\n|t:|1776720299\n|switch|p1b: Farigiraf|Farigiraf, L50, F|100/100\n|turn|3\n|\n|t:|1776720310\n|move|p2a: Archaludon|Electro Shot||[still]\n|-prepare|p2a: Archaludon|Electro Shot\n|-boost|p2a: Archaludon|spa|1\n|-anim|p2a: Archaludon|Electro Shot|p1b: Farigiraf\n|-damage|p1b: Farigiraf|30/100\n|move|p2b: Pelipper|Weather Ball|p1b: Farigiraf\n|-damage|p1b: Farigiraf|0 fnt\n|faint|p1b: Farigiraf\n|-formechange|p1a: Aegislash|Aegislash-Blade|\n|move|p1a: Aegislash|Shadow Ball|p2a: Archaludon\n|-damage|p2a: Archaludon|24/100\n|-unboost|p2a: Archaludon|spd|1\n|\n|-weather|RainDance|[upkeep]\n|upkeep\n|\n|t:|1776720316\n|switch|p1b: Dragonite|Dragonite, L50, M|100/100\n|turn|4\n|\n|t:|1776720339\n|detailschange|p1b: Dragonite|Dragonite-Mega, L50, M\n|-mega|p1b: Dragonite|Dragonite|Dragoninite\n|move|p2a: Archaludon|Protect|p2a: Archaludon\n|-singleturn|p2a: Archaludon|Protect\n|move|p2b: Pelipper|Tailwind|p2b: Pelipper\n|-sidestart|p2: aroswing|move: Tailwind\n|move|p1b: Dragonite|Hurricane|p2a: Archaludon\n|-activate|p2a: Archaludon|move: Protect\n|move|p1a: Aegislash|Shadow Ball|p2b: Pelipper\n|-damage|p2b: Pelipper|21/100\n|\n|-weather|RainDance|[upkeep]\n|upkeep\n|turn|5\n|inactive|sharoomba has 30 seconds left.\n|inactive|aroswing has 30 seconds left.\n|inactive|sharoomba has 20 seconds left.\n|inactive|sharoomba has 15 seconds left.\n|\n|t:|1776720380\n|move|p1b: Dragonite|Protect|p1b: Dragonite\n|-singleturn|p1b: Dragonite|Protect\n|move|p1a: Aegislash|Shadow Sneak|p2a: Archaludon\n|-damage|p2a: Archaludon|9/100\n|move|p2a: Archaludon|Electro Shot||[still]\n|-prepare|p2a: Archaludon|Electro Shot\n|-boost|p2a: Archaludon|spa|1\n|-anim|p2a: Archaludon|Electro Shot|p1a: Aegislash\n|-damage|p1a: Aegislash|0 fnt\n|faint|p1a: Aegislash\n|move|p2b: Pelipper|Hurricane|p1b: Dragonite\n|-activate|p1b: Dragonite|move: Protect\n|\n|-weather|RainDance|[upkeep]\n|upkeep\n|turn|6\n|-message|sharoomba forfeited.\n|\n|win|aroswing\n|raw|sharoomba's rating: 1245 &rarr; <strong>1226</strong><br />(-19 for losing)\n|raw|aroswing's rating: 1324 &rarr; <strong>1340</strong><br />(+16 for winning)\n|l|\u2606sharoomba\n|player|p1|\n",
  "uploadtime": 1776720395,
  "views": 6,
  "formatid": "gen9championsvgc2026regma",
  "rating": 1226,
  "private": 0,
  "password": null
}