{
  "id": "gen9championsvgc2026regma-2581286193",
  "format": "[Gen 9 Champions] VGC 2026 Reg M-A",
  "players": [
    "gamaboy",
    "I\u2764\ufe0f\u5a1c\u7984Forever"
  ],
  "log": "|j|\u2606gamaboy\n|j|\u2606I\u2764\ufe0f\u5a1c\u7984Forever\n|t:|1775981468\n|gametype|doubles\n|player|p1|gamaboy|blue-masters|\n|player|p2|I\u2764\ufe0f\u5a1c\u7984Forever|youngcouple-gen4dp|\n|gen|9\n|tier|[Gen 9 Champions] VGC 2026 Reg M-A\n|rated|Tournament battle\n|rule|Species Clause: Limit one of each Pok\u00e9mon\n|rule|Item Clause: Limit 1 of each item\n|clearpoke\n|poke|p1|Delphox, L50, F|\n|poke|p1|Basculegion, L50, M|\n|poke|p1|Garchomp, L50, F|\n|poke|p1|Orthworm, L50, M|\n|poke|p1|Incineroar, L50, F|\n|poke|p1|Blastoise, L50, F|\n|poke|p2|Tyranitar, L50, F|\n|poke|p2|Milotic, L50, M|\n|poke|p2|Sylveon, L50, M|\n|poke|p2|Zoroark-Hisui, L50, M|\n|poke|p2|Excadrill, L50, F|\n|poke|p2|Wyrdeer, L50, M|\n|teampreview|4\n|inactive|Battle timer is ON: inactive players will automatically lose when time's up. (requested by gamaboy)\n|j| reanschawrzer\n|inactive|gamaboy has 60 seconds left.\n|inactive|I\u2764\ufe0f\u5a1c\u7984Forever has 60 seconds left.\n|c|\u2606gamaboy|I love Naru forever\n|c|\u2606gamaboy|Hmm\n|\n|t:|1775981525\n|teamsize|p1|4\n|teamsize|p2|4\n|start\n|switch|p1a: Orthworm|Orthworm, L50, M|100/100\n|switch|p1b: Garchomp|Garchomp, L50, F|100/100\n|switch|p2a: Neko Neko.NeNe|Sylveon, L50, M|100/100\n|switch|p2b: Milotic|Milotic, L50, M|100/100\n|turn|1\n|\n|t:|1775981547\n|move|p2a: Neko Neko.NeNe|Taunt|p1a: Orthworm\n|-start|p1a: Orthworm|move: Taunt\n|move|p1b: Garchomp|Earthquake|p2a: Neko Neko.NeNe|[spread] p2a,p2b\n|-immune|p1a: Orthworm|[from] ability: Earth Eater\n|-crit|p2b: Milotic\n|-damage|p2a: Neko Neko.NeNe|17/100\n|-damage|p2b: Milotic|54/100\n|replace|p2a: Zoroark|Zoroark-Hisui, L50, M\n|-end|p2a: Zoroark|Illusion\n|move|p2b: Milotic|Ice Beam|p1b: Garchomp\n|-supereffective|p1b: Garchomp|2\n|-damage|p1b: Garchomp|5/100\n|cant|p1a: Orthworm|move: Taunt|Shed Tail\n|\n|-heal|p2b: Milotic|60/100|[from] item: Leftovers\n|upkeep\n|turn|2\n|\n|t:|1775981569\n|move|p2a: Zoroark|Hyper Voice|p1b: Garchomp|[spread] p1a,p1b\n|-resisted|p1a: Orthworm|1\n|-damage|p1a: Orthworm|82/100\n|-damage|p1b: Garchomp|0 fnt\n|faint|p1b: Garchomp\n|move|p2b: Milotic|Substitute|p2b: Milotic\n|-start|p2b: Milotic|Substitute\n|-damage|p2b: Milotic|35/100\n|move|p1a: Orthworm|Body Press|p2b: Milotic\n|-end|p2b: Milotic|Substitute\n|\n|-heal|p2b: Milotic|41/100|[from] item: Leftovers\n|upkeep\n|j| lilmuncle\n|\n|t:|1775981585\n|switch|p1b: Basculegion|Basculegion, L50, M|100/100\n|turn|3\n|j| mysticmarshtomp\n|\n|t:|1775981599\n|switch|p2a: Tyranitar|Tyranitar, L50, F|100/100\n|-weather|Sandstorm|[from] ability: Sand Stream|[of] p2a: Tyranitar\n|move|p1b: Basculegion|Aqua Jet|p2a: Tyranitar\n|-supereffective|p2a: Tyranitar|1\n|-damage|p2a: Tyranitar|56/100\n|move|p2b: Milotic|Scald|p1a: Orthworm\n|-damage|p1a: Orthworm|45/100\n|-enditem|p1a: Orthworm|Sitrus Berry|[eat]\n|-heal|p1a: Orthworm|70/100|[from] item: Sitrus Berry\n|move|p1a: Orthworm|Body Press|p2b: Milotic\n|-damage|p2b: Milotic|18/100\n|\n|-weather|Sandstorm|[upkeep]\n|-damage|p1b: Basculegion|94/100|[from] Sandstorm\n|-damage|p2b: Milotic|12/100|[from] Sandstorm\n|-heal|p2b: Milotic|18/100|[from] item: Leftovers\n|-end|p1a: Orthworm|move: Taunt\n|upkeep\n|turn|4\n|j| aurora ltd\n|\n|t:|1775981621\n|detailschange|p2a: Tyranitar|Tyranitar-Mega, L50, F\n|-mega|p2a: Tyranitar|Tyranitar|Tyranitarite\n|move|p1b: Basculegion|Aqua Jet|p2a: Tyranitar\n|-supereffective|p2a: Tyranitar|1\n|-damage|p2a: Tyranitar|23/100\n|move|p2b: Milotic|Scald|p1a: Orthworm\n|-damage|p1a: Orthworm|32/100\n|move|p2a: Tyranitar|Crunch|p1b: Basculegion\n|-supereffective|p1b: Basculegion|1\n|-damage|p1b: Basculegion|0 fnt\n|faint|p1b: Basculegion\n|move|p1a: Orthworm|Body Press|p2a: Tyranitar\n|-supereffective|p2a: Tyranitar|2\n|-damage|p2a: Tyranitar|0 fnt\n|faint|p2a: Tyranitar\n|\n|-weather|Sandstorm|[upkeep]\n|-damage|p2b: Milotic|12/100|[from] Sandstorm\n|-heal|p2b: Milotic|18/100|[from] item: Leftovers\n|upkeep\n|\n|t:|1775981636\n|switch|p1b: Blastoise|Blastoise, L50, F|100/100\n|switch|p2a: Neko Neko.NeNe|Sylveon, L50, M|17/100\n|turn|5\n|\n|t:|1775981658\n|detailschange|p1b: Blastoise|Blastoise-Mega, L50, F\n|-mega|p1b: Blastoise|Blastoise|Blastoisinite\n|move|p2a: Neko Neko.NeNe|Protect|p2a: Neko Neko.NeNe\n|-singleturn|p2a: Neko Neko.NeNe|Protect\n|move|p2b: Milotic|Protect|p2b: Milotic\n|-singleturn|p2b: Milotic|Protect\n|move|p1b: Blastoise|Dark Pulse|p2a: Neko Neko.NeNe\n|-activate|p2a: Neko Neko.NeNe|move: Protect\n|move|p1a: Orthworm|Heavy Slam|p2a: Neko Neko.NeNe\n|-activate|p2a: Neko Neko.NeNe|move: Protect\n|\n|-weather|Sandstorm|[upkeep]\n|-damage|p2a: Neko Neko.NeNe|11/100|[from] Sandstorm\n|-damage|p1b: Blastoise|95/100|[from] Sandstorm\n|-damage|p2b: Milotic|12/100|[from] Sandstorm\n|-heal|p2b: Milotic|18/100|[from] item: Leftovers\n|upkeep\n|turn|6\n|inactive|gamaboy has 30 seconds left.\n|\n|t:|1775981683\n|move|p2a: Neko Neko.NeNe|Hyper Voice|p1b: Blastoise|[spread] p1a,p1b\n|-resisted|p1a: Orthworm|1\n|-damage|p1a: Orthworm|13/100\n|-damage|p1b: Blastoise|56/100\n|move|p1b: Blastoise|Dark Pulse|p2a: Neko Neko.NeNe\n|-supereffective|p2a: Neko Neko.NeNe|1\n|-damage|p2a: Neko Neko.NeNe|0 fnt\n|replace|p2a: Zoroark|Zoroark-Hisui, L50, M\n|-end|p2a: Zoroark|Illusion\n|faint|p2a: Zoroark\n|move|p2b: Milotic|Scald|p1a: Orthworm\n|-damage|p1a: Orthworm|0 fnt\n|faint|p1a: Orthworm\n|\n|-weather|Sandstorm|[upkeep]\n|-damage|p1b: Blastoise|50/100|[from] Sandstorm\n|-damage|p2b: Milotic|12/100|[from] Sandstorm\n|-heal|p2b: Milotic|18/100|[from] item: Leftovers\n|upkeep\n|\n|t:|1775981690\n|switch|p2a: Neko Neko.NeNe|Sylveon, L50, M|100/100\n|turn|7\n|\n|t:|1775981695\n|move|p1b: Blastoise|Water Spout|p2b: Milotic|[spread] p2a,p2b\n|-resisted|p2b: Milotic|1\n|-damage|p2a: Neko Neko.NeNe|74/100\n|-damage|p2b: Milotic|7/100\n|move|p2b: Milotic|Scald|p1b: Blastoise\n|-resisted|p1b: Blastoise|1\n|-damage|p1b: Blastoise|36/100\n|move|p2a: Neko Neko.NeNe|Hyper Voice|p1b: Blastoise\n|-damage|p1b: Blastoise|0 fnt\n|faint|p1b: Blastoise\n|\n|win|I\u2764\ufe0f\u5a1c\u7984Forever\n|n|\u2606gamaboy|gamaboy\n|n|\u2606I\u2764\ufe0f\u5a1c\u7984Forever|iforever\n|n| reanschawrzer|reanschawrzer\n|n| lilmuncle|lilmuncle\n|n| mysticmarshtomp|mysticmarshtomp\n|n| aurora ltd|auroraltd\n|c|\u2606I\u2764\ufe0f\u5a1c\u7984Forever|Ggwp\n|c|\u2606gamaboy|Ty\n|l|\u2606gamaboy\n|player|p1|\n|l|\u2606I\u2764\ufe0f\u5a1c\u7984Forever\n|player|p2|\n|l| mysticmarshtomp\n",
  "uploadtime": 1775981744,
  "views": 13,
  "formatid": "gen9championsvgc2026regma",
  "rating": null,
  "private": 0,
  "password": null
}