{
  "id": "gen9championsvgc2026regma-2583622256",
  "format": "[Gen 9 Champions] VGC 2026 Reg M-A",
  "players": [
    "LockinLoki",
    "Kimiwombat"
  ],
  "log": "|j|\u2606LockinLoki\n|j|\u2606Kimiwombat\n|t:|1776187106\n|gametype|doubles\n|player|p1|LockinLoki|elesa|1120\n|player|p2|Kimiwombat|101|1179\n|gen|9\n|tier|[Gen 9 Champions] VGC 2026 Reg M-A\n|rated|\n|rule|Species Clause: Limit one of each Pok\u00e9mon\n|rule|Item Clause: Limit 1 of each item\n|clearpoke\n|poke|p1|Aerodactyl, L50, F|\n|poke|p1|Gengar, L50, F|\n|poke|p1|Tyranitar, L50, M|\n|poke|p1|Sneasler, L50, F|\n|poke|p1|Rotom-Mow, L50|\n|poke|p1|Volcarona, L50, F|\n|poke|p2|Glimmora, L50, M|\n|poke|p2|Whimsicott, L50, F|\n|poke|p2|Garchomp, L50, M|\n|poke|p2|Rotom-Wash, L50|\n|poke|p2|Incineroar, L50, F|\n|poke|p2|Corviknight, L50, F|\n|teampreview|4\n|\n|t:|1776187154\n|teamsize|p1|4\n|teamsize|p2|4\n|start\n|switch|p1a: Sneasler|Sneasler, L50, F|100/100\n|switch|p1b: Aerodactyl|Aerodactyl, L50, F|100/100\n|switch|p2a: Whimsicott|Whimsicott, L50, F|100/100\n|switch|p2b: Glimmora|Glimmora, L50, M|100/100\n|-ability|p1b: Aerodactyl|Unnerve\n|turn|1\n|\n|t:|1776187186\n|detailschange|p2b: Glimmora|Glimmora-Mega, L50, M\n|-mega|p2b: Glimmora|Glimmora|Glimmoranite\n|move|p2a: Whimsicott|Tailwind|p2a: Whimsicott\n|-sidestart|p2: Kimiwombat|move: Tailwind\n|move|p2b: Glimmora|Power Gem|p1b: Aerodactyl\n|-supereffective|p1b: Aerodactyl|1\n|-enditem|p1b: Aerodactyl|Focus Sash\n|-damage|p1b: Aerodactyl|1/100\n|move|p1b: Aerodactyl|Tailwind|p1b: Aerodactyl\n|-sidestart|p1: LockinLoki|move: Tailwind\n|move|p1a: Sneasler|Dire Claw|p2a: Whimsicott\n|-supereffective|p2a: Whimsicott|2\n|-enditem|p2a: Whimsicott|Focus Sash\n|-damage|p2a: Whimsicott|1/100\n|\n|upkeep\n|turn|2\n|inactive|Battle timer is ON: inactive players will automatically lose when time's up. (requested by LockinLoki)\n|\n|t:|1776187264\n|switch|p1b: Gengar|Gengar, L50, F|100/100\n|move|p2a: Whimsicott|Protect|p2a: Whimsicott\n|-singleturn|p2a: Whimsicott|Protect\n|move|p1a: Sneasler|Close Combat|p2a: Whimsicott\n|-activate|p2a: Whimsicott|move: Protect\n|move|p2b: Glimmora|Sludge Wave|p1a: Sneasler|[spread] p1a,p1b\n|-activate|p2a: Whimsicott|move: Protect\n|-resisted|p1a: Sneasler|1\n|-resisted|p1b: Gengar|2\n|-damage|p1a: Sneasler|62/100\n|-damage|p1b: Gengar|77/100\n|-start|p2b: Glimmora|Disable|Sludge Wave|[from] ability: Cursed Body|[of] p1b: Gengar\n|\n|upkeep\n|turn|3\n|inactive|LockinLoki has 30 seconds left.\n|inactive|Kimiwombat has 30 seconds left.\n|\n|t:|1776187298\n|switch|p2b: Garchomp|Garchomp, L50, M|100/100\n|detailschange|p1b: Gengar|Gengar-Mega, L50, F\n|-mega|p1b: Gengar|Gengar|Gengarite\n|move|p1b: Gengar|Icy Wind|p2a: Whimsicott|[spread] p2a,p2b\n|-supereffective|p2a: Whimsicott|1\n|-supereffective|p2b: Garchomp|2\n|-damage|p2a: Whimsicott|0 fnt\n|-damage|p2b: Garchomp|23/100\n|-unboost|p2b: Garchomp|spe|1\n|faint|p2a: Whimsicott\n|move|p1a: Sneasler|Close Combat|p2b: Garchomp\n|-damage|p2b: Garchomp|0 fnt\n|-unboost|p1a: Sneasler|def|1\n|-unboost|p1a: Sneasler|spd|1\n|-damage|p1a: Sneasler|50/100|[from] ability: Rough Skin|[of] p2b: Garchomp\n|faint|p2b: Garchomp\n|-enditem|p1a: Sneasler|White Herb\n|-clearnegativeboost|p1a: Sneasler|[silent]\n|\n|upkeep\n|\n|t:|1776187314\n|switch|p2a: Glimmora|Glimmora-Mega, L50, M|100/100\n|switch|p2b: Rotom|Rotom-Wash, L50|100/100\n|turn|4\n|inactive|LockinLoki has 30 seconds left.\n|inactive|LockinLoki has 20 seconds left.\n|inactive|LockinLoki has 15 seconds left.\n|inactive|LockinLoki has 10 seconds left.\n|\n|t:|1776187363\n|move|p2a: Glimmora|Spiky Shield|p2a: Glimmora\n|-singleturn|p2a: Glimmora|move: Protect\n|move|p1a: Sneasler|Close Combat|p2a: Glimmora\n|-activate|p2a: Glimmora|move: Protect\n|-damage|p1a: Sneasler|38/100|[from] Spiky Shield|[of] p2a: Glimmora\n|move|p1b: Gengar|Shadow Ball|p2a: Glimmora\n|-activate|p2a: Glimmora|move: Protect\n|move|p2b: Rotom|Thunderbolt|p1a: Sneasler\n|-crit|p1a: Sneasler\n|-damage|p1a: Sneasler|0 fnt\n|faint|p1a: Sneasler\n|\n|-sideend|p1: LockinLoki|move: Tailwind\n|-sideend|p2: Kimiwombat|move: Tailwind\n|upkeep\n|inactive|LockinLoki has 30 seconds left.\n|\n|t:|1776187390\n|switch|p1a: Aerodactyl|Aerodactyl, L50, F|1/100\n|-ability|p1a: Aerodactyl|Unnerve\n|turn|5\n|\n|t:|1776187406\n|move|p1b: Gengar|Shadow Ball|p2a: Glimmora\n|-damage|p2a: Glimmora|44/100\n|-unboost|p2a: Glimmora|spd|1\n|move|p1a: Aerodactyl|Tailwind|p1a: Aerodactyl\n|-sidestart|p1: LockinLoki|move: Tailwind\n|move|p2a: Glimmora|Power Gem|p1b: Gengar\n|-damage|p1b: Gengar|0 fnt\n|faint|p1b: Gengar\n|move|p2b: Rotom|Thunderbolt|p1a: Aerodactyl\n|-supereffective|p1a: Aerodactyl|1\n|-damage|p1a: Aerodactyl|0 fnt\n|faint|p1a: Aerodactyl\n|\n|upkeep\n|\n|t:|1776187416\n|switch|p1b: Volcarona|Volcarona, L50, F|100/100\n|turn|6\n|inactive|LockinLoki has 30 seconds left.\n|\n|t:|1776187442\n|move|p2a: Glimmora|Spiky Shield|p2a: Glimmora\n|-singleturn|p2a: Glimmora|move: Protect\n|move|p1b: Volcarona|Giga Drain|p2a: Glimmora\n|-activate|p2a: Glimmora|move: Protect\n|move|p2b: Rotom|Hydro Pump|p1b: Volcarona|[miss]\n|-miss|p2b: Rotom|p1b: Volcarona\n|\n|upkeep\n|turn|7\n|\n|t:|1776187460\n|move|p1b: Volcarona|Giga Drain|p2a: Glimmora\n|-damage|p2a: Glimmora|0 fnt\n|faint|p2a: Glimmora\n|move|p2b: Rotom|Hydro Pump|p1b: Volcarona\n|-supereffective|p1b: Volcarona|1\n|-damage|p1b: Volcarona|11/100\n|-enditem|p1b: Volcarona|Sitrus Berry|[eat]\n|-heal|p1b: Volcarona|36/100|[from] item: Sitrus Berry\n|\n|upkeep\n|turn|8\n|\n|t:|1776187481\n|move|p2b: Rotom|Protect|p2b: Rotom\n|-singleturn|p2b: Rotom|Protect\n|move|p1b: Volcarona|Giga Drain|p2b: Rotom\n|-activate|p2b: Rotom|move: Protect\n|\n|-sideend|p1: LockinLoki|move: Tailwind\n|upkeep\n|turn|9\n|\n|t:|1776187488\n|move|p2b: Rotom|Hydro Pump|p1b: Volcarona\n|-supereffective|p1b: Volcarona|1\n|-damage|p1b: Volcarona|0 fnt\n|faint|p1b: Volcarona\n|\n|win|Kimiwombat\n|raw|LockinLoki's rating: 1120 &rarr; <strong>1099</strong><br />(-21 for losing)\n|raw|Kimiwombat's rating: 1179 &rarr; <strong>1200</strong><br />(+21 for winning)\n",
  "uploadtime": 1776187492,
  "views": 21,
  "formatid": "gen9championsvgc2026regma",
  "rating": 1099,
  "private": 0,
  "password": null
}