{
  "id": "gen9championsvgc2026regma-2584887097",
  "format": "[Gen 9 Champions] VGC 2026 Reg M-A",
  "players": [
    "boneitis",
    "Sneasler33"
  ],
  "log": "|j|\u2606boneitis\n|j|\u2606Sneasler33\n|t:|1776291646\n|gametype|doubles\n|player|p1|boneitis|169|1342\n|player|p2|Sneasler33|dawn-gen4pt|1289\n|gen|9\n|tier|[Gen 9 Champions] VGC 2026 Reg M-A\n|rated|\n|rule|Species Clause: Limit one of each Pok\u00e9mon\n|rule|Item Clause: Limit 1 of each item\n|clearpoke\n|poke|p1|Starmie, L50|\n|poke|p1|Tsareena, L50, F|\n|poke|p1|Incineroar, L50, M|\n|poke|p1|Pelipper, L50, F|\n|poke|p1|Sneasler, L50, F|\n|poke|p1|Scizor, L50, M|\n|poke|p2|Crabominable, L50, F|\n|poke|p2|Incineroar, L50, M|\n|poke|p2|Hatterene, L50, F|\n|poke|p2|Tyranitar, L50, F|\n|poke|p2|Torkoal, L50, F|\n|poke|p2|Runerigus, L50, F|\n|teampreview|4\n|\n|t:|1776291666\n|teamsize|p1|4\n|teamsize|p2|4\n|start\n|switch|p1a: Starmie|Starmie, L50|100/100\n|switch|p1b: Tsareena|Tsareena, L50, F|100/100\n|switch|p2a: Ooky Spooky|Runerigus, L50, F|100/100\n|switch|p2b: Pacheco|Crabominable, L50, F, shiny|100/100\n|turn|1\n|\n|t:|1776291686\n|detailschange|p1a: Starmie|Starmie-Mega, L50\n|-mega|p1a: Starmie|Starmie|Starminite\n|detailschange|p2b: Pacheco|Crabominable-Mega, L50, F, shiny\n|-mega|p2b: Pacheco|Crabominable|Crabominite\n|move|p1b: Tsareena|U-turn|p2a: Ooky Spooky\n|-resisted|p2a: Ooky Spooky|1\n|-damage|p2a: Ooky Spooky|93/100\n|-activate|p1b: Tsareena|Skill Swap|Wandering Spirit|Queenly Majesty|[of] p2a: Ooky Spooky\n|\n|t:|1776291691\n|switch|p1b: Pelipper|Pelipper, L50, F|100/100|[from] U-turn\n|-weather|RainDance|[from] ability: Drizzle|[of] p1b: Pelipper\n|move|p1a: Starmie|Flip Turn|p2a: Ooky Spooky\n|-supereffective|p2a: Ooky Spooky|1\n|-damage|p2a: Ooky Spooky|4/100\n|c|\u2606boneitis|frfr\n|c|\u2606boneitis|god damn\n|\n|t:|1776291703\n|switch|p1a: Scizor|Scizor, L50, M|100/100|[from] Flip Turn\n|move|p2b: Pacheco|Ice Hammer|p1b: Pelipper\n|-enditem|p1b: Pelipper|Focus Sash\n|-damage|p1b: Pelipper|1/100\n|-unboost|p2b: Pacheco|spe|1\n|move|p2a: Ooky Spooky|Trick Room|p2a: Ooky Spooky\n|-fieldstart|move: Trick Room|[of] p2a: Ooky Spooky\n|\n|-weather|RainDance|[upkeep]\n|-heal|p2a: Ooky Spooky|10/100|[from] item: Leftovers\n|upkeep\n|turn|2\n|\n|t:|1776291728\n|move|p2b: Pacheco|Protect|p2b: Pacheco\n|-singleturn|p2b: Pacheco|Protect\n|move|p1b: Pelipper|Protect|p1b: Pelipper\n|-singleturn|p1b: Pelipper|Protect\n|move|p2a: Ooky Spooky|Destiny Bond|p2a: Ooky Spooky\n|-singlemove|p2a: Ooky Spooky|Destiny Bond\n|move|p1a: Scizor|Close Combat|p2b: Pacheco\n|-activate|p2b: Pacheco|move: Protect\n|\n|-weather|RainDance|[upkeep]\n|-heal|p2a: Ooky Spooky|16/100|[from] item: Leftovers\n|upkeep\n|turn|3\n|\n|t:|1776291758\n|switch|p1b: Starmie|Starmie-Mega, L50|100/100\n|move|p2b: Pacheco|Close Combat|p1a: Scizor\n|-damage|p1a: Scizor|14/100\n|-unboost|p2b: Pacheco|def|1\n|-unboost|p2b: Pacheco|spd|1\n|move|p2a: Ooky Spooky|Body Press|p1a: Scizor\n|-damage|p1a: Scizor|0 fnt\n|faint|p1a: Scizor\n|\n|-weather|RainDance|[upkeep]\n|-heal|p2a: Ooky Spooky|22/100|[from] item: Leftovers\n|upkeep\n|\n|t:|1776291770\n|switch|p1a: Pelipper|Pelipper, L50, F|1/100\n|turn|4\n|\n|t:|1776291787\n|move|p1a: Pelipper|Protect|p1a: Pelipper\n|-singleturn|p1a: Pelipper|Protect\n|move|p2b: Pacheco|Close Combat|p1b: Starmie\n|-resisted|p1b: Starmie|1\n|-damage|p1b: Starmie|52/100\n|-unboost|p2b: Pacheco|def|1\n|-unboost|p2b: Pacheco|spd|1\n|move|p2a: Ooky Spooky|Body Press|p1a: Pelipper\n|-activate|p1a: Pelipper|move: Protect\n|move|p1b: Starmie|Flip Turn|p2a: Ooky Spooky\n|-supereffective|p2a: Ooky Spooky|1\n|-damage|p2a: Ooky Spooky|0 fnt\n|faint|p2a: Ooky Spooky\n|\n|t:|1776291796\n|switch|p1b: Tsareena|Tsareena, L50, F|100/100|[from] Flip Turn\n|\n|-weather|RainDance|[upkeep]\n|upkeep\n|inactive|Battle timer is ON: inactive players will automatically lose when time's up. (requested by Sneasler33)\n|\n|t:|1776291804\n|switch|p2a: Hatterene|Hatterene, L50, F|100/100\n|turn|5\n|\n|t:|1776291822\n|switch|p1a: Starmie|Starmie-Mega, L50|52/100\n|move|p2b: Pacheco|Ice Hammer|p1b: Tsareena|[miss]\n|-miss|p2b: Pacheco|p1b: Tsareena\n|move|p2a: Hatterene|Dazzling Gleam|p1b: Tsareena|[spread] p1a,p1b\n|-damage|p1a: Starmie|6/100\n|-damage|p1b: Tsareena|58/100\n|move|p1b: Tsareena|U-turn|p2a: Hatterene\n|-crit|p2a: Hatterene\n|-damage|p2a: Hatterene|57/100\n|\n|t:|1776291829\n|switch|p1b: Pelipper|Pelipper, L50, F|1/100|[from] U-turn\n|\n|-weather|none\n|-fieldend|move: Trick Room\n|upkeep\n|turn|6\n|\n|t:|1776291846\n|move|p1b: Pelipper|Protect|p1b: Pelipper\n|-singleturn|p1b: Pelipper|Protect\n|move|p2b: Pacheco|Mach Punch|p1a: Starmie\n|-resisted|p1a: Starmie|1\n|-damage|p1a: Starmie|0 fnt\n|faint|p1a: Starmie\n|move|p2a: Hatterene|Trick Room|p2a: Hatterene\n|-fieldstart|move: Trick Room|[of] p2a: Hatterene\n|\n|upkeep\n|-message|boneitis forfeited.\n|\n|win|Sneasler33\n|raw|boneitis's rating: 1342 &rarr; <strong>1319</strong><br />(-23 for losing)\n|raw|Sneasler33's rating: 1289 &rarr; <strong>1318</strong><br />(+29 for winning)\n|l|\u2606boneitis\n|player|p1|\n",
  "uploadtime": 1776291864,
  "views": 28,
  "formatid": "gen9championsvgc2026regma",
  "rating": 1318,
  "private": 0,
  "password": null
}