{
  "id": "gen9championsvgc2026regma-2587553481",
  "format": "[Gen 9 Champions] VGC 2026 Reg M-A",
  "players": [
    "oleyy",
    "apfr"
  ],
  "log": "|j|\u2606oleyy\n|j|\u203dapfr\n|t:|1776541742\n|gametype|doubles\n|player|p1|oleyy|blue|1448\n|player|p2|apfr|clown|1490\n|gen|9\n|tier|[Gen 9 Champions] VGC 2026 Reg M-A\n|rated|\n|rule|Species Clause: Limit one of each Pok\u00e9mon\n|rule|Item Clause: Limit 1 of each item\n|clearpoke\n|poke|p1|Alakazam, L50, F|\n|poke|p1|Meowstic, L50, M|\n|poke|p1|Basculegion, L50, M|\n|poke|p1|Incineroar, L50, M|\n|poke|p1|Sneasler, L50, F|\n|poke|p1|Maushold-Four, L50|\n|poke|p2|Drampa, L50, F|\n|poke|p2|Klefki, L50, M|\n|poke|p2|Sinistcha, L50|\n|poke|p2|Farigiraf, L50, F|\n|poke|p2|Milotic, L50, M|\n|poke|p2|Kingambit, L50, F|\n|teampreview|4\n|j| Meh Decisions\n|\n|t:|1776541776\n|teamsize|p1|4\n|teamsize|p2|4\n|start\n|switch|p1a: Basculegion|Basculegion, L50, M|100/100\n|switch|p1b: Incineroar|Incineroar, L50, M|100/100\n|switch|p2a: Farigiraf|Farigiraf, L50, F|100/100\n|switch|p2b: Drampa|Drampa, L50, F|100/100\n|-ability|p1b: Incineroar|Intimidate|boost\n|-unboost|p2a: Farigiraf|atk|1\n|-unboost|p2b: Drampa|atk|1\n|-ability|p2b: Drampa|Cloud Nine\n|turn|1\n|\n|t:|1776541790\n|detailschange|p2b: Drampa|Drampa-Mega, L50, F\n|-mega|p2b: Drampa|Drampa|Drampanite\n|move|p1a: Basculegion|Wave Crash|p2a: Farigiraf\n|-damage|p2a: Farigiraf|31/100\n|-damage|p1a: Basculegion|76/100|[from] Recoil\n|move|p1b: Incineroar|Darkest Lariat|p2a: Farigiraf\n|-supereffective|p2a: Farigiraf|1\n|-crit|p2a: Farigiraf\n|-enditem|p2a: Farigiraf|Colbur Berry|[eat]\n|-enditem|p2a: Farigiraf|Colbur Berry|[weaken]\n|-damage|p2a: Farigiraf|0 fnt\n|faint|p2a: Farigiraf\n|move|p2b: Drampa|Hyper Voice|p1b: Incineroar|[spread] p1b\n|-immune|p1a: Basculegion\n|-damage|p1b: Incineroar|59/100\n|\n|upkeep\n|j| Garderoar\n|l| Garderoar\n|\n|t:|1776541807\n|switch|p2a: Sinistcha|Sinistcha, L50|100/100\n|turn|2\n|\n|t:|1776541842\n|switch|p1a: Meowstic|Meowstic, L50, M|100/100\n|move|p2a: Sinistcha|Matcha Gotcha|p1a: Meowstic|[spread] p1a,p1b\n|-resisted|p1b: Incineroar|1\n|-damage|p1a: Meowstic|67/100\n|-damage|p1b: Incineroar|48/100\n|move|p1b: Incineroar|Flare Blitz|p2a: Sinistcha\n|-supereffective|p2a: Sinistcha|1\n|-enditem|p2a: Sinistcha|Occa Berry|[eat]\n|-enditem|p2a: Sinistcha|Occa Berry|[weaken]\n|-damage|p2a: Sinistcha|43/100\n|-damage|p1b: Incineroar|31/100|[from] Recoil\n|move|p2b: Drampa|Dragon Pulse|p1a: Meowstic\n|-damage|p1a: Meowstic|0 fnt\n|faint|p1a: Meowstic\n|\n|upkeep\n|\n|t:|1776541867\n|switch|p1a: Alakazam|Alakazam, L50, F|100/100\n|turn|3\n|\n|t:|1776541878\n|detailschange|p1a: Alakazam|Alakazam-Mega, L50, F\n|-mega|p1a: Alakazam|Alakazam|Alakazite\n|-ability|p1a: Alakazam|Hospitality|Trace|[from] ability: Trace|[of] p2a: Sinistcha\n|-heal|p1b: Incineroar|56/100|[from] ability: Hospitality|[of] p1a: Alakazam\n|move|p2a: Sinistcha|Rage Powder|p2a: Sinistcha\n|-singleturn|p2a: Sinistcha|move: Rage Powder\n|move|p1a: Alakazam|Substitute|p1a: Alakazam\n|-start|p1a: Alakazam|Substitute\n|-damage|p1a: Alakazam|75/100\n|move|p1b: Incineroar|Parting Shot|p2a: Sinistcha\n|-unboost|p2a: Sinistcha|atk|1\n|-unboost|p2a: Sinistcha|spa|1\n|\n|t:|1776541887\n|switch|p1b: Basculegion|Basculegion, L50, M|76/100|[from] Parting Shot\n|move|p2b: Drampa|Hyper Voice|p1a: Alakazam|[spread] p1a\n|-immune|p1b: Basculegion\n|-damage|p1a: Alakazam|16/100\n|\n|upkeep\n|turn|4\n|\n|t:|1776541897\n|move|p1a: Alakazam|Protect|p1a: Alakazam\n|-singleturn|p1a: Alakazam|Protect\n|move|p2a: Sinistcha|Rage Powder|p2a: Sinistcha\n|-singleturn|p2a: Sinistcha|move: Rage Powder\n|move|p1b: Basculegion|Last Respects|p2a: Sinistcha\n|-supereffective|p2a: Sinistcha|1\n|-damage|p2a: Sinistcha|0 fnt\n|faint|p2a: Sinistcha\n|move|p2b: Drampa|Hyper Voice|p1b: Basculegion|[spread] \n|-activate|p1a: Alakazam|move: Protect\n|-immune|p1b: Basculegion\n|\n|upkeep\n|\n|t:|1776541901\n|switch|p2a: Kingambit|Kingambit, L50, F|100/100\n|turn|5\n|\n|t:|1776541919\n|switch|p1b: Incineroar|Incineroar, L50, M|56/100\n|-ability|p1b: Incineroar|Intimidate|boost\n|-unboost|p2a: Kingambit|atk|1\n|-ability|p2a: Kingambit|Defiant|boost\n|-boost|p2a: Kingambit|atk|2\n|-unboost|p2b: Drampa|atk|1\n|move|p2a: Kingambit|Sucker Punch||[still]\n|-fail|p2a: Kingambit\n|move|p1a: Alakazam|Focus Blast|p2b: Drampa|[miss]\n|-miss|p1a: Alakazam|p2b: Drampa\n|move|p2b: Drampa|Hyper Voice|p1a: Alakazam|[spread] p1a,p1b\n|-damage|p1a: Alakazam|0 fnt\n|-damage|p1b: Incineroar|13/100\n|faint|p1a: Alakazam\n|\n|upkeep\n|\n|t:|1776541925\n|switch|p1a: Basculegion|Basculegion, L50, M|76/100\n|turn|6\n|\n|t:|1776541936\n|move|p2a: Kingambit|Protect|p2a: Kingambit\n|-singleturn|p2a: Kingambit|Protect\n|move|p1b: Incineroar|Fake Out|p2b: Drampa\n|-crit|p2b: Drampa\n|-damage|p2b: Drampa|82/100\n|move|p1a: Basculegion|Wave Crash|p2a: Kingambit\n|-activate|p2a: Kingambit|move: Protect\n|cant|p2b: Drampa|flinch\n|\n|upkeep\n|turn|7\n|\n|t:|1776541944\n|move|p2a: Kingambit|Sucker Punch|p1a: Basculegion\n|-supereffective|p1a: Basculegion|1\n|-damage|p1a: Basculegion|0 fnt\n|faint|p1a: Basculegion\n|move|p1b: Incineroar|Flare Blitz|p2a: Kingambit\n|-supereffective|p2a: Kingambit|1\n|-damage|p2a: Kingambit|16/100\n|-damage|p1b: Incineroar|0 fnt|[from] Recoil\n|faint|p1b: Incineroar\n|\n|win|apfr\n|raw|oleyy's rating: 1448 &rarr; <strong>1430</strong><br />(-18 for losing)\n|raw|apfr's rating: 1490 &rarr; <strong>1508</strong><br />(+18 for winning)\n",
  "uploadtime": 1776541981,
  "views": 30,
  "formatid": "gen9championsvgc2026regma",
  "rating": 1430,
  "private": 0,
  "password": null
}