{
  "id": "gen9championsvgc2026regma-2584079129",
  "format": "[Gen 9 Champions] VGC 2026 Reg M-A",
  "players": [
    "tropicalasscheeks",
    "Missed Ledgedash"
  ],
  "log": "|j|\u2606tropicalasscheeks\n|j|\u2606Missed Ledgedash\n|t:|1776222988\n|gametype|doubles\n|player|p1|tropicalasscheeks|169|1271\n|player|p2|Missed Ledgedash|juan-gen3|1239\n|gen|9\n|tier|[Gen 9 Champions] VGC 2026 Reg M-A\n|rated|\n|rule|Species Clause: Limit one of each Pok\u00e9mon\n|rule|Item Clause: Limit 1 of each item\n|clearpoke\n|poke|p1|Aggron, L50, F|\n|poke|p1|Golurk, L50|\n|poke|p1|Alakazam, L50, F|\n|poke|p1|Sinistcha, L50|\n|poke|p1|Primarina, L50, F|\n|poke|p1|Talonflame, L50, M|\n|poke|p2|Incineroar, L50, F|\n|poke|p2|Gengar, L50, F|\n|poke|p2|Gyarados, L50, F|\n|poke|p2|Tyranitar, L50, M|\n|poke|p2|Sneasler, L50, F|\n|poke|p2|Excadrill, L50, M|\n|teampreview|4\n|\n|t:|1776223008\n|teamsize|p1|4\n|teamsize|p2|4\n|start\n|switch|p1a: Alakazam|Alakazam, L50, F|100/100\n|switch|p1b: Golurk|Golurk, L50, shiny|100/100\n|switch|p2a: Incineroar|Incineroar, L50, F|100/100\n|switch|p2b: Gyarados|Gyarados, L50, F|100/100\n|-ability|p2b: Gyarados|Intimidate|boost\n|-fail|p1a: Alakazam|unboost|Attack|[from] ability: Inner Focus|[of] p1a: Alakazam\n|-unboost|p1b: Golurk|atk|1\n|-ability|p2a: Incineroar|Intimidate|boost\n|-fail|p1a: Alakazam|unboost|Attack|[from] ability: Inner Focus|[of] p1a: Alakazam\n|-unboost|p1b: Golurk|atk|1\n|turn|1\n|\n|t:|1776223047\n|switch|p1b: Primarina|Primarina, L50, F|100/100\n|move|p1a: Alakazam|Psychic|p2b: Gyarados\n|-damage|p2b: Gyarados|57/100\n|move|p2b: Gyarados|Waterfall|p1b: Primarina\n|-resisted|p1b: Primarina|1\n|-damage|p1b: Primarina|75/100\n|move|p2a: Incineroar|Throat Chop|p1a: Alakazam\n|-supereffective|p1a: Alakazam|1\n|-enditem|p1a: Alakazam|Focus Sash\n|-damage|p1a: Alakazam|1/100\n|-start|p1a: Alakazam|Throat Chop|[silent]\n|\n|-heal|p1b: Primarina|81/100|[from] item: Leftovers\n|upkeep\n|turn|2\n|\n|t:|1776223067\n|move|p1a: Alakazam|Speed Swap|p1b: Primarina\n|-activate|p1a: Alakazam|move: Speed Swap|[of] p1b: Primarina\n|move|p1b: Primarina|Calm Mind|p1b: Primarina\n|-boost|p1b: Primarina|spa|1\n|-boost|p1b: Primarina|spd|1\n|move|p2b: Gyarados|Thunder Wave|p1b: Primarina\n|-status|p1b: Primarina|par\n|move|p2a: Incineroar|Throat Chop|p1a: Alakazam\n|-supereffective|p1a: Alakazam|1\n|-damage|p1a: Alakazam|0 fnt\n|faint|p1a: Alakazam\n|\n|-heal|p1b: Primarina|87/100 par|[from] item: Leftovers\n|upkeep\n|\n|t:|1776223083\n|switch|p1a: Golurk|Golurk, L50, shiny|100/100\n|turn|3\n|\n|t:|1776223088\n|switch|p2b: Tyranitar|Tyranitar, L50, M|100/100\n|-weather|Sandstorm|[from] ability: Sand Stream|[of] p2b: Tyranitar\n|detailschange|p1a: Golurk|Golurk-Mega, L50, shiny\n|-mega|p1a: Golurk|Golurk|Golurkite\n|move|p1b: Primarina|Hyper Voice|p2a: Incineroar|[spread] p2a,p2b\n|-supereffective|p2a: Incineroar|1\n|-supereffective|p2b: Tyranitar|1\n|-damage|p2a: Incineroar|0 fnt\n|-damage|p2b: Tyranitar|36/100\n|faint|p2a: Incineroar\n|move|p1a: Golurk|Rock Slide|p2b: Tyranitar\n|-damage|p2b: Tyranitar|8/100\n|\n|-weather|Sandstorm|[upkeep]\n|-damage|p1b: Primarina|81/100 par|[from] Sandstorm\n|-heal|p1b: Primarina|87/100 par|[from] item: Leftovers\n|upkeep\n|\n|t:|1776223098\n|switch|p2a: Gyarados|Gyarados, L50, F|57/100\n|-ability|p2a: Gyarados|Intimidate|boost\n|-unboost|p1a: Golurk|atk|1\n|-unboost|p1b: Primarina|atk|1\n|turn|4\n|\n|t:|1776223107\n|move|p2a: Gyarados|Waterfall|p1a: Golurk\n|-supereffective|p1a: Golurk|1\n|-damage|p1a: Golurk|35/100\n|move|p1b: Primarina|Hyper Voice|p2b: Tyranitar|[spread] p2a,p2b\n|-resisted|p2a: Gyarados|1\n|-supereffective|p2b: Tyranitar|1\n|-damage|p2a: Gyarados|29/100\n|-damage|p2b: Tyranitar|0 fnt\n|-enditem|p2a: Gyarados|Sitrus Berry|[eat]\n|-heal|p2a: Gyarados|53/100|[from] item: Sitrus Berry\n|faint|p2b: Tyranitar\n|move|p1a: Golurk|Rock Slide|p2a: Gyarados\n|-supereffective|p2a: Gyarados|1\n|-damage|p2a: Gyarados|5/100\n|\n|-weather|Sandstorm|[upkeep]\n|-damage|p2a: Gyarados|0 fnt|[from] Sandstorm\n|-damage|p1b: Primarina|81/100 par|[from] Sandstorm\n|faint|p2a: Gyarados\n|-heal|p1b: Primarina|87/100 par|[from] item: Leftovers\n|upkeep\n|\n|t:|1776223112\n|switch|p2b: Gengar|Gengar, L50, F|100/100\n|turn|5\n|\n|t:|1776223127\n|detailschange|p2b: Gengar|Gengar-Mega, L50, F\n|-mega|p2b: Gengar|Gengar|Gengarite\n|move|p2b: Gengar|Shadow Ball|p1a: Golurk\n|-supereffective|p1a: Golurk|1\n|-damage|p1a: Golurk|0 fnt\n|faint|p1a: Golurk\n|move|p1b: Primarina|Hyper Voice|p2b: Gengar\n|-damage|p2b: Gengar|6/100\n|\n|-weather|Sandstorm|[upkeep]\n|-damage|p2b: Gengar|0 fnt|[from] Sandstorm\n|-damage|p1b: Primarina|81/100 par|[from] Sandstorm\n|faint|p2b: Gengar\n|\n|win|tropicalasscheeks\n|raw|tropicalasscheeks's rating: 1271 &rarr; <strong>1294</strong><br />(+23 for winning)\n|raw|Missed Ledgedash's rating: 1239 &rarr; <strong>1216</strong><br />(-23 for losing)\n",
  "uploadtime": 1776223127,
  "views": 24,
  "formatid": "gen9championsvgc2026regma",
  "rating": 1216,
  "private": 0,
  "password": null
}