{
  "id": "gen9championsvgc2026regma-2586822280",
  "format": "[Gen 9 Champions] VGC 2026 Reg M-A",
  "players": [
    "iamsoselfconscius",
    "tnashs"
  ],
  "log": "|j|\u203diamsoselfconscius\n|j|\u2606tnashs\n|t:|1776462770\n|gametype|doubles\n|player|p1|iamsoselfconscius|169|1015\n|player|p2|tnashs|drayden|1109\n|gen|9\n|tier|[Gen 9 Champions] VGC 2026 Reg M-A\n|rated|\n|rule|Species Clause: Limit one of each Pok\u00e9mon\n|rule|Item Clause: Limit 1 of each item\n|clearpoke\n|poke|p1|Excadrill, L50, F|\n|poke|p1|Talonflame, L50, M|\n|poke|p1|Milotic, L50, M|\n|poke|p1|Froslass, L50, F|\n|poke|p1|Meowscarada, L50, M|\n|poke|p1|Glimmora, L50, F|\n|poke|p2|Emboar, L50, F|\n|poke|p2|Sinistcha-Masterpiece, L50|\n|poke|p2|Whimsicott, L50, F|\n|poke|p2|Archaludon, L50, F|\n|poke|p2|Basculegion, L50, M|\n|poke|p2|Tinkaton, L50, F|\n|teampreview|4\n|inactive|Battle timer is ON: inactive players will automatically lose when time's up. (requested by tnashs)\ntnashs has agreed to open team sheets.\n|inactive|iamsoselfconscius has 60 seconds left.\n|\n|t:|1776462812\n|teamsize|p1|4\n|teamsize|p2|4\n|start\n|switch|p1a: Excadrill|Excadrill, L50, F|100/100\n|switch|p1b: Meowscarada|Meowscarada, L50, M|100/100\n|switch|p2a: Whimsicott|Whimsicott, L50, F|100/100\n|switch|p2b: Basculegion|Basculegion, L50, M|100/100\n|turn|1\n|\n|t:|1776462833\n|switch|p1a: Milotic|Milotic, L50, M|100/100\n|move|p2a: Whimsicott|Tailwind|p2a: Whimsicott\n|-sidestart|p2: tnashs|move: Tailwind\n|move|p2b: Basculegion|Flip Turn|p1a: Milotic\n|-resisted|p1a: Milotic|1\n|-damage|p1a: Milotic|81/100\n|\n|t:|1776462843\n|switch|p2b: Emboar|Emboar, L50, F, shiny|100/100|[from] Flip Turn\n|move|p1b: Meowscarada|Flower Trick|p2b: Emboar\n|-start|p1b: Meowscarada|typechange|Grass|[from] ability: Protean\n|-resisted|p2b: Emboar|1\n|-crit|p2b: Emboar\n|-damage|p2b: Emboar|63/100\n|\n|-heal|p1a: Milotic|87/100|[from] item: Leftovers\n|upkeep\n|turn|2\n|inactive|tnashs has 30 seconds left.\n|\n|t:|1776462877\n|detailschange|p2b: Emboar|Emboar-Mega, L50, F, shiny\n|-mega|p2b: Emboar|Emboar|Emboarite\n|-ability|p2b: Emboar|Mold Breaker\n|move|p1b: Meowscarada|Protect|p1b: Meowscarada\n|-singleturn|p1b: Meowscarada|Protect\n|move|p2a: Whimsicott|Encore|p1b: Meowscarada\n|-activate|p1b: Meowscarada|move: Protect\n|move|p2b: Emboar|Flare Blitz|p1b: Meowscarada\n|-activate|p1b: Meowscarada|move: Protect\n|move|p1a: Milotic|Scald|p2b: Emboar\n|-supereffective|p2b: Emboar|1\n|-damage|p2b: Emboar|1/100\n|\n|-heal|p1a: Milotic|93/100|[from] item: Leftovers\n|upkeep\n|turn|3\n|inactive|iamsoselfconscius has 30 seconds left.\n|\n|t:|1776462912\n|switch|p1b: Excadrill|Excadrill, L50, F|100/100\n|move|p2a: Whimsicott|Light Screen|p2a: Whimsicott\n|-sidestart|p2: tnashs|move: Light Screen\n|move|p2b: Emboar|Flare Blitz|p1b: Excadrill\n|-supereffective|p1b: Excadrill|1\n|-enditem|p1b: Excadrill|Focus Sash\n|-damage|p1b: Excadrill|1/100\n|-damage|p2b: Emboar|0 fnt|[from] Recoil\n|faint|p2b: Emboar\n|move|p1a: Milotic|Blizzard|p2a: Whimsicott\n|-supereffective|p2a: Whimsicott|1\n|-damage|p2a: Whimsicott|22/100\n|\n|-heal|p1a: Milotic|99/100|[from] item: Leftovers\n|upkeep\n|\n|t:|1776462929\n|switch|p2b: Basculegion|Basculegion, L50, M|100/100\n|turn|4\n|\n|t:|1776462948\n|switch|p2a: Sinistcha|Sinistcha-Masterpiece, L50|100/100\n|move|p1b: Excadrill|Protect|p1b: Excadrill\n|-singleturn|p1b: Excadrill|Protect\n|move|p2b: Basculegion|Flip Turn|p1b: Excadrill\n|-activate|p1b: Excadrill|move: Protect\n|move|p1a: Milotic|Scald|p2a: Sinistcha\n|-resisted|p2a: Sinistcha|1\n|-damage|p2a: Sinistcha|85/100\n|\n|-heal|p2a: Sinistcha|91/100|[from] item: Leftovers\n|-heal|p1a: Milotic|100/100|[from] item: Leftovers\n|-sideend|p2: tnashs|move: Tailwind\n|upkeep\n|turn|5\n|\n|t:|1776462973\n|move|p2a: Sinistcha|Protect|p2a: Sinistcha\n|-singleturn|p2a: Sinistcha|Protect\n|move|p2b: Basculegion|Flip Turn|p1b: Excadrill\n|-supereffective|p1b: Excadrill|1\n|-crit|p1b: Excadrill\n|-damage|p1b: Excadrill|0 fnt\n|faint|p1b: Excadrill\n|\n|t:|1776462978\n|switch|p2b: Whimsicott|Whimsicott, L50, F|22/100|[from] Flip Turn\n|move|p1a: Milotic|Blizzard|p2a: Sinistcha|[spread] p2b\n|-activate|p2a: Sinistcha|move: Protect\n|-supereffective|p2b: Whimsicott|1\n|-damage|p2b: Whimsicott|0 fnt\n|faint|p2b: Whimsicott\n|\n|-heal|p2a: Sinistcha|97/100|[from] item: Leftovers\n|upkeep\n|\n|t:|1776462997\n|switch|p2b: Basculegion|Basculegion, L50, M|100/100\n|switch|p1b: Meowscarada|Meowscarada, L50, M|100/100\n|turn|6\n|\n|t:|1776463017\n|move|p2b: Basculegion|Last Respects|p1b: Meowscarada\n|-resisted|p1b: Meowscarada|1\n|-damage|p1b: Meowscarada|23/100\n|move|p1b: Meowscarada|Flower Trick|p2b: Basculegion\n|-start|p1b: Meowscarada|typechange|Grass|[from] ability: Protean\n|-supereffective|p2b: Basculegion|1\n|-crit|p2b: Basculegion\n|-damage|p2b: Basculegion|0 fnt\n|faint|p2b: Basculegion\n|move|p1a: Milotic|Blizzard|p2a: Sinistcha|[miss]\n|-miss|p1a: Milotic|p2a: Sinistcha\n|move|p2a: Sinistcha|Nasty Plot|p2a: Sinistcha\n|-boost|p2a: Sinistcha|spa|2\n|\n|-heal|p2a: Sinistcha|100/100|[from] item: Leftovers\n|upkeep\n|turn|7\n|\n|t:|1776463038\n|move|p1b: Meowscarada|Throat Chop|p2a: Sinistcha\n|-supereffective|p2a: Sinistcha|1\n|-damage|p2a: Sinistcha|50/100\n|-start|p2a: Sinistcha|Throat Chop|[silent]\n|move|p1a: Milotic|Blizzard|p2a: Sinistcha\n|-supereffective|p2a: Sinistcha|1\n|-damage|p2a: Sinistcha|0 fnt\n|faint|p2a: Sinistcha\n|\n|win|iamsoselfconscius\n|raw|iamsoselfconscius's rating: 1015 &rarr; <strong>1063</strong><br />(+48 for winning)\n|raw|tnashs's rating: 1109 &rarr; <strong>1077</strong><br />(-32 for losing)\n|l|\u2606tnashs\n|player|p2|\n",
  "uploadtime": 1776463045,
  "views": 22,
  "formatid": "gen9championsvgc2026regma",
  "rating": 1063,
  "private": 0,
  "password": null
}