{
  "id": "gen9championsvgc2026regma-2584792792",
  "format": "[Gen 9 Champions] VGC 2026 Reg M-A",
  "players": [
    "dededelete this03",
    "spideryacorn22"
  ],
  "log": "|j|\u2606dededelete this03\n|j|\u2606spideryacorn22\n|t:|1776284031\n|gametype|doubles\n|player|p1|dededelete this03|clown|1082\n|player|p2|spideryacorn22|rocketgrunt|1035\n|gen|9\n|tier|[Gen 9 Champions] VGC 2026 Reg M-A\n|rated|\n|rule|Species Clause: Limit one of each Pok\u00e9mon\n|rule|Item Clause: Limit 1 of each item\n|clearpoke\n|poke|p1|Mimikyu, L50, M|\n|poke|p1|Crabominable, L50, M|\n|poke|p1|Ninetales-Alola, L50, F|\n|poke|p1|Aerodactyl, L50, M|\n|poke|p1|Incineroar, L50, M|\n|poke|p1|Gengar, L50, M|\n|poke|p2|Torterra, L50, M|\n|poke|p2|Noivern, L50, M|\n|poke|p2|Beedrill, L50, M|\n|poke|p2|Sableye, L50, M|\n|poke|p2|Arcanine-Hisui, L50, M|\n|poke|p2|Clawitzer, L50, M|\n|teampreview|4\n|\n|t:|1776284065\n|teamsize|p1|4\n|teamsize|p2|4\n|start\n|switch|p1a: RichesToRags|Mimikyu, L50, M|100/100\n|switch|p1b: Hala|Crabominable, L50, M|100/100\n|switch|p2a: Sergio|Sableye, L50, M, shiny|100/100\n|switch|p2b: Draco|Noivern, L50, M, shiny|100/100\n|turn|1\n|\n|t:|1776284075\n|move|p1b: Hala|Protect|p1b: Hala\n|-singleturn|p1b: Hala|Protect\n|move|p2a: Sergio|Fake Out|p1b: Hala\n|-activate|p1b: Hala|move: Protect\n|move|p2b: Draco|Taunt|p1a: RichesToRags\n|-start|p1a: RichesToRags|move: Taunt\n|-enditem|p1a: RichesToRags|Mental Herb\n|-end|p1a: RichesToRags|move: Taunt\n|move|p1a: RichesToRags|Trick Room|p1a: RichesToRags\n|-fieldstart|move: Trick Room|[of] p1a: RichesToRags\n|\n|upkeep\n|turn|2\n|\n|t:|1776284098\n|switch|p1a: Veyle|Ninetales-Alola, L50, F|100/100\n|-weather|Snowscape|[from] ability: Snow Warning|[of] p1a: Veyle\n|detailschange|p1b: Hala|Crabominable-Mega, L50, M\n|-mega|p1b: Hala|Crabominable|Crabominite\n|move|p2a: Sergio|Will-O-Wisp|p1b: Hala\n|-status|p1b: Hala|brn\n|move|p1b: Hala|Ice Hammer|p2a: Sergio\n|-damage|p2a: Sergio|48/100\n|-unboost|p1b: Hala|spe|1\n|move|p2b: Draco|Air Slash|p1a: Veyle\n|-damage|p1a: Veyle|77/100\n|\n|-weather|Snowscape|[upkeep]\n|-heal|p2a: Sergio|53/100|[from] item: Leftovers\n|-damage|p1b: Hala|95/100 brn|[from] brn\n|upkeep\n|turn|3\n|\n|t:|1776284128\n|switch|p2b: Mr.|Arcanine-Hisui, L50, M, shiny|100/100\n|-ability|p2b: Mr.|Intimidate|boost\n|-unboost|p1a: Veyle|atk|1\n|-unboost|p1b: Hala|atk|1\n|move|p2a: Sergio|Will-O-Wisp|p1a: Veyle|[miss]\n|-miss|p2a: Sergio|p1a: Veyle\n|move|p1b: Hala|Ice Hammer|p2b: Mr.\n|-resisted|p2b: Mr.|1\n|-damage|p2b: Mr.|83/100\n|-unboost|p1b: Hala|spe|1\n|move|p1a: Veyle|Aurora Veil|p1a: Veyle\n|-sidestart|p1: dededelete this03|move: Aurora Veil\n|\n|-weather|Snowscape|[upkeep]\n|-heal|p2a: Sergio|59/100|[from] item: Leftovers\n|-damage|p1b: Hala|89/100 brn|[from] brn\n|upkeep\n|turn|4\n|\n|t:|1776284157\n|move|p2a: Sergio|Encore|p1a: Veyle\n|-start|p1a: Veyle|Encore\n|move|p1b: Hala|Drain Punch|p2b: Mr.\n|-supereffective|p2b: Mr.|1\n|-damage|p2b: Mr.|38/100\n|-heal|p1b: Hala|100/100 brn|[from] drain|[of] p2b: Mr.\n|move|p1a: Veyle|Aurora Veil||[still]\n|-fail|p1a: Veyle\n|move|p2b: Mr.|Flare Blitz|p1b: Hala\n|-supereffective|p1b: Hala|1\n|-damage|p1b: Hala|61/100 brn\n|-damage|p2b: Mr.|23/100|[from] Recoil\n|-heal|p2b: Mr.|28/100|[from] item: Shell Bell|[of] p1b: Hala\n|\n|-weather|Snowscape|[upkeep]\n|-heal|p2a: Sergio|64/100|[from] item: Leftovers\n|-damage|p1b: Hala|55/100 brn|[from] brn\n|upkeep\n|turn|5\n|\n|t:|1776284181\n|switch|p1a: FoxeyTCG|Incineroar, L50, M, shiny|100/100\n|-ability|p1a: FoxeyTCG|Intimidate|boost\n|-unboost|p2a: Sergio|atk|1\n|-unboost|p2b: Mr.|atk|1\n|switch|p2b: Draco|Noivern, L50, M, shiny|100/100\n|move|p2a: Sergio|Will-O-Wisp|p1a: FoxeyTCG\n|-immune|p1a: FoxeyTCG\n|move|p1b: Hala|Drain Punch|p2b: Draco\n|-resisted|p2b: Draco|1\n|-damage|p2b: Draco|88/100\n|-heal|p1b: Hala|60/100 brn|[from] drain|[of] p2b: Draco\n|\n|-weather|Snowscape|[upkeep]\n|-heal|p2a: Sergio|70/100|[from] item: Leftovers\n|-damage|p1b: Hala|54/100 brn|[from] brn\n|-fieldend|move: Trick Room\n|upkeep\n|turn|6\n|\n|t:|1776284207\n|switch|p2b: Mr.|Arcanine-Hisui, L50, M, shiny|28/100\n|-ability|p2b: Mr.|Intimidate|boost\n|-unboost|p1a: FoxeyTCG|atk|1\n|-unboost|p1b: Hala|atk|1\n|switch|p1b: RichesToRags|Mimikyu, L50, M|100/100\n|move|p1a: FoxeyTCG|Fake Out|p2b: Mr.\n|-resisted|p2b: Mr.|1\n|-damage|p2b: Mr.|23/100\n|move|p2a: Sergio|Encore||[still]\n|-fail|p2a: Sergio\n|\n|-weather|none\n|-heal|p2a: Sergio|76/100|[from] item: Leftovers\n|upkeep\n|turn|7\n|\n|t:|1776284234\n|move|p2a: Sergio|Will-O-Wisp|p1b: RichesToRags\n|-status|p1b: RichesToRags|brn\n|move|p2b: Mr.|Head Smash|p1a: FoxeyTCG\n|-supereffective|p1a: FoxeyTCG|1\n|-damage|p1a: FoxeyTCG|13/100\n|-enditem|p1a: FoxeyTCG|Sitrus Berry|[eat]\n|-heal|p1a: FoxeyTCG|38/100|[from] item: Sitrus Berry\n|-damage|p2b: Mr.|0 fnt|[from] Recoil\n|faint|p2b: Mr.\n|move|p1a: FoxeyTCG|Darkest Lariat|p2a: Sergio\n|-damage|p2a: Sergio|39/100\n|move|p1b: RichesToRags|Trick Room|p1b: RichesToRags\n|-fieldstart|move: Trick Room|[of] p1b: RichesToRags\n|\n|-heal|p2a: Sergio|44/100|[from] item: Leftovers\n|-damage|p1b: RichesToRags|94/100 brn|[from] brn\n|-sideend|p1: dededelete this03|move: Aurora Veil\n|upkeep\n|\n|t:|1776284252\n|switch|p2b: Draco|Noivern, L50, M, shiny|88/100\n|turn|8\n|\n|t:|1776284265\n|move|p2a: Sergio|Encore|p1b: RichesToRags\n|-start|p1b: RichesToRags|Encore\n|move|p1a: FoxeyTCG|Parting Shot|p2b: Draco\n|-unboost|p2b: Draco|atk|1\n|-unboost|p2b: Draco|spa|1\n|\n|t:|1776284275\n|switch|p1a: Veyle|Ninetales-Alola, L50, F|77/100|[from] Parting Shot\n|-weather|Snowscape|[from] ability: Snow Warning|[of] p1a: Veyle\n|move|p2b: Draco|Air Slash|p1a: Veyle\n|-damage|p1a: Veyle|62/100\n|move|p1b: RichesToRags|Trick Room|p1b: RichesToRags\n|-fieldend|move: Trick Room\n|\n|-weather|Snowscape|[upkeep]\n|-heal|p2a: Sergio|50/100|[from] item: Leftovers\n|-damage|p1b: RichesToRags|88/100 brn|[from] brn\n|upkeep\n|turn|9\n|\n|t:|1776284301\n|move|p2b: Draco|Taunt|p1a: Veyle\n|-start|p1a: Veyle|move: Taunt\n|cant|p1a: Veyle|move: Taunt|Aurora Veil\n|move|p2a: Sergio|Foul Play|p1b: RichesToRags\n|-activate|p1b: RichesToRags|ability: Disguise\n|-damage|p1b: RichesToRags|88/100 brn\n|detailschange|p1b: RichesToRags|Mimikyu-Busted, L50, M\n|-damage|p1b: RichesToRags|76/100 brn|[from] pokemon: Mimikyu-Busted\n|move|p1b: RichesToRags|Trick Room|p1b: RichesToRags\n|-fieldstart|move: Trick Room|[of] p1b: RichesToRags\n|\n|-weather|Snowscape|[upkeep]\n|-heal|p2a: Sergio|56/100|[from] item: Leftovers\n|-damage|p1b: RichesToRags|70/100 brn|[from] brn\n|upkeep\n|turn|10\n|\n|t:|1776284320\n|switch|p1b: Hala|Crabominable-Mega, L50, M|54/100 brn\n|move|p2a: Sergio|Encore||[still]\n|-fail|p2a: Sergio\n|move|p1a: Veyle|Blizzard|p2b: Draco|[spread] p2a,p2b\n|-supereffective|p2b: Draco|2\n|-damage|p2a: Sergio|20/100\n|-damage|p2b: Draco|0 fnt\n|faint|p2b: Draco\n|\n|-weather|Snowscape|[upkeep]\n|-heal|p2a: Sergio|25/100|[from] item: Leftovers\n|-damage|p1b: Hala|49/100 brn|[from] brn\n|upkeep\n|\n|t:|1776284332\n|switch|p2b: Beedrill|Beedrill, L50, M, shiny|100/100\n|turn|11\n|\n|t:|1776284348\n|detailschange|p2b: Beedrill|Beedrill-Mega, L50, M, shiny\n|-mega|p2b: Beedrill|Beedrill|Beedrillite\n|move|p1b: Hala|Ice Hammer|p2b: Beedrill\n|-damage|p2b: Beedrill|7/100\n|-unboost|p1b: Hala|spe|1\n|move|p2a: Sergio|Foul Play|p1b: Hala\n|-resisted|p1b: Hala|1\n|-damage|p1b: Hala|34/100 brn\n|move|p1a: Veyle|Blizzard|p2b: Beedrill|[spread] p2a,p2b\n|-damage|p2a: Sergio|0 fnt\n|-damage|p2b: Beedrill|0 fnt\n|faint|p2a: Sergio\n|faint|p2b: Beedrill\n|\n|win|dededelete this03\n|raw|dededelete this03's rating: 1082 &rarr; <strong>1106</strong><br />(+24 for winning)\n|raw|spideryacorn22's rating: 1035 &rarr; <strong>1022</strong><br />(-13 for losing)\n|l|\u2606spideryacorn22\n|player|p2|\n",
  "uploadtime": 1776284361,
  "views": 19,
  "formatid": "gen9championsvgc2026regma",
  "rating": 1022,
  "private": 0,
  "password": null
}