{
  "id": "gen9championsvgc2026regma-2581953164",
  "format": "[Gen 9 Champions] VGC 2026 Reg M-A",
  "players": [
    "senorpotatono",
    "bacxray"
  ],
  "log": "|j|\u2606senorpotatono\n|j|\u2606bacxray\n|t:|1776042794\n|gametype|doubles\n|player|p1|senorpotatono|elesa|1076\n|player|p2|bacxray|hugh|1047\n|gen|9\n|tier|[Gen 9 Champions] VGC 2026 Reg M-A\n|rated|\n|rule|Species Clause: Limit one of each Pok\u00e9mon\n|rule|Item Clause: Limit 1 of each item\n|clearpoke\n|poke|p1|Lopunny, L50, F|\n|poke|p1|Torkoal, L50, M|\n|poke|p1|Farigiraf, L50, F|\n|poke|p1|Hatterene, L50, F|\n|poke|p1|Aerodactyl, L50, F|\n|poke|p1|Incineroar, L50, M|\n|poke|p2|Tyranitar, L50, M|\n|poke|p2|Gyarados, L50, M|\n|poke|p2|Garchomp, L50, F|\n|poke|p2|Rotom-Wash, L50|\n|poke|p2|Sableye, L50, F|\n|poke|p2|Sneasler, L50, F|\n|teampreview|4\n|inactive|Battle timer is ON: inactive players will automatically lose when time's up. (requested by senorpotatono)\n|inactive|bacxray has 60 seconds left.\n|\n|t:|1776042869\n|teamsize|p1|4\n|teamsize|p2|4\n|start\n|switch|p1a: Hatterene|Hatterene, L50, F|100/100\n|switch|p1b: Lopunny|Lopunny, L50, F|100/100\n|switch|p2a: Ferrero|Sableye, L50, F, shiny|100/100\n|switch|p2b: RedPill|Gyarados, L50, M, shiny|100/100\n|-ability|p2b: RedPill|Intimidate|boost\n|-unboost|p1a: Hatterene|atk|1\n|-unboost|p1b: Lopunny|atk|1\n|turn|1\n|inactive|bacxray has 30 seconds left.\n|\n|t:|1776042901\n|switch|p1b: Torkoal|Torkoal, L50, M|100/100\n|-weather|SunnyDay|[from] ability: Drought|[of] p1b: Torkoal\n|move|p2a: Ferrero|Fake Out|p1b: Torkoal\n|-damage|p1b: Torkoal|95/100\n|move|p2b: RedPill|Taunt|p1a: Hatterene\n|move|p1a: Hatterene|Taunt|p2b: RedPill|[from] ability: Magic Bounce\n|-start|p2b: RedPill|move: Taunt\n|move|p1a: Hatterene|Trick Room|p1a: Hatterene\n|-fieldstart|move: Trick Room|[of] p1a: Hatterene\n|\n|-weather|SunnyDay|[upkeep]\n|upkeep\n|turn|2\n|\n|t:|1776042923\n|switch|p2b: Godzilla|Tyranitar, L50, M|100/100\n|-weather|Sandstorm|[from] ability: Sand Stream|[of] p2b: Godzilla\n|move|p2a: Ferrero|Encore|p1a: Hatterene\n|move|p1a: Hatterene|Encore||[from] ability: Magic Bounce|[still]\n|-fail|p1a: Hatterene\n|move|p1b: Torkoal|Eruption|p2b: Godzilla|[spread] p2a,p2b\n|-crit|p2a: Ferrero\n|-resisted|p2b: Godzilla|1\n|-damage|p2a: Ferrero|12/100\n|-damage|p2b: Godzilla|84/100\n|move|p1a: Hatterene|Dazzling Gleam|p2b: Godzilla|[spread] p2a,p2b\n|-supereffective|p2a: Ferrero|1\n|-supereffective|p2b: Godzilla|1\n|-damage|p2a: Ferrero|0 fnt\n|-damage|p2b: Godzilla|51/100\n|faint|p2a: Ferrero\n|\n|-weather|Sandstorm|[upkeep]\n|-damage|p1b: Torkoal|89/100|[from] Sandstorm\n|-damage|p1a: Hatterene|94/100|[from] Sandstorm\n|-heal|p1a: Hatterene|100/100|[from] item: Leftovers\n|upkeep\n|\n|t:|1776042947\n|switch|p2a: RedPill|Gyarados, L50, M, shiny|100/100\n|-ability|p2a: RedPill|Intimidate|boost\n|-unboost|p1a: Hatterene|atk|1\n|-unboost|p1b: Torkoal|atk|1\n|turn|3\n|\n|t:|1776042968\n|move|p2b: Godzilla|Protect|p2b: Godzilla\n|-singleturn|p2b: Godzilla|Protect\n|move|p1b: Torkoal|Earth Power|p2b: Godzilla\n|-activate|p2b: Godzilla|move: Protect\n|move|p1a: Hatterene|Dazzling Gleam|p2b: Godzilla|[spread] p2a\n|-activate|p2b: Godzilla|move: Protect\n|-damage|p2a: RedPill|79/100\n|move|p2a: RedPill|Waterfall|p1b: Torkoal\n|-supereffective|p1b: Torkoal|1\n|-damage|p1b: Torkoal|40/100\n|\n|-weather|Sandstorm|[upkeep]\n|-damage|p1b: Torkoal|34/100|[from] Sandstorm\n|-damage|p1a: Hatterene|94/100|[from] Sandstorm\n|-damage|p2a: RedPill|73/100|[from] Sandstorm\n|-heal|p1a: Hatterene|100/100|[from] item: Leftovers\n|upkeep\n|turn|4\n|inactive|bacxray has 30 seconds left.\n|\n|t:|1776043000\n|detailschange|p2b: Godzilla|Tyranitar-Mega, L50, M\n|-mega|p2b: Godzilla|Tyranitar|Tyranitarite\n|move|p1b: Torkoal|Earth Power|p2b: Godzilla\n|-supereffective|p2b: Godzilla|1\n|-damage|p2b: Godzilla|24/100\n|move|p1a: Hatterene|Dazzling Gleam|p2a: RedPill|[spread] p2a,p2b\n|-supereffective|p2b: Godzilla|1\n|-damage|p2a: RedPill|50/100\n|-damage|p2b: Godzilla|0 fnt\n|-enditem|p2a: RedPill|Sitrus Berry|[eat]\n|-heal|p2a: RedPill|75/100|[from] item: Sitrus Berry\n|faint|p2b: Godzilla\n|move|p2a: RedPill|Waterfall|p1b: Torkoal\n|-supereffective|p1b: Torkoal|1\n|-damage|p1b: Torkoal|0 fnt\n|faint|p1b: Torkoal\n|\n|-weather|Sandstorm|[upkeep]\n|-damage|p1a: Hatterene|94/100|[from] Sandstorm\n|-damage|p2a: RedPill|69/100|[from] Sandstorm\n|-heal|p1a: Hatterene|100/100|[from] item: Leftovers\n|upkeep\n|\n|t:|1776043021\n|switch|p1b: Lopunny|Lopunny, L50, F|100/100\n|switch|p2b: Sneasler|Sneasler, L50, F|100/100\n|turn|5\n|\n|t:|1776043040\n|detailschange|p1b: Lopunny|Lopunny-Mega, L50, F\n|-mega|p1b: Lopunny|Lopunny|Lopunnite\n|move|p1b: Lopunny|Fake Out|p2b: Sneasler\n|-damage|p2b: Sneasler|66/100\n|move|p1a: Hatterene|Dazzling Gleam|p2b: Sneasler|[spread] p2a,p2b\n|-damage|p2a: RedPill|49/100\n|-damage|p2b: Sneasler|31/100\n|move|p2a: RedPill|Waterfall|p1b: Lopunny\n|-damage|p1b: Lopunny|55/100\n|cant|p2b: Sneasler|flinch\n|\n|-weather|Sandstorm|[upkeep]\n|-damage|p1a: Hatterene|94/100|[from] Sandstorm\n|-damage|p2a: RedPill|43/100|[from] Sandstorm\n|-damage|p2b: Sneasler|25/100|[from] Sandstorm\n|-damage|p1b: Lopunny|49/100|[from] Sandstorm\n|-heal|p1a: Hatterene|100/100|[from] item: Leftovers\n|-fieldend|move: Trick Room\n|upkeep\n|turn|6\n|\n|t:|1776043064\n|move|p1b: Lopunny|After You|p1a: Hatterene\n|-activate|p1a: Hatterene|move: After You\n|move|p1a: Hatterene|Dazzling Gleam|p2a: RedPill|[spread] p2a,p2b\n|-damage|p2a: RedPill|21/100\n|-damage|p2b: Sneasler|0 fnt\n|faint|p2b: Sneasler\n|move|p2a: RedPill|Waterfall|p1b: Lopunny\n|-damage|p1b: Lopunny|0 fnt\n|faint|p1b: Lopunny\n|\n|-weather|none\n|upkeep\n|\n|t:|1776043072\n|switch|p1b: Aerodactyl|Aerodactyl, L50, F|100/100\n|-ability|p1b: Aerodactyl|Unnerve\n|turn|7\n|\n|t:|1776043084\n|move|p1b: Aerodactyl|Rock Slide|p2a: RedPill\n|-supereffective|p2a: RedPill|1\n|-damage|p2a: RedPill|0 fnt\n|faint|p2a: RedPill\n|\n|win|senorpotatono\n|raw|senorpotatono's rating: 1076 &rarr; <strong>1102</strong><br />(+26 for winning)\n|raw|bacxray's rating: 1047 &rarr; <strong>1031</strong><br />(-16 for losing)\n",
  "uploadtime": 1776043089,
  "views": 14,
  "formatid": "gen9championsvgc2026regma",
  "rating": 1031,
  "private": 0,
  "password": null
}