{
  "id": "gen9championsvgc2026regma-2584802177",
  "format": "[Gen 9 Champions] VGC 2026 Reg M-A",
  "players": [
    "eevee1ynn",
    "ca_yama"
  ],
  "log": "|j|\u2606eevee1ynn\n|j|\u2606ca_yama\n|t:|1776284732\n|gametype|doubles\n|player|p1|eevee1ynn|lass-gen8|1201\n|player|p2|ca_yama|brock|1192\n|gen|9\n|tier|[Gen 9 Champions] VGC 2026 Reg M-A\n|rated|\n|rule|Species Clause: Limit one of each Pok\u00e9mon\n|rule|Item Clause: Limit 1 of each item\n|clearpoke\n|poke|p1|Lopunny, L50, F|\n|poke|p1|Talonflame, L50, M|\n|poke|p1|Excadrill, L50, M|\n|poke|p1|Milotic, L50, M|\n|poke|p1|Sinistcha, L50|\n|poke|p1|Sylveon, L50, F|\n|poke|p2|Skarmory, L50, F|\n|poke|p2|Tyranitar, L50, F|\n|poke|p2|Excadrill, L50, F|\n|poke|p2|Rotom-Wash, L50|\n|poke|p2|Dragapult, L50, F|\n|poke|p2|Milotic, L50, M|\n|teampreview|4\n|\n|t:|1776284757\n|teamsize|p1|4\n|teamsize|p2|4\n|start\n|switch|p1a: Lopunny|Lopunny, L50, F|100/100\n|switch|p1b: Sylveon|Sylveon, L50, F|100/100\n|switch|p2a: Skarmory|Skarmory, L50, F|100/100\n|switch|p2b: Tyranitar|Tyranitar, L50, F|100/100\n|-weather|Sandstorm|[from] ability: Sand Stream|[of] p2b: Tyranitar\n|turn|1\n|\n|t:|1776284777\n|detailschange|p1a: Lopunny|Lopunny-Mega, L50, F\n|-mega|p1a: Lopunny|Lopunny|Lopunnite\n|detailschange|p2a: Skarmory|Skarmory-Mega, L50, F\n|-mega|p2a: Skarmory|Skarmory|Skarmorite\n|move|p2b: Tyranitar|Protect|p2b: Tyranitar\n|-singleturn|p2b: Tyranitar|Protect\n|move|p1a: Lopunny|Fake Out|p2a: Skarmory\n|-resisted|p2a: Skarmory|1\n|-damage|p2a: Skarmory|88/100\n|cant|p2a: Skarmory|flinch\n|move|p1b: Sylveon|Hyper Voice|p2a: Skarmory|[spread] p2a\n|-activate|p2b: Tyranitar|move: Protect\n|-resisted|p2a: Skarmory|1\n|-damage|p2a: Skarmory|58/100\n|\n|-weather|Sandstorm|[upkeep]\n|-damage|p1a: Lopunny|94/100|[from] Sandstorm\n|-damage|p1b: Sylveon|94/100|[from] Sandstorm\n|upkeep\n|turn|2\n|\n|t:|1776284811\n|switch|p2b: Excadrill|Excadrill, L50, F|100/100\n|move|p1a: Lopunny|Protect|p1a: Lopunny\n|-singleturn|p1a: Lopunny|Protect\n|move|p2a: Skarmory|Iron Head|p1b: Sylveon\n|-supereffective|p1b: Sylveon|1\n|-damage|p1b: Sylveon|0 fnt\n|faint|p1b: Sylveon\n|\n|-weather|Sandstorm|[upkeep]\n|-damage|p1a: Lopunny|88/100|[from] Sandstorm\n|upkeep\n|\n|t:|1776284818\n|switch|p1b: Milotic|Milotic, L50, M|100/100\n|turn|3\n|\n|t:|1776284826\n|switch|p1a: Sinistcha|Sinistcha, L50|100/100\n|move|p2b: Excadrill|Rock Slide|p1a: Sinistcha|[spread] p1b\n|-miss|p2b: Excadrill|p1a: Sinistcha\n|-damage|p1b: Milotic|80/100\n|move|p2a: Skarmory|Brave Bird|p1a: Sinistcha\n|-supereffective|p1a: Sinistcha|1\n|-damage|p1a: Sinistcha|0 fnt\n|faint|p1a: Sinistcha\n|-damage|p2a: Skarmory|17/100|[from] Recoil\n|move|p1b: Milotic|Scald|p2b: Excadrill\n|-supereffective|p2b: Excadrill|1\n|-damage|p2b: Excadrill|10/100\n|\n|-weather|Sandstorm|[upkeep]\n|-damage|p1b: Milotic|74/100|[from] Sandstorm\n|-heal|p1b: Milotic|80/100|[from] item: Leftovers\n|upkeep\n|\n|t:|1776284834\n|switch|p1a: Lopunny|Lopunny-Mega, L50, F|88/100\n|turn|4\n|\n|t:|1776284843\n|move|p1a: Lopunny|Protect|p1a: Lopunny\n|-singleturn|p1a: Lopunny|Protect\n|move|p2b: Excadrill|Rock Slide|p1b: Milotic|[spread] p1b\n|-activate|p1a: Lopunny|move: Protect\n|-damage|p1b: Milotic|59/100\n|move|p2a: Skarmory|Tailwind|p2a: Skarmory\n|-sidestart|p2: ca_yama|move: Tailwind\n|move|p1b: Milotic|Scald|p2b: Excadrill\n|-supereffective|p2b: Excadrill|1\n|-damage|p2b: Excadrill|0 fnt\n|faint|p2b: Excadrill\n|\n|-weather|Sandstorm|[upkeep]\n|-damage|p1a: Lopunny|82/100|[from] Sandstorm\n|-damage|p1b: Milotic|53/100|[from] Sandstorm\n|-heal|p1b: Milotic|59/100|[from] item: Leftovers\n|upkeep\n|\n|t:|1776284849\n|switch|p2b: Dragapult|Dragapult, L50, F|100/100\n|turn|5\n|\n|t:|1776284858\n|move|p2b: Dragapult|Will-O-Wisp|p1b: Milotic\n|-status|p1b: Milotic|brn\n|move|p2a: Skarmory|Brave Bird|p1a: Lopunny\n|-supereffective|p1a: Lopunny|1\n|-damage|p1a: Lopunny|0 fnt\n|faint|p1a: Lopunny\n|-damage|p2a: Skarmory|0 fnt|[from] Recoil\n|faint|p2a: Skarmory\n|move|p1b: Milotic|Scald|p2b: Dragapult\n|-resisted|p2b: Dragapult|1\n|-damage|p2b: Dragapult|83/100\n|\n|-weather|none\n|-heal|p1b: Milotic|65/100 brn|[from] item: Leftovers\n|-damage|p1b: Milotic|59/100 brn|[from] brn\n|upkeep\n|\n|t:|1776284865\n|switch|p2a: Tyranitar|Tyranitar, L50, F|100/100\n|-weather|Sandstorm|[from] ability: Sand Stream|[of] p2a: Tyranitar\n|turn|6\n|\n|t:|1776284870\n|move|p2b: Dragapult|Hex|p1b: Milotic\n|-damage|p1b: Milotic|23/100 brn\n|move|p2a: Tyranitar|Knock Off|p1b: Milotic\n|-damage|p1b: Milotic|0 fnt\n|-enditem|p1b: Milotic|Leftovers|[from] move: Knock Off|[of] p2a: Tyranitar\n|faint|p1b: Milotic\n|\n|win|ca_yama\n|raw|eevee1ynn's rating: 1201 &rarr; <strong>1175</strong><br />(-26 for losing)\n|raw|ca_yama's rating: 1192 &rarr; <strong>1218</strong><br />(+26 for winning)\n",
  "uploadtime": 1776284871,
  "views": 18,
  "formatid": "gen9championsvgc2026regma",
  "rating": 1175,
  "private": 0,
  "password": null
}