{
  "id": "gen9championsvgc2026regma-2581379529",
  "format": "[Gen 9 Champions] VGC 2026 Reg M-A",
  "players": [
    "Kobeisherepokemon",
    "minecraftsteve6000"
  ],
  "log": "|j|\u2606Kobeisherepokemon\n|j|\u2606minecraftsteve6000\n|t:|1775993984\n|gametype|doubles\n|player|p1|Kobeisherepokemon|265|1000\n|player|p2|minecraftsteve6000|170|1015\n|gen|9\n|tier|[Gen 9 Champions] VGC 2026 Reg M-A\n|rated|\n|rule|Species Clause: Limit one of each Pok\u00e9mon\n|rule|Item Clause: Limit 1 of each item\n|clearpoke\n|poke|p1|Clefable, L50, M|\n|poke|p1|Feraligatr, L50, M|\n|poke|p1|Liepard, L50, F|\n|poke|p1|Archaludon, L50, F|\n|poke|p1|Whimsicott, L50, F|\n|poke|p1|Gengar, L50, F|\n|poke|p2|Aegislash, L50, F|\n|poke|p2|Hydreigon, L50, F|\n|poke|p2|Maushold, L50|\n|poke|p2|Ninetales-Alola, L50, M|\n|poke|p2|Kangaskhan, L50, F|\n|poke|p2|Milotic, L50, M|\n|teampreview|4\n|inactive|Battle timer is ON: inactive players will automatically lose when time's up. (requested by Kobeisherepokemon)\n|\n|t:|1775994016\n|teamsize|p1|4\n|teamsize|p2|4\n|start\n|switch|p1a: Whimsicott|Whimsicott, L50, F|100/100\n|switch|p1b: Gengar|Gengar, L50, F|100/100\n|switch|p2a: Kangaskhan|Kangaskhan, L50, F|100/100\n|switch|p2b: Aegislash|Aegislash, L50, F|100/100\n|turn|1\n|inactive|minecraftsteve6000 has 30 seconds left.\n|\n|t:|1775994047\n|detailschange|p2a: Kangaskhan|Kangaskhan-Mega, L50, F\n|-mega|p2a: Kangaskhan|Kangaskhan|Kangaskhanite\n|detailschange|p1b: Gengar|Gengar-Mega, L50, F\n|-mega|p1b: Gengar|Gengar|Gengarite\n|move|p2b: Aegislash|King's Shield|p2b: Aegislash\n|-singleturn|p2b: Aegislash|Protect\n|move|p2a: Kangaskhan|Fake Out|p1a: Whimsicott\n|-damage|p1a: Whimsicott|68/100\n|-damage|p1a: Whimsicott|60/100\n|-hitcount|p1a: Whimsicott|2\n|cant|p1a: Whimsicott|flinch\n|move|p1b: Gengar|Shadow Ball|p2b: Aegislash\n|-activate|p2b: Aegislash|move: Protect\n|\n|upkeep\n|turn|2\n|\n|t:|1775994063\n|move|p1b: Gengar|Protect|p1b: Gengar\n|-singleturn|p1b: Gengar|Protect\n|move|p1a: Whimsicott|Encore|p2b: Aegislash\n|-start|p2b: Aegislash|Encore\n|move|p2b: Aegislash|King's Shield||[still]\n|-fail|p2b: Aegislash\n|move|p2a: Kangaskhan|Sucker Punch||[still]\n|-fail|p2a: Kangaskhan\n|\n|upkeep\n|turn|3\n|\n|t:|1775994075\n|switch|p2b: Maushold|Maushold, L50|100/100\n|move|p2a: Kangaskhan|Sucker Punch|p1b: Gengar\n|-supereffective|p1b: Gengar|1\n|-damage|p1b: Gengar|30/100\n|-supereffective|p1b: Gengar|1\n|-damage|p1b: Gengar|13/100\n|-hitcount|p1b: Gengar|2\n|move|p1a: Whimsicott|Moonblast|p2a: Kangaskhan\n|-damage|p2a: Kangaskhan|72/100\n|move|p1b: Gengar|Sludge Bomb|p2a: Kangaskhan\n|-damage|p2a: Kangaskhan|27/100\n|-status|p2a: Kangaskhan|psn\n|\n|-damage|p2a: Kangaskhan|15/100 psn|[from] psn\n|upkeep\n|turn|4\n|\n|t:|1775994098\n|move|p2b: Maushold|Protect|p2b: Maushold\n|-singleturn|p2b: Maushold|Protect\n|move|p1b: Gengar|Protect|p1b: Gengar\n|-singleturn|p1b: Gengar|Protect\n|move|p1a: Whimsicott|Tailwind|p1a: Whimsicott\n|-sidestart|p1: Kobeisherepokemon|move: Tailwind\n|move|p2a: Kangaskhan|Sucker Punch||[still]\n|-fail|p2a: Kangaskhan\n|\n|-damage|p2a: Kangaskhan|3/100 psn|[from] psn\n|upkeep\n|turn|5\n|\n|t:|1775994115\n|switch|p1b: Liepard|Liepard, L50, F|100/100\n|move|p1a: Whimsicott|Encore|p2b: Maushold\n|-start|p2b: Maushold|Encore\n|move|p2b: Maushold|Protect|p2b: Maushold\n|-singleturn|p2b: Maushold|Protect\n|move|p2a: Kangaskhan|Sucker Punch||[still]\n|-fail|p2a: Kangaskhan\n|\n|-damage|p2a: Kangaskhan|0 fnt|[from] psn\n|faint|p2a: Kangaskhan\n|upkeep\n|\n|t:|1775994124\n|switch|p2a: Aegislash|Aegislash, L50, F|100/100\n|turn|6\n|\n|t:|1775994134\n|switch|p2b: Hydreigon|Hydreigon, L50, F|100/100\n|move|p1b: Liepard|Foul Play|p2a: Aegislash\n|-supereffective|p2a: Aegislash|1\n|-damage|p2a: Aegislash|51/100\n|move|p1a: Whimsicott|Moonblast|p2b: Hydreigon\n|-supereffective|p2b: Hydreigon|2\n|-damage|p2b: Hydreigon|0 fnt\n|faint|p2b: Hydreigon\n|-formechange|p2a: Aegislash|Aegislash-Blade|\n|move|p2a: Aegislash|Iron Head|p1a: Whimsicott\n|-supereffective|p1a: Whimsicott|1\n|-damage|p1a: Whimsicott|0 fnt\n|faint|p1a: Whimsicott\n|\n|upkeep\n|\n|t:|1775994146\n|switch|p1a: Gengar|Gengar-Mega, L50, F|13/100\n|switch|p2b: Maushold|Maushold, L50|100/100\n|turn|7\n|\n|t:|1775994166\n|move|p2b: Maushold|Follow Me|p2b: Maushold\n|-singleturn|p2b: Maushold|move: Follow Me\n|move|p2a: Aegislash|Shadow Sneak|p1a: Gengar\n|-supereffective|p1a: Gengar|1\n|-damage|p1a: Gengar|0 fnt\n|faint|p1a: Gengar\n|move|p1b: Liepard|Foul Play|p2b: Maushold\n|-damage|p2b: Maushold|67/100\n|\n|-sideend|p1: Kobeisherepokemon|move: Tailwind\n|upkeep\n|\n|t:|1775994170\n|switch|p1a: Archaludon|Archaludon, L50, F|100/100\n|turn|8\n|\n|t:|1775994179\n|move|p1a: Archaludon|Dragon Pulse|p2a: Aegislash\n|-resisted|p2a: Aegislash|1\n|-damage|p2a: Aegislash|12/100\n|move|p2b: Maushold|Super Fang|p1a: Archaludon\n|-damage|p1a: Archaludon|50/100\n|move|p1b: Liepard|Foul Play|p2a: Aegislash\n|-supereffective|p2a: Aegislash|1\n|-damage|p2a: Aegislash|0 fnt\n|faint|p2a: Aegislash\n|\n|upkeep\n|turn|9\n|\n|t:|1775994192\n|move|p1a: Archaludon|Dragon Pulse|p2b: Maushold\n|-damage|p2b: Maushold|9/100\n|-enditem|p2b: Maushold|Sitrus Berry|[eat]\n|-heal|p2b: Maushold|34/100|[from] item: Sitrus Berry\n|move|p2b: Maushold|Encore|p1b: Liepard\n|-start|p1b: Liepard|Encore\n|move|p1b: Liepard|Foul Play|p2b: Maushold\n|-damage|p2b: Maushold|5/100\n|\n|upkeep\n|turn|10\n|\n|t:|1775994202\n|move|p2b: Maushold|Protect|p2b: Maushold\n|-singleturn|p2b: Maushold|Protect\n|move|p1a: Archaludon|Dragon Pulse|p2b: Maushold\n|-activate|p2b: Maushold|move: Protect\n|move|p1b: Liepard|Foul Play|p2b: Maushold\n|-activate|p2b: Maushold|move: Protect\n|\n|upkeep\n|turn|11\n|-message|minecraftsteve6000 forfeited.\n|\n|win|Kobeisherepokemon\n|raw|Kobeisherepokemon's rating: 1000 &rarr; <strong>1042</strong><br />(+42 for winning)\n|raw|minecraftsteve6000's rating: 1015 &rarr; <strong>1002</strong><br />(-13 for losing)\n|l|\u2606minecraftsteve6000\n|player|p2|\n",
  "uploadtime": 1775994207,
  "views": 22,
  "formatid": "gen9championsvgc2026regma",
  "rating": 1002,
  "private": 0,
  "password": null
}