{
  "id": "gen9championsvgc2026regma-2582803380",
  "format": "[Gen 9 Champions] VGC 2026 Reg M-A",
  "players": [
    "Pokipls",
    "maxirp_64"
  ],
  "log": "|j|\u2606Pokipls\n|j|\u2606maxirp_64\n|t:|1776115313\n|gametype|doubles\n|player|p1|Pokipls|2|1349\n|player|p2|maxirp_64|lass-gen4|1396\n|gen|9\n|tier|[Gen 9 Champions] VGC 2026 Reg M-A\n|rated|\n|rule|Species Clause: Limit one of each Pok\u00e9mon\n|rule|Item Clause: Limit 1 of each item\n|clearpoke\n|poke|p1|Klefki, L50, F|\n|poke|p1|Floette-Eternal, L50, F|\n|poke|p1|Corviknight, L50, M|\n|poke|p1|Incineroar, L50, M|\n|poke|p1|Sinistcha, L50|\n|poke|p1|Palafin, L50, M|\n|poke|p2|Gardevoir, L50, M|\n|poke|p2|Rotom-Wash, L50|\n|poke|p2|Garchomp, L50, F|\n|poke|p2|Sinistcha, L50|\n|poke|p2|Incineroar, L50, F|\n|poke|p2|Aerodactyl, L50, M|\n|teampreview|4\n|inactive|Battle timer is ON: inactive players will automatically lose when time's up. (requested by maxirp_64)\n|inactive|maxirp_64 has 60 seconds left.\n|\n|t:|1776115350\n|teamsize|p1|4\n|teamsize|p2|4\n|start\n|switch|p1a: Klefki|Klefki, L50, F|100/100\n|switch|p1b: Palafin|Palafin, L50, M|100/100\n|switch|p2a: Gardevoir|Gardevoir, L50, M, shiny|100/100\n|switch|p2b: Rotom|Rotom-Wash, L50, shiny|100/100\n|turn|1\n|\n|t:|1776115367\n|detailschange|p2a: Gardevoir|Gardevoir-Mega, L50, M, shiny\n|-mega|p2a: Gardevoir|Gardevoir|Gardevoirite\n|move|p1b: Palafin|Protect|p1b: Palafin\n|-singleturn|p1b: Palafin|Protect\n|move|p2a: Gardevoir|Protect|p2a: Gardevoir\n|-singleturn|p2a: Gardevoir|Protect\n|move|p1a: Klefki|Light Screen|p1a: Klefki\n|-sidestart|p1: Pokipls|move: Light Screen\n|move|p2b: Rotom|Volt Switch|p1b: Palafin\n|-activate|p1b: Palafin|move: Protect\n|\n|upkeep\n|turn|2\n|inactive|Pokipls has 30 seconds left.\n|inactive|Pokipls has 20 seconds left.\n|\n|t:|1776115404\n|detailschange|p1b: Palafin|Palafin-Hero, L50, M\n|switch|p1b: Corviknight|Corviknight, L50, M|100/100\n|switch|p2a: Incineroar|Incineroar, L50, F|100/100\n|-ability|p2a: Incineroar|Intimidate|boost\n|-unboost|p1a: Klefki|atk|1\n|-ability|p1b: Corviknight|Mirror Armor\n|-unboost|p2a: Incineroar|atk|1\n|move|p1a: Klefki|Thunder Wave|p2a: Incineroar\n|-hint|Since gen 7, Dark is immune to Prankster moves.\n|-immune|p2a: Incineroar\n|move|p2b: Rotom|Volt Switch|p1a: Klefki\n|-damage|p1a: Klefki|79/100\n|\n|t:|1776115420\n|switch|p2b: Aerodactyl|Aerodactyl, L50, M|100/100|[from] Volt Switch\n|-ability|p2b: Aerodactyl|Unnerve\n|\n|upkeep\n|turn|3\n|\n|t:|1776115426\n|move|p2b: Aerodactyl|Protect|p2b: Aerodactyl\n|-singleturn|p2b: Aerodactyl|Protect\n|move|p1a: Klefki|Reflect|p1a: Klefki\n|-sidestart|p1: Pokipls|Reflect\n|move|p2a: Incineroar|Flare Blitz|p1a: Klefki\n|-supereffective|p1a: Klefki|1\n|-damage|p1a: Klefki|30/100\n|-damage|p2a: Incineroar|88/100|[from] Recoil\n|move|p1b: Corviknight|Bulk Up|p1b: Corviknight\n|-boost|p1b: Corviknight|atk|1\n|-boost|p1b: Corviknight|def|1\n|\n|upkeep\n|turn|4\n|\n|t:|1776115440\n|move|p1a: Klefki|Thunder Wave|p2b: Aerodactyl\n|-status|p2b: Aerodactyl|par\n|move|p2b: Aerodactyl|Tailwind|p2b: Aerodactyl\n|-sidestart|p2: maxirp_64|move: Tailwind\n|move|p2a: Incineroar|Flare Blitz|p1a: Klefki\n|-supereffective|p1a: Klefki|1\n|-damage|p1a: Klefki|0 fnt\n|faint|p1a: Klefki\n|-damage|p2a: Incineroar|80/100|[from] Recoil\n|move|p1b: Corviknight|Brave Bird|p2a: Incineroar\n|-damage|p2a: Incineroar|11/100\n|-enditem|p2a: Incineroar|Sitrus Berry|[eat]\n|-heal|p2a: Incineroar|36/100|[from] item: Sitrus Berry\n|-damage|p1b: Corviknight|78/100|[from] Recoil\n|\n|-heal|p1b: Corviknight|84/100|[from] item: Leftovers\n|upkeep\n|\n|t:|1776115455\n|switch|p1a: Palafin|Palafin-Hero, L50, M|100/100\n|-activate|p1a: Palafin|ability: Zero to Hero\n|turn|5\n|\n|t:|1776115462\n|move|p1a: Palafin|Jet Punch|p2a: Incineroar\n|-supereffective|p2a: Incineroar|1\n|-damage|p2a: Incineroar|0 fnt\n|faint|p2a: Incineroar\n|move|p2b: Aerodactyl|Dual Wingbeat|p1a: Palafin\n|-damage|p1a: Palafin|87/100\n|-damage|p1a: Palafin|73/100\n|-hitcount|p1a: Palafin|2\n|move|p1b: Corviknight|Iron Head|p2b: Aerodactyl\n|-supereffective|p2b: Aerodactyl|1\n|-enditem|p2b: Aerodactyl|Focus Sash\n|-damage|p2b: Aerodactyl|1/100 par\n|\n|-heal|p1b: Corviknight|90/100|[from] item: Leftovers\n|-sideend|p1: Pokipls|move: Light Screen\n|upkeep\n|\n|t:|1776115473\n|switch|p2a: Rotom|Rotom-Wash, L50, shiny|100/100\n|turn|6\n|\n|t:|1776115482\n|move|p1a: Palafin|Protect|p1a: Palafin\n|-singleturn|p1a: Palafin|Protect\n|move|p2a: Rotom|Electroweb|p1b: Corviknight|[spread] p1b\n|-activate|p1a: Palafin|move: Protect\n|-supereffective|p1b: Corviknight|1\n|-damage|p1b: Corviknight|58/100\n|-ability|p1b: Corviknight|Mirror Armor\n|-unboost|p2a: Rotom|spe|1\n|move|p2b: Aerodactyl|Dual Wingbeat|p1a: Palafin\n|-activate|p1a: Palafin|move: Protect\n|move|p1b: Corviknight|Roost|p1b: Corviknight\n|-heal|p1b: Corviknight|100/100\n|-singleturn|p1b: Corviknight|move: Roost\n|\n|upkeep\n|turn|7\n|\n|t:|1776115501\n|move|p1a: Palafin|Jet Punch|p2b: Aerodactyl\n|-supereffective|p2b: Aerodactyl|1\n|-damage|p2b: Aerodactyl|0 fnt\n|faint|p2b: Aerodactyl\n|move|p2a: Rotom|Electroweb|p1b: Corviknight|[spread] p1a,p1b\n|-supereffective|p1a: Palafin|1\n|-supereffective|p1b: Corviknight|1\n|-damage|p1a: Palafin|25/100\n|-damage|p1b: Corviknight|68/100\n|-unboost|p1a: Palafin|spe|1\n|-ability|p1b: Corviknight|Mirror Armor\n|-unboost|p2a: Rotom|spe|1\n|move|p1b: Corviknight|Brave Bird|p2a: Rotom\n|-resisted|p2a: Rotom|1\n|-damage|p2a: Rotom|58/100\n|-damage|p1b: Corviknight|60/100|[from] Recoil\n|\n|-heal|p1b: Corviknight|65/100|[from] item: Leftovers\n|-sideend|p1: Pokipls|Reflect\n|-sideend|p2: maxirp_64|move: Tailwind\n|upkeep\n|\n|t:|1776115508\n|switch|p2b: Gardevoir|Gardevoir-Mega, L50, M, shiny|100/100\n|turn|8\n|\n|t:|1776115518\n|move|p1a: Palafin|Protect|p1a: Palafin\n|-singleturn|p1a: Palafin|Protect\n|move|p2b: Gardevoir|Hyper Voice|p1a: Palafin|[spread] p1b\n|-activate|p1a: Palafin|move: Protect\n|-resisted|p1b: Corviknight|1\n|-damage|p1b: Corviknight|43/100\n|move|p2a: Rotom|Electroweb|p1b: Corviknight|[spread] p1b\n|-activate|p1a: Palafin|move: Protect\n|-supereffective|p1b: Corviknight|1\n|-damage|p1b: Corviknight|10/100\n|-ability|p1b: Corviknight|Mirror Armor\n|-unboost|p2a: Rotom|spe|1\n|move|p1b: Corviknight|Roost|p1b: Corviknight\n|-heal|p1b: Corviknight|60/100\n|-singleturn|p1b: Corviknight|move: Roost\n|\n|-heal|p1b: Corviknight|66/100|[from] item: Leftovers\n|upkeep\n|turn|9\n|\n|t:|1776115538\n|move|p1a: Palafin|Jet Punch|p2b: Gardevoir\n|-damage|p2b: Gardevoir|49/100\n|move|p2b: Gardevoir|Hyper Voice|p1b: Corviknight|[spread] p1a,p1b\n|-resisted|p1b: Corviknight|1\n|-damage|p1a: Palafin|0 fnt\n|-damage|p1b: Corviknight|44/100\n|faint|p1a: Palafin\n|move|p1b: Corviknight|Roost|p1b: Corviknight\n|-heal|p1b: Corviknight|95/100\n|-singleturn|p1b: Corviknight|move: Roost\n|move|p2a: Rotom|Electroweb|p1b: Corviknight\n|-damage|p1b: Corviknight|71/100\n|-ability|p1b: Corviknight|Mirror Armor\n|-unboost|p2a: Rotom|spe|1\n|\n|-heal|p1b: Corviknight|77/100|[from] item: Leftovers\n|upkeep\n|\n|t:|1776115541\n|switch|p1a: Floette|Floette-Eternal, L50, F|100/100\n|turn|10\n|\n|t:|1776115556\n|detailschange|p1a: Floette|Floette-Mega, L50, F\n|-mega|p1a: Floette|Floette|Floettite\n|-ability|p1a: Floette|Fairy Aura\n|move|p1a: Floette|Moonblast|p2b: Gardevoir\n|-damage|p2b: Gardevoir|0 fnt\n|faint|p2b: Gardevoir\n|move|p1b: Corviknight|Roost|p1b: Corviknight\n|-heal|p1b: Corviknight|100/100\n|-singleturn|p1b: Corviknight|move: Roost\n|move|p2a: Rotom|Electroweb|p1a: Floette|[spread] p1a,p1b\n|-crit|p1b: Corviknight\n|-damage|p1a: Floette|85/100\n|-damage|p1b: Corviknight|76/100\n|-unboost|p1a: Floette|spe|1\n|-ability|p1b: Corviknight|Mirror Armor\n|-unboost|p2a: Rotom|spe|1\n|\n|-heal|p1b: Corviknight|81/100|[from] item: Leftovers\n|upkeep\n|turn|11\n|-message|maxirp_64 forfeited.\n|\n|win|Pokipls\n|raw|Pokipls's rating: 1349 &rarr; <strong>1372</strong><br />(+23 for winning)\n|raw|maxirp_64's rating: 1396 &rarr; <strong>1373</strong><br />(-23 for losing)\n|l|\u2606maxirp_64\n|player|p2|\n|l|\u2606Pokipls\n|player|p1|\n",
  "uploadtime": 1776115598,
  "views": 24,
  "formatid": "gen9championsvgc2026regma",
  "rating": 1372,
  "private": 0,
  "password": null
}