{
  "id": "gen9championsvgc2026regma-2587531175",
  "format": "[Gen 9 Champions] VGC 2026 Reg M-A",
  "players": [
    "DNAofthesoul111",
    "lukelby"
  ],
  "log": "|j|\u2606DNAofthesoul111\n|j|\u2606lukelby\n|t:|1776539795\n|gametype|doubles\n|player|p1|DNAofthesoul111|will|1124\n|player|p2|lukelby|hiker-gen4|1151\n|gen|9\n|tier|[Gen 9 Champions] VGC 2026 Reg M-A\n|rated|\n|rule|Species Clause: Limit one of each Pok\u00e9mon\n|rule|Item Clause: Limit 1 of each item\n|clearpoke\n|poke|p1|Kommo-o, L50, M|\n|poke|p1|Kangaskhan, L50, F|\n|poke|p1|Sinistcha, L50|\n|poke|p1|Milotic, L50, M|\n|poke|p1|Aerodactyl, L50, M|\n|poke|p1|Aegislash, L50, F|\n|poke|p2|Ninetales-Alola, L50, F|\n|poke|p2|Crabominable, L50, M|\n|poke|p2|Incineroar, L50, M|\n|poke|p2|Farigiraf, L50, F|\n|poke|p2|Glimmora, L50, M|\n|poke|p2|Decidueye-Hisui, L50, M|\n|teampreview|4\n|\n|t:|1776539822\n|teamsize|p1|4\n|teamsize|p2|4\n|start\n|switch|p1a: Aerodactyl|Aerodactyl, L50, M|100/100\n|switch|p1b: Kangaskhan|Kangaskhan, L50, F|100/100\n|switch|p2a: Cambiasso|Decidueye-Hisui, L50, M|100/100\n|switch|p2b: mimmer|Incineroar, L50, M|100/100\n|-ability|p1a: Aerodactyl|Unnerve\n|-ability|p2b: mimmer|Intimidate|boost\n|-unboost|p1a: Aerodactyl|atk|1\n|-fail|p1b: Kangaskhan|unboost|Attack|[from] ability: Inner Focus|[of] p1b: Kangaskhan\n|turn|1\n|\n|t:|1776539841\n|detailschange|p1b: Kangaskhan|Kangaskhan-Mega, L50, F\n|-mega|p1b: Kangaskhan|Kangaskhan|Kangaskhanite\n|move|p2a: Cambiasso|Protect|p2a: Cambiasso\n|-singleturn|p2a: Cambiasso|Protect\n|move|p1b: Kangaskhan|Fake Out|p2b: mimmer\n|-damage|p2b: mimmer|81/100\n|-damage|p2b: mimmer|77/100\n|-hitcount|p2b: mimmer|2\n|cant|p2b: mimmer|flinch\n|move|p1a: Aerodactyl|Dual Wingbeat|p2a: Cambiasso\n|-activate|p2a: Cambiasso|move: Protect\n|\n|upkeep\n|turn|2\n|\n|t:|1776539859\n|switch|p2a: minnie|Ninetales-Alola, L50, F|100/100\n|-weather|Snowscape|[from] ability: Snow Warning|[of] p2a: minnie\n|move|p1a: Aerodactyl|Dual Wingbeat|p2a: minnie\n|-damage|p2a: minnie|90/100\n|-damage|p2a: minnie|79/100\n|-hitcount|p2a: minnie|2\n|move|p1b: Kangaskhan|Drain Punch|p2b: mimmer\n|-supereffective|p2b: mimmer|1\n|-damage|p2b: mimmer|28/100\n|-supereffective|p2b: mimmer|1\n|-damage|p2b: mimmer|16/100\n|-hitcount|p2b: mimmer|2\n|move|p2b: mimmer|Will-O-Wisp|p1a: Aerodactyl\n|-status|p1a: Aerodactyl|brn\n|\n|-weather|Snowscape|[upkeep]\n|-damage|p1a: Aerodactyl|95/100 brn|[from] brn\n|upkeep\n|turn|3\n|\n|t:|1776539881\n|move|p1a: Aerodactyl|Rock Slide|p2a: minnie|[spread] p2a,p2b\n|-supereffective|p2a: minnie|1\n|-supereffective|p2b: mimmer|1\n|-damage|p2a: minnie|64/100\n|-damage|p2b: mimmer|0 fnt\n|faint|p2b: mimmer\n|cant|p2a: minnie|flinch\n|move|p1b: Kangaskhan|Double-Edge|p2a: minnie\n|-damage|p2a: minnie|11/100\n|-damage|p2a: minnie|0 fnt\n|faint|p2a: minnie\n|-hitcount|p2: minnie|2\n|-damage|p1b: Kangaskhan|80/100|[from] Recoil\n|\n|-weather|Snowscape|[upkeep]\n|-damage|p1a: Aerodactyl|89/100 brn|[from] brn\n|upkeep\n|\n|t:|1776539891\n|switch|p2a: Broly|Crabominable, L50, M|100/100\n|switch|p2b: Cambiasso|Decidueye-Hisui, L50, M|100/100\n|turn|4\n|\n|t:|1776539908\n|detailschange|p2a: Broly|Crabominable-Mega, L50, M\n|-mega|p2a: Broly|Crabominable|Crabominite\n|move|p2b: Cambiasso|Protect|p2b: Cambiasso\n|-singleturn|p2b: Cambiasso|Protect\n|move|p1a: Aerodactyl|Dual Wingbeat|p2b: Cambiasso\n|-activate|p2b: Cambiasso|move: Protect\n|move|p1b: Kangaskhan|Drain Punch|p2a: Broly\n|-supereffective|p2a: Broly|1\n|-damage|p2a: Broly|75/100\n|-heal|p1b: Kangaskhan|94/100|[from] drain|[of] p2a: Broly\n|-supereffective|p2a: Broly|1\n|-damage|p2a: Broly|69/100\n|-heal|p1b: Kangaskhan|97/100|[from] drain|[of] p2a: Broly\n|-hitcount|p2a: Broly|2\n|move|p2a: Broly|Drain Punch|p1b: Kangaskhan\n|-supereffective|p1b: Kangaskhan|1\n|-damage|p1b: Kangaskhan|0 fnt\n|-heal|p2a: Broly|100/100|[from] drain|[of] p1b: Kangaskhan\n|faint|p1b: Kangaskhan\n|\n|-weather|Snowscape|[upkeep]\n|-damage|p1a: Aerodactyl|83/100 brn|[from] brn\n|upkeep\n|\n|t:|1776539928\n|switch|p1b: Aegislash|Aegislash, L50, F|100/100\n|turn|5\n|\n|t:|1776539939\n|move|p1a: Aerodactyl|Dual Wingbeat|p2b: Cambiasso\n|-supereffective|p2b: Cambiasso|2\n|-crit|p2b: Cambiasso\n|-damage|p2b: Cambiasso|34/100\n|-supereffective|p2b: Cambiasso|2\n|-damage|p2b: Cambiasso|1/100\n|-hitcount|p2b: Cambiasso|2\n|move|p2b: Cambiasso|Close Combat|p1b: Aegislash\n|-supereffective|p1b: Aegislash|1\n|-damage|p1b: Aegislash|0 fnt\n|-unboost|p2b: Cambiasso|def|1\n|-unboost|p2b: Cambiasso|spd|1\n|faint|p1b: Aegislash\n|move|p2a: Broly|Ice Hammer|p1a: Aerodactyl\n|-supereffective|p1a: Aerodactyl|1\n|-damage|p1a: Aerodactyl|0 fnt\n|-unboost|p2a: Broly|spe|1\n|faint|p1a: Aerodactyl\n|\n|-weather|Snowscape|[upkeep]\n|upkeep\n|\n|t:|1776539953\n|switch|p1b: Kommo-o|Kommo-o, L50, M|100/100\n|turn|6\n|\n|t:|1776539962\n|move|p1b: Kommo-o|Earthquake|p2b: Cambiasso|[spread] p2a,p2b\n|-resisted|p2b: Cambiasso|1\n|-damage|p2a: Broly|88/100\n|-damage|p2b: Cambiasso|0 fnt\n|faint|p2b: Cambiasso\n|move|p2a: Broly|Ice Hammer|p1b: Kommo-o\n|-supereffective|p1b: Kommo-o|1\n|-damage|p1b: Kommo-o|0 fnt\n|-unboost|p2a: Broly|spe|1\n|faint|p1b: Kommo-o\n|\n|win|lukelby\n|raw|DNAofthesoul111's rating: 1124 &rarr; <strong>1101</strong><br />(-23 for losing)\n|raw|lukelby's rating: 1151 &rarr; <strong>1174</strong><br />(+23 for winning)\n|l|\u2606DNAofthesoul111\n|player|p1|\n",
  "uploadtime": 1776539992,
  "views": 20,
  "formatid": "gen9championsvgc2026regma",
  "rating": 1101,
  "private": 0,
  "password": null
}