{
  "id": "gen9championsvgc2026regma-2582520730",
  "format": "[Gen 9 Champions] VGC 2026 Reg M-A",
  "players": [
    "Frosthold",
    "Meowraure"
  ],
  "log": "|j|\u2606Frosthold\n|j|\u2606Meowraure\n|t:|1776096955\n|gametype|doubles\n|player|p1|Frosthold|nate|1000\n|player|p2|Meowraure|hilda|1000\n|gen|9\n|tier|[Gen 9 Champions] VGC 2026 Reg M-A\n|rated|\n|rule|Species Clause: Limit one of each Pok\u00e9mon\n|rule|Item Clause: Limit 1 of each item\n|clearpoke\n|poke|p1|Charizard, L50, F|\n|poke|p1|Sableye, L50, F|\n|poke|p1|Manectric, L50, F|\n|poke|p1|Aerodactyl, L50, M|\n|poke|p1|Garchomp, L50, M|\n|poke|p1|Heliolisk, L50, M|\n|poke|p2|Ninetales-Alola, L50, M|\n|poke|p2|Floette-Eternal, L50, F|\n|poke|p2|Aerodactyl, L50, F|\n|poke|p2|Meowstic, L50, M|\n|poke|p2|Krookodile, L50, F|\n|poke|p2|Aggron, L50, M|\n|teampreview|4\nFrosthold has agreed to open team sheets.\n|inactive|Battle timer is ON: inactive players will automatically lose when time's up. (requested by Meowraure)\n|\n|t:|1776097027\n|teamsize|p1|4\n|teamsize|p2|4\n|start\n|switch|p1a: Aerodactyl|Aerodactyl, L50, M|100/100\n|switch|p1b: Sableye|Sableye, L50, F|100/100\n|switch|p2a: Meowstic|Meowstic, L50, M|100/100\n|switch|p2b: Aerodactyl|Aerodactyl, L50, F|100/100\n|-ability|p1a: Aerodactyl|Unnerve\n|-ability|p2b: Aerodactyl|Unnerve\n|turn|1\n|\n|t:|1776097042\n|move|p2a: Meowstic|Fake Out|p1b: Sableye\n|-immune|p1b: Sableye\n|move|p1b: Sableye|Fake Out|p2b: Aerodactyl\n|-resisted|p2b: Aerodactyl|1\n|-damage|p2b: Aerodactyl|95/100\n|cant|p2b: Aerodactyl|flinch\n|move|p1a: Aerodactyl|Rock Slide|p2a: Meowstic|[spread] p2a,p2b\n|-supereffective|p2b: Aerodactyl|1\n|-damage|p2a: Meowstic|72/100\n|-damage|p2b: Aerodactyl|18/100\n|\n|-heal|p2b: Aerodactyl|24/100|[from] item: Leftovers\n|upkeep\n|turn|2\n|\n|t:|1776097058\n|move|p2a: Meowstic|Helping Hand|p2b: Aerodactyl\n|-singleturn|p2b: Aerodactyl|Helping Hand|[of] p2a: Meowstic\n|move|p1b: Sableye|Gravity|p1b: Sableye\n|-fieldstart|move: Gravity\n|move|p2b: Aerodactyl|Rock Slide|p1b: Sableye|[spread] p1a,p1b\n|-supereffective|p1a: Aerodactyl|1\n|-damage|p1a: Aerodactyl|0 fnt\n|-damage|p1b: Sableye|58/100\n|faint|p1a: Aerodactyl\n|\n|-heal|p2b: Aerodactyl|30/100|[from] item: Leftovers\n|-heal|p1b: Sableye|64/100|[from] item: Leftovers\n|upkeep\n|\n|t:|1776097077\n|switch|p1a: Heliolisk|Heliolisk, L50, M, shiny|100/100\n|turn|3\n|\n|t:|1776097088\n|move|p2a: Meowstic|Thunder Wave|p1b: Sableye\n|-hint|Since gen 7, Dark is immune to Prankster moves.\n|-immune|p1b: Sableye\n|move|p1b: Sableye|Reflect|p1b: Sableye\n|-sidestart|p1: Frosthold|Reflect\n|move|p2b: Aerodactyl|Rock Slide|p1a: Heliolisk|[spread] p1a,p1b\n|-damage|p1a: Heliolisk|65/100\n|-damage|p1b: Sableye|44/100\n|move|p1a: Heliolisk|Volt Switch|p2b: Aerodactyl\n|-supereffective|p2b: Aerodactyl|1\n|-damage|p2b: Aerodactyl|0 fnt\n|faint|p2b: Aerodactyl\n|\n|t:|1776097101\n|switch|p1a: Charizard|Charizard, L50, F, shiny|100/100|[from] Volt Switch\n|\n|-heal|p1b: Sableye|50/100|[from] item: Leftovers\n|upkeep\n|c|\u2606Meowraure|real recognizes real\n|\n|t:|1776097106\n|switch|p2b: Aggron|Aggron, L50, M|100/100\n|turn|4\n|\n|t:|1776097118\n|detailschange|p1a: Charizard|Charizard-Mega-Y, L50, F, shiny\n|-mega|p1a: Charizard|Charizard|Charizardite Y\n|-weather|SunnyDay|[from] ability: Drought|[of] p1a: Charizard\n|detailschange|p2b: Aggron|Aggron-Mega, L50, M\n|-mega|p2b: Aggron|Aggron|Aggronite\n|move|p2a: Meowstic|Thunder Wave|p1a: Charizard\n|-status|p1a: Charizard|par\n|move|p1b: Sableye|Light Screen|p1b: Sableye\n|-sidestart|p1: Frosthold|move: Light Screen\n|move|p2b: Aggron|Stone Edge|p1a: Charizard\n|-supereffective|p1a: Charizard|2\n|-damage|p1a: Charizard|0 fnt\n|faint|p1a: Charizard\n|\n|-weather|SunnyDay|[upkeep]\n|-heal|p1b: Sableye|55/100|[from] item: Leftovers\n|upkeep\n|\n|t:|1776097131\n|switch|p1a: Heliolisk|Heliolisk, L50, M, shiny|65/100\n|turn|5\n|\n|t:|1776097151\n|switch|p2a: Ninetales|Ninetales-Alola, L50, M|100/100\n|-weather|Snowscape|[from] ability: Snow Warning|[of] p2a: Ninetales\n|move|p1b: Sableye|Gravity||[still]\n|-fail|p1b: Sableye\n|move|p1a: Heliolisk|Volt Switch|p2b: Aggron\n|-damage|p2b: Aggron|57/100\n|move|p2b: Aggron|Body Press|p1a: Heliolisk\n|-supereffective|p1a: Heliolisk|1\n|-damage|p1a: Heliolisk|0 fnt\n|faint|p1a: Heliolisk\n|\n|-weather|Snowscape|[upkeep]\n|-heal|p1b: Sableye|61/100|[from] item: Leftovers\n|upkeep\n|turn|6\n|-message|Frosthold forfeited.\n|\n|win|Meowraure\n|raw|Frosthold's rating: 1000 &rarr; <strong>1000</strong><br />(+0 for losing)\n|raw|Meowraure's rating: 1000 &rarr; <strong>1040</strong><br />(+40 for winning)\n|l|\u2606Frosthold\n|player|p1|\n",
  "uploadtime": 1776097173,
  "views": 27,
  "formatid": "gen9championsvgc2026regma",
  "rating": 1000,
  "private": 0,
  "password": null
}