{
  "id": "gen9championsvgc2026regma-2581924964",
  "format": "[Gen 9 Champions] VGC 2026 Reg M-A",
  "players": [
    "SkelyStealth",
    "Luh_simoes-04"
  ],
  "log": "|j|\u2606SkelyStealth\n|j|\u2606Luh_simoes-04\n|t:|1776040261\n|gametype|doubles\n|player|p1|SkelyStealth|yellow|1314\n|player|p2|Luh_simoes-04|drayden|1357\n|gen|9\n|tier|[Gen 9 Champions] VGC 2026 Reg M-A\n|rated|\n|rule|Species Clause: Limit one of each Pok\u00e9mon\n|rule|Item Clause: Limit 1 of each item\n|clearpoke\n|poke|p1|Farigiraf, L50, F|\n|poke|p1|Mimikyu, L50, F|\n|poke|p1|Incineroar, L50, F|\n|poke|p1|Torkoal, L50, M|\n|poke|p1|Crabominable, L50, F|\n|poke|p1|Scovillain, L50, M|\n|poke|p2|Maushold-Four, L50|\n|poke|p2|Kingambit, L50, F|\n|poke|p2|Gardevoir, L50, M|\n|poke|p2|Chandelure, L50, M|\n|poke|p2|Sneasler, L50, F|\n|poke|p2|Corviknight, L50, F|\n|teampreview|4\n|inactive|Battle timer is ON: inactive players will automatically lose when time's up. (requested by Luh_simoes-04)\n|j| No.1yZap2\n|inactive|SkelyStealth has 60 seconds left.\n|\n|t:|1776040308\n|teamsize|p1|4\n|teamsize|p2|4\n|start\n|switch|p1a: Sung Jin-woo|Farigiraf, L50, F|100/100\n|switch|p1b: Lazy Cat|Incineroar, L50, F|100/100\n|switch|p2a: Sneasler|Sneasler, L50, F|100/100\n|switch|p2b: Kingambit|Kingambit, L50, F|100/100\n|-ability|p1b: Lazy Cat|Intimidate|boost\n|-unboost|p2a: Sneasler|atk|1\n|-unboost|p2b: Kingambit|atk|1\n|-ability|p2b: Kingambit|Defiant|boost\n|-boost|p2b: Kingambit|atk|2\n|-enditem|p2a: Sneasler|White Herb\n|-clearnegativeboost|p2a: Sneasler|[silent]\n|turn|1\n|\n|t:|1776040325\n|move|p2a: Sneasler|Fake Out||[still]\n|cant|p1a: Sung Jin-woo|ability: Armor Tail|Fake Out|[of] p2a: Sneasler\n|move|p1b: Lazy Cat|Close Combat|p2b: Kingambit\n|-supereffective|p2b: Kingambit|2\n|-damage|p2b: Kingambit|0 fnt\n|-unboost|p1b: Lazy Cat|def|1\n|-unboost|p1b: Lazy Cat|spd|1\n|faint|p2b: Kingambit\n|-enditem|p1b: Lazy Cat|White Herb\n|-clearnegativeboost|p1b: Lazy Cat|[silent]\n|move|p1a: Sung Jin-woo|Psychic|p2a: Sneasler\n|-supereffective|p2a: Sneasler|2\n|-damage|p2a: Sneasler|0 fnt\n|faint|p2a: Sneasler\n|\n|upkeep\n|\n|t:|1776040334\n|switch|p2a: Gardevoir|Gardevoir, L50, M|100/100\n|switch|p2b: Chandelure|Chandelure, L50, M|100/100\n|-ability|p2a: Gardevoir|Intimidate|Trace|[from] ability: Trace|[of] p1b: Lazy Cat\n|-ability|p2a: Gardevoir|Intimidate|boost\n|-unboost|p1a: Sung Jin-woo|atk|1\n|-unboost|p1b: Lazy Cat|atk|1\n|turn|2\n|\n|t:|1776040340\n|detailschange|p2a: Gardevoir|Gardevoir-Mega, L50, M\n|-mega|p2a: Gardevoir|Gardevoir|Gardevoirite\n|move|p2a: Gardevoir|Hyper Voice|p1a: Sung Jin-woo|[spread] p1a,p1b\n|-damage|p1a: Sung Jin-woo|44/100\n|-damage|p1b: Lazy Cat|49/100\n|-enditem|p1a: Sung Jin-woo|Sitrus Berry|[eat]\n|-heal|p1a: Sung Jin-woo|68/100|[from] item: Sitrus Berry\n|move|p2b: Chandelure|Heat Wave|p1a: Sung Jin-woo|[spread] p1a,p1b\n|-resisted|p1b: Lazy Cat|1\n|-damage|p1a: Sung Jin-woo|30/100\n|-damage|p1b: Lazy Cat|29/100\n|move|p1b: Lazy Cat|Darkest Lariat|p2b: Chandelure\n|-supereffective|p2b: Chandelure|1\n|-enditem|p2b: Chandelure|Colbur Berry|[eat]\n|-enditem|p2b: Chandelure|Colbur Berry|[weaken]\n|-damage|p2b: Chandelure|69/100\n|move|p1a: Sung Jin-woo|Trick Room|p1a: Sung Jin-woo\n|-fieldstart|move: Trick Room|[of] p1a: Sung Jin-woo\n|\n|upkeep\n|turn|3\n|l| No.1yZap2\n|\n|t:|1776040354\n|move|p1a: Sung Jin-woo|Helping Hand|p1b: Lazy Cat\n|-singleturn|p1b: Lazy Cat|Helping Hand|[of] p1a: Sung Jin-woo\n|move|p1b: Lazy Cat|Flare Blitz|p2a: Gardevoir\n|-damage|p2a: Gardevoir|11/100\n|-damage|p1b: Lazy Cat|3/100|[from] Recoil\n|move|p2a: Gardevoir|Hyper Voice|p1a: Sung Jin-woo|[spread] p1a,p1b\n|-crit|p1a: Sung Jin-woo\n|-damage|p1a: Sung Jin-woo|0 fnt\n|-damage|p1b: Lazy Cat|0 fnt\n|faint|p1a: Sung Jin-woo\n|faint|p1b: Lazy Cat\n|move|p2b: Chandelure|Trick Room|p2b: Chandelure\n|-fieldend|move: Trick Room\n|\n|upkeep\n|\n|t:|1776040359\n|switch|p1b: who invited bro|Scovillain, L50, M|100/100\n|switch|p1a: This fffire|Torkoal, L50, M|100/100\n|-weather|SunnyDay|[from] ability: Drought|[of] p1a: This fffire\n|turn|4\n|\n|t:|1776040370\n|move|p1b: who invited bro|Overheat|p2a: Gardevoir\n|-damage|p2a: Gardevoir|0 fnt\n|-unboost|p1b: who invited bro|spa|2\n|faint|p2a: Gardevoir\n|move|p2b: Chandelure|Heat Wave|p1a: This fffire|[spread] p1b\n|-miss|p2b: Chandelure|p1a: This fffire\n|-damage|p1b: who invited bro|21/100\n|move|p1a: This fffire|Earth Power|p2b: Chandelure\n|-supereffective|p2b: Chandelure|1\n|-damage|p2b: Chandelure|7/100\n|\n|-weather|SunnyDay|[upkeep]\n|upkeep\n|turn|5\n|\n|t:|1776040381\n|move|p1b: who invited bro|Leaf Storm|p2b: Chandelure\n|-resisted|p2b: Chandelure|1\n|-damage|p2b: Chandelure|0 fnt\n|-unboost|p1b: who invited bro|spa|2\n|faint|p2b: Chandelure\n|\n|win|SkelyStealth\n|raw|SkelyStealth's rating: 1314 &rarr; <strong>1336</strong><br />(+22 for winning)\n|raw|Luh_simoes-04's rating: 1357 &rarr; <strong>1335</strong><br />(-22 for losing)\n|l|\u2606Luh_simoes-04\n|player|p2|\n|l|\u2606SkelyStealth\n|player|p1|\n",
  "uploadtime": 1776040393,
  "views": 42,
  "formatid": "gen9championsvgc2026regma",
  "rating": 1335,
  "private": 0,
  "password": null
}