{
  "id": "gen9championsvgc2026regma-2580653004",
  "format": "[Gen 9 Champions] VGC 2026 Reg M-A",
  "players": [
    "Zmr56",
    "InaZico"
  ],
  "log": "|j|\u2606Zmr56\n|j|\u2606InaZico\n|t:|1775921542\n|gametype|doubles\n|player|p1|Zmr56|bruno|1037\n|player|p2|InaZico|steven|1130\n|gen|9\n|tier|[Gen 9 Champions] VGC 2026 Reg M-A\n|rated|\n|rule|Species Clause: Limit one of each Pok\u00e9mon\n|rule|Item Clause: Limit 1 of each item\n|clearpoke\n|poke|p1|Meganium, L50, M|\n|poke|p1|Politoed, L50, M|\n|poke|p1|Dragonite, L50, M|\n|poke|p1|Hatterene, L50, F|\n|poke|p1|Incineroar, L50, M|\n|poke|p1|Basculegion, L50, M|\n|poke|p2|Charizard, L50, F|\n|poke|p2|Sneasler, L50, M|\n|poke|p2|Kingambit, L50, F|\n|poke|p2|Maushold, L50|\n|poke|p2|Dragapult, L50, F|\n|poke|p2|Garchomp, L50, M|\n|teampreview|4\nZmr56 has agreed to open team sheets.\n|c|\u2606Zmr56|Glhf\n|\n|t:|1775921573\n|teamsize|p1|4\n|teamsize|p2|4\n|start\n|switch|p1a: Dragonite|Dragonite, L50, M|100/100\n|switch|p1b: Basculegion|Basculegion, L50, M|100/100\n|switch|p2a: Charizard|Charizard, L50, F|100/100\n|switch|p2b: Sneasler|Sneasler, L50, M|100/100\n|turn|1\n|\n|t:|1775921595\n|switch|p2a: Dragapult|Dragapult, L50, F|100/100\n|move|p2b: Sneasler|Fake Out|p1a: Dragonite\n|-damage|p1a: Dragonite|85/100\n|move|p1b: Basculegion|Flip Turn|p2b: Sneasler\n|-damage|p2b: Sneasler|34/100\n|\n|t:|1775921603\n|switch|p1b: Politoed|Politoed, L50, M|100/100|[from] Flip Turn\n|-weather|RainDance|[from] ability: Drizzle|[of] p1b: Politoed\n|move|p1a: Dragonite|Rock Tomb|p2a: Dragapult\n|-damage|p2a: Dragapult|79/100\n|\n|-weather|RainDance|[upkeep]\n|upkeep\n|turn|2\n|\n|t:|1775921623\n|switch|p2b: Charizard|Charizard, L50, F|100/100\n|move|p1a: Dragonite|Protect|p1a: Dragonite\n|-singleturn|p1a: Dragonite|Protect\n|move|p2a: Dragapult|Draco Meteor|p1a: Dragonite\n|-activate|p1a: Dragonite|move: Protect\n|move|p1b: Politoed|Muddy Water|p2b: Charizard|[spread] p2a,p2b\n|-resisted|p2a: Dragapult|1\n|-crit|p2a: Dragapult\n|-supereffective|p2b: Charizard|1\n|-damage|p2a: Dragapult|30/100\n|-damage|p2b: Charizard|12/100\n|\n|-weather|RainDance|[upkeep]\n|upkeep\n|turn|3\n|\n|t:|1775921643\n|switch|p1a: Meganium|Meganium, L50, M|100/100\n|detailschange|p2b: Charizard|Charizard-Mega-Y, L50, F\n|-mega|p2b: Charizard|Charizard|Charizardite Y\n|-weather|SunnyDay|[from] ability: Drought|[of] p2b: Charizard\n|move|p2a: Dragapult|Shadow Ball|p1a: Meganium\n|-damage|p1a: Meganium|67/100\n|-unboost|p1a: Meganium|spd|1\n|move|p2b: Charizard|Solar Beam||[still]\n|-prepare|p2b: Charizard|Solar Beam\n|-anim|p2b: Charizard|Solar Beam|p1b: Politoed\n|-supereffective|p1b: Politoed|1\n|-enditem|p1b: Politoed|Focus Sash\n|-damage|p1b: Politoed|1/100\n|move|p1b: Politoed|Icy Wind|p2a: Dragapult|[spread] p2a,p2b\n|-supereffective|p2a: Dragapult|1\n|-crit|p2a: Dragapult\n|-damage|p2a: Dragapult|0 fnt\n|-damage|p2b: Charizard|3/100\n|-unboost|p2b: Charizard|spe|1\n|faint|p2a: Dragapult\n|\n|-weather|SunnyDay|[upkeep]\n|upkeep\n|\n|t:|1775921664\n|switch|p2a: Sneasler|Sneasler, L50, M|34/100\n|turn|4\n|\n|t:|1775921672\n|switch|p1b: Basculegion|Basculegion, L50, M|100/100\n|detailschange|p1a: Meganium|Meganium-Mega, L50, M\n|-mega|p1a: Meganium|Meganium|Meganiumite\n|move|p2a: Sneasler|Fake Out|p1a: Meganium\n|-damage|p1a: Meganium|53/100\n|cant|p1a: Meganium|flinch\n|move|p2b: Charizard|Heat Wave|p1b: Basculegion|[spread] p1a,p1b\n|-supereffective|p1a: Meganium|1\n|-resisted|p1b: Basculegion|1\n|-damage|p1a: Meganium|0 fnt\n|-damage|p1b: Basculegion|64/100\n|-status|p1b: Basculegion|brn\n|faint|p1a: Meganium\n|\n|-weather|SunnyDay|[upkeep]\n|-damage|p1b: Basculegion|58/100 brn|[from] brn\n|upkeep\n|\n|t:|1775921681\n|switch|p1a: Politoed|Politoed, L50, M|1/100\n|-weather|RainDance|[from] ability: Drizzle|[of] p1a: Politoed\n|turn|5\n|\n|t:|1775921695\n|move|p1b: Basculegion|Flip Turn|p2a: Sneasler\n|-damage|p2a: Sneasler|0 fnt\n|faint|p2a: Sneasler\n|\n|t:|1775921697\n|switch|p1b: Dragonite|Dragonite, L50, M|85/100|[from] Flip Turn\n|move|p1a: Politoed|Icy Wind|p2b: Charizard\n|-damage|p2b: Charizard|0 fnt\n|faint|p2b: Charizard\n|\n|-weather|RainDance|[upkeep]\n|upkeep\n|\n|t:|1775921731\n|switch|p2a: Kingambit|Kingambit, L50, F|100/100\n|turn|6\n|\n|t:|1775921741\n|move|p1a: Politoed|Protect|p1a: Politoed\n|-singleturn|p1a: Politoed|Protect\n|move|p2a: Kingambit|Protect|p2a: Kingambit\n|-singleturn|p2a: Kingambit|Protect\n|move|p1b: Dragonite|Hurricane|p2a: Kingambit\n|-activate|p2a: Kingambit|move: Protect\n|\n|-weather|RainDance|[upkeep]\n|upkeep\n|turn|7\n|\n|t:|1775921757\n|switch|p1a: Basculegion|Basculegion, L50, M|58/100 brn\n|move|p2a: Kingambit|Sucker Punch||[still]\n|-fail|p2a: Kingambit\n|move|p1b: Dragonite|Hurricane|p2a: Kingambit\n|-resisted|p2a: Kingambit|1\n|-damage|p2a: Kingambit|76/100\n|\n|-weather|RainDance|[upkeep]\n|-damage|p1a: Basculegion|52/100 brn|[from] brn\n|upkeep\n|turn|8\n|\n|t:|1775921768\n|move|p1a: Basculegion|Aqua Jet|p2a: Kingambit\n|-damage|p2a: Kingambit|61/100\n|move|p1b: Dragonite|Hurricane|p2a: Kingambit\n|-resisted|p2a: Kingambit|1\n|-damage|p2a: Kingambit|39/100\n|move|p2a: Kingambit|Kowtow Cleave|p1a: Basculegion\n|-supereffective|p1a: Basculegion|1\n|-damage|p1a: Basculegion|0 fnt\n|faint|p1a: Basculegion\n|\n|-weather|RainDance|[upkeep]\n|upkeep\n|\n|t:|1775921775\n|switch|p1a: Politoed|Politoed, L50, M|1/100\n|turn|9\n|l|\u2606Zmr56\n|player|p1|\n|inactive|Battle timer is ON: inactive players will automatically lose when time's up. (requested by InaZico)\n|j|\u2606Zmr56\n|inactive|Zmr56 reconnected and has 80 seconds left.\n|player|p1|Zmr56|bruno|\n|\n|t:|1775921841\n|move|p2a: Kingambit|Sucker Punch|p1a: Politoed\n|-damage|p1a: Politoed|0 fnt\n|faint|p1a: Politoed\n|move|p1b: Dragonite|Hurricane|p2a: Kingambit\n|-resisted|p2a: Kingambit|1\n|-damage|p2a: Kingambit|18/100\n|-start|p2a: Kingambit|confusion\n|\n|-weather|none\n|upkeep\n|turn|10\n|\n|t:|1775921855\n|move|p1b: Dragonite|Draco Meteor|p2a: Kingambit\n|-resisted|p2a: Kingambit|1\n|-damage|p2a: Kingambit|0 fnt\n|-unboost|p1b: Dragonite|spa|2\n|faint|p2a: Kingambit\n|\n|win|Zmr56\n|raw|Zmr56's rating: 1037 &rarr; <strong>1080</strong><br />(+43 for winning)\n|raw|InaZico's rating: 1130 &rarr; <strong>1098</strong><br />(-32 for losing)\n|c|\u2606Zmr56|ggwp\n|l|\u2606InaZico\n|player|p2|\n",
  "uploadtime": 1775921873,
  "views": 14,
  "formatid": "gen9championsvgc2026regma",
  "rating": 1080,
  "private": 0,
  "password": null
}