{
  "id": "gen9championsvgc2026regma-2586543480",
  "format": "[Gen 9 Champions] VGC 2026 Reg M-A",
  "players": [
    "Worm MMilk",
    "YoshiForLife"
  ],
  "log": "|j|\u2606Worm MMilk\n|j|\u2606YoshiForLife\n|t:|1776441915\n|gametype|doubles\n|player|p1|Worm MMilk|169|1047\n|player|p2|YoshiForLife|lucas-gen4pt|1093\n|gen|9\n|tier|[Gen 9 Champions] VGC 2026 Reg M-A\n|rated|\n|rule|Species Clause: Limit one of each Pok\u00e9mon\n|rule|Item Clause: Limit 1 of each item\n|clearpoke\n|poke|p1|Maushold, L50|\n|poke|p1|Sneasler, L50, M|\n|poke|p1|Gardevoir, L50, M|\n|poke|p1|Tyranitar, L50, M|\n|poke|p1|Excadrill, L50, M|\n|poke|p1|Whimsicott, L50, F|\n|poke|p2|Jolteon, L50, F|\n|poke|p2|Arcanine-Hisui, L50, M|\n|poke|p2|Froslass, L50, F|\n|poke|p2|Garchomp, L50, F|\n|poke|p2|Hydreigon, L50, F|\n|poke|p2|Sneasler, L50, F|\n|teampreview|4\n|inactive|Battle timer is ON: inactive players will automatically lose when time's up. (requested by YoshiForLife)\nWorm MMilk rejected open team sheets.\n|inactive|YoshiForLife has 60 seconds left.\n|inactive|YoshiForLife has 30 seconds left.\n|\n|t:|1776441982\n|teamsize|p1|4\n|teamsize|p2|4\n|start\n|switch|p1a: I lose to Mothra|Tyranitar, L50, M|100/100\n|switch|p1b: Montgomery|Excadrill, L50, M|100/100\n|switch|p2a: Garchomp|Garchomp, L50, F|100/100\n|switch|p2b: Froslass|Froslass, L50, F|100/100\n|-weather|Sandstorm|[from] ability: Sand Stream|[of] p1a: I lose to Mothra\n|turn|1\n|\n|t:|1776442007\n|detailschange|p2b: Froslass|Froslass-Mega, L50, F\n|-mega|p2b: Froslass|Froslass|Froslassite\n|-weather|Snowscape|[from] ability: Snow Warning|[of] p2b: Froslass\n|move|p2b: Froslass|Protect|p2b: Froslass\n|-singleturn|p2b: Froslass|Protect\n|move|p2a: Garchomp|Stomping Tantrum|p1b: Montgomery\n|-supereffective|p1b: Montgomery|1\n|-damage|p1b: Montgomery|0 fnt\n|faint|p1b: Montgomery\n|move|p1a: I lose to Mothra|Knock Off|p2a: Garchomp\n|-damage|p2a: Garchomp|43/100\n|-damage|p1a: I lose to Mothra|88/100|[from] ability: Rough Skin|[of] p2a: Garchomp\n|-enditem|p2a: Garchomp|Choice Scarf|[from] move: Knock Off|[of] p1a: I lose to Mothra\n|\n|-weather|Snowscape|[upkeep]\n|upkeep\n|\n|t:|1776442021\n|switch|p1b: Coughing Baby|Whimsicott, L50, F|100/100\n|turn|2\n|\n|t:|1776442026\n|move|p1b: Coughing Baby|Tailwind|p1b: Coughing Baby\n|-sidestart|p1: Worm MMilk|move: Tailwind\n|move|p2b: Froslass|Blizzard|p1b: Coughing Baby|[spread] p1a,p1b\n|-supereffective|p1b: Coughing Baby|1\n|-damage|p1a: I lose to Mothra|44/100\n|-enditem|p1b: Coughing Baby|Focus Sash\n|-damage|p1b: Coughing Baby|1/100\n|move|p1a: I lose to Mothra|Rock Slide|p2b: Froslass|[spread] p2a,p2b\n|-resisted|p2a: Garchomp|1\n|-supereffective|p2b: Froslass|1\n|-damage|p2a: Garchomp|26/100\n|-damage|p2b: Froslass|29/100\n|move|p2a: Garchomp|Stomping Tantrum|p1a: I lose to Mothra\n|-supereffective|p1a: I lose to Mothra|1\n|-damage|p1a: I lose to Mothra|0 fnt\n|faint|p1a: I lose to Mothra\n|\n|-weather|Snowscape|[upkeep]\n|upkeep\n|\n|t:|1776442043\n|switch|p1a: Impaled|Gardevoir, L50, M|100/100\n|turn|3\n|\n|t:|1776442062\n|detailschange|p1a: Impaled|Gardevoir-Mega, L50, M\n|-mega|p1a: Impaled|Gardevoir|Gardevoirite\n|move|p2b: Froslass|Protect|p2b: Froslass\n|-singleturn|p2b: Froslass|Protect\n|move|p1b: Coughing Baby|Energy Ball|p2a: Garchomp\n|-damage|p2a: Garchomp|0 fnt\n|faint|p2a: Garchomp\n|move|p1a: Impaled|Calm Mind|p1a: Impaled\n|-boost|p1a: Impaled|spa|1\n|-boost|p1a: Impaled|spd|1\n|\n|-weather|Snowscape|[upkeep]\n|upkeep\n|\n|t:|1776442079\n|switch|p2a: Arcanine|Arcanine-Hisui, L50, M|100/100\n|-ability|p2a: Arcanine|Intimidate|boost\n|-unboost|p1a: Impaled|atk|1\n|-unboost|p1b: Coughing Baby|atk|1\n|turn|4\n|\n|t:|1776442098\n|move|p1b: Coughing Baby|Protect|p1b: Coughing Baby\n|-singleturn|p1b: Coughing Baby|Protect\n|move|p2a: Arcanine|Extreme Speed|p1b: Coughing Baby\n|-activate|p1b: Coughing Baby|move: Protect\n|move|p1a: Impaled|Hyper Voice|p2a: Arcanine|[spread] p2a,p2b\n|-resisted|p2a: Arcanine|1\n|-damage|p2a: Arcanine|53/100\n|-damage|p2b: Froslass|0 fnt\n|faint|p2b: Froslass\n|\n|-weather|Snowscape|[upkeep]\n|upkeep\n|\n|t:|1776442108\n|switch|p2b: Sneasler|Sneasler, L50, F|100/100\n|turn|5\n|\n|t:|1776442115\n|move|p1b: Coughing Baby|Protect|p1b: Coughing Baby\n|-singleturn|p1b: Coughing Baby|Protect\n|move|p1a: Impaled|Protect|p1a: Impaled\n|-singleturn|p1a: Impaled|Protect\n|move|p2b: Sneasler|Protect|p2b: Sneasler\n|-singleturn|p2b: Sneasler|Protect\n|move|p2a: Arcanine|Extreme Speed|p1b: Coughing Baby\n|-activate|p1b: Coughing Baby|move: Protect\n|\n|-weather|none\n|-sideend|p1: Worm MMilk|move: Tailwind\n|upkeep\n|turn|6\n|\n|t:|1776442133\n|move|p2a: Arcanine|Extreme Speed|p1b: Coughing Baby\n|-damage|p1b: Coughing Baby|0 fnt\n|faint|p1b: Coughing Baby\n|move|p2b: Sneasler|Dire Claw|p1a: Impaled\n|-supereffective|p1a: Impaled|1\n|-damage|p1a: Impaled|0 fnt\n|faint|p1a: Impaled\n|\n|win|YoshiForLife\n|raw|Worm MMilk's rating: 1047 &rarr; <strong>1032</strong><br />(-15 for losing)\n|raw|YoshiForLife's rating: 1093 &rarr; <strong>1116</strong><br />(+23 for winning)\n|c|\u2606YoshiForLife|gg\n|l|\u2606Worm MMilk\n|player|p1|\n",
  "uploadtime": 1776442142,
  "views": 30,
  "formatid": "gen9championsvgc2026regma",
  "rating": 1032,
  "private": 0,
  "password": null
}