{
  "id": "gen9championsvgc2026regma-2580581360",
  "format": "[Gen 9 Champions] VGC 2026 Reg M-A",
  "players": [
    "nidojking",
    "Smile expression"
  ],
  "log": "|j|\u2606nidojking\n|j|\u2606Smile expression\n|t:|1775915093\n|gametype|doubles\n|player|p1|nidojking|102|1032\n|player|p2|Smile expression|lucas|1040\n|gen|9\n|tier|[Gen 9 Champions] VGC 2026 Reg M-A\n|rated|\n|rule|Species Clause: Limit one of each Pok\u00e9mon\n|rule|Item Clause: Limit 1 of each item\n|clearpoke\n|poke|p1|Politoed, L50, F|\n|poke|p1|Ampharos, L50, F|\n|poke|p1|Scizor, L50, M|\n|poke|p1|Meowscarada, L50, M|\n|poke|p1|Azumarill, L50, M|\n|poke|p1|Houndoom, L50, F|\n|poke|p2|Charizard, L50, M|\n|poke|p2|Incineroar, L50, F|\n|poke|p2|Whimsicott, L50, F|\n|poke|p2|Garchomp, L50, F|\n|poke|p2|Rotom-Wash, L50|\n|poke|p2|Sneasler, L50, M|\n|teampreview|4\n|inactive|Battle timer is ON: inactive players will automatically lose when time's up. (requested by nidojking)\n|inactive|Smile expression has 60 seconds left.\n|\n|t:|1775915128\n|teamsize|p1|4\n|teamsize|p2|4\n|start\n|switch|p1a: Scizor|Scizor, L50, M|100/100\n|switch|p1b: Ampharos|Ampharos, L50, F|100/100\n|switch|p2a: Charizard|Charizard, L50, M, shiny|100/100\n|switch|p2b: Rotom|Rotom-Wash, L50, shiny|100/100\n|turn|1\n|inactive|nidojking has 30 seconds left.\n|\n|t:|1775915154\n|detailschange|p1b: Ampharos|Ampharos-Mega, L50, F\n|-mega|p1b: Ampharos|Ampharos|Ampharosite\n|-ability|p1b: Ampharos|Mold Breaker\n|move|p2a: Charizard|Protect|p2a: Charizard\n|-singleturn|p2a: Charizard|Protect\n|move|p1a: Scizor|U-turn|p2a: Charizard\n|-activate|p2a: Charizard|move: Protect\n|move|p2b: Rotom|Volt Switch|p1a: Scizor\n|-damage|p1a: Scizor|53/100\n|\n|t:|1775915168\n|switch|p2b: Garchomp|Garchomp, L50, F|100/100|[from] Volt Switch\n|move|p1b: Ampharos|Electroweb|p2b: Garchomp|[spread] \n|-activate|p2a: Charizard|move: Protect\n|-immune|p2b: Garchomp\n|\n|upkeep\n|turn|2\n|inactive|nidojking has 30 seconds left.\n|inactive|nidojking has 20 seconds left.\n|inactive|nidojking has 15 seconds left.\n|inactive|nidojking has 10 seconds left.\n|inactive|nidojking has 5 seconds left.\n|\n|t:|1775915221\n|switch|p2a: Rotom|Rotom-Wash, L50, shiny|100/100\n|move|p2b: Garchomp|Earthquake|p1b: Ampharos|[spread] p1a,p1b\n|-immune|p2a: Rotom|[from] ability: Levitate\n|-supereffective|p1b: Ampharos|1\n|-damage|p1a: Scizor|5/100\n|-damage|p1b: Ampharos|26/100\n|move|p1a: Scizor|U-turn|p2a: Rotom\n|-damage|p2a: Rotom|62/100\n|\n|t:|1775915233\n|switch|p1a: Azumarill|Azumarill, L50, M|100/100|[from] U-turn\n|move|p1b: Ampharos|Electroweb|p2b: Garchomp|[spread] p2a\n|-immune|p2b: Garchomp\n|-damage|p2a: Rotom|32/100\n|-unboost|p2a: Rotom|spe|1\n|\n|-heal|p2a: Rotom|37/100|[from] item: Leftovers\n|upkeep\n|turn|3\n|inactive|Smile expression has 30 seconds left.\n|\n|t:|1775915261\n|move|p1b: Ampharos|Protect|p1b: Ampharos\n|-singleturn|p1b: Ampharos|Protect\n|move|p2b: Garchomp|Earthquake|p1a: Azumarill|[spread] p1a\n|-activate|p1b: Ampharos|move: Protect\n|-immune|p2a: Rotom|[from] ability: Levitate\n|-damage|p1a: Azumarill|56/100\n|move|p2a: Rotom|Volt Switch|p1a: Azumarill\n|-supereffective|p1a: Azumarill|1\n|-damage|p1a: Azumarill|0 fnt\n|faint|p1a: Azumarill\n|\n|t:|1775915274\n|switch|p2a: Charizard|Charizard, L50, M, shiny|100/100|[from] Volt Switch\n|\n|upkeep\n|\n|t:|1775915277\n|switch|p1a: Politoed|Politoed, L50, F|100/100\n|-weather|RainDance|[from] ability: Drizzle|[of] p1a: Politoed\n|turn|4\n|\n|t:|1775915292\n|switch|p1a: Scizor|Scizor, L50, M|5/100\n|detailschange|p2a: Charizard|Charizard-Mega-Y, L50, M, shiny\n|-mega|p2a: Charizard|Charizard|Charizardite Y\n|-weather|SunnyDay|[from] ability: Drought|[of] p2a: Charizard\n|move|p2b: Garchomp|Earthquake|p1b: Ampharos|[spread] p1a,p1b\n|-immune|p2a: Charizard\n|-supereffective|p1b: Ampharos|1\n|-damage|p1a: Scizor|0 fnt\n|-damage|p1b: Ampharos|0 fnt\n|faint|p1a: Scizor\n|faint|p1b: Ampharos\n|move|p2a: Charizard|Solar Beam||[still]\n|-prepare|p2a: Charizard|Solar Beam\n|-anim|p2a: Charizard|Solar Beam|p1: Scizor|[notarget]\n|-fail|p2a: Charizard\n|\n|-weather|SunnyDay|[upkeep]\n|upkeep\n|\n|t:|1775915295\n|switch|p1b: Politoed|Politoed, L50, F|100/100\n|-weather|RainDance|[from] ability: Drizzle|[of] p1b: Politoed\n|turn|5\n|\n|t:|1775915312\n|move|p2a: Charizard|Protect|p2a: Charizard\n|-singleturn|p2a: Charizard|Protect\n|move|p2b: Garchomp|Earthquake|p1b: Politoed|[spread] p1b\n|-activate|p2a: Charizard|move: Protect\n|-damage|p1b: Politoed|60/100\n|move|p1b: Politoed|Ice Beam|p2b: Garchomp\n|-supereffective|p2b: Garchomp|2\n|-damage|p2b: Garchomp|0 fnt\n|faint|p2b: Garchomp\n|\n|-weather|RainDance|[upkeep]\n|upkeep\n|\n|t:|1775915326\n|switch|p2b: Rotom|Rotom-Wash, L50, shiny|37/100\n|turn|6\n|\n|t:|1775915332\n|switch|p2a: Whimsicott|Whimsicott, L50, F, shiny|100/100\n|move|p2b: Rotom|Volt Switch|p1b: Politoed\n|-supereffective|p1b: Politoed|1\n|-damage|p1b: Politoed|0 fnt\n|faint|p1b: Politoed\n|\n|win|Smile expression\n|raw|nidojking's rating: 1032 &rarr; <strong>1018</strong><br />(-14 for losing)\n|raw|Smile expression's rating: 1040 &rarr; <strong>1073</strong><br />(+33 for winning)\n|l|\u2606nidojking\n|player|p1|\n",
  "uploadtime": 1775915351,
  "views": 14,
  "formatid": "gen9championsvgc2026regma",
  "rating": 1018,
  "private": 0,
  "password": null
}