{
  "id": "gen9championsvgc2026regma-2588353062",
  "format": "[Gen 9 Champions] VGC 2026 Reg M-A",
  "players": [
    "BeckerVGC",
    "YornOnTheCobb"
  ],
  "log": "|j|\u2606BeckerVGC\n|j|\u2606YornOnTheCobb\n|t:|1776626493\n|gametype|doubles\n|player|p1|BeckerVGC|1|1065\n|player|p2|YornOnTheCobb|chuck|1009\n|gen|9\n|tier|[Gen 9 Champions] VGC 2026 Reg M-A\n|rated|\n|rule|Species Clause: Limit one of each Pok\u00e9mon\n|rule|Item Clause: Limit 1 of each item\n|clearpoke\n|poke|p1|Tyranitar, L50, M, shiny|\n|poke|p1|Incineroar, L50, M, shiny|\n|poke|p1|Kingambit, L50, F, shiny|\n|poke|p1|Gengar, L50, M, shiny|\n|poke|p1|Whimsicott, L50, M|\n|poke|p1|Rotom-Wash, L50|\n|poke|p2|Serperior, L50, M|\n|poke|p2|Torkoal, L50, M|\n|poke|p2|Sinistcha-Masterpiece, L50|\n|poke|p2|Farigiraf, L50, F|\n|poke|p2|Arcanine-Hisui, L50, F|\n|poke|p2|Toxapex, L50, M|\n|teampreview|4\n|\n|t:|1776626513\n|teamsize|p1|4\n|teamsize|p2|4\n|start\n|switch|p1a: Incineroar|Incineroar, L50, M, shiny|100/100\n|switch|p1b: Kingambit|Kingambit, L50, F, shiny|100/100\n|switch|p2a: Serperior|Serperior, L50, M|100/100\n|switch|p2b: Toxapex|Toxapex, L50, M|100/100\n|-ability|p1a: Incineroar|Intimidate|boost\n|-boost|p2a: Serperior|atk|1\n|-unboost|p2b: Toxapex|atk|1\n|turn|1\n|\n|t:|1776626536\n|move|p2a: Serperior|Protect|p2a: Serperior\n|-singleturn|p2a: Serperior|Protect\n|move|p1a: Incineroar|Flare Blitz|p2a: Serperior\n|-activate|p2a: Serperior|move: Protect\n|move|p1b: Kingambit|Kowtow Cleave|p2b: Toxapex\n|-damage|p2b: Toxapex|46/100\n|move|p2b: Toxapex|Toxic Spikes|p1b: Kingambit\n|-sidestart|p1: BeckerVGC|move: Toxic Spikes\n|\n|upkeep\n|turn|2\n|\n|t:|1776626571\n|move|p1b: Kingambit|Protect|p1b: Kingambit\n|-singleturn|p1b: Kingambit|Protect\n|move|p2b: Toxapex|Protect|p2b: Toxapex\n|-singleturn|p2b: Toxapex|Protect\n|move|p1a: Incineroar|Flare Blitz|p2a: Serperior\n|-supereffective|p2a: Serperior|1\n|-damage|p2a: Serperior|4/100\n|-damage|p1a: Incineroar|76/100|[from] Recoil\n|move|p2a: Serperior|Dragon Tail|p1a: Incineroar\n|-damage|p1a: Incineroar|63/100\n|drag|p1a: Gengar|Gengar, L50, M, shiny|100/100\n|-sideend|p1: BeckerVGC|move: Toxic Spikes|[of] p1a: Gengar\n|\n|upkeep\n|turn|3\n|\n|t:|1776626614\n|detailschange|p1a: Gengar|Gengar-Mega, L50, M, shiny\n|-mega|p1a: Gengar|Gengar|Gengarite\n|move|p1b: Kingambit|Sucker Punch|p2b: Toxapex\n|-damage|p2b: Toxapex|3/100\n|move|p1a: Gengar|Sludge Bomb|p2a: Serperior\n|-supereffective|p2a: Serperior|1\n|-damage|p2a: Serperior|0 fnt\n|faint|p2a: Serperior\n|move|p2b: Toxapex|Hydro Pump|p1a: Gengar|[miss]\n|-miss|p2b: Toxapex|p1a: Gengar\n|\n|upkeep\n|\n|t:|1776626628\n|switch|p2a: Sinistcha|Sinistcha-Masterpiece, L50|100/100\n|-heal|p2b: Toxapex|28/100|[from] ability: Hospitality|[of] p2a: Sinistcha\n|turn|4\n|\n|t:|1776626661\n|move|p1b: Kingambit|Sucker Punch|p2b: Toxapex\n|-damage|p2b: Toxapex|0 fnt\n|faint|p2b: Toxapex\n|move|p1a: Gengar|Shadow Ball|p2a: Sinistcha\n|-supereffective|p2a: Sinistcha|1\n|-enditem|p2a: Sinistcha|Focus Sash\n|-damage|p2a: Sinistcha|1/100\n|move|p2a: Sinistcha|Trick Room|p2a: Sinistcha\n|-fieldstart|move: Trick Room|[of] p2a: Sinistcha\n|\n|upkeep\n|\n|t:|1776626669\n|switch|p2b: Torkoal|Torkoal, L50, M|100/100\n|-weather|SunnyDay|[from] ability: Drought|[of] p2b: Torkoal\n|turn|5\n|\n|t:|1776626683\n|move|p1a: Gengar|Protect|p1a: Gengar\n|-singleturn|p1a: Gengar|Protect\n|move|p1b: Kingambit|Sucker Punch|p2b: Torkoal\n|-crit|p2b: Torkoal\n|-damage|p2b: Torkoal|47/100\n|move|p2b: Torkoal|Eruption|p1b: Kingambit|[spread] p1b\n|-activate|p1a: Gengar|move: Protect\n|-supereffective|p1b: Kingambit|1\n|-damage|p1b: Kingambit|35/100\n|move|p2a: Sinistcha|Shadow Ball|p1a: Gengar\n|-activate|p1a: Gengar|move: Protect\n|\n|-weather|SunnyDay|[upkeep]\n|upkeep\n|turn|6\n|\n|t:|1776626716\n|move|p1b: Kingambit|Sucker Punch|p2b: Torkoal\n|-damage|p2b: Torkoal|14/100\n|move|p2b: Torkoal|Eruption|p1b: Kingambit|[spread] p1a,p1b\n|-supereffective|p1b: Kingambit|1\n|-damage|p1a: Gengar|89/100\n|-damage|p1b: Kingambit|17/100\n|move|p2a: Sinistcha|Life Dew|p2a: Sinistcha|[spread] p2a,p2b\n|-heal|p2a: Sinistcha|26/100\n|-heal|p2b: Torkoal|39/100\n|move|p1a: Gengar|Icy Wind|p2b: Torkoal|[spread] p2a,p2b\n|-supereffective|p2a: Sinistcha|1\n|-resisted|p2b: Torkoal|1\n|-damage|p2a: Sinistcha|0 fnt\n|-damage|p2b: Torkoal|28/100\n|-unboost|p2b: Torkoal|spe|1\n|faint|p2a: Sinistcha\n|\n|-weather|SunnyDay|[upkeep]\n|upkeep\n|turn|7\n|\n|t:|1776626744\n|move|p1b: Kingambit|Sucker Punch|p2b: Torkoal\n|-crit|p2b: Torkoal\n|-damage|p2b: Torkoal|0 fnt\n|faint|p2b: Torkoal\n|\n|win|BeckerVGC\n|raw|BeckerVGC's rating: 1065 &rarr; <strong>1090</strong><br />(+25 for winning)\n|raw|YornOnTheCobb's rating: 1009 &rarr; <strong>1000</strong><br />(-9 for losing)\n",
  "uploadtime": 1776626750,
  "views": 11,
  "formatid": "gen9championsvgc2026regma",
  "rating": 1000,
  "private": 0,
  "password": null
}