{
  "id": "gen9championsvgc2026regma-2586943875",
  "format": "[Gen 9 Champions] VGC 2026 Reg M-A",
  "players": [
    "FumCase",
    "catpotatt"
  ],
  "log": "|j|\u2606FumCase\n|j|\u2606catpotatt\n|t:|1776474197\n|gametype|doubles\n|player|p1|FumCase|266|1291\n|player|p2|catpotatt|roxie|1404\n|gen|9\n|tier|[Gen 9 Champions] VGC 2026 Reg M-A\n|rated|\n|rule|Species Clause: Limit one of each Pok\u00e9mon\n|rule|Item Clause: Limit 1 of each item\n|clearpoke\n|poke|p1|Aggron, L50, M|\n|poke|p1|Delphox, L50, F|\n|poke|p1|Garchomp, L50, F|\n|poke|p1|Sinistcha, L50|\n|poke|p1|Rotom-Wash, L50|\n|poke|p1|Chandelure, L50, M|\n|poke|p2|Floette-Eternal, L50, F|\n|poke|p2|Whimsicott, L50, F|\n|poke|p2|Gengar, L50, M|\n|poke|p2|Rotom-Wash, L50|\n|poke|p2|Tyranitar, L50, M|\n|poke|p2|Araquanid, L50, F|\n|teampreview|4\n|inactive|Battle timer is ON: inactive players will automatically lose when time's up. (requested by FumCase)\n|\n|t:|1776474254\n|teamsize|p1|4\n|teamsize|p2|4\n|start\n|switch|p1a: Airy Potta|Delphox, L50, F|100/100\n|switch|p1b: The Wall|Aggron, L50, M|100/100\n|switch|p2a: Whimsicott|Whimsicott, L50, F|100/100\n|switch|p2b: Floette|Floette-Eternal, L50, F|100/100\n|turn|1\n|inactive|catpotatt has 30 seconds left.\n|\n|t:|1776474284\n|switch|p2b: Araquanid|Araquanid, L50, F|100/100\n|detailschange|p1b: The Wall|Aggron-Mega, L50, M\n|-mega|p1b: The Wall|Aggron|Aggronite\n|move|p2a: Whimsicott|Protect|p2a: Whimsicott\n|-singleturn|p2a: Whimsicott|Protect\n|move|p1a: Airy Potta|Heat Wave|p2b: Araquanid|[spread] p2b\n|-activate|p2a: Whimsicott|move: Protect\n|-damage|p2b: Araquanid|86/100\n|move|p1b: The Wall|Iron Defense|p1b: The Wall\n|-boost|p1b: The Wall|def|2\n|\n|upkeep\n|turn|2\n|\n|t:|1776474301\n|switch|p1a: Rotom|Rotom-Wash, L50|100/100\n|move|p2a: Whimsicott|Encore|p1b: The Wall\n|-start|p1b: The Wall|Encore\n|move|p1b: The Wall|Iron Defense|p1b: The Wall\n|-boost|p1b: The Wall|def|2\n|move|p2b: Araquanid|Liquidation|p1a: Rotom\n|-resisted|p1a: Rotom|1\n|-damage|p1a: Rotom|45/100\n|\n|-heal|p1a: Rotom|51/100|[from] item: Leftovers\n|upkeep\n|turn|3\n|\n|t:|1776474323\n|move|p2a: Whimsicott|Tailwind|p2a: Whimsicott\n|-sidestart|p2: catpotatt|move: Tailwind\n|move|p1a: Rotom|Will-O-Wisp|p2b: Araquanid\n|-immune|p2b: Araquanid|[from] ability: Water Bubble\n|move|p2b: Araquanid|Liquidation|p1a: Rotom\n|-resisted|p1a: Rotom|1\n|-damage|p1a: Rotom|3/100\n|move|p1b: The Wall|Iron Defense|p1b: The Wall\n|-boost|p1b: The Wall|def|2\n|\n|-heal|p1a: Rotom|8/100|[from] item: Leftovers\n|upkeep\n|turn|4\n|\n|t:|1776474345\n|move|p2a: Whimsicott|Encore|p1a: Rotom\n|-start|p1a: Rotom|Encore\n|move|p1a: Rotom|Will-O-Wisp|p2b: Araquanid\n|-immune|p2b: Araquanid|[from] ability: Water Bubble\n|move|p2b: Araquanid|Liquidation|p1a: Rotom\n|-resisted|p1a: Rotom|1\n|-crit|p1a: Rotom\n|-damage|p1a: Rotom|0 fnt\n|faint|p1a: Rotom\n|move|p1b: The Wall|Iron Defense|p1b: The Wall\n|-boost|p1b: The Wall|def|0\n|\n|-end|p1b: The Wall|Encore\n|upkeep\n|\n|t:|1776474360\n|switch|p1a: Airy Potta|Delphox, L50, F|100/100\n|turn|5\n|\n|t:|1776474365\n|move|p1b: The Wall|Protect|p1b: The Wall\n|-singleturn|p1b: The Wall|Protect\n|move|p2a: Whimsicott|Encore|p1b: The Wall\n|-activate|p1b: The Wall|move: Protect\n|move|p1a: Airy Potta|Heat Wave|p2b: Araquanid|[spread] p2a,p2b\n|-supereffective|p2a: Whimsicott|1\n|-damage|p2a: Whimsicott|14/100\n|-damage|p2b: Araquanid|72/100\n|move|p2b: Araquanid|Liquidation|p1a: Airy Potta\n|-supereffective|p1a: Airy Potta|1\n|-damage|p1a: Airy Potta|0 fnt\n|faint|p1a: Airy Potta\n|\n|upkeep\n|\n|t:|1776474373\n|switch|p1a: Another Brick|Sinistcha, L50|100/100\n|turn|6\n|\n|t:|1776474389\n|move|p1b: The Wall|Protect||[still]\n|-fail|p1b: The Wall\n|move|p2b: Araquanid|Wide Guard|p2b: Araquanid\n|-singleturn|p2b: Araquanid|Wide Guard\n|move|p2a: Whimsicott|Encore|p1b: The Wall\n|-start|p1b: The Wall|Encore\n|move|p1a: Another Brick|Matcha Gotcha|p2a: Whimsicott|[spread] \n|-activate|p2a: Whimsicott|move: Wide Guard\n|-activate|p2b: Araquanid|move: Wide Guard\n|\n|-sideend|p2: catpotatt|move: Tailwind\n|upkeep\n|turn|7\n|-message|FumCase forfeited.\n|\n|win|catpotatt\n|raw|FumCase's rating: 1291 &rarr; <strong>1274</strong><br />(-17 for losing)\n|raw|catpotatt's rating: 1404 &rarr; <strong>1418</strong><br />(+14 for winning)\n|l|\u2606FumCase\n|player|p1|\n|c|\u2606catpotatt|gg\n",
  "uploadtime": 1776474402,
  "views": 42,
  "formatid": "gen9championsvgc2026regma",
  "rating": 1274,
  "private": 0,
  "password": null
}