{
  "id": "gen9championsvgc2026regma-2588490843",
  "format": "[Gen 9 Champions] VGC 2026 Reg M-A",
  "players": [
    "SameLife",
    "bigchunger"
  ],
  "log": "|j|\u2606SameLife\n|j|\u2606bigchunger\n|t:|1776638290\n|gametype|doubles\n|player|p1|SameLife|doctor|1466\n|player|p2|bigchunger|acetrainerf|1433\n|gen|9\n|tier|[Gen 9 Champions] VGC 2026 Reg M-A\n|rated|\n|rule|Species Clause: Limit one of each Pok\u00e9mon\n|rule|Item Clause: Limit 1 of each item\n|clearpoke\n|poke|p1|Charizard, L50, F|\n|poke|p1|Scizor, L50, M|\n|poke|p1|Sneasler, L50, F|\n|poke|p1|Venusaur, L50, M|\n|poke|p1|Clefable, L50, M|\n|poke|p1|Kingambit, L50, M|\n|poke|p2|Floette-Eternal, L50, F|\n|poke|p2|Garchomp, L50, F|\n|poke|p2|Delphox, L50, F|\n|poke|p2|Basculegion, L50, M|\n|poke|p2|Sneasler, L50, F|\n|poke|p2|Kingambit, L50, M|\n|teampreview|4\n|inactive|Battle timer is ON: inactive players will automatically lose when time's up. (requested by bigchunger)\n|inactive|SameLife has 60 seconds left.\n|inactive|bigchunger has 60 seconds left.\n|\n|t:|1776638355\n|teamsize|p1|4\n|teamsize|p2|4\n|start\n|switch|p1a: Charizard|Charizard, L50, F|100/100\n|switch|p1b: Sneasler|Sneasler, L50, F|100/100\n|switch|p2a: Delphox|Delphox, L50, F|100/100\n|switch|p2b: Garchomp|Garchomp, L50, F|100/100\n|turn|1\n|\n|t:|1776638368\n|detailschange|p2a: Delphox|Delphox-Mega, L50, F\n|-mega|p2a: Delphox|Delphox|Delphoxite\n|detailschange|p1a: Charizard|Charizard-Mega-Y, L50, F\n|-mega|p1a: Charizard|Charizard|Charizardite Y\n|-weather|SunnyDay|[from] ability: Drought|[of] p1a: Charizard\n|move|p2a: Delphox|Protect|p2a: Delphox\n|-singleturn|p2a: Delphox|Protect\n|move|p2b: Garchomp|Protect|p2b: Garchomp\n|-singleturn|p2b: Garchomp|Protect\n|move|p1b: Sneasler|Fake Out|p2b: Garchomp\n|-activate|p2b: Garchomp|move: Protect\n|move|p1a: Charizard|Heat Wave|p2a: Delphox|[spread] \n|-activate|p2a: Delphox|move: Protect\n|-activate|p2b: Garchomp|move: Protect\n|\n|-weather|SunnyDay|[upkeep]\n|upkeep\n|turn|2\n|\n|t:|1776638393\n|move|p1a: Charizard|Protect|p1a: Charizard\n|-singleturn|p1a: Charizard|Protect\n|move|p2a: Delphox|Psychic|p1b: Sneasler\n|-supereffective|p1b: Sneasler|2\n|-damage|p1b: Sneasler|0 fnt\n|faint|p1b: Sneasler\n|move|p2b: Garchomp|Rock Slide|p1a: Charizard\n|-activate|p1a: Charizard|move: Protect\n|\n|-weather|SunnyDay|[upkeep]\n|upkeep\n|\n|t:|1776638399\n|switch|p1b: Kingambit|Kingambit, L50, M|100/100\n|turn|3\n|\n|t:|1776638403\n|switch|p1a: Scizor|Scizor, L50, M|100/100\n|move|p1b: Kingambit|Sucker Punch|p2a: Delphox\n|-supereffective|p2a: Delphox|1\n|-damage|p2a: Delphox|0 fnt\n|faint|p2a: Delphox\n|move|p2b: Garchomp|Rock Slide|p1a: Scizor|[spread] p1a,p1b\n|-resisted|p1b: Kingambit|1\n|-damage|p1a: Scizor|81/100\n|-damage|p1b: Kingambit|93/100\n|\n|-weather|SunnyDay|[upkeep]\n|upkeep\n|\n|t:|1776638409\n|switch|p2a: Sneasler|Sneasler, L50, F|100/100\n|turn|4\n|inactive|bigchunger has 30 seconds left.\n|\n|t:|1776638438\n|move|p1b: Kingambit|Protect|p1b: Kingambit\n|-singleturn|p1b: Kingambit|Protect\n|move|p2a: Sneasler|Fake Out|p1a: Scizor\n|-resisted|p1a: Scizor|1\n|-damage|p1a: Scizor|74/100\n|-immune|p1a: Scizor\n|move|p2b: Garchomp|Rock Slide|p1a: Scizor|[spread] p1a\n|-activate|p1b: Kingambit|move: Protect\n|-damage|p1a: Scizor|54/100\n|cant|p1a: Scizor|flinch\n|\n|-weather|SunnyDay|[upkeep]\n|upkeep\n|turn|5\n|inactive|bigchunger has 30 seconds left.\n|\n|t:|1776638465\n|move|p1a: Scizor|Bullet Punch|p2a: Sneasler\n|-damage|p2a: Sneasler|29/100\n|move|p1b: Kingambit|Sucker Punch|p2a: Sneasler\n|-resisted|p2a: Sneasler|1\n|-damage|p2a: Sneasler|0 fnt\n|faint|p2a: Sneasler\n|move|p2b: Garchomp|Rock Slide|p1b: Kingambit|[spread] p1a,p1b\n|-resisted|p1b: Kingambit|1\n|-damage|p1a: Scizor|34/100\n|-damage|p1b: Kingambit|86/100\n|\n|-weather|none\n|upkeep\n|\n|t:|1776638469\n|switch|p2a: Kingambit|Kingambit, L50, M|100/100\n|turn|6\n|inactive|SameLife has 30 seconds left.\n|\n|t:|1776638507\n|move|p1a: Scizor|Bullet Punch|p2b: Garchomp\n|-damage|p2b: Garchomp|56/100\n|-damage|p1a: Scizor|21/100|[from] ability: Rough Skin|[of] p2b: Garchomp\n|move|p1b: Kingambit|Sucker Punch|p2b: Garchomp\n|-damage|p2b: Garchomp|4/100\n|-damage|p1b: Kingambit|74/100|[from] ability: Rough Skin|[of] p2b: Garchomp\n|move|p2b: Garchomp|Rock Slide|p1a: Scizor|[spread] p1a,p1b\n|-resisted|p1b: Kingambit|1\n|-damage|p1a: Scizor|2/100\n|-damage|p1b: Kingambit|67/100\n|move|p2a: Kingambit|Low Kick|p1b: Kingambit\n|-supereffective|p1b: Kingambit|2\n|-damage|p1b: Kingambit|0 fnt\n|faint|p1b: Kingambit\n|\n|upkeep\n|\n|t:|1776638511\n|switch|p1b: Charizard|Charizard-Mega-Y, L50, F|100/100\n|-weather|SunnyDay|[from] ability: Drought|[of] p1b: Charizard\n|turn|7\n|inactive|bigchunger has 30 seconds left.\n|\n|t:|1776638537\n|move|p1a: Scizor|Bullet Punch|p2b: Garchomp\n|-damage|p2b: Garchomp|0 fnt\n|-damage|p1a: Scizor|0 fnt|[from] ability: Rough Skin|[of] p2b: Garchomp\n|faint|p2b: Garchomp\n|faint|p1a: Scizor\n|move|p2a: Kingambit|Sucker Punch|p1b: Charizard\n|-damage|p1b: Charizard|38/100\n|move|p1b: Charizard|Weather Ball|p2a: Kingambit\n|-supereffective|p2a: Kingambit|1\n|-damage|p2a: Kingambit|0 fnt\n|faint|p2a: Kingambit\n|\n|win|SameLife\n|raw|SameLife's rating: 1466 &rarr; <strong>1484</strong><br />(+18 for winning)\n|raw|bigchunger's rating: 1433 &rarr; <strong>1415</strong><br />(-18 for losing)\n|l|\u2606SameLife\n|player|p1|\n",
  "uploadtime": 1776638576,
  "views": 11,
  "formatid": "gen9championsvgc2026regma",
  "rating": 1415,
  "private": 0,
  "password": null
}