{
  "id": "gen9championsvgc2026regma-2582814002",
  "format": "[Gen 9 Champions] VGC 2026 Reg M-A",
  "players": [
    "JeanPierre693",
    "Kilita17"
  ],
  "log": "|j|\u2606JeanPierre693\n|j|\u2606Kilita17\n|t:|1776116111\n|gametype|doubles\n|player|p1|JeanPierre693|elio|1036\n|player|p2|Kilita17|266|1135\n|gen|9\n|tier|[Gen 9 Champions] VGC 2026 Reg M-A\n|rated|\n|rule|Species Clause: Limit one of each Pok\u00e9mon\n|rule|Item Clause: Limit 1 of each item\n|clearpoke\n|poke|p1|Froslass, L50, F|\n|poke|p1|Glaceon, L50, F|\n|poke|p1|Mamoswine, L50, M|\n|poke|p1|Milotic, L50, F|\n|poke|p1|Hatterene, L50, F|\n|poke|p1|Aurorus, L50, F|\n|poke|p2|Lopunny, L50, M|\n|poke|p2|Kleavor, L50, F|\n|poke|p2|Archaludon, L50, F|\n|poke|p2|Pelipper, L50, M|\n|poke|p2|Basculegion, L50, M|\n|poke|p2|Sinistcha, L50|\n|teampreview|4\n|inactive|Battle timer is ON: inactive players will automatically lose when time's up. (requested by Kilita17)\n|inactive|JeanPierre693 has 60 seconds left.\n|\n|t:|1776116158\n|teamsize|p1|4\n|teamsize|p2|4\n|start\n|switch|p1a: Froslass|Froslass, L50, F|100/100\n|switch|p1b: Mamoswine|Mamoswine, L50, M|100/100\n|switch|p2a: Kleavor|Kleavor, L50, F|100/100\n|switch|p2b: Lopunny|Lopunny, L50, M|100/100\n|turn|1\n|inactive|JeanPierre693 has 30 seconds left.\n|inactive|JeanPierre693 has 20 seconds left.\n|\n|t:|1776116198\n|detailschange|p1a: Froslass|Froslass-Mega, L50, F\n|-mega|p1a: Froslass|Froslass|Froslassite\n|-weather|Snowscape|[from] ability: Snow Warning|[of] p1a: Froslass\n|detailschange|p2b: Lopunny|Lopunny-Mega, L50, M\n|-mega|p2b: Lopunny|Lopunny|Lopunnite\n|move|p1a: Froslass|Protect|p1a: Froslass\n|-singleturn|p1a: Froslass|Protect\n|move|p2b: Lopunny|Fake Out|p1a: Froslass\n|-activate|p1a: Froslass|move: Protect\n|move|p2a: Kleavor|Stone Axe|p1b: Mamoswine\n|-damage|p1b: Mamoswine|60/100\n|-sidestart|p1: JeanPierre693|move: Stealth Rock\n|move|p1b: Mamoswine|High Horsepower|p2a: Kleavor\n|-damage|p2a: Kleavor|29/100\n|\n|-weather|Snowscape|[upkeep]\n|upkeep\n|turn|2\n|inactive|JeanPierre693 has 30 seconds left.\n|inactive|Kilita17 has 30 seconds left.\n|\n|t:|1776116232\n|move|p2b: Lopunny|U-turn|p1a: Froslass\n|-resisted|p1a: Froslass|1\n|-damage|p1a: Froslass|86/100\n|\n|t:|1776116235\n|switch|p2b: Pelipper|Pelipper, L50, M|100/100|[from] U-turn\n|-weather|RainDance|[from] ability: Drizzle|[of] p2b: Pelipper\n|move|p1a: Froslass|Aurora Veil||[still]\n|-fail|p1a: Froslass\n|move|p2a: Kleavor|Tailwind|p2a: Kleavor\n|-sidestart|p2: Kilita17|move: Tailwind\n|move|p1b: Mamoswine|High Horsepower|p2a: Kleavor\n|-damage|p2a: Kleavor|0 fnt\n|faint|p2a: Kleavor\n|\n|-weather|RainDance|[upkeep]\n|upkeep\n|\n|t:|1776116249\n|switch|p2a: Lopunny|Lopunny-Mega, L50, M|100/100\n|turn|3\n|\n|t:|1776116267\n|switch|p1a: Hatterene|Hatterene, L50, F, shiny|100/100\n|-damage|p1a: Hatterene|88/100|[from] Stealth Rock\n|move|p1b: Mamoswine|Protect|p1b: Mamoswine\n|-singleturn|p1b: Mamoswine|Protect\n|move|p2a: Lopunny|Close Combat|p1a: Hatterene\n|-resisted|p1a: Hatterene|2\n|-damage|p1a: Hatterene|74/100\n|-unboost|p2a: Lopunny|def|1\n|-unboost|p2a: Lopunny|spd|1\n|move|p2b: Pelipper|Weather Ball|p1b: Mamoswine\n|-activate|p1b: Mamoswine|move: Protect\n|\n|-weather|RainDance|[upkeep]\n|upkeep\n|turn|4\n|inactive|JeanPierre693 has 30 seconds left.\n|\n|t:|1776116294\n|switch|p1b: Froslass|Froslass-Mega, L50, F|86/100\n|-damage|p1b: Froslass|62/100|[from] Stealth Rock\n|-weather|Snowscape|[from] ability: Snow Warning|[of] p1b: Froslass\n|move|p2a: Lopunny|U-turn|p1a: Hatterene\n|-damage|p1a: Hatterene|52/100\n|\n|t:|1776116301\n|switch|p2a: Archaludon|Archaludon, L50, F|100/100|[from] U-turn\n|move|p2b: Pelipper|Weather Ball|p1b: Froslass\n|-resisted|p1b: Froslass|1\n|-damage|p1b: Froslass|45/100\n|move|p1a: Hatterene|Nuzzle|p2a: Archaludon\n|-resisted|p2a: Archaludon|1\n|-damage|p2a: Archaludon|99/100\n|-status|p2a: Archaludon|par\n|-ability|p2a: Archaludon|Stamina|boost\n|-boost|p2a: Archaludon|def|1\n|\n|-weather|Snowscape|[upkeep]\n|upkeep\n|turn|5\n|\n|t:|1776116323\n|move|p2b: Pelipper|U-turn|p1a: Hatterene\n|-damage|p1a: Hatterene|44/100\n|-enditem|p1a: Hatterene|Sitrus Berry|[eat]\n|-heal|p1a: Hatterene|69/100|[from] item: Sitrus Berry\n|\n|t:|1776116328\n|switch|p2b: Lopunny|Lopunny-Mega, L50, M|100/100|[from] U-turn\n|move|p1b: Froslass|Aurora Veil|p1b: Froslass\n|-sidestart|p1: JeanPierre693|move: Aurora Veil\n|cant|p2a: Archaludon|par\n|move|p1a: Hatterene|Heal Pulse|p1b: Froslass\n|-heal|p1b: Froslass|96/100\n|\n|-weather|Snowscape|[upkeep]\n|-sideend|p2: Kilita17|move: Tailwind\n|upkeep\n|turn|6\n|inactive|Kilita17 has 30 seconds left.\n|\n|t:|1776116360\n|switch|p2a: Pelipper|Pelipper, L50, M|100/100\n|-weather|RainDance|[from] ability: Drizzle|[of] p2a: Pelipper\n|move|p2b: Lopunny|Fake Out|p1a: Hatterene\n|-damage|p1a: Hatterene|56/100\n|move|p1b: Froslass|Blizzard|p2b: Lopunny|[spread] p2a,p2b\n|-damage|p2a: Pelipper|20/100\n|-damage|p2b: Lopunny|36/100\n|cant|p1a: Hatterene|flinch\n|\n|-weather|RainDance|[upkeep]\n|upkeep\n|turn|7\n|inactive|JeanPierre693 has 30 seconds left.\n|\n|t:|1776116390\n|move|p1a: Hatterene|Helping Hand|p1b: Froslass\n|-singleturn|p1b: Froslass|Helping Hand|[of] p1a: Hatterene\n|move|p2b: Lopunny|U-turn|p1a: Hatterene\n|-damage|p1a: Hatterene|41/100\n|\n|t:|1776116395\n|switch|p2b: Archaludon|Archaludon, L50, F|99/100 par|[from] U-turn\n|move|p1b: Froslass|Blizzard|p2a: Pelipper|[spread] p2a,p2b\n|-damage|p2a: Pelipper|0 fnt\n|-damage|p2b: Archaludon|36/100 par\n|-ability|p2b: Archaludon|Stamina|boost\n|-boost|p2b: Archaludon|def|1\n|-enditem|p2b: Archaludon|Sitrus Berry|[eat]\n|-heal|p2b: Archaludon|61/100 par|[from] item: Sitrus Berry\n|faint|p2a: Pelipper\n|\n|-weather|RainDance|[upkeep]\n|upkeep\n|\n|t:|1776116403\n|switch|p2a: Lopunny|Lopunny-Mega, L50, M|36/100\n|turn|8\n|\n|t:|1776116422\n|switch|p1b: Mamoswine|Mamoswine, L50, M|60/100\n|-damage|p1b: Mamoswine|48/100|[from] Stealth Rock\n|move|p2a: Lopunny|Fake Out|p1b: Mamoswine\n|-damage|p1b: Mamoswine|34/100\n|move|p2b: Archaludon|Flash Cannon|p1a: Hatterene\n|-supereffective|p1a: Hatterene|1\n|-damage|p1a: Hatterene|0 fnt\n|faint|p1a: Hatterene\n|\n|-weather|RainDance|[upkeep]\n|upkeep\n|\n|t:|1776116435\n|switch|p1a: Froslass|Froslass-Mega, L50, F|96/100\n|-damage|p1a: Froslass|71/100|[from] Stealth Rock\n|-weather|Snowscape|[from] ability: Snow Warning|[of] p1a: Froslass\n|turn|9\n|\n|t:|1776116454\n|move|p1b: Mamoswine|Protect|p1b: Mamoswine\n|-singleturn|p1b: Mamoswine|Protect\n|move|p2b: Archaludon|Protect|p2b: Archaludon\n|-singleturn|p2b: Archaludon|Protect\n|move|p2a: Lopunny|Close Combat|p1a: Froslass\n|-supereffective|p1a: Froslass|1\n|-damage|p1a: Froslass|0 fnt\n|-unboost|p2a: Lopunny|def|1\n|-unboost|p2a: Lopunny|spd|1\n|faint|p1a: Froslass\n|\n|-weather|Snowscape|[upkeep]\n|-sideend|p1: JeanPierre693|move: Aurora Veil\n|upkeep\n|\n|t:|1776116463\n|switch|p1a: Aurorus|Aurorus, L50, F, shiny|100/100\n|-damage|p1a: Aurorus|76/100|[from] Stealth Rock\n|turn|10\n|\n|t:|1776116474\n|move|p1a: Aurorus|Protect|p1a: Aurorus\n|-singleturn|p1a: Aurorus|Protect\n|move|p1b: Mamoswine|Ice Shard|p2a: Lopunny\n|-damage|p2a: Lopunny|0 fnt\n|faint|p2a: Lopunny\n|move|p2b: Archaludon|Flash Cannon|p1a: Aurorus\n|-activate|p1a: Aurorus|move: Protect\n|\n|-weather|Snowscape|[upkeep]\n|upkeep\n|turn|11\n|\n|t:|1776116490\n|move|p1b: Mamoswine|High Horsepower|p2b: Archaludon\n|-supereffective|p2b: Archaludon|1\n|-damage|p2b: Archaludon|0 fnt\n|faint|p2b: Archaludon\n|\n|win|JeanPierre693\n|raw|JeanPierre693's rating: 1036 &rarr; <strong>1080</strong><br />(+44 for winning)\n|raw|Kilita17's rating: 1135 &rarr; <strong>1103</strong><br />(-32 for losing)\n|l|\u2606Kilita17\n|player|p2|\n",
  "uploadtime": 1776116497,
  "views": 25,
  "formatid": "gen9championsvgc2026regma",
  "rating": 1080,
  "private": 0,
  "password": null
}