{
  "id": "gen9championsvgc2026regma-2587948312",
  "format": "[Gen 9 Champions] VGC 2026 Reg M-A",
  "players": [
    "W0kMeDed",
    "Graves Wu"
  ],
  "log": "|j|\u2606W0kMeDed\n|j|\u2606Graves Wu\n|t:|1776583301\n|gametype|doubles\n|player|p1|W0kMeDed|palmer|1382\n|player|p2|Graves Wu|steven|1430\n|gen|9\n|tier|[Gen 9 Champions] VGC 2026 Reg M-A\n|rated|\n|rule|Species Clause: Limit one of each Pok\u00e9mon\n|rule|Item Clause: Limit 1 of each item\n|clearpoke\n|poke|p1|Alakazam, L50, F|\n|poke|p1|Meowstic, L50, M|\n|poke|p1|Sylveon, L50, F|\n|poke|p1|Rotom-Wash, L50|\n|poke|p1|Garchomp, L50, F|\n|poke|p1|Farigiraf, L50, M|\n|poke|p2|Incineroar, L50, M, shiny|\n|poke|p2|Charizard, L50, M|\n|poke|p2|Sneasler, L50, M|\n|poke|p2|Whimsicott, L50, F, shiny|\n|poke|p2|Rotom-Wash, L50, shiny|\n|poke|p2|Garchomp, L50, M, shiny|\n|teampreview|4\n|inactive|Battle timer is ON: inactive players will automatically lose when time's up. (requested by Graves Wu)\n|inactive|W0kMeDed has 60 seconds left.\n|inactive|Graves Wu has 60 seconds left.\n|inactive|Graves Wu has 30 seconds left.\n|inactive|Graves Wu has 20 seconds left.\n|inactive|Graves Wu has 15 seconds left.\n|\n|t:|1776583378\n|teamsize|p1|4\n|teamsize|p2|4\n|start\n|switch|p1a: Meowstic|Meowstic, L50, M|100/100\n|switch|p1b: Farigiraf|Farigiraf, L50, M|100/100\n|switch|p2a: Charizard|Charizard, L50, M|100/100\n|switch|p2b: Garchomp|Garchomp, L50, M, shiny|100/100\n|turn|1\n|\n|t:|1776583393\n|detailschange|p2a: Charizard|Charizard-Mega-Y, L50, M\n|-mega|p2a: Charizard|Charizard|Charizardite Y\n|-weather|SunnyDay|[from] ability: Drought|[of] p2a: Charizard\n|move|p1a: Meowstic|Fake Out|p2b: Garchomp\n|-damage|p2b: Garchomp|95/100\n|-damage|p1a: Meowstic|88/100|[from] ability: Rough Skin|[of] p2b: Garchomp\n|cant|p2b: Garchomp|flinch\n|move|p2a: Charizard|Weather Ball|p1b: Farigiraf\n|-damage|p1b: Farigiraf|9/100\n|move|p1b: Farigiraf|Trick Room|p1b: Farigiraf\n|-fieldstart|move: Trick Room|[of] p1b: Farigiraf\n|\n|-weather|SunnyDay|[upkeep]\n|upkeep\n|turn|2\n|\n|t:|1776583417\n|move|p1a: Meowstic|Psychic Terrain|p1a: Meowstic\n|-fieldstart|move: Psychic Terrain\n|move|p1b: Farigiraf|Hyper Voice|p2b: Garchomp|[spread] p2a,p2b\n|-damage|p2a: Charizard|76/100\n|-damage|p2b: Garchomp|69/100\n|move|p2a: Charizard|Weather Ball|p1a: Meowstic\n|-damage|p1a: Meowstic|0 fnt\n|faint|p1a: Meowstic\n|move|p2b: Garchomp|Earthquake|p1b: Farigiraf|[spread] p1b\n|-immune|p2a: Charizard\n|-damage|p1b: Farigiraf|0 fnt\n|faint|p1b: Farigiraf\n|\n|-weather|SunnyDay|[upkeep]\n|upkeep\n|\n|t:|1776583421\n|switch|p1b: Rotom|Rotom-Wash, L50|100/100\n|switch|p1a: Ramiel|Sylveon, L50, F|100/100\n|turn|3\n|\n|t:|1776583434\n|switch|p2b: fear me|Incineroar, L50, M, shiny|100/100\n|-ability|p2b: fear me|Intimidate|boost\n|-unboost|p1a: Ramiel|atk|1\n|-unboost|p1b: Rotom|atk|1\n|move|p2a: Charizard|Protect|p2a: Charizard\n|-singleturn|p2a: Charizard|Protect\n|move|p1a: Ramiel|Hyper Voice|p2b: fear me|[spread] p2b\n|-activate|p2a: Charizard|move: Protect\n|-damage|p2b: fear me|57/100\n|move|p1b: Rotom|Thunderbolt|p2a: Charizard\n|-activate|p2a: Charizard|move: Protect\n|\n|-weather|SunnyDay|[upkeep]\n|upkeep\n|turn|4\n|\n|t:|1776583455\n|move|p2b: fear me|Flare Blitz|p1a: Ramiel\n|-damage|p1a: Ramiel|5/100\n|-damage|p2b: fear me|27/100|[from] Recoil\n|-enditem|p2b: fear me|Sitrus Berry|[eat]\n|-heal|p2b: fear me|52/100|[from] item: Sitrus Berry\n|move|p1a: Ramiel|Hyper Voice|p2a: Charizard|[spread] p2a,p2b\n|-resisted|p2a: Charizard|1\n|-damage|p2a: Charizard|53/100\n|-damage|p2b: fear me|5/100\n|move|p1b: Rotom|Thunderbolt|p2a: Charizard\n|-supereffective|p2a: Charizard|1\n|-damage|p2a: Charizard|0 fnt\n|faint|p2a: Charizard\n|\n|-weather|SunnyDay|[upkeep]\n|upkeep\n|\n|t:|1776583467\n|switch|p2a: Rotom|Rotom-Wash, L50, shiny|100/100\n|turn|5\n|-message|W0kMeDed forfeited.\n|\n|win|Graves Wu\n|raw|W0kMeDed's rating: 1382 &rarr; <strong>1365</strong><br />(-17 for losing)\n|raw|Graves Wu's rating: 1430 &rarr; <strong>1447</strong><br />(+17 for winning)\n|l|\u2606W0kMeDed\n|player|p1|\n|l|\u2606Graves Wu\n|player|p2|\n",
  "uploadtime": 1776583476,
  "views": 14,
  "formatid": "gen9championsvgc2026regma",
  "rating": 1365,
  "private": 0,
  "password": null
}