{
  "id": "gen9championsvgc2026regma-2584602643",
  "format": "[Gen 9 Champions] VGC 2026 Reg M-A",
  "players": [
    "Rk pokemons",
    "JtCSSB"
  ],
  "log": "|j|\u2606Rk pokemons\n|j|\u2606JtCSSB\n|t:|1776271475\n|gametype|doubles\n|player|p1|Rk pokemons|1|1171\n|player|p2|JtCSSB|266|1125\n|gen|9\n|tier|[Gen 9 Champions] VGC 2026 Reg M-A\n|rated|\n|rule|Species Clause: Limit one of each Pok\u00e9mon\n|rule|Item Clause: Limit 1 of each item\n|clearpoke\n|poke|p1|Charizard, L50, M|\n|poke|p1|Venusaur, L50, M|\n|poke|p1|Whimsicott, L50, M|\n|poke|p1|Sneasler, L50, M|\n|poke|p1|Typhlosion-Hisui, L50, F|\n|poke|p1|Skarmory, L50, M|\n|poke|p2|Sableye, L50, F|\n|poke|p2|Maushold, L50|\n|poke|p2|Delphox, L50, F|\n|poke|p2|Whimsicott, L50, M|\n|poke|p2|Tyranitar, L50, M|\n|poke|p2|Steelix, L50, F|\n|teampreview|4\n|inactive|Battle timer is ON: inactive players will automatically lose when time's up. (requested by Rk pokemons)\n|inactive|Rk pokemons has 60 seconds left.\n|inactive|Rk pokemons has 30 seconds left.\n|inactive|Rk pokemons has 20 seconds left.\n|inactive|Rk pokemons has 15 seconds left.\n|inactive|Rk pokemons has 10 seconds left.\n|\n|t:|1776271559\n|teamsize|p1|4\n|teamsize|p2|4\n|start\n|switch|p1a: Charizard|Charizard, L50, M|100/100\n|switch|p1b: Sneasler|Sneasler, L50, M|100/100\n|switch|p2a: Sableye|Sableye, L50, F|100/100\n|switch|p2b: Maushold|Maushold, L50|100/100\n|turn|1\n|\n|t:|1776271574\n|detailschange|p1a: Charizard|Charizard-Mega-Y, L50, M\n|-mega|p1a: Charizard|Charizard|Charizardite Y\n|-weather|SunnyDay|[from] ability: Drought|[of] p1a: Charizard\n|move|p2b: Maushold|Protect|p2b: Maushold\n|-singleturn|p2b: Maushold|Protect\n|move|p2a: Sableye|Gravity|p2a: Sableye\n|-fieldstart|move: Gravity\n|move|p1b: Sneasler|Close Combat|p2b: Maushold\n|-activate|p2b: Maushold|move: Protect\n|move|p1a: Charizard|Heat Wave|p2b: Maushold|[spread] p2a\n|-activate|p2b: Maushold|move: Protect\n|-damage|p2a: Sableye|34/100\n|\n|-weather|SunnyDay|[upkeep]\n|upkeep\n|turn|2\n|inactive|JtCSSB has 30 seconds left.\n|\n|t:|1776271604\n|switch|p1b: Skarmory|Skarmory, L50, M|100/100\n|move|p1a: Charizard|Protect|p1a: Charizard\n|-singleturn|p1a: Charizard|Protect\n|move|p2a: Sableye|Quash||[still]\n|-fail|p2a: Sableye\n|move|p2b: Maushold|Population Bomb|p1b: Skarmory\n|-resisted|p1b: Skarmory|1\n|-damage|p1b: Skarmory|96/100\n|-ability|p1b: Skarmory|Weak Armor|boost\n|-unboost|p1b: Skarmory|def|1\n|-boost|p1b: Skarmory|spe|2\n|-resisted|p1b: Skarmory|1\n|-damage|p1b: Skarmory|87/100\n|-ability|p1b: Skarmory|Weak Armor|boost\n|-unboost|p1b: Skarmory|def|1\n|-boost|p1b: Skarmory|spe|2\n|-resisted|p1b: Skarmory|1\n|-damage|p1b: Skarmory|77/100\n|-ability|p1b: Skarmory|Weak Armor|boost\n|-unboost|p1b: Skarmory|def|1\n|-boost|p1b: Skarmory|spe|2\n|-resisted|p1b: Skarmory|1\n|-damage|p1b: Skarmory|65/100\n|-ability|p1b: Skarmory|Weak Armor|boost\n|-unboost|p1b: Skarmory|def|1\n|-resisted|p1b: Skarmory|1\n|-damage|p1b: Skarmory|49/100\n|-ability|p1b: Skarmory|Weak Armor|boost\n|-unboost|p1b: Skarmory|def|1\n|-resisted|p1b: Skarmory|1\n|-damage|p1b: Skarmory|31/100\n|-ability|p1b: Skarmory|Weak Armor|boost\n|-unboost|p1b: Skarmory|def|1\n|-resisted|p1b: Skarmory|1\n|-damage|p1b: Skarmory|12/100\n|-resisted|p1b: Skarmory|1\n|-damage|p1b: Skarmory|0 fnt\n|faint|p1b: Skarmory\n|-hitcount|p1: Skarmory|8\n|\n|-weather|SunnyDay|[upkeep]\n|upkeep\n|\n|t:|1776271611\n|switch|p1b: Sneasler|Sneasler, L50, M|100/100\n|turn|3\n|\n|t:|1776271630\n|move|p2b: Maushold|Protect|p2b: Maushold\n|-singleturn|p2b: Maushold|Protect\n|move|p1b: Sneasler|Fake Out|p2b: Maushold\n|-activate|p2b: Maushold|move: Protect\n|move|p2a: Sableye|Encore|p1a: Charizard\n|-start|p1a: Charizard|Encore\n|move|p1a: Charizard|Protect||[still]\n|-fail|p1a: Charizard\n|\n|-weather|SunnyDay|[upkeep]\n|upkeep\n|turn|4\n|\n|t:|1776271646\n|switch|p1a: Venusaur|Venusaur, L50, M|100/100\n|move|p2a: Sableye|Quash|p1b: Sneasler\n|-activate|p1b: Sneasler|move: Quash\n|move|p2b: Maushold|Population Bomb|p1b: Sneasler\n|-damage|p1b: Sneasler|81/100\n|-damage|p1b: Sneasler|62/100\n|-damage|p1b: Sneasler|43/100\n|-damage|p1b: Sneasler|23/100\n|-damage|p1b: Sneasler|5/100\n|-damage|p1b: Sneasler|0 fnt\n|faint|p1b: Sneasler\n|-hitcount|p1: Sneasler|6\n|\n|-weather|SunnyDay|[upkeep]\n|upkeep\n|\n|t:|1776271648\n|switch|p1b: Charizard|Charizard-Mega-Y, L50, M|100/100\n|turn|5\n|\n|t:|1776271673\n|switch|p2a: Tyranitar|Tyranitar, L50, M|100/100\n|-weather|Sandstorm|[from] ability: Sand Stream|[of] p2a: Tyranitar\n|move|p2b: Maushold|Population Bomb|p1a: Venusaur\n|-damage|p1a: Venusaur|85/100\n|-damage|p1a: Venusaur|69/100\n|-damage|p1a: Venusaur|54/100\n|-damage|p1a: Venusaur|39/100\n|-crit|p1a: Venusaur\n|-damage|p1a: Venusaur|14/100\n|-damage|p1a: Venusaur|0 fnt\n|faint|p1a: Venusaur\n|-hitcount|p1: Venusaur|6\n|move|p1b: Charizard|Heat Wave|p2a: Tyranitar|[spread] p2a,p2b\n|-resisted|p2a: Tyranitar|1\n|-damage|p2a: Tyranitar|88/100\n|-damage|p2b: Maushold|32/100\n|-status|p2a: Tyranitar|brn\n|\n|-weather|Sandstorm|[upkeep]\n|-damage|p2b: Maushold|26/100|[from] Sandstorm\n|-damage|p1b: Charizard|95/100|[from] Sandstorm\n|-damage|p2a: Tyranitar|82/100 brn|[from] brn\n|-fieldend|move: Gravity\n|upkeep\n|turn|6\n|-message|Rk pokemons forfeited.\n|\n|win|JtCSSB\n|raw|Rk pokemons's rating: 1171 &rarr; <strong>1143</strong><br />(-28 for losing)\n|raw|JtCSSB's rating: 1125 &rarr; <strong>1153</strong><br />(+28 for winning)\n",
  "uploadtime": 1776271702,
  "views": 28,
  "formatid": "gen9championsvgc2026regma",
  "rating": 1143,
  "private": 0,
  "password": null
}