{
  "id": "gen9championsvgc2026regma-2588149687",
  "format": "[Gen 9 Champions] VGC 2026 Reg M-A",
  "players": [
    "magicalarcher57",
    "poyolo33"
  ],
  "log": "|j|\u2606magicalarcher57\n|j|\u2606poyolo33\n|html|<table width=\"100%\"><tr><td align=\"left\">magicalarcher57</td><td align=\"right\">poyolo33</tr><tr><td align=\"left\"><i class=\"fa fa-circle-o\"></i> <i class=\"fa fa-circle-o\"></i> </td><td align=\"right\"><i class=\"fa fa-circle-o\"></i> <i class=\"fa fa-circle-o\"></i> </tr></table>\n|uhtml|bestof|<h2><strong>Game 1</strong> of <a href=\"/game-bestof3-gen9championsvgc2026regma-2588149686\">a best-of-3</a></h2>\n|t:|1776609287\n|gametype|doubles\n|player|p1|magicalarcher57|valerie|\n|player|p2|poyolo33|brycenman|\n|gen|9\n|tier|[Gen 9 Champions] VGC 2026 Reg M-A\n|rated|Tournament battle\n|rule|Species Clause: Limit one of each Pok\u00e9mon\n|rule|Item Clause: Limit 1 of each item\n|raw|<div class=\"infobox\"><details class=\"readmore\" open><summary><strong>2 custom rules:</strong></summary> Force Open Team Sheets, Best of = 3</details></div>\n|clearpoke\n|poke|p1|Kangaskhan, L50, F, shiny|\n|poke|p1|Farigiraf, L50, F, shiny|\n|poke|p1|Talonflame, L50, M, shiny|\n|poke|p1|Floette-Eternal, L50, F|\n|poke|p1|Sneasler, L50, M, shiny|\n|poke|p1|Basculegion, L50, M|\n|poke|p2|Charizard, L50, M|\n|poke|p2|Whimsicott, L50, M|\n|poke|p2|Incineroar, L50, F|\n|poke|p2|Rotom-Wash, L50|\n|poke|p2|Sneasler, L50, M|\n|poke|p2|Ninetales-Alola, L50, F|\n|teampreview|4\n|showteam|p1|Kangaskhan||Kangaskhanite|Scrappy|FakeOut,HammerArm,DoubleEdge,Crunch|||F|||50|]Farigiraf||ColburBerry|ArmorTail|ShadowBall,HyperVoice,TrickRoom,Psychic|||F|||50|]Talonflame||SharpBeak|GaleWings|Tailwind,Taunt,Protect,BraveBird|||M|||50|]Floette-Eternal||Floettite|FlowerVeil|Moonblast,LightofRuin,DazzlingGleam,Protect|||F|||50|]Sneasler||FocusSash|Unburden|FakeOut,CloseCombat,DireClaw,Protect|||M|||50|]Basculegion||MysticWater|Adaptability|AquaJet,LastRespects,Protect,WaveCrash|||M|||50|\n|showteam|p2|Charizard||CharizarditeX|Blaze|DragonClaw,DragonDance,FlareBlitz,Protect|||M|||50|]Whimsicott||FocusSash|Prankster|Tailwind,Moonblast,Encore,SunnyDay|||M|||50|]Incineroar||ChopleBerry|Intimidate|FlareBlitz,DarkestLariat,FakeOut,PartingShot|||F|||50|]Rotom-Wash||SitrusBerry|Levitate|HydroPump,VoltSwitch,WillOWisp,Protect||||||50|]Sneasler||WhiteHerb|Unburden|FakeOut,DireClaw,Coaching,CloseCombat|||M|||50|]Ninetales-Alola||LumBerry|SnowWarning|AuroraVeil,Blizzard,Protect,Encore|||F|||50|\n|j| reanschawrzer\n|j| ZuriHan\n|j| Wise'adel\n|l| Wise'adel\n|j| predatorv\n|\n|t:|1776609329\n|teamsize|p1|4\n|teamsize|p2|4\n|start\n|switch|p1a: Ryoiki Tenkai|Farigiraf, L50, F, shiny|100/100\n|switch|p1b: Kangaskhan|Kangaskhan, L50, F, shiny|100/100\n|switch|p2a: Incineroar|Incineroar, L50, F|100/100\n|switch|p2b: Rotom|Rotom-Wash, L50|100/100\n|-ability|p2a: Incineroar|Intimidate|boost\n|-unboost|p1a: Ryoiki Tenkai|atk|1\n|-fail|p1b: Kangaskhan|unboost|Attack|[from] ability: Scrappy|[of] p1b: Kangaskhan\n|turn|1\n|\n|t:|1776609366\n|detailschange|p1b: Kangaskhan|Kangaskhan-Mega, L50, F, shiny\n|-mega|p1b: Kangaskhan|Kangaskhan|Kangaskhanite\n|move|p2b: Rotom|Will-O-Wisp|p1b: Kangaskhan\n|-status|p1b: Kangaskhan|brn\n|move|p1b: Kangaskhan|Double-Edge|p2b: Rotom\n|-damage|p2b: Rotom|68/100\n|-damage|p2b: Rotom|61/100\n|-hitcount|p2b: Rotom|2\n|-damage|p1b: Kangaskhan|91/100 brn|[from] Recoil\n|move|p2a: Incineroar|Darkest Lariat|p1a: Ryoiki Tenkai\n|-supereffective|p1a: Ryoiki Tenkai|1\n|-enditem|p1a: Ryoiki Tenkai|Colbur Berry|[eat]\n|-enditem|p1a: Ryoiki Tenkai|Colbur Berry|[weaken]\n|-damage|p1a: Ryoiki Tenkai|58/100\n|move|p1a: Ryoiki Tenkai|Trick Room|p1a: Ryoiki Tenkai\n|-fieldstart|move: Trick Room|[of] p1a: Ryoiki Tenkai\n|\n|-damage|p1b: Kangaskhan|85/100 brn|[from] brn\n|upkeep\n|turn|2\n|\n|t:|1776609387\n|move|p2b: Rotom|Protect|p2b: Rotom\n|-singleturn|p2b: Rotom|Protect\n|move|p2a: Incineroar|Darkest Lariat|p1a: Ryoiki Tenkai\n|-supereffective|p1a: Ryoiki Tenkai|1\n|-damage|p1a: Ryoiki Tenkai|0 fnt\n|faint|p1a: Ryoiki Tenkai\n|move|p1b: Kangaskhan|Double-Edge|p2a: Incineroar\n|-damage|p2a: Incineroar|69/100\n|-damage|p2a: Incineroar|61/100\n|-hitcount|p2a: Incineroar|2\n|-damage|p1b: Kangaskhan|73/100 brn|[from] Recoil\n|\n|-damage|p1b: Kangaskhan|67/100 brn|[from] brn\n|upkeep\n|\n|t:|1776609409\n|switch|p1a: Athena|Talonflame, L50, M, shiny|100/100\n|turn|3\n|\n|t:|1776609421\n|move|p1a: Athena|Brave Bird|p2a: Incineroar\n|-damage|p2a: Incineroar|11/100\n|-damage|p1a: Athena|79/100|[from] Recoil\n|move|p2a: Incineroar|Parting Shot|p1a: Athena\n|-unboost|p1a: Athena|atk|1\n|-unboost|p1a: Athena|spa|1\n|\n|t:|1776609431\n|switch|p2a: Sneasler|Sneasler, L50, M|100/100|[from] Parting Shot\n|move|p1b: Kangaskhan|Double-Edge|p2a: Sneasler\n|-damage|p2a: Sneasler|41/100\n|-damage|p2a: Sneasler|28/100\n|-hitcount|p2a: Sneasler|2\n|-damage|p1b: Kangaskhan|49/100 brn|[from] Recoil\n|move|p2b: Rotom|Volt Switch|p1a: Athena\n|-supereffective|p1a: Athena|1\n|-damage|p1a: Athena|0 fnt\n|faint|p1a: Athena\n|\n|t:|1776609443\n|switch|p2b: Charizard|Charizard, L50, M|100/100|[from] Volt Switch\n|\n|-damage|p1b: Kangaskhan|42/100 brn|[from] brn\n|upkeep\n|\n|t:|1776609445\n|switch|p1a: Basculegion|Basculegion, L50, M|100/100\n|turn|4\n|\n|t:|1776609455\n|detailschange|p2b: Charizard|Charizard-Mega-X, L50, M\n|-mega|p2b: Charizard|Charizard|Charizardite X\n|move|p2a: Sneasler|Fake Out|p1b: Kangaskhan\n|-damage|p1b: Kangaskhan|31/100 brn\n|move|p1a: Basculegion|Last Respects|p2b: Charizard\n|-damage|p2b: Charizard|7/100\n|cant|p1b: Kangaskhan|flinch\n|move|p2b: Charizard|Dragon Dance|p2b: Charizard\n|-boost|p2b: Charizard|atk|1\n|-boost|p2b: Charizard|spe|1\n|\n|-damage|p1b: Kangaskhan|25/100 brn|[from] brn\n|upkeep\n|turn|5\n|j| boi7264\n|l| boi7264\n|\n|t:|1776609494\n|switch|p2a: Incineroar|Incineroar, L50, F|11/100\n|-ability|p2a: Incineroar|Intimidate|boost\n|-unboost|p1a: Basculegion|atk|1\n|-unboost|p1b: Kangaskhan|atk|1\n|move|p2b: Charizard|Protect|p2b: Charizard\n|-singleturn|p2b: Charizard|Protect\n|move|p1a: Basculegion|Last Respects|p2a: Incineroar\n|-resisted|p2a: Incineroar|1\n|-damage|p2a: Incineroar|0 fnt\n|faint|p2a: Incineroar\n|move|p1b: Kangaskhan|Double-Edge|p2b: Charizard\n|-activate|p2b: Charizard|move: Protect\n|\n|-damage|p1b: Kangaskhan|18/100 brn|[from] brn\n|-fieldend|move: Trick Room\n|upkeep\n|j| Avatar Kony\n|\n|t:|1776609515\n|switch|p2a: Sneasler|Sneasler, L50, M|28/100\n|turn|6\n|\n|t:|1776609532\n|move|p2a: Sneasler|Fake Out|p1b: Kangaskhan\n|-damage|p1b: Kangaskhan|6/100 brn\n|move|p1a: Basculegion|Aqua Jet|p2b: Charizard\n|-damage|p2b: Charizard|0 fnt\n|faint|p2b: Charizard\n|cant|p1b: Kangaskhan|flinch\n|\n|-damage|p1b: Kangaskhan|0 fnt|[from] brn\n|faint|p1b: Kangaskhan\n|upkeep\n|\n|t:|1776609541\n|switch|p2b: Rotom|Rotom-Wash, L50|61/100\n|turn|7\n|\n|t:|1776609552\n|move|p2a: Sneasler|Dire Claw|p1a: Basculegion\n|-resisted|p1a: Basculegion|1\n|-damage|p1a: Basculegion|79/100\n|move|p2b: Rotom|Volt Switch|p1a: Basculegion\n|-supereffective|p1a: Basculegion|1\n|-damage|p1a: Basculegion|29/100\n|move|p1a: Basculegion|Last Respects|p2b: Rotom\n|-damage|p2b: Rotom|0 fnt\n|faint|p2b: Rotom\n|\n|upkeep\n|turn|8\n|\n|t:|1776609564\n|move|p1a: Basculegion|Aqua Jet|p2a: Sneasler\n|-damage|p2a: Sneasler|0 fnt\n|faint|p2a: Sneasler\n|\n|win|magicalarcher57\n",
  "uploadtime": 1776609565,
  "views": 5,
  "formatid": "gen9championsvgc2026regma",
  "rating": null,
  "private": 0,
  "password": null
}