{
  "id": "gen9championsvgc2026regma-2581311025",
  "format": "[Gen 9 Champions] VGC 2026 Reg M-A",
  "players": [
    "PPYYY",
    "LelBoii"
  ],
  "log": "|j|\u2606PPYYY\n|j|\u2606LelBoii\n|t:|1775984929\n|gametype|doubles\n|player|p1|PPYYY|miku-water|\n|player|p2|LelBoii|cynthia-gen4|\n|gen|9\n|tier|[Gen 9 Champions] VGC 2026 Reg M-A\n|rated|Tournament battle\n|rule|Species Clause: Limit one of each Pok\u00e9mon\n|rule|Item Clause: Limit 1 of each item\n|clearpoke\n|poke|p1|Floette-Eternal, L50, F|\n|poke|p1|Hydreigon, L50, M|\n|poke|p1|Corviknight, L50, M|\n|poke|p1|Typhlosion-Hisui, L50, F|\n|poke|p1|Milotic, L50, M|\n|poke|p1|Rotom-Heat, L50|\n|poke|p2|Typhlosion-Hisui, L50, F|\n|poke|p2|Charizard, L50, F|\n|poke|p2|Whimsicott, L50, F|\n|poke|p2|Garchomp, L50, F|\n|poke|p2|Incineroar, L50, F|\n|poke|p2|Venusaur, L50, M|\n|teampreview|4\n|j| alejandrobm\n|\n|t:|1775984977\n|teamsize|p1|4\n|teamsize|p2|4\n|start\n|switch|p1a: Rotom|Rotom-Heat, L50|100/100\n|switch|p1b: lal|Hydreigon, L50, M|100/100\n|switch|p2a: Typhlosion|Typhlosion-Hisui, L50, F, shiny|100/100\n|switch|p2b: Whimsicott|Whimsicott, L50, F, shiny|100/100\n|-item|p1a: Rotom|Sitrus Berry|[from] ability: Frisk|[of] p2a: Typhlosion\n|-item|p1b: lal|Focus Sash|[from] ability: Frisk|[of] p2a: Typhlosion\n|turn|1\n|inactive|Battle timer is ON: inactive players will automatically lose when time's up. (requested by LelBoii)\n|\n|t:|1775985000\n|move|p2b: Whimsicott|Tailwind|p2b: Whimsicott\n|-sidestart|p2: LelBoii|move: Tailwind\n|move|p2a: Typhlosion|Eruption|p1a: Rotom|[spread] p1a,p1b\n|-resisted|p1a: Rotom|1\n|-resisted|p1b: lal|1\n|-damage|p1a: Rotom|71/100\n|-damage|p1b: lal|72/100\n|move|p1b: lal|Snarl|p2b: Whimsicott|[spread] p2a,p2b\n|-supereffective|p2a: Typhlosion|1\n|-resisted|p2b: Whimsicott|1\n|-damage|p2a: Typhlosion|48/100\n|-damage|p2b: Whimsicott|87/100\n|-unboost|p2a: Typhlosion|spa|1\n|-unboost|p2b: Whimsicott|spa|1\n|move|p1a: Rotom|Overheat|p2b: Whimsicott\n|-supereffective|p2b: Whimsicott|1\n|-damage|p2b: Whimsicott|0 fnt\n|-unboost|p1a: Rotom|spa|2\n|faint|p2b: Whimsicott\n|\n|upkeep\n|\n|t:|1775985013\n|switch|p2b: Charizard|Charizard, L50, F, shiny|100/100\n|turn|2\n|\n|t:|1775985019\n|detailschange|p2b: Charizard|Charizard-Mega-Y, L50, F, shiny\n|-mega|p2b: Charizard|Charizard|Charizardite Y\n|-weather|SunnyDay|[from] ability: Drought|[of] p2b: Charizard\n|move|p2b: Charizard|Protect|p2b: Charizard\n|-singleturn|p2b: Charizard|Protect\n|move|p2a: Typhlosion|Eruption|p1b: lal|[spread] p1a,p1b\n|-resisted|p1a: Rotom|1\n|-resisted|p1b: lal|1\n|-damage|p1a: Rotom|59/100\n|-damage|p1b: lal|56/100\n|move|p1b: lal|Snarl|p2b: Charizard|[spread] p2a\n|-activate|p2b: Charizard|move: Protect\n|-supereffective|p2a: Typhlosion|1\n|-damage|p2a: Typhlosion|0 fnt\n|faint|p2a: Typhlosion\n|move|p1a: Rotom|Thunderbolt|p2b: Charizard\n|-activate|p2b: Charizard|move: Protect\n|\n|-weather|SunnyDay|[upkeep]\n|upkeep\n|\n|t:|1775985029\n|switch|p2a: Venusaur|Venusaur, L50, M, shiny|100/100\n|turn|3\n|\n|t:|1775985040\n|move|p1b: lal|Protect|p1b: lal\n|-singleturn|p1b: lal|Protect\n|move|p1a: Rotom|Protect|p1a: Rotom\n|-singleturn|p1a: Rotom|Protect\n|move|p2a: Venusaur|Solar Beam||[still]\n|-prepare|p2a: Venusaur|Solar Beam\n|-anim|p2a: Venusaur|Solar Beam|p1a: Rotom\n|-activate|p1a: Rotom|move: Protect\n|move|p2b: Charizard|Heat Wave|p1a: Rotom|[spread] \n|-activate|p1a: Rotom|move: Protect\n|-activate|p1b: lal|move: Protect\n|\n|-weather|SunnyDay|[upkeep]\n|upkeep\n|turn|4\n|\n|t:|1775985048\n|move|p2a: Venusaur|Solar Beam||[still]\n|-prepare|p2a: Venusaur|Solar Beam\n|-anim|p2a: Venusaur|Solar Beam|p1b: lal\n|-resisted|p1b: lal|1\n|-damage|p1b: lal|19/100\n|move|p2b: Charizard|Heat Wave|p1b: lal|[spread] p1a,p1b\n|-resisted|p1a: Rotom|1\n|-resisted|p1b: lal|1\n|-damage|p1a: Rotom|25/100\n|-damage|p1b: lal|0 fnt\n|-enditem|p1a: Rotom|Sitrus Berry|[eat]\n|-heal|p1a: Rotom|50/100|[from] item: Sitrus Berry\n|faint|p1b: lal\n|move|p1a: Rotom|Overheat|p2a: Venusaur\n|-supereffective|p2a: Venusaur|1\n|-damage|p2a: Venusaur|15/100\n|-unboost|p1a: Rotom|spa|2\n|\n|-weather|SunnyDay|[upkeep]\n|-sideend|p2: LelBoii|move: Tailwind\n|upkeep\n|\n|t:|1775985058\n|switch|p1b: lll|Typhlosion-Hisui, L50, F|100/100\n|-item|p2a: Venusaur|Miracle Seed|[from] ability: Frisk|[of] p1b: lll\n|-item|p2b: Charizard|Charizardite Y|[from] ability: Frisk|[of] p1b: lll\n|turn|5\n|\n|t:|1775985067\n|move|p2a: Venusaur|Sleep Powder|p1b: lll\n|-status|p1b: lll|slp|[from] move: Sleep Powder\n|cant|p1b: lll|slp\n|move|p2b: Charizard|Heat Wave|p1b: lll|[spread] p1a,p1b\n|-resisted|p1a: Rotom|1\n|-resisted|p1b: lll|1\n|-damage|p1a: Rotom|12/100\n|-damage|p1b: lll|51/100 slp\n|move|p1a: Rotom|Thunderbolt|p2b: Charizard\n|-supereffective|p2b: Charizard|1\n|-damage|p2b: Charizard|73/100\n|\n|-weather|SunnyDay|[upkeep]\n|upkeep\n|turn|6\n|\n|t:|1775985081\n|move|p2a: Venusaur|Solar Beam||[still]\n|-prepare|p2a: Venusaur|Solar Beam\n|-anim|p2a: Venusaur|Solar Beam|p1b: lll\n|-resisted|p1b: lll|1\n|-damage|p1b: lll|9/100 slp\n|-curestatus|p1b: lll|slp|[msg]\n|move|p1b: lll|Heat Wave|p2a: Venusaur|[spread] p2a,p2b\n|-supereffective|p2a: Venusaur|1\n|-resisted|p2b: Charizard|1\n|-damage|p2a: Venusaur|0 fnt\n|-damage|p2b: Charizard|44/100\n|faint|p2a: Venusaur\n|move|p2b: Charizard|Heat Wave|p1a: Rotom|[spread] p1a,p1b\n|-resisted|p1a: Rotom|1\n|-resisted|p1b: lll|1\n|-crit|p1b: lll\n|-damage|p1a: Rotom|0 fnt\n|-damage|p1b: lll|0 fnt\n|faint|p1a: Rotom\n|faint|p1b: lll\n|\n|-weather|none\n|upkeep\n|\n|t:|1775985090\n|switch|p1b: Floette|Floette-Eternal, L50, F|100/100\n|turn|7\n|\n|t:|1775985103\n|detailschange|p1b: Floette|Floette-Mega, L50, F\n|-mega|p1b: Floette|Floette|Floettite\n|-ability|p1b: Floette|Fairy Aura\n|move|p2b: Charizard|Air Slash|p1b: Floette\n|-damage|p1b: Floette|62/100\n|move|p1b: Floette|Calm Mind|p1b: Floette\n|-boost|p1b: Floette|spa|1\n|-boost|p1b: Floette|spd|1\n|\n|upkeep\n|turn|8\n|\n|t:|1775985110\n|move|p2b: Charizard|Air Slash|p1b: Floette\n|-damage|p1b: Floette|37/100\n|cant|p1b: Floette|flinch\n|\n|upkeep\n|turn|9\n|\n|t:|1775985114\n|move|p2b: Charizard|Air Slash|p1b: Floette|[miss]\n|-miss|p2b: Charizard|p1b: Floette\n|move|p1b: Floette|Moonblast|p2b: Charizard\n|-resisted|p2b: Charizard|1\n|-damage|p2b: Charizard|0 fnt\n|faint|p2b: Charizard\n|\n|win|PPYYY\n|n|\u2606PPYYY|ppyyy\n|n|\u2606LelBoii|lelboii\n|n| alejandrobm|alejandrobm\n",
  "uploadtime": 1775985116,
  "views": 12,
  "formatid": "gen9championsvgc2026regma",
  "rating": null,
  "private": 0,
  "password": null
}