{
  "id": "gen9championsvgc2026regma-2586345140",
  "format": "[Gen 9 Champions] VGC 2026 Reg M-A",
  "players": [
    "tulivgc",
    "DiamondNate"
  ],
  "log": "|j|\u2606tulivgc\n|j|\u2606DiamondNate\n|t:|1776427330\n|gametype|doubles\n|player|p1|tulivgc|266|1525\n|player|p2|DiamondNate|guitarist|1615\n|gen|9\n|tier|[Gen 9 Champions] VGC 2026 Reg M-A\n|rated|\n|rule|Species Clause: Limit one of each Pok\u00e9mon\n|rule|Item Clause: Limit 1 of each item\n|clearpoke\n|poke|p1|Basculegion, L50, M|\n|poke|p1|Aerodactyl, L50, F|\n|poke|p1|Incineroar, L50, F|\n|poke|p1|Venusaur, L50, F|\n|poke|p1|Gardevoir, L50, F|\n|poke|p1|Sneasler, L50, F|\n|poke|p2|Floette-Eternal, L50, F|\n|poke|p2|Maushold, L50|\n|poke|p2|Garchomp, L50, F|\n|poke|p2|Talonflame, L50, F|\n|poke|p2|Milotic, L50, M|\n|poke|p2|Aegislash, L50, M|\n|teampreview|4\n|inactive|Battle timer is ON: inactive players will automatically lose when time's up. (requested by tulivgc)\n|j| thatsaltyguy\n|\n|t:|1776427356\n|teamsize|p1|4\n|teamsize|p2|4\n|start\n|switch|p1a: Sneasler|Sneasler, L50, F|100/100\n|switch|p1b: Gardevoir|Gardevoir, L50, F|100/100\n|switch|p2a: Talonflame|Talonflame, L50, F|100/100\n|switch|p2b: Garchomp|Garchomp, L50, F|100/100\n|-ability|p1b: Gardevoir|Rough Skin|Trace|[from] ability: Trace|[of] p2b: Garchomp\n|turn|1\n|\n|t:|1776427372\n|switch|p1a: Aerodactyl|Aerodactyl, L50, F|100/100\n|-ability|p1a: Aerodactyl|Unnerve\n|detailschange|p1b: Gardevoir|Gardevoir-Mega, L50, F\n|-mega|p1b: Gardevoir|Gardevoir|Gardevoirite\n|move|p2a: Talonflame|Protect|p2a: Talonflame\n|-singleturn|p2a: Talonflame|Protect\n|move|p2b: Garchomp|Protect|p2b: Garchomp\n|-singleturn|p2b: Garchomp|Protect\n|move|p1b: Gardevoir|Calm Mind|p1b: Gardevoir\n|-boost|p1b: Gardevoir|spa|1\n|-boost|p1b: Gardevoir|spd|1\n|\n|upkeep\n|turn|2\n|\n|t:|1776427394\n|move|p2a: Talonflame|Tailwind|p2a: Talonflame\n|-sidestart|p2: DiamondNate|move: Tailwind\n|move|p2b: Garchomp|Rock Slide|p1b: Gardevoir|[spread] p1a,p1b\n|-supereffective|p1a: Aerodactyl|1\n|-damage|p1a: Aerodactyl|34/100\n|-damage|p1b: Gardevoir|72/100\n|cant|p1a: Aerodactyl|flinch\n|cant|p1b: Gardevoir|flinch\n|\n|upkeep\n|turn|3\n|c|\u2606tulivgc|Interesting\n|c|\u2606DiamondNate|Very\n|\n|t:|1776427419\n|move|p1a: Aerodactyl|Protect|p1a: Aerodactyl\n|-singleturn|p1a: Aerodactyl|Protect\n|move|p2a: Talonflame|Acrobatics|p1b: Gardevoir\n|-damage|p1b: Gardevoir|12/100\n|move|p2b: Garchomp|Rock Slide|p1b: Gardevoir|[spread] p1b\n|-activate|p1a: Aerodactyl|move: Protect\n|-damage|p1b: Gardevoir|0 fnt\n|faint|p1b: Gardevoir\n|\n|upkeep\n|\n|t:|1776427425\n|switch|p1b: Sneasler|Sneasler, L50, F|100/100\n|turn|4\n|c| thatsaltyguy|dont get flinched\n|\n|t:|1776427433\n|move|p1b: Sneasler|Fake Out|p2a: Talonflame\n|-damage|p2a: Talonflame|80/100\n|cant|p2a: Talonflame|flinch\n|move|p2b: Garchomp|Rock Slide|p1b: Sneasler|[spread] p1b\n|-miss|p2b: Garchomp|p1a: Aerodactyl\n|-resisted|p1b: Sneasler|1\n|-damage|p1b: Sneasler|84/100\n|move|p1a: Aerodactyl|Tailwind|p1a: Aerodactyl\n|-sidestart|p1: tulivgc|move: Tailwind\n|\n|upkeep\n|turn|5\n|\n|t:|1776427454\n|switch|p2a: Aegislash|Aegislash, L50, M|100/100\n|move|p1a: Aerodactyl|Rock Slide|p2a: Aegislash|[spread] p2a,p2b\n|-resisted|p2a: Aegislash|1\n|-resisted|p2b: Garchomp|1\n|-damage|p2a: Aegislash|92/100\n|-damage|p2b: Garchomp|88/100\n|move|p1b: Sneasler|Close Combat|p2b: Garchomp\n|-damage|p2b: Garchomp|22/100\n|-unboost|p1b: Sneasler|def|1\n|-unboost|p1b: Sneasler|spd|1\n|-damage|p1b: Sneasler|72/100|[from] ability: Rough Skin|[of] p2b: Garchomp\n|-enditem|p1b: Sneasler|White Herb\n|-clearnegativeboost|p1b: Sneasler|[silent]\n|move|p2b: Garchomp|Rock Slide|p1a: Aerodactyl|[spread] p1a,p1b\n|-supereffective|p1a: Aerodactyl|1\n|-resisted|p1b: Sneasler|1\n|-damage|p1a: Aerodactyl|0 fnt\n|-damage|p1b: Sneasler|54/100\n|faint|p1a: Aerodactyl\n|\n|-sideend|p2: DiamondNate|move: Tailwind\n|upkeep\n|\n|t:|1776427460\n|switch|p1a: Basculegion|Basculegion, L50, M|100/100\n|turn|6\n|inactive|DiamondNate has 30 seconds left.\n|inactive|DiamondNate has 20 seconds left.\n|inactive|DiamondNate has 15 seconds left.\n|inactive|DiamondNate has 10 seconds left.\n|inactive|DiamondNate has 5 seconds left.\n|\n|t:|1776427511\n|switch|p2a: Floette|Floette-Eternal, L50, F|100/100\n|move|p1b: Sneasler|Protect|p1b: Sneasler\n|-singleturn|p1b: Sneasler|Protect\n|move|p1a: Basculegion|Last Respects|p2b: Garchomp\n|-damage|p2b: Garchomp|0 fnt\n|faint|p2b: Garchomp\n|\n|upkeep\n|\n|t:|1776427521\n|switch|p2b: Talonflame|Talonflame, L50, F|80/100\n|turn|7\n|\n|t:|1776427525\n|move|p2b: Talonflame|Protect|p2b: Talonflame\n|-singleturn|p2b: Talonflame|Protect\n|move|p2a: Floette|Protect|p2a: Floette\n|-singleturn|p2a: Floette|Protect\n|move|p1b: Sneasler|Dire Claw|p2a: Floette\n|-activate|p2a: Floette|move: Protect\n|move|p1a: Basculegion|Last Respects|p2b: Talonflame\n|-activate|p2b: Talonflame|move: Protect\n|\n|-sideend|p1: tulivgc|move: Tailwind\n|upkeep\n|turn|8\n|\n|t:|1776427539\n|detailschange|p2a: Floette|Floette-Mega, L50, F\n|-mega|p2a: Floette|Floette|Floettite\n|-ability|p2a: Floette|Fairy Aura\n|move|p1b: Sneasler|Dire Claw|p2a: Floette\n|-supereffective|p2a: Floette|1\n|-damage|p2a: Floette|3/100\n|move|p2b: Talonflame|Tailwind|p2b: Talonflame\n|-sidestart|p2: DiamondNate|move: Tailwind\n|move|p2a: Floette|Moonblast|p1a: Basculegion\n|-damage|p1a: Basculegion|15/100\n|move|p1a: Basculegion|Last Respects|p2b: Talonflame\n|-damage|p2b: Talonflame|0 fnt\n|faint|p2b: Talonflame\n|\n|upkeep\n|j| Glaceon0404\n|\n|t:|1776427553\n|switch|p2b: Aegislash|Aegislash, L50, M|92/100\n|turn|9\n|\n|t:|1776427558\n|-formechange|p2b: Aegislash|Aegislash-Blade|\n|move|p2b: Aegislash|Shadow Sneak|p1a: Basculegion\n|-supereffective|p1a: Basculegion|1\n|-damage|p1a: Basculegion|0 fnt\n|faint|p1a: Basculegion\n|move|p1b: Sneasler|Dire Claw|p2a: Floette\n|-supereffective|p2a: Floette|1\n|-damage|p2a: Floette|0 fnt\n|faint|p2a: Floette\n|\n|upkeep\n|turn|10\n|-message|tulivgc forfeited.\n|\n|win|DiamondNate\n|raw|tulivgc's rating: 1525 &rarr; <strong>1510</strong><br />(-15 for losing)\n|raw|DiamondNate's rating: 1615 &rarr; <strong>1630</strong><br />(+15 for winning)\n|l|\u2606tulivgc\n|player|p1|\n|c|\u2606DiamondNate|Gg\n",
  "uploadtime": 1776427579,
  "views": 57,
  "formatid": "gen9championsvgc2026regma",
  "rating": 1510,
  "private": 0,
  "password": null
}