{
  "id": "gen9championsvgc2026regma-2587445529",
  "format": "[Gen 9 Champions] VGC 2026 Reg M-A",
  "players": [
    "Warehouse User",
    "heroisemcalssa"
  ],
  "log": "|j|\u2606Warehouse User\n|j|\u2606heroisemcalssa\n|t:|1776532432\n|gametype|doubles\n|player|p1|Warehouse User|170|1014\n|player|p2|heroisemcalssa|swimmer|1057\n|gen|9\n|tier|[Gen 9 Champions] VGC 2026 Reg M-A\n|rated|\n|rule|Species Clause: Limit one of each Pok\u00e9mon\n|rule|Item Clause: Limit 1 of each item\n|clearpoke\n|poke|p1|Aegislash, L50, F|\n|poke|p1|Maushold-Four, L50|\n|poke|p1|Azumarill, L50, M|\n|poke|p1|Whimsicott, L50, F|\n|poke|p1|Beedrill, L50, F|\n|poke|p1|Castform, L50, F|\n|poke|p2|Houndoom, L50, F|\n|poke|p2|Pelipper, L50, M|\n|poke|p2|Weavile, L50, F|\n|poke|p2|Zoroark-Hisui, L50, F|\n|poke|p2|Lucario, L50, M|\n|poke|p2|Scizor, L50, M|\n|teampreview|4\n|inactive|Battle timer is ON: inactive players will automatically lose when time's up. (requested by Warehouse User)\n|\n|t:|1776532473\n|teamsize|p1|4\n|teamsize|p2|4\n|start\n|switch|p1a: Azumarill|Azumarill, L50, M|100/100\n|switch|p1b: Maushold|Maushold-Four, L50|100/100\n|switch|p2a: Houndoom|Houndoom, L50, F|100/100\n|switch|p2b: Lucario|Lucario, L50, M|100/100\n|turn|1\n|-activate|p2a: Houndoom|item: Quick Claw\n|\n|t:|1776532496\n|move|p1b: Maushold|Follow Me|p1b: Maushold\n|-singleturn|p1b: Maushold|move: Follow Me\n|move|p2a: Houndoom|Taunt|p1b: Maushold\n|-start|p1b: Maushold|move: Taunt\n|move|p2b: Lucario|Sludge Bomb|p1b: Maushold\n|-damage|p1b: Maushold|51/100\n|move|p1a: Azumarill|Belly Drum|p1a: Azumarill\n|-damage|p1a: Azumarill|51/100\n|-setboost|p1a: Azumarill|atk|6|[from] move: Belly Drum\n|\n|upkeep\n|turn|2\n|inactive|Warehouse User has 30 seconds left.\n|\n|t:|1776532525\n|switch|p1b: Aegislash|Aegislash, L50, F|100/100\n|move|p1a: Azumarill|Aqua Jet|p2b: Lucario\n|-damage|p2b: Lucario|0 fnt\n|replace|p2b: Zoroark|Zoroark-Hisui, L50, F\n|-end|p2b: Zoroark|Illusion\n|faint|p2b: Zoroark\n|move|p2a: Houndoom|Will-O-Wisp|p1a: Azumarill\n|-status|p1a: Azumarill|brn\n|\n|-damage|p1a: Azumarill|45/100 brn|[from] brn\n|upkeep\n|-enditem|p1a: Azumarill|Sitrus Berry|[eat]\n|-heal|p1a: Azumarill|70/100 brn|[from] item: Sitrus Berry\n|\n|t:|1776532541\n|switch|p2b: Scizor|Scizor, L50, M|100/100\n|turn|3\n|inactive|Warehouse User has 30 seconds left.\n|\n|t:|1776532569\n|detailschange|p2b: Scizor|Scizor-Mega, L50, M\n|-mega|p2b: Scizor|Scizor|Scizorite\n|move|p1a: Azumarill|Protect|p1a: Azumarill\n|-singleturn|p1a: Azumarill|Protect\n|move|p2a: Houndoom|Will-O-Wisp|p1b: Aegislash\n|-status|p1b: Aegislash|brn\n|move|p2b: Scizor|Swords Dance|p2b: Scizor\n|-boost|p2b: Scizor|atk|2\n|move|p1b: Aegislash|Swords Dance|p1b: Aegislash\n|-boost|p1b: Aegislash|atk|2\n|\n|-damage|p1b: Aegislash|95/100 brn|[from] brn\n|-damage|p1a: Azumarill|64/100 brn|[from] brn\n|upkeep\n|turn|4\n|inactive|heroisemcalssa has 30 seconds left.\n|\n|t:|1776532597\n|move|p2b: Scizor|Bullet Punch|p1a: Azumarill\n|-damage|p1a: Azumarill|0 fnt\n|faint|p1a: Azumarill\n|-formechange|p1b: Aegislash|Aegislash-Blade|\n|move|p1b: Aegislash|Shadow Sneak|p2b: Scizor\n|-damage|p2b: Scizor|77/100\n|move|p2a: Houndoom|Destiny Bond|p2a: Houndoom\n|-singlemove|p2a: Houndoom|Destiny Bond\n|\n|-damage|p1b: Aegislash|89/100 brn|[from] brn\n|upkeep\n|\n|t:|1776532609\n|switch|p1a: Maushold|Maushold-Four, L50|51/100\n|turn|5\n|-activate|p2a: Houndoom|item: Quick Claw\n|\n|t:|1776532633\n|move|p1a: Maushold|Follow Me|p1a: Maushold\n|-singleturn|p1a: Maushold|move: Follow Me\n|move|p2a: Houndoom|Taunt|p1a: Maushold\n|-start|p1a: Maushold|move: Taunt\n|move|p2b: Scizor|Bug Bite|p1a: Maushold\n|-damage|p1a: Maushold|0 fnt\n|-enditem|p1a: Maushold|Chople Berry|[from] stealeat|[move] Bug Bite|[of] p2b: Scizor\n|faint|p1a: Maushold\n|move|p1b: Aegislash|Sacred Sword|p2b: Scizor\n|-damage|p2b: Scizor|51/100\n|\n|-damage|p1b: Aegislash|83/100 brn|[from] brn\n|upkeep\n|\n|t:|1776532648\n|switch|p1a: Whimsicott|Whimsicott, L50, F|100/100\n|turn|6\n|-activate|p2a: Houndoom|item: Quick Claw\n|\n|t:|1776532661\n|move|p1a: Whimsicott|Encore|p2b: Scizor\n|-start|p2b: Scizor|Encore\n|move|p2a: Houndoom|Taunt|p1a: Whimsicott\n|-start|p1a: Whimsicott|move: Taunt\n|move|p2b: Scizor|Bug Bite|p1b: Aegislash\n|-resisted|p1b: Aegislash|2\n|-damage|p1b: Aegislash|32/100 brn\n|move|p1b: Aegislash|Swords Dance|p1b: Aegislash\n|-boost|p1b: Aegislash|atk|2\n|\n|-damage|p1b: Aegislash|26/100 brn|[from] brn\n|upkeep\n|turn|7\n|\n|t:|1776532682\n|move|p1b: Aegislash|Shadow Sneak|p2b: Scizor\n|-damage|p2b: Scizor|17/100\n|move|p1a: Whimsicott|Moonblast|p2a: Houndoom\n|-damage|p2a: Houndoom|70/100\n|move|p2a: Houndoom|Taunt|p1b: Aegislash\n|-start|p1b: Aegislash|move: Taunt\n|move|p2b: Scizor|Bug Bite|p1b: Aegislash\n|-resisted|p1b: Aegislash|2\n|-damage|p1b: Aegislash|0 fnt\n|faint|p1b: Aegislash\n|\n|upkeep\n|turn|8\n|\n|t:|1776532700\n|move|p1a: Whimsicott|Moonblast|p2b: Scizor\n|-resisted|p2b: Scizor|1\n|-damage|p2b: Scizor|0 fnt\n|faint|p2b: Scizor\n|move|p2a: Houndoom|Will-O-Wisp|p1a: Whimsicott\n|-status|p1a: Whimsicott|brn\n|\n|-damage|p1a: Whimsicott|95/100 brn|[from] brn\n|upkeep\n|\n|t:|1776532710\n|switch|p2b: Lucario|Lucario, L50, M|100/100\n|turn|9\n|\n|t:|1776532723\n|move|p1a: Whimsicott|Moonblast|p2a: Houndoom\n|-damage|p2a: Houndoom|42/100\n|move|p2b: Lucario|Flash Cannon|p1a: Whimsicott\n|-supereffective|p1a: Whimsicott|1\n|-damage|p1a: Whimsicott|0 fnt\n|faint|p1a: Whimsicott\n|\n|win|heroisemcalssa\n|raw|Warehouse User's rating: 1014 &rarr; <strong>1003</strong><br />(-11 for losing)\n|raw|heroisemcalssa's rating: 1057 &rarr; <strong>1085</strong><br />(+28 for winning)\n",
  "uploadtime": 1776532729,
  "views": 12,
  "formatid": "gen9championsvgc2026regma",
  "rating": 1003,
  "private": 0,
  "password": null
}