{
  "id": "gen9championsvgc2026regma-2580353236",
  "format": "[Gen 9 Champions] VGC 2026 Reg M-A",
  "players": [
    "lakeandbake",
    "Motherfuck ICE"
  ],
  "log": "|j|\u203dlakeandbake\n|j|\u2606Motherfuck ICE\n|t:|1775884206\n|gametype|doubles\n|player|p1|lakeandbake|iono-masters|1047\n|player|p2|Motherfuck ICE|archer|1026\n|gen|9\n|tier|[Gen 9 Champions] VGC 2026 Reg M-A\n|rated|\n|rule|Species Clause: Limit one of each Pok\u00e9mon\n|rule|Item Clause: Limit 1 of each item\n|clearpoke\n|poke|p1|Dragonite, L50, M|\n|poke|p1|Sneasler, L50, M|\n|poke|p1|Clefable, L50, M|\n|poke|p1|Basculegion, L50, M|\n|poke|p1|Kingambit, L50, F|\n|poke|p1|Delphox, L50, F|\n|poke|p2|Gengar, L50, M|\n|poke|p2|Kingambit, L50, M|\n|poke|p2|Sneasler, L50, F|\n|poke|p2|Dragonite, L50, F|\n|poke|p2|Rotom-Wash, L50|\n|poke|p2|Kommo-o, L50, F|\n|teampreview|4\n|inactive|Battle timer is ON: inactive players will automatically lose when time's up. (requested by lakeandbake)\n|\n|t:|1775884233\n|teamsize|p1|4\n|teamsize|p2|4\n|start\n|switch|p1a: Basculegion|Basculegion, L50, M|100/100\n|switch|p1b: Delphox|Delphox, L50, F|100/100\n|switch|p2a: Gengar|Gengar, L50, M, shiny|100/100\n|switch|p2b: Dragonite|Dragonite, L50, F|100/100\n|turn|1\n|inactive|lakeandbake has 30 seconds left.\n|\n|t:|1775884261\n|detailschange|p2a: Gengar|Gengar-Mega, L50, M, shiny\n|-mega|p2a: Gengar|Gengar|Gengarite\n|detailschange|p1b: Delphox|Delphox-Mega, L50, F\n|-mega|p1b: Delphox|Delphox|Delphoxite\n|move|p2a: Gengar|Protect|p2a: Gengar\n|-singleturn|p2a: Gengar|Protect\n|move|p1b: Delphox|Heat Wave|p2a: Gengar|[spread] p2b\n|-activate|p2a: Gengar|move: Protect\n|-resisted|p2b: Dragonite|1\n|-damage|p2b: Dragonite|90/100\n|move|p1a: Basculegion|Wave Crash|p2a: Gengar\n|-activate|p2a: Gengar|move: Protect\n|move|p2b: Dragonite|Tailwind|p2b: Dragonite\n|-sidestart|p2: Motherfuck ICE|move: Tailwind\n|\n|upkeep\n|turn|2\n|inactive|Motherfuck ICE has 30 seconds left.\n|inactive|Motherfuck ICE has 20 seconds left.\n|inactive|Motherfuck ICE has 15 seconds left.\n|\n|t:|1775884302\n|switch|p1a: Clefable|Clefable, L50, M|100/100\n|move|p1b: Delphox|Protect|p1b: Delphox\n|-singleturn|p1b: Delphox|Protect\n|move|p2a: Gengar|Shadow Ball|p1b: Delphox\n|-activate|p1b: Delphox|move: Protect\n|move|p2b: Dragonite|Roost|p2b: Dragonite\n|-heal|p2b: Dragonite|100/100\n|-singleturn|p2b: Dragonite|move: Roost\n|\n|upkeep\n|turn|3\n|\n|t:|1775884322\n|move|p2b: Dragonite|Protect|p2b: Dragonite\n|-singleturn|p2b: Dragonite|Protect\n|move|p1a: Clefable|Follow Me|p1a: Clefable\n|-singleturn|p1a: Clefable|move: Follow Me\n|move|p2a: Gengar|Shadow Ball|p1a: Clefable\n|-damage|p1a: Clefable|54/100\n|move|p1b: Delphox|Psychic|p2a: Gengar\n|-supereffective|p2a: Gengar|1\n|-damage|p2a: Gengar|0 fnt\n|faint|p2a: Gengar\n|\n|upkeep\n|\n|t:|1775884332\n|switch|p2a: Sneasler|Sneasler, L50, F|100/100\n|turn|4\n|\n|t:|1775884354\n|move|p1b: Delphox|Protect|p1b: Delphox\n|-singleturn|p1b: Delphox|Protect\n|move|p1a: Clefable|Protect|p1a: Clefable\n|-singleturn|p1a: Clefable|Protect\n|move|p2a: Sneasler|Fake Out|p1b: Delphox\n|-activate|p1b: Delphox|move: Protect\n|move|p2b: Dragonite|Extreme Speed|p1a: Clefable\n|-activate|p1a: Clefable|move: Protect\n|\n|-sideend|p2: Motherfuck ICE|move: Tailwind\n|upkeep\n|turn|5\n|\n|t:|1775884378\n|switch|p1a: Basculegion|Basculegion, L50, M|100/100\n|move|p2b: Dragonite|Extreme Speed|p1b: Delphox\n|-damage|p1b: Delphox|48/100\n|move|p1b: Delphox|Heat Wave|p2b: Dragonite|[spread] p2a,p2b\n|-resisted|p2b: Dragonite|1\n|-damage|p2a: Sneasler|38/100\n|-damage|p2b: Dragonite|88/100\n|move|p2a: Sneasler|Dire Claw|p1b: Delphox\n|-damage|p1b: Delphox|0 fnt\n|faint|p1b: Delphox\n|\n|upkeep\n|\n|t:|1775884396\n|switch|p1b: Sneasler|Sneasler, L50, M|100/100\n|turn|6\n|\n|t:|1775884409\n|move|p1b: Sneasler|Fake Out|p2b: Dragonite\n|-damage|p2b: Dragonite|73/100\n|move|p1a: Basculegion|Flip Turn|p2a: Sneasler\n|-damage|p2a: Sneasler|0 fnt\n|faint|p2a: Sneasler\n|\n|t:|1775884415\n|switch|p1a: Clefable|Clefable, L50, M|54/100|[from] Flip Turn\n|cant|p2b: Dragonite|flinch\n|\n|upkeep\n|\n|t:|1775884417\n|switch|p2a: Kingambit|Kingambit, L50, M, shiny|100/100\n|turn|7\n|\n|t:|1775884427\n|move|p1b: Sneasler|Protect|p1b: Sneasler\n|-singleturn|p1b: Sneasler|Protect\n|move|p1a: Clefable|Protect|p1a: Clefable\n|-singleturn|p1a: Clefable|Protect\n|move|p2a: Kingambit|Protect|p2a: Kingambit\n|-singleturn|p2a: Kingambit|Protect\n|move|p2b: Dragonite|Extreme Speed|p1b: Sneasler\n|-activate|p1b: Sneasler|move: Protect\n|\n|upkeep\n|turn|8\n|-message|Motherfuck ICE forfeited.\n|\n|win|lakeandbake\n|raw|lakeandbake's rating: 1047 &rarr; <strong>1078</strong><br />(+31 for winning)\n|raw|Motherfuck ICE's rating: 1026 &rarr; <strong>1013</strong><br />(-13 for losing)\n",
  "uploadtime": 1775884434,
  "views": 12,
  "formatid": "gen9championsvgc2026regma",
  "rating": 1013,
  "private": 0,
  "password": null
}