{
  "id": "gen9championsvgc2026regma-2581495536",
  "format": "[Gen 9 Champions] VGC 2026 Reg M-A",
  "players": [
    "Riverpasta",
    "Chikitriskis"
  ],
  "log": "|j|\u2606Riverpasta\n|j|\u2606Chikitriskis\n|t:|1776005718\n|gametype|doubles\n|player|p1|Riverpasta|red|1198\n|player|p2|Chikitriskis|canari|1151\n|gen|9\n|tier|[Gen 9 Champions] VGC 2026 Reg M-A\n|rated|\n|rule|Species Clause: Limit one of each Pok\u00e9mon\n|rule|Item Clause: Limit 1 of each item\n|clearpoke\n|poke|p1|Crabominable, L50, M|\n|poke|p1|Slowking, L50, M|\n|poke|p1|Incineroar, L50, F|\n|poke|p1|Hatterene, L50, F|\n|poke|p1|Camerupt, L50, M|\n|poke|p1|Tsareena, L50, F|\n|poke|p2|Venusaur, L50, F|\n|poke|p2|Toxapex, L50, M|\n|poke|p2|Farigiraf, L50, M|\n|poke|p2|Arcanine-Hisui, L50, M|\n|poke|p2|Ninetales-Alola, L50, M|\n|poke|p2|Basculegion, L50, M|\n|teampreview|4\n|inactive|Battle timer is ON: inactive players will automatically lose when time's up. (requested by Chikitriskis)\n|\n|t:|1776005742\n|teamsize|p1|4\n|teamsize|p2|4\n|start\n|switch|p1a: Incineroar|Incineroar, L50, F|100/100\n|switch|p1b: Slowking|Slowking, L50, M|100/100\n|switch|p2a: Venusaur|Venusaur, L50, F, shiny|100/100\n|switch|p2b: Toxapex|Toxapex, L50, M|100/100\n|-ability|p1a: Incineroar|Intimidate|boost\n|-unboost|p2a: Venusaur|atk|1\n|-unboost|p2b: Toxapex|atk|1\n|turn|1\n|\n|t:|1776005757\n|switch|p2b: Farigiraf|Farigiraf, L50, M|100/100\n|detailschange|p2a: Venusaur|Venusaur-Mega, L50, F, shiny\n|-mega|p2a: Venusaur|Venusaur|Venusaurite\n|move|p1a: Incineroar|Fake Out||[still]\n|cant|p2b: Farigiraf|ability: Armor Tail|Fake Out|[of] p1a: Incineroar\n|move|p2a: Venusaur|Leech Seed|p1b: Slowking\n|-start|p1b: Slowking|move: Leech Seed\n|move|p1b: Slowking|Trick Room|p1b: Slowking\n|-fieldstart|move: Trick Room|[of] p1b: Slowking\n|\n|-damage|p1b: Slowking|88/100|[from] Leech Seed|[of] p2a: Venusaur\n|upkeep\n|turn|2\n|\n|t:|1776005778\n|switch|p2b: Toxapex|Toxapex, L50, M|100/100\n|-prepare|p1b: Slowking|Chilly Reception|[premajor]\n|move|p1b: Slowking|Chilly Reception|p1b: Slowking\n|-weather|Snowscape\n|\n|t:|1776005794\n|switch|p1b: Hatterene|Hatterene, L50, F|100/100|[from] Chilly Reception\n|move|p1a: Incineroar|Darkest Lariat|p2b: Toxapex\n|-damage|p2b: Toxapex|64/100\n|move|p2a: Venusaur|Leech Seed|p1a: Incineroar\n|-start|p1a: Incineroar|move: Leech Seed\n|\n|-weather|Snowscape|[upkeep]\n|-heal|p2b: Toxapex|69/100|[from] item: Leftovers\n|-damage|p1a: Incineroar|88/100|[from] Leech Seed|[of] p2a: Venusaur\n|upkeep\n|turn|3\n|\n|t:|1776005815\n|switch|p2b: Farigiraf|Farigiraf, L50, M|100/100\n|move|p2a: Venusaur|Protect|p2a: Venusaur\n|-singleturn|p2a: Venusaur|Protect\n|move|p1b: Hatterene|Psychic|p2b: Farigiraf\n|-resisted|p2b: Farigiraf|1\n|-damage|p2b: Farigiraf|78/100\n|move|p1a: Incineroar|Parting Shot|p2a: Venusaur\n|-activate|p2a: Venusaur|move: Protect\n|\n|-weather|Snowscape|[upkeep]\n|-damage|p1a: Incineroar|75/100|[from] Leech Seed|[of] p2a: Venusaur\n|upkeep\n|turn|4\n|inactive|Riverpasta has 30 seconds left.\n|\n|t:|1776005841\n|move|p2b: Farigiraf|Ally Switch|p2b: Farigiraf\n|swap|p2b: Farigiraf|0|[from] move: Ally Switch\n|move|p1b: Hatterene|Psychic|p2a: Farigiraf\n|-resisted|p2a: Farigiraf|1\n|-damage|p2a: Farigiraf|53/100\n|move|p1a: Incineroar|Flare Blitz|p2a: Farigiraf\n|-damage|p2a: Farigiraf|6/100\n|-enditem|p2a: Farigiraf|Sitrus Berry|[eat]\n|-heal|p2a: Farigiraf|31/100|[from] item: Sitrus Berry\n|-damage|p1a: Incineroar|58/100|[from] Recoil\n|move|p2b: Venusaur|Sludge Bomb|p1b: Hatterene\n|-supereffective|p1b: Hatterene|1\n|-damage|p1b: Hatterene|15/100\n|\n|-weather|Snowscape|[upkeep]\n|-damage|p1a: Incineroar|45/100|[from] Leech Seed|[of] p2a: Farigiraf\n|-heal|p2a: Farigiraf|42/100|[silent]\n|upkeep\n|-enditem|p1a: Incineroar|Sitrus Berry|[eat]\n|-heal|p1a: Incineroar|70/100|[from] item: Sitrus Berry\n|turn|5\n|c|\u2606Riverpasta|Brotha what\n|\n|t:|1776005855\n|move|p2b: Venusaur|Protect|p2b: Venusaur\n|-singleturn|p2b: Venusaur|Protect\n|move|p1b: Hatterene|Psychic|p2b: Venusaur\n|-activate|p2b: Venusaur|move: Protect\n|move|p2a: Farigiraf|Hyper Voice|p1a: Incineroar|[spread] p1a,p1b\n|-damage|p1a: Incineroar|47/100\n|-damage|p1b: Hatterene|0 fnt\n|faint|p1b: Hatterene\n|move|p1a: Incineroar|Darkest Lariat|p2a: Farigiraf\n|-supereffective|p2a: Farigiraf|1\n|-damage|p2a: Farigiraf|0 fnt\n|faint|p2a: Farigiraf\n|\n|-weather|Snowscape|[upkeep]\n|-fieldend|move: Trick Room\n|upkeep\n|\n|t:|1776005868\n|switch|p2a: Toxapex|Toxapex, L50, M|100/100\n|switch|p1b: Crabominable|Crabominable, L50, M|100/100\n|turn|6\n|c|\u2606Chikitriskis|never saw ally switch before?\n|c|\u2606Riverpasta|Ive seen it\n|c|\u2606Riverpasta|This strat tho\n|inactive|Riverpasta has 30 seconds left.\n|inactive|Riverpasta has 20 seconds left.\n|\n|t:|1776005903\n|switch|p2b: Arcanine|Arcanine-Hisui, L50, M|100/100\n|-ability|p2b: Arcanine|Intimidate|boost\n|-unboost|p1a: Incineroar|atk|1\n|-fail|p1b: Crabominable|unboost|Attack|[from] ability: Hyper Cutter|[of] p1b: Crabominable\n|detailschange|p1b: Crabominable|Crabominable-Mega, L50, M\n|-mega|p1b: Crabominable|Crabominable|Crabominite\n|move|p1a: Incineroar|Flare Blitz|p2b: Arcanine\n|-resisted|p2b: Arcanine|2\n|-damage|p2b: Arcanine|87/100\n|-damage|p1a: Incineroar|43/100|[from] Recoil\n|move|p2a: Toxapex|Infestation|p1b: Crabominable\n|-resisted|p1b: Crabominable|1\n|-damage|p1b: Crabominable|99/100\n|-activate|p1b: Crabominable|move: Infestation|[of] p2a: Toxapex\n|move|p1b: Crabominable|Ice Hammer|p2b: Arcanine\n|-resisted|p2b: Arcanine|1\n|-damage|p2b: Arcanine|38/100\n|-unboost|p1b: Crabominable|spe|1\n|\n|-weather|none\n|-damage|p1a: Incineroar|31/100|[from] Leech Seed|[of] p2a: Toxapex\n|-damage|p1b: Crabominable|87/100|[from] move: Infestation|[partiallytrapped]\n|upkeep\n|turn|7\n|\n|t:|1776005923\n|switch|p1a: Slowking|Slowking, L50, M|88/100\n|move|p1b: Crabominable|Protect|p1b: Crabominable\n|-singleturn|p1b: Crabominable|Protect\n|move|p2b: Arcanine|Will-O-Wisp|p1b: Crabominable\n|-activate|p1b: Crabominable|move: Protect\n|move|p2a: Toxapex|Toxic Spikes|p1b: Crabominable\n|-sidestart|p1: Riverpasta|move: Toxic Spikes\n|\n|-damage|p1b: Crabominable|75/100|[from] move: Infestation|[partiallytrapped]\n|upkeep\n|turn|8\n|c|\u2606Riverpasta|This is a very special team for special people i think\n|c|\u2606Chikitriskis|stall it's called\n|c|\u2606Riverpasta|Yeah\n|c|\u2606Riverpasta|Special\n|inactive|Riverpasta has 30 seconds left.\n|\n|t:|1776005952\n|move|p2b: Arcanine|Will-O-Wisp|p1b: Crabominable|[miss]\n|-miss|p2b: Arcanine|p1b: Crabominable\n|move|p2a: Toxapex|Infestation|p1a: Slowking\n|-supereffective|p1a: Slowking|1\n|-damage|p1a: Slowking|84/100\n|-activate|p1a: Slowking|move: Infestation|[of] p2a: Toxapex\n|move|p1b: Crabominable|Drain Punch|p2b: Arcanine\n|-supereffective|p2b: Arcanine|1\n|-damage|p2b: Arcanine|0 fnt\n|-heal|p1b: Crabominable|91/100|[from] drain|[of] p2b: Arcanine\n|faint|p2b: Arcanine\n|move|p1a: Slowking|Trick Room|p1a: Slowking\n|-fieldstart|move: Trick Room|[of] p1a: Slowking\n|\n|-damage|p1b: Crabominable|78/100|[from] move: Infestation|[partiallytrapped]\n|-damage|p1a: Slowking|72/100|[from] move: Infestation|[partiallytrapped]\n|upkeep\n|c|\u2606Chikitriskis|ur running hard TR so\n|\n|t:|1776005965\n|switch|p2b: Venusaur|Venusaur-Mega, L50, F, shiny|100/100\n|turn|9\n|\n|t:|1776005976\n|move|p1b: Crabominable|Protect|p1b: Crabominable\n|-singleturn|p1b: Crabominable|Protect\n|move|p2b: Venusaur|Protect|p2b: Venusaur\n|-singleturn|p2b: Venusaur|Protect\n|move|p1a: Slowking|Yawn|p2b: Venusaur\n|-activate|p2b: Venusaur|move: Protect\n|move|p2a: Toxapex|Lunge|p1b: Crabominable\n|-activate|p1b: Crabominable|move: Protect\n|\n|-damage|p1b: Crabominable|66/100|[from] move: Infestation|[partiallytrapped]\n|-damage|p1a: Slowking|59/100|[from] move: Infestation|[partiallytrapped]\n|upkeep\n|turn|10\n|\n|t:|1776005997\n|move|p2b: Venusaur|Protect||[still]\n|-fail|p2b: Venusaur\n|move|p1b: Crabominable|Ice Hammer|p2b: Venusaur\n|-supereffective|p2b: Venusaur|1\n|-damage|p2b: Venusaur|55/100\n|-unboost|p1b: Crabominable|spe|1\n|move|p1a: Slowking|Yawn|p2b: Venusaur\n|-start|p2b: Venusaur|move: Yawn|[of] p1a: Slowking\n|move|p2a: Toxapex|Lunge|p1b: Crabominable\n|-resisted|p1b: Crabominable|1\n|-damage|p1b: Crabominable|61/100\n|-unboost|p1b: Crabominable|atk|1\n|\n|-end|p1b: Crabominable|Infestation|[partiallytrapped]\n|-damage|p1a: Slowking|47/100|[from] move: Infestation|[partiallytrapped]\n|upkeep\n|turn|11\n|\n|t:|1776006017\n|switch|p1b: Incineroar|Incineroar, L50, F|31/100\n|-status|p1b: Incineroar|psn\n|-ability|p1b: Incineroar|Intimidate|boost\n|-unboost|p2a: Toxapex|atk|1\n|-unboost|p2b: Venusaur|atk|1\n|-prepare|p1a: Slowking|Chilly Reception|[premajor]\n|move|p1a: Slowking|Chilly Reception|p1a: Slowking\n|-weather|Snowscape\n|\n|t:|1776006022\n|switch|p1a: Crabominable|Crabominable-Mega, L50, M|61/100|[from] Chilly Reception\n|-status|p1a: Crabominable|psn\n|move|p2a: Toxapex|Infestation|p1b: Incineroar\n|-damage|p1b: Incineroar|27/100 psn\n|-activate|p1b: Incineroar|move: Infestation|[of] p2a: Toxapex\n|move|p2b: Venusaur|Leech Seed|p1a: Crabominable|[miss]\n|-miss|p2b: Venusaur|p1a: Crabominable\n|\n|-weather|Snowscape|[upkeep]\n|-damage|p1a: Crabominable|49/100 psn|[from] psn\n|-damage|p1b: Incineroar|15/100 psn|[from] psn\n|-damage|p1b: Incineroar|2/100 psn|[from] move: Infestation|[partiallytrapped]\n|-end|p2b: Venusaur|move: Yawn|[silent]\n|-status|p2b: Venusaur|slp\n|upkeep\n|turn|12\n|\n|t:|1776006041\n|move|p1a: Crabominable|Ice Hammer|p2b: Venusaur\n|-supereffective|p2b: Venusaur|1\n|-damage|p2b: Venusaur|3/100 slp\n|-unboost|p1a: Crabominable|spe|1\n|move|p2a: Toxapex|Lunge|p1a: Crabominable\n|-resisted|p1a: Crabominable|1\n|-damage|p1a: Crabominable|47/100 psn\n|-unboost|p1a: Crabominable|atk|1\n|move|p1b: Incineroar|Flare Blitz|p2b: Venusaur\n|-supereffective|p2b: Venusaur|1\n|-damage|p2b: Venusaur|0 fnt\n|faint|p2b: Venusaur\n|-damage|p1b: Incineroar|1/100 psn|[from] Recoil\n|\n|-weather|Snowscape|[upkeep]\n|-damage|p1a: Crabominable|35/100 psn|[from] psn\n|-damage|p1b: Incineroar|0 fnt|[from] psn\n|faint|p1b: Incineroar\n|-fieldend|move: Trick Room\n|upkeep\n|\n|t:|1776006044\n|switch|p1b: Slowking|Slowking, L50, M|47/100\n|-status|p1b: Slowking|psn\n|turn|13\n|\n|t:|1776006057\n|move|p2a: Toxapex|Infestation|p1b: Slowking\n|-supereffective|p1b: Slowking|1\n|-damage|p1b: Slowking|42/100 psn\n|-activate|p1b: Slowking|move: Infestation|[of] p2a: Toxapex\n|move|p1b: Slowking|Scald|p2a: Toxapex\n|-resisted|p2a: Toxapex|1\n|-damage|p2a: Toxapex|92/100\n|move|p1a: Crabominable|Thunder Punch|p2a: Toxapex\n|-supereffective|p2a: Toxapex|1\n|-damage|p2a: Toxapex|52/100\n|-status|p2a: Toxapex|par\n|\n|-weather|Snowscape|[upkeep]\n|-heal|p2a: Toxapex|58/100 par|[from] item: Leftovers\n|-damage|p1b: Slowking|30/100 psn|[from] psn\n|-damage|p1a: Crabominable|23/100 psn|[from] psn\n|-damage|p1b: Slowking|17/100 psn|[from] move: Infestation|[partiallytrapped]\n|upkeep\n|turn|14\n|\n|t:|1776006072\n|cant|p2a: Toxapex|par\n|move|p1b: Slowking|Scald|p2a: Toxapex\n|-resisted|p2a: Toxapex|1\n|-damage|p2a: Toxapex|48/100 par\n|move|p1a: Crabominable|Thunder Punch|p2a: Toxapex\n|-supereffective|p2a: Toxapex|1\n|-damage|p2a: Toxapex|8/100 par\n|\n|-weather|Snowscape|[upkeep]\n|-heal|p2a: Toxapex|14/100 par|[from] item: Leftovers\n|-damage|p1b: Slowking|5/100 psn|[from] psn\n|-damage|p1a: Crabominable|10/100 psn|[from] psn\n|-damage|p1b: Slowking|0 fnt|[from] move: Infestation|[partiallytrapped]\n|faint|p1b: Slowking\n|upkeep\n|turn|15\n|\n|t:|1776006077\n|move|p2a: Toxapex|Baneful Bunker|p2a: Toxapex\n|-singleturn|p2a: Toxapex|move: Protect\n|move|p1a: Crabominable|Thunder Punch|p2a: Toxapex\n|-activate|p2a: Toxapex|move: Protect\n|\n|-weather|none\n|-heal|p2a: Toxapex|20/100 par|[from] item: Leftovers\n|-damage|p1a: Crabominable|0 fnt|[from] psn\n|faint|p1a: Crabominable\n|\n|win|Chikitriskis\n|raw|Riverpasta's rating: 1198 &rarr; <strong>1170</strong><br />(-28 for losing)\n|raw|Chikitriskis's rating: 1151 &rarr; <strong>1179</strong><br />(+28 for winning)\n|c|\u2606Chikitriskis|ggs :)\n|c|\u2606Riverpasta|Gg\n",
  "uploadtime": 1776006082,
  "views": 19,
  "formatid": "gen9championsvgc2026regma",
  "rating": 1170,
  "private": 0,
  "password": null
}