{
  "id": "gen9championsvgc2026regma-2585097483",
  "format": "[Gen 9 Champions] VGC 2026 Reg M-A",
  "players": [
    "Antonio231102",
    "humungulous"
  ],
  "log": "|j|\u2606Antonio231102\n|j|\u2606humungulous\n|t:|1776311476\n|gametype|doubles\n|player|p1|Antonio231102|lucas-gen4pt|1155\n|player|p2|humungulous|266|1169\n|gen|9\n|tier|[Gen 9 Champions] VGC 2026 Reg M-A\n|rated|\n|rule|Species Clause: Limit one of each Pok\u00e9mon\n|rule|Item Clause: Limit 1 of each item\n|clearpoke\n|poke|p1|Blastoise, L50, M|\n|poke|p1|Sneasler, L50, M|\n|poke|p1|Sinistcha, L50|\n|poke|p1|Pelipper, L50, F|\n|poke|p1|Maushold, L50|\n|poke|p1|Farigiraf, L50, M|\n|poke|p2|Floette-Eternal, L50, F|\n|poke|p2|Glimmora, L50, M|\n|poke|p2|Dragapult, L50, M|\n|poke|p2|Milotic, L50, M|\n|poke|p2|Talonflame, L50, F|\n|poke|p2|Sinistcha, L50|\n|teampreview|4\n|inactive|Battle timer is ON: inactive players will automatically lose when time's up. (requested by humungulous)\n|inactive|Antonio231102 has 60 seconds left.\n|inactive|humungulous has 60 seconds left.\n|inactive|Antonio231102 has 30 seconds left.\n|inactive|Antonio231102 has 20 seconds left.\n|inactive|Antonio231102 has 15 seconds left.\n|\n|t:|1776311551\n|teamsize|p1|4\n|teamsize|p2|4\n|start\n|switch|p1a: Blastoise|Blastoise, L50, M, shiny|100/100\n|switch|p1b: Pelipper|Pelipper, L50, F|100/100\n|switch|p2a: Sinistcha|Sinistcha, L50|100/100\n|switch|p2b: Dragapult|Dragapult, L50, M|100/100\n|-weather|RainDance|[from] ability: Drizzle|[of] p1b: Pelipper\n|turn|1\n|inactive|Antonio231102 has 30 seconds left.\n|inactive|humungulous has 30 seconds left.\n|inactive|humungulous has 20 seconds left.\n|inactive|humungulous has 15 seconds left.\n|\n|t:|1776311593\n|detailschange|p1a: Blastoise|Blastoise-Mega, L50, M, shiny\n|-mega|p1a: Blastoise|Blastoise|Blastoisinite\n|move|p1b: Pelipper|Wide Guard|p1b: Pelipper\n|-singleturn|p1b: Pelipper|Wide Guard\n|move|p2b: Dragapult|Phantom Force||[still]\n|-prepare|p2b: Dragapult|Phantom Force\n|move|p1a: Blastoise|Dark Pulse|p2b: Dragapult|[miss]\n|-miss|p1a: Blastoise|p2b: Dragapult\n|move|p2a: Sinistcha|Trick Room|p2a: Sinistcha\n|-fieldstart|move: Trick Room|[of] p2a: Sinistcha\n|\n|-weather|RainDance|[upkeep]\n|upkeep\n|turn|2\n|inactive|humungulous has 30 seconds left.\n|\n|t:|1776311620\n|move|p1a: Blastoise|Protect|p1a: Blastoise\n|-singleturn|p1a: Blastoise|Protect\n|move|p1b: Pelipper|Hurricane|p2a: Sinistcha\n|-supereffective|p2a: Sinistcha|1\n|-damage|p2a: Sinistcha|0 fnt\n|faint|p2a: Sinistcha\n|move|p2b: Dragapult|Phantom Force|p1b: Pelipper|[from] lockedmove\n|-damage|p1b: Pelipper|49/100\n|\n|-weather|RainDance|[upkeep]\n|upkeep\n|\n|t:|1776311632\n|switch|p2a: Floette|Floette-Eternal, L50, F|100/100\n|turn|3\n|\n|t:|1776311646\n|detailschange|p2a: Floette|Floette-Mega, L50, F\n|-mega|p2a: Floette|Floette|Floettite\n|-ability|p2a: Floette|Fairy Aura\n|move|p1b: Pelipper|Wide Guard|p1b: Pelipper\n|-singleturn|p1b: Pelipper|Wide Guard\n|move|p1a: Blastoise|Water Spout|p2b: Dragapult|[spread] p2a,p2b\n|-resisted|p2b: Dragapult|1\n|-damage|p2a: Floette|24/100\n|-damage|p2b: Dragapult|39/100\n|move|p2a: Floette|Calm Mind|p2a: Floette\n|-boost|p2a: Floette|spa|1\n|-boost|p2a: Floette|spd|1\n|move|p2b: Dragapult|Phantom Force||[still]\n|-prepare|p2b: Dragapult|Phantom Force\n|\n|-weather|RainDance|[upkeep]\n|upkeep\n|turn|4\n|inactive|Antonio231102 has 30 seconds left.\n|inactive|Antonio231102 has 20 seconds left.\n|\n|t:|1776311683\n|move|p2a: Floette|Protect|p2a: Floette\n|-singleturn|p2a: Floette|Protect\n|move|p1b: Pelipper|Hurricane|p2a: Floette\n|-activate|p2a: Floette|move: Protect\n|move|p1a: Blastoise|Water Spout|p2b: Dragapult|[spread] \n|-miss|p1a: Blastoise|p2b: Dragapult\n|-activate|p2a: Floette|move: Protect\n|move|p2b: Dragapult|Phantom Force|p1a: Blastoise|[from] lockedmove\n|-damage|p1a: Blastoise|54/100\n|\n|-weather|RainDance|[upkeep]\n|upkeep\n|turn|5\n|inactive|Antonio231102 has 30 seconds left.\n|inactive|humungulous has 30 seconds left.\n|\n|t:|1776311714\n|move|p2b: Dragapult|Protect|p2b: Dragapult\n|-singleturn|p2b: Dragapult|Protect\n|move|p1b: Pelipper|Hurricane|p2a: Floette\n|-damage|p2a: Floette|0 fnt\n|faint|p2a: Floette\n|move|p1a: Blastoise|Dark Pulse|p2b: Dragapult\n|-activate|p2b: Dragapult|move: Protect\n|\n|-weather|none\n|-fieldend|move: Trick Room\n|upkeep\n|\n|t:|1776311717\n|switch|p2a: Glimmora|Glimmora, L50, M|100/100\n|turn|6\n|inactive|humungulous has 30 seconds left.\n|\n|t:|1776311742\n|move|p2b: Dragapult|Dragon Darts|p1a: Blastoise\n|-damage|p1a: Blastoise|31/100\n|-anim|p2b: Dragapult|Dragon Darts|p1b: Pelipper\n|-damage|p1b: Pelipper|20/100\n|move|p2a: Glimmora|Power Gem|p1b: Pelipper\n|-supereffective|p1b: Pelipper|1\n|-damage|p1b: Pelipper|0 fnt\n|faint|p1b: Pelipper\n|move|p1a: Blastoise|Water Spout|p2b: Dragapult|[spread] p2a,p2b\n|-supereffective|p2a: Glimmora|1\n|-resisted|p2b: Dragapult|1\n|-damage|p2a: Glimmora|54/100\n|-damage|p2b: Dragapult|25/100\n|\n|upkeep\n|\n|t:|1776311767\n|switch|p1b: Sneasler|Sneasler, L50, M|100/100\n|turn|7\n|inactive|Antonio231102 has 30 seconds left.\n|\n|t:|1776311793\n|move|p2a: Glimmora|Spiky Shield|p2a: Glimmora\n|-singleturn|p2a: Glimmora|move: Protect\n|move|p1b: Sneasler|Fake Out|p2b: Dragapult\n|-immune|p2b: Dragapult\n|move|p2b: Dragapult|Psychic Fangs|p1b: Sneasler\n|-supereffective|p1b: Sneasler|2\n|-damage|p1b: Sneasler|0 fnt\n|faint|p1b: Sneasler\n|move|p1a: Blastoise|Dark Pulse|p2a: Glimmora\n|-activate|p2a: Glimmora|move: Protect\n|\n|upkeep\n|\n|t:|1776311804\n|switch|p1b: Farigiraf|Farigiraf, L50, M|100/100\n|turn|8\n|inactive|Antonio231102 has 30 seconds left.\n|inactive|Antonio231102 has 20 seconds left.\n|inactive|humungulous has 30 seconds left.\n|\n|t:|1776311851\n|move|p1a: Blastoise|Protect|p1a: Blastoise\n|-singleturn|p1a: Blastoise|Protect\n|move|p2b: Dragapult|Dragon Darts|p1b: Farigiraf\n|-damage|p1b: Farigiraf|76/100\n|-anim|p2b: Dragapult|Dragon Darts|p1b: Farigiraf\n|-damage|p1b: Farigiraf|54/100\n|move|p2a: Glimmora|Sludge Bomb|p1a: Blastoise\n|-activate|p1a: Blastoise|move: Protect\n|move|p1b: Farigiraf|Thunder Wave|p2b: Dragapult\n|-status|p2b: Dragapult|par\n|\n|upkeep\n|turn|9\n|inactive|Antonio231102 has 30 seconds left.\n|inactive|Antonio231102 has 20 seconds left.\n|\n|t:|1776311890\n|move|p2a: Glimmora|Spiky Shield|p2a: Glimmora\n|-singleturn|p2a: Glimmora|move: Protect\n|move|p1a: Blastoise|Dark Pulse|p2b: Dragapult\n|-supereffective|p2b: Dragapult|1\n|-enditem|p2b: Dragapult|Colbur Berry|[eat]\n|-enditem|p2b: Dragapult|Colbur Berry|[weaken]\n|-damage|p2b: Dragapult|0 fnt\n|faint|p2b: Dragapult\n|move|p1b: Farigiraf|Expanding Force|p2a: Glimmora\n|-activate|p2a: Glimmora|move: Protect\n|\n|upkeep\n|turn|10\n|inactive|Antonio231102 has 30 seconds left.\n|\n|t:|1776311916\n|move|p2a: Glimmora|Sludge Bomb|p1b: Farigiraf\n|-damage|p1b: Farigiraf|0 fnt\n|faint|p1b: Farigiraf\n|move|p1a: Blastoise|Dark Pulse|p2a: Glimmora\n|-damage|p2a: Glimmora|0 fnt\n|faint|p2a: Glimmora\n|\n|win|Antonio231102\n|raw|Antonio231102's rating: 1155 &rarr; <strong>1181</strong><br />(+26 for winning)\n|raw|humungulous's rating: 1169 &rarr; <strong>1143</strong><br />(-26 for losing)\n|l|\u2606humungulous\n|player|p2|\n",
  "uploadtime": 1776311951,
  "views": 24,
  "formatid": "gen9championsvgc2026regma",
  "rating": 1143,
  "private": 0,
  "password": null
}