{
  "id": "gen9championsvgc2026regma-2588038342",
  "format": "[Gen 9 Champions] VGC 2026 Reg M-A",
  "players": [
    "SunTufo",
    "Marspiter"
  ],
  "log": "|j|\u2606SunTufo\n|j|\u2606Marspiter\n|t:|1776596487\n|gametype|doubles\n|player|p1|SunTufo|li|1428\n|player|p2|Marspiter|steven|1376\n|gen|9\n|tier|[Gen 9 Champions] VGC 2026 Reg M-A\n|rated|\n|rule|Species Clause: Limit one of each Pok\u00e9mon\n|rule|Item Clause: Limit 1 of each item\n|clearpoke\n|poke|p1|Aerodactyl, L50, M|\n|poke|p1|Floette-Eternal, L50, F|\n|poke|p1|Incineroar, L50, M, shiny|\n|poke|p1|Sinistcha-Masterpiece, L50|\n|poke|p1|Charizard, L50, M, shiny|\n|poke|p1|Garchomp, L50, M, shiny|\n|poke|p2|Scizor, L50, M|\n|poke|p2|Basculegion, L50, M|\n|poke|p2|Sneasler, L50, F|\n|poke|p2|Archaludon, L50, M|\n|poke|p2|Pelipper, L50, M|\n|poke|p2|Garchomp, L50, M|\n|teampreview|4\n|inactive|Battle timer is ON: inactive players will automatically lose when time's up. (requested by SunTufo)\n|inactive|SunTufo has 60 seconds left.\n|inactive|Marspiter has 60 seconds left.\n|inactive|Marspiter has 30 seconds left.\n|\n|t:|1776596550\n|teamsize|p1|4\n|teamsize|p2|4\n|start\n|switch|p1a: Charizard|Charizard, L50, M, shiny|100/100\n|switch|p1b: Aerodactyl|Aerodactyl, L50, M|100/100\n|switch|p2a: Sneasler|Sneasler, L50, F|100/100\n|switch|p2b: Basculegion|Basculegion, L50, M|100/100\n|-ability|p1b: Aerodactyl|Unnerve\n|turn|1\n|\n|t:|1776596570\n|move|p1b: Aerodactyl|Protect|p1b: Aerodactyl\n|-singleturn|p1b: Aerodactyl|Protect\n|move|p1a: Charizard|Protect|p1a: Charizard\n|-singleturn|p1a: Charizard|Protect\n|move|p2a: Sneasler|Fake Out|p1b: Aerodactyl\n|-activate|p1b: Aerodactyl|move: Protect\n|move|p2b: Basculegion|Flip Turn|p1a: Charizard\n|-activate|p1a: Charizard|move: Protect\n|\n|upkeep\n|turn|2\n|\n|t:|1776596586\n|switch|p2a: Pelipper|Pelipper, L50, M|100/100\n|-weather|RainDance|[from] ability: Drizzle|[of] p2a: Pelipper\n|move|p2b: Basculegion|Flip Turn|p1b: Aerodactyl\n|-supereffective|p1b: Aerodactyl|1\n|-enditem|p1b: Aerodactyl|Focus Sash\n|-damage|p1b: Aerodactyl|1/100\n|\n|t:|1776596601\n|switch|p2b: Sneasler|Sneasler, L50, F|100/100|[from] Flip Turn\n|move|p1b: Aerodactyl|Dual Wingbeat|p2a: Pelipper|[miss]\n|-miss|p1b: Aerodactyl|p2a: Pelipper\n|move|p1a: Charizard|Heat Wave|p2b: Sneasler|[spread] p2a\n|-miss|p1a: Charizard|p2b: Sneasler\n|-resisted|p2a: Pelipper|1\n|-damage|p2a: Pelipper|87/100\n|\n|-weather|RainDance|[upkeep]\n|upkeep\n|turn|3\n|inactive|SunTufo has 30 seconds left.\n|inactive|SunTufo has 20 seconds left.\n|inactive|SunTufo has 15 seconds left.\n|\n|t:|1776596642\n|move|p1b: Aerodactyl|Protect|p1b: Aerodactyl\n|-singleturn|p1b: Aerodactyl|Protect\n|move|p1a: Charizard|Protect|p1a: Charizard\n|-singleturn|p1a: Charizard|Protect\n|move|p2b: Sneasler|Fake Out|p1b: Aerodactyl\n|-activate|p1b: Aerodactyl|move: Protect\n|move|p2a: Pelipper|Tailwind|p2a: Pelipper\n|-sidestart|p2: Marspiter|move: Tailwind\n|\n|-weather|RainDance|[upkeep]\n|upkeep\n|turn|4\n|\n|t:|1776596660\n|switch|p2a: Garchomp|Garchomp, L50, M|100/100\n|switch|p1b: Garchomp|Garchomp, L50, M, shiny|100/100\n|detailschange|p1a: Charizard|Charizard-Mega-Y, L50, M, shiny\n|-mega|p1a: Charizard|Charizard|Charizardite Y\n|-weather|SunnyDay|[from] ability: Drought|[of] p1a: Charizard\n|move|p2b: Sneasler|Close Combat|p1b: Garchomp\n|-damage|p1b: Garchomp|28/100\n|-unboost|p2b: Sneasler|def|1\n|-unboost|p2b: Sneasler|spd|1\n|-damage|p2b: Sneasler|88/100|[from] ability: Rough Skin|[of] p1b: Garchomp\n|-enditem|p2b: Sneasler|White Herb\n|-clearnegativeboost|p2b: Sneasler|[silent]\n|move|p1a: Charizard|Solar Beam||[still]\n|-prepare|p1a: Charizard|Solar Beam\n|-anim|p1a: Charizard|Solar Beam|p2a: Garchomp\n|-damage|p2a: Garchomp|52/100\n|\n|-weather|SunnyDay|[upkeep]\n|upkeep\n|turn|5\n|\n|t:|1776596685\n|switch|p1a: Floette|Floette-Eternal, L50, F|100/100\n|move|p1b: Garchomp|Protect|p1b: Garchomp\n|-singleturn|p1b: Garchomp|Protect\n|move|p2b: Sneasler|Close Combat|p1b: Garchomp\n|-activate|p1b: Garchomp|move: Protect\n|move|p2a: Garchomp|Rock Slide|p1b: Garchomp|[spread] p1a\n|-activate|p1b: Garchomp|move: Protect\n|-damage|p1a: Floette|78/100\n|\n|-weather|SunnyDay|[upkeep]\n|upkeep\n|turn|6\n|\n|t:|1776596702\n|move|p1a: Floette|Protect|p1a: Floette\n|-singleturn|p1a: Floette|Protect\n|move|p2b: Sneasler|Dire Claw|p1a: Floette\n|-activate|p1a: Floette|move: Protect\n|move|p2a: Garchomp|Dragon Claw|p1b: Garchomp\n|-supereffective|p1b: Garchomp|1\n|-damage|p1b: Garchomp|0 fnt\n|-damage|p2a: Garchomp|40/100|[from] ability: Rough Skin|[of] p1b: Garchomp\n|faint|p1b: Garchomp\n|\n|-weather|SunnyDay|[upkeep]\n|-sideend|p2: Marspiter|move: Tailwind\n|upkeep\n|\n|t:|1776596707\n|switch|p1b: Aerodactyl|Aerodactyl, L50, M|1/100\n|-ability|p1b: Aerodactyl|Unnerve\n|turn|7\n|\n|t:|1776596722\n|move|p2a: Garchomp|Protect|p2a: Garchomp\n|-singleturn|p2a: Garchomp|Protect\n|move|p2b: Sneasler|Dire Claw|p1a: Floette\n|-supereffective|p1a: Floette|1\n|-damage|p1a: Floette|0 fnt\n|faint|p1a: Floette\n|move|p1b: Aerodactyl|Tailwind|p1b: Aerodactyl\n|-sidestart|p1: SunTufo|move: Tailwind\n|\n|-weather|SunnyDay|[upkeep]\n|upkeep\n|\n|t:|1776596728\n|switch|p1a: Charizard|Charizard-Mega-Y, L50, M, shiny|100/100\n|turn|8\n|\n|t:|1776596742\n|move|p2b: Sneasler|Protect|p2b: Sneasler\n|-singleturn|p2b: Sneasler|Protect\n|move|p1b: Aerodactyl|Rock Slide|p2a: Garchomp|[spread] p2a\n|-activate|p2b: Sneasler|move: Protect\n|-resisted|p2a: Garchomp|1\n|-damage|p2a: Garchomp|30/100\n|move|p1a: Charizard|Heat Wave|p2b: Sneasler|[spread] p2a\n|-activate|p2b: Sneasler|move: Protect\n|-resisted|p2a: Garchomp|1\n|-damage|p2a: Garchomp|0 fnt\n|faint|p2a: Garchomp\n|\n|-weather|none\n|upkeep\n|\n|t:|1776596757\n|switch|p2a: Pelipper|Pelipper, L50, M|87/100\n|-weather|RainDance|[from] ability: Drizzle|[of] p2a: Pelipper\n|turn|9\n|\n|t:|1776596770\n|move|p1b: Aerodactyl|Rock Slide|p2a: Pelipper|[spread] p2a,p2b\n|-supereffective|p2a: Pelipper|1\n|-resisted|p2b: Sneasler|1\n|-damage|p2a: Pelipper|16/100\n|-damage|p2b: Sneasler|67/100\n|move|p2b: Sneasler|Close Combat|p1a: Charizard\n|-resisted|p1a: Charizard|1\n|-damage|p1a: Charizard|59/100\n|-unboost|p2b: Sneasler|def|1\n|-unboost|p2b: Sneasler|spd|1\n|move|p1a: Charizard|Heat Wave|p2b: Sneasler|[spread] p2b\n|-miss|p1a: Charizard|p2a: Pelipper\n|-damage|p2b: Sneasler|19/100\n|-status|p2b: Sneasler|brn\n|move|p2a: Pelipper|Tailwind|p2a: Pelipper\n|-sidestart|p2: Marspiter|move: Tailwind\n|\n|-weather|RainDance|[upkeep]\n|-damage|p2b: Sneasler|13/100 brn|[from] brn\n|upkeep\n|turn|10\n|l|\u2606Marspiter\n|inactive|Marspiter disconnected and has a minute to reconnect!\n|player|p2|\n|inactive|Marspiter has 30 seconds left.\n|inactive|Marspiter has 20 seconds left.\n|j|\u2606Marspiter\n|inactive|Marspiter reconnected and has 20 seconds left.\n|player|p2|Marspiter|steven|\n|inactive|Marspiter has 15 seconds left.\n|inactive|Marspiter has 10 seconds left.\n|inactive|Marspiter has 5 seconds left.\n|\n|t:|1776596821\n|move|p1b: Aerodactyl|Protect|p1b: Aerodactyl\n|-singleturn|p1b: Aerodactyl|Protect\n|move|p2b: Sneasler|Close Combat|p1b: Aerodactyl\n|-activate|p1b: Aerodactyl|move: Protect\n|move|p1a: Charizard|Heat Wave|p2a: Pelipper|[spread] p2a\n|-miss|p1a: Charizard|p2b: Sneasler\n|-resisted|p2a: Pelipper|1\n|-damage|p2a: Pelipper|0 fnt\n|faint|p2a: Pelipper\n|\n|-weather|RainDance|[upkeep]\n|-damage|p2b: Sneasler|8/100 brn|[from] brn\n|-sideend|p1: SunTufo|move: Tailwind\n|upkeep\n|\n|t:|1776596836\n|switch|p2a: Basculegion|Basculegion, L50, M|100/100\n|turn|11\n|\n|t:|1776596845\n|move|p1b: Aerodactyl|Protect|p1b: Aerodactyl\n|-singleturn|p1b: Aerodactyl|Protect\n|move|p2a: Basculegion|Aqua Jet|p1b: Aerodactyl\n|-activate|p1b: Aerodactyl|move: Protect\n|move|p2b: Sneasler|Dire Claw|p1a: Charizard\n|-damage|p1a: Charizard|32/100\n|-status|p1a: Charizard|psn\n|move|p1a: Charizard|Heat Wave|p2a: Basculegion|[spread] p2b\n|-miss|p1a: Charizard|p2a: Basculegion\n|-damage|p2b: Sneasler|0 fnt\n|faint|p2b: Sneasler\n|\n|-weather|RainDance|[upkeep]\n|-damage|p1a: Charizard|19/100 psn|[from] psn\n|upkeep\n|turn|12\n|\n|t:|1776596869\n|move|p1b: Aerodactyl|Protect||[still]\n|-fail|p1b: Aerodactyl\n|move|p2a: Basculegion|Aqua Jet|p1a: Charizard\n|-supereffective|p1a: Charizard|1\n|-damage|p1a: Charizard|0 fnt\n|faint|p1a: Charizard\n|\n|-weather|RainDance|[upkeep]\n|-sideend|p2: Marspiter|move: Tailwind\n|upkeep\n|turn|13\n|-message|SunTufo forfeited.\n|\n|win|Marspiter\n|raw|SunTufo's rating: 1428 &rarr; <strong>1405</strong><br />(-23 for losing)\n|raw|Marspiter's rating: 1376 &rarr; <strong>1399</strong><br />(+23 for winning)\n",
  "uploadtime": 1776596878,
  "views": 18,
  "formatid": "gen9championsvgc2026regma",
  "rating": 1399,
  "private": 0,
  "password": null
}