{
  "id": "gen9championsvgc2026regma-2582487220",
  "format": "[Gen 9 Champions] VGC 2026 Reg M-A",
  "players": [
    "disciple of blahaj",
    "4_cdan"
  ],
  "log": "|j|\u2606disciple of blahaj\n|j|\u26064_cdan\n|t:|1776094833\n|gametype|doubles\n|player|p1|disciple of blahaj|jacinthe|1091\n|player|p2|4_cdan|265|1049\n|gen|9\n|tier|[Gen 9 Champions] VGC 2026 Reg M-A\n|rated|\n|rule|Species Clause: Limit one of each Pok\u00e9mon\n|rule|Item Clause: Limit 1 of each item\n|clearpoke\n|poke|p1|Golurk, L50|\n|poke|p1|Oranguru, L50, F|\n|poke|p1|Hatterene, L50, F|\n|poke|p1|Meowstic, L50, M|\n|poke|p1|Torkoal, L50, M|\n|poke|p1|Gourgeist-*, L50, F|\n|poke|p2|Corviknight, L50, M|\n|poke|p2|Alakazam, L50, F|\n|poke|p2|Farigiraf, L50, M|\n|poke|p2|Sneasler, L50, F|\n|poke|p2|Sinistcha, L50|\n|poke|p2|Incineroar, L50, F|\n|teampreview|4\n|inactive|Battle timer is ON: inactive players will automatically lose when time's up. (requested by disciple of blahaj)\n|inactive|disciple of blahaj has 60 seconds left.\n|inactive|4_cdan has 60 seconds left.\n|\n|t:|1776094896\n|teamsize|p1|4\n|teamsize|p2|4\n|start\n|switch|p1a: Golurk|Golurk, L50|100/100\n|switch|p1b: Oranguru|Oranguru, L50, F|100/100\n|switch|p2a: Alakazam|Alakazam, L50, F|100/100\n|switch|p2b: Sneasler|Sneasler, L50, F|100/100\n|-ability|p2b: Sneasler|Pressure\n|turn|1\n|inactive|4_cdan has 30 seconds left.\n|\n|t:|1776094924\n|detailschange|p2a: Alakazam|Alakazam-Mega, L50, F\n|-mega|p2a: Alakazam|Alakazam|Alakazite\n|-ability|p2a: Alakazam|Inner Focus|Trace|[from] ability: Trace|[of] p1b: Oranguru\n|detailschange|p1a: Golurk|Golurk-Mega, L50\n|-mega|p1a: Golurk|Golurk|Golurkite\n|move|p1a: Golurk|Protect|p1a: Golurk\n|-singleturn|p1a: Golurk|Protect\n|move|p2b: Sneasler|Fake Out|p1b: Oranguru\n|-damage|p1b: Oranguru|89/100\n|move|p2a: Alakazam|Dazzling Gleam|p1a: Golurk|[spread] p1b\n|-activate|p1a: Golurk|move: Protect\n|-damage|p1b: Oranguru|64/100\n|move|p1b: Oranguru|Trick Room|p1b: Oranguru\n|-fieldstart|move: Trick Room|[of] p1b: Oranguru\n|\n|upkeep\n|turn|2\n|inactive|4_cdan has 30 seconds left.\n|\n|t:|1776094953\n|move|p2a: Alakazam|Protect|p2a: Alakazam\n|-singleturn|p2a: Alakazam|Protect\n|move|p1a: Golurk|Shadow Punch|p2a: Alakazam\n|-supereffective|p2a: Alakazam|1\n|-ability|p1a: Golurk|Unseen Fist\n|-zbroken|p2a: Alakazam\n|-damage|p2a: Alakazam|70/100\n|move|p1b: Oranguru|Encore|p2b: Sneasler\n|-start|p2b: Sneasler|Encore\n|move|p2b: Sneasler|Fake Out||[still]\n|-hint|Fake Out only works on your first turn out.\n|-fail|p2b: Sneasler\n|\n|upkeep\n|turn|3\n|\n|t:|1776094976\n|switch|p2b: Incineroar|Incineroar, L50, F|100/100\n|-ability|p2b: Incineroar|Intimidate|boost\n|-unboost|p1a: Golurk|atk|1\n|-fail|p1b: Oranguru|unboost|Attack|[from] ability: Inner Focus|[of] p1b: Oranguru\n|move|p1a: Golurk|Headlong Rush|p2a: Alakazam\n|-damage|p2a: Alakazam|0 fnt\n|-unboost|p1a: Golurk|def|1\n|-unboost|p1a: Golurk|spd|1\n|faint|p2a: Alakazam\n|move|p1b: Oranguru|Instruct|p1a: Golurk\n|-singleturn|p1a: Golurk|move: Instruct|[of] p1b: Oranguru\n|move|p1a: Golurk|Headlong Rush|p2b: Incineroar\n|-supereffective|p2b: Incineroar|1\n|-damage|p2b: Incineroar|7/100\n|-unboost|p1a: Golurk|def|1\n|-unboost|p1a: Golurk|spd|1\n|\n|upkeep\n|\n|t:|1776094996\n|switch|p2a: Farigiraf|Farigiraf, L50, M|100/100\n|turn|4\n|\n|t:|1776095016\n|move|p1a: Golurk|Headlong Rush|p2b: Incineroar\n|-supereffective|p2b: Incineroar|1\n|-damage|p2b: Incineroar|0 fnt\n|-unboost|p1a: Golurk|def|1\n|-unboost|p1a: Golurk|spd|1\n|faint|p2b: Incineroar\n|move|p2a: Farigiraf|Hyper Voice|p1b: Oranguru|[spread] p1b\n|-immune|p1a: Golurk\n|-damage|p1b: Oranguru|43/100\n|move|p1b: Oranguru|Trick Room|p1b: Oranguru\n|-fieldend|move: Trick Room\n|\n|upkeep\n|\n|t:|1776095022\n|switch|p2b: Sneasler|Sneasler, L50, F|100/100\n|-ability|p2b: Sneasler|Pressure\n|turn|5\n|\n|t:|1776095038\n|move|p1a: Golurk|Protect|p1a: Golurk\n|-singleturn|p1a: Golurk|Protect\n|move|p2b: Sneasler|Dire Claw|p1b: Oranguru\n|-damage|p1b: Oranguru|6/100\n|-status|p1b: Oranguru|psn\n|move|p2a: Farigiraf|Hyper Voice|p1a: Golurk|[spread] p1b\n|-activate|p1a: Golurk|move: Protect\n|-damage|p1b: Oranguru|0 fnt\n|faint|p1b: Oranguru\n|\n|upkeep\n|\n|t:|1776095048\n|switch|p1b: Meowstic|Meowstic, L50, M|100/100\n|turn|6\n|\n|t:|1776095057\n|move|p2b: Sneasler|Dire Claw|p1a: Golurk\n|-resisted|p1a: Golurk|2\n|-damage|p1a: Golurk|74/100\n|move|p1b: Meowstic|Psychic Noise|p2b: Sneasler\n|-supereffective|p2b: Sneasler|2\n|-enditem|p2b: Sneasler|Focus Sash\n|-damage|p2b: Sneasler|1/100\n|-start|p2b: Sneasler|move: Heal Block\n|move|p1a: Golurk|Headlong Rush|p2b: Sneasler\n|-supereffective|p2b: Sneasler|1\n|-damage|p2b: Sneasler|0 fnt\n|-unboost|p1a: Golurk|def|1\n|-unboost|p1a: Golurk|spd|1\n|faint|p2b: Sneasler\n|move|p2a: Farigiraf|Trick Room|p2a: Farigiraf\n|-fieldstart|move: Trick Room|[of] p2a: Farigiraf\n|\n|upkeep\n|turn|7\n|\n|t:|1776095076\n|move|p1a: Golurk|Headlong Rush|p2a: Farigiraf\n|-damage|p2a: Farigiraf|60/100\n|-unboost|p1a: Golurk|def|1\n|-unboost|p1a: Golurk|spd|1\n|move|p2a: Farigiraf|Hyper Voice|p1a: Golurk|[spread] p1b\n|-immune|p1a: Golurk\n|-damage|p1b: Meowstic|77/100\n|move|p1b: Meowstic|Psychic Noise|p2a: Farigiraf\n|-resisted|p2a: Farigiraf|1\n|-damage|p2a: Farigiraf|50/100\n|-start|p2a: Farigiraf|move: Heal Block\n|\n|upkeep\n|turn|8\n|\n|t:|1776095094\n|move|p1a: Golurk|Headlong Rush|p2a: Farigiraf\n|-damage|p2a: Farigiraf|9/100\n|-unboost|p1a: Golurk|def|1\n|-unboost|p1a: Golurk|spd|1\n|move|p2a: Farigiraf|Hyper Voice|p1b: Meowstic|[spread] p1b\n|-immune|p1a: Golurk\n|-damage|p1b: Meowstic|52/100\n|move|p1b: Meowstic|Psychic Noise|p2a: Farigiraf\n|-resisted|p2a: Farigiraf|1\n|-damage|p2a: Farigiraf|0 fnt\n|faint|p2a: Farigiraf\n|\n|win|disciple of blahaj\n|raw|disciple of blahaj's rating: 1091 &rarr; <strong>1114</strong><br />(+23 for winning)\n|raw|4_cdan's rating: 1049 &rarr; <strong>1034</strong><br />(-15 for losing)\n|l|\u26064_cdan\n|player|p2|\n",
  "uploadtime": 1776095109,
  "views": 8,
  "formatid": "gen9championsvgc2026regma",
  "rating": 1034,
  "private": 0,
  "password": null
}