{
  "id": "gen9championsvgc2026regma-2587499689",
  "format": "[Gen 9 Champions] VGC 2026 Reg M-A",
  "players": [
    "LumiRev",
    "Sammias"
  ],
  "log": "|j|\u2606LumiRev\n|j|\u2606Sammias\n|t:|1776537045\n|gametype|doubles\n|player|p1|LumiRev|266|1292\n|player|p2|Sammias|miku-ground|1245\n|gen|9\n|tier|[Gen 9 Champions] VGC 2026 Reg M-A\n|rated|\n|rule|Species Clause: Limit one of each Pok\u00e9mon\n|rule|Item Clause: Limit 1 of each item\n|clearpoke\n|poke|p1|Glimmora, L50, F, shiny|\n|poke|p1|Gardevoir, L50, M|\n|poke|p1|Incineroar, L50, F|\n|poke|p1|Rotom-Wash, L50|\n|poke|p1|Corviknight, L50, M|\n|poke|p1|Hydreigon, L50, M|\n|poke|p2|Typhlosion-Hisui, L50, F|\n|poke|p2|Whimsicott, L50, M, shiny|\n|poke|p2|Floette-Eternal, L50, F|\n|poke|p2|Sinistcha, L50|\n|poke|p2|Aerodactyl, L50, F|\n|poke|p2|Garchomp, L50, F|\n|teampreview|4\n|inactive|Battle timer is ON: inactive players will automatically lose when time's up. (requested by Sammias)\n|n|\u2606Sammias|sammias\n|inactive|Sammias has 60 seconds left.\n|inactive|Sammias has 30 seconds left.\n|\n|t:|1776537107\n|teamsize|p1|4\n|teamsize|p2|4\n|start\n|switch|p1a: Incineroar|Incineroar, L50, F|100/100\n|switch|p1b: Glimmora|Glimmora, L50, F, shiny|100/100\n|switch|p2a: Typhlosion|Typhlosion-Hisui, L50, F|100/100\n|switch|p2b: Garchomp|Garchomp, L50, F|100/100\n|-ability|p1a: Incineroar|Intimidate|boost\n|-unboost|p2a: Typhlosion|atk|1\n|-unboost|p2b: Garchomp|atk|1\n|turn|1\n|inactive|Sammias has 30 seconds left.\n|\n|t:|1776537132\n|detailschange|p1b: Glimmora|Glimmora-Mega, L50, F, shiny\n|-mega|p1b: Glimmora|Glimmora|Glimmoranite\n|move|p1a: Incineroar|Fake Out|p2b: Garchomp\n|-damage|p2b: Garchomp|87/100\n|-damage|p1a: Incineroar|88/100|[from] ability: Rough Skin|[of] p2b: Garchomp\n|move|p2a: Typhlosion|Extrasensory|p1b: Glimmora\n|-supereffective|p1b: Glimmora|1\n|-damage|p1b: Glimmora|36/100\n|cant|p2b: Garchomp|flinch\n|move|p1b: Glimmora|Power Gem|p2a: Typhlosion\n|-supereffective|p2a: Typhlosion|1\n|-damage|p2a: Typhlosion|0 fnt\n|faint|p2a: Typhlosion\n|\n|upkeep\n|\n|t:|1776537145\n|switch|p2a: Sinistcha|Sinistcha, L50|100/100\n|-heal|p2b: Garchomp|100/100|[from] ability: Hospitality|[of] p2a: Sinistcha\n|turn|2\n|\n|t:|1776537152\n|switch|p1b: Corviknight|Corviknight, L50, M|100/100\n|switch|p1a: Hydreigon|Hydreigon, L50, M|100/100\n|move|p2b: Garchomp|Earthquake|p1b: Corviknight|[spread] p2a\n|-immune|p1a: Hydreigon|[from] ability: Levitate\n|-immune|p1b: Corviknight\n|-resisted|p2a: Sinistcha|1\n|-damage|p2a: Sinistcha|88/100\n|move|p2a: Sinistcha|Life Dew||[still]|[spread] p2a,p2b\n|-heal|p2a: Sinistcha|100/100\n|-fail|p2b: Garchomp|heal\n|\n|upkeep\n|turn|3\n|\n|t:|1776537177\n|switch|p2b: Floette|Floette-Eternal, L50, F|100/100\n|move|p2a: Sinistcha|Rage Powder|p2a: Sinistcha\n|-singleturn|p2a: Sinistcha|move: Rage Powder\n|move|p1a: Hydreigon|Draco Meteor|p2a: Sinistcha|[miss]\n|-miss|p1a: Hydreigon|p2a: Sinistcha\n|move|p1b: Corviknight|Iron Defense|p1b: Corviknight\n|-boost|p1b: Corviknight|def|2\n|\n|upkeep\n|turn|4\n|\n|t:|1776537201\n|detailschange|p2b: Floette|Floette-Mega, L50, F\n|-mega|p2b: Floette|Floette|Floettite\n|-ability|p2b: Floette|Fairy Aura\n|move|p2a: Sinistcha|Rage Powder|p2a: Sinistcha\n|-singleturn|p2a: Sinistcha|move: Rage Powder\n|move|p2b: Floette|Moonblast|p1b: Corviknight\n|-resisted|p1b: Corviknight|1\n|-damage|p1b: Corviknight|67/100\n|move|p1a: Hydreigon|Draco Meteor|p2a: Sinistcha|[miss]\n|-miss|p1a: Hydreigon|p2a: Sinistcha\n|move|p1b: Corviknight|Iron Head|p2a: Sinistcha\n|-damage|p2a: Sinistcha|77/100\n|\n|-heal|p1b: Corviknight|73/100|[from] item: Leftovers\n|upkeep\n|turn|5\n|\n|t:|1776537216\n|move|p2a: Sinistcha|Rage Powder|p2a: Sinistcha\n|-singleturn|p2a: Sinistcha|move: Rage Powder\n|move|p2b: Floette|Dazzling Gleam|p1a: Hydreigon|[spread] p1a,p1b\n|-supereffective|p1a: Hydreigon|2\n|-resisted|p1b: Corviknight|1\n|-enditem|p1a: Hydreigon|Focus Sash\n|-damage|p1a: Hydreigon|1/100\n|-damage|p1b: Corviknight|54/100\n|move|p1a: Hydreigon|Draco Meteor|p2a: Sinistcha\n|-damage|p2a: Sinistcha|10/100\n|-unboost|p1a: Hydreigon|spa|2\n|-enditem|p2a: Sinistcha|Sitrus Berry|[eat]\n|-heal|p2a: Sinistcha|35/100|[from] item: Sitrus Berry\n|move|p1b: Corviknight|Iron Head|p2a: Sinistcha\n|-damage|p2a: Sinistcha|14/100\n|\n|-heal|p1b: Corviknight|60/100|[from] item: Leftovers\n|upkeep\n|turn|6\n|\n|t:|1776537237\n|move|p2b: Floette|Protect|p2b: Floette\n|-singleturn|p2b: Floette|Protect\n|move|p1a: Hydreigon|Protect|p1a: Hydreigon\n|-singleturn|p1a: Hydreigon|Protect\n|move|p1b: Corviknight|Iron Head|p2b: Floette\n|-activate|p2b: Floette|move: Protect\n|move|p2a: Sinistcha|Life Dew||[still]|[spread] p2a,p2b\n|-heal|p2a: Sinistcha|39/100\n|-fail|p2b: Floette|heal\n|\n|-heal|p1b: Corviknight|65/100|[from] item: Leftovers\n|upkeep\n|turn|7\n|\n|t:|1776537253\n|switch|p1a: Incineroar|Incineroar, L50, F|88/100\n|-ability|p1a: Incineroar|Intimidate|boost\n|-unboost|p2a: Sinistcha|atk|1\n|-unboost|p2b: Floette|atk|1\n|move|p2b: Floette|Light of Ruin|p1b: Corviknight\n|-resisted|p1b: Corviknight|1\n|-damage|p1b: Corviknight|16/100\n|-damage|p2b: Floette|67/100|[from] Recoil\n|move|p1b: Corviknight|Iron Head|p2b: Floette\n|-supereffective|p2b: Floette|1\n|-damage|p2b: Floette|0 fnt\n|faint|p2b: Floette\n|move|p2a: Sinistcha|Matcha Gotcha|p1b: Corviknight|[spread] p1a,p1b\n|-resisted|p1a: Incineroar|1\n|-resisted|p1b: Corviknight|2\n|-damage|p1a: Incineroar|77/100\n|-heal|p2a: Sinistcha|45/100|[from] drain|[of] p1a: Incineroar\n|-damage|p1b: Corviknight|11/100\n|-heal|p2a: Sinistcha|48/100|[from] drain|[of] p1b: Corviknight\n|\n|-heal|p1b: Corviknight|17/100|[from] item: Leftovers\n|upkeep\n|\n|t:|1776537273\n|switch|p2b: Garchomp|Garchomp, L50, F|100/100\n|turn|8\n|\n|t:|1776537280\n|move|p1a: Incineroar|Fake Out|p2b: Garchomp\n|-damage|p2b: Garchomp|86/100\n|-damage|p1a: Incineroar|65/100|[from] ability: Rough Skin|[of] p2b: Garchomp\n|cant|p2b: Garchomp|flinch\n|move|p1b: Corviknight|Tailwind|p1b: Corviknight\n|-sidestart|p1: LumiRev|move: Tailwind\n|move|p2a: Sinistcha|Life Dew|p2a: Sinistcha|[spread] p2a,p2b\n|-heal|p2a: Sinistcha|73/100\n|-heal|p2b: Garchomp|100/100\n|\n|-heal|p1b: Corviknight|22/100|[from] item: Leftovers\n|upkeep\n|turn|9\n|\n|t:|1776537301\n|move|p1a: Incineroar|Flare Blitz|p2a: Sinistcha\n|-supereffective|p2a: Sinistcha|1\n|-damage|p2a: Sinistcha|0 fnt\n|faint|p2a: Sinistcha\n|-damage|p1a: Incineroar|45/100|[from] Recoil\n|-enditem|p1a: Incineroar|Sitrus Berry|[eat]\n|-heal|p1a: Incineroar|69/100|[from] item: Sitrus Berry\n|move|p1b: Corviknight|Body Press|p2b: Garchomp\n|-damage|p2b: Garchomp|48/100\n|-damage|p1b: Corviknight|10/100|[from] ability: Rough Skin|[of] p2b: Garchomp\n|move|p2b: Garchomp|Rock Slide|p1b: Corviknight|[spread] p1a,p1b\n|-supereffective|p1a: Incineroar|1\n|-damage|p1a: Incineroar|29/100\n|-damage|p1b: Corviknight|3/100\n|\n|-heal|p1b: Corviknight|9/100|[from] item: Leftovers\n|upkeep\n|turn|10\n|\n|t:|1776537321\n|move|p2b: Garchomp|Protect|p2b: Garchomp\n|-singleturn|p2b: Garchomp|Protect\n|move|p1a: Incineroar|Parting Shot|p2b: Garchomp\n|-activate|p2b: Garchomp|move: Protect\n|move|p1b: Corviknight|Body Press|p2b: Garchomp\n|-activate|p2b: Garchomp|move: Protect\n|\n|-heal|p1b: Corviknight|15/100|[from] item: Leftovers\n|upkeep\n|turn|11\n|\n|t:|1776537325\n|move|p2b: Garchomp|Protect||[still]\n|-fail|p2b: Garchomp\n|move|p1a: Incineroar|Parting Shot|p2b: Garchomp\n|-unboost|p2b: Garchomp|atk|1\n|-unboost|p2b: Garchomp|spa|1\n|\n|t:|1776537333\n|switch|p1a: Hydreigon|Hydreigon, L50, M|1/100|[from] Parting Shot\n|move|p1b: Corviknight|Body Press|p2b: Garchomp\n|-damage|p2b: Garchomp|3/100\n|-damage|p1b: Corviknight|3/100|[from] ability: Rough Skin|[of] p2b: Garchomp\n|\n|-heal|p1b: Corviknight|9/100|[from] item: Leftovers\n|-sideend|p1: LumiRev|move: Tailwind\n|upkeep\n|turn|12\n|\n|t:|1776537346\n|switch|p1a: Incineroar|Incineroar, L50, F|29/100\n|-ability|p1a: Incineroar|Intimidate|boost\n|-unboost|p2b: Garchomp|atk|1\n|move|p2b: Garchomp|Rock Slide|p1b: Corviknight|[spread] p1a,p1b\n|-supereffective|p1a: Incineroar|1\n|-damage|p1a: Incineroar|9/100\n|-damage|p1b: Corviknight|5/100\n|move|p1b: Corviknight|Tailwind|p1b: Corviknight\n|-sidestart|p1: LumiRev|move: Tailwind\n|\n|-heal|p1b: Corviknight|11/100|[from] item: Leftovers\n|upkeep\n|turn|13\n|\n|t:|1776537358\n|move|p2b: Garchomp|Protect|p2b: Garchomp\n|-singleturn|p2b: Garchomp|Protect\n|move|p1a: Incineroar|Fake Out|p2b: Garchomp\n|-activate|p2b: Garchomp|move: Protect\n|move|p1b: Corviknight|Body Press|p2b: Garchomp\n|-activate|p2b: Garchomp|move: Protect\n|\n|-heal|p1b: Corviknight|17/100|[from] item: Leftovers\n|upkeep\n|turn|14\n|\n|t:|1776537364\n|move|p2b: Garchomp|Protect||[still]\n|-fail|p2b: Garchomp\n|move|p1a: Incineroar|Flare Blitz|p2b: Garchomp\n|-resisted|p2b: Garchomp|1\n|-damage|p2b: Garchomp|0 fnt\n|-damage|p1a: Incineroar|0 fnt|[from] ability: Rough Skin|[of] p2b: Garchomp\n|faint|p2b: Garchomp\n|faint|p1a: Incineroar\n|\n|win|LumiRev\n|raw|LumiRev's rating: 1292 &rarr; <strong>1314</strong><br />(+22 for winning)\n|raw|Sammias's rating: 1245 &rarr; <strong>1223</strong><br />(-22 for losing)\n",
  "uploadtime": 1776537368,
  "views": 20,
  "formatid": "gen9championsvgc2026regma",
  "rating": 1223,
  "private": 0,
  "password": null
}