{
  "id": "gen9championsvgc2026regma-2586782899",
  "format": "[Gen 9 Champions] VGC 2026 Reg M-A",
  "players": [
    "BrabreiVGC",
    "Maxspir"
  ],
  "log": "|j|\u2606BrabreiVGC\n|j|\u2606Maxspir\n|t:|1776459528\n|gametype|doubles\n|player|p1|BrabreiVGC|unknown|1188\n|player|p2|Maxspir|265|1209\n|gen|9\n|tier|[Gen 9 Champions] VGC 2026 Reg M-A\n|rated|\n|rule|Species Clause: Limit one of each Pok\u00e9mon\n|rule|Item Clause: Limit 1 of each item\n|clearpoke\n|poke|p1|Charizard, L50, F|\n|poke|p1|Venusaur, L50, F|\n|poke|p1|Incineroar, L50, M|\n|poke|p1|Garchomp, L50, M|\n|poke|p1|Sneasler, L50, M|\n|poke|p1|Basculegion, L50, M|\n|poke|p2|Sneasler, L50, F|\n|poke|p2|Sylveon, L50, F|\n|poke|p2|Golurk, L50|\n|poke|p2|Sinistcha-Masterpiece, L50|\n|poke|p2|Farigiraf, L50, F|\n|poke|p2|Milotic, L50, F|\n|teampreview|4\n|inactive|Battle timer is ON: inactive players will automatically lose when time's up. (requested by Maxspir)\n|inactive|BrabreiVGC also wants the timer to be on.\nBrabreiVGC has agreed to open team sheets.\n|inactive|BrabreiVGC has 60 seconds left.\n|inactive|Maxspir has 60 seconds left.\n|inactive|BrabreiVGC has 30 seconds left.\n|inactive|Maxspir has 30 seconds left.\n|inactive|BrabreiVGC has 20 seconds left.\n|\n|t:|1776459602\n|teamsize|p1|4\n|teamsize|p2|4\n|start\n|switch|p1a: Basculegion|Basculegion, L50, M|100/100\n|switch|p1b: Sneasler|Sneasler, L50, M|100/100\n|switch|p2a: Sneasler|Sneasler, L50, F|100/100\n|switch|p2b: Milotic|Milotic, L50, F|100/100\n|turn|1\n|inactive|Maxspir has 30 seconds left.\n|\n|t:|1776459629\n|switch|p2a: Sinistcha|Sinistcha-Masterpiece, L50|100/100\n|move|p1b: Sneasler|Protect|p1b: Sneasler\n|-singleturn|p1b: Sneasler|Protect\n|move|p1a: Basculegion|Flip Turn|p2b: Milotic\n|-resisted|p2b: Milotic|1\n|-damage|p2b: Milotic|81/100\n|\n|t:|1776459638\n|switch|p1a: Charizard|Charizard, L50, F|100/100|[from] Flip Turn\n|move|p2b: Milotic|Scald|p1b: Sneasler\n|-activate|p1b: Sneasler|move: Protect\n|\n|-heal|p2b: Milotic|87/100|[from] item: Leftovers\n|upkeep\n|turn|2\n|inactive|Maxspir has 30 seconds left.\n|\n|t:|1776459664\n|detailschange|p1a: Charizard|Charizard-Mega-Y, L50, F\n|-mega|p1a: Charizard|Charizard|Charizardite Y\n|-weather|SunnyDay|[from] ability: Drought|[of] p1a: Charizard\n|move|p1b: Sneasler|Dire Claw|p2a: Sinistcha\n|-damage|p2a: Sinistcha|62/100\n|move|p1a: Charizard|Heat Wave|p2b: Milotic|[spread] p2a,p2b\n|-supereffective|p2a: Sinistcha|1\n|-resisted|p2b: Milotic|1\n|-damage|p2a: Sinistcha|0 fnt\n|-damage|p2b: Milotic|66/100\n|faint|p2a: Sinistcha\n|move|p2b: Milotic|Muddy Water|p1a: Charizard|[spread] p1a,p1b\n|-supereffective|p1a: Charizard|1\n|-damage|p1a: Charizard|75/100\n|-damage|p1b: Sneasler|77/100\n|-unboost|p1b: Sneasler|accuracy|1\n|-enditem|p1b: Sneasler|White Herb\n|-clearnegativeboost|p1b: Sneasler|[silent]\n|\n|-weather|SunnyDay|[upkeep]\n|-heal|p2b: Milotic|72/100|[from] item: Leftovers\n|upkeep\n|\n|t:|1776459680\n|switch|p2a: Sneasler|Sneasler, L50, F|100/100\n|turn|3\n|inactive|BrabreiVGC has 30 seconds left.\n|\n|t:|1776459711\n|move|p2a: Sneasler|Fake Out|p1a: Charizard\n|-damage|p1a: Charizard|55/100\n|move|p1b: Sneasler|Dire Claw|p2a: Sneasler\n|-resisted|p2a: Sneasler|1\n|-damage|p2a: Sneasler|64/100\n|cant|p1a: Charizard|flinch\n|move|p2b: Milotic|Icy Wind|p1a: Charizard|[spread] p1a,p1b\n|-crit|p1a: Charizard\n|-damage|p1a: Charizard|38/100\n|-damage|p1b: Sneasler|57/100\n|-unboost|p1a: Charizard|spe|1\n|-unboost|p1b: Sneasler|spe|1\n|\n|-weather|SunnyDay|[upkeep]\n|-heal|p2b: Milotic|78/100|[from] item: Leftovers\n|upkeep\n|turn|4\n|inactive|BrabreiVGC has 30 seconds left.\n|inactive|Maxspir has 30 seconds left.\n|inactive|BrabreiVGC has 20 seconds left.\n|inactive|Maxspir has 20 seconds left.\n|inactive|BrabreiVGC has 15 seconds left.\n|\n|t:|1776459756\n|move|p1b: Sneasler|Close Combat|p2b: Milotic\n|-damage|p2b: Milotic|11/100\n|-unboost|p1b: Sneasler|def|1\n|-unboost|p1b: Sneasler|spd|1\n|move|p2a: Sneasler|Dire Claw|p1a: Charizard\n|-damage|p1a: Charizard|0 fnt\n|faint|p1a: Charizard\n|move|p2b: Milotic|Icy Wind|p1b: Sneasler\n|-damage|p1b: Sneasler|21/100\n|-unboost|p1b: Sneasler|spe|1\n|\n|-weather|SunnyDay|[upkeep]\n|-heal|p2b: Milotic|17/100|[from] item: Leftovers\n|upkeep\n|\n|t:|1776459773\n|switch|p1a: Venusaur|Venusaur, L50, F|100/100\n|turn|5\n|\n|t:|1776459793\n|move|p1a: Venusaur|Sludge Bomb|p2a: Sneasler\n|-resisted|p2a: Sneasler|1\n|-damage|p2a: Sneasler|34/100\n|move|p1b: Sneasler|Close Combat|p2a: Sneasler\n|-resisted|p2a: Sneasler|1\n|-damage|p2a: Sneasler|0 fnt\n|-unboost|p1b: Sneasler|def|1\n|-unboost|p1b: Sneasler|spd|1\n|faint|p2a: Sneasler\n|move|p2b: Milotic|Icy Wind|p1a: Venusaur|[spread] p1a,p1b\n|-supereffective|p1a: Venusaur|1\n|-damage|p1a: Venusaur|70/100\n|-damage|p1b: Sneasler|0 fnt\n|-unboost|p1a: Venusaur|spe|1\n|faint|p1b: Sneasler\n|\n|-weather|SunnyDay|[upkeep]\n|-heal|p2b: Milotic|23/100|[from] item: Leftovers\n|upkeep\n|\n|t:|1776459805\n|switch|p1b: Basculegion|Basculegion, L50, M|100/100\n|switch|p2a: Golurk|Golurk, L50|100/100\n|turn|6\n|\n|t:|1776459823\n|detailschange|p2a: Golurk|Golurk-Mega, L50\n|-mega|p2a: Golurk|Golurk|Golurkite\n|move|p1b: Basculegion|Last Respects|p2a: Golurk\n|-supereffective|p2a: Golurk|1\n|-damage|p2a: Golurk|0 fnt\n|faint|p2a: Golurk\n|move|p1a: Venusaur|Energy Ball|p2b: Milotic\n|-supereffective|p2b: Milotic|1\n|-damage|p2b: Milotic|0 fnt\n|faint|p2b: Milotic\n|\n|win|BrabreiVGC\n|raw|BrabreiVGC's rating: 1188 &rarr; <strong>1215</strong><br />(+27 for winning)\n|raw|Maxspir's rating: 1209 &rarr; <strong>1182</strong><br />(-27 for losing)\n|l|\u2606Maxspir\n|player|p2|\n",
  "uploadtime": 1776459830,
  "views": 22,
  "formatid": "gen9championsvgc2026regma",
  "rating": 1182,
  "private": 0,
  "password": null
}