{
  "id": "gen9championsvgc2026regma-2583522121",
  "format": "[Gen 9 Champions] VGC 2026 Reg M-A",
  "players": [
    "fuoridivoltorb",
    "bambinator88"
  ],
  "log": "|j|\u2606fuoridivoltorb\n|j|\u2606bambinator88\n|t:|1776180959\n|gametype|doubles\n|player|p1|fuoridivoltorb|101|1039\n|player|p2|bambinator88|hilbert-wonderlauncher|1066\n|gen|9\n|tier|[Gen 9 Champions] VGC 2026 Reg M-A\n|rated|\n|rule|Species Clause: Limit one of each Pok\u00e9mon\n|rule|Item Clause: Limit 1 of each item\n|clearpoke\n|poke|p1|Farigiraf, L50, M|\n|poke|p1|Armarouge, L50, F|\n|poke|p1|Araquanid, L50, M|\n|poke|p1|Torkoal, L50, M|\n|poke|p1|Sneasler, L50, F|\n|poke|p1|Gallade, L50, M|\n|poke|p2|Arcanine, L50, M|\n|poke|p2|Milotic, L50, M|\n|poke|p2|Sneasler, L50, F|\n|poke|p2|Froslass, L50, F|\n|poke|p2|Archaludon, L50, M|\n|poke|p2|Whimsicott, L50, F|\n|teampreview|4\n|\n|t:|1776181019\n|teamsize|p1|4\n|teamsize|p2|4\n|start\n|switch|p1a: Farigiraf|Farigiraf, L50, M|100/100\n|switch|p1b: Armarouge|Armarouge, L50, F|100/100\n|switch|p2a: Arcanine|Arcanine, L50, M|100/100\n|switch|p2b: Milotic|Milotic, L50, M|100/100\n|-ability|p2a: Arcanine|Intimidate|boost\n|-unboost|p1a: Farigiraf|atk|1\n|-unboost|p1b: Armarouge|atk|1\n|turn|1\n|\n|t:|1776181043\n|move|p2a: Arcanine|Snarl|p1b: Armarouge|[spread] p1a,p1b\n|-supereffective|p1a: Farigiraf|1\n|-supereffective|p1b: Armarouge|1\n|-damage|p1a: Farigiraf|78/100\n|-damage|p1b: Armarouge|82/100\n|-unboost|p1a: Farigiraf|spa|1\n|-unboost|p1b: Armarouge|spa|1\n|move|p2b: Milotic|Scald|p1b: Armarouge\n|-supereffective|p1b: Armarouge|1\n|-damage|p1b: Armarouge|14/100\n|move|p1b: Armarouge|Energy Ball|p2b: Milotic\n|-supereffective|p2b: Milotic|1\n|-damage|p2b: Milotic|74/100\n|move|p1a: Farigiraf|Trick Room|p1a: Farigiraf\n|-fieldstart|move: Trick Room|[of] p1a: Farigiraf\n|\n|-heal|p2b: Milotic|80/100|[from] item: Leftovers\n|upkeep\n|turn|2\n|\n|t:|1776181065\n|move|p1a: Farigiraf|Psychic Terrain|p1a: Farigiraf\n|-fieldstart|move: Psychic Terrain\n|move|p1b: Armarouge|Expanding Force|p2b: Milotic|[spread] p2a,p2b\n|-damage|p2a: Arcanine|44/100\n|-damage|p2b: Milotic|51/100\n|-enditem|p2a: Arcanine|Sitrus Berry|[eat]\n|-heal|p2a: Arcanine|68/100|[from] item: Sitrus Berry\n|move|p2b: Milotic|Scald|p1a: Farigiraf\n|-damage|p1a: Farigiraf|46/100\n|-status|p1a: Farigiraf|brn\n|move|p2a: Arcanine|Snarl|p1b: Armarouge|[spread] p1a,p1b\n|-supereffective|p1a: Farigiraf|1\n|-supereffective|p1b: Armarouge|1\n|-crit|p1b: Armarouge\n|-damage|p1a: Farigiraf|25/100 brn\n|-damage|p1b: Armarouge|0 fnt\n|-unboost|p1a: Farigiraf|spa|1\n|faint|p1b: Armarouge\n|\n|-heal|p2b: Milotic|57/100|[from] item: Leftovers\n|-damage|p1a: Farigiraf|19/100 brn|[from] brn\n|upkeep\n|\n|t:|1776181080\n|switch|p1b: Araquanid|Araquanid, L50, M|100/100\n|turn|3\n|\n|t:|1776181102\n|switch|p2a: Froslass|Froslass, L50, F|100/100\n|move|p2b: Milotic|Protect|p2b: Milotic\n|-singleturn|p2b: Milotic|Protect\n|move|p1b: Araquanid|Wide Guard|p1b: Araquanid\n|-singleturn|p1b: Araquanid|Wide Guard\n|move|p1a: Farigiraf|Psychic Noise|p2b: Milotic\n|-activate|p2b: Milotic|move: Protect\n|\n|-heal|p2b: Milotic|63/100|[from] item: Leftovers\n|-damage|p1a: Farigiraf|13/100 brn|[from] brn\n|upkeep\n|turn|4\n|\n|t:|1776181129\n|detailschange|p2a: Froslass|Froslass-Mega, L50, F\n|-mega|p2a: Froslass|Froslass|Froslassite\n|-weather|Snowscape|[from] ability: Snow Warning|[of] p2a: Froslass\n|move|p2a: Froslass|Protect|p2a: Froslass\n|-singleturn|p2a: Froslass|Protect\n|move|p1b: Araquanid|Poison Jab|p2b: Milotic\n|-damage|p2b: Milotic|40/100\n|move|p1a: Farigiraf|Psychic Noise|p2b: Milotic\n|-damage|p2b: Milotic|26/100\n|-start|p2b: Milotic|move: Heal Block\n|cant|p2b: Milotic|move: Heal Block|Life Dew\n|\n|-weather|Snowscape|[upkeep]\n|-damage|p1a: Farigiraf|7/100 brn|[from] brn\n|upkeep\n|turn|5\n|\n|t:|1776181163\n|switch|p1a: Gallade|Gallade, L50, M|100/100\n|switch|p2b: Arcanine|Arcanine, L50, M|68/100\n|-ability|p2b: Arcanine|Intimidate|boost\n|-unboost|p1a: Gallade|atk|1\n|-unboost|p1b: Araquanid|atk|1\n|move|p1b: Araquanid|Wide Guard|p1b: Araquanid\n|-singleturn|p1b: Araquanid|Wide Guard\n|move|p2a: Froslass|Shadow Ball|p1b: Araquanid\n|-crit|p1b: Araquanid\n|-damage|p1b: Araquanid|47/100\n|-unboost|p1b: Araquanid|spd|1\n|-enditem|p1b: Araquanid|Sitrus Berry|[eat]\n|-heal|p1b: Araquanid|71/100|[from] item: Sitrus Berry\n|\n|-weather|Snowscape|[upkeep]\n|-fieldend|move: Trick Room\n|upkeep\n|turn|6\n|\n|t:|1776181197\n|switch|p1b: Farigiraf|Farigiraf, L50, M|7/100 brn\n|move|p2a: Froslass|Shadow Ball|p1b: Farigiraf\n|-immune|p1b: Farigiraf\n|move|p2b: Arcanine|Will-O-Wisp|p1a: Gallade\n|-status|p1a: Gallade|brn\n|move|p1a: Gallade|Psycho Cut|p2a: Froslass\n|-damage|p2a: Froslass|71/100\n|\n|-weather|Snowscape|[upkeep]\n|-damage|p1a: Gallade|94/100 brn|[from] brn\n|-damage|p1b: Farigiraf|1/100 brn|[from] brn\n|-fieldend|move: Psychic Terrain\n|upkeep\n|turn|7\n|-message|fuoridivoltorb forfeited.\n|\n|win|bambinator88\n|raw|fuoridivoltorb's rating: 1039 &rarr; <strong>1024</strong><br />(-15 for losing)\n|raw|bambinator88's rating: 1066 &rarr; <strong>1094</strong><br />(+28 for winning)\n|l|\u2606fuoridivoltorb\n|player|p1|\n",
  "uploadtime": 1776181217,
  "views": 28,
  "formatid": "gen9championsvgc2026regma",
  "rating": 1024,
  "private": 0,
  "password": null
}