{
  "id": "gen9championsvgc2026regma-2581737383",
  "format": "[Gen 9 Champions] VGC 2026 Reg M-A",
  "players": [
    "Suspenceful",
    "SimMikaze"
  ],
  "log": "|j|\u2606Suspenceful\n|j|\u2606SimMikaze\n|t:|1776024544\n|gametype|doubles\n|player|p1|Suspenceful|1|1188\n|player|p2|SimMikaze|miku-ghost|1262\n|gen|9\n|tier|[Gen 9 Champions] VGC 2026 Reg M-A\n|rated|\n|rule|Species Clause: Limit one of each Pok\u00e9mon\n|rule|Item Clause: Limit 1 of each item\n|clearpoke\n|poke|p1|Meganium, L50, F|\n|poke|p1|Basculegion, L50, M|\n|poke|p1|Talonflame, L50, M|\n|poke|p1|Archaludon, L50, M|\n|poke|p1|Pelipper, L50, M|\n|poke|p1|Farigiraf, L50, F|\n|poke|p2|Hawlucha, L50, M|\n|poke|p2|Snorlax, L50, M|\n|poke|p2|Excadrill, L50, M|\n|poke|p2|Incineroar, L50, M|\n|poke|p2|Sinistcha, L50|\n|poke|p2|Basculegion, L50, M|\n|teampreview|4\n|inactive|Battle timer is ON: inactive players will automatically lose when time's up. (requested by Suspenceful)\nSuspenceful rejected open team sheets.\n|inactive|Suspenceful has 60 seconds left.\n|\n|t:|1776024601\n|teamsize|p1|4\n|teamsize|p2|4\n|start\n|switch|p1a: Pelipper|Pelipper, L50, M|100/100\n|switch|p1b: Talonflame|Talonflame, L50, M|100/100\n|switch|p2a: Hawlucha|Hawlucha, L50, M|100/100\n|switch|p2b: Snorlax|Snorlax, L50, M|100/100\n|-weather|RainDance|[from] ability: Drizzle|[of] p1a: Pelipper\n|turn|1\n|inactive|SimMikaze has 30 seconds left.\n|\n|t:|1776024634\n|move|p2a: Hawlucha|Protect|p2a: Hawlucha\n|-singleturn|p2a: Hawlucha|Protect\n|move|p1b: Talonflame|Tailwind|p1b: Talonflame\n|-sidestart|p1: Suspenceful|move: Tailwind\n|move|p1a: Pelipper|Hurricane|p2a: Hawlucha\n|-activate|p2a: Hawlucha|move: Protect\n|move|p2b: Snorlax|Smack Down|p1b: Talonflame\n|-supereffective|p1b: Talonflame|2\n|-damage|p1b: Talonflame|19/100\n|-start|p1b: Talonflame|Smack Down\n|\n|-weather|RainDance|[upkeep]\n|upkeep\n|turn|2\n|inactive|Suspenceful has 30 seconds left.\n|inactive|SimMikaze has 30 seconds left.\n|\n|t:|1776024667\n|switch|p2a: Basculegion|Basculegion, L50, M|100/100\n|move|p1b: Talonflame|Protect|p1b: Talonflame\n|-singleturn|p1b: Talonflame|Protect\n|move|p1a: Pelipper|Weather Ball|p2b: Snorlax\n|-damage|p2b: Snorlax|60/100\n|move|p2b: Snorlax|Smack Down|p1a: Pelipper\n|-supereffective|p1a: Pelipper|1\n|-damage|p1a: Pelipper|70/100\n|-start|p1a: Pelipper|Smack Down\n|\n|-weather|RainDance|[upkeep]\n|-heal|p2b: Snorlax|66/100|[from] item: Leftovers\n|upkeep\n|turn|3\n|\n|t:|1776024689\n|switch|p2b: Hawlucha|Hawlucha, L50, M|100/100\n|move|p1b: Talonflame|Hurricane|p2a: Basculegion\n|-damage|p2a: Basculegion|52/100\n|move|p1a: Pelipper|Hurricane|p2a: Basculegion\n|-crit|p2a: Basculegion\n|-damage|p2a: Basculegion|0 fnt\n|faint|p2a: Basculegion\n|\n|-weather|RainDance|[upkeep]\n|upkeep\n|\n|t:|1776024701\n|switch|p2a: Snorlax|Snorlax, L50, M|66/100\n|turn|4\n|\n|t:|1776024714\n|move|p2b: Hawlucha|Protect|p2b: Hawlucha\n|-singleturn|p2b: Hawlucha|Protect\n|move|p2a: Snorlax|Protect|p2a: Snorlax\n|-singleturn|p2a: Snorlax|Protect\n|move|p1b: Talonflame|Hurricane|p2a: Snorlax\n|-activate|p2a: Snorlax|move: Protect\n|move|p1a: Pelipper|Weather Ball|p2a: Snorlax\n|-activate|p2a: Snorlax|move: Protect\n|\n|-weather|RainDance|[upkeep]\n|-heal|p2a: Snorlax|72/100|[from] item: Leftovers\n|-sideend|p1: Suspenceful|move: Tailwind\n|upkeep\n|turn|5\n|\n|t:|1776024728\n|detailschange|p2b: Hawlucha|Hawlucha-Mega, L50, M\n|-mega|p2b: Hawlucha|Hawlucha|Hawluchanite\n|move|p1b: Talonflame|Tailwind|p1b: Talonflame\n|-sidestart|p1: Suspenceful|move: Tailwind\n|move|p1a: Pelipper|Hurricane|p2b: Hawlucha\n|-supereffective|p2b: Hawlucha|1\n|-damage|p2b: Hawlucha|0 fnt\n|faint|p2b: Hawlucha\n|move|p2a: Snorlax|Fissure|p1a: Pelipper|[miss]\n|-miss|p2a: Snorlax|p1a: Pelipper\n|\n|-weather|none\n|-heal|p2a: Snorlax|78/100|[from] item: Leftovers\n|upkeep\n|\n|t:|1776024734\n|switch|p2b: Sinistcha|Sinistcha, L50, shiny|100/100\n|-heal|p2a: Snorlax|100/100|[from] ability: Hospitality|[of] p2b: Sinistcha\n|turn|6\n|\n|t:|1776024755\n|move|p1b: Talonflame|Rain Dance|p1b: Talonflame\n|-weather|RainDance\n|move|p1a: Pelipper|Hurricane|p2b: Sinistcha\n|-supereffective|p2b: Sinistcha|1\n|-damage|p2b: Sinistcha|9/100\n|-start|p2b: Sinistcha|confusion\n|-enditem|p2b: Sinistcha|Sitrus Berry|[eat]\n|-heal|p2b: Sinistcha|34/100|[from] item: Sitrus Berry\n|move|p2a: Snorlax|Smack Down|p1b: Talonflame\n|-supereffective|p1b: Talonflame|2\n|-damage|p1b: Talonflame|0 fnt\n|faint|p1b: Talonflame\n|-activate|p2b: Sinistcha|confusion\n|-damage|p2b: Sinistcha|29/100|[from] confusion\n|\n|-weather|RainDance|[upkeep]\n|upkeep\n|\n|t:|1776024767\n|switch|p1b: Basculegion|Basculegion, L50, M|100/100\n|turn|7\n|\n|t:|1776024778\n|move|p1b: Basculegion|Wave Crash|p2a: Snorlax\n|-crit|p2a: Snorlax\n|-damage|p2a: Snorlax|0 fnt\n|faint|p2a: Snorlax\n|-damage|p1b: Basculegion|56/100|[from] Recoil\n|move|p1a: Pelipper|Hurricane|p2b: Sinistcha\n|-supereffective|p2b: Sinistcha|1\n|-damage|p2b: Sinistcha|0 fnt\n|faint|p2b: Sinistcha\n|\n|win|Suspenceful\n|raw|Suspenceful's rating: 1188 &rarr; <strong>1218</strong><br />(+30 for winning)\n|raw|SimMikaze's rating: 1262 &rarr; <strong>1232</strong><br />(-30 for losing)\n|c|\u2606SimMikaze|That confused turn was Trick Room btw\n|l|\u2606Suspenceful\n|player|p1|\n",
  "uploadtime": 1776024781,
  "views": 34,
  "formatid": "gen9championsvgc2026regma",
  "rating": 1218,
  "private": 0,
  "password": null
}