{
  "id": "gen9championsvgc2026regma-2588365005",
  "format": "[Gen 9 Champions] VGC 2026 Reg M-A",
  "players": [
    "ult. big chill",
    "Tryingit94"
  ],
  "log": "|j|\u2606ult. big chill\n|j|\u2606Tryingit94\n|t:|1776627442\n|gametype|doubles\n|player|p1|ult. big chill|burgh|1300\n|player|p2|Tryingit94|265|1204\n|gen|9\n|tier|[Gen 9 Champions] VGC 2026 Reg M-A\n|rated|\n|rule|Species Clause: Limit one of each Pok\u00e9mon\n|rule|Item Clause: Limit 1 of each item\n|clearpoke\n|poke|p1|Camerupt, L50, M, shiny|\n|poke|p1|Farigiraf, L50, M, shiny|\n|poke|p1|Primarina, L50, F|\n|poke|p1|Incineroar, L50, M|\n|poke|p1|Drampa, L50, F|\n|poke|p1|Kingambit, L50, M, shiny|\n|poke|p2|Garchomp, L50, F|\n|poke|p2|Incineroar, L50, M|\n|poke|p2|Aerodactyl, L50, F|\n|poke|p2|Charizard, L50, M|\n|poke|p2|Tyranitar, L50, M|\n|poke|p2|Maushold, L50|\n|teampreview|4\n|\n|t:|1776627456\n|teamsize|p1|4\n|teamsize|p2|4\n|start\n|switch|p1a: Kingambit|Kingambit, L50, M, shiny|100/100\n|switch|p1b: SandyEggo|Farigiraf, L50, M, shiny|100/100\n|switch|p2a: Aerodactyl|Aerodactyl, L50, F|100/100\n|switch|p2b: Garchomp|Garchomp, L50, F|100/100\n|turn|1\n|\n|t:|1776627473\n|move|p1b: SandyEggo|Protect|p1b: SandyEggo\n|-singleturn|p1b: SandyEggo|Protect\n|move|p2a: Aerodactyl|Taunt|p1b: SandyEggo\n|-activate|p1b: SandyEggo|move: Protect\n|move|p2b: Garchomp|Earthquake|p1a: Kingambit|[spread] p1a\n|-activate|p1b: SandyEggo|move: Protect\n|-immune|p2a: Aerodactyl\n|-supereffective|p1a: Kingambit|1\n|-damage|p1a: Kingambit|44/100\n|move|p1a: Kingambit|Iron Head|p2a: Aerodactyl\n|-supereffective|p2a: Aerodactyl|1\n|-damage|p2a: Aerodactyl|0 fnt\n|faint|p2a: Aerodactyl\n|\n|upkeep\n|\n|t:|1776627495\n|switch|p2a: Maushold|Maushold, L50|100/100\n|turn|2\n|\n|t:|1776627514\n|move|p2a: Maushold|Helping Hand|p2b: Garchomp\n|-singleturn|p2b: Garchomp|Helping Hand|[of] p2a: Maushold\n|move|p2b: Garchomp|Dragon Claw|p1b: SandyEggo\n|-damage|p1b: SandyEggo|39/100\n|move|p1b: SandyEggo|Hyper Voice|p2a: Maushold|[spread] p2a,p2b\n|-damage|p2a: Maushold|66/100\n|-damage|p2b: Garchomp|77/100\n|move|p1a: Kingambit|Iron Head|p2a: Maushold\n|-damage|p2a: Maushold|0 fnt\n|faint|p2a: Maushold\n|\n|upkeep\n|\n|t:|1776627525\n|switch|p2a: Charizard|Charizard, L50, M|100/100\n|turn|3\n|\n|t:|1776627537\n|detailschange|p2a: Charizard|Charizard-Mega-Y, L50, M\n|-mega|p2a: Charizard|Charizard|Charizardite Y\n|-weather|SunnyDay|[from] ability: Drought|[of] p2a: Charizard\n|move|p1b: SandyEggo|Protect|p1b: SandyEggo\n|-singleturn|p1b: SandyEggo|Protect\n|move|p1a: Kingambit|Sucker Punch|p2b: Garchomp\n|-damage|p2b: Garchomp|33/100\n|-damage|p1a: Kingambit|32/100|[from] ability: Rough Skin|[of] p2b: Garchomp\n|move|p2b: Garchomp|Earthquake|p1a: Kingambit|[spread] p1a\n|-activate|p1b: SandyEggo|move: Protect\n|-immune|p2a: Charizard\n|-supereffective|p1a: Kingambit|1\n|-damage|p1a: Kingambit|0 fnt\n|faint|p1a: Kingambit\n|-heal|p2b: Garchomp|37/100|[from] item: Shell Bell|[of] p1b: SandyEggo\n|move|p2a: Charizard|Heat Wave|p1b: SandyEggo\n|-activate|p1b: SandyEggo|move: Protect\n|\n|-weather|SunnyDay|[upkeep]\n|upkeep\n|\n|t:|1776627548\n|switch|p1a: Molpe|Primarina, L50, F|100/100\n|turn|4\n|\n|t:|1776627562\n|switch|p1b: Old Man|Drampa, L50, F|100/100\n|-ability|p1b: Old Man|Cloud Nine\n|move|p2b: Garchomp|Protect|p2b: Garchomp\n|-singleturn|p2b: Garchomp|Protect\n|move|p2a: Charizard|Solar Beam||[still]\n|-prepare|p2a: Charizard|Solar Beam\n|move|p1a: Molpe|Hyper Voice|p2b: Garchomp|[spread] p2a\n|-activate|p2b: Garchomp|move: Protect\n|-supereffective|p2a: Charizard|1\n|-damage|p2a: Charizard|27/100\n|\n|-weather|SunnyDay|[upkeep]\n|upkeep\n|turn|5\n|\n|t:|1776627579\n|move|p2b: Garchomp|Dragon Claw|p1b: Old Man\n|-supereffective|p1b: Old Man|1\n|-damage|p1b: Old Man|10/100\n|-heal|p2b: Garchomp|48/100|[from] item: Shell Bell|[of] p1b: Old Man\n|move|p2a: Charizard|Solar Beam|p1a: Molpe|[from] lockedmove\n|-supereffective|p1a: Molpe|1\n|-damage|p1a: Molpe|15/100\n|move|p1a: Molpe|Dazzling Gleam|p2a: Charizard|[spread] p2a,p2b\n|-resisted|p2a: Charizard|1\n|-supereffective|p2b: Garchomp|1\n|-damage|p2a: Charizard|7/100\n|-damage|p2b: Garchomp|0 fnt\n|faint|p2b: Garchomp\n|move|p1b: Old Man|Hyper Voice|p2a: Charizard\n|-damage|p2a: Charizard|0 fnt\n|faint|p2a: Charizard\n|\n|win|ult. big chill\n|raw|ult. big chill's rating: 1300 &rarr; <strong>1318</strong><br />(+18 for winning)\n|raw|Tryingit94's rating: 1204 &rarr; <strong>1186</strong><br />(-18 for losing)\n|c|\u2606ult. big chill|gg\n",
  "uploadtime": 1776627593,
  "views": 17,
  "formatid": "gen9championsvgc2026regma",
  "rating": 1186,
  "private": 0,
  "password": null
}