{
  "id": "gen9championsvgc2026regma-2582423733",
  "format": "[Gen 9 Champions] VGC 2026 Reg M-A",
  "players": [
    "moonone",
    "the_ag_is_fake"
  ],
  "log": "|j|\u2606moonone\n|j|\u2606the_ag_is_fake\n|t:|1776090753\n|gametype|doubles\n|player|p1|moonone|170|1377\n|player|p2|the_ag_is_fake|rika|1308\n|gen|9\n|tier|[Gen 9 Champions] VGC 2026 Reg M-A\n|rated|\n|rule|Species Clause: Limit one of each Pok\u00e9mon\n|rule|Item Clause: Limit 1 of each item\n|clearpoke\n|poke|p1|Gengar, L50, M|\n|poke|p1|Basculegion, L50, M|\n|poke|p1|Incineroar, L50, F|\n|poke|p1|Kingambit, L50, F|\n|poke|p1|Kommo-o, L50, M|\n|poke|p1|Rotom-Heat, L50|\n|poke|p2|Clefable, L50, M|\n|poke|p2|Incineroar, L50, F|\n|poke|p2|Kingambit, L50, F|\n|poke|p2|Sneasler, L50, F|\n|poke|p2|Kommo-o, L50, F|\n|poke|p2|Froslass, L50, F|\n|teampreview|4\n|inactive|Battle timer is ON: inactive players will automatically lose when time's up. (requested by the_ag_is_fake)\n|inactive|moonone has 60 seconds left.\n|inactive|the_ag_is_fake has 60 seconds left.\n|\n|t:|1776090790\n|teamsize|p1|4\n|teamsize|p2|4\n|start\n|switch|p1a: Gengar|Gengar, L50, M, shiny|100/100\n|switch|p1b: Basculegion|Basculegion, L50, M|100/100\n|switch|p2a: Kommo-o|Kommo-o, L50, F|100/100\n|switch|p2b: Sneasler|Sneasler, L50, F|100/100\n|turn|1\n|\n|t:|1776090810\n|detailschange|p1a: Gengar|Gengar-Mega, L50, M, shiny\n|-mega|p1a: Gengar|Gengar|Gengarite\n|move|p1b: Basculegion|Flip Turn|p2a: Kommo-o\n|-resisted|p2a: Kommo-o|1\n|-damage|p2a: Kommo-o|82/100\n|\n|t:|1776090819\n|switch|p1b: Rotom|Rotom-Heat, L50|100/100|[from] Flip Turn\n|move|p1a: Gengar|Sludge Bomb|p2a: Kommo-o\n|-damage|p2a: Kommo-o|31/100\n|move|p2b: Sneasler|Dire Claw|p1b: Rotom\n|-damage|p1b: Rotom|65/100\n|-status|p1b: Rotom|psn|[from] ability: Poison Touch|[of] p2b: Sneasler\n|move|p2a: Kommo-o|Clangorous Soul||[still]\n|-fail|p2a: Kommo-o\n|\n|-heal|p2a: Kommo-o|37/100|[from] item: Leftovers\n|-damage|p1b: Rotom|53/100 psn|[from] psn\n|upkeep\n|turn|2\n|\n|t:|1776090843\n|switch|p1b: Basculegion|Basculegion, L50, M|100/100\n|move|p1a: Gengar|Shadow Ball|p2b: Sneasler\n|-damage|p2b: Sneasler|34/100\n|-unboost|p2b: Sneasler|spd|1\n|move|p2b: Sneasler|Close Combat|p1b: Basculegion\n|-immune|p1b: Basculegion\n|move|p2a: Kommo-o|Clanging Scales|p1a: Gengar|[spread] p1a,p1b\n|-damage|p1a: Gengar|52/100\n|-damage|p1b: Basculegion|56/100\n|-unboost|p2a: Kommo-o|def|1\n|\n|-heal|p2a: Kommo-o|43/100|[from] item: Leftovers\n|upkeep\n|turn|3\n|\n|t:|1776090862\n|move|p2b: Sneasler|Protect|p2b: Sneasler\n|-singleturn|p2b: Sneasler|Protect\n|move|p1b: Basculegion|Flip Turn|p2b: Sneasler\n|-activate|p2b: Sneasler|move: Protect\n|move|p1a: Gengar|Sludge Bomb|p2a: Kommo-o\n|-damage|p2a: Kommo-o|0 fnt\n|faint|p2a: Kommo-o\n|\n|upkeep\n|\n|t:|1776090882\n|switch|p2a: Kingambit|Kingambit, L50, F|100/100\n|turn|4\n|\n|t:|1776090903\n|switch|p1b: Kommo-o|Kommo-o, L50, M|100/100\n|move|p1a: Gengar|Protect|p1a: Gengar\n|-singleturn|p1a: Gengar|Protect\n|move|p2a: Kingambit|Sucker Punch||[still]\n|-fail|p2a: Kingambit\n|move|p2b: Sneasler|Dire Claw|p1b: Kommo-o\n|-damage|p1b: Kommo-o|64/100\n|\n|-heal|p1b: Kommo-o|70/100|[from] item: Leftovers\n|upkeep\n|turn|5\n|inactive|moonone has 30 seconds left.\n|inactive|moonone has 20 seconds left.\n|\n|t:|1776090941\n|move|p2a: Kingambit|Protect|p2a: Kingambit\n|-singleturn|p2a: Kingambit|Protect\n|move|p1a: Gengar|Shadow Ball|p2b: Sneasler\n|-damage|p2b: Sneasler|0 fnt\n|faint|p2b: Sneasler\n|move|p1b: Kommo-o|Aura Sphere|p2a: Kingambit\n|-activate|p2a: Kingambit|move: Protect\n|\n|-heal|p1b: Kommo-o|76/100|[from] item: Leftovers\n|upkeep\n|\n|t:|1776090947\n|switch|p2b: Clefable|Clefable, L50, M|100/100\n|turn|6\n|inactive|moonone has 30 seconds left.\n|\n|t:|1776090972\n|switch|p1a: Rotom|Rotom-Heat, L50|53/100 psn\n|switch|p1b: Basculegion|Basculegion, L50, M|56/100\n|detailschange|p2b: Clefable|Clefable-Mega, L50, M\n|-mega|p2b: Clefable|Clefable|Clefablite\n|move|p2b: Clefable|Follow Me|p2b: Clefable\n|-singleturn|p2b: Clefable|move: Follow Me\n|move|p2a: Kingambit|Sucker Punch||[still]\n|-fail|p2a: Kingambit\n|\n|-damage|p1a: Rotom|41/100 psn|[from] psn\n|upkeep\n|turn|7\n|\n|t:|1776090994\n|move|p2a: Kingambit|Sucker Punch|p1b: Basculegion\n|-supereffective|p1b: Basculegion|1\n|-damage|p1b: Basculegion|0 fnt\n|faint|p1b: Basculegion\n|move|p1a: Rotom|Overheat|p2a: Kingambit\n|-supereffective|p2a: Kingambit|1\n|-damage|p2a: Kingambit|0 fnt\n|-unboost|p1a: Rotom|spa|2\n|faint|p2a: Kingambit\n|move|p2b: Clefable|Moonblast|p1a: Rotom\n|-resisted|p1a: Rotom|1\n|-damage|p1a: Rotom|15/100 psn\n|\n|-damage|p1a: Rotom|2/100 psn|[from] psn\n|upkeep\n|c|\u2606the_ag_is_fake|ggwp\n|\n|t:|1776091011\n|switch|p1b: Gengar|Gengar-Mega, L50, M, shiny|52/100\n|turn|8\n|\n|t:|1776091021\n|move|p2b: Clefable|Protect|p2b: Clefable\n|-singleturn|p2b: Clefable|Protect\n|move|p1b: Gengar|Sludge Bomb|p2b: Clefable\n|-activate|p2b: Clefable|move: Protect\n|move|p1a: Rotom|Volt Switch|p2b: Clefable\n|-activate|p2b: Clefable|move: Protect\n|\n|-damage|p1a: Rotom|0 fnt|[from] psn\n|faint|p1a: Rotom\n|upkeep\n|\n|t:|1776091026\n|switch|p1a: Kommo-o|Kommo-o, L50, M|76/100\n|turn|9\n|\n|t:|1776091033\n|move|p1b: Gengar|Sludge Bomb|p2b: Clefable\n|-supereffective|p2b: Clefable|1\n|-damage|p2b: Clefable|22/100\n|move|p1a: Kommo-o|Aura Sphere|p2b: Clefable\n|-resisted|p2b: Clefable|2\n|-damage|p2b: Clefable|15/100\n|move|p2b: Clefable|Moonblast|p1b: Gengar\n|-resisted|p1b: Gengar|1\n|-damage|p1b: Gengar|20/100\n|\n|-heal|p1a: Kommo-o|82/100|[from] item: Leftovers\n|upkeep\n|turn|10\n|c|\u2606the_ag_is_fake|wp\n|\n|t:|1776091047\n|move|p1b: Gengar|Sludge Bomb|p2b: Clefable\n|-supereffective|p2b: Clefable|1\n|-damage|p2b: Clefable|0 fnt\n|faint|p2b: Clefable\n|\n|win|moonone\n|raw|moonone's rating: 1377 &rarr; <strong>1393</strong><br />(+16 for winning)\n|raw|the_ag_is_fake's rating: 1308 &rarr; <strong>1292</strong><br />(-16 for losing)\n",
  "uploadtime": 1776091047,
  "views": 25,
  "formatid": "gen9championsvgc2026regma",
  "rating": 1292,
  "private": 0,
  "password": null
}