{
  "id": "gen9championsvgc2026regma-2585034914",
  "format": "[Gen 9 Champions] VGC 2026 Reg M-A",
  "players": [
    "thojones",
    "Ranmados"
  ],
  "log": "|j|\u2606thojones\n|j|\u2606Ranmados\n|t:|1776305351\n|gametype|doubles\n|player|p1|thojones|101|1000\n|player|p2|Ranmados|coin|1000\n|gen|9\n|tier|[Gen 9 Champions] VGC 2026 Reg M-A\n|rated|\n|rule|Species Clause: Limit one of each Pok\u00e9mon\n|rule|Item Clause: Limit 1 of each item\n|clearpoke\n|poke|p1|Alcremie, L50, F|\n|poke|p1|Dragonite, L50, F|\n|poke|p1|Incineroar, L50, M|\n|poke|p1|Whimsicott, L50, F|\n|poke|p1|Sneasler, L50, M|\n|poke|p1|Crabominable, L50, F|\n|poke|p2|Aggron, L50, F|\n|poke|p2|Chimecho, L50, M|\n|poke|p2|Incineroar, L50, F|\n|poke|p2|Rotom-Wash, L50|\n|poke|p2|Garchomp, L50, F|\n|poke|p2|Floette-Eternal, L50, F|\n|teampreview|4\nthojones has agreed to open team sheets.\nRanmados rejected open team sheets.\n|inactive|Battle timer is ON: inactive players will automatically lose when time's up. (requested by thojones)\n|\n|t:|1776305389\n|teamsize|p1|4\n|teamsize|p2|4\n|start\n|switch|p1a: Alcremie|Alcremie, L50, F|100/100\n|switch|p1b: Dragonite|Dragonite, L50, F|100/100\n|switch|p2a: Aggron|Aggron, L50, F|100/100\n|switch|p2b: Incineroar|Incineroar, L50, F|100/100\n|-ability|p2b: Incineroar|Intimidate|boost\n|-unboost|p1a: Alcremie|atk|1\n|-fail|p1b: Dragonite|unboost|Attack|[from] ability: Inner Focus|[of] p1b: Dragonite\n|turn|1\n|\n|t:|1776305406\n|detailschange|p2a: Aggron|Aggron-Mega, L50, F\n|-mega|p2a: Aggron|Aggron|Aggronite\n|move|p2b: Incineroar|Fake Out|p1a: Alcremie\n|-damage|p1a: Alcremie|85/100\n|move|p1b: Dragonite|Roost||[still]\n|-fail|p1b: Dragonite|heal\n|cant|p1a: Alcremie|flinch\n|move|p2a: Aggron|Iron Defense|p2a: Aggron\n|-boost|p2a: Aggron|def|2\n|\n|-heal|p1a: Alcremie|91/100|[from] item: Leftovers\n|upkeep\n|turn|2\n|\n|t:|1776305426\n|move|p1b: Dragonite|Thunder|p2a: Aggron\n|-damage|p2a: Aggron|64/100\n|-status|p2a: Aggron|par\n|move|p2b: Incineroar|Parting Shot|p1b: Dragonite\n|-unboost|p1b: Dragonite|atk|1\n|-unboost|p1b: Dragonite|spa|1\n|\n|t:|1776305434\n|switch|p2b: Chimecho|Chimecho, L50, M|100/100|[from] Parting Shot\n|move|p1a: Alcremie|Decorate|p1b: Dragonite\n|-boost|p1b: Dragonite|atk|2\n|-boost|p1b: Dragonite|spa|2\n|move|p2a: Aggron|Heavy Slam|p1a: Alcremie\n|-supereffective|p1a: Alcremie|1\n|-damage|p1a: Alcremie|0 fnt\n|faint|p1a: Alcremie\n|\n|upkeep\n|\n|t:|1776305446\n|switch|p1a: Incineroar|Incineroar, L50, M|100/100\n|-ability|p1a: Incineroar|Intimidate|boost\n|-unboost|p2a: Aggron|atk|1\n|-unboost|p2b: Chimecho|atk|1\n|turn|3\n|\n|t:|1776305468\n|switch|p2b: Incineroar|Incineroar, L50, F|100/100\n|-ability|p2b: Incineroar|Intimidate|boost\n|-unboost|p1a: Incineroar|atk|1\n|-fail|p1b: Dragonite|unboost|Attack|[from] ability: Inner Focus|[of] p1b: Dragonite\n|detailschange|p1b: Dragonite|Dragonite-Mega, L50, F\n|-mega|p1b: Dragonite|Dragonite|Dragoninite\n|move|p2a: Aggron|Protect|p2a: Aggron\n|-singleturn|p2a: Aggron|Protect\n|move|p1b: Dragonite|Dragon Pulse|p2a: Aggron\n|-activate|p2a: Aggron|move: Protect\n|move|p1a: Incineroar|Parting Shot|p2a: Aggron\n|-activate|p2a: Aggron|move: Protect\n|\n|upkeep\n|turn|4\n|\n|t:|1776305485\n|move|p2b: Incineroar|Fake Out|p1b: Dragonite\n|-damage|p1b: Dragonite|95/100\n|cant|p1b: Dragonite|flinch\n|move|p1a: Incineroar|Parting Shot|p2b: Incineroar\n|-unboost|p2b: Incineroar|atk|1\n|-unboost|p2b: Incineroar|spa|1\n|\n|t:|1776305492\n|switch|p1a: Sneasler|Sneasler, L50, M|100/100|[from] Parting Shot\n|move|p2a: Aggron|Body Press|p1a: Sneasler\n|-resisted|p1a: Sneasler|1\n|-damage|p1a: Sneasler|33/100\n|\n|upkeep\n|turn|5\n|\n|t:|1776305505\n|move|p2a: Aggron|Protect|p2a: Aggron\n|-singleturn|p2a: Aggron|Protect\n|move|p1a: Sneasler|Close Combat|p2b: Incineroar\n|-supereffective|p2b: Incineroar|1\n|-crit|p2b: Incineroar\n|-enditem|p2b: Incineroar|Chople Berry|[eat]\n|-enditem|p2b: Incineroar|Chople Berry|[weaken]\n|-damage|p2b: Incineroar|11/100\n|-unboost|p1a: Sneasler|def|1\n|-unboost|p1a: Sneasler|spd|1\n|-enditem|p1a: Sneasler|White Herb\n|-clearnegativeboost|p1a: Sneasler|[silent]\n|move|p1b: Dragonite|Dragon Pulse|p2a: Aggron\n|-activate|p2a: Aggron|move: Protect\n|move|p2b: Incineroar|Parting Shot|p1b: Dragonite\n|-unboost|p1b: Dragonite|atk|1\n|-unboost|p1b: Dragonite|spa|1\n|\n|t:|1776305520\n|switch|p2b: Chimecho|Chimecho, L50, M|100/100|[from] Parting Shot\n|\n|upkeep\n|turn|6\n|\n|t:|1776305530\n|move|p2a: Aggron|Protect||[still]\n|-fail|p2a: Aggron\n|move|p1a: Sneasler|Dire Claw|p2b: Chimecho\n|-damage|p2b: Chimecho|57/100\n|-status|p2b: Chimecho|par\n|move|p1b: Dragonite|Dragon Pulse|p2a: Aggron\n|-resisted|p2a: Aggron|1\n|-damage|p2a: Aggron|37/100 par\n|move|p2b: Chimecho|Trick Room|p2b: Chimecho\n|-fieldstart|move: Trick Room|[of] p2b: Chimecho\n|\n|upkeep\n|turn|7\n|\n|t:|1776305549\n|move|p2a: Aggron|Body Press|p1a: Sneasler\n|-resisted|p1a: Sneasler|1\n|-damage|p1a: Sneasler|0 fnt\n|faint|p1a: Sneasler\n|move|p2b: Chimecho|Heal Bell|p2b: Chimecho\n|-activate|p2b: Chimecho|move: Heal Bell\n|-curestatus|p2a: Aggron|par|[msg]\n|-curestatus|p2b: Chimecho|par|[msg]\n|move|p1b: Dragonite|Dragon Pulse|p2b: Chimecho\n|-damage|p2b: Chimecho|13/100\n|-enditem|p2b: Chimecho|Sitrus Berry|[eat]\n|-heal|p2b: Chimecho|37/100|[from] item: Sitrus Berry\n|\n|upkeep\n|\n|t:|1776305553\n|switch|p1a: Incineroar|Incineroar, L50, M|100/100\n|-ability|p1a: Incineroar|Intimidate|boost\n|-unboost|p2a: Aggron|atk|1\n|-unboost|p2b: Chimecho|atk|1\n|turn|8\n|\n|t:|1776305564\n|move|p2a: Aggron|Body Press|p1a: Incineroar\n|-supereffective|p1a: Incineroar|1\n|-damage|p1a: Incineroar|0 fnt\n|faint|p1a: Incineroar\n|move|p2b: Chimecho|Heal Pulse|p2a: Aggron\n|-heal|p2a: Aggron|88/100\n|move|p1b: Dragonite|Dragon Pulse|p2a: Aggron\n|-resisted|p2a: Aggron|1\n|-damage|p2a: Aggron|61/100\n|\n|upkeep\n|turn|9\n|-message|thojones forfeited.\n|\n|win|Ranmados\n|raw|thojones's rating: 1000 &rarr; <strong>1000</strong><br />(+0 for losing)\n|raw|Ranmados's rating: 1000 &rarr; <strong>1040</strong><br />(+40 for winning)\n|l|\u2606thojones\n|player|p1|\n",
  "uploadtime": 1776305582,
  "views": 34,
  "formatid": "gen9championsvgc2026regma",
  "rating": 1000,
  "private": 0,
  "password": null
}