{
  "id": "gen9championsvgc2026regma-2586231060",
  "format": "[Gen 9 Champions] VGC 2026 Reg M-A",
  "players": [
    "ohko_muk",
    "whytaylorissocold"
  ],
  "log": "|j|\u2606ohko_muk\n|j|\u2606whytaylorissocold\n|html|<table width=\"100%\"><tr><td align=\"left\">ohko_muk</td><td align=\"right\">whytaylorissocold</tr><tr><td align=\"left\"><i class=\"fa fa-circle-o\"></i> <i class=\"fa fa-circle-o\"></i> </td><td align=\"right\"><i class=\"fa fa-circle-o\"></i> <i class=\"fa fa-circle-o\"></i> </tr></table>\n|uhtml|bestof|<h2><strong>Game 1</strong> of <a href=\"/game-bestof3-gen9championsvgc2026regma-2586231059\">a best-of-3</a></h2>\n|t:|1776415177\n|gametype|doubles\n|player|p1|ohko_muk|gambler|\n|player|p2|whytaylorissocold|170|\n|gen|9\n|tier|[Gen 9 Champions] VGC 2026 Reg M-A\n|rated|Tournament battle\n|rule|Species Clause: Limit one of each Pok\u00e9mon\n|rule|Item Clause: Limit 1 of each item\n|raw|<div class=\"infobox\"><details class=\"readmore\" open><summary><strong>2 custom rules:</strong></summary> Force Open Team Sheets, Best of = 3</details></div>\n|clearpoke\n|poke|p1|Farigiraf, L50, F|\n|poke|p1|Blastoise, L50, M|\n|poke|p1|Bellibolt, L50, F|\n|poke|p1|Mamoswine, L50, M|\n|poke|p1|Delphox, L50, M|\n|poke|p1|Whimsicott, L50, F|\n|poke|p2|Floette-Eternal, L50, F|\n|poke|p2|Sneasler, L50, F|\n|poke|p2|Basculegion, L50, M|\n|poke|p2|Aerodactyl, L50, M|\n|poke|p2|Kingambit, L50, F|\n|poke|p2|Incineroar, L50, F|\n|teampreview|4\n|showteam|p1|Farigiraf||SilkScarf|ArmorTail|HyperVoice,Psychic,TrickRoom,RainDance|||F|||50|]Blastoise||Blastoisinite|Torrent|FakeOut,WaterSpout,DarkPulse,MuddyWater|||M|||50|]Bellibolt||SitrusBerry|Electromorphosis|Discharge,ParabolicCharge,Thunderbolt,Protect|||F|||50|]Mamoswine||FocusSash|Oblivious|Earthquake,IcicleCrash,IceShard,Protect|||M|||50|]Delphox||Delphoxite|Blaze|HeatWave,Psychic,NastyPlot,Protect|||M|||50|]Whimsicott||CobaBerry|Prankster|Moonblast,Tailwind,Encore,SunnyDay|||F|||50|\n|showteam|p2|Floette-Eternal||Floettite|FlowerVeil|DazzlingGleam,Protect,CalmMind,DrainingKiss|||F|||50|]Sneasler||WhiteHerb|Unburden|FakeOut,DireClaw,CloseCombat,Protect|||F|||50|]Basculegion||ChoiceScarf|Adaptability|WaveCrash,FlipTurn,LastRespects,AquaJet|||M|||50|]Aerodactyl||FocusSash|Unnerve|RockSlide,DualWingbeat,Tailwind,Protect|||M|||50|]Kingambit||ChopleBerry|Defiant|KowtowCleave,SuckerPunch,LowKick,Protect|||F|||50|]Incineroar||SitrusBerry|Intimidate|FlareBlitz,HelpingHand,FakeOut,PartingShot|||F|||50|\n|inactive|Battle timer is ON: inactive players will automatically lose when time's up. (requested by ohko_muk)\n|\n|t:|1776415213\n|teamsize|p1|4\n|teamsize|p2|4\n|start\n|switch|p1a: Farigiraf|Farigiraf, L50, F|100/100\n|switch|p1b: Blastoise|Blastoise, L50, M|100/100\n|switch|p2a: Basculegion|Basculegion, L50, M|100/100\n|switch|p2b: Kingambit|Kingambit, L50, F|100/100\n|turn|1\n|inactive|ohko_muk has 30 seconds left.\n|\n|t:|1776415240\n|detailschange|p1b: Blastoise|Blastoise-Mega, L50, M\n|-mega|p1b: Blastoise|Blastoise|Blastoisinite\n|move|p2a: Basculegion|Wave Crash|p1b: Blastoise\n|-resisted|p1b: Blastoise|1\n|-damage|p1b: Blastoise|66/100\n|-damage|p2a: Basculegion|90/100|[from] Recoil\n|move|p1b: Blastoise|Water Spout|p2b: Kingambit|[spread] p2a,p2b\n|-resisted|p2a: Basculegion|1\n|-damage|p2a: Basculegion|65/100\n|-damage|p2b: Kingambit|59/100\n|move|p2b: Kingambit|Kowtow Cleave|p1b: Blastoise\n|-damage|p1b: Blastoise|25/100\n|move|p1a: Farigiraf|Trick Room|p1a: Farigiraf\n|-fieldstart|move: Trick Room|[of] p1a: Farigiraf\n|\n|upkeep\n|turn|2\n|inactive|ohko_muk has 30 seconds left.\n|\n|t:|1776415273\n|move|p2b: Kingambit|Kowtow Cleave|p1b: Blastoise\n|-damage|p1b: Blastoise|0 fnt\n|faint|p1b: Blastoise\n|move|p1a: Farigiraf|Psychic|p2a: Basculegion\n|-damage|p2a: Basculegion|8/100\n|move|p2a: Basculegion|Wave Crash|p1a: Farigiraf\n|-damage|p1a: Farigiraf|35/100\n|-damage|p2a: Basculegion|0 fnt|[from] Recoil\n|faint|p2a: Basculegion\n|\n|upkeep\n|\n|t:|1776415285\n|switch|p1b: Bellibolt|Bellibolt, L50, F|100/100\n|switch|p2a: Incineroar|Incineroar, L50, F|100/100\n|-ability|p2a: Incineroar|Intimidate|boost\n|-unboost|p1a: Farigiraf|atk|1\n|-unboost|p1b: Bellibolt|atk|1\n|turn|3\n|j| scottishinterista\n|\n|t:|1776415310\n|move|p1b: Bellibolt|Protect|p1b: Bellibolt\n|-singleturn|p1b: Bellibolt|Protect\n|move|p2b: Kingambit|Kowtow Cleave|p1a: Farigiraf\n|-supereffective|p1a: Farigiraf|1\n|-damage|p1a: Farigiraf|0 fnt\n|faint|p1a: Farigiraf\n|move|p2a: Incineroar|Parting Shot|p1b: Bellibolt\n|-activate|p1b: Bellibolt|move: Protect\n|\n|upkeep\n|\n|t:|1776415315\n|switch|p1a: Mamoswine|Mamoswine, L50, M|100/100\n|turn|4\n|\n|t:|1776415330\n|move|p2b: Kingambit|Protect|p2b: Kingambit\n|-singleturn|p2b: Kingambit|Protect\n|move|p1a: Mamoswine|Ice Shard|p1b: Bellibolt\n|-damage|p1b: Bellibolt|82/100\n|-start|p1b: Bellibolt|Charge|Ice Shard|[from] ability: Electromorphosis\n|move|p1b: Bellibolt|Discharge|p2b: Kingambit|[spread] p2a\n|-activate|p2b: Kingambit|move: Protect\n|-immune|p1a: Mamoswine\n|-damage|p2a: Incineroar|52/100\n|-end|p1b: Bellibolt|Charge|[silent]\n|move|p2a: Incineroar|Flare Blitz|p1a: Mamoswine\n|-supereffective|p1a: Mamoswine|1\n|-enditem|p1a: Mamoswine|Focus Sash\n|-damage|p1a: Mamoswine|1/100\n|-damage|p2a: Incineroar|22/100|[from] Recoil\n|-enditem|p2a: Incineroar|Sitrus Berry|[eat]\n|-heal|p2a: Incineroar|47/100|[from] item: Sitrus Berry\n|\n|upkeep\n|turn|5\n|c|\u2606whytaylorissocold|lol\n|inactive|ohko_muk has 30 seconds left.\n|inactive|whytaylorissocold has 30 seconds left.\n|inactive|ohko_muk has 20 seconds left.\n|inactive|whytaylorissocold has 20 seconds left.\n|inactive|ohko_muk has 15 seconds left.\n|inactive|ohko_muk has 10 seconds left.\n|inactive|ohko_muk has 5 seconds left.\n|\n|t:|1776415382\n|move|p1a: Mamoswine|Protect|p1a: Mamoswine\n|-singleturn|p1a: Mamoswine|Protect\n|move|p2b: Kingambit|Sucker Punch||[still]\n|-fail|p2b: Kingambit\n|move|p1b: Bellibolt|Thunderbolt|p2a: Incineroar\n|-damage|p2a: Incineroar|9/100\n|move|p2a: Incineroar|Parting Shot|p1b: Bellibolt\n|-unboost|p1b: Bellibolt|atk|1\n|-unboost|p1b: Bellibolt|spa|1\n|\n|t:|1776415390\n|switch|p2a: Floette|Floette-Eternal, L50, F|100/100|[from] Parting Shot\n|\n|-fieldend|move: Trick Room\n|upkeep\n|turn|6\n|\n|t:|1776415410\n|detailschange|p2a: Floette|Floette-Mega, L50, F\n|-mega|p2a: Floette|Floette|Floettite\n|-ability|p2a: Floette|Fairy Aura\n|move|p1a: Mamoswine|Ice Shard|p2b: Kingambit\n|-resisted|p2b: Kingambit|1\n|-damage|p2b: Kingambit|50/100\n|move|p2a: Floette|Dazzling Gleam|p1b: Bellibolt|[spread] p1a,p1b\n|-damage|p1a: Mamoswine|0 fnt\n|-damage|p1b: Bellibolt|36/100\n|-start|p1b: Bellibolt|Charge|Dazzling Gleam|[from] ability: Electromorphosis\n|-enditem|p1b: Bellibolt|Sitrus Berry|[eat]\n|-heal|p1b: Bellibolt|61/100|[from] item: Sitrus Berry\n|faint|p1a: Mamoswine\n|move|p2b: Kingambit|Kowtow Cleave|p1b: Bellibolt\n|-damage|p1b: Bellibolt|18/100\n|-start|p1b: Bellibolt|Charge|Kowtow Cleave|[from] ability: Electromorphosis\n|move|p1b: Bellibolt|Discharge|p2a: Floette|[spread] p2a,p2b\n|-damage|p2a: Floette|72/100\n|-damage|p2b: Kingambit|13/100\n|-status|p2a: Floette|par\n|-end|p1b: Bellibolt|Charge|[silent]\n|\n|upkeep\n|turn|7\n|\n|t:|1776415431\n|move|p2a: Floette|Dazzling Gleam|p1b: Bellibolt\n|-damage|p1b: Bellibolt|0 fnt\n|faint|p1b: Bellibolt\n|\n|win|whytaylorissocold\n",
  "uploadtime": 1776415432,
  "views": 19,
  "formatid": "gen9championsvgc2026regma",
  "rating": null,
  "private": 0,
  "password": null
}