{
  "id": "gen9championsvgc2026regma-2584827938",
  "format": "[Gen 9 Champions] VGC 2026 Reg M-A",
  "players": [
    "isabellissima",
    "marrujo"
  ],
  "log": "|j|\u2606isabellissima\n|j|\u2606marrujo\n|t:|1776286745\n|gametype|doubles\n|player|p1|isabellissima|2|1114\n|player|p2|marrujo|unknownf|1073\n|gen|9\n|tier|[Gen 9 Champions] VGC 2026 Reg M-A\n|rated|\n|rule|Species Clause: Limit one of each Pok\u00e9mon\n|rule|Item Clause: Limit 1 of each item\n|clearpoke\n|poke|p1|Incineroar, L50, M|\n|poke|p1|Gengar, L50, F|\n|poke|p1|Sneasler, L50, F|\n|poke|p1|Maushold-Four, L50|\n|poke|p1|Kommo-o, L50, M|\n|poke|p1|Politoed, L50, M|\n|poke|p2|Heracross, L50, F|\n|poke|p2|Aerodactyl, L50, F|\n|poke|p2|Meowstic, L50, M|\n|poke|p2|Dragonite, L50, F|\n|poke|p2|Whimsicott, L50, M|\n|poke|p2|Milotic, L50, M|\n|teampreview|4\n|inactive|Battle timer is ON: inactive players will automatically lose when time's up. (requested by isabellissima)\n|\n|t:|1776286790\n|teamsize|p1|4\n|teamsize|p2|4\n|start\n|switch|p1a: Incineroar|Incineroar, L50, M, shiny|100/100\n|switch|p1b: Gengar|Gengar, L50, F, shiny|100/100\n|switch|p2a: Meowstic|Meowstic, L50, M|100/100\n|switch|p2b: Milotic|Milotic, L50, M|100/100\n|-ability|p1a: Incineroar|Intimidate|boost\n|-unboost|p2a: Meowstic|atk|1\n|-unboost|p2b: Milotic|atk|1\n|-ability|p2b: Milotic|Competitive|boost\n|-boost|p2b: Milotic|spa|2\n|turn|1\n|\n|t:|1776286814\n|detailschange|p1b: Gengar|Gengar-Mega, L50, F, shiny\n|-mega|p1b: Gengar|Gengar|Gengarite\n|move|p2a: Meowstic|Quick Guard|p2a: Meowstic\n|-singleturn|p2a: Meowstic|Quick Guard\n|move|p1a: Incineroar|Fake Out|p2b: Milotic\n|-activate|p2b: Milotic|move: Quick Guard\n|move|p1b: Gengar|Perish Song|p1b: Gengar\n|-start|p1a: Incineroar|perish3|[silent]\n|-start|p1b: Gengar|perish3|[silent]\n|-start|p2a: Meowstic|perish3|[silent]\n|-start|p2b: Milotic|perish3|[silent]\n|-fieldactivate|move: Perish Song\n|move|p2b: Milotic|Scald|p1a: Incineroar\n|-supereffective|p1a: Incineroar|1\n|-damage|p1a: Incineroar|0 fnt\n|faint|p1a: Incineroar\n|\n|-start|p1b: Gengar|perish3\n|-start|p2a: Meowstic|perish3\n|-start|p2b: Milotic|perish3\n|upkeep\n|\n|t:|1776286833\n|switch|p1a: Kommo-o|Kommo-o, L50, M, shiny|100/100\n|turn|2\n|\n|t:|1776286843\n|move|p1b: Gengar|Protect|p1b: Gengar\n|-singleturn|p1b: Gengar|Protect\n|move|p2a: Meowstic|Light Screen|p2a: Meowstic\n|-sidestart|p2: marrujo|move: Light Screen\n|move|p1a: Kommo-o|Clangorous Soul|p1a: Kommo-o\n|-boost|p1a: Kommo-o|atk|1\n|-boost|p1a: Kommo-o|def|1\n|-boost|p1a: Kommo-o|spa|1\n|-boost|p1a: Kommo-o|spd|1\n|-boost|p1a: Kommo-o|spe|1\n|-damage|p1a: Kommo-o|68/100\n|move|p2b: Milotic|Ice Beam|p1a: Kommo-o\n|-supereffective|p1a: Kommo-o|1\n|-damage|p1a: Kommo-o|13/100\n|-status|p1a: Kommo-o|frz\n|\n|-start|p1b: Gengar|perish2\n|-start|p2a: Meowstic|perish2\n|-start|p2b: Milotic|perish2\n|upkeep\n|turn|3\n|\n|t:|1776286868\n|cant|p1a: Kommo-o|frz\n|move|p1b: Gengar|Shadow Ball|p2a: Meowstic\n|-supereffective|p2a: Meowstic|1\n|-damage|p2a: Meowstic|29/100\n|move|p2a: Meowstic|Dark Pulse|p1b: Gengar\n|-supereffective|p1b: Gengar|1\n|-damage|p1b: Gengar|66/100\n|move|p2b: Milotic|Scald|p1b: Gengar\n|-damage|p1b: Gengar|0 fnt\n|faint|p1b: Gengar\n|\n|-start|p2a: Meowstic|perish1\n|-start|p2b: Milotic|perish1\n|upkeep\n|\n|t:|1776286879\n|switch|p1b: Sneasler|Sneasler, L50, F|100/100\n|turn|4\n|\n|t:|1776286888\n|switch|p2a: Whimsicott|Whimsicott, L50, M|100/100\n|switch|p2b: Aerodactyl|Aerodactyl, L50, F|100/100\n|-ability|p2b: Aerodactyl|Pressure\n|cant|p1a: Kommo-o|frz\n|move|p1b: Sneasler|Dire Claw|p2b: Aerodactyl\n|-resisted|p2b: Aerodactyl|1\n|-damage|p2b: Aerodactyl|64/100\n|-status|p2b: Aerodactyl|psn\n|\n|-damage|p2b: Aerodactyl|52/100 psn|[from] psn\n|upkeep\n|turn|5\n|\n|t:|1776286907\n|detailschange|p2b: Aerodactyl|Aerodactyl-Mega, L50, F\n|-mega|p2b: Aerodactyl|Aerodactyl|Aerodactylite\n|move|p2a: Whimsicott|Tailwind|p2a: Whimsicott\n|-sidestart|p2: marrujo|move: Tailwind\n|move|p2b: Aerodactyl|Earthquake|p1b: Sneasler|[spread] p2a,p1a,p1b\n|-resisted|p2a: Whimsicott|1\n|-supereffective|p1b: Sneasler|1\n|-damage|p2a: Whimsicott|85/100\n|-damage|p1a: Kommo-o|0 fnt\n|-damage|p1b: Sneasler|4/100\n|faint|p1a: Kommo-o\n|move|p1b: Sneasler|Dire Claw|p2a: Whimsicott\n|-supereffective|p2a: Whimsicott|2\n|-damage|p2a: Whimsicott|0 fnt\n|faint|p2a: Whimsicott\n|\n|-damage|p2b: Aerodactyl|40/100 psn|[from] psn\n|upkeep\n|\n|t:|1776286916\n|switch|p2a: Milotic|Milotic, L50, M|100/100\n|turn|6\n|\n|t:|1776286924\n|move|p1b: Sneasler|Protect|p1b: Sneasler\n|-singleturn|p1b: Sneasler|Protect\n|move|p2b: Aerodactyl|Crunch|p1b: Sneasler\n|-activate|p1b: Sneasler|move: Protect\n|move|p2a: Milotic|Scald|p1b: Sneasler\n|-activate|p1b: Sneasler|move: Protect\n|\n|-damage|p2b: Aerodactyl|28/100 psn|[from] psn\n|-sideend|p2: marrujo|move: Light Screen\n|upkeep\n|turn|7\n|\n|t:|1776286932\n|move|p2b: Aerodactyl|Earthquake|p1b: Sneasler|[spread] p2a,p1b\n|-supereffective|p1b: Sneasler|1\n|-damage|p2a: Milotic|71/100\n|-damage|p1b: Sneasler|0 fnt\n|faint|p1b: Sneasler\n|\n|win|marrujo\n|raw|isabellissima's rating: 1114 &rarr; <strong>1086</strong><br />(-28 for losing)\n|raw|marrujo's rating: 1073 &rarr; <strong>1105</strong><br />(+32 for winning)\n",
  "uploadtime": 1776286934,
  "views": 73,
  "formatid": "gen9championsvgc2026regma",
  "rating": 1086,
  "private": 0,
  "password": null
}