{
  "id": "gen9championsvgc2026regma-2586397079",
  "format": "[Gen 9 Champions] VGC 2026 Reg M-A",
  "players": [
    "regufe",
    "MersusNoctus"
  ],
  "log": "|j|\u2606regufe\n|j|\u2606MersusNoctus\n|t:|1776431730\n|gametype|doubles\n|player|p1|regufe|pokemonbreeder|1138\n|player|p2|MersusNoctus|silver|1213\n|gen|9\n|tier|[Gen 9 Champions] VGC 2026 Reg M-A\n|rated|\n|rule|Species Clause: Limit one of each Pok\u00e9mon\n|rule|Item Clause: Limit 1 of each item\n|clearpoke\n|poke|p1|Lopunny, L50, F|\n|poke|p1|Basculegion, L50, M|\n|poke|p1|Zoroark-Hisui, L50, F|\n|poke|p1|Sableye, L50, F|\n|poke|p1|Incineroar, L50, F|\n|poke|p1|Roserade, L50, F|\n|poke|p2|Pelipper, L50, M|\n|poke|p2|Skarmory, L50, F|\n|poke|p2|Archaludon, L50, M|\n|poke|p2|Delphox, L50, F|\n|poke|p2|Gourgeist-*, L50, F|\n|poke|p2|Farigiraf, L50, M|\n|teampreview|4\n|\n|t:|1776431795\n|teamsize|p1|4\n|teamsize|p2|4\n|start\n|switch|p1a: Basculegion|Basculegion, L50, M|100/100\n|switch|p1b: Lopunny|Lopunny, L50, F|100/100\n|switch|p2a: Archaludon|Archaludon, L50, M|100/100\n|switch|p2b: Farigiraf|Farigiraf, L50, M|100/100\n|turn|1\n|\n|t:|1776431829\n|switch|p2b: Pelipper|Pelipper, L50, M|100/100\n|-weather|RainDance|[from] ability: Drizzle|[of] p2b: Pelipper\n|move|p1a: Basculegion|Flip Turn|p2b: Pelipper\n|-resisted|p2b: Pelipper|1\n|-damage|p2b: Pelipper|72/100\n|\n|t:|1776431836\n|switch|p1a: Sableye|Sableye, L50, F|100/100|[from] Flip Turn\n|move|p1b: Lopunny|Hyper Beam|p2b: Pelipper\n|-crit|p2b: Pelipper\n|-damage|p2b: Pelipper|0 fnt\n|-mustrecharge|p1b: Lopunny\n|faint|p2b: Pelipper\n|move|p2a: Archaludon|Electro Shot||[still]\n|-prepare|p2a: Archaludon|Electro Shot\n|-boost|p2a: Archaludon|spa|1\n|-anim|p2a: Archaludon|Electro Shot|p1a: Sableye\n|-damage|p1a: Sableye|41/100\n|-enditem|p1a: Sableye|Sitrus Berry|[eat]\n|-heal|p1a: Sableye|66/100|[from] item: Sitrus Berry\n|\n|-weather|RainDance|[upkeep]\n|upkeep\n|\n|t:|1776431850\n|switch|p2b: Farigiraf|Farigiraf, L50, M|100/100\n|turn|2\n|\n|t:|1776431871\n|switch|p1a: Lopunny|Lopunny, L50, F|100/100\n|move|p2b: Farigiraf|Protect|p2b: Farigiraf\n|-singleturn|p2b: Farigiraf|Protect\n|cant|p1b: Lopunny|recharge\n|move|p2a: Archaludon|Aura Sphere|p1b: Lopunny\n|-immune|p1b: Lopunny\n|\n|-weather|RainDance|[upkeep]\n|upkeep\n|turn|3\n|\n|t:|1776431893\n|detailschange|p1a: Lopunny|Lopunny-Mega, L50, F\n|-mega|p1a: Lopunny|Lopunny|Lopunnite\n|move|p1a: Lopunny|Close Combat|p2a: Archaludon\n|-supereffective|p2a: Archaludon|1\n|-damage|p2a: Archaludon|9/100\n|-unboost|p1a: Lopunny|def|1\n|-unboost|p1a: Lopunny|spd|1\n|-ability|p2a: Archaludon|Stamina|boost\n|-boost|p2a: Archaludon|def|1\n|move|p1b: Lopunny|Shadow Ball|p2a: Archaludon\n|-damage|p2a: Archaludon|0 fnt\n|faint|p2a: Archaludon\n|move|p2b: Farigiraf|Twin Beam|p1a: Lopunny\n|-supereffective|p1a: Lopunny|1\n|-damage|p1a: Lopunny|23/100\n|-supereffective|p1a: Lopunny|1\n|-damage|p1a: Lopunny|0 fnt\n|faint|p1a: Lopunny\n|-hitcount|p1: Lopunny|2\n|\n|-weather|RainDance|[upkeep]\n|upkeep\n|\n|t:|1776431909\n|switch|p1a: Basculegion|Basculegion, L50, M|100/100\n|switch|p2a: Skarmory|Skarmory, L50, F|100/100\n|turn|4\n|\n|t:|1776431936\n|move|p1a: Basculegion|Wave Crash|p2b: Farigiraf\n|-damage|p2b: Farigiraf|3/100\n|-enditem|p2b: Farigiraf|Sitrus Berry|[eat]\n|-heal|p2b: Farigiraf|28/100|[from] item: Sitrus Berry\n|-damage|p1a: Basculegion|65/100|[from] Recoil\n|move|p1b: Lopunny|Hyper Voice|p2b: Farigiraf|[spread] p2a,p2b\n|-resisted|p2a: Skarmory|1\n|-damage|p2a: Skarmory|71/100\n|-damage|p2b: Farigiraf|0 fnt\n|faint|p2b: Farigiraf\n|move|p2a: Skarmory|Swords Dance|p2a: Skarmory\n|-boost|p2a: Skarmory|atk|2\n|\n|-weather|RainDance|[upkeep]\n|upkeep\n|turn|5\n|\n|t:|1776431955\n|move|p1a: Basculegion|Wave Crash|p2a: Skarmory\n|-damage|p2a: Skarmory|0 fnt\n|faint|p2a: Skarmory\n|-damage|p1a: Basculegion|46/100|[from] Recoil\n|\n|win|regufe\n|raw|regufe's rating: 1138 &rarr; <strong>1168</strong><br />(+30 for winning)\n|raw|MersusNoctus's rating: 1213 &rarr; <strong>1183</strong><br />(-30 for losing)\n|l|\u2606MersusNoctus\n|player|p2|\n",
  "uploadtime": 1776431987,
  "views": 29,
  "formatid": "gen9championsvgc2026regma",
  "rating": 1168,
  "private": 0,
  "password": null
}