{
  "id": "gen9championsvgc2026regma-2589547916",
  "format": "[Gen 9 Champions] VGC 2026 Reg M-A",
  "players": [
    "gg1trick",
    "blazke"
  ],
  "log": "|j|\u2606gg1trick\n|j|\u2606blazke\n|t:|1776733040\n|gametype|doubles\n|player|p1|gg1trick|266|1139\n|player|p2|blazke|riley|1157\n|gen|9\n|tier|[Gen 9 Champions] VGC 2026 Reg M-A\n|rated|\n|rule|Species Clause: Limit one of each Pok\u00e9mon\n|rule|Item Clause: Limit 1 of each item\n|clearpoke\n|poke|p1|Milotic, L50, M|\n|poke|p1|Sinistcha, L50|\n|poke|p1|Garchomp, L50, F|\n|poke|p1|Sneasler, L50, F|\n|poke|p1|Floette-Eternal, L50, F|\n|poke|p1|Incineroar, L50, F|\n|poke|p2|Gengar, L50, F|\n|poke|p2|Morpeko, L50, M|\n|poke|p2|Whimsicott, L50, F|\n|poke|p2|Primarina, L50, M|\n|poke|p2|Incineroar, L50, M|\n|poke|p2|Garchomp, L50, F|\n|teampreview|4\n|inactive|Battle timer is ON: inactive players will automatically lose when time's up. (requested by blazke)\n|inactive|gg1trick has 60 seconds left.\n|\n|t:|1776733072\n|teamsize|p1|4\n|teamsize|p2|4\n|start\n|switch|p1a: Incineroar|Incineroar, L50, F|100/100\n|switch|p1b: Garchomp|Garchomp, L50, F|100/100\n|switch|p2a: Gengar|Gengar, L50, F|100/100\n|switch|p2b: Incineroar|Incineroar, L50, M|100/100\n|-ability|p2b: Incineroar|Intimidate|boost\n|-unboost|p1a: Incineroar|atk|1\n|-unboost|p1b: Garchomp|atk|1\n|-ability|p1a: Incineroar|Intimidate|boost\n|-unboost|p2a: Gengar|atk|1\n|-unboost|p2b: Incineroar|atk|1\n|turn|1\n|inactive|gg1trick has 30 seconds left.\n|inactive|blazke has 30 seconds left.\n|\n|t:|1776733101\n|detailschange|p2a: Gengar|Gengar-Mega, L50, F\n|-mega|p2a: Gengar|Gengar|Gengarite\n|move|p2a: Gengar|Protect|p2a: Gengar\n|-singleturn|p2a: Gengar|Protect\n|move|p2b: Incineroar|Fake Out|p1a: Incineroar\n|-damage|p1a: Incineroar|95/100\n|move|p1b: Garchomp|Stomping Tantrum|p2a: Gengar\n|-activate|p2a: Gengar|move: Protect\n|cant|p1a: Incineroar|flinch\n|\n|upkeep\n|turn|2\n|\n|t:|1776733121\n|move|p2a: Gengar|Disable|p1b: Garchomp\n|-start|p1b: Garchomp|Disable|Stomping Tantrum\n|cant|p1b: Garchomp|Disable|Stomping Tantrum\n|move|p2b: Incineroar|Parting Shot|p1a: Incineroar\n|-unboost|p1a: Incineroar|atk|1\n|-unboost|p1a: Incineroar|spa|1\n|\n|t:|1776733129\n|switch|p2b: Primarina|Primarina, L50, M|100/100|[from] Parting Shot\n|move|p1a: Incineroar|Parting Shot|p2a: Gengar\n|-unboost|p2a: Gengar|atk|1\n|-unboost|p2a: Gengar|spa|1\n|\n|t:|1776733141\n|switch|p1a: Floette|Floette-Eternal, L50, F|100/100|[from] Parting Shot\n|\n|upkeep\n|turn|3\n|\n|t:|1776733152\n|detailschange|p1a: Floette|Floette-Mega, L50, F\n|-mega|p1a: Floette|Floette|Floettite\n|-ability|p1a: Floette|Fairy Aura\n|move|p2a: Gengar|Protect|p2a: Gengar\n|-singleturn|p2a: Gengar|Protect\n|move|p1b: Garchomp|Dragon Claw|p2a: Gengar\n|-activate|p2a: Gengar|move: Protect\n|move|p1a: Floette|Moonblast|p2a: Gengar\n|-activate|p2a: Gengar|move: Protect\n|move|p2b: Primarina|Perish Song|p2b: Primarina\n|-start|p1a: Floette|perish3|[silent]\n|-start|p1b: Garchomp|perish3|[silent]\n|-start|p2a: Gengar|perish3|[silent]\n|-start|p2b: Primarina|perish3|[silent]\n|-fieldactivate|move: Perish Song\n|\n|-start|p2a: Gengar|perish3\n|-start|p1b: Garchomp|perish3\n|-start|p1a: Floette|perish3\n|-start|p2b: Primarina|perish3\n|upkeep\n|turn|4\n|inactive|gg1trick has 30 seconds left.\n|inactive|blazke has 30 seconds left.\n|\n|t:|1776733178\n|switch|p2a: Incineroar|Incineroar, L50, M|100/100\n|-ability|p2a: Incineroar|Intimidate|boost\n|-unboost|p1a: Floette|atk|1\n|-unboost|p1b: Garchomp|atk|1\n|move|p1b: Garchomp|Rock Slide|p2a: Incineroar|[spread] p2b\n|-miss|p1b: Garchomp|p2a: Incineroar\n|-damage|p2b: Primarina|90/100\n|move|p1a: Floette|Moonblast|p2a: Incineroar\n|-damage|p2a: Incineroar|30/100\n|-enditem|p2a: Incineroar|Sitrus Berry|[eat]\n|-heal|p2a: Incineroar|55/100|[from] item: Sitrus Berry\n|move|p2b: Primarina|Flip Turn|p1b: Garchomp\n|-damage|p1b: Garchomp|87/100\n|-damage|p2b: Primarina|78/100|[from] ability: Rough Skin|[of] p1b: Garchomp\n|\n|t:|1776733194\n|switch|p2b: Gengar|Gengar-Mega, L50, F|100/100|[from] Flip Turn\n|\n|-start|p1b: Garchomp|perish2\n|-start|p1a: Floette|perish2\n|upkeep\n|turn|5\n|inactive|gg1trick has 30 seconds left.\n|inactive|gg1trick has 20 seconds left.\n|\n|t:|1776733231\n|move|p2b: Gengar|Protect|p2b: Gengar\n|-singleturn|p2b: Gengar|Protect\n|move|p2a: Incineroar|Fake Out|p1a: Floette\n|-damage|p1a: Floette|87/100\n|move|p1b: Garchomp|Dragon Claw|p2a: Incineroar\n|-damage|p2a: Incineroar|40/100\n|cant|p1a: Floette|flinch\n|\n|-end|p1b: Garchomp|Disable\n|-start|p1b: Garchomp|perish1\n|-start|p1a: Floette|perish1\n|upkeep\n|turn|6\n|inactive|blazke has 30 seconds left.\n|\n|t:|1776733264\n|switch|p2b: Garchomp|Garchomp, L50, F|100/100\n|switch|p2a: Primarina|Primarina, L50, M|78/100\n|move|p1b: Garchomp|Dragon Claw|p2a: Primarina\n|-immune|p2a: Primarina\n|move|p1a: Floette|Moonblast|p2a: Primarina\n|-damage|p2a: Primarina|27/100\n|\n|-heal|p2a: Primarina|33/100|[from] item: Leftovers\n|-start|p1b: Garchomp|perish0\n|-start|p1a: Floette|perish0\n|upkeep\n|faint|p1b: Garchomp\n|faint|p1a: Floette\n|\n|t:|1776733270\n|switch|p1b: Incineroar|Incineroar, L50, F|95/100\n|switch|p1a: Milotic|Milotic, L50, M|100/100\n|-ability|p1b: Incineroar|Intimidate|boost\n|-unboost|p2a: Primarina|atk|1\n|-unboost|p2b: Garchomp|atk|1\n|turn|7\n|-message|gg1trick forfeited.\n|\n|win|blazke\n|raw|gg1trick's rating: 1139 &rarr; <strong>1115</strong><br />(-24 for losing)\n|raw|blazke's rating: 1157 &rarr; <strong>1181</strong><br />(+24 for winning)\n|l|\u2606gg1trick\n|player|p1|\n",
  "uploadtime": 1776733292,
  "views": 2,
  "formatid": "gen9championsvgc2026regma",
  "rating": 1115,
  "private": 0,
  "password": null
}