{
  "id": "gen9championsvgc2026regma-2587910208",
  "format": "[Gen 9 Champions] VGC 2026 Reg M-A",
  "players": [
    "JieNengZhon",
    "michaelgscott"
  ],
  "log": "|j|\u2606JieNengZhon\n|j|\u2606michaelgscott\n|t:|1776577793\n|gametype|doubles\n|player|p1|JieNengZhon|dawn-gen4pt|1181\n|player|p2|michaelgscott|veteran|1109\n|gen|9\n|tier|[Gen 9 Champions] VGC 2026 Reg M-A\n|rated|\n|rule|Species Clause: Limit one of each Pok\u00e9mon\n|rule|Item Clause: Limit 1 of each item\n|clearpoke\n|poke|p1|Floette-Eternal, L50, F|\n|poke|p1|Incineroar, L50, F|\n|poke|p1|Sneasler, L50, F|\n|poke|p1|Kommo-o, L50, M|\n|poke|p1|Rotom-Wash, L50|\n|poke|p1|Aegislash, L50, F|\n|poke|p2|Dragapult, L50, M|\n|poke|p2|Kingambit, L50, F|\n|poke|p2|Basculegion, L50, M|\n|poke|p2|Sneasler, L50, F|\n|poke|p2|Meganium, L50, M|\n|poke|p2|Zoroark-Hisui, L50, M|\n|teampreview|4\n|inactive|Battle timer is ON: inactive players will automatically lose when time's up. (requested by JieNengZhon)\n|\n|t:|1776577823\n|teamsize|p1|4\n|teamsize|p2|4\n|start\n|switch|p1a: Aegislash|Aegislash, L50, F|100/100\n|switch|p1b: Sneasler|Sneasler, L50, F|100/100\n|switch|p2a: Sneasler|Sneasler, L50, F|100/100\n|switch|p2b: Dragapult|Dragapult, L50, M|100/100\n|turn|1\n|\n|t:|1776577845\n|move|p1a: Aegislash|King's Shield|p1a: Aegislash\n|-singleturn|p1a: Aegislash|Protect\n|move|p1b: Sneasler|Fake Out|p2a: Sneasler\n|-immune|p2a: Sneasler\n|move|p2b: Dragapult|Phantom Force||[still]\n|-prepare|p2b: Dragapult|Phantom Force\n|move|p2a: Sneasler|Burning Jealousy|p1a: Aegislash|[spread] p1b\n|-activate|p1a: Aegislash|move: Protect\n|-damage|p1b: Sneasler|78/100\n|\n|upkeep\n|turn|2\n|\n|t:|1776577860\n|switch|p1a: Incineroar|Incineroar, L50, F|100/100\n|-ability|p1a: Incineroar|Intimidate|boost\n|-unboost|p2a: Sneasler|atk|1\n|-fail|p2b: Dragapult|unboost|[from] ability: Clear Body|[of] p2b: Dragapult\n|move|p1b: Sneasler|Protect|p1b: Sneasler\n|-singleturn|p1b: Sneasler|Protect\n|move|p2b: Dragapult|Phantom Force|p1b: Sneasler|[from] lockedmove\n|-activate|p1b: Sneasler|move: Phantom Force|[broken]\n|-damage|p1b: Sneasler|0 fnt\n|faint|p1b: Sneasler\n|move|p2a: Sneasler|Burning Jealousy|p1a: Incineroar\n|-resisted|p1a: Incineroar|1\n|-damage|p1a: Incineroar|91/100\n|\n|upkeep\n|\n|t:|1776577877\n|switch|p1b: Aegislash|Aegislash, L50, F|100/100\n|turn|3\n|\n|t:|1776577900\n|move|p1a: Incineroar|Helping Hand|p1b: Aegislash\n|-singleturn|p1b: Aegislash|Helping Hand|[of] p1a: Incineroar\n|-formechange|p1b: Aegislash|Aegislash-Blade|\n|move|p1b: Aegislash|Shadow Sneak|p2b: Dragapult\n|-supereffective|p2b: Dragapult|1\n|-damage|p2b: Dragapult|0 fnt\n|faint|p2b: Dragapult\n|move|p2a: Sneasler|Burning Jealousy|p1a: Incineroar|[spread] p1a,p1b\n|-resisted|p1a: Incineroar|1\n|-supereffective|p1b: Aegislash|1\n|-damage|p1a: Incineroar|83/100\n|-damage|p1b: Aegislash|34/100\n|\n|upkeep\n|\n|t:|1776577910\n|switch|p2b: Sneasler|Sneasler, L50, F|100/100\n|turn|4\n|\n|t:|1776577922\n|switch|p1b: Floette|Floette-Eternal, L50, F|100/100\n|move|p2b: Sneasler|Close Combat|p1a: Incineroar\n|-supereffective|p1a: Incineroar|1\n|-damage|p1a: Incineroar|0 fnt\n|-unboost|p2b: Sneasler|def|1\n|-unboost|p2b: Sneasler|spd|1\n|faint|p1a: Incineroar\n|move|p2a: Sneasler|Burning Jealousy|p1b: Floette\n|-damage|p1b: Floette|82/100\n|\n|upkeep\n|\n|t:|1776577928\n|switch|p1a: Aegislash|Aegislash, L50, F|34/100\n|turn|5\n|\n|t:|1776577945\n|detailschange|p1b: Floette|Floette-Mega, L50, F\n|-mega|p1b: Floette|Floette|Floettite\n|-ability|p1b: Floette|Fairy Aura\n|move|p1a: Aegislash|King's Shield|p1a: Aegislash\n|-singleturn|p1a: Aegislash|Protect\n|move|p2b: Sneasler|Dire Claw|p1b: Floette\n|-supereffective|p1b: Floette|1\n|-damage|p1b: Floette|4/100\n|move|p2a: Sneasler|Burning Jealousy|p1b: Floette|[spread] p1b\n|-activate|p1a: Aegislash|move: Protect\n|-damage|p1b: Floette|0 fnt\n|faint|p1b: Floette\n|\n|upkeep\n|turn|6\n|-message|JieNengZhon forfeited.\n|\n|win|michaelgscott\n|raw|JieNengZhon's rating: 1181 &rarr; <strong>1151</strong><br />(-30 for losing)\n|raw|michaelgscott's rating: 1109 &rarr; <strong>1139</strong><br />(+30 for winning)\n|l|\u2606JieNengZhon\n|player|p1|\n",
  "uploadtime": 1776577959,
  "views": 32,
  "formatid": "gen9championsvgc2026regma",
  "rating": 1139,
  "private": 0,
  "password": null
}