{
  "id": "gen9championsvgc2026regma-2588442209",
  "format": "[Gen 9 Champions] VGC 2026 Reg M-A",
  "players": [
    "nessas bro",
    "holdingb"
  ],
  "log": "|j|\u2606nessas bro\n|j|\u2606holdingb\n|t:|1776633895\n|gametype|doubles\n|player|p1|nessas bro|blue-masters2|\n|player|p2|holdingb|anabel-gen7|\n|gen|9\n|tier|[Gen 9 Champions] VGC 2026 Reg M-A\n|rated|Tournament battle\n|rule|Species Clause: Limit one of each Pok\u00e9mon\n|rule|Item Clause: Limit 1 of each item\n|raw|<div class=\"infobox\"><details class=\"readmore\" open><summary><strong>1 custom rule:</strong></summary> Force Open Team Sheets</details></div>\n|clearpoke\n|poke|p1|Meganium, L50, M|\n|poke|p1|Aerodactyl, L50, M|\n|poke|p1|Politoed, L50, F, shiny|\n|poke|p1|Basculegion, L50, M, shiny|\n|poke|p1|Archaludon, L50, F, shiny|\n|poke|p1|Gengar, L50, F, shiny|\n|poke|p2|Meowscarada, L50, M|\n|poke|p2|Dragapult, L50, F|\n|poke|p2|Milotic, L50, F|\n|poke|p2|Corviknight, L50, F|\n|poke|p2|Delphox, L50, F|\n|poke|p2|Garchomp, L50, M|\n|teampreview|4\n|showteam|p1|Meganium||Meganiumite|LeafGuard|DazzlingGleam,WeatherBall,Protect,SolarBeam|||M|||50|]Aerodactyl||FocusSash|Unnerve|Tailwind,RockSlide,DualWingbeat,Protect|||M|||50|]Politoed||Leftovers|Drizzle|WeatherBall,IcyWind,PerishSong,Protect|||F|||50|]Basculegion||ChoiceScarf|Adaptability|WaveCrash,LastRespects,FlipTurn,IcyWind|||M|||50|]Archaludon||MetalCoat|Stalwart|ElectroShot,FlashCannon,DracoMeteor,Protect|||F|||50|]Gengar||Gengarite|CursedBody|Protect,ShadowBall,Substitute,PerishSong|||F|||50|\n|showteam|p2|Meowscarada||ChoiceScarf|Protean|FlowerTrick,ThroatChop,Uturn,LowKick|||M|||50|]Dragapult||FocusSash|ClearBody|PhantomForce,DragonDarts,PsychicFangs,Protect|||F|||50|]Milotic||SitrusBerry|Competitive|Scald,IcyWind,Recover,HelpingHand|||F|||50|]Corviknight||Leftovers|Unnerve|BodyPress,IronHead,IronDefense,Roost|||F|||50|]Delphox||Delphoxite|Blaze|HeatWave,Psychic,Encore,Protect|||F|||50|]Garchomp||SoftSand|RoughSkin|Earthquake,DragonClaw,RockSlide,Protect|||M|||50|\n|inactive|Battle timer is ON: inactive players will automatically lose when time's up. (requested by holdingb)\n|inactive|holdingb has 60 seconds left.\n|\n|t:|1776633951\n|teamsize|p1|4\n|teamsize|p2|4\n|start\n|switch|p1a: gen 1 fossil meta|Aerodactyl, L50, M|100/100\n|switch|p1b: politoe|Politoed, L50, F, shiny|100/100\n|switch|p2a: Meowscarada|Meowscarada, L50, M|100/100\n|switch|p2b: Dragapult|Dragapult, L50, F|100/100\n|-ability|p1a: gen 1 fossil meta|Unnerve\n|-weather|RainDance|[from] ability: Drizzle|[of] p1b: politoe\n|turn|1\n|\n|t:|1776633971\n|move|p1a: gen 1 fossil meta|Protect|p1a: gen 1 fossil meta\n|-singleturn|p1a: gen 1 fossil meta|Protect\n|move|p2a: Meowscarada|Flower Trick|p1a: gen 1 fossil meta\n|-start|p2a: Meowscarada|typechange|Grass|[from] ability: Protean\n|-activate|p1a: gen 1 fossil meta|move: Protect\n|move|p2b: Dragapult|Dragon Darts|p1b: politoe\n|-damage|p1b: politoe|78/100\n|-anim|p2b: Dragapult|Dragon Darts|p1b: politoe\n|-damage|p1b: politoe|56/100\n|move|p1b: politoe|Icy Wind|p2a: Meowscarada|[spread] p2a,p2b\n|-supereffective|p2a: Meowscarada|1\n|-supereffective|p2b: Dragapult|1\n|-damage|p2a: Meowscarada|72/100\n|-damage|p2b: Dragapult|77/100\n|-unboost|p2a: Meowscarada|spe|1\n|\n|-weather|RainDance|[upkeep]\n|-heal|p1b: politoe|62/100|[from] item: Leftovers\n|upkeep\n|turn|2\n|inactive|nessas bro has 30 seconds left.\n|inactive|holdingb has 30 seconds left.\n|inactive|holdingb has 20 seconds left.\n|inactive|holdingb has 15 seconds left.\n|inactive|holdingb has 10 seconds left.\n|\n|t:|1776634019\n|switch|p1b: flower dino|Meganium, L50, M|100/100\n|move|p2b: Dragapult|Phantom Force||[still]\n|-prepare|p2b: Dragapult|Phantom Force\n|move|p1a: gen 1 fossil meta|Dual Wingbeat|p2a: Meowscarada\n|-supereffective|p2a: Meowscarada|1\n|-damage|p2a: Meowscarada|19/100\n|-supereffective|p2a: Meowscarada|1\n|-damage|p2a: Meowscarada|0 fnt\n|faint|p2a: Meowscarada\n|-hitcount|p2: Meowscarada|2\n|\n|-weather|RainDance|[upkeep]\n|upkeep\n|\n|t:|1776634031\n|switch|p2a: Delphox|Delphox, L50, F|100/100\n|turn|3\n|\n|t:|1776634055\n|detailschange|p2a: Delphox|Delphox-Mega, L50, F\n|-mega|p2a: Delphox|Delphox|Delphoxite\n|move|p1b: flower dino|Protect|p1b: flower dino\n|-singleturn|p1b: flower dino|Protect\n|move|p2b: Dragapult|Phantom Force|p1a: gen 1 fossil meta|[from] lockedmove\n|-damage|p1a: gen 1 fossil meta|32/100\n|move|p2a: Delphox|Psychic|p1a: gen 1 fossil meta\n|-damage|p1a: gen 1 fossil meta|0 fnt\n|faint|p1a: gen 1 fossil meta\n|\n|-weather|RainDance|[upkeep]\n|upkeep\n|\n|t:|1776634063\n|switch|p1a: big feesh|Basculegion, L50, M, shiny|100/100\n|turn|4\n|\n|t:|1776634085\n|detailschange|p1b: flower dino|Meganium-Mega, L50, M\n|-mega|p1b: flower dino|Meganium|Meganiumite\n|move|p2a: Delphox|Protect|p2a: Delphox\n|-singleturn|p2a: Delphox|Protect\n|move|p2b: Dragapult|Phantom Force||[still]\n|-prepare|p2b: Dragapult|Phantom Force\n|move|p1a: big feesh|Wave Crash|p2a: Delphox\n|-activate|p2a: Delphox|move: Protect\n|move|p1b: flower dino|Dazzling Gleam|p2a: Delphox|[spread] \n|-miss|p1b: flower dino|p2b: Dragapult\n|-activate|p2a: Delphox|move: Protect\n|\n|-weather|RainDance|[upkeep]\n|upkeep\n|turn|5\n|inactive|nessas bro has 30 seconds left.\n|\n|t:|1776634115\n|switch|p2a: Garchomp|Garchomp, L50, M|100/100\n|move|p1b: flower dino|Protect|p1b: flower dino\n|-singleturn|p1b: flower dino|Protect\n|move|p2b: Dragapult|Phantom Force|p1a: big feesh|[from] lockedmove\n|-supereffective|p1a: big feesh|1\n|-crit|p1a: big feesh\n|-damage|p1a: big feesh|0 fnt\n|faint|p1a: big feesh\n|\n|-weather|none\n|upkeep\n|c|\u2606nessas bro|ITS FASTER WHAT\n|\n|t:|1776634127\n|switch|p1a: politoe|Politoed, L50, F, shiny|62/100\n|-weather|RainDance|[from] ability: Drizzle|[of] p1a: politoe\n|turn|6\n|c|\u2606nessas bro|okay\n|c|\u2606nessas bro|misplay on my part\n|c|\u2606holdingb|dragapult hits 213\n|c|\u2606holdingb|are you adamant scarf?\n|c|\u2606nessas bro|jolly\n|inactive|nessas bro has 30 seconds left.\n|inactive|holdingb has 30 seconds left.\n|c|\u2606holdingb|oh, weird\n|inactive|holdingb has 20 seconds left.\n|\n|t:|1776634166\n|move|p2a: Garchomp|Protect|p2a: Garchomp\n|-singleturn|p2a: Garchomp|Protect\n|move|p2b: Dragapult|Phantom Force||[still]\n|-prepare|p2b: Dragapult|Phantom Force\n|move|p1b: flower dino|Dazzling Gleam|p2a: Garchomp|[spread] \n|-miss|p1b: flower dino|p2b: Dragapult\n|-activate|p2a: Garchomp|move: Protect\n|move|p1a: politoe|Icy Wind|p2a: Garchomp|[spread] \n|-miss|p1a: politoe|p2b: Dragapult\n|-activate|p2a: Garchomp|move: Protect\n|\n|-weather|RainDance|[upkeep]\n|-heal|p1a: politoe|68/100|[from] item: Leftovers\n|upkeep\n|turn|7\n|c|\u2606nessas bro|ts fcking dragpult\n|c|\u2606nessas bro|is pissing me off\n|\n|t:|1776634183\n|move|p1b: flower dino|Protect|p1b: flower dino\n|-singleturn|p1b: flower dino|Protect\n|move|p2b: Dragapult|Phantom Force|p1a: politoe|[from] lockedmove\n|-damage|p1a: politoe|26/100\n|move|p2a: Garchomp|Earthquake|p1a: politoe|[spread] p2b,p1a\n|-activate|p1b: flower dino|move: Protect\n|-crit|p1a: politoe\n|-damage|p2b: Dragapult|4/100\n|-damage|p1a: politoe|0 fnt\n|faint|p1a: politoe\n|\n|-weather|RainDance|[upkeep]\n|upkeep\n|turn|8\n|c|\u2606nessas bro|...\n|c|\u2606nessas bro|right\n|c|\u2606nessas bro|um\n|inactive|nessas bro has 30 seconds left.\n|c|\u2606nessas bro|im going to file a law to kill pult um\n|\n|t:|1776634214\n|move|p2b: Dragapult|Phantom Force||[still]\n|-prepare|p2b: Dragapult|Phantom Force\n|move|p2a: Garchomp|Rock Slide|p1b: flower dino\n|-damage|p1b: flower dino|75/100\n|move|p1b: flower dino|Dazzling Gleam|p2a: Garchomp|[spread] p2a\n|-miss|p1b: flower dino|p2b: Dragapult\n|-supereffective|p2a: Garchomp|1\n|-damage|p2a: Garchomp|18/100\n|\n|-weather|RainDance|[upkeep]\n|upkeep\n|turn|9\n|\n|t:|1776634222\n|move|p2b: Dragapult|Phantom Force|p1b: flower dino|[from] lockedmove\n|-damage|p1b: flower dino|34/100\n|move|p2a: Garchomp|Rock Slide|p1b: flower dino\n|-damage|p1b: flower dino|7/100\n|cant|p1b: flower dino|flinch\n|\n|-weather|RainDance|[upkeep]\n|upkeep\n|turn|10\n|c|\u2606nessas bro|...\n|c|\u2606holdingb|this was just not your game, my b\n|c|\u2606nessas bro|couldnt even have the honour of the double ko\n|\n|t:|1776634243\n|move|p2b: Dragapult|Psychic Fangs|p1b: flower dino\n|-damage|p1b: flower dino|0 fnt\n|faint|p1b: flower dino\n|\n|win|holdingb\n|n|\u2606nessas bro|nessasbro\n|n|\u2606holdingb|holdingb\n",
  "uploadtime": 1776634247,
  "views": 8,
  "formatid": "gen9championsvgc2026regma",
  "rating": null,
  "private": 0,
  "password": null
}