{
  "id": "gen9championsvgc2026regma-2586752945",
  "format": "[Gen 9 Champions] VGC 2026 Reg M-A",
  "players": [
    "Snowball_seer",
    "dkapflzksh"
  ],
  "log": "|j|\u2606Snowball_seer\n|j|\u2606dkapflzksh\n|t:|1776457171\n|gametype|doubles\n|player|p1|Snowball_seer|allister-masters|1487\n|player|p2|dkapflzksh|scientist-gen4dp|1539\n|gen|9\n|tier|[Gen 9 Champions] VGC 2026 Reg M-A\n|rated|\n|rule|Species Clause: Limit one of each Pok\u00e9mon\n|rule|Item Clause: Limit 1 of each item\n|clearpoke\n|poke|p1|Delphox, L50, F|\n|poke|p1|Garchomp, L50, F|\n|poke|p1|Rotom-Wash, L50|\n|poke|p1|Sneasler, L50, F|\n|poke|p1|Meowscarada, L50, F|\n|poke|p1|Clefable, L50, F|\n|poke|p2|Basculegion, L50, M|\n|poke|p2|Dragonite, L50, M|\n|poke|p2|Archaludon, L50, F|\n|poke|p2|Pelipper, L50, F|\n|poke|p2|Floette-Eternal, L50, F|\n|poke|p2|Kingambit, L50, F|\n|teampreview|4\n|inactive|Battle timer is ON: inactive players will automatically lose when time's up. (requested by Snowball_seer)\n|j| Choklit Milk\n|l| Choklit Milk\n|inactive|dkapflzksh has 60 seconds left.\n|\n|t:|1776457236\n|teamsize|p1|4\n|teamsize|p2|4\n|start\n|switch|p1a: Sneasler|Sneasler, L50, F|100/100\n|switch|p1b: Rotom|Rotom-Wash, L50|100/100\n|switch|p2a: Pelipper|Pelipper, L50, F, shiny|100/100\n|switch|p2b: Basculegion|Basculegion, L50, M, shiny|100/100\n|-weather|RainDance|[from] ability: Drizzle|[of] p2a: Pelipper\n|turn|1\n|\n|t:|1776457259\n|move|p1a: Sneasler|Protect|p1a: Sneasler\n|-singleturn|p1a: Sneasler|Protect\n|move|p1b: Rotom|Electroweb|p2b: Basculegion|[spread] p2a,p2b\n|-supereffective|p2a: Pelipper|2\n|-supereffective|p2b: Basculegion|1\n|-enditem|p2a: Pelipper|Focus Sash\n|-damage|p2a: Pelipper|1/100\n|-damage|p2b: Basculegion|60/100\n|-unboost|p2a: Pelipper|spe|1\n|-unboost|p2b: Basculegion|spe|1\n|move|p2b: Basculegion|Liquidation|p1a: Sneasler\n|-activate|p1a: Sneasler|move: Protect\n|move|p2a: Pelipper|Tailwind|p2a: Pelipper\n|-sidestart|p2: dkapflzksh|move: Tailwind\n|\n|-weather|RainDance|[upkeep]\n|upkeep\n|turn|2\n|inactive|Snowball_seer has 30 seconds left.\n|inactive|dkapflzksh has 30 seconds left.\n|\n|t:|1776457291\n|switch|p1a: Garchomp|Garchomp, L50, F|100/100\n|switch|p2a: Archaludon|Archaludon, L50, F, shiny|100/100\n|move|p2b: Basculegion|Liquidation|p1a: Garchomp\n|-damage|p1a: Garchomp|20/100\n|-damage|p2b: Basculegion|48/100|[from] ability: Rough Skin|[of] p1a: Garchomp\n|move|p1b: Rotom|Electroweb|p2b: Basculegion|[spread] p2a,p2b\n|-resisted|p2a: Archaludon|1\n|-supereffective|p2b: Basculegion|1\n|-damage|p2a: Archaludon|92/100\n|-damage|p2b: Basculegion|7/100\n|-unboost|p2a: Archaludon|spe|1\n|-unboost|p2b: Basculegion|spe|1\n|-ability|p2a: Archaludon|Stamina|boost\n|-boost|p2a: Archaludon|def|1\n|\n|-weather|RainDance|[upkeep]\n|-heal|p2a: Archaludon|98/100|[from] item: Leftovers\n|upkeep\n|turn|3\n|inactive|Snowball_seer has 30 seconds left.\n|inactive|dkapflzksh has 30 seconds left.\n|\n|t:|1776457334\n|switch|p1b: Meowscarada|Meowscarada, L50, F|100/100\n|switch|p2b: Dragonite|Dragonite, L50, M, shiny|100/100\n|move|p1a: Garchomp|Protect|p1a: Garchomp\n|-singleturn|p1a: Garchomp|Protect\n|move|p2a: Archaludon|Dragon Pulse|p1a: Garchomp\n|-activate|p1a: Garchomp|move: Protect\n|\n|-weather|RainDance|[upkeep]\n|-heal|p2a: Archaludon|100/100|[from] item: Leftovers\n|upkeep\n|turn|4\n|inactive|dkapflzksh has 30 seconds left.\n|\n|t:|1776457359\n|switch|p1a: Rotom|Rotom-Wash, L50|100/100\n|detailschange|p2b: Dragonite|Dragonite-Mega, L50, M, shiny\n|-mega|p2b: Dragonite|Dragonite|Dragoninite\n|move|p2b: Dragonite|Hurricane|p1b: Meowscarada\n|-supereffective|p1b: Meowscarada|1\n|-enditem|p1b: Meowscarada|Focus Sash\n|-damage|p1b: Meowscarada|1/100\n|-start|p1b: Meowscarada|confusion\n|-activate|p1b: Meowscarada|confusion\n|-damage|p1b: Meowscarada|0 fnt|[from] confusion\n|faint|p1b: Meowscarada\n|move|p2a: Archaludon|Dragon Pulse|p1a: Rotom\n|-damage|p1a: Rotom|49/100\n|\n|-weather|RainDance|[upkeep]\n|-sideend|p2: dkapflzksh|move: Tailwind\n|upkeep\n|\n|t:|1776457374\n|switch|p1b: Sneasler|Sneasler, L50, F|100/100\n|turn|5\n|\n|t:|1776457395\n|move|p1b: Sneasler|Protect|p1b: Sneasler\n|-singleturn|p1b: Sneasler|Protect\n|move|p1a: Rotom|Thunderbolt|p2b: Dragonite\n|-damage|p2b: Dragonite|83/100\n|move|p2b: Dragonite|Hurricane|p1b: Sneasler\n|-activate|p1b: Sneasler|move: Protect\n|move|p2a: Archaludon|Electro Shot||[still]\n|-prepare|p2a: Archaludon|Electro Shot\n|-boost|p2a: Archaludon|spa|1\n|-anim|p2a: Archaludon|Electro Shot|p1a: Rotom\n|-crit|p1a: Rotom\n|-damage|p1a: Rotom|0 fnt\n|faint|p1a: Rotom\n|\n|-weather|none\n|upkeep\n|\n|t:|1776457402\n|switch|p1a: Garchomp|Garchomp, L50, F|20/100\n|turn|6\n|\n|t:|1776457413\n|move|p1b: Sneasler|Close Combat|p2a: Archaludon\n|-supereffective|p2a: Archaludon|1\n|-damage|p2a: Archaludon|37/100\n|-unboost|p1b: Sneasler|def|1\n|-unboost|p1b: Sneasler|spd|1\n|-ability|p2a: Archaludon|Stamina|boost\n|-boost|p2a: Archaludon|def|1\n|-enditem|p1b: Sneasler|White Herb\n|-clearnegativeboost|p1b: Sneasler|[silent]\n|move|p1a: Garchomp|Dragon Claw|p2b: Dragonite\n|-supereffective|p2b: Dragonite|1\n|-damage|p2b: Dragonite|5/100\n|move|p2b: Dragonite|Hurricane|p1b: Sneasler|[miss]\n|-miss|p2b: Dragonite|p1b: Sneasler\n|move|p2a: Archaludon|Dragon Pulse|p1a: Garchomp\n|-supereffective|p1a: Garchomp|1\n|-damage|p1a: Garchomp|0 fnt\n|faint|p1a: Garchomp\n|\n|-heal|p2a: Archaludon|43/100|[from] item: Leftovers\n|upkeep\n|turn|7\n|\n|t:|1776457432\n|move|p1b: Sneasler|Dire Claw|p2b: Dragonite\n|-damage|p2b: Dragonite|0 fnt\n|faint|p2b: Dragonite\n|move|p2a: Archaludon|Dragon Pulse|p1b: Sneasler\n|-damage|p1b: Sneasler|20/100\n|\n|-heal|p2a: Archaludon|49/100|[from] item: Leftovers\n|upkeep\n|-message|Snowball_seer forfeited.\n|\n|win|dkapflzksh\n|raw|Snowball_seer's rating: 1487 &rarr; <strong>1470</strong><br />(-17 for losing)\n|raw|dkapflzksh's rating: 1539 &rarr; <strong>1556</strong><br />(+17 for winning)\n",
  "uploadtime": 1776457436,
  "views": 63,
  "formatid": "gen9championsvgc2026regma",
  "rating": 1470,
  "private": 0,
  "password": null
}