{
  "id": "gen9championsvgc2026regma-2580659418",
  "format": "[Gen 9 Champions] VGC 2026 Reg M-A",
  "players": [
    "lolgz",
    "pokim19"
  ],
  "log": "|j|\u2606lolgz\n|j|\u2606pokim19\n|t:|1775922062\n|gametype|doubles\n|player|p1|lolgz|265|\n|player|p2|pokim19|102|\n|gen|9\n|tier|[Gen 9 Champions] VGC 2026 Reg M-A\n|rated|Tournament battle\n|rule|Species Clause: Limit one of each Pok\u00e9mon\n|rule|Item Clause: Limit 1 of each item\n|raw|<div class=\"infobox\"><details class=\"readmore\" open><summary><strong>1 custom rule:</strong></summary> Force Open Team Sheets</details></div>\n|clearpoke\n|poke|p1|Charizard, L50, F|\n|poke|p1|Whimsicott, L50, F|\n|poke|p1|Basculegion, L50, M|\n|poke|p1|Farigiraf, L50, F|\n|poke|p1|Sneasler, L50, F|\n|poke|p1|Floette-Eternal, L50, F|\n|poke|p2|Glimmora, L50, M|\n|poke|p2|Chesnaught, L50, M|\n|poke|p2|Incineroar, L50, M|\n|poke|p2|Sinistcha, L50|\n|poke|p2|Klefki, L50, F|\n|poke|p2|Basculegion, L50, M|\n|teampreview|4\n|showteam|p1|Charizard||CharizarditeY|SolarPower|WeatherBall,HeatWave,SolarBeam,Protect|||F|||50|]Whimsicott||FocusSash|Prankster|Moonblast,Tailwind,SunnyDay,Encore|||F|||50|]Basculegion||ChoiceScarf|Adaptability|WaveCrash,AquaJet,LastRespects,FlipTurn|||M|||50|]Farigiraf||SitrusBerry|ArmorTail|Psychic,HyperVoice,HelpingHand,TrickRoom|||F|||50|]Sneasler||WhiteHerb|Unburden|FakeOut,CloseCombat,DireClaw,ThroatChop|||F|||50|]Floette-Eternal||Floettite|FlowerVeil|DazzlingGleam,LightofRuin,Moonblast,Protect|||F|||50|\n|showteam|p2|Glimmora||FocusSash|ToxicDebris|MortalSpin,SludgeBomb,PowerGem,SpikyShield|||M|||50|]Chesnaught||Chesnaughtite|Bulletproof|BodyPress,LeechSeed,SpikyShield,WideGuard|||M|||50|]Incineroar||SitrusBerry|Intimidate|FakeOut,FlareBlitz,PartingShot,DarkestLariat|||M|||50|]Sinistcha||OccaBerry|Hospitality|RagePowder,MatchaGotcha,StrengthSap,Protect||||||50|]Klefki||MentalHerb|Prankster|LightScreen,Reflect,ThunderWave,Psychic|||F|||50|]Basculegion||ChoiceScarf|Adaptability|FlipTurn,WaveCrash,LastRespects,IceFang|||M|||50|\n|inactive|Battle timer is ON: inactive players will automatically lose when time's up. (requested by pokim19)\n|c|\u2606pokim19|Glhf\n|inactive|pokim19 has 60 seconds left.\n|\n|t:|1775922111\n|teamsize|p1|4\n|teamsize|p2|4\n|start\n|switch|p1a: Whimsicott|Whimsicott, L50, F|100/100\n|switch|p1b: Floette|Floette-Eternal, L50, F|100/100\n|switch|p2a: Glimmora|Glimmora, L50, M|100/100\n|switch|p2b: Basculegion|Basculegion, L50, M|100/100\n|turn|1\n|inactive|lolgz has 30 seconds left.\n|inactive|pokim19 has 30 seconds left.\n|j| z123z\n|\n|t:|1775922146\n|move|p1b: Floette|Protect|p1b: Floette\n|-singleturn|p1b: Floette|Protect\n|move|p1a: Whimsicott|Tailwind|p1a: Whimsicott\n|-sidestart|p1: lolgz|move: Tailwind\n|move|p2b: Basculegion|Flip Turn|p1a: Whimsicott\n|-resisted|p1a: Whimsicott|1\n|-damage|p1a: Whimsicott|70/100\n|\n|t:|1775922155\n|switch|p2b: Klefki|Klefki, L50, F|100/100|[from] Flip Turn\n|move|p2a: Glimmora|Mortal Spin|p1b: Floette|[spread] p1a\n|-activate|p1b: Floette|move: Protect\n|-supereffective|p1a: Whimsicott|2\n|-damage|p1a: Whimsicott|44/100\n|\n|upkeep\n|turn|2\n|j| imobile12345\n|l| imobile12345\n|inactive|pokim19 has 30 seconds left.\n|inactive|pokim19 has 20 seconds left.\n|\n|t:|1775922193\n|detailschange|p1b: Floette|Floette-Mega, L50, F\n|-mega|p1b: Floette|Floette|Floettite\n|-ability|p1b: Floette|Fairy Aura\n|move|p2b: Klefki|Light Screen|p2b: Klefki\n|-sidestart|p2: pokim19|move: Light Screen\n|move|p1a: Whimsicott|Moonblast|p2a: Glimmora\n|-resisted|p2a: Glimmora|1\n|-damage|p2a: Glimmora|82/100\n|move|p1b: Floette|Light of Ruin|p2a: Glimmora\n|-resisted|p2a: Glimmora|1\n|-damage|p2a: Glimmora|42/100\n|-damage|p1b: Floette|75/100|[from] Recoil\n|move|p2a: Glimmora|Sludge Bomb|p1b: Floette\n|-supereffective|p1b: Floette|1\n|-damage|p1b: Floette|0 fnt\n|faint|p1b: Floette\n|\n|upkeep\n|\n|t:|1775922202\n|switch|p1b: Sneasler|Sneasler, L50, F|100/100\n|turn|3\n|\n|t:|1775922216\n|move|p1a: Whimsicott|Moonblast|p2a: Glimmora\n|-resisted|p2a: Glimmora|1\n|-damage|p2a: Glimmora|29/100\n|move|p1b: Sneasler|Close Combat|p2b: Klefki\n|-damage|p2b: Klefki|27/100\n|-unboost|p1b: Sneasler|def|1\n|-unboost|p1b: Sneasler|spd|1\n|-enditem|p1b: Sneasler|White Herb\n|-clearnegativeboost|p1b: Sneasler|[silent]\n|move|p2a: Glimmora|Mortal Spin|p1a: Whimsicott|[spread] p1a,p1b\n|-supereffective|p1a: Whimsicott|2\n|-resisted|p1b: Sneasler|1\n|-damage|p1a: Whimsicott|17/100\n|-damage|p1b: Sneasler|97/100\n|-status|p1a: Whimsicott|psn\n|move|p2b: Klefki|Psychic|p1b: Sneasler\n|-supereffective|p1b: Sneasler|2\n|-damage|p1b: Sneasler|18/100\n|\n|-damage|p1a: Whimsicott|5/100 psn|[from] psn\n|upkeep\n|turn|4\n|\n|t:|1775922232\n|move|p2a: Glimmora|Spiky Shield|p2a: Glimmora\n|-singleturn|p2a: Glimmora|move: Protect\n|move|p2b: Klefki|Reflect|p2b: Klefki\n|-sidestart|p2: pokim19|Reflect\n|move|p1b: Sneasler|Throat Chop|p2a: Glimmora\n|-activate|p2a: Glimmora|move: Protect\n|-damage|p1b: Sneasler|6/100|[from] Spiky Shield|[of] p2a: Glimmora\n|move|p1a: Whimsicott|Moonblast|p2b: Klefki\n|-resisted|p2b: Klefki|1\n|-damage|p2b: Klefki|16/100\n|\n|-damage|p1a: Whimsicott|0 fnt|[from] psn\n|faint|p1a: Whimsicott\n|-sideend|p1: lolgz|move: Tailwind\n|upkeep\n|\n|t:|1775922234\n|switch|p1a: Basculegion|Basculegion, L50, M|100/100\n|turn|5\n|inactive|pokim19 has 30 seconds left.\n|\n|t:|1775922260\n|switch|p2a: Chesnaught|Chesnaught, L50, M|100/100\n|move|p2b: Klefki|Thunder Wave|p1a: Basculegion\n|-status|p1a: Basculegion|par\n|move|p1b: Sneasler|Close Combat|p2b: Klefki\n|-crit|p2b: Klefki\n|-damage|p2b: Klefki|0 fnt\n|-unboost|p1b: Sneasler|def|1\n|-unboost|p1b: Sneasler|spd|1\n|faint|p2b: Klefki\n|move|p1a: Basculegion|Last Respects|p2a: Chesnaught\n|-damage|p2a: Chesnaught|58/100\n|\n|upkeep\n|\n|t:|1775922277\n|switch|p2b: Basculegion|Basculegion, L50, M|100/100\n|turn|6\n|inactive|lolgz has 30 seconds left.\n|\n|t:|1775922308\n|detailschange|p2a: Chesnaught|Chesnaught-Mega, L50, M\n|-mega|p2a: Chesnaught|Chesnaught|Chesnaughtite\n|move|p1b: Sneasler|Dire Claw|p2a: Chesnaught\n|-supereffective|p2a: Chesnaught|1\n|-damage|p2a: Chesnaught|25/100\n|move|p2b: Basculegion|Last Respects|p1a: Basculegion\n|-supereffective|p1a: Basculegion|1\n|-damage|p1a: Basculegion|0 fnt\n|faint|p1a: Basculegion\n|move|p2a: Chesnaught|Body Press|p1b: Sneasler\n|-resisted|p1b: Sneasler|1\n|-damage|p1b: Sneasler|0 fnt\n|faint|p1b: Sneasler\n|\n|win|pokim19\n|n|\u2606lolgz|lolgz\n|n|\u2606pokim19|pokim19\n|n| z123z|z123z\n",
  "uploadtime": 1775922308,
  "views": 9,
  "formatid": "gen9championsvgc2026regma",
  "rating": null,
  "private": 0,
  "password": null
}