{
  "id": "gen9championsvgc2026regma-2585770340",
  "format": "[Gen 9 Champions] VGC 2026 Reg M-A",
  "players": [
    "benjiapollo",
    "EduarG4M3"
  ],
  "log": "|j|\u2606benjiapollo\n|j|\u2606EduarG4M3\n|t:|1776369401\n|gametype|doubles\n|player|p1|benjiapollo|giovanni|1388\n|player|p2|EduarG4M3|nate|1359\n|gen|9\n|tier|[Gen 9 Champions] VGC 2026 Reg M-A\n|rated|\n|rule|Species Clause: Limit one of each Pok\u00e9mon\n|rule|Item Clause: Limit 1 of each item\n|clearpoke\n|poke|p1|Basculegion, L50, M|\n|poke|p1|Charizard, L50, F|\n|poke|p1|Kingambit, L50, F|\n|poke|p1|Sneasler, L50, M|\n|poke|p1|Venusaur, L50, M|\n|poke|p1|Talonflame, L50, M|\n|poke|p2|Charizard, L50, M|\n|poke|p2|Venusaur, L50, M|\n|poke|p2|Whimsicott, L50, F|\n|poke|p2|Garchomp, L50, M|\n|poke|p2|Incineroar, L50, F|\n|poke|p2|Basculegion, L50, M|\n|teampreview|4\n|inactive|Battle timer is ON: inactive players will automatically lose when time's up. (requested by benjiapollo)\n|\n|t:|1776369425\n|teamsize|p1|4\n|teamsize|p2|4\n|start\n|switch|p1a: Talonflame|Talonflame, L50, M|100/100\n|switch|p1b: Charizard|Charizard, L50, F|100/100\n|switch|p2a: Garchomp|Garchomp, L50, M|100/100\n|switch|p2b: Whimsicott|Whimsicott, L50, F, shiny|100/100\n|turn|1\n|\n|t:|1776369442\n|detailschange|p1b: Charizard|Charizard-Mega-X, L50, F\n|-mega|p1b: Charizard|Charizard|Charizardite X\n|move|p1a: Talonflame|Tailwind|p1a: Talonflame\n|-sidestart|p1: benjiapollo|move: Tailwind\n|move|p2b: Whimsicott|Tailwind|p2b: Whimsicott\n|-sidestart|p2: EduarG4M3|move: Tailwind\n|move|p2a: Garchomp|Rock Slide|p1a: Talonflame|[spread] p1a\n|-miss|p2a: Garchomp|p1b: Charizard\n|-supereffective|p1a: Talonflame|2\n|-enditem|p1a: Talonflame|Focus Sash\n|-damage|p1a: Talonflame|1/100\n|move|p1b: Charizard|Dragon Claw|p2a: Garchomp\n|-supereffective|p2a: Garchomp|1\n|-damage|p2a: Garchomp|0 fnt\n|-damage|p1b: Charizard|88/100|[from] ability: Rough Skin|[of] p2a: Garchomp\n|faint|p2a: Garchomp\n|\n|upkeep\n|\n|t:|1776369459\n|switch|p2a: Incineroar|Incineroar, L50, F|100/100\n|-ability|p2a: Incineroar|Intimidate|boost\n|-unboost|p1a: Talonflame|atk|1\n|-unboost|p1b: Charizard|atk|1\n|turn|2\n|\n|t:|1776369481\n|move|p1a: Talonflame|Quick Guard|p1a: Talonflame\n|-singleturn|p1a: Talonflame|Quick Guard\n|move|p2a: Incineroar|Fake Out|p1a: Talonflame\n|-activate|p1a: Talonflame|move: Quick Guard\n|move|p2b: Whimsicott|Moonblast|p1b: Charizard\n|-damage|p1b: Charizard|53/100\n|move|p1b: Charizard|Brick Break|p2a: Incineroar\n|-supereffective|p2a: Incineroar|1\n|-damage|p2a: Incineroar|60/100\n|\n|upkeep\n|turn|3\n|\n|t:|1776369496\n|move|p1b: Charizard|Protect|p1b: Charizard\n|-singleturn|p1b: Charizard|Protect\n|move|p1a: Talonflame|Flare Blitz|p2b: Whimsicott\n|-supereffective|p2b: Whimsicott|1\n|-damage|p2b: Whimsicott|22/100\n|-damage|p1a: Talonflame|0 fnt|[from] Recoil\n|faint|p1a: Talonflame\n|move|p2b: Whimsicott|Moonblast|p1b: Charizard\n|-activate|p1b: Charizard|move: Protect\n|move|p2a: Incineroar|Darkest Lariat|p1b: Charizard\n|-activate|p1b: Charizard|move: Protect\n|\n|upkeep\n|\n|t:|1776369508\n|switch|p1a: Sneasler|Sneasler, L50, M|100/100\n|turn|4\n|\n|t:|1776369524\n|move|p2b: Whimsicott|Encore|p1b: Charizard\n|-start|p1b: Charizard|Encore\n|move|p1b: Charizard|Protect|p1b: Charizard\n|-singleturn|p1b: Charizard|Protect\n|move|p1a: Sneasler|Close Combat|p2a: Incineroar\n|-supereffective|p2a: Incineroar|1\n|-damage|p2a: Incineroar|0 fnt\n|-unboost|p1a: Sneasler|def|1\n|-unboost|p1a: Sneasler|spd|1\n|faint|p2a: Incineroar\n|-enditem|p1a: Sneasler|White Herb\n|-clearnegativeboost|p1a: Sneasler|[silent]\n|\n|-sideend|p2: EduarG4M3|move: Tailwind\n|-sideend|p1: benjiapollo|move: Tailwind\n|upkeep\n|\n|t:|1776369531\n|switch|p2a: Charizard|Charizard, L50, M, shiny|100/100\n|turn|5\n|\n|t:|1776369545\n|switch|p1b: Basculegion|Basculegion, L50, M|100/100\n|detailschange|p2a: Charizard|Charizard-Mega-Y, L50, M, shiny\n|-mega|p2a: Charizard|Charizard|Charizardite Y\n|-weather|SunnyDay|[from] ability: Drought|[of] p2a: Charizard\n|move|p2b: Whimsicott|Tailwind|p2b: Whimsicott\n|-sidestart|p2: EduarG4M3|move: Tailwind\n|move|p1a: Sneasler|Dire Claw|p2b: Whimsicott\n|-supereffective|p2b: Whimsicott|2\n|-damage|p2b: Whimsicott|0 fnt\n|faint|p2b: Whimsicott\n|move|p2a: Charizard|Heat Wave|p1b: Basculegion|[spread] p1a,p1b\n|-resisted|p1b: Basculegion|1\n|-damage|p1a: Sneasler|7/100\n|-damage|p1b: Basculegion|67/100\n|\n|-weather|SunnyDay|[upkeep]\n|upkeep\n|turn|6\n|\n|t:|1776369566\n|move|p1b: Basculegion|Aqua Jet|p2a: Charizard\n|-supereffective|p2a: Charizard|1\n|-damage|p2a: Charizard|62/100\n|move|p1a: Sneasler|Dire Claw|p2a: Charizard\n|-damage|p2a: Charizard|2/100\n|-status|p2a: Charizard|par\n|move|p2a: Charizard|Heat Wave|p1b: Basculegion|[spread] p1a,p1b\n|-crit|p1a: Sneasler\n|-resisted|p1b: Basculegion|1\n|-damage|p1a: Sneasler|0 fnt\n|-damage|p1b: Basculegion|27/100\n|-status|p1b: Basculegion|brn\n|faint|p1a: Sneasler\n|\n|-weather|SunnyDay|[upkeep]\n|-damage|p1b: Basculegion|20/100 brn|[from] brn\n|upkeep\n|-message|EduarG4M3 forfeited.\n|\n|win|benjiapollo\n|raw|benjiapollo's rating: 1388 &rarr; <strong>1406</strong><br />(+18 for winning)\n|raw|EduarG4M3's rating: 1359 &rarr; <strong>1341</strong><br />(-18 for losing)\n|l|\u2606EduarG4M3\n|player|p2|\n",
  "uploadtime": 1776369582,
  "views": 32,
  "formatid": "gen9championsvgc2026regma",
  "rating": 1341,
  "private": 0,
  "password": null
}