{
  "id": "gen9championsvgc2026regma-2584882644",
  "format": "[Gen 9 Champions] VGC 2026 Reg M-A",
  "players": [
    "Everest_Eternal",
    "Zelda04"
  ],
  "log": "|j|\u2606Everest_Eternal\n|j|\u2606Zelda04\n|t:|1776291265\n|gametype|doubles\n|player|p1|Everest_Eternal|n|1146\n|player|p2|Zelda04|depotagent|1080\n|gen|9\n|tier|[Gen 9 Champions] VGC 2026 Reg M-A\n|rated|\n|rule|Species Clause: Limit one of each Pok\u00e9mon\n|rule|Item Clause: Limit 1 of each item\n|clearpoke\n|poke|p1|Meowscarada, L50, M|\n|poke|p1|Zoroark-Hisui, L50, M|\n|poke|p1|Delphox, L50, M|\n|poke|p1|Incineroar, L50, M|\n|poke|p1|Froslass, L50, F|\n|poke|p1|Lucario, L50, F|\n|poke|p2|Feraligatr, L50, F|\n|poke|p2|Volcarona, L50, F|\n|poke|p2|Raichu, L50, M|\n|poke|p2|Tyranitar, L50, F|\n|poke|p2|Tauros, L50, M|\n|poke|p2|Aerodactyl, L50, F|\n|teampreview|4\nEverest_Eternal rejected open team sheets.\n|inactive|Battle timer is ON: inactive players will automatically lose when time's up. (requested by Everest_Eternal)\n|\n|t:|1776291306\n|teamsize|p1|4\n|teamsize|p2|4\n|start\n|switch|p1a: Meowscarada|Meowscarada, L50, M|100/100\n|switch|p1b: Froslass|Froslass, L50, F|100/100\n|switch|p2a: Aerodactyl|Aerodactyl, L50, F|100/100\n|switch|p2b: Feraligatr|Feraligatr, L50, F|100/100\n|-ability|p2a: Aerodactyl|Unnerve\n|turn|1\n|\n|t:|1776291325\n|detailschange|p2b: Feraligatr|Feraligatr-Mega, L50, F\n|-mega|p2b: Feraligatr|Feraligatr|Feraligite\n|move|p1a: Meowscarada|Triple Axel|p2b: Feraligatr\n|-start|p1a: Meowscarada|typechange|Ice|[from] ability: Protean\n|-damage|p2b: Feraligatr|93/100\n|-damage|p2b: Feraligatr|78/100\n|-damage|p2b: Feraligatr|57/100\n|-hitcount|p2b: Feraligatr|3\n|move|p2a: Aerodactyl|Tailwind|p2a: Aerodactyl\n|-sidestart|p2: Zelda04|move: Tailwind\n|move|p2b: Feraligatr|Double-Edge|p1b: Froslass\n|-enditem|p1b: Froslass|Focus Sash\n|-damage|p1b: Froslass|1/100\n|replace|p1b: Zoroark|Zoroark-Hisui, L50, M\n|-end|p1b: Zoroark|Illusion\n|-damage|p2b: Feraligatr|32/100|[from] Recoil\n|move|p1b: Zoroark|Icy Wind|p2b: Feraligatr|[spread] p2a,p2b\n|-supereffective|p2a: Aerodactyl|1\n|-damage|p2a: Aerodactyl|65/100\n|-damage|p2b: Feraligatr|20/100\n|-unboost|p2a: Aerodactyl|spe|1\n|-unboost|p2b: Feraligatr|spe|1\n|\n|upkeep\n|turn|2\n|\n|t:|1776291350\n|move|p2b: Feraligatr|Aqua Jet|p1b: Zoroark\n|-damage|p1b: Zoroark|0 fnt\n|faint|p1b: Zoroark\n|move|p1a: Meowscarada|Triple Axel|p2a: Aerodactyl\n|-supereffective|p2a: Aerodactyl|1\n|-damage|p2a: Aerodactyl|34/100\n|-supereffective|p2a: Aerodactyl|1\n|-damage|p2a: Aerodactyl|0 fnt\n|faint|p2a: Aerodactyl\n|-hitcount|p2: Aerodactyl|2\n|\n|upkeep\n|\n|t:|1776291363\n|switch|p2a: Volcarona|Volcarona, L50, F|100/100\n|switch|p1b: Froslass|Froslass, L50, F|100/100\n|turn|3\n|\n|t:|1776291374\n|detailschange|p1b: Froslass|Froslass-Mega, L50, F\n|-mega|p1b: Froslass|Froslass|Froslassite\n|-weather|Snowscape|[from] ability: Snow Warning|[of] p1b: Froslass\n|move|p2a: Volcarona|Heat Wave|p1a: Meowscarada|[spread] p1a,p1b\n|-supereffective|p1a: Meowscarada|1\n|-supereffective|p1b: Froslass|1\n|-damage|p1a: Meowscarada|0 fnt\n|-damage|p1b: Froslass|19/100\n|faint|p1a: Meowscarada\n|move|p1b: Froslass|Blizzard|p2b: Feraligatr|[spread] p2a,p2b\n|-resisted|p2a: Volcarona|1\n|-crit|p2a: Volcarona\n|-damage|p2a: Volcarona|71/100\n|-damage|p2b: Feraligatr|0 fnt\n|faint|p2b: Feraligatr\n|\n|-weather|Snowscape|[upkeep]\n|-heal|p2a: Volcarona|77/100|[from] item: Leftovers\n|upkeep\n|\n|t:|1776291390\n|switch|p1a: Lucario|Lucario, L50, F|100/100\n|switch|p2b: Tyranitar|Tyranitar, L50, F|100/100\n|-weather|Sandstorm|[from] ability: Sand Stream|[of] p2b: Tyranitar\n|turn|4\n|\n|t:|1776291400\n|move|p1b: Froslass|Protect|p1b: Froslass\n|-singleturn|p1b: Froslass|Protect\n|move|p2b: Tyranitar|Protect|p2b: Tyranitar\n|-singleturn|p2b: Tyranitar|Protect\n|move|p2a: Volcarona|Heat Wave|p1a: Lucario|[spread] p1a\n|-activate|p1b: Froslass|move: Protect\n|-supereffective|p1a: Lucario|1\n|-damage|p1a: Lucario|4/100\n|-status|p1a: Lucario|brn\n|move|p1a: Lucario|Circle Throw|p2b: Tyranitar\n|-activate|p2b: Tyranitar|move: Protect\n|\n|-weather|Sandstorm|[upkeep]\n|-damage|p2a: Volcarona|71/100|[from] Sandstorm\n|-damage|p1b: Froslass|13/100|[from] Sandstorm\n|-heal|p2a: Volcarona|77/100|[from] item: Leftovers\n|-damage|p1a: Lucario|0 fnt|[from] brn\n|faint|p1a: Lucario\n|-sideend|p2: Zelda04|move: Tailwind\n|upkeep\n|turn|5\n|\n|t:|1776291420\n|move|p1b: Froslass|Blizzard|p2b: Tyranitar|[spread] p2a,p2b\n|-resisted|p2a: Volcarona|1\n|-damage|p2a: Volcarona|57/100\n|-damage|p2b: Tyranitar|77/100\n|-status|p2a: Volcarona|frz\n|-curestatus|p2a: Volcarona|frz|[msg]\n|move|p2a: Volcarona|Heat Wave|p1b: Froslass\n|-supereffective|p1b: Froslass|1\n|-damage|p1b: Froslass|0 fnt\n|faint|p1b: Froslass\n|\n|win|Zelda04\n|raw|Everest_Eternal's rating: 1146 &rarr; <strong>1116</strong><br />(-30 for losing)\n|raw|Zelda04's rating: 1080 &rarr; <strong>1113</strong><br />(+33 for winning)\n|l|\u2606Everest_Eternal\n|player|p1|\n",
  "uploadtime": 1776291433,
  "views": 25,
  "formatid": "gen9championsvgc2026regma",
  "rating": 1113,
  "private": 0,
  "password": null
}