{
  "id": "gen9championsvgc2026regma-2588505507",
  "format": "[Gen 9 Champions] VGC 2026 Reg M-A",
  "players": [
    "OJ32",
    "gomb#360"
  ],
  "log": "|j|\u2606OJ32\n|j|\u2606gomb#360\n|t:|1776639680\n|gametype|doubles\n|player|p1|OJ32|1|1132\n|player|p2|gomb#360|102|1096\n|gen|9\n|tier|[Gen 9 Champions] VGC 2026 Reg M-A\n|rated|\n|rule|Species Clause: Limit one of each Pok\u00e9mon\n|rule|Item Clause: Limit 1 of each item\n|clearpoke\n|poke|p1|Sneasler, L50, F|\n|poke|p1|Garchomp, L50, F|\n|poke|p1|Sinistcha, L50|\n|poke|p1|Gardevoir, L50, F|\n|poke|p1|Aerodactyl, L50, M|\n|poke|p1|Milotic, L50, M|\n|poke|p2|Froslass, L50, F, shiny|\n|poke|p2|Rotom-Frost, L50, shiny|\n|poke|p2|Orthworm, L50, F, shiny|\n|poke|p2|Garchomp, L50, M, shiny|\n|poke|p2|Incineroar, L50, M, shiny|\n|poke|p2|Whimsicott, L50, M, shiny|\n|teampreview|4\n|inactive|Battle timer is ON: inactive players will automatically lose when time's up. (requested by OJ32)\n|\n|t:|1776639698\n|teamsize|p1|4\n|teamsize|p2|4\n|start\n|switch|p1a: Milotic|Milotic, L50, M|100/100\n|switch|p1b: Aerodactyl|Aerodactyl, L50, M|100/100\n|switch|p2a: Froslass|Froslass, L50, F, shiny|100/100\n|switch|p2b: Rotom|Rotom-Frost, L50, shiny|100/100\n|-ability|p1b: Aerodactyl|Unnerve\n|turn|1\n|\n|t:|1776639719\n|detailschange|p2a: Froslass|Froslass-Mega, L50, F, shiny\n|-mega|p2a: Froslass|Froslass|Froslassite\n|-weather|Snowscape|[from] ability: Snow Warning|[of] p2a: Froslass\n|move|p1b: Aerodactyl|Protect|p1b: Aerodactyl\n|-singleturn|p1b: Aerodactyl|Protect\n|move|p2b: Rotom|Blizzard|p1a: Milotic|[spread] p1a\n|-activate|p1b: Aerodactyl|move: Protect\n|-resisted|p1a: Milotic|1\n|-damage|p1a: Milotic|87/100\n|move|p2a: Froslass|Blizzard|p1a: Milotic|[spread] p1a\n|-activate|p1b: Aerodactyl|move: Protect\n|-resisted|p1a: Milotic|1\n|-damage|p1a: Milotic|69/100\n|-status|p1a: Milotic|frz\n|cant|p1a: Milotic|frz\n|\n|-weather|Snowscape|[upkeep]\n|-heal|p1a: Milotic|75/100 frz|[from] item: Leftovers\n|upkeep\n|turn|2\n|\n|t:|1776639743\n|move|p2b: Rotom|Blizzard|p1a: Milotic|[spread] p1a,p1b\n|-resisted|p1a: Milotic|1\n|-supereffective|p1b: Aerodactyl|1\n|-damage|p1a: Milotic|60/100 frz\n|-enditem|p1b: Aerodactyl|Focus Sash\n|-damage|p1b: Aerodactyl|1/100\n|move|p1b: Aerodactyl|Rock Slide|p2b: Rotom|[spread] p2a,p2b\n|-supereffective|p2a: Froslass|1\n|-supereffective|p2b: Rotom|1\n|-damage|p2a: Froslass|43/100\n|-damage|p2b: Rotom|58/100\n|cant|p2a: Froslass|flinch\n|cant|p1a: Milotic|frz\n|\n|-weather|Snowscape|[upkeep]\n|-heal|p1a: Milotic|67/100 frz|[from] item: Leftovers\n|upkeep\n|turn|3\n|inactive|gomb#360 has 30 seconds left.\n|\n|t:|1776639770\n|switch|p2a: Garchomp|Garchomp, L50, M, shiny|100/100\n|move|p1b: Aerodactyl|Protect|p1b: Aerodactyl\n|-singleturn|p1b: Aerodactyl|Protect\n|move|p2b: Rotom|Blizzard|p1a: Milotic|[spread] p1a\n|-activate|p1b: Aerodactyl|move: Protect\n|-resisted|p1a: Milotic|1\n|-damage|p1a: Milotic|52/100 frz\n|-curestatus|p1a: Milotic|frz|[msg]\n|move|p1a: Milotic|Icy Wind|p2a: Garchomp|[spread] p2a,p2b\n|-supereffective|p2a: Garchomp|2\n|-resisted|p2b: Rotom|1\n|-damage|p2a: Garchomp|48/100\n|-damage|p2b: Rotom|50/100\n|-unboost|p2a: Garchomp|spe|1\n|-unboost|p2b: Rotom|spe|1\n|\n|-weather|Snowscape|[upkeep]\n|-heal|p1a: Milotic|58/100|[from] item: Leftovers\n|upkeep\n|turn|4\n|inactive|gomb#360 has 30 seconds left.\n|inactive|gomb#360 has 20 seconds left.\n|inactive|gomb#360 has 15 seconds left.\n|inactive|gomb#360 has 10 seconds left.\n|inactive|gomb#360 has 5 seconds left.\n|\n|t:|1776639820\n|switch|p2b: Orthworm|Orthworm, L50, F, shiny|100/100\n|move|p1b: Aerodactyl|Rock Slide|p2a: Garchomp|[spread] p2a,p2b\n|-resisted|p2a: Garchomp|1\n|-resisted|p2b: Orthworm|1\n|-damage|p2a: Garchomp|37/100\n|-damage|p2b: Orthworm|90/100\n|move|p2a: Garchomp|Rock Slide|p1a: Milotic|[spread] p1a,p1b\n|-crit|p1a: Milotic\n|-supereffective|p1b: Aerodactyl|1\n|-damage|p1a: Milotic|32/100\n|-damage|p1b: Aerodactyl|0 fnt\n|faint|p1b: Aerodactyl\n|cant|p1a: Milotic|flinch\n|\n|-weather|Snowscape|[upkeep]\n|-heal|p1a: Milotic|39/100|[from] item: Leftovers\n|-heal|p2b: Orthworm|97/100|[from] item: Leftovers\n|upkeep\n|\n|t:|1776639832\n|switch|p1b: Gardevoir|Gardevoir, L50, F|100/100\n|turn|5\n|\n|t:|1776639843\n|detailschange|p1b: Gardevoir|Gardevoir-Mega, L50, F\n|-mega|p1b: Gardevoir|Gardevoir|Gardevoirite\n|move|p1b: Gardevoir|Protect|p1b: Gardevoir\n|-singleturn|p1b: Gardevoir|Protect\n|move|p2a: Garchomp|Earthquake|p1a: Milotic|[spread] p1a\n|-activate|p1b: Gardevoir|move: Protect\n|-heal|p2b: Orthworm|100/100|[from] ability: Earth Eater|[of] p2a: Garchomp\n|-damage|p1a: Milotic|4/100\n|move|p1a: Milotic|Icy Wind|p2a: Garchomp|[spread] p2a,p2b\n|-supereffective|p2a: Garchomp|2\n|-resisted|p2b: Orthworm|1\n|-damage|p2a: Garchomp|0 fnt\n|-damage|p2b: Orthworm|95/100\n|-unboost|p2b: Orthworm|spe|1\n|faint|p2a: Garchomp\n|move|p2b: Orthworm|Heavy Slam|p1b: Gardevoir\n|-activate|p1b: Gardevoir|move: Protect\n|\n|-weather|none\n|-heal|p1a: Milotic|10/100|[from] item: Leftovers\n|-heal|p2b: Orthworm|100/100|[from] item: Leftovers\n|upkeep\n|\n|t:|1776639865\n|switch|p2a: Froslass|Froslass-Mega, L50, F, shiny|43/100\n|-weather|Snowscape|[from] ability: Snow Warning|[of] p2a: Froslass\n|turn|6\n|\n|t:|1776639877\n|move|p2a: Froslass|Blizzard|p1b: Gardevoir|[spread] p1a,p1b\n|-resisted|p1a: Milotic|1\n|-damage|p1a: Milotic|0 fnt\n|-damage|p1b: Gardevoir|53/100\n|faint|p1a: Milotic\n|move|p1b: Gardevoir|Focus Blast|p2b: Orthworm\n|-supereffective|p2b: Orthworm|1\n|-damage|p2b: Orthworm|0 fnt\n|faint|p2b: Orthworm\n|\n|-weather|Snowscape|[upkeep]\n|upkeep\n|\n|t:|1776639888\n|switch|p1a: Sneasler|Sneasler, L50, F|100/100\n|switch|p2b: Rotom|Rotom-Frost, L50, shiny|50/100\n|turn|7\n|\n|t:|1776639907\n|move|p1a: Sneasler|Fake Out|p2b: Rotom\n|-damage|p2b: Rotom|38/100\n|cant|p2b: Rotom|flinch\n|move|p2a: Froslass|Shadow Ball|p1b: Gardevoir\n|-supereffective|p1b: Gardevoir|1\n|-damage|p1b: Gardevoir|0 fnt\n|faint|p1b: Gardevoir\n|\n|-weather|Snowscape|[upkeep]\n|upkeep\n|turn|8\n|\n|t:|1776639928\n|move|p2b: Rotom|Blizzard|p1a: Sneasler\n|-damage|p1a: Sneasler|34/100\n|move|p1a: Sneasler|Close Combat|p2b: Rotom\n|-supereffective|p2b: Rotom|1\n|-damage|p2b: Rotom|0 fnt\n|-unboost|p1a: Sneasler|def|1\n|-unboost|p1a: Sneasler|spd|1\n|faint|p2b: Rotom\n|-enditem|p1a: Sneasler|White Herb\n|-clearnegativeboost|p1a: Sneasler|[silent]\n|move|p2a: Froslass|Blizzard|p1a: Sneasler\n|-damage|p1a: Sneasler|0 fnt\n|faint|p1a: Sneasler\n|\n|win|gomb#360\n|raw|OJ32's rating: 1132 &rarr; <strong>1104</strong><br />(-28 for losing)\n|raw|gomb#360's rating: 1096 &rarr; <strong>1124</strong><br />(+28 for winning)\n",
  "uploadtime": 1776639928,
  "views": 7,
  "formatid": "gen9championsvgc2026regma",
  "rating": 1104,
  "private": 0,
  "password": null
}