{
  "id": "gen9championsvgc2026regma-2585095018",
  "format": "[Gen 9 Champions] VGC 2026 Reg M-A",
  "players": [
    "CarlyRa3Chespin",
    "Terypagos"
  ],
  "log": "|j|\u2606CarlyRa3Chespin\n|j|\u2606Terypagos\n|t:|1776311211\n|gametype|doubles\n|player|p1|CarlyRa3Chespin|101|1353\n|player|p2|Terypagos|turo-ai|1406\n|gen|9\n|tier|[Gen 9 Champions] VGC 2026 Reg M-A\n|rated|\n|rule|Species Clause: Limit one of each Pok\u00e9mon\n|rule|Item Clause: Limit 1 of each item\n|clearpoke\n|poke|p1|Floette-Eternal, L50, F|\n|poke|p1|Milotic, L50, F|\n|poke|p1|Garchomp, L50, F|\n|poke|p1|Corviknight, L50, M|\n|poke|p1|Tyranitar, L50, F|\n|poke|p1|Sneasler, L50, F|\n|poke|p2|Floette-Eternal, L50, F|\n|poke|p2|Aerodactyl, L50, M|\n|poke|p2|Garchomp, L50, M|\n|poke|p2|Incineroar, L50, F|\n|poke|p2|Basculegion, L50, M|\n|poke|p2|Sneasler, L50, F|\n|teampreview|4\n|j| CARtu348rjf90\n|j| gamalvgc?\n|inactive|Battle timer is ON: inactive players will automatically lose when time's up. (requested by CarlyRa3Chespin)\n|\n|t:|1776311268\n|teamsize|p1|4\n|teamsize|p2|4\n|start\n|switch|p1a: Sneasler|Sneasler, L50, F|100/100\n|switch|p1b: Floette|Floette-Eternal, L50, F|100/100\n|switch|p2a: Aerodactyl|Aerodactyl, L50, M|100/100\n|switch|p2b: Floette|Floette-Eternal, L50, F|100/100\n|-ability|p2a: Aerodactyl|Unnerve\n|-ability|p1a: Sneasler|Pressure\n|turn|1\n|l| gamalvgc?\n|\n|t:|1776311291\n|switch|p1a: Milotic|Milotic, L50, F, shiny|100/100\n|detailschange|p1b: Floette|Floette-Mega, L50, F\n|-mega|p1b: Floette|Floette|Floettite\n|-ability|p1b: Floette|Fairy Aura\n|move|p2b: Floette|Protect|p2b: Floette\n|-singleturn|p2b: Floette|Protect\n|move|p2a: Aerodactyl|Dual Wingbeat|p1a: Milotic\n|-damage|p1a: Milotic|84/100\n|-damage|p1a: Milotic|69/100\n|-hitcount|p1a: Milotic|2\n|move|p1b: Floette|Light of Ruin|p2b: Floette\n|-activate|p2b: Floette|move: Protect\n|\n|-heal|p1a: Milotic|75/100|[from] item: Leftovers\n|upkeep\n|turn|2\n|\n|t:|1776311312\n|detailschange|p2b: Floette|Floette-Mega, L50, F\n|-mega|p2b: Floette|Floette|Floettite\n|-ability|p2b: Floette|Fairy Aura\n|move|p2a: Aerodactyl|Tailwind|p2a: Aerodactyl\n|-sidestart|p2: Terypagos|move: Tailwind\n|move|p2b: Floette|Light of Ruin|p1b: Floette\n|-damage|p1b: Floette|1/100\n|-damage|p2b: Floette|46/100|[from] Recoil\n|move|p1b: Floette|Light of Ruin|p2b: Floette|[miss]\n|-miss|p1b: Floette|p2b: Floette\n|move|p1a: Milotic|Icy Wind|p2a: Aerodactyl|[spread] p2a,p2b\n|-supereffective|p2a: Aerodactyl|1\n|-damage|p2a: Aerodactyl|74/100\n|-damage|p2b: Floette|37/100\n|-unboost|p2a: Aerodactyl|spe|1\n|-unboost|p2b: Floette|spe|1\n|\n|-heal|p1a: Milotic|81/100|[from] item: Leftovers\n|upkeep\n|turn|3\n|inactive|CarlyRa3Chespin has 30 seconds left.\n|\n|t:|1776311339\n|move|p1b: Floette|Protect|p1b: Floette\n|-singleturn|p1b: Floette|Protect\n|move|p2a: Aerodactyl|Rock Slide|p1a: Milotic|[spread] p1a\n|-activate|p1b: Floette|move: Protect\n|-damage|p1a: Milotic|59/100\n|move|p2b: Floette|Moonblast|p1a: Milotic\n|-damage|p1a: Milotic|0 fnt\n|faint|p1a: Milotic\n|\n|upkeep\n|\n|t:|1776311353\n|switch|p1a: Sneasler|Sneasler, L50, F|100/100\n|-ability|p1a: Sneasler|Pressure\n|turn|4\n|\n|t:|1776311362\n|move|p1a: Sneasler|Fake Out|p2a: Aerodactyl\n|-resisted|p2a: Aerodactyl|1\n|-damage|p2a: Aerodactyl|63/100\n|cant|p2a: Aerodactyl|flinch\n|move|p2b: Floette|Dazzling Gleam|p1a: Sneasler|[spread] p1a,p1b\n|-damage|p1a: Sneasler|24/100\n|-damage|p1b: Floette|0 fnt\n|faint|p1b: Floette\n|\n|upkeep\n|\n|t:|1776311370\n|switch|p1b: Garchomp|Garchomp, L50, F|100/100\n|turn|5\n|-message|CarlyRa3Chespin forfeited.\n|\n|win|Terypagos\n|raw|CarlyRa3Chespin's rating: 1353 &rarr; <strong>1336</strong><br />(-17 for losing)\n|raw|Terypagos's rating: 1406 &rarr; <strong>1423</strong><br />(+17 for winning)\n|l|\u2606CarlyRa3Chespin\n|player|p1|\n|l|\u2606Terypagos\n|player|p2|\n|j|\u2606Terypagos\n|player|p2|Terypagos|turo-ai|\n",
  "uploadtime": 1776311404,
  "views": 31,
  "formatid": "gen9championsvgc2026regma",
  "rating": 1336,
  "private": 0,
  "password": null
}