{
  "id": "gen9championsvgc2026regma-2583296990",
  "format": "[Gen 9 Champions] VGC 2026 Reg M-A",
  "players": [
    "Idiot2000",
    "Dr Gaster PHD"
  ],
  "log": "|j|\u2606Idiot2000\n|j|\u2606Dr Gaster PHD\n|t:|1776164351\n|gametype|doubles\n|player|p1|Idiot2000|101|1087\n|player|p2|Dr Gaster PHD|ghetsis|1167\n|gen|9\n|tier|[Gen 9 Champions] VGC 2026 Reg M-A\n|rated|\n|rule|Species Clause: Limit one of each Pok\u00e9mon\n|rule|Item Clause: Limit 1 of each item\n|clearpoke\n|poke|p1|Alakazam, L50, M|\n|poke|p1|Drampa, L50, F|\n|poke|p1|Sinistcha, L50|\n|poke|p1|Pelipper, L50, F|\n|poke|p1|Basculegion, L50, M|\n|poke|p1|Scizor, L50, M|\n|poke|p2|Charizard, L50, F|\n|poke|p2|Venusaur, L50, M|\n|poke|p2|Whimsicott, L50, M|\n|poke|p2|Incineroar, L50, M|\n|poke|p2|Sneasler, L50, M|\n|poke|p2|Garchomp, L50, F|\n|teampreview|4\n|inactive|Battle timer is ON: inactive players will automatically lose when time's up. (requested by Idiot2000)\nDr Gaster PHD rejected open team sheets.\n|inactive|Dr Gaster PHD has 60 seconds left.\n|\n|t:|1776164410\n|teamsize|p1|4\n|teamsize|p2|4\n|start\n|switch|p1a: Alakazam|Alakazam, L50, M|100/100\n|switch|p1b: Drampa|Drampa, L50, F|100/100\n|switch|p2a: Life Ender|Garchomp, L50, F|100/100\n|switch|p2b: Death Bringer|Charizard, L50, F|100/100\n|-ability|p1b: Drampa|Cloud Nine\n|turn|1\n|inactive|Idiot2000 has 30 seconds left.\n|\n|t:|1776164445\n|detailschange|p2b: Death Bringer|Charizard-Mega-Y, L50, F\n|-mega|p2b: Death Bringer|Charizard|Charizardite Y\n|-weather|SunnyDay|[from] ability: Drought|[of] p2b: Death Bringer\n|move|p1b: Drampa|Protect|p1b: Drampa\n|-singleturn|p1b: Drampa|Protect\n|move|p1a: Alakazam|Reflect|p1a: Alakazam\n|-sidestart|p1: Idiot2000|Reflect\n|move|p2a: Life Ender|Earthquake|p1a: Alakazam|[spread] p1a\n|-activate|p1b: Drampa|move: Protect\n|-immune|p2b: Death Bringer\n|-crit|p1a: Alakazam\n|-damage|p1a: Alakazam|0 fnt\n|faint|p1a: Alakazam\n|move|p2b: Death Bringer|Heat Wave|p1b: Drampa\n|-activate|p1b: Drampa|move: Protect\n|\n|-weather|SunnyDay|[upkeep]\n|upkeep\n|\n|t:|1776164467\n|switch|p1a: Pelipper|Pelipper, L50, F|100/100\n|-weather|RainDance|[from] ability: Drizzle|[of] p1a: Pelipper\n|turn|2\n|inactive|Dr Gaster PHD has 30 seconds left.\n|\n|t:|1776164492\n|switch|p2b: Cotton Picker|Whimsicott, L50, M|100/100\n|detailschange|p1b: Drampa|Drampa-Mega, L50, F\n|-mega|p1b: Drampa|Drampa|Drampanite\n|move|p2a: Life Ender|Dragon Claw|p1b: Drampa\n|-supereffective|p1b: Drampa|1\n|-damage|p1b: Drampa|42/100\n|-ability|p1b: Drampa|Berserk|boost\n|-boost|p1b: Drampa|spa|1\n|move|p1a: Pelipper|Tailwind|p1a: Pelipper\n|-sidestart|p1: Idiot2000|move: Tailwind\n|move|p1b: Drampa|Hyper Voice|p2a: Life Ender|[spread] p2a,p2b\n|-damage|p2a: Life Ender|23/100\n|-enditem|p2b: Cotton Picker|Focus Sash\n|-damage|p2b: Cotton Picker|1/100\n|\n|-weather|RainDance|[upkeep]\n|upkeep\n|turn|3\n|\n|t:|1776164514\n|move|p1b: Drampa|Protect|p1b: Drampa\n|-singleturn|p1b: Drampa|Protect\n|move|p2b: Cotton Picker|Tailwind|p2b: Cotton Picker\n|-sidestart|p2: Dr Gaster PHD|move: Tailwind\n|move|p2a: Life Ender|Dragon Claw|p1b: Drampa\n|-activate|p1b: Drampa|move: Protect\n|move|p1a: Pelipper|Weather Ball|p2a: Life Ender\n|-damage|p2a: Life Ender|0 fnt\n|faint|p2a: Life Ender\n|\n|-weather|RainDance|[upkeep]\n|upkeep\n|\n|t:|1776164521\n|switch|p2a: Death Bringer|Charizard-Mega-Y, L50, F|100/100\n|-weather|SunnyDay|[from] ability: Drought|[of] p2a: Death Bringer\n|turn|4\n|\n|t:|1776164539\n|move|p1a: Pelipper|Protect|p1a: Pelipper\n|-singleturn|p1a: Pelipper|Protect\n|move|p2b: Cotton Picker|Moonblast|p1b: Drampa\n|-supereffective|p1b: Drampa|1\n|-damage|p1b: Drampa|0 fnt\n|faint|p1b: Drampa\n|move|p2a: Death Bringer|Heat Wave|p1a: Pelipper\n|-activate|p1a: Pelipper|move: Protect\n|\n|-weather|SunnyDay|[upkeep]\n|upkeep\n|\n|t:|1776164547\n|switch|p1b: Sinistcha|Sinistcha, L50|100/100\n|turn|5\n|inactive|Idiot2000 has 30 seconds left.\n|\n|t:|1776164575\n|move|p2b: Cotton Picker|Moonblast|p1a: Pelipper\n|-damage|p1a: Pelipper|48/100\n|move|p2a: Death Bringer|Heat Wave|p1b: Sinistcha|[spread] p1a,p1b\n|-resisted|p1a: Pelipper|1\n|-supereffective|p1b: Sinistcha|1\n|-damage|p1a: Pelipper|0 fnt\n|-damage|p1b: Sinistcha|0 fnt\n|faint|p1a: Pelipper\n|faint|p1b: Sinistcha\n|\n|win|Dr Gaster PHD\n|raw|Idiot2000's rating: 1087 &rarr; <strong>1069</strong><br />(-18 for losing)\n|raw|Dr Gaster PHD's rating: 1167 &rarr; <strong>1186</strong><br />(+19 for winning)\n|l|\u2606Idiot2000\n|player|p1|\n",
  "uploadtime": 1776164586,
  "views": 31,
  "formatid": "gen9championsvgc2026regma",
  "rating": 1069,
  "private": 0,
  "password": null
}