{
  "id": "gen9championsvgc2026regma-2586001435",
  "format": "[Gen 9 Champions] VGC 2026 Reg M-A",
  "players": [
    "silvermagicianvgc",
    "IsumiSagi0924"
  ],
  "log": "|j|\u2606silvermagicianvgc\n|j|\u2606IsumiSagi0924\n|t:|1776389135\n|gametype|doubles\n|player|p1|silvermagicianvgc|silver|1487\n|player|p2|IsumiSagi0924|caitlin|1513\n|gen|9\n|tier|[Gen 9 Champions] VGC 2026 Reg M-A\n|rated|\n|rule|Species Clause: Limit one of each Pok\u00e9mon\n|rule|Item Clause: Limit 1 of each item\n|clearpoke\n|poke|p1|Gengar, L50, F|\n|poke|p1|Incineroar, L50, M|\n|poke|p1|Sinistcha, L50|\n|poke|p1|Milotic, L50, F|\n|poke|p1|Sneasler, L50, F|\n|poke|p1|Maushold, L50|\n|poke|p2|Floette-Eternal, L50, F|\n|poke|p2|Garchomp, L50, F|\n|poke|p2|Kingambit, L50, F|\n|poke|p2|Incineroar, L50, M|\n|poke|p2|Basculegion, L50, M|\n|poke|p2|Sableye, L50, F|\n|teampreview|4\n|\n|t:|1776389194\n|teamsize|p1|4\n|teamsize|p2|4\n|start\n|switch|p1a: Gengar|Gengar, L50, F, shiny|100/100\n|switch|p1b: Milotic|Milotic, L50, F, shiny|100/100\n|switch|p2a: Basculegion|Basculegion, L50, M|100/100\n|switch|p2b: Garchomp|Garchomp, L50, F|100/100\n|turn|1\n|\n|t:|1776389227\n|detailschange|p1a: Gengar|Gengar-Mega, L50, F, shiny\n|-mega|p1a: Gengar|Gengar|Gengarite\n|move|p1a: Gengar|Protect|p1a: Gengar\n|-singleturn|p1a: Gengar|Protect\n|move|p2a: Basculegion|Flip Turn|p1a: Gengar\n|-activate|p1a: Gengar|move: Protect\n|move|p2b: Garchomp|Stomping Tantrum|p1a: Gengar\n|-activate|p1a: Gengar|move: Protect\n|move|p1b: Milotic|Ice Beam|p2b: Garchomp\n|-supereffective|p2b: Garchomp|2\n|-enditem|p2b: Garchomp|Focus Sash\n|-damage|p2b: Garchomp|1/100\n|\n|upkeep\n|turn|2\n|\n|t:|1776389255\n|switch|p1b: Incineroar|Incineroar, L50, M|100/100\n|-ability|p1b: Incineroar|Intimidate|boost\n|-unboost|p2a: Basculegion|atk|1\n|-unboost|p2b: Garchomp|atk|1\n|move|p2a: Basculegion|Flip Turn|p1b: Incineroar\n|-supereffective|p1b: Incineroar|1\n|-damage|p1b: Incineroar|65/100\n|\n|t:|1776389268\n|switch|p2a: Floette|Floette-Eternal, L50, F|100/100|[from] Flip Turn\n|move|p1a: Gengar|Shadow Ball|p2b: Garchomp\n|-damage|p2b: Garchomp|0 fnt\n|faint|p2b: Garchomp\n|\n|upkeep\n|\n|t:|1776389277\n|switch|p2b: Basculegion|Basculegion, L50, M|100/100\n|turn|3\n|\n|t:|1776389325\n|switch|p1a: Sneasler|Sneasler, L50, F|100/100\n|detailschange|p2a: Floette|Floette-Mega, L50, F\n|-mega|p2a: Floette|Floette|Floettite\n|-ability|p2a: Floette|Fairy Aura\n|move|p1b: Incineroar|Fake Out|p2a: Floette\n|-damage|p2a: Floette|90/100\n|move|p2b: Basculegion|Last Respects|p1a: Sneasler\n|-enditem|p1a: Sneasler|Focus Sash\n|-damage|p1a: Sneasler|1/100\n|cant|p2a: Floette|flinch\n|\n|upkeep\n|turn|4\n|\n|t:|1776389352\n|move|p1a: Sneasler|Protect|p1a: Sneasler\n|-singleturn|p1a: Sneasler|Protect\n|move|p2b: Basculegion|Last Respects|p1a: Sneasler\n|-activate|p1a: Sneasler|move: Protect\n|move|p2a: Floette|Calm Mind|p2a: Floette\n|-boost|p2a: Floette|spa|1\n|-boost|p2a: Floette|spd|1\n|move|p1b: Incineroar|Throat Chop|p2b: Basculegion\n|-supereffective|p2b: Basculegion|1\n|-damage|p2b: Basculegion|17/100\n|-start|p2b: Basculegion|Throat Chop|[silent]\n|\n|upkeep\n|turn|5\n|\n|t:|1776389398\n|move|p1b: Incineroar|Protect|p1b: Incineroar\n|-singleturn|p1b: Incineroar|Protect\n|move|p1a: Sneasler|U-turn|p2b: Basculegion\n|-resisted|p2b: Basculegion|1\n|-damage|p2b: Basculegion|2/100\n|\n|t:|1776389406\n|switch|p1a: Milotic|Milotic, L50, F, shiny|100/100|[from] U-turn\n|move|p2b: Basculegion|Last Respects|p1a: Milotic\n|-damage|p1a: Milotic|42/100\n|move|p2a: Floette|Dazzling Gleam|p1a: Milotic|[spread] p1a\n|-activate|p1b: Incineroar|move: Protect\n|-damage|p1a: Milotic|0 fnt\n|faint|p1a: Milotic\n|\n|-end|p2b: Basculegion|Throat Chop|[silent]\n|upkeep\n|\n|t:|1776389428\n|switch|p1a: Sneasler|Sneasler, L50, F|1/100\n|turn|6\n|\n|t:|1776389436\n|switch|p2b: Sableye|Sableye, L50, F|100/100\n|move|p1a: Sneasler|Protect|p1a: Sneasler\n|-singleturn|p1a: Sneasler|Protect\n|move|p2a: Floette|Protect|p2a: Floette\n|-singleturn|p2a: Floette|Protect\n|move|p1b: Incineroar|Throat Chop|p2b: Sableye\n|-damage|p2b: Sableye|59/100\n|-start|p2b: Sableye|Throat Chop|[silent]\n|\n|-heal|p2b: Sableye|65/100|[from] item: Leftovers\n|upkeep\n|turn|7\n|\n|t:|1776389474\n|switch|p1a: Gengar|Gengar-Mega, L50, F, shiny|100/100\n|move|p2b: Sableye|Fake Out|p1a: Gengar\n|-immune|p1a: Gengar\n|move|p2a: Floette|Dazzling Gleam|p1b: Incineroar|[spread] p1a,p1b\n|-resisted|p1a: Gengar|1\n|-damage|p1a: Gengar|57/100\n|-damage|p1b: Incineroar|4/100\n|move|p1b: Incineroar|Parting Shot|p2a: Floette\n|-unboost|p2a: Floette|atk|1\n|-unboost|p2a: Floette|spa|1\n|\n|t:|1776389484\n|switch|p1b: Sneasler|Sneasler, L50, F|1/100|[from] Parting Shot\n|\n|-heal|p2b: Sableye|71/100|[from] item: Leftovers\n|-end|p2b: Sableye|Throat Chop|[silent]\n|upkeep\n|turn|8\n|\n|t:|1776389517\n|move|p2a: Floette|Protect|p2a: Floette\n|-singleturn|p2a: Floette|Protect\n|move|p1b: Sneasler|Fake Out|p2a: Floette\n|-activate|p2a: Floette|move: Protect\n|move|p2b: Sableye|Thunder Wave|p1a: Gengar\n|-status|p1a: Gengar|par\n|move|p1a: Gengar|Shadow Ball|p2b: Sableye\n|-damage|p2b: Sableye|16/100\n|\n|-heal|p2b: Sableye|23/100|[from] item: Leftovers\n|upkeep\n|turn|9\n|\n|t:|1776389547\n|move|p1b: Sneasler|Protect|p1b: Sneasler\n|-singleturn|p1b: Sneasler|Protect\n|move|p2b: Sableye|Thunder Wave|p1b: Sneasler\n|-activate|p1b: Sneasler|move: Protect\n|move|p2a: Floette|Dazzling Gleam|p1b: Sneasler|[spread] p1a\n|-activate|p1b: Sneasler|move: Protect\n|-resisted|p1a: Gengar|1\n|-damage|p1a: Gengar|30/100 par\n|cant|p1a: Gengar|par\n|\n|-heal|p2b: Sableye|29/100|[from] item: Leftovers\n|upkeep\n|turn|10\n|-message|silvermagicianvgc forfeited.\n|\n|win|IsumiSagi0924\n|raw|silvermagicianvgc's rating: 1487 &rarr; <strong>1468</strong><br />(-19 for losing)\n|raw|IsumiSagi0924's rating: 1513 &rarr; <strong>1532</strong><br />(+19 for winning)\n|l|\u2606silvermagicianvgc\n|player|p1|\n",
  "uploadtime": 1776389564,
  "views": 31,
  "formatid": "gen9championsvgc2026regma",
  "rating": 1468,
  "private": 0,
  "password": null
}