{
  "id": "gen9championsvgc2026regma-2585029969",
  "format": "[Gen 9 Champions] VGC 2026 Reg M-A",
  "players": [
    "kingambit kahn",
    "emir123127"
  ],
  "log": "|j|\u2606kingambit kahn\n|j|\u2606emir123127\n|t:|1776304881\n|gametype|doubles\n|player|p1|kingambit kahn|roughneck|1087\n|player|p2|emir123127|scientist|1000\n|gen|9\n|tier|[Gen 9 Champions] VGC 2026 Reg M-A\n|rated|\n|rule|Species Clause: Limit one of each Pok\u00e9mon\n|rule|Item Clause: Limit 1 of each item\n|clearpoke\n|poke|p1|Blastoise, L50, F|\n|poke|p1|Maushold-Four, L50|\n|poke|p1|Pelipper, L50, F|\n|poke|p1|Meowscarada, L50, M|\n|poke|p1|Basculegion, L50, M|\n|poke|p1|Dragapult, L50, F|\n|poke|p2|Crabominable, L50, M|\n|poke|p2|Sinistcha-Masterpiece, L50|\n|poke|p2|Ninetales-Alola, L50, M|\n|poke|p2|Incineroar, L50, M|\n|poke|p2|Kleavor, L50, F|\n|poke|p2|Aegislash, L50, M|\n|teampreview|4\n|inactive|Battle timer is ON: inactive players will automatically lose when time's up. (requested by emir123127)\n|\n|t:|1776304900\n|teamsize|p1|4\n|teamsize|p2|4\n|start\n|switch|p1a: Blastoise|Blastoise, L50, F|100/100\n|switch|p1b: Maushold|Maushold-Four, L50|100/100\n|switch|p2a: Kleavor|Kleavor, L50, F|100/100\n|switch|p2b: Ninetales|Ninetales-Alola, L50, M|100/100\n|-weather|Snowscape|[from] ability: Snow Warning|[of] p2b: Ninetales\n|turn|1\n|\n|t:|1776304920\n|switch|p1b: Pelipper|Pelipper, L50, F|100/100\n|-weather|RainDance|[from] ability: Drizzle|[of] p1b: Pelipper\n|detailschange|p1a: Blastoise|Blastoise-Mega, L50, F\n|-mega|p1a: Blastoise|Blastoise|Blastoisinite\n|move|p2b: Ninetales|Icy Wind|p1b: Pelipper|[spread] p1a,p1b\n|-resisted|p1a: Blastoise|1\n|-damage|p1a: Blastoise|91/100\n|-damage|p1b: Pelipper|72/100\n|-unboost|p1a: Blastoise|spe|1\n|-unboost|p1b: Pelipper|spe|1\n|move|p2a: Kleavor|Lunge|p1a: Blastoise\n|-damage|p1a: Blastoise|44/100\n|-unboost|p1a: Blastoise|atk|1\n|move|p1a: Blastoise|Water Pulse|p2a: Kleavor\n|-supereffective|p2a: Kleavor|1\n|-damage|p2a: Kleavor|0 fnt\n|faint|p2a: Kleavor\n|\n|-weather|RainDance|[upkeep]\n|upkeep\n|\n|t:|1776304937\n|switch|p2a: Crabominable|Crabominable, L50, M, shiny|100/100\n|turn|2\n|\n|t:|1776304952\n|switch|p1a: Maushold|Maushold-Four, L50|100/100\n|move|p2a: Crabominable|Protect|p2a: Crabominable\n|-singleturn|p2a: Crabominable|Protect\n|move|p2b: Ninetales|Encore||[still]\n|-fail|p2b: Ninetales\n|move|p1b: Pelipper|Hurricane|p2a: Crabominable\n|-activate|p2a: Crabominable|move: Protect\n|\n|-weather|RainDance|[upkeep]\n|upkeep\n|turn|3\n|inactive|emir123127 has 30 seconds left.\n|\n|t:|1776304981\n|switch|p2a: Sinistcha|Sinistcha-Masterpiece, L50|100/100\n|move|p1a: Maushold|Follow Me|p1a: Maushold\n|-singleturn|p1a: Maushold|move: Follow Me\n|move|p2b: Ninetales|Icy Wind|p1a: Maushold|[spread] p1a,p1b\n|-damage|p1a: Maushold|78/100\n|-damage|p1b: Pelipper|49/100\n|-unboost|p1a: Maushold|spe|1\n|-unboost|p1b: Pelipper|spe|1\n|move|p1b: Pelipper|Hurricane|p2a: Sinistcha\n|-supereffective|p2a: Sinistcha|1\n|-damage|p2a: Sinistcha|6/100\n|\n|-weather|RainDance|[upkeep]\n|-heal|p2a: Sinistcha|12/100|[from] item: Leftovers\n|upkeep\n|turn|4\n|\n|t:|1776304995\n|switch|p2b: Crabominable|Crabominable, L50, M, shiny|100/100\n|move|p2a: Sinistcha|Protect|p2a: Sinistcha\n|-singleturn|p2a: Sinistcha|Protect\n|move|p1a: Maushold|Super Fang|p2b: Crabominable\n|-damage|p2b: Crabominable|50/100\n|move|p1b: Pelipper|Hurricane|p2a: Sinistcha\n|-activate|p2a: Sinistcha|move: Protect\n|\n|-weather|RainDance|[upkeep]\n|-heal|p2a: Sinistcha|18/100|[from] item: Leftovers\n|upkeep\n|turn|5\n|\n|t:|1776305017\n|switch|p1b: Dragapult|Dragapult, L50, F|100/100\n|switch|p2a: Ninetales|Ninetales-Alola, L50, M|100/100\n|-weather|Snowscape|[from] ability: Snow Warning|[of] p2a: Ninetales\n|detailschange|p2b: Crabominable|Crabominable-Mega, L50, M, shiny\n|-mega|p2b: Crabominable|Crabominable|Crabominite\n|move|p1a: Maushold|Follow Me|p1a: Maushold\n|-singleturn|p1a: Maushold|move: Follow Me\n|move|p2b: Crabominable|Drain Punch|p1a: Maushold\n|-supereffective|p1a: Maushold|1\n|-damage|p1a: Maushold|0 fnt\n|-heal|p2b: Crabominable|85/100|[from] drain|[of] p1a: Maushold\n|faint|p1a: Maushold\n|\n|-weather|Snowscape|[upkeep]\n|upkeep\n|\n|t:|1776305020\n|switch|p1a: Pelipper|Pelipper, L50, F|49/100\n|-weather|RainDance|[from] ability: Drizzle|[of] p1a: Pelipper\n|turn|6\n|inactive|kingambit kahn has 30 seconds left.\n|\n|t:|1776305045\n|switch|p2a: Sinistcha|Sinistcha-Masterpiece, L50|18/100\n|-heal|p2b: Crabominable|100/100|[from] ability: Hospitality|[of] p2a: Sinistcha\n|move|p2b: Crabominable|Protect|p2b: Crabominable\n|-singleturn|p2b: Crabominable|Protect\n|move|p1b: Dragapult|Phantom Force||[still]\n|-prepare|p1b: Dragapult|Phantom Force\n|move|p1a: Pelipper|Muddy Water|p2a: Sinistcha|[spread] p2a\n|-activate|p2b: Crabominable|move: Protect\n|-resisted|p2a: Sinistcha|1\n|-damage|p2a: Sinistcha|0 fnt\n|faint|p2a: Sinistcha\n|\n|-weather|RainDance|[upkeep]\n|upkeep\n|\n|t:|1776305050\n|switch|p2a: Ninetales|Ninetales-Alola, L50, M|100/100\n|-weather|Snowscape|[from] ability: Snow Warning|[of] p2a: Ninetales\n|turn|7\n|\n|t:|1776305061\n|switch|p1a: Blastoise|Blastoise-Mega, L50, F|44/100\n|move|p1b: Dragapult|Phantom Force|p2a: Ninetales|[from] lockedmove\n|-damage|p2a: Ninetales|55/100\n|move|p2a: Ninetales|Blizzard|p1a: Blastoise|[spread] p1a,p1b\n|-resisted|p1a: Blastoise|1\n|-supereffective|p1b: Dragapult|1\n|-damage|p1a: Blastoise|27/100\n|-damage|p1b: Dragapult|0 fnt\n|faint|p1b: Dragapult\n|move|p2b: Crabominable|Ice Hammer|p1a: Blastoise\n|-resisted|p1a: Blastoise|1\n|-damage|p1a: Blastoise|0 fnt\n|-unboost|p2b: Crabominable|spe|1\n|faint|p1a: Blastoise\n|\n|-weather|Snowscape|[upkeep]\n|upkeep\n|\n|t:|1776305066\n|switch|p1b: Pelipper|Pelipper, L50, F|49/100\n|-weather|RainDance|[from] ability: Drizzle|[of] p1b: Pelipper\n|turn|8\n|\n|t:|1776305081\n|move|p1b: Pelipper|Hurricane|p2a: Ninetales\n|-damage|p2a: Ninetales|0 fnt\n|faint|p2a: Ninetales\n|move|p2b: Crabominable|Drain Punch|p1b: Pelipper\n|-resisted|p1b: Pelipper|1\n|-damage|p1b: Pelipper|12/100\n|\n|-weather|RainDance|[upkeep]\n|upkeep\n|turn|9\n|\n|t:|1776305088\n|move|p1b: Pelipper|Hurricane|p2b: Crabominable\n|-supereffective|p2b: Crabominable|1\n|-crit|p2b: Crabominable\n|-damage|p2b: Crabominable|0 fnt\n|faint|p2b: Crabominable\n|\n|win|kingambit kahn\n|raw|kingambit kahn's rating: 1087 &rarr; <strong>1107</strong><br />(+20 for winning)\n|raw|emir123127's rating: 1000 &rarr; <strong>1000</strong><br />(+0 for losing)\n|c|\u2606emir123127|hahaha\n|c|\u2606kingambit kahn|Gg\n|c|\u2606emir123127|gg\n|l|\u2606emir123127\n|player|p2|\n",
  "uploadtime": 1776305103,
  "views": 21,
  "formatid": "gen9championsvgc2026regma",
  "rating": 1000,
  "private": 0,
  "password": null
}