{
  "id": "gen9championsvgc2026regma-2586370271",
  "format": "[Gen 9 Champions] VGC 2026 Reg M-A",
  "players": [
    "Silbatoman",
    "phroeoeroh"
  ],
  "log": "|j|\u2606Silbatoman\n|j|\u2606phroeoeroh\n|t:|1776429561\n|gametype|doubles\n|player|p1|Silbatoman|102|1320\n|player|p2|phroeoeroh|roughneck|1300\n|gen|9\n|tier|[Gen 9 Champions] VGC 2026 Reg M-A\n|rated|\n|rule|Species Clause: Limit one of each Pok\u00e9mon\n|rule|Item Clause: Limit 1 of each item\n|clearpoke\n|poke|p1|Aggron, L50, F|\n|poke|p1|Sneasler, L50, F|\n|poke|p1|Sinistcha, L50|\n|poke|p1|Rotom-Wash, L50|\n|poke|p1|Aerodactyl, L50, F|\n|poke|p1|Tyranitar, L50, M|\n|poke|p2|Camerupt, L50, M|\n|poke|p2|Hatterene, L50, F|\n|poke|p2|Decidueye-Hisui, L50, F|\n|poke|p2|Kingambit, L50, F|\n|poke|p2|Farigiraf, L50, M|\n|poke|p2|Rotom-Wash, L50|\n|teampreview|4\n|inactive|Battle timer is ON: inactive players will automatically lose when time's up. (requested by phroeoeroh)\n|\n|t:|1776429627\n|teamsize|p1|4\n|teamsize|p2|4\n|start\n|switch|p1a: Aerodactyl|Aerodactyl, L50, F, shiny|100/100\n|switch|p1b: Tyranitar|Tyranitar, L50, M|100/100\n|switch|p2a: Hatterene|Hatterene, L50, F|100/100\n|switch|p2b: Kingambit|Kingambit, L50, F|100/100\n|-ability|p1a: Aerodactyl|Unnerve\n|-weather|Sandstorm|[from] ability: Sand Stream|[of] p1b: Tyranitar\n|turn|1\n|inactive|Silbatoman has 30 seconds left.\n|\n|t:|1776429658\n|detailschange|p1a: Aerodactyl|Aerodactyl-Mega, L50, F, shiny\n|-mega|p1a: Aerodactyl|Aerodactyl|Aerodactylite\n|move|p1a: Aerodactyl|Dual Wingbeat|p2b: Kingambit\n|-resisted|p2b: Kingambit|1\n|-damage|p2b: Kingambit|89/100\n|-resisted|p2b: Kingambit|1\n|-damage|p2b: Kingambit|78/100\n|-hitcount|p2b: Kingambit|2\n|move|p1b: Tyranitar|Low Kick|p2b: Kingambit\n|-supereffective|p2b: Kingambit|2\n|-damage|p2b: Kingambit|0 fnt\n|faint|p2b: Kingambit\n|move|p2a: Hatterene|Trick Room|p2a: Hatterene\n|-fieldstart|move: Trick Room|[of] p2a: Hatterene\n|\n|-weather|Sandstorm|[upkeep]\n|-damage|p2a: Hatterene|94/100|[from] Sandstorm\n|upkeep\n|\n|t:|1776429679\n|switch|p2b: Camerupt|Camerupt, L50, M|100/100\n|turn|2\n|\n|t:|1776429698\n|switch|p1b: Rotom|Rotom-Wash, L50, shiny|100/100\n|detailschange|p2b: Camerupt|Camerupt-Mega, L50, M\n|-mega|p2b: Camerupt|Camerupt|Cameruptite\n|move|p2b: Camerupt|Earth Power|p1b: Rotom\n|-immune|p1b: Rotom|[from] ability: Levitate\n|move|p2a: Hatterene|Dazzling Gleam|p1b: Rotom|[spread] p1a,p1b\n|-damage|p1a: Aerodactyl|71/100\n|-damage|p1b: Rotom|50/100\n|-enditem|p1b: Rotom|Sitrus Berry|[eat]\n|-heal|p1b: Rotom|75/100|[from] item: Sitrus Berry\n|move|p1a: Aerodactyl|Dual Wingbeat|p2a: Hatterene\n|-damage|p2a: Hatterene|63/100\n|-damage|p2a: Hatterene|33/100\n|-hitcount|p2a: Hatterene|2\n|\n|-weather|Sandstorm|[upkeep]\n|-damage|p2a: Hatterene|27/100|[from] Sandstorm\n|-damage|p1b: Rotom|69/100|[from] Sandstorm\n|upkeep\n|turn|3\n|inactive|Silbatoman has 30 seconds left.\n|\n|t:|1776429728\n|move|p1b: Rotom|Protect|p1b: Rotom\n|-singleturn|p1b: Rotom|Protect\n|move|p2b: Camerupt|Heat Wave|p1b: Rotom|[spread] p1a\n|-activate|p1b: Rotom|move: Protect\n|-resisted|p1a: Aerodactyl|1\n|-damage|p1a: Aerodactyl|48/100\n|move|p2a: Hatterene|Dazzling Gleam|p1a: Aerodactyl|[spread] p1a\n|-activate|p1b: Rotom|move: Protect\n|-damage|p1a: Aerodactyl|19/100\n|move|p1a: Aerodactyl|Rock Slide|p2b: Camerupt|[spread] p2a,p2b\n|-damage|p2a: Hatterene|0 fnt\n|-damage|p2b: Camerupt|74/100\n|faint|p2a: Hatterene\n|\n|-weather|Sandstorm|[upkeep]\n|-damage|p1b: Rotom|63/100|[from] Sandstorm\n|upkeep\n|\n|t:|1776429740\n|switch|p2a: Decidueye|Decidueye-Hisui, L50, F|100/100\n|turn|4\n|\n|t:|1776429765\n|switch|p1a: Tyranitar|Tyranitar, L50, M|100/100\n|move|p2b: Camerupt|Flamethrower|p1a: Tyranitar\n|-resisted|p1a: Tyranitar|1\n|-damage|p1a: Tyranitar|80/100\n|move|p2a: Decidueye|Leaf Blade|p1b: Rotom\n|-supereffective|p1b: Rotom|1\n|-crit|p1b: Rotom\n|-damage|p1b: Rotom|0 fnt\n|faint|p1b: Rotom\n|\n|-weather|Sandstorm|[upkeep]\n|-damage|p2a: Decidueye|95/100|[from] Sandstorm\n|upkeep\n|\n|t:|1776429787\n|switch|p1b: Sneasler|Sneasler, L50, F|100/100\n|turn|5\n|\n|t:|1776429802\n|move|p1b: Sneasler|Fake Out|p2b: Camerupt\n|-damage|p2b: Camerupt|61/100\n|cant|p2b: Camerupt|flinch\n|move|p2a: Decidueye|Triple Arrows|p1a: Tyranitar\n|-supereffective|p1a: Tyranitar|2\n|-crit|p1a: Tyranitar\n|-enditem|p1a: Tyranitar|Chople Berry|[eat]\n|-enditem|p1a: Tyranitar|Chople Berry|[weaken]\n|-damage|p1a: Tyranitar|0 fnt\n|faint|p1a: Tyranitar\n|\n|-weather|none\n|-fieldend|move: Trick Room\n|upkeep\n|\n|t:|1776429811\n|switch|p1a: Aerodactyl|Aerodactyl-Mega, L50, F, shiny|19/100\n|turn|6\n|\n|t:|1776429819\n|move|p2a: Decidueye|Sucker Punch|p1a: Aerodactyl\n|-damage|p1a: Aerodactyl|0 fnt\n|faint|p1a: Aerodactyl\n|move|p1b: Sneasler|Close Combat|p2b: Camerupt\n|-damage|p2b: Camerupt|2/100\n|-unboost|p1b: Sneasler|def|1\n|-unboost|p1b: Sneasler|spd|1\n|-enditem|p1b: Sneasler|White Herb\n|-clearnegativeboost|p1b: Sneasler|[silent]\n|move|p2b: Camerupt|Earth Power|p1b: Sneasler\n|-supereffective|p1b: Sneasler|1\n|-damage|p1b: Sneasler|0 fnt\n|faint|p1b: Sneasler\n|\n|win|phroeoeroh\n|raw|Silbatoman's rating: 1320 &rarr; <strong>1299</strong><br />(-21 for losing)\n|raw|phroeoeroh's rating: 1300 &rarr; <strong>1326</strong><br />(+26 for winning)\n|l|\u2606Silbatoman\n|player|p1|\n|l|\u2606phroeoeroh\n|player|p2|\n",
  "uploadtime": 1776429831,
  "views": 39,
  "formatid": "gen9championsvgc2026regma",
  "rating": 1299,
  "private": 0,
  "password": null
}