{
  "id": "gen9championsvgc2026regma-2584800784",
  "format": "[Gen 9 Champions] VGC 2026 Reg M-A",
  "players": [
    "superseriousboi",
    "Valvas"
  ],
  "log": "|j|\u2606superseriousboi\n|j|\u2606Valvas\n|t:|1776284626\n|gametype|doubles\n|player|p1|superseriousboi|102|1060\n|player|p2|Valvas|veteran|1059\n|gen|9\n|tier|[Gen 9 Champions] VGC 2026 Reg M-A\n|rated|\n|rule|Species Clause: Limit one of each Pok\u00e9mon\n|rule|Item Clause: Limit 1 of each item\n|clearpoke\n|poke|p1|Aromatisse, L50, M|\n|poke|p1|Drampa, L50, M|\n|poke|p1|Skeledirge, L50, F|\n|poke|p1|Meganium, L50, M|\n|poke|p1|Feraligatr, L50, M|\n|poke|p1|Scizor, L50, M|\n|poke|p2|Arcanine, L50, F|\n|poke|p2|Whimsicott, L50, F|\n|poke|p2|Garchomp, L50, F|\n|poke|p2|Corviknight, L50, F|\n|poke|p2|Hippowdon, L50, M|\n|poke|p2|Froslass, L50, F|\n|teampreview|4\n|inactive|Battle timer is ON: inactive players will automatically lose when time's up. (requested by Valvas)\n|\n|t:|1776284667\n|teamsize|p1|4\n|teamsize|p2|4\n|start\n|switch|p1a: Aromatisse|Aromatisse, L50, M|100/100\n|switch|p1b: Feraligatr|Feraligatr, L50, M|100/100\n|switch|p2a: Whimsicott|Whimsicott, L50, F|100/100\n|switch|p2b: Arcanine|Arcanine, L50, F|100/100\n|-ability|p2b: Arcanine|Intimidate|boost\n|-unboost|p1a: Aromatisse|atk|1\n|-unboost|p1b: Feraligatr|atk|1\n|turn|1\n|\n|t:|1776284687\n|move|p2a: Whimsicott|Tailwind|p2a: Whimsicott\n|-sidestart|p2: Valvas|move: Tailwind\n|move|p2b: Arcanine|Flare Blitz|p1a: Aromatisse\n|-damage|p1a: Aromatisse|54/100\n|-damage|p2b: Arcanine|81/100|[from] Recoil\n|move|p1b: Feraligatr|Curse|p1b: Feraligatr\n|-unboost|p1b: Feraligatr|spe|1\n|-boost|p1b: Feraligatr|atk|1\n|-boost|p1b: Feraligatr|def|1\n|move|p1a: Aromatisse|Trick Room|p1a: Aromatisse\n|-fieldstart|move: Trick Room|[of] p1a: Aromatisse\n|\n|upkeep\n|turn|2\n|\n|t:|1776284711\n|move|p2b: Arcanine|Extreme Speed|p1a: Aromatisse\n|-damage|p1a: Aromatisse|32/100\n|-enditem|p1a: Aromatisse|Sitrus Berry|[eat]\n|-heal|p1a: Aromatisse|57/100|[from] item: Sitrus Berry\n|move|p1a: Aromatisse|Encore|p2a: Whimsicott\n|-start|p2a: Whimsicott|Encore\n|move|p2a: Whimsicott|Tailwind||[still]\n|-fail|p2a: Whimsicott\n|move|p1b: Feraligatr|Curse|p1b: Feraligatr\n|-unboost|p1b: Feraligatr|spe|1\n|-boost|p1b: Feraligatr|atk|1\n|-boost|p1b: Feraligatr|def|1\n|\n|upkeep\n|turn|3\n|\n|t:|1776284733\n|switch|p2a: Garchomp|Garchomp, L50, F|100/100\n|move|p1a: Aromatisse|Helping Hand|p1b: Feraligatr\n|-singleturn|p1b: Feraligatr|Helping Hand|[of] p1a: Aromatisse\n|move|p1b: Feraligatr|Ice Punch|p2a: Garchomp\n|-supereffective|p2a: Garchomp|2\n|-damage|p2a: Garchomp|0 fnt\n|faint|p2a: Garchomp\n|move|p2b: Arcanine|Flare Blitz|p1a: Aromatisse\n|-damage|p1a: Aromatisse|11/100\n|-damage|p2b: Arcanine|62/100|[from] Recoil\n|\n|upkeep\n|\n|t:|1776284747\n|switch|p2a: Whimsicott|Whimsicott, L50, F|100/100\n|turn|4\n|\n|t:|1776284774\n|move|p1a: Aromatisse|Helping Hand|p1b: Feraligatr\n|-singleturn|p1b: Feraligatr|Helping Hand|[of] p1a: Aromatisse\n|move|p2b: Arcanine|Extreme Speed|p1a: Aromatisse\n|-damage|p1a: Aromatisse|0 fnt\n|faint|p1a: Aromatisse\n|move|p1b: Feraligatr|Ice Punch|p2a: Whimsicott\n|-supereffective|p2a: Whimsicott|1\n|-enditem|p2a: Whimsicott|Focus Sash\n|-damage|p2a: Whimsicott|1/100\n|move|p2a: Whimsicott|Giga Drain|p1b: Feraligatr\n|-supereffective|p1b: Feraligatr|1\n|-damage|p1b: Feraligatr|56/100\n|-heal|p2a: Whimsicott|30/100|[from] drain|[of] p1b: Feraligatr\n|\n|-sideend|p2: Valvas|move: Tailwind\n|upkeep\n|\n|t:|1776284793\n|switch|p1a: Skeledirge|Skeledirge, L50, F|100/100\n|turn|5\n|\n|t:|1776284815\n|move|p2a: Whimsicott|Protect|p2a: Whimsicott\n|-singleturn|p2a: Whimsicott|Protect\n|move|p1b: Feraligatr|Liquidation|p2b: Arcanine\n|-supereffective|p2b: Arcanine|1\n|-damage|p2b: Arcanine|0 fnt\n|faint|p2b: Arcanine\n|move|p1a: Skeledirge|Torch Song|p2a: Whimsicott\n|-activate|p2a: Whimsicott|move: Protect\n|\n|-fieldend|move: Trick Room\n|upkeep\n|\n|t:|1776284834\n|switch|p2b: Froslass|Froslass, L50, F|100/100\n|turn|6\n|\n|t:|1776284850\n|detailschange|p2b: Froslass|Froslass-Mega, L50, F\n|-mega|p2b: Froslass|Froslass|Froslassite\n|-weather|Snowscape|[from] ability: Snow Warning|[of] p2b: Froslass\n|move|p2a: Whimsicott|Giga Drain|p1b: Feraligatr\n|-supereffective|p1b: Feraligatr|1\n|-damage|p1b: Feraligatr|8/100\n|-heal|p2a: Whimsicott|60/100|[from] drain|[of] p1b: Feraligatr\n|move|p2b: Froslass|Shadow Ball|p1a: Skeledirge\n|-supereffective|p1a: Skeledirge|1\n|-damage|p1a: Skeledirge|32/100\n|-unboost|p1a: Skeledirge|spd|1\n|move|p1a: Skeledirge|Torch Song|p2b: Froslass\n|-supereffective|p2b: Froslass|1\n|-damage|p2b: Froslass|33/100\n|-boost|p1a: Skeledirge|spa|1\n|move|p1b: Feraligatr|Ice Punch|p2a: Whimsicott\n|-supereffective|p2a: Whimsicott|1\n|-damage|p2a: Whimsicott|0 fnt\n|faint|p2a: Whimsicott\n|\n|-weather|Snowscape|[upkeep]\n|-heal|p1a: Skeledirge|38/100|[from] item: Leftovers\n|upkeep\n|turn|7\n|inactive|superseriousboi has 30 seconds left.\n|\n|t:|1776284884\n|move|p2b: Froslass|Blizzard|p1a: Skeledirge|[spread] p1a,p1b\n|-resisted|p1a: Skeledirge|1\n|-resisted|p1b: Feraligatr|1\n|-damage|p1a: Skeledirge|10/100\n|-damage|p1b: Feraligatr|0 fnt\n|-status|p1a: Skeledirge|frz\n|faint|p1b: Feraligatr\n|-curestatus|p1a: Skeledirge|frz|[msg]\n|move|p1a: Skeledirge|Torch Song|p2b: Froslass\n|-supereffective|p2b: Froslass|1\n|-damage|p2b: Froslass|0 fnt\n|-boost|p1a: Skeledirge|spa|1\n|faint|p2b: Froslass\n|\n|win|superseriousboi\n|raw|superseriousboi's rating: 1060 &rarr; <strong>1091</strong><br />(+31 for winning)\n|raw|Valvas's rating: 1059 &rarr; <strong>1040</strong><br />(-19 for losing)\n|l|\u2606Valvas\n|player|p2|\n",
  "uploadtime": 1776284897,
  "views": 18,
  "formatid": "gen9championsvgc2026regma",
  "rating": 1040,
  "private": 0,
  "password": null
}