{
  "id": "gen9championsvgc2026regma-2584793959",
  "format": "[Gen 9 Champions] VGC 2026 Reg M-A",
  "players": [
    "gonegeb",
    "ElLocati"
  ],
  "log": "|j|\u2606gonegeb\n|j|\u2606ElLocati\n|t:|1776284119\n|gametype|doubles\n|player|p1|gonegeb|alain|1105\n|player|p2|ElLocati|266|1000\n|gen|9\n|tier|[Gen 9 Champions] VGC 2026 Reg M-A\n|rated|\n|rule|Species Clause: Limit one of each Pok\u00e9mon\n|rule|Item Clause: Limit 1 of each item\n|clearpoke\n|poke|p1|Lucario, L50, M|\n|poke|p1|Umbreon, L50, M|\n|poke|p1|Arcanine, L50, F|\n|poke|p1|Ceruledge, L50, M|\n|poke|p1|Corviknight, L50, M|\n|poke|p1|Whimsicott, L50, F|\n|poke|p2|Charizard, L50, M|\n|poke|p2|Venusaur, L50, M|\n|poke|p2|Garchomp, L50, M|\n|poke|p2|Incineroar, L50, M|\n|poke|p2|Gardevoir, L50, M|\n|poke|p2|Milotic, L50, F|\n|teampreview|4\n|\n|t:|1776284175\n|teamsize|p1|4\n|teamsize|p2|4\n|start\n|switch|p1a: Umbreon|Umbreon, L50, M, shiny|100/100\n|switch|p1b: Whimsicott|Whimsicott, L50, F, shiny|100/100\n|switch|p2a: Charizard|Charizard, L50, M|100/100\n|switch|p2b: Venusaur|Venusaur, L50, M|100/100\n|turn|1\n|\n|t:|1776284213\n|move|p1b: Whimsicott|Taunt|p2b: Venusaur\n|-start|p2b: Venusaur|move: Taunt\n|move|p2a: Charizard|Heat Wave|p1b: Whimsicott|[spread] p1a,p1b\n|-supereffective|p1b: Whimsicott|1\n|-damage|p1a: Umbreon|78/100\n|-damage|p1b: Whimsicott|20/100\n|cant|p2b: Venusaur|move: Taunt|Sleep Powder\n|move|p1a: Umbreon|Snarl|p2a: Charizard|[spread] p2a,p2b\n|-damage|p2a: Charizard|89/100\n|-damage|p2b: Venusaur|90/100\n|-unboost|p2a: Charizard|spa|1\n|-unboost|p2b: Venusaur|spa|1\n|\n|-heal|p1a: Umbreon|84/100|[from] item: Leftovers\n|upkeep\n|turn|2\n|\n|t:|1776284245\n|move|p1b: Whimsicott|Tailwind|p1b: Whimsicott\n|-sidestart|p1: gonegeb|move: Tailwind\n|move|p1a: Umbreon|Snarl|p2a: Charizard|[spread] p2a,p2b\n|-damage|p2a: Charizard|78/100\n|-damage|p2b: Venusaur|78/100\n|-unboost|p2a: Charizard|spa|1\n|-unboost|p2b: Venusaur|spa|1\n|move|p2a: Charizard|Heat Wave|p1b: Whimsicott|[spread] p1a,p1b\n|-supereffective|p1b: Whimsicott|1\n|-damage|p1a: Umbreon|73/100\n|-damage|p1b: Whimsicott|0 fnt\n|faint|p1b: Whimsicott\n|move|p2b: Venusaur|Leaf Storm|p1a: Umbreon\n|-damage|p1a: Umbreon|53/100\n|-unboost|p2b: Venusaur|spa|2\n|\n|-heal|p1a: Umbreon|59/100|[from] item: Leftovers\n|upkeep\n|\n|t:|1776284253\n|switch|p1b: Lucario|Lucario, L50, M|100/100\n|turn|3\n|\n|t:|1776284293\n|switch|p1b: Ceruledge|Ceruledge, L50, M|100/100\n|switch|p2b: Milotic|Milotic, L50, F|100/100\n|detailschange|p2a: Charizard|Charizard-Mega-Y, L50, M\n|-mega|p2a: Charizard|Charizard|Charizardite Y\n|-weather|SunnyDay|[from] ability: Drought|[of] p2a: Charizard\n|move|p1a: Umbreon|Yawn|p2b: Milotic\n|-start|p2b: Milotic|move: Yawn|[of] p1a: Umbreon\n|move|p2a: Charizard|Heat Wave|p1b: Ceruledge|[spread] p1a\n|-start|p1b: Ceruledge|ability: Flash Fire\n|-damage|p1a: Umbreon|40/100\n|\n|-weather|SunnyDay|[upkeep]\n|-heal|p1a: Umbreon|46/100|[from] item: Leftovers\n|upkeep\n|turn|4\n|\n|t:|1776284339\n|move|p1b: Ceruledge|Bulk Up|p1b: Ceruledge\n|-boost|p1b: Ceruledge|atk|1\n|-boost|p1b: Ceruledge|def|1\n|move|p1a: Umbreon|Yawn||[still]\n|-fail|p1a: Umbreon\n|move|p2a: Charizard|Solar Beam||[still]\n|-prepare|p2a: Charizard|Solar Beam\n|-anim|p2a: Charizard|Solar Beam|p1a: Umbreon\n|-damage|p1a: Umbreon|29/100\n|move|p2b: Milotic|Scald|p1b: Ceruledge\n|-supereffective|p1b: Ceruledge|1\n|-damage|p1b: Ceruledge|74/100\n|\n|-weather|SunnyDay|[upkeep]\n|-heal|p1a: Umbreon|35/100|[from] item: Leftovers\n|-end|p2b: Milotic|move: Yawn|[silent]\n|-status|p2b: Milotic|slp\n|upkeep\n|turn|5\n|\n|t:|1776284386\n|switch|p2a: Garchomp|Garchomp, L50, M|100/100\n|move|p1b: Ceruledge|Bulk Up|p1b: Ceruledge\n|-boost|p1b: Ceruledge|atk|1\n|-boost|p1b: Ceruledge|def|1\n|move|p1a: Umbreon|Yawn|p2a: Garchomp\n|-start|p2a: Garchomp|move: Yawn|[of] p1a: Umbreon\n|cant|p2b: Milotic|slp\n|\n|-weather|SunnyDay|[upkeep]\n|-heal|p1a: Umbreon|41/100|[from] item: Leftovers\n|-sideend|p1: gonegeb|move: Tailwind\n|upkeep\n|turn|6\n|\n|t:|1776284412\n|switch|p2b: Venusaur|Venusaur, L50, M|78/100\n|move|p2a: Garchomp|Earthquake|p1a: Umbreon|[spread] p2b,p1a,p1b\n|-supereffective|p1b: Ceruledge|1\n|-damage|p2b: Venusaur|26/100\n|-damage|p1a: Umbreon|17/100\n|-damage|p1b: Ceruledge|33/100\n|move|p1b: Ceruledge|Bitter Blade|p2a: Garchomp\n|-resisted|p2a: Garchomp|1\n|-damage|p2a: Garchomp|13/100\n|-heal|p1b: Ceruledge|79/100|[from] drain|[of] p2a: Garchomp\n|-damage|p1b: Ceruledge|67/100|[from] ability: Rough Skin|[of] p2a: Garchomp\n|-heal|p1b: Ceruledge|78/100|[from] item: Shell Bell|[of] p2a: Garchomp\n|move|p1a: Umbreon|Foul Play|p2a: Garchomp\n|-damage|p2a: Garchomp|0 fnt\n|-damage|p1a: Umbreon|5/100|[from] ability: Rough Skin|[of] p2a: Garchomp\n|faint|p2a: Garchomp\n|\n|-weather|SunnyDay|[upkeep]\n|-heal|p1a: Umbreon|11/100|[from] item: Leftovers\n|upkeep\n|\n|t:|1776284433\n|switch|p2a: Charizard|Charizard-Mega-Y, L50, M|78/100\n|turn|7\n|\n|t:|1776284443\n|move|p1b: Ceruledge|Shadow Sneak|p2b: Venusaur\n|-damage|p2b: Venusaur|0 fnt\n|faint|p2b: Venusaur\n|-heal|p1b: Ceruledge|81/100|[from] item: Shell Bell|[of] p2: Venusaur\n|move|p2a: Charizard|Heat Wave|p1a: Umbreon|[spread] p1a\n|-immune|p1b: Ceruledge|[from] ability: Flash Fire\n|-damage|p1a: Umbreon|0 fnt\n|faint|p1a: Umbreon\n|\n|-weather|none\n|upkeep\n|\n|t:|1776284462\n|switch|p2b: Milotic|Milotic, L50, F|100/100 slp\n|switch|p1a: Lucario|Lucario, L50, M|100/100\n|turn|8\n|\n|t:|1776284494\n|move|p1a: Lucario|Protect|p1a: Lucario\n|-singleturn|p1a: Lucario|Protect\n|move|p2a: Charizard|Heat Wave|p1b: Ceruledge|[spread] \n|-activate|p1a: Lucario|move: Protect\n|-immune|p1b: Ceruledge|[from] ability: Flash Fire\n|-curestatus|p2b: Milotic|slp|[msg]\n|move|p2b: Milotic|Scald|p1b: Ceruledge\n|-supereffective|p1b: Ceruledge|1\n|-damage|p1b: Ceruledge|27/100\n|move|p1b: Ceruledge|Bitter Blade|p2a: Charizard\n|-resisted|p2a: Charizard|1\n|-damage|p2a: Charizard|14/100\n|-heal|p1b: Ceruledge|56/100|[from] drain|[of] p2a: Charizard\n|-heal|p1b: Ceruledge|63/100|[from] item: Shell Bell|[of] p2a: Charizard\n|\n|upkeep\n|turn|9\n|\n|t:|1776284533\n|detailschange|p1a: Lucario|Lucario-Mega, L50, M\n|-mega|p1a: Lucario|Lucario|Lucarionite\n|move|p1b: Ceruledge|Shadow Sneak|p2a: Charizard\n|-damage|p2a: Charizard|0 fnt\n|faint|p2a: Charizard\n|-heal|p1b: Ceruledge|64/100|[from] item: Shell Bell|[of] p2: Charizard\n|move|p1a: Lucario|Close Combat|p2b: Milotic\n|-damage|p2b: Milotic|11/100\n|-unboost|p1a: Lucario|def|1\n|-unboost|p1a: Lucario|spd|1\n|move|p2b: Milotic|Scald|p1b: Ceruledge\n|-supereffective|p1b: Ceruledge|1\n|-crit|p1b: Ceruledge\n|-damage|p1b: Ceruledge|0 fnt\n|faint|p1b: Ceruledge\n|\n|-heal|p2b: Milotic|17/100|[from] item: Leftovers\n|upkeep\n|turn|10\n|\n|t:|1776284560\n|move|p1a: Lucario|Close Combat|p2b: Milotic\n|-damage|p2b: Milotic|0 fnt\n|-unboost|p1a: Lucario|def|1\n|-unboost|p1a: Lucario|spd|1\n|faint|p2b: Milotic\n|\n|win|gonegeb\n|raw|gonegeb's rating: 1105 &rarr; <strong>1123</strong><br />(+18 for winning)\n|raw|ElLocati's rating: 1000 &rarr; <strong>1000</strong><br />(+0 for losing)\n",
  "uploadtime": 1776284567,
  "views": 26,
  "formatid": "gen9championsvgc2026regma",
  "rating": 1000,
  "private": 0,
  "password": null
}