{
  "id": "gen9championsvgc2026regma-2584853028",
  "format": "[Gen 9 Champions] VGC 2026 Reg M-A",
  "players": [
    "lets buy packs",
    "RedBeanBabz"
  ],
  "log": "|j|\u2606lets buy packs\n|j|\u2606RedBeanBabz\n|t:|1776288781\n|gametype|doubles\n|player|p1|lets buy packs|red-masters3|1112\n|player|p2|RedBeanBabz|169|1089\n|gen|9\n|tier|[Gen 9 Champions] VGC 2026 Reg M-A\n|rated|\n|rule|Species Clause: Limit one of each Pok\u00e9mon\n|rule|Item Clause: Limit 1 of each item\n|clearpoke\n|poke|p1|Espathra, L50, M|\n|poke|p1|Glimmora, L50, F|\n|poke|p1|Incineroar, L50, M|\n|poke|p1|Maushold-Four, L50|\n|poke|p1|Froslass, L50, F|\n|poke|p1|Sneasler, L50, M|\n|poke|p2|Slowking, L50, M|\n|poke|p2|Incineroar, L50, M|\n|poke|p2|Crabominable, L50, M|\n|poke|p2|Hatterene, L50, F|\n|poke|p2|Tsareena, L50, F|\n|poke|p2|Charizard, L50, F|\n|teampreview|4\n|inactive|Battle timer is ON: inactive players will automatically lose when time's up. (requested by lets buy packs)\n|\n|t:|1776288808\n|teamsize|p1|4\n|teamsize|p2|4\n|start\n|switch|p1a: Espathra|Espathra, L50, M|100/100\n|switch|p1b: Incineroar|Incineroar, L50, M|100/100\n|switch|p2a: Slowking|Slowking, L50, M|100/100\n|switch|p2b: Incineroar|Incineroar, L50, M|100/100\n|-ability|p1b: Incineroar|Intimidate|boost\n|-fail|p2a: Slowking|unboost|Attack|[from] ability: Oblivious|[of] p2a: Slowking\n|-unboost|p2b: Incineroar|atk|1\n|-ability|p2b: Incineroar|Intimidate|boost\n|-unboost|p1a: Espathra|atk|1\n|-unboost|p1b: Incineroar|atk|1\n|turn|1\n|inactive|RedBeanBabz has 30 seconds left.\n|\n|t:|1776288834\n|move|p2b: Incineroar|Fake Out|p1a: Espathra\n|-damage|p1a: Espathra|89/100\n|cant|p1a: Espathra|flinch\n|move|p1b: Incineroar|Throat Chop|p2a: Slowking\n|-supereffective|p2a: Slowking|1\n|-enditem|p2a: Slowking|Colbur Berry|[eat]\n|-enditem|p2a: Slowking|Colbur Berry|[weaken]\n|-damage|p2a: Slowking|84/100\n|-start|p2a: Slowking|Throat Chop|[silent]\n|move|p2a: Slowking|Trick Room|p2a: Slowking\n|-fieldstart|move: Trick Room|[of] p2a: Slowking\n|\n|-ability|p1a: Espathra|Speed Boost|boost\n|-boost|p1a: Espathra|spe|1\n|upkeep\n|turn|2\n|\n|t:|1776288857\n|move|p1a: Espathra|Protect|p1a: Espathra\n|-singleturn|p1a: Espathra|Protect\n|move|p2a: Slowking|Hydro Pump|p1b: Incineroar\n|-supereffective|p1b: Incineroar|1\n|-damage|p1b: Incineroar|47/100\n|move|p2b: Incineroar|Darkest Lariat|p1a: Espathra\n|-activate|p1a: Espathra|move: Protect\n|move|p1b: Incineroar|Parting Shot|p2a: Slowking\n|-unboost|p2a: Slowking|atk|1\n|-unboost|p2a: Slowking|spa|1\n|\n|t:|1776288873\n|switch|p1b: Maushold|Maushold-Four, L50|100/100|[from] Parting Shot\n|\n|-end|p2a: Slowking|Throat Chop|[silent]\n|-ability|p1a: Espathra|Speed Boost|boost\n|-boost|p1a: Espathra|spe|1\n|upkeep\n|turn|3\n|\n|t:|1776288884\n|move|p1b: Maushold|Follow Me|p1b: Maushold\n|-singleturn|p1b: Maushold|move: Follow Me\n|-prepare|p2a: Slowking|Chilly Reception|[premajor]\n|move|p2a: Slowking|Chilly Reception|p2a: Slowking\n|-weather|Snowscape\n|\n|t:|1776288889\n|switch|p2a: Crabominable|Crabominable, L50, M|100/100|[from] Chilly Reception\n|move|p2b: Incineroar|Darkest Lariat|p1b: Maushold\n|-damage|p1b: Maushold|79/100\n|move|p1a: Espathra|Calm Mind|p1a: Espathra\n|-boost|p1a: Espathra|spa|1\n|-boost|p1a: Espathra|spd|1\n|\n|-weather|Snowscape|[upkeep]\n|-ability|p1a: Espathra|Speed Boost|boost\n|-boost|p1a: Espathra|spe|1\n|upkeep\n|turn|4\n|\n|t:|1776288908\n|detailschange|p2a: Crabominable|Crabominable-Mega, L50, M\n|-mega|p2a: Crabominable|Crabominable|Crabominite\n|move|p1b: Maushold|Protect|p1b: Maushold\n|-singleturn|p1b: Maushold|Protect\n|move|p1a: Espathra|Protect|p1a: Espathra\n|-singleturn|p1a: Espathra|Protect\n|move|p2a: Crabominable|Close Combat|p1b: Maushold\n|-activate|p1b: Maushold|move: Protect\n|move|p2b: Incineroar|Darkest Lariat|p1a: Espathra\n|-activate|p1a: Espathra|move: Protect\n|\n|-weather|Snowscape|[upkeep]\n|-ability|p1a: Espathra|Speed Boost|boost\n|-boost|p1a: Espathra|spe|1\n|upkeep\n|turn|5\n|\n|t:|1776288928\n|switch|p1b: Incineroar|Incineroar, L50, M|47/100\n|-ability|p1b: Incineroar|Intimidate|boost\n|-unboost|p2a: Crabominable|atk|1\n|-unboost|p2b: Incineroar|atk|1\n|move|p2a: Crabominable|Close Combat|p1b: Incineroar\n|-supereffective|p1b: Incineroar|1\n|-enditem|p1b: Incineroar|Chople Berry|[eat]\n|-enditem|p1b: Incineroar|Chople Berry|[weaken]\n|-damage|p1b: Incineroar|0 fnt\n|-unboost|p2a: Crabominable|def|1\n|-unboost|p2a: Crabominable|spd|1\n|faint|p1b: Incineroar\n|move|p2b: Incineroar|Darkest Lariat|p1a: Espathra\n|-supereffective|p1a: Espathra|1\n|-damage|p1a: Espathra|28/100\n|move|p1a: Espathra|Baton Pass|p1a: Espathra\n|\n|t:|1776288940\n|switch|p1a: Glimmora|Glimmora, L50, F, shiny|100/100|[from] Baton Pass\n|\n|-weather|Snowscape|[upkeep]\n|-fieldend|move: Trick Room\n|upkeep\n|\n|t:|1776288942\n|switch|p1b: Maushold|Maushold-Four, L50|79/100\n|turn|6\n|\n|t:|1776288957\n|detailschange|p1a: Glimmora|Glimmora-Mega, L50, F, shiny\n|-mega|p1a: Glimmora|Glimmora|Glimmoranite\n|move|p2a: Crabominable|Protect|p2a: Crabominable\n|-singleturn|p2a: Crabominable|Protect\n|move|p1b: Maushold|Feint|p2a: Crabominable\n|-activate|p2a: Crabominable|move: Feint\n|-damage|p2a: Crabominable|94/100\n|move|p1a: Glimmora|Power Gem|p2a: Crabominable\n|-damage|p2a: Crabominable|0 fnt\n|faint|p2a: Crabominable\n|move|p2b: Incineroar|Parting Shot|p1a: Glimmora\n|-unboost|p1a: Glimmora|atk|1\n|-unboost|p1a: Glimmora|spa|1\n|\n|t:|1776288973\n|switch|p2b: Slowking|Slowking, L50, M|84/100|[from] Parting Shot\n|\n|-weather|Snowscape|[upkeep]\n|upkeep\n|\n|t:|1776288979\n|switch|p2a: Hatterene|Hatterene, L50, F|100/100\n|turn|7\n|\n|t:|1776288987\n|move|p1a: Glimmora|Sludge Bomb|p2a: Hatterene\n|-supereffective|p2a: Hatterene|1\n|-damage|p2a: Hatterene|0 fnt\n|faint|p2a: Hatterene\n|move|p1b: Maushold|Taunt|p2b: Slowking\n|-immune|p2b: Slowking|[from] ability: Oblivious\n|move|p2b: Slowking|Hydro Pump|p1a: Glimmora\n|-supereffective|p1a: Glimmora|1\n|-damage|p1a: Glimmora|63/100\n|\n|-weather|none\n|upkeep\n|\n|t:|1776288999\n|switch|p2a: Incineroar|Incineroar, L50, M|100/100\n|-ability|p2a: Incineroar|Intimidate|boost\n|-unboost|p1a: Glimmora|atk|1\n|-unboost|p1b: Maushold|atk|1\n|turn|8\n|\n|t:|1776289013\n|move|p1a: Glimmora|Spiky Shield|p1a: Glimmora\n|-singleturn|p1a: Glimmora|move: Protect\n|move|p2a: Incineroar|Fake Out|p1a: Glimmora\n|-activate|p1a: Glimmora|move: Protect\n|-damage|p2a: Incineroar|88/100|[from] Spiky Shield|[of] p1a: Glimmora\n|move|p1b: Maushold|Feint|p2a: Incineroar\n|-damage|p2a: Incineroar|83/100\n|move|p2b: Slowking|Hydro Pump|p1a: Glimmora\n|-activate|p1a: Glimmora|move: Protect\n|\n|upkeep\n|turn|9\n|\n|t:|1776289033\n|move|p1b: Maushold|Follow Me|p1b: Maushold\n|-singleturn|p1b: Maushold|move: Follow Me\n|move|p1a: Glimmora|Power Gem|p2a: Incineroar\n|-supereffective|p2a: Incineroar|1\n|-damage|p2a: Incineroar|0 fnt\n|faint|p2a: Incineroar\n|move|p2b: Slowking|Hydro Pump|p1b: Maushold\n|-damage|p1b: Maushold|34/100\n|-enditem|p1b: Maushold|Sitrus Berry|[eat]\n|-heal|p1b: Maushold|59/100|[from] item: Sitrus Berry\n|\n|upkeep\n|turn|10\n|-message|RedBeanBabz forfeited.\n|\n|win|lets buy packs\n|raw|lets buy packs's rating: 1112 &rarr; <strong>1135</strong><br />(+23 for winning)\n|raw|RedBeanBabz's rating: 1089 &rarr; <strong>1067</strong><br />(-22 for losing)\n",
  "uploadtime": 1776289046,
  "views": 23,
  "formatid": "gen9championsvgc2026regma",
  "rating": 1067,
  "private": 0,
  "password": null
}