{
  "id": "gen9championsvgc2026regma-2583640004",
  "format": "[Gen 9 Champions] VGC 2026 Reg M-A",
  "players": [
    "EclipseSix",
    "o1am1de"
  ],
  "log": "|j|\u2606EclipseSix\n|j|\u2606o1am1de\n|t:|1776188157\n|gametype|doubles\n|player|p1|EclipseSix|brycenman|1187\n|player|p2|o1am1de|169|1151\n|gen|9\n|tier|[Gen 9 Champions] VGC 2026 Reg M-A\n|rated|\n|rule|Species Clause: Limit one of each Pok\u00e9mon\n|rule|Item Clause: Limit 1 of each item\n|clearpoke\n|poke|p1|Charizard, L50, M|\n|poke|p1|Venusaur, L50, M|\n|poke|p1|Garchomp, L50, M|\n|poke|p1|Rotom-Wash, L50|\n|poke|p1|Sneasler, L50, M|\n|poke|p1|Incineroar, L50, F|\n|poke|p2|Venusaur, L50, F|\n|poke|p2|Incineroar, L50, M|\n|poke|p2|Basculegion, L50, M|\n|poke|p2|Excadrill, L50, M|\n|poke|p2|Garchomp, L50, F|\n|poke|p2|Sneasler, L50, F|\n|teampreview|4\n|inactive|Battle timer is ON: inactive players will automatically lose when time's up. (requested by EclipseSix)\n|\n|t:|1776188190\n|teamsize|p1|4\n|teamsize|p2|4\n|start\n|switch|p1a: Sneasler|Sneasler, L50, M|100/100\n|switch|p1b: Rotom|Rotom-Wash, L50|100/100\n|switch|p2a: Venusaur|Venusaur, L50, F|100/100\n|switch|p2b: Sneasler|Sneasler, L50, F|100/100\n|turn|1\n|\n|t:|1776188205\n|move|p1a: Sneasler|Fake Out|p2a: Venusaur\n|-damage|p2a: Venusaur|85/100\n|move|p2b: Sneasler|Fake Out|p1a: Sneasler\n|-damage|p1a: Sneasler|77/100\n|move|p1b: Rotom|Will-O-Wisp|p2b: Sneasler\n|-status|p2b: Sneasler|brn\n|cant|p2a: Venusaur|flinch\n|\n|-damage|p2b: Sneasler|95/100 brn|[from] brn\n|upkeep\n|turn|2\n|\n|t:|1776188228\n|switch|p1a: Charizard|Charizard, L50, M|100/100\n|move|p1b: Rotom|Protect|p1b: Rotom\n|-singleturn|p1b: Rotom|Protect\n|move|p2b: Sneasler|Coaching|p2a: Venusaur\n|-boost|p2a: Venusaur|atk|1\n|-boost|p2a: Venusaur|def|1\n|move|p2a: Venusaur|Giga Drain|p1b: Rotom\n|-activate|p1b: Rotom|move: Protect\n|\n|-damage|p2b: Sneasler|89/100 brn|[from] brn\n|upkeep\n|turn|3\n|inactive|EclipseSix has 30 seconds left.\n|\n|t:|1776188255\n|detailschange|p2a: Venusaur|Venusaur-Mega, L50, F\n|-mega|p2a: Venusaur|Venusaur|Venusaurite\n|move|p2b: Sneasler|Dire Claw|p1a: Charizard\n|-damage|p1a: Charizard|70/100\n|move|p1a: Charizard|Heat Wave|p2a: Venusaur|[spread] p2a,p2b\n|-supereffective|p2a: Venusaur|1\n|-damage|p2a: Venusaur|65/100\n|-damage|p2b: Sneasler|39/100 brn\n|move|p1b: Rotom|Hydro Pump|p2b: Sneasler\n|-crit|p2b: Sneasler\n|-damage|p2b: Sneasler|0 fnt\n|faint|p2b: Sneasler\n|move|p2a: Venusaur|Giga Drain|p1b: Rotom\n|-supereffective|p1b: Rotom|1\n|-damage|p1b: Rotom|28/100\n|-heal|p2a: Venusaur|95/100|[from] drain|[of] p1b: Rotom\n|\n|-heal|p1b: Rotom|34/100|[from] item: Leftovers\n|upkeep\n|\n|t:|1776188270\n|switch|p2b: Garchomp|Garchomp, L50, F|100/100\n|turn|4\n|\n|t:|1776188289\n|detailschange|p1a: Charizard|Charizard-Mega-Y, L50, M\n|-mega|p1a: Charizard|Charizard|Charizardite Y\n|-weather|SunnyDay|[from] ability: Drought|[of] p1a: Charizard\n|move|p1b: Rotom|Protect|p1b: Rotom\n|-singleturn|p1b: Rotom|Protect\n|move|p2b: Garchomp|Rock Slide|p1a: Charizard|[spread] p1a\n|-activate|p1b: Rotom|move: Protect\n|-supereffective|p1a: Charizard|2\n|-damage|p1a: Charizard|0 fnt\n|faint|p1a: Charizard\n|move|p2a: Venusaur|Giga Drain|p1b: Rotom\n|-activate|p1b: Rotom|move: Protect\n|\n|-weather|SunnyDay|[upkeep]\n|-heal|p1b: Rotom|39/100|[from] item: Leftovers\n|upkeep\n|c|\u2606o1am1de|well done\n|\n|t:|1776188304\n|switch|p1a: Garchomp|Garchomp, L50, M|100/100\n|turn|5\n|\n|t:|1776188329\n|move|p1a: Garchomp|Earthquake|p2b: Garchomp|[spread] p2a,p2b\n|-immune|p1b: Rotom|[from] ability: Levitate\n|-damage|p2a: Venusaur|71/100\n|-damage|p2b: Garchomp|53/100\n|move|p2b: Garchomp|Dragon Claw|p1a: Garchomp\n|-supereffective|p1a: Garchomp|1\n|-damage|p1a: Garchomp|18/100\n|-damage|p2b: Garchomp|41/100|[from] ability: Rough Skin|[of] p1a: Garchomp\n|move|p1b: Rotom|Hydro Pump|p2b: Garchomp|[miss]\n|-miss|p1b: Rotom|p2b: Garchomp\n|move|p2a: Venusaur|Giga Drain|p1b: Rotom\n|-supereffective|p1b: Rotom|1\n|-damage|p1b: Rotom|0 fnt\n|-heal|p2a: Venusaur|87/100|[from] drain|[of] p1b: Rotom\n|faint|p1b: Rotom\n|\n|-weather|SunnyDay|[upkeep]\n|upkeep\n|\n|t:|1776188345\n|switch|p1b: Sneasler|Sneasler, L50, M|77/100\n|turn|6\n|\n|t:|1776188367\n|move|p1b: Sneasler|Fake Out|p2a: Venusaur\n|-damage|p2a: Venusaur|79/100\n|move|p1a: Garchomp|Earthquake|p2a: Venusaur|[spread] p1b,p2a,p2b\n|-supereffective|p1b: Sneasler|1\n|-damage|p1b: Sneasler|0 fnt\n|-damage|p2a: Venusaur|55/100\n|-damage|p2b: Garchomp|0 fnt\n|faint|p1b: Sneasler\n|faint|p2b: Garchomp\n|cant|p2a: Venusaur|flinch\n|\n|-weather|SunnyDay|[upkeep]\n|upkeep\n|\n|t:|1776188375\n|switch|p2b: Basculegion|Basculegion, L50, M|100/100\n|turn|7\n|c|\u2606o1am1de|GG\n|c|\u2606EclipseSix|gg\n|\n|t:|1776188384\n|move|p1a: Garchomp|Earthquake|p2a: Venusaur|[spread] p2a,p2b\n|-damage|p2a: Venusaur|31/100\n|-damage|p2b: Basculegion|42/100\n|move|p2b: Basculegion|Last Respects|p1a: Garchomp\n|-damage|p1a: Garchomp|0 fnt\n|faint|p1a: Garchomp\n|\n|win|o1am1de\n|raw|EclipseSix's rating: 1187 &rarr; <strong>1159</strong><br />(-28 for losing)\n|raw|o1am1de's rating: 1151 &rarr; <strong>1179</strong><br />(+28 for winning)\n|l|\u2606EclipseSix\n|player|p1|\n",
  "uploadtime": 1776188395,
  "views": 23,
  "formatid": "gen9championsvgc2026regma",
  "rating": 1159,
  "private": 0,
  "password": null
}