{
  "id": "gen9championsvgc2026regma-2588332270",
  "format": "[Gen 9 Champions] VGC 2026 Reg M-A",
  "players": [
    "M2XMagnus",
    "Blimpheed"
  ],
  "log": "|j|\u2606M2XMagnus\n|j|\u2606Blimpheed\n|t:|1776624809\n|gametype|doubles\n|player|p1|M2XMagnus|169|1123\n|player|p2|Blimpheed|collector|1200\n|gen|9\n|tier|[Gen 9 Champions] VGC 2026 Reg M-A\n|rated|\n|rule|Species Clause: Limit one of each Pok\u00e9mon\n|rule|Item Clause: Limit 1 of each item\n|clearpoke\n|poke|p1|Greninja, L50, F, shiny|\n|poke|p1|Sneasler, L50, F|\n|poke|p1|Sinistcha, L50|\n|poke|p1|Pelipper, L50, F|\n|poke|p1|Basculegion, L50, M|\n|poke|p1|Archaludon, L50, F|\n|poke|p2|Aggron, L50, M|\n|poke|p2|Archaludon, L50, M|\n|poke|p2|Pelipper, L50, M|\n|poke|p2|Incineroar, L50, M, shiny|\n|poke|p2|Farigiraf, L50, F|\n|poke|p2|Sinistcha, L50|\n|teampreview|4\n|\n|t:|1776624900\n|teamsize|p1|4\n|teamsize|p2|4\n|start\n|switch|p1a: Pelipper|Pelipper, L50, F|100/100\n|switch|p1b: Archaludon|Archaludon, L50, F|100/100\n|switch|p2a: Incineroar|Incineroar, L50, M, shiny|100/100\n|switch|p2b: Farigiraf|Farigiraf, L50, F|100/100\n|-weather|RainDance|[from] ability: Drizzle|[of] p1a: Pelipper\n|-ability|p2a: Incineroar|Intimidate|boost\n|-unboost|p1a: Pelipper|atk|1\n|-unboost|p1b: Archaludon|atk|1\n|turn|1\n|\n|t:|1776624931\n|move|p1b: Archaludon|Protect|p1b: Archaludon\n|-singleturn|p1b: Archaludon|Protect\n|move|p2a: Incineroar|Fake Out|p1a: Pelipper\n|-damage|p1a: Pelipper|87/100\n|cant|p1a: Pelipper|flinch\n|move|p2b: Farigiraf|Trick Room|p2b: Farigiraf\n|-fieldstart|move: Trick Room|[of] p2b: Farigiraf\n|\n|-weather|RainDance|[upkeep]\n|upkeep\n|turn|2\n|\n|t:|1776624959\n|switch|p1a: Sinistcha|Sinistcha, L50|100/100\n|move|p2b: Farigiraf|Psychic|p1a: Sinistcha\n|-damage|p1a: Sinistcha|60/100\n|move|p2a: Incineroar|Parting Shot|p1b: Archaludon\n|-unboost|p1b: Archaludon|atk|1\n|-unboost|p1b: Archaludon|spa|1\n|\n|t:|1776624969\n|switch|p2a: Aggron|Aggron, L50, M|100/100|[from] Parting Shot\n|move|p1b: Archaludon|Electro Shot||[still]\n|-prepare|p1b: Archaludon|Electro Shot\n|-boost|p1b: Archaludon|spa|1\n|-anim|p1b: Archaludon|Electro Shot|p2a: Aggron\n|-damage|p2a: Aggron|55/100\n|\n|-weather|RainDance|[upkeep]\n|upkeep\n|turn|3\n|\n|t:|1776625019\n|switch|p2b: Sinistcha|Sinistcha, L50|100/100\n|-heal|p2a: Aggron|80/100|[from] ability: Hospitality|[of] p2b: Sinistcha\n|detailschange|p2a: Aggron|Aggron-Mega, L50, M\n|-mega|p2a: Aggron|Aggron|Aggronite\n|move|p1b: Archaludon|Protect|p1b: Archaludon\n|-singleturn|p1b: Archaludon|Protect\n|move|p2a: Aggron|Iron Defense|p2a: Aggron\n|-boost|p2a: Aggron|def|2\n|move|p1a: Sinistcha|Trick Room|p1a: Sinistcha\n|-fieldend|move: Trick Room\n|\n|-weather|RainDance|[upkeep]\n|upkeep\n|turn|4\n|\n|t:|1776625094\n|move|p2a: Aggron|Protect|p2a: Aggron\n|-singleturn|p2a: Aggron|Protect\n|move|p1b: Archaludon|Flash Cannon|p2b: Sinistcha\n|-damage|p2b: Sinistcha|70/100\n|move|p2b: Sinistcha|Shadow Ball|p1a: Sinistcha\n|-supereffective|p1a: Sinistcha|1\n|-damage|p1a: Sinistcha|0 fnt\n|faint|p1a: Sinistcha\n|\n|-weather|RainDance|[upkeep]\n|upkeep\n|\n|t:|1776625107\n|switch|p1a: Greninja|Greninja, L50, F, shiny|100/100\n|turn|5\n|\n|t:|1776625164\n|switch|p2b: Farigiraf|Farigiraf, L50, F|100/100\n|move|p1b: Archaludon|Protect|p1b: Archaludon\n|-singleturn|p1b: Archaludon|Protect\n|move|p1a: Greninja|Dark Pulse|p2a: Aggron\n|-start|p1a: Greninja|typechange|Dark|[from] ability: Protean\n|-damage|p2a: Aggron|45/100\n|move|p2a: Aggron|Body Press|p1a: Greninja\n|-supereffective|p1a: Greninja|1\n|-damage|p1a: Greninja|0 fnt\n|faint|p1a: Greninja\n|\n|-weather|none\n|upkeep\n|\n|t:|1776625184\n|switch|p1a: Pelipper|Pelipper, L50, F|87/100\n|-weather|RainDance|[from] ability: Drizzle|[of] p1a: Pelipper\n|turn|6\n|\n|t:|1776625202\n|move|p2a: Aggron|Protect|p2a: Aggron\n|-singleturn|p2a: Aggron|Protect\n|move|p1a: Pelipper|Tailwind|p1a: Pelipper\n|-sidestart|p1: M2XMagnus|move: Tailwind\n|move|p1b: Archaludon|Electro Shot||[still]\n|-prepare|p1b: Archaludon|Electro Shot\n|-boost|p1b: Archaludon|spa|1\n|-anim|p1b: Archaludon|Electro Shot|p2b: Farigiraf\n|-crit|p2b: Farigiraf\n|-damage|p2b: Farigiraf|23/100\n|-enditem|p2b: Farigiraf|Sitrus Berry|[eat]\n|-heal|p2b: Farigiraf|48/100|[from] item: Sitrus Berry\n|move|p2b: Farigiraf|Trick Room|p2b: Farigiraf\n|-fieldstart|move: Trick Room|[of] p2b: Farigiraf\n|\n|-weather|RainDance|[upkeep]\n|upkeep\n|turn|7\n|\n|t:|1776625288\n|switch|p2b: Sinistcha|Sinistcha, L50|70/100\n|-heal|p2a: Aggron|70/100|[from] ability: Hospitality|[of] p2b: Sinistcha\n|move|p2a: Aggron|Iron Defense|p2a: Aggron\n|-boost|p2a: Aggron|def|2\n|move|p1b: Archaludon|Electro Shot||[still]\n|-prepare|p1b: Archaludon|Electro Shot\n|-boost|p1b: Archaludon|spa|1\n|-anim|p1b: Archaludon|Electro Shot|p2a: Aggron\n|-damage|p2a: Aggron|0 fnt\n|faint|p2a: Aggron\n|move|p1a: Pelipper|Weather Ball|p2b: Sinistcha\n|-resisted|p2b: Sinistcha|1\n|-damage|p2b: Sinistcha|40/100\n|\n|-weather|RainDance|[upkeep]\n|upkeep\n|\n|t:|1776625298\n|switch|p2a: Incineroar|Incineroar, L50, M, shiny|100/100\n|-ability|p2a: Incineroar|Intimidate|boost\n|-unboost|p1a: Pelipper|atk|1\n|-unboost|p1b: Archaludon|atk|1\n|turn|8\n|-activate|p2b: Sinistcha|item: Quick Claw\n|\n|t:|1776625321\n|move|p2a: Incineroar|Fake Out|p1a: Pelipper\n|-damage|p1a: Pelipper|72/100\n|move|p2b: Sinistcha|Shadow Ball|p1a: Pelipper\n|-damage|p1a: Pelipper|14/100\n|move|p1b: Archaludon|Flash Cannon|p2b: Sinistcha\n|-damage|p2b: Sinistcha|0 fnt\n|faint|p2b: Sinistcha\n|cant|p1a: Pelipper|flinch\n|\n|-weather|RainDance|[upkeep]\n|upkeep\n|\n|t:|1776625327\n|switch|p2b: Farigiraf|Farigiraf, L50, F|48/100\n|turn|9\n|\n|t:|1776625353\n|move|p2b: Farigiraf|Psychic|p1a: Pelipper\n|-damage|p1a: Pelipper|0 fnt\n|faint|p1a: Pelipper\n|move|p2a: Incineroar|Darkest Lariat|p1b: Archaludon\n|-crit|p1b: Archaludon\n|-damage|p1b: Archaludon|65/100\n|-ability|p1b: Archaludon|Stamina|boost\n|-boost|p1b: Archaludon|def|1\n|move|p1b: Archaludon|Electro Shot||[still]\n|-prepare|p1b: Archaludon|Electro Shot\n|-boost|p1b: Archaludon|spa|1\n|-anim|p1b: Archaludon|Electro Shot|p2b: Farigiraf\n|-damage|p2b: Farigiraf|0 fnt\n|faint|p2b: Farigiraf\n|\n|-weather|RainDance|[upkeep]\n|-heal|p1b: Archaludon|71/100|[from] item: Leftovers\n|-sideend|p1: M2XMagnus|move: Tailwind\n|upkeep\n|turn|10\n|\n|t:|1776625378\n|move|p2a: Incineroar|Darkest Lariat|p1b: Archaludon\n|-damage|p1b: Archaludon|47/100\n|-ability|p1b: Archaludon|Stamina|boost\n|-boost|p1b: Archaludon|def|1\n|move|p1b: Archaludon|Electro Shot||[still]\n|-prepare|p1b: Archaludon|Electro Shot\n|-boost|p1b: Archaludon|spa|1\n|-anim|p1b: Archaludon|Electro Shot|p2a: Incineroar\n|-damage|p2a: Incineroar|4/100\n|\n|-weather|none\n|-heal|p1b: Archaludon|53/100|[from] item: Leftovers\n|-fieldend|move: Trick Room\n|upkeep\n|turn|11\n|\n|t:|1776625394\n|move|p1b: Archaludon|Flash Cannon|p2a: Incineroar\n|-resisted|p2a: Incineroar|1\n|-damage|p2a: Incineroar|0 fnt\n|faint|p2a: Incineroar\n|\n|win|M2XMagnus\n|raw|M2XMagnus's rating: 1123 &rarr; <strong>1153</strong><br />(+30 for winning)\n|raw|Blimpheed's rating: 1200 &rarr; <strong>1170</strong><br />(-30 for losing)\n|l|\u2606Blimpheed\n|player|p2|\n",
  "uploadtime": 1776625439,
  "views": 11,
  "formatid": "gen9championsvgc2026regma",
  "rating": 1153,
  "private": 0,
  "password": null
}