{
  "id": "gen9championsvgc2026regma-2588244990",
  "format": "[Gen 9 Champions] VGC 2026 Reg M-A",
  "players": [
    "CyberHope",
    "Gabriel35d"
  ],
  "log": "|j|\u2606CyberHope\n|j|\u2606Gabriel35d\n|t:|1776617625\n|gametype|doubles\n|player|p1|CyberHope|hilbert|1087\n|player|p2|Gabriel35d|ingo|1000\n|gen|9\n|tier|[Gen 9 Champions] VGC 2026 Reg M-A\n|rated|\n|rule|Species Clause: Limit one of each Pok\u00e9mon\n|rule|Item Clause: Limit 1 of each item\n|clearpoke\n|poke|p1|Greninja, L50, F|\n|poke|p1|Talonflame, L50, M|\n|poke|p1|Sinistcha, L50|\n|poke|p1|Gallade, L50, M|\n|poke|p1|Empoleon, L50, F|\n|poke|p1|Sableye, L50, F|\n|poke|p2|Charizard, L50, F|\n|poke|p2|Venusaur, L50, F|\n|poke|p2|Garchomp, L50, F|\n|poke|p2|Rotom-Wash, L50|\n|poke|p2|Sneasler, L50, M|\n|poke|p2|Incineroar, L50, F|\n|teampreview|4\n|\n|t:|1776617734\n|teamsize|p1|4\n|teamsize|p2|4\n|start\n|switch|p1a: Talonflame|Talonflame, L50, M|100/100\n|switch|p1b: Sableye|Sableye, L50, F|100/100\n|switch|p2a: Rotom|Rotom-Wash, L50|100/100\n|switch|p2b: Sneasler|Sneasler, L50, M|100/100\n|turn|1\n|\n|t:|1776617770\n|move|p2a: Rotom|Helping Hand|p2b: Sneasler\n|-singleturn|p2b: Sneasler|Helping Hand|[of] p2a: Rotom\n|move|p1a: Talonflame|Dual Wingbeat|p2b: Sneasler\n|-supereffective|p2b: Sneasler|1\n|-damage|p2b: Sneasler|39/100\n|-supereffective|p2b: Sneasler|1\n|-damage|p2b: Sneasler|0 fnt\n|faint|p2b: Sneasler\n|-hitcount|p2: Sneasler|2\n|move|p1b: Sableye|Will-O-Wisp|p2a: Rotom\n|-status|p2a: Rotom|brn\n|\n|-damage|p2a: Rotom|95/100 brn|[from] brn\n|upkeep\n|\n|t:|1776617786\n|switch|p2b: Charizard|Charizard, L50, F|100/100\n|turn|2\n|\n|t:|1776617811\n|move|p1a: Talonflame|Tailwind|p1a: Talonflame\n|-sidestart|p1: CyberHope|move: Tailwind\n|move|p1b: Sableye|Rain Dance|p1b: Sableye\n|-weather|RainDance\n|move|p2b: Charizard|Heat Wave|p1b: Sableye|[spread] p1a\n|-miss|p2b: Charizard|p1b: Sableye\n|-resisted|p1a: Talonflame|1\n|-damage|p1a: Talonflame|89/100\n|move|p2a: Rotom|Thunderbolt|p1a: Talonflame\n|-supereffective|p1a: Talonflame|1\n|-damage|p1a: Talonflame|0 fnt\n|faint|p1a: Talonflame\n|\n|-weather|RainDance|[upkeep]\n|-heal|p2a: Rotom|100/100 brn|[from] item: Leftovers\n|-damage|p2a: Rotom|95/100 brn|[from] brn\n|upkeep\n|\n|t:|1776617824\n|switch|p1a: Greninja|Greninja, L50, F|100/100\n|turn|3\n|\n|t:|1776617848\n|detailschange|p1a: Greninja|Greninja-Mega, L50, F\n|-mega|p1a: Greninja|Greninja|Greninjite\n|detailschange|p2b: Charizard|Charizard-Mega-Y, L50, F\n|-mega|p2b: Charizard|Charizard|Charizardite Y\n|-weather|SunnyDay|[from] ability: Drought|[of] p2b: Charizard\n|move|p1a: Greninja|Dark Pulse|p2b: Charizard\n|-start|p1a: Greninja|typechange|Dark|[from] ability: Protean\n|-damage|p2b: Charizard|54/100\n|move|p2b: Charizard|Heat Wave|p1a: Greninja|[spread] p1a,p1b\n|-damage|p1a: Greninja|15/100\n|-damage|p1b: Sableye|16/100\n|-status|p1a: Greninja|brn\n|move|p1b: Sableye|Foul Play|p2b: Charizard\n|-damage|p2b: Charizard|0 fnt\n|faint|p2b: Charizard\n|move|p2a: Rotom|Thunderbolt|p1a: Greninja\n|-damage|p1a: Greninja|0 fnt\n|faint|p1a: Greninja\n|\n|-weather|SunnyDay|[upkeep]\n|-heal|p2a: Rotom|100/100 brn|[from] item: Leftovers\n|-damage|p2a: Rotom|95/100 brn|[from] brn\n|upkeep\n|\n|t:|1776617871\n|switch|p1a: Sinistcha|Sinistcha, L50|100/100\n|switch|p2b: Venusaur|Venusaur, L50, F|100/100\n|-heal|p1b: Sableye|41/100|[from] ability: Hospitality|[of] p1a: Sinistcha\n|turn|4\n|\n|t:|1776617898\n|move|p2a: Rotom|Helping Hand|p2b: Venusaur\n|-singleturn|p2b: Venusaur|Helping Hand|[of] p2a: Rotom\n|move|p1b: Sableye|Rain Dance|p1b: Sableye\n|-weather|RainDance\n|move|p1a: Sinistcha|Matcha Gotcha|p2a: Rotom|[spread] p2a,p2b\n|-supereffective|p2a: Rotom|1\n|-resisted|p2b: Venusaur|2\n|-damage|p2a: Rotom|40/100 brn\n|-damage|p2b: Venusaur|93/100\n|move|p2b: Venusaur|Leaf Storm|p1b: Sableye\n|-damage|p1b: Sableye|0 fnt\n|-unboost|p2b: Venusaur|spa|2\n|faint|p1b: Sableye\n|\n|-weather|RainDance|[upkeep]\n|-heal|p2a: Rotom|46/100 brn|[from] item: Leftovers\n|-damage|p2a: Rotom|40/100 brn|[from] brn\n|upkeep\n|turn|5\n|\n|t:|1776617926\n|move|p2b: Venusaur|Protect|p2b: Venusaur\n|-singleturn|p2b: Venusaur|Protect\n|move|p2a: Rotom|Protect|p2a: Rotom\n|-singleturn|p2a: Rotom|Protect\n|move|p1a: Sinistcha|Matcha Gotcha|p2b: Venusaur|[spread] \n|-activate|p2a: Rotom|move: Protect\n|-activate|p2b: Venusaur|move: Protect\n|\n|-weather|RainDance|[upkeep]\n|-heal|p2a: Rotom|46/100 brn|[from] item: Leftovers\n|-damage|p2a: Rotom|40/100 brn|[from] brn\n|-sideend|p1: CyberHope|move: Tailwind\n|upkeep\n|turn|6\n|\n|t:|1776617957\n|move|p2a: Rotom|Helping Hand|p2b: Venusaur\n|-singleturn|p2b: Venusaur|Helping Hand|[of] p2a: Rotom\n|move|p2b: Venusaur|Sludge Bomb|p1a: Sinistcha\n|-damage|p1a: Sinistcha|72/100\n|move|p1a: Sinistcha|Matcha Gotcha|p2a: Rotom|[spread] p2b\n|-miss|p1a: Sinistcha|p2a: Rotom\n|-resisted|p2b: Venusaur|2\n|-damage|p2b: Venusaur|85/100\n|-heal|p1a: Sinistcha|75/100|[from] drain|[of] p2b: Venusaur\n|\n|-weather|RainDance|[upkeep]\n|-heal|p2a: Rotom|46/100 brn|[from] item: Leftovers\n|-damage|p2a: Rotom|40/100 brn|[from] brn\n|upkeep\n|turn|7\n|\n|t:|1776617980\n|move|p2b: Venusaur|Sludge Bomb|p1a: Sinistcha\n|-damage|p1a: Sinistcha|54/100\n|move|p2a: Rotom|Thunderbolt|p1a: Sinistcha\n|-resisted|p1a: Sinistcha|1\n|-damage|p1a: Sinistcha|37/100\n|move|p1a: Sinistcha|Matcha Gotcha|p2b: Venusaur|[spread] p2a,p2b\n|-supereffective|p2a: Rotom|1\n|-resisted|p2b: Venusaur|2\n|-damage|p2a: Rotom|0 fnt\n|-heal|p1a: Sinistcha|54/100|[from] drain|[of] p2a: Rotom\n|-damage|p2b: Venusaur|79/100\n|-heal|p1a: Sinistcha|57/100|[from] drain|[of] p2b: Venusaur\n|faint|p2a: Rotom\n|\n|-weather|RainDance|[upkeep]\n|upkeep\n|turn|8\n|\n|t:|1776618000\n|move|p2b: Venusaur|Sludge Bomb|p1a: Sinistcha\n|-damage|p1a: Sinistcha|37/100\n|move|p1a: Sinistcha|Strength Sap|p2b: Venusaur\n|-unboost|p2b: Venusaur|atk|1\n|-heal|p1a: Sinistcha|88/100\n|\n|-weather|none\n|upkeep\n|turn|9\n|inactive|Battle timer is ON: inactive players will automatically lose when time's up. (requested by CyberHope)\n|\n|t:|1776618016\n|move|p2b: Venusaur|Sludge Bomb|p1a: Sinistcha\n|-damage|p1a: Sinistcha|68/100\n|move|p1a: Sinistcha|Matcha Gotcha|p2b: Venusaur\n|-resisted|p2b: Venusaur|2\n|-damage|p2b: Venusaur|68/100\n|-heal|p1a: Sinistcha|72/100|[from] drain|[of] p2b: Venusaur\n|\n|upkeep\n|turn|10\n|\n|t:|1776618026\n|move|p2b: Venusaur|Sludge Bomb|p1a: Sinistcha\n|-damage|p1a: Sinistcha|52/100\n|move|p1a: Sinistcha|Matcha Gotcha|p2b: Venusaur\n|-resisted|p2b: Venusaur|2\n|-damage|p2b: Venusaur|59/100\n|-heal|p1a: Sinistcha|57/100|[from] drain|[of] p2b: Venusaur\n|-status|p2b: Venusaur|brn\n|\n|-damage|p2b: Venusaur|53/100 brn|[from] brn\n|upkeep\n|turn|11\n|\n|t:|1776618042\n|move|p2b: Venusaur|Protect|p2b: Venusaur\n|-singleturn|p2b: Venusaur|Protect\n|move|p1a: Sinistcha|Strength Sap|p2b: Venusaur\n|-activate|p2b: Venusaur|move: Protect\n|\n|-damage|p2b: Venusaur|47/100 brn|[from] brn\n|upkeep\n|turn|12\n|\n|t:|1776618053\n|move|p2b: Venusaur|Sludge Bomb|p1a: Sinistcha\n|-damage|p1a: Sinistcha|36/100\n|move|p1a: Sinistcha|Strength Sap|p2b: Venusaur\n|-unboost|p2b: Venusaur|atk|1\n|-heal|p1a: Sinistcha|70/100\n|\n|-damage|p2b: Venusaur|42/100 brn|[from] brn\n|upkeep\n|turn|13\n|\n|t:|1776618063\n|move|p2b: Venusaur|Sludge Bomb|p1a: Sinistcha\n|-damage|p1a: Sinistcha|49/100\n|move|p1a: Sinistcha|Matcha Gotcha|p2b: Venusaur|[miss]\n|-miss|p1a: Sinistcha|p2b: Venusaur\n|\n|-damage|p2b: Venusaur|36/100 brn|[from] brn\n|upkeep\n|turn|14\n|\n|t:|1776618077\n|move|p2b: Venusaur|Sludge Bomb|p1a: Sinistcha\n|-damage|p1a: Sinistcha|31/100\n|move|p1a: Sinistcha|Strength Sap|p2b: Venusaur\n|-unboost|p2b: Venusaur|atk|1\n|-heal|p1a: Sinistcha|56/100\n|\n|-damage|p2b: Venusaur|30/100 brn|[from] brn\n|upkeep\n|turn|15\n|\n|t:|1776618099\n|move|p2b: Venusaur|Leaf Storm|p1a: Sinistcha\n|-resisted|p1a: Sinistcha|1\n|-damage|p1a: Sinistcha|41/100\n|-unboost|p2b: Venusaur|spa|2\n|move|p1a: Sinistcha|Strength Sap|p2b: Venusaur\n|-unboost|p2b: Venusaur|atk|1\n|-heal|p1a: Sinistcha|61/100\n|\n|-damage|p2b: Venusaur|24/100 brn|[from] brn\n|upkeep\n|turn|16\n|\n|t:|1776618112\n|move|p2b: Venusaur|Sludge Bomb|p1a: Sinistcha\n|-damage|p1a: Sinistcha|47/100\n|move|p1a: Sinistcha|Matcha Gotcha|p2b: Venusaur|[miss]\n|-miss|p1a: Sinistcha|p2b: Venusaur\n|\n|-damage|p2b: Venusaur|18/100 brn|[from] brn\n|upkeep\n|turn|17\n|\n|t:|1776618129\n|move|p2b: Venusaur|Sludge Bomb|p1a: Sinistcha\n|-damage|p1a: Sinistcha|33/100\n|move|p1a: Sinistcha|Strength Sap|p2b: Venusaur\n|-unboost|p2b: Venusaur|atk|1\n|-heal|p1a: Sinistcha|50/100\n|\n|-damage|p2b: Venusaur|13/100 brn|[from] brn\n|upkeep\n|turn|18\n|\n|t:|1776618140\n|move|p2b: Venusaur|Sludge Bomb|p1a: Sinistcha\n|-damage|p1a: Sinistcha|35/100\n|move|p1a: Sinistcha|Strength Sap|p2b: Venusaur\n|-unboost|p2b: Venusaur|atk|1\n|-heal|p1a: Sinistcha|49/100\n|\n|-damage|p2b: Venusaur|7/100 brn|[from] brn\n|upkeep\n|turn|19\n|\n|t:|1776618149\n|move|p2b: Venusaur|Protect|p2b: Venusaur\n|-singleturn|p2b: Venusaur|Protect\n|move|p1a: Sinistcha|Strength Sap|p2b: Venusaur\n|-activate|p2b: Venusaur|move: Protect\n|\n|-damage|p2b: Venusaur|1/100 brn|[from] brn\n|upkeep\n|turn|20\n|\n|t:|1776618158\n|move|p2b: Venusaur|Protect|p2b: Venusaur\n|-singleturn|p2b: Venusaur|Protect\n|move|p1a: Sinistcha|Protect||[still]\n|-fail|p1a: Sinistcha\n|\n|-damage|p2b: Venusaur|0 fnt|[from] brn\n|faint|p2b: Venusaur\n|\n|win|CyberHope\n|raw|CyberHope's rating: 1087 &rarr; <strong>1107</strong><br />(+20 for winning)\n|raw|Gabriel35d's rating: 1000 &rarr; <strong>1000</strong><br />(+0 for losing)\n|l|\u2606Gabriel35d\n|player|p2|\n",
  "uploadtime": 1776618169,
  "views": 12,
  "formatid": "gen9championsvgc2026regma",
  "rating": 1000,
  "private": 0,
  "password": null
}