{
  "id": "gen9championsvgc2026regma-2583274229",
  "format": "[Gen 9 Champions] VGC 2026 Reg M-A",
  "players": [
    "PokeHys2",
    "Valloo MLA"
  ],
  "log": "|j|\u2606PokeHys2\n|j|\u2606Valloo MLA\n|t:|1776162035\n|gametype|doubles\n|player|p1|PokeHys2|blackbelt-gen4dp|1465\n|player|p2|Valloo MLA|2|1447\n|gen|9\n|tier|[Gen 9 Champions] VGC 2026 Reg M-A\n|rated|\n|rule|Species Clause: Limit one of each Pok\u00e9mon\n|rule|Item Clause: Limit 1 of each item\n|clearpoke\n|poke|p1|Farigiraf, L50, M|\n|poke|p1|Blastoise, L50, F|\n|poke|p1|Incineroar, L50, M|\n|poke|p1|Sinistcha-Masterpiece, L50|\n|poke|p1|Kommo-o, L50, F|\n|poke|p1|Basculegion, L50, M|\n|poke|p2|Tyranitar, L50, F|\n|poke|p2|Excadrill, L50, F|\n|poke|p2|Farigiraf, L50, F|\n|poke|p2|Sinistcha, L50|\n|poke|p2|Sneasler, L50, F|\n|poke|p2|Milotic, L50, F|\n|teampreview|4\n|inactive|Battle timer is ON: inactive players will automatically lose when time's up. (requested by PokeHys2)\n|j| koplus\n|inactive|Valloo MLA has 60 seconds left.\n|\n|t:|1776162070\n|teamsize|p1|4\n|teamsize|p2|4\n|start\n|switch|p1a: Kommo-o|Kommo-o, L50, F|100/100\n|switch|p1b: Incineroar|Incineroar, L50, M|100/100\n|switch|p2a: Milotic|Milotic, L50, F|100/100\n|switch|p2b: Tyranitar|Tyranitar, L50, F|100/100\n|-weather|Sandstorm|[from] ability: Sand Stream|[of] p2b: Tyranitar\n|-ability|p1b: Incineroar|Intimidate|boost\n|-unboost|p2a: Milotic|atk|1\n|-ability|p2a: Milotic|Competitive|boost\n|-boost|p2a: Milotic|spa|2\n|-unboost|p2b: Tyranitar|atk|1\n|turn|1\n|j| sileshar\n|\n|t:|1776162093\n|switch|p2b: Excadrill|Excadrill, L50, F|100/100\n|move|p1b: Incineroar|Fake Out|p2a: Milotic\n|-damage|p2a: Milotic|88/100\n|move|p1a: Kommo-o|Clangorous Soul|p1a: Kommo-o\n|-boost|p1a: Kommo-o|atk|1\n|-boost|p1a: Kommo-o|def|1\n|-boost|p1a: Kommo-o|spa|1\n|-boost|p1a: Kommo-o|spd|1\n|-boost|p1a: Kommo-o|spe|1\n|-damage|p1a: Kommo-o|68/100\n|cant|p2a: Milotic|flinch\n|\n|-weather|Sandstorm|[upkeep]\n|-damage|p2a: Milotic|82/100|[from] Sandstorm\n|-damage|p1b: Incineroar|95/100|[from] Sandstorm\n|-heal|p1a: Kommo-o|74/100|[from] item: Leftovers\n|upkeep\n|turn|2\n|inactive|PokeHys2 has 30 seconds left.\n|\n|t:|1776162119\n|switch|p2b: Sinistcha|Sinistcha, L50|100/100\n|-heal|p2a: Milotic|100/100|[from] ability: Hospitality|[of] p2b: Sinistcha\n|switch|p1b: Sinistcha|Sinistcha-Masterpiece, L50|100/100\n|-heal|p1a: Kommo-o|99/100|[from] ability: Hospitality|[of] p1b: Sinistcha\n|move|p2a: Milotic|Protect|p2a: Milotic\n|-singleturn|p2a: Milotic|Protect\n|move|p1a: Kommo-o|Clanging Scales|p2a: Milotic|[spread] p2b\n|-activate|p2a: Milotic|move: Protect\n|-damage|p2b: Sinistcha|46/100\n|-unboost|p1a: Kommo-o|def|1\n|\n|-weather|Sandstorm|[upkeep]\n|-damage|p2a: Milotic|95/100|[from] Sandstorm\n|-damage|p1b: Sinistcha|94/100|[from] Sandstorm\n|-damage|p2b: Sinistcha|40/100|[from] Sandstorm\n|-heal|p1a: Kommo-o|100/100|[from] item: Leftovers\n|-heal|p2b: Sinistcha|46/100|[from] item: Leftovers\n|upkeep\n|turn|3\n|\n|t:|1776162133\n|move|p1a: Kommo-o|Clanging Scales|p2b: Sinistcha|[spread] p2a,p2b\n|-damage|p2a: Milotic|49/100\n|-damage|p2b: Sinistcha|0 fnt\n|faint|p2b: Sinistcha\n|-unboost|p1a: Kommo-o|def|1\n|move|p2a: Milotic|Ice Beam|p1b: Sinistcha\n|-supereffective|p1b: Sinistcha|1\n|-damage|p1b: Sinistcha|0 fnt\n|faint|p1b: Sinistcha\n|\n|-weather|Sandstorm|[upkeep]\n|-damage|p2a: Milotic|43/100|[from] Sandstorm\n|upkeep\n|\n|t:|1776162148\n|switch|p1b: Incineroar|Incineroar, L50, M|95/100\n|switch|p2b: Excadrill|Excadrill, L50, F|100/100\n|-ability|p1b: Incineroar|Intimidate|boost\n|-unboost|p2a: Milotic|atk|1\n|-ability|p2a: Milotic|Competitive|boost\n|-boost|p2a: Milotic|spa|2\n|-unboost|p2b: Excadrill|atk|1\n|turn|4\n|j| maliciousdeez\n|inactive|PokeHys2 has 30 seconds left.\n|\n|t:|1776162175\n|move|p2b: Excadrill|Protect|p2b: Excadrill\n|-singleturn|p2b: Excadrill|Protect\n|move|p2a: Milotic|Protect|p2a: Milotic\n|-singleturn|p2a: Milotic|Protect\n|move|p1b: Incineroar|Fake Out|p2b: Excadrill\n|-activate|p2b: Excadrill|move: Protect\n|move|p1a: Kommo-o|Clanging Scales|p2a: Milotic|[spread] \n|-activate|p2a: Milotic|move: Protect\n|-activate|p2b: Excadrill|move: Protect\n|\n|-weather|Sandstorm|[upkeep]\n|-damage|p2a: Milotic|37/100|[from] Sandstorm\n|-damage|p1b: Incineroar|89/100|[from] Sandstorm\n|upkeep\n|turn|5\n|\n|t:|1776162197\n|move|p2b: Excadrill|Rock Slide|p1a: Kommo-o|[spread] p1a\n|-miss|p2b: Excadrill|p1b: Incineroar\n|-resisted|p1a: Kommo-o|1\n|-damage|p1a: Kommo-o|90/100\n|move|p1a: Kommo-o|Clanging Scales|p2b: Excadrill|[spread] p2a,p2b\n|-resisted|p2b: Excadrill|1\n|-damage|p2a: Milotic|0 fnt\n|-damage|p2b: Excadrill|66/100\n|faint|p2a: Milotic\n|-unboost|p1a: Kommo-o|def|1\n|move|p1b: Incineroar|Flare Blitz|p2b: Excadrill\n|-supereffective|p2b: Excadrill|1\n|-damage|p2b: Excadrill|0 fnt\n|faint|p2b: Excadrill\n|-damage|p1b: Incineroar|68/100|[from] Recoil\n|\n|-weather|none\n|-heal|p1a: Kommo-o|96/100|[from] item: Leftovers\n|upkeep\n|\n|t:|1776162204\n|switch|p2b: Tyranitar|Tyranitar, L50, F|100/100\n|-weather|Sandstorm|[from] ability: Sand Stream|[of] p2b: Tyranitar\n|turn|6\n|\n|t:|1776162211\n|detailschange|p2b: Tyranitar|Tyranitar-Mega, L50, F\n|-mega|p2b: Tyranitar|Tyranitar|Tyranitarite\n|move|p1a: Kommo-o|Aura Sphere|p2b: Tyranitar\n|-supereffective|p2b: Tyranitar|2\n|-damage|p2b: Tyranitar|0 fnt\n|faint|p2b: Tyranitar\n|\n|win|PokeHys2\n|raw|PokeHys2's rating: 1465 &rarr; <strong>1484</strong><br />(+19 for winning)\n|raw|Valloo MLA's rating: 1447 &rarr; <strong>1428</strong><br />(-19 for losing)\n|l|\u2606Valloo MLA\n|player|p2|\n",
  "uploadtime": 1776162217,
  "views": 64,
  "formatid": "gen9championsvgc2026regma",
  "rating": 1428,
  "private": 0,
  "password": null
}