{
  "id": "gen9championsvgc2026regma-2584166549",
  "format": "[Gen 9 Champions] VGC 2026 Reg M-A",
  "players": [
    "B3ns0nR3gularShow",
    "big guy big guy"
  ],
  "log": "|j|\u2606B3ns0nR3gularShow\n|j|\u2606big guy big guy\n|t:|1776233245\n|gametype|doubles\n|player|p1|B3ns0nR3gularShow|swimmer-gen4|1097\n|player|p2|big guy big guy|102|1175\n|gen|9\n|tier|[Gen 9 Champions] VGC 2026 Reg M-A\n|rated|\n|rule|Species Clause: Limit one of each Pok\u00e9mon\n|rule|Item Clause: Limit 1 of each item\n|clearpoke\n|poke|p1|Palafin, L50, F|\n|poke|p1|Pelipper, L50, M|\n|poke|p1|Whimsicott, L50, F|\n|poke|p1|Starmie, L50|\n|poke|p1|Dragapult, L50, F|\n|poke|p1|Archaludon, L50, M|\n|poke|p2|Greninja-*, L50, F|\n|poke|p2|Kommo-o, L50, M|\n|poke|p2|Gallade, L50, M|\n|poke|p2|Delphox, L50, F|\n|poke|p2|Aerodactyl, L50, F|\n|poke|p2|Tsareena, L50, F|\n|teampreview|4\n|inactive|Battle timer is ON: inactive players will automatically lose when time's up. (requested by B3ns0nR3gularShow)\nB3ns0nR3gularShow has agreed to open team sheets.\n|inactive|big guy big guy has 60 seconds left.\n|\n|t:|1776233278\n|teamsize|p1|4\n|teamsize|p2|4\n|start\n|switch|p1a: Pelipper|Pelipper, L50, M|100/100\n|switch|p1b: Palafin|Palafin, L50, F|100/100\n|switch|p2a: Greninja|Greninja, L50, F|100/100\n|switch|p2b: Aerodactyl|Aerodactyl, L50, F|100/100\n|-ability|p2b: Aerodactyl|Unnerve\n|-weather|RainDance|[from] ability: Drizzle|[of] p1a: Pelipper\n|turn|1\n|\n|t:|1776233299\n|move|p2a: Greninja|Dark Pulse|p1b: Palafin\n|-start|p2a: Greninja|typechange|Dark|[from] ability: Protean\n|-damage|p1b: Palafin|54/100\n|move|p2b: Aerodactyl|Tailwind|p2b: Aerodactyl\n|-sidestart|p2: big guy big guy|move: Tailwind\n|move|p1b: Palafin|Close Combat|p2a: Greninja\n|-supereffective|p2a: Greninja|1\n|-damage|p2a: Greninja|1/100\n|-unboost|p1b: Palafin|def|1\n|-unboost|p1b: Palafin|spd|1\n|-enditem|p1b: Palafin|White Herb\n|-clearnegativeboost|p1b: Palafin|[silent]\n|move|p1a: Pelipper|Tailwind|p1a: Pelipper\n|-sidestart|p1: B3ns0nR3gularShow|move: Tailwind\n|\n|-weather|RainDance|[upkeep]\n|upkeep\n|turn|2\n|\n|t:|1776233318\n|move|p1b: Palafin|Jet Punch|p2a: Greninja\n|-damage|p2a: Greninja|0 fnt\n|faint|p2a: Greninja\n|move|p2b: Aerodactyl|Rock Slide|p1b: Palafin|[spread] p1a,p1b\n|-supereffective|p1a: Pelipper|1\n|-crit|p1b: Palafin\n|-damage|p1a: Pelipper|25/100\n|-damage|p1b: Palafin|12/100\n|move|p1a: Pelipper|Weather Ball|p2b: Aerodactyl\n|-supereffective|p2b: Aerodactyl|1\n|-enditem|p2b: Aerodactyl|Focus Sash\n|-damage|p2b: Aerodactyl|1/100\n|\n|-weather|RainDance|[upkeep]\n|upkeep\n|\n|t:|1776233333\n|switch|p2a: Kommo-o|Kommo-o, L50, M|100/100\n|turn|3\n|\n|t:|1776233342\n|move|p2b: Aerodactyl|Protect|p2b: Aerodactyl\n|-singleturn|p2b: Aerodactyl|Protect\n|move|p1b: Palafin|Jet Punch|p2b: Aerodactyl\n|-activate|p2b: Aerodactyl|move: Protect\n|move|p2a: Kommo-o|Clanging Scales|p1a: Pelipper|[spread] p1a,p1b\n|-damage|p1a: Pelipper|0 fnt\n|-damage|p1b: Palafin|0 fnt\n|faint|p1a: Pelipper\n|faint|p1b: Palafin\n|-unboost|p2a: Kommo-o|def|1\n|\n|-weather|RainDance|[upkeep]\n|upkeep\n|\n|t:|1776233351\n|switch|p1b: Starmie|Starmie, L50|100/100\n|switch|p1a: Whimsicott|Whimsicott, L50, F|100/100\n|turn|4\n|\n|t:|1776233366\n|detailschange|p1b: Starmie|Starmie-Mega, L50\n|-mega|p1b: Starmie|Starmie|Starminite\n|move|p1b: Starmie|Aqua Jet|p2b: Aerodactyl\n|-supereffective|p2b: Aerodactyl|1\n|-damage|p2b: Aerodactyl|0 fnt\n|faint|p2b: Aerodactyl\n|move|p2a: Kommo-o|Hyper Voice|p1b: Starmie|[spread] p1a,p1b\n|-damage|p1a: Whimsicott|82/100\n|-damage|p1b: Starmie|75/100\n|move|p1a: Whimsicott|Moonblast|p2a: Kommo-o\n|-supereffective|p2a: Kommo-o|2\n|-damage|p2a: Kommo-o|0 fnt\n|faint|p2a: Kommo-o\n|\n|-weather|RainDance|[upkeep]\n|-sideend|p2: big guy big guy|move: Tailwind\n|-sideend|p1: B3ns0nR3gularShow|move: Tailwind\n|upkeep\n|\n|t:|1776233372\n|switch|p2b: Gallade|Gallade, L50, M|100/100\n|turn|5\n|\n|t:|1776233383\n|detailschange|p2b: Gallade|Gallade-Mega, L50, M\n|-mega|p2b: Gallade|Gallade|Galladite\n|move|p1a: Whimsicott|Substitute|p1a: Whimsicott\n|-start|p1a: Whimsicott|Substitute\n|-damage|p1a: Whimsicott|57/100\n|move|p1b: Starmie|Psycho Cut|p2b: Gallade\n|-damage|p2b: Gallade|9/100\n|move|p2b: Gallade|Leaf Blade|p1b: Starmie\n|-supereffective|p1b: Starmie|1\n|-damage|p1b: Starmie|0 fnt\n|faint|p1b: Starmie\n|\n|-weather|none\n|upkeep\n|turn|6\n|\n|t:|1776233401\n|move|p2b: Gallade|Psycho Cut|p1a: Whimsicott\n|-end|p1a: Whimsicott|Substitute\n|move|p1a: Whimsicott|Moonblast|p2b: Gallade\n|-supereffective|p2b: Gallade|1\n|-damage|p2b: Gallade|0 fnt\n|faint|p2b: Gallade\n|\n|win|B3ns0nR3gularShow\n|raw|B3ns0nR3gularShow's rating: 1097 &rarr; <strong>1128</strong><br />(+31 for winning)\n|raw|big guy big guy's rating: 1175 &rarr; <strong>1144</strong><br />(-31 for losing)\n|l|\u2606big guy big guy\n|player|p2|\n|c|\u2606B3ns0nR3gularShow|gg\n",
  "uploadtime": 1776233406,
  "views": 32,
  "formatid": "gen9championsvgc2026regma",
  "rating": 1128,
  "private": 0,
  "password": null
}