{
  "id": "gen9championsvgc2026regma-2581306729",
  "format": "[Gen 9 Champions] VGC 2026 Reg M-A",
  "players": [
    "kadendang",
    "LeChatou26"
  ],
  "log": "|j|\u2606kadendang\n|j|\u2606LeChatou26\n|t:|1775984326\n|gametype|doubles\n|player|p1|kadendang|1|1076\n|player|p2|LeChatou26|schoolkidf|1000\n|gen|9\n|tier|[Gen 9 Champions] VGC 2026 Reg M-A\n|rated|\n|rule|Species Clause: Limit one of each Pok\u00e9mon\n|rule|Item Clause: Limit 1 of each item\n|clearpoke\n|poke|p1|Drampa, L50, F|\n|poke|p1|Kingambit, L50, F|\n|poke|p1|Incineroar, L50, F|\n|poke|p1|Sneasler, L50, F|\n|poke|p1|Cofagrigus, L50, F|\n|poke|p1|Clefable, L50, M|\n|poke|p2|Floette-Eternal, L50, F|\n|poke|p2|Garchomp, L50, F|\n|poke|p2|Maushold, L50|\n|poke|p2|Rotom-Wash, L50|\n|poke|p2|Talonflame, L50, F|\n|poke|p2|Sinistcha, L50|\n|teampreview|4\n|\n|t:|1775984368\n|teamsize|p1|4\n|teamsize|p2|4\n|start\n|switch|p1a: Drampa|Drampa, L50, F|100/100\n|switch|p1b: Sneasler|Sneasler, L50, F|100/100\n|switch|p2a: Garchomp|Garchomp, L50, F|100/100\n|switch|p2b: Talonflame|Talonflame, L50, F|100/100\n|-ability|p1a: Drampa|Cloud Nine\n|turn|1\n|\n|t:|1775984404\n|detailschange|p1a: Drampa|Drampa-Mega, L50, F\n|-mega|p1a: Drampa|Drampa|Drampanite\n|move|p2a: Garchomp|Protect|p2a: Garchomp\n|-singleturn|p2a: Garchomp|Protect\n|move|p1b: Sneasler|Fake Out|p2a: Garchomp\n|-activate|p2a: Garchomp|move: Protect\n|move|p2b: Talonflame|Tailwind|p2b: Talonflame\n|-sidestart|p2: LeChatou26|move: Tailwind\n|move|p1a: Drampa|Calm Mind|p1a: Drampa\n|-boost|p1a: Drampa|spa|1\n|-boost|p1a: Drampa|spd|1\n|\n|upkeep\n|turn|2\n|\n|t:|1775984430\n|switch|p1b: Incineroar|Incineroar, L50, F|100/100\n|-ability|p1b: Incineroar|Intimidate|boost\n|-unboost|p2a: Garchomp|atk|1\n|-unboost|p2b: Talonflame|atk|1\n|move|p2b: Talonflame|Brave Bird|p1a: Drampa\n|-damage|p1a: Drampa|73/100\n|-damage|p2b: Talonflame|90/100|[from] Recoil\n|move|p2a: Garchomp|Earthquake|p1a: Drampa|[spread] p1a,p1b\n|-immune|p2b: Talonflame\n|-supereffective|p1b: Incineroar|1\n|-damage|p1a: Drampa|51/100\n|-damage|p1b: Incineroar|35/100\n|-enditem|p1b: Incineroar|Sitrus Berry|[eat]\n|-heal|p1b: Incineroar|60/100|[from] item: Sitrus Berry\n|move|p1a: Drampa|Hyper Voice|p2b: Talonflame|[spread] p2a,p2b\n|-damage|p2a: Garchomp|30/100\n|-damage|p2b: Talonflame|0 fnt\n|faint|p2b: Talonflame\n|\n|upkeep\n|\n|t:|1775984448\n|switch|p2b: Sinistcha|Sinistcha, L50|100/100\n|-heal|p2a: Garchomp|55/100|[from] ability: Hospitality|[of] p2b: Sinistcha\n|turn|3\n|\n|t:|1775984480\n|move|p1b: Incineroar|Fake Out|p2a: Garchomp\n|-damage|p2a: Garchomp|42/100\n|cant|p2a: Garchomp|flinch\n|move|p2b: Sinistcha|Matcha Gotcha|p1b: Incineroar|[spread] p1a,p1b\n|-resisted|p1a: Drampa|1\n|-resisted|p1b: Incineroar|1\n|-damage|p1a: Drampa|44/100\n|-damage|p1b: Incineroar|49/100\n|-ability|p1a: Drampa|Berserk|boost\n|-boost|p1a: Drampa|spa|1\n|move|p1a: Drampa|Hyper Voice|p2a: Garchomp|[spread] p2a\n|-immune|p2b: Sinistcha\n|-damage|p2a: Garchomp|0 fnt\n|faint|p2a: Garchomp\n|\n|upkeep\n|\n|t:|1775984494\n|switch|p2a: Floette|Floette-Eternal, L50, F|100/100\n|turn|4\n|inactive|Battle timer is ON: inactive players will automatically lose when time's up. (requested by LeChatou26)\n|\n|t:|1775984531\n|switch|p1b: Kingambit|Kingambit, L50, F|100/100\n|detailschange|p2a: Floette|Floette-Mega, L50, F\n|-mega|p2a: Floette|Floette|Floettite\n|-ability|p2a: Floette|Fairy Aura\n|move|p2b: Sinistcha|Rage Powder|p2b: Sinistcha\n|-singleturn|p2b: Sinistcha|move: Rage Powder\n|move|p2a: Floette|Dazzling Gleam|p1b: Kingambit|[spread] p1a,p1b\n|-supereffective|p1a: Drampa|1\n|-damage|p1a: Drampa|0 fnt\n|-damage|p1b: Kingambit|48/100\n|faint|p1a: Drampa\n|\n|-sideend|p2: LeChatou26|move: Tailwind\n|upkeep\n|\n|t:|1775984545\n|switch|p1a: Sneasler|Sneasler, L50, F|100/100\n|turn|5\n|\n|t:|1775984559\n|move|p2a: Floette|Protect|p2a: Floette\n|-singleturn|p2a: Floette|Protect\n|move|p2b: Sinistcha|Protect|p2b: Sinistcha\n|-singleturn|p2b: Sinistcha|Protect\n|move|p1a: Sneasler|Fake Out|p2a: Floette\n|-activate|p2a: Floette|move: Protect\n|move|p1b: Kingambit|Kowtow Cleave|p2b: Sinistcha\n|-activate|p2b: Sinistcha|move: Protect\n|\n|upkeep\n|turn|6\n|inactive|kadendang has 30 seconds left.\n|\n|t:|1775984590\n|move|p2b: Sinistcha|Rage Powder|p2b: Sinistcha\n|-singleturn|p2b: Sinistcha|move: Rage Powder\n|move|p1a: Sneasler|Dire Claw|p2b: Sinistcha\n|-damage|p2b: Sinistcha|63/100\n|move|p2a: Floette|Dazzling Gleam|p1b: Kingambit|[spread] p1a,p1b\n|-damage|p1a: Sneasler|38/100\n|-damage|p1b: Kingambit|0 fnt\n|faint|p1b: Kingambit\n|\n|upkeep\n|\n|t:|1775984600\n|switch|p1b: Incineroar|Incineroar, L50, F|49/100\n|-ability|p1b: Incineroar|Intimidate|boost\n|-unboost|p2a: Floette|atk|1\n|-unboost|p2b: Sinistcha|atk|1\n|turn|7\n|\n|t:|1775984624\n|move|p2a: Floette|Protect|p2a: Floette\n|-singleturn|p2a: Floette|Protect\n|move|p2b: Sinistcha|Protect|p2b: Sinistcha\n|-singleturn|p2b: Sinistcha|Protect\n|move|p1a: Sneasler|Dire Claw|p2a: Floette\n|-activate|p2a: Floette|move: Protect\n|move|p1b: Incineroar|Flare Blitz|p2b: Sinistcha\n|-activate|p2b: Sinistcha|move: Protect\n|\n|upkeep\n|turn|8\n|\n|t:|1775984636\n|move|p2b: Sinistcha|Rage Powder|p2b: Sinistcha\n|-singleturn|p2b: Sinistcha|move: Rage Powder\n|move|p1a: Sneasler|Dire Claw|p2b: Sinistcha\n|-damage|p2b: Sinistcha|30/100\n|move|p2a: Floette|Dazzling Gleam|p1a: Sneasler|[spread] p1a,p1b\n|-damage|p1a: Sneasler|0 fnt\n|-damage|p1b: Incineroar|2/100\n|faint|p1a: Sneasler\n|move|p1b: Incineroar|Flare Blitz|p2b: Sinistcha\n|-supereffective|p2b: Sinistcha|1\n|-enditem|p2b: Sinistcha|Occa Berry|[eat]\n|-enditem|p2b: Sinistcha|Occa Berry|[weaken]\n|-damage|p2b: Sinistcha|0 fnt\n|faint|p2b: Sinistcha\n|-damage|p1b: Incineroar|0 fnt|[from] Recoil\n|faint|p1b: Incineroar\n|\n|win|LeChatou26\n|raw|kadendang's rating: 1076 &rarr; <strong>1050</strong><br />(-26 for losing)\n|raw|LeChatou26's rating: 1000 &rarr; <strong>1049</strong><br />(+49 for winning)\n",
  "uploadtime": 1775984637,
  "views": 14,
  "formatid": "gen9championsvgc2026regma",
  "rating": 1049,
  "private": 0,
  "password": null
}