{
  "id": "gen9championsvgc2026regma-2584732515",
  "format": "[Gen 9 Champions] VGC 2026 Reg M-A",
  "players": [
    "Digga D2.0",
    "MillieMeadows"
  ],
  "log": "|j|\u2606Digga D2.0\n|j|\u2606MillieMeadows\n|t:|1776279772\n|gametype|doubles\n|player|p1|Digga D2.0|gardenia|1213\n|player|p2|MillieMeadows|nurseryaide|1152\n|gen|9\n|tier|[Gen 9 Champions] VGC 2026 Reg M-A\n|rated|\n|rule|Species Clause: Limit one of each Pok\u00e9mon\n|rule|Item Clause: Limit 1 of each item\n|clearpoke\n|poke|p1|Pelipper, L50, F|\n|poke|p1|Archaludon, L50, M|\n|poke|p1|Dragonite, L50, M|\n|poke|p1|Sneasler, L50, M|\n|poke|p1|Basculegion, L50, M|\n|poke|p1|Sinistcha, L50|\n|poke|p2|Froslass, L50, F|\n|poke|p2|Rotom-Frost, L50|\n|poke|p2|Sylveon, L50, F|\n|poke|p2|Excadrill, L50, F|\n|poke|p2|Milotic, L50, M|\n|poke|p2|Whimsicott, L50, F|\n|teampreview|4\n|\n|t:|1776279827\n|teamsize|p1|4\n|teamsize|p2|4\n|start\n|switch|p1a: Sneasler|Sneasler, L50, M|100/100\n|switch|p1b: Bak2Bed|Archaludon, L50, M, shiny|100/100\n|switch|p2a: Froslass|Froslass, L50, F|100/100\n|switch|p2b: Whimsicott|Whimsicott, L50, F|100/100\n|turn|1\n|\n|t:|1776279856\n|detailschange|p2a: Froslass|Froslass-Mega, L50, F\n|-mega|p2a: Froslass|Froslass|Froslassite\n|-weather|Snowscape|[from] ability: Snow Warning|[of] p2a: Froslass\n|move|p2b: Whimsicott|Protect|p2b: Whimsicott\n|-singleturn|p2b: Whimsicott|Protect\n|move|p1a: Sneasler|Fake Out|p2b: Whimsicott\n|-activate|p2b: Whimsicott|move: Protect\n|move|p2a: Froslass|Aurora Veil|p2a: Froslass\n|-sidestart|p2: MillieMeadows|move: Aurora Veil\n|move|p1b: Bak2Bed|Flash Cannon|p2a: Froslass\n|-supereffective|p2a: Froslass|1\n|-crit|p2a: Froslass\n|-damage|p2a: Froslass|0 fnt\n|faint|p2a: Froslass\n|\n|-weather|Snowscape|[upkeep]\n|upkeep\n|\n|t:|1776279875\n|switch|p2a: Excadrill|Excadrill, L50, F|100/100\n|-ability|p2a: Excadrill|Mold Breaker\n|turn|2\n|\n|t:|1776279906\n|move|p2b: Whimsicott|Tailwind|p2b: Whimsicott\n|-sidestart|p2: MillieMeadows|move: Tailwind\n|move|p2a: Excadrill|High Horsepower|p1a: Sneasler\n|-supereffective|p1a: Sneasler|1\n|-damage|p1a: Sneasler|0 fnt\n|faint|p1a: Sneasler\n|move|p1b: Bak2Bed|Flash Cannon|p2b: Whimsicott\n|-supereffective|p2b: Whimsicott|1\n|-damage|p2b: Whimsicott|29/100\n|\n|-weather|Snowscape|[upkeep]\n|upkeep\n|\n|t:|1776279917\n|switch|p1a: Poppin|Pelipper, L50, F|100/100\n|-weather|RainDance|[from] ability: Drizzle|[of] p1a: Poppin\n|turn|3\n|\n|t:|1776279957\n|move|p1b: Bak2Bed|Protect|p1b: Bak2Bed\n|-singleturn|p1b: Bak2Bed|Protect\n|move|p2a: Excadrill|High Horsepower|p1b: Bak2Bed\n|-activate|p1b: Bak2Bed|move: Protect\n|move|p2b: Whimsicott|Moonblast|p1a: Poppin\n|-damage|p1a: Poppin|36/100\n|move|p1a: Poppin|Weather Ball|p2a: Excadrill\n|-supereffective|p2a: Excadrill|1\n|-damage|p2a: Excadrill|0 fnt\n|faint|p2a: Excadrill\n|\n|-weather|RainDance|[upkeep]\n|upkeep\n|\n|t:|1776279972\n|switch|p2a: Sylveon|Sylveon, L50, F|100/100\n|turn|4\n|\n|t:|1776279994\n|move|p1a: Poppin|Wide Guard|p1a: Poppin\n|-singleturn|p1a: Poppin|Wide Guard\n|move|p2b: Whimsicott|Encore|p1b: Bak2Bed\n|-start|p1b: Bak2Bed|Encore\n|move|p1b: Bak2Bed|Protect||[still]\n|-fail|p1b: Bak2Bed\n|move|p2a: Sylveon|Hyper Voice|p1a: Poppin|[spread] \n|-activate|p1a: Poppin|move: Wide Guard\n|-activate|p1b: Bak2Bed|move: Wide Guard\n|\n|-weather|RainDance|[upkeep]\n|upkeep\n|turn|5\n|\n|t:|1776280030\n|move|p1b: Bak2Bed|Protect|p1b: Bak2Bed\n|-singleturn|p1b: Bak2Bed|Protect\n|move|p2b: Whimsicott|Moonblast|p1a: Poppin\n|-damage|p1a: Poppin|0 fnt\n|faint|p1a: Poppin\n|move|p2a: Sylveon|Moonblast|p1b: Bak2Bed\n|-activate|p1b: Bak2Bed|move: Protect\n|\n|-weather|RainDance|[upkeep]\n|-sideend|p2: MillieMeadows|move: Tailwind\n|-sideend|p2: MillieMeadows|move: Aurora Veil\n|upkeep\n|\n|t:|1776280043\n|switch|p1a: Real six|Basculegion, L50, M, shiny|100/100\n|turn|6\n|\n|t:|1776280084\n|move|p1b: Bak2Bed|Protect||[still]\n|-fail|p1b: Bak2Bed\n|move|p2b: Whimsicott|Tailwind|p2b: Whimsicott\n|-sidestart|p2: MillieMeadows|move: Tailwind\n|move|p1a: Real six|Wave Crash|p2a: Sylveon\n|-damage|p2a: Sylveon|0 fnt\n|faint|p2a: Sylveon\n|-damage|p1a: Real six|72/100|[from] Recoil\n|\n|-weather|RainDance|[upkeep]\n|-end|p1b: Bak2Bed|Encore\n|upkeep\n|turn|7\n|\n|t:|1776280100\n|move|p2b: Whimsicott|Moonblast|p1a: Real six\n|-damage|p1a: Real six|25/100\n|move|p1a: Real six|Last Respects|p2b: Whimsicott\n|-damage|p2b: Whimsicott|0 fnt\n|faint|p2b: Whimsicott\n|\n|win|Digga D2.0\n|raw|Digga D2.0's rating: 1213 &rarr; <strong>1234</strong><br />(+21 for winning)\n|raw|MillieMeadows's rating: 1152 &rarr; <strong>1131</strong><br />(-21 for losing)\n|c|\u2606MillieMeadows|Gg\n|c|\u2606Digga D2.0|Gg\n|l|\u2606Digga D2.0\n|player|p1|\n|j|\u2606Digga D2.0\n|player|p1|Digga D2.0|gardenia|\n",
  "uploadtime": 1776280479,
  "views": 27,
  "formatid": "gen9championsvgc2026regma",
  "rating": 1131,
  "private": 0,
  "password": null
}