{
  "id": "gen9championsvgc2026regma-2583590308",
  "format": "[Gen 9 Champions] VGC 2026 Reg M-A",
  "players": [
    "gurt_wasd",
    "Dramgar_04"
  ],
  "log": "|j|\u2606gurt_wasd\n|j|\u2606Dramgar_04\n|t:|1776185181\n|gametype|doubles\n|player|p1|gurt_wasd|101|1057\n|player|p2|Dramgar_04|hilbert|1000\n|gen|9\n|tier|[Gen 9 Champions] VGC 2026 Reg M-A\n|rated|\n|rule|Species Clause: Limit one of each Pok\u00e9mon\n|rule|Item Clause: Limit 1 of each item\n|clearpoke\n|poke|p1|Archaludon, L50, M|\n|poke|p1|Pelipper, L50, F|\n|poke|p1|Starmie, L50|\n|poke|p1|Sinistcha, L50|\n|poke|p1|Sneasler, L50, F|\n|poke|p1|Incineroar, L50, M|\n|poke|p2|Emboar, L50, F|\n|poke|p2|Whimsicott, L50, F|\n|poke|p2|Sinistcha, L50|\n|poke|p2|Sylveon, L50, F|\n|poke|p2|Corviknight, L50, F|\n|poke|p2|Azumarill, L50, M|\n|teampreview|4\n|inactive|Battle timer is ON: inactive players will automatically lose when time's up. (requested by Dramgar_04)\n|inactive|gurt_wasd has 60 seconds left.\n|\n|t:|1776185241\n|teamsize|p1|4\n|teamsize|p2|4\n|start\n|switch|p1a: Incineroar|Incineroar, L50, M|100/100\n|switch|p1b: Pelipper|Pelipper, L50, F|100/100\n|switch|p2a: Whimsicott|Whimsicott, L50, F, shiny|100/100\n|switch|p2b: Emboar|Emboar, L50, F|100/100\n|-weather|RainDance|[from] ability: Drizzle|[of] p1b: Pelipper\n|-ability|p1a: Incineroar|Intimidate|boost\n|-unboost|p2a: Whimsicott|atk|1\n|-unboost|p2b: Emboar|atk|1\n|turn|1\n|\n|t:|1776185265\n|switch|p2b: Azumarill|Azumarill, L50, M|100/100\n|move|p2a: Whimsicott|Protect|p2a: Whimsicott\n|-singleturn|p2a: Whimsicott|Protect\n|move|p1a: Incineroar|Fake Out|p2a: Whimsicott\n|-activate|p2a: Whimsicott|move: Protect\n|move|p1b: Pelipper|Tailwind|p1b: Pelipper\n|-sidestart|p1: gurt_wasd|move: Tailwind\n|\n|-weather|RainDance|[upkeep]\n|upkeep\n|turn|2\n|\n|t:|1776185289\n|switch|p1a: Archaludon|Archaludon, L50, M|100/100\n|move|p1b: Pelipper|Hurricane|p2a: Whimsicott\n|-supereffective|p2a: Whimsicott|1\n|-damage|p2a: Whimsicott|7/100\n|move|p2b: Azumarill|Play Rough|p1b: Pelipper\n|-damage|p1b: Pelipper|48/100\n|-unboost|p1b: Pelipper|atk|1\n|move|p2a: Whimsicott|Trick Room|p2a: Whimsicott\n|-fieldstart|move: Trick Room|[of] p2a: Whimsicott\n|\n|-weather|RainDance|[upkeep]\n|upkeep\n|turn|3\n|inactive|gurt_wasd has 30 seconds left.\n|inactive|Dramgar_04 has 30 seconds left.\n|inactive|Dramgar_04 has 20 seconds left.\n|\n|t:|1776185327\n|switch|p2b: Emboar|Emboar, L50, F|100/100\n|move|p2a: Whimsicott|Moonblast|p1b: Pelipper\n|-damage|p1b: Pelipper|8/100\n|move|p1b: Pelipper|U-turn|p2a: Whimsicott\n|-damage|p2a: Whimsicott|2/100\n|\n|t:|1776185337\n|switch|p1b: Incineroar|Incineroar, L50, M|100/100|[from] U-turn\n|-ability|p1b: Incineroar|Intimidate|boost\n|-unboost|p2a: Whimsicott|atk|1\n|-unboost|p2b: Emboar|atk|1\n|move|p1a: Archaludon|Electro Shot||[still]\n|-prepare|p1a: Archaludon|Electro Shot\n|-boost|p1a: Archaludon|spa|1\n|-anim|p1a: Archaludon|Electro Shot|p2b: Emboar\n|-damage|p2b: Emboar|14/100\n|\n|-weather|RainDance|[upkeep]\n|upkeep\n|turn|4\n|\n|t:|1776185362\n|detailschange|p2b: Emboar|Emboar-Mega, L50, F\n|-mega|p2b: Emboar|Emboar|Emboarite\n|-ability|p2b: Emboar|Mold Breaker\n|move|p2a: Whimsicott|Protect|p2a: Whimsicott\n|-singleturn|p2a: Whimsicott|Protect\n|move|p2b: Emboar|Drain Punch|p1a: Archaludon\n|-supereffective|p1a: Archaludon|1\n|-damage|p1a: Archaludon|45/100\n|-heal|p2b: Emboar|36/100|[from] drain|[of] p1a: Archaludon\n|-ability|p1a: Archaludon|Stamina|boost\n|-boost|p1a: Archaludon|def|1\n|move|p1b: Incineroar|Parting Shot|p2b: Emboar\n|-unboost|p2b: Emboar|atk|1\n|-unboost|p2b: Emboar|spa|1\n|\n|t:|1776185386\n|switch|p1b: Sinistcha|Sinistcha, L50|100/100|[from] Parting Shot\n|-heal|p1a: Archaludon|70/100|[from] ability: Hospitality|[of] p1b: Sinistcha\n|move|p1a: Archaludon|Snarl|p2a: Whimsicott|[spread] p2b\n|-activate|p2a: Whimsicott|move: Protect\n|-resisted|p2b: Emboar|1\n|-damage|p2b: Emboar|27/100\n|-unboost|p2b: Emboar|spa|1\n|\n|-weather|RainDance|[upkeep]\n|-sideend|p1: gurt_wasd|move: Tailwind\n|upkeep\n|turn|5\n|inactive|Dramgar_04 has 30 seconds left.\n|inactive|gurt_wasd has 30 seconds left.\n|\n|t:|1776185419\n|switch|p2b: Azumarill|Azumarill, L50, M|100/100\n|switch|p2a: Sinistcha|Sinistcha, L50|100/100\n|move|p1b: Sinistcha|Matcha Gotcha|p2a: Sinistcha|[spread] p2a,p2b\n|-resisted|p2a: Sinistcha|1\n|-supereffective|p2b: Azumarill|1\n|-enditem|p2b: Azumarill|Rindo Berry|[eat]\n|-enditem|p2b: Azumarill|Rindo Berry|[weaken]\n|-damage|p2a: Sinistcha|90/100\n|-damage|p2b: Azumarill|75/100\n|move|p1a: Archaludon|Electro Shot||[still]\n|-prepare|p1a: Archaludon|Electro Shot\n|-boost|p1a: Archaludon|spa|1\n|-anim|p1a: Archaludon|Electro Shot|p2b: Azumarill\n|-supereffective|p2b: Azumarill|1\n|-damage|p2b: Azumarill|0 fnt\n|faint|p2b: Azumarill\n|\n|-weather|none\n|upkeep\n|\n|t:|1776185436\n|switch|p2b: Emboar|Emboar-Mega, L50, F|27/100\n|-ability|p2b: Emboar|Mold Breaker\n|turn|6\n|\n|t:|1776185452\n|switch|p1a: Pelipper|Pelipper, L50, F|8/100\n|-weather|RainDance|[from] ability: Drizzle|[of] p1a: Pelipper\n|move|p1b: Sinistcha|Protect|p1b: Sinistcha\n|-singleturn|p1b: Sinistcha|Protect\n|move|p2a: Sinistcha|Rage Powder|p2a: Sinistcha\n|-singleturn|p2a: Sinistcha|move: Rage Powder\n|move|p2b: Emboar|Bulk Up|p2b: Emboar\n|-boost|p2b: Emboar|atk|1\n|-boost|p2b: Emboar|def|1\n|\n|-weather|RainDance|[upkeep]\n|-fieldend|move: Trick Room\n|upkeep\n|turn|7\n|\n|t:|1776185474\n|move|p1b: Sinistcha|Rage Powder|p1b: Sinistcha\n|-singleturn|p1b: Sinistcha|move: Rage Powder\n|move|p2a: Sinistcha|Rage Powder|p2a: Sinistcha\n|-singleturn|p2a: Sinistcha|move: Rage Powder\n|move|p1a: Pelipper|Tailwind|p1a: Pelipper\n|-sidestart|p1: gurt_wasd|move: Tailwind\n|move|p2b: Emboar|Drain Punch|p1b: Sinistcha\n|-immune|p1b: Sinistcha\n|\n|-weather|RainDance|[upkeep]\n|upkeep\n|turn|8\n|inactive|gurt_wasd has 30 seconds left.\n|\n|t:|1776185500\n|move|p1b: Sinistcha|Rage Powder|p1b: Sinistcha\n|-singleturn|p1b: Sinistcha|move: Rage Powder\n|move|p2a: Sinistcha|Rage Powder|p2a: Sinistcha\n|-singleturn|p2a: Sinistcha|move: Rage Powder\n|move|p1a: Pelipper|Hurricane|p2a: Sinistcha\n|-supereffective|p2a: Sinistcha|1\n|-damage|p2a: Sinistcha|26/100\n|-enditem|p2a: Sinistcha|Sitrus Berry|[eat]\n|-heal|p2a: Sinistcha|50/100|[from] item: Sitrus Berry\n|move|p2b: Emboar|Flare Blitz|p1b: Sinistcha\n|-supereffective|p1b: Sinistcha|1\n|-damage|p1b: Sinistcha|8/100\n|-enditem|p1b: Sinistcha|Sitrus Berry|[eat]\n|-heal|p1b: Sinistcha|33/100|[from] item: Sitrus Berry\n|-damage|p2b: Emboar|2/100|[from] Recoil\n|\n|-weather|RainDance|[upkeep]\n|upkeep\n|turn|9\n|\n|t:|1776185520\n|switch|p2b: Whimsicott|Whimsicott, L50, F, shiny|2/100\n|move|p1b: Sinistcha|Protect|p1b: Sinistcha\n|-singleturn|p1b: Sinistcha|Protect\n|move|p2a: Sinistcha|Protect|p2a: Sinistcha\n|-singleturn|p2a: Sinistcha|Protect\n|move|p1a: Pelipper|Hurricane|p2a: Sinistcha\n|-activate|p2a: Sinistcha|move: Protect\n|\n|-weather|RainDance|[upkeep]\n|upkeep\n|turn|10\n|inactive|gurt_wasd has 30 seconds left.\n|inactive|gurt_wasd has 20 seconds left.\n|inactive|gurt_wasd has 15 seconds left.\n|inactive|gurt_wasd has 10 seconds left.\n|inactive|gurt_wasd has 5 seconds left.\n|\n|t:|1776185575\n|move|p2b: Whimsicott|Protect|p2b: Whimsicott\n|-singleturn|p2b: Whimsicott|Protect\n|move|p1a: Pelipper|U-turn|p2b: Whimsicott\n|-activate|p2b: Whimsicott|move: Protect\n|move|p1b: Sinistcha|Matcha Gotcha|p2b: Whimsicott|[spread] p2a\n|-activate|p2b: Whimsicott|move: Protect\n|-resisted|p2a: Sinistcha|1\n|-damage|p2a: Sinistcha|41/100\n|-heal|p1b: Sinistcha|38/100|[from] drain|[of] p2a: Sinistcha\n|move|p2a: Sinistcha|Life Dew|p2a: Sinistcha|[spread] p2a,p2b\n|-heal|p2a: Sinistcha|66/100\n|-heal|p2b: Whimsicott|27/100\n|\n|-weather|none\n|-sideend|p1: gurt_wasd|move: Tailwind\n|upkeep\n|turn|11\n|inactive|Dramgar_04 has 30 seconds left.\n|\n|t:|1776185600\n|move|p1b: Sinistcha|Rage Powder|p1b: Sinistcha\n|-singleturn|p1b: Sinistcha|move: Rage Powder\n|move|p1a: Pelipper|Tailwind|p1a: Pelipper\n|-sidestart|p1: gurt_wasd|move: Tailwind\n|move|p2a: Sinistcha|Matcha Gotcha|p1b: Sinistcha|[spread] p1a\n|-miss|p2a: Sinistcha|p1b: Sinistcha\n|-damage|p1a: Pelipper|0 fnt\n|-heal|p2a: Sinistcha|70/100|[from] drain|[of] p1a: Pelipper\n|faint|p1a: Pelipper\n|move|p2b: Whimsicott|Trick Room|p2b: Whimsicott\n|-fieldstart|move: Trick Room|[of] p2b: Whimsicott\n|\n|upkeep\n|\n|t:|1776185611\n|switch|p1a: Archaludon|Archaludon, L50, M|70/100\n|turn|12\n|\n|t:|1776185631\n|move|p2a: Sinistcha|Life Dew|p2a: Sinistcha|[spread] p2a,p2b\n|-heal|p2a: Sinistcha|95/100\n|-heal|p2b: Whimsicott|52/100\n|move|p2b: Whimsicott|Moonblast|p1b: Sinistcha\n|-damage|p1b: Sinistcha|11/100\n|move|p1b: Sinistcha|Life Dew|p1b: Sinistcha|[spread] p1a,p1b\n|-heal|p1a: Archaludon|95/100\n|-heal|p1b: Sinistcha|36/100\n|move|p1a: Archaludon|Snarl|p2b: Whimsicott|[spread] p2a,p2b\n|-supereffective|p2a: Sinistcha|1\n|-resisted|p2b: Whimsicott|1\n|-damage|p2a: Sinistcha|72/100\n|-damage|p2b: Whimsicott|43/100\n|-unboost|p2a: Sinistcha|spa|1\n|-unboost|p2b: Whimsicott|spa|1\n|\n|upkeep\n|turn|13\n|\n|t:|1776185656\n|switch|p2b: Emboar|Emboar-Mega, L50, F|2/100\n|-ability|p2b: Emboar|Mold Breaker\n|move|p1b: Sinistcha|Protect|p1b: Sinistcha\n|-singleturn|p1b: Sinistcha|Protect\n|move|p2a: Sinistcha|Life Dew|p2a: Sinistcha|[spread] p2a,p2b\n|-heal|p2a: Sinistcha|97/100\n|-heal|p2b: Emboar|27/100\n|move|p1a: Archaludon|Flash Cannon|p2b: Emboar\n|-resisted|p2b: Emboar|1\n|-damage|p2b: Emboar|12/100\n|\n|upkeep\n|turn|14\n|inactive|gurt_wasd has 30 seconds left.\n|inactive|gurt_wasd has 20 seconds left.\n|inactive|gurt_wasd has 15 seconds left.\n|\n|t:|1776185699\n|switch|p1b: Incineroar|Incineroar, L50, M|100/100\n|-ability|p1b: Incineroar|Intimidate|boost\n|-unboost|p2a: Sinistcha|atk|1\n|-unboost|p2b: Emboar|atk|1\n|move|p2b: Emboar|Bulk Up|p2b: Emboar\n|-boost|p2b: Emboar|atk|1\n|-boost|p2b: Emboar|def|1\n|move|p2a: Sinistcha|Life Dew|p2a: Sinistcha|[spread] p2a,p2b\n|-heal|p2a: Sinistcha|100/100\n|-heal|p2b: Emboar|37/100\n|move|p1a: Archaludon|Dragon Pulse|p2b: Emboar\n|-damage|p2b: Emboar|6/100\n|\n|-sideend|p1: gurt_wasd|move: Tailwind\n|upkeep\n|turn|15\n|\n|t:|1776185724\n|move|p2a: Sinistcha|Rage Powder|p2a: Sinistcha\n|-singleturn|p2a: Sinistcha|move: Rage Powder\n|move|p2b: Emboar|Drain Punch|p1a: Archaludon\n|-supereffective|p1a: Archaludon|1\n|-damage|p1a: Archaludon|12/100\n|-heal|p2b: Emboar|38/100|[from] drain|[of] p1a: Archaludon\n|-ability|p1a: Archaludon|Stamina|boost\n|-boost|p1a: Archaludon|def|1\n|move|p1b: Incineroar|Flare Blitz|p2a: Sinistcha\n|-supereffective|p2a: Sinistcha|1\n|-crit|p2a: Sinistcha\n|-damage|p2a: Sinistcha|0 fnt\n|faint|p2a: Sinistcha\n|-damage|p1b: Incineroar|70/100|[from] Recoil\n|move|p1a: Archaludon|Dragon Pulse|p2b: Emboar\n|-damage|p2b: Emboar|6/100\n|\n|-fieldend|move: Trick Room\n|upkeep\n|\n|t:|1776185734\n|switch|p2a: Whimsicott|Whimsicott, L50, F, shiny|43/100\n|turn|16\n|\n|t:|1776185755\n|switch|p1b: Sinistcha|Sinistcha, L50|36/100\n|-heal|p1a: Archaludon|37/100|[from] ability: Hospitality|[of] p1b: Sinistcha\n|move|p2a: Whimsicott|Encore|p1a: Archaludon\n|-start|p1a: Archaludon|Encore\n|move|p1a: Archaludon|Dragon Pulse|p2a: Whimsicott\n|-immune|p2a: Whimsicott\n|move|p2b: Emboar|Drain Punch|p1a: Archaludon\n|-supereffective|p1a: Archaludon|1\n|-damage|p1a: Archaludon|0 fnt\n|-heal|p2b: Emboar|20/100|[from] drain|[of] p1a: Archaludon\n|faint|p1a: Archaludon\n|\n|upkeep\n|\n|t:|1776185767\n|switch|p1a: Incineroar|Incineroar, L50, M|70/100\n|-ability|p1a: Incineroar|Intimidate|boost\n|-unboost|p2a: Whimsicott|atk|1\n|-unboost|p2b: Emboar|atk|1\n|turn|17\n|inactive|gurt_wasd has 30 seconds left.\n|\n|t:|1776185778\n|move|p1b: Sinistcha|Protect|p1b: Sinistcha\n|-singleturn|p1b: Sinistcha|Protect\n|move|p1a: Incineroar|Flare Blitz|p2a: Whimsicott\n|-supereffective|p2a: Whimsicott|1\n|-damage|p2a: Whimsicott|0 fnt\n|faint|p2a: Whimsicott\n|-damage|p1a: Incineroar|59/100|[from] Recoil\n|move|p2b: Emboar|Stone Edge|p1a: Incineroar|[miss]\n|-miss|p2b: Emboar|p1a: Incineroar\n|\n|upkeep\n|turn|18\n|inactive|gurt_wasd has 30 seconds left this turn.\n|inactive|gurt_wasd has 20 seconds left.\n|inactive|gurt_wasd has 15 seconds left.\n|\n|t:|1776185794\n|move|p1b: Sinistcha|Matcha Gotcha|p2b: Emboar|[miss]\n|-miss|p1b: Sinistcha|p2b: Emboar\n|move|p1a: Incineroar|Flare Blitz|p2b: Emboar\n|-resisted|p2b: Emboar|1\n|-damage|p2b: Emboar|2/100\n|-damage|p1a: Incineroar|52/100|[from] Recoil\n|move|p2b: Emboar|Drain Punch|p1a: Incineroar\n|-supereffective|p1a: Incineroar|1\n|-damage|p1a: Incineroar|0 fnt\n|-heal|p2b: Emboar|25/100|[from] drain|[of] p1a: Incineroar\n|faint|p1a: Incineroar\n|\n|upkeep\n|turn|19\n|inactive|gurt_wasd has 15 seconds left this turn.\n|inactive|gurt_wasd has 10 seconds left.\n|inactive|gurt_wasd has 5 seconds left.\n|-message|gurt_wasd forfeited.\n|\n|win|Dramgar_04\n|raw|gurt_wasd's rating: 1057 &rarr; <strong>1035</strong><br />(-22 for losing)\n|raw|Dramgar_04's rating: 1000 &rarr; <strong>1047</strong><br />(+47 for winning)\n|l|\u2606gurt_wasd\n|player|p1|\n",
  "uploadtime": 1776185810,
  "views": 18,
  "formatid": "gen9championsvgc2026regma",
  "rating": 1035,
  "private": 0,
  "password": null
}