{
  "id": "gen9championsvgc2026regma-2583392845",
  "format": "[Gen 9 Champions] VGC 2026 Reg M-A",
  "players": [
    "linkaru",
    "Sokko666"
  ],
  "log": "|j|\u2606linkaru\n|j|\u2606Sokko666\n|t:|1776172542\n|gametype|doubles\n|player|p1|linkaru|nate|1093\n|player|p2|Sokko666|wattson|1095\n|gen|9\n|tier|[Gen 9 Champions] VGC 2026 Reg M-A\n|rated|\n|rule|Species Clause: Limit one of each Pok\u00e9mon\n|rule|Item Clause: Limit 1 of each item\n|clearpoke\n|poke|p1|Incineroar, L50, F|\n|poke|p1|Sinistcha, L50|\n|poke|p1|Tyranitar, L50, F|\n|poke|p1|Gengar, L50, M|\n|poke|p1|Kingambit, L50, M|\n|poke|p1|Aerodactyl, L50, M|\n|poke|p2|Sinistcha, L50|\n|poke|p2|Drampa, L50, M|\n|poke|p2|Incineroar, L50, M|\n|poke|p2|Araquanid, L50, M|\n|poke|p2|Farigiraf, L50, F|\n|poke|p2|Conkeldurr, L50, F|\n|teampreview|4\n|\n|t:|1776172595\n|teamsize|p1|4\n|teamsize|p2|4\n|start\n|switch|p1a: Tyranitar|Tyranitar, L50, F|100/100\n|switch|p1b: Aerodactyl|Aerodactyl, L50, M|100/100\n|switch|p2a: Sinistcha|Sinistcha, L50|100/100\n|switch|p2b: Drampa|Drampa, L50, M|100/100\n|-ability|p1b: Aerodactyl|Unnerve\n|-weather|Sandstorm|[from] ability: Sand Stream|[of] p1a: Tyranitar\n|-ability|p2b: Drampa|Cloud Nine\n|turn|1\n|\n|t:|1776172624\n|detailschange|p1b: Aerodactyl|Aerodactyl-Mega, L50, M\n|-mega|p1b: Aerodactyl|Aerodactyl|Aerodactylite\n|move|p1b: Aerodactyl|Dual Wingbeat|p2a: Sinistcha\n|-supereffective|p2a: Sinistcha|1\n|-damage|p2a: Sinistcha|60/100\n|-supereffective|p2a: Sinistcha|1\n|-damage|p2a: Sinistcha|19/100\n|-hitcount|p2a: Sinistcha|2\n|move|p1a: Tyranitar|Ice Punch|p2b: Drampa\n|-supereffective|p2b: Drampa|1\n|-damage|p2b: Drampa|48/100\n|move|p2b: Drampa|Earth Power|p1a: Tyranitar\n|-supereffective|p1a: Tyranitar|1\n|-damage|p1a: Tyranitar|32/100\n|move|p2a: Sinistcha|Trick Room|p2a: Sinistcha\n|-fieldstart|move: Trick Room|[of] p2a: Sinistcha\n|\n|-weather|Sandstorm|[upkeep]\n|upkeep\n|turn|2\n|\n|t:|1776172650\n|switch|p1a: Sinistcha|Sinistcha, L50|100/100\n|move|p2b: Drampa|Draco Meteor|p1b: Aerodactyl|[miss]\n|-miss|p2b: Drampa|p1b: Aerodactyl\n|move|p2a: Sinistcha|Matcha Gotcha|p1b: Aerodactyl|[spread] p1a,p1b\n|-resisted|p1a: Sinistcha|1\n|-damage|p1a: Sinistcha|89/100\n|-heal|p2a: Sinistcha|24/100|[from] drain|[of] p1a: Sinistcha\n|-damage|p1b: Aerodactyl|71/100\n|-heal|p2a: Sinistcha|37/100|[from] drain|[of] p1b: Aerodactyl\n|-status|p1b: Aerodactyl|brn\n|move|p1b: Aerodactyl|Rock Slide|p2b: Drampa|[spread] p2a,p2b\n|-damage|p2a: Sinistcha|26/100\n|-damage|p2b: Drampa|32/100\n|\n|-weather|Sandstorm|[upkeep]\n|-heal|p1a: Sinistcha|95/100|[from] item: Leftovers\n|-damage|p1b: Aerodactyl|65/100 brn|[from] brn\n|upkeep\n|turn|3\n|\n|t:|1776172679\n|move|p1b: Aerodactyl|Protect|p1b: Aerodactyl\n|-singleturn|p1b: Aerodactyl|Protect\n|move|p2b: Drampa|Draco Meteor|p1b: Aerodactyl\n|-activate|p1b: Aerodactyl|move: Protect\n|move|p2a: Sinistcha|Shadow Ball|p1a: Sinistcha\n|-supereffective|p1a: Sinistcha|1\n|-damage|p1a: Sinistcha|40/100\n|move|p1a: Sinistcha|Life Dew|p1a: Sinistcha|[spread] p1a,p1b\n|-heal|p1a: Sinistcha|65/100\n|-heal|p1b: Aerodactyl|90/100 brn\n|\n|-weather|Sandstorm|[upkeep]\n|-heal|p1a: Sinistcha|71/100|[from] item: Leftovers\n|-damage|p1b: Aerodactyl|85/100 brn|[from] brn\n|upkeep\n|turn|4\n|\n|t:|1776172709\n|move|p2b: Drampa|Draco Meteor|p1b: Aerodactyl\n|-crit|p1b: Aerodactyl\n|-damage|p1b: Aerodactyl|0 fnt\n|-unboost|p2b: Drampa|spa|2\n|faint|p1b: Aerodactyl\n|move|p2a: Sinistcha|Shadow Ball|p1a: Sinistcha\n|-supereffective|p1a: Sinistcha|1\n|-damage|p1a: Sinistcha|10/100\n|move|p1a: Sinistcha|Life Dew|p1a: Sinistcha\n|-heal|p1a: Sinistcha|35/100\n|\n|-weather|Sandstorm|[upkeep]\n|-heal|p1a: Sinistcha|41/100|[from] item: Leftovers\n|upkeep\n|\n|t:|1776172723\n|switch|p1b: Incineroar|Incineroar, L50, F|100/100\n|-ability|p1b: Incineroar|Intimidate|boost\n|-unboost|p2a: Sinistcha|atk|1\n|-unboost|p2b: Drampa|atk|1\n|turn|5\n|\n|t:|1776172735\n|switch|p1a: Tyranitar|Tyranitar, L50, F|32/100\n|move|p2b: Drampa|Protect|p2b: Drampa\n|-singleturn|p2b: Drampa|Protect\n|move|p1b: Incineroar|Fake Out|p2b: Drampa\n|-activate|p2b: Drampa|move: Protect\n|move|p2a: Sinistcha|Shadow Ball|p1a: Tyranitar\n|-resisted|p1a: Tyranitar|1\n|-damage|p1a: Tyranitar|17/100\n|\n|-weather|none\n|-fieldend|move: Trick Room\n|upkeep\n|turn|6\n|\n|t:|1776172759\n|switch|p1b: Sinistcha|Sinistcha, L50|41/100\n|-heal|p1a: Tyranitar|42/100|[from] ability: Hospitality|[of] p1b: Sinistcha\n|detailschange|p2b: Drampa|Drampa-Mega, L50, M\n|-mega|p2b: Drampa|Drampa|Drampanite\n|move|p1a: Tyranitar|Rock Slide|p2b: Drampa|[spread] p2a,p2b\n|-damage|p2a: Sinistcha|5/100\n|-damage|p2b: Drampa|7/100\n|move|p2a: Sinistcha|Matcha Gotcha|p1a: Tyranitar|[spread] p1a,p1b\n|-supereffective|p1a: Tyranitar|1\n|-resisted|p1b: Sinistcha|1\n|-damage|p1a: Tyranitar|0 fnt\n|-heal|p2a: Sinistcha|27/100|[from] drain|[of] p1a: Tyranitar\n|-damage|p1b: Sinistcha|29/100\n|-heal|p2a: Sinistcha|33/100|[from] drain|[of] p1b: Sinistcha\n|faint|p1a: Tyranitar\n|move|p2b: Drampa|Earth Power|p1b: Sinistcha\n|-resisted|p1b: Sinistcha|1\n|-damage|p1b: Sinistcha|20/100\n|\n|-heal|p1b: Sinistcha|26/100|[from] item: Leftovers\n|upkeep\n|\n|t:|1776172775\n|switch|p1a: Incineroar|Incineroar, L50, F|100/100\n|-ability|p1a: Incineroar|Intimidate|boost\n|-unboost|p2a: Sinistcha|atk|1\n|-unboost|p2b: Drampa|atk|1\n|turn|7\n|\n|t:|1776172791\n|move|p1b: Sinistcha|Matcha Gotcha|p2a: Sinistcha|[spread] p2a,p2b\n|-resisted|p2a: Sinistcha|1\n|-resisted|p2b: Drampa|1\n|-damage|p2a: Sinistcha|19/100\n|-heal|p1b: Sinistcha|34/100|[from] drain|[of] p2a: Sinistcha\n|-damage|p2b: Drampa|0 fnt\n|-heal|p1b: Sinistcha|37/100|[from] drain|[of] p2b: Drampa\n|faint|p2b: Drampa\n|move|p2a: Sinistcha|Shadow Ball|p1b: Sinistcha\n|-supereffective|p1b: Sinistcha|1\n|-damage|p1b: Sinistcha|0 fnt\n|faint|p1b: Sinistcha\n|move|p1a: Incineroar|Darkest Lariat|p2a: Sinistcha\n|-supereffective|p2a: Sinistcha|1\n|-damage|p2a: Sinistcha|0 fnt\n|faint|p2a: Sinistcha\n|\n|upkeep\n|\n|t:|1776172809\n|switch|p2a: Araquanid|Araquanid, L50, M|100/100\n|switch|p2b: Conkeldurr|Conkeldurr, L50, F|100/100\n|turn|8\n|-message|linkaru forfeited.\n|\n|win|Sokko666\n|raw|linkaru's rating: 1093 &rarr; <strong>1069</strong><br />(-24 for losing)\n|raw|Sokko666's rating: 1095 &rarr; <strong>1121</strong><br />(+26 for winning)\n|l|\u2606linkaru\n|player|p1|\n",
  "uploadtime": 1776172816,
  "views": 15,
  "formatid": "gen9championsvgc2026regma",
  "rating": 1069,
  "private": 0,
  "password": null
}