{
  "id": "gen9championsvgc2026regma-2585027784",
  "format": "[Gen 9 Champions] VGC 2026 Reg M-A",
  "players": [
    "JMangoes",
    "Damien Leruss"
  ],
  "log": "|j|\u2606JMangoes\n|j|\u2606Damien Leruss\n|t:|1776304670\n|gametype|doubles\n|player|p1|JMangoes|elesa|1080\n|player|p2|Damien Leruss|shauntal|1030\n|gen|9\n|tier|[Gen 9 Champions] VGC 2026 Reg M-A\n|rated|\n|rule|Species Clause: Limit one of each Pok\u00e9mon\n|rule|Item Clause: Limit 1 of each item\n|clearpoke\n|poke|p1|Meganium, L50, F|\n|poke|p1|Aggron, L50, F|\n|poke|p1|Sinistcha, L50|\n|poke|p1|Farigiraf, L50, F|\n|poke|p1|Araquanid, L50, F|\n|poke|p1|Raichu, L50, F|\n|poke|p2|Torkoal, L50, F|\n|poke|p2|Delphox, L50, F|\n|poke|p2|Noivern, L50, M|\n|poke|p2|Trevenant, L50, F|\n|poke|p2|Lycanroc-Dusk, L50, M|\n|poke|p2|Venusaur, L50, F|\n|teampreview|4\n|inactive|Battle timer is ON: inactive players will automatically lose when time's up. (requested by JMangoes)\nDamien Leruss rejected open team sheets.\n|\n|t:|1776304701\n|teamsize|p1|4\n|teamsize|p2|4\n|start\n|switch|p1a: Aggron|Aggron, L50, F|100/100\n|switch|p1b: Araquanid|Araquanid, L50, F, shiny|100/100\n|switch|p2a: Torkoal|Torkoal, L50, F|100/100\n|switch|p2b: Lycanroc|Lycanroc-Dusk, L50, M|100/100\n|-weather|SunnyDay|[from] ability: Drought|[of] p2a: Torkoal\n|turn|1\n|\n|t:|1776304726\n|detailschange|p1a: Aggron|Aggron-Mega, L50, F\n|-mega|p1a: Aggron|Aggron|Aggronite\n|move|p2b: Lycanroc|Drill Run|p1a: Aggron\n|-supereffective|p1a: Aggron|1\n|-damage|p1a: Aggron|73/100\n|move|p1a: Aggron|Body Press|p2a: Torkoal\n|-damage|p2a: Torkoal|70/100\n|move|p1b: Araquanid|Liquidation|p2a: Torkoal\n|-supereffective|p2a: Torkoal|1\n|-damage|p2a: Torkoal|9/100\n|move|p2a: Torkoal|Will-O-Wisp|p1a: Aggron\n|-status|p1a: Aggron|brn\n|\n|-weather|SunnyDay|[upkeep]\n|-damage|p1a: Aggron|67/100 brn|[from] brn\n|upkeep\n|turn|2\n|inactive|JMangoes has 30 seconds left.\n|inactive|Damien Leruss has 30 seconds left.\n|\n|t:|1776304753\n|switch|p1b: Sinistcha|Sinistcha, L50|100/100\n|-heal|p1a: Aggron|92/100 brn|[from] ability: Hospitality|[of] p1b: Sinistcha\n|move|p2b: Lycanroc|Accelerock|p1b: Sinistcha\n|-damage|p1b: Sinistcha|70/100\n|move|p1a: Aggron|Body Press|p2a: Torkoal\n|-damage|p2a: Torkoal|0 fnt\n|faint|p2a: Torkoal\n|\n|-weather|SunnyDay|[upkeep]\n|-damage|p1a: Aggron|86/100 brn|[from] brn\n|upkeep\n|\n|t:|1776304764\n|switch|p2a: Delphox|Delphox, L50, F|100/100\n|turn|3\n|inactive|Damien Leruss has 30 seconds left.\n|\n|t:|1776304790\n|switch|p1b: Farigiraf|Farigiraf, L50, F, shiny|100/100\n|detailschange|p2a: Delphox|Delphox-Mega, L50, F\n|-mega|p2a: Delphox|Delphox|Delphoxite\n|move|p2b: Lycanroc|Accelerock||[still]\n|cant|p1b: Farigiraf|ability: Armor Tail|Accelerock|[of] p2b: Lycanroc\n|move|p2a: Delphox|Heat Wave|p1a: Aggron|[spread] p1a\n|-miss|p2a: Delphox|p1b: Farigiraf\n|-supereffective|p1a: Aggron|1\n|-damage|p1a: Aggron|10/100 brn\n|move|p1a: Aggron|Body Press|p2b: Lycanroc\n|-supereffective|p2b: Lycanroc|1\n|-damage|p2b: Lycanroc|32/100\n|\n|-weather|SunnyDay|[upkeep]\n|-damage|p1a: Aggron|3/100 brn|[from] brn\n|upkeep\n|turn|4\n|\n|t:|1776304814\n|switch|p2b: Trevenant|Trevenant, L50, F|100/100\n|move|p2a: Delphox|Heat Wave|p1a: Aggron|[spread] p1a,p1b\n|-supereffective|p1a: Aggron|1\n|-damage|p1a: Aggron|0 fnt\n|-damage|p1b: Farigiraf|53/100\n|faint|p1a: Aggron\n|move|p1b: Farigiraf|Trick Room|p1b: Farigiraf\n|-fieldstart|move: Trick Room|[of] p1b: Farigiraf\n|\n|-weather|SunnyDay|[upkeep]\n|-heal|p1b: Farigiraf|59/100|[from] item: Leftovers\n|upkeep\n|\n|t:|1776304824\n|switch|p1a: Araquanid|Araquanid, L50, F, shiny|100/100\n|turn|5\n|inactive|Damien Leruss has 30 seconds left.\n|\n|t:|1776304849\n|move|p1a: Araquanid|Protect|p1a: Araquanid\n|-singleturn|p1a: Araquanid|Protect\n|move|p1b: Farigiraf|Protect|p1b: Farigiraf\n|-singleturn|p1b: Farigiraf|Protect\n|move|p2b: Trevenant|Knock Off|p1b: Farigiraf\n|-activate|p1b: Farigiraf|move: Protect\n|move|p2a: Delphox|Heat Wave|p1b: Farigiraf|[spread] \n|-activate|p1a: Araquanid|move: Protect\n|-activate|p1b: Farigiraf|move: Protect\n|\n|-weather|none\n|-heal|p1b: Farigiraf|65/100|[from] item: Leftovers\n|upkeep\n|turn|6\n|\n|t:|1776304866\n|switch|p2a: Lycanroc|Lycanroc-Dusk, L50, M|32/100\n|move|p1a: Araquanid|Liquidation|p2a: Lycanroc\n|-supereffective|p2a: Lycanroc|1\n|-damage|p2a: Lycanroc|0 fnt\n|faint|p2a: Lycanroc\n|move|p1b: Farigiraf|Calm Mind|p1b: Farigiraf\n|-boost|p1b: Farigiraf|spa|1\n|-boost|p1b: Farigiraf|spd|1\n|move|p2b: Trevenant|Poltergeist|p1a: Araquanid|[miss]\n|-miss|p2b: Trevenant|p1a: Araquanid\n|\n|-heal|p1b: Farigiraf|71/100|[from] item: Leftovers\n|upkeep\n|c|\u2606Damien Leruss|gg\n|\n|t:|1776304880\n|switch|p2a: Delphox|Delphox-Mega, L50, F|100/100\n|turn|7\n|\n|t:|1776304890\n|move|p1a: Araquanid|Liquidation|p2a: Delphox\n|-supereffective|p2a: Delphox|1\n|-damage|p2a: Delphox|0 fnt\n|faint|p2a: Delphox\n|move|p1b: Farigiraf|Hyper Voice|p2b: Trevenant\n|-immune|p2b: Trevenant\n|move|p2b: Trevenant|Knock Off|p1b: Farigiraf\n|-supereffective|p1b: Farigiraf|1\n|-crit|p1b: Farigiraf\n|-damage|p1b: Farigiraf|0 fnt\n|-enditem|p1b: Farigiraf|Leftovers|[from] move: Knock Off|[of] p2b: Trevenant\n|faint|p1b: Farigiraf\n|\n|upkeep\n|\n|t:|1776304894\n|switch|p1b: Sinistcha|Sinistcha, L50|70/100\n|turn|8\n|\n|t:|1776304905\n|move|p1a: Araquanid|Infestation|p2b: Trevenant\n|-damage|p2b: Trevenant|96/100\n|-activate|p2b: Trevenant|move: Infestation|[of] p1a: Araquanid\n|move|p2b: Trevenant|Poltergeist|p1b: Sinistcha\n|-activate|p1b: Sinistcha|move: Poltergeist|Focus Sash\n|-supereffective|p1b: Sinistcha|1\n|-damage|p1b: Sinistcha|0 fnt\n|faint|p1b: Sinistcha\n|\n|-damage|p2b: Trevenant|84/100|[from] move: Infestation|[partiallytrapped]\n|-fieldend|move: Trick Room\n|upkeep\n|turn|9\n|\n|t:|1776304919\n|move|p2b: Trevenant|Knock Off|p1a: Araquanid\n|-damage|p1a: Araquanid|62/100\n|-enditem|p1a: Araquanid|Mystic Water|[from] move: Knock Off|[of] p2b: Trevenant\n|move|p1a: Araquanid|Lunge|p2b: Trevenant\n|-damage|p2b: Trevenant|50/100\n|-unboost|p2b: Trevenant|atk|1\n|-enditem|p2b: Trevenant|Sitrus Berry|[eat]\n|-heal|p2b: Trevenant|75/100|[from] item: Sitrus Berry\n|\n|-damage|p2b: Trevenant|62/100|[from] move: Infestation|[partiallytrapped]\n|upkeep\n|turn|10\n|\n|t:|1776304932\n|move|p2b: Trevenant|Horn Leech|p1a: Araquanid\n|-damage|p1a: Araquanid|33/100\n|-heal|p2b: Trevenant|75/100|[from] drain|[of] p1a: Araquanid\n|move|p1a: Araquanid|Lunge|p2b: Trevenant\n|-damage|p2b: Trevenant|46/100\n|-unboost|p2b: Trevenant|atk|1\n|\n|-damage|p2b: Trevenant|33/100|[from] move: Infestation|[partiallytrapped]\n|upkeep\n|turn|11\n|\n|t:|1776304943\n|move|p2b: Trevenant|Horn Leech|p1a: Araquanid\n|-damage|p1a: Araquanid|12/100\n|-heal|p2b: Trevenant|42/100|[from] drain|[of] p1a: Araquanid\n|move|p1a: Araquanid|Lunge|p2b: Trevenant\n|-damage|p2b: Trevenant|12/100\n|-unboost|p2b: Trevenant|atk|1\n|\n|-damage|p2b: Trevenant|0 fnt|[from] move: Infestation|[partiallytrapped]\n|faint|p2b: Trevenant\n|\n|win|JMangoes\n|raw|JMangoes's rating: 1080 &rarr; <strong>1104</strong><br />(+24 for winning)\n|raw|Damien Leruss's rating: 1030 &rarr; <strong>1018</strong><br />(-12 for losing)\n|l|\u2606JMangoes\n|player|p1|\n",
  "uploadtime": 1776304950,
  "views": 25,
  "formatid": "gen9championsvgc2026regma",
  "rating": 1018,
  "private": 0,
  "password": null
}