{
  "id": "gen9championsvgc2026regma-2586698658",
  "format": "[Gen 9 Champions] VGC 2026 Reg M-A",
  "players": [
    "BRich24rulz",
    "Sammias"
  ],
  "log": "|j|\u2606BRich24rulz\n|j|\u2606Sammias\n|t:|1776453076\n|gametype|doubles\n|player|p1|BRich24rulz|102|1154\n|player|p2|Sammias|miku-ground|1200\n|gen|9\n|tier|[Gen 9 Champions] VGC 2026 Reg M-A\n|rated|\n|rule|Species Clause: Limit one of each Pok\u00e9mon\n|rule|Item Clause: Limit 1 of each item\n|clearpoke\n|poke|p1|Floette-Eternal, L50, F|\n|poke|p1|Delphox, L50, F|\n|poke|p1|Aerodactyl, L50, F|\n|poke|p1|Maushold, L50|\n|poke|p1|Garchomp, L50, M|\n|poke|p1|Rotom-Wash, L50|\n|poke|p2|Typhlosion-Hisui, L50, F|\n|poke|p2|Whimsicott, L50, M|\n|poke|p2|Floette-Eternal, L50, F|\n|poke|p2|Sinistcha, L50|\n|poke|p2|Aerodactyl, L50, M|\n|poke|p2|Garchomp, L50, M|\n|teampreview|4\n|inactive|Battle timer is ON: inactive players will automatically lose when time's up. (requested by Sammias)\nBRich24rulz rejected open team sheets.\n|\n|t:|1776453107\n|teamsize|p1|4\n|teamsize|p2|4\n|start\n|switch|p1a: Aerodactyl|Aerodactyl, L50, F|100/100\n|switch|p1b: Rotom|Rotom-Wash, L50|100/100\n|switch|p2a: Aerodactyl|Aerodactyl, L50, M|100/100\n|switch|p2b: Whimsicott|Whimsicott, L50, M, shiny|100/100\n|-ability|p1a: Aerodactyl|Unnerve\n|-ability|p2a: Aerodactyl|Unnerve\n|turn|1\n|l|\u2606Sammias\n|inactive|Sammias disconnected and has a minute to reconnect!\n|player|p2|\n|inactive|Sammias has 30 seconds left.\n|inactive|Sammias has 20 seconds left.\n|inactive|Sammias has 15 seconds left.\n|j|\u2606Sammias\n|inactive|Sammias reconnected and has 15 seconds left.\n|player|p2|Sammias|miku-ground|\n|\n|t:|1776453152\n|move|p2b: Whimsicott|Tailwind|p2b: Whimsicott\n|-sidestart|p2: Sammias|move: Tailwind\n|move|p2a: Aerodactyl|Rock Slide|p1b: Rotom|[spread] p1a,p1b\n|-supereffective|p1a: Aerodactyl|1\n|-damage|p1a: Aerodactyl|27/100\n|-damage|p1b: Rotom|75/100\n|move|p1a: Aerodactyl|Rock Slide|p2a: Aerodactyl|[spread] p2b\n|-miss|p1a: Aerodactyl|p2a: Aerodactyl\n|-damage|p2b: Whimsicott|69/100\n|cant|p1b: Rotom|flinch\n|\n|upkeep\n|turn|2\n|\n|t:|1776453173\n|move|p1a: Aerodactyl|Protect|p1a: Aerodactyl\n|-singleturn|p1a: Aerodactyl|Protect\n|move|p2a: Aerodactyl|Rock Slide|p1b: Rotom|[spread] p1b\n|-activate|p1a: Aerodactyl|move: Protect\n|-damage|p1b: Rotom|48/100\n|move|p2b: Whimsicott|Moonblast|p1a: Aerodactyl\n|-activate|p1a: Aerodactyl|move: Protect\n|move|p1b: Rotom|Will-O-Wisp|p2a: Aerodactyl|[miss]\n|-miss|p1b: Rotom|p2a: Aerodactyl\n|\n|upkeep\n|turn|3\n|\n|t:|1776453193\n|switch|p1a: Maushold|Maushold, L50|100/100\n|move|p2a: Aerodactyl|Rock Slide|p1a: Maushold|[spread] p1a\n|-miss|p2a: Aerodactyl|p1b: Rotom\n|-damage|p1a: Maushold|69/100\n|move|p2b: Whimsicott|Moonblast|p1a: Maushold\n|-damage|p1a: Maushold|37/100\n|-unboost|p1a: Maushold|spa|1\n|move|p1b: Rotom|Will-O-Wisp|p2a: Aerodactyl|[miss]\n|-miss|p1b: Rotom|p2a: Aerodactyl\n|\n|upkeep\n|turn|4\n|c|\u2606Sammias|shakes my head so you know i dont approve of you missing your moves\n|inactive|BRich24rulz has 30 seconds left.\n|inactive|BRich24rulz has 20 seconds left.\n|\n|t:|1776453230\n|move|p2a: Aerodactyl|Rock Slide|p1b: Rotom|[spread] p1a,p1b\n|-damage|p1a: Maushold|2/100\n|-damage|p1b: Rotom|29/100\n|move|p2b: Whimsicott|Moonblast|p1b: Rotom\n|-damage|p1b: Rotom|7/100\n|move|p1a: Maushold|Taunt|p2b: Whimsicott\n|-start|p2b: Whimsicott|move: Taunt\n|-enditem|p2b: Whimsicott|Mental Herb\n|-end|p2b: Whimsicott|move: Taunt\n|cant|p1b: Rotom|flinch\n|\n|-sideend|p2: Sammias|move: Tailwind\n|upkeep\n|turn|5\n|c|\u2606Sammias|dude im so sorry\n|\n|t:|1776453254\n|move|p2b: Whimsicott|Tailwind|p2b: Whimsicott\n|-sidestart|p2: Sammias|move: Tailwind\n|move|p2a: Aerodactyl|Rock Slide|p1b: Rotom|[spread] p1a,p1b\n|-damage|p1a: Maushold|0 fnt\n|-damage|p1b: Rotom|0 fnt\n|faint|p1a: Maushold\n|faint|p1b: Rotom\n|\n|upkeep\n|\n|t:|1776453260\n|switch|p1a: Floette|Floette-Eternal, L50, F|100/100\n|switch|p1b: Aerodactyl|Aerodactyl, L50, F|27/100\n|-ability|p1b: Aerodactyl|Unnerve\n|turn|6\n|\n|t:|1776453279\n|detailschange|p1a: Floette|Floette-Mega, L50, F\n|-mega|p1a: Floette|Floette|Floettite\n|-ability|p1a: Floette|Fairy Aura\n|move|p1b: Aerodactyl|Protect|p1b: Aerodactyl\n|-singleturn|p1b: Aerodactyl|Protect\n|move|p2a: Aerodactyl|Rock Slide|p1a: Floette|[spread] p1a\n|-activate|p1b: Aerodactyl|move: Protect\n|-damage|p1a: Floette|71/100\n|move|p2b: Whimsicott|Moonblast|p1a: Floette\n|-damage|p1a: Floette|43/100\n|cant|p1a: Floette|flinch\n|\n|upkeep\n|turn|7\n|-message|BRich24rulz forfeited.\n|\n|win|Sammias\n|raw|BRich24rulz's rating: 1154 &rarr; <strong>1132</strong><br />(-22 for losing)\n|raw|Sammias's rating: 1200 &rarr; <strong>1222</strong><br />(+22 for winning)\n|l|\u2606BRich24rulz\n|player|p1|\n",
  "uploadtime": 1776453299,
  "views": 36,
  "formatid": "gen9championsvgc2026regma",
  "rating": 1132,
  "private": 0,
  "password": null
}