{
  "id": "gen9championsvgc2026regma-2587015446",
  "format": "[Gen 9 Champions] VGC 2026 Reg M-A",
  "players": [
    "BM_bryka",
    "zac5224666"
  ],
  "log": "|j|\u2606BM_bryka\n|j|\u2606zac5224666\n|t:|1776481455\n|gametype|doubles\n|player|p1|BM_bryka|ingo|1199\n|player|p2|zac5224666|170|1299\n|gen|9\n|tier|[Gen 9 Champions] VGC 2026 Reg M-A\n|rated|\n|rule|Species Clause: Limit one of each Pok\u00e9mon\n|rule|Item Clause: Limit 1 of each item\n|clearpoke\n|poke|p1|Aggron, L50, M|\n|poke|p1|Tyranitar, L50, M|\n|poke|p1|Garchomp, L50, M|\n|poke|p1|Incineroar, L50, M|\n|poke|p1|Primarina, L50, F|\n|poke|p1|Sinistcha-Masterpiece, L50|\n|poke|p2|Primarina, L50, M|\n|poke|p2|Scovillain, L50, F|\n|poke|p2|Garchomp, L50, F|\n|poke|p2|Kingambit, L50, M|\n|poke|p2|Aerodactyl, L50, M|\n|poke|p2|Sneasler, L50, M|\n|teampreview|4\n|inactive|Battle timer is ON: inactive players will automatically lose when time's up. (requested by zac5224666)\n|\n|t:|1776481493\n|teamsize|p1|4\n|teamsize|p2|4\n|start\n|switch|p1a: Aggr(essi)on|Aggron, L50, M|100/100\n|switch|p1b: VGC_CEO|Incineroar, L50, M, shiny|100/100\n|switch|p2a: Primarina|Primarina, L50, M, shiny|100/100\n|switch|p2b: Scovillain|Scovillain, L50, F, shiny|100/100\n|-ability|p1b: VGC_CEO|Intimidate|boost\n|-unboost|p2a: Primarina|atk|1\n|-unboost|p2b: Scovillain|atk|1\n|turn|1\n|\n|t:|1776481517\n|detailschange|p2b: Scovillain|Scovillain-Mega, L50, F, shiny\n|-mega|p2b: Scovillain|Scovillain|Scovillainite\n|detailschange|p1a: Aggr(essi)on|Aggron-Mega, L50, M\n|-mega|p1a: Aggr(essi)on|Aggron|Aggronite\n|move|p2a: Primarina|Protect|p2a: Primarina\n|-singleturn|p2a: Primarina|Protect\n|move|p1b: VGC_CEO|Fake Out|p2b: Scovillain\n|-damage|p2b: Scovillain|89/100\n|-immune|p1b: VGC_CEO\n|cant|p2b: Scovillain|flinch\n|move|p1a: Aggr(essi)on|Iron Defense|p1a: Aggr(essi)on\n|-boost|p1a: Aggr(essi)on|def|2\n|\n|upkeep\n|turn|2\n|inactive|BM_bryka has 30 seconds left.\n|inactive|zac5224666 has 30 seconds left.\n|\n|t:|1776481551\n|move|p1a: Aggr(essi)on|Protect|p1a: Aggr(essi)on\n|-singleturn|p1a: Aggr(essi)on|Protect\n|move|p2b: Scovillain|Rage Powder|p2b: Scovillain\n|-singleturn|p2b: Scovillain|move: Rage Powder\n|move|p1b: VGC_CEO|Parting Shot|p2b: Scovillain\n|-unboost|p2b: Scovillain|atk|1\n|-unboost|p2b: Scovillain|spa|1\n|\n|t:|1776481570\n|switch|p1b: Tyrano|Tyranitar, L50, M|100/100|[from] Parting Shot\n|-weather|Sandstorm|[from] ability: Sand Stream|[of] p1b: Tyrano\n|move|p2a: Primarina|Calm Mind|p2a: Primarina\n|-boost|p2a: Primarina|spa|1\n|-boost|p2a: Primarina|spd|1\n|\n|-weather|Sandstorm|[upkeep]\n|-damage|p2b: Scovillain|83/100|[from] Sandstorm\n|-damage|p2a: Primarina|94/100|[from] Sandstorm\n|-heal|p2a: Primarina|100/100|[from] item: Leftovers\n|upkeep\n|turn|3\n|\n|t:|1776481585\n|move|p2a: Primarina|Protect|p2a: Primarina\n|-singleturn|p2a: Primarina|Protect\n|move|p1b: Tyrano|Rock Slide|p2a: Primarina|[spread] p2b\n|-activate|p2a: Primarina|move: Protect\n|-supereffective|p2b: Scovillain|1\n|-damage|p2b: Scovillain|16/100\n|-status|p1b: Tyrano|brn|[from] ability: Spicy Spray|[of] p2b: Scovillain\n|cant|p2b: Scovillain|flinch\n|move|p1a: Aggr(essi)on|Heavy Slam|p2a: Primarina\n|-activate|p2a: Primarina|move: Protect\n|\n|-weather|Sandstorm|[upkeep]\n|-damage|p2b: Scovillain|10/100|[from] Sandstorm\n|-damage|p2a: Primarina|94/100|[from] Sandstorm\n|-heal|p2a: Primarina|100/100|[from] item: Leftovers\n|-damage|p1b: Tyrano|95/100 brn|[from] brn\n|upkeep\n|turn|4\n|\n|t:|1776481606\n|move|p1a: Aggr(essi)on|Protect|p1a: Aggr(essi)on\n|-singleturn|p1a: Aggr(essi)on|Protect\n|move|p2b: Scovillain|Rage Powder|p2b: Scovillain\n|-singleturn|p2b: Scovillain|move: Rage Powder\n|move|p1b: Tyrano|Rock Slide|p2a: Primarina|[spread] p2a,p2b\n|-supereffective|p2b: Scovillain|1\n|-damage|p2a: Primarina|84/100\n|-damage|p2b: Scovillain|0 fnt\n|faint|p2b: Scovillain\n|move|p2a: Primarina|Hyper Voice|p1b: Tyrano|[spread] p1b\n|-activate|p1a: Aggr(essi)on|move: Protect\n|-supereffective|p1b: Tyrano|1\n|-damage|p1b: Tyrano|37/100 brn\n|\n|-weather|Sandstorm|[upkeep]\n|-damage|p2a: Primarina|78/100|[from] Sandstorm\n|-heal|p2a: Primarina|84/100|[from] item: Leftovers\n|-damage|p1b: Tyrano|31/100 brn|[from] brn\n|upkeep\n|\n|t:|1776481626\n|switch|p2b: Garchomp|Garchomp, L50, F, shiny|100/100\n|turn|5\n|\n|t:|1776481637\n|switch|p1b: VGC_CEO|Incineroar, L50, M, shiny|100/100\n|-ability|p1b: VGC_CEO|Intimidate|boost\n|-unboost|p2a: Primarina|atk|1\n|-unboost|p2b: Garchomp|atk|1\n|move|p2a: Primarina|Protect|p2a: Primarina\n|-singleturn|p2a: Primarina|Protect\n|move|p2b: Garchomp|Stomping Tantrum|p1a: Aggr(essi)on\n|-supereffective|p1a: Aggr(essi)on|1\n|-damage|p1a: Aggr(essi)on|92/100\n|move|p1a: Aggr(essi)on|Heavy Slam|p2a: Primarina\n|-activate|p2a: Primarina|move: Protect\n|\n|-weather|Sandstorm|[upkeep]\n|-damage|p1b: VGC_CEO|94/100|[from] Sandstorm\n|-damage|p2a: Primarina|78/100|[from] Sandstorm\n|-heal|p2a: Primarina|84/100|[from] item: Leftovers\n|upkeep\n|turn|6\n|inactive|zac5224666 has 30 seconds left.\n|\n|t:|1776481666\n|switch|p2a: Kingambit|Kingambit, L50, M|100/100\n|move|p1b: VGC_CEO|Fake Out|p2a: Kingambit\n|-resisted|p2a: Kingambit|1\n|-damage|p2a: Kingambit|96/100\n|move|p2b: Garchomp|Stomping Tantrum|p1b: VGC_CEO\n|-supereffective|p1b: VGC_CEO|1\n|-damage|p1b: VGC_CEO|42/100\n|move|p1a: Aggr(essi)on|Heavy Slam|p2a: Kingambit\n|-resisted|p2a: Kingambit|1\n|-damage|p2a: Kingambit|82/100\n|\n|-weather|none\n|upkeep\n|turn|7\n|inactive|BM_bryka has 30 seconds left.\n|inactive|zac5224666 has 30 seconds left.\n|inactive|BM_bryka has 20 seconds left.\n|inactive|zac5224666 has 20 seconds left.\n|inactive|zac5224666 has 15 seconds left.\n|\n|t:|1776481708\n|move|p2a: Kingambit|Protect|p2a: Kingambit\n|-singleturn|p2a: Kingambit|Protect\n|move|p1a: Aggr(essi)on|Protect|p1a: Aggr(essi)on\n|-singleturn|p1a: Aggr(essi)on|Protect\n|move|p2b: Garchomp|Stomping Tantrum|p1b: VGC_CEO\n|-supereffective|p1b: VGC_CEO|1\n|-damage|p1b: VGC_CEO|0 fnt\n|faint|p1b: VGC_CEO\n|\n|upkeep\n|\n|t:|1776481717\n|switch|p1b: Chimarr\u00e3o|Sinistcha-Masterpiece, L50|100/100\n|-heal|p1a: Aggr(essi)on|100/100|[from] ability: Hospitality|[of] p1b: Chimarr\u00e3o\n|turn|8\n|inactive|zac5224666 has 30 seconds left.\n|\n|t:|1776481747\n|switch|p2b: Primarina|Primarina, L50, M, shiny|84/100\n|move|p2a: Kingambit|Iron Head|p1b: Chimarr\u00e3o\n|-damage|p1b: Chimarr\u00e3o|62/100\n|move|p1a: Aggr(essi)on|Body Press|p2a: Kingambit\n|-supereffective|p2a: Kingambit|2\n|-enditem|p2a: Kingambit|Chople Berry|[eat]\n|-enditem|p2a: Kingambit|Chople Berry|[weaken]\n|-damage|p2a: Kingambit|0 fnt\n|faint|p2a: Kingambit\n|cant|p1b: Chimarr\u00e3o|flinch\n|\n|-heal|p2b: Primarina|90/100|[from] item: Leftovers\n|upkeep\n|\n|t:|1776481758\n|switch|p2a: Garchomp|Garchomp, L50, F, shiny|100/100\n|turn|9\n|\n|t:|1776481775\n|move|p2a: Garchomp|Rock Slide|p1b: Chimarr\u00e3o|[spread] p1a\n|-miss|p2a: Garchomp|p1b: Chimarr\u00e3o\n|-resisted|p1a: Aggr(essi)on|1\n|-damage|p1a: Aggr(essi)on|98/100\n|move|p2b: Primarina|Hyper Voice|p1b: Chimarr\u00e3o|[spread] p1a,p1b\n|-resisted|p1b: Chimarr\u00e3o|1\n|-damage|p1a: Aggr(essi)on|61/100\n|-damage|p1b: Chimarr\u00e3o|46/100\n|-enditem|p1b: Chimarr\u00e3o|Sitrus Berry|[eat]\n|-heal|p1b: Chimarr\u00e3o|71/100|[from] item: Sitrus Berry\n|move|p1a: Aggr(essi)on|Body Press|p2a: Garchomp\n|-damage|p2a: Garchomp|22/100\n|-damage|p1a: Aggr(essi)on|49/100|[from] ability: Rough Skin|[of] p2a: Garchomp\n|move|p1b: Chimarr\u00e3o|Trick Room|p1b: Chimarr\u00e3o\n|-fieldstart|move: Trick Room|[of] p1b: Chimarr\u00e3o\n|\n|-heal|p2b: Primarina|97/100|[from] item: Leftovers\n|upkeep\n|turn|10\n|\n|t:|1776481797\n|move|p1a: Aggr(essi)on|Heavy Slam|p2b: Primarina\n|-damage|p2b: Primarina|44/100\n|move|p2b: Primarina|Hyper Voice|p1a: Aggr(essi)on|[spread] p1a,p1b\n|-resisted|p1b: Chimarr\u00e3o|1\n|-damage|p1a: Aggr(essi)on|16/100\n|-damage|p1b: Chimarr\u00e3o|56/100\n|move|p1b: Chimarr\u00e3o|Life Dew|p1b: Chimarr\u00e3o|[spread] p1a,p1b\n|-heal|p1a: Aggr(essi)on|41/100\n|-heal|p1b: Chimarr\u00e3o|81/100\n|move|p2a: Garchomp|Rock Slide|p1b: Chimarr\u00e3o|[spread] p1a,p1b\n|-resisted|p1a: Aggr(essi)on|1\n|-damage|p1a: Aggr(essi)on|38/100\n|-damage|p1b: Chimarr\u00e3o|63/100\n|\n|-heal|p2b: Primarina|50/100|[from] item: Leftovers\n|upkeep\n|turn|11\n|\n|t:|1776481815\n|switch|p1b: Tyrano|Tyranitar, L50, M|31/100 brn\n|-weather|Sandstorm|[from] ability: Sand Stream|[of] p1b: Tyrano\n|move|p1a: Aggr(essi)on|Protect|p1a: Aggr(essi)on\n|-singleturn|p1a: Aggr(essi)on|Protect\n|move|p2b: Primarina|Protect|p2b: Primarina\n|-singleturn|p2b: Primarina|Protect\n|move|p2a: Garchomp|Rock Slide|p1a: Aggr(essi)on|[spread] p1b\n|-activate|p1a: Aggr(essi)on|move: Protect\n|-damage|p1b: Tyrano|12/100 brn\n|\n|-weather|Sandstorm|[upkeep]\n|-damage|p2b: Primarina|44/100|[from] Sandstorm\n|-heal|p2b: Primarina|50/100|[from] item: Leftovers\n|-damage|p1b: Tyrano|6/100 brn|[from] brn\n|upkeep\n|turn|12\n|\n|t:|1776481837\n|switch|p1b: Chimarr\u00e3o|Sinistcha-Masterpiece, L50|63/100\n|-heal|p1a: Aggr(essi)on|63/100|[from] ability: Hospitality|[of] p1b: Chimarr\u00e3o\n|move|p1a: Aggr(essi)on|Heavy Slam|p2b: Primarina\n|-damage|p2b: Primarina|0 fnt\n|faint|p2b: Primarina\n|move|p2a: Garchomp|Rock Slide|p1a: Aggr(essi)on|[spread] p1a,p1b\n|-resisted|p1a: Aggr(essi)on|1\n|-damage|p1a: Aggr(essi)on|61/100\n|-damage|p1b: Chimarr\u00e3o|45/100\n|\n|-weather|Sandstorm|[upkeep]\n|-damage|p1b: Chimarr\u00e3o|39/100|[from] Sandstorm\n|upkeep\n|turn|13\n|\n|t:|1776481852\n|move|p1a: Aggr(essi)on|Body Press|p2a: Garchomp\n|-damage|p2a: Garchomp|0 fnt\n|-damage|p1a: Aggr(essi)on|49/100|[from] ability: Rough Skin|[of] p2a: Garchomp\n|faint|p2a: Garchomp\n|\n|win|BM_bryka\n|raw|BM_bryka's rating: 1199 &rarr; <strong>1231</strong><br />(+32 for winning)\n|raw|zac5224666's rating: 1299 &rarr; <strong>1267</strong><br />(-32 for losing)\n|l|\u2606zac5224666\n|player|p2|\n",
  "uploadtime": 1776482045,
  "views": 23,
  "formatid": "gen9championsvgc2026regma",
  "rating": 1231,
  "private": 0,
  "password": null
}