{
  "id": "gen9championsvgc2026regma-2583853333",
  "format": "[Gen 9 Champions] VGC 2026 Reg M-A",
  "players": [
    "dragalgg",
    "No zard pls"
  ],
  "log": "|j|\u2606dragalgg\n|j|\u2606No zard pls\n|t:|1776202831\n|gametype|doubles\n|player|p1|dragalgg|102|1100\n|player|p2|No zard pls|1|1040\n|gen|9\n|tier|[Gen 9 Champions] VGC 2026 Reg M-A\n|rated|\n|rule|Species Clause: Limit one of each Pok\u00e9mon\n|rule|Item Clause: Limit 1 of each item\n|clearpoke\n|poke|p1|Froslass, L50, F|\n|poke|p1|Clefable, L50, M|\n|poke|p1|Beartic, L50, M|\n|poke|p1|Oranguru, L50, M|\n|poke|p1|Abomasnow, L50, F|\n|poke|p1|Incineroar, L50, M|\n|poke|p2|Froslass, L50, F|\n|poke|p2|Typhlosion-Hisui, L50, F|\n|poke|p2|Sneasler, L50, F|\n|poke|p2|Whimsicott, L50, M|\n|poke|p2|Corviknight, L50, M|\n|poke|p2|Garchomp, L50, F|\n|teampreview|4\n|inactive|Battle timer is ON: inactive players will automatically lose when time's up. (requested by dragalgg)\n|\n|t:|1776202854\n|teamsize|p1|4\n|teamsize|p2|4\n|start\n|switch|p1a: Froslass|Froslass, L50, F|100/100\n|switch|p1b: Incineroar|Incineroar, L50, M|100/100\n|switch|p2a: Sneasler|Sneasler, L50, F|100/100\n|switch|p2b: Typhlosion|Typhlosion-Hisui, L50, F|100/100\n|-item|p1a: Froslass|Froslassite|[from] ability: Frisk|[of] p2b: Typhlosion\n|-item|p1b: Incineroar|Leftovers|[from] ability: Frisk|[of] p2b: Typhlosion\n|-ability|p1b: Incineroar|Intimidate|boost\n|-unboost|p2a: Sneasler|atk|1\n|-unboost|p2b: Typhlosion|atk|1\n|-enditem|p2a: Sneasler|White Herb\n|-clearnegativeboost|p2a: Sneasler|[silent]\n|turn|1\n|\n|t:|1776202878\n|switch|p1a: Clefable|Clefable, L50, M|100/100\n|move|p2a: Sneasler|Fake Out|p1b: Incineroar\n|-damage|p1b: Incineroar|92/100\n|move|p2b: Typhlosion|Shadow Ball|p1a: Clefable\n|-damage|p1a: Clefable|66/100\n|cant|p1b: Incineroar|flinch\n|\n|-heal|p1b: Incineroar|98/100|[from] item: Leftovers\n|upkeep\n|turn|2\n|inactive|dragalgg has 30 seconds left.\n|\n|t:|1776202905\n|switch|p2b: Corviknight|Corviknight, L50, M|100/100\n|move|p1a: Clefable|Follow Me|p1a: Clefable\n|-singleturn|p1a: Clefable|move: Follow Me\n|move|p2a: Sneasler|Dire Claw|p1a: Clefable\n|-supereffective|p1a: Clefable|1\n|-damage|p1a: Clefable|3/100\n|-enditem|p1a: Clefable|Sitrus Berry|[eat]\n|-heal|p1a: Clefable|28/100|[from] item: Sitrus Berry\n|move|p1b: Incineroar|Flare Blitz|p2a: Sneasler\n|-damage|p2a: Sneasler|15/100\n|-status|p2a: Sneasler|brn\n|-damage|p1b: Incineroar|76/100|[from] Recoil\n|\n|-heal|p1b: Incineroar|82/100|[from] item: Leftovers\n|-damage|p2a: Sneasler|10/100 brn|[from] brn\n|upkeep\n|turn|3\n|\n|t:|1776202924\n|switch|p1b: Froslass|Froslass, L50, F|100/100\n|move|p2a: Sneasler|Dire Claw|p1a: Clefable\n|-supereffective|p1a: Clefable|1\n|-damage|p1a: Clefable|0 fnt\n|faint|p1a: Clefable\n|move|p2b: Corviknight|Iron Defense|p2b: Corviknight\n|-boost|p2b: Corviknight|def|2\n|\n|-damage|p2a: Sneasler|4/100 brn|[from] brn\n|upkeep\n|\n|t:|1776202929\n|switch|p1a: Incineroar|Incineroar, L50, M|82/100\n|-ability|p1a: Incineroar|Intimidate|boost\n|-unboost|p2a: Sneasler|atk|1\n|-ability|p2b: Corviknight|Mirror Armor\n|-unboost|p1a: Incineroar|atk|1\n|turn|4\n|\n|t:|1776202945\n|detailschange|p1b: Froslass|Froslass-Mega, L50, F\n|-mega|p1b: Froslass|Froslass|Froslassite\n|-weather|Snowscape|[from] ability: Snow Warning|[of] p1b: Froslass\n|move|p1a: Incineroar|Fake Out|p2b: Corviknight\n|-resisted|p2b: Corviknight|1\n|-damage|p2b: Corviknight|99/100\n|move|p2a: Sneasler|Dire Claw|p1b: Froslass\n|-resisted|p1b: Froslass|1\n|-damage|p1b: Froslass|94/100\n|move|p1b: Froslass|Nasty Plot|p1b: Froslass\n|-boost|p1b: Froslass|spa|2\n|cant|p2b: Corviknight|flinch\n|\n|-weather|Snowscape|[upkeep]\n|-heal|p2b: Corviknight|100/100|[from] item: Leftovers\n|-heal|p1a: Incineroar|88/100|[from] item: Leftovers\n|-damage|p2a: Sneasler|0 fnt|[from] brn\n|faint|p2a: Sneasler\n|upkeep\n|\n|t:|1776202956\n|switch|p2a: Typhlosion|Typhlosion-Hisui, L50, F|100/100\n|-item|p1a: Incineroar|Leftovers|[from] ability: Frisk|[of] p2a: Typhlosion\n|-item|p1b: Froslass|Froslassite|[from] ability: Frisk|[of] p2a: Typhlosion\n|turn|5\n|\n|t:|1776202968\n|move|p1b: Froslass|Blizzard|p2a: Typhlosion|[spread] p2a,p2b\n|-resisted|p2a: Typhlosion|1\n|-damage|p2a: Typhlosion|34/100\n|-damage|p2b: Corviknight|14/100\n|move|p2a: Typhlosion|Shadow Ball|p1b: Froslass\n|-supereffective|p1b: Froslass|1\n|-damage|p1b: Froslass|1/100\n|move|p2b: Corviknight|Body Press|p1a: Incineroar\n|-supereffective|p1a: Incineroar|1\n|-damage|p1a: Incineroar|17/100\n|move|p1a: Incineroar|Darkest Lariat|p2a: Typhlosion\n|-supereffective|p2a: Typhlosion|1\n|-damage|p2a: Typhlosion|0 fnt\n|faint|p2a: Typhlosion\n|\n|-weather|Snowscape|[upkeep]\n|-heal|p2b: Corviknight|20/100|[from] item: Leftovers\n|-heal|p1a: Incineroar|23/100|[from] item: Leftovers\n|upkeep\n|\n|t:|1776202977\n|switch|p2a: Froslass|Froslass, L50, F|100/100\n|turn|6\n|\n|t:|1776202985\n|detailschange|p2a: Froslass|Froslass-Mega, L50, F\n|-mega|p2a: Froslass|Froslass|Froslassite\n|move|p1b: Froslass|Blizzard|p2a: Froslass|[spread] p2a,p2b\n|-resisted|p2a: Froslass|1\n|-damage|p2a: Froslass|43/100\n|-damage|p2b: Corviknight|0 fnt\n|faint|p2b: Corviknight\n|move|p2a: Froslass|Blizzard|p1a: Incineroar|[spread] p1a,p1b\n|-resisted|p1a: Incineroar|1\n|-resisted|p1b: Froslass|1\n|-damage|p1a: Incineroar|3/100\n|-damage|p1b: Froslass|0 fnt\n|faint|p1b: Froslass\n|move|p1a: Incineroar|Darkest Lariat|p2a: Froslass\n|-supereffective|p2a: Froslass|1\n|-damage|p2a: Froslass|0 fnt\n|faint|p2a: Froslass\n|\n|win|dragalgg\n|raw|dragalgg's rating: 1100 &rarr; <strong>1121</strong><br />(+21 for winning)\n|raw|No zard pls's rating: 1040 &rarr; <strong>1027</strong><br />(-13 for losing)\n|l|\u2606No zard pls\n|player|p2|\n",
  "uploadtime": 1776202997,
  "views": 20,
  "formatid": "gen9championsvgc2026regma",
  "rating": 1027,
  "private": 0,
  "password": null
}