{
  "id": "gen9championsvgc2026regma-2585314956",
  "format": "[Gen 9 Champions] VGC 2026 Reg M-A",
  "players": [
    "thatsaltyguy",
    "Big thud fan"
  ],
  "log": "|j|\u2606thatsaltyguy\n|j|\u2606Big thud fan\n|t:|1776336911\n|gametype|doubles\n|player|p1|thatsaltyguy|266|1143\n|player|p2|Big thud fan|chili|1078\n|gen|9\n|tier|[Gen 9 Champions] VGC 2026 Reg M-A\n|rated|\n|rule|Species Clause: Limit one of each Pok\u00e9mon\n|rule|Item Clause: Limit 1 of each item\n|clearpoke\n|poke|p1|Oranguru, L50, F|\n|poke|p1|Crabominable, L50, F|\n|poke|p1|Sinistcha, L50|\n|poke|p1|Incineroar, L50, F|\n|poke|p1|Rhyperior, L50, F|\n|poke|p1|Slowking, L50, M|\n|poke|p2|Kingambit, L50, F|\n|poke|p2|Zoroark-Hisui, L50, M|\n|poke|p2|Froslass, L50, F|\n|poke|p2|Beartic, L50, M|\n|poke|p2|Primarina, L50, F|\n|poke|p2|Sneasler, L50, M|\n|teampreview|4\n|\n|t:|1776336951\n|teamsize|p1|4\n|teamsize|p2|4\n|start\n|switch|p1a: Slowking|Slowking, L50, M, shiny|100/100\n|switch|p1b: Crabominable|Crabominable, L50, F, shiny|100/100\n|switch|p2a: Primarina|Primarina, L50, F|100/100\n|switch|p2b: Sneasler|Sneasler, L50, M|100/100\n|turn|1\n|inactive|Battle timer is ON: inactive players will automatically lose when time's up. (requested by thatsaltyguy)\n|\n|t:|1776336975\n|move|p1b: Crabominable|Protect|p1b: Crabominable\n|-singleturn|p1b: Crabominable|Protect\n|move|p2b: Sneasler|Fake Out|p1b: Crabominable\n|-activate|p1b: Crabominable|move: Protect\n|move|p2a: Primarina|Taunt|p1a: Slowking\n|-start|p1a: Slowking|move: Taunt\n|cant|p1a: Slowking|move: Taunt|Trick Room\n|\n|upkeep\n|turn|2\n|\n|t:|1776336990\n|detailschange|p1b: Crabominable|Crabominable-Mega, L50, F, shiny\n|-mega|p1b: Crabominable|Crabominable|Crabominite\n|move|p2a: Primarina|Shadow Ball|p1a: Slowking\n|-supereffective|p1a: Slowking|1\n|-damage|p1a: Slowking|38/100\n|move|p2b: Sneasler|Close Combat|p1b: Crabominable\n|-supereffective|p1b: Crabominable|1\n|-damage|p1b: Crabominable|0 fnt\n|-unboost|p2b: Sneasler|def|1\n|-unboost|p2b: Sneasler|spd|1\n|faint|p1b: Crabominable\n|-enditem|p2b: Sneasler|White Herb\n|-clearnegativeboost|p2b: Sneasler|[silent]\n|move|p1a: Slowking|Psychic|p2b: Sneasler\n|-supereffective|p2b: Sneasler|2\n|-damage|p2b: Sneasler|0 fnt\n|faint|p2b: Sneasler\n|\n|upkeep\n|\n|t:|1776337009\n|switch|p2b: Primarina|Primarina, L50, F|100/100\n|switch|p1b: Sinistcha|Sinistcha, L50, shiny|100/100\n|-heal|p1a: Slowking|63/100|[from] ability: Hospitality|[of] p1b: Sinistcha\n|turn|3\n|\n|t:|1776337025\n|move|p2b: Primarina|Moonblast|p1b: Sinistcha\n|-damage|p1b: Sinistcha|55/100\n|-unboost|p1b: Sinistcha|spa|1\n|move|p2a: Primarina|Shadow Ball|p1b: Sinistcha\n|-supereffective|p1b: Sinistcha|1\n|-damage|p1b: Sinistcha|0 fnt\n|faint|p1b: Sinistcha\n|move|p1a: Slowking|Psychic|p2a: Primarina\n|-damage|p2a: Primarina|32/100\n|replace|p2a: Zoroark|Zoroark-Hisui, L50, M\n|-end|p2a: Zoroark|Illusion\n|\n|-end|p1a: Slowking|move: Taunt\n|upkeep\n|\n|t:|1776337032\n|switch|p1b: Rhyperior|Rhyperior, L50, F, shiny|100/100\n|turn|4\n|\n|t:|1776337041\n|move|p2b: Primarina|Moonblast|p1a: Slowking\n|-damage|p1a: Slowking|24/100\n|move|p2a: Zoroark|Shadow Ball|p1a: Slowking\n|-supereffective|p1a: Slowking|1\n|-damage|p1a: Slowking|0 fnt\n|faint|p1a: Slowking\n|move|p1b: Rhyperior|Rock Slide|p2a: Zoroark|[spread] p2a,p2b\n|-damage|p2a: Zoroark|0 fnt\n|-damage|p2b: Primarina|48/100\n|faint|p2a: Zoroark\n|\n|upkeep\n|\n|t:|1776337044\n|switch|p2a: Froslass|Froslass, L50, F|100/100\n|turn|5\n|\n|t:|1776337051\n|detailschange|p2a: Froslass|Froslass-Mega, L50, F\n|-mega|p2a: Froslass|Froslass|Froslassite\n|-weather|Snowscape|[from] ability: Snow Warning|[of] p2a: Froslass\n|move|p2a: Froslass|Blizzard|p1b: Rhyperior\n|-supereffective|p1b: Rhyperior|1\n|-enditem|p1b: Rhyperior|Focus Sash\n|-damage|p1b: Rhyperior|1/100\n|move|p2b: Primarina|Moonblast|p1b: Rhyperior\n|-damage|p1b: Rhyperior|0 fnt\n|faint|p1b: Rhyperior\n|\n|win|Big thud fan\n|raw|thatsaltyguy's rating: 1143 &rarr; <strong>1112</strong><br />(-31 for losing)\n|raw|Big thud fan's rating: 1057 &rarr; <strong>1096</strong><br />(+39 for winning)\n|l|\u2606thatsaltyguy\n|player|p1|\n",
  "uploadtime": 1776337222,
  "views": 21,
  "formatid": "gen9championsvgc2026regma",
  "rating": 1096,
  "private": 0,
  "password": null
}