{
  "id": "gen9championsvgc2026regma-2586866459",
  "format": "[Gen 9 Champions] VGC 2026 Reg M-A",
  "players": [
    "FlyingHirschGG",
    "AidzPlayz"
  ],
  "log": "|j|\u2606FlyingHirschGG\n|j|\u2606AidzPlayz\n|t:|1776466684\n|gametype|doubles\n|player|p1|FlyingHirschGG|arezu|1402\n|player|p2|AidzPlayz|ghetsis-gen5bw|1356\n|gen|9\n|tier|[Gen 9 Champions] VGC 2026 Reg M-A\n|rated|\n|rule|Species Clause: Limit one of each Pok\u00e9mon\n|rule|Item Clause: Limit 1 of each item\n|clearpoke\n|poke|p1|Manectric, L50, M|\n|poke|p1|Palafin, L50, F|\n|poke|p1|Sneasler, L50, M|\n|poke|p1|Froslass, L50, F|\n|poke|p1|Sinistcha-Masterpiece, L50|\n|poke|p1|Dragonite, L50, M|\n|poke|p2|Aerodactyl, L50, F|\n|poke|p2|Incineroar, L50, F|\n|poke|p2|Floette-Eternal, L50, F|\n|poke|p2|Basculegion, L50, M|\n|poke|p2|Garchomp, L50, F|\n|poke|p2|Sneasler, L50, M|\n|teampreview|4\n|inactive|Battle timer is ON: inactive players will automatically lose when time's up. (requested by AidzPlayz)\n|\n|t:|1776466728\n|teamsize|p1|4\n|teamsize|p2|4\n|start\n|switch|p1a: Manectric|Manectric, L50, M, shiny|100/100\n|switch|p1b: Palafin|Palafin, L50, F, shiny|100/100\n|switch|p2a: Aerodactyl|Aerodactyl, L50, F|100/100\n|switch|p2b: Floette|Floette-Eternal, L50, F|100/100\n|-ability|p2a: Aerodactyl|Unnerve\n|turn|1\n|\n|t:|1776466747\n|detailschange|p1b: Palafin|Palafin-Hero, L50, F, shiny\n|switch|p1b: Sneasler|Sneasler, L50, M|100/100\n|detailschange|p1a: Manectric|Manectric-Mega, L50, M, shiny\n|-mega|p1a: Manectric|Manectric|Manectite\n|-ability|p1a: Manectric|Intimidate|boost\n|-unboost|p2a: Aerodactyl|atk|1\n|-unboost|p2b: Floette|atk|1\n|detailschange|p2b: Floette|Floette-Mega, L50, F\n|-mega|p2b: Floette|Floette|Floettite\n|-ability|p2b: Floette|Fairy Aura\n|move|p1a: Manectric|Snarl|p2b: Floette|[spread] p2a,p2b\n|-resisted|p2b: Floette|1\n|-damage|p2a: Aerodactyl|82/100\n|-damage|p2b: Floette|96/100\n|-unboost|p2a: Aerodactyl|spa|1\n|-unboost|p2b: Floette|spa|1\n|move|p2a: Aerodactyl|Tailwind|p2a: Aerodactyl\n|-sidestart|p2: AidzPlayz|move: Tailwind\n|move|p2b: Floette|Dazzling Gleam|p1a: Manectric|[spread] p1a,p1b\n|-damage|p1a: Manectric|56/100\n|-damage|p1b: Sneasler|54/100\n|\n|upkeep\n|turn|2\n|\n|t:|1776466768\n|switch|p1b: Sinistcha|Sinistcha-Masterpiece, L50|100/100\n|-heal|p1a: Manectric|80/100|[from] ability: Hospitality|[of] p1b: Sinistcha\n|move|p2b: Floette|Protect|p2b: Floette\n|-singleturn|p2b: Floette|Protect\n|move|p2a: Aerodactyl|Dual Wingbeat|p1b: Sinistcha\n|-supereffective|p1b: Sinistcha|1\n|-damage|p1b: Sinistcha|76/100\n|-supereffective|p1b: Sinistcha|1\n|-damage|p1b: Sinistcha|54/100\n|-hitcount|p1b: Sinistcha|2\n|move|p1a: Manectric|Volt Switch|p2a: Aerodactyl\n|-supereffective|p2a: Aerodactyl|1\n|-damage|p2a: Aerodactyl|0 fnt\n|faint|p2a: Aerodactyl\n|\n|t:|1776466782\n|switch|p1a: Palafin|Palafin-Hero, L50, F, shiny|100/100|[from] Volt Switch\n|-activate|p1a: Palafin|ability: Zero to Hero\n|\n|upkeep\n|\n|t:|1776466800\n|switch|p2a: Basculegion|Basculegion, L50, M|100/100\n|turn|3\n|j| nucleartogepis\n|\n|t:|1776466815\n|switch|p1b: Manectric|Manectric-Mega, L50, M, shiny|80/100\n|-ability|p1b: Manectric|Intimidate|boost\n|-unboost|p2a: Basculegion|atk|1\n|-unboost|p2b: Floette|atk|1\n|move|p2a: Basculegion|Last Respects|p1b: Manectric\n|-damage|p1b: Manectric|26/100\n|move|p2b: Floette|Light of Ruin|p1a: Palafin\n|-damage|p1a: Palafin|39/100\n|-damage|p2b: Floette|54/100|[from] Recoil\n|move|p1a: Palafin|Bulk Up|p1a: Palafin\n|-boost|p1a: Palafin|atk|1\n|-boost|p1a: Palafin|def|1\n|\n|upkeep\n|turn|4\n|l| nucleartogepis\n|inactive|AidzPlayz has 30 seconds left.\n|\n|t:|1776466840\n|move|p1b: Manectric|Protect|p1b: Manectric\n|-singleturn|p1b: Manectric|Protect\n|move|p1a: Palafin|Protect|p1a: Palafin\n|-singleturn|p1a: Palafin|Protect\n|move|p2a: Basculegion|Last Respects|p1a: Palafin\n|-activate|p1a: Palafin|move: Protect\n|move|p2b: Floette|Dazzling Gleam|p1a: Palafin|[spread] \n|-activate|p1a: Palafin|move: Protect\n|-activate|p1b: Manectric|move: Protect\n|\n|-sideend|p2: AidzPlayz|move: Tailwind\n|upkeep\n|turn|5\n|\n|t:|1776466856\n|move|p2b: Floette|Protect|p2b: Floette\n|-singleturn|p2b: Floette|Protect\n|move|p1a: Palafin|Jet Punch|p2b: Floette\n|-activate|p2b: Floette|move: Protect\n|move|p2a: Basculegion|Last Respects|p1a: Palafin\n|-damage|p1a: Palafin|13/100\n|move|p1b: Manectric|Volt Switch|p2a: Basculegion\n|-supereffective|p2a: Basculegion|1\n|-damage|p2a: Basculegion|27/100\n|\n|t:|1776466866\n|switch|p1b: Sinistcha|Sinistcha-Masterpiece, L50|54/100|[from] Volt Switch\n|-heal|p1a: Palafin|38/100|[from] ability: Hospitality|[of] p1b: Sinistcha\n|\n|upkeep\n|turn|6\n|\n|t:|1776466884\n|switch|p1b: Manectric|Manectric-Mega, L50, M, shiny|26/100\n|-ability|p1b: Manectric|Intimidate|boost\n|-unboost|p2a: Basculegion|atk|1\n|-unboost|p2b: Floette|atk|1\n|move|p1a: Palafin|Jet Punch|p2b: Floette\n|-damage|p2b: Floette|0 fnt\n|faint|p2b: Floette\n|move|p2a: Basculegion|Last Respects|p1b: Manectric\n|-damage|p1b: Manectric|0 fnt\n|faint|p1b: Manectric\n|\n|upkeep\n|\n|t:|1776466894\n|switch|p1b: Sinistcha|Sinistcha-Masterpiece, L50|54/100\n|switch|p2b: Garchomp|Garchomp, L50, F|100/100\n|-heal|p1a: Palafin|62/100|[from] ability: Hospitality|[of] p1b: Sinistcha\n|turn|7\n|\n|t:|1776466919\n|move|p1a: Palafin|Protect|p1a: Palafin\n|-singleturn|p1a: Palafin|Protect\n|move|p2a: Basculegion|Last Respects|p1b: Sinistcha\n|-supereffective|p1b: Sinistcha|1\n|-damage|p1b: Sinistcha|0 fnt\n|faint|p1b: Sinistcha\n|move|p2b: Garchomp|Dragon Claw|p1a: Palafin\n|-activate|p1a: Palafin|move: Protect\n|\n|upkeep\n|\n|t:|1776466925\n|switch|p1b: Sneasler|Sneasler, L50, M|54/100\n|turn|8\n|\n|t:|1776466936\n|move|p1a: Palafin|Jet Punch|p2a: Basculegion\n|-resisted|p2a: Basculegion|1\n|-damage|p2a: Basculegion|0 fnt\n|faint|p2a: Basculegion\n|move|p1b: Sneasler|Coaching|p1a: Palafin\n|-boost|p1a: Palafin|atk|1\n|-boost|p1a: Palafin|def|1\n|move|p2b: Garchomp|Dragon Claw|p1a: Palafin\n|-damage|p1a: Palafin|45/100\n|\n|upkeep\n|turn|9\n|c|\u2606AidzPlayz|gg\n|\n|t:|1776466950\n|move|p1a: Palafin|Jet Punch|p2b: Garchomp\n|-damage|p2b: Garchomp|34/100\n|-damage|p1a: Palafin|33/100|[from] ability: Rough Skin|[of] p2b: Garchomp\n|move|p1b: Sneasler|Close Combat|p2b: Garchomp\n|-damage|p2b: Garchomp|0 fnt\n|-unboost|p1b: Sneasler|def|1\n|-unboost|p1b: Sneasler|spd|1\n|-damage|p1b: Sneasler|42/100|[from] ability: Rough Skin|[of] p2b: Garchomp\n|faint|p2b: Garchomp\n|\n|win|FlyingHirschGG\n|raw|FlyingHirschGG's rating: 1402 &rarr; <strong>1419</strong><br />(+17 for winning)\n|raw|AidzPlayz's rating: 1356 &rarr; <strong>1339</strong><br />(-17 for losing)\n",
  "uploadtime": 1776466950,
  "views": 33,
  "formatid": "gen9championsvgc2026regma",
  "rating": 1339,
  "private": 0,
  "password": null
}