{
  "id": "gen9championsvgc2026regma-2589396857",
  "format": "[Gen 9 Champions] VGC 2026 Reg M-A",
  "players": [
    "poop cannons",
    "Bandido King"
  ],
  "log": "|j|\u2606poop cannons\n|j|\u2606Bandido King\n|t:|1776719627\n|gametype|doubles\n|player|p1|poop cannons|bugcatcher-gen4dp|1137\n|player|p2|Bandido King|plasmagruntf-gen5bw|1056\n|gen|9\n|tier|[Gen 9 Champions] VGC 2026 Reg M-A\n|rated|\n|rule|Species Clause: Limit one of each Pok\u00e9mon\n|rule|Item Clause: Limit 1 of each item\n|clearpoke\n|poke|p1|Delphox, L50, F|\n|poke|p1|Basculegion, L50, M|\n|poke|p1|Aerodactyl, L50, F|\n|poke|p1|Sneasler, L50, F|\n|poke|p1|Garchomp, L50, M|\n|poke|p1|Kingambit, L50, M|\n|poke|p2|Delphox, L50, F|\n|poke|p2|Incineroar, L50, F|\n|poke|p2|Sneasler, L50, F|\n|poke|p2|Aerodactyl, L50, F|\n|poke|p2|Tsareena, L50, F|\n|poke|p2|Garchomp, L50, F|\n|teampreview|4\n|inactive|Battle timer is ON: inactive players will automatically lose when time's up. (requested by poop cannons)\n|inactive|poop cannons has 60 seconds left.\n|\n|t:|1776719677\n|teamsize|p1|4\n|teamsize|p2|4\n|start\n|switch|p1a: Sneasler|Sneasler, L50, F|100/100\n|switch|p1b: Kingambit|Kingambit, L50, M|100/100\n|switch|p2a: Aerodactyl|Aerodactyl, L50, F|100/100\n|switch|p2b: Sneasler|Sneasler, L50, F|100/100\n|-ability|p2a: Aerodactyl|Unnerve\n|turn|1\n|\n|t:|1776719698\n|move|p1a: Sneasler|Fake Out|p2b: Sneasler\n|-crit|p2b: Sneasler\n|-damage|p2b: Sneasler|67/100\n|cant|p2b: Sneasler|flinch\n|move|p2a: Aerodactyl|Tailwind|p2a: Aerodactyl\n|-sidestart|p2: Bandido King|move: Tailwind\n|move|p1b: Kingambit|Iron Head|p2a: Aerodactyl\n|-supereffective|p2a: Aerodactyl|1\n|-enditem|p2a: Aerodactyl|Focus Sash\n|-damage|p2a: Aerodactyl|1/100\n|\n|upkeep\n|turn|2\n|\n|t:|1776719723\n|switch|p1a: Garchomp|Garchomp, L50, M|100/100\n|move|p1b: Kingambit|Protect|p1b: Kingambit\n|-singleturn|p1b: Kingambit|Protect\n|move|p2a: Aerodactyl|Dual Wingbeat|p1a: Garchomp\n|-damage|p1a: Garchomp|85/100\n|-damage|p2a: Aerodactyl|0 fnt|[from] ability: Rough Skin|[of] p1a: Garchomp\n|faint|p2a: Aerodactyl\n|-hitcount|p1a: Garchomp|1\n|move|p2b: Sneasler|Close Combat|p1b: Kingambit\n|-activate|p1b: Kingambit|move: Protect\n|\n|upkeep\n|\n|t:|1776719736\n|switch|p2a: Tsareena|Tsareena, L50, F|100/100\n|turn|3\n|\n|t:|1776719760\n|switch|p1b: Sneasler|Sneasler, L50, F|100/100\n|move|p2b: Sneasler|Close Combat|p1b: Sneasler\n|-resisted|p1b: Sneasler|1\n|-damage|p1b: Sneasler|48/100\n|-unboost|p2b: Sneasler|def|1\n|-unboost|p2b: Sneasler|spd|1\n|-enditem|p2b: Sneasler|White Herb\n|-clearnegativeboost|p2b: Sneasler|[silent]\n|move|p2a: Tsareena|Triple Axel|p1a: Garchomp\n|-supereffective|p1a: Garchomp|2\n|-damage|p1a: Garchomp|66/100\n|-damage|p2a: Tsareena|88/100|[from] ability: Rough Skin|[of] p1a: Garchomp\n|-supereffective|p1a: Garchomp|2\n|-damage|p1a: Garchomp|27/100\n|-damage|p2a: Tsareena|76/100|[from] ability: Rough Skin|[of] p1a: Garchomp\n|-supereffective|p1a: Garchomp|2\n|-damage|p1a: Garchomp|0 fnt\n|-damage|p2a: Tsareena|64/100|[from] ability: Rough Skin|[of] p1a: Garchomp\n|faint|p1a: Garchomp\n|-hitcount|p1: Garchomp|3\n|\n|upkeep\n|\n|t:|1776719785\n|switch|p1a: Kingambit|Kingambit, L50, M|100/100\n|turn|4\n|\n|t:|1776719813\n|move|p1b: Sneasler|Fake Out||[still]\n|cant|p2a: Tsareena|ability: Queenly Majesty|Fake Out|[of] p1b: Sneasler\n|move|p2b: Sneasler|Close Combat|p1a: Kingambit\n|-supereffective|p1a: Kingambit|2\n|-damage|p1a: Kingambit|0 fnt\n|-unboost|p2b: Sneasler|def|1\n|-unboost|p2b: Sneasler|spd|1\n|faint|p1a: Kingambit\n|move|p2a: Tsareena|Triple Axel|p1b: Sneasler\n|-damage|p1b: Sneasler|40/100\n|-hitcount|p1b: Sneasler|1\n|\n|-sideend|p2: Bandido King|move: Tailwind\n|upkeep\n|\n|t:|1776719824\n|switch|p1a: Delphox|Delphox, L50, F|100/100\n|turn|5\n|\n|t:|1776719840\n|switch|p2a: Garchomp|Garchomp, L50, F|100/100\n|detailschange|p1a: Delphox|Delphox-Mega, L50, F\n|-mega|p1a: Delphox|Delphox|Delphoxite\n|move|p2b: Sneasler|Protect|p2b: Sneasler\n|-singleturn|p2b: Sneasler|Protect\n|move|p1a: Delphox|Heat Wave|p2a: Garchomp|[spread] p2a\n|-activate|p2b: Sneasler|move: Protect\n|-resisted|p2a: Garchomp|1\n|-damage|p2a: Garchomp|78/100\n|move|p1b: Sneasler|Dire Claw|p2a: Garchomp\n|-resisted|p2a: Garchomp|1\n|-damage|p2a: Garchomp|58/100\n|-damage|p1b: Sneasler|28/100|[from] ability: Rough Skin|[of] p2a: Garchomp\n|\n|upkeep\n|turn|6\n|c|\u2606poop cannons|queenly majesty protects your whole side?\n|inactive|Bandido King has 30 seconds left.\n|\n|t:|1776719866\n|move|p2b: Sneasler|Close Combat|p1b: Sneasler\n|-resisted|p1b: Sneasler|1\n|-damage|p1b: Sneasler|0 fnt\n|-unboost|p2b: Sneasler|def|1\n|-unboost|p2b: Sneasler|spd|1\n|faint|p1b: Sneasler\n|move|p1a: Delphox|Heat Wave|p2a: Garchomp|[spread] p2a,p2b\n|-resisted|p2a: Garchomp|1\n|-crit|p2b: Sneasler\n|-damage|p2a: Garchomp|36/100\n|-damage|p2b: Sneasler|0 fnt\n|faint|p2b: Sneasler\n|move|p2a: Garchomp|Rock Slide|p1a: Delphox\n|-supereffective|p1a: Delphox|1\n|-damage|p1a: Delphox|37/100\n|\n|upkeep\n|\n|t:|1776719879\n|switch|p2b: Tsareena|Tsareena, L50, F|64/100\n|turn|7\n|\n|t:|1776719898\n|move|p1a: Delphox|Heat Wave|p2b: Tsareena|[spread] p2b\n|-miss|p1a: Delphox|p2a: Garchomp\n|-supereffective|p2b: Tsareena|1\n|-damage|p2b: Tsareena|0 fnt\n|faint|p2b: Tsareena\n|move|p2a: Garchomp|Rock Slide|p1a: Delphox\n|-supereffective|p1a: Delphox|1\n|-damage|p1a: Delphox|0 fnt\n|faint|p1a: Delphox\n|\n|win|Bandido King\n|raw|poop cannons's rating: 1137 &rarr; <strong>1106</strong><br />(-31 for losing)\n|raw|Bandido King's rating: 1056 &rarr; <strong>1095</strong><br />(+39 for winning)\n",
  "uploadtime": 1776719916,
  "views": 11,
  "formatid": "gen9championsvgc2026regma",
  "rating": 1095,
  "private": 0,
  "password": null
}