{
  "id": "gen9championsvgc2026regma-2582648614",
  "format": "[Gen 9 Champions] VGC 2026 Reg M-A",
  "players": [
    "jokmah123",
    "MeninoFelino"
  ],
  "log": "|j|\u2606jokmah123\n|j|\u2606MeninoFelino\n|t:|1776104847\n|gametype|doubles\n|player|p1|jokmah123|102|1176\n|player|p2|MeninoFelino|benga|1125\n|gen|9\n|tier|[Gen 9 Champions] VGC 2026 Reg M-A\n|rated|\n|rule|Species Clause: Limit one of each Pok\u00e9mon\n|rule|Item Clause: Limit 1 of each item\n|clearpoke\n|poke|p1|Sneasler, L50, F|\n|poke|p1|Kingambit, L50, F|\n|poke|p1|Dragapult, L50, M|\n|poke|p1|Charizard, L50, M|\n|poke|p1|Maushold-Four, L50|\n|poke|p1|Garchomp, L50, F|\n|poke|p2|Tyranitar, L50, F|\n|poke|p2|Excadrill, L50, F|\n|poke|p2|Kommo-o, L50, M|\n|poke|p2|Aerodactyl, L50, F|\n|poke|p2|Tinkaton, L50, F|\n|poke|p2|Heliolisk, L50, M|\n|teampreview|4\nMeninoFelino has agreed to open team sheets.\n|\n|t:|1776104881\n|teamsize|p1|4\n|teamsize|p2|4\n|start\n|switch|p1a: Dragapult|Dragapult, L50, M|100/100\n|switch|p1b: Sneasler|Sneasler, L50, F|100/100\n|switch|p2a: Tyranitar|Tyranitar, L50, F|100/100\n|switch|p2b: Aerodactyl|Aerodactyl, L50, F|100/100\n|-weather|Sandstorm|[from] ability: Sand Stream|[of] p2a: Tyranitar\n|turn|1\n|inactive|Battle timer is ON: inactive players will automatically lose when time's up. (requested by jokmah123)\n|\n|t:|1776104902\n|move|p2a: Tyranitar|Protect|p2a: Tyranitar\n|-singleturn|p2a: Tyranitar|Protect\n|move|p1a: Dragapult|Will-O-Wisp|p2b: Aerodactyl\n|-status|p2b: Aerodactyl|brn\n|move|p2b: Aerodactyl|Tailwind|p2b: Aerodactyl\n|-sidestart|p2: MeninoFelino|move: Tailwind\n|move|p1b: Sneasler|Close Combat|p2a: Tyranitar\n|-activate|p2a: Tyranitar|move: Protect\n|\n|-weather|Sandstorm|[upkeep]\n|-damage|p1a: Dragapult|94/100|[from] Sandstorm\n|-damage|p1b: Sneasler|95/100|[from] Sandstorm\n|-damage|p2b: Aerodactyl|95/100 brn|[from] brn\n|upkeep\n|turn|2\n|inactive|jokmah123 has 30 seconds left.\n|\n|t:|1776104932\n|move|p2b: Aerodactyl|Dual Wingbeat|p1b: Sneasler\n|-supereffective|p1b: Sneasler|1\n|-damage|p1b: Sneasler|68/100\n|-supereffective|p1b: Sneasler|1\n|-damage|p1b: Sneasler|41/100\n|-hitcount|p1b: Sneasler|2\n|move|p1a: Dragapult|Draco Meteor|p2b: Aerodactyl|[miss]\n|-miss|p1a: Dragapult|p2b: Aerodactyl\n|move|p1b: Sneasler|Close Combat|p2a: Tyranitar\n|-supereffective|p2a: Tyranitar|2\n|-damage|p2a: Tyranitar|0 fnt\n|-unboost|p1b: Sneasler|def|1\n|-unboost|p1b: Sneasler|spd|1\n|faint|p2a: Tyranitar\n|\n|-weather|Sandstorm|[upkeep]\n|-damage|p1a: Dragapult|88/100|[from] Sandstorm\n|-damage|p1b: Sneasler|35/100|[from] Sandstorm\n|-damage|p2b: Aerodactyl|89/100 brn|[from] brn\n|upkeep\n|\n|t:|1776104954\n|switch|p2a: Excadrill|Excadrill, L50, F|100/100\n|turn|3\n|\n|t:|1776104965\n|move|p2a: Excadrill|Protect|p2a: Excadrill\n|-singleturn|p2a: Excadrill|Protect\n|move|p2b: Aerodactyl|Dual Wingbeat|p1b: Sneasler\n|-supereffective|p1b: Sneasler|1\n|-damage|p1b: Sneasler|0 fnt\n|faint|p1b: Sneasler\n|-hitcount|p1: Sneasler|1\n|move|p1a: Dragapult|Draco Meteor|p2a: Excadrill\n|-activate|p2a: Excadrill|move: Protect\n|\n|-weather|Sandstorm|[upkeep]\n|-damage|p1a: Dragapult|82/100|[from] Sandstorm\n|-damage|p2b: Aerodactyl|83/100 brn|[from] brn\n|upkeep\n|\n|t:|1776104980\n|switch|p1b: Kingambit|Kingambit, L50, F|100/100\n|turn|4\n|\n|t:|1776104990\n|move|p2b: Aerodactyl|Protect|p2b: Aerodactyl\n|-singleturn|p2b: Aerodactyl|Protect\n|move|p1b: Kingambit|Protect|p1b: Kingambit\n|-singleturn|p1b: Kingambit|Protect\n|move|p2a: Excadrill|Earthquake|p1a: Dragapult|[spread] p1a\n|-activate|p2b: Aerodactyl|move: Protect\n|-activate|p1b: Kingambit|move: Protect\n|-damage|p1a: Dragapult|4/100\n|move|p1a: Dragapult|Draco Meteor|p2a: Excadrill\n|-resisted|p2a: Excadrill|1\n|-damage|p2a: Excadrill|73/100\n|-unboost|p1a: Dragapult|spa|2\n|\n|-weather|Sandstorm|[upkeep]\n|-damage|p1a: Dragapult|0 fnt|[from] Sandstorm\n|faint|p1a: Dragapult\n|-damage|p2b: Aerodactyl|77/100 brn|[from] brn\n|-sideend|p2: MeninoFelino|move: Tailwind\n|upkeep\n|\n|t:|1776104997\n|switch|p1a: Charizard|Charizard, L50, M|100/100\n|turn|5\n|\n|t:|1776105021\n|detailschange|p1a: Charizard|Charizard-Mega-Y, L50, M\n|-mega|p1a: Charizard|Charizard|Charizardite Y\n|-weather|SunnyDay|[from] ability: Drought|[of] p1a: Charizard\n|move|p1a: Charizard|Protect|p1a: Charizard\n|-singleturn|p1a: Charizard|Protect\n|move|p1b: Kingambit|Sucker Punch|p2a: Excadrill\n|-damage|p2a: Excadrill|4/100\n|move|p2b: Aerodactyl|Dual Wingbeat|p1b: Kingambit\n|-resisted|p1b: Kingambit|1\n|-damage|p1b: Kingambit|97/100\n|-resisted|p1b: Kingambit|1\n|-damage|p1b: Kingambit|94/100\n|-hitcount|p1b: Kingambit|2\n|move|p2a: Excadrill|Earthquake|p1b: Kingambit|[spread] p1b\n|-activate|p1a: Charizard|move: Protect\n|-immune|p2b: Aerodactyl\n|-supereffective|p1b: Kingambit|1\n|-damage|p1b: Kingambit|12/100\n|\n|-weather|SunnyDay|[upkeep]\n|-damage|p2b: Aerodactyl|71/100 brn|[from] brn\n|upkeep\n|turn|6\n|inactive|MeninoFelino has 30 seconds left.\n|inactive|jokmah123 has 30 seconds left.\n|\n|t:|1776105054\n|move|p2b: Aerodactyl|Protect|p2b: Aerodactyl\n|-singleturn|p2b: Aerodactyl|Protect\n|move|p1b: Kingambit|Protect|p1b: Kingambit\n|-singleturn|p1b: Kingambit|Protect\n|move|p2a: Excadrill|Earthquake|p1b: Kingambit|[spread] \n|-activate|p2b: Aerodactyl|move: Protect\n|-activate|p1b: Kingambit|move: Protect\n|-immune|p1a: Charizard\n|move|p1a: Charizard|Solar Beam||[still]\n|-prepare|p1a: Charizard|Solar Beam\n|-anim|p1a: Charizard|Solar Beam|p2b: Aerodactyl\n|-activate|p2b: Aerodactyl|move: Protect\n|\n|-weather|SunnyDay|[upkeep]\n|-damage|p2b: Aerodactyl|65/100 brn|[from] brn\n|upkeep\n|turn|7\n|\n|t:|1776105075\n|move|p1b: Kingambit|Sucker Punch||[still]\n|-fail|p1b: Kingambit\n|move|p2b: Aerodactyl|Tailwind|p2b: Aerodactyl\n|-sidestart|p2: MeninoFelino|move: Tailwind\n|move|p2a: Excadrill|Swords Dance|p2a: Excadrill\n|-boost|p2a: Excadrill|atk|2\n|move|p1a: Charizard|Solar Beam||[still]\n|-prepare|p1a: Charizard|Solar Beam\n|-anim|p1a: Charizard|Solar Beam|p2b: Aerodactyl\n|-damage|p2b: Aerodactyl|5/100 brn\n|\n|-weather|SunnyDay|[upkeep]\n|-damage|p2b: Aerodactyl|0 fnt|[from] brn\n|faint|p2b: Aerodactyl\n|upkeep\n|\n|t:|1776105087\n|switch|p2b: Kommo-o|Kommo-o, L50, M|100/100\n|turn|8\n|\n|t:|1776105103\n|move|p2a: Excadrill|Protect|p2a: Excadrill\n|-singleturn|p2a: Excadrill|Protect\n|move|p1b: Kingambit|Sucker Punch|p2b: Kommo-o\n|-resisted|p2b: Kommo-o|1\n|-damage|p2b: Kommo-o|78/100\n|move|p2b: Kommo-o|Aura Sphere|p1b: Kingambit\n|-supereffective|p1b: Kingambit|2\n|-damage|p1b: Kingambit|0 fnt\n|faint|p1b: Kingambit\n|move|p1a: Charizard|Heat Wave|p2b: Kommo-o|[spread] p2b\n|-activate|p2a: Excadrill|move: Protect\n|-resisted|p2b: Kommo-o|1\n|-damage|p2b: Kommo-o|42/100\n|-status|p2b: Kommo-o|brn\n|\n|-weather|SunnyDay|[upkeep]\n|-damage|p2b: Kommo-o|36/100 brn|[from] brn\n|upkeep\n|turn|9\n|\n|t:|1776105122\n|move|p1a: Charizard|Protect|p1a: Charizard\n|-singleturn|p1a: Charizard|Protect\n|move|p2a: Excadrill|Iron Head|p1a: Charizard\n|-activate|p1a: Charizard|move: Protect\n|move|p2b: Kommo-o|Clanging Scales|p1a: Charizard\n|-activate|p1a: Charizard|move: Protect\n|\n|-weather|none\n|-damage|p2b: Kommo-o|30/100 brn|[from] brn\n|upkeep\n|turn|10\n|\n|t:|1776105133\n|move|p2a: Excadrill|Iron Head|p1a: Charizard\n|-resisted|p1a: Charizard|1\n|-damage|p1a: Charizard|50/100\n|move|p2b: Kommo-o|Clanging Scales|p1a: Charizard\n|-damage|p1a: Charizard|5/100\n|-unboost|p2b: Kommo-o|def|1\n|move|p1a: Charizard|Heat Wave|p2a: Excadrill|[spread] p2a,p2b\n|-supereffective|p2a: Excadrill|1\n|-resisted|p2b: Kommo-o|1\n|-damage|p2a: Excadrill|0 fnt\n|-damage|p2b: Kommo-o|8/100 brn\n|faint|p2a: Excadrill\n|\n|-damage|p2b: Kommo-o|2/100 brn|[from] brn\n|-sideend|p2: MeninoFelino|move: Tailwind\n|upkeep\n|turn|11\n|inactive|MeninoFelino has 30 seconds left.\n|\n|t:|1776105159\n|move|p1a: Charizard|Protect|p1a: Charizard\n|-singleturn|p1a: Charizard|Protect\n|move|p2b: Kommo-o|Clanging Scales|p1a: Charizard\n|-activate|p1a: Charizard|move: Protect\n|\n|-damage|p2b: Kommo-o|0 fnt|[from] brn\n|faint|p2b: Kommo-o\n|\n|win|jokmah123\n|raw|jokmah123's rating: 1176 &rarr; <strong>1197</strong><br />(+21 for winning)\n|raw|MeninoFelino's rating: 1125 &rarr; <strong>1104</strong><br />(-21 for losing)\n|c|\u2606MeninoFelino|gg\n|c|\u2606jokmah123|Gg\n|l|\u2606MeninoFelino\n|player|p2|\n",
  "uploadtime": 1776105174,
  "views": 14,
  "formatid": "gen9championsvgc2026regma",
  "rating": 1104,
  "private": 0,
  "password": null
}