{
  "id": "gen9championsvgc2026regma-2587104628",
  "format": "[Gen 9 Champions] VGC 2026 Reg M-A",
  "players": [
    "huh? oh yeah",
    "Medoy_2"
  ],
  "log": "|j|\u2606huh? oh yeah\n|j|\u2606Medoy_2\n|t:|1776494008\n|gametype|doubles\n|player|p1|huh? oh yeah|harlequin|1127\n|player|p2|Medoy_2|dancer|1192\n|gen|9\n|tier|[Gen 9 Champions] VGC 2026 Reg M-A\n|rated|\n|rule|Species Clause: Limit one of each Pok\u00e9mon\n|rule|Item Clause: Limit 1 of each item\n|clearpoke\n|poke|p1|Gengar, L50, M, shiny|\n|poke|p1|Kingambit, L50, M|\n|poke|p1|Incineroar, L50, F|\n|poke|p1|Sinistcha-Masterpiece, L50|\n|poke|p1|Primarina, L50, F|\n|poke|p1|Aerodactyl, L50, M|\n|poke|p2|Excadrill, L50, M|\n|poke|p2|Sinistcha, L50|\n|poke|p2|Sneasler, L50, F, shiny|\n|poke|p2|Aerodactyl, L50, M|\n|poke|p2|Floette-Eternal, L50, F|\n|poke|p2|Incineroar, L50, M|\n|teampreview|4\n|inactive|Battle timer is ON: inactive players will automatically lose when time's up. (requested by huh? oh yeah)\n|inactive|huh? oh yeah has 60 seconds left.\n|inactive|huh? oh yeah has 30 seconds left.\n|\n|t:|1776494071\n|teamsize|p1|4\n|teamsize|p2|4\n|start\n|switch|p1a: Aerodactyl|Aerodactyl, L50, M|100/100\n|switch|p1b: Incineroar|Incineroar, L50, F|100/100\n|switch|p2a: Daddy Yankee|Excadrill, L50, M|100/100\n|switch|p2b: Dolores|Sneasler, L50, F, shiny|100/100\n|-ability|p1a: Aerodactyl|Unnerve\n|-ability|p2a: Daddy Yankee|Mold Breaker\n|-ability|p1b: Incineroar|Intimidate|boost\n|-unboost|p2a: Daddy Yankee|atk|1\n|-unboost|p2b: Dolores|atk|1\n|turn|1\n|inactive|huh? oh yeah has 30 seconds left.\n|inactive|Medoy_2 has 30 seconds left.\n|inactive|huh? oh yeah has 20 seconds left.\n|\n|t:|1776494107\n|switch|p2b: Jose Jose|Incineroar, L50, M|100/100\n|-ability|p2b: Jose Jose|Intimidate|boost\n|-unboost|p1a: Aerodactyl|atk|1\n|-unboost|p1b: Incineroar|atk|1\n|detailschange|p2a: Daddy Yankee|Excadrill-Mega, L50, M\n|-mega|p2a: Daddy Yankee|Excadrill|Excadrite\n|move|p2a: Daddy Yankee|Protect|p2a: Daddy Yankee\n|-singleturn|p2a: Daddy Yankee|Protect\n|move|p1b: Incineroar|Fake Out|p2b: Jose Jose\n|-damage|p2b: Jose Jose|94/100\n|move|p1a: Aerodactyl|Tailwind|p1a: Aerodactyl\n|-sidestart|p1: huh? oh yeah|move: Tailwind\n|\n|upkeep\n|turn|2\n|inactive|huh? oh yeah has 30 seconds left.\n|inactive|huh? oh yeah has 20 seconds left.\n|inactive|huh? oh yeah has 15 seconds left.\n|\n|t:|1776494150\n|move|p2b: Jose Jose|Fake Out|p1b: Incineroar\n|-damage|p1b: Incineroar|89/100\n|move|p1a: Aerodactyl|Rock Slide|p2b: Jose Jose|[spread] p2a\n|-miss|p1a: Aerodactyl|p2b: Jose Jose\n|-resisted|p2a: Daddy Yankee|2\n|-damage|p2a: Daddy Yankee|96/100\n|cant|p1b: Incineroar|flinch\n|move|p2a: Daddy Yankee|Iron Head|p1a: Aerodactyl\n|-supereffective|p1a: Aerodactyl|1\n|-enditem|p1a: Aerodactyl|Focus Sash\n|-damage|p1a: Aerodactyl|1/100\n|\n|upkeep\n|turn|3\n|inactive|Medoy_2 has 30 seconds left.\n|\n|t:|1776494183\n|move|p2a: Daddy Yankee|Protect|p2a: Daddy Yankee\n|-singleturn|p2a: Daddy Yankee|Protect\n|move|p1a: Aerodactyl|Rock Slide|p2b: Jose Jose|[spread] p2b\n|-activate|p2a: Daddy Yankee|move: Protect\n|-supereffective|p2b: Jose Jose|1\n|-damage|p2b: Jose Jose|62/100\n|move|p1b: Incineroar|Parting Shot|p2a: Daddy Yankee\n|-activate|p2a: Daddy Yankee|move: Protect\n|move|p2b: Jose Jose|Parting Shot|p1b: Incineroar\n|-unboost|p1b: Incineroar|atk|1\n|-unboost|p1b: Incineroar|spa|1\n|\n|t:|1776494195\n|switch|p2b: Dolores|Sneasler, L50, F, shiny|100/100|[from] Parting Shot\n|\n|upkeep\n|turn|4\n|\n|t:|1776494211\n|move|p2b: Dolores|Fake Out|p1b: Incineroar\n|-damage|p1b: Incineroar|76/100\n|move|p1a: Aerodactyl|Dual Wingbeat|p2b: Dolores\n|-supereffective|p2b: Dolores|1\n|-damage|p2b: Dolores|54/100\n|-supereffective|p2b: Dolores|1\n|-damage|p2b: Dolores|8/100\n|-hitcount|p2b: Dolores|2\n|cant|p1b: Incineroar|flinch\n|move|p2a: Daddy Yankee|High Horsepower|p1b: Incineroar\n|-supereffective|p1b: Incineroar|1\n|-damage|p1b: Incineroar|0 fnt\n|faint|p1b: Incineroar\n|\n|-sideend|p1: huh? oh yeah|move: Tailwind\n|upkeep\n|\n|t:|1776494233\n|switch|p1b: Kingambit|Kingambit, L50, M|100/100\n|turn|5\n|\n|t:|1776494248\n|switch|p2b: Jose Jose|Incineroar, L50, M|62/100\n|-ability|p2b: Jose Jose|Intimidate|boost\n|-unboost|p1a: Aerodactyl|atk|1\n|-unboost|p1b: Kingambit|atk|1\n|-ability|p1b: Kingambit|Defiant|boost\n|-boost|p1b: Kingambit|atk|2\n|move|p1b: Kingambit|Sucker Punch||[still]\n|-fail|p1b: Kingambit\n|move|p1a: Aerodactyl|Tailwind|p1a: Aerodactyl\n|-sidestart|p1: huh? oh yeah|move: Tailwind\n|move|p2a: Daddy Yankee|Iron Head|p1a: Aerodactyl\n|-supereffective|p1a: Aerodactyl|1\n|-damage|p1a: Aerodactyl|0 fnt\n|faint|p1a: Aerodactyl\n|\n|upkeep\n|\n|t:|1776494254\n|switch|p1a: Gengar|Gengar, L50, M, shiny|100/100\n|turn|6\n|\n|t:|1776494274\n|detailschange|p1a: Gengar|Gengar-Mega, L50, M, shiny\n|-mega|p1a: Gengar|Gengar|Gengarite\n|move|p2b: Jose Jose|Fake Out|p1b: Kingambit\n|-resisted|p1b: Kingambit|1\n|-damage|p1b: Kingambit|96/100\n|move|p1a: Gengar|Shadow Ball|p2a: Daddy Yankee\n|-damage|p2a: Daddy Yankee|25/100\n|move|p2a: Daddy Yankee|Earthquake|p1b: Kingambit|[spread] p2b,p1a,p1b\n|-supereffective|p2b: Jose Jose|1\n|-supereffective|p1a: Gengar|1\n|-supereffective|p1b: Kingambit|1\n|-damage|p2b: Jose Jose|5/100\n|-damage|p1a: Gengar|0 fnt\n|-damage|p1b: Kingambit|46/100\n|-enditem|p2b: Jose Jose|Sitrus Berry|[eat]\n|-heal|p2b: Jose Jose|29/100|[from] item: Sitrus Berry\n|faint|p1a: Gengar\n|cant|p1b: Kingambit|flinch\n|\n|upkeep\n|turn|7\n|-message|huh? oh yeah forfeited.\n|\n|win|Medoy_2\n|raw|huh? oh yeah's rating: 1127 &rarr; <strong>1107</strong><br />(-20 for losing)\n|raw|Medoy_2's rating: 1192 &rarr; <strong>1212</strong><br />(+20 for winning)\n|l|\u2606huh? oh yeah\n|player|p1|\n",
  "uploadtime": 1776494299,
  "views": 15,
  "formatid": "gen9championsvgc2026regma",
  "rating": 1107,
  "private": 0,
  "password": null
}