{
  "id": "gen9championsvgc2026regma-2584013264",
  "format": "[Gen 9 Champions] VGC 2026 Reg M-A",
  "players": [
    "Nene Anegasaki",
    "Meteonis Drytron"
  ],
  "log": "|j|\u2606Nene Anegasaki\n|j|\u2606Meteonis Drytron\n|t:|1776216769\n|gametype|doubles\n|player|p1|Nene Anegasaki|waitress|1155\n|player|p2|Meteonis Drytron|ariana|1094\n|gen|9\n|tier|[Gen 9 Champions] VGC 2026 Reg M-A\n|rated|\n|rule|Species Clause: Limit one of each Pok\u00e9mon\n|rule|Item Clause: Limit 1 of each item\n|clearpoke\n|poke|p1|Aegislash, L50, M|\n|poke|p1|Kangaskhan, L50, F|\n|poke|p1|Garchomp, L50, F|\n|poke|p1|Dragapult, L50, F|\n|poke|p1|Rotom-Heat, L50|\n|poke|p1|Sylveon, L50, F|\n|poke|p2|Tyranitar, L50, M|\n|poke|p2|Garchomp, L50, F|\n|poke|p2|Excadrill, L50, F|\n|poke|p2|Rotom-Wash, L50|\n|poke|p2|Sinistcha, L50|\n|poke|p2|Incineroar, L50, F|\n|teampreview|4\n|inactive|Battle timer is ON: inactive players will automatically lose when time's up. (requested by Meteonis Drytron)\n|inactive|Nene Anegasaki has 60 seconds left.\n|inactive|Meteonis Drytron has 60 seconds left.\n|\n|t:|1776216807\n|teamsize|p1|4\n|teamsize|p2|4\n|start\n|switch|p1a: \u30ac\u30eb\u30fc\u30e9|Kangaskhan, L50, F|100/100\n|switch|p1b: \u30cb\u30f3\u30d5\u30a3\u30a2|Sylveon, L50, F|100/100\n|switch|p2a: Tyranitar|Tyranitar, L50, M|100/100\n|switch|p2b: Incineroar|Incineroar, L50, F|100/100\n|-weather|Sandstorm|[from] ability: Sand Stream|[of] p2a: Tyranitar\n|-ability|p2b: Incineroar|Intimidate|boost\n|-fail|p1a: \u30ac\u30eb\u30fc\u30e9|unboost|Attack|[from] ability: Scrappy|[of] p1a: \u30ac\u30eb\u30fc\u30e9\n|-unboost|p1b: \u30cb\u30f3\u30d5\u30a3\u30a2|atk|1\n|turn|1\n|inactive|Meteonis Drytron has 30 seconds left.\n|\n|t:|1776216841\n|detailschange|p1a: \u30ac\u30eb\u30fc\u30e9|Kangaskhan-Mega, L50, F\n|-mega|p1a: \u30ac\u30eb\u30fc\u30e9|Kangaskhan|Kangaskhanite\n|detailschange|p2a: Tyranitar|Tyranitar-Mega, L50, M\n|-mega|p2a: Tyranitar|Tyranitar|Tyranitarite\n|move|p1a: \u30ac\u30eb\u30fc\u30e9|Fake Out|p2b: Incineroar\n|-damage|p2b: Incineroar|86/100\n|-damage|p2b: Incineroar|82/100\n|-hitcount|p2b: Incineroar|2\n|cant|p2b: Incineroar|flinch\n|move|p2a: Tyranitar|Stone Edge|p1b: \u30cb\u30f3\u30d5\u30a3\u30a2|[miss]\n|-miss|p2a: Tyranitar|p1b: \u30cb\u30f3\u30d5\u30a3\u30a2\n|move|p1b: \u30cb\u30f3\u30d5\u30a3\u30a2|Hyper Voice|p2b: Incineroar|[spread] p2a,p2b\n|-supereffective|p2a: Tyranitar|1\n|-damage|p2a: Tyranitar|53/100\n|-damage|p2b: Incineroar|33/100\n|-enditem|p2b: Incineroar|Sitrus Berry|[eat]\n|-heal|p2b: Incineroar|58/100|[from] item: Sitrus Berry\n|\n|-weather|Sandstorm|[upkeep]\n|-damage|p1a: \u30ac\u30eb\u30fc\u30e9|94/100|[from] Sandstorm\n|-damage|p2b: Incineroar|52/100|[from] Sandstorm\n|-damage|p1b: \u30cb\u30f3\u30d5\u30a3\u30a2|94/100|[from] Sandstorm\n|upkeep\n|turn|2\n|\n|t:|1776216866\n|move|p1a: \u30ac\u30eb\u30fc\u30e9|Low Kick|p2b: Incineroar\n|-supereffective|p2b: Incineroar|1\n|-damage|p2b: Incineroar|13/100\n|-supereffective|p2b: Incineroar|1\n|-damage|p2b: Incineroar|4/100\n|-hitcount|p2b: Incineroar|2\n|move|p2a: Tyranitar|Stone Edge|p1b: \u30cb\u30f3\u30d5\u30a3\u30a2\n|-damage|p1b: \u30cb\u30f3\u30d5\u30a3\u30a2|23/100\n|move|p2b: Incineroar|Flare Blitz|p1a: \u30ac\u30eb\u30fc\u30e9\n|-damage|p1a: \u30ac\u30eb\u30fc\u30e9|55/100\n|-damage|p2b: Incineroar|0 fnt|[from] Recoil\n|faint|p2b: Incineroar\n|move|p1b: \u30cb\u30f3\u30d5\u30a3\u30a2|Hyper Voice|p2a: Tyranitar\n|-supereffective|p2a: Tyranitar|1\n|-damage|p2a: Tyranitar|0 fnt\n|faint|p2a: Tyranitar\n|\n|-weather|Sandstorm|[upkeep]\n|-damage|p1a: \u30ac\u30eb\u30fc\u30e9|48/100|[from] Sandstorm\n|-damage|p1b: \u30cb\u30f3\u30d5\u30a3\u30a2|17/100|[from] Sandstorm\n|upkeep\n|\n|t:|1776216886\n|switch|p2a: Sinistcha|Sinistcha, L50|100/100\n|switch|p2b: Excadrill|Excadrill, L50, F|100/100\n|turn|3\n|\n|t:|1776216904\n|move|p1b: \u30cb\u30f3\u30d5\u30a3\u30a2|Detect|p1b: \u30cb\u30f3\u30d5\u30a3\u30a2\n|-singleturn|p1b: \u30cb\u30f3\u30d5\u30a3\u30a2|Protect\n|move|p1a: \u30ac\u30eb\u30fc\u30e9|Sucker Punch|p2a: Sinistcha\n|-supereffective|p2a: Sinistcha|1\n|-damage|p2a: Sinistcha|66/100\n|-supereffective|p2a: Sinistcha|1\n|-damage|p2a: Sinistcha|58/100\n|-hitcount|p2a: Sinistcha|2\n|move|p2b: Excadrill|High Horsepower|p1a: \u30ac\u30eb\u30fc\u30e9\n|-damage|p1a: \u30ac\u30eb\u30fc\u30e9|0 fnt\n|faint|p1a: \u30ac\u30eb\u30fc\u30e9\n|move|p2a: Sinistcha|Matcha Gotcha|p1b: \u30cb\u30f3\u30d5\u30a3\u30a2\n|-activate|p1b: \u30cb\u30f3\u30d5\u30a3\u30a2|move: Protect\n|\n|-weather|Sandstorm|[upkeep]\n|-damage|p2a: Sinistcha|52/100|[from] Sandstorm\n|-damage|p1b: \u30cb\u30f3\u30d5\u30a3\u30a2|11/100|[from] Sandstorm\n|upkeep\n|\n|t:|1776216918\n|switch|p1a: \u30ac\u30d6\u30ea\u30a2\u30b9|Garchomp, L50, F|100/100\n|turn|4\n|\n|t:|1776216935\n|move|p1b: \u30cb\u30f3\u30d5\u30a3\u30a2|Helping Hand|p1a: \u30ac\u30d6\u30ea\u30a2\u30b9\n|-singleturn|p1a: \u30ac\u30d6\u30ea\u30a2\u30b9|Helping Hand|[of] p1b: \u30cb\u30f3\u30d5\u30a3\u30a2\n|move|p2b: Excadrill|High Horsepower|p1a: \u30ac\u30d6\u30ea\u30a2\u30b9|[miss]\n|-miss|p2b: Excadrill|p1a: \u30ac\u30d6\u30ea\u30a2\u30b9\n|move|p1a: \u30ac\u30d6\u30ea\u30a2\u30b9|Dragon Claw|p2a: Sinistcha\n|-damage|p2a: Sinistcha|11/100\n|move|p2a: Sinistcha|Matcha Gotcha|p1b: \u30cb\u30f3\u30d5\u30a3\u30a2|[spread] p1a,p1b\n|-damage|p1a: \u30ac\u30d6\u30ea\u30a2\u30b9|72/100\n|-heal|p2a: Sinistcha|25/100|[from] drain|[of] p1a: \u30ac\u30d6\u30ea\u30a2\u30b9\n|-damage|p1b: \u30cb\u30f3\u30d5\u30a3\u30a2|0 fnt\n|-heal|p2a: Sinistcha|31/100|[from] drain|[of] p1b: \u30cb\u30f3\u30d5\u30a3\u30a2\n|faint|p1b: \u30cb\u30f3\u30d5\u30a3\u30a2\n|\n|-weather|Sandstorm|[upkeep]\n|-damage|p2a: Sinistcha|25/100|[from] Sandstorm\n|upkeep\n|\n|t:|1776216944\n|switch|p1b: \u30c9\u30e9\u30d1\u30eb\u30c8|Dragapult, L50, F|100/100\n|turn|5\n|inactive|Meteonis Drytron has 30 seconds left.\n|\n|t:|1776216969\n|move|p1a: \u30ac\u30d6\u30ea\u30a2\u30b9|Protect|p1a: \u30ac\u30d6\u30ea\u30a2\u30b9\n|-singleturn|p1a: \u30ac\u30d6\u30ea\u30a2\u30b9|Protect\n|move|p2a: Sinistcha|Rage Powder|p2a: Sinistcha\n|-singleturn|p2a: Sinistcha|move: Rage Powder\n|move|p2b: Excadrill|High Horsepower|p1b: \u30c9\u30e9\u30d1\u30eb\u30c8\n|-damage|p1b: \u30c9\u30e9\u30d1\u30eb\u30c8|18/100\n|move|p1b: \u30c9\u30e9\u30d1\u30eb\u30c8|Shadow Ball|p2a: Sinistcha\n|-supereffective|p2a: Sinistcha|1\n|-damage|p2a: Sinistcha|0 fnt\n|faint|p2a: Sinistcha\n|\n|-weather|none\n|upkeep\n|turn|6\n|\n|t:|1776216986\n|move|p1b: \u30c9\u30e9\u30d1\u30eb\u30c8|Shadow Ball|p2b: Excadrill\n|-damage|p2b: Excadrill|57/100\n|move|p1a: \u30ac\u30d6\u30ea\u30a2\u30b9|Stomping Tantrum|p2b: Excadrill\n|-supereffective|p2b: Excadrill|1\n|-damage|p2b: Excadrill|0 fnt\n|faint|p2b: Excadrill\n|\n|win|Nene Anegasaki\n|raw|Nene Anegasaki's rating: 1155 &rarr; <strong>1176</strong><br />(+21 for winning)\n|raw|Meteonis Drytron's rating: 1094 &rarr; <strong>1074</strong><br />(-20 for losing)\n|l|\u2606Meteonis Drytron\n|player|p2|\n",
  "uploadtime": 1776217000,
  "views": 25,
  "formatid": "gen9championsvgc2026regma",
  "rating": 1074,
  "private": 0,
  "password": null
}