{
  "id": "gen9championsvgc2026regma-2586572269",
  "format": "[Gen 9 Champions] VGC 2026 Reg M-A",
  "players": [
    "isabellissima",
    "Sfayne"
  ],
  "log": "|j|\u2606isabellissima\n|j|\u2606Sfayne\n|t:|1776443954\n|gametype|doubles\n|player|p1|isabellissima|170|1278\n|player|p2|Sfayne|2|1374\n|gen|9\n|tier|[Gen 9 Champions] VGC 2026 Reg M-A\n|rated|\n|rule|Species Clause: Limit one of each Pok\u00e9mon\n|rule|Item Clause: Limit 1 of each item\n|clearpoke\n|poke|p1|Incineroar, L50, M|\n|poke|p1|Gengar, L50, M|\n|poke|p1|Sneasler, L50, F|\n|poke|p1|Maushold-Four, L50|\n|poke|p1|Kommo-o, L50, F|\n|poke|p1|Politoed, L50, M|\n|poke|p2|Kingambit, L50, M|\n|poke|p2|Basculegion, L50, M|\n|poke|p2|Floette-Eternal, L50, F|\n|poke|p2|Garchomp, L50, M|\n|poke|p2|Aerodactyl, L50, F|\n|poke|p2|Sinistcha, L50|\n|teampreview|4\n|inactive|Battle timer is ON: inactive players will automatically lose when time's up. (requested by Sfayne)\n|inactive|Sfayne has 60 seconds left.\n|\n|t:|1776443999\n|teamsize|p1|4\n|teamsize|p2|4\n|start\n|switch|p1a: Incineroar|Incineroar, L50, M, shiny|100/100\n|switch|p1b: Gengar|Gengar, L50, M, shiny|100/100\n|switch|p2a: Garchomp|Garchomp, L50, M|100/100\n|switch|p2b: Kingambit|Kingambit, L50, M|100/100\n|-ability|p1a: Incineroar|Intimidate|boost\n|-unboost|p2a: Garchomp|atk|1\n|-unboost|p2b: Kingambit|atk|1\n|-ability|p2b: Kingambit|Defiant|boost\n|-boost|p2b: Kingambit|atk|2\n|turn|1\n|inactive|Sfayne has 30 seconds left.\n|inactive|Sfayne has 20 seconds left.\n|inactive|isabellissima has 30 seconds left.\n|\n|t:|1776444042\n|detailschange|p1b: Gengar|Gengar-Mega, L50, M, shiny\n|-mega|p1b: Gengar|Gengar|Gengarite\n|move|p1a: Incineroar|Fake Out|p2b: Kingambit\n|-resisted|p2b: Kingambit|1\n|-damage|p2b: Kingambit|97/100\n|move|p1b: Gengar|Perish Song|p1b: Gengar\n|-start|p1a: Incineroar|perish3|[silent]\n|-start|p1b: Gengar|perish3|[silent]\n|-start|p2a: Garchomp|perish3|[silent]\n|-start|p2b: Kingambit|perish3|[silent]\n|-fieldactivate|move: Perish Song\n|move|p2a: Garchomp|Stomping Tantrum|p1b: Gengar\n|-supereffective|p1b: Gengar|1\n|-damage|p1b: Gengar|32/100\n|cant|p2b: Kingambit|flinch\n|\n|-start|p1b: Gengar|perish3\n|-start|p2a: Garchomp|perish3\n|-start|p1a: Incineroar|perish3\n|-start|p2b: Kingambit|perish3\n|upkeep\n|turn|2\n|inactive|Sfayne has 30 seconds left.\n|\n|t:|1776444070\n|move|p1b: Gengar|Protect|p1b: Gengar\n|-singleturn|p1b: Gengar|Protect\n|move|p1a: Incineroar|Protect|p1a: Incineroar\n|-singleturn|p1a: Incineroar|Protect\n|move|p2a: Garchomp|Stomping Tantrum|p1a: Incineroar\n|-activate|p1a: Incineroar|move: Protect\n|move|p2b: Kingambit|Kowtow Cleave|p1b: Gengar\n|-activate|p1b: Gengar|move: Protect\n|\n|-start|p1b: Gengar|perish2\n|-start|p2a: Garchomp|perish2\n|-start|p1a: Incineroar|perish2\n|-start|p2b: Kingambit|perish2\n|upkeep\n|turn|3\n|\n|t:|1776444090\n|switch|p1b: Maushold|Maushold-Four, L50|100/100\n|move|p2a: Garchomp|Stomping Tantrum|p1b: Maushold\n|-damage|p1b: Maushold|59/100\n|move|p1a: Incineroar|Parting Shot|p2a: Garchomp\n|-unboost|p2a: Garchomp|atk|1\n|-unboost|p2a: Garchomp|spa|1\n|\n|t:|1776444100\n|switch|p1a: Gengar|Gengar-Mega, L50, M, shiny|32/100|[from] Parting Shot\n|move|p2b: Kingambit|Kowtow Cleave|p1b: Maushold\n|-damage|p1b: Maushold|0 fnt\n|faint|p1b: Maushold\n|\n|-start|p2a: Garchomp|perish1\n|-start|p2b: Kingambit|perish1\n|upkeep\n|\n|t:|1776444116\n|switch|p1b: Sneasler|Sneasler, L50, F|100/100\n|turn|4\n|\n|t:|1776444127\n|move|p1a: Gengar|Protect|p1a: Gengar\n|-singleturn|p1a: Gengar|Protect\n|move|p1b: Sneasler|Protect|p1b: Sneasler\n|-singleturn|p1b: Sneasler|Protect\n|move|p2b: Kingambit|Sucker Punch||[still]\n|-fail|p2b: Kingambit\n|move|p2a: Garchomp|Earthquake|p1b: Sneasler|[spread] p2b\n|-activate|p1a: Gengar|move: Protect\n|-activate|p1b: Sneasler|move: Protect\n|-supereffective|p2b: Kingambit|1\n|-damage|p2b: Kingambit|62/100\n|\n|-start|p2a: Garchomp|perish0\n|-start|p2b: Kingambit|perish0\n|faint|p2a: Garchomp\n|faint|p2b: Kingambit\n|upkeep\n|\n|t:|1776444141\n|switch|p2a: Floette|Floette-Eternal, L50, F|100/100\n|switch|p2b: Basculegion|Basculegion, L50, M|100/100\n|turn|5\n|\n|t:|1776444158\n|switch|p1a: Incineroar|Incineroar, L50, M, shiny|100/100\n|-ability|p1a: Incineroar|Intimidate|boost\n|-unboost|p2a: Floette|atk|1\n|-unboost|p2b: Basculegion|atk|1\n|detailschange|p2a: Floette|Floette-Mega, L50, F\n|-mega|p2a: Floette|Floette|Floettite\n|-ability|p2a: Floette|Fairy Aura\n|move|p2b: Basculegion|Last Respects|p1a: Incineroar\n|-resisted|p1a: Incineroar|1\n|-damage|p1a: Incineroar|79/100\n|move|p1b: Sneasler|Dire Claw|p2a: Floette\n|-supereffective|p2a: Floette|1\n|-damage|p2a: Floette|1/100\n|move|p2a: Floette|Draining Kiss|p1b: Sneasler\n|-damage|p1b: Sneasler|41/100\n|-heal|p2a: Floette|40/100|[from] drain|[of] p1b: Sneasler\n|\n|upkeep\n|turn|6\n|inactive|isabellissima has 30 seconds left.\n|\n|t:|1776444185\n|move|p2b: Basculegion|Last Respects|p1b: Sneasler\n|-damage|p1b: Sneasler|0 fnt\n|faint|p1b: Sneasler\n|move|p2a: Floette|Draining Kiss|p1a: Incineroar\n|-damage|p1a: Incineroar|41/100\n|-heal|p2a: Floette|71/100|[from] drain|[of] p1a: Incineroar\n|-enditem|p1a: Incineroar|Sitrus Berry|[eat]\n|-heal|p1a: Incineroar|66/100|[from] item: Sitrus Berry\n|move|p1a: Incineroar|Throat Chop|p2b: Basculegion\n|-supereffective|p2b: Basculegion|1\n|-damage|p2b: Basculegion|24/100\n|-start|p2b: Basculegion|Throat Chop|[silent]\n|\n|upkeep\n|\n|t:|1776444196\n|switch|p1b: Gengar|Gengar-Mega, L50, M, shiny|32/100\n|turn|7\n|\n|t:|1776444209\n|move|p1b: Gengar|Protect|p1b: Gengar\n|-singleturn|p1b: Gengar|Protect\n|move|p2b: Basculegion|Last Respects|p1b: Gengar\n|-activate|p1b: Gengar|move: Protect\n|move|p2a: Floette|Draining Kiss|p1a: Incineroar\n|-damage|p1a: Incineroar|26/100\n|-heal|p2a: Floette|100/100|[from] drain|[of] p1a: Incineroar\n|move|p1a: Incineroar|Throat Chop|p2b: Basculegion\n|-supereffective|p2b: Basculegion|1\n|-damage|p2b: Basculegion|0 fnt\n|faint|p2b: Basculegion\n|\n|upkeep\n|turn|8\n|\n|t:|1776444226\n|move|p1b: Gengar|Shadow Ball|p2a: Floette\n|-damage|p2a: Floette|68/100\n|move|p2a: Floette|Dazzling Gleam|p1a: Incineroar|[spread] p1a,p1b\n|-resisted|p1b: Gengar|1\n|-damage|p1a: Incineroar|0 fnt\n|-damage|p1b: Gengar|6/100\n|faint|p1a: Incineroar\n|\n|upkeep\n|turn|9\n|\n|t:|1776444235\n|move|p1b: Gengar|Shadow Ball|p2a: Floette\n|-damage|p2a: Floette|35/100\n|move|p2a: Floette|Draining Kiss|p1b: Gengar\n|-resisted|p1b: Gengar|1\n|-damage|p1b: Gengar|0 fnt\n|-heal|p2a: Floette|39/100|[from] drain|[of] p1b: Gengar\n|faint|p1b: Gengar\n|\n|win|Sfayne\n|raw|isabellissima's rating: 1278 &rarr; <strong>1260</strong><br />(-18 for losing)\n|raw|Sfayne's rating: 1374 &rarr; <strong>1389</strong><br />(+15 for winning)\n",
  "uploadtime": 1776444239,
  "views": 45,
  "formatid": "gen9championsvgc2026regma",
  "rating": 1260,
  "private": 0,
  "password": null
}