{
  "id": "gen9championsvgc2026regma-2583778436",
  "format": "[Gen 9 Champions] VGC 2026 Reg M-A",
  "players": [
    "OvLKanto",
    "jmorsessj"
  ],
  "log": "|j|\u2606OvLKanto\n|j|\u2606jmorsessj\n|t:|1776197067\n|gametype|doubles\n|player|p1|OvLKanto|169|1067\n|player|p2|jmorsessj|265|1000\n|gen|9\n|tier|[Gen 9 Champions] VGC 2026 Reg M-A\n|rated|\n|rule|Species Clause: Limit one of each Pok\u00e9mon\n|rule|Item Clause: Limit 1 of each item\n|clearpoke\n|poke|p1|Aerodactyl, L50, M|\n|poke|p1|Garchomp, L50, M|\n|poke|p1|Rotom-Wash, L50|\n|poke|p1|Incineroar, L50, F|\n|poke|p1|Slowbro, L50, F|\n|poke|p1|Scizor, L50, F|\n|poke|p2|Spiritomb, L50, M|\n|poke|p2|Emboar, L50, M|\n|poke|p2|Hatterene, L50, F|\n|poke|p2|Reuniclus, L50, F|\n|poke|p2|Crabominable, L50, M|\n|poke|p2|Slowbro-Galar, L50, M|\n|teampreview|4\n|inactive|Battle timer is ON: inactive players will automatically lose when time's up. (requested by jmorsessj)\n|\n|t:|1776197093\n|teamsize|p1|4\n|teamsize|p2|4\n|start\n|switch|p1a: Aerodactyl|Aerodactyl, L50, M|100/100\n|switch|p1b: Garchomp|Garchomp, L50, M|100/100\n|switch|p2a: Spiritomb|Spiritomb, L50, M|100/100\n|switch|p2b: Crabominable|Crabominable, L50, M|100/100\n|-ability|p1a: Aerodactyl|Unnerve\n|-ability|p2a: Spiritomb|Pressure\n|turn|1\n|\n|t:|1776197107\n|detailschange|p1b: Garchomp|Garchomp-Mega, L50, M\n|-mega|p1b: Garchomp|Garchomp|Garchompite\n|detailschange|p2b: Crabominable|Crabominable-Mega, L50, M\n|-mega|p2b: Crabominable|Crabominable|Crabominite\n|move|p1a: Aerodactyl|Tailwind|p1a: Aerodactyl\n|-sidestart|p1: OvLKanto|move: Tailwind\n|move|p1b: Garchomp|Earthquake|p2a: Spiritomb|[spread] p2a,p2b\n|-immune|p1a: Aerodactyl\n|-damage|p2a: Spiritomb|49/100\n|-damage|p2b: Crabominable|62/100\n|move|p2b: Crabominable|Crabhammer|p1a: Aerodactyl\n|-supereffective|p1a: Aerodactyl|1\n|-enditem|p1a: Aerodactyl|Focus Sash\n|-damage|p1a: Aerodactyl|1/100\n|move|p2a: Spiritomb|Trick Room|p2a: Spiritomb\n|-fieldstart|move: Trick Room|[of] p2a: Spiritomb\n|\n|-heal|p2a: Spiritomb|54/100|[from] item: Leftovers\n|upkeep\n|turn|2\n|inactive|jmorsessj has 30 seconds left.\n|\n|t:|1776197140\n|move|p2b: Crabominable|Ice Punch|p1b: Garchomp\n|-supereffective|p1b: Garchomp|2\n|-damage|p1b: Garchomp|0 fnt\n|faint|p1b: Garchomp\n|move|p2a: Spiritomb|Foul Play|p1a: Aerodactyl\n|-damage|p1a: Aerodactyl|0 fnt\n|faint|p1a: Aerodactyl\n|\n|-heal|p2a: Spiritomb|60/100|[from] item: Leftovers\n|upkeep\n|\n|t:|1776197144\n|switch|p1b: Scizor|Scizor, L50, F|100/100\n|switch|p1a: Slowbro|Slowbro, L50, F|100/100\n|turn|3\n|\n|t:|1776197159\n|move|p2b: Crabominable|Crabhammer|p1b: Scizor|[miss]\n|-miss|p2b: Crabominable|p1b: Scizor\n|move|p2a: Spiritomb|Will-O-Wisp|p1b: Scizor\n|-status|p1b: Scizor|brn\n|move|p1a: Slowbro|Psychic|p2b: Crabominable\n|-supereffective|p2b: Crabominable|1\n|-damage|p2b: Crabominable|0 fnt\n|faint|p2b: Crabominable\n|move|p1b: Scizor|U-turn|p2a: Spiritomb\n|-damage|p2a: Spiritomb|37/100\n|\n|-heal|p2a: Spiritomb|42/100|[from] item: Leftovers\n|-damage|p1b: Scizor|94/100 brn|[from] brn\n|upkeep\n|\n|t:|1776197170\n|switch|p2b: Slowbro|Slowbro-Galar, L50, M|100/100\n|turn|4\n|\n|t:|1776197185\n|move|p2b: Slowbro|Nasty Plot|p2b: Slowbro\n|-boost|p2b: Slowbro|spa|2\n|move|p2a: Spiritomb|Foul Play|p1b: Scizor\n|-damage|p1b: Scizor|35/100 brn\n|move|p1a: Slowbro|Psychic|p2b: Slowbro\n|-damage|p2b: Slowbro|48/100\n|-unboost|p2b: Slowbro|spd|1\n|move|p1b: Scizor|Swords Dance|p1b: Scizor\n|-boost|p1b: Scizor|atk|2\n|\n|-heal|p2a: Spiritomb|48/100|[from] item: Leftovers\n|-damage|p1b: Scizor|29/100 brn|[from] brn\n|-sideend|p1: OvLKanto|move: Tailwind\n|upkeep\n|turn|5\n|-activate|p2b: Slowbro|item: Quick Claw\n|\n|t:|1776197207\n|move|p1b: Scizor|Bullet Punch|p2b: Slowbro\n|-damage|p2b: Slowbro|15/100\n|move|p2b: Slowbro|Shell Side Arm|p1a: Slowbro|[anim] Shell Side Arm Special\n|-damage|p1a: Slowbro|3/100\n|-hint|Special Shell Side Arm\n|-status|p1a: Slowbro|psn\n|move|p1a: Slowbro|Psychic|p2b: Slowbro\n|-damage|p2b: Slowbro|0 fnt\n|faint|p2b: Slowbro\n|move|p2a: Spiritomb|Foul Play|p1b: Scizor\n|-damage|p1b: Scizor|0 fnt\n|faint|p1b: Scizor\n|\n|-heal|p1a: Slowbro|9/100 psn|[from] item: Leftovers\n|-heal|p2a: Spiritomb|53/100|[from] item: Leftovers\n|-damage|p1a: Slowbro|0 fnt|[from] psn\n|faint|p1a: Slowbro\n|\n|win|jmorsessj\n|raw|OvLKanto's rating: 1067 &rarr; <strong>1043</strong><br />(-24 for losing)\n|raw|jmorsessj's rating: 1000 &rarr; <strong>1048</strong><br />(+48 for winning)\n|l|\u2606OvLKanto\n|player|p1|\n",
  "uploadtime": 1776197224,
  "views": 16,
  "formatid": "gen9championsvgc2026regma",
  "rating": 1043,
  "private": 0,
  "password": null
}