{
  "id": "gen9championsvgc2026regma-2582976810",
  "format": "[Gen 9 Champions] VGC 2026 Reg M-A",
  "players": [
    "superboy245",
    "GoTeamRedGG"
  ],
  "log": "|j|\u2606superboy245\n|j|\u2606GoTeamRedGG\n|t:|1776130096\n|gametype|doubles\n|player|p1|superboy245|buck|1227\n|player|p2|GoTeamRedGG|lady|1259\n|gen|9\n|tier|[Gen 9 Champions] VGC 2026 Reg M-A\n|rated|\n|rule|Species Clause: Limit one of each Pok\u00e9mon\n|rule|Item Clause: Limit 1 of each item\n|clearpoke\n|poke|p1|Greninja-*, L50, M|\n|poke|p1|Politoed, L50, M|\n|poke|p1|Basculegion, L50, M|\n|poke|p1|Lucario, L50, M|\n|poke|p1|Sinistcha, L50|\n|poke|p1|Toxicroak, L50, M|\n|poke|p2|Froslass, L50, F|\n|poke|p2|Rotom-Frost, L50|\n|poke|p2|Incineroar, L50, F|\n|poke|p2|Milotic, L50, M|\n|poke|p2|Garchomp, L50, F|\n|poke|p2|Sinistcha, L50|\n|teampreview|4\nsuperboy245 rejected open team sheets.\n|inactive|Battle timer is ON: inactive players will automatically lose when time's up. (requested by GoTeamRedGG)\n|\n|t:|1776130154\n|teamsize|p1|4\n|teamsize|p2|4\n|start\n|switch|p1a: Lucario|Lucario, L50, M|100/100\n|switch|p1b: Basculegion|Basculegion, L50, M|100/100\n|switch|p2a: Rotom|Rotom-Frost, L50, shiny|100/100\n|switch|p2b: Incineroar|Incineroar, L50, F|100/100\n|-ability|p2b: Incineroar|Intimidate|boost\n|-fail|p1a: Lucario|unboost|Attack|[from] ability: Inner Focus|[of] p1a: Lucario\n|-unboost|p1b: Basculegion|atk|1\n|-enditem|p1b: Basculegion|White Herb\n|-clearnegativeboost|p1b: Basculegion|[silent]\n|turn|1\n|inactive|GoTeamRedGG has 30 seconds left.\n|\n|t:|1776130180\n|switch|p2b: Garchomp|Garchomp, L50, F|100/100\n|move|p2a: Rotom|Electroweb|p1a: Lucario|[spread] p1a,p1b\n|-supereffective|p1b: Basculegion|1\n|-damage|p1a: Lucario|67/100\n|-damage|p1b: Basculegion|58/100\n|-unboost|p1a: Lucario|spe|1\n|-unboost|p1b: Basculegion|spe|1\n|move|p1a: Lucario|Close Combat|p2a: Rotom\n|-supereffective|p2a: Rotom|1\n|-damage|p2a: Rotom|0 fnt\n|-unboost|p1a: Lucario|def|1\n|-unboost|p1a: Lucario|spd|1\n|faint|p2a: Rotom\n|move|p1b: Basculegion|Wave Crash|p2b: Garchomp\n|-damage|p2b: Garchomp|40/100\n|-damage|p1b: Basculegion|46/100|[from] ability: Rough Skin|[of] p2b: Garchomp\n|-damage|p1b: Basculegion|27/100|[from] Recoil\n|\n|upkeep\n|\n|t:|1776130198\n|switch|p2a: Froslass|Froslass, L50, F, shiny|100/100\n|turn|2\n|\n|t:|1776130222\n|move|p2a: Froslass|Protect|p2a: Froslass\n|-singleturn|p2a: Froslass|Protect\n|move|p1a: Lucario|Protect|p1a: Lucario\n|-singleturn|p1a: Lucario|Protect\n|move|p2b: Garchomp|Earthquake|p1b: Basculegion|[spread] p1b\n|-activate|p2a: Froslass|move: Protect\n|-activate|p1a: Lucario|move: Protect\n|-damage|p1b: Basculegion|0 fnt\n|faint|p1b: Basculegion\n|\n|upkeep\n|inactive|superboy245 has 30 seconds left.\n|\n|t:|1776130247\n|switch|p1b: Politoed|Politoed, L50, M|100/100\n|-weather|RainDance|[from] ability: Drizzle|[of] p1b: Politoed\n|turn|3\n|\n|t:|1776130268\n|switch|p1a: Toxicroak|Toxicroak, L50, M|100/100\n|detailschange|p2a: Froslass|Froslass-Mega, L50, F, shiny\n|-mega|p2a: Froslass|Froslass|Froslassite\n|-weather|Snowscape|[from] ability: Snow Warning|[of] p2a: Froslass\n|move|p2a: Froslass|Aurora Veil|p2a: Froslass\n|-sidestart|p2: GoTeamRedGG|move: Aurora Veil\n|move|p2b: Garchomp|Earthquake|p1a: Toxicroak|[spread] p2a,p1a,p1b\n|-supereffective|p1a: Toxicroak|1\n|-damage|p2a: Froslass|65/100\n|-enditem|p1a: Toxicroak|Focus Sash\n|-damage|p1a: Toxicroak|1/100\n|-damage|p1b: Politoed|44/100\n|-enditem|p1b: Politoed|Sitrus Berry|[eat]\n|-heal|p1b: Politoed|69/100|[from] item: Sitrus Berry\n|move|p1b: Politoed|Weather Ball|p2b: Garchomp\n|-supereffective|p2b: Garchomp|2\n|-damage|p2b: Garchomp|0 fnt\n|faint|p2b: Garchomp\n|\n|-weather|Snowscape|[upkeep]\n|upkeep\n|\n|t:|1776130285\n|switch|p2b: Incineroar|Incineroar, L50, F|100/100\n|-ability|p2b: Incineroar|Intimidate|boost\n|-unboost|p1a: Toxicroak|atk|1\n|-unboost|p1b: Politoed|atk|1\n|turn|4\n|inactive|superboy245 has 30 seconds left.\n|\n|t:|1776130312\n|switch|p1b: Lucario|Lucario, L50, M|67/100\n|move|p1a: Toxicroak|Sucker Punch|p2a: Froslass\n|-supereffective|p2a: Froslass|1\n|-damage|p2a: Froslass|46/100\n|move|p2a: Froslass|Blizzard|p1b: Lucario|[spread] p1a,p1b\n|-resisted|p1b: Lucario|1\n|-damage|p1a: Toxicroak|0 fnt\n|-damage|p1b: Lucario|33/100\n|faint|p1a: Toxicroak\n|move|p2b: Incineroar|Throat Chop|p1b: Lucario\n|-resisted|p1b: Lucario|1\n|-damage|p1b: Lucario|3/100\n|-start|p1b: Lucario|Throat Chop|[silent]\n|\n|-weather|Snowscape|[upkeep]\n|upkeep\n|\n|t:|1776130321\n|switch|p1a: Politoed|Politoed, L50, M|69/100\n|-weather|RainDance|[from] ability: Drizzle|[of] p1a: Politoed\n|turn|5\n|inactive|GoTeamRedGG has 30 seconds left.\n|\n|t:|1776130348\n|move|p1b: Lucario|Protect|p1b: Lucario\n|-singleturn|p1b: Lucario|Protect\n|move|p2a: Froslass|Shadow Ball|p1a: Politoed\n|-crit|p1a: Politoed\n|-damage|p1a: Politoed|26/100\n|move|p1a: Politoed|Weather Ball|p2b: Incineroar\n|-supereffective|p2b: Incineroar|1\n|-damage|p2b: Incineroar|39/100\n|move|p2b: Incineroar|Flare Blitz|p1b: Lucario\n|-activate|p1b: Lucario|move: Protect\n|\n|-weather|RainDance|[upkeep]\n|-end|p1b: Lucario|Throat Chop|[silent]\n|upkeep\n|turn|6\n|\n|t:|1776130370\n|detailschange|p1b: Lucario|Lucario-Mega, L50, M\n|-mega|p1b: Lucario|Lucario|Lucarionite\n|move|p1a: Politoed|Helping Hand|p1b: Lucario\n|-singleturn|p1b: Lucario|Helping Hand|[of] p1a: Politoed\n|move|p1b: Lucario|Bullet Punch|p2a: Froslass\n|-supereffective|p2a: Froslass|1\n|-damage|p2a: Froslass|0 fnt\n|faint|p2a: Froslass\n|move|p2b: Incineroar|Throat Chop|p1a: Politoed\n|-damage|p1a: Politoed|0 fnt\n|faint|p1a: Politoed\n|\n|-weather|RainDance|[upkeep]\n|upkeep\n|turn|7\n|c|\u2606superboy245|Gg\n|c|\u2606GoTeamRedGG|gg\n|\n|t:|1776130385\n|move|p1b: Lucario|Close Combat|p2b: Incineroar\n|-supereffective|p2b: Incineroar|1\n|-damage|p2b: Incineroar|0 fnt\n|-unboost|p1b: Lucario|def|1\n|-unboost|p1b: Lucario|spd|1\n|faint|p2b: Incineroar\n|\n|win|superboy245\n|raw|superboy245's rating: 1227 &rarr; <strong>1254</strong><br />(+27 for winning)\n|raw|GoTeamRedGG's rating: 1259 &rarr; <strong>1232</strong><br />(-27 for losing)\n",
  "uploadtime": 1776130388,
  "views": 19,
  "formatid": "gen9championsvgc2026regma",
  "rating": 1232,
  "private": 0,
  "password": null
}