{
  "id": "gen9championsvgc2026regma-2588640255",
  "format": "[Gen 9 Champions] VGC 2026 Reg M-A",
  "players": [
    "NarwhalMD22",
    "ogrelord20"
  ],
  "log": "|j|\u2606NarwhalMD22\n|j|\u2606ogrelord20\n|t:|1776652801\n|gametype|doubles\n|player|p1|NarwhalMD22|roark|1024\n|player|p2|ogrelord20|101|1124\n|gen|9\n|tier|[Gen 9 Champions] VGC 2026 Reg M-A\n|rated|\n|rule|Species Clause: Limit one of each Pok\u00e9mon\n|rule|Item Clause: Limit 1 of each item\n|clearpoke\n|poke|p1|Whimsicott, L50, M, shiny|\n|poke|p1|Oranguru, L50, M|\n|poke|p1|Aggron, L50, M|\n|poke|p1|Sinistcha-Masterpiece, L50|\n|poke|p1|Maushold, L50|\n|poke|p1|Glalie, L50, M|\n|poke|p2|Meganium, L50, M, shiny|\n|poke|p2|Slowbro-Galar, L50, F, shiny|\n|poke|p2|Aerodactyl, L50, M|\n|poke|p2|Kommo-o, L50, M, shiny|\n|poke|p2|Basculegion, L50, M, shiny|\n|poke|p2|Clefable, L50, F, shiny|\n|teampreview|4\n|inactive|Battle timer is ON: inactive players will automatically lose when time's up. (requested by NarwhalMD22)\n|inactive|ogrelord20 has 60 seconds left.\n|\n|t:|1776652862\n|teamsize|p1|4\n|teamsize|p2|4\n|start\n|switch|p1a: Maushold|Maushold, L50|100/100\n|switch|p1b: Glalie|Glalie, L50, M|100/100\n|switch|p2a: Meganium|Meganium, L50, M, shiny|100/100\n|switch|p2b: Aerodactyl|Aerodactyl, L50, M|100/100\n|-ability|p2b: Aerodactyl|Unnerve\n|turn|1\n|inactive|ogrelord20 has 30 seconds left.\n|\n|t:|1776652896\n|detailschange|p2a: Meganium|Meganium-Mega, L50, M, shiny\n|-mega|p2a: Meganium|Meganium|Meganiumite\n|move|p1a: Maushold|Protect|p1a: Maushold\n|-singleturn|p1a: Maushold|Protect\n|move|p1b: Glalie|Protect|p1b: Glalie\n|-singleturn|p1b: Glalie|Protect\n|move|p2b: Aerodactyl|Rock Slide|p1a: Maushold|[spread] \n|-activate|p1a: Maushold|move: Protect\n|-activate|p1b: Glalie|move: Protect\n|move|p2a: Meganium|Solar Beam||[still]\n|-prepare|p2a: Meganium|Solar Beam\n|-activate|p2a: Meganium|ability: Mega Sol\n|-anim|p2a: Meganium|Solar Beam|p1a: Maushold\n|-activate|p1a: Maushold|move: Protect\n|\n|-ability|p1b: Glalie|Moody|boost\n|-boost|p1b: Glalie|spe|2\n|-unboost|p1b: Glalie|atk|1\n|upkeep\n|turn|2\n|\n|t:|1776652912\n|move|p2a: Meganium|Protect|p2a: Meganium\n|-singleturn|p2a: Meganium|Protect\n|move|p1a: Maushold|Follow Me|p1a: Maushold\n|-singleturn|p1a: Maushold|move: Follow Me\n|move|p1b: Glalie|Substitute|p1b: Glalie\n|-start|p1b: Glalie|Substitute\n|-damage|p1b: Glalie|76/100\n|move|p2b: Aerodactyl|Tailwind|p2b: Aerodactyl\n|-sidestart|p2: ogrelord20|move: Tailwind\n|\n|-ability|p1b: Glalie|Moody|boost\n|-boost|p1b: Glalie|atk|2\n|-unboost|p1b: Glalie|spa|1\n|upkeep\n|turn|3\n|inactive|ogrelord20 has 30 seconds left.\n|inactive|ogrelord20 has 20 seconds left.\n|\n|t:|1776652947\n|switch|p1a: Sinistcha|Sinistcha-Masterpiece, L50|100/100\n|-heal|p1b: Glalie|100/100|[from] ability: Hospitality|[of] p1a: Sinistcha\n|move|p1b: Glalie|Protect|p1b: Glalie\n|-singleturn|p1b: Glalie|Protect\n|move|p2b: Aerodactyl|Rock Slide|p1b: Glalie|[spread] p1a\n|-activate|p1b: Glalie|move: Protect\n|-damage|p1a: Sinistcha|76/100\n|move|p2a: Meganium|Dazzling Gleam|p1a: Sinistcha|[spread] p1a\n|-activate|p1b: Glalie|move: Protect\n|-damage|p1a: Sinistcha|47/100\n|\n|-heal|p1a: Sinistcha|53/100|[from] item: Leftovers\n|-ability|p1b: Glalie|Moody|boost\n|-boost|p1b: Glalie|atk|2\n|-unboost|p1b: Glalie|spe|1\n|upkeep\n|turn|4\n|inactive|NarwhalMD22 has 30 seconds left.\n|\n|t:|1776652973\n|move|p1a: Sinistcha|Rage Powder|p1a: Sinistcha\n|-singleturn|p1a: Sinistcha|move: Rage Powder\n|move|p2b: Aerodactyl|Rock Slide|p1b: Glalie|[spread] p1b\n|-miss|p2b: Aerodactyl|p1a: Sinistcha\n|-supereffective|p1b: Glalie|1\n|-end|p1b: Glalie|Substitute\n|move|p2a: Meganium|Weather Ball|p1a: Sinistcha\n|-supereffective|p1a: Sinistcha|1\n|-damage|p1a: Sinistcha|0 fnt\n|faint|p1a: Sinistcha\n|move|p1b: Glalie|Substitute|p1b: Glalie\n|-start|p1b: Glalie|Substitute\n|-damage|p1b: Glalie|76/100\n|\n|-ability|p1b: Glalie|Moody|boost\n|-boost|p1b: Glalie|def|2\n|-unboost|p1b: Glalie|spe|1\n|upkeep\n|\n|t:|1776652988\n|switch|p1a: Maushold|Maushold, L50|100/100\n|turn|5\n|\n|t:|1776652997\n|detailschange|p1b: Glalie|Glalie-Mega, L50, M\n|-mega|p1b: Glalie|Glalie|Glalitite\n|move|p1a: Maushold|Protect|p1a: Maushold\n|-singleturn|p1a: Maushold|Protect\n|move|p2b: Aerodactyl|Rock Slide|p1b: Glalie|[spread] p1b\n|-activate|p1a: Maushold|move: Protect\n|-supereffective|p1b: Glalie|1\n|-activate|p1b: Glalie|move: Substitute|[damage]\n|move|p2a: Meganium|Solar Beam||[still]\n|-prepare|p2a: Meganium|Solar Beam\n|-activate|p2a: Meganium|ability: Mega Sol\n|-anim|p2a: Meganium|Solar Beam|p1a: Maushold\n|-activate|p1a: Maushold|move: Protect\n|move|p1b: Glalie|Explosion|p2a: Meganium|[spread] p2a,p2b\n|-activate|p1a: Maushold|move: Protect\n|-supereffective|p2a: Meganium|1\n|-supereffective|p2b: Aerodactyl|1\n|-damage|p2a: Meganium|0 fnt\n|-enditem|p2b: Aerodactyl|Focus Sash\n|-damage|p2b: Aerodactyl|1/100\n|faint|p1b: Glalie\n|faint|p2a: Meganium\n|\n|-sideend|p2: ogrelord20|move: Tailwind\n|upkeep\n|\n|t:|1776653019\n|switch|p1b: Aggron|Aggron, L50, M|100/100\n|switch|p2a: Kommo-o|Kommo-o, L50, M, shiny|100/100\n|turn|6\n|-message|NarwhalMD22 forfeited.\n|\n|win|ogrelord20\n|raw|NarwhalMD22's rating: 1024 &rarr; <strong>1014</strong><br />(-10 for losing)\n|raw|ogrelord20's rating: 1124 &rarr; <strong>1142</strong><br />(+18 for winning)\n",
  "uploadtime": 1776653024,
  "views": 6,
  "formatid": "gen9championsvgc2026regma",
  "rating": 1014,
  "private": 0,
  "password": null
}