{
  "id": "gen9championsvgc2026regma-2586139589",
  "format": "[Gen 9 Champions] VGC 2026 Reg M-A",
  "players": [
    "ElLocati",
    "Lolowtf09"
  ],
  "log": "|j|\u2606ElLocati\n|j|\u2606Lolowtf09\n|t:|1776403947\n|gametype|doubles\n|player|p1|ElLocati|170|1040\n|player|p2|Lolowtf09|101|1063\n|gen|9\n|tier|[Gen 9 Champions] VGC 2026 Reg M-A\n|rated|\n|rule|Species Clause: Limit one of each Pok\u00e9mon\n|rule|Item Clause: Limit 1 of each item\n|clearpoke\n|poke|p1|Floette-Eternal, L50, F|\n|poke|p1|Aegislash, L50, M|\n|poke|p1|Talonflame, L50, M|\n|poke|p1|Incineroar, L50, F|\n|poke|p1|Garchomp, L50, F|\n|poke|p1|Rotom-Wash, L50|\n|poke|p2|Meowstic-F, L50, F|\n|poke|p2|Slowbro-Galar, L50, F|\n|poke|p2|Sneasler, L50, M|\n|poke|p2|Whimsicott, L50, M|\n|poke|p2|Politoed, L50, M|\n|poke|p2|Incineroar, L50, F|\n|teampreview|4\n|\n|t:|1776403969\n|teamsize|p1|4\n|teamsize|p2|4\n|start\n|switch|p1a: Talonflame|Talonflame, L50, M|100/100\n|switch|p1b: Incineroar|Incineroar, L50, F|100/100\n|switch|p2a: Meowstic|Meowstic-F, L50, F, shiny|100/100\n|switch|p2b: Sneasler|Sneasler, L50, M|100/100\n|-ability|p1b: Incineroar|Intimidate|boost\n|-unboost|p2a: Meowstic|atk|1\n|-ability|p2a: Meowstic|Competitive|boost\n|-boost|p2a: Meowstic|spa|2\n|-unboost|p2b: Sneasler|atk|1\n|-enditem|p2b: Sneasler|White Herb\n|-clearnegativeboost|p2b: Sneasler|[silent]\n|turn|1\n|\n|t:|1776403989\n|detailschange|p2a: Meowstic|Meowstic-F-Mega, L50, F, shiny\n|-mega|p2a: Meowstic|Meowstic|Meowsticite\n|-ability|p2a: Meowstic|Gale Wings|Trace|[from] ability: Trace|[of] p1a: Talonflame\n|move|p2b: Sneasler|Fake Out|p1b: Incineroar\n|-damage|p1b: Incineroar|85/100\n|cant|p1b: Incineroar|flinch\n|move|p1a: Talonflame|Acrobatics|p2b: Sneasler\n|-supereffective|p2b: Sneasler|1\n|-damage|p2b: Sneasler|0 fnt\n|faint|p2b: Sneasler\n|move|p2a: Meowstic|Thunderbolt|p1b: Incineroar\n|-damage|p1b: Incineroar|29/100\n|\n|-heal|p1b: Incineroar|35/100|[from] item: Leftovers\n|upkeep\n|\n|t:|1776404004\n|switch|p2b: Incineroar|Incineroar, L50, F|100/100\n|-ability|p2b: Incineroar|Intimidate|boost\n|-unboost|p1a: Talonflame|atk|1\n|-unboost|p1b: Incineroar|atk|1\n|turn|2\n|\n|t:|1776404014\n|move|p2b: Incineroar|Fake Out|p1a: Talonflame\n|-damage|p1a: Talonflame|78/100\n|cant|p1a: Talonflame|flinch\n|move|p2a: Meowstic|Thunderbolt|p1b: Incineroar\n|-damage|p1b: Incineroar|0 fnt\n|faint|p1b: Incineroar\n|\n|upkeep\n|\n|t:|1776404050\n|switch|p1b: Floette|Floette-Eternal, L50, F|100/100\n|turn|3\n|\n|t:|1776404061\n|detailschange|p1b: Floette|Floette-Mega, L50, F\n|-mega|p1b: Floette|Floette|Floettite\n|-ability|p1b: Floette|Fairy Aura\n|move|p1a: Talonflame|Tailwind|p1a: Talonflame\n|-sidestart|p1: ElLocati|move: Tailwind\n|move|p1b: Floette|Dazzling Gleam|p2b: Incineroar|[spread] p2a,p2b\n|-damage|p2a: Meowstic|48/100\n|-damage|p2b: Incineroar|56/100\n|move|p2a: Meowstic|Thunderbolt|p1a: Talonflame\n|-supereffective|p1a: Talonflame|1\n|-damage|p1a: Talonflame|0 fnt\n|faint|p1a: Talonflame\n|move|p2b: Incineroar|Parting Shot|p1b: Floette\n|-unboost|p1b: Floette|atk|1\n|-unboost|p1b: Floette|spa|1\n|\n|t:|1776404070\n|switch|p2b: Politoed|Politoed, L50, M, shiny|100/100|[from] Parting Shot\n|-weather|RainDance|[from] ability: Drizzle|[of] p2b: Politoed\n|\n|-weather|RainDance|[upkeep]\n|upkeep\n|\n|t:|1776404078\n|switch|p1a: Rotom|Rotom-Wash, L50|100/100\n|turn|4\n|\n|t:|1776404087\n|move|p1b: Floette|Calm Mind|p1b: Floette\n|-boost|p1b: Floette|spa|1\n|-boost|p1b: Floette|spd|1\n|move|p1a: Rotom|Thunderbolt|p2b: Politoed\n|-supereffective|p2b: Politoed|1\n|-damage|p2b: Politoed|46/100\n|move|p2a: Meowstic|Energy Ball|p1a: Rotom\n|-supereffective|p1a: Rotom|1\n|-damage|p1a: Rotom|0 fnt\n|faint|p1a: Rotom\n|move|p2b: Politoed|Perish Song|p2b: Politoed\n|-start|p1b: Floette|perish3|[silent]\n|-start|p2a: Meowstic|perish3|[silent]\n|-start|p2b: Politoed|perish3|[silent]\n|-fieldactivate|move: Perish Song\n|\n|-weather|RainDance|[upkeep]\n|-heal|p2b: Politoed|52/100|[from] item: Leftovers\n|-start|p1b: Floette|perish3\n|-start|p2a: Meowstic|perish3\n|-start|p2b: Politoed|perish3\n|upkeep\n|turn|5\n|\n|t:|1776404107\n|move|p2b: Politoed|Protect|p2b: Politoed\n|-singleturn|p2b: Politoed|Protect\n|move|p1b: Floette|Dazzling Gleam|p2b: Politoed|[spread] p2a\n|-activate|p2b: Politoed|move: Protect\n|-damage|p2a: Meowstic|0 fnt\n|faint|p2a: Meowstic\n|\n|-weather|RainDance|[upkeep]\n|-heal|p2b: Politoed|58/100|[from] item: Leftovers\n|-start|p1b: Floette|perish2\n|-start|p2b: Politoed|perish2\n|upkeep\n|\n|t:|1776404114\n|switch|p2a: Incineroar|Incineroar, L50, F|56/100\n|-ability|p2a: Incineroar|Intimidate|boost\n|-unboost|p1b: Floette|atk|1\n|turn|6\n|\n|t:|1776404125\n|move|p1b: Floette|Protect|p1b: Floette\n|-singleturn|p1b: Floette|Protect\n|move|p2a: Incineroar|Fake Out|p1b: Floette\n|-activate|p1b: Floette|move: Protect\n|move|p2b: Politoed|Weather Ball|p1b: Floette\n|-activate|p1b: Floette|move: Protect\n|\n|-weather|RainDance|[upkeep]\n|-heal|p2b: Politoed|64/100|[from] item: Leftovers\n|-start|p1b: Floette|perish1\n|-start|p2b: Politoed|perish1\n|-sideend|p1: ElLocati|move: Tailwind\n|upkeep\n|turn|7\n|\n|t:|1776404138\n|move|p2b: Politoed|Protect|p2b: Politoed\n|-singleturn|p2b: Politoed|Protect\n|move|p1b: Floette|Dazzling Gleam|p2b: Politoed|[spread] p2a\n|-activate|p2b: Politoed|move: Protect\n|-damage|p2a: Incineroar|14/100\n|-enditem|p2a: Incineroar|Sitrus Berry|[eat]\n|-heal|p2a: Incineroar|39/100|[from] item: Sitrus Berry\n|move|p2a: Incineroar|Flare Blitz|p1b: Floette\n|-damage|p1b: Floette|75/100\n|-damage|p2a: Incineroar|32/100|[from] Recoil\n|\n|-weather|none\n|-heal|p2b: Politoed|70/100|[from] item: Leftovers\n|-start|p1b: Floette|perish0\n|-start|p2b: Politoed|perish0\n|faint|p1b: Floette\n|faint|p2b: Politoed\n|\n|win|Lolowtf09\n|raw|ElLocati's rating: 1040 &rarr; <strong>1025</strong><br />(-15 for losing)\n|raw|Lolowtf09's rating: 1063 &rarr; <strong>1092</strong><br />(+29 for winning)\n|l|\u2606ElLocati\n|player|p1|\n",
  "uploadtime": 1776404161,
  "views": 20,
  "formatid": "gen9championsvgc2026regma",
  "rating": 1025,
  "private": 0,
  "password": null
}