{
  "id": "gen9championsvgc2026regma-2583999241",
  "format": "[Gen 9 Champions] VGC 2026 Reg M-A",
  "players": [
    "drake888",
    "Zhm/r"
  ],
  "log": "|j|\u2606drake888\n|j|\u2606Zhm/r\n|t:|1776215485\n|gametype|doubles\n|player|p1|drake888|169|1051\n|player|p2|Zhm/r|clown|1152\n|gen|9\n|tier|[Gen 9 Champions] VGC 2026 Reg M-A\n|rated|\n|rule|Species Clause: Limit one of each Pok\u00e9mon\n|rule|Item Clause: Limit 1 of each item\n|clearpoke\n|poke|p1|Camerupt, L50, M|\n|poke|p1|Farigiraf, L50, F|\n|poke|p1|Abomasnow, L50, M|\n|poke|p1|Manectric, L50, F|\n|poke|p1|Kingambit, L50, F|\n|poke|p1|Tauros-Paldea-Aqua, L50, M|\n|poke|p2|Aggron, L50, F|\n|poke|p2|Slowbro, L50, F|\n|poke|p2|Incineroar, L50, M|\n|poke|p2|Sinistcha, L50|\n|poke|p2|Meganium, L50, F|\n|poke|p2|Aerodactyl, L50, F|\n|teampreview|4\n|\n|t:|1776215532\n|teamsize|p1|4\n|teamsize|p2|4\n|start\n|switch|p1a: Kingambit|Kingambit, L50, F|100/100\n|switch|p1b: Farigiraf|Farigiraf, L50, F|100/100\n|switch|p2a: Aggron|Aggron, L50, F|100/100\n|switch|p2b: Slowbro|Slowbro, L50, F|100/100\n|turn|1\n|\n|t:|1776215567\n|switch|p2b: Incineroar|Incineroar, L50, M|100/100\n|-ability|p2b: Incineroar|Intimidate|boost\n|-unboost|p1a: Kingambit|atk|1\n|-ability|p1a: Kingambit|Defiant|boost\n|-boost|p1a: Kingambit|atk|2\n|-unboost|p1b: Farigiraf|atk|1\n|detailschange|p2a: Aggron|Aggron-Mega, L50, F\n|-mega|p2a: Aggron|Aggron|Aggronite\n|move|p1a: Kingambit|Protect|p1a: Kingambit\n|-singleturn|p1a: Kingambit|Protect\n|move|p1b: Farigiraf|Hyper Voice|p2a: Aggron|[spread] p2a,p2b\n|-resisted|p2a: Aggron|1\n|-damage|p2a: Aggron|89/100\n|-damage|p2b: Incineroar|74/100\n|move|p2a: Aggron|Iron Defense|p2a: Aggron\n|-boost|p2a: Aggron|def|2\n|\n|upkeep\n|turn|2\n|\n|t:|1776215595\n|move|p2b: Incineroar|Lash Out|p1b: Farigiraf\n|-supereffective|p1b: Farigiraf|1\n|-damage|p1b: Farigiraf|34/100\n|move|p1b: Farigiraf|Hyper Voice|p2b: Incineroar|[spread] p2a,p2b\n|-resisted|p2a: Aggron|1\n|-damage|p2a: Aggron|79/100\n|-damage|p2b: Incineroar|48/100\n|move|p2a: Aggron|Body Press|p1a: Kingambit\n|-supereffective|p1a: Kingambit|2\n|-damage|p1a: Kingambit|0 fnt\n|faint|p1a: Kingambit\n|\n|upkeep\n|\n|t:|1776215606\n|switch|p1a: Camerupt|Camerupt, L50, M|100/100\n|turn|3\n|\n|t:|1776215617\n|detailschange|p1a: Camerupt|Camerupt-Mega, L50, M\n|-mega|p1a: Camerupt|Camerupt|Cameruptite\n|move|p1b: Farigiraf|Protect|p1b: Farigiraf\n|-singleturn|p1b: Farigiraf|Protect\n|move|p2b: Incineroar|Lash Out|p1b: Farigiraf\n|-activate|p1b: Farigiraf|move: Protect\n|move|p2a: Aggron|Body Press|p1a: Camerupt\n|-damage|p1a: Camerupt|21/100\n|move|p1a: Camerupt|Flamethrower|p2a: Aggron\n|-supereffective|p2a: Aggron|1\n|-damage|p2a: Aggron|0 fnt\n|faint|p2a: Aggron\n|\n|upkeep\n|\n|t:|1776215632\n|switch|p2a: Slowbro|Slowbro, L50, F|100/100\n|turn|4\n|\n|t:|1776215642\n|move|p1a: Camerupt|Protect|p1a: Camerupt\n|-singleturn|p1a: Camerupt|Protect\n|move|p2b: Incineroar|Lash Out|p1b: Farigiraf\n|-supereffective|p1b: Farigiraf|1\n|-damage|p1b: Farigiraf|0 fnt\n|faint|p1b: Farigiraf\n|move|p2a: Slowbro|Scald|p1a: Camerupt\n|-activate|p1a: Camerupt|move: Protect\n|\n|upkeep\n|\n|t:|1776215651\n|switch|p1b: Abomasnow|Abomasnow, L50, M|100/100\n|-weather|Snowscape|[from] ability: Snow Warning|[of] p1b: Abomasnow\n|turn|5\n|\n|t:|1776215671\n|move|p2b: Incineroar|Flare Blitz|p1b: Abomasnow\n|-supereffective|p1b: Abomasnow|2\n|-enditem|p1b: Abomasnow|Focus Sash\n|-damage|p1b: Abomasnow|1/100\n|-damage|p2b: Incineroar|10/100|[from] Recoil\n|move|p1b: Abomasnow|Wood Hammer|p2a: Slowbro\n|-supereffective|p2a: Slowbro|1\n|-damage|p2a: Slowbro|34/100\n|-damage|p1b: Abomasnow|0 fnt|[from] Recoil\n|faint|p1b: Abomasnow\n|move|p2a: Slowbro|Scald|p1a: Camerupt\n|-supereffective|p1a: Camerupt|2\n|-damage|p1a: Camerupt|0 fnt\n|faint|p1a: Camerupt\n|\n|win|Zhm/r\n|raw|drake888's rating: 1051 &rarr; <strong>1038</strong><br />(-13 for losing)\n|raw|Zhm&#x2f;r's rating: 1152 &rarr; <strong>1170</strong><br />(+18 for winning)\n|l|\u2606drake888\n|player|p1|\n",
  "uploadtime": 1776215698,
  "views": 24,
  "formatid": "gen9championsvgc2026regma",
  "rating": 1038,
  "private": 0,
  "password": null
}