{
  "id": "gen9championsvgc2026regma-2585440151",
  "format": "[Gen 9 Champions] VGC 2026 Reg M-A",
  "players": [
    "npcplasma",
    "that is a sled"
  ],
  "log": "|j|\u2606npcplasma\n|j|\u2606that is a sled\n|t:|1776347436\n|gametype|doubles\n|player|p1|npcplasma|ghetsis|1134\n|player|p2|that is a sled|scientist-gen4|1223\n|gen|9\n|tier|[Gen 9 Champions] VGC 2026 Reg M-A\n|rated|\n|rule|Species Clause: Limit one of each Pok\u00e9mon\n|rule|Item Clause: Limit 1 of each item\n|clearpoke\n|poke|p1|Palafin, L50, M|\n|poke|p1|Meowscarada, L50, M|\n|poke|p1|Aegislash, L50, F|\n|poke|p1|Archaludon, L50, F|\n|poke|p1|Farigiraf, L50, F|\n|poke|p1|Drampa, L50, M|\n|poke|p2|Froslass, L50, F|\n|poke|p2|Rotom-Frost, L50|\n|poke|p2|Incineroar, L50, F|\n|poke|p2|Slowking-Galar, L50, F|\n|poke|p2|Primarina, L50, M|\n|poke|p2|Mamoswine, L50, F|\n|teampreview|4\n|inactive|Battle timer is ON: inactive players will automatically lose when time's up. (requested by that is a sled)\n|inactive|npcplasma also wants the timer to be on.\n|inactive|that is a sled has 60 seconds left.\n|\n|t:|1776347481\n|teamsize|p1|4\n|teamsize|p2|4\n|start\n|switch|p1a: Farigiraf|Farigiraf, L50, F|100/100\n|switch|p1b: Meowscarada|Meowscarada, L50, M|100/100\n|switch|p2a: Froslass|Froslass, L50, F|100/100\n|switch|p2b: Primarina|Primarina, L50, M|100/100\n|turn|1\n|\n|t:|1776347498\n|detailschange|p2a: Froslass|Froslass-Mega, L50, F\n|-mega|p2a: Froslass|Froslass|Froslassite\n|-weather|Snowscape|[from] ability: Snow Warning|[of] p2a: Froslass\n|move|p1a: Farigiraf|Helping Hand|p1b: Meowscarada\n|-singleturn|p1b: Meowscarada|Helping Hand|[of] p1a: Farigiraf\n|move|p1b: Meowscarada|Knock Off|p2a: Froslass\n|-supereffective|p2a: Froslass|1\n|-damage|p2a: Froslass|3/100\n|move|p2a: Froslass|Blizzard|p1b: Meowscarada|[spread] p1a,p1b\n|-supereffective|p1b: Meowscarada|1\n|-damage|p1a: Farigiraf|56/100\n|-damage|p1b: Meowscarada|0 fnt\n|faint|p1b: Meowscarada\n|move|p2b: Primarina|Calm Mind|p2b: Primarina\n|-boost|p2b: Primarina|spa|1\n|-boost|p2b: Primarina|spd|1\n|\n|-weather|Snowscape|[upkeep]\n|upkeep\n|\n|t:|1776347520\n|switch|p1b: Aegislash|Aegislash, L50, F|100/100\n|turn|2\n|\n|t:|1776347527\n|-formechange|p1b: Aegislash|Aegislash-Blade|\n|move|p1b: Aegislash|Shadow Sneak|p2a: Froslass\n|-supereffective|p2a: Froslass|1\n|-damage|p2a: Froslass|0 fnt\n|faint|p2a: Froslass\n|move|p2b: Primarina|Hyper Voice|p1a: Farigiraf|[spread] p1a,p1b\n|-damage|p1a: Farigiraf|17/100\n|-damage|p1b: Aegislash|29/100\n|-enditem|p1a: Farigiraf|Sitrus Berry|[eat]\n|-heal|p1a: Farigiraf|41/100|[from] item: Sitrus Berry\n|move|p1a: Farigiraf|Trick Room|p1a: Farigiraf\n|-fieldstart|move: Trick Room|[of] p1a: Farigiraf\n|\n|-weather|Snowscape|[upkeep]\n|upkeep\n|\n|t:|1776347532\n|switch|p2a: Slowking|Slowking-Galar, L50, F|100/100\n|turn|3\n|\n|t:|1776347545\n|move|p1a: Farigiraf|Helping Hand|p1b: Aegislash\n|-singleturn|p1b: Aegislash|Helping Hand|[of] p1a: Farigiraf\n|move|p2a: Slowking|Sludge Bomb|p1a: Farigiraf\n|-damage|p1a: Farigiraf|11/100\n|-status|p1a: Farigiraf|psn\n|move|p1b: Aegislash|Poltergeist|p2b: Primarina\n|-activate|p2b: Primarina|move: Poltergeist|Leftovers\n|-damage|p2b: Primarina|20/100\n|move|p2b: Primarina|Hyper Voice|p1b: Aegislash|[spread] p1a,p1b\n|-damage|p1a: Farigiraf|0 fnt\n|-damage|p1b: Aegislash|0 fnt\n|faint|p1a: Farigiraf\n|faint|p1b: Aegislash\n|\n|-weather|Snowscape|[upkeep]\n|-heal|p2b: Primarina|26/100|[from] item: Leftovers\n|upkeep\n|\n|t:|1776347557\n|switch|p1b: Drampa|Drampa, L50, M|100/100\n|-ability|p1b: Drampa|Cloud Nine\n|turn|4\n|\n|t:|1776347576\n|detailschange|p1b: Drampa|Drampa-Mega, L50, M\n|-mega|p1b: Drampa|Drampa|Drampanite\n|move|p2a: Slowking|Sludge Bomb|p1b: Drampa\n|-damage|p1b: Drampa|71/100\n|move|p1b: Drampa|Calm Mind|p1b: Drampa\n|-boost|p1b: Drampa|spa|1\n|-boost|p1b: Drampa|spd|1\n|move|p2b: Primarina|Moonblast|p1b: Drampa\n|-supereffective|p1b: Drampa|1\n|-damage|p1b: Drampa|8/100\n|-ability|p1b: Drampa|Berserk|boost\n|-boost|p1b: Drampa|spa|1\n|\n|-weather|Snowscape|[upkeep]\n|-heal|p2b: Primarina|32/100|[from] item: Leftovers\n|upkeep\n|turn|5\n|\n|t:|1776347588\n|move|p2a: Slowking|Sludge Bomb|p1b: Drampa\n|-damage|p1b: Drampa|0 fnt\n|faint|p1b: Drampa\n|\n|win|that is a sled\n|raw|npcplasma's rating: 1134 &rarr; <strong>1115</strong><br />(-19 for losing)\n|raw|that is a sled's rating: 1223 &rarr; <strong>1242</strong><br />(+19 for winning)\n|l|\u2606npcplasma\n|player|p1|\n",
  "uploadtime": 1776347592,
  "views": 34,
  "formatid": "gen9championsvgc2026regma",
  "rating": 1115,
  "private": 0,
  "password": null
}