{
  "id": "gen9championsvgc2026regma-2587161039",
  "format": "[Gen 9 Champions] VGC 2026 Reg M-A",
  "players": [
    "Mentalsyndrome",
    "Piehead"
  ],
  "log": "|j|\u2606Mentalsyndrome\n|j|\u2606Piehead\n|t:|1776502372\n|gametype|doubles\n|player|p1|Mentalsyndrome|102|1309\n|player|p2|Piehead|169|1414\n|gen|9\n|tier|[Gen 9 Champions] VGC 2026 Reg M-A\n|rated|\n|rule|Species Clause: Limit one of each Pok\u00e9mon\n|rule|Item Clause: Limit 1 of each item\n|clearpoke\n|poke|p1|Tinkaton, L50, F|\n|poke|p1|Kangaskhan, L50, F|\n|poke|p1|Farigiraf, L50, M|\n|poke|p1|Camerupt, L50, F|\n|poke|p1|Gardevoir, L50, F, shiny|\n|poke|p1|Conkeldurr, L50, F|\n|poke|p2|Farigiraf, L50, M|\n|poke|p2|Crabominable, L50, F|\n|poke|p2|Araquanid, L50, F|\n|poke|p2|Meganium, L50, M|\n|poke|p2|Incineroar, L50, M|\n|poke|p2|Sneasler, L50, F|\n|teampreview|4\n|inactive|Battle timer is ON: inactive players will automatically lose when time's up. (requested by Mentalsyndrome)\n|inactive|Piehead also wants the timer to be on.\n|inactive|Piehead has 60 seconds left.\n|inactive|Piehead has 30 seconds left.\n|\n|t:|1776502433\n|teamsize|p1|4\n|teamsize|p2|4\n|start\n|switch|p1a: Gremlin Mode|Tinkaton, L50, F|100/100\n|switch|p1b: Taco Tuesday|Kangaskhan, L50, F|100/100\n|switch|p2a: Araquanid|Araquanid, L50, F|100/100\n|switch|p2b: Incineroar|Incineroar, L50, M|100/100\n|-ability|p1a: Gremlin Mode|Mold Breaker\n|-ability|p2b: Incineroar|Intimidate|boost\n|-unboost|p1a: Gremlin Mode|atk|1\n|-fail|p1b: Taco Tuesday|unboost|Attack|[from] ability: Scrappy|[of] p1b: Taco Tuesday\n|turn|1\n|inactive|Piehead has 30 seconds left.\n|inactive|Piehead has 20 seconds left.\n|\n|t:|1776502471\n|move|p2a: Araquanid|Protect|p2a: Araquanid\n|-singleturn|p2a: Araquanid|Protect\n|move|p1a: Gremlin Mode|Fake Out|p2b: Incineroar\n|-damage|p2b: Incineroar|93/100\n|move|p1b: Taco Tuesday|Fake Out|p2a: Araquanid\n|-activate|p2a: Araquanid|move: Protect\n|cant|p2b: Incineroar|flinch\n|\n|-heal|p2b: Incineroar|99/100|[from] item: Leftovers\n|upkeep\n|turn|2\n|\n|t:|1776502489\n|move|p1a: Gremlin Mode|Rock Slide|p2b: Incineroar|[spread] p2a,p2b\n|-supereffective|p2a: Araquanid|1\n|-supereffective|p2b: Incineroar|1\n|-damage|p2a: Araquanid|75/100\n|-damage|p2b: Incineroar|81/100\n|move|p1b: Taco Tuesday|Low Kick|p2b: Incineroar\n|-supereffective|p2b: Incineroar|1\n|-damage|p2b: Incineroar|36/100\n|cant|p2b: Incineroar|flinch\n|move|p2a: Araquanid|Liquidation|p1b: Taco Tuesday\n|-damage|p1b: Taco Tuesday|25/100\n|\n|-heal|p2b: Incineroar|42/100|[from] item: Leftovers\n|upkeep\n|turn|3\n|inactive|Piehead has 30 seconds left.\n|inactive|Piehead has 20 seconds left.\n|\n|t:|1776502524\n|switch|p2b: Meganium|Meganium, L50, M|100/100\n|move|p1a: Gremlin Mode|Rock Slide|p2a: Araquanid|[spread] p2a,p2b\n|-supereffective|p2a: Araquanid|1\n|-crit|p2a: Araquanid\n|-damage|p2a: Araquanid|19/100\n|-damage|p2b: Meganium|91/100\n|move|p1b: Taco Tuesday|Double-Edge|p2a: Araquanid\n|-crit|p2a: Araquanid\n|-damage|p2a: Araquanid|0 fnt\n|faint|p2a: Araquanid\n|-damage|p1b: Taco Tuesday|20/100|[from] Recoil\n|\n|upkeep\n|\n|t:|1776502541\n|switch|p2a: Incineroar|Incineroar, L50, M|42/100\n|-ability|p2a: Incineroar|Intimidate|boost\n|-unboost|p1a: Gremlin Mode|atk|1\n|-fail|p1b: Taco Tuesday|unboost|Attack|[from] ability: Scrappy|[of] p1b: Taco Tuesday\n|turn|4\n|\n|t:|1776502552\n|switch|p1a: Ai|Gardevoir, L50, F, shiny|100/100\n|-ability|p1a: Ai|Intimidate|Trace|[from] ability: Trace|[of] p2a: Incineroar\n|-ability|p1a: Ai|Intimidate|boost\n|-unboost|p2a: Incineroar|atk|1\n|-unboost|p2b: Meganium|atk|1\n|detailschange|p2b: Meganium|Meganium-Mega, L50, M\n|-mega|p2b: Meganium|Meganium|Meganiumite\n|move|p2a: Incineroar|Fake Out|p1b: Taco Tuesday\n|-damage|p1b: Taco Tuesday|12/100\n|cant|p1b: Taco Tuesday|flinch\n|move|p2b: Meganium|Weather Ball|p1a: Ai\n|-damage|p1a: Ai|36/100\n|\n|-heal|p2a: Incineroar|48/100|[from] item: Leftovers\n|upkeep\n|turn|5\n|\n|t:|1776502569\n|detailschange|p1a: Ai|Gardevoir-Mega, L50, F, shiny\n|-mega|p1a: Ai|Gardevoir|Gardevoirite\n|move|p1a: Ai|Hyper Voice|p2a: Incineroar|[spread] p2a,p2b\n|-damage|p2a: Incineroar|9/100\n|-damage|p2b: Meganium|46/100\n|move|p1b: Taco Tuesday|Double-Edge|p2b: Meganium\n|-damage|p2b: Meganium|0 fnt\n|faint|p2b: Meganium\n|-damage|p1b: Taco Tuesday|0 fnt|[from] Recoil\n|faint|p1b: Taco Tuesday\n|move|p2a: Incineroar|Snarl|p1a: Ai\n|-damage|p1a: Ai|19/100\n|-unboost|p1a: Ai|spa|1\n|\n|-heal|p2a: Incineroar|15/100|[from] item: Leftovers\n|upkeep\n|\n|t:|1776502577\n|switch|p1b: Gremlin Mode|Tinkaton, L50, F|100/100\n|switch|p2b: Sneasler|Sneasler, L50, F|100/100\n|-ability|p1b: Gremlin Mode|Mold Breaker\n|turn|6\n|inactive|Piehead has 30 seconds left.\n|\n|t:|1776502609\n|move|p1a: Ai|Protect|p1a: Ai\n|-singleturn|p1a: Ai|Protect\n|move|p2b: Sneasler|Fake Out|p1a: Ai\n|-activate|p1a: Ai|move: Protect\n|move|p1b: Gremlin Mode|Rock Slide|p2a: Incineroar|[spread] p2a,p2b\n|-supereffective|p2a: Incineroar|1\n|-resisted|p2b: Sneasler|1\n|-damage|p2a: Incineroar|0 fnt\n|-damage|p2b: Sneasler|89/100\n|faint|p2a: Incineroar\n|\n|upkeep\n|turn|7\n|\n|t:|1776502619\n|move|p2b: Sneasler|Dire Claw|p1a: Ai\n|-supereffective|p1a: Ai|1\n|-damage|p1a: Ai|0 fnt\n|faint|p1a: Ai\n|move|p1b: Gremlin Mode|Gigaton Hammer|p2b: Sneasler\n|-damage|p2b: Sneasler|0 fnt\n|faint|p2b: Sneasler\n|\n|win|Mentalsyndrome\n|raw|Mentalsyndrome's rating: 1309 &rarr; <strong>1335</strong><br />(+26 for winning)\n|raw|Piehead's rating: 1414 &rarr; <strong>1388</strong><br />(-26 for losing)\n",
  "uploadtime": 1776502626,
  "views": 23,
  "formatid": "gen9championsvgc2026regma",
  "rating": 1335,
  "private": 0,
  "password": null
}