{
  "id": "gen9championsvgc2026regma-2583748845",
  "format": "[Gen 9 Champions] VGC 2026 Reg M-A",
  "players": [
    "mattnot3",
    "ChocolateTequila"
  ],
  "log": "|j|\u2606mattnot3\n|j|\u2606ChocolateTequila\n|t:|1776195057\n|gametype|doubles\n|player|p1|mattnot3|pokemonbreeder-gen4|1390\n|player|p2|ChocolateTequila|nurse|1350\n|gen|9\n|tier|[Gen 9 Champions] VGC 2026 Reg M-A\n|rated|\n|rule|Species Clause: Limit one of each Pok\u00e9mon\n|rule|Item Clause: Limit 1 of each item\n|clearpoke\n|poke|p1|Kommo-o, L50, M|\n|poke|p1|Scizor, L50, M|\n|poke|p1|Sinistcha, L50|\n|poke|p1|Aerodactyl, L50, M|\n|poke|p1|Incineroar, L50, M|\n|poke|p1|Primarina, L50, F|\n|poke|p2|Farigiraf, L50, F|\n|poke|p2|Kingambit, L50, F|\n|poke|p2|Sinistcha, L50|\n|poke|p2|Incineroar, L50, M|\n|poke|p2|Crabominable, L50, M|\n|poke|p2|Torkoal, L50, M|\n|teampreview|4\n|inactive|Battle timer is ON: inactive players will automatically lose when time's up. (requested by ChocolateTequila)\n|inactive|mattnot3 also wants the timer to be on.\n|inactive|mattnot3 has 60 seconds left.\n|inactive|ChocolateTequila has 60 seconds left.\n|\n|t:|1776195107\n|teamsize|p1|4\n|teamsize|p2|4\n|start\n|switch|p1a: Kommo-o|Kommo-o, L50, M|100/100\n|switch|p1b: Primarina|Primarina, L50, F|100/100\n|switch|p2a: Farigiraf|Farigiraf, L50, F|100/100\n|switch|p2b: Incineroar|Incineroar, L50, M|100/100\n|-ability|p2b: Incineroar|Intimidate|boost\n|-unboost|p1a: Kommo-o|atk|1\n|-unboost|p1b: Primarina|atk|1\n|turn|1\n|\n|t:|1776195126\n|move|p1a: Kommo-o|Clanging Scales|p2a: Farigiraf|[spread] p2a,p2b\n|-damage|p2a: Farigiraf|66/100\n|-damage|p2b: Incineroar|60/100\n|-unboost|p1a: Kommo-o|def|1\n|move|p1b: Primarina|Calm Mind|p1b: Primarina\n|-boost|p1b: Primarina|spa|1\n|-boost|p1b: Primarina|spd|1\n|move|p2b: Incineroar|Parting Shot|p1b: Primarina\n|-unboost|p1b: Primarina|atk|1\n|-unboost|p1b: Primarina|spa|1\n|\n|t:|1776195137\n|switch|p2b: Crabominable|Crabominable, L50, M|100/100|[from] Parting Shot\n|move|p2a: Farigiraf|Trick Room|p2a: Farigiraf\n|-fieldstart|move: Trick Room|[of] p2a: Farigiraf\n|\n|upkeep\n|turn|2\n|inactive|mattnot3 has 30 seconds left.\n|\n|t:|1776195163\n|switch|p1a: Incineroar|Incineroar, L50, M|100/100\n|-ability|p1a: Incineroar|Intimidate|boost\n|-unboost|p2a: Farigiraf|atk|1\n|-unboost|p2b: Crabominable|atk|1\n|detailschange|p2b: Crabominable|Crabominable-Mega, L50, M\n|-mega|p2b: Crabominable|Crabominable|Crabominite\n|move|p2b: Crabominable|Ice Hammer|p1b: Primarina\n|-resisted|p1b: Primarina|1\n|-damage|p1b: Primarina|68/100\n|-unboost|p2b: Crabominable|spe|1\n|move|p2a: Farigiraf|Psychic|p1a: Incineroar\n|-immune|p1a: Incineroar\n|move|p1b: Primarina|Moonblast|p2b: Crabominable\n|-supereffective|p2b: Crabominable|1\n|-damage|p2b: Crabominable|11/100\n|\n|-heal|p1b: Primarina|74/100|[from] item: Leftovers\n|upkeep\n|turn|3\n|\n|t:|1776195186\n|switch|p1a: Kommo-o|Kommo-o, L50, M|100/100\n|switch|p2a: Sinistcha|Sinistcha, L50|100/100\n|-heal|p2b: Crabominable|36/100|[from] ability: Hospitality|[of] p2a: Sinistcha\n|move|p2b: Crabominable|Drain Punch|p1a: Kommo-o\n|-damage|p1a: Kommo-o|67/100\n|-heal|p2b: Crabominable|50/100|[from] drain|[of] p1a: Kommo-o\n|move|p1b: Primarina|Hyper Voice|p2b: Crabominable|[spread] p2a,p2b\n|-resisted|p2a: Sinistcha|1\n|-damage|p2a: Sinistcha|83/100\n|-damage|p2b: Crabominable|18/100\n|\n|-heal|p2a: Sinistcha|89/100|[from] item: Leftovers\n|-heal|p1b: Primarina|80/100|[from] item: Leftovers\n|upkeep\n|turn|4\n|inactive|mattnot3 has 30 seconds left.\n|inactive|ChocolateTequila has 30 seconds left.\n|\n|t:|1776195214\n|switch|p1a: Incineroar|Incineroar, L50, M|100/100\n|-ability|p1a: Incineroar|Intimidate|boost\n|-unboost|p2a: Sinistcha|atk|1\n|-unboost|p2b: Crabominable|atk|1\n|move|p2b: Crabominable|Drain Punch|p1b: Primarina\n|-resisted|p1b: Primarina|1\n|-damage|p1b: Primarina|59/100\n|-heal|p2b: Crabominable|26/100|[from] drain|[of] p1b: Primarina\n|move|p2a: Sinistcha|Matcha Gotcha|p1b: Primarina|[spread] p1a,p1b\n|-resisted|p1a: Incineroar|1\n|-supereffective|p1b: Primarina|1\n|-damage|p1a: Incineroar|88/100\n|-heal|p2a: Sinistcha|96/100|[from] drain|[of] p1a: Incineroar\n|-damage|p1b: Primarina|23/100\n|-heal|p2a: Sinistcha|100/100|[from] drain|[of] p1b: Primarina\n|move|p1b: Primarina|Moonblast|p2b: Crabominable\n|-supereffective|p2b: Crabominable|1\n|-damage|p2b: Crabominable|0 fnt\n|faint|p2b: Crabominable\n|\n|-heal|p1b: Primarina|28/100|[from] item: Leftovers\n|upkeep\n|inactive|ChocolateTequila has 30 seconds left.\n|\n|t:|1776195248\n|switch|p2b: Incineroar|Incineroar, L50, M|60/100\n|-ability|p2b: Incineroar|Intimidate|boost\n|-unboost|p1a: Incineroar|atk|1\n|-unboost|p1b: Primarina|atk|1\n|turn|5\n|\n|t:|1776195266\n|switch|p1a: Kommo-o|Kommo-o, L50, M|67/100\n|move|p1b: Primarina|Protect|p1b: Primarina\n|-singleturn|p1b: Primarina|Protect\n|move|p2b: Incineroar|Parting Shot|p1a: Kommo-o\n|-immune|p1a: Kommo-o|[from] ability: Soundproof\n|move|p2a: Sinistcha|Matcha Gotcha|p1b: Primarina|[spread] p1a\n|-activate|p1b: Primarina|move: Protect\n|-resisted|p1a: Kommo-o|1\n|-damage|p1a: Kommo-o|54/100\n|-status|p1a: Kommo-o|brn\n|\n|-heal|p1b: Primarina|34/100|[from] item: Leftovers\n|-damage|p1a: Kommo-o|47/100 brn|[from] brn\n|-fieldend|move: Trick Room\n|upkeep\n|turn|6\n|inactive|mattnot3 has 30 seconds left.\n|\n|t:|1776195291\n|move|p1a: Kommo-o|Clanging Scales|p2a: Sinistcha|[spread] p2a,p2b\n|-damage|p2a: Sinistcha|56/100\n|-damage|p2b: Incineroar|20/100\n|-unboost|p1a: Kommo-o|def|1\n|move|p1b: Primarina|Hyper Voice|p2b: Incineroar|[spread] p2a,p2b\n|-resisted|p2a: Sinistcha|1\n|-supereffective|p2b: Incineroar|1\n|-enditem|p2b: Incineroar|Passho Berry|[eat]\n|-enditem|p2b: Incineroar|Passho Berry|[weaken]\n|-damage|p2a: Sinistcha|39/100\n|-damage|p2b: Incineroar|0 fnt\n|faint|p2b: Incineroar\n|move|p2a: Sinistcha|Matcha Gotcha|p1a: Kommo-o|[spread] p1a,p1b\n|-resisted|p1a: Kommo-o|1\n|-supereffective|p1b: Primarina|1\n|-damage|p1a: Kommo-o|33/100 brn\n|-heal|p2a: Sinistcha|45/100|[from] drain|[of] p1a: Kommo-o\n|-damage|p1b: Primarina|3/100\n|-heal|p2a: Sinistcha|61/100|[from] drain|[of] p1b: Primarina\n|\n|-heal|p1b: Primarina|9/100|[from] item: Leftovers\n|-heal|p2a: Sinistcha|67/100|[from] item: Leftovers\n|-damage|p1a: Kommo-o|27/100 brn|[from] brn\n|upkeep\n|\n|t:|1776195308\n|switch|p2b: Farigiraf|Farigiraf, L50, F|66/100\n|turn|7\n|\n|t:|1776195318\n|move|p2b: Farigiraf|Protect|p2b: Farigiraf\n|-singleturn|p2b: Farigiraf|Protect\n|move|p1a: Kommo-o|Clanging Scales|p2a: Sinistcha|[spread] p2a\n|-activate|p2b: Farigiraf|move: Protect\n|-damage|p2a: Sinistcha|23/100\n|-unboost|p1a: Kommo-o|def|1\n|move|p1b: Primarina|Moonblast|p2b: Farigiraf\n|-activate|p2b: Farigiraf|move: Protect\n|move|p2a: Sinistcha|Matcha Gotcha|p1a: Kommo-o|[spread] p1a,p1b\n|-resisted|p1a: Kommo-o|1\n|-supereffective|p1b: Primarina|1\n|-crit|p1b: Primarina\n|-damage|p1a: Kommo-o|11/100 brn\n|-heal|p2a: Sinistcha|30/100|[from] drain|[of] p1a: Kommo-o\n|-damage|p1b: Primarina|0 fnt\n|-heal|p2a: Sinistcha|34/100|[from] drain|[of] p1b: Primarina\n|faint|p1b: Primarina\n|\n|-heal|p2a: Sinistcha|40/100|[from] item: Leftovers\n|-damage|p1a: Kommo-o|5/100 brn|[from] brn\n|upkeep\n|\n|t:|1776195326\n|switch|p1b: Scizor|Scizor, L50, M|100/100\n|turn|8\n|\n|t:|1776195334\n|detailschange|p1b: Scizor|Scizor-Mega, L50, M\n|-mega|p1b: Scizor|Scizor|Scizorite\n|move|p1a: Kommo-o|Clanging Scales|p2a: Sinistcha|[spread] p2a,p2b\n|-damage|p2a: Sinistcha|0 fnt\n|-damage|p2b: Farigiraf|30/100\n|-enditem|p2b: Farigiraf|Sitrus Berry|[eat]\n|-heal|p2b: Farigiraf|54/100|[from] item: Sitrus Berry\n|faint|p2a: Sinistcha\n|-unboost|p1a: Kommo-o|def|1\n|move|p1b: Scizor|Bug Bite|p2b: Farigiraf\n|-supereffective|p2b: Farigiraf|1\n|-damage|p2b: Farigiraf|0 fnt\n|faint|p2b: Farigiraf\n|\n|win|mattnot3\n|raw|mattnot3's rating: 1390 &rarr; <strong>1408</strong><br />(+18 for winning)\n|raw|ChocolateTequila's rating: 1350 &rarr; <strong>1332</strong><br />(-18 for losing)\n|l|\u2606ChocolateTequila\n|player|p2|\n",
  "uploadtime": 1776195347,
  "views": 43,
  "formatid": "gen9championsvgc2026regma",
  "rating": 1332,
  "private": 0,
  "password": null
}