{
  "id": "gen9championsvgc2026regma-2584367559",
  "format": "[Gen 9 Champions] VGC 2026 Reg M-A",
  "players": [
    "LucaSnivy",
    "talioboy"
  ],
  "log": "|j|\u2606LucaSnivy\n|j|\u2606talioboy\n|t:|1776255421\n|gametype|doubles\n|player|p1|LucaSnivy|guitarist|1084\n|player|p2|talioboy|2|1000\n|gen|9\n|tier|[Gen 9 Champions] VGC 2026 Reg M-A\n|rated|\n|rule|Species Clause: Limit one of each Pok\u00e9mon\n|rule|Item Clause: Limit 1 of each item\n|clearpoke\n|poke|p1|Serperior, L50, F|\n|poke|p1|Meowstic, L50, M|\n|poke|p1|Starmie, L50|\n|poke|p1|Garchomp, L50, M|\n|poke|p1|Houndoom, L50, F|\n|poke|p1|Ninetales-Alola, L50, F|\n|poke|p2|Abomasnow, L50, F|\n|poke|p2|Snorlax, L50, M|\n|poke|p2|Aegislash, L50, F|\n|poke|p2|Beedrill, L50, M|\n|poke|p2|Hawlucha, L50, M|\n|poke|p2|Dragonite, L50, F|\n|teampreview|4\ntalioboy has agreed to open team sheets.\n|\n|t:|1776255459\n|teamsize|p1|4\n|teamsize|p2|4\n|start\n|switch|p1a: Meowstic|Meowstic, L50, M|100/100\n|switch|p1b: Houndoom|Houndoom, L50, F|100/100\n|switch|p2a: Beedrill|Beedrill, L50, M|100/100\n|switch|p2b: Hawlucha|Hawlucha, L50, M|100/100\n|-ability|p2b: Hawlucha|Mold Breaker\n|turn|1\n|\n|t:|1776255493\n|detailschange|p1b: Houndoom|Houndoom-Mega, L50, F\n|-mega|p1b: Houndoom|Houndoom|Houndoominite\n|move|p1b: Houndoom|Protect|p1b: Houndoom\n|-singleturn|p1b: Houndoom|Protect\n|move|p1a: Meowstic|Fake Out|p2b: Hawlucha\n|-damage|p2b: Hawlucha|92/100\n|cant|p2b: Hawlucha|flinch\n|move|p2a: Beedrill|Drill Run|p1b: Houndoom\n|-activate|p1b: Houndoom|move: Protect\n|\n|upkeep\n|turn|2\n|\n|t:|1776255513\n|move|p2b: Hawlucha|Rock Slide|p1b: Houndoom|[spread] p1a\n|-miss|p2b: Hawlucha|p1b: Houndoom\n|-damage|p1a: Meowstic|83/100\n|move|p1b: Houndoom|Heat Wave|p2b: Hawlucha|[spread] p2a,p2b\n|-supereffective|p2a: Beedrill|1\n|-enditem|p2a: Beedrill|Focus Sash\n|-damage|p2a: Beedrill|1/100\n|-damage|p2b: Hawlucha|33/100\n|move|p2a: Beedrill|U-turn|p1a: Meowstic\n|-supereffective|p1a: Meowstic|1\n|-damage|p1a: Meowstic|0 fnt\n|faint|p1a: Meowstic\n|\n|t:|1776255525\n|switch|p2a: Snorlax|Snorlax, L50, M|100/100|[from] U-turn\n|\n|upkeep\n|\n|t:|1776255534\n|switch|p1a: Ninetales|Ninetales-Alola, L50, F|100/100\n|-weather|Snowscape|[from] ability: Snow Warning|[of] p1a: Ninetales\n|turn|3\n|\n|t:|1776255550\n|switch|p1b: Garchomp|Garchomp, L50, M|100/100\n|move|p2b: Hawlucha|Rock Slide|p1a: Ninetales|[spread] p1a,p1b\n|-supereffective|p1a: Ninetales|1\n|-resisted|p1b: Garchomp|1\n|-damage|p1a: Ninetales|72/100\n|-damage|p1b: Garchomp|93/100\n|move|p1a: Ninetales|Aurora Veil|p1a: Ninetales\n|-sidestart|p1: LucaSnivy|move: Aurora Veil\n|move|p2a: Snorlax|Curse|p2a: Snorlax\n|-unboost|p2a: Snorlax|spe|1\n|-boost|p2a: Snorlax|atk|1\n|-boost|p2a: Snorlax|def|1\n|\n|-weather|Snowscape|[upkeep]\n|upkeep\n|turn|4\n|\n|t:|1776255580\n|switch|p2b: Beedrill|Beedrill, L50, M|1/100\n|move|p1b: Garchomp|Outrage|p2b: Beedrill\n|-damage|p2b: Beedrill|0 fnt\n|faint|p2b: Beedrill\n|move|p1a: Ninetales|Blizzard|p2a: Snorlax\n|-damage|p2a: Snorlax|88/100\n|move|p2a: Snorlax|Yawn|p1b: Garchomp\n|-start|p1b: Garchomp|move: Yawn|[of] p2a: Snorlax\n|\n|-weather|Snowscape|[upkeep]\n|upkeep\n|\n|t:|1776255603\n|switch|p2b: Dragonite|Dragonite, L50, F|100/100\n|turn|5\n|\n|t:|1776255617\n|move|p1b: Garchomp|Outrage|p2b: Dragonite|[from] lockedmove\n|-supereffective|p2b: Dragonite|1\n|-damage|p2b: Dragonite|41/100\n|-start|p1b: Garchomp|confusion|[fatigue]\n|move|p1a: Ninetales|Blizzard|p2b: Dragonite|[spread] p2a,p2b\n|-supereffective|p2b: Dragonite|2\n|-damage|p2a: Snorlax|79/100\n|-damage|p2b: Dragonite|0 fnt\n|faint|p2b: Dragonite\n|move|p2a: Snorlax|Curse|p2a: Snorlax\n|-unboost|p2a: Snorlax|spe|1\n|-boost|p2a: Snorlax|atk|1\n|-boost|p2a: Snorlax|def|1\n|\n|-weather|Snowscape|[upkeep]\n|-end|p1b: Garchomp|move: Yawn|[silent]\n|-status|p1b: Garchomp|slp\n|upkeep\n|\n|t:|1776255628\n|switch|p2b: Hawlucha|Hawlucha, L50, M|33/100\n|-ability|p2b: Hawlucha|Mold Breaker\n|turn|6\n|\n|t:|1776255643\n|detailschange|p2b: Hawlucha|Hawlucha-Mega, L50, M\n|-mega|p2b: Hawlucha|Hawlucha|Hawluchanite\n|cant|p1b: Garchomp|slp\n|move|p2b: Hawlucha|Drain Punch|p1a: Ninetales\n|-damage|p1a: Ninetales|43/100\n|-heal|p2b: Hawlucha|47/100|[from] drain|[of] p1a: Ninetales\n|move|p1a: Ninetales|Blizzard|p2b: Hawlucha|[spread] p2a,p2b\n|-supereffective|p2b: Hawlucha|1\n|-damage|p2a: Snorlax|70/100\n|-damage|p2b: Hawlucha|0 fnt\n|faint|p2b: Hawlucha\n|move|p2a: Snorlax|Body Slam|p1a: Ninetales\n|-damage|p1a: Ninetales|0 fnt\n|faint|p1a: Ninetales\n|\n|-weather|Snowscape|[upkeep]\n|upkeep\n|\n|t:|1776255661\n|switch|p1a: Houndoom|Houndoom-Mega, L50, F|100/100\n|turn|7\n|\n|t:|1776255668\n|cant|p1b: Garchomp|slp\n|move|p1a: Houndoom|Dark Pulse|p2a: Snorlax\n|-damage|p2a: Snorlax|44/100\n|-enditem|p2a: Snorlax|Sitrus Berry|[eat]\n|-heal|p2a: Snorlax|68/100|[from] item: Sitrus Berry\n|move|p2a: Snorlax|Body Slam|p1a: Houndoom\n|-damage|p1a: Houndoom|45/100\n|-status|p1a: Houndoom|par\n|\n|-weather|none\n|-sideend|p1: LucaSnivy|move: Aurora Veil\n|upkeep\n|turn|8\n|\n|t:|1776255688\n|move|p1a: Houndoom|Protect|p1a: Houndoom\n|-singleturn|p1a: Houndoom|Protect\n|-curestatus|p1b: Garchomp|slp|[msg]\n|-activate|p1b: Garchomp|confusion\n|move|p1b: Garchomp|Outrage|p2a: Snorlax\n|-damage|p2a: Snorlax|48/100\n|move|p2a: Snorlax|Earthquake|p1a: Houndoom|[spread] p1b\n|-activate|p1a: Houndoom|move: Protect\n|-damage|p1b: Garchomp|59/100\n|\n|upkeep\n|turn|9\n|\n|t:|1776255705\n|-end|p1b: Garchomp|confusion\n|move|p1b: Garchomp|Outrage|p2a: Snorlax|[from] lockedmove\n|-damage|p2a: Snorlax|27/100\n|-start|p1b: Garchomp|confusion|[fatigue]\n|move|p1a: Houndoom|Dark Pulse|p2a: Snorlax\n|-damage|p2a: Snorlax|0 fnt\n|faint|p2a: Snorlax\n|\n|win|LucaSnivy\n|raw|LucaSnivy's rating: 1084 &rarr; <strong>1105</strong><br />(+21 for winning)\n|raw|talioboy's rating: 1000 &rarr; <strong>1000</strong><br />(+0 for losing)\n|l|\u2606talioboy\n|player|p2|\n",
  "uploadtime": 1776255765,
  "views": 28,
  "formatid": "gen9championsvgc2026regma",
  "rating": 1000,
  "private": 0,
  "password": null
}