{
  "id": "gen9championsvgc2026regma-2582633111",
  "format": "[Gen 9 Champions] VGC 2026 Reg M-A",
  "players": [
    "Knawtcho",
    "Cooperhawk10"
  ],
  "log": "|j|\u2606Knawtcho\n|j|\u2606Cooperhawk10\n|t:|1776103894\n|gametype|doubles\n|player|p1|Knawtcho|101|\n|player|p2|Cooperhawk10|cynthia|\n|gen|9\n|tier|[Gen 9 Champions] VGC 2026 Reg M-A\n|rule|Species Clause: Limit one of each Pok\u00e9mon\n|rule|Item Clause: Limit 1 of each item\n|clearpoke\n|poke|p1|Excadrill, L50, F|\n|poke|p1|Tyranitar, L50, M|\n|poke|p1|Rotom-Wash, L50|\n|poke|p1|Incineroar, L50, F|\n|poke|p1|Sinistcha, L50|\n|poke|p1|Floette-Eternal, L50, F|\n|poke|p2|Gengar, L50, M|\n|poke|p2|Incineroar, L50, F|\n|poke|p2|Politoed, L50, M|\n|poke|p2|Sinistcha, L50|\n|poke|p2|Rotom-Wash, L50|\n|poke|p2|Garchomp, L50, M|\n|teampreview|4\nCooperhawk10 rejected open team sheets.\n|c|\u2606Cooperhawk10|GFHL\n|\n|t:|1776103909\n|teamsize|p1|4\n|teamsize|p2|4\n|start\n|switch|p1a: Floette|Floette-Eternal, L50, F|100/100\n|switch|p1b: Tyranitar|Tyranitar, L50, M|100/100\n|switch|p2a: Gengar|Gengar, L50, M|100/100\n|switch|p2b: Incineroar|Incineroar, L50, F|100/100\n|-weather|Sandstorm|[from] ability: Sand Stream|[of] p1b: Tyranitar\n|-ability|p2b: Incineroar|Intimidate|boost\n|-unboost|p1a: Floette|atk|1\n|-unboost|p1b: Tyranitar|atk|1\n|turn|1\n|inactive|Battle timer is ON: inactive players will automatically lose when time's up. (requested by Cooperhawk10)\n|\n|t:|1776103921\n|switch|p1a: Incineroar|Incineroar, L50, F|100/100\n|-ability|p1a: Incineroar|Intimidate|boost\n|-unboost|p2a: Gengar|atk|1\n|-unboost|p2b: Incineroar|atk|1\n|detailschange|p2a: Gengar|Gengar-Mega, L50, M\n|-mega|p2a: Gengar|Gengar|Gengarite\n|move|p2b: Incineroar|Fake Out|p1b: Tyranitar\n|-resisted|p1b: Tyranitar|1\n|-damage|p1b: Tyranitar|97/100\n|move|p2a: Gengar|Perish Song|p2a: Gengar\n|-start|p1a: Incineroar|perish3|[silent]\n|-start|p1b: Tyranitar|perish3|[silent]\n|-start|p2a: Gengar|perish3|[silent]\n|-start|p2b: Incineroar|perish3|[silent]\n|-fieldactivate|move: Perish Song\n|cant|p1b: Tyranitar|flinch\n|\n|-weather|Sandstorm|[upkeep]\n|-damage|p2a: Gengar|95/100|[from] Sandstorm\n|-damage|p1a: Incineroar|95/100|[from] Sandstorm\n|-damage|p2b: Incineroar|95/100|[from] Sandstorm\n|-start|p2a: Gengar|perish3\n|-start|p1b: Tyranitar|perish3\n|-start|p1a: Incineroar|perish3\n|-start|p2b: Incineroar|perish3\n|upkeep\n|turn|2\n|inactive|Knawtcho has 30 seconds left.\n|\n|t:|1776103946\n|move|p2a: Gengar|Protect|p2a: Gengar\n|-singleturn|p2a: Gengar|Protect\n|move|p2b: Incineroar|Protect|p2b: Incineroar\n|-singleturn|p2b: Incineroar|Protect\n|move|p1b: Tyranitar|Dragon Dance|p1b: Tyranitar\n|-boost|p1b: Tyranitar|atk|1\n|-boost|p1b: Tyranitar|spe|1\n|move|p1a: Incineroar|Parting Shot|p2a: Gengar\n|-activate|p2a: Gengar|move: Protect\n|\n|-weather|Sandstorm|[upkeep]\n|-damage|p2a: Gengar|89/100|[from] Sandstorm\n|-damage|p2b: Incineroar|89/100|[from] Sandstorm\n|-damage|p1a: Incineroar|89/100|[from] Sandstorm\n|-start|p2a: Gengar|perish2\n|-start|p1b: Tyranitar|perish2\n|-start|p2b: Incineroar|perish2\n|-start|p1a: Incineroar|perish2\n|upkeep\n|turn|3\n|\n|t:|1776103965\n|switch|p2a: Politoed|Politoed, L50, M|100/100\n|-weather|RainDance|[from] ability: Drizzle|[of] p2a: Politoed\n|move|p1b: Tyranitar|Knock Off|p2a: Politoed\n|-damage|p2a: Politoed|53/100\n|-enditem|p2a: Politoed|Sitrus Berry|[from] move: Knock Off|[of] p1b: Tyranitar\n|move|p1a: Incineroar|Parting Shot|p2b: Incineroar\n|-unboost|p2b: Incineroar|atk|1\n|-unboost|p2b: Incineroar|spa|1\n|\n|t:|1776103974\n|switch|p1a: Excadrill|Excadrill, L50, F|100/100|[from] Parting Shot\n|move|p2b: Incineroar|Parting Shot|p1b: Tyranitar\n|-unboost|p1b: Tyranitar|atk|1\n|-unboost|p1b: Tyranitar|spa|1\n|\n|t:|1776103980\n|switch|p2b: Gengar|Gengar-Mega, L50, M|89/100|[from] Parting Shot\n|\n|-weather|RainDance|[upkeep]\n|-start|p1b: Tyranitar|perish1\n|upkeep\n|turn|4\n|\n|t:|1776103989\n|detailschange|p1b: Tyranitar|Tyranitar-Mega, L50, M\n|-mega|p1b: Tyranitar|Tyranitar|Tyranitarite\n|-weather|Sandstorm|[from] ability: Sand Stream|[of] p1b: Tyranitar\n|move|p2b: Gengar|Protect|p2b: Gengar\n|-singleturn|p2b: Gengar|Protect\n|move|p2a: Politoed|Protect|p2a: Politoed\n|-singleturn|p2a: Politoed|Protect\n|move|p1a: Excadrill|Rock Slide|p2a: Politoed|[spread] \n|-activate|p2a: Politoed|move: Protect\n|-activate|p2b: Gengar|move: Protect\n|move|p1b: Tyranitar|Rock Slide|p2b: Gengar|[spread] \n|-activate|p2a: Politoed|move: Protect\n|-activate|p2b: Gengar|move: Protect\n|\n|-weather|Sandstorm|[upkeep]\n|-damage|p2b: Gengar|83/100|[from] Sandstorm\n|-damage|p2a: Politoed|47/100|[from] Sandstorm\n|-start|p1b: Tyranitar|perish0\n|faint|p1b: Tyranitar\n|upkeep\n|\n|t:|1776103997\n|switch|p1b: Incineroar|Incineroar, L50, F|89/100\n|-ability|p1b: Incineroar|Intimidate|boost\n|-unboost|p2a: Politoed|atk|1\n|-unboost|p2b: Gengar|atk|1\n|turn|5\n|\n|t:|1776104009\n|switch|p2a: Sinistcha|Sinistcha, L50|100/100\n|-heal|p2b: Gengar|100/100|[from] ability: Hospitality|[of] p2a: Sinistcha\n|move|p1b: Incineroar|Fake Out|p2a: Sinistcha\n|-immune|p2a: Sinistcha\n|move|p1a: Excadrill|Rock Slide|p2b: Gengar|[spread] p2a,p2b\n|-damage|p2a: Sinistcha|79/100\n|-damage|p2b: Gengar|72/100\n|move|p2b: Gengar|Substitute|p2b: Gengar\n|-start|p2b: Gengar|Substitute\n|-damage|p2b: Gengar|48/100\n|\n|-weather|Sandstorm|[upkeep]\n|-damage|p2b: Gengar|42/100|[from] Sandstorm\n|-damage|p2a: Sinistcha|73/100|[from] Sandstorm\n|-damage|p1b: Incineroar|83/100|[from] Sandstorm\n|upkeep\n|turn|6\n|\n|t:|1776104028\n|switch|p2a: Politoed|Politoed, L50, M|47/100\n|-weather|RainDance|[from] ability: Drizzle|[of] p2a: Politoed\n|move|p2b: Gengar|Protect|p2b: Gengar\n|-singleturn|p2b: Gengar|Protect\n|move|p1a: Excadrill|Rock Slide|p2b: Gengar|[spread] p2a\n|-activate|p2b: Gengar|move: Protect\n|-damage|p2a: Politoed|26/100\n|move|p1b: Incineroar|Flare Blitz|p2a: Politoed\n|-resisted|p2a: Politoed|1\n|-damage|p2a: Politoed|14/100\n|-damage|p1b: Incineroar|79/100|[from] Recoil\n|\n|-weather|RainDance|[upkeep]\n|upkeep\n|turn|7\n|\n|t:|1776104044\n|switch|p2a: Sinistcha|Sinistcha, L50|73/100\n|-heal|p2b: Gengar|66/100|[from] ability: Hospitality|[of] p2a: Sinistcha\n|move|p2b: Gengar|Perish Song|p2b: Gengar\n|-start|p1a: Excadrill|perish3|[silent]\n|-start|p1b: Incineroar|perish3|[silent]\n|-start|p2a: Sinistcha|perish3|[silent]\n|-start|p2b: Gengar|perish3|[silent]\n|-fieldactivate|move: Perish Song\n|move|p1a: Excadrill|Rock Slide|p2b: Gengar|[spread] p2a,p2b\n|-end|p2b: Gengar|Substitute\n|-damage|p2a: Sinistcha|53/100\n|move|p1b: Incineroar|Parting Shot|p2b: Gengar\n|-unboost|p2b: Gengar|atk|1\n|-unboost|p2b: Gengar|spa|1\n|\n|t:|1776104050\n|switch|p1b: Floette|Floette-Eternal, L50, F|100/100|[from] Parting Shot\n|\n|-weather|RainDance|[upkeep]\n|-start|p2b: Gengar|perish3\n|-start|p1a: Excadrill|perish3\n|-start|p2a: Sinistcha|perish3\n|upkeep\n|turn|8\n|\n|t:|1776104066\n|move|p1a: Excadrill|Protect|p1a: Excadrill\n|-singleturn|p1a: Excadrill|Protect\n|move|p2b: Gengar|Shadow Ball|p1b: Floette\n|-damage|p1b: Floette|70/100\n|move|p1b: Floette|Dazzling Gleam|p2a: Sinistcha|[spread] p2a,p2b\n|-resisted|p2b: Gengar|1\n|-damage|p2a: Sinistcha|28/100\n|-damage|p2b: Gengar|50/100\n|move|p2a: Sinistcha|Matcha Gotcha|p1b: Floette|[spread] p1b\n|-activate|p1a: Excadrill|move: Protect\n|-damage|p1b: Floette|47/100\n|-heal|p2a: Sinistcha|37/100|[from] drain|[of] p1b: Floette\n|\n|-weather|RainDance|[upkeep]\n|-start|p2b: Gengar|perish2\n|-start|p1a: Excadrill|perish2\n|-start|p2a: Sinistcha|perish2\n|upkeep\n|turn|9\n|\n|t:|1776104092\n|switch|p2a: Incineroar|Incineroar, L50, F|89/100\n|-ability|p2a: Incineroar|Intimidate|boost\n|-unboost|p1a: Excadrill|atk|1\n|-unboost|p1b: Floette|atk|1\n|move|p2b: Gengar|Protect|p2b: Gengar\n|-singleturn|p2b: Gengar|Protect\n|move|p1b: Floette|Dazzling Gleam|p2b: Gengar|[spread] p2a\n|-activate|p2b: Gengar|move: Protect\n|-damage|p2a: Incineroar|65/100\n|move|p1a: Excadrill|Rock Slide|p2b: Gengar|[spread] p2a\n|-activate|p2b: Gengar|move: Protect\n|-supereffective|p2a: Incineroar|1\n|-damage|p2a: Incineroar|42/100\n|\n|-weather|RainDance|[upkeep]\n|-start|p2b: Gengar|perish1\n|-start|p1a: Excadrill|perish1\n|upkeep\n|turn|10\n|\n|t:|1776104111\n|switch|p2b: Politoed|Politoed, L50, M|14/100\n|move|p2a: Incineroar|Fake Out|p1a: Excadrill\n|-resisted|p1a: Excadrill|1\n|-damage|p1a: Excadrill|92/100\n|move|p1b: Floette|Light of Ruin|p2a: Incineroar\n|-damage|p2a: Incineroar|0 fnt\n|faint|p2a: Incineroar\n|-damage|p1b: Floette|19/100|[from] Recoil\n|cant|p1a: Excadrill|flinch\n|\n|-weather|none\n|-start|p1a: Excadrill|perish0\n|upkeep\n|faint|p1a: Excadrill\n|\n|t:|1776104121\n|switch|p1a: Incineroar|Incineroar, L50, F|79/100\n|switch|p2a: Gengar|Gengar-Mega, L50, M|50/100\n|-ability|p1a: Incineroar|Intimidate|boost\n|-unboost|p2a: Gengar|atk|1\n|-unboost|p2b: Politoed|atk|1\n|turn|11\n|\n|t:|1776104131\n|switch|p2b: Sinistcha|Sinistcha, L50|37/100\n|-heal|p2a: Gengar|75/100|[from] ability: Hospitality|[of] p2b: Sinistcha\n|move|p2a: Gengar|Perish Song|p2a: Gengar\n|-start|p1a: Incineroar|perish3|[silent]\n|-start|p1b: Floette|perish3|[silent]\n|-start|p2a: Gengar|perish3|[silent]\n|-start|p2b: Sinistcha|perish3|[silent]\n|-fieldactivate|move: Perish Song\n|move|p1b: Floette|Dazzling Gleam|p2a: Gengar|[spread] p2a,p2b\n|-resisted|p2a: Gengar|1\n|-damage|p2a: Gengar|59/100\n|-damage|p2b: Sinistcha|11/100\n|move|p1a: Incineroar|Darkest Lariat|p2a: Gengar\n|-supereffective|p2a: Gengar|1\n|-damage|p2a: Gengar|0 fnt\n|faint|p2a: Gengar\n|\n|-start|p1b: Floette|perish3\n|-start|p2b: Sinistcha|perish3\n|-start|p1a: Incineroar|perish3\n|upkeep\n|\n|t:|1776104145\n|switch|p2a: Politoed|Politoed, L50, M|14/100\n|-weather|RainDance|[from] ability: Drizzle|[of] p2a: Politoed\n|turn|12\n|\n|t:|1776104162\n|move|p2b: Sinistcha|Protect|p2b: Sinistcha\n|-singleturn|p2b: Sinistcha|Protect\n|move|p2a: Politoed|Protect|p2a: Politoed\n|-singleturn|p2a: Politoed|Protect\n|move|p1b: Floette|Light of Ruin|p2a: Politoed\n|-activate|p2a: Politoed|move: Protect\n|move|p1a: Incineroar|Darkest Lariat|p2b: Sinistcha\n|-activate|p2b: Sinistcha|move: Protect\n|\n|-weather|RainDance|[upkeep]\n|-start|p1b: Floette|perish2\n|-start|p2b: Sinistcha|perish2\n|-start|p1a: Incineroar|perish2\n|upkeep\n|turn|13\n|\n|t:|1776104172\n|move|p2b: Sinistcha|Rage Powder|p2b: Sinistcha\n|-singleturn|p2b: Sinistcha|move: Rage Powder\n|move|p1b: Floette|Dazzling Gleam|p2b: Sinistcha|[spread] p2a,p2b\n|-damage|p2a: Politoed|0 fnt\n|-damage|p2b: Sinistcha|0 fnt\n|faint|p2a: Politoed\n|faint|p2b: Sinistcha\n|\n|win|Knawtcho\n|l|\u2606Cooperhawk10\n|player|p2|\n|l|\u2606Knawtcho\n|player|p1|\n|j|\u2606Knawtcho\n|player|p1|Knawtcho|101|\n",
  "uploadtime": 1776104183,
  "views": 13,
  "formatid": "gen9championsvgc2026regma",
  "rating": null,
  "private": 0,
  "password": null
}