{
  "id": "gen9championsvgc2026regma-2583973459",
  "format": "[Gen 9 Champions] VGC 2026 Reg M-A",
  "players": [
    "zdekurom",
    "JimmiBunnie"
  ],
  "log": "|j|\u2606zdekurom\n|j|\u2606JimmiBunnie\n|t:|1776213184\n|gametype|doubles\n|player|p1|zdekurom|unknown|1182\n|player|p2|JimmiBunnie|pokekid|1106\n|gen|9\n|tier|[Gen 9 Champions] VGC 2026 Reg M-A\n|rated|\n|rule|Species Clause: Limit one of each Pok\u00e9mon\n|rule|Item Clause: Limit 1 of each item\n|clearpoke\n|poke|p1|Empoleon, L50, M|\n|poke|p1|Cofagrigus, L50, M|\n|poke|p1|Rhyperior, L50, M|\n|poke|p1|Oranguru, L50, M|\n|poke|p1|Sylveon, L50, F|\n|poke|p1|Goodra, L50, M|\n|poke|p2|Lopunny, L50, M|\n|poke|p2|Garchomp, L50, F|\n|poke|p2|Incineroar, L50, M|\n|poke|p2|Rotom-Wash, L50|\n|poke|p2|Whimsicott, L50, M|\n|poke|p2|Milotic, L50, M|\n|teampreview|4\n|\n|t:|1776213269\n|teamsize|p1|4\n|teamsize|p2|4\n|start\n|switch|p1a: Cofagrigus|Cofagrigus, L50, M|100/100\n|switch|p1b: Sylveon|Sylveon, L50, F|100/100\n|switch|p2a: Milotic|Milotic, L50, M|100/100\n|switch|p2b: Incineroar|Incineroar, L50, M|100/100\n|-ability|p2b: Incineroar|Intimidate|boost\n|-unboost|p1a: Cofagrigus|atk|1\n|-unboost|p1b: Sylveon|atk|1\n|turn|1\n|\n|t:|1776213287\n|move|p1b: Sylveon|Protect|p1b: Sylveon\n|-singleturn|p1b: Sylveon|Protect\n|move|p2a: Milotic|Scald|p1b: Sylveon\n|-activate|p1b: Sylveon|move: Protect\n|move|p2b: Incineroar|Throat Chop|p1a: Cofagrigus\n|-supereffective|p1a: Cofagrigus|1\n|-enditem|p1a: Cofagrigus|Colbur Berry|[eat]\n|-enditem|p1a: Cofagrigus|Colbur Berry|[weaken]\n|-damage|p1a: Cofagrigus|76/100\n|-start|p1a: Cofagrigus|Throat Chop|[silent]\n|-activate|p1a: Cofagrigus|ability: Mummy|p2b: Incineroar|[ability] Intimidate\n|move|p1a: Cofagrigus|Trick Room|p1a: Cofagrigus\n|-fieldstart|move: Trick Room|[of] p1a: Cofagrigus\n|\n|upkeep\n|turn|2\n|\n|t:|1776213306\n|move|p1a: Cofagrigus|Body Press|p2b: Incineroar\n|-supereffective|p2b: Incineroar|1\n|-damage|p2b: Incineroar|48/100\n|-enditem|p2b: Incineroar|Sitrus Berry|[eat]\n|-heal|p2b: Incineroar|73/100|[from] item: Sitrus Berry\n|move|p2b: Incineroar|Parting Shot|p1b: Sylveon\n|-unboost|p1b: Sylveon|atk|1\n|-unboost|p1b: Sylveon|spa|1\n|\n|t:|1776213318\n|switch|p2b: Rotom|Rotom-Wash, L50|100/100|[from] Parting Shot\n|move|p1b: Sylveon|Hyper Voice|p2b: Rotom|[spread] p2a,p2b\n|-damage|p2a: Milotic|80/100\n|-damage|p2b: Rotom|65/100\n|move|p2a: Milotic|Scald|p1b: Sylveon\n|-damage|p1b: Sylveon|81/100\n|\n|-heal|p2a: Milotic|86/100|[from] item: Leftovers\n|-end|p1a: Cofagrigus|Throat Chop|[silent]\n|upkeep\n|turn|3\n|\n|t:|1776213340\n|switch|p1b: Goodra|Goodra, L50, M|100/100\n|move|p1a: Cofagrigus|Body Press|p2b: Rotom\n|-damage|p2b: Rotom|37/100\n|move|p2a: Milotic|Scald|p1b: Goodra\n|-resisted|p1b: Goodra|1\n|-damage|p1b: Goodra|92/100\n|-status|p1b: Goodra|brn\n|move|p2b: Rotom|Volt Switch|p1b: Goodra\n|-resisted|p1b: Goodra|1\n|-damage|p1b: Goodra|81/100 brn\n|\n|t:|1776213352\n|switch|p2b: Incineroar|Incineroar, L50, M|73/100|[from] Volt Switch\n|-ability|p2b: Incineroar|Intimidate|boost\n|-unboost|p1a: Cofagrigus|atk|1\n|-unboost|p1b: Goodra|atk|1\n|\n|-heal|p2a: Milotic|92/100|[from] item: Leftovers\n|-damage|p1b: Goodra|75/100 brn|[from] brn\n|upkeep\n|turn|4\n|\n|t:|1776213367\n|move|p2b: Incineroar|Fake Out|p1b: Goodra\n|-damage|p1b: Goodra|61/100 brn\n|move|p1a: Cofagrigus|Body Press|p2b: Incineroar\n|-supereffective|p2b: Incineroar|1\n|-damage|p2b: Incineroar|25/100\n|cant|p1b: Goodra|flinch\n|move|p2a: Milotic|Scald|p1a: Cofagrigus\n|-damage|p1a: Cofagrigus|50/100\n|\n|-heal|p2a: Milotic|98/100|[from] item: Leftovers\n|-damage|p1b: Goodra|55/100 brn|[from] brn\n|upkeep\n|turn|5\n|\n|t:|1776213395\n|move|p1a: Cofagrigus|Body Press|p2b: Incineroar\n|-supereffective|p2b: Incineroar|1\n|-damage|p2b: Incineroar|0 fnt\n|faint|p2b: Incineroar\n|move|p1b: Goodra|Thunderbolt|p2a: Milotic\n|-supereffective|p2a: Milotic|1\n|-damage|p2a: Milotic|61/100\n|move|p2a: Milotic|Scald|p1a: Cofagrigus\n|-damage|p1a: Cofagrigus|24/100\n|-status|p1a: Cofagrigus|brn\n|\n|-heal|p2a: Milotic|67/100|[from] item: Leftovers\n|-damage|p1a: Cofagrigus|19/100 brn|[from] brn\n|-damage|p1b: Goodra|49/100 brn|[from] brn\n|-fieldend|move: Trick Room\n|upkeep\n|\n|t:|1776213408\n|switch|p2b: Lopunny|Lopunny, L50, M|100/100\n|turn|6\n|\n|t:|1776213426\n|detailschange|p2b: Lopunny|Lopunny-Mega, L50, M\n|-mega|p2b: Lopunny|Lopunny|Lopunnite\n|move|p2b: Lopunny|Fake Out|p1a: Cofagrigus\n|-damage|p1a: Cofagrigus|4/100 brn\n|-activate|p1a: Cofagrigus|ability: Mummy|p2b: Lopunny|[ability] Scrappy\n|cant|p1a: Cofagrigus|flinch\n|move|p2a: Milotic|Icy Wind|p1a: Cofagrigus|[spread] p1a,p1b\n|-supereffective|p1b: Goodra|1\n|-damage|p1a: Cofagrigus|0 fnt\n|-damage|p1b: Goodra|36/100 brn\n|-unboost|p1b: Goodra|spe|1\n|faint|p1a: Cofagrigus\n|move|p1b: Goodra|Draco Meteor|p2b: Lopunny\n|-damage|p2b: Lopunny|7/100\n|-unboost|p1b: Goodra|spa|2\n|\n|-heal|p2a: Milotic|73/100|[from] item: Leftovers\n|-damage|p1b: Goodra|30/100 brn|[from] brn\n|upkeep\n|\n|t:|1776213449\n|switch|p1a: Sylveon|Sylveon, L50, F|81/100\n|turn|7\n|\n|t:|1776213459\n|move|p1b: Goodra|Protect|p1b: Goodra\n|-singleturn|p1b: Goodra|Protect\n|move|p2b: Lopunny|Close Combat|p1a: Sylveon\n|-resisted|p1a: Sylveon|1\n|-damage|p1a: Sylveon|42/100\n|-unboost|p2b: Lopunny|def|1\n|-unboost|p2b: Lopunny|spd|1\n|move|p2a: Milotic|Icy Wind|p1b: Goodra|[spread] p1a\n|-activate|p1b: Goodra|move: Protect\n|-crit|p1a: Sylveon\n|-damage|p1a: Sylveon|31/100\n|-unboost|p1a: Sylveon|spe|1\n|move|p1a: Sylveon|Hyper Voice|p2a: Milotic|[spread] p2a,p2b\n|-supereffective|p2b: Lopunny|1\n|-damage|p2a: Milotic|42/100\n|-damage|p2b: Lopunny|0 fnt\n|faint|p2b: Lopunny\n|\n|-heal|p2a: Milotic|48/100|[from] item: Leftovers\n|-damage|p1b: Goodra|24/100 brn|[from] brn\n|upkeep\n|\n|t:|1776213477\n|switch|p2b: Rotom|Rotom-Wash, L50|37/100\n|turn|8\n|\n|t:|1776213505\n|move|p2b: Rotom|Volt Switch|p1a: Sylveon\n|-damage|p1a: Sylveon|3/100\n|move|p2a: Milotic|Icy Wind|p1b: Goodra|[spread] p1a,p1b\n|-supereffective|p1b: Goodra|1\n|-damage|p1a: Sylveon|0 fnt\n|-damage|p1b: Goodra|10/100 brn\n|-unboost|p1b: Goodra|spe|1\n|faint|p1a: Sylveon\n|move|p1b: Goodra|Thunderbolt|p2a: Milotic\n|-supereffective|p2a: Milotic|1\n|-damage|p2a: Milotic|29/100\n|\n|-heal|p2a: Milotic|35/100|[from] item: Leftovers\n|-damage|p1b: Goodra|4/100 brn|[from] brn\n|upkeep\n|\n|t:|1776213512\n|switch|p1a: Rhyperior|Rhyperior, L50, M|100/100\n|turn|9\n|\n|t:|1776213529\n|move|p2b: Rotom|Hydro Pump|p1a: Rhyperior\n|-supereffective|p1a: Rhyperior|2\n|-damage|p1a: Rhyperior|0 fnt\n|faint|p1a: Rhyperior\n|move|p2a: Milotic|Icy Wind|p1b: Goodra\n|-supereffective|p1b: Goodra|1\n|-damage|p1b: Goodra|0 fnt\n|faint|p1b: Goodra\n|\n|win|JimmiBunnie\n|raw|zdekurom's rating: 1182 &rarr; <strong>1152</strong><br />(-30 for losing)\n|raw|JimmiBunnie's rating: 1106 &rarr; <strong>1136</strong><br />(+30 for winning)\n|l|\u2606zdekurom\n|player|p1|\n",
  "uploadtime": 1776213540,
  "views": 19,
  "formatid": "gen9championsvgc2026regma",
  "rating": 1136,
  "private": 0,
  "password": null
}