{
  "id": "gen9championsvgc2026regma-2583124937",
  "format": "[Gen 9 Champions] VGC 2026 Reg M-A",
  "players": [
    "LudiKO",
    "Mentalsyndrome"
  ],
  "log": "|j|\u2606LudiKO\n|j|\u2606Mentalsyndrome\n|t:|1776144988\n|gametype|doubles\n|player|p1|LudiKO|101|1205\n|player|p2|Mentalsyndrome|2|1246\n|gen|9\n|tier|[Gen 9 Champions] VGC 2026 Reg M-A\n|rated|\n|rule|Species Clause: Limit one of each Pok\u00e9mon\n|rule|Item Clause: Limit 1 of each item\n|clearpoke\n|poke|p1|Ampharos, L50, M|\n|poke|p1|Runerigus, L50, F|\n|poke|p1|Azumarill, L50, M|\n|poke|p1|Rhyperior, L50, F|\n|poke|p1|Sinistcha, L50|\n|poke|p1|Incineroar, L50, F|\n|poke|p2|Bastiodon, L50, M|\n|poke|p2|Hawlucha, L50, F|\n|poke|p2|Milotic, L50, M|\n|poke|p2|Excadrill, L50, M|\n|poke|p2|Farigiraf, L50, M|\n|poke|p2|Tyranitar, L50, M|\n|teampreview|4\n|inactive|Battle timer is ON: inactive players will automatically lose when time's up. (requested by Mentalsyndrome)\n|inactive|Mentalsyndrome has 60 seconds left.\n|\n|t:|1776145030\n|teamsize|p1|4\n|teamsize|p2|4\n|start\n|switch|p1a: Azumarill|Azumarill, L50, M|100/100\n|switch|p1b: Incineroar|Incineroar, L50, F|100/100\n|switch|p2a: Milotic|Milotic, L50, M|100/100\n|switch|p2b: Bastiodon|Bastiodon, L50, M|100/100\n|-ability|p1b: Incineroar|Intimidate|boost\n|-unboost|p2a: Milotic|atk|1\n|-ability|p2a: Milotic|Competitive|boost\n|-boost|p2a: Milotic|spa|2\n|-unboost|p2b: Bastiodon|atk|1\n|turn|1\n|\n|t:|1776145048\n|switch|p2b: Farigiraf|Farigiraf, L50, M|100/100\n|move|p1b: Incineroar|Fake Out||[still]\n|cant|p2b: Farigiraf|ability: Armor Tail|Fake Out|[of] p1b: Incineroar\n|move|p2a: Milotic|Coil|p2a: Milotic\n|-boost|p2a: Milotic|atk|1\n|-boost|p2a: Milotic|def|1\n|-boost|p2a: Milotic|accuracy|1\n|move|p1a: Azumarill|Knock Off|p2a: Milotic\n|-crit|p2a: Milotic\n|-damage|p2a: Milotic|50/100\n|-enditem|p2a: Milotic|Leftovers|[from] move: Knock Off|[of] p1a: Azumarill\n|\n|upkeep\n|turn|2\n|\n|t:|1776145070\n|switch|p2b: Bastiodon|Bastiodon, L50, M|100/100\n|move|p2a: Milotic|Hypnosis|p1a: Azumarill\n|-status|p1a: Azumarill|slp|[from] move: Hypnosis\n|move|p1b: Incineroar|Parting Shot|p2b: Bastiodon\n|-unboost|p2b: Bastiodon|atk|1\n|-unboost|p2b: Bastiodon|spa|1\n|\n|t:|1776145078\n|switch|p1b: Runerigus|Runerigus, L50, F|100/100|[from] Parting Shot\n|cant|p1a: Azumarill|slp\n|\n|upkeep\n|turn|3\n|\n|t:|1776145090\n|move|p2a: Milotic|Scald|p1b: Runerigus\n|-supereffective|p1b: Runerigus|1\n|-damage|p1b: Runerigus|0 fnt\n|faint|p1b: Runerigus\n|-curestatus|p1a: Azumarill|slp|[msg]\n|move|p1a: Azumarill|Superpower|p2b: Bastiodon\n|-supereffective|p2b: Bastiodon|2\n|-ability|p2b: Bastiodon|Sturdy\n|-damage|p2b: Bastiodon|1/100\n|-unboost|p1a: Azumarill|atk|1\n|-unboost|p1a: Azumarill|def|1\n|move|p2b: Bastiodon|Fissure|p1a: Azumarill|[miss]\n|-miss|p2b: Bastiodon|p1a: Azumarill\n|\n|upkeep\n|\n|t:|1776145107\n|switch|p1b: Sinistcha|Sinistcha, L50|100/100\n|turn|4\n|\n|t:|1776145115\n|move|p1a: Azumarill|Aqua Jet|p2b: Bastiodon\n|-supereffective|p2b: Bastiodon|1\n|-damage|p2b: Bastiodon|0 fnt\n|faint|p2b: Bastiodon\n|move|p2a: Milotic|Hypnosis|p1b: Sinistcha\n|-status|p1b: Sinistcha|slp|[from] move: Hypnosis\n|cant|p1b: Sinistcha|slp\n|\n|upkeep\n|\n|t:|1776145118\n|switch|p2b: Farigiraf|Farigiraf, L50, M|100/100\n|turn|5\n|\n|t:|1776145135\n|move|p2a: Milotic|Hypnosis|p1a: Azumarill\n|-status|p1a: Azumarill|slp|[from] move: Hypnosis\n|cant|p1b: Sinistcha|slp\n|move|p2b: Farigiraf|Twin Beam|p1a: Azumarill\n|-damage|p1a: Azumarill|84/100 slp\n|-damage|p1a: Azumarill|69/100 slp\n|-hitcount|p1a: Azumarill|2\n|cant|p1a: Azumarill|slp\n|\n|upkeep\n|turn|6\n|\n|t:|1776145150\n|move|p2a: Milotic|Hypnosis|p1b: Sinistcha|[miss]\n|-miss|p2a: Milotic|p1b: Sinistcha\n|-curestatus|p1b: Sinistcha|slp|[msg]\n|move|p1b: Sinistcha|Matcha Gotcha|p2a: Milotic|[spread] p2a,p2b\n|-supereffective|p2a: Milotic|1\n|-crit|p2b: Farigiraf\n|-damage|p2a: Milotic|12/100\n|-damage|p2b: Farigiraf|66/100\n|-status|p2a: Milotic|brn\n|move|p2b: Farigiraf|Twin Beam|p1a: Azumarill\n|-damage|p1a: Azumarill|55/100 slp\n|-damage|p1a: Azumarill|39/100 slp\n|-enditem|p1a: Azumarill|Sitrus Berry|[eat]\n|-heal|p1a: Azumarill|63/100 slp|[from] item: Sitrus Berry\n|-hitcount|p1a: Azumarill|2\n|-curestatus|p1a: Azumarill|slp|[msg]\n|move|p1a: Azumarill|Knock Off|p2b: Farigiraf\n|-supereffective|p2b: Farigiraf|1\n|-enditem|p2b: Farigiraf|Colbur Berry|[eat]\n|-enditem|p2b: Farigiraf|Colbur Berry|[weaken]\n|-damage|p2b: Farigiraf|40/100\n|\n|-damage|p2a: Milotic|6/100 brn|[from] brn\n|upkeep\n|turn|7\n|inactive|LudiKO has 30 seconds left.\n|\n|t:|1776145175\n|move|p2b: Farigiraf|Helping Hand|p2a: Milotic\n|-singleturn|p2a: Milotic|Helping Hand|[of] p2b: Farigiraf\n|move|p1a: Azumarill|Aqua Jet||[still]\n|cant|p2b: Farigiraf|ability: Armor Tail|Aqua Jet|[of] p1a: Azumarill\n|move|p2a: Milotic|Scald|p1a: Azumarill\n|-resisted|p1a: Azumarill|1\n|-damage|p1a: Azumarill|25/100\n|move|p1b: Sinistcha|Matcha Gotcha|p2a: Milotic|[spread] p2a,p2b\n|-supereffective|p2a: Milotic|1\n|-damage|p2a: Milotic|0 fnt\n|-damage|p2b: Farigiraf|19/100\n|faint|p2a: Milotic\n|\n|upkeep\n|\n|t:|1776145183\n|switch|p2a: Tyranitar|Tyranitar, L50, M|100/100\n|-weather|Sandstorm|[from] ability: Sand Stream|[of] p2a: Tyranitar\n|turn|8\n|\n|t:|1776145196\n|detailschange|p2a: Tyranitar|Tyranitar-Mega, L50, M\n|-mega|p2a: Tyranitar|Tyranitar|Tyranitarite\n|move|p2b: Farigiraf|Helping Hand|p2a: Tyranitar\n|-singleturn|p2a: Tyranitar|Helping Hand|[of] p2b: Farigiraf\n|move|p2a: Tyranitar|Rock Slide|p1a: Azumarill|[spread] p1a,p1b\n|-damage|p1a: Azumarill|0 fnt\n|-damage|p1b: Sinistcha|54/100\n|faint|p1a: Azumarill\n|cant|p1b: Sinistcha|flinch\n|\n|-weather|Sandstorm|[upkeep]\n|-damage|p1b: Sinistcha|48/100|[from] Sandstorm\n|-damage|p2b: Farigiraf|13/100|[from] Sandstorm\n|upkeep\n|\n|t:|1776145207\n|switch|p1a: Incineroar|Incineroar, L50, F|100/100\n|-ability|p1a: Incineroar|Intimidate|boost\n|-unboost|p2a: Tyranitar|atk|1\n|-unboost|p2b: Farigiraf|atk|1\n|turn|9\n|\n|t:|1776145219\n|move|p2b: Farigiraf|Helping Hand|p2a: Tyranitar\n|-singleturn|p2a: Tyranitar|Helping Hand|[of] p2b: Farigiraf\n|move|p1a: Incineroar|Protect|p1a: Incineroar\n|-singleturn|p1a: Incineroar|Protect\n|move|p2a: Tyranitar|Rock Slide|p1a: Incineroar|[spread] \n|-activate|p1a: Incineroar|move: Protect\n|-miss|p2a: Tyranitar|p1b: Sinistcha\n|move|p1b: Sinistcha|Matcha Gotcha|p2b: Farigiraf|[spread] p2a\n|-miss|p1b: Sinistcha|p2b: Farigiraf\n|-supereffective|p2a: Tyranitar|1\n|-damage|p2a: Tyranitar|73/100\n|-heal|p1b: Sinistcha|64/100|[from] drain|[of] p2a: Tyranitar\n|\n|-weather|Sandstorm|[upkeep]\n|-damage|p1b: Sinistcha|58/100|[from] Sandstorm\n|-damage|p1a: Incineroar|94/100|[from] Sandstorm\n|-damage|p2b: Farigiraf|7/100|[from] Sandstorm\n|upkeep\n|turn|10\n|inactive|Mentalsyndrome has 30 seconds left.\n|\n|t:|1776145247\n|move|p2b: Farigiraf|Helping Hand|p2a: Tyranitar\n|-singleturn|p2a: Tyranitar|Helping Hand|[of] p2b: Farigiraf\n|move|p1b: Sinistcha|Protect|p1b: Sinistcha\n|-singleturn|p1b: Sinistcha|Protect\n|move|p2a: Tyranitar|Rock Slide|p1a: Incineroar|[spread] p1a\n|-activate|p1b: Sinistcha|move: Protect\n|-supereffective|p1a: Incineroar|1\n|-crit|p1a: Incineroar\n|-damage|p1a: Incineroar|0 fnt\n|faint|p1a: Incineroar\n|\n|-weather|Sandstorm|[upkeep]\n|-damage|p1b: Sinistcha|52/100|[from] Sandstorm\n|-damage|p2b: Farigiraf|1/100|[from] Sandstorm\n|upkeep\n|turn|11\n|\n|t:|1776145261\n|move|p2b: Farigiraf|Helping Hand|p2a: Tyranitar\n|-singleturn|p2a: Tyranitar|Helping Hand|[of] p2b: Farigiraf\n|move|p2a: Tyranitar|Crunch|p1b: Sinistcha\n|-supereffective|p1b: Sinistcha|1\n|-damage|p1b: Sinistcha|0 fnt\n|faint|p1b: Sinistcha\n|\n|win|Mentalsyndrome\n|raw|LudiKO's rating: 1205 &rarr; <strong>1183</strong><br />(-22 for losing)\n|raw|Mentalsyndrome's rating: 1246 &rarr; <strong>1268</strong><br />(+22 for winning)\n|l|\u2606LudiKO\n|player|p1|\n",
  "uploadtime": 1776145280,
  "views": 15,
  "formatid": "gen9championsvgc2026regma",
  "rating": 1183,
  "private": 0,
  "password": null
}