{
  "id": "gen9championsvgc2026regma-2585926540",
  "format": "[Gen 9 Champions] VGC 2026 Reg M-A",
  "players": [
    "LD000",
    "benjiapollo"
  ],
  "log": "|j|\u2606LD000\n|j|\u2606benjiapollo\n|t:|1776382121\n|gametype|doubles\n|player|p1|LD000|cynthia-gen4|1314\n|player|p2|benjiapollo|giovanni|1344\n|gen|9\n|tier|[Gen 9 Champions] VGC 2026 Reg M-A\n|rated|\n|rule|Species Clause: Limit one of each Pok\u00e9mon\n|rule|Item Clause: Limit 1 of each item\n|clearpoke\n|poke|p1|Meganium, L50, F|\n|poke|p1|Pelipper, L50, F|\n|poke|p1|Basculegion, L50, M|\n|poke|p1|Archaludon, L50, M|\n|poke|p1|Politoed, L50, M|\n|poke|p1|Rotom-Wash, L50|\n|poke|p2|Basculegion, L50, M|\n|poke|p2|Charizard, L50, M|\n|poke|p2|Kingambit, L50, M|\n|poke|p2|Sneasler, L50, M|\n|poke|p2|Venusaur, L50, F|\n|poke|p2|Talonflame, L50, F|\n|teampreview|4\n|inactive|Battle timer is ON: inactive players will automatically lose when time's up. (requested by LD000)\n|\n|t:|1776382150\n|teamsize|p1|4\n|teamsize|p2|4\n|start\n|switch|p1a: Meganium|Meganium, L50, F|100/100\n|switch|p1b: Rotom|Rotom-Wash, L50|100/100\n|switch|p2a: Talonflame|Talonflame, L50, F|100/100\n|switch|p2b: Charizard|Charizard, L50, M|100/100\n|turn|1\n|\n|t:|1776382168\n|detailschange|p2b: Charizard|Charizard-Mega-X, L50, M\n|-mega|p2b: Charizard|Charizard|Charizardite X\n|detailschange|p1a: Meganium|Meganium-Mega, L50, F\n|-mega|p1a: Meganium|Meganium|Meganiumite\n|move|p2a: Talonflame|Tailwind|p2a: Talonflame\n|-sidestart|p2: benjiapollo|move: Tailwind\n|move|p2b: Charizard|Dragon Claw|p1b: Rotom\n|-damage|p1b: Rotom|25/100\n|move|p1b: Rotom|Hydro Pump|p2a: Talonflame\n|-supereffective|p2a: Talonflame|1\n|-enditem|p2a: Talonflame|Focus Sash\n|-damage|p2a: Talonflame|1/100\n|move|p1a: Meganium|Weather Ball|p2b: Charizard\n|-resisted|p2b: Charizard|2\n|-damage|p2b: Charizard|81/100\n|\n|upkeep\n|turn|2\n|\n|t:|1776382192\n|move|p2a: Talonflame|Flare Blitz|p1a: Meganium\n|-supereffective|p1a: Meganium|1\n|-damage|p1a: Meganium|11/100\n|-damage|p2a: Talonflame|0 fnt|[from] Recoil\n|faint|p2a: Talonflame\n|move|p2b: Charizard|Dragon Claw|p1b: Rotom\n|-damage|p1b: Rotom|0 fnt\n|faint|p1b: Rotom\n|move|p1a: Meganium|Dazzling Gleam|p2b: Charizard\n|-damage|p2b: Charizard|16/100\n|\n|upkeep\n|\n|t:|1776382202\n|switch|p2a: Sneasler|Sneasler, L50, M|100/100\n|switch|p1b: Pelipper|Pelipper, L50, F|100/100\n|-weather|RainDance|[from] ability: Drizzle|[of] p1b: Pelipper\n|turn|3\n|\n|t:|1776382216\n|move|p1a: Meganium|Protect|p1a: Meganium\n|-singleturn|p1a: Meganium|Protect\n|move|p1b: Pelipper|Protect|p1b: Pelipper\n|-singleturn|p1b: Pelipper|Protect\n|move|p2a: Sneasler|Dire Claw|p1b: Pelipper\n|-activate|p1b: Pelipper|move: Protect\n|move|p2b: Charizard|Dragon Claw|p1b: Pelipper\n|-activate|p1b: Pelipper|move: Protect\n|\n|-weather|RainDance|[upkeep]\n|upkeep\n|turn|4\n|\n|t:|1776382236\n|move|p2a: Sneasler|Dire Claw|p1b: Pelipper\n|-damage|p1b: Pelipper|56/100\n|-status|p1b: Pelipper|psn\n|move|p2b: Charizard|Dragon Claw|p1b: Pelipper\n|-damage|p1b: Pelipper|5/100 psn\n|move|p1a: Meganium|Dazzling Gleam|p2b: Charizard|[spread] p2a,p2b\n|-damage|p2a: Sneasler|46/100\n|-damage|p2b: Charizard|0 fnt\n|faint|p2b: Charizard\n|move|p1b: Pelipper|Tailwind|p1b: Pelipper\n|-sidestart|p1: LD000|move: Tailwind\n|\n|-weather|RainDance|[upkeep]\n|-damage|p1b: Pelipper|0 fnt|[from] psn\n|faint|p1b: Pelipper\n|-sideend|p2: benjiapollo|move: Tailwind\n|upkeep\n|\n|t:|1776382250\n|switch|p2b: Basculegion|Basculegion, L50, M|100/100\n|switch|p1b: Basculegion|Basculegion, L50, M|100/100\n|turn|5\n|\n|t:|1776382264\n|move|p2b: Basculegion|Aqua Jet|p1a: Meganium\n|-resisted|p1a: Meganium|1\n|-damage|p1a: Meganium|0 fnt\n|faint|p1a: Meganium\n|move|p1b: Basculegion|Last Respects|p2b: Basculegion\n|-supereffective|p2b: Basculegion|1\n|-damage|p2b: Basculegion|0 fnt\n|faint|p2b: Basculegion\n|move|p2a: Sneasler|Dire Claw|p1b: Basculegion\n|-resisted|p1b: Basculegion|1\n|-damage|p1b: Basculegion|73/100\n|-status|p1b: Basculegion|par\n|\n|-weather|RainDance|[upkeep]\n|upkeep\n|turn|6\n|\n|t:|1776382278\n|move|p1b: Basculegion|Wave Crash|p2a: Sneasler\n|-damage|p2a: Sneasler|0 fnt\n|faint|p2a: Sneasler\n|-damage|p1b: Basculegion|61/100 par|[from] Recoil\n|\n|win|LD000\n|raw|LD000's rating: 1314 &rarr; <strong>1336</strong><br />(+22 for winning)\n|raw|benjiapollo's rating: 1344 &rarr; <strong>1322</strong><br />(-22 for losing)\n",
  "uploadtime": 1776382284,
  "views": 26,
  "formatid": "gen9championsvgc2026regma",
  "rating": 1322,
  "private": 0,
  "password": null
}