{
  "id": "gen9championsvgc2026regma-2588075100",
  "format": "[Gen 9 Champions] VGC 2026 Reg M-A",
  "players": [
    "ZeroPops",
    "NektarEloy"
  ],
  "log": "|j|\u2606ZeroPops\n|j|\u2606NektarEloy\n|t:|1776601335\n|gametype|doubles\n|player|p1|ZeroPops|102|1331\n|player|p2|NektarEloy|backpacker|1338\n|gen|9\n|tier|[Gen 9 Champions] VGC 2026 Reg M-A\n|rated|\n|rule|Species Clause: Limit one of each Pok\u00e9mon\n|rule|Item Clause: Limit 1 of each item\n|clearpoke\n|poke|p1|Gengar, L50, F|\n|poke|p1|Incineroar, L50, M|\n|poke|p1|Rotom-Wash, L50|\n|poke|p1|Whimsicott, L50, F|\n|poke|p1|Sneasler, L50, M|\n|poke|p1|Garchomp, L50, F|\n|poke|p2|Whimsicott, L50, F, shiny|\n|poke|p2|Garchomp, L50, M|\n|poke|p2|Kingambit, L50, F|\n|poke|p2|Delphox, L50, F, shiny|\n|poke|p2|Meganium, L50, F|\n|poke|p2|Basculegion, L50, M, shiny|\n|teampreview|4\n|\n|t:|1776601370\n|teamsize|p1|4\n|teamsize|p2|4\n|start\n|switch|p1a: Gengar|Gengar, L50, F|100/100\n|switch|p1b: Sneasler|Sneasler, L50, M|100/100\n|switch|p2a: Loptr|Whimsicott, L50, F, shiny|100/100\n|switch|p2b: Lola|Delphox, L50, F, shiny|100/100\n|turn|1\n|\n|t:|1776601392\n|detailschange|p1a: Gengar|Gengar-Mega, L50, F\n|-mega|p1a: Gengar|Gengar|Gengarite\n|detailschange|p2b: Lola|Delphox-Mega, L50, F, shiny\n|-mega|p2b: Lola|Delphox|Delphoxite\n|move|p1b: Sneasler|Fake Out|p2b: Lola\n|-damage|p2b: Lola|81/100\n|move|p2a: Loptr|Tailwind|p2a: Loptr\n|-sidestart|p2: NektarEloy|move: Tailwind\n|cant|p2b: Lola|flinch\n|move|p1a: Gengar|Sludge Bomb|p2a: Loptr\n|-supereffective|p2a: Loptr|2\n|-enditem|p2a: Loptr|Focus Sash\n|-damage|p2a: Loptr|1/100\n|\n|upkeep\n|turn|2\n|\n|t:|1776601412\n|switch|p1a: Incineroar|Incineroar, L50, M|100/100\n|-ability|p1a: Incineroar|Intimidate|boost\n|-unboost|p2a: Loptr|atk|1\n|-unboost|p2b: Lola|atk|1\n|move|p1b: Sneasler|Protect|p1b: Sneasler\n|-singleturn|p1b: Sneasler|Protect\n|move|p2a: Loptr|Encore|p1b: Sneasler\n|-activate|p1b: Sneasler|move: Protect\n|move|p2b: Lola|Psyshock|p1a: Incineroar\n|-immune|p1a: Incineroar\n|\n|upkeep\n|turn|3\n|\n|t:|1776601428\n|switch|p1b: Rotom|Rotom-Wash, L50|100/100\n|move|p2a: Loptr|Protect|p2a: Loptr\n|-singleturn|p2a: Loptr|Protect\n|move|p2b: Lola|Focus Blast|p1a: Incineroar\n|-supereffective|p1a: Incineroar|1\n|-damage|p1a: Incineroar|5/100\n|move|p1a: Incineroar|Throat Chop|p2b: Lola\n|-supereffective|p2b: Lola|1\n|-damage|p2b: Lola|0 fnt\n|faint|p2b: Lola\n|\n|upkeep\n|\n|t:|1776601443\n|switch|p2b: Basculegion|Basculegion, L50, M, shiny|100/100\n|turn|4\n|c|\u2606ZeroPops|Wow. Focus blast\n|\n|t:|1776601462\n|switch|p1a: Sneasler|Sneasler, L50, M|100/100\n|move|p2b: Basculegion|Flip Turn|p1a: Sneasler\n|-crit|p1a: Sneasler\n|-damage|p1a: Sneasler|8/100\n|\n|t:|1776601468\n|switch|p2b: Tom\u00e1s|Garchomp, L50, M|100/100|[from] Flip Turn\n|move|p2a: Loptr|Moonblast|p1b: Rotom\n|-damage|p1b: Rotom|60/100\n|move|p1b: Rotom|Volt Switch|p2b: Tom\u00e1s\n|-immune|p2b: Tom\u00e1s\n|\n|-sideend|p2: NektarEloy|move: Tailwind\n|upkeep\n|turn|5\n|\n|t:|1776601496\n|switch|p1a: Incineroar|Incineroar, L50, M|5/100\n|-ability|p1a: Incineroar|Intimidate|boost\n|-unboost|p2a: Loptr|atk|1\n|-unboost|p2b: Tom\u00e1s|atk|1\n|move|p2a: Loptr|Protect|p2a: Loptr\n|-singleturn|p2a: Loptr|Protect\n|move|p2b: Tom\u00e1s|Earthquake|p1b: Rotom|[spread] p1a\n|-activate|p2a: Loptr|move: Protect\n|-immune|p1b: Rotom|[from] ability: Levitate\n|-supereffective|p1a: Incineroar|1\n|-enditem|p1a: Incineroar|Shuca Berry|[eat]\n|-enditem|p1a: Incineroar|Shuca Berry|[weaken]\n|-damage|p1a: Incineroar|0 fnt\n|faint|p1a: Incineroar\n|move|p1b: Rotom|Will-O-Wisp|p2b: Tom\u00e1s|[miss]\n|-miss|p1b: Rotom|p2b: Tom\u00e1s\n|\n|upkeep\n|\n|t:|1776601510\n|switch|p1a: Sneasler|Sneasler, L50, M|8/100\n|turn|6\n|c|\u2606ZeroPops|Wonderful\n|\n|t:|1776601529\n|switch|p2a: Basculegion|Basculegion, L50, M, shiny|100/100\n|move|p1a: Sneasler|Fake Out|p2a: Basculegion\n|-immune|p2a: Basculegion\n|move|p2b: Tom\u00e1s|Swords Dance|p2b: Tom\u00e1s\n|-boost|p2b: Tom\u00e1s|atk|2\n|move|p1b: Rotom|Will-O-Wisp|p2b: Tom\u00e1s|[miss]\n|-miss|p1b: Rotom|p2b: Tom\u00e1s\n|\n|upkeep\n|turn|7\n|c|\u2606ZeroPops|Kill me\n|\n|t:|1776601546\n|move|p2a: Basculegion|Flip Turn|p1a: Sneasler\n|-crit|p1a: Sneasler\n|-damage|p1a: Sneasler|0 fnt\n|faint|p1a: Sneasler\n|\n|t:|1776601551\n|switch|p2a: Loptr|Whimsicott, L50, F, shiny|1/100|[from] Flip Turn\n|move|p2b: Tom\u00e1s|Rock Slide|p1b: Rotom\n|-damage|p1b: Rotom|28/100\n|-enditem|p1b: Rotom|Sitrus Berry|[eat]\n|-heal|p1b: Rotom|53/100|[from] item: Sitrus Berry\n|move|p1b: Rotom|Will-O-Wisp|p2a: Loptr\n|-status|p2a: Loptr|brn\n|\n|-damage|p2a: Loptr|0 fnt|[from] brn\n|faint|p2a: Loptr\n|upkeep\n|-message|ZeroPops forfeited.\n|\n|win|NektarEloy\n|raw|ZeroPops's rating: 1331 &rarr; <strong>1311</strong><br />(-20 for losing)\n|raw|NektarEloy's rating: 1338 &rarr; <strong>1358</strong><br />(+20 for winning)\n",
  "uploadtime": 1776601561,
  "views": 12,
  "formatid": "gen9championsvgc2026regma",
  "rating": 1311,
  "private": 0,
  "password": null
}