{
  "id": "gen9championsvgc2026regma-2582918510",
  "format": "[Gen 9 Champions] VGC 2026 Reg M-A",
  "players": [
    "Hiat6578",
    "guille_arf"
  ],
  "log": "|j|\u2606Hiat6578\n|j|\u2606guille_arf\n|t:|1776124910\n|gametype|doubles\n|player|p1|Hiat6578|fisherman-gen4|1109\n|player|p2|guille_arf|nate|1077\n|gen|9\n|tier|[Gen 9 Champions] VGC 2026 Reg M-A\n|rated|\n|rule|Species Clause: Limit one of each Pok\u00e9mon\n|rule|Item Clause: Limit 1 of each item\n|clearpoke\n|poke|p1|Venusaur, L50, M|\n|poke|p1|Sneasler, L50, M|\n|poke|p1|Kingambit, L50, M|\n|poke|p1|Whimsicott, L50, M|\n|poke|p1|Rotom-Wash, L50|\n|poke|p1|Archaludon, L50, F|\n|poke|p2|Charizard, L50, M|\n|poke|p2|Sneasler, L50, M|\n|poke|p2|Kingambit, L50, M|\n|poke|p2|Whimsicott, L50, M|\n|poke|p2|Maushold-Four, L50|\n|poke|p2|Garchomp, L50, M|\n|teampreview|4\n|inactive|Battle timer is ON: inactive players will automatically lose when time's up. (requested by Hiat6578)\nHiat6578 rejected open team sheets.\n|\n|t:|1776124940\n|teamsize|p1|4\n|teamsize|p2|4\n|start\n|switch|p1a: Venusaur|Venusaur, L50, M|100/100\n|switch|p1b: Whimsicott|Whimsicott, L50, M|100/100\n|switch|p2a: Maushold|Maushold-Four, L50|100/100\n|switch|p2b: Garchomp|Garchomp, L50, M|100/100\n|turn|1\n|inactive|Hiat6578 has 30 seconds left.\n|\n|t:|1776124971\n|switch|p2b: Charizard|Charizard, L50, M, shiny|100/100\n|detailschange|p1a: Venusaur|Venusaur-Mega, L50, M\n|-mega|p1a: Venusaur|Venusaur|Venusaurite\n|move|p2a: Maushold|Follow Me|p2a: Maushold\n|-singleturn|p2a: Maushold|move: Follow Me\n|move|p1b: Whimsicott|Tailwind|p1b: Whimsicott\n|-sidestart|p1: Hiat6578|move: Tailwind\n|move|p1a: Venusaur|Sleep Powder|p2a: Maushold\n|-status|p2a: Maushold|slp|[from] move: Sleep Powder\n|\n|upkeep\n|turn|2\n|\n|t:|1776124989\n|detailschange|p2b: Charizard|Charizard-Mega-Y, L50, M, shiny\n|-mega|p2b: Charizard|Charizard|Charizardite Y\n|-weather|SunnyDay|[from] ability: Drought|[of] p2b: Charizard\n|cant|p2a: Maushold|slp\n|move|p1b: Whimsicott|Light Screen|p1b: Whimsicott\n|-sidestart|p1: Hiat6578|move: Light Screen\n|move|p1a: Venusaur|Sleep Powder|p2b: Charizard|[miss]\n|-miss|p1a: Venusaur|p2b: Charizard\n|move|p2b: Charizard|Heat Wave|p1a: Venusaur|[spread] p1b\n|-miss|p2b: Charizard|p1a: Venusaur\n|-supereffective|p1b: Whimsicott|1\n|-enditem|p1b: Whimsicott|Focus Sash\n|-damage|p1b: Whimsicott|1/100\n|\n|-weather|SunnyDay|[upkeep]\n|upkeep\n|turn|3\n|\n|t:|1776125013\n|move|p2b: Charizard|Protect|p2b: Charizard\n|-singleturn|p2b: Charizard|Protect\n|-curestatus|p2a: Maushold|slp|[msg]\n|move|p2a: Maushold|Follow Me|p2a: Maushold\n|-singleturn|p2a: Maushold|move: Follow Me\n|move|p1b: Whimsicott|Encore|p2a: Maushold\n|-start|p2a: Maushold|Encore\n|move|p1a: Venusaur|Sleep Powder|p2a: Maushold\n|-status|p2a: Maushold|slp|[from] move: Sleep Powder\n|\n|-weather|SunnyDay|[upkeep]\n|upkeep\n|turn|4\n|\n|t:|1776125035\n|cant|p2a: Maushold|slp\n|move|p1b: Whimsicott|Moonblast|p2b: Charizard\n|-resisted|p2b: Charizard|1\n|-damage|p2b: Charizard|88/100\n|move|p1a: Venusaur|Sleep Powder|p2b: Charizard\n|-status|p2b: Charizard|slp|[from] move: Sleep Powder\n|cant|p2b: Charizard|slp\n|\n|-weather|SunnyDay|[upkeep]\n|-sideend|p1: Hiat6578|move: Tailwind\n|upkeep\n|turn|5\n|\n|t:|1776125057\n|-curestatus|p2a: Maushold|slp|[msg]\n|move|p2a: Maushold|Follow Me|p2a: Maushold\n|-singleturn|p2a: Maushold|move: Follow Me\n|move|p1b: Whimsicott|Tailwind|p1b: Whimsicott\n|-sidestart|p1: Hiat6578|move: Tailwind\n|move|p1a: Venusaur|Leech Seed|p2a: Maushold\n|-start|p2a: Maushold|move: Leech Seed\n|cant|p2b: Charizard|slp\n|\n|-weather|SunnyDay|[upkeep]\n|-damage|p2a: Maushold|88/100|[from] Leech Seed|[of] p1a: Venusaur\n|upkeep\n|turn|6\n|\n|t:|1776125081\n|move|p2a: Maushold|Follow Me|p2a: Maushold\n|-singleturn|p2a: Maushold|move: Follow Me\n|move|p1b: Whimsicott|Moonblast|p2a: Maushold\n|-damage|p2a: Maushold|45/100\n|move|p1a: Venusaur|Sleep Powder|p2a: Maushold\n|-status|p2a: Maushold|slp|[from] move: Sleep Powder\n|-curestatus|p2b: Charizard|slp|[msg]\n|move|p2b: Charizard|Heat Wave|p1a: Venusaur|[spread] p1a\n|-miss|p2b: Charizard|p1b: Whimsicott\n|-supereffective|p1a: Venusaur|1\n|-damage|p1a: Venusaur|68/100\n|\n|-weather|none\n|-damage|p2a: Maushold|33/100 slp|[from] Leech Seed|[of] p1a: Venusaur\n|-heal|p1a: Venusaur|80/100|[silent]\n|-end|p2a: Maushold|Encore\n|-sideend|p1: Hiat6578|move: Light Screen\n|upkeep\n|turn|7\n|\n|t:|1776125105\n|move|p2b: Charizard|Protect|p2b: Charizard\n|-singleturn|p2b: Charizard|Protect\n|cant|p2a: Maushold|slp\n|move|p1b: Whimsicott|Light Screen|p1b: Whimsicott\n|-sidestart|p1: Hiat6578|move: Light Screen\n|move|p1a: Venusaur|Sleep Powder|p2b: Charizard\n|-activate|p2b: Charizard|move: Protect\n|\n|-damage|p2a: Maushold|20/100 slp|[from] Leech Seed|[of] p1a: Venusaur\n|-heal|p1a: Venusaur|92/100|[silent]\n|upkeep\n|turn|8\n|\n|t:|1776125118\n|-curestatus|p2a: Maushold|slp|[msg]\n|move|p2a: Maushold|Follow Me|p2a: Maushold\n|-singleturn|p2a: Maushold|move: Follow Me\n|move|p1b: Whimsicott|Encore|p2a: Maushold\n|-start|p2a: Maushold|Encore\n|move|p1a: Venusaur|Sleep Powder|p2a: Maushold\n|-status|p2a: Maushold|slp|[from] move: Sleep Powder\n|move|p2b: Charizard|Heat Wave|p1a: Venusaur|[spread] p1a,p1b\n|-supereffective|p1a: Venusaur|1\n|-crit|p1a: Venusaur\n|-supereffective|p1b: Whimsicott|1\n|-damage|p1a: Venusaur|49/100\n|-damage|p1b: Whimsicott|0 fnt\n|faint|p1b: Whimsicott\n|\n|-damage|p2a: Maushold|8/100 slp|[from] Leech Seed|[of] p1a: Venusaur\n|-heal|p1a: Venusaur|61/100|[silent]\n|-sideend|p1: Hiat6578|move: Tailwind\n|upkeep\n|\n|t:|1776125133\n|switch|p1b: Rotom|Rotom-Wash, L50, shiny|100/100\n|turn|9\n|\n|t:|1776125142\n|cant|p2a: Maushold|slp\n|move|p2b: Charizard|Overheat|p1a: Venusaur\n|-supereffective|p1a: Venusaur|1\n|-damage|p1a: Venusaur|22/100\n|-unboost|p2b: Charizard|spa|2\n|move|p1b: Rotom|Thunderbolt|p2b: Charizard\n|-supereffective|p2b: Charizard|1\n|-damage|p2b: Charizard|17/100\n|move|p1a: Venusaur|Synthesis|p1a: Venusaur\n|-heal|p1a: Venusaur|72/100\n|\n|-damage|p2a: Maushold|0 fnt|[from] Leech Seed|[of] p1a: Venusaur\n|-heal|p1a: Venusaur|79/100|[silent]\n|faint|p2a: Maushold\n|upkeep\n|\n|t:|1776125156\n|switch|p2a: Whimsicott|Whimsicott, L50, M|100/100\n|turn|10\n|\n|t:|1776125167\n|move|p1a: Venusaur|Protect|p1a: Venusaur\n|-singleturn|p1a: Venusaur|Protect\n|move|p2a: Whimsicott|Sunny Day|p2a: Whimsicott\n|-weather|SunnyDay\n|move|p2b: Charizard|Heat Wave|p1a: Venusaur|[spread] p1b\n|-activate|p1a: Venusaur|move: Protect\n|-resisted|p1b: Rotom|1\n|-damage|p1b: Rotom|89/100\n|move|p1b: Rotom|Thunderbolt|p2b: Charizard\n|-supereffective|p2b: Charizard|1\n|-damage|p2b: Charizard|0 fnt\n|faint|p2b: Charizard\n|\n|-weather|SunnyDay|[upkeep]\n|upkeep\n|\n|t:|1776125181\n|switch|p2b: Garchomp|Garchomp, L50, M|100/100\n|turn|11\n|\n|t:|1776125205\n|move|p2a: Whimsicott|Tailwind|p2a: Whimsicott\n|-sidestart|p2: guille_arf|move: Tailwind\n|move|p2b: Garchomp|Dragon Claw|p1b: Rotom\n|-damage|p1b: Rotom|28/100\n|move|p1b: Rotom|Hydro Pump|p2b: Garchomp\n|-damage|p2b: Garchomp|74/100\n|move|p1a: Venusaur|Sleep Powder|p2b: Garchomp\n|-status|p2b: Garchomp|slp|[from] move: Sleep Powder\n|\n|-weather|SunnyDay|[upkeep]\n|-sideend|p1: Hiat6578|move: Light Screen\n|upkeep\n|turn|12\n|\n|t:|1776125223\n|move|p2a: Whimsicott|Helping Hand|p2b: Garchomp\n|-singleturn|p2b: Garchomp|Helping Hand|[of] p2a: Whimsicott\n|cant|p2b: Garchomp|slp\n|move|p1b: Rotom|Hydro Pump|p2b: Garchomp\n|-damage|p2b: Garchomp|48/100 slp\n|move|p1a: Venusaur|Leech Seed|p2b: Garchomp\n|-start|p2b: Garchomp|move: Leech Seed\n|\n|-weather|SunnyDay|[upkeep]\n|-damage|p2b: Garchomp|35/100 slp|[from] Leech Seed|[of] p1a: Venusaur\n|-heal|p1a: Venusaur|91/100|[silent]\n|upkeep\n|turn|13\n|inactive|Hiat6578 has 30 seconds left.\n|\n|t:|1776125251\n|move|p2a: Whimsicott|Helping Hand|p2b: Garchomp\n|-singleturn|p2b: Garchomp|Helping Hand|[of] p2a: Whimsicott\n|cant|p2b: Garchomp|slp\n|move|p1b: Rotom|Hydro Pump|p2a: Whimsicott\n|-resisted|p2a: Whimsicott|1\n|-damage|p2a: Whimsicott|84/100\n|move|p1a: Venusaur|Synthesis|p1a: Venusaur\n|-heal|p1a: Venusaur|100/100\n|\n|-weather|SunnyDay|[upkeep]\n|-damage|p2b: Garchomp|23/100 slp|[from] Leech Seed|[of] p1a: Venusaur\n|upkeep\n|turn|14\n|\n|t:|1776125270\n|move|p2a: Whimsicott|Helping Hand|p2b: Garchomp\n|-singleturn|p2b: Garchomp|Helping Hand|[of] p2a: Whimsicott\n|move|p1a: Venusaur|Protect|p1a: Venusaur\n|-singleturn|p1a: Venusaur|Protect\n|-curestatus|p2b: Garchomp|slp|[msg]\n|move|p2b: Garchomp|Dragon Claw|p1b: Rotom\n|-damage|p1b: Rotom|0 fnt\n|faint|p1b: Rotom\n|\n|-weather|none\n|-damage|p2b: Garchomp|10/100|[from] Leech Seed|[of] p1a: Venusaur\n|-sideend|p2: guille_arf|move: Tailwind\n|upkeep\n|\n|t:|1776125281\n|switch|p1b: Archaludon|Archaludon, L50, F|100/100\n|turn|15\n|\n|t:|1776125291\n|move|p2a: Whimsicott|Helping Hand|p2b: Garchomp\n|-singleturn|p2b: Garchomp|Helping Hand|[of] p2a: Whimsicott\n|move|p1a: Venusaur|Protect|p1a: Venusaur\n|-singleturn|p1a: Venusaur|Protect\n|move|p2b: Garchomp|Dragon Claw|p1b: Archaludon\n|-damage|p1b: Archaludon|52/100\n|move|p1b: Archaludon|Flash Cannon|p2a: Whimsicott\n|-supereffective|p2a: Whimsicott|1\n|-damage|p2a: Whimsicott|0 fnt\n|faint|p2a: Whimsicott\n|\n|-damage|p2b: Garchomp|0 fnt|[from] Leech Seed|[of] p1a: Venusaur\n|faint|p2b: Garchomp\n|\n|win|Hiat6578\n|raw|Hiat6578's rating: 1109 &rarr; <strong>1132</strong><br />(+23 for winning)\n|raw|guille_arf's rating: 1077 &rarr; <strong>1057</strong><br />(-20 for losing)\n",
  "uploadtime": 1776125304,
  "views": 12,
  "formatid": "gen9championsvgc2026regma",
  "rating": 1057,
  "private": 0,
  "password": null
}