{
  "id": "gen9championsvgc2026regma-2581746588",
  "format": "[Gen 9 Champions] VGC 2026 Reg M-A",
  "players": [
    "sirae",
    "Pyro117"
  ],
  "log": "|j|\u2606sirae\n|j|\u2606Pyro117\n|t:|1776025243\n|gametype|doubles\n|player|p1|sirae|caitlin|1155\n|player|p2|Pyro117|hilbert-wonderlauncher|1106\n|gen|9\n|tier|[Gen 9 Champions] VGC 2026 Reg M-A\n|rated|\n|rule|Species Clause: Limit one of each Pok\u00e9mon\n|rule|Item Clause: Limit 1 of each item\n|clearpoke\n|poke|p1|Floette-Eternal, L50, F|\n|poke|p1|Sylveon, L50, F|\n|poke|p1|Tyranitar, L50, F|\n|poke|p1|Excadrill, L50, F|\n|poke|p1|Sableye, L50, F|\n|poke|p1|Incineroar, L50, F|\n|poke|p2|Feraligatr, L50, F|\n|poke|p2|Pelipper, L50, M|\n|poke|p2|Sneasler, L50, F|\n|poke|p2|Sinistcha-Masterpiece, L50|\n|poke|p2|Incineroar, L50, M|\n|poke|p2|Archaludon, L50, F|\n|teampreview|4\n|inactive|Battle timer is ON: inactive players will automatically lose when time's up. (requested by sirae)\n|\n|t:|1776025268\n|teamsize|p1|4\n|teamsize|p2|4\n|start\n|switch|p1a: the only one|Sableye, L50, F|100/100\n|switch|p1b: 1# Best pokemon|Incineroar, L50, F|100/100\n|switch|p2a: Incineroar|Incineroar, L50, M, shiny|100/100\n|switch|p2b: Pelipper|Pelipper, L50, M|100/100\n|-weather|RainDance|[from] ability: Drizzle|[of] p2b: Pelipper\n|-ability|p2a: Incineroar|Intimidate|boost\n|-unboost|p1a: the only one|atk|1\n|-unboost|p1b: 1# Best pokemon|atk|1\n|-ability|p1b: 1# Best pokemon|Intimidate|boost\n|-unboost|p2a: Incineroar|atk|1\n|-unboost|p2b: Pelipper|atk|1\n|-enditem|p1b: 1# Best pokemon|White Herb\n|-clearnegativeboost|p1b: 1# Best pokemon|[silent]\n|turn|1\n|\n|t:|1776025288\n|move|p2a: Incineroar|Fake Out|p1b: 1# Best pokemon\n|-damage|p1b: 1# Best pokemon|93/100\n|move|p1a: the only one|Fake Out|p2b: Pelipper\n|-crit|p2b: Pelipper\n|-damage|p2b: Pelipper|85/100\n|cant|p2b: Pelipper|flinch\n|cant|p1b: 1# Best pokemon|flinch\n|\n|-weather|RainDance|[upkeep]\n|upkeep\n|turn|2\n|\n|t:|1776025305\n|move|p1a: the only one|Taunt|p2b: Pelipper\n|-start|p2b: Pelipper|move: Taunt\n|cant|p2b: Pelipper|move: Taunt|Tailwind\n|move|p2a: Incineroar|Parting Shot|p1a: the only one\n|-unboost|p1a: the only one|atk|1\n|-unboost|p1a: the only one|spa|1\n|\n|t:|1776025316\n|switch|p2a: Archaludon|Archaludon, L50, F|100/100|[from] Parting Shot\n|move|p1b: 1# Best pokemon|Parting Shot|p2b: Pelipper\n|-unboost|p2b: Pelipper|atk|1\n|-unboost|p2b: Pelipper|spa|1\n|\n|t:|1776025320\n|switch|p1b: Just this once|Floette-Eternal, L50, F|100/100|[from] Parting Shot\n|\n|-weather|RainDance|[upkeep]\n|upkeep\n|turn|3\n|\n|t:|1776025342\n|switch|p1b: 1# Best pokemon|Incineroar, L50, F|93/100\n|-ability|p1b: 1# Best pokemon|Intimidate|boost\n|-unboost|p2a: Archaludon|atk|1\n|-unboost|p2b: Pelipper|atk|1\n|switch|p2b: Incineroar|Incineroar, L50, M, shiny|100/100\n|-ability|p2b: Incineroar|Intimidate|boost\n|-unboost|p1a: the only one|atk|1\n|-unboost|p1b: 1# Best pokemon|atk|1\n|move|p1a: the only one|Light Screen|p1a: the only one\n|-sidestart|p1: sirae|move: Light Screen\n|move|p2a: Archaludon|Flash Cannon|p1b: 1# Best pokemon\n|-resisted|p1b: 1# Best pokemon|1\n|-damage|p1b: 1# Best pokemon|79/100\n|\n|-weather|RainDance|[upkeep]\n|upkeep\n|turn|4\n|inactive|sirae has 30 seconds left.\n|inactive|Pyro117 has 30 seconds left.\n|\n|t:|1776025371\n|move|p2b: Incineroar|Fake Out|p1b: 1# Best pokemon\n|-damage|p1b: 1# Best pokemon|68/100\n|cant|p1b: 1# Best pokemon|flinch\n|move|p1a: the only one|Taunt|p2a: Archaludon\n|-start|p2a: Archaludon|move: Taunt\n|move|p2a: Archaludon|Electro Shot||[still]\n|-prepare|p2a: Archaludon|Electro Shot\n|-boost|p2a: Archaludon|spa|1\n|-anim|p2a: Archaludon|Electro Shot|p1a: the only one\n|-damage|p1a: the only one|50/100\n|\n|-weather|RainDance|[upkeep]\n|upkeep\n|turn|5\n|\n|t:|1776025394\n|switch|p1b: Just this once|Floette-Eternal, L50, F|100/100\n|switch|p1a: Transgender|Sylveon, L50, F|100/100\n|move|p2a: Archaludon|Dragon Pulse|p1b: Just this once\n|-immune|p1b: Just this once\n|move|p2b: Incineroar|Throat Chop|p1a: Transgender\n|-resisted|p1a: Transgender|1\n|-damage|p1a: Transgender|78/100\n|-start|p1a: Transgender|Throat Chop|[silent]\n|\n|-weather|none\n|upkeep\n|turn|6\n|inactive|sirae has 30 seconds left.\n|\n|t:|1776025421\n|detailschange|p1b: Just this once|Floette-Mega, L50, F\n|-mega|p1b: Just this once|Floette|Floettite\n|-ability|p1b: Just this once|Fairy Aura\n|move|p1b: Just this once|Helping Hand|p1a: Transgender\n|-singleturn|p1a: Transgender|Helping Hand|[of] p1b: Just this once\n|move|p1a: Transgender|Hyper Beam|p2a: Archaludon\n|-damage|p2a: Archaludon|0 fnt\n|-mustrecharge|p1a: Transgender\n|faint|p2a: Archaludon\n|move|p2b: Incineroar|Parting Shot|p1a: Transgender\n|-unboost|p1a: Transgender|atk|1\n|-unboost|p1a: Transgender|spa|1\n|\n|t:|1776025434\n|switch|p2b: Pelipper|Pelipper, L50, M|85/100|[from] Parting Shot\n|-weather|RainDance|[from] ability: Drizzle|[of] p2b: Pelipper\n|\n|-weather|RainDance|[upkeep]\n|-end|p1a: Transgender|Throat Chop|[silent]\n|upkeep\n|\n|t:|1776025441\n|switch|p2a: Incineroar|Incineroar, L50, M, shiny|100/100\n|-ability|p2a: Incineroar|Intimidate|boost\n|-unboost|p1a: Transgender|atk|1\n|-unboost|p1b: Just this once|atk|1\n|turn|7\n|\n|t:|1776025463\n|switch|p1b: 1# Best pokemon|Incineroar, L50, F|68/100\n|-ability|p1b: 1# Best pokemon|Intimidate|boost\n|-unboost|p2a: Incineroar|atk|1\n|-unboost|p2b: Pelipper|atk|1\n|move|p2a: Incineroar|Fake Out|p1a: Transgender\n|-damage|p1a: Transgender|67/100\n|cant|p1a: Transgender|recharge\n|move|p2b: Pelipper|Tailwind|p2b: Pelipper\n|-sidestart|p2: Pyro117|move: Tailwind\n|\n|-weather|RainDance|[upkeep]\n|-sideend|p1: sirae|move: Light Screen\n|upkeep\n|turn|8\n|\n|t:|1776025483\n|move|p1b: 1# Best pokemon|Fake Out|p2b: Pelipper\n|-damage|p2b: Pelipper|65/100\n|cant|p2b: Pelipper|flinch\n|move|p2a: Incineroar|Parting Shot|p1a: Transgender\n|-unboost|p1a: Transgender|atk|1\n|-unboost|p1a: Transgender|spa|1\n|\n|t:|1776025490\n|switch|p2a: Feraligatr|Feraligatr, L50, F|100/100|[from] Parting Shot\n|move|p1a: Transgender|Hyper Beam|p2b: Pelipper\n|-damage|p2b: Pelipper|0 fnt\n|-mustrecharge|p1a: Transgender\n|faint|p2b: Pelipper\n|\n|-weather|RainDance|[upkeep]\n|upkeep\n|\n|t:|1776025500\n|switch|p2b: Incineroar|Incineroar, L50, M, shiny|100/100\n|-ability|p2b: Incineroar|Intimidate|boost\n|-unboost|p1a: Transgender|atk|1\n|-unboost|p1b: 1# Best pokemon|atk|1\n|turn|9\n|\n|t:|1776025520\n|switch|p1b: the only one|Sableye, L50, F|50/100\n|detailschange|p2a: Feraligatr|Feraligatr-Mega, L50, F\n|-mega|p2a: Feraligatr|Feraligatr|Feraligite\n|move|p2b: Incineroar|Fake Out|p1b: the only one\n|-immune|p1b: the only one\n|move|p2a: Feraligatr|Liquidation|p1a: Transgender\n|-damage|p1a: Transgender|0 fnt\n|faint|p1a: Transgender\n|\n|-weather|RainDance|[upkeep]\n|upkeep\n|\n|t:|1776025532\n|switch|p1a: Just this once|Floette-Mega, L50, F|100/100\n|-ability|p1a: Just this once|Fairy Aura\n|turn|10\n|\n|t:|1776025546\n|move|p1b: the only one|Fake Out|p2a: Feraligatr\n|-damage|p2a: Feraligatr|94/100\n|cant|p2a: Feraligatr|flinch\n|move|p2b: Incineroar|Flare Blitz|p1a: Just this once\n|-damage|p1a: Just this once|76/100\n|-damage|p2b: Incineroar|95/100|[from] Recoil\n|move|p1a: Just this once|Moonblast|p2a: Feraligatr\n|-supereffective|p2a: Feraligatr|1\n|-damage|p2a: Feraligatr|0 fnt\n|faint|p2a: Feraligatr\n|\n|-weather|none\n|-sideend|p2: Pyro117|move: Tailwind\n|upkeep\n|turn|11\n|-message|Pyro117 forfeited.\n|\n|win|sirae\n|raw|sirae's rating: 1155 &rarr; <strong>1176</strong><br />(+21 for winning)\n|raw|Pyro117's rating: 1106 &rarr; <strong>1085</strong><br />(-21 for losing)\n|l|\u2606Pyro117\n|player|p2|\n",
  "uploadtime": 1776025567,
  "views": 14,
  "formatid": "gen9championsvgc2026regma",
  "rating": 1085,
  "private": 0,
  "password": null
}