{
  "id": "gen9championsvgc2026regma-2581465431",
  "format": "[Gen 9 Champions] VGC 2026 Reg M-A",
  "players": [
    "Logan Helfield",
    "emiyaemiya"
  ],
  "log": "|j|\u2606Logan Helfield\n|j|\u2606emiyaemiya\n|t:|1776003047\n|gametype|doubles\n|player|p1|Logan Helfield|riley|1156\n|player|p2|emiyaemiya|1|1144\n|gen|9\n|tier|[Gen 9 Champions] VGC 2026 Reg M-A\n|rated|\n|rule|Species Clause: Limit one of each Pok\u00e9mon\n|rule|Item Clause: Limit 1 of each item\n|clearpoke\n|poke|p1|Scovillain, L50, M|\n|poke|p1|Kingambit, L50, F|\n|poke|p1|Milotic, L50, M|\n|poke|p1|Tyranitar, L50, F|\n|poke|p1|Incineroar, L50, M|\n|poke|p1|Sneasler, L50, M|\n|poke|p2|Gengar, L50, M|\n|poke|p2|Whimsicott, L50, M|\n|poke|p2|Tyranitar, L50, F|\n|poke|p2|Incineroar, L50, M|\n|poke|p2|Kommo-o, L50, M|\n|poke|p2|Sinistcha-Masterpiece, L50|\n|teampreview|4\n|\n|t:|1776003079\n|teamsize|p1|4\n|teamsize|p2|4\n|start\n|switch|p1a: Scovillain|Scovillain, L50, M|100/100\n|switch|p1b: Kingambit|Kingambit, L50, F|100/100\n|switch|p2a: Gengar|Gengar, L50, M|100/100\n|switch|p2b: Incineroar|Incineroar, L50, M|100/100\n|-ability|p2b: Incineroar|Intimidate|boost\n|-unboost|p1a: Scovillain|atk|1\n|-unboost|p1b: Kingambit|atk|1\n|-ability|p1b: Kingambit|Defiant|boost\n|-boost|p1b: Kingambit|atk|2\n|turn|1\n|\n|t:|1776003094\n|detailschange|p2a: Gengar|Gengar-Mega, L50, M\n|-mega|p2a: Gengar|Gengar|Gengarite\n|move|p1a: Scovillain|Protect|p1a: Scovillain\n|-singleturn|p1a: Scovillain|Protect\n|move|p1b: Kingambit|Protect|p1b: Kingambit\n|-singleturn|p1b: Kingambit|Protect\n|move|p2b: Incineroar|Fake Out|p1b: Kingambit\n|-activate|p1b: Kingambit|move: Protect\n|move|p2a: Gengar|Perish Song|p2a: Gengar\n|-start|p1a: Scovillain|perish3|[silent]\n|-start|p1b: Kingambit|perish3|[silent]\n|-start|p2a: Gengar|perish3|[silent]\n|-start|p2b: Incineroar|perish3|[silent]\n|-fieldactivate|move: Perish Song\n|\n|-start|p2a: Gengar|perish3\n|-start|p1a: Scovillain|perish3\n|-start|p2b: Incineroar|perish3\n|-start|p1b: Kingambit|perish3\n|upkeep\n|turn|2\n|\n|t:|1776003118\n|detailschange|p1a: Scovillain|Scovillain-Mega, L50, M\n|-mega|p1a: Scovillain|Scovillain|Scovillainite\n|move|p2a: Gengar|Protect|p2a: Gengar\n|-singleturn|p2a: Gengar|Protect\n|move|p2b: Incineroar|Protect|p2b: Incineroar\n|-singleturn|p2b: Incineroar|Protect\n|move|p1a: Scovillain|Flamethrower|p2a: Gengar\n|-activate|p2a: Gengar|move: Protect\n|move|p1b: Kingambit|Low Kick|p2b: Incineroar\n|-activate|p2b: Incineroar|move: Protect\n|\n|-start|p2a: Gengar|perish2\n|-start|p1a: Scovillain|perish2\n|-start|p2b: Incineroar|perish2\n|-start|p1b: Kingambit|perish2\n|upkeep\n|turn|3\n|\n|t:|1776003145\n|switch|p2a: Kommo-o|Kommo-o, L50, M|100/100\n|move|p1a: Scovillain|Leech Seed|p2b: Incineroar\n|-start|p2b: Incineroar|move: Leech Seed\n|move|p2b: Incineroar|Parting Shot|p1a: Scovillain\n|-unboost|p1a: Scovillain|atk|1\n|-unboost|p1a: Scovillain|spa|1\n|\n|t:|1776003153\n|switch|p2b: Gengar|Gengar-Mega, L50, M|100/100|[from] Parting Shot\n|move|p1b: Kingambit|Kowtow Cleave|p2a: Kommo-o\n|-resisted|p2a: Kommo-o|1\n|-damage|p2a: Kommo-o|58/100\n|\n|-heal|p2a: Kommo-o|64/100|[from] item: Leftovers\n|-start|p1a: Scovillain|perish1\n|-start|p1b: Kingambit|perish1\n|upkeep\n|turn|4\n|\n|t:|1776003170\n|move|p2b: Gengar|Protect|p2b: Gengar\n|-singleturn|p2b: Gengar|Protect\n|move|p2a: Kommo-o|Protect|p2a: Kommo-o\n|-singleturn|p2a: Kommo-o|Protect\n|move|p1a: Scovillain|Flamethrower|p2a: Kommo-o\n|-activate|p2a: Kommo-o|move: Protect\n|move|p1b: Kingambit|Low Kick|p2a: Kommo-o\n|-activate|p2a: Kommo-o|move: Protect\n|\n|-heal|p2a: Kommo-o|70/100|[from] item: Leftovers\n|-start|p1a: Scovillain|perish0\n|-start|p1b: Kingambit|perish0\n|faint|p1a: Scovillain\n|faint|p1b: Kingambit\n|upkeep\n|\n|t:|1776003187\n|switch|p1a: Milotic|Milotic, L50, M|100/100\n|switch|p1b: Tyranitar|Tyranitar, L50, F|100/100\n|-weather|Sandstorm|[from] ability: Sand Stream|[of] p1b: Tyranitar\n|turn|5\n|\n|t:|1776003199\n|move|p2b: Gengar|Perish Song|p2b: Gengar\n|-start|p1a: Milotic|perish3|[silent]\n|-start|p1b: Tyranitar|perish3|[silent]\n|-immune|p2a: Kommo-o|[from] ability: Soundproof\n|-start|p2b: Gengar|perish3|[silent]\n|-fieldactivate|move: Perish Song\n|move|p2a: Kommo-o|Aura Sphere|p1b: Tyranitar\n|-supereffective|p1b: Tyranitar|2\n|-enditem|p1b: Tyranitar|Chople Berry|[eat]\n|-enditem|p1b: Tyranitar|Chople Berry|[weaken]\n|-damage|p1b: Tyranitar|57/100\n|move|p1a: Milotic|Scald|p2a: Kommo-o\n|-resisted|p2a: Kommo-o|1\n|-damage|p2a: Kommo-o|52/100\n|-status|p2a: Kommo-o|brn\n|move|p1b: Tyranitar|Rock Slide|p2a: Kommo-o|[spread] p2a,p2b\n|-resisted|p2a: Kommo-o|1\n|-damage|p2a: Kommo-o|36/100 brn\n|-damage|p2b: Gengar|60/100\n|\n|-weather|Sandstorm|[upkeep]\n|-damage|p2b: Gengar|54/100|[from] Sandstorm\n|-damage|p2a: Kommo-o|30/100 brn|[from] Sandstorm\n|-damage|p1a: Milotic|95/100|[from] Sandstorm\n|-heal|p2a: Kommo-o|36/100 brn|[from] item: Leftovers\n|-heal|p1a: Milotic|100/100|[from] item: Leftovers\n|-damage|p2a: Kommo-o|30/100 brn|[from] brn\n|-start|p2b: Gengar|perish3\n|-start|p1a: Milotic|perish3\n|-start|p1b: Tyranitar|perish3\n|upkeep\n|turn|6\n|\n|t:|1776003228\n|move|p2b: Gengar|Protect|p2b: Gengar\n|-singleturn|p2b: Gengar|Protect\n|move|p2a: Kommo-o|Protect|p2a: Kommo-o\n|-singleturn|p2a: Kommo-o|Protect\n|move|p1a: Milotic|Icy Wind|p2a: Kommo-o|[spread] \n|-activate|p2a: Kommo-o|move: Protect\n|-activate|p2b: Gengar|move: Protect\n|move|p1b: Tyranitar|Rock Slide|p2a: Kommo-o|[spread] \n|-activate|p2a: Kommo-o|move: Protect\n|-activate|p2b: Gengar|move: Protect\n|\n|-weather|Sandstorm|[upkeep]\n|-damage|p2b: Gengar|48/100|[from] Sandstorm\n|-damage|p2a: Kommo-o|23/100 brn|[from] Sandstorm\n|-damage|p1a: Milotic|95/100|[from] Sandstorm\n|-heal|p2a: Kommo-o|30/100 brn|[from] item: Leftovers\n|-heal|p1a: Milotic|100/100|[from] item: Leftovers\n|-damage|p2a: Kommo-o|23/100 brn|[from] brn\n|-start|p2b: Gengar|perish2\n|-start|p1a: Milotic|perish2\n|-start|p1b: Tyranitar|perish2\n|upkeep\n|turn|7\n|c|\u2606emiyaemiya|gg\n|\n|t:|1776003255\n|switch|p2b: Sinistcha|Sinistcha-Masterpiece, L50|100/100\n|-heal|p2a: Kommo-o|48/100 brn|[from] ability: Hospitality|[of] p2b: Sinistcha\n|switch|p2a: Incineroar|Incineroar, L50, M|100/100\n|-ability|p2a: Incineroar|Intimidate|boost\n|-unboost|p1a: Milotic|atk|1\n|-ability|p1a: Milotic|Competitive|boost\n|-boost|p1a: Milotic|spa|2\n|-unboost|p1b: Tyranitar|atk|1\n|move|p1a: Milotic|Scald|p2b: Sinistcha\n|-resisted|p2b: Sinistcha|1\n|-damage|p2b: Sinistcha|66/100\n|move|p1b: Tyranitar|Rock Slide|p2a: Incineroar|[spread] p2a,p2b\n|-supereffective|p2a: Incineroar|1\n|-crit|p2a: Incineroar\n|-damage|p2a: Incineroar|25/100\n|-damage|p2b: Sinistcha|44/100\n|-enditem|p2a: Incineroar|Sitrus Berry|[eat]\n|-heal|p2a: Incineroar|50/100|[from] item: Sitrus Berry\n|\n|-weather|Sandstorm|[upkeep]\n|-damage|p1a: Milotic|95/100|[from] Sandstorm\n|-damage|p2b: Sinistcha|38/100|[from] Sandstorm\n|-damage|p2a: Incineroar|44/100|[from] Sandstorm\n|-heal|p1a: Milotic|100/100|[from] item: Leftovers\n|-start|p1a: Milotic|perish1\n|-start|p1b: Tyranitar|perish1\n|upkeep\n|turn|8\n|c|\u2606emiyaemiya|all of my pokemon get protect\n|inactive|Battle timer is ON: inactive players will automatically lose when time's up. (requested by emiyaemiya)\n|\n|t:|1776003287\n|move|p2b: Sinistcha|Protect|p2b: Sinistcha\n|-singleturn|p2b: Sinistcha|Protect\n|move|p2a: Incineroar|Protect|p2a: Incineroar\n|-singleturn|p2a: Incineroar|Protect\n|move|p1a: Milotic|Scald|p2a: Incineroar\n|-activate|p2a: Incineroar|move: Protect\n|move|p1b: Tyranitar|Rock Slide|p2a: Incineroar|[spread] \n|-activate|p2a: Incineroar|move: Protect\n|-activate|p2b: Sinistcha|move: Protect\n|\n|-weather|Sandstorm|[upkeep]\n|-damage|p1a: Milotic|95/100|[from] Sandstorm\n|-damage|p2b: Sinistcha|32/100|[from] Sandstorm\n|-damage|p2a: Incineroar|38/100|[from] Sandstorm\n|-heal|p1a: Milotic|100/100|[from] item: Leftovers\n|-start|p1a: Milotic|perish0\n|-start|p1b: Tyranitar|perish0\n|faint|p1a: Milotic\n|faint|p1b: Tyranitar\n|\n|win|emiyaemiya\n|raw|Logan Helfield's rating: 1156 &rarr; <strong>1130</strong><br />(-26 for losing)\n|raw|emiyaemiya's rating: 1144 &rarr; <strong>1170</strong><br />(+26 for winning)\n|c|\u2606Logan Helfield|Ok...\n|l|\u2606Logan Helfield\n|player|p1|\n|l|\u2606emiyaemiya\n|player|p2|\n|j|\u2606Logan Helfield\n|player|p1|Logan Helfield|riley|\n|l|\u2606Logan Helfield\n|player|p1|\n|j|\u2606Logan Helfield\n|player|p1|Logan Helfield|riley|\n",
  "uploadtime": 1776003351,
  "views": 16,
  "formatid": "gen9championsvgc2026regma",
  "rating": 1130,
  "private": 0,
  "password": null
}