{
  "id": "gen9championsvgc2026regma-2587955005",
  "format": "[Gen 9 Champions] VGC 2026 Reg M-A",
  "players": [
    "Mob1354",
    "Hinya"
  ],
  "log": "|j|\u2606Mob1354\n|j|\u2606Hinya\n|t:|1776584324\n|gametype|doubles\n|player|p1|Mob1354|janitor|1155\n|player|p2|Hinya|arezu|1213\n|gen|9\n|tier|[Gen 9 Champions] VGC 2026 Reg M-A\n|rated|\n|rule|Species Clause: Limit one of each Pok\u00e9mon\n|rule|Item Clause: Limit 1 of each item\n|clearpoke\n|poke|p1|Incineroar, L50, F|\n|poke|p1|Tyranitar, L50, F|\n|poke|p1|Whimsicott, L50, M|\n|poke|p1|Basculegion, L50, M|\n|poke|p1|Dragonite, L50, F|\n|poke|p1|Sylveon, L50, M|\n|poke|p2|Gengar, L50, M|\n|poke|p2|Aerodactyl, L50, M|\n|poke|p2|Incineroar, L50, M|\n|poke|p2|Kingambit, L50, M|\n|poke|p2|Sinistcha, L50, shiny|\n|poke|p2|Whimsicott, L50, M|\n|teampreview|4\n|inactive|Battle timer is ON: inactive players will automatically lose when time's up. (requested by Mob1354)\n|j| noahtdiditfirst\n|l| noahtdiditfirst\n|\n|t:|1776584333\n|teamsize|p1|4\n|teamsize|p2|4\n|start\n|switch|p1a: Whimsicott|Whimsicott, L50, M|100/100\n|switch|p1b: Incineroar|Incineroar, L50, F|100/100\n|switch|p2a: \ud32c\ud140|Gengar, L50, M|100/100\n|switch|p2b: \uc5b4\ud765\uc5fc|Incineroar, L50, M|100/100\n|-ability|p2b: \uc5b4\ud765\uc5fc|Intimidate|boost\n|-unboost|p1a: Whimsicott|atk|1\n|-unboost|p1b: Incineroar|atk|1\n|-ability|p1b: Incineroar|Intimidate|boost\n|-unboost|p2a: \ud32c\ud140|atk|1\n|-unboost|p2b: \uc5b4\ud765\uc5fc|atk|1\n|turn|1\n|\n|t:|1776584362\n|detailschange|p2a: \ud32c\ud140|Gengar-Mega, L50, M\n|-mega|p2a: \ud32c\ud140|Gengar|Gengarite\n|move|p1a: Whimsicott|Protect|p1a: Whimsicott\n|-singleturn|p1a: Whimsicott|Protect\n|move|p2a: \ud32c\ud140|Perish Song|p2a: \ud32c\ud140\n|-start|p1a: Whimsicott|perish3|[silent]\n|-start|p1b: Incineroar|perish3|[silent]\n|-start|p2a: \ud32c\ud140|perish3|[silent]\n|-start|p2b: \uc5b4\ud765\uc5fc|perish3|[silent]\n|-fieldactivate|move: Perish Song\n|move|p2b: \uc5b4\ud765\uc5fc|Throat Chop|p1b: Incineroar\n|-resisted|p1b: Incineroar|1\n|-damage|p1b: Incineroar|91/100\n|-start|p1b: Incineroar|Throat Chop|[silent]\n|cant|p1b: Incineroar|move: Throat Chop\n|\n|-heal|p1b: Incineroar|96/100|[from] item: Leftovers\n|-start|p2a: \ud32c\ud140|perish3\n|-start|p1a: Whimsicott|perish3\n|-start|p2b: \uc5b4\ud765\uc5fc|perish3\n|-start|p1b: Incineroar|perish3\n|upkeep\n|turn|2\n|j| noahtdiditfirst\n|l| noahtdiditfirst\n|inactive|Mob1354 has 30 seconds left.\n|inactive|Mob1354 has 20 seconds left.\n|inactive|Mob1354 has 15 seconds left.\n|inactive|Mob1354 has 10 seconds left.\n|inactive|Mob1354 has 5 seconds left.\n|\n|t:|1776584417\n|move|p2a: \ud32c\ud140|Protect|p2a: \ud32c\ud140\n|-singleturn|p2a: \ud32c\ud140|Protect\n|move|p2b: \uc5b4\ud765\uc5fc|Protect|p2b: \uc5b4\ud765\uc5fc\n|-singleturn|p2b: \uc5b4\ud765\uc5fc|Protect\n|move|p1a: Whimsicott|Moonblast|p2b: \uc5b4\ud765\uc5fc\n|-activate|p2b: \uc5b4\ud765\uc5fc|move: Protect\n|move|p1b: Incineroar|Flare Blitz|p2b: \uc5b4\ud765\uc5fc\n|-activate|p2b: \uc5b4\ud765\uc5fc|move: Protect\n|\n|-heal|p1b: Incineroar|100/100|[from] item: Leftovers\n|-end|p1b: Incineroar|Throat Chop|[silent]\n|-start|p2a: \ud32c\ud140|perish2\n|-start|p1a: Whimsicott|perish2\n|-start|p2b: \uc5b4\ud765\uc5fc|perish2\n|-start|p1b: Incineroar|perish2\n|upkeep\n|turn|3\n|inactive|Mob1354 has 30 seconds left.\n|inactive|Hinya has 30 seconds left.\n|\n|t:|1776584451\n|switch|p2a: \ub300\ub3c4\uac01\ucc38|Kingambit, L50, M|100/100\n|move|p1a: Whimsicott|Tailwind|p1a: Whimsicott\n|-sidestart|p1: Mob1354|move: Tailwind\n|move|p1b: Incineroar|Parting Shot|p2a: \ub300\ub3c4\uac01\ucc38\n|-unboost|p2a: \ub300\ub3c4\uac01\ucc38|atk|1\n|-ability|p2a: \ub300\ub3c4\uac01\ucc38|Defiant|boost\n|-boost|p2a: \ub300\ub3c4\uac01\ucc38|atk|2\n|-unboost|p2a: \ub300\ub3c4\uac01\ucc38|spa|1\n|-ability|p2a: \ub300\ub3c4\uac01\ucc38|Defiant|boost\n|-boost|p2a: \ub300\ub3c4\uac01\ucc38|atk|2\n|\n|t:|1776584463\n|switch|p1b: Basculegion|Basculegion, L50, M|100/100|[from] Parting Shot\n|move|p2b: \uc5b4\ud765\uc5fc|Parting Shot|p1b: Basculegion\n|-unboost|p1b: Basculegion|atk|1\n|-unboost|p1b: Basculegion|spa|1\n|\n|t:|1776584467\n|switch|p2b: \ud32c\ud140|Gengar-Mega, L50, M|100/100|[from] Parting Shot\n|\n|-start|p1a: Whimsicott|perish1\n|upkeep\n|turn|4\n|\n|t:|1776584490\n|move|p2b: \ud32c\ud140|Protect|p2b: \ud32c\ud140\n|-singleturn|p2b: \ud32c\ud140|Protect\n|move|p2a: \ub300\ub3c4\uac01\ucc38|Sucker Punch|p1b: Basculegion\n|-supereffective|p1b: Basculegion|1\n|-damage|p1b: Basculegion|0 fnt\n|faint|p1b: Basculegion\n|move|p1a: Whimsicott|Moonblast|p2a: \ub300\ub3c4\uac01\ucc38\n|-damage|p2a: \ub300\ub3c4\uac01\ucc38|76/100\n|\n|-start|p1a: Whimsicott|perish0\n|faint|p1a: Whimsicott\n|upkeep\n|\n|t:|1776584500\n|switch|p1b: Tyranitar|Tyranitar, L50, F|100/100\n|switch|p1a: Incineroar|Incineroar, L50, F|100/100\n|-weather|Sandstorm|[from] ability: Sand Stream|[of] p1b: Tyranitar\n|-ability|p1a: Incineroar|Intimidate|boost\n|-unboost|p2a: \ub300\ub3c4\uac01\ucc38|atk|1\n|-ability|p2a: \ub300\ub3c4\uac01\ucc38|Defiant|boost\n|-boost|p2a: \ub300\ub3c4\uac01\ucc38|atk|2\n|-unboost|p2b: \ud32c\ud140|atk|1\n|turn|5\n|\n|t:|1776584518\n|detailschange|p1b: Tyranitar|Tyranitar-Mega, L50, F\n|-mega|p1b: Tyranitar|Tyranitar|Tyranitarite\n|move|p1a: Incineroar|Fake Out|p2a: \ub300\ub3c4\uac01\ucc38\n|-resisted|p2a: \ub300\ub3c4\uac01\ucc38|1\n|-damage|p2a: \ub300\ub3c4\uac01\ucc38|72/100\n|move|p1b: Tyranitar|Knock Off|p2b: \ud32c\ud140\n|-supereffective|p2b: \ud32c\ud140|1\n|-damage|p2b: \ud32c\ud140|0 fnt\n|faint|p2b: \ud32c\ud140\n|cant|p2a: \ub300\ub3c4\uac01\ucc38|flinch\n|\n|-weather|Sandstorm|[upkeep]\n|-damage|p1a: Incineroar|95/100|[from] Sandstorm\n|-heal|p1a: Incineroar|100/100|[from] item: Leftovers\n|upkeep\n|\n|t:|1776584525\n|switch|p2b: \uc5b4\ud765\uc5fc|Incineroar, L50, M|100/100\n|-ability|p2b: \uc5b4\ud765\uc5fc|Intimidate|boost\n|-unboost|p1a: Incineroar|atk|1\n|-unboost|p1b: Tyranitar|atk|1\n|turn|6\n|\n|t:|1776584535\n|move|p1b: Tyranitar|Protect|p1b: Tyranitar\n|-singleturn|p1b: Tyranitar|Protect\n|move|p2b: \uc5b4\ud765\uc5fc|Fake Out|p1b: Tyranitar\n|-activate|p1b: Tyranitar|move: Protect\n|move|p1a: Incineroar|Flare Blitz|p2a: \ub300\ub3c4\uac01\ucc38\n|-supereffective|p2a: \ub300\ub3c4\uac01\ucc38|1\n|-damage|p2a: \ub300\ub3c4\uac01\ucc38|26/100\n|-damage|p1a: Incineroar|82/100|[from] Recoil\n|move|p2a: \ub300\ub3c4\uac01\ucc38|Iron Head|p1b: Tyranitar\n|-activate|p1b: Tyranitar|move: Protect\n|\n|-weather|Sandstorm|[upkeep]\n|-damage|p1a: Incineroar|76/100|[from] Sandstorm\n|-damage|p2b: \uc5b4\ud765\uc5fc|94/100|[from] Sandstorm\n|-heal|p1a: Incineroar|82/100|[from] item: Leftovers\n|-heal|p2b: \uc5b4\ud765\uc5fc|100/100|[from] item: Leftovers\n|-sideend|p1: Mob1354|move: Tailwind\n|upkeep\n|turn|7\n|inactive|Mob1354 has 30 seconds left.\n|\n|t:|1776584568\n|move|p2a: \ub300\ub3c4\uac01\ucc38|Protect|p2a: \ub300\ub3c4\uac01\ucc38\n|-singleturn|p2a: \ub300\ub3c4\uac01\ucc38|Protect\n|move|p1b: Tyranitar|Rock Slide|p2a: \ub300\ub3c4\uac01\ucc38|[spread] p2b\n|-activate|p2a: \ub300\ub3c4\uac01\ucc38|move: Protect\n|-supereffective|p2b: \uc5b4\ud765\uc5fc|1\n|-damage|p2b: \uc5b4\ud765\uc5fc|53/100\n|move|p2b: \uc5b4\ud765\uc5fc|Parting Shot|p1b: Tyranitar\n|-unboost|p1b: Tyranitar|atk|1\n|-unboost|p1b: Tyranitar|spa|1\n|\n|t:|1776584577\n|switch|p2b: \uadf8\uc6b0\ub9b0\ucc28|Sinistcha, L50, shiny|100/100|[from] Parting Shot\n|-heal|p2a: \ub300\ub3c4\uac01\ucc38|50/100|[from] ability: Hospitality|[of] p2b: \uadf8\uc6b0\ub9b0\ucc28\n|move|p1a: Incineroar|Flare Blitz|p2a: \ub300\ub3c4\uac01\ucc38\n|-activate|p2a: \ub300\ub3c4\uac01\ucc38|move: Protect\n|\n|-weather|Sandstorm|[upkeep]\n|-damage|p2b: \uadf8\uc6b0\ub9b0\ucc28|94/100|[from] Sandstorm\n|-damage|p1a: Incineroar|76/100|[from] Sandstorm\n|-heal|p1a: Incineroar|82/100|[from] item: Leftovers\n|upkeep\n|turn|8\n|\n|t:|1776584588\n|move|p1b: Tyranitar|Protect|p1b: Tyranitar\n|-singleturn|p1b: Tyranitar|Protect\n|move|p2b: \uadf8\uc6b0\ub9b0\ucc28|Rage Powder|p2b: \uadf8\uc6b0\ub9b0\ucc28\n|-singleturn|p2b: \uadf8\uc6b0\ub9b0\ucc28|move: Rage Powder\n|move|p1a: Incineroar|Flare Blitz|p2b: \uadf8\uc6b0\ub9b0\ucc28\n|-supereffective|p2b: \uadf8\uc6b0\ub9b0\ucc28|1\n|-damage|p2b: \uadf8\uc6b0\ub9b0\ucc28|50/100\n|-enditem|p2b: \uadf8\uc6b0\ub9b0\ucc28|Sitrus Berry|[eat]\n|-heal|p2b: \uadf8\uc6b0\ub9b0\ucc28|75/100|[from] item: Sitrus Berry\n|-damage|p1a: Incineroar|67/100|[from] Recoil\n|move|p2a: \ub300\ub3c4\uac01\ucc38|Iron Head|p1b: Tyranitar\n|-activate|p1b: Tyranitar|move: Protect\n|\n|-weather|Sandstorm|[upkeep]\n|-damage|p2b: \uadf8\uc6b0\ub9b0\ucc28|69/100|[from] Sandstorm\n|-damage|p1a: Incineroar|61/100|[from] Sandstorm\n|-heal|p1a: Incineroar|67/100|[from] item: Leftovers\n|upkeep\n|turn|9\n|\n|t:|1776584609\n|move|p2b: \uadf8\uc6b0\ub9b0\ucc28|Rage Powder|p2b: \uadf8\uc6b0\ub9b0\ucc28\n|-singleturn|p2b: \uadf8\uc6b0\ub9b0\ucc28|move: Rage Powder\n|move|p1b: Tyranitar|Knock Off|p2b: \uadf8\uc6b0\ub9b0\ucc28\n|-supereffective|p2b: \uadf8\uc6b0\ub9b0\ucc28|1\n|-damage|p2b: \uadf8\uc6b0\ub9b0\ucc28|35/100\n|move|p1a: Incineroar|Flare Blitz|p2b: \uadf8\uc6b0\ub9b0\ucc28\n|-supereffective|p2b: \uadf8\uc6b0\ub9b0\ucc28|1\n|-damage|p2b: \uadf8\uc6b0\ub9b0\ucc28|0 fnt\n|faint|p2b: \uadf8\uc6b0\ub9b0\ucc28\n|-damage|p1a: Incineroar|55/100|[from] Recoil\n|move|p2a: \ub300\ub3c4\uac01\ucc38|Iron Head|p1b: Tyranitar\n|-supereffective|p1b: Tyranitar|1\n|-damage|p1b: Tyranitar|0 fnt\n|faint|p1b: Tyranitar\n|\n|-weather|none\n|-heal|p1a: Incineroar|61/100|[from] item: Leftovers\n|upkeep\n|\n|t:|1776584618\n|switch|p2b: \uc5b4\ud765\uc5fc|Incineroar, L50, M|53/100\n|-ability|p2b: \uc5b4\ud765\uc5fc|Intimidate|boost\n|-unboost|p1a: Incineroar|atk|1\n|turn|10\n|\n|t:|1776584630\n|move|p2b: \uc5b4\ud765\uc5fc|Fake Out|p1a: Incineroar\n|-damage|p1a: Incineroar|50/100\n|cant|p1a: Incineroar|flinch\n|move|p2a: \ub300\ub3c4\uac01\ucc38|Kowtow Cleave|p1a: Incineroar\n|-resisted|p1a: Incineroar|1\n|-damage|p1a: Incineroar|0 fnt\n|faint|p1a: Incineroar\n|\n|win|Hinya\n|raw|Mob1354's rating: 1155 &rarr; <strong>1134</strong><br />(-21 for losing)\n|raw|Hinya's rating: 1213 &rarr; <strong>1234</strong><br />(+21 for winning)\n",
  "uploadtime": 1776584633,
  "views": 9,
  "formatid": "gen9championsvgc2026regma",
  "rating": 1134,
  "private": 0,
  "password": null
}