{
  "id": "gen9championsvgc2026regma-2589388798",
  "format": "[Gen 9 Champions] VGC 2026 Reg M-A",
  "players": [
    "hi7fghk",
    "pablosbae"
  ],
  "log": "|j|\u2606hi7fghk\n|j|\u2606pablosbae\n|t:|1776719008\n|gametype|doubles\n|player|p1|hi7fghk|1|1143\n|player|p2|pablosbae|266|1160\n|gen|9\n|tier|[Gen 9 Champions] VGC 2026 Reg M-A\n|rated|\n|rule|Species Clause: Limit one of each Pok\u00e9mon\n|rule|Item Clause: Limit 1 of each item\n|clearpoke\n|poke|p1|Floette-Eternal, L50, F|\n|poke|p1|Garchomp, L50, M|\n|poke|p1|Aegislash, L50, M|\n|poke|p1|Incineroar, L50, M|\n|poke|p1|Rotom-Wash, L50|\n|poke|p1|Sinistcha, L50|\n|poke|p2|Meganium, L50, M|\n|poke|p2|Dragonite, L50, M|\n|poke|p2|Rotom-Heat, L50|\n|poke|p2|Hatterene, L50, F|\n|poke|p2|Aegislash, L50, F|\n|poke|p2|Gyarados, L50, F|\n|teampreview|4\n|inactive|Battle timer is ON: inactive players will automatically lose when time's up. (requested by pablosbae)\n|inactive|hi7fghk also wants the timer to be on.\n|inactive|hi7fghk has 60 seconds left.\n|inactive|pablosbae has 60 seconds left.\n|\n|t:|1776719051\n|teamsize|p1|4\n|teamsize|p2|4\n|start\n|switch|p1a: Floette|Floette-Eternal, L50, F|100/100\n|switch|p1b: Incineroar|Incineroar, L50, M|100/100\n|switch|p2a: Dragonite|Dragonite, L50, M|100/100\n|switch|p2b: Meganium|Meganium, L50, M|100/100\n|-ability|p1b: Incineroar|Intimidate|boost\n|-fail|p2a: Dragonite|unboost|Attack|[from] ability: Inner Focus|[of] p2a: Dragonite\n|-unboost|p2b: Meganium|atk|1\n|turn|1\n|\n|t:|1776719073\n|detailschange|p1a: Floette|Floette-Mega, L50, F\n|-mega|p1a: Floette|Floette|Floettite\n|-ability|p1a: Floette|Fairy Aura\n|move|p2b: Meganium|Protect|p2b: Meganium\n|-singleturn|p2b: Meganium|Protect\n|move|p1b: Incineroar|Fake Out|p2b: Meganium\n|-activate|p2b: Meganium|move: Protect\n|move|p1a: Floette|Calm Mind|p1a: Floette\n|-boost|p1a: Floette|spa|1\n|-boost|p1a: Floette|spd|1\n|move|p2a: Dragonite|Tailwind|p2a: Dragonite\n|-sidestart|p2: pablosbae|move: Tailwind\n|\n|upkeep\n|turn|2\n|inactive|hi7fghk has 30 seconds left.\n|\n|t:|1776719103\n|detailschange|p2b: Meganium|Meganium-Mega, L50, M\n|-mega|p2b: Meganium|Meganium|Meganiumite\n|move|p2a: Dragonite|Extreme Speed|p1a: Floette\n|-damage|p1a: Floette|70/100\n|move|p2b: Meganium|Solar Beam||[still]\n|-prepare|p2b: Meganium|Solar Beam\n|-activate|p2b: Meganium|ability: Mega Sol\n|-anim|p2b: Meganium|Solar Beam|p1a: Floette\n|-damage|p1a: Floette|25/100\n|move|p1a: Floette|Dazzling Gleam|p2b: Meganium|[spread] p2a,p2b\n|-supereffective|p2a: Dragonite|1\n|-enditem|p2a: Dragonite|Focus Sash\n|-damage|p2a: Dragonite|1/100\n|-damage|p2b: Meganium|43/100\n|move|p1b: Incineroar|Darkest Lariat|p2a: Dragonite\n|-damage|p2a: Dragonite|0 fnt\n|faint|p2a: Dragonite\n|\n|upkeep\n|\n|t:|1776719122\n|switch|p2a: Rotom|Rotom-Heat, L50|100/100\n|turn|3\n|\n|t:|1776719128\n|move|p1a: Floette|Protect|p1a: Floette\n|-singleturn|p1a: Floette|Protect\n|move|p2a: Rotom|Volt Switch|p1b: Incineroar\n|-damage|p1b: Incineroar|76/100\n|\n|t:|1776719133\n|switch|p2a: Aegislash|Aegislash, L50, F|100/100|[from] Volt Switch\n|move|p2b: Meganium|Solar Beam||[still]\n|-prepare|p2b: Meganium|Solar Beam\n|-activate|p2b: Meganium|ability: Mega Sol\n|-anim|p2b: Meganium|Solar Beam|p1a: Floette\n|-activate|p1a: Floette|move: Protect\n|move|p1b: Incineroar|Flare Blitz|p2b: Meganium\n|-supereffective|p2b: Meganium|1\n|-damage|p2b: Meganium|0 fnt\n|faint|p2b: Meganium\n|-damage|p1b: Incineroar|63/100|[from] Recoil\n|\n|upkeep\n|\n|t:|1776719146\n|switch|p2b: Rotom|Rotom-Heat, L50|100/100\n|turn|4\n|inactive|pablosbae has 30 seconds left.\n|inactive|pablosbae has 20 seconds left.\n|\n|t:|1776719181\n|move|p2b: Rotom|Volt Switch|p1a: Floette\n|-damage|p1a: Floette|6/100\n|move|p1a: Floette|Moonblast|p2b: Rotom\n|-resisted|p2b: Rotom|1\n|-damage|p2b: Rotom|26/100\n|-formechange|p2a: Aegislash|Aegislash-Blade|\n|move|p2a: Aegislash|Close Combat|p1b: Incineroar\n|-supereffective|p1b: Incineroar|1\n|-damage|p1b: Incineroar|0 fnt\n|-unboost|p2a: Aegislash|def|1\n|-unboost|p2a: Aegislash|spd|1\n|faint|p1b: Incineroar\n|\n|-sideend|p2: pablosbae|move: Tailwind\n|upkeep\n|\n|t:|1776719199\n|switch|p1b: Garchomp|Garchomp, L50, M|100/100\n|turn|5\n|\n|t:|1776719207\n|move|p2b: Rotom|Volt Switch|p1a: Floette\n|-damage|p1a: Floette|0 fnt\n|faint|p1a: Floette\n|move|p1b: Garchomp|Earthquake|p2a: Aegislash|[spread] p2a\n|-immune|p2b: Rotom|[from] ability: Levitate\n|-supereffective|p2a: Aegislash|1\n|-damage|p2a: Aegislash|0 fnt\n|faint|p2a: Aegislash\n|\n|upkeep\n|-message|pablosbae forfeited.\n|\n|win|hi7fghk\n|raw|hi7fghk's rating: 1143 &rarr; <strong>1169</strong><br />(+26 for winning)\n|raw|pablosbae's rating: 1160 &rarr; <strong>1134</strong><br />(-26 for losing)\n|l|\u2606pablosbae\n|player|p2|\n",
  "uploadtime": 1776719224,
  "views": 8,
  "formatid": "gen9championsvgc2026regma",
  "rating": 1134,
  "private": 0,
  "password": null
}