{
  "id": "gen9championsvgc2026regma-2580732846",
  "format": "[Gen 9 Champions] VGC 2026 Reg M-A",
  "players": [
    "1006+pokemon",
    "Catyreiji"
  ],
  "log": "|j|\u26061006+pokemon\n|j|\u2606Catyreiji\n|t:|1775928007\n|gametype|doubles\n|player|p1|1006+pokemon|rocketgrunt|1121\n|player|p2|Catyreiji|shauntal|1092\n|gen|9\n|tier|[Gen 9 Champions] VGC 2026 Reg M-A\n|rated|\n|rule|Species Clause: Limit one of each Pok\u00e9mon\n|rule|Item Clause: Limit 1 of each item\n|clearpoke\n|poke|p1|Dragonite, L50, M|\n|poke|p1|Politoed, L50, F|\n|poke|p1|Sinistcha, L50|\n|poke|p1|Basculegion, L50, M|\n|poke|p1|Kingambit, L50, M|\n|poke|p1|Sneasler, L50, F|\n|poke|p2|Absol, L50, M|\n|poke|p2|Beartic, L50, M|\n|poke|p2|Sneasler, L50, M|\n|poke|p2|Aegislash, L50, M|\n|poke|p2|Corviknight, L50, M|\n|poke|p2|Froslass, L50, F|\n|teampreview|4\n|inactive|Battle timer is ON: inactive players will automatically lose when time's up. (requested by 1006+pokemon)\n|\n|t:|1775928034\n|teamsize|p1|4\n|teamsize|p2|4\n|start\n|switch|p1a: Politoed|Politoed, L50, F|100/100\n|switch|p1b: Basculegion|Basculegion, L50, M|100/100\n|switch|p2a: Nevermore|Corviknight, L50, M|100/100\n|switch|p2b: Clawdia|Sneasler, L50, M|100/100\n|-weather|RainDance|[from] ability: Drizzle|[of] p1a: Politoed\n|turn|1\n|\n|t:|1775928057\n|move|p2a: Nevermore|Protect|p2a: Nevermore\n|-singleturn|p2a: Nevermore|Protect\n|move|p2b: Clawdia|Fake Out|p1a: Politoed\n|-damage|p1a: Politoed|85/100\n|move|p1b: Basculegion|Wave Crash|p2b: Clawdia\n|-enditem|p2b: Clawdia|Focus Sash\n|-damage|p2b: Clawdia|1/100\n|-damage|p1b: Basculegion|74/100|[from] Recoil\n|cant|p1a: Politoed|flinch\n|\n|-weather|RainDance|[upkeep]\n|upkeep\n|turn|2\n|\n|t:|1775928071\n|move|p2b: Clawdia|Close Combat|p1a: Politoed\n|-damage|p1a: Politoed|15/100\n|-unboost|p2b: Clawdia|def|1\n|-unboost|p2b: Clawdia|spd|1\n|-enditem|p1a: Politoed|Sitrus Berry|[eat]\n|-heal|p1a: Politoed|40/100|[from] item: Sitrus Berry\n|move|p1b: Basculegion|Flip Turn|p2b: Clawdia\n|-damage|p2b: Clawdia|0 fnt\n|faint|p2b: Clawdia\n|\n|t:|1775928086\n|switch|p1b: Kingambit|Kingambit, L50, M|100/100|[from] Flip Turn\n|move|p1a: Politoed|Weather Ball|p2a: Nevermore\n|-damage|p2a: Nevermore|43/100\n|move|p2a: Nevermore|Iron Defense|p2a: Nevermore\n|-boost|p2a: Nevermore|def|2\n|\n|-weather|RainDance|[upkeep]\n|-heal|p2a: Nevermore|49/100|[from] item: Leftovers\n|upkeep\n|\n|t:|1775928096\n|switch|p2b: Aurora|Froslass, L50, F, shiny|100/100\n|turn|3\n|\n|t:|1775928104\n|detailschange|p2b: Aurora|Froslass-Mega, L50, F, shiny\n|-mega|p2b: Aurora|Froslass|Froslassite\n|-weather|Snowscape|[from] ability: Snow Warning|[of] p2b: Aurora\n|move|p1b: Kingambit|Sucker Punch||[still]\n|-fail|p1b: Kingambit\n|move|p2b: Aurora|Aurora Veil|p2b: Aurora\n|-sidestart|p2: Catyreiji|move: Aurora Veil\n|move|p1a: Politoed|Weather Ball|p2a: Nevermore\n|-damage|p2a: Nevermore|32/100\n|move|p2a: Nevermore|Body Press|p1b: Kingambit\n|-supereffective|p1b: Kingambit|2\n|-damage|p1b: Kingambit|0 fnt\n|faint|p1b: Kingambit\n|\n|-weather|Snowscape|[upkeep]\n|-heal|p2a: Nevermore|38/100|[from] item: Leftovers\n|upkeep\n|\n|t:|1775928124\n|switch|p1b: Sneasler|Sneasler, L50, F|100/100\n|turn|4\n|\n|t:|1775928141\n|switch|p1a: Basculegion|Basculegion, L50, M|74/100\n|move|p2a: Nevermore|Protect|p2a: Nevermore\n|-singleturn|p2a: Nevermore|Protect\n|move|p2b: Aurora|Blizzard|p1b: Sneasler|[spread] p1a,p1b\n|-resisted|p1a: Basculegion|1\n|-damage|p1a: Basculegion|50/100\n|-damage|p1b: Sneasler|42/100\n|move|p1b: Sneasler|Dire Claw|p2b: Aurora\n|-resisted|p2b: Aurora|1\n|-damage|p2b: Aurora|86/100\n|\n|-weather|Snowscape|[upkeep]\n|-heal|p2a: Nevermore|43/100|[from] item: Leftovers\n|upkeep\n|turn|5\n|\n|t:|1775928160\n|move|p2b: Aurora|Shadow Ball|p1a: Basculegion\n|-supereffective|p1a: Basculegion|1\n|-damage|p1a: Basculegion|0 fnt\n|faint|p1a: Basculegion\n|move|p1b: Sneasler|Dire Claw|p2b: Aurora\n|-resisted|p2b: Aurora|1\n|-damage|p2b: Aurora|72/100\n|move|p2a: Nevermore|Body Press|p1b: Sneasler\n|-resisted|p1b: Sneasler|1\n|-damage|p1b: Sneasler|2/100\n|\n|-weather|Snowscape|[upkeep]\n|-heal|p2a: Nevermore|49/100|[from] item: Leftovers\n|upkeep\n|\n|t:|1775928172\n|switch|p1a: Politoed|Politoed, L50, F|40/100\n|-weather|RainDance|[from] ability: Drizzle|[of] p1a: Politoed\n|turn|6\n|\n|t:|1775928182\n|move|p1b: Sneasler|Dire Claw|p2b: Aurora\n|-resisted|p2b: Aurora|1\n|-damage|p2b: Aurora|49/100\n|-status|p2b: Aurora|psn|[from] ability: Poison Touch|[of] p1b: Sneasler\n|move|p2b: Aurora|Shadow Ball|p1a: Politoed\n|-damage|p1a: Politoed|0 fnt\n|faint|p1a: Politoed\n|move|p2a: Nevermore|Roost|p2a: Nevermore\n|-heal|p2a: Nevermore|99/100\n|-singleturn|p2a: Nevermore|move: Roost\n|\n|-weather|RainDance|[upkeep]\n|-heal|p2a: Nevermore|100/100|[from] item: Leftovers\n|-damage|p2b: Aurora|37/100 psn|[from] psn\n|upkeep\n|turn|7\n|\n|t:|1775928200\n|move|p1b: Sneasler|Dire Claw|p2b: Aurora\n|-resisted|p2b: Aurora|1\n|-damage|p2b: Aurora|16/100 psn\n|move|p2b: Aurora|Shadow Ball|p1b: Sneasler\n|-damage|p1b: Sneasler|0 fnt\n|faint|p1b: Sneasler\n|\n|win|Catyreiji\n|raw|1006+pokemon's rating: 1121 &rarr; <strong>1094</strong><br />(-27 for losing)\n|raw|Catyreiji's rating: 1092 &rarr; <strong>1120</strong><br />(+28 for winning)\n|l|\u26061006+pokemon\n|player|p1|\n",
  "uploadtime": 1775928208,
  "views": 21,
  "formatid": "gen9championsvgc2026regma",
  "rating": 1094,
  "private": 0,
  "password": null
}