{
  "id": "gen9championsvgc2026regma-2581777174",
  "format": "[Gen 9 Champions] VGC 2026 Reg M-A",
  "players": [
    "SCPRafael",
    "amerillo"
  ],
  "log": "|j|\u2606SCPRafael\n|j|\u2606amerillo\n|t:|1776027582\n|gametype|doubles\n|player|p1|SCPRafael|101|1144\n|player|p2|amerillo|proton|1128\n|gen|9\n|tier|[Gen 9 Champions] VGC 2026 Reg M-A\n|rated|\n|rule|Species Clause: Limit one of each Pok\u00e9mon\n|rule|Item Clause: Limit 1 of each item\n|clearpoke\n|poke|p1|Aegislash, L50, M|\n|poke|p1|Sneasler, L50, M|\n|poke|p1|Froslass, L50, F|\n|poke|p1|Volcarona, L50, M|\n|poke|p1|Araquanid, L50, F|\n|poke|p1|Garchomp, L50, M|\n|poke|p2|Incineroar, L50, M|\n|poke|p2|Altaria, L50, F|\n|poke|p2|Rotom-Wash, L50|\n|poke|p2|Victreebel, L50, F|\n|poke|p2|Kingambit, L50, F|\n|poke|p2|Dragapult, L50, M|\n|teampreview|4\n|c|\u2606amerillo|Glhf\n|\n|t:|1776027634\n|teamsize|p1|4\n|teamsize|p2|4\n|start\n|switch|p1a: Sneasler|Sneasler, L50, M, shiny|100/100\n|switch|p1b: Volcarona|Volcarona, L50, M|100/100\n|switch|p2a: Dragapult|Dragapult, L50, M|100/100\n|switch|p2b: Rotom|Rotom-Wash, L50|100/100\n|turn|1\n|\n|t:|1776027654\n|move|p1a: Sneasler|Fake Out|p2b: Rotom\n|-damage|p2b: Rotom|81/100\n|move|p2a: Dragapult|Will-O-Wisp|p1a: Sneasler\n|-status|p1a: Sneasler|brn\n|cant|p2b: Rotom|flinch\n|move|p1b: Volcarona|Giga Drain|p2b: Rotom\n|-supereffective|p2b: Rotom|1\n|-damage|p2b: Rotom|7/100\n|\n|-damage|p1a: Sneasler|95/100 brn|[from] brn\n|upkeep\n|turn|2\n|\n|t:|1776027701\n|move|p2b: Rotom|Volt Switch|p1a: Sneasler\n|-damage|p1a: Sneasler|47/100 brn\n|\n|t:|1776027707\n|switch|p2b: Incineroar|Incineroar, L50, M|100/100|[from] Volt Switch\n|-ability|p2b: Incineroar|Intimidate|boost\n|-unboost|p1a: Sneasler|atk|1\n|-unboost|p1b: Volcarona|atk|1\n|move|p2a: Dragapult|Shadow Ball|p1b: Volcarona\n|-damage|p1b: Volcarona|72/100\n|move|p1a: Sneasler|Close Combat|p2b: Incineroar\n|-supereffective|p2b: Incineroar|1\n|-damage|p2b: Incineroar|59/100\n|-unboost|p1a: Sneasler|def|1\n|-unboost|p1a: Sneasler|spd|1\n|move|p1b: Volcarona|Fiery Dance|p2a: Dragapult\n|-resisted|p2a: Dragapult|1\n|-damage|p2a: Dragapult|71/100\n|\n|-heal|p2b: Incineroar|65/100|[from] item: Leftovers\n|-damage|p1a: Sneasler|41/100 brn|[from] brn\n|upkeep\n|turn|3\n|\n|t:|1776027728\n|move|p1a: Sneasler|Protect|p1a: Sneasler\n|-singleturn|p1a: Sneasler|Protect\n|move|p1b: Volcarona|Protect|p1b: Volcarona\n|-singleturn|p1b: Volcarona|Protect\n|move|p2b: Incineroar|Fake Out|p1b: Volcarona\n|-activate|p1b: Volcarona|move: Protect\n|move|p2a: Dragapult|Shadow Ball|p1a: Sneasler\n|-activate|p1a: Sneasler|move: Protect\n|\n|-heal|p2b: Incineroar|71/100|[from] item: Leftovers\n|-damage|p1a: Sneasler|35/100 brn|[from] brn\n|upkeep\n|turn|4\n|\n|t:|1776027743\n|move|p2a: Dragapult|Shadow Ball|p1a: Sneasler\n|-damage|p1a: Sneasler|0 fnt\n|faint|p1a: Sneasler\n|move|p1b: Volcarona|Fiery Dance|p2a: Dragapult\n|-resisted|p2a: Dragapult|1\n|-damage|p2a: Dragapult|46/100\n|move|p2b: Incineroar|Flare Blitz|p1b: Volcarona\n|-damage|p1b: Volcarona|6/100\n|-immune|p2b: Incineroar\n|-enditem|p1b: Volcarona|Sitrus Berry|[eat]\n|-heal|p1b: Volcarona|31/100|[from] item: Sitrus Berry\n|-damage|p2b: Incineroar|50/100|[from] Recoil\n|\n|-heal|p2b: Incineroar|56/100|[from] item: Leftovers\n|upkeep\n|\n|t:|1776027754\n|switch|p1a: Araquanid|Araquanid, L50, F, shiny|100/100\n|turn|5\n|\n|t:|1776027766\n|move|p1b: Volcarona|Rage Powder|p1b: Volcarona\n|-singleturn|p1b: Volcarona|move: Rage Powder\n|move|p2a: Dragapult|Draco Meteor|p1b: Volcarona|[miss]\n|-miss|p2a: Dragapult|p1b: Volcarona\n|move|p2b: Incineroar|Parting Shot|p1b: Volcarona\n|-unboost|p1b: Volcarona|atk|1\n|-unboost|p1b: Volcarona|spa|1\n|\n|t:|1776027776\n|switch|p2b: Altaria|Altaria, L50, F|100/100|[from] Parting Shot\n|-ability|p2b: Altaria|Cloud Nine\n|move|p1a: Araquanid|Liquidation|p2b: Altaria\n|-resisted|p2b: Altaria|1\n|-damage|p2b: Altaria|63/100\n|\n|upkeep\n|turn|6\n|\n|t:|1776027787\n|detailschange|p2b: Altaria|Altaria-Mega, L50, F\n|-mega|p2b: Altaria|Altaria|Altarianite\n|move|p1b: Volcarona|Rage Powder|p1b: Volcarona\n|-singleturn|p1b: Volcarona|move: Rage Powder\n|move|p2a: Dragapult|Draco Meteor|p1b: Volcarona\n|-damage|p1b: Volcarona|0 fnt\n|-unboost|p2a: Dragapult|spa|2\n|faint|p1b: Volcarona\n|move|p2b: Altaria|Hyper Voice|p1a: Araquanid\n|-damage|p1a: Araquanid|54/100\n|move|p1a: Araquanid|Liquidation|p2a: Dragapult\n|-resisted|p2a: Dragapult|1\n|-damage|p2a: Dragapult|4/100\n|\n|upkeep\n|\n|t:|1776027798\n|switch|p1b: Garchomp|Garchomp, L50, M, shiny|100/100\n|turn|7\n|\n|t:|1776027811\n|move|p2b: Altaria|Protect|p2b: Altaria\n|-singleturn|p2b: Altaria|Protect\n|move|p1a: Araquanid|Wide Guard|p1a: Araquanid\n|-singleturn|p1a: Araquanid|Wide Guard\n|move|p1b: Garchomp|Earthquake|p2b: Altaria|[spread] p2a\n|-activate|p1a: Araquanid|move: Wide Guard\n|-activate|p2b: Altaria|move: Protect\n|-damage|p2a: Dragapult|0 fnt\n|faint|p2a: Dragapult\n|\n|upkeep\n|\n|t:|1776027820\n|switch|p2a: Rotom|Rotom-Wash, L50|7/100\n|turn|8\n|\n|t:|1776027836\n|move|p1a: Araquanid|Protect||[still]\n|-fail|p1a: Araquanid\n|move|p1b: Garchomp|Earthquake|p2a: Rotom|[spread] p1a,p2b\n|-immune|p2a: Rotom|[from] ability: Levitate\n|-resisted|p1a: Araquanid|1\n|-damage|p1a: Araquanid|35/100\n|-damage|p2b: Altaria|21/100\n|move|p2a: Rotom|Volt Switch|p1a: Araquanid\n|-supereffective|p1a: Araquanid|1\n|-damage|p1a: Araquanid|0 fnt\n|faint|p1a: Araquanid\n|\n|t:|1776027847\n|switch|p2a: Incineroar|Incineroar, L50, M|56/100|[from] Volt Switch\n|-ability|p2a: Incineroar|Intimidate|boost\n|-unboost|p1b: Garchomp|atk|1\n|move|p2b: Altaria|Tailwind|p2b: Altaria\n|-sidestart|p2: amerillo|move: Tailwind\n|\n|-heal|p2a: Incineroar|62/100|[from] item: Leftovers\n|upkeep\n|turn|9\n|\n|t:|1776027857\n|move|p2a: Incineroar|Fake Out|p1b: Garchomp\n|-damage|p1b: Garchomp|87/100\n|-damage|p2a: Incineroar|50/100|[from] ability: Rough Skin|[of] p1b: Garchomp\n|cant|p1b: Garchomp|flinch\n|move|p2b: Altaria|Hyper Voice|p1b: Garchomp\n|-supereffective|p1b: Garchomp|1\n|-damage|p1b: Garchomp|0 fnt\n|faint|p1b: Garchomp\n|\n|win|amerillo\n|raw|SCPRafael's rating: 1144 &rarr; <strong>1118</strong><br />(-26 for losing)\n|raw|amerillo's rating: 1128 &rarr; <strong>1154</strong><br />(+26 for winning)\n",
  "uploadtime": 1776027861,
  "views": 43,
  "formatid": "gen9championsvgc2026regma",
  "rating": 1118,
  "private": 0,
  "password": null
}