{
  "id": "gen9championsvgc2026regma-2584842262",
  "format": "[Gen 9 Champions] VGC 2026 Reg M-A",
  "players": [
    "Esvee",
    "SkyGolurk"
  ],
  "log": "|j|\u2606Esvee\n|j|\u2606SkyGolurk\n|t:|1776287905\n|gametype|doubles\n|player|p1|Esvee|will|1244\n|player|p2|SkyGolurk|zinzolin|1250\n|gen|9\n|tier|[Gen 9 Champions] VGC 2026 Reg M-A\n|rated|\n|rule|Species Clause: Limit one of each Pok\u00e9mon\n|rule|Item Clause: Limit 1 of each item\n|clearpoke\n|poke|p1|Starmie, L50|\n|poke|p1|Incineroar, L50, F|\n|poke|p1|Sneasler, L50, M|\n|poke|p1|Kingambit, L50, F|\n|poke|p1|Pelipper, L50, M|\n|poke|p1|Sinistcha, L50|\n|poke|p2|Typhlosion-Hisui, L50, F|\n|poke|p2|Gallade, L50, M|\n|poke|p2|Whimsicott, L50, F|\n|poke|p2|Archaludon, L50, F|\n|poke|p2|Glimmora, L50, M|\n|poke|p2|Incineroar, L50, M|\n|teampreview|4\nSkyGolurk has agreed to open team sheets.\n|\n|t:|1776287965\n|teamsize|p1|4\n|teamsize|p2|4\n|start\n|switch|p1a: Kingambit|Kingambit, L50, F|100/100\n|switch|p1b: Starmie|Starmie, L50|100/100\n|switch|p2a: Archaludon|Archaludon, L50, F|100/100\n|switch|p2b: Whimsicott|Whimsicott, L50, F|100/100\n|turn|1\n|inactive|Battle timer is ON: inactive players will automatically lose when time's up. (requested by Esvee)\n|\n|t:|1776287993\n|detailschange|p1b: Starmie|Starmie-Mega, L50\n|-mega|p1b: Starmie|Starmie|Starminite\n|move|p1b: Starmie|Flip Turn|p2b: Whimsicott\n|-resisted|p2b: Whimsicott|1\n|-damage|p2b: Whimsicott|63/100\n|\n|t:|1776288002\n|switch|p1b: Sneasler|Sneasler, L50, M|100/100|[from] Flip Turn\n|move|p2b: Whimsicott|Beat Up|p2a: Archaludon\n|-damage|p2a: Archaludon|98/100\n|-ability|p2a: Archaludon|Stamina|boost\n|-boost|p2a: Archaludon|def|1\n|-damage|p2a: Archaludon|97/100\n|-ability|p2a: Archaludon|Stamina|boost\n|-boost|p2a: Archaludon|def|1\n|-damage|p2a: Archaludon|96/100\n|-ability|p2a: Archaludon|Stamina|boost\n|-boost|p2a: Archaludon|def|1\n|-damage|p2a: Archaludon|95/100\n|-ability|p2a: Archaludon|Stamina|boost\n|-boost|p2a: Archaludon|def|1\n|-hitcount|p2a: Archaludon|4\n|move|p2a: Archaludon|Dragon Pulse|p1b: Sneasler\n|-damage|p1b: Sneasler|32/100\n|move|p1a: Kingambit|Iron Head|p2b: Whimsicott\n|-supereffective|p2b: Whimsicott|1\n|-damage|p2b: Whimsicott|0 fnt\n|faint|p2b: Whimsicott\n|\n|-heal|p2a: Archaludon|100/100|[from] item: Leftovers\n|upkeep\n|\n|t:|1776288011\n|switch|p2b: Typhlosion|Typhlosion-Hisui, L50, F|100/100\n|-item|p1a: Kingambit|Black Glasses|[from] ability: Frisk|[of] p2b: Typhlosion\n|-item|p1b: Sneasler|Focus Sash|[from] ability: Frisk|[of] p2b: Typhlosion\n|turn|2\n|\n|t:|1776288022\n|move|p1a: Kingambit|Sucker Punch||[still]\n|-fail|p1a: Kingambit\n|move|p2b: Typhlosion|Will-O-Wisp|p1a: Kingambit\n|-status|p1a: Kingambit|brn\n|move|p1b: Sneasler|Close Combat|p2a: Archaludon\n|-supereffective|p2a: Archaludon|1\n|-damage|p2a: Archaludon|63/100\n|-unboost|p1b: Sneasler|def|1\n|-unboost|p1b: Sneasler|spd|1\n|-ability|p2a: Archaludon|Stamina|boost\n|-boost|p2a: Archaludon|def|1\n|move|p2a: Archaludon|Dragon Pulse|p1b: Sneasler\n|-damage|p1b: Sneasler|0 fnt\n|faint|p1b: Sneasler\n|\n|-heal|p2a: Archaludon|69/100|[from] item: Leftovers\n|-damage|p1a: Kingambit|95/100 brn|[from] brn\n|upkeep\n|\n|t:|1776288027\n|switch|p1b: Starmie|Starmie-Mega, L50|100/100\n|turn|3\n|\n|t:|1776288043\n|switch|p1a: Pelipper|Pelipper, L50, M|100/100\n|-weather|RainDance|[from] ability: Drizzle|[of] p1a: Pelipper\n|move|p2a: Archaludon|Protect|p2a: Archaludon\n|-singleturn|p2a: Archaludon|Protect\n|move|p2b: Typhlosion|Will-O-Wisp|p1b: Starmie\n|-status|p1b: Starmie|brn\n|move|p1b: Starmie|Flip Turn|p2b: Typhlosion\n|-supereffective|p2b: Typhlosion|1\n|-crit|p2b: Typhlosion\n|-damage|p2b: Typhlosion|0 fnt\n|faint|p2b: Typhlosion\n|\n|t:|1776288054\n|switch|p1b: Kingambit|Kingambit, L50, F|95/100 brn|[from] Flip Turn\n|\n|-weather|RainDance|[upkeep]\n|-heal|p2a: Archaludon|75/100|[from] item: Leftovers\n|-damage|p1b: Kingambit|89/100 brn|[from] brn\n|upkeep\n|\n|t:|1776288057\n|switch|p2b: Gallade|Gallade, L50, M|100/100\n|turn|4\n|\n|t:|1776288074\n|detailschange|p2b: Gallade|Gallade-Mega, L50, M\n|-mega|p2b: Gallade|Gallade|Galladite\n|move|p1b: Kingambit|Sucker Punch||[still]\n|-fail|p1b: Kingambit\n|move|p1a: Pelipper|Weather Ball|p2a: Archaludon\n|-resisted|p2a: Archaludon|1\n|-crit|p2a: Archaludon\n|-damage|p2a: Archaludon|19/100\n|-ability|p2a: Archaludon|Stamina|boost\n|-boost|p2a: Archaludon|def|1\n|move|p2a: Archaludon|Dragon Pulse|p1a: Pelipper\n|-damage|p1a: Pelipper|29/100\n|move|p2b: Gallade|Trick Room|p2b: Gallade\n|-fieldstart|move: Trick Room|[of] p2b: Gallade\n|\n|-weather|RainDance|[upkeep]\n|-heal|p2a: Archaludon|25/100|[from] item: Leftovers\n|-damage|p1b: Kingambit|83/100 brn|[from] brn\n|upkeep\n|turn|5\n|inactive|Esvee has 30 seconds left.\n|\n|t:|1776288107\n|move|p1b: Kingambit|Protect|p1b: Kingambit\n|-singleturn|p1b: Kingambit|Protect\n|move|p2a: Archaludon|Dragon Pulse|p1a: Pelipper\n|-damage|p1a: Pelipper|0 fnt\n|faint|p1a: Pelipper\n|move|p2b: Gallade|Sacred Sword|p1b: Kingambit\n|-activate|p1b: Kingambit|move: Protect\n|\n|-weather|RainDance|[upkeep]\n|-heal|p2a: Archaludon|31/100|[from] item: Leftovers\n|-damage|p1b: Kingambit|77/100 brn|[from] brn\n|upkeep\n|\n|t:|1776288111\n|switch|p1a: Starmie|Starmie-Mega, L50|100/100 brn\n|turn|6\n|\n|t:|1776288121\n|move|p2a: Archaludon|Protect|p2a: Archaludon\n|-singleturn|p2a: Archaludon|Protect\n|move|p1b: Kingambit|Kowtow Cleave|p2a: Archaludon\n|-activate|p2a: Archaludon|move: Protect\n|move|p2b: Gallade|Sacred Sword|p1b: Kingambit\n|-supereffective|p1b: Kingambit|2\n|-damage|p1b: Kingambit|0 fnt\n|faint|p1b: Kingambit\n|move|p1a: Starmie|Liquidation|p2b: Gallade\n|-damage|p2b: Gallade|48/100\n|\n|-weather|RainDance|[upkeep]\n|-heal|p2a: Archaludon|37/100|[from] item: Leftovers\n|-damage|p1a: Starmie|95/100 brn|[from] brn\n|upkeep\n|turn|7\n|\n|t:|1776288139\n|move|p1a: Starmie|Protect|p1a: Starmie\n|-singleturn|p1a: Starmie|Protect\n|move|p2a: Archaludon|Dragon Pulse|p1a: Starmie\n|-activate|p1a: Starmie|move: Protect\n|move|p2b: Gallade|Sacred Sword|p1a: Starmie\n|-activate|p1a: Starmie|move: Protect\n|\n|-weather|none\n|-heal|p2a: Archaludon|44/100|[from] item: Leftovers\n|-damage|p1a: Starmie|89/100 brn|[from] brn\n|upkeep\n|turn|8\n|\n|t:|1776288146\n|move|p1a: Starmie|Protect||[still]\n|-fail|p1a: Starmie\n|move|p2a: Archaludon|Dragon Pulse|p1a: Starmie\n|-damage|p1a: Starmie|41/100 brn\n|move|p2b: Gallade|Sacred Sword|p1a: Starmie\n|-resisted|p1a: Starmie|1\n|-damage|p1a: Starmie|3/100 brn\n|\n|-heal|p2a: Archaludon|50/100|[from] item: Leftovers\n|-damage|p1a: Starmie|0 fnt|[from] brn\n|faint|p1a: Starmie\n|\n|win|SkyGolurk\n|raw|Esvee's rating: 1244 &rarr; <strong>1219</strong><br />(-25 for losing)\n|raw|SkyGolurk's rating: 1250 &rarr; <strong>1275</strong><br />(+25 for winning)\n",
  "uploadtime": 1776288153,
  "views": 31,
  "formatid": "gen9championsvgc2026regma",
  "rating": 1219,
  "private": 0,
  "password": null
}