{
  "id": "gen9championsvgc2026regma-2586111584",
  "format": "[Gen 9 Champions] VGC 2026 Reg M-A",
  "players": [
    "Horses_Only3",
    "raigonjoy"
  ],
  "log": "|j|\u2606Horses_Only3\n|j|\u2606raigonjoy\n|t:|1776400354\n|gametype|doubles\n|player|p1|Horses_Only3|265|1034\n|player|p2|raigonjoy|169|1000\n|gen|9\n|tier|[Gen 9 Champions] VGC 2026 Reg M-A\n|rated|\n|rule|Species Clause: Limit one of each Pok\u00e9mon\n|rule|Item Clause: Limit 1 of each item\n|clearpoke\n|poke|p1|Emboar, L50, F|\n|poke|p1|Cofagrigus, L50, M|\n|poke|p1|Hydreigon, L50, M|\n|poke|p1|Incineroar, L50, M|\n|poke|p1|Reuniclus, L50, M|\n|poke|p1|Conkeldurr, L50, M|\n|poke|p2|Manectric, L50, F|\n|poke|p2|Archaludon, L50, F|\n|poke|p2|Sinistcha, L50|\n|poke|p2|Politoed, L50, F|\n|poke|p2|Scizor, L50, F|\n|poke|p2|Incineroar, L50, M|\n|teampreview|4\n|inactive|Battle timer is ON: inactive players will automatically lose when time's up. (requested by Horses_Only3)\n|\n|t:|1776400372\n|teamsize|p1|4\n|teamsize|p2|4\n|start\n|switch|p1a: Cofagrigus|Cofagrigus, L50, M|100/100\n|switch|p1b: Incineroar|Incineroar, L50, M|100/100\n|switch|p2a: Manectric|Manectric, L50, F|100/100\n|switch|p2b: Archaludon|Archaludon, L50, F|100/100\n|-ability|p1b: Incineroar|Intimidate|boost\n|-unboost|p2a: Manectric|atk|1\n|-unboost|p2b: Archaludon|atk|1\n|turn|1\n|\n|t:|1776400393\n|detailschange|p2a: Manectric|Manectric-Mega, L50, F\n|-mega|p2a: Manectric|Manectric|Manectite\n|-ability|p2a: Manectric|Intimidate|boost\n|-unboost|p1a: Cofagrigus|atk|1\n|-unboost|p1b: Incineroar|atk|1\n|move|p1b: Incineroar|Fake Out|p2a: Manectric\n|-damage|p2a: Manectric|91/100\n|cant|p2a: Manectric|flinch\n|move|p2b: Archaludon|Electro Shot||[still]\n|-prepare|p2b: Archaludon|Electro Shot\n|-boost|p2b: Archaludon|spa|1\n|move|p1a: Cofagrigus|Trick Room|p1a: Cofagrigus\n|-fieldstart|move: Trick Room|[of] p1a: Cofagrigus\n|\n|upkeep\n|turn|2\n|\n|t:|1776400423\n|move|p1a: Cofagrigus|Will-O-Wisp|p2a: Manectric\n|-status|p2a: Manectric|brn\n|move|p1b: Incineroar|Parting Shot|p2b: Archaludon\n|-unboost|p2b: Archaludon|atk|1\n|-unboost|p2b: Archaludon|spa|1\n|\n|t:|1776400443\n|switch|p1b: Emboar|Emboar, L50, F|100/100|[from] Parting Shot\n|move|p2b: Archaludon|Electro Shot|p1a: Cofagrigus|[from] lockedmove\n|-damage|p1a: Cofagrigus|64/100\n|move|p2a: Manectric|Volt Switch|p1a: Cofagrigus\n|-damage|p1a: Cofagrigus|31/100\n|\n|t:|1776400454\n|switch|p2a: Politoed|Politoed, L50, F|100/100|[from] Volt Switch\n|-weather|RainDance|[from] ability: Drizzle|[of] p2a: Politoed\n|\n|-weather|RainDance|[upkeep]\n|upkeep\n|turn|3\n|\n|t:|1776400477\n|switch|p2b: Manectric|Manectric-Mega, L50, F|91/100 brn\n|-ability|p2b: Manectric|Intimidate|boost\n|-unboost|p1a: Cofagrigus|atk|1\n|-unboost|p1b: Emboar|atk|1\n|detailschange|p1b: Emboar|Emboar-Mega, L50, F\n|-mega|p1b: Emboar|Emboar|Emboarite\n|-ability|p1b: Emboar|Mold Breaker\n|move|p1a: Cofagrigus|Shadow Ball|p2a: Politoed\n|-damage|p2a: Politoed|80/100\n|-unboost|p2a: Politoed|spd|1\n|move|p2a: Politoed|Weather Ball|p1b: Emboar\n|-supereffective|p1b: Emboar|1\n|-damage|p1b: Emboar|28/100\n|move|p1b: Emboar|Close Combat|p2b: Manectric\n|-damage|p2b: Manectric|30/100 brn\n|-unboost|p1b: Emboar|def|1\n|-unboost|p1b: Emboar|spd|1\n|\n|-weather|RainDance|[upkeep]\n|-damage|p2b: Manectric|24/100 brn|[from] brn\n|upkeep\n|turn|4\n|\n|t:|1776400501\n|switch|p1b: Hydreigon|Hydreigon, L50, M|100/100\n|move|p2a: Politoed|Protect|p2a: Politoed\n|-singleturn|p2a: Politoed|Protect\n|move|p2b: Manectric|Protect|p2b: Manectric\n|-singleturn|p2b: Manectric|Protect\n|move|p1a: Cofagrigus|Shadow Ball|p2a: Politoed\n|-activate|p2a: Politoed|move: Protect\n|\n|-weather|RainDance|[upkeep]\n|-damage|p2b: Manectric|18/100 brn|[from] brn\n|upkeep\n|turn|5\n|inactive|raigonjoy has 30 seconds left.\n|\n|t:|1776400528\n|switch|p2b: Archaludon|Archaludon, L50, F|100/100\n|move|p1a: Cofagrigus|Shadow Ball|p2b: Archaludon\n|-damage|p2b: Archaludon|72/100\n|-unboost|p2b: Archaludon|spd|1\n|-ability|p2b: Archaludon|Stamina|boost\n|-boost|p2b: Archaludon|def|1\n|move|p2a: Politoed|Weather Ball|p1a: Cofagrigus\n|-damage|p1a: Cofagrigus|0 fnt\n|faint|p1a: Cofagrigus\n|move|p1b: Hydreigon|Draco Meteor|p2a: Politoed\n|-damage|p2a: Politoed|0 fnt\n|-unboost|p1b: Hydreigon|spa|2\n|faint|p2a: Politoed\n|\n|-weather|RainDance|[upkeep]\n|-heal|p2b: Archaludon|78/100|[from] item: Leftovers\n|-fieldend|move: Trick Room\n|upkeep\n|\n|t:|1776400549\n|switch|p2a: Sinistcha|Sinistcha, L50|100/100\n|switch|p1a: Emboar|Emboar-Mega, L50, F|28/100\n|-ability|p1a: Emboar|Mold Breaker\n|-heal|p2b: Archaludon|100/100|[from] ability: Hospitality|[of] p2a: Sinistcha\n|turn|6\n|\n|t:|1776400571\n|switch|p1b: Incineroar|Incineroar, L50, M|100/100\n|-ability|p1b: Incineroar|Intimidate|boost\n|-unboost|p2a: Sinistcha|atk|1\n|-unboost|p2b: Archaludon|atk|1\n|move|p2b: Archaludon|Dragon Pulse|p1b: Incineroar\n|-damage|p1b: Incineroar|71/100\n|move|p1a: Emboar|Close Combat|p2b: Archaludon\n|-supereffective|p2b: Archaludon|1\n|-damage|p2b: Archaludon|36/100\n|-unboost|p1a: Emboar|def|1\n|-unboost|p1a: Emboar|spd|1\n|-ability|p2b: Archaludon|Stamina|boost\n|-boost|p2b: Archaludon|def|1\n|move|p2a: Sinistcha|Shadow Ball|p1a: Emboar\n|-damage|p1a: Emboar|0 fnt\n|faint|p1a: Emboar\n|\n|-weather|none\n|-heal|p2b: Archaludon|42/100|[from] item: Leftovers\n|upkeep\n|\n|t:|1776400589\n|switch|p1a: Hydreigon|Hydreigon, L50, M|100/100\n|turn|7\n|\n|t:|1776400608\n|move|p2b: Archaludon|Protect|p2b: Archaludon\n|-singleturn|p2b: Archaludon|Protect\n|move|p2a: Sinistcha|Protect|p2a: Sinistcha\n|-singleturn|p2a: Sinistcha|Protect\n|move|p1b: Incineroar|Fake Out|p2b: Archaludon\n|-activate|p2b: Archaludon|move: Protect\n|move|p1a: Hydreigon|Dark Pulse|p2a: Sinistcha\n|-activate|p2a: Sinistcha|move: Protect\n|\n|-heal|p2b: Archaludon|48/100|[from] item: Leftovers\n|upkeep\n|turn|8\n|\n|t:|1776400629\n|move|p2a: Sinistcha|Rage Powder|p2a: Sinistcha\n|-singleturn|p2a: Sinistcha|move: Rage Powder\n|move|p1a: Hydreigon|Draco Meteor|p2a: Sinistcha\n|-damage|p2a: Sinistcha|30/100\n|-unboost|p1a: Hydreigon|spa|2\n|move|p2b: Archaludon|Dragon Pulse|p1a: Hydreigon\n|-supereffective|p1a: Hydreigon|1\n|-damage|p1a: Hydreigon|12/100\n|move|p1b: Incineroar|Flare Blitz|p2a: Sinistcha\n|-supereffective|p2a: Sinistcha|1\n|-damage|p2a: Sinistcha|0 fnt\n|faint|p2a: Sinistcha\n|-damage|p1b: Incineroar|62/100|[from] Recoil\n|\n|-heal|p2b: Archaludon|54/100|[from] item: Leftovers\n|upkeep\n|\n|t:|1776400645\n|switch|p2a: Manectric|Manectric-Mega, L50, F|18/100 brn\n|-ability|p2a: Manectric|Intimidate|boost\n|-unboost|p1a: Hydreigon|atk|1\n|-unboost|p1b: Incineroar|atk|1\n|turn|9\n|\n|t:|1776400659\n|move|p2a: Manectric|Protect|p2a: Manectric\n|-singleturn|p2a: Manectric|Protect\n|move|p2b: Archaludon|Protect|p2b: Archaludon\n|-singleturn|p2b: Archaludon|Protect\n|move|p1a: Hydreigon|Draco Meteor|p2b: Archaludon\n|-activate|p2b: Archaludon|move: Protect\n|move|p1b: Incineroar|Throat Chop|p2a: Manectric\n|-activate|p2a: Manectric|move: Protect\n|\n|-heal|p2b: Archaludon|60/100|[from] item: Leftovers\n|-damage|p2a: Manectric|12/100 brn|[from] brn\n|upkeep\n|turn|10\n|\n|t:|1776400673\n|move|p2a: Manectric|Volt Switch|p1a: Hydreigon\n|-resisted|p1a: Hydreigon|1\n|-damage|p1a: Hydreigon|0 fnt\n|faint|p1a: Hydreigon\n|move|p2b: Archaludon|Dragon Pulse|p1b: Incineroar\n|-damage|p1b: Incineroar|34/100\n|-enditem|p1b: Incineroar|Sitrus Berry|[eat]\n|-heal|p1b: Incineroar|58/100|[from] item: Sitrus Berry\n|move|p1b: Incineroar|Throat Chop|p2a: Manectric\n|-damage|p2a: Manectric|0 fnt\n|faint|p2a: Manectric\n|\n|-heal|p2b: Archaludon|66/100|[from] item: Leftovers\n|upkeep\n|turn|11\n|\n|t:|1776400696\n|move|p2b: Archaludon|Dragon Pulse|p1b: Incineroar\n|-damage|p1b: Incineroar|31/100\n|move|p1b: Incineroar|Parting Shot|p2b: Archaludon\n|-unboost|p2b: Archaludon|atk|1\n|-unboost|p2b: Archaludon|spa|1\n|\n|-heal|p2b: Archaludon|72/100|[from] item: Leftovers\n|upkeep\n|turn|12\n|\n|t:|1776400707\n|move|p2b: Archaludon|Dragon Pulse|p1b: Incineroar\n|-damage|p1b: Incineroar|10/100\n|move|p1b: Incineroar|Flare Blitz|p2b: Archaludon\n|-damage|p2b: Archaludon|61/100\n|-ability|p2b: Archaludon|Stamina|boost\n|-boost|p2b: Archaludon|def|1\n|-damage|p1b: Incineroar|7/100|[from] Recoil\n|\n|-heal|p2b: Archaludon|67/100|[from] item: Leftovers\n|upkeep\n|turn|13\n|\n|t:|1776400716\n|move|p2b: Archaludon|Dragon Pulse|p1b: Incineroar\n|-damage|p1b: Incineroar|0 fnt\n|faint|p1b: Incineroar\n|\n|win|raigonjoy\n|raw|Horses_Only3's rating: 1034 &rarr; <strong>1017</strong><br />(-17 for losing)\n|raw|raigonjoy's rating: 1000 &rarr; <strong>1044</strong><br />(+44 for winning)\n",
  "uploadtime": 1776400718,
  "views": 19,
  "formatid": "gen9championsvgc2026regma",
  "rating": 1017,
  "private": 0,
  "password": null
}