{
  "id": "gen9championsvgc2026regma-2586331985",
  "format": "[Gen 9 Champions] VGC 2026 Reg M-A",
  "players": [
    "KlibbeKonnoisseur",
    "whizz whoosh"
  ],
  "log": "|j|\u2606KlibbeKonnoisseur\n|j|\u2606whizz whoosh\n|html|<table width=\"100%\"><tr><td align=\"left\">KlibbeKonnoisseur</td><td align=\"right\">whizz whoosh</tr><tr><td align=\"left\"><i class=\"fa fa-circle-o\"></i> <i class=\"fa fa-circle-o\"></i> </td><td align=\"right\"><i class=\"fa fa-circle-o\"></i> <i class=\"fa fa-circle-o\"></i> </tr></table>\n|uhtml|bestof|<h2><strong>Game 1</strong> of <a href=\"/game-bestof3-gen9championsvgc2026regma-2586331984\">a best-of-3</a></h2>\n|t:|1776426091\n|gametype|doubles\n|player|p1|KlibbeKonnoisseur|gentleman|\n|player|p2|whizz whoosh|lucas|\n|gen|9\n|tier|[Gen 9 Champions] VGC 2026 Reg M-A\n|rated|Tournament battle\n|rule|Species Clause: Limit one of each Pok\u00e9mon\n|rule|Item Clause: Limit 1 of each item\n|raw|<div class=\"infobox\"><details class=\"readmore\" open><summary><strong>2 custom rules:</strong></summary> Force Open Team Sheets, Best of = 3</details></div>\n|clearpoke\n|poke|p1|Incineroar, L50, M|\n|poke|p1|Garchomp, L50, M|\n|poke|p1|Aerodactyl, L50, F|\n|poke|p1|Aegislash, L50, F|\n|poke|p1|Floette-Eternal, L50, F|\n|poke|p1|Sinistcha, L50|\n|poke|p2|Whimsicott, L50, F|\n|poke|p2|Kommo-o, L50, F|\n|poke|p2|Aegislash, L50, M|\n|poke|p2|Maushold-Four, L50|\n|poke|p2|Gengar, L50, F|\n|poke|p2|Rotom-Wash, L50|\n|teampreview|4\n|showteam|p1|Incineroar||Leftovers|Intimidate|FakeOut,FlareBlitz,DarkestLariat,PartingShot|||M|||50|]Garchomp||ChoiceScarf|RoughSkin|DragonClaw,StompingTantrum,RockSlide,IronHead|||M|||50|]Aerodactyl||FocusSash|Unnerve|RockSlide,DualWingbeat,Tailwind,Protect|||F|||50|]Aegislash||ColburBerry|StanceChange|IronHead,ShadowSneak,SacredSword,KingsShield|||F|||50|]Floette-Eternal||Floettite|FlowerVeil|DazzlingGleam,DrainingKiss,CalmMind,Protect|||F|||50|]Sinistcha||SitrusBerry|Hospitality|MatchaGotcha,LifeDew,RagePowder,TrickRoom||||||50|\n|showteam|p2|Whimsicott||FairyFeather|Prankster|Moonblast,Tailwind,Encore,Protect|||F|||50|]Kommo-o||Leftovers|Soundproof|ClangingScales,AuraSphere,ClangorousSoul,Protect|||F|||50|]Aegislash||SpellTag|StanceChange|Poltergeist,IronHead,ShadowSneak,KingsShield|||M|||50|]Maushold-Four||FocusSash|FriendGuard|SuperFang,Taunt,FollowMe,Protect||||||50|]Gengar||Gengarite|CursedBody|SludgeBomb,ShadowBall,Protect,Substitute|||F|||50|]Rotom-Wash||ChoiceScarf|Levitate|Thunderbolt,VoltSwitch,Electroweb,HydroPump||||||50|\n|inactive|Battle timer is ON: inactive players will automatically lose when time's up. (requested by KlibbeKonnoisseur)\n|j| uyhuh(-trftgr\n|inactive|whizz whoosh has 60 seconds left.\n|l| uyhuh(-trftgr\n|\n|t:|1776426137\n|teamsize|p1|4\n|teamsize|p2|4\n|start\n|switch|p1a: Floette|Floette-Eternal, L50, F|100/100\n|switch|p1b: Incineroar|Incineroar, L50, M|100/100\n|switch|p2a: Rotom|Rotom-Wash, L50|100/100\n|switch|p2b: Kommo-o|Kommo-o, L50, F|100/100\n|-ability|p1b: Incineroar|Intimidate|boost\n|-unboost|p2a: Rotom|atk|1\n|-unboost|p2b: Kommo-o|atk|1\n|turn|1\n|\n|t:|1776426166\n|switch|p2b: Whimsicott|Whimsicott, L50, F|100/100\n|detailschange|p1a: Floette|Floette-Mega, L50, F\n|-mega|p1a: Floette|Floette|Floettite\n|-ability|p1a: Floette|Fairy Aura\n|move|p1b: Incineroar|Fake Out|p2a: Rotom\n|-damage|p2a: Rotom|81/100\n|cant|p2a: Rotom|flinch\n|move|p1a: Floette|Dazzling Gleam|p2b: Whimsicott|[spread] p2a,p2b\n|-crit|p2a: Rotom\n|-damage|p2a: Rotom|0 fnt\n|-damage|p2b: Whimsicott|26/100\n|faint|p2a: Rotom\n|\n|upkeep\n|\n|t:|1776426177\n|switch|p2a: Aegislash|Aegislash, L50, M|100/100\n|turn|2\n|\n|t:|1776426193\n|switch|p1a: Aegislash|Aegislash, L50, F|100/100\n|move|p2a: Aegislash|King's Shield|p2a: Aegislash\n|-singleturn|p2a: Aegislash|Protect\n|move|p2b: Whimsicott|Moonblast|p1a: Aegislash\n|-resisted|p1a: Aegislash|1\n|-damage|p1a: Aegislash|81/100\n|-unboost|p1a: Aegislash|spa|1\n|move|p1b: Incineroar|Flare Blitz|p2a: Aegislash\n|-activate|p2a: Aegislash|move: Protect\n|-unboost|p1b: Incineroar|atk|1\n|\n|upkeep\n|turn|3\n|\n|t:|1776426217\n|switch|p2a: Kommo-o|Kommo-o, L50, F|100/100\n|move|p2b: Whimsicott|Moonblast|p1b: Incineroar\n|-damage|p1b: Incineroar|52/100\n|move|p1b: Incineroar|Flare Blitz|p2a: Kommo-o\n|-resisted|p2a: Kommo-o|1\n|-damage|p2a: Kommo-o|81/100\n|-damage|p1b: Incineroar|46/100|[from] Recoil\n|-formechange|p1a: Aegislash|Aegislash-Blade|\n|move|p1a: Aegislash|Iron Head|p2b: Whimsicott\n|-supereffective|p2b: Whimsicott|1\n|-damage|p2b: Whimsicott|0 fnt\n|faint|p2b: Whimsicott\n|\n|-heal|p2a: Kommo-o|87/100|[from] item: Leftovers\n|-heal|p1b: Incineroar|53/100|[from] item: Leftovers\n|upkeep\n|\n|t:|1776426229\n|switch|p2b: Aegislash|Aegislash, L50, M|100/100\n|turn|4\n|\n|t:|1776426250\n|switch|p1b: Sinistcha|Sinistcha, L50|100/100\n|-heal|p1a: Aegislash|100/100|[from] ability: Hospitality|[of] p1b: Sinistcha\n|-formechange|p1a: Aegislash|Aegislash|\n|move|p1a: Aegislash|King's Shield|p1a: Aegislash\n|-singleturn|p1a: Aegislash|Protect\n|move|p2a: Kommo-o|Clangorous Soul|p2a: Kommo-o\n|-boost|p2a: Kommo-o|atk|1\n|-boost|p2a: Kommo-o|def|1\n|-boost|p2a: Kommo-o|spa|1\n|-boost|p2a: Kommo-o|spd|1\n|-boost|p2a: Kommo-o|spe|1\n|-damage|p2a: Kommo-o|54/100\n|-formechange|p2b: Aegislash|Aegislash-Blade|\n|move|p2b: Aegislash|Poltergeist|p1a: Aegislash\n|-activate|p1a: Aegislash|move: Protect\n|\n|-heal|p2a: Kommo-o|60/100|[from] item: Leftovers\n|upkeep\n|turn|5\n|j| ido1234567890\n|inactive|KlibbeKonnoisseur has 30 seconds left.\n|\n|t:|1776426280\n|-formechange|p2b: Aegislash|Aegislash|\n|move|p2b: Aegislash|King's Shield|p2b: Aegislash\n|-singleturn|p2b: Aegislash|Protect\n|-formechange|p1a: Aegislash|Aegislash-Blade|\n|move|p1a: Aegislash|Shadow Sneak|p2b: Aegislash\n|-activate|p2b: Aegislash|move: Protect\n|-unboost|p1a: Aegislash|atk|1\n|move|p2a: Kommo-o|Clanging Scales|p1a: Aegislash|[spread] p1a,p1b\n|-resisted|p1a: Aegislash|1\n|-damage|p1a: Aegislash|46/100\n|-damage|p1b: Sinistcha|26/100\n|-enditem|p1b: Sinistcha|Sitrus Berry|[eat]\n|-heal|p1b: Sinistcha|50/100|[from] item: Sitrus Berry\n|-unboost|p2a: Kommo-o|def|1\n|move|p1b: Sinistcha|Trick Room|p1b: Sinistcha\n|-fieldstart|move: Trick Room|[of] p1b: Sinistcha\n|\n|-heal|p2a: Kommo-o|66/100|[from] item: Leftovers\n|upkeep\n|turn|6\n|inactive|KlibbeKonnoisseur has 30 seconds left.\n|inactive|whizz whoosh has 30 seconds left.\n|\n|t:|1776426312\n|switch|p1a: Incineroar|Incineroar, L50, M|53/100\n|-ability|p1a: Incineroar|Intimidate|boost\n|-unboost|p2a: Kommo-o|atk|1\n|-unboost|p2b: Aegislash|atk|1\n|-formechange|p2b: Aegislash|Aegislash-Blade|\n|move|p2b: Aegislash|Poltergeist||[still]\n|-fail|p2b: Aegislash\n|move|p1b: Sinistcha|Life Dew|p1b: Sinistcha|[spread] p1a,p1b\n|-heal|p1a: Incineroar|78/100\n|-heal|p1b: Sinistcha|76/100\n|move|p2a: Kommo-o|Clangorous Soul|p2a: Kommo-o\n|-boost|p2a: Kommo-o|atk|1\n|-boost|p2a: Kommo-o|def|1\n|-boost|p2a: Kommo-o|spa|1\n|-boost|p2a: Kommo-o|spd|1\n|-boost|p2a: Kommo-o|spe|1\n|-damage|p2a: Kommo-o|33/100\n|\n|-heal|p1a: Incineroar|84/100|[from] item: Leftovers\n|-heal|p2a: Kommo-o|39/100|[from] item: Leftovers\n|upkeep\n|turn|7\n|inactive|KlibbeKonnoisseur has 30 seconds left.\n|\n|t:|1776426341\n|-formechange|p2b: Aegislash|Aegislash|\n|move|p2b: Aegislash|King's Shield|p2b: Aegislash\n|-singleturn|p2b: Aegislash|Protect\n|move|p2a: Kommo-o|Protect|p2a: Kommo-o\n|-singleturn|p2a: Kommo-o|Protect\n|move|p1a: Incineroar|Fake Out|p2a: Kommo-o\n|-activate|p2a: Kommo-o|move: Protect\n|move|p1b: Sinistcha|Matcha Gotcha|p2a: Kommo-o|[spread] \n|-activate|p2a: Kommo-o|move: Protect\n|-activate|p2b: Aegislash|move: Protect\n|\n|-heal|p1a: Incineroar|90/100|[from] item: Leftovers\n|-heal|p2a: Kommo-o|45/100|[from] item: Leftovers\n|upkeep\n|turn|8\n|\n|t:|1776426364\n|-formechange|p2b: Aegislash|Aegislash-Blade|\n|move|p2b: Aegislash|Shadow Sneak|p1b: Sinistcha\n|-supereffective|p1b: Sinistcha|1\n|-damage|p1b: Sinistcha|45/100\n|move|p1b: Sinistcha|Matcha Gotcha|p2a: Kommo-o|[spread] p2a,p2b\n|-resisted|p2a: Kommo-o|1\n|-resisted|p2b: Aegislash|1\n|-damage|p2a: Kommo-o|39/100\n|-heal|p1b: Sinistcha|48/100|[from] drain|[of] p2a: Kommo-o\n|-damage|p2b: Aegislash|79/100\n|-heal|p1b: Sinistcha|58/100|[from] drain|[of] p2b: Aegislash\n|move|p1a: Incineroar|Flare Blitz|p2b: Aegislash\n|-supereffective|p2b: Aegislash|1\n|-damage|p2b: Aegislash|0 fnt\n|faint|p2b: Aegislash\n|-damage|p1a: Incineroar|68/100|[from] Recoil\n|move|p2a: Kommo-o|Clanging Scales|p1a: Incineroar|[spread] p1a,p1b\n|-damage|p1a: Incineroar|0 fnt\n|-damage|p1b: Sinistcha|0 fnt\n|faint|p1a: Incineroar\n|faint|p1b: Sinistcha\n|-unboost|p2a: Kommo-o|def|1\n|\n|-heal|p2a: Kommo-o|45/100|[from] item: Leftovers\n|upkeep\n|inactive|KlibbeKonnoisseur has 30 seconds left.\n|\n|t:|1776426389\n|switch|p1b: Aegislash|Aegislash, L50, F|46/100\n|switch|p1a: Floette|Floette-Mega, L50, F|100/100\n|-ability|p1a: Floette|Fairy Aura\n|turn|9\n|-message|whizz whoosh forfeited.\n|\n|win|KlibbeKonnoisseur\n||whizz whoosh is ready for game 2.\n|inactive|KlibbeKonnoisseur has 30 seconds to confirm battle start!\n||KlibbeKonnoisseur is ready for game 2.\n|uhtml|next|Next: <a href=\"/battle-gen9championsvgc2026regma-2586335358\"><strong>Game 2 of 3</strong></a>\n|l|\u2606KlibbeKonnoisseur\n|player|p1|\n",
  "uploadtime": 1776426887,
  "views": 25,
  "formatid": "gen9championsvgc2026regma",
  "rating": null,
  "private": 0,
  "password": null
}