{
  "id": "gen9championsvgc2026regma-2585462983",
  "format": "[Gen 9 Champions] VGC 2026 Reg M-A",
  "players": [
    "campeondelfitness",
    "stublo"
  ],
  "log": "|j|\u2606campeondelfitness\n|j|\u2606stublo\n|t:|1776348952\n|gametype|doubles\n|player|p1|campeondelfitness|swimmer|1144\n|player|p2|stublo|102|1107\n|gen|9\n|tier|[Gen 9 Champions] VGC 2026 Reg M-A\n|rated|\n|rule|Species Clause: Limit one of each Pok\u00e9mon\n|rule|Item Clause: Limit 1 of each item\n|clearpoke\n|poke|p1|Tyranitar, L50, F|\n|poke|p1|Garchomp, L50, F|\n|poke|p1|Heliolisk, L50, F|\n|poke|p1|Rotom-Heat, L50|\n|poke|p1|Orthworm, L50, M|\n|poke|p1|Aerodactyl, L50, M|\n|poke|p2|Incineroar, L50, M|\n|poke|p2|Pelipper, L50, M|\n|poke|p2|Basculegion, L50, M|\n|poke|p2|Meganium, L50, M|\n|poke|p2|Excadrill, L50, M|\n|poke|p2|Rotom-Frost, L50|\n|teampreview|4\n|inactive|Battle timer is ON: inactive players will automatically lose when time's up. (requested by campeondelfitness)\n|inactive|campeondelfitness has 60 seconds left.\n|\n|t:|1776348984\n|teamsize|p1|4\n|teamsize|p2|4\n|start\n|switch|p1a: Rotom|Rotom-Heat, L50|100/100\n|switch|p1b: Orthworm|Orthworm, L50, M|100/100\n|switch|p2a: Pelipper|Pelipper, L50, M|100/100\n|switch|p2b: Incineroar|Incineroar, L50, M|100/100\n|-weather|RainDance|[from] ability: Drizzle|[of] p2a: Pelipper\n|-ability|p2b: Incineroar|Intimidate|boost\n|-unboost|p1a: Rotom|atk|1\n|-unboost|p1b: Orthworm|atk|1\n|turn|1\n|\n|t:|1776349002\n|move|p2b: Incineroar|Fake Out|p1a: Rotom\n|-damage|p1a: Rotom|87/100\n|cant|p1a: Rotom|flinch\n|move|p2a: Pelipper|Tailwind|p2a: Pelipper\n|-sidestart|p2: stublo|move: Tailwind\n|move|p1b: Orthworm|Shed Tail|p1b: Orthworm\n|-start|p1b: Orthworm|Substitute|[from] move: Shed Tail\n|-damage|p1b: Orthworm|50/100\n|\n|t:|1776349012\n|switch|p1b: Tyranitar|Tyranitar, L50, F|100/100|[from] Shed Tail\n|-weather|Sandstorm|[from] ability: Sand Stream|[of] p1b: Tyranitar\n|\n|-weather|Sandstorm|[upkeep]\n|-damage|p2a: Pelipper|95/100|[from] Sandstorm\n|-damage|p2b: Incineroar|94/100|[from] Sandstorm\n|-damage|p1a: Rotom|81/100|[from] Sandstorm\n|upkeep\n|turn|2\n|\n|t:|1776349037\n|switch|p2a: Excadrill|Excadrill, L50, M|100/100\n|-ability|p2a: Excadrill|Mold Breaker\n|move|p2b: Incineroar|Parting Shot|p1a: Rotom\n|-unboost|p1a: Rotom|atk|1\n|-unboost|p1a: Rotom|spa|1\n|\n|t:|1776349043\n|switch|p2b: Pelipper|Pelipper, L50, M|95/100|[from] Parting Shot\n|-weather|RainDance|[from] ability: Drizzle|[of] p2b: Pelipper\n|move|p1a: Rotom|Volt Switch|p2a: Excadrill\n|-immune|p2a: Excadrill\n|move|p1b: Tyranitar|Icy Wind|p2a: Excadrill|[spread] p2a,p2b\n|-damage|p2a: Excadrill|88/100\n|-damage|p2b: Pelipper|79/100\n|-unboost|p2a: Excadrill|spe|1\n|-unboost|p2b: Pelipper|spe|1\n|\n|-weather|RainDance|[upkeep]\n|upkeep\n|turn|3\n|inactive|stublo has 30 seconds left.\n|\n|t:|1776349069\n|detailschange|p2a: Excadrill|Excadrill-Mega, L50, M\n|-mega|p2a: Excadrill|Excadrill|Excadrite\n|move|p2b: Pelipper|Wide Guard|p2b: Pelipper\n|-singleturn|p2b: Pelipper|Wide Guard\n|move|p2a: Excadrill|Rock Slide|p1b: Tyranitar|[spread] p1a,p1b\n|-activate|p1b: Tyranitar|move: Substitute|[damage]\n|-supereffective|p1a: Rotom|1\n|-damage|p1a: Rotom|32/100\n|move|p1a: Rotom|Will-O-Wisp|p2a: Excadrill\n|-status|p2a: Excadrill|brn\n|move|p1b: Tyranitar|Knock Off|p2a: Excadrill\n|-damage|p2a: Excadrill|59/100 brn\n|\n|-weather|RainDance|[upkeep]\n|-damage|p2a: Excadrill|53/100 brn|[from] brn\n|upkeep\n|turn|4\n|inactive|campeondelfitness has 30 seconds left.\n|\n|t:|1776349103\n|move|p2b: Pelipper|Protect||[still]\n|-fail|p2b: Pelipper\n|move|p2a: Excadrill|Rock Slide|p1a: Rotom|[spread] p1a,p1b\n|-activate|p1b: Tyranitar|move: Substitute|[damage]\n|-supereffective|p1a: Rotom|1\n|-damage|p1a: Rotom|7/100\n|move|p1a: Rotom|Volt Switch|p2b: Pelipper\n|-supereffective|p2b: Pelipper|2\n|-damage|p2b: Pelipper|0 fnt\n|faint|p2b: Pelipper\n|\n|t:|1776349125\n|switch|p1a: Garchomp|Garchomp, L50, F|100/100|[from] Volt Switch\n|move|p1b: Tyranitar|Knock Off|p2a: Excadrill\n|-damage|p2a: Excadrill|22/100 brn\n|\n|-weather|RainDance|[upkeep]\n|-damage|p2a: Excadrill|17/100 brn|[from] brn\n|-sideend|p2: stublo|move: Tailwind\n|upkeep\n|\n|t:|1776349132\n|switch|p2b: Basculegion|Basculegion, L50, M|100/100\n|turn|5\n|\n|t:|1776349149\n|detailschange|p1a: Garchomp|Garchomp-Mega, L50, F\n|-mega|p1a: Garchomp|Garchomp|Garchompite\n|move|p1a: Garchomp|Protect|p1a: Garchomp\n|-singleturn|p1a: Garchomp|Protect\n|move|p2b: Basculegion|Waterfall|p1a: Garchomp\n|-activate|p1a: Garchomp|move: Protect\n|move|p2a: Excadrill|Rock Slide|p1a: Garchomp|[spread] p1b\n|-activate|p1a: Garchomp|move: Protect\n|-end|p1b: Tyranitar|Substitute\n|move|p1b: Tyranitar|Knock Off|p2b: Basculegion\n|-supereffective|p2b: Basculegion|1\n|-damage|p2b: Basculegion|0 fnt\n|-enditem|p2b: Basculegion|Mystic Water|[from] move: Knock Off|[of] p1b: Tyranitar\n|faint|p2b: Basculegion\n|\n|-weather|RainDance|[upkeep]\n|-damage|p2a: Excadrill|11/100 brn|[from] brn\n|upkeep\n|-message|stublo forfeited.\n|\n|win|campeondelfitness\n|raw|campeondelfitness's rating: 1144 &rarr; <strong>1166</strong><br />(+22 for winning)\n|raw|stublo's rating: 1107 &rarr; <strong>1085</strong><br />(-22 for losing)\n|l|\u2606stublo\n|player|p2|\n",
  "uploadtime": 1776349166,
  "views": 45,
  "formatid": "gen9championsvgc2026regma",
  "rating": 1085,
  "private": 0,
  "password": null
}