{
  "id": "gen9championsvgc2026regma-2588263996",
  "format": "[Gen 9 Champions] VGC 2026 Reg M-A",
  "players": [
    "raghavendarv",
    "ItsWhayate"
  ],
  "log": "|j|\u2606raghavendarv\n|j|\u2606ItsWhayate\n|t:|1776619207\n|gametype|doubles\n|player|p1|raghavendarv|riley|1092\n|player|p2|ItsWhayate|iris|1118\n|gen|9\n|tier|[Gen 9 Champions] VGC 2026 Reg M-A\n|rated|\n|rule|Species Clause: Limit one of each Pok\u00e9mon\n|rule|Item Clause: Limit 1 of each item\n|clearpoke\n|poke|p1|Pelipper, L50, F|\n|poke|p1|Archaludon, L50, M|\n|poke|p1|Starmie, L50|\n|poke|p1|Decidueye-Hisui, L50, M|\n|poke|p1|Aegislash, L50, F|\n|poke|p1|Heliolisk, L50, M|\n|poke|p2|Tyranitar, L50, F, shiny|\n|poke|p2|Garchomp, L50, F|\n|poke|p2|Orthworm, L50, M|\n|poke|p2|Corviknight, L50, F|\n|poke|p2|Aerodactyl, L50, F|\n|poke|p2|Glimmora, L50, F|\n|teampreview|4\nItsWhayate rejected open team sheets.\n|inactive|Battle timer is ON: inactive players will automatically lose when time's up. (requested by ItsWhayate)\n|\n|t:|1776619251\n|teamsize|p1|4\n|teamsize|p2|4\n|start\n|switch|p1a: Decidueye|Decidueye-Hisui, L50, M|100/100\n|switch|p1b: Pelipper|Pelipper, L50, F|100/100\n|switch|p2a: Tyranitar|Tyranitar, L50, F, shiny|100/100\n|switch|p2b: Orthworm|Orthworm, L50, M|100/100\n|-weather|RainDance|[from] ability: Drizzle|[of] p1b: Pelipper\n|-weather|Sandstorm|[from] ability: Sand Stream|[of] p2a: Tyranitar\n|turn|1\n|\n|t:|1776619270\n|move|p2b: Orthworm|Protect|p2b: Orthworm\n|-singleturn|p2b: Orthworm|Protect\n|move|p1b: Pelipper|U-turn|p2a: Tyranitar\n|-supereffective|p2a: Tyranitar|1\n|-damage|p2a: Tyranitar|88/100\n|\n|t:|1776619280\n|switch|p1b: Archaludon|Archaludon, L50, M|100/100|[from] U-turn\n|move|p2a: Tyranitar|Rock Slide|p1b: Archaludon|[spread] p1a,p1b\n|-resisted|p1a: Decidueye|1\n|-resisted|p1b: Archaludon|1\n|-damage|p1a: Decidueye|87/100\n|-damage|p1b: Archaludon|91/100\n|-ability|p1b: Archaludon|Stamina|boost\n|-boost|p1b: Archaludon|def|1\n|cant|p1a: Decidueye|flinch\n|\n|-weather|Sandstorm|[upkeep]\n|-damage|p1a: Decidueye|80/100|[from] Sandstorm\n|upkeep\n|turn|2\n|\n|t:|1776619302\n|switch|p2a: Aerodactyl|Aerodactyl, L50, F|100/100\n|-ability|p2a: Aerodactyl|Unnerve\n|move|p1b: Archaludon|Protect|p1b: Archaludon\n|-singleturn|p1b: Archaludon|Protect\n|move|p2b: Orthworm|Shed Tail|p2b: Orthworm\n|-start|p2b: Orthworm|Substitute|[from] move: Shed Tail\n|-damage|p2b: Orthworm|50/100\n|-enditem|p2b: Orthworm|Sitrus Berry|[eat]\n|-heal|p2b: Orthworm|75/100|[from] item: Sitrus Berry\n|\n|t:|1776619311\n|switch|p2b: Glimmora|Glimmora, L50, F|100/100|[from] Shed Tail\n|move|p1a: Decidueye|Triple Arrows|p2a: Aerodactyl\n|-crit|p2a: Aerodactyl\n|-enditem|p2a: Aerodactyl|Focus Sash\n|-damage|p2a: Aerodactyl|1/100\n|-unboost|p2a: Aerodactyl|def|1\n|\n|-weather|Sandstorm|[upkeep]\n|-damage|p1a: Decidueye|74/100|[from] Sandstorm\n|upkeep\n|turn|3\n|\n|t:|1776619328\n|switch|p1a: Pelipper|Pelipper, L50, F|100/100\n|-weather|RainDance|[from] ability: Drizzle|[of] p1a: Pelipper\n|detailschange|p2b: Glimmora|Glimmora-Mega, L50, F\n|-mega|p2b: Glimmora|Glimmora|Glimmoranite\n|move|p2a: Aerodactyl|Tailwind|p2a: Aerodactyl\n|-sidestart|p2: ItsWhayate|move: Tailwind\n|move|p2b: Glimmora|Earth Power|p1b: Archaludon\n|-supereffective|p1b: Archaludon|1\n|-damage|p1b: Archaludon|8/100\n|-ability|p1b: Archaludon|Stamina|boost\n|-boost|p1b: Archaludon|def|1\n|move|p1b: Archaludon|Flash Cannon|p2b: Glimmora\n|-supereffective|p2b: Glimmora|1\n|-end|p2b: Glimmora|Substitute\n|\n|-weather|RainDance|[upkeep]\n|upkeep\n|turn|4\n|\n|t:|1776619352\n|move|p1b: Archaludon|Protect|p1b: Archaludon\n|-singleturn|p1b: Archaludon|Protect\n|move|p2a: Aerodactyl|Rock Slide|p1a: Pelipper|[spread] p1a\n|-activate|p1b: Archaludon|move: Protect\n|-supereffective|p1a: Pelipper|1\n|-damage|p1a: Pelipper|35/100\n|move|p2b: Glimmora|Power Gem|p1a: Pelipper\n|-supereffective|p1a: Pelipper|1\n|-damage|p1a: Pelipper|0 fnt\n|faint|p1a: Pelipper\n|\n|-weather|RainDance|[upkeep]\n|upkeep\n|\n|t:|1776619363\n|switch|p1a: Starmie|Starmie, L50|100/100\n|turn|5\n|\n|t:|1776619375\n|detailschange|p1a: Starmie|Starmie-Mega, L50\n|-mega|p1a: Starmie|Starmie|Starminite\n|move|p2a: Aerodactyl|Rock Slide|p1b: Archaludon|[spread] p1a,p1b\n|-resisted|p1b: Archaludon|1\n|-crit|p1b: Archaludon\n|-damage|p1a: Starmie|68/100\n|-damage|p1b: Archaludon|0 fnt\n|faint|p1b: Archaludon\n|move|p2b: Glimmora|Sludge Wave|p1a: Starmie|[spread] p2a,p1a\n|-resisted|p2a: Aerodactyl|1\n|-damage|p2a: Aerodactyl|0 fnt\n|-damage|p1a: Starmie|2/100\n|faint|p2a: Aerodactyl\n|cant|p1a: Starmie|flinch\n|\n|-weather|RainDance|[upkeep]\n|upkeep\n|\n|t:|1776619389\n|switch|p2a: Tyranitar|Tyranitar, L50, F, shiny|88/100\n|switch|p1b: Decidueye|Decidueye-Hisui, L50, M|74/100\n|-weather|Sandstorm|[from] ability: Sand Stream|[of] p2a: Tyranitar\n|turn|6\n|\n|t:|1776619407\n|move|p1a: Starmie|Aqua Jet|p2b: Glimmora\n|-supereffective|p2b: Glimmora|1\n|-damage|p2b: Glimmora|30/100\n|move|p2b: Glimmora|Sludge Wave|p1a: Starmie|[spread] p2a,p1a,p1b\n|-resisted|p2a: Tyranitar|1\n|-supereffective|p1b: Decidueye|1\n|-damage|p2a: Tyranitar|73/100\n|-damage|p1a: Starmie|0 fnt\n|-damage|p1b: Decidueye|0 fnt\n|faint|p1a: Starmie\n|faint|p1b: Decidueye\n|\n|win|ItsWhayate\n|raw|raghavendarv's rating: 1092 &rarr; <strong>1070</strong><br />(-22 for losing)\n|raw|ItsWhayate's rating: 1118 &rarr; <strong>1141</strong><br />(+23 for winning)\n",
  "uploadtime": 1776619414,
  "views": 9,
  "formatid": "gen9championsvgc2026regma",
  "rating": 1070,
  "private": 0,
  "password": null
}