{
  "id": "gen9championsvgc2026regma-2584837932",
  "format": "[Gen 9 Champions] VGC 2026 Reg M-A",
  "players": [
    "LovelyLizardLad",
    "BlAzE_MickeyDEEZ"
  ],
  "log": "|j|\u2606LovelyLizardLad\n|j|\u2606BlAzE_MickeyDEEZ\n|t:|1776287557\n|gametype|doubles\n|player|p1|LovelyLizardLad|red|1342\n|player|p2|BlAzE_MickeyDEEZ|101|1401\n|gen|9\n|tier|[Gen 9 Champions] VGC 2026 Reg M-A\n|rated|\n|rule|Species Clause: Limit one of each Pok\u00e9mon\n|rule|Item Clause: Limit 1 of each item\n|clearpoke\n|poke|p1|Delphox, L50, F|\n|poke|p1|Basculegion, L50, M|\n|poke|p1|Clefable, L50, F|\n|poke|p1|Kingambit, L50, F|\n|poke|p1|Sneasler, L50, M|\n|poke|p1|Heliolisk, L50, F|\n|poke|p2|Sneasler, L50, F|\n|poke|p2|Kingambit, L50, M|\n|poke|p2|Delphox, L50, F|\n|poke|p2|Meowstic, L50, M|\n|poke|p2|Rotom-Wash, L50|\n|poke|p2|Garchomp, L50, M|\n|teampreview|4\n|j| batmanbolad0\n|inactive|Battle timer is ON: inactive players will automatically lose when time's up. (requested by LovelyLizardLad)\n|l|\u2606LovelyLizardLad\n|inactive|LovelyLizardLad disconnected and has a minute to reconnect!\n|player|p1|\n|inactive|BlAzE_MickeyDEEZ has 60 seconds left.\n|\n|t:|1776287708\n|teamsize|p1|4\n|teamsize|p2|4\n|start\n|switch|p1a: Basculegion|Basculegion, L50, M|100/100\n|switch|p1b: Kingambit|Kingambit, L50, F|100/100\n|switch|p2a: Meowstic|Meowstic, L50, M|100/100\n|switch|p2b: Delphox|Delphox, L50, F|100/100\n|turn|1\n|j|\u2606LovelyLizardLad\n|inactive|LovelyLizardLad reconnected and has 40 seconds left.\n|player|p1|LovelyLizardLad|red|\n|inactive|LovelyLizardLad has 30 seconds left.\n|inactive|LovelyLizardLad has 20 seconds left.\n|inactive|LovelyLizardLad has 15 seconds left.\n|inactive|LovelyLizardLad has 10 seconds left.\n|\n|t:|1776287754\n|move|p2b: Delphox|Protect|p2b: Delphox\n|-singleturn|p2b: Delphox|Protect\n|move|p2a: Meowstic|Reflect|p2a: Meowstic\n|-sidestart|p2: BlAzE_MickeyDEEZ|Reflect\n|move|p1a: Basculegion|Flip Turn|p2a: Meowstic\n|-damage|p2a: Meowstic|75/100\n|\n|t:|1776287764\n|switch|p1a: Delphox|Delphox, L50, F|100/100|[from] Flip Turn\n|move|p1b: Kingambit|Kowtow Cleave|p2b: Delphox\n|-activate|p2b: Delphox|move: Protect\n|\n|upkeep\n|turn|2\n|\n|t:|1776287777\n|detailschange|p1a: Delphox|Delphox-Mega, L50, F\n|-mega|p1a: Delphox|Delphox|Delphoxite\n|detailschange|p2b: Delphox|Delphox-Mega, L50, F\n|-mega|p2b: Delphox|Delphox|Delphoxite\n|move|p2a: Meowstic|Light Screen|p2a: Meowstic\n|-sidestart|p2: BlAzE_MickeyDEEZ|move: Light Screen\n|move|p1a: Delphox|Heat Wave|p2a: Meowstic|[spread] p2a,p2b\n|-resisted|p2b: Delphox|1\n|-damage|p2a: Meowstic|46/100\n|-damage|p2b: Delphox|87/100\n|move|p2b: Delphox|Heat Wave|p1a: Delphox|[spread] p1a,p1b\n|-resisted|p1a: Delphox|1\n|-supereffective|p1b: Kingambit|1\n|-damage|p1a: Delphox|76/100\n|-damage|p1b: Kingambit|7/100\n|move|p1b: Kingambit|Kowtow Cleave|p2b: Delphox\n|-supereffective|p2b: Delphox|1\n|-damage|p2b: Delphox|0 fnt\n|faint|p2b: Delphox\n|\n|upkeep\n|\n|t:|1776287796\n|switch|p2b: Kingambit|Kingambit, L50, M|100/100\n|turn|3\n|\n|t:|1776287806\n|switch|p2a: Sneasler|Sneasler, L50, F|100/100\n|move|p2b: Kingambit|Sucker Punch||[still]\n|-fail|p2b: Kingambit\n|move|p1b: Kingambit|Sucker Punch||[still]\n|-fail|p1b: Kingambit\n|move|p1a: Delphox|Substitute|p1a: Delphox\n|-start|p1a: Delphox|Substitute\n|-damage|p1a: Delphox|52/100\n|\n|upkeep\n|turn|4\n|inactive|BlAzE_MickeyDEEZ has 30 seconds left.\n|\n|t:|1776287831\n|move|p1a: Delphox|Protect|p1a: Delphox\n|-singleturn|p1a: Delphox|Protect\n|move|p2a: Sneasler|Protect|p2a: Sneasler\n|-singleturn|p2a: Sneasler|Protect\n|move|p2b: Kingambit|Kowtow Cleave|p1a: Delphox\n|-activate|p1a: Delphox|move: Protect\n|move|p1b: Kingambit|Kowtow Cleave|p2a: Sneasler\n|-activate|p2a: Sneasler|move: Protect\n|\n|upkeep\n|turn|5\n|\n|t:|1776287841\n|switch|p2a: Meowstic|Meowstic, L50, M|46/100\n|move|p1a: Delphox|Psychic|p2a: Meowstic\n|-resisted|p2a: Meowstic|1\n|-damage|p2a: Meowstic|28/100\n|-unboost|p2a: Meowstic|spd|1\n|move|p2b: Kingambit|Kowtow Cleave|p1a: Delphox\n|-supereffective|p1a: Delphox|1\n|-end|p1a: Delphox|Substitute\n|move|p1b: Kingambit|Kowtow Cleave|p2a: Meowstic\n|-supereffective|p2a: Meowstic|1\n|-damage|p2a: Meowstic|0 fnt\n|faint|p2a: Meowstic\n|\n|-sideend|p2: BlAzE_MickeyDEEZ|Reflect\n|upkeep\n|\n|t:|1776287855\n|switch|p2a: Sneasler|Sneasler, L50, F|100/100\n|turn|6\n|\n|t:|1776287880\n|move|p1a: Delphox|Protect|p1a: Delphox\n|-singleturn|p1a: Delphox|Protect\n|move|p2b: Kingambit|Sucker Punch||[still]\n|-fail|p2b: Kingambit\n|move|p2a: Sneasler|Close Combat|p1b: Kingambit\n|-supereffective|p1b: Kingambit|2\n|-damage|p1b: Kingambit|0 fnt\n|-unboost|p2a: Sneasler|def|1\n|-unboost|p2a: Sneasler|spd|1\n|faint|p1b: Kingambit\n|-enditem|p2a: Sneasler|White Herb\n|-clearnegativeboost|p2a: Sneasler|[silent]\n|\n|-sideend|p2: BlAzE_MickeyDEEZ|move: Light Screen\n|upkeep\n|\n|t:|1776287892\n|switch|p1b: Sneasler|Sneasler, L50, M|100/100\n|turn|7\n|\n|t:|1776287907\n|move|p2a: Sneasler|Protect|p2a: Sneasler\n|-singleturn|p2a: Sneasler|Protect\n|move|p1a: Delphox|Substitute|p1a: Delphox\n|-start|p1a: Delphox|Substitute\n|-damage|p1a: Delphox|27/100\n|move|p1b: Sneasler|Close Combat|p2b: Kingambit\n|-supereffective|p2b: Kingambit|2\n|-damage|p2b: Kingambit|0 fnt\n|-unboost|p1b: Sneasler|def|1\n|-unboost|p1b: Sneasler|spd|1\n|faint|p2b: Kingambit\n|\n|upkeep\n|turn|8\n|j| Choklit Milk\n|l| Choklit Milk\n|\n|t:|1776287920\n|move|p2a: Sneasler|Throat Chop|p1a: Delphox\n|-supereffective|p1a: Delphox|1\n|-end|p1a: Delphox|Substitute\n|move|p1a: Delphox|Psychic|p2a: Sneasler\n|-supereffective|p2a: Sneasler|2\n|-damage|p2a: Sneasler|0 fnt\n|faint|p2a: Sneasler\n|\n|win|LovelyLizardLad\n|raw|LovelyLizardLad's rating: 1342 &rarr; <strong>1365</strong><br />(+23 for winning)\n|raw|BlAzE_MickeyDEEZ's rating: 1401 &rarr; <strong>1378</strong><br />(-23 for losing)\n|l|\u2606BlAzE_MickeyDEEZ\n|player|p2|\n",
  "uploadtime": 1776287924,
  "views": 32,
  "formatid": "gen9championsvgc2026regma",
  "rating": 1365,
  "private": 0,
  "password": null
}