{
  "id": "gen9championsvgc2026regma-2582620338",
  "format": "[Gen 9 Champions] VGC 2026 Reg M-A",
  "players": [
    "Barouuuu",
    "mr.matsumoto1"
  ],
  "log": "|j|\u2606Barouuuu\n|j|\u2606mr.matsumoto1\n|t:|1776103097\n|gametype|doubles\n|player|p1|Barouuuu|boarder|1127\n|player|p2|mr.matsumoto1|170|1138\n|gen|9\n|tier|[Gen 9 Champions] VGC 2026 Reg M-A\n|rated|\n|rule|Species Clause: Limit one of each Pok\u00e9mon\n|rule|Item Clause: Limit 1 of each item\n|clearpoke\n|poke|p1|Banette, L50, F|\n|poke|p1|Sneasler, L50, F|\n|poke|p1|Hydreigon, L50, M|\n|poke|p1|Mamoswine, L50, F|\n|poke|p1|Talonflame, L50, F|\n|poke|p1|Raichu, L50, F|\n|poke|p2|Charizard, L50, F|\n|poke|p2|Sneasler, L50, M|\n|poke|p2|Basculegion, L50, M|\n|poke|p2|Garchomp, L50, M|\n|poke|p2|Incineroar, L50, F|\n|poke|p2|Venusaur, L50, F|\n|teampreview|4\n|inactive|Battle timer is ON: inactive players will automatically lose when time's up. (requested by Barouuuu)\n|inactive|Barouuuu has 60 seconds left.\n|inactive|Barouuuu has 30 seconds left.\n|inactive|Barouuuu has 20 seconds left.\n|inactive|Barouuuu has 15 seconds left.\n|\n|t:|1776103174\n|teamsize|p1|4\n|teamsize|p2|4\n|start\n|switch|p1a: Talonflame|Talonflame, L50, F|100/100\n|switch|p1b: Mamoswine|Mamoswine, L50, F|100/100\n|switch|p2a: Basculegion|Basculegion, L50, M|100/100\n|switch|p2b: Incineroar|Incineroar, L50, F, shiny|100/100\n|-ability|p2b: Incineroar|Intimidate|boost\n|-unboost|p1a: Talonflame|atk|1\n|-fail|p1b: Mamoswine|unboost|Attack|[from] ability: Oblivious|[of] p1b: Mamoswine\n|turn|1\n|inactive|mr.matsumoto1 has 30 seconds left.\n|\n|t:|1776103203\n|move|p1a: Talonflame|Upper Hand|p2b: Incineroar\n|-supereffective|p2b: Incineroar|1\n|-damage|p2b: Incineroar|80/100\n|cant|p2b: Incineroar|flinch\n|move|p2a: Basculegion|Flip Turn|p1a: Talonflame\n|-supereffective|p1a: Talonflame|1\n|-damage|p1a: Talonflame|0 fnt\n|faint|p1a: Talonflame\n|\n|t:|1776103212\n|switch|p2a: Sneasler|Sneasler, L50, M|100/100|[from] Flip Turn\n|move|p1b: Mamoswine|Earthquake|p2a: Sneasler|[spread] p2a,p2b\n|-supereffective|p2a: Sneasler|1\n|-crit|p2a: Sneasler\n|-supereffective|p2b: Incineroar|1\n|-damage|p2a: Sneasler|0 fnt\n|-damage|p2b: Incineroar|0 fnt\n|faint|p2a: Sneasler\n|faint|p2b: Incineroar\n|\n|upkeep\n|inactive|Barouuuu has 30 seconds left.\n|\n|t:|1776103241\n|switch|p1a: Sneasler|Sneasler, L50, F|100/100\n|switch|p2a: Basculegion|Basculegion, L50, M|100/100\n|switch|p2b: Garchomp|Garchomp, L50, M, shiny|100/100\n|turn|2\n|inactive|Barouuuu has 30 seconds left.\n|\n|t:|1776103267\n|move|p1a: Sneasler|Protect|p1a: Sneasler\n|-singleturn|p1a: Sneasler|Protect\n|move|p2b: Garchomp|Protect|p2b: Garchomp\n|-singleturn|p2b: Garchomp|Protect\n|move|p2a: Basculegion|Last Respects|p1a: Sneasler\n|-activate|p1a: Sneasler|move: Protect\n|move|p1b: Mamoswine|Icicle Crash|p2b: Garchomp\n|-activate|p2b: Garchomp|move: Protect\n|\n|upkeep\n|turn|3\n|inactive|Barouuuu has 30 seconds left.\n|\n|t:|1776103293\n|switch|p1a: Banette|Banette, L50, F|100/100\n|-item|p2a: Basculegion|Choice Scarf|[from] ability: Frisk|[of] p1a: Banette\n|-item|p2b: Garchomp|Haban Berry|[from] ability: Frisk|[of] p1a: Banette\n|move|p2a: Basculegion|Last Respects|p1b: Mamoswine\n|-enditem|p1b: Mamoswine|Focus Sash\n|-damage|p1b: Mamoswine|1/100\n|move|p2b: Garchomp|Earthquake|p1b: Mamoswine|[spread] p2a,p1a,p1b\n|-crit|p1b: Mamoswine\n|-damage|p2a: Basculegion|53/100\n|-damage|p1a: Banette|47/100\n|-damage|p1b: Mamoswine|0 fnt\n|faint|p1b: Mamoswine\n|\n|upkeep\n|\n|t:|1776103306\n|switch|p1b: Sneasler|Sneasler, L50, F|100/100\n|turn|4\n|inactive|Barouuuu has 30 seconds left.\n|\n|t:|1776103332\n|detailschange|p1a: Banette|Banette-Mega, L50, F\n|-mega|p1a: Banette|Banette|Banettite\n|move|p1b: Sneasler|Protect|p1b: Sneasler\n|-singleturn|p1b: Sneasler|Protect\n|move|p1a: Banette|Thunder Wave|p2a: Basculegion\n|-status|p2a: Basculegion|par\n|move|p2b: Garchomp|Earthquake|p1b: Sneasler|[spread] p2a,p1a\n|-activate|p1b: Sneasler|move: Protect\n|-crit|p2a: Basculegion\n|-damage|p2a: Basculegion|0 fnt\n|-damage|p1a: Banette|0 fnt\n|faint|p2a: Basculegion\n|faint|p1a: Banette\n|\n|upkeep\n|turn|5\n|\n|t:|1776103352\n|move|p1b: Sneasler|Dire Claw|p2b: Garchomp\n|-resisted|p2b: Garchomp|1\n|-damage|p2b: Garchomp|81/100\n|-damage|p1b: Sneasler|88/100|[from] ability: Rough Skin|[of] p2b: Garchomp\n|move|p2b: Garchomp|Dragon Claw|p1b: Sneasler\n|-damage|p1b: Sneasler|13/100\n|\n|upkeep\n|turn|6\n|\n|t:|1776103363\n|move|p1b: Sneasler|Close Combat|p2b: Garchomp\n|-damage|p2b: Garchomp|18/100\n|-unboost|p1b: Sneasler|def|1\n|-unboost|p1b: Sneasler|spd|1\n|-damage|p1b: Sneasler|1/100|[from] ability: Rough Skin|[of] p2b: Garchomp\n|move|p2b: Garchomp|Earthquake|p1b: Sneasler\n|-supereffective|p1b: Sneasler|1\n|-damage|p1b: Sneasler|0 fnt\n|faint|p1b: Sneasler\n|\n|win|mr.matsumoto1\n|raw|Barouuuu's rating: 1127 &rarr; <strong>1103</strong><br />(-24 for losing)\n|raw|mr.matsumoto1's rating: 1138 &rarr; <strong>1162</strong><br />(+24 for winning)\n",
  "uploadtime": 1776103364,
  "views": 12,
  "formatid": "gen9championsvgc2026regma",
  "rating": 1103,
  "private": 0,
  "password": null
}