{
  "id": "gen9championsvgc2026regma-2588572561",
  "format": "[Gen 9 Champions] VGC 2026 Reg M-A",
  "players": [
    "Aimboted",
    "kdj12"
  ],
  "log": "|j|\u2606Aimboted\n|j|\u2606kdj12\n|t:|1776646223\n|gametype|doubles\n|player|p1|Aimboted|unknown|1043\n|player|p2|kdj12|101|1000\n|gen|9\n|tier|[Gen 9 Champions] VGC 2026 Reg M-A\n|rated|\n|rule|Species Clause: Limit one of each Pok\u00e9mon\n|rule|Item Clause: Limit 1 of each item\n|clearpoke\n|poke|p1|Pelipper, L50, M|\n|poke|p1|Tinkaton, L50, F|\n|poke|p1|Decidueye-Hisui, L50, F|\n|poke|p1|Meganium, L50, M|\n|poke|p1|Archaludon, L50, M|\n|poke|p1|Medicham, L50, F|\n|poke|p2|Scovillain, L50, M|\n|poke|p2|Conkeldurr, L50, F|\n|poke|p2|Torkoal, L50, F|\n|poke|p2|Farigiraf, L50, F|\n|poke|p2|Dragapult, L50, M|\n|poke|p2|Gyarados, L50, M|\n|teampreview|4\n|inactive|Battle timer is ON: inactive players will automatically lose when time's up. (requested by Aimboted)\n|l|\u2606Aimboted\n|inactive|Aimboted disconnected and has a minute to reconnect!\n|player|p1|\n|j|\u2606Aimboted\n|inactive|Aimboted reconnected and has 70 seconds left.\n|player|p1|Aimboted|unknown|\n|inactive|Aimboted has 60 seconds left.\n|inactive|kdj12 has 60 seconds left.\n|inactive|kdj12 has 30 seconds left.\n|inactive|kdj12 has 20 seconds left.\n|inactive|kdj12 has 15 seconds left.\n|inactive|kdj12 has 10 seconds left.\n|\n|t:|1776646310\n|teamsize|p1|4\n|teamsize|p2|4\n|start\n|switch|p1a: Medicham|Medicham, L50, F|100/100\n|switch|p1b: Pelipper|Pelipper, L50, M|100/100\n|switch|p2a: Farigiraf|Farigiraf, L50, F|100/100\n|switch|p2b: Scovillain|Scovillain, L50, M|100/100\n|-weather|RainDance|[from] ability: Drizzle|[of] p1b: Pelipper\n|turn|1\n|inactive|kdj12 has 30 seconds left.\n|\n|t:|1776646342\n|switch|p1a: Archaludon|Archaludon, L50, M|100/100\n|switch|p2b: Torkoal|Torkoal, L50, F|100/100\n|-weather|SunnyDay|[from] ability: Drought|[of] p2b: Torkoal\n|move|p1b: Pelipper|Hurricane|p2b: Torkoal|[miss]\n|-miss|p1b: Pelipper|p2b: Torkoal\n|move|p2a: Farigiraf|Trick Room|p2a: Farigiraf\n|-fieldstart|move: Trick Room|[of] p2a: Farigiraf\n|\n|-weather|SunnyDay|[upkeep]\n|upkeep\n|turn|2\n|-activate|p1b: Pelipper|item: Quick Claw\n|\n|t:|1776646367\n|switch|p1a: Decidueye|Decidueye-Hisui, L50, F|100/100\n|move|p1b: Pelipper|Protect|p1b: Pelipper\n|-singleturn|p1b: Pelipper|Protect\n|move|p2b: Torkoal|Iron Defense|p2b: Torkoal\n|-boost|p2b: Torkoal|def|2\n|move|p2a: Farigiraf|Psychic|p1b: Pelipper\n|-activate|p1b: Pelipper|move: Protect\n|\n|-weather|SunnyDay|[upkeep]\n|upkeep\n|turn|3\n|\n|t:|1776646391\n|switch|p1b: Archaludon|Archaludon, L50, M|100/100\n|move|p2b: Torkoal|Eruption|p1b: Archaludon|[spread] p1a,p1b\n|-supereffective|p1a: Decidueye|1\n|-enditem|p1a: Decidueye|Focus Sash\n|-damage|p1a: Decidueye|1/100\n|-damage|p1b: Archaludon|0 fnt\n|faint|p1b: Archaludon\n|move|p2a: Farigiraf|Psychic|p1a: Decidueye\n|-supereffective|p1a: Decidueye|1\n|-damage|p1a: Decidueye|0 fnt\n|faint|p1a: Decidueye\n|\n|-weather|SunnyDay|[upkeep]\n|upkeep\n|\n|t:|1776646396\n|switch|p1a: Medicham|Medicham, L50, F|100/100\n|switch|p1b: Pelipper|Pelipper, L50, M|100/100\n|-weather|RainDance|[from] ability: Drizzle|[of] p1b: Pelipper\n|turn|4\n|\n|t:|1776646419\n|detailschange|p1a: Medicham|Medicham-Mega, L50, F\n|-mega|p1a: Medicham|Medicham|Medichamite\n|move|p2b: Torkoal|Iron Defense|p2b: Torkoal\n|-boost|p2b: Torkoal|def|2\n|move|p2a: Farigiraf|Psychic|p1b: Pelipper\n|-damage|p1b: Pelipper|36/100\n|move|p1b: Pelipper|Weather Ball|p2b: Torkoal\n|-supereffective|p2b: Torkoal|1\n|-damage|p2b: Torkoal|0 fnt\n|faint|p2b: Torkoal\n|move|p1a: Medicham|Psycho Cut|p2a: Farigiraf\n|-resisted|p2a: Farigiraf|1\n|-damage|p2a: Farigiraf|73/100\n|\n|-weather|RainDance|[upkeep]\n|upkeep\n|\n|t:|1776646440\n|switch|p2b: Dragapult|Dragapult, L50, M|100/100\n|turn|5\n|\n|t:|1776646457\n|move|p2a: Farigiraf|Dazzling Gleam|p1a: Medicham|[spread] p1a,p1b\n|-supereffective|p1a: Medicham|1\n|-damage|p1a: Medicham|48/100\n|-damage|p1b: Pelipper|10/100\n|move|p1b: Pelipper|Hurricane|p2b: Dragapult\n|-damage|p2b: Dragapult|50/100\n|move|p1a: Medicham|Psycho Cut|p2b: Dragapult\n|-damage|p2b: Dragapult|0 fnt\n|faint|p2b: Dragapult\n|\n|-weather|RainDance|[upkeep]\n|-fieldend|move: Trick Room\n|upkeep\n|\n|t:|1776646469\n|switch|p2b: Scovillain|Scovillain, L50, M|100/100\n|turn|6\n|\n|t:|1776646484\n|detailschange|p2b: Scovillain|Scovillain-Mega, L50, M\n|-mega|p2b: Scovillain|Scovillain|Scovillainite\n|move|p1a: Medicham|Close Combat|p2a: Farigiraf\n|-damage|p2a: Farigiraf|0 fnt\n|-unboost|p1a: Medicham|def|1\n|-unboost|p1a: Medicham|spd|1\n|faint|p2a: Farigiraf\n|move|p2b: Scovillain|Giga Drain|p1a: Medicham\n|-damage|p1a: Medicham|0 fnt\n|faint|p1a: Medicham\n|move|p1b: Pelipper|Weather Ball|p2b: Scovillain\n|-damage|p2b: Scovillain|39/100\n|-status|p1b: Pelipper|brn|[from] ability: Spicy Spray|[of] p2b: Scovillain\n|\n|-weather|RainDance|[upkeep]\n|-damage|p1b: Pelipper|4/100 brn|[from] brn\n|upkeep\n|turn|7\n|c|\u2606Aimboted|PLS SPEED\n|-activate|p1b: Pelipper|item: Quick Claw\n|\n|t:|1776646503\n|move|p1b: Pelipper|Hurricane|p2b: Scovillain\n|-supereffective|p2b: Scovillain|1\n|-crit|p2b: Scovillain\n|-damage|p2b: Scovillain|0 fnt\n|faint|p2b: Scovillain\n|\n|win|Aimboted\n|raw|Aimboted's rating: 1043 &rarr; <strong>1072</strong><br />(+29 for winning)\n|raw|kdj12's rating: 1000 &rarr; <strong>1000</strong><br />(+0 for losing)\n|c|\u2606Aimboted|I NEED THIS\n|c|\u2606Aimboted|OMG\n|l|\u2606kdj12\n|player|p2|\n",
  "uploadtime": 1776646525,
  "views": 6,
  "formatid": "gen9championsvgc2026regma",
  "rating": 1000,
  "private": 0,
  "password": null
}