{
  "id": "gen9championsvgc2026regma-2586353002",
  "format": "[Gen 9 Champions] VGC 2026 Reg M-A",
  "players": [
    "DiamondNate",
    "skymin<3"
  ],
  "log": "|j|\u2606DiamondNate\n|j|\u2606skymin<3\n|t:|1776428048\n|gametype|doubles\n|player|p1|DiamondNate|guitarist|1619\n|player|p2|skymin<3|#skymin3|1604\n|gen|9\n|tier|[Gen 9 Champions] VGC 2026 Reg M-A\n|rated|\n|rule|Species Clause: Limit one of each Pok\u00e9mon\n|rule|Item Clause: Limit 1 of each item\n|clearpoke\n|poke|p1|Floette-Eternal, L50, F|\n|poke|p1|Maushold, L50|\n|poke|p1|Garchomp, L50, M|\n|poke|p1|Talonflame, L50, M|\n|poke|p1|Milotic, L50, F|\n|poke|p1|Aegislash, L50, M|\n|poke|p2|Delphox, L50, F|\n|poke|p2|Aegislash, L50, F|\n|poke|p2|Aerodactyl, L50, F|\n|poke|p2|Meowscarada, L50, F|\n|poke|p2|Primarina, L50, F|\n|poke|p2|Garchomp, L50, M|\n|teampreview|4\n|j| Csnorlax\n|inactive|Battle timer is ON: inactive players will automatically lose when time's up. (requested by DiamondNate)\n|j| kanp\n|inactive|skymin<3 has 60 seconds left.\n|j| TestingE10\n|\n|t:|1776428162\n|teamsize|p1|4\n|teamsize|p2|4\n|start\n|switch|p1a: Talonflame|Talonflame, L50, M|100/100\n|switch|p1b: Garchomp|Garchomp, L50, M|100/100\n|switch|p2a: Yunhae|Primarina, L50, F, shiny|100/100\n|switch|p2b: Eclipsa|Delphox, L50, F, shiny|100/100\n|turn|1\n|inactive|DiamondNate has 30 seconds left.\n|\n|t:|1776428191\n|detailschange|p2b: Eclipsa|Delphox-Mega, L50, F, shiny\n|-mega|p2b: Eclipsa|Delphox|Delphoxite\n|move|p1a: Talonflame|Tailwind|p1a: Talonflame\n|-sidestart|p1: DiamondNate|move: Tailwind\n|move|p1b: Garchomp|Rock Slide|p2a: Yunhae|[spread] p2a,p2b\n|-supereffective|p2b: Eclipsa|1\n|-damage|p2a: Yunhae|79/100\n|-damage|p2b: Eclipsa|41/100\n|move|p2b: Eclipsa|Encore|p1a: Talonflame\n|-start|p1a: Talonflame|Encore\n|move|p2a: Yunhae|Moonblast|p1b: Garchomp\n|-supereffective|p1b: Garchomp|1\n|-damage|p1b: Garchomp|0 fnt\n|faint|p1b: Garchomp\n|\n|upkeep\n|\n|t:|1776428210\n|switch|p1b: Floette|Floette-Eternal, L50, F|100/100\n|turn|2\n|\n|t:|1776428231\n|switch|p1a: Aegislash|Aegislash, L50, M|100/100\n|detailschange|p1b: Floette|Floette-Mega, L50, F\n|-mega|p1b: Floette|Floette|Floettite\n|-ability|p1b: Floette|Fairy Aura\n|move|p1b: Floette|Moonblast|p2b: Eclipsa\n|-resisted|p2b: Eclipsa|1\n|-damage|p2b: Eclipsa|4/100\n|move|p2b: Eclipsa|Heat Wave|p1b: Floette|[spread] p1a,p1b\n|-supereffective|p1a: Aegislash|1\n|-damage|p1a: Aegislash|24/100\n|-damage|p1b: Floette|70/100\n|move|p2a: Yunhae|Moonblast|p1b: Floette\n|-damage|p1b: Floette|15/100\n|\n|upkeep\n|turn|3\n|j| Roft04\n|inactive|skymin<3 has 30 seconds left.\n|\n|t:|1776428265\n|move|p2a: Yunhae|Protect|p2a: Yunhae\n|-singleturn|p2a: Yunhae|Protect\n|move|p1b: Floette|Dazzling Gleam|p2a: Yunhae|[spread] p2b\n|-activate|p2a: Yunhae|move: Protect\n|-resisted|p2b: Eclipsa|1\n|-damage|p2b: Eclipsa|0 fnt\n|faint|p2b: Eclipsa\n|-formechange|p1a: Aegislash|Aegislash-Blade|\n|move|p1a: Aegislash|Poltergeist|p2a: Yunhae\n|-activate|p2a: Yunhae|move: Protect\n|\n|upkeep\n|\n|t:|1776428287\n|switch|p2b: Malos|Aegislash, L50, F|100/100\n|turn|4\n|inactive|skymin<3 has 30 seconds left.\n|inactive|DiamondNate has 30 seconds left.\n|inactive|skymin<3 has 20 seconds left.\n|\n|t:|1776428325\n|-formechange|p2b: Malos|Aegislash-Blade|\n|move|p2b: Malos|Shadow Sneak|p1b: Floette\n|-damage|p1b: Floette|0 fnt\n|faint|p1b: Floette\n|move|p1a: Aegislash|Poltergeist|p2b: Malos\n|-activate|p2b: Malos|move: Poltergeist|Sitrus Berry\n|-supereffective|p2b: Malos|1\n|-damage|p2b: Malos|0 fnt\n|faint|p2b: Malos\n|move|p2a: Yunhae|Hyper Voice|p1a: Aegislash\n|-damage|p1a: Aegislash|0 fnt\n|faint|p1a: Aegislash\n|\n|-sideend|p1: DiamondNate|move: Tailwind\n|upkeep\n|\n|t:|1776428333\n|switch|p2b: Neferpitou|Meowscarada, L50, F, shiny|100/100\n|switch|p1a: Talonflame|Talonflame, L50, M|100/100\n|turn|5\n|\n|t:|1776428340\n|move|p1a: Talonflame|Acrobatics|p2a: Yunhae\n|-damage|p2a: Yunhae|30/100\n|move|p2b: Neferpitou|Throat Chop|p1a: Talonflame\n|-start|p2b: Neferpitou|typechange|Dark|[from] ability: Protean\n|-damage|p1a: Talonflame|33/100\n|-start|p1a: Talonflame|Throat Chop|[silent]\n|move|p2a: Yunhae|Hyper Voice|p1a: Talonflame\n|-supereffective|p1a: Talonflame|1\n|-damage|p1a: Talonflame|0 fnt\n|faint|p1a: Talonflame\n|\n|win|skymin<3\n|raw|DiamondNate's rating: 1619 &rarr; <strong>1598</strong><br />(-21 for losing)\n|raw|skymin&lt;3's rating: 1604 &rarr; <strong>1625</strong><br />(+21 for winning)\n|l|\u2606DiamondNate\n|player|p1|\n",
  "uploadtime": 1776428348,
  "views": 110,
  "formatid": "gen9championsvgc2026regma",
  "rating": 1598,
  "private": 0,
  "password": null
}