{
  "id": "gen9championsvgc2026regma-2588518608",
  "format": "[Gen 9 Champions] VGC 2026 Reg M-A",
  "players": [
    "jussdoit",
    "fimmm"
  ],
  "log": "|j|\u2606jussdoit\n|j|\u2606fimmm\n|t:|1776640958\n|gametype|doubles\n|player|p1|jussdoit|266|1140\n|player|p2|fimmm|whitney|1059\n|gen|9\n|tier|[Gen 9 Champions] VGC 2026 Reg M-A\n|rated|\n|rule|Species Clause: Limit one of each Pok\u00e9mon\n|rule|Item Clause: Limit 1 of each item\n|clearpoke\n|poke|p1|Aerodactyl, L50, F|\n|poke|p1|Meganium, L50, F|\n|poke|p1|Espathra, L50, M|\n|poke|p1|Blastoise, L50, M|\n|poke|p1|Sinistcha, L50|\n|poke|p1|Incineroar, L50, F|\n|poke|p2|Excadrill, L50, F|\n|poke|p2|Aerodactyl, L50, F|\n|poke|p2|Garchomp, L50, M|\n|poke|p2|Dragapult, L50, F|\n|poke|p2|Delphox, L50, F|\n|poke|p2|Sneasler, L50, F|\n|teampreview|4\n|inactive|Battle timer is ON: inactive players will automatically lose when time's up. (requested by fimmm)\n|inactive|jussdoit also wants the timer to be on.\n|\n|t:|1776640978\n|teamsize|p1|4\n|teamsize|p2|4\n|start\n|switch|p1a: Aerodactyl|Aerodactyl, L50, F|100/100\n|switch|p1b: Espathra|Espathra, L50, M|100/100\n|switch|p2a: Dragapult|Dragapult, L50, F|100/100\n|switch|p2b: Aerodactyl|Aerodactyl, L50, F|100/100\n|-ability|p2b: Aerodactyl|Unnerve\n|-ability|p1a: Aerodactyl|Unnerve\n|turn|1\n|inactive|jussdoit has 30 seconds left.\n|\n|t:|1776641008\n|move|p2a: Dragapult|Dragon Darts|p1a: Aerodactyl\n|-damage|p1a: Aerodactyl|51/100\n|-anim|p2a: Dragapult|Dragon Darts|p1b: Espathra\n|-damage|p1b: Espathra|65/100\n|move|p2b: Aerodactyl|Tailwind|p2b: Aerodactyl\n|-sidestart|p2: fimmm|move: Tailwind\n|move|p1a: Aerodactyl|Tailwind|p1a: Aerodactyl\n|-sidestart|p1: jussdoit|move: Tailwind\n|move|p1b: Espathra|Lumina Crash|p2a: Dragapult\n|-damage|p2a: Dragapult|65/100\n|\n|-ability|p1b: Espathra|Speed Boost|boost\n|-boost|p1b: Espathra|spe|1\n|upkeep\n|turn|2\n|\n|t:|1776641025\n|move|p1b: Espathra|Protect|p1b: Espathra\n|-singleturn|p1b: Espathra|Protect\n|move|p2a: Dragapult|Dragon Darts|p1a: Aerodactyl\n|-damage|p1a: Aerodactyl|5/100\n|-anim|p2a: Dragapult|Dragon Darts|p1a: Aerodactyl\n|-damage|p1a: Aerodactyl|0 fnt\n|faint|p1a: Aerodactyl\n|move|p2b: Aerodactyl|Rock Slide|p1b: Espathra\n|-activate|p1b: Espathra|move: Protect\n|\n|-ability|p1b: Espathra|Speed Boost|boost\n|-boost|p1b: Espathra|spe|1\n|upkeep\n|\n|t:|1776641037\n|switch|p1a: Sinistcha|Sinistcha, L50|100/100\n|-heal|p1b: Espathra|90/100|[from] ability: Hospitality|[of] p1a: Sinistcha\n|turn|3\n|\n|t:|1776641050\n|move|p1b: Espathra|Lumina Crash|p2a: Dragapult\n|-damage|p2a: Dragapult|29/100\n|move|p2a: Dragapult|Dragon Darts|p1b: Espathra\n|-damage|p1b: Espathra|55/100\n|-anim|p2a: Dragapult|Dragon Darts|p1a: Sinistcha\n|-damage|p1a: Sinistcha|77/100\n|move|p2b: Aerodactyl|Rock Slide|p1a: Sinistcha|[spread] p1a,p1b\n|-damage|p1a: Sinistcha|56/100\n|-damage|p1b: Espathra|26/100\n|move|p1a: Sinistcha|Matcha Gotcha|p2a: Dragapult|[spread] p2a,p2b\n|-resisted|p2a: Dragapult|1\n|-damage|p2a: Dragapult|5/100\n|-heal|p1a: Sinistcha|68/100|[from] drain|[of] p2a: Dragapult\n|-damage|p2b: Aerodactyl|56/100\n|-heal|p1a: Sinistcha|90/100|[from] drain|[of] p2b: Aerodactyl\n|\n|-ability|p1b: Espathra|Speed Boost|boost\n|-boost|p1b: Espathra|spe|1\n|upkeep\n|turn|4\n|inactive|fimmm has 30 seconds left.\n|\n|t:|1776641078\n|move|p1b: Espathra|Baton Pass|p1b: Espathra\n|\n|t:|1776641080\n|switch|p1b: Blastoise|Blastoise, L50, M|100/100|[from] Baton Pass\n|move|p2a: Dragapult|Dragon Darts|p1b: Blastoise\n|-damage|p1b: Blastoise|71/100\n|-anim|p2a: Dragapult|Dragon Darts|p1a: Sinistcha\n|-crit|p1a: Sinistcha\n|-damage|p1a: Sinistcha|53/100\n|move|p2b: Aerodactyl|Dual Wingbeat|p1a: Sinistcha\n|-supereffective|p1a: Sinistcha|1\n|-damage|p1a: Sinistcha|20/100\n|-supereffective|p1a: Sinistcha|1\n|-damage|p1a: Sinistcha|0 fnt\n|faint|p1a: Sinistcha\n|-hitcount|p1: Sinistcha|2\n|\n|-sideend|p1: jussdoit|move: Tailwind\n|-sideend|p2: fimmm|move: Tailwind\n|upkeep\n|c|\u2606jussdoit|crit mattered lololol\n|\n|t:|1776641095\n|switch|p1a: Espathra|Espathra, L50, M|26/100\n|turn|5\n|\n|t:|1776641102\n|detailschange|p1b: Blastoise|Blastoise-Mega, L50, M\n|-mega|p1b: Blastoise|Blastoise|Blastoisinite\n|move|p2b: Aerodactyl|Wide Guard|p2b: Aerodactyl\n|-singleturn|p2b: Aerodactyl|Wide Guard\n|move|p1b: Blastoise|Water Spout|p2a: Dragapult|[spread] \n|-activate|p2a: Dragapult|move: Wide Guard\n|-activate|p2b: Aerodactyl|move: Wide Guard\n|move|p2a: Dragapult|Dragon Darts|p1b: Blastoise\n|-damage|p1b: Blastoise|44/100\n|-anim|p2a: Dragapult|Dragon Darts|p1a: Espathra\n|-damage|p1a: Espathra|0 fnt\n|faint|p1a: Espathra\n|\n|upkeep\n|turn|6\n|-message|jussdoit forfeited.\n|\n|win|fimmm\n|raw|jussdoit's rating: 1140 &rarr; <strong>1109</strong><br />(-31 for losing)\n|raw|fimmm's rating: 1059 &rarr; <strong>1097</strong><br />(+38 for winning)\n|l|\u2606jussdoit\n|player|p1|\n",
  "uploadtime": 1776641128,
  "views": 14,
  "formatid": "gen9championsvgc2026regma",
  "rating": 1097,
  "private": 0,
  "password": null
}