{
  "id": "gen9championsvgc2026regma-2586283939",
  "format": "[Gen 9 Champions] VGC 2026 Reg M-A",
  "players": [
    "testhan92",
    "BrodaxVGC"
  ],
  "log": "|j|\u2606testhan92\n|j|\u2606BrodaxVGC\n|t:|1776421147\n|gametype|doubles\n|player|p1|testhan92|170|1360\n|player|p2|BrodaxVGC|101|1418\n|gen|9\n|tier|[Gen 9 Champions] VGC 2026 Reg M-A\n|rated|\n|rule|Species Clause: Limit one of each Pok\u00e9mon\n|rule|Item Clause: Limit 1 of each item\n|clearpoke\n|poke|p1|Charizard, L50, M|\n|poke|p1|Sneasler, L50, F|\n|poke|p1|Aegislash, L50, M|\n|poke|p1|Floette-Eternal, L50, F|\n|poke|p1|Sinistcha, L50|\n|poke|p1|Incineroar, L50, M|\n|poke|p2|Venusaur, L50, F|\n|poke|p2|Charizard, L50, F|\n|poke|p2|Whimsicott, L50, M|\n|poke|p2|Garchomp, L50, F|\n|poke|p2|Rotom-Wash, L50|\n|poke|p2|Sneasler, L50, F|\n|teampreview|4\n|inactive|Battle timer is ON: inactive players will automatically lose when time's up. (requested by BrodaxVGC)\n|inactive|testhan92 has 60 seconds left.\n|\n|t:|1776421188\n|teamsize|p1|4\n|teamsize|p2|4\n|start\n|switch|p1a: Floette|Floette-Eternal, L50, F|100/100\n|switch|p1b: Incineroar|Incineroar, L50, M|100/100\n|switch|p2a: Sneasler|Sneasler, L50, F|100/100\n|switch|p2b: Charizard|Charizard, L50, F|100/100\n|-ability|p1b: Incineroar|Intimidate|boost\n|-unboost|p2a: Sneasler|atk|1\n|-unboost|p2b: Charizard|atk|1\n|-enditem|p2a: Sneasler|White Herb\n|-clearnegativeboost|p2a: Sneasler|[silent]\n|turn|1\n|\n|t:|1776421206\n|switch|p1b: Sneasler|Sneasler, L50, F|100/100\n|detailschange|p2b: Charizard|Charizard-Mega-Y, L50, F\n|-mega|p2b: Charizard|Charizard|Charizardite Y\n|-weather|SunnyDay|[from] ability: Drought|[of] p2b: Charizard\n|move|p1a: Floette|Protect|p1a: Floette\n|-singleturn|p1a: Floette|Protect\n|move|p2a: Sneasler|Fake Out|p1b: Sneasler\n|-damage|p1b: Sneasler|81/100\n|move|p2b: Charizard|Weather Ball|p1a: Floette\n|-activate|p1a: Floette|move: Protect\n|\n|-weather|SunnyDay|[upkeep]\n|upkeep\n|turn|2\n|\n|t:|1776421224\n|detailschange|p1a: Floette|Floette-Mega, L50, F\n|-mega|p1a: Floette|Floette|Floettite\n|-ability|p1a: Floette|Fairy Aura\n|move|p1b: Sneasler|Fake Out|p2a: Sneasler\n|-damage|p2a: Sneasler|75/100\n|cant|p2a: Sneasler|flinch\n|move|p2b: Charizard|Heat Wave|p1a: Floette|[spread] p1a\n|-miss|p2b: Charizard|p1b: Sneasler\n|-damage|p1a: Floette|59/100\n|move|p1a: Floette|Calm Mind|p1a: Floette\n|-boost|p1a: Floette|spa|1\n|-boost|p1a: Floette|spd|1\n|\n|-weather|SunnyDay|[upkeep]\n|upkeep\n|turn|3\n|\n|t:|1776421244\n|move|p1a: Floette|Protect|p1a: Floette\n|-singleturn|p1a: Floette|Protect\n|move|p2a: Sneasler|Dire Claw|p1a: Floette\n|-activate|p1a: Floette|move: Protect\n|move|p2b: Charizard|Heat Wave|p1b: Sneasler|[spread] p1b\n|-activate|p1a: Floette|move: Protect\n|-damage|p1b: Sneasler|0 fnt\n|faint|p1b: Sneasler\n|\n|-weather|SunnyDay|[upkeep]\n|upkeep\n|\n|t:|1776421258\n|switch|p1b: Incineroar|Incineroar, L50, M|100/100\n|-ability|p1b: Incineroar|Intimidate|boost\n|-unboost|p2a: Sneasler|atk|1\n|-unboost|p2b: Charizard|atk|1\n|turn|4\n|\n|t:|1776421273\n|move|p1b: Incineroar|Fake Out|p2a: Sneasler\n|-damage|p2a: Sneasler|57/100\n|cant|p2a: Sneasler|flinch\n|move|p2b: Charizard|Heat Wave|p1a: Floette|[spread] p1a,p1b\n|-resisted|p1b: Incineroar|1\n|-damage|p1a: Floette|30/100\n|-damage|p1b: Incineroar|72/100\n|move|p1a: Floette|Draining Kiss|p2a: Sneasler\n|-damage|p2a: Sneasler|0 fnt\n|-heal|p1a: Floette|69/100|[from] drain|[of] p2a: Sneasler\n|faint|p2a: Sneasler\n|\n|-weather|SunnyDay|[upkeep]\n|upkeep\n|\n|t:|1776421285\n|switch|p2a: Garchomp|Garchomp, L50, F|100/100\n|turn|5\n|\n|t:|1776421304\n|switch|p1b: Sinistcha|Sinistcha, L50|100/100\n|-heal|p1a: Floette|94/100|[from] ability: Hospitality|[of] p1b: Sinistcha\n|move|p1a: Floette|Protect|p1a: Floette\n|-singleturn|p1a: Floette|Protect\n|move|p2a: Garchomp|Earthquake|p1a: Floette|[spread] p1b\n|-activate|p1a: Floette|move: Protect\n|-immune|p2b: Charizard\n|-resisted|p1b: Sinistcha|1\n|-damage|p1b: Sinistcha|80/100\n|move|p2b: Charizard|Heat Wave|p1a: Floette|[spread] p1b\n|-activate|p1a: Floette|move: Protect\n|-supereffective|p1b: Sinistcha|1\n|-enditem|p1b: Sinistcha|Occa Berry|[eat]\n|-enditem|p1b: Sinistcha|Occa Berry|[weaken]\n|-damage|p1b: Sinistcha|26/100\n|\n|-weather|none\n|upkeep\n|turn|6\n|inactive|testhan92 has 30 seconds left.\n|\n|t:|1776421336\n|switch|p2a: Whimsicott|Whimsicott, L50, M|100/100\n|switch|p1b: Incineroar|Incineroar, L50, M|72/100\n|-ability|p1b: Incineroar|Intimidate|boost\n|-unboost|p2a: Whimsicott|atk|1\n|-unboost|p2b: Charizard|atk|1\n|move|p2b: Charizard|Heat Wave|p1b: Incineroar|[spread] p1a,p1b\n|-resisted|p1b: Incineroar|1\n|-damage|p1a: Floette|75/100\n|-damage|p1b: Incineroar|52/100\n|-status|p1a: Floette|brn\n|move|p1a: Floette|Calm Mind|p1a: Floette\n|-boost|p1a: Floette|spa|1\n|-boost|p1a: Floette|spd|1\n|\n|-damage|p1a: Floette|69/100 brn|[from] brn\n|upkeep\n|turn|7\n|\n|t:|1776421359\n|move|p1b: Incineroar|Fake Out|p2a: Whimsicott\n|-damage|p2a: Whimsicott|84/100\n|cant|p2a: Whimsicott|flinch\n|move|p2b: Charizard|Air Slash|p1a: Floette\n|-damage|p1a: Floette|52/100 brn\n|move|p1a: Floette|Draining Kiss|p2a: Whimsicott\n|-damage|p2a: Whimsicott|0 fnt\n|-heal|p1a: Floette|99/100 brn|[from] drain|[of] p2a: Whimsicott\n|faint|p2a: Whimsicott\n|\n|-damage|p1a: Floette|93/100 brn|[from] brn\n|upkeep\n|\n|t:|1776421369\n|switch|p2a: Garchomp|Garchomp, L50, F|100/100\n|turn|8\n|inactive|BrodaxVGC has 30 seconds left.\n|\n|t:|1776421395\n|switch|p1b: Sinistcha|Sinistcha, L50|26/100\n|-heal|p1a: Floette|100/100 brn|[from] ability: Hospitality|[of] p1b: Sinistcha\n|move|p2a: Garchomp|Earthquake|p1a: Floette|[spread] p1a,p1b\n|-immune|p2b: Charizard\n|-crit|p1a: Floette\n|-resisted|p1b: Sinistcha|1\n|-damage|p1a: Floette|49/100 brn\n|-damage|p1b: Sinistcha|8/100\n|move|p2b: Charizard|Heat Wave|p1b: Sinistcha|[spread] p1a,p1b\n|-supereffective|p1b: Sinistcha|1\n|-crit|p1b: Sinistcha\n|-damage|p1a: Floette|34/100 brn\n|-damage|p1b: Sinistcha|0 fnt\n|faint|p1b: Sinistcha\n|move|p1a: Floette|Dazzling Gleam|p2a: Garchomp|[spread] p2a,p2b\n|-supereffective|p2a: Garchomp|1\n|-resisted|p2b: Charizard|1\n|-damage|p2a: Garchomp|0 fnt\n|-damage|p2b: Charizard|60/100\n|faint|p2a: Garchomp\n|\n|-damage|p1a: Floette|28/100 brn|[from] brn\n|upkeep\n|\n|t:|1776421411\n|switch|p1b: Incineroar|Incineroar, L50, M|52/100\n|-ability|p1b: Incineroar|Intimidate|boost\n|-unboost|p2b: Charizard|atk|1\n|turn|9\n|\n|t:|1776421423\n|move|p2b: Charizard|Protect|p2b: Charizard\n|-singleturn|p2b: Charizard|Protect\n|move|p1b: Incineroar|Fake Out|p2b: Charizard\n|-activate|p2b: Charizard|move: Protect\n|move|p1a: Floette|Draining Kiss|p1b: Incineroar\n|-crit|p1b: Incineroar\n|-damage|p1b: Incineroar|0 fnt\n|-heal|p1a: Floette|71/100 brn|[from] drain|[of] p1b: Incineroar\n|faint|p1b: Incineroar\n|\n|-damage|p1a: Floette|65/100 brn|[from] brn\n|upkeep\n|turn|10\n|\n|t:|1776421433\n|move|p2b: Charizard|Air Slash|p1a: Floette\n|-damage|p1a: Floette|47/100 brn\n|cant|p1a: Floette|flinch\n|\n|-damage|p1a: Floette|41/100 brn|[from] brn\n|upkeep\n|turn|11\n|\n|t:|1776421441\n|move|p2b: Charizard|Protect|p2b: Charizard\n|-singleturn|p2b: Charizard|Protect\n|move|p1a: Floette|Draining Kiss|p2b: Charizard\n|-activate|p2b: Charizard|move: Protect\n|\n|-damage|p1a: Floette|35/100 brn|[from] brn\n|upkeep\n|turn|12\n|\n|t:|1776421450\n|move|p2b: Charizard|Air Slash|p1a: Floette\n|-damage|p1a: Floette|18/100 brn\n|move|p1a: Floette|Draining Kiss|p2b: Charizard\n|-resisted|p2b: Charizard|1\n|-damage|p2b: Charizard|23/100\n|-heal|p1a: Floette|42/100 brn|[from] drain|[of] p2b: Charizard\n|\n|-damage|p1a: Floette|36/100 brn|[from] brn\n|upkeep\n|turn|13\n|\n|t:|1776421459\n|move|p2b: Charizard|Protect|p2b: Charizard\n|-singleturn|p2b: Charizard|Protect\n|move|p1a: Floette|Draining Kiss|p2b: Charizard\n|-activate|p2b: Charizard|move: Protect\n|\n|-damage|p1a: Floette|30/100 brn|[from] brn\n|upkeep\n|turn|14\n|\n|t:|1776421468\n|move|p2b: Charizard|Air Slash|p1a: Floette\n|-damage|p1a: Floette|14/100 brn\n|move|p1a: Floette|Draining Kiss|p2b: Charizard\n|-resisted|p2b: Charizard|1\n|-damage|p2b: Charizard|0 fnt\n|-heal|p1a: Floette|29/100 brn|[from] drain|[of] p2b: Charizard\n|faint|p2b: Charizard\n|\n|win|testhan92\n|raw|testhan92's rating: 1360 &rarr; <strong>1383</strong><br />(+23 for winning)\n|raw|BrodaxVGC's rating: 1418 &rarr; <strong>1395</strong><br />(-23 for losing)\n|l|\u2606BrodaxVGC\n|player|p2|\n|c|\u2606testhan92|ez\n",
  "uploadtime": 1776421485,
  "views": 53,
  "formatid": "gen9championsvgc2026regma",
  "rating": 1383,
  "private": 0,
  "password": null
}