{
  "id": "gen9championsvgc2026regma-2582253404",
  "format": "[Gen 9 Champions] VGC 2026 Reg M-A",
  "players": [
    "colfox",
    "eldkrirkrk"
  ],
  "log": "|j|\u2606colfox\n|j|\u2606eldkrirkrk\n|t:|1776076478\n|gametype|doubles\n|player|p1|colfox|1|1000\n|player|p2|eldkrirkrk|2|1000\n|gen|9\n|tier|[Gen 9 Champions] VGC 2026 Reg M-A\n|rated|\n|rule|Species Clause: Limit one of each Pok\u00e9mon\n|rule|Item Clause: Limit 1 of each item\n|clearpoke\n|poke|p1|Ninetales, L50, M|\n|poke|p1|Dragonite, L50, F|\n|poke|p1|Sylveon, L50, M|\n|poke|p1|Milotic, L50, F|\n|poke|p1|Delphox, L50, F|\n|poke|p1|Garchomp, L50, F|\n|poke|p2|Chandelure, L50, F|\n|poke|p2|Sableye, L50, F|\n|poke|p2|Aerodactyl, L50, M|\n|poke|p2|Sneasler, L50, F|\n|poke|p2|Rotom-Wash, L50|\n|poke|p2|Primarina, L50, M|\n|teampreview|4\n|\n|t:|1776076538\n|teamsize|p1|4\n|teamsize|p2|4\n|start\n|switch|p1a: Delphox|Delphox, L50, F|100/100\n|switch|p1b: Ninetales|Ninetales, L50, M|100/100\n|switch|p2a: Primarina|Primarina, L50, M|100/100\n|switch|p2b: Sneasler|Sneasler, L50, F|100/100\n|-weather|SunnyDay|[from] ability: Drought|[of] p1b: Ninetales\n|turn|1\n|\n|t:|1776076566\n|switch|p1b: Sylveon|Sylveon, L50, M|100/100\n|detailschange|p1a: Delphox|Delphox-Mega, L50, F\n|-mega|p1a: Delphox|Delphox|Delphoxite\n|move|p1a: Delphox|Protect|p1a: Delphox\n|-singleturn|p1a: Delphox|Protect\n|move|p2b: Sneasler|Fake Out|p1b: Sylveon\n|-damage|p1b: Sylveon|81/100\n|-status|p1b: Sylveon|psn|[from] ability: Poison Touch|[of] p2b: Sneasler\n|move|p2a: Primarina|Calm Mind|p2a: Primarina\n|-boost|p2a: Primarina|spa|1\n|-boost|p2a: Primarina|spd|1\n|\n|-weather|SunnyDay|[upkeep]\n|-damage|p1b: Sylveon|68/100 psn|[from] psn\n|upkeep\n|turn|2\n|\n|t:|1776076596\n|move|p2b: Sneasler|Protect|p2b: Sneasler\n|-singleturn|p2b: Sneasler|Protect\n|move|p1a: Delphox|Psychic|p2b: Sneasler\n|-activate|p2b: Sneasler|move: Protect\n|move|p1b: Sylveon|Hyper Voice|p2b: Sneasler|[spread] p2a\n|-activate|p2b: Sneasler|move: Protect\n|-damage|p2a: Primarina|70/100\n|move|p2a: Primarina|Hyper Voice|p1a: Delphox|[spread] p1a,p1b\n|-supereffective|p1a: Delphox|1\n|-damage|p1a: Delphox|52/100\n|-damage|p1b: Sylveon|48/100 psn\n|\n|-weather|SunnyDay|[upkeep]\n|-heal|p2a: Primarina|76/100|[from] item: Leftovers\n|-damage|p1b: Sylveon|35/100 psn|[from] psn\n|upkeep\n|turn|3\n|\n|t:|1776076635\n|move|p2a: Primarina|Protect|p2a: Primarina\n|-singleturn|p2a: Primarina|Protect\n|move|p1a: Delphox|Heat Wave|p2b: Sneasler|[spread] p2b\n|-activate|p2a: Primarina|move: Protect\n|-damage|p2b: Sneasler|15/100\n|move|p2b: Sneasler|Dire Claw|p1a: Delphox\n|-damage|p1a: Delphox|0 fnt\n|faint|p1a: Delphox\n|move|p1b: Sylveon|Hyper Voice|p2a: Primarina|[spread] p2b\n|-activate|p2a: Primarina|move: Protect\n|-damage|p2b: Sneasler|0 fnt\n|faint|p2b: Sneasler\n|\n|-weather|SunnyDay|[upkeep]\n|-heal|p2a: Primarina|82/100|[from] item: Leftovers\n|-damage|p1b: Sylveon|23/100 psn|[from] psn\n|upkeep\n|\n|t:|1776076655\n|switch|p1a: Garchomp|Garchomp, L50, F|100/100\n|switch|p2b: Aerodactyl|Aerodactyl, L50, M|100/100\n|-ability|p2b: Aerodactyl|Unnerve\n|turn|4\n|\n|t:|1776076674\n|move|p1b: Sylveon|Helping Hand|p1a: Garchomp\n|-singleturn|p1a: Garchomp|Helping Hand|[of] p1b: Sylveon\n|move|p2b: Aerodactyl|Tailwind|p2b: Aerodactyl\n|-sidestart|p2: eldkrirkrk|move: Tailwind\n|move|p1a: Garchomp|Earthquake|p2b: Aerodactyl|[spread] p1b,p2a\n|-immune|p2b: Aerodactyl\n|-damage|p1b: Sylveon|0 fnt\n|-damage|p2a: Primarina|10/100\n|faint|p1b: Sylveon\n|move|p2a: Primarina|Moonblast|p1a: Garchomp\n|-supereffective|p1a: Garchomp|1\n|-damage|p1a: Garchomp|0 fnt\n|faint|p1a: Garchomp\n|\n|-weather|SunnyDay|[upkeep]\n|-heal|p2a: Primarina|15/100|[from] item: Leftovers\n|upkeep\n|\n|t:|1776076706\n|switch|p1a: Ninetales|Ninetales, L50, M|100/100\n|turn|5\n|\n|t:|1776076713\n|move|p2b: Aerodactyl|Rock Slide|p1a: Ninetales\n|-supereffective|p1a: Ninetales|1\n|-damage|p1a: Ninetales|13/100\n|move|p1a: Ninetales|Heat Wave|p2a: Primarina|[spread] p2a,p2b\n|-resisted|p2a: Primarina|1\n|-resisted|p2b: Aerodactyl|1\n|-damage|p2a: Primarina|6/100\n|-damage|p2b: Aerodactyl|72/100\n|move|p2a: Primarina|Hyper Voice|p1a: Ninetales\n|-supereffective|p1a: Ninetales|1\n|-damage|p1a: Ninetales|0 fnt\n|faint|p1a: Ninetales\n|\n|win|eldkrirkrk\n|raw|colfox's rating: 1000 &rarr; <strong>1000</strong><br />(+0 for losing)\n|raw|eldkrirkrk's rating: 1000 &rarr; <strong>1040</strong><br />(+40 for winning)\n",
  "uploadtime": 1776076720,
  "views": 25,
  "formatid": "gen9championsvgc2026regma",
  "rating": 1000,
  "private": 0,
  "password": null
}