{
  "id": "gen9championsvgc2026regma-2583624685",
  "format": "[Gen 9 Champions] VGC 2026 Reg M-A",
  "players": [
    "Millercs",
    "Mirthinion"
  ],
  "log": "|j|\u2606Millercs\n|j|\u2606Mirthinion\n|t:|1776187245\n|gametype|doubles\n|player|p1|Millercs|102|1159\n|player|p2|Mirthinion|janitor|1239\n|gen|9\n|tier|[Gen 9 Champions] VGC 2026 Reg M-A\n|rated|\n|rule|Species Clause: Limit one of each Pok\u00e9mon\n|rule|Item Clause: Limit 1 of each item\n|clearpoke\n|poke|p1|Floette-Eternal, L50, F|\n|poke|p1|Glimmora, L50, F|\n|poke|p1|Talonflame, L50, F|\n|poke|p1|Maushold-Four, L50|\n|poke|p1|Garchomp, L50, M|\n|poke|p1|Corviknight, L50, M|\n|poke|p2|Tyranitar, L50, M|\n|poke|p2|Lycanroc, L50, M|\n|poke|p2|Primarina, L50, F|\n|poke|p2|Corviknight, L50, M|\n|poke|p2|Kommo-o, L50, M|\n|poke|p2|Incineroar, L50, M|\n|teampreview|4\n|inactive|Battle timer is ON: inactive players will automatically lose when time's up. (requested by Mirthinion)\nMirthinion rejected open team sheets.\n|\n|t:|1776187275\n|teamsize|p1|4\n|teamsize|p2|4\n|start\n|switch|p1a: Talonflame|Talonflame, L50, F|100/100\n|switch|p1b: Corviknight|Corviknight, L50, M|100/100\n|switch|p2a: Corviknight|Corviknight, L50, M|100/100\n|switch|p2b: Primarina|Primarina, L50, F|100/100\n|turn|1\n|\n|t:|1776187290\n|move|p1a: Talonflame|Tailwind|p1a: Talonflame\n|-sidestart|p1: Millercs|move: Tailwind\n|move|p1b: Corviknight|Iron Defense|p1b: Corviknight\n|-boost|p1b: Corviknight|def|2\n|move|p2b: Primarina|Hyper Voice|p1a: Talonflame|[spread] p1a,p1b\n|-supereffective|p1a: Talonflame|1\n|-enditem|p1a: Talonflame|Focus Sash\n|-damage|p1a: Talonflame|1/100\n|-damage|p1b: Corviknight|76/100\n|move|p2a: Corviknight|Tailwind|p2a: Corviknight\n|-sidestart|p2: Mirthinion|move: Tailwind\n|\n|-heal|p1b: Corviknight|81/100|[from] item: Leftovers\n|upkeep\n|turn|2\n|\n|t:|1776187316\n|move|p1a: Talonflame|Flare Blitz|p2a: Corviknight\n|-supereffective|p2a: Corviknight|1\n|-damage|p2a: Corviknight|27/100\n|-enditem|p2a: Corviknight|Sitrus Berry|[eat]\n|-heal|p2a: Corviknight|52/100|[from] item: Sitrus Berry\n|-damage|p1a: Talonflame|0 fnt|[from] Recoil\n|faint|p1a: Talonflame\n|move|p2b: Primarina|Hyper Voice|p1b: Corviknight\n|-damage|p1b: Corviknight|46/100\n|move|p2a: Corviknight|Iron Head|p1b: Corviknight\n|-resisted|p1b: Corviknight|1\n|-damage|p1b: Corviknight|41/100\n|move|p1b: Corviknight|Iron Defense|p1b: Corviknight\n|-boost|p1b: Corviknight|def|2\n|\n|-heal|p1b: Corviknight|47/100|[from] item: Leftovers\n|upkeep\n|\n|t:|1776187335\n|switch|p1a: Floette|Floette-Eternal, L50, F|100/100\n|turn|3\n|\n|t:|1776187352\n|detailschange|p1a: Floette|Floette-Mega, L50, F\n|-mega|p1a: Floette|Floette|Floettite\n|-ability|p1a: Floette|Fairy Aura\n|move|p1a: Floette|Moonblast|p2b: Primarina\n|-damage|p2b: Primarina|30/100\n|move|p2b: Primarina|Hyper Voice|p1a: Floette|[spread] p1a,p1b\n|-damage|p1a: Floette|78/100\n|-damage|p1b: Corviknight|25/100\n|move|p1b: Corviknight|Roost|p1b: Corviknight\n|-heal|p1b: Corviknight|75/100\n|-singleturn|p1b: Corviknight|move: Roost\n|move|p2a: Corviknight|Iron Head|p1a: Floette\n|-supereffective|p1a: Floette|1\n|-damage|p1a: Floette|29/100\n|\n|-heal|p1b: Corviknight|81/100|[from] item: Leftovers\n|upkeep\n|turn|4\n|inactive|Mirthinion has 30 seconds left.\n|inactive|Mirthinion has 20 seconds left.\n|\n|t:|1776187391\n|move|p2b: Primarina|Protect|p2b: Primarina\n|-singleturn|p2b: Primarina|Protect\n|move|p1a: Floette|Moonblast|p2b: Primarina\n|-activate|p2b: Primarina|move: Protect\n|move|p2a: Corviknight|Iron Head|p1a: Floette\n|-supereffective|p1a: Floette|1\n|-damage|p1a: Floette|0 fnt\n|faint|p1a: Floette\n|move|p1b: Corviknight|Body Press|p2a: Corviknight\n|-damage|p2a: Corviknight|8/100\n|\n|-heal|p1b: Corviknight|87/100|[from] item: Leftovers\n|-sideend|p1: Millercs|move: Tailwind\n|-sideend|p2: Mirthinion|move: Tailwind\n|upkeep\n|\n|t:|1776187406\n|switch|p1a: Garchomp|Garchomp, L50, M|100/100\n|turn|5\n|\n|t:|1776187421\n|switch|p2b: Incineroar|Incineroar, L50, M|100/100\n|-ability|p2b: Incineroar|Intimidate|boost\n|-unboost|p1a: Garchomp|atk|1\n|-ability|p1b: Corviknight|Mirror Armor\n|-unboost|p2b: Incineroar|atk|1\n|move|p1a: Garchomp|Protect|p1a: Garchomp\n|-singleturn|p1a: Garchomp|Protect\n|move|p2a: Corviknight|Tailwind|p2a: Corviknight\n|-sidestart|p2: Mirthinion|move: Tailwind\n|move|p1b: Corviknight|Body Press|p2b: Incineroar\n|-supereffective|p2b: Incineroar|1\n|-enditem|p2b: Incineroar|Chople Berry|[eat]\n|-enditem|p2b: Incineroar|Chople Berry|[weaken]\n|-damage|p2b: Incineroar|55/100\n|\n|-heal|p1b: Corviknight|93/100|[from] item: Leftovers\n|upkeep\n|turn|6\n|inactive|Millercs has 30 seconds left.\n|\n|t:|1776187456\n|move|p2a: Corviknight|Roost|p2a: Corviknight\n|-heal|p2a: Corviknight|58/100\n|-singleturn|p2a: Corviknight|move: Roost\n|move|p1a: Garchomp|Stomping Tantrum|p2b: Incineroar\n|-supereffective|p2b: Incineroar|1\n|-damage|p2b: Incineroar|16/100\n|move|p2b: Incineroar|Will-O-Wisp|p1b: Corviknight|[miss]\n|-miss|p2b: Incineroar|p1b: Corviknight\n|move|p1b: Corviknight|Iron Defense|p1b: Corviknight\n|-boost|p1b: Corviknight|def|2\n|\n|-heal|p1b: Corviknight|99/100|[from] item: Leftovers\n|upkeep\n|turn|7\n|\n|t:|1776187475\n|move|p2a: Corviknight|Iron Head|p1a: Garchomp\n|-damage|p1a: Garchomp|74/100\n|-damage|p2a: Corviknight|46/100|[from] ability: Rough Skin|[of] p1a: Garchomp\n|move|p1a: Garchomp|Rock Slide|p2a: Corviknight|[spread] p2a\n|-miss|p1a: Garchomp|p2b: Incineroar\n|-damage|p2a: Corviknight|36/100\n|move|p2b: Incineroar|Will-O-Wisp|p1b: Corviknight\n|-status|p1b: Corviknight|brn\n|move|p1b: Corviknight|Body Press|p2a: Corviknight\n|-crit|p2a: Corviknight\n|-damage|p2a: Corviknight|0 fnt\n|faint|p2a: Corviknight\n|\n|-heal|p1b: Corviknight|100/100 brn|[from] item: Leftovers\n|-damage|p1b: Corviknight|95/100 brn|[from] brn\n|upkeep\n|\n|t:|1776187496\n|switch|p2a: Tyranitar|Tyranitar, L50, M|100/100\n|-weather|Sandstorm|[from] ability: Sand Stream|[of] p2a: Tyranitar\n|turn|8\n|inactive|Millercs has 30 seconds left.\n|l|\u2606Millercs\n|inactive|Millercs disconnected and has a minute to reconnect!\n|player|p1|\n|inactive|Millercs has 20 seconds left.\n|inactive|Millercs has 15 seconds left.\n|j|\u2606Millercs\n|inactive|Millercs reconnected and has 15 seconds left.\n|player|p1|Millercs|102|\n|inactive|Millercs has 10 seconds left.\n|\n|t:|1776187543\n|detailschange|p2a: Tyranitar|Tyranitar-Mega, L50, M\n|-mega|p2a: Tyranitar|Tyranitar|Tyranitarite\n|move|p1a: Garchomp|Protect|p1a: Garchomp\n|-singleturn|p1a: Garchomp|Protect\n|move|p2a: Tyranitar|Knock Off|p1b: Corviknight\n|-damage|p1b: Corviknight|81/100 brn\n|-enditem|p1b: Corviknight|Leftovers|[from] move: Knock Off|[of] p2a: Tyranitar\n|move|p2b: Incineroar|Will-O-Wisp|p1a: Garchomp\n|-activate|p1a: Garchomp|move: Protect\n|move|p1b: Corviknight|Body Press|p2a: Tyranitar\n|-supereffective|p2a: Tyranitar|2\n|-damage|p2a: Tyranitar|0 fnt\n|faint|p2a: Tyranitar\n|\n|-weather|Sandstorm|[upkeep]\n|-damage|p2b: Incineroar|10/100|[from] Sandstorm\n|-damage|p1b: Corviknight|75/100 brn|[from] brn\n|-sideend|p2: Mirthinion|move: Tailwind\n|upkeep\n|\n|t:|1776187559\n|switch|p2a: Primarina|Primarina, L50, F|30/100\n|turn|9\n|\n|t:|1776187577\n|move|p1a: Garchomp|Rock Slide|p2a: Primarina|[spread] p2a\n|-miss|p1a: Garchomp|p2b: Incineroar\n|-damage|p2a: Primarina|12/100\n|cant|p2a: Primarina|flinch\n|move|p1b: Corviknight|Roost|p1b: Corviknight\n|-heal|p1b: Corviknight|100/100 brn\n|-singleturn|p1b: Corviknight|move: Roost\n|move|p2b: Incineroar|Flare Blitz|p1b: Corviknight\n|-supereffective|p1b: Corviknight|1\n|-crit|p1b: Corviknight\n|-damage|p1b: Corviknight|0 fnt\n|faint|p1b: Corviknight\n|-damage|p2b: Incineroar|0 fnt|[from] Recoil\n|faint|p2b: Incineroar\n|\n|-weather|Sandstorm|[upkeep]\n|-damage|p2a: Primarina|6/100|[from] Sandstorm\n|upkeep\n|turn|10\n|\n|t:|1776187600\n|move|p1a: Garchomp|Stomping Tantrum|p2a: Primarina\n|-damage|p2a: Primarina|0 fnt\n|faint|p2a: Primarina\n|\n|win|Millercs\n|raw|Millercs's rating: 1159 &rarr; <strong>1190</strong><br />(+31 for winning)\n|raw|Mirthinion's rating: 1239 &rarr; <strong>1208</strong><br />(-31 for losing)\n|c|\u2606Mirthinion|gg wp\n",
  "uploadtime": 1776187615,
  "views": 34,
  "formatid": "gen9championsvgc2026regma",
  "rating": 1190,
  "private": 0,
  "password": null
}