{
  "id": "gen9championsvgc2026regma-2581442078",
  "format": "[Gen 9 Champions] VGC 2026 Reg M-A",
  "players": [
    "Bhdidi",
    "Ouraiti"
  ],
  "log": "|j|\u2606Bhdidi\n|j|\u2606Ouraiti\n|t:|1776000811\n|gametype|doubles\n|player|p1|Bhdidi|102|1301\n|player|p2|Ouraiti|shauntal|1274\n|gen|9\n|tier|[Gen 9 Champions] VGC 2026 Reg M-A\n|rated|\n|rule|Species Clause: Limit one of each Pok\u00e9mon\n|rule|Item Clause: Limit 1 of each item\n|clearpoke\n|poke|p1|Incineroar, L50, F|\n|poke|p1|Primarina, L50, F|\n|poke|p1|Garchomp, L50, M|\n|poke|p1|Sinistcha, L50|\n|poke|p1|Sneasler, L50, F|\n|poke|p1|Farigiraf, L50, M|\n|poke|p2|Gengar, L50, F|\n|poke|p2|Incineroar, L50, M|\n|poke|p2|Palafin, L50, F|\n|poke|p2|Sinistcha, L50|\n|poke|p2|Pelipper, L50, M|\n|poke|p2|Archaludon, L50, M|\n|teampreview|4\n|inactive|Battle timer is ON: inactive players will automatically lose when time's up. (requested by Bhdidi)\n|\n|t:|1776000877\n|teamsize|p1|4\n|teamsize|p2|4\n|start\n|switch|p1a: Garchomp|Garchomp, L50, M|100/100\n|switch|p1b: Incineroar|Incineroar, L50, F|100/100\n|switch|p2a: Incineroar|Incineroar, L50, M|100/100\n|switch|p2b: Palafin|Palafin, L50, F|100/100\n|-ability|p1b: Incineroar|Intimidate|boost\n|-unboost|p2a: Incineroar|atk|1\n|-unboost|p2b: Palafin|atk|1\n|-ability|p2a: Incineroar|Intimidate|boost\n|-unboost|p1a: Garchomp|atk|1\n|-unboost|p1b: Incineroar|atk|1\n|turn|1\n|inactive|Bhdidi has 30 seconds left.\n|inactive|Ouraiti has 30 seconds left.\n|inactive|Bhdidi has 20 seconds left.\n|\n|t:|1776000916\n|detailschange|p2b: Palafin|Palafin-Hero, L50, F\n|switch|p2b: Sinistcha|Sinistcha, L50|100/100\n|move|p1a: Garchomp|Protect|p1a: Garchomp\n|-singleturn|p1a: Garchomp|Protect\n|move|p1b: Incineroar|Fake Out|p2b: Sinistcha\n|-immune|p2b: Sinistcha\n|move|p2a: Incineroar|Parting Shot|p1a: Garchomp\n|-activate|p1a: Garchomp|move: Protect\n|\n|upkeep\n|turn|2\n|\n|t:|1776000936\n|move|p2b: Sinistcha|Protect|p2b: Sinistcha\n|-singleturn|p2b: Sinistcha|Protect\n|move|p1a: Garchomp|Stomping Tantrum|p2a: Incineroar\n|-supereffective|p2a: Incineroar|1\n|-damage|p2a: Incineroar|59/100\n|move|p1b: Incineroar|Flare Blitz|p2b: Sinistcha\n|-activate|p2b: Sinistcha|move: Protect\n|move|p2a: Incineroar|Parting Shot|p1a: Garchomp\n|-unboost|p1a: Garchomp|atk|1\n|-unboost|p1a: Garchomp|spa|1\n|\n|t:|1776000946\n|switch|p2a: Palafin|Palafin-Hero, L50, F|100/100|[from] Parting Shot\n|-activate|p2a: Palafin|ability: Zero to Hero\n|\n|upkeep\n|turn|3\n|\n|t:|1776000958\n|switch|p1b: Primarina|Primarina, L50, F|100/100\n|move|p1a: Garchomp|Breaking Swipe|p2a: Palafin|[spread] p2a,p2b\n|-crit|p2a: Palafin\n|-damage|p2a: Palafin|66/100\n|-damage|p2b: Sinistcha|90/100\n|-unboost|p2a: Palafin|atk|1\n|-unboost|p2b: Sinistcha|atk|1\n|move|p2a: Palafin|Wave Crash|p1b: Primarina\n|-resisted|p1b: Primarina|1\n|-damage|p1b: Primarina|66/100\n|-damage|p2a: Palafin|54/100|[from] Recoil\n|move|p2b: Sinistcha|Matcha Gotcha|p1b: Primarina|[spread] p1a,p1b\n|-supereffective|p1b: Primarina|1\n|-damage|p1a: Garchomp|71/100\n|-heal|p2b: Sinistcha|100/100|[from] drain|[of] p1a: Garchomp\n|-damage|p1b: Primarina|24/100\n|-status|p1b: Primarina|brn\n|\n|-heal|p1b: Primarina|30/100 brn|[from] item: Leftovers\n|-damage|p1b: Primarina|24/100 brn|[from] brn\n|upkeep\n|turn|4\n|\n|t:|1776000983\n|switch|p2a: Incineroar|Incineroar, L50, M|59/100\n|-ability|p2a: Incineroar|Intimidate|boost\n|-unboost|p1a: Garchomp|atk|1\n|-unboost|p1b: Primarina|atk|1\n|move|p1b: Primarina|Protect|p1b: Primarina\n|-singleturn|p1b: Primarina|Protect\n|move|p1a: Garchomp|Breaking Swipe|p2b: Sinistcha|[spread] p2a,p2b\n|-damage|p2a: Incineroar|51/100\n|-damage|p2b: Sinistcha|91/100\n|-unboost|p2a: Incineroar|atk|1\n|-unboost|p2b: Sinistcha|atk|1\n|move|p2b: Sinistcha|Matcha Gotcha|p1a: Garchomp|[spread] p1a\n|-activate|p1b: Primarina|move: Protect\n|-damage|p1a: Garchomp|42/100\n|-heal|p2b: Sinistcha|100/100|[from] drain|[of] p1a: Garchomp\n|\n|-heal|p1b: Primarina|30/100 brn|[from] item: Leftovers\n|-damage|p1b: Primarina|24/100 brn|[from] brn\n|upkeep\n|turn|5\n|\n|t:|1776000999\n|switch|p1a: Incineroar|Incineroar, L50, F|100/100\n|-ability|p1a: Incineroar|Intimidate|boost\n|-unboost|p2a: Incineroar|atk|1\n|-unboost|p2b: Sinistcha|atk|1\n|move|p1b: Primarina|Moonblast|p2b: Sinistcha\n|-damage|p2b: Sinistcha|56/100\n|move|p2b: Sinistcha|Matcha Gotcha|p1b: Primarina|[spread] p1a,p1b\n|-resisted|p1a: Incineroar|1\n|-supereffective|p1b: Primarina|1\n|-damage|p1a: Incineroar|89/100\n|-heal|p2b: Sinistcha|63/100|[from] drain|[of] p1a: Incineroar\n|-damage|p1b: Primarina|0 fnt\n|-heal|p2b: Sinistcha|76/100|[from] drain|[of] p1b: Primarina\n|faint|p1b: Primarina\n|move|p2a: Incineroar|Parting Shot|p1a: Incineroar\n|-unboost|p1a: Incineroar|atk|1\n|-unboost|p1a: Incineroar|spa|1\n|\n|t:|1776001014\n|switch|p2a: Palafin|Palafin-Hero, L50, F|54/100|[from] Parting Shot\n|\n|upkeep\n|\n|t:|1776001021\n|switch|p1b: Garchomp|Garchomp, L50, M|42/100\n|turn|6\n|\n|t:|1776001030\n|switch|p2b: Incineroar|Incineroar, L50, M|51/100\n|-ability|p2b: Incineroar|Intimidate|boost\n|-unboost|p1a: Incineroar|atk|1\n|-unboost|p1b: Garchomp|atk|1\n|move|p2a: Palafin|Protect|p2a: Palafin\n|-singleturn|p2a: Palafin|Protect\n|move|p1b: Garchomp|Breaking Swipe|p2b: Incineroar|[spread] p2b\n|-activate|p2a: Palafin|move: Protect\n|-damage|p2b: Incineroar|40/100\n|-unboost|p2b: Incineroar|atk|1\n|move|p1a: Incineroar|Flare Blitz|p2b: Incineroar\n|-resisted|p2b: Incineroar|1\n|-damage|p2b: Incineroar|29/100\n|-damage|p1a: Incineroar|86/100|[from] Recoil\n|\n|upkeep\n|turn|7\n|\n|t:|1776001042\n|switch|p2a: Sinistcha|Sinistcha, L50|76/100\n|-heal|p2b: Incineroar|54/100|[from] ability: Hospitality|[of] p2a: Sinistcha\n|switch|p1a: Sneasler|Sneasler, L50, F|100/100\n|move|p1b: Garchomp|Protect|p1b: Garchomp\n|-singleturn|p1b: Garchomp|Protect\n|move|p2b: Incineroar|Parting Shot|p1b: Garchomp\n|-activate|p1b: Garchomp|move: Protect\n|\n|upkeep\n|turn|8\n|\n|t:|1776001062\n|switch|p1b: Incineroar|Incineroar, L50, F|86/100\n|-ability|p1b: Incineroar|Intimidate|boost\n|-unboost|p2a: Sinistcha|atk|1\n|-unboost|p2b: Incineroar|atk|1\n|move|p1a: Sneasler|Close Combat|p2b: Incineroar\n|-supereffective|p2b: Incineroar|1\n|-enditem|p2b: Incineroar|Chople Berry|[eat]\n|-enditem|p2b: Incineroar|Chople Berry|[weaken]\n|-damage|p2b: Incineroar|6/100\n|-unboost|p1a: Sneasler|def|1\n|-unboost|p1a: Sneasler|spd|1\n|move|p2a: Sinistcha|Matcha Gotcha|p1b: Incineroar|[spread] p1a,p1b\n|-resisted|p1a: Sneasler|1\n|-resisted|p1b: Incineroar|1\n|-damage|p1a: Sneasler|74/100\n|-heal|p2a: Sinistcha|88/100|[from] drain|[of] p1a: Sneasler\n|-damage|p1b: Incineroar|74/100\n|-heal|p2a: Sinistcha|94/100|[from] drain|[of] p1b: Incineroar\n|move|p2b: Incineroar|Darkest Lariat|p1a: Sneasler\n|-resisted|p1a: Sneasler|1\n|-damage|p1a: Sneasler|59/100\n|\n|upkeep\n|turn|9\n|\n|t:|1776001081\n|move|p2a: Sinistcha|Protect|p2a: Sinistcha\n|-singleturn|p2a: Sinistcha|Protect\n|move|p1a: Sneasler|Close Combat|p2b: Incineroar\n|-supereffective|p2b: Incineroar|1\n|-damage|p2b: Incineroar|0 fnt\n|-unboost|p1a: Sneasler|def|1\n|-unboost|p1a: Sneasler|spd|1\n|faint|p2b: Incineroar\n|move|p1b: Incineroar|Flare Blitz|p2a: Sinistcha\n|-activate|p2a: Sinistcha|move: Protect\n|\n|upkeep\n|\n|t:|1776001091\n|switch|p2b: Palafin|Palafin-Hero, L50, F|54/100\n|turn|10\n|\n|t:|1776001106\n|switch|p1b: Garchomp|Garchomp, L50, M|42/100\n|move|p1a: Sneasler|Protect|p1a: Sneasler\n|-singleturn|p1a: Sneasler|Protect\n|move|p2b: Palafin|Jet Punch|p1a: Sneasler\n|-activate|p1a: Sneasler|move: Protect\n|move|p2a: Sinistcha|Matcha Gotcha|p1b: Garchomp|[spread] p1b\n|-activate|p1a: Sneasler|move: Protect\n|-damage|p1b: Garchomp|14/100\n|-heal|p2a: Sinistcha|100/100|[from] drain|[of] p1b: Garchomp\n|\n|upkeep\n|turn|11\n|\n|t:|1776001129\n|move|p1a: Sneasler|Dire Claw|p2b: Palafin\n|-damage|p2b: Palafin|13/100\n|move|p1b: Garchomp|Breaking Swipe|p2b: Palafin|[spread] p2a,p2b\n|-crit|p2a: Sinistcha\n|-damage|p2a: Sinistcha|70/100\n|-damage|p2b: Palafin|0 fnt\n|-unboost|p2a: Sinistcha|atk|1\n|faint|p2b: Palafin\n|move|p2a: Sinistcha|Matcha Gotcha|p1a: Sneasler|[spread] p1a,p1b\n|-resisted|p1a: Sneasler|1\n|-damage|p1a: Sneasler|20/100\n|-heal|p2a: Sinistcha|87/100|[from] drain|[of] p1a: Sneasler\n|-damage|p1b: Garchomp|0 fnt\n|-heal|p2a: Sinistcha|94/100|[from] drain|[of] p1b: Garchomp\n|faint|p1b: Garchomp\n|\n|upkeep\n|\n|t:|1776001137\n|switch|p1b: Incineroar|Incineroar, L50, F|74/100\n|switch|p2b: Gengar|Gengar, L50, F|100/100\n|-ability|p1b: Incineroar|Intimidate|boost\n|-unboost|p2a: Sinistcha|atk|1\n|-unboost|p2b: Gengar|atk|1\n|turn|12\n|\n|t:|1776001150\n|detailschange|p2b: Gengar|Gengar-Mega, L50, F\n|-mega|p2b: Gengar|Gengar|Gengarite\n|move|p2b: Gengar|Protect|p2b: Gengar\n|-singleturn|p2b: Gengar|Protect\n|move|p1a: Sneasler|Dire Claw|p2b: Gengar\n|-activate|p2b: Gengar|move: Protect\n|move|p1b: Incineroar|Darkest Lariat|p2b: Gengar\n|-activate|p2b: Gengar|move: Protect\n|move|p2a: Sinistcha|Matcha Gotcha|p1b: Incineroar|[spread] p1a,p1b\n|-resisted|p1a: Sneasler|1\n|-crit|p1a: Sneasler\n|-resisted|p1b: Incineroar|1\n|-damage|p1a: Sneasler|0 fnt\n|-heal|p2a: Sinistcha|100/100|[from] drain|[of] p1a: Sneasler\n|-damage|p1b: Incineroar|63/100\n|faint|p1a: Sneasler\n|\n|upkeep\n|turn|13\n|\n|t:|1776001165\n|move|p2a: Sinistcha|Rage Powder|p2a: Sinistcha\n|-singleturn|p2a: Sinistcha|move: Rage Powder\n|move|p2b: Gengar|Sludge Bomb|p1b: Incineroar\n|-damage|p1b: Incineroar|15/100\n|-enditem|p1b: Incineroar|Sitrus Berry|[eat]\n|-heal|p1b: Incineroar|40/100|[from] item: Sitrus Berry\n|move|p1b: Incineroar|Darkest Lariat|p2a: Sinistcha\n|-supereffective|p2a: Sinistcha|1\n|-crit|p2a: Sinistcha\n|-damage|p2a: Sinistcha|0 fnt\n|faint|p2a: Sinistcha\n|\n|upkeep\n|turn|14\n|c|\u2606Bhdidi|gg\n|\n|t:|1776001174\n|move|p2b: Gengar|Sludge Bomb|p1b: Incineroar\n|-damage|p1b: Incineroar|0 fnt\n|faint|p1b: Incineroar\n|\n|win|Ouraiti\n|raw|Bhdidi's rating: 1301 &rarr; <strong>1279</strong><br />(-22 for losing)\n|raw|Ouraiti's rating: 1274 &rarr; <strong>1301</strong><br />(+27 for winning)\n|l|\u2606Bhdidi\n|player|p1|\n|c|\u2606Ouraiti|gg\n",
  "uploadtime": 1776001202,
  "views": 38,
  "formatid": "gen9championsvgc2026regma",
  "rating": 1279,
  "private": 0,
  "password": null
}