{
  "id": "gen9championsvgc2026regma-2585036614",
  "format": "[Gen 9 Champions] VGC 2026 Reg M-A",
  "players": [
    "ruddyreboot",
    "itastelikeiron"
  ],
  "log": "|j|\u2606ruddyreboot\n|j|\u2606itastelikeiron\n|t:|1776305506\n|gametype|doubles\n|player|p1|ruddyreboot|1|1437\n|player|p2|itastelikeiron|infielder|1484\n|gen|9\n|tier|[Gen 9 Champions] VGC 2026 Reg M-A\n|rated|\n|rule|Species Clause: Limit one of each Pok\u00e9mon\n|rule|Item Clause: Limit 1 of each item\n|clearpoke\n|poke|p1|Kangaskhan, L50, F|\n|poke|p1|Torkoal, L50, F|\n|poke|p1|Farigiraf, L50, M|\n|poke|p1|Hatterene, L50, F|\n|poke|p1|Kingambit, L50, M|\n|poke|p1|Scovillain, L50, F|\n|poke|p2|Meganium, L50, F|\n|poke|p2|Basculegion, L50, M|\n|poke|p2|Scizor, L50, F|\n|poke|p2|Incineroar, L50, M|\n|poke|p2|Sneasler, L50, F|\n|poke|p2|Ninetales-Alola, L50, F|\n|teampreview|4\n|inactive|Battle timer is ON: inactive players will automatically lose when time's up. (requested by ruddyreboot)\n|j| jeskyv2\n|inactive|itastelikeiron has 60 seconds left.\n|\n|t:|1776305542\n|teamsize|p1|4\n|teamsize|p2|4\n|start\n|switch|p1a: Scovillain|Scovillain, L50, F|100/100\n|switch|p1b: Farigiraf|Farigiraf, L50, M|100/100\n|switch|p2a: Incineroar|Incineroar, L50, M|100/100\n|switch|p2b: Meganium|Meganium, L50, F|100/100\n|-ability|p2a: Incineroar|Intimidate|boost\n|-unboost|p1a: Scovillain|atk|1\n|-unboost|p1b: Farigiraf|atk|1\n|turn|1\n|inactive|ruddyreboot has 30 seconds left.\n|\n|t:|1776305570\n|detailschange|p2b: Meganium|Meganium-Mega, L50, F\n|-mega|p2b: Meganium|Meganium|Meganiumite\n|detailschange|p1a: Scovillain|Scovillain-Mega, L50, F\n|-mega|p1a: Scovillain|Scovillain|Scovillainite\n|move|p1a: Scovillain|Rage Powder|p1a: Scovillain\n|-singleturn|p1a: Scovillain|move: Rage Powder\n|move|p2b: Meganium|Solar Beam||[still]\n|-prepare|p2b: Meganium|Solar Beam\n|-activate|p2b: Meganium|ability: Mega Sol\n|-anim|p2b: Meganium|Solar Beam|p1b: Farigiraf\n|-damage|p1b: Farigiraf|30/100\n|-enditem|p1b: Farigiraf|Sitrus Berry|[eat]\n|-heal|p1b: Farigiraf|55/100|[from] item: Sitrus Berry\n|move|p2a: Incineroar|Throat Chop|p1a: Scovillain\n|-damage|p1a: Scovillain|67/100\n|-start|p1a: Scovillain|Throat Chop|[silent]\n|-immune|p2a: Incineroar\n|move|p1b: Farigiraf|Trick Room|p1b: Farigiraf\n|-fieldstart|move: Trick Room|[of] p1b: Farigiraf\n|\n|upkeep\n|turn|2\n|j| Crvstal_K!tty\n|\n|t:|1776305589\n|move|p1a: Scovillain|Helping Hand|p1b: Farigiraf\n|-singleturn|p1b: Farigiraf|Helping Hand|[of] p1a: Scovillain\n|move|p1b: Farigiraf|Hyper Voice|p2a: Incineroar|[spread] p2a,p2b\n|-damage|p2a: Incineroar|51/100\n|-damage|p2b: Meganium|57/100\n|move|p2a: Incineroar|Parting Shot|p1a: Scovillain\n|-unboost|p1a: Scovillain|atk|1\n|-unboost|p1a: Scovillain|spa|1\n|\n|t:|1776305597\n|switch|p2a: Sneasler|Sneasler, L50, F|100/100|[from] Parting Shot\n|move|p2b: Meganium|Solar Beam||[still]\n|-prepare|p2b: Meganium|Solar Beam\n|-activate|p2b: Meganium|ability: Mega Sol\n|-anim|p2b: Meganium|Solar Beam|p1b: Farigiraf\n|-damage|p1b: Farigiraf|0 fnt\n|faint|p1b: Farigiraf\n|\n|-end|p1a: Scovillain|Throat Chop|[silent]\n|upkeep\n|\n|t:|1776305606\n|switch|p1b: Hatterene|Hatterene, L50, F|100/100\n|turn|3\n|\n|t:|1776305619\n|switch|p1b: Torkoal|Torkoal, L50, F|100/100\n|-weather|SunnyDay|[from] ability: Drought|[of] p1b: Torkoal\n|move|p2a: Sneasler|Fake Out|p1b: Torkoal\n|-damage|p1b: Torkoal|89/100\n|move|p1a: Scovillain|Flare Blitz|p2b: Meganium\n|-supereffective|p2b: Meganium|1\n|-damage|p2b: Meganium|0 fnt\n|faint|p2b: Meganium\n|-damage|p1a: Scovillain|46/100|[from] Recoil\n|\n|-weather|SunnyDay|[upkeep]\n|upkeep\n|\n|t:|1776305631\n|switch|p2b: Incineroar|Incineroar, L50, M|51/100\n|-ability|p2b: Incineroar|Intimidate|boost\n|-unboost|p1a: Scovillain|atk|1\n|-unboost|p1b: Torkoal|atk|1\n|turn|4\n|\n|t:|1776305648\n|move|p2b: Incineroar|Fake Out|p1b: Torkoal\n|-damage|p1b: Torkoal|79/100\n|move|p1a: Scovillain|Rage Powder|p1a: Scovillain\n|-singleturn|p1a: Scovillain|move: Rage Powder\n|cant|p1b: Torkoal|flinch\n|move|p2a: Sneasler|Dire Claw|p1a: Scovillain\n|-supereffective|p1a: Scovillain|1\n|-damage|p1a: Scovillain|0 fnt\n|-status|p2a: Sneasler|brn|[from] ability: Spicy Spray|[of] p1a: Scovillain\n|faint|p1a: Scovillain\n|\n|-weather|SunnyDay|[upkeep]\n|-damage|p2a: Sneasler|95/100 brn|[from] brn\n|upkeep\n|\n|t:|1776305651\n|switch|p1a: Hatterene|Hatterene, L50, F|100/100\n|turn|5\n|\n|t:|1776305664\n|switch|p2b: Ninetales|Ninetales-Alola, L50, F|100/100\n|-weather|Snowscape|[from] ability: Snow Warning|[of] p2b: Ninetales\n|move|p2a: Sneasler|Protect|p2a: Sneasler\n|-singleturn|p2a: Sneasler|Protect\n|move|p1b: Torkoal|Body Press|p2b: Ninetales\n|-damage|p2b: Ninetales|76/100\n|move|p1a: Hatterene|Psychic|p2a: Sneasler\n|-activate|p2a: Sneasler|move: Protect\n|\n|-weather|Snowscape|[upkeep]\n|-damage|p2a: Sneasler|89/100 brn|[from] brn\n|-fieldend|move: Trick Room\n|upkeep\n|turn|6\n|\n|t:|1776305679\n|move|p1b: Torkoal|Protect|p1b: Torkoal\n|-singleturn|p1b: Torkoal|Protect\n|move|p2a: Sneasler|Dire Claw|p1a: Hatterene\n|-supereffective|p1a: Hatterene|1\n|-damage|p1a: Hatterene|56/100\n|move|p2b: Ninetales|Encore|p1b: Torkoal\n|-activate|p1b: Torkoal|move: Protect\n|move|p1a: Hatterene|Trick Room|p1a: Hatterene\n|-fieldstart|move: Trick Room|[of] p1a: Hatterene\n|\n|-weather|Snowscape|[upkeep]\n|-damage|p2a: Sneasler|83/100 brn|[from] brn\n|upkeep\n|turn|7\n|j| njxfnewnfw2\n|\n|t:|1776305694\n|switch|p2a: Incineroar|Incineroar, L50, M|51/100\n|-ability|p2a: Incineroar|Intimidate|boost\n|-unboost|p1a: Hatterene|atk|1\n|-unboost|p1b: Torkoal|atk|1\n|move|p2b: Ninetales|Protect|p2b: Ninetales\n|-singleturn|p2b: Ninetales|Protect\n|move|p1b: Torkoal|Eruption|p2a: Incineroar|[spread] p2a\n|-activate|p2b: Ninetales|move: Protect\n|-resisted|p2a: Incineroar|1\n|-damage|p2a: Incineroar|29/100\n|-enditem|p2a: Incineroar|Sitrus Berry|[eat]\n|-heal|p2a: Incineroar|53/100|[from] item: Sitrus Berry\n|move|p1a: Hatterene|Dazzling Gleam|p2a: Incineroar|[spread] p2a\n|-activate|p2b: Ninetales|move: Protect\n|-damage|p2a: Incineroar|16/100\n|\n|-weather|Snowscape|[upkeep]\n|upkeep\n|turn|8\n|\n|t:|1776305711\n|move|p1b: Torkoal|Protect|p1b: Torkoal\n|-singleturn|p1b: Torkoal|Protect\n|move|p2a: Incineroar|Fake Out|p1b: Torkoal\n|-activate|p1b: Torkoal|move: Protect\n|move|p1a: Hatterene|Dazzling Gleam|p2b: Ninetales|[spread] p2a,p2b\n|-damage|p2a: Incineroar|0 fnt\n|-damage|p2b: Ninetales|29/100\n|faint|p2a: Incineroar\n|move|p2b: Ninetales|Blizzard|p1b: Torkoal|[spread] p1a\n|-activate|p1b: Torkoal|move: Protect\n|-damage|p1a: Hatterene|23/100\n|\n|-weather|Snowscape|[upkeep]\n|upkeep\n|\n|t:|1776305716\n|switch|p2a: Sneasler|Sneasler, L50, F|83/100 brn\n|turn|9\n|inactive|itastelikeiron has 30 seconds left.\n|\n|t:|1776305743\n|move|p2a: Sneasler|Fake Out|p1a: Hatterene\n|-damage|p1a: Hatterene|15/100\n|move|p1b: Torkoal|Eruption|p2a: Sneasler|[spread] p2a,p2b\n|-supereffective|p2b: Ninetales|1\n|-damage|p2a: Sneasler|26/100 brn\n|-damage|p2b: Ninetales|0 fnt\n|faint|p2b: Ninetales\n|cant|p1a: Hatterene|flinch\n|\n|-weather|none\n|-damage|p2a: Sneasler|20/100 brn|[from] brn\n|upkeep\n|turn|10\n|-message|itastelikeiron forfeited.\n|\n|win|ruddyreboot\n|raw|ruddyreboot's rating: 1437 &rarr; <strong>1460</strong><br />(+23 for winning)\n|raw|itastelikeiron's rating: 1484 &rarr; <strong>1461</strong><br />(-23 for losing)\n|l|\u2606itastelikeiron\n|player|p2|\n|l| Crvstal_K!tty\n|l| njxfnewnfw2\n|l|\u2606ruddyreboot\n|player|p1|\n",
  "uploadtime": 1776306698,
  "views": 39,
  "formatid": "gen9championsvgc2026regma",
  "rating": 1460,
  "private": 0,
  "password": null
}