{
  "id": "gen9championsvgc2026regma-2585937942",
  "format": "[Gen 9 Champions] VGC 2026 Reg M-A",
  "players": [
    "RenfieldsPokemon",
    "salmonsalesman"
  ],
  "log": "|j|\u2606RenfieldsPokemon\n|j|\u203dsalmonsalesman\n|t:|1776383171\n|gametype|doubles\n|player|p1|RenfieldsPokemon|265|1161\n|player|p2|salmonsalesman|fisherman-gen4|1151\n|gen|9\n|tier|[Gen 9 Champions] VGC 2026 Reg M-A\n|rated|\n|rule|Species Clause: Limit one of each Pok\u00e9mon\n|rule|Item Clause: Limit 1 of each item\n|clearpoke\n|poke|p1|Aggron, L50, M|\n|poke|p1|Sinistcha-Masterpiece, L50|\n|poke|p1|Sneasler, L50, M|\n|poke|p1|Incineroar, L50, M|\n|poke|p1|Farigiraf, L50, F|\n|poke|p1|Pelipper, L50, F|\n|poke|p2|Basculegion, L50, M|\n|poke|p2|Dragapult, L50, F|\n|poke|p2|Sneasler, L50, F|\n|poke|p2|Farigiraf, L50, F|\n|poke|p2|Tyranitar, L50, M|\n|poke|p2|Excadrill, L50, F|\n|teampreview|4\n|inactive|Battle timer is ON: inactive players will automatically lose when time's up. (requested by salmonsalesman)\n|\n|t:|1776383217\n|teamsize|p1|4\n|teamsize|p2|4\n|start\n|switch|p1a: Aggron|Aggron, L50, M|100/100\n|switch|p1b: Sinistcha|Sinistcha-Masterpiece, L50|100/100\n|switch|p2a: Dragapult|Dragapult, L50, F|100/100\n|switch|p2b: Sneasler|Sneasler, L50, F|100/100\n|turn|1\n|\n|t:|1776383234\n|detailschange|p1a: Aggron|Aggron-Mega, L50, M\n|-mega|p1a: Aggron|Aggron|Aggronite\n|move|p1b: Sinistcha|Rage Powder|p1b: Sinistcha\n|-singleturn|p1b: Sinistcha|move: Rage Powder\n|move|p2a: Dragapult|Phantom Force||[still]\n|-prepare|p2a: Dragapult|Phantom Force\n|move|p2b: Sneasler|Dire Claw|p1b: Sinistcha\n|-damage|p1b: Sinistcha|51/100\n|-status|p1b: Sinistcha|par\n|move|p1a: Aggron|Iron Defense|p1a: Aggron\n|-boost|p1a: Aggron|def|2\n|\n|-heal|p1b: Sinistcha|57/100 par|[from] item: Leftovers\n|upkeep\n|turn|2\n|inactive|RenfieldsPokemon has 30 seconds left.\n|inactive|RenfieldsPokemon has 20 seconds left.\n|\n|t:|1776383271\n|switch|p1b: Incineroar|Incineroar, L50, M|100/100\n|-ability|p1b: Incineroar|Intimidate|boost\n|-fail|p2a: Dragapult|unboost|[from] ability: Clear Body|[of] p2a: Dragapult\n|-unboost|p2b: Sneasler|atk|1\n|-enditem|p2b: Sneasler|White Herb\n|-clearnegativeboost|p2b: Sneasler|[silent]\n|move|p2b: Sneasler|Close Combat|p1b: Incineroar\n|-supereffective|p1b: Incineroar|1\n|-damage|p1b: Incineroar|0 fnt\n|-unboost|p2b: Sneasler|def|1\n|-unboost|p2b: Sneasler|spd|1\n|faint|p1b: Incineroar\n|move|p2a: Dragapult|Phantom Force|p1a: Aggron|[from] lockedmove\n|-damage|p1a: Aggron|89/100\n|move|p1a: Aggron|Iron Defense|p1a: Aggron\n|-boost|p1a: Aggron|def|2\n|\n|upkeep\n|\n|t:|1776383293\n|switch|p1b: Pelipper|Pelipper, L50, F|100/100\n|-weather|RainDance|[from] ability: Drizzle|[of] p1b: Pelipper\n|turn|3\n|\n|t:|1776383309\n|move|p2b: Sneasler|Coaching|p2a: Dragapult\n|-boost|p2a: Dragapult|atk|1\n|-boost|p2a: Dragapult|def|1\n|move|p2a: Dragapult|Phantom Force||[still]\n|-prepare|p2a: Dragapult|Phantom Force\n|move|p1b: Pelipper|Hurricane|p2a: Dragapult|[miss]\n|-miss|p1b: Pelipper|p2a: Dragapult\n|move|p1a: Aggron|Heavy Slam|p2b: Sneasler\n|-damage|p2b: Sneasler|0 fnt\n|faint|p2b: Sneasler\n|\n|-weather|RainDance|[upkeep]\n|upkeep\n|\n|t:|1776383324\n|switch|p2b: Excadrill|Excadrill, L50, F|100/100\n|turn|4\n|\n|t:|1776383336\n|move|p2a: Dragapult|Phantom Force|p1b: Pelipper|[from] lockedmove\n|-damage|p1b: Pelipper|19/100\n|move|p2b: Excadrill|Rock Slide|p1b: Pelipper|[spread] p1a,p1b\n|-resisted|p1a: Aggron|1\n|-supereffective|p1b: Pelipper|1\n|-damage|p1a: Aggron|87/100\n|-damage|p1b: Pelipper|0 fnt\n|faint|p1b: Pelipper\n|move|p1a: Aggron|Body Press|p2b: Excadrill\n|-supereffective|p2b: Excadrill|1\n|-enditem|p2b: Excadrill|Focus Sash\n|-damage|p2b: Excadrill|1/100\n|\n|-weather|RainDance|[upkeep]\n|upkeep\n|\n|t:|1776383348\n|switch|p1b: Sinistcha|Sinistcha-Masterpiece, L50|57/100 par\n|-heal|p1a: Aggron|100/100|[from] ability: Hospitality|[of] p1b: Sinistcha\n|turn|5\n|\n|t:|1776383356\n|move|p2b: Excadrill|Protect|p2b: Excadrill\n|-singleturn|p2b: Excadrill|Protect\n|move|p2a: Dragapult|Phantom Force||[still]\n|-prepare|p2a: Dragapult|Phantom Force\n|move|p1b: Sinistcha|Matcha Gotcha|p2b: Excadrill|[spread] \n|-miss|p1b: Sinistcha|p2a: Dragapult\n|-activate|p2b: Excadrill|move: Protect\n|move|p1a: Aggron|Heavy Slam|p2a: Dragapult|[miss]\n|-miss|p1a: Aggron|p2a: Dragapult\n|\n|-weather|RainDance|[upkeep]\n|-heal|p1b: Sinistcha|63/100 par|[from] item: Leftovers\n|upkeep\n|turn|6\n|\n|t:|1776383376\n|move|p2a: Dragapult|Phantom Force|p1b: Sinistcha|[from] lockedmove\n|-supereffective|p1b: Sinistcha|1\n|-damage|p1b: Sinistcha|0 fnt\n|faint|p1b: Sinistcha\n|move|p2b: Excadrill|High Horsepower|p1a: Aggron\n|-supereffective|p1a: Aggron|1\n|-damage|p1a: Aggron|87/100\n|move|p1a: Aggron|Heavy Slam|p2b: Excadrill\n|-resisted|p2b: Excadrill|1\n|-crit|p2b: Excadrill\n|-damage|p2b: Excadrill|0 fnt\n|faint|p2b: Excadrill\n|\n|-weather|RainDance|[upkeep]\n|upkeep\n|\n|t:|1776383379\n|switch|p2b: Tyranitar|Tyranitar, L50, M|100/100\n|-weather|Sandstorm|[from] ability: Sand Stream|[of] p2b: Tyranitar\n|turn|7\n|\n|t:|1776383391\n|detailschange|p2b: Tyranitar|Tyranitar-Mega, L50, M\n|-mega|p2b: Tyranitar|Tyranitar|Tyranitarite\n|move|p2b: Tyranitar|Protect|p2b: Tyranitar\n|-singleturn|p2b: Tyranitar|Protect\n|move|p2a: Dragapult|Phantom Force||[still]\n|-prepare|p2a: Dragapult|Phantom Force\n|move|p1a: Aggron|Body Press|p2b: Tyranitar\n|-activate|p2b: Tyranitar|move: Protect\n|\n|-weather|Sandstorm|[upkeep]\n|-damage|p2a: Dragapult|94/100|[from] Sandstorm\n|upkeep\n|turn|8\n|\n|t:|1776383401\n|move|p2a: Dragapult|Phantom Force|p1a: Aggron|[from] lockedmove\n|-damage|p1a: Aggron|76/100\n|move|p2b: Tyranitar|Rock Slide|p1a: Aggron\n|-resisted|p1a: Aggron|1\n|-damage|p1a: Aggron|73/100\n|move|p1a: Aggron|Body Press|p2b: Tyranitar\n|-supereffective|p2b: Tyranitar|2\n|-damage|p2b: Tyranitar|0 fnt\n|faint|p2b: Tyranitar\n|\n|-weather|Sandstorm|[upkeep]\n|-damage|p2a: Dragapult|88/100|[from] Sandstorm\n|upkeep\n|turn|9\n|\n|t:|1776383413\n|move|p2a: Dragapult|Phantom Force||[still]\n|-prepare|p2a: Dragapult|Phantom Force\n|move|p1a: Aggron|Heavy Slam|p2a: Dragapult|[miss]\n|-miss|p1a: Aggron|p2a: Dragapult\n|\n|-weather|Sandstorm|[upkeep]\n|-damage|p2a: Dragapult|82/100|[from] Sandstorm\n|upkeep\n|turn|10\n|\n|t:|1776383420\n|move|p2a: Dragapult|Phantom Force|p1a: Aggron|[from] lockedmove\n|-damage|p1a: Aggron|62/100\n|move|p1a: Aggron|Heavy Slam|p2a: Dragapult\n|-damage|p2a: Dragapult|31/100\n|\n|-weather|Sandstorm|[upkeep]\n|-damage|p2a: Dragapult|24/100|[from] Sandstorm\n|upkeep\n|turn|11\n|\n|t:|1776383428\n|move|p2a: Dragapult|Dragon Darts|p1a: Aggron\n|-resisted|p1a: Aggron|1\n|-damage|p1a: Aggron|59/100\n|-anim|p2a: Dragapult|Dragon Darts|p1a: Aggron\n|-resisted|p1a: Aggron|1\n|-damage|p1a: Aggron|55/100\n|move|p1a: Aggron|Iron Defense|p1a: Aggron\n|-boost|p1a: Aggron|def|2\n|\n|-weather|none\n|upkeep\n|turn|12\n|-message|salmonsalesman forfeited.\n|\n|win|RenfieldsPokemon\n|raw|RenfieldsPokemon's rating: 1161 &rarr; <strong>1185</strong><br />(+24 for winning)\n|raw|salmonsalesman's rating: 1151 &rarr; <strong>1127</strong><br />(-24 for losing)\n|l|\u203dsalmonsalesman\n|player|p2|\n",
  "uploadtime": 1776383444,
  "views": 18,
  "formatid": "gen9championsvgc2026regma",
  "rating": 1127,
  "private": 0,
  "password": null
}