{
  "id": "gen9championsvgc2026regma-2584776949",
  "format": "[Gen 9 Champions] VGC 2026 Reg M-A",
  "players": [
    "namboyVGC",
    "ansdasd"
  ],
  "log": "|j|\u2606namboyVGC\n|j|\u2606ansdasd\n|t:|1776282903\n|gametype|doubles\n|player|p1|namboyVGC|pokemonranger-gen4|1083\n|player|p2|ansdasd|266|1096\n|gen|9\n|tier|[Gen 9 Champions] VGC 2026 Reg M-A\n|rated|\n|rule|Species Clause: Limit one of each Pok\u00e9mon\n|rule|Item Clause: Limit 1 of each item\n|clearpoke\n|poke|p1|Froslass, L50, F|\n|poke|p1|Sneasler, L50, M|\n|poke|p1|Kingambit, L50, F|\n|poke|p1|Rotom-Heat, L50|\n|poke|p1|Clefable, L50, M|\n|poke|p1|Basculegion, L50, M|\n|poke|p2|Samurott-Hisui, L50, F|\n|poke|p2|Lucario, L50, M|\n|poke|p2|Slurpuff, L50, M|\n|poke|p2|Incineroar, L50, M|\n|poke|p2|Garchomp, L50, M|\n|poke|p2|Rotom-Mow, L50|\n|teampreview|4\n|inactive|Battle timer is ON: inactive players will automatically lose when time's up. (requested by namboyVGC)\nnamboyVGC has agreed to open team sheets.\nansdasd rejected open team sheets.\n|inactive|namboyVGC has 60 seconds left.\n|inactive|ansdasd has 60 seconds left.\n|\n|t:|1776282950\n|teamsize|p1|4\n|teamsize|p2|4\n|start\n|switch|p1a: Froslass|Froslass, L50, F|100/100\n|switch|p1b: Clefable|Clefable, L50, M|100/100\n|switch|p2a: Slurpuff|Slurpuff, L50, M|100/100\n|switch|p2b: Incineroar|Incineroar, L50, M|100/100\n|-ability|p2b: Incineroar|Intimidate|boost\n|-unboost|p1a: Froslass|atk|1\n|-unboost|p1b: Clefable|atk|1\n|turn|1\n|inactive|ansdasd has 30 seconds left.\n|inactive|ansdasd has 20 seconds left.\n|\n|t:|1776282989\n|detailschange|p1a: Froslass|Froslass-Mega, L50, F\n|-mega|p1a: Froslass|Froslass|Froslassite\n|-weather|Snowscape|[from] ability: Snow Warning|[of] p1a: Froslass\n|move|p1b: Clefable|Follow Me|p1b: Clefable\n|-singleturn|p1b: Clefable|move: Follow Me\n|move|p1a: Froslass|Blizzard|p2b: Incineroar|[spread] p2a,p2b\n|-resisted|p2b: Incineroar|1\n|-damage|p2a: Slurpuff|48/100\n|-damage|p2b: Incineroar|84/100\n|-enditem|p2a: Slurpuff|Sitrus Berry|[eat]\n|-heal|p2a: Slurpuff|72/100|[from] item: Sitrus Berry\n|move|p2a: Slurpuff|Sticky Web|p1b: Clefable\n|-sidestart|p1: namboyVGC|move: Sticky Web\n|move|p2b: Incineroar|Flare Blitz|p1b: Clefable\n|-damage|p1b: Clefable|66/100\n|-damage|p2b: Incineroar|73/100|[from] Recoil\n|\n|-weather|Snowscape|[upkeep]\n|upkeep\n|turn|2\n|inactive|ansdasd has 30 seconds left.\n|inactive|ansdasd has 20 seconds left.\n|inactive|ansdasd has 15 seconds left.\n|inactive|ansdasd has 10 seconds left.\n|\n|t:|1776283037\n|move|p1b: Clefable|Follow Me|p1b: Clefable\n|-singleturn|p1b: Clefable|move: Follow Me\n|move|p2a: Slurpuff|Draining Kiss|p1b: Clefable\n|-crit|p1b: Clefable\n|-damage|p1b: Clefable|42/100\n|-heal|p2a: Slurpuff|92/100|[from] drain|[of] p1b: Clefable\n|-enditem|p1b: Clefable|Sitrus Berry|[eat]\n|-heal|p1b: Clefable|67/100|[from] item: Sitrus Berry\n|move|p1a: Froslass|Blizzard|p2a: Slurpuff|[spread] p2a,p2b\n|-resisted|p2b: Incineroar|1\n|-damage|p2a: Slurpuff|38/100\n|-damage|p2b: Incineroar|58/100\n|move|p2b: Incineroar|Flare Blitz|p1b: Clefable\n|-damage|p1b: Clefable|29/100\n|-damage|p2b: Incineroar|45/100|[from] Recoil\n|\n|-weather|Snowscape|[upkeep]\n|upkeep\n|turn|3\n|\n|t:|1776283060\n|move|p1b: Clefable|Helping Hand|p1a: Froslass\n|-singleturn|p1a: Froslass|Helping Hand|[of] p1b: Clefable\n|move|p2a: Slurpuff|Draining Kiss|p1b: Clefable\n|-damage|p1b: Clefable|13/100\n|-heal|p2a: Slurpuff|51/100|[from] drain|[of] p1b: Clefable\n|move|p1a: Froslass|Blizzard|p2b: Incineroar|[spread] p2a,p2b\n|-resisted|p2b: Incineroar|1\n|-damage|p2a: Slurpuff|0 fnt\n|-damage|p2b: Incineroar|20/100\n|faint|p2a: Slurpuff\n|move|p2b: Incineroar|Flare Blitz|p1a: Froslass\n|-supereffective|p1a: Froslass|1\n|-damage|p1a: Froslass|5/100\n|-damage|p2b: Incineroar|0 fnt|[from] Recoil\n|faint|p2b: Incineroar\n|\n|-weather|Snowscape|[upkeep]\n|upkeep\n|\n|t:|1776283077\n|switch|p2a: Samurott|Samurott-Hisui, L50, F|100/100\n|switch|p2b: Lucario|Lucario, L50, M|100/100\n|turn|4\n|\n|t:|1776283091\n|detailschange|p2b: Lucario|Lucario-Mega, L50, M\n|-mega|p2b: Lucario|Lucario|Lucarionite\n|move|p1b: Clefable|Follow Me|p1b: Clefable\n|-singleturn|p1b: Clefable|move: Follow Me\n|move|p2b: Lucario|Vacuum Wave|p1b: Clefable\n|-resisted|p1b: Clefable|1\n|-damage|p1b: Clefable|0 fnt\n|faint|p1b: Clefable\n|move|p2a: Samurott|Sucker Punch||[still]\n|-fail|p2a: Samurott\n|move|p1a: Froslass|Aurora Veil|p1a: Froslass\n|-sidestart|p1: namboyVGC|move: Aurora Veil\n|\n|-weather|Snowscape|[upkeep]\n|upkeep\n|\n|t:|1776283105\n|switch|p1b: Sneasler|Sneasler, L50, M|100/100\n|-activate|p1b: Sneasler|move: Sticky Web\n|-unboost|p1b: Sneasler|spe|1\n|turn|5\n|\n|t:|1776283121\n|move|p2a: Samurott|Sucker Punch|p1a: Froslass\n|-supereffective|p1a: Froslass|1\n|-damage|p1a: Froslass|0 fnt\n|faint|p1a: Froslass\n|move|p2b: Lucario|Flash Cannon|p1b: Sneasler\n|-damage|p1b: Sneasler|46/100\n|move|p1b: Sneasler|Close Combat|p2a: Samurott\n|-supereffective|p2a: Samurott|1\n|-damage|p2a: Samurott|0 fnt\n|-unboost|p1b: Sneasler|def|1\n|-unboost|p1b: Sneasler|spd|1\n|faint|p2a: Samurott\n|\n|-weather|none\n|upkeep\n|\n|t:|1776283134\n|switch|p1a: Basculegion|Basculegion, L50, M|100/100\n|-activate|p1a: Basculegion|move: Sticky Web\n|-unboost|p1a: Basculegion|spe|1\n|turn|6\n|\n|t:|1776283150\n|move|p2b: Lucario|Flash Cannon|p1b: Sneasler\n|-crit|p1b: Sneasler\n|-damage|p1b: Sneasler|0 fnt\n|faint|p1b: Sneasler\n|move|p1a: Basculegion|Last Respects|p2b: Lucario\n|-damage|p2b: Lucario|0 fnt\n|faint|p2b: Lucario\n|\n|win|namboyVGC\n|raw|namboyVGC's rating: 1083 &rarr; <strong>1112</strong><br />(+29 for winning)\n|raw|ansdasd's rating: 1096 &rarr; <strong>1071</strong><br />(-25 for losing)\n",
  "uploadtime": 1776283150,
  "views": 19,
  "formatid": "gen9championsvgc2026regma",
  "rating": 1071,
  "private": 0,
  "password": null
}