{
  "id": "gen9championsvgc2026regma-2586355168",
  "format": "[Gen 9 Champions] VGC 2026 Reg M-A",
  "players": [
    "rmc26bola",
    "Keyan_Sans"
  ],
  "log": "|j|\u2606rmc26bola\n|j|\u2606Keyan_Sans\n|t:|1776428244\n|gametype|doubles\n|player|p1|rmc26bola|red|1101\n|player|p2|Keyan_Sans|hugh|1164\n|gen|9\n|tier|[Gen 9 Champions] VGC 2026 Reg M-A\n|rated|\n|rule|Species Clause: Limit one of each Pok\u00e9mon\n|rule|Item Clause: Limit 1 of each item\n|clearpoke\n|poke|p1|Meganium, L50, F|\n|poke|p1|Kangaskhan, L50, F|\n|poke|p1|Typhlosion-Hisui, L50, M|\n|poke|p1|Pelipper, L50, M|\n|poke|p1|Archaludon, L50, M|\n|poke|p1|Tauros-Paldea-Aqua, L50, M|\n|poke|p2|Dragonite, L50, M|\n|poke|p2|Pelipper, L50, F|\n|poke|p2|Basculegion, L50, M|\n|poke|p2|Archaludon, L50, M|\n|poke|p2|Sneasler, L50, F|\n|poke|p2|Maushold-Four, L50|\n|teampreview|4\n|inactive|Battle timer is ON: inactive players will automatically lose when time's up. (requested by Keyan_Sans)\nKeyan_Sans rejected open team sheets.\n|inactive|rmc26bola has 60 seconds left.\n|\n|t:|1776428306\n|teamsize|p1|4\n|teamsize|p2|4\n|start\n|switch|p1a: Meganium|Meganium, L50, F|100/100\n|switch|p1b: Pelipper|Pelipper, L50, M|100/100\n|switch|p2a: Pelipper|Pelipper, L50, F|100/100\n|switch|p2b: Sneasler|Sneasler, L50, F|100/100\n|-weather|RainDance|[from] ability: Drizzle|[of] p1b: Pelipper\n|turn|1\n|inactive|rmc26bola has 30 seconds left.\n|\n|t:|1776428331\n|move|p1b: Pelipper|Protect|p1b: Pelipper\n|-singleturn|p1b: Pelipper|Protect\n|move|p1a: Meganium|Protect|p1a: Meganium\n|-singleturn|p1a: Meganium|Protect\n|move|p2b: Sneasler|Fake Out|p1b: Pelipper\n|-activate|p1b: Pelipper|move: Protect\n|move|p2a: Pelipper|Tailwind|p2a: Pelipper\n|-sidestart|p2: Keyan_Sans|move: Tailwind\n|\n|-weather|RainDance|[upkeep]\n|upkeep\n|turn|2\n|\n|t:|1776428348\n|switch|p2a: Archaludon|Archaludon, L50, M|100/100\n|detailschange|p1a: Meganium|Meganium-Mega, L50, F\n|-mega|p1a: Meganium|Meganium|Meganiumite\n|move|p2b: Sneasler|Dire Claw|p1a: Meganium\n|-supereffective|p1a: Meganium|2\n|-damage|p1a: Meganium|0 fnt\n|faint|p1a: Meganium\n|move|p1b: Pelipper|Tailwind|p1b: Pelipper\n|-sidestart|p1: rmc26bola|move: Tailwind\n|\n|-weather|RainDance|[upkeep]\n|upkeep\n|\n|t:|1776428358\n|switch|p1a: Tauros|Tauros-Paldea-Aqua, L50, M, shiny|100/100\n|-ability|p1a: Tauros|Intimidate|boost\n|-unboost|p2a: Archaludon|atk|1\n|-unboost|p2b: Sneasler|atk|1\n|-enditem|p2b: Sneasler|White Herb\n|-clearnegativeboost|p2b: Sneasler|[silent]\n|turn|3\n|\n|t:|1776428376\n|switch|p2a: Basculegion|Basculegion, L50, M|100/100\n|move|p2b: Sneasler|Close Combat|p1a: Tauros\n|-damage|p1a: Tauros|33/100\n|-unboost|p2b: Sneasler|def|1\n|-unboost|p2b: Sneasler|spd|1\n|move|p1a: Tauros|Close Combat|p2a: Basculegion\n|-immune|p2a: Basculegion\n|move|p1b: Pelipper|Hurricane|p2a: Basculegion\n|-damage|p2a: Basculegion|48/100\n|\n|-weather|RainDance|[upkeep]\n|upkeep\n|turn|4\n|\n|t:|1776428394\n|move|p1a: Tauros|Protect|p1a: Tauros\n|-singleturn|p1a: Tauros|Protect\n|move|p2b: Sneasler|Close Combat|p1a: Tauros\n|-activate|p1a: Tauros|move: Protect\n|move|p2a: Basculegion|Flip Turn|p1b: Pelipper\n|-resisted|p1b: Pelipper|1\n|-crit|p1b: Pelipper\n|-damage|p1b: Pelipper|49/100\n|\n|t:|1776428399\n|switch|p2a: Pelipper|Pelipper, L50, F|100/100|[from] Flip Turn\n|move|p1b: Pelipper|Hurricane|p2a: Pelipper\n|-damage|p2a: Pelipper|54/100\n|-start|p2a: Pelipper|confusion\n|\n|-weather|RainDance|[upkeep]\n|-sideend|p2: Keyan_Sans|move: Tailwind\n|upkeep\n|turn|5\n|\n|t:|1776428417\n|move|p2b: Sneasler|Protect|p2b: Sneasler\n|-singleturn|p2b: Sneasler|Protect\n|move|p1a: Tauros|Aqua Jet|p2b: Sneasler\n|-activate|p2b: Sneasler|move: Protect\n|move|p1b: Pelipper|Hurricane|p2b: Sneasler\n|-activate|p2b: Sneasler|move: Protect\n|-activate|p2a: Pelipper|confusion\n|move|p2a: Pelipper|Tailwind|p2a: Pelipper\n|-sidestart|p2: Keyan_Sans|move: Tailwind\n|\n|-weather|none\n|-sideend|p1: rmc26bola|move: Tailwind\n|upkeep\n|turn|6\n|\n|t:|1776428442\n|switch|p2a: Archaludon|Archaludon, L50, M|100/100\n|move|p2b: Sneasler|Dire Claw|p1b: Pelipper\n|-damage|p1b: Pelipper|0 fnt\n|faint|p1b: Pelipper\n|move|p1a: Tauros|Wave Crash|p2b: Sneasler\n|-damage|p2b: Sneasler|0 fnt\n|faint|p2b: Sneasler\n|-damage|p1a: Tauros|3/100|[from] Recoil\n|\n|upkeep\n|\n|t:|1776428452\n|switch|p2b: Pelipper|Pelipper, L50, F|54/100\n|switch|p1b: Archaludon|Archaludon, L50, M|100/100\n|-weather|RainDance|[from] ability: Drizzle|[of] p2b: Pelipper\n|turn|7\n|\n|t:|1776428471\n|move|p2b: Pelipper|Protect|p2b: Pelipper\n|-singleturn|p2b: Pelipper|Protect\n|move|p2a: Archaludon|Electro Shot||[still]\n|-prepare|p2a: Archaludon|Electro Shot\n|-boost|p2a: Archaludon|spa|1\n|-anim|p2a: Archaludon|Electro Shot|p1a: Tauros\n|-supereffective|p1a: Tauros|1\n|-damage|p1a: Tauros|0 fnt\n|faint|p1a: Tauros\n|move|p1b: Archaludon|Draco Meteor|p2a: Archaludon\n|-damage|p2a: Archaludon|0 fnt\n|-unboost|p1b: Archaludon|spa|2\n|faint|p2a: Archaludon\n|\n|-weather|RainDance|[upkeep]\n|upkeep\n|\n|t:|1776428473\n|switch|p2a: Basculegion|Basculegion, L50, M|48/100\n|turn|8\n|\n|t:|1776428480\n|move|p2a: Basculegion|Last Respects|p1b: Archaludon\n|-damage|p1b: Archaludon|40/100\n|move|p2b: Pelipper|Hurricane|p1b: Archaludon\n|-resisted|p1b: Archaludon|1\n|-damage|p1b: Archaludon|17/100\n|move|p1b: Archaludon|Draco Meteor|p2a: Basculegion\n|-damage|p2a: Basculegion|2/100\n|-unboost|p1b: Archaludon|spa|2\n|\n|-weather|RainDance|[upkeep]\n|-sideend|p2: Keyan_Sans|move: Tailwind\n|upkeep\n|turn|9\n|c|\u2606Keyan_Sans|Gg\n|-message|rmc26bola forfeited.\n|\n|win|Keyan_Sans\n|raw|rmc26bola's rating: 1101 &rarr; <strong>1080</strong><br />(-21 for losing)\n|raw|Keyan_Sans's rating: 1164 &rarr; <strong>1185</strong><br />(+21 for winning)\n|l|\u2606rmc26bola\n|player|p1|\n",
  "uploadtime": 1776428492,
  "views": 34,
  "formatid": "gen9championsvgc2026regma",
  "rating": 1080,
  "private": 0,
  "password": null
}