{
  "id": "gen9championsvgc2026regma-2585753303",
  "format": "[Gen 9 Champions] VGC 2026 Reg M-A",
  "players": [
    "Zhi2",
    "maxime.dragonn"
  ],
  "log": "|j|\u2606Zhi2\n|j|\u2606maxime.dragonn\n|t:|1776368211\n|gametype|doubles\n|player|p1|Zhi2|1|1173\n|player|p2|maxime.dragonn|swimmer-gen4dp|1174\n|gen|9\n|tier|[Gen 9 Champions] VGC 2026 Reg M-A\n|rated|\n|rule|Species Clause: Limit one of each Pok\u00e9mon\n|rule|Item Clause: Limit 1 of each item\n|clearpoke\n|poke|p1|Pelipper, L50, M|\n|poke|p1|Blastoise, L50, M|\n|poke|p1|Starmie, L50|\n|poke|p1|Sinistcha, L50|\n|poke|p1|Kingambit, L50, F|\n|poke|p1|Garchomp, L50, M|\n|poke|p2|Hawlucha, L50, F|\n|poke|p2|Excadrill, L50, F|\n|poke|p2|Zoroark-Hisui, L50, F|\n|poke|p2|Tyranitar, L50, F|\n|poke|p2|Primarina, L50, F|\n|poke|p2|Garchomp, L50, F|\n|teampreview|4\n|\n|t:|1776368257\n|teamsize|p1|4\n|teamsize|p2|4\n|start\n|switch|p1a: Garchomp|Garchomp, L50, M|100/100\n|switch|p1b: Blastoise|Blastoise, L50, M|100/100\n|switch|p2a: Primarina|Primarina, L50, F|100/100\n|switch|p2b: Hawlucha|Hawlucha, L50, F|100/100\n|turn|1\n|inactive|Battle timer is ON: inactive players will automatically lose when time's up. (requested by maxime.dragonn)\n|\n|t:|1776368301\n|move|p2b: Hawlucha|Icy Wind|p1a: Garchomp|[spread] p1a,p1b\n|-supereffective|p1a: Garchomp|2\n|-resisted|p1b: Blastoise|1\n|-damage|p1a: Garchomp|38/100\n|-damage|p1b: Blastoise|92/100\n|-unboost|p1a: Garchomp|spe|1\n|-unboost|p1b: Blastoise|spe|1\n|move|p1a: Garchomp|Rock Slide|p2a: Primarina|[spread] p2a,p2b\n|-damage|p2a: Primarina|75/100\n|-damage|p2b: Hawlucha|52/100\n|replace|p2b: Zoroark|Zoroark-Hisui, L50, F\n|-end|p2b: Zoroark|Illusion\n|move|p1b: Blastoise|Shell Smash|p1b: Blastoise\n|-unboost|p1b: Blastoise|def|1\n|-unboost|p1b: Blastoise|spd|1\n|-boost|p1b: Blastoise|atk|2\n|-boost|p1b: Blastoise|spa|2\n|-boost|p1b: Blastoise|spe|2\n|move|p2a: Primarina|Moonblast|p1a: Garchomp\n|-supereffective|p1a: Garchomp|1\n|-damage|p1a: Garchomp|0 fnt\n|faint|p1a: Garchomp\n|\n|-heal|p2a: Primarina|81/100|[from] item: Leftovers\n|upkeep\n|\n|t:|1776368317\n|switch|p1a: Pelipper|Pelipper, L50, M|100/100\n|-weather|RainDance|[from] ability: Drizzle|[of] p1a: Pelipper\n|turn|2\n|\n|t:|1776368333\n|move|p2b: Zoroark|Icy Wind|p1a: Pelipper|[spread] p1a\n|-miss|p2b: Zoroark|p1b: Blastoise\n|-damage|p1a: Pelipper|81/100\n|-unboost|p1a: Pelipper|spe|1\n|move|p1b: Blastoise|Water Spout|p2a: Primarina|[spread] p2a,p2b\n|-resisted|p2a: Primarina|1\n|-damage|p2a: Primarina|24/100\n|-damage|p2b: Zoroark|0 fnt\n|faint|p2b: Zoroark\n|move|p2a: Primarina|Hyper Voice|p1a: Pelipper|[spread] p1a,p1b\n|-resisted|p1a: Pelipper|1\n|-resisted|p1b: Blastoise|1\n|-damage|p1a: Pelipper|49/100\n|-damage|p1b: Blastoise|43/100\n|-enditem|p1a: Pelipper|Sitrus Berry|[eat]\n|-heal|p1a: Pelipper|74/100|[from] item: Sitrus Berry\n|move|p1a: Pelipper|Tailwind|p1a: Pelipper\n|-sidestart|p1: Zhi2|move: Tailwind\n|\n|-weather|RainDance|[upkeep]\n|-heal|p1b: Blastoise|49/100|[from] ability: Rain Dish\n|-heal|p2a: Primarina|30/100|[from] item: Leftovers\n|upkeep\n|inactive|maxime.dragonn has 30 seconds left.\n|\n|t:|1776368359\n|switch|p2b: Excadrill|Excadrill, L50, F|100/100\n|turn|3\n|\n|t:|1776368372\n|move|p2a: Primarina|Protect|p2a: Primarina\n|-singleturn|p2a: Primarina|Protect\n|move|p1a: Pelipper|Wide Guard|p1a: Pelipper\n|-singleturn|p1a: Pelipper|Wide Guard\n|move|p1b: Blastoise|Water Spout|p2a: Primarina|[spread] p2b\n|-activate|p2a: Primarina|move: Protect\n|-supereffective|p2b: Excadrill|1\n|-enditem|p2b: Excadrill|Focus Sash\n|-damage|p2b: Excadrill|1/100\n|move|p2b: Excadrill|Earthquake|p1b: Blastoise|[spread] \n|-activate|p1a: Pelipper|move: Wide Guard\n|-activate|p1b: Blastoise|move: Wide Guard\n|-activate|p2a: Primarina|move: Protect\n|\n|-weather|RainDance|[upkeep]\n|-heal|p1b: Blastoise|55/100|[from] ability: Rain Dish\n|-heal|p2a: Primarina|36/100|[from] item: Leftovers\n|upkeep\n|turn|4\n|inactive|maxime.dragonn has 30 seconds left.\n|\n|t:|1776368406\n|move|p2b: Excadrill|Protect|p2b: Excadrill\n|-singleturn|p2b: Excadrill|Protect\n|move|p1a: Pelipper|Wide Guard|p1a: Pelipper\n|-singleturn|p1a: Pelipper|Wide Guard\n|move|p1b: Blastoise|Water Spout|p2a: Primarina|[spread] p2a\n|-activate|p2b: Excadrill|move: Protect\n|-resisted|p2a: Primarina|1\n|-damage|p2a: Primarina|1/100\n|move|p2a: Primarina|Moonblast|p1b: Blastoise\n|-damage|p1b: Blastoise|0 fnt\n|faint|p1b: Blastoise\n|\n|-weather|RainDance|[upkeep]\n|-heal|p2a: Primarina|7/100|[from] item: Leftovers\n|upkeep\n|\n|t:|1776368420\n|switch|p1b: Starmie|Starmie, L50|100/100\n|turn|5\n|inactive|maxime.dragonn has 30 seconds left.\n|inactive|maxime.dragonn has 20 seconds left.\n|\n|t:|1776368464\n|detailschange|p1b: Starmie|Starmie-Mega, L50\n|-mega|p1b: Starmie|Starmie|Starminite\n|move|p2b: Excadrill|Protect||[still]\n|-fail|p2b: Excadrill\n|move|p1b: Starmie|Flip Turn|p2b: Excadrill\n|-supereffective|p2b: Excadrill|1\n|-damage|p2b: Excadrill|0 fnt\n|faint|p2b: Excadrill\n|move|p1a: Pelipper|Hurricane|p2a: Primarina\n|-damage|p2a: Primarina|0 fnt\n|faint|p2a: Primarina\n|\n|-weather|RainDance|[upkeep]\n|-sideend|p1: Zhi2|move: Tailwind\n|upkeep\n|\n|t:|1776368474\n|switch|p2b: Hawlucha|Hawlucha, L50, F|100/100\n|turn|6\n|inactive|Zhi2 has 30 seconds left.\n|\n|t:|1776368501\n|detailschange|p2b: Hawlucha|Hawlucha-Mega, L50, F\n|-mega|p2b: Hawlucha|Hawlucha|Hawluchanite\n|move|p1b: Starmie|Protect|p1b: Starmie\n|-singleturn|p1b: Starmie|Protect\n|move|p2b: Hawlucha|Brave Bird|p1b: Starmie\n|-activate|p1b: Starmie|move: Protect\n|move|p1a: Pelipper|Hurricane|p2b: Hawlucha\n|-supereffective|p2b: Hawlucha|1\n|-damage|p2b: Hawlucha|16/100\n|\n|-weather|none\n|upkeep\n|turn|7\n|inactive|Zhi2 has 30 seconds left.\n|\n|t:|1776368527\n|move|p2b: Hawlucha|Brave Bird|p1a: Pelipper\n|-damage|p1a: Pelipper|25/100\n|-damage|p2b: Hawlucha|0 fnt|[from] Recoil\n|faint|p2b: Hawlucha\n|\n|win|Zhi2\n|raw|Zhi2's rating: 1173 &rarr; <strong>1198</strong><br />(+25 for winning)\n|raw|maxime.dragonn's rating: 1174 &rarr; <strong>1149</strong><br />(-25 for losing)\n",
  "uploadtime": 1776368534,
  "views": 17,
  "formatid": "gen9championsvgc2026regma",
  "rating": 1149,
  "private": 0,
  "password": null
}