{
  "id": "gen9championsvgc2026regma-2588554733",
  "format": "[Gen 9 Champions] VGC 2026 Reg M-A",
  "players": [
    "bruhjoleon",
    "ultrashxt"
  ],
  "log": "|j|\u2606bruhjoleon\n|j|\u2606ultrashxt\n|t:|1776644477\n|gametype|doubles\n|player|p1|bruhjoleon|1|1002\n|player|p2|ultrashxt|sabrina|1021\n|gen|9\n|tier|[Gen 9 Champions] VGC 2026 Reg M-A\n|rated|\n|rule|Species Clause: Limit one of each Pok\u00e9mon\n|rule|Item Clause: Limit 1 of each item\n|clearpoke\n|poke|p1|Aurorus, L50, F|\n|poke|p1|Zoroark-Hisui, L50, M|\n|poke|p1|Krookodile, L50, M|\n|poke|p1|Victreebel, L50, F|\n|poke|p1|Milotic, L50, M|\n|poke|p1|Armarouge, L50, M|\n|poke|p2|Meganium, L50, M|\n|poke|p2|Aerodactyl, L50, F|\n|poke|p2|Froslass, L50, F|\n|poke|p2|Maushold-Four, L50|\n|poke|p2|Tauros-Paldea-Aqua, L50, M|\n|poke|p2|Kingambit, L50, M|\n|teampreview|4\n|\n|t:|1776644510\n|teamsize|p1|4\n|teamsize|p2|4\n|start\n|switch|p1a: Armarouge|Armarouge, L50, M|100/100\n|switch|p1b: Aurorus|Aurorus, L50, F|100/100\n|switch|p2a: bird?|Aerodactyl, L50, F|100/100\n|switch|p2b: plantbert|Meganium, L50, M|100/100\n|-ability|p2a: bird?|Unnerve\n|turn|1\n|\n|t:|1776644530\n|detailschange|p2b: plantbert|Meganium-Mega, L50, M\n|-mega|p2b: plantbert|Meganium|Meganiumite\n|move|p2a: bird?|Rock Slide|p1a: Armarouge|[spread] p1a,p1b\n|-crit|p1a: Armarouge\n|-supereffective|p1b: Aurorus|1\n|-damage|p1a: Armarouge|43/100\n|-damage|p1b: Aurorus|63/100\n|replace|p1a: Zoroark|Zoroark-Hisui, L50, M\n|-end|p1a: Zoroark|Illusion\n|move|p1a: Zoroark|Round|p2a: bird?\n|-resisted|p2a: bird?|1\n|-crit|p2a: bird?\n|-damage|p2a: bird?|69/100\n|move|p1b: Aurorus|Round|p2b: plantbert|[from] move: Round\n|-supereffective|p2b: plantbert|1\n|-damage|p2b: plantbert|1/100\n|move|p2b: plantbert|Solar Beam||[still]\n|-prepare|p2b: plantbert|Solar Beam\n|-activate|p2b: plantbert|ability: Mega Sol\n|-anim|p2b: plantbert|Solar Beam|p1b: Aurorus\n|-supereffective|p1b: Aurorus|1\n|-crit|p1b: Aurorus\n|-damage|p1b: Aurorus|0 fnt\n|faint|p1b: Aurorus\n|\n|upkeep\n|\n|t:|1776644557\n|switch|p1b: Armarouge|Armarouge, L50, M|100/100\n|turn|2\n|\n|t:|1776644575\n|switch|p2b: De Niro|Tauros-Paldea-Aqua, L50, M|100/100\n|-ability|p2b: De Niro|Intimidate|boost\n|-unboost|p1a: Zoroark|atk|1\n|-unboost|p1b: Armarouge|atk|1\n|move|p2a: bird?|Rock Slide|p1a: Zoroark|[spread] p1a,p1b\n|-supereffective|p1b: Armarouge|1\n|-damage|p1a: Zoroark|3/100\n|-damage|p1b: Armarouge|56/100\n|-ability|p1b: Armarouge|Weak Armor|boost\n|-unboost|p1b: Armarouge|def|1\n|-boost|p1b: Armarouge|spe|2\n|move|p1b: Armarouge|Heat Wave|p2b: De Niro|[spread] p2a,p2b\n|-resisted|p2a: bird?|1\n|-resisted|p2b: De Niro|1\n|-damage|p2a: bird?|42/100\n|-damage|p2b: De Niro|73/100\n|move|p1a: Zoroark|Hyper Voice|p2b: De Niro|[spread] p2a,p2b\n|-resisted|p2a: bird?|1\n|-damage|p2a: bird?|18/100\n|-damage|p2b: De Niro|23/100\n|-enditem|p2b: De Niro|Sitrus Berry|[eat]\n|-heal|p2b: De Niro|48/100|[from] item: Sitrus Berry\n|\n|upkeep\n|turn|3\n|\n|t:|1776644612\n|move|p2b: De Niro|Aqua Jet|p1b: Armarouge\n|-supereffective|p1b: Armarouge|1\n|-crit|p1b: Armarouge\n|-damage|p1b: Armarouge|0 fnt\n|faint|p1b: Armarouge\n|move|p2a: bird?|Tailwind|p2a: bird?\n|-sidestart|p2: ultrashxt|move: Tailwind\n|move|p1a: Zoroark|Hyper Voice|p2a: bird?|[spread] p2a,p2b\n|-resisted|p2a: bird?|1\n|-crit|p2b: De Niro\n|-damage|p2a: bird?|0 fnt\n|-damage|p2b: De Niro|0 fnt\n|faint|p2a: bird?\n|faint|p2b: De Niro\n|\n|upkeep\n|\n|t:|1776644623\n|switch|p2a: plantbert|Meganium-Mega, L50, M|1/100\n|switch|p2b: Gamble|Kingambit, L50, M|100/100\n|switch|p1b: Victreebel|Victreebel, L50, F|100/100\n|turn|4\n|\n|t:|1776644668\n|detailschange|p1b: Victreebel|Victreebel-Mega, L50, F\n|-mega|p1b: Victreebel|Victreebel|Victreebelite\n|move|p1a: Zoroark|Protect|p1a: Zoroark\n|-singleturn|p1a: Zoroark|Protect\n|move|p2b: Gamble|Sucker Punch||[still]\n|-fail|p2b: Gamble\n|move|p2a: plantbert|Weather Ball|p1b: Victreebel\n|-supereffective|p1b: Victreebel|1\n|-damage|p1b: Victreebel|0 fnt\n|-damage|p2a: plantbert|0 fnt|[from] ability: Innards Out|[of] p1b: Victreebel\n|faint|p1b: Victreebel\n|faint|p2a: plantbert\n|\n|upkeep\n|turn|5\n|\n|t:|1776644693\n|move|p1a: Zoroark|Protect||[still]\n|-fail|p1a: Zoroark\n|move|p2b: Gamble|Kowtow Cleave|p1a: Zoroark\n|-supereffective|p1a: Zoroark|1\n|-damage|p1a: Zoroark|0 fnt\n|faint|p1a: Zoroark\n|\n|win|ultrashxt\n|raw|bruhjoleon's rating: 1002 &rarr; <strong>1000</strong><br />(-2 for losing)\n|raw|ultrashxt's rating: 1021 &rarr; <strong>1056</strong><br />(+35 for winning)\n|l|\u2606bruhjoleon\n|player|p1|\n",
  "uploadtime": 1776644707,
  "views": 5,
  "formatid": "gen9championsvgc2026regma",
  "rating": 1000,
  "private": 0,
  "password": null
}