{
  "id": "gen9championsvgc2026regma-2586961718",
  "format": "[Gen 9 Champions] VGC 2026 Reg M-A",
  "players": [
    "Miime",
    "Mentalsyndrome"
  ],
  "log": "|j|\u2606Miime\n|j|\u2606Mentalsyndrome\n|t:|1776475972\n|gametype|doubles\n|player|p1|Miime|veteran|1271\n|player|p2|Mentalsyndrome|101|1293\n|gen|9\n|tier|[Gen 9 Champions] VGC 2026 Reg M-A\n|rated|\n|rule|Species Clause: Limit one of each Pok\u00e9mon\n|rule|Item Clause: Limit 1 of each item\n|clearpoke\n|poke|p1|Charizard, L50, M|\n|poke|p1|Venusaur, L50, M|\n|poke|p1|Sneasler, L50, F|\n|poke|p1|Basculegion, L50, M|\n|poke|p1|Garchomp, L50, M|\n|poke|p1|Incineroar, L50, M|\n|poke|p2|Tinkaton, L50, F|\n|poke|p2|Kangaskhan, L50, F|\n|poke|p2|Farigiraf, L50, F|\n|poke|p2|Camerupt, L50, F|\n|poke|p2|Gardevoir, L50, M|\n|poke|p2|Conkeldurr, L50, M|\n|teampreview|4\n|inactive|Battle timer is ON: inactive players will automatically lose when time's up. (requested by Mentalsyndrome)\n|inactive|Miime has 60 seconds left.\n|\n|t:|1776476022\n|teamsize|p1|4\n|teamsize|p2|4\n|start\n|switch|p1a: Sneasler|Sneasler, L50, F|100/100\n|switch|p1b: Charizard|Charizard, L50, M|100/100\n|switch|p2a: Gremlin Mode|Tinkaton, L50, F|100/100\n|switch|p2b: Shane|Farigiraf, L50, F|100/100\n|-ability|p2a: Gremlin Mode|Mold Breaker\n|turn|1\n|inactive|Miime has 30 seconds left.\n|inactive|Miime has 20 seconds left.\n|\n|t:|1776476059\n|switch|p1b: Basculegion|Basculegion, L50, M|100/100\n|move|p2a: Gremlin Mode|Fake Out|p1a: Sneasler\n|-crit|p1a: Sneasler\n|-damage|p1a: Sneasler|74/100\n|cant|p1a: Sneasler|flinch\n|move|p2b: Shane|Trick Room|p2b: Shane\n|-fieldstart|move: Trick Room|[of] p2b: Shane\n|\n|upkeep\n|turn|2\n|\n|t:|1776476078\n|move|p2b: Shane|Twin Beam|p1a: Sneasler\n|-supereffective|p1a: Sneasler|2\n|-damage|p1a: Sneasler|0 fnt\n|faint|p1a: Sneasler\n|-hitcount|p1: Sneasler|1\n|move|p2a: Gremlin Mode|Rock Slide|p1b: Basculegion\n|-damage|p1b: Basculegion|74/100\n|move|p1b: Basculegion|Flip Turn|p2b: Shane\n|-damage|p2b: Shane|66/100\n|\n|t:|1776476092\n|switch|p1b: Charizard|Charizard, L50, M|100/100|[from] Flip Turn\n|\n|upkeep\n|\n|t:|1776476098\n|switch|p1a: Venusaur|Venusaur, L50, M|100/100\n|turn|3\n|\n|t:|1776476110\n|move|p1b: Charizard|Protect|p1b: Charizard\n|-singleturn|p1b: Charizard|Protect\n|move|p2b: Shane|Twin Beam|p1a: Venusaur\n|-supereffective|p1a: Venusaur|1\n|-damage|p1a: Venusaur|50/100\n|-supereffective|p1a: Venusaur|1\n|-damage|p1a: Venusaur|6/100\n|-hitcount|p1a: Venusaur|2\n|move|p1a: Venusaur|Earth Power|p2a: Gremlin Mode\n|-supereffective|p2a: Gremlin Mode|1\n|-damage|p2a: Gremlin Mode|36/100\n|move|p2a: Gremlin Mode|Rock Slide|p1a: Venusaur|[spread] p1a\n|-activate|p1b: Charizard|move: Protect\n|-damage|p1a: Venusaur|0 fnt\n|faint|p1a: Venusaur\n|\n|upkeep\n|\n|t:|1776476125\n|switch|p1a: Basculegion|Basculegion, L50, M|74/100\n|turn|4\n|\n|t:|1776476141\n|detailschange|p1b: Charizard|Charizard-Mega-Y, L50, M\n|-mega|p1b: Charizard|Charizard|Charizardite Y\n|-weather|SunnyDay|[from] ability: Drought|[of] p1b: Charizard\n|move|p2b: Shane|Thunderbolt|p1a: Basculegion\n|-supereffective|p1a: Basculegion|1\n|-damage|p1a: Basculegion|21/100\n|-status|p1a: Basculegion|par\n|move|p1a: Basculegion|Wave Crash|p2b: Shane\n|-damage|p2b: Shane|35/100\n|-damage|p1a: Basculegion|10/100 par|[from] Recoil\n|move|p1b: Charizard|Heat Wave|p2b: Shane|[spread] p2a,p2b\n|-supereffective|p2a: Gremlin Mode|1\n|-damage|p2a: Gremlin Mode|0 fnt\n|-damage|p2b: Shane|0 fnt\n|faint|p2a: Gremlin Mode\n|faint|p2b: Shane\n|\n|-weather|SunnyDay|[upkeep]\n|upkeep\n|\n|t:|1776476144\n|switch|p2b: Ai|Gardevoir, L50, M, shiny|100/100\n|switch|p2a: Chuckles|Conkeldurr, L50, M|100/100\n|-ability|p2b: Ai|Adaptability|Trace|[from] ability: Trace|[of] p1a: Basculegion\n|turn|5\n|\n|t:|1776476163\n|detailschange|p2b: Ai|Gardevoir-Mega, L50, M, shiny\n|-mega|p2b: Ai|Gardevoir|Gardevoirite\n|move|p2a: Chuckles|Ice Punch|p1a: Basculegion\n|-resisted|p1a: Basculegion|1\n|-damage|p1a: Basculegion|0 fnt\n|faint|p1a: Basculegion\n|move|p1b: Charizard|Heat Wave|p2a: Chuckles|[spread] p2a,p2b\n|-crit|p2a: Chuckles\n|-damage|p2a: Chuckles|0 fnt\n|-damage|p2b: Ai|38/100\n|faint|p2a: Chuckles\n|move|p2b: Ai|Hyper Voice|p1b: Charizard\n|-resisted|p1b: Charizard|1\n|-damage|p1b: Charizard|65/100\n|\n|-weather|SunnyDay|[upkeep]\n|-fieldend|move: Trick Room\n|upkeep\n|turn|6\n|\n|t:|1776476183\n|move|p2b: Ai|Psychic|p1b: Charizard\n|-damage|p1b: Charizard|7/100\n|-unboost|p1b: Charizard|spd|1\n|move|p1b: Charizard|Weather Ball|p2b: Ai\n|-damage|p2b: Ai|0 fnt\n|faint|p2b: Ai\n|\n|win|Miime\n|raw|Miime's rating: 1271 &rarr; <strong>1298</strong><br />(+27 for winning)\n|raw|Mentalsyndrome's rating: 1293 &rarr; <strong>1266</strong><br />(-27 for losing)\n",
  "uploadtime": 1776476186,
  "views": 30,
  "formatid": "gen9championsvgc2026regma",
  "rating": 1266,
  "private": 0,
  "password": null
}