{
  "id": "gen9championsvgc2026regma-2582261239",
  "format": "[Gen 9 Champions] VGC 2026 Reg M-A",
  "players": [
    "Crene",
    "Davidp_08"
  ],
  "log": "|j|\u2606Crene\n|j|\u2606Davidp_08\n|t:|1776077318\n|gametype|doubles\n|player|p1|Crene|erika|1087\n|player|p2|Davidp_08|1|1040\n|gen|9\n|tier|[Gen 9 Champions] VGC 2026 Reg M-A\n|rated|\n|rule|Species Clause: Limit one of each Pok\u00e9mon\n|rule|Item Clause: Limit 1 of each item\n|clearpoke\n|poke|p1|Corviknight, L50, M|\n|poke|p1|Froslass, L50, F|\n|poke|p1|Clefable, L50, F|\n|poke|p1|Primarina, L50, M|\n|poke|p1|Maushold-Four, L50|\n|poke|p1|Tyranitar, L50, M|\n|poke|p2|Sneasler, L50, F|\n|poke|p2|Incineroar, L50, M|\n|poke|p2|Charizard, L50, F|\n|poke|p2|Venusaur, L50, M|\n|poke|p2|Floette-Eternal, L50, F|\n|poke|p2|Aerodactyl, L50, F|\n|teampreview|4\n|inactive|Battle timer is ON: inactive players will automatically lose when time's up. (requested by Crene)\n|inactive|Crene has 60 seconds left.\n|inactive|Davidp_08 has 60 seconds left.\nDavidp_08 has agreed to open team sheets.\nCrene rejected open team sheets.\n|\n|t:|1776077357\n|teamsize|p1|4\n|teamsize|p2|4\n|start\n|switch|p1a: Tyranitar|Tyranitar, L50, M|100/100\n|switch|p1b: Primarina|Primarina, L50, M|100/100\n|switch|p2a: Aerodactyl|Aerodactyl, L50, F|100/100\n|switch|p2b: Incineroar|Incineroar, L50, M|100/100\n|-ability|p2a: Aerodactyl|Unnerve\n|-ability|p2b: Incineroar|Intimidate|boost\n|-unboost|p1a: Tyranitar|atk|1\n|-unboost|p1b: Primarina|atk|1\n|-weather|Sandstorm|[from] ability: Sand Stream|[of] p1a: Tyranitar\n|turn|1\n|\n|t:|1776077376\n|detailschange|p1a: Tyranitar|Tyranitar-Mega, L50, M\n|-mega|p1a: Tyranitar|Tyranitar|Tyranitarite\n|move|p2b: Incineroar|Fake Out|p1b: Primarina\n|-damage|p1b: Primarina|87/100\n|move|p2a: Aerodactyl|Tailwind|p2a: Aerodactyl\n|-sidestart|p2: Davidp_08|move: Tailwind\n|cant|p1b: Primarina|flinch\n|move|p1a: Tyranitar|Rock Slide|p2b: Incineroar|[spread] p2a,p2b\n|-supereffective|p2a: Aerodactyl|1\n|-supereffective|p2b: Incineroar|1\n|-damage|p2a: Aerodactyl|39/100\n|-damage|p2b: Incineroar|71/100\n|\n|-weather|Sandstorm|[upkeep]\n|-damage|p2b: Incineroar|65/100|[from] Sandstorm\n|-damage|p1b: Primarina|81/100|[from] Sandstorm\n|upkeep\n|turn|2\n|\n|t:|1776077391\n|move|p2a: Aerodactyl|Protect|p2a: Aerodactyl\n|-singleturn|p2a: Aerodactyl|Protect\n|move|p2b: Incineroar|Parting Shot|p1a: Tyranitar\n|-unboost|p1a: Tyranitar|atk|1\n|-unboost|p1a: Tyranitar|spa|1\n|\n|t:|1776077398\n|switch|p2b: Sneasler|Sneasler, L50, F|100/100|[from] Parting Shot\n|move|p1b: Primarina|Hyper Voice|p2b: Sneasler|[spread] p2b\n|-activate|p2a: Aerodactyl|move: Protect\n|-damage|p2b: Sneasler|46/100\n|move|p1a: Tyranitar|Rock Slide|p2b: Sneasler|[spread] p2b\n|-activate|p2a: Aerodactyl|move: Protect\n|-resisted|p2b: Sneasler|1\n|-damage|p2b: Sneasler|33/100\n|\n|-weather|Sandstorm|[upkeep]\n|-damage|p2b: Sneasler|27/100|[from] Sandstorm\n|-damage|p1b: Primarina|75/100|[from] Sandstorm\n|upkeep\n|turn|3\n|\n|t:|1776077419\n|move|p1b: Primarina|Protect|p1b: Primarina\n|-singleturn|p1b: Primarina|Protect\n|move|p2b: Sneasler|Close Combat|p1a: Tyranitar\n|-supereffective|p1a: Tyranitar|2\n|-damage|p1a: Tyranitar|0 fnt\n|-unboost|p2b: Sneasler|def|1\n|-unboost|p2b: Sneasler|spd|1\n|faint|p1a: Tyranitar\n|-enditem|p2b: Sneasler|White Herb\n|-clearnegativeboost|p2b: Sneasler|[silent]\n|move|p2a: Aerodactyl|Rock Slide|p1b: Primarina\n|-activate|p1b: Primarina|move: Protect\n|\n|-weather|Sandstorm|[upkeep]\n|-damage|p2b: Sneasler|22/100|[from] Sandstorm\n|-damage|p1b: Primarina|69/100|[from] Sandstorm\n|upkeep\n|\n|t:|1776077435\n|switch|p1a: Maushold|Maushold-Four, L50|100/100\n|turn|4\n|\n|t:|1776077444\n|move|p1a: Maushold|Follow Me|p1a: Maushold\n|-singleturn|p1a: Maushold|move: Follow Me\n|move|p2b: Sneasler|Dire Claw|p1a: Maushold\n|-damage|p1a: Maushold|50/100\n|-status|p1a: Maushold|psn\n|move|p2a: Aerodactyl|Rock Slide|p1b: Primarina|[spread] p1a,p1b\n|-damage|p1a: Maushold|20/100 psn\n|-damage|p1b: Primarina|50/100\n|move|p1b: Primarina|Hyper Voice|p2a: Aerodactyl|[spread] p2a,p2b\n|-supereffective|p2a: Aerodactyl|1\n|-damage|p2a: Aerodactyl|0 fnt\n|-damage|p2b: Sneasler|0 fnt\n|faint|p2a: Aerodactyl\n|faint|p2b: Sneasler\n|\n|-weather|Sandstorm|[upkeep]\n|-damage|p1a: Maushold|14/100 psn|[from] Sandstorm\n|-damage|p1b: Primarina|44/100|[from] Sandstorm\n|-damage|p1a: Maushold|2/100 psn|[from] psn\n|-sideend|p2: Davidp_08|move: Tailwind\n|upkeep\n|\n|t:|1776077455\n|switch|p2b: Incineroar|Incineroar, L50, M|65/100\n|switch|p2a: Charizard|Charizard, L50, F, shiny|100/100\n|-ability|p2b: Incineroar|Intimidate|boost\n|-unboost|p1a: Maushold|atk|1\n|-unboost|p1b: Primarina|atk|1\n|turn|5\n|\n|t:|1776077463\n|detailschange|p2a: Charizard|Charizard-Mega-Y, L50, F, shiny\n|-mega|p2a: Charizard|Charizard|Charizardite Y\n|-weather|SunnyDay|[from] ability: Drought|[of] p2a: Charizard\n|move|p2b: Incineroar|Fake Out|p1a: Maushold\n|-damage|p1a: Maushold|0 fnt\n|faint|p1a: Maushold\n|move|p2a: Charizard|Solar Beam||[still]\n|-prepare|p2a: Charizard|Solar Beam\n|-anim|p2a: Charizard|Solar Beam|p1b: Primarina\n|-supereffective|p1b: Primarina|1\n|-crit|p1b: Primarina\n|-damage|p1b: Primarina|0 fnt\n|faint|p1b: Primarina\n|\n|-weather|SunnyDay|[upkeep]\n|upkeep\n|\n|t:|1776077467\n|switch|p1b: Corviknight|Corviknight, L50, M|100/100\n|turn|6\n|\n|t:|1776077479\n|move|p2a: Charizard|Heat Wave|p1b: Corviknight\n|-supereffective|p1b: Corviknight|1\n|-damage|p1b: Corviknight|0 fnt\n|faint|p1b: Corviknight\n|\n|win|Davidp_08\n|raw|Crene's rating: 1087 &rarr; <strong>1063</strong><br />(-24 for losing)\n|raw|Davidp_08's rating: 1073 &rarr; <strong>1103</strong><br />(+30 for winning)\n",
  "uploadtime": 1776077484,
  "views": 16,
  "formatid": "gen9championsvgc2026regma",
  "rating": 1063,
  "private": 0,
  "password": null
}