{
  "id": "gen9championsvgc2026regma-2586582461",
  "format": "[Gen 9 Champions] VGC 2026 Reg M-A",
  "players": [
    "Snowykyte",
    "Sammias"
  ],
  "log": "|j|\u2606Snowykyte\n|j|\u2606Sammias\n|t:|1776444717\n|gametype|doubles\n|player|p1|Snowykyte|youngster-gen4dp|1189\n|player|p2|Sammias|miku-ground|1153\n|gen|9\n|tier|[Gen 9 Champions] VGC 2026 Reg M-A\n|rated|\n|rule|Species Clause: Limit one of each Pok\u00e9mon\n|rule|Item Clause: Limit 1 of each item\n|clearpoke\n|poke|p1|Gardevoir, L50, F|\n|poke|p1|Zoroark-Hisui, L50, F|\n|poke|p1|Excadrill, L50, F|\n|poke|p1|Hydreigon, L50, F|\n|poke|p1|Orthworm, L50, M|\n|poke|p1|Gyarados, L50, M|\n|poke|p2|Typhlosion-Hisui, L50, M|\n|poke|p2|Whimsicott, L50, M|\n|poke|p2|Floette-Eternal, L50, F|\n|poke|p2|Sinistcha, L50|\n|poke|p2|Aerodactyl, L50, M|\n|poke|p2|Garchomp, L50, F|\n|teampreview|4\n|inactive|Battle timer is ON: inactive players will automatically lose when time's up. (requested by Sammias)\n|inactive|Sammias has 60 seconds left.\n|inactive|Sammias has 30 seconds left.\n|inactive|Sammias has 20 seconds left.\n|inactive|Sammias has 15 seconds left.\n|inactive|Sammias has 10 seconds left.\n|\n|t:|1776444800\n|teamsize|p1|4\n|teamsize|p2|4\n|start\n|switch|p1a: Orthworm|Orthworm, L50, M|100/100\n|switch|p1b: Hydreigon|Hydreigon, L50, F|100/100\n|switch|p2a: Typhlosion|Typhlosion-Hisui, L50, M|100/100\n|switch|p2b: Floette|Floette-Eternal, L50, F|100/100\n|turn|1\n|\n|t:|1776444818\n|detailschange|p2b: Floette|Floette-Mega, L50, F\n|-mega|p2b: Floette|Floette|Floettite\n|-ability|p2b: Floette|Fairy Aura\n|move|p1a: Orthworm|Protect|p1a: Orthworm\n|-singleturn|p1a: Orthworm|Protect\n|move|p2a: Typhlosion|Eruption|p1a: Orthworm|[spread] p1b\n|-activate|p1a: Orthworm|move: Protect\n|-resisted|p1b: Hydreigon|1\n|-damage|p1b: Hydreigon|68/100\n|move|p2b: Floette|Dazzling Gleam|p1b: Hydreigon|[spread] p1b\n|-activate|p1a: Orthworm|move: Protect\n|-supereffective|p1b: Hydreigon|2\n|-damage|p1b: Hydreigon|0 fnt\n|faint|p1b: Hydreigon\n|\n|upkeep\n|\n|t:|1776444830\n|switch|p1b: Excadrill|Excadrill, L50, F|100/100\n|turn|2\n|\n|t:|1776444838\n|move|p1b: Excadrill|Bitter Malice|p2a: Typhlosion\n|-supereffective|p2a: Typhlosion|1\n|-crit|p2a: Typhlosion\n|-damage|p2a: Typhlosion|0 fnt\n|faint|p2a: Typhlosion\n|move|p2b: Floette|Dazzling Gleam|p1a: Orthworm|[spread] p1a,p1b\n|-resisted|p1a: Orthworm|1\n|-damage|p1a: Orthworm|76/100\n|-damage|p1b: Excadrill|10/100\n|replace|p1b: Zoroark|Zoroark-Hisui, L50, F\n|-end|p1b: Zoroark|Illusion\n|move|p1a: Orthworm|Heavy Slam|p2b: Floette\n|-supereffective|p2b: Floette|1\n|-damage|p2b: Floette|40/100\n|\n|upkeep\n|\n|t:|1776444855\n|switch|p2a: Sinistcha|Sinistcha, L50|100/100\n|-heal|p2b: Floette|64/100|[from] ability: Hospitality|[of] p2a: Sinistcha\n|turn|3\n|\n|t:|1776444876\n|move|p2a: Sinistcha|Rage Powder|p2a: Sinistcha\n|-singleturn|p2a: Sinistcha|move: Rage Powder\n|move|p1b: Zoroark|Bitter Malice|p2a: Sinistcha\n|-supereffective|p2a: Sinistcha|1\n|-damage|p2a: Sinistcha|19/100\n|-unboost|p2a: Sinistcha|atk|1\n|-enditem|p2a: Sinistcha|Sitrus Berry|[eat]\n|-heal|p2a: Sinistcha|44/100|[from] item: Sitrus Berry\n|move|p2b: Floette|Dazzling Gleam|p1a: Orthworm|[spread] p1a,p1b\n|-resisted|p1a: Orthworm|1\n|-crit|p1a: Orthworm\n|-damage|p1a: Orthworm|36/100\n|-damage|p1b: Zoroark|0 fnt\n|-enditem|p1a: Orthworm|Sitrus Berry|[eat]\n|-heal|p1a: Orthworm|61/100|[from] item: Sitrus Berry\n|faint|p1b: Zoroark\n|move|p1a: Orthworm|Shed Tail|p1a: Orthworm\n|-start|p1a: Orthworm|Substitute|[from] move: Shed Tail\n|-damage|p1a: Orthworm|11/100\n|\n|t:|1776444888\n|switch|p1a: Excadrill|Excadrill, L50, F|100/100|[from] Shed Tail\n|\n|upkeep\n|\n|t:|1776444890\n|switch|p1b: Orthworm|Orthworm, L50, M|11/100\n|turn|4\n|\n|t:|1776444905\n|move|p2b: Floette|Protect|p2b: Floette\n|-singleturn|p2b: Floette|Protect\n|move|p1a: Excadrill|Earthquake|p2a: Sinistcha|[spread] p2a\n|-activate|p2b: Floette|move: Protect\n|-heal|p1b: Orthworm|36/100|[from] ability: Earth Eater|[of] p1a: Excadrill\n|-resisted|p2a: Sinistcha|1\n|-damage|p2a: Sinistcha|25/100\n|move|p1b: Orthworm|Heavy Slam|p2b: Floette\n|-activate|p2b: Floette|move: Protect\n|move|p2a: Sinistcha|Life Dew|p2a: Sinistcha|[spread] p2a,p2b\n|-heal|p2a: Sinistcha|50/100\n|-heal|p2b: Floette|89/100\n|\n|upkeep\n|turn|5\n|inactive|Snowykyte has 30 seconds left.\n|\n|t:|1776444936\n|move|p2b: Floette|Moonblast|p1b: Orthworm\n|-resisted|p1b: Orthworm|1\n|-damage|p1b: Orthworm|0 fnt\n|faint|p1b: Orthworm\n|move|p1a: Excadrill|Iron Head|p2b: Floette\n|-supereffective|p2b: Floette|1\n|-damage|p2b: Floette|0 fnt\n|faint|p2b: Floette\n|move|p2a: Sinistcha|Matcha Gotcha|p1a: Excadrill\n|-end|p1a: Excadrill|Substitute\n|-heal|p2a: Sinistcha|63/100|[from] drain|[of] p1a: Excadrill\n|\n|upkeep\n|\n|t:|1776444948\n|switch|p2b: Aerodactyl|Aerodactyl, L50, M|100/100\n|-ability|p2b: Aerodactyl|Unnerve\n|turn|6\n|\n|t:|1776444961\n|move|p2b: Aerodactyl|Protect|p2b: Aerodactyl\n|-singleturn|p2b: Aerodactyl|Protect\n|move|p1a: Excadrill|Iron Head|p2b: Aerodactyl\n|-activate|p2b: Aerodactyl|move: Protect\n|move|p2a: Sinistcha|Matcha Gotcha|p1a: Excadrill\n|-damage|p1a: Excadrill|64/100\n|-heal|p2a: Sinistcha|85/100|[from] drain|[of] p1a: Excadrill\n|\n|upkeep\n|turn|7\n|\n|t:|1776444983\n|move|p2a: Sinistcha|Rage Powder|p2a: Sinistcha\n|-singleturn|p2a: Sinistcha|move: Rage Powder\n|move|p2b: Aerodactyl|Rock Slide|p1a: Excadrill\n|-resisted|p1a: Excadrill|2\n|-damage|p1a: Excadrill|54/100\n|cant|p1a: Excadrill|flinch\n|\n|upkeep\n|turn|8\n|\n|t:|1776444995\n|move|p2b: Aerodactyl|Rock Slide|p1a: Excadrill\n|-resisted|p1a: Excadrill|2\n|-damage|p1a: Excadrill|44/100\n|move|p1a: Excadrill|Iron Head|p2b: Aerodactyl\n|-supereffective|p2b: Aerodactyl|1\n|-damage|p2b: Aerodactyl|0 fnt\n|faint|p2b: Aerodactyl\n|move|p2a: Sinistcha|Matcha Gotcha|p1a: Excadrill\n|-damage|p1a: Excadrill|4/100\n|-heal|p2a: Sinistcha|100/100|[from] drain|[of] p1a: Excadrill\n|\n|upkeep\n|turn|9\n|\n|t:|1776445007\n|move|p1a: Excadrill|Iron Head|p2a: Sinistcha\n|-damage|p2a: Sinistcha|62/100\n|move|p2a: Sinistcha|Matcha Gotcha|p1a: Excadrill\n|-damage|p1a: Excadrill|0 fnt\n|-heal|p2a: Sinistcha|64/100|[from] drain|[of] p1a: Excadrill\n|faint|p1a: Excadrill\n|\n|win|Sammias\n|raw|Snowykyte's rating: 1189 &rarr; <strong>1161</strong><br />(-28 for losing)\n|raw|Sammias's rating: 1153 &rarr; <strong>1181</strong><br />(+28 for winning)\n|l|\u2606Snowykyte\n|player|p1|\n",
  "uploadtime": 1776445018,
  "views": 25,
  "formatid": "gen9championsvgc2026regma",
  "rating": 1161,
  "private": 0,
  "password": null
}