{
  "id": "gen9championsvgc2026regma-2586671652",
  "format": "[Gen 9 Champions] VGC 2026 Reg M-A",
  "players": [
    "hazima",
    "ThatSteelOwl"
  ],
  "log": "|j|\u2606hazima\n|j|\u2606ThatSteelOwl\n|t:|1776450905\n|gametype|doubles\n|player|p1|hazima|lillie-masters2|1356\n|player|p2|ThatSteelOwl|265|1410\n|gen|9\n|tier|[Gen 9 Champions] VGC 2026 Reg M-A\n|rated|\n|rule|Species Clause: Limit one of each Pok\u00e9mon\n|rule|Item Clause: Limit 1 of each item\n|clearpoke\n|poke|p1|Volcarona, L50, M|\n|poke|p1|Sinistcha, L50|\n|poke|p1|Sneasler, L50, F|\n|poke|p1|Incineroar, L50, F|\n|poke|p1|Gengar, L50, F|\n|poke|p1|Maushold, L50|\n|poke|p2|Meganium, L50, F|\n|poke|p2|Gengar, L50, M|\n|poke|p2|Lucario, L50, F|\n|poke|p2|Pelipper, L50, M|\n|poke|p2|Basculegion, L50, M|\n|poke|p2|Kingambit, L50, M|\n|teampreview|4\n|inactive|Battle timer is ON: inactive players will automatically lose when time's up. (requested by hazima)\n|\n|t:|1776450928\n|teamsize|p1|4\n|teamsize|p2|4\n|start\n|switch|p1a: Volcarona|Volcarona, L50, M|100/100\n|switch|p1b: Maushold|Maushold, L50|100/100\n|switch|p2a: Basculegion|Basculegion, L50, M|100/100\n|switch|p2b: Pelipper|Pelipper, L50, M|100/100\n|-weather|RainDance|[from] ability: Drizzle|[of] p2b: Pelipper\n|turn|1\n|\n|t:|1776450938\n|move|p1b: Maushold|Follow Me|p1b: Maushold\n|-singleturn|p1b: Maushold|move: Follow Me\n|move|p1a: Volcarona|Quiver Dance|p1a: Volcarona\n|-boost|p1a: Volcarona|spa|1\n|-boost|p1a: Volcarona|spd|1\n|-boost|p1a: Volcarona|spe|1\n|move|p2a: Basculegion|Wave Crash|p1b: Maushold\n|-damage|p1b: Maushold|0 fnt\n|faint|p1b: Maushold\n|-damage|p2a: Basculegion|70/100|[from] Recoil\n|move|p2b: Pelipper|Hurricane|p1a: Volcarona\n|-supereffective|p1a: Volcarona|1\n|-damage|p1a: Volcarona|44/100\n|\n|-weather|RainDance|[upkeep]\n|-heal|p1a: Volcarona|50/100|[from] item: Leftovers\n|upkeep\n|\n|t:|1776450950\n|switch|p1b: Sinistcha|Sinistcha, L50|100/100\n|-heal|p1a: Volcarona|75/100|[from] ability: Hospitality|[of] p1b: Sinistcha\n|turn|2\n|\n|t:|1776450961\n|switch|p2a: Gengar|Gengar, L50, M|100/100\n|move|p1b: Sinistcha|Rage Powder|p1b: Sinistcha\n|-singleturn|p1b: Sinistcha|move: Rage Powder\n|move|p1a: Volcarona|Quiver Dance|p1a: Volcarona\n|-boost|p1a: Volcarona|spa|1\n|-boost|p1a: Volcarona|spd|1\n|-boost|p1a: Volcarona|spe|1\n|move|p2b: Pelipper|Hurricane|p1b: Sinistcha\n|-supereffective|p1b: Sinistcha|1\n|-damage|p1b: Sinistcha|0 fnt\n|faint|p1b: Sinistcha\n|\n|-weather|RainDance|[upkeep]\n|-heal|p1a: Volcarona|82/100|[from] item: Leftovers\n|upkeep\n|\n|t:|1776450968\n|switch|p1b: Sneasler|Sneasler, L50, F|100/100\n|turn|3\n|\n|t:|1776450977\n|move|p2b: Pelipper|Protect|p2b: Pelipper\n|-singleturn|p2b: Pelipper|Protect\n|move|p1b: Sneasler|Coaching|p1a: Volcarona\n|-boost|p1a: Volcarona|atk|1\n|-boost|p1a: Volcarona|def|1\n|move|p1a: Volcarona|Quiver Dance|p1a: Volcarona\n|-boost|p1a: Volcarona|spa|1\n|-boost|p1a: Volcarona|spd|1\n|-boost|p1a: Volcarona|spe|1\n|move|p2a: Gengar|Psychic|p1b: Sneasler\n|-supereffective|p1b: Sneasler|2\n|-damage|p1b: Sneasler|0 fnt\n|faint|p1b: Sneasler\n|\n|-weather|RainDance|[upkeep]\n|-heal|p1a: Volcarona|88/100|[from] item: Leftovers\n|upkeep\n|turn|4\n|\n|t:|1776450993\n|move|p1a: Volcarona|Quiver Dance|p1a: Volcarona\n|-boost|p1a: Volcarona|spa|1\n|-boost|p1a: Volcarona|spd|1\n|-boost|p1a: Volcarona|spe|1\n|move|p2a: Gengar|Icy Wind|p1a: Volcarona\n|-resisted|p1a: Volcarona|1\n|-damage|p1a: Volcarona|85/100\n|-unboost|p1a: Volcarona|spe|1\n|move|p2b: Pelipper|Tailwind|p2b: Pelipper\n|-sidestart|p2: ThatSteelOwl|move: Tailwind\n|\n|-weather|RainDance|[upkeep]\n|-heal|p1a: Volcarona|91/100|[from] item: Leftovers\n|upkeep\n|turn|5\n|\n|t:|1776451007\n|move|p2a: Gengar|Taunt|p1a: Volcarona\n|-start|p1a: Volcarona|move: Taunt\n|cant|p1a: Volcarona|move: Taunt|Quiver Dance\n|move|p2b: Pelipper|Weather Ball|p1a: Volcarona\n|-supereffective|p1a: Volcarona|1\n|-damage|p1a: Volcarona|50/100\n|\n|-weather|none\n|-heal|p1a: Volcarona|57/100|[from] item: Leftovers\n|upkeep\n|turn|6\n|\n|t:|1776451018\n|move|p2a: Gengar|Icy Wind|p1a: Volcarona\n|-resisted|p1a: Volcarona|1\n|-damage|p1a: Volcarona|54/100\n|-unboost|p1a: Volcarona|spe|1\n|move|p1a: Volcarona|Heat Wave|p2a: Gengar|[spread] p2a,p2b\n|-resisted|p2b: Pelipper|1\n|-enditem|p2a: Gengar|Focus Sash\n|-damage|p2a: Gengar|1/100\n|-damage|p2b: Pelipper|16/100\n|-status|p2b: Pelipper|brn\n|-start|p1a: Volcarona|Disable|Heat Wave|[from] ability: Cursed Body|[of] p2a: Gengar\n|-enditem|p2b: Pelipper|Sitrus Berry|[eat]\n|-heal|p2b: Pelipper|40/100 brn|[from] item: Sitrus Berry\n|move|p2b: Pelipper|Hurricane|p1a: Volcarona\n|-supereffective|p1a: Volcarona|1\n|-damage|p1a: Volcarona|28/100\n|\n|-heal|p1a: Volcarona|34/100|[from] item: Leftovers\n|-damage|p2b: Pelipper|35/100 brn|[from] brn\n|upkeep\n|turn|7\n|\n|t:|1776451036\n|move|p2a: Gengar|Destiny Bond|p2a: Gengar\n|-singlemove|p2a: Gengar|Destiny Bond\n|move|p1a: Volcarona|Bug Buzz|p2b: Pelipper\n|-resisted|p2b: Pelipper|1\n|-damage|p2b: Pelipper|0 fnt\n|faint|p2b: Pelipper\n|\n|-heal|p1a: Volcarona|40/100|[from] item: Leftovers\n|-end|p1a: Volcarona|move: Taunt\n|-sideend|p2: ThatSteelOwl|move: Tailwind\n|upkeep\n|\n|t:|1776451043\n|switch|p2b: Basculegion|Basculegion, L50, M|70/100\n|turn|8\n|\n|t:|1776451057\n|move|p1a: Volcarona|Protect|p1a: Volcarona\n|-singleturn|p1a: Volcarona|Protect\n|move|p2b: Basculegion|Aqua Jet|p1a: Volcarona\n|-activate|p1a: Volcarona|move: Protect\n|move|p2a: Gengar|Taunt|p1a: Volcarona\n|-activate|p1a: Volcarona|move: Protect\n|\n|-heal|p1a: Volcarona|46/100|[from] item: Leftovers\n|upkeep\n|turn|9\n|\n|t:|1776451064\n|move|p1a: Volcarona|Bug Buzz|p2b: Basculegion\n|-resisted|p2b: Basculegion|1\n|-damage|p2b: Basculegion|0 fnt\n|faint|p2b: Basculegion\n|move|p2a: Gengar|Taunt|p1a: Volcarona\n|-start|p1a: Volcarona|move: Taunt\n|\n|-heal|p1a: Volcarona|53/100|[from] item: Leftovers\n|-end|p1a: Volcarona|Disable\n|upkeep\n|\n|t:|1776451069\n|switch|p2b: Kingambit|Kingambit, L50, M|100/100\n|turn|10\n|\n|t:|1776451078\n|move|p1a: Volcarona|Heat Wave|p2b: Kingambit|[spread] p2a,p2b\n|-supereffective|p2b: Kingambit|1\n|-damage|p2a: Gengar|0 fnt\n|-damage|p2b: Kingambit|0 fnt\n|faint|p2a: Gengar\n|faint|p2b: Kingambit\n|\n|win|hazima\n|raw|hazima's rating: 1356 &rarr; <strong>1379</strong><br />(+23 for winning)\n|raw|ThatSteelOwl's rating: 1410 &rarr; <strong>1387</strong><br />(-23 for losing)\n|l|\u2606ThatSteelOwl\n|player|p2|\n",
  "uploadtime": 1776451084,
  "views": 65,
  "formatid": "gen9championsvgc2026regma",
  "rating": 1379,
  "private": 0,
  "password": null
}