{
  "id": "gen9championsvgc2026regma-2584175040",
  "format": "[Gen 9 Champions] VGC 2026 Reg M-A",
  "players": [
    "nelson2k",
    "retrojp"
  ],
  "log": "|j|\u2606nelson2k\n|j|\u2606retrojp\n|t:|1776234360\n|gametype|doubles\n|player|p1|nelson2k|hiker|1210\n|player|p2|retrojp|101|1125\n|gen|9\n|tier|[Gen 9 Champions] VGC 2026 Reg M-A\n|rated|\n|rule|Species Clause: Limit one of each Pok\u00e9mon\n|rule|Item Clause: Limit 1 of each item\n|clearpoke\n|poke|p1|Floette-Eternal, L50, F|\n|poke|p1|Incineroar, L50, F|\n|poke|p1|Blastoise, L50, F|\n|poke|p1|Sinistcha, L50|\n|poke|p1|Talonflame, L50, M|\n|poke|p1|Pelipper, L50, M|\n|poke|p2|Aggron, L50, M|\n|poke|p2|Aerodactyl, L50, F|\n|poke|p2|Hydreigon, L50, F|\n|poke|p2|Tyranitar, L50, F|\n|poke|p2|Sneasler, L50, F|\n|poke|p2|Sinistcha, L50|\n|teampreview|4\n|\n|t:|1776234400\n|teamsize|p1|4\n|teamsize|p2|4\n|start\n|switch|p1a: Incineroar|Incineroar, L50, F, shiny|100/100\n|switch|p1b: Blastoise|Blastoise, L50, F|100/100\n|switch|p2a: Aggron|Aggron, L50, M|100/100\n|switch|p2b: Sneasler|Sneasler, L50, F|100/100\n|-ability|p2b: Sneasler|Pressure\n|-ability|p1a: Incineroar|Intimidate|boost\n|-unboost|p2a: Aggron|atk|1\n|-unboost|p2b: Sneasler|atk|1\n|turn|1\n|\n|t:|1776234419\n|move|p2a: Aggron|Protect|p2a: Aggron\n|-singleturn|p2a: Aggron|Protect\n|move|p1a: Incineroar|Fake Out|p2a: Aggron\n|-activate|p2a: Aggron|move: Protect\n|move|p2b: Sneasler|Coaching|p2a: Aggron\n|-boost|p2a: Aggron|atk|1\n|-boost|p2a: Aggron|def|1\n|move|p1b: Blastoise|Water Spout|p2a: Aggron|[spread] p2b\n|-activate|p2a: Aggron|move: Protect\n|-damage|p2b: Sneasler|27/100\n|\n|upkeep\n|turn|2\n|inactive|Battle timer is ON: inactive players will automatically lose when time's up. (requested by retrojp)\n|\n|t:|1776234465\n|detailschange|p2a: Aggron|Aggron-Mega, L50, M\n|-mega|p2a: Aggron|Aggron|Aggronite\n|move|p1b: Blastoise|Protect|p1b: Blastoise\n|-singleturn|p1b: Blastoise|Protect\n|move|p2b: Sneasler|Close Combat|p1b: Blastoise\n|-activate|p1b: Blastoise|move: Protect\n|move|p1a: Incineroar|Flare Blitz|p2b: Sneasler\n|-damage|p2b: Sneasler|0 fnt\n|faint|p2b: Sneasler\n|-damage|p1a: Incineroar|94/100|[from] Recoil\n|move|p2a: Aggron|Body Press|p1b: Blastoise\n|-activate|p1b: Blastoise|move: Protect\n|\n|upkeep\n|\n|t:|1776234487\n|switch|p2b: Sinistcha|Sinistcha, L50|100/100\n|turn|3\n|\n|t:|1776234493\n|move|p2a: Aggron|Protect|p2a: Aggron\n|-singleturn|p2a: Aggron|Protect\n|move|p1b: Blastoise|Water Spout|p2a: Aggron|[spread] p2b\n|-activate|p2a: Aggron|move: Protect\n|-resisted|p2b: Sinistcha|1\n|-damage|p2b: Sinistcha|74/100\n|move|p1a: Incineroar|Darkest Lariat|p2b: Sinistcha\n|-supereffective|p2b: Sinistcha|1\n|-damage|p2b: Sinistcha|1/100\n|move|p2b: Sinistcha|Trick Room|p2b: Sinistcha\n|-fieldstart|move: Trick Room|[of] p2b: Sinistcha\n|\n|upkeep\n|turn|4\n|\n|t:|1776234512\n|switch|p1b: Sinistcha|Sinistcha, L50|100/100\n|-heal|p1a: Incineroar|100/100|[from] ability: Hospitality|[of] p1b: Sinistcha\n|move|p2a: Aggron|Body Press|p1b: Sinistcha\n|-immune|p1b: Sinistcha\n|move|p1a: Incineroar|Parting Shot|p2a: Aggron\n|-unboost|p2a: Aggron|atk|1\n|-unboost|p2a: Aggron|spa|1\n|\n|t:|1776234525\n|switch|p1a: Blastoise|Blastoise, L50, F|100/100|[from] Parting Shot\n|move|p2b: Sinistcha|Matcha Gotcha|p1b: Sinistcha|[spread] p1a,p1b\n|-supereffective|p1a: Blastoise|1\n|-resisted|p1b: Sinistcha|1\n|-damage|p1a: Blastoise|52/100\n|-heal|p2b: Sinistcha|25/100|[from] drain|[of] p1a: Blastoise\n|-damage|p1b: Sinistcha|89/100\n|-heal|p2b: Sinistcha|31/100|[from] drain|[of] p1b: Sinistcha\n|\n|-heal|p1a: Blastoise|59/100|[from] item: Leftovers\n|upkeep\n|turn|5\n|\n|t:|1776234550\n|move|p1a: Blastoise|Fake Out|p2a: Aggron\n|-resisted|p2a: Aggron|1\n|-damage|p2a: Aggron|99/100\n|cant|p2a: Aggron|flinch\n|move|p2b: Sinistcha|Matcha Gotcha|p1a: Blastoise|[spread] p1a,p1b\n|-supereffective|p1a: Blastoise|1\n|-resisted|p1b: Sinistcha|1\n|-damage|p1a: Blastoise|14/100\n|-heal|p2b: Sinistcha|54/100|[from] drain|[of] p1a: Blastoise\n|-damage|p1b: Sinistcha|77/100\n|-heal|p2b: Sinistcha|60/100|[from] drain|[of] p1b: Sinistcha\n|-status|p1a: Blastoise|brn\n|move|p1b: Sinistcha|Trick Room|p1b: Sinistcha\n|-fieldend|move: Trick Room\n|\n|-heal|p1a: Blastoise|20/100 brn|[from] item: Leftovers\n|-damage|p1a: Blastoise|14/100 brn|[from] brn\n|upkeep\n|turn|6\n|inactive|retrojp has 30 seconds left.\n|\n|t:|1776234579\n|switch|p1a: Incineroar|Incineroar, L50, F, shiny|100/100\n|-ability|p1a: Incineroar|Intimidate|boost\n|-unboost|p2a: Aggron|atk|1\n|-unboost|p2b: Sinistcha|atk|1\n|move|p2b: Sinistcha|Rage Powder|p2b: Sinistcha\n|-singleturn|p2b: Sinistcha|move: Rage Powder\n|move|p1b: Sinistcha|Imprison|p1b: Sinistcha\n|-start|p1b: Sinistcha|move: Imprison\n|move|p2a: Aggron|Iron Defense|p2a: Aggron\n|-boost|p2a: Aggron|def|2\n|\n|upkeep\n|turn|7\n|inactive|nelson2k has 30 seconds left.\n|inactive|retrojp has 30 seconds left.\n|\n|t:|1776234612\n|move|p1b: Sinistcha|Rage Powder|p1b: Sinistcha\n|-singleturn|p1b: Sinistcha|move: Rage Powder\n|move|p2b: Sinistcha|Life Dew|p2b: Sinistcha|[spread] p2a,p2b\n|-heal|p2a: Aggron|100/100\n|-heal|p2b: Sinistcha|85/100\n|move|p1a: Incineroar|Darkest Lariat|p2b: Sinistcha\n|-supereffective|p2b: Sinistcha|1\n|-damage|p2b: Sinistcha|19/100\n|move|p2a: Aggron|Body Press|p1b: Sinistcha\n|-immune|p1b: Sinistcha\n|\n|upkeep\n|turn|8\n|inactive|nelson2k has 30 seconds left.\n|inactive|nelson2k has 20 seconds left.\n|\n|t:|1776234653\n|move|p1b: Sinistcha|Rage Powder|p1b: Sinistcha\n|-singleturn|p1b: Sinistcha|move: Rage Powder\n|move|p2b: Sinistcha|Life Dew||[still]|[spread] p2a,p2b\n|-fail|p2a: Aggron|heal\n|-heal|p2b: Sinistcha|44/100\n|move|p1a: Incineroar|Darkest Lariat|p2b: Sinistcha\n|-supereffective|p2b: Sinistcha|1\n|-damage|p2b: Sinistcha|0 fnt\n|faint|p2b: Sinistcha\n|move|p2a: Aggron|Body Press|p1b: Sinistcha\n|-immune|p1b: Sinistcha\n|\n|upkeep\n|\n|t:|1776234666\n|switch|p2b: Tyranitar|Tyranitar, L50, F|100/100\n|-weather|Sandstorm|[from] ability: Sand Stream|[of] p2b: Tyranitar\n|turn|9\n|\n|t:|1776234685\n|move|p1b: Sinistcha|Rage Powder|p1b: Sinistcha\n|-singleturn|p1b: Sinistcha|move: Rage Powder\n|move|p2b: Tyranitar|Knock Off|p1b: Sinistcha\n|-supereffective|p1b: Sinistcha|1\n|-damage|p1b: Sinistcha|0 fnt\n|-enditem|p1b: Sinistcha|Mental Herb|[from] move: Knock Off|[of] p2b: Tyranitar\n|faint|p1b: Sinistcha\n|move|p1a: Incineroar|Parting Shot|p2b: Tyranitar\n|-unboost|p2b: Tyranitar|atk|1\n|-unboost|p2b: Tyranitar|spa|1\n|\n|t:|1776234695\n|switch|p1a: Blastoise|Blastoise, L50, F|14/100 brn|[from] Parting Shot\n|move|p2a: Aggron|Heavy Slam|p1a: Blastoise\n|-resisted|p1a: Blastoise|1\n|-damage|p1a: Blastoise|2/100 brn\n|\n|-weather|Sandstorm|[upkeep]\n|-damage|p1a: Blastoise|0 fnt|[from] Sandstorm\n|faint|p1a: Blastoise\n|upkeep\n|\n|t:|1776234698\n|switch|p1a: Incineroar|Incineroar, L50, F, shiny|100/100\n|switch|p1b: Floette|Floette-Eternal, L50, F|100/100\n|-ability|p1a: Incineroar|Intimidate|boost\n|-unboost|p2a: Aggron|atk|1\n|-unboost|p2b: Tyranitar|atk|1\n|turn|10\n|inactive|nelson2k has 30 seconds left.\n|\n|t:|1776234730\n|detailschange|p1b: Floette|Floette-Mega, L50, F\n|-mega|p1b: Floette|Floette|Floettite\n|-ability|p1b: Floette|Fairy Aura\n|move|p2b: Tyranitar|Protect|p2b: Tyranitar\n|-singleturn|p2b: Tyranitar|Protect\n|move|p2a: Aggron|Protect|p2a: Aggron\n|-singleturn|p2a: Aggron|Protect\n|move|p1a: Incineroar|Fake Out|p2a: Aggron\n|-activate|p2a: Aggron|move: Protect\n|move|p1b: Floette|Calm Mind|p1b: Floette\n|-boost|p1b: Floette|spa|1\n|-boost|p1b: Floette|spd|1\n|\n|-weather|Sandstorm|[upkeep]\n|-damage|p1b: Floette|94/100|[from] Sandstorm\n|-damage|p1a: Incineroar|95/100|[from] Sandstorm\n|upkeep\n|turn|11\n|inactive|nelson2k has 30 seconds left.\n|inactive|nelson2k has 20 seconds left.\n|inactive|nelson2k has 15 seconds left.\n|\n|t:|1776234775\n|move|p1b: Floette|Dazzling Gleam|p2b: Tyranitar|[spread] p2a,p2b\n|-resisted|p2a: Aggron|1\n|-supereffective|p2b: Tyranitar|1\n|-damage|p2a: Aggron|65/100\n|-damage|p2b: Tyranitar|25/100\n|move|p2b: Tyranitar|Rock Slide|p1b: Floette|[spread] p1a,p1b\n|-supereffective|p1a: Incineroar|1\n|-damage|p1a: Incineroar|67/100\n|-damage|p1b: Floette|81/100\n|cant|p1a: Incineroar|flinch\n|move|p2a: Aggron|Heavy Slam|p1b: Floette\n|-supereffective|p1b: Floette|1\n|-damage|p1b: Floette|55/100\n|\n|-weather|Sandstorm|[upkeep]\n|-damage|p1b: Floette|49/100|[from] Sandstorm\n|-damage|p1a: Incineroar|61/100|[from] Sandstorm\n|upkeep\n|turn|12\n|\n|t:|1776234797\n|move|p2b: Tyranitar|Protect|p2b: Tyranitar\n|-singleturn|p2b: Tyranitar|Protect\n|move|p1b: Floette|Draining Kiss|p2b: Tyranitar\n|-activate|p2b: Tyranitar|move: Protect\n|move|p1a: Incineroar|Darkest Lariat|p2a: Aggron\n|-damage|p2a: Aggron|42/100\n|move|p2a: Aggron|Body Press|p1a: Incineroar\n|-supereffective|p1a: Incineroar|1\n|-damage|p1a: Incineroar|0 fnt\n|faint|p1a: Incineroar\n|\n|-weather|Sandstorm|[upkeep]\n|-damage|p1b: Floette|42/100|[from] Sandstorm\n|upkeep\n|turn|13\n|\n|t:|1776234821\n|move|p1b: Floette|Draining Kiss|p2b: Tyranitar\n|-supereffective|p2b: Tyranitar|1\n|-damage|p2b: Tyranitar|0 fnt\n|-heal|p1b: Floette|63/100|[from] drain|[of] p2b: Tyranitar\n|faint|p2b: Tyranitar\n|move|p2a: Aggron|Body Press|p1b: Floette\n|-resisted|p1b: Floette|1\n|-crit|p1b: Floette\n|-damage|p1b: Floette|0 fnt\n|faint|p1b: Floette\n|\n|win|retrojp\n|raw|nelson2k's rating: 1210 &rarr; <strong>1179</strong><br />(-31 for losing)\n|raw|retrojp's rating: 1125 &rarr; <strong>1156</strong><br />(+31 for winning)\n",
  "uploadtime": 1776234832,
  "views": 16,
  "formatid": "gen9championsvgc2026regma",
  "rating": 1156,
  "private": 0,
  "password": null
}