{
  "id": "gen9championsvgc2026regma-2586513404",
  "format": "[Gen 9 Champions] VGC 2026 Reg M-A",
  "players": [
    "StrawberryBalloons",
    "Parpartoobrown"
  ],
  "log": "|j|\u203dStrawberryBalloons\n|j|\u2606Parpartoobrown\n|t:|1776439825\n|gametype|doubles\n|player|p1|StrawberryBalloons|fisherman-gen4|1315\n|player|p2|Parpartoobrown|266|1314\n|gen|9\n|tier|[Gen 9 Champions] VGC 2026 Reg M-A\n|rated|\n|rule|Species Clause: Limit one of each Pok\u00e9mon\n|rule|Item Clause: Limit 1 of each item\n|clearpoke\n|poke|p1|Sinistcha, L50|\n|poke|p1|Incineroar, L50, M|\n|poke|p1|Aggron, L50, F|\n|poke|p1|Milotic, L50, F|\n|poke|p1|Sneasler, L50, M|\n|poke|p1|Starmie, L50|\n|poke|p2|Whimsicott, L50, F|\n|poke|p2|Milotic, L50, M|\n|poke|p2|Sneasler, L50, F|\n|poke|p2|Archaludon, L50, F|\n|poke|p2|Gyarados, L50, M|\n|poke|p2|Charizard, L50, M|\n|teampreview|4\n|inactive|Battle timer is ON: inactive players will automatically lose when time's up. (requested by StrawberryBalloons)\n|inactive|StrawberryBalloons has 60 seconds left.\n|inactive|Parpartoobrown has 60 seconds left.\n|\n|t:|1776439885\n|teamsize|p1|4\n|teamsize|p2|4\n|start\n|switch|p1a: Sneasler|Sneasler, L50, M|100/100\n|switch|p1b: Starmie|Starmie, L50|100/100\n|switch|p2a: Milotic|Milotic, L50, M, shiny|100/100\n|switch|p2b: Sneasler|Sneasler, L50, F, shiny|100/100\n|turn|1\n|inactive|Parpartoobrown has 30 seconds left.\n|\n|t:|1776439911\n|move|p1a: Sneasler|Fake Out|p2b: Sneasler\n|-damage|p2b: Sneasler|74/100\n|cant|p2b: Sneasler|flinch\n|move|p1b: Starmie|Minimize|p1b: Starmie\n|-boost|p1b: Starmie|evasion|2\n|move|p2a: Milotic|Icy Wind|p1a: Sneasler|[spread] p1a\n|-miss|p2a: Milotic|p1b: Starmie\n|-crit|p1a: Sneasler\n|-damage|p1a: Sneasler|75/100\n|-unboost|p1a: Sneasler|spe|1\n|-enditem|p1a: Sneasler|White Herb\n|-clearnegativeboost|p1a: Sneasler|[silent]\n|\n|upkeep\n|turn|2\n|inactive|Parpartoobrown has 30 seconds left.\n|\n|t:|1776439941\n|move|p2b: Sneasler|Protect|p2b: Sneasler\n|-singleturn|p2b: Sneasler|Protect\n|move|p1a: Sneasler|Coaching|p1b: Starmie\n|-boost|p1b: Starmie|atk|1\n|-boost|p1b: Starmie|def|1\n|move|p1b: Starmie|Minimize|p1b: Starmie\n|-boost|p1b: Starmie|evasion|2\n|move|p2a: Milotic|Scald|p1a: Sneasler\n|-damage|p1a: Sneasler|20/100\n|\n|upkeep\n|turn|3\n|\n|t:|1776439961\n|switch|p2b: Whimsicott|Whimsicott, L50, F, shiny|100/100\n|move|p1a: Sneasler|Coaching|p1b: Starmie\n|-boost|p1b: Starmie|atk|1\n|-boost|p1b: Starmie|def|1\n|move|p1b: Starmie|Minimize|p1b: Starmie\n|-boost|p1b: Starmie|evasion|2\n|move|p2a: Milotic|Icy Wind|p1a: Sneasler|[spread] p1a\n|-miss|p2a: Milotic|p1b: Starmie\n|-damage|p1a: Sneasler|1/100\n|-unboost|p1a: Sneasler|spe|1\n|\n|upkeep\n|turn|4\n|inactive|Parpartoobrown has 30 seconds left.\n|\n|t:|1776439988\n|detailschange|p1b: Starmie|Starmie-Mega, L50\n|-mega|p1b: Starmie|Starmie|Starminite\n|move|p2b: Whimsicott|Tailwind|p2b: Whimsicott\n|-sidestart|p2: Parpartoobrown|move: Tailwind\n|move|p1a: Sneasler|Dire Claw|p2b: Whimsicott\n|-supereffective|p2b: Whimsicott|2\n|-enditem|p2b: Whimsicott|Focus Sash\n|-damage|p2b: Whimsicott|1/100\n|move|p2a: Milotic|Icy Wind|p1b: Starmie|[spread] p1a\n|-miss|p2a: Milotic|p1b: Starmie\n|-damage|p1a: Sneasler|0 fnt\n|faint|p1a: Sneasler\n|move|p1b: Starmie|Liquidation|p2b: Whimsicott\n|-resisted|p2b: Whimsicott|1\n|-crit|p2b: Whimsicott\n|-damage|p2b: Whimsicott|0 fnt\n|faint|p2b: Whimsicott\n|\n|upkeep\n|\n|t:|1776440005\n|switch|p1a: Aggron|Aggron, L50, F|100/100\n|switch|p2b: Charizard|Charizard, L50, M, shiny|100/100\n|turn|5\n|\n|t:|1776440015\n|detailschange|p2b: Charizard|Charizard-Mega-Y, L50, M, shiny\n|-mega|p2b: Charizard|Charizard|Charizardite Y\n|-weather|SunnyDay|[from] ability: Drought|[of] p2b: Charizard\n|move|p1a: Aggron|Protect|p1a: Aggron\n|-singleturn|p1a: Aggron|Protect\n|move|p2b: Charizard|Solar Beam||[still]\n|-prepare|p2b: Charizard|Solar Beam\n|-anim|p2b: Charizard|Solar Beam|p1b: Starmie|[miss]\n|-miss|p2b: Charizard|p1b: Starmie\n|move|p2a: Milotic|Scald|p1a: Aggron\n|-activate|p1a: Aggron|move: Protect\n|move|p1b: Starmie|Liquidation|p2b: Charizard\n|-supereffective|p2b: Charizard|1\n|-damage|p2b: Charizard|0 fnt\n|faint|p2b: Charizard\n|\n|-weather|SunnyDay|[upkeep]\n|upkeep\n|-message|Parpartoobrown forfeited.\n|\n|win|StrawberryBalloons\n|raw|StrawberryBalloons's rating: 1315 &rarr; <strong>1335</strong><br />(+20 for winning)\n|raw|Parpartoobrown's rating: 1314 &rarr; <strong>1294</strong><br />(-20 for losing)\n|l|\u2606Parpartoobrown\n|player|p2|\n",
  "uploadtime": 1776440032,
  "views": 39,
  "formatid": "gen9championsvgc2026regma",
  "rating": 1294,
  "private": 0,
  "password": null
}