{
  "id": "gen9championsvgc2026regma-2588553274",
  "format": "[Gen 9 Champions] VGC 2026 Reg M-A",
  "players": [
    "Romulu5",
    "WeMeHi"
  ],
  "log": "|j|\u2606Romulu5\n|j|\u2606WeMeHi\n|t:|1776644334\n|gametype|doubles\n|player|p1|Romulu5|169|1045\n|player|p2|WeMeHi|266|1059\n|gen|9\n|tier|[Gen 9 Champions] VGC 2026 Reg M-A\n|rated|\n|rule|Species Clause: Limit one of each Pok\u00e9mon\n|rule|Item Clause: Limit 1 of each item\n|clearpoke\n|poke|p1|Charizard, L50, F|\n|poke|p1|Kingambit, L50, F|\n|poke|p1|Rotom-Wash, L50|\n|poke|p1|Sinistcha, L50|\n|poke|p1|Sneasler, L50, M|\n|poke|p1|Ninetales-Alola, L50, F|\n|poke|p2|Floette-Eternal, L50, F|\n|poke|p2|Ninetales-Alola, L50, F|\n|poke|p2|Whimsicott, L50, M|\n|poke|p2|Dragapult, L50, F|\n|poke|p2|Tauros-Paldea-Aqua, L50, M|\n|poke|p2|Scovillain, L50, F|\n|teampreview|4\n|\n|t:|1776644367\n|teamsize|p1|4\n|teamsize|p2|4\n|start\n|switch|p1a: Sneasler|Sneasler, L50, M|100/100\n|switch|p1b: Ninetales|Ninetales-Alola, L50, F|100/100\n|switch|p2a: Whimsicott|Whimsicott, L50, M|100/100\n|switch|p2b: Tauros|Tauros-Paldea-Aqua, L50, M|100/100\n|-weather|Snowscape|[from] ability: Snow Warning|[of] p1b: Ninetales\n|-ability|p2b: Tauros|Intimidate|boost\n|-unboost|p1a: Sneasler|atk|1\n|-unboost|p1b: Ninetales|atk|1\n|-enditem|p1a: Sneasler|White Herb\n|-clearnegativeboost|p1a: Sneasler|[silent]\n|turn|1\n|\n|t:|1776644399\n|move|p1a: Sneasler|Fake Out|p2a: Whimsicott\n|-crit|p2a: Whimsicott\n|-damage|p2a: Whimsicott|81/100\n|cant|p2a: Whimsicott|flinch\n|move|p1b: Ninetales|Aurora Veil|p1b: Ninetales\n|-sidestart|p1: Romulu5|move: Aurora Veil\n|move|p2b: Tauros|Close Combat|p1a: Sneasler\n|-resisted|p1a: Sneasler|1\n|-damage|p1a: Sneasler|70/100\n|-unboost|p2b: Tauros|def|1\n|-unboost|p2b: Tauros|spd|1\n|-enditem|p2b: Tauros|White Herb\n|-clearnegativeboost|p2b: Tauros|[silent]\n|\n|-weather|Snowscape|[upkeep]\n|upkeep\n|turn|2\n|\n|t:|1776644423\n|switch|p1b: Charizard|Charizard, L50, F|100/100\n|move|p2a: Whimsicott|Encore||[still]\n|-fail|p2a: Whimsicott\n|move|p1a: Sneasler|Dire Claw|p2a: Whimsicott\n|-supereffective|p2a: Whimsicott|2\n|-damage|p2a: Whimsicott|0 fnt\n|faint|p2a: Whimsicott\n|move|p2b: Tauros|Iron Head|p1b: Charizard\n|-resisted|p1b: Charizard|1\n|-damage|p1b: Charizard|91/100\n|\n|-weather|Snowscape|[upkeep]\n|upkeep\n|\n|t:|1776644439\n|switch|p2a: Dragapult|Dragapult, L50, F|100/100\n|turn|3\n|\n|t:|1776644469\n|switch|p1a: Ninetales|Ninetales-Alola, L50, F|100/100\n|switch|p2b: Scovillain|Scovillain, L50, F|100/100\n|detailschange|p1b: Charizard|Charizard-Mega-X, L50, F\n|-mega|p1b: Charizard|Charizard|Charizardite X\n|move|p1b: Charizard|Protect|p1b: Charizard\n|-singleturn|p1b: Charizard|Protect\n|move|p2a: Dragapult|Dragon Claw|p1b: Charizard\n|-activate|p1b: Charizard|move: Protect\n|\n|-weather|Snowscape|[upkeep]\n|-ability|p2b: Scovillain|Moody|boost\n|-boost|p2b: Scovillain|atk|2\n|-unboost|p2b: Scovillain|def|1\n|upkeep\n|turn|4\n|\n|t:|1776644498\n|switch|p1b: Sneasler|Sneasler, L50, M|70/100\n|move|p2a: Dragapult|Dragon Claw|p1b: Sneasler\n|-damage|p1b: Sneasler|14/100\n|move|p1a: Ninetales|Blizzard|p2a: Dragapult|[spread] p2a,p2b\n|-supereffective|p2a: Dragapult|1\n|-damage|p2a: Dragapult|8/100\n|-damage|p2b: Scovillain|56/100\n|-status|p2a: Dragapult|frz\n|-status|p2b: Scovillain|frz\n|-curestatus|p2b: Scovillain|frz|[from] move: Flare Blitz\n|move|p2b: Scovillain|Flare Blitz|p1a: Ninetales\n|-supereffective|p1a: Ninetales|1\n|-enditem|p1a: Ninetales|Focus Sash\n|-damage|p1a: Ninetales|1/100\n|-damage|p2b: Scovillain|28/100|[from] Recoil\n|\n|-weather|Snowscape|[upkeep]\n|-ability|p2b: Scovillain|Moody|boost\n|-boost|p2b: Scovillain|spa|2\n|-unboost|p2b: Scovillain|spd|1\n|upkeep\n|turn|5\n|inactive|Battle timer is ON: inactive players will automatically lose when time's up. (requested by Romulu5)\n|\n|t:|1776644545\n|detailschange|p2b: Scovillain|Scovillain-Mega, L50, F\n|-mega|p2b: Scovillain|Scovillain|Scovillainite\n|move|p1b: Sneasler|Fake Out|p2a: Dragapult\n|-immune|p2a: Dragapult\n|cant|p2a: Dragapult|frz\n|move|p1a: Ninetales|Blizzard|p2b: Scovillain|[spread] p2a,p2b\n|-supereffective|p2a: Dragapult|1\n|-damage|p2a: Dragapult|0 fnt\n|-damage|p2b: Scovillain|0 fnt\n|-status|p1a: Ninetales|brn|[from] ability: Spicy Spray|[of] p2b: Scovillain\n|faint|p2a: Dragapult\n|faint|p2b: Scovillain\n|\n|-weather|none\n|-damage|p1a: Ninetales|0 fnt|[from] brn\n|faint|p1a: Ninetales\n|-sideend|p1: Romulu5|move: Aurora Veil\n|upkeep\n|\n|t:|1776644564\n|switch|p1a: Sinistcha|Sinistcha, L50|100/100\n|switch|p2b: Tauros|Tauros-Paldea-Aqua, L50, M|100/100\n|-ability|p2b: Tauros|Intimidate|boost\n|-unboost|p1a: Sinistcha|atk|1\n|-unboost|p1b: Sneasler|atk|1\n|-heal|p1b: Sneasler|39/100|[from] ability: Hospitality|[of] p1a: Sinistcha\n|turn|6\n|\n|t:|1776644577\n|switch|p1b: Charizard|Charizard-Mega-X, L50, F|91/100\n|move|p2b: Tauros|Wave Crash|p1b: Charizard\n|-damage|p1b: Charizard|49/100\n|-damage|p2b: Tauros|86/100|[from] Recoil\n|move|p1a: Sinistcha|Matcha Gotcha|p2b: Tauros\n|-supereffective|p2b: Tauros|1\n|-damage|p2b: Tauros|0 fnt\n|faint|p2b: Tauros\n|\n|win|Romulu5\n|raw|Romulu5's rating: 1045 &rarr; <strong>1080</strong><br />(+35 for winning)\n|raw|WeMeHi's rating: 1059 &rarr; <strong>1039</strong><br />(-20 for losing)\n|l|\u2606WeMeHi\n|player|p2|\n",
  "uploadtime": 1776644591,
  "views": 21,
  "formatid": "gen9championsvgc2026regma",
  "rating": 1039,
  "private": 0,
  "password": null
}