{
  "id": "gen9championsvgc2026regma-2584722558",
  "format": "[Gen 9 Champions] VGC 2026 Reg M-A",
  "players": [
    "GeNHellFire",
    "john gcv"
  ],
  "log": "|j|\u2606GeNHellFire\n|j|\u2606john gcv\n|t:|1776279102\n|gametype|doubles\n|player|p1|GeNHellFire|clown|1236\n|player|p2|john gcv|hilbert-wonderlauncher|1165\n|gen|9\n|tier|[Gen 9 Champions] VGC 2026 Reg M-A\n|rated|\n|rule|Species Clause: Limit one of each Pok\u00e9mon\n|rule|Item Clause: Limit 1 of each item\n|clearpoke\n|poke|p1|Starmie, L50|\n|poke|p1|Sneasler, L50, M|\n|poke|p1|Talonflame, L50, F|\n|poke|p1|Ninetales-Alola, L50, F|\n|poke|p1|Basculegion, L50, M|\n|poke|p1|Sableye, L50, M|\n|poke|p2|Charizard, L50, M|\n|poke|p2|Venusaur, L50, M|\n|poke|p2|Basculegion, L50, M|\n|poke|p2|Mamoswine, L50, F|\n|poke|p2|Incineroar, L50, M|\n|poke|p2|Farigiraf, L50, M|\n|teampreview|4\n|inactive|Battle timer is ON: inactive players will automatically lose when time's up. (requested by GeNHellFire)\n|inactive|john gcv has 60 seconds left.\n|\n|t:|1776279151\n|teamsize|p1|4\n|teamsize|p2|4\n|start\n|switch|p1a: Starmie|Starmie, L50, shiny|100/100\n|switch|p1b: Sneasler|Sneasler, L50, M, shiny|100/100\n|switch|p2a: Farigiraf|Farigiraf, L50, M|100/100\n|switch|p2b: Basculegion|Basculegion, L50, M|100/100\n|turn|1\n|inactive|GeNHellFire has 30 seconds left.\n|inactive|john gcv has 30 seconds left.\n|inactive|john gcv has 20 seconds left.\n|\n|t:|1776279189\n|switch|p1b: Ninetales|Ninetales-Alola, L50, F|100/100\n|-weather|Snowscape|[from] ability: Snow Warning|[of] p1b: Ninetales\n|detailschange|p1a: Starmie|Starmie-Mega, L50, shiny\n|-mega|p1a: Starmie|Starmie|Starminite\n|move|p2b: Basculegion|Wave Crash|p1b: Ninetales\n|-damage|p1b: Ninetales|29/100\n|-damage|p2b: Basculegion|83/100|[from] Recoil\n|move|p1a: Starmie|Liquidation|p2a: Farigiraf\n|-damage|p2a: Farigiraf|17/100\n|move|p2a: Farigiraf|Psychic|p1b: Ninetales\n|-damage|p1b: Ninetales|0 fnt\n|faint|p1b: Ninetales\n|\n|-weather|Snowscape|[upkeep]\n|upkeep\n|\n|t:|1776279205\n|switch|p1b: Basculegion|Basculegion, L50, M, shiny|100/100\n|turn|2\n|\n|t:|1776279221\n|switch|p2b: Venusaur|Venusaur, L50, M|100/100\n|move|p2a: Farigiraf|Protect|p2a: Farigiraf\n|-singleturn|p2a: Farigiraf|Protect\n|move|p1b: Basculegion|Flip Turn|p2a: Farigiraf\n|-activate|p2a: Farigiraf|move: Protect\n|move|p1a: Starmie|Psycho Cut|p2b: Venusaur\n|-supereffective|p2b: Venusaur|1\n|-crit|p2b: Venusaur\n|-enditem|p2b: Venusaur|Focus Sash\n|-damage|p2b: Venusaur|1/100\n|\n|-weather|Snowscape|[upkeep]\n|upkeep\n|turn|3\n|inactive|GeNHellFire has 30 seconds left.\n|\n|t:|1776279248\n|move|p1b: Basculegion|Flip Turn|p2a: Farigiraf\n|-damage|p2a: Farigiraf|0 fnt\n|faint|p2a: Farigiraf\n|\n|t:|1776279252\n|switch|p1b: Sneasler|Sneasler, L50, M, shiny|100/100|[from] Flip Turn\n|move|p1a: Starmie|Liquidation|p2b: Venusaur\n|-resisted|p2b: Venusaur|1\n|-damage|p2b: Venusaur|0 fnt\n|faint|p2b: Venusaur\n|\n|-weather|Snowscape|[upkeep]\n|upkeep\n|\n|t:|1776279259\n|switch|p2b: Charizard|Charizard, L50, M|100/100\n|switch|p2a: Basculegion|Basculegion, L50, M|83/100\n|turn|4\n|\n|t:|1776279280\n|detailschange|p2b: Charizard|Charizard-Mega-Y, L50, M\n|-mega|p2b: Charizard|Charizard|Charizardite Y\n|-weather|SunnyDay|[from] ability: Drought|[of] p2b: Charizard\n|move|p2b: Charizard|Protect|p2b: Charizard\n|-singleturn|p2b: Charizard|Protect\n|move|p1b: Sneasler|Fake Out|p2b: Charizard\n|-activate|p2b: Charizard|move: Protect\n|move|p2a: Basculegion|Last Respects|p1b: Sneasler\n|-damage|p1b: Sneasler|0 fnt\n|faint|p1b: Sneasler\n|move|p1a: Starmie|Liquidation|p2b: Charizard\n|-activate|p2b: Charizard|move: Protect\n|\n|-weather|SunnyDay|[upkeep]\n|upkeep\n|\n|t:|1776279294\n|switch|p1b: Basculegion|Basculegion, L50, M, shiny|100/100\n|turn|5\n|\n|t:|1776279306\n|move|p2a: Basculegion|Last Respects|p1b: Basculegion\n|-supereffective|p1b: Basculegion|1\n|-damage|p1b: Basculegion|0 fnt\n|faint|p1b: Basculegion\n|move|p1a: Starmie|Liquidation|p2b: Charizard\n|-supereffective|p2b: Charizard|1\n|-damage|p2b: Charizard|0 fnt\n|faint|p2b: Charizard\n|\n|-weather|SunnyDay|[upkeep]\n|upkeep\n|turn|6\n|\n|t:|1776279322\n|move|p2a: Basculegion|Last Respects|p1a: Starmie\n|-supereffective|p1a: Starmie|1\n|-damage|p1a: Starmie|0 fnt\n|faint|p1a: Starmie\n|\n|win|john gcv\n|raw|GeNHellFire's rating: 1236 &rarr; <strong>1206</strong><br />(-30 for losing)\n|raw|john gcv's rating: 1165 &rarr; <strong>1195</strong><br />(+30 for winning)\n|l|\u2606GeNHellFire\n|player|p1|\n",
  "uploadtime": 1776279328,
  "views": 33,
  "formatid": "gen9championsvgc2026regma",
  "rating": 1195,
  "private": 0,
  "password": null
}