{
  "id": "gen9championsvgc2026regma-2581910898",
  "format": "[Gen 9 Champions] VGC 2026 Reg M-A",
  "players": [
    "Jmoneyzzzzz",
    "JetJaguar2142"
  ],
  "log": "|j|\u2606Jmoneyzzzzz\n|j|\u2606JetJaguar2142\n|t:|1776038987\n|gametype|doubles\n|player|p1|Jmoneyzzzzz|101|1217\n|player|p2|JetJaguar2142|harlequin|1225\n|gen|9\n|tier|[Gen 9 Champions] VGC 2026 Reg M-A\n|rated|\n|rule|Species Clause: Limit one of each Pok\u00e9mon\n|rule|Item Clause: Limit 1 of each item\n|clearpoke\n|poke|p1|Tyranitar, L50, M|\n|poke|p1|Excadrill, L50, M|\n|poke|p1|Sneasler, L50, F|\n|poke|p1|Garchomp, L50, F|\n|poke|p1|Sinistcha, L50|\n|poke|p1|Rotom-Wash, L50|\n|poke|p2|Tyranitar, L50, M|\n|poke|p2|Corviknight, L50, F|\n|poke|p2|Sneasler, L50, F|\n|poke|p2|Incineroar, L50, F|\n|poke|p2|Excadrill, L50, F|\n|poke|p2|Sinistcha, L50|\n|teampreview|4\n|inactive|Battle timer is ON: inactive players will automatically lose when time's up. (requested by JetJaguar2142)\n|\n|t:|1776039027\n|teamsize|p1|4\n|teamsize|p2|4\n|start\n|switch|p1a: Rotom|Rotom-Wash, L50|100/100\n|switch|p1b: Tyranitar|Tyranitar, L50, M|100/100\n|switch|p2a: Tyranitar|Tyranitar, L50, M|100/100\n|switch|p2b: Sneasler|Sneasler, L50, F|100/100\n|-weather|Sandstorm|[from] ability: Sand Stream|[of] p2a: Tyranitar\n|turn|1\n|inactive|Jmoneyzzzzz has 30 seconds left.\n|inactive|JetJaguar2142 has 30 seconds left.\n|inactive|JetJaguar2142 has 20 seconds left.\n|\n|t:|1776039064\n|detailschange|p2a: Tyranitar|Tyranitar-Mega, L50, M\n|-mega|p2a: Tyranitar|Tyranitar|Tyranitarite\n|move|p1b: Tyranitar|Protect|p1b: Tyranitar\n|-singleturn|p1b: Tyranitar|Protect\n|move|p2b: Sneasler|Fake Out|p1a: Rotom\n|-damage|p1a: Rotom|85/100\n|cant|p1a: Rotom|flinch\n|move|p2a: Tyranitar|Low Kick|p1b: Tyranitar\n|-activate|p1b: Tyranitar|move: Protect\n|\n|-weather|Sandstorm|[upkeep]\n|-damage|p2b: Sneasler|95/100|[from] Sandstorm\n|-damage|p1a: Rotom|79/100|[from] Sandstorm\n|-heal|p1a: Rotom|85/100|[from] item: Leftovers\n|upkeep\n|turn|2\n|inactive|Jmoneyzzzzz has 30 seconds left.\n|inactive|JetJaguar2142 has 30 seconds left.\n|\n|t:|1776039096\n|switch|p1b: Garchomp|Garchomp, L50, F|100/100\n|move|p2a: Tyranitar|Protect|p2a: Tyranitar\n|-singleturn|p2a: Tyranitar|Protect\n|move|p2b: Sneasler|Close Combat|p1b: Garchomp\n|-damage|p1b: Garchomp|42/100\n|-unboost|p2b: Sneasler|def|1\n|-unboost|p2b: Sneasler|spd|1\n|-enditem|p2b: Sneasler|White Herb\n|-clearnegativeboost|p2b: Sneasler|[silent]\n|move|p1a: Rotom|Will-O-Wisp|p2b: Sneasler\n|-status|p2b: Sneasler|brn\n|\n|-weather|Sandstorm|[upkeep]\n|-damage|p2b: Sneasler|89/100 brn|[from] Sandstorm\n|-damage|p1a: Rotom|79/100|[from] Sandstorm\n|-heal|p1a: Rotom|85/100|[from] item: Leftovers\n|-damage|p2b: Sneasler|83/100 brn|[from] brn\n|upkeep\n|turn|3\n|inactive|Jmoneyzzzzz has 30 seconds left.\n|inactive|JetJaguar2142 has 30 seconds left.\n|inactive|JetJaguar2142 has 20 seconds left.\n|inactive|JetJaguar2142 has 15 seconds left.\n|\n|t:|1776039139\n|switch|p2a: Incineroar|Incineroar, L50, F|100/100\n|-ability|p2a: Incineroar|Intimidate|boost\n|-unboost|p1a: Rotom|atk|1\n|-unboost|p1b: Garchomp|atk|1\n|move|p2b: Sneasler|Close Combat|p1b: Garchomp|[miss]\n|-miss|p2b: Sneasler|p1b: Garchomp\n|move|p1b: Garchomp|Earthquake|p2b: Sneasler|[spread] p2a,p2b\n|-immune|p1a: Rotom|[from] ability: Levitate\n|-supereffective|p2a: Incineroar|1\n|-enditem|p2a: Incineroar|Shuca Berry|[eat]\n|-enditem|p2a: Incineroar|Shuca Berry|[weaken]\n|-supereffective|p2b: Sneasler|1\n|-damage|p2a: Incineroar|79/100\n|-damage|p2b: Sneasler|2/100 brn\n|move|p1a: Rotom|Will-O-Wisp|p2a: Incineroar\n|-immune|p2a: Incineroar\n|\n|-weather|Sandstorm|[upkeep]\n|-damage|p2b: Sneasler|0 fnt|[from] Sandstorm\n|-damage|p1a: Rotom|79/100|[from] Sandstorm\n|-damage|p2a: Incineroar|74/100|[from] Sandstorm\n|faint|p2b: Sneasler\n|-heal|p1a: Rotom|85/100|[from] item: Leftovers\n|upkeep\n|inactive|JetJaguar2142 has 30 seconds left.\n|\n|t:|1776039164\n|switch|p2b: Excadrill|Excadrill, L50, F|100/100\n|turn|4\n|inactive|Jmoneyzzzzz has 30 seconds left.\n|\n|t:|1776039192\n|move|p1b: Garchomp|Protect|p1b: Garchomp\n|-singleturn|p1b: Garchomp|Protect\n|move|p2a: Incineroar|Fake Out|p1a: Rotom\n|-damage|p1a: Rotom|71/100\n|move|p2b: Excadrill|High Horsepower|p1b: Garchomp\n|-activate|p1b: Garchomp|move: Protect\n|cant|p1a: Rotom|flinch\n|\n|-weather|Sandstorm|[upkeep]\n|-damage|p1a: Rotom|65/100|[from] Sandstorm\n|-damage|p2a: Incineroar|68/100|[from] Sandstorm\n|-heal|p1a: Rotom|71/100|[from] item: Leftovers\n|upkeep\n|turn|5\n|inactive|Jmoneyzzzzz has 30 seconds left.\n|inactive|Jmoneyzzzzz has 20 seconds left.\n|\n|t:|1776039229\n|switch|p1b: Sinistcha|Sinistcha, L50|100/100\n|-heal|p1a: Rotom|95/100|[from] ability: Hospitality|[of] p1b: Sinistcha\n|move|p2b: Excadrill|High Horsepower|p1b: Sinistcha\n|-resisted|p1b: Sinistcha|1\n|-damage|p1b: Sinistcha|81/100\n|move|p1a: Rotom|Hydro Pump|p2a: Incineroar\n|-supereffective|p2a: Incineroar|1\n|-damage|p2a: Incineroar|0 fnt\n|faint|p2a: Incineroar\n|\n|-weather|none\n|-heal|p1a: Rotom|100/100|[from] item: Leftovers\n|upkeep\n|\n|t:|1776039243\n|switch|p2a: Tyranitar|Tyranitar-Mega, L50, M|100/100\n|-weather|Sandstorm|[from] ability: Sand Stream|[of] p2a: Tyranitar\n|turn|6\n|\n|t:|1776039258\n|move|p2b: Excadrill|Protect|p2b: Excadrill\n|-singleturn|p2b: Excadrill|Protect\n|move|p1a: Rotom|Will-O-Wisp|p2a: Tyranitar\n|-status|p2a: Tyranitar|brn\n|move|p2a: Tyranitar|Crunch|p1b: Sinistcha\n|-supereffective|p1b: Sinistcha|1\n|-damage|p1b: Sinistcha|47/100\n|-enditem|p1b: Sinistcha|Sitrus Berry|[eat]\n|-heal|p1b: Sinistcha|72/100|[from] item: Sitrus Berry\n|move|p1b: Sinistcha|Matcha Gotcha|p2a: Tyranitar|[spread] p2a\n|-activate|p2b: Excadrill|move: Protect\n|-supereffective|p2a: Tyranitar|1\n|-damage|p2a: Tyranitar|77/100 brn\n|-heal|p1b: Sinistcha|85/100|[from] drain|[of] p2a: Tyranitar\n|\n|-weather|Sandstorm|[upkeep]\n|-damage|p1a: Rotom|95/100|[from] Sandstorm\n|-damage|p1b: Sinistcha|79/100|[from] Sandstorm\n|-heal|p1a: Rotom|100/100|[from] item: Leftovers\n|-damage|p2a: Tyranitar|71/100 brn|[from] brn\n|upkeep\n|turn|7\n|-message|JetJaguar2142 forfeited.\n|\n|win|Jmoneyzzzzz\n|raw|Jmoneyzzzzz's rating: 1217 &rarr; <strong>1243</strong><br />(+26 for winning)\n|raw|JetJaguar2142's rating: 1225 &rarr; <strong>1199</strong><br />(-26 for losing)\n|l|\u2606JetJaguar2142\n|player|p2|\n",
  "uploadtime": 1776039281,
  "views": 19,
  "formatid": "gen9championsvgc2026regma",
  "rating": 1199,
  "private": 0,
  "password": null
}