{
  "id": "gen9championsvgc2026regma-2581847498",
  "format": "[Gen 9 Champions] VGC 2026 Reg M-A",
  "players": [
    "jeigan for smash",
    "pikachufan7943"
  ],
  "log": "|j|\u2606jeigan for smash\n|j|\u2606pikachufan7943\n|t:|1776033349\n|gametype|doubles\n|player|p1|jeigan for smash|giovanni|1365\n|player|p2|pikachufan7943|pokekid|1363\n|gen|9\n|tier|[Gen 9 Champions] VGC 2026 Reg M-A\n|rated|\n|rule|Species Clause: Limit one of each Pok\u00e9mon\n|rule|Item Clause: Limit 1 of each item\n|clearpoke\n|poke|p1|Tyranitar, L50, M|\n|poke|p1|Excadrill, L50, M|\n|poke|p1|Sinistcha, L50|\n|poke|p1|Rotom-Wash, L50|\n|poke|p1|Incineroar, L50, F|\n|poke|p1|Floette-Eternal, L50, F|\n|poke|p2|Garchomp, L50, F|\n|poke|p2|Delphox, L50, M|\n|poke|p2|Aerodactyl, L50, F|\n|poke|p2|Sneasler, L50, M|\n|poke|p2|Aegislash, L50, F|\n|poke|p2|Sinistcha, L50|\n|teampreview|4\n|inactive|Battle timer is ON: inactive players will automatically lose when time's up. (requested by jeigan for smash)\n|j| faetaso\n|inactive|jeigan for smash has 60 seconds left.\n|inactive|pikachufan7943 has 60 seconds left.\n|\n|t:|1776033395\n|teamsize|p1|4\n|teamsize|p2|4\n|start\n|switch|p1a: Floette|Floette-Eternal, L50, F|100/100\n|switch|p1b: Incineroar|Incineroar, L50, F|100/100\n|switch|p2a: Sneasler|Sneasler, L50, M|100/100\n|switch|p2b: Aegislash|Aegislash, L50, F|100/100\n|-ability|p1b: Incineroar|Intimidate|boost\n|-unboost|p2a: Sneasler|atk|1\n|-unboost|p2b: Aegislash|atk|1\n|-enditem|p2a: Sneasler|White Herb\n|-clearnegativeboost|p2a: Sneasler|[silent]\n|turn|1\n|\n|t:|1776033408\n|switch|p1a: Excadrill|Excadrill, L50, M|100/100\n|move|p2a: Sneasler|Fake Out|p1a: Excadrill\n|-resisted|p1a: Excadrill|1\n|-damage|p1a: Excadrill|91/100\n|move|p1b: Incineroar|Parting Shot|p2a: Sneasler\n|-unboost|p2a: Sneasler|atk|1\n|-unboost|p2a: Sneasler|spa|1\n|\n|t:|1776033417\n|switch|p1b: Tyranitar|Tyranitar, L50, M|100/100|[from] Parting Shot\n|-weather|Sandstorm|[from] ability: Sand Stream|[of] p1b: Tyranitar\n|move|p2b: Aegislash|Substitute|p2b: Aegislash\n|-start|p2b: Aegislash|Substitute\n|-damage|p2b: Aegislash|76/100\n|\n|-weather|Sandstorm|[upkeep]\n|-damage|p2a: Sneasler|95/100|[from] Sandstorm\n|-heal|p2b: Aegislash|82/100|[from] item: Leftovers\n|upkeep\n|turn|2\n|\n|t:|1776033434\n|switch|p2a: Garchomp|Garchomp, L50, F|100/100\n|move|p1b: Tyranitar|Protect|p1b: Tyranitar\n|-singleturn|p1b: Tyranitar|Protect\n|move|p2b: Aegislash|King's Shield|p2b: Aegislash\n|-singleturn|p2b: Aegislash|Protect\n|move|p1a: Excadrill|Earthquake|p2a: Garchomp|[spread] p2a\n|-activate|p1b: Tyranitar|move: Protect\n|-activate|p2b: Aegislash|move: Protect\n|-damage|p2a: Garchomp|60/100\n|\n|-weather|Sandstorm|[upkeep]\n|-heal|p2b: Aegislash|88/100|[from] item: Leftovers\n|upkeep\n|turn|3\n|inactive|pikachufan7943 has 30 seconds left.\n|inactive|pikachufan7943 has 20 seconds left.\n|inactive|pikachufan7943 has 15 seconds left.\n|\n|t:|1776033474\n|switch|p1a: Floette|Floette-Eternal, L50, F|100/100\n|switch|p1b: Incineroar|Incineroar, L50, F|100/100\n|-ability|p1b: Incineroar|Intimidate|boost\n|-unboost|p2a: Garchomp|atk|1\n|-immune|p2b: Aegislash\n|move|p2a: Garchomp|Protect|p2a: Garchomp\n|-singleturn|p2a: Garchomp|Protect\n|-formechange|p2b: Aegislash|Aegislash-Blade|\n|move|p2b: Aegislash|Flash Cannon|p1b: Incineroar\n|-resisted|p1b: Incineroar|1\n|-damage|p1b: Incineroar|77/100\n|\n|-weather|Sandstorm|[upkeep]\n|-damage|p1a: Floette|94/100|[from] Sandstorm\n|-damage|p1b: Incineroar|71/100|[from] Sandstorm\n|-heal|p2b: Aegislash|94/100|[from] item: Leftovers\n|upkeep\n|turn|4\n|\n|t:|1776033498\n|switch|p2a: Sneasler|Sneasler, L50, M|95/100\n|move|p1a: Floette|Protect|p1a: Floette\n|-singleturn|p1a: Floette|Protect\n|move|p1b: Incineroar|Parting Shot|p2b: Aegislash\n|-unboost|p2b: Aegislash|atk|1\n|-unboost|p2b: Aegislash|spa|1\n|\n|t:|1776033510\n|switch|p1b: Excadrill|Excadrill, L50, M|91/100|[from] Parting Shot\n|move|p2b: Aegislash|Flash Cannon|p1a: Floette\n|-activate|p1a: Floette|move: Protect\n|\n|-weather|Sandstorm|[upkeep]\n|-damage|p2a: Sneasler|89/100|[from] Sandstorm\n|-damage|p1a: Floette|88/100|[from] Sandstorm\n|-heal|p2b: Aegislash|99/100|[from] item: Leftovers\n|upkeep\n|turn|5\n|\n|t:|1776033524\n|switch|p1a: Incineroar|Incineroar, L50, F|71/100\n|-ability|p1a: Incineroar|Intimidate|boost\n|-unboost|p2a: Sneasler|atk|1\n|-immune|p2b: Aegislash\n|move|p2a: Sneasler|Fake Out|p1b: Excadrill\n|-resisted|p1b: Excadrill|1\n|-damage|p1b: Excadrill|84/100\n|cant|p1b: Excadrill|flinch\n|move|p2b: Aegislash|Shadow Ball|p1b: Excadrill\n|-damage|p1b: Excadrill|41/100\n|\n|-weather|none\n|-heal|p2b: Aegislash|100/100|[from] item: Leftovers\n|upkeep\n|turn|6\n|inactive|pikachufan7943 has 30 seconds left.\n|\n|t:|1776033556\n|switch|p2a: Garchomp|Garchomp, L50, F|60/100\n|move|p1b: Excadrill|Protect|p1b: Excadrill\n|-singleturn|p1b: Excadrill|Protect\n|move|p1a: Incineroar|Parting Shot|p2b: Aegislash\n|-unboost|p2b: Aegislash|atk|1\n|-unboost|p2b: Aegislash|spa|1\n|\n|t:|1776033566\n|switch|p1a: Floette|Floette-Eternal, L50, F|88/100|[from] Parting Shot\n|move|p2b: Aegislash|Shadow Ball|p1b: Excadrill\n|-activate|p1b: Excadrill|move: Protect\n|\n|upkeep\n|turn|7\n|\n|t:|1776033587\n|switch|p1b: Incineroar|Incineroar, L50, F|71/100\n|-ability|p1b: Incineroar|Intimidate|boost\n|-unboost|p2a: Garchomp|atk|1\n|-immune|p2b: Aegislash\n|detailschange|p1a: Floette|Floette-Mega, L50, F\n|-mega|p1a: Floette|Floette|Floettite\n|-ability|p1a: Floette|Fairy Aura\n|-formechange|p2b: Aegislash|Aegislash|\n|move|p2b: Aegislash|King's Shield|p2b: Aegislash\n|-singleturn|p2b: Aegislash|Protect\n|move|p2a: Garchomp|Earthquake|p1b: Incineroar|[spread] p1a,p1b\n|-activate|p2b: Aegislash|move: Protect\n|-supereffective|p1b: Incineroar|1\n|-damage|p1a: Floette|60/100\n|-damage|p1b: Incineroar|35/100\n|move|p1a: Floette|Calm Mind|p1a: Floette\n|-boost|p1a: Floette|spa|1\n|-boost|p1a: Floette|spd|1\n|\n|upkeep\n|turn|8\n|inactive|pikachufan7943 has 30 seconds left.\n|\n|t:|1776033615\n|switch|p1b: Tyranitar|Tyranitar, L50, M|100/100\n|-weather|Sandstorm|[from] ability: Sand Stream|[of] p1b: Tyranitar\n|move|p2a: Garchomp|Rock Slide|p1b: Tyranitar|[spread] p1b\n|-miss|p2a: Garchomp|p1a: Floette\n|-damage|p1b: Tyranitar|90/100\n|move|p1a: Floette|Dazzling Gleam|p2b: Aegislash|[spread] p2a,p2b\n|-resisted|p2b: Aegislash|1\n|-end|p2b: Aegislash|Substitute\n|-supereffective|p2a: Garchomp|1\n|-damage|p2a: Garchomp|0 fnt\n|faint|p2a: Garchomp\n|-formechange|p2b: Aegislash|Aegislash-Blade|\n|move|p2b: Aegislash|Flash Cannon|p1a: Floette\n|-supereffective|p1a: Floette|1\n|-damage|p1a: Floette|39/100\n|\n|-weather|Sandstorm|[upkeep]\n|-damage|p1a: Floette|33/100|[from] Sandstorm\n|upkeep\n|\n|t:|1776033627\n|switch|p2a: Delphox|Delphox, L50, M|100/100\n|turn|9\n|\n|t:|1776033641\n|switch|p2b: Sneasler|Sneasler, L50, M|89/100\n|detailschange|p2a: Delphox|Delphox-Mega, L50, M\n|-mega|p2a: Delphox|Delphox|Delphoxite\n|move|p2a: Delphox|Protect|p2a: Delphox\n|-singleturn|p2a: Delphox|Protect\n|move|p1a: Floette|Protect|p1a: Floette\n|-singleturn|p1a: Floette|Protect\n|move|p1b: Tyranitar|Knock Off|p2a: Delphox\n|-activate|p2a: Delphox|move: Protect\n|\n|-weather|Sandstorm|[upkeep]\n|-damage|p2a: Delphox|95/100|[from] Sandstorm\n|-damage|p2b: Sneasler|83/100|[from] Sandstorm\n|-damage|p1a: Floette|27/100|[from] Sandstorm\n|upkeep\n|turn|10\n|\n|t:|1776033663\n|switch|p1a: Incineroar|Incineroar, L50, F|35/100\n|-ability|p1a: Incineroar|Intimidate|boost\n|-unboost|p2a: Delphox|atk|1\n|-unboost|p2b: Sneasler|atk|1\n|move|p1b: Tyranitar|Protect|p1b: Tyranitar\n|-singleturn|p1b: Tyranitar|Protect\n|move|p2a: Delphox|Heat Wave|p1a: Incineroar|[spread] p1a\n|-activate|p1b: Tyranitar|move: Protect\n|-resisted|p1a: Incineroar|1\n|-damage|p1a: Incineroar|14/100\n|move|p2b: Sneasler|Close Combat|p1b: Tyranitar\n|-activate|p1b: Tyranitar|move: Protect\n|\n|-weather|Sandstorm|[upkeep]\n|-damage|p2a: Delphox|89/100|[from] Sandstorm\n|-damage|p2b: Sneasler|77/100|[from] Sandstorm\n|-damage|p1a: Incineroar|8/100|[from] Sandstorm\n|upkeep\n|turn|11\n|\n|t:|1776033681\n|switch|p2b: Aegislash|Aegislash, L50, F|100/100\n|move|p2a: Delphox|Protect|p2a: Delphox\n|-singleturn|p2a: Delphox|Protect\n|move|p1a: Incineroar|Fake Out|p2b: Aegislash\n|-immune|p2b: Aegislash\n|move|p1b: Tyranitar|Rock Slide|p2a: Delphox|[spread] p2b\n|-activate|p2a: Delphox|move: Protect\n|-resisted|p2b: Aegislash|1\n|-damage|p2b: Aegislash|88/100\n|\n|-weather|Sandstorm|[upkeep]\n|-damage|p2a: Delphox|83/100|[from] Sandstorm\n|-damage|p1a: Incineroar|2/100|[from] Sandstorm\n|-heal|p2b: Aegislash|94/100|[from] item: Leftovers\n|upkeep\n|turn|12\n|inactive|jeigan for smash has 30 seconds left.\n|j| zane121\n|\n|t:|1776033714\n|switch|p2a: Sneasler|Sneasler, L50, M|77/100\n|move|p2b: Aegislash|King's Shield|p2b: Aegislash\n|-singleturn|p2b: Aegislash|Protect\n|move|p1b: Tyranitar|Rock Slide|p2a: Sneasler|[spread] p2a\n|-activate|p2b: Aegislash|move: Protect\n|-resisted|p2a: Sneasler|1\n|-damage|p2a: Sneasler|50/100\n|move|p1a: Incineroar|Parting Shot|p2b: Aegislash\n|-unboost|p2b: Aegislash|atk|1\n|-unboost|p2b: Aegislash|spa|1\n|j| wuhyun\n|\n|t:|1776033728\n|switch|p1a: Floette|Floette-Mega, L50, F|27/100|[from] Parting Shot\n|-ability|p1a: Floette|Fairy Aura\n|\n|-weather|none\n|-heal|p2b: Aegislash|99/100|[from] item: Leftovers\n|upkeep\n|turn|13\n|\n|t:|1776033747\n|switch|p1b: Incineroar|Incineroar, L50, F|2/100\n|-ability|p1b: Incineroar|Intimidate|boost\n|-unboost|p2a: Sneasler|atk|1\n|-unboost|p2b: Aegislash|atk|1\n|move|p2a: Sneasler|Fake Out|p1a: Floette\n|-damage|p1a: Floette|16/100\n|cant|p1a: Floette|flinch\n|move|p2b: Aegislash|Substitute|p2b: Aegislash\n|-start|p2b: Aegislash|Substitute\n|-damage|p2b: Aegislash|75/100\n|\n|-heal|p2b: Aegislash|81/100|[from] item: Leftovers\n|upkeep\n|turn|14\n|inactive|jeigan for smash has 30 seconds left.\n|inactive|pikachufan7943 has 30 seconds left.\n|inactive|pikachufan7943 has 20 seconds left.\n|\n|t:|1776033783\n|move|p2a: Sneasler|Dire Claw|p1a: Floette\n|-supereffective|p1a: Floette|1\n|-damage|p1a: Floette|0 fnt\n|faint|p1a: Floette\n|move|p1b: Incineroar|Parting Shot|p2b: Aegislash\n|-unboost|p2b: Aegislash|atk|1\n|-unboost|p2b: Aegislash|spa|1\n|\n|t:|1776033791\n|switch|p1b: Tyranitar|Tyranitar, L50, M|90/100|[from] Parting Shot\n|-weather|Sandstorm|[from] ability: Sand Stream|[of] p1b: Tyranitar\n|-formechange|p2b: Aegislash|Aegislash-Blade|\n|move|p2b: Aegislash|Flash Cannon|p1b: Tyranitar\n|-supereffective|p1b: Tyranitar|1\n|-damage|p1b: Tyranitar|62/100\n|\n|-weather|Sandstorm|[upkeep]\n|-damage|p2a: Sneasler|44/100|[from] Sandstorm\n|-heal|p2b: Aegislash|87/100|[from] item: Leftovers\n|upkeep\n|\n|t:|1776033810\n|switch|p1a: Excadrill|Excadrill, L50, M|41/100\n|turn|15\n|\n|t:|1776033828\n|switch|p1b: Incineroar|Incineroar, L50, F|2/100\n|-ability|p1b: Incineroar|Intimidate|boost\n|-unboost|p2a: Sneasler|atk|1\n|-immune|p2b: Aegislash\n|move|p1a: Excadrill|High Horsepower|p2a: Sneasler\n|-supereffective|p2a: Sneasler|1\n|-damage|p2a: Sneasler|0 fnt\n|faint|p2a: Sneasler\n|move|p2b: Aegislash|Shadow Ball|p1a: Excadrill\n|-damage|p1a: Excadrill|5/100\n|\n|-weather|Sandstorm|[upkeep]\n|-damage|p1b: Incineroar|0 fnt|[from] Sandstorm\n|faint|p1b: Incineroar\n|-heal|p2b: Aegislash|93/100|[from] item: Leftovers\n|upkeep\n|\n|t:|1776033843\n|switch|p2a: Delphox|Delphox-Mega, L50, M|83/100\n|switch|p1b: Tyranitar|Tyranitar, L50, M|62/100\n|turn|16\n|\n|t:|1776033854\n|move|p1a: Excadrill|Protect|p1a: Excadrill\n|-singleturn|p1a: Excadrill|Protect\n|move|p2a: Delphox|Protect|p2a: Delphox\n|-singleturn|p2a: Delphox|Protect\n|move|p1b: Tyranitar|Protect|p1b: Tyranitar\n|-singleturn|p1b: Tyranitar|Protect\n|-formechange|p2b: Aegislash|Aegislash|\n|move|p2b: Aegislash|King's Shield||[still]\n|-fail|p2b: Aegislash\n|\n|-weather|Sandstorm|[upkeep]\n|-damage|p2a: Delphox|77/100|[from] Sandstorm\n|-heal|p2b: Aegislash|99/100|[from] item: Leftovers\n|upkeep\n|turn|17\n|j| Pimp Shrimp\n|inactive|pikachufan7943 has 30 seconds left.\n|l| wuhyun\n|inactive|pikachufan7943 has 20 seconds left.\n|inactive|pikachufan7943 has 15 seconds left.\n|inactive|pikachufan7943 has 10 seconds left.\n|inactive|pikachufan7943 has 5 seconds left.\n|\n|t:|1776033907\n|move|p1a: Excadrill|High Horsepower|p2a: Delphox\n|-immune|p2a: Delphox|[from] ability: Levitate\n|move|p2a: Delphox|Heat Wave|p1b: Tyranitar|[spread] p1a,p1b\n|-supereffective|p1a: Excadrill|1\n|-resisted|p1b: Tyranitar|1\n|-damage|p1a: Excadrill|0 fnt\n|-damage|p1b: Tyranitar|50/100\n|faint|p1a: Excadrill\n|move|p1b: Tyranitar|Knock Off|p2b: Aegislash\n|-supereffective|p2b: Aegislash|1\n|-end|p2b: Aegislash|Substitute\n|-formechange|p2b: Aegislash|Aegislash-Blade|\n|move|p2b: Aegislash|Flash Cannon|p1b: Tyranitar\n|-supereffective|p1b: Tyranitar|1\n|-damage|p1b: Tyranitar|23/100\n|\n|-weather|Sandstorm|[upkeep]\n|-damage|p2a: Delphox|71/100|[from] Sandstorm\n|-heal|p2b: Aegislash|100/100|[from] item: Leftovers\n|upkeep\n|turn|18\n|inactive|pikachufan7943 has 30 seconds left.\n|\n|t:|1776033924\n|move|p2a: Delphox|Protect|p2a: Delphox\n|-singleturn|p2a: Delphox|Protect\n|-formechange|p2b: Aegislash|Aegislash|\n|move|p2b: Aegislash|King's Shield|p2b: Aegislash\n|-singleturn|p2b: Aegislash|Protect\n|move|p1b: Tyranitar|Rock Slide|p2a: Delphox|[spread] \n|-activate|p2a: Delphox|move: Protect\n|-activate|p2b: Aegislash|move: Protect\n|\n|-weather|none\n|upkeep\n|turn|19\n|inactive|pikachufan7943 has 25 seconds left this turn.\n|inactive|pikachufan7943 has 20 seconds left.\n|inactive|pikachufan7943 has 15 seconds left.\n|\n|t:|1776033935\n|move|p2a: Delphox|Heat Wave|p1b: Tyranitar|[miss]\n|-miss|p2a: Delphox|p1b: Tyranitar\n|move|p1b: Tyranitar|Knock Off|p2b: Aegislash\n|-supereffective|p2b: Aegislash|1\n|-damage|p2b: Aegislash|9/100\n|-enditem|p2b: Aegislash|Leftovers|[from] move: Knock Off|[of] p1b: Tyranitar\n|-formechange|p2b: Aegislash|Aegislash-Blade|\n|move|p2b: Aegislash|Flash Cannon|p1b: Tyranitar\n|-supereffective|p1b: Tyranitar|1\n|-damage|p1b: Tyranitar|0 fnt\n|faint|p1b: Tyranitar\n|\n|win|pikachufan7943\n|raw|jeigan for smash's rating: 1365 &rarr; <strong>1345</strong><br />(-20 for losing)\n|raw|pikachufan7943's rating: 1363 &rarr; <strong>1383</strong><br />(+20 for winning)\n|l|\u2606jeigan for smash\n|player|p1|\n|l|\u2606pikachufan7943\n|player|p2|\n|l| faetaso\n",
  "uploadtime": 1776034129,
  "views": 22,
  "formatid": "gen9championsvgc2026regma",
  "rating": 1345,
  "private": 0,
  "password": null
}