{
  "id": "gen9championsvgc2026regma-2583845544",
  "format": "[Gen 9 Champions] VGC 2026 Reg M-A",
  "players": [
    "yuriimon",
    "nubex83"
  ],
  "log": "|j|\u2606yuriimon\n|j|\u2606nubex83\n|t:|1776202220\n|gametype|doubles\n|player|p1|yuriimon|waitress-gen4|1083\n|player|p2|nubex83|n|1068\n|gen|9\n|tier|[Gen 9 Champions] VGC 2026 Reg M-A\n|rated|\n|rule|Species Clause: Limit one of each Pok\u00e9mon\n|rule|Item Clause: Limit 1 of each item\n|clearpoke\n|poke|p1|Glimmora, L50, F|\n|poke|p1|Incineroar, L50, M|\n|poke|p1|Archaludon, L50, F|\n|poke|p1|Politoed, L50, M|\n|poke|p1|Basculegion, L50, M|\n|poke|p1|Chesnaught, L50, F|\n|poke|p2|Meganium, L50, F|\n|poke|p2|Starmie, L50|\n|poke|p2|Archaludon, L50, M|\n|poke|p2|Basculegion, L50, M|\n|poke|p2|Pelipper, L50, M|\n|poke|p2|Jolteon, L50, F|\n|teampreview|4\n|inactive|Battle timer is ON: inactive players will automatically lose when time's up. (requested by yuriimon)\n|inactive|yuriimon has 60 seconds left.\n|inactive|nubex83 has 60 seconds left.\n|inactive|yuriimon has 30 seconds left.\n|inactive|yuriimon has 20 seconds left.\n|\n|t:|1776202294\n|teamsize|p1|4\n|teamsize|p2|4\n|start\n|switch|p1a: Glimmora|Glimmora, L50, F|100/100\n|switch|p1b: Incineroar|Incineroar, L50, M|100/100\n|switch|p2a: Jolteon|Jolteon, L50, F|100/100\n|switch|p2b: Basculegion|Basculegion, L50, M|100/100\n|-ability|p1b: Incineroar|Intimidate|boost\n|-unboost|p2a: Jolteon|atk|1\n|-unboost|p2b: Basculegion|atk|1\n|turn|1\n|inactive|yuriimon has 30 seconds left.\n|\n|t:|1776202322\n|detailschange|p1a: Glimmora|Glimmora-Mega, L50, F\n|-mega|p1a: Glimmora|Glimmora|Glimmoranite\n|move|p1a: Glimmora|Protect|p1a: Glimmora\n|-singleturn|p1a: Glimmora|Protect\n|move|p1b: Incineroar|Fake Out|p2a: Jolteon\n|-damage|p2a: Jolteon|83/100\n|cant|p2a: Jolteon|flinch\n|move|p2b: Basculegion|Wave Crash|p1b: Incineroar\n|-supereffective|p1b: Incineroar|1\n|-damage|p1b: Incineroar|8/100\n|-enditem|p1b: Incineroar|Sitrus Berry|[eat]\n|-heal|p1b: Incineroar|33/100|[from] item: Sitrus Berry\n|-damage|p2b: Basculegion|69/100|[from] Recoil\n|\n|upkeep\n|turn|2\n|\n|t:|1776202344\n|switch|p1b: Archaludon|Archaludon, L50, F|100/100\n|move|p2a: Jolteon|Thunder Wave|p1a: Glimmora\n|-status|p1a: Glimmora|par\n|move|p2b: Basculegion|Wave Crash|p1b: Archaludon\n|-resisted|p1b: Archaludon|1\n|-damage|p1b: Archaludon|82/100\n|-ability|p1b: Archaludon|Stamina|boost\n|-boost|p1b: Archaludon|def|1\n|-damage|p2b: Basculegion|64/100|[from] Recoil\n|move|p1a: Glimmora|Earth Power|p2a: Jolteon\n|-supereffective|p2a: Jolteon|1\n|-damage|p2a: Jolteon|0 fnt\n|faint|p2a: Jolteon\n|\n|upkeep\n|\n|t:|1776202364\n|switch|p2a: Starmie|Starmie, L50|100/100\n|turn|3\n|inactive|yuriimon has 30 seconds left.\n|\n|t:|1776202396\n|detailschange|p2a: Starmie|Starmie-Mega, L50\n|-mega|p2a: Starmie|Starmie|Starminite\n|move|p1a: Glimmora|Protect|p1a: Glimmora\n|-singleturn|p1a: Glimmora|Protect\n|move|p2b: Basculegion|Wave Crash|p1a: Glimmora\n|-activate|p1a: Glimmora|move: Protect\n|move|p2a: Starmie|Ice Beam|p1b: Archaludon\n|-damage|p1b: Archaludon|43/100\n|-ability|p1b: Archaludon|Stamina|boost\n|-boost|p1b: Archaludon|def|1\n|move|p1b: Archaludon|Draco Meteor|p2a: Starmie\n|-damage|p2a: Starmie|24/100\n|-unboost|p1b: Archaludon|spa|2\n|\n|upkeep\n|turn|4\n|inactive|yuriimon has 30 seconds left.\n|inactive|nubex83 has 30 seconds left.\n|\n|t:|1776202424\n|switch|p2b: Pelipper|Pelipper, L50, M|100/100\n|-weather|RainDance|[from] ability: Drizzle|[of] p2b: Pelipper\n|switch|p1b: Basculegion|Basculegion, L50, M|100/100\n|switch|p1a: Incineroar|Incineroar, L50, M|33/100\n|-ability|p1a: Incineroar|Intimidate|boost\n|-unboost|p2a: Starmie|atk|1\n|-unboost|p2b: Pelipper|atk|1\n|move|p2a: Starmie|Liquidation|p1a: Incineroar\n|-supereffective|p1a: Incineroar|1\n|-damage|p1a: Incineroar|0 fnt\n|faint|p1a: Incineroar\n|\n|-weather|RainDance|[upkeep]\n|upkeep\n|\n|t:|1776202437\n|switch|p1a: Archaludon|Archaludon, L50, F|43/100\n|turn|5\n|\n|t:|1776202458\n|move|p2a: Starmie|Protect|p2a: Starmie\n|-singleturn|p2a: Starmie|Protect\n|move|p1b: Basculegion|Last Respects|p2a: Starmie\n|-activate|p2a: Starmie|move: Protect\n|move|p1a: Archaludon|Electro Shot||[still]\n|-prepare|p1a: Archaludon|Electro Shot\n|-boost|p1a: Archaludon|spa|1\n|-anim|p1a: Archaludon|Electro Shot|p2b: Pelipper\n|-supereffective|p2b: Pelipper|2\n|-damage|p2b: Pelipper|0 fnt\n|faint|p2b: Pelipper\n|\n|-weather|RainDance|[upkeep]\n|upkeep\n|\n|t:|1776202469\n|switch|p2b: Basculegion|Basculegion, L50, M|64/100\n|turn|6\n|\n|t:|1776202485\n|move|p1b: Basculegion|Last Respects|p2a: Starmie\n|-supereffective|p2a: Starmie|1\n|-damage|p2a: Starmie|0 fnt\n|faint|p2a: Starmie\n|move|p2b: Basculegion|Last Respects|p1a: Archaludon\n|-damage|p1a: Archaludon|0 fnt\n|faint|p1a: Archaludon\n|\n|-weather|RainDance|[upkeep]\n|upkeep\n|\n|t:|1776202492\n|switch|p1a: Glimmora|Glimmora-Mega, L50, F|100/100 par\n|turn|7\n|\n|t:|1776202501\n|move|p1b: Basculegion|Last Respects|p2b: Basculegion\n|-supereffective|p2b: Basculegion|1\n|-damage|p2b: Basculegion|0 fnt\n|faint|p2b: Basculegion\n|\n|win|yuriimon\n|raw|yuriimon's rating: 1083 &rarr; <strong>1109</strong><br />(+26 for winning)\n|raw|nubex83's rating: 1068 &rarr; <strong>1049</strong><br />(-19 for losing)\n|l|\u2606nubex83\n|player|p2|\n|c|\u2606yuriimon|ggwp\n",
  "uploadtime": 1776202509,
  "views": 16,
  "formatid": "gen9championsvgc2026regma",
  "rating": 1049,
  "private": 0,
  "password": null
}