{
  "id": "gen9championsvgc2026regma-2582993251",
  "format": "[Gen 9 Champions] VGC 2026 Reg M-A",
  "players": [
    "superboy245",
    "Flashcannon80"
  ],
  "log": "|j|\u2606superboy245\n|j|\u2606Flashcannon80\n|t:|1776131550\n|gametype|doubles\n|player|p1|superboy245|buck|1299\n|player|p2|Flashcannon80|169|1327\n|gen|9\n|tier|[Gen 9 Champions] VGC 2026 Reg M-A\n|rated|\n|rule|Species Clause: Limit one of each Pok\u00e9mon\n|rule|Item Clause: Limit 1 of each item\n|clearpoke\n|poke|p1|Greninja-*, L50, M|\n|poke|p1|Politoed, L50, M|\n|poke|p1|Basculegion, L50, M|\n|poke|p1|Lucario, L50, M|\n|poke|p1|Sinistcha, L50|\n|poke|p1|Toxicroak, L50, M|\n|poke|p2|Gengar, L50, F|\n|poke|p2|Kommo-o, L50, M|\n|poke|p2|Pelipper, L50, M|\n|poke|p2|Incineroar, L50, F|\n|poke|p2|Primarina, L50, M|\n|poke|p2|Maushold-Four, L50|\n|teampreview|4\nsuperboy245 rejected open team sheets.\n|\n|t:|1776131593\n|teamsize|p1|4\n|teamsize|p2|4\n|start\n|switch|p1a: Greninja|Greninja, L50, M|100/100\n|switch|p1b: Politoed|Politoed, L50, M|100/100\n|switch|p2a: Gengar|Gengar, L50, F|100/100\n|switch|p2b: Pelipper|Pelipper, L50, M|100/100\n|-weather|RainDance|[from] ability: Drizzle|[of] p1b: Politoed\n|turn|1\n|\n|t:|1776131644\n|detailschange|p2a: Gengar|Gengar-Mega, L50, F\n|-mega|p2a: Gengar|Gengar|Gengarite\n|move|p1b: Politoed|Helping Hand|p1a: Greninja\n|-singleturn|p1a: Greninja|Helping Hand|[of] p1b: Politoed\n|move|p2a: Gengar|Protect|p2a: Gengar\n|-singleturn|p2a: Gengar|Protect\n|move|p1a: Greninja|Dark Pulse|p2b: Pelipper\n|-start|p1a: Greninja|typechange|Dark|[from] ability: Protean\n|-damage|p2b: Pelipper|32/100\n|move|p2b: Pelipper|Hurricane|p1a: Greninja\n|-damage|p1a: Greninja|24/100\n|\n|-weather|RainDance|[upkeep]\n|upkeep\n|turn|2\n|\n|t:|1776131673\n|detailschange|p1a: Greninja|Greninja-Mega, L50, M\n|-mega|p1a: Greninja|Greninja|Greninjite\n|move|p1a: Greninja|Dark Pulse|p2a: Gengar\n|-start|p1a: Greninja|typechange|Dark|[from] ability: Protean\n|-supereffective|p2a: Gengar|1\n|-damage|p2a: Gengar|2/100\n|move|p2a: Gengar|Sludge Bomb|p1a: Greninja\n|-damage|p1a: Greninja|0 fnt\n|faint|p1a: Greninja\n|move|p1b: Politoed|Ice Beam|p2b: Pelipper\n|-damage|p2b: Pelipper|9/100\n|move|p2b: Pelipper|Tailwind|p2b: Pelipper\n|-sidestart|p2: Flashcannon80|move: Tailwind\n|\n|-weather|RainDance|[upkeep]\n|upkeep\n|\n|t:|1776131690\n|switch|p1a: Toxicroak|Toxicroak, L50, M|100/100\n|turn|3\n|\n|t:|1776131714\n|switch|p2b: Maushold|Maushold-Four, L50|100/100\n|move|p1a: Toxicroak|Sucker Punch||[still]\n|-fail|p1a: Toxicroak\n|move|p2a: Gengar|Perish Song|p2a: Gengar\n|-start|p1a: Toxicroak|perish3|[silent]\n|-start|p1b: Politoed|perish3|[silent]\n|-start|p2a: Gengar|perish3|[silent]\n|-start|p2b: Maushold|perish3|[silent]\n|-fieldactivate|move: Perish Song\n|move|p1b: Politoed|Weather Ball|p2a: Gengar\n|-damage|p2a: Gengar|0 fnt\n|faint|p2a: Gengar\n|\n|-weather|RainDance|[upkeep]\n|-start|p2b: Maushold|perish3\n|-start|p1a: Toxicroak|perish3\n|-start|p1b: Politoed|perish3\n|upkeep\n|\n|t:|1776131732\n|switch|p2a: Kommo-o|Kommo-o, L50, M|100/100\n|turn|4\n|\n|t:|1776131742\n|switch|p2b: Pelipper|Pelipper, L50, M|9/100\n|move|p2a: Kommo-o|Clangorous Soul|p2a: Kommo-o\n|-boost|p2a: Kommo-o|atk|1\n|-boost|p2a: Kommo-o|def|1\n|-boost|p2a: Kommo-o|spa|1\n|-boost|p2a: Kommo-o|spd|1\n|-boost|p2a: Kommo-o|spe|1\n|-damage|p2a: Kommo-o|68/100\n|move|p1a: Toxicroak|Close Combat|p2b: Pelipper\n|-resisted|p2b: Pelipper|1\n|-damage|p2b: Pelipper|0 fnt\n|-unboost|p1a: Toxicroak|def|1\n|-unboost|p1a: Toxicroak|spd|1\n|faint|p2b: Pelipper\n|move|p1b: Politoed|Ice Beam|p2a: Kommo-o\n|-supereffective|p2a: Kommo-o|1\n|-damage|p2a: Kommo-o|41/100\n|\n|-weather|RainDance|[upkeep]\n|-heal|p2a: Kommo-o|47/100|[from] item: Leftovers\n|-start|p1a: Toxicroak|perish2\n|-start|p1b: Politoed|perish2\n|upkeep\n|\n|t:|1776131763\n|switch|p2b: Maushold|Maushold-Four, L50|100/100\n|turn|5\n|\n|t:|1776131776\n|switch|p1b: Basculegion|Basculegion, L50, M|100/100\n|move|p1a: Toxicroak|Protect|p1a: Toxicroak\n|-singleturn|p1a: Toxicroak|Protect\n|move|p2b: Maushold|Follow Me|p2b: Maushold\n|-singleturn|p2b: Maushold|move: Follow Me\n|move|p2a: Kommo-o|Clanging Scales|p1a: Toxicroak|[spread] p1b\n|-activate|p1a: Toxicroak|move: Protect\n|-damage|p1b: Basculegion|33/100\n|-unboost|p2a: Kommo-o|def|1\n|\n|-weather|none\n|-heal|p2a: Kommo-o|53/100|[from] item: Leftovers\n|-start|p1a: Toxicroak|perish1\n|-sideend|p2: Flashcannon80|move: Tailwind\n|upkeep\n|turn|6\n|\n|t:|1776131819\n|switch|p1a: Politoed|Politoed, L50, M|100/100\n|-weather|RainDance|[from] ability: Drizzle|[of] p1a: Politoed\n|move|p2b: Maushold|Follow Me|p2b: Maushold\n|-singleturn|p2b: Maushold|move: Follow Me\n|move|p1b: Basculegion|Wave Crash|p2b: Maushold\n|-damage|p2b: Maushold|17/100\n|-damage|p1b: Basculegion|8/100|[from] Recoil\n|move|p2a: Kommo-o|Clanging Scales|p1a: Politoed|[spread] p1a,p1b\n|-damage|p1a: Politoed|60/100\n|-damage|p1b: Basculegion|0 fnt\n|faint|p1b: Basculegion\n|-unboost|p2a: Kommo-o|def|1\n|\n|-weather|RainDance|[upkeep]\n|-heal|p2a: Kommo-o|59/100|[from] item: Leftovers\n|upkeep\n|\n|t:|1776131831\n|switch|p1b: Toxicroak|Toxicroak, L50, M|100/100\n|turn|7\n|\n|t:|1776131846\n|move|p2b: Maushold|Helping Hand|p2a: Kommo-o\n|-singleturn|p2a: Kommo-o|Helping Hand|[of] p2b: Maushold\n|move|p1b: Toxicroak|Protect|p1b: Toxicroak\n|-singleturn|p1b: Toxicroak|Protect\n|move|p2a: Kommo-o|Clanging Scales|p1a: Politoed|[spread] p1a\n|-activate|p1b: Toxicroak|move: Protect\n|-damage|p1a: Politoed|7/100\n|-enditem|p1a: Politoed|Sitrus Berry|[eat]\n|-heal|p1a: Politoed|31/100|[from] item: Sitrus Berry\n|-unboost|p2a: Kommo-o|def|1\n|move|p1a: Politoed|Weather Ball|p2b: Maushold\n|-damage|p2b: Maushold|0 fnt\n|faint|p2b: Maushold\n|\n|-weather|RainDance|[upkeep]\n|-heal|p2a: Kommo-o|65/100|[from] item: Leftovers\n|upkeep\n|turn|8\n|c|\u2606superboy245|Gg\n|\n|t:|1776131869\n|move|p1a: Politoed|Helping Hand|p1b: Toxicroak\n|-singleturn|p1b: Toxicroak|Helping Hand|[of] p1a: Politoed\n|move|p2a: Kommo-o|Protect|p2a: Kommo-o\n|-singleturn|p2a: Kommo-o|Protect\n|move|p1b: Toxicroak|Close Combat|p2a: Kommo-o\n|-activate|p2a: Kommo-o|move: Protect\n|\n|-weather|RainDance|[upkeep]\n|-heal|p2a: Kommo-o|71/100|[from] item: Leftovers\n|upkeep\n|turn|9\n|\n|t:|1776131880\n|move|p1a: Politoed|Helping Hand|p1b: Toxicroak\n|-singleturn|p1b: Toxicroak|Helping Hand|[of] p1a: Politoed\n|move|p2a: Kommo-o|Clanging Scales|p1a: Politoed|[spread] p1a,p1b\n|-damage|p1a: Politoed|0 fnt\n|-damage|p1b: Toxicroak|10/100\n|faint|p1a: Politoed\n|-unboost|p2a: Kommo-o|def|1\n|move|p1b: Toxicroak|Close Combat|p2a: Kommo-o\n|-damage|p2a: Kommo-o|0 fnt\n|-unboost|p1b: Toxicroak|def|1\n|-unboost|p1b: Toxicroak|spd|1\n|faint|p2a: Kommo-o\n|\n|win|superboy245\n|raw|superboy245's rating: 1299 &rarr; <strong>1326</strong><br />(+27 for winning)\n|raw|Flashcannon80's rating: 1327 &rarr; <strong>1305</strong><br />(-22 for losing)\n|c|\u2606superboy245|Im sash\n|c|\u2606superboy245|Too\n|l|\u2606Flashcannon80\n|player|p2|\n|c|\u2606superboy245|Never die\n",
  "uploadtime": 1776131895,
  "views": 25,
  "formatid": "gen9championsvgc2026regma",
  "rating": 1305,
  "private": 0,
  "password": null
}