{
  "id": "gen9championsvgc2026regma-2589467267",
  "format": "[Gen 9 Champions] VGC 2026 Reg M-A",
  "players": [
    "pokeburn",
    "strawberryon24"
  ],
  "log": "|j|\u2606pokeburn\n|j|\u2606strawberryon24\n|t:|1776725554\n|gametype|doubles\n|player|p1|pokeburn|blue|1037\n|player|p2|strawberryon24|cynthia-gen4|1099\n|gen|9\n|tier|[Gen 9 Champions] VGC 2026 Reg M-A\n|rated|\n|rule|Species Clause: Limit one of each Pok\u00e9mon\n|rule|Item Clause: Limit 1 of each item\n|clearpoke\n|poke|p1|Tyranitar, L50, M|\n|poke|p1|Excadrill, L50, F|\n|poke|p1|Meganium, L50, F|\n|poke|p1|Sneasler, L50, F|\n|poke|p1|Sinistcha, L50|\n|poke|p1|Floette-Eternal, L50, F|\n|poke|p2|Aerodactyl, L50, F|\n|poke|p2|Milotic, L50, M, shiny|\n|poke|p2|Absol, L50, M|\n|poke|p2|Gardevoir, L50, M, shiny|\n|poke|p2|Arcanine, L50, F|\n|poke|p2|Tsareena, L50, F, shiny|\n|teampreview|4\n|inactive|Battle timer is ON: inactive players will automatically lose when time's up. (requested by strawberryon24)\n|\n|t:|1776725578\n|teamsize|p1|4\n|teamsize|p2|4\n|start\n|switch|p1a: Tyranitar|Tyranitar, L50, M|100/100\n|switch|p1b: Excadrill|Excadrill, L50, F|100/100\n|switch|p2a: Tsareena|Tsareena, L50, F, shiny|100/100\n|switch|p2b: Aerodactyl|Aerodactyl, L50, F|100/100\n|-ability|p2b: Aerodactyl|Unnerve\n|-weather|Sandstorm|[from] ability: Sand Stream|[of] p1a: Tyranitar\n|turn|1\n|inactive|pokeburn has 30 seconds left.\n|inactive|pokeburn has 20 seconds left.\n|inactive|pokeburn has 15 seconds left.\n|inactive|pokeburn has 10 seconds left.\n|\n|t:|1776725626\n|switch|p1a: Sinistcha|Sinistcha, L50|100/100\n|move|p1b: Excadrill|Rock Slide|p2a: Tsareena|[spread] p2b\n|-miss|p1b: Excadrill|p2a: Tsareena\n|-supereffective|p2b: Aerodactyl|1\n|-damage|p2b: Aerodactyl|27/100\n|move|p2b: Aerodactyl|Tailwind|p2b: Aerodactyl\n|-sidestart|p2: strawberryon24|move: Tailwind\n|move|p2a: Tsareena|High Jump Kick|p1a: Sinistcha\n|-immune|p1a: Sinistcha\n|-damage|p2a: Tsareena|51/100|[from] highjumpkick\n|\n|-weather|Sandstorm|[upkeep]\n|-damage|p2a: Tsareena|45/100|[from] Sandstorm\n|-damage|p1a: Sinistcha|94/100|[from] Sandstorm\n|upkeep\n|turn|2\n|inactive|pokeburn has 30 seconds left.\n|\n|t:|1776725658\n|move|p1a: Sinistcha|Rage Powder|p1a: Sinistcha\n|-singleturn|p1a: Sinistcha|move: Rage Powder\n|move|p2b: Aerodactyl|Dual Wingbeat|p1a: Sinistcha\n|-supereffective|p1a: Sinistcha|1\n|-damage|p1a: Sinistcha|52/100\n|-supereffective|p1a: Sinistcha|1\n|-damage|p1a: Sinistcha|11/100\n|-hitcount|p1a: Sinistcha|2\n|move|p1b: Excadrill|Rock Slide|p2a: Tsareena|[spread] p2b\n|-miss|p1b: Excadrill|p2a: Tsareena\n|-supereffective|p2b: Aerodactyl|1\n|-damage|p2b: Aerodactyl|0 fnt\n|-enditem|p1a: Sinistcha|Sitrus Berry|[eat]\n|-heal|p1a: Sinistcha|35/100|[from] item: Sitrus Berry\n|faint|p2b: Aerodactyl\n|move|p2a: Tsareena|Trop Kick|p1b: Excadrill\n|-damage|p1b: Excadrill|36/100\n|-unboost|p1b: Excadrill|atk|1\n|\n|-weather|Sandstorm|[upkeep]\n|-damage|p2a: Tsareena|39/100|[from] Sandstorm\n|-damage|p1a: Sinistcha|29/100|[from] Sandstorm\n|upkeep\n|c|\u2606pokeburn|why did the rage powder not work?\n|inactive|strawberryon24 has 30 seconds left.\n|\n|t:|1776725691\n|switch|p2b: Gardevoir|Gardevoir, L50, M, shiny|100/100\n|-ability|p2b: Gardevoir|Sand Rush|Trace|[from] ability: Trace|[of] p1b: Excadrill\n|turn|3\n|\n|t:|1776725703\n|detailschange|p2b: Gardevoir|Gardevoir-Mega, L50, M, shiny\n|-mega|p2b: Gardevoir|Gardevoir|Gardevoirite\n|move|p2a: Tsareena|Helping Hand|p2b: Gardevoir\n|-singleturn|p2b: Gardevoir|Helping Hand|[of] p2a: Tsareena\n|move|p1b: Excadrill|Protect|p1b: Excadrill\n|-singleturn|p1b: Excadrill|Protect\n|move|p2b: Gardevoir|Hyper Voice|p1b: Excadrill|[spread] p1a\n|-activate|p1b: Excadrill|move: Protect\n|-damage|p1a: Sinistcha|0 fnt\n|faint|p1a: Sinistcha\n|\n|-weather|Sandstorm|[upkeep]\n|-damage|p2b: Gardevoir|94/100|[from] Sandstorm\n|-damage|p2a: Tsareena|32/100|[from] Sandstorm\n|upkeep\n|c|\u2606strawberryon24|tsareena is grass type\n|\n|t:|1776725716\n|switch|p1a: Sneasler|Sneasler, L50, F|100/100\n|turn|4\n|c|\u2606strawberryon24|rage powder dont work on grass\n|c|\u2606pokeburn|thank you\n|inactive|strawberryon24 has 30 seconds left.\n|\n|t:|1776725742\n|move|p1a: Sneasler|Fake Out||[still]\n|cant|p2a: Tsareena|ability: Queenly Majesty|Fake Out|[of] p1a: Sneasler\n|move|p2b: Gardevoir|Psychic|p1a: Sneasler\n|-supereffective|p1a: Sneasler|2\n|-damage|p1a: Sneasler|0 fnt\n|faint|p1a: Sneasler\n|move|p1b: Excadrill|Iron Head|p2b: Gardevoir\n|-supereffective|p2b: Gardevoir|1\n|-damage|p2b: Gardevoir|0 fnt\n|faint|p2b: Gardevoir\n|move|p2a: Tsareena|Trop Kick|p1b: Excadrill\n|-damage|p1b: Excadrill|0 fnt\n|faint|p1b: Excadrill\n|\n|-weather|Sandstorm|[upkeep]\n|-damage|p2a: Tsareena|26/100|[from] Sandstorm\n|-sideend|p2: strawberryon24|move: Tailwind\n|upkeep\n|c|\u2606pokeburn|thats new too\n|c|\u2606pokeburn|hm\n|\n|t:|1776725755\n|switch|p2b: Milotic|Milotic, L50, M, shiny|100/100\n|switch|p1b: Tyranitar|Tyranitar, L50, M|100/100\n|turn|5\n|c|\u2606strawberryon24|rage not hittig grass? no thats been always like that, and fake out missing is for my ability\n|inactive|strawberryon24 has 30 seconds left.\n|\n|t:|1776725784\n|move|p1b: Tyranitar|Protect|p1b: Tyranitar\n|-singleturn|p1b: Tyranitar|Protect\n|move|p2b: Milotic|Scald|p1b: Tyranitar\n|-activate|p1b: Tyranitar|move: Protect\n|move|p2a: Tsareena|Trop Kick|p1b: Tyranitar\n|-activate|p1b: Tyranitar|move: Protect\n|\n|-weather|none\n|upkeep\n|turn|6\n|c|\u2606pokeburn|i know i know i just meant new to me\n|\n|t:|1776725795\n|detailschange|p1b: Tyranitar|Tyranitar-Mega, L50, M\n|-mega|p1b: Tyranitar|Tyranitar|Tyranitarite\n|-weather|Sandstorm|[from] ability: Sand Stream|[of] p1b: Tyranitar\n|move|p2b: Milotic|Scald|p1b: Tyranitar\n|-supereffective|p1b: Tyranitar|1\n|-damage|p1b: Tyranitar|62/100\n|-status|p1b: Tyranitar|brn\n|move|p2a: Tsareena|High Jump Kick|p1b: Tyranitar\n|-supereffective|p1b: Tyranitar|2\n|-damage|p1b: Tyranitar|0 fnt\n|faint|p1b: Tyranitar\n|\n|win|strawberryon24\n|raw|pokeburn's rating: 1037 &rarr; <strong>1024</strong><br />(-13 for losing)\n|raw|strawberryon24's rating: 1099 &rarr; <strong>1120</strong><br />(+21 for winning)\n|c|\u2606strawberryon24|we always learn new things\n|c|\u2606pokeburn|gg's\n|c|\u2606strawberryon24|gg\n|l|\u2606pokeburn\n|player|p1|\n",
  "uploadtime": 1776725812,
  "views": 12,
  "formatid": "gen9championsvgc2026regma",
  "rating": 1024,
  "private": 0,
  "password": null
}