{
  "id": "gen9championsvgc2026regma-2582818713",
  "format": "[Gen 9 Champions] VGC 2026 Reg M-A",
  "players": [
    "SangoTheGoat",
    "m2p mikey"
  ],
  "log": "|j|\u2606SangoTheGoat\n|j|\u2606m2p mikey\n|t:|1776116468\n|gametype|doubles\n|player|p1|SangoTheGoat|drayden|1115\n|player|p2|m2p mikey|scientist|1054\n|gen|9\n|tier|[Gen 9 Champions] VGC 2026 Reg M-A\n|rated|\n|rule|Species Clause: Limit one of each Pok\u00e9mon\n|rule|Item Clause: Limit 1 of each item\n|clearpoke\n|poke|p1|Tyranitar, L50, M|\n|poke|p1|Sinistcha, L50|\n|poke|p1|Garchomp, L50, F|\n|poke|p1|Orthworm, L50, M|\n|poke|p1|Aerodactyl, L50, F|\n|poke|p1|Incineroar, L50, F|\n|poke|p2|Pelipper, L50, F|\n|poke|p2|Dragonite, L50, M|\n|poke|p2|Aggron, L50, M|\n|poke|p2|Garchomp, L50, F|\n|poke|p2|Incineroar, L50, F|\n|poke|p2|Sinistcha, L50|\n|teampreview|4\n|inactive|Battle timer is ON: inactive players will automatically lose when time's up. (requested by SangoTheGoat)\n|\n|t:|1776116493\n|teamsize|p1|4\n|teamsize|p2|4\n|start\n|switch|p1a: Tyranitar|Tyranitar, L50, M|100/100\n|switch|p1b: Aerodactyl|Aerodactyl, L50, F|100/100\n|switch|p2a: Incineroar|Incineroar, L50, F|100/100\n|switch|p2b: Aggron|Aggron, L50, M|100/100\n|-ability|p1b: Aerodactyl|Unnerve\n|-weather|Sandstorm|[from] ability: Sand Stream|[of] p1a: Tyranitar\n|-ability|p2a: Incineroar|Intimidate|boost\n|-unboost|p1a: Tyranitar|atk|1\n|-unboost|p1b: Aerodactyl|atk|1\n|turn|1\n|\n|t:|1776116516\n|move|p1a: Tyranitar|Protect|p1a: Tyranitar\n|-singleturn|p1a: Tyranitar|Protect\n|move|p2a: Incineroar|Fake Out|p1b: Aerodactyl\n|-resisted|p1b: Aerodactyl|1\n|-damage|p1b: Aerodactyl|92/100\n|cant|p1b: Aerodactyl|flinch\n|move|p2b: Aggron|Iron Defense|p2b: Aggron\n|-boost|p2b: Aggron|def|2\n|\n|-weather|Sandstorm|[upkeep]\n|-damage|p2a: Incineroar|95/100|[from] Sandstorm\n|upkeep\n|turn|2\n|\n|t:|1776116540\n|switch|p2a: Pelipper|Pelipper, L50, F|100/100\n|-weather|RainDance|[from] ability: Drizzle|[of] p2a: Pelipper\n|detailschange|p2b: Aggron|Aggron-Mega, L50, M\n|-mega|p2b: Aggron|Aggron|Aggronite\n|move|p1b: Aerodactyl|Rock Slide|p2b: Aggron|[spread] p2a,p2b\n|-supereffective|p2a: Pelipper|1\n|-crit|p2a: Pelipper\n|-resisted|p2b: Aggron|1\n|-damage|p2a: Pelipper|21/100\n|-damage|p2b: Aggron|99/100\n|move|p1a: Tyranitar|Earthquake|p2b: Aggron|[spread] p2b\n|-immune|p1b: Aerodactyl\n|-immune|p2a: Pelipper\n|-supereffective|p2b: Aggron|1\n|-damage|p2b: Aggron|91/100\n|cant|p2b: Aggron|flinch\n|\n|-weather|RainDance|[upkeep]\n|upkeep\n|turn|3\n|\n|t:|1776116563\n|detailschange|p1a: Tyranitar|Tyranitar-Mega, L50, M\n|-mega|p1a: Tyranitar|Tyranitar|Tyranitarite\n|-weather|Sandstorm|[from] ability: Sand Stream|[of] p1a: Tyranitar\n|move|p1a: Tyranitar|Protect|p1a: Tyranitar\n|-singleturn|p1a: Tyranitar|Protect\n|move|p2a: Pelipper|Protect|p2a: Pelipper\n|-singleturn|p2a: Pelipper|Protect\n|move|p1b: Aerodactyl|Dual Wingbeat|p2a: Pelipper\n|-activate|p2a: Pelipper|move: Protect\n|move|p2b: Aggron|Body Press|p1a: Tyranitar\n|-activate|p1a: Tyranitar|move: Protect\n|\n|-weather|Sandstorm|[upkeep]\n|-damage|p2a: Pelipper|15/100|[from] Sandstorm\n|upkeep\n|turn|4\n|\n|t:|1776116583\n|switch|p1a: Orthworm|Orthworm, L50, M|100/100\n|switch|p2a: Sinistcha|Sinistcha, L50|100/100\n|-heal|p2b: Aggron|100/100|[from] ability: Hospitality|[of] p2a: Sinistcha\n|move|p1b: Aerodactyl|Rock Slide|p2a: Sinistcha|[spread] p2a\n|-miss|p1b: Aerodactyl|p2b: Aggron\n|-damage|p2a: Sinistcha|84/100\n|move|p2b: Aggron|Body Press|p1a: Orthworm\n|-supereffective|p1a: Orthworm|1\n|-damage|p1a: Orthworm|0 fnt\n|faint|p1a: Orthworm\n|\n|-weather|Sandstorm|[upkeep]\n|-damage|p2a: Sinistcha|78/100|[from] Sandstorm\n|upkeep\n|\n|t:|1776116591\n|switch|p1a: Garchomp|Garchomp, L50, F|100/100\n|turn|5\n|\n|t:|1776116616\n|move|p2b: Aggron|Protect|p2b: Aggron\n|-singleturn|p2b: Aggron|Protect\n|move|p1b: Aerodactyl|Dual Wingbeat|p2a: Sinistcha\n|-supereffective|p2a: Sinistcha|1\n|-damage|p2a: Sinistcha|54/100\n|-supereffective|p2a: Sinistcha|1\n|-damage|p2a: Sinistcha|31/100\n|-hitcount|p2a: Sinistcha|2\n|move|p1a: Garchomp|Earthquake|p2a: Sinistcha|[spread] p2a\n|-activate|p2b: Aggron|move: Protect\n|-immune|p1b: Aerodactyl\n|-resisted|p2a: Sinistcha|1\n|-damage|p2a: Sinistcha|11/100\n|move|p2a: Sinistcha|Trick Room|p2a: Sinistcha\n|-fieldstart|move: Trick Room|[of] p2a: Sinistcha\n|\n|-weather|Sandstorm|[upkeep]\n|-damage|p2a: Sinistcha|5/100|[from] Sandstorm\n|upkeep\n|turn|6\n|-message|SangoTheGoat forfeited.\n|\n|win|m2p mikey\n|raw|SangoTheGoat's rating: 1115 &rarr; <strong>1086</strong><br />(-29 for losing)\n|raw|m2p mikey's rating: 1054 &rarr; <strong>1091</strong><br />(+37 for winning)\n|l|\u2606SangoTheGoat\n|player|p1|\n",
  "uploadtime": 1776116635,
  "views": 15,
  "formatid": "gen9championsvgc2026regma",
  "rating": 1086,
  "private": 0,
  "password": null
}