{
  "id": "gen9championsvgc2026regma-2588574603",
  "format": "[Gen 9 Champions] VGC 2026 Reg M-A",
  "players": [
    "johandk",
    "gulpin00"
  ],
  "log": "|j|\u2606johandk\n|j|\u2606gulpin00\n|t:|1776646423\n|gametype|doubles\n|player|p1|johandk|nate|1311\n|player|p2|gulpin00|firebreather|1226\n|gen|9\n|tier|[Gen 9 Champions] VGC 2026 Reg M-A\n|rated|\n|rule|Species Clause: Limit one of each Pok\u00e9mon\n|rule|Item Clause: Limit 1 of each item\n|clearpoke\n|poke|p1|Meganium, L50, M|\n|poke|p1|Tyranitar, L50, F|\n|poke|p1|Garchomp, L50, M|\n|poke|p1|Aegislash, L50, M|\n|poke|p1|Milotic, L50, M|\n|poke|p1|Aerodactyl, L50, M|\n|poke|p2|Froslass, L50, F|\n|poke|p2|Whimsicott, L50, M|\n|poke|p2|Primarina, L50, M|\n|poke|p2|Sneasler, L50, F|\n|poke|p2|Mamoswine, L50, M|\n|poke|p2|Rotom-Heat, L50|\n|teampreview|4\n|inactive|Battle timer is ON: inactive players will automatically lose when time's up. (requested by johandk)\n|\n|t:|1776646447\n|teamsize|p1|4\n|teamsize|p2|4\n|start\n|switch|p1a: Aerodactyl|Aerodactyl, L50, M|100/100\n|switch|p1b: Aegislash|Aegislash, L50, M|100/100\n|switch|p2a: Froslass|Froslass, L50, F|100/100\n|switch|p2b: Primarina|Primarina, L50, M|100/100\n|-ability|p1a: Aerodactyl|Unnerve\n|turn|1\n|\n|t:|1776646470\n|detailschange|p2a: Froslass|Froslass-Mega, L50, F\n|-mega|p2a: Froslass|Froslass|Froslassite\n|-weather|Snowscape|[from] ability: Snow Warning|[of] p2a: Froslass\n|move|p1a: Aerodactyl|Rock Slide|p2a: Froslass|[spread] p2a,p2b\n|-supereffective|p2a: Froslass|1\n|-damage|p2a: Froslass|47/100\n|-damage|p2b: Primarina|69/100\n|move|p2a: Froslass|Aurora Veil|p2a: Froslass\n|-sidestart|p2: gulpin00|move: Aurora Veil\n|-formechange|p1b: Aegislash|Aegislash-Blade|\n|move|p1b: Aegislash|Iron Head|p2a: Froslass\n|-supereffective|p2a: Froslass|1\n|-damage|p2a: Froslass|0 fnt\n|faint|p2a: Froslass\n|move|p2b: Primarina|Hyper Voice|p1a: Aerodactyl|[spread] p1a,p1b\n|-supereffective|p1a: Aerodactyl|1\n|-enditem|p1a: Aerodactyl|Focus Sash\n|-damage|p1a: Aerodactyl|1/100\n|-damage|p1b: Aegislash|32/100\n|\n|-weather|Snowscape|[upkeep]\n|-heal|p2b: Primarina|75/100|[from] item: Leftovers\n|upkeep\n|\n|t:|1776646494\n|switch|p2a: Mamoswine|Mamoswine, L50, M|100/100\n|turn|2\n|\n|t:|1776646503\n|move|p1a: Aerodactyl|Protect|p1a: Aerodactyl\n|-singleturn|p1a: Aerodactyl|Protect\n|-formechange|p1b: Aegislash|Aegislash|\n|move|p1b: Aegislash|King's Shield|p1b: Aegislash\n|-singleturn|p1b: Aegislash|Protect\n|move|p2a: Mamoswine|Rock Slide|p1a: Aerodactyl|[spread] \n|-activate|p1a: Aerodactyl|move: Protect\n|-activate|p1b: Aegislash|move: Protect\n|move|p2b: Primarina|Hyper Voice|p1b: Aegislash|[spread] \n|-activate|p1a: Aerodactyl|move: Protect\n|-activate|p1b: Aegislash|move: Protect\n|\n|-weather|Snowscape|[upkeep]\n|-heal|p2b: Primarina|81/100|[from] item: Leftovers\n|upkeep\n|turn|3\n|\n|t:|1776646526\n|switch|p2a: Rotom|Rotom-Heat, L50|100/100\n|move|p1a: Aerodactyl|Tailwind|p1a: Aerodactyl\n|-sidestart|p1: johandk|move: Tailwind\n|-formechange|p1b: Aegislash|Aegislash-Blade|\n|move|p1b: Aegislash|Poltergeist|p2b: Primarina\n|-activate|p2b: Primarina|move: Poltergeist|Leftovers\n|-damage|p2b: Primarina|20/100\n|move|p2b: Primarina|Blizzard|p1b: Aegislash|[spread] p1a,p1b\n|-supereffective|p1a: Aerodactyl|1\n|-resisted|p1b: Aegislash|1\n|-damage|p1a: Aerodactyl|0 fnt\n|-damage|p1b: Aegislash|5/100\n|faint|p1a: Aerodactyl\n|\n|-weather|Snowscape|[upkeep]\n|-heal|p2b: Primarina|26/100|[from] item: Leftovers\n|upkeep\n|\n|t:|1776646543\n|switch|p1a: Tyranitar|Tyranitar, L50, F|100/100\n|-weather|Sandstorm|[from] ability: Sand Stream|[of] p1a: Tyranitar\n|turn|4\n|\n|t:|1776646557\n|detailschange|p1a: Tyranitar|Tyranitar-Mega, L50, F\n|-mega|p1a: Tyranitar|Tyranitar|Tyranitarite\n|move|p2a: Rotom|Protect|p2a: Rotom\n|-singleturn|p2a: Rotom|Protect\n|move|p1a: Tyranitar|Rock Slide|p2a: Rotom|[spread] p2b\n|-activate|p2a: Rotom|move: Protect\n|-damage|p2b: Primarina|0 fnt\n|faint|p2b: Primarina\n|move|p1b: Aegislash|Poltergeist|p2a: Rotom\n|-activate|p2a: Rotom|move: Protect\n|\n|-weather|Sandstorm|[upkeep]\n|-damage|p2a: Rotom|95/100|[from] Sandstorm\n|upkeep\n|\n|t:|1776646564\n|switch|p2b: Mamoswine|Mamoswine, L50, M|100/100\n|turn|5\n|\n|t:|1776646581\n|move|p1a: Tyranitar|Rock Slide|p2b: Mamoswine|[spread] p2a\n|-miss|p1a: Tyranitar|p2b: Mamoswine\n|-supereffective|p2a: Rotom|1\n|-damage|p2a: Rotom|38/100\n|move|p1b: Aegislash|Poltergeist|p2a: Rotom\n|-activate|p2a: Rotom|move: Poltergeist|Quick Claw\n|-damage|p2a: Rotom|0 fnt\n|faint|p2a: Rotom\n|move|p2b: Mamoswine|Earthquake|p1a: Tyranitar|[spread] p1a,p1b\n|-supereffective|p1a: Tyranitar|1\n|-supereffective|p1b: Aegislash|1\n|-damage|p1a: Tyranitar|50/100\n|-damage|p1b: Aegislash|0 fnt\n|faint|p1b: Aegislash\n|\n|-weather|Sandstorm|[upkeep]\n|-sideend|p2: gulpin00|move: Aurora Veil\n|upkeep\n|\n|t:|1776646597\n|switch|p1b: Milotic|Milotic, L50, M|100/100\n|turn|6\n|\n|t:|1776646603\n|move|p2b: Mamoswine|Protect|p2b: Mamoswine\n|-singleturn|p2b: Mamoswine|Protect\n|move|p1b: Milotic|Scald|p2b: Mamoswine\n|-activate|p2b: Mamoswine|move: Protect\n|move|p1a: Tyranitar|Low Kick|p2b: Mamoswine\n|-activate|p2b: Mamoswine|move: Protect\n|\n|-weather|Sandstorm|[upkeep]\n|-damage|p1b: Milotic|95/100|[from] Sandstorm\n|-heal|p1b: Milotic|100/100|[from] item: Leftovers\n|-sideend|p1: johandk|move: Tailwind\n|upkeep\n|turn|7\n|\n|t:|1776646617\n|move|p1b: Milotic|Scald|p2b: Mamoswine\n|-supereffective|p2b: Mamoswine|1\n|-damage|p2b: Mamoswine|29/100\n|move|p1a: Tyranitar|Low Kick|p2b: Mamoswine\n|-supereffective|p2b: Mamoswine|1\n|-damage|p2b: Mamoswine|0 fnt\n|faint|p2b: Mamoswine\n|\n|win|johandk\n|raw|johandk's rating: 1311 &rarr; <strong>1326</strong><br />(+15 for winning)\n|raw|gulpin00's rating: 1226 &rarr; <strong>1207</strong><br />(-19 for losing)\n|l|\u2606gulpin00\n|player|p2|\n",
  "uploadtime": 1776646631,
  "views": 12,
  "formatid": "gen9championsvgc2026regma",
  "rating": 1207,
  "private": 0,
  "password": null
}