{
  "id": "gen9championsvgc2026regma-2580652159",
  "format": "[Gen 9 Champions] VGC 2026 Reg M-A",
  "players": [
    "Alaskan_fisher",
    "cowtrunks"
  ],
  "log": "|j|\u2606Alaskan_fisher\n|j|\u2606cowtrunks\n|t:|1775921471\n|gametype|doubles\n|player|p1|Alaskan_fisher|1|1143\n|player|p2|cowtrunks|worker-gen4|1198\n|gen|9\n|tier|[Gen 9 Champions] VGC 2026 Reg M-A\n|rated|\n|rule|Species Clause: Limit one of each Pok\u00e9mon\n|rule|Item Clause: Limit 1 of each item\n|clearpoke\n|poke|p1|Charizard, L50, M|\n|poke|p1|Garchomp, L50, M|\n|poke|p1|Incineroar, L50, M|\n|poke|p1|Whimsicott, L50, M|\n|poke|p1|Rotom-Wash, L50|\n|poke|p1|Sneasler, L50, M|\n|poke|p2|Aerodactyl, L50, M|\n|poke|p2|Incineroar, L50, F|\n|poke|p2|Rotom-Wash, L50|\n|poke|p2|Whimsicott, L50, M|\n|poke|p2|Kingambit, L50, F|\n|poke|p2|Gengar, L50, M|\n|teampreview|4\nAlaskan_fisher has agreed to open team sheets.\n|\n|t:|1775921506\n|teamsize|p1|4\n|teamsize|p2|4\n|start\n|switch|p1a: Rotom|Rotom-Wash, L50|100/100\n|switch|p1b: Garchomp|Garchomp, L50, M|100/100\n|switch|p2a: Incineroar|Incineroar, L50, F|100/100\n|switch|p2b: Rotom|Rotom-Wash, L50|100/100\n|-ability|p2a: Incineroar|Intimidate|boost\n|-unboost|p1a: Rotom|atk|1\n|-unboost|p1b: Garchomp|atk|1\n|turn|1\n|\n|t:|1775921528\n|switch|p1b: Charizard|Charizard, L50, M|100/100\n|move|p1a: Rotom|Protect|p1a: Rotom\n|-singleturn|p1a: Rotom|Protect\n|move|p2a: Incineroar|Fake Out|p1a: Rotom\n|-activate|p1a: Rotom|move: Protect\n|move|p2b: Rotom|Volt Switch|p1a: Rotom\n|-activate|p1a: Rotom|move: Protect\n|\n|upkeep\n|turn|2\n|\n|t:|1775921554\n|move|p1b: Charizard|Protect|p1b: Charizard\n|-singleturn|p1b: Charizard|Protect\n|move|p2b: Rotom|Thunderbolt|p1b: Charizard\n|-activate|p1b: Charizard|move: Protect\n|move|p1a: Rotom|Hydro Pump|p2a: Incineroar\n|-supereffective|p2a: Incineroar|1\n|-damage|p2a: Incineroar|32/100\n|-enditem|p2a: Incineroar|Sitrus Berry|[eat]\n|-heal|p2a: Incineroar|57/100|[from] item: Sitrus Berry\n|move|p2a: Incineroar|Parting Shot|p1b: Charizard\n|-activate|p1b: Charizard|move: Protect\n|\n|upkeep\n|turn|3\n|\n|t:|1775921592\n|switch|p1b: Garchomp|Garchomp, L50, M|100/100\n|move|p2b: Rotom|Thunder Wave|p1b: Garchomp\n|-immune|p1b: Garchomp\n|move|p1a: Rotom|Hydro Pump|p2a: Incineroar\n|-supereffective|p2a: Incineroar|1\n|-damage|p2a: Incineroar|0 fnt\n|faint|p2a: Incineroar\n|\n|upkeep\n|\n|t:|1775921604\n|switch|p2a: Kingambit|Kingambit, L50, F|100/100\n|turn|4\n|\n|t:|1775921625\n|move|p1a: Rotom|Protect|p1a: Rotom\n|-singleturn|p1a: Rotom|Protect\n|move|p2a: Kingambit|Protect|p2a: Kingambit\n|-singleturn|p2a: Kingambit|Protect\n|move|p1b: Garchomp|Earthquake|p2b: Rotom|[spread] \n|-activate|p1a: Rotom|move: Protect\n|-activate|p2a: Kingambit|move: Protect\n|-immune|p2b: Rotom|[from] ability: Levitate\n|move|p2b: Rotom|Hydro Pump|p1b: Garchomp\n|-damage|p1b: Garchomp|54/100\n|\n|upkeep\n|turn|5\n|\n|t:|1775921643\n|switch|p2a: Aerodactyl|Aerodactyl, L50, M|100/100\n|-ability|p2a: Aerodactyl|Unnerve\n|move|p1b: Garchomp|Earthquake|p2b: Rotom|[spread] \n|-immune|p1a: Rotom|[from] ability: Levitate\n|-immune|p2a: Aerodactyl\n|-immune|p2b: Rotom|[from] ability: Levitate\n|move|p2b: Rotom|Hydro Pump|p1b: Garchomp\n|-damage|p1b: Garchomp|3/100\n|move|p1a: Rotom|Thunderbolt|p2a: Aerodactyl\n|-supereffective|p2a: Aerodactyl|1\n|-damage|p2a: Aerodactyl|0 fnt\n|faint|p2a: Aerodactyl\n|\n|upkeep\n|\n|t:|1775921658\n|switch|p2a: Kingambit|Kingambit, L50, F|100/100\n|turn|6\n|\n|t:|1775921691\n|move|p2a: Kingambit|Sucker Punch|p1a: Rotom\n|-damage|p1a: Rotom|49/100\n|move|p1b: Garchomp|Earthquake|p2a: Kingambit|[spread] p2a\n|-immune|p1a: Rotom|[from] ability: Levitate\n|-immune|p2b: Rotom|[from] ability: Levitate\n|-supereffective|p2a: Kingambit|1\n|-damage|p2a: Kingambit|40/100\n|move|p2b: Rotom|Hydro Pump|p1b: Garchomp\n|-damage|p1b: Garchomp|0 fnt\n|faint|p1b: Garchomp\n|move|p1a: Rotom|Thunderbolt|p2b: Rotom\n|-damage|p2b: Rotom|56/100\n|\n|-heal|p2b: Rotom|62/100|[from] item: Leftovers\n|-heal|p1a: Rotom|54/100|[from] item: Leftovers\n|upkeep\n|\n|t:|1775921710\n|switch|p1b: Sneasler|Sneasler, L50, M|100/100\n|turn|7\n|\n|t:|1775921728\n|move|p2a: Kingambit|Protect|p2a: Kingambit\n|-singleturn|p2a: Kingambit|Protect\n|move|p1b: Sneasler|Close Combat|p2b: Rotom\n|-damage|p2b: Rotom|0 fnt\n|-unboost|p1b: Sneasler|def|1\n|-unboost|p1b: Sneasler|spd|1\n|faint|p2b: Rotom\n|-enditem|p1b: Sneasler|White Herb\n|-clearnegativeboost|p1b: Sneasler|[silent]\n|move|p1a: Rotom|Thunderbolt|p2a: Kingambit\n|-activate|p2a: Kingambit|move: Protect\n|\n|-heal|p1a: Rotom|60/100|[from] item: Leftovers\n|upkeep\n|turn|8\n|-message|cowtrunks forfeited.\n|\n|win|Alaskan_fisher\n|raw|Alaskan_fisher's rating: 1143 &rarr; <strong>1172</strong><br />(+29 for winning)\n|raw|cowtrunks's rating: 1198 &rarr; <strong>1169</strong><br />(-29 for losing)\n|l|\u2606cowtrunks\n|player|p2|\n",
  "uploadtime": 1775921749,
  "views": 35,
  "formatid": "gen9championsvgc2026regma",
  "rating": 1169,
  "private": 0,
  "password": null
}