{
  "id": "gen9championsvgc2026regma-2584729708",
  "format": "[Gen 9 Champions] VGC 2026 Reg M-A",
  "players": [
    "MarcosOB",
    "GoldenFreddy00"
  ],
  "log": "|j|\u2606MarcosOB\n|j|\u2606GoldenFreddy00\n|t:|1776279575\n|gametype|doubles\n|player|p1|MarcosOB|101|1076\n|player|p2|GoldenFreddy00|cynthia-gen4|1010\n|gen|9\n|tier|[Gen 9 Champions] VGC 2026 Reg M-A\n|rated|\n|rule|Species Clause: Limit one of each Pok\u00e9mon\n|rule|Item Clause: Limit 1 of each item\n|clearpoke\n|poke|p1|Incineroar, L50, M|\n|poke|p1|Sinistcha, L50|\n|poke|p1|Dragonite, L50, F|\n|poke|p1|Orthworm, L50, F|\n|poke|p1|Garchomp, L50, M|\n|poke|p1|Floette-Eternal, L50, F|\n|poke|p2|Snorlax, L50, F|\n|poke|p2|Audino, L50, F|\n|poke|p2|Incineroar, L50, M|\n|poke|p2|Mimikyu, L50, F|\n|poke|p2|Garchomp, L50, F|\n|poke|p2|Talonflame, L50, F|\n|teampreview|4\n|\n|t:|1776279612\n|teamsize|p1|4\n|teamsize|p2|4\n|start\n|switch|p1a: Orthworm|Orthworm, L50, F, shiny|100/100\n|switch|p1b: Garchomp|Garchomp, L50, M, shiny|100/100\n|switch|p2a: Audino|Audino, L50, F|100/100\n|switch|p2b: Snorlax|Snorlax, L50, F|100/100\n|turn|1\n|inactive|Battle timer is ON: inactive players will automatically lose when time's up. (requested by MarcosOB)\n|\n|t:|1776279631\n|detailschange|p2a: Audino|Audino-Mega, L50, F\n|-mega|p2a: Audino|Audino|Audinite\n|move|p1b: Garchomp|Bulldoze|p2b: Snorlax|[spread] p2a,p2b\n|-immune|p1a: Orthworm|[from] ability: Earth Eater\n|-damage|p2a: Audino|83/100\n|-damage|p2b: Snorlax|82/100\n|-unboost|p2a: Audino|spe|1\n|-unboost|p2b: Snorlax|spe|1\n|move|p1a: Orthworm|Iron Defense|p1a: Orthworm\n|-boost|p1a: Orthworm|def|2\n|move|p2a: Audino|Simple Beam|p2b: Snorlax\n|-ability|p2b: Snorlax|Simple|Immunity|[from] move: Simple Beam\n|move|p2b: Snorlax|Stockpile|p2b: Snorlax\n|-start|p2b: Snorlax|stockpile1\n|-boost|p2b: Snorlax|def|2\n|-boost|p2b: Snorlax|spd|2\n|\n|-heal|p2b: Snorlax|88/100|[from] item: Leftovers\n|upkeep\n|turn|2\n|inactive|GoldenFreddy00 has 30 seconds left.\n|\n|t:|1776279659\n|move|p1b: Garchomp|Bulldoze|p2a: Audino|[spread] p2a,p2b\n|-immune|p1a: Orthworm|[from] ability: Earth Eater\n|-damage|p2a: Audino|66/100\n|-damage|p2b: Snorlax|79/100\n|-unboost|p2a: Audino|spe|1\n|-unboost|p2b: Snorlax|spe|2\n|move|p1a: Orthworm|Iron Defense|p1a: Orthworm\n|-boost|p1a: Orthworm|def|2\n|move|p2b: Snorlax|Stockpile|p2b: Snorlax\n|-start|p2b: Snorlax|stockpile2\n|-boost|p2b: Snorlax|def|2\n|-boost|p2b: Snorlax|spd|2\n|move|p2a: Audino|Trick Room|p2a: Audino\n|-fieldstart|move: Trick Room|[of] p2a: Audino\n|\n|-heal|p2b: Snorlax|86/100|[from] item: Leftovers\n|upkeep\n|turn|3\n|inactive|GoldenFreddy00 has 30 seconds left.\n|inactive|GoldenFreddy00 has 20 seconds left.\n|inactive|GoldenFreddy00 has 15 seconds left.\n|\n|t:|1776279703\n|switch|p1b: Sinistcha|Sinistcha, L50, shiny|100/100\n|move|p2b: Snorlax|Body Press|p1a: Orthworm\n|-supereffective|p1a: Orthworm|1\n|-damage|p1a: Orthworm|70/100\n|move|p2a: Audino|Dazzling Gleam|p1a: Orthworm|[spread] p1a,p1b\n|-resisted|p1a: Orthworm|1\n|-damage|p1a: Orthworm|60/100\n|-damage|p1b: Sinistcha|85/100\n|move|p1a: Orthworm|Body Press|p2b: Snorlax\n|-supereffective|p2b: Snorlax|1\n|-damage|p2b: Snorlax|51/100\n|\n|-heal|p2b: Snorlax|57/100|[from] item: Leftovers\n|-heal|p1b: Sinistcha|91/100|[from] item: Leftovers\n|upkeep\n|turn|4\n|\n|t:|1776279725\n|move|p2b: Snorlax|Stockpile|p2b: Snorlax\n|-start|p2b: Snorlax|stockpile3\n|-boost|p2b: Snorlax|def|2\n|-boost|p2b: Snorlax|spd|2\n|move|p2a: Audino|Heal Pulse|p2b: Snorlax\n|-heal|p2b: Snorlax|100/100\n|move|p1a: Orthworm|Body Press|p2b: Snorlax\n|-supereffective|p2b: Snorlax|1\n|-damage|p2b: Snorlax|74/100\n|move|p1b: Sinistcha|Matcha Gotcha|p2b: Snorlax|[spread] p2a,p2b\n|-damage|p2a: Audino|49/100\n|-heal|p1b: Sinistcha|100/100|[from] drain|[of] p2a: Audino\n|-damage|p2b: Snorlax|70/100\n|\n|-heal|p2b: Snorlax|76/100|[from] item: Leftovers\n|upkeep\n|turn|5\n|inactive|GoldenFreddy00 has 30 seconds left.\n|\n|t:|1776279755\n|move|p2b: Snorlax|Body Press|p1a: Orthworm\n|-supereffective|p1a: Orthworm|1\n|-damage|p1a: Orthworm|22/100\n|-enditem|p1a: Orthworm|Sitrus Berry|[eat]\n|-heal|p1a: Orthworm|47/100|[from] item: Sitrus Berry\n|move|p2a: Audino|Dazzling Gleam|p1a: Orthworm|[spread] p1a,p1b\n|-resisted|p1a: Orthworm|1\n|-damage|p1a: Orthworm|37/100\n|-damage|p1b: Sinistcha|85/100\n|move|p1a: Orthworm|Iron Defense|p1a: Orthworm\n|-boost|p1a: Orthworm|def|2\n|move|p1b: Sinistcha|Trick Room|p1b: Sinistcha\n|-fieldend|move: Trick Room\n|\n|-heal|p1b: Sinistcha|91/100|[from] item: Leftovers\n|-heal|p2b: Snorlax|83/100|[from] item: Leftovers\n|upkeep\n|turn|6\n|inactive|GoldenFreddy00 has 30 seconds left.\n|\n|t:|1776279783\n|move|p1b: Sinistcha|Matcha Gotcha|p2a: Audino|[spread] p2a,p2b\n|-damage|p2a: Audino|32/100\n|-heal|p1b: Sinistcha|100/100|[from] drain|[of] p2a: Audino\n|-damage|p2b: Snorlax|79/100\n|move|p1a: Orthworm|Heavy Slam|p2a: Audino\n|-supereffective|p2a: Audino|1\n|-damage|p2a: Audino|0 fnt\n|faint|p2a: Audino\n|move|p2b: Snorlax|Body Press|p1a: Orthworm\n|-supereffective|p1a: Orthworm|1\n|-damage|p1a: Orthworm|6/100\n|\n|-heal|p2b: Snorlax|85/100|[from] item: Leftovers\n|upkeep\n|\n|t:|1776279800\n|switch|p2a: Incineroar|Incineroar, L50, M|100/100\n|-ability|p2a: Incineroar|Intimidate|boost\n|-unboost|p1a: Orthworm|atk|1\n|-unboost|p1b: Sinistcha|atk|1\n|turn|7\n|\n|t:|1776279813\n|move|p2a: Incineroar|Fake Out|p1a: Orthworm\n|-resisted|p1a: Orthworm|1\n|-damage|p1a: Orthworm|4/100\n|move|p1b: Sinistcha|Matcha Gotcha|p2a: Incineroar|[spread] p2a,p2b\n|-resisted|p2a: Incineroar|1\n|-damage|p2a: Incineroar|89/100\n|-damage|p2b: Snorlax|81/100\n|cant|p1a: Orthworm|flinch\n|move|p2b: Snorlax|Crunch|p1b: Sinistcha\n|-supereffective|p1b: Sinistcha|1\n|-damage|p1b: Sinistcha|65/100\n|\n|-heal|p1b: Sinistcha|72/100|[from] item: Leftovers\n|-heal|p2b: Snorlax|88/100|[from] item: Leftovers\n|upkeep\n|turn|8\n|\n|t:|1776279838\n|move|p1b: Sinistcha|Matcha Gotcha|p2a: Incineroar|[spread] p2a,p2b\n|-resisted|p2a: Incineroar|1\n|-damage|p2a: Incineroar|76/100\n|-heal|p1b: Sinistcha|78/100|[from] drain|[of] p2a: Incineroar\n|-damage|p2b: Snorlax|84/100\n|-heal|p1b: Sinistcha|81/100|[from] drain|[of] p2b: Snorlax\n|move|p1a: Orthworm|Body Press|p2a: Incineroar\n|-supereffective|p2a: Incineroar|1\n|-damage|p2a: Incineroar|0 fnt\n|faint|p2a: Incineroar\n|move|p2b: Snorlax|Body Press|p1a: Orthworm\n|-supereffective|p1a: Orthworm|1\n|-damage|p1a: Orthworm|0 fnt\n|faint|p1a: Orthworm\n|\n|-heal|p1b: Sinistcha|87/100|[from] item: Leftovers\n|-heal|p2b: Snorlax|90/100|[from] item: Leftovers\n|upkeep\n|\n|t:|1776279857\n|switch|p1a: Floette|Floette-Eternal, L50, F|100/100\n|switch|p2a: Mimikyu|Mimikyu, L50, F|100/100\n|turn|9\n|\n|t:|1776279879\n|detailschange|p1a: Floette|Floette-Mega, L50, F\n|-mega|p1a: Floette|Floette|Floettite\n|-ability|p1a: Floette|Fairy Aura\n|move|p1b: Sinistcha|Rage Powder|p1b: Sinistcha\n|-singleturn|p1b: Sinistcha|move: Rage Powder\n|move|p2a: Mimikyu|Shadow Claw|p1b: Sinistcha\n|-supereffective|p1b: Sinistcha|1\n|-crit|p1b: Sinistcha\n|-damage|p1b: Sinistcha|11/100\n|move|p1a: Floette|Dazzling Gleam|p2a: Mimikyu|[spread] p2a,p2b\n|-activate|p2a: Mimikyu|ability: Disguise\n|-damage|p2a: Mimikyu|100/100\n|-damage|p2b: Snorlax|83/100\n|detailschange|p2a: Mimikyu|Mimikyu-Busted, L50, F\n|-damage|p2a: Mimikyu|88/100|[from] pokemon: Mimikyu-Busted\n|move|p2b: Snorlax|Body Press|p1b: Sinistcha\n|-immune|p1b: Sinistcha\n|\n|-heal|p1b: Sinistcha|17/100|[from] item: Leftovers\n|-heal|p2b: Snorlax|89/100|[from] item: Leftovers\n|upkeep\n|turn|10\n|inactive|MarcosOB has 30 seconds left.\n|inactive|GoldenFreddy00 has 30 seconds left.\n|\n|t:|1776279912\n|switch|p1b: Garchomp|Garchomp, L50, M, shiny|100/100\n|move|p2a: Mimikyu|Shadow Claw|p1b: Garchomp\n|-crit|p1b: Garchomp\n|-damage|p1b: Garchomp|62/100\n|-damage|p2a: Mimikyu|76/100|[from] ability: Rough Skin|[of] p1b: Garchomp\n|move|p1a: Floette|Moonblast|p2a: Mimikyu\n|-damage|p2a: Mimikyu|0 fnt\n|faint|p2a: Mimikyu\n|move|p2b: Snorlax|Body Press|p1a: Floette\n|-resisted|p1a: Floette|1\n|-damage|p1a: Floette|60/100\n|\n|-heal|p2b: Snorlax|95/100|[from] item: Leftovers\n|upkeep\n|turn|11\n|\n|t:|1776279935\n|switch|p1b: Sinistcha|Sinistcha, L50, shiny|17/100\n|-heal|p1a: Floette|85/100|[from] ability: Hospitality|[of] p1b: Sinistcha\n|move|p1a: Floette|Calm Mind|p1a: Floette\n|-boost|p1a: Floette|spa|1\n|-boost|p1a: Floette|spd|1\n|move|p2b: Snorlax|Body Press|p1a: Floette\n|-resisted|p1a: Floette|1\n|-damage|p1a: Floette|47/100\n|\n|-heal|p1b: Sinistcha|23/100|[from] item: Leftovers\n|-heal|p2b: Snorlax|100/100|[from] item: Leftovers\n|upkeep\n|turn|12\n|\n|t:|1776279955\n|move|p1b: Sinistcha|Rage Powder|p1b: Sinistcha\n|-singleturn|p1b: Sinistcha|move: Rage Powder\n|move|p1a: Floette|Calm Mind|p1a: Floette\n|-boost|p1a: Floette|spa|1\n|-boost|p1a: Floette|spd|1\n|move|p2b: Snorlax|Body Press|p1b: Sinistcha\n|-immune|p1b: Sinistcha\n|\n|-heal|p1b: Sinistcha|29/100|[from] item: Leftovers\n|upkeep\n|turn|13\n|\n|t:|1776279970\n|move|p1b: Sinistcha|Rage Powder|p1b: Sinistcha\n|-singleturn|p1b: Sinistcha|move: Rage Powder\n|move|p1a: Floette|Moonblast|p2b: Snorlax\n|-damage|p2b: Snorlax|80/100\n|move|p2b: Snorlax|Crunch|p1b: Sinistcha\n|-supereffective|p1b: Sinistcha|1\n|-damage|p1b: Sinistcha|0 fnt\n|faint|p1b: Sinistcha\n|\n|-heal|p2b: Snorlax|86/100|[from] item: Leftovers\n|upkeep\n|\n|t:|1776279975\n|switch|p1b: Garchomp|Garchomp, L50, M, shiny|62/100\n|turn|14\n|\n|t:|1776279986\n|move|p1b: Garchomp|Dragon Claw|p2b: Snorlax\n|-damage|p2b: Snorlax|79/100\n|move|p1a: Floette|Moonblast|p2b: Snorlax\n|-damage|p2b: Snorlax|59/100\n|-unboost|p2b: Snorlax|spa|2\n|move|p2b: Snorlax|Body Press|p1a: Floette\n|-resisted|p1a: Floette|1\n|-damage|p1a: Floette|9/100\n|\n|-heal|p2b: Snorlax|65/100|[from] item: Leftovers\n|upkeep\n|turn|15\n|\n|t:|1776280002\n|move|p1b: Garchomp|Dragon Claw|p2b: Snorlax\n|-damage|p2b: Snorlax|57/100\n|move|p1a: Floette|Moonblast|p2b: Snorlax\n|-damage|p2b: Snorlax|37/100\n|move|p2b: Snorlax|Body Press|p1a: Floette\n|-resisted|p1a: Floette|1\n|-damage|p1a: Floette|0 fnt\n|faint|p1a: Floette\n|\n|-heal|p2b: Snorlax|43/100|[from] item: Leftovers\n|upkeep\n|turn|16\n|c|\u2606MarcosOB|gg wp\n|\n|t:|1776280019\n|move|p1b: Garchomp|Dragon Claw|p2b: Snorlax\n|-damage|p2b: Snorlax|35/100\n|move|p2b: Snorlax|Body Press|p1b: Garchomp\n|-damage|p1b: Garchomp|0 fnt\n|-damage|p2b: Snorlax|22/100|[from] ability: Rough Skin|[of] p1b: Garchomp\n|faint|p1b: Garchomp\n|\n|win|GoldenFreddy00\n|raw|MarcosOB's rating: 1076 &rarr; <strong>1051</strong><br />(-25 for losing)\n|raw|GoldenFreddy00's rating: 1010 &rarr; <strong>1056</strong><br />(+46 for winning)\n|l|\u2606MarcosOB\n|player|p1|\n|c|\u2606GoldenFreddy00|GG\n",
  "uploadtime": 1776280044,
  "views": 22,
  "formatid": "gen9championsvgc2026regma",
  "rating": 1051,
  "private": 0,
  "password": null
}