{
  "id": "gen9championsvgc2026regma-2581595968",
  "format": "[Gen 9 Champions] VGC 2026 Reg M-A",
  "players": [
    "FzBlade",
    "xequematt3"
  ],
  "log": "|j|\u2606FzBlade\n|j|\u2606xequematt3\n|t:|1776013797\n|gametype|doubles\n|player|p1|FzBlade|102|1000\n|player|p2|xequematt3|170|1056\n|gen|9\n|tier|[Gen 9 Champions] VGC 2026 Reg M-A\n|rated|\n|rule|Species Clause: Limit one of each Pok\u00e9mon\n|rule|Item Clause: Limit 1 of each item\n|clearpoke\n|poke|p1|Meganium, L50, M|\n|poke|p1|Pelipper, L50, F|\n|poke|p1|Basculegion, L50, M|\n|poke|p1|Garchomp, L50, M|\n|poke|p1|Scizor, L50, M|\n|poke|p1|Rotom-Wash, L50|\n|poke|p2|Feraligatr, L50, M|\n|poke|p2|Talonflame, L50, F|\n|poke|p2|Whimsicott, L50, M|\n|poke|p2|Incineroar, L50, F|\n|poke|p2|Aegislash, L50, F|\n|poke|p2|Garchomp, L50, M|\n|teampreview|4\n|inactive|Battle timer is ON: inactive players will automatically lose when time's up. (requested by FzBlade)\n|\n|t:|1776013824\n|teamsize|p1|4\n|teamsize|p2|4\n|start\n|switch|p1a: Meganium|Meganium, L50, M|100/100\n|switch|p1b: Rotom|Rotom-Wash, L50|100/100\n|switch|p2a: Feraligatr|Feraligatr, L50, M, shiny|100/100\n|switch|p2b: Talonflame|Talonflame, L50, F|100/100\n|turn|1\n|inactive|FzBlade has 30 seconds left.\n|\n|t:|1776013850\n|switch|p1a: Pelipper|Pelipper, L50, F|100/100\n|-weather|RainDance|[from] ability: Drizzle|[of] p1a: Pelipper\n|detailschange|p2a: Feraligatr|Feraligatr-Mega, L50, M, shiny\n|-mega|p2a: Feraligatr|Feraligatr|Feraligite\n|move|p2b: Talonflame|Tailwind|p2b: Talonflame\n|-sidestart|p2: xequematt3|move: Tailwind\n|move|p2a: Feraligatr|Dragon Dance|p2a: Feraligatr\n|-boost|p2a: Feraligatr|atk|1\n|-boost|p2a: Feraligatr|spe|1\n|move|p1b: Rotom|Thunder|p2a: Feraligatr\n|-damage|p2a: Feraligatr|44/100\n|\n|-weather|RainDance|[upkeep]\n|upkeep\n|turn|2\n|inactive|xequematt3 has 30 seconds left.\n|\n|t:|1776013879\n|move|p2b: Talonflame|Protect|p2b: Talonflame\n|-singleturn|p2b: Talonflame|Protect\n|move|p2a: Feraligatr|Double-Edge|p1b: Rotom\n|-damage|p1b: Rotom|0 fnt\n|faint|p1b: Rotom\n|-damage|p2a: Feraligatr|17/100|[from] Recoil\n|move|p1a: Pelipper|Weather Ball|p2b: Talonflame\n|-activate|p2b: Talonflame|move: Protect\n|\n|-weather|RainDance|[upkeep]\n|upkeep\n|\n|t:|1776013895\n|switch|p1b: Meganium|Meganium, L50, M|100/100\n|turn|3\n|\n|t:|1776013913\n|detailschange|p1b: Meganium|Meganium-Mega, L50, M\n|-mega|p1b: Meganium|Meganium|Meganiumite\n|move|p2a: Feraligatr|Protect|p2a: Feraligatr\n|-singleturn|p2a: Feraligatr|Protect\n|move|p2b: Talonflame|Brave Bird|p1b: Meganium\n|-supereffective|p1b: Meganium|1\n|-damage|p1b: Meganium|38/100\n|-damage|p2b: Talonflame|80/100|[from] Recoil\n|move|p1a: Pelipper|Weather Ball|p2b: Talonflame\n|-supereffective|p2b: Talonflame|1\n|-damage|p2b: Talonflame|0 fnt\n|faint|p2b: Talonflame\n|move|p1b: Meganium|Dazzling Gleam|p2a: Feraligatr\n|-activate|p2a: Feraligatr|move: Protect\n|\n|-weather|RainDance|[upkeep]\n|upkeep\n|\n|t:|1776013935\n|switch|p2b: Garchomp|Garchomp, L50, M|100/100\n|turn|4\n|\n|t:|1776013948\n|move|p1b: Meganium|Protect|p1b: Meganium\n|-singleturn|p1b: Meganium|Protect\n|move|p2b: Garchomp|Rock Slide|p1a: Pelipper|[spread] p1a\n|-activate|p1b: Meganium|move: Protect\n|-supereffective|p1a: Pelipper|1\n|-damage|p1a: Pelipper|46/100\n|move|p2a: Feraligatr|Double-Edge|p1b: Meganium\n|-activate|p1b: Meganium|move: Protect\n|cant|p1a: Pelipper|flinch\n|\n|-weather|RainDance|[upkeep]\n|-sideend|p2: xequematt3|move: Tailwind\n|upkeep\n|turn|5\n|inactive|FzBlade has 30 seconds left.\n|\n|t:|1776013974\n|move|p2a: Feraligatr|Protect|p2a: Feraligatr\n|-singleturn|p2a: Feraligatr|Protect\n|move|p2b: Garchomp|Rock Slide|p1a: Pelipper|[spread] p1a,p1b\n|-supereffective|p1a: Pelipper|1\n|-damage|p1a: Pelipper|0 fnt\n|-damage|p1b: Meganium|22/100\n|faint|p1a: Pelipper\n|move|p1b: Meganium|Dazzling Gleam|p2a: Feraligatr|[spread] p2b\n|-activate|p2a: Feraligatr|move: Protect\n|-supereffective|p2b: Garchomp|1\n|-damage|p2b: Garchomp|16/100\n|\n|-weather|none\n|upkeep\n|\n|t:|1776013986\n|switch|p1a: Garchomp|Garchomp, L50, M|100/100\n|turn|6\n|\n|t:|1776014002\n|move|p1b: Meganium|Protect|p1b: Meganium\n|-singleturn|p1b: Meganium|Protect\n|move|p1a: Garchomp|Earthquake|p2a: Feraligatr|[spread] p2a,p2b\n|-activate|p1b: Meganium|move: Protect\n|-damage|p2a: Feraligatr|0 fnt\n|-damage|p2b: Garchomp|0 fnt\n|faint|p2a: Feraligatr\n|faint|p2b: Garchomp\n|\n|upkeep\n|\n|t:|1776014019\n|switch|p2b: Aegislash|Aegislash, L50, F, shiny|100/100\n|turn|7\n|\n|t:|1776014029\n|move|p1a: Garchomp|Earthquake|p2b: Aegislash|[spread] p1b,p2b\n|-resisted|p1b: Meganium|1\n|-supereffective|p2b: Aegislash|1\n|-damage|p1b: Meganium|4/100\n|-damage|p2b: Aegislash|36/100\n|move|p1b: Meganium|Weather Ball|p2b: Aegislash\n|-supereffective|p2b: Aegislash|1\n|-damage|p2b: Aegislash|0 fnt\n|faint|p2b: Aegislash\n|\n|win|FzBlade\n|raw|FzBlade's rating: 1000 &rarr; <strong>1046</strong><br />(+46 for winning)\n|raw|xequematt3's rating: 1056 &rarr; <strong>1035</strong><br />(-21 for losing)\n",
  "uploadtime": 1776014037,
  "views": 12,
  "formatid": "gen9championsvgc2026regma",
  "rating": 1035,
  "private": 0,
  "password": null
}