{
  "id": "gen9championsvgc2026regma-2587946432",
  "format": "[Gen 9 Champions] VGC 2026 Reg M-A",
  "players": [
    "YSKM9923",
    "daeronmadafaka"
  ],
  "log": "|j|\u2606YSKM9923\n|j|\u2606daeronmadafaka\n|t:|1776583023\n|gametype|doubles\n|player|p1|YSKM9923|ghetsis|1082\n|player|p2|daeronmadafaka|hugh|1131\n|gen|9\n|tier|[Gen 9 Champions] VGC 2026 Reg M-A\n|rated|\n|rule|Species Clause: Limit one of each Pok\u00e9mon\n|rule|Item Clause: Limit 1 of each item\n|clearpoke\n|poke|p1|Charizard, L50, M, shiny|\n|poke|p1|Sneasler, L50, M, shiny|\n|poke|p1|Whimsicott, L50, F, shiny|\n|poke|p1|Incineroar, L50, M, shiny|\n|poke|p1|Rotom-Wash, L50, shiny|\n|poke|p1|Garchomp, L50, F, shiny|\n|poke|p2|Florges, L50, F|\n|poke|p2|Ampharos, L50, M|\n|poke|p2|Krookodile, L50, F|\n|poke|p2|Arcanine, L50, F|\n|poke|p2|Chesnaught, L50, M|\n|poke|p2|Clefable, L50, M|\n|teampreview|4\n|inactive|Battle timer is ON: inactive players will automatically lose when time's up. (requested by YSKM9923)\n|inactive|daeronmadafaka has 60 seconds left.\nYSKM9923 rejected open team sheets.\n|\n|t:|1776583070\n|teamsize|p1|4\n|teamsize|p2|4\n|start\n|switch|p1a: Whimsicott|Whimsicott, L50, F, shiny|100/100\n|switch|p1b: Garchomp|Garchomp, L50, F, shiny|100/100\n|switch|p2a: Arcanine|Arcanine, L50, F|100/100\n|switch|p2b: Chesnaught|Chesnaught, L50, M|100/100\n|-ability|p2a: Arcanine|Intimidate|boost\n|-unboost|p1a: Whimsicott|atk|1\n|-unboost|p1b: Garchomp|atk|1\n|turn|1\n|\n|t:|1776583090\n|move|p2b: Chesnaught|Wide Guard|p2b: Chesnaught\n|-singleturn|p2b: Chesnaught|Wide Guard\n|move|p1a: Whimsicott|Tailwind|p1a: Whimsicott\n|-sidestart|p1: YSKM9923|move: Tailwind\n|move|p1b: Garchomp|Earthquake|p2a: Arcanine|[spread] p1a\n|-activate|p2a: Arcanine|move: Wide Guard\n|-activate|p2b: Chesnaught|move: Wide Guard\n|-resisted|p1a: Whimsicott|1\n|-damage|p1a: Whimsicott|79/100\n|move|p2a: Arcanine|Will-O-Wisp|p1b: Garchomp\n|-status|p1b: Garchomp|brn\n|\n|-damage|p1b: Garchomp|95/100 brn|[from] brn\n|upkeep\n|turn|2\n|inactive|daeronmadafaka has 30 seconds left.\n|\n|t:|1776583120\n|switch|p1b: Charizard|Charizard, L50, M, shiny|100/100\n|switch|p1a: Sneasler|Sneasler, L50, M, shiny|100/100\n|move|p2a: Arcanine|Flare Blitz|p1a: Sneasler\n|-damage|p1a: Sneasler|26/100\n|-damage|p2a: Arcanine|81/100|[from] Recoil\n|move|p2b: Chesnaught|Drain Punch|p1b: Charizard\n|-resisted|p1b: Charizard|1\n|-damage|p1b: Charizard|84/100\n|\n|upkeep\n|turn|3\n|inactive|YSKM9923 has 30 seconds left.\n|\n|t:|1776583151\n|detailschange|p1b: Charizard|Charizard-Mega-Y, L50, M, shiny\n|-mega|p1b: Charizard|Charizard|Charizardite Y\n|-weather|SunnyDay|[from] ability: Drought|[of] p1b: Charizard\n|move|p2b: Chesnaught|Spiky Shield|p2b: Chesnaught\n|-singleturn|p2b: Chesnaught|move: Protect\n|move|p1a: Sneasler|Dire Claw|p2b: Chesnaught\n|-activate|p2b: Chesnaught|move: Protect\n|-damage|p1a: Sneasler|14/100|[from] Spiky Shield|[of] p2b: Chesnaught\n|move|p1b: Charizard|Weather Ball|p2b: Chesnaught\n|-activate|p2b: Chesnaught|move: Protect\n|move|p2a: Arcanine|Will-O-Wisp|p1b: Charizard\n|-immune|p1b: Charizard\n|\n|-weather|SunnyDay|[upkeep]\n|upkeep\n|turn|4\n|inactive|daeronmadafaka has 30 seconds left.\n|\n|t:|1776583184\n|move|p1a: Sneasler|Dire Claw|p2b: Chesnaught\n|-supereffective|p2b: Chesnaught|1\n|-damage|p2b: Chesnaught|50/100\n|move|p1b: Charizard|Weather Ball|p2b: Chesnaught\n|-immune|p2b: Chesnaught|[from] ability: Bulletproof\n|move|p2b: Chesnaught|Drain Punch|p1a: Sneasler\n|-resisted|p1a: Sneasler|1\n|-damage|p1a: Sneasler|0 fnt\n|-heal|p2b: Chesnaught|56/100|[from] drain|[of] p1a: Sneasler\n|faint|p1a: Sneasler\n|move|p2a: Arcanine|Roar|p1b: Charizard\n|drag|p1b: Garchomp|Garchomp, L50, F, shiny|95/100 brn\n|\n|-weather|SunnyDay|[upkeep]\n|-heal|p2b: Chesnaught|62/100|[from] item: Leftovers\n|-damage|p1b: Garchomp|89/100 brn|[from] brn\n|-sideend|p1: YSKM9923|move: Tailwind\n|upkeep\n|\n|t:|1776583202\n|switch|p1a: Charizard|Charizard-Mega-Y, L50, M, shiny|84/100\n|turn|5\n|\n|t:|1776583219\n|move|p2b: Chesnaught|Wide Guard|p2b: Chesnaught\n|-singleturn|p2b: Chesnaught|Wide Guard\n|move|p1b: Garchomp|Earthquake|p2b: Chesnaught|[spread] \n|-activate|p2a: Arcanine|move: Wide Guard\n|-activate|p2b: Chesnaught|move: Wide Guard\n|-immune|p1a: Charizard\n|move|p1a: Charizard|Heat Wave|p2b: Chesnaught|[spread] \n|-activate|p2a: Arcanine|move: Wide Guard\n|-activate|p2b: Chesnaught|move: Wide Guard\n|move|p2a: Arcanine|Roar|p1a: Charizard\n|drag|p1a: Whimsicott|Whimsicott, L50, F, shiny|79/100\n|\n|-weather|SunnyDay|[upkeep]\n|-heal|p2b: Chesnaught|68/100|[from] item: Leftovers\n|-damage|p1b: Garchomp|83/100 brn|[from] brn\n|upkeep\n|turn|6\n|-message|YSKM9923 forfeited.\n|\n|win|daeronmadafaka\n|raw|YSKM9923's rating: 1082 &rarr; <strong>1063</strong><br />(-19 for losing)\n|raw|daeronmadafaka's rating: 1131 &rarr; <strong>1152</strong><br />(+21 for winning)\n",
  "uploadtime": 1776583239,
  "views": 13,
  "formatid": "gen9championsvgc2026regma",
  "rating": 1063,
  "private": 0,
  "password": null
}