{
  "id": "gen9championsvgc2026regma-2586926644",
  "format": "[Gen 9 Champions] VGC 2026 Reg M-A",
  "players": [
    "Goku Jr Sr",
    "colfox"
  ],
  "log": "|j|\u2606Goku Jr Sr\n|j|\u203dcolfox\n|t:|1776472521\n|gametype|doubles\n|player|p1|Goku Jr Sr|102|1294\n|player|p2|colfox|170|1324\n|gen|9\n|tier|[Gen 9 Champions] VGC 2026 Reg M-A\n|rated|\n|rule|Species Clause: Limit one of each Pok\u00e9mon\n|rule|Item Clause: Limit 1 of each item\n|clearpoke\n|poke|p1|Froslass, L50, F|\n|poke|p1|Orthworm, L50, M|\n|poke|p1|Garchomp, L50, F|\n|poke|p1|Rotom-Mow, L50|\n|poke|p1|Incineroar, L50, M|\n|poke|p1|Basculegion, L50, M|\n|poke|p2|Tyranitar, L50, F|\n|poke|p2|Excadrill, L50, F|\n|poke|p2|Dragapult, L50, M|\n|poke|p2|Milotic, L50, F|\n|poke|p2|Raichu, L50, M|\n|poke|p2|Scizor, L50, M|\n|teampreview|4\n|inactive|Battle timer is ON: inactive players will automatically lose when time's up. (requested by Goku Jr Sr)\n|inactive|Goku Jr Sr has 60 seconds left.\n|inactive|colfox has 60 seconds left.\n|\n|t:|1776472561\n|teamsize|p1|4\n|teamsize|p2|4\n|start\n|switch|p1a: Garchomp|Garchomp, L50, F|100/100\n|switch|p1b: Orthworm|Orthworm, L50, M|100/100\n|switch|p2a: Raichu|Raichu, L50, M|100/100\n|switch|p2b: Dragapult|Dragapult, L50, M|100/100\n|turn|1\n|\n|t:|1776472586\n|switch|p1b: Froslass|Froslass, L50, F|100/100\n|move|p2a: Raichu|Fake Out|p1a: Garchomp\n|-damage|p1a: Garchomp|92/100\n|-damage|p2a: Raichu|89/100|[from] ability: Rough Skin|[of] p1a: Garchomp\n|move|p2b: Dragapult|Dragon Darts|p1a: Garchomp\n|-supereffective|p1a: Garchomp|1\n|-damage|p1a: Garchomp|34/100\n|-anim|p2b: Dragapult|Dragon Darts|p1b: Froslass\n|-damage|p1b: Froslass|49/100\n|-start|p2b: Dragapult|Disable|Dragon Darts|[from] ability: Cursed Body|[of] p1b: Froslass\n|cant|p1a: Garchomp|flinch\n|\n|upkeep\n|turn|2\n|inactive|colfox has 30 seconds left.\n|\n|t:|1776472613\n|switch|p1b: Orthworm|Orthworm, L50, M|100/100\n|move|p2a: Raichu|Protect|p2a: Raichu\n|-singleturn|p2a: Raichu|Protect\n|move|p2b: Dragapult|U-turn|p1a: Garchomp\n|-damage|p1a: Garchomp|10/100\n|-damage|p2b: Dragapult|88/100|[from] ability: Rough Skin|[of] p1a: Garchomp\n|\n|t:|1776472624\n|switch|p2b: Excadrill|Excadrill, L50, F|100/100|[from] U-turn\n|move|p1a: Garchomp|Earthquake|p2b: Excadrill|[spread] p2b\n|-activate|p2a: Raichu|move: Protect\n|-immune|p1b: Orthworm|[from] ability: Earth Eater\n|-supereffective|p2b: Excadrill|1\n|-enditem|p2b: Excadrill|Shuca Berry|[eat]\n|-enditem|p2b: Excadrill|Shuca Berry|[weaken]\n|-damage|p2b: Excadrill|48/100\n|\n|upkeep\n|turn|3\n|\n|t:|1776472639\n|switch|p2a: Tyranitar|Tyranitar, L50, F|100/100\n|-weather|Sandstorm|[from] ability: Sand Stream|[of] p2a: Tyranitar\n|move|p1a: Garchomp|Protect|p1a: Garchomp\n|-singleturn|p1a: Garchomp|Protect\n|move|p2b: Excadrill|Iron Head|p1a: Garchomp\n|-activate|p1a: Garchomp|move: Protect\n|move|p1b: Orthworm|Iron Defense|p1b: Orthworm\n|-boost|p1b: Orthworm|def|2\n|\n|-weather|Sandstorm|[upkeep]\n|upkeep\n|turn|4\n|\n|t:|1776472660\n|switch|p1a: Rotom|Rotom-Mow, L50|100/100\n|detailschange|p2a: Tyranitar|Tyranitar-Mega, L50, F\n|-mega|p2a: Tyranitar|Tyranitar|Tyranitarite\n|move|p2b: Excadrill|Rock Slide|p1b: Orthworm|[spread] p1a,p1b\n|-resisted|p1b: Orthworm|1\n|-damage|p1a: Rotom|76/100\n|-damage|p1b: Orthworm|97/100\n|move|p2a: Tyranitar|Knock Off|p1b: Orthworm\n|-damage|p1b: Orthworm|73/100\n|-enditem|p1b: Orthworm|Sitrus Berry|[from] move: Knock Off|[of] p2a: Tyranitar\n|move|p1b: Orthworm|Body Press|p2a: Tyranitar\n|-supereffective|p2a: Tyranitar|2\n|-damage|p2a: Tyranitar|0 fnt\n|faint|p2a: Tyranitar\n|\n|-weather|Sandstorm|[upkeep]\n|-damage|p1a: Rotom|70/100|[from] Sandstorm\n|upkeep\n|\n|t:|1776472680\n|switch|p2a: Dragapult|Dragapult, L50, M|88/100\n|turn|5\n|\n|t:|1776472701\n|move|p1a: Rotom|Protect|p1a: Rotom\n|-singleturn|p1a: Rotom|Protect\n|move|p2b: Excadrill|Rock Slide|p1a: Rotom|[spread] p1b\n|-activate|p1a: Rotom|move: Protect\n|-resisted|p1b: Orthworm|1\n|-damage|p1b: Orthworm|70/100\n|move|p2a: Dragapult|Dragon Darts|p1b: Orthworm\n|-resisted|p1b: Orthworm|1\n|-damage|p1b: Orthworm|64/100\n|-anim|p2a: Dragapult|Dragon Darts|p1b: Orthworm\n|-resisted|p1b: Orthworm|1\n|-damage|p1b: Orthworm|59/100\n|move|p1b: Orthworm|Body Press|p2b: Excadrill\n|-supereffective|p2b: Excadrill|1\n|-damage|p2b: Excadrill|0 fnt\n|faint|p2b: Excadrill\n|\n|-weather|Sandstorm|[upkeep]\n|-damage|p2a: Dragapult|82/100|[from] Sandstorm\n|-damage|p1a: Rotom|64/100|[from] Sandstorm\n|upkeep\n|\n|t:|1776472721\n|switch|p2b: Raichu|Raichu, L50, M|89/100\n|turn|6\n|\n|t:|1776472732\n|switch|p1a: Garchomp|Garchomp, L50, F|10/100\n|move|p2a: Dragapult|Dragon Darts|p1a: Garchomp\n|-supereffective|p1a: Garchomp|1\n|-damage|p1a: Garchomp|0 fnt\n|-anim|p2a: Dragapult|Dragon Darts|p1b: Orthworm\n|-resisted|p1b: Orthworm|1\n|-damage|p1b: Orthworm|54/100\n|faint|p1a: Garchomp\n|move|p2b: Raichu|Thunderbolt|p1b: Orthworm\n|-damage|p1b: Orthworm|0 fnt\n|faint|p1b: Orthworm\n|\n|-weather|Sandstorm|[upkeep]\n|-damage|p2a: Dragapult|76/100|[from] Sandstorm\n|-damage|p2b: Raichu|83/100|[from] Sandstorm\n|upkeep\n|\n|t:|1776472742\n|switch|p1a: Rotom|Rotom-Mow, L50|64/100\n|switch|p1b: Froslass|Froslass, L50, F|49/100\n|turn|7\n|inactive|colfox has 30 seconds left.\n|\n|t:|1776472772\n|detailschange|p1b: Froslass|Froslass-Mega, L50, F\n|-mega|p1b: Froslass|Froslass|Froslassite\n|-weather|Snowscape|[from] ability: Snow Warning|[of] p1b: Froslass\n|move|p2a: Dragapult|Dragon Darts|p1b: Froslass\n|-damage|p1b: Froslass|15/100\n|-anim|p2a: Dragapult|Dragon Darts|p1a: Rotom\n|-damage|p1a: Rotom|24/100\n|move|p1b: Froslass|Blizzard|p2a: Dragapult|[spread] p2a,p2b\n|-supereffective|p2a: Dragapult|1\n|-damage|p2a: Dragapult|0 fnt\n|-damage|p2b: Raichu|13/100\n|faint|p2a: Dragapult\n|move|p2b: Raichu|Thunderbolt|p1b: Froslass\n|-damage|p1b: Froslass|0 fnt\n|faint|p1b: Froslass\n|move|p1a: Rotom|Electroweb|p2b: Raichu\n|-ability|p2b: Raichu|Lightning Rod|boost\n|-boost|p2b: Raichu|spa|1\n|\n|-weather|Snowscape|[upkeep]\n|upkeep\n|turn|8\n|\n|t:|1776472792\n|move|p2b: Raichu|Thunderbolt|p1a: Rotom\n|-resisted|p1a: Rotom|2\n|-damage|p1a: Rotom|1/100\n|move|p1a: Rotom|Leaf Storm|p2b: Raichu\n|-damage|p2b: Raichu|0 fnt\n|-unboost|p1a: Rotom|spa|2\n|faint|p2b: Raichu\n|\n|win|Goku Jr Sr\n|raw|Goku Jr Sr's rating: 1294 &rarr; <strong>1321</strong><br />(+27 for winning)\n|raw|colfox's rating: 1324 &rarr; <strong>1302</strong><br />(-22 for losing)\n",
  "uploadtime": 1776472802,
  "views": 40,
  "formatid": "gen9championsvgc2026regma",
  "rating": 1302,
  "private": 0,
  "password": null
}