{
  "id": "gen9championsvgc2026regma-2588559936",
  "format": "[Gen 9 Champions] VGC 2026 Reg M-A",
  "players": [
    "HeavyLobsterAlf",
    "Shwammy2"
  ],
  "log": "|j|\u2606HeavyLobsterAlf\n|j|\u2606Shwammy2\n|t:|1776644997\n|gametype|doubles\n|player|p1|HeavyLobsterAlf|phoebe-masters|1351\n|player|p2|Shwammy2|acetrainer-gen4dp|1321\n|gen|9\n|tier|[Gen 9 Champions] VGC 2026 Reg M-A\n|rated|\n|rule|Species Clause: Limit one of each Pok\u00e9mon\n|rule|Item Clause: Limit 1 of each item\n|clearpoke\n|poke|p1|Gardevoir, L50, M|\n|poke|p1|Primarina, L50, M|\n|poke|p1|Whimsicott, L50, M|\n|poke|p1|Sneasler, L50, M|\n|poke|p1|Arcanine-Hisui, L50, M|\n|poke|p1|Kingambit, L50, F|\n|poke|p2|Golurk, L50|\n|poke|p2|Sneasler, L50, F|\n|poke|p2|Dragapult, L50, F, shiny|\n|poke|p2|Tyranitar, L50, M|\n|poke|p2|Whimsicott, L50, F|\n|poke|p2|Rotom-Wash, L50|\n|teampreview|4\n|inactive|Battle timer is ON: inactive players will automatically lose when time's up. (requested by Shwammy2)\nShwammy2 has agreed to open team sheets.\n|c|\u2606Shwammy2|glhf\n|inactive|HeavyLobsterAlf has 60 seconds left.\n|inactive|Shwammy2 has 60 seconds left.\n|inactive|HeavyLobsterAlf has 30 seconds left.\n|inactive|Shwammy2 has 30 seconds left.\n|\n|t:|1776645066\n|teamsize|p1|4\n|teamsize|p2|4\n|start\n|switch|p1a: Sneasler|Sneasler, L50, M|100/100\n|switch|p1b: Primarina|Primarina, L50, M|100/100\n|switch|p2a: Golurk|Golurk, L50|100/100\n|switch|p2b: Rotom|Rotom-Wash, L50|100/100\n|turn|1\n|\n|t:|1776645077\n|detailschange|p2a: Golurk|Golurk-Mega, L50\n|-mega|p2a: Golurk|Golurk|Golurkite\n|move|p1a: Sneasler|Fake Out|p2b: Rotom\n|-damage|p2b: Rotom|88/100\n|cant|p2b: Rotom|flinch\n|move|p2a: Golurk|Headlong Rush|p1b: Primarina\n|-damage|p1b: Primarina|9/100\n|-unboost|p2a: Golurk|def|1\n|-unboost|p2a: Golurk|spd|1\n|move|p1b: Primarina|Calm Mind|p1b: Primarina\n|-boost|p1b: Primarina|spa|1\n|-boost|p1b: Primarina|spd|1\n|\n|-heal|p2b: Rotom|94/100|[from] item: Leftovers\n|-heal|p1b: Primarina|15/100|[from] item: Leftovers\n|upkeep\n|turn|2\n|inactive|HeavyLobsterAlf has 30 seconds left.\n|inactive|HeavyLobsterAlf has 20 seconds left.\n|inactive|HeavyLobsterAlf has 15 seconds left.\n|inactive|HeavyLobsterAlf has 10 seconds left.\n|inactive|HeavyLobsterAlf has 5 seconds left.\n|\n|t:|1776645128\n|switch|p1a: Whimsicott|Whimsicott, L50, M|100/100\n|move|p2a: Golurk|Protect|p2a: Golurk\n|-singleturn|p2a: Golurk|Protect\n|move|p1b: Primarina|Protect|p1b: Primarina\n|-singleturn|p1b: Primarina|Protect\n|move|p2b: Rotom|Will-O-Wisp|p1a: Whimsicott\n|-status|p1a: Whimsicott|brn\n|\n|-heal|p2b: Rotom|99/100|[from] item: Leftovers\n|-heal|p1b: Primarina|21/100|[from] item: Leftovers\n|-damage|p1a: Whimsicott|95/100 brn|[from] brn\n|upkeep\n|turn|3\n|\n|t:|1776645143\n|switch|p2a: Sneasler|Sneasler, L50, F|100/100\n|move|p1a: Whimsicott|Encore||[still]\n|-fail|p1a: Whimsicott\n|move|p2b: Rotom|Electroweb|p1b: Primarina|[spread] p1a,p1b\n|-resisted|p1a: Whimsicott|1\n|-supereffective|p1b: Primarina|1\n|-damage|p1a: Whimsicott|85/100 brn\n|-damage|p1b: Primarina|2/100\n|-unboost|p1a: Whimsicott|spe|1\n|-unboost|p1b: Primarina|spe|1\n|move|p1b: Primarina|Moonblast|p2b: Rotom\n|-damage|p2b: Rotom|15/100\n|-unboost|p2b: Rotom|spa|1\n|\n|-heal|p2b: Rotom|21/100|[from] item: Leftovers\n|-heal|p1b: Primarina|7/100|[from] item: Leftovers\n|-damage|p1a: Whimsicott|79/100 brn|[from] brn\n|upkeep\n|turn|4\n|\n|t:|1776645149\n|move|p1a: Whimsicott|Protect|p1a: Whimsicott\n|-singleturn|p1a: Whimsicott|Protect\n|move|p1b: Primarina|Protect|p1b: Primarina\n|-singleturn|p1b: Primarina|Protect\n|move|p2a: Sneasler|Dire Claw|p1a: Whimsicott\n|-activate|p1a: Whimsicott|move: Protect\n|move|p2b: Rotom|Electroweb|p1a: Whimsicott|[spread] \n|-activate|p1a: Whimsicott|move: Protect\n|-activate|p1b: Primarina|move: Protect\n|\n|-heal|p2b: Rotom|27/100|[from] item: Leftovers\n|-heal|p1b: Primarina|13/100|[from] item: Leftovers\n|-damage|p1a: Whimsicott|73/100 brn|[from] brn\n|upkeep\n|turn|5\n|\n|t:|1776645154\n|move|p1a: Whimsicott|Tailwind|p1a: Whimsicott\n|-sidestart|p1: HeavyLobsterAlf|move: Tailwind\n|move|p2a: Sneasler|Dire Claw|p1a: Whimsicott\n|-supereffective|p1a: Whimsicott|2\n|-damage|p1a: Whimsicott|0 fnt\n|faint|p1a: Whimsicott\n|move|p1b: Primarina|Hyper Voice|p2a: Sneasler|[spread] p2a,p2b\n|-resisted|p2b: Rotom|1\n|-damage|p2a: Sneasler|27/100\n|-damage|p2b: Rotom|0 fnt\n|faint|p2b: Rotom\n|\n|-heal|p1b: Primarina|19/100|[from] item: Leftovers\n|upkeep\n|\n|t:|1776645158\n|switch|p1a: Sneasler|Sneasler, L50, M|100/100\n|switch|p2b: Tyranitar|Tyranitar, L50, M|100/100\n|-weather|Sandstorm|[from] ability: Sand Stream|[of] p2b: Tyranitar\n|turn|6\n|\n|t:|1776645165\n|move|p2a: Sneasler|Protect|p2a: Sneasler\n|-singleturn|p2a: Sneasler|Protect\n|move|p1a: Sneasler|Fake Out|p2a: Sneasler\n|-activate|p2a: Sneasler|move: Protect\n|move|p1b: Primarina|Hyper Voice|p2b: Tyranitar|[spread] p2b\n|-activate|p2a: Sneasler|move: Protect\n|-supereffective|p2b: Tyranitar|1\n|-damage|p2b: Tyranitar|54/100\n|move|p2b: Tyranitar|Thunder Wave|p1a: Sneasler\n|-status|p1a: Sneasler|par\n|\n|-weather|Sandstorm|[upkeep]\n|-damage|p2a: Sneasler|21/100|[from] Sandstorm\n|-damage|p1a: Sneasler|95/100 par|[from] Sandstorm\n|-damage|p1b: Primarina|13/100|[from] Sandstorm\n|-heal|p1b: Primarina|19/100|[from] item: Leftovers\n|upkeep\n|turn|7\n|\n|t:|1776645179\n|move|p1b: Primarina|Protect|p1b: Primarina\n|-singleturn|p1b: Primarina|Protect\n|move|p2a: Sneasler|Close Combat|p1a: Sneasler\n|-resisted|p1a: Sneasler|1\n|-damage|p1a: Sneasler|40/100 par\n|-unboost|p2a: Sneasler|def|1\n|-unboost|p2a: Sneasler|spd|1\n|-enditem|p2a: Sneasler|White Herb\n|-clearnegativeboost|p2a: Sneasler|[silent]\n|move|p1a: Sneasler|Close Combat|p2a: Sneasler\n|-resisted|p2a: Sneasler|1\n|-damage|p2a: Sneasler|0 fnt\n|-unboost|p1a: Sneasler|def|1\n|-unboost|p1a: Sneasler|spd|1\n|faint|p2a: Sneasler\n|-enditem|p1a: Sneasler|White Herb\n|-clearnegativeboost|p1a: Sneasler|[silent]\n|move|p2b: Tyranitar|Rock Slide|p1a: Sneasler|[spread] p1a\n|-activate|p1b: Primarina|move: Protect\n|-resisted|p1a: Sneasler|1\n|-damage|p1a: Sneasler|20/100 par\n|\n|-weather|Sandstorm|[upkeep]\n|-damage|p1a: Sneasler|14/100 par|[from] Sandstorm\n|-damage|p1b: Primarina|13/100|[from] Sandstorm\n|-heal|p1b: Primarina|19/100|[from] item: Leftovers\n|upkeep\n|\n|t:|1776645181\n|switch|p2a: Golurk|Golurk-Mega, L50|100/100\n|turn|8\n|\n|t:|1776645189\n|move|p1a: Sneasler|Close Combat|p2b: Tyranitar\n|-supereffective|p2b: Tyranitar|2\n|-damage|p2b: Tyranitar|0 fnt\n|-unboost|p1a: Sneasler|def|1\n|-unboost|p1a: Sneasler|spd|1\n|faint|p2b: Tyranitar\n|move|p1b: Primarina|Hyper Voice|p2a: Golurk\n|-supereffective|p2a: Golurk|1\n|-damage|p2a: Golurk|0 fnt\n|faint|p2a: Golurk\n|\n|win|HeavyLobsterAlf\n|raw|HeavyLobsterAlf's rating: 1326 &rarr; <strong>1346</strong><br />(+20 for winning)\n|raw|Shwammy2's rating: 1321 &rarr; <strong>1301</strong><br />(-20 for losing)\n|l|\u2606Shwammy2\n|player|p2|\n",
  "uploadtime": 1776645203,
  "views": 8,
  "formatid": "gen9championsvgc2026regma",
  "rating": 1301,
  "private": 0,
  "password": null
}