{
  "id": "gen9championsvgc2026regma-2584898394",
  "format": "[Gen 9 Champions] VGC 2026 Reg M-A",
  "players": [
    "Rayder177",
    "Azreal29"
  ],
  "log": "|j|\u2606Rayder177\n|j|\u2606Azreal29\n|t:|1776292629\n|gametype|doubles\n|player|p1|Rayder177|n|1096\n|player|p2|Azreal29|unknown|1176\n|gen|9\n|tier|[Gen 9 Champions] VGC 2026 Reg M-A\n|rated|\n|rule|Species Clause: Limit one of each Pok\u00e9mon\n|rule|Item Clause: Limit 1 of each item\n|clearpoke\n|poke|p1|Basculegion, L50, M|\n|poke|p1|Sneasler, L50, M|\n|poke|p1|Scizor, L50, M|\n|poke|p1|Kommo-o, L50, M|\n|poke|p1|Incineroar, L50, M|\n|poke|p1|Ninetales-Alola, L50, M|\n|poke|p2|Gengar, L50, M|\n|poke|p2|Sinistcha, L50|\n|poke|p2|Maushold-Four, L50|\n|poke|p2|Incineroar, L50, M|\n|poke|p2|Pelipper, L50, M|\n|poke|p2|Archaludon, L50, M|\n|teampreview|4\n|inactive|Battle timer is ON: inactive players will automatically lose when time's up. (requested by Azreal29)\n|\n|t:|1776292651\n|teamsize|p1|4\n|teamsize|p2|4\n|start\n|switch|p1a: Sneasler|Sneasler, L50, M|100/100\n|switch|p1b: Scizor|Scizor, L50, M|100/100\n|switch|p2a: Inumaki|Gengar, L50, M, shiny|100/100\n|switch|p2b: Cursed mouse|Maushold-Four, L50|100/100\n|turn|1\n|\n|t:|1776292674\n|detailschange|p2a: Inumaki|Gengar-Mega, L50, M, shiny\n|-mega|p2a: Inumaki|Gengar|Gengarite\n|detailschange|p1b: Scizor|Scizor-Mega, L50, M\n|-mega|p1b: Scizor|Scizor|Scizorite\n|move|p1a: Sneasler|Fake Out|p2b: Cursed mouse\n|-damage|p2b: Cursed mouse|87/100\n|move|p2a: Inumaki|Perish Song|p2a: Inumaki\n|-start|p1a: Sneasler|perish3|[silent]\n|-start|p1b: Scizor|perish3|[silent]\n|-start|p2a: Inumaki|perish3|[silent]\n|-start|p2b: Cursed mouse|perish3|[silent]\n|-fieldactivate|move: Perish Song\n|cant|p2b: Cursed mouse|flinch\n|move|p1b: Scizor|Swords Dance|p1b: Scizor\n|-boost|p1b: Scizor|atk|2\n|\n|-start|p1a: Sneasler|perish3\n|-start|p2a: Inumaki|perish3\n|-start|p2b: Cursed mouse|perish3\n|-start|p1b: Scizor|perish3\n|upkeep\n|turn|2\n|\n|t:|1776292695\n|move|p2a: Inumaki|Protect|p2a: Inumaki\n|-singleturn|p2a: Inumaki|Protect\n|move|p1b: Scizor|Bullet Punch|p2a: Inumaki\n|-activate|p2a: Inumaki|move: Protect\n|move|p1a: Sneasler|Close Combat|p2b: Cursed mouse\n|-supereffective|p2b: Cursed mouse|1\n|-damage|p2b: Cursed mouse|0 fnt\n|-unboost|p1a: Sneasler|def|1\n|-unboost|p1a: Sneasler|spd|1\n|faint|p2b: Cursed mouse\n|-enditem|p1a: Sneasler|White Herb\n|-clearnegativeboost|p1a: Sneasler|[silent]\n|\n|-start|p1a: Sneasler|perish2\n|-start|p2a: Inumaki|perish2\n|-start|p1b: Scizor|perish2\n|upkeep\n|\n|t:|1776292704\n|switch|p2b: Cursed|Pelipper, L50, M|100/100\n|-weather|RainDance|[from] ability: Drizzle|[of] p2b: Cursed\n|turn|3\n|\n|t:|1776292726\n|move|p1b: Scizor|Bullet Punch|p2a: Inumaki\n|-damage|p2a: Inumaki|0 fnt\n|faint|p2a: Inumaki\n|move|p1a: Sneasler|Dire Claw|p2b: Cursed\n|-damage|p2b: Cursed|44/100\n|move|p2b: Cursed|Tailwind|p2b: Cursed\n|-sidestart|p2: Azreal29|move: Tailwind\n|\n|-weather|RainDance|[upkeep]\n|-start|p1a: Sneasler|perish1\n|-start|p1b: Scizor|perish1\n|upkeep\n|\n|t:|1776292735\n|switch|p2a: Kashidon|Archaludon, L50, M, shiny|100/100\n|turn|4\n|inactive|Rayder177 has 30 seconds left.\n|\n|t:|1776292781\n|switch|p1a: Kommo-o|Kommo-o, L50, M|100/100\n|switch|p1b: Basculegion|Basculegion, L50, M|100/100\n|move|p2b: Cursed|Hurricane|p1a: Kommo-o\n|-supereffective|p1a: Kommo-o|1\n|-damage|p1a: Kommo-o|0 fnt\n|faint|p1a: Kommo-o\n|move|p2a: Kashidon|Electro Shot||[still]\n|-prepare|p2a: Kashidon|Electro Shot\n|-boost|p2a: Kashidon|spa|1\n|-anim|p2a: Kashidon|Electro Shot|p1b: Basculegion\n|-supereffective|p1b: Basculegion|1\n|-damage|p1b: Basculegion|0 fnt\n|faint|p1b: Basculegion\n|\n|-weather|RainDance|[upkeep]\n|upkeep\n|\n|t:|1776292793\n|switch|p1a: Sneasler|Sneasler, L50, M|100/100\n|switch|p1b: Scizor|Scizor-Mega, L50, M|100/100\n|turn|5\n|\n|t:|1776292810\n|move|p2b: Cursed|Hurricane|p1a: Sneasler\n|-supereffective|p1a: Sneasler|1\n|-crit|p1a: Sneasler\n|-damage|p1a: Sneasler|0 fnt\n|faint|p1a: Sneasler\n|move|p2a: Kashidon|Electro Shot||[still]\n|-prepare|p2a: Kashidon|Electro Shot\n|-boost|p2a: Kashidon|spa|1\n|-anim|p2a: Kashidon|Electro Shot|p1b: Scizor\n|-damage|p1b: Scizor|21/100\n|move|p1b: Scizor|Bug Bite|p2a: Kashidon\n|-resisted|p2a: Kashidon|1\n|-damage|p2a: Kashidon|81/100\n|-ability|p2a: Kashidon|Stamina|boost\n|-boost|p2a: Kashidon|def|1\n|\n|-weather|RainDance|[upkeep]\n|-heal|p2a: Kashidon|87/100|[from] item: Leftovers\n|upkeep\n|turn|6\n|-message|Rayder177 forfeited.\n|\n|win|Azreal29\n|raw|Rayder177's rating: 1096 &rarr; <strong>1077</strong><br />(-19 for losing)\n|raw|Azreal29's rating: 1176 &rarr; <strong>1195</strong><br />(+19 for winning)\n|l|\u2606Rayder177\n|player|p1|\n",
  "uploadtime": 1776292830,
  "views": 17,
  "formatid": "gen9championsvgc2026regma",
  "rating": 1077,
  "private": 0,
  "password": null
}