{
  "id": "gen9championsvgc2026regma-2586935351",
  "format": "[Gen 9 Champions] VGC 2026 Reg M-A",
  "players": [
    "telesticGhost",
    "looongirsu"
  ],
  "log": "|j|\u2606telesticGhost\n|j|\u2606looongirsu\n|t:|1776473369\n|gametype|doubles\n|player|p1|telesticGhost|266|1048\n|player|p2|looongirsu|harlequin|1138\n|gen|9\n|tier|[Gen 9 Champions] VGC 2026 Reg M-A\n|rated|\n|rule|Species Clause: Limit one of each Pok\u00e9mon\n|rule|Item Clause: Limit 1 of each item\n|clearpoke\n|poke|p1|Meowscarada, L50, M|\n|poke|p1|Pelipper, L50, M|\n|poke|p1|Archaludon, L50, M|\n|poke|p1|Gengar, L50, M|\n|poke|p1|Primarina, L50, F|\n|poke|p1|Raichu, L50, M|\n|poke|p2|Victreebel, L50, M|\n|poke|p2|Garchomp, L50, M|\n|poke|p2|Aerodactyl, L50, F|\n|poke|p2|Kingambit, L50, M|\n|poke|p2|Pelipper, L50, F|\n|poke|p2|Sneasler, L50, F|\n|teampreview|4\n|inactive|Battle timer is ON: inactive players will automatically lose when time's up. (requested by looongirsu)\n|inactive|looongirsu has 60 seconds left.\n|\n|t:|1776473402\n|teamsize|p1|4\n|teamsize|p2|4\n|start\n|switch|p1a: Pelipper|Pelipper, L50, M|100/100\n|switch|p1b: Archaludon|Archaludon, L50, M|100/100\n|switch|p2a: Victreebel|Victreebel, L50, M|100/100\n|switch|p2b: Sneasler|Sneasler, L50, F|100/100\n|-weather|RainDance|[from] ability: Drizzle|[of] p1a: Pelipper\n|turn|1\n|inactive|telesticGhost has 30 seconds left.\n|-activate|p1a: Pelipper|item: Quick Claw\n|\n|t:|1776473428\n|detailschange|p2a: Victreebel|Victreebel-Mega, L50, M\n|-mega|p2a: Victreebel|Victreebel|Victreebelite\n|move|p1a: Pelipper|Protect|p1a: Pelipper\n|-singleturn|p1a: Pelipper|Protect\n|move|p2b: Sneasler|Fake Out|p1a: Pelipper\n|-activate|p1a: Pelipper|move: Protect\n|move|p1b: Archaludon|Electro Shot||[still]\n|-prepare|p1b: Archaludon|Electro Shot\n|-boost|p1b: Archaludon|spa|1\n|-anim|p1b: Archaludon|Electro Shot|p2b: Sneasler\n|-damage|p2b: Sneasler|15/100\n|move|p2a: Victreebel|Energy Ball|p1a: Pelipper\n|-activate|p1a: Pelipper|move: Protect\n|\n|-weather|RainDance|[upkeep]\n|upkeep\n|turn|2\n|inactive|telesticGhost has 30 seconds left.\n|\n|t:|1776473457\n|move|p2b: Sneasler|Close Combat|p1b: Archaludon\n|-supereffective|p1b: Archaludon|1\n|-damage|p1b: Archaludon|0 fnt\n|-unboost|p2b: Sneasler|def|1\n|-unboost|p2b: Sneasler|spd|1\n|faint|p1b: Archaludon\n|-enditem|p2b: Sneasler|White Herb\n|-clearnegativeboost|p2b: Sneasler|[silent]\n|move|p2a: Victreebel|Energy Ball|p1a: Pelipper\n|-damage|p1a: Pelipper|34/100\n|move|p1a: Pelipper|Tailwind|p1a: Pelipper\n|-sidestart|p1: telesticGhost|move: Tailwind\n|\n|-weather|RainDance|[upkeep]\n|upkeep\n|\n|t:|1776473472\n|switch|p1b: Raichu|Raichu, L50, M|100/100\n|turn|3\n|\n|t:|1776473484\n|move|p1b: Raichu|Fake Out|p2b: Sneasler\n|-damage|p2b: Sneasler|1/100\n|cant|p2b: Sneasler|flinch\n|move|p1a: Pelipper|Hurricane|p2a: Victreebel\n|-supereffective|p2a: Victreebel|1\n|-damage|p2a: Victreebel|3/100\n|move|p2a: Victreebel|Sludge Bomb|p1b: Raichu\n|-damage|p1b: Raichu|48/100\n|-enditem|p1b: Raichu|Sitrus Berry|[eat]\n|-heal|p1b: Raichu|72/100|[from] item: Sitrus Berry\n|\n|-weather|RainDance|[upkeep]\n|upkeep\n|turn|4\n|\n|t:|1776473506\n|move|p2a: Victreebel|Protect|p2a: Victreebel\n|-singleturn|p2a: Victreebel|Protect\n|move|p2b: Sneasler|Dire Claw|p1a: Pelipper\n|-damage|p1a: Pelipper|0 fnt\n|faint|p1a: Pelipper\n|move|p1b: Raichu|Nuzzle|p2a: Victreebel\n|-activate|p2a: Victreebel|move: Protect\n|\n|-weather|RainDance|[upkeep]\n|upkeep\n|c|\u2606looongirsu|w 1 hp clutch\n|c|\u2606telesticGhost|actually l 1 hp clutch\n|\n|t:|1776473521\n|switch|p1a: Primarina|Primarina, L50, F|100/100\n|turn|5\n|\n|t:|1776473535\n|move|p2b: Sneasler|Dire Claw|p1a: Primarina\n|-supereffective|p1a: Primarina|1\n|-damage|p1a: Primarina|0 fnt\n|faint|p1a: Primarina\n|move|p1b: Raichu|Nuzzle|p2a: Victreebel\n|-resisted|p2a: Victreebel|1\n|-damage|p2a: Victreebel|0 fnt\n|-damage|p1b: Raichu|69/100|[from] ability: Innards Out|[of] p2a: Victreebel\n|faint|p2a: Victreebel\n|\n|-weather|none\n|-sideend|p1: telesticGhost|move: Tailwind\n|upkeep\n|\n|t:|1776473539\n|switch|p2a: Garchomp|Garchomp, L50, M|100/100\n|turn|6\n|c|\u2606telesticGhost|bitch ass rat\n|-message|telesticGhost forfeited.\n|\n|win|looongirsu\n",
  "uploadtime": 1776473547,
  "views": 11,
  "formatid": "gen9championsvgc2026regma",
  "rating": null,
  "private": 0,
  "password": null
}