{
  "id": "gen9championsvgc2026regma-2584866580",
  "format": "[Gen 9 Champions] VGC 2026 Reg M-A",
  "players": [
    "Vizsla_falconer",
    "ItzXayBrodiee"
  ],
  "log": "|j|\u2606Vizsla_falconer\n|j|\u2606ItzXayBrodiee\n|t:|1776289901\n|gametype|doubles\n|player|p1|Vizsla_falconer|169|1136\n|player|p2|ItzXayBrodiee|hoopster|1084\n|gen|9\n|tier|[Gen 9 Champions] VGC 2026 Reg M-A\n|rated|\n|rule|Species Clause: Limit one of each Pok\u00e9mon\n|rule|Item Clause: Limit 1 of each item\n|clearpoke\n|poke|p1|Excadrill, L50, F|\n|poke|p1|Tyranitar, L50, F|\n|poke|p1|Orthworm, L50, F|\n|poke|p1|Dragonite, L50, M|\n|poke|p1|Ceruledge, L50, M|\n|poke|p1|Sinistcha, L50|\n|poke|p2|Lopunny, L50, F|\n|poke|p2|Corviknight, L50, F|\n|poke|p2|Garchomp, L50, F|\n|poke|p2|Incineroar, L50, M|\n|poke|p2|Whimsicott, L50, F|\n|poke|p2|Rotom-Wash, L50|\n|teampreview|4\n|\n|t:|1776289963\n|teamsize|p1|4\n|teamsize|p2|4\n|start\n|switch|p1a: Sinistcha|Sinistcha, L50|100/100\n|switch|p1b: Ceruledge|Ceruledge, L50, M|100/100\n|switch|p2a: Lopunny|Lopunny, L50, F|100/100\n|switch|p2b: Corviknight|Corviknight, L50, F|100/100\n|turn|1\n|\n|t:|1776290012\n|switch|p2b: Incineroar|Incineroar, L50, M|100/100\n|-ability|p2b: Incineroar|Intimidate|boost\n|-unboost|p1a: Sinistcha|atk|1\n|-unboost|p1b: Ceruledge|atk|1\n|-enditem|p1b: Ceruledge|White Herb\n|-clearnegativeboost|p1b: Ceruledge|[silent]\n|detailschange|p2a: Lopunny|Lopunny-Mega, L50, F\n|-mega|p2a: Lopunny|Lopunny|Lopunnite\n|move|p2a: Lopunny|Fake Out|p1a: Sinistcha\n|-damage|p1a: Sinistcha|79/100\n|move|p1b: Ceruledge|Swords Dance|p1b: Ceruledge\n|-boost|p1b: Ceruledge|atk|2\n|cant|p1a: Sinistcha|flinch\n|\n|upkeep\n|turn|2\n|inactive|Battle timer is ON: inactive players will automatically lose when time's up. (requested by Vizsla_falconer)\n|\n|t:|1776290037\n|move|p1a: Sinistcha|Rage Powder|p1a: Sinistcha\n|-singleturn|p1a: Sinistcha|move: Rage Powder\n|move|p2a: Lopunny|Close Combat|p1a: Sinistcha\n|-damage|p1a: Sinistcha|12/100\n|-unboost|p2a: Lopunny|def|1\n|-unboost|p2a: Lopunny|spd|1\n|-enditem|p1a: Sinistcha|Sitrus Berry|[eat]\n|-heal|p1a: Sinistcha|37/100|[from] item: Sitrus Berry\n|move|p1b: Ceruledge|Bitter Blade|p2a: Lopunny\n|-damage|p2a: Lopunny|0 fnt\n|faint|p2a: Lopunny\n|move|p2b: Incineroar|Parting Shot|p1a: Sinistcha\n|-unboost|p1a: Sinistcha|atk|1\n|-unboost|p1a: Sinistcha|spa|1\n|\n|t:|1776290050\n|switch|p2b: Rotom|Rotom-Wash, L50|100/100|[from] Parting Shot\n|\n|upkeep\n|\n|t:|1776290057\n|switch|p2a: Incineroar|Incineroar, L50, M|100/100\n|-ability|p2a: Incineroar|Intimidate|boost\n|-unboost|p1a: Sinistcha|atk|1\n|-unboost|p1b: Ceruledge|atk|1\n|turn|3\n|\n|t:|1776290079\n|move|p1b: Ceruledge|Close Combat|p2b: Rotom\n|-crit|p2b: Rotom\n|-damage|p2b: Rotom|4/100\n|-unboost|p1b: Ceruledge|def|1\n|-unboost|p1b: Ceruledge|spd|1\n|move|p2b: Rotom|Hydro Pump|p1b: Ceruledge\n|-supereffective|p1b: Ceruledge|1\n|-damage|p1b: Ceruledge|0 fnt\n|faint|p1b: Ceruledge\n|move|p1a: Sinistcha|Matcha Gotcha|p2b: Rotom|[spread] p2b\n|-miss|p1a: Sinistcha|p2a: Incineroar\n|-supereffective|p2b: Rotom|1\n|-damage|p2b: Rotom|0 fnt\n|-heal|p1a: Sinistcha|39/100|[from] drain|[of] p2b: Rotom\n|faint|p2b: Rotom\n|move|p2a: Incineroar|Flare Blitz|p1a: Sinistcha\n|-supereffective|p1a: Sinistcha|1\n|-damage|p1a: Sinistcha|0 fnt\n|faint|p1a: Sinistcha\n|-damage|p2a: Incineroar|90/100|[from] Recoil\n|\n|upkeep\n|\n|t:|1776290101\n|switch|p1b: Excadrill|Excadrill, L50, F|100/100\n|switch|p2b: Corviknight|Corviknight, L50, F|100/100\n|switch|p1a: Tyranitar|Tyranitar, L50, F|100/100\n|-weather|Sandstorm|[from] ability: Sand Stream|[of] p1a: Tyranitar\n|turn|4\n|\n|t:|1776290122\n|move|p1b: Excadrill|Rock Slide|p2a: Incineroar|[spread] p2a,p2b\n|-supereffective|p2a: Incineroar|1\n|-damage|p2a: Incineroar|54/100\n|-damage|p2b: Corviknight|87/100\n|move|p1a: Tyranitar|Rock Slide|p2b: Corviknight|[spread] p2a,p2b\n|-supereffective|p2a: Incineroar|1\n|-damage|p2a: Incineroar|9/100\n|-damage|p2b: Corviknight|70/100\n|-enditem|p2a: Incineroar|Sitrus Berry|[eat]\n|-heal|p2a: Incineroar|34/100|[from] item: Sitrus Berry\n|move|p2b: Corviknight|Iron Defense|p2b: Corviknight\n|-boost|p2b: Corviknight|def|2\n|cant|p2a: Incineroar|flinch\n|\n|-weather|Sandstorm|[upkeep]\n|-damage|p2a: Incineroar|28/100|[from] Sandstorm\n|upkeep\n|turn|5\n|\n|t:|1776290143\n|move|p1b: Excadrill|Rock Slide|p2a: Incineroar|[spread] p2a,p2b\n|-supereffective|p2a: Incineroar|1\n|-damage|p2a: Incineroar|0 fnt\n|-damage|p2b: Corviknight|63/100\n|faint|p2a: Incineroar\n|move|p1a: Tyranitar|Thunder Punch|p2b: Corviknight\n|-supereffective|p2b: Corviknight|1\n|-damage|p2b: Corviknight|47/100\n|-status|p2b: Corviknight|par\n|move|p2b: Corviknight|Body Press|p1b: Excadrill\n|-supereffective|p1b: Excadrill|1\n|-enditem|p1b: Excadrill|Focus Sash\n|-damage|p1b: Excadrill|1/100\n|\n|-weather|Sandstorm|[upkeep]\n|upkeep\n|turn|6\n|\n|t:|1776290163\n|move|p1b: Excadrill|Protect|p1b: Excadrill\n|-singleturn|p1b: Excadrill|Protect\n|move|p1a: Tyranitar|Rock Slide|p2b: Corviknight\n|-damage|p2b: Corviknight|35/100 par\n|cant|p2b: Corviknight|par\n|\n|-weather|Sandstorm|[upkeep]\n|upkeep\n|turn|7\n|\n|t:|1776290187\n|move|p1b: Excadrill|Rock Slide|p2b: Corviknight\n|-damage|p2b: Corviknight|25/100 par\n|move|p1a: Tyranitar|Crunch|p2b: Corviknight\n|-damage|p2b: Corviknight|11/100 par\n|-ability|p2b: Corviknight|Mirror Armor\n|-unboost|p1a: Tyranitar|def|1\n|move|p2b: Corviknight|Roost|p2b: Corviknight\n|-heal|p2b: Corviknight|61/100 par\n|-singleturn|p2b: Corviknight|move: Roost\n|\n|-weather|Sandstorm|[upkeep]\n|upkeep\n|turn|8\n|\n|t:|1776290203\n|move|p1b: Excadrill|Protect|p1b: Excadrill\n|-singleturn|p1b: Excadrill|Protect\n|move|p1a: Tyranitar|Thunder Punch|p2b: Corviknight\n|-supereffective|p2b: Corviknight|1\n|-damage|p2b: Corviknight|45/100 par\n|move|p2b: Corviknight|Body Press|p1b: Excadrill\n|-activate|p1b: Excadrill|move: Protect\n|\n|-weather|none\n|upkeep\n|turn|9\n|\n|t:|1776290216\n|move|p1b: Excadrill|Rock Slide|p2b: Corviknight\n|-damage|p2b: Corviknight|36/100 par\n|move|p1a: Tyranitar|Rock Slide|p2b: Corviknight\n|-damage|p2b: Corviknight|23/100 par\n|cant|p2b: Corviknight|flinch\n|\n|upkeep\n|turn|10\n|\n|t:|1776290228\n|move|p1b: Excadrill|Rock Slide|p2b: Corviknight\n|-damage|p2b: Corviknight|14/100 par\n|move|p1a: Tyranitar|Rock Slide|p2b: Corviknight\n|-damage|p2b: Corviknight|2/100 par\n|cant|p2b: Corviknight|flinch\n|\n|upkeep\n|turn|11\n|-message|ItzXayBrodiee forfeited.\n|\n|win|Vizsla_falconer\n|raw|Vizsla_falconer's rating: 1136 &rarr; <strong>1157</strong><br />(+21 for winning)\n|raw|ItzXayBrodiee's rating: 1084 &rarr; <strong>1065</strong><br />(-19 for losing)\n|l|\u2606ItzXayBrodiee\n|player|p2|\n",
  "uploadtime": 1776290249,
  "views": 28,
  "formatid": "gen9championsvgc2026regma",
  "rating": 1065,
  "private": 0,
  "password": null
}