{
  "id": "gen9championsvgc2026regma-2583998017",
  "format": "[Gen 9 Champions] VGC 2026 Reg M-A",
  "players": [
    "seabear2112",
    "SwirledX"
  ],
  "log": "|j|\u2606seabear2112\n|j|\u2606SwirledX\n|t:|1776215372\n|gametype|doubles\n|player|p1|seabear2112|guitarist|1179\n|player|p2|SwirledX|2|1204\n|gen|9\n|tier|[Gen 9 Champions] VGC 2026 Reg M-A\n|rated|\n|rule|Species Clause: Limit one of each Pok\u00e9mon\n|rule|Item Clause: Limit 1 of each item\n|clearpoke\n|poke|p1|Glimmora, L50, F|\n|poke|p1|Incineroar, L50, M|\n|poke|p1|Rotom-Wash, L50|\n|poke|p1|Garchomp, L50, M|\n|poke|p1|Primarina, L50, F|\n|poke|p1|Aerodactyl, L50, F|\n|poke|p2|Charizard, L50, M|\n|poke|p2|Venusaur, L50, F|\n|poke|p2|Garchomp, L50, F|\n|poke|p2|Rotom-Wash, L50|\n|poke|p2|Sneasler, L50, M|\n|poke|p2|Incineroar, L50, F|\n|teampreview|4\nSwirledX has agreed to open team sheets.\n|\n|t:|1776215412\n|teamsize|p1|4\n|teamsize|p2|4\n|start\n|switch|p1a: Diaz|Aerodactyl, L50, F|100/100\n|switch|p1b: Boyle|Glimmora, L50, F|100/100\n|switch|p2a: Sneasler|Sneasler, L50, M|100/100\n|switch|p2b: Garchomp|Garchomp, L50, F|100/100\n|-ability|p1a: Diaz|Unnerve\n|turn|1\n|\n|t:|1776215462\n|move|p1a: Diaz|Protect|p1a: Diaz\n|-singleturn|p1a: Diaz|Protect\n|move|p1b: Boyle|Spiky Shield|p1b: Boyle\n|-singleturn|p1b: Boyle|move: Protect\n|move|p2a: Sneasler|Fake Out|p1a: Diaz\n|-activate|p1a: Diaz|move: Protect\n|move|p2b: Garchomp|Rock Slide|p1a: Diaz|[spread] \n|-activate|p1a: Diaz|move: Protect\n|-activate|p1b: Boyle|move: Protect\n|\n|upkeep\n|turn|2\n|\n|t:|1776215532\n|switch|p1b: Peralta|Incineroar, L50, M|100/100\n|-ability|p1b: Peralta|Intimidate|boost\n|-unboost|p2a: Sneasler|atk|1\n|-unboost|p2b: Garchomp|atk|1\n|-enditem|p2a: Sneasler|White Herb\n|-clearnegativeboost|p2a: Sneasler|[silent]\n|move|p2a: Sneasler|Close Combat|p1b: Peralta\n|-supereffective|p1b: Peralta|1\n|-damage|p1b: Peralta|0 fnt\n|-unboost|p2a: Sneasler|def|1\n|-unboost|p2a: Sneasler|spd|1\n|faint|p1b: Peralta\n|move|p2b: Garchomp|Rock Slide|p1a: Diaz\n|-supereffective|p1a: Diaz|1\n|-damage|p1a: Diaz|46/100\n|move|p1a: Diaz|Dual Wingbeat|p2a: Sneasler\n|-supereffective|p2a: Sneasler|1\n|-damage|p2a: Sneasler|2/100\n|-supereffective|p2a: Sneasler|1\n|-damage|p2a: Sneasler|0 fnt\n|faint|p2a: Sneasler\n|-hitcount|p2: Sneasler|2\n|\n|upkeep\n|\n|t:|1776215556\n|switch|p2a: Charizard|Charizard, L50, M|100/100\n|switch|p1b: Jeffords|Garchomp, L50, M|100/100\n|turn|3\n|\n|t:|1776215583\n|detailschange|p2a: Charizard|Charizard-Mega-Y, L50, M\n|-mega|p2a: Charizard|Charizard|Charizardite Y\n|-weather|SunnyDay|[from] ability: Drought|[of] p2a: Charizard\n|move|p2b: Garchomp|Rock Slide|p1a: Diaz|[spread] p1a,p1b\n|-supereffective|p1a: Diaz|1\n|-resisted|p1b: Jeffords|1\n|-damage|p1a: Diaz|6/100\n|-damage|p1b: Jeffords|94/100\n|move|p1a: Diaz|Rock Slide|p2a: Charizard|[spread] p2a\n|-miss|p1a: Diaz|p2b: Garchomp\n|-supereffective|p2a: Charizard|2\n|-damage|p2a: Charizard|0 fnt\n|faint|p2a: Charizard\n|move|p1b: Jeffords|Rock Slide|p2b: Garchomp\n|-resisted|p2b: Garchomp|1\n|-damage|p2b: Garchomp|87/100\n|\n|-weather|SunnyDay|[upkeep]\n|upkeep\n|\n|t:|1776215595\n|switch|p2a: Venusaur|Venusaur, L50, F|100/100\n|turn|4\n|\n|t:|1776215613\n|move|p2a: Venusaur|Leaf Storm|p1b: Jeffords\n|-damage|p1b: Jeffords|28/100\n|-unboost|p2a: Venusaur|spa|2\n|move|p2b: Garchomp|Rock Slide|p1b: Jeffords|[spread] p1a,p1b\n|-supereffective|p1a: Diaz|1\n|-resisted|p1b: Jeffords|1\n|-damage|p1a: Diaz|0 fnt\n|-damage|p1b: Jeffords|22/100\n|faint|p1a: Diaz\n|move|p1b: Jeffords|Earthquake|p2a: Venusaur|[spread] p2a,p2b\n|-damage|p2a: Venusaur|45/100\n|-damage|p2b: Garchomp|48/100\n|\n|-weather|SunnyDay|[upkeep]\n|upkeep\n|\n|t:|1776215625\n|switch|p1a: Boyle|Glimmora, L50, F|100/100\n|turn|5\n|\n|t:|1776215634\n|detailschange|p1a: Boyle|Glimmora-Mega, L50, F\n|-mega|p1a: Boyle|Glimmora|Glimmoranite\n|move|p2a: Venusaur|Sleep Powder|p1a: Boyle|[miss]\n|-miss|p2a: Venusaur|p1a: Boyle\n|move|p2b: Garchomp|Rock Slide|p1a: Boyle|[spread] p1a,p1b\n|-resisted|p1b: Jeffords|1\n|-damage|p1a: Boyle|87/100\n|-damage|p1b: Jeffords|16/100\n|move|p1b: Jeffords|Dragon Claw|p2b: Garchomp\n|-supereffective|p2b: Garchomp|1\n|-damage|p2b: Garchomp|0 fnt\n|-damage|p1b: Jeffords|3/100|[from] ability: Rough Skin|[of] p2b: Garchomp\n|faint|p2b: Garchomp\n|move|p1a: Boyle|Sludge Bomb|p2a: Venusaur\n|-damage|p2a: Venusaur|0 fnt\n|faint|p2a: Venusaur\n|\n|win|seabear2112\n|raw|seabear2112's rating: 1179 &rarr; <strong>1206</strong><br />(+27 for winning)\n|raw|SwirledX's rating: 1204 &rarr; <strong>1177</strong><br />(-27 for losing)\n|l|\u2606seabear2112\n|player|p1|\n",
  "uploadtime": 1776215669,
  "views": 17,
  "formatid": "gen9championsvgc2026regma",
  "rating": 1177,
  "private": 0,
  "password": null
}