{
  "id": "gen9championsvgc2026regma-2581219181",
  "format": "[Gen 9 Champions] VGC 2026 Reg M-A",
  "players": [
    "finn_omega",
    "Proverbs 3"
  ],
  "log": "|j|\u2606finn_omega\n|j|\u2606Proverbs 3\n|t:|1775972269\n|gametype|doubles\n|player|p1|finn_omega|ethan|1082\n|player|p2|Proverbs 3|1|1000\n|gen|9\n|tier|[Gen 9 Champions] VGC 2026 Reg M-A\n|rated|\n|rule|Species Clause: Limit one of each Pok\u00e9mon\n|rule|Item Clause: Limit 1 of each item\n|clearpoke\n|poke|p1|Whimsicott, L50, M|\n|poke|p1|Farigiraf, L50, F|\n|poke|p1|Camerupt, L50, F|\n|poke|p1|Reuniclus, L50, F|\n|poke|p1|Clawitzer, L50, M|\n|poke|p1|Kingambit, L50, F|\n|poke|p2|Garchomp, L50, F|\n|poke|p2|Charizard, L50, F|\n|poke|p2|Sinistcha, L50|\n|poke|p2|Ditto, L50|\n|poke|p2|Kingambit, L50, M|\n|poke|p2|Palafin, L50, F|\n|teampreview|4\n|\n|t:|1775972290\n|teamsize|p1|4\n|teamsize|p2|4\n|start\n|switch|p1a: Farigiraf|Farigiraf, L50, F|100/100\n|switch|p1b: Clawitzer|Clawitzer, L50, M|100/100\n|switch|p2a: Garchomp|Garchomp, L50, F|100/100\n|switch|p2b: Charizard|Charizard, L50, F|100/100\n|turn|1\n|inactive|Battle timer is ON: inactive players will automatically lose when time's up. (requested by finn_omega)\n|\n|t:|1775972316\n|switch|p1b: Kingambit|Kingambit, L50, F, shiny|100/100\n|detailschange|p2b: Charizard|Charizard-Mega-Y, L50, F\n|-mega|p2b: Charizard|Charizard|Charizardite Y\n|-weather|SunnyDay|[from] ability: Drought|[of] p2b: Charizard\n|move|p2a: Garchomp|Earthquake|p1b: Kingambit|[spread] p1a,p1b\n|-immune|p2b: Charizard\n|-supereffective|p1b: Kingambit|1\n|-damage|p1a: Farigiraf|56/100\n|-damage|p1b: Kingambit|39/100\n|move|p2b: Charizard|Solar Beam||[still]\n|-prepare|p2b: Charizard|Solar Beam\n|-anim|p2b: Charizard|Solar Beam|p1b: Kingambit\n|-resisted|p1b: Kingambit|1\n|-damage|p1b: Kingambit|11/100\n|move|p1a: Farigiraf|Trick Room|p1a: Farigiraf\n|-fieldstart|move: Trick Room|[of] p1a: Farigiraf\n|\n|-weather|SunnyDay|[upkeep]\n|upkeep\n|turn|2\n|inactive|Proverbs 3 has 30 seconds left.\n|inactive|Proverbs 3 has 20 seconds left.\n|\n|t:|1775972354\n|switch|p2a: Ditto|Ditto, L50, shiny|100/100\n|-transform|p2a: Ditto|p1b: Kingambit|[from] ability: Imposter\n|move|p1b: Kingambit|Kowtow Cleave|p2b: Charizard\n|-damage|p2b: Charizard|35/100\n|-heal|p1b: Kingambit|18/100|[from] item: Shell Bell|[of] p2b: Charizard\n|move|p1a: Farigiraf|Psyshock|p2b: Charizard\n|-damage|p2b: Charizard|0 fnt\n|faint|p2b: Charizard\n|\n|-weather|SunnyDay|[upkeep]\n|upkeep\n|\n|t:|1775972368\n|switch|p2b: Sinistcha|Sinistcha, L50|100/100\n|turn|3\n|\n|t:|1775972389\n|move|p2a: Ditto|Kowtow Cleave|p1a: Farigiraf\n|-supereffective|p1a: Farigiraf|1\n|-damage|p1a: Farigiraf|0 fnt\n|faint|p1a: Farigiraf\n|move|p1b: Kingambit|Kowtow Cleave|p2b: Sinistcha\n|-supereffective|p2b: Sinistcha|1\n|-crit|p2b: Sinistcha\n|-damage|p2b: Sinistcha|0 fnt\n|faint|p2b: Sinistcha\n|-heal|p1b: Kingambit|31/100|[from] item: Shell Bell|[of] p2: Sinistcha\n|\n|-weather|SunnyDay|[upkeep]\n|upkeep\n|\n|t:|1775972400\n|switch|p1a: Camerupt|Camerupt, L50, F|100/100\n|switch|p2b: Garchomp|Garchomp, L50, F|100/100\n|turn|4\n|inactive|Proverbs 3 has 30 seconds left.\n|\n|t:|1775972433\n|detailschange|p1a: Camerupt|Camerupt-Mega, L50, F\n|-mega|p1a: Camerupt|Camerupt|Cameruptite\n|move|p1a: Camerupt|Earth Power|p2a: Ditto\n|-supereffective|p2a: Ditto|1\n|-enditem|p2a: Ditto|Focus Sash\n|-damage|p2a: Ditto|1/100\n|move|p1b: Kingambit|Kowtow Cleave|p2b: Garchomp\n|-damage|p2b: Garchomp|53/100\n|-damage|p1b: Kingambit|19/100|[from] ability: Rough Skin|[of] p2b: Garchomp\n|-heal|p1b: Kingambit|25/100|[from] item: Shell Bell|[of] p2b: Garchomp\n|move|p2a: Ditto|Kowtow Cleave|p1a: Camerupt\n|-damage|p1a: Camerupt|53/100\n|move|p2b: Garchomp|Earthquake|p1a: Camerupt|[spread] p2a,p1a,p1b\n|-supereffective|p2a: Ditto|1\n|-supereffective|p1a: Camerupt|1\n|-supereffective|p1b: Kingambit|1\n|-damage|p2a: Ditto|0 fnt\n|-damage|p1a: Camerupt|0 fnt\n|-damage|p1b: Kingambit|0 fnt\n|faint|p2a: Ditto\n|-end|p2a: Ditto|fallenundefined|[silent]\n|faint|p1a: Camerupt\n|faint|p1b: Kingambit\n|-end|p1b: Kingambit|fallenundefined|[silent]\n|\n|-weather|SunnyDay|[upkeep]\n|upkeep\n|\n|t:|1775972456\n|switch|p1a: Clawitzer|Clawitzer, L50, M|100/100\n|turn|5\n|\n|t:|1775972459\n|move|p1a: Clawitzer|Dragon Pulse|p2b: Garchomp\n|-supereffective|p2b: Garchomp|1\n|-damage|p2b: Garchomp|0 fnt\n|faint|p2b: Garchomp\n|\n|win|finn_omega\n|raw|finn_omega's rating: 1082 &rarr; <strong>1103</strong><br />(+21 for winning)\n|raw|Proverbs 3's rating: 1000 &rarr; <strong>1000</strong><br />(+0 for losing)\n|l|\u2606Proverbs 3\n|player|p2|\n",
  "uploadtime": 1775972478,
  "views": 24,
  "formatid": "gen9championsvgc2026regma",
  "rating": 1000,
  "private": 0,
  "password": null
}