{
  "id": "gen9championsvgc2026regma-2585173787",
  "format": "[Gen 9 Champions] VGC 2026 Reg M-A",
  "players": [
    "Arayat",
    "StrayCat97"
  ],
  "log": "|j|\u2606Arayat\n|j|\u2606StrayCat97\n|t:|1776320974\n|gametype|doubles\n|player|p1|Arayat|2|1303\n|player|p2|StrayCat97|blackbelt|1296\n|gen|9\n|tier|[Gen 9 Champions] VGC 2026 Reg M-A\n|rated|\n|rule|Species Clause: Limit one of each Pok\u00e9mon\n|rule|Item Clause: Limit 1 of each item\n|clearpoke\n|poke|p1|Dragonite, L50, F|\n|poke|p1|Pelipper, L50, M|\n|poke|p1|Gyarados, L50, F|\n|poke|p1|Basculegion, L50, M|\n|poke|p1|Archaludon, L50, M|\n|poke|p1|Espathra, L50, M|\n|poke|p2|Crabominable, L50, F|\n|poke|p2|Arcanine, L50, F|\n|poke|p2|Slowking, L50, M|\n|poke|p2|Tsareena, L50, F|\n|poke|p2|Gengar, L50, F|\n|poke|p2|Zoroark-Hisui, L50, F|\n|teampreview|4\n|\n|t:|1776321011\n|teamsize|p1|4\n|teamsize|p2|4\n|start\n|switch|p1a: Espathra|Espathra, L50, M|100/100\n|switch|p1b: Pelipper|Pelipper, L50, M|100/100\n|switch|p2a: Slowking|Slowking, L50, M|100/100\n|switch|p2b: Crabominable|Crabominable, L50, F, shiny|100/100\n|-weather|RainDance|[from] ability: Drizzle|[of] p1b: Pelipper\n|turn|1\n|\n|t:|1776321029\n|detailschange|p2b: Crabominable|Crabominable-Mega, L50, F, shiny\n|-mega|p2b: Crabominable|Crabominable|Crabominite\n|move|p1a: Espathra|Calm Mind|p1a: Espathra\n|-boost|p1a: Espathra|spa|1\n|-boost|p1a: Espathra|spd|1\n|move|p1b: Pelipper|Weather Ball|p2b: Crabominable\n|-damage|p2b: Crabominable|51/100\n|move|p2b: Crabominable|Thunder Punch|p1b: Pelipper\n|-supereffective|p1b: Pelipper|2\n|-enditem|p1b: Pelipper|Focus Sash\n|-damage|p1b: Pelipper|1/100\n|-status|p1b: Pelipper|par\n|move|p2a: Slowking|Trick Room|p2a: Slowking\n|-fieldstart|move: Trick Room|[of] p2a: Slowking\n|\n|-weather|RainDance|[upkeep]\n|-ability|p1a: Espathra|Speed Boost|boost\n|-boost|p1a: Espathra|spe|1\n|upkeep\n|turn|2\n|j| hachi123456\n|\n|t:|1776321054\n|move|p1b: Pelipper|Protect|p1b: Pelipper\n|-singleturn|p1b: Pelipper|Protect\n|move|p2a: Slowking|Psychic|p1b: Pelipper\n|-activate|p1b: Pelipper|move: Protect\n|move|p2b: Crabominable|Ice Punch|p1a: Espathra\n|-damage|p1a: Espathra|18/100\n|-enditem|p1a: Espathra|Sitrus Berry|[eat]\n|-heal|p1a: Espathra|43/100|[from] item: Sitrus Berry\n|move|p1a: Espathra|Lumina Crash|p2b: Crabominable\n|-supereffective|p2b: Crabominable|1\n|-damage|p2b: Crabominable|0 fnt\n|faint|p2b: Crabominable\n|\n|-weather|RainDance|[upkeep]\n|-ability|p1a: Espathra|Speed Boost|boost\n|-boost|p1a: Espathra|spe|1\n|upkeep\n|\n|t:|1776321066\n|switch|p2b: Tsareena|Tsareena, L50, F|100/100\n|turn|3\n|\n|t:|1776321078\n|move|p1a: Espathra|Protect|p1a: Espathra\n|-singleturn|p1a: Espathra|Protect\n|move|p1b: Pelipper|Roost|p1b: Pelipper\n|-heal|p1b: Pelipper|51/100 par\n|-singleturn|p1b: Pelipper|move: Roost\n|move|p2a: Slowking|Psychic|p1b: Pelipper\n|-damage|p1b: Pelipper|9/100 par\n|move|p2b: Tsareena|Trop Kick|p1a: Espathra\n|-activate|p1a: Espathra|move: Protect\n|\n|-weather|RainDance|[upkeep]\n|-ability|p1a: Espathra|Speed Boost|boost\n|-boost|p1a: Espathra|spe|1\n|upkeep\n|turn|4\n|\n|t:|1776321106\n|switch|p1b: Basculegion|Basculegion, L50, M|100/100\n|move|p2a: Slowking|Psychic|p1b: Basculegion\n|-damage|p1b: Basculegion|61/100\n|move|p2b: Tsareena|Trop Kick|p1a: Espathra\n|-damage|p1a: Espathra|0 fnt\n|faint|p1a: Espathra\n|\n|-weather|RainDance|[upkeep]\n|upkeep\n|\n|t:|1776321119\n|switch|p1a: Dragonite|Dragonite, L50, F, shiny|100/100\n|turn|5\n|\n|t:|1776321129\n|move|p1a: Dragonite|Protect|p1a: Dragonite\n|-singleturn|p1a: Dragonite|Protect\n|move|p1b: Basculegion|Protect|p1b: Basculegion\n|-singleturn|p1b: Basculegion|Protect\n|move|p2a: Slowking|Psychic|p1a: Dragonite\n|-activate|p1a: Dragonite|move: Protect\n|move|p2b: Tsareena|Trop Kick|p1b: Basculegion\n|-activate|p1b: Basculegion|move: Protect\n|\n|-weather|none\n|-fieldend|move: Trick Room\n|upkeep\n|turn|6\n|l| hachi123456\n|\n|t:|1776321158\n|detailschange|p1a: Dragonite|Dragonite-Mega, L50, F, shiny\n|-mega|p1a: Dragonite|Dragonite|Dragoninite\n|move|p2b: Tsareena|Protect|p2b: Tsareena\n|-singleturn|p2b: Tsareena|Protect\n|move|p1a: Dragonite|Dragon Pulse|p2b: Tsareena\n|-activate|p2b: Tsareena|move: Protect\n|move|p1b: Basculegion|Last Respects|p2a: Slowking\n|-supereffective|p2a: Slowking|1\n|-damage|p2a: Slowking|9/100\n|-enditem|p2a: Slowking|Sitrus Berry|[eat]\n|-heal|p2a: Slowking|34/100|[from] item: Sitrus Berry\n|move|p2a: Slowking|Trick Room|p2a: Slowking\n|-fieldstart|move: Trick Room|[of] p2a: Slowking\n|\n|upkeep\n|turn|7\n|\n|t:|1776321181\n|switch|p1b: Pelipper|Pelipper, L50, M|9/100 par\n|-weather|RainDance|[from] ability: Drizzle|[of] p1b: Pelipper\n|move|p1a: Dragonite|Protect|p1a: Dragonite\n|-singleturn|p1a: Dragonite|Protect\n|move|p2a: Slowking|Psychic|p1a: Dragonite\n|-activate|p1a: Dragonite|move: Protect\n|move|p2b: Tsareena|Trop Kick|p1b: Pelipper\n|-damage|p1b: Pelipper|0 fnt\n|faint|p1b: Pelipper\n|\n|-weather|RainDance|[upkeep]\n|upkeep\n|\n|t:|1776321197\n|switch|p1b: Basculegion|Basculegion, L50, M|61/100\n|turn|8\n|\n|t:|1776321214\n|move|p2b: Tsareena|Protect|p2b: Tsareena\n|-singleturn|p2b: Tsareena|Protect\n|move|p1b: Basculegion|Aqua Jet||[still]\n|cant|p2b: Tsareena|ability: Queenly Majesty|Aqua Jet|[of] p1b: Basculegion\n|move|p2a: Slowking|Psychic|p1a: Dragonite\n|-damage|p1a: Dragonite|87/100\n|move|p1a: Dragonite|Hurricane|p2b: Tsareena\n|-activate|p2b: Tsareena|move: Protect\n|\n|-weather|RainDance|[upkeep]\n|upkeep\n|turn|9\n|\n|t:|1776321229\n|move|p2a: Slowking|Psychic|p1a: Dragonite\n|-crit|p1a: Dragonite\n|-damage|p1a: Dragonite|48/100\n|move|p2b: Tsareena|Trop Kick|p1b: Basculegion\n|-supereffective|p1b: Basculegion|1\n|-damage|p1b: Basculegion|0 fnt\n|faint|p1b: Basculegion\n|move|p1a: Dragonite|Hurricane|p2b: Tsareena\n|-supereffective|p2b: Tsareena|1\n|-crit|p2b: Tsareena\n|-damage|p2b: Tsareena|0 fnt\n|faint|p2b: Tsareena\n|\n|-weather|RainDance|[upkeep]\n|upkeep\n|\n|t:|1776321234\n|switch|p2b: Gengar|Gengar, L50, F|100/100\n|turn|10\n|\n|t:|1776321250\n|move|p2a: Slowking|Protect|p2a: Slowking\n|-singleturn|p2a: Slowking|Protect\n|move|p1a: Dragonite|Protect|p1a: Dragonite\n|-singleturn|p1a: Dragonite|Protect\n|move|p2b: Gengar|Protect||[still]\n|-fail|p2b: Gengar\n|\n|-weather|RainDance|[upkeep]\n|-fieldend|move: Trick Room\n|upkeep\n|turn|11\n|\n|t:|1776321266\n|move|p2b: Gengar|Destiny Bond|p2b: Gengar\n|-singlemove|p2b: Gengar|Destiny Bond\n|move|p1a: Dragonite|Hurricane|p2b: Gengar\n|-damage|p2b: Gengar|0 fnt\n|faint|p2b: Gengar\n|-activate|p2b: Gengar|move: Destiny Bond\n|faint|p1a: Dragonite\n|\n|win|StrayCat97\n|raw|Arayat's rating: 1303 &rarr; <strong>1283</strong><br />(-20 for losing)\n|raw|StrayCat97's rating: 1296 &rarr; <strong>1322</strong><br />(+26 for winning)\n",
  "uploadtime": 1776321278,
  "views": 23,
  "formatid": "gen9championsvgc2026regma",
  "rating": 1283,
  "private": 0,
  "password": null
}