{
  "id": "gen9championsvgc2026regma-2589539743",
  "format": "[Gen 9 Champions] VGC 2026 Reg M-A",
  "players": [
    "brand rats",
    "pikadab104"
  ],
  "log": "|j|\u2606brand rats\n|j|\u2606pikadab104\n|t:|1776732269\n|gametype|doubles\n|player|p1|brand rats|winona|1005\n|player|p2|pikadab104|ethan|1044\n|gen|9\n|tier|[Gen 9 Champions] VGC 2026 Reg M-A\n|rated|\n|rule|Species Clause: Limit one of each Pok\u00e9mon\n|rule|Item Clause: Limit 1 of each item\n|clearpoke\n|poke|p1|Tsareena, L50, F|\n|poke|p1|Zoroark-Hisui, L50, M|\n|poke|p1|Meowstic-F, L50, F|\n|poke|p1|Klefki, L50, F|\n|poke|p1|Blastoise, L50, M|\n|poke|p1|Incineroar, L50, M|\n|poke|p2|Aerodactyl, L50, M|\n|poke|p2|Sneasler, L50, M|\n|poke|p2|Sinistcha, L50|\n|poke|p2|Feraligatr, L50, M|\n|poke|p2|Floette-Eternal, L50, F|\n|poke|p2|Ariados, L50, F, shiny|\n|teampreview|4\n|\n|t:|1776732300\n|teamsize|p1|4\n|teamsize|p2|4\n|start\n|switch|p1a: Meowstic|Meowstic-F, L50, F|100/100\n|switch|p1b: Klefki|Klefki, L50, F|100/100\n|switch|p2a: Ariados|Ariados, L50, F, shiny|100/100\n|switch|p2b: Floette|Floette-Eternal, L50, F|100/100\n|turn|1\n|\n|t:|1776732316\n|move|p1a: Meowstic|Protect|p1a: Meowstic\n|-singleturn|p1a: Meowstic|Protect\n|move|p2b: Floette|Protect|p2b: Floette\n|-singleturn|p2b: Floette|Protect\n|move|p1b: Klefki|Light Screen|p1b: Klefki\n|-sidestart|p1: brand rats|move: Light Screen\n|move|p2a: Ariados|String Shot|p1b: Klefki|[spread] p1b\n|-activate|p1a: Meowstic|move: Protect\n|-unboost|p1b: Klefki|spe|2\n|\n|upkeep\n|turn|2\n|\n|t:|1776732336\n|detailschange|p2b: Floette|Floette-Mega, L50, F\n|-mega|p2b: Floette|Floette|Floettite\n|-ability|p2b: Floette|Fairy Aura\n|move|p1b: Klefki|Thunder Wave|p2b: Floette\n|-status|p2b: Floette|par\n|move|p1a: Meowstic|Nasty Plot|p1a: Meowstic\n|-boost|p1a: Meowstic|spa|2\n|move|p2a: Ariados|Struggle Bug|p1a: Meowstic|[spread] p1a,p1b\n|-resisted|p1a: Meowstic|1\n|-resisted|p1b: Klefki|2\n|-damage|p1a: Meowstic|94/100\n|-damage|p1b: Klefki|99/100\n|-unboost|p1a: Meowstic|spa|1\n|-unboost|p1b: Klefki|spa|1\n|replace|p1a: Zoroark|Zoroark-Hisui, L50, M\n|-end|p1a: Zoroark|Illusion\n|move|p2b: Floette|Dazzling Gleam|p1a: Zoroark|[spread] p1a,p1b\n|-resisted|p1b: Klefki|1\n|-damage|p1a: Zoroark|34/100\n|-damage|p1b: Klefki|80/100\n|\n|upkeep\n|turn|3\n|\n|t:|1776732363\n|move|p2b: Floette|Protect|p2b: Floette\n|-singleturn|p2b: Floette|Protect\n|move|p1b: Klefki|Reflect|p1b: Klefki\n|-sidestart|p1: brand rats|Reflect\n|move|p1a: Zoroark|Hyper Voice|p2b: Floette|[spread] p2a\n|-activate|p2b: Floette|move: Protect\n|-damage|p2a: Ariados|5/100\n|move|p2a: Ariados|Struggle Bug|p1b: Klefki|[spread] p1a,p1b\n|-resisted|p1a: Zoroark|1\n|-resisted|p1b: Klefki|2\n|-damage|p1a: Zoroark|28/100\n|-damage|p1b: Klefki|78/100\n|-unboost|p1a: Zoroark|spa|1\n|-unboost|p1b: Klefki|spa|1\n|\n|upkeep\n|turn|4\n|\n|t:|1776732381\n|move|p2a: Ariados|Protect|p2a: Ariados\n|-singleturn|p2a: Ariados|Protect\n|move|p1a: Zoroark|Nasty Plot|p1a: Zoroark\n|-boost|p1a: Zoroark|spa|2\n|move|p2b: Floette|Dazzling Gleam|p1a: Zoroark|[spread] p1a,p1b\n|-resisted|p1b: Klefki|1\n|-damage|p1a: Zoroark|0 fnt\n|-damage|p1b: Klefki|59/100\n|faint|p1a: Zoroark\n|move|p1b: Klefki|Foul Play|p2a: Ariados\n|-activate|p2a: Ariados|move: Protect\n|\n|upkeep\n|\n|t:|1776732395\n|switch|p1a: Blastoise|Blastoise, L50, M|100/100\n|turn|5\n|\n|t:|1776732412\n|switch|p1b: Meowstic|Meowstic-F, L50, F|100/100\n|detailschange|p1a: Blastoise|Blastoise-Mega, L50, M\n|-mega|p1a: Blastoise|Blastoise|Blastoisinite\n|move|p2b: Floette|Protect|p2b: Floette\n|-singleturn|p2b: Floette|Protect\n|move|p1a: Blastoise|Shell Smash|p1a: Blastoise\n|-unboost|p1a: Blastoise|def|1\n|-unboost|p1a: Blastoise|spd|1\n|-boost|p1a: Blastoise|atk|2\n|-boost|p1a: Blastoise|spa|2\n|-boost|p1a: Blastoise|spe|2\n|move|p2a: Ariados|String Shot|p1b: Meowstic|[spread] p1a,p1b\n|-unboost|p1a: Blastoise|spe|2\n|-unboost|p1b: Meowstic|spe|2\n|-ability|p1b: Meowstic|Competitive|boost\n|-boost|p1b: Meowstic|spa|2\n|\n|-sideend|p1: brand rats|move: Light Screen\n|upkeep\n|turn|6\n|\n|t:|1776732436\n|move|p1b: Meowstic|Fake Out|p2a: Ariados\n|-damage|p2a: Ariados|0 fnt\n|faint|p2a: Ariados\n|move|p1a: Blastoise|Water Pulse|p2b: Floette\n|-damage|p2b: Floette|13/100 par\n|-start|p2b: Floette|confusion\n|-activate|p2b: Floette|confusion\n|move|p2b: Floette|Light of Ruin|p1a: Blastoise\n|-damage|p1a: Blastoise|0 fnt\n|faint|p1a: Blastoise\n|-damage|p2b: Floette|0 fnt|[from] Recoil\n|faint|p2b: Floette\n|\n|upkeep\n|\n|t:|1776732452\n|switch|p2b: Sinistcha|Sinistcha, L50|100/100\n|switch|p1a: Klefki|Klefki, L50, F|59/100\n|switch|p2a: Sneasler|Sneasler, L50, M|100/100\n|turn|7\n|\n|t:|1776732473\n|move|p1b: Meowstic|Protect|p1b: Meowstic\n|-singleturn|p1b: Meowstic|Protect\n|move|p2a: Sneasler|Fake Out|p1b: Meowstic\n|-activate|p1b: Meowstic|move: Protect\n|move|p1a: Klefki|Thunder Wave|p2a: Sneasler|[miss]\n|-miss|p1a: Klefki|p2a: Sneasler\n|move|p2b: Sinistcha|Matcha Gotcha|p1b: Meowstic|[spread] p1a\n|-activate|p1b: Meowstic|move: Protect\n|-resisted|p1a: Klefki|1\n|-damage|p1a: Klefki|43/100\n|\n|-sideend|p1: brand rats|Reflect\n|upkeep\n|turn|8\n|\n|t:|1776732498\n|move|p1a: Klefki|Thunder Wave|p2a: Sneasler\n|-status|p2a: Sneasler|par\n|move|p2a: Sneasler|Dire Claw|p1b: Meowstic\n|-damage|p1b: Meowstic|35/100\n|move|p1b: Meowstic|Psychic|p2a: Sneasler\n|-supereffective|p2a: Sneasler|2\n|-crit|p2a: Sneasler\n|-damage|p2a: Sneasler|0 fnt\n|faint|p2a: Sneasler\n|move|p2b: Sinistcha|Matcha Gotcha|p1a: Klefki|[spread] p1a\n|-miss|p2b: Sinistcha|p1b: Meowstic\n|-resisted|p1a: Klefki|1\n|-damage|p1a: Klefki|29/100\n|\n|upkeep\n|turn|9\n|\n|t:|1776732511\n|move|p1a: Klefki|Light Screen|p1a: Klefki\n|-sidestart|p1: brand rats|move: Light Screen\n|move|p1b: Meowstic|Psychic|p2b: Sinistcha\n|-damage|p2b: Sinistcha|20/100\n|move|p2b: Sinistcha|Matcha Gotcha|p1b: Meowstic|[spread] p1b\n|-miss|p2b: Sinistcha|p1a: Klefki\n|-damage|p1b: Meowstic|13/100\n|-heal|p2b: Sinistcha|32/100|[from] drain|[of] p1b: Meowstic\n|\n|-heal|p2b: Sinistcha|38/100|[from] item: Leftovers\n|upkeep\n|turn|10\n|l|\u2606pikadab104\n|player|p2|\n|j|\u2606pikadab104\n|player|p2|pikadab104|ethan|\n|l|\u2606pikadab104\n|player|p2|\n|inactive|Battle timer is ON: inactive players will automatically lose when time's up. (requested by brand rats)\n|inactive|pikadab104 has 30 seconds to reconnect!\n|inactive|pikadab104 has 20 seconds to reconnect!\n|inactive|pikadab104 has 15 seconds to reconnect!\n|inactive|pikadab104 has 10 seconds to reconnect!\n|inactive|pikadab104 has 5 seconds to reconnect!\n|-message|pikadab104 lost due to inactivity.\n|\n|win|brand rats\n|raw|brand rats's rating: 1005 &rarr; <strong>1049</strong><br />(+44 for winning)\n|raw|pikadab104's rating: 1044 &rarr; <strong>1026</strong><br />(-18 for losing)\n",
  "uploadtime": 1776732621,
  "views": 4,
  "formatid": "gen9championsvgc2026regma",
  "rating": 1026,
  "private": 0,
  "password": null
}