{
  "id": "gen9championsvgc2026regma-2586448776",
  "format": "[Gen 9 Champions] VGC 2026 Reg M-A",
  "players": [
    "PiinkLugia",
    "Ti3f1ghter"
  ],
  "log": "|j|\u2606PiinkLugia\n|j|\u2606Ti3f1ghter\n|t:|1776435420\n|gametype|doubles\n|player|p1|PiinkLugia|flannery|1055\n|player|p2|Ti3f1ghter|lenora|1153\n|gen|9\n|tier|[Gen 9 Champions] VGC 2026 Reg M-A\n|rated|\n|rule|Species Clause: Limit one of each Pok\u00e9mon\n|rule|Item Clause: Limit 1 of each item\n|clearpoke\n|poke|p1|Garchomp, L50, F|\n|poke|p1|Scizor, L50, F|\n|poke|p1|Whimsicott, L50, F|\n|poke|p1|Rotom-Wash, L50|\n|poke|p1|Basculegion, L50, M|\n|poke|p1|Incineroar, L50, F|\n|poke|p2|Froslass, L50, F|\n|poke|p2|Incineroar, L50, F|\n|poke|p2|Corviknight, L50, F|\n|poke|p2|Rotom-Frost, L50|\n|poke|p2|Garchomp, L50, F|\n|poke|p2|Basculegion, L50, M|\n|teampreview|4\n|\n|t:|1776435523\n|teamsize|p1|4\n|teamsize|p2|4\n|start\n|switch|p1a: Whimsicott|Whimsicott, L50, F|100/100\n|switch|p1b: Basculegion|Basculegion, L50, M|100/100\n|switch|p2a: Basculegion|Basculegion, L50, M|100/100\n|switch|p2b: Corviknight|Corviknight, L50, F|100/100\n|-ability|p2b: Corviknight|Unnerve\n|turn|1\n|\n|t:|1776435570\n|move|p1a: Whimsicott|Tailwind|p1a: Whimsicott\n|-sidestart|p1: PiinkLugia|move: Tailwind\n|move|p1b: Basculegion|Flip Turn|p2b: Corviknight\n|-damage|p2b: Corviknight|77/100\n|\n|t:|1776435577\n|switch|p1b: Rotom|Rotom-Wash, L50|100/100|[from] Flip Turn\n|move|p2a: Basculegion|Last Respects|p1b: Rotom\n|-damage|p1b: Rotom|64/100\n|move|p2b: Corviknight|Iron Head|p1a: Whimsicott\n|-supereffective|p1a: Whimsicott|1\n|-damage|p1a: Whimsicott|56/100\n|\n|-heal|p1b: Rotom|69/100|[from] item: Leftovers\n|upkeep\n|turn|2\n|\n|t:|1776435611\n|switch|p1a: Garchomp|Garchomp, L50, F|100/100\n|switch|p2a: Incineroar|Incineroar, L50, F|100/100\n|-ability|p2a: Incineroar|Intimidate|boost\n|-unboost|p1a: Garchomp|atk|1\n|-unboost|p1b: Rotom|atk|1\n|move|p1b: Rotom|Will-O-Wisp|p2b: Corviknight\n|-status|p2b: Corviknight|brn\n|-enditem|p2b: Corviknight|Lum Berry|[eat]\n|-curestatus|p2b: Corviknight|brn|[msg]\n|move|p2b: Corviknight|Body Press|p1b: Rotom\n|-damage|p1b: Rotom|39/100\n|\n|-heal|p1b: Rotom|44/100|[from] item: Leftovers\n|upkeep\n|turn|3\n|\n|t:|1776435638\n|move|p1a: Garchomp|Protect|p1a: Garchomp\n|-singleturn|p1a: Garchomp|Protect\n|move|p2a: Incineroar|Fake Out|p1a: Garchomp\n|-activate|p1a: Garchomp|move: Protect\n|move|p1b: Rotom|Will-O-Wisp|p2b: Corviknight|[miss]\n|-miss|p1b: Rotom|p2b: Corviknight\n|move|p2b: Corviknight|Body Press|p1b: Rotom\n|-damage|p1b: Rotom|16/100\n|\n|-heal|p1b: Rotom|22/100|[from] item: Leftovers\n|upkeep\n|turn|4\n|\n|t:|1776435678\n|move|p2a: Incineroar|Protect|p2a: Incineroar\n|-singleturn|p2a: Incineroar|Protect\n|move|p1a: Garchomp|Earthquake|p2a: Incineroar|[spread] \n|-activate|p2a: Incineroar|move: Protect\n|-immune|p1b: Rotom|[from] ability: Levitate\n|-immune|p2b: Corviknight\n|move|p1b: Rotom|Will-O-Wisp|p2b: Corviknight\n|-status|p2b: Corviknight|brn\n|move|p2b: Corviknight|Body Press|p1b: Rotom\n|-damage|p1b: Rotom|8/100\n|\n|-heal|p1b: Rotom|13/100|[from] item: Leftovers\n|-damage|p2b: Corviknight|71/100 brn|[from] brn\n|-sideend|p1: PiinkLugia|move: Tailwind\n|upkeep\n|turn|5\n|\n|t:|1776435711\n|move|p1a: Garchomp|Rock Slide|p2b: Corviknight|[spread] p2b\n|-miss|p1a: Garchomp|p2a: Incineroar\n|-damage|p2b: Corviknight|63/100 brn\n|move|p1b: Rotom|Hydro Pump|p2a: Incineroar|[miss]\n|-miss|p1b: Rotom|p2a: Incineroar\n|cant|p2b: Corviknight|flinch\n|move|p2a: Incineroar|Parting Shot|p1a: Garchomp\n|-unboost|p1a: Garchomp|atk|1\n|-unboost|p1a: Garchomp|spa|1\n|\n|t:|1776435724\n|switch|p2a: Basculegion|Basculegion, L50, M|100/100|[from] Parting Shot\n|\n|-heal|p1b: Rotom|19/100|[from] item: Leftovers\n|-damage|p2b: Corviknight|58/100 brn|[from] brn\n|upkeep\n|turn|6\n|\n|t:|1776435743\n|move|p2a: Basculegion|Wave Crash|p1b: Rotom\n|-resisted|p1b: Rotom|1\n|-damage|p1b: Rotom|0 fnt\n|faint|p1b: Rotom\n|-damage|p2a: Basculegion|95/100|[from] Recoil\n|move|p1a: Garchomp|Rock Slide|p2a: Basculegion|[spread] p2a,p2b\n|-damage|p2a: Basculegion|81/100\n|-damage|p2b: Corviknight|52/100 brn\n|move|p2b: Corviknight|Tailwind|p2b: Corviknight\n|-sidestart|p2: Ti3f1ghter|move: Tailwind\n|\n|-damage|p2b: Corviknight|46/100 brn|[from] brn\n|upkeep\n|\n|t:|1776435757\n|switch|p1b: Whimsicott|Whimsicott, L50, F|56/100\n|turn|7\n|\n|t:|1776435778\n|move|p1b: Whimsicott|Encore|p2b: Corviknight\n|-start|p2b: Corviknight|Encore\n|move|p2a: Basculegion|Wave Crash|p1b: Whimsicott\n|-resisted|p1b: Whimsicott|1\n|-damage|p1b: Whimsicott|23/100\n|-damage|p2a: Basculegion|72/100|[from] Recoil\n|move|p2b: Corviknight|Tailwind||[still]\n|-fail|p2b: Corviknight\n|move|p1a: Garchomp|Dragon Claw|p2a: Basculegion\n|-damage|p2a: Basculegion|47/100\n|\n|-damage|p2b: Corviknight|40/100 brn|[from] brn\n|upkeep\n|turn|8\n|\n|t:|1776435817\n|switch|p2b: Incineroar|Incineroar, L50, F|100/100\n|-ability|p2b: Incineroar|Intimidate|boost\n|-unboost|p1a: Garchomp|atk|1\n|-unboost|p1b: Whimsicott|atk|1\n|switch|p1a: Basculegion|Basculegion, L50, M|100/100\n|move|p1b: Whimsicott|Tailwind|p1b: Whimsicott\n|-sidestart|p1: PiinkLugia|move: Tailwind\n|move|p2a: Basculegion|Wave Crash|p1b: Whimsicott\n|-resisted|p1b: Whimsicott|1\n|-damage|p1b: Whimsicott|0 fnt\n|faint|p1b: Whimsicott\n|-damage|p2a: Basculegion|40/100|[from] Recoil\n|\n|upkeep\n|\n|t:|1776435829\n|switch|p1b: Garchomp|Garchomp, L50, F|100/100\n|turn|9\n|\n|t:|1776435859\n|move|p2a: Basculegion|Wave Crash|p1b: Garchomp\n|-damage|p1b: Garchomp|28/100\n|-damage|p2a: Basculegion|28/100|[from] ability: Rough Skin|[of] p1b: Garchomp\n|-damage|p2a: Basculegion|6/100|[from] Recoil\n|move|p1a: Basculegion|Wave Crash|p2b: Incineroar\n|-supereffective|p2b: Incineroar|1\n|-damage|p2b: Incineroar|0 fnt\n|faint|p2b: Incineroar\n|-damage|p1a: Basculegion|67/100|[from] Recoil\n|move|p1b: Garchomp|Rock Slide|p2a: Basculegion\n|-damage|p2a: Basculegion|0 fnt\n|faint|p2a: Basculegion\n|\n|-sideend|p2: Ti3f1ghter|move: Tailwind\n|upkeep\n|\n|t:|1776435876\n|switch|p2a: Froslass|Froslass, L50, F|100/100\n|switch|p2b: Corviknight|Corviknight, L50, F|40/100 brn\n|-ability|p2b: Corviknight|Unnerve\n|turn|10\n|\n|t:|1776435922\n|detailschange|p2a: Froslass|Froslass-Mega, L50, F\n|-mega|p2a: Froslass|Froslass|Froslassite\n|-weather|Snowscape|[from] ability: Snow Warning|[of] p2a: Froslass\n|move|p1a: Basculegion|Wave Crash|p2b: Corviknight\n|-damage|p2b: Corviknight|0 fnt\n|faint|p2b: Corviknight\n|-damage|p1a: Basculegion|53/100|[from] Recoil\n|move|p1b: Garchomp|Rock Slide|p2a: Froslass\n|-supereffective|p2a: Froslass|1\n|-damage|p2a: Froslass|46/100\n|cant|p2a: Froslass|flinch\n|\n|-weather|Snowscape|[upkeep]\n|upkeep\n|turn|11\n|-message|Ti3f1ghter forfeited.\n|\n|win|PiinkLugia\n|raw|PiinkLugia's rating: 1055 &rarr; <strong>1095</strong><br />(+40 for winning)\n|raw|Ti3f1ghter's rating: 1153 &rarr; <strong>1121</strong><br />(-32 for losing)\n|l|\u2606Ti3f1ghter\n|player|p2|\n|c|\u2606PiinkLugia|hax\n",
  "uploadtime": 1776435952,
  "views": 22,
  "formatid": "gen9championsvgc2026regma",
  "rating": 1095,
  "private": 0,
  "password": null
}