{
  "id": "gen9championsvgc2026regma-2586079759",
  "format": "[Gen 9 Champions] VGC 2026 Reg M-A",
  "players": [
    "Anzyll",
    "Phillip Blevin"
  ],
  "log": "|j|\u2606Anzyll\n|j|\u2606Phillip Blevin\n|t:|1776396782\n|gametype|doubles\n|player|p1|Anzyll|clemont|1426\n|player|p2|Phillip Blevin|cynthia-masters4|1342\n|gen|9\n|tier|[Gen 9 Champions] VGC 2026 Reg M-A\n|rated|\n|rule|Species Clause: Limit one of each Pok\u00e9mon\n|rule|Item Clause: Limit 1 of each item\n|clearpoke\n|poke|p1|Crabominable, L50, F|\n|poke|p1|Sneasler, L50, F|\n|poke|p1|Farigiraf, L50, F|\n|poke|p1|Ninetales-Alola, L50, M|\n|poke|p1|Heliolisk, L50, M|\n|poke|p1|Azumarill, L50, M|\n|poke|p2|Froslass, L50, F|\n|poke|p2|Corviknight, L50, M|\n|poke|p2|Sneasler, L50, F|\n|poke|p2|Rotom-Mow, L50|\n|poke|p2|Incineroar, L50, M|\n|poke|p2|Tauros-Paldea-Aqua, L50, M|\n|teampreview|4\n|inactive|Battle timer is ON: inactive players will automatically lose when time's up. (requested by Phillip Blevin)\nPhillip Blevin has agreed to open team sheets.\n|inactive|Anzyll has 60 seconds left.\n|inactive|Phillip Blevin has 60 seconds left.\n|\n|t:|1776396826\n|teamsize|p1|4\n|teamsize|p2|4\n|start\n|switch|p1a: I Palindrome I|Farigiraf, L50, F|100/100\n|switch|p1b: Eat Spicy Goodness|Ninetales-Alola, L50, M|100/100\n|switch|p2a: Froslass|Froslass, L50, F|100/100\n|switch|p2b: Corviknight|Corviknight, L50, M|100/100\n|-weather|Snowscape|[from] ability: Snow Warning|[of] p1b: Eat Spicy Goodness\n|turn|1\n|inactive|Anzyll has 30 seconds left.\n|inactive|Anzyll has 20 seconds left.\n|\n|t:|1776396866\n|detailschange|p2a: Froslass|Froslass-Mega, L50, F\n|-mega|p2a: Froslass|Froslass|Froslassite\n|move|p2a: Froslass|Aurora Veil|p2a: Froslass\n|-sidestart|p2: Phillip Blevin|move: Aurora Veil\n|move|p1b: Eat Spicy Goodness|Aurora Veil|p1b: Eat Spicy Goodness\n|-sidestart|p1: Anzyll|move: Aurora Veil\n|move|p2b: Corviknight|Bulk Up|p2b: Corviknight\n|-boost|p2b: Corviknight|atk|1\n|-boost|p2b: Corviknight|def|1\n|move|p1a: I Palindrome I|Trick Room|p1a: I Palindrome I\n|-fieldstart|move: Trick Room|[of] p1a: I Palindrome I\n|\n|-weather|Snowscape|[upkeep]\n|upkeep\n|turn|2\n|inactive|Anzyll has 30 seconds left.\n|\n|t:|1776396895\n|move|p1a: I Palindrome I|Psyshock|p2a: Froslass\n|-damage|p2a: Froslass|80/100\n|move|p2b: Corviknight|Body Press|p1b: Eat Spicy Goodness\n|-damage|p1b: Eat Spicy Goodness|76/100\n|move|p1b: Eat Spicy Goodness|Moonblast|p2a: Froslass\n|-damage|p2a: Froslass|48/100\n|move|p2a: Froslass|Shadow Ball|p1b: Eat Spicy Goodness\n|-damage|p1b: Eat Spicy Goodness|41/100\n|\n|-weather|Snowscape|[upkeep]\n|upkeep\n|turn|3\n|\n|t:|1776396916\n|move|p2a: Froslass|Protect|p2a: Froslass\n|-singleturn|p2a: Froslass|Protect\n|move|p1a: I Palindrome I|Psyshock|p2a: Froslass\n|-activate|p2a: Froslass|move: Protect\n|move|p2b: Corviknight|Bulk Up|p2b: Corviknight\n|-boost|p2b: Corviknight|atk|1\n|-boost|p2b: Corviknight|def|1\n|move|p1b: Eat Spicy Goodness|Blizzard|p2a: Froslass|[spread] p2b\n|-activate|p2a: Froslass|move: Protect\n|-damage|p2b: Corviknight|81/100\n|\n|-weather|Snowscape|[upkeep]\n|-heal|p2b: Corviknight|87/100|[from] item: Leftovers\n|upkeep\n|turn|4\n|\n|t:|1776396938\n|switch|p2a: Sneasler|Sneasler, L50, F|100/100\n|-ability|p2a: Sneasler|Pressure\n|move|p1a: I Palindrome I|Psyshock|p2a: Sneasler\n|-supereffective|p2a: Sneasler|2\n|-damage|p2a: Sneasler|0 fnt\n|faint|p2a: Sneasler\n|move|p2b: Corviknight|Bulk Up|p2b: Corviknight\n|-boost|p2b: Corviknight|atk|1\n|-boost|p2b: Corviknight|def|1\n|move|p1b: Eat Spicy Goodness|Moonblast|p2b: Corviknight\n|-resisted|p2b: Corviknight|1\n|-damage|p2b: Corviknight|76/100\n|\n|-weather|Snowscape|[upkeep]\n|-heal|p2b: Corviknight|82/100|[from] item: Leftovers\n|upkeep\n|\n|t:|1776396945\n|switch|p2a: Froslass|Froslass-Mega, L50, F|48/100\n|turn|5\n|inactive|Anzyll has 30 seconds left.\n|inactive|Anzyll has 20 seconds left.\n|\n|t:|1776396982\n|switch|p1a: Tyke|Crabominable, L50, F|100/100\n|move|p2a: Froslass|Protect|p2a: Froslass\n|-singleturn|p2a: Froslass|Protect\n|move|p2b: Corviknight|Brave Bird|p1a: Tyke\n|-supereffective|p1a: Tyke|1\n|-damage|p1a: Tyke|14/100\n|-damage|p2b: Corviknight|54/100|[from] Recoil\n|move|p1b: Eat Spicy Goodness|Blizzard|p2a: Froslass|[spread] p2b\n|-activate|p2a: Froslass|move: Protect\n|-damage|p2b: Corviknight|32/100\n|\n|-weather|none\n|-heal|p2b: Corviknight|38/100|[from] item: Leftovers\n|-sideend|p1: Anzyll|move: Aurora Veil\n|-sideend|p2: Phillip Blevin|move: Aurora Veil\n|-fieldend|move: Trick Room\n|upkeep\n|turn|6\n|\n|t:|1776397003\n|detailschange|p1a: Tyke|Crabominable-Mega, L50, F\n|-mega|p1a: Tyke|Crabominable|Crabominite\n|move|p1a: Tyke|Mach Punch|p2b: Corviknight\n|-damage|p2b: Corviknight|29/100\n|move|p2a: Froslass|Shadow Ball|p1a: Tyke\n|-damage|p1a: Tyke|0 fnt\n|faint|p1a: Tyke\n|move|p1b: Eat Spicy Goodness|Blizzard|p2b: Corviknight|[spread] p2a,p2b\n|-resisted|p2a: Froslass|1\n|-damage|p2a: Froslass|28/100\n|-damage|p2b: Corviknight|0 fnt\n|faint|p2b: Corviknight\n|\n|upkeep\n|\n|t:|1776397014\n|switch|p2b: Rotom|Rotom-Mow, L50|100/100\n|switch|p1a: I Palindrome I|Farigiraf, L50, F|100/100\n|turn|7\n|\n|t:|1776397027\n|move|p2b: Rotom|Trick|p1a: I Palindrome I\n|-activate|p2b: Rotom|move: Trick|[of] p1a: I Palindrome I\n|-item|p1a: I Palindrome I|Choice Scarf|[from] move: Trick\n|-item|p2b: Rotom|Sitrus Berry|[from] move: Trick\n|move|p2a: Froslass|Shadow Ball|p1b: Eat Spicy Goodness\n|-damage|p1b: Eat Spicy Goodness|0 fnt\n|faint|p1b: Eat Spicy Goodness\n|move|p1a: I Palindrome I|Trick Room|p1a: I Palindrome I\n|-fieldstart|move: Trick Room|[of] p1a: I Palindrome I\n|\n|upkeep\n|\n|t:|1776397034\n|switch|p1b: Bleezus|Azumarill, L50, M|100/100\n|turn|8\n|\n|t:|1776397039\n|move|p1b: Bleezus|Play Rough|p2b: Rotom\n|-damage|p2b: Rotom|20/100\n|-enditem|p2b: Rotom|Sitrus Berry|[eat]\n|-heal|p2b: Rotom|45/100|[from] item: Sitrus Berry\n|move|p2b: Rotom|Leaf Storm|p1b: Bleezus|[miss]\n|-miss|p2b: Rotom|p1b: Bleezus\n|move|p2a: Froslass|Shadow Ball|p1b: Bleezus\n|-damage|p1b: Bleezus|54/100\n|-unboost|p1b: Bleezus|spd|1\n|move|p1a: I Palindrome I|Trick Room|p1a: I Palindrome I\n|-fieldend|move: Trick Room\n|\n|upkeep\n|turn|9\n|\n|t:|1776397049\n|move|p1b: Bleezus|Aqua Jet|p2a: Froslass\n|-damage|p2a: Froslass|0 fnt\n|faint|p2a: Froslass\n|move|p2b: Rotom|Electroweb|p1a: I Palindrome I|[spread] p1a,p1b\n|-supereffective|p1b: Bleezus|1\n|-damage|p1a: I Palindrome I|82/100\n|-damage|p1b: Bleezus|0 fnt\n|-unboost|p1a: I Palindrome I|spe|1\n|faint|p1b: Bleezus\n|move|p1a: I Palindrome I|Trick Room|p1a: I Palindrome I\n|-fieldstart|move: Trick Room|[of] p1a: I Palindrome I\n|\n|upkeep\n|turn|10\n|\n|t:|1776397062\n|move|p2b: Rotom|Volt Switch|p1a: I Palindrome I\n|-damage|p1a: I Palindrome I|54/100\n|move|p1a: I Palindrome I|Trick Room|p1a: I Palindrome I\n|-fieldend|move: Trick Room\n|\n|upkeep\n|turn|11\n|-message|Anzyll forfeited.\n|\n|win|Phillip Blevin\n|raw|Anzyll's rating: 1426 &rarr; <strong>1401</strong><br />(-25 for losing)\n|raw|Phillip Blevin's rating: 1342 &rarr; <strong>1367</strong><br />(+25 for winning)\n",
  "uploadtime": 1776397063,
  "views": 32,
  "formatid": "gen9championsvgc2026regma",
  "rating": 1367,
  "private": 0,
  "password": null
}