{
  "id": "gen9championsvgc2026regma-2588813698",
  "format": "[Gen 9 Champions] VGC 2026 Reg M-A",
  "players": [
    "borpox",
    "Crash0utVGC"
  ],
  "log": "|j|\u2606borpox\n|j|\u2606Crash0utVGC\n|t:|1776674068\n|gametype|doubles\n|player|p1|borpox|2|1129\n|player|p2|Crash0utVGC|colress|1108\n|gen|9\n|tier|[Gen 9 Champions] VGC 2026 Reg M-A\n|rated|\n|rule|Species Clause: Limit one of each Pok\u00e9mon\n|rule|Item Clause: Limit 1 of each item\n|clearpoke\n|poke|p1|Froslass, L50, F, shiny|\n|poke|p1|Milotic, L50, M, shiny|\n|poke|p1|Kommo-o, L50, M, shiny|\n|poke|p1|Sinistcha, L50|\n|poke|p1|Ninetales-Alola, L50, F, shiny|\n|poke|p1|Incineroar, L50, F, shiny|\n|poke|p2|Charizard, L50, F|\n|poke|p2|Kangaskhan, L50, F|\n|poke|p2|Basculegion, L50, M|\n|poke|p2|Aerodactyl, L50, M|\n|poke|p2|Garchomp, L50, F|\n|poke|p2|Kingambit, L50, M, shiny|\n|teampreview|4\n|inactive|Battle timer is ON: inactive players will automatically lose when time's up. (requested by borpox)\n|\n|t:|1776674127\n|teamsize|p1|4\n|teamsize|p2|4\n|start\n|switch|p1a: Kommo-o|Kommo-o, L50, M, shiny|100/100\n|switch|p1b: Milotic|Milotic, L50, M, shiny|100/100\n|switch|p2a: Charizard|Charizard, L50, F|100/100\n|switch|p2b: Aerodactyl|Aerodactyl, L50, M|100/100\n|-ability|p2b: Aerodactyl|Unnerve\n|turn|1\n|inactive|borpox has 30 seconds left.\n|\n|t:|1776674159\n|detailschange|p2a: Charizard|Charizard-Mega-Y, L50, F\n|-mega|p2a: Charizard|Charizard|Charizardite Y\n|-weather|SunnyDay|[from] ability: Drought|[of] p2a: Charizard\n|move|p1a: Kommo-o|Protect|p1a: Kommo-o\n|-singleturn|p1a: Kommo-o|Protect\n|move|p2b: Aerodactyl|Dual Wingbeat|p1a: Kommo-o\n|-activate|p1a: Kommo-o|move: Protect\n|move|p2a: Charizard|Heat Wave|p1b: Milotic|[spread] p1b\n|-activate|p1a: Kommo-o|move: Protect\n|-resisted|p1b: Milotic|1\n|-damage|p1b: Milotic|77/100\n|move|p1b: Milotic|Scald|p2b: Aerodactyl\n|-supereffective|p2b: Aerodactyl|1\n|-damage|p2b: Aerodactyl|62/100\n|\n|-weather|SunnyDay|[upkeep]\n|-heal|p1b: Milotic|83/100|[from] item: Leftovers\n|upkeep\n|turn|2\n|\n|t:|1776674177\n|switch|p1a: Ninetales|Ninetales-Alola, L50, F, shiny|100/100\n|-weather|Snowscape|[from] ability: Snow Warning|[of] p1a: Ninetales\n|move|p2b: Aerodactyl|Rock Slide|p1a: Ninetales|[spread] p1a\n|-miss|p2b: Aerodactyl|p1b: Milotic\n|-supereffective|p1a: Ninetales|1\n|-damage|p1a: Ninetales|48/100\n|move|p2a: Charizard|Solar Beam||[still]\n|-prepare|p2a: Charizard|Solar Beam\n|move|p1b: Milotic|Blizzard|p2a: Charizard|[spread] p2a,p2b\n|-supereffective|p2b: Aerodactyl|1\n|-damage|p2a: Charizard|84/100\n|-damage|p2b: Aerodactyl|6/100\n|\n|-weather|Snowscape|[upkeep]\n|-heal|p1b: Milotic|89/100|[from] item: Leftovers\n|upkeep\n|turn|3\n|inactive|borpox has 30 seconds left.\n|\n|t:|1776674210\n|move|p2b: Aerodactyl|Rock Slide|p1a: Ninetales|[spread] p1a,p1b\n|-supereffective|p1a: Ninetales|1\n|-damage|p1a: Ninetales|0 fnt\n|-damage|p1b: Milotic|68/100\n|faint|p1a: Ninetales\n|move|p2a: Charizard|Solar Beam|p1b: Milotic|[from] lockedmove\n|-supereffective|p1b: Milotic|1\n|-damage|p1b: Milotic|31/100\n|cant|p1b: Milotic|flinch\n|\n|-weather|Snowscape|[upkeep]\n|-heal|p1b: Milotic|37/100|[from] item: Leftovers\n|upkeep\n|\n|t:|1776674222\n|switch|p1a: Sinistcha|Sinistcha, L50|100/100\n|-heal|p1b: Milotic|62/100|[from] ability: Hospitality|[of] p1a: Sinistcha\n|turn|4\n|\n|t:|1776674233\n|switch|p2a: Basculegion|Basculegion, L50, M|100/100\n|move|p2b: Aerodactyl|Protect|p2b: Aerodactyl\n|-singleturn|p2b: Aerodactyl|Protect\n|move|p1b: Milotic|Blizzard|p2b: Aerodactyl|[spread] p2a\n|-activate|p2b: Aerodactyl|move: Protect\n|-resisted|p2a: Basculegion|1\n|-damage|p2a: Basculegion|90/100\n|move|p1a: Sinistcha|Life Dew||[still]|[spread] p1a,p1b\n|-fail|p1a: Sinistcha|heal\n|-heal|p1b: Milotic|87/100\n|\n|-weather|Snowscape|[upkeep]\n|-heal|p1b: Milotic|93/100|[from] item: Leftovers\n|upkeep\n|turn|5\n|inactive|borpox has 30 seconds left.\n|inactive|borpox has 20 seconds left.\n|\n|t:|1776674269\n|move|p2a: Basculegion|Last Respects|p1a: Sinistcha\n|-supereffective|p1a: Sinistcha|1\n|-damage|p1a: Sinistcha|44/100\n|move|p2b: Aerodactyl|Tailwind|p2b: Aerodactyl\n|-sidestart|p2: Crash0utVGC|move: Tailwind\n|move|p1b: Milotic|Life Dew|p1b: Milotic|[spread] p1a,p1b\n|-heal|p1a: Sinistcha|70/100\n|-heal|p1b: Milotic|100/100\n|move|p1a: Sinistcha|Matcha Gotcha|p2a: Basculegion|[spread] p2a\n|-miss|p1a: Sinistcha|p2b: Aerodactyl\n|-supereffective|p2a: Basculegion|1\n|-damage|p2a: Basculegion|36/100\n|-heal|p1a: Sinistcha|99/100|[from] drain|[of] p2a: Basculegion\n|\n|-weather|Snowscape|[upkeep]\n|upkeep\n|turn|6\n|\n|t:|1776674292\n|switch|p1a: Kommo-o|Kommo-o, L50, M, shiny|100/100\n|move|p2a: Basculegion|Last Respects|p1a: Kommo-o\n|-damage|p1a: Kommo-o|73/100\n|move|p2b: Aerodactyl|Dual Wingbeat|p1a: Kommo-o\n|-supereffective|p1a: Kommo-o|1\n|-damage|p1a: Kommo-o|44/100\n|-supereffective|p1a: Kommo-o|1\n|-damage|p1a: Kommo-o|14/100\n|-hitcount|p1a: Kommo-o|2\n|move|p1b: Milotic|Scald|p2b: Aerodactyl\n|-supereffective|p2b: Aerodactyl|1\n|-damage|p2b: Aerodactyl|0 fnt\n|faint|p2b: Aerodactyl\n|\n|-weather|none\n|upkeep\n|\n|t:|1776674302\n|switch|p2b: Charizard|Charizard-Mega-Y, L50, F|84/100\n|-weather|SunnyDay|[from] ability: Drought|[of] p2b: Charizard\n|turn|7\n|\n|t:|1776674316\n|move|p1a: Kommo-o|Protect|p1a: Kommo-o\n|-singleturn|p1a: Kommo-o|Protect\n|move|p2a: Basculegion|Last Respects|p1b: Milotic\n|-damage|p1b: Milotic|49/100\n|move|p2b: Charizard|Solar Beam||[still]\n|-prepare|p2b: Charizard|Solar Beam\n|-anim|p2b: Charizard|Solar Beam|p1b: Milotic\n|-supereffective|p1b: Milotic|1\n|-damage|p1b: Milotic|0 fnt\n|faint|p1b: Milotic\n|\n|-weather|SunnyDay|[upkeep]\n|upkeep\n|-message|borpox forfeited.\n|\n|win|Crash0utVGC\n|raw|borpox's rating: 1129 &rarr; <strong>1102</strong><br />(-27 for losing)\n|raw|Crash0utVGC's rating: 1108 &rarr; <strong>1135</strong><br />(+27 for winning)\n",
  "uploadtime": 1776674326,
  "views": 9,
  "formatid": "gen9championsvgc2026regma",
  "rating": 1102,
  "private": 0,
  "password": null
}