{
  "id": "gen9championsvgc2026regma-2586935188",
  "format": "[Gen 9 Champions] VGC 2026 Reg M-A",
  "players": [
    "kurow23",
    "loklastaji"
  ],
  "log": "|j|\u2606kurow23\n|j|\u2606loklastaji\n|t:|1776473354\n|gametype|doubles\n|player|p1|kurow23|plasmagrunt|1119\n|player|p2|loklastaji|2|1122\n|gen|9\n|tier|[Gen 9 Champions] VGC 2026 Reg M-A\n|rated|\n|rule|Species Clause: Limit one of each Pok\u00e9mon\n|rule|Item Clause: Limit 1 of each item\n|clearpoke\n|poke|p1|Sinistcha, L50|\n|poke|p1|Aerodactyl, L50, M|\n|poke|p1|Archaludon, L50, F|\n|poke|p1|Lopunny, L50, M|\n|poke|p1|Skarmory, L50, M|\n|poke|p1|Primarina, L50, M|\n|poke|p2|Samurott-Hisui, L50, F|\n|poke|p2|Delphox, L50, F|\n|poke|p2|Tinkaton, L50, F|\n|poke|p2|Decidueye-Hisui, L50, F|\n|poke|p2|Altaria, L50, F|\n|poke|p2|Farigiraf, L50, M|\n|teampreview|4\n|\n|t:|1776473406\n|teamsize|p1|4\n|teamsize|p2|4\n|start\n|switch|p1a: Sinistcha|Sinistcha, L50|100/100\n|switch|p1b: Primarina|Primarina, L50, M|100/100\n|switch|p2a: Tinkaton|Tinkaton, L50, F|100/100\n|switch|p2b: Decidueye|Decidueye-Hisui, L50, F|100/100\n|turn|1\n|\n|t:|1776473428\n|switch|p1b: Skarmory|Skarmory, L50, M|100/100\n|move|p2b: Decidueye|Leaf Blade|p1b: Skarmory\n|-resisted|p1b: Skarmory|2\n|-damage|p1b: Skarmory|92/100\n|-ability|p1b: Skarmory|Weak Armor|boost\n|-unboost|p1b: Skarmory|def|1\n|-boost|p1b: Skarmory|spe|2\n|move|p2a: Tinkaton|Gigaton Hammer|p1b: Skarmory\n|-resisted|p1b: Skarmory|1\n|-damage|p1b: Skarmory|58/100\n|-ability|p1b: Skarmory|Weak Armor|boost\n|-unboost|p1b: Skarmory|def|1\n|-boost|p1b: Skarmory|spe|2\n|move|p1a: Sinistcha|Shadow Ball|p2b: Decidueye\n|-damage|p2b: Decidueye|60/100\n|-unboost|p2b: Decidueye|spd|1\n|\n|upkeep\n|turn|2\n|\n|t:|1776473465\n|switch|p2b: Delphox|Delphox, L50, F|100/100\n|detailschange|p1b: Skarmory|Skarmory-Mega, L50, M\n|-mega|p1b: Skarmory|Skarmory|Skarmorite\n|move|p1b: Skarmory|Drill Run|p2a: Tinkaton\n|-supereffective|p2a: Tinkaton|1\n|-damage|p2a: Tinkaton|8/100\n|move|p2a: Tinkaton|Ice Hammer|p1a: Sinistcha\n|-supereffective|p1a: Sinistcha|1\n|-damage|p1a: Sinistcha|57/100\n|-unboost|p2a: Tinkaton|spe|1\n|move|p1a: Sinistcha|Life Dew|p1a: Sinistcha|[spread] p1a,p1b\n|-heal|p1a: Sinistcha|82/100\n|-heal|p1b: Skarmory|84/100\n|\n|upkeep\n|turn|3\n|\n|t:|1776473501\n|switch|p2a: Samurott|Samurott-Hisui, L50, F|100/100\n|detailschange|p2b: Delphox|Delphox-Mega, L50, F\n|-mega|p2b: Delphox|Delphox|Delphoxite\n|move|p1b: Skarmory|Brave Bird|p2b: Delphox\n|-damage|p2b: Delphox|0 fnt\n|faint|p2b: Delphox\n|-damage|p1b: Skarmory|52/100|[from] Recoil\n|move|p1a: Sinistcha|Shadow Ball|p2a: Samurott\n|-resisted|p2a: Samurott|1\n|-damage|p2a: Samurott|75/100\n|\n|upkeep\n|\n|t:|1776473515\n|switch|p2b: Tinkaton|Tinkaton, L50, F|8/100\n|turn|4\n|\n|t:|1776473526\n|move|p2b: Tinkaton|Fake Out|p1b: Skarmory\n|-resisted|p1b: Skarmory|1\n|-damage|p1b: Skarmory|42/100\n|move|p1a: Sinistcha|Rage Powder|p1a: Sinistcha\n|-singleturn|p1a: Sinistcha|move: Rage Powder\n|cant|p1b: Skarmory|flinch\n|move|p2a: Samurott|Ceaseless Edge|p1a: Sinistcha\n|-supereffective|p1a: Sinistcha|1\n|-damage|p1a: Sinistcha|0 fnt\n|-sidestart|p1: kurow23|Spikes\n|faint|p1a: Sinistcha\n|\n|upkeep\n|\n|t:|1776473540\n|switch|p1a: Primarina|Primarina, L50, M|100/100\n|-damage|p1a: Primarina|88/100|[from] Spikes\n|turn|5\n|\n|t:|1776473559\n|move|p2a: Samurott|Sucker Punch|p1b: Skarmory\n|-damage|p1b: Skarmory|0 fnt\n|faint|p1b: Skarmory\n|move|p2b: Tinkaton|Gigaton Hammer|p1a: Primarina\n|-damage|p1a: Primarina|12/100\n|move|p1a: Primarina|Hyper Voice|p2b: Tinkaton|[spread] p2a,p2b\n|-resisted|p2a: Samurott|1\n|-damage|p2a: Samurott|47/100\n|-damage|p2b: Tinkaton|0 fnt\n|faint|p2b: Tinkaton\n|\n|-heal|p1a: Primarina|18/100|[from] item: Leftovers\n|upkeep\n|\n|t:|1776473572\n|switch|p2b: Decidueye|Decidueye-Hisui, L50, F|60/100\n|switch|p1b: Archaludon|Archaludon, L50, F|100/100\n|-damage|p1b: Archaludon|88/100|[from] Spikes\n|turn|6\n|\n|t:|1776473596\n|move|p2a: Samurott|Sucker Punch|p1a: Primarina\n|-resisted|p1a: Primarina|1\n|-damage|p1a: Primarina|0 fnt\n|faint|p1a: Primarina\n|move|p1b: Archaludon|Draco Meteor|p2b: Decidueye\n|-damage|p2b: Decidueye|0 fnt\n|-unboost|p1b: Archaludon|spa|2\n|faint|p2b: Decidueye\n|\n|upkeep\n|turn|7\n|\n|t:|1776473607\n|move|p1b: Archaludon|Draco Meteor|p2a: Samurott\n|-damage|p2a: Samurott|0 fnt\n|-unboost|p1b: Archaludon|spa|2\n|faint|p2a: Samurott\n|\n|win|kurow23\n|raw|kurow23's rating: 1119 &rarr; <strong>1144</strong><br />(+25 for winning)\n|raw|loklastaji's rating: 1122 &rarr; <strong>1097</strong><br />(-25 for losing)\n",
  "uploadtime": 1776473614,
  "views": 17,
  "formatid": "gen9championsvgc2026regma",
  "rating": 1097,
  "private": 0,
  "password": null
}