{
  "id": "gen9championsvgc2026regma-2584567015",
  "format": "[Gen 9 Champions] VGC 2026 Reg M-A",
  "players": [
    "irohvish",
    "Gatorl0ver"
  ],
  "log": "|j|\u2606irohvish\n|j|\u2606Gatorl0ver\n|t:|1776269225\n|gametype|doubles\n|player|p1|irohvish|1|1283\n|player|p2|Gatorl0ver|1|1306\n|gen|9\n|tier|[Gen 9 Champions] VGC 2026 Reg M-A\n|rated|\n|rule|Species Clause: Limit one of each Pok\u00e9mon\n|rule|Item Clause: Limit 1 of each item\n|clearpoke\n|poke|p1|Incineroar, L50, M|\n|poke|p1|Floette-Eternal, L50, F|\n|poke|p1|Sinistcha-Masterpiece, L50|\n|poke|p1|Rotom-Wash, L50|\n|poke|p1|Garchomp, L50, M|\n|poke|p1|Kingambit, L50, M|\n|poke|p2|Feraligatr, L50, M|\n|poke|p2|Ninetales-Alola, L50, M|\n|poke|p2|Incineroar, L50, M|\n|poke|p2|Sinistcha, L50|\n|poke|p2|Sneasler, L50, M|\n|poke|p2|Corviknight, L50, M|\n|teampreview|4\n|inactive|Battle timer is ON: inactive players will automatically lose when time's up. (requested by irohvish)\nGatorl0ver has agreed to open team sheets.\n|inactive|Gatorl0ver has 60 seconds left.\n|\n|t:|1776269273\n|teamsize|p1|4\n|teamsize|p2|4\n|start\n|switch|p1a: Kingambit|Kingambit, L50, M|100/100\n|switch|p1b: Incineroar|Incineroar, L50, M, shiny|100/100\n|switch|p2a: Sneasler|Sneasler, L50, M|100/100\n|switch|p2b: Feraligatr|Feraligatr, L50, M|100/100\n|-ability|p1b: Incineroar|Intimidate|boost\n|-unboost|p2a: Sneasler|atk|1\n|-unboost|p2b: Feraligatr|atk|1\n|-enditem|p2a: Sneasler|White Herb\n|-clearnegativeboost|p2a: Sneasler|[silent]\n|turn|1\n|inactive|irohvish has 30 seconds left.\n|inactive|irohvish has 20 seconds left.\n|\n|t:|1776269312\n|detailschange|p2b: Feraligatr|Feraligatr-Mega, L50, M\n|-mega|p2b: Feraligatr|Feraligatr|Feraligite\n|move|p2a: Sneasler|Fake Out|p1a: Kingambit\n|-resisted|p1a: Kingambit|1\n|-damage|p1a: Kingambit|96/100\n|move|p1b: Incineroar|Fake Out|p2b: Feraligatr\n|-damage|p2b: Feraligatr|88/100\n|cant|p1a: Kingambit|flinch\n|cant|p2b: Feraligatr|flinch\n|\n|upkeep\n|turn|2\n|\n|t:|1776269323\n|move|p1a: Kingambit|Sucker Punch||[still]\n|-fail|p1a: Kingambit\n|move|p2a: Sneasler|Coaching|p2b: Feraligatr\n|-boost|p2b: Feraligatr|atk|1\n|-boost|p2b: Feraligatr|def|1\n|move|p2b: Feraligatr|Dragon Dance|p2b: Feraligatr\n|-boost|p2b: Feraligatr|atk|1\n|-boost|p2b: Feraligatr|spe|1\n|move|p1b: Incineroar|Flare Blitz|p2a: Sneasler\n|-damage|p2a: Sneasler|0 fnt\n|faint|p2a: Sneasler\n|-damage|p1b: Incineroar|75/100|[from] Recoil\n|\n|upkeep\n|\n|t:|1776269332\n|switch|p2a: Corviknight|Corviknight, L50, M|100/100\n|turn|3\n|\n|t:|1776269341\n|move|p2b: Feraligatr|Liquidation|p1b: Incineroar\n|-supereffective|p1b: Incineroar|1\n|-crit|p1b: Incineroar\n|-damage|p1b: Incineroar|0 fnt\n|faint|p1b: Incineroar\n|move|p2a: Corviknight|Body Press|p1a: Kingambit\n|-supereffective|p1a: Kingambit|2\n|-damage|p1a: Kingambit|26/100\n|move|p1a: Kingambit|Kowtow Cleave|p2b: Feraligatr\n|-damage|p2b: Feraligatr|49/100\n|\n|upkeep\n|\n|t:|1776269352\n|switch|p1b: Floette|Floette-Eternal, L50, F|100/100\n|turn|4\n|\n|t:|1776269360\n|detailschange|p1b: Floette|Floette-Mega, L50, F\n|-mega|p1b: Floette|Floette|Floettite\n|-ability|p1b: Floette|Fairy Aura\n|move|p2b: Feraligatr|Protect|p2b: Feraligatr\n|-singleturn|p2b: Feraligatr|Protect\n|move|p1a: Kingambit|Sucker Punch|p2a: Corviknight\n|-damage|p2a: Corviknight|65/100\n|move|p1b: Floette|Dazzling Gleam|p2a: Corviknight|[spread] p2a\n|-activate|p2b: Feraligatr|move: Protect\n|-resisted|p2a: Corviknight|1\n|-damage|p2a: Corviknight|41/100\n|move|p2a: Corviknight|Iron Head|p1b: Floette\n|-supereffective|p1b: Floette|1\n|-damage|p1b: Floette|34/100\n|\n|-heal|p2a: Corviknight|47/100|[from] item: Leftovers\n|upkeep\n|turn|5\n|\n|t:|1776269378\n|switch|p2a: Sinistcha|Sinistcha, L50|100/100\n|-heal|p2b: Feraligatr|73/100|[from] ability: Hospitality|[of] p2a: Sinistcha\n|move|p1a: Kingambit|Sucker Punch|p2b: Feraligatr\n|-damage|p2b: Feraligatr|42/100\n|move|p2b: Feraligatr|Liquidation|p1b: Floette\n|-damage|p1b: Floette|0 fnt\n|faint|p1b: Floette\n|\n|upkeep\n|\n|t:|1776269387\n|switch|p1b: Rotom|Rotom-Wash, L50, shiny|100/100\n|turn|6\n|\n|t:|1776269395\n|move|p2a: Sinistcha|Rage Powder|p2a: Sinistcha\n|-singleturn|p2a: Sinistcha|move: Rage Powder\n|move|p1b: Rotom|Thunderbolt|p2a: Sinistcha\n|-resisted|p2a: Sinistcha|1\n|-damage|p2a: Sinistcha|82/100\n|move|p2b: Feraligatr|Body Slam|p1b: Rotom\n|-damage|p1b: Rotom|0 fnt\n|faint|p1b: Rotom\n|move|p1a: Kingambit|Kowtow Cleave|p2a: Sinistcha\n|-supereffective|p2a: Sinistcha|1\n|-damage|p2a: Sinistcha|0 fnt\n|faint|p2a: Sinistcha\n|\n|upkeep\n|\n|t:|1776269402\n|switch|p2a: Corviknight|Corviknight, L50, M|47/100\n|turn|7\n|-message|irohvish forfeited.\n|\n|win|Gatorl0ver\n|raw|irohvish's rating: 1283 &rarr; <strong>1260</strong><br />(-23 for losing)\n|raw|Gatorl0ver's rating: 1306 &rarr; <strong>1325</strong><br />(+19 for winning)\n|l|\u2606irohvish\n|player|p1|\n",
  "uploadtime": 1776269409,
  "views": 31,
  "formatid": "gen9championsvgc2026regma",
  "rating": 1260,
  "private": 0,
  "password": null
}