{
  "id": "gen9championsvgc2026regma-2584888983",
  "format": "[Gen 9 Champions] VGC 2026 Reg M-A",
  "players": [
    "gengar0718",
    "jack zelong"
  ],
  "log": "|j|\u2606gengar0718\n|j|\u2606jack zelong\n|t:|1776291811\n|gametype|doubles\n|player|p1|gengar0718|sonia-masters|1203\n|player|p2|jack zelong|chili|1243\n|gen|9\n|tier|[Gen 9 Champions] VGC 2026 Reg M-A\n|rated|\n|rule|Species Clause: Limit one of each Pok\u00e9mon\n|rule|Item Clause: Limit 1 of each item\n|clearpoke\n|poke|p1|Sneasler, L50, M|\n|poke|p1|Charizard, L50, M|\n|poke|p1|Typhlosion-Hisui, L50, M|\n|poke|p1|Rotom-Wash, L50|\n|poke|p1|Farigiraf, L50, F|\n|poke|p1|Kingambit, L50, F|\n|poke|p2|Crabominable, L50, M|\n|poke|p2|Aromatisse, L50, F|\n|poke|p2|Kingambit, L50, M|\n|poke|p2|Conkeldurr, L50, M|\n|poke|p2|Farigiraf, L50, M|\n|poke|p2|Aegislash, L50, M|\n|teampreview|4\n|inactive|Battle timer is ON: inactive players will automatically lose when time's up. (requested by gengar0718)\n|inactive|gengar0718 has 60 seconds left.\n|inactive|jack zelong has 60 seconds left.\n|\n|t:|1776291858\n|teamsize|p1|4\n|teamsize|p2|4\n|start\n|switch|p1a: Farigiraf|Farigiraf, L50, F|100/100\n|switch|p1b: Sneasler|Sneasler, L50, M|100/100\n|switch|p2a: Farigiraf|Farigiraf, L50, M|100/100\n|switch|p2b: Conkeldurr|Conkeldurr, L50, M|100/100\n|turn|1\n|\n|t:|1776291878\n|move|p1b: Sneasler|Close Combat|p2a: Farigiraf\n|-damage|p2a: Farigiraf|50/100\n|-unboost|p1b: Sneasler|def|1\n|-unboost|p1b: Sneasler|spd|1\n|-enditem|p1b: Sneasler|White Herb\n|-clearnegativeboost|p1b: Sneasler|[silent]\n|move|p2a: Farigiraf|Hyper Voice|p1a: Farigiraf|[spread] p1a,p1b\n|-damage|p1a: Farigiraf|79/100\n|-damage|p1b: Sneasler|68/100\n|move|p1a: Farigiraf|Psychic|p2b: Conkeldurr\n|-supereffective|p2b: Conkeldurr|1\n|-damage|p2b: Conkeldurr|18/100\n|-unboost|p2b: Conkeldurr|spd|1\n|move|p2b: Conkeldurr|Ice Punch|p1b: Sneasler\n|-damage|p1b: Sneasler|5/100\n|\n|upkeep\n|turn|2\n|inactive|gengar0718 has 30 seconds left.\n|inactive|gengar0718 has 20 seconds left.\n|inactive|gengar0718 has 15 seconds left.\n|\n|t:|1776291919\n|switch|p1b: Kingambit|Kingambit, L50, F|100/100\n|switch|p2a: Aegislash|Aegislash, L50, M|100/100\n|move|p2b: Conkeldurr|Protect|p2b: Conkeldurr\n|-singleturn|p2b: Conkeldurr|Protect\n|move|p1a: Farigiraf|Psychic|p2b: Conkeldurr\n|-activate|p2b: Conkeldurr|move: Protect\n|\n|upkeep\n|turn|3\n|\n|t:|1776291942\n|switch|p2b: Farigiraf|Farigiraf, L50, M|50/100\n|move|p2a: Aegislash|King's Shield|p2a: Aegislash\n|-singleturn|p2a: Aegislash|Protect\n|move|p1b: Kingambit|Protect|p1b: Kingambit\n|-singleturn|p1b: Kingambit|Protect\n|move|p1a: Farigiraf|Psychic|p2b: Farigiraf\n|-resisted|p2b: Farigiraf|1\n|-damage|p2b: Farigiraf|34/100\n|\n|upkeep\n|turn|4\n|\n|t:|1776291957\n|move|p2b: Farigiraf|Helping Hand|p2a: Aegislash\n|-singleturn|p2a: Aegislash|Helping Hand|[of] p2b: Farigiraf\n|move|p1a: Farigiraf|Helping Hand|p1b: Kingambit\n|-singleturn|p1b: Kingambit|Helping Hand|[of] p1a: Farigiraf\n|-formechange|p2a: Aegislash|Aegislash-Blade|\n|move|p2a: Aegislash|Flash Cannon|p1a: Farigiraf\n|-damage|p1a: Farigiraf|19/100\n|move|p1b: Kingambit|Kowtow Cleave|p2a: Aegislash\n|-supereffective|p2a: Aegislash|1\n|-enditem|p2a: Aegislash|Focus Sash\n|-damage|p2a: Aegislash|1/100\n|\n|upkeep\n|turn|5\n|inactive|gengar0718 has 30 seconds left.\n|\n|t:|1776291991\n|-formechange|p2a: Aegislash|Aegislash|\n|move|p2a: Aegislash|King's Shield|p2a: Aegislash\n|-singleturn|p2a: Aegislash|Protect\n|move|p1b: Kingambit|Sucker Punch||[still]\n|cant|p2b: Farigiraf|ability: Armor Tail|Sucker Punch|[of] p1b: Kingambit\n|move|p2b: Farigiraf|Hyper Voice|p1b: Kingambit|[spread] p1a,p1b\n|-resisted|p1b: Kingambit|1\n|-damage|p1a: Farigiraf|0 fnt\n|-damage|p1b: Kingambit|89/100\n|faint|p1a: Farigiraf\n|\n|upkeep\n|\n|t:|1776292004\n|switch|p1a: Sneasler|Sneasler, L50, M|5/100\n|turn|6\n|\n|t:|1776292024\n|switch|p2b: Conkeldurr|Conkeldurr, L50, M|18/100\n|move|p1a: Sneasler|Protect|p1a: Sneasler\n|-singleturn|p1a: Sneasler|Protect\n|-formechange|p2a: Aegislash|Aegislash-Blade|\n|move|p2a: Aegislash|Shadow Sneak|p1a: Sneasler\n|-activate|p1a: Sneasler|move: Protect\n|move|p1b: Kingambit|Sucker Punch||[still]\n|-fail|p1b: Kingambit\n|\n|upkeep\n|turn|7\n|\n|t:|1776292048\n|switch|p1a: Charizard|Charizard, L50, M|100/100\n|move|p2a: Aegislash|Shadow Sneak|p1a: Charizard\n|-crit|p1a: Charizard\n|-damage|p1a: Charizard|70/100\n|move|p1b: Kingambit|Sucker Punch|p2b: Conkeldurr\n|-resisted|p2b: Conkeldurr|1\n|-damage|p2b: Conkeldurr|1/100\n|move|p2b: Conkeldurr|Drain Punch|p1b: Kingambit\n|-supereffective|p1b: Kingambit|2\n|-crit|p1b: Kingambit\n|-enditem|p1b: Kingambit|Chople Berry|[eat]\n|-enditem|p1b: Kingambit|Chople Berry|[weaken]\n|-damage|p1b: Kingambit|0 fnt\n|-heal|p2b: Conkeldurr|45/100|[from] drain|[of] p1b: Kingambit\n|faint|p1b: Kingambit\n|\n|upkeep\n|\n|t:|1776292059\n|switch|p1b: Sneasler|Sneasler, L50, M|5/100\n|turn|8\n|\n|t:|1776292073\n|detailschange|p1a: Charizard|Charizard-Mega-Y, L50, M\n|-mega|p1a: Charizard|Charizard|Charizardite Y\n|-weather|SunnyDay|[from] ability: Drought|[of] p1a: Charizard\n|move|p1b: Sneasler|Protect|p1b: Sneasler\n|-singleturn|p1b: Sneasler|Protect\n|-formechange|p2a: Aegislash|Aegislash|\n|move|p2a: Aegislash|King's Shield|p2a: Aegislash\n|-singleturn|p2a: Aegislash|Protect\n|move|p2b: Conkeldurr|Protect|p2b: Conkeldurr\n|-singleturn|p2b: Conkeldurr|Protect\n|move|p1a: Charizard|Heat Wave|p2b: Conkeldurr|[spread] \n|-activate|p2a: Aegislash|move: Protect\n|-activate|p2b: Conkeldurr|move: Protect\n|\n|-weather|SunnyDay|[upkeep]\n|upkeep\n|turn|9\n|\n|t:|1776292087\n|move|p1b: Sneasler|Protect||[still]\n|-fail|p1b: Sneasler\n|-formechange|p2a: Aegislash|Aegislash-Blade|\n|move|p2a: Aegislash|Shadow Sneak|p1b: Sneasler\n|-damage|p1b: Sneasler|0 fnt\n|faint|p1b: Sneasler\n|move|p1a: Charizard|Heat Wave|p2b: Conkeldurr|[spread] p2b\n|-miss|p1a: Charizard|p2a: Aegislash\n|-damage|p2b: Conkeldurr|0 fnt\n|faint|p2b: Conkeldurr\n|\n|-weather|SunnyDay|[upkeep]\n|upkeep\n|\n|t:|1776292097\n|switch|p2b: Farigiraf|Farigiraf, L50, M|34/100\n|turn|10\n|inactive|jack zelong has 30 seconds left.\n|\n|t:|1776292124\n|move|p2b: Farigiraf|Helping Hand|p2a: Aegislash\n|-singleturn|p2a: Aegislash|Helping Hand|[of] p2b: Farigiraf\n|move|p2a: Aegislash|Shadow Sneak|p1a: Charizard\n|-damage|p1a: Charizard|34/100\n|move|p1a: Charizard|Heat Wave|p2a: Aegislash|[spread] p2b\n|-miss|p1a: Charizard|p2a: Aegislash\n|-damage|p2b: Farigiraf|0 fnt\n|faint|p2b: Farigiraf\n|\n|-weather|SunnyDay|[upkeep]\n|upkeep\n|\n|t:|1776292139\n|switch|p2b: Crabominable|Crabominable, L50, M|100/100\n|turn|11\n|\n|t:|1776292146\n|detailschange|p2b: Crabominable|Crabominable-Mega, L50, M\n|-mega|p2b: Crabominable|Crabominable|Crabominite\n|move|p2a: Aegislash|Shadow Sneak|p1a: Charizard\n|-damage|p1a: Charizard|11/100\n|move|p2b: Crabominable|Mach Punch|p1a: Charizard\n|-resisted|p1a: Charizard|1\n|-damage|p1a: Charizard|0 fnt\n|faint|p1a: Charizard\n|\n|win|jack zelong\n|raw|gengar0718's rating: 1203 &rarr; <strong>1181</strong><br />(-22 for losing)\n|raw|jack zelong's rating: 1243 &rarr; <strong>1265</strong><br />(+22 for winning)\n|l|\u2606gengar0718\n|player|p1|\n",
  "uploadtime": 1776292158,
  "views": 24,
  "formatid": "gen9championsvgc2026regma",
  "rating": 1181,
  "private": 0,
  "password": null
}