{
  "id": "gen9championsvgc2026regma-2584513791",
  "format": "[Gen 9 Champions] VGC 2026 Reg M-A",
  "players": [
    "Nhatpia",
    "god Azazel"
  ],
  "log": "|j|\u2606Nhatpia\n|j|\u2606god Azazel\n|t:|1776265841\n|gametype|doubles\n|player|p1|Nhatpia|swimmerf|1129\n|player|p2|god Azazel|erika|1079\n|gen|9\n|tier|[Gen 9 Champions] VGC 2026 Reg M-A\n|rated|\n|rule|Species Clause: Limit one of each Pok\u00e9mon\n|rule|Item Clause: Limit 1 of each item\n|clearpoke\n|poke|p1|Houndoom, L50, F|\n|poke|p1|Ninetales, L50, F|\n|poke|p1|Victreebel, L50, M|\n|poke|p1|Sableye, L50, F|\n|poke|p1|Krookodile, L50, F|\n|poke|p1|Skarmory, L50, M|\n|poke|p2|Lopunny, L50, F|\n|poke|p2|Kommo-o, L50, F|\n|poke|p2|Whimsicott, L50, F|\n|poke|p2|Zoroark-Hisui, L50, F|\n|poke|p2|Sableye, L50, F|\n|poke|p2|Weavile, L50, F|\n|teampreview|4\n|inactive|Battle timer is ON: inactive players will automatically lose when time's up. (requested by god Azazel)\n|inactive|Nhatpia has 60 seconds left.\n|\n|t:|1776265875\n|teamsize|p1|4\n|teamsize|p2|4\n|start\n|switch|p1a: Ch\u1ed9 \u0111\u00f3|Houndoom, L50, F, shiny|100/100\n|switch|p1b: Sableye|Sableye, L50, F, shiny|100/100\n|switch|p2a: Sableye|Sableye, L50, F, shiny|100/100\n|switch|p2b: Kommo-o|Kommo-o, L50, F, shiny|100/100\n|-ability|p1a: Ch\u1ed9 \u0111\u00f3|Unnerve\n|turn|1\n|\n|t:|1776265899\n|switch|p1a: Victreebel|Victreebel, L50, M|100/100\n|move|p2a: Sableye|Helping Hand|p2b: Kommo-o\n|-singleturn|p2b: Kommo-o|Helping Hand|[of] p2a: Sableye\n|move|p1b: Sableye|Fake Out|p2b: Kommo-o\n|-damage|p2b: Kommo-o|92/100\n|cant|p2b: Kommo-o|flinch\n|\n|upkeep\n|turn|2\n|\n|t:|1776265914\n|move|p2a: Sableye|Helping Hand|p2b: Kommo-o\n|-singleturn|p2b: Kommo-o|Helping Hand|[of] p2a: Sableye\n|move|p1b: Sableye|Sunny Day|p1b: Sableye\n|-weather|SunnyDay\n|move|p1a: Victreebel|Sleep Powder|p2b: Kommo-o\n|-status|p2b: Kommo-o|slp|[from] move: Sleep Powder\n|cant|p2b: Kommo-o|slp\n|\n|-weather|SunnyDay|[upkeep]\n|upkeep\n|turn|3\n|\n|t:|1776265931\n|move|p2a: Sableye|Disable|p1a: Victreebel\n|-start|p1a: Victreebel|Disable|Sleep Powder\n|move|p1a: Victreebel|Sludge Bomb|p2b: Kommo-o\n|-damage|p2b: Kommo-o|52/100 slp\n|cant|p2b: Kommo-o|slp\n|move|p1b: Sableye|Foul Play|p2b: Kommo-o\n|-resisted|p2b: Kommo-o|1\n|-damage|p2b: Kommo-o|36/100 slp\n|\n|-weather|SunnyDay|[upkeep]\n|upkeep\n|turn|4\n|\n|t:|1776265946\n|move|p2a: Sableye|Disable||[still]\n|-fail|p2a: Sableye\n|move|p1a: Victreebel|Sludge Bomb|p2b: Kommo-o\n|-damage|p2b: Kommo-o|0 fnt\n|faint|p2b: Kommo-o\n|move|p1b: Sableye|Foul Play|p2a: Sableye\n|-damage|p2a: Sableye|62/100\n|\n|-weather|SunnyDay|[upkeep]\n|upkeep\n|\n|t:|1776265952\n|switch|p2b: Lopunny|Lopunny, L50, F, shiny|100/100\n|turn|5\n|\n|t:|1776265962\n|switch|p1a: Ch\u1ed9 \u0111\u00f3|Houndoom, L50, F, shiny|100/100\n|-ability|p1a: Ch\u1ed9 \u0111\u00f3|Unnerve\n|move|p2a: Sableye|Helping Hand|p2b: Lopunny\n|-singleturn|p2b: Lopunny|Helping Hand|[of] p2a: Sableye\n|move|p1b: Sableye|Thunder Wave|p2b: Lopunny\n|-status|p2b: Lopunny|par\n|move|p2b: Lopunny|Hyper Voice|p1b: Sableye|[spread] p1a\n|-immune|p1b: Sableye\n|-damage|p1a: Ch\u1ed9 \u0111\u00f3|6/100\n|\n|-weather|SunnyDay|[upkeep]\n|upkeep\n|turn|6\n|\n|t:|1776265985\n|detailschange|p1a: Ch\u1ed9 \u0111\u00f3|Houndoom-Mega, L50, F, shiny\n|-mega|p1a: Ch\u1ed9 \u0111\u00f3|Houndoom|Houndoominite\n|move|p2a: Sableye|Helping Hand|p2b: Lopunny\n|-singleturn|p2b: Lopunny|Helping Hand|[of] p2a: Sableye\n|move|p1a: Ch\u1ed9 \u0111\u00f3|Heat Wave|p2a: Sableye|[spread] p2a,p2b\n|-damage|p2a: Sableye|0 fnt\n|-damage|p2b: Lopunny|0 fnt\n|replace|p2b: Zoroark|Zoroark-Hisui, L50, F\n|-end|p2b: Zoroark|Illusion\n|faint|p2a: Sableye\n|faint|p2b: Zoroark\n|move|p1b: Sableye|Foul Play|p2: Sableye|[notarget]\n|-fail|p1b: Sableye\n|\n|-weather|none\n|upkeep\n|-message|god Azazel forfeited.\n|\n|win|Nhatpia\n|raw|Nhatpia's rating: 1129 &rarr; <strong>1150</strong><br />(+21 for winning)\n|raw|god Azazel's rating: 1079 &rarr; <strong>1060</strong><br />(-19 for losing)\n|l|\u2606god Azazel\n|player|p2|\n",
  "uploadtime": 1776266070,
  "views": 55,
  "formatid": "gen9championsvgc2026regma",
  "rating": 1060,
  "private": 0,
  "password": null
}