{
  "id": "gen9championsvgc2026regma-2580557045",
  "format": "[Gen 9 Champions] VGC 2026 Reg M-A",
  "players": [
    "fanaticodedaz",
    "collateraldamagejr"
  ],
  "log": "|j|\u2606fanaticodedaz\n|j|\u2606collateraldamagejr\n|t:|1775912559\n|gametype|doubles\n|player|p1|fanaticodedaz|benga|1051\n|player|p2|collateraldamagejr|102|1076\n|gen|9\n|tier|[Gen 9 Champions] VGC 2026 Reg M-A\n|rated|\n|rule|Species Clause: Limit one of each Pok\u00e9mon\n|rule|Item Clause: Limit 1 of each item\n|clearpoke\n|poke|p1|Charizard, L50, F|\n|poke|p1|Sneasler, L50, M|\n|poke|p1|Kingambit, L50, F|\n|poke|p1|Maushold-Four, L50|\n|poke|p1|Dragapult, L50, F|\n|poke|p1|Garchomp, L50, F|\n|poke|p2|Froslass, L50, F|\n|poke|p2|Arcanine-Hisui, L50, M|\n|poke|p2|Gyarados, L50, M|\n|poke|p2|Kingambit, L50, M|\n|poke|p2|Hydreigon, L50, F|\n|poke|p2|Mr. Rime, L50, M|\n|teampreview|4\n|inactive|Battle timer is ON: inactive players will automatically lose when time's up. (requested by fanaticodedaz)\n|inactive|collateraldamagejr has 60 seconds left.\n|\n|t:|1775912594\n|teamsize|p1|4\n|teamsize|p2|4\n|start\n|switch|p1a: Charizard|Charizard, L50, F|100/100\n|switch|p1b: Sneasler|Sneasler, L50, M|100/100\n|switch|p2a: Arcanine|Arcanine-Hisui, L50, M, shiny|100/100\n|switch|p2b: Mr. Rime|Mr. Rime, L50, M|100/100\n|-ability|p2a: Arcanine|Intimidate|boost\n|-unboost|p1a: Charizard|atk|1\n|-unboost|p1b: Sneasler|atk|1\n|turn|1\n|\n|t:|1775912614\n|move|p1a: Charizard|Protect|p1a: Charizard\n|-singleturn|p1a: Charizard|Protect\n|move|p1b: Sneasler|Fake Out|p2b: Mr. Rime\n|-damage|p2b: Mr. Rime|88/100\n|cant|p2b: Mr. Rime|flinch\n|move|p2a: Arcanine|Rock Slide|p1a: Charizard|[spread] p1b\n|-activate|p1a: Charizard|move: Protect\n|-resisted|p1b: Sneasler|1\n|-damage|p1b: Sneasler|74/100\n|\n|upkeep\n|turn|2\n|\n|t:|1775912637\n|switch|p1a: Kingambit|Kingambit, L50, F|100/100\n|move|p1b: Sneasler|Close Combat|p2a: Arcanine\n|-supereffective|p2a: Arcanine|1\n|-damage|p2a: Arcanine|4/100\n|-unboost|p1b: Sneasler|def|1\n|-unboost|p1b: Sneasler|spd|1\n|move|p2a: Arcanine|Rock Slide|p1a: Kingambit|[spread] p1a,p1b\n|-resisted|p1a: Kingambit|1\n|-resisted|p1b: Sneasler|1\n|-crit|p1b: Sneasler\n|-damage|p1a: Kingambit|89/100\n|-damage|p1b: Sneasler|20/100\n|move|p2b: Mr. Rime|Blizzard|p1b: Sneasler|[spread] p1b\n|-miss|p2b: Mr. Rime|p1a: Kingambit\n|-damage|p1b: Sneasler|0 fnt\n|faint|p1b: Sneasler\n|\n|upkeep\n|\n|t:|1775912649\n|switch|p1b: Maushold|Maushold-Four, L50|100/100\n|turn|3\n|\n|t:|1775912658\n|switch|p2a: Kingambit|Kingambit, L50, M, shiny|100/100\n|move|p1b: Maushold|Follow Me|p1b: Maushold\n|-singleturn|p1b: Maushold|move: Follow Me\n|move|p2b: Mr. Rime|Focus Blast|p1b: Maushold\n|-supereffective|p1b: Maushold|1\n|-enditem|p1b: Maushold|Chople Berry|[eat]\n|-enditem|p1b: Maushold|Chople Berry|[weaken]\n|-damage|p1b: Maushold|52/100\n|move|p1a: Kingambit|Swords Dance|p1a: Kingambit\n|-boost|p1a: Kingambit|atk|2\n|\n|upkeep\n|turn|4\n|\n|t:|1775912680\n|move|p1b: Maushold|Follow Me|p1b: Maushold\n|-singleturn|p1b: Maushold|move: Follow Me\n|move|p2b: Mr. Rime|Focus Blast|p1b: Maushold\n|-supereffective|p1b: Maushold|1\n|-damage|p1b: Maushold|0 fnt\n|faint|p1b: Maushold\n|move|p2a: Kingambit|Swords Dance|p2a: Kingambit\n|-boost|p2a: Kingambit|atk|2\n|move|p1a: Kingambit|Assurance|p2b: Mr. Rime\n|-supereffective|p2b: Mr. Rime|1\n|-damage|p2b: Mr. Rime|0 fnt\n|faint|p2b: Mr. Rime\n|\n|upkeep\n|\n|t:|1775912691\n|switch|p1b: Charizard|Charizard, L50, F|100/100\n|switch|p2b: Froslass|Froslass, L50, F, shiny|100/100\n|turn|5\n|\n|t:|1775912723\n|detailschange|p1b: Charizard|Charizard-Mega-Y, L50, F\n|-mega|p1b: Charizard|Charizard|Charizardite Y\n|-weather|SunnyDay|[from] ability: Drought|[of] p1b: Charizard\n|detailschange|p2b: Froslass|Froslass-Mega, L50, F, shiny\n|-mega|p2b: Froslass|Froslass|Froslassite\n|-weather|Snowscape|[from] ability: Snow Warning|[of] p2b: Froslass\n|move|p1a: Kingambit|Protect|p1a: Kingambit\n|-singleturn|p1a: Kingambit|Protect\n|move|p2a: Kingambit|Protect|p2a: Kingambit\n|-singleturn|p2a: Kingambit|Protect\n|move|p2b: Froslass|Aurora Veil|p2b: Froslass\n|-sidestart|p2: collateraldamagejr|move: Aurora Veil\n|move|p1b: Charizard|Heat Wave|p2a: Kingambit|[spread] p2b\n|-activate|p2a: Kingambit|move: Protect\n|-supereffective|p2b: Froslass|1\n|-damage|p2b: Froslass|42/100\n|\n|-weather|Snowscape|[upkeep]\n|upkeep\n|turn|6\n|\n|t:|1775912745\n|move|p2b: Froslass|Protect|p2b: Froslass\n|-singleturn|p2b: Froslass|Protect\n|move|p1b: Charizard|Protect|p1b: Charizard\n|-singleturn|p1b: Charizard|Protect\n|move|p1a: Kingambit|Sucker Punch||[still]\n|-fail|p1a: Kingambit\n|move|p2a: Kingambit|Sucker Punch||[still]\n|-fail|p2a: Kingambit\n|\n|-weather|Snowscape|[upkeep]\n|upkeep\n|turn|7\n|\n|t:|1775912760\n|move|p2a: Kingambit|Sucker Punch|p1b: Charizard\n|-damage|p1b: Charizard|0 fnt\n|faint|p1b: Charizard\n|move|p1a: Kingambit|Sucker Punch||[still]\n|-fail|p1a: Kingambit\n|move|p2b: Froslass|Aurora Veil||[still]\n|-fail|p2b: Froslass\n|\n|-weather|Snowscape|[upkeep]\n|upkeep\n|turn|8\n|-message|fanaticodedaz forfeited.\n|\n|win|collateraldamagejr\n|raw|fanaticodedaz's rating: 1051 &rarr; <strong>1035</strong><br />(-16 for losing)\n|raw|collateraldamagejr's rating: 1076 &rarr; <strong>1103</strong><br />(+27 for winning)\n|l|\u2606fanaticodedaz\n|player|p1|\n",
  "uploadtime": 1775912770,
  "views": 12,
  "formatid": "gen9championsvgc2026regma",
  "rating": 1035,
  "private": 0,
  "password": null
}