{
  "id": "gen9championsvgc2026regma-2583259521",
  "format": "[Gen 9 Champions] VGC 2026 Reg M-A",
  "players": [
    "AQLepro",
    "bioraza"
  ],
  "log": "|j|\u2606AQLepro\n|j|\u2606bioraza\n|t:|1776160480\n|gametype|doubles\n|player|p1|AQLepro|1|1155\n|player|p2|bioraza|n-masters|1233\n|gen|9\n|tier|[Gen 9 Champions] VGC 2026 Reg M-A\n|rated|\n|rule|Species Clause: Limit one of each Pok\u00e9mon\n|rule|Item Clause: Limit 1 of each item\n|clearpoke\n|poke|p1|Pelipper, L50, F|\n|poke|p1|Basculegion, L50, M|\n|poke|p1|Archaludon, L50, F|\n|poke|p1|Sinistcha, L50|\n|poke|p1|Sneasler, L50, F|\n|poke|p1|Floette-Eternal, L50, F|\n|poke|p2|Volcarona, L50, M|\n|poke|p2|Milotic, L50, F|\n|poke|p2|Sneasler, L50, F|\n|poke|p2|Kingambit, L50, M|\n|poke|p2|Venusaur, L50, M|\n|poke|p2|Dragapult, L50, M|\n|teampreview|4\n|inactive|Battle timer is ON: inactive players will automatically lose when time's up. (requested by bioraza)\n|inactive|AQLepro has 60 seconds left.\n|inactive|bioraza has 60 seconds left.\n|inactive|bioraza has 30 seconds left.\n|inactive|bioraza has 20 seconds left.\n|\n|t:|1776160555\n|teamsize|p1|4\n|teamsize|p2|4\n|start\n|switch|p1a: Pelipper|Pelipper, L50, F, shiny|100/100\n|switch|p1b: Basculegion|Basculegion, L50, M, shiny|100/100\n|switch|p2a: Venusaur|Venusaur, L50, M|100/100\n|switch|p2b: Sneasler|Sneasler, L50, F|100/100\n|-weather|RainDance|[from] ability: Drizzle|[of] p1a: Pelipper\n|turn|1\n|\n|t:|1776160578\n|detailschange|p2a: Venusaur|Venusaur-Mega, L50, M\n|-mega|p2a: Venusaur|Venusaur|Venusaurite\n|move|p1b: Basculegion|Protect|p1b: Basculegion\n|-singleturn|p1b: Basculegion|Protect\n|move|p1a: Pelipper|Protect|p1a: Pelipper\n|-singleturn|p1a: Pelipper|Protect\n|move|p2b: Sneasler|Fake Out|p1a: Pelipper\n|-activate|p1a: Pelipper|move: Protect\n|move|p2a: Venusaur|Giga Drain|p1b: Basculegion\n|-activate|p1b: Basculegion|move: Protect\n|\n|-weather|RainDance|[upkeep]\n|upkeep\n|turn|2\n|inactive|AQLepro has 30 seconds left.\n|inactive|AQLepro has 20 seconds left.\n|inactive|AQLepro has 15 seconds left.\n|\n|t:|1776160622\n|move|p1b: Basculegion|Wave Crash|p2b: Sneasler\n|-enditem|p2b: Sneasler|Focus Sash\n|-damage|p2b: Sneasler|1/100\n|-damage|p1b: Basculegion|74/100|[from] Recoil\n|move|p2b: Sneasler|Dire Claw|p1a: Pelipper\n|-damage|p1a: Pelipper|47/100\n|-status|p1a: Pelipper|psn|[from] ability: Poison Touch|[of] p2b: Sneasler\n|move|p1a: Pelipper|Tailwind|p1a: Pelipper\n|-sidestart|p1: AQLepro|move: Tailwind\n|move|p2a: Venusaur|Giga Drain|p1b: Basculegion\n|-supereffective|p1b: Basculegion|1\n|-damage|p1b: Basculegion|0 fnt\n|faint|p1b: Basculegion\n|\n|-weather|RainDance|[upkeep]\n|-damage|p1a: Pelipper|35/100 psn|[from] psn\n|upkeep\n|\n|t:|1776160640\n|switch|p1b: Floette|Floette-Eternal, L50, F, shiny|100/100\n|turn|3\n|\n|t:|1776160658\n|detailschange|p1b: Floette|Floette-Mega, L50, F, shiny\n|-mega|p1b: Floette|Floette|Floettite\n|-ability|p1b: Floette|Fairy Aura\n|move|p2b: Sneasler|Protect|p2b: Sneasler\n|-singleturn|p2b: Sneasler|Protect\n|move|p1b: Floette|Moonblast|p2b: Sneasler\n|-activate|p2b: Sneasler|move: Protect\n|move|p1a: Pelipper|Hurricane|p2a: Venusaur\n|-supereffective|p2a: Venusaur|1\n|-damage|p2a: Venusaur|15/100\n|move|p2a: Venusaur|Sludge Wave|p1b: Floette|[spread] p1a,p1b\n|-activate|p2b: Sneasler|move: Protect\n|-supereffective|p1b: Floette|1\n|-damage|p1a: Pelipper|0 fnt\n|-damage|p1b: Floette|32/100\n|faint|p1a: Pelipper\n|\n|-weather|RainDance|[upkeep]\n|upkeep\n|\n|t:|1776160677\n|switch|p1a: Sinistcha|Sinistcha, L50, shiny|100/100\n|-heal|p1b: Floette|57/100|[from] ability: Hospitality|[of] p1a: Sinistcha\n|turn|4\n|\n|t:|1776160691\n|move|p2a: Venusaur|Protect|p2a: Venusaur\n|-singleturn|p2a: Venusaur|Protect\n|move|p1b: Floette|Draining Kiss|p2a: Venusaur\n|-activate|p2a: Venusaur|move: Protect\n|move|p2b: Sneasler|Dire Claw|p1b: Floette\n|-supereffective|p1b: Floette|1\n|-damage|p1b: Floette|0 fnt\n|faint|p1b: Floette\n|move|p1a: Sinistcha|Matcha Gotcha|p2b: Sneasler|[spread] p2b\n|-activate|p2a: Venusaur|move: Protect\n|-resisted|p2b: Sneasler|1\n|-damage|p2b: Sneasler|0 fnt\n|faint|p2b: Sneasler\n|\n|-weather|RainDance|[upkeep]\n|upkeep\n|\n|t:|1776160706\n|switch|p2b: Kingambit|Kingambit, L50, M|100/100\n|turn|5\n|inactive|AQLepro has 30 seconds left.\n|inactive|AQLepro has 20 seconds left.\n|inactive|AQLepro has 15 seconds left.\n|inactive|AQLepro has 10 seconds left.\n|inactive|AQLepro has 5 seconds left.\n|\n|t:|1776160761\n|move|p1a: Sinistcha|Matcha Gotcha|p2a: Venusaur|[spread] p2a,p2b\n|-resisted|p2a: Venusaur|2\n|-resisted|p2b: Kingambit|1\n|-damage|p2a: Venusaur|11/100\n|-damage|p2b: Kingambit|88/100\n|move|p2a: Venusaur|Sludge Wave|p1a: Sinistcha|[spread] p1a\n|-immune|p2b: Kingambit\n|-damage|p1a: Sinistcha|62/100\n|move|p2b: Kingambit|Kowtow Cleave|p1a: Sinistcha\n|-supereffective|p1a: Sinistcha|1\n|-damage|p1a: Sinistcha|0 fnt\n|faint|p1a: Sinistcha\n|\n|win|bioraza\n|raw|AQLepro's rating: 1155 &rarr; <strong>1136</strong><br />(-19 for losing)\n|raw|bioraza's rating: 1233 &rarr; <strong>1252</strong><br />(+19 for winning)\n|l|\u2606AQLepro\n|player|p1|\n",
  "uploadtime": 1776161707,
  "views": 29,
  "formatid": "gen9championsvgc2026regma",
  "rating": 1136,
  "private": 0,
  "password": null
}