{
  "id": "gen9championsvgc2026regma-2580758990",
  "format": "[Gen 9 Champions] VGC 2026 Reg M-A",
  "players": [
    "jukasinjakudo",
    "Tunezalcuadrado"
  ],
  "log": "|j|\u2606jukasinjakudo\n|j|\u2606Tunezalcuadrado\n|t:|1775930152\n|gametype|doubles\n|player|p1|jukasinjakudo|n|1098\n|player|p2|Tunezalcuadrado|lucas|1117\n|gen|9\n|tier|[Gen 9 Champions] VGC 2026 Reg M-A\n|rated|\n|rule|Species Clause: Limit one of each Pok\u00e9mon\n|rule|Item Clause: Limit 1 of each item\n|clearpoke\n|poke|p1|Farigiraf, L50, M|\n|poke|p1|Sylveon, L50, F|\n|poke|p1|Torkoal, L50, M|\n|poke|p1|Crabominable, L50, F|\n|poke|p1|Incineroar, L50, F|\n|poke|p1|Kingambit, L50, F|\n|poke|p2|Whimsicott, L50, M|\n|poke|p2|Gengar, L50, M|\n|poke|p2|Politoed, L50, F|\n|poke|p2|Archaludon, L50, F|\n|poke|p2|Basculegion, L50, M|\n|poke|p2|Incineroar, L50, M|\n|teampreview|4\n|inactive|Battle timer is ON: inactive players will automatically lose when time's up. (requested by Tunezalcuadrado)\n|inactive|jukasinjakudo has 60 seconds left.\n|\n|t:|1775930184\n|teamsize|p1|4\n|teamsize|p2|4\n|start\n|switch|p1a: Farigiraf|Farigiraf, L50, M|100/100\n|switch|p1b: Incineroar|Incineroar, L50, F|100/100\n|switch|p2a: Politoed|Politoed, L50, F|100/100\n|switch|p2b: Basculegion|Basculegion, L50, M|100/100\n|-weather|RainDance|[from] ability: Drizzle|[of] p2a: Politoed\n|-ability|p1b: Incineroar|Intimidate|boost\n|-unboost|p2a: Politoed|atk|1\n|-unboost|p2b: Basculegion|atk|1\n|turn|1\n|inactive|jukasinjakudo has 30 seconds left.\n|\n|t:|1775930214\n|move|p2b: Basculegion|Flip Turn|p1b: Incineroar\n|-supereffective|p1b: Incineroar|1\n|-damage|p1b: Incineroar|45/100\n|-enditem|p1b: Incineroar|Sitrus Berry|[eat]\n|-heal|p1b: Incineroar|70/100|[from] item: Sitrus Berry\n|\n|t:|1775930219\n|switch|p2b: Incineroar|Incineroar, L50, M|100/100|[from] Flip Turn\n|-ability|p2b: Incineroar|Intimidate|boost\n|-unboost|p1a: Farigiraf|atk|1\n|-unboost|p1b: Incineroar|atk|1\n|move|p2a: Politoed|Weather Ball|p1a: Farigiraf\n|-damage|p1a: Farigiraf|53/100\n|move|p1b: Incineroar|Parting Shot|p2a: Politoed\n|-unboost|p2a: Politoed|atk|1\n|-unboost|p2a: Politoed|spa|1\n|\n|t:|1775930236\n|switch|p1b: Sylveon|Sylveon, L50, F|100/100|[from] Parting Shot\n|move|p1a: Farigiraf|Trick Room|p1a: Farigiraf\n|-fieldstart|move: Trick Room|[of] p1a: Farigiraf\n|\n|-weather|RainDance|[upkeep]\n|upkeep\n|turn|2\n|\n|t:|1775930250\n|move|p1a: Farigiraf|Helping Hand|p1b: Sylveon\n|-singleturn|p1b: Sylveon|Helping Hand|[of] p1a: Farigiraf\n|move|p2a: Politoed|Protect|p2a: Politoed\n|-singleturn|p2a: Politoed|Protect\n|move|p1b: Sylveon|Hyper Voice|p2a: Politoed|[spread] p2b\n|-activate|p2a: Politoed|move: Protect\n|-damage|p2b: Incineroar|36/100\n|-enditem|p2b: Incineroar|Sitrus Berry|[eat]\n|-heal|p2b: Incineroar|61/100|[from] item: Sitrus Berry\n|move|p2b: Incineroar|Darkest Lariat|p1a: Farigiraf\n|-supereffective|p1a: Farigiraf|1\n|-enditem|p1a: Farigiraf|Colbur Berry|[eat]\n|-enditem|p1a: Farigiraf|Colbur Berry|[weaken]\n|-damage|p1a: Farigiraf|13/100\n|\n|-weather|RainDance|[upkeep]\n|upkeep\n|turn|3\n|inactive|Tunezalcuadrado has 30 seconds left.\n|\n|t:|1775930276\n|switch|p2b: Gengar|Gengar, L50, M, shiny|100/100\n|move|p1a: Farigiraf|Helping Hand|p1b: Sylveon\n|-singleturn|p1b: Sylveon|Helping Hand|[of] p1a: Farigiraf\n|move|p1b: Sylveon|Hyper Voice|p2b: Gengar|[spread] p2a,p2b\n|-resisted|p2b: Gengar|1\n|-crit|p2b: Gengar\n|-damage|p2a: Politoed|31/100\n|-damage|p2b: Gengar|23/100\n|move|p2a: Politoed|Weather Ball|p1a: Farigiraf\n|-damage|p1a: Farigiraf|0 fnt\n|faint|p1a: Farigiraf\n|\n|-weather|RainDance|[upkeep]\n|upkeep\n|\n|t:|1775930294\n|switch|p1a: Crabominable|Crabominable, L50, F|100/100\n|turn|4\n|\n|t:|1775930306\n|switch|p2a: Incineroar|Incineroar, L50, M|61/100\n|-ability|p2a: Incineroar|Intimidate|boost\n|-fail|p1a: Crabominable|unboost|Attack|[from] ability: Hyper Cutter|[of] p1a: Crabominable\n|-unboost|p1b: Sylveon|atk|1\n|detailschange|p1a: Crabominable|Crabominable-Mega, L50, F\n|-mega|p1a: Crabominable|Crabominable|Crabominite\n|move|p2b: Gengar|Protect|p2b: Gengar\n|-singleturn|p2b: Gengar|Protect\n|move|p1a: Crabominable|Ice Hammer|p2b: Gengar\n|-activate|p2b: Gengar|move: Protect\n|move|p1b: Sylveon|Hyper Voice|p2a: Incineroar|[spread] p2a\n|-activate|p2b: Gengar|move: Protect\n|-damage|p2a: Incineroar|17/100\n|\n|-weather|RainDance|[upkeep]\n|upkeep\n|turn|5\n|\n|t:|1775930331\n|switch|p2b: Politoed|Politoed, L50, F|31/100\n|move|p2a: Incineroar|Fake Out|p1a: Crabominable\n|-damage|p1a: Crabominable|91/100\n|cant|p1a: Crabominable|flinch\n|move|p1b: Sylveon|Hyper Voice|p2b: Politoed|[spread] p2a,p2b\n|-crit|p2b: Politoed\n|-damage|p2a: Incineroar|0 fnt\n|-damage|p2b: Politoed|0 fnt\n|faint|p2a: Incineroar\n|faint|p2b: Politoed\n|\n|-weather|none\n|-fieldend|move: Trick Room\n|upkeep\n|\n|t:|1775930346\n|switch|p2b: Basculegion|Basculegion, L50, M|100/100\n|switch|p2a: Gengar|Gengar, L50, M, shiny|23/100\n|turn|6\n|inactive|jukasinjakudo has 30 seconds left.\n|\n|t:|1775930375\n|detailschange|p2a: Gengar|Gengar-Mega, L50, M, shiny\n|-mega|p2a: Gengar|Gengar|Gengarite\n|move|p2b: Basculegion|Wave Crash|p1a: Crabominable\n|-damage|p1a: Crabominable|39/100\n|-damage|p2b: Basculegion|83/100|[from] Recoil\n|move|p2a: Gengar|Sludge Bomb|p1b: Sylveon\n|-supereffective|p1b: Sylveon|1\n|-damage|p1b: Sylveon|28/100\n|move|p1b: Sylveon|Hyper Voice|p2a: Gengar|[spread] p2a,p2b\n|-resisted|p2a: Gengar|1\n|-damage|p2a: Gengar|0 fnt\n|-damage|p2b: Basculegion|21/100\n|faint|p2a: Gengar\n|move|p1a: Crabominable|Close Combat|p2b: Basculegion\n|-immune|p2b: Basculegion\n|\n|upkeep\n|turn|7\n|inactive|Tunezalcuadrado has 30 seconds left.\n|inactive|Tunezalcuadrado has 20 seconds left.\n|inactive|Tunezalcuadrado has 15 seconds left.\n|inactive|Tunezalcuadrado has 10 seconds left.\n|inactive|Tunezalcuadrado has 5 seconds left.\n|\n|t:|1775930430\n|move|p2b: Basculegion|Wave Crash|p1a: Crabominable\n|-damage|p1a: Crabominable|0 fnt\n|faint|p1a: Crabominable\n|-damage|p2b: Basculegion|8/100|[from] Recoil\n|move|p1b: Sylveon|Hyper Voice|p2b: Basculegion\n|-damage|p2b: Basculegion|0 fnt\n|faint|p2b: Basculegion\n|\n|win|jukasinjakudo\n|raw|jukasinjakudo's rating: 1098 &rarr; <strong>1125</strong><br />(+27 for winning)\n|raw|Tunezalcuadrado's rating: 1117 &rarr; <strong>1091</strong><br />(-26 for losing)\n",
  "uploadtime": 1775930457,
  "views": 17,
  "formatid": "gen9championsvgc2026regma",
  "rating": 1091,
  "private": 0,
  "password": null
}