{
  "id": "gen9championsvgc2026regma-2580706599",
  "format": "[Gen 9 Champions] VGC 2026 Reg M-A",
  "players": [
    "riggatxni",
    "Striker-sama"
  ],
  "log": "|j|\u2606riggatxni\n|j|\u2606Striker-sama\n|t:|1775925873\n|gametype|doubles\n|player|p1|riggatxni|marlon|1013\n|player|p2|Striker-sama|102|1000\n|gen|9\n|tier|[Gen 9 Champions] VGC 2026 Reg M-A\n|rated|\n|rule|Species Clause: Limit one of each Pok\u00e9mon\n|rule|Item Clause: Limit 1 of each item\n|clearpoke\n|poke|p1|Whimsicott, L50, M|\n|poke|p1|Ceruledge, L50, M|\n|poke|p1|Dragonite, L50, M|\n|poke|p1|Incineroar, L50, M|\n|poke|p1|Excadrill, L50, M|\n|poke|p1|Lucario, L50, M|\n|poke|p2|Gallade, L50, M|\n|poke|p2|Whimsicott, L50, F|\n|poke|p2|Incineroar, L50, M|\n|poke|p2|Charizard, L50, F|\n|poke|p2|Garchomp, L50, M|\n|poke|p2|Sinistcha, L50|\n|teampreview|4\n|\n|t:|1775925911\n|teamsize|p1|4\n|teamsize|p2|4\n|start\n|switch|p1a: Whimsicott|Whimsicott, L50, M, shiny|100/100\n|switch|p1b: Incineroar|Incineroar, L50, M, shiny|100/100\n|switch|p2a: Garchomp|Garchomp, L50, M|100/100\n|switch|p2b: Sinistcha|Sinistcha, L50|100/100\n|-ability|p1b: Incineroar|Intimidate|boost\n|-unboost|p2a: Garchomp|atk|1\n|-unboost|p2b: Sinistcha|atk|1\n|turn|1\n|\n|t:|1775925955\n|move|p1b: Incineroar|Fake Out|p2a: Garchomp\n|-damage|p2a: Garchomp|85/100\n|-damage|p1b: Incineroar|88/100|[from] ability: Rough Skin|[of] p2a: Garchomp\n|move|p1a: Whimsicott|Tailwind|p1a: Whimsicott\n|-sidestart|p1: riggatxni|move: Tailwind\n|cant|p2a: Garchomp|flinch\n|move|p2b: Sinistcha|Curse|p1b: Incineroar\n|-start|p1b: Incineroar|Curse|[of] p2b: Sinistcha\n|-damage|p2b: Sinistcha|51/100\n|\n|-damage|p1b: Incineroar|63/100|[from] Curse\n|upkeep\n|turn|2\n|\n|t:|1775925998\n|switch|p2b: Incineroar|Incineroar, L50, M|100/100\n|-ability|p2b: Incineroar|Intimidate|boost\n|-unboost|p1a: Whimsicott|atk|1\n|-unboost|p1b: Incineroar|atk|1\n|move|p1a: Whimsicott|Moonblast|p2a: Garchomp\n|-supereffective|p2a: Garchomp|1\n|-damage|p2a: Garchomp|20/100\n|move|p2a: Garchomp|Rock Slide|p1a: Whimsicott|[spread] p1b\n|-miss|p2a: Garchomp|p1a: Whimsicott\n|-supereffective|p1b: Incineroar|1\n|-damage|p1b: Incineroar|40/100\n|move|p1b: Incineroar|Parting Shot|p2a: Garchomp\n|-unboost|p2a: Garchomp|atk|1\n|-unboost|p2a: Garchomp|spa|1\n|\n|t:|1775926018\n|switch|p1b: Dragonite|Dragonite, L50, M, shiny|100/100|[from] Parting Shot\n|\n|upkeep\n|turn|3\n|\n|t:|1775926046\n|switch|p2a: Charizard|Charizard, L50, F, shiny|100/100\n|detailschange|p1b: Dragonite|Dragonite-Mega, L50, M, shiny\n|-mega|p1b: Dragonite|Dragonite|Dragoninite\n|move|p1b: Dragonite|Protect|p1b: Dragonite\n|-singleturn|p1b: Dragonite|Protect\n|move|p2b: Incineroar|Fake Out|p1b: Dragonite\n|-activate|p1b: Dragonite|move: Protect\n|move|p1a: Whimsicott|Cotton Guard|p1a: Whimsicott\n|-boost|p1a: Whimsicott|def|3\n|\n|upkeep\n|turn|4\n|\n|t:|1775926073\n|detailschange|p2a: Charizard|Charizard-Mega-Y, L50, F, shiny\n|-mega|p2a: Charizard|Charizard|Charizardite Y\n|-weather|SunnyDay|[from] ability: Drought|[of] p2a: Charizard\n|move|p1a: Whimsicott|Encore|p2b: Incineroar\n|-hint|Since gen 7, Dark is immune to Prankster moves.\n|-immune|p2b: Incineroar\n|move|p1b: Dragonite|Hydro Pump|p2a: Charizard\n|-supereffective|p2a: Charizard|1\n|-damage|p2a: Charizard|53/100\n|move|p2a: Charizard|Heat Wave|p1b: Dragonite|[spread] p1a,p1b\n|-supereffective|p1a: Whimsicott|1\n|-resisted|p1b: Dragonite|1\n|-enditem|p1a: Whimsicott|Focus Sash\n|-damage|p1a: Whimsicott|1/100\n|-damage|p1b: Dragonite|89/100\n|move|p2b: Incineroar|Parting Shot|p1b: Dragonite\n|-unboost|p1b: Dragonite|atk|1\n|-unboost|p1b: Dragonite|spa|1\n|\n|t:|1775926089\n|switch|p2b: Sinistcha|Sinistcha, L50|51/100|[from] Parting Shot\n|-heal|p2a: Charizard|77/100|[from] ability: Hospitality|[of] p2b: Sinistcha\n|\n|-weather|SunnyDay|[upkeep]\n|-sideend|p1: riggatxni|move: Tailwind\n|upkeep\n|turn|5\n|\n|t:|1775926121\n|move|p1a: Whimsicott|Tailwind|p1a: Whimsicott\n|-sidestart|p1: riggatxni|move: Tailwind\n|move|p1b: Dragonite|Ice Beam|p2b: Sinistcha\n|-supereffective|p2b: Sinistcha|1\n|-damage|p2b: Sinistcha|4/100\n|-enditem|p2b: Sinistcha|Sitrus Berry|[eat]\n|-heal|p2b: Sinistcha|28/100|[from] item: Sitrus Berry\n|move|p2a: Charizard|Heat Wave|p1b: Dragonite|[spread] p1a,p1b\n|-supereffective|p1a: Whimsicott|1\n|-resisted|p1b: Dragonite|1\n|-damage|p1a: Whimsicott|0 fnt\n|-damage|p1b: Dragonite|65/100\n|faint|p1a: Whimsicott\n|move|p2b: Sinistcha|Life Dew|p2b: Sinistcha|[spread] p2a,p2b\n|-heal|p2a: Charizard|100/100\n|-heal|p2b: Sinistcha|54/100\n|\n|-weather|SunnyDay|[upkeep]\n|upkeep\n|\n|t:|1775926136\n|switch|p1a: Ceruledge|Ceruledge, L50, M, shiny|100/100\n|turn|6\n|\n|t:|1775926165\n|switch|p2b: Incineroar|Incineroar, L50, M|100/100\n|-ability|p2b: Incineroar|Intimidate|boost\n|-unboost|p1a: Ceruledge|atk|1\n|-unboost|p1b: Dragonite|atk|1\n|move|p1b: Dragonite|Protect|p1b: Dragonite\n|-singleturn|p1b: Dragonite|Protect\n|move|p2a: Charizard|Protect|p2a: Charizard\n|-singleturn|p2a: Charizard|Protect\n|move|p1a: Ceruledge|Poltergeist|p2b: Incineroar\n|-activate|p2b: Incineroar|move: Poltergeist|Chople Berry\n|-resisted|p2b: Incineroar|1\n|-damage|p2b: Incineroar|81/100\n|\n|-weather|SunnyDay|[upkeep]\n|upkeep\n|turn|7\n|\n|t:|1775926197\n|switch|p1a: Incineroar|Incineroar, L50, M, shiny|40/100\n|-ability|p1a: Incineroar|Intimidate|boost\n|-unboost|p2a: Charizard|atk|1\n|-unboost|p2b: Incineroar|atk|1\n|move|p1b: Dragonite|Thunderbolt|p2a: Charizard\n|-supereffective|p2a: Charizard|1\n|-damage|p2a: Charizard|45/100\n|-status|p2a: Charizard|par\n|move|p2b: Incineroar|Darkest Lariat|p1a: Incineroar\n|-resisted|p1a: Incineroar|1\n|-damage|p1a: Incineroar|29/100\n|move|p2a: Charizard|Weather Ball|p1b: Dragonite\n|-resisted|p1b: Dragonite|1\n|-damage|p1b: Dragonite|29/100\n|\n|-weather|SunnyDay|[upkeep]\n|upkeep\n|turn|8\n|\n|t:|1775926242\n|switch|p1b: Ceruledge|Ceruledge, L50, M, shiny|100/100\n|switch|p2b: Sinistcha|Sinistcha, L50|54/100\n|-heal|p2a: Charizard|70/100 par|[from] ability: Hospitality|[of] p2b: Sinistcha\n|switch|p2a: Garchomp|Garchomp, L50, M|20/100\n|move|p1a: Incineroar|Fake Out|p2b: Sinistcha\n|-immune|p2b: Sinistcha\n|\n|-weather|none\n|-sideend|p1: riggatxni|move: Tailwind\n|upkeep\n|turn|9\n|\n|t:|1775926272\n|switch|p2b: Charizard|Charizard-Mega-Y, L50, F, shiny|70/100 par\n|-weather|SunnyDay|[from] ability: Drought|[of] p2b: Charizard\n|move|p2a: Garchomp|Earthquake|p1a: Incineroar|[spread] p1a,p1b\n|-immune|p2b: Charizard\n|-supereffective|p1a: Incineroar|1\n|-supereffective|p1b: Ceruledge|1\n|-damage|p1a: Incineroar|0 fnt\n|-damage|p1b: Ceruledge|4/100\n|faint|p1a: Incineroar\n|move|p1b: Ceruledge|Poltergeist|p2a: Garchomp\n|-activate|p2a: Garchomp|move: Poltergeist|Choice Scarf\n|-damage|p2a: Garchomp|0 fnt\n|faint|p2a: Garchomp\n|\n|-weather|SunnyDay|[upkeep]\n|upkeep\n|\n|t:|1775926287\n|switch|p2a: Sinistcha|Sinistcha, L50|54/100\n|switch|p1a: Dragonite|Dragonite-Mega, L50, M, shiny|29/100\n|-heal|p2b: Charizard|94/100 par|[from] ability: Hospitality|[of] p2a: Sinistcha\n|turn|10\n|\n|t:|1775926305\n|move|p1a: Dragonite|Protect|p1a: Dragonite\n|-singleturn|p1a: Dragonite|Protect\n|move|p2a: Sinistcha|Rage Powder|p2a: Sinistcha\n|-singleturn|p2a: Sinistcha|move: Rage Powder\n|move|p1b: Ceruledge|Poltergeist||[still]\n|-fail|p1b: Ceruledge\n|move|p2b: Charizard|Heat Wave|p1a: Dragonite|[spread] \n|-activate|p1a: Dragonite|move: Protect\n|-start|p1b: Ceruledge|ability: Flash Fire\n|\n|-weather|SunnyDay|[upkeep]\n|upkeep\n|turn|11\n|\n|t:|1775926330\n|move|p2a: Sinistcha|Rage Powder|p2a: Sinistcha\n|-singleturn|p2a: Sinistcha|move: Rage Powder\n|move|p1a: Dragonite|Thunderbolt|p2a: Sinistcha\n|-resisted|p2a: Sinistcha|1\n|-damage|p2a: Sinistcha|35/100\n|move|p1b: Ceruledge|Bitter Blade|p2a: Sinistcha\n|-supereffective|p2a: Sinistcha|1\n|-damage|p2a: Sinistcha|0 fnt\n|-heal|p1b: Ceruledge|21/100|[from] drain|[of] p2a: Sinistcha\n|faint|p2a: Sinistcha\n|cant|p2b: Charizard|par\n|\n|-weather|SunnyDay|[upkeep]\n|upkeep\n|\n|t:|1775926342\n|switch|p2a: Incineroar|Incineroar, L50, M|81/100\n|-ability|p2a: Incineroar|Intimidate|boost\n|-unboost|p1a: Dragonite|atk|1\n|-unboost|p1b: Ceruledge|atk|1\n|turn|12\n|\n|t:|1775926356\n|move|p1a: Dragonite|Protect|p1a: Dragonite\n|-singleturn|p1a: Dragonite|Protect\n|move|p1b: Ceruledge|Protect|p1b: Ceruledge\n|-singleturn|p1b: Ceruledge|Protect\n|move|p2a: Incineroar|Fake Out|p1a: Dragonite\n|-activate|p1a: Dragonite|move: Protect\n|move|p2b: Charizard|Weather Ball|p1a: Dragonite\n|-activate|p1a: Dragonite|move: Protect\n|\n|-weather|SunnyDay|[upkeep]\n|upkeep\n|turn|13\n|\n|t:|1775926371\n|move|p2b: Charizard|Protect|p2b: Charizard\n|-singleturn|p2b: Charizard|Protect\n|move|p1a: Dragonite|Thunderbolt|p2b: Charizard\n|-activate|p2b: Charizard|move: Protect\n|move|p1b: Ceruledge|Swords Dance|p1b: Ceruledge\n|-boost|p1b: Ceruledge|atk|2\n|move|p2a: Incineroar|Darkest Lariat|p1b: Ceruledge\n|-supereffective|p1b: Ceruledge|1\n|-damage|p1b: Ceruledge|0 fnt\n|faint|p1b: Ceruledge\n|\n|-weather|none\n|upkeep\n|turn|14\n|\n|t:|1775926388\n|move|p1a: Dragonite|Thunderbolt|p2b: Charizard\n|-supereffective|p2b: Charizard|1\n|-damage|p2b: Charizard|20/100 par\n|move|p2a: Incineroar|Darkest Lariat|p1a: Dragonite\n|-damage|p1a: Dragonite|4/100\n|cant|p2b: Charizard|par\n|\n|upkeep\n|turn|15\n|\n|t:|1775926400\n|move|p1a: Dragonite|Thunderbolt|p2b: Charizard\n|-supereffective|p2b: Charizard|1\n|-damage|p2b: Charizard|0 fnt\n|faint|p2b: Charizard\n|move|p2a: Incineroar|Flare Blitz|p1a: Dragonite\n|-resisted|p1a: Dragonite|1\n|-damage|p1a: Dragonite|0 fnt\n|faint|p1a: Dragonite\n|-damage|p2a: Incineroar|80/100|[from] Recoil\n|\n|win|Striker-sama\n|raw|riggatxni's rating: 1013 &rarr; <strong>1001</strong><br />(-12 for losing)\n|raw|Striker-sama's rating: 1000 &rarr; <strong>1041</strong><br />(+41 for winning)\n",
  "uploadtime": 1775926420,
  "views": 11,
  "formatid": "gen9championsvgc2026regma",
  "rating": 1001,
  "private": 0,
  "password": null
}