{
  "id": "gen9championsvgc2026regma-2580637290",
  "format": "[Gen 9 Champions] VGC 2026 Reg M-A",
  "players": [
    "Tamejo",
    "mythsoos"
  ],
  "log": "|j|\u2606Tamejo\n|j|\u2606mythsoos\n|t:|1775920231\n|gametype|doubles\n|player|p1|Tamejo|caitlin|1073\n|player|p2|mythsoos|miku-flying|1016\n|gen|9\n|tier|[Gen 9 Champions] VGC 2026 Reg M-A\n|rated|\n|rule|Species Clause: Limit one of each Pok\u00e9mon\n|rule|Item Clause: Limit 1 of each item\n|clearpoke\n|poke|p1|Meganium, L50, M|\n|poke|p1|Garchomp, L50, M|\n|poke|p1|Sneasler, L50, M|\n|poke|p1|Basculegion, L50, M|\n|poke|p1|Pelipper, L50, F|\n|poke|p1|Incineroar, L50, F|\n|poke|p2|Froslass, L50, F|\n|poke|p2|Garchomp, L50, F|\n|poke|p2|Whimsicott, L50, F|\n|poke|p2|Sinistcha, L50|\n|poke|p2|Rotom-Wash, L50|\n|poke|p2|Mamoswine, L50, M|\n|teampreview|4\n|l|\u2606mythsoos\n|player|p2|\n|j|\u2606mythsoos\n|player|p2|mythsoos|miku-flying|\n|\n|t:|1775920283\n|teamsize|p1|4\n|teamsize|p2|4\n|start\n|switch|p1a: Incineroar|Incineroar, L50, F|100/100\n|switch|p1b: Meganium|Meganium, L50, M|100/100\n|switch|p2a: Rotom|Rotom-Wash, L50, shiny|100/100\n|switch|p2b: Garchomp|Garchomp, L50, F|100/100\n|-ability|p1a: Incineroar|Intimidate|boost\n|-unboost|p2a: Rotom|atk|1\n|-unboost|p2b: Garchomp|atk|1\n|turn|1\n|\n|t:|1775920315\n|detailschange|p1b: Meganium|Meganium-Mega, L50, M\n|-mega|p1b: Meganium|Meganium|Meganiumite\n|move|p1a: Incineroar|Fake Out|p2b: Garchomp\n|-damage|p2b: Garchomp|90/100\n|cant|p2b: Garchomp|flinch\n|move|p2a: Rotom|Discharge|p1a: Incineroar|[spread] p1a,p1b\n|-immune|p2b: Garchomp\n|-resisted|p1b: Meganium|1\n|-damage|p1a: Incineroar|66/100\n|-damage|p1b: Meganium|83/100\n|move|p1b: Meganium|Dazzling Gleam|p2b: Garchomp|[spread] p2a,p2b\n|-supereffective|p2b: Garchomp|1\n|-damage|p2a: Rotom|49/100\n|-damage|p2b: Garchomp|2/100\n|\n|upkeep\n|turn|2\n|\n|t:|1775920335\n|switch|p1a: Pelipper|Pelipper, L50, F|100/100\n|-weather|RainDance|[from] ability: Drizzle|[of] p1a: Pelipper\n|move|p2b: Garchomp|Crunch|p1b: Meganium\n|-resisted|p1b: Meganium|1\n|-damage|p1b: Meganium|73/100\n|move|p2a: Rotom|Hydro Pump|p1a: Pelipper|[miss]\n|-miss|p2a: Rotom|p1a: Pelipper\n|move|p1b: Meganium|Dazzling Gleam|p2b: Garchomp|[spread] p2a,p2b\n|-supereffective|p2b: Garchomp|1\n|-damage|p2a: Rotom|1/100\n|-damage|p2b: Garchomp|0 fnt\n|faint|p2b: Garchomp\n|\n|-weather|RainDance|[upkeep]\n|upkeep\n|\n|t:|1775920344\n|switch|p2b: Froslass|Froslass, L50, F, shiny|100/100\n|turn|3\n|\n|t:|1775920352\n|switch|p1a: Incineroar|Incineroar, L50, F|66/100\n|-ability|p1a: Incineroar|Intimidate|boost\n|-unboost|p2a: Rotom|atk|1\n|-unboost|p2b: Froslass|atk|1\n|detailschange|p2b: Froslass|Froslass-Mega, L50, F, shiny\n|-mega|p2b: Froslass|Froslass|Froslassite\n|-weather|Snowscape|[from] ability: Snow Warning|[of] p2b: Froslass\n|move|p2b: Froslass|Nasty Plot|p2b: Froslass\n|-boost|p2b: Froslass|spa|2\n|move|p2a: Rotom|Discharge|p1a: Incineroar|[spread] p2b,p1a,p1b\n|-resisted|p1b: Meganium|1\n|-damage|p2b: Froslass|61/100\n|-damage|p1a: Incineroar|36/100\n|-damage|p1b: Meganium|55/100\n|-status|p2b: Froslass|par\n|move|p1b: Meganium|Weather Ball|p2b: Froslass\n|-supereffective|p2b: Froslass|1\n|-damage|p2b: Froslass|0 fnt\n|faint|p2b: Froslass\n|\n|-weather|Snowscape|[upkeep]\n|upkeep\n|\n|t:|1775920375\n|switch|p2b: Whimsicott|Whimsicott, L50, F, shiny|100/100\n|turn|4\n|\n|t:|1775920379\n|move|p1a: Incineroar|Fake Out|p2a: Rotom\n|-damage|p2a: Rotom|0 fnt\n|faint|p2a: Rotom\n|move|p2b: Whimsicott|Moonblast|p1b: Meganium\n|-damage|p1b: Meganium|18/100\n|move|p1b: Meganium|Weather Ball|p2b: Whimsicott\n|-supereffective|p2b: Whimsicott|1\n|-enditem|p2b: Whimsicott|Focus Sash\n|-damage|p2b: Whimsicott|1/100\n|\n|-weather|Snowscape|[upkeep]\n|upkeep\n|turn|5\n|l|\u2606mythsoos\n|player|p2|\n|inactive|Battle timer is ON: inactive players will automatically lose when time's up. (requested by Tamejo)\n|inactive|mythsoos has 30 seconds to reconnect!\n|inactive|mythsoos has 20 seconds to reconnect!\n|inactive|mythsoos has 15 seconds to reconnect!\n|inactive|mythsoos has 10 seconds to reconnect!\n|inactive|mythsoos has 5 seconds to reconnect!\n|-message|mythsoos lost due to inactivity.\n|\n|win|Tamejo\n|raw|Tamejo's rating: 1073 &rarr; <strong>1097</strong><br />(+24 for winning)\n|raw|mythsoos's rating: 1016 &rarr; <strong>1006</strong><br />(-10 for losing)\n",
  "uploadtime": 1775920499,
  "views": 11,
  "formatid": "gen9championsvgc2026regma",
  "rating": 1006,
  "private": 0,
  "password": null
}