{
  "id": "gen9championsvgc2026regma-2586499008",
  "format": "[Gen 9 Champions] VGC 2026 Reg M-A",
  "players": [
    "fillettboi15",
    "TheBallistic1"
  ],
  "log": "|j|\u2606fillettboi15\n|j|\u2606TheBallistic1\n|t:|1776438877\n|gametype|doubles\n|player|p1|fillettboi15|2|\n|player|p2|TheBallistic1|colress|\n|gen|9\n|tier|[Gen 9 Champions] VGC 2026 Reg M-A\n|rated|Tournament battle\n|rule|Species Clause: Limit one of each Pok\u00e9mon\n|rule|Item Clause: Limit 1 of each item\n|clearpoke\n|poke|p1|Kangaskhan, L50, F|\n|poke|p1|Garchomp, L50, F|\n|poke|p1|Incineroar, L50, M|\n|poke|p1|Rotom-Wash, L50|\n|poke|p1|Aerodactyl, L50, M|\n|poke|p1|Gengar, L50, M|\n|poke|p2|Tyranitar, L50, M|\n|poke|p2|Excadrill, L50, F|\n|poke|p2|Starmie, L50|\n|poke|p2|Garchomp, L50, M|\n|poke|p2|Rotom-Wash, L50|\n|poke|p2|Orthworm, L50, F|\n|teampreview|4\n|c|\u2606fillettboi15|glhf\nfillettboi15 has agreed to open team sheets.\nTheBallistic1 has agreed to open team sheets.\n|showteam|p1|Kangaskhan||Kangaskhanite|Scrappy|SuckerPunch,BodySlam,LowKick,FakeOut|||F|||50|]Garchomp||ChoiceScarf|RoughSkin|Earthquake,DragonClaw,RockSlide,StompingTantrum|||F|||50|]Incineroar||SitrusBerry|Intimidate|FlareBlitz,FakeOut,PartingShot,ThroatChop|||M|||50|]Rotom-Wash||Leftovers|Levitate|Protect,HydroPump,Thunderbolt,WillOWisp||||||50|]Aerodactyl||FocusSash|Unnerve|Protect,DualWingbeat,RockSlide,Tailwind|||M|||50|]Gengar||Gengarite|CursedBody|Protect,ShadowBall,SludgeBomb,Psychic|||M|||50|\n|showteam|p2|Tyranitar||ChoiceScarf|SandStream|RockSlide,KnockOff,Earthquake,Crunch|||M|||50|]Excadrill||FocusSash|SandRush|IronHead,SwordsDance,HighHorsepower,Protect|||F|||50|]Starmie||Starminite|Analytic|SkillSwap,Protect,Liquidation,ZenHeadbutt||||||50|]Garchomp||Garchompite|SandVeil|IronHead,Earthquake,DragonClaw,Protect|||M|||50|]Rotom-Wash||Leftovers|Levitate|Thunderbolt,HydroPump,Protect,NastyPlot||||||50|]Orthworm||SitrusBerry|EarthEater|BodyPress,IronHead,ShedTail,Protect|||F|||50|\n|\n|t:|1776438930\n|teamsize|p1|4\n|teamsize|p2|4\n|start\n|switch|p1a: Kangaskhan|Kangaskhan, L50, F|100/100\n|switch|p1b: Aerodactyl|Aerodactyl, L50, M|100/100\n|switch|p2a: Rotom|Rotom-Wash, L50|100/100\n|switch|p2b: Garchomp|Garchomp, L50, M|100/100\n|-ability|p1b: Aerodactyl|Unnerve\n|turn|1\n|\n|t:|1776438961\n|switch|p1b: Garchomp|Garchomp, L50, F|100/100\n|detailschange|p2b: Garchomp|Garchomp-Mega, L50, M\n|-mega|p2b: Garchomp|Garchomp|Garchompite\n|detailschange|p1a: Kangaskhan|Kangaskhan-Mega, L50, F\n|-mega|p1a: Kangaskhan|Kangaskhan|Kangaskhanite\n|move|p1a: Kangaskhan|Fake Out|p2a: Rotom\n|-damage|p2a: Rotom|75/100\n|-damage|p2a: Rotom|69/100\n|-hitcount|p2a: Rotom|2\n|move|p2b: Garchomp|Dragon Claw|p1a: Kangaskhan\n|-damage|p1a: Kangaskhan|57/100\n|cant|p2a: Rotom|flinch\n|\n|-heal|p2a: Rotom|75/100|[from] item: Leftovers\n|upkeep\n|turn|2\n|\n|t:|1776438998\n|move|p2b: Garchomp|Protect|p2b: Garchomp\n|-singleturn|p2b: Garchomp|Protect\n|move|p1b: Garchomp|Dragon Claw|p2b: Garchomp\n|-activate|p2b: Garchomp|move: Protect\n|move|p1a: Kangaskhan|Body Slam|p2b: Garchomp\n|-activate|p2b: Garchomp|move: Protect\n|move|p2a: Rotom|Hydro Pump|p1a: Kangaskhan\n|-damage|p1a: Kangaskhan|10/100\n|\n|-heal|p2a: Rotom|80/100|[from] item: Leftovers\n|upkeep\n|turn|3\n|\n|t:|1776439017\n|switch|p2b: Starmie|Starmie, L50|100/100\n|move|p1b: Garchomp|Dragon Claw|p2b: Starmie\n|-damage|p2b: Starmie|43/100\n|move|p1a: Kangaskhan|Body Slam|p2a: Rotom\n|-damage|p2a: Rotom|23/100\n|-damage|p2a: Rotom|11/100\n|-hitcount|p2a: Rotom|2\n|move|p2a: Rotom|Thunderbolt|p1a: Kangaskhan\n|-damage|p1a: Kangaskhan|0 fnt\n|faint|p1a: Kangaskhan\n|\n|-heal|p2a: Rotom|16/100|[from] item: Leftovers\n|upkeep\n|\n|t:|1776439031\n|switch|p1a: Aerodactyl|Aerodactyl, L50, M|100/100\n|-ability|p1a: Aerodactyl|Unnerve\n|turn|4\n|\n|t:|1776439040\n|move|p1b: Garchomp|Dragon Claw|p2b: Starmie\n|-damage|p2b: Starmie|0 fnt\n|faint|p2b: Starmie\n|move|p1a: Aerodactyl|Rock Slide|p2a: Rotom\n|-damage|p2a: Rotom|0 fnt\n|faint|p2a: Rotom\n|\n|upkeep\n|\n|t:|1776439047\n|switch|p2b: Garchomp|Garchomp-Mega, L50, M|100/100\n|switch|p2a: Tyranitar|Tyranitar, L50, M|100/100\n|-weather|Sandstorm|[from] ability: Sand Stream|[of] p2a: Tyranitar\n|turn|5\n|\n|t:|1776439070\n|move|p1a: Aerodactyl|Protect|p1a: Aerodactyl\n|-singleturn|p1a: Aerodactyl|Protect\n|move|p1b: Garchomp|Dragon Claw|p2b: Garchomp\n|-supereffective|p2b: Garchomp|1\n|-damage|p2b: Garchomp|28/100\n|move|p2a: Tyranitar|Rock Slide|p1a: Aerodactyl|[spread] p1b\n|-activate|p1a: Aerodactyl|move: Protect\n|-resisted|p1b: Garchomp|1\n|-damage|p1b: Garchomp|88/100\n|move|p2b: Garchomp|Dragon Claw|p1b: Garchomp\n|-supereffective|p1b: Garchomp|1\n|-damage|p1b: Garchomp|0 fnt\n|-damage|p2b: Garchomp|16/100|[from] ability: Rough Skin|[of] p1b: Garchomp\n|faint|p1b: Garchomp\n|\n|-weather|Sandstorm|[upkeep]\n|upkeep\n|\n|t:|1776439081\n|switch|p1b: Rotom|Rotom-Wash, L50|100/100\n|turn|6\n|\n|t:|1776439113\n|move|p2b: Garchomp|Protect|p2b: Garchomp\n|-singleturn|p2b: Garchomp|Protect\n|move|p1a: Aerodactyl|Dual Wingbeat|p2b: Garchomp\n|-activate|p2b: Garchomp|move: Protect\n|move|p2a: Tyranitar|Rock Slide|p1b: Rotom|[spread] p1a,p1b\n|-supereffective|p1a: Aerodactyl|1\n|-damage|p1a: Aerodactyl|4/100\n|-damage|p1b: Rotom|73/100\n|cant|p1b: Rotom|flinch\n|\n|-weather|Sandstorm|[upkeep]\n|-damage|p1b: Rotom|67/100|[from] Sandstorm\n|-heal|p1b: Rotom|73/100|[from] item: Leftovers\n|upkeep\n|turn|7\n|\n|t:|1776439134\n|move|p2b: Garchomp|Protect||[still]\n|-fail|p2b: Garchomp\n|move|p1a: Aerodactyl|Dual Wingbeat|p2b: Garchomp\n|-damage|p2b: Garchomp|0 fnt\n|faint|p2b: Garchomp\n|-hitcount|p2: Garchomp|1\n|move|p2a: Tyranitar|Rock Slide|p1a: Aerodactyl|[spread] p1a,p1b\n|-supereffective|p1a: Aerodactyl|1\n|-damage|p1a: Aerodactyl|0 fnt\n|-damage|p1b: Rotom|46/100\n|faint|p1a: Aerodactyl\n|move|p1b: Rotom|Will-O-Wisp|p2a: Tyranitar|[miss]\n|-miss|p1b: Rotom|p2a: Tyranitar\n|\n|-weather|Sandstorm|[upkeep]\n|-damage|p1b: Rotom|41/100|[from] Sandstorm\n|-heal|p1b: Rotom|46/100|[from] item: Leftovers\n|upkeep\n|turn|8\n|c|\u2606fillettboi15|ffs\n|\n|t:|1776439148\n|move|p1b: Rotom|Protect|p1b: Rotom\n|-singleturn|p1b: Rotom|Protect\n|move|p2a: Tyranitar|Rock Slide|p1b: Rotom\n|-activate|p1b: Rotom|move: Protect\n|\n|-weather|Sandstorm|[upkeep]\n|-damage|p1b: Rotom|41/100|[from] Sandstorm\n|-heal|p1b: Rotom|46/100|[from] item: Leftovers\n|upkeep\n|turn|9\n|\n|t:|1776439153\n|move|p2a: Tyranitar|Rock Slide|p1b: Rotom\n|-damage|p1b: Rotom|13/100\n|cant|p1b: Rotom|flinch\n|\n|-weather|none\n|-heal|p1b: Rotom|19/100|[from] item: Leftovers\n|upkeep\n|turn|10\n|\n|t:|1776439157\n|move|p1b: Rotom|Protect|p1b: Rotom\n|-singleturn|p1b: Rotom|Protect\n|move|p2a: Tyranitar|Rock Slide|p1b: Rotom\n|-activate|p1b: Rotom|move: Protect\n|\n|-heal|p1b: Rotom|25/100|[from] item: Leftovers\n|upkeep\n|turn|11\n|\n|t:|1776439167\n|move|p2a: Tyranitar|Rock Slide|p1b: Rotom\n|-damage|p1b: Rotom|0 fnt\n|faint|p1b: Rotom\n|\n|win|TheBallistic1\n|n|\u2606fillettboi15|fillettboi15\n|n|\u2606TheBallistic1|theballistic1\n",
  "uploadtime": 1776439170,
  "views": 21,
  "formatid": "gen9championsvgc2026regma",
  "rating": null,
  "private": 0,
  "password": null
}