{
  "id": "gen9championsvgc2026regma-2584032809",
  "format": "[Gen 9 Champions] VGC 2026 Reg M-A",
  "players": [
    "big guy big guy",
    "Loglord142"
  ],
  "log": "|j|\u2606big guy big guy\n|j|\u2606Loglord142\n|t:|1776218567\n|gametype|doubles\n|player|p1|big guy big guy|102|1106\n|player|p2|Loglord142|pokemonbreeder-gen4|1119\n|gen|9\n|tier|[Gen 9 Champions] VGC 2026 Reg M-A\n|rated|\n|rule|Species Clause: Limit one of each Pok\u00e9mon\n|rule|Item Clause: Limit 1 of each item\n|clearpoke\n|poke|p1|Aerodactyl, L50, F|\n|poke|p1|Sinistcha, L50|\n|poke|p1|Charizard, L50, M|\n|poke|p1|Clefable, L50, M|\n|poke|p1|Orthworm, L50, F|\n|poke|p1|Greninja-*, L50, M|\n|poke|p2|Incineroar, L50, M|\n|poke|p2|Charizard, L50, F|\n|poke|p2|Venusaur, L50, M|\n|poke|p2|Aerodactyl, L50, F|\n|poke|p2|Garchomp, L50, F|\n|poke|p2|Trevenant, L50, M|\n|teampreview|4\n|inactive|Battle timer is ON: inactive players will automatically lose when time's up. (requested by big guy big guy)\n|inactive|Loglord142 has 60 seconds left.\n|\n|t:|1776218605\n|teamsize|p1|4\n|teamsize|p2|4\n|start\n|switch|p1a: Aerodactyl|Aerodactyl, L50, F|100/100\n|switch|p1b: Greninja|Greninja, L50, M|100/100\n|switch|p2a: Wrastor|Aerodactyl, L50, F|100/100\n|switch|p2b: Leforn|Trevenant, L50, M|100/100\n|-ability|p1a: Aerodactyl|Unnerve\n|-ability|p2a: Wrastor|Unnerve\n|turn|1\n|inactive|Loglord142 has 30 seconds left.\n|\n|t:|1776218631\n|move|p1b: Greninja|Dark Pulse|p2b: Leforn\n|-start|p1b: Greninja|typechange|Dark|[from] ability: Protean\n|-supereffective|p2b: Leforn|1\n|-crit|p2b: Leforn\n|-damage|p2b: Leforn|0 fnt\n|faint|p2b: Leforn\n|move|p2a: Wrastor|Tailwind|p2a: Wrastor\n|-sidestart|p2: Loglord142|move: Tailwind\n|move|p1a: Aerodactyl|Tailwind|p1a: Aerodactyl\n|-sidestart|p1: big guy big guy|move: Tailwind\n|\n|upkeep\n|\n|t:|1776218647\n|switch|p2b: Not a Cactus|Venusaur, L50, M|100/100\n|turn|2\n|\n|t:|1776218671\n|move|p1b: Greninja|Dark Pulse|p2b: Not a Cactus\n|-damage|p2b: Not a Cactus|68/100\n|move|p2a: Wrastor|Rock Slide|p1b: Greninja|[spread] p1a,p1b\n|-supereffective|p1a: Aerodactyl|1\n|-damage|p1a: Aerodactyl|23/100\n|-damage|p1b: Greninja|58/100\n|move|p1a: Aerodactyl|Rock Slide|p2b: Not a Cactus|[spread] p2a\n|-miss|p1a: Aerodactyl|p2b: Not a Cactus\n|-supereffective|p2a: Wrastor|1\n|-damage|p2a: Wrastor|19/100\n|cant|p2b: Not a Cactus|flinch\n|\n|-heal|p2b: Not a Cactus|73/100|[from] item: Leftovers\n|upkeep\n|turn|3\n|inactive|Loglord142 has 30 seconds left.\n|\n|t:|1776218697\n|move|p1b: Greninja|Dark Pulse|p2a: Wrastor\n|-damage|p2a: Wrastor|0 fnt\n|faint|p2a: Wrastor\n|move|p1a: Aerodactyl|Dual Wingbeat|p2b: Not a Cactus\n|-supereffective|p2b: Not a Cactus|1\n|-damage|p2b: Not a Cactus|27/100\n|-supereffective|p2b: Not a Cactus|1\n|-damage|p2b: Not a Cactus|0 fnt\n|faint|p2b: Not a Cactus\n|-hitcount|p2: Not a Cactus|2\n|\n|upkeep\n|\n|t:|1776218709\n|switch|p2b: bite :3|Garchomp, L50, F|100/100\n|turn|4\n|\n|t:|1776218721\n|switch|p1b: Sinistcha|Sinistcha, L50, shiny|100/100\n|-heal|p1a: Aerodactyl|48/100|[from] ability: Hospitality|[of] p1b: Sinistcha\n|move|p1a: Aerodactyl|Protect|p1a: Aerodactyl\n|-singleturn|p1a: Aerodactyl|Protect\n|move|p2b: bite :3|Swords Dance|p2b: bite :3\n|-boost|p2b: bite :3|atk|2\n|\n|-sideend|p2: Loglord142|move: Tailwind\n|-sideend|p1: big guy big guy|move: Tailwind\n|upkeep\n|turn|5\n|\n|t:|1776218734\n|move|p1a: Aerodactyl|Tailwind|p1a: Aerodactyl\n|-sidestart|p1: big guy big guy|move: Tailwind\n|move|p1b: Sinistcha|Matcha Gotcha|p2b: bite :3\n|-damage|p2b: bite :3|68/100\n|move|p2b: bite :3|Rock Slide|p1a: Aerodactyl|[spread] p1a,p1b\n|-supereffective|p1a: Aerodactyl|1\n|-damage|p1a: Aerodactyl|0 fnt\n|-damage|p1b: Sinistcha|64/100\n|faint|p1a: Aerodactyl\n|\n|upkeep\n|\n|t:|1776218742\n|switch|p1a: Greninja|Greninja, L50, M|58/100\n|turn|6\n|\n|t:|1776218756\n|move|p1a: Greninja|Ice Beam|p2b: bite :3\n|-start|p1a: Greninja|typechange|Ice|[from] ability: Protean\n|-supereffective|p2b: bite :3|2\n|-damage|p2b: bite :3|0 fnt\n|faint|p2b: bite :3\n|\n|win|big guy big guy\n|raw|big guy big guy's rating: 1106 &rarr; <strong>1132</strong><br />(+26 for winning)\n|raw|Loglord142's rating: 1119 &rarr; <strong>1093</strong><br />(-26 for losing)\n|l|\u2606big guy big guy\n|player|p1|\n",
  "uploadtime": 1776218768,
  "views": 14,
  "formatid": "gen9championsvgc2026regma",
  "rating": 1093,
  "private": 0,
  "password": null
}