{
  "id": "gen9championsvgc2026regma-2586440467",
  "format": "[Gen 9 Champions] VGC 2026 Reg M-A",
  "players": [
    "p1e7r00",
    "Rtx_sebas"
  ],
  "log": "|j|\u2606p1e7r00\n|j|\u2606Rtx_sebas\n|t:|1776434859\n|gametype|doubles\n|player|p1|p1e7r00|clair|1097\n|player|p2|Rtx_sebas|169|1127\n|gen|9\n|tier|[Gen 9 Champions] VGC 2026 Reg M-A\n|rated|\n|rule|Species Clause: Limit one of each Pok\u00e9mon\n|rule|Item Clause: Limit 1 of each item\n|clearpoke\n|poke|p1|Floette-Eternal, L50, F|\n|poke|p1|Incineroar, L50, M|\n|poke|p1|Sneasler, L50, M|\n|poke|p1|Feraligatr, L50, F|\n|poke|p1|Sinistcha, L50|\n|poke|p1|Talonflame, L50, F|\n|poke|p2|Charizard, L50, F|\n|poke|p2|Sneasler, L50, M|\n|poke|p2|Maushold, L50|\n|poke|p2|Venusaur, L50, M|\n|poke|p2|Sableye, L50, F|\n|poke|p2|Garchomp, L50, M|\n|teampreview|4\n|inactive|Battle timer is ON: inactive players will automatically lose when time's up. (requested by p1e7r00)\n|inactive|p1e7r00 has 60 seconds left.\n|inactive|Rtx_sebas has 60 seconds left.\n|\n|t:|1776434904\n|teamsize|p1|4\n|teamsize|p2|4\n|start\n|switch|p1a: Feraligatr|Feraligatr, L50, F|100/100\n|switch|p1b: Talonflame|Talonflame, L50, F|100/100\n|switch|p2a: Charizard|Charizard, L50, F|100/100\n|switch|p2b: Sableye|Sableye, L50, F|100/100\n|turn|1\n|\n|t:|1776434922\n|move|p2a: Charizard|Protect|p2a: Charizard\n|-singleturn|p2a: Charizard|Protect\n|move|p1a: Feraligatr|Protect|p1a: Feraligatr\n|-singleturn|p1a: Feraligatr|Protect\n|move|p1b: Talonflame|Tailwind|p1b: Talonflame\n|-sidestart|p1: p1e7r00|move: Tailwind\n|move|p2b: Sableye|Will-O-Wisp|p1a: Feraligatr\n|-activate|p1a: Feraligatr|move: Protect\n|\n|upkeep\n|turn|2\n|\n|t:|1776434938\n|switch|p2a: Venusaur|Venusaur, L50, M|100/100\n|detailschange|p1a: Feraligatr|Feraligatr-Mega, L50, F\n|-mega|p1a: Feraligatr|Feraligatr|Feraligite\n|move|p2b: Sableye|Encore|p1b: Talonflame\n|-start|p1b: Talonflame|Encore\n|move|p1b: Talonflame|Tailwind||[still]\n|-fail|p1b: Talonflame\n|move|p1a: Feraligatr|Liquidation|p2a: Venusaur\n|-resisted|p2a: Venusaur|1\n|-damage|p2a: Venusaur|62/100\n|\n|upkeep\n|turn|3\n|\n|t:|1776434962\n|switch|p1b: Sneasler|Sneasler, L50, M|100/100\n|move|p2a: Venusaur|Protect|p2a: Venusaur\n|-singleturn|p2a: Venusaur|Protect\n|move|p2b: Sableye|Will-O-Wisp|p1a: Feraligatr\n|-status|p1a: Feraligatr|brn\n|move|p1a: Feraligatr|Double-Edge|p2a: Venusaur\n|-activate|p2a: Venusaur|move: Protect\n|\n|-damage|p1a: Feraligatr|95/100 brn|[from] brn\n|upkeep\n|turn|4\n|inactive|Rtx_sebas has 30 seconds left.\n|\n|t:|1776434988\n|switch|p2a: Charizard|Charizard, L50, F|100/100\n|move|p2b: Sableye|Will-O-Wisp|p1b: Sneasler\n|-status|p1b: Sneasler|brn\n|move|p1b: Sneasler|Dire Claw|p2b: Sableye\n|-resisted|p2b: Sableye|1\n|-damage|p2b: Sableye|87/100\n|move|p1a: Feraligatr|Double-Edge|p2a: Charizard\n|-damage|p2a: Charizard|46/100\n|-damage|p1a: Feraligatr|76/100 brn|[from] Recoil\n|\n|-damage|p1b: Sneasler|95/100 brn|[from] brn\n|-damage|p1a: Feraligatr|70/100 brn|[from] brn\n|-sideend|p1: p1e7r00|move: Tailwind\n|upkeep\n|turn|5\n|inactive|Rtx_sebas has 30 seconds left.\n|\n|t:|1776435018\n|detailschange|p2a: Charizard|Charizard-Mega-Y, L50, F\n|-mega|p2a: Charizard|Charizard|Charizardite Y\n|-weather|SunnyDay|[from] ability: Drought|[of] p2a: Charizard\n|move|p1b: Sneasler|Fake Out||[still]\n|-hint|Fake Out only works on your first turn out.\n|-fail|p1b: Sneasler\n|move|p2b: Sableye|Quash|p1a: Feraligatr\n|-activate|p1a: Feraligatr|move: Quash\n|move|p2a: Charizard|Heat Wave|p1b: Sneasler|[spread] p1b\n|-miss|p2a: Charizard|p1a: Feraligatr\n|-damage|p1b: Sneasler|13/100 brn\n|move|p1a: Feraligatr|Double-Edge|p2a: Charizard\n|-damage|p2a: Charizard|0 fnt\n|faint|p2a: Charizard\n|-damage|p1a: Feraligatr|55/100 brn|[from] Recoil\n|\n|-weather|SunnyDay|[upkeep]\n|-damage|p1b: Sneasler|7/100 brn|[from] brn\n|-damage|p1a: Feraligatr|49/100 brn|[from] brn\n|upkeep\n|\n|t:|1776435034\n|switch|p2a: Garchomp|Garchomp, L50, M|100/100\n|turn|6\n|\n|t:|1776435053\n|switch|p1b: Talonflame|Talonflame, L50, F|100/100\n|move|p2b: Sableye|Encore||[still]\n|-fail|p2b: Sableye\n|move|p2a: Garchomp|Scale Shot|p1a: Feraligatr\n|-supereffective|p1a: Feraligatr|1\n|-damage|p1a: Feraligatr|23/100 brn\n|-supereffective|p1a: Feraligatr|1\n|-crit|p1a: Feraligatr\n|-damage|p1a: Feraligatr|0 fnt\n|faint|p1a: Feraligatr\n|-hitcount|p1: Feraligatr|2\n|-unboost|p2a: Garchomp|def|1\n|-boost|p2a: Garchomp|spe|1\n|\n|-weather|SunnyDay|[upkeep]\n|upkeep\n|\n|t:|1776435061\n|switch|p1a: Sinistcha|Sinistcha, L50|100/100\n|turn|7\n|\n|t:|1776435079\n|move|p2b: Sableye|Will-O-Wisp|p1a: Sinistcha\n|-status|p1a: Sinistcha|brn\n|move|p2a: Garchomp|Rock Slide|p1b: Talonflame|[spread] p1a,p1b\n|-supereffective|p1b: Talonflame|2\n|-enditem|p1b: Talonflame|Charti Berry|[eat]\n|-enditem|p1b: Talonflame|Charti Berry|[weaken]\n|-damage|p1a: Sinistcha|86/100 brn\n|-damage|p1b: Talonflame|49/100\n|cant|p1b: Talonflame|flinch\n|move|p1a: Sinistcha|Matcha Gotcha|p2b: Sableye|[spread] p2a,p2b\n|-damage|p2a: Garchomp|75/100\n|-heal|p1a: Sinistcha|99/100 brn|[from] drain|[of] p2a: Garchomp\n|-damage|p2b: Sableye|59/100\n|-heal|p1a: Sinistcha|100/100 brn|[from] drain|[of] p2b: Sableye\n|\n|-weather|SunnyDay|[upkeep]\n|-damage|p1a: Sinistcha|94/100 brn|[from] brn\n|upkeep\n|turn|8\n|inactive|p1e7r00 has 30 seconds left.\n|inactive|Rtx_sebas has 30 seconds left.\n|inactive|Rtx_sebas has 20 seconds left.\n|inactive|Rtx_sebas has 15 seconds left.\n|\n|t:|1776435120\n|switch|p2b: Venusaur|Venusaur, L50, M|62/100\n|move|p2a: Garchomp|Rock Slide|p1a: Sinistcha|[spread] p1a,p1b\n|-supereffective|p1b: Talonflame|2\n|-damage|p1a: Sinistcha|80/100 brn\n|-damage|p1b: Talonflame|0 fnt\n|faint|p1b: Talonflame\n|move|p1a: Sinistcha|Stun Spore|p2a: Garchomp\n|-status|p2a: Garchomp|par\n|-enditem|p2a: Garchomp|Lum Berry|[eat]\n|-curestatus|p2a: Garchomp|par|[msg]\n|\n|-weather|SunnyDay|[upkeep]\n|-heal|p1a: Sinistcha|86/100 brn|[from] item: Leftovers\n|-damage|p1a: Sinistcha|80/100 brn|[from] brn\n|upkeep\n|\n|t:|1776435126\n|switch|p1b: Sneasler|Sneasler, L50, M|7/100 brn\n|turn|9\n|inactive|p1e7r00 has 30 seconds left.\n|-message|p1e7r00 forfeited.\n|\n|win|Rtx_sebas\n|raw|p1e7r00's rating: 1097 &rarr; <strong>1075</strong><br />(-22 for losing)\n|raw|Rtx_sebas's rating: 1127 &rarr; <strong>1150</strong><br />(+23 for winning)\n|l|\u2606p1e7r00\n|player|p1|\n",
  "uploadtime": 1776435166,
  "views": 27,
  "formatid": "gen9championsvgc2026regma",
  "rating": 1075,
  "private": 0,
  "password": null
}