{
  "id": "gen9championsvgc2026regma-2582031224",
  "format": "[Gen 9 Champions] VGC 2026 Reg M-A",
  "players": [
    "olho do corvo",
    "mewten000"
  ],
  "log": "|j|\u2606olho do corvo\n|j|\u2606mewten000\n|t:|1776050081\n|gametype|doubles\n|player|p1|olho do corvo|n|1067\n|player|p2|mewten000|169|1086\n|gen|9\n|tier|[Gen 9 Champions] VGC 2026 Reg M-A\n|rated|\n|rule|Species Clause: Limit one of each Pok\u00e9mon\n|rule|Item Clause: Limit 1 of each item\n|clearpoke\n|poke|p1|Greninja-*, L50, F|\n|poke|p1|Tyranitar, L50, M|\n|poke|p1|Dragapult, L50, F|\n|poke|p1|Arcanine-Hisui, L50, M|\n|poke|p1|Sneasler, L50, M|\n|poke|p1|Whimsicott, L50, M|\n|poke|p2|Sableye, L50, F|\n|poke|p2|Espathra, L50, M|\n|poke|p2|Floette-Eternal, L50, F|\n|poke|p2|Maushold-Four, L50|\n|poke|p2|Sinistcha, L50|\n|poke|p2|Kingambit, L50, M|\n|teampreview|4\n|inactive|Battle timer is ON: inactive players will automatically lose when time's up. (requested by olho do corvo)\n|inactive|olho do corvo has 60 seconds left.\n|\n|t:|1776050116\n|teamsize|p1|4\n|teamsize|p2|4\n|start\n|switch|p1a: Sneasler|Sneasler, L50, M|100/100\n|switch|p1b: Whimsicott|Whimsicott, L50, M|100/100\n|switch|p2a: Sableye|Sableye, L50, F|100/100\n|switch|p2b: Espathra|Espathra, L50, M|100/100\n|turn|1\n|\n|t:|1776050129\n|move|p2b: Espathra|Protect|p2b: Espathra\n|-singleturn|p2b: Espathra|Protect\n|move|p1a: Sneasler|Fake Out|p2b: Espathra\n|-activate|p2b: Espathra|move: Protect\n|move|p1b: Whimsicott|Tailwind|p1b: Whimsicott\n|-sidestart|p1: olho do corvo|move: Tailwind\n|move|p2a: Sableye|Disable|p1b: Whimsicott\n|-start|p1b: Whimsicott|Disable|Tailwind\n|\n|-ability|p2b: Espathra|Speed Boost|boost\n|-boost|p2b: Espathra|spe|1\n|upkeep\n|turn|2\n|\n|t:|1776050151\n|move|p2a: Sableye|Encore|p1b: Whimsicott\n|-start|p1b: Whimsicott|Encore\n|cant|p1b: Whimsicott|Disable|Tailwind\n|move|p1a: Sneasler|Dire Claw|p2b: Espathra\n|-damage|p2b: Espathra|44/100\n|move|p2b: Espathra|Calm Mind|p2b: Espathra\n|-boost|p2b: Espathra|spa|1\n|-boost|p2b: Espathra|spd|1\n|\n|-ability|p2b: Espathra|Speed Boost|boost\n|-boost|p2b: Espathra|spe|1\n|upkeep\n|turn|3\n|\n|t:|1776050165\n|move|p2a: Sableye|Disable|p1a: Sneasler\n|-start|p1a: Sneasler|Disable|Dire Claw\n|cant|p1a: Sneasler|Disable|Dire Claw\n|-activate|p1b: Whimsicott|move: Struggle\n|move|p1b: Whimsicott|Struggle|p2b: Espathra\n|-damage|p2b: Espathra|35/100\n|-damage|p1b: Whimsicott|76/100|[from] recoil\n|move|p2b: Espathra|Baton Pass|p2b: Espathra\n|\n|t:|1776050172\n|switch|p2b: Floette|Floette-Eternal, L50, F|100/100|[from] Baton Pass\n|\n|-heal|p1b: Whimsicott|82/100|[from] item: Leftovers\n|upkeep\n|turn|4\n|\n|t:|1776050184\n|switch|p2a: Maushold|Maushold-Four, L50|100/100\n|detailschange|p2b: Floette|Floette-Mega, L50, F\n|-mega|p2b: Floette|Floette|Floettite\n|-ability|p2b: Floette|Fairy Aura\n|move|p1a: Sneasler|Protect|p1a: Sneasler\n|-singleturn|p1a: Sneasler|Protect\n|-activate|p1b: Whimsicott|move: Struggle\n|move|p1b: Whimsicott|Struggle|p2b: Floette\n|-damage|p2b: Floette|94/100\n|-damage|p1b: Whimsicott|57/100|[from] recoil\n|move|p2b: Floette|Dazzling Gleam|p1a: Sneasler|[spread] p1b\n|-activate|p1a: Sneasler|move: Protect\n|-damage|p1b: Whimsicott|0 fnt\n|faint|p1b: Whimsicott\n|\n|-sideend|p1: olho do corvo|move: Tailwind\n|upkeep\n|\n|t:|1776050202\n|switch|p1b: Greninja|Greninja, L50, F|100/100\n|turn|5\n|\n|t:|1776050212\n|detailschange|p1b: Greninja|Greninja-Mega, L50, F\n|-mega|p1b: Greninja|Greninja|Greninjite\n|move|p2a: Maushold|Helping Hand|p2b: Floette\n|-singleturn|p2b: Floette|Helping Hand|[of] p2a: Maushold\n|move|p2b: Floette|Dazzling Gleam|p1b: Greninja|[spread] p1a,p1b\n|-supereffective|p1b: Greninja|1\n|-enditem|p1a: Sneasler|Focus Sash\n|-damage|p1a: Sneasler|1/100\n|-damage|p1b: Greninja|0 fnt\n|faint|p1b: Greninja\n|move|p1a: Sneasler|Close Combat|p2a: Maushold\n|-supereffective|p2a: Maushold|1\n|-damage|p2a: Maushold|0 fnt\n|-unboost|p1a: Sneasler|def|1\n|-unboost|p1a: Sneasler|spd|1\n|faint|p2a: Maushold\n|\n|upkeep\n|\n|t:|1776050226\n|switch|p1b: Tyranitar|Tyranitar, L50, M|100/100\n|switch|p2a: Sableye|Sableye, L50, F|100/100\n|-weather|Sandstorm|[from] ability: Sand Stream|[of] p1b: Tyranitar\n|turn|6\n|\n|t:|1776050234\n|move|p1a: Sneasler|Protect|p1a: Sneasler\n|-singleturn|p1a: Sneasler|Protect\n|move|p2b: Floette|Protect|p2b: Floette\n|-singleturn|p2b: Floette|Protect\n|move|p1b: Tyranitar|Protect|p1b: Tyranitar\n|-singleturn|p1b: Tyranitar|Protect\n|move|p2a: Sableye|Reflect|p2a: Sableye\n|-sidestart|p2: mewten000|Reflect\n|\n|-weather|Sandstorm|[upkeep]\n|-damage|p1a: Sneasler|0 fnt|[from] Sandstorm\n|-damage|p2b: Floette|87/100|[from] Sandstorm\n|-damage|p2a: Sableye|95/100|[from] Sandstorm\n|faint|p1a: Sneasler\n|upkeep\n|turn|7\n|-message|olho do corvo forfeited.\n|\n|win|mewten000\n|raw|olho do corvo's rating: 1067 &rarr; <strong>1050</strong><br />(-17 for losing)\n|raw|mewten000's rating: 1115 &rarr; <strong>1137</strong><br />(+22 for winning)\n|l|\u2606olho do corvo\n|player|p1|\n",
  "uploadtime": 1776050304,
  "views": 35,
  "formatid": "gen9championsvgc2026regma",
  "rating": 1050,
  "private": 0,
  "password": null
}