{
  "id": "gen9championsvgc2026regma-2584997836",
  "format": "[Gen 9 Champions] VGC 2026 Reg M-A",
  "players": [
    "henitusec",
    "ZiggyZook"
  ],
  "log": "|j|\u2606henitusec\n|j|\u2606ZiggyZook\n|t:|1776301878\n|gametype|doubles\n|player|p1|henitusec|volo|1160\n|player|p2|ZiggyZook|veteranf|1197\n|gen|9\n|tier|[Gen 9 Champions] VGC 2026 Reg M-A\n|rated|\n|rule|Species Clause: Limit one of each Pok\u00e9mon\n|rule|Item Clause: Limit 1 of each item\n|clearpoke\n|poke|p1|Gardevoir, L50, F|\n|poke|p1|Aegislash, L50, M|\n|poke|p1|Incineroar, L50, M|\n|poke|p1|Vivillon-Polar, L50, M|\n|poke|p1|Whimsicott, L50, M|\n|poke|p1|Tauros-Paldea-Aqua, L50, M|\n|poke|p2|Delphox, L50, M|\n|poke|p2|Garchomp, L50, F|\n|poke|p2|Clefable, L50, M|\n|poke|p2|Corviknight, L50, F|\n|poke|p2|Rotom-Wash, L50|\n|poke|p2|Kingambit, L50, F|\n|teampreview|4\n|inactive|Battle timer is ON: inactive players will automatically lose when time's up. (requested by henitusec)\nhenitusec rejected open team sheets.\n|inactive|ZiggyZook has 60 seconds left.\n|\n|t:|1776301909\n|teamsize|p1|4\n|teamsize|p2|4\n|start\n|switch|p1a: Gardevoir|Gardevoir, L50, F, shiny|100/100\n|switch|p1b: Whimsicott|Whimsicott, L50, M|100/100\n|switch|p2a: Rotom|Rotom-Wash, L50|100/100\n|switch|p2b: Corviknight|Corviknight, L50, F|100/100\n|-ability|p1a: Gardevoir|Levitate|Trace|[from] ability: Trace|[of] p2a: Rotom\n|turn|1\n|inactive|henitusec has 30 seconds left.\n|\n|t:|1776301938\n|detailschange|p1a: Gardevoir|Gardevoir-Mega, L50, F, shiny\n|-mega|p1a: Gardevoir|Gardevoir|Gardevoirite\n|move|p1b: Whimsicott|Light Screen|p1b: Whimsicott\n|-sidestart|p1: henitusec|move: Light Screen\n|move|p2a: Rotom|Electroweb|p1a: Gardevoir|[spread] p1a,p1b\n|-resisted|p1b: Whimsicott|1\n|-damage|p1a: Gardevoir|91/100\n|-damage|p1b: Whimsicott|93/100\n|-unboost|p1a: Gardevoir|spe|1\n|-unboost|p1b: Whimsicott|spe|1\n|move|p2b: Corviknight|Tailwind|p2b: Corviknight\n|-sidestart|p2: ZiggyZook|move: Tailwind\n|move|p1a: Gardevoir|Hyper Voice|p2b: Corviknight|[spread] p2a,p2b\n|-resisted|p2b: Corviknight|1\n|-damage|p2a: Rotom|35/100\n|-damage|p2b: Corviknight|74/100\n|\n|-heal|p2b: Corviknight|80/100|[from] item: Leftovers\n|upkeep\n|turn|2\n|inactive|ZiggyZook has 30 seconds left.\n|\n|t:|1776301964\n|move|p1b: Whimsicott|Encore|p2b: Corviknight\n|-start|p2b: Corviknight|Encore\n|move|p2a: Rotom|Volt Switch|p1a: Gardevoir\n|-damage|p1a: Gardevoir|75/100\n|\n|t:|1776301970\n|switch|p2a: Kingambit|Kingambit, L50, F|100/100|[from] Volt Switch\n|move|p2b: Corviknight|Tailwind||[still]\n|-fail|p2b: Corviknight\n|move|p1a: Gardevoir|Hyper Voice|p2a: Kingambit|[spread] p2a,p2b\n|-resisted|p2b: Corviknight|1\n|-damage|p2a: Kingambit|49/100\n|-damage|p2b: Corviknight|56/100\n|\n|-heal|p2b: Corviknight|62/100|[from] item: Leftovers\n|upkeep\n|turn|3\n|\n|t:|1776301989\n|switch|p2b: Rotom|Rotom-Wash, L50|35/100\n|switch|p1b: Vivillon|Vivillon-Polar, L50, M|100/100\n|move|p2a: Kingambit|Sucker Punch||[still]\n|-fail|p2a: Kingambit\n|move|p1a: Gardevoir|Calm Mind|p1a: Gardevoir\n|-boost|p1a: Gardevoir|spa|1\n|-boost|p1a: Gardevoir|spd|1\n|\n|upkeep\n|turn|4\n|\n|t:|1776302012\n|move|p1b: Vivillon|Rage Powder|p1b: Vivillon\n|-singleturn|p1b: Vivillon|move: Rage Powder\n|move|p2b: Rotom|Thunderbolt|p1b: Vivillon\n|-supereffective|p1b: Vivillon|1\n|-damage|p1b: Vivillon|3/100\n|move|p2a: Kingambit|Kowtow Cleave|p1b: Vivillon\n|-damage|p1b: Vivillon|0 fnt\n|faint|p1b: Vivillon\n|move|p1a: Gardevoir|Hyper Voice|p2a: Kingambit|[spread] p2a,p2b\n|-damage|p2a: Kingambit|0 fnt\n|-damage|p2b: Rotom|0 fnt\n|faint|p2a: Kingambit\n|faint|p2b: Rotom\n|\n|-sideend|p2: ZiggyZook|move: Tailwind\n|upkeep\n|\n|t:|1776302028\n|switch|p1b: Whimsicott|Whimsicott, L50, M|93/100\n|switch|p2b: Corviknight|Corviknight, L50, F|62/100\n|switch|p2a: Garchomp|Garchomp, L50, F|100/100\n|turn|5\n|\n|t:|1776302035\n|move|p1b: Whimsicott|Tailwind|p1b: Whimsicott\n|-sidestart|p1: henitusec|move: Tailwind\n|move|p2a: Garchomp|Earthquake|p1b: Whimsicott|[spread] p1a,p1b\n|-immune|p2b: Corviknight\n|-resisted|p1b: Whimsicott|1\n|-damage|p1a: Gardevoir|22/100\n|-damage|p1b: Whimsicott|68/100\n|move|p1a: Gardevoir|Hyper Voice|p2a: Garchomp|[spread] p2a,p2b\n|-supereffective|p2a: Garchomp|1\n|-resisted|p2b: Corviknight|1\n|-damage|p2a: Garchomp|0 fnt\n|-damage|p2b: Corviknight|25/100\n|faint|p2a: Garchomp\n|move|p2b: Corviknight|Brave Bird|p1b: Whimsicott\n|-supereffective|p1b: Whimsicott|1\n|-damage|p1b: Whimsicott|0 fnt\n|faint|p1b: Whimsicott\n|-damage|p2b: Corviknight|6/100|[from] Recoil\n|\n|-heal|p2b: Corviknight|12/100|[from] item: Leftovers\n|-sideend|p1: henitusec|move: Light Screen\n|upkeep\n|\n|t:|1776302048\n|switch|p1b: Aegislash|Aegislash, L50, M|100/100\n|turn|6\n|-message|ZiggyZook forfeited.\n|\n|win|henitusec\n|raw|henitusec's rating: 1160 &rarr; <strong>1188</strong><br />(+28 for winning)\n|raw|ZiggyZook's rating: 1197 &rarr; <strong>1169</strong><br />(-28 for losing)\n|l|\u2606ZiggyZook\n|player|p2|\n",
  "uploadtime": 1776302056,
  "views": 23,
  "formatid": "gen9championsvgc2026regma",
  "rating": 1169,
  "private": 0,
  "password": null
}