{
  "id": "gen9championsvgc2026regma-2583055007",
  "format": "[Gen 9 Champions] VGC 2026 Reg M-A",
  "players": [
    "savemelivie",
    "TGEC0"
  ],
  "log": "|j|\u2606savemelivie\n|j|\u2606TGEC0\n|t:|1776137171\n|gametype|doubles\n|player|p1|savemelivie|swimmerf-gen4|1090\n|player|p2|TGEC0|265|1052\n|gen|9\n|tier|[Gen 9 Champions] VGC 2026 Reg M-A\n|rated|\n|rule|Species Clause: Limit one of each Pok\u00e9mon\n|rule|Item Clause: Limit 1 of each item\n|clearpoke\n|poke|p1|Gardevoir, L50, F|\n|poke|p1|Incineroar, L50, F|\n|poke|p1|Aerodactyl, L50, M|\n|poke|p1|Volcarona, L50, M|\n|poke|p1|Sinistcha, L50|\n|poke|p1|Ninetales, L50, M|\n|poke|p2|Tyranitar, L50, M|\n|poke|p2|Excadrill, L50, M|\n|poke|p2|Garchomp, L50, M|\n|poke|p2|Incineroar, L50, F|\n|poke|p2|Corviknight, L50, F|\n|poke|p2|Sinistcha, L50|\n|teampreview|4\nTGEC0 rejected open team sheets.\n|inactive|Battle timer is ON: inactive players will automatically lose when time's up. (requested by savemelivie)\n|\n|t:|1776137224\n|teamsize|p1|4\n|teamsize|p2|4\n|start\n|switch|p1a: Duchess|Gardevoir, L50, F|100/100\n|switch|p1b: Aerodactyl|Aerodactyl, L50, M|100/100\n|switch|p2a: Corviknight|Corviknight, L50, F|100/100\n|switch|p2b: Garchomp|Garchomp, L50, M, shiny|100/100\n|-ability|p1b: Aerodactyl|Unnerve\n|-ability|p2a: Corviknight|Unnerve\n|turn|1\n|\n|t:|1776137252\n|detailschange|p1a: Duchess|Gardevoir-Mega, L50, F\n|-mega|p1a: Duchess|Gardevoir|Gardevoirite\n|move|p2b: Garchomp|Protect|p2b: Garchomp\n|-singleturn|p2b: Garchomp|Protect\n|move|p1b: Aerodactyl|Tailwind|p1b: Aerodactyl\n|-sidestart|p1: savemelivie|move: Tailwind\n|move|p1a: Duchess|Hyper Voice|p2a: Corviknight|[spread] p2a\n|-activate|p2b: Garchomp|move: Protect\n|-resisted|p2a: Corviknight|1\n|-damage|p2a: Corviknight|83/100\n|move|p2a: Corviknight|Iron Head|p1a: Duchess\n|-supereffective|p1a: Duchess|1\n|-damage|p1a: Duchess|17/100\n|\n|upkeep\n|turn|2\n|\n|t:|1776137275\n|move|p2b: Garchomp|Protect|p2b: Garchomp\n|-singleturn|p2b: Garchomp|Protect\n|move|p1b: Aerodactyl|Rock Slide|p2b: Garchomp|[spread] p2a\n|-activate|p2b: Garchomp|move: Protect\n|-damage|p2a: Corviknight|61/100\n|move|p1a: Duchess|Hyper Voice|p2b: Garchomp|[spread] p2a\n|-activate|p2b: Garchomp|move: Protect\n|-resisted|p2a: Corviknight|1\n|-damage|p2a: Corviknight|42/100\n|move|p2a: Corviknight|Tailwind|p2a: Corviknight\n|-sidestart|p2: TGEC0|move: Tailwind\n|\n|upkeep\n|turn|3\n|\n|t:|1776137299\n|move|p1b: Aerodactyl|Rock Slide|p2a: Corviknight|[spread] p2a,p2b\n|-resisted|p2b: Garchomp|1\n|-damage|p2a: Corviknight|19/100\n|-damage|p2b: Garchomp|86/100\n|cant|p2b: Garchomp|flinch\n|move|p1a: Duchess|Hyper Voice|p2b: Garchomp|[spread] p2a,p2b\n|-resisted|p2a: Corviknight|1\n|-supereffective|p2b: Garchomp|1\n|-damage|p2a: Corviknight|0 fnt\n|-damage|p2b: Garchomp|0 fnt\n|faint|p2a: Corviknight\n|faint|p2b: Garchomp\n|\n|upkeep\n|\n|t:|1776137310\n|switch|p2b: Tyranitar|Tyranitar, L50, M|100/100\n|switch|p2a: Excadrill|Excadrill, L50, M, shiny|100/100\n|-weather|Sandstorm|[from] ability: Sand Stream|[of] p2b: Tyranitar\n|turn|4\n|\n|t:|1776137322\n|detailschange|p2b: Tyranitar|Tyranitar-Mega, L50, M\n|-mega|p2b: Tyranitar|Tyranitar|Tyranitarite\n|move|p2a: Excadrill|Rock Slide|p1a: Duchess|[spread] \n|-miss|p2a: Excadrill|p1a: Duchess\n|-miss|p2a: Excadrill|p1b: Aerodactyl\n|move|p1b: Aerodactyl|Rock Slide|p2a: Excadrill|[spread] p2a,p2b\n|-resisted|p2a: Excadrill|2\n|-damage|p2a: Excadrill|92/100\n|-damage|p2b: Tyranitar|83/100\n|move|p1a: Duchess|Hyper Voice|p2b: Tyranitar|[spread] p2a,p2b\n|-resisted|p2a: Excadrill|1\n|-crit|p2a: Excadrill\n|-supereffective|p2b: Tyranitar|1\n|-damage|p2a: Excadrill|44/100\n|-damage|p2b: Tyranitar|35/100\n|move|p2b: Tyranitar|Thunder Punch|p1b: Aerodactyl\n|-supereffective|p1b: Aerodactyl|1\n|-damage|p1b: Aerodactyl|4/100\n|\n|-weather|Sandstorm|[upkeep]\n|-damage|p1a: Duchess|11/100|[from] Sandstorm\n|-sideend|p1: savemelivie|move: Tailwind\n|upkeep\n|turn|5\n|-message|TGEC0 forfeited.\n|\n|win|savemelivie\n|raw|savemelivie's rating: 1090 &rarr; <strong>1114</strong><br />(+24 for winning)\n|raw|TGEC0's rating: 1052 &rarr; <strong>1036</strong><br />(-16 for losing)\n|l|\u2606TGEC0\n|player|p2|\n",
  "uploadtime": 1776137349,
  "views": 19,
  "formatid": "gen9championsvgc2026regma",
  "rating": 1036,
  "private": 0,
  "password": null
}