{
  "id": "gen9championsvgc2026regma-2584791292",
  "format": "[Gen 9 Champions] VGC 2026 Reg M-A",
  "players": [
    "BlazingDurendal",
    "imahuman1"
  ],
  "log": "|j|\u2606BlazingDurendal\n|j|\u2606imahuman1\n|t:|1776283927\n|gametype|doubles\n|player|p1|BlazingDurendal|janitor|1108\n|player|p2|imahuman1|266|1095\n|gen|9\n|tier|[Gen 9 Champions] VGC 2026 Reg M-A\n|rated|\n|rule|Species Clause: Limit one of each Pok\u00e9mon\n|rule|Item Clause: Limit 1 of each item\n|clearpoke\n|poke|p1|Camerupt, L50, F|\n|poke|p1|Hydreigon, L50, M|\n|poke|p1|Oranguru, L50, F|\n|poke|p1|Tyranitar, L50, M|\n|poke|p1|Basculegion, L50, M|\n|poke|p1|Scizor, L50, F|\n|poke|p2|Typhlosion-Hisui, L50, M|\n|poke|p2|Charizard, L50, F|\n|poke|p2|Whimsicott, L50, M|\n|poke|p2|Venusaur, L50, F|\n|poke|p2|Incineroar, L50, F|\n|poke|p2|Starmie, L50|\n|teampreview|4\n|\n|t:|1776283953\n|teamsize|p1|4\n|teamsize|p2|4\n|start\n|switch|p1a: Camerupt|Camerupt, L50, F|100/100\n|switch|p1b: Oranguru|Oranguru, L50, F|100/100\n|switch|p2a: Whimsicott|Whimsicott, L50, M|100/100\n|switch|p2b: Incineroar|Incineroar, L50, F|100/100\n|-ability|p2b: Incineroar|Intimidate|boost\n|-unboost|p1a: Camerupt|atk|1\n|-fail|p1b: Oranguru|unboost|Attack|[from] ability: Inner Focus|[of] p1b: Oranguru\n|turn|1\n|\n|t:|1776283986\n|detailschange|p1a: Camerupt|Camerupt-Mega, L50, F\n|-mega|p1a: Camerupt|Camerupt|Cameruptite\n|move|p1b: Oranguru|Protect|p1b: Oranguru\n|-singleturn|p1b: Oranguru|Protect\n|move|p2b: Incineroar|Fake Out|p1a: Camerupt\n|-damage|p1a: Camerupt|90/100\n|move|p2a: Whimsicott|Taunt|p1b: Oranguru\n|-activate|p1b: Oranguru|move: Protect\n|cant|p1a: Camerupt|flinch\n|\n|upkeep\n|turn|2\n|\n|t:|1776284005\n|move|p2a: Whimsicott|Encore|p1b: Oranguru\n|-start|p1b: Oranguru|Encore\n|move|p1b: Oranguru|Protect|p1b: Oranguru\n|-singleturn|p1b: Oranguru|Protect\n|move|p2b: Incineroar|Parting Shot|p1a: Camerupt\n|-unboost|p1a: Camerupt|atk|1\n|-unboost|p1a: Camerupt|spa|1\n|\n|t:|1776284016\n|switch|p2b: Charizard|Charizard, L50, F|100/100|[from] Parting Shot\n|move|p1a: Camerupt|Heat Wave|p2a: Whimsicott|[spread] p2a,p2b\n|-supereffective|p2a: Whimsicott|1\n|-resisted|p2b: Charizard|1\n|-crit|p2b: Charizard\n|-damage|p2a: Whimsicott|0 fnt\n|-damage|p2b: Charizard|47/100\n|faint|p2a: Whimsicott\n|\n|upkeep\n|\n|t:|1776284021\n|switch|p2a: Incineroar|Incineroar, L50, F|100/100\n|-ability|p2a: Incineroar|Intimidate|boost\n|-unboost|p1a: Camerupt|atk|1\n|-fail|p1b: Oranguru|unboost|Attack|[from] ability: Inner Focus|[of] p1b: Oranguru\n|turn|3\n|\n|t:|1776284037\n|detailschange|p2b: Charizard|Charizard-Mega-Y, L50, F\n|-mega|p2b: Charizard|Charizard|Charizardite Y\n|-weather|SunnyDay|[from] ability: Drought|[of] p2b: Charizard\n|move|p1b: Oranguru|Protect||[still]\n|-fail|p1b: Oranguru\n|move|p1a: Camerupt|Protect|p1a: Camerupt\n|-singleturn|p1a: Camerupt|Protect\n|move|p2a: Incineroar|Fake Out|p1a: Camerupt\n|-activate|p1a: Camerupt|move: Protect\n|move|p2b: Charizard|Solar Beam||[still]\n|-prepare|p2b: Charizard|Solar Beam\n|-anim|p2b: Charizard|Solar Beam|p1a: Camerupt\n|-activate|p1a: Camerupt|move: Protect\n|\n|-weather|SunnyDay|[upkeep]\n|upkeep\n|turn|4\n|\n|t:|1776284069\n|move|p1b: Oranguru|Protect|p1b: Oranguru\n|-singleturn|p1b: Oranguru|Protect\n|move|p2b: Charizard|Solar Beam||[still]\n|-prepare|p2b: Charizard|Solar Beam\n|-anim|p2b: Charizard|Solar Beam|p1a: Camerupt\n|-damage|p1a: Camerupt|42/100\n|move|p2a: Incineroar|Parting Shot|p1a: Camerupt\n|-unboost|p1a: Camerupt|atk|1\n|-unboost|p1a: Camerupt|spa|1\n|\n|t:|1776284079\n|switch|p2a: Typhlosion|Typhlosion-Hisui, L50, M|100/100|[from] Parting Shot\n|move|p1a: Camerupt|Earth Power|p2a: Typhlosion\n|-supereffective|p2a: Typhlosion|1\n|-damage|p2a: Typhlosion|11/100\n|\n|-weather|SunnyDay|[upkeep]\n|-end|p1b: Oranguru|Encore\n|upkeep\n|turn|5\n|\n|t:|1776284101\n|move|p1a: Camerupt|Protect|p1a: Camerupt\n|-singleturn|p1a: Camerupt|Protect\n|move|p2a: Typhlosion|Heat Wave|p1a: Camerupt|[spread] p1b\n|-activate|p1a: Camerupt|move: Protect\n|-damage|p1b: Oranguru|47/100\n|move|p2b: Charizard|Solar Beam||[still]\n|-prepare|p2b: Charizard|Solar Beam\n|-anim|p2b: Charizard|Solar Beam|p1a: Camerupt\n|-activate|p1a: Camerupt|move: Protect\n|move|p1b: Oranguru|Trick Room|p1b: Oranguru\n|-fieldstart|move: Trick Room|[of] p1b: Oranguru\n|\n|-weather|SunnyDay|[upkeep]\n|upkeep\n|turn|6\n|\n|t:|1776284119\n|move|p1a: Camerupt|Heat Wave|p2b: Charizard|[spread] p2a,p2b\n|-resisted|p2a: Typhlosion|1\n|-resisted|p2b: Charizard|1\n|-damage|p2a: Typhlosion|0 fnt\n|-damage|p2b: Charizard|26/100\n|faint|p2a: Typhlosion\n|move|p1b: Oranguru|Psychic|p2b: Charizard\n|-damage|p2b: Charizard|0 fnt\n|faint|p2b: Charizard\n|\n|-weather|SunnyDay|[upkeep]\n|upkeep\n|\n|t:|1776284126\n|switch|p2b: Incineroar|Incineroar, L50, F|100/100\n|-ability|p2b: Incineroar|Intimidate|boost\n|-unboost|p1a: Camerupt|atk|1\n|-fail|p1b: Oranguru|unboost|Attack|[from] ability: Inner Focus|[of] p1b: Oranguru\n|turn|7\n|\n|t:|1776284140\n|switch|p1b: Basculegion|Basculegion, L50, M|100/100\n|move|p1a: Camerupt|Protect|p1a: Camerupt\n|-singleturn|p1a: Camerupt|Protect\n|move|p2b: Incineroar|Fake Out|p1a: Camerupt\n|-activate|p1a: Camerupt|move: Protect\n|\n|-weather|none\n|upkeep\n|turn|8\n|\n|t:|1776284159\n|move|p1a: Camerupt|Earth Power|p2b: Incineroar\n|-supereffective|p2b: Incineroar|1\n|-damage|p2b: Incineroar|44/100\n|-enditem|p2b: Incineroar|Sitrus Berry|[eat]\n|-heal|p2b: Incineroar|69/100|[from] item: Sitrus Berry\n|move|p2b: Incineroar|Darkest Lariat|p1b: Basculegion\n|-supereffective|p1b: Basculegion|1\n|-damage|p1b: Basculegion|15/100\n|move|p1b: Basculegion|Wave Crash|p2b: Incineroar\n|-supereffective|p2b: Incineroar|1\n|-damage|p2b: Incineroar|0 fnt\n|faint|p2b: Incineroar\n|-damage|p1b: Basculegion|0 fnt|[from] Recoil\n|faint|p1b: Basculegion\n|\n|win|BlazingDurendal\n|raw|BlazingDurendal's rating: 1108 &rarr; <strong>1132</strong><br />(+24 for winning)\n|raw|imahuman1's rating: 1095 &rarr; <strong>1072</strong><br />(-23 for losing)\n|l|\u2606imahuman1\n|player|p2|\n",
  "uploadtime": 1776284307,
  "views": 35,
  "formatid": "gen9championsvgc2026regma",
  "rating": 1072,
  "private": 0,
  "password": null
}