{
  "id": "gen9championsvgc2026regma-2583392699",
  "format": "[Gen 9 Champions] VGC 2026 Reg M-A",
  "players": [
    "Dets",
    "Reviewer 2"
  ],
  "log": "|j|\u2606Dets\n|j|\u2606Reviewer 2\n|t:|1776172532\n|gametype|doubles\n|player|p1|Dets|steven|1098\n|player|p2|Reviewer 2|170|1111\n|gen|9\n|tier|[Gen 9 Champions] VGC 2026 Reg M-A\n|rated|\n|rule|Species Clause: Limit one of each Pok\u00e9mon\n|rule|Item Clause: Limit 1 of each item\n|clearpoke\n|poke|p1|Delphox, L50, F|\n|poke|p1|Whimsicott, L50, M|\n|poke|p1|Rotom-Wash, L50|\n|poke|p1|Sinistcha, L50|\n|poke|p1|Incineroar, L50, F|\n|poke|p1|Sneasler, L50, F|\n|poke|p2|Pelipper, L50, M|\n|poke|p2|Aggron, L50, F|\n|poke|p2|Incineroar, L50, F|\n|poke|p2|Sinistcha, L50|\n|poke|p2|Basculegion, L50, M|\n|poke|p2|Dragonite, L50, F|\n|teampreview|4\n|inactive|Battle timer is ON: inactive players will automatically lose when time's up. (requested by Dets)\nDets rejected open team sheets.\n|inactive|Dets has 60 seconds left.\n|inactive|Reviewer 2 has 60 seconds left.\n|\n|t:|1776172565\n|teamsize|p1|4\n|teamsize|p2|4\n|start\n|switch|p1a: Rotom|Rotom-Wash, L50|100/100\n|switch|p1b: Whimsicott|Whimsicott, L50, M|100/100\n|switch|p2a: Dragonite|Dragonite, L50, F|100/100\n|switch|p2b: Pelipper|Pelipper, L50, M|100/100\n|-weather|RainDance|[from] ability: Drizzle|[of] p2b: Pelipper\n|turn|1\n|\n|t:|1776172577\n|detailschange|p2a: Dragonite|Dragonite-Mega, L50, F\n|-mega|p2a: Dragonite|Dragonite|Dragoninite\n|move|p1b: Whimsicott|Sunny Day|p1b: Whimsicott\n|-weather|SunnyDay\n|move|p1a: Rotom|Thunderbolt|p2b: Pelipper\n|-supereffective|p2b: Pelipper|2\n|-enditem|p2b: Pelipper|Focus Sash\n|-damage|p2b: Pelipper|1/100\n|move|p2a: Dragonite|Hurricane|p1b: Whimsicott\n|-supereffective|p1b: Whimsicott|1\n|-enditem|p1b: Whimsicott|Focus Sash\n|-damage|p1b: Whimsicott|1/100\n|move|p2b: Pelipper|Tailwind|p2b: Pelipper\n|-sidestart|p2: Reviewer 2|move: Tailwind\n|\n|-weather|SunnyDay|[upkeep]\n|upkeep\n|turn|2\n|\n|t:|1776172591\n|switch|p2b: Sinistcha|Sinistcha, L50|100/100\n|switch|p1b: Delphox|Delphox, L50, F|100/100\n|move|p2a: Dragonite|Extreme Speed|p1b: Delphox\n|-damage|p1b: Delphox|70/100\n|move|p1a: Rotom|Thunderbolt|p2b: Sinistcha\n|-resisted|p2b: Sinistcha|1\n|-damage|p2b: Sinistcha|82/100\n|\n|-weather|SunnyDay|[upkeep]\n|upkeep\n|turn|3\n|\n|t:|1776172612\n|switch|p2b: Pelipper|Pelipper, L50, M|1/100\n|-weather|RainDance|[from] ability: Drizzle|[of] p2b: Pelipper\n|detailschange|p1b: Delphox|Delphox-Mega, L50, F\n|-mega|p1b: Delphox|Delphox|Delphoxite\n|move|p2a: Dragonite|Hurricane|p1b: Delphox\n|-damage|p1b: Delphox|6/100\n|move|p1a: Rotom|Thunderbolt|p2a: Dragonite\n|-damage|p2a: Dragonite|85/100\n|move|p1b: Delphox|Psychic|p2a: Dragonite\n|-damage|p2a: Dragonite|39/100\n|\n|-weather|RainDance|[upkeep]\n|upkeep\n|turn|4\n|inactive|Reviewer 2 has 30 seconds left.\n|\n|t:|1776172637\n|switch|p2b: Sinistcha|Sinistcha, L50|82/100\n|-heal|p2a: Dragonite|64/100|[from] ability: Hospitality|[of] p2b: Sinistcha\n|move|p1b: Delphox|Protect|p1b: Delphox\n|-singleturn|p1b: Delphox|Protect\n|move|p2a: Dragonite|Draco Meteor|p1a: Rotom\n|-damage|p1a: Rotom|0 fnt\n|-unboost|p2a: Dragonite|spa|2\n|faint|p1a: Rotom\n|\n|-weather|RainDance|[upkeep]\n|-sideend|p2: Reviewer 2|move: Tailwind\n|upkeep\n|\n|t:|1776172647\n|switch|p1a: Sneasler|Sneasler, L50, F|100/100\n|turn|5\n|\n|t:|1776172669\n|move|p2a: Dragonite|Extreme Speed|p1b: Delphox\n|-damage|p1b: Delphox|0 fnt\n|faint|p1b: Delphox\n|move|p2b: Sinistcha|Rage Powder|p2b: Sinistcha\n|-singleturn|p2b: Sinistcha|move: Rage Powder\n|move|p1a: Sneasler|Dire Claw|p2b: Sinistcha\n|-damage|p2b: Sinistcha|41/100\n|-status|p2b: Sinistcha|par\n|\n|-weather|RainDance|[upkeep]\n|upkeep\n|\n|t:|1776172677\n|switch|p1b: Whimsicott|Whimsicott, L50, M|1/100\n|turn|6\n|\n|t:|1776172689\n|move|p1b: Whimsicott|Helping Hand|p1a: Sneasler\n|-singleturn|p1a: Sneasler|Helping Hand|[of] p1b: Whimsicott\n|move|p2a: Dragonite|Extreme Speed|p1b: Whimsicott\n|-damage|p1b: Whimsicott|0 fnt\n|faint|p1b: Whimsicott\n|move|p2b: Sinistcha|Rage Powder|p2b: Sinistcha\n|-singleturn|p2b: Sinistcha|move: Rage Powder\n|move|p1a: Sneasler|Dire Claw|p2b: Sinistcha\n|-damage|p2b: Sinistcha|0 fnt\n|faint|p2b: Sinistcha\n|\n|-weather|RainDance|[upkeep]\n|upkeep\n|\n|t:|1776172695\n|switch|p2b: Basculegion|Basculegion, L50, M|100/100\n|turn|7\n|-message|Dets forfeited.\n|\n|win|Reviewer 2\n|raw|Dets's rating: 1098 &rarr; <strong>1074</strong><br />(-24 for losing)\n|raw|Reviewer 2's rating: 1111 &rarr; <strong>1135</strong><br />(+24 for winning)\n",
  "uploadtime": 1776172737,
  "views": 13,
  "formatid": "gen9championsvgc2026regma",
  "rating": 1074,
  "private": 0,
  "password": null
}