{
  "id": "gen9championsvgc2026regma-2583208448",
  "format": "[Gen 9 Champions] VGC 2026 Reg M-A",
  "players": [
    "toririn8000",
    "TheStrategys"
  ],
  "log": "|j|\u2606toririn8000\n|j|\u2606TheStrategys\n|t:|1776154908\n|gametype|doubles\n|player|p1|toririn8000|rosa|1148\n|player|p2|TheStrategys|169|1091\n|gen|9\n|tier|[Gen 9 Champions] VGC 2026 Reg M-A\n|rated|\n|rule|Species Clause: Limit one of each Pok\u00e9mon\n|rule|Item Clause: Limit 1 of each item\n|clearpoke\n|poke|p1|Slowbro, L50, F|\n|poke|p1|Sneasler, L50, F|\n|poke|p1|Sinistcha, L50|\n|poke|p1|Volcarona, L50, F|\n|poke|p1|Kingambit, L50, M|\n|poke|p1|Clefable, L50, M|\n|poke|p2|Sneasler, L50, F|\n|poke|p2|Kingambit, L50, F|\n|poke|p2|Clefable, L50, M|\n|poke|p2|Delphox, L50, F|\n|poke|p2|Dragonite, L50, M|\n|poke|p2|Basculegion, L50, M|\n|teampreview|4\n|inactive|Battle timer is ON: inactive players will automatically lose when time's up. (requested by TheStrategys)\n|inactive|toririn8000 also wants the timer to be on.\n|\n|t:|1776154934\n|teamsize|p1|4\n|teamsize|p2|4\n|start\n|switch|p1a: Slowbro|Slowbro, L50, F|100/100\n|switch|p1b: Sneasler|Sneasler, L50, F|100/100\n|switch|p2a: Sneasler|Sneasler, L50, F|100/100\n|switch|p2b: Delphox|Delphox, L50, F|100/100\n|turn|1\n|\n|t:|1776154945\n|detailschange|p2b: Delphox|Delphox-Mega, L50, F\n|-mega|p2b: Delphox|Delphox|Delphoxite\n|detailschange|p1a: Slowbro|Slowbro-Mega, L50, F\n|-mega|p1a: Slowbro|Slowbro|Slowbronite\n|move|p2a: Sneasler|Fake Out|p1b: Sneasler\n|-damage|p1b: Sneasler|77/100\n|move|p2b: Delphox|Psychic|p1b: Sneasler\n|-supereffective|p1b: Sneasler|2\n|-damage|p1b: Sneasler|0 fnt\n|faint|p1b: Sneasler\n|move|p1a: Slowbro|Calm Mind|p1a: Slowbro\n|-boost|p1a: Slowbro|spa|1\n|-boost|p1a: Slowbro|spd|1\n|\n|upkeep\n|\n|t:|1776154957\n|switch|p1b: Volcarona|Volcarona, L50, F|100/100\n|turn|2\n|\n|t:|1776154970\n|move|p2b: Delphox|Psychic|p1b: Volcarona\n|-damage|p1b: Volcarona|52/100\n|move|p2a: Sneasler|Dire Claw|p1b: Volcarona\n|-damage|p1b: Volcarona|15/100\n|move|p1b: Volcarona|Struggle Bug|p2b: Delphox|[spread] p2a,p2b\n|-resisted|p2a: Sneasler|2\n|-damage|p2a: Sneasler|95/100\n|-damage|p2b: Delphox|84/100\n|-unboost|p2a: Sneasler|spa|1\n|-unboost|p2b: Delphox|spa|1\n|move|p1a: Slowbro|Calm Mind|p1a: Slowbro\n|-boost|p1a: Slowbro|spa|1\n|-boost|p1a: Slowbro|spd|1\n|\n|upkeep\n|turn|3\n|\n|t:|1776154993\n|move|p2b: Delphox|Heat Wave|p1a: Slowbro|[spread] p1a,p1b\n|-resisted|p1a: Slowbro|1\n|-damage|p1a: Slowbro|93/100\n|-damage|p1b: Volcarona|0 fnt\n|faint|p1b: Volcarona\n|move|p2a: Sneasler|Dire Claw|p1a: Slowbro\n|-damage|p1a: Slowbro|75/100\n|move|p1a: Slowbro|Scald|p2a: Sneasler\n|-damage|p2a: Sneasler|0 fnt\n|faint|p2a: Sneasler\n|\n|upkeep\n|\n|t:|1776155009\n|switch|p2a: Clefable|Clefable, L50, M|100/100\n|switch|p1b: Clefable|Clefable, L50, M|100/100\n|turn|4\n|\n|t:|1776155023\n|switch|p2b: Kingambit|Kingambit, L50, F|100/100\n|move|p2a: Clefable|Moonblast|p1a: Slowbro\n|-damage|p1a: Slowbro|42/100\n|-unboost|p1a: Slowbro|spa|1\n|move|p1b: Clefable|Life Dew||[still]|[spread] p1a,p1b\n|-heal|p1a: Slowbro|67/100\n|-fail|p1b: Clefable|heal\n|move|p1a: Slowbro|Scald|p2a: Clefable\n|-damage|p2a: Clefable|69/100\n|\n|upkeep\n|turn|5\n|\n|t:|1776155039\n|move|p2b: Kingambit|Kowtow Cleave|p1b: Clefable\n|-resisted|p1b: Clefable|1\n|-damage|p1b: Clefable|75/100\n|move|p2a: Clefable|Moonblast|p1a: Slowbro\n|-damage|p1a: Slowbro|34/100\n|move|p1b: Clefable|Moonblast|p2b: Kingambit\n|-damage|p2b: Kingambit|63/100\n|move|p1a: Slowbro|Body Press|p2b: Kingambit\n|-supereffective|p2b: Kingambit|2\n|-damage|p2b: Kingambit|0 fnt\n|faint|p2b: Kingambit\n|\n|-heal|p1b: Clefable|81/100|[from] item: Leftovers\n|upkeep\n|\n|t:|1776155053\n|switch|p2b: Delphox|Delphox-Mega, L50, F|84/100\n|turn|6\n|\n|t:|1776155060\n|move|p1a: Slowbro|Protect|p1a: Slowbro\n|-singleturn|p1a: Slowbro|Protect\n|move|p2b: Delphox|Psychic|p1a: Slowbro\n|-activate|p1a: Slowbro|move: Protect\n|move|p2a: Clefable|Moonblast|p1a: Slowbro\n|-activate|p1a: Slowbro|move: Protect\n|move|p1b: Clefable|Life Dew|p1b: Clefable|[spread] p1a,p1b\n|-heal|p1a: Slowbro|59/100\n|-heal|p1b: Clefable|100/100\n|\n|upkeep\n|turn|7\n|\n|t:|1776155072\n|move|p1b: Clefable|Follow Me|p1b: Clefable\n|-singleturn|p1b: Clefable|move: Follow Me\n|move|p2b: Delphox|Psychic|p1b: Clefable\n|-damage|p1b: Clefable|63/100\n|-unboost|p1b: Clefable|spd|1\n|move|p2a: Clefable|Moonblast|p1b: Clefable\n|-damage|p1b: Clefable|40/100\n|move|p1a: Slowbro|Scald|p2b: Delphox\n|-supereffective|p2b: Delphox|1\n|-damage|p2b: Delphox|0 fnt\n|faint|p2b: Delphox\n|\n|-heal|p1b: Clefable|47/100|[from] item: Leftovers\n|upkeep\n|turn|8\n|-message|TheStrategys forfeited.\n|\n|win|toririn8000\n|raw|toririn8000's rating: 1148 &rarr; <strong>1169</strong><br />(+21 for winning)\n|raw|TheStrategys's rating: 1091 &rarr; <strong>1071</strong><br />(-20 for losing)\n|l|\u2606TheStrategys\n|player|p2|\n",
  "uploadtime": 1776155091,
  "views": 32,
  "formatid": "gen9championsvgc2026regma",
  "rating": 1071,
  "private": 0,
  "password": null
}