{
  "id": "gen9championsvgc2026regma-2581365746",
  "format": "[Gen 9 Champions] VGC 2026 Reg M-A",
  "players": [
    "MegaCharizard54",
    "marco1993"
  ],
  "log": "|j|\u2606MegaCharizard54\n|j|\u2606marco1993\n|t:|1775992248\n|gametype|doubles\n|player|p1|MegaCharizard54|101|1068\n|player|p2|marco1993|266|1123\n|gen|9\n|tier|[Gen 9 Champions] VGC 2026 Reg M-A\n|rated|\n|rule|Species Clause: Limit one of each Pok\u00e9mon\n|rule|Item Clause: Limit 1 of each item\n|clearpoke\n|poke|p1|Golurk, L50|\n|poke|p1|Farigiraf, L50, M|\n|poke|p1|Incineroar, L50, M|\n|poke|p1|Torkoal, L50, M|\n|poke|p1|Sneasler, L50, F|\n|poke|p1|Venusaur, L50, M|\n|poke|p2|Floette-Eternal, L50, F|\n|poke|p2|Whimsicott, L50, M|\n|poke|p2|Incineroar, L50, F|\n|poke|p2|Gengar, L50, M|\n|poke|p2|Sneasler, L50, M|\n|poke|p2|Garchomp, L50, F|\n|teampreview|4\n|inactive|Battle timer is ON: inactive players will automatically lose when time's up. (requested by MegaCharizard54)\n|inactive|MegaCharizard54 has 60 seconds left.\n|inactive|marco1993 has 60 seconds left.\n|\n|t:|1775992301\n|teamsize|p1|4\n|teamsize|p2|4\n|start\n|switch|p1a: Sneasler|Sneasler, L50, F|100/100\n|switch|p1b: Torkoal|Torkoal, L50, M|100/100\n|switch|p2a: Floette|Floette-Eternal, L50, F|100/100\n|switch|p2b: Sneasler|Sneasler, L50, M|100/100\n|-weather|SunnyDay|[from] ability: Drought|[of] p1b: Torkoal\n|turn|1\n|\n|t:|1775992325\n|detailschange|p2a: Floette|Floette-Mega, L50, F\n|-mega|p2a: Floette|Floette|Floettite\n|-ability|p2a: Floette|Fairy Aura\n|move|p1a: Sneasler|Fake Out|p2a: Floette\n|-damage|p2a: Floette|83/100\n|move|p2b: Sneasler|Fake Out|p1a: Sneasler\n|-damage|p1a: Sneasler|74/100\n|cant|p2a: Floette|flinch\n|move|p1b: Torkoal|Eruption|p2b: Sneasler|[spread] p2a,p2b\n|-damage|p2a: Floette|20/100\n|-damage|p2b: Sneasler|0 fnt\n|faint|p2b: Sneasler\n|\n|-weather|SunnyDay|[upkeep]\n|upkeep\n|\n|t:|1775992342\n|switch|p2b: Garchomp|Garchomp, L50, F|100/100\n|turn|2\n|\n|t:|1775992355\n|move|p2a: Floette|Protect|p2a: Floette\n|-singleturn|p2a: Floette|Protect\n|move|p1b: Torkoal|Protect|p1b: Torkoal\n|-singleturn|p1b: Torkoal|Protect\n|move|p2b: Garchomp|Earthquake|p1b: Torkoal|[spread] p1a\n|-activate|p2a: Floette|move: Protect\n|-activate|p1b: Torkoal|move: Protect\n|-supereffective|p1a: Sneasler|1\n|-damage|p1a: Sneasler|0 fnt\n|faint|p1a: Sneasler\n|\n|-weather|SunnyDay|[upkeep]\n|upkeep\n|\n|t:|1775992368\n|switch|p1a: Venusaur|Venusaur, L50, M|100/100\n|turn|3\n|\n|t:|1775992384\n|switch|p2a: Whimsicott|Whimsicott, L50, M|100/100\n|move|p1a: Venusaur|Sleep Powder|p2b: Garchomp\n|-status|p2b: Garchomp|slp|[from] move: Sleep Powder\n|cant|p2b: Garchomp|slp\n|move|p1b: Torkoal|Heat Wave|p2a: Whimsicott|[spread] p2a,p2b\n|-supereffective|p2a: Whimsicott|1\n|-resisted|p2b: Garchomp|1\n|-enditem|p2a: Whimsicott|Focus Sash\n|-damage|p2a: Whimsicott|1/100\n|-damage|p2b: Garchomp|68/100 slp\n|\n|-weather|SunnyDay|[upkeep]\n|upkeep\n|turn|4\n|inactive|MegaCharizard54 has 30 seconds left.\n|\n|t:|1775992412\n|switch|p1a: Golurk|Golurk, L50, shiny|100/100\n|-curestatus|p2b: Garchomp|slp|[msg]\n|move|p2b: Garchomp|Earthquake|p1a: Golurk|[spread] p2a,p1a,p1b\n|-resisted|p2a: Whimsicott|1\n|-supereffective|p1b: Torkoal|1\n|-damage|p2a: Whimsicott|0 fnt\n|-damage|p1a: Golurk|61/100\n|-damage|p1b: Torkoal|37/100\n|faint|p2a: Whimsicott\n|move|p1b: Torkoal|Eruption|p2b: Garchomp\n|-resisted|p2b: Garchomp|1\n|-damage|p2b: Garchomp|44/100\n|\n|-weather|SunnyDay|[upkeep]\n|upkeep\n|\n|t:|1775992426\n|switch|p2a: Floette|Floette-Mega, L50, F|20/100\n|-ability|p2a: Floette|Fairy Aura\n|turn|5\n|\n|t:|1775992449\n|switch|p1b: Venusaur|Venusaur, L50, M|100/100\n|detailschange|p1a: Golurk|Golurk-Mega, L50, shiny\n|-mega|p1a: Golurk|Golurk|Golurkite\n|move|p2a: Floette|Protect|p2a: Floette\n|-singleturn|p2a: Floette|Protect\n|move|p2b: Garchomp|Earthquake|p1b: Venusaur|[spread] p1a,p1b\n|-activate|p2a: Floette|move: Protect\n|-damage|p1a: Golurk|26/100\n|-damage|p1b: Venusaur|49/100\n|move|p1a: Golurk|Headlong Rush|p2a: Floette\n|-ability|p1a: Golurk|Unseen Fist\n|-zbroken|p2a: Floette\n|-damage|p2a: Floette|0 fnt\n|-unboost|p1a: Golurk|def|1\n|-unboost|p1a: Golurk|spd|1\n|faint|p2a: Floette\n|\n|-weather|none\n|upkeep\n|turn|6\n|inactive|MegaCharizard54 has 30 seconds left.\n|\n|t:|1775992476\n|move|p2b: Garchomp|Earthquake|p1b: Venusaur|[spread] p1a,p1b\n|-damage|p1a: Golurk|0 fnt\n|-damage|p1b: Venusaur|0 fnt\n|faint|p1a: Golurk\n|faint|p1b: Venusaur\n|\n|upkeep\n|\n|t:|1775992482\n|switch|p1b: Torkoal|Torkoal, L50, M|37/100\n|-weather|SunnyDay|[from] ability: Drought|[of] p1b: Torkoal\n|turn|7\n|\n|t:|1775992487\n|move|p2b: Garchomp|Earthquake|p1b: Torkoal\n|-supereffective|p1b: Torkoal|1\n|-damage|p1b: Torkoal|0 fnt\n|faint|p1b: Torkoal\n|\n|win|marco1993\n|raw|MegaCharizard54's rating: 1068 &rarr; <strong>1051</strong><br />(-17 for losing)\n|raw|marco1993's rating: 1123 &rarr; <strong>1144</strong><br />(+21 for winning)\n|l|\u2606MegaCharizard54\n|player|p1|\n",
  "uploadtime": 1775992494,
  "views": 31,
  "formatid": "gen9championsvgc2026regma",
  "rating": 1051,
  "private": 0,
  "password": null
}