{
  "id": "gen9championsvgc2026regma-2583977484",
  "format": "[Gen 9 Champions] VGC 2026 Reg M-A",
  "players": [
    "Sundance_Lid",
    "Xcelvgc"
  ],
  "log": "|j|\u2606Sundance_Lid\n|j|\u2606Xcelvgc\n|t:|1776213550\n|gametype|doubles\n|player|p1|Sundance_Lid|265|1092\n|player|p2|Xcelvgc|266|1112\n|gen|9\n|tier|[Gen 9 Champions] VGC 2026 Reg M-A\n|rated|\n|rule|Species Clause: Limit one of each Pok\u00e9mon\n|rule|Item Clause: Limit 1 of each item\n|clearpoke\n|poke|p1|Froslass, L50, F|\n|poke|p1|Tinkaton, L50, F|\n|poke|p1|Sableye, L50, F|\n|poke|p1|Zoroark-Hisui, L50, M|\n|poke|p1|Tsareena, L50, F|\n|poke|p1|Pangoro, L50, F|\n|poke|p2|Charizard, L50, M|\n|poke|p2|Venusaur, L50, M|\n|poke|p2|Archaludon, L50, F|\n|poke|p2|Sneasler, L50, F|\n|poke|p2|Milotic, L50, F|\n|poke|p2|Whimsicott, L50, M|\n|teampreview|4\n|inactive|Battle timer is ON: inactive players will automatically lose when time's up. (requested by Sundance_Lid)\n|\n|t:|1776213603\n|teamsize|p1|4\n|teamsize|p2|4\n|start\n|switch|p1a: Tinkaton|Tinkaton, L50, F|100/100\n|switch|p1b: Tsareena|Tsareena, L50, F|100/100\n|switch|p2a: Milotic|Milotic, L50, F|100/100\n|switch|p2b: Charizard|Charizard, L50, M|100/100\n|-ability|p1a: Tinkaton|Mold Breaker\n|turn|1\n|\n|t:|1776213617\n|move|p2b: Charizard|Protect|p2b: Charizard\n|-singleturn|p2b: Charizard|Protect\n|move|p2a: Milotic|Protect|p2a: Milotic\n|-singleturn|p2a: Milotic|Protect\n|move|p1a: Tinkaton|Fake Out|p2b: Charizard\n|-activate|p2b: Charizard|move: Protect\n|move|p1b: Tsareena|Hyper Voice|p2a: Milotic|[spread] \n|-activate|p2a: Milotic|move: Protect\n|-activate|p2b: Charizard|move: Protect\n|\n|upkeep\n|turn|2\n|-activate|p1a: Tinkaton|item: Quick Claw\n|\n|t:|1776213642\n|detailschange|p2b: Charizard|Charizard-Mega-X, L50, M\n|-mega|p2b: Charizard|Charizard|Charizardite X\n|move|p1a: Tinkaton|Helping Hand|p1b: Tsareena\n|-singleturn|p1b: Tsareena|Helping Hand|[of] p1a: Tinkaton\n|move|p1b: Tsareena|Hyper Voice|p2b: Charizard|[spread] p2a,p2b\n|-damage|p2a: Milotic|72/100\n|-damage|p2b: Charizard|50/100\n|move|p2b: Charizard|Dragon Claw|p1b: Tsareena\n|-damage|p1b: Tsareena|5/100\n|replace|p1b: Zoroark|Zoroark-Hisui, L50, M\n|-end|p1b: Zoroark|Illusion\n|move|p2a: Milotic|Icy Wind|p1b: Zoroark|[spread] p1a,p1b\n|-resisted|p1a: Tinkaton|1\n|-damage|p1a: Tinkaton|95/100\n|-damage|p1b: Zoroark|0 fnt\n|-unboost|p1a: Tinkaton|spe|1\n|faint|p1b: Zoroark\n|\n|-heal|p2a: Milotic|78/100|[from] item: Leftovers\n|upkeep\n|\n|t:|1776213648\n|switch|p1b: Tsareena|Tsareena, L50, F|100/100\n|turn|3\n|inactive|Xcelvgc has 30 seconds left.\n|inactive|Sundance_Lid has 30 seconds left.\n|\n|t:|1776213683\n|switch|p2a: Archaludon|Archaludon, L50, F|100/100\n|move|p2b: Charizard|Protect|p2b: Charizard\n|-singleturn|p2b: Charizard|Protect\n|move|p1b: Tsareena|Triple Axel|p2b: Charizard\n|-activate|p2b: Charizard|move: Protect\n|move|p1a: Tinkaton|Play Rough|p2b: Charizard\n|-activate|p2b: Charizard|move: Protect\n|\n|upkeep\n|turn|4\n|\n|t:|1776213705\n|switch|p2b: Milotic|Milotic, L50, F|78/100\n|move|p1a: Tinkaton|Helping Hand|p1b: Tsareena\n|-singleturn|p1b: Tsareena|Helping Hand|[of] p1a: Tinkaton\n|move|p2a: Archaludon|Draco Meteor|p1b: Tsareena\n|-damage|p1b: Tsareena|23/100\n|-unboost|p2a: Archaludon|spa|2\n|move|p1b: Tsareena|Triple Axel|p2b: Milotic\n|-resisted|p2b: Milotic|1\n|-damage|p2b: Milotic|73/100\n|-resisted|p2b: Milotic|1\n|-damage|p2b: Milotic|61/100\n|-resisted|p2b: Milotic|1\n|-damage|p2b: Milotic|45/100\n|-hitcount|p2b: Milotic|3\n|\n|-heal|p2b: Milotic|51/100|[from] item: Leftovers\n|upkeep\n|turn|5\n|l|\u2606Sundance_Lid\n|inactive|Sundance_Lid disconnected and has a minute to reconnect!\n|player|p1|\n|inactive|Sundance_Lid has 30 seconds left.\n|inactive|Sundance_Lid has 20 seconds left.\n|inactive|Sundance_Lid has 15 seconds left.\n|inactive|Sundance_Lid has 10 seconds left.\n|inactive|Sundance_Lid has 5 seconds left.\n|-message|Sundance_Lid lost due to inactivity.\n|\n|win|Xcelvgc\n|raw|Sundance_Lid's rating: 1092 &rarr; <strong>1070</strong><br />(-22 for losing)\n|raw|Xcelvgc's rating: 1112 &rarr; <strong>1136</strong><br />(+24 for winning)\n",
  "uploadtime": 1776213767,
  "views": 16,
  "formatid": "gen9championsvgc2026regma",
  "rating": 1070,
  "private": 0,
  "password": null
}