{
  "id": "gen9championsvgc2026regma-2584614173",
  "format": "[Gen 9 Champions] VGC 2026 Reg M-A",
  "players": [
    "PiniTera",
    "WrestlingDemon"
  ],
  "log": "|j|\u2606PiniTera\n|j|\u2606WrestlingDemon\n|t:|1776272193\n|gametype|doubles\n|player|p1|PiniTera|lucas|1176\n|player|p2|WrestlingDemon|hiker-gen4|1133\n|gen|9\n|tier|[Gen 9 Champions] VGC 2026 Reg M-A\n|rated|\n|rule|Species Clause: Limit one of each Pok\u00e9mon\n|rule|Item Clause: Limit 1 of each item\n|clearpoke\n|poke|p1|Clefable, L50, F|\n|poke|p1|Kingambit, L50, M|\n|poke|p1|Sneasler, L50, F|\n|poke|p1|Dragonite, L50, F|\n|poke|p1|Delphox, L50, F|\n|poke|p1|Basculegion, L50, M|\n|poke|p2|Gengar, L50, F|\n|poke|p2|Palafin, L50, F|\n|poke|p2|Hydreigon, L50, F|\n|poke|p2|Clefable, L50, F|\n|poke|p2|Farigiraf, L50, F|\n|poke|p2|Incineroar, L50, F|\n|teampreview|4\n|inactive|Battle timer is ON: inactive players will automatically lose when time's up. (requested by WrestlingDemon)\n|inactive|WrestlingDemon has 60 seconds left.\n|\n|t:|1776272252\n|teamsize|p1|4\n|teamsize|p2|4\n|start\n|switch|p1a: Kingambit|Kingambit, L50, M|100/100\n|switch|p1b: Clefable|Clefable, L50, F|100/100\n|switch|p2a: Palafin|Palafin, L50, F, shiny|100/100\n|switch|p2b: Farigiraf|Farigiraf, L50, F, shiny|100/100\n|turn|1\n|\n|t:|1776272277\n|detailschange|p2a: Palafin|Palafin-Hero, L50, F, shiny\n|switch|p2a: Gengar|Gengar, L50, F, shiny|100/100\n|move|p1b: Clefable|Follow Me|p1b: Clefable\n|-singleturn|p1b: Clefable|move: Follow Me\n|move|p2b: Farigiraf|Psychic|p1b: Clefable\n|-damage|p1b: Clefable|61/100\n|move|p1a: Kingambit|Swords Dance|p1a: Kingambit\n|-boost|p1a: Kingambit|atk|2\n|\n|upkeep\n|turn|2\n|\n|t:|1776272297\n|switch|p1b: Delphox|Delphox, L50, F|100/100\n|detailschange|p2a: Gengar|Gengar-Mega, L50, F, shiny\n|-mega|p2a: Gengar|Gengar|Gengarite\n|move|p2b: Farigiraf|Protect|p2b: Farigiraf\n|-singleturn|p2b: Farigiraf|Protect\n|move|p2a: Gengar|Sludge Bomb|p1b: Delphox\n|-damage|p1b: Delphox|32/100\n|-status|p1b: Delphox|psn\n|move|p1a: Kingambit|Kowtow Cleave|p2b: Farigiraf\n|-activate|p2b: Farigiraf|move: Protect\n|\n|-damage|p1b: Delphox|20/100 psn|[from] psn\n|upkeep\n|turn|3\n|\n|t:|1776272319\n|detailschange|p1b: Delphox|Delphox-Mega, L50, F\n|-mega|p1b: Delphox|Delphox|Delphoxite\n|move|p2a: Gengar|Protect|p2a: Gengar\n|-singleturn|p2a: Gengar|Protect\n|move|p1b: Delphox|Psychic|p2a: Gengar\n|-activate|p2a: Gengar|move: Protect\n|move|p2b: Farigiraf|Hyper Voice|p1a: Kingambit|[spread] p1a,p1b\n|-resisted|p1a: Kingambit|1\n|-damage|p1a: Kingambit|86/100\n|-damage|p1b: Delphox|0 fnt\n|faint|p1b: Delphox\n|move|p1a: Kingambit|Kowtow Cleave|p2b: Farigiraf\n|-supereffective|p2b: Farigiraf|1\n|-damage|p2b: Farigiraf|0 fnt\n|faint|p2b: Farigiraf\n|\n|upkeep\n|\n|t:|1776272335\n|switch|p1b: Sneasler|Sneasler, L50, F|100/100\n|switch|p2b: Incineroar|Incineroar, L50, F, shiny|100/100\n|-ability|p2b: Incineroar|Intimidate|boost\n|-unboost|p1a: Kingambit|atk|1\n|-ability|p1a: Kingambit|Defiant|boost\n|-boost|p1a: Kingambit|atk|2\n|-unboost|p1b: Sneasler|atk|1\n|turn|4\n|\n|t:|1776272347\n|switch|p2a: Palafin|Palafin-Hero, L50, F, shiny|100/100\n|-activate|p2a: Palafin|ability: Zero to Hero\n|move|p1b: Sneasler|Fake Out|p2b: Incineroar\n|-damage|p2b: Incineroar|92/100\n|cant|p2b: Incineroar|flinch\n|move|p1a: Kingambit|Kowtow Cleave|p2b: Incineroar\n|-resisted|p2b: Incineroar|1\n|-damage|p2b: Incineroar|24/100\n|-enditem|p2b: Incineroar|Sitrus Berry|[eat]\n|-heal|p2b: Incineroar|49/100|[from] item: Sitrus Berry\n|\n|upkeep\n|turn|5\n|inactive|PiniTera has 30 seconds left.\n|\n|t:|1776272375\n|switch|p1b: Clefable|Clefable, L50, F|61/100\n|move|p1a: Kingambit|Protect|p1a: Kingambit\n|-singleturn|p1a: Kingambit|Protect\n|move|p2a: Palafin|Wave Crash|p1a: Kingambit\n|-activate|p1a: Kingambit|move: Protect\n|move|p2b: Incineroar|Flare Blitz|p1a: Kingambit\n|-activate|p1a: Kingambit|move: Protect\n|\n|upkeep\n|turn|6\n|inactive|WrestlingDemon has 30 seconds left.\n|\n|t:|1776272409\n|move|p1b: Clefable|Follow Me|p1b: Clefable\n|-singleturn|p1b: Clefable|move: Follow Me\n|move|p2a: Palafin|Jet Punch|p1b: Clefable\n|-damage|p1b: Clefable|27/100\n|-enditem|p1b: Clefable|Sitrus Berry|[eat]\n|-heal|p1b: Clefable|51/100|[from] item: Sitrus Berry\n|move|p2b: Incineroar|Flare Blitz|p1b: Clefable\n|-damage|p1b: Clefable|14/100\n|-damage|p2b: Incineroar|36/100|[from] Recoil\n|move|p1a: Kingambit|Kowtow Cleave|p2a: Palafin\n|-damage|p2a: Palafin|0 fnt\n|faint|p2a: Palafin\n|\n|upkeep\n|\n|t:|1776272418\n|switch|p2a: Gengar|Gengar-Mega, L50, F, shiny|100/100\n|turn|7\n|\n|t:|1776272440\n|move|p1b: Clefable|Protect|p1b: Clefable\n|-singleturn|p1b: Clefable|Protect\n|move|p1a: Kingambit|Sucker Punch|p2b: Incineroar\n|-resisted|p2b: Incineroar|1\n|-damage|p2b: Incineroar|0 fnt\n|faint|p2b: Incineroar\n|move|p2a: Gengar|Sludge Bomb|p1b: Clefable\n|-activate|p1b: Clefable|move: Protect\n|\n|upkeep\n|turn|8\n|-message|WrestlingDemon forfeited.\n|\n|win|PiniTera\n|raw|PiniTera's rating: 1176 &rarr; <strong>1198</strong><br />(+22 for winning)\n|raw|WrestlingDemon's rating: 1133 &rarr; <strong>1111</strong><br />(-22 for losing)\n|l|\u2606WrestlingDemon\n|player|p2|\n",
  "uploadtime": 1776272453,
  "views": 26,
  "formatid": "gen9championsvgc2026regma",
  "rating": 1111,
  "private": 0,
  "password": null
}