{
  "id": "gen9championsvgc2026regma-2582960766",
  "format": "[Gen 9 Champions] VGC 2026 Reg M-A",
  "players": [
    "superboy245",
    "gibsao"
  ],
  "log": "|j|\u2606superboy245\n|j|\u2606gibsao\n|t:|1776128676\n|gametype|doubles\n|player|p1|superboy245|buck|1218\n|player|p2|gibsao|fisherman|1169\n|gen|9\n|tier|[Gen 9 Champions] VGC 2026 Reg M-A\n|rated|\n|rule|Species Clause: Limit one of each Pok\u00e9mon\n|rule|Item Clause: Limit 1 of each item\n|clearpoke\n|poke|p1|Greninja-*, L50, M|\n|poke|p1|Politoed, L50, M|\n|poke|p1|Basculegion, L50, M|\n|poke|p1|Lucario, L50, M|\n|poke|p1|Sinistcha, L50|\n|poke|p1|Toxicroak, L50, M|\n|poke|p2|Delphox, L50, F|\n|poke|p2|Garchomp, L50, M|\n|poke|p2|Incineroar, L50, M|\n|poke|p2|Sneasler, L50, M|\n|poke|p2|Floette-Eternal, L50, F|\n|poke|p2|Sinistcha, L50|\n|teampreview|4\nsuperboy245 rejected open team sheets.\n|inactive|Battle timer is ON: inactive players will automatically lose when time's up. (requested by gibsao)\n|\n|t:|1776128731\n|teamsize|p1|4\n|teamsize|p2|4\n|start\n|switch|p1a: Lucario|Lucario, L50, M|100/100\n|switch|p1b: Basculegion|Basculegion, L50, M|100/100\n|switch|p2a: Floette|Floette-Eternal, L50, F|100/100\n|switch|p2b: Incineroar|Incineroar, L50, M|100/100\n|-ability|p2b: Incineroar|Intimidate|boost\n|-fail|p1a: Lucario|unboost|Attack|[from] ability: Inner Focus|[of] p1a: Lucario\n|-unboost|p1b: Basculegion|atk|1\n|-enditem|p1b: Basculegion|White Herb\n|-clearnegativeboost|p1b: Basculegion|[silent]\n|turn|1\n|inactive|gibsao has 30 seconds left.\n|\n|t:|1776128762\n|switch|p1a: Politoed|Politoed, L50, M|100/100\n|-weather|RainDance|[from] ability: Drizzle|[of] p1a: Politoed\n|switch|p2b: Sinistcha|Sinistcha, L50|100/100\n|detailschange|p2a: Floette|Floette-Mega, L50, F\n|-mega|p2a: Floette|Floette|Floettite\n|-ability|p2a: Floette|Fairy Aura\n|move|p1b: Basculegion|Wave Crash|p2a: Floette\n|-damage|p2a: Floette|7/100\n|-damage|p1b: Basculegion|72/100|[from] Recoil\n|move|p2a: Floette|Calm Mind|p2a: Floette\n|-boost|p2a: Floette|spa|1\n|-boost|p2a: Floette|spd|1\n|\n|-weather|RainDance|[upkeep]\n|upkeep\n|turn|2\n|inactive|superboy245 has 30 seconds left.\n|\n|t:|1776128795\n|move|p2a: Floette|Protect|p2a: Floette\n|-singleturn|p2a: Floette|Protect\n|move|p1b: Basculegion|Flip Turn|p2b: Sinistcha\n|-resisted|p2b: Sinistcha|1\n|-damage|p2b: Sinistcha|82/100\n|\n|t:|1776128805\n|switch|p1b: Sinistcha|Sinistcha, L50|100/100|[from] Flip Turn\n|move|p2b: Sinistcha|Matcha Gotcha|p1a: Politoed|[spread] p1a,p1b\n|-supereffective|p1a: Politoed|1\n|-resisted|p1b: Sinistcha|1\n|-crit|p1b: Sinistcha\n|-damage|p1a: Politoed|66/100\n|-heal|p2b: Sinistcha|100/100|[from] drain|[of] p1a: Politoed\n|-damage|p1b: Sinistcha|79/100\n|-status|p1a: Politoed|brn\n|move|p1a: Politoed|Ice Beam|p2b: Sinistcha\n|-supereffective|p2b: Sinistcha|1\n|-damage|p2b: Sinistcha|63/100\n|\n|-weather|RainDance|[upkeep]\n|-heal|p1b: Sinistcha|85/100|[from] item: Leftovers\n|-damage|p1a: Politoed|60/100 brn|[from] brn\n|upkeep\n|turn|3\n|\n|t:|1776128827\n|move|p2b: Sinistcha|Rage Powder|p2b: Sinistcha\n|-singleturn|p2b: Sinistcha|move: Rage Powder\n|move|p2a: Floette|Draining Kiss|p1b: Sinistcha\n|-damage|p1b: Sinistcha|15/100\n|-heal|p2a: Floette|60/100|[from] drain|[of] p1b: Sinistcha\n|move|p1a: Politoed|Weather Ball|p2b: Sinistcha\n|-resisted|p2b: Sinistcha|1\n|-damage|p2b: Sinistcha|40/100\n|-enditem|p2b: Sinistcha|Sitrus Berry|[eat]\n|-heal|p2b: Sinistcha|65/100|[from] item: Sitrus Berry\n|move|p1b: Sinistcha|Matcha Gotcha|p2b: Sinistcha|[spread] p2a\n|-miss|p1b: Sinistcha|p2b: Sinistcha\n|-damage|p2a: Floette|46/100\n|-heal|p1b: Sinistcha|21/100|[from] drain|[of] p2a: Floette\n|-status|p2a: Floette|brn\n|\n|-weather|RainDance|[upkeep]\n|-heal|p1b: Sinistcha|27/100|[from] item: Leftovers\n|-damage|p2a: Floette|40/100 brn|[from] brn\n|-damage|p1a: Politoed|54/100 brn|[from] brn\n|upkeep\n|turn|4\n|inactive|superboy245 has 30 seconds left.\n|\n|t:|1776128861\n|switch|p2b: Sneasler|Sneasler, L50, M|100/100\n|move|p1a: Politoed|Protect|p1a: Politoed\n|-singleturn|p1a: Politoed|Protect\n|move|p2a: Floette|Draining Kiss|p1a: Politoed\n|-activate|p1a: Politoed|move: Protect\n|move|p1b: Sinistcha|Life Dew|p1b: Sinistcha|[spread] p1a,p1b\n|-heal|p1a: Politoed|79/100 brn\n|-heal|p1b: Sinistcha|53/100\n|\n|-weather|RainDance|[upkeep]\n|-heal|p1b: Sinistcha|59/100|[from] item: Leftovers\n|-damage|p2a: Floette|34/100 brn|[from] brn\n|-damage|p1a: Politoed|73/100 brn|[from] brn\n|upkeep\n|turn|5\n|\n|t:|1776128884\n|switch|p1a: Basculegion|Basculegion, L50, M|72/100\n|move|p2b: Sneasler|Fake Out|p1a: Basculegion\n|-immune|p1a: Basculegion\n|move|p1b: Sinistcha|Rage Powder|p1b: Sinistcha\n|-singleturn|p1b: Sinistcha|move: Rage Powder\n|move|p2a: Floette|Draining Kiss|p1b: Sinistcha\n|-damage|p1b: Sinistcha|0 fnt\n|-heal|p2a: Floette|77/100 brn|[from] drain|[of] p1b: Sinistcha\n|faint|p1b: Sinistcha\n|\n|-weather|none\n|-damage|p2a: Floette|71/100 brn|[from] brn\n|upkeep\n|\n|t:|1776128902\n|switch|p1b: Politoed|Politoed, L50, M|73/100 brn\n|-weather|RainDance|[from] ability: Drizzle|[of] p1b: Politoed\n|turn|6\n|inactive|superboy245 has 30 seconds left.\n|inactive|gibsao has 30 seconds left.\n|inactive|superboy245 has 20 seconds left.\n|\n|t:|1776128943\n|switch|p2b: Incineroar|Incineroar, L50, M|100/100\n|-ability|p2b: Incineroar|Intimidate|boost\n|-unboost|p1a: Basculegion|atk|1\n|-unboost|p1b: Politoed|atk|1\n|move|p2a: Floette|Protect|p2a: Floette\n|-singleturn|p2a: Floette|Protect\n|move|p1a: Basculegion|Wave Crash|p2a: Floette\n|-activate|p2a: Floette|move: Protect\n|move|p1b: Politoed|Weather Ball|p2b: Incineroar\n|-supereffective|p2b: Incineroar|1\n|-damage|p2b: Incineroar|0 fnt\n|faint|p2b: Incineroar\n|\n|-weather|RainDance|[upkeep]\n|-damage|p2a: Floette|65/100 brn|[from] brn\n|-damage|p1b: Politoed|66/100 brn|[from] brn\n|upkeep\n|\n|t:|1776128958\n|switch|p2b: Sinistcha|Sinistcha, L50|65/100\n|-heal|p2a: Floette|90/100 brn|[from] ability: Hospitality|[of] p2b: Sinistcha\n|turn|7\n|\n|t:|1776128975\n|move|p1b: Politoed|Helping Hand|p1a: Basculegion\n|-singleturn|p1a: Basculegion|Helping Hand|[of] p1b: Politoed\n|move|p2b: Sinistcha|Rage Powder|p2b: Sinistcha\n|-singleturn|p2b: Sinistcha|move: Rage Powder\n|move|p1a: Basculegion|Last Respects|p2b: Sinistcha\n|-supereffective|p2b: Sinistcha|1\n|-damage|p2b: Sinistcha|0 fnt\n|faint|p2b: Sinistcha\n|move|p2a: Floette|Dazzling Gleam|p1b: Politoed|[spread] p1a,p1b\n|-crit|p1b: Politoed\n|-damage|p1a: Basculegion|0 fnt\n|-damage|p1b: Politoed|4/100 brn\n|-enditem|p1b: Politoed|Sitrus Berry|[eat]\n|-heal|p1b: Politoed|28/100 brn|[from] item: Sitrus Berry\n|faint|p1a: Basculegion\n|\n|-weather|RainDance|[upkeep]\n|-damage|p2a: Floette|84/100 brn|[from] brn\n|-damage|p1b: Politoed|22/100 brn|[from] brn\n|upkeep\n|\n|t:|1776128990\n|switch|p1a: Lucario|Lucario, L50, M|100/100\n|switch|p2b: Sneasler|Sneasler, L50, M|100/100\n|turn|8\n|\n|t:|1776129001\n|detailschange|p1a: Lucario|Lucario-Mega, L50, M\n|-mega|p1a: Lucario|Lucario|Lucarionite\n|move|p1a: Lucario|Protect|p1a: Lucario\n|-singleturn|p1a: Lucario|Protect\n|move|p1b: Politoed|Protect|p1b: Politoed\n|-singleturn|p1b: Politoed|Protect\n|move|p2b: Sneasler|Fake Out|p1b: Politoed\n|-activate|p1b: Politoed|move: Protect\n|move|p2a: Floette|Dazzling Gleam|p1a: Lucario|[spread] \n|-activate|p1a: Lucario|move: Protect\n|-activate|p1b: Politoed|move: Protect\n|\n|-weather|RainDance|[upkeep]\n|-damage|p2a: Floette|78/100 brn|[from] brn\n|-damage|p1b: Politoed|16/100 brn|[from] brn\n|upkeep\n|turn|9\n|inactive|superboy245 has 30 seconds left.\n|inactive|superboy245 has 20 seconds left.\n|inactive|superboy245 has 15 seconds left.\n|\n|t:|1776129041\n|move|p1b: Politoed|Helping Hand|p1a: Lucario\n|-singleturn|p1a: Lucario|Helping Hand|[of] p1b: Politoed\n|move|p1a: Lucario|Bullet Punch|p2b: Sneasler\n|-damage|p2b: Sneasler|22/100\n|move|p2b: Sneasler|Close Combat|p1a: Lucario\n|-supereffective|p1a: Lucario|1\n|-damage|p1a: Lucario|0 fnt\n|-unboost|p2b: Sneasler|def|1\n|-unboost|p2b: Sneasler|spd|1\n|faint|p1a: Lucario\n|-enditem|p2b: Sneasler|White Herb\n|-clearnegativeboost|p2b: Sneasler|[silent]\n|move|p2a: Floette|Dazzling Gleam|p1b: Politoed\n|-damage|p1b: Politoed|0 fnt\n|faint|p1b: Politoed\n|\n|win|gibsao\n|raw|superboy245's rating: 1218 &rarr; <strong>1189</strong><br />(-29 for losing)\n|raw|gibsao's rating: 1169 &rarr; <strong>1198</strong><br />(+29 for winning)\n|l|\u2606superboy245\n|player|p1|\n|j|\u2606superboy245\n|player|p1|superboy245|buck|\n",
  "uploadtime": 1776129064,
  "views": 15,
  "formatid": "gen9championsvgc2026regma",
  "rating": 1189,
  "private": 0,
  "password": null
}