{
  "id": "gen9championsvgc2026regma-2582108116",
  "format": "[Gen 9 Champions] VGC 2026 Reg M-A",
  "players": [
    "Thinking Charizard",
    "cryforcrys"
  ],
  "log": "|j|\u2606Thinking Charizard\n|j|\u2606cryforcrys\n|t:|1776058897\n|gametype|doubles\n|player|p1|Thinking Charizard|colress|1103\n|player|p2|cryforcrys|caitlin-masters|1080\n|gen|9\n|tier|[Gen 9 Champions] VGC 2026 Reg M-A\n|rated|\n|rule|Species Clause: Limit one of each Pok\u00e9mon\n|rule|Item Clause: Limit 1 of each item\n|clearpoke\n|poke|p1|Charizard, L50, M|\n|poke|p1|Whimsicott, L50, M|\n|poke|p1|Venusaur, L50, F|\n|poke|p1|Garchomp, L50, M|\n|poke|p1|Dragapult, L50, M|\n|poke|p1|Farigiraf, L50, M|\n|poke|p2|Charizard, L50, F|\n|poke|p2|Incineroar, L50, F|\n|poke|p2|Whimsicott, L50, F|\n|poke|p2|Basculegion, L50, M|\n|poke|p2|Farigiraf, L50, F|\n|poke|p2|Torkoal, L50, F|\n|teampreview|4\n|inactive|Battle timer is ON: inactive players will automatically lose when time's up. (requested by cryforcrys)\n|inactive|Thinking Charizard has 60 seconds left.\n|\n|t:|1776058964\n|teamsize|p1|4\n|teamsize|p2|4\n|start\n|switch|p1a: Dragapult|Dragapult, L50, M|100/100\n|switch|p1b: Charizard|Charizard, L50, M|100/100\n|switch|p2a: Charizard|Charizard, L50, F, shiny|100/100\n|switch|p2b: Whimsicott|Whimsicott, L50, F, shiny|100/100\n|turn|1\n|inactive|cryforcrys has 30 seconds left.\n|inactive|cryforcrys has 20 seconds left.\n|inactive|cryforcrys has 15 seconds left.\n|inactive|cryforcrys has 10 seconds left.\n|\n|t:|1776059014\n|detailschange|p1b: Charizard|Charizard-Mega-Y, L50, M\n|-mega|p1b: Charizard|Charizard|Charizardite Y\n|-weather|SunnyDay|[from] ability: Drought|[of] p1b: Charizard\n|detailschange|p2a: Charizard|Charizard-Mega-Y, L50, F, shiny\n|-mega|p2a: Charizard|Charizard|Charizardite Y\n|move|p2b: Whimsicott|Tailwind|p2b: Whimsicott\n|-sidestart|p2: cryforcrys|move: Tailwind\n|move|p2a: Charizard|Weather Ball|p1a: Dragapult\n|-resisted|p1a: Dragapult|1\n|-damage|p1a: Dragapult|39/100\n|move|p1a: Dragapult|Dragon Darts|p2a: Charizard\n|-crit|p2a: Charizard\n|-damage|p2a: Charizard|39/100\n|-anim|p1a: Dragapult|Dragon Darts|p2a: Charizard\n|-damage|p2a: Charizard|0 fnt\n|faint|p2a: Charizard\n|move|p1b: Charizard|Heat Wave|p2b: Whimsicott\n|-supereffective|p2b: Whimsicott|1\n|-enditem|p2b: Whimsicott|Focus Sash\n|-damage|p2b: Whimsicott|1/100\n|-status|p2b: Whimsicott|brn\n|\n|-weather|SunnyDay|[upkeep]\n|-damage|p2b: Whimsicott|0 fnt|[from] brn\n|faint|p2b: Whimsicott\n|upkeep\n|inactive|cryforcrys has 30 seconds left.\n|c|\u2606Thinking Charizard|my b'\n|c|\u2606cryforcrys|Seriously?\n|\n|t:|1776059045\n|switch|p2b: Farigiraf|Farigiraf, L50, F, shiny|100/100\n|switch|p2a: Incineroar|Incineroar, L50, F, shiny|100/100\n|-ability|p2a: Incineroar|Intimidate|boost\n|-fail|p1a: Dragapult|unboost|[from] ability: Clear Body|[of] p1a: Dragapult\n|-unboost|p1b: Charizard|atk|1\n|turn|2\n|\n|t:|1776059068\n|move|p1a: Dragapult|Protect|p1a: Dragapult\n|-singleturn|p1a: Dragapult|Protect\n|move|p1b: Charizard|Protect|p1b: Charizard\n|-singleturn|p1b: Charizard|Protect\n|move|p2a: Incineroar|Fake Out|p1b: Charizard\n|-activate|p1b: Charizard|move: Protect\n|move|p2b: Farigiraf|Trick Room|p2b: Farigiraf\n|-fieldstart|move: Trick Room|[of] p2b: Farigiraf\n|\n|-weather|SunnyDay|[upkeep]\n|upkeep\n|turn|3\n|\n|t:|1776059089\n|move|p2b: Farigiraf|Psychic|p1a: Dragapult\n|-damage|p1a: Dragapult|0 fnt\n|faint|p1a: Dragapult\n|move|p2a: Incineroar|Flare Blitz|p1b: Charizard\n|-resisted|p1b: Charizard|1\n|-damage|p1b: Charizard|52/100\n|-damage|p2a: Incineroar|89/100|[from] Recoil\n|move|p1b: Charizard|Weather Ball|p2b: Farigiraf\n|-damage|p2b: Farigiraf|20/100\n|\n|-weather|SunnyDay|[upkeep]\n|upkeep\n|\n|t:|1776059103\n|switch|p1a: Garchomp|Garchomp, L50, M|100/100\n|turn|4\n|\n|t:|1776059114\n|move|p2b: Farigiraf|Protect|p2b: Farigiraf\n|-singleturn|p2b: Farigiraf|Protect\n|move|p2a: Incineroar|Flare Blitz|p1a: Garchomp\n|-resisted|p1a: Garchomp|1\n|-damage|p1a: Garchomp|61/100\n|-status|p1a: Garchomp|brn\n|-damage|p2a: Incineroar|76/100|[from] ability: Rough Skin|[of] p1a: Garchomp\n|-damage|p2a: Incineroar|64/100|[from] Recoil\n|move|p1b: Charizard|Weather Ball|p2b: Farigiraf\n|-activate|p2b: Farigiraf|move: Protect\n|move|p1a: Garchomp|Stomping Tantrum|p2a: Incineroar\n|-supereffective|p2a: Incineroar|1\n|-damage|p2a: Incineroar|22/100\n|-enditem|p2a: Incineroar|Sitrus Berry|[eat]\n|-heal|p2a: Incineroar|47/100|[from] item: Sitrus Berry\n|\n|-weather|SunnyDay|[upkeep]\n|-damage|p1a: Garchomp|55/100 brn|[from] brn\n|-sideend|p2: cryforcrys|move: Tailwind\n|upkeep\n|turn|5\n|inactive|cryforcrys has 30 seconds left.\n|inactive|Thinking Charizard has 30 seconds left.\n|\n|t:|1776059151\n|move|p2b: Farigiraf|Psychic|p1b: Charizard\n|-crit|p1b: Charizard\n|-damage|p1b: Charizard|2/100\n|move|p2a: Incineroar|Flare Blitz|p1b: Charizard\n|-resisted|p1b: Charizard|1\n|-damage|p1b: Charizard|0 fnt\n|faint|p1b: Charizard\n|-damage|p2a: Incineroar|47/100|[from] Recoil\n|move|p1a: Garchomp|Stomping Tantrum|p2a: Incineroar\n|-supereffective|p2a: Incineroar|1\n|-damage|p2a: Incineroar|6/100\n|\n|-weather|none\n|-damage|p1a: Garchomp|49/100 brn|[from] brn\n|upkeep\n|\n|t:|1776059163\n|switch|p1b: Whimsicott|Whimsicott, L50, M|100/100\n|turn|6\n|\n|t:|1776059182\n|move|p2b: Farigiraf|Psychic|p1a: Garchomp\n|-damage|p1a: Garchomp|11/100 brn\n|move|p2a: Incineroar|Flare Blitz|p1b: Whimsicott\n|-supereffective|p1b: Whimsicott|1\n|-damage|p1b: Whimsicott|0 fnt\n|faint|p1b: Whimsicott\n|-damage|p2a: Incineroar|0 fnt|[from] Recoil\n|faint|p2a: Incineroar\n|move|p1a: Garchomp|Stomping Tantrum|p2b: Farigiraf\n|-damage|p2b: Farigiraf|1/100\n|\n|-damage|p1a: Garchomp|5/100 brn|[from] brn\n|-fieldend|move: Trick Room\n|upkeep\n|turn|7\n|\n|t:|1776059197\n|move|p2b: Farigiraf|Protect|p2b: Farigiraf\n|-singleturn|p2b: Farigiraf|Protect\n|move|p1a: Garchomp|Dragon Claw|p2b: Farigiraf\n|-activate|p2b: Farigiraf|move: Protect\n|\n|-damage|p1a: Garchomp|0 fnt|[from] brn\n|faint|p1a: Garchomp\n|\n|win|cryforcrys\n|raw|Thinking Charizard's rating: 1103 &rarr; <strong>1076</strong><br />(-27 for losing)\n|raw|cryforcrys's rating: 1080 &rarr; <strong>1110</strong><br />(+30 for winning)\n|c|\u2606Thinking Charizard|gg\n|c|\u2606cryforcrys|Ggs\n|c|\u2606cryforcrys|Damb\n|l|\u2606Thinking Charizard\n|player|p1|\n",
  "uploadtime": 1776059216,
  "views": 23,
  "formatid": "gen9championsvgc2026regma",
  "rating": 1076,
  "private": 0,
  "password": null
}