{
  "id": "gen9championsvgc2026regma-2581312539",
  "format": "[Gen 9 Champions] VGC 2026 Reg M-A",
  "players": [
    "tulivgc",
    "fusesrt"
  ],
  "log": "|j|\u2606tulivgc\n|j|\u2606fusesrt\n|t:|1775985131\n|gametype|doubles\n|player|p1|tulivgc|169|1275\n|player|p2|fusesrt|266|1293\n|gen|9\n|tier|[Gen 9 Champions] VGC 2026 Reg M-A\n|rated|\n|rule|Species Clause: Limit one of each Pok\u00e9mon\n|rule|Item Clause: Limit 1 of each item\n|clearpoke\n|poke|p1|Camerupt, L50, M|\n|poke|p1|Farigiraf, L50, M|\n|poke|p1|Sneasler, L50, F|\n|poke|p1|Incineroar, L50, F|\n|poke|p1|Rotom-Wash, L50|\n|poke|p1|Dragapult, L50, M|\n|poke|p2|Kingambit, L50, M|\n|poke|p2|Froslass, L50, F|\n|poke|p2|Glimmora, L50, M|\n|poke|p2|Sinistcha-Masterpiece, L50|\n|poke|p2|Garchomp, L50, M|\n|poke|p2|Rotom-Frost, L50|\n|teampreview|4\n|inactive|Battle timer is ON: inactive players will automatically lose when time's up. (requested by tulivgc)\n|inactive|tulivgc has 60 seconds left.\n|\n|t:|1775985169\n|teamsize|p1|4\n|teamsize|p2|4\n|start\n|switch|p1a: Incineroar|Incineroar, L50, F|100/100\n|switch|p1b: Farigiraf|Farigiraf, L50, M|100/100\n|switch|p2a: Garchomp|Garchomp, L50, M|100/100\n|switch|p2b: Sinistcha|Sinistcha-Masterpiece, L50|100/100\n|-ability|p1a: Incineroar|Intimidate|boost\n|-unboost|p2a: Garchomp|atk|1\n|-unboost|p2b: Sinistcha|atk|1\n|turn|1\n|\n|t:|1775985177\n|move|p2a: Garchomp|Earthquake|p1b: Farigiraf|[spread] p2b,p1a,p1b\n|-resisted|p2b: Sinistcha|1\n|-supereffective|p1a: Incineroar|1\n|-damage|p2b: Sinistcha|92/100\n|-damage|p1a: Incineroar|61/100\n|-damage|p1b: Farigiraf|81/100\n|move|p2b: Sinistcha|Imprison|p2b: Sinistcha\n|-start|p2b: Sinistcha|move: Imprison\n|move|p1a: Incineroar|Flare Blitz|p2b: Sinistcha\n|-supereffective|p2b: Sinistcha|1\n|-damage|p2b: Sinistcha|11/100\n|-damage|p1a: Incineroar|37/100|[from] Recoil\n|-enditem|p1a: Incineroar|Sitrus Berry|[eat]\n|-heal|p1a: Incineroar|62/100|[from] item: Sitrus Berry\n|cant|p1b: Farigiraf|move: Imprison|Trick Room\n|\n|upkeep\n|turn|2\n|inactive|tulivgc has 30 seconds left.\n|inactive|tulivgc has 20 seconds left.\n|\n|t:|1775985212\n|switch|p2b: Rotom|Rotom-Frost, L50|100/100\n|move|p1b: Farigiraf|Protect|p1b: Farigiraf\n|-singleturn|p1b: Farigiraf|Protect\n|move|p2a: Garchomp|Earthquake|p1b: Farigiraf|[spread] p1a\n|-activate|p1b: Farigiraf|move: Protect\n|-immune|p2b: Rotom|[from] ability: Levitate\n|-supereffective|p1a: Incineroar|1\n|-damage|p1a: Incineroar|25/100\n|move|p1a: Incineroar|Flare Blitz|p2b: Rotom\n|-supereffective|p2b: Rotom|1\n|-damage|p2b: Rotom|0 fnt\n|faint|p2b: Rotom\n|-damage|p1a: Incineroar|4/100|[from] Recoil\n|\n|upkeep\n|j| gE1xjZRtuhW2DdT0AK\n|\n|t:|1775985229\n|switch|p2b: Sinistcha|Sinistcha-Masterpiece, L50|11/100\n|turn|3\n|\n|t:|1775985241\n|switch|p2b: Froslass|Froslass, L50, F|100/100\n|move|p2a: Garchomp|Earthquake|p1b: Farigiraf|[spread] p2b,p1a,p1b\n|-supereffective|p1a: Incineroar|1\n|-damage|p2b: Froslass|66/100\n|-damage|p1a: Incineroar|0 fnt\n|-damage|p1b: Farigiraf|62/100\n|-start|p2a: Garchomp|Disable|Earthquake|[from] ability: Cursed Body|[of] p2b: Froslass\n|faint|p1a: Incineroar\n|move|p1b: Farigiraf|Hyper Voice|p2a: Garchomp|[spread] p2a\n|-immune|p2b: Froslass\n|-damage|p2a: Garchomp|72/100\n|\n|-heal|p2a: Garchomp|78/100|[from] item: Leftovers\n|upkeep\n|\n|t:|1775985255\n|switch|p1a: Camerupt|Camerupt, L50, M|100/100\n|turn|4\n|\n|t:|1775985261\n|detailschange|p1a: Camerupt|Camerupt-Mega, L50, M\n|-mega|p1a: Camerupt|Camerupt|Cameruptite\n|move|p2b: Froslass|Protect|p2b: Froslass\n|-singleturn|p2b: Froslass|Protect\n|move|p2a: Garchomp|Rock Slide|p1a: Camerupt|[spread] p1b\n|-miss|p2a: Garchomp|p1a: Camerupt\n|-damage|p1b: Farigiraf|52/100\n|move|p1a: Camerupt|Eruption|p2a: Garchomp|[spread] p2a\n|-activate|p2b: Froslass|move: Protect\n|-resisted|p2a: Garchomp|1\n|-damage|p2a: Garchomp|48/100\n|cant|p1b: Farigiraf|flinch\n|\n|-heal|p2a: Garchomp|54/100|[from] item: Leftovers\n|upkeep\n|turn|5\n|\n|t:|1775985278\n|detailschange|p2b: Froslass|Froslass-Mega, L50, F\n|-mega|p2b: Froslass|Froslass|Froslassite\n|-weather|Snowscape|[from] ability: Snow Warning|[of] p2b: Froslass\n|move|p2b: Froslass|Blizzard|p1a: Camerupt|[spread] p1a,p1b\n|-damage|p1a: Camerupt|60/100\n|-damage|p1b: Farigiraf|8/100\n|move|p2a: Garchomp|Iron Head|p1b: Farigiraf\n|-damage|p1b: Farigiraf|0 fnt\n|faint|p1b: Farigiraf\n|move|p1a: Camerupt|Heat Wave|p2a: Garchomp|[spread] p2a,p2b\n|-resisted|p2a: Garchomp|1\n|-crit|p2a: Garchomp\n|-supereffective|p2b: Froslass|1\n|-damage|p2a: Garchomp|14/100\n|-damage|p2b: Froslass|0 fnt\n|faint|p2b: Froslass\n|\n|-weather|Snowscape|[upkeep]\n|-heal|p2a: Garchomp|20/100|[from] item: Leftovers\n|upkeep\n|\n|t:|1775985287\n|switch|p2b: Sinistcha|Sinistcha-Masterpiece, L50|11/100\n|switch|p1b: Sneasler|Sneasler, L50, F|100/100\n|-heal|p2a: Garchomp|45/100|[from] ability: Hospitality|[of] p2b: Sinistcha\n|turn|6\n|\n|t:|1775985300\n|move|p1b: Sneasler|Fake Out|p2a: Garchomp\n|-damage|p2a: Garchomp|32/100\n|-damage|p1b: Sneasler|88/100|[from] ability: Rough Skin|[of] p2a: Garchomp\n|move|p2b: Sinistcha|Rage Powder|p2b: Sinistcha\n|-singleturn|p2b: Sinistcha|move: Rage Powder\n|cant|p2a: Garchomp|flinch\n|move|p1a: Camerupt|Heat Wave|p2a: Garchomp|[spread] p2b\n|-miss|p1a: Camerupt|p2a: Garchomp\n|-supereffective|p2b: Sinistcha|1\n|-damage|p2b: Sinistcha|0 fnt\n|faint|p2b: Sinistcha\n|\n|-weather|Snowscape|[upkeep]\n|-heal|p2a: Garchomp|38/100|[from] item: Leftovers\n|-end|p2a: Garchomp|Disable\n|upkeep\n|turn|7\n|\n|t:|1775985311\n|move|p1b: Sneasler|Close Combat|p2a: Garchomp\n|-damage|p2a: Garchomp|0 fnt\n|-unboost|p1b: Sneasler|def|1\n|-unboost|p1b: Sneasler|spd|1\n|-damage|p1b: Sneasler|76/100|[from] ability: Rough Skin|[of] p2a: Garchomp\n|faint|p2a: Garchomp\n|\n|win|tulivgc\n|raw|tulivgc's rating: 1275 &rarr; <strong>1301</strong><br />(+26 for winning)\n|raw|fusesrt's rating: 1293 &rarr; <strong>1267</strong><br />(-26 for losing)\n|l|\u2606fusesrt\n|player|p2|\n|l|\u2606tulivgc\n|player|p1|\n",
  "uploadtime": 1775985375,
  "views": 23,
  "formatid": "gen9championsvgc2026regma",
  "rating": 1267,
  "private": 0,
  "password": null
}