{
  "id": "gen9championsvgc2026regma-2582847811",
  "format": "[Gen 9 Champions] VGC 2026 Reg M-A",
  "players": [
    "weighosting",
    "Leorhydan"
  ],
  "log": "|j|\u2606weighosting\n|j|\u2606Leorhydan\n|t:|1776118804\n|gametype|doubles\n|player|p1|weighosting|wallace|1126\n|player|p2|Leorhydan|170|1124\n|gen|9\n|tier|[Gen 9 Champions] VGC 2026 Reg M-A\n|rated|\n|rule|Species Clause: Limit one of each Pok\u00e9mon\n|rule|Item Clause: Limit 1 of each item\n|clearpoke\n|poke|p1|Garchomp, L50, F|\n|poke|p1|Charizard, L50, M|\n|poke|p1|Incineroar, L50, M|\n|poke|p1|Venusaur, L50, F|\n|poke|p1|Rotom-Wash, L50|\n|poke|p1|Corviknight, L50, F|\n|poke|p2|Ampharos, L50, M|\n|poke|p2|Farigiraf, L50, M|\n|poke|p2|Aegislash, L50, M|\n|poke|p2|Sneasler, L50, M|\n|poke|p2|Pelipper, L50, M|\n|poke|p2|Incineroar, L50, M|\n|teampreview|4\n|inactive|Battle timer is ON: inactive players will automatically lose when time's up. (requested by weighosting)\n|\n|t:|1776118830\n|teamsize|p1|4\n|teamsize|p2|4\n|start\n|switch|p1a: Charizard|Charizard, L50, M|100/100\n|switch|p1b: Venusaur|Venusaur, L50, F|100/100\n|switch|p2a: Incineroar|Incineroar, L50, M|100/100\n|switch|p2b: Sneasler|Sneasler, L50, M|100/100\n|-ability|p2a: Incineroar|Intimidate|boost\n|-unboost|p1a: Charizard|atk|1\n|-unboost|p1b: Venusaur|atk|1\n|turn|1\n|\n|t:|1776118849\n|move|p1a: Charizard|Protect|p1a: Charizard\n|-singleturn|p1a: Charizard|Protect\n|move|p1b: Venusaur|Protect|p1b: Venusaur\n|-singleturn|p1b: Venusaur|Protect\n|move|p2b: Sneasler|Fake Out|p1b: Venusaur\n|-activate|p1b: Venusaur|move: Protect\n|move|p2a: Incineroar|Parting Shot|p1a: Charizard\n|-activate|p1a: Charizard|move: Protect\n|\n|upkeep\n|turn|2\n|\n|t:|1776118866\n|switch|p1a: Incineroar|Incineroar, L50, M|100/100\n|-ability|p1a: Incineroar|Intimidate|boost\n|-unboost|p2a: Incineroar|atk|1\n|-unboost|p2b: Sneasler|atk|1\n|-enditem|p2b: Sneasler|White Herb\n|-clearnegativeboost|p2b: Sneasler|[silent]\n|move|p2b: Sneasler|Protect|p2b: Sneasler\n|-singleturn|p2b: Sneasler|Protect\n|move|p1b: Venusaur|Sleep Powder|p2b: Sneasler\n|-activate|p2b: Sneasler|move: Protect\n|move|p2a: Incineroar|Parting Shot|p1a: Incineroar\n|-unboost|p1a: Incineroar|atk|1\n|-unboost|p1a: Incineroar|spa|1\n|\n|t:|1776118881\n|switch|p2a: Pelipper|Pelipper, L50, M|100/100|[from] Parting Shot\n|-weather|RainDance|[from] ability: Drizzle|[of] p2a: Pelipper\n|\n|-weather|RainDance|[upkeep]\n|upkeep\n|turn|3\n|\n|t:|1776118899\n|move|p2a: Pelipper|Protect|p2a: Pelipper\n|-singleturn|p2a: Pelipper|Protect\n|move|p2b: Sneasler|Dire Claw|p1a: Incineroar\n|-damage|p1a: Incineroar|55/100\n|-status|p1a: Incineroar|psn\n|move|p1b: Venusaur|Sleep Powder|p2a: Pelipper\n|-activate|p2a: Pelipper|move: Protect\n|move|p1a: Incineroar|Parting Shot|p2b: Sneasler\n|-unboost|p2b: Sneasler|atk|1\n|-unboost|p2b: Sneasler|spa|1\n|\n|t:|1776118907\n|switch|p1a: Charizard|Charizard, L50, M|100/100|[from] Parting Shot\n|\n|-weather|RainDance|[upkeep]\n|upkeep\n|turn|4\n|inactive|Leorhydan has 30 seconds left.\n|inactive|Leorhydan has 20 seconds left.\n|inactive|Leorhydan has 15 seconds left.\n|\n|t:|1776118947\n|switch|p2b: Incineroar|Incineroar, L50, M|100/100\n|-ability|p2b: Incineroar|Intimidate|boost\n|-unboost|p1a: Charizard|atk|1\n|-unboost|p1b: Venusaur|atk|1\n|detailschange|p1a: Charizard|Charizard-Mega-Y, L50, M\n|-mega|p1a: Charizard|Charizard|Charizardite Y\n|-weather|SunnyDay|[from] ability: Drought|[of] p1a: Charizard\n|move|p1b: Venusaur|Sludge Bomb|p2a: Pelipper\n|-damage|p2a: Pelipper|45/100\n|move|p1a: Charizard|Heat Wave|p2a: Pelipper|[spread] p2a,p2b\n|-resisted|p2a: Pelipper|1\n|-resisted|p2b: Incineroar|1\n|-damage|p2a: Pelipper|4/100\n|-damage|p2b: Incineroar|77/100\n|move|p2a: Pelipper|Weather Ball|p1b: Venusaur\n|-supereffective|p1b: Venusaur|1\n|-enditem|p1b: Venusaur|Focus Sash\n|-damage|p1b: Venusaur|1/100\n|\n|-weather|SunnyDay|[upkeep]\n|-heal|p2b: Incineroar|83/100|[from] item: Leftovers\n|upkeep\n|turn|5\n|inactive|weighosting has 30 seconds left.\n|inactive|Leorhydan has 30 seconds left.\n|inactive|weighosting has 20 seconds left.\n|\n|t:|1776118982\n|move|p1b: Venusaur|Protect|p1b: Venusaur\n|-singleturn|p1b: Venusaur|Protect\n|move|p2a: Pelipper|Protect|p2a: Pelipper\n|-singleturn|p2a: Pelipper|Protect\n|move|p1a: Charizard|Heat Wave|p2a: Pelipper|[spread] p2b\n|-activate|p2a: Pelipper|move: Protect\n|-resisted|p2b: Incineroar|1\n|-crit|p2b: Incineroar\n|-damage|p2b: Incineroar|49/100\n|move|p2b: Incineroar|Parting Shot|p1a: Charizard\n|-unboost|p1a: Charizard|atk|1\n|-unboost|p1a: Charizard|spa|1\n|\n|t:|1776118996\n|switch|p2b: Sneasler|Sneasler, L50, M|100/100|[from] Parting Shot\n|\n|-weather|SunnyDay|[upkeep]\n|upkeep\n|turn|6\n|\n|t:|1776119008\n|switch|p1b: Incineroar|Incineroar, L50, M|55/100 psn\n|-ability|p1b: Incineroar|Intimidate|boost\n|-unboost|p2a: Pelipper|atk|1\n|-unboost|p2b: Sneasler|atk|1\n|move|p2a: Pelipper|Wide Guard|p2a: Pelipper\n|-singleturn|p2a: Pelipper|Wide Guard\n|move|p2b: Sneasler|Dire Claw|p1b: Incineroar\n|-damage|p1b: Incineroar|26/100 psn\n|move|p1a: Charizard|Heat Wave|p2b: Sneasler|[spread] \n|-activate|p2a: Pelipper|move: Wide Guard\n|-activate|p2b: Sneasler|move: Wide Guard\n|\n|-weather|SunnyDay|[upkeep]\n|-damage|p1b: Incineroar|14/100 psn|[from] psn\n|upkeep\n|turn|7\n|inactive|Leorhydan has 30 seconds left.\n|\n|t:|1776119034\n|switch|p2a: Incineroar|Incineroar, L50, M|49/100\n|-ability|p2a: Incineroar|Intimidate|boost\n|-unboost|p1a: Charizard|atk|1\n|-unboost|p1b: Incineroar|atk|1\n|move|p2b: Sneasler|Protect|p2b: Sneasler\n|-singleturn|p2b: Sneasler|Protect\n|move|p1b: Incineroar|Fake Out|p2a: Incineroar\n|-damage|p2a: Incineroar|44/100\n|move|p1a: Charizard|Weather Ball|p2b: Sneasler\n|-activate|p2b: Sneasler|move: Protect\n|\n|-weather|SunnyDay|[upkeep]\n|-heal|p2a: Incineroar|50/100|[from] item: Leftovers\n|-damage|p1b: Incineroar|1/100 psn|[from] psn\n|upkeep\n|turn|8\n|\n|t:|1776119057\n|move|p1a: Charizard|Protect|p1a: Charizard\n|-singleturn|p1a: Charizard|Protect\n|move|p2a: Incineroar|Fake Out|p1b: Incineroar\n|-damage|p1b: Incineroar|0 fnt\n|faint|p1b: Incineroar\n|move|p2b: Sneasler|Dire Claw|p1a: Charizard\n|-activate|p1a: Charizard|move: Protect\n|\n|-weather|none\n|-heal|p2a: Incineroar|55/100|[from] item: Leftovers\n|upkeep\n|\n|t:|1776119071\n|switch|p1b: Garchomp|Garchomp, L50, F|100/100\n|turn|9\n|inactive|Leorhydan has 30 seconds left.\n|\n|t:|1776119105\n|switch|p2b: Pelipper|Pelipper, L50, M|4/100\n|-weather|RainDance|[from] ability: Drizzle|[of] p2b: Pelipper\n|move|p1b: Garchomp|Earthquake|p2b: Pelipper|[spread] p2a\n|-immune|p1a: Charizard\n|-immune|p2b: Pelipper\n|-supereffective|p2a: Incineroar|1\n|-crit|p2a: Incineroar\n|-damage|p2a: Incineroar|0 fnt\n|faint|p2a: Incineroar\n|move|p1a: Charizard|Heat Wave|p2b: Pelipper\n|-resisted|p2b: Pelipper|1\n|-damage|p2b: Pelipper|0 fnt\n|faint|p2b: Pelipper\n|\n|-weather|RainDance|[upkeep]\n|upkeep\n|\n|t:|1776119117\n|switch|p2a: Ampharos|Ampharos, L50, M|100/100\n|switch|p2b: Sneasler|Sneasler, L50, M|100/100\n|turn|10\n|\n|t:|1776119135\n|switch|p1a: Venusaur|Venusaur, L50, F|1/100\n|detailschange|p2a: Ampharos|Ampharos-Mega, L50, M\n|-mega|p2a: Ampharos|Ampharos|Ampharosite\n|-ability|p2a: Ampharos|Mold Breaker\n|move|p2b: Sneasler|Fake Out|p1b: Garchomp\n|-damage|p1b: Garchomp|84/100\n|-damage|p2b: Sneasler|88/100|[from] ability: Rough Skin|[of] p1b: Garchomp\n|cant|p1b: Garchomp|flinch\n|move|p2a: Ampharos|Cotton Guard|p2a: Ampharos\n|-boost|p2a: Ampharos|def|3\n|\n|-weather|RainDance|[upkeep]\n|upkeep\n|turn|11\n|\n|t:|1776119150\n|move|p1b: Garchomp|Earthquake|p2a: Ampharos|[spread] p1a,p2a,p2b\n|-supereffective|p2a: Ampharos|1\n|-supereffective|p2b: Sneasler|1\n|-damage|p1a: Venusaur|0 fnt\n|-damage|p2a: Ampharos|67/100\n|-damage|p2b: Sneasler|0 fnt\n|faint|p1a: Venusaur\n|faint|p2b: Sneasler\n|move|p2a: Ampharos|Dazzling Gleam|p1b: Garchomp\n|-supereffective|p1b: Garchomp|1\n|-damage|p1b: Garchomp|5/100\n|\n|-weather|RainDance|[upkeep]\n|upkeep\n|\n|t:|1776119156\n|switch|p1a: Charizard|Charizard-Mega-Y, L50, M|100/100\n|-weather|SunnyDay|[from] ability: Drought|[of] p1a: Charizard\n|turn|12\n|\n|t:|1776119159\n|move|p1b: Garchomp|Earthquake|p2a: Ampharos|[spread] p2a\n|-immune|p1a: Charizard\n|-supereffective|p2a: Ampharos|1\n|-damage|p2a: Ampharos|39/100\n|move|p1a: Charizard|Weather Ball|p2a: Ampharos\n|-resisted|p2a: Ampharos|1\n|-damage|p2a: Ampharos|3/100\n|move|p2a: Ampharos|Parabolic Charge|p1b: Garchomp|[spread] p1a\n|-immune|p1b: Garchomp\n|-supereffective|p1a: Charizard|1\n|-damage|p1a: Charizard|45/100\n|-heal|p2a: Ampharos|33/100|[from] drain|[of] p1a: Charizard\n|\n|-weather|SunnyDay|[upkeep]\n|upkeep\n|turn|13\n|\n|t:|1776119172\n|move|p1b: Garchomp|Earthquake|p2a: Ampharos|[spread] p2a\n|-immune|p1a: Charizard\n|-supereffective|p2a: Ampharos|1\n|-damage|p2a: Ampharos|0 fnt\n|faint|p2a: Ampharos\n|\n|win|weighosting\n|raw|weighosting's rating: 1126 &rarr; <strong>1151</strong><br />(+25 for winning)\n|raw|Leorhydan's rating: 1124 &rarr; <strong>1099</strong><br />(-25 for losing)\n",
  "uploadtime": 1776119179,
  "views": 13,
  "formatid": "gen9championsvgc2026regma",
  "rating": 1099,
  "private": 0,
  "password": null
}