{
  "id": "gen9championsvgc2026regma-2581298935",
  "format": "[Gen 9 Champions] VGC 2026 Reg M-A",
  "players": [
    "dasabe\u76d6\u6b27\u5361\u4fa0",
    "f1ish"
  ],
  "log": "|badge|p2|bronze|gen9randombattle|100-9\n|uhtml|medal-msg|<div class=\"broadcast-blue\">Curious what those medals under the avatar are? PS now has Ladder Seasons! For more information, check out the <a href=\"https://www.smogon.com/forums/threads/3740067/\">thread on Smogon.</a></div>\n|j|\u2606dasabe\u76d6\u6b27\u5361\u4fa0\n|j|\u203df1ish\n|t:|1775983246\n|gametype|doubles\n|player|p1|dasabe\u76d6\u6b27\u5361\u4fa0|may-masters4|1277\n|player|p2|f1ish|266|1382\n|gen|9\n|tier|[Gen 9 Champions] VGC 2026 Reg M-A\n|rated|\n|rule|Species Clause: Limit one of each Pok\u00e9mon\n|rule|Item Clause: Limit 1 of each item\n|clearpoke\n|poke|p1|Gengar, L50, M|\n|poke|p1|Incineroar, L50, M|\n|poke|p1|Whimsicott, L50, F|\n|poke|p1|Garchomp, L50, F|\n|poke|p1|Sneasler, L50, F|\n|poke|p1|Primarina, L50, F|\n|poke|p2|Politoed, L50, F|\n|poke|p2|Archaludon, L50, F|\n|poke|p2|Basculegion, L50, M|\n|poke|p2|Incineroar, L50, F|\n|poke|p2|Sinistcha, L50|\n|poke|p2|Gengar, L50, M|\n|teampreview|4\n|inactive|Battle timer is ON: inactive players will automatically lose when time's up. (requested by f1ish)\n|j| gE1xjZRtuhW2DdT0AK\n|inactive|dasabe\u76d6\u6b27\u5361\u4fa0 has 60 seconds left.\n|inactive|f1ish has 60 seconds left.\n|\n|t:|1775983286\n|teamsize|p1|4\n|teamsize|p2|4\n|start\n|switch|p1a: \u5996\u820d\u7cbe\u5566|Whimsicott, L50, F, shiny|100/100\n|switch|p1b: \u9b3c\u5934|Gengar, L50, M, shiny|100/100\n|switch|p2a: Gengar|Gengar, L50, M|100/100\n|switch|p2b: Incineroar|Incineroar, L50, F|100/100\n|-ability|p2b: Incineroar|Intimidate|boost\n|-unboost|p1a: \u5996\u820d\u7cbe\u5566|atk|1\n|-unboost|p1b: \u9b3c\u5934|atk|1\n|turn|1\n|\n|t:|1775983302\n|detailschange|p2a: Gengar|Gengar-Mega, L50, M\n|-mega|p2a: Gengar|Gengar|Gengarite\n|detailschange|p1b: \u9b3c\u5934|Gengar-Mega, L50, M, shiny\n|-mega|p1b: \u9b3c\u5934|Gengar|Gengarite\n|move|p2a: Gengar|Protect|p2a: Gengar\n|-singleturn|p2a: Gengar|Protect\n|move|p1b: \u9b3c\u5934|Protect|p1b: \u9b3c\u5934\n|-singleturn|p1b: \u9b3c\u5934|Protect\n|move|p1a: \u5996\u820d\u7cbe\u5566|Tailwind|p1a: \u5996\u820d\u7cbe\u5566\n|-sidestart|p1: dasabe\u76d6\u6b27\u5361\u4fa0|move: Tailwind\n|move|p2b: Incineroar|Snarl|p1a: \u5996\u820d\u7cbe\u5566|[spread] p1a\n|-activate|p1b: \u9b3c\u5934|move: Protect\n|-resisted|p1a: \u5996\u820d\u7cbe\u5566|1\n|-damage|p1a: \u5996\u820d\u7cbe\u5566|92/100\n|-unboost|p1a: \u5996\u820d\u7cbe\u5566|spa|1\n|\n|upkeep\n|turn|2\n|\n|t:|1775983323\n|switch|p2a: Politoed|Politoed, L50, F|100/100\n|-weather|RainDance|[from] ability: Drizzle|[of] p2a: Politoed\n|move|p1a: \u5996\u820d\u7cbe\u5566|Fake Tears|p2a: Politoed\n|-unboost|p2a: Politoed|spd|2\n|move|p1b: \u9b3c\u5934|Shadow Ball|p2a: Politoed\n|-damage|p2a: Politoed|37/100\n|move|p2b: Incineroar|Snarl|p1b: \u9b3c\u5934|[spread] p1a,p1b\n|-resisted|p1a: \u5996\u820d\u7cbe\u5566|1\n|-supereffective|p1b: \u9b3c\u5934|1\n|-damage|p1a: \u5996\u820d\u7cbe\u5566|82/100\n|-damage|p1b: \u9b3c\u5934|74/100\n|-unboost|p1a: \u5996\u820d\u7cbe\u5566|spa|1\n|-unboost|p1b: \u9b3c\u5934|spa|1\n|\n|-weather|RainDance|[upkeep]\n|-heal|p2a: Politoed|43/100|[from] item: Leftovers\n|upkeep\n|turn|3\n|\n|t:|1775983342\n|switch|p1a: \u9ca8\u821e\u52b2|Garchomp, L50, F, shiny|100/100\n|move|p1b: \u9b3c\u5934|Protect|p1b: \u9b3c\u5934\n|-singleturn|p1b: \u9b3c\u5934|Protect\n|move|p2a: Politoed|Protect|p2a: Politoed\n|-singleturn|p2a: Politoed|Protect\n|move|p2b: Incineroar|Snarl|p1b: \u9b3c\u5934|[spread] p1a\n|-activate|p1b: \u9b3c\u5934|move: Protect\n|-damage|p1a: \u9ca8\u821e\u52b2|88/100\n|-unboost|p1a: \u9ca8\u821e\u52b2|spa|1\n|\n|-weather|RainDance|[upkeep]\n|-heal|p2a: Politoed|49/100|[from] item: Leftovers\n|upkeep\n|turn|4\n|\n|t:|1775983361\n|move|p2b: Incineroar|Protect|p2b: Incineroar\n|-singleturn|p2b: Incineroar|Protect\n|move|p1b: \u9b3c\u5934|Sludge Bomb|p2a: Politoed\n|-damage|p2a: Politoed|1/100\n|move|p1a: \u9ca8\u821e\u52b2|Stomping Tantrum|p2b: Incineroar\n|-activate|p2b: Incineroar|move: Protect\n|move|p2a: Politoed|Perish Song|p2a: Politoed\n|-start|p1a: \u9ca8\u821e\u52b2|perish3|[silent]\n|-start|p1b: \u9b3c\u5934|perish3|[silent]\n|-start|p2a: Politoed|perish3|[silent]\n|-start|p2b: Incineroar|perish3|[silent]\n|-fieldactivate|move: Perish Song\n|\n|-weather|RainDance|[upkeep]\n|-heal|p2a: Politoed|7/100|[from] item: Leftovers\n|-start|p1b: \u9b3c\u5934|perish3\n|-start|p1a: \u9ca8\u821e\u52b2|perish3\n|-start|p2a: Politoed|perish3\n|-start|p2b: Incineroar|perish3\n|-sideend|p1: dasabe\u76d6\u6b27\u5361\u4fa0|move: Tailwind\n|upkeep\n|turn|5\n|\n|t:|1775983385\n|move|p1b: \u9b3c\u5934|Sludge Bomb|p2b: Incineroar\n|-damage|p2b: Incineroar|78/100\n|-status|p2b: Incineroar|psn\n|move|p1a: \u9ca8\u821e\u52b2|Stomping Tantrum|p2b: Incineroar\n|-supereffective|p2b: Incineroar|1\n|-damage|p2b: Incineroar|0 fnt\n|faint|p2b: Incineroar\n|move|p2a: Politoed|Encore|p1a: \u9ca8\u821e\u52b2\n|-start|p1a: \u9ca8\u821e\u52b2|Encore\n|\n|-weather|RainDance|[upkeep]\n|-heal|p2a: Politoed|13/100|[from] item: Leftovers\n|-start|p1b: \u9b3c\u5934|perish2\n|-start|p1a: \u9ca8\u821e\u52b2|perish2\n|-start|p2a: Politoed|perish2\n|upkeep\n|\n|t:|1775983392\n|switch|p2b: Gengar|Gengar-Mega, L50, M|100/100\n|turn|6\n|\n|t:|1775983415\n|switch|p1b: \u629b\u5f00\u864e\u54e5\u54ee\u7a74|Incineroar, L50, M, shiny|100/100\n|-ability|p1b: \u629b\u5f00\u864e\u54e5\u54ee\u7a74|Intimidate|boost\n|-unboost|p2a: Politoed|atk|1\n|-unboost|p2b: Gengar|atk|1\n|move|p2b: Gengar|Protect|p2b: Gengar\n|-singleturn|p2b: Gengar|Protect\n|move|p2a: Politoed|Protect|p2a: Politoed\n|-singleturn|p2a: Politoed|Protect\n|move|p1a: \u9ca8\u821e\u52b2|Stomping Tantrum|p2b: Gengar\n|-activate|p2b: Gengar|move: Protect\n|\n|-weather|none\n|-heal|p2a: Politoed|19/100|[from] item: Leftovers\n|-start|p1a: \u9ca8\u821e\u52b2|perish1\n|-start|p2a: Politoed|perish1\n|upkeep\n|turn|7\n|\n|t:|1775983429\n|switch|p2a: Sinistcha|Sinistcha, L50|100/100\n|move|p2b: Gengar|Protect||[still]\n|-fail|p2b: Gengar\n|move|p1a: \u9ca8\u821e\u52b2|Stomping Tantrum|p2a: Sinistcha\n|-resisted|p2a: Sinistcha|1\n|-damage|p2a: Sinistcha|80/100\n|move|p1b: \u629b\u5f00\u864e\u54e5\u54ee\u7a74|Parting Shot|p2b: Gengar\n|-unboost|p2b: Gengar|atk|1\n|-unboost|p2b: Gengar|spa|1\n|\n|t:|1775983436\n|switch|p1b: \u5996\u820d\u7cbe\u5566|Whimsicott, L50, F, shiny|82/100|[from] Parting Shot\n|\n|-start|p1a: \u9ca8\u821e\u52b2|perish0\n|upkeep\n|faint|p1a: \u9ca8\u821e\u52b2\n|\n|t:|1775983439\n|switch|p1a: \u629b\u5f00\u864e\u54e5\u54ee\u7a74|Incineroar, L50, M, shiny|100/100\n|-ability|p1a: \u629b\u5f00\u864e\u54e5\u54ee\u7a74|Intimidate|boost\n|-unboost|p2a: Sinistcha|atk|1\n|-unboost|p2b: Gengar|atk|1\n|turn|8\n|inactive|f1ish has 30 seconds left.\n|j| Forever1507\n|\n|t:|1775983471\n|move|p2a: Sinistcha|Protect|p2a: Sinistcha\n|-singleturn|p2a: Sinistcha|Protect\n|move|p1b: \u5996\u820d\u7cbe\u5566|Tailwind|p1b: \u5996\u820d\u7cbe\u5566\n|-sidestart|p1: dasabe\u76d6\u6b27\u5361\u4fa0|move: Tailwind\n|move|p2b: Gengar|Perish Song|p2b: Gengar\n|-start|p1a: \u629b\u5f00\u864e\u54e5\u54ee\u7a74|perish3|[silent]\n|-start|p1b: \u5996\u820d\u7cbe\u5566|perish3|[silent]\n|-start|p2a: Sinistcha|perish3|[silent]\n|-start|p2b: Gengar|perish3|[silent]\n|-fieldactivate|move: Perish Song\n|move|p1a: \u629b\u5f00\u864e\u54e5\u54ee\u7a74|Throat Chop|p2a: Sinistcha\n|-activate|p2a: Sinistcha|move: Protect\n|\n|-start|p1b: \u5996\u820d\u7cbe\u5566|perish3\n|-start|p2b: Gengar|perish3\n|-start|p1a: \u629b\u5f00\u864e\u54e5\u54ee\u7a74|perish3\n|-start|p2a: Sinistcha|perish3\n|upkeep\n|turn|9\n|\n|t:|1775983492\n|move|p2a: Sinistcha|Rage Powder|p2a: Sinistcha\n|-singleturn|p2a: Sinistcha|move: Rage Powder\n|move|p1b: \u5996\u820d\u7cbe\u5566|Fake Tears|p2b: Gengar\n|-unboost|p2b: Gengar|spd|2\n|move|p2b: Gengar|Disable|p1a: \u629b\u5f00\u864e\u54e5\u54ee\u7a74\n|-start|p1a: \u629b\u5f00\u864e\u54e5\u54ee\u7a74|Disable|Throat Chop\n|move|p1a: \u629b\u5f00\u864e\u54e5\u54ee\u7a74|Parting Shot|p2a: Sinistcha\n|-unboost|p2a: Sinistcha|atk|1\n|-unboost|p2a: Sinistcha|spa|1\n|\n|t:|1775983496\n|switch|p1a: \u9b3c\u5934|Gengar-Mega, L50, M, shiny|74/100|[from] Parting Shot\n|\n|-start|p1b: \u5996\u820d\u7cbe\u5566|perish2\n|-start|p2b: Gengar|perish2\n|-start|p2a: Sinistcha|perish2\n|upkeep\n|turn|10\n|\n|t:|1775983516\n|move|p2a: Sinistcha|Rage Powder|p2a: Sinistcha\n|-singleturn|p2a: Sinistcha|move: Rage Powder\n|move|p1b: \u5996\u820d\u7cbe\u5566|Encore|p2b: Gengar\n|-start|p2b: Gengar|Encore\n|move|p1a: \u9b3c\u5934|Shadow Ball|p2a: Sinistcha\n|-supereffective|p2a: Sinistcha|1\n|-damage|p2a: Sinistcha|0 fnt\n|faint|p2a: Sinistcha\n|move|p2b: Gengar|Disable|p1b: \u5996\u820d\u7cbe\u5566\n|-start|p1b: \u5996\u820d\u7cbe\u5566|Disable|Encore\n|\n|-start|p1b: \u5996\u820d\u7cbe\u5566|perish1\n|-start|p2b: Gengar|perish1\n|upkeep\n|-message|f1ish forfeited.\n|\n|win|dasabe\u76d6\u6b27\u5361\u4fa0\n|raw|dasabe\u76d6\u6b27\u5361\u4fa0's rating: 1277 &rarr; <strong>1309</strong><br />(+32 for winning)\n|raw|f1ish's rating: 1382 &rarr; <strong>1356</strong><br />(-26 for losing)\n|l|\u203df1ish\n|player|p2|\n|l| Forever1507\n|l|\u2606dasabe\u76d6\u6b27\u5361\u4fa0\n|player|p1|\n",
  "uploadtime": 1775983540,
  "views": 27,
  "formatid": "gen9championsvgc2026regma",
  "rating": 1309,
  "private": 0,
  "password": null
}