{
  "id": "gen9championsvgc2026regma-2580385034",
  "format": "[Gen 9 Champions] VGC 2026 Reg M-A",
  "players": [
    "SaioSeli",
    "klop09"
  ],
  "log": "|j|\u2606SaioSeli\n|j|\u2606klop09\n|t:|1775888588\n|gametype|doubles\n|player|p1|SaioSeli|selene|1079\n|player|p2|klop09|170|1040\n|gen|9\n|tier|[Gen 9 Champions] VGC 2026 Reg M-A\n|rated|\n|rule|Species Clause: Limit one of each Pok\u00e9mon\n|rule|Item Clause: Limit 1 of each item\n|clearpoke\n|poke|p1|Incineroar, L50, F|\n|poke|p1|Aerodactyl, L50, F|\n|poke|p1|Raichu, L50, M|\n|poke|p1|Sneasler, L50, F|\n|poke|p1|Charizard, L50, M|\n|poke|p1|Whimsicott, L50, M|\n|poke|p2|Starmie, L50|\n|poke|p2|Clefable, L50, M|\n|poke|p2|Sneasler, L50, F|\n|poke|p2|Arcanine, L50, M|\n|poke|p2|Sinistcha-Masterpiece, L50|\n|poke|p2|Noivern, L50, M|\n|teampreview|4\n|inactive|Battle timer is ON: inactive players will automatically lose when time's up. (requested by klop09)\n|inactive|SaioSeli has 60 seconds left.\n|\n|t:|1775888625\n|teamsize|p1|4\n|teamsize|p2|4\n|start\n|switch|p1a: Raichu|Raichu, L50, M|100/100\n|switch|p1b: Incineroar|Incineroar, L50, F|100/100\n|switch|p2a: Noivern|Noivern, L50, M|100/100\n|switch|p2b: Sneasler|Sneasler, L50, F|100/100\n|-ability|p2b: Sneasler|Pressure\n|-ability|p1b: Incineroar|Intimidate|boost\n|-unboost|p2a: Noivern|atk|1\n|-unboost|p2b: Sneasler|atk|1\n|turn|1\n|inactive|SaioSeli has 30 seconds left.\n|\n|t:|1775888657\n|switch|p2b: Arcanine|Arcanine, L50, M|100/100\n|-ability|p2b: Arcanine|Intimidate|boost\n|-unboost|p1a: Raichu|atk|1\n|-unboost|p1b: Incineroar|atk|1\n|move|p2a: Noivern|Tailwind|p2a: Noivern\n|-sidestart|p2: klop09|move: Tailwind\n|move|p1a: Raichu|Dazzling Gleam|p2a: Noivern|[spread] p2a,p2b\n|-supereffective|p2a: Noivern|1\n|-resisted|p2b: Arcanine|1\n|-damage|p2a: Noivern|62/100\n|-damage|p2b: Arcanine|94/100\n|move|p1b: Incineroar|Throat Chop|p2a: Noivern\n|-damage|p2a: Noivern|27/100\n|-start|p2a: Noivern|Throat Chop|[silent]\n|\n|-heal|p2b: Arcanine|99/100|[from] item: Leftovers\n|upkeep\n|turn|2\n|inactive|klop09 has 30 seconds left.\n|\n|t:|1775888686\n|move|p2a: Noivern|Draco Meteor|p1a: Raichu\n|-damage|p1a: Raichu|25/100\n|-unboost|p2a: Noivern|spa|2\n|move|p2b: Arcanine|Snarl|p1a: Raichu|[spread] p1a,p1b\n|-resisted|p1b: Incineroar|1\n|-damage|p1a: Raichu|13/100\n|-damage|p1b: Incineroar|96/100\n|-unboost|p1a: Raichu|spa|1\n|-unboost|p1b: Incineroar|spa|1\n|move|p1a: Raichu|Volt Switch|p2b: Arcanine\n|-damage|p2b: Arcanine|87/100\n|\n|t:|1775888693\n|switch|p1a: Aerodactyl|Aerodactyl, L50, F|100/100|[from] Volt Switch\n|-ability|p1a: Aerodactyl|Pressure\n|move|p1b: Incineroar|Drain Punch|p2b: Arcanine\n|-damage|p2b: Arcanine|64/100\n|-heal|p1b: Incineroar|100/100|[from] drain|[of] p2b: Arcanine\n|\n|-heal|p2b: Arcanine|70/100|[from] item: Leftovers\n|-end|p2a: Noivern|Throat Chop|[silent]\n|upkeep\n|turn|3\n|inactive|SaioSeli has 30 seconds left.\n|\n|t:|1775888727\n|move|p2a: Noivern|Air Slash|p1a: Aerodactyl\n|-resisted|p1a: Aerodactyl|1\n|-damage|p1a: Aerodactyl|88/100\n|move|p2b: Arcanine|Will-O-Wisp|p1a: Aerodactyl\n|-status|p1a: Aerodactyl|brn\n|cant|p1a: Aerodactyl|flinch\n|move|p1b: Incineroar|Throat Chop|p2a: Noivern\n|-damage|p2a: Noivern|0 fnt\n|faint|p2a: Noivern\n|\n|-heal|p2b: Arcanine|76/100|[from] item: Leftovers\n|-heal|p1a: Aerodactyl|94/100 brn|[from] item: Leftovers\n|-damage|p1a: Aerodactyl|88/100 brn|[from] brn\n|upkeep\n|\n|t:|1775888741\n|switch|p2a: Starmie|Starmie, L50|100/100\n|turn|4\n|l|\u2606SaioSeli\n|inactive|SaioSeli disconnected and has a minute to reconnect!\n|player|p1|\n|j|\u2606SaioSeli\n|inactive|SaioSeli reconnected and has 40 seconds left.\n|player|p1|SaioSeli|selene|\n|inactive|SaioSeli has 30 seconds left.\n|inactive|SaioSeli has 20 seconds left.\n|\n|t:|1775888779\n|switch|p1b: Raichu|Raichu, L50, M|13/100\n|detailschange|p2a: Starmie|Starmie-Mega, L50\n|-mega|p2a: Starmie|Starmie|Starminite\n|move|p1a: Aerodactyl|Protect|p1a: Aerodactyl\n|-singleturn|p1a: Aerodactyl|Protect\n|move|p2b: Arcanine|Extreme Speed|p1b: Raichu\n|-damage|p1b: Raichu|0 fnt\n|faint|p1b: Raichu\n|move|p2a: Starmie|Liquidation|p1a: Aerodactyl\n|-activate|p1a: Aerodactyl|move: Protect\n|\n|-heal|p2b: Arcanine|82/100|[from] item: Leftovers\n|-heal|p1a: Aerodactyl|94/100 brn|[from] item: Leftovers\n|-damage|p1a: Aerodactyl|88/100 brn|[from] brn\n|-sideend|p2: klop09|move: Tailwind\n|upkeep\n|\n|t:|1775888782\n|switch|p1b: Charizard|Charizard, L50, M|100/100\n|turn|5\n|inactive|klop09 has 30 seconds left.\n|inactive|klop09 has 20 seconds left.\n|\n|t:|1775888820\n|detailschange|p1b: Charizard|Charizard-Mega-Y, L50, M\n|-mega|p1b: Charizard|Charizard|Charizardite Y\n|-weather|SunnyDay|[from] ability: Drought|[of] p1b: Charizard\n|move|p2a: Starmie|Protect|p2a: Starmie\n|-singleturn|p2a: Starmie|Protect\n|move|p1a: Aerodactyl|Tailwind|p1a: Aerodactyl\n|-sidestart|p1: SaioSeli|move: Tailwind\n|move|p1b: Charizard|Solar Beam||[still]\n|-prepare|p1b: Charizard|Solar Beam\n|-anim|p1b: Charizard|Solar Beam|p2a: Starmie\n|-activate|p2a: Starmie|move: Protect\n|move|p2b: Arcanine|Snarl|p1a: Aerodactyl|[spread] p1a,p1b\n|-damage|p1a: Aerodactyl|76/100 brn\n|-damage|p1b: Charizard|91/100\n|-unboost|p1a: Aerodactyl|spa|1\n|-unboost|p1b: Charizard|spa|1\n|\n|-weather|SunnyDay|[upkeep]\n|-heal|p1a: Aerodactyl|82/100 brn|[from] item: Leftovers\n|-heal|p2b: Arcanine|88/100|[from] item: Leftovers\n|-damage|p1a: Aerodactyl|76/100 brn|[from] brn\n|upkeep\n|turn|6\n|\n|t:|1775888840\n|switch|p2a: Sneasler|Sneasler, L50, F|100/100\n|-ability|p2a: Sneasler|Pressure\n|move|p1a: Aerodactyl|Rock Slide|p2a: Sneasler|[spread] p2a,p2b\n|-resisted|p2a: Sneasler|1\n|-supereffective|p2b: Arcanine|1\n|-damage|p2a: Sneasler|92/100\n|-damage|p2b: Arcanine|64/100\n|move|p1b: Charizard|Solar Beam||[still]\n|-prepare|p1b: Charizard|Solar Beam\n|-anim|p1b: Charizard|Solar Beam|p2a: Sneasler\n|-resisted|p2a: Sneasler|1\n|-damage|p2a: Sneasler|69/100\n|cant|p2b: Arcanine|flinch\n|\n|-weather|SunnyDay|[upkeep]\n|-heal|p1a: Aerodactyl|82/100 brn|[from] item: Leftovers\n|-heal|p2b: Arcanine|70/100|[from] item: Leftovers\n|-damage|p1a: Aerodactyl|76/100 brn|[from] brn\n|upkeep\n|turn|7\n|\n|t:|1775888856\n|move|p1a: Aerodactyl|Dual Wingbeat|p2a: Sneasler\n|-supereffective|p2a: Sneasler|1\n|-damage|p2a: Sneasler|44/100\n|-supereffective|p2a: Sneasler|1\n|-damage|p2a: Sneasler|18/100\n|-hitcount|p2a: Sneasler|2\n|move|p1b: Charizard|Scorching Sands|p2b: Arcanine\n|-supereffective|p2b: Arcanine|1\n|-damage|p2b: Arcanine|37/100\n|move|p2a: Sneasler|Dire Claw|p1b: Charizard\n|-damage|p1b: Charizard|36/100\n|-status|p1b: Charizard|par\n|move|p2b: Arcanine|Snarl|p1b: Charizard|[spread] p1a,p1b\n|-damage|p1a: Aerodactyl|63/100 brn\n|-damage|p1b: Charizard|26/100 par\n|-unboost|p1a: Aerodactyl|spa|1\n|-unboost|p1b: Charizard|spa|1\n|\n|-weather|SunnyDay|[upkeep]\n|-heal|p1a: Aerodactyl|69/100 brn|[from] item: Leftovers\n|-heal|p2b: Arcanine|44/100|[from] item: Leftovers\n|-damage|p1a: Aerodactyl|63/100 brn|[from] brn\n|upkeep\n|turn|8\n|\n|t:|1775888880\n|move|p1a: Aerodactyl|Protect|p1a: Aerodactyl\n|-singleturn|p1a: Aerodactyl|Protect\n|move|p2a: Sneasler|Protect|p2a: Sneasler\n|-singleturn|p2a: Sneasler|Protect\n|move|p2b: Arcanine|Protect|p2b: Arcanine\n|-singleturn|p2b: Arcanine|Protect\n|move|p1b: Charizard|Scorching Sands|p2b: Arcanine\n|-activate|p2b: Arcanine|move: Protect\n|\n|-weather|SunnyDay|[upkeep]\n|-heal|p1a: Aerodactyl|69/100 brn|[from] item: Leftovers\n|-heal|p2b: Arcanine|50/100|[from] item: Leftovers\n|-damage|p1a: Aerodactyl|63/100 brn|[from] brn\n|-sideend|p1: SaioSeli|move: Tailwind\n|upkeep\n|turn|9\n|\n|t:|1775888901\n|move|p2b: Arcanine|Extreme Speed|p1b: Charizard\n|-damage|p1b: Charizard|0 fnt\n|faint|p1b: Charizard\n|move|p1a: Aerodactyl|Tailwind|p1a: Aerodactyl\n|-sidestart|p1: SaioSeli|move: Tailwind\n|move|p2a: Sneasler|Coaching|p2b: Arcanine\n|-boost|p2b: Arcanine|atk|1\n|-boost|p2b: Arcanine|def|1\n|\n|-weather|none\n|-heal|p1a: Aerodactyl|69/100 brn|[from] item: Leftovers\n|-heal|p2b: Arcanine|56/100|[from] item: Leftovers\n|-damage|p1a: Aerodactyl|63/100 brn|[from] brn\n|upkeep\n|\n|t:|1775888906\n|switch|p1b: Incineroar|Incineroar, L50, F|100/100\n|-ability|p1b: Incineroar|Intimidate|boost\n|-unboost|p2a: Sneasler|atk|1\n|-unboost|p2b: Arcanine|atk|1\n|turn|10\n|\n|t:|1775888928\n|move|p2a: Sneasler|Protect|p2a: Sneasler\n|-singleturn|p2a: Sneasler|Protect\n|move|p2b: Arcanine|Protect|p2b: Arcanine\n|-singleturn|p2b: Arcanine|Protect\n|move|p1b: Incineroar|Fake Out|p2a: Sneasler\n|-activate|p2a: Sneasler|move: Protect\n|move|p1a: Aerodactyl|Rock Slide|p2b: Arcanine|[spread] \n|-activate|p2a: Sneasler|move: Protect\n|-activate|p2b: Arcanine|move: Protect\n|\n|-heal|p1a: Aerodactyl|69/100 brn|[from] item: Leftovers\n|-heal|p2b: Arcanine|62/100|[from] item: Leftovers\n|-damage|p1a: Aerodactyl|63/100 brn|[from] brn\n|upkeep\n|turn|11\n|inactive|klop09 has 30 seconds left.\n|\n|t:|1775888954\n|move|p2b: Arcanine|Extreme Speed|p1a: Aerodactyl\n|-resisted|p1a: Aerodactyl|1\n|-damage|p1a: Aerodactyl|52/100 brn\n|move|p1a: Aerodactyl|Dual Wingbeat|p2a: Sneasler|[miss]\n|-miss|p1a: Aerodactyl|p2a: Sneasler\n|move|p1b: Incineroar|Throat Chop|p2b: Arcanine\n|-crit|p2b: Arcanine\n|-damage|p2b: Arcanine|0 fnt\n|faint|p2b: Arcanine\n|move|p2a: Sneasler|Dire Claw|p1b: Incineroar\n|-damage|p1b: Incineroar|70/100\n|\n|-heal|p1a: Aerodactyl|58/100 brn|[from] item: Leftovers\n|-damage|p1a: Aerodactyl|52/100 brn|[from] brn\n|upkeep\n|\n|t:|1775888968\n|switch|p2b: Starmie|Starmie-Mega, L50|100/100\n|turn|12\n|\n|t:|1775888983\n|move|p2b: Starmie|Protect|p2b: Starmie\n|-singleturn|p2b: Starmie|Protect\n|move|p2a: Sneasler|Protect|p2a: Sneasler\n|-singleturn|p2a: Sneasler|Protect\n|move|p1a: Aerodactyl|Rock Slide|p2b: Starmie|[spread] \n|-activate|p2a: Sneasler|move: Protect\n|-activate|p2b: Starmie|move: Protect\n|move|p1b: Incineroar|Throat Chop|p2b: Starmie\n|-activate|p2b: Starmie|move: Protect\n|\n|-heal|p1a: Aerodactyl|58/100 brn|[from] item: Leftovers\n|-damage|p1a: Aerodactyl|52/100 brn|[from] brn\n|-sideend|p1: SaioSeli|move: Tailwind\n|upkeep\n|turn|13\n|\n|t:|1775889004\n|move|p1a: Aerodactyl|Tailwind|p1a: Aerodactyl\n|-sidestart|p1: SaioSeli|move: Tailwind\n|move|p1b: Incineroar|Throat Chop|p2b: Starmie\n|-supereffective|p2b: Starmie|1\n|-damage|p2b: Starmie|0 fnt\n|faint|p2b: Starmie\n|move|p2a: Sneasler|Close Combat|p1a: Aerodactyl\n|-damage|p1a: Aerodactyl|7/100 brn\n|-unboost|p2a: Sneasler|def|1\n|-unboost|p2a: Sneasler|spd|1\n|\n|-heal|p1a: Aerodactyl|13/100 brn|[from] item: Leftovers\n|-damage|p1a: Aerodactyl|7/100 brn|[from] brn\n|upkeep\n|turn|14\n|-message|klop09 forfeited.\n|\n|win|SaioSeli\n|raw|SaioSeli's rating: 1079 &rarr; <strong>1104</strong><br />(+25 for winning)\n|raw|klop09's rating: 1040 &rarr; <strong>1026</strong><br />(-14 for losing)\n|l|\u2606klop09\n|player|p2|\n",
  "uploadtime": 1775889018,
  "views": 18,
  "formatid": "gen9championsvgc2026regma",
  "rating": 1026,
  "private": 0,
  "password": null
}