{
  "id": "gen9championsvgc2026regma-2585455309",
  "format": "[Gen 9 Champions] VGC 2026 Reg M-A",
  "players": [
    "FBarto_99",
    "meow509"
  ],
  "log": "|j|\u2606FBarto_99\n|j|\u2606meow509\n|t:|1776348450\n|gametype|doubles\n|player|p1|FBarto_99|collector|1078\n|player|p2|meow509|lance|1000\n|gen|9\n|tier|[Gen 9 Champions] VGC 2026 Reg M-A\n|rated|\n|rule|Species Clause: Limit one of each Pok\u00e9mon\n|rule|Item Clause: Limit 1 of each item\n|clearpoke\n|poke|p1|Espathra, L50, M|\n|poke|p1|Blastoise, L50, M|\n|poke|p1|Sinistcha, L50|\n|poke|p1|Aegislash, L50, M|\n|poke|p1|Politoed, L50, M|\n|poke|p1|Heracross, L50, F|\n|poke|p2|Incineroar, L50, M|\n|poke|p2|Orthworm, L50, F|\n|poke|p2|Garchomp, L50, F|\n|poke|p2|Delphox, L50, M|\n|poke|p2|Whimsicott, L50, F|\n|poke|p2|Meganium, L50, F|\n|teampreview|4\n|inactive|Battle timer is ON: inactive players will automatically lose when time's up. (requested by meow509)\n|\n|t:|1776348480\n|teamsize|p1|4\n|teamsize|p2|4\n|start\n|switch|p1a: Espathra|Espathra, L50, M|100/100\n|switch|p1b: Blastoise|Blastoise, L50, M, shiny|100/100\n|switch|p2a: Communist|Orthworm, L50, F|100/100\n|switch|p2b: teams prankster|Whimsicott, L50, F|100/100\n|turn|1\n|\n|t:|1776348496\n|detailschange|p1b: Blastoise|Blastoise-Mega, L50, M, shiny\n|-mega|p1b: Blastoise|Blastoise|Blastoisinite\n|move|p1b: Blastoise|Fake Out|p2b: teams prankster\n|-damage|p2b: teams prankster|92/100\n|cant|p2b: teams prankster|flinch\n|move|p1a: Espathra|Skill Swap|p1b: Blastoise\n|-activate|p1a: Espathra|Skill Swap|||[of] p1b: Blastoise\n|move|p2a: Communist|Shed Tail|p2a: Communist\n|-start|p2a: Communist|Substitute|[from] move: Shed Tail\n|-damage|p2a: Communist|50/100\n|-enditem|p2a: Communist|Sitrus Berry|[eat]\n|-heal|p2a: Communist|75/100|[from] item: Sitrus Berry\n|\n|t:|1776348520\n|switch|p2a: Lv 20 evoker mage|Delphox, L50, M, shiny|100/100|[from] Shed Tail\n|\n|-ability|p1b: Blastoise|Speed Boost|boost\n|-boost|p1b: Blastoise|spe|1\n|upkeep\n|turn|2\n|\n|t:|1776348537\n|switch|p1a: Aegislash|Aegislash, L50, M|100/100\n|detailschange|p2a: Lv 20 evoker mage|Delphox-Mega, L50, M, shiny\n|-mega|p2a: Lv 20 evoker mage|Delphox|Delphoxite\n|move|p1b: Blastoise|Protect|p1b: Blastoise\n|-singleturn|p1b: Blastoise|Protect\n|move|p2b: teams prankster|Tailwind|p2b: teams prankster\n|-sidestart|p2: meow509|move: Tailwind\n|move|p2a: Lv 20 evoker mage|Nasty Plot|p2a: Lv 20 evoker mage\n|-boost|p2a: Lv 20 evoker mage|spa|2\n|\n|-ability|p1b: Blastoise|Speed Boost|boost\n|-boost|p1b: Blastoise|spe|1\n|upkeep\n|turn|3\n|inactive|FBarto_99 has 30 seconds left.\n|inactive|FBarto_99 has 20 seconds left.\n|\n|t:|1776348574\n|move|p2b: teams prankster|Sunny Day|p2b: teams prankster\n|-weather|SunnyDay\n|move|p2a: Lv 20 evoker mage|Heat Wave|p1b: Blastoise|[spread] p1a,p1b\n|-supereffective|p1a: Aegislash|1\n|-resisted|p1b: Blastoise|1\n|-damage|p1a: Aegislash|0 fnt\n|-damage|p1b: Blastoise|28/100\n|faint|p1a: Aegislash\n|move|p1b: Blastoise|Hydro Pump|p2a: Lv 20 evoker mage|[miss]\n|-miss|p1b: Blastoise|p2a: Lv 20 evoker mage\n|\n|-weather|SunnyDay|[upkeep]\n|-ability|p1b: Blastoise|Speed Boost|boost\n|-boost|p1b: Blastoise|spe|1\n|upkeep\n|\n|t:|1776348586\n|switch|p1a: Politoed|Politoed, L50, M|100/100\n|-weather|RainDance|[from] ability: Drizzle|[of] p1a: Politoed\n|turn|4\n|\n|t:|1776348597\n|move|p2b: teams prankster|Sunny Day|p2b: teams prankster\n|-weather|SunnyDay\n|move|p2a: Lv 20 evoker mage|Heat Wave|p1b: Blastoise|[spread] p1a,p1b\n|-resisted|p1a: Politoed|1\n|-resisted|p1b: Blastoise|1\n|-damage|p1a: Politoed|58/100\n|-damage|p1b: Blastoise|0 fnt\n|faint|p1b: Blastoise\n|move|p1a: Politoed|Encore|p2b: teams prankster\n|-start|p2b: teams prankster|Encore\n|\n|-weather|SunnyDay|[upkeep]\n|upkeep\n|\n|t:|1776348607\n|switch|p1b: Espathra|Espathra, L50, M|100/100\n|turn|5\n|\n|t:|1776348619\n|move|p2b: teams prankster|Sunny Day||[still]\n|-fail|p2b: teams prankster\n|move|p2a: Lv 20 evoker mage|Nasty Plot|p2a: Lv 20 evoker mage\n|-boost|p2a: Lv 20 evoker mage|spa|2\n|move|p1b: Espathra|Skill Swap|p1a: Politoed\n|-activate|p1b: Espathra|Skill Swap|||[of] p1a: Politoed\n|-weather|RainDance|[from] ability: Drizzle|[of] p1b: Espathra\n|move|p1a: Politoed|Weather Ball|p2a: Lv 20 evoker mage\n|-supereffective|p2a: Lv 20 evoker mage|1\n|-end|p2a: Lv 20 evoker mage|Substitute\n|\n|-weather|RainDance|[upkeep]\n|-sideend|p2: meow509|move: Tailwind\n|-ability|p1a: Politoed|Speed Boost|boost\n|-boost|p1a: Politoed|spe|1\n|upkeep\n|turn|6\n|\n|t:|1776348637\n|move|p2b: teams prankster|Sunny Day|p2b: teams prankster\n|-weather|SunnyDay\n|move|p2a: Lv 20 evoker mage|Heat Wave|p1a: Politoed|[spread] p1a,p1b\n|-resisted|p1a: Politoed|1\n|-crit|p1b: Espathra\n|-damage|p1a: Politoed|0 fnt\n|-enditem|p1b: Espathra|Focus Sash\n|-damage|p1b: Espathra|1/100\n|faint|p1a: Politoed\n|move|p1b: Espathra|Skill Swap|p1: Politoed|[notarget]\n|-fail|p1b: Espathra\n|\n|-weather|SunnyDay|[upkeep]\n|upkeep\n|turn|7\n|-message|FBarto_99 forfeited.\n|\n|win|meow509\n|raw|FBarto_99's rating: 1078 &rarr; <strong>1052</strong><br />(-26 for losing)\n|raw|meow509's rating: 1000 &rarr; <strong>1049</strong><br />(+49 for winning)\n|l|\u2606FBarto_99\n|player|p1|\n",
  "uploadtime": 1776348659,
  "views": 26,
  "formatid": "gen9championsvgc2026regma",
  "rating": 1049,
  "private": 0,
  "password": null
}