{
  "id": "gen9championsvgc2026regma-2584511482",
  "format": "[Gen 9 Champions] VGC 2026 Reg M-A",
  "players": [
    "Villagerfc",
    "Gatorl0ver"
  ],
  "log": "|j|\u2606Villagerfc\n|j|\u2606Gatorl0ver\n|t:|1776265690\n|gametype|doubles\n|player|p1|Villagerfc|266|1052\n|player|p2|Gatorl0ver|1|1000\n|gen|9\n|tier|[Gen 9 Champions] VGC 2026 Reg M-A\n|rated|\n|rule|Species Clause: Limit one of each Pok\u00e9mon\n|rule|Item Clause: Limit 1 of each item\n|clearpoke\n|poke|p1|Chimecho, L50, M|\n|poke|p1|Lopunny, L50, F|\n|poke|p1|Arcanine-Hisui, L50, M|\n|poke|p1|Farigiraf, L50, M|\n|poke|p1|Primarina, L50, F|\n|poke|p1|Maushold, L50|\n|poke|p2|Feraligatr, L50, M|\n|poke|p2|Ninetales-Alola, L50, F|\n|poke|p2|Incineroar, L50, M|\n|poke|p2|Sinistcha, L50|\n|poke|p2|Sneasler, L50, M|\n|poke|p2|Corviknight, L50, M|\n|teampreview|4\nGatorl0ver has agreed to open team sheets.\n|\n|t:|1776265716\n|teamsize|p1|4\n|teamsize|p2|4\n|start\n|switch|p1a: Lopunny|Lopunny, L50, F|100/100\n|switch|p1b: Maushold|Maushold, L50|100/100\n|switch|p2a: Sneasler|Sneasler, L50, M|100/100\n|switch|p2b: Feraligatr|Feraligatr, L50, M|100/100\n|turn|1\n|\n|t:|1776265733\n|detailschange|p1a: Lopunny|Lopunny-Mega, L50, F\n|-mega|p1a: Lopunny|Lopunny|Lopunnite\n|move|p2b: Feraligatr|Protect|p2b: Feraligatr\n|-singleturn|p2b: Feraligatr|Protect\n|move|p1a: Lopunny|Fake Out|p2a: Sneasler\n|-crit|p2a: Sneasler\n|-damage|p2a: Sneasler|48/100\n|cant|p2a: Sneasler|flinch\n|move|p1b: Maushold|Taunt|p2b: Feraligatr\n|-activate|p2b: Feraligatr|move: Protect\n|\n|upkeep\n|turn|2\n|\n|t:|1776265765\n|detailschange|p2b: Feraligatr|Feraligatr-Mega, L50, M\n|-mega|p2b: Feraligatr|Feraligatr|Feraligite\n|move|p1a: Lopunny|Triple Axel|p2a: Sneasler\n|-damage|p2a: Sneasler|34/100\n|-damage|p2a: Sneasler|10/100\n|-damage|p2a: Sneasler|0 fnt\n|faint|p2a: Sneasler\n|-hitcount|p2: Sneasler|3\n|move|p1b: Maushold|Taunt|p2b: Feraligatr\n|-start|p2b: Feraligatr|move: Taunt\n|move|p2b: Feraligatr|Body Slam|p1b: Maushold\n|-damage|p1b: Maushold|13/100\n|-status|p1b: Maushold|par\n|\n|upkeep\n|\n|t:|1776265778\n|switch|p2a: Ninetales|Ninetales-Alola, L50, F|100/100\n|-weather|Snowscape|[from] ability: Snow Warning|[of] p2a: Ninetales\n|turn|3\n|\n|t:|1776265786\n|move|p1b: Maushold|Follow Me|p1b: Maushold\n|-singleturn|p1b: Maushold|move: Follow Me\n|move|p1a: Lopunny|Close Combat|p2a: Ninetales\n|-damage|p2a: Ninetales|32/100\n|-unboost|p1a: Lopunny|def|1\n|-unboost|p1a: Lopunny|spd|1\n|move|p2a: Ninetales|Blizzard|p1a: Lopunny|[spread] p1a,p1b\n|-damage|p1a: Lopunny|55/100\n|-damage|p1b: Maushold|0 fnt\n|faint|p1b: Maushold\n|move|p2b: Feraligatr|Body Slam|p1a: Lopunny\n|-crit|p1a: Lopunny\n|-damage|p1a: Lopunny|0 fnt\n|faint|p1a: Lopunny\n|\n|-weather|Snowscape|[upkeep]\n|upkeep\n|\n|t:|1776265797\n|switch|p1a: Arcanine|Arcanine-Hisui, L50, M|100/100\n|switch|p1b: Primarina|Primarina, L50, F|100/100\n|turn|4\n|\n|t:|1776265815\n|move|p2a: Ninetales|Aurora Veil|p2a: Ninetales\n|-sidestart|p2: Gatorl0ver|move: Aurora Veil\n|move|p1a: Arcanine|Head Smash|p2b: Feraligatr\n|-damage|p2b: Feraligatr|59/100\n|move|p2b: Feraligatr|Liquidation|p1a: Arcanine\n|-supereffective|p1a: Arcanine|2\n|-damage|p1a: Arcanine|0 fnt\n|faint|p1a: Arcanine\n|move|p1b: Primarina|Dazzling Gleam|p2b: Feraligatr|[spread] p2a,p2b\n|-supereffective|p2b: Feraligatr|1\n|-damage|p2a: Ninetales|6/100\n|-damage|p2b: Feraligatr|13/100\n|\n|-weather|Snowscape|[upkeep]\n|-end|p2b: Feraligatr|move: Taunt\n|upkeep\n|turn|5\n|\n|t:|1776265856\n|switch|p2a: Sinistcha|Sinistcha, L50|100/100\n|-heal|p2b: Feraligatr|38/100|[from] ability: Hospitality|[of] p2a: Sinistcha\n|move|p2b: Feraligatr|Protect|p2b: Feraligatr\n|-singleturn|p2b: Feraligatr|Protect\n|move|p1b: Primarina|Dazzling Gleam|p2b: Feraligatr|[spread] p2a\n|-activate|p2b: Feraligatr|move: Protect\n|-crit|p2a: Sinistcha\n|-damage|p2a: Sinistcha|57/100\n|\n|-weather|Snowscape|[upkeep]\n|-heal|p2a: Sinistcha|63/100|[from] item: Leftovers\n|upkeep\n|turn|6\n|\n|t:|1776265868\n|switch|p2b: Ninetales|Ninetales-Alola, L50, F|6/100\n|move|p2a: Sinistcha|Matcha Gotcha|p1b: Primarina\n|-supereffective|p1b: Primarina|1\n|-damage|p1b: Primarina|42/100\n|-heal|p2a: Sinistcha|94/100|[from] drain|[of] p1b: Primarina\n|move|p1b: Primarina|Dazzling Gleam|p2b: Ninetales|[spread] p2a,p2b\n|-damage|p2a: Sinistcha|74/100\n|-damage|p2b: Ninetales|0 fnt\n|faint|p2b: Ninetales\n|\n|-weather|Snowscape|[upkeep]\n|-heal|p2a: Sinistcha|80/100|[from] item: Leftovers\n|upkeep\n|-message|Villagerfc forfeited.\n|\n|win|Gatorl0ver\n|raw|Villagerfc's rating: 1052 &rarr; <strong>1032</strong><br />(-20 for losing)\n|raw|Gatorl0ver's rating: 1000 &rarr; <strong>1046</strong><br />(+46 for winning)\n|l|\u2606Villagerfc\n|player|p1|\n",
  "uploadtime": 1776265905,
  "views": 18,
  "formatid": "gen9championsvgc2026regma",
  "rating": 1032,
  "private": 0,
  "password": null
}