{
  "id": "gen9championsvgc2026regma-2582916442",
  "format": "[Gen 9 Champions] VGC 2026 Reg M-A",
  "players": [
    "shizukou",
    "fosu-fish"
  ],
  "log": "|j|\u2606shizukou\n|j|\u2606fosu-fish\n|t:|1776124729\n|gametype|doubles\n|player|p1|shizukou|266|1076\n|player|p2|fosu-fish|102|1026\n|gen|9\n|tier|[Gen 9 Champions] VGC 2026 Reg M-A\n|rated|\n|rule|Species Clause: Limit one of each Pok\u00e9mon\n|rule|Item Clause: Limit 1 of each item\n|clearpoke\n|poke|p1|Gengar, L50, M|\n|poke|p1|Incineroar, L50, M|\n|poke|p1|Kingambit, L50, F|\n|poke|p1|Kommo-o, L50, F|\n|poke|p1|Sinistcha-Masterpiece, L50|\n|poke|p1|Tyranitar, L50, M|\n|poke|p2|Delphox, L50, M|\n|poke|p2|Sableye, L50, F|\n|poke|p2|Meowstic, L50, M|\n|poke|p2|Infernape, L50, F|\n|poke|p2|Incineroar, L50, F|\n|poke|p2|Ninetales-Alola, L50, M|\n|teampreview|4\n|inactive|Battle timer is ON: inactive players will automatically lose when time's up. (requested by fosu-fish)\n|inactive|shizukou also wants the timer to be on.\n|\n|t:|1776124752\n|teamsize|p1|4\n|teamsize|p2|4\n|start\n|switch|p1a: Gengar|Gengar, L50, M, shiny|100/100\n|switch|p1b: Incineroar|Incineroar, L50, M, shiny|100/100\n|switch|p2a: Meowstic|Meowstic, L50, M|100/100\n|switch|p2b: Ninetales|Ninetales-Alola, L50, M|100/100\n|-weather|Snowscape|[from] ability: Snow Warning|[of] p2b: Ninetales\n|-ability|p1b: Incineroar|Intimidate|boost\n|-unboost|p2a: Meowstic|atk|1\n|-unboost|p2b: Ninetales|atk|1\n|turn|1\n|inactive|shizukou has 30 seconds left.\n|\n|t:|1776124783\n|switch|p1b: Tyranitar|Tyranitar, L50, M, shiny|100/100\n|-weather|Sandstorm|[from] ability: Sand Stream|[of] p1b: Tyranitar\n|detailschange|p1a: Gengar|Gengar-Mega, L50, M, shiny\n|-mega|p1a: Gengar|Gengar|Gengarite\n|move|p1a: Gengar|Protect|p1a: Gengar\n|-singleturn|p1a: Gengar|Protect\n|move|p2a: Meowstic|Fake Out|p1b: Tyranitar\n|-resisted|p1b: Tyranitar|1\n|-damage|p1b: Tyranitar|99/100\n|move|p2b: Ninetales|Aurora Veil||[still]\n|-fail|p2b: Ninetales\n|\n|-weather|Sandstorm|[upkeep]\n|-damage|p1a: Gengar|94/100|[from] Sandstorm\n|-damage|p2a: Meowstic|94/100|[from] Sandstorm\n|-damage|p2b: Ninetales|94/100|[from] Sandstorm\n|upkeep\n|turn|2\n|inactive|shizukou has 30 seconds left.\n|inactive|shizukou has 20 seconds left.\n|inactive|shizukou has 15 seconds left.\n|l|\u2606shizukou\n|inactive|shizukou disconnected and has a minute to reconnect!\n|player|p1|\n|inactive|shizukou has 10 seconds left.\n|j|\u2606shizukou\n|inactive|shizukou reconnected and has 10 seconds left.\n|player|p1|shizukou|266|\n|inactive|shizukou has 5 seconds left.\n|\n|t:|1776124838\n|switch|p1b: Incineroar|Incineroar, L50, M, shiny|100/100\n|-ability|p1b: Incineroar|Intimidate|boost\n|-unboost|p2a: Meowstic|atk|1\n|-unboost|p2b: Ninetales|atk|1\n|move|p2a: Meowstic|Psychic Terrain|p2a: Meowstic\n|-fieldstart|move: Psychic Terrain\n|move|p1a: Gengar|Substitute|p1a: Gengar\n|-start|p1a: Gengar|Substitute\n|-damage|p1a: Gengar|70/100\n|move|p2b: Ninetales|Icy Wind|p1a: Gengar|[spread] p1a,p1b\n|-activate|p1a: Gengar|move: Substitute|[damage]\n|-resisted|p1b: Incineroar|1\n|-damage|p1b: Incineroar|93/100\n|-unboost|p1b: Incineroar|spe|1\n|\n|-weather|Sandstorm|[upkeep]\n|-damage|p1a: Gengar|64/100|[from] Sandstorm\n|-damage|p2a: Meowstic|88/100|[from] Sandstorm\n|-damage|p2b: Ninetales|88/100|[from] Sandstorm\n|-damage|p1b: Incineroar|87/100|[from] Sandstorm\n|upkeep\n|turn|3\n|\n|t:|1776124862\n|move|p1b: Incineroar|Fake Out|p2b: Ninetales\n|-activate|p2b: Ninetales|move: Psychic Terrain\n|move|p1a: Gengar|Perish Song|p1a: Gengar\n|-start|p1a: Gengar|perish3|[silent]\n|-start|p1b: Incineroar|perish3|[silent]\n|-start|p2a: Meowstic|perish3|[silent]\n|-start|p2b: Ninetales|perish3|[silent]\n|-fieldactivate|move: Perish Song\n|move|p2a: Meowstic|Expanding Force|p1a: Gengar|[spread] p1a\n|-immune|p1b: Incineroar\n|-supereffective|p1a: Gengar|1\n|-end|p1a: Gengar|Substitute\n|move|p2b: Ninetales|Moonblast|p1b: Incineroar\n|-damage|p1b: Incineroar|55/100\n|\n|-weather|Sandstorm|[upkeep]\n|-damage|p1a: Gengar|57/100|[from] Sandstorm\n|-damage|p2a: Meowstic|82/100|[from] Sandstorm\n|-damage|p2b: Ninetales|82/100|[from] Sandstorm\n|-damage|p1b: Incineroar|49/100|[from] Sandstorm\n|-start|p1a: Gengar|perish3\n|-start|p2a: Meowstic|perish3\n|-start|p2b: Ninetales|perish3\n|-start|p1b: Incineroar|perish3\n|upkeep\n|turn|4\n|inactive|shizukou has 30 seconds left.\n|inactive|shizukou has 20 seconds left.\n|inactive|shizukou has 15 seconds left.\n|inactive|shizukou has 10 seconds left.\n|inactive|shizukou has 5 seconds left.\n|\n|t:|1776124914\n|switch|p1b: Tyranitar|Tyranitar, L50, M, shiny|99/100\n|move|p1a: Gengar|Protect|p1a: Gengar\n|-singleturn|p1a: Gengar|Protect\n|move|p2a: Meowstic|Expanding Force|p1a: Gengar|[spread] \n|-activate|p1a: Gengar|move: Protect\n|-immune|p1b: Tyranitar\n|move|p2b: Ninetales|Moonblast|p1b: Tyranitar\n|-supereffective|p1b: Tyranitar|1\n|-damage|p1b: Tyranitar|47/100\n|\n|-weather|Sandstorm|[upkeep]\n|-damage|p1a: Gengar|51/100|[from] Sandstorm\n|-damage|p2a: Meowstic|76/100|[from] Sandstorm\n|-damage|p2b: Ninetales|76/100|[from] Sandstorm\n|-start|p1a: Gengar|perish2\n|-start|p2a: Meowstic|perish2\n|-start|p2b: Ninetales|perish2\n|upkeep\n|turn|5\n|\n|t:|1776124937\n|switch|p1b: Incineroar|Incineroar, L50, M, shiny|49/100\n|-ability|p1b: Incineroar|Intimidate|boost\n|-unboost|p2a: Meowstic|atk|1\n|-unboost|p2b: Ninetales|atk|1\n|move|p1a: Gengar|Substitute|p1a: Gengar\n|-start|p1a: Gengar|Substitute\n|-damage|p1a: Gengar|27/100\n|move|p2a: Meowstic|Expanding Force|p1a: Gengar|[spread] p1a\n|-immune|p1b: Incineroar\n|-supereffective|p1a: Gengar|1\n|-end|p1a: Gengar|Substitute\n|move|p2b: Ninetales|Moonblast|p1b: Incineroar\n|-crit|p1b: Incineroar\n|-damage|p1b: Incineroar|1/100\n|\n|-weather|none\n|-start|p1a: Gengar|perish1\n|-start|p2a: Meowstic|perish1\n|-start|p2b: Ninetales|perish1\n|upkeep\n|turn|6\n|inactive|fosu-fish has 30 seconds left.\n|\n|t:|1776124964\n|switch|p1a: Kingambit|Kingambit, L50, F, shiny|100/100\n|move|p1b: Incineroar|Protect|p1b: Incineroar\n|-singleturn|p1b: Incineroar|Protect\n|move|p2a: Meowstic|Gravity|p2a: Meowstic\n|-fieldstart|move: Gravity\n|move|p2b: Ninetales|Icy Wind|p1a: Kingambit|[spread] p1a\n|-activate|p1b: Incineroar|move: Protect\n|-resisted|p1a: Kingambit|1\n|-crit|p1a: Kingambit\n|-damage|p1a: Kingambit|84/100\n|-unboost|p1a: Kingambit|spe|1\n|-ability|p1a: Kingambit|Defiant|boost\n|-boost|p1a: Kingambit|atk|2\n|\n|-start|p2a: Meowstic|perish0\n|-start|p2b: Ninetales|perish0\n|faint|p2a: Meowstic\n|faint|p2b: Ninetales\n|-fieldend|move: Psychic Terrain\n|upkeep\n|\n|t:|1776124971\n|switch|p2a: Delphox|Delphox, L50, M|100/100\n|switch|p2b: Infernape|Infernape, L50, F|100/100\n|turn|7\n|inactive|shizukou has 30 seconds left.\n|\n|t:|1776124998\n|switch|p1b: Tyranitar|Tyranitar, L50, M, shiny|47/100\n|-weather|Sandstorm|[from] ability: Sand Stream|[of] p1b: Tyranitar\n|move|p1a: Kingambit|Sucker Punch||[still]\n|-fail|p1a: Kingambit\n|move|p2b: Infernape|Close Combat|p1a: Kingambit\n|-supereffective|p1a: Kingambit|2\n|-enditem|p1a: Kingambit|Chople Berry|[eat]\n|-enditem|p1a: Kingambit|Chople Berry|[weaken]\n|-damage|p1a: Kingambit|0 fnt\n|-unboost|p2b: Infernape|def|1\n|-unboost|p2b: Infernape|spd|1\n|faint|p1a: Kingambit\n|move|p2a: Delphox|Psychic Terrain|p2a: Delphox\n|-fieldstart|move: Psychic Terrain\n|\n|-weather|Sandstorm|[upkeep]\n|-damage|p2b: Infernape|95/100|[from] Sandstorm\n|-damage|p2a: Delphox|94/100|[from] Sandstorm\n|upkeep\n|inactive|shizukou has 30 seconds left.\n|inactive|shizukou has 20 seconds left.\n|inactive|shizukou has 15 seconds left.\n|inactive|shizukou has 10 seconds left.\n|\n|t:|1776125046\n|switch|p1a: Incineroar|Incineroar, L50, M, shiny|1/100\n|-ability|p1a: Incineroar|Intimidate|boost\n|-unboost|p2a: Delphox|atk|1\n|-unboost|p2b: Infernape|atk|1\n|turn|8\n|inactive|fosu-fish has 30 seconds left.\n|\n|t:|1776125078\n|move|p2a: Delphox|Protect|p2a: Delphox\n|-singleturn|p2a: Delphox|Protect\n|move|p1a: Incineroar|Fake Out|p2b: Infernape\n|-activate|p2b: Infernape|move: Psychic Terrain\n|move|p1b: Tyranitar|Rock Slide|p2b: Infernape|[spread] p2b\n|-activate|p2a: Delphox|move: Protect\n|-damage|p2b: Infernape|24/100\n|move|p2b: Infernape|Close Combat|p1b: Tyranitar\n|-supereffective|p1b: Tyranitar|2\n|-damage|p1b: Tyranitar|0 fnt\n|-unboost|p2b: Infernape|def|1\n|-unboost|p2b: Infernape|spd|1\n|faint|p1b: Tyranitar\n|\n|-weather|Sandstorm|[upkeep]\n|-damage|p2b: Infernape|18/100|[from] Sandstorm\n|-damage|p2a: Delphox|88/100|[from] Sandstorm\n|-damage|p1a: Incineroar|0 fnt|[from] Sandstorm\n|faint|p1a: Incineroar\n|upkeep\n|\n|t:|1776125092\n|switch|p1a: Gengar|Gengar-Mega, L50, M, shiny|27/100\n|turn|9\n|\n|t:|1776125111\n|detailschange|p2a: Delphox|Delphox-Mega, L50, M\n|-mega|p2a: Delphox|Delphox|Delphoxite\n|move|p1a: Gengar|Shadow Ball|p2a: Delphox\n|-supereffective|p2a: Delphox|1\n|-damage|p2a: Delphox|3/100\n|move|p2a: Delphox|Expanding Force|p1a: Gengar\n|-supereffective|p1a: Gengar|1\n|-damage|p1a: Gengar|0 fnt\n|faint|p1a: Gengar\n|\n|win|fosu-fish\n|raw|shizukou's rating: 1076 &rarr; <strong>1052</strong><br />(-24 for losing)\n|raw|fosu-fish's rating: 1026 &rarr; <strong>1067</strong><br />(+41 for winning)\n",
  "uploadtime": 1776125123,
  "views": 15,
  "formatid": "gen9championsvgc2026regma",
  "rating": 1052,
  "private": 0,
  "password": null
}