{
  "id": "gen9championsvgc2026regma-2586935877",
  "format": "[Gen 9 Champions] VGC 2026 Reg M-A",
  "players": [
    "colfox",
    "patas valentine"
  ],
  "log": "|j|\u203dcolfox\n|j|\u2606patas valentine\n|t:|1776473421\n|gametype|doubles\n|player|p1|colfox|170|1265\n|player|p2|patas valentine|flannery|1168\n|gen|9\n|tier|[Gen 9 Champions] VGC 2026 Reg M-A\n|rated|\n|rule|Species Clause: Limit one of each Pok\u00e9mon\n|rule|Item Clause: Limit 1 of each item\n|clearpoke\n|poke|p1|Tyranitar, L50, M|\n|poke|p1|Excadrill, L50, F|\n|poke|p1|Dragapult, L50, M|\n|poke|p1|Milotic, L50, F|\n|poke|p1|Raichu, L50, M|\n|poke|p1|Scizor, L50, M|\n|poke|p2|Feraligatr, L50, F|\n|poke|p2|Farigiraf, L50, M|\n|poke|p2|Whimsicott, L50, F|\n|poke|p2|Politoed, L50, F|\n|poke|p2|Incineroar, L50, F|\n|poke|p2|Snorlax, L50, F|\n|teampreview|4\n|inactive|Battle timer is ON: inactive players will automatically lose when time's up. (requested by patas valentine)\n|\n|t:|1776473449\n|teamsize|p1|4\n|teamsize|p2|4\n|start\n|switch|p1a: Dragapult|Dragapult, L50, M|100/100\n|switch|p1b: Scizor|Scizor, L50, M|100/100\n|switch|p2a: Feraligatr|Feraligatr, L50, F|100/100\n|switch|p2b: Farigiraf|Farigiraf, L50, M|100/100\n|turn|1\n|inactive|patas valentine has 30 seconds left.\n|inactive|colfox has 30 seconds left.\n|inactive|patas valentine has 20 seconds left.\n|\n|t:|1776473490\n|detailschange|p1b: Scizor|Scizor-Mega, L50, M\n|-mega|p1b: Scizor|Scizor|Scizorite\n|move|p2b: Farigiraf|Protect|p2b: Farigiraf\n|-singleturn|p2b: Farigiraf|Protect\n|move|p1a: Dragapult|U-turn|p2a: Feraligatr\n|-damage|p2a: Feraligatr|80/100\n|\n|t:|1776473498\n|switch|p1a: Raichu|Raichu, L50, M|100/100|[from] U-turn\n|move|p1b: Scizor|Bug Bite|p2b: Farigiraf\n|-activate|p2b: Farigiraf|move: Protect\n|move|p2a: Feraligatr|Swords Dance|p2a: Feraligatr\n|-boost|p2a: Feraligatr|atk|2\n|\n|upkeep\n|turn|2\n|inactive|patas valentine has 30 seconds left.\n|\n|t:|1776473531\n|detailschange|p2a: Feraligatr|Feraligatr-Mega, L50, F\n|-mega|p2a: Feraligatr|Feraligatr|Feraligite\n|move|p1a: Raichu|Fake Out||[still]\n|cant|p2b: Farigiraf|ability: Armor Tail|Fake Out|[of] p1a: Raichu\n|move|p2a: Feraligatr|Aqua Jet|p1a: Raichu\n|-damage|p1a: Raichu|0 fnt\n|faint|p1a: Raichu\n|move|p1b: Scizor|Bug Bite|p2b: Farigiraf\n|-supereffective|p2b: Farigiraf|1\n|-damage|p2b: Farigiraf|0 fnt\n|-enditem|p2b: Farigiraf|Colbur Berry|[from] stealeat|[move] Bug Bite|[of] p1b: Scizor\n|faint|p2b: Farigiraf\n|\n|upkeep\n|\n|t:|1776473545\n|switch|p1a: Dragapult|Dragapult, L50, M|100/100\n|switch|p2b: Whimsicott|Whimsicott, L50, F|100/100\n|turn|3\n|\n|t:|1776473566\n|move|p1b: Scizor|Bullet Punch|p2b: Whimsicott\n|-supereffective|p2b: Whimsicott|1\n|-damage|p2b: Whimsicott|31/100\n|move|p1a: Dragapult|U-turn|p2b: Whimsicott\n|-damage|p2b: Whimsicott|9/100\n|\n|t:|1776473572\n|switch|p1a: Milotic|Milotic, L50, F|100/100|[from] U-turn\n|move|p2a: Feraligatr|Body Slam|p1a: Milotic\n|-damage|p1a: Milotic|0 fnt\n|faint|p1a: Milotic\n|move|p2b: Whimsicott|Trick Room|p2b: Whimsicott\n|-fieldstart|move: Trick Room|[of] p2b: Whimsicott\n|\n|upkeep\n|\n|t:|1776473582\n|switch|p1a: Dragapult|Dragapult, L50, M|100/100\n|turn|4\n|\n|t:|1776473592\n|switch|p2b: Politoed|Politoed, L50, F, shiny|100/100\n|-weather|RainDance|[from] ability: Drizzle|[of] p2b: Politoed\n|move|p1b: Scizor|Protect|p1b: Scizor\n|-singleturn|p1b: Scizor|Protect\n|move|p1a: Dragapult|Protect|p1a: Dragapult\n|-singleturn|p1a: Dragapult|Protect\n|move|p2a: Feraligatr|Body Slam|p1a: Dragapult\n|-activate|p1a: Dragapult|move: Protect\n|\n|-weather|RainDance|[upkeep]\n|upkeep\n|turn|5\n|\n|t:|1776473612\n|move|p2a: Feraligatr|Body Slam|p1a: Dragapult\n|-supereffective|p1a: Dragapult|1\n|-damage|p1a: Dragapult|0 fnt\n|faint|p1a: Dragapult\n|move|p1b: Scizor|Bug Bite|p2a: Feraligatr\n|-damage|p2a: Feraligatr|33/100\n|move|p2b: Politoed|Perish Song|p2b: Politoed\n|-start|p1b: Scizor|perish3|[silent]\n|-start|p2a: Feraligatr|perish3|[silent]\n|-start|p2b: Politoed|perish3|[silent]\n|-fieldactivate|move: Perish Song\n|\n|-weather|RainDance|[upkeep]\n|-start|p2a: Feraligatr|perish3\n|-start|p1b: Scizor|perish3\n|-start|p2b: Politoed|perish3\n|upkeep\n|turn|6\n|\n|t:|1776473633\n|move|p2a: Feraligatr|Aqua Jet|p1b: Scizor\n|-damage|p1b: Scizor|45/100\n|move|p1b: Scizor|Bug Bite|p2a: Feraligatr\n|-damage|p2a: Feraligatr|0 fnt\n|faint|p2a: Feraligatr\n|move|p2b: Politoed|Muddy Water|p1b: Scizor\n|-damage|p1b: Scizor|0 fnt\n|faint|p1b: Scizor\n|\n|win|patas valentine\n|raw|colfox's rating: 1265 &rarr; <strong>1233</strong><br />(-32 for losing)\n|raw|patas valentine's rating: 1168 &rarr; <strong>1200</strong><br />(+32 for winning)\n",
  "uploadtime": 1776473644,
  "views": 25,
  "formatid": "gen9championsvgc2026regma",
  "rating": 1200,
  "private": 0,
  "password": null
}