{
  "id": "gen9championsvgc2026regma-2583120581",
  "format": "[Gen 9 Champions] VGC 2026 Reg M-A",
  "players": [
    "GalvanTic",
    "Captin CuC"
  ],
  "log": "|j|\u2606GalvanTic\n|j|\u2606Captin CuC\n|t:|1776144437\n|gametype|doubles\n|player|p1|GalvanTic|169|1000\n|player|p2|Captin CuC|101|1000\n|gen|9\n|tier|[Gen 9 Champions] VGC 2026 Reg M-A\n|rated|\n|rule|Species Clause: Limit one of each Pok\u00e9mon\n|rule|Item Clause: Limit 1 of each item\n|clearpoke\n|poke|p1|Araquanid, L50, M|\n|poke|p1|Kleavor, L50, M|\n|poke|p1|Volcarona, L50, F|\n|poke|p1|Scizor, L50, M|\n|poke|p1|Vivillon-Tundra, L50, M|\n|poke|p1|Forretress, L50, F|\n|poke|p2|Tyranitar, L50, M|\n|poke|p2|Corviknight, L50, F|\n|poke|p2|Krookodile, L50, M|\n|poke|p2|Garchomp, L50, M|\n|poke|p2|Tauros-Paldea-Aqua, L50, M|\n|poke|p2|Steelix, L50, F|\n|teampreview|4\n|c|\u2606GalvanTic|gl :)\nGalvanTic rejected open team sheets.\n|\n|t:|1776144458\n|teamsize|p1|4\n|teamsize|p2|4\n|start\n|switch|p1a: \ud83d\udd78\ufe0fTitan\ud83d\udd78\ufe0f|Araquanid, L50, M, shiny|100/100\n|switch|p1b: \ud83d\udd78\ufe0fTectonic\ud83d\udd78\ufe0f|Kleavor, L50, M, shiny|100/100\n|switch|p2a: Tyranitar|Tyranitar, L50, M, shiny|100/100\n|switch|p2b: Steelix|Steelix, L50, F|100/100\n|-weather|Sandstorm|[from] ability: Sand Stream|[of] p2a: Tyranitar\n|turn|1\n|\n|t:|1776144482\n|detailschange|p2b: Steelix|Steelix-Mega, L50, F\n|-mega|p2b: Steelix|Steelix|Steelixite\n|move|p2a: Tyranitar|Protect|p2a: Tyranitar\n|-singleturn|p2a: Tyranitar|Protect\n|move|p1b: \ud83d\udd78\ufe0fTectonic\ud83d\udd78\ufe0f|Stone Axe|p2a: Tyranitar\n|-activate|p2a: Tyranitar|move: Protect\n|move|p1a: \ud83d\udd78\ufe0fTitan\ud83d\udd78\ufe0f|Sticky Web|p2b: Steelix\n|-sidestart|p2: Captin CuC|move: Sticky Web\n|move|p2b: Steelix|Iron Defense|p2b: Steelix\n|-boost|p2b: Steelix|def|2\n|\n|-weather|Sandstorm|[upkeep]\n|-damage|p1a: \ud83d\udd78\ufe0fTitan\ud83d\udd78\ufe0f|95/100|[from] Sandstorm\n|upkeep\n|turn|2\n|\n|t:|1776144512\n|switch|p2a: Krookodile|Krookodile, L50, M|100/100\n|-activate|p2a: Krookodile|move: Sticky Web\n|-unboost|p2a: Krookodile|spe|1\n|-ability|p2a: Krookodile|Intimidate|boost\n|-unboost|p1a: \ud83d\udd78\ufe0fTitan\ud83d\udd78\ufe0f|atk|1\n|-unboost|p1b: \ud83d\udd78\ufe0fTectonic\ud83d\udd78\ufe0f|atk|1\n|move|p1b: \ud83d\udd78\ufe0fTectonic\ud83d\udd78\ufe0f|Stone Axe|p2a: Krookodile\n|-resisted|p2a: Krookodile|1\n|-damage|p2a: Krookodile|81/100\n|-sidestart|p2: Captin CuC|move: Stealth Rock\n|move|p1a: \ud83d\udd78\ufe0fTitan\ud83d\udd78\ufe0f|Rain Dance|p1a: \ud83d\udd78\ufe0fTitan\ud83d\udd78\ufe0f\n|-weather|RainDance\n|move|p2b: Steelix|Gyro Ball|p1b: \ud83d\udd78\ufe0fTectonic\ud83d\udd78\ufe0f\n|-supereffective|p1b: \ud83d\udd78\ufe0fTectonic\ud83d\udd78\ufe0f|1\n|-damage|p1b: \ud83d\udd78\ufe0fTectonic\ud83d\udd78\ufe0f|0 fnt\n|faint|p1b: \ud83d\udd78\ufe0fTectonic\ud83d\udd78\ufe0f\n|\n|-weather|RainDance|[upkeep]\n|upkeep\n|\n|t:|1776144534\n|switch|p1b: \ud83d\udd78\ufe0fTyphoon\ud83d\udd78\ufe0f|Vivillon-Tundra, L50, M, shiny|100/100\n|turn|3\n|\n|t:|1776144560\n|switch|p2b: Tyranitar|Tyranitar, L50, M, shiny|100/100\n|-activate|p2b: Tyranitar|move: Sticky Web\n|-unboost|p2b: Tyranitar|spe|1\n|-damage|p2b: Tyranitar|88/100|[from] Stealth Rock\n|-weather|Sandstorm|[from] ability: Sand Stream|[of] p2b: Tyranitar\n|move|p1b: \ud83d\udd78\ufe0fTyphoon\ud83d\udd78\ufe0f|Sleep Powder|p2a: Krookodile\n|-status|p2a: Krookodile|slp|[from] move: Sleep Powder\n|cant|p2a: Krookodile|slp\n|move|p1a: \ud83d\udd78\ufe0fTitan\ud83d\udd78\ufe0f|Lunge|p2b: Tyranitar\n|-supereffective|p2b: Tyranitar|1\n|-damage|p2b: Tyranitar|58/100\n|-unboost|p2b: Tyranitar|atk|1\n|\n|-weather|Sandstorm|[upkeep]\n|-damage|p1b: \ud83d\udd78\ufe0fTyphoon\ud83d\udd78\ufe0f|95/100|[from] Sandstorm\n|-damage|p1a: \ud83d\udd78\ufe0fTitan\ud83d\udd78\ufe0f|89/100|[from] Sandstorm\n|upkeep\n|turn|4\n|\n|t:|1776144596\n|move|p2b: Tyranitar|Protect|p2b: Tyranitar\n|-singleturn|p2b: Tyranitar|Protect\n|move|p1b: \ud83d\udd78\ufe0fTyphoon\ud83d\udd78\ufe0f|Giga Drain|p2b: Tyranitar\n|-activate|p2b: Tyranitar|move: Protect\n|-curestatus|p2a: Krookodile|slp|[msg]\n|move|p2a: Krookodile|Fire Fang|p1b: \ud83d\udd78\ufe0fTyphoon\ud83d\udd78\ufe0f\n|-supereffective|p1b: \ud83d\udd78\ufe0fTyphoon\ud83d\udd78\ufe0f|1\n|-damage|p1b: \ud83d\udd78\ufe0fTyphoon\ud83d\udd78\ufe0f|20/100\n|move|p1a: \ud83d\udd78\ufe0fTitan\ud83d\udd78\ufe0f|Rain Dance|p1a: \ud83d\udd78\ufe0fTitan\ud83d\udd78\ufe0f\n|-weather|RainDance\n|\n|-weather|RainDance|[upkeep]\n|upkeep\n|turn|5\n|\n|t:|1776144625\n|switch|p2b: Tauros|Tauros-Paldea-Aqua, L50, M|100/100\n|-activate|p2b: Tauros|move: Sticky Web\n|-unboost|p2b: Tauros|spe|1\n|-damage|p2b: Tauros|94/100|[from] Stealth Rock\n|move|p1b: \ud83d\udd78\ufe0fTyphoon\ud83d\udd78\ufe0f|Hurricane|p2a: Krookodile\n|-damage|p2a: Krookodile|12/100\n|-start|p2a: Krookodile|confusion\n|-activate|p2a: Krookodile|confusion\n|move|p2a: Krookodile|Fire Fang|p1b: \ud83d\udd78\ufe0fTyphoon\ud83d\udd78\ufe0f\n|-supereffective|p1b: \ud83d\udd78\ufe0fTyphoon\ud83d\udd78\ufe0f|1\n|-damage|p1b: \ud83d\udd78\ufe0fTyphoon\ud83d\udd78\ufe0f|0 fnt\n|faint|p1b: \ud83d\udd78\ufe0fTyphoon\ud83d\udd78\ufe0f\n|move|p1a: \ud83d\udd78\ufe0fTitan\ud83d\udd78\ufe0f|Liquidation|p2b: Tauros\n|-resisted|p2b: Tauros|1\n|-damage|p2b: Tauros|68/100\n|-unboost|p2b: Tauros|def|1\n|\n|-weather|RainDance|[upkeep]\n|upkeep\n|\n|t:|1776144641\n|switch|p1b: \ud83d\udd78\ufe0fTiara\ud83d\udd78\ufe0f|Volcarona, L50, F|100/100\n|turn|6\n|\n|t:|1776144675\n|switch|p2a: Steelix|Steelix-Mega, L50, F|100/100\n|-activate|p2a: Steelix|move: Sticky Web\n|-unboost|p2a: Steelix|spe|1\n|-damage|p2a: Steelix|98/100|[from] Stealth Rock\n|move|p1b: \ud83d\udd78\ufe0fTiara\ud83d\udd78\ufe0f|Hurricane|p2b: Tauros\n|-supereffective|p2b: Tauros|1\n|-damage|p2b: Tauros|0 fnt\n|faint|p2b: Tauros\n|move|p1a: \ud83d\udd78\ufe0fTitan\ud83d\udd78\ufe0f|Lunge|p2a: Steelix\n|-resisted|p2a: Steelix|1\n|-damage|p2a: Steelix|93/100\n|-unboost|p2a: Steelix|atk|1\n|\n|-weather|RainDance|[upkeep]\n|upkeep\n|\n|t:|1776144703\n|switch|p2b: Tyranitar|Tyranitar, L50, M, shiny|58/100\n|-activate|p2b: Tyranitar|move: Sticky Web\n|-unboost|p2b: Tyranitar|spe|1\n|-damage|p2b: Tyranitar|46/100|[from] Stealth Rock\n|-weather|Sandstorm|[from] ability: Sand Stream|[of] p2b: Tyranitar\n|turn|7\n|\n|t:|1776144730\n|move|p1b: \ud83d\udd78\ufe0fTiara\ud83d\udd78\ufe0f|Fiery Dance|p2a: Steelix\n|-supereffective|p2a: Steelix|1\n|-damage|p2a: Steelix|8/100\n|-boost|p1b: \ud83d\udd78\ufe0fTiara\ud83d\udd78\ufe0f|spa|1\n|move|p1a: \ud83d\udd78\ufe0fTitan\ud83d\udd78\ufe0f|Lunge|p2b: Tyranitar\n|-supereffective|p2b: Tyranitar|1\n|-damage|p2b: Tyranitar|19/100\n|-unboost|p2b: Tyranitar|atk|1\n|move|p2b: Tyranitar|Crunch|p1b: \ud83d\udd78\ufe0fTiara\ud83d\udd78\ufe0f\n|-damage|p1b: \ud83d\udd78\ufe0fTiara\ud83d\udd78\ufe0f|63/100\n|move|p2a: Steelix|Body Press|p1a: \ud83d\udd78\ufe0fTitan\ud83d\udd78\ufe0f\n|-resisted|p1a: \ud83d\udd78\ufe0fTitan\ud83d\udd78\ufe0f|1\n|-crit|p1a: \ud83d\udd78\ufe0fTitan\ud83d\udd78\ufe0f\n|-damage|p1a: \ud83d\udd78\ufe0fTitan\ud83d\udd78\ufe0f|56/100\n|\n|-weather|Sandstorm|[upkeep]\n|-damage|p1b: \ud83d\udd78\ufe0fTiara\ud83d\udd78\ufe0f|57/100|[from] Sandstorm\n|-damage|p1a: \ud83d\udd78\ufe0fTitan\ud83d\udd78\ufe0f|51/100|[from] Sandstorm\n|upkeep\n|turn|8\n|\n|t:|1776144754\n|move|p2a: Steelix|Protect|p2a: Steelix\n|-singleturn|p2a: Steelix|Protect\n|move|p1b: \ud83d\udd78\ufe0fTiara\ud83d\udd78\ufe0f|Fiery Dance|p2a: Steelix\n|-activate|p2a: Steelix|move: Protect\n|move|p1a: \ud83d\udd78\ufe0fTitan\ud83d\udd78\ufe0f|Liquidation|p2b: Tyranitar\n|-supereffective|p2b: Tyranitar|1\n|-damage|p2b: Tyranitar|0 fnt\n|faint|p2b: Tyranitar\n|\n|-weather|Sandstorm|[upkeep]\n|-damage|p1b: \ud83d\udd78\ufe0fTiara\ud83d\udd78\ufe0f|50/100|[from] Sandstorm\n|-damage|p1a: \ud83d\udd78\ufe0fTitan\ud83d\udd78\ufe0f|45/100|[from] Sandstorm\n|upkeep\n|\n|t:|1776144770\n|switch|p2b: Krookodile|Krookodile, L50, M|12/100\n|-activate|p2b: Krookodile|move: Sticky Web\n|-unboost|p2b: Krookodile|spe|1\n|-damage|p2b: Krookodile|6/100|[from] Stealth Rock\n|-ability|p2b: Krookodile|Intimidate|boost\n|-unboost|p1a: \ud83d\udd78\ufe0fTitan\ud83d\udd78\ufe0f|atk|1\n|-unboost|p1b: \ud83d\udd78\ufe0fTiara\ud83d\udd78\ufe0f|atk|1\n|turn|9\n|\n|t:|1776144788\n|move|p1b: \ud83d\udd78\ufe0fTiara\ud83d\udd78\ufe0f|Giga Drain|p2b: Krookodile\n|-supereffective|p2b: Krookodile|1\n|-damage|p2b: Krookodile|0 fnt\n|-heal|p1b: \ud83d\udd78\ufe0fTiara\ud83d\udd78\ufe0f|54/100|[from] drain|[of] p2b: Krookodile\n|faint|p2b: Krookodile\n|move|p1a: \ud83d\udd78\ufe0fTitan\ud83d\udd78\ufe0f|Lunge|p2a: Steelix\n|-resisted|p2a: Steelix|1\n|-damage|p2a: Steelix|5/100\n|-unboost|p2a: Steelix|atk|1\n|move|p2a: Steelix|Body Press|p1a: \ud83d\udd78\ufe0fTitan\ud83d\udd78\ufe0f\n|-resisted|p1a: \ud83d\udd78\ufe0fTitan\ud83d\udd78\ufe0f|1\n|-damage|p1a: \ud83d\udd78\ufe0fTitan\ud83d\udd78\ufe0f|24/100\n|\n|-weather|Sandstorm|[upkeep]\n|-damage|p1b: \ud83d\udd78\ufe0fTiara\ud83d\udd78\ufe0f|47/100|[from] Sandstorm\n|-damage|p1a: \ud83d\udd78\ufe0fTitan\ud83d\udd78\ufe0f|18/100|[from] Sandstorm\n|upkeep\n|turn|10\n|c|\u2606GalvanTic|ggs\n|\n|t:|1776144811\n|move|p1b: \ud83d\udd78\ufe0fTiara\ud83d\udd78\ufe0f|Fiery Dance|p2a: Steelix\n|-supereffective|p2a: Steelix|1\n|-damage|p2a: Steelix|0 fnt\n|faint|p2a: Steelix\n|\n|win|GalvanTic\n|raw|GalvanTic's rating: 1000 &rarr; <strong>1040</strong><br />(+40 for winning)\n|raw|Captin CuC's rating: 1000 &rarr; <strong>1000</strong><br />(+0 for losing)\n|l|\u2606Captin CuC\n|player|p2|\n",
  "uploadtime": 1776144823,
  "views": 27,
  "formatid": "gen9championsvgc2026regma",
  "rating": 1000,
  "private": 0,
  "password": null
}