{
  "id": "gen9championsvgc2026regma-2585392954",
  "format": "[Gen 9 Champions] VGC 2026 Reg M-A",
  "players": [
    "Pazou<3",
    "kndrck_ody"
  ],
  "log": "|j|\u2606Pazou<3\n|j|\u2606kndrck_ody\n|t:|1776343949\n|gametype|doubles\n|player|p1|Pazou<3|ninjaboy|1047\n|player|p2|kndrck_ody|n|1055\n|gen|9\n|tier|[Gen 9 Champions] VGC 2026 Reg M-A\n|rated|\n|rule|Species Clause: Limit one of each Pok\u00e9mon\n|rule|Item Clause: Limit 1 of each item\n|clearpoke\n|poke|p1|Hatterene, L50, F|\n|poke|p1|Camerupt, L50, M|\n|poke|p1|Trevenant, L50, F|\n|poke|p1|Crabominable, L50, M|\n|poke|p1|Excadrill, L50, M|\n|poke|p1|Sableye, L50, F|\n|poke|p2|Pelipper, L50, F|\n|poke|p2|Basculegion, L50, M|\n|poke|p2|Archaludon, L50, M|\n|poke|p2|Whimsicott, L50, F|\n|poke|p2|Meganium, L50, M|\n|poke|p2|Gardevoir, L50, F|\n|teampreview|4\n|\n|t:|1776343978\n|teamsize|p1|4\n|teamsize|p2|4\n|start\n|switch|p1a: Sylvain Granier|Trevenant, L50, F|100/100\n|switch|p1b: AAAAAAAAAAAAAAAAAA|Camerupt, L50, M|100/100\n|switch|p2a: Whimsicott|Whimsicott, L50, F|100/100\n|switch|p2b: Meganium|Meganium, L50, M|100/100\n|turn|1\n|\n|t:|1776344004\n|detailschange|p2b: Meganium|Meganium-Mega, L50, M\n|-mega|p2b: Meganium|Meganium|Meganiumite\n|move|p1b: AAAAAAAAAAAAAAAAAA|Protect|p1b: AAAAAAAAAAAAAAAAAA\n|-singleturn|p1b: AAAAAAAAAAAAAAAAAA|Protect\n|move|p2a: Whimsicott|Tailwind|p2a: Whimsicott\n|-sidestart|p2: kndrck_ody|move: Tailwind\n|move|p2b: Meganium|Weather Ball|p1a: Sylvain Granier\n|-supereffective|p1a: Sylvain Granier|1\n|-damage|p1a: Sylvain Granier|6/100\n|-enditem|p1a: Sylvain Granier|Sitrus Berry|[eat]\n|-heal|p1a: Sylvain Granier|31/100|[from] item: Sitrus Berry\n|move|p1a: Sylvain Granier|Trick Room|p1a: Sylvain Granier\n|-fieldstart|move: Trick Room|[of] p1a: Sylvain Granier\n|\n|-item|p1a: Sylvain Granier|Sitrus Berry|[from] ability: Harvest\n|upkeep\n|-enditem|p1a: Sylvain Granier|Sitrus Berry|[eat]\n|-heal|p1a: Sylvain Granier|55/100|[from] item: Sitrus Berry\n|turn|2\n|\n|t:|1776344023\n|detailschange|p1b: AAAAAAAAAAAAAAAAAA|Camerupt-Mega, L50, M\n|-mega|p1b: AAAAAAAAAAAAAAAAAA|Camerupt|Cameruptite\n|move|p2a: Whimsicott|Encore|p1a: Sylvain Granier\n|-start|p1a: Sylvain Granier|Encore\n|move|p1b: AAAAAAAAAAAAAAAAAA|Eruption|p2a: Whimsicott|[spread] p2a,p2b\n|-supereffective|p2a: Whimsicott|1\n|-supereffective|p2b: Meganium|1\n|-damage|p2a: Whimsicott|0 fnt\n|-damage|p2b: Meganium|0 fnt\n|faint|p2a: Whimsicott\n|faint|p2b: Meganium\n|move|p1a: Sylvain Granier|Trick Room|p1a: Sylvain Granier\n|-fieldend|move: Trick Room\n|\n|-item|p1a: Sylvain Granier|Sitrus Berry|[from] ability: Harvest\n|upkeep\n|\n|t:|1776344033\n|switch|p2a: Pelipper|Pelipper, L50, F|100/100\n|switch|p2b: Basculegion|Basculegion, L50, M, shiny|100/100\n|-weather|RainDance|[from] ability: Drizzle|[of] p2a: Pelipper\n|turn|3\n|\n|t:|1776344048\n|move|p1b: AAAAAAAAAAAAAAAAAA|Protect|p1b: AAAAAAAAAAAAAAAAAA\n|-singleturn|p1b: AAAAAAAAAAAAAAAAAA|Protect\n|move|p2b: Basculegion|Waterfall|p1b: AAAAAAAAAAAAAAAAAA\n|-activate|p1b: AAAAAAAAAAAAAAAAAA|move: Protect\n|move|p2a: Pelipper|Hurricane|p1a: Sylvain Granier\n|-supereffective|p1a: Sylvain Granier|1\n|-damage|p1a: Sylvain Granier|0 fnt\n|faint|p1a: Sylvain Granier\n|\n|-weather|RainDance|[upkeep]\n|upkeep\n|l|\u2606kndrck_ody\n|player|p2|\n|\n|t:|1776344066\n|switch|p1a: GetMogged|Sableye, L50, F|100/100\n|turn|4\n|j|\u2606kndrck_ody\n|player|p2|kndrck_ody|n|\n|inactive|Battle timer is ON: inactive players will automatically lose when time's up. (requested by Pazou<3)\n|l|\u2606kndrck_ody\n|inactive|kndrck_ody disconnected and has a minute to reconnect!\n|player|p2|\n|j|\u2606kndrck_ody\n|inactive|kndrck_ody reconnected and has 80 seconds left.\n|player|p2|kndrck_ody|n|\n|\n|t:|1776344129\n|switch|p1b: Jane Trick Room|Hatterene, L50, F|100/100\n|move|p1a: GetMogged|Sunny Day|p1a: GetMogged\n|-weather|SunnyDay\n|move|p2b: Basculegion|Waterfall|p1b: Jane Trick Room\n|-damage|p1b: Jane Trick Room|77/100\n|move|p2a: Pelipper|Hurricane|p1a: GetMogged\n|-damage|p1a: GetMogged|14/100\n|\n|-weather|SunnyDay|[upkeep]\n|-sideend|p2: kndrck_ody|move: Tailwind\n|upkeep\n|turn|5\n|inactive|kndrck_ody has 30 seconds left.\n|\n|t:|1776344158\n|move|p1a: GetMogged|Encore|p2b: Basculegion\n|-start|p2b: Basculegion|Encore\n|move|p2b: Basculegion|Waterfall|p1b: Jane Trick Room\n|-damage|p1b: Jane Trick Room|51/100\n|move|p2a: Pelipper|Ice Beam|p1a: GetMogged\n|-damage|p1a: GetMogged|0 fnt\n|faint|p1a: GetMogged\n|move|p1b: Jane Trick Room|Trick Room|p1b: Jane Trick Room\n|-fieldstart|move: Trick Room|[of] p1b: Jane Trick Room\n|\n|-weather|SunnyDay|[upkeep]\n|upkeep\n|\n|t:|1776344164\n|switch|p1a: AAAAAAAAAAAAAAAAAA|Camerupt-Mega, L50, M|100/100\n|turn|6\n|\n|t:|1776344176\n|move|p1b: Jane Trick Room|Psychic|p2b: Basculegion\n|-damage|p2b: Basculegion|40/100\n|move|p1a: AAAAAAAAAAAAAAAAAA|Eruption|p2b: Basculegion|[spread] p2a,p2b\n|-resisted|p2a: Pelipper|1\n|-resisted|p2b: Basculegion|1\n|-damage|p2a: Pelipper|30/100\n|-damage|p2b: Basculegion|0 fnt\n|faint|p2b: Basculegion\n|move|p2a: Pelipper|Hydro Pump|p1a: AAAAAAAAAAAAAAAAAA|[miss]\n|-miss|p2a: Pelipper|p1a: AAAAAAAAAAAAAAAAAA\n|\n|-weather|SunnyDay|[upkeep]\n|upkeep\n|turn|7\n|\n|t:|1776344188\n|move|p1b: Jane Trick Room|Psychic|p2a: Pelipper\n|-damage|p2a: Pelipper|0 fnt\n|faint|p2a: Pelipper\n|\n|win|Pazou<3\n|raw|Pazou&lt;3's rating: 1047 &rarr; <strong>1081</strong><br />(+34 for winning)\n|raw|kndrck_ody's rating: 1055 &rarr; <strong>1036</strong><br />(-19 for losing)\n|l|\u2606kndrck_ody\n|player|p2|\n",
  "uploadtime": 1776344203,
  "views": 24,
  "formatid": "gen9championsvgc2026regma",
  "rating": 1036,
  "private": 0,
  "password": null
}