{
  "id": "gen9championsvgc2026regma-2588060361",
  "format": "[Gen 9 Champions] VGC 2026 Reg M-A",
  "players": [
    "TheBallistic1",
    "gogozeppeli190"
  ],
  "log": "|j|\u2606TheBallistic1\n|j|\u2606gogozeppeli190\n|t:|1776599465\n|gametype|doubles\n|player|p1|TheBallistic1|colress|1153\n|player|p2|gogozeppeli190|101|1164\n|gen|9\n|tier|[Gen 9 Champions] VGC 2026 Reg M-A\n|rated|\n|rule|Species Clause: Limit one of each Pok\u00e9mon\n|rule|Item Clause: Limit 1 of each item\n|clearpoke\n|poke|p1|Floette-Eternal, L50, F|\n|poke|p1|Charizard, L50, F|\n|poke|p1|Sneasler, L50, M|\n|poke|p1|Milotic, L50, M|\n|poke|p1|Incineroar, L50, M|\n|poke|p1|Sinistcha, L50|\n|poke|p2|Ditto, L50|\n|poke|p2|Kangaskhan, L50, F|\n|poke|p2|Sneasler, L50, F|\n|poke|p2|Rotom-Heat, L50|\n|poke|p2|Sinistcha, L50|\n|poke|p2|Basculegion, L50, M|\n|teampreview|4\n|\n|t:|1776599500\n|teamsize|p1|4\n|teamsize|p2|4\n|start\n|switch|p1a: Sneasler|Sneasler, L50, M|100/100\n|switch|p1b: Charizard|Charizard, L50, F|100/100\n|switch|p2a: Kangaskhan|Kangaskhan, L50, F|100/100\n|switch|p2b: Sneasler|Sneasler, L50, F|100/100\n|turn|1\n|inactive|Battle timer is ON: inactive players will automatically lose when time's up. (requested by TheBallistic1)\n|\n|t:|1776599531\n|switch|p1a: Incineroar|Incineroar, L50, M|100/100\n|-ability|p1a: Incineroar|Intimidate|boost\n|-unboost|p2a: Kangaskhan|atk|1\n|-unboost|p2b: Sneasler|atk|1\n|-enditem|p2b: Sneasler|White Herb\n|-clearnegativeboost|p2b: Sneasler|[silent]\n|detailschange|p2a: Kangaskhan|Kangaskhan-Mega, L50, F\n|-mega|p2a: Kangaskhan|Kangaskhan|Kangaskhanite\n|move|p1b: Charizard|Protect|p1b: Charizard\n|-singleturn|p1b: Charizard|Protect\n|move|p2a: Kangaskhan|Fake Out|p1b: Charizard\n|-activate|p1b: Charizard|move: Protect\n|move|p2b: Sneasler|Dire Claw|p1b: Charizard\n|-activate|p1b: Charizard|move: Protect\n|\n|upkeep\n|turn|2\n|\n|t:|1776599553\n|switch|p2b: Ditto|Ditto, L50|100/100\n|-transform|p2b: Ditto|p1a: Incineroar|[from] ability: Imposter\n|-ability|p2b: Ditto|Intimidate|boost\n|-unboost|p1a: Incineroar|atk|1\n|-unboost|p1b: Charizard|atk|1\n|detailschange|p1b: Charizard|Charizard-Mega-Y, L50, F\n|-mega|p1b: Charizard|Charizard|Charizardite Y\n|-weather|SunnyDay|[from] ability: Drought|[of] p1b: Charizard\n|move|p1a: Incineroar|Fake Out|p2b: Ditto\n|-damage|p2b: Ditto|87/100\n|move|p2a: Kangaskhan|Sucker Punch|p1b: Charizard\n|-damage|p1b: Charizard|79/100\n|-damage|p1b: Charizard|74/100\n|-hitcount|p1b: Charizard|2\n|move|p1b: Charizard|Heat Wave|p2a: Kangaskhan|[spread] p2a\n|-miss|p1b: Charizard|p2b: Ditto\n|-damage|p2a: Kangaskhan|45/100\n|\n|-weather|SunnyDay|[upkeep]\n|upkeep\n|turn|3\n|inactive|TheBallistic1 has 30 seconds left.\n|\n|t:|1776599586\n|switch|p1a: Sneasler|Sneasler, L50, M|100/100\n|move|p1b: Charizard|Protect|p1b: Charizard\n|-singleturn|p1b: Charizard|Protect\n|move|p2b: Ditto|Fake Out|p1b: Charizard\n|-activate|p1b: Charizard|move: Protect\n|move|p2a: Kangaskhan|Drain Punch|p1a: Sneasler\n|-resisted|p1a: Sneasler|1\n|-damage|p1a: Sneasler|87/100\n|-heal|p2a: Kangaskhan|50/100|[from] drain|[of] p1a: Sneasler\n|-resisted|p1a: Sneasler|1\n|-damage|p1a: Sneasler|84/100\n|-heal|p2a: Kangaskhan|52/100|[from] drain|[of] p1a: Sneasler\n|-hitcount|p1a: Sneasler|2\n|\n|-weather|SunnyDay|[upkeep]\n|upkeep\n|turn|4\n|inactive|gogozeppeli190 has 30 seconds left.\n|inactive|gogozeppeli190 has 20 seconds left.\n|inactive|gogozeppeli190 has 15 seconds left.\n|inactive|gogozeppeli190 has 10 seconds left.\n|\n|t:|1776599633\n|switch|p2a: Basculegion|Basculegion, L50, M|100/100\n|move|p1a: Sneasler|Close Combat|p2a: Basculegion\n|-immune|p2a: Basculegion\n|move|p1b: Charizard|Air Slash|p2b: Ditto\n|-damage|p2b: Ditto|24/100\n|move|p2b: Ditto|Parting Shot|p1b: Charizard\n|-unboost|p1b: Charizard|atk|1\n|-unboost|p1b: Charizard|spa|1\n|\n|t:|1776599645\n|switch|p2b: Kangaskhan|Kangaskhan-Mega, L50, F|52/100|[from] Parting Shot\n|\n|-weather|SunnyDay|[upkeep]\n|upkeep\n|turn|5\n|inactive|gogozeppeli190 has 30 seconds left.\n|inactive|gogozeppeli190 has 20 seconds left.\n|inactive|gogozeppeli190 has 15 seconds left.\n|\n|t:|1776599685\n|move|p2b: Kangaskhan|Fake Out|p1a: Sneasler\n|-damage|p1a: Sneasler|51/100\n|-damage|p1a: Sneasler|43/100\n|-hitcount|p1a: Sneasler|2\n|cant|p1a: Sneasler|flinch\n|move|p1b: Charizard|Solar Beam||[still]\n|-prepare|p1b: Charizard|Solar Beam\n|-anim|p1b: Charizard|Solar Beam|p2a: Basculegion\n|-supereffective|p2a: Basculegion|1\n|-damage|p2a: Basculegion|38/100\n|move|p2a: Basculegion|Wave Crash|p1a: Sneasler\n|-damage|p1a: Sneasler|0 fnt\n|faint|p1a: Sneasler\n|-damage|p2a: Basculegion|28/100|[from] Recoil\n|\n|-weather|SunnyDay|[upkeep]\n|upkeep\n|\n|t:|1776599695\n|switch|p1a: Incineroar|Incineroar, L50, M|100/100\n|-ability|p1a: Incineroar|Intimidate|boost\n|-unboost|p2a: Basculegion|atk|1\n|-unboost|p2b: Kangaskhan|atk|1\n|turn|6\n|\n|t:|1776599718\n|switch|p1a: Sinistcha|Sinistcha, L50|100/100\n|-heal|p1b: Charizard|99/100|[from] ability: Hospitality|[of] p1a: Sinistcha\n|move|p1b: Charizard|Heat Wave|p2b: Kangaskhan|[spread] p2a,p2b\n|-resisted|p2a: Basculegion|1\n|-crit|p2a: Basculegion\n|-damage|p2a: Basculegion|0 fnt\n|-damage|p2b: Kangaskhan|16/100\n|faint|p2a: Basculegion\n|move|p2b: Kangaskhan|Drain Punch|p1a: Sinistcha\n|-immune|p1a: Sinistcha\n|\n|-weather|none\n|upkeep\n|\n|t:|1776599732\n|switch|p2a: Ditto|Ditto, L50|24/100\n|-transform|p2a: Ditto|p1b: Charizard|[from] ability: Imposter\n|-weather|SunnyDay|[from] ability: Drought|[of] p2a: Ditto\n|turn|7\n|inactive|gogozeppeli190 has 30 seconds left.\n|\n|t:|1776599770\n|switch|p1b: Incineroar|Incineroar, L50, M|100/100\n|-ability|p1b: Incineroar|Intimidate|boost\n|-unboost|p2a: Ditto|atk|1\n|-unboost|p2b: Kangaskhan|atk|1\n|move|p2b: Kangaskhan|Sucker Punch||[still]\n|-fail|p2b: Kangaskhan\n|move|p2a: Ditto|Heat Wave|p1a: Sinistcha|[spread] p1a,p1b\n|-supereffective|p1a: Sinistcha|1\n|-resisted|p1b: Incineroar|1\n|-damage|p1a: Sinistcha|0 fnt\n|-damage|p1b: Incineroar|80/100\n|faint|p1a: Sinistcha\n|\n|-weather|SunnyDay|[upkeep]\n|upkeep\n|\n|t:|1776599777\n|switch|p1a: Charizard|Charizard-Mega-Y, L50, F|99/100\n|turn|8\n|inactive|gogozeppeli190 has 30 seconds left.\n|inactive|gogozeppeli190 has 20 seconds left.\n|\n|t:|1776599815\n|move|p1b: Incineroar|Fake Out|p2a: Ditto\n|-damage|p2a: Ditto|1/100\n|move|p2b: Kangaskhan|Sucker Punch|p1a: Charizard\n|-damage|p1a: Charizard|82/100\n|-damage|p1a: Charizard|78/100\n|-hitcount|p1a: Charizard|2\n|cant|p2a: Ditto|flinch\n|move|p1a: Charizard|Heat Wave|p2b: Kangaskhan|[spread] p2b\n|-miss|p1a: Charizard|p2a: Ditto\n|-damage|p2b: Kangaskhan|0 fnt\n|faint|p2b: Kangaskhan\n|\n|-weather|SunnyDay|[upkeep]\n|upkeep\n|\n|t:|1776599828\n|switch|p2b: Sneasler|Sneasler, L50, F|100/100\n|turn|9\n|\n|t:|1776599849\n|move|p2b: Sneasler|Fake Out|p1a: Charizard\n|-damage|p1a: Charizard|54/100\n|cant|p1a: Charizard|flinch\n|move|p2a: Ditto|Heat Wave|p1b: Incineroar|[spread] p1a,p1b\n|-resisted|p1a: Charizard|1\n|-resisted|p1b: Incineroar|1\n|-damage|p1a: Charizard|33/100\n|-damage|p1b: Incineroar|59/100\n|move|p1b: Incineroar|Darkest Lariat|p2a: Ditto\n|-damage|p2a: Ditto|0 fnt\n|faint|p2a: Ditto\n|\n|-weather|SunnyDay|[upkeep]\n|upkeep\n|turn|10\n|inactive|TheBallistic1 has 30 seconds left.\n|inactive|gogozeppeli190 has 30 seconds left.\n|\n|t:|1776599877\n|move|p1a: Charizard|Protect|p1a: Charizard\n|-singleturn|p1a: Charizard|Protect\n|move|p2b: Sneasler|Dire Claw|p1a: Charizard\n|-activate|p1a: Charizard|move: Protect\n|move|p1b: Incineroar|Darkest Lariat|p2b: Sneasler\n|-resisted|p2b: Sneasler|1\n|-damage|p2b: Sneasler|59/100\n|\n|-weather|SunnyDay|[upkeep]\n|upkeep\n|turn|11\n|\n|t:|1776599888\n|move|p2b: Sneasler|Dire Claw|p1a: Charizard\n|-damage|p1a: Charizard|0 fnt\n|faint|p1a: Charizard\n|move|p1b: Incineroar|Darkest Lariat|p2b: Sneasler\n|-resisted|p2b: Sneasler|1\n|-damage|p2b: Sneasler|22/100\n|\n|-weather|none\n|upkeep\n|turn|12\n|\n|t:|1776599898\n|move|p2b: Sneasler|Close Combat|p1b: Incineroar\n|-supereffective|p1b: Incineroar|1\n|-damage|p1b: Incineroar|0 fnt\n|-unboost|p2b: Sneasler|def|1\n|-unboost|p2b: Sneasler|spd|1\n|faint|p1b: Incineroar\n|\n|win|gogozeppeli190\n|raw|TheBallistic1's rating: 1153 &rarr; <strong>1129</strong><br />(-24 for losing)\n|raw|gogozeppeli190's rating: 1164 &rarr; <strong>1188</strong><br />(+24 for winning)\n",
  "uploadtime": 1776599901,
  "views": 12,
  "formatid": "gen9championsvgc2026regma",
  "rating": 1129,
  "private": 0,
  "password": null
}