{
  "id": "gen9championsvgc2026regma-2584628154",
  "format": "[Gen 9 Champions] VGC 2026 Reg M-A",
  "players": [
    "Dadus7279",
    "shunosaurus"
  ],
  "log": "|j|\u2606Dadus7279\n|j|\u2606shunosaurus\n|t:|1776273076\n|gametype|doubles\n|player|p1|Dadus7279|hugh|1338\n|player|p2|shunosaurus|psychic-gen4|1355\n|gen|9\n|tier|[Gen 9 Champions] VGC 2026 Reg M-A\n|rated|\n|rule|Species Clause: Limit one of each Pok\u00e9mon\n|rule|Item Clause: Limit 1 of each item\n|clearpoke\n|poke|p1|Tyranitar, L50, F|\n|poke|p1|Garchomp, L50, M|\n|poke|p1|Corviknight, L50, M|\n|poke|p1|Rotom-Wash, L50|\n|poke|p1|Sneasler, L50, M|\n|poke|p1|Sinistcha, L50|\n|poke|p2|Orthworm, L50, F|\n|poke|p2|Excadrill, L50, M|\n|poke|p2|Tyranitar, L50, F|\n|poke|p2|Sinistcha, L50|\n|poke|p2|Primarina, L50, M|\n|poke|p2|Rotom-Heat, L50|\n|teampreview|4\n|inactive|Battle timer is ON: inactive players will automatically lose when time's up. (requested by Dadus7279)\n|c|\u2606shunosaurus|glhf\n|inactive|Dadus7279 has 60 seconds left.\n|c|\u2606Dadus7279|u2\n|\n|t:|1776273125\n|teamsize|p1|4\n|teamsize|p2|4\n|start\n|switch|p1a: Tyranitar|Tyranitar, L50, F|100/100\n|switch|p1b: Sneasler|Sneasler, L50, M|100/100\n|switch|p2a: Terrance|Excadrill, L50, M|100/100\n|switch|p2b: Matilda|Tyranitar, L50, F|100/100\n|-weather|Sandstorm|[from] ability: Sand Stream|[of] p1a: Tyranitar\n|turn|1\n|\n|t:|1776273154\n|detailschange|p1a: Tyranitar|Tyranitar-Mega, L50, F\n|-mega|p1a: Tyranitar|Tyranitar|Tyranitarite\n|detailschange|p2b: Matilda|Tyranitar-Mega, L50, F\n|-mega|p2b: Matilda|Tyranitar|Tyranitarite\n|move|p2a: Terrance|Protect|p2a: Terrance\n|-singleturn|p2a: Terrance|Protect\n|move|p1b: Sneasler|Close Combat|p2a: Terrance\n|-activate|p2a: Terrance|move: Protect\n|move|p1a: Tyranitar|Dragon Dance|p1a: Tyranitar\n|-boost|p1a: Tyranitar|atk|1\n|-boost|p1a: Tyranitar|spe|1\n|move|p2b: Matilda|High Horsepower|p1b: Sneasler\n|-supereffective|p1b: Sneasler|1\n|-damage|p1b: Sneasler|0 fnt\n|faint|p1b: Sneasler\n|\n|-weather|Sandstorm|[upkeep]\n|upkeep\n|\n|t:|1776273169\n|switch|p1b: Rotom|Rotom-Wash, L50|100/100\n|turn|2\n|\n|t:|1776273188\n|move|p2b: Matilda|Protect|p2b: Matilda\n|-singleturn|p2b: Matilda|Protect\n|move|p2a: Terrance|Iron Head|p1a: Tyranitar\n|-supereffective|p1a: Tyranitar|1\n|-damage|p1a: Tyranitar|33/100\n|move|p1a: Tyranitar|Rock Slide|p2b: Matilda|[spread] p2a\n|-activate|p2b: Matilda|move: Protect\n|-resisted|p2a: Terrance|2\n|-damage|p2a: Terrance|84/100\n|move|p1b: Rotom|Hydro Pump|p2a: Terrance|[miss]\n|-miss|p1b: Rotom|p2a: Terrance\n|\n|-weather|Sandstorm|[upkeep]\n|-damage|p1b: Rotom|95/100|[from] Sandstorm\n|-heal|p1b: Rotom|100/100|[from] item: Leftovers\n|upkeep\n|turn|3\n|\n|t:|1776273204\n|switch|p2b: Sinistcha|Sinistcha, L50|100/100\n|-heal|p2a: Terrance|100/100|[from] ability: Hospitality|[of] p2b: Sinistcha\n|move|p1a: Tyranitar|Protect|p1a: Tyranitar\n|-singleturn|p1a: Tyranitar|Protect\n|move|p2a: Terrance|Iron Head|p1a: Tyranitar\n|-activate|p1a: Tyranitar|move: Protect\n|move|p1b: Rotom|Hydro Pump|p2a: Terrance\n|-supereffective|p2a: Terrance|1\n|-enditem|p2a: Terrance|Focus Sash\n|-damage|p2a: Terrance|1/100\n|\n|-weather|Sandstorm|[upkeep]\n|-damage|p1b: Rotom|95/100|[from] Sandstorm\n|-damage|p2b: Sinistcha|94/100|[from] Sandstorm\n|-heal|p1b: Rotom|100/100|[from] item: Leftovers\n|upkeep\n|turn|4\n|\n|t:|1776273226\n|switch|p1a: Sinistcha|Sinistcha, L50|100/100\n|move|p2a: Terrance|Iron Head|p1a: Sinistcha\n|-damage|p1a: Sinistcha|57/100\n|move|p1b: Rotom|Volt Switch|p2b: Sinistcha\n|-resisted|p2b: Sinistcha|1\n|-damage|p2b: Sinistcha|78/100\n|\n|t:|1776273233\n|switch|p1b: Tyranitar|Tyranitar-Mega, L50, F|33/100|[from] Volt Switch\n|move|p2b: Sinistcha|Trick Room|p2b: Sinistcha\n|-fieldstart|move: Trick Room|[of] p2b: Sinistcha\n|\n|-weather|Sandstorm|[upkeep]\n|-damage|p2b: Sinistcha|72/100|[from] Sandstorm\n|-damage|p1a: Sinistcha|50/100|[from] Sandstorm\n|-enditem|p1a: Sinistcha|Sitrus Berry|[eat]\n|-heal|p1a: Sinistcha|75/100|[from] item: Sitrus Berry\n|upkeep\n|turn|5\n|\n|t:|1776273246\n|move|p1b: Tyranitar|Protect|p1b: Tyranitar\n|-singleturn|p1b: Tyranitar|Protect\n|move|p2b: Sinistcha|Matcha Gotcha|p1a: Sinistcha|[spread] p1a\n|-activate|p1b: Tyranitar|move: Protect\n|-resisted|p1a: Sinistcha|1\n|-damage|p1a: Sinistcha|65/100\n|-heal|p2b: Sinistcha|77/100|[from] drain|[of] p1a: Sinistcha\n|move|p1a: Sinistcha|Matcha Gotcha|p2b: Sinistcha|[spread] p2a,p2b\n|-resisted|p2b: Sinistcha|1\n|-damage|p2a: Terrance|0 fnt\n|-heal|p1a: Sinistcha|66/100|[from] drain|[of] p2a: Terrance\n|-damage|p2b: Sinistcha|62/100\n|-heal|p1a: Sinistcha|73/100|[from] drain|[of] p2b: Sinistcha\n|faint|p2a: Terrance\n|\n|-weather|none\n|upkeep\n|\n|t:|1776273250\n|switch|p2a: Primarina|Primarina, L50, M|100/100\n|turn|6\n|\n|t:|1776273267\n|move|p1b: Tyranitar|Protect||[still]\n|-fail|p1b: Tyranitar\n|move|p2a: Primarina|Psychic Noise|p1a: Sinistcha\n|-resisted|p1a: Sinistcha|1\n|-damage|p1a: Sinistcha|56/100\n|-start|p1a: Sinistcha|move: Heal Block\n|move|p2b: Sinistcha|Matcha Gotcha|p1a: Sinistcha|[spread] p1b\n|-miss|p2b: Sinistcha|p1a: Sinistcha\n|-supereffective|p1b: Tyranitar|1\n|-damage|p1b: Tyranitar|0 fnt\n|-heal|p2b: Sinistcha|80/100|[from] drain|[of] p1b: Tyranitar\n|faint|p1b: Tyranitar\n|cant|p1a: Sinistcha|move: Heal Block|Matcha Gotcha\n|\n|upkeep\n|c|\u2606Dadus7279|ggs\n|\n|t:|1776273282\n|switch|p1b: Rotom|Rotom-Wash, L50|100/100\n|turn|7\n|c|\u2606shunosaurus|ggs\n|\n|t:|1776273295\n|move|p1a: Sinistcha|Protect|p1a: Sinistcha\n|-singleturn|p1a: Sinistcha|Protect\n|move|p2a: Primarina|Moonblast|p1b: Rotom\n|-damage|p1b: Rotom|47/100\n|move|p2b: Sinistcha|Matcha Gotcha|p1a: Sinistcha|[spread] p1b\n|-activate|p1a: Sinistcha|move: Protect\n|-supereffective|p1b: Rotom|1\n|-damage|p1b: Rotom|0 fnt\n|-heal|p2b: Sinistcha|100/100|[from] drain|[of] p1b: Rotom\n|faint|p1b: Rotom\n|\n|-end|p1a: Sinistcha|move: Heal Block\n|upkeep\n|turn|8\n|-message|Dadus7279 forfeited.\n|\n|win|shunosaurus\n|raw|Dadus7279's rating: 1338 &rarr; <strong>1319</strong><br />(-19 for losing)\n|raw|shunosaurus's rating: 1355 &rarr; <strong>1374</strong><br />(+19 for winning)\n|l|\u2606Dadus7279\n|player|p1|\n",
  "uploadtime": 1776273304,
  "views": 30,
  "formatid": "gen9championsvgc2026regma",
  "rating": 1319,
  "private": 0,
  "password": null
}