{
  "id": "gen9championsvgc2026regma-2586615519",
  "format": "[Gen 9 Champions] VGC 2026 Reg M-A",
  "players": [
    "Shapesister",
    "angrybook"
  ],
  "log": "|j|\u2606Shapesister\n|j|\u2606angrybook\n|t:|1776446978\n|gametype|doubles\n|player|p1|Shapesister|valerie|1182\n|player|p2|angrybook|pokemaniac|1226\n|gen|9\n|tier|[Gen 9 Champions] VGC 2026 Reg M-A\n|rated|\n|rule|Species Clause: Limit one of each Pok\u00e9mon\n|rule|Item Clause: Limit 1 of each item\n|clearpoke\n|poke|p1|Empoleon, L50, F|\n|poke|p1|Wyrdeer, L50, F|\n|poke|p1|Vaporeon, L50, F|\n|poke|p1|Skarmory, L50, M|\n|poke|p1|Dragapult, L50, M|\n|poke|p1|Vivillon-Polar, L50, M|\n|poke|p2|Charizard, L50, M|\n|poke|p2|Incineroar, L50, F|\n|poke|p2|Milotic, L50, F|\n|poke|p2|Lucario, L50, F|\n|poke|p2|Basculegion, L50, M|\n|poke|p2|Meowscarada, L50, M|\n|teampreview|4\n|inactive|Battle timer is ON: inactive players will automatically lose when time's up. (requested by angrybook)\nangrybook rejected open team sheets.\n|inactive|angrybook has 60 seconds left.\n|\n|t:|1776447044\n|teamsize|p1|4\n|teamsize|p2|4\n|start\n|switch|p1a: Empoleon|Empoleon, L50, F|100/100\n|switch|p1b: Wyrdeer|Wyrdeer, L50, F|100/100\n|switch|p2a: Milotic|Milotic, L50, F|100/100\n|switch|p2b: Charizard|Charizard, L50, M|100/100\n|-ability|p1b: Wyrdeer|Intimidate|boost\n|-unboost|p2a: Milotic|atk|1\n|-ability|p2a: Milotic|Competitive|boost\n|-boost|p2a: Milotic|spa|2\n|-unboost|p2b: Charizard|atk|1\n|turn|1\n|inactive|Shapesister has 30 seconds left.\n|inactive|angrybook has 30 seconds left.\n|inactive|Shapesister has 20 seconds left.\n|inactive|Shapesister has 15 seconds left.\n|inactive|Shapesister has 10 seconds left.\n|inactive|Shapesister has 5 seconds left.\n|\n|t:|1776447103\n|switch|p2b: Meowscarada|Meowscarada, L50, M|100/100\n|move|p1a: Empoleon|Protect|p1a: Empoleon\n|-singleturn|p1a: Empoleon|Protect\n|move|p2a: Milotic|Scald|p1b: Wyrdeer\n|-damage|p1b: Wyrdeer|31/100\n|-status|p1b: Wyrdeer|brn\n|move|p1b: Wyrdeer|Skill Swap|p2b: Meowscarada\n|-activate|p1b: Wyrdeer|Skill Swap|Overgrow|Intimidate|[of] p2b: Meowscarada\n|-ability|p2b: Meowscarada|Intimidate|boost\n|-unboost|p1a: Empoleon|atk|1\n|-ability|p1a: Empoleon|Competitive|boost\n|-boost|p1a: Empoleon|spa|2\n|-unboost|p1b: Wyrdeer|atk|1\n|\n|-damage|p1b: Wyrdeer|25/100 brn|[from] brn\n|upkeep\n|turn|2\n|inactive|Shapesister has 30 seconds left.\n|\n|t:|1776447136\n|move|p2b: Meowscarada|Knock Off|p1a: Empoleon\n|-damage|p1a: Empoleon|54/100\n|-enditem|p1a: Empoleon|Scope Lens|[from] move: Knock Off|[of] p2b: Meowscarada\n|move|p2a: Milotic|Scald|p1a: Empoleon\n|-resisted|p1a: Empoleon|1\n|-damage|p1a: Empoleon|18/100\n|move|p1a: Empoleon|Blizzard|p2b: Meowscarada|[spread] p2b\n|-miss|p1a: Empoleon|p2a: Milotic\n|-supereffective|p2b: Meowscarada|1\n|-enditem|p2b: Meowscarada|Focus Sash\n|-damage|p2b: Meowscarada|1/100\n|move|p1b: Wyrdeer|Trick Room|p1b: Wyrdeer\n|-fieldstart|move: Trick Room|[of] p1b: Wyrdeer\n|\n|-damage|p1b: Wyrdeer|19/100 brn|[from] brn\n|upkeep\n|turn|3\n|inactive|Shapesister has 30 seconds left.\n|inactive|Shapesister has 20 seconds left.\n|j| marlonvgc2\n|\n|t:|1776447174\n|switch|p1b: Vaporeon|Vaporeon, L50, F|100/100\n|move|p1a: Empoleon|Protect|p1a: Empoleon\n|-singleturn|p1a: Empoleon|Protect\n|move|p2b: Meowscarada|Protect|p2b: Meowscarada\n|-singleturn|p2b: Meowscarada|Protect\n|move|p2a: Milotic|Scald|p1a: Empoleon\n|-activate|p1a: Empoleon|move: Protect\n|\n|upkeep\n|turn|4\n|l| marlonvgc2\n|j| marlonvgc2\n|\n|t:|1776447191\n|move|p2b: Meowscarada|Sucker Punch|p1a: Empoleon\n|-damage|p1a: Empoleon|0 fnt\n|faint|p1a: Empoleon\n|move|p1b: Vaporeon|Yawn|p2a: Milotic\n|-start|p2a: Milotic|move: Yawn|[of] p1b: Vaporeon\n|move|p2a: Milotic|Scald|p1b: Vaporeon\n|-immune|p1b: Vaporeon|[from] ability: Water Absorb\n|\n|upkeep\n|\n|t:|1776447194\n|switch|p1a: Dragapult|Dragapult, L50, M|100/100\n|turn|5\n|\n|t:|1776447205\n|switch|p2a: Charizard|Charizard, L50, M|100/100\n|move|p2b: Meowscarada|Protect|p2b: Meowscarada\n|-singleturn|p2b: Meowscarada|Protect\n|move|p1b: Vaporeon|Scald|p2b: Meowscarada\n|-activate|p2b: Meowscarada|move: Protect\n|move|p1a: Dragapult|Dragon Dance|p1a: Dragapult\n|-boost|p1a: Dragapult|atk|1\n|-boost|p1a: Dragapult|spe|1\n|\n|upkeep\n|turn|6\n|\n|t:|1776447232\n|detailschange|p2a: Charizard|Charizard-Mega-X, L50, M\n|-mega|p2a: Charizard|Charizard|Charizardite X\n|move|p1a: Dragapult|Protect|p1a: Dragapult\n|-singleturn|p1a: Dragapult|Protect\n|move|p2b: Meowscarada|Sucker Punch||[still]\n|-fail|p2b: Meowscarada\n|move|p1b: Vaporeon|Blizzard|p2b: Meowscarada|[spread] p2b\n|-miss|p1b: Vaporeon|p2a: Charizard\n|-supereffective|p2b: Meowscarada|1\n|-crit|p2b: Meowscarada\n|-damage|p2b: Meowscarada|0 fnt\n|faint|p2b: Meowscarada\n|move|p2a: Charizard|Dragon Dance|p2a: Charizard\n|-boost|p2a: Charizard|atk|1\n|-boost|p2a: Charizard|spe|1\n|\n|-fieldend|move: Trick Room\n|upkeep\n|\n|t:|1776447236\n|switch|p2b: Basculegion|Basculegion, L50, M|100/100\n|turn|7\n|\n|t:|1776447260\n|move|p1a: Dragapult|Phantom Force||[still]\n|-prepare|p1a: Dragapult|Phantom Force\n|move|p2a: Charizard|Dragon Claw|p1a: Dragapult|[miss]\n|-miss|p2a: Charizard|p1a: Dragapult\n|move|p2b: Basculegion|Last Respects|p1a: Dragapult|[miss]\n|-miss|p2b: Basculegion|p1a: Dragapult\n|move|p1b: Vaporeon|Yawn|p2a: Charizard\n|-start|p2a: Charizard|move: Yawn|[of] p1b: Vaporeon\n|\n|upkeep\n|turn|8\n|\n|t:|1776447273\n|switch|p2b: Milotic|Milotic, L50, F|100/100\n|move|p1b: Vaporeon|Protect|p1b: Vaporeon\n|-singleturn|p1b: Vaporeon|Protect\n|move|p1a: Dragapult|Phantom Force|p2b: Milotic|[from] lockedmove\n|-damage|p2b: Milotic|39/100\n|-enditem|p2b: Milotic|Sitrus Berry|[eat]\n|-heal|p2b: Milotic|64/100|[from] item: Sitrus Berry\n|move|p2a: Charizard|Dragon Claw|p1a: Dragapult\n|-supereffective|p1a: Dragapult|1\n|-damage|p1a: Dragapult|0 fnt\n|faint|p1a: Dragapult\n|\n|-end|p2a: Charizard|move: Yawn|[silent]\n|-status|p2a: Charizard|slp\n|upkeep\n|\n|t:|1776447284\n|switch|p1a: Wyrdeer|Wyrdeer, L50, F|19/100 brn\n|-ability|p1a: Wyrdeer|Intimidate|boost\n|-unboost|p2a: Charizard|atk|1\n|-unboost|p2b: Milotic|atk|1\n|-ability|p2b: Milotic|Competitive|boost\n|-boost|p2b: Milotic|spa|2\n|turn|9\n|-message|Shapesister forfeited.\n|\n|win|angrybook\n|raw|Shapesister's rating: 1182 &rarr; <strong>1160</strong><br />(-22 for losing)\n|raw|angrybook's rating: 1226 &rarr; <strong>1248</strong><br />(+22 for winning)\n|l|\u2606Shapesister\n|player|p1|\n|c|\u2606angrybook|gg\n|l|\u2606angrybook\n|player|p2|\n",
  "uploadtime": 1776447319,
  "views": 30,
  "formatid": "gen9championsvgc2026regma",
  "rating": 1160,
  "private": 0,
  "password": null
}