{
  "id": "gen9championsvgc2026regma-2582596571",
  "format": "[Gen 9 Champions] VGC 2026 Reg M-A",
  "players": [
    "byableorange4",
    "Energoblock4th"
  ],
  "log": "|j|\u2606byableorange4\n|j|\u2606Energoblock4th\n|t:|1776101642\n|gametype|doubles\n|player|p1|byableorange4|n|1162\n|player|p2|Energoblock4th|flannery|1216\n|gen|9\n|tier|[Gen 9 Champions] VGC 2026 Reg M-A\n|rated|\n|rule|Species Clause: Limit one of each Pok\u00e9mon\n|rule|Item Clause: Limit 1 of each item\n|clearpoke\n|poke|p1|Banette, L50, F|\n|poke|p1|Incineroar, L50, F|\n|poke|p1|Gallade, L50, M|\n|poke|p1|Kingambit, L50, F|\n|poke|p1|Dragonite, L50, M|\n|poke|p1|Rotom-Wash, L50|\n|poke|p2|Charizard, L50, F|\n|poke|p2|Venusaur, L50, M|\n|poke|p2|Garchomp, L50, F|\n|poke|p2|Sneasler, L50, M|\n|poke|p2|Rotom-Wash, L50|\n|poke|p2|Incineroar, L50, M|\n|teampreview|4\n|inactive|Battle timer is ON: inactive players will automatically lose when time's up. (requested by byableorange4)\n|inactive|byableorange4 has 60 seconds left.\n|\n|t:|1776101692\n|teamsize|p1|4\n|teamsize|p2|4\n|start\n|switch|p1a: Banette|Banette, L50, F|100/100\n|switch|p1b: Incineroar|Incineroar, L50, F|100/100\n|switch|p2a: Venusaur|Venusaur, L50, M|100/100\n|switch|p2b: Charizard|Charizard, L50, F|100/100\n|-ability|p1b: Incineroar|Intimidate|boost\n|-unboost|p2a: Venusaur|atk|1\n|-unboost|p2b: Charizard|atk|1\n|turn|1\n|\n|t:|1776101715\n|detailschange|p2b: Charizard|Charizard-Mega-Y, L50, F\n|-mega|p2b: Charizard|Charizard|Charizardite Y\n|-weather|SunnyDay|[from] ability: Drought|[of] p2b: Charizard\n|detailschange|p1a: Banette|Banette-Mega, L50, F\n|-mega|p1a: Banette|Banette|Banettite\n|move|p1b: Incineroar|Fake Out|p2a: Venusaur\n|-damage|p2a: Venusaur|81/100\n|cant|p2a: Venusaur|flinch\n|move|p2b: Charizard|Heat Wave|p1a: Banette|[spread] p1b\n|-miss|p2b: Charizard|p1a: Banette\n|-resisted|p1b: Incineroar|1\n|-damage|p1b: Incineroar|69/100\n|move|p1a: Banette|Trick Room|p1a: Banette\n|-fieldstart|move: Trick Room|[of] p1a: Banette\n|\n|-weather|SunnyDay|[upkeep]\n|upkeep\n|turn|2\n|\n|t:|1776101738\n|move|p1a: Banette|Scary Face|p1b: Incineroar\n|-unboost|p1b: Incineroar|spe|2\n|move|p1b: Incineroar|Lash Out|p2b: Charizard\n|-damage|p2b: Charizard|0 fnt\n|faint|p2b: Charizard\n|move|p2a: Venusaur|Sleep Powder|p1a: Banette|[miss]\n|-miss|p2a: Venusaur|p1a: Banette\n|\n|-weather|SunnyDay|[upkeep]\n|upkeep\n|\n|t:|1776101747\n|switch|p2b: Sneasler|Sneasler, L50, M|100/100\n|turn|3\n|inactive|byableorange4 has 30 seconds left.\n|\n|t:|1776101774\n|move|p2b: Sneasler|Fake Out|p1b: Incineroar\n|-damage|p1b: Incineroar|52/100\n|move|p1a: Banette|Will-O-Wisp|p2b: Sneasler\n|-status|p2b: Sneasler|brn\n|cant|p1b: Incineroar|flinch\n|move|p2a: Venusaur|Sleep Powder|p1a: Banette\n|-status|p1a: Banette|slp|[from] move: Sleep Powder\n|\n|-weather|SunnyDay|[upkeep]\n|-damage|p2b: Sneasler|95/100 brn|[from] brn\n|upkeep\n|turn|4\n|inactive|byableorange4 has 30 seconds left.\n|\n|t:|1776101800\n|move|p2a: Venusaur|Protect|p2a: Venusaur\n|-singleturn|p2a: Venusaur|Protect\n|cant|p1a: Banette|slp\n|move|p1b: Incineroar|Parting Shot|p2a: Venusaur\n|-activate|p2a: Venusaur|move: Protect\n|move|p2b: Sneasler|Close Combat|p1b: Incineroar\n|-supereffective|p1b: Incineroar|1\n|-damage|p1b: Incineroar|0 fnt\n|-unboost|p2b: Sneasler|def|1\n|-unboost|p2b: Sneasler|spd|1\n|faint|p1b: Incineroar\n|-enditem|p2b: Sneasler|White Herb\n|-clearnegativeboost|p2b: Sneasler|[silent]\n|\n|-weather|SunnyDay|[upkeep]\n|-damage|p2b: Sneasler|89/100 brn|[from] brn\n|upkeep\n|\n|t:|1776101819\n|switch|p1b: Rotom|Rotom-Wash, L50|100/100\n|turn|5\n|\n|t:|1776101840\n|cant|p1a: Banette|slp\n|move|p1b: Rotom|Dark Pulse|p2a: Venusaur\n|-damage|p2a: Venusaur|57/100\n|move|p2a: Venusaur|Sleep Powder|p1b: Rotom\n|-status|p1b: Rotom|slp|[from] move: Sleep Powder\n|move|p2b: Sneasler|Rock Tomb|p1a: Banette\n|-damage|p1a: Banette|88/100 slp\n|-unboost|p1a: Banette|spe|1\n|\n|-weather|none\n|-damage|p2b: Sneasler|83/100 brn|[from] brn\n|-fieldend|move: Trick Room\n|upkeep\n|turn|6\n|inactive|byableorange4 has 30 seconds left.\n|\n|t:|1776101865\n|-curestatus|p1a: Banette|slp|[msg]\n|move|p1a: Banette|Scary Face|p2b: Sneasler\n|-unboost|p2b: Sneasler|spe|2\n|move|p2b: Sneasler|Dire Claw|p1a: Banette\n|-resisted|p1a: Banette|1\n|-damage|p1a: Banette|74/100\n|move|p2a: Venusaur|Leaf Storm|p1b: Rotom\n|-supereffective|p1b: Rotom|1\n|-damage|p1b: Rotom|9/100 slp\n|-unboost|p2a: Venusaur|spa|2\n|cant|p1b: Rotom|slp\n|\n|-heal|p1b: Rotom|15/100 slp|[from] item: Leftovers\n|-damage|p2b: Sneasler|78/100 brn|[from] brn\n|upkeep\n|turn|7\n|inactive|byableorange4 has 30 seconds left.\n|\n|t:|1776101899\n|move|p1a: Banette|Scary Face|p2b: Sneasler\n|-unboost|p2b: Sneasler|spe|2\n|move|p2a: Venusaur|Sleep Powder|p1a: Banette\n|-status|p1a: Banette|slp|[from] move: Sleep Powder\n|move|p2b: Sneasler|Dire Claw|p1b: Rotom\n|-damage|p1b: Rotom|0 fnt\n|faint|p1b: Rotom\n|\n|-damage|p2b: Sneasler|72/100 brn|[from] brn\n|upkeep\n|c|\u2606byableorange4|-4 snealser faster no way\n|\n|t:|1776101915\n|switch|p1b: Dragonite|Dragonite, L50, M|100/100\n|turn|8\n|\n|t:|1776101928\n|cant|p1a: Banette|slp\n|move|p1b: Dragonite|Air Slash|p2a: Venusaur\n|-supereffective|p2a: Venusaur|1\n|-damage|p2a: Venusaur|0 fnt\n|faint|p2a: Venusaur\n|move|p2b: Sneasler|Rock Tomb|p1b: Dragonite\n|-supereffective|p1b: Dragonite|1\n|-damage|p1b: Dragonite|90/100\n|-unboost|p1b: Dragonite|spe|1\n|\n|-damage|p2b: Sneasler|66/100 brn|[from] brn\n|upkeep\n|\n|t:|1776101942\n|switch|p2a: Garchomp|Garchomp, L50, F|100/100\n|turn|9\n|\n|t:|1776101951\n|cant|p1a: Banette|slp\n|move|p2a: Garchomp|Dragon Claw|p1b: Dragonite\n|-supereffective|p1b: Dragonite|1\n|-damage|p1b: Dragonite|0 fnt\n|faint|p1b: Dragonite\n|move|p2b: Sneasler|Rock Tomb|p1a: Banette\n|-damage|p1a: Banette|58/100 slp\n|-unboost|p1a: Banette|spe|1\n|\n|-damage|p2b: Sneasler|60/100 brn|[from] brn\n|upkeep\n|turn|10\n|-message|byableorange4 forfeited.\n|\n|win|Energoblock4th\n|raw|byableorange4's rating: 1162 &rarr; <strong>1141</strong><br />(-21 for losing)\n|raw|Energoblock4th's rating: 1216 &rarr; <strong>1237</strong><br />(+21 for winning)\n|l|\u2606byableorange4\n|player|p1|\n",
  "uploadtime": 1776101963,
  "views": 21,
  "formatid": "gen9championsvgc2026regma",
  "rating": 1141,
  "private": 0,
  "password": null
}