{
  "id": "gen9championsvgc2026regma-2584654484",
  "format": "[Gen 9 Champions] VGC 2026 Reg M-A",
  "players": [
    "M0hri",
    "6thgym"
  ],
  "log": "|j|\u2606M0hri\n|j|\u26066thgym\n|t:|1776274717\n|gametype|doubles\n|player|p1|M0hri|169|1091\n|player|p2|6thgym|266|1000\n|gen|9\n|tier|[Gen 9 Champions] VGC 2026 Reg M-A\n|rated|\n|rule|Species Clause: Limit one of each Pok\u00e9mon\n|rule|Item Clause: Limit 1 of each item\n|clearpoke\n|poke|p1|Floette-Eternal, L50, F|\n|poke|p1|Maushold-Four, L50|\n|poke|p1|Garchomp, L50, M|\n|poke|p1|Talonflame, L50, M|\n|poke|p1|Aegislash, L50, M|\n|poke|p1|Rotom-Wash, L50|\n|poke|p2|Froslass, L50, F|\n|poke|p2|Beartic, L50, M|\n|poke|p2|Ninetales-Alola, L50, M|\n|poke|p2|Clefable, L50, F|\n|poke|p2|Archaludon, L50, M|\n|poke|p2|Mr. Rime, L50, M|\n|teampreview|4\n|\n|t:|1776274749\n|teamsize|p1|4\n|teamsize|p2|4\n|start\n|switch|p1a: Talonflame|Talonflame, L50, M, shiny|100/100\n|switch|p1b: Floette|Floette-Eternal, L50, F|100/100\n|switch|p2a: Froslass|Froslass, L50, F, shiny|100/100\n|switch|p2b: Ninetales|Ninetales-Alola, L50, M, shiny|100/100\n|turn|1\n|\n|t:|1776274769\n|detailschange|p2a: Froslass|Froslass-Mega, L50, F, shiny\n|-mega|p2a: Froslass|Froslass|Froslassite\n|-weather|Snowscape|[from] ability: Snow Warning|[of] p2a: Froslass\n|detailschange|p1b: Floette|Floette-Mega, L50, F\n|-mega|p1b: Floette|Floette|Floettite\n|-ability|p1b: Floette|Fairy Aura\n|move|p1a: Talonflame|Tailwind|p1a: Talonflame\n|-sidestart|p1: M0hri|move: Tailwind\n|move|p1b: Floette|Calm Mind|p1b: Floette\n|-boost|p1b: Floette|spa|1\n|-boost|p1b: Floette|spd|1\n|move|p2a: Froslass|Aurora Veil|p2a: Froslass\n|-sidestart|p2: 6thgym|move: Aurora Veil\n|move|p2b: Ninetales|Blizzard|p1b: Floette|[spread] p1a,p1b\n|-damage|p1a: Talonflame|65/100\n|-damage|p1b: Floette|90/100\n|\n|-weather|Snowscape|[upkeep]\n|upkeep\n|turn|2\n|\n|t:|1776274814\n|switch|p1a: Aegislash|Aegislash, L50, M|100/100\n|move|p1b: Floette|Moonblast|p2a: Froslass\n|-damage|p2a: Froslass|0 fnt\n|faint|p2a: Froslass\n|move|p2b: Ninetales|Nasty Plot|p2b: Ninetales\n|-boost|p2b: Ninetales|spa|2\n|\n|-weather|Snowscape|[upkeep]\n|upkeep\n|\n|t:|1776274826\n|switch|p2a: Mr. Rime|Mr. Rime, L50, M, shiny|100/100\n|turn|3\n|c|\u2606M0hri|my goodness\n|c|\u26066thgym|just testing a team\n|c|\u26066thgym|it needs some work\n|c|\u26066thgym|suggjestions\n|c|\u2606M0hri|i was just in awe of the moonblast\n|c|\u2606M0hri|no idea that killed thru screens\n|c|\u26066thgym|me neither\n|c|\u2606M0hri|the blizzsard spam is def viable tho\n|c|\u2606M0hri|hits hard asf\n|-activate|p2a: Mr. Rime|item: Quick Claw\n|\n|t:|1776274895\n|move|p2a: Mr. Rime|Fake Out|p1b: Floette\n|-damage|p1b: Floette|80/100\n|cant|p1b: Floette|flinch\n|-formechange|p1a: Aegislash|Aegislash-Blade|\n|move|p1a: Aegislash|Iron Head|p2b: Ninetales\n|-supereffective|p2b: Ninetales|2\n|-damage|p2b: Ninetales|23/100\n|-enditem|p2b: Ninetales|Sitrus Berry|[eat]\n|-heal|p2b: Ninetales|48/100|[from] item: Sitrus Berry\n|move|p2b: Ninetales|Blizzard|p1a: Aegislash|[spread] p1a,p1b\n|-resisted|p1a: Aegislash|1\n|-damage|p1a: Aegislash|54/100\n|-damage|p1b: Floette|58/100\n|\n|-weather|Snowscape|[upkeep]\n|upkeep\n|turn|4\n|c|\u26066thgym|I need a answer for agislash\n|\n|t:|1776274926\n|move|p1b: Floette|Moonblast|p2a: Mr. Rime\n|-crit|p2a: Mr. Rime\n|-damage|p2a: Mr. Rime|0 fnt\n|faint|p2a: Mr. Rime\n|move|p1a: Aegislash|Iron Head|p2b: Ninetales|[miss]\n|-miss|p1a: Aegislash|p2b: Ninetales\n|move|p2b: Ninetales|Blizzard|p1a: Aegislash|[spread] p1a,p1b\n|-resisted|p1a: Aegislash|1\n|-damage|p1a: Aegislash|8/100\n|-damage|p1b: Floette|35/100\n|-status|p1b: Floette|frz\n|\n|-weather|Snowscape|[upkeep]\n|-sideend|p1: M0hri|move: Tailwind\n|upkeep\n|c|\u2606M0hri|garchomp is pretty solid\n|c|\u26066thgym|il keep that in mind\n|\n|t:|1776274941\n|switch|p2a: Archaludon|Archaludon, L50, M|100/100\n|turn|5\n|c|\u2606M0hri|basculegion is also really good in general\n|\n|t:|1776274966\n|cant|p1b: Floette|frz\n|-formechange|p1a: Aegislash|Aegislash|\n|move|p1a: Aegislash|King's Shield|p1a: Aegislash\n|-singleturn|p1a: Aegislash|Protect\n|move|p2b: Ninetales|Blizzard|p1a: Aegislash|[spread] p1b\n|-activate|p1a: Aegislash|move: Protect\n|-damage|p1b: Floette|11/100 frz\n|move|p2a: Archaludon|Meteor Beam||[still]\n|-prepare|p2a: Archaludon|Meteor Beam\n|-boost|p2a: Archaludon|spa|1\n|\n|-weather|none\n|-sideend|p2: 6thgym|move: Aurora Veil\n|upkeep\n|turn|6\n|\n|t:|1776274996\n|switch|p1b: Talonflame|Talonflame, L50, M, shiny|65/100\n|switch|p1a: Rotom|Rotom-Wash, L50, shiny|100/100\n|move|p2b: Ninetales|Blizzard|p1b: Talonflame|[spread] p1a,p1b\n|-resisted|p1a: Rotom|1\n|-damage|p1a: Rotom|74/100\n|-damage|p1b: Talonflame|0 fnt\n|faint|p1b: Talonflame\n|move|p2a: Archaludon|Meteor Beam|p1a: Rotom|[from] lockedmove|[miss]\n|-miss|p2a: Archaludon|p1a: Rotom\n|\n|upkeep\n|\n|t:|1776275008\n|switch|p1b: Floette|Floette-Mega, L50, F|11/100 frz\n|-ability|p1b: Floette|Fairy Aura\n|turn|7\n|c|\u26066thgym|damn\n|\n|t:|1776275026\n|-curestatus|p1b: Floette|frz|[msg]\n|move|p1b: Floette|Protect|p1b: Floette\n|-singleturn|p1b: Floette|Protect\n|move|p2b: Ninetales|Blizzard|p1b: Floette|[spread] \n|-activate|p1b: Floette|move: Protect\n|-miss|p2b: Ninetales|p1a: Rotom\n|move|p1a: Rotom|Hydro Pump|p2b: Ninetales|[miss]\n|-miss|p1a: Rotom|p2b: Ninetales\n|move|p2a: Archaludon|Substitute|p2a: Archaludon\n|-start|p2a: Archaludon|Substitute\n|-damage|p2a: Archaludon|76/100\n|\n|-heal|p2a: Archaludon|82/100|[from] item: Leftovers\n|upkeep\n|turn|8\n|\n|t:|1776275045\n|move|p2b: Ninetales|Extrasensory|p1b: Floette\n|-crit|p1b: Floette\n|-damage|p1b: Floette|0 fnt\n|faint|p1b: Floette\n|move|p1a: Rotom|Hydro Pump|p2b: Ninetales\n|-damage|p2b: Ninetales|0 fnt\n|faint|p2b: Ninetales\n|move|p2a: Archaludon|Electro Shot||[still]\n|-prepare|p2a: Archaludon|Electro Shot\n|-boost|p2a: Archaludon|spa|1\n|\n|-heal|p2a: Archaludon|88/100|[from] item: Leftovers\n|upkeep\n|\n|t:|1776275051\n|switch|p1b: Aegislash|Aegislash, L50, M|8/100\n|turn|9\n|\n|t:|1776275067\n|move|p1b: Aegislash|King's Shield|p1b: Aegislash\n|-singleturn|p1b: Aegislash|Protect\n|move|p1a: Rotom|Thunderbolt|p2a: Archaludon\n|-resisted|p2a: Archaludon|1\n|-end|p2a: Archaludon|Substitute\n|move|p2a: Archaludon|Electro Shot|p1a: Rotom|[from] lockedmove\n|-damage|p1a: Rotom|0 fnt\n|faint|p1a: Rotom\n|\n|-heal|p2a: Archaludon|94/100|[from] item: Leftovers\n|upkeep\n|turn|10\n|c|\u2606M0hri|gg\n|\n|t:|1776275082\n|move|p2a: Archaludon|Electro Shot||[still]\n|-prepare|p2a: Archaludon|Electro Shot\n|-boost|p2a: Archaludon|spa|1\n|-formechange|p1b: Aegislash|Aegislash-Blade|\n|move|p1b: Aegislash|Poltergeist|p2a: Archaludon\n|-activate|p2a: Archaludon|move: Poltergeist|Leftovers\n|-damage|p2a: Archaludon|42/100\n|-ability|p2a: Archaludon|Stamina|boost\n|-boost|p2a: Archaludon|def|1\n|\n|-heal|p2a: Archaludon|48/100|[from] item: Leftovers\n|upkeep\n|turn|11\n|\n|t:|1776275093\n|-formechange|p1b: Aegislash|Aegislash|\n|move|p1b: Aegislash|King's Shield|p1b: Aegislash\n|-singleturn|p1b: Aegislash|Protect\n|move|p2a: Archaludon|Electro Shot|p1b: Aegislash|[from] lockedmove\n|-activate|p1b: Aegislash|move: Protect\n|\n|-heal|p2a: Archaludon|54/100|[from] item: Leftovers\n|upkeep\n|turn|12\n|c|\u26066thgym|gg\n|\n|t:|1776275108\n|move|p2a: Archaludon|Substitute|p2a: Archaludon\n|-start|p2a: Archaludon|Substitute\n|-damage|p2a: Archaludon|29/100\n|-formechange|p1b: Aegislash|Aegislash-Blade|\n|move|p1b: Aegislash|Poltergeist|p2a: Archaludon|[miss]\n|-miss|p1b: Aegislash|p2a: Archaludon\n|\n|-heal|p2a: Archaludon|35/100|[from] item: Leftovers\n|upkeep\n|turn|13\n|\n|t:|1776275122\n|move|p2a: Archaludon|Electro Shot||[still]\n|-prepare|p2a: Archaludon|Electro Shot\n|-boost|p2a: Archaludon|spa|1\n|move|p1b: Aegislash|Poltergeist|p2a: Archaludon|[miss]\n|-miss|p1b: Aegislash|p2a: Archaludon\n|\n|-heal|p2a: Archaludon|41/100|[from] item: Leftovers\n|upkeep\n|turn|14\n|\n|t:|1776275133\n|-formechange|p1b: Aegislash|Aegislash|\n|move|p1b: Aegislash|King's Shield|p1b: Aegislash\n|-singleturn|p1b: Aegislash|Protect\n|move|p2a: Archaludon|Electro Shot|p1b: Aegislash|[from] lockedmove\n|-activate|p1b: Aegislash|move: Protect\n|\n|-heal|p2a: Archaludon|47/100|[from] item: Leftovers\n|upkeep\n|turn|15\n|\n|t:|1776275137\n|move|p2a: Archaludon|Electro Shot||[still]\n|-prepare|p2a: Archaludon|Electro Shot\n|-boost|p2a: Archaludon|spa|1\n|-formechange|p1b: Aegislash|Aegislash-Blade|\n|move|p1b: Aegislash|Poltergeist|p2a: Archaludon\n|-activate|p2a: Archaludon|move: Poltergeist|Leftovers\n|-end|p2a: Archaludon|Substitute\n|\n|-heal|p2a: Archaludon|53/100|[from] item: Leftovers\n|upkeep\n|turn|16\n|\n|t:|1776275147\n|-formechange|p1b: Aegislash|Aegislash|\n|move|p1b: Aegislash|King's Shield|p1b: Aegislash\n|-singleturn|p1b: Aegislash|Protect\n|move|p2a: Archaludon|Electro Shot|p1b: Aegislash|[from] lockedmove\n|-activate|p1b: Aegislash|move: Protect\n|\n|-heal|p2a: Archaludon|59/100|[from] item: Leftovers\n|upkeep\n|turn|17\n|\n|t:|1776275152\n|move|p2a: Archaludon|Substitute|p2a: Archaludon\n|-start|p2a: Archaludon|Substitute\n|-damage|p2a: Archaludon|35/100\n|-formechange|p1b: Aegislash|Aegislash-Blade|\n|move|p1b: Aegislash|Poltergeist|p2a: Archaludon\n|-activate|p2a: Archaludon|move: Poltergeist|Leftovers\n|-end|p2a: Archaludon|Substitute\n|\n|-heal|p2a: Archaludon|41/100|[from] item: Leftovers\n|upkeep\n|turn|18\n|\n|t:|1776275156\n|-formechange|p1b: Aegislash|Aegislash|\n|move|p1b: Aegislash|King's Shield|p1b: Aegislash\n|-singleturn|p1b: Aegislash|Protect\n|move|p2a: Archaludon|Rest|p2a: Archaludon\n|-status|p2a: Archaludon|slp|[from] move: Rest\n|-heal|p2a: Archaludon|100/100 slp|[silent]\n|\n|upkeep\n|turn|19\n|\n|t:|1776275162\n|cant|p2a: Archaludon|slp\n|-formechange|p1b: Aegislash|Aegislash-Blade|\n|move|p1b: Aegislash|Poltergeist|p2a: Archaludon\n|-activate|p2a: Archaludon|move: Poltergeist|Leftovers\n|-damage|p2a: Archaludon|66/100 slp\n|-ability|p2a: Archaludon|Stamina|boost\n|-boost|p2a: Archaludon|def|1\n|\n|-heal|p2a: Archaludon|72/100 slp|[from] item: Leftovers\n|upkeep\n|turn|20\n|-message|M0hri forfeited.\n|\n|win|6thgym\n|raw|M0hri's rating: 1091 &rarr; <strong>1061</strong><br />(-30 for losing)\n|raw|6thgym's rating: 1000 &rarr; <strong>1050</strong><br />(+50 for winning)\n|l|\u2606M0hri\n|player|p1|\n",
  "uploadtime": 1776275184,
  "views": 27,
  "formatid": "gen9championsvgc2026regma",
  "rating": 1050,
  "private": 0,
  "password": null
}