{
  "id": "gen9championsvgc2026regma-2584422219",
  "format": "[Gen 9 Champions] VGC 2026 Reg M-A",
  "players": [
    "smp on whimsicott",
    "Galact7adi"
  ],
  "log": "|j|\u2606smp on whimsicott\n|j|\u2606Galact7adi\n|t:|1776259746\n|gametype|doubles\n|player|p1|smp on whimsicott|artist-gen4|1357\n|player|p2|Galact7adi|hilbert|1269\n|gen|9\n|tier|[Gen 9 Champions] VGC 2026 Reg M-A\n|rated|\n|rule|Species Clause: Limit one of each Pok\u00e9mon\n|rule|Item Clause: Limit 1 of each item\n|clearpoke\n|poke|p1|Arcanine, L50, F|\n|poke|p1|Venusaur, L50, M|\n|poke|p1|Sneasler, L50, F|\n|poke|p1|Rotom-Wash, L50|\n|poke|p1|Garchomp, L50, M|\n|poke|p1|Corviknight, L50, F|\n|poke|p2|Meganium, L50, F|\n|poke|p2|Excadrill, L50, M|\n|poke|p2|Tyranitar, L50, M|\n|poke|p2|Rotom-Wash, L50|\n|poke|p2|Sneasler, L50, M|\n|poke|p2|Dragapult, L50, F|\n|teampreview|4\n|inactive|Battle timer is ON: inactive players will automatically lose when time's up. (requested by Galact7adi)\n|inactive|smp on whimsicott has 60 seconds left.\n|\n|t:|1776259797\n|teamsize|p1|4\n|teamsize|p2|4\n|start\n|switch|p1a: Venusaur|Venusaur, L50, M|100/100\n|switch|p1b: Garchomp|Garchomp, L50, M|100/100\n|switch|p2a: Meganium|Meganium, L50, F|100/100\n|switch|p2b: Dragapult|Dragapult, L50, F|100/100\n|turn|1\n|\n|t:|1776259811\n|switch|p1b: Corviknight|Corviknight, L50, F|100/100\n|detailschange|p1a: Venusaur|Venusaur-Mega, L50, M\n|-mega|p1a: Venusaur|Venusaur|Venusaurite\n|detailschange|p2a: Meganium|Meganium-Mega, L50, F\n|-mega|p2a: Meganium|Meganium|Meganiumite\n|move|p2b: Dragapult|Dragon Darts|p1b: Corviknight\n|-resisted|p1b: Corviknight|1\n|-damage|p1b: Corviknight|91/100\n|-anim|p2b: Dragapult|Dragon Darts|p1a: Venusaur\n|-damage|p1a: Venusaur|81/100\n|move|p1a: Venusaur|Sludge Bomb|p2a: Meganium\n|-supereffective|p2a: Meganium|2\n|-damage|p2a: Meganium|0 fnt\n|faint|p2a: Meganium\n|\n|-heal|p1b: Corviknight|97/100|[from] item: Leftovers\n|upkeep\n|\n|t:|1776259829\n|switch|p2a: Tyranitar|Tyranitar, L50, M|100/100\n|-weather|Sandstorm|[from] ability: Sand Stream|[of] p2a: Tyranitar\n|turn|2\n|\n|t:|1776259839\n|move|p2b: Dragapult|Will-O-Wisp|p1b: Corviknight\n|-status|p1b: Corviknight|brn\n|move|p1a: Venusaur|Leech Seed|p2a: Tyranitar\n|-start|p2a: Tyranitar|move: Leech Seed\n|move|p2a: Tyranitar|Rock Slide|p1a: Venusaur|[spread] p1a,p1b\n|-damage|p1a: Venusaur|55/100\n|-damage|p1b: Corviknight|67/100 brn\n|move|p1b: Corviknight|Bulk Up|p1b: Corviknight\n|-boost|p1b: Corviknight|atk|1\n|-boost|p1b: Corviknight|def|1\n|\n|-weather|Sandstorm|[upkeep]\n|-damage|p2b: Dragapult|94/100|[from] Sandstorm\n|-damage|p1a: Venusaur|49/100|[from] Sandstorm\n|-heal|p1b: Corviknight|73/100 brn|[from] item: Leftovers\n|-damage|p2a: Tyranitar|88/100|[from] Leech Seed|[of] p1a: Venusaur\n|-heal|p1a: Venusaur|62/100|[silent]\n|-damage|p1b: Corviknight|67/100 brn|[from] brn\n|upkeep\n|turn|3\n|\n|t:|1776259860\n|switch|p2b: Excadrill|Excadrill, L50, M|100/100\n|move|p1a: Venusaur|Protect|p1a: Venusaur\n|-singleturn|p1a: Venusaur|Protect\n|move|p2a: Tyranitar|Rock Slide|p1b: Corviknight|[spread] \n|-activate|p1a: Venusaur|move: Protect\n|-miss|p2a: Tyranitar|p1b: Corviknight\n|move|p1b: Corviknight|Tailwind|p1b: Corviknight\n|-sidestart|p1: smp on whimsicott|move: Tailwind\n|\n|-weather|Sandstorm|[upkeep]\n|-damage|p1a: Venusaur|56/100|[from] Sandstorm\n|-heal|p1b: Corviknight|73/100 brn|[from] item: Leftovers\n|-damage|p2a: Tyranitar|76/100|[from] Leech Seed|[of] p1a: Venusaur\n|-heal|p1a: Venusaur|69/100|[silent]\n|-damage|p1b: Corviknight|67/100 brn|[from] brn\n|upkeep\n|turn|4\n|\n|t:|1776259874\n|switch|p2a: Dragapult|Dragapult, L50, F|94/100\n|move|p2b: Excadrill|High Horsepower|p1a: Venusaur\n|-damage|p1a: Venusaur|23/100\n|move|p1a: Venusaur|Earth Power|p2b: Excadrill\n|-supereffective|p2b: Excadrill|1\n|-damage|p2b: Excadrill|22/100\n|move|p1b: Corviknight|Brave Bird|p2b: Excadrill\n|-resisted|p2b: Excadrill|1\n|-damage|p2b: Excadrill|0 fnt\n|faint|p2b: Excadrill\n|-damage|p1b: Corviknight|60/100 brn|[from] Recoil\n|\n|-weather|Sandstorm|[upkeep]\n|-damage|p1a: Venusaur|18/100|[from] Sandstorm\n|-damage|p2a: Dragapult|88/100|[from] Sandstorm\n|-heal|p1b: Corviknight|66/100 brn|[from] item: Leftovers\n|-damage|p1b: Corviknight|60/100 brn|[from] brn\n|upkeep\n|\n|t:|1776259883\n|switch|p2b: Tyranitar|Tyranitar, L50, M|76/100\n|turn|5\n|\n|t:|1776259899\n|move|p2a: Dragapult|Protect|p2a: Dragapult\n|-singleturn|p2a: Dragapult|Protect\n|move|p1a: Venusaur|Earth Power|p2b: Tyranitar\n|-supereffective|p2b: Tyranitar|1\n|-damage|p2b: Tyranitar|40/100\n|move|p1b: Corviknight|Brave Bird|p2a: Dragapult\n|-activate|p2a: Dragapult|move: Protect\n|move|p2b: Tyranitar|Rock Slide|p1a: Venusaur|[spread] p1b\n|-miss|p2b: Tyranitar|p1a: Venusaur\n|-damage|p1b: Corviknight|40/100 brn\n|\n|-weather|Sandstorm|[upkeep]\n|-damage|p1a: Venusaur|12/100|[from] Sandstorm\n|-damage|p2a: Dragapult|82/100|[from] Sandstorm\n|-heal|p1b: Corviknight|46/100 brn|[from] item: Leftovers\n|-damage|p1b: Corviknight|40/100 brn|[from] brn\n|upkeep\n|turn|6\n|\n|t:|1776259916\n|move|p2b: Tyranitar|Protect|p2b: Tyranitar\n|-singleturn|p2b: Tyranitar|Protect\n|move|p1a: Venusaur|Earth Power|p2a: Dragapult\n|-damage|p2a: Dragapult|44/100\n|move|p2a: Dragapult|Dragon Darts|p1a: Venusaur\n|-damage|p1a: Venusaur|0 fnt\n|-anim|p2a: Dragapult|Dragon Darts|p1b: Corviknight\n|-resisted|p1b: Corviknight|1\n|-damage|p1b: Corviknight|32/100 brn\n|faint|p1a: Venusaur\n|move|p1b: Corviknight|Brave Bird|p2a: Dragapult\n|-damage|p2a: Dragapult|0 fnt\n|faint|p2a: Dragapult\n|-damage|p1b: Corviknight|20/100 brn|[from] Recoil\n|\n|-weather|none\n|-heal|p1b: Corviknight|26/100 brn|[from] item: Leftovers\n|-damage|p1b: Corviknight|20/100 brn|[from] brn\n|-sideend|p1: smp on whimsicott|move: Tailwind\n|upkeep\n|-message|Galact7adi forfeited.\n|\n|win|smp on whimsicott\n|raw|smp on whimsicott's rating: 1357 &rarr; <strong>1372</strong><br />(+15 for winning)\n|raw|Galact7adi's rating: 1269 &rarr; <strong>1250</strong><br />(-19 for losing)\n|l|\u2606Galact7adi\n|player|p2|\n",
  "uploadtime": 1776259917,
  "views": 25,
  "formatid": "gen9championsvgc2026regma",
  "rating": 1250,
  "private": 0,
  "password": null
}