{
  "id": "gen9championsvgc2026regma-2581050200",
  "format": "[Gen 9 Champions] VGC 2026 Reg M-A",
  "players": [
    "teccglare303",
    "Kalidowo"
  ],
  "log": "|j|\u2606teccglare303\n|j|\u2606Kalidowo\n|t:|1775955165\n|gametype|doubles\n|player|p1|teccglare303|waiter|1000\n|player|p2|Kalidowo|169|1000\n|gen|9\n|tier|[Gen 9 Champions] VGC 2026 Reg M-A\n|rated|\n|rule|Species Clause: Limit one of each Pok\u00e9mon\n|rule|Item Clause: Limit 1 of each item\n|clearpoke\n|poke|p1|Venusaur, L50, F|\n|poke|p1|Rotom-Wash, L50|\n|poke|p1|Kommo-o, L50, M|\n|poke|p1|Incineroar, L50, M|\n|poke|p1|Whimsicott, L50, M|\n|poke|p1|Aegislash, L50, F|\n|poke|p2|Feraligatr, L50, F|\n|poke|p2|Whimsicott, L50, M|\n|poke|p2|Volcarona, L50, F|\n|poke|p2|Orthworm, L50, F|\n|poke|p2|Incineroar, L50, M|\n|poke|p2|Rhyperior, L50, F|\n|teampreview|4\n|inactive|Battle timer is ON: inactive players will automatically lose when time's up. (requested by Kalidowo)\n|\n|t:|1775955198\n|teamsize|p1|4\n|teamsize|p2|4\n|start\n|switch|p1a: Venusaur|Venusaur, L50, F|100/100\n|switch|p1b: Incineroar|Incineroar, L50, M|100/100\n|switch|p2a: Orthworm|Orthworm, L50, F|100/100\n|switch|p2b: Incineroar|Incineroar, L50, M|100/100\n|-ability|p2b: Incineroar|Intimidate|boost\n|-unboost|p1a: Venusaur|atk|1\n|-unboost|p1b: Incineroar|atk|1\n|-ability|p1b: Incineroar|Intimidate|boost\n|-unboost|p2a: Orthworm|atk|1\n|-unboost|p2b: Incineroar|atk|1\n|turn|1\n|inactive|Kalidowo has 30 seconds left.\n|\n|t:|1775955227\n|move|p1a: Venusaur|Protect|p1a: Venusaur\n|-singleturn|p1a: Venusaur|Protect\n|move|p2b: Incineroar|Fake Out|p1b: Incineroar\n|-damage|p1b: Incineroar|95/100\n|cant|p1b: Incineroar|flinch\n|move|p2a: Orthworm|Shed Tail|p2a: Orthworm\n|-start|p2a: Orthworm|Substitute|[from] move: Shed Tail\n|-damage|p2a: Orthworm|50/100\n|\n|t:|1775955234\n|switch|p2a: Feraligatr|Feraligatr, L50, F|100/100|[from] Shed Tail\n|\n|upkeep\n|turn|2\n|inactive|teccglare303 has 30 seconds left.\n|inactive|teccglare303 has 20 seconds left.\n|inactive|teccglare303 has 15 seconds left.\n|\n|t:|1775955275\n|switch|p1a: Rotom|Rotom-Wash, L50|100/100\n|detailschange|p2a: Feraligatr|Feraligatr-Mega, L50, F\n|-mega|p2a: Feraligatr|Feraligatr|Feraligite\n|move|p2a: Feraligatr|Dragon Dance|p2a: Feraligatr\n|-boost|p2a: Feraligatr|atk|1\n|-boost|p2a: Feraligatr|spe|1\n|move|p1b: Incineroar|Parting Shot|p2b: Incineroar\n|-unboost|p2b: Incineroar|atk|1\n|-unboost|p2b: Incineroar|spa|1\n|\n|t:|1775955297\n|switch|p1b: Kommo-o|Kommo-o, L50, M|100/100|[from] Parting Shot\n|move|p2b: Incineroar|Flare Blitz|p1a: Rotom\n|-resisted|p1a: Rotom|1\n|-damage|p1a: Rotom|91/100\n|-damage|p2b: Incineroar|98/100|[from] Recoil\n|\n|upkeep\n|turn|3\n|\n|t:|1775955309\n|move|p1b: Kommo-o|Protect|p1b: Kommo-o\n|-singleturn|p1b: Kommo-o|Protect\n|move|p2b: Incineroar|Protect|p2b: Incineroar\n|-singleturn|p2b: Incineroar|Protect\n|move|p2a: Feraligatr|Double-Edge|p1b: Kommo-o\n|-activate|p1b: Kommo-o|move: Protect\n|move|p1a: Rotom|Hydro Pump|p2b: Incineroar\n|-activate|p2b: Incineroar|move: Protect\n|\n|upkeep\n|turn|4\n|\n|t:|1775955329\n|switch|p2b: Orthworm|Orthworm, L50, F|50/100\n|move|p1b: Kommo-o|Protect||[still]\n|-fail|p1b: Kommo-o\n|move|p2a: Feraligatr|Dragon Dance|p2a: Feraligatr\n|-boost|p2a: Feraligatr|atk|1\n|-boost|p2a: Feraligatr|spe|1\n|move|p1a: Rotom|Hydro Pump|p2b: Orthworm\n|-damage|p2b: Orthworm|0 fnt\n|faint|p2b: Orthworm\n|\n|upkeep\n|\n|t:|1775955338\n|switch|p2b: Incineroar|Incineroar, L50, M|98/100\n|-ability|p2b: Incineroar|Intimidate|boost\n|-unboost|p1a: Rotom|atk|1\n|-unboost|p1b: Kommo-o|atk|1\n|-enditem|p1b: Kommo-o|White Herb\n|-clearnegativeboost|p1b: Kommo-o|[silent]\n|turn|5\n|inactive|teccglare303 has 30 seconds left.\n|inactive|teccglare303 has 20 seconds left.\n|\n|t:|1775955377\n|move|p2b: Incineroar|Fake Out|p1a: Rotom\n|-damage|p1a: Rotom|83/100\n|move|p2a: Feraligatr|Dragon Dance|p2a: Feraligatr\n|-boost|p2a: Feraligatr|atk|1\n|-boost|p2a: Feraligatr|spe|1\n|cant|p1a: Rotom|flinch\n|move|p1b: Kommo-o|Iron Defense|p1b: Kommo-o\n|-boost|p1b: Kommo-o|def|2\n|\n|upkeep\n|turn|6\n|\n|t:|1775955398\n|move|p2a: Feraligatr|Double-Edge|p1b: Kommo-o\n|-supereffective|p1b: Kommo-o|1\n|-damage|p1b: Kommo-o|0 fnt\n|faint|p1b: Kommo-o\n|-damage|p2a: Feraligatr|69/100|[from] Recoil\n|move|p1a: Rotom|Hydro Pump|p2b: Incineroar\n|-supereffective|p2b: Incineroar|1\n|-damage|p2b: Incineroar|42/100\n|move|p2b: Incineroar|Parting Shot|p1a: Rotom\n|-unboost|p1a: Rotom|atk|1\n|-unboost|p1a: Rotom|spa|1\n|\n|t:|1775955409\n|switch|p2b: Rhyperior|Rhyperior, L50, F|100/100|[from] Parting Shot\n|\n|upkeep\n|\n|t:|1775955419\n|switch|p1b: Incineroar|Incineroar, L50, M|95/100\n|-ability|p1b: Incineroar|Intimidate|boost\n|-immune|p2a: Feraligatr\n|-unboost|p2b: Rhyperior|atk|1\n|turn|7\n|-message|teccglare303 forfeited.\n|\n|win|Kalidowo\n|raw|teccglare303's rating: 1000 &rarr; <strong>1000</strong><br />(+0 for losing)\n|raw|Kalidowo's rating: 1000 &rarr; <strong>1040</strong><br />(+40 for winning)\n|l|\u2606teccglare303\n|player|p1|\n",
  "uploadtime": 1775955456,
  "views": 11,
  "formatid": "gen9championsvgc2026regma",
  "rating": 1000,
  "private": 0,
  "password": null
}