{
  "id": "gen9championsvgc2026regma-2587675635",
  "format": "[Gen 9 Champions] VGC 2026 Reg M-A",
  "players": [
    "hfdjska",
    "GoshIhatemath"
  ],
  "log": "|j|\u2606hfdjska\n|j|\u2606GoshIhatemath\n|t:|1776552781\n|gametype|doubles\n|player|p1|hfdjska|schoolkid-gen4dp|\n|player|p2|GoshIhatemath|1|\n|gen|9\n|tier|[Gen 9 Champions] VGC 2026 Reg M-A\n|rule|Species Clause: Limit one of each Pok\u00e9mon\n|rule|Item Clause: Limit 1 of each item\n|clearpoke\n|poke|p1|Floette-Eternal, L50, F|\n|poke|p1|Sneasler, L50, M|\n|poke|p1|Incineroar, L50, M|\n|poke|p1|Garchomp, L50, M|\n|poke|p1|Whimsicott, L50, F|\n|poke|p1|Gengar, L50, F|\n|poke|p2|Farigiraf, L50, M|\n|poke|p2|Incineroar, L50, M|\n|poke|p2|Blastoise, L50, M|\n|poke|p2|Sinistcha, L50|\n|poke|p2|Kingambit, L50, M|\n|poke|p2|Pikachu, L50, F|\n|teampreview|4\n|inactive|Battle timer is ON: inactive players will automatically lose when time's up. (requested by hfdjska)\nhfdjska has agreed to open team sheets.\n|inactiveoff|Battle timer is now OFF.\nGoshIhatemath has agreed to open team sheets.\n|showteam|p1|Floette-Eternal||Floettite|FlowerVeil|LightofRuin,DazzlingGleam,CalmMind,Protect|||F|||50|]Sneasler||WhiteHerb|Unburden|FakeOut,DireClaw,CloseCombat,Protect|||M|||50|]Incineroar||ChopleBerry|Intimidate|FakeOut,FlareBlitz,DarkestLariat,PartingShot|||M|||50|]Garchomp||ChoiceScarf|RoughSkin|StompingTantrum,DragonClaw,RockSlide,BreakingSwipe|||M|||50|]Whimsicott||FocusSash|Prankster|Moonblast,Encore,Tailwind,Protect|||F|||50|]Gengar||Gengarite|CursedBody|ShadowBall,SludgeBomb,WillOWisp,Protect|||F|||50|\n|showteam|p2|Farigiraf||SitrusBerry|ArmorTail|HyperVoice,Psychic,TrickRoom,Protect|||M|||50|]Incineroar||ChopleBerry|Intimidate|FakeOut,FlareBlitz,DarkestLariat,PartingShot|||M|||50|]Blastoise||Blastoisinite|Torrent|FakeOut,WaterSpout,WaterPulse,Protect|||M|||50|]Sinistcha||ColburBerry|Hospitality|MatchaGotcha,TrickRoom,RagePowder,LifeDew||||||50|]Kingambit||BlackGlasses|Defiant|KowtowCleave,SuckerPunch,SwordsDance,Protect|||M|||50|]Pikachu||LightBall|LightningRod|FakeOut,Thunderbolt,Agility,AlluringVoice|||F|||50|\n|\n|t:|1776552826\n|teamsize|p1|4\n|teamsize|p2|4\n|start\n|switch|p1a: Floette|Floette-Eternal, L50, F|100/100\n|switch|p1b: Sneasler|Sneasler, L50, M|100/100\n|switch|p2a: Farigiraf|Farigiraf, L50, M|100/100\n|switch|p2b: Blastoise|Blastoise, L50, M|100/100\n|turn|1\n|\n|t:|1776552848\n|detailschange|p1a: Floette|Floette-Mega, L50, F\n|-mega|p1a: Floette|Floette|Floettite\n|-ability|p1a: Floette|Fairy Aura\n|detailschange|p2b: Blastoise|Blastoise-Mega, L50, M\n|-mega|p2b: Blastoise|Blastoise|Blastoisinite\n|move|p2b: Blastoise|Fake Out|p1a: Floette\n|-damage|p1a: Floette|87/100\n|move|p1b: Sneasler|Close Combat|p2b: Blastoise\n|-damage|p2b: Blastoise|39/100\n|-unboost|p1b: Sneasler|def|1\n|-unboost|p1b: Sneasler|spd|1\n|-enditem|p1b: Sneasler|White Herb\n|-clearnegativeboost|p1b: Sneasler|[silent]\n|cant|p1a: Floette|flinch\n|move|p2a: Farigiraf|Trick Room|p2a: Farigiraf\n|-fieldstart|move: Trick Room|[of] p2a: Farigiraf\n|\n|upkeep\n|turn|2\n|\n|t:|1776552882\n|switch|p2a: Sinistcha|Sinistcha, L50|100/100\n|-heal|p2b: Blastoise|63/100|[from] ability: Hospitality|[of] p2a: Sinistcha\n|switch|p1b: Incineroar|Incineroar, L50, M|100/100\n|-ability|p1b: Incineroar|Intimidate|boost\n|-unboost|p2a: Sinistcha|atk|1\n|-unboost|p2b: Blastoise|atk|1\n|move|p2b: Blastoise|Water Spout|p1a: Floette|[spread] p1a,p1b\n|-supereffective|p1b: Incineroar|1\n|-damage|p1a: Floette|55/100\n|-damage|p1b: Incineroar|33/100\n|move|p1a: Floette|Dazzling Gleam|p2a: Sinistcha|[spread] p2a,p2b\n|-damage|p2a: Sinistcha|47/100\n|-damage|p2b: Blastoise|23/100\n|\n|upkeep\n|turn|3\n|\n|t:|1776552922\n|move|p2b: Blastoise|Protect|p2b: Blastoise\n|-singleturn|p2b: Blastoise|Protect\n|move|p1b: Incineroar|Darkest Lariat|p2b: Blastoise\n|-activate|p2b: Blastoise|move: Protect\n|move|p2a: Sinistcha|Life Dew|p2a: Sinistcha|[spread] p2a,p2b\n|-heal|p2a: Sinistcha|72/100\n|-heal|p2b: Blastoise|48/100\n|move|p1a: Floette|Dazzling Gleam|p2a: Sinistcha|[spread] p2a\n|-activate|p2b: Blastoise|move: Protect\n|-damage|p2a: Sinistcha|25/100\n|\n|upkeep\n|turn|4\n|\n|t:|1776552946\n|move|p1b: Incineroar|Darkest Lariat|p2b: Blastoise\n|-damage|p2b: Blastoise|16/100\n|move|p2a: Sinistcha|Life Dew|p2a: Sinistcha|[spread] p2a,p2b\n|-heal|p2a: Sinistcha|50/100\n|-heal|p2b: Blastoise|41/100\n|move|p2b: Blastoise|Water Spout|p1a: Floette|[spread] p1a,p1b\n|-supereffective|p1b: Incineroar|1\n|-damage|p1a: Floette|33/100\n|-damage|p1b: Incineroar|0 fnt\n|faint|p1b: Incineroar\n|move|p1a: Floette|Dazzling Gleam|p2a: Sinistcha|[spread] p2a,p2b\n|-damage|p2a: Sinistcha|0 fnt\n|-damage|p2b: Blastoise|0 fnt\n|faint|p2a: Sinistcha\n|faint|p2b: Blastoise\n|\n|upkeep\n|\n|t:|1776552964\n|switch|p1b: Sneasler|Sneasler, L50, M|100/100\n|switch|p2a: Farigiraf|Farigiraf, L50, M|100/100\n|switch|p2b: Kingambit|Kingambit, L50, M|100/100\n|turn|5\n|\n|t:|1776552977\n|move|p1a: Floette|Protect|p1a: Floette\n|-singleturn|p1a: Floette|Protect\n|move|p1b: Sneasler|Protect|p1b: Sneasler\n|-singleturn|p1b: Sneasler|Protect\n|move|p2b: Kingambit|Swords Dance|p2b: Kingambit\n|-boost|p2b: Kingambit|atk|2\n|move|p2a: Farigiraf|Psychic|p1b: Sneasler\n|-activate|p1b: Sneasler|move: Protect\n|\n|-fieldend|move: Trick Room\n|upkeep\n|turn|6\n|\n|t:|1776553026\n|move|p2b: Kingambit|Sucker Punch||[still]\n|-fail|p2b: Kingambit\n|move|p1b: Sneasler|Close Combat|p2b: Kingambit\n|-supereffective|p2b: Kingambit|2\n|-damage|p2b: Kingambit|0 fnt\n|-unboost|p1b: Sneasler|def|1\n|-unboost|p1b: Sneasler|spd|1\n|faint|p2b: Kingambit\n|move|p1a: Floette|Calm Mind|p1a: Floette\n|-boost|p1a: Floette|spa|1\n|-boost|p1a: Floette|spd|1\n|move|p2a: Farigiraf|Psychic|p1b: Sneasler\n|-supereffective|p1b: Sneasler|2\n|-damage|p1b: Sneasler|0 fnt\n|faint|p1b: Sneasler\n|\n|upkeep\n|\n|t:|1776553045\n|switch|p1b: Whimsicott|Whimsicott, L50, F|100/100\n|turn|7\n|\n|t:|1776553052\n|move|p1b: Whimsicott|Moonblast|p2a: Farigiraf\n|-damage|p2a: Farigiraf|52/100\n|move|p1a: Floette|Dazzling Gleam|p2a: Farigiraf\n|-damage|p2a: Farigiraf|0 fnt\n|faint|p2a: Farigiraf\n|\n|win|hfdjska\n",
  "uploadtime": 1776553071,
  "views": 10,
  "formatid": "gen9championsvgc2026regma",
  "rating": null,
  "private": 0,
  "password": null
}