{
  "id": "gen9championsvgc2026regma-2587331211",
  "format": "[Gen 9 Champions] VGC 2026 Reg M-A",
  "players": [
    "FluantAnchant",
    "Mango404"
  ],
  "log": "|j|\u2606FluantAnchant\n|j|\u2606Mango404\n|t:|1776522705\n|gametype|doubles\n|player|p1|FluantAnchant|170|1100\n|player|p2|Mango404|harlequin|1061\n|gen|9\n|tier|[Gen 9 Champions] VGC 2026 Reg M-A\n|rated|\n|rule|Species Clause: Limit one of each Pok\u00e9mon\n|rule|Item Clause: Limit 1 of each item\n|clearpoke\n|poke|p1|Talonflame, L50, F|\n|poke|p1|Sylveon, L50, F|\n|poke|p1|Empoleon, L50, F|\n|poke|p1|Aerodactyl, L50, M|\n|poke|p1|Chandelure, L50, M|\n|poke|p1|Incineroar, L50, M|\n|poke|p2|Gardevoir, L50, M|\n|poke|p2|Incineroar, L50, M|\n|poke|p2|Maushold, L50|\n|poke|p2|Talonflame, L50, M|\n|poke|p2|Slowking, L50, M|\n|poke|p2|Chandelure, L50, M|\n|teampreview|4\n|inactive|Battle timer is ON: inactive players will automatically lose when time's up. (requested by Mango404)\n|inactive|FluantAnchant has 60 seconds left.\n|inactive|FluantAnchant has 30 seconds left.\n|inactive|FluantAnchant has 20 seconds left.\n|inactive|FluantAnchant has 15 seconds left.\n|inactive|FluantAnchant has 10 seconds left.\n|inactive|FluantAnchant has 5 seconds left.\n|\n|t:|1776522904\n|teamsize|p1|4\n|teamsize|p2|4\n|start\n|switch|p1a: Chandelure|Chandelure, L50, M|100/100\n|switch|p1b: Incineroar|Incineroar, L50, M|100/100\n|switch|p2a: Talonflame|Talonflame, L50, M|100/100\n|switch|p2b: Incineroar|Incineroar, L50, M|100/100\n|-ability|p1b: Incineroar|Intimidate|boost\n|-unboost|p2a: Talonflame|atk|1\n|-unboost|p2b: Incineroar|atk|1\n|-ability|p2b: Incineroar|Intimidate|boost\n|-unboost|p1a: Chandelure|atk|1\n|-unboost|p1b: Incineroar|atk|1\n|turn|1\n|\n|t:|1776522917\n|switch|p1a: Aerodactyl|Aerodactyl, L50, M|100/100\n|-ability|p1a: Aerodactyl|Unnerve\n|move|p1b: Incineroar|Fake Out|p2a: Talonflame\n|-damage|p2a: Talonflame|91/100\n|cant|p2a: Talonflame|flinch\n|move|p2b: Incineroar|Darkest Lariat|p1a: Aerodactyl\n|-damage|p1a: Aerodactyl|53/100\n|\n|upkeep\n|turn|2\n|\n|t:|1776522941\n|detailschange|p1a: Aerodactyl|Aerodactyl-Mega, L50, M\n|-mega|p1a: Aerodactyl|Aerodactyl|Aerodactylite\n|move|p2a: Talonflame|Protect|p2a: Talonflame\n|-singleturn|p2a: Talonflame|Protect\n|move|p1a: Aerodactyl|Rock Slide|p2b: Incineroar|[spread] \n|-activate|p2a: Talonflame|move: Protect\n|-miss|p1a: Aerodactyl|p2b: Incineroar\n|move|p1b: Incineroar|Flare Blitz|p2b: Incineroar\n|-resisted|p2b: Incineroar|1\n|-damage|p2b: Incineroar|84/100\n|-damage|p1b: Incineroar|95/100|[from] Recoil\n|move|p2b: Incineroar|Parting Shot|p1a: Aerodactyl\n|-unboost|p1a: Aerodactyl|atk|1\n|-unboost|p1a: Aerodactyl|spa|1\n|\n|t:|1776522957\n|switch|p2b: Slowking|Slowking, L50, M|100/100|[from] Parting Shot\n|\n|upkeep\n|turn|3\n|\n|t:|1776522973\n|switch|p2a: Incineroar|Incineroar, L50, M|84/100\n|-ability|p2a: Incineroar|Intimidate|boost\n|-unboost|p1a: Aerodactyl|atk|1\n|-unboost|p1b: Incineroar|atk|1\n|move|p1a: Aerodactyl|Rock Slide|p2b: Slowking|[spread] p2b\n|-miss|p1a: Aerodactyl|p2a: Incineroar\n|-damage|p2b: Slowking|87/100\n|move|p1b: Incineroar|Darkest Lariat|p2b: Slowking\n|-supereffective|p2b: Slowking|1\n|-enditem|p2b: Slowking|Colbur Berry|[eat]\n|-enditem|p2b: Slowking|Colbur Berry|[weaken]\n|-damage|p2b: Slowking|70/100\n|move|p2b: Slowking|Hydro Pump|p1a: Aerodactyl\n|-supereffective|p1a: Aerodactyl|1\n|-damage|p1a: Aerodactyl|0 fnt\n|faint|p1a: Aerodactyl\n|\n|upkeep\n|\n|t:|1776522985\n|switch|p1a: Chandelure|Chandelure, L50, M|100/100\n|turn|4\n|\n|t:|1776523007\n|switch|p1b: Talonflame|Talonflame, L50, F|100/100\n|move|p2a: Incineroar|Fake Out|p1b: Talonflame\n|-damage|p1b: Talonflame|78/100\n|move|p1a: Chandelure|Shadow Ball|p2b: Slowking\n|-supereffective|p2b: Slowking|1\n|-damage|p2b: Slowking|11/100\n|-prepare|p2b: Slowking|Chilly Reception|[premajor]\n|move|p2b: Slowking|Chilly Reception|p2b: Slowking\n|-weather|Snowscape\n|\n|t:|1776523019\n|switch|p2b: Talonflame|Talonflame, L50, M|91/100|[from] Chilly Reception\n|\n|-weather|Snowscape|[upkeep]\n|upkeep\n|turn|5\n|\n|t:|1776523027\n|move|p1b: Talonflame|Tailwind|p1b: Talonflame\n|-sidestart|p1: FluantAnchant|move: Tailwind\n|move|p1a: Chandelure|Shadow Ball|p2b: Talonflame\n|-damage|p2b: Talonflame|42/100\n|move|p2b: Talonflame|Tailwind|p2b: Talonflame\n|-sidestart|p2: Mango404|move: Tailwind\n|move|p2a: Incineroar|Darkest Lariat|p1a: Chandelure\n|-supereffective|p1a: Chandelure|1\n|-damage|p1a: Chandelure|27/100\n|\n|-weather|Snowscape|[upkeep]\n|upkeep\n|turn|6\n|\n|t:|1776523043\n|move|p1b: Talonflame|Dual Wingbeat|p2b: Talonflame\n|-damage|p2b: Talonflame|21/100\n|-damage|p2b: Talonflame|3/100\n|-hitcount|p2b: Talonflame|2\n|move|p2b: Talonflame|Acrobatics|p1b: Talonflame\n|-damage|p1b: Talonflame|27/100\n|move|p1a: Chandelure|Shadow Ball|p2b: Talonflame\n|-damage|p2b: Talonflame|0 fnt\n|faint|p2b: Talonflame\n|move|p2a: Incineroar|Darkest Lariat|p1a: Chandelure\n|-supereffective|p1a: Chandelure|1\n|-damage|p1a: Chandelure|0 fnt\n|faint|p1a: Chandelure\n|\n|-weather|Snowscape|[upkeep]\n|upkeep\n|\n|t:|1776523055\n|switch|p2b: Chandelure|Chandelure, L50, M|100/100\n|switch|p1a: Incineroar|Incineroar, L50, M|95/100\n|-ability|p1a: Incineroar|Intimidate|boost\n|-unboost|p2a: Incineroar|atk|1\n|-unboost|p2b: Chandelure|atk|1\n|turn|7\n|\n|t:|1776523083\n|detailschange|p2b: Chandelure|Chandelure-Mega, L50, M\n|-mega|p2b: Chandelure|Chandelure|Chandelurite\n|move|p1a: Incineroar|Fake Out|p2a: Incineroar\n|-damage|p2a: Incineroar|72/100\n|move|p1b: Talonflame|Dual Wingbeat|p2b: Chandelure|[miss]\n|-miss|p1b: Talonflame|p2b: Chandelure\n|move|p2b: Chandelure|Shadow Ball|p1a: Incineroar\n|-resisted|p1a: Incineroar|1\n|-damage|p1a: Incineroar|72/100\n|cant|p2a: Incineroar|flinch\n|\n|-weather|Snowscape|[upkeep]\n|upkeep\n|turn|8\n|\n|t:|1776523105\n|move|p1b: Talonflame|Dual Wingbeat|p2b: Chandelure\n|-damage|p2b: Chandelure|86/100\n|-damage|p2b: Chandelure|71/100\n|-hitcount|p2b: Chandelure|2\n|move|p2b: Chandelure|Calm Mind|p2b: Chandelure\n|-boost|p2b: Chandelure|spa|1\n|-boost|p2b: Chandelure|spd|1\n|move|p1a: Incineroar|Close Combat|p2a: Incineroar\n|-supereffective|p2a: Incineroar|1\n|-enditem|p2a: Incineroar|Chople Berry|[eat]\n|-enditem|p2a: Incineroar|Chople Berry|[weaken]\n|-damage|p2a: Incineroar|36/100\n|-unboost|p1a: Incineroar|def|1\n|-unboost|p1a: Incineroar|spd|1\n|move|p2a: Incineroar|Darkest Lariat|p1b: Talonflame\n|-damage|p1b: Talonflame|0 fnt\n|faint|p1b: Talonflame\n|\n|-weather|none\n|-sideend|p1: FluantAnchant|move: Tailwind\n|-sideend|p2: Mango404|move: Tailwind\n|upkeep\n|turn|9\n|\n|t:|1776523126\n|move|p2b: Chandelure|Heat Wave|p1a: Incineroar\n|-resisted|p1a: Incineroar|1\n|-damage|p1a: Incineroar|3/100\n|-enditem|p1a: Incineroar|Sitrus Berry|[eat]\n|-heal|p1a: Incineroar|28/100|[from] item: Sitrus Berry\n|move|p1a: Incineroar|Darkest Lariat|p2b: Chandelure\n|-supereffective|p2b: Chandelure|1\n|-damage|p2b: Chandelure|6/100\n|move|p2a: Incineroar|Parting Shot|p1a: Incineroar\n|-unboost|p1a: Incineroar|atk|1\n|-unboost|p1a: Incineroar|spa|1\n|\n|t:|1776523130\n|switch|p2a: Slowking|Slowking, L50, M|11/100|[from] Parting Shot\n|\n|upkeep\n|turn|10\n|\n|t:|1776523140\n|move|p2b: Chandelure|Heat Wave|p1a: Incineroar\n|-resisted|p1a: Incineroar|1\n|-damage|p1a: Incineroar|0 fnt\n|faint|p1a: Incineroar\n|\n|win|Mango404\n|raw|FluantAnchant's rating: 1100 &rarr; <strong>1072</strong><br />(-28 for losing)\n|raw|Mango404's rating: 1061 &rarr; <strong>1095</strong><br />(+34 for winning)\n",
  "uploadtime": 1776523144,
  "views": 32,
  "formatid": "gen9championsvgc2026regma",
  "rating": 1072,
  "private": 0,
  "password": null
}