{
  "id": "gen9championsvgc2026regma-2587712643",
  "format": "[Gen 9 Champions] VGC 2026 Reg M-A",
  "players": [
    "Andreuvgc",
    "Fergala"
  ],
  "log": "|j|\u2606Andreuvgc\n|j|\u2606Fergala\n|t:|1776556452\n|gametype|doubles\n|player|p1|Andreuvgc|volkner|1086\n|player|p2|Fergala|lucas|1111\n|gen|9\n|tier|[Gen 9 Champions] VGC 2026 Reg M-A\n|rated|\n|rule|Species Clause: Limit one of each Pok\u00e9mon\n|rule|Item Clause: Limit 1 of each item\n|clearpoke\n|poke|p1|Garchomp, L50, M, shiny|\n|poke|p1|Aegislash, L50, M, shiny|\n|poke|p1|Meowscarada, L50, M, shiny|\n|poke|p1|Lucario, L50, M, shiny|\n|poke|p1|Araquanid, L50, M, shiny|\n|poke|p1|Talonflame, L50, M, shiny|\n|poke|p2|Infernape, L50, F|\n|poke|p2|Rotom-Wash, L50|\n|poke|p2|Whimsicott, L50, F, shiny|\n|poke|p2|Charizard, L50, M, shiny|\n|poke|p2|Garchomp, L50, F|\n|poke|p2|Gengar, L50, F|\n|teampreview|4\nAndreuvgc rejected open team sheets.\n|inactive|Battle timer is ON: inactive players will automatically lose when time's up. (requested by Fergala)\n|\n|t:|1776556515\n|teamsize|p1|4\n|teamsize|p2|4\n|start\n|switch|p1a: Garchomp|Garchomp, L50, M, shiny|100/100\n|switch|p1b: Aegislash|Aegislash, L50, M, shiny|100/100\n|switch|p2a: Whimsicott|Whimsicott, L50, F, shiny|100/100\n|switch|p2b: Infernape|Infernape, L50, F|100/100\n|turn|1\n|l|\u2606Andreuvgc\n|inactive|Andreuvgc disconnected and has a minute to reconnect!\n|player|p1|\n|j|\u2606Andreuvgc\n|inactive|Andreuvgc reconnected and has 40 seconds left.\n|player|p1|Andreuvgc|volkner|\n|inactive|Andreuvgc has 30 seconds left.\n|inactive|Andreuvgc has 20 seconds left.\n|\n|t:|1776556554\n|move|p2b: Infernape|Protect|p2b: Infernape\n|-singleturn|p2b: Infernape|Protect\n|move|p1b: Aegislash|King's Shield|p1b: Aegislash\n|-singleturn|p1b: Aegislash|Protect\n|move|p2a: Whimsicott|Tailwind|p2a: Whimsicott\n|-sidestart|p2: Fergala|move: Tailwind\n|move|p1a: Garchomp|Stomping Tantrum|p2b: Infernape\n|-activate|p2b: Infernape|move: Protect\n|\n|upkeep\n|turn|2\n|inactive|Andreuvgc has 30 seconds left.\n|\n|t:|1776556580\n|switch|p1b: Araquanid|Araquanid, L50, M, shiny|100/100\n|move|p2a: Whimsicott|Encore||[still]\n|-fail|p2a: Whimsicott\n|move|p2b: Infernape|Swords Dance|p2b: Infernape\n|-boost|p2b: Infernape|atk|2\n|move|p1a: Garchomp|Stomping Tantrum|p2b: Infernape\n|-supereffective|p2b: Infernape|1\n|-crit|p2b: Infernape\n|-enditem|p2b: Infernape|Focus Sash\n|-damage|p2b: Infernape|1/100\n|\n|upkeep\n|turn|3\n|inactive|Andreuvgc has 30 seconds left.\n|\n|t:|1776556610\n|move|p1a: Garchomp|Protect|p1a: Garchomp\n|-singleturn|p1a: Garchomp|Protect\n|move|p2b: Infernape|Fire Punch|p1b: Araquanid\n|-damage|p1b: Araquanid|60/100\n|move|p2a: Whimsicott|Moonblast|p1a: Garchomp\n|-activate|p1a: Garchomp|move: Protect\n|move|p1b: Araquanid|Liquidation|p2b: Infernape\n|-supereffective|p2b: Infernape|1\n|-damage|p2b: Infernape|0 fnt\n|faint|p2b: Infernape\n|\n|-heal|p1b: Araquanid|67/100|[from] item: Leftovers\n|upkeep\n|\n|t:|1776556624\n|switch|p2b: Garchomp|Garchomp, L50, F|100/100\n|turn|4\n|inactive|Andreuvgc has 30 seconds left.\n|inactive|Andreuvgc has 20 seconds left.\n|\n|t:|1776556659\n|move|p2b: Garchomp|Dragon Claw|p1a: Garchomp\n|-supereffective|p1a: Garchomp|1\n|-damage|p1a: Garchomp|18/100\n|-damage|p2b: Garchomp|88/100|[from] ability: Rough Skin|[of] p1a: Garchomp\n|move|p2a: Whimsicott|Moonblast|p1a: Garchomp\n|-supereffective|p1a: Garchomp|1\n|-damage|p1a: Garchomp|0 fnt\n|faint|p1a: Garchomp\n|move|p1b: Araquanid|Poison Jab|p2a: Whimsicott\n|-supereffective|p2a: Whimsicott|2\n|-damage|p2a: Whimsicott|2/100\n|\n|-heal|p2b: Garchomp|94/100|[from] item: Leftovers\n|-heal|p1b: Araquanid|73/100|[from] item: Leftovers\n|-sideend|p2: Fergala|move: Tailwind\n|upkeep\n|inactive|Andreuvgc has 30 seconds left.\n|\n|t:|1776556690\n|switch|p1a: Aegislash|Aegislash, L50, M, shiny|100/100\n|turn|5\n|\n|t:|1776556713\n|move|p1b: Araquanid|Protect|p1b: Araquanid\n|-singleturn|p1b: Araquanid|Protect\n|move|p2a: Whimsicott|Tailwind|p2a: Whimsicott\n|-sidestart|p2: Fergala|move: Tailwind\n|move|p2b: Garchomp|Rock Slide|p1b: Araquanid|[spread] \n|-activate|p1b: Araquanid|move: Protect\n|-miss|p2b: Garchomp|p1a: Aegislash\n|move|p1a: Aegislash|Reflect|p1a: Aegislash\n|-sidestart|p1: Andreuvgc|Reflect\n|\n|-heal|p2b: Garchomp|100/100|[from] item: Leftovers\n|-heal|p1b: Araquanid|79/100|[from] item: Leftovers\n|upkeep\n|turn|6\n|inactive|Andreuvgc has 30 seconds left.\n|\n|t:|1776556744\n|move|p2a: Whimsicott|Encore|p1a: Aegislash\n|-start|p1a: Aegislash|Encore\n|move|p2b: Garchomp|Rock Slide|p1b: Araquanid|[spread] p1a\n|-miss|p2b: Garchomp|p1b: Araquanid\n|-resisted|p1a: Aegislash|1\n|-damage|p1a: Aegislash|94/100\n|move|p1a: Aegislash|Reflect||[still]\n|-fail|p1a: Aegislash\n|move|p1b: Araquanid|Liquidation|p2b: Garchomp\n|-damage|p2b: Garchomp|35/100\n|-damage|p1b: Araquanid|67/100|[from] ability: Rough Skin|[of] p2b: Garchomp\n|\n|-heal|p2b: Garchomp|41/100|[from] item: Leftovers\n|-heal|p1b: Araquanid|73/100|[from] item: Leftovers\n|upkeep\n|turn|7\n|inactive|Andreuvgc has 30 seconds left.\n|\n|t:|1776556770\n|switch|p2a: Gengar|Gengar, L50, F|100/100\n|switch|p1a: Lucario|Lucario, L50, M, shiny|100/100\n|move|p2b: Garchomp|Rock Slide|p1b: Araquanid|[spread] p1a\n|-miss|p2b: Garchomp|p1b: Araquanid\n|-resisted|p1a: Lucario|2\n|-damage|p1a: Lucario|96/100\n|move|p1b: Araquanid|Lunge|p2a: Gengar\n|-resisted|p2a: Gengar|2\n|-damage|p2a: Gengar|85/100\n|-unboost|p2a: Gengar|atk|1\n|-start|p1b: Araquanid|Disable|Lunge|[from] ability: Cursed Body|[of] p2a: Gengar\n|\n|-heal|p2b: Garchomp|47/100|[from] item: Leftovers\n|-heal|p1b: Araquanid|79/100|[from] item: Leftovers\n|upkeep\n|turn|8\n|inactive|Andreuvgc has 30 seconds left.\n|inactive|Fergala has 30 seconds left.\n|inactive|Fergala has 20 seconds left.\n|\n|t:|1776556810\n|detailschange|p2a: Gengar|Gengar-Mega, L50, F\n|-mega|p2a: Gengar|Gengar|Gengarite\n|detailschange|p1a: Lucario|Lucario-Mega, L50, M, shiny\n|-mega|p1a: Lucario|Lucario|Lucarionite\n|move|p2a: Gengar|Protect|p2a: Gengar\n|-singleturn|p2a: Gengar|Protect\n|move|p2b: Garchomp|Earthquake|p1b: Araquanid|[spread] p1a,p1b\n|-activate|p2a: Gengar|move: Protect\n|-supereffective|p1a: Lucario|1\n|-resisted|p1b: Araquanid|1\n|-damage|p1a: Lucario|19/100\n|-damage|p1b: Araquanid|65/100\n|move|p1a: Lucario|Shadow Ball|p2a: Gengar\n|-activate|p2a: Gengar|move: Protect\n|move|p1b: Araquanid|Liquidation|p2b: Garchomp\n|-damage|p2b: Garchomp|0 fnt\n|-damage|p1b: Araquanid|52/100|[from] ability: Rough Skin|[of] p2b: Garchomp\n|faint|p2b: Garchomp\n|\n|-heal|p1b: Araquanid|58/100|[from] item: Leftovers\n|-sideend|p2: Fergala|move: Tailwind\n|upkeep\n|\n|t:|1776556829\n|switch|p2b: Whimsicott|Whimsicott, L50, F, shiny|2/100\n|turn|9\n|\n|t:|1776556845\n|move|p2b: Whimsicott|Protect|p2b: Whimsicott\n|-singleturn|p2b: Whimsicott|Protect\n|move|p1a: Lucario|Detect|p1a: Lucario\n|-singleturn|p1a: Lucario|Protect\n|move|p2a: Gengar|Shadow Ball|p1a: Lucario\n|-activate|p1a: Lucario|move: Protect\n|move|p1b: Araquanid|Liquidation|p2a: Gengar\n|-damage|p2a: Gengar|0 fnt\n|faint|p2a: Gengar\n|\n|-heal|p1b: Araquanid|65/100|[from] item: Leftovers\n|-sideend|p1: Andreuvgc|Reflect\n|upkeep\n|turn|10\n|-message|Fergala forfeited.\n|\n|win|Andreuvgc\n|raw|Andreuvgc's rating: 1086 &rarr; <strong>1115</strong><br />(+29 for winning)\n|raw|Fergala's rating: 1111 &rarr; <strong>1084</strong><br />(-27 for losing)\n|l|\u2606Fergala\n|player|p2|\n|l|\u2606Andreuvgc\n|player|p1|\n|j|\u2606Andreuvgc\n|player|p1|Andreuvgc|volkner|\n",
  "uploadtime": 1776556959,
  "views": 32,
  "formatid": "gen9championsvgc2026regma",
  "rating": 1084,
  "private": 0,
  "password": null
}