{
  "id": "gen9championsvgc2026regma-2588482286",
  "format": "[Gen 9 Champions] VGC 2026 Reg M-A",
  "players": [
    "Northgdh",
    "thicc latina lover"
  ],
  "log": "|j|\u2606Northgdh\n|j|\u2606thicc latina lover\n|t:|1776637484\n|gametype|doubles\n|player|p1|Northgdh|pokemonranger-gen4|1291\n|player|p2|thicc latina lover|skyla|1387\n|gen|9\n|tier|[Gen 9 Champions] VGC 2026 Reg M-A\n|rated|\n|rule|Species Clause: Limit one of each Pok\u00e9mon\n|rule|Item Clause: Limit 1 of each item\n|clearpoke\n|poke|p1|Floette-Eternal, L50, F|\n|poke|p1|Sneasler, L50, F|\n|poke|p1|Garchomp, L50, F|\n|poke|p1|Sinistcha, L50|\n|poke|p1|Rotom-Wash, L50|\n|poke|p1|Aerodactyl, L50, M|\n|poke|p2|Venusaur, L50, M, shiny|\n|poke|p2|Pelipper, L50, M, shiny|\n|poke|p2|Basculegion, L50, M|\n|poke|p2|Archaludon, L50, M|\n|poke|p2|Sneasler, L50, F|\n|poke|p2|Incineroar, L50, F|\n|teampreview|4\n|inactive|Battle timer is ON: inactive players will automatically lose when time's up. (requested by Northgdh)\n|inactive|thicc latina lover has 60 seconds left.\n|inactive|Northgdh has 60 seconds left.\n|\n|t:|1776637542\n|teamsize|p1|4\n|teamsize|p2|4\n|start\n|switch|p1a: Garchomp|Garchomp, L50, F|100/100\n|switch|p1b: Aerodactyl|Aerodactyl, L50, M|100/100\n|switch|p2a: Venusaur|Venusaur, L50, M, shiny|100/100\n|switch|p2b: Sneasler|Sneasler, L50, F|100/100\n|-ability|p1b: Aerodactyl|Pressure\n|turn|1\n|\n|t:|1776637551\n|switch|p2b: Incineroar|Incineroar, L50, F|100/100\n|-ability|p2b: Incineroar|Intimidate|boost\n|-unboost|p1a: Garchomp|atk|1\n|-unboost|p1b: Aerodactyl|atk|1\n|detailschange|p2a: Venusaur|Venusaur-Mega, L50, M, shiny\n|-mega|p2a: Venusaur|Venusaur|Venusaurite\n|move|p1a: Garchomp|Earthquake|p2b: Incineroar|[spread] p2a,p2b\n|-immune|p1b: Aerodactyl\n|-supereffective|p2b: Incineroar|1\n|-damage|p2a: Venusaur|80/100\n|-damage|p2b: Incineroar|47/100\n|move|p1b: Aerodactyl|Tailwind|p1b: Aerodactyl\n|-sidestart|p1: Northgdh|move: Tailwind\n|move|p2a: Venusaur|Leech Seed|p1a: Garchomp\n|-start|p1a: Garchomp|move: Leech Seed\n|\n|-damage|p1a: Garchomp|88/100|[from] Leech Seed|[of] p2a: Venusaur\n|-heal|p2a: Venusaur|91/100|[silent]\n|upkeep\n|turn|2\n|inactive|thicc latina lover has 30 seconds left.\n|\n|t:|1776637579\n|move|p1b: Aerodactyl|Protect|p1b: Aerodactyl\n|-singleturn|p1b: Aerodactyl|Protect\n|move|p2b: Incineroar|Fake Out|p1a: Garchomp\n|-damage|p1a: Garchomp|78/100\n|-damage|p2b: Incineroar|35/100|[from] ability: Rough Skin|[of] p1a: Garchomp\n|cant|p1a: Garchomp|flinch\n|move|p2a: Venusaur|Leech Seed|p1b: Aerodactyl\n|-activate|p1b: Aerodactyl|move: Protect\n|\n|-damage|p1a: Garchomp|66/100|[from] Leech Seed|[of] p2a: Venusaur\n|-heal|p2a: Venusaur|100/100|[silent]\n|upkeep\n|turn|3\n|c|\u2606Northgdh|!dt thick fat\n|c|\u2606Northgdh|/raw <ul class=\"utilichart\"><li class=\"result\"><span class=\"col namecol\"><a href=\"https://dex.pokemonshowdown.com/abilities/thickfat\">Thick Fat</a></span> <span class=\"col abilitydesccol\">Fire-/Ice-type moves against this Pokemon deal damage with a halved offensive stat.</span> </li><li style=\"clear:both\"></li></ul>\n|c|\u2606Northgdh|/raw <font size=\"1\"><font color=\"#686868\">Gen:</font> 3&nbsp;|&ThickSpace;&#10003; Ignored by Mold Breaker</font>\n\n|inactive|thicc latina lover has 30 seconds left.\n|\n|t:|1776637608\n|move|p1a: Garchomp|Earthquake|p2a: Venusaur|[spread] p2a,p2b\n|-immune|p1b: Aerodactyl\n|-supereffective|p2b: Incineroar|1\n|-damage|p2a: Venusaur|81/100\n|-damage|p2b: Incineroar|0 fnt\n|faint|p2b: Incineroar\n|move|p1b: Aerodactyl|Dual Wingbeat|p2a: Venusaur\n|-supereffective|p2a: Venusaur|1\n|-damage|p2a: Venusaur|64/100\n|-supereffective|p2a: Venusaur|1\n|-damage|p2a: Venusaur|43/100\n|-hitcount|p2a: Venusaur|2\n|move|p2a: Venusaur|Leech Seed|p1b: Aerodactyl\n|-start|p1b: Aerodactyl|move: Leech Seed\n|\n|-damage|p1a: Garchomp|54/100|[from] Leech Seed|[of] p2a: Venusaur\n|-heal|p2a: Venusaur|55/100|[silent]\n|-damage|p1b: Aerodactyl|88/100|[from] Leech Seed|[of] p2a: Venusaur\n|-heal|p2a: Venusaur|65/100|[silent]\n|upkeep\n|\n|t:|1776637620\n|switch|p2b: Basculegion|Basculegion, L50, M|100/100\n|turn|4\n|\n|t:|1776637631\n|move|p1b: Aerodactyl|Protect|p1b: Aerodactyl\n|-singleturn|p1b: Aerodactyl|Protect\n|move|p1a: Garchomp|Earthquake|p2a: Venusaur|[spread] p2a,p2b\n|-activate|p1b: Aerodactyl|move: Protect\n|-damage|p2a: Venusaur|44/100\n|-damage|p2b: Basculegion|65/100\n|move|p2b: Basculegion|Last Respects|p1a: Garchomp\n|-damage|p1a: Garchomp|0 fnt\n|faint|p1a: Garchomp\n|move|p2a: Venusaur|Giga Drain|p1b: Aerodactyl\n|-activate|p1b: Aerodactyl|move: Protect\n|\n|-damage|p1b: Aerodactyl|76/100|[from] Leech Seed|[of] p2a: Venusaur\n|-heal|p2a: Venusaur|55/100|[silent]\n|-sideend|p1: Northgdh|move: Tailwind\n|upkeep\n|\n|t:|1776637635\n|switch|p1a: Sinistcha|Sinistcha, L50|100/100\n|-heal|p1b: Aerodactyl|100/100|[from] ability: Hospitality|[of] p1a: Sinistcha\n|turn|5\n|\n|t:|1776637645\n|move|p1a: Sinistcha|Rage Powder|p1a: Sinistcha\n|-singleturn|p1a: Sinistcha|move: Rage Powder\n|move|p1b: Aerodactyl|Tailwind|p1b: Aerodactyl\n|-sidestart|p1: Northgdh|move: Tailwind\n|move|p2b: Basculegion|Last Respects|p1a: Sinistcha\n|-supereffective|p1a: Sinistcha|1\n|-damage|p1a: Sinistcha|0 fnt\n|faint|p1a: Sinistcha\n|move|p2a: Venusaur|Sludge Bomb|p1b: Aerodactyl\n|-resisted|p1b: Aerodactyl|1\n|-damage|p1b: Aerodactyl|76/100\n|\n|-damage|p1b: Aerodactyl|64/100|[from] Leech Seed|[of] p2a: Venusaur\n|-heal|p2a: Venusaur|65/100|[silent]\n|upkeep\n|\n|t:|1776637647\n|switch|p1a: Floette|Floette-Eternal, L50, F|100/100\n|turn|6\n|\n|t:|1776637660\n|detailschange|p1a: Floette|Floette-Mega, L50, F\n|-mega|p1a: Floette|Floette|Floettite\n|-ability|p1a: Floette|Fairy Aura\n|move|p1b: Aerodactyl|Dual Wingbeat|p2a: Venusaur\n|-supereffective|p2a: Venusaur|1\n|-damage|p2a: Venusaur|45/100\n|-supereffective|p2a: Venusaur|1\n|-damage|p2a: Venusaur|26/100\n|-hitcount|p2a: Venusaur|2\n|move|p1a: Floette|Dazzling Gleam|p2b: Basculegion|[spread] p2a,p2b\n|-resisted|p2a: Venusaur|1\n|-damage|p2a: Venusaur|11/100\n|-damage|p2b: Basculegion|4/100\n|move|p2b: Basculegion|Last Respects|p1b: Aerodactyl\n|-damage|p1b: Aerodactyl|0 fnt\n|faint|p1b: Aerodactyl\n|move|p2a: Venusaur|Giga Drain|p1a: Floette\n|-damage|p1a: Floette|72/100\n|-heal|p2a: Venusaur|23/100|[from] drain|[of] p1a: Floette\n|\n|upkeep\n|turn|7\n|inactive|thicc latina lover has 30 seconds left.\n|\n|t:|1776637689\n|move|p1a: Floette|Dazzling Gleam|p2b: Basculegion|[spread] p2a,p2b\n|-resisted|p2a: Venusaur|1\n|-damage|p2a: Venusaur|6/100\n|-damage|p2b: Basculegion|0 fnt\n|faint|p2b: Basculegion\n|move|p2a: Venusaur|Leech Seed|p1a: Floette\n|-start|p1a: Floette|move: Leech Seed\n|\n|-damage|p1a: Floette|60/100|[from] Leech Seed|[of] p2a: Venusaur\n|-heal|p2a: Venusaur|16/100|[silent]\n|upkeep\n|\n|t:|1776637695\n|switch|p2b: Sneasler|Sneasler, L50, F|100/100\n|turn|8\n|\n|t:|1776637698\n|move|p1a: Floette|Protect|p1a: Floette\n|-singleturn|p1a: Floette|Protect\n|move|p2b: Sneasler|Fake Out|p1a: Floette\n|-activate|p1a: Floette|move: Protect\n|move|p2a: Venusaur|Sludge Bomb|p1a: Floette\n|-activate|p1a: Floette|move: Protect\n|\n|-damage|p1a: Floette|47/100|[from] Leech Seed|[of] p2a: Venusaur\n|-heal|p2a: Venusaur|26/100|[silent]\n|-sideend|p1: Northgdh|move: Tailwind\n|upkeep\n|turn|9\n|\n|t:|1776637705\n|move|p2b: Sneasler|Dire Claw|p1a: Floette\n|-supereffective|p1a: Floette|1\n|-damage|p1a: Floette|0 fnt\n|faint|p1a: Floette\n|\n|win|thicc latina lover\n|raw|Northgdh's rating: 1291 &rarr; <strong>1273</strong><br />(-18 for losing)\n|raw|thicc latina lover's rating: 1387 &rarr; <strong>1402</strong><br />(+15 for winning)\n",
  "uploadtime": 1776637705,
  "views": 11,
  "formatid": "gen9championsvgc2026regma",
  "rating": 1273,
  "private": 0,
  "password": null
}