{
  "id": "gen9championsvgc2026regma-2581146837",
  "format": "[Gen 9 Champions] VGC 2026 Reg M-A",
  "players": [
    "Spark the Pikagoss",
    "Sklapr"
  ],
  "log": "|j|\u2606Spark the Pikagoss\n|j|\u2606Sklapr\n|t:|1775964395\n|gametype|doubles\n|player|p1|Spark the Pikagoss|gentleman|1110\n|player|p2|Sklapr|265|1137\n|gen|9\n|tier|[Gen 9 Champions] VGC 2026 Reg M-A\n|rated|\n|rule|Species Clause: Limit one of each Pok\u00e9mon\n|rule|Item Clause: Limit 1 of each item\n|clearpoke\n|poke|p1|Politoed, L50, F|\n|poke|p1|Gengar, L50, M|\n|poke|p1|Incineroar, L50, F|\n|poke|p1|Maushold, L50|\n|poke|p1|Basculegion, L50, M|\n|poke|p1|Archaludon, L50, M|\n|poke|p2|Whimsicott, L50, M|\n|poke|p2|Volcarona, L50, F|\n|poke|p2|Charizard, L50, F|\n|poke|p2|Garchomp, L50, M|\n|poke|p2|Gengar, L50, F|\n|poke|p2|Hydreigon, L50, F|\n|teampreview|4\n|inactive|Battle timer is ON: inactive players will automatically lose when time's up. (requested by Sklapr)\n|\n|t:|1775964435\n|teamsize|p1|4\n|teamsize|p2|4\n|start\n|switch|p1a: Incineroar|Incineroar, L50, F|100/100\n|switch|p1b: Gengar|Gengar, L50, M|100/100\n|switch|p2a: Whimsicott|Whimsicott, L50, M, shiny|100/100\n|switch|p2b: Gengar|Gengar, L50, F, shiny|100/100\n|-ability|p1a: Incineroar|Intimidate|boost\n|-unboost|p2a: Whimsicott|atk|1\n|-unboost|p2b: Gengar|atk|1\n|turn|1\n|inactive|Spark the Pikagoss has 30 seconds left.\n|inactive|Spark the Pikagoss has 20 seconds left.\n|inactive|Spark the Pikagoss has 15 seconds left.\n|inactive|Spark the Pikagoss has 10 seconds left.\n|\n|t:|1775964481\n|switch|p2a: Hydreigon|Hydreigon, L50, F|100/100\n|move|p2b: Gengar|Protect|p2b: Gengar\n|-singleturn|p2b: Gengar|Protect\n|move|p1b: Gengar|Protect|p1b: Gengar\n|-singleturn|p1b: Gengar|Protect\n|move|p1a: Incineroar|Throat Chop|p2b: Gengar\n|-activate|p2b: Gengar|move: Protect\n|\n|upkeep\n|turn|2\n|inactive|Spark the Pikagoss has 30 seconds left.\n|inactive|Sklapr has 30 seconds left.\n|inactive|Spark the Pikagoss has 20 seconds left.\n|inactive|Spark the Pikagoss has 15 seconds left.\n|inactive|Spark the Pikagoss has 10 seconds left.\n|inactive|Spark the Pikagoss has 5 seconds left.\n|\n|t:|1775964532\n|switch|p1b: Politoed|Politoed, L50, F|100/100\n|-weather|RainDance|[from] ability: Drizzle|[of] p1b: Politoed\n|move|p2a: Hydreigon|Earth Power|p1a: Incineroar\n|-supereffective|p1a: Incineroar|1\n|-damage|p1a: Incineroar|52/100\n|-unboost|p1a: Incineroar|spd|1\n|move|p2b: Gengar|Sludge Bomb|p1a: Incineroar\n|-damage|p1a: Incineroar|12/100\n|-status|p1a: Incineroar|psn\n|-enditem|p1a: Incineroar|Lum Berry|[eat]\n|-curestatus|p1a: Incineroar|psn|[msg]\n|move|p1a: Incineroar|Parting Shot|p2a: Hydreigon\n|-unboost|p2a: Hydreigon|atk|1\n|-unboost|p2a: Hydreigon|spa|1\n|\n|t:|1775964548\n|switch|p1a: Basculegion|Basculegion, L50, M|100/100|[from] Parting Shot\n|\n|-weather|RainDance|[upkeep]\n|upkeep\n|turn|3\n|\n|t:|1775964566\n|switch|p2a: Whimsicott|Whimsicott, L50, M, shiny|100/100\n|move|p2b: Gengar|Protect|p2b: Gengar\n|-singleturn|p2b: Gengar|Protect\n|move|p1a: Basculegion|Flip Turn|p2a: Whimsicott\n|-resisted|p2a: Whimsicott|1\n|-damage|p2a: Whimsicott|65/100\n|\n|t:|1775964587\n|switch|p1a: Incineroar|Incineroar, L50, F|12/100|[from] Flip Turn\n|-ability|p1a: Incineroar|Intimidate|boost\n|-unboost|p2a: Whimsicott|atk|1\n|-unboost|p2b: Gengar|atk|1\n|move|p1b: Politoed|Perish Song|p1b: Politoed\n|-start|p1a: Incineroar|perish3|[silent]\n|-start|p1b: Politoed|perish3|[silent]\n|-start|p2a: Whimsicott|perish3|[silent]\n|-start|p2b: Gengar|perish3|[silent]\n|-fieldactivate|move: Perish Song\n|\n|-weather|RainDance|[upkeep]\n|-start|p2a: Whimsicott|perish3\n|-start|p2b: Gengar|perish3\n|-start|p1b: Politoed|perish3\n|-start|p1a: Incineroar|perish3\n|upkeep\n|turn|4\n|inactive|Spark the Pikagoss has 30 seconds left.\n|inactive|Spark the Pikagoss has 20 seconds left.\n|\n|t:|1775964626\n|switch|p1b: Gengar|Gengar, L50, M|100/100\n|move|p2a: Whimsicott|Sunny Day|p2a: Whimsicott\n|-weather|SunnyDay\n|move|p2b: Gengar|Shadow Ball|p1a: Incineroar\n|-resisted|p1a: Incineroar|1\n|-damage|p1a: Incineroar|0 fnt\n|faint|p1a: Incineroar\n|\n|-weather|SunnyDay|[upkeep]\n|-start|p2a: Whimsicott|perish2\n|-start|p2b: Gengar|perish2\n|upkeep\n|\n|t:|1775964641\n|switch|p1a: Basculegion|Basculegion, L50, M|100/100\n|turn|5\n|\n|t:|1775964663\n|switch|p2b: Charizard|Charizard, L50, F, shiny|100/100\n|detailschange|p1b: Gengar|Gengar-Mega, L50, M\n|-mega|p1b: Gengar|Gengar|Gengarite\n|move|p1b: Gengar|Protect|p1b: Gengar\n|-singleturn|p1b: Gengar|Protect\n|move|p2a: Whimsicott|Tailwind|p2a: Whimsicott\n|-sidestart|p2: Sklapr|move: Tailwind\n|move|p1a: Basculegion|Last Respects|p2b: Charizard\n|-damage|p2b: Charizard|31/100\n|\n|-weather|SunnyDay|[upkeep]\n|-damage|p2b: Charizard|19/100|[from] ability: Solar Power|[of] p2b: Charizard\n|-start|p2a: Whimsicott|perish1\n|upkeep\n|turn|6\n|inactive|Spark the Pikagoss has 30 seconds left.\n|inactive|Sklapr has 30 seconds left.\n|\n|t:|1775964691\n|switch|p1b: Politoed|Politoed, L50, F|100/100\n|-weather|RainDance|[from] ability: Drizzle|[of] p1b: Politoed\n|move|p2b: Charizard|Protect|p2b: Charizard\n|-singleturn|p2b: Charizard|Protect\n|move|p2a: Whimsicott|Sunny Day|p2a: Whimsicott\n|-weather|SunnyDay\n|move|p1a: Basculegion|Flip Turn|p2b: Charizard\n|-activate|p2b: Charizard|move: Protect\n|\n|-weather|SunnyDay|[upkeep]\n|-damage|p2b: Charizard|7/100|[from] ability: Solar Power|[of] p2b: Charizard\n|-start|p2a: Whimsicott|perish0\n|faint|p2a: Whimsicott\n|upkeep\n|\n|t:|1775964705\n|switch|p2a: Hydreigon|Hydreigon, L50, F|100/100\n|turn|7\n|\n|t:|1775964719\n|detailschange|p2b: Charizard|Charizard-Mega-Y, L50, F, shiny\n|-mega|p2b: Charizard|Charizard|Charizardite Y\n|move|p1a: Basculegion|Protect|p1a: Basculegion\n|-singleturn|p1a: Basculegion|Protect\n|move|p1b: Politoed|Protect|p1b: Politoed\n|-singleturn|p1b: Politoed|Protect\n|move|p2a: Hydreigon|Dark Pulse|p1a: Basculegion\n|-activate|p1a: Basculegion|move: Protect\n|move|p2b: Charizard|Air Slash|p1b: Politoed\n|-activate|p1b: Politoed|move: Protect\n|\n|-weather|SunnyDay|[upkeep]\n|upkeep\n|turn|8\n|inactive|Spark the Pikagoss has 30 seconds left.\n|\n|t:|1775964750\n|move|p2b: Charizard|Protect|p2b: Charizard\n|-singleturn|p2b: Charizard|Protect\n|move|p2a: Hydreigon|Dark Pulse|p1a: Basculegion\n|-supereffective|p1a: Basculegion|1\n|-damage|p1a: Basculegion|2/100\n|move|p1a: Basculegion|Flip Turn|p2b: Charizard\n|-activate|p2b: Charizard|move: Protect\n|move|p1b: Politoed|Perish Song|p1b: Politoed\n|-start|p1a: Basculegion|perish3|[silent]\n|-start|p1b: Politoed|perish3|[silent]\n|-start|p2a: Hydreigon|perish3|[silent]\n|-start|p2b: Charizard|perish3|[silent]\n|-fieldactivate|move: Perish Song\n|\n|-weather|SunnyDay|[upkeep]\n|-start|p2a: Hydreigon|perish3\n|-start|p2b: Charizard|perish3\n|-start|p1a: Basculegion|perish3\n|-start|p1b: Politoed|perish3\n|-sideend|p2: Sklapr|move: Tailwind\n|upkeep\n|turn|9\n|inactive|Spark the Pikagoss has 30 seconds left.\n|\n|t:|1775964781\n|switch|p2b: Gengar|Gengar, L50, F, shiny|100/100\n|switch|p1b: Gengar|Gengar-Mega, L50, M|100/100\n|move|p1a: Basculegion|Protect|p1a: Basculegion\n|-singleturn|p1a: Basculegion|Protect\n|move|p2a: Hydreigon|Dark Pulse|p1a: Basculegion\n|-activate|p1a: Basculegion|move: Protect\n|\n|-weather|SunnyDay|[upkeep]\n|-start|p2a: Hydreigon|perish2\n|-start|p1a: Basculegion|perish2\n|upkeep\n|turn|10\n|inactive|Spark the Pikagoss has 30 seconds left.\n|inactive|Sklapr has 30 seconds left.\n|inactive|Spark the Pikagoss has 20 seconds left.\n|inactive|Sklapr has 20 seconds left.\n|inactive|Spark the Pikagoss has 15 seconds left.\n|inactive|Spark the Pikagoss has 10 seconds left.\n|\n|t:|1775964830\n|switch|p2b: Charizard|Charizard-Mega-Y, L50, F, shiny|7/100\n|switch|p1a: Politoed|Politoed, L50, F|100/100\n|-weather|RainDance|[from] ability: Drizzle|[of] p1a: Politoed\n|move|p2a: Hydreigon|Dark Pulse|p1a: Politoed\n|-damage|p1a: Politoed|72/100\n|move|p1b: Gengar|Sludge Bomb|p2a: Hydreigon\n|-damage|p2a: Hydreigon|29/100\n|-status|p2a: Hydreigon|psn\n|\n|-weather|RainDance|[upkeep]\n|-heal|p1a: Politoed|78/100|[from] item: Leftovers\n|-damage|p2a: Hydreigon|17/100 psn|[from] psn\n|-start|p2a: Hydreigon|perish1\n|upkeep\n|turn|11\n|\n|t:|1775964853\n|move|p1b: Gengar|Protect|p1b: Gengar\n|-singleturn|p1b: Gengar|Protect\n|move|p1a: Politoed|Protect|p1a: Politoed\n|-singleturn|p1a: Politoed|Protect\n|move|p2a: Hydreigon|Dark Pulse|p1b: Gengar\n|-activate|p1b: Gengar|move: Protect\n|move|p2b: Charizard|Air Slash|p1b: Gengar\n|-activate|p1b: Gengar|move: Protect\n|\n|-weather|RainDance|[upkeep]\n|-heal|p1a: Politoed|84/100|[from] item: Leftovers\n|-damage|p2a: Hydreigon|5/100 psn|[from] psn\n|-start|p2a: Hydreigon|perish0\n|faint|p2a: Hydreigon\n|upkeep\n|\n|t:|1775964855\n|switch|p2a: Gengar|Gengar, L50, F, shiny|100/100\n|turn|12\n|\n|t:|1775964878\n|move|p2b: Charizard|Protect|p2b: Charizard\n|-singleturn|p2b: Charizard|Protect\n|move|p1b: Gengar|Shadow Ball|p2b: Charizard\n|-activate|p2b: Charizard|move: Protect\n|move|p2a: Gengar|Shadow Ball|p1b: Gengar\n|-supereffective|p1b: Gengar|1\n|-damage|p1b: Gengar|0 fnt\n|faint|p1b: Gengar\n|move|p1a: Politoed|Weather Ball|p2a: Gengar\n|-damage|p2a: Gengar|34/100\n|\n|-weather|RainDance|[upkeep]\n|-heal|p1a: Politoed|90/100|[from] item: Leftovers\n|upkeep\n|\n|t:|1775964889\n|switch|p1b: Basculegion|Basculegion, L50, M|2/100\n|turn|13\n|inactive|Spark the Pikagoss has 30 seconds left.\n|inactive|Spark the Pikagoss has 20 seconds left.\n|inactive|Spark the Pikagoss has 15 seconds left.\n|inactive|Sklapr has 30 seconds left.\n|\n|t:|1775964917\n|move|p2b: Charizard|Protect||[still]\n|-fail|p2b: Charizard\n|move|p1b: Basculegion|Last Respects|p2a: Gengar\n|-supereffective|p2a: Gengar|1\n|-damage|p2a: Gengar|0 fnt\n|-start|p1b: Basculegion|Disable|Last Respects|[from] ability: Cursed Body|[of] p2a: Gengar\n|faint|p2a: Gengar\n|move|p1a: Politoed|Weather Ball|p2b: Charizard\n|-supereffective|p2b: Charizard|1\n|-damage|p2b: Charizard|0 fnt\n|faint|p2b: Charizard\n|\n|win|Spark the Pikagoss\n|raw|Spark the Pikagoss's rating: 1110 &rarr; <strong>1137</strong><br />(+27 for winning)\n|raw|Sklapr's rating: 1137 &rarr; <strong>1110</strong><br />(-27 for losing)\n|l|\u2606Sklapr\n|player|p2|\n",
  "uploadtime": 1775964925,
  "views": 19,
  "formatid": "gen9championsvgc2026regma",
  "rating": 1110,
  "private": 0,
  "password": null
}