{
  "id": "gen9championsvgc2026regma-2580343625",
  "format": "[Gen 9 Champions] VGC 2026 Reg M-A",
  "players": [
    "leader-starmie",
    "swoobat01"
  ],
  "log": "|j|\u2606leader-starmie\n|j|\u2606swoobat01\n|t:|1775882951\n|gametype|doubles\n|player|p1|leader-starmie|lida|1013\n|player|p2|swoobat01|169|1056\n|gen|9\n|tier|[Gen 9 Champions] VGC 2026 Reg M-A\n|rated|\n|rule|Species Clause: Limit one of each Pok\u00e9mon\n|rule|Item Clause: Limit 1 of each item\n|clearpoke\n|poke|p1|Starmie, L50|\n|poke|p1|Incineroar, L50, F|\n|poke|p1|Sneasler, L50, M|\n|poke|p1|Sinistcha, L50|\n|poke|p1|Aerodactyl, L50, M|\n|poke|p1|Manectric, L50, M|\n|poke|p2|Glimmora, L50, F|\n|poke|p2|Araquanid, L50, M|\n|poke|p2|Archaludon, L50, F|\n|poke|p2|Pelipper, L50, F|\n|poke|p2|Oranguru, L50, M|\n|poke|p2|Garchomp, L50, F|\n|teampreview|4\n|\n|t:|1775882993\n|teamsize|p1|4\n|teamsize|p2|4\n|start\n|switch|p1a: Aerodactyl|Aerodactyl, L50, M|100/100\n|switch|p1b: Starmie|Starmie, L50|100/100\n|switch|p2a: Glimmora|Glimmora, L50, F|100/100\n|switch|p2b: Oranguru|Oranguru, L50, M|100/100\n|-ability|p1a: Aerodactyl|Pressure\n|turn|1\n|\n|t:|1775883013\n|detailschange|p1b: Starmie|Starmie-Mega, L50\n|-mega|p1b: Starmie|Starmie|Starminite\n|move|p2a: Glimmora|Spiky Shield|p2a: Glimmora\n|-singleturn|p2a: Glimmora|move: Protect\n|move|p1a: Aerodactyl|Rock Slide|p2b: Oranguru|[spread] \n|-activate|p2a: Glimmora|move: Protect\n|-miss|p1a: Aerodactyl|p2b: Oranguru\n|move|p1b: Starmie|Liquidation|p2a: Glimmora\n|-activate|p2a: Glimmora|move: Protect\n|-damage|p1b: Starmie|88/100|[from] Spiky Shield|[of] p2a: Glimmora\n|move|p2b: Oranguru|Trick Room|p2b: Oranguru\n|-fieldstart|move: Trick Room|[of] p2b: Oranguru\n|\n|upkeep\n|turn|2\n|\n|t:|1775883044\n|detailschange|p2a: Glimmora|Glimmora-Mega, L50, F\n|-mega|p2a: Glimmora|Glimmora|Glimmoranite\n|move|p1b: Starmie|Protect|p1b: Starmie\n|-singleturn|p1b: Starmie|Protect\n|move|p2b: Oranguru|Instruct|p2a: Glimmora\n|-singleturn|p2a: Glimmora|move: Instruct|[of] p2b: Oranguru\n|move|p2a: Glimmora|Spiky Shield|p2a: Glimmora\n|-singleturn|p2a: Glimmora|move: Protect\n|move|p2a: Glimmora|Sludge Wave|p1a: Aerodactyl|[spread] p1a\n|-activate|p1b: Starmie|move: Protect\n|-activate|p2b: Oranguru|ability: Telepathy\n|-resisted|p1a: Aerodactyl|1\n|-damage|p1a: Aerodactyl|55/100\n|move|p1a: Aerodactyl|Rock Slide|p2b: Oranguru|[spread] \n|-activate|p2a: Glimmora|move: Protect\n|-miss|p1a: Aerodactyl|p2b: Oranguru\n|\n|upkeep\n|turn|3\n|\n|t:|1775883074\n|move|p1a: Aerodactyl|Wide Guard|p1a: Aerodactyl\n|-singleturn|p1a: Aerodactyl|Wide Guard\n|move|p2b: Oranguru|Instruct|p2a: Glimmora\n|-singleturn|p2a: Glimmora|move: Instruct|[of] p2b: Oranguru\n|move|p2a: Glimmora|Sludge Wave|p1b: Starmie|[spread] \n|-activate|p1a: Aerodactyl|move: Wide Guard\n|-activate|p1b: Starmie|move: Wide Guard\n|-activate|p2b: Oranguru|ability: Telepathy\n|move|p2a: Glimmora|Sludge Wave|p1a: Aerodactyl|[spread] \n|-activate|p1a: Aerodactyl|move: Wide Guard\n|-activate|p1b: Starmie|move: Wide Guard\n|-activate|p2b: Oranguru|ability: Telepathy\n|move|p1b: Starmie|Liquidation|p2a: Glimmora\n|-supereffective|p2a: Glimmora|1\n|-damage|p2a: Glimmora|0 fnt\n|faint|p2a: Glimmora\n|\n|upkeep\n|\n|t:|1775883100\n|switch|p2a: Araquanid|Araquanid, L50, M|100/100\n|turn|4\n|\n|t:|1775883114\n|switch|p1a: Manectric|Manectric, L50, M|100/100\n|move|p1b: Starmie|Protect|p1b: Starmie\n|-singleturn|p1b: Starmie|Protect\n|move|p2a: Araquanid|Leech Life|p1b: Starmie\n|-activate|p1b: Starmie|move: Protect\n|move|p2b: Oranguru|Chilling Water|p1a: Manectric\n|-damage|p1a: Manectric|84/100\n|-unboost|p1a: Manectric|atk|1\n|\n|upkeep\n|turn|5\n|\n|t:|1775883147\n|move|p1a: Manectric|Protect|p1a: Manectric\n|-singleturn|p1a: Manectric|Protect\n|move|p2a: Araquanid|Leech Life|p1b: Starmie\n|-supereffective|p1b: Starmie|1\n|-damage|p1b: Starmie|27/100\n|move|p2b: Oranguru|Chilling Water|p1b: Starmie\n|-resisted|p1b: Starmie|1\n|-damage|p1b: Starmie|22/100\n|-unboost|p1b: Starmie|atk|1\n|move|p1b: Starmie|Liquidation|p2b: Oranguru|[miss]\n|-miss|p1b: Starmie|p2b: Oranguru\n|\n|-fieldend|move: Trick Room\n|upkeep\n|turn|6\n|\n|t:|1775883174\n|move|p2a: Araquanid|Protect|p2a: Araquanid\n|-singleturn|p2a: Araquanid|Protect\n|move|p1a: Manectric|Thunderbolt|p2b: Oranguru\n|-damage|p2b: Oranguru|75/100\n|move|p1b: Starmie|Liquidation|p2b: Oranguru\n|-damage|p2b: Oranguru|28/100\n|move|p2b: Oranguru|Trick Room|p2b: Oranguru\n|-fieldstart|move: Trick Room|[of] p2b: Oranguru\n|\n|upkeep\n|turn|7\n|\n|t:|1775883200\n|move|p1b: Starmie|Protect|p1b: Starmie\n|-singleturn|p1b: Starmie|Protect\n|move|p2a: Araquanid|Leech Life|p1b: Starmie\n|-activate|p1b: Starmie|move: Protect\n|move|p2b: Oranguru|Instruct|p2a: Araquanid\n|-singleturn|p2a: Araquanid|move: Instruct|[of] p2b: Oranguru\n|move|p2a: Araquanid|Leech Life|p1b: Starmie\n|-activate|p1b: Starmie|move: Protect\n|move|p1a: Manectric|Volt Switch|p2a: Araquanid\n|-supereffective|p2a: Araquanid|1\n|-damage|p2a: Araquanid|58/100\n|\n|t:|1775883216\n|switch|p1a: Sneasler|Sneasler, L50, M|100/100|[from] Volt Switch\n|\n|upkeep\n|turn|8\n|\n|t:|1775883229\n|move|p1a: Sneasler|Fake Out|p2a: Araquanid\n|-damage|p2a: Araquanid|42/100\n|cant|p2a: Araquanid|flinch\n|move|p2b: Oranguru|Chilling Water|p1a: Sneasler\n|-damage|p1a: Sneasler|86/100\n|-unboost|p1a: Sneasler|atk|1\n|-enditem|p1a: Sneasler|White Herb\n|-clearnegativeboost|p1a: Sneasler|[silent]\n|move|p1b: Starmie|Liquidation|p2b: Oranguru\n|-damage|p2b: Oranguru|0 fnt\n|faint|p2b: Oranguru\n|\n|upkeep\n|\n|t:|1775883232\n|switch|p2b: Garchomp|Garchomp, L50, F|100/100\n|turn|9\n|\n|t:|1775883251\n|switch|p1a: Aerodactyl|Aerodactyl, L50, M|55/100\n|-ability|p1a: Aerodactyl|Pressure\n|move|p2a: Araquanid|Protect|p2a: Araquanid\n|-singleturn|p2a: Araquanid|Protect\n|move|p1b: Starmie|Protect|p1b: Starmie\n|-singleturn|p1b: Starmie|Protect\n|move|p2b: Garchomp|Earthquake|p1a: Aerodactyl|[spread] \n|-activate|p2a: Araquanid|move: Protect\n|-activate|p1b: Starmie|move: Protect\n|-immune|p1a: Aerodactyl\n|\n|upkeep\n|turn|10\n|\n|t:|1775883285\n|switch|p1b: Sneasler|Sneasler, L50, M|86/100\n|switch|p1a: Manectric|Manectric, L50, M|84/100\n|move|p2a: Araquanid|Leech Life|p1b: Sneasler\n|-resisted|p1b: Sneasler|2\n|-damage|p1b: Sneasler|74/100\n|-heal|p2a: Araquanid|48/100|[from] drain|[of] p1b: Sneasler\n|move|p2b: Garchomp|Dragon Claw|p1a: Manectric\n|-damage|p1a: Manectric|17/100\n|\n|-fieldend|move: Trick Room\n|upkeep\n|turn|11\n|\n|t:|1775883309\n|move|p2a: Araquanid|Protect|p2a: Araquanid\n|-singleturn|p2a: Araquanid|Protect\n|move|p1b: Sneasler|Fake Out|p2b: Garchomp\n|-damage|p2b: Garchomp|89/100\n|-damage|p1b: Sneasler|62/100|[from] ability: Rough Skin|[of] p2b: Garchomp\n|move|p1a: Manectric|Thunderbolt|p2a: Araquanid\n|-activate|p2a: Araquanid|move: Protect\n|cant|p2b: Garchomp|flinch\n|\n|upkeep\n|turn|12\n|\n|t:|1775883343\n|move|p2a: Araquanid|Protect|p2a: Araquanid\n|-singleturn|p2a: Araquanid|Protect\n|move|p1b: Sneasler|Close Combat|p2b: Garchomp\n|-damage|p2b: Garchomp|34/100\n|-unboost|p1b: Sneasler|def|1\n|-unboost|p1b: Sneasler|spd|1\n|-damage|p1b: Sneasler|50/100|[from] ability: Rough Skin|[of] p2b: Garchomp\n|move|p1a: Manectric|Thunderbolt|p2a: Araquanid\n|-activate|p2a: Araquanid|move: Protect\n|move|p2b: Garchomp|Earthquake|p1a: Manectric|[spread] p1a,p1b\n|-activate|p2a: Araquanid|move: Protect\n|-supereffective|p1a: Manectric|1\n|-supereffective|p1b: Sneasler|1\n|-damage|p1a: Manectric|0 fnt\n|-damage|p1b: Sneasler|0 fnt\n|faint|p1a: Manectric\n|faint|p1b: Sneasler\n|\n|upkeep\n|\n|t:|1775883360\n|switch|p1b: Starmie|Starmie-Mega, L50|22/100\n|switch|p1a: Aerodactyl|Aerodactyl, L50, M|55/100\n|-ability|p1a: Aerodactyl|Pressure\n|turn|13\n|\n|t:|1775883375\n|move|p1b: Starmie|Aqua Jet|p2b: Garchomp\n|-damage|p2b: Garchomp|4/100\n|-damage|p1b: Starmie|10/100|[from] ability: Rough Skin|[of] p2b: Garchomp\n|move|p1a: Aerodactyl|Rock Slide|p2b: Garchomp|[spread] p2a,p2b\n|-supereffective|p2a: Araquanid|1\n|-resisted|p2b: Garchomp|1\n|-damage|p2a: Araquanid|0 fnt\n|-damage|p2b: Garchomp|0 fnt\n|faint|p2a: Araquanid\n|faint|p2b: Garchomp\n|\n|win|leader-starmie\n|raw|leader-starmie's rating: 1013 &rarr; <strong>1056</strong><br />(+43 for winning)\n|raw|swoobat01's rating: 1056 &rarr; <strong>1035</strong><br />(-21 for losing)\n",
  "uploadtime": 1775883387,
  "views": 13,
  "formatid": "gen9championsvgc2026regma",
  "rating": 1035,
  "private": 0,
  "password": null
}