{
  "id": "gen9championsvgc2026regma-2582601270",
  "format": "[Gen 9 Champions] VGC 2026 Reg M-A",
  "players": [
    "Hleach",
    "NegaiFreak"
  ],
  "log": "|j|\u2606Hleach\n|j|\u2606NegaiFreak\n|t:|1776101933\n|gametype|doubles\n|player|p1|Hleach|2|1238\n|player|p2|NegaiFreak|170|1192\n|gen|9\n|tier|[Gen 9 Champions] VGC 2026 Reg M-A\n|rated|\n|rule|Species Clause: Limit one of each Pok\u00e9mon\n|rule|Item Clause: Limit 1 of each item\n|clearpoke\n|poke|p1|Delphox, L50, M|\n|poke|p1|Basculegion, L50, M|\n|poke|p1|Dragapult, L50, M|\n|poke|p1|Sneasler, L50, M|\n|poke|p1|Clefable, L50, F|\n|poke|p1|Kingambit, L50, F|\n|poke|p2|Archaludon, L50, F|\n|poke|p2|Pelipper, L50, M|\n|poke|p2|Basculegion, L50, M|\n|poke|p2|Meganium, L50, F|\n|poke|p2|Maushold-Four, L50|\n|poke|p2|Farigiraf, L50, M|\n|teampreview|4\n|inactive|Battle timer is ON: inactive players will automatically lose when time's up. (requested by NegaiFreak)\n|inactive|Hleach has 60 seconds left.\n|inactive|NegaiFreak has 60 seconds left.\n|\n|t:|1776101969\n|teamsize|p1|4\n|teamsize|p2|4\n|start\n|switch|p1a: Dragapult|Dragapult, L50, M|100/100\n|switch|p1b: Basculegion|Basculegion, L50, M|100/100\n|switch|p2a: Pelipper|Pelipper, L50, M|100/100\n|switch|p2b: Archaludon|Archaludon, L50, F|100/100\n|-weather|RainDance|[from] ability: Drizzle|[of] p2a: Pelipper\n|turn|1\n|c|\u2606NegaiFreak|GLHF\n|inactive|Hleach has 30 seconds left.\n|inactive|Hleach has 20 seconds left.\n|inactive|Hleach has 15 seconds left.\n|\n|t:|1776102012\n|move|p1a: Dragapult|Dragon Pulse|p2b: Archaludon\n|-damage|p2b: Archaludon|44/100\n|move|p1b: Basculegion|Flip Turn|p2a: Pelipper\n|-resisted|p2a: Pelipper|1\n|-damage|p2a: Pelipper|60/100\n|\n|t:|1776102020\n|switch|p1b: Sneasler|Sneasler, L50, M|100/100|[from] Flip Turn\n|move|p2b: Archaludon|Electro Shot||[still]\n|-prepare|p2b: Archaludon|Electro Shot\n|-boost|p2b: Archaludon|spa|1\n|-anim|p2b: Archaludon|Electro Shot|p1b: Sneasler\n|-enditem|p1b: Sneasler|Focus Sash\n|-damage|p1b: Sneasler|1/100\n|move|p2a: Pelipper|Tailwind|p2a: Pelipper\n|-sidestart|p2: NegaiFreak|move: Tailwind\n|\n|-weather|RainDance|[upkeep]\n|upkeep\n|turn|2\n|\n|t:|1776102038\n|switch|p2a: Farigiraf|Farigiraf, L50, M|100/100\n|move|p1b: Sneasler|Protect|p1b: Sneasler\n|-singleturn|p1b: Sneasler|Protect\n|move|p2b: Archaludon|Dragon Pulse|p1a: Dragapult\n|-supereffective|p1a: Dragapult|1\n|-crit|p1a: Dragapult\n|-damage|p1a: Dragapult|0 fnt\n|faint|p1a: Dragapult\n|\n|-weather|RainDance|[upkeep]\n|upkeep\n|\n|t:|1776102046\n|switch|p1a: Basculegion|Basculegion, L50, M|100/100\n|turn|3\n|inactive|NegaiFreak has 30 seconds left.\n|\n|t:|1776102073\n|move|p1b: Sneasler|Close Combat|p2b: Archaludon\n|-supereffective|p2b: Archaludon|1\n|-damage|p2b: Archaludon|0 fnt\n|-unboost|p1b: Sneasler|def|1\n|-unboost|p1b: Sneasler|spd|1\n|faint|p2b: Archaludon\n|move|p1a: Basculegion|Wave Crash|p2a: Farigiraf\n|-damage|p2a: Farigiraf|2/100\n|-damage|p1a: Basculegion|63/100|[from] Recoil\n|move|p2a: Farigiraf|Psychic|p1b: Sneasler\n|-supereffective|p1b: Sneasler|2\n|-damage|p1b: Sneasler|0 fnt\n|faint|p1b: Sneasler\n|\n|-weather|RainDance|[upkeep]\n|upkeep\n|\n|t:|1776102082\n|switch|p1b: Delphox|Delphox, L50, M|100/100\n|switch|p2b: Meganium|Meganium, L50, F|100/100\n|turn|4\n|inactive|Hleach has 30 seconds left.\n|inactive|NegaiFreak has 30 seconds left.\n|inactive|Hleach has 20 seconds left.\n|inactive|NegaiFreak has 20 seconds left.\n|inactive|Hleach has 15 seconds left.\n|\n|t:|1776102134\n|detailschange|p1b: Delphox|Delphox-Mega, L50, M\n|-mega|p1b: Delphox|Delphox|Delphoxite\n|move|p1b: Delphox|Substitute|p1b: Delphox\n|-start|p1b: Delphox|Substitute\n|-damage|p1b: Delphox|76/100\n|move|p2b: Meganium|Weather Ball|p1b: Delphox\n|-supereffective|p1b: Delphox|1\n|-end|p1b: Delphox|Substitute\n|move|p1a: Basculegion|Wave Crash|p2a: Farigiraf\n|-damage|p2a: Farigiraf|0 fnt\n|faint|p2a: Farigiraf\n|-damage|p1a: Basculegion|62/100|[from] Recoil\n|\n|-weather|RainDance|[upkeep]\n|-sideend|p2: NegaiFreak|move: Tailwind\n|upkeep\n|\n|t:|1776102145\n|switch|p2a: Pelipper|Pelipper, L50, M|60/100\n|turn|5\n|inactive|NegaiFreak has 30 seconds left.\n|\n|t:|1776102177\n|move|p1b: Delphox|Protect|p1b: Delphox\n|-singleturn|p1b: Delphox|Protect\n|move|p2a: Pelipper|Protect|p2a: Pelipper\n|-singleturn|p2a: Pelipper|Protect\n|move|p1a: Basculegion|Wave Crash|p2a: Pelipper\n|-activate|p2a: Pelipper|move: Protect\n|move|p2b: Meganium|Weather Ball|p1b: Delphox\n|-activate|p1b: Delphox|move: Protect\n|\n|-weather|none\n|upkeep\n|turn|6\n|\n|t:|1776102200\n|detailschange|p2b: Meganium|Meganium-Mega, L50, F\n|-mega|p2b: Meganium|Meganium|Meganiumite\n|move|p1b: Delphox|Heat Wave|p2b: Meganium|[spread] p2b\n|-miss|p1b: Delphox|p2a: Pelipper\n|-supereffective|p2b: Meganium|1\n|-damage|p2b: Meganium|30/100\n|move|p1a: Basculegion|Wave Crash|p2a: Pelipper\n|-resisted|p2a: Pelipper|1\n|-damage|p2a: Pelipper|4/100\n|-damage|p1a: Basculegion|49/100|[from] Recoil\n|move|p2a: Pelipper|Hurricane|p1b: Delphox\n|-damage|p1b: Delphox|30/100\n|move|p2b: Meganium|Solar Beam||[still]\n|-prepare|p2b: Meganium|Solar Beam\n|-activate|p2b: Meganium|ability: Mega Sol\n|-anim|p2b: Meganium|Solar Beam|p1a: Basculegion\n|-supereffective|p1a: Basculegion|1\n|-damage|p1a: Basculegion|0 fnt\n|faint|p1a: Basculegion\n|\n|upkeep\n|turn|7\n|\n|t:|1776102220\n|move|p1b: Delphox|Heat Wave|p2a: Pelipper|[spread] p2a\n|-miss|p1b: Delphox|p2b: Meganium\n|-resisted|p2a: Pelipper|1\n|-damage|p2a: Pelipper|0 fnt\n|faint|p2a: Pelipper\n|move|p2b: Meganium|Solar Beam||[still]\n|-prepare|p2b: Meganium|Solar Beam\n|-activate|p2b: Meganium|ability: Mega Sol\n|-anim|p2b: Meganium|Solar Beam|p1b: Delphox\n|-resisted|p1b: Delphox|1\n|-damage|p1b: Delphox|0 fnt\n|faint|p1b: Delphox\n|\n|win|NegaiFreak\n|raw|Hleach's rating: 1238 &rarr; <strong>1210</strong><br />(-28 for losing)\n|raw|NegaiFreak's rating: 1192 &rarr; <strong>1220</strong><br />(+28 for winning)\n|c|\u2606NegaiFreak|GG\n|c|\u2606Hleach|:/\n|c|\u2606NegaiFreak|Sorry about the misses\n|c|\u2606Hleach|Haha just how it is\n|c|\u2606NegaiFreak|You had me for sure\n|c|\u2606Hleach|Gg\n|c|\u2606NegaiFreak|:)\n|l|\u2606Hleach\n|player|p1|\n",
  "uploadtime": 1776102270,
  "views": 18,
  "formatid": "gen9championsvgc2026regma",
  "rating": 1210,
  "private": 0,
  "password": null
}