{
  "id": "gen9championsvgc2026regma-2588157504",
  "format": "[Gen 9 Champions] VGC 2026 Reg M-A",
  "players": [
    "mobmasher99",
    "tho0o"
  ],
  "log": "|j|\u2606mobmasher99\n|j|\u2606tho0o\n|t:|1776610003\n|gametype|doubles\n|player|p1|mobmasher99|teamrocket|1147\n|player|p2|tho0o|1|1101\n|gen|9\n|tier|[Gen 9 Champions] VGC 2026 Reg M-A\n|rated|\n|rule|Species Clause: Limit one of each Pok\u00e9mon\n|rule|Item Clause: Limit 1 of each item\n|clearpoke\n|poke|p1|Aurorus, L50, F|\n|poke|p1|Slowking-Galar, L50, F|\n|poke|p1|Crabominable, L50, M|\n|poke|p1|Sinistcha, L50|\n|poke|p1|Incineroar, L50, F|\n|poke|p1|Oranguru, L50, F|\n|poke|p2|Floette-Eternal, L50, F|\n|poke|p2|Dragapult, L50, F|\n|poke|p2|Rotom-Wash, L50|\n|poke|p2|Arcanine-Hisui, L50, M|\n|poke|p2|Sneasler, L50, M|\n|poke|p2|Kingambit, L50, M|\n|teampreview|4\n|inactive|Battle timer is ON: inactive players will automatically lose when time's up. (requested by tho0o)\n|inactive|mobmasher99 also wants the timer to be on.\n|\n|t:|1776610021\n|teamsize|p1|4\n|teamsize|p2|4\n|start\n|switch|p1a: Aurorus|Aurorus, L50, F|100/100\n|switch|p1b: Slowking|Slowking-Galar, L50, F|100/100\n|switch|p2a: Sneasler|Sneasler, L50, M|100/100\n|switch|p2b: Kingambit|Kingambit, L50, M|100/100\n|-weather|Snowscape|[from] ability: Snow Warning|[of] p1a: Aurorus\n|turn|1\n|\n|t:|1776610040\n|move|p2a: Sneasler|Fake Out|p1b: Slowking\n|-damage|p1b: Slowking|86/100\n|move|p2b: Kingambit|Iron Head|p1a: Aurorus\n|-supereffective|p1a: Aurorus|2\n|-crit|p1a: Aurorus\n|-enditem|p1a: Aurorus|Focus Sash\n|-damage|p1a: Aurorus|1/100\n|move|p1a: Aurorus|Aurora Veil|p1a: Aurorus\n|-sidestart|p1: mobmasher99|move: Aurora Veil\n|cant|p1b: Slowking|flinch\n|\n|-weather|Snowscape|[upkeep]\n|upkeep\n|turn|2\n|\n|t:|1776610061\n|switch|p2a: Dragapult|Dragapult, L50, F|100/100\n|move|p2b: Kingambit|Kowtow Cleave|p1b: Slowking\n|-supereffective|p1b: Slowking|1\n|-enditem|p1b: Slowking|Colbur Berry|[eat]\n|-enditem|p1b: Slowking|Colbur Berry|[weaken]\n|-damage|p1b: Slowking|49/100\n|move|p1a: Aurorus|Earth Power|p2b: Kingambit\n|-supereffective|p2b: Kingambit|1\n|-damage|p2b: Kingambit|43/100\n|move|p1b: Slowking|Trick Room|p1b: Slowking\n|-fieldstart|move: Trick Room|[of] p1b: Slowking\n|\n|-weather|Snowscape|[upkeep]\n|upkeep\n|turn|3\n|\n|t:|1776610077\n|move|p2b: Kingambit|Protect|p2b: Kingambit\n|-singleturn|p2b: Kingambit|Protect\n|move|p1b: Slowking|Psychic Noise|p2a: Dragapult\n|-damage|p2a: Dragapult|53/100\n|-start|p2a: Dragapult|move: Heal Block\n|move|p1a: Aurorus|Blizzard|p2b: Kingambit|[spread] p2a\n|-activate|p2b: Kingambit|move: Protect\n|-supereffective|p2a: Dragapult|1\n|-damage|p2a: Dragapult|0 fnt\n|faint|p2a: Dragapult\n|\n|-weather|Snowscape|[upkeep]\n|upkeep\n|\n|t:|1776610087\n|switch|p2a: Sneasler|Sneasler, L50, M|100/100\n|turn|4\n|\n|t:|1776610092\n|move|p1a: Aurorus|Protect|p1a: Aurorus\n|-singleturn|p1a: Aurorus|Protect\n|move|p2a: Sneasler|Fake Out|p1a: Aurorus\n|-activate|p1a: Aurorus|move: Protect\n|move|p1b: Slowking|Psychic Noise|p2a: Sneasler\n|-supereffective|p2a: Sneasler|2\n|-damage|p2a: Sneasler|0 fnt\n|faint|p2a: Sneasler\n|move|p2b: Kingambit|Kowtow Cleave|p1b: Slowking\n|-supereffective|p1b: Slowking|1\n|-damage|p1b: Slowking|0 fnt\n|faint|p1b: Slowking\n|\n|-weather|Snowscape|[upkeep]\n|upkeep\n|\n|t:|1776610106\n|switch|p1b: Crabominable|Crabominable, L50, M|100/100\n|switch|p2a: Floette|Floette-Eternal, L50, F|100/100\n|turn|5\n|\n|t:|1776610119\n|detailschange|p1b: Crabominable|Crabominable-Mega, L50, M\n|-mega|p1b: Crabominable|Crabominable|Crabominite\n|detailschange|p2a: Floette|Floette-Mega, L50, F\n|-mega|p2a: Floette|Floette|Floettite\n|-ability|p2a: Floette|Fairy Aura\n|move|p2b: Kingambit|Protect|p2b: Kingambit\n|-singleturn|p2b: Kingambit|Protect\n|move|p1b: Crabominable|Ice Hammer|p2a: Floette\n|-damage|p2a: Floette|17/100\n|-unboost|p1b: Crabominable|spe|1\n|move|p1a: Aurorus|Earth Power|p2b: Kingambit\n|-activate|p2b: Kingambit|move: Protect\n|move|p2a: Floette|Dazzling Gleam|p1b: Crabominable|[spread] p1a,p1b\n|-supereffective|p1b: Crabominable|1\n|-damage|p1a: Aurorus|0 fnt\n|-damage|p1b: Crabominable|48/100\n|faint|p1a: Aurorus\n|\n|-weather|none\n|-sideend|p1: mobmasher99|move: Aurora Veil\n|upkeep\n|\n|t:|1776610125\n|switch|p1a: Sinistcha|Sinistcha, L50|100/100\n|-heal|p1b: Crabominable|73/100|[from] ability: Hospitality|[of] p1a: Sinistcha\n|turn|6\n|\n|t:|1776610147\n|move|p2a: Floette|Protect|p2a: Floette\n|-singleturn|p2a: Floette|Protect\n|move|p1b: Crabominable|Drain Punch|p2b: Kingambit\n|-supereffective|p2b: Kingambit|2\n|-damage|p2b: Kingambit|0 fnt\n|-heal|p1b: Crabominable|94/100|[from] drain|[of] p2b: Kingambit\n|faint|p2b: Kingambit\n|move|p1a: Sinistcha|Matcha Gotcha|p2a: Floette\n|-activate|p2a: Floette|move: Protect\n|\n|-fieldend|move: Trick Room\n|upkeep\n|turn|7\n|\n|t:|1776610155\n|move|p1b: Crabominable|Protect|p1b: Crabominable\n|-singleturn|p1b: Crabominable|Protect\n|move|p2a: Floette|Dazzling Gleam|p1a: Sinistcha|[spread] p1a\n|-activate|p1b: Crabominable|move: Protect\n|-damage|p1a: Sinistcha|38/100\n|move|p1a: Sinistcha|Trick Room|p1a: Sinistcha\n|-fieldstart|move: Trick Room|[of] p1a: Sinistcha\n|\n|upkeep\n|turn|8\n|\n|t:|1776610163\n|move|p1b: Crabominable|Ice Hammer|p2a: Floette\n|-damage|p2a: Floette|0 fnt\n|-unboost|p1b: Crabominable|spe|1\n|faint|p2a: Floette\n|\n|win|mobmasher99\n|raw|mobmasher99's rating: 1147 &rarr; <strong>1169</strong><br />(+22 for winning)\n|raw|tho0o's rating: 1101 &rarr; <strong>1079</strong><br />(-22 for losing)\n|l|\u2606tho0o\n|player|p2|\n",
  "uploadtime": 1776610167,
  "views": 6,
  "formatid": "gen9championsvgc2026regma",
  "rating": 1079,
  "private": 0,
  "password": null
}