{
  "id": "gen9championsvgc2026regma-2582072792",
  "format": "[Gen 9 Champions] VGC 2026 Reg M-A",
  "players": [
    "speedyturtle87",
    "It'sJustKen VGC"
  ],
  "log": "|j|\u2606speedyturtle87\n|j|\u2606It'sJustKen VGC\n|t:|1776054502\n|gametype|doubles\n|player|p1|speedyturtle87|canari|\n|player|p2|It'sJustKen VGC|265|\n|gen|9\n|tier|[Gen 9 Champions] VGC 2026 Reg M-A\n|rated|Tournament battle\n|rule|Species Clause: Limit one of each Pok\u00e9mon\n|rule|Item Clause: Limit 1 of each item\n|clearpoke\n|poke|p1|Hatterene, L50, F|\n|poke|p1|Oranguru, L50, M|\n|poke|p1|Golurk, L50|\n|poke|p1|Clefable, L50, M|\n|poke|p1|Hydreigon, L50, F|\n|poke|p1|Torkoal, L50, M|\n|poke|p2|Kingambit, L50, M|\n|poke|p2|Clefable, L50, F|\n|poke|p2|Chimecho, L50, F|\n|poke|p2|Golurk, L50|\n|poke|p2|Torkoal, L50, M|\n|poke|p2|Hawlucha, L50, M|\n|teampreview|4\n|inactive|Battle timer is ON: inactive players will automatically lose when time's up. (requested by speedyturtle87)\n|inactive|It'sJustKen VGC also wants the timer to be on.\n|c|\u2606speedyturtle87|glhf\n|c|\u2606It'sJustKen VGC|u2\n|j| shocccco\u2764\n|\n|t:|1776054523\n|teamsize|p1|4\n|teamsize|p2|4\n|start\n|switch|p1a: Clefable|Clefable, L50, M|100/100\n|switch|p1b: Hatterene|Hatterene, L50, F|100/100\n|switch|p2a: Kingambit|Kingambit, L50, M|100/100\n|switch|p2b: Hawlucha|Hawlucha, L50, M|100/100\n|-ability|p2b: Hawlucha|Mold Breaker\n|turn|1\n|\n|t:|1776054543\n|move|p2b: Hawlucha|Protect|p2b: Hawlucha\n|-singleturn|p2b: Hawlucha|Protect\n|move|p1a: Clefable|Follow Me|p1a: Clefable\n|-singleturn|p1a: Clefable|move: Follow Me\n|move|p2a: Kingambit|Guillotine|p1a: Clefable|[miss]\n|-miss|p2a: Kingambit|p1a: Clefable\n|move|p1b: Hatterene|Trick Room|p1b: Hatterene\n|-fieldstart|move: Trick Room|[of] p1b: Hatterene\n|\n|upkeep\n|turn|2\n|\n|t:|1776054555\n|switch|p2b: Clefable|Clefable, L50, F|100/100\n|move|p1a: Clefable|Helping Hand|p1b: Hatterene\n|-singleturn|p1b: Hatterene|Helping Hand|[of] p1a: Clefable\n|move|p1b: Hatterene|Dazzling Gleam|p2b: Clefable|[spread] p2a,p2b\n|-damage|p2a: Kingambit|52/100\n|-damage|p2b: Clefable|50/100\n|move|p2a: Kingambit|Guillotine|p1a: Clefable|[miss]\n|-miss|p2a: Kingambit|p1a: Clefable\n|\n|-heal|p2b: Clefable|55/100|[from] item: Leftovers\n|upkeep\n|turn|3\n|j|+chromate\n|\n|t:|1776054567\n|move|p1b: Hatterene|Dazzling Gleam|p2a: Kingambit|[spread] p2a,p2b\n|-damage|p2a: Kingambit|21/100\n|-damage|p2b: Clefable|20/100\n|-enditem|p2a: Kingambit|Sitrus Berry|[eat]\n|-heal|p2a: Kingambit|46/100|[from] item: Sitrus Berry\n|move|p2a: Kingambit|Guillotine|p1a: Clefable|[miss]\n|-miss|p2a: Kingambit|p1a: Clefable\n|move|p1a: Clefable|Moonblast|p2b: Clefable\n|-damage|p2b: Clefable|0 fnt\n|faint|p2b: Clefable\n|\n|upkeep\n|\n|t:|1776054575\n|switch|p2b: Torkoal|Torkoal, L50, M|100/100\n|-weather|SunnyDay|[from] ability: Drought|[of] p2b: Torkoal\n|turn|4\n|\n|t:|1776054586\n|move|p1b: Hatterene|Protect|p1b: Hatterene\n|-singleturn|p1b: Hatterene|Protect\n|move|p2b: Torkoal|Eruption|p1a: Clefable|[spread] p1a\n|-activate|p1b: Hatterene|move: Protect\n|-damage|p1a: Clefable|23/100\n|move|p2a: Kingambit|Guillotine|p1a: Clefable\n|-damage|p1a: Clefable|0 fnt\n|faint|p1a: Clefable\n|-ohko\n|\n|-weather|SunnyDay|[upkeep]\n|upkeep\n|\n|t:|1776054597\n|switch|p1a: Torkoal|Torkoal, L50, M|100/100\n|turn|5\n|\n|t:|1776054601\n|move|p2a: Kingambit|Protect|p2a: Kingambit\n|-singleturn|p2a: Kingambit|Protect\n|move|p2b: Torkoal|Eruption|p1a: Torkoal|[spread] p1a,p1b\n|-resisted|p1a: Torkoal|1\n|-damage|p1a: Torkoal|41/100\n|-damage|p1b: Hatterene|7/100\n|move|p1a: Torkoal|Earth Power|p2b: Torkoal\n|-supereffective|p2b: Torkoal|1\n|-damage|p2b: Torkoal|26/100\n|move|p1b: Hatterene|Dazzling Gleam|p2a: Kingambit|[spread] p2b\n|-activate|p2a: Kingambit|move: Protect\n|-resisted|p2b: Torkoal|1\n|-damage|p2b: Torkoal|0 fnt\n|faint|p2b: Torkoal\n|\n|-weather|SunnyDay|[upkeep]\n|-fieldend|move: Trick Room\n|upkeep\n|\n|t:|1776054606\n|switch|p2b: Hawlucha|Hawlucha, L50, M|100/100\n|-ability|p2b: Hawlucha|Mold Breaker\n|turn|6\n|\n|t:|1776054622\n|switch|p1b: Golurk|Golurk, L50|100/100\n|detailschange|p2b: Hawlucha|Hawlucha-Mega, L50, M\n|-mega|p2b: Hawlucha|Hawlucha|Hawluchanite\n|move|p1a: Torkoal|Protect|p1a: Torkoal\n|-singleturn|p1a: Torkoal|Protect\n|move|p2b: Hawlucha|Close Combat|p1a: Torkoal\n|-activate|p1a: Torkoal|move: Protect\n|move|p2a: Kingambit|Kowtow Cleave|p1b: Golurk\n|-supereffective|p1b: Golurk|1\n|-damage|p1b: Golurk|15/100\n|\n|-weather|SunnyDay|[upkeep]\n|upkeep\n|turn|7\n|\n|t:|1776054637\n|detailschange|p1b: Golurk|Golurk-Mega, L50\n|-mega|p1b: Golurk|Golurk|Golurkite\n|move|p2b: Hawlucha|Brave Bird|p1a: Torkoal\n|-damage|p1a: Torkoal|0 fnt\n|faint|p1a: Torkoal\n|-damage|p2b: Hawlucha|85/100|[from] Recoil\n|move|p2a: Kingambit|Kowtow Cleave|p1b: Golurk\n|-supereffective|p1b: Golurk|1\n|-damage|p1b: Golurk|0 fnt\n|faint|p1b: Golurk\n|\n|-weather|SunnyDay|[upkeep]\n|upkeep\n|c|\u2606It'sJustKen VGC|gg wp\n|\n|t:|1776054642\n|switch|p1b: Hatterene|Hatterene, L50, F|7/100\n|turn|8\n|c|\u2606speedyturtle87|ggwp\n|\n|t:|1776054648\n|move|p2a: Kingambit|Sucker Punch||[still]\n|-fail|p2a: Kingambit\n|move|p2b: Hawlucha|Brave Bird|p1b: Hatterene\n|-damage|p1b: Hatterene|0 fnt\n|faint|p1b: Hatterene\n|-damage|p2b: Hawlucha|82/100|[from] Recoil\n|\n|win|It'sJustKen VGC\n|n|\u2606speedyturtle87|speedyturtle87\n|n|\u2606It'sJustKen VGC|itsjustkenvgc\n|n| shocccco\u2764|shocccco\n|n| chromate|chromate\n|l|\u2606It'sJustKen VGC\n|player|p2|\n|l|\u2606speedyturtle87\n|player|p1|\n|l| chromate\n|l| shocccco\u2764\n|j|\u2606It'sJustKen VGC\n|player|p2|It'sJustKen VGC|265|\n",
  "uploadtime": 1776054651,
  "views": 8,
  "formatid": "gen9championsvgc2026regma",
  "rating": null,
  "private": 0,
  "password": null
}