{
  "id": "gen9championsvgc2026regma-2584319225",
  "format": "[Gen 9 Champions] VGC 2026 Reg M-A",
  "players": [
    "JimmiBunnie",
    "Hishigaya Hayato"
  ],
  "log": "|j|\u2606JimmiBunnie\n|j|\u2606Hishigaya Hayato\n|t:|1776250778\n|gametype|doubles\n|player|p1|JimmiBunnie|pokekid|1114\n|player|p2|Hishigaya Hayato|170|1080\n|gen|9\n|tier|[Gen 9 Champions] VGC 2026 Reg M-A\n|rated|\n|rule|Species Clause: Limit one of each Pok\u00e9mon\n|rule|Item Clause: Limit 1 of each item\n|clearpoke\n|poke|p1|Lopunny, L50, F|\n|poke|p1|Garchomp, L50, F|\n|poke|p1|Incineroar, L50, F|\n|poke|p1|Rotom-Wash, L50|\n|poke|p1|Whimsicott, L50, M|\n|poke|p1|Milotic, L50, F|\n|poke|p2|Garchomp, L50, F|\n|poke|p2|Froslass, L50, F|\n|poke|p2|Orthworm, L50, F|\n|poke|p2|Sneasler, L50, F|\n|poke|p2|Whimsicott, L50, M|\n|poke|p2|Incineroar, L50, F|\n|teampreview|4\n|\n|t:|1776250799\n|teamsize|p1|4\n|teamsize|p2|4\n|start\n|switch|p1a: Lopunny|Lopunny, L50, F|100/100\n|switch|p1b: Incineroar|Incineroar, L50, F|100/100\n|switch|p2a: Whimsicott|Whimsicott, L50, M|100/100\n|switch|p2b: Orthworm|Orthworm, L50, F|100/100\n|-ability|p1b: Incineroar|Intimidate|boost\n|-unboost|p2a: Whimsicott|atk|1\n|-unboost|p2b: Orthworm|atk|1\n|turn|1\n|\n|t:|1776250820\n|detailschange|p1a: Lopunny|Lopunny-Mega, L50, F\n|-mega|p1a: Lopunny|Lopunny|Lopunnite\n|move|p2a: Whimsicott|Tailwind|p2a: Whimsicott\n|-sidestart|p2: Hishigaya Hayato|move: Tailwind\n|move|p1a: Lopunny|Close Combat|p2b: Orthworm\n|-supereffective|p2b: Orthworm|1\n|-damage|p2b: Orthworm|12/100\n|-unboost|p1a: Lopunny|def|1\n|-unboost|p1a: Lopunny|spd|1\n|move|p2b: Orthworm|Stealth Rock|p1a: Lopunny\n|-sidestart|p1: JimmiBunnie|move: Stealth Rock\n|move|p1b: Incineroar|Flare Blitz|p2a: Whimsicott\n|-supereffective|p2a: Whimsicott|1\n|-enditem|p2a: Whimsicott|Focus Sash\n|-damage|p2a: Whimsicott|1/100\n|-damage|p1b: Incineroar|73/100|[from] Recoil\n|\n|-heal|p2b: Orthworm|18/100|[from] item: Leftovers\n|upkeep\n|turn|2\n|\n|t:|1776250856\n|move|p2a: Whimsicott|Moonblast|p1b: Incineroar\n|-damage|p1b: Incineroar|45/100\n|-enditem|p1b: Incineroar|Sitrus Berry|[eat]\n|-heal|p1b: Incineroar|70/100|[from] item: Sitrus Berry\n|move|p1a: Lopunny|Encore|p2a: Whimsicott\n|-start|p2a: Whimsicott|Encore\n|move|p2b: Orthworm|Body Press|p1b: Incineroar\n|-supereffective|p1b: Incineroar|1\n|-damage|p1b: Incineroar|19/100\n|move|p1b: Incineroar|Flare Blitz|p2b: Orthworm\n|-supereffective|p2b: Orthworm|1\n|-damage|p2b: Orthworm|0 fnt\n|faint|p2b: Orthworm\n|-damage|p1b: Incineroar|14/100|[from] Recoil\n|\n|upkeep\n|\n|t:|1776250879\n|switch|p2b: Garchomp|Garchomp, L50, F|100/100\n|turn|3\n|\n|t:|1776250908\n|move|p2b: Garchomp|Brick Break|p1a: Lopunny\n|-supereffective|p1a: Lopunny|1\n|-damage|p1a: Lopunny|0 fnt\n|faint|p1a: Lopunny\n|move|p2a: Whimsicott|Moonblast|p1b: Incineroar\n|-damage|p1b: Incineroar|0 fnt\n|faint|p1b: Incineroar\n|\n|upkeep\n|\n|t:|1776250917\n|switch|p1a: Milotic|Milotic, L50, F|100/100\n|switch|p1b: Rotom|Rotom-Wash, L50|100/100\n|-damage|p1b: Rotom|88/100|[from] Stealth Rock\n|-damage|p1a: Milotic|88/100|[from] Stealth Rock\n|turn|4\n|\n|t:|1776250945\n|move|p2b: Garchomp|Dragon Claw|p1b: Rotom\n|-damage|p1b: Rotom|50/100\n|move|p2a: Whimsicott|Moonblast|p1b: Rotom\n|-damage|p1b: Rotom|7/100\n|move|p1b: Rotom|Hydro Pump|p2b: Garchomp\n|-damage|p2b: Garchomp|46/100\n|move|p1a: Milotic|Icy Wind|p2b: Garchomp|[spread] p2a,p2b\n|-supereffective|p2a: Whimsicott|1\n|-supereffective|p2b: Garchomp|2\n|-damage|p2a: Whimsicott|0 fnt\n|-damage|p2b: Garchomp|3/100\n|-unboost|p2b: Garchomp|spe|1\n|faint|p2a: Whimsicott\n|\n|-heal|p1a: Milotic|94/100|[from] item: Leftovers\n|-sideend|p2: Hishigaya Hayato|move: Tailwind\n|upkeep\n|\n|t:|1776250960\n|switch|p2a: Froslass|Froslass, L50, F|100/100\n|turn|5\n|\n|t:|1776250976\n|detailschange|p2a: Froslass|Froslass-Mega, L50, F\n|-mega|p2a: Froslass|Froslass|Froslassite\n|-weather|Snowscape|[from] ability: Snow Warning|[of] p2a: Froslass\n|move|p1b: Rotom|Protect|p1b: Rotom\n|-singleturn|p1b: Rotom|Protect\n|move|p2a: Froslass|Aurora Veil|p2a: Froslass\n|-sidestart|p2: Hishigaya Hayato|move: Aurora Veil\n|move|p2b: Garchomp|Dragon Claw|p1b: Rotom\n|-activate|p1b: Rotom|move: Protect\n|move|p1a: Milotic|Icy Wind|p2b: Garchomp|[spread] p2a,p2b\n|-resisted|p2a: Froslass|1\n|-supereffective|p2b: Garchomp|2\n|-damage|p2a: Froslass|97/100\n|-damage|p2b: Garchomp|0 fnt\n|-unboost|p2a: Froslass|spe|1\n|faint|p2b: Garchomp\n|\n|-weather|Snowscape|[upkeep]\n|-heal|p1a: Milotic|99/100|[from] item: Leftovers\n|upkeep\n|turn|6\n|\n|t:|1776251005\n|move|p2a: Froslass|Shadow Ball|p1b: Rotom\n|-damage|p1b: Rotom|0 fnt\n|faint|p1b: Rotom\n|move|p1a: Milotic|Scald|p2a: Froslass\n|-damage|p2a: Froslass|72/100\n|\n|-weather|Snowscape|[upkeep]\n|-heal|p1a: Milotic|100/100|[from] item: Leftovers\n|upkeep\n|turn|7\n|\n|t:|1776251048\n|move|p2a: Froslass|Shadow Ball|p1a: Milotic\n|-damage|p1a: Milotic|72/100\n|-unboost|p1a: Milotic|spd|1\n|-ability|p1a: Milotic|Competitive|boost\n|-boost|p1a: Milotic|spa|2\n|move|p1a: Milotic|Scald|p2a: Froslass\n|-damage|p2a: Froslass|27/100\n|\n|-weather|Snowscape|[upkeep]\n|-heal|p1a: Milotic|78/100|[from] item: Leftovers\n|upkeep\n|turn|8\n|\n|t:|1776251061\n|move|p1a: Milotic|Protect|p1a: Milotic\n|-singleturn|p1a: Milotic|Protect\n|move|p2a: Froslass|Draining Kiss|p1a: Milotic\n|-activate|p1a: Milotic|move: Protect\n|\n|-weather|Snowscape|[upkeep]\n|-heal|p1a: Milotic|84/100|[from] item: Leftovers\n|upkeep\n|turn|9\n|\n|t:|1776251070\n|move|p2a: Froslass|Draining Kiss|p1a: Milotic\n|-damage|p1a: Milotic|68/100\n|-heal|p2a: Froslass|43/100|[from] drain|[of] p1a: Milotic\n|move|p1a: Milotic|Scald|p2a: Froslass\n|-damage|p2a: Froslass|0 fnt\n|faint|p2a: Froslass\n|\n|win|JimmiBunnie\n|raw|JimmiBunnie's rating: 1114 &rarr; <strong>1137</strong><br />(+23 for winning)\n|raw|Hishigaya Hayato's rating: 1080 &rarr; <strong>1060</strong><br />(-20 for losing)\n|l|\u2606Hishigaya Hayato\n|player|p2|\n",
  "uploadtime": 1776251080,
  "views": 23,
  "formatid": "gen9championsvgc2026regma",
  "rating": 1060,
  "private": 0,
  "password": null
}