{
  "id": "gen9championsvgc2026regma-2583172208",
  "format": "[Gen 9 Champions] VGC 2026 Reg M-A",
  "players": [
    "Ac3R3d",
    "silentb88"
  ],
  "log": "|j|\u2606Ac3R3d\n|j|\u2606silentb88\n|t:|1776150785\n|gametype|doubles\n|player|p1|Ac3R3d|169|1126\n|player|p2|silentb88|101|1173\n|gen|9\n|tier|[Gen 9 Champions] VGC 2026 Reg M-A\n|rated|\n|rule|Species Clause: Limit one of each Pok\u00e9mon\n|rule|Item Clause: Limit 1 of each item\n|clearpoke\n|poke|p1|Dragapult, L50, M|\n|poke|p1|Maushold-Four, L50|\n|poke|p1|Arcanine-Hisui, L50, M|\n|poke|p1|Milotic, L50, F|\n|poke|p1|Corviknight, L50, M|\n|poke|p1|Manectric, L50, M|\n|poke|p2|Chesnaught, L50, F|\n|poke|p2|Florges-Orange, L50, F|\n|poke|p2|Kingambit, L50, M|\n|poke|p2|Arcanine-Hisui, L50, M|\n|poke|p2|Basculegion, L50, M|\n|poke|p2|Garchomp, L50, M|\n|teampreview|4\n|\n|t:|1776150819\n|teamsize|p1|4\n|teamsize|p2|4\n|start\n|switch|p1a: Dragapult|Dragapult, L50, M|100/100\n|switch|p1b: Maushold|Maushold-Four, L50|100/100\n|switch|p2a: Florges|Florges-Orange, L50, F|100/100\n|switch|p2b: Basculegion|Basculegion, L50, M|100/100\n|turn|1\n|inactive|Battle timer is ON: inactive players will automatically lose when time's up. (requested by silentb88)\n|inactive|Ac3R3d has 60 seconds left.\n|\n|t:|1776150863\n|move|p1b: Maushold|Follow Me|p1b: Maushold\n|-singleturn|p1b: Maushold|move: Follow Me\n|move|p2b: Basculegion|Flip Turn|p1b: Maushold\n|-damage|p1b: Maushold|63/100\n|\n|t:|1776150874\n|switch|p2b: Chesnaught|Chesnaught, L50, F|100/100|[from] Flip Turn\n|move|p1a: Dragapult|Dragon Dance|p1a: Dragapult\n|-boost|p1a: Dragapult|atk|1\n|-boost|p1a: Dragapult|spe|1\n|move|p2a: Florges|Moonblast|p1b: Maushold\n|-damage|p1b: Maushold|13/100\n|-unboost|p1b: Maushold|spa|1\n|\n|upkeep\n|turn|2\n|\n|t:|1776150896\n|switch|p1b: Arcanine|Arcanine-Hisui, L50, M|100/100\n|-ability|p1b: Arcanine|Intimidate|boost\n|-unboost|p2a: Florges|atk|1\n|-block|p2b: Chesnaught|ability: Flower Veil|[of] p2a: Florges\n|detailschange|p2b: Chesnaught|Chesnaught-Mega, L50, F\n|-mega|p2b: Chesnaught|Chesnaught|Chesnaughtite\n|move|p1a: Dragapult|Phantom Force||[still]\n|-prepare|p1a: Dragapult|Phantom Force\n|move|p2a: Florges|Grassy Terrain|p2a: Florges\n|-fieldstart|move: Grassy Terrain\n|move|p2b: Chesnaught|Bulk Up|p2b: Chesnaught\n|-boost|p2b: Chesnaught|atk|1\n|-boost|p2b: Chesnaught|def|1\n|\n|upkeep\n|turn|3\n|inactive|Ac3R3d has 30 seconds left.\n|inactive|Ac3R3d has 20 seconds left.\n|\n|t:|1776150935\n|move|p1a: Dragapult|Phantom Force|p2a: Florges|[from] lockedmove\n|-damage|p2a: Florges|16/100\n|move|p1b: Arcanine|Flare Blitz|p2b: Chesnaught\n|-supereffective|p2b: Chesnaught|1\n|-damage|p2b: Chesnaught|51/100\n|-damage|p1b: Arcanine|82/100|[from] Recoil\n|move|p2a: Florges|Moonblast|p1a: Dragapult\n|-supereffective|p1a: Dragapult|1\n|-damage|p1a: Dragapult|0 fnt\n|faint|p1a: Dragapult\n|move|p2b: Chesnaught|Body Press|p1b: Arcanine\n|-supereffective|p1b: Arcanine|1\n|-damage|p1b: Arcanine|0 fnt\n|faint|p1b: Arcanine\n|\n|-heal|p2a: Florges|22/100|[from] Grassy Terrain\n|-heal|p2a: Florges|28/100|[from] item: Leftovers\n|-heal|p2b: Chesnaught|57/100|[from] Grassy Terrain\n|upkeep\n|\n|t:|1776150946\n|switch|p1a: Maushold|Maushold-Four, L50|13/100\n|switch|p1b: Milotic|Milotic, L50, F|100/100\n|turn|4\n|\n|t:|1776150963\n|move|p1a: Maushold|Protect|p1a: Maushold\n|-singleturn|p1a: Maushold|Protect\n|move|p2a: Florges|Protect|p2a: Florges\n|-singleturn|p2a: Florges|Protect\n|move|p2b: Chesnaught|Grassy Glide|p1a: Maushold\n|-activate|p1a: Maushold|move: Protect\n|move|p1b: Milotic|Ice Beam|p2b: Chesnaught\n|-supereffective|p2b: Chesnaught|1\n|-damage|p2b: Chesnaught|26/100\n|\n|-heal|p1a: Maushold|19/100|[from] Grassy Terrain\n|-heal|p2a: Florges|33/100|[from] Grassy Terrain\n|-heal|p2a: Florges|39/100|[from] item: Leftovers\n|-heal|p2b: Chesnaught|32/100|[from] Grassy Terrain\n|upkeep\n|turn|5\n|\n|t:|1776150983\n|move|p1a: Maushold|Protect||[still]\n|-fail|p1a: Maushold\n|move|p2b: Chesnaught|Spiky Shield|p2b: Chesnaught\n|-singleturn|p2b: Chesnaught|move: Protect\n|move|p1b: Milotic|Ice Beam|p2b: Chesnaught\n|-activate|p2b: Chesnaught|move: Protect\n|move|p2a: Florges|Moonblast|p1a: Maushold\n|-damage|p1a: Maushold|0 fnt\n|faint|p1a: Maushold\n|\n|-heal|p2a: Florges|45/100|[from] Grassy Terrain\n|-heal|p2a: Florges|51/100|[from] item: Leftovers\n|-heal|p2b: Chesnaught|38/100|[from] Grassy Terrain\n|upkeep\n|turn|6\n|\n|t:|1776150998\n|move|p2b: Chesnaught|Grassy Glide|p1b: Milotic\n|-supereffective|p1b: Milotic|1\n|-damage|p1b: Milotic|17/100\n|-enditem|p1b: Milotic|Sitrus Berry|[eat]\n|-heal|p1b: Milotic|42/100|[from] item: Sitrus Berry\n|move|p1b: Milotic|Muddy Water|p2b: Chesnaught|[spread] p2a,p2b\n|-crit|p2a: Florges\n|-resisted|p2b: Chesnaught|1\n|-damage|p2a: Florges|22/100\n|-damage|p2b: Chesnaught|30/100\n|move|p2a: Florges|Giga Drain|p1b: Milotic\n|-supereffective|p1b: Milotic|1\n|-damage|p1b: Milotic|0 fnt\n|-heal|p2a: Florges|45/100|[from] drain|[of] p1b: Milotic\n|faint|p1b: Milotic\n|\n|win|silentb88\n|raw|Ac3R3d's rating: 1126 &rarr; <strong>1104</strong><br />(-22 for losing)\n|raw|silentb88's rating: 1173 &rarr; <strong>1195</strong><br />(+22 for winning)\n|l|\u2606Ac3R3d\n|player|p1|\n",
  "uploadtime": 1776151013,
  "views": 29,
  "formatid": "gen9championsvgc2026regma",
  "rating": 1104,
  "private": 0,
  "password": null
}