{
  "id": "gen9championsvgc2026regma-2585842433",
  "format": "[Gen 9 Champions] VGC 2026 Reg M-A",
  "players": [
    "Faiafureku",
    "dorohedoro_troy"
  ],
  "log": "|j|\u2606Faiafureku\n|j|\u2606dorohedoro_troy\n|t:|1776374793\n|gametype|doubles\n|player|p1|Faiafureku|170|1065\n|player|p2|dorohedoro_troy|266|1020\n|gen|9\n|tier|[Gen 9 Champions] VGC 2026 Reg M-A\n|rated|\n|rule|Species Clause: Limit one of each Pok\u00e9mon\n|rule|Item Clause: Limit 1 of each item\n|clearpoke\n|poke|p1|Charizard, L50, M|\n|poke|p1|Whimsicott, L50, F|\n|poke|p1|Sneasler, L50, F|\n|poke|p1|Garchomp, L50, M|\n|poke|p1|Incineroar, L50, M|\n|poke|p1|Milotic, L50, M|\n|poke|p2|Clefable, L50, F|\n|poke|p2|Kingambit, L50, F|\n|poke|p2|Floette-Eternal, L50, F|\n|poke|p2|Sinistcha-Masterpiece, L50|\n|poke|p2|Incineroar, L50, F|\n|poke|p2|Ninetales, L50, F|\n|teampreview|4\n|inactive|Battle timer is ON: inactive players will automatically lose when time's up. (requested by dorohedoro_troy)\n|inactive|dorohedoro_troy has 60 seconds left.\n|\n|t:|1776374826\n|teamsize|p1|4\n|teamsize|p2|4\n|start\n|switch|p1a: Garchomp|Garchomp, L50, M|100/100\n|switch|p1b: Whimsicott|Whimsicott, L50, F|100/100\n|switch|p2a: Clefable|Clefable, L50, F|100/100\n|switch|p2b: Floette|Floette-Eternal, L50, F|100/100\n|turn|1\n|\n|t:|1776374836\n|detailschange|p2a: Clefable|Clefable-Mega, L50, F\n|-mega|p2a: Clefable|Clefable|Clefablite\n|move|p1a: Garchomp|Protect|p1a: Garchomp\n|-singleturn|p1a: Garchomp|Protect\n|move|p2a: Clefable|Follow Me|p2a: Clefable\n|-singleturn|p2a: Clefable|move: Follow Me\n|move|p1b: Whimsicott|Tailwind|p1b: Whimsicott\n|-sidestart|p1: Faiafureku|move: Tailwind\n|move|p2b: Floette|Calm Mind|p2b: Floette\n|-boost|p2b: Floette|spa|1\n|-boost|p2b: Floette|spd|1\n|\n|upkeep\n|turn|2\n|\n|t:|1776374855\n|move|p2a: Clefable|Follow Me|p2a: Clefable\n|-singleturn|p2a: Clefable|move: Follow Me\n|move|p1b: Whimsicott|Encore|p2a: Clefable\n|move|p2a: Clefable|Encore||[from] ability: Magic Bounce|[still]\n|-fail|p2a: Clefable\n|move|p1a: Garchomp|Stomping Tantrum|p2a: Clefable\n|-immune|p2a: Clefable\n|move|p2b: Floette|Calm Mind|p2b: Floette\n|-boost|p2b: Floette|spa|1\n|-boost|p2b: Floette|spd|1\n|\n|upkeep\n|turn|3\n|\n|t:|1776374869\n|move|p2a: Clefable|Follow Me|p2a: Clefable\n|-singleturn|p2a: Clefable|move: Follow Me\n|move|p1b: Whimsicott|Encore|p2a: Clefable\n|move|p2a: Clefable|Encore||[from] ability: Magic Bounce|[still]\n|-fail|p2a: Clefable\n|move|p1a: Garchomp|Rock Slide|p2b: Floette|[spread] p2b\n|-miss|p1a: Garchomp|p2a: Clefable\n|-damage|p2b: Floette|68/100\n|move|p2b: Floette|Calm Mind|p2b: Floette\n|-boost|p2b: Floette|spa|1\n|-boost|p2b: Floette|spd|1\n|\n|upkeep\n|turn|4\n|\n|t:|1776374883\n|move|p1b: Whimsicott|Protect|p1b: Whimsicott\n|-singleturn|p1b: Whimsicott|Protect\n|move|p2a: Clefable|Helping Hand|p2b: Floette\n|-singleturn|p2b: Floette|Helping Hand|[of] p2a: Clefable\n|move|p1a: Garchomp|Rock Slide|p2a: Clefable|[spread] \n|-miss|p1a: Garchomp|p2a: Clefable\n|-miss|p1a: Garchomp|p2b: Floette\n|move|p2b: Floette|Dazzling Gleam|p1a: Garchomp|[spread] p1a\n|-activate|p1b: Whimsicott|move: Protect\n|-supereffective|p1a: Garchomp|1\n|-damage|p1a: Garchomp|0 fnt\n|faint|p1a: Garchomp\n|\n|-sideend|p1: Faiafureku|move: Tailwind\n|upkeep\n|\n|t:|1776374894\n|switch|p1a: Sneasler|Sneasler, L50, F|100/100\n|turn|5\n|\n|t:|1776374913\n|switch|p2a: Ninetales|Ninetales, L50, F|100/100\n|-weather|SunnyDay|[from] ability: Drought|[of] p2a: Ninetales\n|move|p2b: Floette|Protect|p2b: Floette\n|-singleturn|p2b: Floette|Protect\n|move|p1a: Sneasler|Fake Out|p2a: Ninetales\n|-damage|p2a: Ninetales|76/100\n|move|p1b: Whimsicott|Tailwind|p1b: Whimsicott\n|-sidestart|p1: Faiafureku|move: Tailwind\n|\n|-weather|SunnyDay|[upkeep]\n|upkeep\n|turn|6\n|\n|t:|1776374931\n|switch|p2a: Incineroar|Incineroar, L50, F|100/100\n|-ability|p2a: Incineroar|Intimidate|boost\n|-unboost|p1a: Sneasler|atk|1\n|-unboost|p1b: Whimsicott|atk|1\n|-enditem|p1a: Sneasler|White Herb\n|-clearnegativeboost|p1a: Sneasler|[silent]\n|move|p1b: Whimsicott|Protect|p1b: Whimsicott\n|-singleturn|p1b: Whimsicott|Protect\n|move|p1a: Sneasler|Dire Claw|p2b: Floette\n|-supereffective|p2b: Floette|1\n|-damage|p2b: Floette|0 fnt\n|faint|p2b: Floette\n|\n|-weather|SunnyDay|[upkeep]\n|upkeep\n|\n|t:|1776374942\n|switch|p2b: Clefable|Clefable-Mega, L50, F|100/100\n|turn|7\n|\n|t:|1776374959\n|switch|p1b: Charizard|Charizard, L50, M|100/100\n|move|p1a: Sneasler|Protect|p1a: Sneasler\n|-singleturn|p1a: Sneasler|Protect\n|move|p2b: Clefable|Follow Me|p2b: Clefable\n|-singleturn|p2b: Clefable|move: Follow Me\n|move|p2a: Incineroar|Flare Blitz|p1b: Charizard\n|-resisted|p1b: Charizard|1\n|-damage|p1b: Charizard|36/100\n|-damage|p2a: Incineroar|81/100|[from] Recoil\n|\n|-weather|SunnyDay|[upkeep]\n|upkeep\n|turn|8\n|inactive|dorohedoro_troy has 30 seconds left.\n|\n|t:|1776374986\n|detailschange|p1b: Charizard|Charizard-Mega-Y, L50, M\n|-mega|p1b: Charizard|Charizard|Charizardite Y\n|move|p1b: Charizard|Protect|p1b: Charizard\n|-singleturn|p1b: Charizard|Protect\n|move|p1a: Sneasler|Dire Claw|p2b: Clefable\n|-supereffective|p2b: Clefable|1\n|-damage|p2b: Clefable|22/100\n|move|p2b: Clefable|Moonblast|p1b: Charizard\n|-activate|p1b: Charizard|move: Protect\n|move|p2a: Incineroar|Flare Blitz|p1a: Sneasler\n|-damage|p1a: Sneasler|0 fnt\n|faint|p1a: Sneasler\n|-damage|p2a: Incineroar|48/100|[from] Recoil\n|\n|-weather|SunnyDay|[upkeep]\n|-sideend|p1: Faiafureku|move: Tailwind\n|upkeep\n|\n|t:|1776374998\n|switch|p1a: Whimsicott|Whimsicott, L50, F|100/100\n|turn|9\n|\n|t:|1776375007\n|move|p1a: Whimsicott|Tailwind|p1a: Whimsicott\n|-sidestart|p1: Faiafureku|move: Tailwind\n|move|p1b: Charizard|Scorching Sands|p2a: Incineroar\n|-supereffective|p2a: Incineroar|1\n|-damage|p2a: Incineroar|0 fnt\n|faint|p2a: Incineroar\n|move|p2b: Clefable|Moonlight|p2b: Clefable\n|-heal|p2b: Clefable|88/100\n|\n|-weather|none\n|upkeep\n|\n|t:|1776375015\n|switch|p2a: Ninetales|Ninetales, L50, F|76/100\n|-weather|SunnyDay|[from] ability: Drought|[of] p2a: Ninetales\n|turn|10\n|\n|t:|1776375024\n|move|p1a: Whimsicott|Protect|p1a: Whimsicott\n|-singleturn|p1a: Whimsicott|Protect\n|move|p1b: Charizard|Scorching Sands|p2a: Ninetales\n|-supereffective|p2a: Ninetales|1\n|-damage|p2a: Ninetales|13/100\n|move|p2a: Ninetales|Flamethrower|p1a: Whimsicott\n|-activate|p1a: Whimsicott|move: Protect\n|move|p2b: Clefable|Moonblast|p1b: Charizard\n|-resisted|p1b: Charizard|1\n|-damage|p1b: Charizard|13/100\n|\n|-weather|SunnyDay|[upkeep]\n|upkeep\n|turn|11\n|\n|t:|1776375045\n|move|p1b: Charizard|Protect|p1b: Charizard\n|-singleturn|p1b: Charizard|Protect\n|move|p1a: Whimsicott|Moonblast|p2a: Ninetales\n|-resisted|p2a: Ninetales|1\n|-damage|p2a: Ninetales|0 fnt\n|faint|p2a: Ninetales\n|move|p2b: Clefable|Moonblast|p1b: Charizard\n|-activate|p1b: Charizard|move: Protect\n|\n|-weather|SunnyDay|[upkeep]\n|upkeep\n|turn|12\n|\n|t:|1776375054\n|move|p1a: Whimsicott|Moonblast|p2b: Clefable\n|-damage|p2b: Clefable|69/100\n|move|p1b: Charizard|Weather Ball|p2b: Clefable\n|-damage|p2b: Clefable|0 fnt\n|faint|p2b: Clefable\n|\n|win|Faiafureku\n|raw|Faiafureku's rating: 1065 &rarr; <strong>1091</strong><br />(+26 for winning)\n|raw|dorohedoro_troy's rating: 1020 &rarr; <strong>1009</strong><br />(-11 for losing)\n|l|\u2606dorohedoro_troy\n|player|p2|\n",
  "uploadtime": 1776375063,
  "views": 19,
  "formatid": "gen9championsvgc2026regma",
  "rating": 1009,
  "private": 0,
  "password": null
}