{
  "id": "gen9championsvgc2026regma-2584902010",
  "format": "[Gen 9 Champions] VGC 2026 Reg M-A",
  "players": [
    "mmmjam",
    "Tempyies"
  ],
  "log": "|j|\u2606mmmjam\n|j|\u2606Tempyies\n|t:|1776292950\n|gametype|doubles\n|player|p1|mmmjam|102|1172\n|player|p2|Tempyies|101|1141\n|gen|9\n|tier|[Gen 9 Champions] VGC 2026 Reg M-A\n|rated|\n|rule|Species Clause: Limit one of each Pok\u00e9mon\n|rule|Item Clause: Limit 1 of each item\n|clearpoke\n|poke|p1|Meganium, L50, F|\n|poke|p1|Politoed, L50, F|\n|poke|p1|Basculegion, L50, M|\n|poke|p1|Kingambit, L50, F|\n|poke|p1|Talonflame, L50, M|\n|poke|p1|Sneasler, L50, F|\n|poke|p2|Delphox, L50, M|\n|poke|p2|Garchomp, L50, M|\n|poke|p2|Clefable, L50, M|\n|poke|p2|Aerodactyl, L50, F|\n|poke|p2|Kingambit, L50, M|\n|poke|p2|Sneasler, L50, M|\n|teampreview|4\n|inactive|Battle timer is ON: inactive players will automatically lose when time's up. (requested by mmmjam)\n|\n|t:|1776293001\n|teamsize|p1|4\n|teamsize|p2|4\n|start\n|switch|p1a: Politoed|Politoed, L50, F|100/100\n|switch|p1b: Basculegion|Basculegion, L50, M|100/100\n|switch|p2a: Kingambit|Kingambit, L50, M|100/100\n|switch|p2b: Clefable|Clefable, L50, M|100/100\n|-weather|RainDance|[from] ability: Drizzle|[of] p1a: Politoed\n|turn|1\n|\n|t:|1776293025\n|move|p2b: Clefable|Follow Me|p2b: Clefable\n|-singleturn|p2b: Clefable|move: Follow Me\n|move|p2a: Kingambit|Sucker Punch|p1b: Basculegion\n|-supereffective|p1b: Basculegion|1\n|-damage|p1b: Basculegion|14/100\n|move|p1b: Basculegion|Flip Turn|p2b: Clefable\n|-damage|p2b: Clefable|39/100\n|\n|t:|1776293035\n|switch|p1b: Meganium|Meganium, L50, F|100/100|[from] Flip Turn\n|move|p1a: Politoed|Weather Ball|p2b: Clefable\n|-damage|p2b: Clefable|2/100\n|\n|-weather|RainDance|[upkeep]\n|-heal|p2b: Clefable|8/100|[from] item: Leftovers\n|upkeep\n|turn|2\n|inactive|Tempyies has 30 seconds left.\n|\n|t:|1776293063\n|move|p1b: Meganium|Protect|p1b: Meganium\n|-singleturn|p1b: Meganium|Protect\n|move|p2a: Kingambit|Protect|p2a: Kingambit\n|-singleturn|p2a: Kingambit|Protect\n|move|p2b: Clefable|Protect|p2b: Clefable\n|-singleturn|p2b: Clefable|Protect\n|move|p1a: Politoed|Weather Ball|p2b: Clefable\n|-activate|p2b: Clefable|move: Protect\n|\n|-weather|RainDance|[upkeep]\n|-heal|p2b: Clefable|14/100|[from] item: Leftovers\n|upkeep\n|turn|3\n|inactive|mmmjam has 30 seconds left.\n|\n|t:|1776293089\n|detailschange|p1b: Meganium|Meganium-Mega, L50, F\n|-mega|p1b: Meganium|Meganium|Meganiumite\n|move|p2a: Kingambit|Sucker Punch|p1a: Politoed\n|-damage|p1a: Politoed|70/100\n|move|p1b: Meganium|Weather Ball|p2a: Kingambit\n|-supereffective|p2a: Kingambit|1\n|-damage|p2a: Kingambit|0 fnt\n|faint|p2a: Kingambit\n|move|p1a: Politoed|Weather Ball|p2b: Clefable\n|-damage|p2b: Clefable|0 fnt\n|faint|p2b: Clefable\n|\n|-weather|RainDance|[upkeep]\n|upkeep\n|\n|t:|1776293102\n|switch|p2a: Delphox|Delphox, L50, M|100/100\n|switch|p2b: Garchomp|Garchomp, L50, M|100/100\n|turn|4\n|\n|t:|1776293123\n|switch|p1b: Talonflame|Talonflame, L50, M, shiny|100/100\n|detailschange|p2a: Delphox|Delphox-Mega, L50, M\n|-mega|p2a: Delphox|Delphox|Delphoxite\n|move|p2a: Delphox|Protect|p2a: Delphox\n|-singleturn|p2a: Delphox|Protect\n|move|p2b: Garchomp|Earthquake|p1a: Politoed|[spread] p1a\n|-activate|p2a: Delphox|move: Protect\n|-immune|p1b: Talonflame\n|-damage|p1a: Politoed|33/100\n|-enditem|p1a: Politoed|Sitrus Berry|[eat]\n|-heal|p1a: Politoed|58/100|[from] item: Sitrus Berry\n|move|p1a: Politoed|Icy Wind|p2b: Garchomp|[spread] p2b\n|-activate|p2a: Delphox|move: Protect\n|-supereffective|p2b: Garchomp|2\n|-damage|p2b: Garchomp|63/100\n|-unboost|p2b: Garchomp|spe|1\n|\n|-weather|RainDance|[upkeep]\n|upkeep\n|turn|5\n|inactive|mmmjam has 30 seconds left.\n|\n|t:|1776293150\n|move|p1b: Talonflame|Tailwind|p1b: Talonflame\n|-sidestart|p1: mmmjam|move: Tailwind\n|move|p2a: Delphox|Psychic|p1a: Politoed\n|-damage|p1a: Politoed|17/100\n|move|p1a: Politoed|Weather Ball|p2a: Delphox\n|-supereffective|p2a: Delphox|1\n|-damage|p2a: Delphox|8/100\n|move|p2b: Garchomp|Rock Slide|p1b: Talonflame|[spread] p1a,p1b\n|-supereffective|p1b: Talonflame|2\n|-damage|p1a: Politoed|0 fnt\n|-damage|p1b: Talonflame|0 fnt\n|faint|p1a: Politoed\n|faint|p1b: Talonflame\n|\n|-weather|none\n|upkeep\n|\n|t:|1776293163\n|switch|p1b: Meganium|Meganium-Mega, L50, F|100/100\n|switch|p1a: Basculegion|Basculegion, L50, M|14/100\n|turn|6\n|inactive|mmmjam has 30 seconds left.\n|\n|t:|1776293192\n|move|p1b: Meganium|Protect|p1b: Meganium\n|-singleturn|p1b: Meganium|Protect\n|move|p2a: Delphox|Protect|p2a: Delphox\n|-singleturn|p2a: Delphox|Protect\n|move|p1a: Basculegion|Last Respects|p2b: Garchomp\n|-crit|p2b: Garchomp\n|-damage|p2b: Garchomp|0 fnt\n|faint|p2b: Garchomp\n|\n|upkeep\n|turn|7\n|\n|t:|1776293203\n|move|p1a: Basculegion|Last Respects|p2a: Delphox\n|-supereffective|p2a: Delphox|1\n|-damage|p2a: Delphox|0 fnt\n|faint|p2a: Delphox\n|\n|win|mmmjam\n|raw|mmmjam's rating: 1172 &rarr; <strong>1195</strong><br />(+23 for winning)\n|raw|Tempyies's rating: 1141 &rarr; <strong>1118</strong><br />(-23 for losing)\n|l|\u2606Tempyies\n|player|p2|\n",
  "uploadtime": 1776293308,
  "views": 18,
  "formatid": "gen9championsvgc2026regma",
  "rating": 1118,
  "private": 0,
  "password": null
}