{
  "id": "gen9championsvgc2026regma-2586870601",
  "format": "[Gen 9 Champions] VGC 2026 Reg M-A",
  "players": [
    "loklastaji",
    "gonxap"
  ],
  "log": "|j|\u2606loklastaji\n|j|\u2606gonxap\n|t:|1776467073\n|gametype|doubles\n|player|p1|loklastaji|2|1072\n|player|p2|gonxap|2|1000\n|gen|9\n|tier|[Gen 9 Champions] VGC 2026 Reg M-A\n|rated|\n|rule|Species Clause: Limit one of each Pok\u00e9mon\n|rule|Item Clause: Limit 1 of each item\n|clearpoke\n|poke|p1|Samurott-Hisui, L50, M|\n|poke|p1|Delphox, L50, M|\n|poke|p1|Tinkaton, L50, F|\n|poke|p1|Decidueye-Hisui, L50, F|\n|poke|p1|Altaria, L50, F|\n|poke|p1|Farigiraf, L50, F|\n|poke|p2|Glimmora, L50, F|\n|poke|p2|Corviknight, L50, M|\n|poke|p2|Pelipper, L50, F|\n|poke|p2|Dragonite, L50, M|\n|poke|p2|Basculegion, L50, M|\n|poke|p2|Farigiraf, L50, M|\n|teampreview|4\n|inactive|Battle timer is ON: inactive players will automatically lose when time's up. (requested by gonxap)\ngonxap rejected open team sheets.\n|inactive|loklastaji has 60 seconds left.\n|inactive|gonxap has 60 seconds left.\n|\n|t:|1776467121\n|teamsize|p1|4\n|teamsize|p2|4\n|start\n|switch|p1a: Samurott|Samurott-Hisui, L50, M|100/100\n|switch|p1b: Tinkaton|Tinkaton, L50, F|100/100\n|switch|p2a: Corviknight|Corviknight, L50, M|100/100\n|switch|p2b: Dragonite|Dragonite, L50, M|100/100\n|turn|1\n|inactive|loklastaji has 30 seconds left.\n|\n|t:|1776467151\n|move|p2b: Dragonite|Protect|p2b: Dragonite\n|-singleturn|p2b: Dragonite|Protect\n|move|p1a: Samurott|Sucker Punch||[still]\n|-fail|p1a: Samurott\n|move|p1b: Tinkaton|Play Rough|p2b: Dragonite\n|-activate|p2b: Dragonite|move: Protect\n|move|p2a: Corviknight|Iron Defense|p2a: Corviknight\n|-boost|p2a: Corviknight|def|2\n|\n|upkeep\n|turn|2\n|\n|t:|1776467170\n|switch|p2b: Pelipper|Pelipper, L50, F|100/100\n|-weather|RainDance|[from] ability: Drizzle|[of] p2b: Pelipper\n|switch|p1a: Altaria|Altaria, L50, F|100/100\n|-ability|p1a: Altaria|Cloud Nine\n|move|p1b: Tinkaton|Play Rough|p2b: Pelipper\n|-damage|p2b: Pelipper|71/100\n|move|p2a: Corviknight|Iron Defense|p2a: Corviknight\n|-boost|p2a: Corviknight|def|2\n|\n|-weather|RainDance|[upkeep]\n|upkeep\n|turn|3\n|inactive|gonxap has 30 seconds left.\n|\n|t:|1776467200\n|switch|p1b: Decidueye|Decidueye-Hisui, L50, F|100/100\n|move|p1a: Altaria|Flamethrower|p2a: Corviknight\n|-supereffective|p2a: Corviknight|1\n|-damage|p2a: Corviknight|68/100\n|move|p2a: Corviknight|Body Press|p1a: Altaria\n|-resisted|p1a: Altaria|1\n|-damage|p1a: Altaria|66/100\n|move|p2b: Pelipper|Tailwind|p2b: Pelipper\n|-sidestart|p2: gonxap|move: Tailwind\n|\n|-weather|RainDance|[upkeep]\n|-heal|p2a: Corviknight|74/100|[from] item: Leftovers\n|upkeep\n|turn|4\n|inactive|gonxap has 30 seconds left.\n|\n|t:|1776467234\n|switch|p1b: Samurott|Samurott-Hisui, L50, M|100/100\n|move|p2a: Corviknight|Body Press|p1a: Altaria\n|-resisted|p1a: Altaria|1\n|-damage|p1a: Altaria|27/100\n|move|p2b: Pelipper|Hurricane|p1a: Altaria|[miss]\n|-miss|p2b: Pelipper|p1a: Altaria\n|move|p1a: Altaria|Tailwind|p1a: Altaria\n|-sidestart|p1: loklastaji|move: Tailwind\n|\n|-weather|RainDance|[upkeep]\n|-heal|p2a: Corviknight|80/100|[from] item: Leftovers\n|upkeep\n|turn|5\n|\n|t:|1776467251\n|move|p1a: Altaria|Flamethrower|p2a: Corviknight\n|-supereffective|p2a: Corviknight|1\n|-damage|p2a: Corviknight|50/100\n|move|p1b: Samurott|Sacred Sword|p2a: Corviknight\n|-damage|p2a: Corviknight|13/100\n|move|p2a: Corviknight|Body Press|p1a: Altaria\n|-resisted|p1a: Altaria|1\n|-crit|p1a: Altaria\n|-damage|p1a: Altaria|0 fnt\n|faint|p1a: Altaria\n|move|p2b: Pelipper|Hydro Pump|p1b: Samurott\n|-resisted|p1b: Samurott|1\n|-damage|p1b: Samurott|49/100\n|\n|-weather|RainDance|[upkeep]\n|-heal|p2a: Corviknight|19/100|[from] item: Leftovers\n|upkeep\n|\n|t:|1776467271\n|switch|p1a: Tinkaton|Tinkaton, L50, F|100/100\n|turn|6\n|\n|t:|1776467282\n|move|p2a: Corviknight|Protect|p2a: Corviknight\n|-singleturn|p2a: Corviknight|Protect\n|move|p1a: Tinkaton|Fake Out|p2b: Pelipper\n|-damage|p2b: Pelipper|61/100\n|move|p1b: Samurott|Sacred Sword|p2a: Corviknight\n|-activate|p2a: Corviknight|move: Protect\n|cant|p2b: Pelipper|flinch\n|\n|-weather|none\n|-heal|p2a: Corviknight|25/100|[from] item: Leftovers\n|-sideend|p2: gonxap|move: Tailwind\n|upkeep\n|turn|7\n|inactive|gonxap has 30 seconds left.\n|\n|t:|1776467311\n|switch|p2a: Basculegion|Basculegion, L50, M|100/100\n|move|p1a: Tinkaton|Gigaton Hammer|p2b: Pelipper\n|-resisted|p2b: Pelipper|1\n|-damage|p2b: Pelipper|32/100\n|move|p1b: Samurott|Sacred Sword|p2a: Basculegion\n|-immune|p2a: Basculegion\n|move|p2b: Pelipper|Tailwind|p2b: Pelipper\n|-sidestart|p2: gonxap|move: Tailwind\n|\n|-sideend|p1: loklastaji|move: Tailwind\n|upkeep\n|turn|8\n|inactive|gonxap has 30 seconds left.\n|\n|t:|1776467340\n|switch|p2b: Dragonite|Dragonite, L50, M|100/100\n|move|p1b: Samurott|Sucker Punch|p2a: Basculegion\n|-supereffective|p2a: Basculegion|1\n|-damage|p2a: Basculegion|2/100\n|move|p2a: Basculegion|Wave Crash|p1b: Samurott\n|-resisted|p1b: Samurott|1\n|-damage|p1b: Samurott|2/100\n|-damage|p2a: Basculegion|0 fnt|[from] Recoil\n|faint|p2a: Basculegion\n|move|p1a: Tinkaton|Play Rough|p2b: Dragonite\n|-supereffective|p2b: Dragonite|1\n|-damage|p2b: Dragonite|29/100\n|-unboost|p2b: Dragonite|atk|1\n|\n|upkeep\n|\n|t:|1776467354\n|switch|p2a: Pelipper|Pelipper, L50, F|32/100\n|-weather|RainDance|[from] ability: Drizzle|[of] p2a: Pelipper\n|turn|9\n|\n|t:|1776467363\n|move|p2b: Dragonite|Protect|p2b: Dragonite\n|-singleturn|p2b: Dragonite|Protect\n|move|p1b: Samurott|Sucker Punch|p2a: Pelipper\n|-damage|p2a: Pelipper|0 fnt\n|faint|p2a: Pelipper\n|move|p1a: Tinkaton|Play Rough|p2b: Dragonite\n|-activate|p2b: Dragonite|move: Protect\n|\n|-weather|RainDance|[upkeep]\n|upkeep\n|\n|t:|1776467371\n|switch|p2a: Corviknight|Corviknight, L50, M|25/100\n|turn|10\n|\n|t:|1776467390\n|detailschange|p2b: Dragonite|Dragonite-Mega, L50, M\n|-mega|p2b: Dragonite|Dragonite|Dragoninite\n|move|p1b: Samurott|Sucker Punch|p2b: Dragonite\n|-damage|p2b: Dragonite|0 fnt\n|faint|p2b: Dragonite\n|move|p2a: Corviknight|Body Press|p1b: Samurott\n|-supereffective|p1b: Samurott|1\n|-damage|p1b: Samurott|0 fnt\n|faint|p1b: Samurott\n|move|p1a: Tinkaton|Play Rough|p2a: Corviknight\n|-resisted|p2a: Corviknight|1\n|-damage|p2a: Corviknight|11/100\n|\n|-weather|RainDance|[upkeep]\n|-heal|p2a: Corviknight|17/100|[from] item: Leftovers\n|-sideend|p2: gonxap|move: Tailwind\n|upkeep\n|-message|gonxap forfeited.\n|\n|win|loklastaji\n|raw|loklastaji's rating: 1072 &rarr; <strong>1095</strong><br />(+23 for winning)\n|raw|gonxap's rating: 1000 &rarr; <strong>1000</strong><br />(+0 for losing)\n|l|\u2606gonxap\n|player|p2|\n",
  "uploadtime": 1776467406,
  "views": 21,
  "formatid": "gen9championsvgc2026regma",
  "rating": 1000,
  "private": 0,
  "password": null
}