{
  "id": "gen9championsvgc2026regma-2588580559",
  "format": "[Gen 9 Champions] VGC 2026 Reg M-A",
  "players": [
    "taterstotz",
    "hugaario"
  ],
  "log": "|j|\u203dtaterstotz\n|j|\u2606hugaario\n|t:|1776647004\n|gametype|doubles\n|player|p1|taterstotz|266|1533\n|player|p2|hugaario|lucas-gen4pt|1546\n|gen|9\n|tier|[Gen 9 Champions] VGC 2026 Reg M-A\n|rated|\n|rule|Species Clause: Limit one of each Pok\u00e9mon\n|rule|Item Clause: Limit 1 of each item\n|clearpoke\n|poke|p1|Tyranitar, L50, M|\n|poke|p1|Excadrill, L50, M|\n|poke|p1|Rotom-Wash, L50|\n|poke|p1|Sinistcha, L50|\n|poke|p1|Gengar, L50, M|\n|poke|p1|Corviknight, L50, M|\n|poke|p2|Whimsicott, L50, M|\n|poke|p2|Arcanine, L50, M|\n|poke|p2|Mudsdale, L50, M|\n|poke|p2|Maushold, L50|\n|poke|p2|Farigiraf, L50, F|\n|poke|p2|Floette-Eternal, L50, F|\n|teampreview|4\n|inactive|Battle timer is ON: inactive players will automatically lose when time's up. (requested by hugaario)\n|j| Xheadhonchkrow\n|\n|t:|1776647034\n|teamsize|p1|4\n|teamsize|p2|4\n|start\n|switch|p1a: Rotom|Rotom-Wash, L50|100/100\n|switch|p1b: Excadrill|Excadrill, L50, M|100/100\n|switch|p2a: Mudsdale|Mudsdale, L50, M|100/100\n|switch|p2b: Maushold|Maushold, L50|100/100\n|turn|1\n|j| sqweedgee\n|\n|t:|1776647054\n|switch|p1b: Sinistcha|Sinistcha, L50|100/100\n|switch|p2a: Farigiraf|Farigiraf, L50, F|100/100\n|move|p2b: Maushold|Super Fang|p1a: Rotom\n|-damage|p1a: Rotom|51/100\n|move|p1a: Rotom|Volt Switch|p2b: Maushold\n|-damage|p2b: Maushold|61/100\n|\n|t:|1776647066\n|switch|p1a: Excadrill|Excadrill, L50, M|100/100|[from] Volt Switch\n|\n|upkeep\n|turn|2\n|\n|t:|1776647085\n|switch|p2b: Mudsdale|Mudsdale, L50, M|100/100\n|move|p1b: Sinistcha|Rage Powder|p1b: Sinistcha\n|-singleturn|p1b: Sinistcha|move: Rage Powder\n|move|p1a: Excadrill|Earthquake|p2b: Mudsdale|[spread] p1b,p2a,p2b\n|-resisted|p1b: Sinistcha|1\n|-damage|p1b: Sinistcha|84/100\n|-damage|p2a: Farigiraf|60/100\n|-damage|p2b: Mudsdale|66/100\n|-ability|p2b: Mudsdale|Stamina|boost\n|-boost|p2b: Mudsdale|def|1\n|move|p2a: Farigiraf|Trick Room|p2a: Farigiraf\n|-fieldstart|move: Trick Room|[of] p2a: Farigiraf\n|\n|-heal|p2b: Mudsdale|72/100|[from] item: Leftovers\n|upkeep\n|turn|3\n|j| NanshanVGC\n|inactive|hugaario has 30 seconds left.\n|\n|t:|1776647111\n|switch|p2a: Floette|Floette-Eternal, L50, F|100/100\n|move|p1a: Excadrill|Protect|p1a: Excadrill\n|-singleturn|p1a: Excadrill|Protect\n|move|p2b: Mudsdale|High Horsepower|p1a: Excadrill\n|-activate|p1a: Excadrill|move: Protect\n|move|p1b: Sinistcha|Matcha Gotcha|p2b: Mudsdale|[spread] p2a,p2b\n|-supereffective|p2b: Mudsdale|1\n|-damage|p2a: Floette|82/100\n|-heal|p1b: Sinistcha|93/100|[from] drain|[of] p2a: Floette\n|-damage|p2b: Mudsdale|33/100\n|-heal|p1b: Sinistcha|100/100|[from] drain|[of] p2b: Mudsdale\n|-status|p2a: Floette|brn\n|-ability|p2b: Mudsdale|Stamina|boost\n|-boost|p2b: Mudsdale|def|1\n|\n|-heal|p2b: Mudsdale|39/100|[from] item: Leftovers\n|-damage|p2a: Floette|76/100 brn|[from] brn\n|upkeep\n|turn|4\n|j| TomTom_JerryJerry\n|\n|t:|1776647125\n|detailschange|p2a: Floette|Floette-Mega, L50, F\n|-mega|p2a: Floette|Floette|Floettite\n|-ability|p2a: Floette|Fairy Aura\n|move|p1b: Sinistcha|Rage Powder|p1b: Sinistcha\n|-singleturn|p1b: Sinistcha|move: Rage Powder\n|move|p2b: Mudsdale|Body Press|p1b: Sinistcha\n|-immune|p1b: Sinistcha\n|move|p2a: Floette|Light of Ruin|p1b: Sinistcha\n|-damage|p1b: Sinistcha|0 fnt\n|faint|p1b: Sinistcha\n|-damage|p2a: Floette|26/100 brn|[from] Recoil\n|move|p1a: Excadrill|Iron Head|p2a: Floette\n|-supereffective|p2a: Floette|1\n|-damage|p2a: Floette|0 fnt\n|faint|p2a: Floette\n|\n|-heal|p2b: Mudsdale|44/100|[from] item: Leftovers\n|upkeep\n|\n|t:|1776647142\n|switch|p1b: Corviknight|Corviknight, L50, M|100/100\n|switch|p2a: Farigiraf|Farigiraf, L50, F|60/100\n|turn|5\n|l| Xheadhonchkrow\n|\n|t:|1776647155\n|move|p2a: Farigiraf|Helping Hand|p2b: Mudsdale\n|-singleturn|p2b: Mudsdale|Helping Hand|[of] p2a: Farigiraf\n|move|p2b: Mudsdale|Body Press|p1b: Corviknight\n|-damage|p1b: Corviknight|50/100\n|move|p1b: Corviknight|Bulk Up|p1b: Corviknight\n|-boost|p1b: Corviknight|atk|1\n|-boost|p1b: Corviknight|def|1\n|move|p1a: Excadrill|Iron Head|p2a: Farigiraf\n|-damage|p2a: Farigiraf|15/100\n|-enditem|p2a: Farigiraf|Sitrus Berry|[eat]\n|-heal|p2a: Farigiraf|40/100|[from] item: Sitrus Berry\n|\n|-heal|p2b: Mudsdale|50/100|[from] item: Leftovers\n|-heal|p1b: Corviknight|56/100|[from] item: Leftovers\n|upkeep\n|turn|6\n|\n|t:|1776647174\n|move|p2b: Mudsdale|Body Press|p1a: Excadrill\n|-supereffective|p1a: Excadrill|1\n|-enditem|p1a: Excadrill|Focus Sash\n|-damage|p1a: Excadrill|1/100\n|move|p2a: Farigiraf|Psychic|p1a: Excadrill\n|-resisted|p1a: Excadrill|1\n|-damage|p1a: Excadrill|0 fnt\n|faint|p1a: Excadrill\n|move|p1b: Corviknight|Roost|p1b: Corviknight\n|-heal|p1b: Corviknight|100/100\n|-singleturn|p1b: Corviknight|move: Roost\n|\n|-heal|p2b: Mudsdale|56/100|[from] item: Leftovers\n|-fieldend|move: Trick Room\n|upkeep\n|\n|t:|1776647180\n|switch|p1a: Rotom|Rotom-Wash, L50|51/100\n|turn|7\n|l| NanshanVGC\n|\n|t:|1776647185\n|move|p2b: Mudsdale|Protect|p2b: Mudsdale\n|-singleturn|p2b: Mudsdale|Protect\n|move|p1a: Rotom|Hydro Pump|p2b: Mudsdale\n|-activate|p2b: Mudsdale|move: Protect\n|move|p1b: Corviknight|Brave Bird|p2a: Farigiraf\n|-damage|p2a: Farigiraf|0 fnt\n|faint|p2a: Farigiraf\n|-damage|p1b: Corviknight|86/100|[from] Recoil\n|\n|-heal|p1b: Corviknight|92/100|[from] item: Leftovers\n|-heal|p2b: Mudsdale|62/100|[from] item: Leftovers\n|upkeep\n|\n|t:|1776647192\n|switch|p2a: Maushold|Maushold, L50|61/100\n|turn|8\n|\n|t:|1776647200\n|move|p2a: Maushold|Follow Me|p2a: Maushold\n|-singleturn|p2a: Maushold|move: Follow Me\n|move|p1a: Rotom|Hydro Pump|p2a: Maushold|[miss]\n|-miss|p1a: Rotom|p2a: Maushold\n|move|p1b: Corviknight|Brave Bird|p2a: Maushold\n|-damage|p2a: Maushold|4/100\n|-damage|p1b: Corviknight|75/100|[from] Recoil\n|move|p2b: Mudsdale|Body Press|p1a: Rotom\n|-damage|p1a: Rotom|9/100\n|-enditem|p1a: Rotom|Sitrus Berry|[eat]\n|-heal|p1a: Rotom|34/100|[from] item: Sitrus Berry\n|\n|-heal|p1b: Corviknight|81/100|[from] item: Leftovers\n|-heal|p2b: Mudsdale|68/100|[from] item: Leftovers\n|upkeep\n|turn|9\n|l| TomTom_JerryJerry\n|j| TomTom_JerryJerry\n|\n|t:|1776647216\n|move|p2a: Maushold|Follow Me|p2a: Maushold\n|-singleturn|p2a: Maushold|move: Follow Me\n|move|p1a: Rotom|Thunderbolt|p2a: Maushold\n|-damage|p2a: Maushold|0 fnt\n|faint|p2a: Maushold\n|move|p1b: Corviknight|Bulk Up|p1b: Corviknight\n|-boost|p1b: Corviknight|atk|1\n|-boost|p1b: Corviknight|def|1\n|move|p2b: Mudsdale|Body Press|p1a: Rotom\n|-damage|p1a: Rotom|0 fnt\n|faint|p1a: Rotom\n|\n|-heal|p1b: Corviknight|87/100|[from] item: Leftovers\n|-heal|p2b: Mudsdale|73/100|[from] item: Leftovers\n|upkeep\n|turn|10\n|l| TomTom_JerryJerry\n|\n|t:|1776647225\n|move|p1b: Corviknight|Bulk Up|p1b: Corviknight\n|-boost|p1b: Corviknight|atk|1\n|-boost|p1b: Corviknight|def|1\n|move|p2b: Mudsdale|Body Press|p1b: Corviknight\n|-damage|p1b: Corviknight|72/100\n|\n|-heal|p1b: Corviknight|78/100|[from] item: Leftovers\n|-heal|p2b: Mudsdale|79/100|[from] item: Leftovers\n|upkeep\n|turn|11\n|\n|t:|1776647229\n|move|p1b: Corviknight|Bulk Up|p1b: Corviknight\n|-boost|p1b: Corviknight|atk|1\n|-boost|p1b: Corviknight|def|1\n|move|p2b: Mudsdale|Body Press|p1b: Corviknight\n|-damage|p1b: Corviknight|67/100\n|\n|-heal|p1b: Corviknight|73/100|[from] item: Leftovers\n|-heal|p2b: Mudsdale|85/100|[from] item: Leftovers\n|upkeep\n|turn|12\n|\n|t:|1776647231\n|move|p1b: Corviknight|Bulk Up|p1b: Corviknight\n|-boost|p1b: Corviknight|atk|1\n|-boost|p1b: Corviknight|def|1\n|move|p2b: Mudsdale|Body Press|p1b: Corviknight\n|-damage|p1b: Corviknight|63/100\n|\n|-heal|p1b: Corviknight|69/100|[from] item: Leftovers\n|-heal|p2b: Mudsdale|91/100|[from] item: Leftovers\n|upkeep\n|turn|13\n|\n|t:|1776647237\n|move|p1b: Corviknight|Bulk Up|p1b: Corviknight\n|-boost|p1b: Corviknight|atk|1\n|-boost|p1b: Corviknight|def|1\n|move|p2b: Mudsdale|Body Press|p1b: Corviknight\n|-damage|p1b: Corviknight|59/100\n|\n|-heal|p1b: Corviknight|65/100|[from] item: Leftovers\n|-heal|p2b: Mudsdale|97/100|[from] item: Leftovers\n|upkeep\n|turn|14\n|\n|t:|1776647240\n|move|p1b: Corviknight|Brave Bird|p2b: Mudsdale\n|-damage|p2b: Mudsdale|39/100\n|-ability|p2b: Mudsdale|Stamina|boost\n|-boost|p2b: Mudsdale|def|1\n|-damage|p1b: Corviknight|45/100|[from] Recoil\n|move|p2b: Mudsdale|Body Press|p1b: Corviknight\n|-damage|p1b: Corviknight|33/100\n|\n|-heal|p1b: Corviknight|39/100|[from] item: Leftovers\n|-heal|p2b: Mudsdale|44/100|[from] item: Leftovers\n|upkeep\n|turn|15\n|\n|t:|1776647251\n|move|p1b: Corviknight|Brave Bird|p2b: Mudsdale\n|-damage|p2b: Mudsdale|0 fnt\n|faint|p2b: Mudsdale\n|-damage|p1b: Corviknight|24/100|[from] Recoil\n|\n|win|taterstotz\n|raw|taterstotz's rating: 1533 &rarr; <strong>1554</strong><br />(+21 for winning)\n|raw|hugaario's rating: 1546 &rarr; <strong>1525</strong><br />(-21 for losing)\n|l|\u2606hugaario\n|player|p2|\n",
  "uploadtime": 1776647343,
  "views": 14,
  "formatid": "gen9championsvgc2026regma",
  "rating": 1525,
  "private": 0,
  "password": null
}