{
  "id": "gen9championsvgc2026regma-2583633501",
  "format": "[Gen 9 Champions] VGC 2026 Reg M-A",
  "players": [
    "kubitr",
    "Jt123465"
  ],
  "log": "|j|\u2606kubitr\n|j|\u2606Jt123465\n|t:|1776187767\n|gametype|doubles\n|player|p1|kubitr|blue|1180\n|player|p2|Jt123465|266|1101\n|gen|9\n|tier|[Gen 9 Champions] VGC 2026 Reg M-A\n|rated|\n|rule|Species Clause: Limit one of each Pok\u00e9mon\n|rule|Item Clause: Limit 1 of each item\n|clearpoke\n|poke|p1|Chandelure, L50, M|\n|poke|p1|Torkoal, L50, F|\n|poke|p1|Incineroar, L50, M|\n|poke|p1|Alakazam, L50, M|\n|poke|p1|Avalugg-Hisui, L50, F|\n|poke|p1|Farigiraf, L50, F|\n|poke|p2|Meganium, L50, F|\n|poke|p2|Incineroar, L50, M|\n|poke|p2|Excadrill, L50, M|\n|poke|p2|Basculegion, L50, M|\n|poke|p2|Tyranitar, L50, F|\n|poke|p2|Sneasler, L50, M|\n|teampreview|4\n|inactive|Battle timer is ON: inactive players will automatically lose when time's up. (requested by kubitr)\n|inactive|Jt123465 has 60 seconds left.\n|\n|t:|1776187805\n|teamsize|p1|4\n|teamsize|p2|4\n|start\n|switch|p1a: Incineroar|Incineroar, L50, M|100/100\n|switch|p1b: Farigiraf|Farigiraf, L50, F|100/100\n|switch|p2a: Tyranitar|Tyranitar, L50, F, shiny|100/100\n|switch|p2b: Incineroar|Incineroar, L50, M|100/100\n|-weather|Sandstorm|[from] ability: Sand Stream|[of] p2a: Tyranitar\n|-ability|p2b: Incineroar|Intimidate|boost\n|-unboost|p1a: Incineroar|atk|1\n|-unboost|p1b: Farigiraf|atk|1\n|-ability|p1a: Incineroar|Intimidate|boost\n|-unboost|p2a: Tyranitar|atk|1\n|-unboost|p2b: Incineroar|atk|1\n|turn|1\n|inactive|kubitr has 30 seconds left.\n|\n|t:|1776187832\n|move|p1b: Farigiraf|Protect|p1b: Farigiraf\n|-singleturn|p1b: Farigiraf|Protect\n|move|p1a: Incineroar|Fake Out|p2a: Tyranitar\n|-resisted|p2a: Tyranitar|1\n|-damage|p2a: Tyranitar|96/100\n|cant|p2a: Tyranitar|flinch\n|move|p2b: Incineroar|Parting Shot|p1b: Farigiraf\n|-activate|p1b: Farigiraf|move: Protect\n|\n|-weather|Sandstorm|[upkeep]\n|-damage|p2b: Incineroar|95/100|[from] Sandstorm\n|-damage|p1a: Incineroar|95/100|[from] Sandstorm\n|-damage|p1b: Farigiraf|94/100|[from] Sandstorm\n|upkeep\n|turn|2\n|inactive|Jt123465 has 30 seconds left.\n|\n|t:|1776187858\n|switch|p1a: Torkoal|Torkoal, L50, F|100/100\n|-weather|SunnyDay|[from] ability: Drought|[of] p1a: Torkoal\n|move|p2a: Tyranitar|Knock Off|p1b: Farigiraf\n|-supereffective|p1b: Farigiraf|1\n|-damage|p1b: Farigiraf|25/100\n|-enditem|p1b: Farigiraf|Mental Herb|[from] move: Knock Off|[of] p2a: Tyranitar\n|move|p2b: Incineroar|Throat Chop|p1b: Farigiraf\n|-supereffective|p1b: Farigiraf|1\n|-damage|p1b: Farigiraf|0 fnt\n|faint|p1b: Farigiraf\n|\n|-weather|SunnyDay|[upkeep]\n|upkeep\n|\n|t:|1776187874\n|switch|p1b: Incineroar|Incineroar, L50, M|95/100\n|-ability|p1b: Incineroar|Intimidate|boost\n|-unboost|p2a: Tyranitar|atk|1\n|-unboost|p2b: Incineroar|atk|1\n|turn|3\n|\n|t:|1776187884\n|detailschange|p2a: Tyranitar|Tyranitar-Mega, L50, F, shiny\n|-mega|p2a: Tyranitar|Tyranitar|Tyranitarite\n|-weather|Sandstorm|[from] ability: Sand Stream|[of] p2a: Tyranitar\n|move|p2a: Tyranitar|Protect|p2a: Tyranitar\n|-singleturn|p2a: Tyranitar|Protect\n|move|p1b: Incineroar|Fake Out|p2b: Incineroar\n|-damage|p2b: Incineroar|83/100\n|cant|p2b: Incineroar|flinch\n|move|p1a: Torkoal|Will-O-Wisp|p2a: Tyranitar\n|-activate|p2a: Tyranitar|move: Protect\n|\n|-weather|Sandstorm|[upkeep]\n|-damage|p2b: Incineroar|77/100|[from] Sandstorm\n|-damage|p1b: Incineroar|89/100|[from] Sandstorm\n|-damage|p1a: Torkoal|94/100|[from] Sandstorm\n|-heal|p1a: Torkoal|100/100|[from] item: Leftovers\n|upkeep\n|turn|4\n|inactive|kubitr has 30 seconds left.\n|inactive|Jt123465 has 30 seconds left.\n|\n|t:|1776187910\n|move|p2a: Tyranitar|Rock Slide|p1a: Torkoal|[spread] p1b\n|-miss|p2a: Tyranitar|p1a: Torkoal\n|-supereffective|p1b: Incineroar|1\n|-damage|p1b: Incineroar|58/100\n|move|p2b: Incineroar|Parting Shot|p1a: Torkoal\n|-unboost|p1a: Torkoal|atk|1\n|-unboost|p1a: Torkoal|spa|1\n|\n|t:|1776187914\n|switch|p2b: Basculegion|Basculegion, L50, M|100/100|[from] Parting Shot\n|move|p1b: Incineroar|Parting Shot|p2a: Tyranitar\n|-unboost|p2a: Tyranitar|atk|1\n|-unboost|p2a: Tyranitar|spa|1\n|\n|t:|1776187921\n|switch|p1b: Chandelure|Chandelure, L50, M|100/100|[from] Parting Shot\n|move|p1a: Torkoal|Earth Power|p2a: Tyranitar\n|-supereffective|p2a: Tyranitar|1\n|-damage|p2a: Tyranitar|76/100\n|\n|-weather|Sandstorm|[upkeep]\n|-damage|p1b: Chandelure|95/100|[from] Sandstorm\n|-damage|p2b: Basculegion|94/100|[from] Sandstorm\n|-damage|p1a: Torkoal|94/100|[from] Sandstorm\n|-heal|p1a: Torkoal|100/100|[from] item: Leftovers\n|upkeep\n|turn|5\n|\n|t:|1776187935\n|detailschange|p1b: Chandelure|Chandelure-Mega, L50, M\n|-mega|p1b: Chandelure|Chandelure|Chandelurite\n|move|p2b: Basculegion|Aqua Jet|p1b: Chandelure\n|-supereffective|p1b: Chandelure|1\n|-crit|p1b: Chandelure\n|-damage|p1b: Chandelure|0 fnt\n|faint|p1b: Chandelure\n|move|p2a: Tyranitar|Rock Slide|p1a: Torkoal\n|-supereffective|p1a: Torkoal|1\n|-damage|p1a: Torkoal|70/100\n|cant|p1a: Torkoal|flinch\n|\n|-weather|Sandstorm|[upkeep]\n|-damage|p2b: Basculegion|88/100|[from] Sandstorm\n|-damage|p1a: Torkoal|64/100|[from] Sandstorm\n|-heal|p1a: Torkoal|70/100|[from] item: Leftovers\n|upkeep\n|\n|t:|1776187939\n|switch|p1b: Incineroar|Incineroar, L50, M|58/100\n|-ability|p1b: Incineroar|Intimidate|boost\n|-unboost|p2a: Tyranitar|atk|1\n|-unboost|p2b: Basculegion|atk|1\n|turn|6\n|\n|t:|1776187958\n|switch|p2a: Incineroar|Incineroar, L50, M|77/100\n|-ability|p2a: Incineroar|Intimidate|boost\n|-unboost|p1a: Torkoal|atk|1\n|-unboost|p1b: Incineroar|atk|1\n|move|p2b: Basculegion|Wave Crash|p1a: Torkoal\n|-supereffective|p1a: Torkoal|1\n|-damage|p1a: Torkoal|0 fnt\n|faint|p1a: Torkoal\n|-damage|p2b: Basculegion|71/100|[from] Recoil\n|move|p1b: Incineroar|Darkest Lariat|p2b: Basculegion\n|-supereffective|p2b: Basculegion|1\n|-crit|p2b: Basculegion\n|-damage|p2b: Basculegion|0 fnt\n|faint|p2b: Basculegion\n|\n|-weather|Sandstorm|[upkeep]\n|-damage|p2a: Incineroar|71/100|[from] Sandstorm\n|-damage|p1b: Incineroar|52/100|[from] Sandstorm\n|upkeep\n|\n|t:|1776187960\n|switch|p2b: Excadrill|Excadrill, L50, M|100/100\n|turn|7\n|\n|t:|1776187970\n|move|p2a: Incineroar|Fake Out|p1b: Incineroar\n|-damage|p1b: Incineroar|42/100\n|-enditem|p1b: Incineroar|Sitrus Berry|[eat]\n|-heal|p1b: Incineroar|66/100|[from] item: Sitrus Berry\n|move|p2b: Excadrill|Earthquake|p1b: Incineroar|[spread] p2a,p1b\n|-supereffective|p2a: Incineroar|1\n|-supereffective|p1b: Incineroar|1\n|-damage|p2a: Incineroar|0 fnt\n|-damage|p1b: Incineroar|0 fnt\n|faint|p2a: Incineroar\n|faint|p1b: Incineroar\n|\n|win|Jt123465\n|raw|kubitr's rating: 1180 &rarr; <strong>1149</strong><br />(-31 for losing)\n|raw|Jt123465's rating: 1101 &rarr; <strong>1132</strong><br />(+31 for winning)\n|l|\u2606kubitr\n|player|p1|\n",
  "uploadtime": 1776187980,
  "views": 13,
  "formatid": "gen9championsvgc2026regma",
  "rating": 1132,
  "private": 0,
  "password": null
}