{
  "id": "gen9championsvgc2026regma-2585509536",
  "format": "[Gen 9 Champions] VGC 2026 Reg M-A",
  "players": [
    "soulo333",
    "luisiyoo1511"
  ],
  "log": "|j|\u2606soulo333\n|j|\u2606luisiyoo1511\n|t:|1776352330\n|gametype|doubles\n|player|p1|soulo333|1|1166\n|player|p2|luisiyoo1511|n|1171\n|gen|9\n|tier|[Gen 9 Champions] VGC 2026 Reg M-A\n|rated|\n|rule|Species Clause: Limit one of each Pok\u00e9mon\n|rule|Item Clause: Limit 1 of each item\n|clearpoke\n|poke|p1|Charizard, L50, M|\n|poke|p1|Sneasler, L50, M|\n|poke|p1|Sinistcha, L50|\n|poke|p1|Incineroar, L50, F|\n|poke|p1|Milotic, L50, M|\n|poke|p1|Tyranitar, L50, F|\n|poke|p2|Floette-Eternal, L50, F|\n|poke|p2|Maushold, L50|\n|poke|p2|Talonflame, L50, F|\n|poke|p2|Garchomp, L50, M|\n|poke|p2|Glimmora, L50, M|\n|poke|p2|Kingambit, L50, F|\n|teampreview|4\n|\n|t:|1776352356\n|teamsize|p1|4\n|teamsize|p2|4\n|start\n|switch|p1a: Milotic|Milotic, L50, M|100/100\n|switch|p1b: Sinistcha|Sinistcha, L50|100/100\n|switch|p2a: Floette|Floette-Eternal, L50, F|100/100\n|switch|p2b: Maushold|Maushold, L50|100/100\n|turn|1\n|\n|t:|1776352370\n|detailschange|p2a: Floette|Floette-Mega, L50, F\n|-mega|p2a: Floette|Floette|Floettite\n|-ability|p2a: Floette|Fairy Aura\n|move|p2b: Maushold|Follow Me|p2b: Maushold\n|-singleturn|p2b: Maushold|move: Follow Me\n|move|p2a: Floette|Calm Mind|p2a: Floette\n|-boost|p2a: Floette|spa|1\n|-boost|p2a: Floette|spd|1\n|move|p1a: Milotic|Scald|p2b: Maushold\n|-damage|p2b: Maushold|60/100\n|move|p1b: Sinistcha|Trick Room|p1b: Sinistcha\n|-fieldstart|move: Trick Room|[of] p1b: Sinistcha\n|\n|upkeep\n|turn|2\n|\n|t:|1776352390\n|move|p1b: Sinistcha|Matcha Gotcha|p2b: Maushold|[spread] p2a\n|-miss|p1b: Sinistcha|p2b: Maushold\n|-damage|p2a: Floette|87/100\n|-status|p2a: Floette|brn\n|move|p1a: Milotic|Scald|p2b: Maushold\n|-damage|p2b: Maushold|24/100\n|move|p2a: Floette|Moonblast|p1a: Milotic\n|-damage|p1a: Milotic|32/100\n|-unboost|p1a: Milotic|spa|1\n|-ability|p1a: Milotic|Competitive|boost\n|-boost|p1a: Milotic|spa|2\n|move|p2b: Maushold|Crunch|p1b: Sinistcha\n|-supereffective|p1b: Sinistcha|1\n|-enditem|p1b: Sinistcha|Colbur Berry|[eat]\n|-enditem|p1b: Sinistcha|Colbur Berry|[weaken]\n|-damage|p1b: Sinistcha|85/100\n|\n|-heal|p1a: Milotic|38/100|[from] item: Leftovers\n|-damage|p2a: Floette|81/100 brn|[from] brn\n|upkeep\n|turn|3\n|\n|t:|1776352416\n|move|p2b: Maushold|Protect|p2b: Maushold\n|-singleturn|p2b: Maushold|Protect\n|move|p1b: Sinistcha|Matcha Gotcha|p2a: Floette|[spread] p2a\n|-activate|p2b: Maushold|move: Protect\n|-damage|p2a: Floette|66/100 brn\n|-heal|p1b: Sinistcha|92/100|[from] drain|[of] p2a: Floette\n|move|p1a: Milotic|Scald|p2a: Floette\n|-damage|p2a: Floette|47/100 brn\n|move|p2a: Floette|Moonblast|p1a: Milotic\n|-damage|p1a: Milotic|0 fnt\n|faint|p1a: Milotic\n|\n|-damage|p2a: Floette|41/100 brn|[from] brn\n|upkeep\n|\n|t:|1776352426\n|switch|p1a: Incineroar|Incineroar, L50, F|100/100\n|-ability|p1a: Incineroar|Intimidate|boost\n|-unboost|p2a: Floette|atk|1\n|-unboost|p2b: Maushold|atk|1\n|turn|4\n|\n|t:|1776352444\n|switch|p2a: Talonflame|Talonflame, L50, F|100/100\n|move|p1a: Incineroar|Fake Out|p2b: Maushold\n|-damage|p2b: Maushold|9/100\n|move|p1b: Sinistcha|Matcha Gotcha|p2a: Talonflame|[spread] p2a,p2b\n|-resisted|p2a: Talonflame|2\n|-damage|p2a: Talonflame|90/100\n|-heal|p1b: Sinistcha|96/100|[from] drain|[of] p2a: Talonflame\n|-damage|p2b: Maushold|0 fnt\n|-heal|p1b: Sinistcha|99/100|[from] drain|[of] p2b: Maushold\n|faint|p2b: Maushold\n|\n|upkeep\n|\n|t:|1776352458\n|switch|p2b: Kingambit|Kingambit, L50, F|100/100\n|turn|5\n|\n|t:|1776352469\n|move|p2b: Kingambit|Kowtow Cleave|p1b: Sinistcha\n|-supereffective|p1b: Sinistcha|1\n|-damage|p1b: Sinistcha|11/100\n|move|p1a: Incineroar|Flare Blitz|p2b: Kingambit\n|-supereffective|p2b: Kingambit|1\n|-damage|p2b: Kingambit|39/100\n|-damage|p1a: Incineroar|82/100|[from] Recoil\n|move|p1b: Sinistcha|Shadow Ball|p2a: Talonflame\n|-damage|p2a: Talonflame|26/100\n|move|p2a: Talonflame|Tailwind|p2a: Talonflame\n|-sidestart|p2: luisiyoo1511|move: Tailwind\n|\n|-fieldend|move: Trick Room\n|upkeep\n|turn|6\n|\n|t:|1776352491\n|switch|p1b: Tyranitar|Tyranitar, L50, F|100/100\n|-weather|Sandstorm|[from] ability: Sand Stream|[of] p1b: Tyranitar\n|move|p2a: Talonflame|Brave Bird|p1a: Incineroar\n|-crit|p1a: Incineroar\n|-damage|p1a: Incineroar|23/100\n|-enditem|p1a: Incineroar|Sitrus Berry|[eat]\n|-heal|p1a: Incineroar|48/100|[from] item: Sitrus Berry\n|-damage|p2a: Talonflame|0 fnt|[from] Recoil\n|faint|p2a: Talonflame\n|move|p2b: Kingambit|Kowtow Cleave|p1b: Tyranitar\n|-resisted|p1b: Tyranitar|1\n|-damage|p1b: Tyranitar|82/100\n|move|p1a: Incineroar|Parting Shot|p2b: Kingambit\n|-unboost|p2b: Kingambit|atk|1\n|-ability|p2b: Kingambit|Defiant|boost\n|-boost|p2b: Kingambit|atk|2\n|-unboost|p2b: Kingambit|spa|1\n|-ability|p2b: Kingambit|Defiant|boost\n|-boost|p2b: Kingambit|atk|2\n|\n|t:|1776352500\n|switch|p1a: Sinistcha|Sinistcha, L50|11/100|[from] Parting Shot\n|-heal|p1b: Tyranitar|100/100|[from] ability: Hospitality|[of] p1a: Sinistcha\n|\n|-weather|Sandstorm|[upkeep]\n|-damage|p1a: Sinistcha|4/100|[from] Sandstorm\n|upkeep\n|\n|t:|1776352517\n|switch|p2a: Floette|Floette-Mega, L50, F|41/100 brn\n|-ability|p2a: Floette|Fairy Aura\n|turn|7\n|\n|t:|1776352525\n|move|p1b: Tyranitar|Protect|p1b: Tyranitar\n|-singleturn|p1b: Tyranitar|Protect\n|move|p2a: Floette|Moonblast|p1b: Tyranitar\n|-activate|p1b: Tyranitar|move: Protect\n|move|p2b: Kingambit|Kowtow Cleave|p1a: Sinistcha\n|-supereffective|p1a: Sinistcha|1\n|-damage|p1a: Sinistcha|0 fnt\n|faint|p1a: Sinistcha\n|\n|-weather|Sandstorm|[upkeep]\n|-damage|p2a: Floette|35/100 brn|[from] Sandstorm\n|-damage|p2a: Floette|29/100 brn|[from] brn\n|upkeep\n|\n|t:|1776352527\n|switch|p1a: Incineroar|Incineroar, L50, F|48/100\n|-ability|p1a: Incineroar|Intimidate|boost\n|-unboost|p2a: Floette|atk|1\n|-unboost|p2b: Kingambit|atk|1\n|-ability|p2b: Kingambit|Defiant|boost\n|-boost|p2b: Kingambit|atk|2\n|turn|8\n|\n|t:|1776352548\n|detailschange|p1b: Tyranitar|Tyranitar-Mega, L50, F\n|-mega|p1b: Tyranitar|Tyranitar|Tyranitarite\n|move|p2a: Floette|Protect|p2a: Floette\n|-singleturn|p2a: Floette|Protect\n|move|p1a: Incineroar|Fake Out|p2b: Kingambit\n|-resisted|p2b: Kingambit|1\n|-damage|p2b: Kingambit|36/100\n|cant|p2b: Kingambit|flinch\n|move|p1b: Tyranitar|High Horsepower|p2a: Floette\n|-activate|p2a: Floette|move: Protect\n|\n|-weather|Sandstorm|[upkeep]\n|-damage|p2a: Floette|23/100 brn|[from] Sandstorm\n|-damage|p1a: Incineroar|42/100|[from] Sandstorm\n|-damage|p2a: Floette|17/100 brn|[from] brn\n|-sideend|p2: luisiyoo1511|move: Tailwind\n|upkeep\n|turn|9\n|\n|t:|1776352570\n|move|p2a: Floette|Moonblast|p1b: Tyranitar\n|-supereffective|p1b: Tyranitar|1\n|-damage|p1b: Tyranitar|22/100\n|move|p1b: Tyranitar|High Horsepower|p2b: Kingambit\n|-supereffective|p2b: Kingambit|1\n|-damage|p2b: Kingambit|0 fnt\n|faint|p2b: Kingambit\n|move|p1a: Incineroar|Parting Shot|p2a: Floette\n|-unboost|p2a: Floette|atk|1\n|-unboost|p2a: Floette|spa|1\n|\n|-weather|Sandstorm|[upkeep]\n|-damage|p2a: Floette|11/100 brn|[from] Sandstorm\n|-damage|p1a: Incineroar|36/100|[from] Sandstorm\n|-damage|p2a: Floette|5/100 brn|[from] brn\n|upkeep\n|turn|10\n|\n|t:|1776352585\n|move|p1b: Tyranitar|Protect|p1b: Tyranitar\n|-singleturn|p1b: Tyranitar|Protect\n|move|p2a: Floette|Moonblast|p1a: Incineroar\n|-damage|p1a: Incineroar|0 fnt\n|faint|p1a: Incineroar\n|\n|-weather|none\n|-damage|p2a: Floette|0 fnt|[from] brn\n|faint|p2a: Floette\n|\n|win|soulo333\n|raw|soulo333's rating: 1166 &rarr; <strong>1191</strong><br />(+25 for winning)\n|raw|luisiyoo1511's rating: 1171 &rarr; <strong>1146</strong><br />(-25 for losing)\n",
  "uploadtime": 1776352586,
  "views": 16,
  "formatid": "gen9championsvgc2026regma",
  "rating": 1146,
  "private": 0,
  "password": null
}