{
  "id": "gen9championsvgc2026regma-2587361041",
  "format": "[Gen 9 Champions] VGC 2026 Reg M-A",
  "players": [
    "meowski_007",
    "Scrambledegg62"
  ],
  "log": "|j|\u2606meowski_007\n|j|\u2606Scrambledegg62\n|t:|1776525314\n|gametype|doubles\n|player|p1|meowski_007|n|1155\n|player|p2|Scrambledegg62|lance|1256\n|gen|9\n|tier|[Gen 9 Champions] VGC 2026 Reg M-A\n|rated|\n|rule|Species Clause: Limit one of each Pok\u00e9mon\n|rule|Item Clause: Limit 1 of each item\n|clearpoke\n|poke|p1|Tyranitar, L50, M|\n|poke|p1|Zoroark-Hisui, L50, F|\n|poke|p1|Farigiraf, L50, F, shiny|\n|poke|p1|Tauros-Paldea-Aqua, L50, M|\n|poke|p1|Clefable, L50, F|\n|poke|p1|Rotom-Wash, L50|\n|poke|p2|Sneasler, L50, M|\n|poke|p2|Aerodactyl, L50, F, shiny|\n|poke|p2|Floette-Eternal, L50, F|\n|poke|p2|Kingambit, L50, F, shiny|\n|poke|p2|Garchomp, L50, F|\n|poke|p2|Basculegion, L50, M, shiny|\n|teampreview|4\n|inactive|Battle timer is ON: inactive players will automatically lose when time's up. (requested by Scrambledegg62)\n|inactive|meowski_007 has 60 seconds left.\n|inactive|Scrambledegg62 has 60 seconds left.\n|\n|t:|1776525357\n|teamsize|p1|4\n|teamsize|p2|4\n|start\n|switch|p1a: Farigiraf|Farigiraf, L50, F, shiny|100/100\n|switch|p1b: Rotom|Rotom-Wash, L50|100/100\n|switch|p2a: Floette|Floette-Eternal, L50, F|100/100\n|switch|p2b: Sneasler|Sneasler, L50, M|100/100\n|turn|1\n|\n|t:|1776525373\n|detailschange|p2a: Floette|Floette-Mega, L50, F\n|-mega|p2a: Floette|Floette|Floettite\n|-ability|p2a: Floette|Fairy Aura\n|move|p2b: Sneasler|Fake Out||[still]\n|cant|p1a: Farigiraf|ability: Armor Tail|Fake Out|[of] p2b: Sneasler\n|move|p1b: Rotom|Sludge Bomb|p2a: Floette\n|-supereffective|p2a: Floette|1\n|-damage|p2a: Floette|53/100\n|move|p2a: Floette|Calm Mind|p2a: Floette\n|-boost|p2a: Floette|spa|1\n|-boost|p2a: Floette|spd|1\n|move|p1a: Farigiraf|Twin Beam|p2b: Sneasler\n|-supereffective|p2b: Sneasler|2\n|-damage|p2b: Sneasler|24/100\n|-supereffective|p2b: Sneasler|2\n|-damage|p2b: Sneasler|0 fnt\n|faint|p2b: Sneasler\n|-hitcount|p2: Sneasler|2\n|\n|upkeep\n|\n|t:|1776525386\n|switch|p2b: Aerodactyl|Aerodactyl, L50, F, shiny|100/100\n|-ability|p2b: Aerodactyl|Unnerve\n|turn|2\n|\n|t:|1776525400\n|move|p1a: Farigiraf|Helping Hand|p1b: Rotom\n|-singleturn|p1b: Rotom|Helping Hand|[of] p1a: Farigiraf\n|move|p2b: Aerodactyl|Dual Wingbeat|p1b: Rotom\n|-damage|p1b: Rotom|63/100\n|replace|p1b: Zoroark|Zoroark-Hisui, L50, F\n|-end|p1b: Zoroark|Illusion\n|-damage|p1b: Zoroark|26/100\n|-hitcount|p1b: Zoroark|2\n|move|p1b: Zoroark|Sludge Bomb|p2a: Floette\n|-supereffective|p2a: Floette|1\n|-damage|p2a: Floette|10/100\n|move|p2a: Floette|Dazzling Gleam|p1b: Zoroark|[spread] p1a,p1b\n|-damage|p1a: Farigiraf|33/100\n|-damage|p1b: Zoroark|0 fnt\n|faint|p1b: Zoroark\n|\n|upkeep\n|\n|t:|1776525416\n|switch|p1b: Rotom|Rotom-Wash, L50|100/100\n|turn|3\n|\n|t:|1776525437\n|move|p2a: Floette|Protect|p2a: Floette\n|-singleturn|p2a: Floette|Protect\n|move|p1a: Farigiraf|Protect|p1a: Farigiraf\n|-singleturn|p1a: Farigiraf|Protect\n|move|p2b: Aerodactyl|Tailwind|p2b: Aerodactyl\n|-sidestart|p2: Scrambledegg62|move: Tailwind\n|move|p1b: Rotom|Volt Switch|p2a: Floette\n|-activate|p2a: Floette|move: Protect\n|\n|upkeep\n|turn|4\n|\n|t:|1776525461\n|move|p1a: Farigiraf|Helping Hand|p1b: Rotom\n|-singleturn|p1b: Rotom|Helping Hand|[of] p1a: Farigiraf\n|move|p2b: Aerodactyl|Rock Slide|p1b: Rotom|[spread] p1a\n|-miss|p2b: Aerodactyl|p1b: Rotom\n|-damage|p1a: Farigiraf|11/100\n|move|p2a: Floette|Moonblast|p1b: Rotom\n|-damage|p1b: Rotom|0 fnt\n|faint|p1b: Rotom\n|\n|upkeep\n|\n|t:|1776525471\n|switch|p1b: Clefable|Clefable, L50, F|100/100\n|turn|5\n|inactive|meowski_007 has 30 seconds left.\n|inactive|meowski_007 has 20 seconds left.\n|inactive|meowski_007 has 15 seconds left.\n|inactive|meowski_007 has 10 seconds left.\n|\n|t:|1776525520\n|detailschange|p1b: Clefable|Clefable-Mega, L50, F\n|-mega|p1b: Clefable|Clefable|Clefablite\n|move|p2b: Aerodactyl|Dual Wingbeat|p1b: Clefable\n|-damage|p1b: Clefable|87/100\n|-damage|p1b: Clefable|75/100\n|-hitcount|p1b: Clefable|2\n|move|p2a: Floette|Dazzling Gleam|p1a: Farigiraf|[spread] p1a,p1b\n|-damage|p1a: Farigiraf|0 fnt\n|-damage|p1b: Clefable|11/100\n|faint|p1a: Farigiraf\n|move|p1b: Clefable|Moonblast|p2a: Floette\n|-damage|p2a: Floette|0 fnt\n|faint|p2a: Floette\n|\n|upkeep\n|\n|t:|1776525530\n|switch|p2a: Garchomp|Garchomp, L50, F|100/100\n|turn|6\n|\n|t:|1776525536\n|move|p2b: Aerodactyl|Rock Slide|p1b: Clefable\n|-supereffective|p1b: Clefable|1\n|-damage|p1b: Clefable|0 fnt\n|faint|p1b: Clefable\n|\n|win|Scrambledegg62\n|raw|meowski_007's rating: 1155 &rarr; <strong>1137</strong><br />(-18 for losing)\n|raw|Scrambledegg62's rating: 1256 &rarr; <strong>1274</strong><br />(+18 for winning)\n",
  "uploadtime": 1776525536,
  "views": 15,
  "formatid": "gen9championsvgc2026regma",
  "rating": 1137,
  "private": 0,
  "password": null
}