{
  "id": "gen9championsvgc2026regma-2583817277",
  "format": "[Gen 9 Champions] VGC 2026 Reg M-A",
  "players": [
    "lukelby",
    "mehvey"
  ],
  "log": "|j|\u2606lukelby\n|j|\u2606mehvey\n|t:|1776200009\n|gametype|doubles\n|player|p1|lukelby|hiker-gen4|1139\n|player|p2|mehvey|cheren|1066\n|gen|9\n|tier|[Gen 9 Champions] VGC 2026 Reg M-A\n|rated|\n|rule|Species Clause: Limit one of each Pok\u00e9mon\n|rule|Item Clause: Limit 1 of each item\n|clearpoke\n|poke|p1|Ninetales-Alola, L50, F|\n|poke|p1|Sinistcha, L50|\n|poke|p1|Crabominable, L50, M|\n|poke|p1|Incineroar, L50, F|\n|poke|p1|Farigiraf, L50, M|\n|poke|p1|Glimmora, L50, M|\n|poke|p2|Clefable, L50, F|\n|poke|p2|Emboar, L50, M|\n|poke|p2|Aerodactyl, L50, M|\n|poke|p2|Basculegion, L50, M|\n|poke|p2|Orthworm, L50, F|\n|poke|p2|Kangaskhan, L50, F|\n|teampreview|4\nlukelby has agreed to open team sheets.\n|\n|t:|1776200050\n|teamsize|p1|4\n|teamsize|p2|4\n|start\n|switch|p1a: Broly|Crabominable, L50, M|100/100\n|switch|p1b: mimmer|Incineroar, L50, F|100/100\n|switch|p2a: Emboar|Emboar, L50, M|100/100\n|switch|p2b: Aerodactyl|Aerodactyl, L50, M, shiny|100/100\n|-ability|p2b: Aerodactyl|Unnerve\n|-ability|p1b: mimmer|Intimidate|boost\n|-unboost|p2a: Emboar|atk|1\n|-unboost|p2b: Aerodactyl|atk|1\n|turn|1\n|\n|t:|1776200077\n|detailschange|p1a: Broly|Crabominable-Mega, L50, M\n|-mega|p1a: Broly|Crabominable|Crabominite\n|move|p2b: Aerodactyl|Protect|p2b: Aerodactyl\n|-singleturn|p2b: Aerodactyl|Protect\n|move|p2a: Emboar|Protect|p2a: Emboar\n|-singleturn|p2a: Emboar|Protect\n|move|p1b: mimmer|Fake Out|p2a: Emboar\n|-activate|p2a: Emboar|move: Protect\n|move|p1a: Broly|Ice Hammer|p2b: Aerodactyl\n|-activate|p2b: Aerodactyl|move: Protect\n|\n|upkeep\n|turn|2\n|\n|t:|1776200091\n|detailschange|p2a: Emboar|Emboar-Mega, L50, M\n|-mega|p2a: Emboar|Emboar|Emboarite\n|-ability|p2a: Emboar|Mold Breaker\n|move|p1a: Broly|Protect|p1a: Broly\n|-singleturn|p1a: Broly|Protect\n|move|p2b: Aerodactyl|Tailwind|p2b: Aerodactyl\n|-sidestart|p2: mehvey|move: Tailwind\n|move|p2a: Emboar|Bulk Up|p2a: Emboar\n|-boost|p2a: Emboar|atk|1\n|-boost|p2a: Emboar|def|1\n|move|p1b: mimmer|Parting Shot|p2a: Emboar\n|-unboost|p2a: Emboar|atk|1\n|-unboost|p2a: Emboar|spa|1\n|\n|t:|1776200104\n|switch|p1b: miinnie|Ninetales-Alola, L50, F|100/100|[from] Parting Shot\n|-weather|Snowscape|[from] ability: Snow Warning|[of] p1b: miinnie\n|\n|-weather|Snowscape|[upkeep]\n|upkeep\n|turn|3\n|\n|t:|1776200116\n|switch|p1a: mimmer|Incineroar, L50, F|100/100\n|-ability|p1a: mimmer|Intimidate|boost\n|-unboost|p2a: Emboar|atk|1\n|-unboost|p2b: Aerodactyl|atk|1\n|move|p2b: Aerodactyl|Dual Wingbeat|p1a: mimmer\n|-damage|p1a: mimmer|91/100\n|-damage|p1a: mimmer|82/100\n|-hitcount|p1a: mimmer|2\n|move|p2a: Emboar|Drain Punch|p1a: mimmer\n|-supereffective|p1a: mimmer|1\n|-damage|p1a: mimmer|38/100\n|move|p1b: miinnie|Aurora Veil|p1b: miinnie\n|-sidestart|p1: lukelby|move: Aurora Veil\n|\n|-weather|Snowscape|[upkeep]\n|upkeep\n|turn|4\n|\n|t:|1776200141\n|switch|p2a: Orthworm|Orthworm, L50, F, shiny|100/100\n|switch|p1a: blobl|Sinistcha, L50|100/100\n|move|p2b: Aerodactyl|Protect|p2b: Aerodactyl\n|-singleturn|p2b: Aerodactyl|Protect\n|move|p1b: miinnie|Moonblast|p2a: Orthworm\n|-resisted|p2a: Orthworm|1\n|-damage|p2a: Orthworm|78/100\n|\n|-weather|Snowscape|[upkeep]\n|upkeep\n|turn|5\n|\n|t:|1776200162\n|switch|p1b: Broly|Crabominable-Mega, L50, M|100/100\n|move|p2b: Aerodactyl|Stealth Rock|p1a: blobl\n|-sidestart|p1: lukelby|move: Stealth Rock\n|move|p2a: Orthworm|Iron Defense|p2a: Orthworm\n|-boost|p2a: Orthworm|def|2\n|move|p1a: blobl|Trick Room|p1a: blobl\n|-fieldstart|move: Trick Room|[of] p1a: blobl\n|\n|-weather|Snowscape|[upkeep]\n|-sideend|p2: mehvey|move: Tailwind\n|upkeep\n|turn|6\n|\n|t:|1776200187\n|move|p2b: Aerodactyl|Protect|p2b: Aerodactyl\n|-singleturn|p2b: Aerodactyl|Protect\n|move|p1b: Broly|Drain Punch|p2a: Orthworm\n|-supereffective|p2a: Orthworm|1\n|-damage|p2a: Orthworm|45/100\n|-enditem|p2a: Orthworm|Sitrus Berry|[eat]\n|-heal|p2a: Orthworm|69/100|[from] item: Sitrus Berry\n|move|p1a: blobl|Matcha Gotcha|p2b: Aerodactyl|[spread] p2a\n|-activate|p2b: Aerodactyl|move: Protect\n|-resisted|p2a: Orthworm|1\n|-damage|p2a: Orthworm|50/100\n|-status|p2a: Orthworm|brn\n|move|p2a: Orthworm|Body Press|p1b: Broly\n|-supereffective|p1b: Broly|1\n|-damage|p1b: Broly|78/100\n|\n|-weather|none\n|-damage|p2a: Orthworm|44/100 brn|[from] brn\n|upkeep\n|turn|7\n|\n|t:|1776200229\n|move|p1b: Broly|Drain Punch|p2b: Aerodactyl\n|-enditem|p2b: Aerodactyl|Focus Sash\n|-damage|p2b: Aerodactyl|1/100\n|-heal|p1b: Broly|100/100|[from] drain|[of] p2b: Aerodactyl\n|move|p1a: blobl|Matcha Gotcha|p2b: Aerodactyl|[spread] p2a\n|-miss|p1a: blobl|p2b: Aerodactyl\n|-resisted|p2a: Orthworm|1\n|-damage|p2a: Orthworm|24/100 brn\n|move|p2a: Orthworm|Body Press|p1b: Broly\n|-supereffective|p1b: Broly|1\n|-damage|p1b: Broly|70/100\n|move|p2b: Aerodactyl|Dual Wingbeat|p1b: Broly\n|-supereffective|p1b: Broly|1\n|-damage|p1b: Broly|60/100\n|-supereffective|p1b: Broly|1\n|-damage|p1b: Broly|51/100\n|-hitcount|p1b: Broly|2\n|\n|-damage|p2a: Orthworm|17/100 brn|[from] brn\n|-sideend|p1: lukelby|move: Aurora Veil\n|upkeep\n|turn|8\n|\n|t:|1776200250\n|switch|p1b: miinnie|Ninetales-Alola, L50, F|100/100\n|-damage|p1b: miinnie|75/100|[from] Stealth Rock\n|-weather|Snowscape|[from] ability: Snow Warning|[of] p1b: miinnie\n|move|p2a: Orthworm|Protect|p2a: Orthworm\n|-singleturn|p2a: Orthworm|Protect\n|move|p2b: Aerodactyl|Protect|p2b: Aerodactyl\n|-singleturn|p2b: Aerodactyl|Protect\n|move|p1a: blobl|Life Dew||[still]|[spread] p1a,p1b\n|-fail|p1a: blobl|heal\n|-heal|p1b: miinnie|100/100\n|\n|-weather|Snowscape|[upkeep]\n|-damage|p2a: Orthworm|11/100 brn|[from] brn\n|upkeep\n|turn|9\n|\n|t:|1776200268\n|move|p1a: blobl|Matcha Gotcha|p2a: Orthworm|[spread] p2a,p2b\n|-resisted|p2a: Orthworm|1\n|-damage|p2a: Orthworm|0 fnt\n|-damage|p2b: Aerodactyl|0 fnt\n|faint|p2a: Orthworm\n|faint|p2b: Aerodactyl\n|move|p1b: miinnie|Aurora Veil|p1b: miinnie\n|-sidestart|p1: lukelby|move: Aurora Veil\n|\n|-weather|Snowscape|[upkeep]\n|-fieldend|move: Trick Room\n|upkeep\n|\n|t:|1776200276\n|switch|p2b: Clefable|Clefable, L50, F|100/100\n|switch|p2a: Emboar|Emboar-Mega, L50, M|100/100\n|-ability|p2a: Emboar|Mold Breaker\n|turn|10\n|\n|t:|1776200286\n|switch|p1a: mimmer|Incineroar, L50, F|38/100\n|-damage|p1a: mimmer|13/100|[from] Stealth Rock\n|-ability|p1a: mimmer|Intimidate|boost\n|-unboost|p2a: Emboar|atk|1\n|-unboost|p2b: Clefable|atk|1\n|move|p1b: miinnie|Moonblast|p2a: Emboar\n|-damage|p2a: Emboar|76/100\n|move|p2a: Emboar|Fire Punch|p1a: mimmer\n|-resisted|p1a: mimmer|1\n|-damage|p1a: mimmer|2/100\n|move|p2b: Clefable|Moonblast|p1a: mimmer\n|-damage|p1a: mimmer|0 fnt\n|faint|p1a: mimmer\n|\n|-weather|Snowscape|[upkeep]\n|upkeep\n|\n|t:|1776200301\n|switch|p1a: blobl|Sinistcha, L50|100/100\n|-damage|p1a: blobl|88/100|[from] Stealth Rock\n|turn|11\n|\n|t:|1776200315\n|move|p2b: Clefable|Follow Me|p2b: Clefable\n|-singleturn|p2b: Clefable|move: Follow Me\n|move|p1b: miinnie|Moonblast|p2b: Clefable\n|-damage|p2b: Clefable|78/100\n|move|p2a: Emboar|Fire Punch|p1b: miinnie\n|-supereffective|p1b: miinnie|1\n|-damage|p1b: miinnie|64/100\n|move|p1a: blobl|Trick Room|p1a: blobl\n|-fieldstart|move: Trick Room|[of] p1a: blobl\n|\n|-weather|Snowscape|[upkeep]\n|-heal|p2b: Clefable|84/100|[from] item: Leftovers\n|-heal|p1a: blobl|94/100|[from] item: Leftovers\n|upkeep\n|turn|12\n|\n|t:|1776200338\n|switch|p1a: Broly|Crabominable-Mega, L50, M|51/100\n|-damage|p1a: Broly|39/100|[from] Stealth Rock\n|move|p2b: Clefable|Life Dew|p2b: Clefable|[spread] p2a,p2b\n|-heal|p2a: Emboar|100/100\n|-heal|p2b: Clefable|100/100\n|move|p2a: Emboar|Bulk Up|p2a: Emboar\n|-boost|p2a: Emboar|atk|1\n|-boost|p2a: Emboar|def|1\n|move|p1b: miinnie|Howl|p1b: miinnie|[spread] p1a,p1b\n|-boost|p1a: Broly|atk|1\n|-boost|p1b: miinnie|atk|1\n|\n|-weather|none\n|upkeep\n|turn|13\n|\n|t:|1776200377\n|switch|p1b: blobl|Sinistcha, L50|94/100\n|-damage|p1b: blobl|82/100|[from] Stealth Rock\n|-heal|p1a: Broly|64/100|[from] ability: Hospitality|[of] p1b: blobl\n|move|p2b: Clefable|Follow Me|p2b: Clefable\n|-singleturn|p2b: Clefable|move: Follow Me\n|move|p1a: Broly|Ice Hammer|p2b: Clefable\n|-crit|p2b: Clefable\n|-damage|p2b: Clefable|0 fnt\n|-unboost|p1a: Broly|spe|1\n|faint|p2b: Clefable\n|move|p2a: Emboar|Bulk Up|p2a: Emboar\n|-boost|p2a: Emboar|atk|1\n|-boost|p2a: Emboar|def|1\n|\n|-heal|p1b: blobl|88/100|[from] item: Leftovers\n|-sideend|p1: lukelby|move: Aurora Veil\n|upkeep\n|turn|14\n|\n|t:|1776200400\n|move|p1b: blobl|Rage Powder|p1b: blobl\n|-singleturn|p1b: blobl|move: Rage Powder\n|move|p1a: Broly|Drain Punch|p2a: Emboar\n|-damage|p2a: Emboar|46/100\n|-heal|p1a: Broly|89/100|[from] drain|[of] p2a: Emboar\n|move|p2a: Emboar|Fire Punch|p1b: blobl\n|-supereffective|p1b: blobl|1\n|-crit|p1b: blobl\n|-damage|p1b: blobl|0 fnt\n|faint|p1b: blobl\n|\n|upkeep\n|\n|t:|1776200408\n|switch|p1b: miinnie|Ninetales-Alola, L50, F|64/100\n|-damage|p1b: miinnie|39/100|[from] Stealth Rock\n|-weather|Snowscape|[from] ability: Snow Warning|[of] p1b: miinnie\n|turn|15\n|\n|t:|1776200414\n|move|p2a: Emboar|Protect|p2a: Emboar\n|-singleturn|p2a: Emboar|Protect\n|move|p1a: Broly|Drain Punch|p2a: Emboar\n|-activate|p2a: Emboar|move: Protect\n|move|p1b: miinnie|Moonblast|p2a: Emboar\n|-activate|p2a: Emboar|move: Protect\n|\n|-weather|Snowscape|[upkeep]\n|-fieldend|move: Trick Room\n|upkeep\n|turn|16\n|\n|t:|1776200419\n|move|p1a: Broly|Mach Punch|p2a: Emboar\n|-damage|p2a: Emboar|15/100\n|move|p1b: miinnie|Moonblast|p2a: Emboar\n|-damage|p2a: Emboar|0 fnt\n|faint|p2a: Emboar\n|\n|win|lukelby\n|raw|lukelby's rating: 1139 &rarr; <strong>1159</strong><br />(+20 for winning)\n|raw|mehvey's rating: 1066 &rarr; <strong>1050</strong><br />(-16 for losing)\n",
  "uploadtime": 1776200431,
  "views": 27,
  "formatid": "gen9championsvgc2026regma",
  "rating": 1050,
  "private": 0,
  "password": null
}