{
  "id": "gen9championsvgc2026regma-2582868579",
  "format": "[Gen 9 Champions] VGC 2026 Reg M-A",
  "players": [
    "ereinya",
    "dankwood_dunk"
  ],
  "log": "|j|\u2606ereinya\n|j|\u2606dankwood_dunk\n|t:|1776120551\n|gametype|doubles\n|player|p1|ereinya|juggler|1071\n|player|p2|dankwood_dunk|dragontamer|1069\n|gen|9\n|tier|[Gen 9 Champions] VGC 2026 Reg M-A\n|rated|\n|rule|Species Clause: Limit one of each Pok\u00e9mon\n|rule|Item Clause: Limit 1 of each item\n|clearpoke\n|poke|p1|Charizard, L50, F|\n|poke|p1|Maushold-Four, L50|\n|poke|p1|Sneasler, L50, M|\n|poke|p1|Kingambit, L50, M|\n|poke|p1|Garchomp, L50, F|\n|poke|p1|Dragapult, L50, F|\n|poke|p2|Starmie, L50|\n|poke|p2|Dragonite, L50, M|\n|poke|p2|Raichu, L50, M|\n|poke|p2|Gyarados, L50, M|\n|poke|p2|Sneasler, L50, F|\n|poke|p2|Archaludon, L50, M|\n|teampreview|4\n|\n|t:|1776120583\n|teamsize|p1|4\n|teamsize|p2|4\n|start\n|switch|p1a: Garchomp|Garchomp, L50, F|100/100\n|switch|p1b: Sneasler|Sneasler, L50, M, shiny|100/100\n|switch|p2a: Bad Manners|Starmie, L50|100/100\n|switch|p2b: WingsofRedemption|Dragonite, L50, M|100/100\n|turn|1\n|\n|t:|1776120616\n|detailschange|p2a: Bad Manners|Starmie-Mega, L50\n|-mega|p2a: Bad Manners|Starmie|Starminite\n|move|p1b: Sneasler|Fake Out|p2a: Bad Manners\n|-damage|p2a: Bad Manners|86/100\n|move|p1a: Garchomp|Rock Slide|p2b: WingsofRedemption|[spread] p2a\n|-miss|p1a: Garchomp|p2b: WingsofRedemption\n|-crit|p2a: Bad Manners\n|-damage|p2a: Bad Manners|49/100\n|cant|p2a: Bad Manners|flinch\n|move|p2b: WingsofRedemption|Breaking Swipe|p1b: Sneasler|[spread] p1a,p1b\n|-supereffective|p1a: Garchomp|1\n|-damage|p1a: Garchomp|47/100\n|-damage|p1b: Sneasler|58/100\n|-unboost|p1a: Garchomp|atk|1\n|-unboost|p1b: Sneasler|atk|1\n|-damage|p2b: WingsofRedemption|88/100|[from] ability: Rough Skin|[of] p1a: Garchomp\n|\n|upkeep\n|turn|2\n|\n|t:|1776120657\n|move|p1b: Sneasler|Feint|p2b: WingsofRedemption\n|-damage|p2b: WingsofRedemption|82/100\n|move|p2b: WingsofRedemption|Extreme Speed|p1a: Garchomp\n|-damage|p1a: Garchomp|10/100\n|-damage|p2b: WingsofRedemption|70/100|[from] ability: Rough Skin|[of] p1a: Garchomp\n|move|p2a: Bad Manners|Aqua Jet|p1b: Sneasler\n|-damage|p1b: Sneasler|15/100\n|move|p1a: Garchomp|Rock Slide|p2b: WingsofRedemption|[spread] p2a,p2b\n|-supereffective|p2b: WingsofRedemption|1\n|-damage|p2a: Bad Manners|33/100\n|-damage|p2b: WingsofRedemption|44/100\n|\n|upkeep\n|turn|3\n|\n|t:|1776120681\n|switch|p1a: Maushold|Maushold-Four, L50|100/100\n|switch|p1b: Charizard|Charizard, L50, F|100/100\n|move|p2b: WingsofRedemption|Extreme Speed|p1a: Maushold\n|-damage|p1a: Maushold|55/100\n|move|p2a: Bad Manners|Aqua Jet|p1b: Charizard\n|-supereffective|p1b: Charizard|1\n|-damage|p1b: Charizard|51/100\n|\n|upkeep\n|turn|4\n|\n|t:|1776120704\n|detailschange|p1b: Charizard|Charizard-Mega-Y, L50, F\n|-mega|p1b: Charizard|Charizard|Charizardite Y\n|-weather|SunnyDay|[from] ability: Drought|[of] p1b: Charizard\n|move|p1a: Maushold|Follow Me|p1a: Maushold\n|-singleturn|p1a: Maushold|move: Follow Me\n|move|p2a: Bad Manners|Skill Swap|p1a: Maushold\n|-activate|p2a: Bad Manners|Skill Swap|Friend Guard|Huge Power|[of] p1a: Maushold\n|move|p1b: Charizard|Solar Beam||[still]\n|-prepare|p1b: Charizard|Solar Beam\n|-anim|p1b: Charizard|Solar Beam|p2a: Bad Manners\n|-supereffective|p2a: Bad Manners|1\n|-damage|p2a: Bad Manners|0 fnt\n|faint|p2a: Bad Manners\n|move|p2b: WingsofRedemption|Breaking Swipe|p1a: Maushold|[spread] p1a,p1b\n|-damage|p1a: Maushold|19/100\n|-damage|p1b: Charizard|19/100\n|-unboost|p1a: Maushold|atk|1\n|-unboost|p1b: Charizard|atk|1\n|\n|-weather|SunnyDay|[upkeep]\n|upkeep\n|\n|t:|1776120727\n|switch|p2a: Rage Machine|Gyarados, L50, M, shiny|100/100\n|-ability|p2a: Rage Machine|Intimidate|boost\n|-unboost|p1a: Maushold|atk|1\n|-unboost|p1b: Charizard|atk|1\n|turn|5\n|\n|t:|1776120755\n|move|p2b: WingsofRedemption|Protect|p2b: WingsofRedemption\n|-singleturn|p2b: WingsofRedemption|Protect\n|move|p1a: Maushold|Super Fang|p2a: Rage Machine\n|-damage|p2a: Rage Machine|51/100\n|move|p1b: Charizard|Solar Beam||[still]\n|-prepare|p1b: Charizard|Solar Beam\n|-anim|p1b: Charizard|Solar Beam|p2a: Rage Machine\n|-damage|p2a: Rage Machine|9/100\n|move|p2a: Rage Machine|Icy Wind|p1b: Charizard|[spread] p1a,p1b\n|-damage|p1a: Maushold|11/100\n|-damage|p1b: Charizard|14/100\n|-unboost|p1a: Maushold|spe|1\n|-unboost|p1b: Charizard|spe|1\n|\n|-weather|SunnyDay|[upkeep]\n|upkeep\n|turn|6\n|\n|t:|1776120780\n|move|p1a: Maushold|Follow Me|p1a: Maushold\n|-singleturn|p1a: Maushold|move: Follow Me\n|move|p2a: Rage Machine|Dragon Cheer|p2b: WingsofRedemption\n|-start|p2b: WingsofRedemption|move: Dragon Cheer\n|move|p2b: WingsofRedemption|Breaking Swipe|p1b: Charizard|[spread] p1a,p1b\n|-crit|p1a: Maushold\n|-crit|p1b: Charizard\n|-damage|p1a: Maushold|0 fnt\n|-damage|p1b: Charizard|0 fnt\n|faint|p1a: Maushold\n|faint|p1b: Charizard\n|\n|-weather|SunnyDay|[upkeep]\n|upkeep\n|\n|t:|1776120793\n|switch|p1a: Sneasler|Sneasler, L50, M, shiny|15/100\n|switch|p1b: Garchomp|Garchomp, L50, F|10/100\n|turn|7\n|\n|t:|1776120813\n|move|p1a: Sneasler|Feint|p2b: WingsofRedemption\n|-damage|p2b: WingsofRedemption|33/100\n|move|p2b: WingsofRedemption|Extreme Speed|p1a: Sneasler\n|-damage|p1a: Sneasler|0 fnt\n|faint|p1a: Sneasler\n|move|p1b: Garchomp|Rock Slide|p2a: Rage Machine|[spread] p2a,p2b\n|-supereffective|p2a: Rage Machine|1\n|-supereffective|p2b: WingsofRedemption|1\n|-damage|p2a: Rage Machine|0 fnt\n|-damage|p2b: WingsofRedemption|0 fnt\n|faint|p2a: Rage Machine\n|faint|p2b: WingsofRedemption\n|\n|-weather|SunnyDay|[upkeep]\n|upkeep\n|\n|t:|1776120828\n|switch|p2a: Soldier 67|Archaludon, L50, M|100/100\n|turn|8\n|\n|t:|1776120833\n|move|p1b: Garchomp|Rock Slide|p2a: Soldier 67\n|-resisted|p2a: Soldier 67|1\n|-damage|p2a: Soldier 67|90/100\n|move|p2a: Soldier 67|Flash Cannon|p1b: Garchomp\n|-damage|p1b: Garchomp|0 fnt\n|faint|p1b: Garchomp\n|\n|win|dankwood_dunk\n|raw|ereinya's rating: 1071 &rarr; <strong>1050</strong><br />(-21 for losing)\n|raw|dankwood_dunk's rating: 1069 &rarr; <strong>1099</strong><br />(+30 for winning)\n|l|\u2606dankwood_dunk\n|player|p2|\n",
  "uploadtime": 1776120844,
  "views": 10,
  "formatid": "gen9championsvgc2026regma",
  "rating": 1050,
  "private": 0,
  "password": null
}