{
  "id": "gen9championsvgc2026regma-2581941433",
  "format": "[Gen 9 Champions] VGC 2026 Reg M-A",
  "players": [
    "dragonryderx7x",
    "Golurk365"
  ],
  "log": "|j|\u2606dragonryderx7x\n|j|\u2606Golurk365\n|t:|1776041740\n|gametype|doubles\n|player|p1|dragonryderx7x|170|1078\n|player|p2|Golurk365|hugh|1105\n|gen|9\n|tier|[Gen 9 Champions] VGC 2026 Reg M-A\n|rated|\n|rule|Species Clause: Limit one of each Pok\u00e9mon\n|rule|Item Clause: Limit 1 of each item\n|clearpoke\n|poke|p1|Conkeldurr, L50, M|\n|poke|p1|Starmie, L50|\n|poke|p1|Meowstic, L50, M|\n|poke|p1|Basculegion, L50, M|\n|poke|p1|Aerodactyl, L50, F|\n|poke|p1|Rotom-Mow, L50|\n|poke|p2|Golurk, L50|\n|poke|p2|Farigiraf, L50, F|\n|poke|p2|Incineroar, L50, M|\n|poke|p2|Tyranitar, L50, M|\n|poke|p2|Arcanine-Hisui, L50, F|\n|poke|p2|Sinistcha, L50|\n|teampreview|4\n|inactive|Battle timer is ON: inactive players will automatically lose when time's up. (requested by Golurk365)\ndragonryderx7x has agreed to open team sheets.\n|\n|t:|1776041761\n|teamsize|p1|4\n|teamsize|p2|4\n|start\n|switch|p1a: Aerodactyl|Aerodactyl, L50, F|100/100\n|switch|p1b: Conkeldurr|Conkeldurr, L50, M|100/100\n|switch|p2a: Golurk|Golurk, L50|100/100\n|switch|p2b: Sinistcha|Sinistcha, L50|100/100\n|-ability|p1a: Aerodactyl|Unnerve\n|turn|1\n|\n|t:|1776041784\n|detailschange|p2a: Golurk|Golurk-Mega, L50\n|-mega|p2a: Golurk|Golurk|Golurkite\n|move|p1a: Aerodactyl|Tailwind|p1a: Aerodactyl\n|-sidestart|p1: dragonryderx7x|move: Tailwind\n|move|p1b: Conkeldurr|Knock Off|p2b: Sinistcha\n|-supereffective|p2b: Sinistcha|1\n|-damage|p2b: Sinistcha|48/100\n|-enditem|p2b: Sinistcha|Occa Berry|[from] move: Knock Off|[of] p1b: Conkeldurr\n|move|p2b: Sinistcha|Reflect|p2b: Sinistcha\n|-sidestart|p2: Golurk365|Reflect\n|move|p2a: Golurk|Rock Slide|p1b: Conkeldurr|[spread] p1b\n|-miss|p2a: Golurk|p1a: Aerodactyl\n|-resisted|p1b: Conkeldurr|1\n|-damage|p1b: Conkeldurr|90/100\n|\n|-heal|p1b: Conkeldurr|96/100|[from] item: Leftovers\n|upkeep\n|turn|2\n|\n|t:|1776041803\n|switch|p1a: Starmie|Starmie, L50|100/100\n|move|p1b: Conkeldurr|Knock Off|p2a: Golurk\n|-supereffective|p2a: Golurk|1\n|-damage|p2a: Golurk|72/100\n|move|p2b: Sinistcha|Strength Sap|p1b: Conkeldurr\n|-unboost|p1b: Conkeldurr|atk|1\n|-heal|p2b: Sinistcha|100/100\n|move|p2a: Golurk|Ice Punch|p1a: Starmie\n|-resisted|p1a: Starmie|1\n|-damage|p1a: Starmie|77/100\n|\n|-heal|p1b: Conkeldurr|100/100|[from] item: Leftovers\n|upkeep\n|turn|3\n|\n|t:|1776041820\n|detailschange|p1a: Starmie|Starmie-Mega, L50\n|-mega|p1a: Starmie|Starmie|Starminite\n|move|p1b: Conkeldurr|Protect|p1b: Conkeldurr\n|-singleturn|p1b: Conkeldurr|Protect\n|move|p2b: Sinistcha|Rage Powder|p2b: Sinistcha\n|-singleturn|p2b: Sinistcha|move: Rage Powder\n|move|p1a: Starmie|Skill Swap|p2b: Sinistcha\n|-activate|p1a: Starmie|Skill Swap|Hospitality|Huge Power|[of] p2b: Sinistcha\n|move|p2a: Golurk|Headlong Rush|p1a: Starmie\n|-damage|p1a: Starmie|0 fnt\n|-unboost|p2a: Golurk|def|1\n|-unboost|p2a: Golurk|spd|1\n|faint|p1a: Starmie\n|\n|upkeep\n|\n|t:|1776041834\n|switch|p1a: Aerodactyl|Aerodactyl, L50, F|100/100\n|-ability|p1a: Aerodactyl|Unnerve\n|turn|4\n|\n|t:|1776041854\n|move|p1a: Aerodactyl|Dual Wingbeat|p2b: Sinistcha\n|-supereffective|p2b: Sinistcha|1\n|-damage|p2b: Sinistcha|84/100\n|-supereffective|p2b: Sinistcha|1\n|-damage|p2b: Sinistcha|65/100\n|-hitcount|p2b: Sinistcha|2\n|move|p1b: Conkeldurr|Knock Off|p2b: Sinistcha\n|-supereffective|p2b: Sinistcha|1\n|-damage|p2b: Sinistcha|50/100\n|move|p2b: Sinistcha|Matcha Gotcha|p1b: Conkeldurr|[spread] p1a,p1b\n|-damage|p1a: Aerodactyl|65/100\n|-heal|p2b: Sinistcha|67/100|[from] drain|[of] p1a: Aerodactyl\n|-damage|p1b: Conkeldurr|76/100\n|-heal|p2b: Sinistcha|82/100|[from] drain|[of] p1b: Conkeldurr\n|-status|p1b: Conkeldurr|brn\n|move|p2a: Golurk|Ice Punch|p1a: Aerodactyl\n|-supereffective|p1a: Aerodactyl|1\n|-damage|p1a: Aerodactyl|0 fnt\n|faint|p1a: Aerodactyl\n|\n|-heal|p1b: Conkeldurr|82/100 brn|[from] item: Leftovers\n|-damage|p1b: Conkeldurr|76/100 brn|[from] brn\n|-sideend|p1: dragonryderx7x|move: Tailwind\n|upkeep\n|\n|t:|1776041871\n|switch|p1a: Basculegion|Basculegion, L50, M|100/100\n|turn|5\n|\n|t:|1776041889\n|move|p2a: Golurk|Protect|p2a: Golurk\n|-singleturn|p2a: Golurk|Protect\n|move|p1b: Conkeldurr|Protect|p1b: Conkeldurr\n|-singleturn|p1b: Conkeldurr|Protect\n|move|p1a: Basculegion|Last Respects|p2b: Sinistcha\n|-supereffective|p2b: Sinistcha|1\n|-damage|p2b: Sinistcha|0 fnt\n|faint|p2b: Sinistcha\n|\n|-heal|p1b: Conkeldurr|82/100 brn|[from] item: Leftovers\n|-damage|p1b: Conkeldurr|76/100 brn|[from] brn\n|-sideend|p2: Golurk365|Reflect\n|upkeep\n|\n|t:|1776041905\n|switch|p2b: Arcanine|Arcanine-Hisui, L50, F|100/100\n|-ability|p2b: Arcanine|Intimidate|boost\n|-unboost|p1a: Basculegion|atk|1\n|-unboost|p1b: Conkeldurr|atk|1\n|turn|6\n|inactive|Golurk365 has 30 seconds left.\n|\n|t:|1776041932\n|switch|p2a: Tyranitar|Tyranitar, L50, M|100/100\n|-weather|Sandstorm|[from] ability: Sand Stream|[of] p2a: Tyranitar\n|move|p2b: Arcanine|Wild Charge|p1a: Basculegion\n|-supereffective|p1a: Basculegion|1\n|-damage|p1a: Basculegion|20/100\n|-damage|p2b: Arcanine|78/100|[from] Recoil\n|move|p1a: Basculegion|Waterfall|p2b: Arcanine\n|-supereffective|p2b: Arcanine|2\n|-damage|p2b: Arcanine|0 fnt\n|faint|p2b: Arcanine\n|-heal|p1a: Basculegion|29/100|[from] item: Shell Bell|[of] p2: Arcanine\n|move|p1b: Conkeldurr|Knock Off|p2a: Tyranitar\n|-resisted|p2a: Tyranitar|1\n|-damage|p2a: Tyranitar|97/100\n|-enditem|p2a: Tyranitar|White Herb|[from] move: Knock Off|[of] p1b: Conkeldurr\n|\n|-weather|Sandstorm|[upkeep]\n|-damage|p1a: Basculegion|23/100|[from] Sandstorm\n|-damage|p1b: Conkeldurr|70/100 brn|[from] Sandstorm\n|-heal|p1b: Conkeldurr|76/100 brn|[from] item: Leftovers\n|-damage|p1b: Conkeldurr|70/100 brn|[from] brn\n|upkeep\n|\n|t:|1776041939\n|switch|p2b: Golurk|Golurk-Mega, L50|72/100\n|turn|7\n|\n|t:|1776041957\n|move|p2b: Golurk|Protect|p2b: Golurk\n|-singleturn|p2b: Golurk|Protect\n|move|p1a: Basculegion|Waterfall|p2b: Golurk\n|-activate|p2b: Golurk|move: Protect\n|move|p2a: Tyranitar|Knock Off|p1a: Basculegion\n|-supereffective|p1a: Basculegion|1\n|-damage|p1a: Basculegion|0 fnt\n|-enditem|p1a: Basculegion|Shell Bell|[from] move: Knock Off|[of] p2a: Tyranitar\n|faint|p1a: Basculegion\n|move|p1b: Conkeldurr|Knock Off|p2b: Golurk\n|-activate|p2b: Golurk|move: Protect\n|\n|-weather|Sandstorm|[upkeep]\n|-damage|p1b: Conkeldurr|64/100 brn|[from] Sandstorm\n|-heal|p1b: Conkeldurr|70/100 brn|[from] item: Leftovers\n|-damage|p1b: Conkeldurr|64/100 brn|[from] brn\n|upkeep\n|turn|8\n|\n|t:|1776041973\n|move|p2a: Tyranitar|High Horsepower|p1b: Conkeldurr\n|-damage|p1b: Conkeldurr|30/100 brn\n|move|p2b: Golurk|Headlong Rush|p1b: Conkeldurr\n|-damage|p1b: Conkeldurr|0 fnt\n|-unboost|p2b: Golurk|def|1\n|-unboost|p2b: Golurk|spd|1\n|faint|p1b: Conkeldurr\n|\n|win|Golurk365\n|raw|dragonryderx7x's rating: 1078 &rarr; <strong>1058</strong><br />(-20 for losing)\n|raw|Golurk365's rating: 1105 &rarr; <strong>1128</strong><br />(+23 for winning)\n",
  "uploadtime": 1776041983,
  "views": 10,
  "formatid": "gen9championsvgc2026regma",
  "rating": 1058,
  "private": 0,
  "password": null
}