{
  "id": "gen9championsvgc2026regma-2582970131",
  "format": "[Gen 9 Champions] VGC 2026 Reg M-A",
  "players": [
    "megaswampert52",
    "shuangjiji"
  ],
  "log": "|j|\u2606megaswampert52\n|j|\u2606shuangjiji\n|t:|1776129510\n|gametype|doubles\n|player|p1|megaswampert52|leon|1312\n|player|p2|shuangjiji|101|1272\n|gen|9\n|tier|[Gen 9 Champions] VGC 2026 Reg M-A\n|rated|\n|rule|Species Clause: Limit one of each Pok\u00e9mon\n|rule|Item Clause: Limit 1 of each item\n|clearpoke\n|poke|p1|Charizard, L50, F|\n|poke|p1|Kingambit, L50, F|\n|poke|p1|Incineroar, L50, F|\n|poke|p1|Whimsicott, L50, F|\n|poke|p1|Garchomp, L50, F|\n|poke|p1|Dragapult, L50, M|\n|poke|p2|Gengar, L50, M|\n|poke|p2|Incineroar, L50, F|\n|poke|p2|Tyranitar, L50, M|\n|poke|p2|Sinistcha-Masterpiece, L50|\n|poke|p2|Kingambit, L50, M|\n|poke|p2|Kommo-o, L50, M|\n|teampreview|4\n|inactive|Battle timer is ON: inactive players will automatically lose when time's up. (requested by megaswampert52)\n|inactive|megaswampert52 has 60 seconds left.\n|inactive|megaswampert52 has 30 seconds left.\n|\n|t:|1776129586\n|teamsize|p1|4\n|teamsize|p2|4\n|start\n|switch|p1a: Whimsicott|Whimsicott, L50, F|100/100\n|switch|p1b: Dragapult|Dragapult, L50, M|100/100\n|switch|p2a: Gengar|Gengar, L50, M|100/100\n|switch|p2b: Incineroar|Incineroar, L50, F|100/100\n|-ability|p2b: Incineroar|Intimidate|boost\n|-unboost|p1a: Whimsicott|atk|1\n|-fail|p1b: Dragapult|unboost|[from] ability: Clear Body|[of] p1b: Dragapult\n|turn|1\n|inactive|megaswampert52 has 30 seconds left.\n|inactive|shuangjiji has 30 seconds left.\n|\n|t:|1776129618\n|detailschange|p2a: Gengar|Gengar-Mega, L50, M\n|-mega|p2a: Gengar|Gengar|Gengarite\n|move|p2b: Incineroar|Fake Out|p1a: Whimsicott\n|-damage|p1a: Whimsicott|88/100\n|cant|p1a: Whimsicott|flinch\n|move|p1b: Dragapult|U-turn|p2a: Gengar\n|-resisted|p2a: Gengar|2\n|-damage|p2a: Gengar|95/100\n|\n|t:|1776129625\n|switch|p1b: Garchomp|Garchomp, L50, F|100/100|[from] U-turn\n|move|p2a: Gengar|Shadow Ball|p1b: Garchomp\n|-damage|p1b: Garchomp|51/100\n|\n|upkeep\n|turn|2\n|\n|t:|1776129647\n|switch|p2a: Sinistcha|Sinistcha-Masterpiece, L50|100/100\n|move|p2b: Incineroar|Protect|p2b: Incineroar\n|-singleturn|p2b: Incineroar|Protect\n|move|p1a: Whimsicott|Tailwind|p1a: Whimsicott\n|-sidestart|p1: megaswampert52|move: Tailwind\n|move|p1b: Garchomp|Earthquake|p2b: Incineroar|[spread] p1a,p2a\n|-activate|p2b: Incineroar|move: Protect\n|-resisted|p1a: Whimsicott|1\n|-resisted|p2a: Sinistcha|1\n|-damage|p1a: Whimsicott|66/100\n|-damage|p2a: Sinistcha|82/100\n|-heal|p1b: Garchomp|56/100|[from] item: Shell Bell|[of] p2b: Incineroar\n|\n|upkeep\n|turn|3\n|inactive|megaswampert52 has 30 seconds left.\n|inactive|shuangjiji has 30 seconds left.\n|\n|t:|1776129676\n|switch|p2b: Gengar|Gengar-Mega, L50, M|95/100\n|move|p1a: Whimsicott|Protect|p1a: Whimsicott\n|-singleturn|p1a: Whimsicott|Protect\n|move|p1b: Garchomp|Rock Slide|p2b: Gengar|[spread] p2a,p2b\n|-damage|p2a: Sinistcha|65/100\n|-damage|p2b: Gengar|70/100\n|-heal|p1b: Garchomp|61/100|[from] item: Shell Bell|[of] p2b: Gengar\n|cant|p2a: Sinistcha|flinch\n|\n|upkeep\n|turn|4\n|inactive|shuangjiji has 30 seconds left.\n|\n|t:|1776129702\n|switch|p2a: Incineroar|Incineroar, L50, F|100/100\n|-ability|p2a: Incineroar|Intimidate|boost\n|-unboost|p1a: Whimsicott|atk|1\n|-unboost|p1b: Garchomp|atk|1\n|move|p1b: Garchomp|Earthquake|p2a: Incineroar|[spread] p1a,p2a,p2b\n|-resisted|p1a: Whimsicott|1\n|-supereffective|p2a: Incineroar|1\n|-enditem|p2a: Incineroar|Shuca Berry|[eat]\n|-enditem|p2a: Incineroar|Shuca Berry|[weaken]\n|-supereffective|p2b: Gengar|1\n|-damage|p1a: Whimsicott|52/100\n|-damage|p2a: Incineroar|79/100\n|-damage|p2b: Gengar|9/100\n|-heal|p1b: Garchomp|72/100|[from] item: Shell Bell|[of] p2b: Gengar\n|move|p1a: Whimsicott|Moonblast|p2a: Incineroar\n|-damage|p2a: Incineroar|53/100\n|move|p2b: Gengar|Perish Song|p2b: Gengar\n|-start|p1a: Whimsicott|perish3|[silent]\n|-start|p1b: Garchomp|perish3|[silent]\n|-start|p2a: Incineroar|perish3|[silent]\n|-start|p2b: Gengar|perish3|[silent]\n|-fieldactivate|move: Perish Song\n|\n|-start|p1b: Garchomp|perish3\n|-start|p1a: Whimsicott|perish3\n|-start|p2b: Gengar|perish3\n|-start|p2a: Incineroar|perish3\n|upkeep\n|turn|5\n|\n|t:|1776129725\n|move|p2b: Gengar|Protect|p2b: Gengar\n|-singleturn|p2b: Gengar|Protect\n|move|p2a: Incineroar|Protect|p2a: Incineroar\n|-singleturn|p2a: Incineroar|Protect\n|move|p1b: Garchomp|Earthquake|p2a: Incineroar|[spread] p1a\n|-activate|p2a: Incineroar|move: Protect\n|-activate|p2b: Gengar|move: Protect\n|-resisted|p1a: Whimsicott|1\n|-damage|p1a: Whimsicott|39/100\n|-heal|p1b: Garchomp|73/100|[from] item: Shell Bell|[of] p2b: Gengar\n|move|p1a: Whimsicott|Moonblast|p2b: Gengar\n|-activate|p2b: Gengar|move: Protect\n|\n|-start|p1b: Garchomp|perish2\n|-start|p1a: Whimsicott|perish2\n|-start|p2b: Gengar|perish2\n|-start|p2a: Incineroar|perish2\n|-sideend|p1: megaswampert52|move: Tailwind\n|upkeep\n|turn|6\n|inactive|shuangjiji has 30 seconds left.\n|\n|t:|1776129758\n|switch|p2b: Sinistcha|Sinistcha-Masterpiece, L50|65/100\n|-heal|p2a: Incineroar|78/100|[from] ability: Hospitality|[of] p2b: Sinistcha\n|move|p1a: Whimsicott|Tailwind|p1a: Whimsicott\n|-sidestart|p1: megaswampert52|move: Tailwind\n|move|p1b: Garchomp|Earthquake|p2a: Incineroar|[spread] p1a,p2a,p2b\n|-resisted|p1a: Whimsicott|1\n|-supereffective|p2a: Incineroar|1\n|-resisted|p2b: Sinistcha|1\n|-damage|p1a: Whimsicott|24/100\n|-damage|p2a: Incineroar|29/100\n|-damage|p2b: Sinistcha|54/100\n|-heal|p1b: Garchomp|82/100|[from] item: Shell Bell|[of] p2b: Sinistcha\n|move|p2a: Incineroar|Parting Shot|p2b: Sinistcha\n|-unboost|p2b: Sinistcha|atk|1\n|-unboost|p2b: Sinistcha|spa|1\n|\n|t:|1776129773\n|switch|p2a: Gengar|Gengar-Mega, L50, M|9/100|[from] Parting Shot\n|\n|-start|p1b: Garchomp|perish1\n|-start|p1a: Whimsicott|perish1\n|upkeep\n|turn|7\n|\n|t:|1776129782\n|move|p2a: Gengar|Protect|p2a: Gengar\n|-singleturn|p2a: Gengar|Protect\n|move|p1b: Garchomp|Dragon Claw|p2b: Sinistcha\n|-damage|p2b: Sinistcha|30/100\n|-enditem|p2b: Sinistcha|Sitrus Berry|[eat]\n|-heal|p2b: Sinistcha|55/100|[from] item: Sitrus Berry\n|-heal|p1b: Garchomp|85/100|[from] item: Shell Bell|[of] p2b: Sinistcha\n|move|p1a: Whimsicott|Moonblast|p2b: Sinistcha\n|-damage|p2b: Sinistcha|28/100\n|move|p2b: Sinistcha|Life Dew|p2b: Sinistcha|[spread] p2a,p2b\n|-heal|p2a: Gengar|34/100\n|-heal|p2b: Sinistcha|52/100\n|\n|-start|p1b: Garchomp|perish0\n|-start|p1a: Whimsicott|perish0\n|faint|p1b: Garchomp\n|faint|p1a: Whimsicott\n|upkeep\n|\n|t:|1776129796\n|switch|p1b: Dragapult|Dragapult, L50, M|100/100\n|switch|p1a: Charizard|Charizard, L50, F|100/100\n|turn|8\n|\n|t:|1776129820\n|move|p1a: Charizard|Protect|p1a: Charizard\n|-singleturn|p1a: Charizard|Protect\n|move|p2b: Sinistcha|Rage Powder|p2b: Sinistcha\n|-singleturn|p2b: Sinistcha|move: Rage Powder\n|move|p1b: Dragapult|Phantom Force||[still]\n|-prepare|p1b: Dragapult|Phantom Force\n|move|p2a: Gengar|Shadow Ball|p1b: Dragapult|[miss]\n|-miss|p2a: Gengar|p1b: Dragapult\n|\n|upkeep\n|turn|9\n|inactive|shuangjiji has 30 seconds left.\n|\n|t:|1776129848\n|detailschange|p1a: Charizard|Charizard-Mega-Y, L50, F\n|-mega|p1a: Charizard|Charizard|Charizardite Y\n|-weather|SunnyDay|[from] ability: Drought|[of] p1a: Charizard\n|move|p2b: Sinistcha|Protect|p2b: Sinistcha\n|-singleturn|p2b: Sinistcha|Protect\n|move|p1b: Dragapult|Phantom Force|p2a: Gengar|[from] lockedmove\n|-supereffective|p2a: Gengar|1\n|-damage|p2a: Gengar|0 fnt\n|faint|p2a: Gengar\n|move|p1a: Charizard|Heat Wave|p2b: Sinistcha\n|-activate|p2b: Sinistcha|move: Protect\n|\n|-weather|SunnyDay|[upkeep]\n|-sideend|p1: megaswampert52|move: Tailwind\n|upkeep\n|\n|t:|1776129864\n|switch|p2a: Tyranitar|Tyranitar, L50, M|100/100\n|-weather|Sandstorm|[from] ability: Sand Stream|[of] p2a: Tyranitar\n|turn|10\n|\n|t:|1776129877\n|switch|p2b: Incineroar|Incineroar, L50, F|29/100\n|-ability|p2b: Incineroar|Intimidate|boost\n|-unboost|p1a: Charizard|atk|1\n|-fail|p1b: Dragapult|unboost|[from] ability: Clear Body|[of] p1b: Dragapult\n|move|p1a: Charizard|Protect|p1a: Charizard\n|-singleturn|p1a: Charizard|Protect\n|move|p1b: Dragapult|Will-O-Wisp|p2a: Tyranitar\n|-status|p2a: Tyranitar|brn\n|move|p2a: Tyranitar|Rock Slide|p1a: Charizard|[spread] p1b\n|-activate|p1a: Charizard|move: Protect\n|-damage|p1b: Dragapult|79/100\n|\n|-weather|Sandstorm|[upkeep]\n|-damage|p1b: Dragapult|73/100|[from] Sandstorm\n|-damage|p1a: Charizard|95/100|[from] Sandstorm\n|-damage|p2b: Incineroar|23/100|[from] Sandstorm\n|-damage|p2a: Tyranitar|94/100 brn|[from] brn\n|upkeep\n|turn|11\n|\n|t:|1776129899\n|move|p2b: Incineroar|Fake Out|p1a: Charizard\n|-damage|p1a: Charizard|80/100\n|move|p1b: Dragapult|Dragon Darts|p2b: Incineroar\n|-damage|p2b: Incineroar|0 fnt\n|-anim|p1b: Dragapult|Dragon Darts|p2a: Tyranitar\n|-damage|p2a: Tyranitar|71/100 brn\n|faint|p2b: Incineroar\n|move|p2a: Tyranitar|Rock Slide|p1b: Dragapult|[spread] p1a,p1b\n|-supereffective|p1a: Charizard|2\n|-damage|p1a: Charizard|0 fnt\n|-damage|p1b: Dragapult|51/100\n|faint|p1a: Charizard\n|\n|-weather|Sandstorm|[upkeep]\n|-damage|p1b: Dragapult|45/100|[from] Sandstorm\n|-damage|p2a: Tyranitar|64/100 brn|[from] brn\n|upkeep\n|\n|t:|1776129916\n|switch|p2b: Sinistcha|Sinistcha-Masterpiece, L50|52/100\n|-heal|p2a: Tyranitar|89/100 brn|[from] ability: Hospitality|[of] p2b: Sinistcha\n|turn|12\n|\n|t:|1776129923\n|move|p1b: Dragapult|Phantom Force||[still]\n|-prepare|p1b: Dragapult|Phantom Force\n|move|p2a: Tyranitar|Rock Slide|p1b: Dragapult|[miss]\n|-miss|p2a: Tyranitar|p1b: Dragapult\n|move|p2b: Sinistcha|Life Dew|p2b: Sinistcha|[spread] p2a,p2b\n|-heal|p2a: Tyranitar|100/100 brn\n|-heal|p2b: Sinistcha|77/100\n|\n|-weather|Sandstorm|[upkeep]\n|-damage|p1b: Dragapult|39/100|[from] Sandstorm\n|-damage|p2b: Sinistcha|71/100|[from] Sandstorm\n|-damage|p2a: Tyranitar|94/100 brn|[from] brn\n|upkeep\n|turn|13\n|\n|t:|1776129937\n|move|p2b: Sinistcha|Protect|p2b: Sinistcha\n|-singleturn|p2b: Sinistcha|Protect\n|move|p1b: Dragapult|Phantom Force|p2b: Sinistcha|[from] lockedmove\n|-activate|p2b: Sinistcha|move: Phantom Force|[broken]\n|-supereffective|p2b: Sinistcha|1\n|-damage|p2b: Sinistcha|0 fnt\n|faint|p2b: Sinistcha\n|move|p2a: Tyranitar|Rock Slide|p1b: Dragapult|[miss]\n|-miss|p2a: Tyranitar|p1b: Dragapult\n|\n|-weather|Sandstorm|[upkeep]\n|-damage|p1b: Dragapult|33/100|[from] Sandstorm\n|-damage|p2a: Tyranitar|88/100 brn|[from] brn\n|upkeep\n|turn|14\n|\n|t:|1776129952\n|move|p1b: Dragapult|Dragon Darts|p2a: Tyranitar\n|-damage|p2a: Tyranitar|64/100 brn\n|-anim|p1b: Dragapult|Dragon Darts|p2a: Tyranitar\n|-crit|p2a: Tyranitar\n|-damage|p2a: Tyranitar|29/100 brn\n|move|p2a: Tyranitar|Rock Slide|p1b: Dragapult\n|-damage|p1b: Dragapult|4/100\n|\n|-weather|none\n|-damage|p2a: Tyranitar|23/100 brn|[from] brn\n|upkeep\n|turn|15\n|\n|t:|1776129964\n|move|p1b: Dragapult|Dragon Darts|p2a: Tyranitar\n|-crit|p2a: Tyranitar\n|-damage|p2a: Tyranitar|0 fnt\n|faint|p2a: Tyranitar\n|\n|win|megaswampert52\n|raw|megaswampert52's rating: 1312 &rarr; <strong>1330</strong><br />(+18 for winning)\n|raw|shuangjiji's rating: 1272 &rarr; <strong>1250</strong><br />(-22 for losing)\n|l|\u2606shuangjiji\n|player|p2|\n",
  "uploadtime": 1776130070,
  "views": 32,
  "formatid": "gen9championsvgc2026regma",
  "rating": 1250,
  "private": 0,
  "password": null
}