{
  "id": "gen9championsvgc2026regma-2589428766",
  "format": "[Gen 9 Champions] VGC 2026 Reg M-A",
  "players": [
    "underlinegui",
    "bobovile"
  ],
  "log": "|j|\u2606underlinegui\n|j|\u2606bobovile\n|t:|1776722166\n|gametype|doubles\n|player|p1|underlinegui|2|1464\n|player|p2|bobovile|ruinmaniac|1385\n|gen|9\n|tier|[Gen 9 Champions] VGC 2026 Reg M-A\n|rated|\n|rule|Species Clause: Limit one of each Pok\u00e9mon\n|rule|Item Clause: Limit 1 of each item\n|clearpoke\n|poke|p1|Meganium, L50, F, shiny|\n|poke|p1|Sableye, L50, F, shiny|\n|poke|p1|Archaludon, L50, F|\n|poke|p1|Basculegion, L50, M|\n|poke|p1|Pelipper, L50, F|\n|poke|p1|Sneasler, L50, M|\n|poke|p2|Tyranitar, L50, M|\n|poke|p2|Sinistcha, L50|\n|poke|p2|Farigiraf, L50, F|\n|poke|p2|Meowscarada, L50, F|\n|poke|p2|Mudsdale, L50, M|\n|poke|p2|Charizard, L50, M|\n|teampreview|4\n|inactive|Battle timer is ON: inactive players will automatically lose when time's up. (requested by underlinegui)\n|inactive|underlinegui has 60 seconds left.\n|inactive|bobovile has 60 seconds left.\n|\n|t:|1776722223\n|teamsize|p1|4\n|teamsize|p2|4\n|start\n|switch|p1a: Sableye|Sableye, L50, F, shiny|100/100\n|switch|p1b: Archaludon|Archaludon, L50, F|100/100\n|switch|p2a: Meowscarada|Meowscarada, L50, F|100/100\n|switch|p2b: Farigiraf|Farigiraf, L50, F|100/100\n|turn|1\n|\n|t:|1776722247\n|move|p1a: Sableye|Rain Dance|p1a: Sableye\n|-weather|RainDance\n|move|p2a: Meowscarada|U-turn|p1a: Sableye\n|-start|p2a: Meowscarada|typechange|Bug|[from] ability: Protean\n|-damage|p1a: Sableye|55/100\n|\n|t:|1776722259\n|switch|p2a: Mudsdale|Mudsdale, L50, M|100/100|[from] U-turn\n|move|p1b: Archaludon|Electro Shot||[still]\n|-prepare|p1b: Archaludon|Electro Shot\n|-boost|p1b: Archaludon|spa|1\n|-anim|p1b: Archaludon|Electro Shot|p2b: Farigiraf\n|-damage|p2b: Farigiraf|43/100\n|move|p2b: Farigiraf|Trick Room|p2b: Farigiraf\n|-fieldstart|move: Trick Room|[of] p2b: Farigiraf\n|\n|-weather|RainDance|[upkeep]\n|upkeep\n|turn|2\n|inactive|underlinegui has 30 seconds left.\n|\n|t:|1776722290\n|move|p2b: Farigiraf|Protect|p2b: Farigiraf\n|-singleturn|p2b: Farigiraf|Protect\n|move|p1a: Sableye|Light Screen|p1a: Sableye\n|-sidestart|p1: underlinegui|move: Light Screen\n|move|p2a: Mudsdale|Earthquake|p1a: Sableye|[spread] p1a,p1b\n|-activate|p2b: Farigiraf|move: Protect\n|-supereffective|p1b: Archaludon|1\n|-damage|p1a: Sableye|0 fnt\n|-damage|p1b: Archaludon|27/100\n|-ability|p1b: Archaludon|Stamina|boost\n|-boost|p1b: Archaludon|def|1\n|-enditem|p1b: Archaludon|Sitrus Berry|[eat]\n|-heal|p1b: Archaludon|52/100|[from] item: Sitrus Berry\n|faint|p1a: Sableye\n|move|p1b: Archaludon|Electro Shot||[still]\n|-prepare|p1b: Archaludon|Electro Shot\n|-boost|p1b: Archaludon|spa|1\n|-anim|p1b: Archaludon|Electro Shot|p2b: Farigiraf\n|-activate|p2b: Farigiraf|move: Protect\n|\n|-weather|RainDance|[upkeep]\n|upkeep\n|inactive|underlinegui has 30 seconds left.\n|\n|t:|1776722316\n|switch|p1a: Mega^2nium|Meganium, L50, F, shiny|100/100\n|turn|3\n|inactive|bobovile has 30 seconds left.\n|inactive|bobovile has 20 seconds left.\n|\n|t:|1776722355\n|switch|p2b: Tyranitar|Tyranitar, L50, M|100/100\n|-weather|Sandstorm|[from] ability: Sand Stream|[of] p2b: Tyranitar\n|detailschange|p1a: Mega^2nium|Meganium-Mega, L50, F, shiny\n|-mega|p1a: Mega^2nium|Meganium|Meganiumite\n|move|p2a: Mudsdale|Protect|p2a: Mudsdale\n|-singleturn|p2a: Mudsdale|Protect\n|move|p1b: Archaludon|Protect|p1b: Archaludon\n|-singleturn|p1b: Archaludon|Protect\n|move|p1a: Mega^2nium|Solar Beam||[still]\n|-prepare|p1a: Mega^2nium|Solar Beam\n|-activate|p1a: Mega^2nium|ability: Mega Sol\n|-anim|p1a: Mega^2nium|Solar Beam|p2b: Tyranitar\n|-supereffective|p2b: Tyranitar|1\n|-damage|p2b: Tyranitar|0 fnt\n|faint|p2b: Tyranitar\n|\n|-weather|Sandstorm|[upkeep]\n|-damage|p1a: Mega^2nium|95/100|[from] Sandstorm\n|upkeep\n|\n|t:|1776722372\n|switch|p2b: Farigiraf|Farigiraf, L50, F|43/100\n|turn|4\n|\n|t:|1776722389\n|switch|p1b: Pelipper|Pelipper, L50, F|100/100\n|-weather|RainDance|[from] ability: Drizzle|[of] p1b: Pelipper\n|move|p2a: Mudsdale|High Horsepower|p1b: Pelipper\n|-immune|p1b: Pelipper\n|move|p2b: Farigiraf|Hyper Voice|p1b: Pelipper|[spread] p1a,p1b\n|-damage|p1a: Mega^2nium|76/100\n|-damage|p1b: Pelipper|68/100\n|move|p1a: Mega^2nium|Solar Beam||[still]\n|-prepare|p1a: Mega^2nium|Solar Beam\n|-activate|p1a: Mega^2nium|ability: Mega Sol\n|-anim|p1a: Mega^2nium|Solar Beam|p2a: Mudsdale\n|-supereffective|p2a: Mudsdale|1\n|-damage|p2a: Mudsdale|0 fnt\n|faint|p2a: Mudsdale\n|\n|-weather|RainDance|[upkeep]\n|upkeep\n|\n|t:|1776722405\n|switch|p2a: Meowscarada|Meowscarada, L50, F|100/100\n|turn|5\n|\n|t:|1776722419\n|move|p2b: Farigiraf|Hyper Voice|p1b: Pelipper|[spread] p1a,p1b\n|-damage|p1a: Mega^2nium|58/100\n|-damage|p1b: Pelipper|33/100\n|move|p1a: Mega^2nium|Weather Ball|p2a: Meowscarada\n|-supereffective|p2a: Meowscarada|1\n|-damage|p2a: Meowscarada|0 fnt\n|faint|p2a: Meowscarada\n|move|p1b: Pelipper|Tailwind|p1b: Pelipper\n|-sidestart|p1: underlinegui|move: Tailwind\n|\n|-weather|RainDance|[upkeep]\n|-fieldend|move: Trick Room\n|upkeep\n|turn|6\n|\n|t:|1776722433\n|move|p1b: Pelipper|Hurricane|p2b: Farigiraf\n|-damage|p2b: Farigiraf|0 fnt\n|faint|p2b: Farigiraf\n|\n|win|underlinegui\n|raw|underlinegui's rating: 1464 &rarr; <strong>1480</strong><br />(+16 for winning)\n|raw|bobovile's rating: 1385 &rarr; <strong>1369</strong><br />(-16 for losing)\n|l|\u2606bobovile\n|player|p2|\n",
  "uploadtime": 1776723199,
  "views": 9,
  "formatid": "gen9championsvgc2026regma",
  "rating": 1369,
  "private": 0,
  "password": null
}