{
  "id": "gen9championsvgc2026regma-2583986965",
  "format": "[Gen 9 Champions] VGC 2026 Reg M-A",
  "players": [
    "sisi1",
    "Jackkearon"
  ],
  "log": "|j|\u2606sisi1\n|j|\u2606Jackkearon\n|t:|1776214390\n|gametype|doubles\n|player|p1|sisi1|dawn|1076\n|player|p2|Jackkearon|266|1020\n|gen|9\n|tier|[Gen 9 Champions] VGC 2026 Reg M-A\n|rated|\n|rule|Species Clause: Limit one of each Pok\u00e9mon\n|rule|Item Clause: Limit 1 of each item\n|clearpoke\n|poke|p1|Maushold, L50|\n|poke|p1|Meowstic, L50, M|\n|poke|p1|Talonflame, L50, M|\n|poke|p1|Gallade, L50, M|\n|poke|p1|Alakazam, L50, M|\n|poke|p1|Ninetales-Alola, L50, F|\n|poke|p2|Volcarona, L50, F|\n|poke|p2|Milotic, L50, M|\n|poke|p2|Sinistcha, L50|\n|poke|p2|Aerodactyl, L50, F|\n|poke|p2|Heracross, L50, F|\n|poke|p2|Goodra-Hisui, L50, M|\n|teampreview|4\n|inactive|Battle timer is ON: inactive players will automatically lose when time's up. (requested by Jackkearon)\n|\n|t:|1776214427\n|teamsize|p1|4\n|teamsize|p2|4\n|start\n|switch|p1a: Talonflame|Talonflame, L50, M|100/100\n|switch|p1b: Gallade|Gallade, L50, M|100/100\n|switch|p2a: Aerodactyl|Aerodactyl, L50, F|100/100\n|switch|p2b: Heracross|Heracross, L50, F|100/100\n|-ability|p2a: Aerodactyl|Unnerve\n|turn|1\n|\n|t:|1776214451\n|detailschange|p2b: Heracross|Heracross-Mega, L50, F\n|-mega|p2b: Heracross|Heracross|Heracronite\n|move|p2b: Heracross|Protect|p2b: Heracross\n|-singleturn|p2b: Heracross|Protect\n|move|p1a: Talonflame|Tailwind|p1a: Talonflame\n|-sidestart|p1: sisi1|move: Tailwind\n|move|p1b: Gallade|Psycho Cut|p2b: Heracross\n|-activate|p2b: Heracross|move: Protect\n|move|p2a: Aerodactyl|Tailwind|p2a: Aerodactyl\n|-sidestart|p2: Jackkearon|move: Tailwind\n|\n|upkeep\n|turn|2\n|\n|t:|1776214469\n|move|p1a: Talonflame|Brave Bird|p2b: Heracross\n|-supereffective|p2b: Heracross|2\n|-damage|p2b: Heracross|0 fnt\n|faint|p2b: Heracross\n|-damage|p1a: Talonflame|67/100|[from] Recoil\n|move|p2a: Aerodactyl|Rock Slide|p1a: Talonflame|[spread] p1a,p1b\n|-supereffective|p1a: Talonflame|2\n|-resisted|p1b: Gallade|1\n|-damage|p1a: Talonflame|0 fnt\n|-damage|p1b: Gallade|84/100\n|faint|p1a: Talonflame\n|move|p1b: Gallade|Psycho Cut|p2a: Aerodactyl\n|-damage|p2a: Aerodactyl|8/100\n|\n|upkeep\n|\n|t:|1776214490\n|switch|p1a: Meowstic|Meowstic, L50, M|100/100\n|switch|p2b: Milotic|Milotic, L50, M|100/100\n|turn|3\n|\n|t:|1776214503\n|move|p1a: Meowstic|Fake Out|p2a: Aerodactyl\n|-resisted|p2a: Aerodactyl|1\n|-damage|p2a: Aerodactyl|4/100\n|cant|p2a: Aerodactyl|flinch\n|move|p1b: Gallade|Psycho Cut|p2b: Milotic\n|-damage|p2b: Milotic|40/100\n|move|p2b: Milotic|Muddy Water|p1b: Gallade|[spread] p1a,p1b\n|-damage|p1a: Meowstic|70/100\n|-damage|p1b: Gallade|52/100\n|-unboost|p1a: Meowstic|accuracy|1\n|\n|-heal|p2b: Milotic|46/100|[from] item: Leftovers\n|upkeep\n|turn|4\n|\n|t:|1776214520\n|move|p2b: Milotic|Protect|p2b: Milotic\n|-singleturn|p2b: Milotic|Protect\n|move|p1b: Gallade|Wide Guard|p1b: Gallade\n|-singleturn|p1b: Gallade|Wide Guard\n|move|p1a: Meowstic|Psychic Terrain|p1a: Meowstic\n|-fieldstart|move: Psychic Terrain\n|move|p2a: Aerodactyl|Dual Wingbeat|p1b: Gallade\n|-supereffective|p1b: Gallade|1\n|-damage|p1b: Gallade|6/100\n|-supereffective|p1b: Gallade|1\n|-damage|p1b: Gallade|0 fnt\n|faint|p1b: Gallade\n|-hitcount|p1: Gallade|2\n|\n|-heal|p2b: Milotic|51/100|[from] item: Leftovers\n|-sideend|p2: Jackkearon|move: Tailwind\n|-sideend|p1: sisi1|move: Tailwind\n|upkeep\n|\n|t:|1776214533\n|switch|p1b: Alakazam|Alakazam, L50, M|100/100\n|turn|5\n|\n|t:|1776214554\n|detailschange|p1b: Alakazam|Alakazam-Mega, L50, M\n|-mega|p1b: Alakazam|Alakazam|Alakazite\n|-ability|p1b: Alakazam|Competitive|Trace|[from] ability: Trace|[of] p2b: Milotic\n|move|p1a: Meowstic|Helping Hand|p1b: Alakazam\n|-singleturn|p1b: Alakazam|Helping Hand|[of] p1a: Meowstic\n|move|p1b: Alakazam|Expanding Force|p2a: Aerodactyl|[spread] p2a,p2b\n|-damage|p2a: Aerodactyl|0 fnt\n|-damage|p2b: Milotic|0 fnt\n|faint|p2a: Aerodactyl\n|faint|p2b: Milotic\n|\n|upkeep\n|\n|t:|1776214568\n|switch|p2b: Goodra|Goodra-Hisui, L50, M|100/100\n|turn|6\n|\n|t:|1776214578\n|move|p1a: Meowstic|Gravity|p1a: Meowstic\n|-fieldstart|move: Gravity\n|move|p1b: Alakazam|Focus Blast|p2b: Goodra\n|-supereffective|p2b: Goodra|1\n|-damage|p2b: Goodra|20/100\n|move|p2b: Goodra|Flash Cannon|p1b: Alakazam\n|-damage|p1b: Alakazam|47/100\n|\n|upkeep\n|turn|7\n|\n|t:|1776214589\n|move|p1a: Meowstic|Helping Hand|p1b: Alakazam\n|-singleturn|p1b: Alakazam|Helping Hand|[of] p1a: Meowstic\n|move|p1b: Alakazam|Focus Blast|p2b: Goodra\n|-supereffective|p2b: Goodra|1\n|-damage|p2b: Goodra|0 fnt\n|faint|p2b: Goodra\n|\n|win|sisi1\n|raw|sisi1's rating: 1076 &rarr; <strong>1100</strong><br />(+24 for winning)\n|raw|Jackkearon's rating: 1020 &rarr; <strong>1009</strong><br />(-11 for losing)\n|l|\u2606Jackkearon\n|player|p2|\n",
  "uploadtime": 1776214617,
  "views": 16,
  "formatid": "gen9championsvgc2026regma",
  "rating": 1009,
  "private": 0,
  "password": null
}