{
  "id": "gen9championsvgc2026regma-2584232763",
  "format": "[Gen 9 Champions] VGC 2026 Reg M-A",
  "players": [
    "KuroiRyu1122",
    "adolfoph13"
  ],
  "log": "|j|\u2606KuroiRyu1122\n|j|\u2606adolfoph13\n|t:|1776241224\n|gametype|doubles\n|player|p1|KuroiRyu1122|170|1162\n|player|p2|adolfoph13|266|1240\n|gen|9\n|tier|[Gen 9 Champions] VGC 2026 Reg M-A\n|rated|\n|rule|Species Clause: Limit one of each Pok\u00e9mon\n|rule|Item Clause: Limit 1 of each item\n|clearpoke\n|poke|p1|Skarmory, L50, M|\n|poke|p1|Sneasler, L50, M|\n|poke|p1|Sableye, L50, M|\n|poke|p1|Garchomp, L50, M|\n|poke|p1|Sinistcha, L50|\n|poke|p1|Floette-Eternal, L50, F|\n|poke|p2|Feraligatr, L50, F|\n|poke|p2|Sneasler, L50, M|\n|poke|p2|Pelipper, L50, F|\n|poke|p2|Archaludon, L50, F|\n|poke|p2|Dragonite, L50, M|\n|poke|p2|Basculegion, L50, M|\n|teampreview|4\n|inactive|Battle timer is ON: inactive players will automatically lose when time's up. (requested by KuroiRyu1122)\nadolfoph13 has agreed to open team sheets.\n|inactive|KuroiRyu1122 has 60 seconds left.\n|c|\u2606adolfoph13|gl hf\n|c|\u2606KuroiRyu1122|glhf\n|\n|t:|1776241276\n|teamsize|p1|4\n|teamsize|p2|4\n|start\n|switch|p1a: Sableye|Sableye, L50, M, shiny|100/100\n|switch|p1b: Floette|Floette-Eternal, L50, F, shiny|100/100\n|switch|p2a: Sneasler|Sneasler, L50, M|100/100\n|switch|p2b: Pelipper|Pelipper, L50, F|100/100\n|-weather|RainDance|[from] ability: Drizzle|[of] p2b: Pelipper\n|turn|1\n|\n|t:|1776241297\n|move|p1b: Floette|Protect|p1b: Floette\n|-singleturn|p1b: Floette|Protect\n|move|p2a: Sneasler|Fake Out|p1b: Floette\n|-activate|p1b: Floette|move: Protect\n|move|p1a: Sableye|Taunt|p2b: Pelipper\n|-start|p2b: Pelipper|move: Taunt\n|cant|p2b: Pelipper|move: Taunt|Tailwind\n|\n|-weather|RainDance|[upkeep]\n|upkeep\n|turn|2\n|\n|t:|1776241320\n|detailschange|p1b: Floette|Floette-Mega, L50, F, shiny\n|-mega|p1b: Floette|Floette|Floettite\n|-ability|p1b: Floette|Fairy Aura\n|move|p1a: Sableye|Quash|p2a: Sneasler\n|-activate|p2a: Sneasler|move: Quash\n|move|p1b: Floette|Moonblast|p2a: Sneasler\n|-damage|p2a: Sneasler|8/100\n|move|p2b: Pelipper|Hurricane|p1b: Floette\n|-damage|p1b: Floette|55/100\n|move|p2a: Sneasler|Dire Claw|p1b: Floette\n|-supereffective|p1b: Floette|1\n|-damage|p1b: Floette|0 fnt\n|faint|p1b: Floette\n|\n|-weather|RainDance|[upkeep]\n|upkeep\n|c|\u2606KuroiRyu1122|dang\n|\n|t:|1776241335\n|switch|p1b: Garchomp|Garchomp, L50, M, shiny|100/100\n|turn|3\n|-activate|p1b: Garchomp|item: Quick Claw\n|\n|t:|1776241353\n|move|p2a: Sneasler|Protect|p2a: Sneasler\n|-singleturn|p2a: Sneasler|Protect\n|move|p1a: Sableye|Quash|p2a: Sneasler\n|-activate|p2a: Sneasler|move: Protect\n|move|p1b: Garchomp|Rock Slide|p2b: Pelipper|[spread] p2b\n|-activate|p2a: Sneasler|move: Protect\n|-supereffective|p2b: Pelipper|1\n|-damage|p2b: Pelipper|46/100\n|move|p2b: Pelipper|Hurricane|p1b: Garchomp\n|-damage|p1b: Garchomp|40/100\n|\n|-weather|RainDance|[upkeep]\n|-end|p2b: Pelipper|move: Taunt\n|upkeep\n|turn|4\n|inactive|adolfoph13 has 30 seconds left.\n|-activate|p1b: Garchomp|item: Quick Claw\n|\n|t:|1776241384\n|move|p1a: Sableye|Quash|p2a: Sneasler\n|-activate|p2a: Sneasler|move: Quash\n|move|p1b: Garchomp|Rock Slide|p2a: Sneasler|[spread] p2a,p2b\n|-resisted|p2a: Sneasler|1\n|-supereffective|p2b: Pelipper|1\n|-damage|p2a: Sneasler|0 fnt\n|-damage|p2b: Pelipper|0 fnt\n|faint|p2a: Sneasler\n|faint|p2b: Pelipper\n|\n|-weather|RainDance|[upkeep]\n|upkeep\n|\n|t:|1776241391\n|switch|p2a: Feraligatr|Feraligatr, L50, F|100/100\n|switch|p2b: Archaludon|Archaludon, L50, F|100/100\n|turn|5\n|inactive|KuroiRyu1122 has 30 seconds left.\n|inactive|KuroiRyu1122 has 20 seconds left.\n|inactive|adolfoph13 has 30 seconds left.\n|inactive|adolfoph13 has 20 seconds left.\n|\n|t:|1776241442\n|detailschange|p2a: Feraligatr|Feraligatr-Mega, L50, F\n|-mega|p2a: Feraligatr|Feraligatr|Feraligite\n|move|p1b: Garchomp|Protect|p1b: Garchomp\n|-singleturn|p1b: Garchomp|Protect\n|move|p1a: Sableye|Taunt|p2a: Feraligatr\n|-start|p2a: Feraligatr|move: Taunt\n|move|p2b: Archaludon|Draco Meteor|p1b: Garchomp\n|-activate|p1b: Garchomp|move: Protect\n|cant|p2a: Feraligatr|move: Taunt|Swords Dance\n|\n|-weather|none\n|upkeep\n|turn|6\n|inactive|KuroiRyu1122 has 30 seconds left.\n|\n|t:|1776241473\n|switch|p1a: Sinistcha|Sinistcha, L50, shiny|100/100\n|-heal|p1b: Garchomp|65/100|[from] ability: Hospitality|[of] p1a: Sinistcha\n|move|p1b: Garchomp|Earthquake|p2a: Feraligatr|[spread] p1a,p2a,p2b\n|-resisted|p1a: Sinistcha|1\n|-supereffective|p2b: Archaludon|1\n|-damage|p1a: Sinistcha|84/100\n|-damage|p2a: Feraligatr|65/100\n|-damage|p2b: Archaludon|28/100\n|-ability|p2b: Archaludon|Stamina|boost\n|-boost|p2b: Archaludon|def|1\n|move|p2b: Archaludon|Electro Shot||[still]\n|-prepare|p2b: Archaludon|Electro Shot\n|-boost|p2b: Archaludon|spa|1\n|move|p2a: Feraligatr|Liquidation|p1b: Garchomp\n|-damage|p1b: Garchomp|3/100\n|-damage|p2a: Feraligatr|53/100|[from] ability: Rough Skin|[of] p1b: Garchomp\n|\n|-heal|p2b: Archaludon|34/100|[from] item: Leftovers\n|upkeep\n|turn|7\n|c|\u2606KuroiRyu1122|ggwp\n|inactive|adolfoph13 has 30 seconds left.\n|\n|t:|1776241500\n|move|p1a: Sinistcha|Rage Powder|p1a: Sinistcha\n|-singleturn|p1a: Sinistcha|move: Rage Powder\n|move|p2a: Feraligatr|Aqua Jet|p1a: Sinistcha\n|-resisted|p1a: Sinistcha|1\n|-damage|p1a: Sinistcha|73/100\n|move|p1b: Garchomp|Earthquake|p2b: Archaludon|[spread] p1a,p2a,p2b\n|-resisted|p1a: Sinistcha|1\n|-supereffective|p2b: Archaludon|1\n|-damage|p1a: Sinistcha|57/100\n|-damage|p2a: Feraligatr|15/100\n|-damage|p2b: Archaludon|0 fnt\n|faint|p2b: Archaludon\n|\n|-end|p2a: Feraligatr|move: Taunt\n|upkeep\n|turn|8\n|inactive|adolfoph13 has 30 seconds left.\n|inactive|adolfoph13 has 20 seconds left.\n|inactive|adolfoph13 has 15 seconds left.\n|-activate|p1b: Garchomp|item: Quick Claw\n|\n|t:|1776241544\n|move|p1a: Sinistcha|Rage Powder|p1a: Sinistcha\n|-singleturn|p1a: Sinistcha|move: Rage Powder\n|move|p1b: Garchomp|Dragon Claw|p2a: Feraligatr\n|-supereffective|p2a: Feraligatr|1\n|-damage|p2a: Feraligatr|0 fnt\n|faint|p2a: Feraligatr\n|\n|win|KuroiRyu1122\n|raw|KuroiRyu1122's rating: 1162 &rarr; <strong>1193</strong><br />(+31 for winning)\n|raw|adolfoph13's rating: 1240 &rarr; <strong>1209</strong><br />(-31 for losing)\n|l|\u2606adolfoph13\n|player|p2|\n",
  "uploadtime": 1776241554,
  "views": 18,
  "formatid": "gen9championsvgc2026regma",
  "rating": 1193,
  "private": 0,
  "password": null
}