{
  "id": "gen9championsvgc2026regma-2581996614",
  "format": "[Gen 9 Champions] VGC 2026 Reg M-A",
  "players": [
    "elgra",
    "overtrow"
  ],
  "log": "|j|\u2606elgra\n|j|\u2606overtrow\n|t:|1776046766\n|gametype|doubles\n|player|p1|elgra|proton|1141\n|player|p2|overtrow|265|1050\n|gen|9\n|tier|[Gen 9 Champions] VGC 2026 Reg M-A\n|rated|\n|rule|Species Clause: Limit one of each Pok\u00e9mon\n|rule|Item Clause: Limit 1 of each item\n|clearpoke\n|poke|p1|Klefki, L50, M|\n|poke|p1|Pelipper, L50, M|\n|poke|p1|Gengar, L50, M|\n|poke|p1|Archaludon, L50, M|\n|poke|p1|Garchomp, L50, M|\n|poke|p1|Rotom-Heat, L50|\n|poke|p2|Politoed, L50, M|\n|poke|p2|Sylveon, L50, M|\n|poke|p2|Meowstic, L50, M|\n|poke|p2|Flapple, L50, F|\n|poke|p2|Gengar, L50, F|\n|poke|p2|Tyranitar, L50, M|\n|teampreview|4\n|\n|t:|1776046796\n|teamsize|p1|4\n|teamsize|p2|4\n|start\n|switch|p1a: Klefki|Klefki, L50, M|100/100\n|switch|p1b: Gengar|Gengar, L50, M|100/100\n|switch|p2a: Meowstic|Meowstic, L50, M|100/100\n|switch|p2b: Tyranitar|Tyranitar, L50, M|100/100\n|-weather|Sandstorm|[from] ability: Sand Stream|[of] p2b: Tyranitar\n|turn|1\n|\n|t:|1776046819\n|switch|p1b: Pelipper|Pelipper, L50, M|100/100\n|-weather|RainDance|[from] ability: Drizzle|[of] p1b: Pelipper\n|move|p2a: Meowstic|Gravity|p2a: Meowstic\n|-fieldstart|move: Gravity\n|move|p1a: Klefki|Thunder Wave|p2a: Meowstic\n|-status|p2a: Meowstic|par\n|move|p2b: Tyranitar|Dragon Dance|p2b: Tyranitar\n|-boost|p2b: Tyranitar|atk|1\n|-boost|p2b: Tyranitar|spe|1\n|\n|-weather|RainDance|[upkeep]\n|upkeep\n|turn|2\n|\n|t:|1776046857\n|detailschange|p2b: Tyranitar|Tyranitar-Mega, L50, M\n|-mega|p2b: Tyranitar|Tyranitar|Tyranitarite\n|-weather|Sandstorm|[from] ability: Sand Stream|[of] p2b: Tyranitar\n|cant|p2a: Meowstic|par\n|move|p1a: Klefki|Reflect|p1a: Klefki\n|-sidestart|p1: elgra|Reflect\n|move|p2b: Tyranitar|Earthquake|p1a: Klefki|[spread] p2a,p1a,p1b\n|-supereffective|p1a: Klefki|1\n|-damage|p2a: Meowstic|53/100 par\n|-damage|p1a: Klefki|48/100\n|-damage|p1b: Pelipper|69/100\n|move|p1b: Pelipper|Tailwind|p1b: Pelipper\n|-sidestart|p1: elgra|move: Tailwind\n|\n|-weather|Sandstorm|[upkeep]\n|-damage|p1b: Pelipper|63/100|[from] Sandstorm\n|-damage|p2a: Meowstic|47/100 par|[from] Sandstorm\n|upkeep\n|turn|3\n|\n|t:|1776046883\n|move|p1b: Pelipper|Hurricane|p2b: Tyranitar\n|-resisted|p2b: Tyranitar|1\n|-damage|p2b: Tyranitar|87/100\n|-start|p2b: Tyranitar|confusion\n|move|p1a: Klefki|Foul Play|p2b: Tyranitar\n|-resisted|p2b: Tyranitar|1\n|-damage|p2b: Tyranitar|69/100\n|-activate|p2b: Tyranitar|confusion\n|move|p2b: Tyranitar|Dragon Dance|p2b: Tyranitar\n|-boost|p2b: Tyranitar|atk|1\n|-boost|p2b: Tyranitar|spe|1\n|move|p2a: Meowstic|Psychic Noise|p1b: Pelipper\n|-crit|p1b: Pelipper\n|-damage|p1b: Pelipper|5/100\n|-start|p1b: Pelipper|move: Heal Block\n|\n|-weather|Sandstorm|[upkeep]\n|-damage|p1b: Pelipper|0 fnt|[from] Sandstorm\n|-damage|p2a: Meowstic|41/100 par|[from] Sandstorm\n|faint|p1b: Pelipper\n|upkeep\n|\n|t:|1776046901\n|switch|p1b: Archaludon|Archaludon, L50, M|100/100\n|turn|4\n|\n|t:|1776046915\n|move|p2a: Meowstic|Helping Hand|p2b: Tyranitar\n|-singleturn|p2b: Tyranitar|Helping Hand|[of] p2a: Meowstic\n|move|p1a: Klefki|Light Screen|p1a: Klefki\n|-sidestart|p1: elgra|move: Light Screen\n|move|p1b: Archaludon|Flash Cannon|p2b: Tyranitar\n|-supereffective|p2b: Tyranitar|1\n|-damage|p2b: Tyranitar|21/100\n|-activate|p2b: Tyranitar|confusion\n|move|p2b: Tyranitar|Earthquake|p1a: Klefki|[spread] p2a,p1a,p1b\n|-supereffective|p1a: Klefki|1\n|-supereffective|p1b: Archaludon|1\n|-damage|p2a: Meowstic|0 fnt\n|-damage|p1a: Klefki|0 fnt\n|-damage|p1b: Archaludon|4/100\n|-ability|p1b: Archaludon|Stamina|boost\n|-boost|p1b: Archaludon|def|1\n|faint|p2a: Meowstic\n|faint|p1a: Klefki\n|\n|-weather|Sandstorm|[upkeep]\n|-heal|p1b: Archaludon|10/100|[from] item: Leftovers\n|upkeep\n|\n|t:|1776046931\n|switch|p2a: Flapple|Flapple, L50, F|100/100\n|switch|p1a: Gengar|Gengar, L50, M|100/100\n|turn|5\n|\n|t:|1776046952\n|detailschange|p1a: Gengar|Gengar-Mega, L50, M\n|-mega|p1a: Gengar|Gengar|Gengarite\n|move|p1a: Gengar|Sludge Wave|p2a: Flapple|[spread] p2a,p2b\n|-immune|p1b: Archaludon\n|-supereffective|p2a: Flapple|1\n|-resisted|p2b: Tyranitar|1\n|-damage|p2a: Flapple|0 fnt\n|-damage|p2b: Tyranitar|7/100\n|faint|p2a: Flapple\n|move|p1b: Archaludon|Flash Cannon|p2b: Tyranitar\n|-supereffective|p2b: Tyranitar|1\n|-damage|p2b: Tyranitar|0 fnt\n|faint|p2b: Tyranitar\n|\n|-weather|Sandstorm|[upkeep]\n|-damage|p1a: Gengar|95/100|[from] Sandstorm\n|-heal|p1b: Archaludon|16/100|[from] item: Leftovers\n|-sideend|p1: elgra|move: Tailwind\n|-fieldend|move: Gravity\n|upkeep\n|\n|t:|1776046966\n|switch|p2b: Gengar|Gengar, L50, F|100/100\n|turn|6\n|\n|t:|1776046985\n|move|p1a: Gengar|Shadow Ball|p2b: Gengar\n|-supereffective|p2b: Gengar|1\n|-enditem|p2b: Gengar|Focus Sash\n|-damage|p2b: Gengar|1/100\n|move|p2b: Gengar|Focus Blast|p1b: Archaludon\n|-supereffective|p1b: Archaludon|1\n|-damage|p1b: Archaludon|0 fnt\n|faint|p1b: Archaludon\n|\n|-weather|none\n|-sideend|p1: elgra|Reflect\n|upkeep\n|turn|7\n|\n|t:|1776046998\n|move|p1a: Gengar|Shadow Ball|p2b: Gengar\n|-supereffective|p2b: Gengar|1\n|-damage|p2b: Gengar|0 fnt\n|-start|p1a: Gengar|Disable|Shadow Ball|[from] ability: Cursed Body|[of] p2b: Gengar\n|faint|p2b: Gengar\n|\n|win|elgra\n|raw|elgra's rating: 1141 &rarr; <strong>1160</strong><br />(+19 for winning)\n|raw|overtrow's rating: 1050 &rarr; <strong>1037</strong><br />(-13 for losing)\n|c|\u2606overtrow|gg\n|l|\u2606overtrow\n|player|p2|\n|c|\u2606elgra|Gg\n",
  "uploadtime": 1776047011,
  "views": 13,
  "formatid": "gen9championsvgc2026regma",
  "rating": 1037,
  "private": 0,
  "password": null
}