{
  "id": "gen9championsvgc2026regma-2585737970",
  "format": "[Gen 9 Champions] VGC 2026 Reg M-A",
  "players": [
    "taterstotz",
    "dkapflzksh"
  ],
  "log": "|j|\u2606taterstotz\n|j|\u2606dkapflzksh\n|t:|1776367158\n|gametype|doubles\n|player|p1|taterstotz|1|1407\n|player|p2|dkapflzksh|scientist-gen4dp|1484\n|gen|9\n|tier|[Gen 9 Champions] VGC 2026 Reg M-A\n|rated|\n|rule|Species Clause: Limit one of each Pok\u00e9mon\n|rule|Item Clause: Limit 1 of each item\n|clearpoke\n|poke|p1|Tyranitar, L50, F|\n|poke|p1|Excadrill, L50, M|\n|poke|p1|Rotom-Wash, L50|\n|poke|p1|Hawlucha, L50, F|\n|poke|p1|Sinistcha, L50|\n|poke|p1|Gengar, L50, F|\n|poke|p2|Basculegion, L50, M|\n|poke|p2|Dragonite, L50, M|\n|poke|p2|Archaludon, L50, F|\n|poke|p2|Pelipper, L50, M|\n|poke|p2|Floette-Eternal, L50, F|\n|poke|p2|Kingambit, L50, F|\n|teampreview|4\n|inactive|Battle timer is ON: inactive players will automatically lose when time's up. (requested by taterstotz)\n|j| Bayern72915\n|inactive|taterstotz has 60 seconds left.\n|inactive|dkapflzksh has 60 seconds left.\n|\n|t:|1776367221\n|teamsize|p1|4\n|teamsize|p2|4\n|start\n|switch|p1a: Gengar|Gengar, L50, F|100/100\n|switch|p1b: Excadrill|Excadrill, L50, M|100/100\n|switch|p2a: Kingambit|Kingambit, L50, F, shiny|100/100\n|switch|p2b: Archaludon|Archaludon, L50, F, shiny|100/100\n|turn|1\n|inactive|dkapflzksh has 30 seconds left.\n|\n|t:|1776367249\n|switch|p1a: Hawlucha|Hawlucha, L50, F|100/100\n|move|p1b: Excadrill|Earthquake|p2a: Kingambit|[spread] p2a,p2b\n|-immune|p1a: Hawlucha\n|-supereffective|p2a: Kingambit|1\n|-supereffective|p2b: Archaludon|1\n|-damage|p2a: Kingambit|34/100\n|-damage|p2b: Archaludon|34/100\n|-ability|p2b: Archaludon|Stamina|boost\n|-boost|p2b: Archaludon|def|1\n|move|p2b: Archaludon|Aura Sphere|p1b: Excadrill\n|-supereffective|p1b: Excadrill|1\n|-damage|p1b: Excadrill|32/100\n|move|p2a: Kingambit|Kowtow Cleave|p1a: Hawlucha\n|-resisted|p1a: Hawlucha|1\n|-damage|p1a: Hawlucha|71/100\n|\n|-heal|p2b: Archaludon|40/100|[from] item: Leftovers\n|upkeep\n|turn|2\n|inactive|taterstotz has 30 seconds left.\n|inactive|taterstotz has 20 seconds left.\n|inactive|taterstotz has 15 seconds left.\n|\n|t:|1776367289\n|move|p1b: Excadrill|Protect|p1b: Excadrill\n|-singleturn|p1b: Excadrill|Protect\n|move|p2a: Kingambit|Sucker Punch||[still]\n|-fail|p2a: Kingambit\n|move|p1a: Hawlucha|Close Combat|p2b: Archaludon\n|-supereffective|p2b: Archaludon|1\n|-damage|p2b: Archaludon|0 fnt\n|-unboost|p1a: Hawlucha|def|1\n|-unboost|p1a: Hawlucha|spd|1\n|faint|p2b: Archaludon\n|-enditem|p1a: Hawlucha|White Herb\n|-clearnegativeboost|p1a: Hawlucha|[silent]\n|\n|upkeep\n|\n|t:|1776367298\n|switch|p2b: Basculegion|Basculegion, L50, M, shiny|100/100\n|turn|3\n|inactive|taterstotz has 30 seconds left.\n|\n|t:|1776367328\n|switch|p2a: Pelipper|Pelipper, L50, M, shiny|100/100\n|-weather|RainDance|[from] ability: Drizzle|[of] p2a: Pelipper\n|move|p1a: Hawlucha|Close Combat|p2a: Pelipper\n|-resisted|p2a: Pelipper|1\n|-damage|p2a: Pelipper|75/100\n|-unboost|p1a: Hawlucha|def|1\n|-unboost|p1a: Hawlucha|spd|1\n|move|p2b: Basculegion|Liquidation|p1b: Excadrill\n|-supereffective|p1b: Excadrill|1\n|-crit|p1b: Excadrill\n|-damage|p1b: Excadrill|0 fnt\n|faint|p1b: Excadrill\n|\n|-weather|RainDance|[upkeep]\n|upkeep\n|\n|t:|1776367341\n|switch|p1b: Tyranitar|Tyranitar, L50, F|100/100\n|-weather|Sandstorm|[from] ability: Sand Stream|[of] p1b: Tyranitar\n|turn|4\n|inactive|dkapflzksh has 30 seconds left.\n|\n|t:|1776367369\n|switch|p2a: Kingambit|Kingambit, L50, F, shiny|34/100\n|detailschange|p1b: Tyranitar|Tyranitar-Mega, L50, F\n|-mega|p1b: Tyranitar|Tyranitar|Tyranitarite\n|move|p1a: Hawlucha|Brave Bird|p2a: Kingambit\n|-resisted|p2a: Kingambit|1\n|-damage|p2a: Kingambit|18/100\n|-damage|p1a: Hawlucha|64/100|[from] Recoil\n|move|p2b: Basculegion|Liquidation|p1a: Hawlucha\n|-damage|p1a: Hawlucha|0 fnt\n|faint|p1a: Hawlucha\n|move|p1b: Tyranitar|Knock Off|p2b: Basculegion\n|-supereffective|p2b: Basculegion|1\n|-damage|p2b: Basculegion|0 fnt\n|-enditem|p2b: Basculegion|Choice Scarf|[from] move: Knock Off|[of] p1b: Tyranitar\n|faint|p2b: Basculegion\n|\n|-weather|Sandstorm|[upkeep]\n|upkeep\n|\n|t:|1776367381\n|switch|p1a: Gengar|Gengar, L50, F|100/100\n|switch|p2b: Pelipper|Pelipper, L50, M, shiny|75/100\n|-weather|RainDance|[from] ability: Drizzle|[of] p2b: Pelipper\n|turn|5\n|\n|t:|1776367408\n|move|p1a: Gengar|Trick|p2a: Kingambit\n|-activate|p1a: Gengar|move: Trick|[of] p2a: Kingambit\n|-item|p2a: Kingambit|Choice Scarf|[from] move: Trick\n|-item|p1a: Gengar|Chople Berry|[from] move: Trick\n|move|p2b: Pelipper|Weather Ball|p1b: Tyranitar\n|-supereffective|p1b: Tyranitar|1\n|-damage|p1b: Tyranitar|19/100\n|move|p2a: Kingambit|Iron Head|p1b: Tyranitar\n|-supereffective|p1b: Tyranitar|1\n|-damage|p1b: Tyranitar|0 fnt\n|faint|p1b: Tyranitar\n|\n|-weather|RainDance|[upkeep]\n|upkeep\n|turn|6\n|-message|taterstotz forfeited.\n|\n|win|dkapflzksh\n|raw|taterstotz's rating: 1407 &rarr; <strong>1391</strong><br />(-16 for losing)\n|raw|dkapflzksh's rating: 1484 &rarr; <strong>1500</strong><br />(+16 for winning)\n",
  "uploadtime": 1776367416,
  "views": 41,
  "formatid": "gen9championsvgc2026regma",
  "rating": 1391,
  "private": 0,
  "password": null
}