{
  "id": "gen9championsvgc2026regma-2586601888",
  "format": "[Gen 9 Champions] VGC 2026 Reg M-A",
  "players": [
    "dynamax_duraludon",
    "Crozzs"
  ],
  "log": "|j|\u2606dynamax_duraludon\n|j|\u2606Crozzs\n|t:|1776446045\n|gametype|doubles\n|player|p1|dynamax_duraludon|hilbert|1260\n|player|p2|Crozzs|2|1299\n|gen|9\n|tier|[Gen 9 Champions] VGC 2026 Reg M-A\n|rated|\n|rule|Species Clause: Limit one of each Pok\u00e9mon\n|rule|Item Clause: Limit 1 of each item\n|clearpoke\n|poke|p1|Archaludon, L50, M|\n|poke|p1|Politoed, L50, M|\n|poke|p1|Meganium, L50, M|\n|poke|p1|Whimsicott, L50, F|\n|poke|p1|Farigiraf, L50, M|\n|poke|p1|Crabominable, L50, M|\n|poke|p2|Meowstic, L50, M|\n|poke|p2|Alakazam, L50, F|\n|poke|p2|Incineroar, L50, M|\n|poke|p2|Milotic, L50, F|\n|poke|p2|Garchomp, L50, F|\n|poke|p2|Armarouge, L50, F|\n|teampreview|4\n|inactive|Battle timer is ON: inactive players will automatically lose when time's up. (requested by dynamax_duraludon)\n|inactive|Crozzs has 60 seconds left.\n|\n|t:|1776446096\n|teamsize|p1|4\n|teamsize|p2|4\n|start\n|switch|p1a: Farigiraf|Farigiraf, L50, M, shiny|100/100\n|switch|p1b: Crabominable|Crabominable, L50, M, shiny|100/100\n|switch|p2a: Incineroar|Incineroar, L50, M|100/100\n|switch|p2b: Garchomp|Garchomp, L50, F|100/100\n|-ability|p2a: Incineroar|Intimidate|boost\n|-unboost|p1a: Farigiraf|atk|1\n|-fail|p1b: Crabominable|unboost|Attack|[from] ability: Hyper Cutter|[of] p1b: Crabominable\n|turn|1\n|inactive|dynamax_duraludon has 30 seconds left.\n|inactive|dynamax_duraludon has 20 seconds left.\n|inactive|dynamax_duraludon has 15 seconds left.\n|\n|t:|1776446137\n|detailschange|p1b: Crabominable|Crabominable-Mega, L50, M, shiny\n|-mega|p1b: Crabominable|Crabominable|Crabominite\n|move|p2b: Garchomp|Rock Slide|p1b: Crabominable|[spread] p1a,p1b\n|-damage|p1a: Farigiraf|79/100\n|-damage|p1b: Crabominable|86/100\n|move|p2a: Incineroar|Darkest Lariat|p1a: Farigiraf\n|-supereffective|p1a: Farigiraf|1\n|-enditem|p1a: Farigiraf|Colbur Berry|[eat]\n|-enditem|p1a: Farigiraf|Colbur Berry|[weaken]\n|-damage|p1a: Farigiraf|39/100\n|move|p1b: Crabominable|Drain Punch|p2a: Incineroar\n|-supereffective|p2a: Incineroar|1\n|-damage|p2a: Incineroar|5/100\n|-heal|p1b: Crabominable|100/100|[from] drain|[of] p2a: Incineroar\n|-enditem|p2a: Incineroar|Sitrus Berry|[eat]\n|-heal|p2a: Incineroar|30/100|[from] item: Sitrus Berry\n|move|p1a: Farigiraf|Trick Room|p1a: Farigiraf\n|-fieldstart|move: Trick Room|[of] p1a: Farigiraf\n|\n|upkeep\n|turn|2\n|inactive|Crozzs has 30 seconds left.\n|\n|t:|1776446164\n|move|p1b: Crabominable|Ice Hammer|p2b: Garchomp|[miss]\n|-miss|p1b: Crabominable|p2b: Garchomp\n|move|p1a: Farigiraf|Hyper Voice|p2b: Garchomp|[spread] p2a,p2b\n|-damage|p2a: Incineroar|9/100\n|-damage|p2b: Garchomp|71/100\n|move|p2a: Incineroar|Parting Shot|p1b: Crabominable\n|-unboost|p1b: Crabominable|atk|1\n|-unboost|p1b: Crabominable|spa|1\n|\n|t:|1776446175\n|switch|p2a: Meowstic|Meowstic, L50, M|100/100|[from] Parting Shot\n|move|p2b: Garchomp|Rock Slide|p1b: Crabominable|[spread] p1a,p1b\n|-damage|p1a: Farigiraf|20/100\n|-damage|p1b: Crabominable|87/100\n|\n|upkeep\n|turn|3\n|inactive|Crozzs has 30 seconds left.\n|\n|t:|1776446209\n|switch|p1b: Politoed|Politoed, L50, M, shiny|100/100\n|-weather|RainDance|[from] ability: Drizzle|[of] p1b: Politoed\n|switch|p2b: Incineroar|Incineroar, L50, M|9/100\n|-ability|p2b: Incineroar|Intimidate|boost\n|-unboost|p1a: Farigiraf|atk|1\n|-unboost|p1b: Politoed|atk|1\n|move|p1a: Farigiraf|Hyper Voice|p2b: Incineroar|[spread] p2a,p2b\n|-crit|p2b: Incineroar\n|-damage|p2a: Meowstic|63/100\n|-damage|p2b: Incineroar|0 fnt\n|faint|p2b: Incineroar\n|move|p2a: Meowstic|Expanding Force|p1b: Politoed\n|-damage|p1b: Politoed|79/100\n|\n|-weather|RainDance|[upkeep]\n|-heal|p1b: Politoed|85/100|[from] item: Leftovers\n|upkeep\n|\n|t:|1776446221\n|switch|p2b: Garchomp|Garchomp, L50, F|71/100\n|turn|4\n|\n|t:|1776446241\n|move|p2a: Meowstic|Psychic Terrain|p2a: Meowstic\n|-fieldstart|move: Psychic Terrain\n|move|p1a: Farigiraf|Hyper Voice|p2a: Meowstic|[spread] p2a,p2b\n|-damage|p2a: Meowstic|26/100\n|-damage|p2b: Garchomp|44/100\n|move|p1b: Politoed|Muddy Water|p2a: Meowstic|[spread] p2a,p2b\n|-damage|p2a: Meowstic|0 fnt\n|-damage|p2b: Garchomp|10/100\n|faint|p2a: Meowstic\n|move|p2b: Garchomp|Crunch|p1a: Farigiraf\n|-supereffective|p1a: Farigiraf|1\n|-damage|p1a: Farigiraf|0 fnt\n|faint|p1a: Farigiraf\n|\n|-weather|RainDance|[upkeep]\n|-heal|p1b: Politoed|91/100|[from] item: Leftovers\n|upkeep\n|\n|t:|1776446254\n|switch|p1a: Crabominable|Crabominable-Mega, L50, M, shiny|87/100\n|switch|p2a: Alakazam|Alakazam, L50, F|100/100\n|turn|5\n|\n|t:|1776446261\n|move|p2a: Alakazam|Protect|p2a: Alakazam\n|-singleturn|p2a: Alakazam|Protect\n|move|p1a: Crabominable|Ice Hammer|p2a: Alakazam\n|-activate|p2a: Alakazam|move: Protect\n|move|p1b: Politoed|Icy Wind|p2a: Alakazam|[spread] p2b\n|-activate|p2a: Alakazam|move: Protect\n|-supereffective|p2b: Garchomp|2\n|-damage|p2b: Garchomp|0 fnt\n|faint|p2b: Garchomp\n|\n|-weather|RainDance|[upkeep]\n|-heal|p1b: Politoed|97/100|[from] item: Leftovers\n|-fieldend|move: Trick Room\n|upkeep\n|turn|6\n|\n|t:|1776446276\n|detailschange|p2a: Alakazam|Alakazam-Mega, L50, F\n|-mega|p2a: Alakazam|Alakazam|Alakazite\n|-ability|p2a: Alakazam|Drizzle|Trace|[from] ability: Trace|[of] p1b: Politoed\n|move|p1a: Crabominable|Protect|p1a: Crabominable\n|-singleturn|p1a: Crabominable|Protect\n|move|p2a: Alakazam|Expanding Force|p1a: Crabominable|[spread] p1b\n|-activate|p1a: Crabominable|move: Protect\n|-damage|p1b: Politoed|40/100\n|move|p1b: Politoed|Muddy Water|p2a: Alakazam\n|-damage|p2a: Alakazam|41/100\n|-unboost|p2a: Alakazam|accuracy|1\n|\n|-weather|RainDance|[upkeep]\n|-heal|p1b: Politoed|46/100|[from] item: Leftovers\n|upkeep\n|turn|7\n|\n|t:|1776446289\n|move|p2a: Alakazam|Expanding Force|p1b: Politoed|[spread] p1a,p1b\n|-supereffective|p1a: Crabominable|1\n|-damage|p1a: Crabominable|0 fnt\n|-damage|p1b: Politoed|0 fnt\n|faint|p1a: Crabominable\n|faint|p1b: Politoed\n|\n|-weather|none\n|upkeep\n|\n|t:|1776446293\n|switch|p1b: Archaludon|Archaludon, L50, M, shiny|100/100\n|turn|8\n|\n|t:|1776446303\n|move|p2a: Alakazam|Focus Blast|p1b: Archaludon\n|-supereffective|p1b: Archaludon|1\n|-damage|p1b: Archaludon|0 fnt\n|faint|p1b: Archaludon\n|\n|win|Crozzs\n|raw|dynamax_duraludon's rating: 1260 &rarr; <strong>1238</strong><br />(-22 for losing)\n|raw|Crozzs's rating: 1299 &rarr; <strong>1321</strong><br />(+22 for winning)\n|l|\u2606dynamax_duraludon\n|player|p1|\n",
  "uploadtime": 1776446331,
  "views": 31,
  "formatid": "gen9championsvgc2026regma",
  "rating": 1238,
  "private": 0,
  "password": null
}