{
  "id": "gen9championsvgc2026regma-2585513336",
  "format": "[Gen 9 Champions] VGC 2026 Reg M-A",
  "players": [
    "TheOtherDan",
    "TheFierceDeity"
  ],
  "log": "|j|\u2606TheOtherDan\n|j|\u2606TheFierceDeity\n|t:|1776352575\n|gametype|doubles\n|player|p1|TheOtherDan|170|1035\n|player|p2|TheFierceDeity|265|1126\n|gen|9\n|tier|[Gen 9 Champions] VGC 2026 Reg M-A\n|rated|\n|rule|Species Clause: Limit one of each Pok\u00e9mon\n|rule|Item Clause: Limit 1 of each item\n|clearpoke\n|poke|p1|Milotic, L50, F|\n|poke|p1|Chimecho, L50, M|\n|poke|p1|Tyranitar, L50, F|\n|poke|p1|Aerodactyl, L50, F|\n|poke|p1|Dragapult, L50, F|\n|poke|p1|Meowscarada, L50, M|\n|poke|p2|Milotic, L50, M|\n|poke|p2|Delphox, L50, F|\n|poke|p2|Sneasler, L50, F|\n|poke|p2|Whimsicott, L50, F|\n|poke|p2|Garchomp, L50, F|\n|poke|p2|Heliolisk, L50, M|\n|teampreview|4\n|inactive|Battle timer is ON: inactive players will automatically lose when time's up. (requested by TheFierceDeity)\n|\n|t:|1776352613\n|teamsize|p1|4\n|teamsize|p2|4\n|start\n|switch|p1a: Dragapult|Dragapult, L50, F|100/100\n|switch|p1b: Milotic|Milotic, L50, F|100/100\n|switch|p2a: Whimsicott|Whimsicott, L50, F|100/100\n|switch|p2b: Heliolisk|Heliolisk, L50, M|100/100\n|turn|1\n|inactive|TheOtherDan has 30 seconds left.\n|\n|t:|1776352638\n|move|p1b: Milotic|Protect|p1b: Milotic\n|-singleturn|p1b: Milotic|Protect\n|move|p2a: Whimsicott|Sunny Day|p2a: Whimsicott\n|-weather|SunnyDay\n|move|p2b: Heliolisk|Dark Pulse|p1a: Dragapult\n|-supereffective|p1a: Dragapult|1\n|-damage|p1a: Dragapult|0 fnt\n|faint|p1a: Dragapult\n|\n|-weather|SunnyDay|[upkeep]\n|-damage|p2b: Heliolisk|88/100|[from] ability: Solar Power|[of] p2b: Heliolisk\n|upkeep\n|\n|t:|1776352654\n|switch|p1a: Tyranitar|Tyranitar, L50, F|100/100\n|-weather|Sandstorm|[from] ability: Sand Stream|[of] p1a: Tyranitar\n|turn|2\n|\n|t:|1776352673\n|switch|p2b: Sneasler|Sneasler, L50, F|100/100\n|detailschange|p1a: Tyranitar|Tyranitar-Mega, L50, F\n|-mega|p1a: Tyranitar|Tyranitar|Tyranitarite\n|move|p2a: Whimsicott|Sunny Day|p2a: Whimsicott\n|-weather|SunnyDay\n|move|p1a: Tyranitar|Knock Off|p2b: Sneasler\n|-resisted|p2b: Sneasler|1\n|-damage|p2b: Sneasler|53/100\n|-enditem|p2b: Sneasler|Mental Herb|[from] move: Knock Off|[of] p1a: Tyranitar\n|move|p1b: Milotic|Icy Wind|p2a: Whimsicott|[spread] p2a,p2b\n|-supereffective|p2a: Whimsicott|1\n|-damage|p2a: Whimsicott|74/100\n|-damage|p2b: Sneasler|39/100\n|-unboost|p2a: Whimsicott|spe|1\n|-unboost|p2b: Sneasler|spe|1\n|\n|-weather|SunnyDay|[upkeep]\n|upkeep\n|turn|3\n|\n|t:|1776352695\n|move|p1a: Tyranitar|Protect|p1a: Tyranitar\n|-singleturn|p1a: Tyranitar|Protect\n|move|p2a: Whimsicott|Tailwind|p2a: Whimsicott\n|-sidestart|p2: TheFierceDeity|move: Tailwind\n|move|p2b: Sneasler|Close Combat|p1a: Tyranitar\n|-activate|p1a: Tyranitar|move: Protect\n|move|p1b: Milotic|Icy Wind|p2a: Whimsicott|[spread] p2a,p2b\n|-supereffective|p2a: Whimsicott|1\n|-damage|p2a: Whimsicott|47/100\n|-damage|p2b: Sneasler|24/100\n|-unboost|p2a: Whimsicott|spe|1\n|-unboost|p2b: Sneasler|spe|1\n|\n|-weather|SunnyDay|[upkeep]\n|upkeep\n|turn|4\n|inactive|TheOtherDan has 30 seconds left.\n|inactive|TheFierceDeity has 30 seconds left.\n|\n|t:|1776352727\n|switch|p1a: Meowscarada|Meowscarada, L50, M|100/100\n|move|p2a: Whimsicott|Encore|p1b: Milotic\n|-start|p1b: Milotic|Encore\n|move|p2b: Sneasler|Close Combat|p1a: Meowscarada\n|-supereffective|p1a: Meowscarada|1\n|-damage|p1a: Meowscarada|0 fnt\n|-unboost|p2b: Sneasler|def|1\n|-unboost|p2b: Sneasler|spd|1\n|faint|p1a: Meowscarada\n|move|p1b: Milotic|Icy Wind|p2b: Sneasler|[spread] p2a,p2b\n|-supereffective|p2a: Whimsicott|1\n|-damage|p2a: Whimsicott|20/100\n|-damage|p2b: Sneasler|2/100\n|-unboost|p2a: Whimsicott|spe|1\n|-unboost|p2b: Sneasler|spe|1\n|\n|-weather|SunnyDay|[upkeep]\n|upkeep\n|\n|t:|1776352745\n|switch|p1a: Tyranitar|Tyranitar-Mega, L50, F|100/100\n|-weather|Sandstorm|[from] ability: Sand Stream|[of] p1a: Tyranitar\n|turn|5\n|\n|t:|1776352760\n|switch|p2b: Delphox|Delphox, L50, F|100/100\n|move|p1a: Tyranitar|Protect|p1a: Tyranitar\n|-singleturn|p1a: Tyranitar|Protect\n|move|p2a: Whimsicott|Sunny Day|p2a: Whimsicott\n|-weather|SunnyDay\n|move|p1b: Milotic|Icy Wind|p2a: Whimsicott|[spread] p2a,p2b\n|-supereffective|p2a: Whimsicott|1\n|-resisted|p2b: Delphox|1\n|-damage|p2a: Whimsicott|0 fnt\n|-damage|p2b: Delphox|95/100\n|-unboost|p2b: Delphox|spe|1\n|faint|p2a: Whimsicott\n|\n|-weather|SunnyDay|[upkeep]\n|upkeep\n|\n|t:|1776352773\n|switch|p2a: Sneasler|Sneasler, L50, F|2/100\n|turn|6\n|\n|t:|1776352782\n|detailschange|p2b: Delphox|Delphox-Mega, L50, F\n|-mega|p2b: Delphox|Delphox|Delphoxite\n|move|p2a: Sneasler|Close Combat|p1a: Tyranitar\n|-supereffective|p1a: Tyranitar|2\n|-damage|p1a: Tyranitar|0 fnt\n|-unboost|p2a: Sneasler|def|1\n|-unboost|p2a: Sneasler|spd|1\n|faint|p1a: Tyranitar\n|move|p2b: Delphox|Psychic|p1b: Milotic\n|-damage|p1b: Milotic|58/100\n|move|p1b: Milotic|Icy Wind|p2a: Sneasler|[spread] p2a,p2b\n|-resisted|p2b: Delphox|1\n|-damage|p2a: Sneasler|0 fnt\n|-damage|p2b: Delphox|90/100\n|-unboost|p2b: Delphox|spe|1\n|faint|p2a: Sneasler\n|\n|-weather|SunnyDay|[upkeep]\n|-heal|p1b: Milotic|64/100|[from] item: Leftovers\n|-end|p1b: Milotic|Encore\n|-sideend|p2: TheFierceDeity|move: Tailwind\n|upkeep\n|\n|t:|1776352800\n|switch|p2a: Heliolisk|Heliolisk, L50, M|88/100\n|turn|7\n|\n|t:|1776352808\n|move|p1b: Milotic|Protect|p1b: Milotic\n|-singleturn|p1b: Milotic|Protect\n|move|p2a: Heliolisk|Thunderbolt|p1b: Milotic\n|-activate|p1b: Milotic|move: Protect\n|move|p2b: Delphox|Psychic|p1b: Milotic\n|-activate|p1b: Milotic|move: Protect\n|\n|-weather|SunnyDay|[upkeep]\n|-damage|p2a: Heliolisk|76/100|[from] ability: Solar Power|[of] p2a: Heliolisk\n|-heal|p1b: Milotic|70/100|[from] item: Leftovers\n|upkeep\n|turn|8\n|\n|t:|1776352822\n|move|p2a: Heliolisk|Thunderbolt|p1b: Milotic\n|-supereffective|p1b: Milotic|1\n|-damage|p1b: Milotic|0 fnt\n|faint|p1b: Milotic\n|\n|win|TheFierceDeity\n|raw|TheOtherDan's rating: 1035 &rarr; <strong>1024</strong><br />(-11 for losing)\n|raw|TheFierceDeity's rating: 1126 &rarr; <strong>1145</strong><br />(+19 for winning)\n",
  "uploadtime": 1776352828,
  "views": 41,
  "formatid": "gen9championsvgc2026regma",
  "rating": 1024,
  "private": 0,
  "password": null
}