{
  "id": "gen9championsvgc2026regma-2582282156",
  "format": "[Gen 9 Champions] VGC 2026 Reg M-A",
  "players": [
    "MiloBee",
    "101doge101"
  ],
  "log": "|j|\u2606MiloBee\n|j|\u2606101doge101\n|t:|1776079487\n|gametype|doubles\n|player|p1|MiloBee|n-masters|1104\n|player|p2|101doge101|unknown|1173\n|gen|9\n|tier|[Gen 9 Champions] VGC 2026 Reg M-A\n|rated|\n|rule|Species Clause: Limit one of each Pok\u00e9mon\n|rule|Item Clause: Limit 1 of each item\n|clearpoke\n|poke|p1|Floette-Eternal, L50, F|\n|poke|p1|Sinistcha-Masterpiece, L50|\n|poke|p1|Incineroar, L50, M|\n|poke|p1|Rotom-Wash, L50|\n|poke|p1|Aerodactyl, L50, M|\n|poke|p1|Lucario, L50, M|\n|poke|p2|Medicham, L50, M|\n|poke|p2|Maushold-Four, L50|\n|poke|p2|Talonflame, L50, M|\n|poke|p2|Aerodactyl, L50, M|\n|poke|p2|Incineroar, L50, M|\n|poke|p2|Garchomp, L50, M|\n|teampreview|4\n|inactive|Battle timer is ON: inactive players will automatically lose when time's up. (requested by 101doge101)\n|\n|t:|1776079514\n|teamsize|p1|4\n|teamsize|p2|4\n|start\n|switch|p1a: has claws|Incineroar, L50, M|100/100\n|switch|p1b: has matcha|Sinistcha-Masterpiece, L50|100/100\n|switch|p2a: Medicham|Medicham, L50, M|100/100\n|switch|p2b: Maushold|Maushold-Four, L50|100/100\n|-ability|p1a: has claws|Intimidate|boost\n|-unboost|p2a: Medicham|atk|1\n|-unboost|p2b: Maushold|atk|1\n|turn|1\n|\n|t:|1776079526\n|detailschange|p2a: Medicham|Medicham-Mega, L50, M\n|-mega|p2a: Medicham|Medicham|Medichamite\n|move|p2b: Maushold|Helping Hand|p2a: Medicham\n|-singleturn|p2a: Medicham|Helping Hand|[of] p2b: Maushold\n|move|p2a: Medicham|Upper Hand|p1a: has claws\n|-supereffective|p1a: has claws|1\n|-damage|p1a: has claws|0 fnt\n|faint|p1a: has claws\n|move|p1b: has matcha|Trick Room|p1b: has matcha\n|-fieldstart|move: Trick Room|[of] p1b: has matcha\n|\n|upkeep\n|\n|t:|1776079538\n|switch|p1a: has flower|Floette-Eternal, L50, F|100/100\n|turn|2\n|\n|t:|1776079551\n|detailschange|p1a: has flower|Floette-Mega, L50, F\n|-mega|p1a: has flower|Floette|Floettite\n|-ability|p1a: has flower|Fairy Aura\n|move|p1b: has matcha|Rage Powder|p1b: has matcha\n|-singleturn|p1b: has matcha|move: Rage Powder\n|move|p2b: Maushold|Follow Me|p2b: Maushold\n|-singleturn|p2b: Maushold|move: Follow Me\n|move|p2a: Medicham|Zen Headbutt|p1b: has matcha\n|-damage|p1b: has matcha|65/100\n|move|p1a: has flower|Dazzling Gleam|p2a: Medicham|[spread] p2a,p2b\n|-supereffective|p2a: Medicham|1\n|-damage|p2a: Medicham|4/100\n|-damage|p2b: Maushold|40/100\n|\n|upkeep\n|turn|3\n|inactive|101doge101 has 30 seconds left.\n|\n|t:|1776079576\n|move|p2b: Maushold|Helping Hand|p2a: Medicham\n|-singleturn|p2a: Medicham|Helping Hand|[of] p2b: Maushold\n|move|p1b: has matcha|Matcha Gotcha|p2a: Medicham|[spread] p2a,p2b\n|-damage|p2a: Medicham|0 fnt\n|-heal|p1b: has matcha|66/100|[from] drain|[of] p2a: Medicham\n|-damage|p2b: Maushold|9/100\n|-heal|p1b: has matcha|83/100|[from] drain|[of] p2b: Maushold\n|faint|p2a: Medicham\n|move|p1a: has flower|Calm Mind|p1a: has flower\n|-boost|p1a: has flower|spa|1\n|-boost|p1a: has flower|spd|1\n|\n|upkeep\n|\n|t:|1776079582\n|switch|p2a: Talonflame|Talonflame, L50, M|100/100\n|turn|4\n|\n|t:|1776079592\n|move|p2b: Maushold|Helping Hand|p2a: Talonflame\n|-singleturn|p2a: Talonflame|Helping Hand|[of] p2b: Maushold\n|move|p1a: has flower|Protect|p1a: has flower\n|-singleturn|p1a: has flower|Protect\n|move|p2a: Talonflame|Dual Wingbeat|p1b: has matcha\n|-supereffective|p1b: has matcha|1\n|-damage|p1b: has matcha|44/100\n|-enditem|p1b: has matcha|Sitrus Berry|[eat]\n|-heal|p1b: has matcha|69/100|[from] item: Sitrus Berry\n|-supereffective|p1b: has matcha|1\n|-damage|p1b: has matcha|29/100\n|-hitcount|p1b: has matcha|2\n|move|p1b: has matcha|Scald|p2a: Talonflame\n|-supereffective|p2a: Talonflame|1\n|-damage|p2a: Talonflame|54/100\n|\n|upkeep\n|turn|5\n|\n|t:|1776079609\n|move|p2b: Maushold|Follow Me|p2b: Maushold\n|-singleturn|p2b: Maushold|move: Follow Me\n|move|p1b: has matcha|Matcha Gotcha|p2a: Talonflame|[spread] p2a,p2b\n|-resisted|p2a: Talonflame|2\n|-damage|p2a: Talonflame|48/100\n|-heal|p1b: has matcha|31/100|[from] drain|[of] p2a: Talonflame\n|-damage|p2b: Maushold|0 fnt\n|-heal|p1b: has matcha|36/100|[from] drain|[of] p2b: Maushold\n|faint|p2b: Maushold\n|move|p1a: has flower|Dazzling Gleam|p2a: Talonflame\n|-resisted|p2a: Talonflame|1\n|-damage|p2a: Talonflame|0 fnt\n|faint|p2a: Talonflame\n|\n|-fieldend|move: Trick Room\n|upkeep\n|-message|101doge101 forfeited.\n|\n|win|MiloBee\n|raw|MiloBee's rating: 1104 &rarr; <strong>1134</strong><br />(+30 for winning)\n|raw|101doge101's rating: 1173 &rarr; <strong>1143</strong><br />(-30 for losing)\n|l|\u2606101doge101\n|player|p2|\n",
  "uploadtime": 1776079624,
  "views": 15,
  "formatid": "gen9championsvgc2026regma",
  "rating": 1134,
  "private": 0,
  "password": null
}