{
  "id": "gen9championsvgc2026regma-2581913430",
  "format": "[Gen 9 Champions] VGC 2026 Reg M-A",
  "players": [
    "Milkcarton439",
    "kyn603"
  ],
  "log": "|j|\u2606Milkcarton439\n|j|\u2606kyn603\n|t:|1776039213\n|gametype|doubles\n|player|p1|Milkcarton439|1|1185\n|player|p2|kyn603|caitlin|1172\n|gen|9\n|tier|[Gen 9 Champions] VGC 2026 Reg M-A\n|rated|\n|rule|Species Clause: Limit one of each Pok\u00e9mon\n|rule|Item Clause: Limit 1 of each item\n|clearpoke\n|poke|p1|Meganium, L50, M|\n|poke|p1|Starmie, L50|\n|poke|p1|Maushold-Four, L50|\n|poke|p1|Sneasler, L50, M|\n|poke|p1|Whimsicott, L50, M|\n|poke|p1|Greninja-*, L50, F|\n|poke|p2|Floette-Eternal, L50, F|\n|poke|p2|Talonflame, L50, M|\n|poke|p2|Primarina, L50, F|\n|poke|p2|Maushold, L50|\n|poke|p2|Garchomp, L50, F|\n|poke|p2|Incineroar, L50, F|\n|teampreview|4\n|inactive|Battle timer is ON: inactive players will automatically lose when time's up. (requested by Milkcarton439)\n|\n|t:|1776039258\n|teamsize|p1|4\n|teamsize|p2|4\n|start\n|switch|p1a: Fursuit|Sneasler, L50, M|100/100\n|switch|p1b: Ninjago|Greninja, L50, F, shiny|100/100\n|switch|p2a: Floette|Floette-Eternal, L50, F|100/100\n|switch|p2b: Maushold|Maushold, L50|100/100\n|turn|1\n|\n|t:|1776039277\n|detailschange|p2a: Floette|Floette-Mega, L50, F\n|-mega|p2a: Floette|Floette|Floettite\n|-ability|p2a: Floette|Fairy Aura\n|move|p1b: Ninjago|Protect|p1b: Ninjago\n|-start|p1b: Ninjago|typechange|Normal|[from] ability: Protean\n|-singleturn|p1b: Ninjago|Protect\n|move|p2b: Maushold|Follow Me|p2b: Maushold\n|-singleturn|p2b: Maushold|move: Follow Me\n|move|p1a: Fursuit|Close Combat|p2b: Maushold\n|-supereffective|p2b: Maushold|1\n|-damage|p2b: Maushold|0 fnt\n|-unboost|p1a: Fursuit|def|1\n|-unboost|p1a: Fursuit|spd|1\n|faint|p2b: Maushold\n|move|p2a: Floette|Dazzling Gleam|p1b: Ninjago|[spread] p1a\n|-activate|p1b: Ninjago|move: Protect\n|-enditem|p1a: Fursuit|Focus Sash\n|-damage|p1a: Fursuit|1/100\n|\n|upkeep\n|\n|t:|1776039295\n|switch|p2b: Incineroar|Incineroar, L50, F|100/100\n|-ability|p2b: Incineroar|Intimidate|boost\n|-unboost|p1a: Fursuit|atk|1\n|-unboost|p1b: Ninjago|atk|1\n|turn|2\n|\n|t:|1776039315\n|switch|p1a: A Chud\u2019s life|Maushold-Four, L50|100/100\n|move|p2b: Incineroar|Fake Out|p1a: A Chud\u2019s life\n|-damage|p1a: A Chud\u2019s life|85/100\n|move|p1b: Ninjago|Rock Slide|p2b: Incineroar|[spread] p2a\n|-miss|p1b: Ninjago|p2b: Incineroar\n|-damage|p2a: Floette|89/100\n|cant|p2a: Floette|flinch\n|\n|-heal|p1a: A Chud\u2019s life|91/100|[from] item: Leftovers\n|upkeep\n|turn|3\n|\n|t:|1776039335\n|move|p2b: Incineroar|Helping Hand|p2a: Floette\n|-singleturn|p2a: Floette|Helping Hand|[of] p2b: Incineroar\n|move|p1b: Ninjago|Rock Slide|p2b: Incineroar|[spread] p2a,p2b\n|-supereffective|p2b: Incineroar|1\n|-damage|p2a: Floette|77/100\n|-damage|p2b: Incineroar|80/100\n|move|p1a: A Chud\u2019s life|Super Fang|p2a: Floette\n|-damage|p2a: Floette|39/100\n|move|p2a: Floette|Dazzling Gleam|p1a: A Chud\u2019s life|[spread] p1a,p1b\n|-damage|p1a: A Chud\u2019s life|7/100\n|-damage|p1b: Ninjago|1/100\n|\n|-heal|p1a: A Chud\u2019s life|13/100|[from] item: Leftovers\n|upkeep\n|turn|4\n|\n|t:|1776039354\n|move|p1a: A Chud\u2019s life|Protect|p1a: A Chud\u2019s life\n|-singleturn|p1a: A Chud\u2019s life|Protect\n|move|p1b: Ninjago|Water Shuriken|p2b: Incineroar\n|-supereffective|p2b: Incineroar|1\n|-damage|p2b: Incineroar|72/100\n|-supereffective|p2b: Incineroar|1\n|-damage|p2b: Incineroar|63/100\n|-hitcount|p2b: Incineroar|2\n|move|p2a: Floette|Dazzling Gleam|p1b: Ninjago|[spread] p1b\n|-activate|p1a: A Chud\u2019s life|move: Protect\n|-damage|p1b: Ninjago|0 fnt\n|faint|p1b: Ninjago\n|move|p2b: Incineroar|Flare Blitz|p1a: A Chud\u2019s life\n|-activate|p1a: A Chud\u2019s life|move: Protect\n|\n|-heal|p1a: A Chud\u2019s life|19/100|[from] item: Leftovers\n|upkeep\n|\n|t:|1776039366\n|switch|p1b: Fursuit|Sneasler, L50, M|1/100\n|turn|5\n|\n|t:|1776039375\n|move|p2a: Floette|Protect|p2a: Floette\n|-singleturn|p2a: Floette|Protect\n|move|p1a: A Chud\u2019s life|Follow Me|p1a: A Chud\u2019s life\n|-singleturn|p1a: A Chud\u2019s life|move: Follow Me\n|move|p1b: Fursuit|Dire Claw|p2a: Floette\n|-activate|p2a: Floette|move: Protect\n|move|p2b: Incineroar|Flare Blitz|p1a: A Chud\u2019s life\n|-damage|p1a: A Chud\u2019s life|0 fnt\n|faint|p1a: A Chud\u2019s life\n|-damage|p2b: Incineroar|57/100|[from] Recoil\n|\n|upkeep\n|\n|t:|1776039378\n|switch|p1a: Z-Broly|Starmie, L50|100/100\n|turn|6\n|\n|t:|1776039399\n|detailschange|p1a: Z-Broly|Starmie-Mega, L50\n|-mega|p1a: Z-Broly|Starmie|Starminite\n|move|p2a: Floette|Protect|p2a: Floette\n|-singleturn|p2a: Floette|Protect\n|move|p1b: Fursuit|Dire Claw|p2a: Floette\n|-activate|p2a: Floette|move: Protect\n|move|p1a: Z-Broly|Liquidation|p2b: Incineroar\n|-supereffective|p2b: Incineroar|1\n|-damage|p2b: Incineroar|0 fnt\n|faint|p2b: Incineroar\n|\n|upkeep\n|\n|t:|1776039410\n|switch|p2b: Primarina|Primarina, L50, F|100/100\n|turn|7\n|\n|t:|1776039419\n|move|p1a: Z-Broly|Aqua Jet|p2a: Floette\n|-damage|p2a: Floette|0 fnt\n|faint|p2a: Floette\n|move|p1b: Fursuit|Dire Claw|p2b: Primarina\n|-supereffective|p2b: Primarina|1\n|-damage|p2b: Primarina|0 fnt\n|faint|p2b: Primarina\n|\n|win|Milkcarton439\n|raw|Milkcarton439's rating: 1185 &rarr; <strong>1209</strong><br />(+24 for winning)\n|raw|kyn603's rating: 1172 &rarr; <strong>1148</strong><br />(-24 for losing)\n|l|\u2606kyn603\n|player|p2|\n",
  "uploadtime": 1776039473,
  "views": 33,
  "formatid": "gen9championsvgc2026regma",
  "rating": 1148,
  "private": 0,
  "password": null
}