{
  "id": "gen9championsvgc2026regma-2585562918",
  "format": "[Gen 9 Champions] VGC 2026 Reg M-A",
  "players": [
    "etrdyfyiu",
    "yamzinyobooty"
  ],
  "log": "|j|\u2606etrdyfyiu\n|j|\u2606yamzinyobooty\n|html|<table width=\"100%\"><tr><td align=\"left\">etrdyfyiu</td><td align=\"right\">yamzinyobooty</tr><tr><td align=\"left\"><i class=\"fa fa-circle-o\"></i> <i class=\"fa fa-circle-o\"></i> </td><td align=\"right\"><i class=\"fa fa-circle-o\"></i> <i class=\"fa fa-circle-o\"></i> </tr></table>\n|uhtml|bestof|<h2><strong>Game 1</strong> of <a href=\"/game-bestof3-gen9championsvgc2026regma-2585562917\">a best-of-3</a></h2>\n|t:|1776355731\n|gametype|doubles\n|player|p1|etrdyfyiu|265|\n|player|p2|yamzinyobooty|266|\n|gen|9\n|tier|[Gen 9 Champions] VGC 2026 Reg M-A\n|rated|Tournament battle\n|rule|Species Clause: Limit one of each Pok\u00e9mon\n|rule|Item Clause: Limit 1 of each item\n|raw|<div class=\"infobox\"><details class=\"readmore\" open><summary><strong>2 custom rules:</strong></summary> Force Open Team Sheets, Best of = 3</details></div>\n|clearpoke\n|poke|p1|Sinistcha, L50|\n|poke|p1|Drampa, L50, F|\n|poke|p1|Pelipper, L50, F|\n|poke|p1|Alakazam, L50, F|\n|poke|p1|Scizor, L50, M|\n|poke|p1|Basculegion, L50, M|\n|poke|p2|Charizard, L50, M|\n|poke|p2|Venusaur, L50, M|\n|poke|p2|Garchomp, L50, M|\n|poke|p2|Incineroar, L50, M|\n|poke|p2|Gardevoir, L50, M|\n|poke|p2|Milotic, L50, M|\n|teampreview|4\n|showteam|p1|Sinistcha||SitrusBerry|Hospitality|MatchaGotcha,LifeDew,TrickRoom,RagePowder||||||50|]Drampa||Drampanite|CloudNine|HyperVoice,CalmMind,Protect,EarthPower|||F|||50|]Pelipper||FocusSash|Drizzle|Tailwind,Protect,Hurricane,WeatherBall|||F|||50|]Alakazam||ColburBerry|InnerFocus|SpeedSwap,Psychic,LightScreen,Reflect|||F|||50|]Scizor||Scizorite|Technician|BulletPunch,BugBite,Protect,SwordsDance|||M|||50|]Basculegion||MysticWater|SwiftSwim|WaveCrash,AquaJet,LastRespects,Protect|||M|||50|\n|showteam|p2|Charizard||CharizarditeY|SolarPower|HeatWave,WeatherBall,SolarBeam,Protect|||M|||50|]Venusaur||FocusSash|Chlorophyll|EnergyBall,SludgeBomb,SleepPowder,Protect|||M|||50|]Garchomp||YacheBerry|RoughSkin|DragonClaw,Earthquake,RockSlide,Protect|||M|||50|]Incineroar||SitrusBerry|Intimidate|FlareBlitz,ThroatChop,HelpingHand,FakeOut|||M|||50|]Gardevoir||ChoiceScarf|Telepathy|Moonblast,DazzlingGleam,Psychic,IcyWind|||M|||50|]Milotic||Leftovers|Competitive|Scald,IceBeam,LifeDew,Protect|||M|||50|\n|inactive|Battle timer is ON: inactive players will automatically lose when time's up. (requested by etrdyfyiu)\n|j| Bowdidee\n|l| Bowdidee\n|inactive|etrdyfyiu has 60 seconds left.\n|inactive|yamzinyobooty has 60 seconds left.\n|\n|t:|1776355771\n|teamsize|p1|4\n|teamsize|p2|4\n|start\n|switch|p1a: Drampa|Drampa, L50, F|100/100\n|switch|p1b: Alakazam|Alakazam, L50, F|100/100\n|switch|p2a: Venusaur|Venusaur, L50, M|100/100\n|switch|p2b: Incineroar|Incineroar, L50, M|100/100\n|-ability|p2b: Incineroar|Intimidate|boost\n|-unboost|p1a: Drampa|atk|1\n|-fail|p1b: Alakazam|unboost|Attack|[from] ability: Inner Focus|[of] p1b: Alakazam\n|-ability|p1a: Drampa|Cloud Nine\n|turn|1\n|inactive|etrdyfyiu has 30 seconds left.\n|inactive|yamzinyobooty has 30 seconds left.\n|inactive|yamzinyobooty has 20 seconds left.\n|inactive|yamzinyobooty has 15 seconds left.\n|\n|t:|1776355812\n|detailschange|p1a: Drampa|Drampa-Mega, L50, F\n|-mega|p1a: Drampa|Drampa|Drampanite\n|move|p2a: Venusaur|Protect|p2a: Venusaur\n|-singleturn|p2a: Venusaur|Protect\n|move|p1b: Alakazam|Light Screen|p1b: Alakazam\n|-sidestart|p1: etrdyfyiu|move: Light Screen\n|move|p2b: Incineroar|Throat Chop|p1b: Alakazam\n|-supereffective|p1b: Alakazam|1\n|-enditem|p1b: Alakazam|Colbur Berry|[eat]\n|-enditem|p1b: Alakazam|Colbur Berry|[weaken]\n|-damage|p1b: Alakazam|41/100\n|-start|p1b: Alakazam|Throat Chop|[silent]\n|move|p1a: Drampa|Calm Mind|p1a: Drampa\n|-boost|p1a: Drampa|spa|1\n|-boost|p1a: Drampa|spd|1\n|\n|upkeep\n|turn|2\n|inactive|etrdyfyiu has 30 seconds left.\n|\n|t:|1776355840\n|move|p1b: Alakazam|Speed Swap|p1a: Drampa\n|-activate|p1b: Alakazam|move: Speed Swap|[of] p1a: Drampa\n|move|p1a: Drampa|Earth Power|p2b: Incineroar\n|-supereffective|p2b: Incineroar|1\n|-damage|p2b: Incineroar|16/100\n|-enditem|p2b: Incineroar|Sitrus Berry|[eat]\n|-heal|p2b: Incineroar|41/100|[from] item: Sitrus Berry\n|move|p2a: Venusaur|Sleep Powder|p1a: Drampa|[miss]\n|-miss|p2a: Venusaur|p1a: Drampa\n|move|p2b: Incineroar|Throat Chop|p1b: Alakazam\n|-supereffective|p1b: Alakazam|1\n|-damage|p1b: Alakazam|0 fnt\n|faint|p1b: Alakazam\n|\n|upkeep\n|\n|t:|1776355854\n|switch|p1b: Pelipper|Pelipper, L50, F|100/100\n|-weather|RainDance|[from] ability: Drizzle|[of] p1b: Pelipper\n|turn|3\n|inactive|etrdyfyiu has 30 seconds left.\n|\n|t:|1776355886\n|switch|p2b: Garchomp|Garchomp, L50, M|100/100\n|move|p1a: Drampa|Hyper Voice|p2a: Venusaur|[spread] p2a,p2b\n|-damage|p2a: Venusaur|19/100\n|-damage|p2b: Garchomp|22/100\n|move|p2a: Venusaur|Sleep Powder|p1a: Drampa\n|-status|p1a: Drampa|slp|[from] move: Sleep Powder\n|move|p1b: Pelipper|Tailwind|p1b: Pelipper\n|-sidestart|p1: etrdyfyiu|move: Tailwind\n|\n|-weather|RainDance|[upkeep]\n|upkeep\n|turn|4\n|\n|t:|1776355907\n|cant|p1a: Drampa|slp\n|move|p2a: Venusaur|Protect|p2a: Venusaur\n|-singleturn|p2a: Venusaur|Protect\n|move|p1b: Pelipper|Weather Ball|p2b: Garchomp\n|-damage|p2b: Garchomp|0 fnt\n|faint|p2b: Garchomp\n|\n|-weather|RainDance|[upkeep]\n|upkeep\n|\n|t:|1776355918\n|switch|p2b: Incineroar|Incineroar, L50, M|41/100\n|-ability|p2b: Incineroar|Intimidate|boost\n|-unboost|p1a: Drampa|atk|1\n|-unboost|p1b: Pelipper|atk|1\n|turn|5\n|\n|t:|1776355931\n|-curestatus|p1a: Drampa|slp|[msg]\n|move|p1a: Drampa|Protect|p1a: Drampa\n|-singleturn|p1a: Drampa|Protect\n|move|p2b: Incineroar|Fake Out|p1b: Pelipper\n|-damage|p1b: Pelipper|88/100\n|cant|p1b: Pelipper|flinch\n|move|p2a: Venusaur|Sludge Bomb|p1a: Drampa\n|-activate|p1a: Drampa|move: Protect\n|\n|-weather|RainDance|[upkeep]\n|-sideend|p1: etrdyfyiu|move: Light Screen\n|upkeep\n|turn|6\n|\n|t:|1776355954\n|move|p2b: Incineroar|Helping Hand|p2a: Venusaur\n|-singleturn|p2a: Venusaur|Helping Hand|[of] p2b: Incineroar\n|move|p1a: Drampa|Hyper Voice|p2b: Incineroar|[spread] p2a,p2b\n|-damage|p2a: Venusaur|0 fnt\n|-damage|p2b: Incineroar|0 fnt\n|faint|p2a: Venusaur\n|faint|p2b: Incineroar\n|move|p1b: Pelipper|Weather Ball|p2: Venusaur|[notarget]\n|-fail|p1b: Pelipper\n|\n|-weather|RainDance|[upkeep]\n|-sideend|p1: etrdyfyiu|move: Tailwind\n|upkeep\n|inactive|yamzinyobooty has 30 seconds left.\n|\n|t:|1776355983\n|switch|p2b: Milotic|Milotic, L50, M|100/100\n|turn|7\n|\n|t:|1776355995\n|move|p1a: Drampa|Calm Mind|p1a: Drampa\n|-boost|p1a: Drampa|spa|1\n|-boost|p1a: Drampa|spd|1\n|move|p1b: Pelipper|Tailwind|p1b: Pelipper\n|-sidestart|p1: etrdyfyiu|move: Tailwind\n|move|p2b: Milotic|Ice Beam|p1a: Drampa\n|-supereffective|p1a: Drampa|1\n|-damage|p1a: Drampa|81/100\n|\n|-weather|none\n|upkeep\n|turn|8\n|\n|t:|1776356008\n|switch|p1b: Sinistcha|Sinistcha, L50|100/100\n|-heal|p1a: Drampa|100/100|[from] ability: Hospitality|[of] p1b: Sinistcha\n|move|p1a: Drampa|Calm Mind|p1a: Drampa\n|-boost|p1a: Drampa|spa|1\n|-boost|p1a: Drampa|spd|1\n|move|p2b: Milotic|Ice Beam|p1a: Drampa\n|-supereffective|p1a: Drampa|1\n|-damage|p1a: Drampa|85/100\n|\n|upkeep\n|turn|9\n|j| Bowdidee\n|\n|t:|1776356027\n|move|p1a: Drampa|Hyper Voice|p2b: Milotic\n|-damage|p2b: Milotic|0 fnt\n|faint|p2b: Milotic\n|\n|win|etrdyfyiu\n",
  "uploadtime": 1776356027,
  "views": 18,
  "formatid": "gen9championsvgc2026regma",
  "rating": null,
  "private": 0,
  "password": null
}