{
  "id": "gen9championsvgc2026regma-2583472861",
  "format": "[Gen 9 Champions] VGC 2026 Reg M-A",
  "players": [
    "Shadowflamepkm",
    "CirclesOfSwellow"
  ],
  "log": "|j|\u2606Shadowflamepkm\n|j|\u2606CirclesOfSwellow\n|t:|1776177869\n|gametype|doubles\n|player|p1|Shadowflamepkm|red|1000\n|player|p2|CirclesOfSwellow|barry|1039\n|gen|9\n|tier|[Gen 9 Champions] VGC 2026 Reg M-A\n|rated|\n|rule|Species Clause: Limit one of each Pok\u00e9mon\n|rule|Item Clause: Limit 1 of each item\n|clearpoke\n|poke|p1|Charizard, L50, M|\n|poke|p1|Venusaur, L50, M|\n|poke|p1|Sneasler, L50, F|\n|poke|p1|Incineroar, L50, M|\n|poke|p1|Farigiraf, L50, M|\n|poke|p1|Torkoal, L50, F|\n|poke|p2|Hatterene, L50, F|\n|poke|p2|Farigiraf, L50, F|\n|poke|p2|Kingambit, L50, F|\n|poke|p2|Emboar, L50, M|\n|poke|p2|Drampa, L50, F|\n|poke|p2|Wyrdeer, L50, M|\n|teampreview|4\n|inactive|Battle timer is ON: inactive players will automatically lose when time's up. (requested by CirclesOfSwellow)\n|c|\u2606Shadowflamepkm|Glhf\n|inactive|Shadowflamepkm has 60 seconds left.\n|inactive|CirclesOfSwellow has 60 seconds left.\n|inactive|CirclesOfSwellow has 30 seconds left.\n|\n|t:|1776177935\n|teamsize|p1|4\n|teamsize|p2|4\n|start\n|switch|p1a: Charizard|Charizard, L50, M|100/100\n|switch|p1b: Incineroar|Incineroar, L50, M|100/100\n|switch|p2a: Emboar|Emboar, L50, M|100/100\n|switch|p2b: Wyrdeer|Wyrdeer, L50, M|100/100\n|-ability|p1b: Incineroar|Intimidate|boost\n|-unboost|p2a: Emboar|atk|1\n|-unboost|p2b: Wyrdeer|atk|1\n|-ability|p2b: Wyrdeer|Intimidate|boost\n|-unboost|p1a: Charizard|atk|1\n|-unboost|p1b: Incineroar|atk|1\n|turn|1\n|\n|t:|1776177955\n|detailschange|p1a: Charizard|Charizard-Mega-Y, L50, M\n|-mega|p1a: Charizard|Charizard|Charizardite Y\n|-weather|SunnyDay|[from] ability: Drought|[of] p1a: Charizard\n|move|p1b: Incineroar|Fake Out|p2a: Emboar\n|-damage|p2a: Emboar|91/100\n|move|p1a: Charizard|Heat Wave|p2a: Emboar|[spread] p2a,p2b\n|-resisted|p2a: Emboar|1\n|-damage|p2a: Emboar|52/100\n|-damage|p2b: Wyrdeer|28/100\n|cant|p2a: Emboar|flinch\n|move|p2b: Wyrdeer|Trick Room|p2b: Wyrdeer\n|-fieldstart|move: Trick Room|[of] p2b: Wyrdeer\n|\n|-weather|SunnyDay|[upkeep]\n|upkeep\n|turn|2\n|\n|t:|1776177975\n|move|p1a: Charizard|Protect|p1a: Charizard\n|-singleturn|p1a: Charizard|Protect\n|move|p2b: Wyrdeer|Double-Edge|p1b: Incineroar\n|-damage|p1b: Incineroar|66/100\n|-damage|p2b: Wyrdeer|17/100|[from] Recoil\n|move|p2a: Emboar|Head Smash|p1a: Charizard\n|-activate|p1a: Charizard|move: Protect\n|move|p1b: Incineroar|Darkest Lariat|p2b: Wyrdeer\n|-supereffective|p2b: Wyrdeer|1\n|-damage|p2b: Wyrdeer|0 fnt\n|faint|p2b: Wyrdeer\n|\n|-weather|SunnyDay|[upkeep]\n|upkeep\n|\n|t:|1776177987\n|switch|p2b: Drampa|Drampa, L50, F|100/100\n|-ability|p2b: Drampa|Cloud Nine\n|turn|3\n|\n|t:|1776178002\n|switch|p1a: Farigiraf|Farigiraf, L50, M|100/100\n|move|p2b: Drampa|Calm Mind|p2b: Drampa\n|-boost|p2b: Drampa|spa|1\n|-boost|p2b: Drampa|spd|1\n|move|p2a: Emboar|Head Smash|p1a: Farigiraf\n|-damage|p1a: Farigiraf|55/100\n|-damage|p2a: Emboar|30/100|[from] Recoil\n|move|p1b: Incineroar|Parting Shot|p2a: Emboar\n|-unboost|p2a: Emboar|atk|1\n|-unboost|p2a: Emboar|spa|1\n|\n|t:|1776178015\n|switch|p1b: Torkoal|Torkoal, L50, F|100/100|[from] Parting Shot\n|\n|-weather|SunnyDay|[upkeep]\n|upkeep\n|turn|4\n|\n|t:|1776178039\n|detailschange|p2b: Drampa|Drampa-Mega, L50, F\n|-mega|p2b: Drampa|Drampa|Drampanite\n|move|p2a: Emboar|Protect|p2a: Emboar\n|-singleturn|p2a: Emboar|Protect\n|move|p1b: Torkoal|Eruption|p2b: Drampa|[spread] p2b\n|-activate|p2a: Emboar|move: Protect\n|-resisted|p2b: Drampa|1\n|-damage|p2b: Drampa|78/100\n|move|p2b: Drampa|Hyper Voice|p1a: Farigiraf|[spread] p1a,p1b\n|-damage|p1a: Farigiraf|3/100\n|-damage|p1b: Torkoal|15/100\n|move|p1a: Farigiraf|Psychic|p2b: Drampa\n|-damage|p2b: Drampa|60/100\n|\n|-weather|SunnyDay|[upkeep]\n|upkeep\n|turn|5\n|\n|t:|1776178062\n|move|p1b: Torkoal|Heat Wave|p2a: Emboar|[spread] p2a\n|-miss|p1b: Torkoal|p2b: Drampa\n|-resisted|p2a: Emboar|1\n|-damage|p2a: Emboar|0 fnt\n|faint|p2a: Emboar\n|move|p2b: Drampa|Hyper Voice|p1b: Torkoal|[spread] p1a,p1b\n|-damage|p1a: Farigiraf|0 fnt\n|-damage|p1b: Torkoal|0 fnt\n|faint|p1a: Farigiraf\n|faint|p1b: Torkoal\n|\n|-weather|none\n|-fieldend|move: Trick Room\n|upkeep\n|\n|t:|1776178073\n|switch|p2a: Farigiraf|Farigiraf, L50, F|100/100\n|switch|p1a: Charizard|Charizard-Mega-Y, L50, M|100/100\n|switch|p1b: Incineroar|Incineroar, L50, M|66/100\n|-weather|SunnyDay|[from] ability: Drought|[of] p1a: Charizard\n|-ability|p1b: Incineroar|Intimidate|boost\n|-unboost|p2a: Farigiraf|atk|1\n|-unboost|p2b: Drampa|atk|1\n|turn|6\n|inactive|CirclesOfSwellow has 30 seconds left.\n|\n|t:|1776178103\n|move|p1a: Charizard|Heat Wave|p2b: Drampa|[spread] p2a,p2b\n|-resisted|p2b: Drampa|1\n|-damage|p2a: Farigiraf|41/100\n|-damage|p2b: Drampa|42/100\n|-ability|p2b: Drampa|Berserk|boost\n|-boost|p2b: Drampa|spa|1\n|move|p1b: Incineroar|Darkest Lariat|p2b: Drampa\n|-damage|p2b: Drampa|11/100\n|move|p2b: Drampa|Hyper Voice|p1b: Incineroar|[spread] p1a,p1b\n|-damage|p1a: Charizard|8/100\n|-damage|p1b: Incineroar|0 fnt\n|faint|p1b: Incineroar\n|move|p2a: Farigiraf|Trick Room|p2a: Farigiraf\n|-fieldstart|move: Trick Room|[of] p2a: Farigiraf\n|\n|-weather|SunnyDay|[upkeep]\n|-heal|p2a: Farigiraf|47/100|[from] item: Leftovers\n|upkeep\n|turn|7\n|\n|t:|1776178121\n|move|p2b: Drampa|Hyper Voice|p1a: Charizard\n|-damage|p1a: Charizard|0 fnt\n|faint|p1a: Charizard\n|\n|win|CirclesOfSwellow\n|raw|Shadowflamepkm's rating: 1000 &rarr; <strong>1000</strong><br />(+0 for losing)\n|raw|CirclesOfSwellow's rating: 1039 &rarr; <strong>1069</strong><br />(+30 for winning)\n|l|\u2606CirclesOfSwellow\n|player|p2|\n|l|\u2606Shadowflamepkm\n|player|p1|\n|j|\u2606Shadowflamepkm\n|player|p1|Shadowflamepkm|red|\n",
  "uploadtime": 1776178169,
  "views": 16,
  "formatid": "gen9championsvgc2026regma",
  "rating": 1000,
  "private": 0,
  "password": null
}