{
  "id": "gen9championsvgc2026regma-2587786959",
  "format": "[Gen 9 Champions] VGC 2026 Reg M-A",
  "players": [
    "tatsugirl i~",
    "Cdogp"
  ],
  "log": "|j|\u2606tatsugirl i~\n|j|\u2606Cdogp\n|t:|1776563942\n|gametype|doubles\n|player|p1|tatsugirl i~|erika-gen2|\n|player|p2|Cdogp|nate|\n|gen|9\n|tier|[Gen 9 Champions] VGC 2026 Reg M-A\n|rated|Tournament battle\n|rule|Species Clause: Limit one of each Pok\u00e9mon\n|rule|Item Clause: Limit 1 of each item\n|raw|<div class=\"infobox\"><details class=\"readmore\" open><summary><strong>1 custom rule:</strong></summary> Force Open Team Sheets</details></div>\n|clearpoke\n|poke|p1|Gengar, L50, F|\n|poke|p1|Whimsicott, L50, M|\n|poke|p1|Incineroar, L50, F|\n|poke|p1|Typhlosion-Hisui, L50, F|\n|poke|p1|Corviknight, L50, F|\n|poke|p1|Mimikyu, L50, M|\n|poke|p2|Charizard, L50, F|\n|poke|p2|Whimsicott, L50, M|\n|poke|p2|Farigiraf, L50, M|\n|poke|p2|Sneasler, L50, F|\n|poke|p2|Garchomp, L50, M|\n|poke|p2|Kingambit, L50, M|\n|teampreview|4\n|showteam|p1|Gengar||Gengarite|CursedBody|WillOWisp,SludgeBomb,Substitute,Protect|||F|||50|]Whimsicott||FocusSash|Prankster|Moonblast,SunnyDay,Taunt,Tailwind|||M|||50|]Incineroar||ShucaBerry|Intimidate|FakeOut,DarkestLariat,FlareBlitz,PartingShot|||F|||50|]Typhlosion-Hisui||ChoiceScarf|Blaze|Eruption,HeatWave,Flamethrower,ShadowBall|||F|||50|]Corviknight||Leftovers|MirrorArmor|IronHead,BodyPress,Roost,IronDefense|||F|||50|]Mimikyu||MentalHerb|Disguise|ShadowClaw,DrainPunch,SwordsDance,Protect|||M|||50|\n|showteam|p2|Charizard||CharizarditeY|Blaze|HeatWave,WeatherBall,SolarBeam,Protect|||F|||50|]Whimsicott||FocusSash|Prankster|Moonblast,Tailwind,Protect,Encore|||M|||50|]Farigiraf||SitrusBerry|ArmorTail|HyperVoice,Psychic,TrickRoom,Imprison|||M|||50|]Sneasler||WhiteHerb|Unburden|CloseCombat,FakeOut,DireClaw,Protect|||F|||50|]Garchomp||ChoiceScarf|RoughSkin|DragonClaw,RockSlide,Earthquake,StompingTantrum|||M|||50|]Kingambit||BlackGlasses|Defiant|KowtowCleave,SuckerPunch,SwordsDance,Protect|||M|||50|\n|inactive|Battle timer is ON: inactive players will automatically lose when time's up. (requested by Cdogp)\n|j| stinkyton\n|j| ssuausasj\n|inactive|tatsugirl i~ has 60 seconds left.\n|\n|t:|1776563977\n|teamsize|p1|4\n|teamsize|p2|4\n|start\n|switch|p1a: Mimikyu|Mimikyu, L50, M|100/100\n|switch|p1b: Gengar|Gengar, L50, F|100/100\n|switch|p2a: Sneasler|Sneasler, L50, F|100/100\n|switch|p2b: Kingambit|Kingambit, L50, M|100/100\n|turn|1\n|l|\u2606Cdogp\n|inactive|Cdogp disconnected and has a minute to reconnect!\n|player|p2|\n|j|\u2606Cdogp\n|inactive|Cdogp reconnected and has 40 seconds left.\n|player|p2|Cdogp|nate|\n|inactive|tatsugirl i~ has 30 seconds left.\n|\n|t:|1776564008\n|switch|p2b: Charizard|Charizard, L50, F|100/100\n|detailschange|p1b: Gengar|Gengar-Mega, L50, F\n|-mega|p1b: Gengar|Gengar|Gengarite\n|move|p1b: Gengar|Substitute|p1b: Gengar\n|-start|p1b: Gengar|Substitute\n|-damage|p1b: Gengar|76/100\n|move|p2a: Sneasler|Dire Claw|p1a: Mimikyu\n|-activate|p1a: Mimikyu|ability: Disguise\n|-damage|p1a: Mimikyu|100/100\n|detailschange|p1a: Mimikyu|Mimikyu-Busted, L50, M\n|-damage|p1a: Mimikyu|88/100|[from] pokemon: Mimikyu-Busted\n|move|p1a: Mimikyu|Swords Dance|p1a: Mimikyu\n|-boost|p1a: Mimikyu|atk|2\n|\n|upkeep\n|turn|2\n|\n|t:|1776564028\n|detailschange|p2b: Charizard|Charizard-Mega-Y, L50, F\n|-mega|p2b: Charizard|Charizard|Charizardite Y\n|-weather|SunnyDay|[from] ability: Drought|[of] p2b: Charizard\n|move|p1b: Gengar|Protect|p1b: Gengar\n|-singleturn|p1b: Gengar|Protect\n|move|p1a: Mimikyu|Protect|p1a: Mimikyu\n|-singleturn|p1a: Mimikyu|Protect\n|move|p2a: Sneasler|Dire Claw|p1b: Gengar\n|-activate|p1b: Gengar|move: Protect\n|move|p2b: Charizard|Heat Wave|p1a: Mimikyu|[spread] \n|-activate|p1a: Mimikyu|move: Protect\n|-activate|p1b: Gengar|move: Protect\n|\n|-weather|SunnyDay|[upkeep]\n|upkeep\n|turn|3\n|\n|t:|1776564045\n|move|p1b: Gengar|Will-O-Wisp|p2a: Sneasler\n|-status|p2a: Sneasler|brn\n|move|p2a: Sneasler|Dire Claw|p1b: Gengar\n|-resisted|p1b: Gengar|2\n|-activate|p1b: Gengar|move: Substitute|[damage]\n|move|p2b: Charizard|Weather Ball|p1a: Mimikyu\n|-damage|p1a: Mimikyu|0 fnt\n|faint|p1a: Mimikyu\n|\n|-weather|SunnyDay|[upkeep]\n|-damage|p2a: Sneasler|95/100 brn|[from] brn\n|upkeep\n|\n|t:|1776564062\n|switch|p1a: Typhlosion|Typhlosion-Hisui, L50, F|100/100\n|turn|4\n|\n|t:|1776564068\n|move|p2b: Charizard|Protect|p2b: Charizard\n|-singleturn|p2b: Charizard|Protect\n|move|p1a: Typhlosion|Eruption|p2a: Sneasler|[spread] p2a\n|-activate|p2b: Charizard|move: Protect\n|-damage|p2a: Sneasler|0 fnt\n|faint|p2a: Sneasler\n|move|p1b: Gengar|Sludge Bomb|p2b: Charizard\n|-activate|p2b: Charizard|move: Protect\n|\n|-weather|SunnyDay|[upkeep]\n|upkeep\n|\n|t:|1776564074\n|switch|p2a: Kingambit|Kingambit, L50, M|100/100\n|turn|5\n|\n|t:|1776564082\n|switch|p1a: Whimsicott|Whimsicott, L50, M|100/100\n|move|p2a: Kingambit|Sucker Punch||[still]\n|-fail|p2a: Kingambit\n|move|p1b: Gengar|Will-O-Wisp|p2a: Kingambit\n|-status|p2a: Kingambit|brn\n|move|p2b: Charizard|Heat Wave|p1b: Gengar|[spread] p1a\n|-miss|p2b: Charizard|p1b: Gengar\n|-supereffective|p1a: Whimsicott|1\n|-enditem|p1a: Whimsicott|Focus Sash\n|-damage|p1a: Whimsicott|1/100\n|\n|-weather|SunnyDay|[upkeep]\n|-damage|p2a: Kingambit|95/100 brn|[from] brn\n|upkeep\n|turn|6\n|inactive|tatsugirl i~ has 30 seconds left.\n|inactive|tatsugirl i~ has 20 seconds left.\n|inactive|tatsugirl i~ has 15 seconds left.\n|inactive|tatsugirl i~ has 10 seconds left.\n|\n|t:|1776564130\n|move|p1b: Gengar|Protect|p1b: Gengar\n|-singleturn|p1b: Gengar|Protect\n|move|p1a: Whimsicott|Tailwind|p1a: Whimsicott\n|-sidestart|p1: tatsugirl i~|move: Tailwind\n|move|p2b: Charizard|Heat Wave|p1a: Whimsicott|[spread] \n|-activate|p1b: Gengar|move: Protect\n|-miss|p2b: Charizard|p1a: Whimsicott\n|move|p2a: Kingambit|Kowtow Cleave|p1b: Gengar\n|-activate|p1b: Gengar|move: Protect\n|\n|-weather|none\n|-damage|p2a: Kingambit|89/100 brn|[from] brn\n|upkeep\n|turn|7\n|\n|t:|1776564148\n|move|p1a: Whimsicott|Sunny Day|p1a: Whimsicott\n|-weather|SunnyDay\n|move|p1b: Gengar|Sludge Bomb|p2b: Charizard\n|-damage|p2b: Charizard|42/100\n|move|p2b: Charizard|Heat Wave|p1b: Gengar|[spread] p1a,p1b\n|-end|p1b: Gengar|Substitute\n|-supereffective|p1a: Whimsicott|1\n|-damage|p1a: Whimsicott|0 fnt\n|faint|p1a: Whimsicott\n|move|p2a: Kingambit|Kowtow Cleave|p1b: Gengar\n|-supereffective|p1b: Gengar|1\n|-damage|p1b: Gengar|0 fnt\n|faint|p1b: Gengar\n|\n|-weather|SunnyDay|[upkeep]\n|-damage|p2a: Kingambit|83/100 brn|[from] brn\n|upkeep\n|\n|t:|1776564163\n|switch|p1b: Typhlosion|Typhlosion-Hisui, L50, F|100/100\n|turn|8\n|\n|t:|1776564166\n|move|p2a: Kingambit|Sucker Punch|p1b: Typhlosion\n|-supereffective|p1b: Typhlosion|1\n|-damage|p1b: Typhlosion|32/100\n|move|p1b: Typhlosion|Heat Wave|p2b: Charizard|[spread] p2a,p2b\n|-supereffective|p2a: Kingambit|1\n|-resisted|p2b: Charizard|1\n|-damage|p2a: Kingambit|0 fnt\n|-damage|p2b: Charizard|0 fnt\n|faint|p2a: Kingambit\n|faint|p2b: Charizard\n|\n|-weather|SunnyDay|[upkeep]\n|upkeep\n|\n|t:|1776564170\n|switch|p2b: Whimsicott|Whimsicott, L50, M|100/100\n|turn|9\n|\n|t:|1776564176\n|move|p1b: Typhlosion|Heat Wave|p2b: Whimsicott\n|-supereffective|p2b: Whimsicott|1\n|-enditem|p2b: Whimsicott|Focus Sash\n|-damage|p2b: Whimsicott|1/100\n|move|p2b: Whimsicott|Moonblast|p1b: Typhlosion\n|-resisted|p1b: Typhlosion|1\n|-damage|p1b: Typhlosion|8/100\n|\n|-weather|SunnyDay|[upkeep]\n|-sideend|p1: tatsugirl i~|move: Tailwind\n|upkeep\n|turn|10\n|\n|t:|1776564184\n|move|p1b: Typhlosion|Heat Wave|p2b: Whimsicott\n|-supereffective|p2b: Whimsicott|1\n|-damage|p2b: Whimsicott|0 fnt\n|faint|p2b: Whimsicott\n|\n|win|tatsugirl i~\n|n|\u2606tatsugirl i~|tatsugirli\n|n| stinkyton|stinkyton\n|n| ssuausasj|ssuausasj\n|n|\u2606Cdogp|cdogp\n|l|\u2606Cdogp\n|player|p2|\n",
  "uploadtime": 1776564186,
  "views": 11,
  "formatid": "gen9championsvgc2026regma",
  "rating": null,
  "private": 0,
  "password": null
}