{
  "id": "gen9championsvgc2026regma-2589398437",
  "format": "[Gen 9 Champions] VGC 2026 Reg M-A",
  "players": [
    "benjitulio",
    "D_Bastial"
  ],
  "log": "|j|\u2606benjitulio\n|j|\u2606D_Bastial\n|t:|1776719752\n|gametype|doubles\n|player|p1|benjitulio|wattson|1158\n|player|p2|D_Bastial|266|1180\n|gen|9\n|tier|[Gen 9 Champions] VGC 2026 Reg M-A\n|rated|\n|rule|Species Clause: Limit one of each Pok\u00e9mon\n|rule|Item Clause: Limit 1 of each item\n|clearpoke\n|poke|p1|Dragonite, L50, F|\n|poke|p1|Incineroar, L50, F|\n|poke|p1|Gyarados, L50, F|\n|poke|p1|Maushold-Four, L50|\n|poke|p1|Milotic, L50, F|\n|poke|p1|Whimsicott, L50, M|\n|poke|p2|Gardevoir, L50, F, shiny|\n|poke|p2|Maushold-Four, L50|\n|poke|p2|Zoroark-Hisui, L50, M, shiny|\n|poke|p2|Typhlosion-Hisui, L50, F|\n|poke|p2|Garchomp, L50, M|\n|poke|p2|Aerodactyl, L50, M|\n|teampreview|4\n|\n|t:|1776719801\n|teamsize|p1|4\n|teamsize|p2|4\n|start\n|switch|p1a: Gyarados|Gyarados, L50, F|100/100\n|switch|p1b: Whimsicott|Whimsicott, L50, M|100/100\n|switch|p2a: Maushold|Maushold-Four, L50|100/100\n|switch|p2b: Gardevoir|Gardevoir, L50, F, shiny|100/100\n|-ability|p1a: Gyarados|Intimidate|boost\n|-unboost|p2a: Maushold|atk|1\n|-unboost|p2b: Gardevoir|atk|1\n|turn|1\n|\n|t:|1776719830\n|detailschange|p2b: Gardevoir|Gardevoir-Mega, L50, F, shiny\n|-mega|p2b: Gardevoir|Gardevoir|Gardevoirite\n|move|p1b: Whimsicott|Light Screen|p1b: Whimsicott\n|-sidestart|p1: benjitulio|move: Light Screen\n|move|p2a: Maushold|Encore|p1b: Whimsicott\n|-start|p1b: Whimsicott|Encore\n|-enditem|p1b: Whimsicott|Mental Herb\n|-end|p1b: Whimsicott|Encore\n|move|p1a: Gyarados|Dragon Dance|p1a: Gyarados\n|-boost|p1a: Gyarados|atk|1\n|-boost|p1a: Gyarados|spe|1\n|move|p2b: Gardevoir|Hyper Voice|p1b: Whimsicott|[spread] p1a,p1b\n|-damage|p1a: Gyarados|63/100\n|-damage|p1b: Whimsicott|41/100\n|\n|upkeep\n|turn|2\n|\n|t:|1776719857\n|switch|p1b: Incineroar|Incineroar, L50, F|100/100\n|-ability|p1b: Incineroar|Intimidate|boost\n|-unboost|p2a: Maushold|atk|1\n|-unboost|p2b: Gardevoir|atk|1\n|detailschange|p1a: Gyarados|Gyarados-Mega, L50, F\n|-mega|p1a: Gyarados|Gyarados|Gyaradosite\n|-ability|p1a: Gyarados|Mold Breaker\n|move|p2a: Maushold|Follow Me|p2a: Maushold\n|-singleturn|p2a: Maushold|move: Follow Me\n|move|p1a: Gyarados|Waterfall|p2a: Maushold\n|-damage|p2a: Maushold|0 fnt\n|faint|p2a: Maushold\n|move|p2b: Gardevoir|Psyshock|p1a: Gyarados\n|-immune|p1a: Gyarados\n|\n|upkeep\n|\n|t:|1776719876\n|switch|p2a: Aerodactyl|Aerodactyl, L50, M|100/100\n|turn|3\n|\n|t:|1776719883\n|switch|p2a: Garchomp|Garchomp, L50, M|100/100\n|move|p2b: Gardevoir|Protect|p2b: Gardevoir\n|-singleturn|p2b: Gardevoir|Protect\n|move|p1b: Incineroar|Fake Out|p2a: Garchomp\n|-damage|p2a: Garchomp|91/100\n|-damage|p1b: Incineroar|88/100|[from] ability: Rough Skin|[of] p2a: Garchomp\n|move|p1a: Gyarados|Waterfall|p2b: Gardevoir\n|-activate|p2b: Gardevoir|move: Protect\n|\n|upkeep\n|turn|4\n|\n|t:|1776719900\n|switch|p2b: Aerodactyl|Aerodactyl, L50, M|100/100\n|move|p1a: Gyarados|Waterfall|p2b: Aerodactyl\n|-supereffective|p2b: Aerodactyl|1\n|-enditem|p2b: Aerodactyl|Focus Sash\n|-damage|p2b: Aerodactyl|1/100\n|move|p2a: Garchomp|Earthquake|p1a: Gyarados|[spread] p1a,p1b\n|-immune|p2b: Aerodactyl\n|-supereffective|p1b: Incineroar|1\n|-damage|p1a: Gyarados|22/100\n|-damage|p1b: Incineroar|22/100\n|move|p1b: Incineroar|Flare Blitz|p2a: Garchomp\n|-resisted|p2a: Garchomp|1\n|-damage|p2a: Garchomp|66/100\n|-status|p2a: Garchomp|brn\n|-damage|p1b: Incineroar|9/100|[from] ability: Rough Skin|[of] p2a: Garchomp\n|-damage|p1b: Incineroar|2/100|[from] Recoil\n|\n|-damage|p2a: Garchomp|60/100 brn|[from] brn\n|upkeep\n|turn|5\n|inactive|Battle timer is ON: inactive players will automatically lose when time's up. (requested by benjitulio)\n|\n|t:|1776719971\n|move|p2b: Aerodactyl|Protect|p2b: Aerodactyl\n|-singleturn|p2b: Aerodactyl|Protect\n|move|p1a: Gyarados|Protect|p1a: Gyarados\n|-singleturn|p1a: Gyarados|Protect\n|move|p2a: Garchomp|Earthquake|p1b: Incineroar|[spread] p1b\n|-activate|p2b: Aerodactyl|move: Protect\n|-activate|p1a: Gyarados|move: Protect\n|-supereffective|p1b: Incineroar|1\n|-damage|p1b: Incineroar|0 fnt\n|faint|p1b: Incineroar\n|\n|-damage|p2a: Garchomp|54/100 brn|[from] brn\n|-sideend|p1: benjitulio|move: Light Screen\n|upkeep\n|\n|t:|1776719979\n|switch|p1b: Whimsicott|Whimsicott, L50, M|41/100\n|turn|6\n|\n|t:|1776719998\n|move|p1b: Whimsicott|Tailwind|p1b: Whimsicott\n|-sidestart|p1: benjitulio|move: Tailwind\n|move|p1a: Gyarados|Waterfall|p2b: Aerodactyl\n|-supereffective|p2b: Aerodactyl|1\n|-damage|p2b: Aerodactyl|0 fnt\n|faint|p2b: Aerodactyl\n|move|p2a: Garchomp|Dragon Claw|p1a: Gyarados\n|-damage|p1a: Gyarados|0 fnt\n|faint|p1a: Gyarados\n|\n|-damage|p2a: Garchomp|48/100 brn|[from] brn\n|upkeep\n|\n|t:|1776720008\n|switch|p2b: Gardevoir|Gardevoir-Mega, L50, F, shiny|100/100\n|switch|p1a: Milotic|Milotic, L50, F|100/100\n|turn|7\n|\n|t:|1776720021\n|move|p2a: Garchomp|Protect|p2a: Garchomp\n|-singleturn|p2a: Garchomp|Protect\n|move|p1b: Whimsicott|Moonblast|p2a: Garchomp\n|-activate|p2a: Garchomp|move: Protect\n|move|p1a: Milotic|Scald|p2b: Gardevoir\n|-damage|p2b: Gardevoir|66/100\n|move|p2b: Gardevoir|Hyper Voice|p1b: Whimsicott|[spread] p1a,p1b\n|-crit|p1b: Whimsicott\n|-damage|p1a: Milotic|61/100\n|-damage|p1b: Whimsicott|0 fnt\n|faint|p1b: Whimsicott\n|\n|-heal|p1a: Milotic|67/100|[from] item: Leftovers\n|-damage|p2a: Garchomp|42/100 brn|[from] brn\n|upkeep\n|turn|8\n|\n|t:|1776720034\n|move|p1a: Milotic|Ice Beam|p2a: Garchomp\n|-supereffective|p2a: Garchomp|2\n|-damage|p2a: Garchomp|0 fnt\n|faint|p2a: Garchomp\n|move|p2b: Gardevoir|Psyshock|p1a: Milotic\n|-damage|p1a: Milotic|8/100\n|\n|-heal|p1a: Milotic|14/100|[from] item: Leftovers\n|upkeep\n|turn|9\n|\n|t:|1776720043\n|move|p2b: Gardevoir|Protect|p2b: Gardevoir\n|-singleturn|p2b: Gardevoir|Protect\n|move|p1a: Milotic|Ice Beam|p2b: Gardevoir\n|-activate|p2b: Gardevoir|move: Protect\n|\n|-heal|p1a: Milotic|20/100|[from] item: Leftovers\n|-sideend|p1: benjitulio|move: Tailwind\n|upkeep\n|turn|10\n|\n|t:|1776720047\n|move|p1a: Milotic|Protect|p1a: Milotic\n|-singleturn|p1a: Milotic|Protect\n|move|p2b: Gardevoir|Hyper Voice|p1a: Milotic\n|-activate|p1a: Milotic|move: Protect\n|\n|-heal|p1a: Milotic|27/100|[from] item: Leftovers\n|upkeep\n|turn|11\n|\n|t:|1776720051\n|move|p2b: Gardevoir|Psyshock|p1a: Milotic\n|-damage|p1a: Milotic|0 fnt\n|faint|p1a: Milotic\n|\n|win|D_Bastial\n|raw|benjitulio's rating: 1158 &rarr; <strong>1135</strong><br />(-23 for losing)\n|raw|D_Bastial's rating: 1180 &rarr; <strong>1203</strong><br />(+23 for winning)\n",
  "uploadtime": 1776720051,
  "views": 7,
  "formatid": "gen9championsvgc2026regma",
  "rating": 1135,
  "private": 0,
  "password": null
}