{
  "id": "gen9championsvgc2026regma-2582167320",
  "format": "[Gen 9 Champions] VGC 2026 Reg M-A",
  "players": [
    "user638468287",
    "E.Kennedy10"
  ],
  "log": "|j|\u2606user638468287\n|j|\u2606E.Kennedy10\n|t:|1776066564\n|gametype|doubles\n|player|p1|user638468287|1|1169\n|player|p2|E.Kennedy10|2|1096\n|gen|9\n|tier|[Gen 9 Champions] VGC 2026 Reg M-A\n|rated|\n|rule|Species Clause: Limit one of each Pok\u00e9mon\n|rule|Item Clause: Limit 1 of each item\n|clearpoke\n|poke|p1|Excadrill, L50, M|\n|poke|p1|Tyranitar, L50, M|\n|poke|p1|Incineroar, L50, M|\n|poke|p1|Sinistcha-Masterpiece, L50|\n|poke|p1|Basculegion, L50, M|\n|poke|p1|Dragapult, L50, M|\n|poke|p2|Basculegion, L50, M|\n|poke|p2|Kingambit, L50, M|\n|poke|p2|Archaludon, L50, M|\n|poke|p2|Farigiraf, L50, M|\n|poke|p2|Sneasler, L50, F|\n|poke|p2|Blastoise, L50, M|\n|teampreview|4\n|j| majayong03\n|l| majayong03\nuser638468287 has agreed to open team sheets.\nE.Kennedy10 has agreed to open team sheets.\n|showteam|p1|Excadrill||Excadrite|SandRush|IronHead,HighHorsepower,RockSlide,Protect|||M|||50|]Tyranitar||Tyranitarite|SandStream|RockSlide,Snarl,BreakingSwipe,Protect|||M|||50|]Incineroar||PasshoBerry|Intimidate|FlareBlitz,FakeOut,PartingShot,WillOWisp|||M|||50|]Sinistcha-Masterpiece||SitrusBerry|Hospitality|MatchaGotcha,LifeDew,TrickRoom,RagePowder||||||50|]Basculegion||ChoiceScarf|Adaptability|WaveCrash,FlipTurn,LastRespects,PsychicFangs|||M|||50|]Dragapult||FocusSash|ClearBody|DragonDarts,PhantomForce,WillOWisp,DragonDance|||M|||50|\n|showteam|p2|Basculegion||MysticWater|Adaptability|AquaJet,WaveCrash,LastRespects,FlipTurn|||M|||50|]Kingambit||BlackGlasses|SupremeOverlord|KowtowCleave,SuckerPunch,Protect,SwordsDance|||M|||50|]Archaludon||Leftovers|Stamina|FlashCannon,ElectroShot,DracoMeteor,AuraSphere|||M|||50|]Farigiraf||MentalHerb|ArmorTail|Psychic,RainDance,DazzlingGleam,Protect|||M|||50|]Sneasler||FocusSash|PoisonTouch|FakeOut,CloseCombat,Uturn,SludgeWave|||F|||50|]Blastoise||Blastoisinite|Torrent|WaterSpout,IceBeam,DragonPulse,Earthquake|||M|||50|\n|\n|t:|1776066658\n|teamsize|p1|4\n|teamsize|p2|4\n|start\n|switch|p1a: Paolo Bonolis|Tyranitar, L50, M|100/100\n|switch|p1b: The tazza|Sinistcha-Masterpiece, L50|100/100\n|switch|p2a: Sneasler|Sneasler, L50, F|100/100\n|switch|p2b: Farigiraf|Farigiraf, L50, M|100/100\n|-weather|Sandstorm|[from] ability: Sand Stream|[of] p1a: Paolo Bonolis\n|turn|1\n|\n|t:|1776066715\n|switch|p1b: Luca Laurenti|Incineroar, L50, M|100/100\n|-ability|p1b: Luca Laurenti|Intimidate|boost\n|-unboost|p2a: Sneasler|atk|1\n|-unboost|p2b: Farigiraf|atk|1\n|move|p1a: Paolo Bonolis|Protect|p1a: Paolo Bonolis\n|-singleturn|p1a: Paolo Bonolis|Protect\n|move|p2a: Sneasler|U-turn|p1a: Paolo Bonolis\n|-activate|p1a: Paolo Bonolis|move: Protect\n|move|p2b: Farigiraf|Rain Dance|p2b: Farigiraf\n|-weather|RainDance\n|\n|-weather|RainDance|[upkeep]\n|upkeep\n|turn|2\n|\n|t:|1776066760\n|detailschange|p1a: Paolo Bonolis|Tyranitar-Mega, L50, M\n|-mega|p1a: Paolo Bonolis|Tyranitar|Tyranitarite\n|-weather|Sandstorm|[from] ability: Sand Stream|[of] p1a: Paolo Bonolis\n|move|p2b: Farigiraf|Protect|p2b: Farigiraf\n|-singleturn|p2b: Farigiraf|Protect\n|move|p1b: Luca Laurenti|Fake Out||[still]\n|cant|p2b: Farigiraf|ability: Armor Tail|Fake Out|[of] p1b: Luca Laurenti\n|move|p2a: Sneasler|Close Combat|p1a: Paolo Bonolis\n|-supereffective|p1a: Paolo Bonolis|2\n|-damage|p1a: Paolo Bonolis|25/100\n|-unboost|p2a: Sneasler|def|1\n|-unboost|p2a: Sneasler|spd|1\n|-status|p1a: Paolo Bonolis|psn|[from] ability: Poison Touch|[of] p2a: Sneasler\n|move|p1a: Paolo Bonolis|Breaking Swipe|p2b: Farigiraf|[spread] p2a\n|-activate|p2b: Farigiraf|move: Protect\n|-damage|p2a: Sneasler|56/100\n|-unboost|p2a: Sneasler|atk|1\n|\n|-weather|Sandstorm|[upkeep]\n|-damage|p2a: Sneasler|50/100|[from] Sandstorm\n|-damage|p1b: Luca Laurenti|95/100|[from] Sandstorm\n|-damage|p2b: Farigiraf|94/100|[from] Sandstorm\n|-damage|p1a: Paolo Bonolis|13/100 psn|[from] psn\n|upkeep\n|turn|3\n|\n|t:|1776066789\n|move|p1a: Paolo Bonolis|Protect|p1a: Paolo Bonolis\n|-singleturn|p1a: Paolo Bonolis|Protect\n|move|p2a: Sneasler|U-turn|p1a: Paolo Bonolis\n|-activate|p1a: Paolo Bonolis|move: Protect\n|move|p1b: Luca Laurenti|Parting Shot|p2b: Farigiraf\n|-unboost|p2b: Farigiraf|atk|1\n|-unboost|p2b: Farigiraf|spa|1\n|\n|t:|1776066797\n|switch|p1b: The tazza|Sinistcha-Masterpiece, L50|100/100|[from] Parting Shot\n|-heal|p1a: Paolo Bonolis|38/100 psn|[from] ability: Hospitality|[of] p1b: The tazza\n|move|p2b: Farigiraf|Rain Dance|p2b: Farigiraf\n|-weather|RainDance\n|\n|-weather|RainDance|[upkeep]\n|-damage|p1a: Paolo Bonolis|26/100 psn|[from] psn\n|upkeep\n|turn|4\n|\n|t:|1776066823\n|move|p2b: Farigiraf|Protect|p2b: Farigiraf\n|-singleturn|p2b: Farigiraf|Protect\n|move|p1b: The tazza|Rage Powder|p1b: The tazza\n|-singleturn|p1b: The tazza|move: Rage Powder\n|move|p2a: Sneasler|U-turn|p1b: The tazza\n|-crit|p1b: The tazza\n|-damage|p1b: The tazza|70/100\n|\n|t:|1776066830\n|switch|p2a: Blastoise|Blastoise, L50, M|100/100|[from] U-turn\n|move|p1a: Paolo Bonolis|Rock Slide|p2a: Blastoise|[spread] p2a\n|-activate|p2b: Farigiraf|move: Protect\n|-damage|p2a: Blastoise|69/100\n|\n|-weather|RainDance|[upkeep]\n|-damage|p1a: Paolo Bonolis|14/100 psn|[from] psn\n|upkeep\n|turn|5\n|\n|t:|1776066848\n|switch|p1a: Basculegion|Basculegion, L50, M|100/100\n|detailschange|p2a: Blastoise|Blastoise-Mega, L50, M\n|-mega|p2a: Blastoise|Blastoise|Blastoisinite\n|move|p2a: Blastoise|Water Spout|p1a: Basculegion|[spread] p1a,p1b\n|-resisted|p1a: Basculegion|1\n|-resisted|p1b: The tazza|1\n|-damage|p1a: Basculegion|64/100\n|-damage|p1b: The tazza|36/100\n|-enditem|p1b: The tazza|Sitrus Berry|[eat]\n|-heal|p1b: The tazza|61/100|[from] item: Sitrus Berry\n|move|p1b: The tazza|Matcha Gotcha|p2a: Blastoise|[spread] p2a,p2b\n|-supereffective|p2a: Blastoise|1\n|-damage|p2a: Blastoise|21/100\n|-heal|p1b: The tazza|86/100|[from] drain|[of] p2a: Blastoise\n|-damage|p2b: Farigiraf|72/100\n|-heal|p1b: The tazza|100/100|[from] drain|[of] p2b: Farigiraf\n|-status|p2b: Farigiraf|brn\n|move|p2b: Farigiraf|Dazzling Gleam|p1b: The tazza|[spread] p1a,p1b\n|-damage|p1a: Basculegion|53/100\n|-damage|p1b: The tazza|90/100\n|\n|-weather|RainDance|[upkeep]\n|-damage|p2b: Farigiraf|66/100 brn|[from] brn\n|upkeep\n|turn|6\n|\n|t:|1776066899\n|move|p2b: Farigiraf|Protect|p2b: Farigiraf\n|-singleturn|p2b: Farigiraf|Protect\n|move|p1a: Basculegion|Flip Turn|p2a: Blastoise\n|-resisted|p2a: Blastoise|1\n|-damage|p2a: Blastoise|0 fnt\n|faint|p2a: Blastoise\n|\n|t:|1776066906\n|switch|p1a: Paolo Bonolis|Tyranitar-Mega, L50, M|14/100 psn|[from] Flip Turn\n|-weather|Sandstorm|[from] ability: Sand Stream|[of] p1a: Paolo Bonolis\n|move|p1b: The tazza|Life Dew|p1b: The tazza|[spread] p1a,p1b\n|-heal|p1a: Paolo Bonolis|39/100 psn\n|-heal|p1b: The tazza|100/100\n|\n|-weather|Sandstorm|[upkeep]\n|-damage|p1b: The tazza|94/100|[from] Sandstorm\n|-damage|p2b: Farigiraf|60/100 brn|[from] Sandstorm\n|-damage|p1a: Paolo Bonolis|27/100 psn|[from] psn\n|-damage|p2b: Farigiraf|53/100 brn|[from] brn\n|upkeep\n|\n|t:|1776066918\n|switch|p2a: Basculegion|Basculegion, L50, M|100/100\n|turn|7\n|\n|t:|1776066926\n|switch|p1a: Luca Laurenti|Incineroar, L50, M|95/100\n|-ability|p1a: Luca Laurenti|Intimidate|boost\n|-unboost|p2a: Basculegion|atk|1\n|-unboost|p2b: Farigiraf|atk|1\n|move|p2a: Basculegion|Last Respects|p1b: The tazza\n|-supereffective|p1b: The tazza|1\n|-damage|p1b: The tazza|13/100\n|move|p1b: The tazza|Matcha Gotcha|p2b: Farigiraf|[spread] p2a,p2b\n|-supereffective|p2a: Basculegion|1\n|-damage|p2a: Basculegion|30/100\n|-heal|p1b: The tazza|52/100|[from] drain|[of] p2a: Basculegion\n|-damage|p2b: Farigiraf|32/100 brn\n|-heal|p1b: The tazza|66/100|[from] drain|[of] p2b: Farigiraf\n|move|p2b: Farigiraf|Rain Dance|p2b: Farigiraf\n|-weather|RainDance\n|\n|-weather|RainDance|[upkeep]\n|-damage|p2b: Farigiraf|26/100 brn|[from] brn\n|upkeep\n|turn|8\n|\n|t:|1776066961\n|move|p1b: The tazza|Rage Powder|p1b: The tazza\n|-singleturn|p1b: The tazza|move: Rage Powder\n|move|p2a: Basculegion|Wave Crash|p1b: The tazza\n|-resisted|p1b: The tazza|1\n|-damage|p1b: The tazza|21/100\n|-damage|p2a: Basculegion|17/100|[from] Recoil\n|move|p1a: Luca Laurenti|Parting Shot|p2a: Basculegion\n|-unboost|p2a: Basculegion|atk|1\n|-unboost|p2a: Basculegion|spa|1\n|\n|t:|1776066970\n|switch|p1a: Basculegion|Basculegion, L50, M|53/100|[from] Parting Shot\n|move|p2b: Farigiraf|Psychic|p1b: The tazza\n|-damage|p1b: The tazza|0 fnt\n|faint|p1b: The tazza\n|\n|-weather|RainDance|[upkeep]\n|-damage|p2b: Farigiraf|20/100 brn|[from] brn\n|upkeep\n|\n|t:|1776066977\n|switch|p1b: Paolo Bonolis|Tyranitar-Mega, L50, M|27/100 psn\n|-weather|Sandstorm|[from] ability: Sand Stream|[of] p1b: Paolo Bonolis\n|turn|9\n|\n|t:|1776067015\n|switch|p1b: Luca Laurenti|Incineroar, L50, M|95/100\n|-ability|p1b: Luca Laurenti|Intimidate|boost\n|-unboost|p2a: Basculegion|atk|1\n|-unboost|p2b: Farigiraf|atk|1\n|move|p2b: Farigiraf|Protect|p2b: Farigiraf\n|-singleturn|p2b: Farigiraf|Protect\n|move|p1a: Basculegion|Flip Turn|p2a: Basculegion\n|-resisted|p2a: Basculegion|1\n|-damage|p2a: Basculegion|0 fnt\n|faint|p2a: Basculegion\n|\n|t:|1776067026\n|switch|p1a: Paolo Bonolis|Tyranitar-Mega, L50, M|27/100 psn|[from] Flip Turn\n|\n|-weather|Sandstorm|[upkeep]\n|-damage|p1b: Luca Laurenti|89/100|[from] Sandstorm\n|-damage|p2b: Farigiraf|14/100 brn|[from] Sandstorm\n|-damage|p1a: Paolo Bonolis|15/100 psn|[from] psn\n|-damage|p2b: Farigiraf|8/100 brn|[from] brn\n|upkeep\n|\n|t:|1776067034\n|switch|p2a: Sneasler|Sneasler, L50, F|50/100\n|turn|10\n|\n|t:|1776067065\n|move|p1a: Paolo Bonolis|Protect|p1a: Paolo Bonolis\n|-singleturn|p1a: Paolo Bonolis|Protect\n|move|p2a: Sneasler|Fake Out|p1b: Luca Laurenti\n|-damage|p1b: Luca Laurenti|73/100\n|cant|p1b: Luca Laurenti|flinch\n|move|p2b: Farigiraf|Dazzling Gleam|p1b: Luca Laurenti|[spread] p1b\n|-activate|p1a: Paolo Bonolis|move: Protect\n|-damage|p1b: Luca Laurenti|66/100\n|\n|-weather|Sandstorm|[upkeep]\n|-damage|p2a: Sneasler|44/100|[from] Sandstorm\n|-damage|p1b: Luca Laurenti|60/100|[from] Sandstorm\n|-damage|p2b: Farigiraf|1/100 brn|[from] Sandstorm\n|-damage|p1a: Paolo Bonolis|2/100 psn|[from] psn\n|-damage|p2b: Farigiraf|0 fnt|[from] brn\n|faint|p2b: Farigiraf\n|upkeep\n|turn|11\n|\n|t:|1776067104\n|switch|p1b: Basculegion|Basculegion, L50, M|53/100\n|move|p2a: Sneasler|Close Combat|p1b: Basculegion\n|-immune|p1b: Basculegion\n|move|p1a: Paolo Bonolis|Breaking Swipe|p2a: Sneasler\n|-damage|p2a: Sneasler|9/100\n|-unboost|p2a: Sneasler|atk|1\n|\n|-weather|Sandstorm|[upkeep]\n|-damage|p1b: Basculegion|47/100|[from] Sandstorm\n|-damage|p2a: Sneasler|3/100|[from] Sandstorm\n|-damage|p1a: Paolo Bonolis|0 fnt|[from] psn\n|faint|p1a: Paolo Bonolis\n|upkeep\n|\n|t:|1776067113\n|switch|p1a: Luca Laurenti|Incineroar, L50, M|60/100\n|-ability|p1a: Luca Laurenti|Intimidate|boost\n|-unboost|p2a: Sneasler|atk|1\n|turn|12\n|\n|t:|1776067121\n|move|p1a: Luca Laurenti|Fake Out|p2a: Sneasler\n|-damage|p2a: Sneasler|0 fnt\n|faint|p2a: Sneasler\n|\n|win|user638468287\n|raw|user638468287's rating: 1169 &rarr; <strong>1189</strong><br />(+20 for winning)\n|raw|E.Kennedy10's rating: 1096 &rarr; <strong>1077</strong><br />(-19 for losing)\n|l|\u2606E.Kennedy10\n|player|p2|\n",
  "uploadtime": 1776067136,
  "views": 22,
  "formatid": "gen9championsvgc2026regma",
  "rating": 1077,
  "private": 0,
  "password": null
}