{
  "id": "gen9championsvgc2026regma-2584143866",
  "format": "[Gen 9 Champions] VGC 2026 Reg M-A",
  "players": [
    "RenatoSB",
    "9wtt"
  ],
  "log": "|j|\u2606RenatoSB\n|j|\u26069wtt\n|t:|1776230224\n|gametype|doubles\n|player|p1|RenatoSB|101|1029\n|player|p2|9wtt|karen-gen2|1014\n|gen|9\n|tier|[Gen 9 Champions] VGC 2026 Reg M-A\n|rated|\n|rule|Species Clause: Limit one of each Pok\u00e9mon\n|rule|Item Clause: Limit 1 of each item\n|clearpoke\n|poke|p1|Whimsicott, L50, M|\n|poke|p1|Dragonite, L50, F|\n|poke|p1|Aggron, L50, F|\n|poke|p1|Arcanine, L50, F|\n|poke|p1|Machamp, L50, M|\n|poke|p1|Tyranitar, L50, F|\n|poke|p2|Gengar, L50, F|\n|poke|p2|Garchomp, L50, F|\n|poke|p2|Politoed, L50, F|\n|poke|p2|Sneasler, L50, F|\n|poke|p2|Basculegion, L50, M|\n|poke|p2|Talonflame, L50, F|\n|teampreview|4\n|\n|t:|1776230253\n|teamsize|p1|4\n|teamsize|p2|4\n|start\n|switch|p1a: Tyranitar|Tyranitar, L50, F|100/100\n|switch|p1b: Arcanine|Arcanine, L50, F|100/100\n|switch|p2a: Talonflame|Talonflame, L50, F, shiny|100/100\n|switch|p2b: Gengar|Gengar, L50, F, shiny|100/100\n|-weather|Sandstorm|[from] ability: Sand Stream|[of] p1a: Tyranitar\n|-ability|p1b: Arcanine|Intimidate|boost\n|-unboost|p2a: Talonflame|atk|1\n|-unboost|p2b: Gengar|atk|1\n|turn|1\n|\n|t:|1776230279\n|switch|p2b: Politoed|Politoed, L50, F, shiny|100/100\n|-weather|RainDance|[from] ability: Drizzle|[of] p2b: Politoed\n|move|p2a: Talonflame|Tailwind|p2a: Talonflame\n|-sidestart|p2: 9wtt|move: Tailwind\n|move|p1a: Tyranitar|Dragon Dance|p1a: Tyranitar\n|-boost|p1a: Tyranitar|atk|1\n|-boost|p1a: Tyranitar|spe|1\n|move|p1b: Arcanine|Howl|p1b: Arcanine|[spread] p1a,p1b\n|-boost|p1a: Tyranitar|atk|1\n|-boost|p1b: Arcanine|atk|1\n|\n|-weather|RainDance|[upkeep]\n|upkeep\n|turn|2\n|\n|t:|1776230301\n|move|p1b: Arcanine|Protect|p1b: Arcanine\n|-singleturn|p1b: Arcanine|Protect\n|move|p2a: Talonflame|Taunt|p1b: Arcanine\n|-activate|p1b: Arcanine|move: Protect\n|move|p1a: Tyranitar|Rock Slide|p2b: Politoed|[spread] p2a,p2b\n|-supereffective|p2a: Talonflame|2\n|-damage|p2a: Talonflame|0 fnt\n|-damage|p2b: Politoed|49/100\n|faint|p2a: Talonflame\n|move|p2b: Politoed|Weather Ball|p1a: Tyranitar\n|-supereffective|p1a: Tyranitar|1\n|-damage|p1a: Tyranitar|0 fnt\n|faint|p1a: Tyranitar\n|\n|-weather|RainDance|[upkeep]\n|-heal|p2b: Politoed|55/100|[from] item: Leftovers\n|upkeep\n|\n|t:|1776230322\n|switch|p2a: Basculegion|Basculegion, L50, M, shiny|100/100\n|switch|p1a: Whimsicott|Whimsicott, L50, M|100/100\n|turn|3\n|\n|t:|1776230334\n|switch|p1b: Dragonite|Dragonite, L50, F|100/100\n|move|p1a: Whimsicott|Tailwind|p1a: Whimsicott\n|-sidestart|p1: RenatoSB|move: Tailwind\n|move|p2a: Basculegion|Wave Crash|p1b: Dragonite\n|-resisted|p1b: Dragonite|1\n|-damage|p1b: Dragonite|73/100\n|-damage|p2a: Basculegion|93/100|[from] Recoil\n|move|p2b: Politoed|Substitute|p2b: Politoed\n|-start|p2b: Politoed|Substitute\n|-damage|p2b: Politoed|30/100\n|\n|-weather|RainDance|[upkeep]\n|-heal|p2b: Politoed|36/100|[from] item: Leftovers\n|upkeep\n|turn|4\n|\n|t:|1776230372\n|detailschange|p1b: Dragonite|Dragonite-Mega, L50, F\n|-mega|p1b: Dragonite|Dragonite|Dragoninite\n|move|p1a: Whimsicott|Encore|p2a: Basculegion\n|-start|p2a: Basculegion|Encore\n|move|p2a: Basculegion|Wave Crash|p1a: Whimsicott\n|-resisted|p1a: Whimsicott|1\n|-damage|p1a: Whimsicott|50/100\n|-damage|p2a: Basculegion|81/100|[from] Recoil\n|move|p1b: Dragonite|Air Slash|p2a: Basculegion\n|-damage|p2a: Basculegion|23/100\n|move|p2b: Politoed|Weather Ball|p1a: Whimsicott\n|-resisted|p1a: Whimsicott|1\n|-damage|p1a: Whimsicott|9/100\n|\n|-weather|RainDance|[upkeep]\n|-heal|p2b: Politoed|42/100|[from] item: Leftovers\n|-sideend|p2: 9wtt|move: Tailwind\n|upkeep\n|turn|5\n|\n|t:|1776230412\n|move|p1a: Whimsicott|Moonblast|p2a: Basculegion\n|-damage|p2a: Basculegion|0 fnt\n|faint|p2a: Basculegion\n|move|p1b: Dragonite|Dragon Pulse|p2b: Politoed\n|-end|p2b: Politoed|Substitute\n|move|p2b: Politoed|Weather Ball|p1a: Whimsicott\n|-resisted|p1a: Whimsicott|1\n|-damage|p1a: Whimsicott|0 fnt\n|faint|p1a: Whimsicott\n|\n|-weather|none\n|-heal|p2b: Politoed|48/100|[from] item: Leftovers\n|upkeep\n|\n|t:|1776230425\n|switch|p1a: Arcanine|Arcanine, L50, F|100/100\n|switch|p2a: Gengar|Gengar, L50, F, shiny|100/100\n|-ability|p1a: Arcanine|Intimidate|boost\n|-unboost|p2a: Gengar|atk|1\n|-unboost|p2b: Politoed|atk|1\n|turn|6\n|\n|t:|1776230446\n|move|p2a: Gengar|Protect|p2a: Gengar\n|-singleturn|p2a: Gengar|Protect\n|move|p2b: Politoed|Protect|p2b: Politoed\n|-singleturn|p2b: Politoed|Protect\n|move|p1b: Dragonite|Air Slash|p2b: Politoed\n|-activate|p2b: Politoed|move: Protect\n|move|p1a: Arcanine|Howl|p1a: Arcanine|[spread] p1a,p1b\n|-boost|p1a: Arcanine|atk|1\n|-boost|p1b: Dragonite|atk|1\n|\n|-heal|p2b: Politoed|54/100|[from] item: Leftovers\n|-sideend|p1: RenatoSB|move: Tailwind\n|upkeep\n|turn|7\n|\n|t:|1776230484\n|detailschange|p2a: Gengar|Gengar-Mega, L50, F, shiny\n|-mega|p2a: Gengar|Gengar|Gengarite\n|move|p1b: Dragonite|Extreme Speed|p2b: Politoed\n|-damage|p2b: Politoed|28/100\n|move|p1a: Arcanine|Extreme Speed|p2b: Politoed\n|-damage|p2b: Politoed|3/100\n|move|p2a: Gengar|Sludge Bomb|p1b: Dragonite\n|-crit|p1b: Dragonite\n|-damage|p1b: Dragonite|0 fnt\n|faint|p1b: Dragonite\n|move|p2b: Politoed|Perish Song|p2b: Politoed\n|-start|p1a: Arcanine|perish3|[silent]\n|-start|p2a: Gengar|perish3|[silent]\n|-start|p2b: Politoed|perish3|[silent]\n|-fieldactivate|move: Perish Song\n|\n|-heal|p2b: Politoed|9/100|[from] item: Leftovers\n|-start|p2a: Gengar|perish3\n|-start|p1a: Arcanine|perish3\n|-start|p2b: Politoed|perish3\n|upkeep\n|turn|8\n|\n|t:|1776230518\n|move|p2b: Politoed|Protect|p2b: Politoed\n|-singleturn|p2b: Politoed|Protect\n|move|p1a: Arcanine|Extreme Speed|p2b: Politoed\n|-activate|p2b: Politoed|move: Protect\n|move|p2a: Gengar|Sludge Bomb|p1a: Arcanine\n|-damage|p1a: Arcanine|43/100\n|-status|p1a: Arcanine|psn\n|-enditem|p1a: Arcanine|Sitrus Berry|[eat]\n|-heal|p1a: Arcanine|68/100 psn|[from] item: Sitrus Berry\n|\n|-heal|p2b: Politoed|15/100|[from] item: Leftovers\n|-damage|p1a: Arcanine|56/100 psn|[from] psn\n|-start|p2a: Gengar|perish2\n|-start|p1a: Arcanine|perish2\n|-start|p2b: Politoed|perish2\n|upkeep\n|turn|9\n|-message|RenatoSB forfeited.\n|\n|win|9wtt\n|raw|RenatoSB's rating: 1029 &rarr; <strong>1014</strong><br />(-15 for losing)\n|raw|9wtt's rating: 1014 &rarr; <strong>1054</strong><br />(+40 for winning)\n|l|\u2606RenatoSB\n|player|p1|\n",
  "uploadtime": 1776230541,
  "views": 18,
  "formatid": "gen9championsvgc2026regma",
  "rating": 1014,
  "private": 0,
  "password": null
}