{
  "id": "gen9championsvgc2026regma-2580753056",
  "format": "[Gen 9 Champions] VGC 2026 Reg M-A",
  "players": [
    "VGC Lys w<",
    "jvniperberry"
  ],
  "log": "|j|\u2606VGC Lys w<\n|j|\u2606jvniperberry\n|t:|1775929657\n|gametype|doubles\n|player|p1|VGC Lys w<|miku-fairy|1044\n|player|p2|jvniperberry|169|1000\n|gen|9\n|tier|[Gen 9 Champions] VGC 2026 Reg M-A\n|rated|\n|rule|Species Clause: Limit one of each Pok\u00e9mon\n|rule|Item Clause: Limit 1 of each item\n|clearpoke\n|poke|p1|Glimmora, L50, M|\n|poke|p1|Maushold-Four, L50|\n|poke|p1|Arcanine-Hisui, L50, F|\n|poke|p1|Noivern, L50, F|\n|poke|p1|Conkeldurr, L50, F|\n|poke|p1|Chimecho, L50, M|\n|poke|p2|Charizard, L50, M|\n|poke|p2|Venusaur, L50, F|\n|poke|p2|Garchomp, L50, F|\n|poke|p2|Sneasler, L50, F|\n|poke|p2|Incineroar, L50, M|\n|poke|p2|Rotom-Wash, L50|\n|teampreview|4\n|inactive|Battle timer is ON: inactive players will automatically lose when time's up. (requested by VGC Lys w<)\njvniperberry has agreed to open team sheets.\n|inactive|VGC Lys w< has 60 seconds left.\n|inactive|jvniperberry has 60 seconds left.\n|\n|t:|1775929696\n|teamsize|p1|4\n|teamsize|p2|4\n|start\n|switch|p1a: Arcanine|Arcanine-Hisui, L50, F|100/100\n|switch|p1b: Noivern|Noivern, L50, F, shiny|100/100\n|switch|p2a: Sneasler|Sneasler, L50, F|100/100\n|switch|p2b: Incineroar|Incineroar, L50, M|100/100\n|-item|p2a: Sneasler|White Herb|[from] ability: Frisk|[of] p1b: Noivern\n|-item|p2b: Incineroar|Sitrus Berry|[from] ability: Frisk|[of] p1b: Noivern\n|-ability|p2b: Incineroar|Intimidate|boost\n|-unboost|p1a: Arcanine|atk|1\n|-unboost|p1b: Noivern|atk|1\n|turn|1\n|\n|t:|1775929717\n|move|p1b: Noivern|Protect|p1b: Noivern\n|-singleturn|p1b: Noivern|Protect\n|move|p1a: Arcanine|Protect|p1a: Arcanine\n|-singleturn|p1a: Arcanine|Protect\n|move|p2b: Incineroar|Fake Out|p1b: Noivern\n|-activate|p1b: Noivern|move: Protect\n|move|p2a: Sneasler|Close Combat|p1a: Arcanine\n|-activate|p1a: Arcanine|move: Protect\n|\n|upkeep\n|turn|2\n|\n|t:|1775929733\n|move|p1b: Noivern|Tailwind|p1b: Noivern\n|-sidestart|p1: VGC Lys w<|move: Tailwind\n|move|p1a: Arcanine|Rock Slide|p2b: Incineroar|[spread] p2a,p2b\n|-resisted|p2a: Sneasler|1\n|-supereffective|p2b: Incineroar|1\n|-damage|p2a: Sneasler|79/100\n|-damage|p2b: Incineroar|53/100\n|move|p2a: Sneasler|Close Combat|p1a: Arcanine\n|-supereffective|p1a: Arcanine|1\n|-damage|p1a: Arcanine|0 fnt\n|-unboost|p2a: Sneasler|def|1\n|-unboost|p2a: Sneasler|spd|1\n|faint|p1a: Arcanine\n|-enditem|p2a: Sneasler|White Herb\n|-clearnegativeboost|p2a: Sneasler|[silent]\n|move|p2b: Incineroar|Parting Shot|p1b: Noivern\n|-unboost|p1b: Noivern|atk|1\n|-unboost|p1b: Noivern|spa|1\n|\n|t:|1775929752\n|switch|p2b: Charizard|Charizard, L50, M|100/100|[from] Parting Shot\n|\n|upkeep\n|\n|t:|1775929757\n|switch|p1a: Glimmora|Glimmora, L50, M|100/100\n|turn|3\n|\n|t:|1775929779\n|detailschange|p1a: Glimmora|Glimmora-Mega, L50, M\n|-mega|p1a: Glimmora|Glimmora|Glimmoranite\n|detailschange|p2b: Charizard|Charizard-Mega-Y, L50, M\n|-mega|p2b: Charizard|Charizard|Charizardite Y\n|-weather|SunnyDay|[from] ability: Drought|[of] p2b: Charizard\n|move|p2b: Charizard|Protect|p2b: Charizard\n|-singleturn|p2b: Charizard|Protect\n|move|p1b: Noivern|Super Fang|p2b: Charizard\n|-activate|p2b: Charizard|move: Protect\n|move|p2a: Sneasler|Rock Tomb|p1b: Noivern\n|-supereffective|p1b: Noivern|1\n|-damage|p1b: Noivern|46/100\n|-unboost|p1b: Noivern|spe|1\n|move|p1a: Glimmora|Earth Power|p2a: Sneasler\n|-supereffective|p2a: Sneasler|1\n|-damage|p2a: Sneasler|0 fnt\n|faint|p2a: Sneasler\n|\n|-weather|SunnyDay|[upkeep]\n|upkeep\n|inactive|jvniperberry has 30 seconds left.\n|inactive|jvniperberry has 20 seconds left.\n|inactive|jvniperberry has 15 seconds left.\n|\n|t:|1775929819\n|switch|p2a: Garchomp|Garchomp, L50, F|100/100\n|turn|4\n|\n|t:|1775929833\n|switch|p1b: Maushold|Maushold-Four, L50|100/100\n|move|p1a: Glimmora|Spiky Shield|p1a: Glimmora\n|-singleturn|p1a: Glimmora|move: Protect\n|move|p2a: Garchomp|Earthquake|p1b: Maushold|[spread] p1b\n|-activate|p1a: Glimmora|move: Protect\n|-immune|p2b: Charizard\n|-damage|p1b: Maushold|44/100\n|move|p2b: Charizard|Weather Ball|p1b: Maushold\n|-damage|p1b: Maushold|0 fnt\n|faint|p1b: Maushold\n|\n|-weather|SunnyDay|[upkeep]\n|upkeep\n|\n|t:|1775929843\n|switch|p1b: Noivern|Noivern, L50, F, shiny|46/100\n|-item|p2a: Garchomp|Choice Scarf|[from] ability: Frisk|[of] p1b: Noivern\n|-item|p2b: Charizard|Charizardite Y|[from] ability: Frisk|[of] p1b: Noivern\n|turn|5\n|\n|t:|1775929859\n|move|p1b: Noivern|Draco Meteor|p2a: Garchomp\n|-supereffective|p2a: Garchomp|1\n|-damage|p2a: Garchomp|0 fnt\n|-unboost|p1b: Noivern|spa|2\n|faint|p2a: Garchomp\n|move|p1a: Glimmora|Power Gem|p2b: Charizard\n|-supereffective|p2b: Charizard|2\n|-damage|p2b: Charizard|0 fnt\n|faint|p2b: Charizard\n|\n|-weather|SunnyDay|[upkeep]\n|-sideend|p1: VGC Lys w<|move: Tailwind\n|upkeep\n|\n|t:|1775929872\n|switch|p2a: Incineroar|Incineroar, L50, M|53/100\n|-ability|p2a: Incineroar|Intimidate|boost\n|-unboost|p1a: Glimmora|atk|1\n|-unboost|p1b: Noivern|atk|1\n|turn|6\n|-message|jvniperberry forfeited.\n|\n|win|VGC Lys w<\n|raw|VGC Lys w&lt;'s rating: 1044 &rarr; <strong>1073</strong><br />(+29 for winning)\n|raw|jvniperberry's rating: 1000 &rarr; <strong>1000</strong><br />(+0 for losing)\n|l|\u2606jvniperberry\n|player|p2|\n",
  "uploadtime": 1775929886,
  "views": 20,
  "formatid": "gen9championsvgc2026regma",
  "rating": 1000,
  "private": 0,
  "password": null
}