{
  "id": "gen9championsvgc2026regma-2584588712",
  "format": "[Gen 9 Champions] VGC 2026 Reg M-A",
  "players": [
    "itastelikeiron",
    "SirLuce"
  ],
  "log": "|j|\u2606itastelikeiron\n|j|\u2606SirLuce\n|t:|1776270600\n|gametype|doubles\n|player|p1|itastelikeiron|infielder|1372\n|player|p2|SirLuce|169|1367\n|gen|9\n|tier|[Gen 9 Champions] VGC 2026 Reg M-A\n|rated|\n|rule|Species Clause: Limit one of each Pok\u00e9mon\n|rule|Item Clause: Limit 1 of each item\n|clearpoke\n|poke|p1|Glimmora, L50, M|\n|poke|p1|Basculegion, L50, M|\n|poke|p1|Whimsicott, L50, F|\n|poke|p1|Incineroar, L50, F|\n|poke|p1|Dragonite, L50, M|\n|poke|p1|Ninetales-Alola, L50, M|\n|poke|p2|Floette-Eternal, L50, F|\n|poke|p2|Maushold-Four, L50|\n|poke|p2|Garchomp, L50, F|\n|poke|p2|Talonflame, L50, F|\n|poke|p2|Rotom-Wash, L50|\n|poke|p2|Aegislash, L50, F|\n|teampreview|4\n|\n|t:|1776270621\n|teamsize|p1|4\n|teamsize|p2|4\n|start\n|switch|p1a: Basculegion|Basculegion, L50, M|100/100\n|switch|p1b: Incineroar|Incineroar, L50, F|100/100\n|switch|p2a: Garchomp|Garchomp, L50, F|100/100\n|switch|p2b: Talonflame|Talonflame, L50, F|100/100\n|-ability|p1b: Incineroar|Intimidate|boost\n|-unboost|p2a: Garchomp|atk|1\n|-unboost|p2b: Talonflame|atk|1\n|turn|1\n|\n|t:|1776270632\n|move|p2b: Talonflame|Upper Hand|p1b: Incineroar\n|-supereffective|p1b: Incineroar|1\n|-damage|p1b: Incineroar|80/100\n|cant|p1b: Incineroar|flinch\n|move|p1a: Basculegion|Flip Turn|p2b: Talonflame\n|-supereffective|p2b: Talonflame|1\n|-damage|p2b: Talonflame|0 fnt\n|faint|p2b: Talonflame\n|\n|t:|1776270640\n|switch|p1a: Ninetales|Ninetales-Alola, L50, M|100/100|[from] Flip Turn\n|-weather|Snowscape|[from] ability: Snow Warning|[of] p1a: Ninetales\n|move|p2a: Garchomp|Earthquake|p1a: Ninetales|[spread] p1a,p1b\n|-supereffective|p1b: Incineroar|1\n|-damage|p1a: Ninetales|70/100\n|-damage|p1b: Incineroar|29/100\n|-enditem|p1b: Incineroar|Sitrus Berry|[eat]\n|-heal|p1b: Incineroar|54/100|[from] item: Sitrus Berry\n|\n|-weather|Snowscape|[upkeep]\n|upkeep\n|\n|t:|1776270647\n|switch|p2b: Aegislash|Aegislash, L50, F|100/100\n|turn|2\n|\n|t:|1776270655\n|move|p2a: Garchomp|Protect|p2a: Garchomp\n|-singleturn|p2a: Garchomp|Protect\n|move|p1a: Ninetales|Blizzard|p2b: Aegislash|[spread] p2b\n|-activate|p2a: Garchomp|move: Protect\n|-resisted|p2b: Aegislash|1\n|-damage|p2b: Aegislash|88/100\n|move|p1b: Incineroar|Parting Shot|p2b: Aegislash\n|-unboost|p2b: Aegislash|atk|1\n|-unboost|p2b: Aegislash|spa|1\n|\n|t:|1776270661\n|switch|p1b: Basculegion|Basculegion, L50, M|100/100|[from] Parting Shot\n|-formechange|p2b: Aegislash|Aegislash-Blade|\n|move|p2b: Aegislash|Iron Head|p1a: Ninetales\n|-supereffective|p1a: Ninetales|2\n|-damage|p1a: Ninetales|0 fnt\n|faint|p1a: Ninetales\n|\n|-weather|Snowscape|[upkeep]\n|upkeep\n|\n|t:|1776270666\n|switch|p1a: Incineroar|Incineroar, L50, F|54/100\n|-ability|p1a: Incineroar|Intimidate|boost\n|-unboost|p2a: Garchomp|atk|1\n|-unboost|p2b: Aegislash|atk|1\n|turn|3\n|\n|t:|1776270681\n|move|p2a: Garchomp|Protect|p2a: Garchomp\n|-singleturn|p2a: Garchomp|Protect\n|-formechange|p2b: Aegislash|Aegislash|\n|move|p2b: Aegislash|King's Shield|p2b: Aegislash\n|-singleturn|p2b: Aegislash|Protect\n|move|p1b: Basculegion|Last Respects|p2a: Garchomp\n|-activate|p2a: Garchomp|move: Protect\n|move|p1a: Incineroar|Parting Shot|p2b: Aegislash\n|-unboost|p2b: Aegislash|atk|1\n|-unboost|p2b: Aegislash|spa|1\n|\n|t:|1776270685\n|switch|p1a: Glimmora|Glimmora, L50, M|100/100|[from] Parting Shot\n|\n|-weather|Snowscape|[upkeep]\n|upkeep\n|turn|4\n|\n|t:|1776270719\n|switch|p2a: Floette|Floette-Eternal, L50, F|100/100\n|detailschange|p1a: Glimmora|Glimmora-Mega, L50, M\n|-mega|p1a: Glimmora|Glimmora|Glimmoranite\n|move|p1b: Basculegion|Last Respects|p2a: Floette\n|-damage|p2a: Floette|22/100\n|move|p1a: Glimmora|Earth Power|p2b: Aegislash\n|-supereffective|p2b: Aegislash|1\n|-damage|p2b: Aegislash|36/100\n|-unboost|p2b: Aegislash|spd|1\n|-formechange|p2b: Aegislash|Aegislash-Blade|\n|move|p2b: Aegislash|Iron Head|p1a: Glimmora\n|-supereffective|p1a: Glimmora|1\n|-damage|p1a: Glimmora|64/100\n|\n|-weather|Snowscape|[upkeep]\n|upkeep\n|turn|5\n|-message|SirLuce forfeited.\n|\n|win|itastelikeiron\n|raw|itastelikeiron's rating: 1372 &rarr; <strong>1392</strong><br />(+20 for winning)\n|raw|SirLuce's rating: 1367 &rarr; <strong>1347</strong><br />(-20 for losing)\n|l|\u2606SirLuce\n|player|p2|\n",
  "uploadtime": 1776270731,
  "views": 50,
  "formatid": "gen9championsvgc2026regma",
  "rating": 1347,
  "private": 0,
  "password": null
}