{
  "id": "gen9championsvgc2026regma-2582820002",
  "format": "[Gen 9 Champions] VGC 2026 Reg M-A",
  "players": [
    "TerabVGC",
    "XungLao"
  ],
  "log": "|j|\u2606TerabVGC\n|j|\u2606XungLao\n|t:|1776116566\n|gametype|doubles\n|player|p1|TerabVGC|gambler|1170\n|player|p2|XungLao|rood|1268\n|gen|9\n|tier|[Gen 9 Champions] VGC 2026 Reg M-A\n|rated|\n|rule|Species Clause: Limit one of each Pok\u00e9mon\n|rule|Item Clause: Limit 1 of each item\n|clearpoke\n|poke|p1|Archaludon, L50, F|\n|poke|p1|Klefki, L50, F|\n|poke|p1|Manectric, L50, M|\n|poke|p1|Basculegion, L50, M|\n|poke|p1|Pelipper, L50, M|\n|poke|p1|Incineroar, L50, M|\n|poke|p2|Froslass, L50, F|\n|poke|p2|Aerodactyl, L50, F|\n|poke|p2|Maushold, L50|\n|poke|p2|Sneasler, L50, M|\n|poke|p2|Farigiraf, L50, F|\n|poke|p2|Kingambit, L50, M|\n|teampreview|4\n|inactive|Battle timer is ON: inactive players will automatically lose when time's up. (requested by TerabVGC)\n|inactive|TerabVGC has 60 seconds left.\n|\n|t:|1776116609\n|teamsize|p1|4\n|teamsize|p2|4\n|start\n|switch|p1a: Klefki|Klefki, L50, F|100/100\n|switch|p1b: Archaludon|Archaludon, L50, F|100/100\n|switch|p2a: Froslass|Froslass, L50, F|100/100\n|switch|p2b: Maushold|Maushold, L50|100/100\n|turn|1\n|\n|t:|1776116634\n|move|p2b: Maushold|Follow Me|p2b: Maushold\n|-singleturn|p2b: Maushold|move: Follow Me\n|move|p1a: Klefki|Rain Dance|p1a: Klefki\n|-weather|RainDance\n|move|p2a: Froslass|Nasty Plot|p2a: Froslass\n|-boost|p2a: Froslass|spa|2\n|move|p1b: Archaludon|Electro Shot||[still]\n|-prepare|p1b: Archaludon|Electro Shot\n|-boost|p1b: Archaludon|spa|1\n|-anim|p1b: Archaludon|Electro Shot|p2b: Maushold\n|-damage|p2b: Maushold|43/100\n|-enditem|p2b: Maushold|Sitrus Berry|[eat]\n|-heal|p2b: Maushold|68/100|[from] item: Sitrus Berry\n|\n|-weather|RainDance|[upkeep]\n|upkeep\n|turn|2\n|\n|t:|1776116657\n|move|p2b: Maushold|Follow Me|p2b: Maushold\n|-singleturn|p2b: Maushold|move: Follow Me\n|move|p1a: Klefki|Light Screen|p1a: Klefki\n|-sidestart|p1: TerabVGC|move: Light Screen\n|move|p2a: Froslass|Shadow Ball|p1a: Klefki\n|-damage|p1a: Klefki|60/100\n|move|p1b: Archaludon|Snarl|p2a: Froslass|[spread] p2a,p2b\n|-supereffective|p2a: Froslass|1\n|-damage|p2a: Froslass|49/100\n|-damage|p2b: Maushold|51/100\n|-unboost|p2a: Froslass|spa|1\n|-unboost|p2b: Maushold|spa|1\n|\n|-weather|RainDance|[upkeep]\n|upkeep\n|turn|3\n|\n|t:|1776116679\n|detailschange|p2a: Froslass|Froslass-Mega, L50, F\n|-mega|p2a: Froslass|Froslass|Froslassite\n|-weather|Snowscape|[from] ability: Snow Warning|[of] p2a: Froslass\n|move|p2b: Maushold|Helping Hand|p2a: Froslass\n|-singleturn|p2a: Froslass|Helping Hand|[of] p2b: Maushold\n|move|p1a: Klefki|Reflect|p1a: Klefki\n|-sidestart|p1: TerabVGC|Reflect\n|move|p2a: Froslass|Blizzard|p1a: Klefki|[spread] p1a,p1b\n|-resisted|p1a: Klefki|1\n|-damage|p1a: Klefki|23/100\n|-damage|p1b: Archaludon|23/100\n|-ability|p1b: Archaludon|Stamina|boost\n|-boost|p1b: Archaludon|def|1\n|move|p1b: Archaludon|Snarl|p2a: Froslass|[spread] \n|-miss|p1b: Archaludon|p2a: Froslass\n|-miss|p1b: Archaludon|p2b: Maushold\n|\n|-weather|Snowscape|[upkeep]\n|-heal|p1b: Archaludon|29/100|[from] item: Leftovers\n|upkeep\n|turn|4\n|inactive|TerabVGC has 30 seconds left.\n|\n|t:|1776116705\n|move|p2b: Maushold|Helping Hand|p2a: Froslass\n|-singleturn|p2a: Froslass|Helping Hand|[of] p2b: Maushold\n|move|p1a: Klefki|Rain Dance|p1a: Klefki\n|-weather|RainDance\n|move|p2a: Froslass|Shadow Ball|p1b: Archaludon\n|-damage|p1b: Archaludon|0 fnt\n|faint|p1b: Archaludon\n|\n|-weather|RainDance|[upkeep]\n|upkeep\n|\n|t:|1776116711\n|switch|p1b: Manectric|Manectric, L50, M|100/100\n|turn|5\n|\n|t:|1776116727\n|switch|p2a: Sneasler|Sneasler, L50, M|100/100\n|detailschange|p1b: Manectric|Manectric-Mega, L50, M\n|-mega|p1b: Manectric|Manectric|Manectite\n|-ability|p1b: Manectric|Intimidate|boost\n|-unboost|p2a: Sneasler|atk|1\n|-unboost|p2b: Maushold|atk|1\n|-enditem|p2a: Sneasler|White Herb\n|-clearnegativeboost|p2a: Sneasler|[silent]\n|move|p2b: Maushold|Follow Me|p2b: Maushold\n|-singleturn|p2b: Maushold|move: Follow Me\n|move|p1a: Klefki|Thunder Wave|p2b: Maushold\n|-status|p2b: Maushold|par\n|move|p1b: Manectric|Volt Switch|p2b: Maushold\n|-damage|p2b: Maushold|20/100 par\n|\n|t:|1776116742\n|switch|p1b: Pelipper|Pelipper, L50, M|100/100|[from] Volt Switch\n|\n|-weather|RainDance|[upkeep]\n|upkeep\n|turn|6\n|\n|t:|1776116751\n|switch|p1a: Manectric|Manectric-Mega, L50, M|100/100\n|-ability|p1a: Manectric|Intimidate|boost\n|-unboost|p2a: Sneasler|atk|1\n|-unboost|p2b: Maushold|atk|1\n|move|p2a: Sneasler|Fake Out|p1b: Pelipper\n|-damage|p1b: Pelipper|92/100\n|cant|p1b: Pelipper|flinch\n|cant|p2b: Maushold|par\n|\n|-weather|RainDance|[upkeep]\n|-sideend|p1: TerabVGC|move: Light Screen\n|upkeep\n|turn|7\n|\n|t:|1776116768\n|switch|p2a: Kingambit|Kingambit, L50, M|100/100\n|move|p2b: Maushold|Follow Me|p2b: Maushold\n|-singleturn|p2b: Maushold|move: Follow Me\n|move|p1a: Manectric|Volt Switch|p2b: Maushold\n|-damage|p2b: Maushold|0 fnt\n|faint|p2b: Maushold\n|\n|t:|1776116778\n|switch|p1a: Klefki|Klefki, L50, F|23/100|[from] Volt Switch\n|move|p1b: Pelipper|Hurricane|p2a: Kingambit\n|-resisted|p2a: Kingambit|1\n|-damage|p2a: Kingambit|80/100\n|-start|p2a: Kingambit|confusion\n|\n|-weather|RainDance|[upkeep]\n|-sideend|p1: TerabVGC|Reflect\n|upkeep\n|\n|t:|1776116787\n|switch|p2b: Froslass|Froslass-Mega, L50, F|49/100\n|-weather|Snowscape|[from] ability: Snow Warning|[of] p2b: Froslass\n|turn|8\n|\n|t:|1776116810\n|move|p1b: Pelipper|Wide Guard|p1b: Pelipper\n|-singleturn|p1b: Pelipper|Wide Guard\n|move|p1a: Klefki|Light Screen|p1a: Klefki\n|-sidestart|p1: TerabVGC|move: Light Screen\n|-activate|p2a: Kingambit|confusion\n|move|p2a: Kingambit|Sucker Punch||[still]\n|-fail|p2a: Kingambit\n|move|p2b: Froslass|Shadow Ball|p1a: Klefki\n|-damage|p1a: Klefki|0 fnt\n|faint|p1a: Klefki\n|\n|-weather|Snowscape|[upkeep]\n|upkeep\n|\n|t:|1776116819\n|switch|p1a: Manectric|Manectric-Mega, L50, M|100/100\n|-ability|p1a: Manectric|Intimidate|boost\n|-unboost|p2a: Kingambit|atk|1\n|-ability|p2a: Kingambit|Defiant|boost\n|-boost|p2a: Kingambit|atk|2\n|-unboost|p2b: Froslass|atk|1\n|turn|9\n|\n|t:|1776116839\n|-activate|p2a: Kingambit|confusion\n|move|p2a: Kingambit|Sucker Punch|p1a: Manectric\n|-damage|p1a: Manectric|0 fnt\n|faint|p1a: Manectric\n|move|p2b: Froslass|Shadow Ball|p1b: Pelipper\n|-damage|p1b: Pelipper|44/100\n|move|p1b: Pelipper|Weather Ball|p2b: Froslass\n|-resisted|p2b: Froslass|1\n|-damage|p2b: Froslass|29/100\n|\n|-weather|Snowscape|[upkeep]\n|upkeep\n|turn|10\n|-message|TerabVGC forfeited.\n|\n|win|XungLao\n|raw|TerabVGC's rating: 1170 &rarr; <strong>1152</strong><br />(-18 for losing)\n|raw|XungLao's rating: 1268 &rarr; <strong>1286</strong><br />(+18 for winning)\n",
  "uploadtime": 1776116854,
  "views": 22,
  "formatid": "gen9championsvgc2026regma",
  "rating": 1152,
  "private": 0,
  "password": null
}