{
  "id": "gen9championsvgc2026regma-2587550910",
  "format": "[Gen 9 Champions] VGC 2026 Reg M-A",
  "players": [
    "ShadowS3raph",
    "pppoopoo2"
  ],
  "log": "|j|\u2606ShadowS3raph\n|j|\u2606pppoopoo2\n|t:|1776541514\n|gametype|doubles\n|player|p1|ShadowS3raph|2|1102\n|player|p2|pppoopoo2|102|1046\n|gen|9\n|tier|[Gen 9 Champions] VGC 2026 Reg M-A\n|rated|\n|rule|Species Clause: Limit one of each Pok\u00e9mon\n|rule|Item Clause: Limit 1 of each item\n|clearpoke\n|poke|p1|Archaludon, L50, F|\n|poke|p1|Pelipper, L50, F|\n|poke|p1|Gyarados, L50, F|\n|poke|p1|Heliolisk, L50, F|\n|poke|p1|Sinistcha, L50|\n|poke|p1|Scizor, L50, F|\n|poke|p2|Meowscarada, L50, M, shiny|\n|poke|p2|Tauros-Paldea-Aqua, L50, M, shiny|\n|poke|p2|Talonflame, L50, M, shiny|\n|poke|p2|Froslass, L50, F|\n|poke|p2|Glaceon, L50, M|\n|poke|p2|Clefable, L50, M, shiny|\n|teampreview|4\n|inactive|Battle timer is ON: inactive players will automatically lose when time's up. (requested by pppoopoo2)\n|\n|t:|1776541547\n|teamsize|p1|4\n|teamsize|p2|4\n|start\n|switch|p1a: Gyarados|Gyarados, L50, F|100/100\n|switch|p1b: Archaludon|Archaludon, L50, F|100/100\n|switch|p2a: Meowscarada|Meowscarada, L50, M, shiny|100/100\n|switch|p2b: Talonflame|Talonflame, L50, M, shiny|100/100\n|-ability|p1a: Gyarados|Intimidate|boost\n|-unboost|p2a: Meowscarada|atk|1\n|-unboost|p2b: Talonflame|atk|1\n|turn|1\n|\n|t:|1776541560\n|switch|p1a: Pelipper|Pelipper, L50, F|100/100\n|-weather|RainDance|[from] ability: Drizzle|[of] p1a: Pelipper\n|move|p2a: Meowscarada|Protect|p2a: Meowscarada\n|-start|p2a: Meowscarada|typechange|Normal|[from] ability: Protean\n|-singleturn|p2a: Meowscarada|Protect\n|move|p2b: Talonflame|Tailwind|p2b: Talonflame\n|-sidestart|p2: pppoopoo2|move: Tailwind\n|move|p1b: Archaludon|Electro Shot||[still]\n|-prepare|p1b: Archaludon|Electro Shot\n|-boost|p1b: Archaludon|spa|1\n|-anim|p1b: Archaludon|Electro Shot|p2b: Talonflame\n|-supereffective|p2b: Talonflame|1\n|-damage|p2b: Talonflame|0 fnt\n|faint|p2b: Talonflame\n|\n|-weather|RainDance|[upkeep]\n|upkeep\n|\n|t:|1776541578\n|switch|p2b: Tauros|Tauros-Paldea-Aqua, L50, M, shiny|100/100\n|turn|2\n|\n|t:|1776541587\n|move|p1b: Archaludon|Protect|p1b: Archaludon\n|-singleturn|p1b: Archaludon|Protect\n|move|p2a: Meowscarada|Flower Trick|p2b: Tauros\n|-supereffective|p2b: Tauros|1\n|-crit|p2b: Tauros\n|-enditem|p2b: Tauros|Rindo Berry|[eat]\n|-enditem|p2b: Tauros|Rindo Berry|[weaken]\n|-damage|p2b: Tauros|72/100\n|-setboost|p2b: Tauros|atk|6|[from] ability: Anger Point\n|move|p2b: Tauros|Rock Slide|p1b: Archaludon|[spread] p1a\n|-activate|p1b: Archaludon|move: Protect\n|-supereffective|p1a: Pelipper|1\n|-damage|p1a: Pelipper|0 fnt\n|faint|p1a: Pelipper\n|\n|-weather|RainDance|[upkeep]\n|upkeep\n|\n|t:|1776541601\n|switch|p1a: Gyarados|Gyarados, L50, F|100/100\n|-ability|p1a: Gyarados|Intimidate|boost\n|-unboost|p2a: Meowscarada|atk|1\n|-unboost|p2b: Tauros|atk|1\n|turn|3\n|\n|t:|1776541616\n|switch|p1a: Scizor|Scizor, L50, F|100/100\n|move|p2a: Meowscarada|Pollen Puff|p2b: Tauros\n|-heal|p2b: Tauros|100/100\n|move|p2b: Tauros|Rock Slide|p1a: Scizor|[spread] p1a,p1b\n|-resisted|p1b: Archaludon|1\n|-damage|p1a: Scizor|32/100\n|-damage|p1b: Archaludon|76/100\n|-ability|p1b: Archaludon|Stamina|boost\n|-boost|p1b: Archaludon|def|1\n|move|p1b: Archaludon|Electro Shot||[still]\n|-prepare|p1b: Archaludon|Electro Shot\n|-boost|p1b: Archaludon|spa|1\n|-anim|p1b: Archaludon|Electro Shot|p2b: Tauros\n|-supereffective|p2b: Tauros|1\n|-damage|p2b: Tauros|0 fnt\n|faint|p2b: Tauros\n|\n|-weather|RainDance|[upkeep]\n|-heal|p1b: Archaludon|82/100|[from] item: Leftovers\n|upkeep\n|\n|t:|1776541632\n|switch|p2b: Clefable|Clefable, L50, M, shiny|100/100\n|turn|4\n|\n|t:|1776541647\n|move|p2b: Clefable|Helping Hand|p2a: Meowscarada\n|-singleturn|p2a: Meowscarada|Helping Hand|[of] p2b: Clefable\n|move|p1a: Scizor|Bullet Punch|p2b: Clefable\n|-supereffective|p2b: Clefable|1\n|-damage|p2b: Clefable|28/100\n|move|p2a: Meowscarada|Aura Sphere|p1b: Archaludon\n|-supereffective|p1b: Archaludon|1\n|-damage|p1b: Archaludon|16/100\n|-ability|p1b: Archaludon|Stamina|boost\n|-boost|p1b: Archaludon|def|1\n|move|p1b: Archaludon|Electro Shot||[still]\n|-prepare|p1b: Archaludon|Electro Shot\n|-boost|p1b: Archaludon|spa|1\n|-anim|p1b: Archaludon|Electro Shot|p2a: Meowscarada\n|-enditem|p2a: Meowscarada|Focus Sash\n|-damage|p2a: Meowscarada|1/100\n|\n|-weather|RainDance|[upkeep]\n|-heal|p2b: Clefable|34/100|[from] item: Leftovers\n|-heal|p1b: Archaludon|22/100|[from] item: Leftovers\n|-sideend|p2: pppoopoo2|move: Tailwind\n|upkeep\n|turn|5\n|\n|t:|1776541667\n|move|p2a: Meowscarada|Protect|p2a: Meowscarada\n|-singleturn|p2a: Meowscarada|Protect\n|move|p1a: Scizor|Bullet Punch|p2a: Meowscarada\n|-activate|p2a: Meowscarada|move: Protect\n|move|p1b: Archaludon|Flash Cannon|p2b: Clefable\n|-supereffective|p2b: Clefable|1\n|-damage|p2b: Clefable|0 fnt\n|faint|p2b: Clefable\n|\n|-weather|none\n|-heal|p1b: Archaludon|28/100|[from] item: Leftovers\n|upkeep\n|turn|6\n|c|\u2606ShadowS3raph|Gg\n|-message|pppoopoo2 forfeited.\n|\n|win|ShadowS3raph\n|raw|ShadowS3raph's rating: 1102 &rarr; <strong>1123</strong><br />(+21 for winning)\n|raw|pppoopoo2's rating: 1046 &rarr; <strong>1032</strong><br />(-14 for losing)\n|l|\u2606pppoopoo2\n|player|p2|\n",
  "uploadtime": 1776541682,
  "views": 22,
  "formatid": "gen9championsvgc2026regma",
  "rating": 1032,
  "private": 0,
  "password": null
}