{
  "id": "gen9championsvgc2026regma-2588041697",
  "format": "[Gen 9 Champions] VGC 2026 Reg M-A",
  "players": [
    "frankino98",
    "ipipoc"
  ],
  "log": "|j|\u2606frankino98\n|j|\u2606ipipoc\n|t:|1776596963\n|gametype|doubles\n|player|p1|frankino98|266|1324\n|player|p2|ipipoc|102|1391\n|gen|9\n|tier|[Gen 9 Champions] VGC 2026 Reg M-A\n|rated|\n|rule|Species Clause: Limit one of each Pok\u00e9mon\n|rule|Item Clause: Limit 1 of each item\n|clearpoke\n|poke|p1|Zoroark-Hisui, L50, F|\n|poke|p1|Farigiraf, L50, M|\n|poke|p1|Kingambit, L50, F|\n|poke|p1|Pelipper, L50, M|\n|poke|p1|Crabominable, L50, M|\n|poke|p1|Meowscarada, L50, M|\n|poke|p2|Gengar, L50, F|\n|poke|p2|Archaludon, L50, M|\n|poke|p2|Basculegion, L50, M|\n|poke|p2|Pelipper, L50, M|\n|poke|p2|Weavile, L50, M|\n|poke|p2|Sinistcha, L50|\n|teampreview|4\n|\n|t:|1776596980\n|teamsize|p1|4\n|teamsize|p2|4\n|start\n|switch|p1a: Crabominable|Crabominable, L50, M|100/100\n|switch|p1b: Farigiraf|Farigiraf, L50, M|100/100\n|switch|p2a: Archaludon|Archaludon, L50, M|100/100\n|switch|p2b: Weavile|Weavile, L50, M|100/100\n|-ability|p2b: Weavile|Pressure\n|turn|1\n|inactive|Battle timer is ON: inactive players will automatically lose when time's up. (requested by frankino98)\n|\n|t:|1776597005\n|move|p2a: Archaludon|Protect|p2a: Archaludon\n|-singleturn|p2a: Archaludon|Protect\n|move|p1a: Crabominable|Will-O-Wisp|p2b: Weavile\n|-status|p2b: Weavile|brn\n|move|p2b: Weavile|Taunt|p1b: Farigiraf\n|-start|p1b: Farigiraf|move: Taunt\n|cant|p1b: Farigiraf|move: Taunt|Trick Room\n|\n|-damage|p2b: Weavile|94/100 brn|[from] brn\n|upkeep\n|turn|2\n|inactive|frankino98 has 30 seconds left.\n|inactive|ipipoc has 30 seconds left.\n|inactive|ipipoc has 20 seconds left.\n|inactive|ipipoc has 15 seconds left.\n|\n|t:|1776597045\n|switch|p1a: Crabominable|Crabominable, L50, M|100/100\n|switch|p1b: Kingambit|Kingambit, L50, F|100/100\n|move|p2b: Weavile|Beat Up|p1a: Crabominable\n|-resisted|p1a: Crabominable|1\n|-damage|p1a: Crabominable|99/100\n|-resisted|p1a: Crabominable|1\n|-damage|p1a: Crabominable|97/100\n|-resisted|p1a: Crabominable|1\n|-damage|p1a: Crabominable|95/100\n|-resisted|p1a: Crabominable|1\n|-damage|p1a: Crabominable|94/100\n|-hitcount|p1a: Crabominable|4\n|move|p2a: Archaludon|Dragon Pulse|p1a: Crabominable\n|-damage|p1a: Crabominable|36/100\n|\n|-damage|p2b: Weavile|88/100 brn|[from] brn\n|upkeep\n|turn|3\n|inactive|frankino98 has 30 seconds left.\n|\n|t:|1776597072\n|detailschange|p1a: Crabominable|Crabominable-Mega, L50, M\n|-mega|p1a: Crabominable|Crabominable|Crabominite\n|move|p2b: Weavile|Beat Up|p2a: Archaludon\n|-damage|p2a: Archaludon|97/100\n|-ability|p2a: Archaludon|Stamina|boost\n|-boost|p2a: Archaludon|def|1\n|-damage|p2a: Archaludon|94/100\n|-ability|p2a: Archaludon|Stamina|boost\n|-boost|p2a: Archaludon|def|1\n|-damage|p2a: Archaludon|93/100\n|-ability|p2a: Archaludon|Stamina|boost\n|-boost|p2a: Archaludon|def|1\n|-damage|p2a: Archaludon|92/100\n|-ability|p2a: Archaludon|Stamina|boost\n|-boost|p2a: Archaludon|def|1\n|-hitcount|p2a: Archaludon|4\n|move|p2a: Archaludon|Dragon Pulse|p1a: Crabominable\n|-damage|p1a: Crabominable|0 fnt\n|faint|p1a: Crabominable\n|move|p1b: Kingambit|Iron Head|p2b: Weavile\n|-supereffective|p2b: Weavile|1\n|-damage|p2b: Weavile|0 fnt\n|faint|p2b: Weavile\n|\n|-heal|p2a: Archaludon|98/100|[from] item: Leftovers\n|upkeep\n|\n|t:|1776597094\n|switch|p2b: Pelipper|Pelipper, L50, M|100/100\n|switch|p1a: Farigiraf|Farigiraf, L50, M|100/100\n|-weather|RainDance|[from] ability: Drizzle|[of] p2b: Pelipper\n|turn|4\n|\n|t:|1776597114\n|move|p2b: Pelipper|Weather Ball|p1a: Farigiraf\n|-damage|p1a: Farigiraf|46/100\n|-enditem|p1a: Farigiraf|Sitrus Berry|[eat]\n|-heal|p1a: Farigiraf|71/100|[from] item: Sitrus Berry\n|move|p2a: Archaludon|Electro Shot||[still]\n|-prepare|p2a: Archaludon|Electro Shot\n|-boost|p2a: Archaludon|spa|1\n|-anim|p2a: Archaludon|Electro Shot|p1b: Kingambit\n|-damage|p1b: Kingambit|36/100\n|move|p1b: Kingambit|Kowtow Cleave|p2b: Pelipper\n|-damage|p2b: Pelipper|23/100\n|move|p1a: Farigiraf|Trick Room|p1a: Farigiraf\n|-fieldstart|move: Trick Room|[of] p1a: Farigiraf\n|\n|-weather|RainDance|[upkeep]\n|-heal|p2a: Archaludon|100/100|[from] item: Leftovers\n|upkeep\n|turn|5\n|\n|t:|1776597138\n|move|p2b: Pelipper|Wide Guard|p2b: Pelipper\n|-singleturn|p2b: Pelipper|Wide Guard\n|move|p1b: Kingambit|Sucker Punch||[still]\n|-fail|p1b: Kingambit\n|move|p1a: Farigiraf|Nasty Plot|p1a: Farigiraf\n|-boost|p1a: Farigiraf|spa|2\n|move|p2a: Archaludon|Electro Shot||[still]\n|-prepare|p2a: Archaludon|Electro Shot\n|-boost|p2a: Archaludon|spa|1\n|-anim|p2a: Archaludon|Electro Shot|p1a: Farigiraf\n|-damage|p1a: Farigiraf|0 fnt\n|faint|p1a: Farigiraf\n|\n|-weather|RainDance|[upkeep]\n|upkeep\n|\n|t:|1776597152\n|switch|p1a: Kingambit|Kingambit, L50, F|100/100\n|turn|6\n|-message|frankino98 forfeited.\n|\n|win|ipipoc\n|raw|frankino98's rating: 1324 &rarr; <strong>1308</strong><br />(-16 for losing)\n|raw|ipipoc's rating: 1391 &rarr; <strong>1407</strong><br />(+16 for winning)\n|l|\u2606frankino98\n|player|p1|\n",
  "uploadtime": 1776597181,
  "views": 15,
  "formatid": "gen9championsvgc2026regma",
  "rating": 1308,
  "private": 0,
  "password": null
}