{
  "id": "gen9championsvgc2026regma-2581414124",
  "format": "[Gen 9 Champions] VGC 2026 Reg M-A",
  "players": [
    "23456789XB",
    "pabunico"
  ],
  "log": "|j|\u260623456789XB\n|j|\u2606pabunico\n|t:|1775997973\n|gametype|doubles\n|player|p1|23456789XB|cynthia|1092\n|player|p2|pabunico|pokemonbreeder-gen4|1045\n|gen|9\n|tier|[Gen 9 Champions] VGC 2026 Reg M-A\n|rated|\n|rule|Species Clause: Limit one of each Pok\u00e9mon\n|rule|Item Clause: Limit 1 of each item\n|clearpoke\n|poke|p1|Slowbro, L50, F|\n|poke|p1|Maushold, L50|\n|poke|p1|Incineroar, L50, M|\n|poke|p1|Sinistcha, L50|\n|poke|p1|Sneasler, L50, F|\n|poke|p1|Typhlosion-Hisui, L50, M|\n|poke|p2|Chesnaught, L50, F|\n|poke|p2|Zoroark-Hisui, L50, F|\n|poke|p2|Vanilluxe, L50, F|\n|poke|p2|Bellibolt, L50, M|\n|poke|p2|Mudsdale, L50, M|\n|poke|p2|Delphox, L50, M|\n|teampreview|4\n|inactive|Battle timer is ON: inactive players will automatically lose when time's up. (requested by 23456789XB)\n|inactive|pabunico has 60 seconds left.\n|inactive|pabunico has 30 seconds left.\n|inactive|pabunico has 20 seconds left.\n|inactive|pabunico has 15 seconds left.\n|\n|t:|1775998051\n|teamsize|p1|4\n|teamsize|p2|4\n|start\n|switch|p1a: Slowvro|Slowbro, L50, F|100/100\n|switch|p1b: Costco guys|Typhlosion-Hisui, L50, M|100/100\n|switch|p2a: Bellibolt|Bellibolt, L50, M|100/100\n|switch|p2b: Mudsdale|Mudsdale, L50, M|100/100\n|-item|p2a: Bellibolt|Focus Sash|[from] ability: Frisk|[of] p1b: Costco guys\n|-item|p2b: Mudsdale|Lum Berry|[from] ability: Frisk|[of] p1b: Costco guys\n|turn|1\n|\n|t:|1775998072\n|switch|p1b: +2 abortions|Maushold, L50|100/100\n|detailschange|p1a: Slowvro|Slowbro-Mega, L50, F\n|-mega|p1a: Slowvro|Slowbro|Slowbronite\n|move|p2b: Mudsdale|Protect|p2b: Mudsdale\n|-singleturn|p2b: Mudsdale|Protect\n|move|p1a: Slowvro|Protect|p1a: Slowvro\n|-singleturn|p1a: Slowvro|Protect\n|move|p2a: Bellibolt|Shadow Ball|p1b: +2 abortions\n|-immune|p1b: +2 abortions\n|\n|upkeep\n|turn|2\n|\n|t:|1775998095\n|switch|p2b: Vanilluxe|Vanilluxe, L50, F|100/100\n|-weather|Snowscape|[from] ability: Snow Warning|[of] p2b: Vanilluxe\n|move|p1b: +2 abortions|Follow Me|p1b: +2 abortions\n|-singleturn|p1b: +2 abortions|move: Follow Me\n|move|p2a: Bellibolt|Will-O-Wisp|p1b: +2 abortions\n|-status|p1b: +2 abortions|brn\n|move|p1a: Slowvro|Calm Mind|p1a: Slowvro\n|-boost|p1a: Slowvro|spa|1\n|-boost|p1a: Slowvro|spd|1\n|\n|-weather|Snowscape|[upkeep]\n|-damage|p1b: +2 abortions|94/100 brn|[from] brn\n|upkeep\n|turn|3\n|\n|t:|1775998111\n|switch|p2a: Bellibolt|Bellibolt, L50, M|100/100\n|move|p1b: +2 abortions|Follow Me|p1b: +2 abortions\n|-singleturn|p1b: +2 abortions|move: Follow Me\n|move|p2b: Vanilluxe|Aurora Veil|p2b: Vanilluxe\n|-sidestart|p2: pabunico|move: Aurora Veil\n|move|p1a: Slowvro|Psychic|p2b: Vanilluxe\n|-damage|p2b: Vanilluxe|56/100\n|\n|-weather|Snowscape|[upkeep]\n|-damage|p1b: +2 abortions|88/100 brn|[from] brn\n|upkeep\n|turn|4\n|inactive|23456789XB has 30 seconds left.\n|\n|t:|1775998144\n|move|p1b: +2 abortions|Protect|p1b: +2 abortions\n|-singleturn|p1b: +2 abortions|Protect\n|move|p2b: Vanilluxe|Blizzard|p1b: +2 abortions|[spread] p1a\n|-activate|p1b: +2 abortions|move: Protect\n|-resisted|p1a: Slowvro|1\n|-damage|p1a: Slowvro|92/100\n|move|p2a: Bellibolt|Parabolic Charge|p1b: +2 abortions|[spread] p2b,p1a\n|-activate|p1b: +2 abortions|move: Protect\n|-supereffective|p1a: Slowvro|1\n|-damage|p2b: Vanilluxe|44/100\n|-damage|p1a: Slowvro|76/100\n|move|p1a: Slowvro|Calm Mind|p1a: Slowvro\n|-boost|p1a: Slowvro|spa|1\n|-boost|p1a: Slowvro|spd|1\n|\n|-weather|Snowscape|[upkeep]\n|-damage|p1b: +2 abortions|82/100 brn|[from] brn\n|upkeep\n|turn|5\n|\n|t:|1775998164\n|move|p1b: +2 abortions|Feint|p2b: Vanilluxe\n|-damage|p2b: Vanilluxe|41/100\n|move|p2b: Vanilluxe|Freeze-Dry|p1a: Slowvro\n|-supereffective|p1a: Slowvro|1\n|-damage|p1a: Slowvro|53/100\n|-status|p1a: Slowvro|frz\n|move|p2a: Bellibolt|Eerie Impulse|p1a: Slowvro\n|-unboost|p1a: Slowvro|spa|2\n|cant|p1a: Slowvro|frz\n|\n|-weather|Snowscape|[upkeep]\n|-damage|p1b: +2 abortions|76/100 brn|[from] brn\n|upkeep\n|turn|6\n|\n|t:|1775998187\n|switch|p1b: Health pack|Sinistcha, L50|100/100\n|-heal|p1a: Slowvro|78/100 frz|[from] ability: Hospitality|[of] p1b: Health pack\n|switch|p2b: Vanilluxe|Vanilluxe, L50, F|100/100\n|move|p2a: Bellibolt|Eerie Impulse|p1a: Slowvro\n|-unboost|p1a: Slowvro|spa|2\n|-curestatus|p1a: Slowvro|frz|[msg]\n|move|p1a: Slowvro|Psychic|p2a: Bellibolt\n|-damage|p2a: Bellibolt|89/100\n|-unboost|p2a: Bellibolt|spd|1\n|-start|p2a: Bellibolt|Charge|Psychic|[from] ability: Electromorphosis\n|\n|-weather|none\n|-heal|p2a: Bellibolt|95/100|[from] item: Leftovers\n|upkeep\n|turn|7\n|\n|t:|1775998206\n|switch|p1a: +2 abortions|Maushold, L50|76/100 brn\n|move|p2b: Vanilluxe|Fake Tears|p1a: +2 abortions\n|-unboost|p1a: +2 abortions|spd|2\n|move|p1b: Health pack|Matcha Gotcha|p2b: Vanilluxe|[spread] p2a,p2b\n|-damage|p2a: Bellibolt|78/100\n|-damage|p2b: Vanilluxe|64/100\n|-start|p2a: Bellibolt|Charge|Matcha Gotcha|[from] ability: Electromorphosis\n|replace|p2b: Zoroark|Zoroark-Hisui, L50, F\n|-end|p2b: Zoroark|Illusion\n|move|p2a: Bellibolt|Eerie Impulse|p1a: +2 abortions\n|-unboost|p1a: +2 abortions|spa|2\n|-end|p2a: Bellibolt|Charge|[silent]\n|\n|-heal|p2a: Bellibolt|84/100|[from] item: Leftovers\n|-damage|p1a: +2 abortions|70/100 brn|[from] brn\n|-sideend|p2: pabunico|move: Aurora Veil\n|upkeep\n|turn|8\n|\n|t:|1775998224\n|move|p1a: +2 abortions|Helping Hand|p1b: Health pack\n|-singleturn|p1b: Health pack|Helping Hand|[of] p1a: +2 abortions\n|move|p2b: Zoroark|Icy Wind|p1b: Health pack|[spread] p1a,p1b\n|-supereffective|p1b: Health pack|1\n|-damage|p1a: +2 abortions|38/100 brn\n|-damage|p1b: Health pack|80/100\n|-unboost|p1a: +2 abortions|spe|1\n|-unboost|p1b: Health pack|spe|1\n|move|p1b: Health pack|Matcha Gotcha|p2a: Bellibolt|[spread] p2a,p2b\n|-damage|p2a: Bellibolt|45/100\n|-heal|p1b: Health pack|100/100|[from] drain|[of] p2a: Bellibolt\n|-damage|p2b: Zoroark|0 fnt\n|-start|p2a: Bellibolt|Charge|Matcha Gotcha|[from] ability: Electromorphosis\n|faint|p2b: Zoroark\n|move|p2a: Bellibolt|Parabolic Charge|p1a: +2 abortions|[spread] p1a,p1b\n|-resisted|p1b: Health pack|1\n|-damage|p1a: +2 abortions|0 fnt\n|-heal|p2a: Bellibolt|61/100|[from] drain|[of] p1a: +2 abortions\n|-damage|p1b: Health pack|90/100\n|-heal|p2a: Bellibolt|66/100|[from] drain|[of] p1b: Health pack\n|faint|p1a: +2 abortions\n|-end|p2a: Bellibolt|Charge|[silent]\n|\n|-heal|p2a: Bellibolt|72/100|[from] item: Leftovers\n|upkeep\n|\n|t:|1775998247\n|switch|p1a: Costco guys|Typhlosion-Hisui, L50, M|100/100\n|switch|p2b: Vanilluxe|Vanilluxe, L50, F|41/100\n|-item|p2a: Bellibolt|Leftovers|[from] ability: Frisk|[of] p1a: Costco guys\n|-item|p2b: Vanilluxe|Never-Melt Ice|[from] ability: Frisk|[of] p1a: Costco guys\n|-weather|Snowscape|[from] ability: Snow Warning|[of] p2b: Vanilluxe\n|turn|9\n|\n|t:|1775998258\n|switch|p1b: Slowvro|Slowbro-Mega, L50, F|78/100\n|move|p2b: Vanilluxe|Protect|p2b: Vanilluxe\n|-singleturn|p2b: Vanilluxe|Protect\n|move|p1a: Costco guys|Eruption|p2a: Bellibolt|[spread] p2a\n|-activate|p2b: Vanilluxe|move: Protect\n|-damage|p2a: Bellibolt|8/100\n|-start|p2a: Bellibolt|Charge|Eruption|[from] ability: Electromorphosis\n|move|p2a: Bellibolt|Eerie Impulse|p1a: Costco guys\n|-unboost|p1a: Costco guys|spa|2\n|-end|p2a: Bellibolt|Charge|[silent]\n|\n|-weather|Snowscape|[upkeep]\n|-heal|p2a: Bellibolt|14/100|[from] item: Leftovers\n|upkeep\n|turn|10\n|\n|t:|1775998280\n|move|p2a: Bellibolt|Protect|p2a: Bellibolt\n|-singleturn|p2a: Bellibolt|Protect\n|move|p1a: Costco guys|Eruption|p2a: Bellibolt|[spread] p2b\n|-activate|p2a: Bellibolt|move: Protect\n|-supereffective|p2b: Vanilluxe|1\n|-damage|p2b: Vanilluxe|0 fnt\n|faint|p2b: Vanilluxe\n|move|p1b: Slowvro|Calm Mind|p1b: Slowvro\n|-boost|p1b: Slowvro|spa|1\n|-boost|p1b: Slowvro|spd|1\n|\n|-weather|Snowscape|[upkeep]\n|-heal|p2a: Bellibolt|20/100|[from] item: Leftovers\n|upkeep\n|\n|t:|1775998292\n|switch|p2b: Mudsdale|Mudsdale, L50, M|100/100\n|turn|11\n|\n|t:|1775998298\n|move|p2a: Bellibolt|Protect||[still]\n|-fail|p2a: Bellibolt\n|move|p1a: Costco guys|Eruption|p2a: Bellibolt|[spread] p2a,p2b\n|-damage|p2a: Bellibolt|0 fnt\n|-damage|p2b: Mudsdale|78/100\n|faint|p2a: Bellibolt\n|move|p2b: Mudsdale|High Horsepower|p1a: Costco guys\n|-supereffective|p1a: Costco guys|1\n|-damage|p1a: Costco guys|0 fnt\n|faint|p1a: Costco guys\n|move|p1b: Slowvro|Scald|p2b: Mudsdale\n|-supereffective|p2b: Mudsdale|1\n|-damage|p2b: Mudsdale|0 fnt\n|faint|p2b: Mudsdale\n|\n|win|23456789XB\n|raw|23456789XB's rating: 1092 &rarr; <strong>1115</strong><br />(+23 for winning)\n|raw|pabunico's rating: 1045 &rarr; <strong>1031</strong><br />(-14 for losing)\n|l|\u2606pabunico\n|player|p2|\n",
  "uploadtime": 1775998301,
  "views": 27,
  "formatid": "gen9championsvgc2026regma",
  "rating": 1031,
  "private": 0,
  "password": null
}