{
  "id": "gen9championsvgc2026regma-2583777670",
  "format": "[Gen 9 Champions] VGC 2026 Reg M-A",
  "players": [
    "Pokechamp4321",
    "N4nD1tt0"
  ],
  "log": "|j|\u2606Pokechamp4321\n|j|\u2606N4nD1tt0\n|t:|1776197014\n|gametype|doubles\n|player|p1|Pokechamp4321|blue|1091\n|player|p2|N4nD1tt0|pokefan-gen4|1104\n|gen|9\n|tier|[Gen 9 Champions] VGC 2026 Reg M-A\n|rated|\n|rule|Species Clause: Limit one of each Pok\u00e9mon\n|rule|Item Clause: Limit 1 of each item\n|clearpoke\n|poke|p1|Gengar, L50, F|\n|poke|p1|Zoroark, L50, F|\n|poke|p1|Incineroar, L50, F|\n|poke|p1|Corviknight, L50, M|\n|poke|p1|Clefable, L50, F|\n|poke|p1|Basculegion, L50, M|\n|poke|p2|Tyranitar, L50, M|\n|poke|p2|Corviknight, L50, M|\n|poke|p2|Rotom-Wash, L50|\n|poke|p2|Excadrill, L50, M|\n|poke|p2|Incineroar, L50, M|\n|poke|p2|Sneasler, L50, F|\n|teampreview|4\n|inactive|Battle timer is ON: inactive players will automatically lose when time's up. (requested by N4nD1tt0)\n|inactive|Pokechamp4321 has 60 seconds left.\n|inactive|N4nD1tt0 has 60 seconds left.\n|\n|t:|1776197051\n|teamsize|p1|4\n|teamsize|p2|4\n|start\n|switch|p1a: RAGGGGEEEEE|Basculegion, L50, M|100/100\n|switch|p1b: knight to c4|Corviknight, L50, M|100/100\n|switch|p2a: Tyranitar|Tyranitar, L50, M|100/100\n|switch|p2b: Excadrill|Excadrill, L50, M|100/100\n|-ability|p1b: knight to c4|Unnerve\n|-weather|Sandstorm|[from] ability: Sand Stream|[of] p2a: Tyranitar\n|turn|1\n|\n|t:|1776197069\n|switch|p2b: Rotom|Rotom-Wash, L50|100/100\n|move|p1a: RAGGGGEEEEE|Flip Turn|p2b: Rotom\n|-resisted|p2b: Rotom|1\n|-damage|p2b: Rotom|76/100\n|\n|t:|1776197078\n|switch|p1a: The champ|Incineroar, L50, F|100/100|[from] Flip Turn\n|-ability|p1a: The champ|Intimidate|boost\n|-unboost|p2a: Tyranitar|atk|1\n|-unboost|p2b: Rotom|atk|1\n|move|p2a: Tyranitar|Rock Slide|p1b: knight to c4|[spread] p1a,p1b\n|-supereffective|p1a: The champ|1\n|-damage|p1a: The champ|62/100\n|-damage|p1b: knight to c4|81/100\n|move|p1b: knight to c4|Tailwind|p1b: knight to c4\n|-sidestart|p1: Pokechamp4321|move: Tailwind\n|\n|-weather|Sandstorm|[upkeep]\n|-damage|p1a: The champ|56/100|[from] Sandstorm\n|-damage|p2b: Rotom|71/100|[from] Sandstorm\n|-heal|p1b: knight to c4|87/100|[from] item: Leftovers\n|upkeep\n|turn|2\n|\n|t:|1776197102\n|move|p1a: The champ|Fake Out|p2b: Rotom\n|-damage|p2b: Rotom|58/100\n|move|p1b: knight to c4|Body Press|p2a: Tyranitar\n|-supereffective|p2a: Tyranitar|2\n|-damage|p2a: Tyranitar|26/100\n|move|p2a: Tyranitar|Rock Slide|p1b: knight to c4|[spread] p1a,p1b\n|-supereffective|p1a: The champ|1\n|-damage|p1a: The champ|20/100\n|-damage|p1b: knight to c4|69/100\n|cant|p2b: Rotom|flinch\n|\n|-weather|Sandstorm|[upkeep]\n|-damage|p1a: The champ|14/100|[from] Sandstorm\n|-damage|p2b: Rotom|52/100|[from] Sandstorm\n|-heal|p1b: knight to c4|75/100|[from] item: Leftovers\n|upkeep\n|turn|3\n|\n|t:|1776197120\n|move|p2a: Tyranitar|Protect|p2a: Tyranitar\n|-singleturn|p2a: Tyranitar|Protect\n|move|p1b: knight to c4|Body Press|p2a: Tyranitar\n|-activate|p2a: Tyranitar|move: Protect\n|move|p1a: The champ|Parting Shot|p2b: Rotom\n|-unboost|p2b: Rotom|atk|1\n|-unboost|p2b: Rotom|spa|1\n|\n|t:|1776197129\n|switch|p1a: WHY am I legal?|Gengar, L50, F, shiny|100/100|[from] Parting Shot\n|move|p2b: Rotom|Thunderbolt|p1b: knight to c4\n|-supereffective|p1b: knight to c4|1\n|-damage|p1b: knight to c4|27/100\n|\n|-weather|Sandstorm|[upkeep]\n|-damage|p1a: WHY am I legal?|95/100|[from] Sandstorm\n|-damage|p2b: Rotom|46/100|[from] Sandstorm\n|-heal|p1b: knight to c4|33/100|[from] item: Leftovers\n|upkeep\n|turn|4\n|\n|t:|1776197142\n|detailschange|p1a: WHY am I legal?|Gengar-Mega, L50, F, shiny\n|-mega|p1a: WHY am I legal?|Gengar|Gengarite\n|move|p1a: WHY am I legal?|Sludge Wave|p2b: Rotom|[spread] p2a,p2b\n|-immune|p1b: knight to c4\n|-resisted|p2a: Tyranitar|1\n|-damage|p2a: Tyranitar|12/100\n|-damage|p2b: Rotom|8/100\n|move|p1b: knight to c4|Roost|p1b: knight to c4\n|-heal|p1b: knight to c4|83/100\n|-singleturn|p1b: knight to c4|move: Roost\n|move|p2a: Tyranitar|Knock Off|p1a: WHY am I legal?\n|-supereffective|p1a: WHY am I legal?|1\n|-damage|p1a: WHY am I legal?|37/100\n|move|p2b: Rotom|Will-O-Wisp|p1b: knight to c4\n|-status|p1b: knight to c4|brn\n|\n|-weather|Sandstorm|[upkeep]\n|-damage|p1a: WHY am I legal?|31/100|[from] Sandstorm\n|-damage|p2b: Rotom|2/100|[from] Sandstorm\n|-heal|p1b: knight to c4|89/100 brn|[from] item: Leftovers\n|-damage|p1b: knight to c4|83/100 brn|[from] brn\n|-sideend|p1: Pokechamp4321|move: Tailwind\n|upkeep\n|turn|5\n|\n|t:|1776197165\n|move|p1a: WHY am I legal?|Protect|p1a: WHY am I legal?\n|-singleturn|p1a: WHY am I legal?|Protect\n|move|p2a: Tyranitar|Rock Slide|p1a: WHY am I legal?|[spread] p1b\n|-activate|p1a: WHY am I legal?|move: Protect\n|-damage|p1b: knight to c4|63/100 brn\n|move|p2b: Rotom|Thunderbolt|p1b: knight to c4\n|-supereffective|p1b: knight to c4|1\n|-damage|p1b: knight to c4|15/100 brn\n|cant|p1b: knight to c4|flinch\n|\n|-weather|none\n|-heal|p1b: knight to c4|21/100 brn|[from] item: Leftovers\n|-damage|p1b: knight to c4|15/100 brn|[from] brn\n|upkeep\n|turn|6\n|inactive|N4nD1tt0 has 30 seconds left.\n|\n|t:|1776197198\n|move|p1a: WHY am I legal?|Sludge Wave|p2b: Rotom|[spread] p2a,p2b\n|-immune|p1b: knight to c4\n|-resisted|p2a: Tyranitar|1\n|-damage|p2a: Tyranitar|0 fnt\n|-damage|p2b: Rotom|0 fnt\n|faint|p2a: Tyranitar\n|faint|p2b: Rotom\n|move|p1b: knight to c4|Tailwind|p1b: knight to c4\n|-sidestart|p1: Pokechamp4321|move: Tailwind\n|\n|-heal|p1b: knight to c4|21/100 brn|[from] item: Leftovers\n|-damage|p1b: knight to c4|15/100 brn|[from] brn\n|upkeep\n|\n|t:|1776197203\n|switch|p2a: Excadrill|Excadrill, L50, M|100/100\n|switch|p2b: Incineroar|Incineroar, L50, M|100/100\n|-ability|p2b: Incineroar|Intimidate|boost\n|-unboost|p1a: WHY am I legal?|atk|1\n|-unboost|p1b: knight to c4|atk|1\n|turn|7\n|\n|t:|1776197216\n|move|p2b: Incineroar|Fake Out|p1b: knight to c4\n|-resisted|p1b: knight to c4|1\n|-damage|p1b: knight to c4|10/100 brn\n|move|p1a: WHY am I legal?|Perish Song|p1a: WHY am I legal?\n|-start|p1a: WHY am I legal?|perish3|[silent]\n|-start|p1b: knight to c4|perish3|[silent]\n|-start|p2a: Excadrill|perish3|[silent]\n|-start|p2b: Incineroar|perish3|[silent]\n|-fieldactivate|move: Perish Song\n|cant|p1b: knight to c4|flinch\n|move|p2a: Excadrill|Rock Slide|p1a: WHY am I legal?|[spread] p1a,p1b\n|-damage|p1a: WHY am I legal?|2/100\n|-damage|p1b: knight to c4|0 fnt\n|faint|p1b: knight to c4\n|\n|-start|p1a: WHY am I legal?|perish3\n|-start|p2a: Excadrill|perish3\n|-start|p2b: Incineroar|perish3\n|upkeep\n|\n|t:|1776197230\n|switch|p1b: The champ|Incineroar, L50, F|14/100\n|-ability|p1b: The champ|Intimidate|boost\n|-unboost|p2a: Excadrill|atk|1\n|-unboost|p2b: Incineroar|atk|1\n|turn|8\n|\n|t:|1776197241\n|move|p1a: WHY am I legal?|Protect|p1a: WHY am I legal?\n|-singleturn|p1a: WHY am I legal?|Protect\n|move|p1b: The champ|Fake Out|p2a: Excadrill\n|-resisted|p2a: Excadrill|1\n|-damage|p2a: Excadrill|92/100\n|cant|p2a: Excadrill|flinch\n|move|p2b: Incineroar|Darkest Lariat|p1a: WHY am I legal?\n|-activate|p1a: WHY am I legal?|move: Protect\n|\n|-start|p1a: WHY am I legal?|perish2\n|-start|p2a: Excadrill|perish2\n|-start|p2b: Incineroar|perish2\n|upkeep\n|turn|9\n|inactive|Pokechamp4321 has 30 seconds left.\n|\n|t:|1776197267\n|move|p1a: WHY am I legal?|Shadow Ball|p2a: Excadrill\n|-damage|p2a: Excadrill|32/100\n|move|p1b: The champ|Flare Blitz|p2b: Incineroar\n|-resisted|p2b: Incineroar|1\n|-damage|p2b: Incineroar|77/100\n|-damage|p1b: The champ|6/100|[from] Recoil\n|move|p2a: Excadrill|Rock Slide|p1b: The champ|[spread] p1a,p1b\n|-supereffective|p1b: The champ|1\n|-damage|p1a: WHY am I legal?|0 fnt\n|-damage|p1b: The champ|0 fnt\n|faint|p1a: WHY am I legal?\n|faint|p1b: The champ\n|move|p2b: Incineroar|Darkest Lariat|p1: WHY am I legal?|[notarget]\n|-fail|p2b: Incineroar\n|\n|-start|p2a: Excadrill|perish1\n|-start|p2b: Incineroar|perish1\n|-sideend|p1: Pokechamp4321|move: Tailwind\n|upkeep\n|\n|t:|1776197283\n|switch|p1b: RAGGGGEEEEE|Basculegion, L50, M|100/100\n|turn|10\n|\n|t:|1776197291\n|move|p1b: RAGGGGEEEEE|Wave Crash|p2b: Incineroar\n|-supereffective|p2b: Incineroar|1\n|-crit|p2b: Incineroar\n|-damage|p2b: Incineroar|0 fnt\n|faint|p2b: Incineroar\n|-damage|p1b: RAGGGGEEEEE|74/100|[from] Recoil\n|move|p2a: Excadrill|Rock Slide|p1b: RAGGGGEEEEE\n|-damage|p1b: RAGGGGEEEEE|51/100\n|\n|-start|p2a: Excadrill|perish0\n|upkeep\n|faint|p2a: Excadrill\n|\n|win|Pokechamp4321\n|raw|Pokechamp4321's rating: 1091 &rarr; <strong>1118</strong><br />(+27 for winning)\n|raw|N4nD1tt0's rating: 1104 &rarr; <strong>1078</strong><br />(-26 for losing)\n|c|\u2606Pokechamp4321|Gg\n|c|\u2606Pokechamp4321|Wp\n|l|\u2606Pokechamp4321\n|player|p1|\n",
  "uploadtime": 1776197316,
  "views": 16,
  "formatid": "gen9championsvgc2026regma",
  "rating": 1078,
  "private": 0,
  "password": null
}