{
  "id": "gen9championsvgc2026regma-2582627281",
  "format": "[Gen 9 Champions] VGC 2026 Reg M-A",
  "players": [
    "Zapdos79",
    "Dodadus"
  ],
  "log": "|j|\u2606Zapdos79\n|j|\u203dDodadus\n|t:|1776103537\n|gametype|doubles\n|player|p1|Zapdos79|flannery|1186\n|player|p2|Dodadus|clown|1193\n|gen|9\n|tier|[Gen 9 Champions] VGC 2026 Reg M-A\n|rated|\n|rule|Species Clause: Limit one of each Pok\u00e9mon\n|rule|Item Clause: Limit 1 of each item\n|clearpoke\n|poke|p1|Tyranitar, L50, F|\n|poke|p1|Talonflame, L50, F|\n|poke|p1|Excadrill, L50, F|\n|poke|p1|Meganium, L50, F|\n|poke|p1|Farigiraf, L50, F|\n|poke|p1|Incineroar, L50, F|\n|poke|p2|Floette-Eternal, L50, F|\n|poke|p2|Incineroar, L50, F|\n|poke|p2|Sinistcha, L50|\n|poke|p2|Sneasler, L50, F|\n|poke|p2|Rotom-Wash, L50|\n|poke|p2|Garchomp, L50, F|\n|teampreview|4\n|\n|t:|1776103558\n|teamsize|p1|4\n|teamsize|p2|4\n|start\n|switch|p1a: Talonflame|Talonflame, L50, F|100/100\n|switch|p1b: Farigiraf|Farigiraf, L50, F|100/100\n|switch|p2a: Garchomp|Garchomp, L50, F|100/100\n|switch|p2b: Rotom|Rotom-Wash, L50, shiny|100/100\n|turn|1\n|\n|t:|1776103576\n|move|p1b: Farigiraf|Ally Switch|p1b: Farigiraf\n|swap|p1b: Farigiraf|0|[from] move: Ally Switch\n|move|p2a: Garchomp|Rock Slide|p1b: Talonflame|[spread] p1a,p1b\n|-supereffective|p1b: Talonflame|2\n|-enditem|p1b: Talonflame|Charti Berry|[eat]\n|-enditem|p1b: Talonflame|Charti Berry|[weaken]\n|-damage|p1a: Farigiraf|81/100\n|-damage|p1b: Talonflame|54/100\n|cant|p1b: Talonflame|flinch\n|move|p2b: Rotom|Volt Switch|p1b: Talonflame\n|-supereffective|p1b: Talonflame|1\n|-damage|p1b: Talonflame|0 fnt\n|faint|p1b: Talonflame\n|inactive|Battle timer is ON: inactive players will automatically lose when time's up. (requested by Zapdos79)\n|\n|t:|1776103589\n|switch|p2b: Floette|Floette-Eternal, L50, F|100/100|[from] Volt Switch\n|\n|upkeep\n|\n|t:|1776103608\n|switch|p1b: Excadrill|Excadrill, L50, F|100/100\n|turn|2\n|inactive|Zapdos79 has 30 seconds left.\n|\n|t:|1776103636\n|switch|p2a: Rotom|Rotom-Wash, L50, shiny|100/100\n|detailschange|p2b: Floette|Floette-Mega, L50, F\n|-mega|p2b: Floette|Floette|Floettite\n|-ability|p2b: Floette|Fairy Aura\n|move|p2b: Floette|Protect|p2b: Floette\n|-singleturn|p2b: Floette|Protect\n|move|p1b: Excadrill|High Horsepower|p2a: Rotom\n|-immune|p2a: Rotom|[from] ability: Levitate\n|move|p1a: Farigiraf|Thunder Wave|p2b: Floette\n|-activate|p2b: Floette|move: Protect\n|\n|upkeep\n|turn|3\n|\n|t:|1776103655\n|switch|p2b: Garchomp|Garchomp, L50, F|100/100\n|move|p1b: Excadrill|Iron Head|p2b: Garchomp\n|-damage|p2b: Garchomp|55/100\n|-damage|p1b: Excadrill|88/100|[from] ability: Rough Skin|[of] p2b: Garchomp\n|move|p2a: Rotom|Volt Switch|p1a: Farigiraf\n|-damage|p1a: Farigiraf|64/100\n|\n|t:|1776103662\n|switch|p2a: Sinistcha|Sinistcha, L50|100/100|[from] Volt Switch\n|-heal|p2b: Garchomp|80/100|[from] ability: Hospitality|[of] p2a: Sinistcha\n|move|p1a: Farigiraf|Thunder Wave|p2b: Garchomp\n|-immune|p2b: Garchomp\n|\n|upkeep\n|turn|4\n|\n|t:|1776103671\n|switch|p1a: Meganium|Meganium, L50, F|100/100\n|move|p1b: Excadrill|Protect|p1b: Excadrill\n|-singleturn|p1b: Excadrill|Protect\n|move|p2b: Garchomp|Earthquake|p1a: Meganium|[spread] p2a,p1a\n|-activate|p1b: Excadrill|move: Protect\n|-resisted|p2a: Sinistcha|1\n|-resisted|p1a: Meganium|1\n|-damage|p2a: Sinistcha|85/100\n|-damage|p1a: Meganium|78/100\n|move|p2a: Sinistcha|Life Dew|p2a: Sinistcha|[spread] p2a,p2b\n|-heal|p2a: Sinistcha|100/100\n|-heal|p2b: Garchomp|100/100\n|\n|upkeep\n|turn|5\n|\n|t:|1776103688\n|detailschange|p1a: Meganium|Meganium-Mega, L50, F\n|-mega|p1a: Meganium|Meganium|Meganiumite\n|move|p2b: Garchomp|Earthquake|p1a: Meganium|[spread] p2a,p1a,p1b\n|-resisted|p2a: Sinistcha|1\n|-resisted|p1a: Meganium|1\n|-supereffective|p1b: Excadrill|1\n|-damage|p2a: Sinistcha|84/100\n|-damage|p1a: Meganium|57/100\n|-damage|p1b: Excadrill|0 fnt\n|faint|p1b: Excadrill\n|move|p1a: Meganium|Dazzling Gleam|p2a: Sinistcha|[spread] p2a,p2b\n|-supereffective|p2b: Garchomp|1\n|-damage|p2a: Sinistcha|48/100\n|-damage|p2b: Garchomp|22/100\n|move|p2a: Sinistcha|Matcha Gotcha|p1a: Meganium\n|-resisted|p1a: Meganium|1\n|-damage|p1a: Meganium|41/100\n|-heal|p2a: Sinistcha|55/100|[from] drain|[of] p1a: Meganium\n|\n|-heal|p2a: Sinistcha|61/100|[from] item: Leftovers\n|upkeep\n|\n|t:|1776103697\n|switch|p1b: Farigiraf|Farigiraf, L50, F|64/100\n|turn|6\n|\n|t:|1776103709\n|switch|p2b: Floette|Floette-Mega, L50, F|100/100\n|-ability|p2b: Floette|Fairy Aura\n|move|p1a: Meganium|Dazzling Gleam|p2b: Floette|[spread] p2a,p2b\n|-damage|p2a: Sinistcha|17/100\n|-damage|p2b: Floette|65/100\n|move|p2a: Sinistcha|Life Dew|p2a: Sinistcha|[spread] p2a,p2b\n|-heal|p2a: Sinistcha|42/100\n|-heal|p2b: Floette|90/100\n|move|p1b: Farigiraf|Thunder Wave|p2a: Sinistcha\n|-status|p2a: Sinistcha|par\n|\n|-heal|p2a: Sinistcha|48/100 par|[from] item: Leftovers\n|upkeep\n|turn|7\n|\n|t:|1776103728\n|move|p1b: Farigiraf|Ally Switch|p1b: Farigiraf\n|swap|p1b: Farigiraf|0|[from] move: Ally Switch\n|move|p2a: Sinistcha|Rage Powder|p2a: Sinistcha\n|-singleturn|p2a: Sinistcha|move: Rage Powder\n|move|p1b: Meganium|Solar Beam||[still]\n|-prepare|p1b: Meganium|Solar Beam\n|-activate|p1b: Meganium|ability: Mega Sol\n|-anim|p1b: Meganium|Solar Beam|p2b: Floette\n|-damage|p2b: Floette|33/100\n|move|p2b: Floette|Dazzling Gleam|p1a: Farigiraf|[spread] p1a,p1b\n|-damage|p1a: Farigiraf|28/100\n|-damage|p1b: Meganium|0 fnt\n|faint|p1b: Meganium\n|\n|-heal|p2a: Sinistcha|54/100 par|[from] item: Leftovers\n|upkeep\n|turn|8\n|\n|t:|1776103746\n|move|p2b: Floette|Moonblast|p1a: Farigiraf\n|-damage|p1a: Farigiraf|0 fnt\n|faint|p1a: Farigiraf\n|\n|win|Dodadus\n|raw|Zapdos79's rating: 1186 &rarr; <strong>1162</strong><br />(-24 for losing)\n|raw|Dodadus's rating: 1193 &rarr; <strong>1217</strong><br />(+24 for winning)\n|l|\u203dDodadus\n|player|p2|\n",
  "uploadtime": 1776103766,
  "views": 14,
  "formatid": "gen9championsvgc2026regma",
  "rating": 1162,
  "private": 0,
  "password": null
}