{
  "id": "gen9championsvgc2026regma-2584152841",
  "format": "[Gen 9 Champions] VGC 2026 Reg M-A",
  "players": [
    "Smolbren",
    "B3ns0nR3gularShow"
  ],
  "log": "|j|\u2606Smolbren\n|j|\u2606B3ns0nR3gularShow\n|t:|1776231417\n|gametype|doubles\n|player|p1|Smolbren|dawn|1070\n|player|p2|B3ns0nR3gularShow|swimmer-gen4|1103\n|gen|9\n|tier|[Gen 9 Champions] VGC 2026 Reg M-A\n|rated|\n|rule|Species Clause: Limit one of each Pok\u00e9mon\n|rule|Item Clause: Limit 1 of each item\n|clearpoke\n|poke|p1|Aegislash, L50, M|\n|poke|p1|Froslass, L50, F|\n|poke|p1|Incineroar, L50, M|\n|poke|p1|Whimsicott, L50, F|\n|poke|p1|Glimmora, L50, M|\n|poke|p1|Dragonite, L50, F|\n|poke|p2|Palafin, L50, F|\n|poke|p2|Pelipper, L50, F|\n|poke|p2|Whimsicott, L50, F|\n|poke|p2|Archaludon, L50, F|\n|poke|p2|Corviknight, L50, M|\n|poke|p2|Starmie, L50|\n|teampreview|4\n|inactive|Battle timer is ON: inactive players will automatically lose when time's up. (requested by B3ns0nR3gularShow)\n|\n|t:|1776231446\n|teamsize|p1|4\n|teamsize|p2|4\n|start\n|switch|p1a: Incineroar|Incineroar, L50, M|100/100\n|switch|p1b: Glimmora|Glimmora, L50, M|100/100\n|switch|p2a: Whimsicott|Whimsicott, L50, F|100/100\n|switch|p2b: Palafin|Palafin, L50, F|100/100\n|-ability|p1a: Incineroar|Intimidate|boost\n|-unboost|p2a: Whimsicott|atk|1\n|-unboost|p2b: Palafin|atk|1\n|-enditem|p2b: Palafin|White Herb\n|-clearnegativeboost|p2b: Palafin|[silent]\n|turn|1\n|\n|t:|1776231468\n|detailschange|p1b: Glimmora|Glimmora-Mega, L50, M\n|-mega|p1b: Glimmora|Glimmora|Glimmoranite\n|move|p1a: Incineroar|Fake Out|p2b: Palafin\n|-damage|p2b: Palafin|88/100\n|move|p2a: Whimsicott|Tailwind|p2a: Whimsicott\n|-sidestart|p2: B3ns0nR3gularShow|move: Tailwind\n|cant|p2b: Palafin|flinch\n|move|p1b: Glimmora|Power Gem|p2b: Palafin\n|-damage|p2b: Palafin|3/100\n|\n|upkeep\n|turn|2\n|inactive|B3ns0nR3gularShow has 30 seconds left.\n|inactive|B3ns0nR3gularShow has 20 seconds left.\n|\n|t:|1776231506\n|detailschange|p2b: Palafin|Palafin-Hero, L50, F\n|switch|p2b: Pelipper|Pelipper, L50, F|100/100\n|-weather|RainDance|[from] ability: Drizzle|[of] p2b: Pelipper\n|switch|p1a: Aegislash|Aegislash, L50, M|100/100\n|move|p2a: Whimsicott|Light Screen|p2a: Whimsicott\n|-sidestart|p2: B3ns0nR3gularShow|move: Light Screen\n|move|p1b: Glimmora|Sludge Wave|p2a: Whimsicott|[spread] p2a,p2b\n|-immune|p1a: Aegislash\n|-supereffective|p2a: Whimsicott|2\n|-damage|p2a: Whimsicott|0 fnt\n|-damage|p2b: Pelipper|35/100\n|faint|p2a: Whimsicott\n|\n|-weather|RainDance|[upkeep]\n|upkeep\n|\n|t:|1776231510\n|switch|p2a: Starmie|Starmie, L50|100/100\n|turn|3\n|\n|t:|1776231529\n|switch|p1b: Incineroar|Incineroar, L50, M|100/100\n|-ability|p1b: Incineroar|Intimidate|boost\n|-unboost|p2a: Starmie|atk|1\n|-unboost|p2b: Pelipper|atk|1\n|detailschange|p2a: Starmie|Starmie-Mega, L50\n|-mega|p2a: Starmie|Starmie|Starminite\n|move|p2a: Starmie|Waterfall|p1b: Incineroar\n|-supereffective|p1b: Incineroar|1\n|-damage|p1b: Incineroar|0 fnt\n|faint|p1b: Incineroar\n|move|p2b: Pelipper|Weather Ball|p1a: Aegislash\n|-damage|p1a: Aegislash|52/100\n|-formechange|p1a: Aegislash|Aegislash-Blade|\n|move|p1a: Aegislash|Shadow Claw|p2a: Starmie\n|-supereffective|p2a: Starmie|1\n|-crit|p2a: Starmie\n|-damage|p2a: Starmie|0 fnt\n|faint|p2a: Starmie\n|\n|-weather|RainDance|[upkeep]\n|-heal|p1a: Aegislash|58/100|[from] item: Leftovers\n|upkeep\n|\n|t:|1776231547\n|switch|p2a: Palafin|Palafin-Hero, L50, F|3/100\n|switch|p1b: Whimsicott|Whimsicott, L50, F|100/100\n|-activate|p2a: Palafin|ability: Zero to Hero\n|turn|4\n|\n|t:|1776231555\n|move|p2a: Palafin|Jet Punch|p1a: Aegislash\n|-damage|p1a: Aegislash|0 fnt\n|faint|p1a: Aegislash\n|move|p1b: Whimsicott|Tailwind|p1b: Whimsicott\n|-sidestart|p1: Smolbren|move: Tailwind\n|move|p2b: Pelipper|Hurricane|p1b: Whimsicott\n|-supereffective|p1b: Whimsicott|1\n|-enditem|p1b: Whimsicott|Focus Sash\n|-damage|p1b: Whimsicott|1/100\n|-start|p1b: Whimsicott|confusion\n|\n|-weather|RainDance|[upkeep]\n|-sideend|p2: B3ns0nR3gularShow|move: Tailwind\n|upkeep\n|\n|t:|1776231558\n|switch|p1a: Glimmora|Glimmora-Mega, L50, M|100/100\n|turn|5\n|\n|t:|1776231568\n|move|p1a: Glimmora|Spiky Shield|p1a: Glimmora\n|-singleturn|p1a: Glimmora|move: Protect\n|move|p2a: Palafin|Jet Punch|p1b: Whimsicott\n|-resisted|p1b: Whimsicott|1\n|-damage|p1b: Whimsicott|0 fnt\n|faint|p1b: Whimsicott\n|move|p2b: Pelipper|Weather Ball|p1a: Glimmora\n|-activate|p1a: Glimmora|move: Protect\n|\n|-weather|RainDance|[upkeep]\n|upkeep\n|turn|6\n|\n|t:|1776231578\n|move|p2a: Palafin|Jet Punch|p1a: Glimmora\n|-supereffective|p1a: Glimmora|1\n|-damage|p1a: Glimmora|0 fnt\n|faint|p1a: Glimmora\n|\n|win|B3ns0nR3gularShow\n|raw|Smolbren's rating: 1070 &rarr; <strong>1051</strong><br />(-19 for losing)\n|raw|B3ns0nR3gularShow's rating: 1103 &rarr; <strong>1126</strong><br />(+23 for winning)\n",
  "uploadtime": 1776231581,
  "views": 18,
  "formatid": "gen9championsvgc2026regma",
  "rating": 1051,
  "private": 0,
  "password": null
}