{
  "id": "gen9championsvgc2026regma-2586055037",
  "format": "[Gen 9 Champions] VGC 2026 Reg M-A",
  "players": [
    "LordoftheGarbodors",
    "AidzPlayz"
  ],
  "log": "|j|\u2606LordoftheGarbodors\n|j|\u2606AidzPlayz\n|t:|1776394278\n|gametype|doubles\n|player|p1|LordoftheGarbodors|marley|1244\n|player|p2|AidzPlayz|ghetsis-gen5bw|1267\n|gen|9\n|tier|[Gen 9 Champions] VGC 2026 Reg M-A\n|rated|\n|rule|Species Clause: Limit one of each Pok\u00e9mon\n|rule|Item Clause: Limit 1 of each item\n|clearpoke\n|poke|p1|Meganium, L50, M|\n|poke|p1|Aerodactyl, L50, M|\n|poke|p1|Milotic, L50, F|\n|poke|p1|Maushold-Four, L50|\n|poke|p1|Basculegion, L50, M|\n|poke|p1|Sneasler, L50, F|\n|poke|p2|Aerodactyl, L50, M|\n|poke|p2|Incineroar, L50, F|\n|poke|p2|Floette-Eternal, L50, F|\n|poke|p2|Basculegion, L50, M|\n|poke|p2|Garchomp, L50, F|\n|poke|p2|Sneasler, L50, M|\n|teampreview|4\n|inactive|Battle timer is ON: inactive players will automatically lose when time's up. (requested by LordoftheGarbodors)\n|\n|t:|1776394312\n|teamsize|p1|4\n|teamsize|p2|4\n|start\n|switch|p1a: Sneasler|Sneasler, L50, F|100/100\n|switch|p1b: Milotic|Milotic, L50, F, shiny|100/100\n|switch|p2a: Aerodactyl|Aerodactyl, L50, M|100/100\n|switch|p2b: Floette|Floette-Eternal, L50, F|100/100\n|-ability|p2a: Aerodactyl|Unnerve\n|turn|1\n|\n|t:|1776394331\n|detailschange|p2b: Floette|Floette-Mega, L50, F\n|-mega|p2b: Floette|Floette|Floettite\n|-ability|p2b: Floette|Fairy Aura\n|move|p2a: Aerodactyl|Protect|p2a: Aerodactyl\n|-singleturn|p2a: Aerodactyl|Protect\n|move|p2b: Floette|Protect|p2b: Floette\n|-singleturn|p2b: Floette|Protect\n|move|p1a: Sneasler|Fake Out|p2a: Aerodactyl\n|-activate|p2a: Aerodactyl|move: Protect\n|move|p1b: Milotic|Icy Wind|p2a: Aerodactyl|[spread] \n|-activate|p2a: Aerodactyl|move: Protect\n|-activate|p2b: Floette|move: Protect\n|\n|upkeep\n|turn|2\n|inactive|AidzPlayz has 30 seconds left.\n|\n|t:|1776394362\n|move|p1a: Sneasler|Protect|p1a: Sneasler\n|-singleturn|p1a: Sneasler|Protect\n|move|p2a: Aerodactyl|Tailwind|p2a: Aerodactyl\n|-sidestart|p2: AidzPlayz|move: Tailwind\n|move|p2b: Floette|Moonblast|p1a: Sneasler\n|-activate|p1a: Sneasler|move: Protect\n|move|p1b: Milotic|Icy Wind|p2a: Aerodactyl|[spread] p2a,p2b\n|-supereffective|p2a: Aerodactyl|1\n|-damage|p2a: Aerodactyl|60/100\n|-damage|p2b: Floette|89/100\n|-unboost|p2a: Aerodactyl|spe|1\n|-unboost|p2b: Floette|spe|1\n|\n|upkeep\n|turn|3\n|\n|t:|1776394379\n|move|p2a: Aerodactyl|Dual Wingbeat|p1a: Sneasler\n|-supereffective|p1a: Sneasler|1\n|-crit|p1a: Sneasler\n|-damage|p1a: Sneasler|9/100\n|-supereffective|p1a: Sneasler|1\n|-damage|p1a: Sneasler|0 fnt\n|faint|p1a: Sneasler\n|-hitcount|p1: Sneasler|2\n|move|p2b: Floette|Moonblast|p1b: Milotic\n|-damage|p1b: Milotic|45/100\n|move|p1b: Milotic|Scald|p2a: Aerodactyl\n|-supereffective|p2a: Aerodactyl|1\n|-damage|p2a: Aerodactyl|0 fnt\n|faint|p2a: Aerodactyl\n|\n|-heal|p1b: Milotic|51/100|[from] item: Leftovers\n|upkeep\n|\n|t:|1776394404\n|switch|p2a: Sneasler|Sneasler, L50, M|100/100\n|switch|p1a: Aerodactyl|Aerodactyl, L50, M|100/100\n|-ability|p1a: Aerodactyl|Unnerve\n|turn|4\n|inactive|AidzPlayz has 30 seconds left.\n|\n|t:|1776394438\n|move|p1a: Aerodactyl|Protect|p1a: Aerodactyl\n|-singleturn|p1a: Aerodactyl|Protect\n|move|p1b: Milotic|Protect|p1b: Milotic\n|-singleturn|p1b: Milotic|Protect\n|move|p2a: Sneasler|Rock Tomb|p1a: Aerodactyl\n|-activate|p1a: Aerodactyl|move: Protect\n|move|p2b: Floette|Moonblast|p1a: Aerodactyl\n|-activate|p1a: Aerodactyl|move: Protect\n|\n|-heal|p1b: Milotic|57/100|[from] item: Leftovers\n|upkeep\n|turn|5\n|\n|t:|1776394456\n|detailschange|p1a: Aerodactyl|Aerodactyl-Mega, L50, M\n|-mega|p1a: Aerodactyl|Aerodactyl|Aerodactylite\n|move|p2a: Sneasler|Rock Tomb|p1a: Aerodactyl\n|-supereffective|p1a: Aerodactyl|1\n|-damage|p1a: Aerodactyl|48/100\n|-unboost|p1a: Aerodactyl|spe|1\n|move|p2b: Floette|Dazzling Gleam|p1b: Milotic|[spread] p1a,p1b\n|-damage|p1a: Aerodactyl|0 fnt\n|-damage|p1b: Milotic|21/100\n|faint|p1a: Aerodactyl\n|move|p1b: Milotic|Scald|p2b: Floette\n|-damage|p2b: Floette|57/100\n|\n|-heal|p1b: Milotic|27/100|[from] item: Leftovers\n|-sideend|p2: AidzPlayz|move: Tailwind\n|upkeep\n|\n|t:|1776394467\n|switch|p1a: Basculegion|Basculegion, L50, M|100/100\n|turn|6\n|\n|t:|1776394478\n|move|p2b: Floette|Protect|p2b: Floette\n|-singleturn|p2b: Floette|Protect\n|move|p1a: Basculegion|Last Respects|p2b: Floette\n|-activate|p2b: Floette|move: Protect\n|move|p2a: Sneasler|Close Combat|p1b: Milotic\n|-damage|p1b: Milotic|0 fnt\n|-unboost|p2a: Sneasler|def|1\n|-unboost|p2a: Sneasler|spd|1\n|faint|p1b: Milotic\n|-enditem|p2a: Sneasler|White Herb\n|-clearnegativeboost|p2a: Sneasler|[silent]\n|\n|upkeep\n|turn|7\n|\n|t:|1776394499\n|move|p2a: Sneasler|Dire Claw|p1a: Basculegion\n|-resisted|p1a: Basculegion|1\n|-damage|p1a: Basculegion|71/100\n|-status|p1a: Basculegion|slp\n|cant|p1a: Basculegion|slp\n|move|p2b: Floette|Moonblast|p1a: Basculegion\n|-damage|p1a: Basculegion|0 fnt\n|faint|p1a: Basculegion\n|\n|win|AidzPlayz\n|raw|LordoftheGarbodors's rating: 1244 &rarr; <strong>1221</strong><br />(-23 for losing)\n|raw|AidzPlayz's rating: 1267 &rarr; <strong>1290</strong><br />(+23 for winning)\n",
  "uploadtime": 1776394500,
  "views": 23,
  "formatid": "gen9championsvgc2026regma",
  "rating": 1221,
  "private": 0,
  "password": null
}