{
  "id": "gen9championsvgc2026regma-2583868759",
  "format": "[Gen 9 Champions] VGC 2026 Reg M-A",
  "players": [
    "colin quinn",
    "B1sm"
  ],
  "log": "|j|\u2606colin quinn\n|j|\u2606B1sm\n|t:|1776204054\n|gametype|doubles\n|player|p1|colin quinn|blue|1140\n|player|p2|B1sm|cynthia|1040\n|gen|9\n|tier|[Gen 9 Champions] VGC 2026 Reg M-A\n|rated|\n|rule|Species Clause: Limit one of each Pok\u00e9mon\n|rule|Item Clause: Limit 1 of each item\n|clearpoke\n|poke|p1|Alakazam, L50, F|\n|poke|p1|Camerupt, L50, F|\n|poke|p1|Sinistcha, L50|\n|poke|p1|Lucario, L50, M|\n|poke|p1|Weavile, L50, F|\n|poke|p1|Rotom-Wash, L50|\n|poke|p2|Delphox, L50, F|\n|poke|p2|Milotic, L50, F|\n|poke|p2|Altaria, L50, F|\n|poke|p2|Sinistcha, L50|\n|poke|p2|Tyranitar, L50, F|\n|poke|p2|Meowscarada, L50, M|\n|teampreview|4\n|\n|t:|1776204090\n|teamsize|p1|4\n|teamsize|p2|4\n|start\n|switch|p1a: Lucario|Lucario, L50, M|100/100\n|switch|p1b: Weavile|Weavile, L50, F|100/100\n|switch|p2a: Meowscarada|Meowscarada, L50, M|100/100\n|switch|p2b: Milotic|Milotic, L50, F|100/100\n|-ability|p1b: Weavile|Pressure\n|turn|1\n|inactive|Battle timer is ON: inactive players will automatically lose when time's up. (requested by colin quinn)\n|\n|t:|1776204121\n|switch|p2a: Altaria|Altaria, L50, F|100/100\n|move|p1b: Weavile|Beat Up|p1a: Lucario\n|-resisted|p1a: Lucario|1\n|-damage|p1a: Lucario|94/100\n|-ability|p1a: Lucario|Justified|boost\n|-boost|p1a: Lucario|atk|1\n|-resisted|p1a: Lucario|1\n|-damage|p1a: Lucario|86/100\n|-ability|p1a: Lucario|Justified|boost\n|-boost|p1a: Lucario|atk|1\n|-resisted|p1a: Lucario|1\n|-damage|p1a: Lucario|80/100\n|-ability|p1a: Lucario|Justified|boost\n|-boost|p1a: Lucario|atk|1\n|-resisted|p1a: Lucario|1\n|-damage|p1a: Lucario|76/100\n|-ability|p1a: Lucario|Justified|boost\n|-boost|p1a: Lucario|atk|1\n|-hitcount|p1a: Lucario|4\n|move|p1a: Lucario|Meteor Mash|p2b: Milotic\n|-resisted|p2b: Milotic|1\n|-damage|p2b: Milotic|50/100\n|move|p2b: Milotic|Light Screen|p2b: Milotic\n|-sidestart|p2: B1sm|move: Light Screen\n|\n|-heal|p2b: Milotic|56/100|[from] item: Leftovers\n|upkeep\n|turn|2\n|\n|t:|1776204145\n|detailschange|p1a: Lucario|Lucario-Mega, L50, M\n|-mega|p1a: Lucario|Lucario|Lucarionite\n|move|p2b: Milotic|Protect|p2b: Milotic\n|-singleturn|p2b: Milotic|Protect\n|move|p1b: Weavile|Ice Spinner|p2a: Altaria\n|-supereffective|p2a: Altaria|2\n|-damage|p2a: Altaria|0 fnt\n|faint|p2a: Altaria\n|move|p1a: Lucario|Meteor Mash|p2b: Milotic\n|-activate|p2b: Milotic|move: Protect\n|\n|-heal|p2b: Milotic|62/100|[from] item: Leftovers\n|upkeep\n|\n|t:|1776204156\n|switch|p2a: Delphox|Delphox, L50, F|100/100\n|turn|3\n|\n|t:|1776204170\n|detailschange|p2a: Delphox|Delphox-Mega, L50, F\n|-mega|p2a: Delphox|Delphox|Delphoxite\n|move|p1a: Lucario|Protect|p1a: Lucario\n|-singleturn|p1a: Lucario|Protect\n|move|p1b: Weavile|Beat Up|p2a: Delphox\n|-supereffective|p2a: Delphox|1\n|-damage|p2a: Delphox|79/100\n|-supereffective|p2a: Delphox|1\n|-damage|p2a: Delphox|57/100\n|-supereffective|p2a: Delphox|1\n|-damage|p2a: Delphox|34/100\n|-supereffective|p2a: Delphox|1\n|-damage|p2a: Delphox|19/100\n|-hitcount|p2a: Delphox|4\n|move|p2a: Delphox|Heat Wave|p1b: Weavile|[spread] \n|-activate|p1a: Lucario|move: Protect\n|-miss|p2a: Delphox|p1b: Weavile\n|move|p2b: Milotic|Icy Wind|p1a: Lucario|[spread] p1b\n|-activate|p1a: Lucario|move: Protect\n|-resisted|p1b: Weavile|1\n|-damage|p1b: Weavile|93/100\n|-unboost|p1b: Weavile|spe|1\n|\n|-heal|p2b: Milotic|68/100|[from] item: Leftovers\n|upkeep\n|turn|4\n|inactive|B1sm has 30 seconds left.\n|\n|t:|1776204198\n|switch|p1b: Alakazam|Alakazam, L50, F, shiny|100/100\n|switch|p2b: Meowscarada|Meowscarada, L50, M|100/100\n|move|p1a: Lucario|Extreme Speed|p2a: Delphox\n|-damage|p2a: Delphox|0 fnt\n|faint|p2a: Delphox\n|\n|upkeep\n|\n|t:|1776204208\n|switch|p2a: Milotic|Milotic, L50, F|68/100\n|turn|5\n|\n|t:|1776204225\n|move|p2b: Meowscarada|Sucker Punch||[still]\n|-fail|p2b: Meowscarada\n|move|p1b: Alakazam|Reflect|p1b: Alakazam\n|-sidestart|p1: colin quinn|Reflect\n|move|p1a: Lucario|Meteor Mash|p2a: Milotic\n|-resisted|p2a: Milotic|1\n|-damage|p2a: Milotic|0 fnt\n|faint|p2a: Milotic\n|\n|-sideend|p2: B1sm|move: Light Screen\n|upkeep\n|turn|6\n|-message|B1sm forfeited.\n|\n|win|colin quinn\n|raw|colin quinn's rating: 1140 &rarr; <strong>1158</strong><br />(+18 for winning)\n|raw|B1sm's rating: 1040 &rarr; <strong>1028</strong><br />(-12 for losing)\n|l|\u2606B1sm\n|player|p2|\n",
  "uploadtime": 1776204279,
  "views": 30,
  "formatid": "gen9championsvgc2026regma",
  "rating": 1028,
  "private": 0,
  "password": null
}