{
  "id": "gen9championsvgc2026regma-2583894616",
  "format": "[Gen 9 Champions] VGC 2026 Reg M-A",
  "players": [
    "f floshette",
    "angemorgs"
  ],
  "log": "|j|\u2606f floshette\n|j|\u2606angemorgs\n|t:|1776206193\n|gametype|doubles\n|player|p1|f floshette|miku-ghost|1084\n|player|p2|angemorgs|backersf|1051\n|gen|9\n|tier|[Gen 9 Champions] VGC 2026 Reg M-A\n|rated|\n|rule|Species Clause: Limit one of each Pok\u00e9mon\n|rule|Item Clause: Limit 1 of each item\n|clearpoke\n|poke|p1|Chimecho, L50, F|\n|poke|p1|Dragonite, L50, M|\n|poke|p1|Sneasler, L50, M|\n|poke|p1|Incineroar, L50, F|\n|poke|p1|Sinistcha, L50|\n|poke|p1|Rhyperior, L50, F|\n|poke|p2|Floette-Eternal, L50, F|\n|poke|p2|Garchomp, L50, F|\n|poke|p2|Sneasler, L50, F|\n|poke|p2|Rotom-Wash, L50|\n|poke|p2|Aerodactyl, L50, M|\n|poke|p2|Incineroar, L50, M|\n|teampreview|4\n|inactive|Battle timer is ON: inactive players will automatically lose when time's up. (requested by angemorgs)\n|l|\u2606f floshette\n|inactive|f floshette disconnected and has a minute to reconnect!\n|player|p1|\n|j|\u2606f floshette\n|inactive|f floshette reconnected and has 75 seconds left.\n|player|p1|f floshette|miku-ghost|\n|\n|t:|1776206245\n|teamsize|p1|4\n|teamsize|p2|4\n|start\n|switch|p1a: Chimecho|Chimecho, L50, F|100/100\n|switch|p1b: Incineroar|Incineroar, L50, F|100/100\n|switch|p2a: Garchomp|Garchomp, L50, F|100/100\n|switch|p2b: Rotom|Rotom-Wash, L50|100/100\n|-ability|p1b: Incineroar|Intimidate|boost\n|-unboost|p2a: Garchomp|atk|1\n|-unboost|p2b: Rotom|atk|1\n|turn|1\n|\n|t:|1776206267\n|detailschange|p1a: Chimecho|Chimecho-Mega, L50, F\n|-mega|p1a: Chimecho|Chimecho|Chimechite\n|move|p1b: Incineroar|Fake Out|p2b: Rotom\n|-damage|p2b: Rotom|88/100\n|cant|p2b: Rotom|flinch\n|move|p2a: Garchomp|Stomping Tantrum|p1b: Incineroar\n|-supereffective|p1b: Incineroar|1\n|-damage|p1b: Incineroar|53/100\n|move|p1a: Chimecho|Calm Mind|p1a: Chimecho\n|-boost|p1a: Chimecho|spa|1\n|-boost|p1a: Chimecho|spd|1\n|\n|upkeep\n|turn|2\n|\n|t:|1776206284\n|switch|p1b: Sinistcha|Sinistcha, L50|100/100\n|move|p2b: Rotom|Volt Switch|p1b: Sinistcha\n|-resisted|p1b: Sinistcha|1\n|-damage|p1b: Sinistcha|89/100\n|\n|t:|1776206290\n|switch|p2b: Incineroar|Incineroar, L50, M|100/100|[from] Volt Switch\n|-ability|p2b: Incineroar|Intimidate|boost\n|-unboost|p1a: Chimecho|atk|1\n|-unboost|p1b: Sinistcha|atk|1\n|move|p2a: Garchomp|Stomping Tantrum|p1b: Sinistcha\n|-resisted|p1b: Sinistcha|1\n|-damage|p1b: Sinistcha|74/100\n|move|p1a: Chimecho|Psychic|p2a: Garchomp\n|-damage|p2a: Garchomp|9/100\n|\n|upkeep\n|turn|3\n|inactive|f floshette has 30 seconds left.\n|inactive|f floshette has 20 seconds left.\n|\n|t:|1776206325\n|switch|p2a: Rotom|Rotom-Wash, L50|88/100\n|switch|p1b: Incineroar|Incineroar, L50, F|53/100\n|-ability|p1b: Incineroar|Intimidate|boost\n|-unboost|p2a: Rotom|atk|1\n|-unboost|p2b: Incineroar|atk|1\n|move|p2b: Incineroar|Parting Shot|p1a: Chimecho\n|-unboost|p1a: Chimecho|atk|1\n|-unboost|p1a: Chimecho|spa|1\n|\n|t:|1776206335\n|switch|p2b: Garchomp|Garchomp, L50, F|9/100|[from] Parting Shot\n|move|p1a: Chimecho|Psychic|p2a: Rotom\n|-damage|p2a: Rotom|33/100\n|-unboost|p2a: Rotom|spd|1\n|\n|upkeep\n|turn|4\n|\n|t:|1776206355\n|switch|p1b: Sinistcha|Sinistcha, L50|74/100\n|move|p2a: Rotom|Hydro Pump|p1a: Chimecho\n|-damage|p1a: Chimecho|73/100\n|move|p2b: Garchomp|Stomping Tantrum|p1b: Sinistcha\n|-resisted|p1b: Sinistcha|1\n|-damage|p1b: Sinistcha|51/100\n|move|p1a: Chimecho|Calm Mind|p1a: Chimecho\n|-boost|p1a: Chimecho|spa|1\n|-boost|p1a: Chimecho|spd|1\n|\n|upkeep\n|turn|5\n|inactive|f floshette has 30 seconds left.\n|inactive|f floshette has 20 seconds left.\n|\n|t:|1776206393\n|switch|p2b: Incineroar|Incineroar, L50, M|100/100\n|-ability|p2b: Incineroar|Intimidate|boost\n|-unboost|p1a: Chimecho|atk|1\n|-unboost|p1b: Sinistcha|atk|1\n|move|p2a: Rotom|Hydro Pump|p1a: Chimecho|[miss]\n|-miss|p2a: Rotom|p1a: Chimecho\n|move|p1a: Chimecho|Psychic|p2a: Rotom\n|-damage|p2a: Rotom|0 fnt\n|faint|p2a: Rotom\n|move|p1b: Sinistcha|Trick Room|p1b: Sinistcha\n|-fieldstart|move: Trick Room|[of] p1b: Sinistcha\n|\n|upkeep\n|\n|t:|1776206405\n|switch|p2a: Garchomp|Garchomp, L50, F|9/100\n|turn|6\n|\n|t:|1776206410\n|switch|p1b: Incineroar|Incineroar, L50, F|53/100\n|-ability|p1b: Incineroar|Intimidate|boost\n|-unboost|p2a: Garchomp|atk|1\n|-unboost|p2b: Incineroar|atk|1\n|move|p1a: Chimecho|Psychic|p2a: Garchomp\n|-damage|p2a: Garchomp|0 fnt\n|faint|p2a: Garchomp\n|move|p2b: Incineroar|Flare Blitz|p1a: Chimecho\n|-supereffective|p1a: Chimecho|1\n|-damage|p1a: Chimecho|19/100\n|-damage|p2b: Incineroar|86/100|[from] Recoil\n|\n|upkeep\n|\n|t:|1776206420\n|switch|p2a: Floette|Floette-Eternal, L50, F|100/100\n|turn|7\n|\n|t:|1776206427\n|move|p2a: Floette|Protect|p2a: Floette\n|-singleturn|p2a: Floette|Protect\n|move|p1b: Incineroar|Fake Out|p2b: Incineroar\n|-damage|p2b: Incineroar|77/100\n|move|p1a: Chimecho|Flash Cannon|p2a: Floette\n|-activate|p2a: Floette|move: Protect\n|cant|p2b: Incineroar|flinch\n|\n|upkeep\n|turn|8\n|\n|t:|1776206435\n|switch|p1b: Sinistcha|Sinistcha, L50|51/100\n|-heal|p1a: Chimecho|44/100|[from] ability: Hospitality|[of] p1b: Sinistcha\n|move|p1a: Chimecho|Flash Cannon|p2a: Floette\n|-supereffective|p2a: Floette|1\n|-damage|p2a: Floette|0 fnt\n|faint|p2a: Floette\n|move|p2b: Incineroar|Flare Blitz|p1a: Chimecho\n|-supereffective|p1a: Chimecho|1\n|-damage|p1a: Chimecho|0 fnt\n|faint|p1a: Chimecho\n|-damage|p2b: Incineroar|65/100|[from] Recoil\n|\n|upkeep\n|\n|t:|1776206447\n|switch|p1a: Rhyperior|Rhyperior, L50, F|100/100\n|turn|9\n|\n|t:|1776206452\n|switch|p1b: Incineroar|Incineroar, L50, F|53/100\n|-ability|p1b: Incineroar|Intimidate|boost\n|-unboost|p2b: Incineroar|atk|1\n|move|p1a: Rhyperior|Rock Slide|p2b: Incineroar\n|-supereffective|p2b: Incineroar|1\n|-damage|p2b: Incineroar|0 fnt\n|faint|p2b: Incineroar\n|\n|win|f floshette\n",
  "uploadtime": 1776206195,
  "views": 15,
  "formatid": "gen9championsvgc2026regma",
  "rating": null,
  "private": 0,
  "password": null
}