{
  "id": "gen9championsvgc2026regma-2587731986",
  "format": "[Gen 9 Champions] VGC 2026 Reg M-A",
  "players": [
    "jakeyyekaj",
    "heroplayer2026"
  ],
  "log": "|j|\u2606jakeyyekaj\n|j|\u2606heroplayer2026\n|t:|1776558389\n|gametype|doubles\n|player|p1|jakeyyekaj|n|1373\n|player|p2|heroplayer2026|102|1279\n|gen|9\n|tier|[Gen 9 Champions] VGC 2026 Reg M-A\n|rated|\n|rule|Species Clause: Limit one of each Pok\u00e9mon\n|rule|Item Clause: Limit 1 of each item\n|clearpoke\n|poke|p1|Charizard, L50, M|\n|poke|p1|Incineroar, L50, M|\n|poke|p1|Aerodactyl, L50, M|\n|poke|p1|Sinistcha, L50|\n|poke|p1|Milotic, L50, F|\n|poke|p1|Mimikyu, L50, F|\n|poke|p2|Torkoal, L50, M|\n|poke|p2|Incineroar, L50, M|\n|poke|p2|Farigiraf, L50, M|\n|poke|p2|Golurk, L50|\n|poke|p2|Conkeldurr, L50, M|\n|poke|p2|Garchomp, L50, M|\n|teampreview|4\n|inactive|Battle timer is ON: inactive players will automatically lose when time's up. (requested by jakeyyekaj)\n|\n|t:|1776558413\n|teamsize|p1|4\n|teamsize|p2|4\n|start\n|switch|p1a: Spitfire|Charizard, L50, M|100/100\n|switch|p1b: Kintsugi|Sinistcha, L50|100/100\n|switch|p2a: Farigiraf|Farigiraf, L50, M|100/100\n|switch|p2b: Conkeldurr|Conkeldurr, L50, M|100/100\n|turn|1\n|\n|t:|1776558424\n|detailschange|p1a: Spitfire|Charizard-Mega-X, L50, M\n|-mega|p1a: Spitfire|Charizard|Charizardite X\n|move|p1a: Spitfire|Dragon Dance|p1a: Spitfire\n|-boost|p1a: Spitfire|atk|1\n|-boost|p1a: Spitfire|spe|1\n|move|p2b: Conkeldurr|Thunder Punch|p1a: Spitfire\n|-resisted|p1a: Spitfire|1\n|-damage|p1a: Spitfire|85/100\n|move|p1b: Kintsugi|Trick Room|p1b: Kintsugi\n|-fieldstart|move: Trick Room|[of] p1b: Kintsugi\n|move|p2a: Farigiraf|Trick Room|p2a: Farigiraf\n|-fieldend|move: Trick Room\n|\n|upkeep\n|turn|2\n|\n|t:|1776558443\n|move|p1a: Spitfire|Flare Blitz|p2a: Farigiraf\n|-damage|p2a: Farigiraf|10/100\n|-damage|p1a: Spitfire|49/100|[from] Recoil\n|move|p1b: Kintsugi|Matcha Gotcha|p2b: Conkeldurr|[spread] p2a,p2b\n|-damage|p2a: Farigiraf|0 fnt\n|-damage|p2b: Conkeldurr|75/100\n|faint|p2a: Farigiraf\n|move|p2b: Conkeldurr|Ice Punch|p1b: Kintsugi\n|-supereffective|p1b: Kintsugi|1\n|-damage|p1b: Kintsugi|40/100\n|-enditem|p1b: Kintsugi|Sitrus Berry|[eat]\n|-heal|p1b: Kintsugi|65/100|[from] item: Sitrus Berry\n|\n|-heal|p2b: Conkeldurr|81/100|[from] item: Leftovers\n|upkeep\n|\n|t:|1776558457\n|switch|p2a: Golurk|Golurk, L50|100/100\n|turn|3\n|inactive|jakeyyekaj has 30 seconds left.\n|\n|t:|1776558482\n|move|p1b: Kintsugi|Rage Powder|p1b: Kintsugi\n|-singleturn|p1b: Kintsugi|move: Rage Powder\n|move|p1a: Spitfire|Flare Blitz|p2b: Conkeldurr\n|-crit|p2b: Conkeldurr\n|-damage|p2b: Conkeldurr|0 fnt\n|faint|p2b: Conkeldurr\n|-damage|p1a: Spitfire|18/100|[from] Recoil\n|move|p2a: Golurk|Headlong Rush|p1b: Kintsugi\n|-resisted|p1b: Kintsugi|1\n|-damage|p1b: Kintsugi|31/100\n|-unboost|p2a: Golurk|def|1\n|-unboost|p2a: Golurk|spd|1\n|\n|upkeep\n|\n|t:|1776558495\n|switch|p2b: Garchomp|Garchomp, L50, M|100/100\n|turn|4\n|\n|t:|1776558507\n|detailschange|p2a: Golurk|Golurk-Mega, L50\n|-mega|p2a: Golurk|Golurk|Golurkite\n|move|p1b: Kintsugi|Rage Powder|p1b: Kintsugi\n|-singleturn|p1b: Kintsugi|move: Rage Powder\n|move|p1a: Spitfire|Dragon Claw|p2b: Garchomp\n|-supereffective|p2b: Garchomp|1\n|-damage|p2b: Garchomp|0 fnt\n|-damage|p1a: Spitfire|6/100|[from] ability: Rough Skin|[of] p2b: Garchomp\n|faint|p2b: Garchomp\n|move|p2a: Golurk|Knock Off|p1b: Kintsugi\n|-supereffective|p1b: Kintsugi|1\n|-damage|p1b: Kintsugi|0 fnt\n|faint|p1b: Kintsugi\n|\n|upkeep\n|\n|t:|1776558513\n|switch|p1b: Pearl|Milotic, L50, F|100/100\n|turn|5\n|\n|t:|1776558523\n|move|p1a: Spitfire|Dragon Claw|p2a: Golurk\n|-damage|p2a: Golurk|0 fnt\n|faint|p2a: Golurk\n|\n|win|jakeyyekaj\n|raw|jakeyyekaj's rating: 1373 &rarr; <strong>1388</strong><br />(+15 for winning)\n|raw|heroplayer2026's rating: 1279 &rarr; <strong>1261</strong><br />(-18 for losing)\n",
  "uploadtime": 1776558526,
  "views": 17,
  "formatid": "gen9championsvgc2026regma",
  "rating": 1261,
  "private": 0,
  "password": null
}