{
  "id": "gen9championsvgc2026regma-2584526645",
  "format": "[Gen 9 Champions] VGC 2026 Reg M-A",
  "players": [
    "soleous is bad",
    "Loyd"
  ],
  "log": "|j|\u2606soleous is bad\n|j|\u2606Loyd\n|t:|1776266659\n|gametype|doubles\n|player|p1|soleous is bad|101|1071\n|player|p2|Loyd|volkner|1052\n|gen|9\n|tier|[Gen 9 Champions] VGC 2026 Reg M-A\n|rated|\n|rule|Species Clause: Limit one of each Pok\u00e9mon\n|rule|Item Clause: Limit 1 of each item\n|clearpoke\n|poke|p1|Froslass, L50, F|\n|poke|p1|Rotom-Frost, L50|\n|poke|p1|Garchomp, L50, F|\n|poke|p1|Incineroar, L50, F|\n|poke|p1|Empoleon, L50, M|\n|poke|p1|Kingambit, L50, F|\n|poke|p2|Charizard, L50, F|\n|poke|p2|Incineroar, L50, F|\n|poke|p2|Whimsicott, L50, M|\n|poke|p2|Dragapult, L50, F|\n|poke|p2|Sylveon, L50, F|\n|poke|p2|Sneasler, L50, M|\n|teampreview|4\n|\n|t:|1776266696\n|teamsize|p1|4\n|teamsize|p2|4\n|start\n|switch|p1a: Empoleon|Empoleon, L50, M|100/100\n|switch|p1b: Froslass|Froslass, L50, F|100/100\n|switch|p2a: Dragapult|Dragapult, L50, F|100/100\n|switch|p2b: Sneasler|Sneasler, L50, M|100/100\n|turn|1\n|inactive|Battle timer is ON: inactive players will automatically lose when time's up. (requested by Loyd)\n|\n|t:|1776266717\n|switch|p1a: Incineroar|Incineroar, L50, F|100/100\n|-ability|p1a: Incineroar|Intimidate|boost\n|-fail|p2a: Dragapult|unboost|[from] ability: Clear Body|[of] p2a: Dragapult\n|-unboost|p2b: Sneasler|atk|1\n|-enditem|p2b: Sneasler|White Herb\n|-clearnegativeboost|p2b: Sneasler|[silent]\n|detailschange|p1b: Froslass|Froslass-Mega, L50, F\n|-mega|p1b: Froslass|Froslass|Froslassite\n|-weather|Snowscape|[from] ability: Snow Warning|[of] p1b: Froslass\n|move|p1b: Froslass|Protect|p1b: Froslass\n|-singleturn|p1b: Froslass|Protect\n|move|p2b: Sneasler|Rock Slide|p1a: Incineroar|[spread] \n|-activate|p1b: Froslass|move: Protect\n|-miss|p2b: Sneasler|p1a: Incineroar\n|move|p2a: Dragapult|Light Screen|p2a: Dragapult\n|-sidestart|p2: Loyd|move: Light Screen\n|\n|-weather|Snowscape|[upkeep]\n|upkeep\n|turn|2\n|inactive|soleous is bad has 30 seconds left.\n|\n|t:|1776266751\n|switch|p1b: Rotom|Rotom-Frost, L50|100/100\n|move|p1a: Incineroar|Fake Out|p2b: Sneasler\n|-damage|p2b: Sneasler|79/100\n|cant|p2b: Sneasler|flinch\n|move|p2a: Dragapult|Night Shade|p1b: Rotom\n|-damage|p1b: Rotom|61/100\n|\n|-weather|Snowscape|[upkeep]\n|upkeep\n|turn|3\n|\n|t:|1776266763\n|move|p2b: Sneasler|Rock Slide|p1a: Incineroar|[spread] p1b\n|-miss|p2b: Sneasler|p1a: Incineroar\n|-supereffective|p1b: Rotom|1\n|-damage|p1b: Rotom|26/100\n|move|p1b: Rotom|Blizzard|p2b: Sneasler|[spread] p2a,p2b\n|-supereffective|p2a: Dragapult|1\n|-damage|p2a: Dragapult|43/100\n|-damage|p2b: Sneasler|44/100\n|-status|p2a: Dragapult|frz\n|-enditem|p2a: Dragapult|Lum Berry|[eat]\n|-curestatus|p2a: Dragapult|frz|[msg]\n|move|p2a: Dragapult|Night Shade|p1a: Incineroar\n|-damage|p1a: Incineroar|76/100\n|move|p1a: Incineroar|Darkest Lariat|p2a: Dragapult\n|-supereffective|p2a: Dragapult|1\n|-damage|p2a: Dragapult|0 fnt\n|faint|p2a: Dragapult\n|\n|-weather|Snowscape|[upkeep]\n|upkeep\n|\n|t:|1776266768\n|switch|p2a: Whimsicott|Whimsicott, L50, M|100/100\n|turn|4\n|\n|t:|1776266790\n|move|p2a: Whimsicott|Tailwind|p2a: Whimsicott\n|-sidestart|p2: Loyd|move: Tailwind\n|move|p2b: Sneasler|Rock Slide|p1a: Incineroar|[spread] p1a\n|-miss|p2b: Sneasler|p1b: Rotom\n|-supereffective|p1a: Incineroar|1\n|-damage|p1a: Incineroar|36/100\n|-enditem|p1a: Incineroar|Sitrus Berry|[eat]\n|-heal|p1a: Incineroar|61/100|[from] item: Sitrus Berry\n|move|p1b: Rotom|Blizzard|p2b: Sneasler|[spread] p2a,p2b\n|-supereffective|p2a: Whimsicott|1\n|-damage|p2a: Whimsicott|17/100\n|-damage|p2b: Sneasler|8/100\n|-status|p2a: Whimsicott|frz\n|move|p1a: Incineroar|Flare Blitz|p2a: Whimsicott\n|-supereffective|p2a: Whimsicott|1\n|-damage|p2a: Whimsicott|0 fnt\n|faint|p2a: Whimsicott\n|-damage|p1a: Incineroar|57/100|[from] Recoil\n|\n|-weather|Snowscape|[upkeep]\n|upkeep\n|\n|t:|1776266796\n|switch|p2a: Charizard|Charizard, L50, F, shiny|100/100\n|turn|5\n|\n|t:|1776266817\n|switch|p1b: Empoleon|Empoleon, L50, M|100/100\n|move|p2b: Sneasler|Rock Slide|p1b: Empoleon|[spread] p1a,p1b\n|-supereffective|p1a: Incineroar|1\n|-resisted|p1b: Empoleon|1\n|-damage|p1a: Incineroar|15/100\n|-damage|p1b: Empoleon|91/100\n|move|p2a: Charizard|Heat Wave|p1b: Empoleon|[spread] p1a,p1b\n|-resisted|p1a: Incineroar|1\n|-damage|p1a: Incineroar|0 fnt\n|-damage|p1b: Empoleon|62/100\n|faint|p1a: Incineroar\n|\n|-weather|none\n|-heal|p1b: Empoleon|68/100|[from] item: Leftovers\n|-sideend|p2: Loyd|move: Light Screen\n|upkeep\n|\n|t:|1776266831\n|switch|p1a: Rotom|Rotom-Frost, L50|26/100\n|turn|6\n|\n|t:|1776266839\n|move|p2b: Sneasler|Close Combat|p1b: Empoleon\n|-supereffective|p1b: Empoleon|1\n|-damage|p1b: Empoleon|0 fnt\n|-unboost|p2b: Sneasler|def|1\n|-unboost|p2b: Sneasler|spd|1\n|faint|p1b: Empoleon\n|move|p2a: Charizard|Heat Wave|p1a: Rotom\n|-supereffective|p1a: Rotom|1\n|-damage|p1a: Rotom|0 fnt\n|faint|p1a: Rotom\n|\n|upkeep\n|\n|t:|1776266850\n|switch|p1b: Froslass|Froslass-Mega, L50, F|100/100\n|-weather|Snowscape|[from] ability: Snow Warning|[of] p1b: Froslass\n|turn|7\n|\n|t:|1776266856\n|detailschange|p2a: Charizard|Charizard-Mega-Y, L50, F, shiny\n|-mega|p2a: Charizard|Charizard|Charizardite Y\n|-weather|SunnyDay|[from] ability: Drought|[of] p2a: Charizard\n|move|p1b: Froslass|Protect|p1b: Froslass\n|-singleturn|p1b: Froslass|Protect\n|move|p2b: Sneasler|Rock Slide|p1b: Froslass\n|-activate|p1b: Froslass|move: Protect\n|move|p2a: Charizard|Heat Wave|p1b: Froslass\n|-activate|p1b: Froslass|move: Protect\n|\n|-weather|SunnyDay|[upkeep]\n|-sideend|p2: Loyd|move: Tailwind\n|upkeep\n|turn|8\n|-message|soleous is bad forfeited.\n|\n|win|Loyd\n|raw|soleous is bad's rating: 1071 &rarr; <strong>1049</strong><br />(-22 for losing)\n|raw|Loyd's rating: 1052 &rarr; <strong>1086</strong><br />(+34 for winning)\n|l|\u2606soleous is bad\n|player|p1|\n",
  "uploadtime": 1776266871,
  "views": 35,
  "formatid": "gen9championsvgc2026regma",
  "rating": 1049,
  "private": 0,
  "password": null
}