{
  "id": "gen9championsvgc2026regma-2589422293",
  "format": "[Gen 9 Champions] VGC 2026 Reg M-A",
  "players": [
    "NoMoreRegFAgain",
    "nemesis5164"
  ],
  "log": "|j|\u2606NoMoreRegFAgain\n|j|\u2606nemesis5164\n|t:|1776721630\n|gametype|doubles\n|player|p1|NoMoreRegFAgain|li|1223\n|player|p2|nemesis5164|169|1287\n|gen|9\n|tier|[Gen 9 Champions] VGC 2026 Reg M-A\n|rated|\n|rule|Species Clause: Limit one of each Pok\u00e9mon\n|rule|Item Clause: Limit 1 of each item\n|clearpoke\n|poke|p1|Delphox, L50, M, shiny|\n|poke|p1|Aerodactyl, L50, M, shiny|\n|poke|p1|Sneasler, L50, M|\n|poke|p1|Tsareena, L50, F, shiny|\n|poke|p1|Milotic, L50, F, shiny|\n|poke|p1|Garchomp, L50, M|\n|poke|p2|Charizard, L50, F|\n|poke|p2|Venusaur, L50, F|\n|poke|p2|Garchomp, L50, F|\n|poke|p2|Incineroar, L50, F|\n|poke|p2|Gardevoir, L50, F|\n|poke|p2|Milotic, L50, M|\n|teampreview|4\n|inactive|Battle timer is ON: inactive players will automatically lose when time's up. (requested by NoMoreRegFAgain)\n|inactive|NoMoreRegFAgain has 60 seconds left.\n|\n|t:|1776721680\n|teamsize|p1|4\n|teamsize|p2|4\n|start\n|switch|p1a: Aerodactyl|Aerodactyl, L50, M, shiny|100/100\n|switch|p1b: Sneasler|Sneasler, L50, M|100/100\n|switch|p2a: Milotic|Milotic, L50, M|100/100\n|switch|p2b: Garchomp|Garchomp, L50, F|100/100\n|-ability|p1a: Aerodactyl|Unnerve\n|turn|1\n|inactive|nemesis5164 has 30 seconds left.\n|inactive|nemesis5164 has 20 seconds left.\n|\n|t:|1776721716\n|move|p1b: Sneasler|Fake Out|p2a: Milotic\n|-damage|p2a: Milotic|85/100\n|move|p1a: Aerodactyl|Tailwind|p1a: Aerodactyl\n|-sidestart|p1: NoMoreRegFAgain|move: Tailwind\n|move|p2b: Garchomp|Dragon Claw|p1b: Sneasler\n|-damage|p1b: Sneasler|35/100\n|cant|p2a: Milotic|flinch\n|\n|-heal|p2a: Milotic|91/100|[from] item: Leftovers\n|upkeep\n|turn|2\n|\n|t:|1776721741\n|switch|p1a: Tsareena|Tsareena, L50, F, shiny|100/100\n|move|p1b: Sneasler|Close Combat|p2a: Milotic\n|-crit|p2a: Milotic\n|-damage|p2a: Milotic|0 fnt\n|-unboost|p1b: Sneasler|def|1\n|-unboost|p1b: Sneasler|spd|1\n|faint|p2a: Milotic\n|move|p2b: Garchomp|Stone Edge|p1a: Tsareena|[miss]\n|-miss|p2b: Garchomp|p1a: Tsareena\n|\n|upkeep\n|\n|t:|1776721756\n|switch|p2a: Venusaur|Venusaur, L50, F|100/100\n|turn|3\n|\n|t:|1776721767\n|move|p1b: Sneasler|Coaching|p1a: Tsareena\n|-boost|p1a: Tsareena|atk|1\n|-boost|p1a: Tsareena|def|1\n|move|p1a: Tsareena|Triple Axel|p2a: Venusaur\n|-supereffective|p2a: Venusaur|1\n|-damage|p2a: Venusaur|67/100\n|-supereffective|p2a: Venusaur|1\n|-damage|p2a: Venusaur|0 fnt\n|faint|p2a: Venusaur\n|-hitcount|p2: Venusaur|2\n|move|p2b: Garchomp|Dragon Claw|p1a: Tsareena\n|-damage|p1a: Tsareena|71/100\n|\n|upkeep\n|\n|t:|1776721781\n|switch|p2a: Charizard|Charizard, L50, F|100/100\n|turn|4\n|\n|t:|1776721790\n|switch|p1b: Aerodactyl|Aerodactyl, L50, M, shiny|100/100\n|-ability|p1b: Aerodactyl|Unnerve\n|move|p2b: Garchomp|Protect|p2b: Garchomp\n|-singleturn|p2b: Garchomp|Protect\n|move|p2a: Charizard|Protect|p2a: Charizard\n|-singleturn|p2a: Charizard|Protect\n|move|p1a: Tsareena|Triple Axel|p2b: Garchomp\n|-activate|p2b: Garchomp|move: Protect\n|\n|-sideend|p1: NoMoreRegFAgain|move: Tailwind\n|upkeep\n|turn|5\n|\n|t:|1776721807\n|detailschange|p2a: Charizard|Charizard-Mega-Y, L50, F\n|-mega|p2a: Charizard|Charizard|Charizardite Y\n|-weather|SunnyDay|[from] ability: Drought|[of] p2a: Charizard\n|move|p1b: Aerodactyl|Tailwind|p1b: Aerodactyl\n|-sidestart|p1: NoMoreRegFAgain|move: Tailwind\n|move|p1a: Tsareena|Triple Axel|p2b: Garchomp\n|-supereffective|p2b: Garchomp|2\n|-damage|p2b: Garchomp|54/100\n|-damage|p1a: Tsareena|59/100|[from] ability: Rough Skin|[of] p2b: Garchomp\n|-supereffective|p2b: Garchomp|2\n|-damage|p2b: Garchomp|0 fnt\n|-damage|p1a: Tsareena|47/100|[from] ability: Rough Skin|[of] p2b: Garchomp\n|faint|p2b: Garchomp\n|-hitcount|p2: Garchomp|2\n|move|p2a: Charizard|Heat Wave|p1b: Aerodactyl|[spread] p1a,p1b\n|-supereffective|p1a: Tsareena|1\n|-resisted|p1b: Aerodactyl|1\n|-damage|p1a: Tsareena|0 fnt\n|-damage|p1b: Aerodactyl|57/100\n|faint|p1a: Tsareena\n|\n|-weather|SunnyDay|[upkeep]\n|upkeep\n|\n|t:|1776721811\n|switch|p1a: Garchomp|Garchomp, L50, M|100/100\n|turn|6\n|inactive|nemesis5164 has 30 seconds left.\n|inactive|nemesis5164 has 20 seconds left.\n|inactive|nemesis5164 has 15 seconds left.\n|inactive|nemesis5164 has 10 seconds left.\n|inactive|nemesis5164 has 5 seconds left.\n|\n|t:|1776721866\n|move|p1b: Aerodactyl|Rock Slide|p2a: Charizard\n|-supereffective|p2a: Charizard|2\n|-damage|p2a: Charizard|0 fnt\n|faint|p2a: Charizard\n|\n|win|NoMoreRegFAgain\n|raw|NoMoreRegFAgain's rating: 1223 &rarr; <strong>1253</strong><br />(+30 for winning)\n|raw|nemesis5164's rating: 1287 &rarr; <strong>1257</strong><br />(-30 for losing)\n",
  "uploadtime": 1776721866,
  "views": 5,
  "formatid": "gen9championsvgc2026regma",
  "rating": 1253,
  "private": 0,
  "password": null
}