{
  "id": "gen9championsvgc2026regma-2581300575",
  "format": "[Gen 9 Champions] VGC 2026 Reg M-A",
  "players": [
    "lemond",
    "3ncio"
  ],
  "log": "|j|\u2606lemond\n|j|\u26063ncio\n|t:|1775983472\n|gametype|doubles\n|player|p1|lemond|102|1312\n|player|p2|3ncio|1|1223\n|gen|9\n|tier|[Gen 9 Champions] VGC 2026 Reg M-A\n|rated|\n|rule|Species Clause: Limit one of each Pok\u00e9mon\n|rule|Item Clause: Limit 1 of each item\n|clearpoke\n|poke|p1|Tyranitar, L50, F|\n|poke|p1|Excadrill, L50, M|\n|poke|p1|Gyarados, L50, F|\n|poke|p1|Gardevoir, L50, M|\n|poke|p1|Sinistcha, L50|\n|poke|p1|Rotom-Heat, L50|\n|poke|p2|Corviknight, L50, F|\n|poke|p2|Incineroar, L50, M|\n|poke|p2|Dragapult, L50, F|\n|poke|p2|Kleavor, L50, F|\n|poke|p2|Chesnaught, L50, F|\n|poke|p2|Volcarona, L50, M|\n|teampreview|4\n|inactive|Battle timer is ON: inactive players will automatically lose when time's up. (requested by lemond)\n|j| gE1xjZRtuhW2DdT0AK\n|inactive|lemond has 60 seconds left.\n|\n|t:|1775983518\n|teamsize|p1|4\n|teamsize|p2|4\n|start\n|switch|p1a: Tyranitar|Tyranitar, L50, F|100/100\n|switch|p1b: Rotom|Rotom-Heat, L50|100/100\n|switch|p2a: Incineroar|Incineroar, L50, M|100/100\n|switch|p2b: Corviknight|Corviknight, L50, F|100/100\n|-weather|Sandstorm|[from] ability: Sand Stream|[of] p1a: Tyranitar\n|-ability|p2a: Incineroar|Intimidate|boost\n|-unboost|p1a: Tyranitar|atk|1\n|-unboost|p1b: Rotom|atk|1\n|turn|1\n|inactive|3ncio has 30 seconds left.\n|inactive|3ncio has 20 seconds left.\n|inactive|3ncio has 15 seconds left.\n|\n|t:|1775983562\n|detailschange|p1a: Tyranitar|Tyranitar-Mega, L50, F\n|-mega|p1a: Tyranitar|Tyranitar|Tyranitarite\n|move|p2a: Incineroar|Fake Out|p1b: Rotom\n|-damage|p1b: Rotom|85/100\n|cant|p1b: Rotom|flinch\n|move|p1a: Tyranitar|Dragon Dance|p1a: Tyranitar\n|-boost|p1a: Tyranitar|atk|1\n|-boost|p1a: Tyranitar|spe|1\n|move|p2b: Corviknight|Bulk Up|p2b: Corviknight\n|-boost|p2b: Corviknight|atk|1\n|-boost|p2b: Corviknight|def|1\n|\n|-weather|Sandstorm|[upkeep]\n|-damage|p1b: Rotom|79/100|[from] Sandstorm\n|-damage|p2a: Incineroar|95/100|[from] Sandstorm\n|upkeep\n|turn|2\n|inactive|3ncio has 30 seconds left.\n|inactive|3ncio has 20 seconds left.\n|inactive|3ncio has 15 seconds left.\n|inactive|3ncio has 10 seconds left.\n|inactive|3ncio has 5 seconds left.\n|\n|t:|1775983617\n|move|p1b: Rotom|Overheat|p2b: Corviknight\n|-supereffective|p2b: Corviknight|1\n|-damage|p2b: Corviknight|1/100\n|-unboost|p1b: Rotom|spa|2\n|move|p1a: Tyranitar|Rock Slide|p2a: Incineroar|[spread] \n|-miss|p1a: Tyranitar|p2a: Incineroar\n|-miss|p1a: Tyranitar|p2b: Corviknight\n|move|p2b: Corviknight|Roost|p2b: Corviknight\n|-heal|p2b: Corviknight|51/100\n|-singleturn|p2b: Corviknight|move: Roost\n|move|p2a: Incineroar|Parting Shot|p1b: Rotom\n|-unboost|p1b: Rotom|atk|1\n|-unboost|p1b: Rotom|spa|1\n|inactive|3ncio has 30 seconds left.\n|\n|t:|1775983643\n|switch|p2a: Chesnaught|Chesnaught, L50, F|100/100|[from] Parting Shot\n|\n|-weather|Sandstorm|[upkeep]\n|-damage|p1b: Rotom|73/100|[from] Sandstorm\n|-damage|p2a: Chesnaught|94/100|[from] Sandstorm\n|-heal|p2b: Corviknight|57/100|[from] item: Leftovers\n|upkeep\n|turn|3\n|inactive|lemond has 30 seconds left.\n|inactive|3ncio has 30 seconds left.\n|\n|t:|1775983676\n|switch|p1b: Gyarados|Gyarados, L50, F|100/100\n|-ability|p1b: Gyarados|Intimidate|boost\n|-unboost|p2a: Chesnaught|atk|1\n|-ability|p2b: Corviknight|Mirror Armor\n|-unboost|p1b: Gyarados|atk|1\n|detailschange|p2a: Chesnaught|Chesnaught-Mega, L50, F\n|-mega|p2a: Chesnaught|Chesnaught|Chesnaughtite\n|move|p1a: Tyranitar|Protect|p1a: Tyranitar\n|-singleturn|p1a: Tyranitar|Protect\n|move|p2b: Corviknight|Brave Bird|p1b: Gyarados\n|-damage|p1b: Gyarados|38/100\n|-damage|p2b: Corviknight|37/100|[from] Recoil\n|move|p2a: Chesnaught|Body Press|p1a: Tyranitar\n|-activate|p1a: Tyranitar|move: Protect\n|\n|-weather|Sandstorm|[upkeep]\n|-damage|p1b: Gyarados|32/100|[from] Sandstorm\n|-damage|p2a: Chesnaught|88/100|[from] Sandstorm\n|-heal|p1b: Gyarados|38/100|[from] item: Leftovers\n|-heal|p2b: Corviknight|42/100|[from] item: Leftovers\n|upkeep\n|turn|4\n|inactive|lemond has 30 seconds left.\n|inactive|3ncio has 30 seconds left.\n|inactive|lemond has 20 seconds left.\n|inactive|3ncio has 20 seconds left.\n|inactive|lemond has 15 seconds left.\n|inactive|3ncio has 15 seconds left.\n|inactive|3ncio has 10 seconds left.\n|inactive|3ncio has 5 seconds left.\n|\n|t:|1775983729\n|move|p1a: Tyranitar|Rock Slide|p2a: Chesnaught|[spread] p2a,p2b\n|-resisted|p2a: Chesnaught|1\n|-damage|p2a: Chesnaught|80/100\n|-damage|p2b: Corviknight|25/100\n|move|p1b: Gyarados|Thunder Wave|p2a: Chesnaught\n|-status|p2a: Chesnaught|par\n|move|p2b: Corviknight|Bulk Up|p2b: Corviknight\n|-boost|p2b: Corviknight|atk|1\n|-boost|p2b: Corviknight|def|1\n|move|p2a: Chesnaught|Body Press|p1a: Tyranitar\n|-supereffective|p1a: Tyranitar|2\n|-damage|p1a: Tyranitar|0 fnt\n|faint|p1a: Tyranitar\n|\n|-weather|Sandstorm|[upkeep]\n|-damage|p1b: Gyarados|32/100|[from] Sandstorm\n|-damage|p2a: Chesnaught|74/100 par|[from] Sandstorm\n|-heal|p1b: Gyarados|38/100|[from] item: Leftovers\n|-heal|p2b: Corviknight|31/100|[from] item: Leftovers\n|upkeep\n|\n|t:|1775983750\n|switch|p1a: Rotom|Rotom-Heat, L50|73/100\n|turn|5\n|\n|t:|1775983756\n|switch|p1b: Excadrill|Excadrill, L50, M|100/100\n|move|p1a: Rotom|Discharge|p2b: Corviknight|[spread] p2a,p2b\n|-immune|p1b: Excadrill\n|-resisted|p2a: Chesnaught|1\n|-supereffective|p2b: Corviknight|1\n|-damage|p2a: Chesnaught|65/100 par\n|-damage|p2b: Corviknight|0 fnt\n|faint|p2b: Corviknight\n|move|p2a: Chesnaught|Body Press|p1a: Rotom\n|-damage|p1a: Rotom|8/100\n|\n|-weather|none\n|upkeep\n|\n|t:|1775983768\n|switch|p2b: Incineroar|Incineroar, L50, M|95/100\n|-ability|p2b: Incineroar|Intimidate|boost\n|-unboost|p1a: Rotom|atk|1\n|-unboost|p1b: Excadrill|atk|1\n|turn|6\n|\n|t:|1775983774\n|move|p2b: Incineroar|Fake Out|p1a: Rotom\n|-damage|p1a: Rotom|0 fnt\n|faint|p1a: Rotom\n|move|p1b: Excadrill|Earthquake|p2b: Incineroar|[spread] p2a,p2b\n|-resisted|p2a: Chesnaught|1\n|-supereffective|p2b: Incineroar|1\n|-damage|p2a: Chesnaught|59/100 par\n|-damage|p2b: Incineroar|53/100\n|move|p2a: Chesnaught|Leech Seed|p1b: Excadrill|[miss]\n|-miss|p2a: Chesnaught|p1b: Excadrill\n|\n|upkeep\n|\n|t:|1775983783\n|switch|p1a: Gyarados|Gyarados, L50, F|38/100\n|-ability|p1a: Gyarados|Intimidate|boost\n|-unboost|p2a: Chesnaught|atk|1\n|-unboost|p2b: Incineroar|atk|1\n|turn|7\n|\n|t:|1775983793\n|move|p1b: Excadrill|Earthquake|p2a: Chesnaught|[spread] p2a,p2b\n|-immune|p1a: Gyarados\n|-resisted|p2a: Chesnaught|1\n|-supereffective|p2b: Incineroar|1\n|-damage|p2a: Chesnaught|53/100 par\n|-damage|p2b: Incineroar|8/100\n|move|p1a: Gyarados|Waterfall|p2b: Incineroar\n|-supereffective|p2b: Incineroar|1\n|-damage|p2b: Incineroar|0 fnt\n|faint|p2b: Incineroar\n|move|p2a: Chesnaught|Leech Seed|p1b: Excadrill\n|-start|p1b: Excadrill|move: Leech Seed\n|\n|-heal|p1a: Gyarados|44/100|[from] item: Leftovers\n|-damage|p1b: Excadrill|88/100|[from] Leech Seed|[of] p2a: Chesnaught\n|-heal|p2a: Chesnaught|65/100 par|[silent]\n|upkeep\n|\n|t:|1775983804\n|switch|p2b: Kleavor|Kleavor, L50, F|100/100\n|turn|8\n|\n|t:|1775983812\n|move|p2b: Kleavor|Stone Axe|p1a: Gyarados\n|-supereffective|p1a: Gyarados|1\n|-damage|p1a: Gyarados|0 fnt\n|-sidestart|p1: lemond|move: Stealth Rock\n|faint|p1a: Gyarados\n|move|p1b: Excadrill|Earthquake|p2b: Kleavor|[spread] p2a,p2b\n|-resisted|p2a: Chesnaught|1\n|-damage|p2a: Chesnaught|57/100 par\n|-damage|p2b: Kleavor|67/100\n|move|p2a: Chesnaught|Iron Defense|p2a: Chesnaught\n|-boost|p2a: Chesnaught|def|2\n|\n|-damage|p1b: Excadrill|76/100|[from] Leech Seed|[of] p2a: Chesnaught\n|-heal|p2a: Chesnaught|69/100 par|[silent]\n|upkeep\n|turn|9\n|\n|t:|1775983828\n|move|p2b: Kleavor|Stone Axe|p1b: Excadrill\n|-resisted|p1b: Excadrill|2\n|-damage|p1b: Excadrill|57/100\n|move|p1b: Excadrill|Iron Head|p2b: Kleavor\n|-supereffective|p2b: Kleavor|1\n|-damage|p2b: Kleavor|0 fnt\n|faint|p2b: Kleavor\n|move|p2a: Chesnaught|Body Press|p1b: Excadrill\n|-supereffective|p1b: Excadrill|1\n|-damage|p1b: Excadrill|0 fnt\n|faint|p1b: Excadrill\n|\n|win|3ncio\n|raw|lemond's rating: 1312 &rarr; <strong>1287</strong><br />(-25 for losing)\n|raw|3ncio's rating: 1223 &rarr; <strong>1254</strong><br />(+31 for winning)\n",
  "uploadtime": 1775983833,
  "views": 25,
  "formatid": "gen9championsvgc2026regma",
  "rating": 1254,
  "private": 0,
  "password": null
}