{
  "id": "gen9championsvgc2026regma-2586904162",
  "format": "[Gen 9 Champions] VGC 2026 Reg M-A",
  "players": [
    "deni purf",
    "itsjustsomni"
  ],
  "log": "|j|\u2606deni purf\n|j|\u2606itsjustsomni\n|t:|1776470328\n|gametype|doubles\n|player|p1|deni purf|ghetsis-gen5bw|1069\n|player|p2|itsjustsomni|cyrus|1118\n|gen|9\n|tier|[Gen 9 Champions] VGC 2026 Reg M-A\n|rated|\n|rule|Species Clause: Limit one of each Pok\u00e9mon\n|rule|Item Clause: Limit 1 of each item\n|clearpoke\n|poke|p1|Gengar, L50, M|\n|poke|p1|Kingambit, L50, M|\n|poke|p1|Gyarados, L50, F|\n|poke|p1|Typhlosion, L50, M|\n|poke|p1|Kommo-o, L50, F|\n|poke|p1|Sinistcha-Masterpiece, L50|\n|poke|p2|Aggron, L50, M|\n|poke|p2|Sinistcha, L50|\n|poke|p2|Hydreigon, L50, F|\n|poke|p2|Rotom-Wash, L50|\n|poke|p2|Incineroar, L50, M|\n|poke|p2|Aerodactyl, L50, F|\n|teampreview|4\n|inactive|Battle timer is ON: inactive players will automatically lose when time's up. (requested by itsjustsomni)\n|inactive|itsjustsomni has 60 seconds left.\n|\n|t:|1776470370\n|teamsize|p1|4\n|teamsize|p2|4\n|start\n|switch|p1a: Gengar|Gengar, L50, M, shiny|100/100\n|switch|p1b: Kingambit|Kingambit, L50, M|100/100\n|switch|p2a: Aerodactyl|Aerodactyl, L50, F|100/100\n|switch|p2b: Hydreigon|Hydreigon, L50, F|100/100\n|-ability|p2a: Aerodactyl|Unnerve\n|turn|1\n|\n|t:|1776470391\n|detailschange|p1a: Gengar|Gengar-Mega, L50, M, shiny\n|-mega|p1a: Gengar|Gengar|Gengarite\n|move|p1a: Gengar|Protect|p1a: Gengar\n|-singleturn|p1a: Gengar|Protect\n|move|p2a: Aerodactyl|Rock Slide|p1b: Kingambit|[spread] p1b\n|-activate|p1a: Gengar|move: Protect\n|-resisted|p1b: Kingambit|1\n|-damage|p1b: Kingambit|92/100\n|move|p2b: Hydreigon|Snarl|p1a: Gengar|[spread] p1b\n|-activate|p1a: Gengar|move: Protect\n|-resisted|p1b: Kingambit|1\n|-damage|p1b: Kingambit|82/100\n|-unboost|p1b: Kingambit|spa|1\n|-ability|p1b: Kingambit|Defiant|boost\n|-boost|p1b: Kingambit|atk|2\n|move|p1b: Kingambit|Iron Head|p2a: Aerodactyl\n|-supereffective|p2a: Aerodactyl|1\n|-damage|p2a: Aerodactyl|0 fnt\n|faint|p2a: Aerodactyl\n|\n|upkeep\n|\n|t:|1776470412\n|switch|p2a: Aggron|Aggron, L50, M|100/100\n|turn|2\n|\n|t:|1776470427\n|switch|p1b: Typhlosion|Typhlosion, L50, M|100/100\n|detailschange|p2a: Aggron|Aggron-Mega, L50, M\n|-mega|p2a: Aggron|Aggron|Aggronite\n|move|p1a: Gengar|Disable|p2b: Hydreigon\n|-start|p2b: Hydreigon|Disable|Snarl\n|cant|p2b: Hydreigon|Disable|Snarl\n|move|p2a: Aggron|Body Press|p1b: Typhlosion\n|-damage|p1b: Typhlosion|53/100\n|\n|upkeep\n|turn|3\n|\n|t:|1776470452\n|move|p2a: Aggron|Protect|p2a: Aggron\n|-singleturn|p2a: Aggron|Protect\n|move|p1b: Typhlosion|Heat Wave|p2a: Aggron|[spread] \n|-activate|p2a: Aggron|move: Protect\n|-miss|p1b: Typhlosion|p2b: Hydreigon\n|move|p1a: Gengar|Shadow Ball|p2a: Aggron\n|-activate|p2a: Aggron|move: Protect\n|move|p2b: Hydreigon|Flamethrower|p1a: Gengar\n|-damage|p1a: Gengar|64/100\n|\n|upkeep\n|turn|4\n|\n|t:|1776470473\n|move|p2a: Aggron|Protect|p2a: Aggron\n|-singleturn|p2a: Aggron|Protect\n|move|p1b: Typhlosion|Heat Wave|p2b: Hydreigon|[spread] p2b\n|-activate|p2a: Aggron|move: Protect\n|-resisted|p2b: Hydreigon|1\n|-damage|p2b: Hydreigon|79/100\n|move|p1a: Gengar|Shadow Ball|p2a: Aggron\n|-activate|p2a: Aggron|move: Protect\n|move|p2b: Hydreigon|Draco Meteor|p1a: Gengar\n|-damage|p1a: Gengar|0 fnt\n|-unboost|p2b: Hydreigon|spa|2\n|faint|p1a: Gengar\n|\n|upkeep\n|\n|t:|1776470489\n|switch|p1a: Kommo-o|Kommo-o, L50, F, shiny|100/100\n|turn|5\n|\n|t:|1776470500\n|switch|p2a: Rotom|Rotom-Wash, L50|100/100\n|move|p2b: Hydreigon|Protect|p2b: Hydreigon\n|-singleturn|p2b: Hydreigon|Protect\n|move|p1b: Typhlosion|Heat Wave|p2a: Rotom|[spread] \n|-activate|p2b: Hydreigon|move: Protect\n|-miss|p1b: Typhlosion|p2a: Rotom\n|move|p1a: Kommo-o|Body Press|p2b: Hydreigon\n|-activate|p2b: Hydreigon|move: Protect\n|\n|-end|p2b: Hydreigon|Disable\n|upkeep\n|turn|6\n|\n|t:|1776470517\n|switch|p1b: Kingambit|Kingambit, L50, M|82/100\n|switch|p2b: Aggron|Aggron-Mega, L50, M|100/100\n|move|p1a: Kommo-o|Protect|p1a: Kommo-o\n|-singleturn|p1a: Kommo-o|Protect\n|move|p2a: Rotom|Light Screen|p2a: Rotom\n|-sidestart|p2: itsjustsomni|move: Light Screen\n|\n|upkeep\n|turn|7\n|\n|t:|1776470533\n|move|p1b: Kingambit|Protect|p1b: Kingambit\n|-singleturn|p1b: Kingambit|Protect\n|move|p2a: Rotom|Thunderbolt|p1a: Kommo-o\n|-resisted|p1a: Kommo-o|1\n|-damage|p1a: Kommo-o|80/100\n|move|p1a: Kommo-o|Iron Defense|p1a: Kommo-o\n|-boost|p1a: Kommo-o|def|2\n|move|p2b: Aggron|Body Press|p1b: Kingambit\n|-activate|p1b: Kingambit|move: Protect\n|\n|-heal|p1a: Kommo-o|86/100|[from] item: Leftovers\n|upkeep\n|turn|8\n|\n|t:|1776470550\n|switch|p2a: Hydreigon|Hydreigon, L50, F|79/100\n|move|p1b: Kingambit|Sucker Punch||[still]\n|-fail|p1b: Kingambit\n|move|p1a: Kommo-o|Iron Defense|p1a: Kommo-o\n|-boost|p1a: Kommo-o|def|2\n|move|p2b: Aggron|Body Press|p1b: Kingambit\n|-supereffective|p1b: Kingambit|2\n|-enditem|p1b: Kingambit|Chople Berry|[eat]\n|-enditem|p1b: Kingambit|Chople Berry|[weaken]\n|-damage|p1b: Kingambit|36/100\n|\n|-heal|p1a: Kommo-o|92/100|[from] item: Leftovers\n|upkeep\n|turn|9\n|inactive|itsjustsomni has 30 seconds left.\n|\n|t:|1776470577\n|move|p1a: Kommo-o|Protect|p1a: Kommo-o\n|-singleturn|p1a: Kommo-o|Protect\n|move|p2a: Hydreigon|Draco Meteor|p1a: Kommo-o\n|-activate|p1a: Kommo-o|move: Protect\n|move|p1b: Kingambit|Iron Head|p2a: Hydreigon\n|-damage|p2a: Hydreigon|32/100\n|move|p2b: Aggron|Body Press|p1b: Kingambit\n|-supereffective|p1b: Kingambit|2\n|-damage|p1b: Kingambit|0 fnt\n|faint|p1b: Kingambit\n|\n|-heal|p1a: Kommo-o|98/100|[from] item: Leftovers\n|upkeep\n|\n|t:|1776470586\n|switch|p1b: Typhlosion|Typhlosion, L50, M|53/100\n|turn|10\n|\n|t:|1776470600\n|move|p1b: Typhlosion|Focus Blast|p2a: Hydreigon|[miss]\n|-miss|p1b: Typhlosion|p2a: Hydreigon\n|move|p2a: Hydreigon|Draco Meteor|p1a: Kommo-o\n|-supereffective|p1a: Kommo-o|1\n|-damage|p1a: Kommo-o|0 fnt\n|-unboost|p2a: Hydreigon|spa|2\n|faint|p1a: Kommo-o\n|move|p2b: Aggron|Body Press|p1b: Typhlosion\n|-damage|p1b: Typhlosion|2/100\n|\n|-sideend|p2: itsjustsomni|move: Light Screen\n|upkeep\n|turn|11\n|-message|deni purf forfeited.\n|\n|win|itsjustsomni\n|raw|deni purf's rating: 1069 &rarr; <strong>1052</strong><br />(-17 for losing)\n|raw|itsjustsomni's rating: 1118 &rarr; <strong>1139</strong><br />(+21 for winning)\n|l|\u2606deni purf\n|player|p1|\n",
  "uploadtime": 1776470612,
  "views": 19,
  "formatid": "gen9championsvgc2026regma",
  "rating": 1052,
  "private": 0,
  "password": null
}