{
  "id": "gen9championsvgc2026regma-2586973121",
  "format": "[Gen 9 Champions] VGC 2026 Reg M-A",
  "players": [
    "testingtesting101",
    "tastethestream"
  ],
  "log": "|j|\u2606testingtesting101\n|j|\u2606tastethestream\n|t:|1776477124\n|gametype|doubles\n|player|p1|testingtesting101|buck|1083\n|player|p2|tastethestream|2|1000\n|gen|9\n|tier|[Gen 9 Champions] VGC 2026 Reg M-A\n|rated|\n|rule|Species Clause: Limit one of each Pok\u00e9mon\n|rule|Item Clause: Limit 1 of each item\n|clearpoke\n|poke|p1|Delphox, L50, F|\n|poke|p1|Hydrapple, L50, M|\n|poke|p1|Garchomp, L50, M|\n|poke|p1|Torkoal, L50, M|\n|poke|p1|Mimikyu, L50, F|\n|poke|p1|Pidgeot, L50, F|\n|poke|p2|Aerodactyl, L50, M|\n|poke|p2|Tyranitar, L50, M|\n|poke|p2|Glimmora, L50, F|\n|poke|p2|Arcanine-Hisui, L50, M|\n|poke|p2|Tinkaton, L50, F|\n|poke|p2|Lucario, L50, M|\n|teampreview|4\ntestingtesting101 rejected open team sheets.\n|\n|t:|1776477174\n|teamsize|p1|4\n|teamsize|p2|4\n|start\n|switch|p1a: Kamik|Delphox, L50, F|100/100\n|switch|p1b: Garchomp|Garchomp, L50, M|100/100\n|switch|p2a: Aerodactyl|Aerodactyl, L50, M|100/100\n|switch|p2b: Tinkaton|Tinkaton, L50, F|100/100\n|-ability|p2b: Tinkaton|Mold Breaker\n|turn|1\n|\n|t:|1776477198\n|detailschange|p1a: Kamik|Delphox-Mega, L50, F\n|-mega|p1a: Kamik|Delphox|Delphoxite\n|move|p1b: Garchomp|Earthquake|p2b: Tinkaton|[spread] p2b\n|-immune|p1a: Kamik|[from] ability: Levitate\n|-immune|p2a: Aerodactyl\n|-supereffective|p2b: Tinkaton|1\n|-enditem|p2b: Tinkaton|Shuca Berry|[eat]\n|-enditem|p2b: Tinkaton|Shuca Berry|[weaken]\n|-damage|p2b: Tinkaton|68/100\n|move|p1a: Kamik|Heat Wave|p2b: Tinkaton|[spread] p2a,p2b\n|-resisted|p2a: Aerodactyl|1\n|-supereffective|p2b: Tinkaton|1\n|-damage|p2a: Aerodactyl|68/100\n|-damage|p2b: Tinkaton|0 fnt\n|-status|p2a: Aerodactyl|brn\n|faint|p2b: Tinkaton\n|move|p2a: Aerodactyl|Tailwind|p2a: Aerodactyl\n|-sidestart|p2: tastethestream|move: Tailwind\n|\n|-damage|p2a: Aerodactyl|62/100 brn|[from] brn\n|upkeep\n|\n|t:|1776477224\n|switch|p2b: Glimmora|Glimmora, L50, F|100/100\n|turn|2\n|\n|t:|1776477238\n|detailschange|p2b: Glimmora|Glimmora-Mega, L50, F\n|-mega|p2b: Glimmora|Glimmora|Glimmoranite\n|move|p1a: Kamik|Protect|p1a: Kamik\n|-singleturn|p1a: Kamik|Protect\n|move|p2a: Aerodactyl|Rock Slide|p1b: Garchomp|[spread] p1b\n|-activate|p1a: Kamik|move: Protect\n|-resisted|p1b: Garchomp|1\n|-damage|p1b: Garchomp|94/100\n|cant|p1b: Garchomp|flinch\n|move|p2b: Glimmora|Power Gem|p1a: Kamik\n|-activate|p1a: Kamik|move: Protect\n|\n|-damage|p2a: Aerodactyl|56/100 brn|[from] brn\n|upkeep\n|turn|3\n|\n|t:|1776477267\n|switch|p1a: Kaboom!|Hydrapple, L50, M|100/100\n|-ability|p1a: Kaboom!|Supersweet Syrup\n|-unboost|p2a: Aerodactyl|evasion|1\n|-unboost|p2b: Glimmora|evasion|1\n|move|p2a: Aerodactyl|Rock Slide|p1a: Kaboom!|[spread] p1a,p1b\n|-resisted|p1b: Garchomp|1\n|-damage|p1a: Kaboom!|93/100\n|-damage|p1b: Garchomp|88/100\n|move|p1b: Garchomp|Earthquake|p2a: Aerodactyl|[spread] p1a,p2b\n|-immune|p2a: Aerodactyl\n|-resisted|p1a: Kaboom!|1\n|-supereffective|p2b: Glimmora|2\n|-damage|p1a: Kaboom!|80/100\n|-damage|p2b: Glimmora|0 fnt\n|faint|p2b: Glimmora\n|\n|-heal|p1a: Kaboom!|85/100|[from] item: Leftovers\n|-damage|p2a: Aerodactyl|50/100 brn|[from] brn\n|upkeep\n|c|\u2606testingtesting101|Speed tie\n|\n|t:|1776477283\n|switch|p2b: Tyranitar|Tyranitar, L50, M|100/100\n|-weather|Sandstorm|[from] ability: Sand Stream|[of] p2b: Tyranitar\n|turn|4\n|\n|t:|1776477303\n|move|p2b: Tyranitar|Protect|p2b: Tyranitar\n|-singleturn|p2b: Tyranitar|Protect\n|move|p2a: Aerodactyl|Rock Slide|p1b: Garchomp|[spread] p1a,p1b\n|-resisted|p1b: Garchomp|1\n|-damage|p1a: Kaboom!|77/100\n|-damage|p1b: Garchomp|82/100\n|move|p1b: Garchomp|Earthquake|p2b: Tyranitar|[spread] p1a\n|-activate|p2b: Tyranitar|move: Protect\n|-immune|p2a: Aerodactyl\n|-resisted|p1a: Kaboom!|1\n|-damage|p1a: Kaboom!|63/100\n|cant|p1a: Kaboom!|flinch\n|\n|-weather|Sandstorm|[upkeep]\n|-damage|p1a: Kaboom!|58/100|[from] Sandstorm\n|-heal|p1a: Kaboom!|63/100|[from] item: Leftovers\n|-damage|p2a: Aerodactyl|44/100 brn|[from] brn\n|-sideend|p2: tastethestream|move: Tailwind\n|upkeep\n|turn|5\n|\n|t:|1776477333\n|switch|p1b: Torkoal|Torkoal, L50, M|100/100\n|-weather|SunnyDay|[from] ability: Drought|[of] p1b: Torkoal\n|move|p2a: Aerodactyl|Tailwind|p2a: Aerodactyl\n|-sidestart|p2: tastethestream|move: Tailwind\n|move|p2b: Tyranitar|Crunch|p1b: Torkoal\n|-damage|p1b: Torkoal|72/100\n|-unboost|p1b: Torkoal|def|1\n|move|p1a: Kaboom!|Energy Ball|p2a: Aerodactyl\n|-damage|p2a: Aerodactyl|0 fnt\n|faint|p2a: Aerodactyl\n|\n|-weather|SunnyDay|[upkeep]\n|-heal|p1a: Kaboom!|69/100|[from] item: Leftovers\n|upkeep\n|turn|6\n|c|\u2606testingtesting101|Gg\n|\n|t:|1776477347\n|switch|p1b: Garchomp|Garchomp, L50, M|82/100\n|move|p2b: Tyranitar|Rock Slide|p1a: Kaboom!|[spread] p1a,p1b\n|-resisted|p1b: Garchomp|1\n|-damage|p1a: Kaboom!|53/100\n|-damage|p1b: Garchomp|69/100\n|move|p1a: Kaboom!|Energy Ball|p2b: Tyranitar\n|-supereffective|p2b: Tyranitar|1\n|-damage|p2b: Tyranitar|31/100\n|\n|-weather|SunnyDay|[upkeep]\n|-heal|p1a: Kaboom!|59/100|[from] item: Leftovers\n|upkeep\n|turn|7\n|\n|t:|1776477360\n|move|p1b: Garchomp|Stomping Tantrum|p2b: Tyranitar\n|-supereffective|p2b: Tyranitar|1\n|-damage|p2b: Tyranitar|0 fnt\n|faint|p2b: Tyranitar\n|\n|win|testingtesting101\n|raw|testingtesting101's rating: 1083 &rarr; <strong>1104</strong><br />(+21 for winning)\n|raw|tastethestream's rating: 1000 &rarr; <strong>1000</strong><br />(+0 for losing)\n",
  "uploadtime": 1776477363,
  "views": 17,
  "formatid": "gen9championsvgc2026regma",
  "rating": 1000,
  "private": 0,
  "password": null
}