{
  "id": "gen9championsvgc2026regma-2582276118",
  "format": "[Gen 9 Champions] VGC 2026 Reg M-A",
  "players": [
    "lonoVGC",
    "dsgfsedgedg"
  ],
  "log": "|j|\u2606lonoVGC\n|j|\u2606dsgfsedgedg\n|t:|1776078878\n|gametype|doubles\n|player|p1|lonoVGC|unknownf|1000\n|player|p2|dsgfsedgedg|266|1100\n|gen|9\n|tier|[Gen 9 Champions] VGC 2026 Reg M-A\n|rated|\n|rule|Species Clause: Limit one of each Pok\u00e9mon\n|rule|Item Clause: Limit 1 of each item\n|clearpoke\n|poke|p1|Incineroar, L50, F|\n|poke|p1|Charizard, L50, F|\n|poke|p1|Whimsicott, L50, F|\n|poke|p1|Rotom-Wash, L50|\n|poke|p1|Garchomp, L50, M|\n|poke|p1|Sneasler, L50, M|\n|poke|p2|Sneasler, L50, M|\n|poke|p2|Kingambit, L50, M|\n|poke|p2|Clefable, L50, F|\n|poke|p2|Delphox, L50, F|\n|poke|p2|Dragonite, L50, F|\n|poke|p2|Basculegion, L50, M|\n|teampreview|4\n|inactive|Battle timer is ON: inactive players will automatically lose when time's up. (requested by lonoVGC)\n|\n|t:|1776078930\n|teamsize|p1|4\n|teamsize|p2|4\n|start\n|switch|p1a: Garchomp|Garchomp, L50, M|100/100\n|switch|p1b: Charizard|Charizard, L50, F, shiny|100/100\n|switch|p2a: Clefable|Clefable, L50, F|100/100\n|switch|p2b: Sneasler|Sneasler, L50, M|100/100\n|turn|1\n|inactive|lonoVGC has 30 seconds left.\n|\n|t:|1776078957\n|move|p1b: Charizard|Protect|p1b: Charizard\n|-singleturn|p1b: Charizard|Protect\n|move|p2b: Sneasler|Fake Out|p1b: Charizard\n|-activate|p1b: Charizard|move: Protect\n|move|p1a: Garchomp|Earthquake|p2b: Sneasler|[spread] p2a,p2b\n|-activate|p1b: Charizard|move: Protect\n|-supereffective|p2b: Sneasler|1\n|-damage|p2a: Clefable|64/100\n|-enditem|p2b: Sneasler|Focus Sash\n|-damage|p2b: Sneasler|1/100\n|move|p2a: Clefable|Moonblast|p1a: Garchomp\n|-supereffective|p1a: Garchomp|1\n|-damage|p1a: Garchomp|26/100\n|\n|upkeep\n|turn|2\n|inactive|dsgfsedgedg has 30 seconds left.\n|\n|t:|1776078986\n|switch|p1a: Incineroar|Incineroar, L50, F|100/100\n|-ability|p1a: Incineroar|Intimidate|boost\n|-unboost|p2a: Clefable|atk|1\n|-unboost|p2b: Sneasler|atk|1\n|detailschange|p1b: Charizard|Charizard-Mega-Y, L50, F, shiny\n|-mega|p1b: Charizard|Charizard|Charizardite Y\n|-weather|SunnyDay|[from] ability: Drought|[of] p1b: Charizard\n|move|p2b: Sneasler|Dire Claw|p1b: Charizard\n|-damage|p1b: Charizard|70/100\n|move|p1b: Charizard|Heat Wave|p2b: Sneasler|[spread] p2b\n|-miss|p1b: Charizard|p2a: Clefable\n|-crit|p2b: Sneasler\n|-damage|p2b: Sneasler|0 fnt\n|faint|p2b: Sneasler\n|move|p2a: Clefable|Moonblast|p1a: Incineroar\n|-damage|p1a: Incineroar|68/100\n|-unboost|p1a: Incineroar|spa|1\n|\n|-weather|SunnyDay|[upkeep]\n|upkeep\n|\n|t:|1776079006\n|switch|p2b: Delphox|Delphox, L50, F|100/100\n|turn|3\n|inactive|lonoVGC has 30 seconds left.\n|inactive|lonoVGC has 20 seconds left.\n|\n|t:|1776079047\n|move|p2b: Delphox|Protect|p2b: Delphox\n|-singleturn|p2b: Delphox|Protect\n|move|p2a: Clefable|Protect|p2a: Clefable\n|-singleturn|p2a: Clefable|Protect\n|move|p1a: Incineroar|Fake Out|p2b: Delphox\n|-activate|p2b: Delphox|move: Protect\n|move|p1b: Charizard|Weather Ball|p2a: Clefable\n|-activate|p2a: Clefable|move: Protect\n|\n|-weather|SunnyDay|[upkeep]\n|upkeep\n|turn|4\n|inactive|dsgfsedgedg has 30 seconds left.\n|\n|t:|1776079079\n|detailschange|p2b: Delphox|Delphox-Mega, L50, F\n|-mega|p2b: Delphox|Delphox|Delphoxite\n|move|p2a: Clefable|Helping Hand|p2b: Delphox\n|-singleturn|p2b: Delphox|Helping Hand|[of] p2a: Clefable\n|move|p1b: Charizard|Protect|p1b: Charizard\n|-singleturn|p1b: Charizard|Protect\n|move|p2b: Delphox|Heat Wave|p1b: Charizard|[spread] \n|-activate|p1b: Charizard|move: Protect\n|-miss|p2b: Delphox|p1a: Incineroar\n|move|p1a: Incineroar|Parting Shot|p2b: Delphox\n|-unboost|p2b: Delphox|atk|1\n|-unboost|p2b: Delphox|spa|1\n|\n|t:|1776079093\n|switch|p1a: Garchomp|Garchomp, L50, M|26/100|[from] Parting Shot\n|\n|-weather|SunnyDay|[upkeep]\n|upkeep\n|turn|5\n|\n|t:|1776079109\n|move|p2a: Clefable|Helping Hand|p2b: Delphox\n|-singleturn|p2b: Delphox|Helping Hand|[of] p2a: Clefable\n|move|p1a: Garchomp|Rock Slide|p2a: Clefable|[spread] p2a,p2b\n|-supereffective|p2b: Delphox|1\n|-damage|p2a: Clefable|47/100\n|-damage|p2b: Delphox|41/100\n|-enditem|p2a: Clefable|Sitrus Berry|[eat]\n|-heal|p2a: Clefable|72/100|[from] item: Sitrus Berry\n|cant|p2b: Delphox|flinch\n|move|p1b: Charizard|Heat Wave|p2b: Delphox|[spread] \n|-miss|p1b: Charizard|p2a: Clefable\n|-miss|p1b: Charizard|p2b: Delphox\n|\n|-weather|SunnyDay|[upkeep]\n|upkeep\n|turn|6\n|\n|t:|1776079131\n|switch|p1b: Incineroar|Incineroar, L50, F|68/100\n|-ability|p1b: Incineroar|Intimidate|boost\n|-unboost|p2a: Clefable|atk|1\n|-unboost|p2b: Delphox|atk|1\n|move|p2b: Delphox|Protect|p2b: Delphox\n|-singleturn|p2b: Delphox|Protect\n|move|p1a: Garchomp|Rock Slide|p2b: Delphox|[spread] p2a\n|-activate|p2b: Delphox|move: Protect\n|-damage|p2a: Clefable|56/100\n|move|p2a: Clefable|Moonblast|p1a: Garchomp\n|-supereffective|p1a: Garchomp|1\n|-damage|p1a: Garchomp|0 fnt\n|faint|p1a: Garchomp\n|\n|-weather|none\n|upkeep\n|\n|t:|1776079148\n|switch|p1a: Whimsicott|Whimsicott, L50, F|100/100\n|turn|7\n|\n|t:|1776079166\n|switch|p2b: Kingambit|Kingambit, L50, M|100/100\n|move|p1b: Incineroar|Fake Out|p2b: Kingambit\n|-resisted|p2b: Kingambit|1\n|-damage|p2b: Kingambit|95/100\n|move|p1a: Whimsicott|Tailwind|p1a: Whimsicott\n|-sidestart|p1: lonoVGC|move: Tailwind\n|move|p2a: Clefable|Moonblast|p1a: Whimsicott\n|-damage|p1a: Whimsicott|50/100\n|\n|upkeep\n|turn|8\n|inactive|lonoVGC has 30 seconds left.\n|inactive|dsgfsedgedg has 30 seconds left.\n|inactive|dsgfsedgedg has 20 seconds left.\n|inactive|lonoVGC has 20 seconds left.\n|\n|t:|1776079207\n|move|p1a: Whimsicott|Moonblast|p2b: Kingambit\n|-damage|p2b: Kingambit|53/100\n|move|p1b: Incineroar|Flare Blitz|p2b: Kingambit\n|-supereffective|p2b: Kingambit|1\n|-damage|p2b: Kingambit|0 fnt\n|faint|p2b: Kingambit\n|-damage|p1b: Incineroar|53/100|[from] Recoil\n|move|p2a: Clefable|Moonblast|p1b: Incineroar\n|-damage|p1b: Incineroar|24/100\n|-enditem|p1b: Incineroar|Sitrus Berry|[eat]\n|-heal|p1b: Incineroar|49/100|[from] item: Sitrus Berry\n|\n|upkeep\n|\n|t:|1776079218\n|switch|p2b: Delphox|Delphox-Mega, L50, F|41/100\n|turn|9\n|\n|t:|1776079237\n|move|p2b: Delphox|Protect|p2b: Delphox\n|-singleturn|p2b: Delphox|Protect\n|move|p2a: Clefable|Protect|p2a: Clefable\n|-singleturn|p2a: Clefable|Protect\n|move|p1a: Whimsicott|Moonblast|p2b: Delphox\n|-activate|p2b: Delphox|move: Protect\n|move|p1b: Incineroar|Snarl|p2a: Clefable|[spread] \n|-activate|p2a: Clefable|move: Protect\n|-activate|p2b: Delphox|move: Protect\n|\n|upkeep\n|turn|10\n|inactive|lonoVGC has 30 seconds left.\n|inactive|lonoVGC has 20 seconds left.\n|\n|t:|1776079277\n|move|p2a: Clefable|Follow Me|p2a: Clefable\n|-singleturn|p2a: Clefable|move: Follow Me\n|move|p1a: Whimsicott|Moonblast|p2a: Clefable\n|-damage|p2a: Clefable|27/100\n|move|p2b: Delphox|Heat Wave|p1a: Whimsicott|[spread] p1a,p1b\n|-supereffective|p1a: Whimsicott|1\n|-crit|p1a: Whimsicott\n|-resisted|p1b: Incineroar|1\n|-damage|p1a: Whimsicott|0 fnt\n|-damage|p1b: Incineroar|29/100\n|faint|p1a: Whimsicott\n|move|p1b: Incineroar|Parting Shot|p2a: Clefable\n|-unboost|p2a: Clefable|atk|1\n|-unboost|p2a: Clefable|spa|1\n|\n|t:|1776079284\n|switch|p1b: Charizard|Charizard-Mega-Y, L50, F, shiny|70/100|[from] Parting Shot\n|-weather|SunnyDay|[from] ability: Drought|[of] p1b: Charizard\n|\n|-weather|SunnyDay|[upkeep]\n|-sideend|p1: lonoVGC|move: Tailwind\n|upkeep\n|\n|t:|1776079286\n|switch|p1a: Incineroar|Incineroar, L50, F|29/100\n|-ability|p1a: Incineroar|Intimidate|boost\n|-unboost|p2a: Clefable|atk|1\n|-unboost|p2b: Delphox|atk|1\n|turn|11\n|\n|t:|1776079307\n|move|p2b: Delphox|Protect|p2b: Delphox\n|-singleturn|p2b: Delphox|Protect\n|move|p2a: Clefable|Protect|p2a: Clefable\n|-singleturn|p2a: Clefable|Protect\n|move|p1a: Incineroar|Fake Out|p2b: Delphox\n|-activate|p2b: Delphox|move: Protect\n|move|p1b: Charizard|Heat Wave|p2b: Delphox|[spread] \n|-activate|p2a: Clefable|move: Protect\n|-activate|p2b: Delphox|move: Protect\n|\n|-weather|SunnyDay|[upkeep]\n|upkeep\n|turn|12\n|inactive|lonoVGC has 30 seconds left.\n|inactive|lonoVGC has 20 seconds left.\n|inactive|lonoVGC has 15 seconds left.\n|inactive|lonoVGC has 10 seconds left.\n|\n|t:|1776079356\n|move|p2a: Clefable|Helping Hand|p2b: Delphox\n|-singleturn|p2b: Delphox|Helping Hand|[of] p2a: Clefable\n|move|p2b: Delphox|Heat Wave|p1b: Charizard|[spread] p1a,p1b\n|-resisted|p1a: Incineroar|1\n|-resisted|p1b: Charizard|1\n|-damage|p1a: Incineroar|0 fnt\n|-damage|p1b: Charizard|30/100\n|faint|p1a: Incineroar\n|move|p1b: Charizard|Heat Wave|p2b: Delphox|[spread] p2a,p2b\n|-crit|p2a: Clefable\n|-resisted|p2b: Delphox|1\n|-damage|p2a: Clefable|0 fnt\n|-damage|p2b: Delphox|8/100\n|faint|p2a: Clefable\n|\n|-weather|SunnyDay|[upkeep]\n|upkeep\n|turn|13\n|\n|t:|1776079372\n|move|p2b: Delphox|Psychic|p1b: Charizard\n|-damage|p1b: Charizard|0 fnt\n|faint|p1b: Charizard\n|\n|win|dsgfsedgedg\n|raw|lonoVGC's rating: 1000 &rarr; <strong>1000</strong><br />(+0 for losing)\n|raw|dsgfsedgedg's rating: 1100 &rarr; <strong>1118</strong><br />(+18 for winning)\n|l|\u2606lonoVGC\n|player|p1|\n|j|\u2606lonoVGC\n|player|p1|lonoVGC|unknownf|\n|l|\u2606lonoVGC\n|player|p1|\n",
  "uploadtime": 1776079423,
  "views": 12,
  "formatid": "gen9championsvgc2026regma",
  "rating": 1000,
  "private": 0,
  "password": null
}