{
  "id": "gen9championsvgc2026regma-2586108093",
  "format": "[Gen 9 Champions] VGC 2026 Reg M-A",
  "players": [
    "skibidi toliet 67",
    "Jaytomonga"
  ],
  "log": "|j|\u2606skibidi toliet 67\n|j|\u2606Jaytomonga\n|t:|1776399938\n|gametype|doubles\n|player|p1|skibidi toliet 67|preschooler|1001\n|player|p2|Jaytomonga|101|1064\n|gen|9\n|tier|[Gen 9 Champions] VGC 2026 Reg M-A\n|rated|\n|rule|Species Clause: Limit one of each Pok\u00e9mon\n|rule|Item Clause: Limit 1 of each item\n|clearpoke\n|poke|p1|Slowbro, L50, M|\n|poke|p1|Decidueye-Hisui, L50, M|\n|poke|p1|Incineroar, L50, M|\n|poke|p1|Sinistcha, L50|\n|poke|p1|Golurk, L50|\n|poke|p1|Aerodactyl, L50, F|\n|poke|p2|Starmie, L50|\n|poke|p2|Tyranitar, L50, F|\n|poke|p2|Alcremie-Rainbow-Swirl, L50, F|\n|poke|p2|Sableye, L50, F|\n|poke|p2|Kangaskhan, L50, F|\n|poke|p2|Sneasler, L50, F|\n|teampreview|4\n|inactive|Battle timer is ON: inactive players will automatically lose when time's up. (requested by Jaytomonga)\n|\n|t:|1776399976\n|teamsize|p1|4\n|teamsize|p2|4\n|start\n|switch|p1a: Pink Andrias|Slowbro, L50, M|100/100\n|switch|p1b: Red Bird|Decidueye-Hisui, L50, M|100/100\n|switch|p2a: Patrick|Starmie, L50|100/100\n|switch|p2b: T-tar|Tyranitar, L50, F|100/100\n|-weather|Sandstorm|[from] ability: Sand Stream|[of] p2b: T-tar\n|turn|1\n|inactive|skibidi toliet 67 has 30 seconds left.\n|inactive|Jaytomonga has 30 seconds left.\n|inactive|skibidi toliet 67 has 20 seconds left.\n|inactive|Jaytomonga has 20 seconds left.\n|inactive|skibidi toliet 67 has 15 seconds left.\n|\n|t:|1776400019\n|switch|p1b: Green Tea|Sinistcha, L50|100/100\n|detailschange|p2a: Patrick|Starmie-Mega, L50\n|-mega|p2a: Patrick|Starmie|Starminite\n|move|p2a: Patrick|Skill Swap|p2b: T-tar\n|-activate|p2a: Patrick|Skill Swap|||[of] p2b: T-tar\n|move|p2b: T-tar|Rock Slide|p1a: Pink Andrias|[spread] p1a,p1b\n|-damage|p1a: Pink Andrias|49/100\n|-damage|p1b: Green Tea|44/100\n|-enditem|p1b: Green Tea|Sitrus Berry|[eat]\n|-heal|p1b: Green Tea|69/100|[from] item: Sitrus Berry\n|move|p1a: Pink Andrias|Trick Room|p1a: Pink Andrias\n|-fieldstart|move: Trick Room|[of] p1a: Pink Andrias\n|\n|-weather|Sandstorm|[upkeep]\n|-damage|p1a: Pink Andrias|43/100|[from] Sandstorm\n|-damage|p1b: Green Tea|63/100|[from] Sandstorm\n|-damage|p2a: Patrick|95/100|[from] Sandstorm\n|upkeep\n|turn|2\n|inactive|skibidi toliet 67 has 30 seconds left.\n|\n|t:|1776400052\n|move|p2a: Patrick|Aqua Jet|p1b: Green Tea\n|-resisted|p1b: Green Tea|1\n|-damage|p1b: Green Tea|54/100\n|move|p1a: Pink Andrias|Scald|p2b: T-tar\n|-supereffective|p2b: T-tar|1\n|-damage|p2b: T-tar|50/100\n|-status|p2b: T-tar|brn\n|move|p1b: Green Tea|Matcha Gotcha|p2b: T-tar|[spread] p2a,p2b\n|-supereffective|p2a: Patrick|1\n|-supereffective|p2b: T-tar|1\n|-damage|p2a: Patrick|29/100\n|-heal|p1b: Green Tea|80/100|[from] drain|[of] p2a: Patrick\n|-damage|p2b: T-tar|15/100 brn\n|-heal|p1b: Green Tea|98/100|[from] drain|[of] p2b: T-tar\n|move|p2b: T-tar|Rock Slide|p1b: Green Tea|[spread] \n|-miss|p2b: T-tar|p1a: Pink Andrias\n|-miss|p2b: T-tar|p1b: Green Tea\n|\n|-weather|Sandstorm|[upkeep]\n|-damage|p1a: Pink Andrias|37/100|[from] Sandstorm\n|-damage|p1b: Green Tea|91/100|[from] Sandstorm\n|-damage|p2a: Patrick|23/100|[from] Sandstorm\n|-damage|p2b: T-tar|8/100 brn|[from] brn\n|upkeep\n|turn|3\n|inactive|skibidi toliet 67 has 30 seconds left.\n|\n|t:|1776400081\n|switch|p1a: Red Bird|Decidueye-Hisui, L50, M|100/100\n|switch|p2b: Sneasler|Sneasler, L50, F|100/100\n|switch|p2a: Cream|Alcremie-Rainbow-Swirl, L50, F|100/100\n|move|p1b: Green Tea|Matcha Gotcha|p2a: Cream|[spread] p2a,p2b\n|-resisted|p2b: Sneasler|1\n|-damage|p2a: Cream|83/100\n|-heal|p1b: Green Tea|99/100|[from] drain|[of] p2a: Cream\n|-damage|p2b: Sneasler|83/100\n|-heal|p1b: Green Tea|100/100|[from] drain|[of] p2b: Sneasler\n|\n|-weather|Sandstorm|[upkeep]\n|-damage|p1a: Red Bird|95/100|[from] Sandstorm\n|-damage|p2a: Cream|77/100|[from] Sandstorm\n|-damage|p1b: Green Tea|94/100|[from] Sandstorm\n|-damage|p2b: Sneasler|78/100|[from] Sandstorm\n|-heal|p2a: Cream|83/100|[from] item: Leftovers\n|upkeep\n|turn|4\n|inactive|skibidi toliet 67 has 30 seconds left.\n|\n|t:|1776400109\n|move|p1a: Red Bird|Upper Hand||[still]\n|-fail|p1a: Red Bird\n|move|p2a: Cream|Decorate|p2b: Sneasler\n|-boost|p2b: Sneasler|atk|2\n|-boost|p2b: Sneasler|spa|2\n|move|p1b: Green Tea|Matcha Gotcha|p2b: Sneasler|[spread] p2a,p2b\n|-resisted|p2b: Sneasler|1\n|-damage|p2a: Cream|66/100\n|-heal|p1b: Green Tea|100/100|[from] drain|[of] p2a: Cream\n|-damage|p2b: Sneasler|60/100\n|move|p2b: Sneasler|Dire Claw|p1a: Red Bird\n|-supereffective|p1a: Red Bird|1\n|-damage|p1a: Red Bird|0 fnt\n|faint|p1a: Red Bird\n|\n|-weather|Sandstorm|[upkeep]\n|-damage|p2a: Cream|60/100|[from] Sandstorm\n|-damage|p1b: Green Tea|94/100|[from] Sandstorm\n|-damage|p2b: Sneasler|55/100|[from] Sandstorm\n|-heal|p2a: Cream|66/100|[from] item: Leftovers\n|upkeep\n|\n|t:|1776400131\n|switch|p1a: Golurk|Golurk, L50|100/100\n|turn|5\n|\n|t:|1776400156\n|switch|p1a: Pink Andrias|Slowbro, L50, M|70/100\n|move|p2a: Cream|Decorate|p2b: Sneasler\n|-boost|p2b: Sneasler|atk|2\n|-boost|p2b: Sneasler|spa|2\n|move|p1b: Green Tea|Matcha Gotcha|p2b: Sneasler|[spread] p2b\n|-miss|p1b: Green Tea|p2a: Cream\n|-resisted|p2b: Sneasler|1\n|-damage|p2b: Sneasler|38/100\n|-heal|p1b: Green Tea|100/100|[from] drain|[of] p2b: Sneasler\n|move|p2b: Sneasler|Dire Claw|p1b: Green Tea\n|-damage|p1b: Green Tea|0 fnt\n|faint|p1b: Green Tea\n|\n|-weather|none\n|-heal|p2a: Cream|71/100|[from] item: Leftovers\n|-fieldend|move: Trick Room\n|upkeep\n|\n|t:|1776400173\n|switch|p1b: Golurk|Golurk, L50|100/100\n|turn|6\n|inactive|skibidi toliet 67 has 30 seconds left.\n|\n|t:|1776400205\n|detailschange|p1a: Pink Andrias|Slowbro-Mega, L50, M\n|-mega|p1a: Pink Andrias|Slowbro|Slowbronite\n|move|p2b: Sneasler|Dire Claw|p1a: Pink Andrias\n|-damage|p1a: Pink Andrias|3/100\n|-status|p1a: Pink Andrias|psn\n|move|p2a: Cream|Recover|p2a: Cream\n|-heal|p2a: Cream|100/100\n|move|p1b: Golurk|Headlong Rush|p2a: Cream\n|-damage|p2a: Cream|0 fnt\n|-unboost|p1b: Golurk|def|1\n|-unboost|p1b: Golurk|spd|1\n|faint|p2a: Cream\n|move|p1a: Pink Andrias|Trick Room|p1a: Pink Andrias\n|-fieldstart|move: Trick Room|[of] p1a: Pink Andrias\n|\n|-damage|p1a: Pink Andrias|0 fnt|[from] psn\n|faint|p1a: Pink Andrias\n|upkeep\n|-message|skibidi toliet 67 forfeited.\n|\n|win|Jaytomonga\n|raw|skibidi toliet 67's rating: 1001 &rarr; <strong>1000</strong><br />(-1 for losing)\n|raw|Jaytomonga's rating: 1064 &rarr; <strong>1089</strong><br />(+25 for winning)\n|l|\u2606skibidi toliet 67\n|player|p1|\n",
  "uploadtime": 1776400222,
  "views": 18,
  "formatid": "gen9championsvgc2026regma",
  "rating": 1000,
  "private": 0,
  "password": null
}