{
  "id": "gen9championsvgc2026regma-2586345471",
  "format": "[Gen 9 Champions] VGC 2026 Reg M-A",
  "players": [
    "enderkill910",
    "Tornado_Not_Hunter"
  ],
  "log": "|j|\u2606enderkill910\n|j|\u2606Tornado_Not_Hunter\n|t:|1776427358\n|gametype|doubles\n|player|p1|enderkill910|265|1077\n|player|p2|Tornado_Not_Hunter|veteran|1014\n|gen|9\n|tier|[Gen 9 Champions] VGC 2026 Reg M-A\n|rated|\n|rule|Species Clause: Limit one of each Pok\u00e9mon\n|rule|Item Clause: Limit 1 of each item\n|clearpoke\n|poke|p1|Charizard, L50, F|\n|poke|p1|Victreebel, L50, M|\n|poke|p1|Basculegion, L50, M|\n|poke|p1|Aegislash, L50, M|\n|poke|p1|Aerodactyl, L50, F|\n|poke|p1|Whimsicott, L50, F|\n|poke|p2|Pelipper, L50, M|\n|poke|p2|Basculegion, L50, M|\n|poke|p2|Dragonite, L50, F|\n|poke|p2|Garchomp, L50, F|\n|poke|p2|Gengar, L50, M|\n|poke|p2|Sneasler, L50, M|\n|teampreview|4\n|inactive|Battle timer is ON: inactive players will automatically lose when time's up. (requested by enderkill910)\nTornado_Not_Hunter rejected open team sheets.\n|inactive|Tornado_Not_Hunter has 60 seconds left.\n|\n|t:|1776427391\n|teamsize|p1|4\n|teamsize|p2|4\n|start\n|switch|p1a: Aerodactyl|Aerodactyl, L50, F, shiny|100/100\n|switch|p1b: Aegislash|Aegislash, L50, M, shiny|100/100\n|switch|p2a: Basculegion|Basculegion, L50, M|100/100\n|switch|p2b: Sneasler|Sneasler, L50, M|100/100\n|-ability|p1a: Aerodactyl|Unnerve\n|turn|1\n|\n|t:|1776427414\n|switch|p1b: Charizard|Charizard, L50, F, shiny|100/100\n|move|p1a: Aerodactyl|Protect|p1a: Aerodactyl\n|-singleturn|p1a: Aerodactyl|Protect\n|move|p2b: Sneasler|Fake Out|p1a: Aerodactyl\n|-activate|p1a: Aerodactyl|move: Protect\n|move|p2a: Basculegion|Aqua Jet|p1a: Aerodactyl\n|-activate|p1a: Aerodactyl|move: Protect\n|\n|upkeep\n|turn|2\n|inactive|enderkill910 has 30 seconds left.\n|\n|t:|1776427443\n|detailschange|p1b: Charizard|Charizard-Mega-Y, L50, F, shiny\n|-mega|p1b: Charizard|Charizard|Charizardite Y\n|-weather|SunnyDay|[from] ability: Drought|[of] p1b: Charizard\n|move|p1a: Aerodactyl|Rock Slide|p2b: Sneasler|[spread] p2a,p2b\n|-resisted|p2b: Sneasler|1\n|-damage|p2a: Basculegion|70/100\n|-damage|p2b: Sneasler|84/100\n|move|p2b: Sneasler|Dire Claw|p1b: Charizard\n|-damage|p1b: Charizard|40/100\n|-status|p1b: Charizard|slp\n|cant|p1b: Charizard|slp\n|move|p2a: Basculegion|Wave Crash|p1a: Aerodactyl\n|-supereffective|p1a: Aerodactyl|1\n|-damage|p1a: Aerodactyl|0 fnt\n|faint|p1a: Aerodactyl\n|-damage|p2a: Basculegion|44/100|[from] Recoil\n|\n|-weather|SunnyDay|[upkeep]\n|upkeep\n|\n|t:|1776427456\n|switch|p1a: Victreebel|Victreebel, L50, M, shiny|100/100\n|turn|3\n|\n|t:|1776427475\n|move|p2a: Basculegion|Aqua Jet|p1b: Charizard\n|-supereffective|p1b: Charizard|1\n|-damage|p1b: Charizard|8/100 slp\n|move|p1a: Victreebel|Sleep Powder|p2a: Basculegion\n|-status|p2a: Basculegion|slp|[from] move: Sleep Powder\n|move|p2b: Sneasler|Dire Claw|p1a: Victreebel\n|-damage|p1a: Victreebel|44/100\n|-status|p1a: Victreebel|par\n|cant|p1b: Charizard|slp\n|\n|-weather|SunnyDay|[upkeep]\n|upkeep\n|turn|4\n|c|\u2606enderkill910|fck this siht\n|inactive|enderkill910 has 30 seconds left.\n|\n|t:|1776427504\n|move|p1a: Victreebel|Protect|p1a: Victreebel\n|-singleturn|p1a: Victreebel|Protect\n|cant|p2a: Basculegion|slp\n|move|p2b: Sneasler|Dire Claw|p1b: Charizard\n|-damage|p1b: Charizard|0 fnt\n|faint|p1b: Charizard\n|\n|-weather|SunnyDay|[upkeep]\n|upkeep\n|\n|t:|1776427509\n|switch|p1b: Aegislash|Aegislash, L50, M, shiny|100/100\n|turn|5\n|\n|t:|1776427531\n|switch|p2a: Pelipper|Pelipper, L50, M|100/100\n|-weather|RainDance|[from] ability: Drizzle|[of] p2a: Pelipper\n|cant|p1a: Victreebel|par\n|move|p2b: Sneasler|Dire Claw|p1a: Victreebel\n|-damage|p1a: Victreebel|0 fnt\n|faint|p1a: Victreebel\n|-formechange|p1b: Aegislash|Aegislash-Blade|\n|move|p1b: Aegislash|Shadow Ball|p2a: Pelipper\n|-damage|p2a: Pelipper|24/100\n|-unboost|p2a: Pelipper|spd|1\n|-enditem|p2a: Pelipper|Sitrus Berry|[eat]\n|-heal|p2a: Pelipper|49/100|[from] item: Sitrus Berry\n|\n|-weather|RainDance|[upkeep]\n|upkeep\n|turn|6\n|-message|enderkill910 forfeited.\n|\n|win|Tornado_Not_Hunter\n",
  "uploadtime": 1776427493,
  "views": 20,
  "formatid": "gen9championsvgc2026regma",
  "rating": null,
  "private": 0,
  "password": null
}