{
  "id": "gen9championsvgc2026regma-2581886525",
  "format": "[Gen 9 Champions] VGC 2026 Reg M-A",
  "players": [
    "fds45",
    "bruhgokusolo"
  ],
  "log": "|j|\u2606fds45\n|j|\u2606bruhgokusolo\n|t:|1776036781\n|gametype|doubles\n|player|p1|fds45|102|1067\n|player|p2|bruhgokusolo|169|1143\n|gen|9\n|tier|[Gen 9 Champions] VGC 2026 Reg M-A\n|rated|\n|rule|Species Clause: Limit one of each Pok\u00e9mon\n|rule|Item Clause: Limit 1 of each item\n|clearpoke\n|poke|p1|Dragonite, L50, M|\n|poke|p1|Archaludon, L50, F|\n|poke|p1|Basculegion, L50, M|\n|poke|p1|Politoed, L50, M|\n|poke|p1|Sinistcha, L50|\n|poke|p1|Kangaskhan, L50, F|\n|poke|p2|Gengar, L50, F|\n|poke|p2|Tyranitar, L50, F|\n|poke|p2|Sylveon, L50, F|\n|poke|p2|Incineroar, L50, M|\n|poke|p2|Sinistcha, L50|\n|poke|p2|Kommo-o, L50, F|\n|teampreview|4\n|\n|t:|1776036806\n|teamsize|p1|4\n|teamsize|p2|4\n|start\n|switch|p1a: Politoed|Politoed, L50, M, shiny|100/100\n|switch|p1b: Dragonite|Dragonite, L50, M, shiny|100/100\n|switch|p2a: Gengar|Gengar, L50, F|100/100\n|switch|p2b: Tyranitar|Tyranitar, L50, F|100/100\n|-weather|RainDance|[from] ability: Drizzle|[of] p1a: Politoed\n|-weather|Sandstorm|[from] ability: Sand Stream|[of] p2b: Tyranitar\n|turn|1\n|inactive|Battle timer is ON: inactive players will automatically lose when time's up. (requested by bruhgokusolo)\n|\n|t:|1776036827\n|switch|p1a: Basculegion|Basculegion, L50, M, shiny|100/100\n|detailschange|p2a: Gengar|Gengar-Mega, L50, F\n|-mega|p2a: Gengar|Gengar|Gengarite\n|move|p1b: Dragonite|Protect|p1b: Dragonite\n|-singleturn|p1b: Dragonite|Protect\n|move|p2a: Gengar|Perish Song|p2a: Gengar\n|-start|p1a: Basculegion|perish3|[silent]\n|-start|p1b: Dragonite|perish3|[silent]\n|-start|p2a: Gengar|perish3|[silent]\n|-start|p2b: Tyranitar|perish3|[silent]\n|-fieldactivate|move: Perish Song\n|move|p2b: Tyranitar|Rock Slide|p1b: Dragonite|[spread] p1a\n|-activate|p1b: Dragonite|move: Protect\n|-damage|p1a: Basculegion|65/100\n|\n|-weather|Sandstorm|[upkeep]\n|-damage|p2a: Gengar|95/100|[from] Sandstorm\n|-damage|p1b: Dragonite|95/100|[from] Sandstorm\n|-damage|p1a: Basculegion|59/100|[from] Sandstorm\n|-start|p2a: Gengar|perish3\n|-start|p1b: Dragonite|perish3\n|-start|p1a: Basculegion|perish3\n|-start|p2b: Tyranitar|perish3\n|upkeep\n|turn|2\n|inactive|fds45 has 30 seconds left.\n|\n|t:|1776036854\n|detailschange|p1b: Dragonite|Dragonite-Mega, L50, M, shiny\n|-mega|p1b: Dragonite|Dragonite|Dragoninite\n|move|p2a: Gengar|Protect|p2a: Gengar\n|-singleturn|p2a: Gengar|Protect\n|move|p1b: Dragonite|Draco Meteor|p2a: Gengar\n|-activate|p2a: Gengar|move: Protect\n|move|p1a: Basculegion|Wave Crash|p2a: Gengar\n|-activate|p2a: Gengar|move: Protect\n|move|p2b: Tyranitar|Knock Off|p1a: Basculegion\n|-supereffective|p1a: Basculegion|1\n|-damage|p1a: Basculegion|0 fnt\n|-enditem|p1a: Basculegion|Focus Sash|[from] move: Knock Off|[of] p2b: Tyranitar\n|faint|p1a: Basculegion\n|\n|-weather|Sandstorm|[upkeep]\n|-damage|p2a: Gengar|89/100|[from] Sandstorm\n|-damage|p1b: Dragonite|89/100|[from] Sandstorm\n|-start|p2a: Gengar|perish2\n|-start|p1b: Dragonite|perish2\n|-start|p2b: Tyranitar|perish2\n|upkeep\n|\n|t:|1776036861\n|switch|p1a: Politoed|Politoed, L50, M, shiny|100/100\n|-weather|RainDance|[from] ability: Drizzle|[of] p1a: Politoed\n|turn|3\n|inactive|bruhgokusolo has 30 seconds left.\n|inactive|bruhgokusolo has 20 seconds left.\n|inactive|bruhgokusolo has 15 seconds left.\n|inactive|bruhgokusolo has 10 seconds left.\n|\n|t:|1776036907\n|move|p2a: Gengar|Sludge Bomb|p1a: Politoed\n|-damage|p1a: Politoed|35/100\n|move|p1a: Politoed|Weather Ball|p2a: Gengar\n|-damage|p2a: Gengar|0 fnt\n|faint|p2a: Gengar\n|move|p1b: Dragonite|Draco Meteor|p2b: Tyranitar\n|-damage|p2b: Tyranitar|43/100\n|-unboost|p1b: Dragonite|spa|2\n|move|p2b: Tyranitar|Rock Slide|p1a: Politoed|[spread] p1a,p1b\n|-supereffective|p1b: Dragonite|1\n|-damage|p1a: Politoed|0 fnt\n|-damage|p1b: Dragonite|24/100\n|faint|p1a: Politoed\n|\n|-weather|RainDance|[upkeep]\n|-start|p1b: Dragonite|perish1\n|-start|p2b: Tyranitar|perish1\n|upkeep\n|\n|t:|1776036924\n|switch|p2a: Sylveon|Sylveon, L50, F|100/100\n|switch|p1a: Archaludon|Archaludon, L50, F|100/100\n|turn|4\n|\n|t:|1776036941\n|switch|p2b: Kommo-o|Kommo-o, L50, F|100/100\n|move|p1b: Dragonite|Tailwind|p1b: Dragonite\n|-sidestart|p1: fds45|move: Tailwind\n|move|p1a: Archaludon|Flash Cannon|p2b: Kommo-o\n|-damage|p2b: Kommo-o|56/100\n|move|p2a: Sylveon|Hyper Voice|p1b: Dragonite|[spread] p1a,p1b\n|-supereffective|p1b: Dragonite|1\n|-damage|p1a: Archaludon|48/100\n|-damage|p1b: Dragonite|0 fnt\n|-ability|p1a: Archaludon|Stamina|boost\n|-boost|p1a: Archaludon|def|1\n|faint|p1b: Dragonite\n|\n|-weather|RainDance|[upkeep]\n|-heal|p1a: Archaludon|54/100|[from] item: Leftovers\n|upkeep\n|turn|5\n|\n|t:|1776036962\n|move|p1a: Archaludon|Draco Meteor|p2b: Kommo-o\n|-supereffective|p2b: Kommo-o|1\n|-damage|p2b: Kommo-o|0 fnt\n|-unboost|p1a: Archaludon|spa|2\n|faint|p2b: Kommo-o\n|move|p2a: Sylveon|Hyper Voice|p1a: Archaludon\n|-damage|p1a: Archaludon|0 fnt\n|faint|p1a: Archaludon\n|\n|win|bruhgokusolo\n|raw|fds45's rating: 1067 &rarr; <strong>1051</strong><br />(-16 for losing)\n|raw|bruhgokusolo's rating: 1143 &rarr; <strong>1163</strong><br />(+20 for winning)\n|c|\u2606fds45|gg\n|l|\u2606fds45\n|player|p1|\n",
  "uploadtime": 1776036971,
  "views": 32,
  "formatid": "gen9championsvgc2026regma",
  "rating": 1051,
  "private": 0,
  "password": null
}