{
  "id": "gen9championsvgc2026regma-2584847988",
  "format": "[Gen 9 Champions] VGC 2026 Reg M-A",
  "players": [
    "StreamOtter",
    "L_Yami_H"
  ],
  "log": "|j|\u2606StreamOtter\n|j|\u2606L_Yami_H\n|t:|1776288365\n|gametype|doubles\n|player|p1|StreamOtter|n|1314\n|player|p2|L_Yami_H|ghetsis|1415\n|gen|9\n|tier|[Gen 9 Champions] VGC 2026 Reg M-A\n|rated|\n|rule|Species Clause: Limit one of each Pok\u00e9mon\n|rule|Item Clause: Limit 1 of each item\n|clearpoke\n|poke|p1|Feraligatr, L50, M|\n|poke|p1|Sneasler, L50, M|\n|poke|p1|Maushold, L50|\n|poke|p1|Sinistcha, L50|\n|poke|p1|Incineroar, L50, M|\n|poke|p1|Empoleon, L50, F|\n|poke|p2|Sableye, L50, M|\n|poke|p2|Victreebel, L50, F|\n|poke|p2|Kingambit, L50, M|\n|poke|p2|Sneasler, L50, F|\n|poke|p2|Araquanid, L50, F|\n|poke|p2|Arcanine, L50, M|\n|teampreview|4\n|\n|t:|1776288392\n|teamsize|p1|4\n|teamsize|p2|4\n|start\n|switch|p1a: Empoleon|Empoleon, L50, F|100/100\n|switch|p1b: Sneasler|Sneasler, L50, M|100/100\n|switch|p2a: Checkers|Kingambit, L50, M, shiny|100/100\n|switch|p2b: Dess|Sneasler, L50, F, shiny|100/100\n|turn|1\n|inactive|Battle timer is ON: inactive players will automatically lose when time's up. (requested by L_Yami_H)\n|\n|t:|1776288409\n|move|p2b: Dess|Protect|p2b: Dess\n|-singleturn|p2b: Dess|Protect\n|move|p2a: Checkers|Protect|p2a: Checkers\n|-singleturn|p2a: Checkers|Protect\n|move|p1b: Sneasler|Fake Out|p2b: Dess\n|-activate|p2b: Dess|move: Protect\n|move|p1a: Empoleon|Hydro Pump|p2a: Checkers\n|-activate|p2a: Checkers|move: Protect\n|\n|upkeep\n|turn|2\n|\n|t:|1776288423\n|move|p2a: Checkers|Sucker Punch|p1b: Sneasler\n|-resisted|p1b: Sneasler|1\n|-damage|p1b: Sneasler|60/100\n|move|p1b: Sneasler|Close Combat|p2a: Checkers\n|-supereffective|p2a: Checkers|2\n|-damage|p2a: Checkers|0 fnt\n|-unboost|p1b: Sneasler|def|1\n|-unboost|p1b: Sneasler|spd|1\n|faint|p2a: Checkers\n|move|p2b: Dess|Close Combat|p1b: Sneasler\n|-resisted|p1b: Sneasler|1\n|-damage|p1b: Sneasler|0 fnt\n|-unboost|p2b: Dess|def|1\n|-unboost|p2b: Dess|spd|1\n|faint|p1b: Sneasler\n|-enditem|p2b: Dess|White Herb\n|-clearnegativeboost|p2b: Dess|[silent]\n|move|p1a: Empoleon|Icy Wind|p2b: Dess\n|-damage|p2b: Dess|75/100\n|-unboost|p2b: Dess|spe|1\n|\n|upkeep\n|\n|t:|1776288442\n|switch|p1b: Feraligatr|Feraligatr, L50, M|100/100\n|switch|p2a: Yami|Sableye, L50, M|100/100\n|turn|3\n|\n|t:|1776288464\n|move|p1b: Feraligatr|Protect|p1b: Feraligatr\n|-singleturn|p1b: Feraligatr|Protect\n|move|p2a: Yami|Fake Out|p1b: Feraligatr\n|-activate|p1b: Feraligatr|move: Protect\n|move|p2b: Dess|Close Combat|p1a: Empoleon\n|-supereffective|p1a: Empoleon|1\n|-damage|p1a: Empoleon|0 fnt\n|-unboost|p2b: Dess|def|1\n|-unboost|p2b: Dess|spd|1\n|faint|p1a: Empoleon\n|\n|upkeep\n|\n|t:|1776288474\n|switch|p1a: Sinistcha|Sinistcha, L50|100/100\n|turn|4\n|inactive|L_Yami_H has 30 seconds left.\n|\n|t:|1776288504\n|switch|p2a: Baret|Victreebel, L50, F, shiny|100/100\n|detailschange|p1b: Feraligatr|Feraligatr-Mega, L50, M\n|-mega|p1b: Feraligatr|Feraligatr|Feraligite\n|move|p1a: Sinistcha|Rage Powder|p1a: Sinistcha\n|-singleturn|p1a: Sinistcha|move: Rage Powder\n|move|p2b: Dess|Rock Slide|p1a: Sinistcha|[spread] p1a,p1b\n|-damage|p1a: Sinistcha|85/100\n|-damage|p1b: Feraligatr|79/100\n|move|p1b: Feraligatr|Dragon Dance|p1b: Feraligatr\n|-boost|p1b: Feraligatr|atk|1\n|-boost|p1b: Feraligatr|spe|1\n|\n|upkeep\n|turn|5\n|\n|t:|1776288525\n|detailschange|p2a: Baret|Victreebel-Mega, L50, F, shiny\n|-mega|p2a: Baret|Victreebel|Victreebelite\n|move|p1a: Sinistcha|Rage Powder|p1a: Sinistcha\n|-singleturn|p1a: Sinistcha|move: Rage Powder\n|move|p2b: Dess|Rock Slide|p1a: Sinistcha|[spread] \n|-miss|p2b: Dess|p1a: Sinistcha\n|-miss|p2b: Dess|p1b: Feraligatr\n|move|p1b: Feraligatr|Liquidation|p2b: Dess\n|-damage|p2b: Dess|0 fnt\n|faint|p2b: Dess\n|move|p2a: Baret|Sludge Bomb|p1a: Sinistcha\n|-damage|p1a: Sinistcha|27/100\n|-enditem|p1a: Sinistcha|Sitrus Berry|[eat]\n|-heal|p1a: Sinistcha|52/100|[from] item: Sitrus Berry\n|\n|upkeep\n|\n|t:|1776288539\n|switch|p2b: Yami|Sableye, L50, M|100/100\n|turn|6\n|\n|t:|1776288547\n|move|p1b: Feraligatr|Protect|p1b: Feraligatr\n|-singleturn|p1b: Feraligatr|Protect\n|move|p2b: Yami|Fake Out|p1b: Feraligatr\n|-activate|p1b: Feraligatr|move: Protect\n|move|p2a: Baret|Sludge Bomb|p1a: Sinistcha\n|-crit|p1a: Sinistcha\n|-damage|p1a: Sinistcha|0 fnt\n|faint|p1a: Sinistcha\n|\n|upkeep\n|turn|7\n|\n|t:|1776288567\n|move|p2b: Yami|Encore|p1b: Feraligatr\n|-start|p1b: Feraligatr|Encore\n|move|p1b: Feraligatr|Protect||[still]\n|-fail|p1b: Feraligatr\n|move|p2a: Baret|Giga Drain|p1b: Feraligatr\n|-damage|p1b: Feraligatr|36/100\n|\n|upkeep\n|turn|8\n|-message|StreamOtter forfeited.\n|\n|win|L_Yami_H\n|raw|StreamOtter's rating: 1314 &rarr; <strong>1300</strong><br />(-14 for losing)\n|raw|L_Yami_H's rating: 1415 &rarr; <strong>1429</strong><br />(+14 for winning)\n|l|\u2606StreamOtter\n|player|p1|\n",
  "uploadtime": 1776288577,
  "views": 32,
  "formatid": "gen9championsvgc2026regma",
  "rating": 1300,
  "private": 0,
  "password": null
}