{
  "id": "gen9championsvgc2026regma-2580363245",
  "format": "[Gen 9 Champions] VGC 2026 Reg M-A",
  "players": [
    "Quijas",
    "Spwert"
  ],
  "log": "|j|\u2606Quijas\n|j|\u2606Spwert\n|t:|1775885529\n|gametype|doubles\n|player|p1|Quijas|1|1117\n|player|p2|Spwert|yellow|1029\n|gen|9\n|tier|[Gen 9 Champions] VGC 2026 Reg M-A\n|rated|\n|rule|Species Clause: Limit one of each Pok\u00e9mon\n|rule|Item Clause: Limit 1 of each item\n|clearpoke\n|poke|p1|Tsareena, L50, F|\n|poke|p1|Sneasler, L50, F|\n|poke|p1|Froslass, L50, F|\n|poke|p1|Kommo-o, L50, M|\n|poke|p1|Incineroar, L50, F|\n|poke|p1|Dragapult, L50, F|\n|poke|p2|Starmie, L50|\n|poke|p2|Sharpedo, L50, M|\n|poke|p2|Pelipper, L50, F|\n|poke|p2|Whimsicott, L50, F|\n|poke|p2|Mamoswine, L50, F|\n|poke|p2|Incineroar, L50, F|\n|teampreview|4\n|\n|t:|1775885573\n|teamsize|p1|4\n|teamsize|p2|4\n|start\n|switch|p1a: Tsareena|Tsareena, L50, F|100/100\n|switch|p1b: Incineroar|Incineroar, L50, F|100/100\n|switch|p2a: Starmie|Starmie, L50|100/100\n|switch|p2b: Sharpedo|Sharpedo, L50, M|100/100\n|-ability|p1b: Incineroar|Intimidate|boost\n|-unboost|p2a: Starmie|atk|1\n|-unboost|p2b: Sharpedo|atk|1\n|turn|1\n|\n|t:|1775885597\n|switch|p2a: Pelipper|Pelipper, L50, F|100/100\n|-weather|RainDance|[from] ability: Drizzle|[of] p2a: Pelipper\n|switch|p2b: Incineroar|Incineroar, L50, F|100/100\n|-ability|p2b: Incineroar|Intimidate|boost\n|-unboost|p1a: Tsareena|atk|1\n|-unboost|p1b: Incineroar|atk|1\n|move|p1b: Incineroar|Fake Out|p2b: Incineroar\n|-damage|p2b: Incineroar|94/100\n|move|p1a: Tsareena|Trop Kick|p2a: Pelipper\n|-damage|p2a: Pelipper|79/100\n|-unboost|p2a: Pelipper|atk|1\n|\n|-weather|RainDance|[upkeep]\n|upkeep\n|turn|2\n|\n|t:|1775885620\n|move|p1a: Tsareena|Trop Kick|p2b: Incineroar\n|-resisted|p2b: Incineroar|1\n|-damage|p2b: Incineroar|80/100\n|-unboost|p2b: Incineroar|atk|1\n|move|p2a: Pelipper|Tailwind|p2a: Pelipper\n|-sidestart|p2: Spwert|move: Tailwind\n|move|p2b: Incineroar|Will-O-Wisp|p1a: Tsareena|[miss]\n|-miss|p2b: Incineroar|p1a: Tsareena\n|move|p1b: Incineroar|Parting Shot|p2b: Incineroar\n|-unboost|p2b: Incineroar|atk|1\n|-unboost|p2b: Incineroar|spa|1\n|\n|t:|1775885633\n|switch|p1b: Froslass|Froslass, L50, F|100/100|[from] Parting Shot\n|\n|-weather|RainDance|[upkeep]\n|upkeep\n|turn|3\n|\n|t:|1775885646\n|switch|p1a: Incineroar|Incineroar, L50, F|100/100\n|-ability|p1a: Incineroar|Intimidate|boost\n|-unboost|p2a: Pelipper|atk|1\n|-unboost|p2b: Incineroar|atk|1\n|move|p1b: Froslass|Protect|p1b: Froslass\n|-singleturn|p1b: Froslass|Protect\n|move|p2a: Pelipper|Hurricane|p1a: Incineroar\n|-damage|p1a: Incineroar|71/100\n|-start|p1a: Incineroar|confusion\n|move|p2b: Incineroar|Darkest Lariat|p1b: Froslass\n|-activate|p1b: Froslass|move: Protect\n|\n|-weather|RainDance|[upkeep]\n|upkeep\n|turn|4\n|\n|t:|1775885670\n|detailschange|p1b: Froslass|Froslass-Mega, L50, F\n|-mega|p1b: Froslass|Froslass|Froslassite\n|-weather|Snowscape|[from] ability: Snow Warning|[of] p1b: Froslass\n|-activate|p1a: Incineroar|confusion\n|move|p1a: Incineroar|Fake Out|p2b: Incineroar\n|-damage|p2b: Incineroar|69/100\n|move|p1b: Froslass|Aurora Veil|p1b: Froslass\n|-sidestart|p1: Quijas|move: Aurora Veil\n|move|p2a: Pelipper|U-turn|p1a: Incineroar\n|-damage|p1a: Incineroar|68/100\n|\n|t:|1775885678\n|switch|p2a: Starmie|Starmie, L50|100/100|[from] U-turn\n|cant|p2b: Incineroar|flinch\n|\n|-weather|Snowscape|[upkeep]\n|upkeep\n|turn|5\n|\n|t:|1775885695\n|switch|p1b: Tsareena|Tsareena, L50, F|100/100\n|switch|p2b: Pelipper|Pelipper, L50, F|79/100\n|-weather|RainDance|[from] ability: Drizzle|[of] p2b: Pelipper\n|detailschange|p2a: Starmie|Starmie-Mega, L50\n|-mega|p2a: Starmie|Starmie|Starminite\n|move|p2a: Starmie|Protect|p2a: Starmie\n|-singleturn|p2a: Starmie|Protect\n|-activate|p1a: Incineroar|confusion\n|-damage|p1a: Incineroar|58/100|[from] confusion\n|\n|-weather|RainDance|[upkeep]\n|-sideend|p2: Spwert|move: Tailwind\n|upkeep\n|turn|6\n|\n|t:|1775885721\n|switch|p2a: Incineroar|Incineroar, L50, F|69/100\n|-ability|p2a: Incineroar|Intimidate|boost\n|-unboost|p1a: Incineroar|atk|1\n|-unboost|p1b: Tsareena|atk|1\n|switch|p1a: Froslass|Froslass-Mega, L50, F|100/100\n|-weather|Snowscape|[from] ability: Snow Warning|[of] p1a: Froslass\n|move|p1b: Tsareena|U-turn|p2a: Incineroar\n|-damage|p2a: Incineroar|54/100\n|\n|t:|1775885735\n|switch|p1b: Kommo-o|Kommo-o, L50, M|100/100|[from] U-turn\n|move|p2b: Pelipper|Hurricane|p1b: Kommo-o\n|-supereffective|p1b: Kommo-o|1\n|-damage|p1b: Kommo-o|47/100\n|-enditem|p1b: Kommo-o|Sitrus Berry|[eat]\n|-heal|p1b: Kommo-o|72/100|[from] item: Sitrus Berry\n|\n|-weather|Snowscape|[upkeep]\n|upkeep\n|turn|7\n|\n|t:|1775885781\n|move|p2a: Incineroar|Fake Out|p1b: Kommo-o\n|-damage|p1b: Kommo-o|66/100\n|move|p1a: Froslass|Blizzard|p2b: Pelipper|[spread] p2a,p2b\n|-resisted|p2a: Incineroar|1\n|-damage|p2a: Incineroar|39/100\n|-damage|p2b: Pelipper|12/100\n|cant|p1b: Kommo-o|flinch\n|move|p2b: Pelipper|U-turn|p1a: Froslass\n|-resisted|p1a: Froslass|1\n|-damage|p1a: Froslass|97/100\n|\n|t:|1775885789\n|switch|p2b: Sharpedo|Sharpedo, L50, M|100/100|[from] U-turn\n|\n|-weather|Snowscape|[upkeep]\n|upkeep\n|turn|8\n|\n|t:|1775885801\n|switch|p1a: Tsareena|Tsareena, L50, F|100/100\n|move|p2b: Sharpedo|Protect|p2b: Sharpedo\n|-singleturn|p2b: Sharpedo|Protect\n|move|p1b: Kommo-o|Aura Sphere|p2a: Incineroar\n|-supereffective|p2a: Incineroar|1\n|-enditem|p2a: Incineroar|Chople Berry|[eat]\n|-enditem|p2a: Incineroar|Chople Berry|[weaken]\n|-damage|p2a: Incineroar|14/100\n|move|p2a: Incineroar|Darkest Lariat|p1a: Tsareena\n|-damage|p1a: Tsareena|73/100\n|\n|-weather|Snowscape|[upkeep]\n|-sideend|p1: Quijas|move: Aurora Veil\n|-ability|p2b: Sharpedo|Speed Boost|boost\n|-boost|p2b: Sharpedo|spe|1\n|upkeep\n|turn|9\n|\n|t:|1775885832\n|switch|p2b: Pelipper|Pelipper, L50, F|12/100\n|-weather|RainDance|[from] ability: Drizzle|[of] p2b: Pelipper\n|switch|p1b: Incineroar|Incineroar, L50, F|58/100\n|-ability|p1b: Incineroar|Intimidate|boost\n|-unboost|p2a: Incineroar|atk|1\n|-unboost|p2b: Pelipper|atk|1\n|move|p1a: Tsareena|Trop Kick|p2b: Pelipper\n|-damage|p2b: Pelipper|0 fnt\n|faint|p2b: Pelipper\n|move|p2a: Incineroar|Darkest Lariat|p1a: Tsareena\n|-damage|p1a: Tsareena|44/100\n|\n|-weather|RainDance|[upkeep]\n|upkeep\n|\n|t:|1775885843\n|switch|p2b: Starmie|Starmie-Mega, L50|100/100\n|turn|10\n|\n|t:|1775885861\n|move|p2b: Starmie|Protect|p2b: Starmie\n|-singleturn|p2b: Starmie|Protect\n|move|p1b: Incineroar|Fake Out|p2a: Incineroar\n|-damage|p2a: Incineroar|4/100\n|move|p1a: Tsareena|Trop Kick|p2b: Starmie\n|-activate|p2b: Starmie|move: Protect\n|cant|p2a: Incineroar|flinch\n|\n|-weather|RainDance|[upkeep]\n|upkeep\n|turn|11\n|\n|t:|1775885890\n|move|p2a: Incineroar|Protect|p2a: Incineroar\n|-singleturn|p2a: Incineroar|Protect\n|move|p1a: Tsareena|Trop Kick|p2b: Starmie\n|-supereffective|p2b: Starmie|1\n|-damage|p2b: Starmie|0 fnt\n|faint|p2b: Starmie\n|move|p1b: Incineroar|Parting Shot|p2a: Incineroar\n|-activate|p2a: Incineroar|move: Protect\n|\n|-weather|RainDance|[upkeep]\n|upkeep\n|\n|t:|1775885894\n|switch|p2b: Sharpedo|Sharpedo, L50, M|100/100\n|turn|12\n|\n|t:|1775885905\n|switch|p1b: Froslass|Froslass-Mega, L50, F|97/100\n|-weather|Snowscape|[from] ability: Snow Warning|[of] p1b: Froslass\n|move|p1a: Tsareena|Trop Kick|p2a: Incineroar\n|-resisted|p2a: Incineroar|1\n|-damage|p2a: Incineroar|0 fnt\n|faint|p2a: Incineroar\n|move|p2b: Sharpedo|Liquidation|p1b: Froslass\n|-damage|p1b: Froslass|49/100\n|\n|-weather|Snowscape|[upkeep]\n|-ability|p2b: Sharpedo|Speed Boost|boost\n|-boost|p2b: Sharpedo|spe|1\n|upkeep\n|turn|13\n|\n|t:|1775885923\n|move|p2b: Sharpedo|Crunch|p1b: Froslass\n|-supereffective|p1b: Froslass|1\n|-damage|p1b: Froslass|0 fnt\n|faint|p1b: Froslass\n|move|p1a: Tsareena|Trop Kick|p2b: Sharpedo\n|-supereffective|p2b: Sharpedo|1\n|-enditem|p2b: Sharpedo|Focus Sash\n|-damage|p2b: Sharpedo|1/100\n|-unboost|p2b: Sharpedo|atk|1\n|\n|-weather|Snowscape|[upkeep]\n|-ability|p2b: Sharpedo|Speed Boost|boost\n|-boost|p2b: Sharpedo|spe|1\n|upkeep\n|\n|t:|1775885927\n|switch|p1b: Incineroar|Incineroar, L50, F|58/100\n|-ability|p1b: Incineroar|Intimidate|boost\n|-unboost|p2b: Sharpedo|atk|1\n|turn|14\n|-message|Spwert forfeited.\n|\n|win|Quijas\n|raw|Quijas's rating: 1117 &rarr; <strong>1136</strong><br />(+19 for winning)\n|raw|Spwert's rating: 1029 &rarr; <strong>1018</strong><br />(-11 for losing)\n|l|\u2606Spwert\n|player|p2|\n",
  "uploadtime": 1775885944,
  "views": 13,
  "formatid": "gen9championsvgc2026regma",
  "rating": 1018,
  "private": 0,
  "password": null
}