{
  "id": "gen9championsvgc2026regma-2585918416",
  "format": "[Gen 9 Champions] VGC 2026 Reg M-A",
  "players": [
    "areestoo",
    "ChinaG"
  ],
  "log": "|j|\u2606areestoo\n|j|\u2606ChinaG\n|t:|1776381378\n|gametype|doubles\n|player|p1|areestoo|1|1156\n|player|p2|ChinaG|bugcatcher-gen4dp|1215\n|gen|9\n|tier|[Gen 9 Champions] VGC 2026 Reg M-A\n|rated|\n|rule|Species Clause: Limit one of each Pok\u00e9mon\n|rule|Item Clause: Limit 1 of each item\n|clearpoke\n|poke|p1|Incineroar, L50, F|\n|poke|p1|Torkoal, L50, M|\n|poke|p1|Golurk, L50|\n|poke|p1|Farigiraf, L50, M|\n|poke|p1|Clefable, L50, M|\n|poke|p1|Kommo-o, L50, F|\n|poke|p2|Farigiraf, L50, F|\n|poke|p2|Milotic, L50, F|\n|poke|p2|Kingambit, L50, F|\n|poke|p2|Abomasnow, L50, M|\n|poke|p2|Sneasler, L50, F|\n|poke|p2|Lopunny, L50, F|\n|teampreview|4\n|inactive|Battle timer is ON: inactive players will automatically lose when time's up. (requested by areestoo)\n|inactive|ChinaG has 60 seconds left.\n|\n|t:|1776381434\n|teamsize|p1|4\n|teamsize|p2|4\n|start\n|switch|p1a: Clefable|Clefable, L50, M|100/100\n|switch|p1b: Kommo-o|Kommo-o, L50, F|100/100\n|switch|p2a: Sneasler|Sneasler, L50, F|100/100\n|switch|p2b: Lopunny|Lopunny, L50, F|100/100\n|-ability|p2a: Sneasler|Pressure\n|turn|1\n|\n|t:|1776381445\n|detailschange|p2b: Lopunny|Lopunny-Mega, L50, F\n|-mega|p2b: Lopunny|Lopunny|Lopunnite\n|move|p1b: Kommo-o|Protect|p1b: Kommo-o\n|-singleturn|p1b: Kommo-o|Protect\n|move|p1a: Clefable|Protect|p1a: Clefable\n|-singleturn|p1a: Clefable|Protect\n|move|p2b: Lopunny|Fake Out|p1b: Kommo-o\n|-activate|p1b: Kommo-o|move: Protect\n|move|p2a: Sneasler|Dire Claw|p1a: Clefable\n|-activate|p1a: Clefable|move: Protect\n|\n|upkeep\n|turn|2\n|inactive|areestoo has 30 seconds left.\n|\n|t:|1776381471\n|move|p1a: Clefable|Follow Me|p1a: Clefable\n|-singleturn|p1a: Clefable|move: Follow Me\n|move|p2b: Lopunny|Facade|p1a: Clefable\n|-damage|p1a: Clefable|69/100\n|move|p2a: Sneasler|Dire Claw|p1a: Clefable\n|-supereffective|p1a: Clefable|1\n|-damage|p1a: Clefable|6/100\n|-status|p1a: Clefable|psn\n|move|p1b: Kommo-o|Clangorous Soul|p1b: Kommo-o\n|-boost|p1b: Kommo-o|atk|1\n|-boost|p1b: Kommo-o|def|1\n|-boost|p1b: Kommo-o|spa|1\n|-boost|p1b: Kommo-o|spd|1\n|-boost|p1b: Kommo-o|spe|1\n|-damage|p1b: Kommo-o|68/100\n|\n|-heal|p1b: Kommo-o|74/100|[from] item: Leftovers\n|-damage|p1a: Clefable|0 fnt|[from] psn\n|faint|p1a: Clefable\n|upkeep\n|\n|t:|1776381483\n|switch|p1a: Torkoal|Torkoal, L50, M|100/100\n|-weather|SunnyDay|[from] ability: Drought|[of] p1a: Torkoal\n|turn|3\n|inactive|ChinaG has 30 seconds left.\n|inactive|ChinaG has 20 seconds left.\n|\n|t:|1776381520\n|move|p1b: Kommo-o|Protect|p1b: Kommo-o\n|-singleturn|p1b: Kommo-o|Protect\n|move|p1a: Torkoal|Protect|p1a: Torkoal\n|-singleturn|p1a: Torkoal|Protect\n|move|p2b: Lopunny|Close Combat|p1b: Kommo-o\n|-activate|p1b: Kommo-o|move: Protect\n|move|p2a: Sneasler|Close Combat|p1b: Kommo-o\n|-activate|p1b: Kommo-o|move: Protect\n|\n|-weather|SunnyDay|[upkeep]\n|-heal|p1b: Kommo-o|80/100|[from] item: Leftovers\n|upkeep\n|turn|4\n|\n|t:|1776381536\n|move|p2b: Lopunny|Close Combat|p1b: Kommo-o\n|-damage|p1b: Kommo-o|47/100\n|-unboost|p2b: Lopunny|def|1\n|-unboost|p2b: Lopunny|spd|1\n|move|p2a: Sneasler|Close Combat|p1b: Kommo-o\n|-damage|p1b: Kommo-o|10/100\n|-unboost|p2a: Sneasler|def|1\n|-unboost|p2a: Sneasler|spd|1\n|move|p1b: Kommo-o|Clanging Scales|p2b: Lopunny|[spread] p2a,p2b\n|-crit|p2a: Sneasler\n|-enditem|p2a: Sneasler|Focus Sash\n|-damage|p2a: Sneasler|1/100\n|-damage|p2b: Lopunny|0 fnt\n|faint|p2b: Lopunny\n|-unboost|p1b: Kommo-o|def|1\n|move|p1a: Torkoal|Eruption|p2a: Sneasler\n|-damage|p2a: Sneasler|0 fnt\n|faint|p2a: Sneasler\n|\n|-weather|SunnyDay|[upkeep]\n|-heal|p1b: Kommo-o|16/100|[from] item: Leftovers\n|upkeep\n|\n|t:|1776381557\n|switch|p2b: Milotic|Milotic, L50, F|100/100\n|switch|p2a: Farigiraf|Farigiraf, L50, F|100/100\n|turn|5\n|\n|t:|1776381571\n|move|p1b: Kommo-o|Clanging Scales|p2b: Milotic|[spread] p2a,p2b\n|-damage|p2a: Farigiraf|42/100\n|-damage|p2b: Milotic|57/100\n|-unboost|p1b: Kommo-o|def|1\n|move|p2b: Milotic|Scald|p1a: Torkoal\n|-supereffective|p1a: Torkoal|1\n|-damage|p1a: Torkoal|67/100\n|move|p2a: Farigiraf|Twin Beam|p1b: Kommo-o\n|-supereffective|p1b: Kommo-o|1\n|-damage|p1b: Kommo-o|0 fnt\n|faint|p1b: Kommo-o\n|-hitcount|p1: Kommo-o|1\n|move|p1a: Torkoal|Eruption|p2b: Milotic|[spread] p2a,p2b\n|-resisted|p2b: Milotic|1\n|-damage|p2a: Farigiraf|0 fnt\n|-damage|p2b: Milotic|36/100\n|faint|p2a: Farigiraf\n|\n|-weather|SunnyDay|[upkeep]\n|-heal|p2b: Milotic|42/100|[from] item: Leftovers\n|upkeep\n|\n|t:|1776381581\n|switch|p1b: Golurk|Golurk, L50|100/100\n|turn|6\n|\n|t:|1776381589\n|detailschange|p1b: Golurk|Golurk-Mega, L50\n|-mega|p1b: Golurk|Golurk|Golurkite\n|move|p2b: Milotic|Scald|p1a: Torkoal\n|-supereffective|p1a: Torkoal|1\n|-damage|p1a: Torkoal|37/100\n|move|p1b: Golurk|Poltergeist|p2b: Milotic\n|-activate|p2b: Milotic|move: Poltergeist|Leftovers\n|-damage|p2b: Milotic|0 fnt\n|faint|p2b: Milotic\n|\n|win|areestoo\n|raw|areestoo's rating: 1156 &rarr; <strong>1185</strong><br />(+29 for winning)\n|raw|ChinaG's rating: 1215 &rarr; <strong>1186</strong><br />(-29 for losing)\n",
  "uploadtime": 1776381589,
  "views": 20,
  "formatid": "gen9championsvgc2026regma",
  "rating": 1185,
  "private": 0,
  "password": null
}