{
  "id": "gen9championsvgc2026regma-2580986082",
  "format": "[Gen 9 Champions] VGC 2026 Reg M-A",
  "players": [
    "cor pol",
    "bacacusdestroyer"
  ],
  "log": "|j|\u2606cor pol\n|j|\u2606bacacusdestroyer\n|t:|1775949187\n|gametype|doubles\n|player|p1|cor pol|hiker-gen4|1288\n|player|p2|bacacusdestroyer|169|1329\n|gen|9\n|tier|[Gen 9 Champions] VGC 2026 Reg M-A\n|rated|\n|rule|Species Clause: Limit one of each Pok\u00e9mon\n|rule|Item Clause: Limit 1 of each item\n|clearpoke\n|poke|p1|Charizard, L50, F|\n|poke|p1|Whimsicott, L50, M|\n|poke|p1|Kleavor, L50, F|\n|poke|p1|Sinistcha, L50|\n|poke|p1|Incineroar, L50, F|\n|poke|p1|Sylveon, L50, M|\n|poke|p2|Pelipper, L50, F|\n|poke|p2|Clefable, L50, M|\n|poke|p2|Basculegion, L50, M|\n|poke|p2|Blastoise, L50, M|\n|poke|p2|Archaludon, L50, F|\n|poke|p2|Garchomp, L50, M|\n|teampreview|4\n|\n|t:|1775949207\n|teamsize|p1|4\n|teamsize|p2|4\n|start\n|switch|p1a: Whimsicott|Whimsicott, L50, M|100/100\n|switch|p1b: Charizard|Charizard, L50, F|100/100\n|switch|p2a: Pelipper|Pelipper, L50, F|100/100\n|switch|p2b: Garchomp|Garchomp, L50, M|100/100\n|-weather|RainDance|[from] ability: Drizzle|[of] p2a: Pelipper\n|turn|1\n|inactive|Battle timer is ON: inactive players will automatically lose when time's up. (requested by bacacusdestroyer)\n|j| gE1xjZRtuhW2DdT0AK\n|\n|t:|1775949229\n|detailschange|p1b: Charizard|Charizard-Mega-Y, L50, F\n|-mega|p1b: Charizard|Charizard|Charizardite Y\n|-weather|SunnyDay|[from] ability: Drought|[of] p1b: Charizard\n|move|p1b: Charizard|Protect|p1b: Charizard\n|-singleturn|p1b: Charizard|Protect\n|move|p1a: Whimsicott|Moonblast|p2b: Garchomp\n|-supereffective|p2b: Garchomp|1\n|-enditem|p2b: Garchomp|Roseli Berry|[eat]\n|-enditem|p2b: Garchomp|Roseli Berry|[weaken]\n|-damage|p2b: Garchomp|70/100\n|move|p2b: Garchomp|Rain Dance|p2b: Garchomp\n|-weather|RainDance\n|move|p2a: Pelipper|Hydro Pump|p1b: Charizard\n|-activate|p1b: Charizard|move: Protect\n|\n|-weather|RainDance|[upkeep]\n|upkeep\n|turn|2\n|inactive|cor pol has 30 seconds left.\n|inactive|bacacusdestroyer has 30 seconds left.\n|inactive|cor pol has 20 seconds left.\n|\n|t:|1775949264\n|switch|p1b: Sinistcha|Sinistcha, L50|100/100\n|move|p1a: Whimsicott|Tailwind|p1a: Whimsicott\n|-sidestart|p1: cor pol|move: Tailwind\n|move|p2b: Garchomp|Dragon Claw|p1b: Sinistcha\n|-damage|p1b: Sinistcha|61/100\n|move|p2a: Pelipper|Tailwind|p2a: Pelipper\n|-sidestart|p2: bacacusdestroyer|move: Tailwind\n|\n|-weather|RainDance|[upkeep]\n|upkeep\n|turn|3\n|\n|t:|1775949282\n|move|p1a: Whimsicott|Moonblast|p2b: Garchomp\n|-supereffective|p2b: Garchomp|1\n|-damage|p2b: Garchomp|1/100\n|move|p2b: Garchomp|Dragon Claw|p1b: Sinistcha\n|-damage|p1b: Sinistcha|19/100\n|move|p1b: Sinistcha|Matcha Gotcha|p2b: Garchomp|[spread] p2a,p2b\n|-damage|p2a: Pelipper|65/100\n|-heal|p1b: Sinistcha|35/100|[from] drain|[of] p2a: Pelipper\n|-damage|p2b: Garchomp|0 fnt\n|-heal|p1b: Sinistcha|36/100|[from] drain|[of] p2b: Garchomp\n|faint|p2b: Garchomp\n|move|p2a: Pelipper|Hurricane|p1a: Whimsicott\n|-supereffective|p1a: Whimsicott|1\n|-enditem|p1a: Whimsicott|Focus Sash\n|-damage|p1a: Whimsicott|1/100\n|\n|-weather|RainDance|[upkeep]\n|upkeep\n|\n|t:|1775949298\n|switch|p2b: Basculegion|Basculegion, L50, M|100/100\n|turn|4\n|\n|t:|1775949314\n|move|p1a: Whimsicott|Sunny Day|p1a: Whimsicott\n|-weather|SunnyDay\n|move|p2b: Basculegion|Last Respects|p1b: Sinistcha\n|-supereffective|p1b: Sinistcha|1\n|-damage|p1b: Sinistcha|0 fnt\n|faint|p1b: Sinistcha\n|move|p2a: Pelipper|Hurricane|p1a: Whimsicott|[miss]\n|-miss|p2a: Pelipper|p1a: Whimsicott\n|\n|-weather|SunnyDay|[upkeep]\n|upkeep\n|inactive|cor pol has 30 seconds left.\n|\n|t:|1775949346\n|switch|p1b: Sylveon|Sylveon, L50, M|100/100\n|turn|5\n|inactive|bacacusdestroyer has 30 seconds left.\n|\n|t:|1775949379\n|move|p2b: Basculegion|Last Respects|p1b: Sylveon\n|-damage|p1b: Sylveon|30/100\n|move|p1a: Whimsicott|Moonblast|p2b: Basculegion\n|-damage|p2b: Basculegion|58/100\n|-unboost|p2b: Basculegion|spa|1\n|move|p1b: Sylveon|Hyper Voice|p2a: Pelipper|[spread] p2a,p2b\n|-damage|p2a: Pelipper|0 fnt\n|-damage|p2b: Basculegion|3/100\n|faint|p2a: Pelipper\n|\n|-weather|SunnyDay|[upkeep]\n|-sideend|p1: cor pol|move: Tailwind\n|-sideend|p2: bacacusdestroyer|move: Tailwind\n|upkeep\n|\n|t:|1775949388\n|switch|p2a: Blastoise|Blastoise, L50, M|100/100\n|turn|6\n|inactive|cor pol has 30 seconds left.\n|\n|t:|1775949422\n|detailschange|p2a: Blastoise|Blastoise-Mega, L50, M\n|-mega|p2a: Blastoise|Blastoise|Blastoisinite\n|move|p1a: Whimsicott|Protect|p1a: Whimsicott\n|-singleturn|p1a: Whimsicott|Protect\n|move|p1b: Sylveon|Detect|p1b: Sylveon\n|-singleturn|p1b: Sylveon|Protect\n|move|p2b: Basculegion|Last Respects|p1a: Whimsicott\n|-activate|p1a: Whimsicott|move: Protect\n|move|p2a: Blastoise|Water Spout|p1a: Whimsicott|[spread] \n|-activate|p1a: Whimsicott|move: Protect\n|-activate|p1b: Sylveon|move: Protect\n|\n|-weather|SunnyDay|[upkeep]\n|upkeep\n|turn|7\n|\n|t:|1775949446\n|move|p1a: Whimsicott|Tailwind|p1a: Whimsicott\n|-sidestart|p1: cor pol|move: Tailwind\n|move|p2b: Basculegion|Last Respects|p1a: Whimsicott\n|-damage|p1a: Whimsicott|0 fnt\n|faint|p1a: Whimsicott\n|move|p1b: Sylveon|Hyper Voice|p2a: Blastoise|[spread] p2a,p2b\n|-damage|p2a: Blastoise|47/100\n|-damage|p2b: Basculegion|0 fnt\n|faint|p2b: Basculegion\n|move|p2a: Blastoise|Water Spout|p1b: Sylveon\n|-damage|p1b: Sylveon|15/100\n|\n|-weather|SunnyDay|[upkeep]\n|upkeep\n|\n|t:|1775949454\n|switch|p1a: Charizard|Charizard-Mega-Y, L50, F|100/100\n|turn|8\n|\n|t:|1775949459\n|move|p1a: Charizard|Air Slash|p2a: Blastoise\n|-damage|p2a: Blastoise|2/100\n|move|p1b: Sylveon|Hyper Voice|p2a: Blastoise\n|-crit|p2a: Blastoise\n|-damage|p2a: Blastoise|0 fnt\n|faint|p2a: Blastoise\n|\n|win|cor pol\n|raw|cor pol's rating: 1288 &rarr; <strong>1316</strong><br />(+28 for winning)\n|raw|bacacusdestroyer's rating: 1329 &rarr; <strong>1307</strong><br />(-22 for losing)\n|l|\u2606bacacusdestroyer\n|player|p2|\n|l|\u2606cor pol\n|player|p1|\n",
  "uploadtime": 1775949480,
  "views": 23,
  "formatid": "gen9championsvgc2026regma",
  "rating": 1307,
  "private": 0,
  "password": null
}