{
  "id": "gen9championsvgc2026regma-2587290398",
  "format": "[Gen 9 Champions] VGC 2026 Reg M-A",
  "players": [
    "JustWukong",
    "hernndezz_vgc"
  ],
  "log": "|j|\u2606JustWukong\n|j|\u2606hernndezz_vgc\n|t:|1776518819\n|gametype|doubles\n|player|p1|JustWukong|elesa|1270\n|player|p2|hernndezz_vgc|ethan|1244\n|gen|9\n|tier|[Gen 9 Champions] VGC 2026 Reg M-A\n|rated|\n|rule|Species Clause: Limit one of each Pok\u00e9mon\n|rule|Item Clause: Limit 1 of each item\n|clearpoke\n|poke|p1|Scovillain, L50, F, shiny|\n|poke|p1|Garchomp, L50, F|\n|poke|p1|Primarina, L50, M, shiny|\n|poke|p1|Kingambit, L50, M|\n|poke|p1|Dragonite, L50, F|\n|poke|p1|Sneasler, L50, F, shiny|\n|poke|p2|Talonflame, L50, M|\n|poke|p2|Floette-Eternal, L50, F|\n|poke|p2|Rotom-Wash, L50|\n|poke|p2|Incineroar, L50, M|\n|poke|p2|Garchomp, L50, F|\n|poke|p2|Maushold-Four, L50|\n|teampreview|4\n|inactive|Battle timer is ON: inactive players will automatically lose when time's up. (requested by JustWukong)\n|inactive|JustWukong has 60 seconds left.\n|inactive|hernndezz_vgc has 60 seconds left.\nhernndezz_vgc has agreed to open team sheets.\n|inactive|JustWukong has 30 seconds left.\n|inactive|JustWukong has 20 seconds left.\n|inactive|JustWukong has 15 seconds left.\n|inactive|JustWukong has 10 seconds left.\n|\n|t:|1776518902\n|teamsize|p1|4\n|teamsize|p2|4\n|start\n|switch|p1a: Garchomp|Garchomp, L50, F|100/100\n|switch|p1b: Sneasler|Sneasler, L50, F, shiny|100/100\n|switch|p2a: Petete|Talonflame, L50, M|100/100\n|switch|p2b: Wall-E|Rotom-Wash, L50|100/100\n|turn|1\n|\n|t:|1776518920\n|switch|p2b: Garchomp|Garchomp, L50, F|100/100\n|move|p2a: Petete|Protect|p2a: Petete\n|-singleturn|p2a: Petete|Protect\n|move|p1b: Sneasler|Fake Out|p2a: Petete\n|-activate|p2a: Petete|move: Protect\n|move|p1a: Garchomp|Rock Slide|p2b: Garchomp|[spread] p2b\n|-activate|p2a: Petete|move: Protect\n|-resisted|p2b: Garchomp|1\n|-damage|p2b: Garchomp|92/100\n|\n|upkeep\n|turn|2\n|inactive|hernndezz_vgc has 30 seconds left.\n|inactive|hernndezz_vgc has 20 seconds left.\n|\n|t:|1776518959\n|move|p2a: Petete|Tailwind|p2a: Petete\n|-sidestart|p2: hernndezz_vgc|move: Tailwind\n|move|p2b: Garchomp|Dragon Claw|p1a: Garchomp\n|-supereffective|p1a: Garchomp|1\n|-damage|p1a: Garchomp|13/100\n|-damage|p2b: Garchomp|80/100|[from] ability: Rough Skin|[of] p1a: Garchomp\n|move|p1b: Sneasler|Close Combat|p2b: Garchomp\n|-crit|p2b: Garchomp\n|-damage|p2b: Garchomp|0 fnt\n|-unboost|p1b: Sneasler|def|1\n|-unboost|p1b: Sneasler|spd|1\n|-damage|p1b: Sneasler|88/100|[from] ability: Rough Skin|[of] p2b: Garchomp\n|faint|p2b: Garchomp\n|move|p1a: Garchomp|Rock Slide|p2a: Petete\n|-supereffective|p2a: Petete|2\n|-damage|p2a: Petete|0 fnt\n|faint|p2a: Petete\n|\n|upkeep\n|\n|t:|1776518977\n|switch|p2a: Wall-E|Rotom-Wash, L50|100/100\n|switch|p2b: Floette|Floette-Eternal, L50, F|100/100\n|turn|3\n|inactive|hernndezz_vgc has 30 seconds left.\n|\n|t:|1776519010\n|detailschange|p2b: Floette|Floette-Mega, L50, F\n|-mega|p2b: Floette|Floette|Floettite\n|-ability|p2b: Floette|Fairy Aura\n|move|p2a: Wall-E|Thunderbolt|p1b: Sneasler\n|-crit|p1b: Sneasler\n|-damage|p1b: Sneasler|0 fnt\n|faint|p1b: Sneasler\n|move|p2b: Floette|Dazzling Gleam|p1a: Garchomp\n|-supereffective|p1a: Garchomp|1\n|-damage|p1a: Garchomp|0 fnt\n|faint|p1a: Garchomp\n|\n|upkeep\n|\n|t:|1776519021\n|switch|p1b: Scovillain|Scovillain, L50, F, shiny|100/100\n|switch|p1a: Primarina|Primarina, L50, M, shiny|100/100\n|turn|4\n|\n|t:|1776519038\n|move|p1b: Scovillain|Protect|p1b: Scovillain\n|-singleturn|p1b: Scovillain|Protect\n|move|p2a: Wall-E|Thunderbolt|p1a: Primarina\n|-supereffective|p1a: Primarina|1\n|-damage|p1a: Primarina|36/100\n|move|p2b: Floette|Dazzling Gleam|p1b: Scovillain|[spread] p1a\n|-activate|p1b: Scovillain|move: Protect\n|-damage|p1a: Primarina|0 fnt\n|faint|p1a: Primarina\n|\n|-ability|p1b: Scovillain|Moody|boost\n|-boost|p1b: Scovillain|def|2\n|-unboost|p1b: Scovillain|spd|1\n|upkeep\n|turn|5\n|inactive|JustWukong has 30 seconds left.\n|\n|t:|1776519072\n|move|p1b: Scovillain|Protect||[still]\n|-fail|p1b: Scovillain\n|move|p2a: Wall-E|Thunderbolt|p1b: Scovillain\n|-resisted|p1b: Scovillain|1\n|-damage|p1b: Scovillain|68/100\n|move|p2b: Floette|Moonblast|p1b: Scovillain\n|-resisted|p1b: Scovillain|1\n|-damage|p1b: Scovillain|3/100\n|\n|-sideend|p2: hernndezz_vgc|move: Tailwind\n|-ability|p1b: Scovillain|Moody|boost\n|-boost|p1b: Scovillain|def|2\n|-unboost|p1b: Scovillain|atk|1\n|upkeep\n|turn|6\n|\n|t:|1776519088\n|move|p1b: Scovillain|Protect|p1b: Scovillain\n|-singleturn|p1b: Scovillain|Protect\n|move|p2a: Wall-E|Thunderbolt|p1b: Scovillain\n|-activate|p1b: Scovillain|move: Protect\n|move|p2b: Floette|Moonblast|p1b: Scovillain\n|-activate|p1b: Scovillain|move: Protect\n|\n|-ability|p1b: Scovillain|Moody|boost\n|-boost|p1b: Scovillain|spa|2\n|-unboost|p1b: Scovillain|spe|1\n|upkeep\n|turn|7\n|\n|t:|1776519101\n|detailschange|p1b: Scovillain|Scovillain-Mega, L50, F, shiny\n|-mega|p1b: Scovillain|Scovillain|Scovillainite\n|move|p2a: Wall-E|Thunderbolt|p1b: Scovillain\n|-resisted|p1b: Scovillain|1\n|-damage|p1b: Scovillain|0 fnt\n|-status|p2a: Wall-E|brn|[from] ability: Spicy Spray|[of] p1b: Scovillain\n|faint|p1b: Scovillain\n|\n|win|hernndezz_vgc\n|raw|JustWukong's rating: 1270 &rarr; <strong>1243</strong><br />(-27 for losing)\n|raw|hernndezz_vgc's rating: 1244 &rarr; <strong>1271</strong><br />(+27 for winning)\n",
  "uploadtime": 1776519101,
  "views": 24,
  "formatid": "gen9championsvgc2026regma",
  "rating": 1243,
  "private": 0,
  "password": null
}