{
  "id": "gen9championsvgc2026regma-2581867703",
  "format": "[Gen 9 Champions] VGC 2026 Reg M-A",
  "players": [
    "CobaltGameBoy",
    "zenny11"
  ],
  "log": "|j|\u2606CobaltGameBoy\n|j|\u2606zenny11\n|t:|1776035111\n|gametype|doubles\n|player|p1|CobaltGameBoy|cilan|1043\n|player|p2|zenny11|steven|1011\n|gen|9\n|tier|[Gen 9 Champions] VGC 2026 Reg M-A\n|rated|\n|rule|Species Clause: Limit one of each Pok\u00e9mon\n|rule|Item Clause: Limit 1 of each item\n|clearpoke\n|poke|p1|Ditto, L50|\n|poke|p1|Chandelure, L50, F|\n|poke|p1|Whimsicott, L50, F|\n|poke|p1|Torkoal, L50, F|\n|poke|p1|Blastoise, L50, F|\n|poke|p1|Gallade, L50, M|\n|poke|p2|Starmie, L50|\n|poke|p2|Tyranitar, L50, F|\n|poke|p2|Aerodactyl, L50, M|\n|poke|p2|Ceruledge, L50, M|\n|poke|p2|Garchomp, L50, M|\n|poke|p2|Kingambit, L50, M|\n|teampreview|4\n|\n|t:|1776035139\n|teamsize|p1|4\n|teamsize|p2|4\n|start\n|switch|p1a: Blastoise|Blastoise, L50, F|100/100\n|switch|p1b: Gallade|Gallade, L50, M|100/100\n|switch|p2a: Starmie|Starmie, L50|100/100\n|switch|p2b: Tyranitar|Tyranitar, L50, F|100/100\n|-weather|Sandstorm|[from] ability: Sand Stream|[of] p2b: Tyranitar\n|turn|1\n|\n|t:|1776035156\n|detailschange|p2a: Starmie|Starmie-Mega, L50\n|-mega|p2a: Starmie|Starmie|Starminite\n|move|p1a: Blastoise|Fake Out|p2a: Starmie\n|-damage|p2a: Starmie|91/100\n|cant|p2a: Starmie|flinch\n|move|p2b: Tyranitar|Rock Slide|p1a: Blastoise|[spread] p1a,p1b\n|-resisted|p1b: Gallade|1\n|-damage|p1a: Blastoise|76/100\n|-damage|p1b: Gallade|77/100\n|move|p1b: Gallade|Trick Room|p1b: Gallade\n|-fieldstart|move: Trick Room|[of] p1b: Gallade\n|\n|-weather|Sandstorm|[upkeep]\n|-damage|p1b: Gallade|71/100|[from] Sandstorm\n|-damage|p1a: Blastoise|70/100|[from] Sandstorm\n|-damage|p2a: Starmie|85/100|[from] Sandstorm\n|-heal|p1a: Blastoise|76/100|[from] item: Leftovers\n|upkeep\n|turn|2\n|\n|t:|1776035182\n|switch|p2b: Garchomp|Garchomp, L50, M|100/100\n|move|p1b: Gallade|Drain Punch|p2b: Garchomp|[miss]\n|-miss|p1b: Gallade|p2b: Garchomp\n|move|p1a: Blastoise|Flip Turn|p2a: Starmie\n|-resisted|p2a: Starmie|1\n|-damage|p2a: Starmie|73/100\n|\n|t:|1776035194\n|switch|p1a: Chandelure|Chandelure, L50, F, shiny|100/100|[from] Flip Turn\n|move|p2a: Starmie|Skill Swap|p2b: Garchomp\n|-activate|p2a: Starmie|Skill Swap|||[of] p2b: Garchomp\n|\n|-weather|Sandstorm|[upkeep]\n|-damage|p1b: Gallade|66/100|[from] Sandstorm\n|-damage|p1a: Chandelure|95/100|[from] Sandstorm\n|upkeep\n|turn|3\n|\n|t:|1776035208\n|switch|p1a: Ditto|Ditto, L50|100/100\n|-transform|p1a: Ditto|p2b: Garchomp|[from] ability: Imposter\n|move|p1b: Gallade|Protect|p1b: Gallade\n|-singleturn|p1b: Gallade|Protect\n|move|p2b: Garchomp|Rock Slide|p1b: Gallade|[spread] p1a\n|-activate|p1b: Gallade|move: Protect\n|-resisted|p1a: Ditto|1\n|-damage|p1a: Ditto|76/100\n|move|p2a: Starmie|Flip Turn|p1a: Ditto\n|-damage|p1a: Ditto|53/100\n|\n|t:|1776035219\n|switch|p2a: Ceruledge|Ceruledge, L50, M|100/100|[from] Flip Turn\n|\n|-weather|Sandstorm|[upkeep]\n|-damage|p1b: Gallade|60/100|[from] Sandstorm\n|-damage|p2a: Ceruledge|95/100|[from] Sandstorm\n|upkeep\n|turn|4\n|\n|t:|1776035232\n|switch|p1b: Blastoise|Blastoise, L50, F|76/100\n|move|p2b: Garchomp|Protect|p2b: Garchomp\n|-singleturn|p2b: Garchomp|Protect\n|move|p2a: Ceruledge|Swords Dance|p2a: Ceruledge\n|-boost|p2a: Ceruledge|atk|2\n|move|p1a: Ditto|Earthquake|p2b: Garchomp|[spread] p1b,p2a\n|-activate|p2b: Garchomp|move: Protect\n|-supereffective|p2a: Ceruledge|1\n|-damage|p1b: Blastoise|21/100\n|-damage|p2a: Ceruledge|0 fnt\n|faint|p2a: Ceruledge\n|\n|-weather|Sandstorm|[upkeep]\n|-damage|p1b: Blastoise|15/100|[from] Sandstorm\n|-heal|p1b: Blastoise|21/100|[from] item: Leftovers\n|upkeep\n|\n|t:|1776035244\n|switch|p2a: Starmie|Starmie-Mega, L50|73/100\n|turn|5\n|\n|t:|1776035263\n|move|p1b: Blastoise|Fake Out|p2b: Garchomp\n|-damage|p2b: Garchomp|92/100\n|cant|p2b: Garchomp|flinch\n|move|p2a: Starmie|Skill Swap|p1a: Ditto\n|-activate|p2a: Starmie|Skill Swap|Huge Power|Huge Power|[of] p1a: Ditto\n|move|p1a: Ditto|Earthquake|p2b: Garchomp|[spread] p1b,p2a,p2b\n|-damage|p1b: Blastoise|0 fnt\n|-damage|p2a: Starmie|0 fnt\n|-damage|p2b: Garchomp|6/100\n|faint|p1b: Blastoise\n|faint|p2a: Starmie\n|\n|-weather|none\n|-fieldend|move: Trick Room\n|upkeep\n|\n|t:|1776035276\n|switch|p2a: Tyranitar|Tyranitar, L50, F|100/100\n|switch|p1b: Gallade|Gallade, L50, M|60/100\n|-weather|Sandstorm|[from] ability: Sand Stream|[of] p2a: Tyranitar\n|turn|6\n|\n|t:|1776035284\n|move|p2b: Garchomp|Protect|p2b: Garchomp\n|-singleturn|p2b: Garchomp|Protect\n|move|p1b: Gallade|Protect|p1b: Gallade\n|-singleturn|p1b: Gallade|Protect\n|move|p1a: Ditto|Earthquake|p2a: Tyranitar|[spread] p2a\n|-activate|p1b: Gallade|move: Protect\n|-activate|p2b: Garchomp|move: Protect\n|-supereffective|p2a: Tyranitar|1\n|-damage|p2a: Tyranitar|0 fnt\n|faint|p2a: Tyranitar\n|\n|-weather|Sandstorm|[upkeep]\n|-damage|p1b: Gallade|54/100|[from] Sandstorm\n|upkeep\n|turn|7\n|-message|zenny11 forfeited.\n|\n|win|CobaltGameBoy\n|raw|CobaltGameBoy's rating: 1043 &rarr; <strong>1073</strong><br />(+30 for winning)\n|raw|zenny11's rating: 1011 &rarr; <strong>1000</strong><br />(-11 for losing)\n|l|\u2606zenny11\n|player|p2|\n|c|\u2606CobaltGameBoy|Unfortunately for you\n|c|\u2606CobaltGameBoy|I am a WolfeyVGC subscriber\n",
  "uploadtime": 1776035324,
  "views": 29,
  "formatid": "gen9championsvgc2026regma",
  "rating": 1000,
  "private": 0,
  "password": null
}