{
  "id": "gen9championsvgc2026regma-2580599754",
  "format": "[Gen 9 Champions] VGC 2026 Reg M-A",
  "players": [
    "Greningram",
    "rbewho"
  ],
  "log": "|j|\u2606Greningram\n|j|\u2606rbewho\n|t:|1775916870\n|gametype|doubles\n|player|p1|Greningram|lance|1000\n|player|p2|rbewho|ghetsis|1000\n|gen|9\n|tier|[Gen 9 Champions] VGC 2026 Reg M-A\n|rated|\n|rule|Species Clause: Limit one of each Pok\u00e9mon\n|rule|Item Clause: Limit 1 of each item\n|clearpoke\n|poke|p1|Meganium, L50, M|\n|poke|p1|Meowstic, L50, M|\n|poke|p1|Basculegion-F, L50, F|\n|poke|p1|Pelipper, L50, M|\n|poke|p1|Archaludon, L50, M|\n|poke|p1|Maushold-Four, L50|\n|poke|p2|Whimsicott, L50, M|\n|poke|p2|Zoroark-Hisui, L50, F|\n|poke|p2|Kingambit, L50, F|\n|poke|p2|Sinistcha-Masterpiece, L50|\n|poke|p2|Kangaskhan, L50, F|\n|poke|p2|Maushold-Four, L50|\n|teampreview|4\n|inactive|Battle timer is ON: inactive players will automatically lose when time's up. (requested by rbewho)\n|inactive|rbewho has 60 seconds left.\n|\n|t:|1775916919\n|teamsize|p1|4\n|teamsize|p2|4\n|start\n|switch|p1a: Pelipper|Pelipper, L50, M, shiny|100/100\n|switch|p1b: Basculegion|Basculegion-F, L50, F|100/100\n|switch|p2a: Sinistcha|Sinistcha-Masterpiece, L50, shiny|100/100\n|switch|p2b: Kangaskhan|Kangaskhan, L50, F, shiny|100/100\n|-weather|RainDance|[from] ability: Drizzle|[of] p1a: Pelipper\n|turn|1\n|\n|t:|1775916943\n|detailschange|p2b: Kangaskhan|Kangaskhan-Mega, L50, F, shiny\n|-mega|p2b: Kangaskhan|Kangaskhan|Kangaskhanite\n|move|p2b: Kangaskhan|Fake Out|p1a: Pelipper\n|-damage|p1a: Pelipper|69/100\n|-damage|p1a: Pelipper|62/100\n|-hitcount|p1a: Pelipper|2\n|move|p1b: Basculegion|Icy Wind|p2b: Kangaskhan|[spread] p2a,p2b\n|-supereffective|p2a: Sinistcha|1\n|-damage|p2a: Sinistcha|64/100\n|-damage|p2b: Kangaskhan|89/100\n|-unboost|p2a: Sinistcha|spe|1\n|-unboost|p2b: Kangaskhan|spe|1\n|cant|p1a: Pelipper|flinch\n|move|p2a: Sinistcha|Trick Room|p2a: Sinistcha\n|-fieldstart|move: Trick Room|[of] p2a: Sinistcha\n|\n|-weather|RainDance|[upkeep]\n|-heal|p2a: Sinistcha|70/100|[from] item: Leftovers\n|upkeep\n|turn|2\n|inactive|Greningram has 30 seconds left.\n|\n|t:|1775916974\n|move|p2a: Sinistcha|Matcha Gotcha|p1b: Basculegion|[spread] p1a\n|-miss|p2a: Sinistcha|p1b: Basculegion\n|-crit|p1a: Pelipper\n|-damage|p1a: Pelipper|0 fnt\n|-heal|p2a: Sinistcha|98/100|[from] drain|[of] p1a: Pelipper\n|faint|p1a: Pelipper\n|move|p2b: Kangaskhan|Thunder Punch|p1b: Basculegion\n|-supereffective|p1b: Basculegion|1\n|-damage|p1b: Basculegion|36/100\n|-supereffective|p1b: Basculegion|1\n|-damage|p1b: Basculegion|20/100\n|-hitcount|p1b: Basculegion|2\n|move|p1b: Basculegion|Ice Beam|p2a: Sinistcha\n|-supereffective|p2a: Sinistcha|1\n|-damage|p2a: Sinistcha|21/100\n|\n|-weather|RainDance|[upkeep]\n|-heal|p2a: Sinistcha|28/100|[from] item: Leftovers\n|-heal|p1b: Basculegion|27/100|[from] item: Leftovers\n|upkeep\n|\n|t:|1775916992\n|switch|p1a: Archaludon|Archaludon, L50, M|100/100\n|turn|3\n|\n|t:|1775917001\n|switch|p1b: Maushold|Maushold-Four, L50|100/100\n|move|p1a: Archaludon|Protect|p1a: Archaludon\n|-singleturn|p1a: Archaludon|Protect\n|move|p2a: Sinistcha|Matcha Gotcha|p1b: Maushold|[spread] p1b\n|-activate|p1a: Archaludon|move: Protect\n|-damage|p1b: Maushold|56/100\n|-heal|p2a: Sinistcha|50/100|[from] drain|[of] p1b: Maushold\n|move|p2b: Kangaskhan|Drain Punch|p1a: Archaludon\n|-activate|p1a: Archaludon|move: Protect\n|\n|-weather|RainDance|[upkeep]\n|-heal|p2a: Sinistcha|57/100|[from] item: Leftovers\n|upkeep\n|turn|4\n|inactive|Greningram has 30 seconds left.\n|\n|t:|1775917032\n|move|p2a: Sinistcha|Matcha Gotcha|p1b: Maushold|[spread] p1a,p1b\n|-resisted|p1a: Archaludon|2\n|-damage|p1a: Archaludon|94/100\n|-heal|p2a: Sinistcha|60/100|[from] drain|[of] p1a: Archaludon\n|-damage|p1b: Maushold|7/100\n|-heal|p2a: Sinistcha|84/100|[from] drain|[of] p1b: Maushold\n|-ability|p1a: Archaludon|Stamina|boost\n|-boost|p1a: Archaludon|def|1\n|move|p2b: Kangaskhan|Drain Punch|p1a: Archaludon\n|-supereffective|p1a: Archaludon|1\n|-damage|p1a: Archaludon|70/100\n|-heal|p2b: Kangaskhan|99/100|[from] drain|[of] p1a: Archaludon\n|-ability|p1a: Archaludon|Stamina|boost\n|-boost|p1a: Archaludon|def|1\n|-supereffective|p1a: Archaludon|1\n|-damage|p1a: Archaludon|66/100\n|-heal|p2b: Kangaskhan|100/100|[from] drain|[of] p1a: Archaludon\n|-ability|p1a: Archaludon|Stamina|boost\n|-boost|p1a: Archaludon|def|1\n|-hitcount|p1a: Archaludon|2\n|move|p1a: Archaludon|Electro Shot||[still]\n|-prepare|p1a: Archaludon|Electro Shot\n|-boost|p1a: Archaludon|spa|1\n|-anim|p1a: Archaludon|Electro Shot|p2b: Kangaskhan\n|-damage|p2b: Kangaskhan|42/100\n|move|p1b: Maushold|Population Bomb|p1a: Archaludon|[miss]\n|-miss|p1b: Maushold|p1a: Archaludon\n|\n|-weather|RainDance|[upkeep]\n|-heal|p2a: Sinistcha|90/100|[from] item: Leftovers\n|upkeep\n|turn|5\n|inactive|Greningram has 30 seconds left.\n|inactive|rbewho has 30 seconds left.\n|inactive|Greningram has 20 seconds left.\n|inactive|rbewho has 20 seconds left.\n|inactive|Greningram has 15 seconds left.\n|inactive|rbewho has 15 seconds left.\n|inactive|Greningram has 10 seconds left.\n|inactive|rbewho has 10 seconds left.\n|\n|t:|1775917079\n|switch|p2b: Maushold|Maushold-Four, L50, shiny|100/100\n|move|p1a: Archaludon|Protect|p1a: Archaludon\n|-singleturn|p1a: Archaludon|Protect\n|move|p2a: Sinistcha|Matcha Gotcha|p1a: Archaludon|[spread] p1b\n|-activate|p1a: Archaludon|move: Protect\n|-damage|p1b: Maushold|0 fnt\n|-heal|p2a: Sinistcha|94/100|[from] drain|[of] p1b: Maushold\n|faint|p1b: Maushold\n|\n|-weather|none\n|-heal|p2a: Sinistcha|99/100|[from] item: Leftovers\n|-fieldend|move: Trick Room\n|upkeep\n|\n|t:|1775917093\n|switch|p1b: Basculegion|Basculegion-F, L50, F|27/100\n|turn|6\n|inactive|Greningram has 30 seconds left.\n|\n|t:|1775917119\n|move|p2b: Maushold|Follow Me|p2b: Maushold\n|-singleturn|p2b: Maushold|move: Follow Me\n|move|p1b: Basculegion|Shadow Ball|p2b: Maushold\n|-immune|p2b: Maushold\n|move|p1a: Archaludon|Electro Shot||[still]\n|-prepare|p1a: Archaludon|Electro Shot\n|-boost|p1a: Archaludon|spa|1\n|move|p2a: Sinistcha|Trick Room|p2a: Sinistcha\n|-fieldstart|move: Trick Room|[of] p2a: Sinistcha\n|\n|-heal|p2a: Sinistcha|100/100|[from] item: Leftovers\n|-heal|p1b: Basculegion|33/100|[from] item: Leftovers\n|upkeep\n|turn|7\n|\n|t:|1775917138\n|move|p2a: Sinistcha|Matcha Gotcha|p1a: Archaludon|[spread] p1a\n|-miss|p2a: Sinistcha|p1b: Basculegion\n|-resisted|p1a: Archaludon|2\n|-damage|p1a: Archaludon|58/100\n|-ability|p1a: Archaludon|Stamina|boost\n|-boost|p1a: Archaludon|def|1\n|move|p1a: Archaludon|Electro Shot|p2b: Maushold|[from] lockedmove\n|-damage|p2b: Maushold|0 fnt\n|faint|p2b: Maushold\n|move|p1b: Basculegion|Shadow Ball|p2a: Sinistcha\n|-supereffective|p2a: Sinistcha|1\n|-damage|p2a: Sinistcha|0 fnt\n|faint|p2a: Sinistcha\n|\n|-heal|p1b: Basculegion|39/100|[from] item: Leftovers\n|upkeep\n|\n|t:|1775917148\n|switch|p2a: Kingambit|Kingambit, L50, F, shiny|100/100\n|switch|p2b: Kangaskhan|Kangaskhan-Mega, L50, F, shiny|42/100\n|turn|8\n|inactive|Greningram has 30 seconds left.\n|inactive|rbewho has 30 seconds left.\n|inactive|rbewho has 20 seconds left.\n|inactive|rbewho has 15 seconds left.\n|\n|t:|1775917191\n|move|p2a: Kingambit|Kowtow Cleave|p1a: Archaludon\n|-damage|p1a: Archaludon|42/100\n|-ability|p1a: Archaludon|Stamina|boost\n|-boost|p1a: Archaludon|def|1\n|move|p1a: Archaludon|Electro Shot||[still]\n|-prepare|p1a: Archaludon|Electro Shot\n|-boost|p1a: Archaludon|spa|1\n|move|p2b: Kangaskhan|Thunder Punch|p1b: Basculegion\n|-supereffective|p1b: Basculegion|1\n|-damage|p1b: Basculegion|0 fnt\n|faint|p1b: Basculegion\n|-hitcount|p1: Basculegion|1\n|\n|upkeep\n|turn|9\n|\n|t:|1775917202\n|move|p2a: Kingambit|Kowtow Cleave|p1a: Archaludon\n|-damage|p1a: Archaludon|28/100\n|-ability|p1a: Archaludon|Stamina|boost\n|-boost|p1a: Archaludon|def|1\n|move|p1a: Archaludon|Electro Shot|p2b: Kangaskhan|[from] lockedmove\n|-damage|p2b: Kangaskhan|0 fnt\n|faint|p2b: Kangaskhan\n|\n|upkeep\n|turn|10\n|\n|t:|1775917216\n|move|p2a: Kingambit|Kowtow Cleave|p1a: Archaludon\n|-damage|p1a: Archaludon|17/100\n|move|p1a: Archaludon|Electro Shot||[still]\n|-prepare|p1a: Archaludon|Electro Shot\n|-boost|p1a: Archaludon|spa|1\n|\n|-fieldend|move: Trick Room\n|upkeep\n|turn|11\n|\n|t:|1775917224\n|move|p2a: Kingambit|Protect|p2a: Kingambit\n|-singleturn|p2a: Kingambit|Protect\n|move|p1a: Archaludon|Electro Shot|p2a: Kingambit|[from] lockedmove\n|-activate|p2a: Kingambit|move: Protect\n|\n|upkeep\n|turn|12\n|\n|t:|1775917234\n|move|p1a: Archaludon|Dragon Pulse|p2a: Kingambit\n|-resisted|p2a: Kingambit|1\n|-damage|p2a: Kingambit|21/100\n|move|p2a: Kingambit|Kowtow Cleave|p1a: Archaludon\n|-damage|p1a: Archaludon|6/100\n|\n|upkeep\n|turn|13\n|\n|t:|1775917241\n|move|p2a: Kingambit|Sucker Punch|p1a: Archaludon\n|-crit|p1a: Archaludon\n|-damage|p1a: Archaludon|0 fnt\n|faint|p1a: Archaludon\n|\n|win|rbewho\n|raw|Greningram's rating: 1000 &rarr; <strong>1000</strong><br />(+0 for losing)\n|raw|rbewho's rating: 1000 &rarr; <strong>1040</strong><br />(+40 for winning)\n|c|\u2606Greningram|no way\n",
  "uploadtime": 1775917247,
  "views": 21,
  "formatid": "gen9championsvgc2026regma",
  "rating": 1000,
  "private": 0,
  "password": null
}