{
  "id": "gen9championsvgc2026regma-2583158899",
  "format": "[Gen 9 Champions] VGC 2026 Reg M-A",
  "players": [
    "apexdesu",
    "konapuppy"
  ],
  "log": "|j|\u2606apexdesu\n|j|\u2606konapuppy\n|t:|1776149176\n|gametype|doubles\n|player|p1|apexdesu|cowgirl|1078\n|player|p2|konapuppy|clair|1106\n|gen|9\n|tier|[Gen 9 Champions] VGC 2026 Reg M-A\n|rated|\n|rule|Species Clause: Limit one of each Pok\u00e9mon\n|rule|Item Clause: Limit 1 of each item\n|clearpoke\n|poke|p1|Incineroar, L50, M|\n|poke|p1|Farigiraf, L50, M|\n|poke|p1|Torkoal, L50, F|\n|poke|p1|Camerupt, L50, M|\n|poke|p1|Sinistcha, L50|\n|poke|p1|Crabominable, L50, F|\n|poke|p2|Dragonite, L50, M|\n|poke|p2|Basculegion, L50, M|\n|poke|p2|Pelipper, L50, F|\n|poke|p2|Archaludon, L50, M|\n|poke|p2|Whimsicott, L50, F|\n|poke|p2|Orthworm, L50, F|\n|teampreview|4\n|l|\u2606apexdesu\n|player|p1|\nkonapuppy has agreed to open team sheets.\n|j|\u2606apexdesu\n|player|p1|apexdesu|cowgirl|\n|\n|t:|1776149202\n|teamsize|p1|4\n|teamsize|p2|4\n|start\n|switch|p1a: Incineroar|Incineroar, L50, M|100/100\n|switch|p1b: Farigiraf|Farigiraf, L50, M|100/100\n|switch|p2a: Basculegion|Basculegion, L50, M, shiny|100/100\n|switch|p2b: Pelipper|Pelipper, L50, F, shiny|100/100\n|-weather|RainDance|[from] ability: Drizzle|[of] p2b: Pelipper\n|-ability|p1a: Incineroar|Intimidate|boost\n|-unboost|p2a: Basculegion|atk|1\n|-unboost|p2b: Pelipper|atk|1\n|turn|1\n|\n|t:|1776149245\n|move|p1a: Incineroar|Fake Out|p2b: Pelipper\n|-damage|p2b: Pelipper|82/100\n|move|p2a: Basculegion|Liquidation|p1b: Farigiraf\n|-damage|p1b: Farigiraf|53/100\n|cant|p2b: Pelipper|flinch\n|move|p1b: Farigiraf|Trick Room|p1b: Farigiraf\n|-fieldstart|move: Trick Room|[of] p1b: Farigiraf\n|\n|-weather|RainDance|[upkeep]\n|upkeep\n|turn|2\n|\n|t:|1776149290\n|move|p1a: Incineroar|Helping Hand|p1b: Farigiraf\n|-singleturn|p1b: Farigiraf|Helping Hand|[of] p1a: Incineroar\n|move|p2a: Basculegion|Protect|p2a: Basculegion\n|-singleturn|p2a: Basculegion|Protect\n|move|p1b: Farigiraf|Psychic|p2b: Pelipper\n|-crit|p2b: Pelipper\n|-damage|p2b: Pelipper|0 fnt\n|faint|p2b: Pelipper\n|\n|-weather|RainDance|[upkeep]\n|upkeep\n|\n|t:|1776149304\n|switch|p2b: Dragonite|Dragonite, L50, M, shiny|100/100\n|turn|3\n|\n|t:|1776149317\n|switch|p1b: Camerupt|Camerupt, L50, M|100/100\n|detailschange|p2b: Dragonite|Dragonite-Mega, L50, M, shiny\n|-mega|p2b: Dragonite|Dragonite|Dragoninite\n|move|p2b: Dragonite|Protect|p2b: Dragonite\n|-singleturn|p2b: Dragonite|Protect\n|move|p2a: Basculegion|Aqua Jet|p1a: Incineroar\n|-supereffective|p1a: Incineroar|1\n|-damage|p1a: Incineroar|52/100\n|move|p1a: Incineroar|Parting Shot|p2b: Dragonite\n|-activate|p2b: Dragonite|move: Protect\n|\n|-weather|RainDance|[upkeep]\n|upkeep\n|turn|4\n|\n|t:|1776149362\n|detailschange|p1b: Camerupt|Camerupt-Mega, L50, M\n|-mega|p1b: Camerupt|Camerupt|Cameruptite\n|move|p1b: Camerupt|Earth Power|p2a: Basculegion\n|-crit|p2a: Basculegion\n|-damage|p2a: Basculegion|0 fnt\n|faint|p2a: Basculegion\n|move|p1a: Incineroar|Parting Shot|p2b: Dragonite\n|-unboost|p2b: Dragonite|atk|1\n|-unboost|p2b: Dragonite|spa|1\n|\n|t:|1776149371\n|switch|p1a: Torkoal|Torkoal, L50, F|100/100|[from] Parting Shot\n|-weather|SunnyDay|[from] ability: Drought|[of] p1a: Torkoal\n|move|p2b: Dragonite|Hurricane|p1a: Torkoal\n|-damage|p1a: Torkoal|39/100\n|\n|-weather|SunnyDay|[upkeep]\n|upkeep\n|\n|t:|1776149378\n|switch|p2a: Orthworm|Orthworm, L50, F, shiny|100/100\n|turn|5\n|\n|t:|1776149389\n|move|p1b: Camerupt|Eruption|p2b: Dragonite|[spread] p2a,p2b\n|-supereffective|p2a: Orthworm|1\n|-resisted|p2b: Dragonite|1\n|-damage|p2a: Orthworm|0 fnt\n|-damage|p2b: Dragonite|81/100\n|faint|p2a: Orthworm\n|move|p1a: Torkoal|Heat Wave|p2b: Dragonite\n|-resisted|p2b: Dragonite|1\n|-damage|p2b: Dragonite|56/100\n|-status|p2b: Dragonite|brn\n|move|p2b: Dragonite|Tailwind|p2b: Dragonite\n|-sidestart|p2: konapuppy|move: Tailwind\n|\n|-weather|SunnyDay|[upkeep]\n|-damage|p2b: Dragonite|50/100 brn|[from] brn\n|-fieldend|move: Trick Room\n|upkeep\n|turn|6\n|\n|t:|1776149409\n|move|p1b: Camerupt|Protect|p1b: Camerupt\n|-singleturn|p1b: Camerupt|Protect\n|move|p1a: Torkoal|Protect|p1a: Torkoal\n|-singleturn|p1a: Torkoal|Protect\n|move|p2b: Dragonite|Hurricane|p1a: Torkoal\n|-activate|p1a: Torkoal|move: Protect\n|\n|-weather|SunnyDay|[upkeep]\n|-damage|p2b: Dragonite|44/100 brn|[from] brn\n|upkeep\n|turn|7\n|-message|konapuppy forfeited.\n|\n|win|apexdesu\n|raw|apexdesu's rating: 1078 &rarr; <strong>1109</strong><br />(+31 for winning)\n|raw|konapuppy's rating: 1106 &rarr; <strong>1079</strong><br />(-27 for losing)\n|l|\u2606konapuppy\n|player|p2|\n",
  "uploadtime": 1776149422,
  "views": 16,
  "formatid": "gen9championsvgc2026regma",
  "rating": 1079,
  "private": 0,
  "password": null
}