{
  "id": "gen9championsvgc2026regma-2583633414",
  "format": "[Gen 9 Champions] VGC 2026 Reg M-A",
  "players": [
    "educon001",
    "henitusec"
  ],
  "log": "|j|\u203deducon001\n|j|\u2606henitusec\n|t:|1776187762\n|gametype|doubles\n|player|p1|educon001|101|1119\n|player|p2|henitusec|diantha|1105\n|gen|9\n|tier|[Gen 9 Champions] VGC 2026 Reg M-A\n|rated|\n|rule|Species Clause: Limit one of each Pok\u00e9mon\n|rule|Item Clause: Limit 1 of each item\n|clearpoke\n|poke|p1|Garchomp, L50, F|\n|poke|p1|Medicham, L50, M|\n|poke|p1|Sableye, L50, F|\n|poke|p1|Talonflame, L50, M|\n|poke|p2|Gardevoir, L50, F|\n|poke|p2|Aegislash, L50, M|\n|poke|p2|Incineroar, L50, M|\n|poke|p2|Vivillon-Polar, L50, F|\n|poke|p2|Whimsicott, L50, F|\n|poke|p2|Tauros-Paldea-Aqua, L50, M|\n|teampreview|4\n|inactive|Battle timer is ON: inactive players will automatically lose when time's up. (requested by henitusec)\n|inactive|educon001 also wants the timer to be on.\n|\n|t:|1776187778\n|teamsize|p1|4\n|teamsize|p2|4\n|start\n|switch|p1a: Garchomp|Garchomp, L50, F|100/100\n|switch|p1b: Talonflame|Talonflame, L50, M|100/100\n|switch|p2a: Incineroar|Incineroar, L50, M|100/100\n|switch|p2b: Tauros|Tauros-Paldea-Aqua, L50, M|100/100\n|-ability|p2b: Tauros|Intimidate|boost\n|-unboost|p1a: Garchomp|atk|1\n|-unboost|p1b: Talonflame|atk|1\n|-ability|p2a: Incineroar|Intimidate|boost\n|-unboost|p1a: Garchomp|atk|1\n|-unboost|p1b: Talonflame|atk|1\n|turn|1\n|\n|t:|1776187807\n|switch|p1a: Sableye|Sableye, L50, F|100/100\n|move|p1b: Talonflame|Protect|p1b: Talonflame\n|-singleturn|p1b: Talonflame|Protect\n|move|p2a: Incineroar|Fake Out|p1b: Talonflame\n|-activate|p1b: Talonflame|move: Protect\n|move|p2b: Tauros|Wave Crash|p1b: Talonflame\n|-activate|p1b: Talonflame|move: Protect\n|\n|upkeep\n|turn|2\n|\n|t:|1776187819\n|move|p1a: Sableye|Fake Out|p2b: Tauros\n|-damage|p2b: Tauros|93/100\n|move|p1b: Talonflame|Tailwind|p1b: Talonflame\n|-sidestart|p1: educon001|move: Tailwind\n|cant|p2b: Tauros|flinch\n|move|p2a: Incineroar|Flare Blitz|p1a: Sableye\n|-damage|p1a: Sableye|36/100\n|-damage|p2a: Incineroar|84/100|[from] Recoil\n|\n|upkeep\n|turn|3\n|\n|t:|1776187835\n|switch|p1b: Medicham|Medicham, L50, M|100/100\n|move|p1a: Sableye|Gravity|p1a: Sableye\n|-fieldstart|move: Gravity\n|move|p2b: Tauros|Aqua Jet|p1b: Medicham\n|-damage|p1b: Medicham|67/100\n|move|p2a: Incineroar|Flare Blitz|p1a: Sableye\n|-damage|p1a: Sableye|0 fnt\n|faint|p1a: Sableye\n|-damage|p2a: Incineroar|75/100|[from] Recoil\n|\n|upkeep\n|\n|t:|1776187843\n|switch|p1a: Garchomp|Garchomp, L50, F|100/100\n|turn|4\n|inactive|educon001 has 30 seconds left.\n|\n|t:|1776187871\n|detailschange|p1a: Garchomp|Garchomp-Mega, L50, F\n|-mega|p1a: Garchomp|Garchomp|Garchompite\n|move|p2b: Tauros|Protect|p2b: Tauros\n|-singleturn|p2b: Tauros|Protect\n|move|p1b: Medicham|Skill Swap|p1a: Garchomp\n|-activate|p1b: Medicham|Skill Swap|||[of] p1a: Garchomp\n|move|p1a: Garchomp|Dragon Claw|p2b: Tauros\n|-activate|p2b: Tauros|move: Protect\n|move|p2a: Incineroar|Parting Shot|p1b: Medicham\n|-unboost|p1b: Medicham|atk|1\n|-unboost|p1b: Medicham|spa|1\n|\n|t:|1776187884\n|switch|p2a: Whimsicott|Whimsicott, L50, F|100/100|[from] Parting Shot\n|\n|upkeep\n|turn|5\n|\n|t:|1776187902\n|move|p2a: Whimsicott|Tailwind|p2a: Whimsicott\n|-sidestart|p2: henitusec|move: Tailwind\n|move|p1b: Medicham|Coaching|p1a: Garchomp\n|-boost|p1a: Garchomp|atk|1\n|-boost|p1a: Garchomp|def|1\n|move|p1a: Garchomp|Iron Head|p2a: Whimsicott\n|-supereffective|p2a: Whimsicott|1\n|-damage|p2a: Whimsicott|0 fnt\n|faint|p2a: Whimsicott\n|move|p2b: Tauros|Wave Crash|p1a: Garchomp\n|-damage|p1a: Garchomp|63/100\n|-damage|p2b: Tauros|81/100|[from] Recoil\n|\n|-sideend|p1: educon001|move: Tailwind\n|upkeep\n|\n|t:|1776187914\n|switch|p2a: Gardevoir|Gardevoir, L50, F, shiny|100/100\n|-ability|p2a: Gardevoir|Pure Power|Trace|[from] ability: Trace|[of] p1a: Garchomp\n|turn|6\n|\n|t:|1776187927\n|detailschange|p2a: Gardevoir|Gardevoir-Mega, L50, F, shiny\n|-mega|p2a: Gardevoir|Gardevoir|Gardevoirite\n|move|p2a: Gardevoir|Hyper Voice|p1b: Medicham|[spread] p1a,p1b\n|-supereffective|p1a: Garchomp|1\n|-supereffective|p1b: Medicham|1\n|-crit|p1b: Medicham\n|-damage|p1a: Garchomp|0 fnt\n|-damage|p1b: Medicham|0 fnt\n|faint|p1a: Garchomp\n|faint|p1b: Medicham\n|move|p2b: Tauros|Wave Crash|p1: Garchomp|[notarget]\n|-fail|p2b: Tauros\n|\n|upkeep\n|-message|educon001 forfeited.\n|\n|win|henitusec\n|raw|educon001's rating: 1119 &rarr; <strong>1093</strong><br />(-26 for losing)\n|raw|henitusec's rating: 1105 &rarr; <strong>1131</strong><br />(+26 for winning)\n|l|\u203deducon001\n|player|p1|\n",
  "uploadtime": 1776187938,
  "views": 14,
  "formatid": "gen9championsvgc2026regma",
  "rating": 1093,
  "private": 0,
  "password": null
}