{
  "id": "gen9championsvgc2026regma-2584167683",
  "format": "[Gen 9 Champions] VGC 2026 Reg M-A",
  "players": [
    "Ahelo",
    "sorzee"
  ],
  "log": "|j|\u2606Ahelo\n|j|\u2606sorzee\n|t:|1776233395\n|gametype|doubles\n|player|p1|Ahelo|red|1041\n|player|p2|sorzee|brawly|1026\n|gen|9\n|tier|[Gen 9 Champions] VGC 2026 Reg M-A\n|rated|\n|rule|Species Clause: Limit one of each Pok\u00e9mon\n|rule|Item Clause: Limit 1 of each item\n|clearpoke\n|poke|p1|Pelipper, L50, M|\n|poke|p1|Glimmora, L50, M|\n|poke|p1|Palafin, L50, M|\n|poke|p1|Umbreon, L50, M|\n|poke|p1|Decidueye-Hisui, L50, M|\n|poke|p1|Kommo-o, L50, M|\n|poke|p2|Sneasler, L50, M|\n|poke|p2|Dragapult, L50, F|\n|poke|p2|Empoleon, L50, F|\n|poke|p2|Sinistcha, L50|\n|poke|p2|Incineroar, L50, F|\n|poke|p2|Pidgeot, L50, F|\n|teampreview|4\n|\n|t:|1776233446\n|teamsize|p1|4\n|teamsize|p2|4\n|start\n|switch|p1a: Palafin|Palafin, L50, M|100/100\n|switch|p1b: Glimmora|Glimmora, L50, M|100/100\n|switch|p2a: Incineroar|Incineroar, L50, F|100/100\n|switch|p2b: Sneasler|Sneasler, L50, M|100/100\n|-ability|p2a: Incineroar|Intimidate|boost\n|-unboost|p1a: Palafin|atk|1\n|-unboost|p1b: Glimmora|atk|1\n|turn|1\n|\n|t:|1776233474\n|detailschange|p1a: Palafin|Palafin-Hero, L50, M\n|switch|p1a: Kommo-o|Kommo-o, L50, M|100/100\n|move|p1b: Glimmora|Spiky Shield|p1b: Glimmora\n|-singleturn|p1b: Glimmora|move: Protect\n|move|p2a: Incineroar|Fake Out|p1a: Kommo-o\n|-damage|p1a: Kommo-o|88/100\n|move|p2b: Sneasler|Close Combat|p1b: Glimmora\n|-activate|p1b: Glimmora|move: Protect\n|-damage|p2b: Sneasler|88/100|[from] Spiky Shield|[of] p1b: Glimmora\n|\n|upkeep\n|turn|2\n|\n|t:|1776233517\n|switch|p2a: Sinistcha|Sinistcha, L50|100/100\n|-heal|p2b: Sneasler|100/100|[from] ability: Hospitality|[of] p2a: Sinistcha\n|detailschange|p1b: Glimmora|Glimmora-Mega, L50, M\n|-mega|p1b: Glimmora|Glimmora|Glimmoranite\n|move|p2b: Sneasler|Protect|p2b: Sneasler\n|-singleturn|p2b: Sneasler|Protect\n|move|p1b: Glimmora|Earth Power|p2b: Sneasler\n|-activate|p2b: Sneasler|move: Protect\n|move|p1a: Kommo-o|Clangorous Soul|p1a: Kommo-o\n|-boost|p1a: Kommo-o|atk|1\n|-boost|p1a: Kommo-o|def|1\n|-boost|p1a: Kommo-o|spa|1\n|-boost|p1a: Kommo-o|spd|1\n|-boost|p1a: Kommo-o|spe|1\n|-damage|p1a: Kommo-o|56/100\n|\n|upkeep\n|turn|3\n|\n|t:|1776233547\n|switch|p2b: Incineroar|Incineroar, L50, F|100/100\n|-ability|p2b: Incineroar|Intimidate|boost\n|-unboost|p1a: Kommo-o|atk|1\n|-unboost|p1b: Glimmora|atk|1\n|move|p1b: Glimmora|Spiky Shield|p1b: Glimmora\n|-singleturn|p1b: Glimmora|move: Protect\n|move|p1a: Kommo-o|Clanging Scales|p2a: Sinistcha|[spread] p2a,p2b\n|-damage|p2a: Sinistcha|43/100\n|-damage|p2b: Incineroar|58/100\n|-enditem|p2a: Sinistcha|Sitrus Berry|[eat]\n|-heal|p2a: Sinistcha|68/100|[from] item: Sitrus Berry\n|-unboost|p1a: Kommo-o|def|1\n|move|p2a: Sinistcha|Matcha Gotcha|p1a: Kommo-o|[spread] p1a\n|-activate|p1b: Glimmora|move: Protect\n|-resisted|p1a: Kommo-o|1\n|-damage|p1a: Kommo-o|45/100\n|-heal|p2a: Sinistcha|72/100|[from] drain|[of] p1a: Kommo-o\n|\n|upkeep\n|turn|4\n|\n|t:|1776233580\n|move|p2a: Sinistcha|Protect|p2a: Sinistcha\n|-singleturn|p2a: Sinistcha|Protect\n|move|p2b: Incineroar|Fake Out|p1a: Kommo-o\n|-crit|p1a: Kommo-o\n|-damage|p1a: Kommo-o|26/100\n|cant|p1a: Kommo-o|flinch\n|move|p1b: Glimmora|Sludge Wave|p2a: Sinistcha|[spread] p1a,p2b\n|-activate|p2a: Sinistcha|move: Protect\n|-crit|p1a: Kommo-o\n|-damage|p1a: Kommo-o|0 fnt\n|-damage|p2b: Incineroar|13/100\n|faint|p1a: Kommo-o\n|\n|upkeep\n|\n|t:|1776233590\n|switch|p1a: Umbreon|Umbreon, L50, M, shiny|100/100\n|turn|5\n|\n|t:|1776233609\n|move|p1a: Umbreon|Helping Hand|p1b: Glimmora\n|-singleturn|p1b: Glimmora|Helping Hand|[of] p1a: Umbreon\n|move|p1b: Glimmora|Sludge Wave|p2b: Incineroar|[spread] p1a,p2a,p2b\n|-damage|p1a: Umbreon|51/100\n|-damage|p2a: Sinistcha|0 fnt\n|-damage|p2b: Incineroar|0 fnt\n|faint|p2a: Sinistcha\n|faint|p2b: Incineroar\n|\n|upkeep\n|\n|t:|1776233619\n|switch|p2b: Dragapult|Dragapult, L50, F|100/100\n|switch|p2a: Sneasler|Sneasler, L50, M|100/100\n|turn|6\n|inactive|Battle timer is ON: inactive players will automatically lose when time's up. (requested by Ahelo)\n|\n|t:|1776233656\n|move|p1b: Glimmora|Spiky Shield|p1b: Glimmora\n|-singleturn|p1b: Glimmora|move: Protect\n|move|p1a: Umbreon|Protect|p1a: Umbreon\n|-singleturn|p1a: Umbreon|Protect\n|move|p2b: Dragapult|Dragon Darts|p1b: Glimmora\n|-activate|p1a: Umbreon|move: Protect\n|move|p2a: Sneasler|Rock Slide|p1b: Glimmora|[spread] \n|-activate|p1a: Umbreon|move: Protect\n|-activate|p1b: Glimmora|move: Protect\n|\n|upkeep\n|turn|7\n|\n|t:|1776233675\n|move|p1a: Umbreon|Helping Hand|p1b: Glimmora\n|-singleturn|p1b: Glimmora|Helping Hand|[of] p1a: Umbreon\n|move|p2b: Dragapult|Dragon Darts|p1b: Glimmora\n|-damage|p1b: Glimmora|70/100\n|-anim|p2b: Dragapult|Dragon Darts|p1a: Umbreon\n|-damage|p1a: Umbreon|33/100\n|-enditem|p1a: Umbreon|Sitrus Berry|[eat]\n|-heal|p1a: Umbreon|58/100|[from] item: Sitrus Berry\n|move|p2a: Sneasler|Close Combat|p1a: Umbreon\n|-supereffective|p1a: Umbreon|1\n|-damage|p1a: Umbreon|0 fnt\n|-unboost|p2a: Sneasler|def|1\n|-unboost|p2a: Sneasler|spd|1\n|faint|p1a: Umbreon\n|-enditem|p2a: Sneasler|White Herb\n|-clearnegativeboost|p2a: Sneasler|[silent]\n|move|p1b: Glimmora|Earth Power|p2a: Sneasler\n|-supereffective|p2a: Sneasler|1\n|-damage|p2a: Sneasler|0 fnt\n|faint|p2a: Sneasler\n|\n|upkeep\n|\n|t:|1776233681\n|switch|p1a: Palafin|Palafin-Hero, L50, M|100/100\n|-activate|p1a: Palafin|ability: Zero to Hero\n|turn|8\n|\n|t:|1776233697\n|move|p2b: Dragapult|Dragon Darts|p1a: Palafin\n|-damage|p1a: Palafin|73/100\n|-anim|p2b: Dragapult|Dragon Darts|p1b: Glimmora\n|-damage|p1b: Glimmora|45/100\n|move|p1a: Palafin|Ice Punch|p2b: Dragapult\n|-supereffective|p2b: Dragapult|1\n|-damage|p2b: Dragapult|17/100\n|move|p1b: Glimmora|Power Gem|p2b: Dragapult\n|-damage|p2b: Dragapult|0 fnt\n|faint|p2b: Dragapult\n|\n|win|Ahelo\n|raw|Ahelo's rating: 1041 &rarr; <strong>1073</strong><br />(+32 for winning)\n|raw|sorzee's rating: 1026 &rarr; <strong>1013</strong><br />(-13 for losing)\n",
  "uploadtime": 1776233705,
  "views": 36,
  "formatid": "gen9championsvgc2026regma",
  "rating": 1013,
  "private": 0,
  "password": null
}