{
  "id": "gen9championsvgc2026regma-2584559689",
  "format": "[Gen 9 Champions] VGC 2026 Reg M-A",
  "players": [
    "ferranbrr",
    "thealex610"
  ],
  "log": "|j|\u2606ferranbrr\n|j|\u2606thealex610\n|t:|1776268750\n|gametype|doubles\n|player|p1|ferranbrr|265|1203\n|player|p2|thealex610|101|1116\n|gen|9\n|tier|[Gen 9 Champions] VGC 2026 Reg M-A\n|rated|\n|rule|Species Clause: Limit one of each Pok\u00e9mon\n|rule|Item Clause: Limit 1 of each item\n|clearpoke\n|poke|p1|Kingambit, L50, M|\n|poke|p1|Dragonite, L50, F|\n|poke|p1|Sneasler, L50, F|\n|poke|p1|Venusaur, L50, M|\n|poke|p1|Incineroar, L50, M|\n|poke|p1|Basculegion, L50, M|\n|poke|p2|Sneasler, L50, M|\n|poke|p2|Talonflame, L50, F|\n|poke|p2|Milotic, L50, F|\n|poke|p2|Aegislash, L50, F|\n|poke|p2|Scizor, L50, F|\n|poke|p2|Tyranitar, L50, F|\n|teampreview|4\n|\n|t:|1776268792\n|teamsize|p1|4\n|teamsize|p2|4\n|start\n|switch|p1a: Sneasler|Sneasler, L50, F|100/100\n|switch|p1b: Basculegion|Basculegion, L50, M|100/100\n|switch|p2a: Sneasler|Sneasler, L50, M|100/100\n|switch|p2b: Milotic|Milotic, L50, F|100/100\n|turn|1\n|\n|t:|1776268811\n|move|p1a: Sneasler|Protect|p1a: Sneasler\n|-singleturn|p1a: Sneasler|Protect\n|move|p1b: Basculegion|Flip Turn|p2a: Sneasler\n|-damage|p2a: Sneasler|35/100\n|\n|t:|1776268817\n|switch|p1b: Venusaur|Venusaur, L50, M|100/100|[from] Flip Turn\n|move|p2a: Sneasler|Close Combat|p1a: Sneasler\n|-activate|p1a: Sneasler|move: Protect\n|move|p2b: Milotic|Icy Wind|p1b: Venusaur|[spread] p1b\n|-activate|p1a: Sneasler|move: Protect\n|-supereffective|p1b: Venusaur|1\n|-damage|p1b: Venusaur|77/100\n|-unboost|p1b: Venusaur|spe|1\n|\n|upkeep\n|turn|2\n|\n|t:|1776268848\n|switch|p2a: Aegislash|Aegislash, L50, F|100/100\n|detailschange|p1b: Venusaur|Venusaur-Mega, L50, M\n|-mega|p1b: Venusaur|Venusaur|Venusaurite\n|move|p2b: Milotic|Protect|p2b: Milotic\n|-singleturn|p2b: Milotic|Protect\n|move|p1a: Sneasler|Close Combat|p2a: Aegislash\n|-immune|p2a: Aegislash\n|move|p1b: Venusaur|Leech Seed|p2b: Milotic\n|-activate|p2b: Milotic|move: Protect\n|\n|upkeep\n|turn|3\n|\n|t:|1776268878\n|move|p1a: Sneasler|Protect|p1a: Sneasler\n|-singleturn|p1a: Sneasler|Protect\n|-formechange|p2a: Aegislash|Aegislash-Blade|\n|move|p2a: Aegislash|Shadow Sneak|p1b: Venusaur\n|-damage|p1b: Venusaur|62/100\n|move|p2b: Milotic|Scald|p1b: Venusaur\n|-resisted|p1b: Venusaur|1\n|-damage|p1b: Venusaur|48/100\n|move|p1b: Venusaur|Leech Seed|p2b: Milotic\n|-start|p2b: Milotic|move: Leech Seed\n|\n|-damage|p2b: Milotic|88/100|[from] Leech Seed|[of] p1b: Venusaur\n|-heal|p1b: Venusaur|60/100|[silent]\n|upkeep\n|turn|4\n|\n|t:|1776268905\n|switch|p1a: Incineroar|Incineroar, L50, M|100/100\n|-ability|p1a: Incineroar|Intimidate|boost\n|-unboost|p2a: Aegislash|atk|1\n|-unboost|p2b: Milotic|atk|1\n|-ability|p2b: Milotic|Competitive|boost\n|-boost|p2b: Milotic|spa|2\n|switch|p2b: Tyranitar|Tyranitar, L50, F|100/100\n|-weather|Sandstorm|[from] ability: Sand Stream|[of] p2b: Tyranitar\n|move|p1b: Venusaur|Protect|p1b: Venusaur\n|-singleturn|p1b: Venusaur|Protect\n|move|p2a: Aegislash|Sacred Sword|p1a: Incineroar\n|-supereffective|p1a: Incineroar|1\n|-damage|p1a: Incineroar|70/100\n|\n|-weather|Sandstorm|[upkeep]\n|-damage|p1a: Incineroar|64/100|[from] Sandstorm\n|-damage|p1b: Venusaur|54/100|[from] Sandstorm\n|upkeep\n|turn|5\n|\n|t:|1776268944\n|move|p2b: Tyranitar|Rock Slide|p1b: Venusaur|[spread] p1a,p1b\n|-supereffective|p1a: Incineroar|1\n|-damage|p1a: Incineroar|15/100\n|-damage|p1b: Venusaur|27/100\n|move|p1a: Incineroar|Parting Shot|p2a: Aegislash\n|-unboost|p2a: Aegislash|atk|1\n|-unboost|p2a: Aegislash|spa|1\n|\n|t:|1776268951\n|switch|p1a: Basculegion|Basculegion, L50, M|100/100|[from] Parting Shot\n|move|p1b: Venusaur|Earth Power|p2b: Tyranitar\n|-supereffective|p2b: Tyranitar|1\n|-crit|p2b: Tyranitar\n|-damage|p2b: Tyranitar|47/100\n|move|p2a: Aegislash|Sacred Sword|p1a: Basculegion\n|-immune|p1a: Basculegion\n|\n|-weather|Sandstorm|[upkeep]\n|-damage|p1a: Basculegion|94/100|[from] Sandstorm\n|-damage|p1b: Venusaur|20/100|[from] Sandstorm\n|upkeep\n|turn|6\n|\n|t:|1776268991\n|switch|p2b: Milotic|Milotic, L50, F|88/100\n|move|p2a: Aegislash|Shadow Sneak|p1b: Venusaur\n|-damage|p1b: Venusaur|12/100\n|move|p1a: Basculegion|Flip Turn|p2a: Aegislash\n|-crit|p2a: Aegislash\n|-damage|p2a: Aegislash|15/100\n|\n|t:|1776268999\n|switch|p1a: Sneasler|Sneasler, L50, F|100/100|[from] Flip Turn\n|move|p1b: Venusaur|Earth Power|p2a: Aegislash\n|-supereffective|p2a: Aegislash|1\n|-damage|p2a: Aegislash|0 fnt\n|faint|p2a: Aegislash\n|\n|-weather|Sandstorm|[upkeep]\n|-damage|p1a: Sneasler|95/100|[from] Sandstorm\n|-damage|p2b: Milotic|82/100|[from] Sandstorm\n|-damage|p1b: Venusaur|5/100|[from] Sandstorm\n|upkeep\n|\n|t:|1776269014\n|switch|p2a: Sneasler|Sneasler, L50, M|35/100\n|turn|7\n|\n|t:|1776269031\n|move|p2b: Milotic|Protect|p2b: Milotic\n|-singleturn|p2b: Milotic|Protect\n|move|p2a: Sneasler|Fake Out|p1b: Venusaur\n|-damage|p1b: Venusaur|0 fnt\n|faint|p1b: Venusaur\n|move|p1a: Sneasler|Close Combat|p2a: Sneasler\n|-resisted|p2a: Sneasler|1\n|-damage|p2a: Sneasler|0 fnt\n|-unboost|p1a: Sneasler|def|1\n|-unboost|p1a: Sneasler|spd|1\n|faint|p2a: Sneasler\n|\n|-weather|Sandstorm|[upkeep]\n|-damage|p1a: Sneasler|89/100|[from] Sandstorm\n|-damage|p2b: Milotic|76/100|[from] Sandstorm\n|upkeep\n|\n|t:|1776269050\n|switch|p2a: Tyranitar|Tyranitar, L50, F|47/100\n|switch|p1b: Basculegion|Basculegion, L50, M|94/100\n|turn|8\n|\n|t:|1776269064\n|move|p1a: Sneasler|Protect|p1a: Sneasler\n|-singleturn|p1a: Sneasler|Protect\n|move|p2a: Tyranitar|Protect|p2a: Tyranitar\n|-singleturn|p2a: Tyranitar|Protect\n|move|p1b: Basculegion|Flip Turn|p2b: Milotic\n|-resisted|p2b: Milotic|1\n|-damage|p2b: Milotic|50/100\n|\n|t:|1776269072\n|switch|p1b: Incineroar|Incineroar, L50, M|15/100|[from] Flip Turn\n|-ability|p1b: Incineroar|Intimidate|boost\n|-unboost|p2a: Tyranitar|atk|1\n|-unboost|p2b: Milotic|atk|1\n|-ability|p2b: Milotic|Competitive|boost\n|-boost|p2b: Milotic|spa|2\n|move|p2b: Milotic|Icy Wind|p1b: Incineroar|[spread] p1b\n|-activate|p1a: Sneasler|move: Protect\n|-resisted|p1b: Incineroar|1\n|-damage|p1b: Incineroar|4/100\n|-unboost|p1b: Incineroar|spe|1\n|\n|-weather|none\n|upkeep\n|turn|9\n|\n|t:|1776269100\n|detailschange|p2a: Tyranitar|Tyranitar-Mega, L50, F\n|-mega|p2a: Tyranitar|Tyranitar|Tyranitarite\n|-weather|Sandstorm|[from] ability: Sand Stream|[of] p2a: Tyranitar\n|move|p1b: Incineroar|Fake Out|p2b: Milotic\n|-damage|p2b: Milotic|37/100\n|move|p1a: Sneasler|Close Combat|p2a: Tyranitar\n|-supereffective|p2a: Tyranitar|2\n|-damage|p2a: Tyranitar|0 fnt\n|-unboost|p1a: Sneasler|def|1\n|-unboost|p1a: Sneasler|spd|1\n|faint|p2a: Tyranitar\n|cant|p2b: Milotic|flinch\n|\n|-weather|Sandstorm|[upkeep]\n|-damage|p1a: Sneasler|83/100|[from] Sandstorm\n|-damage|p2b: Milotic|31/100|[from] Sandstorm\n|-damage|p1b: Incineroar|0 fnt|[from] Sandstorm\n|faint|p1b: Incineroar\n|upkeep\n|inactive|Battle timer is ON: inactive players will automatically lose when time's up. (requested by ferranbrr)\n|\n|t:|1776269114\n|switch|p1b: Basculegion|Basculegion, L50, M|94/100\n|turn|10\n|\n|t:|1776269124\n|move|p1b: Basculegion|Last Respects|p2b: Milotic\n|-damage|p2b: Milotic|0 fnt\n|faint|p2b: Milotic\n|\n|win|ferranbrr\n|raw|ferranbrr's rating: 1203 &rarr; <strong>1222</strong><br />(+19 for winning)\n|raw|thealex610's rating: 1116 &rarr; <strong>1097</strong><br />(-19 for losing)\n|l|\u2606ferranbrr\n|player|p1|\n",
  "uploadtime": 1776269134,
  "views": 25,
  "formatid": "gen9championsvgc2026regma",
  "rating": 1097,
  "private": 0,
  "password": null
}