{
  "id": "gen9championsvgc2026regma-2586030228",
  "format": "[Gen 9 Champions] VGC 2026 Reg M-A",
  "players": [
    "Joshy897",
    "toxmyself"
  ],
  "log": "|j|\u2606Joshy897\n|j|\u2606toxmyself\n|t:|1776391884\n|gametype|doubles\n|player|p1|Joshy897|169|1201\n|player|p2|toxmyself|norman|1255\n|gen|9\n|tier|[Gen 9 Champions] VGC 2026 Reg M-A\n|rated|\n|rule|Species Clause: Limit one of each Pok\u00e9mon\n|rule|Item Clause: Limit 1 of each item\n|clearpoke\n|poke|p1|Glimmora, L50, F|\n|poke|p1|Basculegion, L50, M|\n|poke|p1|Archaludon, L50, M|\n|poke|p1|Blastoise, L50, F|\n|poke|p1|Incineroar, L50, M|\n|poke|p1|Aerodactyl, L50, F|\n|poke|p2|Charizard, L50, F|\n|poke|p2|Milotic, L50, M|\n|poke|p2|Aegislash, L50, M|\n|poke|p2|Sneasler, L50, F|\n|poke|p2|Aerodactyl, L50, F|\n|poke|p2|Sylveon, L50, F|\n|teampreview|4\n|inactive|Battle timer is ON: inactive players will automatically lose when time's up. (requested by toxmyself)\n|inactive|Joshy897 has 60 seconds left.\n|\n|t:|1776391932\n|teamsize|p1|4\n|teamsize|p2|4\n|start\n|switch|p1a: Aerodactyl|Aerodactyl, L50, F|100/100\n|switch|p1b: Incineroar|Incineroar, L50, M|100/100\n|switch|p2a: Sneasler|Sneasler, L50, F|100/100\n|switch|p2b: Aerodactyl|Aerodactyl, L50, F|100/100\n|-ability|p1a: Aerodactyl|Unnerve\n|-ability|p2b: Aerodactyl|Unnerve\n|-ability|p1b: Incineroar|Intimidate|boost\n|-unboost|p2a: Sneasler|atk|1\n|-unboost|p2b: Aerodactyl|atk|1\n|-enditem|p2a: Sneasler|White Herb\n|-clearnegativeboost|p2a: Sneasler|[silent]\n|turn|1\n|inactive|Joshy897 has 30 seconds left.\n|\n|t:|1776391964\n|switch|p1b: Glimmora|Glimmora, L50, F|100/100\n|move|p2a: Sneasler|Fake Out|p1b: Glimmora\n|-resisted|p1b: Glimmora|1\n|-damage|p1b: Glimmora|92/100\n|-activate|p1b: Glimmora|ability: Toxic Debris\n|-sidestart|p2: toxmyself|move: Toxic Spikes\n|move|p2b: Aerodactyl|Rock Slide|p1a: Aerodactyl|[spread] p1a\n|-miss|p2b: Aerodactyl|p1b: Glimmora\n|-supereffective|p1a: Aerodactyl|1\n|-damage|p1a: Aerodactyl|50/100\n|move|p1a: Aerodactyl|Tailwind|p1a: Aerodactyl\n|-sidestart|p1: Joshy897|move: Tailwind\n|\n|upkeep\n|turn|2\n|inactive|toxmyself has 30 seconds left.\n|\n|t:|1776391990\n|switch|p2a: Aegislash|Aegislash, L50, M|100/100\n|detailschange|p1b: Glimmora|Glimmora-Mega, L50, F\n|-mega|p1b: Glimmora|Glimmora|Glimmoranite\n|move|p1a: Aerodactyl|Dual Wingbeat|p2a: Aegislash|[miss]\n|-miss|p1a: Aerodactyl|p2a: Aegislash\n|move|p1b: Glimmora|Power Gem|p2b: Aerodactyl\n|-supereffective|p2b: Aerodactyl|1\n|-enditem|p2b: Aerodactyl|Focus Sash\n|-damage|p2b: Aerodactyl|1/100\n|move|p2b: Aerodactyl|Tailwind|p2b: Aerodactyl\n|-sidestart|p2: toxmyself|move: Tailwind\n|\n|upkeep\n|turn|3\n|inactive|Joshy897 has 30 seconds left.\n|inactive|toxmyself has 30 seconds left.\n|inactive|toxmyself has 20 seconds left.\n|\n|t:|1776392028\n|move|p2b: Aerodactyl|Protect|p2b: Aerodactyl\n|-singleturn|p2b: Aerodactyl|Protect\n|move|p1b: Glimmora|Spiky Shield|p1b: Glimmora\n|-singleturn|p1b: Glimmora|move: Protect\n|move|p1a: Aerodactyl|Dual Wingbeat|p2b: Aerodactyl\n|-activate|p2b: Aerodactyl|move: Protect\n|-formechange|p2a: Aegislash|Aegislash-Blade|\n|move|p2a: Aegislash|Iron Head|p1b: Glimmora\n|-activate|p1b: Glimmora|move: Protect\n|-damage|p2a: Aegislash|88/100|[from] Spiky Shield|[of] p1b: Glimmora\n|\n|upkeep\n|turn|4\n|\n|t:|1776392051\n|-formechange|p2a: Aegislash|Aegislash|\n|move|p2a: Aegislash|King's Shield|p2a: Aegislash\n|-singleturn|p2a: Aegislash|Protect\n|move|p1a: Aerodactyl|Dual Wingbeat|p2b: Aerodactyl\n|-resisted|p2b: Aerodactyl|1\n|-damage|p2b: Aerodactyl|0 fnt\n|faint|p2b: Aerodactyl\n|-hitcount|p2: Aerodactyl|1\n|move|p1b: Glimmora|Earth Power|p2a: Aegislash\n|-activate|p2a: Aegislash|move: Protect\n|\n|-sideend|p1: Joshy897|move: Tailwind\n|upkeep\n|\n|t:|1776392063\n|switch|p2b: Milotic|Milotic, L50, M|100/100\n|-status|p2b: Milotic|psn\n|turn|5\n|\n|t:|1776392080\n|move|p2b: Milotic|Icy Wind|p1b: Glimmora|[spread] p1a,p1b\n|-supereffective|p1a: Aerodactyl|1\n|-damage|p1a: Aerodactyl|18/100\n|-damage|p1b: Glimmora|78/100\n|-unboost|p1a: Aerodactyl|spe|1\n|-unboost|p1b: Glimmora|spe|1\n|-formechange|p2a: Aegislash|Aegislash-Blade|\n|move|p2a: Aegislash|Iron Head|p1b: Glimmora\n|-supereffective|p1b: Glimmora|1\n|-damage|p1b: Glimmora|0 fnt\n|faint|p1b: Glimmora\n|move|p1a: Aerodactyl|Dual Wingbeat|p2b: Milotic\n|-damage|p2b: Milotic|85/100 psn\n|-damage|p2b: Milotic|69/100 psn\n|-hitcount|p2b: Milotic|2\n|\n|-heal|p2b: Milotic|75/100 psn|[from] item: Leftovers\n|-damage|p2b: Milotic|63/100 psn|[from] psn\n|-sideend|p2: toxmyself|move: Tailwind\n|upkeep\n|\n|t:|1776392091\n|switch|p1b: Basculegion|Basculegion, L50, M|100/100\n|turn|6\n|\n|t:|1776392101\n|-formechange|p2a: Aegislash|Aegislash|\n|move|p2a: Aegislash|King's Shield|p2a: Aegislash\n|-singleturn|p2a: Aegislash|Protect\n|move|p1b: Basculegion|Last Respects|p2b: Milotic\n|-damage|p2b: Milotic|0 fnt\n|faint|p2b: Milotic\n|move|p1a: Aerodactyl|Tailwind|p1a: Aerodactyl\n|-sidestart|p1: Joshy897|move: Tailwind\n|\n|upkeep\n|\n|t:|1776392110\n|switch|p2b: Sneasler|Sneasler, L50, F|100/100\n|-sideend|p2: toxmyself|move: Toxic Spikes|[of] p2b: Sneasler\n|turn|7\n|\n|t:|1776392130\n|move|p2b: Sneasler|Fake Out|p1a: Aerodactyl\n|-resisted|p1a: Aerodactyl|1\n|-damage|p1a: Aerodactyl|6/100\n|move|p1b: Basculegion|Last Respects|p2a: Aegislash\n|-supereffective|p2a: Aegislash|1\n|-damage|p2a: Aegislash|0 fnt\n|faint|p2a: Aegislash\n|cant|p1a: Aerodactyl|flinch\n|\n|upkeep\n|turn|8\n|-message|toxmyself forfeited.\n|\n|win|Joshy897\n|raw|Joshy897's rating: 1201 &rarr; <strong>1230</strong><br />(+29 for winning)\n|raw|toxmyself's rating: 1255 &rarr; <strong>1226</strong><br />(-29 for losing)\n",
  "uploadtime": 1776392153,
  "views": 40,
  "formatid": "gen9championsvgc2026regma",
  "rating": 1226,
  "private": 0,
  "password": null
}