{
  "id": "gen9championsvgc2026regma-2583689472",
  "format": "[Gen 9 Champions] VGC 2026 Reg M-A",
  "players": [
    "Imnewnobully",
    "kitir_prat_pkmn"
  ],
  "log": "|j|\u2606Imnewnobully\n|j|\u2606kitir_prat_pkmn\n|t:|1776191196\n|gametype|doubles\n|player|p1|Imnewnobully|170|1000\n|player|p2|kitir_prat_pkmn|2|1000\n|gen|9\n|tier|[Gen 9 Champions] VGC 2026 Reg M-A\n|rated|\n|rule|Species Clause: Limit one of each Pok\u00e9mon\n|rule|Item Clause: Limit 1 of each item\n|clearpoke\n|poke|p1|Alakazam, L50, F|\n|poke|p1|Torkoal, L50, F|\n|poke|p1|Golurk, L50|\n|poke|p1|Incineroar, L50, M|\n|poke|p1|Pelipper, L50, F|\n|poke|p1|Archaludon, L50, F|\n|poke|p2|Charizard, L50, M|\n|poke|p2|Whimsicott, L50, M|\n|poke|p2|Garchomp, L50, M|\n|poke|p2|Sneasler, L50, F|\n|poke|p2|Maushold, L50|\n|poke|p2|Incineroar, L50, M|\n|teampreview|4\n|inactive|Battle timer is ON: inactive players will automatically lose when time's up. (requested by kitir_prat_pkmn)\nImnewnobully has agreed to open team sheets.\n|inactive|Imnewnobully has 60 seconds left.\n|inactive|kitir_prat_pkmn has 60 seconds left.\n|inactive|Imnewnobully has 30 seconds left.\n|inactive|kitir_prat_pkmn has 30 seconds left.\n|inactive|Imnewnobully has 20 seconds left.\n|inactive|Imnewnobully has 15 seconds left.\n|inactive|Imnewnobully has 10 seconds left.\n|\n|t:|1776191291\n|teamsize|p1|4\n|teamsize|p2|4\n|start\n|switch|p1a: Pelipper|Pelipper, L50, F|100/100\n|switch|p1b: Golurk|Golurk, L50|100/100\n|switch|p2a: Incineroar|Incineroar, L50, M|100/100\n|switch|p2b: Charizard|Charizard, L50, M|100/100\n|-weather|RainDance|[from] ability: Drizzle|[of] p1a: Pelipper\n|-ability|p2a: Incineroar|Intimidate|boost\n|-unboost|p1a: Pelipper|atk|1\n|-unboost|p1b: Golurk|atk|1\n|turn|1\n|\n|t:|1776191312\n|switch|p1a: Incineroar|Incineroar, L50, M|100/100\n|-ability|p1a: Incineroar|Intimidate|boost\n|-unboost|p2a: Incineroar|atk|1\n|-unboost|p2b: Charizard|atk|1\n|detailschange|p2b: Charizard|Charizard-Mega-Y, L50, M\n|-mega|p2b: Charizard|Charizard|Charizardite Y\n|-weather|SunnyDay|[from] ability: Drought|[of] p2b: Charizard\n|move|p1b: Golurk|Protect|p1b: Golurk\n|-singleturn|p1b: Golurk|Protect\n|move|p2b: Charizard|Heat Wave|p1a: Incineroar|[spread] p1a\n|-activate|p1b: Golurk|move: Protect\n|-resisted|p1a: Incineroar|1\n|-damage|p1a: Incineroar|70/100\n|move|p2a: Incineroar|Darkest Lariat|p1b: Golurk\n|-activate|p1b: Golurk|move: Protect\n|\n|-weather|SunnyDay|[upkeep]\n|upkeep\n|turn|2\n|inactive|Imnewnobully has 30 seconds left.\n|inactive|kitir_prat_pkmn has 30 seconds left.\n|inactive|Imnewnobully has 20 seconds left.\n|inactive|Imnewnobully has 15 seconds left.\n|inactive|Imnewnobully has 10 seconds left.\n|\n|t:|1776191360\n|switch|p1a: Pelipper|Pelipper, L50, F|100/100\n|-weather|RainDance|[from] ability: Drizzle|[of] p1a: Pelipper\n|detailschange|p1b: Golurk|Golurk-Mega, L50\n|-mega|p1b: Golurk|Golurk|Golurkite\n|move|p2b: Charizard|Protect|p2b: Charizard\n|-singleturn|p2b: Charizard|Protect\n|move|p2a: Incineroar|Parting Shot|p1b: Golurk\n|-unboost|p1b: Golurk|atk|1\n|-unboost|p1b: Golurk|spa|1\n|\n|t:|1776191369\n|switch|p2a: Whimsicott|Whimsicott, L50, M|100/100|[from] Parting Shot\n|move|p1b: Golurk|High Horsepower|p2a: Whimsicott\n|-resisted|p2a: Whimsicott|1\n|-damage|p2a: Whimsicott|76/100\n|\n|-weather|RainDance|[upkeep]\n|upkeep\n|turn|3\n|\n|t:|1776191385\n|switch|p1b: Incineroar|Incineroar, L50, M|70/100\n|-ability|p1b: Incineroar|Intimidate|boost\n|-unboost|p2a: Whimsicott|atk|1\n|-unboost|p2b: Charizard|atk|1\n|move|p2a: Whimsicott|Sunny Day|p2a: Whimsicott\n|-weather|SunnyDay\n|move|p2b: Charizard|Heat Wave|p1a: Pelipper|[spread] p1b\n|-miss|p2b: Charizard|p1a: Pelipper\n|-resisted|p1b: Incineroar|1\n|-damage|p1b: Incineroar|36/100\n|move|p1a: Pelipper|Hurricane|p2a: Whimsicott\n|-supereffective|p2a: Whimsicott|1\n|-damage|p2a: Whimsicott|0 fnt\n|faint|p2a: Whimsicott\n|\n|-weather|SunnyDay|[upkeep]\n|upkeep\n|\n|t:|1776191396\n|switch|p2a: Incineroar|Incineroar, L50, M|100/100\n|-ability|p2a: Incineroar|Intimidate|boost\n|-unboost|p1a: Pelipper|atk|1\n|-unboost|p1b: Incineroar|atk|1\n|turn|4\n|\n|t:|1776191412\n|switch|p1a: Archaludon|Archaludon, L50, F|100/100\n|move|p1b: Incineroar|Fake Out|p2b: Charizard\n|-damage|p2b: Charizard|91/100\n|move|p2a: Incineroar|Fake Out|p1a: Archaludon\n|-resisted|p1a: Archaludon|1\n|-damage|p1a: Archaludon|96/100\n|-ability|p1a: Archaludon|Stamina|boost\n|-boost|p1a: Archaludon|def|1\n|cant|p2b: Charizard|flinch\n|\n|-weather|SunnyDay|[upkeep]\n|-heal|p1a: Archaludon|100/100|[from] item: Leftovers\n|upkeep\n|turn|5\n|\n|t:|1776191429\n|switch|p2b: Maushold|Maushold, L50|100/100\n|switch|p1b: Pelipper|Pelipper, L50, F|100/100\n|-weather|RainDance|[from] ability: Drizzle|[of] p1b: Pelipper\n|move|p1a: Archaludon|Electro Shot||[still]\n|-prepare|p1a: Archaludon|Electro Shot\n|-boost|p1a: Archaludon|spa|1\n|-anim|p1a: Archaludon|Electro Shot|p2a: Incineroar\n|-crit|p2a: Incineroar\n|-damage|p2a: Incineroar|42/100\n|-enditem|p2a: Incineroar|Sitrus Berry|[eat]\n|-heal|p2a: Incineroar|66/100|[from] item: Sitrus Berry\n|move|p2a: Incineroar|Parting Shot|p1a: Archaludon\n|-unboost|p1a: Archaludon|atk|1\n|-unboost|p1a: Archaludon|spa|1\n|\n|t:|1776191433\n|switch|p2a: Charizard|Charizard-Mega-Y, L50, M|91/100|[from] Parting Shot\n|-weather|SunnyDay|[from] ability: Drought|[of] p2a: Charizard\n|\n|-weather|SunnyDay|[upkeep]\n|upkeep\n|turn|6\n|\n|t:|1776191454\n|move|p1a: Archaludon|Protect|p1a: Archaludon\n|-singleturn|p1a: Archaludon|Protect\n|move|p2b: Maushold|Super Fang|p1a: Archaludon\n|-activate|p1a: Archaludon|move: Protect\n|move|p2a: Charizard|Heat Wave|p1b: Pelipper|[spread] p1b\n|-activate|p1a: Archaludon|move: Protect\n|-resisted|p1b: Pelipper|1\n|-damage|p1b: Pelipper|49/100\n|move|p1b: Pelipper|Tailwind|p1b: Pelipper\n|-sidestart|p1: Imnewnobully|move: Tailwind\n|\n|-weather|SunnyDay|[upkeep]\n|upkeep\n|turn|7\n|\n|t:|1776191479\n|move|p2b: Maushold|Follow Me|p2b: Maushold\n|-singleturn|p2b: Maushold|move: Follow Me\n|move|p1a: Archaludon|Aura Sphere|p2b: Maushold\n|-supereffective|p2b: Maushold|1\n|-crit|p2b: Maushold\n|-enditem|p2b: Maushold|Chople Berry|[eat]\n|-enditem|p2b: Maushold|Chople Berry|[weaken]\n|-damage|p2b: Maushold|51/100\n|move|p1b: Pelipper|Weather Ball|p2b: Maushold\n|-damage|p2b: Maushold|12/100\n|move|p2a: Charizard|Heat Wave|p1a: Archaludon|[spread] p1a\n|-miss|p2a: Charizard|p1b: Pelipper\n|-damage|p1a: Archaludon|21/100\n|-ability|p1a: Archaludon|Stamina|boost\n|-boost|p1a: Archaludon|def|1\n|\n|-weather|SunnyDay|[upkeep]\n|-heal|p1a: Archaludon|27/100|[from] item: Leftovers\n|upkeep\n|turn|8\n|inactive|Imnewnobully has 30 seconds left.\n|inactive|Imnewnobully has 20 seconds left.\n|\n|t:|1776191518\n|switch|p1b: Incineroar|Incineroar, L50, M|36/100\n|-ability|p1b: Incineroar|Intimidate|boost\n|-unboost|p2a: Charizard|atk|1\n|-unboost|p2b: Maushold|atk|1\n|move|p1a: Archaludon|Protect|p1a: Archaludon\n|-singleturn|p1a: Archaludon|Protect\n|move|p2b: Maushold|Protect|p2b: Maushold\n|-singleturn|p2b: Maushold|Protect\n|move|p2a: Charizard|Heat Wave|p1a: Archaludon|[spread] \n|-activate|p1a: Archaludon|move: Protect\n|-miss|p2a: Charizard|p1b: Incineroar\n|\n|-weather|SunnyDay|[upkeep]\n|-heal|p1a: Archaludon|33/100|[from] item: Leftovers\n|upkeep\n|turn|9\n|inactive|Imnewnobully has 30 seconds left.\n|\n|t:|1776191543\n|switch|p2a: Incineroar|Incineroar, L50, M|66/100\n|-ability|p2a: Incineroar|Intimidate|boost\n|-unboost|p1a: Archaludon|atk|1\n|-unboost|p1b: Incineroar|atk|1\n|move|p1b: Incineroar|Fake Out|p2a: Incineroar\n|-damage|p2a: Incineroar|61/100\n|move|p1a: Archaludon|Electro Shot||[still]\n|-prepare|p1a: Archaludon|Electro Shot\n|-boost|p1a: Archaludon|spa|1\n|move|p2b: Maushold|Taunt|p1a: Archaludon\n|-start|p1a: Archaludon|move: Taunt\n|\n|-weather|none\n|-heal|p1a: Archaludon|40/100|[from] item: Leftovers\n|-sideend|p1: Imnewnobully|move: Tailwind\n|upkeep\n|turn|10\n|inactive|kitir_prat_pkmn has 30 seconds left.\n|\n|t:|1776191576\n|move|p2b: Maushold|Follow Me|p2b: Maushold\n|-singleturn|p2b: Maushold|move: Follow Me\n|move|p1a: Archaludon|Electro Shot|p2b: Maushold|[from] lockedmove\n|-crit|p2b: Maushold\n|-damage|p2b: Maushold|0 fnt\n|faint|p2b: Maushold\n|move|p1b: Incineroar|Parting Shot|p2a: Incineroar\n|-unboost|p2a: Incineroar|atk|1\n|-unboost|p2a: Incineroar|spa|1\n|\n|t:|1776191592\n|switch|p1b: Pelipper|Pelipper, L50, F|49/100|[from] Parting Shot\n|-weather|RainDance|[from] ability: Drizzle|[of] p1b: Pelipper\n|move|p2a: Incineroar|Parting Shot|p1a: Archaludon\n|-unboost|p1a: Archaludon|atk|1\n|-unboost|p1a: Archaludon|spa|1\n|\n|t:|1776191595\n|switch|p2a: Charizard|Charizard-Mega-Y, L50, M|91/100|[from] Parting Shot\n|-weather|SunnyDay|[from] ability: Drought|[of] p2a: Charizard\n|\n|-weather|SunnyDay|[upkeep]\n|-heal|p1a: Archaludon|46/100|[from] item: Leftovers\n|upkeep\n|\n|t:|1776191597\n|switch|p2b: Incineroar|Incineroar, L50, M|61/100\n|-ability|p2b: Incineroar|Intimidate|boost\n|-unboost|p1a: Archaludon|atk|1\n|-unboost|p1b: Pelipper|atk|1\n|turn|11\n|inactive|Imnewnobully has 30 seconds left.\n|inactive|kitir_prat_pkmn has 30 seconds left.\n|inactive|Imnewnobully has 20 seconds left.\n|inactive|kitir_prat_pkmn has 20 seconds left.\n|inactive|kitir_prat_pkmn has 15 seconds left.\n|inactive|kitir_prat_pkmn has 10 seconds left.\n|\n|t:|1776191646\n|move|p1a: Archaludon|Dragon Pulse|p2a: Charizard\n|-damage|p2a: Charizard|58/100\n|move|p2a: Charizard|Heat Wave|p1a: Archaludon|[spread] p1a,p1b\n|-resisted|p1b: Pelipper|1\n|-damage|p1a: Archaludon|0 fnt\n|-damage|p1b: Pelipper|0 fnt\n|faint|p1a: Archaludon\n|faint|p1b: Pelipper\n|move|p2b: Incineroar|Darkest Lariat|p1: Archaludon|[notarget]\n|-fail|p2b: Incineroar\n|\n|-weather|SunnyDay|[upkeep]\n|upkeep\n|\n|t:|1776191656\n|switch|p1a: Incineroar|Incineroar, L50, M|36/100\n|switch|p1b: Golurk|Golurk-Mega, L50|100/100\n|-ability|p1a: Incineroar|Intimidate|boost\n|-unboost|p2a: Charizard|atk|1\n|-unboost|p2b: Incineroar|atk|1\n|turn|12\n|inactive|Imnewnobully has 30 seconds left.\n|inactive|kitir_prat_pkmn has 30 seconds left.\n|\n|t:|1776191686\n|move|p2a: Charizard|Protect|p2a: Charizard\n|-singleturn|p2a: Charizard|Protect\n|move|p1a: Incineroar|Fake Out|p2a: Charizard\n|-activate|p2a: Charizard|move: Protect\n|move|p2b: Incineroar|Darkest Lariat|p1b: Golurk\n|-supereffective|p1b: Golurk|1\n|-damage|p1b: Golurk|56/100\n|move|p1b: Golurk|High Horsepower|p2b: Incineroar\n|-supereffective|p2b: Incineroar|1\n|-damage|p2b: Incineroar|0 fnt\n|faint|p2b: Incineroar\n|\n|-weather|SunnyDay|[upkeep]\n|upkeep\n|turn|13\n|\n|t:|1776191700\n|move|p2a: Charizard|Heat Wave|p1b: Golurk|[spread] p1a,p1b\n|-resisted|p1a: Incineroar|1\n|-damage|p1a: Incineroar|6/100\n|-damage|p1b: Golurk|0 fnt\n|faint|p1b: Golurk\n|move|p1a: Incineroar|Flare Blitz|p2a: Charizard\n|-resisted|p2a: Charizard|1\n|-damage|p2a: Charizard|15/100\n|-damage|p1a: Incineroar|0 fnt|[from] Recoil\n|faint|p1a: Incineroar\n|\n|win|kitir_prat_pkmn\n|raw|Imnewnobully's rating: 1000 &rarr; <strong>1000</strong><br />(+0 for losing)\n|raw|kitir_prat_pkmn's rating: 1000 &rarr; <strong>1040</strong><br />(+40 for winning)\n|l|\u2606kitir_prat_pkmn\n|player|p2|\n",
  "uploadtime": 1776191897,
  "views": 22,
  "formatid": "gen9championsvgc2026regma",
  "rating": 1000,
  "private": 0,
  "password": null
}