{
  "id": "gen9championsvgc2026regma-2589471178",
  "format": "[Gen 9 Champions] VGC 2026 Reg M-A",
  "players": [
    "aag_1430",
    "astometeor"
  ],
  "log": "|j|\u2606aag_1430\n|j|\u2606astometeor\n|t:|1776725912\n|gametype|doubles\n|player|p1|aag_1430|169|1089\n|player|p2|astometeor|cheryl|1011\n|gen|9\n|tier|[Gen 9 Champions] VGC 2026 Reg M-A\n|rated|\n|rule|Species Clause: Limit one of each Pok\u00e9mon\n|rule|Item Clause: Limit 1 of each item\n|clearpoke\n|poke|p1|Scovillain, L50, M|\n|poke|p1|Aerodactyl, L50, F|\n|poke|p1|Sneasler, L50, M|\n|poke|p1|Incineroar, L50, F|\n|poke|p1|Garchomp, L50, F|\n|poke|p1|Sinistcha-Masterpiece, L50|\n|poke|p2|Lucario, L50, F|\n|poke|p2|Delphox, L50, F, shiny|\n|poke|p2|Garchomp, L50, F, shiny|\n|poke|p2|Liepard, L50, F, shiny|\n|poke|p2|Sinistcha-Masterpiece, L50, shiny|\n|poke|p2|Ninetales, L50, F, shiny|\n|teampreview|4\n|inactive|Battle timer is ON: inactive players will automatically lose when time's up. (requested by aag_1430)\nastometeor rejected open team sheets.\n|inactive|astometeor has 60 seconds left.\n|\n|t:|1776725953\n|teamsize|p1|4\n|teamsize|p2|4\n|start\n|switch|p1a: Scovillain|Scovillain, L50, M|100/100\n|switch|p1b: Aerodactyl|Aerodactyl, L50, F|100/100\n|switch|p2a: Ninetales|Ninetales, L50, F, shiny|100/100\n|switch|p2b: Lucario|Lucario, L50, F|100/100\n|-ability|p1b: Aerodactyl|Unnerve\n|-weather|SunnyDay|[from] ability: Drought|[of] p2a: Ninetales\n|turn|1\n|\n|t:|1776725972\n|detailschange|p1a: Scovillain|Scovillain-Mega, L50, M\n|-mega|p1a: Scovillain|Scovillain|Scovillainite\n|move|p1b: Aerodactyl|Rock Slide|p2b: Lucario|[spread] p2a,p2b\n|-supereffective|p2a: Ninetales|1\n|-resisted|p2b: Lucario|2\n|-damage|p2a: Ninetales|19/100\n|-damage|p2b: Lucario|89/100\n|move|p2a: Ninetales|Fire Blast|p1a: Scovillain\n|-damage|p1a: Scovillain|42/100\n|-immune|p2a: Ninetales\n|move|p2b: Lucario|Meteor Mash|p1b: Aerodactyl\n|-supereffective|p1b: Aerodactyl|1\n|-enditem|p1b: Aerodactyl|Focus Sash\n|-damage|p1b: Aerodactyl|1/100\n|move|p1a: Scovillain|Leech Seed|p2b: Lucario\n|-start|p2b: Lucario|move: Leech Seed\n|\n|-weather|SunnyDay|[upkeep]\n|-damage|p2b: Lucario|76/100|[from] Leech Seed|[of] p1a: Scovillain\n|-heal|p1a: Scovillain|53/100|[silent]\n|upkeep\n|turn|2\n|\n|t:|1776725996\n|move|p2b: Lucario|Bullet Punch|p1b: Aerodactyl\n|-supereffective|p1b: Aerodactyl|1\n|-damage|p1b: Aerodactyl|0 fnt\n|faint|p1b: Aerodactyl\n|move|p2a: Ninetales|Heat Wave|p1a: Scovillain|[miss]\n|-miss|p2a: Ninetales|p1a: Scovillain\n|move|p1a: Scovillain|Rest|p1a: Scovillain\n|-status|p1a: Scovillain|slp|[from] move: Rest\n|-heal|p1a: Scovillain|100/100 slp|[silent]\n|\n|-weather|SunnyDay|[upkeep]\n|-damage|p2b: Lucario|64/100|[from] Leech Seed|[of] p1a: Scovillain\n|upkeep\n|\n|t:|1776726014\n|switch|p1b: Sneasler|Sneasler, L50, M|100/100\n|turn|3\n|\n|t:|1776726036\n|move|p2b: Lucario|Bullet Punch|p1b: Sneasler\n|-damage|p1b: Sneasler|74/100\n|move|p2a: Ninetales|Fire Blast|p1b: Sneasler\n|-damage|p1b: Sneasler|0 fnt\n|faint|p1b: Sneasler\n|cant|p1a: Scovillain|slp\n|move|p1a: Scovillain|Sleep Talk|p1a: Scovillain\n|move|p1a: Scovillain|Rage Powder|p1a: Scovillain|[from] move: Sleep Talk\n|-singleturn|p1a: Scovillain|move: Rage Powder\n|\n|-weather|SunnyDay|[upkeep]\n|-damage|p2b: Lucario|52/100|[from] Leech Seed|[of] p1a: Scovillain\n|upkeep\n|\n|t:|1776726057\n|switch|p1b: Sinistcha|Sinistcha-Masterpiece, L50|100/100\n|turn|4\n|\n|t:|1776726069\n|move|p1b: Sinistcha|Protect|p1b: Sinistcha\n|-singleturn|p1b: Sinistcha|Protect\n|move|p2b: Lucario|Bullet Punch|p1b: Sinistcha\n|-activate|p1b: Sinistcha|move: Protect\n|move|p2a: Ninetales|Weather Ball|p1b: Sinistcha\n|-activate|p1b: Sinistcha|move: Protect\n|cant|p1a: Scovillain|slp\n|move|p1a: Scovillain|Sleep Talk|p1a: Scovillain\n|move|p1a: Scovillain|Rage Powder|p1a: Scovillain|[from] move: Sleep Talk\n|-singleturn|p1a: Scovillain|move: Rage Powder\n|\n|-weather|SunnyDay|[upkeep]\n|-damage|p2b: Lucario|39/100|[from] Leech Seed|[of] p1a: Scovillain\n|upkeep\n|turn|5\n|inactive|aag_1430 has 30 seconds left.\n|\n|t:|1776726096\n|-curestatus|p1a: Scovillain|slp|[msg]\n|move|p1a: Scovillain|Rage Powder|p1a: Scovillain\n|-singleturn|p1a: Scovillain|move: Rage Powder\n|move|p2b: Lucario|Bullet Punch|p1a: Scovillain\n|-resisted|p1a: Scovillain|1\n|-damage|p1a: Scovillain|90/100\n|-status|p2b: Lucario|brn|[from] ability: Spicy Spray|[of] p1a: Scovillain\n|move|p2a: Ninetales|Weather Ball|p1a: Scovillain\n|-damage|p1a: Scovillain|37/100\n|-immune|p2a: Ninetales\n|move|p1b: Sinistcha|Matcha Gotcha|p2a: Ninetales|[spread] p2a,p2b\n|-resisted|p2a: Ninetales|1\n|-resisted|p2b: Lucario|1\n|-damage|p2a: Ninetales|5/100\n|-damage|p2b: Lucario|18/100 brn\n|\n|-weather|none\n|-damage|p2b: Lucario|6/100 brn|[from] Leech Seed|[of] p1a: Scovillain\n|-heal|p1a: Scovillain|48/100|[silent]\n|-damage|p2b: Lucario|0 fnt|[from] brn\n|faint|p2b: Lucario\n|upkeep\n|\n|t:|1776726115\n|switch|p2b: Sinistcha|Sinistcha-Masterpiece, L50, shiny|100/100\n|-heal|p2a: Ninetales|30/100|[from] ability: Hospitality|[of] p2b: Sinistcha\n|turn|6\n|\n|t:|1776726129\n|switch|p2a: Delphox|Delphox, L50, F, shiny|100/100\n|move|p2b: Sinistcha|Rage Powder|p2b: Sinistcha\n|-singleturn|p2b: Sinistcha|move: Rage Powder\n|move|p1b: Sinistcha|Hex|p2a: Delphox\n|-supereffective|p2a: Delphox|1\n|-damage|p2a: Delphox|32/100\n|move|p1a: Scovillain|Rest|p1a: Scovillain\n|-status|p1a: Scovillain|slp|[from] move: Rest\n|-heal|p1a: Scovillain|100/100 slp|[silent]\n|\n|upkeep\n|turn|7\n|inactive|astometeor has 30 seconds left.\n|\n|t:|1776726155\n|switch|p2a: Ninetales|Ninetales, L50, F, shiny|30/100\n|-weather|SunnyDay|[from] ability: Drought|[of] p2a: Ninetales\n|move|p2b: Sinistcha|Shadow Ball|p1b: Sinistcha\n|-supereffective|p1b: Sinistcha|1\n|-damage|p1b: Sinistcha|13/100\n|-enditem|p1b: Sinistcha|Sitrus Berry|[eat]\n|-heal|p1b: Sinistcha|38/100|[from] item: Sitrus Berry\n|move|p1b: Sinistcha|Hex|p2a: Ninetales\n|-damage|p2a: Ninetales|0 fnt\n|faint|p2a: Ninetales\n|cant|p1a: Scovillain|slp\n|move|p1a: Scovillain|Sleep Talk|p1a: Scovillain\n|move|p1a: Scovillain|Leech Seed|p2b: Sinistcha|[from] move: Sleep Talk\n|-immune|p2b: Sinistcha\n|\n|-weather|SunnyDay|[upkeep]\n|upkeep\n|\n|t:|1776726165\n|switch|p2a: Delphox|Delphox, L50, F, shiny|32/100\n|turn|8\n|\n|t:|1776726183\n|detailschange|p2a: Delphox|Delphox-Mega, L50, F, shiny\n|-mega|p2a: Delphox|Delphox|Delphoxite\n|move|p1b: Sinistcha|Protect|p1b: Sinistcha\n|-singleturn|p1b: Sinistcha|Protect\n|move|p2a: Delphox|Heat Wave|p1b: Sinistcha|[spread] p1a\n|-activate|p1b: Sinistcha|move: Protect\n|-damage|p1a: Scovillain|48/100 slp\n|-immune|p2a: Delphox\n|move|p2b: Sinistcha|Shadow Ball|p1b: Sinistcha\n|-activate|p1b: Sinistcha|move: Protect\n|cant|p1a: Scovillain|slp\n|move|p1a: Scovillain|Sleep Talk|p1a: Scovillain\n|move|p1a: Scovillain|Rage Powder|p1a: Scovillain|[from] move: Sleep Talk\n|-singleturn|p1a: Scovillain|move: Rage Powder\n|\n|-weather|SunnyDay|[upkeep]\n|upkeep\n|turn|9\n|inactive|aag_1430 has 30 seconds left.\n|inactive|aag_1430 has 20 seconds left.\n|\n|t:|1776726220\n|move|p2a: Delphox|Heat Wave|p1b: Sinistcha|[spread] p1a,p1b\n|-supereffective|p1b: Sinistcha|1\n|-damage|p1a: Scovillain|0 fnt\n|-damage|p1b: Sinistcha|0 fnt\n|-immune|p2a: Delphox\n|faint|p1a: Scovillain\n|faint|p1b: Sinistcha\n|\n|win|astometeor\n|raw|aag_1430's rating: 1089 &rarr; <strong>1060</strong><br />(-29 for losing)\n|raw|astometeor's rating: 1011 &rarr; <strong>1058</strong><br />(+47 for winning)\n",
  "uploadtime": 1776726224,
  "views": 11,
  "formatid": "gen9championsvgc2026regma",
  "rating": 1058,
  "private": 0,
  "password": null
}