{
  "id": "gen9championsvgc2026regma-2582863767",
  "format": "[Gen 9 Champions] VGC 2026 Reg M-A",
  "players": [
    "confi_amc",
    "rng go brrr"
  ],
  "log": "|j|\u2606confi_amc\n|j|\u2606rng go brrr\n|t:|1776120142\n|gametype|doubles\n|player|p1|confi_amc|266|1214\n|player|p2|rng go brrr|lucian|1166\n|gen|9\n|tier|[Gen 9 Champions] VGC 2026 Reg M-A\n|rated|\n|rule|Species Clause: Limit one of each Pok\u00e9mon\n|rule|Item Clause: Limit 1 of each item\n|clearpoke\n|poke|p1|Floette-Eternal, L50, F|\n|poke|p1|Maushold, L50|\n|poke|p1|Garchomp, L50, M|\n|poke|p1|Rotom-Wash, L50|\n|poke|p1|Talonflame, L50, F|\n|poke|p1|Aegislash, L50, F|\n|poke|p2|Gallade, L50, M|\n|poke|p2|Torkoal, L50, M|\n|poke|p2|Hydrapple, L50, M|\n|poke|p2|Farigiraf, L50, F|\n|poke|p2|Incineroar, L50, M|\n|poke|p2|Camerupt, L50, M|\n|teampreview|4\nrng go brrr has agreed to open team sheets.\n|\n|t:|1776120232\n|teamsize|p1|4\n|teamsize|p2|4\n|start\n|switch|p1a: Maushold|Maushold, L50|100/100\n|switch|p1b: Garchomp|Garchomp, L50, M|100/100\n|switch|p2a: Gallade|Gallade, L50, M|100/100\n|switch|p2b: Farigiraf|Farigiraf, L50, F|100/100\n|turn|1\n|l|\u2606rng go brrr\n|player|p2|\n|j|\u2606rng go brrr\n|player|p2|rng go brrr|lucian|\n|inactive|Battle timer is ON: inactive players will automatically lose when time's up. (requested by rng go brrr)\n|\n|t:|1776120328\n|move|p1a: Maushold|Taunt|p2b: Farigiraf\n|-start|p2b: Farigiraf|move: Taunt\n|-enditem|p2b: Farigiraf|Mental Herb\n|-end|p2b: Farigiraf|move: Taunt\n|move|p1b: Garchomp|Stomping Tantrum|p2b: Farigiraf\n|-damage|p2b: Farigiraf|53/100\n|move|p2b: Farigiraf|Baton Pass|p2b: Farigiraf\n|\n|t:|1776120349\n|switch|p2b: Hydrapple|Hydrapple, L50, M|100/100|[from] Baton Pass\n|move|p2a: Gallade|Trick Room|p2a: Gallade\n|-fieldstart|move: Trick Room|[of] p2a: Gallade\n|\n|upkeep\n|turn|2\n|\n|t:|1776120374\n|move|p1b: Garchomp|Protect|p1b: Garchomp\n|-singleturn|p1b: Garchomp|Protect\n|move|p2b: Hydrapple|Fickle Beam|p1b: Garchomp\n|-activate|p1b: Garchomp|move: Protect\n|move|p2a: Gallade|Sacred Sword|p1a: Maushold\n|-supereffective|p1a: Maushold|1\n|-enditem|p1a: Maushold|Focus Sash\n|-damage|p1a: Maushold|1/100\n|move|p1a: Maushold|Super Fang|p2b: Hydrapple\n|-damage|p2b: Hydrapple|51/100\n|\n|-heal|p2b: Hydrapple|57/100|[from] item: Leftovers\n|upkeep\n|turn|3\n|inactive|confi_amc has 30 seconds left.\n|inactive|rng go brrr has 30 seconds left.\n|inactive|confi_amc has 20 seconds left.\n|inactive|rng go brrr has 20 seconds left.\n|inactive|confi_amc has 15 seconds left.\n|inactive|rng go brrr has 15 seconds left.\n|inactive|confi_amc has 10 seconds left.\n|inactive|confi_amc has 5 seconds left.\n|inactive|rng go brrr has 10 seconds left.\n|\n|t:|1776120428\n|move|p1a: Maushold|Follow Me|p1a: Maushold\n|-singleturn|p1a: Maushold|move: Follow Me\n|move|p2b: Hydrapple|Fickle Beam|p1a: Maushold\n|-damage|p1a: Maushold|0 fnt\n|faint|p1a: Maushold\n|move|p2a: Gallade|Sacred Sword|p1b: Garchomp\n|-damage|p1b: Garchomp|20/100\n|-damage|p2a: Gallade|88/100|[from] ability: Rough Skin|[of] p1b: Garchomp\n|move|p1b: Garchomp|Stone Edge|p2b: Hydrapple\n|-damage|p2b: Hydrapple|29/100\n|\n|-heal|p2b: Hydrapple|35/100|[from] item: Leftovers\n|upkeep\n|\n|t:|1776120444\n|switch|p1a: Floette|Floette-Eternal, L50, F|100/100\n|turn|4\n|\n|t:|1776120463\n|detailschange|p1a: Floette|Floette-Mega, L50, F\n|-mega|p1a: Floette|Floette|Floettite\n|-ability|p1a: Floette|Fairy Aura\n|move|p1b: Garchomp|Protect|p1b: Garchomp\n|-singleturn|p1b: Garchomp|Protect\n|move|p2b: Hydrapple|Energy Ball|p1b: Garchomp\n|-activate|p1b: Garchomp|move: Protect\n|move|p2a: Gallade|Psycho Cut|p1a: Floette\n|-damage|p1a: Floette|17/100\n|move|p1a: Floette|Dazzling Gleam|p2a: Gallade|[spread] p2a,p2b\n|-supereffective|p2a: Gallade|1\n|-supereffective|p2b: Hydrapple|1\n|-damage|p2a: Gallade|0 fnt\n|-damage|p2b: Hydrapple|0 fnt\n|faint|p2a: Gallade\n|faint|p2b: Hydrapple\n|\n|upkeep\n|\n|t:|1776120476\n|switch|p2b: Farigiraf|Farigiraf, L50, F|53/100\n|switch|p2a: Torkoal|Torkoal, L50, M|100/100\n|-weather|SunnyDay|[from] ability: Drought|[of] p2a: Torkoal\n|turn|5\n|\n|t:|1776120492\n|move|p1a: Floette|Protect|p1a: Floette\n|-singleturn|p1a: Floette|Protect\n|move|p2a: Torkoal|Eruption|p1a: Floette|[spread] p1b\n|-activate|p1a: Floette|move: Protect\n|-resisted|p1b: Garchomp|1\n|-damage|p1b: Garchomp|0 fnt\n|faint|p1b: Garchomp\n|move|p2b: Farigiraf|Calm Mind|p2b: Farigiraf\n|-boost|p2b: Farigiraf|spa|1\n|-boost|p2b: Farigiraf|spd|1\n|\n|-weather|SunnyDay|[upkeep]\n|-fieldend|move: Trick Room\n|upkeep\n|\n|t:|1776120503\n|switch|p1b: Rotom|Rotom-Wash, L50|100/100\n|turn|6\n|inactive|confi_amc has 30 seconds left.\n|inactive|confi_amc has 20 seconds left.\n|inactive|confi_amc has 15 seconds left.\n|inactive|confi_amc has 10 seconds left.\n|inactive|confi_amc has 5 seconds left.\n|\n|t:|1776120554\n|move|p1a: Floette|Dazzling Gleam|p2a: Torkoal|[spread] p2a,p2b\n|-resisted|p2a: Torkoal|1\n|-damage|p2a: Torkoal|70/100\n|-damage|p2b: Farigiraf|18/100\n|move|p1b: Rotom|Hydro Pump|p2a: Torkoal|[miss]\n|-miss|p1b: Rotom|p2a: Torkoal\n|move|p2a: Torkoal|Solar Beam||[still]\n|-prepare|p2a: Torkoal|Solar Beam\n|-anim|p2a: Torkoal|Solar Beam|p1b: Rotom\n|-supereffective|p1b: Rotom|1\n|-damage|p1b: Rotom|19/100\n|-enditem|p1b: Rotom|Sitrus Berry|[eat]\n|-heal|p1b: Rotom|44/100|[from] item: Sitrus Berry\n|move|p2b: Farigiraf|Trick Room|p2b: Farigiraf\n|-fieldstart|move: Trick Room|[of] p2b: Farigiraf\n|\n|-weather|SunnyDay|[upkeep]\n|upkeep\n|turn|7\n|inactive|confi_amc has 30 seconds left.\n|inactive|confi_amc has 20 seconds left.\n|inactive|confi_amc has 15 seconds left.\n|inactive|confi_amc has 10 seconds left.\n|inactive|confi_amc has 5 seconds left.\n|\n|t:|1776120608\n|move|p1a: Floette|Protect|p1a: Floette\n|-singleturn|p1a: Floette|Protect\n|move|p2a: Torkoal|Solar Beam||[still]\n|-prepare|p2a: Torkoal|Solar Beam\n|-anim|p2a: Torkoal|Solar Beam|p1b: Rotom\n|-supereffective|p1b: Rotom|1\n|-damage|p1b: Rotom|0 fnt\n|faint|p1b: Rotom\n|move|p2b: Farigiraf|Psyshock|p1a: Floette\n|-activate|p1a: Floette|move: Protect\n|\n|-weather|SunnyDay|[upkeep]\n|upkeep\n|turn|8\n|\n|t:|1776120621\n|move|p2a: Torkoal|Eruption|p1a: Floette\n|-damage|p1a: Floette|0 fnt\n|faint|p1a: Floette\n|\n|win|rng go brrr\n|raw|confi_amc's rating: 1214 &rarr; <strong>1186</strong><br />(-28 for losing)\n|raw|rng go brrr's rating: 1166 &rarr; <strong>1194</strong><br />(+28 for winning)\n|l|\u2606confi_amc\n|player|p1|\n",
  "uploadtime": 1776121083,
  "views": 15,
  "formatid": "gen9championsvgc2026regma",
  "rating": 1186,
  "private": 0,
  "password": null
}