{
  "id": "gen9championsvgc2026regma-2583396708",
  "format": "[Gen 9 Champions] VGC 2026 Reg M-A",
  "players": [
    "L_Yami_H",
    "nazumi11674"
  ],
  "log": "|j|\u2606L_Yami_H\n|j|\u2606nazumi11674\n|t:|1776172821\n|gametype|doubles\n|player|p1|L_Yami_H|ghetsis|1221\n|player|p2|nazumi11674|1|1190\n|gen|9\n|tier|[Gen 9 Champions] VGC 2026 Reg M-A\n|rated|\n|rule|Species Clause: Limit one of each Pok\u00e9mon\n|rule|Item Clause: Limit 1 of each item\n|clearpoke\n|poke|p1|Sableye, L50, M|\n|poke|p1|Victreebel, L50, F|\n|poke|p1|Sneasler, L50, F|\n|poke|p1|Araquanid, L50, F|\n|poke|p1|Kingambit, L50, M|\n|poke|p1|Arcanine, L50, M|\n|poke|p2|Rampardos, L50, M|\n|poke|p2|Mimikyu, L50, M|\n|poke|p2|Ampharos, L50, F|\n|poke|p2|Araquanid, L50, F|\n|poke|p2|Aegislash, L50, F|\n|poke|p2|Incineroar, L50, F|\n|teampreview|4\n|inactive|Battle timer is ON: inactive players will automatically lose when time's up. (requested by nazumi11674)\n|inactive|L_Yami_H has 60 seconds left.\n|\n|t:|1776172922\n|teamsize|p1|4\n|teamsize|p2|4\n|start\n|switch|p1a: Dess|Sneasler, L50, F, shiny|100/100\n|switch|p1b: Checkers|Kingambit, L50, M, shiny|100/100\n|switch|p2a: Mimikyu|Mimikyu, L50, M|100/100\n|switch|p2b: Rampardos|Rampardos, L50, M|100/100\n|turn|1\n|inactive|L_Yami_H has 30 seconds left.\n|\n|t:|1776172948\n|switch|p2b: Aegislash|Aegislash, L50, F|100/100\n|move|p1a: Dess|Dire Claw|p2a: Mimikyu\n|-activate|p2a: Mimikyu|ability: Disguise\n|-damage|p2a: Mimikyu|100/100\n|-status|p2a: Mimikyu|par\n|detailschange|p2a: Mimikyu|Mimikyu-Busted, L50, M\n|-damage|p2a: Mimikyu|88/100 par|[from] pokemon: Mimikyu-Busted\n|move|p1b: Checkers|Iron Head|p2a: Mimikyu\n|-supereffective|p2a: Mimikyu|1\n|-damage|p2a: Mimikyu|0 fnt\n|faint|p2a: Mimikyu\n|\n|upkeep\n|\n|t:|1776172963\n|switch|p2a: Rampardos|Rampardos, L50, M|100/100\n|turn|2\n|\n|t:|1776172979\n|move|p2a: Rampardos|Protect|p2a: Rampardos\n|-singleturn|p2a: Rampardos|Protect\n|move|p1b: Checkers|Sucker Punch||[still]\n|-fail|p1b: Checkers\n|move|p1a: Dess|Close Combat|p2a: Rampardos\n|-activate|p2a: Rampardos|move: Protect\n|-formechange|p2b: Aegislash|Aegislash-Blade|\n|move|p2b: Aegislash|Sacred Sword|p1b: Checkers\n|-supereffective|p1b: Checkers|2\n|-damage|p1b: Checkers|0 fnt\n|faint|p1b: Checkers\n|\n|upkeep\n|\n|t:|1776172985\n|switch|p1b: Yami|Sableye, L50, M|100/100\n|turn|3\n|\n|t:|1776173002\n|switch|p2a: Ampharos|Ampharos, L50, F|100/100\n|move|p1a: Dess|Protect|p1a: Dess\n|-singleturn|p1a: Dess|Protect\n|-formechange|p2b: Aegislash|Aegislash|\n|move|p2b: Aegislash|King's Shield|p2b: Aegislash\n|-singleturn|p2b: Aegislash|Protect\n|move|p1b: Yami|Encore||[still]\n|-fail|p1b: Yami\n|\n|upkeep\n|turn|4\n|inactive|nazumi11674 has 30 seconds left.\n|\n|t:|1776173030\n|switch|p2b: Rampardos|Rampardos, L50, M|100/100\n|detailschange|p2a: Ampharos|Ampharos-Mega, L50, F\n|-mega|p2a: Ampharos|Ampharos|Ampharosite\n|-ability|p2a: Ampharos|Mold Breaker\n|move|p1b: Yami|Encore||[still]\n|-fail|p1b: Yami\n|move|p1a: Dess|Close Combat|p2a: Ampharos\n|-damage|p2a: Ampharos|42/100\n|-unboost|p1a: Dess|def|1\n|-unboost|p1a: Dess|spd|1\n|-enditem|p1a: Dess|White Herb\n|-clearnegativeboost|p1a: Dess|[silent]\n|move|p2a: Ampharos|Thunderbolt|p1a: Dess\n|-damage|p1a: Dess|10/100\n|\n|upkeep\n|turn|5\n|inactive|nazumi11674 has 30 seconds left.\n|\n|t:|1776173056\n|move|p2a: Ampharos|Protect|p2a: Ampharos\n|-singleturn|p2a: Ampharos|Protect\n|move|p1b: Yami|Sucker Punch|p2b: Rampardos\n|-damage|p2b: Rampardos|65/100\n|move|p1a: Dess|Close Combat|p2b: Rampardos\n|-supereffective|p2b: Rampardos|1\n|-damage|p2b: Rampardos|0 fnt\n|-unboost|p1a: Dess|def|1\n|-unboost|p1a: Dess|spd|1\n|faint|p2b: Rampardos\n|\n|upkeep\n|\n|t:|1776173064\n|switch|p2b: Aegislash|Aegislash, L50, F|100/100\n|turn|6\n|\n|t:|1776173083\n|move|p1b: Yami|Encore|p2a: Ampharos\n|-start|p2a: Ampharos|Encore\n|move|p2a: Ampharos|Protect|p2a: Ampharos\n|-singleturn|p2a: Ampharos|Protect\n|move|p1a: Dess|Dire Claw|p2a: Ampharos\n|-activate|p2a: Ampharos|move: Protect\n|-formechange|p2b: Aegislash|Aegislash-Blade|\n|move|p2b: Aegislash|Iron Head|p1a: Dess\n|-damage|p1a: Dess|0 fnt\n|faint|p1a: Dess\n|\n|upkeep\n|\n|t:|1776173091\n|switch|p1a: Baret|Victreebel, L50, F, shiny|100/100\n|turn|7\n|\n|t:|1776173114\n|detailschange|p1a: Baret|Victreebel-Mega, L50, F, shiny\n|-mega|p1a: Baret|Victreebel|Victreebelite\n|move|p2a: Ampharos|Protect||[still]\n|-fail|p2a: Ampharos\n|move|p1b: Yami|Sucker Punch|p2b: Aegislash\n|-supereffective|p2b: Aegislash|1\n|-damage|p2b: Aegislash|9/100\n|move|p1a: Baret|Giga Drain|p2b: Aegislash\n|-resisted|p2b: Aegislash|1\n|-damage|p2b: Aegislash|0 fnt\n|faint|p2b: Aegislash\n|\n|upkeep\n|turn|8\n|-message|nazumi11674 forfeited.\n|\n|win|L_Yami_H\n|raw|L_Yami_H's rating: 1221 &rarr; <strong>1244</strong><br />(+23 for winning)\n|raw|nazumi11674's rating: 1190 &rarr; <strong>1167</strong><br />(-23 for losing)\n|l|\u2606nazumi11674\n|player|p2|\n",
  "uploadtime": 1776173126,
  "views": 16,
  "formatid": "gen9championsvgc2026regma",
  "rating": 1167,
  "private": 0,
  "password": null
}