{
  "id": "gen9championsvgc2026regma-2582375923",
  "format": "[Gen 9 Champions] VGC 2026 Reg M-A",
  "players": [
    "JAMieC_123",
    "Iyuhv"
  ],
  "log": "|j|\u2606JAMieC_123\n|j|\u2606Iyuhv\n|t:|1776087475\n|gametype|doubles\n|player|p1|JAMieC_123|ltsurge|1000\n|player|p2|Iyuhv|170|1050\n|gen|9\n|tier|[Gen 9 Champions] VGC 2026 Reg M-A\n|rated|\n|rule|Species Clause: Limit one of each Pok\u00e9mon\n|rule|Item Clause: Limit 1 of each item\n|clearpoke\n|poke|p1|Sableye, L50, F|\n|poke|p1|Sinistcha, L50|\n|poke|p1|Floette-Eternal, L50, F|\n|poke|p1|Incineroar, L50, F|\n|poke|p1|Basculegion, L50, M|\n|poke|p1|Aerodactyl, L50, M|\n|poke|p2|Victreebel, L50, F|\n|poke|p2|Ninetales, L50, M|\n|poke|p2|Weavile, L50, F|\n|poke|p2|Whimsicott, L50, F|\n|poke|p2|Incineroar, L50, F|\n|poke|p2|Aerodactyl, L50, M|\n|teampreview|4\nJAMieC_123 has agreed to open team sheets.\n|inactive|Battle timer is ON: inactive players will automatically lose when time's up. (requested by JAMieC_123)\n|inactive|JAMieC_123 has 60 seconds left.\n|inactive|JAMieC_123 has 30 seconds left.\n|inactive|JAMieC_123 has 20 seconds left.\n|\n|t:|1776087567\n|teamsize|p1|4\n|teamsize|p2|4\n|start\n|switch|p1a: Basculegion|Basculegion, L50, M|100/100\n|switch|p1b: Aerodactyl|Aerodactyl, L50, M|100/100\n|switch|p2a: Victreebel|Victreebel, L50, F|100/100\n|switch|p2b: Ninetales|Ninetales, L50, M|100/100\n|-ability|p1b: Aerodactyl|Unnerve\n|-weather|SunnyDay|[from] ability: Drought|[of] p2b: Ninetales\n|turn|1\n|inactive|Iyuhv has 30 seconds left.\n|\n|t:|1776087592\n|move|p2a: Victreebel|Strength Sap|p1b: Aerodactyl\n|-unboost|p1b: Aerodactyl|atk|1\n|move|p1a: Basculegion|Flip Turn|p2b: Ninetales\n|-supereffective|p2b: Ninetales|1\n|-damage|p2b: Ninetales|42/100\n|\n|t:|1776087598\n|switch|p1a: Incineroar|Incineroar, L50, F|100/100|[from] Flip Turn\n|-ability|p1a: Incineroar|Intimidate|boost\n|-unboost|p2a: Victreebel|atk|1\n|-unboost|p2b: Ninetales|atk|1\n|move|p1b: Aerodactyl|Dual Wingbeat|p2a: Victreebel\n|-supereffective|p2a: Victreebel|1\n|-damage|p2a: Victreebel|61/100\n|-supereffective|p2a: Victreebel|1\n|-damage|p2a: Victreebel|25/100\n|-hitcount|p2a: Victreebel|2\n|move|p2b: Ninetales|Solar Beam||[still]\n|-prepare|p2b: Ninetales|Solar Beam\n|-anim|p2b: Ninetales|Solar Beam|p1a: Incineroar\n|-resisted|p1a: Incineroar|1\n|-damage|p1a: Incineroar|86/100\n|\n|-weather|SunnyDay|[upkeep]\n|upkeep\n|turn|2\n|inactive|Iyuhv has 30 seconds left.\n|inactive|Iyuhv has 20 seconds left.\n|inactive|Iyuhv has 15 seconds left.\n|inactive|Iyuhv has 10 seconds left.\n|inactive|Iyuhv has 5 seconds left.\n|\n|t:|1776087651\n|switch|p2a: Aerodactyl|Aerodactyl, L50, M|100/100\n|-ability|p2a: Aerodactyl|Unnerve\n|switch|p2b: Weavile|Weavile, L50, F|100/100\n|move|p1a: Incineroar|Fake Out|p2a: Aerodactyl\n|-resisted|p2a: Aerodactyl|1\n|-damage|p2a: Aerodactyl|93/100\n|move|p1b: Aerodactyl|Dual Wingbeat|p2b: Weavile|[miss]\n|-miss|p1b: Aerodactyl|p2b: Weavile\n|\n|-weather|SunnyDay|[upkeep]\n|upkeep\n|turn|3\n|inactive|JAMieC_123 has 30 seconds left.\n|inactive|Iyuhv has 30 seconds left.\n|\n|t:|1776087684\n|move|p1b: Aerodactyl|Wide Guard|p1b: Aerodactyl\n|-singleturn|p1b: Aerodactyl|Wide Guard\n|move|p2b: Weavile|Fake Out|p1b: Aerodactyl\n|-resisted|p1b: Aerodactyl|1\n|-damage|p1b: Aerodactyl|90/100\n|move|p2a: Aerodactyl|Rock Slide|p1a: Incineroar|[spread] \n|-activate|p1a: Incineroar|move: Wide Guard\n|-activate|p1b: Aerodactyl|move: Wide Guard\n|move|p1a: Incineroar|Parting Shot|p2a: Aerodactyl\n|-unboost|p2a: Aerodactyl|atk|1\n|-unboost|p2a: Aerodactyl|spa|1\n|\n|t:|1776087695\n|switch|p1a: Floette|Floette-Eternal, L50, F|100/100|[from] Parting Shot\n|\n|-weather|SunnyDay|[upkeep]\n|upkeep\n|turn|4\n|\n|t:|1776087710\n|switch|p1b: Incineroar|Incineroar, L50, F|86/100\n|-ability|p1b: Incineroar|Intimidate|boost\n|-unboost|p2a: Aerodactyl|atk|1\n|-unboost|p2b: Weavile|atk|1\n|-enditem|p2b: Weavile|White Herb\n|-clearnegativeboost|p2b: Weavile|[silent]\n|detailschange|p1a: Floette|Floette-Mega, L50, F\n|-mega|p1a: Floette|Floette|Floettite\n|-ability|p1a: Floette|Fairy Aura\n|move|p2a: Aerodactyl|Tailwind|p2a: Aerodactyl\n|-sidestart|p2: Iyuhv|move: Tailwind\n|move|p2b: Weavile|Ice Spinner|p1b: Incineroar\n|-resisted|p1b: Incineroar|1\n|-damage|p1b: Incineroar|72/100\n|move|p1a: Floette|Dazzling Gleam|p2a: Aerodactyl|[spread] p2a,p2b\n|-supereffective|p2b: Weavile|1\n|-damage|p2a: Aerodactyl|28/100\n|-damage|p2b: Weavile|0 fnt\n|faint|p2b: Weavile\n|\n|-weather|SunnyDay|[upkeep]\n|upkeep\n|\n|t:|1776087727\n|switch|p2b: Victreebel|Victreebel, L50, F|25/100\n|turn|5\n|\n|t:|1776087740\n|detailschange|p2b: Victreebel|Victreebel-Mega, L50, F\n|-mega|p2b: Victreebel|Victreebel|Victreebelite\n|move|p1b: Incineroar|Fake Out|p2b: Victreebel\n|-damage|p2b: Victreebel|11/100\n|move|p2a: Aerodactyl|Rock Slide|p1b: Incineroar|[spread] p1a,p1b\n|-supereffective|p1b: Incineroar|1\n|-damage|p1a: Floette|87/100\n|-damage|p1b: Incineroar|50/100\n|cant|p2b: Victreebel|flinch\n|move|p1a: Floette|Dazzling Gleam|p2b: Victreebel|[spread] p2a,p2b\n|-resisted|p2b: Victreebel|1\n|-crit|p2b: Victreebel\n|-damage|p2a: Aerodactyl|0 fnt\n|-damage|p2b: Victreebel|0 fnt\n|-damage|p1a: Floette|78/100|[from] ability: Innards Out|[of] p2b: Victreebel\n|-enditem|p1b: Incineroar|Sitrus Berry|[eat]\n|-heal|p1b: Incineroar|75/100|[from] item: Sitrus Berry\n|faint|p2a: Aerodactyl\n|faint|p2b: Victreebel\n|\n|-weather|none\n|upkeep\n|\n|t:|1776087748\n|switch|p2b: Ninetales|Ninetales, L50, M|42/100\n|-weather|SunnyDay|[from] ability: Drought|[of] p2b: Ninetales\n|turn|6\n|\n|t:|1776087768\n|move|p2b: Ninetales|Heat Wave|p1a: Floette|[spread] p1a,p1b\n|-resisted|p1b: Incineroar|1\n|-damage|p1a: Floette|42/100\n|-damage|p1b: Incineroar|55/100\n|move|p1a: Floette|Moonblast|p2b: Ninetales\n|-resisted|p2b: Ninetales|1\n|-crit|p2b: Ninetales\n|-damage|p2b: Ninetales|0 fnt\n|faint|p2b: Ninetales\n|\n|win|JAMieC_123\n|raw|JAMieC_123's rating: 1000 &rarr; <strong>1046</strong><br />(+46 for winning)\n|raw|Iyuhv's rating: 1050 &rarr; <strong>1030</strong><br />(-20 for losing)\n",
  "uploadtime": 1776087780,
  "views": 11,
  "formatid": "gen9championsvgc2026regma",
  "rating": 1030,
  "private": 0,
  "password": null
}