{
  "id": "gen9championsvgc2026regma-2581960175",
  "format": "[Gen 9 Champions] VGC 2026 Reg M-A",
  "players": [
    "Ambrow",
    "lobbychatlagsmypc"
  ],
  "log": "|j|\u2606Ambrow\n|j|\u2606lobbychatlagsmypc\n|t:|1776043429\n|gametype|doubles\n|player|p1|Ambrow|ethan|1248\n|player|p2|lobbychatlagsmypc|265|1287\n|gen|9\n|tier|[Gen 9 Champions] VGC 2026 Reg M-A\n|rated|\n|rule|Species Clause: Limit one of each Pok\u00e9mon\n|rule|Item Clause: Limit 1 of each item\n|clearpoke\n|poke|p1|Gliscor, L50, F|\n|poke|p1|Incineroar, L50, M|\n|poke|p1|Garchomp, L50, F|\n|poke|p1|Sinistcha, L50|\n|poke|p1|Tyranitar, L50, F|\n|poke|p1|Rotom-Wash, L50|\n|poke|p2|Mudsdale, L50, M|\n|poke|p2|Blastoise, L50, M|\n|poke|p2|Talonflame, L50, F|\n|poke|p2|Sinistcha, L50|\n|poke|p2|Floette-Eternal, L50, F|\n|poke|p2|Incineroar, L50, F|\n|teampreview|4\n|inactive|Battle timer is ON: inactive players will automatically lose when time's up. (requested by lobbychatlagsmypc)\n|inactive|Ambrow has 60 seconds left.\n|\n|t:|1776043494\n|teamsize|p1|4\n|teamsize|p2|4\n|start\n|switch|p1a: Rotom|Rotom-Wash, L50|100/100\n|switch|p1b: Incineroar|Incineroar, L50, M|100/100\n|switch|p2a: Incineroar|Incineroar, L50, F|100/100\n|switch|p2b: Floette|Floette-Eternal, L50, F|100/100\n|-ability|p2a: Incineroar|Intimidate|boost\n|-unboost|p1a: Rotom|atk|1\n|-unboost|p1b: Incineroar|atk|1\n|-ability|p1b: Incineroar|Intimidate|boost\n|-unboost|p2a: Incineroar|atk|1\n|-unboost|p2b: Floette|atk|1\n|turn|1\n|inactive|lobbychatlagsmypc has 30 seconds left.\n|inactive|lobbychatlagsmypc has 20 seconds left.\n|\n|t:|1776043530\n|switch|p2a: Blastoise|Blastoise, L50, M|100/100\n|move|p2b: Floette|Protect|p2b: Floette\n|-singleturn|p2b: Floette|Protect\n|move|p1b: Incineroar|Fake Out|p2b: Floette\n|-activate|p2b: Floette|move: Protect\n|move|p1a: Rotom|Hydro Pump|p2a: Blastoise\n|-resisted|p2a: Blastoise|1\n|-damage|p2a: Blastoise|77/100\n|\n|upkeep\n|turn|2\n|\n|t:|1776043555\n|move|p2a: Blastoise|Fake Out|p1a: Rotom\n|-damage|p1a: Rotom|93/100\n|move|p2b: Floette|Calm Mind|p2b: Floette\n|-boost|p2b: Floette|spa|1\n|-boost|p2b: Floette|spd|1\n|cant|p1a: Rotom|flinch\n|move|p1b: Incineroar|Parting Shot|p2b: Floette\n|-unboost|p2b: Floette|atk|1\n|-unboost|p2b: Floette|spa|1\n|\n|t:|1776043568\n|switch|p1b: Tyranitar|Tyranitar, L50, F|100/100|[from] Parting Shot\n|-weather|Sandstorm|[from] ability: Sand Stream|[of] p1b: Tyranitar\n|\n|-weather|Sandstorm|[upkeep]\n|-damage|p2b: Floette|94/100|[from] Sandstorm\n|-damage|p1a: Rotom|87/100|[from] Sandstorm\n|-damage|p2a: Blastoise|70/100|[from] Sandstorm\n|-heal|p1a: Rotom|93/100|[from] item: Leftovers\n|upkeep\n|turn|3\n|\n|t:|1776043584\n|switch|p2a: Incineroar|Incineroar, L50, F|100/100\n|-ability|p2a: Incineroar|Intimidate|boost\n|-unboost|p1a: Rotom|atk|1\n|-unboost|p1b: Tyranitar|atk|1\n|detailschange|p1b: Tyranitar|Tyranitar-Mega, L50, F\n|-mega|p1b: Tyranitar|Tyranitar|Tyranitarite\n|move|p2b: Floette|Protect|p2b: Floette\n|-singleturn|p2b: Floette|Protect\n|move|p1a: Rotom|Thunderbolt|p2a: Incineroar\n|-damage|p2a: Incineroar|66/100\n|move|p1b: Tyranitar|Rock Slide|p2b: Floette|[spread] p2a\n|-activate|p2b: Floette|move: Protect\n|-supereffective|p2a: Incineroar|1\n|-damage|p2a: Incineroar|12/100\n|\n|-weather|Sandstorm|[upkeep]\n|-damage|p2b: Floette|88/100|[from] Sandstorm\n|-damage|p1a: Rotom|87/100|[from] Sandstorm\n|-damage|p2a: Incineroar|6/100|[from] Sandstorm\n|-heal|p1a: Rotom|93/100|[from] item: Leftovers\n|upkeep\n|turn|4\n|\n|t:|1776043608\n|detailschange|p2b: Floette|Floette-Mega, L50, F\n|-mega|p2b: Floette|Floette|Floettite\n|-ability|p2b: Floette|Fairy Aura\n|move|p1b: Tyranitar|Protect|p1b: Tyranitar\n|-singleturn|p1b: Tyranitar|Protect\n|move|p2a: Incineroar|Fake Out|p1b: Tyranitar\n|-activate|p1b: Tyranitar|move: Protect\n|move|p2b: Floette|Dazzling Gleam|p1a: Rotom|[spread] p1a\n|-activate|p1b: Tyranitar|move: Protect\n|-damage|p1a: Rotom|45/100\n|move|p1a: Rotom|Thunderbolt|p2b: Floette\n|-damage|p2b: Floette|67/100\n|\n|-weather|Sandstorm|[upkeep]\n|-damage|p2b: Floette|60/100|[from] Sandstorm\n|-damage|p1a: Rotom|39/100|[from] Sandstorm\n|-damage|p2a: Incineroar|0 fnt|[from] Sandstorm\n|faint|p2a: Incineroar\n|-heal|p1a: Rotom|45/100|[from] item: Leftovers\n|upkeep\n|\n|t:|1776043616\n|switch|p2a: Talonflame|Talonflame, L50, F|100/100\n|turn|5\n|\n|t:|1776043626\n|move|p2a: Talonflame|Tailwind|p2a: Talonflame\n|-sidestart|p2: lobbychatlagsmypc|move: Tailwind\n|move|p2b: Floette|Dazzling Gleam|p1a: Rotom|[spread] p1a,p1b\n|-supereffective|p1b: Tyranitar|1\n|-damage|p1a: Rotom|0 fnt\n|-damage|p1b: Tyranitar|51/100\n|faint|p1a: Rotom\n|move|p1b: Tyranitar|Rock Slide|p2a: Talonflame|[spread] p2a,p2b\n|-supereffective|p2a: Talonflame|2\n|-damage|p2a: Talonflame|0 fnt\n|-damage|p2b: Floette|35/100\n|faint|p2a: Talonflame\n|\n|-weather|Sandstorm|[upkeep]\n|-damage|p2b: Floette|29/100|[from] Sandstorm\n|upkeep\n|\n|t:|1776043636\n|switch|p2a: Blastoise|Blastoise, L50, M|70/100\n|switch|p1a: Incineroar|Incineroar, L50, M|100/100\n|-ability|p1a: Incineroar|Intimidate|boost\n|-unboost|p2a: Blastoise|atk|1\n|-unboost|p2b: Floette|atk|1\n|turn|6\n|\n|t:|1776043647\n|move|p2a: Blastoise|Fake Out|p1a: Incineroar\n|-damage|p1a: Incineroar|96/100\n|cant|p1a: Incineroar|flinch\n|move|p2b: Floette|Moonblast|p1b: Tyranitar\n|-supereffective|p1b: Tyranitar|1\n|-damage|p1b: Tyranitar|0 fnt\n|faint|p1b: Tyranitar\n|\n|-weather|none\n|upkeep\n|\n|t:|1776043654\n|switch|p1b: Garchomp|Garchomp, L50, F|100/100\n|turn|7\n|inactive|Ambrow has 30 seconds left.\n|inactive|Ambrow has 20 seconds left.\n|inactive|Ambrow has 15 seconds left.\n|inactive|Ambrow has 10 seconds left.\n|\n|t:|1776043701\n|move|p2b: Floette|Dazzling Gleam|p1b: Garchomp|[spread] p1a,p1b\n|-supereffective|p1b: Garchomp|1\n|-damage|p1a: Incineroar|52/100\n|-damage|p1b: Garchomp|2/100\n|move|p1b: Garchomp|Stomping Tantrum|p2a: Blastoise\n|-damage|p2a: Blastoise|34/100\n|move|p2a: Blastoise|Water Spout|p1a: Incineroar|[spread] p1a,p1b\n|-supereffective|p1a: Incineroar|1\n|-crit|p1a: Incineroar\n|-damage|p1a: Incineroar|0 fnt\n|-damage|p1b: Garchomp|0 fnt\n|faint|p1a: Incineroar\n|faint|p1b: Garchomp\n|\n|win|lobbychatlagsmypc\n|raw|Ambrow's rating: 1248 &rarr; <strong>1226</strong><br />(-22 for losing)\n|raw|lobbychatlagsmypc's rating: 1287 &rarr; <strong>1309</strong><br />(+22 for winning)\n|l|\u2606Ambrow\n|player|p1|\n",
  "uploadtime": 1776043706,
  "views": 29,
  "formatid": "gen9championsvgc2026regma",
  "rating": 1226,
  "private": 0,
  "password": null
}