{
  "id": "gen9championsvgc2026regma-2586858215",
  "format": "[Gen 9 Champions] VGC 2026 Reg M-A",
  "players": [
    "afkchampion",
    "LeoZeuz7"
  ],
  "log": "|j|\u2606afkchampion\n|j|\u2606LeoZeuz7\n|t:|1776465931\n|gametype|doubles\n|player|p1|afkchampion|266|1000\n|player|p2|LeoZeuz7|1|1028\n|gen|9\n|tier|[Gen 9 Champions] VGC 2026 Reg M-A\n|rated|\n|rule|Species Clause: Limit one of each Pok\u00e9mon\n|rule|Item Clause: Limit 1 of each item\n|clearpoke\n|poke|p1|Skarmory, L50, M|\n|poke|p1|Garchomp, L50, M|\n|poke|p1|Politoed, L50, F|\n|poke|p1|Alcremie-Mint-Cream, L50, F|\n|poke|p1|Toxicroak, L50, F|\n|poke|p1|Rotom-Mow, L50|\n|poke|p2|Garchomp, L50, M|\n|poke|p2|Tyranitar, L50, M|\n|poke|p2|Excadrill, L50, M|\n|poke|p2|Incineroar, L50, M|\n|poke|p2|Drampa, L50, F|\n|poke|p2|Rotom-Mow, L50|\n|teampreview|4\nafkchampion rejected open team sheets.\n|inactive|Battle timer is ON: inactive players will automatically lose when time's up. (requested by afkchampion)\n|inactive|afkchampion has 60 seconds left.\n|inactive|LeoZeuz7 has 60 seconds left.\n|l|\u2606LeoZeuz7\n|inactive|LeoZeuz7 disconnected and has a minute to reconnect!\n|player|p2|\n|j|\u2606LeoZeuz7\n|inactive|LeoZeuz7 reconnected and has 45 seconds left.\n|player|p2|LeoZeuz7|1|\n|inactive|LeoZeuz7 has 30 seconds left.\n|\n|t:|1776465998\n|teamsize|p1|4\n|teamsize|p2|4\n|start\n|switch|p1a: Skarmory|Skarmory, L50, M, shiny|100/100\n|switch|p1b: Toxicroak|Toxicroak, L50, F, shiny|100/100\n|switch|p2a: Excadrill|Excadrill, L50, M|100/100\n|switch|p2b: Incineroar|Incineroar, L50, M|100/100\n|-ability|p2b: Incineroar|Intimidate|boost\n|-unboost|p1a: Skarmory|atk|1\n|-unboost|p1b: Toxicroak|atk|1\n|turn|1\n|\n|t:|1776466013\n|move|p1b: Toxicroak|Fake Out|p2b: Incineroar\n|-damage|p2b: Incineroar|92/100\n|cant|p2b: Incineroar|flinch\n|move|p2a: Excadrill|Drill Run|p1b: Toxicroak\n|-supereffective|p1b: Toxicroak|1\n|-enditem|p1b: Toxicroak|Focus Sash\n|-damage|p1b: Toxicroak|1/100\n|move|p1a: Skarmory|Tailwind|p1a: Skarmory\n|-sidestart|p1: afkchampion|move: Tailwind\n|\n|-heal|p2b: Incineroar|98/100|[from] item: Leftovers\n|upkeep\n|turn|2\n|\n|t:|1776466032\n|switch|p1a: Garchomp|Garchomp, L50, M|100/100\n|switch|p2a: Tyranitar|Tyranitar, L50, M|100/100\n|-weather|Sandstorm|[from] ability: Sand Stream|[of] p2a: Tyranitar\n|move|p1b: Toxicroak|Close Combat|p2a: Tyranitar\n|-supereffective|p2a: Tyranitar|2\n|-damage|p2a: Tyranitar|0 fnt\n|-unboost|p1b: Toxicroak|def|1\n|-unboost|p1b: Toxicroak|spd|1\n|faint|p2a: Tyranitar\n|move|p2b: Incineroar|Parting Shot|p1a: Garchomp\n|-unboost|p1a: Garchomp|atk|1\n|-unboost|p1a: Garchomp|spa|1\n|\n|t:|1776466048\n|switch|p2b: Garchomp|Garchomp, L50, M|100/100|[from] Parting Shot\n|\n|-weather|Sandstorm|[upkeep]\n|-damage|p1b: Toxicroak|0 fnt|[from] Sandstorm\n|faint|p1b: Toxicroak\n|upkeep\n|\n|t:|1776466059\n|switch|p1b: Politoed|Politoed, L50, F, shiny|100/100\n|switch|p2a: Incineroar|Incineroar, L50, M|98/100\n|-weather|RainDance|[from] ability: Drizzle|[of] p1b: Politoed\n|-ability|p2a: Incineroar|Intimidate|boost\n|-unboost|p1a: Garchomp|atk|1\n|-unboost|p1b: Politoed|atk|1\n|turn|3\n|\n|t:|1776466078\n|switch|p1a: Skarmory|Skarmory, L50, M, shiny|100/100\n|move|p2a: Incineroar|Fake Out|p1b: Politoed\n|-damage|p1b: Politoed|87/100\n|cant|p1b: Politoed|flinch\n|move|p2b: Garchomp|Dragon Claw|p1a: Skarmory\n|-resisted|p1a: Skarmory|1\n|-damage|p1a: Skarmory|81/100\n|\n|-weather|RainDance|[upkeep]\n|-heal|p2a: Incineroar|100/100|[from] item: Leftovers\n|upkeep\n|turn|4\n|\n|t:|1776466102\n|detailschange|p1a: Skarmory|Skarmory-Mega, L50, M, shiny\n|-mega|p1a: Skarmory|Skarmory|Skarmorite\n|move|p1a: Skarmory|Brave Bird|p2a: Incineroar\n|-damage|p2a: Incineroar|48/100\n|-damage|p1a: Skarmory|61/100|[from] Recoil\n|move|p1b: Politoed|Icy Wind|p2b: Garchomp|[spread] p2a,p2b\n|-resisted|p2a: Incineroar|1\n|-supereffective|p2b: Garchomp|2\n|-damage|p2a: Incineroar|44/100\n|-damage|p2b: Garchomp|52/100\n|-unboost|p2a: Incineroar|spe|1\n|-unboost|p2b: Garchomp|spe|1\n|move|p2b: Garchomp|Dragon Claw|p1b: Politoed\n|-damage|p1b: Politoed|29/100\n|-enditem|p1b: Politoed|Sitrus Berry|[eat]\n|-heal|p1b: Politoed|54/100|[from] item: Sitrus Berry\n|move|p2a: Incineroar|Parting Shot|p1a: Skarmory\n|-unboost|p1a: Skarmory|atk|1\n|-unboost|p1a: Skarmory|spa|1\n|\n|t:|1776466120\n|switch|p2a: Excadrill|Excadrill, L50, M|100/100|[from] Parting Shot\n|\n|-weather|RainDance|[upkeep]\n|-sideend|p1: afkchampion|move: Tailwind\n|upkeep\n|turn|5\n|\n|t:|1776466130\n|move|p1b: Politoed|Protect|p1b: Politoed\n|-singleturn|p1b: Politoed|Protect\n|move|p1a: Skarmory|Tailwind|p1a: Skarmory\n|-sidestart|p1: afkchampion|move: Tailwind\n|move|p2a: Excadrill|Rock Slide|p1a: Skarmory|[spread] p1a\n|-activate|p1b: Politoed|move: Protect\n|-damage|p1a: Skarmory|37/100\n|move|p2b: Garchomp|Dragon Claw|p1b: Politoed\n|-activate|p1b: Politoed|move: Protect\n|\n|-weather|RainDance|[upkeep]\n|upkeep\n|turn|6\n|inactive|afkchampion has 30 seconds left.\n|inactive|LeoZeuz7 has 30 seconds left.\n|inactive|afkchampion has 20 seconds left.\n|inactive|LeoZeuz7 has 20 seconds left.\n|\n|t:|1776466167\n|move|p1a: Skarmory|Iron Head|p2b: Garchomp\n|-damage|p2b: Garchomp|25/100\n|move|p1b: Politoed|Icy Wind|p2b: Garchomp|[spread] p2a,p2b\n|-supereffective|p2b: Garchomp|2\n|-damage|p2a: Excadrill|86/100\n|-damage|p2b: Garchomp|0 fnt\n|-unboost|p2a: Excadrill|spe|1\n|faint|p2b: Garchomp\n|move|p2a: Excadrill|Rock Slide|p1b: Politoed|[spread] p1a,p1b\n|-damage|p1a: Skarmory|12/100\n|-damage|p1b: Politoed|30/100\n|\n|-weather|RainDance|[upkeep]\n|upkeep\n|\n|t:|1776466180\n|switch|p2b: Incineroar|Incineroar, L50, M|44/100\n|-ability|p2b: Incineroar|Intimidate|boost\n|-unboost|p1a: Skarmory|atk|1\n|-unboost|p1b: Politoed|atk|1\n|turn|7\n|\n|t:|1776466190\n|switch|p1a: Garchomp|Garchomp, L50, M|100/100\n|move|p1b: Politoed|Protect|p1b: Politoed\n|-singleturn|p1b: Politoed|Protect\n|move|p2b: Incineroar|Fake Out|p1b: Politoed\n|-activate|p1b: Politoed|move: Protect\n|move|p2a: Excadrill|Rock Slide|p1b: Politoed|[spread] p1a\n|-activate|p1b: Politoed|move: Protect\n|-resisted|p1a: Garchomp|1\n|-damage|p1a: Garchomp|89/100\n|\n|-weather|none\n|-heal|p2b: Incineroar|50/100|[from] item: Leftovers\n|upkeep\n|turn|8\n|c|\u2606afkchampion|gg\n|\n|t:|1776466213\n|switch|p1b: Skarmory|Skarmory-Mega, L50, M, shiny|12/100\n|move|p1a: Garchomp|Earthquake|p2a: Excadrill|[spread] p2a,p2b\n|-immune|p1b: Skarmory\n|-supereffective|p2a: Excadrill|1\n|-crit|p2a: Excadrill\n|-supereffective|p2b: Incineroar|1\n|-damage|p2a: Excadrill|0 fnt\n|-damage|p2b: Incineroar|0 fnt\n|faint|p2a: Excadrill\n|faint|p2b: Incineroar\n|\n|win|afkchampion\n|raw|afkchampion's rating: 1000 &rarr; <strong>1043</strong><br />(+43 for winning)\n|raw|LeoZeuz7's rating: 1028 &rarr; <strong>1013</strong><br />(-15 for losing)\n|l|\u2606LeoZeuz7\n|player|p2|\n",
  "uploadtime": 1776466227,
  "views": 35,
  "formatid": "gen9championsvgc2026regma",
  "rating": 1013,
  "private": 0,
  "password": null
}