{
  "id": "gen9championsvgc2026regma-2581971053",
  "format": "[Gen 9 Champions] VGC 2026 Reg M-A",
  "players": [
    "JemonLuice",
    "RealJCubed"
  ],
  "log": "|j|\u2606JemonLuice\n|j|\u2606RealJCubed\n|t:|1776044410\n|gametype|doubles\n|player|p1|JemonLuice|170|1058\n|player|p2|RealJCubed|gentleman|1078\n|gen|9\n|tier|[Gen 9 Champions] VGC 2026 Reg M-A\n|rated|\n|rule|Species Clause: Limit one of each Pok\u00e9mon\n|rule|Item Clause: Limit 1 of each item\n|clearpoke\n|poke|p1|Tyranitar, L50, M|\n|poke|p1|Sinistcha, L50|\n|poke|p1|Sneasler, L50, M|\n|poke|p1|Rotom-Wash, L50|\n|poke|p1|Aerodactyl, L50, M|\n|poke|p1|Incineroar, L50, F|\n|poke|p2|Klefki, L50, M|\n|poke|p2|Chimecho, L50, M|\n|poke|p2|Clefable, L50, F|\n|poke|p2|Palafin, L50, M|\n|poke|p2|Typhlosion-Hisui, L50, F|\n|poke|p2|Kingambit, L50, M|\n|teampreview|4\n|\n|t:|1776044448\n|teamsize|p1|4\n|teamsize|p2|4\n|start\n|switch|p1a: Aerodactyl|Aerodactyl, L50, M|100/100\n|switch|p1b: Incineroar|Incineroar, L50, F|100/100\n|switch|p2a: Clefable|Clefable, L50, F|100/100\n|switch|p2b: Palafin|Palafin, L50, M|100/100\n|-ability|p1a: Aerodactyl|Unnerve\n|-ability|p1b: Incineroar|Intimidate|boost\n|-unboost|p2a: Clefable|atk|1\n|-unboost|p2b: Palafin|atk|1\n|turn|1\n|\n|t:|1776044494\n|move|p1b: Incineroar|Fake Out|p2b: Palafin\n|-damage|p2b: Palafin|82/100\n|move|p2a: Clefable|Follow Me|p2a: Clefable\n|-singleturn|p2a: Clefable|move: Follow Me\n|move|p1a: Aerodactyl|Tailwind|p1a: Aerodactyl\n|-sidestart|p1: JemonLuice|move: Tailwind\n|cant|p2b: Palafin|flinch\n|\n|upkeep\n|turn|2\n|\n|t:|1776044549\n|switch|p1a: Sinistcha|Sinistcha, L50|100/100\n|move|p2a: Clefable|Follow Me|p2a: Clefable\n|-singleturn|p2a: Clefable|move: Follow Me\n|move|p1b: Incineroar|Parting Shot|p2a: Clefable\n|-unboost|p2a: Clefable|atk|1\n|-unboost|p2a: Clefable|spa|1\n|\n|t:|1776044562\n|switch|p1b: Aerodactyl|Aerodactyl, L50, M|100/100|[from] Parting Shot\n|-ability|p1b: Aerodactyl|Unnerve\n|move|p2b: Palafin|Flip Turn|p1a: Sinistcha\n|-resisted|p1a: Sinistcha|1\n|-damage|p1a: Sinistcha|95/100\n|inactive|Battle timer is ON: inactive players will automatically lose when time's up. (requested by JemonLuice)\n|\n|t:|1776044626\n|detailschange|p2b: Palafin|Palafin-Hero, L50, M\n|switch|p2b: Chimecho|Chimecho, L50, M|100/100|[from] Flip Turn\n|\n|-heal|p1a: Sinistcha|100/100|[from] item: Leftovers\n|upkeep\n|turn|3\n|inactive|JemonLuice has 30 seconds left.\n|inactive|RealJCubed has 30 seconds left.\n|\n|t:|1776044657\n|detailschange|p2b: Chimecho|Chimecho-Mega, L50, M\n|-mega|p2b: Chimecho|Chimecho|Chimechite\n|move|p1b: Aerodactyl|Protect|p1b: Aerodactyl\n|-singleturn|p1b: Aerodactyl|Protect\n|move|p1a: Sinistcha|Matcha Gotcha|p2a: Clefable|[spread] p2a,p2b\n|-resisted|p2b: Chimecho|1\n|-damage|p2a: Clefable|85/100\n|-damage|p2b: Chimecho|93/100\n|-status|p2b: Chimecho|brn\n|move|p2b: Chimecho|Cosmic Power|p2b: Chimecho\n|-boost|p2b: Chimecho|def|1\n|-boost|p2b: Chimecho|spd|1\n|move|p2a: Clefable|Mystical Fire|p1a: Sinistcha\n|-supereffective|p1a: Sinistcha|1\n|-damage|p1a: Sinistcha|76/100\n|-unboost|p1a: Sinistcha|spa|1\n|\n|-heal|p1a: Sinistcha|82/100|[from] item: Leftovers\n|-heal|p2a: Clefable|91/100|[from] item: Leftovers\n|-damage|p2b: Chimecho|87/100 brn|[from] brn\n|upkeep\n|turn|4\n|inactive|JemonLuice has 30 seconds left.\n|inactive|RealJCubed has 30 seconds left.\n|\n|t:|1776044689\n|switch|p1a: Incineroar|Incineroar, L50, F|100/100\n|-ability|p1a: Incineroar|Intimidate|boost\n|-unboost|p2a: Clefable|atk|1\n|-unboost|p2b: Chimecho|atk|1\n|move|p1b: Aerodactyl|Stone Edge|p2a: Clefable\n|-damage|p2a: Clefable|39/100\n|move|p2b: Chimecho|Cosmic Power|p2b: Chimecho\n|-boost|p2b: Chimecho|def|1\n|-boost|p2b: Chimecho|spd|1\n|move|p2a: Clefable|Mystical Fire|p1a: Incineroar\n|-resisted|p1a: Incineroar|1\n|-damage|p1a: Incineroar|95/100\n|-unboost|p1a: Incineroar|spa|1\n|\n|-heal|p2a: Clefable|45/100|[from] item: Leftovers\n|-damage|p2b: Chimecho|80/100 brn|[from] brn\n|-sideend|p1: JemonLuice|move: Tailwind\n|upkeep\n|turn|5\n|inactive|JemonLuice has 30 seconds left.\n|\n|t:|1776044719\n|move|p1b: Aerodactyl|Stone Edge|p2a: Clefable\n|-damage|p2a: Clefable|0 fnt\n|faint|p2a: Clefable\n|move|p2b: Chimecho|Recover|p2b: Chimecho\n|-heal|p2b: Chimecho|100/100 brn\n|move|p1a: Incineroar|Flare Blitz|p2b: Chimecho\n|-supereffective|p2b: Chimecho|1\n|-damage|p2b: Chimecho|47/100 brn\n|-damage|p1a: Incineroar|81/100|[from] Recoil\n|\n|-damage|p2b: Chimecho|40/100 brn|[from] brn\n|upkeep\n|inactive|RealJCubed has 30 seconds left.\n|inactive|RealJCubed has 20 seconds left.\n|inactive|RealJCubed has 15 seconds left.\n|\n|t:|1776044760\n|switch|p2a: Palafin|Palafin-Hero, L50, M|82/100\n|-activate|p2a: Palafin|ability: Zero to Hero\n|turn|6\n|\n|t:|1776044782\n|move|p1b: Aerodactyl|Stone Edge|p2a: Palafin|[miss]\n|-miss|p1b: Aerodactyl|p2a: Palafin\n|move|p2a: Palafin|Wave Crash|p1a: Incineroar\n|-supereffective|p1a: Incineroar|1\n|-damage|p1a: Incineroar|0 fnt\n|faint|p1a: Incineroar\n|-damage|p2a: Palafin|52/100|[from] Recoil\n|move|p2b: Chimecho|Recover|p2b: Chimecho\n|-heal|p2b: Chimecho|90/100 brn\n|\n|-damage|p2b: Chimecho|84/100 brn|[from] brn\n|upkeep\n|\n|t:|1776044794\n|switch|p1a: Sinistcha|Sinistcha, L50|82/100\n|turn|7\n|\n|t:|1776044815\n|move|p1b: Aerodactyl|Protect|p1b: Aerodactyl\n|-singleturn|p1b: Aerodactyl|Protect\n|move|p2a: Palafin|Flip Turn|p1b: Aerodactyl\n|-activate|p1b: Aerodactyl|move: Protect\n|move|p1a: Sinistcha|Matcha Gotcha|p2a: Palafin|[spread] p2a,p2b\n|-supereffective|p2a: Palafin|1\n|-resisted|p2b: Chimecho|1\n|-damage|p2a: Palafin|0 fnt\n|-heal|p1a: Sinistcha|100/100|[from] drain|[of] p2a: Palafin\n|-damage|p2b: Chimecho|80/100 brn\n|faint|p2a: Palafin\n|move|p2b: Chimecho|Snarl|p1a: Sinistcha|[spread] p1a\n|-activate|p1b: Aerodactyl|move: Protect\n|-supereffective|p1a: Sinistcha|1\n|-damage|p1a: Sinistcha|74/100\n|-unboost|p1a: Sinistcha|spa|1\n|\n|-heal|p1a: Sinistcha|80/100|[from] item: Leftovers\n|-damage|p2b: Chimecho|74/100 brn|[from] brn\n|upkeep\n|\n|t:|1776044821\n|switch|p2a: Klefki|Klefki, L50, M|100/100\n|turn|8\n|inactive|JemonLuice has 30 seconds left.\n|\n|t:|1776044855\n|switch|p1a: Tyranitar|Tyranitar, L50, M|100/100\n|-weather|Sandstorm|[from] ability: Sand Stream|[of] p1a: Tyranitar\n|move|p2a: Klefki|Thunder Wave|p1b: Aerodactyl|[miss]\n|-miss|p2a: Klefki|p1b: Aerodactyl\n|move|p1b: Aerodactyl|Tailwind|p1b: Aerodactyl\n|-sidestart|p1: JemonLuice|move: Tailwind\n|move|p2b: Chimecho|Cosmic Power|p2b: Chimecho\n|-boost|p2b: Chimecho|def|1\n|-boost|p2b: Chimecho|spd|1\n|\n|-weather|Sandstorm|[upkeep]\n|-damage|p2b: Chimecho|67/100 brn|[from] brn\n|upkeep\n|turn|9\n|inactive|RealJCubed has 30 seconds left.\n|\n|t:|1776044882\n|detailschange|p1a: Tyranitar|Tyranitar-Mega, L50, M\n|-mega|p1a: Tyranitar|Tyranitar|Tyranitarite\n|move|p2a: Klefki|Reflect|p2a: Klefki\n|-sidestart|p2: RealJCubed|Reflect\n|move|p1b: Aerodactyl|Stone Edge|p2b: Chimecho\n|-resisted|p2b: Chimecho|1\n|-damage|p2b: Chimecho|62/100 brn\n|move|p1a: Tyranitar|Dragon Dance|p1a: Tyranitar\n|-boost|p1a: Tyranitar|atk|1\n|-boost|p1a: Tyranitar|spe|1\n|move|p2b: Chimecho|Recover|p2b: Chimecho\n|-heal|p2b: Chimecho|100/100 brn\n|\n|-weather|Sandstorm|[upkeep]\n|-damage|p2b: Chimecho|94/100 brn|[from] brn\n|upkeep\n|turn|10\n|\n|t:|1776044899\n|move|p1b: Aerodactyl|Stone Edge|p2b: Chimecho\n|-resisted|p2b: Chimecho|1\n|-damage|p2b: Chimecho|88/100 brn\n|move|p1a: Tyranitar|Knock Off|p2b: Chimecho\n|-supereffective|p2b: Chimecho|1\n|-damage|p2b: Chimecho|52/100 brn\n|move|p2a: Klefki|Dazzling Gleam|p1a: Tyranitar|[spread] p1a,p1b\n|-supereffective|p1a: Tyranitar|1\n|-damage|p1a: Tyranitar|83/100\n|-damage|p1b: Aerodactyl|83/100\n|move|p2b: Chimecho|Stored Power|p1b: Aerodactyl\n|-damage|p1b: Aerodactyl|24/100\n|\n|-weather|Sandstorm|[upkeep]\n|-damage|p2b: Chimecho|46/100 brn|[from] brn\n|upkeep\n|turn|11\n|\n|t:|1776044921\n|move|p1b: Aerodactyl|Protect|p1b: Aerodactyl\n|-singleturn|p1b: Aerodactyl|Protect\n|move|p1a: Tyranitar|Knock Off|p2b: Chimecho\n|-supereffective|p2b: Chimecho|1\n|-damage|p2b: Chimecho|15/100 brn\n|move|p2a: Klefki|Dazzling Gleam|p1a: Tyranitar|[spread] p1a\n|-activate|p1b: Aerodactyl|move: Protect\n|-supereffective|p1a: Tyranitar|1\n|-damage|p1a: Tyranitar|66/100\n|move|p2b: Chimecho|Recover|p2b: Chimecho\n|-heal|p2b: Chimecho|65/100 brn\n|\n|-weather|Sandstorm|[upkeep]\n|-damage|p2b: Chimecho|59/100 brn|[from] brn\n|-sideend|p1: JemonLuice|move: Tailwind\n|upkeep\n|turn|12\n|inactive|RealJCubed has 30 seconds left.\n|\n|t:|1776044948\n|switch|p1b: Sinistcha|Sinistcha, L50|80/100\n|-heal|p1a: Tyranitar|91/100|[from] ability: Hospitality|[of] p1b: Sinistcha\n|move|p1a: Tyranitar|Knock Off|p2b: Chimecho\n|-supereffective|p2b: Chimecho|1\n|-damage|p2b: Chimecho|22/100 brn\n|move|p2a: Klefki|Dazzling Gleam|p1a: Tyranitar|[spread] p1a,p1b\n|-supereffective|p1a: Tyranitar|1\n|-damage|p1a: Tyranitar|73/100\n|-damage|p1b: Sinistcha|61/100\n|move|p2b: Chimecho|Recover|p2b: Chimecho\n|-heal|p2b: Chimecho|72/100 brn\n|\n|-weather|none\n|-heal|p1b: Sinistcha|67/100|[from] item: Leftovers\n|-damage|p2b: Chimecho|65/100 brn|[from] brn\n|upkeep\n|turn|13\n|\n|t:|1776044970\n|move|p2a: Klefki|Light Screen|p2a: Klefki\n|-sidestart|p2: RealJCubed|move: Light Screen\n|move|p1a: Tyranitar|Dragon Dance|p1a: Tyranitar\n|-boost|p1a: Tyranitar|atk|1\n|-boost|p1a: Tyranitar|spe|1\n|move|p1b: Sinistcha|Life Dew|p1b: Sinistcha|[spread] p1a,p1b\n|-heal|p1a: Tyranitar|98/100\n|-heal|p1b: Sinistcha|92/100\n|move|p2b: Chimecho|Cosmic Power|p2b: Chimecho\n|-boost|p2b: Chimecho|def|1\n|-boost|p2b: Chimecho|spd|1\n|\n|-heal|p1b: Sinistcha|98/100|[from] item: Leftovers\n|-damage|p2b: Chimecho|59/100 brn|[from] brn\n|-sideend|p2: RealJCubed|Reflect\n|upkeep\n|turn|14\n|\n|t:|1776044986\n|move|p1b: Sinistcha|Rage Powder|p1b: Sinistcha\n|-singleturn|p1b: Sinistcha|move: Rage Powder\n|move|p2a: Klefki|Reflect|p2a: Klefki\n|-sidestart|p2: RealJCubed|Reflect\n|move|p1a: Tyranitar|Knock Off|p2b: Chimecho\n|-supereffective|p2b: Chimecho|1\n|-damage|p2b: Chimecho|24/100 brn\n|move|p2b: Chimecho|Recover|p2b: Chimecho\n|-heal|p2b: Chimecho|74/100 brn\n|\n|-heal|p1b: Sinistcha|100/100|[from] item: Leftovers\n|-damage|p2b: Chimecho|68/100 brn|[from] brn\n|upkeep\n|turn|15\n|\n|t:|1776045008\n|move|p1b: Sinistcha|Rage Powder|p1b: Sinistcha\n|-singleturn|p1b: Sinistcha|move: Rage Powder\n|move|p2a: Klefki|Thunder Wave|p1b: Sinistcha|[miss]\n|-miss|p2a: Klefki|p1b: Sinistcha\n|move|p1a: Tyranitar|Knock Off|p2b: Chimecho\n|-supereffective|p2b: Chimecho|1\n|-damage|p2b: Chimecho|30/100 brn\n|move|p2b: Chimecho|Cosmic Power|p2b: Chimecho\n|-boost|p2b: Chimecho|def|1\n|-boost|p2b: Chimecho|spd|1\n|\n|-damage|p2b: Chimecho|24/100 brn|[from] brn\n|upkeep\n|turn|16\n|\n|t:|1776045023\n|move|p1b: Sinistcha|Rage Powder|p1b: Sinistcha\n|-singleturn|p1b: Sinistcha|move: Rage Powder\n|move|p1a: Tyranitar|Knock Off|p2b: Chimecho\n|-supereffective|p2b: Chimecho|1\n|-damage|p2b: Chimecho|0 fnt\n|faint|p2b: Chimecho\n|move|p2a: Klefki|Dazzling Gleam|p1a: Tyranitar|[spread] p1a,p1b\n|-supereffective|p1a: Tyranitar|1\n|-damage|p1a: Tyranitar|72/100\n|-damage|p1b: Sinistcha|84/100\n|\n|-heal|p1b: Sinistcha|90/100|[from] item: Leftovers\n|upkeep\n|turn|17\n|-message|RealJCubed forfeited.\n|\n|win|JemonLuice\n|raw|JemonLuice's rating: 1058 &rarr; <strong>1091</strong><br />(+33 for winning)\n|raw|RealJCubed's rating: 1078 &rarr; <strong>1055</strong><br />(-23 for losing)\n|l|\u2606RealJCubed\n|player|p2|\n",
  "uploadtime": 1776045040,
  "views": 22,
  "formatid": "gen9championsvgc2026regma",
  "rating": 1055,
  "private": 0,
  "password": null
}