{
  "id": "gen9championsvgc2026regma-2584661546",
  "format": "[Gen 9 Champions] VGC 2026 Reg M-A",
  "players": [
    "mateobosques",
    "viviwontclutch"
  ],
  "log": "|j|\u2606mateobosques\n|j|\u2606viviwontclutch\n|t:|1776275160\n|gametype|doubles\n|player|p1|mateobosques|iris-gen5bw2|1053\n|player|p2|viviwontclutch|102|1072\n|gen|9\n|tier|[Gen 9 Champions] VGC 2026 Reg M-A\n|rated|\n|rule|Species Clause: Limit one of each Pok\u00e9mon\n|rule|Item Clause: Limit 1 of each item\n|clearpoke\n|poke|p1|Golurk, L50|\n|poke|p1|Aegislash, L50, F|\n|poke|p1|Vanilluxe, L50, M|\n|poke|p1|Whimsicott, L50, F|\n|poke|p1|Avalugg, L50, F|\n|poke|p1|Milotic, L50, F|\n|poke|p2|Meganium, L50, F|\n|poke|p2|Pelipper, L50, F|\n|poke|p2|Araquanid, L50, F|\n|poke|p2|Garchomp, L50, F|\n|poke|p2|Incineroar, L50, F|\n|poke|p2|Tyranitar, L50, F|\n|teampreview|4\nviviwontclutch rejected open team sheets.\n|\n|t:|1776275203\n|teamsize|p1|4\n|teamsize|p2|4\n|start\n|switch|p1a: Whimsicott|Whimsicott, L50, F|100/100\n|switch|p1b: Milotic|Milotic, L50, F, shiny|100/100\n|switch|p2a: Tyranitar|Tyranitar, L50, F|100/100\n|switch|p2b: Incineroar|Incineroar, L50, F|100/100\n|-weather|Sandstorm|[from] ability: Sand Stream|[of] p2a: Tyranitar\n|-ability|p2b: Incineroar|Intimidate|boost\n|-unboost|p1a: Whimsicott|atk|1\n|-unboost|p1b: Milotic|atk|1\n|-ability|p1b: Milotic|Competitive|boost\n|-boost|p1b: Milotic|spa|2\n|turn|1\n|\n|t:|1776275240\n|move|p1b: Milotic|Protect|p1b: Milotic\n|-singleturn|p1b: Milotic|Protect\n|move|p2b: Incineroar|Fake Out|p1a: Whimsicott\n|-damage|p1a: Whimsicott|85/100\n|cant|p1a: Whimsicott|flinch\n|move|p2a: Tyranitar|Avalanche|p1a: Whimsicott\n|-supereffective|p1a: Whimsicott|1\n|-damage|p1a: Whimsicott|24/100\n|\n|-weather|Sandstorm|[upkeep]\n|-damage|p1a: Whimsicott|18/100|[from] Sandstorm\n|-damage|p1b: Milotic|95/100|[from] Sandstorm\n|-damage|p2b: Incineroar|95/100|[from] Sandstorm\n|-heal|p2b: Incineroar|100/100|[from] item: Leftovers\n|upkeep\n|turn|2\n|\n|t:|1776275260\n|switch|p2b: Araquanid|Araquanid, L50, F|100/100\n|move|p1a: Whimsicott|Tailwind|p1a: Whimsicott\n|-sidestart|p1: mateobosques|move: Tailwind\n|move|p1b: Milotic|Scald|p2a: Tyranitar\n|-supereffective|p2a: Tyranitar|1\n|-damage|p2a: Tyranitar|21/100\n|-status|p2a: Tyranitar|brn\n|move|p2a: Tyranitar|Rock Slide|p1a: Whimsicott|[spread] p1a,p1b\n|-damage|p1a: Whimsicott|0 fnt\n|-damage|p1b: Milotic|80/100\n|faint|p1a: Whimsicott\n|\n|-weather|Sandstorm|[upkeep]\n|-damage|p1b: Milotic|74/100|[from] Sandstorm\n|-damage|p2b: Araquanid|95/100|[from] Sandstorm\n|-damage|p2a: Tyranitar|15/100 brn|[from] brn\n|upkeep\n|\n|t:|1776275269\n|switch|p1a: Vanilluxe|Vanilluxe, L50, M|100/100\n|-weather|Snowscape|[from] ability: Snow Warning|[of] p1a: Vanilluxe\n|turn|3\n|\n|t:|1776275289\n|move|p2a: Tyranitar|Protect|p2a: Tyranitar\n|-singleturn|p2a: Tyranitar|Protect\n|move|p1a: Vanilluxe|Blizzard|p2b: Araquanid|[spread] p2b\n|-activate|p2a: Tyranitar|move: Protect\n|-resisted|p2b: Araquanid|1\n|-damage|p2b: Araquanid|76/100\n|move|p1b: Milotic|Hydro Pump|p2b: Araquanid\n|-resisted|p2b: Araquanid|1\n|-damage|p2b: Araquanid|25/100\n|move|p2b: Araquanid|Liquidation|p1a: Vanilluxe\n|-damage|p1a: Vanilluxe|22/100\n|-unboost|p1a: Vanilluxe|def|1\n|\n|-weather|Snowscape|[upkeep]\n|-damage|p2a: Tyranitar|9/100 brn|[from] brn\n|upkeep\n|turn|4\n|\n|t:|1776275318\n|switch|p2a: Garchomp|Garchomp, L50, F|100/100\n|move|p1a: Vanilluxe|Blizzard|p2b: Araquanid|[spread] p2a,p2b\n|-supereffective|p2a: Garchomp|2\n|-enditem|p2a: Garchomp|Yache Berry|[eat]\n|-enditem|p2a: Garchomp|Yache Berry|[weaken]\n|-resisted|p2b: Araquanid|1\n|-crit|p2b: Araquanid\n|-damage|p2a: Garchomp|0 fnt\n|-damage|p2b: Araquanid|0 fnt\n|faint|p2a: Garchomp\n|faint|p2b: Araquanid\n|move|p1b: Milotic|Scald|p2: Garchomp|[notarget]\n|-fail|p1b: Milotic\n|\n|-weather|Snowscape|[upkeep]\n|upkeep\n|\n|t:|1776275330\n|switch|p2a: Incineroar|Incineroar, L50, F|100/100\n|switch|p2b: Tyranitar|Tyranitar, L50, F|9/100 brn\n|-weather|Sandstorm|[from] ability: Sand Stream|[of] p2b: Tyranitar\n|-ability|p2a: Incineroar|Intimidate|boost\n|-unboost|p1a: Vanilluxe|atk|1\n|-unboost|p1b: Milotic|atk|1\n|-ability|p1b: Milotic|Competitive|boost\n|-boost|p1b: Milotic|spa|2\n|turn|5\n|\n|t:|1776275347\n|move|p2a: Incineroar|Fake Out|p1b: Milotic\n|-damage|p1b: Milotic|65/100\n|move|p1a: Vanilluxe|Blizzard|p2a: Incineroar|[spread] p2a,p2b\n|-resisted|p2a: Incineroar|1\n|-crit|p2a: Incineroar\n|-damage|p2a: Incineroar|79/100\n|-damage|p2b: Tyranitar|0 fnt\n|-status|p2a: Incineroar|frz\n|faint|p2b: Tyranitar\n|cant|p1b: Milotic|flinch\n|\n|-weather|Sandstorm|[upkeep]\n|-damage|p1a: Vanilluxe|16/100|[from] Sandstorm\n|-damage|p1b: Milotic|59/100|[from] Sandstorm\n|-damage|p2a: Incineroar|73/100 frz|[from] Sandstorm\n|-heal|p2a: Incineroar|79/100 frz|[from] item: Leftovers\n|-sideend|p1: mateobosques|move: Tailwind\n|upkeep\n|turn|6\n|-message|viviwontclutch forfeited.\n|\n|win|mateobosques\n|raw|mateobosques's rating: 1053 &rarr; <strong>1087</strong><br />(+34 for winning)\n|raw|viviwontclutch's rating: 1072 &rarr; <strong>1050</strong><br />(-22 for losing)\n|l|\u2606viviwontclutch\n|player|p2|\n",
  "uploadtime": 1776275358,
  "views": 21,
  "formatid": "gen9championsvgc2026regma",
  "rating": 1050,
  "private": 0,
  "password": null
}