{
  "id": "gen9championsvgc2026regma-2585677080",
  "format": "[Gen 9 Champions] VGC 2026 Reg M-A",
  "players": [
    "Marcio Lira",
    "HitsuSenpai"
  ],
  "log": "|j|\u2606Marcio Lira\n|j|\u2606HitsuSenpai\n|t:|1776363000\n|gametype|doubles\n|player|p1|Marcio Lira|bugcatcher-gen4dp|1271\n|player|p2|HitsuSenpai|dawn|1298\n|gen|9\n|tier|[Gen 9 Champions] VGC 2026 Reg M-A\n|rated|\n|rule|Species Clause: Limit one of each Pok\u00e9mon\n|rule|Item Clause: Limit 1 of each item\n|clearpoke\n|poke|p1|Dragonite, L50, M|\n|poke|p1|Pelipper, L50, F|\n|poke|p1|Tinkaton, L50, F|\n|poke|p1|Archaludon, L50, M|\n|poke|p1|Basculegion, L50, M|\n|poke|p1|Gliscor, L50, M|\n|poke|p2|Scovillain, L50, F|\n|poke|p2|Incineroar, L50, M|\n|poke|p2|Farigiraf, L50, F|\n|poke|p2|Gallade, L50, M|\n|poke|p2|Pelipper, L50, M|\n|poke|p2|Kingambit, L50, M|\n|teampreview|4\nHitsuSenpai rejected open team sheets.\n|inactive|Battle timer is ON: inactive players will automatically lose when time's up. (requested by Marcio Lira)\n|inactive|HitsuSenpai also wants the timer to be on.\n|\n|t:|1776363100\n|teamsize|p1|4\n|teamsize|p2|4\n|start\n|switch|p1a: Tinkaton|Tinkaton, L50, F|100/100\n|switch|p1b: Basculegion|Basculegion, L50, M|100/100\n|switch|p2a: Gallade|Gallade, L50, M|100/100\n|switch|p2b: Farigiraf|Farigiraf, L50, F|100/100\n|turn|1\n|inactive|Marcio Lira has 30 seconds left.\n|inactive|HitsuSenpai has 30 seconds left.\n|inactive|HitsuSenpai has 20 seconds left.\n|inactive|HitsuSenpai has 15 seconds left.\n|inactive|HitsuSenpai has 10 seconds left.\n|c|\u2606Marcio Lira|GL hf\n|\n|t:|1776363151\n|move|p2a: Gallade|Protect|p2a: Gallade\n|-singleturn|p2a: Gallade|Protect\n|move|p1a: Tinkaton|Fake Out||[still]\n|cant|p2b: Farigiraf|ability: Armor Tail|Fake Out|[of] p1a: Tinkaton\n|move|p1b: Basculegion|Wave Crash|p2b: Farigiraf\n|-damage|p2b: Farigiraf|25/100\n|-enditem|p2b: Farigiraf|Sitrus Berry|[eat]\n|-heal|p2b: Farigiraf|50/100|[from] item: Sitrus Berry\n|-damage|p1b: Basculegion|74/100|[from] Recoil\n|move|p2b: Farigiraf|Trick Room|p2b: Farigiraf\n|-fieldstart|move: Trick Room|[of] p2b: Farigiraf\n|\n|upkeep\n|turn|2\n|\n|t:|1776363175\n|switch|p2b: Scovillain|Scovillain, L50, F|100/100\n|move|p2a: Gallade|Psycho Cut|p1b: Basculegion\n|-damage|p1b: Basculegion|0 fnt\n|faint|p1b: Basculegion\n|move|p1a: Tinkaton|Play Rough|p2a: Gallade\n|-supereffective|p2a: Gallade|1\n|-damage|p2a: Gallade|0 fnt\n|faint|p2a: Gallade\n|\n|-ability|p2b: Scovillain|Moody|boost\n|-boost|p2b: Scovillain|atk|2\n|-unboost|p2b: Scovillain|spa|1\n|upkeep\n|\n|t:|1776363189\n|switch|p2a: Kingambit|Kingambit, L50, M|100/100\n|switch|p1b: Pelipper|Pelipper, L50, F|100/100\n|-weather|RainDance|[from] ability: Drizzle|[of] p1b: Pelipper\n|turn|3\n|inactive|HitsuSenpai has 30 seconds left.\n|inactive|Marcio Lira has 30 seconds left.\n|\n|t:|1776363223\n|detailschange|p2b: Scovillain|Scovillain-Mega, L50, F\n|-mega|p2b: Scovillain|Scovillain|Scovillainite\n|move|p2a: Kingambit|Iron Head|p1a: Tinkaton\n|-damage|p1a: Tinkaton|50/100\n|move|p1b: Pelipper|Hurricane|p2b: Scovillain\n|-supereffective|p2b: Scovillain|1\n|-crit|p2b: Scovillain\n|-damage|p2b: Scovillain|0 fnt\n|-status|p1b: Pelipper|brn|[from] ability: Spicy Spray|[of] p2b: Scovillain\n|faint|p2b: Scovillain\n|move|p1a: Tinkaton|Play Rough|p2a: Kingambit\n|-damage|p2a: Kingambit|73/100\n|\n|-weather|RainDance|[upkeep]\n|-damage|p1b: Pelipper|95/100 brn|[from] brn\n|upkeep\n|\n|t:|1776363236\n|switch|p2b: Farigiraf|Farigiraf, L50, F|50/100\n|turn|4\n|\n|t:|1776363261\n|move|p1a: Tinkaton|Protect|p1a: Tinkaton\n|-singleturn|p1a: Tinkaton|Protect\n|move|p2a: Kingambit|Kowtow Cleave|p1b: Pelipper\n|-damage|p1b: Pelipper|26/100 brn\n|move|p2b: Farigiraf|Hyper Voice|p1a: Tinkaton|[spread] p1b\n|-activate|p1a: Tinkaton|move: Protect\n|-damage|p1b: Pelipper|0 fnt\n|faint|p1b: Pelipper\n|\n|-weather|RainDance|[upkeep]\n|upkeep\n|\n|t:|1776363266\n|switch|p1b: Dragonite|Dragonite, L50, M, shiny|100/100\n|turn|5\n|inactive|Marcio Lira has 30 seconds left.\n|\n|t:|1776363298\n|detailschange|p1b: Dragonite|Dragonite-Mega, L50, M, shiny\n|-mega|p1b: Dragonite|Dragonite|Dragoninite\n|move|p1a: Tinkaton|Protect||[still]\n|-fail|p1a: Tinkaton\n|move|p2a: Kingambit|Kowtow Cleave|p1a: Tinkaton\n|-resisted|p1a: Tinkaton|1\n|-damage|p1a: Tinkaton|18/100\n|move|p2b: Farigiraf|Hyper Voice|p1a: Tinkaton|[spread] p1a,p1b\n|-resisted|p1a: Tinkaton|1\n|-damage|p1a: Tinkaton|4/100\n|-damage|p1b: Dragonite|89/100\n|move|p1b: Dragonite|Hurricane|p2b: Farigiraf\n|-damage|p2b: Farigiraf|0 fnt\n|faint|p2b: Farigiraf\n|\n|-weather|RainDance|[upkeep]\n|-fieldend|move: Trick Room\n|upkeep\n|turn|6\n|inactive|HitsuSenpai has 30 seconds left.\n|\n|t:|1776363330\n|move|p2a: Kingambit|Sucker Punch|p1b: Dragonite\n|-damage|p1b: Dragonite|49/100\n|move|p1b: Dragonite|Hurricane|p2a: Kingambit\n|-resisted|p2a: Kingambit|1\n|-damage|p2a: Kingambit|41/100\n|move|p1a: Tinkaton|Gigaton Hammer|p2a: Kingambit\n|-resisted|p2a: Kingambit|1\n|-damage|p2a: Kingambit|15/100\n|\n|-weather|RainDance|[upkeep]\n|upkeep\n|turn|7\n|inactive|Marcio Lira has 30 seconds left.\n|\n|t:|1776363358\n|move|p2a: Kingambit|Sucker Punch|p1b: Dragonite\n|-damage|p1b: Dragonite|8/100\n|move|p1b: Dragonite|Hurricane|p2a: Kingambit\n|-resisted|p2a: Kingambit|1\n|-damage|p2a: Kingambit|0 fnt\n|faint|p2a: Kingambit\n|\n|win|Marcio Lira\n|raw|Marcio Lira's rating: 1271 &rarr; <strong>1298</strong><br />(+27 for winning)\n|raw|HitsuSenpai's rating: 1298 &rarr; <strong>1271</strong><br />(-27 for losing)\n|l|\u2606HitsuSenpai\n|player|p2|\n",
  "uploadtime": 1776363368,
  "views": 32,
  "formatid": "gen9championsvgc2026regma",
  "rating": 1271,
  "private": 0,
  "password": null
}