{
  "id": "gen9championsvgc2026regma-2583724525",
  "format": "[Gen 9 Champions] VGC 2026 Reg M-A",
  "players": [
    "caster_miaoha",
    "B1sm"
  ],
  "log": "|j|\u2606caster_miaoha\n|j|\u2606B1sm\n|t:|1776193399\n|gametype|doubles\n|player|p1|caster_miaoha|170|1126\n|player|p2|B1sm|cynthia|1028\n|gen|9\n|tier|[Gen 9 Champions] VGC 2026 Reg M-A\n|rated|\n|rule|Species Clause: Limit one of each Pok\u00e9mon\n|rule|Item Clause: Limit 1 of each item\n|clearpoke\n|poke|p1|Charizard, L50, M|\n|poke|p1|Incineroar, L50, M|\n|poke|p1|Whimsicott, L50, M|\n|poke|p1|Garchomp, L50, M|\n|poke|p1|Rotom-Wash, L50|\n|poke|p1|Sneasler, L50, M|\n|poke|p2|Delphox, L50, M|\n|poke|p2|Milotic, L50, F|\n|poke|p2|Sylveon, L50, F|\n|poke|p2|Altaria, L50, F|\n|poke|p2|Corviknight, L50, M|\n|poke|p2|Tyranitar, L50, M|\n|teampreview|4\n|\n|t:|1776193436\n|teamsize|p1|4\n|teamsize|p2|4\n|start\n|switch|p1a: Charizard|Charizard, L50, M, shiny|100/100\n|switch|p1b: Garchomp|Garchomp, L50, M, shiny|100/100\n|switch|p2a: Delphox|Delphox, L50, M|100/100\n|switch|p2b: Sylveon|Sylveon, L50, F|100/100\n|turn|1\n|\n|t:|1776193461\n|detailschange|p2a: Delphox|Delphox-Mega, L50, M\n|-mega|p2a: Delphox|Delphox|Delphoxite\n|detailschange|p1a: Charizard|Charizard-Mega-Y, L50, M, shiny\n|-mega|p1a: Charizard|Charizard|Charizardite Y\n|-weather|SunnyDay|[from] ability: Drought|[of] p1a: Charizard\n|move|p2a: Delphox|Protect|p2a: Delphox\n|-singleturn|p2a: Delphox|Protect\n|move|p1b: Garchomp|Earthquake|p2b: Sylveon|[spread] p2b\n|-activate|p2a: Delphox|move: Protect\n|-immune|p1a: Charizard\n|-damage|p2b: Sylveon|39/100\n|move|p1a: Charizard|Heat Wave|p2a: Delphox|[spread] p2b\n|-activate|p2a: Delphox|move: Protect\n|-damage|p2b: Sylveon|0 fnt\n|faint|p2b: Sylveon\n|\n|-weather|SunnyDay|[upkeep]\n|upkeep\n|\n|t:|1776193477\n|switch|p2b: Altaria|Altaria, L50, F|100/100\n|turn|2\n|\n|t:|1776193497\n|move|p1b: Garchomp|Earthquake|p2b: Altaria|[spread] \n|-immune|p1a: Charizard\n|-immune|p2a: Delphox|[from] ability: Levitate\n|-immune|p2b: Altaria\n|move|p2a: Delphox|Psyshock|p1a: Charizard\n|-damage|p1a: Charizard|49/100\n|move|p1a: Charizard|Heat Wave|p2b: Altaria|[spread] p2a,p2b\n|-resisted|p2a: Delphox|1\n|-resisted|p2b: Altaria|1\n|-damage|p2a: Delphox|75/100\n|-damage|p2b: Altaria|78/100\n|move|p2b: Altaria|Tailwind|p2b: Altaria\n|-sidestart|p2: B1sm|move: Tailwind\n|\n|-weather|SunnyDay|[upkeep]\n|upkeep\n|turn|3\n|\n|t:|1776193519\n|switch|p1b: Whimsicott|Whimsicott, L50, M|100/100\n|switch|p1a: Rotom|Rotom-Wash, L50|100/100\n|move|p2a: Delphox|Psyshock|p1a: Rotom\n|-damage|p1a: Rotom|48/100\n|move|p2b: Altaria|Dragon Pulse|p1b: Whimsicott\n|-immune|p1b: Whimsicott\n|\n|-weather|SunnyDay|[upkeep]\n|-heal|p1a: Rotom|54/100|[from] item: Leftovers\n|upkeep\n|turn|4\n|\n|t:|1776193552\n|move|p2a: Delphox|Protect|p2a: Delphox\n|-singleturn|p2a: Delphox|Protect\n|move|p1a: Rotom|Protect|p1a: Rotom\n|-singleturn|p1a: Rotom|Protect\n|move|p1b: Whimsicott|Tailwind|p1b: Whimsicott\n|-sidestart|p1: caster_miaoha|move: Tailwind\n|move|p2b: Altaria|Dragon Pulse|p1a: Rotom\n|-activate|p1a: Rotom|move: Protect\n|\n|-weather|SunnyDay|[upkeep]\n|-heal|p1a: Rotom|60/100|[from] item: Leftovers\n|upkeep\n|turn|5\n|\n|t:|1776193597\n|switch|p2a: Corviknight|Corviknight, L50, M|100/100\n|-ability|p2a: Corviknight|Pressure\n|move|p2b: Altaria|Protect|p2b: Altaria\n|-singleturn|p2b: Altaria|Protect\n|move|p1b: Whimsicott|Fake Tears|p2a: Corviknight\n|-unboost|p2a: Corviknight|spd|2\n|move|p1a: Rotom|Hydro Pump|p2a: Corviknight\n|-damage|p2a: Corviknight|47/100\n|\n|-weather|none\n|-heal|p1a: Rotom|65/100|[from] item: Leftovers\n|-sideend|p2: B1sm|move: Tailwind\n|upkeep\n|turn|6\n|\n|t:|1776193619\n|move|p2a: Corviknight|Protect|p2a: Corviknight\n|-singleturn|p2a: Corviknight|Protect\n|move|p1b: Whimsicott|Fake Tears|p2b: Altaria\n|-unboost|p2b: Altaria|spd|2\n|move|p1a: Rotom|Thunderbolt|p2b: Altaria\n|-damage|p2b: Altaria|6/100\n|-status|p2b: Altaria|par\n|cant|p2b: Altaria|par\n|\n|-heal|p1a: Rotom|71/100|[from] item: Leftovers\n|upkeep\n|turn|7\n|\n|t:|1776193643\n|-curestatus|p2b: Altaria|par|[from] ability: Natural Cure\n|switch|p2b: Delphox|Delphox-Mega, L50, M|75/100\n|move|p1b: Whimsicott|Moonblast|p2b: Delphox\n|-resisted|p2b: Delphox|1\n|-damage|p2b: Delphox|60/100\n|move|p1a: Rotom|Thunderbolt|p2a: Corviknight\n|-supereffective|p2a: Corviknight|1\n|-damage|p2a: Corviknight|0 fnt\n|faint|p2a: Corviknight\n|\n|-heal|p1a: Rotom|77/100|[from] item: Leftovers\n|-sideend|p1: caster_miaoha|move: Tailwind\n|upkeep\n|\n|t:|1776193655\n|switch|p2a: Altaria|Altaria, L50, F|6/100\n|turn|8\n|\n|t:|1776193673\n|move|p1a: Rotom|Protect|p1a: Rotom\n|-singleturn|p1a: Rotom|Protect\n|move|p2a: Altaria|Protect|p2a: Altaria\n|-singleturn|p2a: Altaria|Protect\n|move|p1b: Whimsicott|Tailwind|p1b: Whimsicott\n|-sidestart|p1: caster_miaoha|move: Tailwind\n|move|p2b: Delphox|Heat Wave|p1a: Rotom|[spread] p1b\n|-activate|p1a: Rotom|move: Protect\n|-supereffective|p1b: Whimsicott|1\n|-enditem|p1b: Whimsicott|Focus Sash\n|-damage|p1b: Whimsicott|1/100\n|\n|-heal|p1a: Rotom|83/100|[from] item: Leftovers\n|upkeep\n|turn|9\n|\n|t:|1776193700\n|move|p1b: Whimsicott|Moonblast|p2a: Altaria\n|-supereffective|p2a: Altaria|1\n|-damage|p2a: Altaria|0 fnt\n|faint|p2a: Altaria\n|move|p1a: Rotom|Hydro Pump|p2b: Delphox\n|-supereffective|p2b: Delphox|1\n|-damage|p2b: Delphox|0 fnt\n|faint|p2b: Delphox\n|\n|win|caster_miaoha\n|raw|caster_miaoha's rating: 1126 &rarr; <strong>1144</strong><br />(+18 for winning)\n|raw|B1sm's rating: 1028 &rarr; <strong>1018</strong><br />(-10 for losing)\n|l|\u2606B1sm\n|player|p2|\n",
  "uploadtime": 1776193725,
  "views": 14,
  "formatid": "gen9championsvgc2026regma",
  "rating": 1018,
  "private": 0,
  "password": null
}