{
  "id": "gen9championsvgc2026regma-2582741128",
  "format": "[Gen 9 Champions] VGC 2026 Reg M-A",
  "players": [
    "Poliwagsupremacy",
    "MakeItRain30%"
  ],
  "log": "|j|\u2606Poliwagsupremacy\n|j|\u203dMakeItRain30%\n|t:|1776110885\n|gametype|doubles\n|player|p1|Poliwagsupremacy|ltsurge|1098\n|player|p2|MakeItRain30%|lucas|1110\n|gen|9\n|tier|[Gen 9 Champions] VGC 2026 Reg M-A\n|rated|\n|rule|Species Clause: Limit one of each Pok\u00e9mon\n|rule|Item Clause: Limit 1 of each item\n|clearpoke\n|poke|p1|Medicham, L50, M|\n|poke|p1|Gengar, L50, F|\n|poke|p1|Whimsicott, L50, F|\n|poke|p1|Garchomp, L50, M|\n|poke|p1|Lopunny, L50, F|\n|poke|p1|Milotic, L50, M|\n|poke|p2|Floette-Eternal, L50, F|\n|poke|p2|Whimsicott, L50, M|\n|poke|p2|Maushold-Four, L50|\n|poke|p2|Sneasler, L50, M|\n|poke|p2|Basculegion, L50, M|\n|poke|p2|Garchomp, L50, M|\n|teampreview|4\n|inactive|Battle timer is ON: inactive players will automatically lose when time's up. (requested by MakeItRain30%)\n|inactive|Poliwagsupremacy has 60 seconds left.\n|inactive|MakeItRain30% has 60 seconds left.\n|\n|t:|1776110921\n|teamsize|p1|4\n|teamsize|p2|4\n|start\n|switch|p1a: Medicham|Medicham, L50, M|100/100\n|switch|p1b: Gengar|Gengar, L50, F|100/100\n|switch|p2a: Whimsicott|Whimsicott, L50, M|100/100\n|switch|p2b: Floette|Floette-Eternal, L50, F|100/100\n|turn|1\n|\n|t:|1776110934\n|detailschange|p1b: Gengar|Gengar-Mega, L50, F\n|-mega|p1b: Gengar|Gengar|Gengarite\n|detailschange|p2b: Floette|Floette-Mega, L50, F\n|-mega|p2b: Floette|Floette|Floettite\n|-ability|p2b: Floette|Fairy Aura\n|move|p1a: Medicham|Fake Out|p2a: Whimsicott\n|-damage|p2a: Whimsicott|91/100\n|cant|p2a: Whimsicott|flinch\n|move|p1b: Gengar|Sludge Wave|p2a: Whimsicott|[spread] p2a,p2b\n|-activate|p1a: Medicham|ability: Telepathy\n|-supereffective|p2a: Whimsicott|2\n|-supereffective|p2b: Floette|1\n|-damage|p2a: Whimsicott|0 fnt\n|-damage|p2b: Floette|27/100\n|faint|p2a: Whimsicott\n|move|p2b: Floette|Dazzling Gleam|p1b: Gengar|[spread] p1a,p1b\n|-supereffective|p1a: Medicham|1\n|-resisted|p1b: Gengar|1\n|-damage|p1a: Medicham|13/100\n|-damage|p1b: Gengar|66/100\n|\n|upkeep\n|\n|t:|1776110945\n|switch|p2a: Basculegion|Basculegion, L50, M|100/100\n|turn|2\n|\n|t:|1776110957\n|move|p1a: Medicham|Helping Hand|p1b: Gengar\n|-singleturn|p1b: Gengar|Helping Hand|[of] p1a: Medicham\n|move|p2b: Floette|Protect|p2b: Floette\n|-singleturn|p2b: Floette|Protect\n|move|p2a: Basculegion|Flip Turn|p1b: Gengar\n|-damage|p1b: Gengar|0 fnt\n|faint|p1b: Gengar\n|\n|t:|1776110964\n|switch|p2a: Sneasler|Sneasler, L50, M|100/100|[from] Flip Turn\n|\n|upkeep\n|\n|t:|1776110967\n|switch|p1b: Whimsicott|Whimsicott, L50, F|100/100\n|turn|3\n|\n|t:|1776110973\n|move|p2a: Sneasler|Fake Out|p1b: Whimsicott\n|-damage|p1b: Whimsicott|86/100\n|move|p1a: Medicham|Upper Hand||[still]\n|-fail|p1a: Medicham\n|cant|p1b: Whimsicott|flinch\n|move|p2b: Floette|Dazzling Gleam|p1b: Whimsicott|[spread] p1a,p1b\n|-supereffective|p1a: Medicham|1\n|-damage|p1a: Medicham|0 fnt\n|-damage|p1b: Whimsicott|10/100\n|faint|p1a: Medicham\n|\n|upkeep\n|\n|t:|1776110978\n|switch|p1a: Milotic|Milotic, L50, M|100/100\n|turn|4\n|\n|t:|1776110986\n|move|p1b: Whimsicott|Tailwind|p1b: Whimsicott\n|-sidestart|p1: Poliwagsupremacy|move: Tailwind\n|move|p1a: Milotic|Muddy Water|p2a: Sneasler|[spread] p2b\n|-miss|p1a: Milotic|p2a: Sneasler\n|-damage|p2b: Floette|8/100\n|move|p2a: Sneasler|Dire Claw|p1b: Whimsicott\n|-supereffective|p1b: Whimsicott|2\n|-damage|p1b: Whimsicott|0 fnt\n|faint|p1b: Whimsicott\n|move|p2b: Floette|Synthesis|p2b: Floette\n|-heal|p2b: Floette|58/100\n|\n|upkeep\n|turn|5\n|\n|t:|1776110999\n|move|p1a: Milotic|Scald|p2a: Sneasler\n|-damage|p2a: Sneasler|58/100\n|move|p2a: Sneasler|Close Combat|p1a: Milotic\n|-damage|p1a: Milotic|52/100\n|-unboost|p2a: Sneasler|def|1\n|-unboost|p2a: Sneasler|spd|1\n|-enditem|p2a: Sneasler|White Herb\n|-clearnegativeboost|p2a: Sneasler|[silent]\n|move|p2b: Floette|Moonblast|p1a: Milotic\n|-damage|p1a: Milotic|0 fnt\n|faint|p1a: Milotic\n|\n|win|MakeItRain30%\n|raw|Poliwagsupremacy's rating: 1098 &rarr; <strong>1074</strong><br />(-24 for losing)\n|raw|MakeItRain30%'s rating: 1110 &rarr; <strong>1134</strong><br />(+24 for winning)\n|l|\u2606Poliwagsupremacy\n|player|p1|\n",
  "uploadtime": 1776111005,
  "views": 14,
  "formatid": "gen9championsvgc2026regma",
  "rating": 1074,
  "private": 0,
  "password": null
}