{
  "id": "gen9championsvgc2026regma-2580419478",
  "format": "[Gen 9 Champions] VGC 2026 Reg M-A",
  "players": [
    "25th_mang",
    "Bmkc5"
  ],
  "log": "|j|\u260625th_mang\n|j|\u2606Bmkc5\n|t:|1775893695\n|gametype|doubles\n|player|p1|25th_mang|ballguy|1095\n|player|p2|Bmkc5|170|1061\n|gen|9\n|tier|[Gen 9 Champions] VGC 2026 Reg M-A\n|rated|\n|rule|Species Clause: Limit one of each Pok\u00e9mon\n|rule|Item Clause: Limit 1 of each item\n|clearpoke\n|poke|p1|Crabominable, L50, F|\n|poke|p1|Farigiraf, L50, F|\n|poke|p1|Incineroar, L50, M|\n|poke|p1|Archaludon, L50, M|\n|poke|p1|Pelipper, L50, F|\n|poke|p1|Sinistcha, L50|\n|poke|p2|Excadrill, L50, F|\n|poke|p2|Tyranitar, L50, F|\n|poke|p2|Meganium, L50, M|\n|poke|p2|Garchomp, L50, F|\n|poke|p2|Maushold-Four, L50|\n|poke|p2|Pelipper, L50, M|\n|teampreview|4\n|inactive|Battle timer is ON: inactive players will automatically lose when time's up. (requested by 25th_mang)\n|\n|t:|1775893714\n|teamsize|p1|4\n|teamsize|p2|4\n|start\n|switch|p1a: Flip|Farigiraf, L50, F|100/100\n|switch|p1b: Roar|Incineroar, L50, M|100/100\n|switch|p2a: Tyranitar|Tyranitar, L50, F|100/100\n|switch|p2b: Garchomp|Garchomp, L50, F|100/100\n|-weather|Sandstorm|[from] ability: Sand Stream|[of] p2a: Tyranitar\n|-ability|p1b: Roar|Intimidate|boost\n|-unboost|p2a: Tyranitar|atk|1\n|-unboost|p2b: Garchomp|atk|1\n|turn|1\n|j| Unirt\n|l| Unirt\n|inactive|25th_mang has 30 seconds left.\n|inactive|Bmkc5 has 30 seconds left.\n|inactive|25th_mang has 20 seconds left.\n|inactive|25th_mang has 15 seconds left.\n|\n|t:|1775893755\n|move|p1b: Roar|Fake Out|p2a: Tyranitar\n|-resisted|p2a: Tyranitar|1\n|-damage|p2a: Tyranitar|94/100\n|cant|p2a: Tyranitar|flinch\n|move|p2b: Garchomp|Rock Slide|p1b: Roar|[spread] p1a,p1b\n|-supereffective|p1b: Roar|1\n|-damage|p1a: Flip|90/100\n|-damage|p1b: Roar|77/100\n|move|p1a: Flip|Trick Room|p1a: Flip\n|-fieldstart|move: Trick Room|[of] p1a: Flip\n|\n|-weather|Sandstorm|[upkeep]\n|-damage|p1a: Flip|84/100|[from] Sandstorm\n|-damage|p1b: Roar|71/100|[from] Sandstorm\n|upkeep\n|turn|2\n|\n|t:|1775893779\n|switch|p2a: Meganium|Meganium, L50, M|100/100\n|move|p1a: Flip|Helping Hand|p1b: Roar\n|-singleturn|p1b: Roar|Helping Hand|[of] p1a: Flip\n|move|p1b: Roar|Darkest Lariat|p2b: Garchomp\n|-damage|p2b: Garchomp|33/100\n|move|p2b: Garchomp|Iron Head|p1b: Roar\n|-resisted|p1b: Roar|1\n|-damage|p1b: Roar|62/100\n|\n|-weather|Sandstorm|[upkeep]\n|-damage|p1a: Flip|78/100|[from] Sandstorm\n|-damage|p1b: Roar|56/100|[from] Sandstorm\n|-damage|p2a: Meganium|94/100|[from] Sandstorm\n|upkeep\n|turn|3\n|\n|t:|1775893799\n|move|p2a: Meganium|Protect|p2a: Meganium\n|-singleturn|p2a: Meganium|Protect\n|move|p1a: Flip|Hyper Voice|p2a: Meganium|[spread] p2b\n|-activate|p2a: Meganium|move: Protect\n|-crit|p2b: Garchomp\n|-damage|p2b: Garchomp|0 fnt\n|faint|p2b: Garchomp\n|move|p1b: Roar|Flare Blitz|p2a: Meganium\n|-activate|p2a: Meganium|move: Protect\n|\n|-weather|Sandstorm|[upkeep]\n|-damage|p1a: Flip|72/100|[from] Sandstorm\n|-damage|p1b: Roar|50/100|[from] Sandstorm\n|-damage|p2a: Meganium|88/100|[from] Sandstorm\n|upkeep\n|\n|t:|1775893814\n|switch|p2b: Excadrill|Excadrill, L50, F|100/100\n|turn|4\n|\n|t:|1775893832\n|move|p1a: Flip|Helping Hand|p1b: Roar\n|-singleturn|p1b: Roar|Helping Hand|[of] p1a: Flip\n|move|p1b: Roar|Flare Blitz|p2a: Meganium\n|-supereffective|p2a: Meganium|1\n|-damage|p2a: Meganium|0 fnt\n|faint|p2a: Meganium\n|-damage|p1b: Roar|22/100|[from] Recoil\n|move|p2b: Excadrill|Rock Slide|p1a: Flip|[spread] p1a,p1b\n|-supereffective|p1b: Roar|1\n|-damage|p1a: Flip|53/100\n|-damage|p1b: Roar|0 fnt\n|faint|p1b: Roar\n|\n|-weather|Sandstorm|[upkeep]\n|-damage|p1a: Flip|48/100|[from] Sandstorm\n|upkeep\n|\n|t:|1775893853\n|switch|p1b: Hockey Reference|Crabominable, L50, F|100/100\n|switch|p2a: Tyranitar|Tyranitar, L50, F|94/100\n|turn|5\n|inactive|25th_mang has 30 seconds left.\n|inactive|25th_mang has 20 seconds left.\n|inactive|25th_mang has 15 seconds left.\n|\n|t:|1775893895\n|detailschange|p2b: Excadrill|Excadrill-Mega, L50, F\n|-mega|p2b: Excadrill|Excadrill|Excadrite\n|move|p1a: Flip|Helping Hand|p1b: Hockey Reference\n|-singleturn|p1b: Hockey Reference|Helping Hand|[of] p1a: Flip\n|move|p1b: Hockey Reference|Drain Punch|p2a: Tyranitar\n|-supereffective|p2a: Tyranitar|2\n|-damage|p2a: Tyranitar|0 fnt\n|faint|p2a: Tyranitar\n|move|p2b: Excadrill|Rock Slide|p1a: Flip|[spread] p1a,p1b\n|-damage|p1a: Flip|24/100\n|-damage|p1b: Hockey Reference|74/100\n|\n|-weather|none\n|-fieldend|move: Trick Room\n|upkeep\n|turn|6\n|inactive|25th_mang has 30 seconds left.\n|inactive|Bmkc5 has 30 seconds left.\n|inactive|25th_mang has 20 seconds left.\n|\n|t:|1775893932\n|move|p1b: Hockey Reference|Protect|p1b: Hockey Reference\n|-singleturn|p1b: Hockey Reference|Protect\n|move|p2b: Excadrill|Rock Slide|p1a: Flip|[spread] \n|-activate|p1b: Hockey Reference|move: Protect\n|-miss|p2b: Excadrill|p1a: Flip\n|move|p1a: Flip|Trick Room|p1a: Flip\n|-fieldstart|move: Trick Room|[of] p1a: Flip\n|\n|upkeep\n|turn|7\n|-message|Bmkc5 forfeited.\n|\n|win|25th_mang\n|raw|25th_mang's rating: 1095 &rarr; <strong>1118</strong><br />(+23 for winning)\n|raw|Bmkc5's rating: 1061 &rarr; <strong>1044</strong><br />(-17 for losing)\n|l|\u2606Bmkc5\n|player|p2|\n",
  "uploadtime": 1775893988,
  "views": 16,
  "formatid": "gen9championsvgc2026regma",
  "rating": 1044,
  "private": 0,
  "password": null
}