{
  "id": "gen9championsvgc2026regma-2581519555",
  "format": "[Gen 9 Champions] VGC 2026 Reg M-A",
  "players": [
    "SimMikaze",
    "pokebizness"
  ],
  "log": "|j|\u2606SimMikaze\n|j|\u2606pokebizness\n|t:|1776007725\n|gametype|doubles\n|player|p1|SimMikaze|miku-ghost|1128\n|player|p2|pokebizness|firebreather|1191\n|gen|9\n|tier|[Gen 9 Champions] VGC 2026 Reg M-A\n|rated|\n|rule|Species Clause: Limit one of each Pok\u00e9mon\n|rule|Item Clause: Limit 1 of each item\n|clearpoke\n|poke|p1|Delphox, L50, F|\n|poke|p1|Garchomp, L50, F|\n|poke|p1|Orthworm, L50, M|\n|poke|p1|Incineroar, L50, M|\n|poke|p1|Sneasler, L50, F|\n|poke|p1|Basculegion, L50, M|\n|poke|p2|Glimmora, L50, M|\n|poke|p2|Kommo-o, L50, F|\n|poke|p2|Whimsicott, L50, F|\n|poke|p2|Volcarona, L50, F|\n|poke|p2|Tyranitar, L50, F|\n|poke|p2|Basculegion, L50, M|\n|teampreview|4\n|inactive|Battle timer is ON: inactive players will automatically lose when time's up. (requested by pokebizness)\n|inactive|SimMikaze has 60 seconds left.\n|inactive|pokebizness has 60 seconds left.\n|l|\u2606pokebizness\n|inactive|pokebizness disconnected and has a minute to reconnect!\n|player|p2|\n|\n|t:|1776007785\n|teamsize|p1|4\n|teamsize|p2|4\n|start\n|switch|p1a: Garchomp|Garchomp, L50, F|100/100\n|switch|p1b: Orthworm|Orthworm, L50, M|100/100\n|switch|p2a: Whimsicott|Whimsicott, L50, F|100/100\n|switch|p2b: Basculegion|Basculegion, L50, M, shiny|100/100\n|turn|1\n|j|\u2606pokebizness\n|inactive|pokebizness reconnected and has 55 seconds left.\n|player|p2|pokebizness|firebreather|\n|\n|t:|1776007807\n|move|p2b: Basculegion|Flip Turn|p1a: Garchomp\n|-damage|p1a: Garchomp|68/100\n|-damage|p2b: Basculegion|88/100|[from] ability: Rough Skin|[of] p1a: Garchomp\n|\n|t:|1776007813\n|switch|p2b: Volcarona|Volcarona, L50, F|100/100|[from] Flip Turn\n|move|p2a: Whimsicott|Moonblast|p1a: Garchomp\n|-supereffective|p1a: Garchomp|1\n|-crit|p1a: Garchomp\n|-damage|p1a: Garchomp|0 fnt\n|faint|p1a: Garchomp\n|move|p1b: Orthworm|Shed Tail|p1b: Orthworm\n|-start|p1b: Orthworm|Substitute|[from] move: Shed Tail\n|-damage|p1b: Orthworm|50/100\n|-enditem|p1b: Orthworm|Sitrus Berry|[eat]\n|-heal|p1b: Orthworm|75/100|[from] item: Sitrus Berry\n|\n|t:|1776007825\n|switch|p1b: Delphox|Delphox, L50, F|100/100|[from] Shed Tail\n|\n|upkeep\n|\n|t:|1776007828\n|switch|p1a: Basculegion|Basculegion, L50, M|100/100\n|turn|2\n|\n|t:|1776007850\n|switch|p2b: Basculegion|Basculegion, L50, M, shiny|88/100\n|detailschange|p1b: Delphox|Delphox-Mega, L50, F\n|-mega|p1b: Delphox|Delphox|Delphoxite\n|move|p2a: Whimsicott|Encore||[still]\n|-fail|p2a: Whimsicott\n|move|p1b: Delphox|Heat Wave|p2a: Whimsicott|[spread] p2a,p2b\n|-supereffective|p2a: Whimsicott|1\n|-resisted|p2b: Basculegion|1\n|-enditem|p2a: Whimsicott|Focus Sash\n|-damage|p2a: Whimsicott|1/100\n|-damage|p2b: Basculegion|68/100\n|move|p1a: Basculegion|Flip Turn|p2b: Basculegion\n|-resisted|p2b: Basculegion|1\n|-damage|p2b: Basculegion|40/100\n|\n|t:|1776007862\n|switch|p1a: Orthworm|Orthworm, L50, M|75/100|[from] Flip Turn\n|\n|upkeep\n|turn|3\n|inactive|SimMikaze has 30 seconds left.\n|inactive|SimMikaze has 20 seconds left.\n|inactive|SimMikaze has 15 seconds left.\n|inactive|pokebizness has 30 seconds left.\n|\n|t:|1776007909\n|move|p2b: Basculegion|Flip Turn|p1b: Delphox\n|-supereffective|p1b: Delphox|1\n|-end|p1b: Delphox|Substitute\n|\n|t:|1776007915\n|switch|p2b: Volcarona|Volcarona, L50, F|100/100|[from] Flip Turn\n|move|p1b: Delphox|Heat Wave|p2b: Volcarona|[spread] p2a,p2b\n|-supereffective|p2a: Whimsicott|1\n|-damage|p2a: Whimsicott|0 fnt\n|-damage|p2b: Volcarona|64/100\n|faint|p2a: Whimsicott\n|move|p1a: Orthworm|Heavy Slam|p2b: Volcarona\n|-resisted|p2b: Volcarona|1\n|-damage|p2b: Volcarona|44/100\n|\n|upkeep\n|\n|t:|1776007921\n|switch|p2a: Basculegion|Basculegion, L50, M, shiny|40/100\n|turn|4\n|\n|t:|1776007936\n|move|p1b: Delphox|Protect|p1b: Delphox\n|-singleturn|p1b: Delphox|Protect\n|move|p2a: Basculegion|Last Respects|p1b: Delphox\n|-activate|p1b: Delphox|move: Protect\n|move|p2b: Volcarona|Fiery Dance|p1a: Orthworm\n|-supereffective|p1a: Orthworm|1\n|-damage|p1a: Orthworm|0 fnt\n|faint|p1a: Orthworm\n|\n|upkeep\n|\n|t:|1776007942\n|switch|p1a: Basculegion|Basculegion, L50, M|100/100\n|turn|5\n|\n|t:|1776007963\n|move|p2b: Volcarona|Rage Powder|p2b: Volcarona\n|-singleturn|p2b: Volcarona|move: Rage Powder\n|move|p2a: Basculegion|Last Respects|p1b: Delphox\n|-supereffective|p1b: Delphox|1\n|-damage|p1b: Delphox|0 fnt\n|faint|p1b: Delphox\n|move|p1a: Basculegion|Last Respects|p2b: Volcarona\n|-damage|p2b: Volcarona|0 fnt\n|faint|p2b: Volcarona\n|\n|upkeep\n|\n|t:|1776007974\n|switch|p2b: Glimmora|Glimmora, L50, M|100/100\n|turn|6\n|\n|t:|1776007985\n|detailschange|p2b: Glimmora|Glimmora-Mega, L50, M\n|-mega|p2b: Glimmora|Glimmora|Glimmoranite\n|move|p2a: Basculegion|Last Respects|p1a: Basculegion\n|-supereffective|p1a: Basculegion|1\n|-damage|p1a: Basculegion|0 fnt\n|faint|p1a: Basculegion\n|\n|win|pokebizness\n|raw|SimMikaze's rating: 1128 &rarr; <strong>1107</strong><br />(-21 for losing)\n|raw|pokebizness's rating: 1191 &rarr; <strong>1212</strong><br />(+21 for winning)\n",
  "uploadtime": 1776007989,
  "views": 18,
  "formatid": "gen9championsvgc2026regma",
  "rating": 1107,
  "private": 0,
  "password": null
}