{
  "id": "gen9championsvgc2026regma-2583331465",
  "format": "[Gen 9 Champions] VGC 2026 Reg M-A",
  "players": [
    "jasonrfry",
    "Leumas_6"
  ],
  "log": "|j|\u2606jasonrfry\n|j|\u2606Leumas_6\n|t:|1776167601\n|gametype|doubles\n|player|p1|jasonrfry|1|1205\n|player|p2|Leumas_6|lucas-gen4pt|1123\n|gen|9\n|tier|[Gen 9 Champions] VGC 2026 Reg M-A\n|rated|\n|rule|Species Clause: Limit one of each Pok\u00e9mon\n|rule|Item Clause: Limit 1 of each item\n|clearpoke\n|poke|p1|Mimikyu, L50, M|\n|poke|p1|Meganium, L50, M|\n|poke|p1|Primarina, L50, M|\n|poke|p1|Sneasler, L50, M|\n|poke|p1|Torkoal, L50, M|\n|poke|p1|Dragonite, L50, F|\n|poke|p2|Delphox, L50, M|\n|poke|p2|Basculegion, L50, M|\n|poke|p2|Clefable, L50, F|\n|poke|p2|Kingambit, L50, F|\n|poke|p2|Dragonite, L50, F|\n|poke|p2|Sneasler, L50, F|\n|teampreview|4\n|\n|t:|1776167626\n|teamsize|p1|4\n|teamsize|p2|4\n|start\n|switch|p1a: Mimikyu|Mimikyu, L50, M, shiny|100/100\n|switch|p1b: Dragonite|Dragonite, L50, F|100/100\n|switch|p2a: Dragonite|Dragonite, L50, F|100/100\n|switch|p2b: Delphox|Delphox, L50, M|100/100\n|turn|1\n|inactive|Battle timer is ON: inactive players will automatically lose when time's up. (requested by Leumas_6)\n|\n|t:|1776167645\n|detailschange|p2b: Delphox|Delphox-Mega, L50, M\n|-mega|p2b: Delphox|Delphox|Delphoxite\n|move|p1b: Dragonite|Stone Edge|p2b: Delphox\n|-supereffective|p2b: Delphox|1\n|-damage|p2b: Delphox|0 fnt\n|faint|p2b: Delphox\n|move|p2a: Dragonite|Scale Shot|p1b: Dragonite\n|-supereffective|p1b: Dragonite|1\n|-crit|p1b: Dragonite\n|-damage|p1b: Dragonite|47/100\n|-supereffective|p1b: Dragonite|1\n|-damage|p1b: Dragonite|14/100\n|-hitcount|p1b: Dragonite|2\n|-unboost|p2a: Dragonite|def|1\n|-boost|p2a: Dragonite|spe|1\n|move|p1a: Mimikyu|Trick Room|p1a: Mimikyu\n|-fieldstart|move: Trick Room|[of] p1a: Mimikyu\n|\n|upkeep\n|\n|t:|1776167662\n|switch|p2b: Clefable|Clefable, L50, F|100/100\n|turn|2\n|\n|t:|1776167669\n|move|p2a: Dragonite|Extreme Speed|p1b: Dragonite\n|-damage|p1b: Dragonite|0 fnt\n|faint|p1b: Dragonite\n|move|p2b: Clefable|Moonblast|p1a: Mimikyu\n|-activate|p1a: Mimikyu|ability: Disguise\n|-damage|p1a: Mimikyu|100/100\n|detailschange|p1a: Mimikyu|Mimikyu-Busted, L50, M, shiny\n|-damage|p1a: Mimikyu|88/100|[from] pokemon: Mimikyu-Busted\n|move|p1a: Mimikyu|Curse|p2a: Dragonite\n|-start|p2a: Dragonite|Curse|[of] p1a: Mimikyu\n|-damage|p1a: Mimikyu|38/100\n|\n|-damage|p2a: Dragonite|76/100|[from] Curse\n|upkeep\n|\n|t:|1776167674\n|switch|p1b: Torkoal|Torkoal, L50, M|100/100\n|-weather|SunnyDay|[from] ability: Drought|[of] p1b: Torkoal\n|turn|3\n|inactive|Leumas_6 has 30 seconds left.\n|inactive|Leumas_6 has 20 seconds left.\n|\n|t:|1776167709\n|move|p2b: Clefable|Helping Hand|p2a: Dragonite\n|-singleturn|p2a: Dragonite|Helping Hand|[of] p2b: Clefable\n|move|p2a: Dragonite|Extreme Speed|p1b: Torkoal\n|-crit|p1b: Torkoal\n|-damage|p1b: Torkoal|45/100\n|move|p1b: Torkoal|Eruption|p2b: Clefable|[spread] p2a,p2b\n|-resisted|p2a: Dragonite|1\n|-damage|p2a: Dragonite|56/100\n|-damage|p2b: Clefable|63/100\n|move|p1a: Mimikyu|Curse|p2b: Clefable\n|-start|p2b: Clefable|Curse|[of] p1a: Mimikyu\n|-damage|p1a: Mimikyu|0 fnt\n|faint|p1a: Mimikyu\n|\n|-weather|SunnyDay|[upkeep]\n|-damage|p2b: Clefable|39/100|[from] Curse\n|-damage|p2a: Dragonite|31/100|[from] Curse\n|upkeep\n|-enditem|p2b: Clefable|Sitrus Berry|[eat]\n|-heal|p2b: Clefable|63/100|[from] item: Sitrus Berry\n|\n|t:|1776167715\n|switch|p1a: Meganium|Meganium, L50, M|100/100\n|turn|4\n|\n|t:|1776167734\n|detailschange|p1a: Meganium|Meganium-Mega, L50, M\n|-mega|p1a: Meganium|Meganium|Meganiumite\n|move|p2b: Clefable|Helping Hand|p2a: Dragonite\n|-singleturn|p2a: Dragonite|Helping Hand|[of] p2b: Clefable\n|move|p1b: Torkoal|Protect|p1b: Torkoal\n|-singleturn|p1b: Torkoal|Protect\n|move|p2a: Dragonite|Extreme Speed|p1a: Meganium\n|-damage|p1a: Meganium|59/100\n|move|p1a: Meganium|Solar Beam||[still]\n|-prepare|p1a: Meganium|Solar Beam\n|-anim|p1a: Meganium|Solar Beam|p2b: Clefable\n|-damage|p2b: Clefable|0 fnt\n|faint|p2b: Clefable\n|\n|-weather|SunnyDay|[upkeep]\n|-damage|p2a: Dragonite|7/100|[from] Curse\n|upkeep\n|\n|t:|1776167749\n|switch|p2b: Sneasler|Sneasler, L50, F|100/100\n|turn|5\n|\n|t:|1776167772\n|move|p1b: Torkoal|Protect|p1b: Torkoal\n|-singleturn|p1b: Torkoal|Protect\n|move|p1a: Meganium|Protect|p1a: Meganium\n|-singleturn|p1a: Meganium|Protect\n|move|p2b: Sneasler|Fake Out|p1b: Torkoal\n|-activate|p1b: Torkoal|move: Protect\n|move|p2a: Dragonite|Extreme Speed|p1a: Meganium\n|-activate|p1a: Meganium|move: Protect\n|\n|-weather|SunnyDay|[upkeep]\n|-damage|p2a: Dragonite|0 fnt|[from] Curse\n|faint|p2a: Dragonite\n|-fieldend|move: Trick Room\n|upkeep\n|turn|6\n|\n|t:|1776167787\n|move|p2b: Sneasler|Dire Claw|p1a: Meganium\n|-supereffective|p1a: Meganium|2\n|-damage|p1a: Meganium|0 fnt\n|faint|p1a: Meganium\n|move|p1b: Torkoal|Weather Ball|p2b: Sneasler\n|-enditem|p2b: Sneasler|Focus Sash\n|-damage|p2b: Sneasler|1/100\n|\n|-weather|SunnyDay|[upkeep]\n|upkeep\n|turn|7\n|\n|t:|1776167806\n|move|p2b: Sneasler|Close Combat|p1b: Torkoal\n|-damage|p1b: Torkoal|0 fnt\n|-unboost|p2b: Sneasler|def|1\n|-unboost|p2b: Sneasler|spd|1\n|faint|p1b: Torkoal\n|\n|win|Leumas_6\n|raw|jasonrfry's rating: 1205 &rarr; <strong>1174</strong><br />(-31 for losing)\n|raw|Leumas_6's rating: 1123 &rarr; <strong>1154</strong><br />(+31 for winning)\n|l|\u2606jasonrfry\n|player|p1|\n",
  "uploadtime": 1776167884,
  "views": 17,
  "formatid": "gen9championsvgc2026regma",
  "rating": 1154,
  "private": 0,
  "password": null
}