{
  "id": "gen9championsvgc2026regma-2587885457",
  "format": "[Gen 9 Champions] VGC 2026 Reg M-A",
  "players": [
    "antbadmon",
    "toprami"
  ],
  "log": "|j|\u2606antbadmon\n|j|\u2606toprami\n|t:|1776574587\n|gametype|doubles\n|player|p1|antbadmon|101|1105\n|player|p2|toprami|170|1137\n|gen|9\n|tier|[Gen 9 Champions] VGC 2026 Reg M-A\n|rated|\n|rule|Species Clause: Limit one of each Pok\u00e9mon\n|rule|Item Clause: Limit 1 of each item\n|clearpoke\n|poke|p1|Pelipper, L50, F|\n|poke|p1|Basculegion, L50, M|\n|poke|p1|Archaludon, L50, F|\n|poke|p1|Aegislash, L50, F|\n|poke|p1|Dragonite, L50, M|\n|poke|p1|Meowscarada, L50, M|\n|poke|p2|Charizard, L50, M|\n|poke|p2|Sinistcha, L50|\n|poke|p2|Milotic, L50, F|\n|poke|p2|Whimsicott, L50, M|\n|poke|p2|Sneasler, L50, F|\n|poke|p2|Tinkaton, L50, F|\n|teampreview|4\nantbadmon rejected open team sheets.\n|inactive|Battle timer is ON: inactive players will automatically lose when time's up. (requested by antbadmon)\n|\n|t:|1776574655\n|teamsize|p1|4\n|teamsize|p2|4\n|start\n|switch|p1a: Pelipper|Pelipper, L50, F|100/100\n|switch|p1b: Meowscarada|Meowscarada, L50, M|100/100\n|switch|p2a: Whimsicott|Whimsicott, L50, M|100/100\n|switch|p2b: Tinkaton|Tinkaton, L50, F|100/100\n|-ability|p2b: Tinkaton|Mold Breaker\n|-weather|RainDance|[from] ability: Drizzle|[of] p1a: Pelipper\n|turn|1\n|\n|t:|1776574673\n|move|p2b: Tinkaton|Fake Out|p1a: Pelipper\n|-damage|p1a: Pelipper|90/100\n|move|p2a: Whimsicott|Tailwind|p2a: Whimsicott\n|-sidestart|p2: toprami|move: Tailwind\n|move|p1b: Meowscarada|U-turn|p2a: Whimsicott\n|-start|p1b: Meowscarada|typechange|Bug|[from] ability: Protean\n|-damage|p2a: Whimsicott|54/100\n|\n|t:|1776574686\n|switch|p1b: Dragonite|Dragonite, L50, M|100/100|[from] U-turn\n|cant|p1a: Pelipper|flinch\n|\n|-weather|RainDance|[upkeep]\n|upkeep\n|turn|2\n|\n|t:|1776574708\n|detailschange|p1b: Dragonite|Dragonite-Mega, L50, M\n|-mega|p1b: Dragonite|Dragonite|Dragoninite\n|move|p1b: Dragonite|Protect|p1b: Dragonite\n|-singleturn|p1b: Dragonite|Protect\n|move|p2a: Whimsicott|Moonblast|p1b: Dragonite\n|-activate|p1b: Dragonite|move: Protect\n|move|p2b: Tinkaton|Gigaton Hammer|p1a: Pelipper\n|-resisted|p1a: Pelipper|1\n|-damage|p1a: Pelipper|56/100\n|move|p1a: Pelipper|Weather Ball|p2b: Tinkaton\n|-damage|p2b: Tinkaton|27/100\n|\n|-weather|RainDance|[upkeep]\n|upkeep\n|turn|3\n|\n|t:|1776574730\n|move|p2a: Whimsicott|Moonblast|p1b: Dragonite\n|-supereffective|p1b: Dragonite|1\n|-damage|p1b: Dragonite|70/100\n|move|p2b: Tinkaton|Play Rough|p1b: Dragonite\n|-supereffective|p1b: Dragonite|1\n|-damage|p1b: Dragonite|4/100\n|move|p1b: Dragonite|Hurricane|p2a: Whimsicott\n|-supereffective|p2a: Whimsicott|1\n|-damage|p2a: Whimsicott|0 fnt\n|faint|p2a: Whimsicott\n|move|p1a: Pelipper|Weather Ball|p2b: Tinkaton\n|-damage|p2b: Tinkaton|0 fnt\n|faint|p2b: Tinkaton\n|\n|-weather|RainDance|[upkeep]\n|upkeep\n|\n|t:|1776574744\n|switch|p2a: Sneasler|Sneasler, L50, F|100/100\n|switch|p2b: Charizard|Charizard, L50, M|100/100\n|-ability|p2a: Sneasler|Pressure\n|turn|4\n|\n|t:|1776574763\n|switch|p1a: Meowscarada|Meowscarada, L50, M|100/100\n|detailschange|p2b: Charizard|Charizard-Mega-X, L50, M\n|-mega|p2b: Charizard|Charizard|Charizardite X\n|move|p1b: Dragonite|Protect|p1b: Dragonite\n|-singleturn|p1b: Dragonite|Protect\n|move|p2a: Sneasler|Fake Out|p1a: Meowscarada\n|-damage|p1a: Meowscarada|78/100\n|move|p2b: Charizard|Dragon Claw|p1b: Dragonite\n|-activate|p1b: Dragonite|move: Protect\n|\n|-weather|RainDance|[upkeep]\n|-sideend|p2: toprami|move: Tailwind\n|upkeep\n|turn|5\n|inactive|antbadmon has 30 seconds left.\n|inactive|antbadmon has 20 seconds left.\n|\n|t:|1776574803\n|move|p1a: Meowscarada|Knock Off|p2a: Sneasler\n|-start|p1a: Meowscarada|typechange|Dark|[from] ability: Protean\n|-resisted|p2a: Sneasler|1\n|-damage|p2a: Sneasler|65/100\n|-enditem|p2a: Sneasler|Poison Barb|[from] move: Knock Off|[of] p1a: Meowscarada\n|move|p2a: Sneasler|Dire Claw|p1a: Meowscarada\n|-damage|p1a: Meowscarada|14/100\n|move|p1b: Dragonite|Draco Meteor|p2b: Charizard\n|-supereffective|p2b: Charizard|1\n|-damage|p2b: Charizard|0 fnt\n|-unboost|p1b: Dragonite|spa|2\n|faint|p2b: Charizard\n|\n|-weather|none\n|upkeep\n|turn|6\n|\n|t:|1776574824\n|switch|p1a: Pelipper|Pelipper, L50, F|56/100\n|-weather|RainDance|[from] ability: Drizzle|[of] p1a: Pelipper\n|move|p2a: Sneasler|Dire Claw|p1b: Dragonite\n|-damage|p1b: Dragonite|0 fnt\n|faint|p1b: Dragonite\n|\n|-weather|RainDance|[upkeep]\n|upkeep\n|\n|t:|1776574832\n|switch|p1b: Basculegion|Basculegion, L50, M|100/100\n|turn|7\n|\n|t:|1776574843\n|move|p1b: Basculegion|Aqua Jet|p2a: Sneasler\n|-damage|p2a: Sneasler|0 fnt\n|faint|p2a: Sneasler\n|\n|win|antbadmon\n|raw|antbadmon's rating: 1105 &rarr; <strong>1132</strong><br />(+27 for winning)\n|raw|toprami's rating: 1137 &rarr; <strong>1110</strong><br />(-27 for losing)\n",
  "uploadtime": 1776574846,
  "views": 18,
  "formatid": "gen9championsvgc2026regma",
  "rating": 1110,
  "private": 0,
  "password": null
}