{
  "id": "gen9championsvgc2026regma-2587361228",
  "format": "[Gen 9 Champions] VGC 2026 Reg M-A",
  "players": [
    "Mithozz",
    "138mysx"
  ],
  "log": "|j|\u2606Mithozz\n|j|\u2606138mysx\n|t:|1776525329\n|gametype|doubles\n|player|p1|Mithozz|hilbert|1155\n|player|p2|138mysx|170|1192\n|gen|9\n|tier|[Gen 9 Champions] VGC 2026 Reg M-A\n|rated|\n|rule|Species Clause: Limit one of each Pok\u00e9mon\n|rule|Item Clause: Limit 1 of each item\n|clearpoke\n|poke|p1|Meowstic, L50, M|\n|poke|p1|Milotic, L50, F|\n|poke|p1|Venusaur, L50, F, shiny|\n|poke|p1|Charizard, L50, M, shiny|\n|poke|p1|Typhlosion, L50, M|\n|poke|p1|Torkoal, L50, F|\n|poke|p2|Lucario, L50, F|\n|poke|p2|Sinistcha, L50|\n|poke|p2|Pelipper, L50, F|\n|poke|p2|Milotic, L50, F|\n|poke|p2|Gardevoir, L50, F, shiny|\n|poke|p2|Garchomp, L50, M|\n|teampreview|4\n|inactive|Battle timer is ON: inactive players will automatically lose when time's up. (requested by Mithozz)\n|\n|t:|1776525362\n|teamsize|p1|4\n|teamsize|p2|4\n|start\n|switch|p1a: Charizard|Charizard, L50, M, shiny|100/100\n|switch|p1b: Typhlosion|Typhlosion, L50, M|100/100\n|switch|p2a: Gardevoir|Gardevoir, L50, F, shiny|100/100\n|switch|p2b: Garchomp|Garchomp, L50, M|100/100\n|turn|1\n|\n|t:|1776525384\n|switch|p1a: Torkoal|Torkoal, L50, F|100/100\n|-weather|SunnyDay|[from] ability: Drought|[of] p1a: Torkoal\n|move|p1b: Typhlosion|Eruption|p2b: Garchomp|[spread] p2a,p2b\n|-resisted|p2b: Garchomp|1\n|-damage|p2a: Gardevoir|5/100\n|-damage|p2b: Garchomp|55/100\n|move|p2a: Gardevoir|Icy Wind|p1b: Typhlosion|[spread] p1a\n|-miss|p2a: Gardevoir|p1b: Typhlosion\n|-resisted|p1a: Torkoal|1\n|-damage|p1a: Torkoal|91/100\n|-unboost|p1a: Torkoal|spe|1\n|move|p2b: Garchomp|Rock Slide|p1a: Torkoal|[spread] p1a,p1b\n|-supereffective|p1a: Torkoal|1\n|-supereffective|p1b: Typhlosion|1\n|-damage|p1a: Torkoal|64/100\n|-damage|p1b: Typhlosion|40/100\n|\n|-weather|SunnyDay|[upkeep]\n|upkeep\n|turn|2\n|\n|t:|1776525408\n|switch|p2a: Pelipper|Pelipper, L50, F|100/100\n|-weather|RainDance|[from] ability: Drizzle|[of] p2a: Pelipper\n|move|p1b: Typhlosion|Eruption|p2b: Garchomp|[spread] p2a,p2b\n|-resisted|p2a: Pelipper|1\n|-resisted|p2b: Garchomp|1\n|-damage|p2a: Pelipper|92/100\n|-damage|p2b: Garchomp|49/100\n|move|p2b: Garchomp|Earthquake|p1a: Torkoal|[spread] p1a,p1b\n|-immune|p2a: Pelipper\n|-supereffective|p1a: Torkoal|1\n|-supereffective|p1b: Typhlosion|1\n|-damage|p1a: Torkoal|8/100\n|-damage|p1b: Typhlosion|0 fnt\n|faint|p1b: Typhlosion\n|move|p1a: Torkoal|Lava Plume|p2b: Garchomp|[spread] p2a,p2b\n|-resisted|p2a: Pelipper|1\n|-resisted|p2b: Garchomp|1\n|-damage|p2a: Pelipper|82/100\n|-damage|p2b: Garchomp|42/100\n|\n|-weather|RainDance|[upkeep]\n|upkeep\n|\n|t:|1776525424\n|switch|p1b: Milotic|Milotic, L50, F|100/100\n|turn|3\n|inactive|138mysx has 30 seconds left.\n|\n|t:|1776525450\n|move|p2b: Garchomp|Earthquake|p1b: Milotic|[spread] p1a,p1b\n|-immune|p2a: Pelipper\n|-supereffective|p1a: Torkoal|1\n|-damage|p1a: Torkoal|0 fnt\n|-damage|p1b: Milotic|62/100\n|faint|p1a: Torkoal\n|move|p2a: Pelipper|Weather Ball|p1b: Milotic\n|-resisted|p1b: Milotic|1\n|-damage|p1b: Milotic|38/100\n|-enditem|p1b: Milotic|Sitrus Berry|[eat]\n|-heal|p1b: Milotic|63/100|[from] item: Sitrus Berry\n|move|p1b: Milotic|Ice Beam|p2b: Garchomp\n|-supereffective|p2b: Garchomp|2\n|-damage|p2b: Garchomp|0 fnt\n|faint|p2b: Garchomp\n|\n|-weather|RainDance|[upkeep]\n|upkeep\n|\n|t:|1776525464\n|switch|p2b: Gardevoir|Gardevoir, L50, F, shiny|5/100\n|switch|p1a: Charizard|Charizard, L50, M, shiny|100/100\n|turn|4\n|inactive|138mysx has 30 seconds left.\n|\n|t:|1776525493\n|switch|p2a: Milotic|Milotic, L50, F|100/100\n|detailschange|p1a: Charizard|Charizard-Mega-Y, L50, M, shiny\n|-mega|p1a: Charizard|Charizard|Charizardite Y\n|-weather|SunnyDay|[from] ability: Drought|[of] p1a: Charizard\n|move|p2b: Gardevoir|Icy Wind|p1b: Milotic|[spread] p1a,p1b\n|-resisted|p1b: Milotic|1\n|-damage|p1a: Charizard|86/100\n|-damage|p1b: Milotic|57/100\n|-unboost|p1a: Charizard|spe|1\n|-unboost|p1b: Milotic|spe|1\n|-ability|p1b: Milotic|Competitive|boost\n|-boost|p1b: Milotic|spa|2\n|move|p1a: Charizard|Heat Wave|p2b: Gardevoir|[spread] p2a,p2b\n|-resisted|p2a: Milotic|1\n|-damage|p2a: Milotic|80/100\n|-damage|p2b: Gardevoir|0 fnt\n|faint|p2b: Gardevoir\n|move|p1b: Milotic|Weather Ball|p2a: Milotic\n|-resisted|p2a: Milotic|1\n|-damage|p2a: Milotic|49/100\n|\n|-weather|SunnyDay|[upkeep]\n|-heal|p2a: Milotic|55/100|[from] item: Leftovers\n|upkeep\n|\n|t:|1776525506\n|switch|p2b: Pelipper|Pelipper, L50, F|82/100\n|-weather|RainDance|[from] ability: Drizzle|[of] p2b: Pelipper\n|turn|5\n|\n|t:|1776525526\n|move|p2b: Pelipper|Tailwind|p2b: Pelipper\n|-sidestart|p2: 138mysx|move: Tailwind\n|move|p2a: Milotic|Recover|p2a: Milotic\n|-heal|p2a: Milotic|100/100\n|move|p1a: Charizard|Air Slash|p2a: Milotic\n|-damage|p2a: Milotic|72/100\n|move|p1b: Milotic|Weather Ball|p2a: Milotic\n|-resisted|p2a: Milotic|1\n|-damage|p2a: Milotic|21/100\n|\n|-weather|RainDance|[upkeep]\n|-heal|p2a: Milotic|27/100|[from] item: Leftovers\n|upkeep\n|turn|6\n|\n|t:|1776525539\n|move|p2b: Pelipper|Weather Ball|p1a: Charizard\n|-supereffective|p1a: Charizard|1\n|-damage|p1a: Charizard|0 fnt\n|faint|p1a: Charizard\n|move|p2a: Milotic|Recover|p2a: Milotic\n|-heal|p2a: Milotic|77/100\n|move|p1b: Milotic|Weather Ball|p2a: Milotic\n|-resisted|p2a: Milotic|1\n|-damage|p2a: Milotic|34/100\n|\n|-weather|RainDance|[upkeep]\n|-heal|p2a: Milotic|40/100|[from] item: Leftovers\n|upkeep\n|turn|7\n|\n|t:|1776525557\n|move|p2b: Pelipper|Weather Ball|p1b: Milotic\n|-resisted|p1b: Milotic|1\n|-damage|p1b: Milotic|34/100\n|move|p2a: Milotic|Recover|p2a: Milotic\n|-heal|p2a: Milotic|90/100\n|move|p1b: Milotic|Weather Ball|p2b: Pelipper\n|-resisted|p2b: Pelipper|1\n|-damage|p2b: Pelipper|0 fnt\n|faint|p2b: Pelipper\n|\n|-weather|RainDance|[upkeep]\n|-heal|p2a: Milotic|96/100|[from] item: Leftovers\n|upkeep\n|turn|8\n|\n|t:|1776525566\n|move|p2a: Milotic|Scald|p1b: Milotic\n|-resisted|p1b: Milotic|1\n|-damage|p1b: Milotic|19/100\n|move|p1b: Milotic|Recover|p1b: Milotic\n|-heal|p1b: Milotic|69/100\n|\n|-weather|RainDance|[upkeep]\n|-heal|p2a: Milotic|100/100|[from] item: Leftovers\n|-sideend|p2: 138mysx|move: Tailwind\n|upkeep\n|turn|9\n|\n|t:|1776525573\n|move|p2a: Milotic|Scald|p1b: Milotic\n|-resisted|p1b: Milotic|1\n|-damage|p1b: Milotic|53/100\n|-status|p1b: Milotic|brn\n|move|p1b: Milotic|Weather Ball|p2a: Milotic\n|-resisted|p2a: Milotic|1\n|-damage|p2a: Milotic|53/100\n|\n|-weather|none\n|-heal|p2a: Milotic|59/100|[from] item: Leftovers\n|-damage|p1b: Milotic|47/100 brn|[from] brn\n|upkeep\n|turn|10\n|\n|t:|1776525590\n|move|p2a: Milotic|Recover|p2a: Milotic\n|-heal|p2a: Milotic|100/100\n|move|p1b: Milotic|Recover|p1b: Milotic\n|-heal|p1b: Milotic|97/100 brn\n|\n|-damage|p1b: Milotic|91/100 brn|[from] brn\n|upkeep\n|turn|11\n|\n|t:|1776525599\n|move|p2a: Milotic|Protect|p2a: Milotic\n|-singleturn|p2a: Milotic|Protect\n|move|p1b: Milotic|Scald|p2a: Milotic\n|-activate|p2a: Milotic|move: Protect\n|\n|-damage|p1b: Milotic|85/100 brn|[from] brn\n|upkeep\n|turn|12\n|\n|t:|1776525609\n|move|p2a: Milotic|Ice Beam|p1b: Milotic\n|-resisted|p1b: Milotic|1\n|-damage|p1b: Milotic|78/100 brn\n|move|p1b: Milotic|Scald|p2a: Milotic\n|-resisted|p2a: Milotic|1\n|-damage|p2a: Milotic|77/100\n|-status|p2a: Milotic|brn\n|\n|-heal|p2a: Milotic|83/100 brn|[from] item: Leftovers\n|-damage|p2a: Milotic|77/100 brn|[from] brn\n|-damage|p1b: Milotic|72/100 brn|[from] brn\n|upkeep\n|turn|13\n|\n|t:|1776525626\n|move|p2a: Milotic|Scald|p1b: Milotic\n|-resisted|p1b: Milotic|1\n|-damage|p1b: Milotic|62/100 brn\n|move|p1b: Milotic|Scald|p2a: Milotic\n|-resisted|p2a: Milotic|1\n|-damage|p2a: Milotic|51/100 brn\n|\n|-heal|p2a: Milotic|57/100 brn|[from] item: Leftovers\n|-damage|p2a: Milotic|51/100 brn|[from] brn\n|-damage|p1b: Milotic|56/100 brn|[from] brn\n|upkeep\n|turn|14\n|\n|t:|1776525636\n|move|p2a: Milotic|Protect|p2a: Milotic\n|-singleturn|p2a: Milotic|Protect\n|move|p1b: Milotic|Recover|p1b: Milotic\n|-heal|p1b: Milotic|100/100 brn\n|\n|-heal|p2a: Milotic|57/100 brn|[from] item: Leftovers\n|-damage|p2a: Milotic|51/100 brn|[from] brn\n|-damage|p1b: Milotic|95/100 brn|[from] brn\n|upkeep\n|turn|15\n|\n|t:|1776525642\n|move|p2a: Milotic|Recover|p2a: Milotic\n|-heal|p2a: Milotic|100/100 brn\n|move|p1b: Milotic|Scald|p2a: Milotic\n|-resisted|p2a: Milotic|1\n|-damage|p2a: Milotic|76/100 brn\n|\n|-heal|p2a: Milotic|82/100 brn|[from] item: Leftovers\n|-damage|p2a: Milotic|76/100 brn|[from] brn\n|-damage|p1b: Milotic|89/100 brn|[from] brn\n|upkeep\n|turn|16\n|\n|t:|1776525661\n|move|p2a: Milotic|Scald|p1b: Milotic\n|-resisted|p1b: Milotic|1\n|-damage|p1b: Milotic|80/100 brn\n|move|p1b: Milotic|Scald|p2a: Milotic\n|-resisted|p2a: Milotic|1\n|-crit|p2a: Milotic\n|-damage|p2a: Milotic|41/100 brn\n|\n|-heal|p2a: Milotic|47/100 brn|[from] item: Leftovers\n|-damage|p2a: Milotic|41/100 brn|[from] brn\n|-damage|p1b: Milotic|74/100 brn|[from] brn\n|upkeep\n|turn|17\n|\n|t:|1776525672\n|move|p2a: Milotic|Scald|p1b: Milotic\n|-resisted|p1b: Milotic|1\n|-damage|p1b: Milotic|63/100 brn\n|move|p1b: Milotic|Scald|p2a: Milotic\n|-resisted|p2a: Milotic|1\n|-damage|p2a: Milotic|14/100 brn\n|\n|-heal|p2a: Milotic|20/100 brn|[from] item: Leftovers\n|-damage|p2a: Milotic|14/100 brn|[from] brn\n|-damage|p1b: Milotic|57/100 brn|[from] brn\n|upkeep\n|turn|18\n|\n|t:|1776525683\n|move|p2a: Milotic|Recover|p2a: Milotic\n|-heal|p2a: Milotic|64/100 brn\n|move|p1b: Milotic|Recover|p1b: Milotic\n|-heal|p1b: Milotic|100/100 brn\n|\n|-heal|p2a: Milotic|70/100 brn|[from] item: Leftovers\n|-damage|p2a: Milotic|64/100 brn|[from] brn\n|-damage|p1b: Milotic|95/100 brn|[from] brn\n|upkeep\n|turn|19\n|-message|138mysx forfeited.\n|\n|win|Mithozz\n|raw|Mithozz's rating: 1155 &rarr; <strong>1183</strong><br />(+28 for winning)\n|raw|138mysx's rating: 1192 &rarr; <strong>1164</strong><br />(-28 for losing)\n",
  "uploadtime": 1776525694,
  "views": 20,
  "formatid": "gen9championsvgc2026regma",
  "rating": 1164,
  "private": 0,
  "password": null
}