{
  "id": "gen9championsvgc2026regma-2584655149",
  "format": "[Gen 9 Champions] VGC 2026 Reg M-A",
  "players": [
    "babonicplague",
    "aarav38"
  ],
  "log": "|j|\u2606babonicplague\n|j|\u2606aarav38\n|t:|1776274761\n|gametype|doubles\n|player|p1|babonicplague|n|1333\n|player|p2|aarav38|cynthia|1299\n|gen|9\n|tier|[Gen 9 Champions] VGC 2026 Reg M-A\n|rated|\n|rule|Species Clause: Limit one of each Pok\u00e9mon\n|rule|Item Clause: Limit 1 of each item\n|clearpoke\n|poke|p1|Starmie, L50|\n|poke|p1|Pelipper, L50, M|\n|poke|p1|Sneasler, L50, M|\n|poke|p1|Archaludon, L50, F|\n|poke|p1|Sinistcha, L50|\n|poke|p1|Incineroar, L50, M|\n|poke|p2|Aggron, L50, F|\n|poke|p2|Sinistcha, L50|\n|poke|p2|Incineroar, L50, M|\n|poke|p2|Pelipper, L50, F|\n|poke|p2|Gyarados, L50, M|\n|poke|p2|Sylveon, L50, M|\n|teampreview|4\n|inactive|Battle timer is ON: inactive players will automatically lose when time's up. (requested by aarav38)\n|c|\u2606babonicplague|glhf\n|inactive|babonicplague has 60 seconds left.\n|\n|t:|1776274819\n|teamsize|p1|4\n|teamsize|p2|4\n|start\n|switch|p1a: Archaludon|Archaludon, L50, F|100/100\n|switch|p1b: Sneasler|Sneasler, L50, M|100/100\n|switch|p2a: Aggron|Aggron, L50, F|100/100\n|switch|p2b: Incineroar|Incineroar, L50, M|100/100\n|-ability|p2b: Incineroar|Intimidate|boost\n|-unboost|p1a: Archaludon|atk|1\n|-unboost|p1b: Sneasler|atk|1\n|-enditem|p1b: Sneasler|White Herb\n|-clearnegativeboost|p1b: Sneasler|[silent]\n|turn|1\n|inactive|babonicplague has 30 seconds left.\n|inactive|babonicplague has 20 seconds left.\n|inactive|babonicplague has 15 seconds left.\n|inactive|babonicplague has 10 seconds left.\n|\n|t:|1776274866\n|switch|p1a: Starmie|Starmie, L50|100/100\n|detailschange|p2a: Aggron|Aggron-Mega, L50, F\n|-mega|p2a: Aggron|Aggron|Aggronite\n|move|p2b: Incineroar|Fake Out|p1a: Starmie\n|-damage|p1a: Starmie|81/100\n|move|p1b: Sneasler|Close Combat|p2b: Incineroar\n|-supereffective|p2b: Incineroar|1\n|-damage|p2b: Incineroar|0 fnt\n|-unboost|p1b: Sneasler|def|1\n|-unboost|p1b: Sneasler|spd|1\n|faint|p2b: Incineroar\n|move|p2a: Aggron|Iron Defense|p2a: Aggron\n|-boost|p2a: Aggron|def|2\n|\n|upkeep\n|inactive|aarav38 has 30 seconds left.\n|\n|t:|1776274898\n|switch|p2b: Gyarados|Gyarados, L50, M|100/100\n|-ability|p2b: Gyarados|Intimidate|boost\n|-unboost|p1a: Starmie|atk|1\n|-unboost|p1b: Sneasler|atk|1\n|turn|2\n|c|\u2606babonicplague|that thing had a major glow up in this meta\n|c|\u2606babonicplague|mega aggron used to be useless lol\n|inactive|babonicplague has 30 seconds left.\n|inactive|babonicplague has 20 seconds left.\n|inactive|babonicplague has 15 seconds left.\n|inactive|babonicplague has 10 seconds left.\n|\n|t:|1776274945\n|switch|p1b: Pelipper|Pelipper, L50, M|100/100\n|-weather|RainDance|[from] ability: Drizzle|[of] p1b: Pelipper\n|detailschange|p1a: Starmie|Starmie-Mega, L50\n|-mega|p1a: Starmie|Starmie|Starminite\n|move|p1a: Starmie|Flip Turn|p2a: Aggron\n|-damage|p2a: Aggron|85/100\n|\n|t:|1776274962\n|switch|p1a: Archaludon|Archaludon, L50, F|100/100|[from] Flip Turn\n|move|p2b: Gyarados|Dragon Dance|p2b: Gyarados\n|-boost|p2b: Gyarados|atk|1\n|-boost|p2b: Gyarados|spe|1\n|move|p2a: Aggron|Body Press|p1b: Pelipper\n|-resisted|p1b: Pelipper|1\n|-damage|p1b: Pelipper|49/100\n|\n|-weather|RainDance|[upkeep]\n|upkeep\n|turn|3\n|inactive|babonicplague has 30 seconds left.\n|\n|t:|1776274988\n|move|p1a: Archaludon|Electro Shot||[still]\n|-prepare|p1a: Archaludon|Electro Shot\n|-boost|p1a: Archaludon|spa|1\n|-anim|p1a: Archaludon|Electro Shot|p2b: Gyarados\n|-supereffective|p2b: Gyarados|2\n|-damage|p2b: Gyarados|0 fnt\n|faint|p2b: Gyarados\n|move|p1b: Pelipper|Weather Ball|p2a: Aggron\n|-damage|p2a: Aggron|29/100\n|move|p2a: Aggron|Body Press|p1a: Archaludon\n|-supereffective|p1a: Archaludon|1\n|-ability|p1a: Archaludon|Sturdy\n|-damage|p1a: Archaludon|1/100\n|\n|-weather|RainDance|[upkeep]\n|upkeep\n|c|\u2606babonicplague|sorry\n|inactive|aarav38 has 30 seconds left.\n|inactive|aarav38 has 20 seconds left.\n|c|\u2606babonicplague|gg unless thats sinestcha\n|inactive|aarav38 has 15 seconds left.\n|inactive|aarav38 has 10 seconds left.\n|inactive|aarav38 has 5 seconds left.\n|\n|t:|1776275043\n|switch|p2b: Sinistcha|Sinistcha, L50|100/100\n|-heal|p2a: Aggron|54/100|[from] ability: Hospitality|[of] p2b: Sinistcha\n|turn|4\n|\n|t:|1776275060\n|move|p2a: Aggron|Protect|p2a: Aggron\n|-singleturn|p2a: Aggron|Protect\n|move|p1a: Archaludon|Electro Shot||[still]\n|-prepare|p1a: Archaludon|Electro Shot\n|-boost|p1a: Archaludon|spa|1\n|-anim|p1a: Archaludon|Electro Shot|p2a: Aggron\n|-activate|p2a: Aggron|move: Protect\n|move|p1b: Pelipper|Hurricane|p2b: Sinistcha\n|-supereffective|p2b: Sinistcha|1\n|-damage|p2b: Sinistcha|20/100\n|move|p2b: Sinistcha|Trick Room|p2b: Sinistcha\n|-fieldstart|move: Trick Room|[of] p2b: Sinistcha\n|\n|-weather|RainDance|[upkeep]\n|upkeep\n|turn|5\n|inactive|babonicplague has 30 seconds left.\n|\n|t:|1776275093\n|switch|p1a: Sneasler|Sneasler, L50, M|100/100\n|move|p1b: Pelipper|Protect|p1b: Pelipper\n|-singleturn|p1b: Pelipper|Protect\n|move|p2a: Aggron|Body Press|p1b: Pelipper\n|-activate|p1b: Pelipper|move: Protect\n|move|p2b: Sinistcha|Matcha Gotcha|p1a: Sneasler|[spread] p1a\n|-activate|p1b: Pelipper|move: Protect\n|-resisted|p1a: Sneasler|1\n|-damage|p1a: Sneasler|84/100\n|-heal|p2b: Sinistcha|27/100|[from] drain|[of] p1a: Sneasler\n|\n|-weather|RainDance|[upkeep]\n|upkeep\n|turn|6\n|inactive|babonicplague has 30 seconds left.\n|\n|t:|1776275131\n|switch|p1b: Starmie|Starmie-Mega, L50|81/100\n|move|p1a: Sneasler|Fake Out|p2a: Aggron\n|-resisted|p2a: Aggron|1\n|-damage|p2a: Aggron|52/100\n|move|p2b: Sinistcha|Rage Powder|p2b: Sinistcha\n|-singleturn|p2b: Sinistcha|move: Rage Powder\n|cant|p2a: Aggron|flinch\n|\n|-weather|none\n|upkeep\n|turn|7\n|inactive|aarav38 has 30 seconds left.\n|\n|t:|1776275159\n|switch|p1a: Pelipper|Pelipper, L50, M|49/100\n|-weather|RainDance|[from] ability: Drizzle|[of] p1a: Pelipper\n|move|p1b: Starmie|Aqua Jet|p2b: Sinistcha\n|-resisted|p2b: Sinistcha|1\n|-damage|p2b: Sinistcha|0 fnt\n|faint|p2b: Sinistcha\n|move|p2a: Aggron|Heavy Slam|p1a: Pelipper\n|-resisted|p1a: Pelipper|1\n|-damage|p1a: Pelipper|14/100\n|\n|-weather|RainDance|[upkeep]\n|upkeep\n|turn|8\n|c|\u2606babonicplague|ggwp\n|-message|aarav38 forfeited.\n|\n|win|babonicplague\n|raw|babonicplague's rating: 1333 &rarr; <strong>1351</strong><br />(+18 for winning)\n|raw|aarav38's rating: 1299 &rarr; <strong>1276</strong><br />(-23 for losing)\n|l|\u2606aarav38\n|player|p2|\n",
  "uploadtime": 1776275195,
  "views": 32,
  "formatid": "gen9championsvgc2026regma",
  "rating": 1276,
  "private": 0,
  "password": null
}