{
  "id": "gen9championsvgc2026regma-2583660481",
  "format": "[Gen 9 Champions] VGC 2026 Reg M-A",
  "players": [
    "ghetsisdametsis",
    "17 character name"
  ],
  "log": "|j|\u2606ghetsisdametsis\n|j|\u260617 character name\n|t:|1776189404\n|gametype|doubles\n|player|p1|ghetsisdametsis|266|1218\n|player|p2|17 character name|steven-masters3|1175\n|gen|9\n|tier|[Gen 9 Champions] VGC 2026 Reg M-A\n|rated|\n|rule|Species Clause: Limit one of each Pok\u00e9mon\n|rule|Item Clause: Limit 1 of each item\n|clearpoke\n|poke|p1|Manectric, L50, F|\n|poke|p1|Pelipper, L50, F|\n|poke|p1|Archaludon, L50, M|\n|poke|p1|Sneasler, L50, M|\n|poke|p1|Incineroar, L50, M|\n|poke|p1|Basculegion, L50, M|\n|poke|p2|Scizor, L50, F|\n|poke|p2|Manectric, L50, F|\n|poke|p2|Pelipper, L50, M|\n|poke|p2|Sneasler, L50, M|\n|poke|p2|Incineroar, L50, F|\n|poke|p2|Ninetales-Alola, L50, M|\n|teampreview|4\n|\n|t:|1776189433\n|teamsize|p1|4\n|teamsize|p2|4\n|start\n|switch|p1a: Manectric|Manectric, L50, F|100/100\n|switch|p1b: Archaludon|Archaludon, L50, M|100/100\n|switch|p2a: Manectric|Manectric, L50, F|100/100\n|switch|p2b: Sneasler|Sneasler, L50, M|100/100\n|turn|1\n|inactive|Battle timer is ON: inactive players will automatically lose when time's up. (requested by ghetsisdametsis)\n|\n|t:|1776189450\n|detailschange|p1a: Manectric|Manectric-Mega, L50, F\n|-mega|p1a: Manectric|Manectric|Manectite\n|-ability|p1a: Manectric|Intimidate|boost\n|-unboost|p2a: Manectric|atk|1\n|-unboost|p2b: Sneasler|atk|1\n|-enditem|p2b: Sneasler|White Herb\n|-clearnegativeboost|p2b: Sneasler|[silent]\n|move|p2a: Manectric|Protect|p2a: Manectric\n|-singleturn|p2a: Manectric|Protect\n|move|p2b: Sneasler|Close Combat|p1b: Archaludon\n|-supereffective|p1b: Archaludon|1\n|-damage|p1b: Archaludon|6/100\n|-unboost|p2b: Sneasler|def|1\n|-unboost|p2b: Sneasler|spd|1\n|-ability|p1b: Archaludon|Stamina|boost\n|-boost|p1b: Archaludon|def|1\n|move|p1a: Manectric|Volt Switch|p2a: Manectric\n|-activate|p2a: Manectric|ability: Lightning Rod\n|-activate|p2a: Manectric|move: Protect\n|move|p1b: Archaludon|Electro Shot||[still]\n|-prepare|p1b: Archaludon|Electro Shot\n|-boost|p1b: Archaludon|spa|1\n|\n|upkeep\n|turn|2\n|inactive|ghetsisdametsis has 30 seconds left.\n|inactive|17 character name has 30 seconds left.\n|\n|t:|1776189482\n|move|p2b: Sneasler|Protect|p2b: Sneasler\n|-singleturn|p2b: Sneasler|Protect\n|move|p1a: Manectric|Overheat|p2b: Sneasler\n|-activate|p2b: Sneasler|move: Protect\n|move|p2a: Manectric|Thunderbolt|p1b: Archaludon\n|-resisted|p1b: Archaludon|1\n|-damage|p1b: Archaludon|0 fnt\n|faint|p1b: Archaludon\n|\n|upkeep\n|\n|t:|1776189491\n|switch|p1b: Incineroar|Incineroar, L50, M|100/100\n|-ability|p1b: Incineroar|Intimidate|boost\n|-unboost|p2a: Manectric|atk|1\n|-unboost|p2b: Sneasler|atk|1\n|turn|3\n|\n|t:|1776189501\n|switch|p2b: Incineroar|Incineroar, L50, F|100/100\n|-ability|p2b: Incineroar|Intimidate|boost\n|-unboost|p1a: Manectric|atk|1\n|-unboost|p1b: Incineroar|atk|1\n|detailschange|p2a: Manectric|Manectric-Mega, L50, F\n|-mega|p2a: Manectric|Manectric|Manectite\n|-ability|p2a: Manectric|Intimidate|boost\n|-unboost|p1a: Manectric|atk|1\n|-unboost|p1b: Incineroar|atk|1\n|move|p1b: Incineroar|Fake Out|p2a: Manectric\n|-damage|p2a: Manectric|90/100\n|move|p1a: Manectric|Overheat|p2b: Incineroar|[miss]\n|-miss|p1a: Manectric|p2b: Incineroar\n|cant|p2a: Manectric|flinch\n|\n|upkeep\n|turn|4\n|\n|t:|1776189521\n|move|p2b: Incineroar|Fake Out|p1a: Manectric\n|-damage|p1a: Manectric|81/100\n|cant|p1a: Manectric|flinch\n|move|p2a: Manectric|Volt Switch|p1b: Incineroar\n|-damage|p1b: Incineroar|64/100\n|\n|t:|1776189532\n|switch|p2a: Sneasler|Sneasler, L50, M|100/100|[from] Volt Switch\n|move|p1b: Incineroar|Parting Shot|p2b: Incineroar\n|-unboost|p2b: Incineroar|atk|1\n|-unboost|p2b: Incineroar|spa|1\n|\n|t:|1776189541\n|switch|p1b: Pelipper|Pelipper, L50, F|100/100|[from] Parting Shot\n|-weather|RainDance|[from] ability: Drizzle|[of] p1b: Pelipper\n|\n|-weather|RainDance|[upkeep]\n|upkeep\n|turn|5\n|\n|t:|1776189562\n|switch|p2a: Ninetales|Ninetales-Alola, L50, M|100/100\n|-weather|Snowscape|[from] ability: Snow Warning|[of] p2a: Ninetales\n|move|p1a: Manectric|Thunder|p2a: Ninetales\n|-damage|p2a: Ninetales|24/100\n|-enditem|p2a: Ninetales|Sitrus Berry|[eat]\n|-heal|p2a: Ninetales|48/100|[from] item: Sitrus Berry\n|move|p1b: Pelipper|Tailwind|p1b: Pelipper\n|-sidestart|p1: ghetsisdametsis|move: Tailwind\n|move|p2b: Incineroar|Parting Shot|p1a: Manectric\n|-unboost|p1a: Manectric|atk|1\n|-unboost|p1a: Manectric|spa|1\n|\n|t:|1776189581\n|switch|p2b: Manectric|Manectric-Mega, L50, F|90/100|[from] Parting Shot\n|-ability|p2b: Manectric|Intimidate|boost\n|-unboost|p1a: Manectric|atk|1\n|-unboost|p1b: Pelipper|atk|1\n|\n|-weather|Snowscape|[upkeep]\n|upkeep\n|turn|6\n|\n|t:|1776189604\n|switch|p2a: Incineroar|Incineroar, L50, F|100/100\n|-ability|p2a: Incineroar|Intimidate|boost\n|-unboost|p1a: Manectric|atk|1\n|-unboost|p1b: Pelipper|atk|1\n|switch|p1b: Incineroar|Incineroar, L50, M|64/100\n|-ability|p1b: Incineroar|Intimidate|boost\n|-unboost|p2a: Incineroar|atk|1\n|-unboost|p2b: Manectric|atk|1\n|move|p1a: Manectric|Volt Switch|p2a: Incineroar\n|-damage|p2a: Incineroar|77/100\n|\n|t:|1776189609\n|switch|p1a: Pelipper|Pelipper, L50, F|100/100|[from] Volt Switch\n|-weather|RainDance|[from] ability: Drizzle|[of] p1a: Pelipper\n|move|p2b: Manectric|Thunderbolt|p1b: Incineroar\n|-damage|p1b: Incineroar|21/100\n|-enditem|p1b: Incineroar|Sitrus Berry|[eat]\n|-heal|p1b: Incineroar|46/100|[from] item: Sitrus Berry\n|\n|-weather|RainDance|[upkeep]\n|upkeep\n|turn|7\n|\n|t:|1776189626\n|move|p1b: Incineroar|Fake Out|p2a: Incineroar\n|-damage|p2a: Incineroar|63/100\n|cant|p2a: Incineroar|flinch\n|move|p2b: Manectric|Volt Switch|p1a: Pelipper\n|-supereffective|p1a: Pelipper|2\n|-enditem|p1a: Pelipper|Focus Sash\n|-damage|p1a: Pelipper|1/100\n|\n|t:|1776189632\n|switch|p2b: Ninetales|Ninetales-Alola, L50, M|48/100|[from] Volt Switch\n|-weather|Snowscape|[from] ability: Snow Warning|[of] p2b: Ninetales\n|move|p1a: Pelipper|Weather Ball|p2a: Incineroar\n|-resisted|p2a: Incineroar|1\n|-damage|p2a: Incineroar|53/100\n|\n|-weather|Snowscape|[upkeep]\n|upkeep\n|turn|8\n|\n|t:|1776189646\n|move|p1a: Pelipper|Protect|p1a: Pelipper\n|-singleturn|p1a: Pelipper|Protect\n|move|p2b: Ninetales|Blizzard|p1a: Pelipper|[spread] p1b\n|-activate|p1a: Pelipper|move: Protect\n|-resisted|p1b: Incineroar|1\n|-damage|p1b: Incineroar|31/100\n|move|p1b: Incineroar|Flare Blitz|p2b: Ninetales\n|-supereffective|p2b: Ninetales|1\n|-damage|p2b: Ninetales|0 fnt\n|faint|p2b: Ninetales\n|-damage|p1b: Incineroar|19/100|[from] Recoil\n|move|p2a: Incineroar|Parting Shot|p1a: Pelipper\n|-activate|p1a: Pelipper|move: Protect\n|\n|-weather|Snowscape|[upkeep]\n|-sideend|p1: ghetsisdametsis|move: Tailwind\n|upkeep\n|\n|t:|1776189653\n|switch|p2b: Manectric|Manectric-Mega, L50, F|90/100\n|-ability|p2b: Manectric|Intimidate|boost\n|-unboost|p1a: Pelipper|atk|1\n|-unboost|p1b: Incineroar|atk|1\n|turn|9\n|\n|t:|1776189672\n|switch|p1a: Manectric|Manectric-Mega, L50, F|81/100\n|-ability|p1a: Manectric|Intimidate|boost\n|-unboost|p2a: Incineroar|atk|1\n|-unboost|p2b: Manectric|atk|1\n|move|p2b: Manectric|Volt Switch|p1a: Manectric\n|-resisted|p1a: Manectric|1\n|-damage|p1a: Manectric|55/100\n|\n|t:|1776189683\n|switch|p2b: Sneasler|Sneasler, L50, M|100/100|[from] Volt Switch\n|move|p1b: Incineroar|Parting Shot|p2b: Sneasler\n|-unboost|p2b: Sneasler|atk|1\n|-unboost|p2b: Sneasler|spa|1\n|\n|t:|1776189694\n|switch|p1b: Pelipper|Pelipper, L50, F|1/100|[from] Parting Shot\n|-weather|RainDance|[from] ability: Drizzle|[of] p1b: Pelipper\n|move|p2a: Incineroar|Darkest Lariat|p1b: Pelipper\n|-damage|p1b: Pelipper|0 fnt\n|faint|p1b: Pelipper\n|\n|-weather|RainDance|[upkeep]\n|upkeep\n|\n|t:|1776189695\n|switch|p1b: Incineroar|Incineroar, L50, M|19/100\n|-ability|p1b: Incineroar|Intimidate|boost\n|-unboost|p2a: Incineroar|atk|1\n|-unboost|p2b: Sneasler|atk|1\n|turn|10\n|\n|t:|1776189715\n|switch|p2a: Manectric|Manectric-Mega, L50, F|90/100\n|-ability|p2a: Manectric|Intimidate|boost\n|-unboost|p1a: Manectric|atk|1\n|-unboost|p1b: Incineroar|atk|1\n|move|p2b: Sneasler|Fake Out|p1a: Manectric\n|-damage|p1a: Manectric|44/100\n|move|p1b: Incineroar|Fake Out|p2a: Manectric\n|-damage|p2a: Manectric|77/100\n|cant|p1a: Manectric|flinch\n|\n|-weather|RainDance|[upkeep]\n|upkeep\n|turn|11\n|c|\u2606ghetsisdametsis|gg\n|inactive|17 character name has 30 seconds left.\n|\n|t:|1776189742\n|move|p1a: Manectric|Thunder|p2b: Sneasler\n|-damage|p2b: Sneasler|17/100\n|move|p2a: Manectric|Volt Switch|p1b: Incineroar\n|-damage|p1b: Incineroar|0 fnt\n|faint|p1b: Incineroar\n|c|\u2606ghetsisdametsis|ggggggggggggggggggg\n|\n|t:|1776189751\n|switch|p2a: Incineroar|Incineroar, L50, F|53/100|[from] Volt Switch\n|-ability|p2a: Incineroar|Intimidate|boost\n|-unboost|p1a: Manectric|atk|1\n|move|p2b: Sneasler|Close Combat|p1a: Manectric\n|-damage|p1a: Manectric|0 fnt\n|-unboost|p2b: Sneasler|def|1\n|-unboost|p2b: Sneasler|spd|1\n|faint|p1a: Manectric\n|\n|win|17 character name\n|raw|ghetsisdametsis's rating: 1218 &rarr; <strong>1190</strong><br />(-28 for losing)\n|raw|17 character name's rating: 1175 &rarr; <strong>1203</strong><br />(+28 for winning)\n|l|\u2606ghetsisdametsis\n|player|p1|\n|c|\u260617 character name|gg\n",
  "uploadtime": 1776190409,
  "views": 20,
  "formatid": "gen9championsvgc2026regma",
  "rating": 1190,
  "private": 0,
  "password": null
}