{
  "id": "gen9championsvgc2026regma-2587969327",
  "format": "[Gen 9 Champions] VGC 2026 Reg M-A",
  "players": [
    "BOINGO FAN",
    "ultramanhaaah"
  ],
  "log": "|j|\u2606BOINGO FAN\n|j|\u2606ultramanhaaah\n|t:|1776586468\n|gametype|doubles\n|player|p1|BOINGO FAN|101|1051\n|player|p2|ultramanhaaah|elesa|1010\n|gen|9\n|tier|[Gen 9 Champions] VGC 2026 Reg M-A\n|rated|\n|rule|Species Clause: Limit one of each Pok\u00e9mon\n|rule|Item Clause: Limit 1 of each item\n|clearpoke\n|poke|p1|Whimsicott, L50, F|\n|poke|p1|Houndoom, L50, F|\n|poke|p1|Typhlosion-Hisui, L50, M|\n|poke|p1|Venusaur, L50, F|\n|poke|p1|Farigiraf, L50, M|\n|poke|p1|Klefki, L50, F|\n|poke|p2|Steelix, L50, M|\n|poke|p2|Klefki, L50, F|\n|poke|p2|Chandelure, L50, M|\n|poke|p2|Medicham, L50, F|\n|poke|p2|Sinistcha, L50|\n|poke|p2|Camerupt, L50, M|\n|teampreview|4\n|\n|t:|1776586484\n|teamsize|p1|4\n|teamsize|p2|4\n|start\n|switch|p1a: Houndoom|Houndoom, L50, F|100/100\n|switch|p1b: Whimsicott|Whimsicott, L50, F|100/100\n|switch|p2a: Klefki|Klefki, L50, F|100/100\n|switch|p2b: Steelix|Steelix, L50, M|100/100\n|turn|1\n|\n|t:|1776586520\n|detailschange|p1a: Houndoom|Houndoom-Mega, L50, F\n|-mega|p1a: Houndoom|Houndoom|Houndoominite\n|move|p1a: Houndoom|Protect|p1a: Houndoom\n|-singleturn|p1a: Houndoom|Protect\n|move|p1b: Whimsicott|Sunny Day|p1b: Whimsicott\n|-weather|SunnyDay\n|move|p2b: Steelix|Heavy Slam|p1a: Houndoom\n|-activate|p1a: Houndoom|move: Protect\n|move|p2a: Klefki|Trick Room|p2a: Klefki\n|-fieldstart|move: Trick Room|[of] p2a: Klefki\n|\n|-weather|SunnyDay|[upkeep]\n|-damage|p1a: Houndoom|88/100|[from] ability: Solar Power|[of] p1a: Houndoom\n|upkeep\n|turn|2\n|\n|t:|1776586546\n|move|p2a: Klefki|Light Screen|p2a: Klefki\n|-sidestart|p2: ultramanhaaah|move: Light Screen\n|move|p1b: Whimsicott|Encore|p2a: Klefki\n|-start|p2a: Klefki|Encore\n|move|p2b: Steelix|Heavy Slam|p1a: Houndoom\n|-resisted|p1a: Houndoom|1\n|-damage|p1a: Houndoom|58/100\n|move|p1a: Houndoom|Flamethrower|p2b: Steelix\n|-supereffective|p2b: Steelix|1\n|-ability|p2b: Steelix|Sturdy\n|-damage|p2b: Steelix|1/100\n|\n|-weather|SunnyDay|[upkeep]\n|-damage|p1a: Houndoom|46/100|[from] ability: Solar Power|[of] p1a: Houndoom\n|-heal|p2b: Steelix|7/100|[from] item: Leftovers\n|upkeep\n|turn|3\n|\n|t:|1776586566\n|switch|p2a: Camerupt|Camerupt, L50, M|100/100\n|move|p2b: Steelix|Protect|p2b: Steelix\n|-singleturn|p2b: Steelix|Protect\n|move|p1a: Houndoom|Protect|p1a: Houndoom\n|-singleturn|p1a: Houndoom|Protect\n|move|p1b: Whimsicott|Dazzling Gleam|p2b: Steelix|[spread] p2a\n|-activate|p2b: Steelix|move: Protect\n|-resisted|p2a: Camerupt|1\n|-damage|p2a: Camerupt|90/100\n|\n|-weather|SunnyDay|[upkeep]\n|-damage|p1a: Houndoom|34/100|[from] ability: Solar Power|[of] p1a: Houndoom\n|-heal|p2b: Steelix|13/100|[from] item: Leftovers\n|upkeep\n|turn|4\n|\n|t:|1776586590\n|switch|p1a: Farigiraf|Farigiraf, L50, M|100/100\n|detailschange|p2a: Camerupt|Camerupt-Mega, L50, M\n|-mega|p2a: Camerupt|Camerupt|Cameruptite\n|move|p1b: Whimsicott|Encore|p2b: Steelix\n|-start|p2b: Steelix|Encore\n|move|p2b: Steelix|Protect||[still]\n|-fail|p2b: Steelix\n|move|p2a: Camerupt|Heat Wave|p1b: Whimsicott|[spread] p1a,p1b\n|-supereffective|p1b: Whimsicott|1\n|-damage|p1a: Farigiraf|21/100\n|-enditem|p1b: Whimsicott|Focus Sash\n|-damage|p1b: Whimsicott|1/100\n|-enditem|p1a: Farigiraf|Sitrus Berry|[eat]\n|-heal|p1a: Farigiraf|45/100|[from] item: Sitrus Berry\n|\n|-weather|SunnyDay|[upkeep]\n|-heal|p2b: Steelix|19/100|[from] item: Leftovers\n|upkeep\n|turn|5\n|\n|t:|1776586614\n|switch|p2b: Klefki|Klefki, L50, F|100/100\n|move|p2a: Camerupt|Heat Wave|p1b: Whimsicott|[spread] p1a,p1b\n|-supereffective|p1b: Whimsicott|1\n|-damage|p1a: Farigiraf|0 fnt\n|-damage|p1b: Whimsicott|0 fnt\n|faint|p1a: Farigiraf\n|faint|p1b: Whimsicott\n|\n|-weather|none\n|-fieldend|move: Trick Room\n|upkeep\n|\n|t:|1776586623\n|switch|p1b: Venusaur|Venusaur, L50, F|100/100\n|switch|p1a: Houndoom|Houndoom-Mega, L50, F|34/100\n|turn|6\n|\n|t:|1776586637\n|move|p2a: Camerupt|Protect|p2a: Camerupt\n|-singleturn|p2a: Camerupt|Protect\n|move|p1a: Houndoom|Flamethrower|p2b: Klefki\n|-supereffective|p2b: Klefki|1\n|-damage|p2b: Klefki|24/100\n|-status|p2b: Klefki|brn\n|move|p1b: Venusaur|Sleep Powder|p2a: Camerupt\n|-activate|p2a: Camerupt|move: Protect\n|move|p2b: Klefki|Trick Room|p2b: Klefki\n|-fieldstart|move: Trick Room|[of] p2b: Klefki\n|\n|-damage|p2b: Klefki|18/100 brn|[from] brn\n|-sideend|p2: ultramanhaaah|move: Light Screen\n|upkeep\n|turn|7\n|\n|t:|1776586654\n|move|p1a: Houndoom|Protect|p1a: Houndoom\n|-singleturn|p1a: Houndoom|Protect\n|move|p2a: Camerupt|Heat Wave|p1a: Houndoom|[spread] p1b\n|-activate|p1a: Houndoom|move: Protect\n|-supereffective|p1b: Venusaur|1\n|-damage|p1b: Venusaur|0 fnt\n|faint|p1b: Venusaur\n|move|p2b: Klefki|Dazzling Gleam|p1a: Houndoom\n|-activate|p1a: Houndoom|move: Protect\n|\n|-damage|p2b: Klefki|12/100 brn|[from] brn\n|upkeep\n|turn|8\n|-message|BOINGO FAN forfeited.\n|\n|win|ultramanhaaah\n|raw|BOINGO FAN's rating: 1051 &rarr; <strong>1031</strong><br />(-20 for losing)\n|raw|ultramanhaaah's rating: 1010 &rarr; <strong>1053</strong><br />(+43 for winning)\n|l|\u2606BOINGO FAN\n|player|p1|\n",
  "uploadtime": 1776586674,
  "views": 13,
  "formatid": "gen9championsvgc2026regma",
  "rating": 1031,
  "private": 0,
  "password": null
}