{
  "id": "gen9championsvgc2026regma-2582660082",
  "format": "[Gen 9 Champions] VGC 2026 Reg M-A",
  "players": [
    "skibidionthewall",
    "gerard_r99"
  ],
  "log": "|j|\u2606skibidionthewall\n|j|\u2606gerard_r99\n|t:|1776105571\n|gametype|doubles\n|player|p1|skibidionthewall|101|1287\n|player|p2|gerard_r99|266|1228\n|gen|9\n|tier|[Gen 9 Champions] VGC 2026 Reg M-A\n|rated|\n|rule|Species Clause: Limit one of each Pok\u00e9mon\n|rule|Item Clause: Limit 1 of each item\n|clearpoke\n|poke|p1|Floette-Eternal, L50, F|\n|poke|p1|Tyranitar, L50, M|\n|poke|p1|Incineroar, L50, F|\n|poke|p1|Rotom-Wash, L50|\n|poke|p1|Sinistcha, L50|\n|poke|p1|Garchomp, L50, M|\n|poke|p2|Clefable, L50, F|\n|poke|p2|Sneasler, L50, M|\n|poke|p2|Delphox, L50, F|\n|poke|p2|Kingambit, L50, F|\n|poke|p2|Basculegion, L50, M|\n|poke|p2|Dragonite, L50, F|\n|teampreview|4\n|inactive|Battle timer is ON: inactive players will automatically lose when time's up. (requested by skibidionthewall)\n|inactive|skibidionthewall has 60 seconds left.\n|\n|t:|1776105609\n|teamsize|p1|4\n|teamsize|p2|4\n|start\n|switch|p1a: ultimate weapon|Floette-Eternal, L50, F, shiny|100/100\n|switch|p1b: the goat|Incineroar, L50, F|100/100\n|switch|p2a: Basculegion|Basculegion, L50, M|100/100\n|switch|p2b: Delphox|Delphox, L50, F|100/100\n|-ability|p1b: the goat|Intimidate|boost\n|-unboost|p2a: Basculegion|atk|1\n|-unboost|p2b: Delphox|atk|1\n|turn|1\n|\n|t:|1776105629\n|detailschange|p1a: ultimate weapon|Floette-Mega, L50, F, shiny\n|-mega|p1a: ultimate weapon|Floette|Floettite\n|-ability|p1a: ultimate weapon|Fairy Aura\n|move|p2b: Delphox|Protect|p2b: Delphox\n|-singleturn|p2b: Delphox|Protect\n|move|p1b: the goat|Fake Out|p2b: Delphox\n|-activate|p2b: Delphox|move: Protect\n|move|p2a: Basculegion|Flip Turn|p1a: ultimate weapon\n|-damage|p1a: ultimate weapon|66/100\n|\n|t:|1776105638\n|switch|p2a: Clefable|Clefable, L50, F|100/100|[from] Flip Turn\n|move|p1a: ultimate weapon|Calm Mind|p1a: ultimate weapon\n|-boost|p1a: ultimate weapon|spa|1\n|-boost|p1a: ultimate weapon|spd|1\n|\n|upkeep\n|turn|2\n|\n|t:|1776105656\n|detailschange|p2b: Delphox|Delphox-Mega, L50, F\n|-mega|p2b: Delphox|Delphox|Delphoxite\n|move|p1a: ultimate weapon|Protect|p1a: ultimate weapon\n|-singleturn|p1a: ultimate weapon|Protect\n|move|p2a: Clefable|Follow Me|p2a: Clefable\n|-singleturn|p2a: Clefable|move: Follow Me\n|move|p2b: Delphox|Substitute|p2b: Delphox\n|-start|p2b: Delphox|Substitute\n|-damage|p2b: Delphox|76/100\n|move|p1b: the goat|Throat Chop|p2a: Clefable\n|-resisted|p2a: Clefable|1\n|-damage|p2a: Clefable|84/100\n|-start|p2a: Clefable|Throat Chop|[silent]\n|\n|upkeep\n|turn|3\n|inactive|skibidionthewall has 30 seconds left.\n|\n|t:|1776105684\n|move|p2a: Clefable|Helping Hand|p2b: Delphox\n|-singleturn|p2b: Delphox|Helping Hand|[of] p2a: Clefable\n|move|p2b: Delphox|Psychic|p1a: ultimate weapon\n|-damage|p1a: ultimate weapon|19/100\n|move|p1a: ultimate weapon|Moonblast|p2b: Delphox\n|-resisted|p2b: Delphox|1\n|-end|p2b: Delphox|Substitute\n|move|p1b: the goat|Throat Chop|p2b: Delphox\n|-supereffective|p2b: Delphox|1\n|-damage|p2b: Delphox|0 fnt\n|faint|p2b: Delphox\n|\n|-end|p2a: Clefable|Throat Chop|[silent]\n|upkeep\n|\n|t:|1776105693\n|switch|p2b: Basculegion|Basculegion, L50, M|100/100\n|turn|4\n|\n|t:|1776105702\n|move|p2a: Clefable|Helping Hand|p2b: Basculegion\n|-singleturn|p2b: Basculegion|Helping Hand|[of] p2a: Clefable\n|move|p1a: ultimate weapon|Protect|p1a: ultimate weapon\n|-singleturn|p1a: ultimate weapon|Protect\n|move|p2b: Basculegion|Flip Turn|p1b: the goat\n|-supereffective|p1b: the goat|1\n|-damage|p1b: the goat|0 fnt\n|faint|p1b: the goat\n|\n|t:|1776105708\n|switch|p2b: Sneasler|Sneasler, L50, M|100/100|[from] Flip Turn\n|\n|upkeep\n|\n|t:|1776105712\n|switch|p1b: labubu master|Sinistcha, L50, shiny|100/100\n|-heal|p1a: ultimate weapon|43/100|[from] ability: Hospitality|[of] p1b: labubu master\n|turn|5\n|\n|t:|1776105723\n|move|p2a: Clefable|Helping Hand|p2b: Sneasler\n|-singleturn|p2b: Sneasler|Helping Hand|[of] p2a: Clefable\n|move|p1b: labubu master|Rage Powder|p1b: labubu master\n|-singleturn|p1b: labubu master|move: Rage Powder\n|move|p2b: Sneasler|Dire Claw|p1b: labubu master\n|-damage|p1b: labubu master|36/100\n|-status|p1b: labubu master|slp\n|move|p1a: ultimate weapon|Dazzling Gleam|p2b: Sneasler|[spread] p2a,p2b\n|-damage|p2a: Clefable|32/100\n|-damage|p2b: Sneasler|3/100\n|-enditem|p2a: Clefable|Sitrus Berry|[eat]\n|-heal|p2a: Clefable|56/100|[from] item: Sitrus Berry\n|\n|-heal|p1b: labubu master|42/100 slp|[from] item: Leftovers\n|upkeep\n|turn|6\n|\n|t:|1776105745\n|move|p2a: Clefable|Helping Hand|p2b: Sneasler\n|-singleturn|p2b: Sneasler|Helping Hand|[of] p2a: Clefable\n|move|p1a: ultimate weapon|Protect|p1a: ultimate weapon\n|-singleturn|p1a: ultimate weapon|Protect\n|move|p2b: Sneasler|Dire Claw|p1b: labubu master\n|-damage|p1b: labubu master|0 fnt\n|faint|p1b: labubu master\n|\n|upkeep\n|\n|t:|1776105753\n|switch|p1b: ghost stories|Rotom-Wash, L50, shiny|100/100\n|turn|7\n|\n|t:|1776105767\n|move|p2a: Clefable|Follow Me|p2a: Clefable\n|-singleturn|p2a: Clefable|move: Follow Me\n|move|p2b: Sneasler|Dire Claw|p1a: ultimate weapon\n|-supereffective|p1a: ultimate weapon|1\n|-damage|p1a: ultimate weapon|0 fnt\n|faint|p1a: ultimate weapon\n|move|p1b: ghost stories|Thunderbolt|p2a: Clefable\n|-damage|p2a: Clefable|17/100\n|\n|upkeep\n|turn|8\n|\n|t:|1776105780\n|move|p2a: Clefable|Helping Hand|p2b: Sneasler\n|-singleturn|p2b: Sneasler|Helping Hand|[of] p2a: Clefable\n|move|p2b: Sneasler|Close Combat|p1b: ghost stories\n|-damage|p1b: ghost stories|0 fnt\n|-unboost|p2b: Sneasler|def|1\n|-unboost|p2b: Sneasler|spd|1\n|faint|p1b: ghost stories\n|\n|win|gerard_r99\n|raw|skibidionthewall's rating: 1287 &rarr; <strong>1258</strong><br />(-29 for losing)\n|raw|gerard_r99's rating: 1228 &rarr; <strong>1257</strong><br />(+29 for winning)\n|l|\u2606skibidionthewall\n|player|p1|\n",
  "uploadtime": 1776105790,
  "views": 22,
  "formatid": "gen9championsvgc2026regma",
  "rating": 1257,
  "private": 0,
  "password": null
}