{
  "id": "gen9championsvgc2026regma-2584126771",
  "format": "[Gen 9 Champions] VGC 2026 Reg M-A",
  "players": [
    "vestige666",
    "StrawberryBalloons"
  ],
  "log": "|j|\u2606vestige666\n|j|\u2606StrawberryBalloons\n|t:|1776228105\n|gametype|doubles\n|player|p1|vestige666|blackbelt-gen4dp|1311\n|player|p2|StrawberryBalloons|fisherman-gen4|1260\n|gen|9\n|tier|[Gen 9 Champions] VGC 2026 Reg M-A\n|rated|\n|rule|Species Clause: Limit one of each Pok\u00e9mon\n|rule|Item Clause: Limit 1 of each item\n|clearpoke\n|poke|p1|Froslass, L50, F|\n|poke|p1|Kingambit, L50, F|\n|poke|p1|Sneasler, L50, M|\n|poke|p1|Palafin, L50, F|\n|poke|p1|Sinistcha, L50|\n|poke|p1|Arcanine-Hisui, L50, F|\n|poke|p2|Meganium, L50, F|\n|poke|p2|Aerodactyl, L50, F|\n|poke|p2|Milotic, L50, F|\n|poke|p2|Typhlosion-Hisui, L50, M|\n|poke|p2|Tinkaton, L50, F|\n|poke|p2|Garchomp, L50, F|\n|teampreview|4\n|inactive|Battle timer is ON: inactive players will automatically lose when time's up. (requested by StrawberryBalloons)\n|inactive|vestige666 has 60 seconds left.\n|inactive|StrawberryBalloons has 60 seconds left.\n|\n|t:|1776228145\n|teamsize|p1|4\n|teamsize|p2|4\n|start\n|switch|p1a: Nerissa|Froslass, L50, F|100/100\n|switch|p1b: kronii|Sneasler, L50, M|100/100\n|switch|p2a: Aerodactyl|Aerodactyl, L50, F|100/100\n|switch|p2b: Typhlosion|Typhlosion-Hisui, L50, M|100/100\n|-ability|p2a: Aerodactyl|Unnerve\n|-item|p1a: Nerissa|Froslassite|[from] ability: Frisk|[of] p2b: Typhlosion\n|-item|p1b: kronii|White Herb|[from] ability: Frisk|[of] p2b: Typhlosion\n|turn|1\n|inactive|vestige666 has 30 seconds left.\n|inactive|vestige666 has 20 seconds left.\n|inactive|vestige666 has 15 seconds left.\n|\n|t:|1776228189\n|move|p1a: Nerissa|Protect|p1a: Nerissa\n|-singleturn|p1a: Nerissa|Protect\n|move|p2b: Typhlosion|Eruption|p1b: kronii|[spread] p1b\n|-activate|p1a: Nerissa|move: Protect\n|-damage|p1b: kronii|17/100\n|move|p2a: Aerodactyl|Rock Slide|p1a: Nerissa|[spread] p1b\n|-activate|p1a: Nerissa|move: Protect\n|-resisted|p1b: kronii|1\n|-damage|p1b: kronii|0 fnt\n|faint|p1b: kronii\n|\n|upkeep\n|\n|t:|1776228203\n|switch|p1b: Biboo|Kingambit, L50, F, shiny|100/100\n|turn|2\n|\n|t:|1776228216\n|detailschange|p1a: Nerissa|Froslass-Mega, L50, F\n|-mega|p1a: Nerissa|Froslass|Froslassite\n|-weather|Snowscape|[from] ability: Snow Warning|[of] p1a: Nerissa\n|move|p1b: Biboo|Sucker Punch|p2b: Typhlosion\n|-supereffective|p2b: Typhlosion|1\n|-damage|p2b: Typhlosion|0 fnt\n|faint|p2b: Typhlosion\n|move|p2a: Aerodactyl|Tailwind|p2a: Aerodactyl\n|-sidestart|p2: StrawberryBalloons|move: Tailwind\n|move|p1a: Nerissa|Blizzard|p2a: Aerodactyl\n|-supereffective|p2a: Aerodactyl|1\n|-damage|p2a: Aerodactyl|0 fnt\n|faint|p2a: Aerodactyl\n|\n|-weather|Snowscape|[upkeep]\n|upkeep\n|\n|t:|1776228222\n|switch|p2a: MeowMeow|Tinkaton, L50, F, shiny|100/100\n|switch|p2b: MegaTwo|Meganium, L50, F|100/100\n|-ability|p2a: MeowMeow|Mold Breaker\n|turn|3\n|\n|t:|1776228241\n|detailschange|p2b: MegaTwo|Meganium-Mega, L50, F\n|-mega|p2b: MegaTwo|Meganium|Meganiumite\n|move|p1a: Nerissa|Protect|p1a: Nerissa\n|-singleturn|p1a: Nerissa|Protect\n|move|p1b: Biboo|Protect|p1b: Biboo\n|-singleturn|p1b: Biboo|Protect\n|move|p2a: MeowMeow|Gigaton Hammer|p1a: Nerissa\n|-activate|p1a: Nerissa|move: Protect\n|move|p2b: MegaTwo|Weather Ball|p1b: Biboo\n|-activate|p1b: Biboo|move: Protect\n|\n|-weather|Snowscape|[upkeep]\n|upkeep\n|turn|4\n|inactive|vestige666 has 30 seconds left.\n|\n|t:|1776228267\n|move|p2a: MeowMeow|Encore|p1a: Nerissa\n|-start|p1a: Nerissa|Encore\n|move|p1a: Nerissa|Protect|p1a: Nerissa\n|-singleturn|p1a: Nerissa|Protect\n|move|p2b: MegaTwo|Weather Ball|p1b: Biboo\n|-supereffective|p1b: Biboo|1\n|-damage|p1b: Biboo|0 fnt\n|faint|p1b: Biboo\n|\n|-weather|Snowscape|[upkeep]\n|upkeep\n|\n|t:|1776228280\n|switch|p1b: Cecilia|Sinistcha, L50, shiny|100/100\n|turn|5\n|\n|t:|1776228303\n|move|p1a: Nerissa|Protect||[still]\n|-fail|p1a: Nerissa\n|move|p2a: MeowMeow|Gigaton Hammer|p1a: Nerissa\n|-supereffective|p1a: Nerissa|1\n|-damage|p1a: Nerissa|0 fnt\n|faint|p1a: Nerissa\n|move|p2b: MegaTwo|Weather Ball|p1b: Cecilia\n|-supereffective|p1b: Cecilia|1\n|-damage|p1b: Cecilia|0 fnt\n|faint|p1b: Cecilia\n|\n|win|StrawberryBalloons\n|raw|vestige666's rating: 1311 &rarr; <strong>1288</strong><br />(-23 for losing)\n|raw|StrawberryBalloons's rating: 1260 &rarr; <strong>1289</strong><br />(+29 for winning)\n|l|\u2606vestige666\n|player|p1|\n",
  "uploadtime": 1776228313,
  "views": 28,
  "formatid": "gen9championsvgc2026regma",
  "rating": 1288,
  "private": 0,
  "password": null
}