{
  "id": "gen9championsvgc2026regma-2588482460",
  "format": "[Gen 9 Champions] VGC 2026 Reg M-A",
  "players": [
    "FORGEVGC",
    "1%ofGamblers"
  ],
  "log": "|j|\u2606FORGEVGC\n|j|\u26061%ofGamblers\n|t:|1776637503\n|gametype|doubles\n|player|p1|FORGEVGC|red|1105\n|player|p2|1%ofGamblers|101|1191\n|gen|9\n|tier|[Gen 9 Champions] VGC 2026 Reg M-A\n|rated|\n|rule|Species Clause: Limit one of each Pok\u00e9mon\n|rule|Item Clause: Limit 1 of each item\n|clearpoke\n|poke|p1|Feraligatr, L50, F|\n|poke|p1|Sneasler, L50, M|\n|poke|p1|Skeledirge, L50, F|\n|poke|p1|Sinistcha, L50|\n|poke|p1|Kingambit, L50, M|\n|poke|p1|Talonflame, L50, M|\n|poke|p2|Gengar, L50, F|\n|poke|p2|Incineroar, L50, F|\n|poke|p2|Politoed, L50, M|\n|poke|p2|Whimsicott, L50, F|\n|poke|p2|Kangaskhan, L50, F|\n|poke|p2|Farigiraf, L50, F|\n|teampreview|4\nFORGEVGC rejected open team sheets.\n|inactive|Battle timer is ON: inactive players will automatically lose when time's up. (requested by 1%ofGamblers)\n|\n|t:|1776637543\n|teamsize|p1|4\n|teamsize|p2|4\n|start\n|switch|p1a: Skeledirge|Skeledirge, L50, F|100/100\n|switch|p1b: Sinistcha|Sinistcha, L50|100/100\n|switch|p2a: Kangaskhan|Kangaskhan, L50, F|100/100\n|switch|p2b: Farigiraf|Farigiraf, L50, F|100/100\n|turn|1\n|\n|t:|1776637566\n|move|p2a: Kangaskhan|Fake Out|p1a: Skeledirge\n|-damage|p1a: Skeledirge|86/100\n|move|p1b: Sinistcha|Rage Powder|p1b: Sinistcha\n|-singleturn|p1b: Sinistcha|move: Rage Powder\n|cant|p1a: Skeledirge|flinch\n|move|p2b: Farigiraf|Roar|p1b: Sinistcha\n|drag|p1b: Feraligatr|Feraligatr, L50, F|100/100\n|\n|upkeep\n|turn|2\n|\n|t:|1776637586\n|detailschange|p2a: Kangaskhan|Kangaskhan-Mega, L50, F\n|-mega|p2a: Kangaskhan|Kangaskhan|Kangaskhanite\n|detailschange|p1b: Feraligatr|Feraligatr-Mega, L50, F\n|-mega|p1b: Feraligatr|Feraligatr|Feraligite\n|move|p2a: Kangaskhan|Sucker Punch|p1a: Skeledirge\n|-supereffective|p1a: Skeledirge|1\n|-damage|p1a: Skeledirge|50/100\n|-enditem|p1a: Skeledirge|Sitrus Berry|[eat]\n|-heal|p1a: Skeledirge|75/100|[from] item: Sitrus Berry\n|-supereffective|p1a: Skeledirge|1\n|-damage|p1a: Skeledirge|64/100\n|-hitcount|p1a: Skeledirge|2\n|move|p1b: Feraligatr|Double-Edge|p2b: Farigiraf\n|-damage|p2b: Farigiraf|4/100\n|-damage|p1b: Feraligatr|60/100|[from] Recoil\n|move|p2b: Farigiraf|Twin Beam|p1b: Feraligatr\n|-damage|p1b: Feraligatr|38/100\n|-damage|p1b: Feraligatr|18/100\n|-hitcount|p1b: Feraligatr|2\n|move|p1a: Skeledirge|Torch Song|p2a: Kangaskhan\n|-damage|p2a: Kangaskhan|64/100\n|-boost|p1a: Skeledirge|spa|1\n|\n|upkeep\n|turn|3\n|inactive|FORGEVGC has 30 seconds left.\n|inactive|1%ofGamblers has 30 seconds left.\n|inactive|1%ofGamblers has 20 seconds left.\n|inactive|1%ofGamblers has 15 seconds left.\n|\n|t:|1776637630\n|switch|p1b: Sinistcha|Sinistcha, L50|100/100\n|-heal|p1a: Skeledirge|89/100|[from] ability: Hospitality|[of] p1b: Sinistcha\n|move|p2b: Farigiraf|Ally Switch|p2b: Farigiraf\n|swap|p2b: Farigiraf|0|[from] move: Ally Switch\n|move|p2b: Kangaskhan|Double-Edge|p1b: Sinistcha\n|-immune|p1b: Sinistcha\n|move|p1a: Skeledirge|Torch Song|p2a: Farigiraf\n|-damage|p2a: Farigiraf|0 fnt\n|-boost|p1a: Skeledirge|spa|1\n|faint|p2a: Farigiraf\n|\n|upkeep\n|\n|t:|1776637643\n|switch|p2a: Incineroar|Incineroar, L50, F|100/100\n|-ability|p2a: Incineroar|Intimidate|boost\n|-unboost|p1a: Skeledirge|atk|1\n|-unboost|p1b: Sinistcha|atk|1\n|turn|4\n|\n|t:|1776637658\n|switch|p2b: Whimsicott|Whimsicott, L50, F|100/100\n|move|p2a: Incineroar|Throat Chop|p1b: Sinistcha\n|-supereffective|p1b: Sinistcha|1\n|-damage|p1b: Sinistcha|47/100\n|-start|p1b: Sinistcha|Throat Chop|[silent]\n|move|p1a: Skeledirge|Torch Song|p2b: Whimsicott\n|-supereffective|p2b: Whimsicott|1\n|-enditem|p2b: Whimsicott|Focus Sash\n|-damage|p2b: Whimsicott|1/100\n|-boost|p1a: Skeledirge|spa|1\n|move|p1b: Sinistcha|Trick Room|p1b: Sinistcha\n|-fieldstart|move: Trick Room|[of] p1b: Sinistcha\n|\n|-heal|p1b: Sinistcha|53/100|[from] item: Leftovers\n|upkeep\n|turn|5\n|\n|t:|1776637676\n|move|p1a: Skeledirge|Protect|p1a: Skeledirge\n|-singleturn|p1a: Skeledirge|Protect\n|move|p2b: Whimsicott|Encore|p1b: Sinistcha\n|-start|p1b: Sinistcha|Encore\n|move|p2a: Incineroar|Throat Chop|p1a: Skeledirge\n|-activate|p1a: Skeledirge|move: Protect\n|move|p1b: Sinistcha|Trick Room|p1b: Sinistcha\n|-fieldend|move: Trick Room\n|\n|-heal|p1b: Sinistcha|59/100|[from] item: Leftovers\n|-end|p1b: Sinistcha|Throat Chop|[silent]\n|upkeep\n|turn|6\n|\n|t:|1776637694\n|move|p2b: Whimsicott|Encore|p1a: Skeledirge\n|-start|p1a: Skeledirge|Encore\n|move|p1a: Skeledirge|Protect||[still]\n|-fail|p1a: Skeledirge\n|move|p2a: Incineroar|Throat Chop|p1a: Skeledirge\n|-supereffective|p1a: Skeledirge|1\n|-damage|p1a: Skeledirge|34/100\n|-start|p1a: Skeledirge|Throat Chop|[silent]\n|move|p1b: Sinistcha|Trick Room|p1b: Sinistcha\n|-fieldstart|move: Trick Room|[of] p1b: Sinistcha\n|\n|-heal|p1b: Sinistcha|65/100|[from] item: Leftovers\n|upkeep\n|turn|7\n|\n|t:|1776637712\n|switch|p1b: Kingambit|Kingambit, L50, M|100/100\n|move|p1a: Skeledirge|Protect|p1a: Skeledirge\n|-singleturn|p1a: Skeledirge|Protect\n|move|p2a: Incineroar|Throat Chop|p1b: Kingambit\n|-resisted|p1b: Kingambit|1\n|-damage|p1b: Kingambit|86/100\n|-start|p1b: Kingambit|Throat Chop|[silent]\n|move|p2b: Whimsicott|Moonblast|p1a: Skeledirge\n|-activate|p1a: Skeledirge|move: Protect\n|\n|-end|p1a: Skeledirge|Throat Chop|[silent]\n|upkeep\n|turn|8\n|\n|t:|1776637725\n|switch|p1b: Sinistcha|Sinistcha, L50|65/100\n|-heal|p1a: Skeledirge|59/100|[from] ability: Hospitality|[of] p1b: Sinistcha\n|move|p2b: Whimsicott|Protect|p2b: Whimsicott\n|-singleturn|p2b: Whimsicott|Protect\n|move|p1a: Skeledirge|Protect||[still]\n|-fail|p1a: Skeledirge\n|move|p2a: Incineroar|Throat Chop|p1a: Skeledirge\n|-supereffective|p1a: Skeledirge|1\n|-damage|p1a: Skeledirge|1/100\n|-start|p1a: Skeledirge|Throat Chop|[silent]\n|\n|-heal|p1b: Sinistcha|71/100|[from] item: Leftovers\n|-end|p1a: Skeledirge|Encore\n|upkeep\n|turn|9\n|\n|t:|1776637742\n|move|p1b: Sinistcha|Rage Powder|p1b: Sinistcha\n|-singleturn|p1b: Sinistcha|move: Rage Powder\n|move|p2b: Whimsicott|Encore|p1a: Skeledirge\n|-start|p1a: Skeledirge|Encore\n|move|p1a: Skeledirge|Protect|p1a: Skeledirge\n|-singleturn|p1a: Skeledirge|Protect\n|move|p2a: Incineroar|Throat Chop|p1b: Sinistcha\n|-supereffective|p1b: Sinistcha|1\n|-damage|p1b: Sinistcha|14/100\n|-start|p1b: Sinistcha|Throat Chop|[silent]\n|\n|-heal|p1b: Sinistcha|20/100|[from] item: Leftovers\n|-end|p1a: Skeledirge|Throat Chop|[silent]\n|upkeep\n|turn|10\n|\n|t:|1776637756\n|move|p2b: Whimsicott|Protect|p2b: Whimsicott\n|-singleturn|p2b: Whimsicott|Protect\n|move|p1a: Skeledirge|Protect|p1a: Skeledirge\n|-singleturn|p1a: Skeledirge|Protect\n|move|p2a: Incineroar|Throat Chop|p1b: Sinistcha\n|-supereffective|p1b: Sinistcha|1\n|-damage|p1b: Sinistcha|0 fnt\n|faint|p1b: Sinistcha\n|\n|-fieldend|move: Trick Room\n|upkeep\n|\n|t:|1776637765\n|switch|p1b: Feraligatr|Feraligatr-Mega, L50, F|18/100\n|turn|11\n|\n|t:|1776637772\n|move|p1a: Skeledirge|Protect||[still]\n|-fail|p1a: Skeledirge\n|move|p2b: Whimsicott|Moonblast|p1b: Feraligatr\n|-supereffective|p1b: Feraligatr|1\n|-damage|p1b: Feraligatr|0 fnt\n|faint|p1b: Feraligatr\n|move|p2a: Incineroar|Throat Chop|p1a: Skeledirge\n|-supereffective|p1a: Skeledirge|1\n|-damage|p1a: Skeledirge|0 fnt\n|faint|p1a: Skeledirge\n|\n|upkeep\n|-message|FORGEVGC forfeited.\n|\n|win|1%ofGamblers\n|raw|FORGEVGC's rating: 1105 &rarr; <strong>1086</strong><br />(-19 for losing)\n|raw|1%ofGamblers's rating: 1191 &rarr; <strong>1210</strong><br />(+19 for winning)\n|l|\u2606FORGEVGC\n|player|p1|\n",
  "uploadtime": 1776637793,
  "views": 20,
  "formatid": "gen9championsvgc2026regma",
  "rating": 1086,
  "private": 0,
  "password": null
}