{
  "id": "gen9championsvgc2026regma-2581191954",
  "format": "[Gen 9 Champions] VGC 2026 Reg M-A",
  "players": [
    "JustIh5an",
    "Harlequinho"
  ],
  "log": "|j|\u2606JustIh5an\n|j|\u2606Harlequinho\n|t:|1775969081\n|gametype|doubles\n|player|p1|JustIh5an|101|1181\n|player|p2|Harlequinho|pokekid|1101\n|gen|9\n|tier|[Gen 9 Champions] VGC 2026 Reg M-A\n|rated|\n|rule|Species Clause: Limit one of each Pok\u00e9mon\n|rule|Item Clause: Limit 1 of each item\n|clearpoke\n|poke|p1|Charizard, L50, M|\n|poke|p1|Venusaur, L50, F|\n|poke|p1|Garchomp, L50, F|\n|poke|p1|Rotom-Wash, L50|\n|poke|p1|Sneasler, L50, M|\n|poke|p1|Incineroar, L50, M|\n|poke|p2|Tyranitar, L50, M|\n|poke|p2|Rotom-Heat, L50|\n|poke|p2|Basculegion, L50, M|\n|poke|p2|Whimsicott, L50, M|\n|poke|p2|Excadrill, L50, M|\n|poke|p2|Sinistcha, L50|\n|teampreview|4\n|inactive|Battle timer is ON: inactive players will automatically lose when time's up. (requested by Harlequinho)\nHarlequinho rejected open team sheets.\n|\n|t:|1775969141\n|teamsize|p1|4\n|teamsize|p2|4\n|start\n|switch|p1a: Garchomp|Garchomp, L50, F|100/100\n|switch|p1b: Sneasler|Sneasler, L50, M|100/100\n|switch|p2a: Tyranitar|Tyranitar, L50, M|100/100\n|switch|p2b: Whimsicott|Whimsicott, L50, M|100/100\n|-weather|Sandstorm|[from] ability: Sand Stream|[of] p2a: Tyranitar\n|turn|1\n|inactive|Harlequinho has 30 seconds left.\n|inactive|JustIh5an has 30 seconds left.\n|\n|t:|1775969178\n|switch|p2a: Sinistcha|Sinistcha, L50|100/100\n|move|p2b: Whimsicott|Tailwind|p2b: Whimsicott\n|-sidestart|p2: Harlequinho|move: Tailwind\n|move|p1a: Garchomp|Dragon Claw|p2a: Sinistcha\n|-damage|p2a: Sinistcha|57/100\n|move|p1b: Sneasler|Close Combat|p2a: Sinistcha\n|-immune|p2a: Sinistcha\n|\n|-weather|Sandstorm|[upkeep]\n|-damage|p2b: Whimsicott|95/100|[from] Sandstorm\n|-damage|p1b: Sneasler|95/100|[from] Sandstorm\n|-damage|p2a: Sinistcha|50/100|[from] Sandstorm\n|upkeep\n|turn|2\n|\n|t:|1775969202\n|switch|p1a: Rotom|Rotom-Wash, L50|100/100\n|move|p2b: Whimsicott|Encore|p1b: Sneasler\n|-start|p1b: Sneasler|Encore\n|move|p1b: Sneasler|Close Combat|p2b: Whimsicott\n|-resisted|p2b: Whimsicott|1\n|-damage|p2b: Whimsicott|44/100\n|-unboost|p1b: Sneasler|def|1\n|-unboost|p1b: Sneasler|spd|1\n|-enditem|p1b: Sneasler|White Herb\n|-clearnegativeboost|p1b: Sneasler|[silent]\n|move|p2a: Sinistcha|Life Dew|p2a: Sinistcha|[spread] p2a,p2b\n|-heal|p2a: Sinistcha|76/100\n|-heal|p2b: Whimsicott|69/100\n|\n|-weather|Sandstorm|[upkeep]\n|-damage|p1b: Sneasler|89/100|[from] Sandstorm\n|-damage|p2b: Whimsicott|63/100|[from] Sandstorm\n|-damage|p2a: Sinistcha|70/100|[from] Sandstorm\n|-damage|p1a: Rotom|95/100|[from] Sandstorm\n|-heal|p1a: Rotom|100/100|[from] item: Leftovers\n|upkeep\n|turn|3\n|\n|t:|1775969225\n|switch|p1b: Garchomp|Garchomp, L50, F|100/100\n|switch|p1a: Charizard|Charizard, L50, M|100/100\n|move|p2b: Whimsicott|Moonblast|p1a: Charizard\n|-resisted|p1a: Charizard|1\n|-damage|p1a: Charizard|75/100\n|move|p2a: Sinistcha|Matcha Gotcha|p1a: Charizard|[spread] p1b\n|-miss|p2a: Sinistcha|p1a: Charizard\n|-damage|p1b: Garchomp|65/100\n|-heal|p2a: Sinistcha|88/100|[from] drain|[of] p1b: Garchomp\n|-status|p1b: Garchomp|brn\n|\n|-weather|Sandstorm|[upkeep]\n|-damage|p2b: Whimsicott|57/100|[from] Sandstorm\n|-damage|p1a: Charizard|69/100|[from] Sandstorm\n|-damage|p2a: Sinistcha|82/100|[from] Sandstorm\n|-damage|p1b: Garchomp|59/100 brn|[from] brn\n|upkeep\n|turn|4\n|inactive|Harlequinho has 30 seconds left.\n|\n|t:|1775969254\n|switch|p1b: Sneasler|Sneasler, L50, M|89/100\n|detailschange|p1a: Charizard|Charizard-Mega-Y, L50, M\n|-mega|p1a: Charizard|Charizard|Charizardite Y\n|-weather|SunnyDay|[from] ability: Drought|[of] p1a: Charizard\n|move|p2b: Whimsicott|Memento|p1a: Charizard\n|-unboost|p1a: Charizard|atk|2\n|-unboost|p1a: Charizard|spa|2\n|faint|p2b: Whimsicott\n|move|p1a: Charizard|Heat Wave|p2a: Sinistcha\n|-supereffective|p2a: Sinistcha|1\n|-enditem|p2a: Sinistcha|Occa Berry|[eat]\n|-enditem|p2a: Sinistcha|Occa Berry|[weaken]\n|-damage|p2a: Sinistcha|30/100\n|move|p2a: Sinistcha|Trick Room|p2a: Sinistcha\n|-fieldstart|move: Trick Room|[of] p2a: Sinistcha\n|\n|-weather|SunnyDay|[upkeep]\n|-sideend|p2: Harlequinho|move: Tailwind\n|upkeep\n|\n|t:|1775969268\n|switch|p2b: Tyranitar|Tyranitar, L50, M|100/100\n|-weather|Sandstorm|[from] ability: Sand Stream|[of] p2b: Tyranitar\n|turn|5\n|\n|t:|1775969281\n|switch|p1a: Rotom|Rotom-Wash, L50|100/100\n|detailschange|p2b: Tyranitar|Tyranitar-Mega, L50, M\n|-mega|p2b: Tyranitar|Tyranitar|Tyranitarite\n|move|p2a: Sinistcha|Rage Powder|p2a: Sinistcha\n|-singleturn|p2a: Sinistcha|move: Rage Powder\n|move|p2b: Tyranitar|Rock Slide|p1b: Sneasler|[spread] p1a,p1b\n|-resisted|p1b: Sneasler|1\n|-damage|p1a: Rotom|70/100\n|-damage|p1b: Sneasler|62/100\n|move|p1b: Sneasler|Close Combat|p2a: Sinistcha\n|-immune|p2a: Sinistcha\n|\n|-weather|Sandstorm|[upkeep]\n|-damage|p2a: Sinistcha|24/100|[from] Sandstorm\n|-damage|p1a: Rotom|64/100|[from] Sandstorm\n|-damage|p1b: Sneasler|57/100|[from] Sandstorm\n|-heal|p1a: Rotom|70/100|[from] item: Leftovers\n|upkeep\n|turn|6\n|\n|t:|1775969298\n|move|p1a: Rotom|Protect|p1a: Rotom\n|-singleturn|p1a: Rotom|Protect\n|move|p2a: Sinistcha|Rage Powder|p2a: Sinistcha\n|-singleturn|p2a: Sinistcha|move: Rage Powder\n|move|p2b: Tyranitar|High Horsepower|p1b: Sneasler\n|-supereffective|p1b: Sneasler|1\n|-crit|p1b: Sneasler\n|-damage|p1b: Sneasler|0 fnt\n|faint|p1b: Sneasler\n|\n|-weather|Sandstorm|[upkeep]\n|-damage|p2a: Sinistcha|17/100|[from] Sandstorm\n|-damage|p1a: Rotom|64/100|[from] Sandstorm\n|-heal|p1a: Rotom|70/100|[from] item: Leftovers\n|upkeep\n|\n|t:|1775969314\n|switch|p1b: Charizard|Charizard-Mega-Y, L50, M|69/100\n|-weather|SunnyDay|[from] ability: Drought|[of] p1b: Charizard\n|turn|7\n|\n|t:|1775969323\n|move|p1b: Charizard|Protect|p1b: Charizard\n|-singleturn|p1b: Charizard|Protect\n|move|p2a: Sinistcha|Matcha Gotcha|p1b: Charizard|[spread] p1a\n|-activate|p1b: Charizard|move: Protect\n|-supereffective|p1a: Rotom|1\n|-damage|p1a: Rotom|5/100\n|-heal|p2a: Sinistcha|46/100|[from] drain|[of] p1a: Rotom\n|move|p2b: Tyranitar|Rock Slide|p1a: Rotom|[spread] p1a\n|-activate|p1b: Charizard|move: Protect\n|-damage|p1a: Rotom|0 fnt\n|faint|p1a: Rotom\n|\n|-weather|SunnyDay|[upkeep]\n|upkeep\n|\n|t:|1775969332\n|switch|p1a: Garchomp|Garchomp, L50, F|59/100 brn\n|turn|8\n|\n|t:|1775969347\n|move|p1b: Charizard|Protect||[still]\n|-fail|p1b: Charizard\n|move|p2a: Sinistcha|Life Dew||[still]|[spread] p2a,p2b\n|-heal|p2a: Sinistcha|71/100\n|-fail|p2b: Tyranitar|heal\n|move|p2b: Tyranitar|Ice Punch|p1a: Garchomp\n|-supereffective|p1a: Garchomp|2\n|-damage|p1a: Garchomp|0 fnt\n|-damage|p2b: Tyranitar|88/100|[from] ability: Rough Skin|[of] p1a: Garchomp\n|faint|p1a: Garchomp\n|\n|-weather|SunnyDay|[upkeep]\n|-fieldend|move: Trick Room\n|upkeep\n|turn|9\n|\n|t:|1775969364\n|move|p1b: Charizard|Solar Beam||[still]\n|-prepare|p1b: Charizard|Solar Beam\n|-anim|p1b: Charizard|Solar Beam|p2b: Tyranitar\n|-supereffective|p2b: Tyranitar|1\n|-damage|p2b: Tyranitar|8/100\n|move|p2b: Tyranitar|Rock Slide|p1b: Charizard|[miss]\n|-miss|p2b: Tyranitar|p1b: Charizard\n|move|p2a: Sinistcha|Trick Room|p2a: Sinistcha\n|-fieldstart|move: Trick Room|[of] p2a: Sinistcha\n|\n|-weather|SunnyDay|[upkeep]\n|upkeep\n|turn|10\n|\n|t:|1775969374\n|move|p2a: Sinistcha|Life Dew|p2a: Sinistcha|[spread] p2a,p2b\n|-heal|p2a: Sinistcha|97/100\n|-heal|p2b: Tyranitar|34/100\n|move|p2b: Tyranitar|Rock Slide|p1b: Charizard\n|-supereffective|p1b: Charizard|2\n|-damage|p1b: Charizard|0 fnt\n|faint|p1b: Charizard\n|\n|win|Harlequinho\n|raw|JustIh5an's rating: 1181 &rarr; <strong>1150</strong><br />(-31 for losing)\n|raw|Harlequinho's rating: 1101 &rarr; <strong>1132</strong><br />(+31 for winning)\n|l|\u2606JustIh5an\n|player|p1|\n",
  "uploadtime": 1775969385,
  "views": 24,
  "formatid": "gen9championsvgc2026regma",
  "rating": 1132,
  "private": 0,
  "password": null
}