{
  "id": "gen9championsvgc2026regma-2582976909",
  "format": "[Gen 9 Champions] VGC 2026 Reg M-A",
  "players": [
    "Zhm/r",
    "gordolobodelmar"
  ],
  "log": "|j|\u2606Zhm/r\n|j|\u2606gordolobodelmar\n|t:|1776130105\n|gametype|doubles\n|player|p1|Zhm/r|clown|1117\n|player|p2|gordolobodelmar|265|1188\n|gen|9\n|tier|[Gen 9 Champions] VGC 2026 Reg M-A\n|rated|\n|rule|Species Clause: Limit one of each Pok\u00e9mon\n|rule|Item Clause: Limit 1 of each item\n|clearpoke\n|poke|p1|Aggron, L50, F|\n|poke|p1|Slowbro, L50, M|\n|poke|p1|Incineroar, L50, F|\n|poke|p1|Sinistcha, L50|\n|poke|p1|Garchomp, L50, F|\n|poke|p1|Tyranitar, L50, F|\n|poke|p2|Aerodactyl, L50, M|\n|poke|p2|Garchomp, L50, M|\n|poke|p2|Floette-Eternal, L50, F|\n|poke|p2|Sinistcha, L50|\n|poke|p2|Basculegion, L50, M|\n|poke|p2|Sneasler, L50, F|\n|teampreview|4\n|inactive|Battle timer is ON: inactive players will automatically lose when time's up. (requested by gordolobodelmar)\n|\n|t:|1776130139\n|teamsize|p1|4\n|teamsize|p2|4\n|start\n|switch|p1a: Aggron|Aggron, L50, F|100/100\n|switch|p1b: Slowbro|Slowbro, L50, M|100/100\n|switch|p2a: Basculegion|Basculegion, L50, M|100/100\n|switch|p2b: Sneasler|Sneasler, L50, F|100/100\n|turn|1\n|inactive|Zhm/r has 30 seconds left.\n|\n|t:|1776130173\n|move|p1a: Aggron|Protect|p1a: Aggron\n|-singleturn|p1a: Aggron|Protect\n|move|p2a: Basculegion|Flip Turn|p1a: Aggron\n|-activate|p1a: Aggron|move: Protect\n|move|p2b: Sneasler|Close Combat|p1a: Aggron\n|-activate|p1a: Aggron|move: Protect\n|move|p1b: Slowbro|Trick Room|p1b: Slowbro\n|-fieldstart|move: Trick Room|[of] p1b: Slowbro\n|\n|upkeep\n|turn|2\n|inactive|Zhm/r has 30 seconds left.\n|\n|t:|1776130205\n|switch|p1b: Incineroar|Incineroar, L50, F|100/100\n|-ability|p1b: Incineroar|Intimidate|boost\n|-unboost|p2a: Basculegion|atk|1\n|-unboost|p2b: Sneasler|atk|1\n|-enditem|p2b: Sneasler|White Herb\n|-clearnegativeboost|p2b: Sneasler|[silent]\n|detailschange|p1a: Aggron|Aggron-Mega, L50, F\n|-mega|p1a: Aggron|Aggron|Aggronite\n|move|p1a: Aggron|Heavy Slam|p2b: Sneasler\n|-damage|p2b: Sneasler|5/100\n|move|p2a: Basculegion|Flip Turn|p1a: Aggron\n|-damage|p1a: Aggron|88/100\n|\n|t:|1776130217\n|switch|p2a: Garchomp|Garchomp, L50, M|100/100|[from] Flip Turn\n|move|p2b: Sneasler|Close Combat|p1a: Aggron\n|-supereffective|p1a: Aggron|1\n|-damage|p1a: Aggron|42/100\n|-unboost|p2b: Sneasler|def|1\n|-unboost|p2b: Sneasler|spd|1\n|\n|upkeep\n|turn|3\n|\n|t:|1776130229\n|move|p1a: Aggron|Protect|p1a: Aggron\n|-singleturn|p1a: Aggron|Protect\n|move|p2a: Garchomp|Protect|p2a: Garchomp\n|-singleturn|p2a: Garchomp|Protect\n|move|p2b: Sneasler|Protect|p2b: Sneasler\n|-singleturn|p2b: Sneasler|Protect\n|move|p1b: Incineroar|Fake Out|p2b: Sneasler\n|-activate|p2b: Sneasler|move: Protect\n|\n|upkeep\n|turn|4\n|inactive|Zhm/r has 30 seconds left.\n|inactive|Zhm/r has 20 seconds left.\n|inactive|Zhm/r has 15 seconds left.\n|inactive|Zhm/r has 10 seconds left.\n|\n|t:|1776130277\n|switch|p1b: Sinistcha|Sinistcha, L50|100/100\n|-heal|p1a: Aggron|67/100|[from] ability: Hospitality|[of] p1b: Sinistcha\n|move|p1a: Aggron|Iron Head|p2b: Sneasler\n|-crit|p2b: Sneasler\n|-damage|p2b: Sneasler|0 fnt\n|faint|p2b: Sneasler\n|move|p2a: Garchomp|Earthquake|p1a: Aggron|[spread] p1a,p1b\n|-supereffective|p1a: Aggron|1\n|-resisted|p1b: Sinistcha|1\n|-damage|p1a: Aggron|33/100\n|-damage|p1b: Sinistcha|79/100\n|\n|upkeep\n|\n|t:|1776130289\n|switch|p2b: Sinistcha|Sinistcha, L50|100/100\n|turn|5\n|\n|t:|1776130299\n|switch|p1b: Incineroar|Incineroar, L50, F|100/100\n|-ability|p1b: Incineroar|Intimidate|boost\n|-unboost|p2a: Garchomp|atk|1\n|-unboost|p2b: Sinistcha|atk|1\n|move|p1a: Aggron|Protect|p1a: Aggron\n|-singleturn|p1a: Aggron|Protect\n|move|p2b: Sinistcha|Matcha Gotcha|p1b: Incineroar|[spread] p1b\n|-activate|p1a: Aggron|move: Protect\n|-resisted|p1b: Incineroar|1\n|-crit|p1b: Incineroar\n|-damage|p1b: Incineroar|83/100\n|move|p2a: Garchomp|Stomping Tantrum|p1a: Aggron\n|-activate|p1a: Aggron|move: Protect\n|\n|-fieldend|move: Trick Room\n|upkeep\n|turn|6\n|-message|gordolobodelmar forfeited.\n|\n|win|Zhm/r\n|raw|Zhm&#x2f;r's rating: 1117 &rarr; <strong>1147</strong><br />(+30 for winning)\n|raw|gordolobodelmar's rating: 1188 &rarr; <strong>1158</strong><br />(-30 for losing)\n|l|\u2606gordolobodelmar\n|player|p2|\n",
  "uploadtime": 1776130327,
  "views": 14,
  "formatid": "gen9championsvgc2026regma",
  "rating": 1147,
  "private": 0,
  "password": null
}