{
  "id": "gen9championsvgc2026regma-2587457650",
  "format": "[Gen 9 Champions] VGC 2026 Reg M-A",
  "players": [
    "nobeigar",
    "Ouraiti"
  ],
  "log": "|j|\u2606nobeigar\n|j|\u2606Ouraiti\n|t:|1776533462\n|gametype|doubles\n|player|p1|nobeigar|266|1374\n|player|p2|Ouraiti|shauntal|1372\n|gen|9\n|tier|[Gen 9 Champions] VGC 2026 Reg M-A\n|rated|\n|rule|Species Clause: Limit one of each Pok\u00e9mon\n|rule|Item Clause: Limit 1 of each item\n|clearpoke\n|poke|p1|Gengar, L50, M|\n|poke|p1|Tyranitar, L50, F|\n|poke|p1|Incineroar, L50, F|\n|poke|p1|Excadrill, L50, F|\n|poke|p1|Kommo-o, L50, M|\n|poke|p1|Sinistcha, L50|\n|poke|p2|Garchomp, L50, M|\n|poke|p2|Talonflame, L50, M|\n|poke|p2|Sneasler, L50, F|\n|poke|p2|Kingambit, L50, F|\n|poke|p2|Sinistcha, L50|\n|poke|p2|Charizard, L50, M|\n|teampreview|4\nOuraiti has agreed to open team sheets.\n|\n|t:|1776533506\n|teamsize|p1|4\n|teamsize|p2|4\n|start\n|switch|p1a: Tyranitar|Tyranitar, L50, F|100/100\n|switch|p1b: Excadrill|Excadrill, L50, F|100/100\n|switch|p2a: Talonflame|Talonflame, L50, M|100/100\n|switch|p2b: Kingambit|Kingambit, L50, F|100/100\n|-weather|Sandstorm|[from] ability: Sand Stream|[of] p1a: Tyranitar\n|turn|1\n|\n|t:|1776533524\n|move|p2b: Kingambit|Protect|p2b: Kingambit\n|-singleturn|p2b: Kingambit|Protect\n|move|p2a: Talonflame|Tailwind|p2a: Talonflame\n|-sidestart|p2: Ouraiti|move: Tailwind\n|move|p1b: Excadrill|Rock Slide|p2b: Kingambit|[spread] p2a\n|-activate|p2b: Kingambit|move: Protect\n|-supereffective|p2a: Talonflame|2\n|-damage|p2a: Talonflame|0 fnt\n|faint|p2a: Talonflame\n|move|p1a: Tyranitar|Low Kick|p2b: Kingambit\n|-activate|p2b: Kingambit|move: Protect\n|\n|-weather|Sandstorm|[upkeep]\n|upkeep\n|\n|t:|1776533528\n|switch|p2a: Sneasler|Sneasler, L50, F|100/100\n|turn|2\n|\n|t:|1776533553\n|switch|p1a: Kommo-o|Kommo-o, L50, M|100/100\n|move|p2b: Kingambit|Sucker Punch|p1b: Excadrill\n|-damage|p1b: Excadrill|37/100\n|move|p2a: Sneasler|Close Combat|p1a: Kommo-o\n|-damage|p1a: Kommo-o|49/100\n|-unboost|p2a: Sneasler|def|1\n|-unboost|p2a: Sneasler|spd|1\n|move|p1b: Excadrill|High Horsepower|p2a: Sneasler\n|-supereffective|p2a: Sneasler|1\n|-enditem|p2a: Sneasler|Focus Sash\n|-damage|p2a: Sneasler|1/100\n|\n|-weather|Sandstorm|[upkeep]\n|-damage|p2a: Sneasler|0 fnt|[from] Sandstorm\n|-damage|p1a: Kommo-o|43/100|[from] Sandstorm\n|faint|p2a: Sneasler\n|-heal|p1a: Kommo-o|49/100|[from] item: Leftovers\n|upkeep\n|\n|t:|1776533557\n|switch|p2a: Charizard|Charizard, L50, M|100/100\n|turn|3\n|\n|t:|1776533582\n|switch|p1a: Incineroar|Incineroar, L50, F|100/100\n|-ability|p1a: Incineroar|Intimidate|boost\n|-unboost|p2a: Charizard|atk|1\n|-unboost|p2b: Kingambit|atk|1\n|-ability|p2b: Kingambit|Defiant|boost\n|-boost|p2b: Kingambit|atk|2\n|detailschange|p2a: Charizard|Charizard-Mega-X, L50, M\n|-mega|p2a: Charizard|Charizard|Charizardite X\n|move|p1b: Excadrill|Protect|p1b: Excadrill\n|-singleturn|p1b: Excadrill|Protect\n|move|p2b: Kingambit|Sucker Punch||[still]\n|-fail|p2b: Kingambit\n|move|p2a: Charizard|Breaking Swipe|p1b: Excadrill|[spread] p1a\n|-activate|p1b: Excadrill|move: Protect\n|-damage|p1a: Incineroar|83/100\n|-unboost|p1a: Incineroar|atk|1\n|\n|-weather|Sandstorm|[upkeep]\n|-damage|p2a: Charizard|94/100|[from] Sandstorm\n|-damage|p1a: Incineroar|77/100|[from] Sandstorm\n|upkeep\n|turn|4\n|\n|t:|1776533611\n|switch|p1a: Kommo-o|Kommo-o, L50, M|49/100\n|move|p2b: Kingambit|Sucker Punch|p1b: Excadrill\n|-damage|p1b: Excadrill|0 fnt\n|faint|p1b: Excadrill\n|move|p2a: Charizard|Flame Charge|p1a: Kommo-o\n|-resisted|p1a: Kommo-o|1\n|-damage|p1a: Kommo-o|41/100\n|-boost|p2a: Charizard|spe|1\n|\n|-weather|Sandstorm|[upkeep]\n|-damage|p2a: Charizard|88/100|[from] Sandstorm\n|-damage|p1a: Kommo-o|35/100|[from] Sandstorm\n|-heal|p1a: Kommo-o|41/100|[from] item: Leftovers\n|-sideend|p2: Ouraiti|move: Tailwind\n|upkeep\n|\n|t:|1776533621\n|switch|p1b: Tyranitar|Tyranitar, L50, F|100/100\n|turn|5\n|\n|t:|1776533630\n|switch|p1a: Incineroar|Incineroar, L50, F|77/100\n|-ability|p1a: Incineroar|Intimidate|boost\n|-unboost|p2a: Charizard|atk|1\n|-unboost|p2b: Kingambit|atk|1\n|-ability|p2b: Kingambit|Defiant|boost\n|-boost|p2b: Kingambit|atk|2\n|move|p2b: Kingambit|Protect|p2b: Kingambit\n|-singleturn|p2b: Kingambit|Protect\n|move|p2a: Charizard|Breaking Swipe|p1b: Tyranitar|[spread] p1a,p1b\n|-crit|p1a: Incineroar\n|-damage|p1a: Incineroar|41/100\n|-damage|p1b: Tyranitar|85/100\n|-unboost|p1a: Incineroar|atk|1\n|-unboost|p1b: Tyranitar|atk|1\n|move|p1b: Tyranitar|Low Kick|p2b: Kingambit\n|-activate|p2b: Kingambit|move: Protect\n|\n|-weather|none\n|upkeep\n|turn|6\n|\n|t:|1776533648\n|move|p2a: Charizard|Breaking Swipe|p1a: Incineroar|[spread] p1a,p1b\n|-damage|p1a: Incineroar|28/100\n|-damage|p1b: Tyranitar|71/100\n|-unboost|p1a: Incineroar|atk|1\n|-unboost|p1b: Tyranitar|atk|1\n|move|p1b: Tyranitar|Low Kick|p2b: Kingambit\n|-supereffective|p2b: Kingambit|2\n|-damage|p2b: Kingambit|48/100\n|move|p1a: Incineroar|Flare Blitz|p2b: Kingambit\n|-supereffective|p2b: Kingambit|1\n|-damage|p2b: Kingambit|16/100\n|-status|p2b: Kingambit|brn\n|-enditem|p2b: Kingambit|Lum Berry|[eat]\n|-curestatus|p2b: Kingambit|brn|[msg]\n|-damage|p1a: Incineroar|17/100|[from] Recoil\n|move|p2b: Kingambit|Iron Head|p1b: Tyranitar\n|-supereffective|p1b: Tyranitar|1\n|-damage|p1b: Tyranitar|0 fnt\n|faint|p1b: Tyranitar\n|\n|upkeep\n|\n|t:|1776533662\n|switch|p1b: Kommo-o|Kommo-o, L50, M|41/100\n|turn|7\n|\n|t:|1776533673\n|move|p2b: Kingambit|Sucker Punch||[still]\n|-fail|p2b: Kingambit\n|move|p2a: Charizard|Breaking Swipe|p1a: Incineroar|[spread] p1a,p1b\n|-supereffective|p1b: Kommo-o|1\n|-damage|p1a: Incineroar|5/100\n|-damage|p1b: Kommo-o|17/100\n|-unboost|p1a: Incineroar|atk|1\n|-unboost|p1b: Kommo-o|atk|1\n|move|p1b: Kommo-o|Clanging Scales|p2b: Kingambit|[spread] p2a,p2b\n|-supereffective|p2a: Charizard|1\n|-resisted|p2b: Kingambit|1\n|-damage|p2a: Charizard|16/100\n|-damage|p2b: Kingambit|3/100\n|-unboost|p1b: Kommo-o|def|1\n|move|p1a: Incineroar|Parting Shot|p2a: Charizard\n|-unboost|p2a: Charizard|atk|1\n|-unboost|p2a: Charizard|spa|1\n|\n|-heal|p1b: Kommo-o|23/100|[from] item: Leftovers\n|upkeep\n|turn|8\n|\n|t:|1776533690\n|move|p1b: Kommo-o|Protect|p1b: Kommo-o\n|-singleturn|p1b: Kommo-o|Protect\n|move|p2b: Kingambit|Sucker Punch||[still]\n|-fail|p2b: Kingambit\n|move|p2a: Charizard|Breaking Swipe|p1a: Incineroar|[spread] p1a\n|-activate|p1b: Kommo-o|move: Protect\n|-damage|p1a: Incineroar|0 fnt\n|faint|p1a: Incineroar\n|\n|-heal|p1b: Kommo-o|29/100|[from] item: Leftovers\n|upkeep\n|turn|9\n|\n|t:|1776533697\n|move|p2b: Kingambit|Sucker Punch|p1b: Kommo-o\n|-resisted|p1b: Kommo-o|1\n|-damage|p1b: Kommo-o|0 fnt\n|faint|p1b: Kommo-o\n|\n|win|Ouraiti\n|raw|nobeigar's rating: 1374 &rarr; <strong>1354</strong><br />(-20 for losing)\n|raw|Ouraiti's rating: 1372 &rarr; <strong>1392</strong><br />(+20 for winning)\n|l|\u2606nobeigar\n|player|p1|\n|c|\u2606Ouraiti|gg\n",
  "uploadtime": 1776533708,
  "views": 38,
  "formatid": "gen9championsvgc2026regma",
  "rating": 1354,
  "private": 0,
  "password": null
}