{
  "id": "gen9championsvgc2026regma-2584233727",
  "format": "[Gen 9 Champions] VGC 2026 Reg M-A",
  "players": [
    "malucy",
    "dhmlfc"
  ],
  "log": "|j|\u2606malucy\n|j|\u2606dhmlfc\n|t:|1776241335\n|gametype|doubles\n|player|p1|malucy|101|1118\n|player|p2|dhmlfc|102|1108\n|gen|9\n|tier|[Gen 9 Champions] VGC 2026 Reg M-A\n|rated|\n|rule|Species Clause: Limit one of each Pok\u00e9mon\n|rule|Item Clause: Limit 1 of each item\n|clearpoke\n|poke|p1|Delphox, L50, F|\n|poke|p1|Farigiraf, L50, F|\n|poke|p1|Whimsicott, L50, M|\n|poke|p1|Incineroar, L50, M|\n|poke|p1|Milotic, L50, F|\n|poke|p1|Decidueye-Hisui, L50, M|\n|poke|p2|Floette-Eternal, L50, F|\n|poke|p2|Whimsicott, L50, M|\n|poke|p2|Garchomp, L50, F|\n|poke|p2|Maushold-Four, L50|\n|poke|p2|Rotom-Wash, L50|\n|poke|p2|Incineroar, L50, F|\n|teampreview|4\n|\n|t:|1776241370\n|teamsize|p1|4\n|teamsize|p2|4\n|start\n|switch|p1a: Whimsicott|Whimsicott, L50, M|100/100\n|switch|p1b: Decidueye|Decidueye-Hisui, L50, M|100/100\n|switch|p2a: Floette|Floette-Eternal, L50, F|100/100\n|switch|p2b: Maushold|Maushold-Four, L50|100/100\n|turn|1\n|\n|t:|1776241394\n|detailschange|p2a: Floette|Floette-Mega, L50, F\n|-mega|p2a: Floette|Floette|Floettite\n|-ability|p2a: Floette|Fairy Aura\n|move|p2b: Maushold|Follow Me|p2b: Maushold\n|-singleturn|p2b: Maushold|move: Follow Me\n|move|p1a: Whimsicott|Tailwind|p1a: Whimsicott\n|-sidestart|p1: malucy|move: Tailwind\n|move|p1b: Decidueye|U-turn|p2b: Maushold\n|-damage|p2b: Maushold|72/100\n|\n|t:|1776241403\n|switch|p1b: Delphox|Delphox, L50, F|100/100|[from] U-turn\n|move|p2a: Floette|Calm Mind|p2a: Floette\n|-boost|p2a: Floette|spa|1\n|-boost|p2a: Floette|spd|1\n|\n|upkeep\n|turn|2\n|\n|t:|1776241427\n|detailschange|p1b: Delphox|Delphox-Mega, L50, F\n|-mega|p1b: Delphox|Delphox|Delphoxite\n|move|p2b: Maushold|Follow Me|p2b: Maushold\n|-singleturn|p2b: Maushold|move: Follow Me\n|move|p1a: Whimsicott|Sunny Day|p1a: Whimsicott\n|-weather|SunnyDay\n|move|p1b: Delphox|Heat Wave|p2a: Floette|[spread] p2a,p2b\n|-damage|p2a: Floette|70/100\n|-damage|p2b: Maushold|0 fnt\n|faint|p2b: Maushold\n|move|p2a: Floette|Calm Mind|p2a: Floette\n|-boost|p2a: Floette|spa|1\n|-boost|p2a: Floette|spd|1\n|\n|-weather|SunnyDay|[upkeep]\n|upkeep\n|\n|t:|1776241439\n|switch|p2b: Incineroar|Incineroar, L50, F|100/100\n|-ability|p2b: Incineroar|Intimidate|boost\n|-unboost|p1a: Whimsicott|atk|1\n|-unboost|p1b: Delphox|atk|1\n|turn|3\n|\n|t:|1776241458\n|switch|p1a: Farigiraf|Farigiraf, L50, F|100/100\n|move|p2b: Incineroar|Fake Out||[still]\n|cant|p1a: Farigiraf|ability: Armor Tail|Fake Out|[of] p2b: Incineroar\n|move|p1b: Delphox|Psyshock|p2a: Floette\n|-damage|p2a: Floette|3/100\n|move|p2a: Floette|Dazzling Gleam|p1a: Farigiraf|[spread] p1a,p1b\n|-resisted|p1b: Delphox|1\n|-damage|p1a: Farigiraf|0 fnt\n|-damage|p1b: Delphox|63/100\n|faint|p1a: Farigiraf\n|\n|-weather|SunnyDay|[upkeep]\n|upkeep\n|\n|t:|1776241470\n|switch|p1a: Whimsicott|Whimsicott, L50, M|100/100\n|turn|4\n|\n|t:|1776241486\n|move|p2a: Floette|Protect|p2a: Floette\n|-singleturn|p2a: Floette|Protect\n|move|p1a: Whimsicott|Moonblast|p2b: Incineroar\n|-damage|p2b: Incineroar|78/100\n|move|p1b: Delphox|Dazzling Gleam|p2a: Floette|[spread] p2b\n|-activate|p2a: Floette|move: Protect\n|-damage|p2b: Incineroar|54/100\n|move|p2b: Incineroar|Darkest Lariat|p1b: Delphox\n|-supereffective|p1b: Delphox|1\n|-damage|p1b: Delphox|0 fnt\n|faint|p1b: Delphox\n|\n|-weather|SunnyDay|[upkeep]\n|-heal|p2b: Incineroar|60/100|[from] item: Leftovers\n|-sideend|p1: malucy|move: Tailwind\n|upkeep\n|\n|t:|1776241500\n|switch|p1b: Decidueye|Decidueye-Hisui, L50, M|100/100\n|turn|5\n|\n|t:|1776241526\n|move|p1a: Whimsicott|Tailwind|p1a: Whimsicott\n|-sidestart|p1: malucy|move: Tailwind\n|move|p1b: Decidueye|Triple Arrows|p2a: Floette\n|-resisted|p2a: Floette|1\n|-damage|p2a: Floette|0 fnt\n|faint|p2a: Floette\n|move|p2b: Incineroar|Flare Blitz|p1a: Whimsicott\n|-supereffective|p1a: Whimsicott|1\n|-damage|p1a: Whimsicott|0 fnt\n|faint|p1a: Whimsicott\n|-damage|p2b: Incineroar|38/100|[from] Recoil\n|\n|-weather|SunnyDay|[upkeep]\n|-heal|p2b: Incineroar|44/100|[from] item: Leftovers\n|upkeep\n|\n|t:|1776241534\n|switch|p2a: Rotom|Rotom-Wash, L50|100/100\n|turn|6\n|\n|t:|1776241549\n|move|p1b: Decidueye|Triple Arrows|p2b: Incineroar\n|-supereffective|p2b: Incineroar|1\n|-damage|p2b: Incineroar|0 fnt\n|faint|p2b: Incineroar\n|move|p2a: Rotom|Thunderbolt|p1b: Decidueye\n|-resisted|p1b: Decidueye|1\n|-damage|p1b: Decidueye|79/100\n|\n|-weather|none\n|upkeep\n|turn|7\n|\n|t:|1776241558\n|move|p1b: Decidueye|Triple Arrows|p2a: Rotom\n|-damage|p2a: Rotom|37/100\n|-unboost|p2a: Rotom|def|1\n|-enditem|p2a: Rotom|Sitrus Berry|[eat]\n|-heal|p2a: Rotom|62/100|[from] item: Sitrus Berry\n|move|p2a: Rotom|Thunderbolt|p1b: Decidueye\n|-resisted|p1b: Decidueye|1\n|-damage|p1b: Decidueye|57/100\n|\n|upkeep\n|turn|8\n|\n|t:|1776241570\n|move|p1b: Decidueye|Triple Arrows|p2a: Rotom\n|-damage|p2a: Rotom|0 fnt\n|faint|p2a: Rotom\n|\n|win|malucy\n|raw|malucy's rating: 1118 &rarr; <strong>1142</strong><br />(+24 for winning)\n|raw|dhmlfc's rating: 1108 &rarr; <strong>1084</strong><br />(-24 for losing)\n|l|\u2606dhmlfc\n|player|p2|\n|c|\u2606malucy|gg\n",
  "uploadtime": 1776241576,
  "views": 18,
  "formatid": "gen9championsvgc2026regma",
  "rating": 1084,
  "private": 0,
  "password": null
}