{
  "id": "gen9championsvgc2026regma-2585614520",
  "format": "[Gen 9 Champions] VGC 2026 Reg M-A",
  "players": [
    "Pablisuuus",
    "kingbriddz"
  ],
  "log": "|j|\u2606Pablisuuus\n|j|\u2606kingbriddz\n|t:|1776358997\n|gametype|doubles\n|player|p1|Pablisuuus|170|1210\n|player|p2|kingbriddz|170|1164\n|gen|9\n|tier|[Gen 9 Champions] VGC 2026 Reg M-A\n|rated|\n|rule|Species Clause: Limit one of each Pok\u00e9mon\n|rule|Item Clause: Limit 1 of each item\n|clearpoke\n|poke|p1|Basculegion, L50, M|\n|poke|p1|Aerodactyl, L50, M|\n|poke|p1|Kangaskhan, L50, F|\n|poke|p1|Clefable, L50, F|\n|poke|p1|Kommo-o, L50, M|\n|poke|p1|Kingambit, L50, F|\n|poke|p2|Aerodactyl, L50, F|\n|poke|p2|Incineroar, L50, M|\n|poke|p2|Snorlax, L50, M|\n|poke|p2|Sinistcha-Masterpiece, L50|\n|poke|p2|Rotom-Wash, L50|\n|poke|p2|Hawlucha, L50, M|\n|teampreview|4\n|inactive|Battle timer is ON: inactive players will automatically lose when time's up. (requested by kingbriddz)\n|\n|t:|1776359036\n|teamsize|p1|4\n|teamsize|p2|4\n|start\n|switch|p1a: Kangaskhan|Kangaskhan, L50, F|100/100\n|switch|p1b: Aerodactyl|Aerodactyl, L50, M|100/100\n|switch|p2a: Hawlucha|Hawlucha, L50, M|100/100\n|switch|p2b: Snorlax|Snorlax, L50, M, shiny|100/100\n|-ability|p1b: Aerodactyl|Unnerve\n|-ability|p2a: Hawlucha|Mold Breaker\n|turn|1\n|inactive|Pablisuuus has 30 seconds left.\n|\n|t:|1776359063\n|move|p2a: Hawlucha|Protect|p2a: Hawlucha\n|-singleturn|p2a: Hawlucha|Protect\n|move|p1a: Kangaskhan|Fake Out|p2a: Hawlucha\n|-activate|p2a: Hawlucha|move: Protect\n|move|p1b: Aerodactyl|Dual Wingbeat|p2a: Hawlucha\n|-activate|p2a: Hawlucha|move: Protect\n|move|p2b: Snorlax|Smack Down|p1b: Aerodactyl\n|-supereffective|p1b: Aerodactyl|1\n|-crit|p1b: Aerodactyl\n|-damage|p1b: Aerodactyl|36/100\n|-start|p1b: Aerodactyl|Smack Down\n|\n|upkeep\n|turn|2\n|\n|t:|1776359083\n|switch|p2a: Rotom|Rotom-Wash, L50|100/100\n|switch|p1a: Basculegion|Basculegion, L50, M|100/100\n|move|p2b: Snorlax|Protect|p2b: Snorlax\n|-singleturn|p2b: Snorlax|Protect\n|move|p1b: Aerodactyl|Dual Wingbeat|p2a: Rotom\n|-resisted|p2a: Rotom|1\n|-damage|p2a: Rotom|91/100\n|-resisted|p2a: Rotom|1\n|-damage|p2a: Rotom|82/100\n|-hitcount|p2a: Rotom|2\n|\n|upkeep\n|turn|3\n|\n|t:|1776359103\n|switch|p2b: Sinistcha|Sinistcha-Masterpiece, L50|100/100\n|-heal|p2a: Rotom|100/100|[from] ability: Hospitality|[of] p2b: Sinistcha\n|move|p1b: Aerodactyl|Tailwind|p1b: Aerodactyl\n|-sidestart|p1: Pablisuuus|move: Tailwind\n|move|p1a: Basculegion|Flip Turn|p2b: Sinistcha\n|-resisted|p2b: Sinistcha|1\n|-damage|p2b: Sinistcha|85/100\n|\n|t:|1776359112\n|switch|p1a: Kommo-o|Kommo-o, L50, M|100/100|[from] Flip Turn\n|move|p2a: Rotom|Volt Switch|p1b: Aerodactyl\n|-supereffective|p1b: Aerodactyl|1\n|-damage|p1b: Aerodactyl|0 fnt\n|faint|p1b: Aerodactyl\n|\n|t:|1776359124\n|switch|p2a: Hawlucha|Hawlucha, L50, M|100/100|[from] Volt Switch\n|-ability|p2a: Hawlucha|Mold Breaker\n|\n|upkeep\n|\n|t:|1776359131\n|switch|p1b: Kangaskhan|Kangaskhan, L50, F|100/100\n|turn|4\n|\n|t:|1776359150\n|detailschange|p1b: Kangaskhan|Kangaskhan-Mega, L50, F\n|-mega|p1b: Kangaskhan|Kangaskhan|Kangaskhanite\n|move|p2a: Hawlucha|Protect|p2a: Hawlucha\n|-singleturn|p2a: Hawlucha|Protect\n|move|p1b: Kangaskhan|Fake Out|p2a: Hawlucha\n|-activate|p2a: Hawlucha|move: Protect\n|move|p1a: Kommo-o|Clangorous Soul|p1a: Kommo-o\n|-boost|p1a: Kommo-o|atk|1\n|-boost|p1a: Kommo-o|def|1\n|-boost|p1a: Kommo-o|spa|1\n|-boost|p1a: Kommo-o|spd|1\n|-boost|p1a: Kommo-o|spe|1\n|-damage|p1a: Kommo-o|68/100\n|move|p2b: Sinistcha|Matcha Gotcha|p1a: Kommo-o|[spread] p1a,p1b\n|-resisted|p1a: Kommo-o|1\n|-damage|p1a: Kommo-o|61/100\n|-heal|p2b: Sinistcha|89/100|[from] drain|[of] p1a: Kommo-o\n|-damage|p1b: Kangaskhan|75/100\n|-heal|p2b: Sinistcha|100/100|[from] drain|[of] p1b: Kangaskhan\n|-status|p1a: Kommo-o|brn\n|\n|-damage|p1a: Kommo-o|55/100 brn|[from] brn\n|upkeep\n|turn|5\n|inactive|kingbriddz has 30 seconds left.\n|inactive|kingbriddz has 20 seconds left.\n|\n|t:|1776359189\n|switch|p2b: Snorlax|Snorlax, L50, M, shiny|100/100\n|detailschange|p2a: Hawlucha|Hawlucha-Mega, L50, M\n|-mega|p2a: Hawlucha|Hawlucha|Hawluchanite\n|move|p1a: Kommo-o|Clanging Scales|p2a: Hawlucha|[spread] p2a,p2b\n|-damage|p2a: Hawlucha|49/100\n|-damage|p2b: Snorlax|70/100\n|-unboost|p1a: Kommo-o|def|1\n|move|p1b: Kangaskhan|Double-Edge|p2a: Hawlucha\n|-damage|p2a: Hawlucha|0 fnt\n|faint|p2a: Hawlucha\n|-hitcount|p2: Hawlucha|1\n|-damage|p1b: Kangaskhan|62/100|[from] Recoil\n|\n|-heal|p2b: Snorlax|76/100|[from] item: Leftovers\n|-damage|p1a: Kommo-o|49/100 brn|[from] brn\n|upkeep\n|-enditem|p1a: Kommo-o|Sitrus Berry|[eat]\n|-heal|p1a: Kommo-o|73/100 brn|[from] item: Sitrus Berry\n|\n|t:|1776359204\n|switch|p2a: Sinistcha|Sinistcha-Masterpiece, L50|100/100\n|-heal|p2b: Snorlax|100/100|[from] ability: Hospitality|[of] p2a: Sinistcha\n|turn|6\n|\n|t:|1776359213\n|move|p1a: Kommo-o|Aura Sphere|p2b: Snorlax\n|-supereffective|p2b: Snorlax|1\n|-damage|p2b: Snorlax|43/100\n|move|p1b: Kangaskhan|Crunch|p2a: Sinistcha\n|-supereffective|p2a: Sinistcha|1\n|-damage|p2a: Sinistcha|59/100\n|-unboost|p2a: Sinistcha|def|1\n|-supereffective|p2a: Sinistcha|1\n|-crit|p2a: Sinistcha\n|-damage|p2a: Sinistcha|35/100\n|-hitcount|p2a: Sinistcha|2\n|move|p2a: Sinistcha|Matcha Gotcha|p1b: Kangaskhan|[spread] p1a,p1b\n|-resisted|p1a: Kommo-o|1\n|-damage|p1a: Kommo-o|66/100 brn\n|-heal|p2a: Sinistcha|39/100|[from] drain|[of] p1a: Kommo-o\n|-damage|p1b: Kangaskhan|36/100\n|-heal|p2a: Sinistcha|54/100|[from] drain|[of] p1b: Kangaskhan\n|move|p2b: Snorlax|Fissure|p1a: Kommo-o\n|-damage|p1a: Kommo-o|0 fnt\n|faint|p1a: Kommo-o\n|-ohko\n|\n|-heal|p2b: Snorlax|49/100|[from] item: Leftovers\n|-sideend|p1: Pablisuuus|move: Tailwind\n|upkeep\n|\n|t:|1776359216\n|switch|p1a: Basculegion|Basculegion, L50, M|100/100\n|turn|7\n|inactive|kingbriddz has 30 seconds left.\n|\n|t:|1776359246\n|switch|p2a: Rotom|Rotom-Wash, L50|100/100\n|move|p2b: Snorlax|Protect|p2b: Snorlax\n|-singleturn|p2b: Snorlax|Protect\n|move|p1b: Kangaskhan|Double-Edge|p2b: Snorlax\n|-activate|p2b: Snorlax|move: Protect\n|move|p1a: Basculegion|Last Respects|p2a: Rotom\n|-damage|p2a: Rotom|0 fnt\n|faint|p2a: Rotom\n|\n|-heal|p2b: Snorlax|55/100|[from] item: Leftovers\n|upkeep\n|\n|t:|1776359257\n|switch|p2a: Sinistcha|Sinistcha-Masterpiece, L50|54/100\n|-heal|p2b: Snorlax|80/100|[from] ability: Hospitality|[of] p2a: Sinistcha\n|turn|8\n|\n|t:|1776359269\n|move|p1b: Kangaskhan|Drain Punch|p2b: Snorlax\n|-supereffective|p2b: Snorlax|1\n|-damage|p2b: Snorlax|45/100\n|-heal|p1b: Kangaskhan|60/100|[from] drain|[of] p2b: Snorlax\n|-supereffective|p2b: Snorlax|1\n|-damage|p2b: Snorlax|37/100\n|-heal|p1b: Kangaskhan|66/100|[from] drain|[of] p2b: Snorlax\n|-hitcount|p2b: Snorlax|2\n|move|p1a: Basculegion|Last Respects|p2a: Sinistcha\n|-supereffective|p2a: Sinistcha|1\n|-damage|p2a: Sinistcha|0 fnt\n|faint|p2a: Sinistcha\n|move|p2b: Snorlax|Body Slam|p1b: Kangaskhan\n|-damage|p1b: Kangaskhan|35/100\n|\n|-heal|p2b: Snorlax|43/100|[from] item: Leftovers\n|upkeep\n|turn|9\n|\n|t:|1776359283\n|move|p1b: Kangaskhan|Drain Punch|p2b: Snorlax\n|-supereffective|p2b: Snorlax|1\n|-damage|p2b: Snorlax|6/100\n|-heal|p1b: Kangaskhan|62/100|[from] drain|[of] p2b: Snorlax\n|-supereffective|p2b: Snorlax|1\n|-damage|p2b: Snorlax|0 fnt\n|-heal|p1b: Kangaskhan|66/100|[from] drain|[of] p2b: Snorlax\n|faint|p2b: Snorlax\n|-hitcount|p2: Snorlax|2\n|\n|win|Pablisuuus\n|raw|Pablisuuus's rating: 1210 &rarr; <strong>1232</strong><br />(+22 for winning)\n|raw|kingbriddz's rating: 1164 &rarr; <strong>1142</strong><br />(-22 for losing)\n|c|\u2606kingbriddz|Gg\n",
  "uploadtime": 1776359297,
  "views": 27,
  "formatid": "gen9championsvgc2026regma",
  "rating": 1142,
  "private": 0,
  "password": null
}