{
  "id": "gen9championsvgc2026regma-2582353137",
  "format": "[Gen 9 Champions] VGC 2026 Reg M-A",
  "players": [
    "1#MiraidonHater",
    "BubbaWubbaLubba"
  ],
  "log": "|j|\u26061#MiraidonHater\n|j|\u2606BubbaWubbaLubba\n|t:|1776085776\n|gametype|doubles\n|player|p1|1#MiraidonHater|170|1256\n|player|p2|BubbaWubbaLubba|steven|1298\n|gen|9\n|tier|[Gen 9 Champions] VGC 2026 Reg M-A\n|rated|\n|rule|Species Clause: Limit one of each Pok\u00e9mon\n|rule|Item Clause: Limit 1 of each item\n|clearpoke\n|poke|p1|Kommo-o, L50, F|\n|poke|p1|Incineroar, L50, M|\n|poke|p1|Glimmora, L50, F|\n|poke|p1|Sinistcha, L50|\n|poke|p1|Talonflame, L50, M|\n|poke|p1|Palafin, L50, F|\n|poke|p2|Charizard, L50, F|\n|poke|p2|Whimsicott, L50, F|\n|poke|p2|Garchomp, L50, F|\n|poke|p2|Sneasler, L50, F|\n|poke|p2|Venusaur, L50, F|\n|poke|p2|Incineroar, L50, F|\n|teampreview|4\n|inactive|Battle timer is ON: inactive players will automatically lose when time's up. (requested by BubbaWubbaLubba)\n|inactive|1#MiraidonHater has 60 seconds left.\n|\n|t:|1776085819\n|teamsize|p1|4\n|teamsize|p2|4\n|start\n|switch|p1a: Glimmora|Glimmora, L50, F|100/100\n|switch|p1b: Talonflame|Talonflame, L50, M|100/100\n|switch|p2a: Garchomp|Garchomp, L50, F|100/100\n|switch|p2b: Whimsicott|Whimsicott, L50, F|100/100\n|turn|1\n|\n|t:|1776085843\n|switch|p1a: Incineroar|Incineroar, L50, M|100/100\n|-ability|p1a: Incineroar|Intimidate|boost\n|-unboost|p2a: Garchomp|atk|1\n|-unboost|p2b: Whimsicott|atk|1\n|move|p1b: Talonflame|Tailwind|p1b: Talonflame\n|-sidestart|p1: 1#MiraidonHater|move: Tailwind\n|move|p2b: Whimsicott|Tailwind|p2b: Whimsicott\n|-sidestart|p2: BubbaWubbaLubba|move: Tailwind\n|move|p2a: Garchomp|Rock Slide|p1b: Talonflame|[spread] p1a,p1b\n|-supereffective|p1a: Incineroar|1\n|-supereffective|p1b: Talonflame|2\n|-damage|p1a: Incineroar|80/100\n|-damage|p1b: Talonflame|20/100\n|\n|upkeep\n|turn|2\n|inactive|1#MiraidonHater has 30 seconds left.\n|inactive|BubbaWubbaLubba has 30 seconds left.\n|inactive|1#MiraidonHater has 20 seconds left.\n|inactive|1#MiraidonHater has 15 seconds left.\n|\n|t:|1776085887\n|switch|p1b: Glimmora|Glimmora, L50, F|100/100\n|move|p2a: Garchomp|Protect|p2a: Garchomp\n|-singleturn|p2a: Garchomp|Protect\n|move|p1a: Incineroar|Fake Out|p2a: Garchomp\n|-activate|p2a: Garchomp|move: Protect\n|move|p2b: Whimsicott|Encore||[still]\n|-fail|p2b: Whimsicott\n|\n|upkeep\n|turn|3\n|inactive|1#MiraidonHater has 30 seconds left.\n|\n|t:|1776085919\n|switch|p2b: Charizard|Charizard, L50, F|100/100\n|move|p1b: Glimmora|Spiky Shield|p1b: Glimmora\n|-singleturn|p1b: Glimmora|move: Protect\n|move|p2a: Garchomp|Earthquake|p1b: Glimmora|[spread] p1a\n|-activate|p1b: Glimmora|move: Protect\n|-immune|p2b: Charizard\n|-supereffective|p1a: Incineroar|1\n|-enditem|p1a: Incineroar|Shuca Berry|[eat]\n|-enditem|p1a: Incineroar|Shuca Berry|[weaken]\n|-damage|p1a: Incineroar|59/100\n|move|p1a: Incineroar|Parting Shot|p2a: Garchomp\n|-unboost|p2a: Garchomp|atk|1\n|-unboost|p2a: Garchomp|spa|1\n|\n|t:|1776085937\n|switch|p1a: Talonflame|Talonflame, L50, M|20/100|[from] Parting Shot\n|\n|upkeep\n|turn|4\n|\n|t:|1776085949\n|switch|p1a: Incineroar|Incineroar, L50, M|59/100\n|-ability|p1a: Incineroar|Intimidate|boost\n|-unboost|p2a: Garchomp|atk|1\n|-unboost|p2b: Charizard|atk|1\n|detailschange|p1b: Glimmora|Glimmora-Mega, L50, F\n|-mega|p1b: Glimmora|Glimmora|Glimmoranite\n|move|p2b: Charizard|Protect|p2b: Charizard\n|-singleturn|p2b: Charizard|Protect\n|move|p2a: Garchomp|Rock Slide|p1a: Incineroar|[spread] p1a,p1b\n|-supereffective|p1a: Incineroar|1\n|-damage|p1a: Incineroar|47/100\n|-damage|p1b: Glimmora|90/100\n|cant|p1b: Glimmora|flinch\n|\n|-sideend|p1: 1#MiraidonHater|move: Tailwind\n|-sideend|p2: BubbaWubbaLubba|move: Tailwind\n|upkeep\n|turn|5\n|inactive|BubbaWubbaLubba has 30 seconds left.\n|\n|t:|1776085974\n|switch|p2b: Whimsicott|Whimsicott, L50, F|100/100\n|move|p2a: Garchomp|Protect|p2a: Garchomp\n|-singleturn|p2a: Garchomp|Protect\n|move|p1a: Incineroar|Fake Out|p2a: Garchomp\n|-activate|p2a: Garchomp|move: Protect\n|move|p1b: Glimmora|Power Gem|p2b: Whimsicott\n|-enditem|p2b: Whimsicott|Focus Sash\n|-damage|p2b: Whimsicott|1/100\n|\n|upkeep\n|turn|6\n|\n|t:|1776085997\n|switch|p2a: Venusaur|Venusaur, L50, F|100/100\n|move|p2b: Whimsicott|Tailwind|p2b: Whimsicott\n|-sidestart|p2: BubbaWubbaLubba|move: Tailwind\n|move|p1b: Glimmora|Power Gem|p2a: Venusaur\n|-crit|p2a: Venusaur\n|-damage|p2a: Venusaur|0 fnt\n|faint|p2a: Venusaur\n|move|p1a: Incineroar|Flare Blitz|p2b: Whimsicott\n|-supereffective|p2b: Whimsicott|1\n|-damage|p2b: Whimsicott|0 fnt\n|faint|p2b: Whimsicott\n|-damage|p1a: Incineroar|47/100|[from] Recoil\n|\n|upkeep\n|\n|t:|1776086010\n|switch|p2b: Charizard|Charizard, L50, F|100/100\n|switch|p2a: Garchomp|Garchomp, L50, F|100/100\n|turn|7\n|inactive|1#MiraidonHater has 30 seconds left.\n|\n|t:|1776086043\n|switch|p1a: Talonflame|Talonflame, L50, M|20/100\n|detailschange|p2b: Charizard|Charizard-Mega-Y, L50, F\n|-mega|p2b: Charizard|Charizard|Charizardite Y\n|-weather|SunnyDay|[from] ability: Drought|[of] p2b: Charizard\n|move|p1b: Glimmora|Spiky Shield|p1b: Glimmora\n|-singleturn|p1b: Glimmora|move: Protect\n|move|p2a: Garchomp|Earthquake|p1b: Glimmora|[spread] \n|-activate|p1b: Glimmora|move: Protect\n|-immune|p2b: Charizard\n|-immune|p1a: Talonflame\n|move|p2b: Charizard|Weather Ball|p1a: Talonflame\n|-resisted|p1a: Talonflame|1\n|-damage|p1a: Talonflame|0 fnt\n|faint|p1a: Talonflame\n|\n|-weather|SunnyDay|[upkeep]\n|upkeep\n|\n|t:|1776086059\n|switch|p1a: Incineroar|Incineroar, L50, M|47/100\n|-ability|p1a: Incineroar|Intimidate|boost\n|-unboost|p2a: Garchomp|atk|1\n|-unboost|p2b: Charizard|atk|1\n|turn|8\n|\n|t:|1776086073\n|switch|p1a: Kommo-o|Kommo-o, L50, F|100/100\n|move|p2a: Garchomp|Protect|p2a: Garchomp\n|-singleturn|p2a: Garchomp|Protect\n|move|p2b: Charizard|Protect|p2b: Charizard\n|-singleturn|p2b: Charizard|Protect\n|move|p1b: Glimmora|Power Gem|p2b: Charizard\n|-activate|p2b: Charizard|move: Protect\n|\n|-weather|SunnyDay|[upkeep]\n|upkeep\n|turn|9\n|c|\u2606BubbaWubbaLubba|gg\n|\n|t:|1776086088\n|switch|p1a: Incineroar|Incineroar, L50, M|47/100\n|-ability|p1a: Incineroar|Intimidate|boost\n|-unboost|p2a: Garchomp|atk|1\n|-unboost|p2b: Charizard|atk|1\n|move|p1b: Glimmora|Spiky Shield|p1b: Glimmora\n|-singleturn|p1b: Glimmora|move: Protect\n|move|p2a: Garchomp|Earthquake|p1a: Incineroar|[spread] p1a\n|-activate|p1b: Glimmora|move: Protect\n|-immune|p2b: Charizard\n|-supereffective|p1a: Incineroar|1\n|-damage|p1a: Incineroar|20/100\n|move|p2b: Charizard|Weather Ball|p1a: Incineroar\n|-resisted|p1a: Incineroar|1\n|-damage|p1a: Incineroar|0 fnt\n|faint|p1a: Incineroar\n|\n|-weather|SunnyDay|[upkeep]\n|-sideend|p2: BubbaWubbaLubba|move: Tailwind\n|upkeep\n|\n|t:|1776086102\n|switch|p1a: Kommo-o|Kommo-o, L50, F|100/100\n|turn|10\n|\n|t:|1776086114\n|move|p2a: Garchomp|Earthquake|p1b: Glimmora|[spread] p1a,p1b\n|-immune|p2b: Charizard\n|-supereffective|p1b: Glimmora|2\n|-damage|p1a: Kommo-o|83/100\n|-damage|p1b: Glimmora|5/100\n|move|p1b: Glimmora|Power Gem|p2b: Charizard\n|-supereffective|p2b: Charizard|2\n|-damage|p2b: Charizard|0 fnt\n|faint|p2b: Charizard\n|move|p1a: Kommo-o|Clanging Scales|p2a: Garchomp\n|-supereffective|p2a: Garchomp|1\n|-damage|p2a: Garchomp|0 fnt\n|faint|p2a: Garchomp\n|\n|win|1#MiraidonHater\n|raw|1#MiraidonHater's rating: 1256 &rarr; <strong>1284</strong><br />(+28 for winning)\n|raw|BubbaWubbaLubba's rating: 1298 &rarr; <strong>1270</strong><br />(-28 for losing)\n|l|\u2606BubbaWubbaLubba\n|player|p2|\n|j| porygon-epilepz\n|l| porygon-epilepz\n|j| porygon-epilepz\n|l| porygon-epilepz\n|j| porygon-epilepz\n",
  "uploadtime": 1776086128,
  "views": 24,
  "formatid": "gen9championsvgc2026regma",
  "rating": 1270,
  "private": 0,
  "password": null
}