{
  "id": "gen9championsvgc2026regma-2587303521",
  "format": "[Gen 9 Champions] VGC 2026 Reg M-A",
  "players": [
    "Kitsune.Post",
    "alesucu98"
  ],
  "log": "|j|\u2606Kitsune.Post\n|j|\u2606alesucu98\n|t:|1776520108\n|gametype|doubles\n|player|p1|Kitsune.Post|medium|1125\n|player|p2|alesucu98|266|1071\n|gen|9\n|tier|[Gen 9 Champions] VGC 2026 Reg M-A\n|rated|\n|rule|Species Clause: Limit one of each Pok\u00e9mon\n|rule|Item Clause: Limit 1 of each item\n|clearpoke\n|poke|p1|Dragonite, L50, F|\n|poke|p1|Garchomp, L50, M|\n|poke|p1|Ampharos, L50, M|\n|poke|p1|Golurk, L50, shiny|\n|poke|p1|Zoroark-Hisui, L50, M|\n|poke|p1|Whimsicott, L50, M|\n|poke|p2|Charizard, L50, M|\n|poke|p2|Venusaur, L50, M|\n|poke|p2|Garchomp, L50, M|\n|poke|p2|Milotic, L50, M|\n|poke|p2|Gardevoir, L50, M|\n|poke|p2|Incineroar, L50, M|\n|teampreview|4\n|inactive|Battle timer is ON: inactive players will automatically lose when time's up. (requested by Kitsune.Post)\n|\n|t:|1776520140\n|teamsize|p1|4\n|teamsize|p2|4\n|start\n|switch|p1a: Garchomp|Garchomp, L50, M|100/100\n|switch|p1b: Ampharos|Ampharos, L50, M|100/100\n|switch|p2a: Charizard|Charizard, L50, M|100/100\n|switch|p2b: Venusaur|Venusaur, L50, M|100/100\n|turn|1\n|\n|t:|1776520163\n|switch|p2a: Garchomp|Garchomp, L50, M|100/100\n|move|p1b: Ampharos|Snarl|p2a: Garchomp|[spread] p2a,p2b\n|-damage|p2a: Garchomp|87/100\n|-damage|p2b: Venusaur|86/100\n|-unboost|p2a: Garchomp|spa|1\n|-unboost|p2b: Venusaur|spa|1\n|move|p1a: Garchomp|Rock Slide|p2b: Venusaur|[spread] p2a,p2b\n|-resisted|p2a: Garchomp|1\n|-damage|p2a: Garchomp|79/100\n|-damage|p2b: Venusaur|62/100\n|move|p2b: Venusaur|Giga Drain|p1a: Garchomp\n|-damage|p1a: Garchomp|71/100\n|-heal|p2b: Venusaur|79/100|[from] drain|[of] p1a: Garchomp\n|\n|upkeep\n|turn|2\n|\n|t:|1776520184\n|move|p1b: Ampharos|Icy Wind|p2a: Garchomp|[spread] p2a,p2b\n|-supereffective|p2a: Garchomp|2\n|-supereffective|p2b: Venusaur|1\n|-damage|p2a: Garchomp|22/100\n|-damage|p2b: Venusaur|47/100\n|-unboost|p2a: Garchomp|spe|1\n|-unboost|p2b: Venusaur|spe|1\n|move|p1a: Garchomp|Rock Slide|p2b: Venusaur|[spread] p2a,p2b\n|-resisted|p2a: Garchomp|1\n|-damage|p2a: Garchomp|14/100\n|-damage|p2b: Venusaur|25/100\n|cant|p2a: Garchomp|flinch\n|move|p2b: Venusaur|Toxic|p1b: Ampharos\n|-status|p1b: Ampharos|tox\n|\n|-damage|p1b: Ampharos|94/100 tox|[from] psn\n|upkeep\n|turn|3\n|inactive|alesucu98 has 30 seconds left.\n|\n|t:|1776520211\n|move|p2a: Garchomp|Protect|p2a: Garchomp\n|-singleturn|p2a: Garchomp|Protect\n|move|p1b: Ampharos|Icy Wind|p2b: Venusaur|[spread] p2b\n|-activate|p2a: Garchomp|move: Protect\n|-supereffective|p2b: Venusaur|1\n|-damage|p2b: Venusaur|0 fnt\n|faint|p2b: Venusaur\n|move|p1a: Garchomp|Rock Slide|p2a: Garchomp\n|-activate|p2a: Garchomp|move: Protect\n|\n|-damage|p1b: Ampharos|82/100 tox|[from] psn\n|upkeep\n|\n|t:|1776520224\n|switch|p2b: Incineroar|Incineroar, L50, M|100/100\n|-ability|p2b: Incineroar|Intimidate|boost\n|-unboost|p1a: Garchomp|atk|1\n|-unboost|p1b: Ampharos|atk|1\n|turn|4\n|\n|t:|1776520241\n|move|p2b: Incineroar|Fake Out|p1b: Ampharos\n|-immune|p1b: Ampharos\n|move|p1b: Ampharos|Snarl|p2b: Incineroar|[spread] p2a,p2b\n|-resisted|p2b: Incineroar|1\n|-damage|p2a: Garchomp|0 fnt\n|-damage|p2b: Incineroar|93/100\n|-unboost|p2b: Incineroar|spa|1\n|faint|p2a: Garchomp\n|move|p1a: Garchomp|Rock Slide|p2b: Incineroar\n|-supereffective|p2b: Incineroar|1\n|-damage|p2b: Incineroar|56/100\n|\n|-damage|p1b: Ampharos|64/100 tox|[from] psn\n|upkeep\n|\n|t:|1776520255\n|switch|p2a: Charizard|Charizard, L50, M|100/100\n|turn|5\n|\n|t:|1776520264\n|detailschange|p2a: Charizard|Charizard-Mega-Y, L50, M\n|-mega|p2a: Charizard|Charizard|Charizardite Y\n|-weather|SunnyDay|[from] ability: Drought|[of] p2a: Charizard\n|move|p2b: Incineroar|Protect|p2b: Incineroar\n|-singleturn|p2b: Incineroar|Protect\n|move|p1b: Ampharos|Icy Wind|p2a: Charizard|[spread] p2a\n|-activate|p2b: Incineroar|move: Protect\n|-crit|p2a: Charizard\n|-damage|p2a: Charizard|78/100\n|-unboost|p2a: Charizard|spe|1\n|move|p1a: Garchomp|Rock Slide|p2a: Charizard|[spread] p2a\n|-activate|p2b: Incineroar|move: Protect\n|-supereffective|p2a: Charizard|2\n|-damage|p2a: Charizard|23/100\n|move|p2a: Charizard|Heat Wave|p1a: Garchomp|[spread] p1a\n|-miss|p2a: Charizard|p1b: Ampharos\n|-resisted|p1a: Garchomp|1\n|-damage|p1a: Garchomp|32/100\n|\n|-weather|SunnyDay|[upkeep]\n|-damage|p1b: Ampharos|39/100 tox|[from] psn\n|upkeep\n|turn|6\n|inactive|Kitsune.Post has 30 seconds left.\n|inactive|alesucu98 has 30 seconds left.\n|inactive|alesucu98 has 20 seconds left.\n|inactive|alesucu98 has 15 seconds left.\n|inactive|alesucu98 has 10 seconds left.\n|inactive|alesucu98 has 5 seconds left.\n|\n|t:|1776520319\n|move|p2b: Incineroar|Protect||[still]\n|-fail|p2b: Incineroar\n|move|p1b: Ampharos|Icy Wind|p2a: Charizard|[spread] p2a,p2b\n|-resisted|p2b: Incineroar|1\n|-damage|p2a: Charizard|10/100\n|-damage|p2b: Incineroar|50/100\n|-unboost|p2a: Charizard|spe|1\n|-unboost|p2b: Incineroar|spe|1\n|-enditem|p2b: Incineroar|Sitrus Berry|[eat]\n|-heal|p2b: Incineroar|75/100|[from] item: Sitrus Berry\n|move|p1a: Garchomp|Rock Slide|p2b: Incineroar|[spread] p2b\n|-miss|p1a: Garchomp|p2a: Charizard\n|-supereffective|p2b: Incineroar|1\n|-damage|p2b: Incineroar|49/100\n|move|p2a: Charizard|Solar Beam||[still]\n|-prepare|p2a: Charizard|Solar Beam\n|-anim|p2a: Charizard|Solar Beam|p1b: Ampharos\n|-damage|p1b: Ampharos|0 fnt\n|replace|p1b: Zoroark|Zoroark-Hisui, L50, M\n|-end|p1b: Zoroark|Illusion\n|faint|p1b: Zoroark\n|\n|-weather|SunnyDay|[upkeep]\n|upkeep\n|\n|t:|1776520342\n|switch|p1b: Ampharos|Ampharos, L50, M|100/100\n|turn|7\n|inactive|alesucu98 has 30 seconds left.\n|inactive|alesucu98 has 20 seconds left.\n|inactive|alesucu98 has 15 seconds left.\n|inactive|alesucu98 has 10 seconds left.\n|inactive|alesucu98 has 5 seconds left.\n|\n|t:|1776520397\n|move|p2b: Incineroar|Protect|p2b: Incineroar\n|-singleturn|p2b: Incineroar|Protect\n|move|p1a: Garchomp|Rock Slide|p2a: Charizard|[spread] p2a\n|-activate|p2b: Incineroar|move: Protect\n|-supereffective|p2a: Charizard|2\n|-damage|p2a: Charizard|0 fnt\n|faint|p2a: Charizard\n|move|p1b: Ampharos|Discharge|p2b: Incineroar|[spread] \n|-activate|p2b: Incineroar|move: Protect\n|-immune|p1a: Garchomp\n|\n|-weather|SunnyDay|[upkeep]\n|upkeep\n|turn|8\n|inactive|Kitsune.Post has 30 seconds left.\n|inactive|alesucu98 has 30 seconds left.\n|inactive|alesucu98 has 20 seconds left.\n|inactive|alesucu98 has 15 seconds left.\n|inactive|alesucu98 has 10 seconds left.\n|inactive|alesucu98 has 5 seconds left.\n|\n|t:|1776520452\n|switch|p1a: Dragonite|Dragonite, L50, F|100/100\n|move|p2b: Incineroar|Protect||[still]\n|-fail|p2b: Incineroar\n|move|p1b: Ampharos|Focus Blast|p2b: Incineroar\n|-supereffective|p2b: Incineroar|1\n|-damage|p2b: Incineroar|0 fnt\n|faint|p2b: Incineroar\n|\n|win|Kitsune.Post\n|raw|Kitsune.Post's rating: 1125 &rarr; <strong>1146</strong><br />(+21 for winning)\n|raw|alesucu98's rating: 1071 &rarr; <strong>1054</strong><br />(-17 for losing)\n",
  "uploadtime": 1776520505,
  "views": 23,
  "formatid": "gen9championsvgc2026regma",
  "rating": 1054,
  "private": 0,
  "password": null
}