{
  "id": "gen9championsvgc2026regma-2583905930",
  "format": "[Gen 9 Champions] VGC 2026 Reg M-A",
  "players": [
    "statusqo",
    "PedroFAC"
  ],
  "log": "|j|\u2606statusqo\n|j|\u2606PedroFAC\n|t:|1776207135\n|gametype|doubles\n|player|p1|statusqo|1|1114\n|player|p2|PedroFAC|102|1106\n|gen|9\n|tier|[Gen 9 Champions] VGC 2026 Reg M-A\n|rated|\n|rule|Species Clause: Limit one of each Pok\u00e9mon\n|rule|Item Clause: Limit 1 of each item\n|clearpoke\n|poke|p1|Pelipper, L50, F|\n|poke|p1|Palafin, L50, M|\n|poke|p1|Scizor, L50, M|\n|poke|p1|Glimmora, L50, F|\n|poke|p1|Sneasler, L50, M|\n|poke|p1|Sinistcha, L50|\n|poke|p2|Excadrill, L50, M|\n|poke|p2|Rotom-Heat, L50|\n|poke|p2|Gyarados, L50, F|\n|poke|p2|Primarina, L50, F|\n|poke|p2|Sinistcha, L50|\n|poke|p2|Tyranitar, L50, M|\n|teampreview|4\n|inactive|Battle timer is ON: inactive players will automatically lose when time's up. (requested by PedroFAC)\n|\n|t:|1776207159\n|teamsize|p1|4\n|teamsize|p2|4\n|start\n|switch|p1a: Palafin|Palafin, L50, M|100/100\n|switch|p1b: Sneasler|Sneasler, L50, M|100/100\n|switch|p2a: Gyarados|Gyarados, L50, F|100/100\n|switch|p2b: Rotom|Rotom-Heat, L50|100/100\n|-ability|p2a: Gyarados|Intimidate|boost\n|-unboost|p1a: Palafin|atk|1\n|-unboost|p1b: Sneasler|atk|1\n|turn|1\n|\n|t:|1776207177\n|move|p1b: Sneasler|Fake Out|p2a: Gyarados\n|-crit|p2a: Gyarados\n|-damage|p2a: Gyarados|76/100\n|move|p1a: Palafin|Flip Turn|p2b: Rotom\n|-supereffective|p2b: Rotom|1\n|-damage|p2b: Rotom|61/100\n|\n|t:|1776207183\n|detailschange|p1a: Palafin|Palafin-Hero, L50, M\n|switch|p1a: Scizor|Scizor, L50, M|100/100|[from] Flip Turn\n|move|p2b: Rotom|Volt Switch|p1a: Scizor\n|-damage|p1a: Scizor|58/100\n|\n|t:|1776207190\n|switch|p2b: Sinistcha|Sinistcha, L50|100/100|[from] Volt Switch\n|-heal|p2a: Gyarados|100/100|[from] ability: Hospitality|[of] p2b: Sinistcha\n|cant|p2a: Gyarados|flinch\n|\n|upkeep\n|turn|2\n|inactive|statusqo has 30 seconds left.\n|\n|t:|1776207218\n|switch|p1b: Pelipper|Pelipper, L50, F|100/100\n|-weather|RainDance|[from] ability: Drizzle|[of] p1b: Pelipper\n|detailschange|p1a: Scizor|Scizor-Mega, L50, M\n|-mega|p1a: Scizor|Scizor|Scizorite\n|move|p1a: Scizor|Bug Bite|p2b: Sinistcha\n|-damage|p2b: Sinistcha|61/100\n|-enditem|p2b: Sinistcha|Sitrus Berry|[from] stealeat|[move] Bug Bite|[of] p1a: Scizor\n|-heal|p1a: Scizor|83/100|[from] item: Sitrus Berry\n|move|p2a: Gyarados|Waterfall|p1b: Pelipper\n|-resisted|p1b: Pelipper|1\n|-damage|p1b: Pelipper|82/100\n|move|p2b: Sinistcha|Trick Room|p2b: Sinistcha\n|-fieldstart|move: Trick Room|[of] p2b: Sinistcha\n|\n|-weather|RainDance|[upkeep]\n|upkeep\n|turn|3\n|inactive|statusqo has 30 seconds left.\n|inactive|statusqo has 20 seconds left.\n|\n|t:|1776207254\n|move|p1a: Scizor|Protect|p1a: Scizor\n|-singleturn|p1a: Scizor|Protect\n|move|p2b: Sinistcha|Matcha Gotcha|p1b: Pelipper|[spread] p1b\n|-activate|p1a: Scizor|move: Protect\n|-damage|p1b: Pelipper|50/100\n|-heal|p2b: Sinistcha|77/100|[from] drain|[of] p1b: Pelipper\n|-enditem|p1b: Pelipper|Sitrus Berry|[eat]\n|-heal|p1b: Pelipper|74/100|[from] item: Sitrus Berry\n|move|p1b: Pelipper|Hurricane|p2b: Sinistcha\n|-supereffective|p2b: Sinistcha|1\n|-damage|p2b: Sinistcha|0 fnt\n|faint|p2b: Sinistcha\n|move|p2a: Gyarados|Waterfall|p1a: Scizor\n|-activate|p1a: Scizor|move: Protect\n|\n|-weather|RainDance|[upkeep]\n|upkeep\n|\n|t:|1776207268\n|switch|p2b: Tyranitar|Tyranitar, L50, M|100/100\n|-weather|Sandstorm|[from] ability: Sand Stream|[of] p2b: Tyranitar\n|turn|4\n|inactive|statusqo has 30 seconds left.\n|\n|t:|1776207299\n|switch|p1b: Sneasler|Sneasler, L50, M|100/100\n|detailschange|p2b: Tyranitar|Tyranitar-Mega, L50, M\n|-mega|p2b: Tyranitar|Tyranitar|Tyranitarite\n|move|p1a: Scizor|Bullet Punch|p2b: Tyranitar\n|-supereffective|p2b: Tyranitar|1\n|-damage|p2b: Tyranitar|48/100\n|move|p2b: Tyranitar|Rock Slide|p1b: Sneasler|[spread] p1a,p1b\n|-resisted|p1b: Sneasler|1\n|-damage|p1a: Scizor|55/100\n|-damage|p1b: Sneasler|74/100\n|move|p2a: Gyarados|Waterfall|p1a: Scizor\n|-damage|p1a: Scizor|27/100\n|\n|-weather|Sandstorm|[upkeep]\n|-damage|p2a: Gyarados|95/100|[from] Sandstorm\n|-damage|p1b: Sneasler|68/100|[from] Sandstorm\n|upkeep\n|turn|5\n|\n|t:|1776207322\n|move|p2b: Tyranitar|Protect|p2b: Tyranitar\n|-singleturn|p2b: Tyranitar|Protect\n|move|p1b: Sneasler|Fake Out|p2a: Gyarados\n|-damage|p2a: Gyarados|78/100\n|move|p1a: Scizor|Bullet Punch|p2b: Tyranitar\n|-activate|p2b: Tyranitar|move: Protect\n|cant|p2a: Gyarados|flinch\n|\n|-weather|Sandstorm|[upkeep]\n|-damage|p2a: Gyarados|72/100|[from] Sandstorm\n|-damage|p1b: Sneasler|62/100|[from] Sandstorm\n|upkeep\n|turn|6\n|\n|t:|1776207333\n|switch|p2b: Rotom|Rotom-Heat, L50|61/100\n|switch|p1b: Pelipper|Pelipper, L50, F|74/100\n|-weather|RainDance|[from] ability: Drizzle|[of] p1b: Pelipper\n|move|p1a: Scizor|Bullet Punch|p2b: Rotom\n|-resisted|p2b: Rotom|2\n|-damage|p2b: Rotom|49/100\n|move|p2a: Gyarados|Waterfall|p1a: Scizor\n|-damage|p1a: Scizor|0 fnt\n|faint|p1a: Scizor\n|\n|-weather|RainDance|[upkeep]\n|-fieldend|move: Trick Room\n|upkeep\n|\n|t:|1776207349\n|switch|p1a: Palafin|Palafin-Hero, L50, M|100/100\n|-activate|p1a: Palafin|ability: Zero to Hero\n|turn|7\n|\n|t:|1776207362\n|move|p2a: Gyarados|Protect|p2a: Gyarados\n|-singleturn|p2a: Gyarados|Protect\n|move|p1a: Palafin|Liquidation|p2b: Rotom\n|-supereffective|p2b: Rotom|1\n|-damage|p2b: Rotom|0 fnt\n|faint|p2b: Rotom\n|move|p1b: Pelipper|Hurricane|p2a: Gyarados\n|-activate|p2a: Gyarados|move: Protect\n|\n|-weather|RainDance|[upkeep]\n|upkeep\n|\n|t:|1776207367\n|switch|p2b: Tyranitar|Tyranitar-Mega, L50, M|48/100\n|-weather|Sandstorm|[from] ability: Sand Stream|[of] p2b: Tyranitar\n|turn|8\n|\n|t:|1776207386\n|move|p2b: Tyranitar|Protect|p2b: Tyranitar\n|-singleturn|p2b: Tyranitar|Protect\n|move|p1a: Palafin|Liquidation|p2b: Tyranitar\n|-activate|p2b: Tyranitar|move: Protect\n|move|p2a: Gyarados|Thunder Wave|p1a: Palafin\n|-status|p1a: Palafin|par\n|move|p1b: Pelipper|Weather Ball|p2a: Gyarados\n|-supereffective|p2a: Gyarados|1\n|-damage|p2a: Gyarados|40/100\n|\n|-weather|Sandstorm|[upkeep]\n|-damage|p1a: Palafin|95/100 par|[from] Sandstorm\n|-damage|p2a: Gyarados|34/100|[from] Sandstorm\n|-damage|p1b: Pelipper|68/100|[from] Sandstorm\n|upkeep\n|turn|9\n|\n|t:|1776207409\n|switch|p1a: Sneasler|Sneasler, L50, M|62/100\n|move|p2a: Gyarados|Waterfall|p1a: Sneasler\n|-damage|p1a: Sneasler|19/100\n|move|p2b: Tyranitar|Knock Off|p1a: Sneasler\n|-resisted|p1a: Sneasler|1\n|-damage|p1a: Sneasler|0 fnt\n|-enditem|p1a: Sneasler|Focus Sash|[from] move: Knock Off|[of] p2b: Tyranitar\n|faint|p1a: Sneasler\n|move|p1b: Pelipper|Tailwind|p1b: Pelipper\n|-sidestart|p1: statusqo|move: Tailwind\n|\n|-weather|Sandstorm|[upkeep]\n|-damage|p1b: Pelipper|62/100|[from] Sandstorm\n|-damage|p2a: Gyarados|28/100|[from] Sandstorm\n|upkeep\n|\n|t:|1776207424\n|switch|p1a: Palafin|Palafin-Hero, L50, M|95/100 par\n|turn|10\n|\n|t:|1776207432\n|move|p1a: Palafin|Liquidation|p2b: Tyranitar\n|-supereffective|p2b: Tyranitar|1\n|-damage|p2b: Tyranitar|0 fnt\n|faint|p2b: Tyranitar\n|move|p1b: Pelipper|Weather Ball|p2a: Gyarados\n|-supereffective|p2a: Gyarados|1\n|-damage|p2a: Gyarados|0 fnt\n|faint|p2a: Gyarados\n|\n|win|statusqo\n|raw|statusqo's rating: 1114 &rarr; <strong>1138</strong><br />(+24 for winning)\n|raw|PedroFAC's rating: 1106 &rarr; <strong>1082</strong><br />(-24 for losing)\n",
  "uploadtime": 1776207462,
  "views": 23,
  "formatid": "gen9championsvgc2026regma",
  "rating": 1082,
  "private": 0,
  "password": null
}