{
  "id": "gen9championsvgc2026regma-2586480401",
  "format": "[Gen 9 Champions] VGC 2026 Reg M-A",
  "players": [
    "unigrav",
    "Animalprime1"
  ],
  "log": "|j|\u2606unigrav\n|j|\u2606Animalprime1\n|t:|1776437579\n|gametype|doubles\n|player|p1|unigrav|1|1152\n|player|p2|Animalprime1|102|1083\n|gen|9\n|tier|[Gen 9 Champions] VGC 2026 Reg M-A\n|rated|\n|rule|Species Clause: Limit one of each Pok\u00e9mon\n|rule|Item Clause: Limit 1 of each item\n|clearpoke\n|poke|p1|Charizard, L50, F|\n|poke|p1|Garchomp, L50, M|\n|poke|p1|Meganium, L50, F|\n|poke|p1|Volcarona, L50, F|\n|poke|p1|Whimsicott, L50, F|\n|poke|p1|Incineroar, L50, M|\n|poke|p2|Meganium, L50, M|\n|poke|p2|Pelipper, L50, F|\n|poke|p2|Liepard, L50, F|\n|poke|p2|Ampharos, L50, M|\n|poke|p2|Kingambit, L50, F|\n|poke|p2|Farigiraf, L50, M|\n|teampreview|4\n|inactive|Battle timer is ON: inactive players will automatically lose when time's up. (requested by Animalprime1)\n|inactive|Animalprime1 has 60 seconds left.\nunigrav rejected open team sheets.\n|\n|t:|1776437620\n|teamsize|p1|4\n|teamsize|p2|4\n|start\n|switch|p1a: Charizard|Charizard, L50, F, shiny|100/100\n|switch|p1b: Whimsicott|Whimsicott, L50, F|100/100\n|switch|p2a: Liepard|Liepard, L50, F|100/100\n|switch|p2b: Farigiraf|Farigiraf, L50, M|100/100\n|turn|1\n|\n|t:|1776437639\n|detailschange|p1a: Charizard|Charizard-Mega-Y, L50, F, shiny\n|-mega|p1a: Charizard|Charizard|Charizardite Y\n|-weather|SunnyDay|[from] ability: Drought|[of] p1a: Charizard\n|move|p2a: Liepard|Fake Out|p1a: Charizard\n|-damage|p1a: Charizard|83/100\n|move|p1b: Whimsicott|Moonblast|p2a: Liepard\n|-supereffective|p2a: Liepard|1\n|-enditem|p2a: Liepard|Focus Sash\n|-damage|p2a: Liepard|1/100\n|cant|p1a: Charizard|flinch\n|move|p2b: Farigiraf|Trick Room|p2b: Farigiraf\n|-fieldstart|move: Trick Room|[of] p2b: Farigiraf\n|\n|-weather|SunnyDay|[upkeep]\n|upkeep\n|turn|2\n|\n|t:|1776437661\n|move|p2a: Liepard|Rain Dance|p2a: Liepard\n|-weather|RainDance\n|move|p2b: Farigiraf|Light Screen|p2b: Farigiraf\n|-sidestart|p2: Animalprime1|move: Light Screen\n|move|p1a: Charizard|Heat Wave|p2a: Liepard|[spread] p2a,p2b\n|-damage|p2a: Liepard|0 fnt\n|-damage|p2b: Farigiraf|89/100\n|faint|p2a: Liepard\n|move|p1b: Whimsicott|Moonblast|p2b: Farigiraf\n|-damage|p2b: Farigiraf|70/100\n|\n|-weather|RainDance|[upkeep]\n|upkeep\n|\n|t:|1776437674\n|switch|p2a: Ampharos|Ampharos, L50, M|100/100\n|turn|3\n|\n|t:|1776437688\n|switch|p2b: Meganium|Meganium, L50, M|100/100\n|switch|p1a: Garchomp|Garchomp, L50, M, shiny|100/100\n|move|p2a: Ampharos|Dragon Pulse|p1a: Garchomp\n|-supereffective|p1a: Garchomp|1\n|-damage|p1a: Garchomp|42/100\n|move|p1b: Whimsicott|Moonblast|p2a: Ampharos\n|-damage|p2a: Ampharos|77/100\n|\n|-weather|RainDance|[upkeep]\n|upkeep\n|turn|4\n|inactive|unigrav has 30 seconds left.\n|\n|t:|1776437718\n|switch|p1a: Volcarona|Volcarona, L50, F, shiny|100/100\n|detailschange|p2b: Meganium|Meganium-Mega, L50, M\n|-mega|p2b: Meganium|Meganium|Meganiumite\n|move|p2a: Ampharos|Dragon Pulse|p1a: Volcarona\n|-damage|p1a: Volcarona|76/100\n|move|p2b: Meganium|Weather Ball|p1b: Whimsicott\n|-supereffective|p1b: Whimsicott|1\n|-enditem|p1b: Whimsicott|Focus Sash\n|-damage|p1b: Whimsicott|1/100\n|move|p1b: Whimsicott|Moonblast|p2a: Ampharos\n|-damage|p2a: Ampharos|55/100\n|-unboost|p2a: Ampharos|spa|1\n|\n|-weather|RainDance|[upkeep]\n|-heal|p1a: Volcarona|82/100|[from] item: Leftovers\n|upkeep\n|turn|5\n|inactive|Animalprime1 has 30 seconds left.\n|\n|t:|1776437747\n|switch|p2a: Farigiraf|Farigiraf, L50, M|70/100\n|move|p1b: Whimsicott|Encore||[still]\n|cant|p2a: Farigiraf|ability: Armor Tail|Encore|[of] p1b: Whimsicott\n|move|p2b: Meganium|Weather Ball|p1a: Volcarona\n|-damage|p1a: Volcarona|32/100\n|move|p1a: Volcarona|Quiver Dance|p1a: Volcarona\n|-boost|p1a: Volcarona|spa|1\n|-boost|p1a: Volcarona|spd|1\n|-boost|p1a: Volcarona|spe|1\n|\n|-weather|RainDance|[upkeep]\n|-heal|p1a: Volcarona|38/100|[from] item: Leftovers\n|-fieldend|move: Trick Room\n|upkeep\n|turn|6\n|inactive|unigrav has 30 seconds left.\n|\n|t:|1776437775\n|switch|p1b: Charizard|Charizard-Mega-Y, L50, F, shiny|83/100\n|-weather|SunnyDay|[from] ability: Drought|[of] p1b: Charizard\n|move|p1a: Volcarona|Heat Wave|p2b: Meganium|[spread] p2a,p2b\n|-supereffective|p2b: Meganium|1\n|-crit|p2b: Meganium\n|-damage|p2a: Farigiraf|21/100\n|-damage|p2b: Meganium|0 fnt\n|faint|p2b: Meganium\n|move|p2a: Farigiraf|Trick Room|p2a: Farigiraf\n|-fieldstart|move: Trick Room|[of] p2a: Farigiraf\n|\n|-weather|SunnyDay|[upkeep]\n|-heal|p1a: Volcarona|44/100|[from] item: Leftovers\n|-sideend|p2: Animalprime1|move: Light Screen\n|upkeep\n|\n|t:|1776437789\n|switch|p2b: Ampharos|Ampharos, L50, M|55/100\n|turn|7\n|\n|t:|1776437801\n|switch|p1b: Whimsicott|Whimsicott, L50, F|1/100\n|move|p2b: Ampharos|Thunderbolt|p1a: Volcarona\n|-damage|p1a: Volcarona|20/100\n|move|p2a: Farigiraf|Psychic Noise|p1a: Volcarona\n|-damage|p1a: Volcarona|3/100\n|-start|p1a: Volcarona|move: Heal Block\n|move|p1a: Volcarona|Solar Beam||[still]\n|-prepare|p1a: Volcarona|Solar Beam\n|-anim|p1a: Volcarona|Solar Beam|p2a: Farigiraf\n|-damage|p2a: Farigiraf|0 fnt\n|faint|p2a: Farigiraf\n|\n|-weather|SunnyDay|[upkeep]\n|upkeep\n|turn|8\n|\n|t:|1776437820\n|move|p1a: Volcarona|Protect|p1a: Volcarona\n|-singleturn|p1a: Volcarona|Protect\n|move|p2b: Ampharos|Thunderbolt|p1a: Volcarona\n|-activate|p1a: Volcarona|move: Protect\n|move|p1b: Whimsicott|Moonblast|p2b: Ampharos\n|-damage|p2b: Ampharos|20/100\n|\n|-weather|SunnyDay|[upkeep]\n|-end|p1a: Volcarona|move: Heal Block\n|upkeep\n|turn|9\n|-message|Animalprime1 forfeited.\n|\n|win|unigrav\n|raw|unigrav's rating: 1152 &rarr; <strong>1172</strong><br />(+20 for winning)\n|raw|Animalprime1's rating: 1083 &rarr; <strong>1065</strong><br />(-18 for losing)\n|l|\u2606Animalprime1\n|player|p2|\n",
  "uploadtime": 1776437826,
  "views": 31,
  "formatid": "gen9championsvgc2026regma",
  "rating": 1065,
  "private": 0,
  "password": null
}