{
  "id": "gen9championsvgc2026regma-2588623187",
  "format": "[Gen 9 Champions] VGC 2026 Reg M-A",
  "players": [
    "astrxnot",
    "kalalu22"
  ],
  "log": "|j|\u2606astrxnot\n|j|\u2606kalalu22\n|t:|1776651118\n|gametype|doubles\n|player|p1|astrxnot|hilbert|1107\n|player|p2|kalalu22|1|1039\n|gen|9\n|tier|[Gen 9 Champions] VGC 2026 Reg M-A\n|rated|\n|rule|Species Clause: Limit one of each Pok\u00e9mon\n|rule|Item Clause: Limit 1 of each item\n|clearpoke\n|poke|p1|Floette-Eternal, L50, F, shiny|\n|poke|p1|Whimsicott, L50, F, shiny|\n|poke|p1|Pelipper, L50, M, shiny|\n|poke|p1|Basculegion, L50, M, shiny|\n|poke|p1|Incineroar, L50, M, shiny|\n|poke|p1|Garchomp, L50, M, shiny|\n|poke|p2|Incineroar, L50, M|\n|poke|p2|Aerodactyl, L50, M|\n|poke|p2|Rotom-Wash, L50|\n|poke|p2|Sneasler, L50, M|\n|poke|p2|Garchomp, L50, F|\n|poke|p2|Floette-Eternal, L50, F|\n|teampreview|4\n|inactive|Battle timer is ON: inactive players will automatically lose when time's up. (requested by kalalu22)\n|inactive|astrxnot has 60 seconds left.\n|inactive|kalalu22 has 60 seconds left.\n|\n|t:|1776651152\n|teamsize|p1|4\n|teamsize|p2|4\n|start\n|switch|p1a: Wolfeglicke|Incineroar, L50, M, shiny|100/100\n|switch|p1b: Seagull|Pelipper, L50, M, shiny|100/100\n|switch|p2a: Incineroar|Incineroar, L50, M|100/100\n|switch|p2b: Aerodactyl|Aerodactyl, L50, M|100/100\n|-weather|RainDance|[from] ability: Drizzle|[of] p1b: Seagull\n|-ability|p1a: Wolfeglicke|Intimidate|boost\n|-unboost|p2a: Incineroar|atk|1\n|-unboost|p2b: Aerodactyl|atk|1\n|-ability|p2a: Incineroar|Intimidate|boost\n|-unboost|p1a: Wolfeglicke|atk|1\n|-unboost|p1b: Seagull|atk|1\n|turn|1\n|inactive|astrxnot has 30 seconds left.\n|\n|t:|1776651184\n|move|p1a: Wolfeglicke|Fake Out|p2b: Aerodactyl\n|-resisted|p2b: Aerodactyl|1\n|-damage|p2b: Aerodactyl|93/100\n|move|p2a: Incineroar|Fake Out|p1a: Wolfeglicke\n|-crit|p1a: Wolfeglicke\n|-damage|p1a: Wolfeglicke|83/100\n|cant|p2b: Aerodactyl|flinch\n|move|p1b: Seagull|Weather Ball|p2b: Aerodactyl\n|-supereffective|p2b: Aerodactyl|1\n|-damage|p2b: Aerodactyl|0 fnt\n|faint|p2b: Aerodactyl\n|\n|-weather|RainDance|[upkeep]\n|upkeep\n|\n|t:|1776651190\n|switch|p2b: Floette|Floette-Eternal, L50, F|100/100\n|turn|2\n|\n|t:|1776651210\n|detailschange|p2b: Floette|Floette-Mega, L50, F\n|-mega|p2b: Floette|Floette|Floettite\n|-ability|p2b: Floette|Fairy Aura\n|move|p2b: Floette|Calm Mind|p2b: Floette\n|-boost|p2b: Floette|spa|1\n|-boost|p2b: Floette|spd|1\n|move|p1b: Seagull|Tailwind|p1b: Seagull\n|-sidestart|p1: astrxnot|move: Tailwind\n|move|p1a: Wolfeglicke|Parting Shot|p2b: Floette\n|-unboost|p2b: Floette|atk|1\n|-unboost|p2b: Floette|spa|1\n|\n|t:|1776651227\n|switch|p1a: Basculegion|Basculegion, L50, M, shiny|100/100|[from] Parting Shot\n|move|p2a: Incineroar|Parting Shot|p1b: Seagull\n|-unboost|p1b: Seagull|atk|1\n|-unboost|p1b: Seagull|spa|1\n|\n|t:|1776651242\n|switch|p2a: Sneasler|Sneasler, L50, M|100/100|[from] Parting Shot\n|\n|-weather|RainDance|[upkeep]\n|upkeep\n|turn|3\n|\n|t:|1776651263\n|switch|p1a: Wolfeglicke|Incineroar, L50, M, shiny|83/100\n|-ability|p1a: Wolfeglicke|Intimidate|boost\n|-unboost|p2a: Sneasler|atk|1\n|-unboost|p2b: Floette|atk|1\n|-enditem|p2a: Sneasler|White Herb\n|-clearnegativeboost|p2a: Sneasler|[silent]\n|switch|p2a: Incineroar|Incineroar, L50, M|100/100\n|-ability|p2a: Incineroar|Intimidate|boost\n|-unboost|p1a: Wolfeglicke|atk|1\n|-unboost|p1b: Seagull|atk|1\n|move|p1b: Seagull|Hurricane|p2a: Incineroar\n|-damage|p2a: Incineroar|75/100\n|-start|p2a: Incineroar|confusion\n|move|p2b: Floette|Dazzling Gleam|p1a: Wolfeglicke|[spread] p1a,p1b\n|-damage|p1a: Wolfeglicke|35/100\n|-damage|p1b: Seagull|26/100\n|\n|-weather|RainDance|[upkeep]\n|-heal|p1b: Seagull|32/100|[from] item: Leftovers\n|upkeep\n|turn|4\n|inactive|astrxnot has 30 seconds left.\n|inactive|kalalu22 has 30 seconds left.\n|inactive|astrxnot has 20 seconds left.\n|\n|t:|1776651299\n|move|p1a: Wolfeglicke|Fake Out|p2b: Floette\n|-damage|p2b: Floette|87/100\n|-activate|p2a: Incineroar|confusion\n|move|p2a: Incineroar|Fake Out|p1b: Seagull\n|-damage|p1b: Seagull|19/100\n|cant|p1b: Seagull|flinch\n|cant|p2b: Floette|flinch\n|\n|-weather|RainDance|[upkeep]\n|-heal|p1b: Seagull|24/100|[from] item: Leftovers\n|upkeep\n|turn|5\n|inactive|astrxnot has 30 seconds left.\n|\n|t:|1776651332\n|move|p2b: Floette|Protect|p2b: Floette\n|-singleturn|p2b: Floette|Protect\n|move|p1b: Seagull|Weather Ball|p2a: Incineroar\n|-supereffective|p2a: Incineroar|1\n|-damage|p2a: Incineroar|0 fnt\n|faint|p2a: Incineroar\n|move|p1a: Wolfeglicke|Flare Blitz|p2b: Floette\n|-activate|p2b: Floette|move: Protect\n|\n|-weather|none\n|-heal|p1b: Seagull|30/100|[from] item: Leftovers\n|-sideend|p1: astrxnot|move: Tailwind\n|upkeep\n|\n|t:|1776651340\n|switch|p2a: Sneasler|Sneasler, L50, M|100/100\n|turn|6\n|inactive|astrxnot has 30 seconds left.\n|inactive|astrxnot has 20 seconds left.\n|\n|t:|1776651377\n|move|p2a: Sneasler|Close Combat|p1a: Wolfeglicke\n|-supereffective|p1a: Wolfeglicke|1\n|-damage|p1a: Wolfeglicke|0 fnt\n|-unboost|p2a: Sneasler|def|1\n|-unboost|p2a: Sneasler|spd|1\n|faint|p1a: Wolfeglicke\n|move|p2b: Floette|Calm Mind|p2b: Floette\n|-boost|p2b: Floette|spa|1\n|-boost|p2b: Floette|spd|1\n|move|p1b: Seagull|Tailwind|p1b: Seagull\n|-sidestart|p1: astrxnot|move: Tailwind\n|\n|-heal|p1b: Seagull|36/100|[from] item: Leftovers\n|upkeep\n|\n|t:|1776651401\n|switch|p1a: Basculegion|Basculegion, L50, M, shiny|100/100\n|turn|7\n|inactive|astrxnot has 30 seconds left.\n|\n|t:|1776651433\n|switch|p1b: Flor|Floette-Eternal, L50, F, shiny|100/100\n|move|p1a: Basculegion|Wave Crash|p2a: Sneasler\n|-damage|p2a: Sneasler|0 fnt\n|faint|p2a: Sneasler\n|-damage|p1a: Basculegion|74/100|[from] Recoil\n|move|p2b: Floette|Dazzling Gleam|p1b: Flor|[spread] p1a,p1b\n|-crit|p1a: Basculegion\n|-damage|p1a: Basculegion|0 fnt\n|-damage|p1b: Flor|35/100\n|faint|p1a: Basculegion\n|\n|upkeep\n|\n|t:|1776651447\n|switch|p1a: Seagull|Pelipper, L50, M, shiny|36/100\n|-weather|RainDance|[from] ability: Drizzle|[of] p1a: Seagull\n|turn|8\n|\n|t:|1776651458\n|detailschange|p1b: Flor|Floette-Mega, L50, F, shiny\n|-mega|p1b: Flor|Floette|Floettite\n|-ability|p1b: Flor|Fairy Aura\n|move|p1a: Seagull|Wide Guard|p1a: Seagull\n|-singleturn|p1a: Seagull|Wide Guard\n|move|p1b: Flor|Moonblast|p2b: Floette\n|-damage|p2b: Floette|55/100\n|move|p2b: Floette|Dazzling Gleam|p1a: Seagull|[spread] \n|-activate|p1a: Seagull|move: Wide Guard\n|-activate|p1b: Flor|move: Wide Guard\n|\n|-weather|RainDance|[upkeep]\n|-heal|p1a: Seagull|42/100|[from] item: Leftovers\n|upkeep\n|turn|9\n|inactive|astrxnot has 30 seconds left.\n|\n|t:|1776651487\n|move|p2b: Floette|Protect|p2b: Floette\n|-singleturn|p2b: Floette|Protect\n|move|p1b: Flor|Moonblast|p2b: Floette\n|-activate|p2b: Floette|move: Protect\n|move|p1a: Seagull|Hurricane|p2b: Floette\n|-activate|p2b: Floette|move: Protect\n|\n|-weather|RainDance|[upkeep]\n|-heal|p1a: Seagull|48/100|[from] item: Leftovers\n|-sideend|p1: astrxnot|move: Tailwind\n|upkeep\n|turn|10\n|inactive|astrxnot has 30 seconds left.\n|inactive|astrxnot has 20 seconds left.\n|inactive|astrxnot has 15 seconds left.\n|\n|t:|1776651527\n|move|p1b: Flor|Protect|p1b: Flor\n|-singleturn|p1b: Flor|Protect\n|move|p2b: Floette|Moonblast|p1b: Flor\n|-activate|p1b: Flor|move: Protect\n|move|p1a: Seagull|Hurricane|p2b: Floette\n|-damage|p2b: Floette|37/100\n|\n|-weather|RainDance|[upkeep]\n|-heal|p1a: Seagull|53/100|[from] item: Leftovers\n|upkeep\n|turn|11\n|inactive|astrxnot has 30 seconds left.\n|inactive|astrxnot has 20 seconds left.\n|\n|t:|1776651565\n|move|p1b: Flor|Moonblast|p2b: Floette\n|-damage|p2b: Floette|4/100\n|move|p2b: Floette|Dazzling Gleam|p1a: Seagull|[spread] p1a,p1b\n|-damage|p1a: Seagull|0 fnt\n|-damage|p1b: Flor|0 fnt\n|faint|p1a: Seagull\n|faint|p1b: Flor\n|\n|win|kalalu22\n|raw|astrxnot's rating: 1107 &rarr; <strong>1077</strong><br />(-30 for losing)\n|raw|kalalu22's rating: 1039 &rarr; <strong>1080</strong><br />(+41 for winning)\n|c|\u2606kalalu22|gg\n|l|\u2606astrxnot\n|player|p1|\n|c|\u2606kalalu22|that was HARD lol\n",
  "uploadtime": 1776651577,
  "views": 2,
  "formatid": "gen9championsvgc2026regma",
  "rating": 1077,
  "private": 0,
  "password": null
}