{
  "id": "gen9championsvgc2026regma-2581002438",
  "format": "[Gen 9 Champions] VGC 2026 Reg M-A",
  "players": [
    "ssaieli",
    "xRAIOOx"
  ],
  "log": "|j|\u2606ssaieli\n|j|\u2606xRAIOOx\n|t:|1775950694\n|gametype|doubles\n|player|p1|ssaieli|265|1121\n|player|p2|xRAIOOx|hiker-gen4|1053\n|gen|9\n|tier|[Gen 9 Champions] VGC 2026 Reg M-A\n|rated|\n|rule|Species Clause: Limit one of each Pok\u00e9mon\n|rule|Item Clause: Limit 1 of each item\n|clearpoke\n|poke|p1|Dragonite, L50, F|\n|poke|p1|Basculegion, L50, M|\n|poke|p1|Politoed, L50, F|\n|poke|p1|Archaludon, L50, F|\n|poke|p1|Sneasler, L50, M|\n|poke|p1|Sinistcha, L50|\n|poke|p2|Stunfisk-Galar, L50, M|\n|poke|p2|Whimsicott, L50, F|\n|poke|p2|Meganium, L50, M|\n|poke|p2|Pelipper, L50, M|\n|poke|p2|Tinkaton, L50, F|\n|poke|p2|Basculegion, L50, M|\n|teampreview|4\n|inactive|Battle timer is ON: inactive players will automatically lose when time's up. (requested by xRAIOOx)\nxRAIOOx has agreed to open team sheets.\n|\n|t:|1775950721\n|teamsize|p1|4\n|teamsize|p2|4\n|start\n|switch|p1a: Sneasler|Sneasler, L50, M|100/100\n|switch|p1b: Dragonite|Dragonite, L50, F|100/100\n|switch|p2a: Stunfisk|Stunfisk-Galar, L50, M|100/100\n|switch|p2b: Tinkaton|Tinkaton, L50, F|100/100\n|-ability|p2b: Tinkaton|Mold Breaker\n|turn|1\n|\n|t:|1775950744\n|detailschange|p1b: Dragonite|Dragonite-Mega, L50, F\n|-mega|p1b: Dragonite|Dragonite|Dragoninite\n|move|p1a: Sneasler|Fake Out|p2b: Tinkaton\n|-resisted|p2b: Tinkaton|1\n|-damage|p2b: Tinkaton|93/100\n|cant|p2b: Tinkaton|flinch\n|move|p1b: Dragonite|Tailwind|p1b: Dragonite\n|-sidestart|p1: ssaieli|move: Tailwind\n|move|p2a: Stunfisk|Yawn|p1b: Dragonite\n|-start|p1b: Dragonite|move: Yawn|[of] p2a: Stunfisk\n|\n|upkeep\n|turn|2\n|inactive|xRAIOOx has 30 seconds left.\n|inactive|ssaieli has 30 seconds left.\n|\n|t:|1775950775\n|switch|p1b: Politoed|Politoed, L50, F|100/100\n|-weather|RainDance|[from] ability: Drizzle|[of] p1b: Politoed\n|move|p1a: Sneasler|Close Combat|p2a: Stunfisk\n|-supereffective|p2a: Stunfisk|1\n|-crit|p2a: Stunfisk\n|-damage|p2a: Stunfisk|0 fnt\n|-unboost|p1a: Sneasler|def|1\n|-unboost|p1a: Sneasler|spd|1\n|faint|p2a: Stunfisk\n|move|p2b: Tinkaton|Rock Slide|p1a: Sneasler|[spread] p1a,p1b\n|-resisted|p1a: Sneasler|1\n|-damage|p1a: Sneasler|86/100\n|-damage|p1b: Politoed|90/100\n|\n|-weather|RainDance|[upkeep]\n|-heal|p1b: Politoed|96/100|[from] item: Leftovers\n|upkeep\n|\n|t:|1775950797\n|switch|p2a: Whimsicott|Whimsicott, L50, F|100/100\n|turn|3\n|\n|t:|1775950807\n|move|p2a: Whimsicott|Encore|p1a: Sneasler\n|-start|p1a: Sneasler|Encore\n|move|p1a: Sneasler|Close Combat|p2a: Whimsicott\n|-resisted|p2a: Whimsicott|1\n|-damage|p2a: Whimsicott|73/100\n|-unboost|p1a: Sneasler|def|1\n|-unboost|p1a: Sneasler|spd|1\n|move|p1b: Politoed|Muddy Water|p2b: Tinkaton|[spread] p2a\n|-miss|p1b: Politoed|p2b: Tinkaton\n|-resisted|p2a: Whimsicott|1\n|-damage|p2a: Whimsicott|53/100\n|move|p2b: Tinkaton|Knock Off|p1b: Politoed\n|-damage|p1b: Politoed|77/100\n|-enditem|p1b: Politoed|Leftovers|[from] move: Knock Off|[of] p2b: Tinkaton\n|\n|-weather|RainDance|[upkeep]\n|upkeep\n|turn|4\n|\n|t:|1775950828\n|switch|p2b: Meganium|Meganium, L50, M|100/100\n|move|p1b: Politoed|Protect|p1b: Politoed\n|-singleturn|p1b: Politoed|Protect\n|move|p2a: Whimsicott|Grassy Terrain|p2a: Whimsicott\n|-fieldstart|move: Grassy Terrain\n|move|p1a: Sneasler|Close Combat|p2b: Meganium\n|-damage|p2b: Meganium|28/100\n|-unboost|p1a: Sneasler|def|1\n|-unboost|p1a: Sneasler|spd|1\n|\n|-weather|RainDance|[upkeep]\n|-heal|p1a: Sneasler|91/100|[from] Grassy Terrain\n|-heal|p1b: Politoed|83/100|[from] Grassy Terrain\n|-heal|p2b: Meganium|34/100|[from] Grassy Terrain\n|-heal|p2a: Whimsicott|59/100|[from] Grassy Terrain\n|-sideend|p1: ssaieli|move: Tailwind\n|upkeep\n|turn|5\n|inactive|ssaieli has 30 seconds left.\n|\n|t:|1775950854\n|detailschange|p2b: Meganium|Meganium-Mega, L50, M\n|-mega|p2b: Meganium|Meganium|Meganiumite\n|move|p2a: Whimsicott|Tailwind|p2a: Whimsicott\n|-sidestart|p2: xRAIOOx|move: Tailwind\n|move|p2b: Meganium|Dazzling Gleam|p1b: Politoed|[spread] p1a,p1b\n|-damage|p1a: Sneasler|0 fnt\n|-damage|p1b: Politoed|55/100\n|faint|p1a: Sneasler\n|move|p1b: Politoed|Muddy Water|p2a: Whimsicott|[spread] p2a,p2b\n|-resisted|p2a: Whimsicott|1\n|-resisted|p2b: Meganium|1\n|-damage|p2a: Whimsicott|38/100\n|-damage|p2b: Meganium|19/100\n|\n|-weather|RainDance|[upkeep]\n|-heal|p2b: Meganium|25/100|[from] Grassy Terrain\n|-heal|p2a: Whimsicott|44/100|[from] Grassy Terrain\n|-heal|p1b: Politoed|61/100|[from] Grassy Terrain\n|upkeep\n|\n|t:|1775950867\n|switch|p1a: Basculegion|Basculegion, L50, M|100/100\n|turn|6\n|\n|t:|1775950874\n|move|p2b: Meganium|Solar Beam||[still]\n|-prepare|p2b: Meganium|Solar Beam\n|-activate|p2b: Meganium|ability: Mega Sol\n|-anim|p2b: Meganium|Solar Beam|p1a: Basculegion\n|-supereffective|p1a: Basculegion|1\n|-damage|p1a: Basculegion|0 fnt\n|faint|p1a: Basculegion\n|move|p2a: Whimsicott|Moonblast|p1b: Politoed\n|-damage|p1b: Politoed|40/100\n|move|p1b: Politoed|Weather Ball|p2a: Whimsicott\n|-resisted|p2a: Whimsicott|1\n|-damage|p2a: Whimsicott|14/100\n|\n|-weather|none\n|-heal|p2b: Meganium|30/100|[from] Grassy Terrain\n|-heal|p2a: Whimsicott|20/100|[from] Grassy Terrain\n|-heal|p1b: Politoed|46/100|[from] Grassy Terrain\n|upkeep\n|\n|t:|1775950893\n|switch|p1a: Dragonite|Dragonite-Mega, L50, F|100/100\n|turn|7\n|\n|t:|1775950903\n|move|p2b: Meganium|Dazzling Gleam|p1a: Dragonite|[spread] p1a,p1b\n|-supereffective|p1a: Dragonite|1\n|-damage|p1a: Dragonite|68/100\n|-damage|p1b: Politoed|18/100\n|move|p2a: Whimsicott|Moonblast|p1a: Dragonite\n|-supereffective|p1a: Dragonite|1\n|-crit|p1a: Dragonite\n|-damage|p1a: Dragonite|0 fnt\n|faint|p1a: Dragonite\n|move|p1b: Politoed|Muddy Water|p2a: Whimsicott|[spread] p2a,p2b\n|-resisted|p2a: Whimsicott|1\n|-resisted|p2b: Meganium|1\n|-damage|p2a: Whimsicott|6/100\n|-damage|p2b: Meganium|20/100\n|-unboost|p2b: Meganium|accuracy|1\n|\n|-heal|p2b: Meganium|25/100|[from] Grassy Terrain\n|-heal|p2a: Whimsicott|12/100|[from] Grassy Terrain\n|-heal|p1b: Politoed|24/100|[from] Grassy Terrain\n|upkeep\n|turn|8\n|-message|ssaieli forfeited.\n|\n|win|xRAIOOx\n|raw|ssaieli's rating: 1121 &rarr; <strong>1091</strong><br />(-30 for losing)\n|raw|xRAIOOx's rating: 1053 &rarr; <strong>1091</strong><br />(+38 for winning)\n|l|\u2606ssaieli\n|player|p1|\n",
  "uploadtime": 1775950928,
  "views": 22,
  "formatid": "gen9championsvgc2026regma",
  "rating": 1091,
  "private": 0,
  "password": null
}