{
  "id": "gen9championsvgc2026regma-2582378620",
  "format": "[Gen 9 Champions] VGC 2026 Reg M-A",
  "players": [
    "NegaiFreak",
    "Dutherino"
  ],
  "log": "|j|\u2606NegaiFreak\n|j|\u2606Dutherino\n|t:|1776087676\n|gametype|doubles\n|player|p1|NegaiFreak|170|1116\n|player|p2|Dutherino|boarder|1152\n|gen|9\n|tier|[Gen 9 Champions] VGC 2026 Reg M-A\n|rated|\n|rule|Species Clause: Limit one of each Pok\u00e9mon\n|rule|Item Clause: Limit 1 of each item\n|clearpoke\n|poke|p1|Archaludon, L50, F|\n|poke|p1|Pelipper, L50, M|\n|poke|p1|Basculegion, L50, M|\n|poke|p1|Meganium, L50, F|\n|poke|p1|Maushold-Four, L50|\n|poke|p1|Farigiraf, L50, F|\n|poke|p2|Whimsicott, L50, F|\n|poke|p2|Charizard, L50, M|\n|poke|p2|Venusaur, L50, F|\n|poke|p2|Ninetales, L50, F|\n|poke|p2|Houndoom, L50, F|\n|poke|p2|Zoroark-Hisui, L50, F|\n|teampreview|4\n|inactive|Battle timer is ON: inactive players will automatically lose when time's up. (requested by NegaiFreak)\n|\n|t:|1776087702\n|teamsize|p1|4\n|teamsize|p2|4\n|start\n|switch|p1a: Basculegion|Basculegion, L50, M|100/100\n|switch|p1b: Maushold|Maushold-Four, L50|100/100\n|switch|p2a: Whimsicott|Whimsicott, L50, F, shiny|100/100\n|switch|p2b: Houndoom|Houndoom, L50, F|100/100\n|turn|1\n|\n|t:|1776087718\n|detailschange|p2b: Houndoom|Houndoom-Mega, L50, F\n|-mega|p2b: Houndoom|Houndoom|Houndoominite\n|move|p1b: Maushold|Follow Me|p1b: Maushold\n|-singleturn|p1b: Maushold|move: Follow Me\n|move|p2a: Whimsicott|Tailwind|p2a: Whimsicott\n|-sidestart|p2: Dutherino|move: Tailwind\n|move|p2b: Houndoom|Dark Pulse|p1b: Maushold\n|-damage|p1b: Maushold|39/100\n|move|p1a: Basculegion|Flip Turn|p2b: Houndoom\n|-supereffective|p2b: Houndoom|1\n|-damage|p2b: Houndoom|4/100\n|\n|t:|1776087732\n|switch|p1a: Archaludon|Archaludon, L50, F|100/100|[from] Flip Turn\n|\n|upkeep\n|turn|2\n|\n|t:|1776087748\n|move|p1b: Maushold|Follow Me|p1b: Maushold\n|-singleturn|p1b: Maushold|move: Follow Me\n|move|p2a: Whimsicott|Dazzling Gleam|p1b: Maushold|[spread] p1a,p1b\n|-damage|p1a: Archaludon|81/100\n|-damage|p1b: Maushold|17/100\n|move|p2b: Houndoom|Heat Wave|p1a: Archaludon|[spread] p1a,p1b\n|-crit|p1a: Archaludon\n|-damage|p1a: Archaludon|11/100\n|-damage|p1b: Maushold|0 fnt\n|faint|p1b: Maushold\n|move|p1a: Archaludon|Flash Cannon|p2a: Whimsicott\n|-supereffective|p2a: Whimsicott|1\n|-damage|p2a: Whimsicott|0 fnt\n|faint|p2a: Whimsicott\n|\n|upkeep\n|\n|t:|1776087763\n|switch|p2a: Ninetales|Ninetales, L50, F, shiny|100/100\n|switch|p1b: Basculegion|Basculegion, L50, M|100/100\n|-weather|SunnyDay|[from] ability: Drought|[of] p2a: Ninetales\n|turn|3\n|\n|t:|1776087772\n|switch|p1a: Pelipper|Pelipper, L50, M|100/100\n|-weather|RainDance|[from] ability: Drizzle|[of] p1a: Pelipper\n|move|p1b: Basculegion|Aqua Jet|p2b: Houndoom\n|-supereffective|p2b: Houndoom|1\n|-damage|p2b: Houndoom|0 fnt\n|faint|p2b: Houndoom\n|move|p2a: Ninetales|Heat Wave|p1b: Basculegion|[spread] p1a\n|-miss|p2a: Ninetales|p1b: Basculegion\n|-resisted|p1a: Pelipper|1\n|-crit|p1a: Pelipper\n|-damage|p1a: Pelipper|84/100\n|\n|-weather|RainDance|[upkeep]\n|upkeep\n|\n|t:|1776087784\n|switch|p2b: Venusaur|Venusaur, L50, F|100/100\n|turn|4\n|\n|t:|1776087799\n|move|p2a: Ninetales|Protect|p2a: Ninetales\n|-singleturn|p2a: Ninetales|Protect\n|move|p1b: Basculegion|Aqua Jet|p2a: Ninetales\n|-activate|p2a: Ninetales|move: Protect\n|move|p2b: Venusaur|Solar Beam||[still]\n|-prepare|p2b: Venusaur|Solar Beam\n|move|p1a: Pelipper|Weather Ball|p2a: Ninetales\n|-activate|p2a: Ninetales|move: Protect\n|\n|-weather|RainDance|[upkeep]\n|-sideend|p2: Dutherino|move: Tailwind\n|upkeep\n|turn|5\n|\n|t:|1776087819\n|move|p1b: Basculegion|Flip Turn|p2a: Ninetales\n|-supereffective|p2a: Ninetales|1\n|-damage|p2a: Ninetales|0 fnt\n|faint|p2a: Ninetales\n|\n|t:|1776087824\n|switch|p1b: Archaludon|Archaludon, L50, F|11/100|[from] Flip Turn\n|move|p1a: Pelipper|Hurricane|p2b: Venusaur\n|-supereffective|p2b: Venusaur|1\n|-damage|p2b: Venusaur|1/100\n|-start|p2b: Venusaur|confusion\n|-activate|p2b: Venusaur|confusion\n|move|p2b: Venusaur|Solar Beam|p1b: Archaludon|[from] lockedmove\n|-resisted|p1b: Archaludon|2\n|-damage|p1b: Archaludon|0 fnt\n|faint|p1b: Archaludon\n|\n|-weather|RainDance|[upkeep]\n|-heal|p2b: Venusaur|7/100|[from] item: Leftovers\n|upkeep\n|\n|t:|1776087839\n|switch|p1b: Basculegion|Basculegion, L50, M|100/100\n|turn|6\n|\n|t:|1776087845\n|move|p1b: Basculegion|Last Respects|p2b: Venusaur\n|-damage|p2b: Venusaur|0 fnt\n|faint|p2b: Venusaur\n|\n|win|NegaiFreak\n|raw|NegaiFreak's rating: 1116 &rarr; <strong>1144</strong><br />(+28 for winning)\n|raw|Dutherino's rating: 1152 &rarr; <strong>1124</strong><br />(-28 for losing)\n|l|\u2606Dutherino\n|player|p2|\n|c|\u2606NegaiFreak|GG, WP\n",
  "uploadtime": 1776087859,
  "views": 11,
  "formatid": "gen9championsvgc2026regma",
  "rating": 1124,
  "private": 0,
  "password": null
}