{
  "id": "gen9championsvgc2026regma-2587643470",
  "format": "[Gen 9 Champions] VGC 2026 Reg M-A",
  "players": [
    "Prohxy",
    "ojdokasod"
  ],
  "log": "|j|\u2606Prohxy\n|j|\u2606ojdokasod\n|t:|1776549782\n|gametype|doubles\n|player|p1|Prohxy|swimmerf|1107\n|player|p2|ojdokasod|265|1131\n|gen|9\n|tier|[Gen 9 Champions] VGC 2026 Reg M-A\n|rated|\n|rule|Species Clause: Limit one of each Pok\u00e9mon\n|rule|Item Clause: Limit 1 of each item\n|clearpoke\n|poke|p1|Sinistcha-Masterpiece, L50|\n|poke|p1|Palafin, L50, F, shiny|\n|poke|p1|Altaria, L50, F|\n|poke|p1|Talonflame, L50, M, shiny|\n|poke|p1|Tsareena, L50, F, shiny|\n|poke|p1|Ninetales-Alola, L50, M, shiny|\n|poke|p2|Victreebel, L50, F|\n|poke|p2|Incineroar, L50, F|\n|poke|p2|Kingambit, L50, M|\n|poke|p2|Farigiraf, L50, F|\n|poke|p2|Garchomp, L50, M|\n|poke|p2|Ninetales-Alola, L50, M|\n|teampreview|4\n|inactive|Battle timer is ON: inactive players will automatically lose when time's up. (requested by Prohxy)\nProhxy rejected open team sheets.\n|inactive|Prohxy has 60 seconds left.\n|\n|t:|1776549838\n|teamsize|p1|4\n|teamsize|p2|4\n|start\n|switch|p1a: Tsareena|Tsareena, L50, F, shiny|100/100\n|switch|p1b: Talonflame|Talonflame, L50, M, shiny|100/100\n|switch|p2a: Victreebel|Victreebel, L50, F|100/100\n|switch|p2b: Incineroar|Incineroar, L50, F|100/100\n|-ability|p2b: Incineroar|Intimidate|boost\n|-unboost|p1a: Tsareena|atk|1\n|-unboost|p1b: Talonflame|atk|1\n|turn|1\n|inactive|ojdokasod has 30 seconds left.\n|inactive|ojdokasod has 20 seconds left.\n|\n|t:|1776549878\n|move|p1b: Talonflame|Tailwind|p1b: Talonflame\n|-sidestart|p1: Prohxy|move: Tailwind\n|move|p1a: Tsareena|U-turn|p2a: Victreebel\n|-damage|p2a: Victreebel|76/100\n|\n|t:|1776549894\n|switch|p1a: Altaria|Altaria, L50, F|100/100|[from] U-turn\n|move|p2a: Victreebel|Strength Sap|p1b: Talonflame\n|-unboost|p1b: Talonflame|atk|1\n|-heal|p2a: Victreebel|100/100\n|move|p2b: Incineroar|Flare Blitz|p1a: Altaria\n|-resisted|p1a: Altaria|1\n|-damage|p1a: Altaria|72/100\n|-damage|p2b: Incineroar|92/100|[from] Recoil\n|\n|upkeep\n|turn|2\n|inactive|ojdokasod has 30 seconds left.\n|\n|t:|1776549924\n|detailschange|p2a: Victreebel|Victreebel-Mega, L50, F\n|-mega|p2a: Victreebel|Victreebel|Victreebelite\n|move|p1b: Talonflame|U-turn|p2a: Victreebel\n|-damage|p2a: Victreebel|91/100\n|\n|t:|1776549930\n|switch|p1b: Tsareena|Tsareena, L50, F, shiny|100/100|[from] U-turn\n|move|p1a: Altaria|Ice Beam|p2a: Victreebel\n|-supereffective|p2a: Victreebel|1\n|-damage|p2a: Victreebel|40/100\n|move|p2a: Victreebel|Sleep Powder|p1a: Altaria\n|-status|p1a: Altaria|slp|[from] move: Sleep Powder\n|move|p2b: Incineroar|Throat Chop|p1b: Tsareena\n|-damage|p1b: Tsareena|69/100\n|-start|p1b: Tsareena|Throat Chop|[silent]\n|\n|upkeep\n|turn|3\n|inactive|Prohxy has 30 seconds left.\n|inactive|ojdokasod has 30 seconds left.\n|\n|t:|1776549961\n|-curestatus|p1a: Altaria|slp|[from] ability: Natural Cure\n|switch|p1a: Palafin|Palafin, L50, F, shiny|100/100\n|move|p1b: Tsareena|Protect|p1b: Tsareena\n|-singleturn|p1b: Tsareena|Protect\n|move|p2a: Victreebel|Strength Sap|p1b: Tsareena\n|-activate|p1b: Tsareena|move: Protect\n|move|p2b: Incineroar|Flare Blitz|p1b: Tsareena\n|-activate|p1b: Tsareena|move: Protect\n|\n|-end|p1b: Tsareena|Throat Chop|[silent]\n|upkeep\n|turn|4\n|\n|t:|1776549977\n|move|p1a: Palafin|Flip Turn|p2b: Incineroar\n|-supereffective|p2b: Incineroar|1\n|-damage|p2b: Incineroar|49/100\n|-enditem|p2b: Incineroar|Sitrus Berry|[eat]\n|-heal|p2b: Incineroar|73/100|[from] item: Sitrus Berry\n|\n|t:|1776549985\n|detailschange|p1a: Palafin|Palafin-Hero, L50, F, shiny\n|switch|p1a: Altaria|Altaria, L50, F|72/100|[from] Flip Turn\n|move|p1b: Tsareena|U-turn|p2a: Victreebel\n|-damage|p2a: Victreebel|12/100\n|\n|t:|1776549992\n|switch|p1b: Talonflame|Talonflame, L50, M, shiny|100/100|[from] U-turn\n|move|p2a: Victreebel|Strength Sap|p1a: Altaria\n|-unboost|p1a: Altaria|atk|1\n|-heal|p2a: Victreebel|55/100\n|move|p2b: Incineroar|Flare Blitz|p1b: Talonflame\n|-resisted|p1b: Talonflame|1\n|-damage|p1b: Talonflame|63/100\n|-damage|p2b: Incineroar|62/100|[from] Recoil\n|\n|-sideend|p1: Prohxy|move: Tailwind\n|upkeep\n|turn|5\n|inactive|Prohxy has 30 seconds left.\n|inactive|ojdokasod has 30 seconds left.\n|\n|t:|1776550023\n|detailschange|p1a: Altaria|Altaria-Mega, L50, F\n|-mega|p1a: Altaria|Altaria|Altarianite\n|move|p1b: Talonflame|Acrobatics|p2b: Incineroar\n|-damage|p2b: Incineroar|22/100\n|move|p2a: Victreebel|Sludge Bomb|p1a: Altaria\n|-supereffective|p1a: Altaria|1\n|-damage|p1a: Altaria|0 fnt\n|faint|p1a: Altaria\n|move|p2b: Incineroar|Throat Chop|p1b: Talonflame\n|-damage|p1b: Talonflame|10/100\n|-start|p1b: Talonflame|Throat Chop|[silent]\n|\n|upkeep\n|\n|t:|1776550033\n|switch|p1a: Palafin|Palafin-Hero, L50, F, shiny|100/100\n|-activate|p1a: Palafin|ability: Zero to Hero\n|turn|6\n|\n|t:|1776550043\n|move|p1b: Talonflame|Tailwind|p1b: Talonflame\n|-sidestart|p1: Prohxy|move: Tailwind\n|move|p1a: Palafin|Drain Punch|p2b: Incineroar\n|-supereffective|p2b: Incineroar|1\n|-damage|p2b: Incineroar|0 fnt\n|faint|p2b: Incineroar\n|move|p2a: Victreebel|Sleep Powder|p1a: Palafin\n|-status|p1a: Palafin|slp|[from] move: Sleep Powder\n|\n|-end|p1b: Talonflame|Throat Chop|[silent]\n|upkeep\n|\n|t:|1776550060\n|switch|p2b: Farigiraf|Farigiraf, L50, F|100/100\n|turn|7\n|\n|t:|1776550073\n|move|p1b: Talonflame|Flare Blitz|p2a: Victreebel\n|-supereffective|p2a: Victreebel|1\n|-damage|p2a: Victreebel|0 fnt\n|-damage|p1b: Talonflame|0 fnt|[from] ability: Innards Out|[of] p2a: Victreebel\n|faint|p2a: Victreebel\n|faint|p1b: Talonflame\n|cant|p1a: Palafin|slp\n|move|p2b: Farigiraf|Psychic|p1a: Palafin\n|-damage|p1a: Palafin|49/100 slp\n|\n|upkeep\n|\n|t:|1776550082\n|switch|p1b: Tsareena|Tsareena, L50, F, shiny|69/100\n|switch|p2a: Kingambit|Kingambit, L50, M|100/100\n|turn|8\n|\n|t:|1776550099\n|move|p2a: Kingambit|Sucker Punch||[still]\n|cant|p1b: Tsareena|ability: Queenly Majesty|Sucker Punch|[of] p2a: Kingambit\n|cant|p1a: Palafin|slp\n|move|p1b: Tsareena|U-turn|p2b: Farigiraf\n|-supereffective|p2b: Farigiraf|1\n|-damage|p2b: Farigiraf|41/100\n|move|p2b: Farigiraf|Psychic|p1a: Palafin\n|-damage|p1a: Palafin|1/100 slp\n|\n|upkeep\n|turn|9\n|\n|t:|1776550111\n|-curestatus|p1a: Palafin|slp|[msg]\n|move|p1a: Palafin|Drain Punch|p2a: Kingambit\n|-supereffective|p2a: Kingambit|2\n|-enditem|p2a: Kingambit|Chople Berry|[eat]\n|-enditem|p2a: Kingambit|Chople Berry|[weaken]\n|-damage|p2a: Kingambit|48/100\n|-heal|p1a: Palafin|27/100|[from] drain|[of] p2a: Kingambit\n|move|p1b: Tsareena|U-turn|p2b: Farigiraf\n|-supereffective|p2b: Farigiraf|1\n|-damage|p2b: Farigiraf|0 fnt\n|faint|p2b: Farigiraf\n|move|p2a: Kingambit|Kowtow Cleave|p1b: Tsareena\n|-damage|p1b: Tsareena|21/100\n|\n|-sideend|p1: Prohxy|move: Tailwind\n|upkeep\n|turn|10\n|inactive|Prohxy has 30 seconds left.\n|\n|t:|1776550141\n|move|p1a: Palafin|Drain Punch|p2a: Kingambit\n|-supereffective|p2a: Kingambit|2\n|-damage|p2a: Kingambit|0 fnt\n|-heal|p1a: Palafin|51/100|[from] drain|[of] p2a: Kingambit\n|faint|p2a: Kingambit\n|\n|win|Prohxy\n|raw|Prohxy's rating: 1107 &rarr; <strong>1134</strong><br />(+27 for winning)\n|raw|ojdokasod's rating: 1131 &rarr; <strong>1104</strong><br />(-27 for losing)\n",
  "uploadtime": 1776550147,
  "views": 19,
  "formatid": "gen9championsvgc2026regma",
  "rating": 1104,
  "private": 0,
  "password": null
}