{
  "id": "gen9championsvgc2026regma-2586611081",
  "format": "[Gen 9 Champions] VGC 2026 Reg M-A",
  "players": [
    "AiOPedrito",
    "samuel demente"
  ],
  "log": "|j|\u2606AiOPedrito\n|j|\u2606samuel demente\n|t:|1776446658\n|gametype|doubles\n|player|p1|AiOPedrito|jacq|1080\n|player|p2|samuel demente|pokefan-gen4|1098\n|gen|9\n|tier|[Gen 9 Champions] VGC 2026 Reg M-A\n|rated|\n|rule|Species Clause: Limit one of each Pok\u00e9mon\n|rule|Item Clause: Limit 1 of each item\n|clearpoke\n|poke|p1|Gengar, L50, F|\n|poke|p1|Incineroar, L50, M|\n|poke|p1|Politoed, L50, F|\n|poke|p1|Ninetales-Alola, L50, M|\n|poke|p1|Palafin, L50, M|\n|poke|p1|Volcarona, L50, F|\n|poke|p2|Volcarona, L50, F|\n|poke|p2|Venusaur, L50, M|\n|poke|p2|Garchomp, L50, M|\n|poke|p2|Incineroar, L50, M|\n|poke|p2|Charizard, L50, M|\n|poke|p2|Whimsicott, L50, F|\n|teampreview|4\n|\n|t:|1776446702\n|teamsize|p1|4\n|teamsize|p2|4\n|start\n|switch|p1a: Gengar|Gengar, L50, F|100/100\n|switch|p1b: Palafin|Palafin, L50, M|100/100\n|switch|p2a: Charizard|Charizard, L50, M|100/100\n|switch|p2b: Incineroar|Incineroar, L50, M, shiny|100/100\n|-ability|p2b: Incineroar|Intimidate|boost\n|-unboost|p1a: Gengar|atk|1\n|-unboost|p1b: Palafin|atk|1\n|turn|1\n|\n|t:|1776446732\n|detailschange|p1a: Gengar|Gengar-Mega, L50, F\n|-mega|p1a: Gengar|Gengar|Gengarite\n|detailschange|p2a: Charizard|Charizard-Mega-Y, L50, M\n|-mega|p2a: Charizard|Charizard|Charizardite Y\n|-weather|SunnyDay|[from] ability: Drought|[of] p2a: Charizard\n|move|p1a: Gengar|Protect|p1a: Gengar\n|-singleturn|p1a: Gengar|Protect\n|move|p2b: Incineroar|Fake Out|p1b: Palafin\n|-damage|p1b: Palafin|88/100\n|cant|p1b: Palafin|flinch\n|move|p2a: Charizard|Solar Beam||[still]\n|-prepare|p2a: Charizard|Solar Beam\n|-anim|p2a: Charizard|Solar Beam|p1b: Palafin\n|-supereffective|p1b: Palafin|1\n|-damage|p1b: Palafin|0 fnt\n|faint|p1b: Palafin\n|\n|-weather|SunnyDay|[upkeep]\n|upkeep\n|\n|t:|1776446745\n|switch|p1b: Politoed|Politoed, L50, F|100/100\n|-weather|RainDance|[from] ability: Drizzle|[of] p1b: Politoed\n|turn|2\n|\n|t:|1776446775\n|move|p2a: Charizard|Protect|p2a: Charizard\n|-singleturn|p2a: Charizard|Protect\n|move|p1a: Gengar|Substitute|p1a: Gengar\n|-start|p1a: Gengar|Substitute\n|-damage|p1a: Gengar|76/100\n|move|p2b: Incineroar|Throat Chop|p1a: Gengar\n|-supereffective|p1a: Gengar|1\n|-end|p1a: Gengar|Substitute\n|move|p1b: Politoed|Weather Ball|p2b: Incineroar\n|-supereffective|p2b: Incineroar|1\n|-damage|p2b: Incineroar|29/100\n|\n|-weather|RainDance|[upkeep]\n|upkeep\n|turn|3\n|\n|t:|1776446815\n|switch|p1a: Incineroar|Incineroar, L50, M|100/100\n|-ability|p1a: Incineroar|Intimidate|boost\n|-unboost|p2a: Charizard|atk|1\n|-unboost|p2b: Incineroar|atk|1\n|move|p2a: Charizard|Heat Wave|p1a: Incineroar|[spread] p1a,p1b\n|-resisted|p1a: Incineroar|1\n|-resisted|p1b: Politoed|1\n|-damage|p1a: Incineroar|90/100\n|-damage|p1b: Politoed|94/100\n|move|p2b: Incineroar|Throat Chop|p1a: Incineroar\n|-resisted|p1a: Incineroar|1\n|-damage|p1a: Incineroar|81/100\n|-start|p1a: Incineroar|Throat Chop|[silent]\n|move|p1b: Politoed|Weather Ball|p2a: Charizard\n|-supereffective|p2a: Charizard|1\n|-damage|p2a: Charizard|10/100\n|\n|-weather|RainDance|[upkeep]\n|-heal|p1b: Politoed|99/100|[from] item: Leftovers\n|upkeep\n|turn|4\n|\n|t:|1776446840\n|switch|p2a: Whimsicott|Whimsicott, L50, F, shiny|100/100\n|switch|p1b: Gengar|Gengar-Mega, L50, F|76/100\n|move|p1a: Incineroar|Fake Out|p2a: Whimsicott\n|-damage|p2a: Whimsicott|84/100\n|move|p2b: Incineroar|Parting Shot|p1b: Gengar\n|-unboost|p1b: Gengar|atk|1\n|-unboost|p1b: Gengar|spa|1\n|\n|t:|1776446857\n|switch|p2b: Venusaur|Venusaur, L50, M, shiny|100/100|[from] Parting Shot\n|\n|-weather|RainDance|[upkeep]\n|-end|p1a: Incineroar|Throat Chop|[silent]\n|upkeep\n|turn|5\n|\n|t:|1776446896\n|move|p2a: Whimsicott|Tailwind|p2a: Whimsicott\n|-sidestart|p2: samuel demente|move: Tailwind\n|move|p2b: Venusaur|Sleep Powder|p1b: Gengar\n|-status|p1b: Gengar|slp|[from] move: Sleep Powder\n|cant|p1b: Gengar|slp\n|move|p1a: Incineroar|Darkest Lariat|p2b: Venusaur\n|-crit|p2b: Venusaur\n|-damage|p2b: Venusaur|42/100\n|\n|-weather|RainDance|[upkeep]\n|upkeep\n|turn|6\n|inactive|Battle timer is ON: inactive players will automatically lose when time's up. (requested by AiOPedrito)\n|\n|t:|1776446979\n|move|p2a: Whimsicott|Moonblast|p1a: Incineroar\n|-damage|p1a: Incineroar|50/100\n|-unboost|p1a: Incineroar|spa|1\n|-enditem|p1a: Incineroar|Sitrus Berry|[eat]\n|-heal|p1a: Incineroar|74/100|[from] item: Sitrus Berry\n|move|p2b: Venusaur|Sludge Bomb|p1a: Incineroar\n|-damage|p1a: Incineroar|40/100\n|-heal|p2b: Venusaur|46/100|[from] item: Shell Bell|[of] p1a: Incineroar\n|-curestatus|p1b: Gengar|slp|[msg]\n|move|p1b: Gengar|Shadow Ball|p2b: Venusaur\n|-damage|p2b: Venusaur|12/100\n|move|p1a: Incineroar|Darkest Lariat|p2b: Venusaur\n|-damage|p2b: Venusaur|0 fnt\n|faint|p2b: Venusaur\n|\n|-weather|none\n|upkeep\n|inactive|samuel demente has 30 seconds left.\n|inactive|samuel demente has 20 seconds left.\n|\n|t:|1776447020\n|switch|p2b: Incineroar|Incineroar, L50, M, shiny|29/100\n|-ability|p2b: Incineroar|Intimidate|boost\n|-unboost|p1a: Incineroar|atk|1\n|-unboost|p1b: Gengar|atk|1\n|turn|7\n|inactive|samuel demente has 30 seconds left.\n|inactive|samuel demente has 20 seconds left.\n|\n|t:|1776447059\n|switch|p1a: Politoed|Politoed, L50, F|99/100\n|-weather|RainDance|[from] ability: Drizzle|[of] p1a: Politoed\n|move|p1b: Gengar|Protect|p1b: Gengar\n|-singleturn|p1b: Gengar|Protect\n|move|p2a: Whimsicott|Taunt|p1b: Gengar\n|-activate|p1b: Gengar|move: Protect\n|move|p2b: Incineroar|Throat Chop|p1b: Gengar\n|-activate|p1b: Gengar|move: Protect\n|\n|-weather|RainDance|[upkeep]\n|-heal|p1a: Politoed|100/100|[from] item: Leftovers\n|upkeep\n|turn|8\n|inactive|AiOPedrito has 30 seconds left.\n|inactive|samuel demente has 30 seconds left.\n|inactive|samuel demente has 20 seconds left.\n|inactive|samuel demente has 15 seconds left.\n|inactive|samuel demente has 10 seconds left.\n|inactive|samuel demente has 5 seconds left.\n|\n|t:|1776447117\n|switch|p1b: Incineroar|Incineroar, L50, M|40/100\n|-ability|p1b: Incineroar|Intimidate|boost\n|-unboost|p2a: Whimsicott|atk|1\n|-unboost|p2b: Incineroar|atk|1\n|move|p2b: Incineroar|Fake Out||[still]\n|-hint|Fake Out only works on your first turn out.\n|-fail|p2b: Incineroar\n|move|p2a: Whimsicott|Tailwind||[still]\n|-fail|p2a: Whimsicott\n|move|p1a: Politoed|Weather Ball|p2b: Incineroar\n|-supereffective|p2b: Incineroar|1\n|-damage|p2b: Incineroar|0 fnt\n|faint|p2b: Incineroar\n|\n|-weather|RainDance|[upkeep]\n|-sideend|p2: samuel demente|move: Tailwind\n|upkeep\n|\n|t:|1776447133\n|switch|p2b: Charizard|Charizard-Mega-Y, L50, M|10/100\n|-weather|SunnyDay|[from] ability: Drought|[of] p2b: Charizard\n|turn|9\n|\n|t:|1776447154\n|move|p1a: Politoed|Protect|p1a: Politoed\n|-singleturn|p1a: Politoed|Protect\n|move|p2a: Whimsicott|Tailwind|p2a: Whimsicott\n|-sidestart|p2: samuel demente|move: Tailwind\n|move|p2b: Charizard|Solar Beam||[still]\n|-prepare|p2b: Charizard|Solar Beam\n|-anim|p2b: Charizard|Solar Beam|p1a: Politoed\n|-activate|p1a: Politoed|move: Protect\n|move|p1b: Incineroar|Darkest Lariat|p2b: Charizard\n|-damage|p2b: Charizard|0 fnt\n|faint|p2b: Charizard\n|\n|-weather|SunnyDay|[upkeep]\n|upkeep\n|turn|10\n|inactive|samuel demente has 30 seconds left.\n|inactive|samuel demente has 20 seconds left.\n|inactive|samuel demente has 15 seconds left.\n|inactive|samuel demente has 10 seconds left.\n|inactive|samuel demente has 5 seconds left.\n|\n|t:|1776447209\n|switch|p1b: Gengar|Gengar-Mega, L50, F|76/100\n|move|p2a: Whimsicott|Tailwind||[still]\n|-fail|p2a: Whimsicott\n|move|p1a: Politoed|Weather Ball|p2a: Whimsicott\n|-supereffective|p2a: Whimsicott|1\n|-damage|p2a: Whimsicott|0 fnt\n|faint|p2a: Whimsicott\n|\n|win|AiOPedrito\n|raw|AiOPedrito's rating: 1080 &rarr; <strong>1109</strong><br />(+29 for winning)\n|raw|samuel demente's rating: 1098 &rarr; <strong>1072</strong><br />(-26 for losing)\n",
  "uploadtime": 1776447218,
  "views": 23,
  "formatid": "gen9championsvgc2026regma",
  "rating": 1072,
  "private": 0,
  "password": null
}