{
  "id": "gen9championsvgc2026regma-2583811069",
  "format": "[Gen 9 Champions] VGC 2026 Reg M-A",
  "players": [
    "Arkedge",
    "guyq"
  ],
  "log": "|j|\u2606Arkedge\n|j|\u2606guyq\n|t:|1776199482\n|gametype|doubles\n|player|p1|Arkedge|1|1101\n|player|p2|guyq|briar|1192\n|gen|9\n|tier|[Gen 9 Champions] VGC 2026 Reg M-A\n|rated|\n|rule|Species Clause: Limit one of each Pok\u00e9mon\n|rule|Item Clause: Limit 1 of each item\n|clearpoke\n|poke|p1|Slowbro-Galar, L50, M|\n|poke|p1|Farigiraf, L50, M|\n|poke|p1|Lucario, L50, M|\n|poke|p1|Froslass, L50, F|\n|poke|p1|Aerodactyl, L50, M|\n|poke|p1|Milotic, L50, F|\n|poke|p2|Floette-Eternal, L50, F|\n|poke|p2|Maushold, L50|\n|poke|p2|Garchomp, L50, M|\n|poke|p2|Talonflame, L50, M|\n|poke|p2|Aegislash, L50, F|\n|poke|p2|Rotom-Wash, L50|\n|teampreview|4\n|inactive|Battle timer is ON: inactive players will automatically lose when time's up. (requested by Arkedge)\n|inactive|Arkedge has 60 seconds left.\n|\n|t:|1776199522\n|teamsize|p1|4\n|teamsize|p2|4\n|start\n|switch|p1a: Froslass|Froslass, L50, F, shiny|100/100\n|switch|p1b: Farigiraf|Farigiraf, L50, M, shiny|100/100\n|switch|p2a: Garchomp|Garchomp, L50, M|100/100\n|switch|p2b: Talonflame|Talonflame, L50, M|100/100\n|turn|1\n|\n|t:|1776199541\n|switch|p2a: Rotom|Rotom-Wash, L50|100/100\n|detailschange|p1a: Froslass|Froslass-Mega, L50, F, shiny\n|-mega|p1a: Froslass|Froslass|Froslassite\n|-weather|Snowscape|[from] ability: Snow Warning|[of] p1a: Froslass\n|move|p2b: Talonflame|Flare Blitz|p1a: Froslass\n|-supereffective|p1a: Froslass|1\n|-damage|p1a: Froslass|16/100\n|-damage|p2b: Talonflame|68/100|[from] Recoil\n|move|p1a: Froslass|Aurora Veil|p1a: Froslass\n|-sidestart|p1: Arkedge|move: Aurora Veil\n|move|p1b: Farigiraf|Trick Room|p1b: Farigiraf\n|-fieldstart|move: Trick Room|[of] p1b: Farigiraf\n|\n|-weather|Snowscape|[upkeep]\n|upkeep\n|turn|2\n|inactive|Arkedge has 30 seconds left.\n|inactive|Arkedge has 20 seconds left.\n|\n|t:|1776199579\n|switch|p1a: Slowbro|Slowbro-Galar, L50, M, shiny|100/100\n|move|p2b: Talonflame|Protect|p2b: Talonflame\n|-singleturn|p2b: Talonflame|Protect\n|move|p1b: Farigiraf|Gravity|p1b: Farigiraf\n|-fieldstart|move: Gravity\n|move|p2a: Rotom|Thunderbolt|p1a: Slowbro\n|-damage|p1a: Slowbro|78/100\n|\n|-weather|Snowscape|[upkeep]\n|upkeep\n|turn|3\n|\n|t:|1776199599\n|switch|p2b: Garchomp|Garchomp, L50, M|100/100\n|move|p1a: Slowbro|Earthquake|p2a: Rotom|[spread] p1b,p2a,p2b\n|-crit|p1b: Farigiraf\n|-supereffective|p2a: Rotom|1\n|-damage|p1b: Farigiraf|78/100\n|-damage|p2a: Rotom|64/100\n|-damage|p2b: Garchomp|84/100\n|-heal|p1a: Slowbro|87/100|[from] item: Shell Bell|[of] p2b: Garchomp\n|move|p1b: Farigiraf|Foul Play|p2b: Garchomp\n|-damage|p2b: Garchomp|49/100\n|-damage|p1b: Farigiraf|66/100|[from] ability: Rough Skin|[of] p2b: Garchomp\n|move|p2a: Rotom|Thunderbolt|p1a: Slowbro\n|-damage|p1a: Slowbro|66/100\n|\n|-weather|Snowscape|[upkeep]\n|upkeep\n|turn|4\n|\n|t:|1776199617\n|switch|p1b: Milotic|Milotic, L50, F, shiny|100/100\n|move|p2b: Garchomp|Protect|p2b: Garchomp\n|-singleturn|p2b: Garchomp|Protect\n|move|p1a: Slowbro|Curse|p1a: Slowbro\n|-unboost|p1a: Slowbro|spe|1\n|-boost|p1a: Slowbro|atk|1\n|-boost|p1a: Slowbro|def|1\n|move|p2a: Rotom|Hydro Pump|p1b: Milotic\n|-resisted|p1b: Milotic|1\n|-damage|p1b: Milotic|88/100\n|\n|-weather|Snowscape|[upkeep]\n|-heal|p1b: Milotic|94/100|[from] item: Leftovers\n|upkeep\n|turn|5\n|\n|t:|1776199634\n|move|p1b: Milotic|Protect|p1b: Milotic\n|-singleturn|p1b: Milotic|Protect\n|move|p1a: Slowbro|Earthquake|p2b: Garchomp|[spread] p2a,p2b\n|-activate|p1b: Milotic|move: Protect\n|-supereffective|p2a: Rotom|1\n|-damage|p2a: Rotom|2/100\n|-damage|p2b: Garchomp|23/100\n|-enditem|p2a: Rotom|Sitrus Berry|[eat]\n|-heal|p2a: Rotom|27/100|[from] item: Sitrus Berry\n|-heal|p1a: Slowbro|75/100|[from] item: Shell Bell|[of] p2b: Garchomp\n|move|p2a: Rotom|Thunderbolt|p1b: Milotic\n|-activate|p1b: Milotic|move: Protect\n|move|p2b: Garchomp|Earthquake|p1b: Milotic|[spread] p2a,p1a\n|-activate|p1b: Milotic|move: Protect\n|-supereffective|p2a: Rotom|1\n|-supereffective|p1a: Slowbro|1\n|-damage|p2a: Rotom|0 fnt\n|-damage|p1a: Slowbro|39/100\n|faint|p2a: Rotom\n|\n|-weather|none\n|-heal|p1b: Milotic|99/100|[from] item: Leftovers\n|-sideend|p1: Arkedge|move: Aurora Veil\n|-fieldend|move: Trick Room\n|upkeep\n|\n|t:|1776199654\n|switch|p2a: Floette|Floette-Eternal, L50, F|100/100\n|turn|6\n|\n|t:|1776199674\n|switch|p1a: Froslass|Froslass-Mega, L50, F, shiny|16/100\n|-weather|Snowscape|[from] ability: Snow Warning|[of] p1a: Froslass\n|detailschange|p2a: Floette|Floette-Mega, L50, F\n|-mega|p2a: Floette|Floette|Floettite\n|-ability|p2a: Floette|Fairy Aura\n|move|p2b: Garchomp|Stomping Tantrum|p1a: Froslass\n|-damage|p1a: Froslass|0 fnt\n|faint|p1a: Froslass\n|move|p2a: Floette|Calm Mind|p2a: Floette\n|-boost|p2a: Floette|spa|1\n|-boost|p2a: Floette|spd|1\n|move|p1b: Milotic|Blizzard|p2b: Garchomp|[spread] p2a,p2b\n|-supereffective|p2b: Garchomp|2\n|-damage|p2a: Floette|91/100\n|-damage|p2b: Garchomp|0 fnt\n|-status|p2a: Floette|frz\n|faint|p2b: Garchomp\n|\n|-weather|Snowscape|[upkeep]\n|-heal|p1b: Milotic|100/100|[from] item: Leftovers\n|-fieldend|move: Gravity\n|upkeep\n|inactive|Arkedge has 30 seconds left.\n|\n|t:|1776199702\n|switch|p1a: Farigiraf|Farigiraf, L50, M, shiny|66/100\n|switch|p2b: Talonflame|Talonflame, L50, M|68/100\n|turn|7\n|\n|t:|1776199708\n|move|p2b: Talonflame|Flare Blitz|p2a: Floette\n|-damage|p2a: Floette|40/100 frz\n|-curestatus|p2a: Floette|frz|[msg]\n|-damage|p2b: Talonflame|49/100|[from] Recoil\n|move|p2a: Floette|Moonblast|p1a: Farigiraf\n|-damage|p1a: Farigiraf|0 fnt\n|faint|p1a: Farigiraf\n|move|p1b: Milotic|Life Dew||[still]\n|-fail|p1b: Milotic|heal\n|\n|-weather|Snowscape|[upkeep]\n|upkeep\n|\n|t:|1776199719\n|switch|p1a: Slowbro|Slowbro-Galar, L50, M, shiny|39/100\n|turn|8\n|\n|t:|1776199728\n|move|p2b: Talonflame|Acrobatics|p1a: Slowbro\n|-damage|p1a: Slowbro|0 fnt\n|faint|p1a: Slowbro\n|move|p2a: Floette|Dazzling Gleam|p1b: Milotic\n|-damage|p1b: Milotic|31/100\n|move|p1b: Milotic|Blizzard|p2a: Floette|[spread] p2a,p2b\n|-damage|p2a: Floette|31/100\n|-damage|p2b: Talonflame|15/100\n|-status|p2a: Floette|frz\n|\n|-weather|Snowscape|[upkeep]\n|-heal|p1b: Milotic|37/100|[from] item: Leftovers\n|upkeep\n|turn|9\n|c|\u2606Arkedge|ngl i forgot you can thaw a pokemon like that\n|\n|t:|1776199752\n|move|p2b: Talonflame|Acrobatics|p1b: Milotic\n|-crit|p1b: Milotic\n|-damage|p1b: Milotic|0 fnt\n|faint|p1b: Milotic\n|\n|win|guyq\n|raw|Arkedge's rating: 1101 &rarr; <strong>1082</strong><br />(-19 for losing)\n|raw|guyq's rating: 1192 &rarr; <strong>1211</strong><br />(+19 for winning)\n",
  "uploadtime": 1776199756,
  "views": 25,
  "formatid": "gen9championsvgc2026regma",
  "rating": 1082,
  "private": 0,
  "password": null
}