{
  "id": "gen9championsvgc2026regma-2581321673",
  "format": "[Gen 9 Champions] VGC 2026 Reg M-A",
  "players": [
    "aoiharada",
    "3ncio"
  ],
  "log": "|j|\u2606aoiharada\n|j|\u26063ncio\n|t:|1775986395\n|gametype|doubles\n|player|p1|aoiharada|1|1332\n|player|p2|3ncio|1|1346\n|gen|9\n|tier|[Gen 9 Champions] VGC 2026 Reg M-A\n|rated|\n|rule|Species Clause: Limit one of each Pok\u00e9mon\n|rule|Item Clause: Limit 1 of each item\n|clearpoke\n|poke|p1|Garchomp, L50, M|\n|poke|p1|Rotom-Wash, L50|\n|poke|p1|Incineroar, L50, M|\n|poke|p1|Floette-Eternal, L50, F|\n|poke|p1|Sneasler, L50, M|\n|poke|p1|Maushold-Four, L50|\n|poke|p2|Corviknight, L50, M|\n|poke|p2|Incineroar, L50, F|\n|poke|p2|Dragapult, L50, M|\n|poke|p2|Kleavor, L50, M|\n|poke|p2|Chesnaught, L50, M|\n|poke|p2|Volcarona, L50, F|\n|teampreview|4\n|j| gE1xjZRtuhW2DdT0AK\n|inactive|Battle timer is ON: inactive players will automatically lose when time's up. (requested by aoiharada)\n|\n|t:|1775986435\n|teamsize|p1|4\n|teamsize|p2|4\n|start\n|switch|p1a: Incineroar|Incineroar, L50, M|100/100\n|switch|p1b: Floette|Floette-Eternal, L50, F|100/100\n|switch|p2a: Volcarona|Volcarona, L50, F|100/100\n|switch|p2b: Incineroar|Incineroar, L50, F|100/100\n|-ability|p1a: Incineroar|Intimidate|boost\n|-unboost|p2a: Volcarona|atk|1\n|-unboost|p2b: Incineroar|atk|1\n|-ability|p2b: Incineroar|Intimidate|boost\n|-unboost|p1a: Incineroar|atk|1\n|-unboost|p1b: Floette|atk|1\n|turn|1\n|\n|t:|1775986456\n|detailschange|p1b: Floette|Floette-Mega, L50, F\n|-mega|p1b: Floette|Floette|Floettite\n|-ability|p1b: Floette|Fairy Aura\n|move|p1a: Incineroar|Fake Out|p2b: Incineroar\n|-damage|p2b: Incineroar|95/100\n|cant|p2b: Incineroar|flinch\n|move|p2a: Volcarona|Quiver Dance|p2a: Volcarona\n|-boost|p2a: Volcarona|spa|1\n|-boost|p2a: Volcarona|spd|1\n|-boost|p2a: Volcarona|spe|1\n|move|p1b: Floette|Calm Mind|p1b: Floette\n|-boost|p1b: Floette|spa|1\n|-boost|p1b: Floette|spd|1\n|\n|upkeep\n|turn|2\n|\n|t:|1775986474\n|move|p2a: Volcarona|Quiver Dance|p2a: Volcarona\n|-boost|p2a: Volcarona|spa|1\n|-boost|p2a: Volcarona|spd|1\n|-boost|p2a: Volcarona|spe|1\n|move|p1b: Floette|Calm Mind|p1b: Floette\n|-boost|p1b: Floette|spa|1\n|-boost|p1b: Floette|spd|1\n|move|p1a: Incineroar|Throat Chop|p2b: Incineroar\n|-resisted|p2b: Incineroar|1\n|-damage|p2b: Incineroar|87/100\n|-start|p2b: Incineroar|Throat Chop|[silent]\n|cant|p2b: Incineroar|move: Throat Chop\n|\n|upkeep\n|turn|3\n|\n|t:|1775986492\n|move|p2a: Volcarona|Struggle Bug|p1b: Floette|[spread] p1a,p1b\n|-resisted|p1b: Floette|1\n|-damage|p1a: Incineroar|74/100\n|-damage|p1b: Floette|94/100\n|-unboost|p1a: Incineroar|spa|1\n|-unboost|p1b: Floette|spa|1\n|move|p1b: Floette|Draining Kiss|p2b: Incineroar\n|-damage|p2b: Incineroar|42/100\n|-heal|p1b: Floette|100/100|[from] drain|[of] p2b: Incineroar\n|move|p2b: Incineroar|Flare Blitz|p1b: Floette\n|-damage|p1b: Floette|72/100\n|-damage|p2b: Incineroar|34/100|[from] Recoil\n|move|p1a: Incineroar|Roar|p2a: Volcarona\n|drag|p2a: Corviknight|Corviknight, L50, M|100/100\n|\n|-end|p2b: Incineroar|Throat Chop|[silent]\n|upkeep\n|turn|4\n|inactive|3ncio has 30 seconds left.\n|\n|t:|1775986519\n|switch|p1a: Maushold|Maushold-Four, L50|100/100\n|move|p2b: Incineroar|Helping Hand|p2a: Corviknight\n|-singleturn|p2a: Corviknight|Helping Hand|[of] p2b: Incineroar\n|move|p1b: Floette|Protect|p1b: Floette\n|-singleturn|p1b: Floette|Protect\n|move|p2a: Corviknight|Brave Bird|p1b: Floette\n|-activate|p1b: Floette|move: Protect\n|\n|upkeep\n|turn|5\n|\n|t:|1775986533\n|move|p1a: Maushold|Follow Me|p1a: Maushold\n|-singleturn|p1a: Maushold|move: Follow Me\n|move|p1b: Floette|Dazzling Gleam|p2b: Incineroar|[spread] p2a,p2b\n|-resisted|p2a: Corviknight|1\n|-crit|p2b: Incineroar\n|-damage|p2a: Corviknight|71/100\n|-damage|p2b: Incineroar|0 fnt\n|faint|p2b: Incineroar\n|move|p2a: Corviknight|Tailwind|p2a: Corviknight\n|-sidestart|p2: 3ncio|move: Tailwind\n|\n|-heal|p2a: Corviknight|77/100|[from] item: Leftovers\n|upkeep\n|c|\u26063ncio|What i have seen\n|inactive|3ncio has 30 seconds left.\n|\n|t:|1775986566\n|switch|p2b: Volcarona|Volcarona, L50, F|100/100\n|turn|6\n|\n|t:|1775986580\n|move|p2b: Volcarona|Struggle Bug|p1a: Maushold|[spread] p1a,p1b\n|-resisted|p1b: Floette|1\n|-damage|p1a: Maushold|75/100\n|-damage|p1b: Floette|70/100\n|-unboost|p1a: Maushold|spa|1\n|-unboost|p1b: Floette|spa|1\n|move|p2a: Corviknight|Bulk Up|p2a: Corviknight\n|-boost|p2a: Corviknight|atk|1\n|-boost|p2a: Corviknight|def|1\n|move|p1a: Maushold|Super Fang|p2a: Corviknight\n|-damage|p2a: Corviknight|39/100\n|move|p1b: Floette|Dazzling Gleam|p2a: Corviknight|[spread] p2a,p2b\n|-resisted|p2a: Corviknight|1\n|-resisted|p2b: Volcarona|1\n|-crit|p2b: Volcarona\n|-damage|p2a: Corviknight|20/100\n|-damage|p2b: Volcarona|72/100\n|\n|-heal|p2a: Corviknight|26/100|[from] item: Leftovers\n|upkeep\n|turn|7\n|\n|t:|1775986600\n|move|p2b: Volcarona|Quiver Dance|p2b: Volcarona\n|-boost|p2b: Volcarona|spa|1\n|-boost|p2b: Volcarona|spd|1\n|-boost|p2b: Volcarona|spe|1\n|move|p2a: Corviknight|Roost|p2a: Corviknight\n|-heal|p2a: Corviknight|77/100\n|-singleturn|p2a: Corviknight|move: Roost\n|move|p1a: Maushold|Super Fang|p2b: Volcarona\n|-damage|p2b: Volcarona|36/100\n|move|p1b: Floette|Dazzling Gleam|p2a: Corviknight|[spread] p2a,p2b\n|-resisted|p2a: Corviknight|1\n|-resisted|p2b: Volcarona|1\n|-damage|p2a: Corviknight|57/100\n|-damage|p2b: Volcarona|24/100\n|\n|-heal|p2a: Corviknight|63/100|[from] item: Leftovers\n|upkeep\n|turn|8\n|\n|t:|1775986623\n|move|p2b: Volcarona|Quiver Dance|p2b: Volcarona\n|-boost|p2b: Volcarona|spa|1\n|-boost|p2b: Volcarona|spd|1\n|-boost|p2b: Volcarona|spe|1\n|move|p2a: Corviknight|Brave Bird|p1b: Floette\n|-damage|p1b: Floette|33/100\n|-damage|p2a: Corviknight|52/100|[from] Recoil\n|move|p1a: Maushold|Super Fang|p2a: Corviknight\n|-damage|p2a: Corviknight|26/100\n|move|p1b: Floette|Dazzling Gleam|p2a: Corviknight|[spread] p2a,p2b\n|-resisted|p2a: Corviknight|1\n|-resisted|p2b: Volcarona|1\n|-damage|p2a: Corviknight|9/100\n|-damage|p2b: Volcarona|16/100\n|\n|-heal|p2a: Corviknight|15/100|[from] item: Leftovers\n|-sideend|p2: 3ncio|move: Tailwind\n|upkeep\n|turn|9\n|inactive|3ncio has 30 seconds left.\n|\n|t:|1775986651\n|move|p2b: Volcarona|Heat Wave|p1a: Maushold|[spread] p1a\n|-miss|p2b: Volcarona|p1b: Floette\n|-damage|p1a: Maushold|0 fnt\n|faint|p1a: Maushold\n|move|p1b: Floette|Dazzling Gleam|p2a: Corviknight|[spread] p2a,p2b\n|-resisted|p2a: Corviknight|1\n|-resisted|p2b: Volcarona|1\n|-damage|p2a: Corviknight|0 fnt\n|-damage|p2b: Volcarona|7/100\n|faint|p2a: Corviknight\n|\n|upkeep\n|\n|t:|1775986661\n|switch|p1a: Incineroar|Incineroar, L50, M|74/100\n|switch|p2a: Dragapult|Dragapult, L50, M|100/100\n|-ability|p1a: Incineroar|Intimidate|boost\n|-fail|p2a: Dragapult|unboost|[from] ability: Clear Body|[of] p2a: Dragapult\n|-unboost|p2b: Volcarona|atk|1\n|turn|10\n|\n|t:|1775986673\n|move|p2b: Volcarona|Protect|p2b: Volcarona\n|-singleturn|p2b: Volcarona|Protect\n|move|p2a: Dragapult|Phantom Force||[still]\n|-prepare|p2a: Dragapult|Phantom Force\n|move|p1b: Floette|Draining Kiss|p2a: Dragapult|[miss]\n|-miss|p1b: Floette|p2a: Dragapult\n|move|p1a: Incineroar|Throat Chop|p2a: Dragapult|[miss]\n|-miss|p1a: Incineroar|p2a: Dragapult\n|\n|upkeep\n|turn|11\n|\n|t:|1775986685\n|switch|p1b: Rotom|Rotom-Wash, L50|100/100\n|move|p2b: Volcarona|Struggle Bug|p1a: Incineroar|[spread] p1a,p1b\n|-damage|p1a: Incineroar|45/100\n|-damage|p1b: Rotom|64/100\n|-unboost|p1a: Incineroar|spa|1\n|-unboost|p1b: Rotom|spa|1\n|move|p2a: Dragapult|Phantom Force|p1b: Rotom|[from] lockedmove\n|-damage|p1b: Rotom|23/100\n|-enditem|p1b: Rotom|Sitrus Berry|[eat]\n|-heal|p1b: Rotom|48/100|[from] item: Sitrus Berry\n|move|p1a: Incineroar|Throat Chop|p2b: Volcarona\n|-damage|p2b: Volcarona|0 fnt\n|faint|p2b: Volcarona\n|\n|upkeep\n|turn|12\n|\n|t:|1775986707\n|move|p2a: Dragapult|Dragon Dance|p2a: Dragapult\n|-boost|p2a: Dragapult|atk|1\n|-boost|p2a: Dragapult|spe|1\n|move|p1b: Rotom|Will-O-Wisp|p2a: Dragapult\n|-status|p2a: Dragapult|brn\n|move|p1a: Incineroar|Throat Chop|p2a: Dragapult\n|-supereffective|p2a: Dragapult|1\n|-damage|p2a: Dragapult|19/100 brn\n|-start|p2a: Dragapult|Throat Chop|[silent]\n|\n|-damage|p2a: Dragapult|13/100 brn|[from] brn\n|upkeep\n|turn|13\n|\n|t:|1775986721\n|move|p2a: Dragapult|Dragon Darts|p1b: Rotom\n|-damage|p1b: Rotom|33/100\n|-anim|p2a: Dragapult|Dragon Darts|p1a: Incineroar\n|-damage|p1a: Incineroar|24/100\n|move|p1b: Rotom|Thunderbolt|p2a: Dragapult\n|-resisted|p2a: Dragapult|1\n|-damage|p2a: Dragapult|0 fnt\n|faint|p2a: Dragapult\n|\n|win|aoiharada\n|raw|aoiharada's rating: 1332 &rarr; <strong>1353</strong><br />(+21 for winning)\n|raw|3ncio's rating: 1346 &rarr; <strong>1325</strong><br />(-21 for losing)\n|l|\u2606aoiharada\n|player|p1|\n",
  "uploadtime": 1775986728,
  "views": 40,
  "formatid": "gen9championsvgc2026regma",
  "rating": 1325,
  "private": 0,
  "password": null
}