{
  "id": "gen9championsvgc2026regma-2581835600",
  "format": "[Gen 9 Champions] VGC 2026 Reg M-A",
  "players": [
    "ThijMan",
    "Chronostorm21"
  ],
  "log": "|j|\u2606ThijMan\n|j|\u2606Chronostorm21\n|t:|1776032346\n|gametype|doubles\n|player|p1|ThijMan|266|1111\n|player|p2|Chronostorm21|169|1118\n|gen|9\n|tier|[Gen 9 Champions] VGC 2026 Reg M-A\n|rated|\n|rule|Species Clause: Limit one of each Pok\u00e9mon\n|rule|Item Clause: Limit 1 of each item\n|clearpoke\n|poke|p1|Crabominable, L50, M|\n|poke|p1|Mr. Rime, L50, M|\n|poke|p1|Abomasnow, L50, F|\n|poke|p1|Goodra-Hisui, L50, M|\n|poke|p1|Sinistcha-Masterpiece, L50|\n|poke|p1|Armarouge, L50, F|\n|poke|p2|Dragonite, L50, M|\n|poke|p2|Politoed, L50, M|\n|poke|p2|Archaludon, L50, F|\n|poke|p2|Sneasler, L50, M|\n|poke|p2|Basculegion, L50, M|\n|poke|p2|Heliolisk, L50, F|\n|teampreview|4\n|inactive|Battle timer is ON: inactive players will automatically lose when time's up. (requested by ThijMan)\n|inactive|Chronostorm21 has 60 seconds left.\n|\n|t:|1776032404\n|teamsize|p1|4\n|teamsize|p2|4\n|start\n|switch|p1a: Crabominable|Crabominable, L50, M|100/100\n|switch|p1b: Mr. Rime|Mr. Rime, L50, M|100/100\n|switch|p2a: Sneasler|Sneasler, L50, M|100/100\n|switch|p2b: Dragonite|Dragonite, L50, M, shiny|100/100\n|turn|1\n|inactive|ThijMan has 30 seconds left.\n|\n|t:|1776032430\n|detailschange|p1a: Crabominable|Crabominable-Mega, L50, M\n|-mega|p1a: Crabominable|Crabominable|Crabominite\n|move|p2b: Dragonite|Protect|p2b: Dragonite\n|-singleturn|p2b: Dragonite|Protect\n|move|p2a: Sneasler|Fake Out|p1b: Mr. Rime\n|-damage|p1b: Mr. Rime|83/100\n|move|p1a: Crabominable|Upper Hand||[still]\n|-fail|p1a: Crabominable\n|cant|p1b: Mr. Rime|flinch\n|\n|upkeep\n|turn|2\n|inactive|ThijMan has 30 seconds left.\n|\n|t:|1776032459\n|detailschange|p2b: Dragonite|Dragonite-Mega, L50, M, shiny\n|-mega|p2b: Dragonite|Dragonite|Dragoninite\n|move|p1a: Crabominable|Protect|p1a: Crabominable\n|-singleturn|p1a: Crabominable|Protect\n|move|p2a: Sneasler|U-turn|p1b: Mr. Rime\n|-supereffective|p1b: Mr. Rime|1\n|-damage|p1b: Mr. Rime|23/100\n|\n|t:|1776032466\n|switch|p2a: Politoed|Politoed, L50, M|100/100|[from] U-turn\n|-weather|RainDance|[from] ability: Drizzle|[of] p2a: Politoed\n|move|p2b: Dragonite|Hurricane|p1a: Crabominable\n|-activate|p1a: Crabominable|move: Protect\n|move|p1b: Mr. Rime|Trick Room|p1b: Mr. Rime\n|-fieldstart|move: Trick Room|[of] p1b: Mr. Rime\n|\n|-weather|RainDance|[upkeep]\n|upkeep\n|turn|3\n|inactive|ThijMan has 30 seconds left.\n|\n|t:|1776032495\n|switch|p1b: Abomasnow|Abomasnow, L50, F|100/100\n|-weather|Snowscape|[from] ability: Snow Warning|[of] p1b: Abomasnow\n|move|p2a: Politoed|Protect|p2a: Politoed\n|-singleturn|p2a: Politoed|Protect\n|move|p2b: Dragonite|Protect|p2b: Dragonite\n|-singleturn|p2b: Dragonite|Protect\n|move|p1a: Crabominable|Ice Spinner|p2b: Dragonite\n|-activate|p2b: Dragonite|move: Protect\n|\n|-weather|Snowscape|[upkeep]\n|upkeep\n|turn|4\n|\n|t:|1776032524\n|switch|p2a: Sneasler|Sneasler, L50, M|100/100\n|switch|p2b: Basculegion|Basculegion, L50, M|100/100\n|move|p1a: Crabominable|Ice Spinner|p2b: Basculegion\n|-resisted|p2b: Basculegion|1\n|-damage|p2b: Basculegion|71/100\n|move|p1b: Abomasnow|Aurora Veil|p1b: Abomasnow\n|-sidestart|p1: ThijMan|move: Aurora Veil\n|\n|-weather|Snowscape|[upkeep]\n|upkeep\n|turn|5\n|inactive|Chronostorm21 has 30 seconds left.\n|inactive|Chronostorm21 has 20 seconds left.\n|\n|t:|1776032562\n|switch|p2a: Politoed|Politoed, L50, M|100/100\n|-weather|RainDance|[from] ability: Drizzle|[of] p2a: Politoed\n|move|p1a: Crabominable|Drain Punch|p2a: Politoed\n|-damage|p2a: Politoed|35/100\n|move|p1b: Abomasnow|Giga Drain|p2b: Basculegion\n|-supereffective|p2b: Basculegion|1\n|-damage|p2b: Basculegion|2/100\n|move|p2b: Basculegion|Wave Crash|p1a: Crabominable\n|-damage|p1a: Crabominable|55/100\n|-damage|p2b: Basculegion|0 fnt|[from] Recoil\n|faint|p2b: Basculegion\n|\n|-weather|RainDance|[upkeep]\n|-heal|p2a: Politoed|41/100|[from] item: Leftovers\n|upkeep\n|\n|t:|1776032586\n|switch|p2b: Sneasler|Sneasler, L50, M|100/100\n|turn|6\n|\n|t:|1776032600\n|move|p2a: Politoed|Protect|p2a: Politoed\n|-singleturn|p2a: Politoed|Protect\n|move|p2b: Sneasler|Fake Out|p1a: Crabominable\n|-damage|p1a: Crabominable|49/100\n|-status|p1a: Crabominable|psn|[from] ability: Poison Touch|[of] p2b: Sneasler\n|cant|p1a: Crabominable|flinch\n|move|p1b: Abomasnow|Giga Drain|p2a: Politoed\n|-activate|p2a: Politoed|move: Protect\n|\n|-weather|RainDance|[upkeep]\n|-heal|p2a: Politoed|47/100|[from] item: Leftovers\n|-damage|p1a: Crabominable|36/100 psn|[from] psn\n|-fieldend|move: Trick Room\n|upkeep\n|turn|7\n|inactive|Chronostorm21 has 30 seconds left.\n|inactive|Chronostorm21 has 20 seconds left.\n|\n|t:|1776032637\n|switch|p2a: Dragonite|Dragonite-Mega, L50, M, shiny|100/100\n|switch|p1b: Sinistcha|Sinistcha-Masterpiece, L50|100/100\n|-heal|p1a: Crabominable|61/100 psn|[from] ability: Hospitality|[of] p1b: Sinistcha\n|move|p2b: Sneasler|Close Combat|p1a: Crabominable\n|-supereffective|p1a: Crabominable|1\n|-damage|p1a: Crabominable|4/100 psn\n|-unboost|p2b: Sneasler|def|1\n|-unboost|p2b: Sneasler|spd|1\n|move|p1a: Crabominable|Drain Punch|p2b: Sneasler\n|-resisted|p2b: Sneasler|1\n|-damage|p2b: Sneasler|19/100\n|-heal|p1a: Crabominable|35/100 psn|[from] drain|[of] p2b: Sneasler\n|\n|-weather|RainDance|[upkeep]\n|-damage|p1a: Crabominable|23/100 psn|[from] psn\n|upkeep\n|turn|8\n|inactive|ThijMan has 30 seconds left.\n|inactive|Chronostorm21 has 30 seconds left.\n|inactive|Chronostorm21 has 20 seconds left.\n|\n|t:|1776032673\n|switch|p1a: Abomasnow|Abomasnow, L50, F|100/100\n|-weather|Snowscape|[from] ability: Snow Warning|[of] p1a: Abomasnow\n|move|p2b: Sneasler|Dire Claw|p1b: Sinistcha\n|-damage|p1b: Sinistcha|75/100\n|move|p2a: Dragonite|Hurricane|p1a: Abomasnow\n|-supereffective|p1a: Abomasnow|1\n|-damage|p1a: Abomasnow|19/100\n|-start|p1a: Abomasnow|confusion\n|move|p1b: Sinistcha|Trick Room|p1b: Sinistcha\n|-fieldstart|move: Trick Room|[of] p1b: Sinistcha\n|\n|-weather|Snowscape|[upkeep]\n|-sideend|p1: ThijMan|move: Aurora Veil\n|upkeep\n|turn|9\n|\n|t:|1776032691\n|switch|p2b: Politoed|Politoed, L50, M|47/100\n|-weather|RainDance|[from] ability: Drizzle|[of] p2b: Politoed\n|move|p2a: Dragonite|Protect|p2a: Dragonite\n|-singleturn|p2a: Dragonite|Protect\n|-activate|p1a: Abomasnow|confusion\n|move|p1a: Abomasnow|Aurora Veil||[still]\n|-fail|p1a: Abomasnow\n|move|p1b: Sinistcha|Matcha Gotcha|p2b: Politoed|[spread] p2b\n|-activate|p2a: Dragonite|move: Protect\n|-supereffective|p2b: Politoed|1\n|-damage|p2b: Politoed|5/100\n|-heal|p1b: Sinistcha|98/100|[from] drain|[of] p2b: Politoed\n|\n|-weather|RainDance|[upkeep]\n|-heal|p2b: Politoed|11/100|[from] item: Leftovers\n|upkeep\n|turn|10\n|inactive|ThijMan has 30 seconds left.\n|inactive|Chronostorm21 has 30 seconds left.\n|inactive|ThijMan has 20 seconds left.\n|inactive|Chronostorm21 has 20 seconds left.\n|inactive|Chronostorm21 has 15 seconds left.\n|\n|t:|1776032733\n|switch|p1a: Mr. Rime|Mr. Rime, L50, M|23/100\n|move|p2b: Politoed|Helping Hand|p2a: Dragonite\n|-singleturn|p2a: Dragonite|Helping Hand|[of] p2b: Politoed\n|move|p1b: Sinistcha|Matcha Gotcha|p2b: Politoed|[spread] p2a,p2b\n|-resisted|p2a: Dragonite|2\n|-supereffective|p2b: Politoed|1\n|-damage|p2a: Dragonite|97/100\n|-heal|p1b: Sinistcha|99/100|[from] drain|[of] p2a: Dragonite\n|-damage|p2b: Politoed|0 fnt\n|-heal|p1b: Sinistcha|100/100|[from] drain|[of] p2b: Politoed\n|faint|p2b: Politoed\n|move|p2a: Dragonite|Hurricane|p1b: Sinistcha\n|-supereffective|p1b: Sinistcha|1\n|-damage|p1b: Sinistcha|0 fnt\n|faint|p1b: Sinistcha\n|\n|-weather|RainDance|[upkeep]\n|upkeep\n|\n|t:|1776032753\n|switch|p2b: Sneasler|Sneasler, L50, M|19/100\n|switch|p1b: Abomasnow|Abomasnow, L50, F|19/100\n|-weather|Snowscape|[from] ability: Snow Warning|[of] p1b: Abomasnow\n|turn|11\n|\n|t:|1776032778\n|move|p2a: Dragonite|Protect|p2a: Dragonite\n|-singleturn|p2a: Dragonite|Protect\n|move|p2b: Sneasler|Fake Out|p1b: Abomasnow\n|-damage|p1b: Abomasnow|9/100\n|-status|p1b: Abomasnow|psn|[from] ability: Poison Touch|[of] p2b: Sneasler\n|cant|p1b: Abomasnow|flinch\n|move|p1a: Mr. Rime|Frost Breath|p2a: Dragonite\n|-activate|p2a: Dragonite|move: Protect\n|\n|-weather|Snowscape|[upkeep]\n|-damage|p1b: Abomasnow|0 fnt|[from] psn\n|faint|p1b: Abomasnow\n|upkeep\n|\n|t:|1776032784\n|switch|p1b: Crabominable|Crabominable-Mega, L50, M|23/100 psn\n|turn|12\n|\n|t:|1776032800\n|move|p2a: Dragonite|Protect|p2a: Dragonite\n|-singleturn|p2a: Dragonite|Protect\n|move|p1b: Crabominable|Ice Spinner|p2a: Dragonite\n|-activate|p2a: Dragonite|move: Protect\n|move|p1a: Mr. Rime|Frost Breath|p2a: Dragonite\n|-activate|p2a: Dragonite|move: Protect\n|move|p2b: Sneasler|Close Combat|p1a: Mr. Rime\n|-damage|p1a: Mr. Rime|0 fnt\n|-unboost|p2b: Sneasler|def|1\n|-unboost|p2b: Sneasler|spd|1\n|faint|p1a: Mr. Rime\n|\n|-weather|Snowscape|[upkeep]\n|-damage|p1b: Crabominable|11/100 psn|[from] psn\n|-fieldend|move: Trick Room\n|upkeep\n|turn|13\n|c|\u2606Chronostorm21|Gg\n|\n|t:|1776032825\n|move|p1b: Crabominable|Upper Hand||[still]\n|-fail|p1b: Crabominable\n|move|p2b: Sneasler|Close Combat|p1b: Crabominable\n|-supereffective|p1b: Crabominable|1\n|-damage|p1b: Crabominable|0 fnt\n|-unboost|p2b: Sneasler|def|1\n|-unboost|p2b: Sneasler|spd|1\n|faint|p1b: Crabominable\n|\n|win|Chronostorm21\n|raw|ThijMan's rating: 1111 &rarr; <strong>1087</strong><br />(-24 for losing)\n|raw|Chronostorm21's rating: 1118 &rarr; <strong>1142</strong><br />(+24 for winning)\n|l|\u2606ThijMan\n|player|p1|\n",
  "uploadtime": 1776032907,
  "views": 14,
  "formatid": "gen9championsvgc2026regma",
  "rating": 1087,
  "private": 0,
  "password": null
}