{
  "id": "gen9championsvgc2026regma-2585754898",
  "format": "[Gen 9 Champions] VGC 2026 Reg M-A",
  "players": [
    "Eirikr03",
    "NabbitXz26"
  ],
  "log": "|j|\u2606Eirikr03\n|j|\u2606NabbitXz26\n|t:|1776368324\n|gametype|doubles\n|player|p1|Eirikr03|thorton|1320\n|player|p2|NabbitXz26|red|1300\n|gen|9\n|tier|[Gen 9 Champions] VGC 2026 Reg M-A\n|rated|\n|rule|Species Clause: Limit one of each Pok\u00e9mon\n|rule|Item Clause: Limit 1 of each item\n|clearpoke\n|poke|p1|Farigiraf, L50, F|\n|poke|p1|Conkeldurr, L50, M|\n|poke|p1|Kingambit, L50, F|\n|poke|p1|Sinistcha, L50|\n|poke|p1|Incineroar, L50, F|\n|poke|p1|Camerupt, L50, M|\n|poke|p2|Charizard, L50, F|\n|poke|p2|Venusaur, L50, M|\n|poke|p2|Garchomp, L50, F|\n|poke|p2|Sneasler, L50, M|\n|poke|p2|Kingambit, L50, F|\n|poke|p2|Farigiraf, L50, M|\n|teampreview|4\nNabbitXz26 rejected open team sheets.\n|inactive|Battle timer is ON: inactive players will automatically lose when time's up. (requested by Eirikr03)\n|\n|t:|1776368372\n|teamsize|p1|4\n|teamsize|p2|4\n|start\n|switch|p1a: Farigiraf|Farigiraf, L50, F|100/100\n|switch|p1b: Incineroar|Incineroar, L50, F|100/100\n|switch|p2a: Farigiraf|Farigiraf, L50, M|100/100\n|switch|p2b: Charizard|Charizard, L50, F|100/100\n|-ability|p1b: Incineroar|Intimidate|boost\n|-unboost|p2a: Farigiraf|atk|1\n|-unboost|p2b: Charizard|atk|1\n|turn|1\n|inactive|Eirikr03 has 30 seconds left.\n|\n|t:|1776368399\n|switch|p1a: Camerupt|Camerupt, L50, M|100/100\n|move|p2b: Charizard|Heat Wave|p1b: Incineroar|[spread] p1a,p1b\n|-resisted|p1a: Camerupt|1\n|-resisted|p1b: Incineroar|1\n|-damage|p1a: Camerupt|78/100\n|-damage|p1b: Incineroar|85/100\n|move|p2a: Farigiraf|Imprison|p2a: Farigiraf\n|-start|p2a: Farigiraf|move: Imprison\n|move|p1b: Incineroar|Parting Shot|p2b: Charizard\n|-unboost|p2b: Charizard|atk|1\n|-unboost|p2b: Charizard|spa|1\n|\n|t:|1776368412\n|switch|p1b: Farigiraf|Farigiraf, L50, F|100/100|[from] Parting Shot\n|\n|upkeep\n|turn|2\n|\n|t:|1776368432\n|detailschange|p2b: Charizard|Charizard-Mega-Y, L50, F\n|-mega|p2b: Charizard|Charizard|Charizardite Y\n|-weather|SunnyDay|[from] ability: Drought|[of] p2b: Charizard\n|detailschange|p1a: Camerupt|Camerupt-Mega, L50, M\n|-mega|p1a: Camerupt|Camerupt|Cameruptite\n|move|p1b: Farigiraf|Helping Hand|p1a: Camerupt\n|-singleturn|p1a: Camerupt|Helping Hand|[of] p1b: Farigiraf\n|move|p2b: Charizard|Heat Wave|p1a: Camerupt|[spread] p1a,p1b\n|-resisted|p1a: Camerupt|1\n|-damage|p1a: Camerupt|54/100\n|-damage|p1b: Farigiraf|54/100\n|move|p2a: Farigiraf|Psychic|p1a: Camerupt\n|-damage|p1a: Camerupt|17/100\n|move|p1a: Camerupt|Heat Wave|p2a: Farigiraf|[spread] p2a,p2b\n|-resisted|p2b: Charizard|1\n|-damage|p2a: Farigiraf|0 fnt\n|-damage|p2b: Charizard|29/100\n|faint|p2a: Farigiraf\n|\n|-weather|SunnyDay|[upkeep]\n|upkeep\n|\n|t:|1776368450\n|switch|p2a: Venusaur|Venusaur, L50, M|100/100\n|turn|3\n|inactive|Eirikr03 has 30 seconds left.\n|\n|t:|1776368477\n|switch|p1a: Incineroar|Incineroar, L50, F|85/100\n|-ability|p1a: Incineroar|Intimidate|boost\n|-unboost|p2a: Venusaur|atk|1\n|-unboost|p2b: Charizard|atk|1\n|move|p2a: Venusaur|Sleep Powder|p1b: Farigiraf\n|-status|p1b: Farigiraf|slp|[from] move: Sleep Powder\n|move|p2b: Charizard|Heat Wave|p1a: Incineroar|[spread] p1a,p1b\n|-resisted|p1a: Incineroar|1\n|-damage|p1a: Incineroar|66/100\n|-damage|p1b: Farigiraf|11/100 slp\n|cant|p1b: Farigiraf|slp\n|\n|-weather|SunnyDay|[upkeep]\n|upkeep\n|turn|4\n|inactive|Eirikr03 has 30 seconds left.\n|\n|t:|1776368503\n|switch|p2b: Garchomp|Garchomp, L50, F|100/100\n|move|p2a: Venusaur|Sleep Powder|p1a: Incineroar\n|-status|p1a: Incineroar|slp|[from] move: Sleep Powder\n|cant|p1a: Incineroar|slp\n|cant|p1b: Farigiraf|slp\n|\n|-weather|SunnyDay|[upkeep]\n|upkeep\n|turn|5\n|inactive|NabbitXz26 has 30 seconds left.\n|\n|t:|1776368534\n|switch|p1a: Conkeldurr|Conkeldurr, L50, M|100/100\n|move|p2a: Venusaur|Protect|p2a: Venusaur\n|-singleturn|p2a: Venusaur|Protect\n|move|p2b: Garchomp|Earthquake|p1a: Conkeldurr|[spread] p1a,p1b\n|-activate|p2a: Venusaur|move: Protect\n|-damage|p1a: Conkeldurr|68/100\n|-damage|p1b: Farigiraf|0 fnt\n|faint|p1b: Farigiraf\n|\n|-weather|SunnyDay|[upkeep]\n|upkeep\n|\n|t:|1776368546\n|switch|p1b: Incineroar|Incineroar, L50, F|66/100 slp\n|-ability|p1b: Incineroar|Intimidate|boost\n|-unboost|p2a: Venusaur|atk|1\n|-unboost|p2b: Garchomp|atk|1\n|turn|6\n|\n|t:|1776368565\n|cant|p1b: Incineroar|slp\n|move|p2a: Venusaur|Sleep Powder|p1a: Conkeldurr\n|-status|p1a: Conkeldurr|slp|[from] move: Sleep Powder\n|move|p2b: Garchomp|Earthquake|p1a: Conkeldurr|[spread] p2a,p1a,p1b\n|-supereffective|p1b: Incineroar|1\n|-damage|p2a: Venusaur|64/100\n|-damage|p1a: Conkeldurr|45/100 slp\n|-damage|p1b: Incineroar|21/100 slp\n|-enditem|p1b: Incineroar|Sitrus Berry|[eat]\n|-heal|p1b: Incineroar|46/100 slp|[from] item: Sitrus Berry\n|cant|p1a: Conkeldurr|slp\n|\n|-weather|none\n|upkeep\n|turn|7\n|inactive|NabbitXz26 has 30 seconds left.\n|\n|t:|1776368590\n|move|p2b: Garchomp|Earthquake|p1a: Conkeldurr|[spread] p2a,p1a,p1b\n|-crit|p1a: Conkeldurr\n|-supereffective|p1b: Incineroar|1\n|-damage|p2a: Venusaur|32/100\n|-damage|p1a: Conkeldurr|0 fnt\n|-damage|p1b: Incineroar|0 fnt\n|faint|p1a: Conkeldurr\n|faint|p1b: Incineroar\n|move|p2a: Venusaur|Giga Drain|p1: Conkeldurr|[notarget]\n|-fail|p2a: Venusaur\n|\n|upkeep\n|-message|Eirikr03 forfeited.\n|\n|win|NabbitXz26\n|raw|Eirikr03's rating: 1320 &rarr; <strong>1299</strong><br />(-21 for losing)\n|raw|NabbitXz26's rating: 1300 &rarr; <strong>1326</strong><br />(+26 for winning)\n|l|\u2606Eirikr03\n|player|p1|\n",
  "uploadtime": 1776368661,
  "views": 28,
  "formatid": "gen9championsvgc2026regma",
  "rating": 1299,
  "private": 0,
  "password": null
}