{
  "id": "gen9championsvgc2026regma-2584497998",
  "format": "[Gen 9 Champions] VGC 2026 Reg M-A",
  "players": [
    "luispr",
    "CHUDCHAMPS"
  ],
  "log": "|j|\u2606luispr\n|j|\u2606CHUDCHAMPS\n|t:|1776264808\n|gametype|doubles\n|player|p1|luispr|boarder|1186\n|player|p2|CHUDCHAMPS|skyla|1126\n|gen|9\n|tier|[Gen 9 Champions] VGC 2026 Reg M-A\n|rated|\n|rule|Species Clause: Limit one of each Pok\u00e9mon\n|rule|Item Clause: Limit 1 of each item\n|clearpoke\n|poke|p1|Floette-Eternal, L50, F|\n|poke|p1|Whimsicott, L50, F|\n|poke|p1|Incineroar, L50, M|\n|poke|p1|Excadrill, L50, M|\n|poke|p1|Farigiraf, L50, F|\n|poke|p1|Rotom-Wash, L50|\n|poke|p2|Tyranitar, L50, F|\n|poke|p2|Garchomp, L50, F|\n|poke|p2|Aerodactyl, L50, F|\n|poke|p2|Incineroar, L50, M|\n|poke|p2|Orthworm, L50, M|\n|poke|p2|Rotom-Wash, L50|\n|teampreview|4\n|\n|t:|1776264828\n|teamsize|p1|4\n|teamsize|p2|4\n|start\n|switch|p1a: Incineroar|Incineroar, L50, M|100/100\n|switch|p1b: Excadrill|Excadrill, L50, M|100/100\n|switch|p2a: Garchomp|Garchomp, L50, F|100/100\n|switch|p2b: Orthworm|Orthworm, L50, M|100/100\n|-ability|p1b: Excadrill|Mold Breaker\n|-ability|p1a: Incineroar|Intimidate|boost\n|-unboost|p2a: Garchomp|atk|1\n|-unboost|p2b: Orthworm|atk|1\n|turn|1\n|\n|t:|1776264850\n|move|p2b: Orthworm|Helping Hand|p2a: Garchomp\n|-singleturn|p2a: Garchomp|Helping Hand|[of] p2b: Orthworm\n|move|p1a: Incineroar|Fake Out|p2a: Garchomp\n|-damage|p2a: Garchomp|89/100\n|move|p1b: Excadrill|High Horsepower|p2b: Orthworm\n|-supereffective|p2b: Orthworm|1\n|-damage|p2b: Orthworm|33/100\n|cant|p2a: Garchomp|flinch\n|\n|-heal|p2b: Orthworm|39/100|[from] item: Leftovers\n|upkeep\n|turn|2\n|\n|t:|1776264865\n|switch|p1b: Rotom|Rotom-Wash, L50|100/100\n|move|p2b: Orthworm|Helping Hand|p2a: Garchomp\n|-singleturn|p2a: Garchomp|Helping Hand|[of] p2b: Orthworm\n|move|p2a: Garchomp|Earthquake|p1b: Rotom|[spread] p1a\n|-heal|p2b: Orthworm|64/100|[from] ability: Earth Eater|[of] p2a: Garchomp\n|-immune|p1b: Rotom|[from] ability: Levitate\n|-supereffective|p1a: Incineroar|1\n|-damage|p1a: Incineroar|32/100\n|-enditem|p1a: Incineroar|Sitrus Berry|[eat]\n|-heal|p1a: Incineroar|56/100|[from] item: Sitrus Berry\n|move|p1a: Incineroar|Parting Shot|p2a: Garchomp\n|-unboost|p2a: Garchomp|atk|1\n|-unboost|p2a: Garchomp|spa|1\n|\n|t:|1776264873\n|switch|p1a: Excadrill|Excadrill, L50, M|100/100|[from] Parting Shot\n|-ability|p1a: Excadrill|Mold Breaker\n|\n|-heal|p2b: Orthworm|70/100|[from] item: Leftovers\n|upkeep\n|turn|3\n|\n|t:|1776264884\n|switch|p2a: Rotom|Rotom-Wash, L50|100/100\n|move|p1a: Excadrill|High Horsepower|p2b: Orthworm\n|-supereffective|p2b: Orthworm|1\n|-damage|p2b: Orthworm|2/100\n|move|p1b: Rotom|Will-O-Wisp|p2a: Rotom\n|-status|p2a: Rotom|brn\n|move|p2b: Orthworm|Body Press|p1a: Excadrill\n|-supereffective|p1a: Excadrill|1\n|-damage|p1a: Excadrill|20/100\n|\n|-heal|p2b: Orthworm|8/100|[from] item: Leftovers\n|-damage|p2a: Rotom|95/100 brn|[from] brn\n|upkeep\n|turn|4\n|\n|t:|1776264909\n|move|p2b: Orthworm|Protect|p2b: Orthworm\n|-singleturn|p2b: Orthworm|Protect\n|move|p2a: Rotom|Hydro Pump|p1a: Excadrill\n|-supereffective|p1a: Excadrill|1\n|-damage|p1a: Excadrill|0 fnt\n|faint|p1a: Excadrill\n|move|p1b: Rotom|Thunderbolt|p2b: Orthworm\n|-activate|p2b: Orthworm|move: Protect\n|\n|-heal|p2b: Orthworm|15/100|[from] item: Leftovers\n|-damage|p2a: Rotom|89/100 brn|[from] brn\n|upkeep\n|inactive|Battle timer is ON: inactive players will automatically lose when time's up. (requested by luispr)\n|\n|t:|1776264921\n|switch|p1a: Incineroar|Incineroar, L50, M|56/100\n|-ability|p1a: Incineroar|Intimidate|boost\n|-unboost|p2a: Rotom|atk|1\n|-unboost|p2b: Orthworm|atk|1\n|turn|5\n|\n|t:|1776264939\n|move|p1a: Incineroar|Fake Out|p2a: Rotom\n|-damage|p2a: Rotom|72/100 brn\n|cant|p2a: Rotom|flinch\n|move|p1b: Rotom|Thunderbolt|p2a: Rotom\n|-damage|p2a: Rotom|18/100 brn\n|move|p2b: Orthworm|Body Press|p1b: Rotom\n|-damage|p1b: Rotom|69/100\n|\n|-heal|p1b: Rotom|75/100|[from] item: Leftovers\n|-heal|p2b: Orthworm|21/100|[from] item: Leftovers\n|-damage|p2a: Rotom|12/100 brn|[from] brn\n|upkeep\n|turn|6\n|\n|t:|1776264953\n|switch|p1a: Floette|Floette-Eternal, L50, F|100/100\n|move|p2a: Rotom|Hydro Pump|p1a: Floette\n|-damage|p1a: Floette|61/100\n|move|p1b: Rotom|Hydro Pump|p2b: Orthworm|[miss]\n|-miss|p1b: Rotom|p2b: Orthworm\n|move|p2b: Orthworm|Body Press|p1b: Rotom\n|-damage|p1b: Rotom|43/100\n|\n|-heal|p1b: Rotom|49/100|[from] item: Leftovers\n|-heal|p2b: Orthworm|27/100|[from] item: Leftovers\n|-damage|p2a: Rotom|7/100 brn|[from] brn\n|upkeep\n|turn|7\n|\n|t:|1776264963\n|detailschange|p1a: Floette|Floette-Mega, L50, F\n|-mega|p1a: Floette|Floette|Floettite\n|-ability|p1a: Floette|Fairy Aura\n|move|p1a: Floette|Protect|p1a: Floette\n|-singleturn|p1a: Floette|Protect\n|move|p2a: Rotom|Hydro Pump|p1a: Floette\n|-activate|p1a: Floette|move: Protect\n|move|p1b: Rotom|Thunderbolt|p2a: Rotom\n|-damage|p2a: Rotom|0 fnt\n|faint|p2a: Rotom\n|move|p2b: Orthworm|Heavy Slam|p1a: Floette\n|-activate|p1a: Floette|move: Protect\n|\n|-heal|p1b: Rotom|54/100|[from] item: Leftovers\n|-heal|p2b: Orthworm|33/100|[from] item: Leftovers\n|upkeep\n|\n|t:|1776264977\n|switch|p2a: Incineroar|Incineroar, L50, M|100/100\n|-ability|p2a: Incineroar|Intimidate|boost\n|-unboost|p1a: Floette|atk|1\n|-unboost|p1b: Rotom|atk|1\n|turn|8\n|\n|t:|1776264996\n|switch|p1a: Incineroar|Incineroar, L50, M|56/100\n|-ability|p1a: Incineroar|Intimidate|boost\n|-unboost|p2a: Incineroar|atk|1\n|-unboost|p2b: Orthworm|atk|1\n|switch|p2b: Garchomp|Garchomp, L50, F|89/100\n|move|p2a: Incineroar|Fake Out|p1b: Rotom\n|-damage|p1b: Rotom|45/100\n|cant|p1b: Rotom|flinch\n|\n|-heal|p1b: Rotom|50/100|[from] item: Leftovers\n|upkeep\n|turn|9\n|\n|t:|1776265014\n|switch|p2a: Orthworm|Orthworm, L50, M|33/100\n|move|p1a: Incineroar|Fake Out|p2b: Garchomp\n|-damage|p2b: Garchomp|76/100\n|cant|p2b: Garchomp|flinch\n|move|p1b: Rotom|Hydro Pump|p2a: Orthworm\n|-damage|p2a: Orthworm|0 fnt\n|faint|p2a: Orthworm\n|\n|-heal|p1b: Rotom|56/100|[from] item: Leftovers\n|upkeep\n|\n|t:|1776265019\n|switch|p2a: Incineroar|Incineroar, L50, M|100/100\n|-ability|p2a: Incineroar|Intimidate|boost\n|-unboost|p1a: Incineroar|atk|1\n|-unboost|p1b: Rotom|atk|1\n|turn|10\n|\n|t:|1776265032\n|switch|p1a: Floette|Floette-Mega, L50, F|61/100\n|-ability|p1a: Floette|Fairy Aura\n|move|p1b: Rotom|Protect|p1b: Rotom\n|-singleturn|p1b: Rotom|Protect\n|move|p2b: Garchomp|Rock Slide|p1b: Rotom|[spread] p1a\n|-activate|p1b: Rotom|move: Protect\n|-damage|p1a: Floette|38/100\n|move|p2a: Incineroar|Throat Chop|p1b: Rotom\n|-activate|p1b: Rotom|move: Protect\n|\n|-heal|p1b: Rotom|62/100|[from] item: Leftovers\n|upkeep\n|turn|11\n|\n|t:|1776265054\n|switch|p1a: Incineroar|Incineroar, L50, M|56/100\n|-ability|p1a: Incineroar|Intimidate|boost\n|-unboost|p2a: Incineroar|atk|1\n|-unboost|p2b: Garchomp|atk|1\n|move|p2b: Garchomp|Protect|p2b: Garchomp\n|-singleturn|p2b: Garchomp|Protect\n|move|p1b: Rotom|Hydro Pump|p2a: Incineroar\n|-supereffective|p2a: Incineroar|1\n|-damage|p2a: Incineroar|4/100\n|-enditem|p2a: Incineroar|Sitrus Berry|[eat]\n|-heal|p2a: Incineroar|29/100|[from] item: Sitrus Berry\n|move|p2a: Incineroar|Flare Blitz|p1a: Incineroar\n|-resisted|p1a: Incineroar|1\n|-damage|p1a: Incineroar|41/100\n|-damage|p2a: Incineroar|24/100|[from] Recoil\n|\n|-heal|p1b: Rotom|68/100|[from] item: Leftovers\n|upkeep\n|turn|12\n|\n|t:|1776265070\n|move|p1a: Incineroar|Fake Out|p2b: Garchomp\n|-damage|p2b: Garchomp|64/100\n|cant|p2b: Garchomp|flinch\n|move|p1b: Rotom|Will-O-Wisp|p2b: Garchomp|[miss]\n|-miss|p1b: Rotom|p2b: Garchomp\n|move|p2a: Incineroar|Throat Chop|p1b: Rotom\n|-damage|p1b: Rotom|40/100\n|-start|p1b: Rotom|Throat Chop|[silent]\n|\n|-heal|p1b: Rotom|46/100|[from] item: Leftovers\n|upkeep\n|turn|13\n|\n|t:|1776265085\n|switch|p1a: Floette|Floette-Mega, L50, F|38/100\n|-ability|p1a: Floette|Fairy Aura\n|move|p1b: Rotom|Protect|p1b: Rotom\n|-singleturn|p1b: Rotom|Protect\n|move|p2b: Garchomp|Rock Slide|p1b: Rotom|[spread] p1a\n|-activate|p1b: Rotom|move: Protect\n|-damage|p1a: Floette|24/100\n|move|p2a: Incineroar|Throat Chop|p1b: Rotom\n|-activate|p1b: Rotom|move: Protect\n|\n|-heal|p1b: Rotom|52/100|[from] item: Leftovers\n|-end|p1b: Rotom|Throat Chop|[silent]\n|upkeep\n|turn|14\n|\n|t:|1776265103\n|switch|p1a: Incineroar|Incineroar, L50, M|41/100\n|-ability|p1a: Incineroar|Intimidate|boost\n|-unboost|p2a: Incineroar|atk|1\n|-unboost|p2b: Garchomp|atk|1\n|move|p2b: Garchomp|Dragon Claw|p1b: Rotom\n|-damage|p1b: Rotom|30/100\n|move|p1b: Rotom|Hydro Pump|p2a: Incineroar|[miss]\n|-miss|p1b: Rotom|p2a: Incineroar\n|move|p2a: Incineroar|Throat Chop|p1b: Rotom\n|-damage|p1b: Rotom|11/100\n|-start|p1b: Rotom|Throat Chop|[silent]\n|\n|-heal|p1b: Rotom|17/100|[from] item: Leftovers\n|upkeep\n|turn|15\n|\n|t:|1776265119\n|move|p1a: Incineroar|Fake Out|p2b: Garchomp|[miss]\n|-miss|p1a: Incineroar|p2b: Garchomp\n|move|p2b: Garchomp|Rock Slide|p1b: Rotom|[spread] p1a,p1b\n|-supereffective|p1a: Incineroar|1\n|-damage|p1a: Incineroar|23/100\n|-damage|p1b: Rotom|6/100\n|cant|p1b: Rotom|flinch\n|move|p2a: Incineroar|Flare Blitz|p1a: Incineroar\n|-resisted|p1a: Incineroar|1\n|-damage|p1a: Incineroar|10/100\n|-damage|p2a: Incineroar|20/100|[from] Recoil\n|\n|-heal|p1b: Rotom|11/100|[from] item: Leftovers\n|-end|p1b: Rotom|Throat Chop|[silent]\n|upkeep\n|turn|16\n|c|\u2606luispr|there is no shot\n|inactive|luispr has 30 seconds left.\n|-message|luispr forfeited.\n|\n|win|CHUDCHAMPS\n|raw|luispr's rating: 1186 &rarr; <strong>1157</strong><br />(-29 for losing)\n|raw|CHUDCHAMPS's rating: 1126 &rarr; <strong>1155</strong><br />(+29 for winning)\n|l|\u2606luispr\n|player|p1|\n|c|\u2606CHUDCHAMPS|dawawg u won that shit lmao\n",
  "uploadtime": 1776265193,
  "views": 27,
  "formatid": "gen9championsvgc2026regma",
  "rating": 1155,
  "private": 0,
  "password": null
}