{
  "id": "gen9championsvgc2026regma-2582007637",
  "format": "[Gen 9 Champions] VGC 2026 Reg M-A",
  "players": [
    "overtrow",
    "Shir0_069"
  ],
  "log": "|j|\u2606overtrow\n|j|\u2606Shir0_069\n|t:|1776047808\n|gametype|doubles\n|player|p1|overtrow|265|1020\n|player|p2|Shir0_069|102|1050\n|gen|9\n|tier|[Gen 9 Champions] VGC 2026 Reg M-A\n|rated|\n|rule|Species Clause: Limit one of each Pok\u00e9mon\n|rule|Item Clause: Limit 1 of each item\n|clearpoke\n|poke|p1|Politoed, L50, F|\n|poke|p1|Meganium, L50, M|\n|poke|p1|Rotom-Frost, L50|\n|poke|p1|Talonflame, L50, F|\n|poke|p1|Garchomp, L50, M|\n|poke|p1|Scizor, L50, M|\n|poke|p2|Ninetales-Alola, L50, F|\n|poke|p2|Froslass, L50, F|\n|poke|p2|Incineroar, L50, F|\n|poke|p2|Garchomp, L50, M|\n|poke|p2|Rotom-Wash, L50|\n|teampreview|4\n|\n|t:|1776047848\n|teamsize|p1|4\n|teamsize|p2|4\n|start\n|switch|p1a: Icebox|Rotom-Frost, L50|100/100\n|switch|p1b: Torpedo|Talonflame, L50, F|100/100\n|switch|p2a: Ninetales|Ninetales-Alola, L50, F, shiny|100/100\n|switch|p2b: Incineroar|Incineroar, L50, F|100/100\n|-weather|Snowscape|[from] ability: Snow Warning|[of] p2a: Ninetales\n|-ability|p2b: Incineroar|Intimidate|boost\n|-unboost|p1a: Icebox|atk|1\n|-unboost|p1b: Torpedo|atk|1\n|turn|1\n|\n|t:|1776047863\n|move|p1b: Torpedo|Protect|p1b: Torpedo\n|-singleturn|p1b: Torpedo|Protect\n|move|p2b: Incineroar|Fake Out|p1b: Torpedo\n|-activate|p1b: Torpedo|move: Protect\n|move|p1a: Icebox|Volt Switch|p2a: Ninetales\n|-damage|p2a: Ninetales|61/100\n|\n|t:|1776047875\n|switch|p1a: Jetski|Garchomp, L50, M|100/100|[from] Volt Switch\n|move|p2a: Ninetales|Icy Wind|p1a: Jetski|[spread] p1a\n|-activate|p1b: Torpedo|move: Protect\n|-supereffective|p1a: Jetski|2\n|-damage|p1a: Jetski|48/100\n|-unboost|p1a: Jetski|spe|1\n|\n|-weather|Snowscape|[upkeep]\n|-heal|p1a: Jetski|54/100|[from] item: Leftovers\n|upkeep\n|turn|2\n|\n|t:|1776047893\n|move|p1b: Torpedo|Hurricane|p2b: Incineroar\n|-damage|p2b: Incineroar|43/100\n|move|p2a: Ninetales|Aurora Veil|p2a: Ninetales\n|-sidestart|p2: Shir0_069|move: Aurora Veil\n|move|p1a: Jetski|Iron Head|p2a: Ninetales\n|-supereffective|p2a: Ninetales|2\n|-damage|p2a: Ninetales|0 fnt\n|faint|p2a: Ninetales\n|move|p2b: Incineroar|Parting Shot|p1b: Torpedo\n|-unboost|p1b: Torpedo|atk|1\n|-unboost|p1b: Torpedo|spa|1\n|\n|t:|1776047903\n|switch|p2b: Froslass|Froslass, L50, F|100/100|[from] Parting Shot\n|\n|-weather|Snowscape|[upkeep]\n|-heal|p1a: Jetski|60/100|[from] item: Leftovers\n|upkeep\n|\n|t:|1776047912\n|switch|p2a: Incineroar|Incineroar, L50, F|43/100\n|-ability|p2a: Incineroar|Intimidate|boost\n|-unboost|p1a: Jetski|atk|1\n|-unboost|p1b: Torpedo|atk|1\n|turn|3\n|\n|t:|1776047934\n|switch|p1b: Icebox|Rotom-Frost, L50|100/100\n|move|p2a: Incineroar|Fake Out|p1b: Icebox\n|-damage|p1b: Icebox|87/100\n|move|p2b: Froslass|Blizzard|p1a: Jetski|[spread] p1a,p1b\n|-supereffective|p1a: Jetski|2\n|-resisted|p1b: Icebox|1\n|-damage|p1a: Jetski|0 fnt\n|-damage|p1b: Icebox|64/100\n|faint|p1a: Jetski\n|\n|-weather|Snowscape|[upkeep]\n|upkeep\n|\n|t:|1776047948\n|switch|p1a: Torpedo|Talonflame, L50, F|100/100\n|turn|4\n|\n|t:|1776047972\n|detailschange|p2b: Froslass|Froslass-Mega, L50, F\n|-mega|p2b: Froslass|Froslass|Froslassite\n|move|p1b: Icebox|Blizzard|p2b: Froslass|[spread] p2a,p2b\n|-resisted|p2a: Incineroar|1\n|-resisted|p2b: Froslass|1\n|-damage|p2a: Incineroar|30/100\n|-damage|p2b: Froslass|85/100\n|move|p1a: Torpedo|Overheat|p2b: Froslass\n|-supereffective|p2b: Froslass|1\n|-damage|p2b: Froslass|0 fnt\n|-unboost|p1a: Torpedo|spa|2\n|faint|p2b: Froslass\n|move|p2a: Incineroar|Flare Blitz|p1b: Icebox\n|-supereffective|p1b: Icebox|1\n|-damage|p1b: Icebox|0 fnt\n|faint|p1b: Icebox\n|-damage|p2a: Incineroar|14/100|[from] Recoil\n|\n|-weather|Snowscape|[upkeep]\n|upkeep\n|\n|t:|1776047986\n|switch|p1b: Brella|Meganium, L50, M|100/100\n|switch|p2b: Garchomp|Garchomp, L50, M, shiny|100/100\n|turn|5\n|\n|t:|1776047998\n|detailschange|p1b: Brella|Meganium-Mega, L50, M\n|-mega|p1b: Brella|Meganium|Meganiumite\n|move|p1a: Torpedo|Air Cutter|p2a: Incineroar|[spread] p2b\n|-miss|p1a: Torpedo|p2a: Incineroar\n|-damage|p2b: Garchomp|93/100\n|move|p2b: Garchomp|Rock Slide|p1b: Brella|[spread] p1b\n|-miss|p2b: Garchomp|p1a: Torpedo\n|-damage|p1b: Brella|83/100\n|cant|p1b: Brella|flinch\n|move|p2a: Incineroar|Flare Blitz|p1b: Brella\n|-supereffective|p1b: Brella|1\n|-damage|p1b: Brella|0 fnt\n|faint|p1b: Brella\n|-damage|p2a: Incineroar|0 fnt|[from] Recoil\n|faint|p2a: Incineroar\n|\n|-weather|none\n|upkeep\n|turn|6\n|\n|t:|1776048019\n|move|p1a: Torpedo|Protect|p1a: Torpedo\n|-singleturn|p1a: Torpedo|Protect\n|move|p2b: Garchomp|Rock Slide|p1a: Torpedo\n|-activate|p1a: Torpedo|move: Protect\n|\n|-sideend|p2: Shir0_069|move: Aurora Veil\n|upkeep\n|turn|7\n|\n|t:|1776048026\n|move|p1a: Torpedo|Hurricane|p2b: Garchomp\n|-damage|p2b: Garchomp|61/100\n|-start|p2b: Garchomp|confusion\n|-activate|p2b: Garchomp|confusion\n|-damage|p2b: Garchomp|46/100|[from] confusion\n|\n|upkeep\n|turn|8\n|\n|t:|1776048033\n|move|p1a: Torpedo|Hurricane|p2b: Garchomp\n|-damage|p2b: Garchomp|14/100\n|-activate|p2b: Garchomp|confusion\n|-damage|p2b: Garchomp|0 fnt|[from] confusion\n|faint|p2b: Garchomp\n|\n|win|overtrow\n|raw|overtrow's rating: 1020 &rarr; <strong>1060</strong><br />(+40 for winning)\n|raw|Shir0_069's rating: 1050 &rarr; <strong>1031</strong><br />(-19 for losing)\n|c|\u2606overtrow|gg\n",
  "uploadtime": 1776048044,
  "views": 20,
  "formatid": "gen9championsvgc2026regma",
  "rating": 1031,
  "private": 0,
  "password": null
}