{
  "id": "gen9championsvgc2026regma-2581137053",
  "format": "[Gen 9 Champions] VGC 2026 Reg M-A",
  "players": [
    "TerraFunny",
    "SpiderKash"
  ],
  "log": "|j|\u2606TerraFunny\n|j|\u2606SpiderKash\n|t:|1775963441\n|gametype|doubles\n|player|p1|TerraFunny|265|1290\n|player|p2|SpiderKash|2|1370\n|gen|9\n|tier|[Gen 9 Champions] VGC 2026 Reg M-A\n|rated|\n|rule|Species Clause: Limit one of each Pok\u00e9mon\n|rule|Item Clause: Limit 1 of each item\n|clearpoke\n|poke|p1|Glimmora, L50, F|\n|poke|p1|Froslass, L50, F|\n|poke|p1|Garchomp, L50, M|\n|poke|p1|Talonflame, L50, M|\n|poke|p1|Sneasler, L50, F|\n|poke|p1|Kingambit, L50, M|\n|poke|p2|Charizard, L50, M|\n|poke|p2|Incineroar, L50, M|\n|poke|p2|Dragapult, L50, F|\n|poke|p2|Sneasler, L50, M|\n|poke|p2|Whimsicott, L50, F|\n|poke|p2|Floette-Eternal, L50, F|\n|teampreview|4\n|inactive|Battle timer is ON: inactive players will automatically lose when time's up. (requested by TerraFunny)\n|inactive|TerraFunny has 60 seconds left.\n|\n|t:|1775963499\n|teamsize|p1|4\n|teamsize|p2|4\n|start\n|switch|p1a: Glimmora|Glimmora, L50, F|100/100\n|switch|p1b: Talonflame|Talonflame, L50, M|100/100\n|switch|p2a: Dragapult|Dragapult, L50, F|100/100\n|switch|p2b: Sneasler|Sneasler, L50, M|100/100\n|turn|1\n|inactive|TerraFunny has 30 seconds left.\n|inactive|SpiderKash has 30 seconds left.\n|\n|t:|1775963530\n|detailschange|p1a: Glimmora|Glimmora-Mega, L50, F\n|-mega|p1a: Glimmora|Glimmora|Glimmoranite\n|move|p1b: Talonflame|Protect|p1b: Talonflame\n|-singleturn|p1b: Talonflame|Protect\n|move|p2b: Sneasler|Fake Out|p1b: Talonflame\n|-activate|p1b: Talonflame|move: Protect\n|move|p2a: Dragapult|Dragon Dance|p2a: Dragapult\n|-boost|p2a: Dragapult|atk|1\n|-boost|p2a: Dragapult|spe|1\n|move|p1a: Glimmora|Sludge Wave|p2b: Sneasler|[spread] p2a,p2b\n|-activate|p1b: Talonflame|move: Protect\n|-resisted|p2a: Dragapult|1\n|-resisted|p2b: Sneasler|1\n|-crit|p2b: Sneasler\n|-damage|p2a: Dragapult|63/100\n|-damage|p2b: Sneasler|42/100\n|\n|upkeep\n|turn|2\n|inactive|TerraFunny has 30 seconds left.\n|\n|t:|1775963563\n|move|p1b: Talonflame|Brave Bird|p2a: Dragapult\n|-damage|p2a: Dragapult|0 fnt\n|faint|p2a: Dragapult\n|-damage|p1b: Talonflame|77/100|[from] Recoil\n|move|p2b: Sneasler|Close Combat|p1a: Glimmora\n|-damage|p1a: Glimmora|31/100\n|-unboost|p2b: Sneasler|def|1\n|-unboost|p2b: Sneasler|spd|1\n|-enditem|p2b: Sneasler|White Herb\n|-clearnegativeboost|p2b: Sneasler|[silent]\n|move|p1a: Glimmora|Sludge Bomb|p2b: Sneasler\n|-resisted|p2b: Sneasler|1\n|-damage|p2b: Sneasler|0 fnt\n|faint|p2b: Sneasler\n|\n|upkeep\n|\n|t:|1775963571\n|switch|p2a: Floette|Floette-Eternal, L50, F|100/100\n|switch|p2b: Whimsicott|Whimsicott, L50, F|100/100\n|turn|3\n|inactive|TerraFunny has 30 seconds left.\n|\n|t:|1775963599\n|switch|p1a: Sneasler|Sneasler, L50, F|100/100\n|detailschange|p2a: Floette|Floette-Mega, L50, F\n|-mega|p2a: Floette|Floette|Floettite\n|-ability|p2a: Floette|Fairy Aura\n|move|p1b: Talonflame|Protect|p1b: Talonflame\n|-singleturn|p1b: Talonflame|Protect\n|move|p2b: Whimsicott|Tailwind|p2b: Whimsicott\n|-sidestart|p2: SpiderKash|move: Tailwind\n|move|p2a: Floette|Moonblast|p1a: Sneasler\n|-enditem|p1a: Sneasler|Focus Sash\n|-damage|p1a: Sneasler|1/100\n|\n|upkeep\n|turn|4\n|\n|t:|1775963614\n|move|p1a: Sneasler|Fake Out|p2b: Whimsicott\n|-damage|p2b: Whimsicott|79/100\n|cant|p2b: Whimsicott|flinch\n|move|p2a: Floette|Dazzling Gleam|p1a: Sneasler|[spread] p1a,p1b\n|-resisted|p1b: Talonflame|1\n|-damage|p1a: Sneasler|0 fnt\n|-damage|p1b: Talonflame|39/100\n|faint|p1a: Sneasler\n|move|p1b: Talonflame|Tailwind|p1b: Talonflame\n|-sidestart|p1: TerraFunny|move: Tailwind\n|\n|upkeep\n|\n|t:|1775963630\n|switch|p1a: Glimmora|Glimmora-Mega, L50, F|31/100\n|turn|5\n|\n|t:|1775963639\n|switch|p1b: Kingambit|Kingambit, L50, M|100/100\n|move|p2b: Whimsicott|Protect|p2b: Whimsicott\n|-singleturn|p2b: Whimsicott|Protect\n|move|p2a: Floette|Protect|p2a: Floette\n|-singleturn|p2a: Floette|Protect\n|move|p1a: Glimmora|Sludge Wave|p2b: Whimsicott|[spread] \n|-activate|p2a: Floette|move: Protect\n|-activate|p2b: Whimsicott|move: Protect\n|-immune|p1b: Kingambit\n|\n|upkeep\n|turn|6\n|\n|t:|1775963652\n|move|p1a: Glimmora|Sludge Wave|p2b: Whimsicott|[spread] p2a,p2b\n|-immune|p1b: Kingambit\n|-supereffective|p2a: Floette|1\n|-supereffective|p2b: Whimsicott|2\n|-damage|p2a: Floette|8/100\n|-damage|p2b: Whimsicott|0 fnt\n|faint|p2b: Whimsicott\n|move|p2a: Floette|Moonblast|p1b: Kingambit\n|-damage|p1b: Kingambit|0 fnt\n|faint|p1b: Kingambit\n|\n|-sideend|p2: SpiderKash|move: Tailwind\n|upkeep\n|-message|SpiderKash forfeited.\n|\n|win|TerraFunny\n|raw|TerraFunny's rating: 1290 &rarr; <strong>1321</strong><br />(+31 for winning)\n|raw|SpiderKash's rating: 1370 &rarr; <strong>1345</strong><br />(-25 for losing)\n|l|\u2606SpiderKash\n|player|p2|\n",
  "uploadtime": 1775963712,
  "views": 29,
  "formatid": "gen9championsvgc2026regma",
  "rating": 1321,
  "private": 0,
  "password": null
}