{
  "id": "gen9championsvgc2026regma-2586823266",
  "format": "[Gen 9 Champions] VGC 2026 Reg M-A",
  "players": [
    "AdriFD",
    "fumbari 24"
  ],
  "log": "|j|\u2606AdriFD\n|j|\u2606fumbari 24\n|t:|1776462854\n|gametype|doubles\n|player|p1|AdriFD|ethan|1384\n|player|p2|fumbari 24|ghetsis|1350\n|gen|9\n|tier|[Gen 9 Champions] VGC 2026 Reg M-A\n|rated|\n|rule|Species Clause: Limit one of each Pok\u00e9mon\n|rule|Item Clause: Limit 1 of each item\n|clearpoke\n|poke|p1|Charizard, L50, F|\n|poke|p1|Venusaur, L50, M|\n|poke|p1|Milotic, L50, M|\n|poke|p1|Incineroar, L50, F|\n|poke|p1|Tyranitar, L50, M|\n|poke|p1|Garchomp, L50, F|\n|poke|p2|Blastoise, L50, M|\n|poke|p2|Pelipper, L50, M|\n|poke|p2|Raichu, L50, M|\n|poke|p2|Sinistcha, L50|\n|poke|p2|Archaludon, L50, M|\n|poke|p2|Lycanroc-Dusk, L50, M|\n|teampreview|4\n|inactive|Battle timer is ON: inactive players will automatically lose when time's up. (requested by fumbari 24)\nfumbari 24 rejected open team sheets.\n|inactive|AdriFD has 60 seconds left.\n|\n|t:|1776462911\n|teamsize|p1|4\n|teamsize|p2|4\n|start\n|switch|p1a: Incineroar|Incineroar, L50, F|100/100\n|switch|p1b: Charizard|Charizard, L50, F, shiny|100/100\n|switch|p2a: Pippins|Raichu, L50, M|100/100\n|switch|p2b: Harbor|Blastoise, L50, M|100/100\n|-ability|p1a: Incineroar|Intimidate|boost\n|-unboost|p2a: Pippins|atk|1\n|-unboost|p2b: Harbor|atk|1\n|turn|1\n|\n|t:|1776462932\n|move|p2b: Harbor|Protect|p2b: Harbor\n|-singleturn|p2b: Harbor|Protect\n|move|p1a: Incineroar|Fake Out|p2b: Harbor\n|-activate|p2b: Harbor|move: Protect\n|move|p2a: Pippins|Electroweb|p1a: Incineroar|[spread] p1a,p1b\n|-supereffective|p1b: Charizard|1\n|-damage|p1a: Incineroar|89/100\n|-damage|p1b: Charizard|64/100\n|-unboost|p1a: Incineroar|spe|1\n|-unboost|p1b: Charizard|spe|1\n|move|p1b: Charizard|Heat Wave|p2a: Pippins|[spread] p2a\n|-activate|p2b: Harbor|move: Protect\n|-damage|p2a: Pippins|53/100\n|\n|upkeep\n|turn|2\n|inactive|AdriFD has 30 seconds left.\n|\n|t:|1776462962\n|switch|p1a: Venusaur|Venusaur, L50, M, shiny|100/100\n|detailschange|p2b: Harbor|Blastoise-Mega, L50, M\n|-mega|p2b: Harbor|Blastoise|Blastoisinite\n|move|p1b: Charizard|Protect|p1b: Charizard\n|-singleturn|p1b: Charizard|Protect\n|move|p2a: Pippins|Electroweb|p1a: Venusaur|[spread] p1a\n|-activate|p1b: Charizard|move: Protect\n|-resisted|p1a: Venusaur|1\n|-damage|p1a: Venusaur|93/100\n|-unboost|p1a: Venusaur|spe|1\n|move|p2b: Harbor|Water Spout|p1b: Charizard|[spread] p1a\n|-activate|p1b: Charizard|move: Protect\n|-resisted|p1a: Venusaur|1\n|-damage|p1a: Venusaur|55/100\n|\n|upkeep\n|turn|3\n|inactive|AdriFD has 30 seconds left.\n|inactive|AdriFD has 20 seconds left.\n|\n|t:|1776463000\n|detailschange|p1b: Charizard|Charizard-Mega-Y, L50, F, shiny\n|-mega|p1b: Charizard|Charizard|Charizardite Y\n|-weather|SunnyDay|[from] ability: Drought|[of] p1b: Charizard\n|move|p2b: Harbor|Protect|p2b: Harbor\n|-singleturn|p2b: Harbor|Protect\n|move|p1a: Venusaur|Sleep Powder|p2b: Harbor\n|-activate|p2b: Harbor|move: Protect\n|move|p2a: Pippins|Encore|p1b: Charizard\n|-start|p1b: Charizard|Encore\n|move|p1b: Charizard|Protect||[still]\n|-fail|p1b: Charizard\n|\n|-weather|SunnyDay|[upkeep]\n|upkeep\n|turn|4\n|inactive|fumbari 24 has 30 seconds left.\n|\n|t:|1776463032\n|switch|p1b: Incineroar|Incineroar, L50, F|89/100\n|-ability|p1b: Incineroar|Intimidate|boost\n|-unboost|p2a: Pippins|atk|1\n|-unboost|p2b: Harbor|atk|1\n|move|p1a: Venusaur|Leaf Storm|p2b: Harbor\n|-supereffective|p2b: Harbor|1\n|-damage|p2b: Harbor|0 fnt\n|-unboost|p1a: Venusaur|spa|2\n|faint|p2b: Harbor\n|move|p2a: Pippins|Electroweb|p1a: Venusaur|[spread] p1a,p1b\n|-resisted|p1a: Venusaur|1\n|-damage|p1a: Venusaur|47/100\n|-damage|p1b: Incineroar|78/100\n|-unboost|p1a: Venusaur|spe|1\n|-unboost|p1b: Incineroar|spe|1\n|\n|-weather|SunnyDay|[upkeep]\n|upkeep\n|\n|t:|1776463041\n|switch|p2b: Tremor|Lycanroc-Dusk, L50, M|100/100\n|turn|5\n|\n|t:|1776463060\n|move|p2a: Pippins|Upper Hand|p1b: Incineroar\n|-supereffective|p1b: Incineroar|1\n|-damage|p1b: Incineroar|67/100\n|cant|p1b: Incineroar|flinch\n|move|p2b: Tremor|Rock Slide|p1a: Venusaur|[spread] p1a,p1b\n|-supereffective|p1b: Incineroar|1\n|-crit|p1b: Incineroar\n|-damage|p1a: Venusaur|13/100\n|-damage|p1b: Incineroar|5/100\n|-enditem|p1b: Incineroar|Sitrus Berry|[eat]\n|-heal|p1b: Incineroar|30/100|[from] item: Sitrus Berry\n|move|p1a: Venusaur|Sleep Powder|p2a: Pippins\n|-status|p2a: Pippins|slp|[from] move: Sleep Powder\n|\n|-weather|SunnyDay|[upkeep]\n|upkeep\n|turn|6\n|\n|t:|1776463079\n|switch|p1b: Garchomp|Garchomp, L50, F|100/100\n|move|p1a: Venusaur|Protect|p1a: Venusaur\n|-singleturn|p1a: Venusaur|Protect\n|move|p2b: Tremor|Rock Slide|p1a: Venusaur|[spread] p1b\n|-activate|p1a: Venusaur|move: Protect\n|-resisted|p1b: Garchomp|1\n|-crit|p1b: Garchomp\n|-damage|p1b: Garchomp|82/100\n|cant|p2a: Pippins|slp\n|\n|-weather|SunnyDay|[upkeep]\n|upkeep\n|turn|7\n|inactive|AdriFD has 30 seconds left.\n|inactive|fumbari 24 has 30 seconds left.\n|inactive|AdriFD has 20 seconds left.\n|\n|t:|1776463117\n|switch|p2a: MineMine|Pelipper, L50, M|100/100\n|-weather|RainDance|[from] ability: Drizzle|[of] p2a: MineMine\n|switch|p1a: Incineroar|Incineroar, L50, F|30/100\n|-ability|p1a: Incineroar|Intimidate|boost\n|-unboost|p2a: MineMine|atk|1\n|-unboost|p2b: Tremor|atk|1\n|move|p2b: Tremor|Protect|p2b: Tremor\n|-singleturn|p2b: Tremor|Protect\n|move|p1b: Garchomp|Earthquake|p2a: MineMine|[spread] p1a\n|-activate|p2b: Tremor|move: Protect\n|-immune|p2a: MineMine\n|-supereffective|p1a: Incineroar|1\n|-damage|p1a: Incineroar|0 fnt\n|faint|p1a: Incineroar\n|\n|-weather|RainDance|[upkeep]\n|upkeep\n|\n|t:|1776463135\n|switch|p1a: Charizard|Charizard-Mega-Y, L50, F, shiny|64/100\n|-weather|SunnyDay|[from] ability: Drought|[of] p1a: Charizard\n|turn|8\n|\n|t:|1776463151\n|switch|p2a: Pippins|Raichu, L50, M|53/100 slp\n|move|p1a: Charizard|Protect|p1a: Charizard\n|-singleturn|p1a: Charizard|Protect\n|move|p1b: Garchomp|Earthquake|p2a: Pippins|[spread] p2a,p2b\n|-activate|p1a: Charizard|move: Protect\n|-supereffective|p2a: Pippins|1\n|-supereffective|p2b: Tremor|1\n|-damage|p2a: Pippins|0 fnt\n|-enditem|p2b: Tremor|Focus Sash\n|-damage|p2b: Tremor|1/100\n|faint|p2a: Pippins\n|move|p2b: Tremor|Rock Slide|p1a: Charizard|[spread] p1b\n|-activate|p1a: Charizard|move: Protect\n|-resisted|p1b: Garchomp|1\n|-damage|p1b: Garchomp|73/100\n|\n|-weather|SunnyDay|[upkeep]\n|upkeep\n|\n|t:|1776463167\n|switch|p2a: MineMine|Pelipper, L50, M|100/100\n|-weather|RainDance|[from] ability: Drizzle|[of] p2a: MineMine\n|turn|9\n|\n|t:|1776463182\n|switch|p1a: Venusaur|Venusaur, L50, M, shiny|13/100\n|move|p2a: MineMine|Wide Guard|p2a: MineMine\n|-singleturn|p2a: MineMine|Wide Guard\n|move|p1b: Garchomp|Earthquake|p2b: Tremor|[spread] p1a\n|-activate|p2a: MineMine|move: Wide Guard\n|-activate|p2b: Tremor|move: Wide Guard\n|-damage|p1a: Venusaur|0 fnt\n|faint|p1a: Venusaur\n|move|p2b: Tremor|Rock Slide|p1b: Garchomp\n|-resisted|p1b: Garchomp|1\n|-damage|p1b: Garchomp|62/100\n|\n|-weather|RainDance|[upkeep]\n|upkeep\n|\n|t:|1776463198\n|switch|p1a: Charizard|Charizard-Mega-Y, L50, F, shiny|64/100\n|-weather|SunnyDay|[from] ability: Drought|[of] p1a: Charizard\n|turn|10\n|\n|t:|1776463216\n|move|p2a: MineMine|Wide Guard|p2a: MineMine\n|-singleturn|p2a: MineMine|Wide Guard\n|move|p2b: Tremor|Accelerock|p1a: Charizard\n|-supereffective|p1a: Charizard|2\n|-damage|p1a: Charizard|0 fnt\n|faint|p1a: Charizard\n|move|p1b: Garchomp|Earthquake|p2a: MineMine|[spread] \n|-activate|p2a: MineMine|move: Wide Guard\n|-activate|p2b: Tremor|move: Wide Guard\n|\n|-weather|SunnyDay|[upkeep]\n|upkeep\n|turn|11\n|-message|AdriFD forfeited.\n|\n|win|fumbari 24\n|raw|AdriFD's rating: 1384 &rarr; <strong>1362</strong><br />(-22 for losing)\n|raw|fumbari 24's rating: 1350 &rarr; <strong>1372</strong><br />(+22 for winning)\n|l|\u2606AdriFD\n|player|p1|\n",
  "uploadtime": 1776463226,
  "views": 36,
  "formatid": "gen9championsvgc2026regma",
  "rating": 1362,
  "private": 0,
  "password": null
}