{
  "id": "gen9championsvgc2026regma-2582980138",
  "format": "[Gen 9 Champions] VGC 2026 Reg M-A",
  "players": [
    "caiogfdf7",
    "kuo0628"
  ],
  "log": "|j|\u2606caiogfdf7\n|j|\u2606kuo0628\n|t:|1776130390\n|gametype|doubles\n|player|p1|caiogfdf7|nate|1119\n|player|p2|kuo0628|2|1150\n|gen|9\n|tier|[Gen 9 Champions] VGC 2026 Reg M-A\n|rated|\n|rule|Species Clause: Limit one of each Pok\u00e9mon\n|rule|Item Clause: Limit 1 of each item\n|clearpoke\n|poke|p1|Charizard, L50, M|\n|poke|p1|Venusaur, L50, M|\n|poke|p1|Aerodactyl, L50, F|\n|poke|p1|Basculegion, L50, M|\n|poke|p1|Rhyperior, L50, M|\n|poke|p1|Sneasler, L50, F|\n|poke|p2|Dragonite, L50, M|\n|poke|p2|Pelipper, L50, F|\n|poke|p2|Basculegion, L50, M|\n|poke|p2|Archaludon, L50, M|\n|poke|p2|Sneasler, L50, F|\n|poke|p2|Sinistcha-Masterpiece, L50|\n|teampreview|4\n|\n|t:|1776130411\n|teamsize|p1|4\n|teamsize|p2|4\n|start\n|switch|p1a: Rhyperior|Rhyperior, L50, M|100/100\n|switch|p1b: Aerodactyl|Aerodactyl, L50, F|100/100\n|switch|p2a: Pelipper|Pelipper, L50, F|100/100\n|switch|p2b: Dragonite|Dragonite, L50, M|100/100\n|-weather|RainDance|[from] ability: Drizzle|[of] p2a: Pelipper\n|turn|1\n|\n|t:|1776130433\n|detailschange|p2b: Dragonite|Dragonite-Mega, L50, M\n|-mega|p2b: Dragonite|Dragonite|Dragoninite\n|move|p2b: Dragonite|Protect|p2b: Dragonite\n|-singleturn|p2b: Dragonite|Protect\n|move|p1b: Aerodactyl|Tailwind|p1b: Aerodactyl\n|-sidestart|p1: caiogfdf7|move: Tailwind\n|move|p1a: Rhyperior|Rock Slide|p2a: Pelipper|[spread] p2a\n|-activate|p2b: Dragonite|move: Protect\n|-supereffective|p2a: Pelipper|1\n|-damage|p2a: Pelipper|4/100\n|cant|p2a: Pelipper|flinch\n|\n|-weather|RainDance|[upkeep]\n|upkeep\n|turn|2\n|\n|t:|1776130460\n|switch|p1b: Venusaur|Venusaur, L50, M|100/100\n|move|p2a: Pelipper|Protect|p2a: Pelipper\n|-singleturn|p2a: Pelipper|Protect\n|move|p2b: Dragonite|Dragon Pulse|p1a: Rhyperior\n|-damage|p1a: Rhyperior|29/100\n|move|p1a: Rhyperior|Rock Slide|p2b: Dragonite|[spread] p2b\n|-activate|p2a: Pelipper|move: Protect\n|-supereffective|p2b: Dragonite|1\n|-damage|p2b: Dragonite|72/100\n|\n|-weather|RainDance|[upkeep]\n|upkeep\n|turn|3\n|\n|t:|1776130493\n|switch|p1a: Aerodactyl|Aerodactyl, L50, F|100/100\n|move|p1b: Venusaur|Sleep Powder|p2b: Dragonite\n|-status|p2b: Dragonite|slp|[from] move: Sleep Powder\n|cant|p2b: Dragonite|slp\n|move|p2a: Pelipper|Weather Ball|p1a: Aerodactyl\n|-supereffective|p1a: Aerodactyl|1\n|-enditem|p1a: Aerodactyl|Focus Sash\n|-damage|p1a: Aerodactyl|1/100\n|\n|-weather|RainDance|[upkeep]\n|upkeep\n|turn|4\n|\n|t:|1776130515\n|switch|p2a: Sinistcha|Sinistcha-Masterpiece, L50|100/100\n|-heal|p2b: Dragonite|97/100 slp|[from] ability: Hospitality|[of] p2a: Sinistcha\n|move|p1a: Aerodactyl|Rock Slide|p2a: Sinistcha|[spread] p2b\n|-miss|p1a: Aerodactyl|p2a: Sinistcha\n|-supereffective|p2b: Dragonite|1\n|-damage|p2b: Dragonite|55/100 slp\n|move|p1b: Venusaur|Giga Drain|p2b: Dragonite\n|-resisted|p2b: Dragonite|2\n|-damage|p2b: Dragonite|48/100 slp\n|-curestatus|p2b: Dragonite|slp|[msg]\n|move|p2b: Dragonite|Tailwind|p2b: Dragonite\n|-sidestart|p2: kuo0628|move: Tailwind\n|\n|-weather|RainDance|[upkeep]\n|-sideend|p1: caiogfdf7|move: Tailwind\n|upkeep\n|turn|5\n|\n|t:|1776130559\n|move|p2b: Dragonite|Hurricane|p1b: Venusaur\n|-supereffective|p1b: Venusaur|1\n|-damage|p1b: Venusaur|0 fnt\n|faint|p1b: Venusaur\n|move|p1a: Aerodactyl|Tailwind|p1a: Aerodactyl\n|-sidestart|p1: caiogfdf7|move: Tailwind\n|move|p2a: Sinistcha|Giga Drain|p1a: Aerodactyl\n|-damage|p1a: Aerodactyl|0 fnt\n|faint|p1a: Aerodactyl\n|\n|-weather|none\n|upkeep\n|\n|t:|1776130570\n|switch|p1a: Rhyperior|Rhyperior, L50, M|29/100\n|switch|p1b: Charizard|Charizard, L50, M|100/100\n|turn|6\n|\n|t:|1776130583\n|detailschange|p1b: Charizard|Charizard-Mega-Y, L50, M\n|-mega|p1b: Charizard|Charizard|Charizardite Y\n|-weather|SunnyDay|[from] ability: Drought|[of] p1b: Charizard\n|move|p1b: Charizard|Air Slash|p2a: Sinistcha\n|-supereffective|p2a: Sinistcha|1\n|-damage|p2a: Sinistcha|15/100\n|-enditem|p2a: Sinistcha|Sitrus Berry|[eat]\n|-heal|p2a: Sinistcha|40/100|[from] item: Sitrus Berry\n|move|p2b: Dragonite|Dragon Pulse|p1b: Charizard\n|-crit|p1b: Charizard\n|-damage|p1b: Charizard|27/100\n|move|p2a: Sinistcha|Giga Drain|p1a: Rhyperior\n|-supereffective|p1a: Rhyperior|2\n|-damage|p1a: Rhyperior|0 fnt\n|-heal|p2a: Sinistcha|55/100|[from] drain|[of] p1a: Rhyperior\n|faint|p1a: Rhyperior\n|\n|-weather|SunnyDay|[upkeep]\n|upkeep\n|turn|7\n|\n|t:|1776130609\n|switch|p2a: Pelipper|Pelipper, L50, F|4/100\n|-weather|RainDance|[from] ability: Drizzle|[of] p2a: Pelipper\n|move|p1b: Charizard|Air Slash|p2a: Pelipper\n|-damage|p2a: Pelipper|0 fnt\n|faint|p2a: Pelipper\n|move|p2b: Dragonite|Dragon Pulse|p1b: Charizard\n|-damage|p1b: Charizard|0 fnt\n|faint|p1b: Charizard\n|\n|win|kuo0628\n|raw|caiogfdf7's rating: 1119 &rarr; <strong>1096</strong><br />(-23 for losing)\n|raw|kuo0628's rating: 1150 &rarr; <strong>1173</strong><br />(+23 for winning)\n",
  "uploadtime": 1776130620,
  "views": 12,
  "formatid": "gen9championsvgc2026regma",
  "rating": 1096,
  "private": 0,
  "password": null
}