{
  "id": "gen9championsvgc2026regma-2586822995",
  "format": "[Gen 9 Champions] VGC 2026 Reg M-A",
  "players": [
    "Aldrich",
    "Ongalabong"
  ],
  "log": "|j|\u2606Aldrich\n|j|\u2606Ongalabong\n|t:|1776462831\n|gametype|doubles\n|player|p1|Aldrich|#aldrichyansnow|\n|player|p2|Ongalabong|benga|\n|gen|9\n|tier|[Gen 9 Champions] VGC 2026 Reg M-A\n|rated|Tournament battle\n|rule|Species Clause: Limit one of each Pok\u00e9mon\n|rule|Item Clause: Limit 1 of each item\n|raw|<div class=\"infobox\"><details class=\"readmore\" open><summary><strong>1 custom rule:</strong></summary> !open team sheets</details></div>\n|clearpoke\n|poke|p1|Blastoise, L50, F|\n|poke|p1|Incineroar, L50, M|\n|poke|p1|Sinistcha, L50|\n|poke|p1|Tyranitar, L50, M|\n|poke|p1|Excadrill, L50, M|\n|poke|p1|Typhlosion-Hisui, L50, F|\n|poke|p2|Crabominable, L50, F|\n|poke|p2|Farigiraf, L50, F|\n|poke|p2|Incineroar, L50, F|\n|poke|p2|Venusaur, L50, F|\n|poke|p2|Basculegion, L50, M|\n|poke|p2|Ninetales-Alola, L50, M|\n|teampreview|4\n|inactive|Battle timer is ON: inactive players will automatically lose when time's up. (requested by Ongalabong)\n|inactive|Aldrich has 60 seconds left.\n|\n|t:|1776462903\n|teamsize|p1|4\n|teamsize|p2|4\n|start\n|switch|p1a: Typhlosion|Typhlosion-Hisui, L50, F|100/100\n|switch|p1b: Blastoise|Blastoise, L50, F|100/100\n|switch|p2a: Venusaur|Venusaur, L50, F|100/100\n|switch|p2b: Basculegion|Basculegion, L50, M|100/100\n|turn|1\n|\n|t:|1776462923\n|detailschange|p1b: Blastoise|Blastoise-Mega, L50, F\n|-mega|p1b: Blastoise|Blastoise|Blastoisinite\n|detailschange|p2a: Venusaur|Venusaur-Mega, L50, F\n|-mega|p2a: Venusaur|Venusaur|Venusaurite\n|move|p2b: Basculegion|Aqua Jet|p1a: Typhlosion\n|-supereffective|p1a: Typhlosion|1\n|-damage|p1a: Typhlosion|20/100\n|move|p1a: Typhlosion|Eruption|p2b: Basculegion|[spread] p2a,p2b\n|-supereffective|p2a: Venusaur|1\n|-resisted|p2b: Basculegion|1\n|-damage|p2a: Venusaur|88/100\n|-damage|p2b: Basculegion|90/100\n|move|p1b: Blastoise|Dark Pulse|p2b: Basculegion\n|-supereffective|p2b: Basculegion|1\n|-damage|p2b: Basculegion|0 fnt\n|faint|p2b: Basculegion\n|move|p2a: Venusaur|Leech Seed|p1b: Blastoise\n|-start|p1b: Blastoise|move: Leech Seed\n|\n|-damage|p1b: Blastoise|88/100|[from] Leech Seed|[of] p2a: Venusaur\n|-heal|p2a: Venusaur|99/100|[silent]\n|upkeep\n|\n|t:|1776462939\n|switch|p2b: Farigiraf|Farigiraf, L50, F|100/100\n|turn|2\n|\n|t:|1776462947\n|switch|p1a: Sinistcha|Sinistcha, L50|100/100\n|-heal|p1b: Blastoise|100/100|[from] ability: Hospitality|[of] p1a: Sinistcha\n|move|p1b: Blastoise|Dark Pulse|p2b: Farigiraf\n|-supereffective|p2b: Farigiraf|1\n|-enditem|p2b: Farigiraf|Colbur Berry|[eat]\n|-enditem|p2b: Farigiraf|Colbur Berry|[weaken]\n|-damage|p2b: Farigiraf|62/100\n|move|p2a: Venusaur|Sludge Bomb|p1b: Blastoise\n|-damage|p1b: Blastoise|64/100\n|move|p2b: Farigiraf|Trick Room|p2b: Farigiraf\n|-fieldstart|move: Trick Room|[of] p2b: Farigiraf\n|\n|-damage|p1b: Blastoise|52/100|[from] Leech Seed|[of] p2a: Venusaur\n|-heal|p2a: Venusaur|100/100|[silent]\n|upkeep\n|turn|3\n|inactive|Ongalabong has 30 seconds left.\n|inactive|Ongalabong has 20 seconds left.\n|inactive|Ongalabong has 15 seconds left.\n|inactive|Ongalabong has 10 seconds left.\n|inactive|Aldrich has 30 seconds left.\n|inactive|Ongalabong has 5 seconds left.\n|\n|t:|1776463002\n|switch|p1b: Typhlosion|Typhlosion-Hisui, L50, F|20/100\n|move|p2b: Farigiraf|Psychic|p1b: Typhlosion\n|-damage|p1b: Typhlosion|0 fnt\n|faint|p1b: Typhlosion\n|move|p2a: Venusaur|Sludge Bomb|p1a: Sinistcha\n|-damage|p1a: Sinistcha|66/100\n|-status|p1a: Sinistcha|psn\n|move|p1a: Sinistcha|Trick Room|p1a: Sinistcha\n|-fieldend|move: Trick Room\n|\n|-damage|p1a: Sinistcha|54/100 psn|[from] psn\n|upkeep\n|\n|t:|1776463014\n|switch|p1b: Blastoise|Blastoise-Mega, L50, F|52/100\n|turn|4\n|inactive|Ongalabong has 30 seconds left.\n|inactive|Ongalabong has 20 seconds left.\n|\n|t:|1776463053\n|move|p1b: Blastoise|Dark Pulse|p2b: Farigiraf\n|-supereffective|p2b: Farigiraf|1\n|-damage|p2b: Farigiraf|0 fnt\n|faint|p2b: Farigiraf\n|move|p2a: Venusaur|Sludge Bomb|p1a: Sinistcha\n|-damage|p1a: Sinistcha|16/100 psn\n|-enditem|p1a: Sinistcha|Sitrus Berry|[eat]\n|-heal|p1a: Sinistcha|41/100 psn|[from] item: Sitrus Berry\n|move|p1a: Sinistcha|Matcha Gotcha|p2a: Venusaur\n|-resisted|p2a: Venusaur|2\n|-damage|p2a: Venusaur|95/100\n|-heal|p1a: Sinistcha|45/100 psn|[from] drain|[of] p2a: Venusaur\n|\n|-damage|p1a: Sinistcha|32/100 psn|[from] psn\n|upkeep\n|\n|t:|1776463061\n|switch|p2b: Ninetales|Ninetales-Alola, L50, M|100/100\n|-weather|Snowscape|[from] ability: Snow Warning|[of] p2b: Ninetales\n|turn|5\n|j| Aliado\n|l| Aliado\n|inactive|Aldrich has 30 seconds left.\n|\n|t:|1776463088\n|switch|p1a: Tyranitar|Tyranitar, L50, M|100/100\n|-weather|Sandstorm|[from] ability: Sand Stream|[of] p1a: Tyranitar\n|move|p2b: Ninetales|Blizzard|p1b: Blastoise|[spread] p1a,p1b\n|-resisted|p1b: Blastoise|1\n|-damage|p1a: Tyranitar|82/100\n|-damage|p1b: Blastoise|37/100\n|move|p1b: Blastoise|Dark Pulse|p2a: Venusaur\n|-damage|p2a: Venusaur|61/100\n|move|p2a: Venusaur|Leech Seed|p1b: Blastoise\n|-start|p1b: Blastoise|move: Leech Seed\n|\n|-weather|Sandstorm|[upkeep]\n|-damage|p2b: Ninetales|94/100|[from] Sandstorm\n|-damage|p1b: Blastoise|32/100|[from] Sandstorm\n|-damage|p2a: Venusaur|56/100|[from] Sandstorm\n|-damage|p1b: Blastoise|19/100|[from] Leech Seed|[of] p2a: Venusaur\n|-heal|p2a: Venusaur|67/100|[silent]\n|upkeep\n|turn|6\n|\n|t:|1776463108\n|switch|p1b: Sinistcha|Sinistcha, L50|32/100 psn\n|-heal|p1a: Tyranitar|100/100|[from] ability: Hospitality|[of] p1b: Sinistcha\n|move|p2b: Ninetales|Moonblast|p1a: Tyranitar\n|-supereffective|p1a: Tyranitar|1\n|-damage|p1a: Tyranitar|59/100\n|move|p2a: Venusaur|Earth Power|p1a: Tyranitar\n|-supereffective|p1a: Tyranitar|1\n|-damage|p1a: Tyranitar|23/100\n|move|p1a: Tyranitar|Rock Slide|p2a: Venusaur|[spread] p2a,p2b\n|-supereffective|p2b: Ninetales|1\n|-damage|p2a: Venusaur|44/100\n|-damage|p2b: Ninetales|8/100\n|\n|-weather|Sandstorm|[upkeep]\n|-damage|p2b: Ninetales|2/100|[from] Sandstorm\n|-damage|p2a: Venusaur|38/100|[from] Sandstorm\n|-damage|p1b: Sinistcha|26/100 psn|[from] Sandstorm\n|-damage|p1b: Sinistcha|14/100 psn|[from] psn\n|upkeep\n|turn|7\n|inactive|Ongalabong has 30 seconds left.\n|\n|t:|1776463140\n|move|p1a: Tyranitar|Protect|p1a: Tyranitar\n|-singleturn|p1a: Tyranitar|Protect\n|move|p2b: Ninetales|Moonblast|p1a: Tyranitar\n|-activate|p1a: Tyranitar|move: Protect\n|move|p2a: Venusaur|Sludge Bomb|p1b: Sinistcha\n|-damage|p1b: Sinistcha|0 fnt\n|faint|p1b: Sinistcha\n|\n|-weather|Sandstorm|[upkeep]\n|-damage|p2b: Ninetales|0 fnt|[from] Sandstorm\n|-damage|p2a: Venusaur|33/100|[from] Sandstorm\n|faint|p2b: Ninetales\n|upkeep\n|\n|t:|1776463150\n|switch|p1b: Blastoise|Blastoise-Mega, L50, F|19/100\n|turn|8\n|\n|t:|1776463164\n|move|p1b: Blastoise|Dark Pulse|p2a: Venusaur\n|-damage|p2a: Venusaur|0 fnt\n|faint|p2a: Venusaur\n|\n|win|Aldrich\n|n|\u2606Aldrich|aldrich\n|n|\u2606Ongalabong|ongalabong\n",
  "uploadtime": 1776463176,
  "views": 27,
  "formatid": "gen9championsvgc2026regma",
  "rating": null,
  "private": 0,
  "password": null
}