{
  "id": "gen9championsvgc2026regma-2582781650",
  "format": "[Gen 9 Champions] VGC 2026 Reg M-A",
  "players": [
    "kidmilk1",
    "It'sJustKen VGC"
  ],
  "log": "|j|\u2606kidmilk1\n|j|\u2606It'sJustKen VGC\n|t:|1776113693\n|gametype|doubles\n|player|p1|kidmilk1|169|1123\n|player|p2|It'sJustKen VGC|102|1138\n|gen|9\n|tier|[Gen 9 Champions] VGC 2026 Reg M-A\n|rated|\n|rule|Species Clause: Limit one of each Pok\u00e9mon\n|rule|Item Clause: Limit 1 of each item\n|clearpoke\n|poke|p1|Starmie, L50|\n|poke|p1|Aegislash, L50, M|\n|poke|p1|Sneasler, L50, F|\n|poke|p1|Pelipper, L50, M|\n|poke|p1|Archaludon, L50, F|\n|poke|p1|Maushold, L50|\n|poke|p2|Kingambit, L50, F|\n|poke|p2|Clefable, L50, M|\n|poke|p2|Chimecho, L50, M|\n|poke|p2|Golurk, L50|\n|poke|p2|Incineroar, L50, F|\n|poke|p2|Hawlucha, L50, M|\n|teampreview|4\n|inactive|Battle timer is ON: inactive players will automatically lose when time's up. (requested by It'sJustKen VGC)\n|inactive|It'sJustKen VGC has 60 seconds left.\n|inactive|It'sJustKen VGC has 30 seconds left.\n|\n|t:|1776113761\n|teamsize|p1|4\n|teamsize|p2|4\n|start\n|switch|p1a: Maushold|Maushold, L50|100/100\n|switch|p1b: Starmie|Starmie, L50|100/100\n|switch|p2a: Important Object|Chimecho, L50, M|100/100\n|switch|p2b: Main Character|Clefable, L50, M, shiny|100/100\n|turn|1\n|\n|t:|1776113783\n|detailschange|p1b: Starmie|Starmie-Mega, L50\n|-mega|p1b: Starmie|Starmie|Starminite\n|detailschange|p2a: Important Object|Chimecho-Mega, L50, M\n|-mega|p2a: Important Object|Chimecho|Chimechite\n|move|p1a: Maushold|Super Fang|p2b: Main Character\n|-damage|p2b: Main Character|50/100\n|move|p1b: Starmie|Liquidation|p2b: Main Character\n|-damage|p2b: Main Character|0 fnt\n|faint|p2b: Main Character\n|move|p2a: Important Object|Trick Room|p2a: Important Object\n|-fieldstart|move: Trick Room|[of] p2a: Important Object\n|\n|upkeep\n|inactive|It'sJustKen VGC has 30 seconds left.\n|inactive|It'sJustKen VGC has 20 seconds left.\n|inactive|It'sJustKen VGC has 15 seconds left.\n|\n|t:|1776113825\n|switch|p2b: Transport Vehicle|Golurk, L50, shiny|100/100\n|turn|2\n|\n|t:|1776113849\n|move|p1b: Starmie|Protect|p1b: Starmie\n|-singleturn|p1b: Starmie|Protect\n|move|p2b: Transport Vehicle|Reflect|p2b: Transport Vehicle\n|-sidestart|p2: It'sJustKen VGC|Reflect\n|move|p2a: Important Object|Skill Swap|p2b: Transport Vehicle\n|-activate|p2a: Important Object|Skill Swap|||[of] p2b: Transport Vehicle\n|move|p1a: Maushold|Super Fang|p2a: Important Object\n|-damage|p2a: Important Object|50/100\n|\n|upkeep\n|turn|3\n|inactive|kidmilk1 has 30 seconds left.\n|\n|t:|1776113874\n|move|p1a: Maushold|Follow Me|p1a: Maushold\n|-singleturn|p1a: Maushold|move: Follow Me\n|move|p2b: Transport Vehicle|Curse|p1a: Maushold\n|-start|p1a: Maushold|Curse|[of] p2b: Transport Vehicle\n|-damage|p2b: Transport Vehicle|50/100\n|move|p2a: Important Object|Hypnosis|p1a: Maushold\n|-status|p1a: Maushold|slp|[from] move: Hypnosis\n|move|p1b: Starmie|Liquidation|p2b: Transport Vehicle|[miss]\n|-miss|p1b: Starmie|p2b: Transport Vehicle\n|\n|-damage|p1a: Maushold|76/100 slp|[from] Curse\n|upkeep\n|turn|4\n|\n|t:|1776113894\n|switch|p2b: The Final Boss|Kingambit, L50, F|100/100\n|move|p1b: Starmie|Protect|p1b: Starmie\n|-singleturn|p1b: Starmie|Protect\n|cant|p1a: Maushold|slp\n|move|p2a: Important Object|Skill Swap|p2b: The Final Boss\n|-activate|p2a: Important Object|Skill Swap|||[of] p2b: The Final Boss\n|\n|-damage|p1a: Maushold|51/100 slp|[from] Curse\n|upkeep\n|turn|5\n|\n|t:|1776113917\n|move|p2b: The Final Boss|Protect|p2b: The Final Boss\n|-singleturn|p2b: The Final Boss|Protect\n|-curestatus|p1a: Maushold|slp|[msg]\n|move|p1a: Maushold|Follow Me|p1a: Maushold\n|-singleturn|p1a: Maushold|move: Follow Me\n|move|p2a: Important Object|Hypnosis|p1a: Maushold\n|-status|p1a: Maushold|slp|[from] move: Hypnosis\n|move|p1b: Starmie|Liquidation|p2b: The Final Boss\n|-activate|p2b: The Final Boss|move: Protect\n|\n|-damage|p1a: Maushold|26/100 slp|[from] Curse\n|-fieldend|move: Trick Room\n|upkeep\n|turn|6\n|inactive|kidmilk1 has 30 seconds left.\n|inactive|kidmilk1 has 20 seconds left.\n|\n|t:|1776113954\n|switch|p1a: Pelipper|Pelipper, L50, M|100/100\n|-weather|RainDance|[from] ability: Drizzle|[of] p1a: Pelipper\n|switch|p1b: Aegislash|Aegislash, L50, M|100/100\n|move|p2b: The Final Boss|Guillotine|p1b: Aegislash\n|-immune|p1b: Aegislash\n|move|p2a: Important Object|Trick Room|p2a: Important Object\n|-fieldstart|move: Trick Room|[of] p2a: Important Object\n|\n|-weather|RainDance|[upkeep]\n|-sideend|p2: It'sJustKen VGC|Reflect\n|upkeep\n|turn|7\n|\n|t:|1776113978\n|move|p1b: Aegislash|King's Shield|p1b: Aegislash\n|-singleturn|p1b: Aegislash|Protect\n|move|p2a: Important Object|Hypnosis|p1b: Aegislash|[miss]\n|-miss|p2a: Important Object|p1b: Aegislash\n|move|p2b: The Final Boss|Guillotine|p1a: Pelipper\n|-enditem|p1a: Pelipper|Focus Sash\n|-damage|p1a: Pelipper|1/100\n|move|p1a: Pelipper|Weather Ball|p2a: Important Object\n|-damage|p2a: Important Object|0 fnt\n|faint|p2a: Important Object\n|\n|-weather|RainDance|[upkeep]\n|upkeep\n|\n|t:|1776113982\n|switch|p2a: Transport Vehicle|Golurk, L50, shiny|50/100\n|turn|8\n|inactive|kidmilk1 has 30 seconds left.\n|\n|t:|1776114023\n|switch|p1b: Starmie|Starmie-Mega, L50|100/100\n|move|p1a: Pelipper|Protect|p1a: Pelipper\n|-singleturn|p1a: Pelipper|Protect\n|move|p2a: Transport Vehicle|Dynamic Punch|p1a: Pelipper\n|-activate|p1a: Pelipper|move: Protect\n|move|p2b: The Final Boss|Kowtow Cleave|p1b: Starmie\n|-supereffective|p1b: Starmie|1\n|-damage|p1b: Starmie|0 fnt\n|faint|p1b: Starmie\n|\n|-weather|RainDance|[upkeep]\n|upkeep\n|\n|t:|1776114041\n|switch|p1b: Maushold|Maushold, L50|26/100 slp\n|turn|9\n|\n|t:|1776114062\n|move|p1a: Pelipper|Protect|p1a: Pelipper\n|-singleturn|p1a: Pelipper|Protect\n|cant|p1b: Maushold|slp\n|move|p2a: Transport Vehicle|Dynamic Punch|p1b: Maushold\n|-supereffective|p1b: Maushold|1\n|-enditem|p1b: Maushold|Chople Berry|[eat]\n|-enditem|p1b: Maushold|Chople Berry|[weaken]\n|-damage|p1b: Maushold|0 fnt\n|faint|p1b: Maushold\n|move|p2b: The Final Boss|Kowtow Cleave|p1a: Pelipper\n|-activate|p1a: Pelipper|move: Protect\n|\n|-weather|RainDance|[upkeep]\n|upkeep\n|\n|t:|1776114077\n|switch|p1b: Aegislash|Aegislash, L50, M|100/100\n|turn|10\n|\n|t:|1776114085\n|move|p2b: The Final Boss|Protect|p2b: The Final Boss\n|-singleturn|p2b: The Final Boss|Protect\n|move|p1b: Aegislash|King's Shield|p1b: Aegislash\n|-singleturn|p1b: Aegislash|Protect\n|move|p1a: Pelipper|Protect|p1a: Pelipper\n|-singleturn|p1a: Pelipper|Protect\n|move|p2a: Transport Vehicle|Dynamic Punch|p1a: Pelipper\n|-activate|p1a: Pelipper|move: Protect\n|\n|-weather|none\n|-fieldend|move: Trick Room\n|upkeep\n|turn|11\n|\n|t:|1776114109\n|move|p2b: The Final Boss|Sucker Punch|p1a: Pelipper\n|-damage|p1a: Pelipper|0 fnt\n|faint|p1a: Pelipper\n|-formechange|p1b: Aegislash|Aegislash-Blade|\n|move|p1b: Aegislash|Sacred Sword|p2b: The Final Boss\n|-supereffective|p2b: The Final Boss|2\n|-damage|p2b: The Final Boss|0 fnt\n|faint|p2b: The Final Boss\n|move|p2a: Transport Vehicle|Reflect|p2a: Transport Vehicle\n|-sidestart|p2: It'sJustKen VGC|Reflect\n|\n|upkeep\n|turn|12\n|j| Tealnotsu\n|\n|t:|1776114132\n|move|p1b: Aegislash|Poltergeist|p2a: Transport Vehicle\n|-activate|p2a: Transport Vehicle|move: Poltergeist|Bright Powder\n|-supereffective|p2a: Transport Vehicle|1\n|-damage|p2a: Transport Vehicle|0 fnt\n|faint|p2a: Transport Vehicle\n|\n|win|kidmilk1\n|raw|kidmilk1's rating: 1123 &rarr; <strong>1149</strong><br />(+26 for winning)\n|raw|It&apos;sJustKen VGC's rating: 1138 &rarr; <strong>1112</strong><br />(-26 for losing)\n|j| 25Arcanines\n|j| NicoDullblade\n|l|\u2606kidmilk1\n|player|p1|\n|l| 25Arcanines\n|j| blaoh123\n|l| NicoDullblade\n|j| NicoDullblade\n|l| NicoDullblade\n",
  "uploadtime": 1776114195,
  "views": 16,
  "formatid": "gen9championsvgc2026regma",
  "rating": 1112,
  "private": 0,
  "password": null
}