{
  "id": "gen9championsvgc2026regma-2588216731",
  "format": "[Gen 9 Champions] VGC 2026 Reg M-A",
  "players": [
    "Nazurokku",
    "RichardTheCompany"
  ],
  "log": "|j|\u2606Nazurokku\n|j|\u2606RichardTheCompany\n|t:|1776615244\n|gametype|doubles\n|player|p1|Nazurokku|hugh|\n|player|p2|RichardTheCompany|larry|\n|gen|9\n|tier|[Gen 9 Champions] VGC 2026 Reg M-A\n|rated|Tournament battle\n|rule|Species Clause: Limit one of each Pok\u00e9mon\n|rule|Item Clause: Limit 1 of each item\n|raw|<div class=\"infobox\"><details class=\"readmore\" open><summary><strong>1 custom rule:</strong></summary> Force Open Team Sheets</details></div>\n|clearpoke\n|poke|p1|Sneasler, L50, M|\n|poke|p1|Gardevoir, L50, F|\n|poke|p1|Dragonite, L50, F|\n|poke|p1|Sinistcha, L50|\n|poke|p1|Arcanine-Hisui, L50, F|\n|poke|p1|Corviknight, L50, M|\n|poke|p2|Gallade, L50, M|\n|poke|p2|Whimsicott, L50, M|\n|poke|p2|Pelipper, L50, M|\n|poke|p2|Archaludon, L50, M|\n|poke|p2|Arcanine-Hisui, L50, F|\n|poke|p2|Basculegion, L50, M|\n|teampreview|4\n|showteam|p1|Sneasler||WhiteHerb|Unburden|DireClaw,FakeOut,CloseCombat,ThroatChop|||M|||50|]Gardevoir||Gardevoirite|Trace|HyperVoice,Psyshock,CalmMind,ShadowBall|||F|||50|]Dragonite||SilkScarf|InnerFocus|ExtremeSpeed,DracoMeteor,Tailwind,DragonDance|||F|||50|]Sinistcha||MiracleSeed|Hospitality|MatchaGotcha,LifeDew,Protect,StrengthSap||||||50|]Arcanine-Hisui||FocusSash|RockHead|FlareBlitz,HeadSmash,RockSlide,WildCharge|||F|||50|]Corviknight||Leftovers|MirrorArmor|BodyPress,IronDefense,Protect,IronHead|||M|||50|\n|showteam|p2|Gallade||Galladite|Justified|PsychoCut,DrainPunch,BulkUp,Protect|||M|||50|]Whimsicott||FocusSash|Prankster|BeatUp,Tailwind,Moonblast,LightScreen|||M|||50|]Pelipper||WacanBerry|Drizzle|Hurricane,WeatherBall,WideGuard,Protect|||M|||50|]Archaludon||Leftovers|Stamina|ElectroShot,FlashCannon,DragonPulse,Protect|||M|||50|]Arcanine-Hisui||ShucaBerry|Intimidate|FlareBlitz,RockSlide,ExtremeSpeed,Protect|||F|||50|]Basculegion||ChoiceScarf|Adaptability|WaveCrash,LastRespects,FlipTurn,AquaJet|||M|||50|\n|inactive|Battle timer is ON: inactive players will automatically lose when time's up. (requested by Nazurokku)\nNazurokku rejected open team sheets.\n|inactive|RichardTheCompany has 60 seconds left.\n|\n|t:|1776615292\n|teamsize|p1|4\n|teamsize|p2|4\n|start\n|switch|p1a: Gardevoir|Gardevoir, L50, F|100/100\n|switch|p1b: Dragonite|Dragonite, L50, F|100/100\n|switch|p2a: Pelipper|Pelipper, L50, M|100/100\n|switch|p2b: Whimsicott|Whimsicott, L50, M|100/100\n|-ability|p1a: Gardevoir|Drizzle|Trace|[from] ability: Trace|[of] p2a: Pelipper\n|-weather|RainDance|[from] ability: Drizzle|[of] p1a: Gardevoir\n|turn|1\n|inactive|RichardTheCompany has 30 seconds left.\n|inactive|RichardTheCompany has 20 seconds left.\n|inactive|RichardTheCompany has 15 seconds left.\n|\n|t:|1776615336\n|detailschange|p1a: Gardevoir|Gardevoir-Mega, L50, F\n|-mega|p1a: Gardevoir|Gardevoir|Gardevoirite\n|move|p2a: Pelipper|Protect|p2a: Pelipper\n|-singleturn|p2a: Pelipper|Protect\n|move|p2b: Whimsicott|Light Screen|p2b: Whimsicott\n|-sidestart|p2: RichardTheCompany|move: Light Screen\n|move|p1a: Gardevoir|Calm Mind|p1a: Gardevoir\n|-boost|p1a: Gardevoir|spa|1\n|-boost|p1a: Gardevoir|spd|1\n|move|p1b: Dragonite|Tailwind|p1b: Dragonite\n|-sidestart|p1: Nazurokku|move: Tailwind\n|\n|-weather|RainDance|[upkeep]\n|upkeep\n|turn|2\n|\n|t:|1776615357\n|switch|p2a: Archaludon|Archaludon, L50, M|100/100\n|move|p1a: Gardevoir|Psyshock|p2b: Whimsicott\n|-damage|p2b: Whimsicott|25/100\n|move|p2b: Whimsicott|Beat Up|p2a: Archaludon\n|-damage|p2a: Archaludon|98/100\n|-ability|p2a: Archaludon|Stamina|boost\n|-boost|p2a: Archaludon|def|1\n|-damage|p2a: Archaludon|97/100\n|-ability|p2a: Archaludon|Stamina|boost\n|-boost|p2a: Archaludon|def|1\n|-damage|p2a: Archaludon|96/100\n|-ability|p2a: Archaludon|Stamina|boost\n|-boost|p2a: Archaludon|def|1\n|-damage|p2a: Archaludon|95/100\n|-ability|p2a: Archaludon|Stamina|boost\n|-boost|p2a: Archaludon|def|1\n|-hitcount|p2a: Archaludon|4\n|move|p1b: Dragonite|Draco Meteor|p2a: Archaludon|[miss]\n|-miss|p1b: Dragonite|p2a: Archaludon\n|\n|-weather|RainDance|[upkeep]\n|-heal|p2a: Archaludon|100/100|[from] item: Leftovers\n|upkeep\n|turn|3\n|j| PotbellyDemon\n|inactive|Nazurokku has 30 seconds left.\n|inactive|RichardTheCompany has 30 seconds left.\n|inactive|RichardTheCompany has 20 seconds left.\n|\n|t:|1776615395\n|move|p2b: Whimsicott|Tailwind|p2b: Whimsicott\n|-sidestart|p2: RichardTheCompany|move: Tailwind\n|move|p1a: Gardevoir|Hyper Voice|p2b: Whimsicott|[spread] p2a,p2b\n|-damage|p2a: Archaludon|46/100\n|-damage|p2b: Whimsicott|0 fnt\n|-ability|p2a: Archaludon|Stamina|boost\n|-boost|p2a: Archaludon|def|1\n|faint|p2b: Whimsicott\n|move|p2a: Archaludon|Electro Shot||[still]\n|-prepare|p2a: Archaludon|Electro Shot\n|-boost|p2a: Archaludon|spa|1\n|-anim|p2a: Archaludon|Electro Shot|p1b: Dragonite\n|-damage|p1b: Dragonite|50/100\n|move|p1b: Dragonite|Draco Meteor|p2a: Archaludon\n|-damage|p2a: Archaludon|9/100\n|-unboost|p1b: Dragonite|spa|2\n|-ability|p2a: Archaludon|Stamina|boost\n|-boost|p2a: Archaludon|def|1\n|\n|-weather|RainDance|[upkeep]\n|-heal|p2a: Archaludon|15/100|[from] item: Leftovers\n|upkeep\n|j| Rolling Stonedge\n|\n|t:|1776615410\n|switch|p2b: Pelipper|Pelipper, L50, M|100/100\n|turn|4\n|inactive|Nazurokku has 30 seconds left.\n|\n|t:|1776615436\n|move|p2b: Pelipper|Wide Guard|p2b: Pelipper\n|-singleturn|p2b: Pelipper|Wide Guard\n|move|p1b: Dragonite|Extreme Speed|p2b: Pelipper\n|-damage|p2b: Pelipper|52/100\n|move|p1a: Gardevoir|Hyper Voice|p2b: Pelipper|[spread] \n|-activate|p2a: Archaludon|move: Wide Guard\n|-activate|p2b: Pelipper|move: Wide Guard\n|move|p2a: Archaludon|Electro Shot||[still]\n|-prepare|p2a: Archaludon|Electro Shot\n|-boost|p2a: Archaludon|spa|1\n|-anim|p2a: Archaludon|Electro Shot|p1b: Dragonite\n|-damage|p1b: Dragonite|0 fnt\n|faint|p1b: Dragonite\n|\n|-weather|RainDance|[upkeep]\n|-heal|p2a: Archaludon|21/100|[from] item: Leftovers\n|-sideend|p1: Nazurokku|move: Tailwind\n|upkeep\n|\n|t:|1776615453\n|switch|p1b: Sneasler|Sneasler, L50, M|100/100\n|turn|5\n|l|\u2606RichardTheCompany\n|inactive|RichardTheCompany disconnected and has a minute to reconnect!\n|player|p2|\n|inactive|RichardTheCompany has 30 seconds left.\n|inactive|RichardTheCompany has 20 seconds left.\n|j|\u2606RichardTheCompany\n|inactive|RichardTheCompany reconnected and has 20 seconds left.\n|player|p2|RichardTheCompany|larry|\n|inactive|RichardTheCompany has 15 seconds left.\n|inactive|RichardTheCompany has 10 seconds left.\n|\n|t:|1776615500\n|move|p2a: Archaludon|Protect|p2a: Archaludon\n|-singleturn|p2a: Archaludon|Protect\n|move|p1b: Sneasler|Fake Out|p2a: Archaludon\n|-activate|p2a: Archaludon|move: Protect\n|move|p2b: Pelipper|Hurricane|p1b: Sneasler\n|-supereffective|p1b: Sneasler|1\n|-damage|p1b: Sneasler|0 fnt\n|faint|p1b: Sneasler\n|move|p1a: Gardevoir|Shadow Ball|p2a: Archaludon\n|-activate|p2a: Archaludon|move: Protect\n|\n|-weather|none\n|-heal|p2a: Archaludon|27/100|[from] item: Leftovers\n|-sideend|p2: RichardTheCompany|move: Light Screen\n|upkeep\n|\n|t:|1776615511\n|switch|p1b: Sinistcha|Sinistcha, L50|100/100\n|turn|6\n|inactive|Nazurokku has 30 seconds left.\n|\n|t:|1776615542\n|move|p2b: Pelipper|Hurricane|p1b: Sinistcha|[miss]\n|-miss|p2b: Pelipper|p1b: Sinistcha\n|move|p2a: Archaludon|Flash Cannon|p1a: Gardevoir\n|-supereffective|p1a: Gardevoir|1\n|-damage|p1a: Gardevoir|0 fnt\n|faint|p1a: Gardevoir\n|move|p1b: Sinistcha|Matcha Gotcha|p2b: Pelipper|[spread] p2a,p2b\n|-resisted|p2a: Archaludon|2\n|-damage|p2a: Archaludon|19/100\n|-damage|p2b: Pelipper|0 fnt\n|faint|p2b: Pelipper\n|\n|-heal|p2a: Archaludon|25/100|[from] item: Leftovers\n|-sideend|p2: RichardTheCompany|move: Tailwind\n|upkeep\n|\n|t:|1776615555\n|switch|p2b: Basculegion|Basculegion, L50, M|100/100\n|turn|7\n|\n|t:|1776615571\n|move|p2b: Basculegion|Last Respects|p1b: Sinistcha\n|-supereffective|p1b: Sinistcha|1\n|-damage|p1b: Sinistcha|0 fnt\n|faint|p1b: Sinistcha\n|\n|win|RichardTheCompany\n|n|\u2606Nazurokku|nazurokku\n|n| PotbellyDemon|potbellydemon\n|n| Rolling Stonedge|rollingstonedge\n|n|\u2606RichardTheCompany|richardthecompany\n|l| Rolling Stonedge\n|l|\u2606Nazurokku\n|player|p1|\n|l|\u2606RichardTheCompany\n|player|p2|\n",
  "uploadtime": 1776615370,
  "views": 26,
  "formatid": "gen9championsvgc2026regma",
  "rating": null,
  "private": 0,
  "password": null
}