{
  "id": "gen9championsvgc2026regma-2582201146",
  "format": "[Gen 9 Champions] VGC 2026 Reg M-A",
  "players": [
    "ByPlus2005",
    "porygon-epilepz"
  ],
  "log": "|j|\u2606ByPlus2005\n|j|\u2606porygon-epilepz\n|t:|1776070598\n|gametype|doubles\n|player|p1|ByPlus2005|n|1038\n|player|p2|porygon-epilepz|hiker-gen4|1000\n|gen|9\n|tier|[Gen 9 Champions] VGC 2026 Reg M-A\n|rated|\n|rule|Species Clause: Limit one of each Pok\u00e9mon\n|rule|Item Clause: Limit 1 of each item\n|clearpoke\n|poke|p1|Torkoal, L50, M|\n|poke|p1|Slowbro, L50, F|\n|poke|p1|Sinistcha, L50|\n|poke|p1|Kingambit, L50, F|\n|poke|p1|Venusaur, L50, F|\n|poke|p1|Garchomp, L50, F|\n|poke|p2|Kommo-o, L50, F|\n|poke|p2|Incineroar, L50, F|\n|poke|p2|Glimmora, L50, F|\n|poke|p2|Sinistcha, L50|\n|poke|p2|Corviknight, L50, M|\n|poke|p2|Palafin, L50, F|\n|teampreview|4\n|\n|t:|1776070676\n|teamsize|p1|4\n|teamsize|p2|4\n|start\n|switch|p1a: Garchomp|Garchomp, L50, F|100/100\n|switch|p1b: Venusaur|Venusaur, L50, F|100/100\n|switch|p2a: Kommo-o|Kommo-o, L50, F|100/100\n|switch|p2b: Sinistcha|Sinistcha, L50|100/100\n|turn|1\n|\n|t:|1776070703\n|switch|p1a: Torkoal|Torkoal, L50, M|100/100\n|-weather|SunnyDay|[from] ability: Drought|[of] p1a: Torkoal\n|move|p2a: Kommo-o|Protect|p2a: Kommo-o\n|-singleturn|p2a: Kommo-o|Protect\n|move|p1b: Venusaur|Protect|p1b: Venusaur\n|-singleturn|p1b: Venusaur|Protect\n|move|p2b: Sinistcha|Matcha Gotcha|p1b: Venusaur|[spread] p1a\n|-activate|p1b: Venusaur|move: Protect\n|-resisted|p1a: Torkoal|1\n|-damage|p1a: Torkoal|87/100\n|\n|-weather|SunnyDay|[upkeep]\n|upkeep\n|turn|2\n|\n|t:|1776070744\n|switch|p1b: Sinistcha|Sinistcha, L50|100/100\n|-heal|p1a: Torkoal|100/100|[from] ability: Hospitality|[of] p1b: Sinistcha\n|move|p2a: Kommo-o|Clangorous Soul|p2a: Kommo-o\n|-boost|p2a: Kommo-o|atk|1\n|-boost|p2a: Kommo-o|def|1\n|-boost|p2a: Kommo-o|spa|1\n|-boost|p2a: Kommo-o|spd|1\n|-boost|p2a: Kommo-o|spe|1\n|-damage|p2a: Kommo-o|68/100\n|move|p2b: Sinistcha|Life Dew||[still]|[spread] p2a,p2b\n|-heal|p2a: Kommo-o|93/100\n|-fail|p2b: Sinistcha|heal\n|move|p1a: Torkoal|Heat Wave|p2a: Kommo-o|[spread] p2a,p2b\n|-resisted|p2a: Kommo-o|1\n|-supereffective|p2b: Sinistcha|1\n|-damage|p2a: Kommo-o|76/100\n|-damage|p2b: Sinistcha|16/100\n|-enditem|p2b: Sinistcha|Sitrus Berry|[eat]\n|-heal|p2b: Sinistcha|41/100|[from] item: Sitrus Berry\n|\n|-weather|SunnyDay|[upkeep]\n|-heal|p2a: Kommo-o|82/100|[from] item: Leftovers\n|upkeep\n|turn|3\n|\n|t:|1776070768\n|move|p1a: Torkoal|Protect|p1a: Torkoal\n|-singleturn|p1a: Torkoal|Protect\n|move|p2a: Kommo-o|Clanging Scales|p1b: Sinistcha|[spread] p1b\n|-activate|p1a: Torkoal|move: Protect\n|-damage|p1b: Sinistcha|41/100\n|-enditem|p1b: Sinistcha|Sitrus Berry|[eat]\n|-heal|p1b: Sinistcha|66/100|[from] item: Sitrus Berry\n|-unboost|p2a: Kommo-o|def|1\n|move|p2b: Sinistcha|Life Dew|p2b: Sinistcha|[spread] p2a,p2b\n|-heal|p2a: Kommo-o|100/100\n|-heal|p2b: Sinistcha|66/100\n|move|p1b: Sinistcha|Trick Room|p1b: Sinistcha\n|-fieldstart|move: Trick Room|[of] p1b: Sinistcha\n|\n|-weather|SunnyDay|[upkeep]\n|upkeep\n|turn|4\n|\n|t:|1776070788\n|switch|p2b: Incineroar|Incineroar, L50, F|100/100\n|-ability|p2b: Incineroar|Intimidate|boost\n|-unboost|p1a: Torkoal|atk|1\n|-unboost|p1b: Sinistcha|atk|1\n|move|p2a: Kommo-o|Protect|p2a: Kommo-o\n|-singleturn|p2a: Kommo-o|Protect\n|move|p1a: Torkoal|Eruption|p2a: Kommo-o|[spread] p2b\n|-activate|p2a: Kommo-o|move: Protect\n|-resisted|p2b: Incineroar|1\n|-damage|p2b: Incineroar|69/100\n|move|p1b: Sinistcha|Matcha Gotcha|p2b: Incineroar|[spread] p2b\n|-activate|p2a: Kommo-o|move: Protect\n|-resisted|p2b: Incineroar|1\n|-damage|p2b: Incineroar|59/100\n|-heal|p1b: Sinistcha|71/100|[from] drain|[of] p2b: Incineroar\n|\n|-weather|SunnyDay|[upkeep]\n|upkeep\n|turn|5\n|\n|t:|1776070806\n|switch|p1b: Garchomp|Garchomp, L50, F|100/100\n|move|p2b: Incineroar|Fake Out|p1a: Torkoal\n|-damage|p1a: Torkoal|92/100\n|cant|p1a: Torkoal|flinch\n|move|p2a: Kommo-o|Clanging Scales|p1b: Garchomp|[spread] p1a\n|-miss|p2a: Kommo-o|p1b: Garchomp\n|-damage|p1a: Torkoal|38/100\n|-unboost|p2a: Kommo-o|def|1\n|\n|-weather|none\n|upkeep\n|turn|6\n|\n|t:|1776070827\n|move|p1b: Garchomp|Protect|p1b: Garchomp\n|-singleturn|p1b: Garchomp|Protect\n|move|p2a: Kommo-o|Protect|p2a: Kommo-o\n|-singleturn|p2a: Kommo-o|Protect\n|move|p1a: Torkoal|Heat Wave|p2a: Kommo-o|[spread] p2b\n|-activate|p2a: Kommo-o|move: Protect\n|-resisted|p2b: Incineroar|1\n|-damage|p2b: Incineroar|45/100\n|move|p2b: Incineroar|Parting Shot|p1b: Garchomp\n|-activate|p1b: Garchomp|move: Protect\n|\n|upkeep\n|turn|7\n|\n|t:|1776070860\n|switch|p1b: Sinistcha|Sinistcha, L50|71/100\n|-heal|p1a: Torkoal|63/100|[from] ability: Hospitality|[of] p1b: Sinistcha\n|move|p1a: Torkoal|Heat Wave|p2a: Kommo-o|[spread] p2a,p2b\n|-resisted|p2a: Kommo-o|1\n|-resisted|p2b: Incineroar|1\n|-damage|p2a: Kommo-o|90/100\n|-damage|p2b: Incineroar|32/100\n|move|p2b: Incineroar|Parting Shot|p1b: Sinistcha\n|-unboost|p1b: Sinistcha|atk|1\n|-unboost|p1b: Sinistcha|spa|1\n|\n|t:|1776070885\n|switch|p2b: Sinistcha|Sinistcha, L50|66/100|[from] Parting Shot\n|-heal|p2a: Kommo-o|100/100|[from] ability: Hospitality|[of] p2b: Sinistcha\n|move|p2a: Kommo-o|Clanging Scales|p1b: Sinistcha|[spread] p1a,p1b\n|-damage|p1a: Torkoal|2/100\n|-damage|p1b: Sinistcha|10/100\n|-unboost|p2a: Kommo-o|def|1\n|\n|-fieldend|move: Trick Room\n|upkeep\n|turn|8\n|\n|t:|1776070910\n|move|p2a: Kommo-o|Clanging Scales|p1a: Torkoal|[spread] p1a,p1b\n|-damage|p1a: Torkoal|0 fnt\n|-damage|p1b: Sinistcha|0 fnt\n|faint|p1a: Torkoal\n|faint|p1b: Sinistcha\n|-unboost|p2a: Kommo-o|def|1\n|move|p2b: Sinistcha|Life Dew||[still]|[spread] p2a,p2b\n|-fail|p2a: Kommo-o|heal\n|-heal|p2b: Sinistcha|92/100\n|\n|upkeep\n|\n|t:|1776070920\n|switch|p1b: Venusaur|Venusaur, L50, F|100/100\n|switch|p1a: Garchomp|Garchomp, L50, F|100/100\n|turn|9\n|\n|t:|1776070929\n|detailschange|p1b: Venusaur|Venusaur-Mega, L50, F\n|-mega|p1b: Venusaur|Venusaur|Venusaurite\n|move|p1b: Venusaur|Protect|p1b: Venusaur\n|-singleturn|p1b: Venusaur|Protect\n|move|p2b: Sinistcha|Rage Powder|p2b: Sinistcha\n|-singleturn|p2b: Sinistcha|move: Rage Powder\n|move|p2a: Kommo-o|Clanging Scales|p1a: Garchomp|[spread] p1a\n|-activate|p1b: Venusaur|move: Protect\n|-supereffective|p1a: Garchomp|1\n|-damage|p1a: Garchomp|0 fnt\n|faint|p1a: Garchomp\n|-unboost|p2a: Kommo-o|def|1\n|\n|upkeep\n|turn|10\n|\n|t:|1776070958\n|move|p2a: Kommo-o|Protect|p2a: Kommo-o\n|-singleturn|p2a: Kommo-o|Protect\n|move|p1b: Venusaur|Giga Drain|p2a: Kommo-o\n|-activate|p2a: Kommo-o|move: Protect\n|move|p2b: Sinistcha|Matcha Gotcha|p1b: Venusaur|[miss]\n|-miss|p2b: Sinistcha|p1b: Venusaur\n|\n|upkeep\n|turn|11\n|\n|t:|1776070988\n|move|p2a: Kommo-o|Clanging Scales|p1b: Venusaur\n|-damage|p1b: Venusaur|44/100\n|-unboost|p2a: Kommo-o|def|1\n|move|p1b: Venusaur|Giga Drain|p2a: Kommo-o\n|-resisted|p2a: Kommo-o|1\n|-damage|p2a: Kommo-o|87/100\n|-heal|p1b: Venusaur|51/100|[from] drain|[of] p2a: Kommo-o\n|move|p2b: Sinistcha|Life Dew|p2b: Sinistcha|[spread] p2a,p2b\n|-heal|p2a: Kommo-o|100/100\n|-heal|p2b: Sinistcha|100/100\n|\n|upkeep\n|turn|12\n|\n|t:|1776071006\n|move|p2a: Kommo-o|Clanging Scales|p1b: Venusaur\n|-damage|p1b: Venusaur|0 fnt\n|faint|p1b: Venusaur\n|\n|win|porygon-epilepz\n|raw|ByPlus2005's rating: 1038 &rarr; <strong>1021</strong><br />(-17 for losing)\n|raw|porygon-epilepz's rating: 1000 &rarr; <strong>1044</strong><br />(+44 for winning)\n",
  "uploadtime": 1776070601,
  "views": 17,
  "formatid": "gen9championsvgc2026regma",
  "rating": 1021,
  "private": 0,
  "password": null
}