{
  "id": "gen9championsvgc2026regma-2581321004",
  "format": "[Gen 9 Champions] VGC 2026 Reg M-A",
  "players": [
    "Olympicsvgc",
    "daedae007"
  ],
  "log": "|j|\u2606Olympicsvgc\n|j|\u2606daedae007\n|t:|1775986301\n|gametype|doubles\n|player|p1|Olympicsvgc|dawn|1299\n|player|p2|daedae007|1|1244\n|gen|9\n|tier|[Gen 9 Champions] VGC 2026 Reg M-A\n|rated|\n|rule|Species Clause: Limit one of each Pok\u00e9mon\n|rule|Item Clause: Limit 1 of each item\n|clearpoke\n|poke|p1|Gengar, L50, M|\n|poke|p1|Incineroar, L50, F|\n|poke|p1|Azumarill, L50, M|\n|poke|p1|Sinistcha, L50|\n|poke|p1|Clefable, L50, M|\n|poke|p1|Sneasler, L50, M|\n|poke|p2|Greninja-*, L50, M|\n|poke|p2|Kingambit, L50, F|\n|poke|p2|Kommo-o, L50, F|\n|poke|p2|Sinistcha-Masterpiece, L50|\n|poke|p2|Incineroar, L50, M|\n|poke|p2|Charizard, L50, M|\n|teampreview|4\n|j| gE1xjZRtuhW2DdT0AK\n|\n|t:|1775986342\n|teamsize|p1|4\n|teamsize|p2|4\n|start\n|switch|p1a: Sneasler|Sneasler, L50, M|100/100\n|switch|p1b: Gengar|Gengar, L50, M|100/100\n|switch|p2a: Greninja|Greninja, L50, M|100/100\n|switch|p2b: Incineroar|Incineroar, L50, M|100/100\n|-ability|p2b: Incineroar|Intimidate|boost\n|-unboost|p1a: Sneasler|atk|1\n|-unboost|p1b: Gengar|atk|1\n|turn|1\n|\n|t:|1775986360\n|switch|p2a: Sinistcha|Sinistcha-Masterpiece, L50|100/100\n|detailschange|p1b: Gengar|Gengar-Mega, L50, M\n|-mega|p1b: Gengar|Gengar|Gengarite\n|move|p1b: Gengar|Protect|p1b: Gengar\n|-singleturn|p1b: Gengar|Protect\n|move|p1a: Sneasler|Protect|p1a: Sneasler\n|-singleturn|p1a: Sneasler|Protect\n|move|p2b: Incineroar|Darkest Lariat|p1b: Gengar\n|-activate|p1b: Gengar|move: Protect\n|\n|upkeep\n|turn|2\n|inactive|Battle timer is ON: inactive players will automatically lose when time's up. (requested by daedae007)\n|\n|t:|1775986382\n|switch|p1b: Incineroar|Incineroar, L50, F|100/100\n|-ability|p1b: Incineroar|Intimidate|boost\n|-unboost|p2a: Sinistcha|atk|1\n|-unboost|p2b: Incineroar|atk|1\n|move|p1a: Sneasler|Close Combat|p2b: Incineroar\n|-supereffective|p2b: Incineroar|1\n|-enditem|p2b: Incineroar|Chople Berry|[eat]\n|-enditem|p2b: Incineroar|Chople Berry|[weaken]\n|-damage|p2b: Incineroar|62/100\n|-unboost|p1a: Sneasler|def|1\n|-unboost|p1a: Sneasler|spd|1\n|move|p2b: Incineroar|Darkest Lariat|p1b: Incineroar\n|-resisted|p1b: Incineroar|1\n|-damage|p1b: Incineroar|90/100\n|move|p2a: Sinistcha|Trick Room|p2a: Sinistcha\n|-fieldstart|move: Trick Room|[of] p2a: Sinistcha\n|\n|upkeep\n|turn|3\n|inactive|daedae007 has 30 seconds left.\n|\n|t:|1775986411\n|switch|p2a: Kingambit|Kingambit, L50, F|100/100\n|move|p1b: Incineroar|Flare Blitz|p2a: Kingambit\n|-supereffective|p2a: Kingambit|1\n|-damage|p2a: Kingambit|31/100\n|-damage|p1b: Incineroar|66/100|[from] Recoil\n|move|p2b: Incineroar|Parting Shot|p1a: Sneasler\n|-unboost|p1a: Sneasler|atk|1\n|-unboost|p1a: Sneasler|spa|1\n|\n|t:|1775986419\n|switch|p2b: Sinistcha|Sinistcha-Masterpiece, L50|100/100|[from] Parting Shot\n|-heal|p2a: Kingambit|55/100|[from] ability: Hospitality|[of] p2b: Sinistcha\n|move|p1a: Sneasler|Close Combat|p2b: Sinistcha\n|-immune|p2b: Sinistcha\n|\n|upkeep\n|turn|4\n|\n|t:|1775986435\n|switch|p2b: Incineroar|Incineroar, L50, M|62/100\n|-ability|p2b: Incineroar|Intimidate|boost\n|-unboost|p1a: Sneasler|atk|1\n|-unboost|p1b: Incineroar|atk|1\n|move|p2a: Kingambit|Protect|p2a: Kingambit\n|-singleturn|p2a: Kingambit|Protect\n|move|p1b: Incineroar|Flare Blitz|p2a: Kingambit\n|-activate|p2a: Kingambit|move: Protect\n|move|p1a: Sneasler|Close Combat|p2a: Kingambit\n|-activate|p2a: Kingambit|move: Protect\n|\n|upkeep\n|turn|5\n|inactive|Olympicsvgc has 30 seconds left.\n|\n|t:|1775986464\n|switch|p1a: Azumarill|Azumarill, L50, M|100/100\n|move|p1b: Incineroar|Protect|p1b: Incineroar\n|-singleturn|p1b: Incineroar|Protect\n|move|p2b: Incineroar|Fake Out|p1b: Incineroar\n|-activate|p1b: Incineroar|move: Protect\n|move|p2a: Kingambit|Iron Head|p1a: Azumarill\n|-damage|p1a: Azumarill|58/100\n|\n|upkeep\n|turn|6\n|inactive|Olympicsvgc has 30 seconds left.\n|\n|t:|1775986495\n|switch|p2b: Sinistcha|Sinistcha-Masterpiece, L50|100/100\n|-heal|p2a: Kingambit|80/100|[from] ability: Hospitality|[of] p2b: Sinistcha\n|move|p2a: Kingambit|Protect|p2a: Kingambit\n|-singleturn|p2a: Kingambit|Protect\n|move|p1a: Azumarill|Whirlpool|p2b: Sinistcha\n|-resisted|p2b: Sinistcha|1\n|-damage|p2b: Sinistcha|97/100\n|-activate|p2b: Sinistcha|move: Whirlpool|[of] p1a: Azumarill\n|move|p1b: Incineroar|Parting Shot|p2b: Sinistcha\n|-unboost|p2b: Sinistcha|atk|1\n|-unboost|p2b: Sinistcha|spa|1\n|\n|t:|1775986500\n|switch|p1b: Sneasler|Sneasler, L50, M|100/100|[from] Parting Shot\n|\n|-damage|p2b: Sinistcha|85/100|[from] move: Whirlpool|[partiallytrapped]\n|-fieldend|move: Trick Room\n|upkeep\n|turn|7\n|inactive|Olympicsvgc has 30 seconds left.\n|inactive|Olympicsvgc has 20 seconds left.\n|inactive|daedae007 has 30 seconds left.\n|\n|t:|1775986541\n|switch|p2a: Incineroar|Incineroar, L50, M|62/100\n|-ability|p2a: Incineroar|Intimidate|boost\n|-unboost|p1a: Azumarill|atk|1\n|-unboost|p1b: Sneasler|atk|1\n|switch|p1a: Gengar|Gengar-Mega, L50, M|100/100\n|move|p1b: Sneasler|Close Combat|p2a: Incineroar\n|-supereffective|p2a: Incineroar|1\n|-damage|p2a: Incineroar|0 fnt\n|-unboost|p1b: Sneasler|def|1\n|-unboost|p1b: Sneasler|spd|1\n|faint|p2a: Incineroar\n|move|p2b: Sinistcha|Shadow Ball|p1b: Sneasler\n|-damage|p1b: Sneasler|54/100\n|\n|-end|p2b: Sinistcha|Whirlpool|[partiallytrapped]|[silent]\n|upkeep\n|\n|t:|1775986552\n|switch|p2a: Greninja|Greninja, L50, M|100/100\n|turn|8\n|inactive|Olympicsvgc has 30 seconds left.\n|\n|t:|1775986581\n|switch|p1b: Incineroar|Incineroar, L50, F|66/100\n|-ability|p1b: Incineroar|Intimidate|boost\n|-unboost|p2a: Greninja|atk|1\n|-unboost|p2b: Sinistcha|atk|1\n|switch|p2b: Kingambit|Kingambit, L50, F|80/100\n|detailschange|p2a: Greninja|Greninja-Mega, L50, M\n|-mega|p2a: Greninja|Greninja|Greninjite\n|move|p1a: Gengar|Protect|p1a: Gengar\n|-singleturn|p1a: Gengar|Protect\n|move|p2a: Greninja|Extrasensory|p1a: Gengar\n|-start|p2a: Greninja|typechange|Psychic|[from] ability: Protean\n|-activate|p1a: Gengar|move: Protect\n|\n|upkeep\n|turn|9\n|\n|t:|1775986605\n|move|p1b: Incineroar|Fake Out|p2a: Greninja\n|-damage|p2a: Greninja|83/100\n|cant|p2a: Greninja|flinch\n|move|p1a: Gengar|Substitute|p1a: Gengar\n|-start|p1a: Gengar|Substitute\n|-damage|p1a: Gengar|76/100\n|move|p2b: Kingambit|Kowtow Cleave|p1a: Gengar\n|-supereffective|p1a: Gengar|1\n|-end|p1a: Gengar|Substitute\n|\n|upkeep\n|turn|10\n|inactive|Olympicsvgc has 30 seconds left.\n|\n|t:|1775986637\n|switch|p1b: Azumarill|Azumarill, L50, M|58/100\n|move|p1a: Gengar|Protect|p1a: Gengar\n|-singleturn|p1a: Gengar|Protect\n|move|p2a: Greninja|Hydro Pump|p1b: Azumarill\n|-resisted|p1b: Azumarill|1\n|-damage|p1b: Azumarill|43/100\n|move|p2b: Kingambit|Kowtow Cleave|p1a: Gengar\n|-activate|p1a: Gengar|move: Protect\n|\n|upkeep\n|turn|11\n|inactive|Olympicsvgc has 30 seconds left.\n|inactive|Olympicsvgc has 20 seconds left.\n|inactive|Olympicsvgc has 15 seconds left.\n|inactive|Olympicsvgc has 10 seconds left.\n|\n|t:|1775986686\n|switch|p1a: Incineroar|Incineroar, L50, F|66/100\n|-ability|p1a: Incineroar|Intimidate|boost\n|-unboost|p2a: Greninja|atk|1\n|-unboost|p2b: Kingambit|atk|1\n|-ability|p2b: Kingambit|Defiant|boost\n|-boost|p2b: Kingambit|atk|2\n|move|p2a: Greninja|Extrasensory|p1a: Incineroar\n|-immune|p1a: Incineroar\n|move|p2b: Kingambit|Iron Head|p1b: Azumarill\n|-damage|p1b: Azumarill|0 fnt\n|faint|p1b: Azumarill\n|\n|upkeep\n|\n|t:|1775986696\n|switch|p1b: Sneasler|Sneasler, L50, M|54/100\n|turn|12\n|\n|t:|1775986707\n|switch|p2b: Sinistcha|Sinistcha-Masterpiece, L50|85/100\n|-heal|p2a: Greninja|100/100|[from] ability: Hospitality|[of] p2b: Sinistcha\n|move|p1a: Incineroar|Fake Out|p2a: Greninja\n|-damage|p2a: Greninja|84/100\n|cant|p2a: Greninja|flinch\n|move|p1b: Sneasler|Close Combat|p2a: Greninja\n|-resisted|p2a: Greninja|1\n|-damage|p2a: Greninja|39/100\n|-unboost|p1b: Sneasler|def|1\n|-unboost|p1b: Sneasler|spd|1\n|\n|upkeep\n|turn|13\n|\n|t:|1775986722\n|move|p2b: Sinistcha|Rage Powder|p2b: Sinistcha\n|-singleturn|p2b: Sinistcha|move: Rage Powder\n|move|p2a: Greninja|Hydro Pump|p1a: Incineroar\n|-supereffective|p1a: Incineroar|1\n|-damage|p1a: Incineroar|9/100\n|-enditem|p1a: Incineroar|Sitrus Berry|[eat]\n|-heal|p1a: Incineroar|34/100|[from] item: Sitrus Berry\n|move|p1b: Sneasler|Dire Claw|p2b: Sinistcha\n|-damage|p2b: Sinistcha|46/100\n|-enditem|p2b: Sinistcha|Sitrus Berry|[eat]\n|-heal|p2b: Sinistcha|71/100|[from] item: Sitrus Berry\n|move|p1a: Incineroar|Flare Blitz|p2b: Sinistcha\n|-supereffective|p2b: Sinistcha|1\n|-damage|p2b: Sinistcha|0 fnt\n|faint|p2b: Sinistcha\n|-damage|p1a: Incineroar|13/100|[from] Recoil\n|\n|upkeep\n|\n|t:|1775986735\n|switch|p2b: Kingambit|Kingambit, L50, F|80/100\n|turn|14\n|inactive|Olympicsvgc has 30 seconds left.\n|\n|t:|1775986768\n|move|p2b: Kingambit|Sucker Punch|p1a: Incineroar\n|-resisted|p1a: Incineroar|1\n|-damage|p1a: Incineroar|0 fnt\n|faint|p1a: Incineroar\n|move|p2a: Greninja|Extrasensory|p1b: Sneasler\n|-supereffective|p1b: Sneasler|2\n|-damage|p1b: Sneasler|0 fnt\n|faint|p1b: Sneasler\n|\n|upkeep\n|-message|Olympicsvgc forfeited.\n|\n|win|daedae007\n|raw|Olympicsvgc's rating: 1299 &rarr; <strong>1270</strong><br />(-29 for losing)\n|raw|daedae007's rating: 1244 &rarr; <strong>1273</strong><br />(+29 for winning)\n|l|\u2606Olympicsvgc\n|player|p1|\n|l| gE1xjZRtuhW2DdT0AK\n",
  "uploadtime": 1775986776,
  "views": 30,
  "formatid": "gen9championsvgc2026regma",
  "rating": 1270,
  "private": 0,
  "password": null
}