{
  "id": "gen9championsvgc2026regma-2589425214",
  "format": "[Gen 9 Champions] VGC 2026 Reg M-A",
  "players": [
    "cyber2077",
    "MimikyuBot"
  ],
  "log": "|j|\u2606cyber2077\n|j|\u2606MimikyuBot\n|t:|1776721870\n|gametype|doubles\n|player|p1|cyber2077|eusine|1027\n|player|p2|MimikyuBot|266|1021\n|gen|9\n|tier|[Gen 9 Champions] VGC 2026 Reg M-A\n|rated|\n|rule|Species Clause: Limit one of each Pok\u00e9mon\n|rule|Item Clause: Limit 1 of each item\n|clearpoke\n|poke|p1|Aggron, L50, M|\n|poke|p1|Sinistcha, L50|\n|poke|p1|Farigiraf, L50, F|\n|poke|p1|Tyranitar, L50, F|\n|poke|p1|Sneasler, L50, M|\n|poke|p1|Incineroar, L50, M|\n|poke|p2|Aegislash, L50, M, shiny|\n|poke|p2|Whimsicott, L50, M, shiny|\n|poke|p2|Gallade, L50, M, shiny|\n|poke|p2|Incineroar, L50, M, shiny|\n|poke|p2|Clefable, L50, M, shiny|\n|poke|p2|Milotic, L50, M, shiny|\n|teampreview|4\nMimikyuBot has agreed to open team sheets.\n|inactive|Battle timer is ON: inactive players will automatically lose when time's up. (requested by cyber2077)\n|inactive|MimikyuBot has 60 seconds left.\n|inactive|MimikyuBot has 30 seconds left.\n|inactive|MimikyuBot has 20 seconds left.\n|inactive|MimikyuBot has 15 seconds left.\n|inactive|MimikyuBot has 10 seconds left.\n|inactive|MimikyuBot has 5 seconds left.\n|\n|t:|1776721982\n|teamsize|p1|4\n|teamsize|p2|4\n|start\n|switch|p1a: Aggron|Aggron, L50, M|100/100\n|switch|p1b: Sneasler|Sneasler, L50, M|100/100\n|switch|p2a: Aegislash|Aegislash, L50, M, shiny|100/100\n|switch|p2b: Whimsicott|Whimsicott, L50, M, shiny|100/100\n|turn|1\n|inactive|MimikyuBot also wants the timer to be on.\n|\n|t:|1776721991\n|detailschange|p1a: Aggron|Aggron-Mega, L50, M\n|-mega|p1a: Aggron|Aggron|Aggronite\n|-formechange|p2a: Aegislash|Aegislash-Blade|\n|move|p2a: Aegislash|Shadow Sneak|p1b: Sneasler\n|-damage|p1b: Sneasler|53/100\n|move|p1b: Sneasler|Coaching|p1a: Aggron\n|-boost|p1a: Aggron|atk|1\n|-boost|p1a: Aggron|def|1\n|move|p2b: Whimsicott|Moonblast|p1b: Sneasler\n|-damage|p1b: Sneasler|8/100\n|move|p1a: Aggron|Heavy Slam|p2b: Whimsicott\n|-supereffective|p2b: Whimsicott|1\n|-enditem|p2b: Whimsicott|Focus Sash\n|-damage|p2b: Whimsicott|1/100\n|\n|upkeep\n|turn|2\n|\n|t:|1776722004\n|move|p1b: Sneasler|Dire Claw|p2b: Whimsicott\n|-supereffective|p2b: Whimsicott|2\n|-damage|p2b: Whimsicott|0 fnt\n|faint|p2b: Whimsicott\n|move|p2a: Aegislash|Iron Head|p1b: Sneasler\n|-damage|p1b: Sneasler|0 fnt\n|faint|p1b: Sneasler\n|move|p1a: Aggron|Iron Defense|p1a: Aggron\n|-boost|p1a: Aggron|def|2\n|\n|upkeep\n|\n|t:|1776722012\n|switch|p1b: Farigiraf|Farigiraf, L50, F|100/100\n|switch|p2b: Gallade|Gallade, L50, M, shiny|100/100\n|turn|3\n|\n|t:|1776722019\n|switch|p2b: Incineroar|Incineroar, L50, M, shiny|100/100\n|-ability|p2b: Incineroar|Intimidate|boost\n|-unboost|p1a: Aggron|atk|1\n|-unboost|p1b: Farigiraf|atk|1\n|move|p2a: Aegislash|Iron Head|p1b: Farigiraf\n|-damage|p1b: Farigiraf|52/100\n|move|p1a: Aggron|Heavy Slam|p2b: Incineroar\n|-resisted|p2b: Incineroar|1\n|-damage|p2b: Incineroar|82/100\n|move|p1b: Farigiraf|Trick Room|p1b: Farigiraf\n|-fieldstart|move: Trick Room|[of] p1b: Farigiraf\n|\n|-heal|p1b: Farigiraf|59/100|[from] item: Leftovers\n|-heal|p2b: Incineroar|88/100|[from] item: Leftovers\n|upkeep\n|turn|4\n|\n|t:|1776722042\n|move|p1a: Aggron|Body Press|p2b: Incineroar\n|-supereffective|p2b: Incineroar|1\n|-damage|p2b: Incineroar|0 fnt\n|faint|p2b: Incineroar\n|move|p1b: Farigiraf|Hyper Voice|p2a: Aegislash\n|-immune|p2a: Aegislash\n|move|p2a: Aegislash|Iron Head|p1b: Farigiraf\n|-damage|p1b: Farigiraf|4/100\n|\n|-heal|p1b: Farigiraf|11/100|[from] item: Leftovers\n|upkeep\n|\n|t:|1776722042\n|switch|p2b: Gallade|Gallade, L50, M, shiny|100/100\n|turn|5\n|\n|t:|1776722048\n|detailschange|p2b: Gallade|Gallade-Mega, L50, M, shiny\n|-mega|p2b: Gallade|Gallade|Galladite\n|move|p1b: Farigiraf|Protect|p1b: Farigiraf\n|-singleturn|p1b: Farigiraf|Protect\n|move|p1a: Aggron|Heavy Slam|p2b: Gallade\n|-damage|p2b: Gallade|26/100\n|move|p2a: Aegislash|Iron Head|p1b: Farigiraf\n|-activate|p1b: Farigiraf|move: Protect\n|move|p2b: Gallade|Psycho Cut|p1b: Farigiraf\n|-activate|p1b: Farigiraf|move: Protect\n|\n|-heal|p1b: Farigiraf|17/100|[from] item: Leftovers\n|upkeep\n|turn|6\n|\n|t:|1776722064\n|switch|p1b: Sinistcha|Sinistcha, L50|100/100\n|move|p1a: Aggron|Heavy Slam|p2b: Gallade\n|-damage|p2b: Gallade|0 fnt\n|faint|p2b: Gallade\n|move|p2a: Aegislash|Iron Head|p1b: Sinistcha\n|-damage|p1b: Sinistcha|57/100\n|\n|upkeep\n|turn|7\n|\n|t:|1776722072\n|move|p1a: Aggron|Heavy Slam|p2a: Aegislash\n|-resisted|p2a: Aegislash|1\n|-damage|p2a: Aegislash|47/100\n|move|p2a: Aegislash|Poltergeist|p1b: Sinistcha\n|-activate|p1b: Sinistcha|move: Poltergeist|Mental Herb\n|-supereffective|p1b: Sinistcha|1\n|-damage|p1b: Sinistcha|0 fnt\n|faint|p1b: Sinistcha\n|\n|-fieldend|move: Trick Room\n|upkeep\n|\n|t:|1776722079\n|switch|p1b: Farigiraf|Farigiraf, L50, F|17/100\n|turn|8\n|\n|t:|1776722081\n|move|p2a: Aegislash|Iron Head|p1b: Farigiraf\n|-damage|p1b: Farigiraf|0 fnt\n|faint|p1b: Farigiraf\n|move|p1a: Aggron|Heavy Slam|p2a: Aegislash\n|-resisted|p2a: Aegislash|1\n|-damage|p2a: Aegislash|0 fnt\n|faint|p2a: Aegislash\n|\n|win|cyber2077\n",
  "uploadtime": 1776721983,
  "views": 3,
  "formatid": "gen9championsvgc2026regma",
  "rating": null,
  "private": 0,
  "password": null
}