{
  "id": "gen9championsvgc2026regma-2587816551",
  "format": "[Gen 9 Champions] VGC 2026 Reg M-A",
  "players": [
    "alexfran111",
    "Twishts"
  ],
  "log": "|j|\u2606alexfran111\n|j|\u2606Twishts\n|t:|1776566953\n|gametype|doubles\n|player|p1|alexfran111|102|1401\n|player|p2|Twishts|policeman-gen4|1470\n|gen|9\n|tier|[Gen 9 Champions] VGC 2026 Reg M-A\n|rated|\n|rule|Species Clause: Limit one of each Pok\u00e9mon\n|rule|Item Clause: Limit 1 of each item\n|clearpoke\n|poke|p1|Charizard, L50, F|\n|poke|p1|Venusaur, L50, M|\n|poke|p1|Garchomp, L50, M|\n|poke|p1|Rotom-Wash, L50|\n|poke|p1|Sneasler, L50, F|\n|poke|p1|Incineroar, L50, F|\n|poke|p2|Aerodactyl, L50, F|\n|poke|p2|Garchomp, L50, M|\n|poke|p2|Milotic, L50, F|\n|poke|p2|Floette-Eternal, L50, F|\n|poke|p2|Incineroar, L50, F|\n|poke|p2|Scizor, L50, F|\n|teampreview|4\n|inactive|Battle timer is ON: inactive players will automatically lose when time's up. (requested by alexfran111)\nTwishts rejected open team sheets.\n|\n|t:|1776566967\n|teamsize|p1|4\n|teamsize|p2|4\n|start\n|switch|p1a: Charizard|Charizard, L50, F|100/100\n|switch|p1b: Sneasler|Sneasler, L50, F|100/100\n|switch|p2a: Aerodactyl|Aerodactyl, L50, F|100/100\n|switch|p2b: Garchomp|Garchomp, L50, M|100/100\n|-ability|p2a: Aerodactyl|Unnerve\n|turn|1\n|\n|t:|1776566979\n|detailschange|p1a: Charizard|Charizard-Mega-Y, L50, F\n|-mega|p1a: Charizard|Charizard|Charizardite Y\n|-weather|SunnyDay|[from] ability: Drought|[of] p1a: Charizard\n|move|p2a: Aerodactyl|Protect|p2a: Aerodactyl\n|-singleturn|p2a: Aerodactyl|Protect\n|move|p1a: Charizard|Protect|p1a: Charizard\n|-singleturn|p1a: Charizard|Protect\n|move|p1b: Sneasler|Rock Slide|p2b: Garchomp|[spread] p2b\n|-activate|p2a: Aerodactyl|move: Protect\n|-resisted|p2b: Garchomp|1\n|-crit|p2b: Garchomp\n|-damage|p2b: Garchomp|86/100\n|move|p2b: Garchomp|Rock Slide|p1b: Sneasler|[spread] p1b\n|-activate|p1a: Charizard|move: Protect\n|-resisted|p1b: Sneasler|1\n|-crit|p1b: Sneasler\n|-damage|p1b: Sneasler|75/100\n|\n|-weather|SunnyDay|[upkeep]\n|upkeep\n|turn|2\n|\n|t:|1776566999\n|switch|p1b: Rotom|Rotom-Wash, L50|100/100\n|switch|p1a: Venusaur|Venusaur, L50, M|100/100\n|move|p2a: Aerodactyl|Tailwind|p2a: Aerodactyl\n|-sidestart|p2: Twishts|move: Tailwind\n|move|p2b: Garchomp|Rock Slide|p1b: Rotom|[spread] p1a\n|-miss|p2b: Garchomp|p1b: Rotom\n|-damage|p1a: Venusaur|75/100\n|\n|-weather|SunnyDay|[upkeep]\n|upkeep\n|turn|3\n|\n|t:|1776567014\n|move|p2a: Aerodactyl|Dual Wingbeat|p1a: Venusaur\n|-supereffective|p1a: Venusaur|1\n|-damage|p1a: Venusaur|29/100\n|-supereffective|p1a: Venusaur|1\n|-damage|p1a: Venusaur|0 fnt\n|faint|p1a: Venusaur\n|-hitcount|p1: Venusaur|2\n|move|p2b: Garchomp|Dragon Claw|p1b: Rotom\n|-crit|p1b: Rotom\n|-damage|p1b: Rotom|47/100\n|move|p1b: Rotom|Thunderbolt|p2a: Aerodactyl\n|-supereffective|p2a: Aerodactyl|1\n|-damage|p2a: Aerodactyl|4/100\n|\n|-weather|SunnyDay|[upkeep]\n|-heal|p1b: Rotom|53/100|[from] item: Leftovers\n|upkeep\n|\n|t:|1776567018\n|switch|p1a: Sneasler|Sneasler, L50, F|75/100\n|turn|4\n|\n|t:|1776567032\n|move|p2a: Aerodactyl|Protect|p2a: Aerodactyl\n|-singleturn|p2a: Aerodactyl|Protect\n|move|p2b: Garchomp|Protect|p2b: Garchomp\n|-singleturn|p2b: Garchomp|Protect\n|move|p1a: Sneasler|Fake Out|p2b: Garchomp\n|-activate|p2b: Garchomp|move: Protect\n|move|p1b: Rotom|Will-O-Wisp|p2b: Garchomp\n|-activate|p2b: Garchomp|move: Protect\n|\n|-weather|SunnyDay|[upkeep]\n|-heal|p1b: Rotom|58/100|[from] item: Leftovers\n|upkeep\n|turn|5\n|\n|t:|1776567047\n|switch|p1a: Charizard|Charizard-Mega-Y, L50, F|100/100\n|move|p2a: Aerodactyl|Rock Slide|p1b: Rotom|[spread] p1b\n|-miss|p2a: Aerodactyl|p1a: Charizard\n|-damage|p1b: Rotom|37/100\n|move|p2b: Garchomp|Earthquake|p1a: Charizard|[spread] \n|-immune|p2a: Aerodactyl\n|-immune|p1a: Charizard\n|-immune|p1b: Rotom|[from] ability: Levitate\n|move|p1b: Rotom|Thunderbolt|p2a: Aerodactyl\n|-supereffective|p2a: Aerodactyl|1\n|-damage|p2a: Aerodactyl|0 fnt\n|faint|p2a: Aerodactyl\n|\n|-weather|none\n|-heal|p1b: Rotom|43/100|[from] item: Leftovers\n|-sideend|p2: Twishts|move: Tailwind\n|upkeep\n|\n|t:|1776567060\n|switch|p2a: Milotic|Milotic, L50, F|100/100\n|turn|6\n|\n|t:|1776567069\n|move|p2b: Garchomp|Rock Slide|p1a: Charizard|[spread] p1a,p1b\n|-supereffective|p1a: Charizard|2\n|-damage|p1a: Charizard|0 fnt\n|-damage|p1b: Rotom|25/100\n|faint|p1a: Charizard\n|cant|p1b: Rotom|flinch\n|move|p2a: Milotic|Muddy Water|p1b: Rotom\n|-resisted|p1b: Rotom|1\n|-damage|p1b: Rotom|8/100\n|-unboost|p1b: Rotom|accuracy|1\n|\n|-heal|p1b: Rotom|13/100|[from] item: Leftovers\n|upkeep\n|\n|t:|1776567076\n|switch|p1a: Sneasler|Sneasler, L50, F|75/100\n|turn|7\n|\n|t:|1776567084\n|move|p2b: Garchomp|Protect|p2b: Garchomp\n|-singleturn|p2b: Garchomp|Protect\n|move|p2a: Milotic|Protect|p2a: Milotic\n|-singleturn|p2a: Milotic|Protect\n|move|p1a: Sneasler|Fake Out|p2b: Garchomp\n|-activate|p2b: Garchomp|move: Protect\n|move|p1b: Rotom|Will-O-Wisp|p2b: Garchomp\n|-activate|p2b: Garchomp|move: Protect\n|\n|-heal|p1b: Rotom|19/100|[from] item: Leftovers\n|upkeep\n|turn|8\n|inactive|alexfran111 has 30 seconds left.\n|inactive|alexfran111 has 20 seconds left.\n|inactive|alexfran111 has 15 seconds left.\n|inactive|alexfran111 has 10 seconds left.\n|inactive|alexfran111 has 5 seconds left.\n|\n|t:|1776567139\n|move|p1a: Sneasler|Fake Out||[still]\n|-hint|Fake Out only works on your first turn out.\n|-fail|p1a: Sneasler\n|move|p2b: Garchomp|Dragon Claw|p1b: Rotom\n|-damage|p1b: Rotom|0 fnt\n|faint|p1b: Rotom\n|move|p2a: Milotic|Muddy Water|p1a: Sneasler|[miss]\n|-miss|p2a: Milotic|p1a: Sneasler\n|\n|upkeep\n|turn|9\n|inactive|alexfran111 has 30 seconds left.\n|c|\u2606Twishts|gg\n|inactive|alexfran111 has 20 seconds left.\n|inactive|alexfran111 has 15 seconds left.\n|inactive|alexfran111 has 10 seconds left.\n|inactive|alexfran111 has 5 seconds left.\n|-message|alexfran111 forfeited.\n|\n|win|Twishts\n|raw|alexfran111's rating: 1401 &rarr; <strong>1385</strong><br />(-16 for losing)\n|raw|Twishts's rating: 1470 &rarr; <strong>1486</strong><br />(+16 for winning)\n|l|\u2606alexfran111\n|player|p1|\n|l|\u2606Twishts\n|player|p2|\n",
  "uploadtime": 1776567213,
  "views": 15,
  "formatid": "gen9championsvgc2026regma",
  "rating": 1385,
  "private": 0,
  "password": null
}