{
  "id": "gen9championsvgc2026regma-2581736346",
  "format": "[Gen 9 Champions] VGC 2026 Reg M-A",
  "players": [
    "unc slayer",
    "zmdate"
  ],
  "log": "|j|\u2606unc slayer\n|j|\u2606zmdate\n|t:|1776024462\n|gametype|doubles\n|player|p1|unc slayer|giovanni|1073\n|player|p2|zmdate|rood|1105\n|gen|9\n|tier|[Gen 9 Champions] VGC 2026 Reg M-A\n|rated|\n|rule|Species Clause: Limit one of each Pok\u00e9mon\n|rule|Item Clause: Limit 1 of each item\n|clearpoke\n|poke|p1|Incineroar, L50, F|\n|poke|p1|Farigiraf, L50, M|\n|poke|p1|Torkoal, L50, M|\n|poke|p1|Golurk, L50|\n|poke|p1|Venusaur, L50, F|\n|poke|p1|Scovillain, L50, M|\n|poke|p2|Clefable, L50, M|\n|poke|p2|Kingambit, L50, F|\n|poke|p2|Sneasler, L50, M|\n|poke|p2|Dragonite, L50, F|\n|poke|p2|Delphox, L50, M|\n|poke|p2|Basculegion, L50, M|\n|teampreview|4\n|inactive|Battle timer is ON: inactive players will automatically lose when time's up. (requested by zmdate)\n|inactive|unc slayer also wants the timer to be on.\nunc slayer rejected open team sheets.\n|inactive|zmdate has 60 seconds left.\n|inactive|zmdate has 30 seconds left.\n|\n|t:|1776024528\n|teamsize|p1|4\n|teamsize|p2|4\n|start\n|switch|p1a: Incineroar|Incineroar, L50, F, shiny|100/100\n|switch|p1b: Farigiraf|Farigiraf, L50, M, shiny|100/100\n|switch|p2a: Delphox|Delphox, L50, M|100/100\n|switch|p2b: Dragonite|Dragonite, L50, F|100/100\n|-ability|p1a: Incineroar|Intimidate|boost\n|-unboost|p2a: Delphox|atk|1\n|-fail|p2b: Dragonite|unboost|Attack|[from] ability: Inner Focus|[of] p2b: Dragonite\n|turn|1\n|inactive|unc slayer has 30 seconds left.\n|\n|t:|1776024554\n|switch|p2a: Kingambit|Kingambit, L50, F|100/100\n|move|p1a: Incineroar|Fake Out|p2a: Kingambit\n|-resisted|p2a: Kingambit|1\n|-damage|p2a: Kingambit|95/100\n|move|p2b: Dragonite|Scale Shot|p1b: Farigiraf\n|-damage|p1b: Farigiraf|91/100\n|-damage|p1b: Farigiraf|79/100\n|-damage|p1b: Farigiraf|68/100\n|-hitcount|p1b: Farigiraf|3\n|-unboost|p2b: Dragonite|def|1\n|-boost|p2b: Dragonite|spe|1\n|move|p1b: Farigiraf|Trick Room|p1b: Farigiraf\n|-fieldstart|move: Trick Room|[of] p1b: Farigiraf\n|\n|upkeep\n|turn|2\n|inactive|zmdate has 30 seconds left.\n|\n|t:|1776024580\n|switch|p1b: Golurk|Golurk, L50|100/100\n|switch|p2b: Clefable|Clefable, L50, M|100/100\n|move|p2a: Kingambit|Protect|p2a: Kingambit\n|-singleturn|p2a: Kingambit|Protect\n|move|p1a: Incineroar|Flare Blitz|p2a: Kingambit\n|-activate|p2a: Kingambit|move: Protect\n|\n|upkeep\n|turn|3\n|\n|t:|1776024601\n|detailschange|p1b: Golurk|Golurk-Mega, L50\n|-mega|p1b: Golurk|Golurk|Golurkite\n|move|p1b: Golurk|Protect|p1b: Golurk\n|-singleturn|p1b: Golurk|Protect\n|move|p2b: Clefable|Follow Me|p2b: Clefable\n|-singleturn|p2b: Clefable|move: Follow Me\n|move|p2a: Kingambit|Kowtow Cleave|p1b: Golurk\n|-activate|p1b: Golurk|move: Protect\n|move|p1a: Incineroar|Flare Blitz|p2b: Clefable\n|-damage|p2b: Clefable|49/100\n|-enditem|p2b: Clefable|Sitrus Berry|[eat]\n|-heal|p2b: Clefable|73/100|[from] item: Sitrus Berry\n|-damage|p1a: Incineroar|83/100|[from] Recoil\n|\n|-heal|p1a: Incineroar|89/100|[from] item: Leftovers\n|upkeep\n|turn|4\n|inactive|zmdate has 30 seconds left.\n|\n|t:|1776024626\n|switch|p1b: Torkoal|Torkoal, L50, M, shiny|100/100\n|-weather|SunnyDay|[from] ability: Drought|[of] p1b: Torkoal\n|move|p2b: Clefable|Helping Hand|p2a: Kingambit\n|-singleturn|p2a: Kingambit|Helping Hand|[of] p2b: Clefable\n|move|p2a: Kingambit|Kowtow Cleave|p1b: Torkoal\n|-damage|p1b: Torkoal|29/100\n|move|p1a: Incineroar|Will-O-Wisp|p2a: Kingambit|[miss]\n|-miss|p1a: Incineroar|p2a: Kingambit\n|\n|-weather|SunnyDay|[upkeep]\n|-heal|p1a: Incineroar|95/100|[from] item: Leftovers\n|upkeep\n|turn|5\n|\n|t:|1776024641\n|move|p2b: Clefable|Protect|p2b: Clefable\n|-singleturn|p2b: Clefable|Protect\n|move|p2a: Kingambit|Sucker Punch|p1b: Torkoal\n|-damage|p1b: Torkoal|0 fnt\n|faint|p1b: Torkoal\n|move|p1a: Incineroar|Will-O-Wisp|p2a: Kingambit\n|-status|p2a: Kingambit|brn\n|\n|-weather|SunnyDay|[upkeep]\n|-heal|p1a: Incineroar|100/100|[from] item: Leftovers\n|-damage|p2a: Kingambit|89/100 brn|[from] brn\n|-fieldend|move: Trick Room\n|upkeep\n|\n|t:|1776024655\n|switch|p1b: Farigiraf|Farigiraf, L50, M, shiny|68/100\n|turn|6\n|\n|t:|1776024674\n|switch|p2a: Dragonite|Dragonite, L50, F|100/100\n|move|p1a: Incineroar|Parting Shot|p2a: Dragonite\n|-unboost|p2a: Dragonite|atk|1\n|-unboost|p2a: Dragonite|spa|1\n|\n|t:|1776024679\n|switch|p1a: Golurk|Golurk-Mega, L50|100/100|[from] Parting Shot\n|move|p2b: Clefable|Moonblast|p1b: Farigiraf\n|-damage|p1b: Farigiraf|32/100\n|-enditem|p1b: Farigiraf|Sitrus Berry|[eat]\n|-heal|p1b: Farigiraf|56/100|[from] item: Sitrus Berry\n|move|p1b: Farigiraf|Trick Room|p1b: Farigiraf\n|-fieldstart|move: Trick Room|[of] p1b: Farigiraf\n|\n|-weather|SunnyDay|[upkeep]\n|upkeep\n|turn|7\n|inactive|zmdate has 30 seconds left.\n|\n|t:|1776024710\n|move|p1a: Golurk|Stone Edge|p2a: Dragonite\n|-supereffective|p2a: Dragonite|1\n|-damage|p2a: Dragonite|10/100\n|move|p1b: Farigiraf|Hyper Voice|p2a: Dragonite|[spread] p2a,p2b\n|-damage|p2a: Dragonite|0 fnt\n|-damage|p2b: Clefable|48/100\n|faint|p2a: Dragonite\n|move|p2b: Clefable|Moonblast|p1b: Farigiraf\n|-damage|p1b: Farigiraf|25/100\n|\n|-weather|SunnyDay|[upkeep]\n|upkeep\n|\n|t:|1776024716\n|switch|p2a: Kingambit|Kingambit, L50, F|89/100 brn\n|turn|8\n|\n|t:|1776024737\n|move|p1b: Farigiraf|Protect|p1b: Farigiraf\n|-singleturn|p1b: Farigiraf|Protect\n|move|p2b: Clefable|Protect|p2b: Clefable\n|-singleturn|p2b: Clefable|Protect\n|move|p1a: Golurk|Headlong Rush|p2a: Kingambit\n|-supereffective|p2a: Kingambit|1\n|-damage|p2a: Kingambit|0 fnt\n|-unboost|p1a: Golurk|def|1\n|-unboost|p1a: Golurk|spd|1\n|faint|p2a: Kingambit\n|\n|-weather|none\n|upkeep\n|\n|t:|1776024744\n|switch|p2a: Delphox|Delphox, L50, M|100/100\n|turn|9\n|\n|t:|1776024754\n|detailschange|p2a: Delphox|Delphox-Mega, L50, M\n|-mega|p2a: Delphox|Delphox|Delphoxite\n|move|p2b: Clefable|Follow Me|p2b: Clefable\n|-singleturn|p2b: Clefable|move: Follow Me\n|move|p1a: Golurk|Poltergeist||[still]\n|-fail|p1a: Golurk\n|move|p1b: Farigiraf|Hyper Voice|p2a: Delphox|[spread] p2a,p2b\n|-damage|p2a: Delphox|76/100\n|-damage|p2b: Clefable|22/100\n|move|p2a: Delphox|Substitute|p2a: Delphox\n|-start|p2a: Delphox|Substitute\n|-damage|p2a: Delphox|51/100\n|\n|upkeep\n|turn|10\n|\n|t:|1776024772\n|move|p2a: Delphox|Protect|p2a: Delphox\n|-singleturn|p2a: Delphox|Protect\n|move|p1a: Golurk|Stone Edge|p2a: Delphox\n|-activate|p2a: Delphox|move: Protect\n|move|p1b: Farigiraf|Hyper Voice|p2a: Delphox|[spread] p2b\n|-activate|p2a: Delphox|move: Protect\n|-damage|p2b: Clefable|0 fnt\n|faint|p2b: Clefable\n|\n|-fieldend|move: Trick Room\n|upkeep\n|turn|11\n|\n|t:|1776024791\n|move|p2a: Delphox|Heat Wave|p1a: Golurk|[spread] p1a,p1b\n|-damage|p1a: Golurk|43/100\n|-damage|p1b: Farigiraf|0 fnt\n|faint|p1b: Farigiraf\n|move|p1a: Golurk|Poltergeist|p2a: Delphox\n|-activate|p2a: Delphox|move: Poltergeist|Delphoxite\n|-supereffective|p2a: Delphox|1\n|-crit|p2a: Delphox\n|-end|p2a: Delphox|Substitute\n|\n|upkeep\n|\n|t:|1776024799\n|switch|p1b: Incineroar|Incineroar, L50, F, shiny|100/100\n|-ability|p1b: Incineroar|Intimidate|boost\n|-unboost|p2a: Delphox|atk|1\n|turn|12\n|\n|t:|1776024805\n|move|p2a: Delphox|Protect|p2a: Delphox\n|-singleturn|p2a: Delphox|Protect\n|move|p1b: Incineroar|Fake Out|p2a: Delphox\n|-activate|p2a: Delphox|move: Protect\n|move|p1a: Golurk|Poltergeist|p2a: Delphox\n|-activate|p2a: Delphox|move: Protect\n|\n|upkeep\n|turn|13\n|\n|t:|1776024820\n|move|p2a: Delphox|Heat Wave|p1a: Golurk|[spread] p1a,p1b\n|-resisted|p1b: Incineroar|1\n|-damage|p1a: Golurk|0 fnt\n|-damage|p1b: Incineroar|82/100\n|faint|p1a: Golurk\n|move|p1b: Incineroar|Flare Blitz|p2a: Delphox\n|-resisted|p2a: Delphox|1\n|-damage|p2a: Delphox|4/100\n|-damage|p1b: Incineroar|70/100|[from] Recoil\n|\n|-heal|p1b: Incineroar|76/100|[from] item: Leftovers\n|upkeep\n|turn|14\n|c|\u2606zmdate|gg\n|c|\u2606unc slayer|gg\n|\n|t:|1776024837\n|move|p2a: Delphox|Heat Wave|p1b: Incineroar\n|-resisted|p1b: Incineroar|1\n|-damage|p1b: Incineroar|48/100\n|move|p1b: Incineroar|Flare Blitz|p2a: Delphox\n|-resisted|p2a: Delphox|1\n|-damage|p2a: Delphox|0 fnt\n|faint|p2a: Delphox\n|-damage|p1b: Incineroar|47/100|[from] Recoil\n|\n|win|unc slayer\n|raw|unc slayer's rating: 1073 &rarr; <strong>1105</strong><br />(+32 for winning)\n|raw|zmdate's rating: 1105 &rarr; <strong>1078</strong><br />(-27 for losing)\n|l|\u2606zmdate\n|player|p2|\n",
  "uploadtime": 1776024847,
  "views": 12,
  "formatid": "gen9championsvgc2026regma",
  "rating": 1078,
  "private": 0,
  "password": null
}