{
  "id": "gen9championsvgc2026regma-2582704642",
  "format": "[Gen 9 Champions] VGC 2026 Reg M-A",
  "players": [
    "dmarin0301",
    "Dracaufeu shiny"
  ],
  "log": "|j|\u2606dmarin0301\n|j|\u203dDracaufeu shiny\n|t:|1776108457\n|gametype|doubles\n|player|p1|dmarin0301|unknown|1151\n|player|p2|Dracaufeu shiny|169|1212\n|gen|9\n|tier|[Gen 9 Champions] VGC 2026 Reg M-A\n|rated|\n|rule|Species Clause: Limit one of each Pok\u00e9mon\n|rule|Item Clause: Limit 1 of each item\n|clearpoke\n|poke|p1|Incineroar, L50, F|\n|poke|p1|Rotom-Frost, L50|\n|poke|p1|Orthworm, L50, M|\n|poke|p1|Basculegion-F, L50, F|\n|poke|p1|Garchomp, L50, F|\n|poke|p1|Froslass, L50, F|\n|poke|p2|Tyranitar, L50, F|\n|poke|p2|Gardevoir, L50, M|\n|poke|p2|Excadrill, L50, M|\n|poke|p2|Sinistcha, L50|\n|poke|p2|Incineroar, L50, M|\n|poke|p2|Rotom-Wash, L50|\n|teampreview|4\n|inactive|Battle timer is ON: inactive players will automatically lose when time's up. (requested by Dracaufeu shiny)\n|\n|t:|1776108494\n|teamsize|p1|4\n|teamsize|p2|4\n|start\n|switch|p1a: Garchomp|Garchomp, L50, F|100/100\n|switch|p1b: Orthworm|Orthworm, L50, M|100/100\n|switch|p2a: Incineroar|Incineroar, L50, M|100/100\n|switch|p2b: Rotom|Rotom-Wash, L50|100/100\n|-ability|p2a: Incineroar|Intimidate|boost\n|-unboost|p1a: Garchomp|atk|1\n|-unboost|p1b: Orthworm|atk|1\n|turn|1\n|inactive|Dracaufeu shiny has 30 seconds left.\n|inactive|Dracaufeu shiny has 20 seconds left.\n|\n|t:|1776108532\n|move|p1a: Garchomp|Earthquake|p2b: Rotom|[spread] p2a\n|-immune|p1b: Orthworm|[from] ability: Earth Eater\n|-immune|p2b: Rotom|[from] ability: Levitate\n|-supereffective|p2a: Incineroar|1\n|-damage|p2a: Incineroar|58/100\n|move|p2b: Rotom|Thunderbolt|p1b: Orthworm\n|-crit|p1b: Orthworm\n|-damage|p1b: Orthworm|35/100\n|-enditem|p1b: Orthworm|Sitrus Berry|[eat]\n|-heal|p1b: Orthworm|60/100|[from] item: Sitrus Berry\n|move|p1b: Orthworm|Shed Tail|p1b: Orthworm\n|-start|p1b: Orthworm|Substitute|[from] move: Shed Tail\n|-damage|p1b: Orthworm|9/100\n|\n|t:|1776108548\n|switch|p1b: Basculegion|Basculegion-F, L50, F|100/100|[from] Shed Tail\n|move|p2a: Incineroar|Parting Shot|p1a: Garchomp\n|-unboost|p1a: Garchomp|atk|1\n|-unboost|p1a: Garchomp|spa|1\n|\n|t:|1776108557\n|switch|p2a: Tyranitar|Tyranitar, L50, F|100/100|[from] Parting Shot\n|-weather|Sandstorm|[from] ability: Sand Stream|[of] p2a: Tyranitar\n|\n|-weather|Sandstorm|[upkeep]\n|-damage|p1b: Basculegion|94/100|[from] Sandstorm\n|-damage|p2b: Rotom|95/100|[from] Sandstorm\n|-heal|p2b: Rotom|100/100|[from] item: Leftovers\n|upkeep\n|turn|2\n|\n|t:|1776108567\n|switch|p1a: Incineroar|Incineroar, L50, F|100/100\n|-ability|p1a: Incineroar|Intimidate|boost\n|-unboost|p2a: Tyranitar|atk|1\n|-unboost|p2b: Rotom|atk|1\n|detailschange|p2a: Tyranitar|Tyranitar-Mega, L50, F\n|-mega|p2a: Tyranitar|Tyranitar|Tyranitarite\n|move|p2a: Tyranitar|Protect|p2a: Tyranitar\n|-singleturn|p2a: Tyranitar|Protect\n|move|p1b: Basculegion|Wave Crash|p2a: Tyranitar\n|-activate|p2a: Tyranitar|move: Protect\n|move|p2b: Rotom|Thunderbolt|p1b: Basculegion\n|-supereffective|p1b: Basculegion|1\n|-end|p1b: Basculegion|Substitute\n|\n|-weather|Sandstorm|[upkeep]\n|-damage|p1b: Basculegion|88/100|[from] Sandstorm\n|-damage|p2b: Rotom|95/100|[from] Sandstorm\n|-damage|p1a: Incineroar|95/100|[from] Sandstorm\n|-heal|p2b: Rotom|100/100|[from] item: Leftovers\n|upkeep\n|turn|3\n|inactive|Dracaufeu shiny has 30 seconds left.\n|\n|t:|1776108594\n|switch|p2a: Incineroar|Incineroar, L50, M|58/100\n|-ability|p2a: Incineroar|Intimidate|boost\n|-unboost|p1a: Incineroar|atk|1\n|-unboost|p1b: Basculegion|atk|1\n|move|p1a: Incineroar|Fake Out|p2b: Rotom\n|-damage|p2b: Rotom|92/100\n|move|p1b: Basculegion|Wave Crash|p2a: Incineroar\n|-supereffective|p2a: Incineroar|1\n|-damage|p2a: Incineroar|0 fnt\n|faint|p2a: Incineroar\n|-damage|p1b: Basculegion|69/100|[from] Recoil\n|cant|p2b: Rotom|flinch\n|\n|-weather|Sandstorm|[upkeep]\n|-damage|p1b: Basculegion|63/100|[from] Sandstorm\n|-damage|p2b: Rotom|86/100|[from] Sandstorm\n|-damage|p1a: Incineroar|89/100|[from] Sandstorm\n|-heal|p2b: Rotom|92/100|[from] item: Leftovers\n|upkeep\n|\n|t:|1776108604\n|switch|p2a: Excadrill|Excadrill, L50, M|100/100\n|turn|4\n|\n|t:|1776108623\n|move|p2a: Excadrill|High Horsepower|p1b: Basculegion\n|-crit|p1b: Basculegion\n|-damage|p1b: Basculegion|0 fnt\n|faint|p1b: Basculegion\n|move|p2b: Rotom|Hydro Pump|p1a: Incineroar\n|-supereffective|p1a: Incineroar|1\n|-damage|p1a: Incineroar|18/100\n|move|p1a: Incineroar|Darkest Lariat|p2b: Rotom\n|-damage|p2b: Rotom|65/100\n|\n|-weather|Sandstorm|[upkeep]\n|-damage|p2b: Rotom|59/100|[from] Sandstorm\n|-damage|p1a: Incineroar|12/100|[from] Sandstorm\n|-heal|p2b: Rotom|65/100|[from] item: Leftovers\n|upkeep\n|\n|t:|1776108643\n|switch|p1b: Garchomp|Garchomp, L50, F|100/100\n|turn|5\n|\n|t:|1776108649\n|switch|p1a: Orthworm|Orthworm, L50, M|9/100\n|move|p2a: Excadrill|Protect|p2a: Excadrill\n|-singleturn|p2a: Excadrill|Protect\n|move|p1b: Garchomp|Earthquake|p2a: Excadrill|[spread] \n|-activate|p2a: Excadrill|move: Protect\n|-heal|p1a: Orthworm|34/100|[from] ability: Earth Eater|[of] p1b: Garchomp\n|-immune|p2b: Rotom|[from] ability: Levitate\n|move|p2b: Rotom|Will-O-Wisp|p1b: Garchomp\n|-status|p1b: Garchomp|brn\n|\n|-weather|none\n|-heal|p2b: Rotom|71/100|[from] item: Leftovers\n|-damage|p1b: Garchomp|94/100 brn|[from] brn\n|upkeep\n|turn|6\n|\n|t:|1776108669\n|move|p1b: Garchomp|Earthquake|p2a: Excadrill|[spread] p2a\n|-heal|p1a: Orthworm|58/100|[from] ability: Earth Eater|[of] p1b: Garchomp\n|-immune|p2b: Rotom|[from] ability: Levitate\n|-supereffective|p2a: Excadrill|1\n|-damage|p2a: Excadrill|44/100\n|move|p2a: Excadrill|High Horsepower|p1b: Garchomp\n|-damage|p1b: Garchomp|45/100 brn\n|move|p2b: Rotom|Thunderbolt|p1a: Orthworm\n|-damage|p1a: Orthworm|17/100\n|move|p1a: Orthworm|Body Press|p2a: Excadrill\n|-supereffective|p2a: Excadrill|1\n|-damage|p2a: Excadrill|0 fnt\n|faint|p2a: Excadrill\n|\n|-heal|p2b: Rotom|76/100|[from] item: Leftovers\n|-damage|p1b: Garchomp|39/100 brn|[from] brn\n|upkeep\n|\n|t:|1776108684\n|switch|p2a: Tyranitar|Tyranitar-Mega, L50, F|100/100\n|-weather|Sandstorm|[from] ability: Sand Stream|[of] p2a: Tyranitar\n|turn|7\n|\n|t:|1776108695\n|move|p1b: Garchomp|Earthquake|p2a: Tyranitar|[spread] p2a\n|-heal|p1a: Orthworm|41/100|[from] ability: Earth Eater|[of] p1b: Garchomp\n|-immune|p2b: Rotom|[from] ability: Levitate\n|-supereffective|p2a: Tyranitar|1\n|-damage|p2a: Tyranitar|76/100\n|move|p2b: Rotom|Thunderbolt|p1a: Orthworm\n|-damage|p1a: Orthworm|0 fnt\n|faint|p1a: Orthworm\n|move|p2a: Tyranitar|Dragon Dance|p2a: Tyranitar\n|-boost|p2a: Tyranitar|atk|1\n|-boost|p2a: Tyranitar|spe|1\n|\n|-weather|Sandstorm|[upkeep]\n|-damage|p2b: Rotom|71/100|[from] Sandstorm\n|-heal|p2b: Rotom|76/100|[from] item: Leftovers\n|-damage|p1b: Garchomp|33/100 brn|[from] brn\n|upkeep\n|\n|t:|1776108706\n|switch|p1a: Incineroar|Incineroar, L50, F|12/100\n|-ability|p1a: Incineroar|Intimidate|boost\n|-unboost|p2a: Tyranitar|atk|1\n|-unboost|p2b: Rotom|atk|1\n|turn|8\n|\n|t:|1776108719\n|move|p1a: Incineroar|Fake Out|p2a: Tyranitar\n|-resisted|p2a: Tyranitar|1\n|-damage|p2a: Tyranitar|72/100\n|cant|p2a: Tyranitar|flinch\n|move|p1b: Garchomp|Earthquake|p2b: Rotom|[spread] p1a,p2a\n|-immune|p2b: Rotom|[from] ability: Levitate\n|-supereffective|p1a: Incineroar|1\n|-supereffective|p2a: Tyranitar|1\n|-damage|p1a: Incineroar|0 fnt\n|-damage|p2a: Tyranitar|46/100\n|faint|p1a: Incineroar\n|move|p2b: Rotom|Hydro Pump|p1b: Garchomp|[miss]\n|-miss|p2b: Rotom|p1b: Garchomp\n|\n|-weather|Sandstorm|[upkeep]\n|-damage|p2b: Rotom|71/100|[from] Sandstorm\n|-heal|p2b: Rotom|76/100|[from] item: Leftovers\n|-damage|p1b: Garchomp|27/100 brn|[from] brn\n|upkeep\n|turn|9\n|\n|t:|1776108734\n|move|p2a: Tyranitar|Crunch|p1b: Garchomp\n|-damage|p1b: Garchomp|0 fnt\n|faint|p1b: Garchomp\n|\n|win|Dracaufeu shiny\n|raw|dmarin0301's rating: 1151 &rarr; <strong>1130</strong><br />(-21 for losing)\n|raw|Dracaufeu shiny's rating: 1212 &rarr; <strong>1233</strong><br />(+21 for winning)\n",
  "uploadtime": 1776108740,
  "views": 14,
  "formatid": "gen9championsvgc2026regma",
  "rating": 1130,
  "private": 0,
  "password": null
}