{
  "id": "gen9championsvgc2026regma-2581937721",
  "format": "[Gen 9 Champions] VGC 2026 Reg M-A",
  "players": [
    "CoffeeMoffee",
    "KamiiWRLD"
  ],
  "log": "|j|\u2606CoffeeMoffee\n|j|\u2606KamiiWRLD\n|t:|1776041407\n|gametype|doubles\n|player|p1|CoffeeMoffee|scientist|1098\n|player|p2|KamiiWRLD|dawn|1118\n|gen|9\n|tier|[Gen 9 Champions] VGC 2026 Reg M-A\n|rated|\n|rule|Species Clause: Limit one of each Pok\u00e9mon\n|rule|Item Clause: Limit 1 of each item\n|clearpoke\n|poke|p1|Floette-Eternal, L50, F|\n|poke|p1|Talonflame, L50, F|\n|poke|p1|Garchomp, L50, F|\n|poke|p1|Rotom-Wash, L50|\n|poke|p1|Sinistcha, L50|\n|poke|p1|Aegislash, L50, F|\n|poke|p2|Zoroark-Hisui, L50, F|\n|poke|p2|Kingambit, L50, M|\n|poke|p2|Gengar, L50, F|\n|poke|p2|Basculegion, L50, M|\n|poke|p2|Whimsicott, L50, F|\n|poke|p2|Incineroar, L50, M|\n|teampreview|4\n|inactive|Battle timer is ON: inactive players will automatically lose when time's up. (requested by CoffeeMoffee)\n|inactive|CoffeeMoffee has 60 seconds left.\n|inactive|KamiiWRLD has 60 seconds left.\n|\n|t:|1776041454\n|teamsize|p1|4\n|teamsize|p2|4\n|start\n|switch|p1a: Talonflame|Talonflame, L50, F, shiny|100/100\n|switch|p1b: Sinistcha|Sinistcha, L50, shiny|100/100\n|switch|p2a: Basculegion|Basculegion, L50, M|100/100\n|switch|p2b: Whimsicott|Whimsicott, L50, F|100/100\n|turn|1\n|inactive|CoffeeMoffee has 30 seconds left.\n|inactive|KamiiWRLD has 30 seconds left.\n|\n|t:|1776041485\n|move|p1b: Sinistcha|Rage Powder|p1b: Sinistcha\n|-singleturn|p1b: Sinistcha|move: Rage Powder\n|move|p2b: Whimsicott|Tailwind|p2b: Whimsicott\n|-sidestart|p2: KamiiWRLD|move: Tailwind\n|move|p2a: Basculegion|Icy Wind|p1a: Talonflame|[spread] p1a,p1b\n|-supereffective|p1b: Sinistcha|1\n|-damage|p1a: Talonflame|80/100\n|-damage|p1b: Sinistcha|75/100\n|-unboost|p1a: Talonflame|spe|1\n|-unboost|p1b: Sinistcha|spe|1\n|move|p1a: Talonflame|Dual Wingbeat|p2b: Whimsicott\n|-supereffective|p2b: Whimsicott|1\n|-damage|p2b: Whimsicott|67/100\n|-supereffective|p2b: Whimsicott|1\n|-damage|p2b: Whimsicott|33/100\n|-hitcount|p2b: Whimsicott|2\n|\n|upkeep\n|turn|2\n|inactive|CoffeeMoffee has 30 seconds left.\n|inactive|CoffeeMoffee has 20 seconds left.\n|inactive|CoffeeMoffee has 15 seconds left.\n|\n|t:|1776041530\n|move|p1b: Sinistcha|Rage Powder|p1b: Sinistcha\n|-singleturn|p1b: Sinistcha|move: Rage Powder\n|move|p2b: Whimsicott|Taunt|p1a: Talonflame\n|-start|p1a: Talonflame|move: Taunt\n|move|p2a: Basculegion|Bitter Malice|p1b: Sinistcha\n|-supereffective|p1b: Sinistcha|1\n|-damage|p1b: Sinistcha|9/100\n|-unboost|p1b: Sinistcha|atk|1\n|cant|p1a: Talonflame|move: Taunt|Tailwind\n|\n|upkeep\n|turn|3\n|inactive|KamiiWRLD has 30 seconds left.\n|\n|t:|1776041561\n|move|p1b: Sinistcha|Rage Powder|p1b: Sinistcha\n|-singleturn|p1b: Sinistcha|move: Rage Powder\n|move|p2a: Basculegion|Bitter Malice|p1b: Sinistcha\n|-supereffective|p1b: Sinistcha|1\n|-damage|p1b: Sinistcha|0 fnt\n|faint|p1b: Sinistcha\n|move|p2b: Whimsicott|Moonblast|p1a: Talonflame\n|-resisted|p1a: Talonflame|1\n|-damage|p1a: Talonflame|59/100\n|-unboost|p1a: Talonflame|spa|1\n|move|p1a: Talonflame|Flare Blitz|p2b: Whimsicott\n|-supereffective|p2b: Whimsicott|1\n|-damage|p2b: Whimsicott|0 fnt\n|faint|p2b: Whimsicott\n|-damage|p1a: Talonflame|47/100|[from] Recoil\n|\n|upkeep\n|\n|t:|1776041578\n|switch|p2b: Gengar|Gengar, L50, F|100/100\n|switch|p1b: Floette|Floette-Eternal, L50, F|100/100\n|turn|4\n|\n|t:|1776041597\n|switch|p1a: Garchomp|Garchomp, L50, F, shiny|100/100\n|detailschange|p2b: Gengar|Gengar-Mega, L50, F\n|-mega|p2b: Gengar|Gengar|Gengarite\n|move|p1b: Floette|Protect|p1b: Floette\n|-singleturn|p1b: Floette|Protect\n|move|p2b: Gengar|Sludge Bomb|p1b: Floette\n|-activate|p1b: Floette|move: Protect\n|move|p2a: Basculegion|Bitter Malice|p1a: Garchomp\n|-damage|p1a: Garchomp|63/100\n|-unboost|p1a: Garchomp|atk|1\n|\n|-sideend|p2: KamiiWRLD|move: Tailwind\n|upkeep\n|turn|5\n|inactive|CoffeeMoffee has 30 seconds left.\n|inactive|CoffeeMoffee has 20 seconds left.\n|inactive|CoffeeMoffee has 15 seconds left.\n|inactive|CoffeeMoffee has 10 seconds left.\n|\n|t:|1776041646\n|detailschange|p1b: Floette|Floette-Mega, L50, F\n|-mega|p1b: Floette|Floette|Floettite\n|-ability|p1b: Floette|Fairy Aura\n|move|p1a: Garchomp|Stomping Tantrum|p2b: Gengar\n|-supereffective|p2b: Gengar|1\n|-damage|p2b: Gengar|6/100\n|move|p2b: Gengar|Sludge Bomb|p1b: Floette\n|-supereffective|p1b: Floette|1\n|-damage|p1b: Floette|7/100\n|move|p2a: Basculegion|Icy Wind|p1b: Floette|[spread] p1a,p1b\n|-supereffective|p1a: Garchomp|2\n|-crit|p1a: Garchomp\n|-damage|p1a: Garchomp|0 fnt\n|-damage|p1b: Floette|0 fnt\n|faint|p1a: Garchomp\n|faint|p1b: Floette\n|\n|upkeep\n|c|\u2606CoffeeMoffee|gg\n|c|\u2606KamiiWRLD|gg\n|-message|CoffeeMoffee forfeited.\n|\n|win|KamiiWRLD\n|raw|CoffeeMoffee's rating: 1098 &rarr; <strong>1075</strong><br />(-23 for losing)\n|raw|KamiiWRLD's rating: 1118 &rarr; <strong>1142</strong><br />(+24 for winning)\n|l|\u2606CoffeeMoffee\n|player|p1|\n",
  "uploadtime": 1776041675,
  "views": 13,
  "formatid": "gen9championsvgc2026regma",
  "rating": 1075,
  "private": 0,
  "password": null
}