{
  "id": "gen9championsvgc2026regma-2581312140",
  "format": "[Gen 9 Champions] VGC 2026 Reg M-A",
  "players": [
    "Jkonek",
    "suchalosernewbie"
  ],
  "log": "|j|\u2606Jkonek\n|j|\u2606suchalosernewbie\n|t:|1775985076\n|gametype|doubles\n|player|p1|Jkonek|bellelba|1107\n|player|p2|suchalosernewbie|1|1110\n|gen|9\n|tier|[Gen 9 Champions] VGC 2026 Reg M-A\n|rated|\n|rule|Species Clause: Limit one of each Pok\u00e9mon\n|rule|Item Clause: Limit 1 of each item\n|clearpoke\n|poke|p1|Froslass, L50, F|\n|poke|p1|Ninetales-Alola, L50, M|\n|poke|p1|Feraligatr, L50, M|\n|poke|p1|Whimsicott, L50, M|\n|poke|p1|Incineroar, L50, M|\n|poke|p1|Arcanine-Hisui, L50, M|\n|poke|p2|Armarouge, L50, M|\n|poke|p2|Slowbro-Galar, L50, F|\n|poke|p2|Chesnaught, L50, M|\n|poke|p2|Pelipper, L50, F|\n|poke|p2|Archaludon, L50, F|\n|poke|p2|Mimikyu, L50, F|\n|teampreview|4\n|\n|t:|1775985118\n|teamsize|p1|4\n|teamsize|p2|4\n|start\n|switch|p1a: Froslass|Froslass, L50, F, shiny|100/100\n|switch|p1b: Arcanine|Arcanine-Hisui, L50, M, shiny|100/100\n|switch|p2a: Mimikyu|Mimikyu, L50, F|100/100\n|switch|p2b: Dudeguy|Armarouge, L50, M|100/100\n|-ability|p1b: Arcanine|Intimidate|boost\n|-unboost|p2a: Mimikyu|atk|1\n|-unboost|p2b: Dudeguy|atk|1\n|turn|1\n|-activate|p2b: Dudeguy|item: Quick Claw\n|\n|t:|1775985137\n|detailschange|p1a: Froslass|Froslass-Mega, L50, F, shiny\n|-mega|p1a: Froslass|Froslass|Froslassite\n|-weather|Snowscape|[from] ability: Snow Warning|[of] p1a: Froslass\n|move|p2b: Dudeguy|Armor Cannon|p1a: Froslass\n|-supereffective|p1a: Froslass|1\n|-damage|p1a: Froslass|0 fnt\n|-unboost|p2b: Dudeguy|def|1\n|-unboost|p2b: Dudeguy|spd|1\n|faint|p1a: Froslass\n|move|p1b: Arcanine|Rock Slide|p2b: Dudeguy|[spread] p2a,p2b\n|-supereffective|p2b: Dudeguy|1\n|-activate|p2a: Mimikyu|ability: Disguise\n|-damage|p2a: Mimikyu|100/100\n|-damage|p2b: Dudeguy|32/100\n|detailschange|p2a: Mimikyu|Mimikyu-Busted, L50, F\n|-damage|p2a: Mimikyu|88/100|[from] pokemon: Mimikyu-Busted\n|cant|p2a: Mimikyu|flinch\n|\n|-weather|Snowscape|[upkeep]\n|upkeep\n|\n|t:|1775985155\n|switch|p1a: Ninetales|Ninetales-Alola, L50, M, shiny|100/100\n|turn|2\n|\n|t:|1775985166\n|switch|p1a: Whimsicott|Whimsicott, L50, M, shiny|100/100\n|switch|p2b: Turlit|Pelipper, L50, F|100/100\n|-weather|RainDance|[from] ability: Drizzle|[of] p2b: Turlit\n|move|p1b: Arcanine|Rock Slide|p2b: Turlit|[spread] p2a,p2b\n|-supereffective|p2b: Turlit|1\n|-damage|p2a: Mimikyu|55/100\n|-damage|p2b: Turlit|27/100\n|-enditem|p2b: Turlit|Sitrus Berry|[eat]\n|-heal|p2b: Turlit|52/100|[from] item: Sitrus Berry\n|cant|p2a: Mimikyu|flinch\n|\n|-weather|RainDance|[upkeep]\n|upkeep\n|turn|3\n|\n|t:|1775985187\n|move|p2b: Turlit|Protect|p2b: Turlit\n|-singleturn|p2b: Turlit|Protect\n|move|p1b: Arcanine|Rock Slide|p2a: Mimikyu|[spread] p2a\n|-activate|p2b: Turlit|move: Protect\n|-damage|p2a: Mimikyu|21/100\n|move|p1a: Whimsicott|Moonblast|p2a: Mimikyu\n|-damage|p2a: Mimikyu|0 fnt\n|faint|p2a: Mimikyu\n|\n|-weather|RainDance|[upkeep]\n|upkeep\n|\n|t:|1775985200\n|switch|p2a: Old Man|Chesnaught, L50, M|100/100\n|turn|4\n|\n|t:|1775985219\n|detailschange|p2a: Old Man|Chesnaught-Mega, L50, M\n|-mega|p2a: Old Man|Chesnaught|Chesnaughtite\n|move|p1b: Arcanine|Rock Slide|p2a: Old Man|[spread] p2a,p2b\n|-resisted|p2a: Old Man|1\n|-supereffective|p2b: Turlit|1\n|-damage|p2a: Old Man|93/100\n|-damage|p2b: Turlit|0 fnt\n|faint|p2b: Turlit\n|move|p1a: Whimsicott|Moonblast|p2a: Old Man\n|-supereffective|p2a: Old Man|1\n|-damage|p2a: Old Man|31/100\n|cant|p2a: Old Man|flinch\n|\n|-weather|RainDance|[upkeep]\n|upkeep\n|\n|t:|1775985234\n|switch|p2b: Dudeguy|Armarouge, L50, M|32/100\n|turn|5\n|-activate|p2b: Dudeguy|item: Quick Claw\n|\n|t:|1775985244\n|move|p1a: Whimsicott|Taunt|p2a: Old Man\n|-start|p2a: Old Man|move: Taunt\n|move|p2b: Dudeguy|Armor Cannon|p1b: Arcanine\n|-resisted|p1b: Arcanine|2\n|-damage|p1b: Arcanine|91/100\n|-unboost|p2b: Dudeguy|def|1\n|-unboost|p2b: Dudeguy|spd|1\n|move|p1b: Arcanine|Rock Slide|p2a: Old Man|[spread] p2a,p2b\n|-resisted|p2a: Old Man|1\n|-supereffective|p2b: Dudeguy|1\n|-damage|p2a: Old Man|23/100\n|-damage|p2b: Dudeguy|0 fnt\n|faint|p2b: Dudeguy\n|move|p2a: Old Man|Drain Punch|p1b: Arcanine\n|-supereffective|p1b: Arcanine|1\n|-damage|p1b: Arcanine|10/100\n|-heal|p2a: Old Man|66/100|[from] drain|[of] p1b: Arcanine\n|\n|-weather|RainDance|[upkeep]\n|upkeep\n|turn|6\n|-message|suchalosernewbie forfeited.\n|\n|win|Jkonek\n|raw|Jkonek's rating: 1107 &rarr; <strong>1132</strong><br />(+25 for winning)\n|raw|suchalosernewbie's rating: 1110 &rarr; <strong>1085</strong><br />(-25 for losing)\n|l|\u2606suchalosernewbie\n|player|p2|\n",
  "uploadtime": 1775985263,
  "views": 14,
  "formatid": "gen9championsvgc2026regma",
  "rating": 1085,
  "private": 0,
  "password": null
}