{
  "id": "gen9championsvgc2026regma-2587471551",
  "format": "[Gen 9 Champions] VGC 2026 Reg M-A",
  "players": [
    "hugothebos45",
    "dune's kitchen"
  ],
  "log": "|j|\u2606hugothebos45\n|j|\u2606dune's kitchen\n|t:|1776534640\n|gametype|doubles\n|player|p1|hugothebos45|101|1197\n|player|p2|dune's kitchen|baker|1150\n|gen|9\n|tier|[Gen 9 Champions] VGC 2026 Reg M-A\n|rated|\n|rule|Species Clause: Limit one of each Pok\u00e9mon\n|rule|Item Clause: Limit 1 of each item\n|clearpoke\n|poke|p1|Aegislash, L50, F, shiny|\n|poke|p1|Talonflame, L50, F|\n|poke|p1|Garchomp, L50, M|\n|poke|p1|Rotom-Wash, L50, shiny|\n|poke|p1|Floette-Eternal, L50, F|\n|poke|p1|Incineroar, L50, F|\n|poke|p2|Meowstic-F, L50, F|\n|poke|p2|Wyrdeer, L50, F|\n|poke|p2|Tyranitar, L50, F|\n|poke|p2|Excadrill, L50, M|\n|poke|p2|Corviknight, L50, M|\n|poke|p2|Sinistcha, L50|\n|teampreview|4\n|\n|t:|1776534677\n|teamsize|p1|4\n|teamsize|p2|4\n|start\n|switch|p1a: Garchomp|Garchomp, L50, M|100/100\n|switch|p1b: Rotom|Rotom-Wash, L50, shiny|100/100\n|switch|p2a: Meowstic|Meowstic-F, L50, F|100/100\n|switch|p2b: Wyrdeer|Wyrdeer, L50, F|100/100\n|-ability|p2b: Wyrdeer|Intimidate|boost\n|-unboost|p1a: Garchomp|atk|1\n|-unboost|p1b: Rotom|atk|1\n|-enditem|p1a: Garchomp|White Herb\n|-clearnegativeboost|p1a: Garchomp|[silent]\n|turn|1\n|inactive|Battle timer is ON: inactive players will automatically lose when time's up. (requested by hugothebos45)\n|\n|t:|1776534698\n|move|p2a: Meowstic|Fake Out|p1b: Rotom\n|-damage|p1b: Rotom|95/100\n|move|p1a: Garchomp|Earthquake|p2a: Meowstic|[spread] p2a,p2b\n|-immune|p1b: Rotom|[from] ability: Levitate\n|-damage|p2a: Meowstic|37/100\n|-damage|p2b: Wyrdeer|56/100\n|cant|p1b: Rotom|flinch\n|move|p2b: Wyrdeer|Skill Swap|p1b: Rotom\n|-activate|p2b: Wyrdeer|Skill Swap|Levitate|Intimidate|[of] p1b: Rotom\n|-ability|p1b: Rotom|Intimidate|boost\n|-unboost|p2a: Meowstic|atk|1\n|-ability|p2a: Meowstic|Competitive|boost\n|-boost|p2a: Meowstic|spa|2\n|-unboost|p2b: Wyrdeer|atk|1\n|\n|upkeep\n|turn|2\n|inactive|hugothebos45 has 30 seconds left.\n|inactive|dune's kitchen has 30 seconds left.\n|\n|t:|1776534729\n|switch|p1b: Incineroar|Incineroar, L50, F|100/100\n|-ability|p1b: Incineroar|Intimidate|boost\n|-unboost|p2a: Meowstic|atk|1\n|-ability|p2a: Meowstic|Competitive|boost\n|-boost|p2a: Meowstic|spa|2\n|-unboost|p2b: Wyrdeer|atk|1\n|detailschange|p2a: Meowstic|Meowstic-F-Mega, L50, F\n|-mega|p2a: Meowstic|Meowstic|Meowsticite\n|-ability|p2a: Meowstic|Intimidate|Trace|[from] ability: Trace|[of] p1b: Incineroar\n|-ability|p2a: Meowstic|Intimidate|boost\n|-unboost|p1a: Garchomp|atk|1\n|-unboost|p1b: Incineroar|atk|1\n|move|p1a: Garchomp|Protect|p1a: Garchomp\n|-singleturn|p1a: Garchomp|Protect\n|move|p2a: Meowstic|Psychic|p1a: Garchomp\n|-activate|p1a: Garchomp|move: Protect\n|move|p2b: Wyrdeer|Earth Power|p1b: Incineroar\n|-supereffective|p1b: Incineroar|1\n|-damage|p1b: Incineroar|64/100\n|\n|-heal|p1b: Incineroar|70/100|[from] item: Leftovers\n|upkeep\n|turn|3\n|inactive|hugothebos45 has 30 seconds left.\n|inactive|hugothebos45 has 20 seconds left.\n|inactive|hugothebos45 has 15 seconds left.\n|inactive|dune's kitchen has 30 seconds left.\n|inactive|hugothebos45 has 10 seconds left.\n|\n|t:|1776534779\n|move|p1b: Incineroar|Fake Out|p2b: Wyrdeer\n|-damage|p2b: Wyrdeer|48/100\n|-enditem|p2b: Wyrdeer|Sitrus Berry|[eat]\n|-heal|p2b: Wyrdeer|72/100|[from] item: Sitrus Berry\n|move|p2a: Meowstic|Psychic|p1a: Garchomp\n|-damage|p1a: Garchomp|0 fnt\n|faint|p1a: Garchomp\n|cant|p2b: Wyrdeer|flinch\n|\n|-heal|p1b: Incineroar|76/100|[from] item: Leftovers\n|upkeep\n|\n|t:|1776534791\n|switch|p1a: Aegislash|Aegislash, L50, F, shiny|100/100\n|turn|4\n|inactive|dune's kitchen has 30 seconds left.\n|\n|t:|1776534816\n|move|p2a: Meowstic|Protect|p2a: Meowstic\n|-singleturn|p2a: Meowstic|Protect\n|-formechange|p1a: Aegislash|Aegislash-Blade|\n|move|p1a: Aegislash|Shadow Sneak|p2a: Meowstic\n|-activate|p2a: Meowstic|move: Protect\n|move|p1b: Incineroar|Parting Shot|p2b: Wyrdeer\n|-unboost|p2b: Wyrdeer|atk|1\n|-unboost|p2b: Wyrdeer|spa|1\n|\n|t:|1776534824\n|switch|p1b: Rotom|Rotom-Wash, L50, shiny|95/100|[from] Parting Shot\n|move|p2b: Wyrdeer|Earth Power|p1a: Aegislash\n|-supereffective|p1a: Aegislash|1\n|-damage|p1a: Aegislash|50/100\n|\n|upkeep\n|turn|5\n|\n|t:|1776534841\n|move|p1a: Aegislash|Shadow Sneak|p2a: Meowstic\n|-supereffective|p2a: Meowstic|1\n|-damage|p2a: Meowstic|0 fnt\n|faint|p2a: Meowstic\n|move|p1b: Rotom|Thunderbolt|p2b: Wyrdeer\n|-damage|p2b: Wyrdeer|46/100\n|move|p2b: Wyrdeer|Earth Power|p1a: Aegislash\n|-supereffective|p1a: Aegislash|1\n|-damage|p1a: Aegislash|0 fnt\n|faint|p1a: Aegislash\n|\n|upkeep\n|\n|t:|1776534851\n|switch|p2a: Sinistcha|Sinistcha, L50|100/100\n|switch|p1a: Incineroar|Incineroar, L50, F|76/100\n|-ability|p1a: Incineroar|Intimidate|boost\n|-unboost|p2a: Sinistcha|atk|1\n|-unboost|p2b: Wyrdeer|atk|1\n|-heal|p2b: Wyrdeer|71/100|[from] ability: Hospitality|[of] p2a: Sinistcha\n|turn|6\n|\n|t:|1776534870\n|move|p1b: Rotom|Protect|p1b: Rotom\n|-singleturn|p1b: Rotom|Protect\n|move|p1a: Incineroar|Fake Out|p2b: Wyrdeer\n|-damage|p2b: Wyrdeer|60/100\n|move|p2a: Sinistcha|Strength Sap|p1a: Incineroar\n|-unboost|p1a: Incineroar|atk|1\n|cant|p2b: Wyrdeer|flinch\n|\n|-heal|p1a: Incineroar|82/100|[from] item: Leftovers\n|upkeep\n|turn|7\n|\n|t:|1776534888\n|move|p1b: Rotom|Hydro Pump|p2a: Sinistcha\n|-resisted|p2a: Sinistcha|1\n|-damage|p2a: Sinistcha|81/100\n|move|p2a: Sinistcha|Calm Mind|p2a: Sinistcha\n|-boost|p2a: Sinistcha|spa|1\n|-boost|p2a: Sinistcha|spd|1\n|move|p1a: Incineroar|Flare Blitz|p2a: Sinistcha\n|-supereffective|p2a: Sinistcha|1\n|-damage|p2a: Sinistcha|26/100\n|-damage|p1a: Incineroar|66/100|[from] Recoil\n|move|p2b: Wyrdeer|Skill Swap|p2a: Sinistcha\n|-activate|p2b: Wyrdeer|Skill Swap|||[of] p2a: Sinistcha\n|-heal|p2a: Sinistcha|50/100|[from] ability: Hospitality|[of] p2b: Wyrdeer\n|\n|-heal|p1a: Incineroar|72/100|[from] item: Leftovers\n|upkeep\n|turn|8\n|-message|hugothebos45 forfeited.\n|\n|win|dune's kitchen\n|raw|hugothebos45's rating: 1197 &rarr; <strong>1169</strong><br />(-28 for losing)\n|raw|dune&apos;s kitchen's rating: 1150 &rarr; <strong>1178</strong><br />(+28 for winning)\n|l|\u2606hugothebos45\n|player|p1|\n",
  "uploadtime": 1776534903,
  "views": 15,
  "formatid": "gen9championsvgc2026regma",
  "rating": 1169,
  "private": 0,
  "password": null
}