{
  "id": "gen9championsvgc2026regma-2588858693",
  "format": "[Gen 9 Champions] VGC 2026 Reg M-A",
  "players": [
    "Guruhim",
    "CTGLDOISBACKW"
  ],
  "log": "|j|\u2606Guruhim\n|j|\u2606CTGLDOISBACKW\n|t:|1776679371\n|gametype|doubles\n|player|p1|Guruhim|2|1089\n|player|p2|CTGLDOISBACKW|101|1000\n|gen|9\n|tier|[Gen 9 Champions] VGC 2026 Reg M-A\n|rated|\n|rule|Species Clause: Limit one of each Pok\u00e9mon\n|rule|Item Clause: Limit 1 of each item\n|clearpoke\n|poke|p1|Blastoise, L50, F|\n|poke|p1|Kingambit, L50, M|\n|poke|p1|Farigiraf, L50, M|\n|poke|p1|Sinistcha, L50|\n|poke|p1|Basculegion, L50, M|\n|poke|p1|Sneasler, L50, F|\n|poke|p2|Meganium, L50, F|\n|poke|p2|Kingambit, L50, M|\n|poke|p2|Lycanroc-Midnight, L50, M|\n|poke|p2|Kangaskhan, L50, F|\n|poke|p2|Torkoal, L50, M|\n|poke|p2|Farigiraf, L50, F|\n|teampreview|4\n|inactive|Battle timer is ON: inactive players will automatically lose when time's up. (requested by CTGLDOISBACKW)\nCTGLDOISBACKW has agreed to open team sheets.\n|\n|t:|1776679416\n|teamsize|p1|4\n|teamsize|p2|4\n|start\n|switch|p1a: Basculegion|Basculegion, L50, M|100/100\n|switch|p1b: Blastoise|Blastoise, L50, F|100/100\n|switch|p2a: Kangaskhan|Kangaskhan, L50, F|100/100\n|switch|p2b: Farigiraf|Farigiraf, L50, F|100/100\n|turn|1\n|\n|t:|1776679431\n|move|p1a: Basculegion|Protect|p1a: Basculegion\n|-singleturn|p1a: Basculegion|Protect\n|move|p1b: Blastoise|Protect|p1b: Blastoise\n|-singleturn|p1b: Blastoise|Protect\n|move|p2a: Kangaskhan|Sucker Punch||[still]\n|-fail|p2a: Kangaskhan\n|move|p2b: Farigiraf|Trick Room|p2b: Farigiraf\n|-fieldstart|move: Trick Room|[of] p2b: Farigiraf\n|\n|upkeep\n|turn|2\n|inactive|Guruhim has 30 seconds left.\n|inactive|Guruhim has 20 seconds left.\n|\n|t:|1776679470\n|detailschange|p1b: Blastoise|Blastoise-Mega, L50, F\n|-mega|p1b: Blastoise|Blastoise|Blastoisinite\n|move|p2b: Farigiraf|Expanding Force|p1a: Basculegion\n|-damage|p1a: Basculegion|60/100\n|move|p1b: Blastoise|Water Pulse|p2a: Kangaskhan\n|-damage|p2a: Kangaskhan|49/100\n|move|p2a: Kangaskhan|Double-Edge|p1b: Blastoise\n|-damage|p1b: Blastoise|55/100\n|-damage|p2a: Kangaskhan|36/100|[from] Recoil\n|move|p1a: Basculegion|Wave Crash|p2b: Farigiraf\n|-damage|p2b: Farigiraf|12/100\n|-damage|p1a: Basculegion|27/100|[from] Recoil\n|-enditem|p1a: Basculegion|Sitrus Berry|[eat]\n|-heal|p1a: Basculegion|51/100|[from] item: Sitrus Berry\n|\n|upkeep\n|turn|3\n|\n|t:|1776679492\n|move|p2a: Kangaskhan|Sucker Punch|p1a: Basculegion\n|-supereffective|p1a: Basculegion|1\n|-damage|p1a: Basculegion|3/100\n|move|p1a: Basculegion|Aqua Jet||[still]\n|cant|p2b: Farigiraf|ability: Armor Tail|Aqua Jet|[of] p1a: Basculegion\n|move|p2b: Farigiraf|Hyper Voice|p1b: Blastoise|[spread] p1b\n|-immune|p1a: Basculegion\n|-damage|p1b: Blastoise|24/100\n|move|p1b: Blastoise|Water Pulse|p2a: Kangaskhan\n|-damage|p2a: Kangaskhan|0 fnt\n|faint|p2a: Kangaskhan\n|\n|upkeep\n|\n|t:|1776679506\n|switch|p2a: Torkoal|Torkoal, L50, M|100/100\n|-weather|SunnyDay|[from] ability: Drought|[of] p2a: Torkoal\n|turn|4\n|inactive|Guruhim has 30 seconds left.\n|\n|t:|1776679532\n|move|p2a: Torkoal|Protect|p2a: Torkoal\n|-singleturn|p2a: Torkoal|Protect\n|move|p1b: Blastoise|Protect|p1b: Blastoise\n|-singleturn|p1b: Blastoise|Protect\n|move|p2b: Farigiraf|Expanding Force|p1a: Basculegion\n|-damage|p1a: Basculegion|0 fnt\n|faint|p1a: Basculegion\n|\n|-weather|SunnyDay|[upkeep]\n|upkeep\n|\n|t:|1776679542\n|switch|p1a: Sinistcha|Sinistcha, L50|100/100\n|-heal|p1b: Blastoise|48/100|[from] ability: Hospitality|[of] p1a: Sinistcha\n|turn|5\n|\n|t:|1776679564\n|move|p2a: Torkoal|Eruption|p1b: Blastoise|[spread] p1a,p1b\n|-supereffective|p1a: Sinistcha|1\n|-resisted|p1b: Blastoise|1\n|-damage|p1a: Sinistcha|0 fnt\n|-damage|p1b: Blastoise|25/100\n|faint|p1a: Sinistcha\n|move|p2b: Farigiraf|Expanding Force|p1b: Blastoise\n|-damage|p1b: Blastoise|0 fnt\n|faint|p1b: Blastoise\n|\n|-weather|SunnyDay|[upkeep]\n|-fieldend|move: Trick Room\n|upkeep\n|\n|t:|1776679573\n|switch|p1b: Sneasler|Sneasler, L50, F|100/100\n|turn|6\n|\n|t:|1776679579\n|move|p2a: Torkoal|Protect|p2a: Torkoal\n|-singleturn|p2a: Torkoal|Protect\n|move|p1b: Sneasler|Rock Slide|p2a: Torkoal|[spread] p2b\n|-activate|p2a: Torkoal|move: Protect\n|-crit|p2b: Farigiraf\n|-damage|p2b: Farigiraf|0 fnt\n|faint|p2b: Farigiraf\n|\n|-weather|SunnyDay|[upkeep]\n|upkeep\n|\n|t:|1776679588\n|switch|p2b: Meganium|Meganium, L50, F|100/100\n|turn|7\n|\n|t:|1776679597\n|detailschange|p2b: Meganium|Meganium-Mega, L50, F\n|-mega|p2b: Meganium|Meganium|Meganiumite\n|move|p1b: Sneasler|Dire Claw|p2b: Meganium\n|-supereffective|p2b: Meganium|2\n|-damage|p2b: Meganium|0 fnt\n|faint|p2b: Meganium\n|move|p2a: Torkoal|Eruption|p1b: Sneasler\n|-enditem|p1b: Sneasler|Focus Sash\n|-damage|p1b: Sneasler|1/100\n|\n|-weather|SunnyDay|[upkeep]\n|upkeep\n|turn|8\n|\n|t:|1776679615\n|move|p2a: Torkoal|Protect|p2a: Torkoal\n|-singleturn|p2a: Torkoal|Protect\n|move|p1b: Sneasler|Rock Slide|p2a: Torkoal\n|-activate|p2a: Torkoal|move: Protect\n|\n|-weather|none\n|upkeep\n|turn|9\n|\n|t:|1776679629\n|move|p1b: Sneasler|Dire Claw|p2a: Torkoal\n|-damage|p2a: Torkoal|67/100\n|move|p2a: Torkoal|Weather Ball|p1b: Sneasler\n|-damage|p1b: Sneasler|0 fnt\n|faint|p1b: Sneasler\n|\n|win|CTGLDOISBACKW\n|raw|Guruhim's rating: 1089 &rarr; <strong>1060</strong><br />(-29 for losing)\n|raw|CTGLDOISBACKW's rating: 1000 &rarr; <strong>1050</strong><br />(+50 for winning)\n|l|\u2606Guruhim\n|player|p1|\n",
  "uploadtime": 1776679639,
  "views": 16,
  "formatid": "gen9championsvgc2026regma",
  "rating": 1050,
  "private": 0,
  "password": null
}