{
  "id": "gen9championsvgc2026regma-2584522854",
  "format": "[Gen 9 Champions] VGC 2026 Reg M-A",
  "players": [
    "LeBroBro",
    "FloridaManEX"
  ],
  "log": "|j|\u2606LeBroBro\n|j|\u2606FloridaManEX\n|t:|1776266422\n|gametype|doubles\n|player|p1|LeBroBro|265|1187\n|player|p2|FloridaManEX|veteran|1102\n|gen|9\n|tier|[Gen 9 Champions] VGC 2026 Reg M-A\n|rated|\n|rule|Species Clause: Limit one of each Pok\u00e9mon\n|rule|Item Clause: Limit 1 of each item\n|clearpoke\n|poke|p1|Camerupt, L50, F|\n|poke|p1|Maushold, L50|\n|poke|p1|Sylveon, L50, M|\n|poke|p1|Dragonite, L50, M|\n|poke|p1|Kingambit, L50, M|\n|poke|p1|Farigiraf, L50, F|\n|poke|p2|Charizard, L50, M|\n|poke|p2|Venusaur, L50, M|\n|poke|p2|Garchomp, L50, M|\n|poke|p2|Rotom-Wash, L50|\n|poke|p2|Incineroar, L50, M|\n|poke|p2|Sneasler, L50, F|\n|teampreview|4\n|\n|t:|1776266482\n|teamsize|p1|4\n|teamsize|p2|4\n|start\n|switch|p1a: Maushold|Maushold, L50|100/100\n|switch|p1b: Farigiraf|Farigiraf, L50, F|100/100\n|switch|p2a: Vega|Sneasler, L50, F|100/100\n|switch|p2b: Black Jaw|Garchomp, L50, M|100/100\n|turn|1\n|\n|t:|1776266502\n|move|p1a: Maushold|Follow Me|p1a: Maushold\n|-singleturn|p1a: Maushold|move: Follow Me\n|move|p2b: Black Jaw|Rock Slide|p1b: Farigiraf|[spread] p1a,p1b\n|-damage|p1a: Maushold|73/100\n|-damage|p1b: Farigiraf|86/100\n|move|p2a: Vega|Dire Claw|p1a: Maushold\n|-crit|p1a: Maushold\n|-damage|p1a: Maushold|0 fnt\n|faint|p1a: Maushold\n|cant|p1b: Farigiraf|flinch\n|\n|upkeep\n|\n|t:|1776266521\n|switch|p1a: Dragonite|Dragonite, L50, M|100/100\n|turn|2\n|\n|t:|1776266533\n|move|p2b: Black Jaw|Rock Slide|p1b: Farigiraf|[spread] p1a,p1b\n|-supereffective|p1a: Dragonite|1\n|-damage|p1a: Dragonite|79/100\n|-damage|p1b: Farigiraf|66/100\n|move|p2a: Vega|Close Combat|p1b: Farigiraf\n|-damage|p1b: Farigiraf|8/100\n|-unboost|p2a: Vega|def|1\n|-unboost|p2a: Vega|spd|1\n|-enditem|p1b: Farigiraf|Sitrus Berry|[eat]\n|-heal|p1b: Farigiraf|33/100|[from] item: Sitrus Berry\n|-enditem|p2a: Vega|White Herb\n|-clearnegativeboost|p2a: Vega|[silent]\n|move|p1a: Dragonite|Dragon Claw|p2b: Black Jaw\n|-supereffective|p2b: Black Jaw|1\n|-damage|p2b: Black Jaw|0 fnt\n|-damage|p1a: Dragonite|67/100|[from] ability: Rough Skin|[of] p2b: Black Jaw\n|faint|p2b: Black Jaw\n|cant|p1b: Farigiraf|flinch\n|\n|upkeep\n|\n|t:|1776266553\n|switch|p2b: False Angel|Charizard, L50, M, shiny|100/100\n|turn|3\n|\n|t:|1776266578\n|detailschange|p2b: False Angel|Charizard-Mega-Y, L50, M, shiny\n|-mega|p2b: False Angel|Charizard|Charizardite Y\n|-weather|SunnyDay|[from] ability: Drought|[of] p2b: False Angel\n|move|p2a: Vega|Rock Tomb|p1a: Dragonite\n|-supereffective|p1a: Dragonite|1\n|-damage|p1a: Dragonite|30/100\n|-unboost|p1a: Dragonite|spe|1\n|-enditem|p1a: Dragonite|White Herb\n|-clearnegativeboost|p1a: Dragonite|[silent]\n|move|p2b: False Angel|Heat Wave|p1a: Dragonite|[spread] p1a,p1b\n|-resisted|p1a: Dragonite|1\n|-damage|p1a: Dragonite|3/100\n|-damage|p1b: Farigiraf|0 fnt\n|faint|p1b: Farigiraf\n|move|p1a: Dragonite|Thunder Punch|p2b: False Angel\n|-supereffective|p2b: False Angel|1\n|-damage|p2b: False Angel|21/100\n|-status|p2b: False Angel|par\n|\n|-weather|SunnyDay|[upkeep]\n|upkeep\n|\n|t:|1776266594\n|switch|p1b: Sylveon|Sylveon, L50, M|100/100\n|turn|4\n|\n|t:|1776266609\n|switch|p2b: BIOSHOCK|Venusaur, L50, M, shiny|100/100\n|move|p1b: Sylveon|Protect|p1b: Sylveon\n|-singleturn|p1b: Sylveon|Protect\n|move|p1a: Dragonite|Extreme Speed|p2b: BIOSHOCK\n|-damage|p2b: BIOSHOCK|56/100\n|move|p2a: Vega|Dire Claw|p1b: Sylveon\n|-activate|p1b: Sylveon|move: Protect\n|\n|-weather|SunnyDay|[upkeep]\n|upkeep\n|turn|5\n|\n|t:|1776266633\n|switch|p2a: False Angel|Charizard-Mega-Y, L50, M, shiny|21/100 par\n|move|p1a: Dragonite|Extreme Speed|p2a: False Angel\n|-damage|p2a: False Angel|0 fnt\n|faint|p2a: False Angel\n|move|p2b: BIOSHOCK|Sludge Wave|p1b: Sylveon|[spread] p1a,p1b\n|-supereffective|p1b: Sylveon|1\n|-damage|p1a: Dragonite|0 fnt\n|-damage|p1b: Sylveon|47/100\n|faint|p1a: Dragonite\n|move|p1b: Sylveon|Hyper Voice|p2b: BIOSHOCK\n|-resisted|p2b: BIOSHOCK|1\n|-damage|p2b: BIOSHOCK|18/100\n|\n|-weather|SunnyDay|[upkeep]\n|upkeep\n|\n|t:|1776266648\n|switch|p2a: Vega|Sneasler, L50, F|100/100\n|turn|6\n|\n|t:|1776266655\n|move|p2a: Vega|Fake Out|p1b: Sylveon\n|-damage|p1b: Sylveon|31/100\n|move|p2b: BIOSHOCK|Leaf Storm|p1b: Sylveon\n|-damage|p1b: Sylveon|0 fnt\n|-unboost|p2b: BIOSHOCK|spa|2\n|faint|p1b: Sylveon\n|\n|win|FloridaManEX\n|raw|LeBroBro's rating: 1187 &rarr; <strong>1156</strong><br />(-31 for losing)\n|raw|FloridaManEX's rating: 1102 &rarr; <strong>1133</strong><br />(+31 for winning)\n",
  "uploadtime": 1776266677,
  "views": 21,
  "formatid": "gen9championsvgc2026regma",
  "rating": 1133,
  "private": 0,
  "password": null
}