{
  "id": "gen9championsvgc2026regma-2584139761",
  "format": "[Gen 9 Champions] VGC 2026 Reg M-A",
  "players": [
    "Bman3111",
    "CrimsonST"
  ],
  "log": "|j|\u2606Bman3111\n|j|\u2606CrimsonST\n|t:|1776229695\n|gametype|doubles\n|player|p1|Bman3111|1|\n|player|p2|CrimsonST|bruno|\n|gen|9\n|tier|[Gen 9 Champions] VGC 2026 Reg M-A\n|rated|Tournament battle\n|rule|Species Clause: Limit one of each Pok\u00e9mon\n|rule|Item Clause: Limit 1 of each item\n|raw|<div class=\"infobox\"><details class=\"readmore\" open><summary><strong>1 custom rule:</strong></summary> Force Open Team Sheets</details></div>\n|clearpoke\n|poke|p1|Gengar, L50, F|\n|poke|p1|Incineroar, L50, F|\n|poke|p1|Politoed, L50, F|\n|poke|p1|Rotom-Wash, L50|\n|poke|p1|Sneasler, L50, M|\n|poke|p1|Corviknight, L50, F|\n|poke|p2|Hydreigon, L50, M|\n|poke|p2|Excadrill, L50, M|\n|poke|p2|Gyarados, L50, M|\n|poke|p2|Gengar, L50, M|\n|poke|p2|Incineroar, L50, F|\n|poke|p2|Mr. Rime, L50, M|\n|teampreview|4\n|showteam|p1|Gengar||Gengarite|CursedBody|ShadowBall,SludgeBomb,PerishSong,Protect|||F|||50|]Incineroar||ChopleBerry|Intimidate|FakeOut,ThroatChop,PartingShot,Protect|||F|||50|]Politoed||SitrusBerry|Drizzle|MuddyWater,IcyWind,PerishSong,Protect|||F|||50|]Rotom-Wash||ChoiceScarf|Levitate|HydroPump,Thunderbolt,Electroweb,VoltSwitch||||||50|]Sneasler||WhiteHerb|Unburden|FakeOut,CloseCombat,DireClaw,Protect|||M|||50|]Corviknight||Leftovers|MirrorArmor|BodyPress,BraveBird,BulkUp,Roost|||F|||50|\n|showteam|p2|Hydreigon||BlackGlasses|Levitate|FocusBlast,DarkPulse,DracoMeteor,Protect|||M|||50|]Excadrill||Excadrite|MoldBreaker|Earthquake,IronHead,RockSlide,Protect|||M|||50|]Gyarados||ChoiceScarf|Intimidate|Waterfall,IronHead,PowerWhip,StoneEdge|||M|||50|]Gengar||Gengarite|CursedBody|SludgeBomb,ShadowBall,PerishSong,Protect|||M|||50|]Incineroar||LumBerry|Intimidate|FakeOut,FlareBlitz,PartingShot,Protect|||F|||50|]Mr. Rime||Leftovers|ScreenCleaner|FakeOut,FreezeDry,Psychic,Protect|||M|||50|\n|inactive|Battle timer is ON: inactive players will automatically lose when time's up. (requested by Bman3111)\nBman3111 has agreed to open team sheets.\n|inactive|Bman3111 has 60 seconds left.\n|inactive|CrimsonST has 60 seconds left.\n|\n|t:|1776229742\n|teamsize|p1|4\n|teamsize|p2|4\n|start\n|switch|p1a: Incineroar|Incineroar, L50, F|100/100\n|switch|p1b: Gengar|Gengar, L50, F|100/100\n|switch|p2a: Hydreigon|Hydreigon, L50, M|100/100\n|switch|p2b: Gyarados|Gyarados, L50, M|100/100\n|-ability|p2b: Gyarados|Intimidate|boost\n|-unboost|p1a: Incineroar|atk|1\n|-unboost|p1b: Gengar|atk|1\n|-ability|p1a: Incineroar|Intimidate|boost\n|-unboost|p2a: Hydreigon|atk|1\n|-unboost|p2b: Gyarados|atk|1\n|turn|1\n|\n|t:|1776229759\n|detailschange|p1b: Gengar|Gengar-Mega, L50, F\n|-mega|p1b: Gengar|Gengar|Gengarite\n|move|p1a: Incineroar|Fake Out|p2a: Hydreigon\n|-damage|p2a: Hydreigon|92/100\n|move|p2b: Gyarados|Waterfall|p1b: Gengar\n|-damage|p1b: Gengar|61/100\n|move|p1b: Gengar|Perish Song|p1b: Gengar\n|-start|p1a: Incineroar|perish3|[silent]\n|-start|p1b: Gengar|perish3|[silent]\n|-start|p2a: Hydreigon|perish3|[silent]\n|-start|p2b: Gyarados|perish3|[silent]\n|-fieldactivate|move: Perish Song\n|cant|p2a: Hydreigon|flinch\n|\n|-start|p2b: Gyarados|perish3\n|-start|p1b: Gengar|perish3\n|-start|p2a: Hydreigon|perish3\n|-start|p1a: Incineroar|perish3\n|upkeep\n|turn|2\n|\n|t:|1776229771\n|move|p1b: Gengar|Protect|p1b: Gengar\n|-singleturn|p1b: Gengar|Protect\n|move|p1a: Incineroar|Protect|p1a: Incineroar\n|-singleturn|p1a: Incineroar|Protect\n|move|p2b: Gyarados|Waterfall|p1a: Incineroar\n|-activate|p1a: Incineroar|move: Protect\n|move|p2a: Hydreigon|Dark Pulse|p1b: Gengar\n|-activate|p1b: Gengar|move: Protect\n|\n|-start|p2b: Gyarados|perish2\n|-start|p1b: Gengar|perish2\n|-start|p2a: Hydreigon|perish2\n|-start|p1a: Incineroar|perish2\n|upkeep\n|turn|3\n|\n|t:|1776229787\n|switch|p1b: Rotom|Rotom-Wash, L50|100/100\n|move|p2b: Gyarados|Waterfall|p1a: Incineroar\n|-supereffective|p1a: Incineroar|1\n|-crit|p1a: Incineroar\n|-damage|p1a: Incineroar|5/100\n|move|p2a: Hydreigon|Dark Pulse|p1b: Rotom\n|-damage|p1b: Rotom|49/100\n|move|p1a: Incineroar|Parting Shot|p2a: Hydreigon\n|-unboost|p2a: Hydreigon|atk|1\n|-unboost|p2a: Hydreigon|spa|1\n|\n|t:|1776229798\n|switch|p1a: Gengar|Gengar-Mega, L50, F|61/100|[from] Parting Shot\n|\n|-start|p2b: Gyarados|perish1\n|-start|p2a: Hydreigon|perish1\n|upkeep\n|turn|4\n|\n|t:|1776229812\n|move|p1a: Gengar|Protect|p1a: Gengar\n|-singleturn|p1a: Gengar|Protect\n|move|p2b: Gyarados|Waterfall|p1a: Gengar\n|-activate|p1a: Gengar|move: Protect\n|move|p1b: Rotom|Volt Switch|p2b: Gyarados\n|-supereffective|p2b: Gyarados|2\n|-damage|p2b: Gyarados|0 fnt\n|faint|p2b: Gyarados\n|\n|t:|1776229819\n|switch|p1b: Corviknight|Corviknight, L50, F|100/100|[from] Volt Switch\n|move|p2a: Hydreigon|Dark Pulse|p1b: Corviknight\n|-damage|p1b: Corviknight|70/100\n|\n|-heal|p1b: Corviknight|77/100|[from] item: Leftovers\n|-start|p2a: Hydreigon|perish0\n|faint|p2a: Hydreigon\n|upkeep\n|\n|t:|1776229825\n|switch|p2a: Gengar|Gengar, L50, M|100/100\n|switch|p2b: Incineroar|Incineroar, L50, F|100/100\n|-ability|p2b: Incineroar|Intimidate|boost\n|-unboost|p1a: Gengar|atk|1\n|-ability|p1b: Corviknight|Mirror Armor\n|-unboost|p2b: Incineroar|atk|1\n|turn|5\n|\n|t:|1776229848\n|detailschange|p2a: Gengar|Gengar-Mega, L50, M\n|-mega|p2a: Gengar|Gengar|Gengarite\n|move|p2a: Gengar|Shadow Ball|p1a: Gengar\n|-supereffective|p1a: Gengar|1\n|-damage|p1a: Gengar|0 fnt\n|faint|p1a: Gengar\n|move|p1b: Corviknight|Bulk Up|p1b: Corviknight\n|-boost|p1b: Corviknight|atk|1\n|-boost|p1b: Corviknight|def|1\n|move|p2b: Incineroar|Flare Blitz|p1b: Corviknight\n|-supereffective|p1b: Corviknight|1\n|-damage|p1b: Corviknight|45/100\n|-damage|p2b: Incineroar|91/100|[from] Recoil\n|\n|-heal|p1b: Corviknight|52/100|[from] item: Leftovers\n|upkeep\n|\n|t:|1776229855\n|switch|p1a: Rotom|Rotom-Wash, L50|49/100\n|turn|6\n|\n|t:|1776229866\n|move|p1a: Rotom|Electroweb|p2a: Gengar|[spread] p2b\n|-miss|p1a: Rotom|p2a: Gengar\n|-damage|p2b: Incineroar|79/100\n|-unboost|p2b: Incineroar|spe|1\n|move|p2a: Gengar|Shadow Ball|p1a: Rotom\n|-damage|p1a: Rotom|0 fnt\n|faint|p1a: Rotom\n|move|p1b: Corviknight|Body Press|p2b: Incineroar\n|-supereffective|p2b: Incineroar|1\n|-damage|p2b: Incineroar|7/100\n|move|p2b: Incineroar|Parting Shot|p1b: Corviknight\n|-ability|p1b: Corviknight|Mirror Armor\n|-unboost|p2b: Incineroar|atk|1\n|-ability|p1b: Corviknight|Mirror Armor\n|-unboost|p2b: Incineroar|spa|1\n|\n|-heal|p1b: Corviknight|58/100|[from] item: Leftovers\n|upkeep\n|\n|t:|1776229869\n|switch|p1a: Incineroar|Incineroar, L50, F|5/100\n|-ability|p1a: Incineroar|Intimidate|boost\n|-unboost|p2a: Gengar|atk|1\n|-unboost|p2b: Incineroar|atk|1\n|turn|7\n|\n|t:|1776229884\n|move|p2a: Gengar|Shadow Ball|p1b: Corviknight\n|-damage|p1b: Corviknight|14/100\n|move|p1a: Incineroar|Throat Chop|p2a: Gengar\n|-supereffective|p2a: Gengar|1\n|-damage|p2a: Gengar|0 fnt\n|faint|p2a: Gengar\n|move|p1b: Corviknight|Brave Bird|p2b: Incineroar\n|-damage|p2b: Incineroar|0 fnt\n|faint|p2b: Incineroar\n|-damage|p1b: Corviknight|11/100|[from] Recoil\n|\n|win|Bman3111\n|n|\u2606Bman3111|bman3111\n|n|\u2606CrimsonST|crimsonst\n|l|\u2606Bman3111\n|player|p1|\n|c|\u2606CrimsonST|that kills?\n|l|\u2606CrimsonST\n|player|p2|\n|j|\u2606Bman3111\n|player|p1|Bman3111|1|\n",
  "uploadtime": 1776230489,
  "views": 25,
  "formatid": "gen9championsvgc2026regma",
  "rating": null,
  "private": 0,
  "password": null
}