{
  "id": "gen9championsvgc2026regma-2584201353",
  "format": "[Gen 9 Champions] VGC 2026 Reg M-A",
  "players": [
    "Miko008",
    "thatguyJuMP"
  ],
  "log": "|j|\u2606Miko008\n|j|\u2606thatguyJuMP\n|t:|1776237547\n|gametype|doubles\n|player|p1|Miko008|lady|1141\n|player|p2|thatguyJuMP|2|1062\n|gen|9\n|tier|[Gen 9 Champions] VGC 2026 Reg M-A\n|rated|\n|rule|Species Clause: Limit one of each Pok\u00e9mon\n|rule|Item Clause: Limit 1 of each item\n|clearpoke\n|poke|p1|Dragonite, L50, F|\n|poke|p1|Heliolisk, L50, F|\n|poke|p1|Pelipper, L50, M|\n|poke|p1|Krookodile, L50, M|\n|poke|p1|Archaludon, L50, F|\n|poke|p1|Salazzle, L50, F|\n|poke|p2|Gengar, L50, M|\n|poke|p2|Sinistcha, L50|\n|poke|p2|Incineroar, L50, M|\n|poke|p2|Aerodactyl, L50, M|\n|poke|p2|Rotom-Wash, L50|\n|poke|p2|Lucario, L50, M|\n|teampreview|4\n|\n|t:|1776237572\n|teamsize|p1|4\n|teamsize|p2|4\n|start\n|switch|p1a: Pelipper|Pelipper, L50, M|100/100\n|switch|p1b: Heliolisk|Heliolisk, L50, F|100/100\n|switch|p2a: Gengar|Gengar, L50, M|100/100\n|switch|p2b: Incineroar|Incineroar, L50, M|100/100\n|-weather|RainDance|[from] ability: Drizzle|[of] p1a: Pelipper\n|-ability|p2b: Incineroar|Intimidate|boost\n|-unboost|p1a: Pelipper|atk|1\n|-unboost|p1b: Heliolisk|atk|1\n|turn|1\n|\n|t:|1776237587\n|detailschange|p2a: Gengar|Gengar-Mega, L50, M\n|-mega|p2a: Gengar|Gengar|Gengarite\n|move|p2b: Incineroar|Fake Out|p1a: Pelipper\n|-damage|p1a: Pelipper|87/100\n|move|p2a: Gengar|Perish Song|p2a: Gengar\n|-start|p1a: Pelipper|perish3|[silent]\n|-start|p1b: Heliolisk|perish3|[silent]\n|-start|p2a: Gengar|perish3|[silent]\n|-start|p2b: Incineroar|perish3|[silent]\n|-fieldactivate|move: Perish Song\n|move|p1b: Heliolisk|Thunder|p2a: Gengar\n|-damage|p2a: Gengar|52/100\n|cant|p1a: Pelipper|flinch\n|\n|-weather|RainDance|[upkeep]\n|-start|p2a: Gengar|perish3\n|-start|p1b: Heliolisk|perish3\n|-start|p1a: Pelipper|perish3\n|-start|p2b: Incineroar|perish3\n|upkeep\n|turn|2\n|\n|t:|1776237608\n|move|p2a: Gengar|Protect|p2a: Gengar\n|-singleturn|p2a: Gengar|Protect\n|move|p1b: Heliolisk|Thunder|p2a: Gengar\n|-activate|p2a: Gengar|move: Protect\n|move|p1a: Pelipper|Tailwind|p1a: Pelipper\n|-sidestart|p1: Miko008|move: Tailwind\n|move|p2b: Incineroar|Parting Shot|p1b: Heliolisk\n|-unboost|p1b: Heliolisk|atk|1\n|-unboost|p1b: Heliolisk|spa|1\n|\n|t:|1776237618\n|switch|p2b: Sinistcha|Sinistcha, L50|100/100|[from] Parting Shot\n|-heal|p2a: Gengar|77/100|[from] ability: Hospitality|[of] p2b: Sinistcha\n|\n|-weather|RainDance|[upkeep]\n|-start|p1b: Heliolisk|perish2\n|-start|p1a: Pelipper|perish2\n|-start|p2a: Gengar|perish2\n|upkeep\n|turn|3\n|\n|t:|1776237644\n|move|p2b: Sinistcha|Rage Powder|p2b: Sinistcha\n|-singleturn|p2b: Sinistcha|move: Rage Powder\n|move|p1b: Heliolisk|Thunder|p2b: Sinistcha\n|-resisted|p2b: Sinistcha|1\n|-damage|p2b: Sinistcha|84/100\n|move|p1a: Pelipper|Hurricane|p2b: Sinistcha\n|-supereffective|p2b: Sinistcha|1\n|-damage|p2b: Sinistcha|0 fnt\n|faint|p2b: Sinistcha\n|move|p2a: Gengar|Substitute|p2a: Gengar\n|-start|p2a: Gengar|Substitute\n|-damage|p2a: Gengar|52/100\n|\n|-weather|RainDance|[upkeep]\n|-start|p1b: Heliolisk|perish1\n|-start|p1a: Pelipper|perish1\n|-start|p2a: Gengar|perish1\n|upkeep\n|\n|t:|1776237669\n|switch|p2b: Incineroar|Incineroar, L50, M|100/100\n|-ability|p2b: Incineroar|Intimidate|boost\n|-unboost|p1a: Pelipper|atk|1\n|-unboost|p1b: Heliolisk|atk|1\n|turn|4\n|\n|t:|1776237682\n|switch|p2a: Lucario|Lucario, L50, M|100/100\n|move|p2b: Incineroar|Fake Out|p1a: Pelipper\n|-damage|p1a: Pelipper|75/100\n|move|p1b: Heliolisk|Shed Tail|p1b: Heliolisk\n|-start|p1b: Heliolisk|Substitute|[from] move: Shed Tail\n|-damage|p1b: Heliolisk|50/100\n|-enditem|p1b: Heliolisk|Sitrus Berry|[eat]\n|-heal|p1b: Heliolisk|75/100|[from] item: Sitrus Berry\n|\n|t:|1776237695\n|switch|p1b: Dragonite|Dragonite, L50, F|100/100|[from] Shed Tail\n|cant|p1a: Pelipper|flinch\n|\n|-weather|RainDance|[upkeep]\n|-start|p1a: Pelipper|perish0\n|faint|p1a: Pelipper\n|upkeep\n|\n|t:|1776237709\n|switch|p1a: Krookodile|Krookodile, L50, M|100/100\n|-ability|p1a: Krookodile|Intimidate|boost\n|-fail|p2a: Lucario|unboost|Attack|[from] ability: Inner Focus|[of] p2a: Lucario\n|-unboost|p2b: Incineroar|atk|1\n|turn|5\n|\n|t:|1776237744\n|detailschange|p1b: Dragonite|Dragonite-Mega, L50, F\n|-mega|p1b: Dragonite|Dragonite|Dragoninite\n|move|p1b: Dragonite|Hurricane|p2b: Incineroar\n|-damage|p2b: Incineroar|42/100\n|move|p1a: Krookodile|Earthquake|p2a: Lucario|[spread] p2a,p2b\n|-immune|p1b: Dragonite\n|-supereffective|p2a: Lucario|1\n|-supereffective|p2b: Incineroar|1\n|-damage|p2a: Lucario|0 fnt\n|-damage|p2b: Incineroar|0 fnt\n|faint|p2a: Lucario\n|faint|p2b: Incineroar\n|\n|-weather|none\n|-sideend|p1: Miko008|move: Tailwind\n|upkeep\n|-message|thatguyJuMP forfeited.\n|\n|win|Miko008\n|raw|Miko008's rating: 1141 &rarr; <strong>1160</strong><br />(+19 for winning)\n|raw|thatguyJuMP's rating: 1062 &rarr; <strong>1047</strong><br />(-15 for losing)\n|l|\u2606thatguyJuMP\n|player|p2|\n",
  "uploadtime": 1776237867,
  "views": 24,
  "formatid": "gen9championsvgc2026regma",
  "rating": 1047,
  "private": 0,
  "password": null
}