{
  "id": "gen9championsvgc2026regma-2585013832",
  "format": "[Gen 9 Champions] VGC 2026 Reg M-A",
  "players": [
    "Skadoty",
    "edward201382"
  ],
  "log": "|j|\u2606Skadoty\n|j|\u2606edward201382\n|t:|1776303387\n|gametype|doubles\n|player|p1|Skadoty|101|1460\n|player|p2|edward201382|169|1574\n|gen|9\n|tier|[Gen 9 Champions] VGC 2026 Reg M-A\n|rated|\n|rule|Species Clause: Limit one of each Pok\u00e9mon\n|rule|Item Clause: Limit 1 of each item\n|clearpoke\n|poke|p1|Hydreigon, L50, M|\n|poke|p1|Farigiraf, L50, F|\n|poke|p1|Torkoal, L50, M|\n|poke|p1|Crabominable, L50, F|\n|poke|p1|Kingambit, L50, M|\n|poke|p1|Armarouge, L50, F|\n|poke|p2|Charizard, L50, F|\n|poke|p2|Garchomp, L50, F|\n|poke|p2|Whimsicott, L50, M|\n|poke|p2|Sneasler, L50, F|\n|poke|p2|Kingambit, L50, F|\n|poke|p2|Rotom-Wash, L50|\n|teampreview|4\n|\n|t:|1776303418\n|teamsize|p1|4\n|teamsize|p2|4\n|start\n|switch|p1a: Farigiraf|Farigiraf, L50, F|100/100\n|switch|p1b: Hydreigon|Hydreigon, L50, M|100/100\n|switch|p2a: Rotom|Rotom-Wash, L50|100/100\n|switch|p2b: Garchomp|Garchomp, L50, F|100/100\n|turn|1\n|inactive|Battle timer is ON: inactive players will automatically lose when time's up. (requested by Skadoty)\n|\n|t:|1776303437\n|switch|p2b: Kingambit|Kingambit, L50, F|100/100\n|move|p1b: Hydreigon|Draco Meteor|p2b: Kingambit\n|-resisted|p2b: Kingambit|1\n|-damage|p2b: Kingambit|66/100\n|-unboost|p1b: Hydreigon|spa|2\n|move|p2a: Rotom|Thunderbolt|p1a: Farigiraf\n|-damage|p1a: Farigiraf|63/100\n|move|p1a: Farigiraf|Trick Room|p1a: Farigiraf\n|-fieldstart|move: Trick Room|[of] p1a: Farigiraf\n|\n|upkeep\n|turn|2\n|inactive|Skadoty has 30 seconds left.\n|\n|t:|1776303463\n|switch|p1b: Torkoal|Torkoal, L50, M|100/100\n|-weather|SunnyDay|[from] ability: Drought|[of] p1b: Torkoal\n|move|p2b: Kingambit|Kowtow Cleave|p1a: Farigiraf\n|-supereffective|p1a: Farigiraf|1\n|-enditem|p1a: Farigiraf|Colbur Berry|[eat]\n|-enditem|p1a: Farigiraf|Colbur Berry|[weaken]\n|-damage|p1a: Farigiraf|25/100\n|move|p1a: Farigiraf|Dazzling Gleam|p2b: Kingambit|[spread] p2a,p2b\n|-damage|p2a: Rotom|84/100\n|-damage|p2b: Kingambit|52/100\n|move|p2a: Rotom|Thunderbolt|p1b: Torkoal\n|-damage|p1b: Torkoal|48/100\n|\n|-weather|SunnyDay|[upkeep]\n|upkeep\n|turn|3\n|inactive|Skadoty has 30 seconds left.\n|inactive|edward201382 has 30 seconds left.\n|\n|t:|1776303494\n|move|p2b: Kingambit|Protect|p2b: Kingambit\n|-singleturn|p2b: Kingambit|Protect\n|move|p2a: Rotom|Protect|p2a: Rotom\n|-singleturn|p2a: Rotom|Protect\n|move|p1b: Torkoal|Solar Beam||[still]\n|-prepare|p1b: Torkoal|Solar Beam\n|-anim|p1b: Torkoal|Solar Beam|p2a: Rotom\n|-activate|p2a: Rotom|move: Protect\n|move|p1a: Farigiraf|Dazzling Gleam|p2b: Kingambit|[spread] \n|-activate|p2a: Rotom|move: Protect\n|-activate|p2b: Kingambit|move: Protect\n|\n|-weather|SunnyDay|[upkeep]\n|upkeep\n|turn|4\n|inactive|Skadoty has 30 seconds left.\n|\n|t:|1776303520\n|switch|p1a: Kingambit|Kingambit, L50, M|100/100\n|move|p1b: Torkoal|Heat Wave|p2a: Rotom|[spread] p2a,p2b\n|-resisted|p2a: Rotom|1\n|-supereffective|p2b: Kingambit|1\n|-damage|p2a: Rotom|55/100\n|-damage|p2b: Kingambit|0 fnt\n|faint|p2b: Kingambit\n|move|p2a: Rotom|Hydro Pump|p1b: Torkoal\n|-supereffective|p1b: Torkoal|1\n|-damage|p1b: Torkoal|0 fnt\n|faint|p1b: Torkoal\n|\n|-weather|SunnyDay|[upkeep]\n|upkeep\n|\n|t:|1776303538\n|switch|p1b: Hydreigon|Hydreigon, L50, M|100/100\n|switch|p2b: Charizard|Charizard, L50, F|100/100\n|turn|5\n|inactive|edward201382 has 30 seconds left.\n|\n|t:|1776303564\n|detailschange|p2b: Charizard|Charizard-Mega-Y, L50, F\n|-mega|p2b: Charizard|Charizard|Charizardite Y\n|move|p1a: Kingambit|Kowtow Cleave|p2b: Charizard\n|-damage|p2b: Charizard|34/100\n|move|p2a: Rotom|Thunderbolt|p1b: Hydreigon\n|-resisted|p1b: Hydreigon|1\n|-damage|p1b: Hydreigon|78/100\n|move|p2b: Charizard|Heat Wave|p1a: Kingambit|[spread] p1a,p1b\n|-supereffective|p1a: Kingambit|1\n|-resisted|p1b: Hydreigon|1\n|-damage|p1a: Kingambit|0 fnt\n|-damage|p1b: Hydreigon|40/100\n|faint|p1a: Kingambit\n|move|p1b: Hydreigon|Tailwind|p1b: Hydreigon\n|-sidestart|p1: Skadoty|move: Tailwind\n|\n|-weather|SunnyDay|[upkeep]\n|-fieldend|move: Trick Room\n|upkeep\n|\n|t:|1776303578\n|switch|p1a: Farigiraf|Farigiraf, L50, F|25/100\n|turn|6\n|\n|t:|1776303593\n|move|p1b: Hydreigon|Dark Pulse|p2b: Charizard\n|-damage|p2b: Charizard|0 fnt\n|faint|p2b: Charizard\n|move|p1a: Farigiraf|Dazzling Gleam|p2a: Rotom\n|-damage|p2a: Rotom|35/100\n|-enditem|p2a: Rotom|Sitrus Berry|[eat]\n|-heal|p2a: Rotom|60/100|[from] item: Sitrus Berry\n|move|p2a: Rotom|Thunderbolt|p1a: Farigiraf\n|-damage|p1a: Farigiraf|0 fnt\n|faint|p1a: Farigiraf\n|\n|-weather|none\n|upkeep\n|\n|t:|1776303597\n|switch|p2b: Garchomp|Garchomp, L50, F|100/100\n|turn|7\n|\n|t:|1776303611\n|move|p1b: Hydreigon|Draco Meteor|p2b: Garchomp\n|-supereffective|p2b: Garchomp|1\n|-damage|p2b: Garchomp|0 fnt\n|-unboost|p1b: Hydreigon|spa|2\n|faint|p2b: Garchomp\n|move|p2a: Rotom|Thunderbolt|p1b: Hydreigon\n|-resisted|p1b: Hydreigon|1\n|-damage|p1b: Hydreigon|18/100\n|\n|upkeep\n|turn|8\n|j| r4gn4r96\n|\n|t:|1776303625\n|move|p2a: Rotom|Protect|p2a: Rotom\n|-singleturn|p2a: Rotom|Protect\n|move|p1b: Hydreigon|Dark Pulse|p2a: Rotom\n|-activate|p2a: Rotom|move: Protect\n|\n|-sideend|p1: Skadoty|move: Tailwind\n|upkeep\n|turn|9\n|j| jeskyv2\n|\n|t:|1776303635\n|move|p1b: Hydreigon|Dark Pulse|p2a: Rotom\n|-damage|p2a: Rotom|36/100\n|move|p2a: Rotom|Thunderbolt|p1b: Hydreigon\n|-resisted|p1b: Hydreigon|1\n|-crit|p1b: Hydreigon\n|-damage|p1b: Hydreigon|0 fnt\n|faint|p1b: Hydreigon\n|\n|win|edward201382\n|raw|Skadoty's rating: 1460 &rarr; <strong>1446</strong><br />(-14 for losing)\n|raw|edward201382's rating: 1574 &rarr; <strong>1588</strong><br />(+14 for winning)\n|l|\u2606Skadoty\n|player|p1|\n",
  "uploadtime": 1776303696,
  "views": 60,
  "formatid": "gen9championsvgc2026regma",
  "rating": 1446,
  "private": 0,
  "password": null
}