{
  "id": "gen9championsvgc2026regma-2584839904",
  "format": "[Gen 9 Champions] VGC 2026 Reg M-A",
  "players": [
    "Gameplaya",
    "whackzzzvgc"
  ],
  "log": "|j|\u2606Gameplaya\n|j|\u2606whackzzzvgc\n|t:|1776287712\n|gametype|doubles\n|player|p1|Gameplaya|teamrocket|1130\n|player|p2|whackzzzvgc|aaron|1160\n|gen|9\n|tier|[Gen 9 Champions] VGC 2026 Reg M-A\n|rated|\n|rule|Species Clause: Limit one of each Pok\u00e9mon\n|rule|Item Clause: Limit 1 of each item\n|clearpoke\n|poke|p1|Gengar, L50, F|\n|poke|p1|Palafin, L50, M|\n|poke|p1|Politoed, L50, M|\n|poke|p1|Incineroar, L50, F|\n|poke|p1|Dragapult, L50, F|\n|poke|p1|Scizor, L50, F|\n|poke|p2|Aerodactyl, L50, F|\n|poke|p2|Incineroar, L50, F|\n|poke|p2|Floette-Eternal, L50, F|\n|poke|p2|Basculegion, L50, M|\n|poke|p2|Garchomp, L50, M|\n|poke|p2|Sneasler, L50, M|\n|teampreview|4\n|inactive|Battle timer is ON: inactive players will automatically lose when time's up. (requested by Gameplaya)\n|inactive|Gameplaya has 60 seconds left.\n|inactive|whackzzzvgc has 60 seconds left.\n|\n|t:|1776287762\n|teamsize|p1|4\n|teamsize|p2|4\n|start\n|switch|p1a: Incineroar|Incineroar, L50, F|100/100\n|switch|p1b: Palafin|Palafin, L50, M|100/100\n|switch|p2a: Aerodactyl|Aerodactyl, L50, F|100/100\n|switch|p2b: Basculegion|Basculegion, L50, M|100/100\n|-ability|p2a: Aerodactyl|Unnerve\n|-ability|p1a: Incineroar|Intimidate|boost\n|-unboost|p2a: Aerodactyl|atk|1\n|-unboost|p2b: Basculegion|atk|1\n|turn|1\n|\n|t:|1776287783\n|detailschange|p1b: Palafin|Palafin-Hero, L50, M\n|switch|p1b: Dragapult|Dragapult, L50, F|100/100\n|move|p2a: Aerodactyl|Protect|p2a: Aerodactyl\n|-singleturn|p2a: Aerodactyl|Protect\n|move|p1a: Incineroar|Fake Out|p2a: Aerodactyl\n|-activate|p2a: Aerodactyl|move: Protect\n|move|p2b: Basculegion|Flip Turn|p1a: Incineroar\n|-supereffective|p1a: Incineroar|1\n|-damage|p1a: Incineroar|49/100\n|\n|t:|1776287796\n|switch|p2b: Floette|Floette-Eternal, L50, F|100/100|[from] Flip Turn\n|\n|upkeep\n|turn|2\n|inactive|Gameplaya has 30 seconds left.\n|\n|t:|1776287830\n|detailschange|p2b: Floette|Floette-Mega, L50, F\n|-mega|p2b: Floette|Floette|Floettite\n|-ability|p2b: Floette|Fairy Aura\n|move|p2a: Aerodactyl|Tailwind|p2a: Aerodactyl\n|-sidestart|p2: whackzzzvgc|move: Tailwind\n|move|p2b: Floette|Dazzling Gleam|p1b: Dragapult|[spread] p1a,p1b\n|-supereffective|p1b: Dragapult|1\n|-damage|p1a: Incineroar|15/100\n|-enditem|p1b: Dragapult|Focus Sash\n|-damage|p1b: Dragapult|1/100\n|move|p1b: Dragapult|U-turn|p2a: Aerodactyl\n|-resisted|p2a: Aerodactyl|1\n|-damage|p2a: Aerodactyl|84/100\n|\n|t:|1776287845\n|switch|p1b: Palafin|Palafin-Hero, L50, M|100/100|[from] U-turn\n|-activate|p1b: Palafin|ability: Zero to Hero\n|move|p1a: Incineroar|Parting Shot|p2b: Floette\n|-unboost|p2b: Floette|atk|1\n|-unboost|p2b: Floette|spa|1\n|\n|t:|1776287856\n|switch|p1a: Gengar|Gengar, L50, F|100/100|[from] Parting Shot\n|\n|upkeep\n|turn|3\n|\n|t:|1776287879\n|switch|p2b: Basculegion|Basculegion, L50, M|100/100\n|detailschange|p1a: Gengar|Gengar-Mega, L50, F\n|-mega|p1a: Gengar|Gengar|Gengarite\n|move|p1a: Gengar|Protect|p1a: Gengar\n|-singleturn|p1a: Gengar|Protect\n|move|p1b: Palafin|Protect|p1b: Palafin\n|-singleturn|p1b: Palafin|Protect\n|move|p2a: Aerodactyl|Dual Wingbeat|p1b: Palafin\n|-activate|p1b: Palafin|move: Protect\n|\n|upkeep\n|turn|4\n|inactive|whackzzzvgc has 30 seconds left.\n|inactive|whackzzzvgc has 20 seconds left.\n|inactive|whackzzzvgc has 15 seconds left.\n|\n|t:|1776287924\n|move|p1b: Palafin|Jet Punch|p2a: Aerodactyl\n|-supereffective|p2a: Aerodactyl|1\n|-damage|p2a: Aerodactyl|0 fnt\n|faint|p2a: Aerodactyl\n|move|p2b: Basculegion|Last Respects|p1a: Gengar\n|-supereffective|p1a: Gengar|1\n|-damage|p1a: Gengar|0 fnt\n|faint|p1a: Gengar\n|\n|upkeep\n|\n|t:|1776287943\n|switch|p2a: Floette|Floette-Mega, L50, F|100/100\n|switch|p1a: Incineroar|Incineroar, L50, F|15/100\n|-enditem|p1a: Incineroar|Sitrus Berry|[eat]\n|-heal|p1a: Incineroar|40/100|[from] item: Sitrus Berry\n|-ability|p2a: Floette|Fairy Aura\n|-ability|p1a: Incineroar|Intimidate|boost\n|-unboost|p2a: Floette|atk|1\n|-unboost|p2b: Basculegion|atk|1\n|turn|5\n|\n|t:|1776287965\n|move|p2a: Floette|Protect|p2a: Floette\n|-singleturn|p2a: Floette|Protect\n|move|p1a: Incineroar|Fake Out|p2a: Floette\n|-activate|p2a: Floette|move: Protect\n|move|p2b: Basculegion|Last Respects|p1b: Palafin\n|-damage|p1b: Palafin|64/100\n|move|p1b: Palafin|Flip Turn|p2b: Basculegion\n|-resisted|p2b: Basculegion|1\n|-damage|p2b: Basculegion|72/100\n|\n|t:|1776287976\n|switch|p1b: Dragapult|Dragapult, L50, F|1/100|[from] Flip Turn\n|\n|-sideend|p2: whackzzzvgc|move: Tailwind\n|upkeep\n|turn|6\n|\n|t:|1776287993\n|switch|p2a: Garchomp|Garchomp, L50, M|100/100\n|move|p2b: Basculegion|Last Respects|p1b: Dragapult\n|-supereffective|p1b: Dragapult|1\n|-damage|p1b: Dragapult|0 fnt\n|faint|p1b: Dragapult\n|move|p1a: Incineroar|Parting Shot|p2a: Garchomp\n|-unboost|p2a: Garchomp|atk|1\n|-unboost|p2a: Garchomp|spa|1\n|\n|t:|1776288001\n|switch|p1a: Palafin|Palafin-Hero, L50, M|64/100|[from] Parting Shot\n|\n|upkeep\n|\n|t:|1776288003\n|switch|p1b: Incineroar|Incineroar, L50, F|40/100\n|-ability|p1b: Incineroar|Intimidate|boost\n|-unboost|p2a: Garchomp|atk|1\n|-unboost|p2b: Basculegion|atk|1\n|turn|7\n|\n|t:|1776288028\n|move|p2a: Garchomp|Protect|p2a: Garchomp\n|-singleturn|p2a: Garchomp|Protect\n|move|p1b: Incineroar|Fake Out|p2a: Garchomp\n|-activate|p2a: Garchomp|move: Protect\n|move|p2b: Basculegion|Last Respects|p1a: Palafin\n|-damage|p1a: Palafin|35/100\n|move|p1a: Palafin|Wave Crash|p2b: Basculegion\n|-resisted|p2b: Basculegion|1\n|-damage|p2b: Basculegion|5/100\n|-damage|p1a: Palafin|13/100|[from] Recoil\n|\n|upkeep\n|turn|8\n|\n|t:|1776288052\n|switch|p2b: Floette|Floette-Mega, L50, F|100/100\n|-ability|p2b: Floette|Fairy Aura\n|move|p1a: Palafin|Jet Punch|p2b: Floette\n|-damage|p2b: Floette|40/100\n|move|p2a: Garchomp|Dragon Claw|p1a: Palafin\n|-damage|p1a: Palafin|0 fnt\n|faint|p1a: Palafin\n|move|p1b: Incineroar|Darkest Lariat|p2a: Garchomp\n|-damage|p2a: Garchomp|69/100\n|-damage|p1b: Incineroar|27/100|[from] ability: Rough Skin|[of] p2a: Garchomp\n|\n|upkeep\n|turn|9\n|-message|Gameplaya forfeited.\n|\n|win|whackzzzvgc\n|raw|Gameplaya's rating: 1130 &rarr; <strong>1107</strong><br />(-23 for losing)\n|raw|whackzzzvgc's rating: 1160 &rarr; <strong>1183</strong><br />(+23 for winning)\n|l|\u2606Gameplaya\n|player|p1|\n",
  "uploadtime": 1776288079,
  "views": 30,
  "formatid": "gen9championsvgc2026regma",
  "rating": 1107,
  "private": 0,
  "password": null
}