{
  "id": "gen9championsvgc2026regma-2581877922",
  "format": "[Gen 9 Champions] VGC 2026 Reg M-A",
  "players": [
    "StrikerMohamud",
    "dodoce12345"
  ],
  "log": "|j|\u2606StrikerMohamud\n|j|\u2606dodoce12345\n|t:|1776036020\n|gametype|doubles\n|player|p1|StrikerMohamud|unknown|1155\n|player|p2|dodoce12345|101|1251\n|gen|9\n|tier|[Gen 9 Champions] VGC 2026 Reg M-A\n|rated|\n|rule|Species Clause: Limit one of each Pok\u00e9mon\n|rule|Item Clause: Limit 1 of each item\n|clearpoke\n|poke|p1|Kangaskhan, L50, F|\n|poke|p1|Incineroar, L50, F|\n|poke|p1|Azumarill, L50, F|\n|poke|p1|Froslass, L50, F|\n|poke|p1|Garchomp, L50, M|\n|poke|p1|Talonflame, L50, F|\n|poke|p2|Incineroar, L50, M|\n|poke|p2|Sinistcha, L50|\n|poke|p2|Dragonite, L50, F|\n|poke|p2|Archaludon, L50, M|\n|poke|p2|Pelipper, L50, F|\n|poke|p2|Chimecho, L50, M|\n|teampreview|4\n|\n|t:|1776036054\n|teamsize|p1|4\n|teamsize|p2|4\n|start\n|switch|p1a: Froslass|Froslass, L50, F, shiny|100/100\n|switch|p1b: Azumarill|Azumarill, L50, F, shiny|100/100\n|switch|p2a: Sinistcha|Sinistcha, L50|100/100\n|switch|p2b: Incineroar|Incineroar, L50, M, shiny|100/100\n|-ability|p2b: Incineroar|Intimidate|boost\n|-unboost|p1a: Froslass|atk|1\n|-unboost|p1b: Azumarill|atk|1\n|turn|1\n|\n|t:|1776036095\n|move|p1a: Froslass|Protect|p1a: Froslass\n|-singleturn|p1a: Froslass|Protect\n|move|p1b: Azumarill|Protect|p1b: Azumarill\n|-singleturn|p1b: Azumarill|Protect\n|move|p2b: Incineroar|Parting Shot|p1a: Froslass\n|-activate|p1a: Froslass|move: Protect\n|move|p2a: Sinistcha|Trick Room|p2a: Sinistcha\n|-fieldstart|move: Trick Room|[of] p2a: Sinistcha\n|\n|upkeep\n|turn|2\n|\n|t:|1776036123\n|detailschange|p1a: Froslass|Froslass-Mega, L50, F, shiny\n|-mega|p1a: Froslass|Froslass|Froslassite\n|-weather|Snowscape|[from] ability: Snow Warning|[of] p1a: Froslass\n|move|p2a: Sinistcha|Rage Powder|p2a: Sinistcha\n|-singleturn|p2a: Sinistcha|move: Rage Powder\n|move|p1b: Azumarill|Belly Drum|p1b: Azumarill\n|-damage|p1b: Azumarill|50/100\n|-setboost|p1b: Azumarill|atk|6|[from] move: Belly Drum\n|-enditem|p1b: Azumarill|Sitrus Berry|[eat]\n|-heal|p1b: Azumarill|75/100|[from] item: Sitrus Berry\n|move|p2b: Incineroar|Parting Shot|p1a: Froslass\n|-unboost|p1a: Froslass|atk|1\n|-unboost|p1a: Froslass|spa|1\n|\n|t:|1776036140\n|switch|p2b: Chimecho|Chimecho, L50, M|100/100|[from] Parting Shot\n|move|p1a: Froslass|Blizzard|p2a: Sinistcha|[spread] p2a,p2b\n|-supereffective|p2a: Sinistcha|1\n|-enditem|p2a: Sinistcha|Yache Berry|[eat]\n|-enditem|p2a: Sinistcha|Yache Berry|[weaken]\n|-damage|p2a: Sinistcha|70/100\n|-damage|p2b: Chimecho|72/100\n|\n|-weather|Snowscape|[upkeep]\n|upkeep\n|turn|3\n|\n|t:|1776036155\n|switch|p1a: Incineroar|Incineroar, L50, F, shiny|100/100\n|-ability|p1a: Incineroar|Intimidate|boost\n|-unboost|p2a: Sinistcha|atk|1\n|-unboost|p2b: Chimecho|atk|1\n|detailschange|p2b: Chimecho|Chimecho-Mega, L50, M\n|-mega|p2b: Chimecho|Chimecho|Chimechite\n|move|p1b: Azumarill|Aqua Jet|p2b: Chimecho\n|-damage|p2b: Chimecho|0 fnt\n|faint|p2b: Chimecho\n|move|p2a: Sinistcha|Life Dew|p2a: Sinistcha\n|-heal|p2a: Sinistcha|95/100\n|\n|-weather|Snowscape|[upkeep]\n|upkeep\n|\n|t:|1776036167\n|switch|p2b: Archaludon|Archaludon, L50, M|100/100\n|turn|4\n|\n|t:|1776036182\n|move|p2a: Sinistcha|Rage Powder|p2a: Sinistcha\n|-singleturn|p2a: Sinistcha|move: Rage Powder\n|move|p1b: Azumarill|Play Rough|p2a: Sinistcha\n|-damage|p2a: Sinistcha|0 fnt\n|faint|p2a: Sinistcha\n|move|p1a: Incineroar|Throat Chop|p2b: Archaludon\n|-damage|p2b: Archaludon|73/100\n|-start|p2b: Archaludon|Throat Chop|[silent]\n|-ability|p2b: Archaludon|Stamina|boost\n|-boost|p2b: Archaludon|def|1\n|move|p2b: Archaludon|Electro Shot||[still]\n|-prepare|p2b: Archaludon|Electro Shot\n|-boost|p2b: Archaludon|spa|1\n|\n|-weather|Snowscape|[upkeep]\n|-heal|p2b: Archaludon|79/100|[from] item: Leftovers\n|upkeep\n|\n|t:|1776036195\n|switch|p2a: Incineroar|Incineroar, L50, M, shiny|100/100\n|-ability|p2a: Incineroar|Intimidate|boost\n|-unboost|p1a: Incineroar|atk|1\n|-unboost|p1b: Azumarill|atk|1\n|turn|5\n|\n|t:|1776036214\n|move|p1b: Azumarill|Protect|p1b: Azumarill\n|-singleturn|p1b: Azumarill|Protect\n|move|p2a: Incineroar|Flare Blitz|p1b: Azumarill\n|-activate|p1b: Azumarill|move: Protect\n|move|p1a: Incineroar|Parting Shot|p2b: Archaludon\n|-unboost|p2b: Archaludon|atk|1\n|-unboost|p2b: Archaludon|spa|1\n|\n|t:|1776036221\n|switch|p1a: Garchomp|Garchomp, L50, M|100/100|[from] Parting Shot\n|move|p2b: Archaludon|Electro Shot|p1b: Azumarill|[from] lockedmove\n|-activate|p1b: Azumarill|move: Protect\n|\n|-weather|Snowscape|[upkeep]\n|-heal|p2b: Archaludon|85/100|[from] item: Leftovers\n|-end|p2b: Archaludon|Throat Chop|[silent]\n|-fieldend|move: Trick Room\n|upkeep\n|turn|6\n|-message|dodoce12345 forfeited.\n|\n|win|StrikerMohamud\n|raw|StrikerMohamud's rating: 1155 &rarr; <strong>1187</strong><br />(+32 for winning)\n|raw|dodoce12345's rating: 1251 &rarr; <strong>1219</strong><br />(-32 for losing)\n|l|\u2606dodoce12345\n|player|p2|\n",
  "uploadtime": 1776036022,
  "views": 13,
  "formatid": "gen9championsvgc2026regma",
  "rating": 1187,
  "private": 0,
  "password": null
}