{
  "id": "gen9championsvgc2026regma-2587519286",
  "format": "[Gen 9 Champions] VGC 2026 Reg M-A",
  "players": [
    "Braute",
    "ollll1234"
  ],
  "log": "|j|\u2606Braute\n|j|\u2606ollll1234\n|t:|1776538760\n|gametype|doubles\n|player|p1|Braute|miku-fire|1231\n|player|p2|ollll1234|wallace|1141\n|gen|9\n|tier|[Gen 9 Champions] VGC 2026 Reg M-A\n|rated|\n|rule|Species Clause: Limit one of each Pok\u00e9mon\n|rule|Item Clause: Limit 1 of each item\n|clearpoke\n|poke|p1|Skarmory, L50, F, shiny|\n|poke|p1|Sneasler, L50, F|\n|poke|p1|Glimmora, L50, F|\n|poke|p1|Garchomp, L50, F|\n|poke|p1|Incineroar, L50, M, shiny|\n|poke|p1|Volcarona, L50, M, shiny|\n|poke|p2|Kangaskhan, L50, F|\n|poke|p2|Milotic, L50, F|\n|poke|p2|Torkoal, L50, M|\n|poke|p2|Venusaur, L50, F|\n|poke|p2|Mimikyu, L50, M|\n|poke|p2|Kingambit, L50, M|\n|teampreview|4\n|inactive|Battle timer is ON: inactive players will automatically lose when time's up. (requested by Braute)\n|inactive|ollll1234 also wants the timer to be on.\n|\n|t:|1776538788\n|teamsize|p1|4\n|teamsize|p2|4\n|start\n|switch|p1a: Volcarona|Volcarona, L50, M, shiny|100/100\n|switch|p1b: Glimmora|Glimmora, L50, F|100/100\n|switch|p2a: Mimikyu|Mimikyu, L50, M|100/100\n|switch|p2b: Torkoal|Torkoal, L50, M|100/100\n|-weather|SunnyDay|[from] ability: Drought|[of] p2b: Torkoal\n|turn|1\n|\n|t:|1776538806\n|detailschange|p1b: Glimmora|Glimmora-Mega, L50, F\n|-mega|p1b: Glimmora|Glimmora|Glimmoranite\n|move|p2b: Torkoal|Protect|p2b: Torkoal\n|-singleturn|p2b: Torkoal|Protect\n|move|p1b: Glimmora|Power Gem|p2b: Torkoal\n|-activate|p2b: Torkoal|move: Protect\n|move|p1a: Volcarona|Quiver Dance|p1a: Volcarona\n|-boost|p1a: Volcarona|spa|1\n|-boost|p1a: Volcarona|spd|1\n|-boost|p1a: Volcarona|spe|1\n|move|p2a: Mimikyu|Trick Room|p2a: Mimikyu\n|-fieldstart|move: Trick Room|[of] p2a: Mimikyu\n|\n|-weather|SunnyDay|[upkeep]\n|upkeep\n|turn|2\n|\n|t:|1776538827\n|move|p2b: Torkoal|Eruption|p1b: Glimmora|[spread] p1a,p1b\n|-resisted|p1b: Glimmora|1\n|-damage|p1a: Volcarona|32/100\n|-damage|p1b: Glimmora|54/100\n|move|p2a: Mimikyu|Shadow Claw|p1a: Volcarona\n|-crit|p1a: Volcarona\n|-damage|p1a: Volcarona|0 fnt\n|faint|p1a: Volcarona\n|move|p1b: Glimmora|Power Gem|p2b: Torkoal\n|-supereffective|p2b: Torkoal|1\n|-damage|p2b: Torkoal|0 fnt\n|faint|p2b: Torkoal\n|\n|-weather|SunnyDay|[upkeep]\n|upkeep\n|\n|t:|1776538840\n|switch|p2b: Kangaskhan|Kangaskhan, L50, F|100/100\n|switch|p1a: Sneasler|Sneasler, L50, F|100/100\n|turn|3\n|inactive|ollll1234 has 30 seconds left.\n|\n|t:|1776538866\n|detailschange|p2b: Kangaskhan|Kangaskhan-Mega, L50, F\n|-mega|p2b: Kangaskhan|Kangaskhan|Kangaskhanite\n|move|p1b: Glimmora|Spiky Shield|p1b: Glimmora\n|-singleturn|p1b: Glimmora|move: Protect\n|move|p2b: Kangaskhan|Fake Out|p1a: Sneasler\n|-damage|p1a: Sneasler|65/100\n|-damage|p1a: Sneasler|55/100\n|-hitcount|p1a: Sneasler|2\n|move|p2a: Mimikyu|Shadow Claw|p1b: Glimmora\n|-activate|p1b: Glimmora|move: Protect\n|-damage|p2a: Mimikyu|88/100|[from] Spiky Shield|[of] p1b: Glimmora\n|cant|p1a: Sneasler|flinch\n|\n|-weather|SunnyDay|[upkeep]\n|upkeep\n|turn|4\n|\n|t:|1776538891\n|move|p2a: Mimikyu|Shadow Claw|p1b: Glimmora\n|-damage|p1b: Glimmora|29/100\n|move|p2b: Kangaskhan|Crunch|p1b: Glimmora\n|-damage|p1b: Glimmora|0 fnt\n|faint|p1b: Glimmora\n|-hitcount|p1: Glimmora|1\n|move|p1a: Sneasler|Close Combat|p2b: Kangaskhan\n|-supereffective|p2b: Kangaskhan|1\n|-damage|p2b: Kangaskhan|0 fnt\n|-unboost|p1a: Sneasler|def|1\n|-unboost|p1a: Sneasler|spd|1\n|faint|p2b: Kangaskhan\n|-enditem|p1a: Sneasler|White Herb\n|-clearnegativeboost|p1a: Sneasler|[silent]\n|\n|-weather|SunnyDay|[upkeep]\n|upkeep\n|\n|t:|1776538901\n|switch|p2b: Milotic|Milotic, L50, F|100/100\n|switch|p1b: Garchomp|Garchomp, L50, F|100/100\n|turn|5\n|\n|t:|1776538908\n|move|p2b: Milotic|Coil|p2b: Milotic\n|-boost|p2b: Milotic|atk|1\n|-boost|p2b: Milotic|def|1\n|-boost|p2b: Milotic|accuracy|1\n|move|p2a: Mimikyu|Play Rough|p1a: Sneasler\n|-damage|p1a: Sneasler|9/100\n|move|p1b: Garchomp|Rock Slide|p2b: Milotic|[spread] p2a,p2b\n|-activate|p2a: Mimikyu|ability: Disguise\n|-damage|p2a: Mimikyu|88/100\n|-damage|p2b: Milotic|91/100\n|detailschange|p2a: Mimikyu|Mimikyu-Busted, L50, M\n|-damage|p2a: Mimikyu|76/100|[from] pokemon: Mimikyu-Busted\n|move|p1a: Sneasler|Dire Claw|p2a: Mimikyu\n|-damage|p2a: Mimikyu|30/100\n|\n|-weather|none\n|-heal|p2b: Milotic|97/100|[from] item: Leftovers\n|-fieldend|move: Trick Room\n|upkeep\n|turn|6\n|\n|t:|1776538929\n|move|p1a: Sneasler|Dire Claw|p2b: Milotic\n|-damage|p2b: Milotic|76/100\n|move|p1b: Garchomp|Rock Slide|p2a: Mimikyu|[spread] p2a,p2b\n|-damage|p2a: Mimikyu|8/100\n|-damage|p2b: Milotic|65/100\n|move|p2b: Milotic|Muddy Water|p1a: Sneasler|[spread] p1a,p1b\n|-damage|p1a: Sneasler|0 fnt\n|-damage|p1b: Garchomp|76/100\n|faint|p1a: Sneasler\n|cant|p2a: Mimikyu|flinch\n|\n|-heal|p2b: Milotic|71/100|[from] item: Leftovers\n|upkeep\n|turn|7\n|\n|t:|1776538943\n|move|p1b: Garchomp|Rock Slide|p2a: Mimikyu|[spread] p2a,p2b\n|-damage|p2a: Mimikyu|0 fnt\n|-damage|p2b: Milotic|60/100\n|faint|p2a: Mimikyu\n|cant|p2b: Milotic|flinch\n|\n|-heal|p2b: Milotic|66/100|[from] item: Leftovers\n|upkeep\n|turn|8\n|\n|t:|1776538948\n|move|p1b: Garchomp|Rock Slide|p2b: Milotic\n|-damage|p2b: Milotic|51/100\n|move|p2b: Milotic|Coil|p2b: Milotic\n|-boost|p2b: Milotic|atk|1\n|-boost|p2b: Milotic|def|1\n|-boost|p2b: Milotic|accuracy|1\n|\n|-heal|p2b: Milotic|57/100|[from] item: Leftovers\n|upkeep\n|turn|9\n|\n|t:|1776538953\n|move|p1b: Garchomp|Rock Slide|p2b: Milotic\n|-damage|p2b: Milotic|45/100\n|cant|p2b: Milotic|flinch\n|\n|-heal|p2b: Milotic|51/100|[from] item: Leftovers\n|upkeep\n|turn|10\n|\n|t:|1776538957\n|move|p1b: Garchomp|Rock Slide|p2b: Milotic\n|-damage|p2b: Milotic|40/100\n|move|p2b: Milotic|Recover|p2b: Milotic\n|-heal|p2b: Milotic|90/100\n|\n|-heal|p2b: Milotic|96/100|[from] item: Leftovers\n|upkeep\n|turn|11\n|-message|Braute forfeited.\n|\n|win|ollll1234\n|raw|Braute's rating: 1231 &rarr; <strong>1200</strong><br />(-31 for losing)\n|raw|ollll1234's rating: 1141 &rarr; <strong>1172</strong><br />(+31 for winning)\n",
  "uploadtime": 1776538964,
  "views": 12,
  "formatid": "gen9championsvgc2026regma",
  "rating": 1172,
  "private": 0,
  "password": null
}