{
  "id": "gen9championsvgc2026regma-2588581581",
  "format": "[Gen 9 Champions] VGC 2026 Reg M-A",
  "players": [
    "nonexistnt",
    "venusaurrr"
  ],
  "log": "|j|\u2606nonexistnt\n|j|\u203dvenusaurrr\n|t:|1776647103\n|gametype|doubles\n|player|p1|nonexistnt|veteran|1407\n|player|p2|venusaurrr|boarder|1510\n|gen|9\n|tier|[Gen 9 Champions] VGC 2026 Reg M-A\n|rated|\n|rule|Species Clause: Limit one of each Pok\u00e9mon\n|rule|Item Clause: Limit 1 of each item\n|clearpoke\n|poke|p1|Tyranitar, L50, M|\n|poke|p1|Excadrill, L50, F|\n|poke|p1|Venusaur, L50, F|\n|poke|p1|Corviknight, L50, F|\n|poke|p1|Basculegion, L50, M|\n|poke|p1|Rotom-Heat, L50|\n|poke|p2|Golurk, L50|\n|poke|p2|Farigiraf, L50, F|\n|poke|p2|Incineroar, L50, F|\n|poke|p2|Torkoal, L50, F|\n|poke|p2|Sneasler, L50, F|\n|poke|p2|Venusaur, L50, M|\n|teampreview|4\n|\n|t:|1776647123\n|teamsize|p1|4\n|teamsize|p2|4\n|start\n|switch|p1a: Venusaur|Venusaur, L50, F|100/100\n|switch|p1b: Basculegion|Basculegion, L50, M|100/100\n|switch|p2a: Farigiraf|Farigiraf, L50, F|100/100\n|switch|p2b: Incineroar|Incineroar, L50, F|100/100\n|-ability|p2b: Incineroar|Intimidate|boost\n|-unboost|p1a: Venusaur|atk|1\n|-unboost|p1b: Basculegion|atk|1\n|turn|1\n|inactive|Battle timer is ON: inactive players will automatically lose when time's up. (requested by nonexistnt)\n|\n|t:|1776647138\n|detailschange|p1a: Venusaur|Venusaur-Mega, L50, F\n|-mega|p1a: Venusaur|Venusaur|Venusaurite\n|move|p1a: Venusaur|Protect|p1a: Venusaur\n|-singleturn|p1a: Venusaur|Protect\n|move|p2b: Incineroar|Fake Out|p1a: Venusaur\n|-activate|p1a: Venusaur|move: Protect\n|move|p1b: Basculegion|Flip Turn|p2b: Incineroar\n|-supereffective|p2b: Incineroar|1\n|-damage|p2b: Incineroar|56/100\n|\n|t:|1776647151\n|switch|p1b: Tyranitar|Tyranitar, L50, M|100/100|[from] Flip Turn\n|-weather|Sandstorm|[from] ability: Sand Stream|[of] p1b: Tyranitar\n|move|p2a: Farigiraf|Trick Room|p2a: Farigiraf\n|-fieldstart|move: Trick Room|[of] p2a: Farigiraf\n|\n|-weather|Sandstorm|[upkeep]\n|-damage|p2a: Farigiraf|94/100|[from] Sandstorm\n|-damage|p2b: Incineroar|50/100|[from] Sandstorm\n|-damage|p1a: Venusaur|95/100|[from] Sandstorm\n|upkeep\n|turn|2\n|\n|t:|1776647167\n|move|p2a: Farigiraf|Psychic|p1a: Venusaur\n|-supereffective|p1a: Venusaur|1\n|-damage|p1a: Venusaur|40/100\n|move|p1b: Tyranitar|Knock Off|p2a: Farigiraf\n|-supereffective|p2a: Farigiraf|1\n|-damage|p2a: Farigiraf|11/100\n|-enditem|p2a: Farigiraf|Sitrus Berry|[from] move: Knock Off|[of] p1b: Tyranitar\n|move|p2b: Incineroar|Parting Shot|p1b: Tyranitar\n|-unboost|p1b: Tyranitar|atk|1\n|-unboost|p1b: Tyranitar|spa|1\n|\n|t:|1776647177\n|switch|p2b: Golurk|Golurk, L50|100/100|[from] Parting Shot\n|move|p1a: Venusaur|Weather Ball|p2b: Golurk\n|-resisted|p2b: Golurk|1\n|-damage|p2b: Golurk|82/100\n|\n|-weather|Sandstorm|[upkeep]\n|-damage|p2a: Farigiraf|5/100|[from] Sandstorm\n|-damage|p1a: Venusaur|34/100|[from] Sandstorm\n|upkeep\n|turn|3\n|inactive|nonexistnt has 30 seconds left.\n|inactive|nonexistnt has 20 seconds left.\n|\n|t:|1776647215\n|switch|p1a: Rotom|Rotom-Heat, L50|100/100\n|detailschange|p2b: Golurk|Golurk-Mega, L50\n|-mega|p2b: Golurk|Golurk|Golurkite\n|move|p1b: Tyranitar|Protect|p1b: Tyranitar\n|-singleturn|p1b: Tyranitar|Protect\n|move|p2b: Golurk|Headlong Rush|p1b: Tyranitar\n|-supereffective|p1b: Tyranitar|1\n|-ability|p2b: Golurk|Unseen Fist\n|-zbroken|p1b: Tyranitar\n|-damage|p1b: Tyranitar|75/100\n|-unboost|p2b: Golurk|def|1\n|-unboost|p2b: Golurk|spd|1\n|move|p2a: Farigiraf|Psychic|p1a: Rotom\n|-damage|p1a: Rotom|57/100\n|\n|-weather|Sandstorm|[upkeep]\n|-damage|p2a: Farigiraf|0 fnt|[from] Sandstorm\n|-damage|p1a: Rotom|51/100|[from] Sandstorm\n|faint|p2a: Farigiraf\n|upkeep\n|\n|t:|1776647232\n|switch|p2a: Torkoal|Torkoal, L50, F|100/100\n|-weather|SunnyDay|[from] ability: Drought|[of] p2a: Torkoal\n|turn|4\n|\n|t:|1776647254\n|switch|p2a: Incineroar|Incineroar, L50, F|50/100\n|-ability|p2a: Incineroar|Intimidate|boost\n|-unboost|p1a: Rotom|atk|1\n|-unboost|p1b: Tyranitar|atk|1\n|switch|p1b: Venusaur|Venusaur-Mega, L50, F|34/100\n|move|p2b: Golurk|Headlong Rush|p1b: Venusaur\n|-damage|p1b: Venusaur|0 fnt\n|-unboost|p2b: Golurk|def|1\n|-unboost|p2b: Golurk|spd|1\n|faint|p1b: Venusaur\n|move|p1a: Rotom|Overheat|p2b: Golurk|[miss]\n|-miss|p1a: Rotom|p2b: Golurk\n|\n|-weather|SunnyDay|[upkeep]\n|upkeep\n|\n|t:|1776647269\n|switch|p1b: Tyranitar|Tyranitar, L50, M|75/100\n|-weather|Sandstorm|[from] ability: Sand Stream|[of] p1b: Tyranitar\n|turn|5\n|\n|t:|1776647292\n|switch|p2a: Torkoal|Torkoal, L50, F|100/100\n|-weather|SunnyDay|[from] ability: Drought|[of] p2a: Torkoal\n|move|p1b: Tyranitar|Protect|p1b: Tyranitar\n|-singleturn|p1b: Tyranitar|Protect\n|move|p1a: Rotom|Protect|p1a: Rotom\n|-singleturn|p1a: Rotom|Protect\n|move|p2b: Golurk|Poltergeist|p1a: Rotom\n|-activate|p1a: Rotom|move: Protect\n|\n|-weather|SunnyDay|[upkeep]\n|-fieldend|move: Trick Room\n|upkeep\n|turn|6\n|\n|t:|1776647312\n|switch|p2b: Incineroar|Incineroar, L50, F|50/100\n|-ability|p2b: Incineroar|Intimidate|boost\n|-unboost|p1a: Rotom|atk|1\n|-unboost|p1b: Tyranitar|atk|1\n|move|p1a: Rotom|Overheat|p2b: Incineroar\n|-resisted|p2b: Incineroar|1\n|-damage|p2b: Incineroar|13/100\n|-unboost|p1a: Rotom|spa|2\n|move|p1b: Tyranitar|Rock Slide|p2a: Torkoal|[spread] p2a,p2b\n|-supereffective|p2a: Torkoal|1\n|-supereffective|p2b: Incineroar|1\n|-damage|p2a: Torkoal|71/100\n|-damage|p2b: Incineroar|0 fnt\n|faint|p2b: Incineroar\n|cant|p2a: Torkoal|flinch\n|\n|-weather|SunnyDay|[upkeep]\n|upkeep\n|\n|t:|1776647327\n|switch|p2b: Golurk|Golurk-Mega, L50|82/100\n|turn|7\n|\n|t:|1776647341\n|move|p1a: Rotom|Volt Switch|p2a: Torkoal\n|-damage|p2a: Torkoal|51/100\n|\n|t:|1776647345\n|switch|p1a: Basculegion|Basculegion, L50, M|100/100|[from] Volt Switch\n|move|p1b: Tyranitar|Knock Off|p2b: Golurk\n|-supereffective|p2b: Golurk|1\n|-damage|p2b: Golurk|44/100\n|move|p2b: Golurk|Headlong Rush|p1b: Tyranitar\n|-supereffective|p1b: Tyranitar|1\n|-crit|p1b: Tyranitar\n|-damage|p1b: Tyranitar|0 fnt\n|-unboost|p2b: Golurk|def|1\n|-unboost|p2b: Golurk|spd|1\n|faint|p1b: Tyranitar\n|move|p2a: Torkoal|Weather Ball|p1a: Basculegion\n|-resisted|p1a: Basculegion|1\n|-damage|p1a: Basculegion|58/100\n|\n|-weather|SunnyDay|[upkeep]\n|upkeep\n|\n|t:|1776647359\n|switch|p1b: Rotom|Rotom-Heat, L50|51/100\n|turn|8\n|inactive|nonexistnt has 30 seconds left.\n|inactive|nonexistnt has 20 seconds left.\n|inactive|nonexistnt has 15 seconds left.\n|\n|t:|1776647403\n|move|p2b: Golurk|Protect|p2b: Golurk\n|-singleturn|p2b: Golurk|Protect\n|move|p1a: Basculegion|Last Respects|p2a: Torkoal\n|-damage|p2a: Torkoal|0 fnt\n|faint|p2a: Torkoal\n|move|p1b: Rotom|Overheat|p2b: Golurk\n|-activate|p2b: Golurk|move: Protect\n|\n|-weather|SunnyDay|[upkeep]\n|upkeep\n|turn|9\n|-message|venusaurrr forfeited.\n|\n|win|nonexistnt\n|raw|nonexistnt's rating: 1407 &rarr; <strong>1433</strong><br />(+26 for winning)\n|raw|venusaurrr's rating: 1510 &rarr; <strong>1484</strong><br />(-26 for losing)\n|j| BlackWu\n|l|\u2606nonexistnt\n|player|p1|\n",
  "uploadtime": 1776647423,
  "views": 9,
  "formatid": "gen9championsvgc2026regma",
  "rating": 1433,
  "private": 0,
  "password": null
}