{
  "id": "gen9championsvgc2026regma-2581835288",
  "format": "[Gen 9 Champions] VGC 2026 Reg M-A",
  "players": [
    "mayhemicdimise",
    "leviathansenvy"
  ],
  "log": "|j|\u2606mayhemicdimise\n|j|\u2606leviathansenvy\n|t:|1776032319\n|gametype|doubles\n|player|p1|mayhemicdimise|benga|1059\n|player|p2|leviathansenvy|miku-ice|1000\n|gen|9\n|tier|[Gen 9 Champions] VGC 2026 Reg M-A\n|rated|\n|rule|Species Clause: Limit one of each Pok\u00e9mon\n|rule|Item Clause: Limit 1 of each item\n|clearpoke\n|poke|p1|Froslass, L50, F|\n|poke|p1|Delphox, L50, M|\n|poke|p1|Incineroar, L50, M|\n|poke|p1|Orthworm, L50, F|\n|poke|p1|Garchomp, L50, F|\n|poke|p1|Basculegion, L50, M|\n|poke|p2|Hawlucha, L50, M|\n|poke|p2|Vanilluxe, L50, F|\n|poke|p2|Basculegion, L50, M|\n|poke|p2|Froslass, L50, F|\n|poke|p2|Whimsicott, L50, F|\n|poke|p2|Incineroar, L50, F|\n|teampreview|4\n|inactive|Battle timer is ON: inactive players will automatically lose when time's up. (requested by leviathansenvy)\nmayhemicdimise has agreed to open team sheets.\n|c|\u2606mayhemicdimise|Hi\n|inactive|mayhemicdimise has 60 seconds left.\n|j| SimMikaze\n|c|\u2606mayhemicdimise|Hi sim\n|c| SimMikaze|Hello\nleviathansenvy has agreed to open team sheets.\n|showteam|p1|Froslass||Froslassite|SnowCloak|Protect,AuroraVeil,Blizzard,ShadowBall|||F|||50|]Delphox||Delphoxite|Blaze|NastyPlot,HeatWave,Psychic,Protect|||M|||50|]Incineroar||BrightPowder|Intimidate|FakeOut,DarkestLariat,PartingShot,FlareBlitz|||M|||50|]Orthworm||SitrusBerry|EarthEater|BodyPress,IronDefense,ShedTail,Protect|||F|||50|]Garchomp||FocusSash|RoughSkin|Earthquake,PoisonJab,DragonClaw,Protect|||F|||50|]Basculegion||ChoiceScarf|Adaptability|LastRespects,WaveCrash,PsychicFangs,FlipTurn|||M|||50|\n|showteam|p2|Hawlucha||Hawluchanite|Limber|Entrainment,HighJumpKick,StoneEdge,Protect|||M|||50|]Vanilluxe||ChoiceScarf|SnowWarning|SheerCold,Blizzard,FlashCannon,FreezeDry|||F|||50|]Basculegion||SpellTag|Adaptability|LastRespects,FlipTurn,WaveCrash,Crunch|||M|||50|]Froslass||Froslassite|SnowCloak|Blizzard,AuroraVeil,DrainingKiss,ShadowBall|||F|||50|]Whimsicott|||Prankster|Tailwind,Taunt,FakeTears,Encore|||F|||50|]Incineroar||ShucaBerry|Intimidate|FakeOut,PartingShot,FlareBlitz,DarkestLariat|||F|||50|\n|inactive|mayhemicdimise has 30 seconds left.\n|c|\u2606mayhemicdimise|How i see team sheets\n|inactive|mayhemicdimise has 20 seconds left.\n|inactive|mayhemicdimise has 15 seconds left.\n|\n|t:|1776032397\n|teamsize|p1|4\n|teamsize|p2|4\n|start\n|switch|p1a: Garchomp|Garchomp, L50, F, shiny|100/100\n|switch|p1b: Orthworm|Orthworm, L50, F, shiny|100/100\n|switch|p2a: Drunk Driving|Incineroar, L50, F|100/100\n|switch|p2b: Susie's Idea|Whimsicott, L50, F, shiny|100/100\n|-ability|p2a: Drunk Driving|Intimidate|boost\n|-unboost|p1a: Garchomp|atk|1\n|-unboost|p1b: Orthworm|atk|1\n|turn|1\n|\n|t:|1776032415\n|move|p2a: Drunk Driving|Fake Out|p1a: Garchomp\n|-damage|p1a: Garchomp|86/100\n|-damage|p2a: Drunk Driving|88/100|[from] ability: Rough Skin|[of] p1a: Garchomp\n|move|p2b: Susie's Idea|Tailwind|p2b: Susie's Idea\n|-sidestart|p2: leviathansenvy|move: Tailwind\n|cant|p1a: Garchomp|flinch\n|move|p1b: Orthworm|Shed Tail|p1b: Orthworm\n|-start|p1b: Orthworm|Substitute|[from] move: Shed Tail\n|-damage|p1b: Orthworm|50/100\n|-enditem|p1b: Orthworm|Sitrus Berry|[eat]\n|-heal|p1b: Orthworm|75/100|[from] item: Sitrus Berry\n|c| SimMikaze|Entrainment Sheer Cold, sounds risky with no protect\n|\n|t:|1776032433\n|switch|p1b: Froslass|Froslass, L50, F, shiny|100/100|[from] Shed Tail\n|\n|upkeep\n|turn|2\n|\n|t:|1776032452\n|switch|p2b: Dreemurr|Hawlucha, L50, M|100/100\n|detailschange|p1b: Froslass|Froslass-Mega, L50, F, shiny\n|-mega|p1b: Froslass|Froslass|Froslassite\n|-weather|Snowscape|[from] ability: Snow Warning|[of] p1b: Froslass\n|move|p1b: Froslass|Aurora Veil|p1b: Froslass\n|-sidestart|p1: mayhemicdimise|move: Aurora Veil\n|move|p2a: Drunk Driving|Flare Blitz|p1b: Froslass\n|-supereffective|p1b: Froslass|1\n|-end|p1b: Froslass|Substitute\n|-damage|p2a: Drunk Driving|79/100|[from] Recoil|[of] p1b: Froslass\n|move|p1a: Garchomp|Earthquake|p2a: Drunk Driving|[spread] p1b,p2a\n|-immune|p2b: Dreemurr\n|-supereffective|p2a: Drunk Driving|1\n|-enditem|p2a: Drunk Driving|Shuca Berry|[eat]\n|-enditem|p2a: Drunk Driving|Shuca Berry|[weaken]\n|-damage|p1b: Froslass|80/100\n|-damage|p2a: Drunk Driving|52/100\n|\n|-weather|Snowscape|[upkeep]\n|upkeep\n|turn|3\n|inactive|mayhemicdimise has 30 seconds left.\n|\n|t:|1776032481\n|detailschange|p2b: Dreemurr|Hawlucha-Mega, L50, M\n|-mega|p2b: Dreemurr|Hawlucha|Hawluchanite\n|move|p2b: Dreemurr|Stone Edge|p1b: Froslass\n|-supereffective|p1b: Froslass|1\n|-damage|p1b: Froslass|26/100\n|move|p1b: Froslass|Blizzard|p2a: Drunk Driving|[spread] p2a,p2b\n|-resisted|p2a: Drunk Driving|1\n|-supereffective|p2b: Dreemurr|1\n|-damage|p2a: Drunk Driving|26/100\n|-damage|p2b: Dreemurr|0 fnt\n|faint|p2b: Dreemurr\n|move|p2a: Drunk Driving|Parting Shot|p1b: Froslass\n|-unboost|p1b: Froslass|atk|1\n|-unboost|p1b: Froslass|spa|1\n|\n|t:|1776032492\n|switch|p2a: SNOWGRAVE|Vanilluxe, L50, F, shiny|100/100|[from] Parting Shot\n|move|p1a: Garchomp|Dragon Claw|p2a: SNOWGRAVE\n|-damage|p2a: SNOWGRAVE|79/100\n|\n|-weather|Snowscape|[upkeep]\n|upkeep\n|\n|t:|1776032494\n|switch|p2b: Susie's Idea|Whimsicott, L50, F, shiny|100/100\n|turn|4\n|c| SimMikaze|I think should have Blizard instead of Veil\n|inactive|leviathansenvy has 30 seconds left.\n|\n|t:|1776032520\n|switch|p2b: Drunk Driving|Incineroar, L50, F|26/100\n|-ability|p2b: Drunk Driving|Intimidate|boost\n|-unboost|p1a: Garchomp|atk|1\n|-unboost|p1b: Froslass|atk|1\n|switch|p1b: Orthworm|Orthworm, L50, F, shiny|75/100\n|move|p2a: SNOWGRAVE|Blizzard|p1a: Garchomp|[spread] p1a,p1b\n|-supereffective|p1a: Garchomp|2\n|-resisted|p1b: Orthworm|1\n|-damage|p1a: Garchomp|0 fnt\n|-damage|p1b: Orthworm|60/100\n|faint|p1a: Garchomp\n|\n|-weather|Snowscape|[upkeep]\n|-sideend|p2: leviathansenvy|move: Tailwind\n|upkeep\n|\n|t:|1776032535\n|switch|p1a: Incineroar|Incineroar, L50, M, shiny|100/100\n|-ability|p1a: Incineroar|Intimidate|boost\n|-unboost|p2a: SNOWGRAVE|atk|1\n|-unboost|p2b: Drunk Driving|atk|1\n|turn|5\n|\n|t:|1776032545\n|switch|p2a: Susie's Idea|Whimsicott, L50, F, shiny|100/100\n|move|p1a: Incineroar|Fake Out|p2a: Susie's Idea\n|-damage|p2a: Susie's Idea|89/100\n|move|p2b: Drunk Driving|Fake Out|p1b: Orthworm\n|-resisted|p1b: Orthworm|1\n|-damage|p1b: Orthworm|58/100\n|cant|p1b: Orthworm|flinch\n|\n|-weather|Snowscape|[upkeep]\n|upkeep\n|turn|6\n|\n|t:|1776032561\n|move|p2a: Susie's Idea|Tailwind|p2a: Susie's Idea\n|-sidestart|p2: leviathansenvy|move: Tailwind\n|move|p2b: Drunk Driving|Parting Shot|p1a: Incineroar\n|-unboost|p1a: Incineroar|atk|1\n|-unboost|p1a: Incineroar|spa|1\n|\n|t:|1776032566\n|switch|p2b: SNOWGRAVE|Vanilluxe, L50, F, shiny|79/100|[from] Parting Shot\n|move|p1b: Orthworm|Body Press|p2b: SNOWGRAVE\n|-supereffective|p2b: SNOWGRAVE|1\n|-damage|p2b: SNOWGRAVE|27/100\n|move|p1a: Incineroar|Flare Blitz|p2a: Susie's Idea\n|-supereffective|p2a: Susie's Idea|1\n|-damage|p2a: Susie's Idea|18/100\n|-damage|p1a: Incineroar|85/100|[from] Recoil\n|\n|-weather|none\n|-sideend|p1: mayhemicdimise|move: Aurora Veil\n|upkeep\n|turn|7\n|c| SimMikaze|Nice hits\n|c|\u2606mayhemicdimise|Thx\n|inactive|leviathansenvy has 30 seconds left.\n|\n|t:|1776032595\n|move|p2a: Susie's Idea|Taunt|p1b: Orthworm\n|-start|p1b: Orthworm|move: Taunt\n|move|p2b: SNOWGRAVE|Sheer Cold|p1a: Incineroar|[miss]\n|-miss|p2b: SNOWGRAVE|p1a: Incineroar\n|move|p1b: Orthworm|Body Press|p2b: SNOWGRAVE\n|-supereffective|p2b: SNOWGRAVE|1\n|-crit|p2b: SNOWGRAVE\n|-damage|p2b: SNOWGRAVE|0 fnt\n|faint|p2b: SNOWGRAVE\n|move|p1a: Incineroar|Flare Blitz|p2a: Susie's Idea\n|-supereffective|p2a: Susie's Idea|1\n|-damage|p2a: Susie's Idea|0 fnt\n|faint|p2a: Susie's Idea\n|-damage|p1a: Incineroar|81/100|[from] Recoil\n|\n|upkeep\n|\n|t:|1776032602\n|switch|p2b: Drunk Driving|Incineroar, L50, F|26/100\n|-ability|p2b: Drunk Driving|Intimidate|boost\n|-unboost|p1a: Incineroar|atk|1\n|-unboost|p1b: Orthworm|atk|1\n|turn|8\n|c|\u2606mayhemicdimise|Ggs\n|c| SimMikaze|Yeah, it is over, ggs\n|\n|t:|1776032616\n|move|p2b: Drunk Driving|Fake Out|p1b: Orthworm\n|-resisted|p1b: Orthworm|1\n|-damage|p1b: Orthworm|54/100\n|cant|p1b: Orthworm|flinch\n|move|p1a: Incineroar|Parting Shot|p2b: Drunk Driving\n|-unboost|p2b: Drunk Driving|atk|1\n|-unboost|p2b: Drunk Driving|spa|1\n|\n|t:|1776032625\n|switch|p1a: Froslass|Froslass-Mega, L50, F, shiny|26/100|[from] Parting Shot\n|-weather|Snowscape|[from] ability: Snow Warning|[of] p1a: Froslass\n|\n|-weather|Snowscape|[upkeep]\n|upkeep\n|turn|9\n|\n|t:|1776032641\n|switch|p1b: Incineroar|Incineroar, L50, M, shiny|81/100\n|-ability|p1b: Incineroar|Intimidate|boost\n|-unboost|p2b: Drunk Driving|atk|1\n|move|p1a: Froslass|Protect|p1a: Froslass\n|-singleturn|p1a: Froslass|Protect\n|move|p2b: Drunk Driving|Flare Blitz|p1a: Froslass\n|-activate|p1a: Froslass|move: Protect\n|\n|-weather|Snowscape|[upkeep]\n|-sideend|p2: leviathansenvy|move: Tailwind\n|upkeep\n|turn|10\n|\n|t:|1776032656\n|move|p1b: Incineroar|Fake Out|p2b: Drunk Driving\n|-damage|p2b: Drunk Driving|15/100\n|move|p1a: Froslass|Blizzard|p2b: Drunk Driving\n|-resisted|p2b: Drunk Driving|1\n|-damage|p2b: Drunk Driving|0 fnt\n|faint|p2b: Drunk Driving\n|\n|win|mayhemicdimise\n|raw|mayhemicdimise's rating: 1059 &rarr; <strong>1085</strong><br />(+26 for winning)\n|raw|leviathansenvy's rating: 1000 &rarr; <strong>1000</strong><br />(+0 for losing)\n",
  "uploadtime": 1776032664,
  "views": 19,
  "formatid": "gen9championsvgc2026regma",
  "rating": 1000,
  "private": 0,
  "password": null
}