{
  "id": "gen9championsvgc2026regma-2586297510",
  "format": "[Gen 9 Champions] VGC 2026 Reg M-A",
  "players": [
    "henitusec",
    "MrMaro"
  ],
  "log": "|j|\u2606henitusec\n|j|\u2606MrMaro\n|t:|1776422616\n|gametype|doubles\n|player|p1|henitusec|volo|1230\n|player|p2|MrMaro|265|1199\n|gen|9\n|tier|[Gen 9 Champions] VGC 2026 Reg M-A\n|rated|\n|rule|Species Clause: Limit one of each Pok\u00e9mon\n|rule|Item Clause: Limit 1 of each item\n|clearpoke\n|poke|p1|Gardevoir, L50, F|\n|poke|p1|Aegislash, L50, M|\n|poke|p1|Incineroar, L50, F|\n|poke|p1|Vivillon-Polar, L50, M|\n|poke|p1|Whimsicott, L50, M|\n|poke|p1|Tauros-Paldea-Aqua, L50, M|\n|poke|p2|Floette-Eternal, L50, F|\n|poke|p2|Incineroar, L50, F|\n|poke|p2|Gliscor, L50, F|\n|poke|p2|Sinistcha, L50|\n|poke|p2|Rotom-Wash, L50|\n|poke|p2|Aggron, L50, F|\n|teampreview|4\n|inactive|Battle timer is ON: inactive players will automatically lose when time's up. (requested by henitusec)\n|inactive|henitusec has 60 seconds left.\n|inactive|MrMaro has 60 seconds left.\nhenitusec rejected open team sheets.\n|\n|t:|1776422676\n|teamsize|p1|4\n|teamsize|p2|4\n|start\n|switch|p1a: Whimsicott|Whimsicott, L50, M|100/100\n|switch|p1b: Gardevoir|Gardevoir, L50, F, shiny|100/100\n|switch|p2a: Incineroar|Incineroar, L50, F|100/100\n|switch|p2b: Gliscor|Gliscor, L50, F|100/100\n|-ability|p1b: Gardevoir|Hyper Cutter|Trace|[from] ability: Trace|[of] p2b: Gliscor\n|-ability|p2a: Incineroar|Intimidate|boost\n|-unboost|p1a: Whimsicott|atk|1\n|-fail|p1b: Gardevoir|unboost|Attack|[from] ability: Hyper Cutter|[of] p1b: Gardevoir\n|turn|1\n|inactive|henitusec has 30 seconds left.\n|\n|t:|1776422709\n|detailschange|p1b: Gardevoir|Gardevoir-Mega, L50, F, shiny\n|-mega|p1b: Gardevoir|Gardevoir|Gardevoirite\n|move|p1a: Whimsicott|Cotton Spore|p2b: Gliscor|[spread] p2b\n|-hint|Since gen 7, Dark is immune to Prankster moves.\n|-immune|p2a: Incineroar\n|-unboost|p2b: Gliscor|spe|2\n|move|p1b: Gardevoir|Hyper Voice|p2b: Gliscor|[spread] p2a,p2b\n|-damage|p2a: Incineroar|64/100\n|-damage|p2b: Gliscor|33/100\n|move|p2b: Gliscor|Dual Wingbeat|p1a: Whimsicott\n|-supereffective|p1a: Whimsicott|1\n|-damage|p1a: Whimsicott|60/100\n|-supereffective|p1a: Whimsicott|1\n|-damage|p1a: Whimsicott|19/100\n|-hitcount|p1a: Whimsicott|2\n|move|p2a: Incineroar|Parting Shot|p1b: Gardevoir\n|-unboost|p1b: Gardevoir|atk|1\n|-unboost|p1b: Gardevoir|spa|1\n|\n|t:|1776422730\n|switch|p2a: Floette|Floette-Eternal, L50, F|100/100|[from] Parting Shot\n|\n|upkeep\n|turn|2\n|\n|t:|1776422746\n|switch|p2b: Incineroar|Incineroar, L50, F|64/100\n|-ability|p2b: Incineroar|Intimidate|boost\n|-unboost|p1a: Whimsicott|atk|1\n|-unboost|p1b: Gardevoir|atk|1\n|detailschange|p2a: Floette|Floette-Mega, L50, F\n|-mega|p2a: Floette|Floette|Floettite\n|-ability|p2a: Floette|Fairy Aura\n|move|p1a: Whimsicott|Tailwind|p1a: Whimsicott\n|-sidestart|p1: henitusec|move: Tailwind\n|move|p1b: Gardevoir|Hyper Voice|p2b: Incineroar|[spread] p2a,p2b\n|-damage|p2a: Floette|72/100\n|-damage|p2b: Incineroar|31/100\n|move|p2a: Floette|Dazzling Gleam|p1b: Gardevoir|[spread] p1a,p1b\n|-damage|p1a: Whimsicott|0 fnt\n|-damage|p1b: Gardevoir|68/100\n|faint|p1a: Whimsicott\n|\n|upkeep\n|\n|t:|1776422764\n|switch|p1a: Aegislash|Aegislash, L50, M|100/100\n|turn|3\n|inactive|MrMaro has 30 seconds left.\n|\n|t:|1776422790\n|switch|p2b: Rotom|Rotom-Wash, L50|100/100\n|move|p2a: Floette|Protect|p2a: Floette\n|-singleturn|p2a: Floette|Protect\n|move|p1b: Gardevoir|Psychic|p2a: Floette\n|-activate|p2a: Floette|move: Protect\n|-formechange|p1a: Aegislash|Aegislash-Blade|\n|move|p1a: Aegislash|Rock Slide|p2a: Floette|[spread] \n|-activate|p2a: Floette|move: Protect\n|-miss|p1a: Aegislash|p2b: Rotom\n|\n|upkeep\n|turn|4\n|\n|t:|1776422814\n|switch|p2a: Incineroar|Incineroar, L50, F|31/100\n|-ability|p2a: Incineroar|Intimidate|boost\n|-unboost|p1a: Aegislash|atk|1\n|-unboost|p1b: Gardevoir|atk|1\n|-enditem|p1a: Aegislash|White Herb\n|-clearnegativeboost|p1a: Aegislash|[silent]\n|move|p1b: Gardevoir|Hyper Voice|p2b: Rotom|[spread] p2a,p2b\n|-damage|p2a: Incineroar|7/100\n|-damage|p2b: Rotom|66/100\n|move|p1a: Aegislash|Rock Slide|p2b: Rotom|[spread] p2b\n|-miss|p1a: Aegislash|p2a: Incineroar\n|-damage|p2b: Rotom|48/100\n|cant|p2b: Rotom|flinch\n|\n|upkeep\n|turn|5\n|inactive|MrMaro has 30 seconds left.\n|\n|t:|1776422841\n|move|p2a: Incineroar|Fake Out|p1b: Gardevoir\n|-damage|p1b: Gardevoir|55/100\n|cant|p1b: Gardevoir|flinch\n|move|p1a: Aegislash|Rock Slide|p2b: Rotom|[spread] p2a,p2b\n|-supereffective|p2a: Incineroar|1\n|-damage|p2a: Incineroar|0 fnt\n|-damage|p2b: Rotom|28/100\n|faint|p2a: Incineroar\n|cant|p2b: Rotom|flinch\n|\n|-sideend|p1: henitusec|move: Tailwind\n|upkeep\n|\n|t:|1776422855\n|switch|p2a: Gliscor|Gliscor, L50, F|33/100\n|turn|6\n|\n|t:|1776422867\n|-formechange|p1a: Aegislash|Aegislash|\n|move|p1a: Aegislash|King's Shield|p1a: Aegislash\n|-singleturn|p1a: Aegislash|Protect\n|move|p2a: Gliscor|High Horsepower|p1b: Gardevoir\n|-damage|p1b: Gardevoir|6/100\n|move|p1b: Gardevoir|Destiny Bond|p1b: Gardevoir\n|-singlemove|p1b: Gardevoir|Destiny Bond\n|move|p2b: Rotom|Hydro Pump|p1a: Aegislash\n|-activate|p1a: Aegislash|move: Protect\n|\n|upkeep\n|turn|7\n|\n|t:|1776422891\n|move|p2a: Gliscor|High Horsepower|p1a: Aegislash\n|-supereffective|p1a: Aegislash|1\n|-damage|p1a: Aegislash|35/100\n|move|p1b: Gardevoir|Hyper Voice|p2a: Gliscor|[spread] p2a,p2b\n|-damage|p2a: Gliscor|0 fnt\n|-damage|p2b: Rotom|0 fnt\n|faint|p2a: Gliscor\n|faint|p2b: Rotom\n|-formechange|p1a: Aegislash|Aegislash-Blade|\n|move|p1a: Aegislash|Rock Slide|p2: Gliscor|[notarget]\n|-fail|p1a: Aegislash\n|\n|upkeep\n|\n|t:|1776422904\n|switch|p2a: Floette|Floette-Mega, L50, F|72/100\n|-ability|p2a: Floette|Fairy Aura\n|turn|8\n|\n|t:|1776422921\n|-formechange|p1a: Aegislash|Aegislash|\n|move|p1a: Aegislash|King's Shield|p1a: Aegislash\n|-singleturn|p1a: Aegislash|Protect\n|move|p1b: Gardevoir|Destiny Bond|p1b: Gardevoir\n|-singlemove|p1b: Gardevoir|Destiny Bond\n|move|p2a: Floette|Draining Kiss|p1a: Aegislash\n|-activate|p1a: Aegislash|move: Protect\n|-unboost|p2a: Floette|atk|1\n|\n|upkeep\n|turn|9\n|\n|t:|1776422940\n|move|p1b: Gardevoir|Hyper Voice|p2a: Floette\n|-damage|p2a: Floette|31/100\n|move|p2a: Floette|Draining Kiss|p1a: Aegislash\n|-resisted|p1a: Aegislash|1\n|-damage|p1a: Aegislash|20/100\n|-heal|p2a: Floette|42/100|[from] drain|[of] p1a: Aegislash\n|-formechange|p1a: Aegislash|Aegislash-Blade|\n|move|p1a: Aegislash|Poltergeist|p2a: Floette\n|-activate|p2a: Floette|move: Poltergeist|Floettite\n|-damage|p2a: Floette|0 fnt\n|faint|p2a: Floette\n|\n|win|henitusec\n|raw|henitusec's rating: 1230 &rarr; <strong>1253</strong><br />(+23 for winning)\n|raw|MrMaro's rating: 1199 &rarr; <strong>1176</strong><br />(-23 for losing)\n",
  "uploadtime": 1776422947,
  "views": 22,
  "formatid": "gen9championsvgc2026regma",
  "rating": 1176,
  "private": 0,
  "password": null
}