{
  "id": "gen9championsvgc2026regma-2581987749",
  "format": "[Gen 9 Champions] VGC 2026 Reg M-A",
  "players": [
    "Egzy",
    "aaptorian51"
  ],
  "log": "|j|\u2606Egzy\n|j|\u2606aaptorian51\n|t:|1776045919\n|gametype|doubles\n|player|p1|Egzy|2|1118\n|player|p2|aaptorian51|102|1111\n|gen|9\n|tier|[Gen 9 Champions] VGC 2026 Reg M-A\n|rated|\n|rule|Species Clause: Limit one of each Pok\u00e9mon\n|rule|Item Clause: Limit 1 of each item\n|clearpoke\n|poke|p1|Gengar, L50, M|\n|poke|p1|Whimsicott, L50, F|\n|poke|p1|Delphox, L50, M|\n|poke|p1|Primarina, L50, M|\n|poke|p1|Aerodactyl, L50, M|\n|poke|p1|Garchomp, L50, F|\n|poke|p2|Pelipper, L50, M|\n|poke|p2|Volcarona, L50, M|\n|poke|p2|Maushold, L50|\n|poke|p2|Meganium, L50, F|\n|poke|p2|Basculegion, L50, M|\n|poke|p2|Sneasler, L50, F|\n|teampreview|4\n|inactive|Battle timer is ON: inactive players will automatically lose when time's up. (requested by Egzy)\nEgzy rejected open team sheets.\n|inactive|aaptorian51 has 60 seconds left.\n|\n|t:|1776045969\n|teamsize|p1|4\n|teamsize|p2|4\n|start\n|switch|p1a: Whimsicott|Whimsicott, L50, F|100/100\n|switch|p1b: Aerodactyl|Aerodactyl, L50, M|100/100\n|switch|p2a: Sneasler|Sneasler, L50, F|100/100\n|switch|p2b: Maushold|Maushold, L50|100/100\n|turn|1\n|\n|t:|1776045985\n|move|p2a: Sneasler|Fake Out|p1a: Whimsicott\n|-damage|p1a: Whimsicott|81/100\n|move|p1b: Aerodactyl|Dual Wingbeat|p2a: Sneasler\n|-supereffective|p2a: Sneasler|1\n|-damage|p2a: Sneasler|55/100\n|-supereffective|p2a: Sneasler|1\n|-damage|p2a: Sneasler|12/100\n|-hitcount|p2a: Sneasler|2\n|cant|p1a: Whimsicott|flinch\n|move|p2b: Maushold|Thunder Wave|p1b: Aerodactyl\n|-status|p1b: Aerodactyl|par\n|\n|upkeep\n|turn|2\n|\n|t:|1776046009\n|switch|p2b: Basculegion|Basculegion, L50, M|100/100\n|move|p1a: Whimsicott|Tailwind|p1a: Whimsicott\n|-sidestart|p1: Egzy|move: Tailwind\n|move|p1b: Aerodactyl|Rock Slide|p2b: Basculegion|[spread] p2a,p2b\n|-resisted|p2a: Sneasler|1\n|-damage|p2a: Sneasler|0 fnt\n|-damage|p2b: Basculegion|70/100\n|faint|p2a: Sneasler\n|\n|upkeep\n|\n|t:|1776046021\n|switch|p2a: Meganium|Meganium, L50, F|100/100\n|turn|3\n|\n|t:|1776046038\n|detailschange|p2a: Meganium|Meganium-Mega, L50, F\n|-mega|p2a: Meganium|Meganium|Meganiumite\n|move|p1a: Whimsicott|Fake Tears|p2a: Meganium\n|-unboost|p2a: Meganium|spd|2\n|move|p2b: Basculegion|Wave Crash|p1b: Aerodactyl\n|-supereffective|p1b: Aerodactyl|1\n|-damage|p1b: Aerodactyl|0 fnt\n|faint|p1b: Aerodactyl\n|-damage|p2b: Basculegion|44/100|[from] Recoil\n|move|p2a: Meganium|Weather Ball|p1a: Whimsicott\n|-supereffective|p1a: Whimsicott|1\n|-damage|p1a: Whimsicott|0 fnt\n|faint|p1a: Whimsicott\n|\n|upkeep\n|\n|t:|1776046052\n|switch|p1b: Delphox|Delphox, L50, M|100/100\n|switch|p1a: Gengar|Gengar, L50, M|100/100\n|turn|4\n|\n|t:|1776046064\n|switch|p2b: Maushold|Maushold, L50|100/100\n|detailschange|p1b: Delphox|Delphox-Mega, L50, M\n|-mega|p1b: Delphox|Delphox|Delphoxite\n|move|p2a: Meganium|Protect|p2a: Meganium\n|-singleturn|p2a: Meganium|Protect\n|move|p1b: Delphox|Heat Wave|p2a: Meganium|[spread] \n|-activate|p2a: Meganium|move: Protect\n|-miss|p1b: Delphox|p2b: Maushold\n|move|p1a: Gengar|Shadow Ball|p2b: Maushold\n|-immune|p2b: Maushold\n|\n|upkeep\n|turn|5\n|inactive|aaptorian51 has 30 seconds left.\n|\n|t:|1776046092\n|switch|p2a: Basculegion|Basculegion, L50, M|44/100\n|move|p1b: Delphox|Protect|p1b: Delphox\n|-singleturn|p1b: Delphox|Protect\n|move|p1a: Gengar|Sludge Bomb|p2a: Basculegion\n|-resisted|p2a: Basculegion|1\n|-damage|p2a: Basculegion|24/100\n|move|p2b: Maushold|Thunder Wave|p1a: Gengar|[miss]\n|-miss|p2b: Maushold|p1a: Gengar\n|\n|-sideend|p1: Egzy|move: Tailwind\n|upkeep\n|turn|6\n|inactive|Egzy has 30 seconds left.\n|inactive|aaptorian51 has 30 seconds left.\n|\n|t:|1776046131\n|move|p2a: Basculegion|Last Respects|p1b: Delphox\n|-supereffective|p1b: Delphox|1\n|-damage|p1b: Delphox|0 fnt\n|faint|p1b: Delphox\n|move|p2b: Maushold|Thunder Wave|p1a: Gengar\n|-status|p1a: Gengar|par\n|move|p1a: Gengar|Sludge Bomb|p2a: Basculegion\n|-resisted|p2a: Basculegion|1\n|-damage|p2a: Basculegion|7/100\n|-status|p2a: Basculegion|psn\n|\n|-damage|p2a: Basculegion|0 fnt|[from] psn\n|faint|p2a: Basculegion\n|upkeep\n|\n|t:|1776046143\n|switch|p2a: Meganium|Meganium-Mega, L50, F|100/100\n|turn|7\n|\n|t:|1776046152\n|move|p2b: Maushold|Follow Me|p2b: Maushold\n|-singleturn|p2b: Maushold|move: Follow Me\n|move|p2a: Meganium|Weather Ball|p1a: Gengar\n|-damage|p1a: Gengar|17/100 par\n|move|p1a: Gengar|Sludge Bomb|p2b: Maushold\n|-crit|p2b: Maushold\n|-damage|p2b: Maushold|15/100\n|\n|upkeep\n|turn|8\n|\n|t:|1776046165\n|move|p2b: Maushold|Follow Me|p2b: Maushold\n|-singleturn|p2b: Maushold|move: Follow Me\n|move|p2a: Meganium|Weather Ball|p1a: Gengar\n|-damage|p1a: Gengar|0 fnt\n|faint|p1a: Gengar\n|\n|win|aaptorian51\n|raw|Egzy's rating: 1118 &rarr; <strong>1092</strong><br />(-26 for losing)\n|raw|aaptorian51's rating: 1111 &rarr; <strong>1137</strong><br />(+26 for winning)\n",
  "uploadtime": 1776046167,
  "views": 9,
  "formatid": "gen9championsvgc2026regma",
  "rating": 1092,
  "private": 0,
  "password": null
}