{
  "id": "gen9championsvgc2026regma-2581820928",
  "format": "[Gen 9 Champions] VGC 2026 Reg M-A",
  "players": [
    "The ShimonMaster",
    "littlepotato13"
  ],
  "log": "|j|\u2606The ShimonMaster\n|j|\u2606littlepotato13\n|t:|1776031108\n|gametype|doubles\n|player|p1|The ShimonMaster|ingo|1046\n|player|p2|littlepotato13|101|1120\n|gen|9\n|tier|[Gen 9 Champions] VGC 2026 Reg M-A\n|rated|\n|rule|Species Clause: Limit one of each Pok\u00e9mon\n|rule|Item Clause: Limit 1 of each item\n|clearpoke\n|poke|p1|Froslass, L50, F|\n|poke|p1|Orthworm, L50, M|\n|poke|p1|Incineroar, L50, F|\n|poke|p1|Rotom-Wash, L50|\n|poke|p1|Aerodactyl, L50, M|\n|poke|p1|Floette-Eternal, L50, F|\n|poke|p2|Rotom-Heat, L50|\n|poke|p2|Garchomp, L50, F|\n|poke|p2|Corviknight, L50, F|\n|poke|p2|Sinistcha, L50|\n|poke|p2|Delphox, L50, M|\n|poke|p2|Tauros-Paldea-Aqua, L50, M|\n|teampreview|4\n|inactive|Battle timer is ON: inactive players will automatically lose when time's up. (requested by littlepotato13)\n|inactive|The ShimonMaster has 60 seconds left.\n|\n|t:|1776031143\n|teamsize|p1|4\n|teamsize|p2|4\n|start\n|switch|p1a: Aerodactyl|Aerodactyl, L50, M|100/100\n|switch|p1b: Floette|Floette-Eternal, L50, F|100/100\n|switch|p2a: Rotom|Rotom-Heat, L50|100/100\n|switch|p2b: Tauros|Tauros-Paldea-Aqua, L50, M|100/100\n|-ability|p1a: Aerodactyl|Unnerve\n|-ability|p2b: Tauros|Intimidate|boost\n|-unboost|p1a: Aerodactyl|atk|1\n|-unboost|p1b: Floette|atk|1\n|turn|1\n|\n|t:|1776031162\n|detailschange|p1b: Floette|Floette-Mega, L50, F\n|-mega|p1b: Floette|Floette|Floettite\n|-ability|p1b: Floette|Fairy Aura\n|move|p2a: Rotom|Thunderbolt|p1a: Aerodactyl\n|-supereffective|p1a: Aerodactyl|1\n|-enditem|p1a: Aerodactyl|Focus Sash\n|-damage|p1a: Aerodactyl|1/100\n|move|p1a: Aerodactyl|Tailwind|p1a: Aerodactyl\n|-sidestart|p1: The ShimonMaster|move: Tailwind\n|move|p1b: Floette|Calm Mind|p1b: Floette\n|-boost|p1b: Floette|spa|1\n|-boost|p1b: Floette|spd|1\n|move|p2b: Tauros|Wave Crash|p1b: Floette\n|-damage|p1b: Floette|29/100\n|-damage|p2b: Tauros|72/100|[from] Recoil\n|\n|upkeep\n|turn|2\n|\n|t:|1776031185\n|move|p2b: Tauros|Aqua Jet|p1b: Floette\n|-damage|p1b: Floette|7/100\n|move|p1a: Aerodactyl|Rock Slide|p2b: Tauros|[spread] p2a,p2b\n|-supereffective|p2a: Rotom|1\n|-resisted|p2b: Tauros|1\n|-damage|p2a: Rotom|53/100\n|-damage|p2b: Tauros|63/100\n|move|p1b: Floette|Draining Kiss|p2b: Tauros\n|-supereffective|p2b: Tauros|1\n|-damage|p2b: Tauros|0 fnt\n|-heal|p1b: Floette|46/100|[from] drain|[of] p2b: Tauros\n|faint|p2b: Tauros\n|move|p2a: Rotom|Thunderbolt|p1a: Aerodactyl\n|-supereffective|p1a: Aerodactyl|1\n|-damage|p1a: Aerodactyl|0 fnt\n|faint|p1a: Aerodactyl\n|\n|upkeep\n|\n|t:|1776031202\n|switch|p1a: Rotom|Rotom-Wash, L50|100/100\n|switch|p2b: Delphox|Delphox, L50, M|100/100\n|turn|3\n|\n|t:|1776031227\n|detailschange|p2b: Delphox|Delphox-Mega, L50, M\n|-mega|p2b: Delphox|Delphox|Delphoxite\n|move|p1b: Floette|Protect|p1b: Floette\n|-singleturn|p1b: Floette|Protect\n|move|p1a: Rotom|Hydro Pump|p2b: Delphox\n|-supereffective|p2b: Delphox|1\n|-damage|p2b: Delphox|0 fnt\n|faint|p2b: Delphox\n|move|p2a: Rotom|Thunderbolt|p1b: Floette\n|-activate|p1b: Floette|move: Protect\n|\n|upkeep\n|\n|t:|1776031234\n|switch|p2b: Garchomp|Garchomp, L50, F|100/100\n|turn|4\n|\n|t:|1776031253\n|move|p1a: Rotom|Helping Hand|p1b: Floette\n|-singleturn|p1b: Floette|Helping Hand|[of] p1a: Rotom\n|move|p2b: Garchomp|Protect|p2b: Garchomp\n|-singleturn|p2b: Garchomp|Protect\n|move|p1b: Floette|Dazzling Gleam|p2b: Garchomp|[spread] p2a\n|-activate|p2b: Garchomp|move: Protect\n|-resisted|p2a: Rotom|1\n|-damage|p2a: Rotom|0 fnt\n|faint|p2a: Rotom\n|\n|-sideend|p1: The ShimonMaster|move: Tailwind\n|upkeep\n|turn|5\n|-message|littlepotato13 forfeited.\n|\n|win|The ShimonMaster\n|raw|The ShimonMaster's rating: 1046 &rarr; <strong>1086</strong><br />(+40 for winning)\n|raw|littlepotato13's rating: 1120 &rarr; <strong>1090</strong><br />(-30 for losing)\n|l|\u2606littlepotato13\n|player|p2|\n",
  "uploadtime": 1776031266,
  "views": 24,
  "formatid": "gen9championsvgc2026regma",
  "rating": 1086,
  "private": 0,
  "password": null
}