{
  "id": "gen9championsvgc2026regma-2580600149",
  "format": "[Gen 9 Champions] VGC 2026 Reg M-A",
  "players": [
    "brb off to poop 2",
    "swbb"
  ],
  "log": "|j|\u2606brb off to poop 2\n|j|\u2606swbb\n|t:|1775916906\n|gametype|doubles\n|player|p1|brb off to poop 2|101|1105\n|player|p2|swbb|cynthia-gen4|1181\n|gen|9\n|tier|[Gen 9 Champions] VGC 2026 Reg M-A\n|rated|\n|rule|Species Clause: Limit one of each Pok\u00e9mon\n|rule|Item Clause: Limit 1 of each item\n|clearpoke\n|poke|p1|Hatterene, L50, F|\n|poke|p1|Farigiraf, L50, F|\n|poke|p1|Crabominable, L50, M|\n|poke|p1|Kingambit, L50, F|\n|poke|p1|Torkoal, L50, M|\n|poke|p1|Incineroar, L50, F|\n|poke|p2|Kingambit, L50, F|\n|poke|p2|Aerodactyl, L50, M|\n|poke|p2|Kommo-o, L50, M|\n|poke|p2|Raichu, L50, M|\n|poke|p2|Sinistcha, L50|\n|poke|p2|Incineroar, L50, M|\n|teampreview|4\n|j| SagaSFull\n|\n|t:|1775916996\n|teamsize|p1|4\n|teamsize|p2|4\n|start\n|switch|p1a: Farigiraf|Farigiraf, L50, F|100/100\n|switch|p1b: Kingambit|Kingambit, L50, F|100/100\n|switch|p2a: Incineroar|Incineroar, L50, M|100/100\n|switch|p2b: Kingambit|Kingambit, L50, F|100/100\n|-ability|p2a: Incineroar|Intimidate|boost\n|-unboost|p1a: Farigiraf|atk|1\n|-unboost|p1b: Kingambit|atk|1\n|-ability|p1b: Kingambit|Defiant|boost\n|-boost|p1b: Kingambit|atk|2\n|turn|1\n|inactive|Battle timer is ON: inactive players will automatically lose when time's up. (requested by swbb)\n|\n|t:|1775917013\n|move|p2b: Kingambit|Assurance|p1a: Farigiraf\n|-supereffective|p1a: Farigiraf|1\n|-crit|p1a: Farigiraf\n|-damage|p1a: Farigiraf|13/100\n|move|p2a: Incineroar|Close Combat|p1b: Kingambit\n|-supereffective|p1b: Kingambit|2\n|-damage|p1b: Kingambit|0 fnt\n|-unboost|p2a: Incineroar|def|1\n|-unboost|p2a: Incineroar|spd|1\n|faint|p1b: Kingambit\n|move|p1a: Farigiraf|Trick Room|p1a: Farigiraf\n|-fieldstart|move: Trick Room|[of] p1a: Farigiraf\n|\n|upkeep\n|\n|t:|1775917019\n|switch|p1b: Crabominable|Crabominable, L50, M|100/100\n|turn|2\n|inactive|brb off to poop 2 has 30 seconds left.\n|\n|t:|1775917049\n|switch|p2a: Sinistcha|Sinistcha, L50|100/100\n|detailschange|p1b: Crabominable|Crabominable-Mega, L50, M\n|-mega|p1b: Crabominable|Crabominable|Crabominite\n|move|p2b: Kingambit|Protect|p2b: Kingambit\n|-singleturn|p2b: Kingambit|Protect\n|move|p1b: Crabominable|Drain Punch|p2b: Kingambit\n|-activate|p2b: Kingambit|move: Protect\n|move|p1a: Farigiraf|Hyper Voice|p2b: Kingambit|[spread] \n|-activate|p2b: Kingambit|move: Protect\n|-immune|p2a: Sinistcha\n|\n|upkeep\n|turn|3\n|\n|t:|1775917065\n|switch|p1a: Hatterene|Hatterene, L50, F|100/100\n|switch|p2b: Incineroar|Incineroar, L50, M|100/100\n|-ability|p2b: Incineroar|Intimidate|boost\n|-unboost|p1a: Hatterene|atk|1\n|-unboost|p1b: Crabominable|atk|1\n|move|p1b: Crabominable|Ice Punch|p2a: Sinistcha\n|-supereffective|p2a: Sinistcha|1\n|-damage|p2a: Sinistcha|28/100\n|-enditem|p2a: Sinistcha|Sitrus Berry|[eat]\n|-heal|p2a: Sinistcha|53/100|[from] item: Sitrus Berry\n|move|p2a: Sinistcha|Matcha Gotcha|p1b: Crabominable|[spread] p1b\n|-miss|p2a: Sinistcha|p1a: Hatterene\n|-damage|p1b: Crabominable|81/100\n|-heal|p2a: Sinistcha|64/100|[from] drain|[of] p1b: Crabominable\n|\n|upkeep\n|turn|4\n|inactive|brb off to poop 2 has 30 seconds left.\n|inactive|swbb has 30 seconds left.\n|\n|t:|1775917100\n|switch|p1a: Farigiraf|Farigiraf, L50, F|13/100\n|move|p2a: Sinistcha|Protect|p2a: Sinistcha\n|-singleturn|p2a: Sinistcha|Protect\n|move|p1b: Crabominable|Ice Punch|p2a: Sinistcha\n|-activate|p2a: Sinistcha|move: Protect\n|move|p2b: Incineroar|Parting Shot|p1b: Crabominable\n|-unboost|p1b: Crabominable|atk|1\n|-unboost|p1b: Crabominable|spa|1\n|\n|t:|1775917112\n|switch|p2b: Kingambit|Kingambit, L50, F|100/100|[from] Parting Shot\n|\n|upkeep\n|turn|5\n|\n|t:|1775917127\n|switch|p2b: Incineroar|Incineroar, L50, M|100/100\n|-ability|p2b: Incineroar|Intimidate|boost\n|-unboost|p1a: Farigiraf|atk|1\n|-unboost|p1b: Crabominable|atk|1\n|move|p1b: Crabominable|Ice Punch|p2a: Sinistcha\n|-supereffective|p2a: Sinistcha|1\n|-damage|p2a: Sinistcha|19/100\n|move|p1a: Farigiraf|Hyper Voice|p2a: Sinistcha|[spread] p2b\n|-immune|p2a: Sinistcha\n|-damage|p2b: Incineroar|78/100\n|move|p2a: Sinistcha|Matcha Gotcha|p1b: Crabominable|[spread] p1a\n|-miss|p2a: Sinistcha|p1b: Crabominable\n|-damage|p1a: Farigiraf|0 fnt\n|-heal|p2a: Sinistcha|28/100|[from] drain|[of] p1a: Farigiraf\n|faint|p1a: Farigiraf\n|\n|-fieldend|move: Trick Room\n|upkeep\n|\n|t:|1775917130\n|switch|p1a: Hatterene|Hatterene, L50, F|100/100\n|turn|6\n|inactive|swbb has 30 seconds left.\n|\n|t:|1775917157\n|move|p2b: Incineroar|Fake Out|p1a: Hatterene\n|-damage|p1a: Hatterene|88/100\n|move|p2a: Sinistcha|Matcha Gotcha|p1a: Hatterene|[spread] p1a,p1b\n|-damage|p1a: Hatterene|61/100\n|-heal|p2a: Sinistcha|40/100|[from] drain|[of] p1a: Hatterene\n|-damage|p1b: Crabominable|61/100\n|-heal|p2a: Sinistcha|52/100|[from] drain|[of] p1b: Crabominable\n|-status|p1b: Crabominable|brn\n|move|p1b: Crabominable|Ice Punch|p2a: Sinistcha\n|-supereffective|p2a: Sinistcha|1\n|-damage|p2a: Sinistcha|31/100\n|cant|p1a: Hatterene|flinch\n|\n|-damage|p1b: Crabominable|55/100 brn|[from] brn\n|upkeep\n|turn|7\n|\n|t:|1775917172\n|move|p2b: Incineroar|Flare Blitz|p1a: Hatterene\n|-damage|p1a: Hatterene|5/100\n|-damage|p2b: Incineroar|62/100|[from] Recoil\n|move|p2a: Sinistcha|Matcha Gotcha|p1b: Crabominable|[spread] p1a,p1b\n|-damage|p1a: Hatterene|0 fnt\n|-heal|p2a: Sinistcha|33/100|[from] drain|[of] p1a: Hatterene\n|-damage|p1b: Crabominable|34/100 brn\n|-heal|p2a: Sinistcha|46/100|[from] drain|[of] p1b: Crabominable\n|faint|p1a: Hatterene\n|move|p1b: Crabominable|Drain Punch|p2b: Incineroar\n|-supereffective|p2b: Incineroar|1\n|-enditem|p2b: Incineroar|Chople Berry|[eat]\n|-enditem|p2b: Incineroar|Chople Berry|[weaken]\n|-damage|p2b: Incineroar|51/100\n|-heal|p1b: Crabominable|39/100 brn|[from] drain|[of] p2b: Incineroar\n|\n|-damage|p1b: Crabominable|33/100 brn|[from] brn\n|upkeep\n|turn|8\n|-message|brb off to poop 2 forfeited.\n|\n|win|swbb\n|raw|brb off to poop 2's rating: 1105 &rarr; <strong>1085</strong><br />(-20 for losing)\n|raw|swbb's rating: 1181 &rarr; <strong>1201</strong><br />(+20 for winning)\n|l|\u2606brb off to poop 2\n|player|p1|\n|l| SagaSFull\n",
  "uploadtime": 1775917191,
  "views": 29,
  "formatid": "gen9championsvgc2026regma",
  "rating": 1085,
  "private": 0,
  "password": null
}