{
  "id": "gen9championsvgc2026regma-2585466884",
  "format": "[Gen 9 Champions] VGC 2026 Reg M-A",
  "players": [
    "antiMikes",
    "orionsayshi"
  ],
  "log": "|j|\u2606antiMikes\n|j|\u2606orionsayshi\n|t:|1776349212\n|gametype|doubles\n|player|p1|antiMikes|cynthia-gen4|1118\n|player|p2|orionsayshi|elesa|1048\n|gen|9\n|tier|[Gen 9 Champions] VGC 2026 Reg M-A\n|rated|\n|rule|Species Clause: Limit one of each Pok\u00e9mon\n|rule|Item Clause: Limit 1 of each item\n|clearpoke\n|poke|p1|Lucario, L50, M|\n|poke|p1|Pelipper, L50, M|\n|poke|p1|Garchomp, L50, F|\n|poke|p1|Incineroar, L50, M|\n|poke|p1|Basculegion-F, L50, F|\n|poke|p1|Sinistcha-Masterpiece, L50|\n|poke|p2|Bellibolt, L50, M|\n|poke|p2|Maushold, L50|\n|poke|p2|Alcremie, L50, F|\n|poke|p2|Sableye, L50, F|\n|poke|p2|Pikachu, L50, F|\n|poke|p2|Incineroar, L50, F|\n|teampreview|4\n|inactive|Battle timer is ON: inactive players will automatically lose when time's up. (requested by antiMikes)\n|\n|t:|1776349221\n|teamsize|p1|4\n|teamsize|p2|4\n|start\n|switch|p1a: Pelipper|Pelipper, L50, M|100/100\n|switch|p1b: Garchomp|Garchomp, L50, F|100/100\n|switch|p2a: Bellibolt|Bellibolt, L50, M|100/100\n|switch|p2b: Pikachu|Pikachu, L50, F|100/100\n|-weather|RainDance|[from] ability: Drizzle|[of] p1a: Pelipper\n|turn|1\n|\n|t:|1776349237\n|move|p1b: Garchomp|Earthquake|p2a: Bellibolt|[spread] p2a,p2b\n|-immune|p1a: Pelipper\n|-supereffective|p2a: Bellibolt|1\n|-supereffective|p2b: Pikachu|1\n|-damage|p2a: Bellibolt|30/100\n|-damage|p2b: Pikachu|0 fnt\n|-start|p2a: Bellibolt|Charge|Earthquake|[from] ability: Electromorphosis\n|faint|p2b: Pikachu\n|move|p1a: Pelipper|Tailwind|p1a: Pelipper\n|-sidestart|p1: antiMikes|move: Tailwind\n|move|p2a: Bellibolt|Soak|p1b: Garchomp\n|-start|p1b: Garchomp|typechange|Water\n|\n|-weather|RainDance|[upkeep]\n|upkeep\n|\n|t:|1776349250\n|switch|p2b: Incineroar|Incineroar, L50, F|100/100\n|-ability|p2b: Incineroar|Intimidate|boost\n|-unboost|p1a: Pelipper|atk|1\n|-unboost|p1b: Garchomp|atk|1\n|turn|2\n|\n|t:|1776349257\n|move|p2b: Incineroar|Fake Out|p1b: Garchomp\n|-damage|p1b: Garchomp|90/100\n|-damage|p2b: Incineroar|88/100|[from] ability: Rough Skin|[of] p1b: Garchomp\n|cant|p1b: Garchomp|flinch\n|move|p1a: Pelipper|Weather Ball|p2b: Incineroar\n|-supereffective|p2b: Incineroar|1\n|-damage|p2b: Incineroar|0 fnt\n|faint|p2b: Incineroar\n|move|p2a: Bellibolt|Parabolic Charge|p1a: Pelipper|[spread] p1a,p1b\n|-supereffective|p1a: Pelipper|2\n|-supereffective|p1b: Garchomp|1\n|-damage|p1a: Pelipper|0 fnt\n|-heal|p2a: Bellibolt|69/100|[from] drain|[of] p1a: Pelipper\n|-damage|p1b: Garchomp|0 fnt\n|-heal|p2a: Bellibolt|100/100|[from] drain|[of] p1b: Garchomp\n|faint|p1a: Pelipper\n|faint|p1b: Garchomp\n|-end|p2a: Bellibolt|Charge|[silent]\n|\n|-weather|RainDance|[upkeep]\n|upkeep\n|\n|t:|1776349278\n|switch|p1b: Lucario|Lucario, L50, M|100/100\n|switch|p2b: Alcremie|Alcremie, L50, F|100/100\n|switch|p1a: Basculegion|Basculegion-F, L50, F|100/100\n|turn|3\n|\n|t:|1776349289\n|detailschange|p1b: Lucario|Lucario-Mega, L50, M\n|-mega|p1b: Lucario|Lucario|Lucarionite\n|move|p1a: Basculegion|Protect|p1a: Basculegion\n|-singleturn|p1a: Basculegion|Protect\n|move|p1b: Lucario|Close Combat|p2b: Alcremie\n|-resisted|p2b: Alcremie|1\n|-damage|p2b: Alcremie|44/100\n|-unboost|p1b: Lucario|def|1\n|-unboost|p1b: Lucario|spd|1\n|move|p2b: Alcremie|Decorate|p2a: Bellibolt\n|-boost|p2a: Bellibolt|atk|2\n|-boost|p2a: Bellibolt|spa|2\n|move|p2a: Bellibolt|Parabolic Charge|p1b: Lucario|[spread] p2b,p1b\n|-activate|p1a: Basculegion|move: Protect\n|-damage|p2b: Alcremie|14/100\n|-damage|p1b: Lucario|0 fnt\n|faint|p1b: Lucario\n|\n|-weather|RainDance|[upkeep]\n|upkeep\n|turn|4\n|c|\u2606antiMikes|Miss click xdn't\n|\n|t:|1776349312\n|move|p1a: Basculegion|Muddy Water|p2a: Bellibolt|[spread] p2a,p2b\n|-damage|p2a: Bellibolt|53/100\n|-damage|p2b: Alcremie|0 fnt\n|-start|p2a: Bellibolt|Charge|Muddy Water|[from] ability: Electromorphosis\n|faint|p2b: Alcremie\n|move|p2a: Bellibolt|Parabolic Charge|p1a: Basculegion\n|-supereffective|p1a: Basculegion|1\n|-enditem|p1a: Basculegion|Focus Sash\n|-damage|p1a: Basculegion|1/100\n|-heal|p2a: Bellibolt|99/100|[from] drain|[of] p1a: Basculegion\n|-heal|p2a: Bellibolt|100/100|[from] item: Shell Bell|[of] p1a: Basculegion\n|-end|p2a: Bellibolt|Charge|[silent]\n|\n|-weather|RainDance|[upkeep]\n|-sideend|p1: antiMikes|move: Tailwind\n|upkeep\n|turn|5\n|\n|t:|1776349326\n|move|p1a: Basculegion|Muddy Water|p2a: Bellibolt\n|-damage|p2a: Bellibolt|42/100\n|-start|p2a: Bellibolt|Charge|Muddy Water|[from] ability: Electromorphosis\n|move|p2a: Bellibolt|Parabolic Charge|p1a: Basculegion\n|-supereffective|p1a: Basculegion|1\n|-damage|p1a: Basculegion|0 fnt\n|-heal|p2a: Bellibolt|43/100|[from] drain|[of] p1a: Basculegion\n|faint|p1a: Basculegion\n|-heal|p2a: Bellibolt|43/100|[from] item: Shell Bell|[of] p1: Basculegion\n|-end|p2a: Bellibolt|Charge|[silent]\n|\n|win|orionsayshi\n|raw|antiMikes's rating: 1118 &rarr; <strong>1088</strong><br />(-30 for losing)\n|raw|orionsayshi's rating: 1048 &rarr; <strong>1087</strong><br />(+39 for winning)\n|l|\u2606antiMikes\n|player|p1|\n",
  "uploadtime": 1776349334,
  "views": 25,
  "formatid": "gen9championsvgc2026regma",
  "rating": 1087,
  "private": 0,
  "password": null
}