{
  "id": "gen9championsvgc2026regma-2588583904",
  "format": "[Gen 9 Champions] VGC 2026 Reg M-A",
  "players": [
    "KitKat Mentolado",
    "StronkBocchi"
  ],
  "log": "|j|\u2606KitKat Mentolado\n|j|\u2606StronkBocchi\n|t:|1776647327\n|gametype|doubles\n|player|p1|KitKat Mentolado|170|1459\n|player|p2|StronkBocchi|dawn-gen4pt|1421\n|gen|9\n|tier|[Gen 9 Champions] VGC 2026 Reg M-A\n|rated|\n|rule|Species Clause: Limit one of each Pok\u00e9mon\n|rule|Item Clause: Limit 1 of each item\n|clearpoke\n|poke|p1|Charizard, L50, F|\n|poke|p1|Incineroar, L50, F, shiny|\n|poke|p1|Sinistcha, L50|\n|poke|p1|Milotic, L50, M, shiny|\n|poke|p1|Sneasler, L50, M|\n|poke|p1|Tyranitar, L50, F|\n|poke|p2|Charizard, L50, M|\n|poke|p2|Venusaur, L50, M|\n|poke|p2|Milotic, L50, F|\n|poke|p2|Incineroar, L50, M|\n|poke|p2|Sneasler, L50, M|\n|poke|p2|Garchomp, L50, M|\n|teampreview|4\n|inactive|Battle timer is ON: inactive players will automatically lose when time's up. (requested by KitKat Mentolado)\n|\n|t:|1776647351\n|teamsize|p1|4\n|teamsize|p2|4\n|start\n|switch|p1a: Charizard|Charizard, L50, F|100/100\n|switch|p1b: Sneasler|Sneasler, L50, M|100/100\n|switch|p2a: Charizard|Charizard, L50, M|100/100\n|switch|p2b: Milotic|Milotic, L50, F|100/100\n|turn|1\n|\n|t:|1776647370\n|detailschange|p2a: Charizard|Charizard-Mega-Y, L50, M\n|-mega|p2a: Charizard|Charizard|Charizardite Y\n|-weather|SunnyDay|[from] ability: Drought|[of] p2a: Charizard\n|detailschange|p1a: Charizard|Charizard-Mega-X, L50, F\n|-mega|p1a: Charizard|Charizard|Charizardite X\n|move|p2a: Charizard|Protect|p2a: Charizard\n|-singleturn|p2a: Charizard|Protect\n|move|p1b: Sneasler|Coaching|p1a: Charizard\n|-boost|p1a: Charizard|atk|1\n|-boost|p1a: Charizard|def|1\n|move|p1a: Charizard|Flare Blitz|p2a: Charizard\n|-activate|p2a: Charizard|move: Protect\n|move|p2b: Milotic|Coil|p2b: Milotic\n|-boost|p2b: Milotic|atk|1\n|-boost|p2b: Milotic|def|1\n|-boost|p2b: Milotic|accuracy|1\n|\n|-weather|SunnyDay|[upkeep]\n|upkeep\n|turn|2\n|inactive|KitKat Mentolado has 30 seconds left.\n|inactive|KitKat Mentolado has 20 seconds left.\n|\n|t:|1776647407\n|switch|p2a: Incineroar|Incineroar, L50, M|100/100\n|-ability|p2a: Incineroar|Intimidate|boost\n|-unboost|p1a: Charizard|atk|1\n|-unboost|p1b: Sneasler|atk|1\n|-enditem|p1b: Sneasler|White Herb\n|-clearnegativeboost|p1b: Sneasler|[silent]\n|move|p1b: Sneasler|Close Combat|p2a: Incineroar\n|-supereffective|p2a: Incineroar|1\n|-crit|p2a: Incineroar\n|-damage|p2a: Incineroar|0 fnt\n|-unboost|p1b: Sneasler|def|1\n|-unboost|p1b: Sneasler|spd|1\n|faint|p2a: Incineroar\n|move|p1a: Charizard|Flare Blitz|p2b: Milotic\n|-resisted|p2b: Milotic|1\n|-damage|p2b: Milotic|59/100\n|-damage|p1a: Charizard|84/100|[from] Recoil\n|move|p2b: Milotic|Coil|p2b: Milotic\n|-boost|p2b: Milotic|atk|1\n|-boost|p2b: Milotic|def|1\n|-boost|p2b: Milotic|accuracy|1\n|\n|-weather|SunnyDay|[upkeep]\n|-heal|p2b: Milotic|65/100|[from] item: Leftovers\n|upkeep\n|\n|t:|1776647429\n|switch|p2a: Charizard|Charizard-Mega-Y, L50, M|100/100\n|turn|3\n|\n|t:|1776647449\n|move|p1a: Charizard|Protect|p1a: Charizard\n|-singleturn|p1a: Charizard|Protect\n|move|p1b: Sneasler|Coaching|p1a: Charizard\n|-boost|p1a: Charizard|atk|1\n|-boost|p1a: Charizard|def|1\n|move|p2a: Charizard|Heat Wave|p1b: Sneasler|[spread] p1b\n|-activate|p1a: Charizard|move: Protect\n|-damage|p1b: Sneasler|0 fnt\n|faint|p1b: Sneasler\n|move|p2b: Milotic|Hypnosis|p1a: Charizard\n|-activate|p1a: Charizard|move: Protect\n|\n|-weather|SunnyDay|[upkeep]\n|-heal|p2b: Milotic|71/100|[from] item: Leftovers\n|upkeep\n|\n|t:|1776647465\n|switch|p1b: Milotic|Milotic, L50, M, shiny|100/100\n|turn|4\n|\n|t:|1776647476\n|move|p2a: Charizard|Protect|p2a: Charizard\n|-singleturn|p2a: Charizard|Protect\n|move|p1a: Charizard|Flare Blitz|p2a: Charizard\n|-activate|p2a: Charizard|move: Protect\n|move|p1b: Milotic|Scald|p2b: Milotic\n|-resisted|p2b: Milotic|1\n|-damage|p2b: Milotic|67/100\n|move|p2b: Milotic|Hypnosis|p1a: Charizard\n|-status|p1a: Charizard|slp|[from] move: Hypnosis\n|\n|-weather|SunnyDay|[upkeep]\n|-heal|p2b: Milotic|73/100|[from] item: Leftovers\n|upkeep\n|turn|5\n|\n|t:|1776647496\n|move|p2a: Charizard|Solar Beam||[still]\n|-prepare|p2a: Charizard|Solar Beam\n|-anim|p2a: Charizard|Solar Beam|p1b: Milotic\n|-supereffective|p1b: Milotic|1\n|-damage|p1b: Milotic|34/100\n|cant|p1a: Charizard|slp\n|move|p1b: Milotic|Scald|p2a: Charizard\n|-supereffective|p2a: Charizard|1\n|-damage|p2a: Charizard|76/100\n|move|p2b: Milotic|Muddy Water|p1a: Charizard|[spread] p1a,p1b\n|-resisted|p1b: Milotic|1\n|-damage|p1a: Charizard|71/100 slp\n|-damage|p1b: Milotic|31/100\n|\n|-weather|none\n|-heal|p1b: Milotic|37/100|[from] item: Leftovers\n|-heal|p2b: Milotic|79/100|[from] item: Leftovers\n|upkeep\n|turn|6\n|\n|t:|1776647518\n|move|p1b: Milotic|Protect|p1b: Milotic\n|-singleturn|p1b: Milotic|Protect\n|move|p2a: Charizard|Solar Beam||[still]\n|-prepare|p2a: Charizard|Solar Beam\n|cant|p1a: Charizard|slp\n|move|p2b: Milotic|Coil|p2b: Milotic\n|-boost|p2b: Milotic|atk|1\n|-boost|p2b: Milotic|def|1\n|-boost|p2b: Milotic|accuracy|1\n|\n|-heal|p1b: Milotic|43/100|[from] item: Leftovers\n|-heal|p2b: Milotic|85/100|[from] item: Leftovers\n|upkeep\n|turn|7\n|inactive|KitKat Mentolado has 30 seconds left.\n|inactive|StronkBocchi has 30 seconds left.\n|\n|t:|1776647549\n|switch|p1b: Sinistcha|Sinistcha, L50|100/100\n|-heal|p1a: Charizard|95/100 slp|[from] ability: Hospitality|[of] p1b: Sinistcha\n|move|p2a: Charizard|Solar Beam|p1b: Sinistcha|[from] lockedmove\n|-resisted|p1b: Sinistcha|1\n|-damage|p1b: Sinistcha|81/100\n|-curestatus|p1a: Charizard|slp|[msg]\n|move|p1a: Charizard|Dragon Claw|p2a: Charizard\n|-damage|p2a: Charizard|0 fnt\n|faint|p2a: Charizard\n|move|p2b: Milotic|Hypnosis|p1a: Charizard\n|-status|p1a: Charizard|slp|[from] move: Hypnosis\n|\n|-heal|p2b: Milotic|91/100|[from] item: Leftovers\n|upkeep\n|\n|t:|1776647563\n|switch|p2a: Venusaur|Venusaur, L50, M|100/100\n|turn|8\n|\n|t:|1776647585\n|cant|p1a: Charizard|slp\n|move|p2a: Venusaur|Sludge Bomb|p1a: Charizard\n|-damage|p1a: Charizard|47/100 slp\n|move|p2b: Milotic|Hypnosis|p1b: Sinistcha\n|-status|p1b: Sinistcha|slp|[from] move: Hypnosis\n|cant|p1b: Sinistcha|slp\n|\n|-heal|p2b: Milotic|97/100|[from] item: Leftovers\n|upkeep\n|turn|9\n|\n|t:|1776647600\n|switch|p1b: Milotic|Milotic, L50, M, shiny|43/100\n|cant|p1a: Charizard|slp\n|move|p2a: Venusaur|Sludge Bomb|p1a: Charizard\n|-damage|p1a: Charizard|2/100 slp\n|move|p2b: Milotic|Muddy Water|p1b: Milotic|[spread] p1a,p1b\n|-resisted|p1b: Milotic|1\n|-damage|p1a: Charizard|0 fnt\n|-damage|p1b: Milotic|35/100\n|-unboost|p1b: Milotic|accuracy|1\n|-ability|p1b: Milotic|Competitive|boost\n|-boost|p1b: Milotic|spa|2\n|faint|p1a: Charizard\n|\n|-heal|p1b: Milotic|41/100|[from] item: Leftovers\n|-heal|p2b: Milotic|100/100|[from] item: Leftovers\n|upkeep\n|\n|t:|1776647617\n|switch|p1a: Sinistcha|Sinistcha, L50|81/100 slp\n|-heal|p1b: Milotic|65/100|[from] ability: Hospitality|[of] p1a: Sinistcha\n|turn|10\n|\n|t:|1776647630\n|move|p1b: Milotic|Scald|p2a: Venusaur|[miss]\n|-miss|p1b: Milotic|p2a: Venusaur\n|move|p2a: Venusaur|Giga Drain|p1b: Milotic\n|-supereffective|p1b: Milotic|1\n|-damage|p1b: Milotic|10/100\n|move|p2b: Milotic|Hypnosis|p1b: Milotic\n|-status|p1b: Milotic|slp|[from] move: Hypnosis\n|-curestatus|p1a: Sinistcha|slp|[msg]\n|move|p1a: Sinistcha|Matcha Gotcha|p2b: Milotic|[spread] p2a,p2b\n|-resisted|p2a: Venusaur|2\n|-supereffective|p2b: Milotic|1\n|-damage|p2a: Venusaur|94/100\n|-heal|p1a: Sinistcha|84/100|[from] drain|[of] p2a: Venusaur\n|-damage|p2b: Milotic|71/100\n|-heal|p1a: Sinistcha|100/100|[from] drain|[of] p2b: Milotic\n|-status|p2a: Venusaur|brn\n|-status|p2b: Milotic|brn\n|\n|-heal|p1b: Milotic|16/100 slp|[from] item: Leftovers\n|-heal|p2b: Milotic|77/100 brn|[from] item: Leftovers\n|-damage|p2a: Venusaur|88/100 brn|[from] brn\n|-damage|p2b: Milotic|71/100 brn|[from] brn\n|upkeep\n|turn|11\n|inactive|KitKat Mentolado has 30 seconds left.\n|inactive|StronkBocchi has 30 seconds left.\n|inactive|KitKat Mentolado has 20 seconds left.\n|inactive|KitKat Mentolado has 15 seconds left.\n|\n|t:|1776647672\n|cant|p1b: Milotic|slp\n|move|p2a: Venusaur|Giga Drain|p1b: Milotic\n|-supereffective|p1b: Milotic|1\n|-damage|p1b: Milotic|0 fnt\n|-heal|p2a: Venusaur|98/100 brn|[from] drain|[of] p1b: Milotic\n|faint|p1b: Milotic\n|move|p2b: Milotic|Hypnosis|p1a: Sinistcha\n|-status|p1a: Sinistcha|slp|[from] move: Hypnosis\n|cant|p1a: Sinistcha|slp\n|\n|-heal|p2b: Milotic|77/100 brn|[from] item: Leftovers\n|-damage|p2a: Venusaur|92/100 brn|[from] brn\n|-damage|p2b: Milotic|71/100 brn|[from] brn\n|upkeep\n|turn|12\n|\n|t:|1776647690\n|move|p2a: Venusaur|Sludge Bomb|p1a: Sinistcha\n|-damage|p1a: Sinistcha|63/100 slp\n|move|p2b: Milotic|Muddy Water|p1a: Sinistcha\n|-resisted|p1a: Sinistcha|1\n|-damage|p1a: Sinistcha|50/100 slp\n|cant|p1a: Sinistcha|slp\n|\n|-heal|p2b: Milotic|77/100 brn|[from] item: Leftovers\n|-damage|p2a: Venusaur|86/100 brn|[from] brn\n|-damage|p2b: Milotic|71/100 brn|[from] brn\n|upkeep\n|turn|13\n|\n|t:|1776647702\n|move|p2a: Venusaur|Giga Drain|p1a: Sinistcha\n|-resisted|p1a: Sinistcha|1\n|-damage|p1a: Sinistcha|35/100 slp\n|-heal|p2a: Venusaur|94/100 brn|[from] drain|[of] p1a: Sinistcha\n|move|p2b: Milotic|Muddy Water|p1a: Sinistcha\n|-resisted|p1a: Sinistcha|1\n|-crit|p1a: Sinistcha\n|-damage|p1a: Sinistcha|14/100 slp\n|-curestatus|p1a: Sinistcha|slp|[msg]\n|move|p1a: Sinistcha|Matcha Gotcha|p2a: Venusaur|[spread] p2a,p2b\n|-resisted|p2a: Venusaur|2\n|-supereffective|p2b: Milotic|1\n|-damage|p2a: Venusaur|88/100 brn\n|-heal|p1a: Sinistcha|17/100|[from] drain|[of] p2a: Venusaur\n|-damage|p2b: Milotic|38/100 brn\n|-heal|p1a: Sinistcha|36/100|[from] drain|[of] p2b: Milotic\n|\n|-heal|p2b: Milotic|44/100 brn|[from] item: Leftovers\n|-damage|p2a: Venusaur|82/100 brn|[from] brn\n|-damage|p2b: Milotic|38/100 brn|[from] brn\n|upkeep\n|turn|14\n|\n|t:|1776647722\n|move|p2a: Venusaur|Sludge Bomb|p1a: Sinistcha\n|-damage|p1a: Sinistcha|0 fnt\n|faint|p1a: Sinistcha\n|\n|win|StronkBocchi\n|raw|KitKat Mentolado's rating: 1459 &rarr; <strong>1437</strong><br />(-22 for losing)\n|raw|StronkBocchi's rating: 1421 &rarr; <strong>1443</strong><br />(+22 for winning)\n|l|\u2606KitKat Mentolado\n|player|p1|\n|l|\u2606StronkBocchi\n|player|p2|\n",
  "uploadtime": 1776648496,
  "views": 8,
  "formatid": "gen9championsvgc2026regma",
  "rating": 1437,
  "private": 0,
  "password": null
}