{
  "id": "gen9championsvgc2026regma-2584212312",
  "format": "[Gen 9 Champions] VGC 2026 Reg M-A",
  "players": [
    "WojtusG",
    "AYFGUY"
  ],
  "log": "|j|\u2606WojtusG\n|j|\u2606AYFGUY\n|t:|1776238837\n|gametype|doubles\n|player|p1|WojtusG|steven|1138\n|player|p2|AYFGUY|169|1057\n|gen|9\n|tier|[Gen 9 Champions] VGC 2026 Reg M-A\n|rated|\n|rule|Species Clause: Limit one of each Pok\u00e9mon\n|rule|Item Clause: Limit 1 of each item\n|clearpoke\n|poke|p1|Zoroark-Hisui, L50, F|\n|poke|p1|Meganium, L50, F|\n|poke|p1|Pelipper, L50, F|\n|poke|p1|Archaludon, L50, M|\n|poke|p1|Sneasler, L50, M|\n|poke|p1|Incineroar, L50, M|\n|poke|p2|Glimmora, L50, F|\n|poke|p2|Rotom-Wash, L50|\n|poke|p2|Farigiraf, L50, M|\n|poke|p2|Tyranitar, L50, F|\n|poke|p2|Aerodactyl, L50, F|\n|poke|p2|Golurk, L50|\n|teampreview|4\n|\n|t:|1776238847\n|teamsize|p1|4\n|teamsize|p2|4\n|start\n|switch|p1a: 1000-THR|Archaludon, L50, M|100/100\n|switch|p1b: Rain set mon|Pelipper, L50, F|100/100\n|switch|p2a: Rotom|Rotom-Wash, L50|100/100\n|switch|p2b: Aerodactyl|Aerodactyl, L50, F|100/100\n|-ability|p2b: Aerodactyl|Unnerve\n|-weather|RainDance|[from] ability: Drizzle|[of] p1b: Rain set mon\n|turn|1\n|\n|t:|1776238868\n|switch|p1b: Meganium|Meganium, L50, F|100/100\n|move|p2b: Aerodactyl|Protect|p2b: Aerodactyl\n|-singleturn|p2b: Aerodactyl|Protect\n|move|p2a: Rotom|Volt Switch|p1b: Meganium\n|-resisted|p1b: Meganium|1\n|-damage|p1b: Meganium|87/100\n|\n|t:|1776238872\n|switch|p2a: Glimmora|Glimmora, L50, F|100/100|[from] Volt Switch\n|move|p1a: 1000-THR|Nasty Plot|p1a: 1000-THR\n|-boost|p1a: 1000-THR|spa|2\n|\n|-weather|RainDance|[upkeep]\n|upkeep\n|turn|2\n|\n|t:|1776238902\n|switch|p2b: Tyranitar|Tyranitar, L50, F|100/100\n|-weather|Sandstorm|[from] ability: Sand Stream|[of] p2b: Tyranitar\n|detailschange|p2a: Glimmora|Glimmora-Mega, L50, F\n|-mega|p2a: Glimmora|Glimmora|Glimmoranite\n|move|p1a: 1000-THR|Bitter Malice|p2b: Tyranitar\n|-resisted|p2b: Tyranitar|1\n|-damage|p2b: Tyranitar|80/100\n|-unboost|p2b: Tyranitar|atk|1\n|move|p2a: Glimmora|Sludge Bomb|p1b: Meganium\n|-supereffective|p1b: Meganium|1\n|-damage|p1b: Meganium|0 fnt\n|faint|p1b: Meganium\n|\n|-weather|Sandstorm|[upkeep]\n|-damage|p1a: 1000-THR|94/100|[from] Sandstorm\n|-heal|p2b: Tyranitar|86/100|[from] item: Leftovers\n|upkeep\n|\n|t:|1776238910\n|switch|p1b: Rain set mon|Pelipper, L50, F|100/100\n|-weather|RainDance|[from] ability: Drizzle|[of] p1b: Rain set mon\n|turn|3\n|\n|t:|1776238928\n|switch|p2a: Rotom|Rotom-Wash, L50|100/100\n|move|p2b: Tyranitar|Protect|p2b: Tyranitar\n|-singleturn|p2b: Tyranitar|Protect\n|move|p1a: 1000-THR|Hyper Voice|p2b: Tyranitar|[spread] p2a\n|-activate|p2b: Tyranitar|move: Protect\n|-damage|p2a: Rotom|0 fnt\n|faint|p2a: Rotom\n|move|p1b: Rain set mon|Tailwind|p1b: Rain set mon\n|-sidestart|p1: WojtusG|move: Tailwind\n|\n|-weather|RainDance|[upkeep]\n|-heal|p2b: Tyranitar|92/100|[from] item: Leftovers\n|upkeep\n|\n|t:|1776238931\n|switch|p2a: Aerodactyl|Aerodactyl, L50, F|100/100\n|-ability|p2a: Aerodactyl|Unnerve\n|turn|4\n|\n|t:|1776238951\n|switch|p1b: 1000-THR|Archaludon, L50, M|100/100\n|move|p1a: 1000-THR|Hyper Voice|p2a: Aerodactyl|[spread] p2a,p2b\n|-resisted|p2a: Aerodactyl|1\n|-resisted|p2b: Tyranitar|1\n|-damage|p2a: Aerodactyl|40/100\n|-damage|p2b: Tyranitar|59/100\n|move|p2a: Aerodactyl|Tailwind|p2a: Aerodactyl\n|-sidestart|p2: AYFGUY|move: Tailwind\n|move|p2b: Tyranitar|Knock Off|p1a: 1000-THR\n|-supereffective|p1a: 1000-THR|1\n|-damage|p1a: 1000-THR|0 fnt\n|replace|p1a: Hi!|Zoroark-Hisui, L50, F\n|-end|p1a: Hi!|Illusion\n|-enditem|p1a: Hi!|Silk Scarf|[from] move: Knock Off|[of] p2b: Tyranitar\n|faint|p1a: Hi!\n|\n|-weather|RainDance|[upkeep]\n|-heal|p2b: Tyranitar|65/100|[from] item: Leftovers\n|upkeep\n|\n|t:|1776238969\n|switch|p1a: Rain set mon|Pelipper, L50, F|100/100\n|turn|5\n|\n|t:|1776238980\n|move|p2b: Tyranitar|Protect|p2b: Tyranitar\n|-singleturn|p2b: Tyranitar|Protect\n|move|p2a: Aerodactyl|Rock Slide|p1a: Rain set mon|[spread] p1a,p1b\n|-supereffective|p1a: Rain set mon|1\n|-resisted|p1b: 1000-THR|1\n|-damage|p1a: Rain set mon|50/100\n|-damage|p1b: 1000-THR|89/100\n|-ability|p1b: 1000-THR|Stamina|boost\n|-boost|p1b: 1000-THR|def|1\n|move|p1b: 1000-THR|Electro Shot||[still]\n|-prepare|p1b: 1000-THR|Electro Shot\n|-boost|p1b: 1000-THR|spa|1\n|-anim|p1b: 1000-THR|Electro Shot|p2a: Aerodactyl\n|-supereffective|p2a: Aerodactyl|1\n|-damage|p2a: Aerodactyl|0 fnt\n|-enditem|p1a: Rain set mon|Sitrus Berry|[eat]\n|-heal|p1a: Rain set mon|75/100|[from] item: Sitrus Berry\n|faint|p2a: Aerodactyl\n|move|p1a: Rain set mon|Hydro Pump|p2b: Tyranitar\n|-activate|p2b: Tyranitar|move: Protect\n|\n|-weather|RainDance|[upkeep]\n|-heal|p1b: 1000-THR|95/100|[from] item: Leftovers\n|-heal|p2b: Tyranitar|71/100|[from] item: Leftovers\n|upkeep\n|\n|t:|1776238991\n|switch|p2a: Glimmora|Glimmora-Mega, L50, F|100/100\n|turn|6\n|\n|t:|1776239010\n|move|p1b: 1000-THR|Protect|p1b: 1000-THR\n|-singleturn|p1b: 1000-THR|Protect\n|move|p2a: Glimmora|Earth Power|p1b: 1000-THR\n|-activate|p1b: 1000-THR|move: Protect\n|move|p1a: Rain set mon|Hydro Pump|p2a: Glimmora\n|-supereffective|p2a: Glimmora|1\n|-damage|p2a: Glimmora|0 fnt\n|faint|p2a: Glimmora\n|move|p2b: Tyranitar|Rock Slide|p1a: Rain set mon|[spread] p1a\n|-activate|p1b: 1000-THR|move: Protect\n|-supereffective|p1a: Rain set mon|1\n|-damage|p1a: Rain set mon|30/100\n|\n|-weather|RainDance|[upkeep]\n|-heal|p1b: 1000-THR|100/100|[from] item: Leftovers\n|-heal|p2b: Tyranitar|77/100|[from] item: Leftovers\n|-sideend|p1: WojtusG|move: Tailwind\n|upkeep\n|turn|7\n|\n|t:|1776239031\n|move|p1b: 1000-THR|Aura Sphere|p2b: Tyranitar\n|-supereffective|p2b: Tyranitar|2\n|-damage|p2b: Tyranitar|0 fnt\n|faint|p2b: Tyranitar\n|\n|win|WojtusG\n|raw|WojtusG's rating: 1138 &rarr; <strong>1157</strong><br />(+19 for winning)\n|raw|AYFGUY's rating: 1057 &rarr; <strong>1043</strong><br />(-14 for losing)\n|l|\u2606AYFGUY\n|player|p2|\n",
  "uploadtime": 1776239062,
  "views": 26,
  "formatid": "gen9championsvgc2026regma",
  "rating": 1043,
  "private": 0,
  "password": null
}