{
  "id": "gen9championsvgc2026regma-2580998124",
  "format": "[Gen 9 Champions] VGC 2026 Reg M-A",
  "players": [
    "Lioxim",
    "xowiii"
  ],
  "log": "|j|\u2606Lioxim\n|j|\u2606xowiii\n|t:|1775950297\n|gametype|doubles\n|player|p1|Lioxim|266|1043\n|player|p2|xowiii|101|1109\n|gen|9\n|tier|[Gen 9 Champions] VGC 2026 Reg M-A\n|rated|\n|rule|Species Clause: Limit one of each Pok\u00e9mon\n|rule|Item Clause: Limit 1 of each item\n|clearpoke\n|poke|p1|Tyranitar, L50, F|\n|poke|p1|Rotom-Wash, L50|\n|poke|p1|Garchomp, L50, F|\n|poke|p1|Aerodactyl, L50, F|\n|poke|p1|Sinistcha, L50|\n|poke|p1|Sneasler, L50, F|\n|poke|p2|Incineroar, L50, M|\n|poke|p2|Kommo-o, L50, F|\n|poke|p2|Kangaskhan, L50, F|\n|poke|p2|Primarina, L50, M|\n|poke|p2|Corviknight, L50, F|\n|poke|p2|Venusaur, L50, M|\n|teampreview|4\n|inactive|Battle timer is ON: inactive players will automatically lose when time's up. (requested by Lioxim)\n|inactive|xowiii has 60 seconds left.\n|inactive|Lioxim has 60 seconds left.\n|\n|t:|1775950363\n|teamsize|p1|4\n|teamsize|p2|4\n|start\n|switch|p1a: Sneasler|Sneasler, L50, F|100/100\n|switch|p1b: Garchomp|Garchomp, L50, F|100/100\n|switch|p2a: Corviknight|Corviknight, L50, F|100/100\n|switch|p2b: Primarina|Primarina, L50, M|100/100\n|turn|1\n|inactive|Lioxim has 30 seconds left.\n|\n|t:|1775950396\n|move|p2b: Primarina|Protect|p2b: Primarina\n|-singleturn|p2b: Primarina|Protect\n|move|p1a: Sneasler|Fake Out|p2a: Corviknight\n|-resisted|p2a: Corviknight|1\n|-crit|p2a: Corviknight\n|-damage|p2a: Corviknight|92/100\n|move|p1b: Garchomp|Poison Jab|p2b: Primarina\n|-activate|p2b: Primarina|move: Protect\n|cant|p2a: Corviknight|flinch\n|\n|-heal|p2a: Corviknight|98/100|[from] item: Leftovers\n|upkeep\n|turn|2\n|inactive|xowiii has 30 seconds left.\n|inactive|xowiii has 20 seconds left.\n|inactive|xowiii has 15 seconds left.\n|\n|t:|1775950438\n|switch|p2b: Kommo-o|Kommo-o, L50, F|100/100\n|move|p1a: Sneasler|Close Combat|p2a: Corviknight\n|-damage|p2a: Corviknight|46/100\n|-unboost|p1a: Sneasler|def|1\n|-unboost|p1a: Sneasler|spd|1\n|-enditem|p1a: Sneasler|White Herb\n|-clearnegativeboost|p1a: Sneasler|[silent]\n|move|p1b: Garchomp|Poison Jab|p2b: Kommo-o\n|-damage|p2b: Kommo-o|72/100\n|move|p2a: Corviknight|Drill Peck|p1a: Sneasler\n|-supereffective|p1a: Sneasler|1\n|-damage|p1a: Sneasler|0 fnt\n|faint|p1a: Sneasler\n|\n|-heal|p2a: Corviknight|52/100|[from] item: Leftovers\n|upkeep\n|\n|t:|1775950454\n|switch|p1a: Rotom|Rotom-Wash, L50|100/100\n|turn|3\n|inactive|xowiii has 30 seconds left.\n|inactive|xowiii has 20 seconds left.\n|inactive|xowiii has 15 seconds left.\n|\n|t:|1775950496\n|switch|p2b: Primarina|Primarina, L50, M|100/100\n|switch|p2a: Kangaskhan|Kangaskhan, L50, F|100/100\n|move|p1a: Rotom|Discharge|p2b: Primarina|[spread] p2a,p2b\n|-immune|p1b: Garchomp\n|-supereffective|p2b: Primarina|1\n|-damage|p2a: Kangaskhan|68/100\n|-damage|p2b: Primarina|47/100\n|-status|p2a: Kangaskhan|par\n|move|p1b: Garchomp|Dragon Claw|p2b: Primarina\n|-immune|p2b: Primarina\n|\n|upkeep\n|turn|4\n|inactive|Lioxim has 30 seconds left.\n|inactive|xowiii has 30 seconds left.\n|inactive|Lioxim has 20 seconds left.\n|\n|t:|1775950532\n|switch|p1a: Sinistcha|Sinistcha, L50|100/100\n|detailschange|p2a: Kangaskhan|Kangaskhan-Mega, L50, F\n|-mega|p2a: Kangaskhan|Kangaskhan|Kangaskhanite\n|move|p2a: Kangaskhan|Fake Out|p1a: Sinistcha\n|-immune|p1a: Sinistcha\n|move|p1b: Garchomp|Poison Jab|p2b: Primarina\n|-supereffective|p2b: Primarina|1\n|-damage|p2b: Primarina|0 fnt\n|faint|p2b: Primarina\n|\n|upkeep\n|\n|t:|1775950546\n|switch|p2b: Corviknight|Corviknight, L50, F|52/100\n|turn|5\n|\n|t:|1775950568\n|switch|p1b: Rotom|Rotom-Wash, L50|100/100\n|switch|p2a: Kommo-o|Kommo-o, L50, F|72/100\n|move|p1a: Sinistcha|Matcha Gotcha|p2b: Corviknight|[spread] p2a,p2b\n|-resisted|p2a: Kommo-o|1\n|-resisted|p2b: Corviknight|2\n|-crit|p2b: Corviknight\n|-damage|p2a: Kommo-o|57/100\n|-damage|p2b: Corviknight|43/100\n|move|p2b: Corviknight|Drill Peck|p1a: Sinistcha\n|-supereffective|p1a: Sinistcha|1\n|-damage|p1a: Sinistcha|52/100\n|\n|-heal|p1a: Sinistcha|58/100|[from] item: Leftovers\n|-heal|p2b: Corviknight|49/100|[from] item: Leftovers\n|upkeep\n|turn|6\n|inactive|Lioxim has 30 seconds left.\n|inactive|xowiii has 30 seconds left.\n|inactive|Lioxim has 20 seconds left.\n|\n|t:|1775950605\n|move|p1b: Rotom|Electroweb|p2a: Kommo-o|[spread] p2a,p2b\n|-resisted|p2a: Kommo-o|1\n|-supereffective|p2b: Corviknight|1\n|-damage|p2a: Kommo-o|47/100\n|-damage|p2b: Corviknight|14/100\n|-unboost|p2a: Kommo-o|spe|1\n|-ability|p2b: Corviknight|Mirror Armor\n|-unboost|p1b: Rotom|spe|1\n|move|p2a: Kommo-o|Clanging Scales|p1b: Rotom|[spread] p1a,p1b\n|-damage|p1a: Sinistcha|15/100\n|-damage|p1b: Rotom|54/100\n|-unboost|p2a: Kommo-o|def|1\n|move|p1a: Sinistcha|Strength Sap|p2b: Corviknight\n|-ability|p2b: Corviknight|Mirror Armor\n|-unboost|p1a: Sinistcha|atk|1\n|-heal|p1a: Sinistcha|99/100\n|move|p2b: Corviknight|Drill Peck|p1a: Sinistcha\n|-supereffective|p1a: Sinistcha|1\n|-damage|p1a: Sinistcha|52/100\n|\n|-heal|p1a: Sinistcha|58/100|[from] item: Leftovers\n|-heal|p2b: Corviknight|20/100|[from] item: Leftovers\n|upkeep\n|turn|7\n|inactive|xowiii has 30 seconds left.\n|inactive|Lioxim has 30 seconds left.\n|inactive|Lioxim has 20 seconds left.\n|\n|t:|1775950650\n|switch|p1b: Garchomp|Garchomp, L50, F|100/100\n|move|p2a: Kommo-o|Clanging Scales|p1b: Garchomp|[spread] p1a,p1b\n|-supereffective|p1b: Garchomp|1\n|-damage|p1a: Sinistcha|16/100\n|-damage|p1b: Garchomp|28/100\n|-unboost|p2a: Kommo-o|def|1\n|move|p1a: Sinistcha|Strength Sap|p2b: Corviknight\n|-ability|p2b: Corviknight|Mirror Armor\n|-unboost|p1a: Sinistcha|atk|1\n|-heal|p1a: Sinistcha|100/100\n|move|p2b: Corviknight|Drill Peck|p1a: Sinistcha\n|-supereffective|p1a: Sinistcha|1\n|-damage|p1a: Sinistcha|49/100\n|\n|-heal|p1a: Sinistcha|55/100|[from] item: Leftovers\n|-heal|p2b: Corviknight|25/100|[from] item: Leftovers\n|upkeep\n|turn|8\n|l|\u2606xowiii\n|inactive|xowiii disconnected and has a minute to reconnect!\n|player|p2|\n|inactive|Lioxim has 30 seconds left.\n|inactive|xowiii has 30 seconds left.\n|inactive|xowiii has 20 seconds left.\n|inactive|xowiii has 15 seconds left.\n|inactive|xowiii has 10 seconds left.\n|inactive|xowiii has 5 seconds left.\n|-message|xowiii lost due to inactivity.\n|\n|win|Lioxim\n|raw|Lioxim's rating: 1043 &rarr; <strong>1083</strong><br />(+40 for winning)\n|raw|xowiii's rating: 1109 &rarr; <strong>1079</strong><br />(-30 for losing)\n|l|\u2606Lioxim\n|player|p1|\n|j|\u2606Lioxim\n|player|p1|Lioxim|266|\n",
  "uploadtime": 1775950720,
  "views": 12,
  "formatid": "gen9championsvgc2026regma",
  "rating": 1079,
  "private": 0,
  "password": null
}