{
  "id": "gen9championsvgc2026regma-2587313933",
  "format": "[Gen 9 Champions] VGC 2026 Reg M-A",
  "players": [
    "volacrona",
    "BeckerDaLoser"
  ],
  "log": "|j|\u2606volacrona\n|j|\u2606BeckerDaLoser\n|t:|1776521108\n|gametype|doubles\n|player|p1|volacrona|chili|1000\n|player|p2|BeckerDaLoser|170|1049\n|gen|9\n|tier|[Gen 9 Champions] VGC 2026 Reg M-A\n|rated|\n|rule|Species Clause: Limit one of each Pok\u00e9mon\n|rule|Item Clause: Limit 1 of each item\n|clearpoke\n|poke|p1|Klefki, L50, F|\n|poke|p1|Froslass, L50, F|\n|poke|p1|Toxapex, L50, M|\n|poke|p1|Floette-Eternal, L50, F|\n|poke|p1|Palafin, L50, F|\n|poke|p1|Hatterene, L50, F|\n|poke|p2|Pinsir, L50, F|\n|poke|p2|Rotom-Wash, L50|\n|poke|p2|Whimsicott, L50, M|\n|poke|p2|Incineroar, L50, M|\n|poke|p2|Garchomp, L50, F|\n|poke|p2|Kingambit, L50, M|\n|teampreview|4\n|\n|t:|1776521177\n|teamsize|p1|4\n|teamsize|p2|4\n|start\n|switch|p1a: Toxapex|Toxapex, L50, M|100/100\n|switch|p1b: Hatterene|Hatterene, L50, F|100/100\n|switch|p2a: Incineroar|Incineroar, L50, M|100/100\n|switch|p2b: Rotom|Rotom-Wash, L50|100/100\n|-ability|p2a: Incineroar|Intimidate|boost\n|-unboost|p1a: Toxapex|atk|1\n|-unboost|p1b: Hatterene|atk|1\n|turn|1\n|\n|t:|1776521203\n|move|p2a: Incineroar|Fake Out|p1b: Hatterene\n|-damage|p1b: Hatterene|85/100\n|move|p2b: Rotom|Thunderbolt|p1a: Toxapex\n|-supereffective|p1a: Toxapex|1\n|-damage|p1a: Toxapex|42/100\n|move|p1a: Toxapex|Toxic|p2b: Rotom\n|-status|p2b: Rotom|tox\n|cant|p1b: Hatterene|flinch\n|\n|-heal|p1a: Toxapex|48/100|[from] item: Leftovers\n|-damage|p2b: Rotom|95/100 tox|[from] psn\n|upkeep\n|turn|2\n|\n|t:|1776521220\n|switch|p1a: Klefki|Klefki, L50, F|100/100\n|move|p2b: Rotom|Thunderbolt|p1a: Klefki\n|-damage|p1a: Klefki|62/100\n|move|p2a: Incineroar|Throat Chop|p1b: Hatterene\n|-damage|p1b: Hatterene|42/100\n|-start|p1b: Hatterene|Throat Chop|[silent]\n|move|p1b: Hatterene|Nuzzle|p2a: Incineroar\n|-damage|p2a: Incineroar|98/100\n|-status|p2a: Incineroar|par\n|\n|-damage|p2b: Rotom|83/100 tox|[from] psn\n|upkeep\n|turn|3\n|\n|t:|1776521241\n|move|p1a: Klefki|Metal Sound|p2b: Rotom\n|-unboost|p2b: Rotom|spd|2\n|move|p2b: Rotom|Thunderbolt|p1b: Hatterene\n|-damage|p1b: Hatterene|10/100\n|move|p1b: Hatterene|Draining Kiss|p2b: Rotom\n|-damage|p2b: Rotom|36/100 tox\n|-heal|p1b: Hatterene|53/100|[from] drain|[of] p2b: Rotom\n|-enditem|p2b: Rotom|Sitrus Berry|[eat]\n|-heal|p2b: Rotom|60/100 tox|[from] item: Sitrus Berry\n|move|p2a: Incineroar|Flare Blitz|p1a: Klefki\n|-supereffective|p1a: Klefki|1\n|-damage|p1a: Klefki|0 fnt\n|faint|p1a: Klefki\n|-damage|p2a: Incineroar|84/100 par|[from] Recoil\n|\n|-damage|p2b: Rotom|43/100 tox|[from] psn\n|-end|p1b: Hatterene|Throat Chop|[silent]\n|upkeep\n|\n|t:|1776521254\n|switch|p1a: Toxapex|Toxapex, L50, M|81/100\n|turn|4\n|\n|t:|1776521268\n|move|p2b: Rotom|Volt Switch|p1a: Toxapex\n|-supereffective|p1a: Toxapex|1\n|-damage|p1a: Toxapex|41/100\n|\n|t:|1776521275\n|switch|p2b: Pinsir|Pinsir, L50, F|100/100|[from] Volt Switch\n|move|p1a: Toxapex|Chilling Water|p2a: Incineroar\n|-supereffective|p2a: Incineroar|1\n|-enditem|p2a: Incineroar|Passho Berry|[eat]\n|-enditem|p2a: Incineroar|Passho Berry|[weaken]\n|-damage|p2a: Incineroar|73/100 par\n|-unboost|p2a: Incineroar|atk|1\n|move|p1b: Hatterene|Draining Kiss|p2b: Pinsir\n|-damage|p2b: Pinsir|54/100\n|-heal|p1b: Hatterene|91/100|[from] drain|[of] p2b: Pinsir\n|move|p2a: Incineroar|Throat Chop|p1b: Hatterene\n|-damage|p1b: Hatterene|63/100\n|-start|p1b: Hatterene|Throat Chop|[silent]\n|\n|-heal|p1a: Toxapex|47/100|[from] item: Leftovers\n|upkeep\n|turn|5\n|\n|t:|1776521296\n|detailschange|p2b: Pinsir|Pinsir-Mega, L50, F\n|-mega|p2b: Pinsir|Pinsir|Pinsirite\n|move|p2b: Pinsir|Quick Attack|p1b: Hatterene\n|-damage|p1b: Hatterene|34/100\n|move|p1a: Toxapex|Chilling Water|p2a: Incineroar\n|-supereffective|p2a: Incineroar|1\n|-damage|p2a: Incineroar|54/100 par\n|-unboost|p2a: Incineroar|atk|1\n|move|p1b: Hatterene|Nuzzle|p2b: Pinsir\n|-supereffective|p2b: Pinsir|1\n|-crit|p2b: Pinsir\n|-damage|p2b: Pinsir|39/100\n|-status|p2b: Pinsir|par\n|cant|p2a: Incineroar|par\n|\n|-heal|p1a: Toxapex|53/100|[from] item: Leftovers\n|-end|p1b: Hatterene|Throat Chop|[silent]\n|upkeep\n|turn|6\n|\n|t:|1776521315\n|move|p2b: Pinsir|Quick Attack|p1b: Hatterene\n|-damage|p1b: Hatterene|0 fnt\n|faint|p1b: Hatterene\n|move|p1a: Toxapex|Chilling Water|p2a: Incineroar\n|-supereffective|p2a: Incineroar|1\n|-damage|p2a: Incineroar|33/100 par\n|-unboost|p2a: Incineroar|atk|1\n|move|p2a: Incineroar|Throat Chop|p1a: Toxapex\n|-damage|p1a: Toxapex|43/100\n|-start|p1a: Toxapex|Throat Chop|[silent]\n|\n|-heal|p1a: Toxapex|48/100|[from] item: Leftovers\n|upkeep\n|\n|t:|1776521323\n|switch|p1b: Froslass|Froslass, L50, F|100/100\n|turn|7\n|\n|t:|1776521335\n|detailschange|p1b: Froslass|Froslass-Mega, L50, F\n|-mega|p1b: Froslass|Froslass|Froslassite\n|-weather|Snowscape|[from] ability: Snow Warning|[of] p1b: Froslass\n|move|p2b: Pinsir|Protect|p2b: Pinsir\n|-singleturn|p2b: Pinsir|Protect\n|move|p1b: Froslass|Blizzard|p2a: Incineroar|[spread] p2a\n|-activate|p2b: Pinsir|move: Protect\n|-resisted|p2a: Incineroar|1\n|-damage|p2a: Incineroar|12/100 par\n|move|p1a: Toxapex|Chilling Water|p2a: Incineroar\n|-supereffective|p2a: Incineroar|1\n|-damage|p2a: Incineroar|0 fnt\n|faint|p2a: Incineroar\n|\n|-weather|Snowscape|[upkeep]\n|-heal|p1a: Toxapex|54/100|[from] item: Leftovers\n|-end|p1a: Toxapex|Throat Chop|[silent]\n|upkeep\n|\n|t:|1776521348\n|switch|p2a: Kingambit|Kingambit, L50, M|100/100\n|turn|8\n|\n|t:|1776521382\n|switch|p2b: Rotom|Rotom-Wash, L50|43/100 tox\n|move|p1b: Froslass|Destiny Bond|p1b: Froslass\n|-singlemove|p1b: Froslass|Destiny Bond\n|move|p2a: Kingambit|Iron Head|p1b: Froslass\n|-supereffective|p1b: Froslass|1\n|-damage|p1b: Froslass|0 fnt\n|faint|p1b: Froslass\n|-activate|p1b: Froslass|move: Destiny Bond\n|faint|p2a: Kingambit\n|move|p1a: Toxapex|Chilling Water|p2b: Rotom\n|-resisted|p2b: Rotom|1\n|-damage|p2b: Rotom|38/100 tox\n|-unboost|p2b: Rotom|atk|1\n|\n|-weather|Snowscape|[upkeep]\n|-heal|p1a: Toxapex|60/100|[from] item: Leftovers\n|-damage|p2b: Rotom|32/100 tox|[from] psn\n|upkeep\n|\n|t:|1776521395\n|switch|p2a: Pinsir|Pinsir-Mega, L50, F|39/100 par\n|turn|9\n|\n|t:|1776521405\n|move|p1a: Toxapex|Baneful Bunker|p1a: Toxapex\n|-singleturn|p1a: Toxapex|move: Protect\n|move|p2b: Rotom|Thunderbolt|p1a: Toxapex\n|-activate|p1a: Toxapex|move: Protect\n|move|p2a: Pinsir|Body Slam|p1a: Toxapex\n|-activate|p1a: Toxapex|move: Protect\n|\n|-weather|Snowscape|[upkeep]\n|-heal|p1a: Toxapex|65/100|[from] item: Leftovers\n|-damage|p2b: Rotom|21/100 tox|[from] psn\n|upkeep\n|turn|10\n|\n|t:|1776521427\n|move|p2b: Rotom|Thunderbolt|p1a: Toxapex\n|-supereffective|p1a: Toxapex|1\n|-crit|p1a: Toxapex\n|-damage|p1a: Toxapex|0 fnt\n|faint|p1a: Toxapex\n|\n|win|BeckerDaLoser\n|raw|volacrona's rating: 1000 &rarr; <strong>1000</strong><br />(+0 for losing)\n|raw|BeckerDaLoser's rating: 1049 &rarr; <strong>1077</strong><br />(+28 for winning)\n|c|\u2606volacrona|ggwp\n|l|\u2606BeckerDaLoser\n|player|p2|\n",
  "uploadtime": 1776521436,
  "views": 18,
  "formatid": "gen9championsvgc2026regma",
  "rating": 1000,
  "private": 0,
  "password": null
}