{
  "id": "gen9championsvgc2026regma-2583249012",
  "format": "[Gen 9 Champions] VGC 2026 Reg M-A",
  "players": [
    "tzarii",
    "Mast0don"
  ],
  "log": "|j|\u2606tzarii\n|j|\u2606Mast0don\n|t:|1776159373\n|gametype|doubles\n|player|p1|tzarii|lady-gen4|1304\n|player|p2|Mast0don|drayden|1321\n|gen|9\n|tier|[Gen 9 Champions] VGC 2026 Reg M-A\n|rated|\n|rule|Species Clause: Limit one of each Pok\u00e9mon\n|rule|Item Clause: Limit 1 of each item\n|clearpoke\n|poke|p1|Blastoise, L50, F|\n|poke|p1|Sinistcha, L50|\n|poke|p1|Sneasler, L50, F|\n|poke|p1|Kingambit, L50, F|\n|poke|p1|Aerodactyl, L50, M|\n|poke|p1|Pelipper, L50, F|\n|poke|p2|Delphox, L50, M|\n|poke|p2|Kingambit, L50, F|\n|poke|p2|Clefable, L50, F|\n|poke|p2|Sneasler, L50, M|\n|poke|p2|Basculegion, L50, M|\n|poke|p2|Dragonite, L50, M|\n|teampreview|4\n|inactive|Battle timer is ON: inactive players will automatically lose when time's up. (requested by Mast0don)\n|inactive|Mast0don has 60 seconds left.\n|c|\u2606tzarii|glhf!\n|inactive|Mast0don has 30 seconds left.\n|inactive|Mast0don has 20 seconds left.\n|j| party gengar\n|inactive|Mast0don has 15 seconds left.\n|inactive|Mast0don has 10 seconds left.\n|\n|t:|1776159458\n|teamsize|p1|4\n|teamsize|p2|4\n|start\n|switch|p1a: Blastoise|Blastoise, L50, F|100/100\n|switch|p1b: Sinistcha|Sinistcha, L50|100/100\n|switch|p2a: Sneasler|Sneasler, L50, M|100/100\n|switch|p2b: Basculegion|Basculegion, L50, M|100/100\n|turn|1\n|\n|t:|1776159481\n|move|p1a: Blastoise|Protect|p1a: Blastoise\n|-singleturn|p1a: Blastoise|Protect\n|move|p1b: Sinistcha|Protect|p1b: Sinistcha\n|-singleturn|p1b: Sinistcha|Protect\n|move|p2a: Sneasler|Fake Out|p1a: Blastoise\n|-activate|p1a: Blastoise|move: Protect\n|move|p2b: Basculegion|Flip Turn|p1b: Sinistcha\n|-activate|p1b: Sinistcha|move: Protect\n|\n|upkeep\n|turn|2\n|\n|t:|1776159495\n|detailschange|p1a: Blastoise|Blastoise-Mega, L50, F\n|-mega|p1a: Blastoise|Blastoise|Blastoisinite\n|move|p1b: Sinistcha|Rage Powder|p1b: Sinistcha\n|-singleturn|p1b: Sinistcha|move: Rage Powder\n|move|p2b: Basculegion|Flip Turn|p1b: Sinistcha\n|-resisted|p1b: Sinistcha|1\n|-damage|p1b: Sinistcha|85/100\n|\n|t:|1776159502\n|switch|p2b: Clefable|Clefable, L50, F|100/100|[from] Flip Turn\n|move|p2a: Sneasler|Dire Claw|p1b: Sinistcha\n|-damage|p1b: Sinistcha|47/100\n|-enditem|p1b: Sinistcha|Sitrus Berry|[eat]\n|-heal|p1b: Sinistcha|71/100|[from] item: Sitrus Berry\n|move|p1a: Blastoise|Shell Smash|p1a: Blastoise\n|-unboost|p1a: Blastoise|def|1\n|-unboost|p1a: Blastoise|spd|1\n|-boost|p1a: Blastoise|atk|2\n|-boost|p1a: Blastoise|spa|2\n|-boost|p1a: Blastoise|spe|2\n|\n|upkeep\n|turn|3\n|inactive|Mast0don has 30 seconds left.\n|inactive|Mast0don has 20 seconds left.\n|inactive|Mast0don has 15 seconds left.\n|\n|t:|1776159544\n|move|p2b: Clefable|Helping Hand|p2a: Sneasler\n|-singleturn|p2a: Sneasler|Helping Hand|[of] p2b: Clefable\n|move|p1a: Blastoise|Protect|p1a: Blastoise\n|-singleturn|p1a: Blastoise|Protect\n|move|p2a: Sneasler|Dire Claw|p1a: Blastoise\n|-activate|p1a: Blastoise|move: Protect\n|move|p1b: Sinistcha|Matcha Gotcha|p2b: Clefable|[spread] p2a,p2b\n|-resisted|p2a: Sneasler|1\n|-damage|p2a: Sneasler|85/100\n|-heal|p1b: Sinistcha|78/100|[from] drain|[of] p2a: Sneasler\n|-damage|p2b: Clefable|78/100\n|-heal|p1b: Sinistcha|91/100|[from] drain|[of] p2b: Clefable\n|-status|p2b: Clefable|brn\n|\n|-damage|p2b: Clefable|72/100 brn|[from] brn\n|upkeep\n|turn|4\n|\n|t:|1776159563\n|switch|p1b: Pelipper|Pelipper, L50, F|100/100\n|-weather|RainDance|[from] ability: Drizzle|[of] p1b: Pelipper\n|move|p2b: Clefable|Helping Hand|p2a: Sneasler\n|-singleturn|p2a: Sneasler|Helping Hand|[of] p2b: Clefable\n|move|p1a: Blastoise|Water Spout|p2a: Sneasler|[spread] p2a,p2b\n|-damage|p2a: Sneasler|0 fnt\n|-damage|p2b: Clefable|0 fnt\n|faint|p2a: Sneasler\n|faint|p2b: Clefable\n|\n|-weather|RainDance|[upkeep]\n|upkeep\n|\n|t:|1776159570\n|switch|p2a: Basculegion|Basculegion, L50, M|100/100\n|switch|p2b: Delphox|Delphox, L50, M|100/100\n|turn|5\n|inactive|Mast0don has 30 seconds left.\n|\n|t:|1776159595\n|detailschange|p2b: Delphox|Delphox-Mega, L50, M\n|-mega|p2b: Delphox|Delphox|Delphoxite\n|move|p1a: Blastoise|Water Spout|p2b: Delphox|[spread] p2a,p2b\n|-resisted|p2a: Basculegion|1\n|-supereffective|p2b: Delphox|1\n|-damage|p2a: Basculegion|0 fnt\n|-damage|p2b: Delphox|0 fnt\n|faint|p2a: Basculegion\n|faint|p2b: Delphox\n|\n|win|tzarii\n|raw|tzarii's rating: 1304 &rarr; <strong>1325</strong><br />(+21 for winning)\n|raw|Mast0don's rating: 1321 &rarr; <strong>1300</strong><br />(-21 for losing)\n|l|\u2606Mast0don\n|player|p2|\n",
  "uploadtime": 1776159612,
  "views": 28,
  "formatid": "gen9championsvgc2026regma",
  "rating": 1300,
  "private": 0,
  "password": null
}