{
  "id": "gen9championsvgc2026regma-2587746055",
  "format": "[Gen 9 Champions] VGC 2026 Reg M-A",
  "players": [
    "MegaSpeedRed",
    "MisoSoupFGC"
  ],
  "log": "|j|\u2606MegaSpeedRed\n|j|\u2606MisoSoupFGC\n|t:|1776559816\n|gametype|doubles\n|player|p1|MegaSpeedRed|169|1048\n|player|p2|MisoSoupFGC|265|1141\n|gen|9\n|tier|[Gen 9 Champions] VGC 2026 Reg M-A\n|rated|\n|rule|Species Clause: Limit one of each Pok\u00e9mon\n|rule|Item Clause: Limit 1 of each item\n|clearpoke\n|poke|p1|Dragonite, L50, M, shiny|\n|poke|p1|Meganium, L50, F, shiny|\n|poke|p1|Pelipper, L50, M, shiny|\n|poke|p1|Goodra-Hisui, L50, F|\n|poke|p1|Raichu-Alola, L50, M|\n|poke|p1|Basculegion-F, L50, F|\n|poke|p2|Delphox, L50, M|\n|poke|p2|Basculegion, L50, M|\n|poke|p2|Clefable, L50, F|\n|poke|p2|Kingambit, L50, M|\n|poke|p2|Dragonite, L50, F|\n|poke|p2|Sneasler, L50, F|\n|teampreview|4\n|\n|t:|1776559866\n|teamsize|p1|4\n|teamsize|p2|4\n|start\n|switch|p1a: Meganium|Meganium, L50, F, shiny|100/100\n|switch|p1b: Pelipper|Pelipper, L50, M, shiny|100/100\n|switch|p2a: Sneasler|Sneasler, L50, F|100/100\n|switch|p2b: Basculegion|Basculegion, L50, M|100/100\n|-weather|RainDance|[from] ability: Drizzle|[of] p1b: Pelipper\n|turn|1\n|\n|t:|1776559906\n|detailschange|p1a: Meganium|Meganium-Mega, L50, F, shiny\n|-mega|p1a: Meganium|Meganium|Meganiumite\n|move|p2b: Basculegion|Flip Turn|p1b: Pelipper\n|-resisted|p1b: Pelipper|1\n|-damage|p1b: Pelipper|66/100\n|\n|t:|1776559914\n|switch|p2b: Clefable|Clefable, L50, F|100/100|[from] Flip Turn\n|move|p2a: Sneasler|Dire Claw|p1b: Pelipper\n|-damage|p1b: Pelipper|24/100\n|move|p1a: Meganium|Earth Power|p2a: Sneasler\n|-supereffective|p2a: Sneasler|1\n|-enditem|p2a: Sneasler|Focus Sash\n|-damage|p2a: Sneasler|1/100\n|move|p1b: Pelipper|Tailwind|p1b: Pelipper\n|-sidestart|p1: MegaSpeedRed|move: Tailwind\n|\n|-weather|RainDance|[upkeep]\n|upkeep\n|turn|2\n|\n|t:|1776559948\n|move|p2b: Clefable|Follow Me|p2b: Clefable\n|-singleturn|p2b: Clefable|move: Follow Me\n|move|p2a: Sneasler|Dire Claw|p1a: Meganium\n|-supereffective|p1a: Meganium|2\n|-damage|p1a: Meganium|0 fnt\n|faint|p1a: Meganium\n|move|p1b: Pelipper|Weather Ball|p2b: Clefable\n|-damage|p2b: Clefable|53/100\n|\n|-weather|RainDance|[upkeep]\n|upkeep\n|\n|t:|1776559961\n|switch|p1a: Raichu|Raichu-Alola, L50, M|100/100\n|turn|3\n|\n|t:|1776559996\n|move|p1b: Pelipper|Protect|p1b: Pelipper\n|-singleturn|p1b: Pelipper|Protect\n|move|p2b: Clefable|Protect|p2b: Clefable\n|-singleturn|p2b: Clefable|Protect\n|move|p2a: Sneasler|Dire Claw|p1b: Pelipper\n|-activate|p1b: Pelipper|move: Protect\n|move|p1a: Raichu|Discharge|p2a: Sneasler|[spread] p2a\n|-activate|p1b: Pelipper|move: Protect\n|-activate|p2b: Clefable|move: Protect\n|-damage|p2a: Sneasler|0 fnt\n|faint|p2a: Sneasler\n|\n|-weather|RainDance|[upkeep]\n|upkeep\n|\n|t:|1776560014\n|switch|p2a: Kingambit|Kingambit, L50, M|100/100\n|turn|4\n|\n|t:|1776560055\n|switch|p1b: Goodra|Goodra-Hisui, L50, F|100/100\n|move|p2a: Kingambit|Sucker Punch|p1a: Raichu\n|-supereffective|p1a: Raichu|1\n|-damage|p1a: Raichu|0 fnt\n|faint|p1a: Raichu\n|move|p2b: Clefable|Moonblast|p1b: Goodra\n|-damage|p1b: Goodra|79/100\n|\n|-weather|RainDance|[upkeep]\n|-sideend|p1: MegaSpeedRed|move: Tailwind\n|upkeep\n|\n|t:|1776560064\n|switch|p1a: Pelipper|Pelipper, L50, M, shiny|24/100\n|turn|5\n|\n|t:|1776560083\n|move|p1a: Pelipper|Protect|p1a: Pelipper\n|-singleturn|p1a: Pelipper|Protect\n|move|p2b: Clefable|Moonblast|p1a: Pelipper\n|-activate|p1a: Pelipper|move: Protect\n|move|p1b: Goodra|Thunder|p2a: Kingambit\n|-damage|p2a: Kingambit|72/100\n|move|p2a: Kingambit|Kowtow Cleave|p1b: Goodra\n|-damage|p1b: Goodra|31/100\n|\n|-weather|none\n|upkeep\n|turn|6\n|\n|t:|1776560115\n|move|p1a: Pelipper|Hurricane|p2a: Kingambit\n|-resisted|p2a: Kingambit|1\n|-damage|p2a: Kingambit|52/100\n|move|p2b: Clefable|Moonblast|p1a: Pelipper\n|-damage|p1a: Pelipper|0 fnt\n|faint|p1a: Pelipper\n|move|p1b: Goodra|Heavy Slam|p2b: Clefable\n|-supereffective|p2b: Clefable|1\n|-damage|p2b: Clefable|0 fnt\n|faint|p2b: Clefable\n|move|p2a: Kingambit|Kowtow Cleave|p1b: Goodra\n|-damage|p1b: Goodra|0 fnt\n|faint|p1b: Goodra\n|\n|win|MisoSoupFGC\n|raw|MegaSpeedRed's rating: 1048 &rarr; <strong>1035</strong><br />(-13 for losing)\n|raw|MisoSoupFGC's rating: 1141 &rarr; <strong>1159</strong><br />(+18 for winning)\n|l|\u2606MegaSpeedRed\n|player|p1|\n",
  "uploadtime": 1776560148,
  "views": 13,
  "formatid": "gen9championsvgc2026regma",
  "rating": 1035,
  "private": 0,
  "password": null
}