{
  "id": "gen9championsvgc2026regma-2587788670",
  "format": "[Gen 9 Champions] VGC 2026 Reg M-A",
  "players": [
    "Teik",
    "datbishgames"
  ],
  "log": "|j|\u2606Teik\n|j|\u2606datbishgames\n|t:|1776564117\n|gametype|doubles\n|player|p1|Teik|2|1437\n|player|p2|datbishgames|mira|1430\n|gen|9\n|tier|[Gen 9 Champions] VGC 2026 Reg M-A\n|rated|\n|rule|Species Clause: Limit one of each Pok\u00e9mon\n|rule|Item Clause: Limit 1 of each item\n|clearpoke\n|poke|p1|Lucario, L50, F|\n|poke|p1|Talonflame, L50, M|\n|poke|p1|Palafin, L50, M|\n|poke|p1|Clefable, L50, F|\n|poke|p1|Dragonite, L50, F|\n|poke|p1|Sinistcha, L50|\n|poke|p2|Palafin, L50, M|\n|poke|p2|Sinistcha, L50|\n|poke|p2|Incineroar, L50, M|\n|poke|p2|Garchomp, L50, F|\n|poke|p2|Aerodactyl, L50, M|\n|poke|p2|Floette-Eternal, L50, F|\n|teampreview|4\n|inactive|Battle timer is ON: inactive players will automatically lose when time's up. (requested by datbishgames)\n|inactive|Teik has 60 seconds left.\n|inactive|datbishgames has 60 seconds left.\n|inactive|datbishgames has 30 seconds left.\n|\n|t:|1776564179\n|teamsize|p1|4\n|teamsize|p2|4\n|start\n|switch|p1a: Palafin|Palafin, L50, M|100/100\n|switch|p1b: Talonflame|Talonflame, L50, M|100/100\n|switch|p2a: Palafin|Palafin, L50, M|100/100\n|switch|p2b: Floette|Floette-Eternal, L50, F|100/100\n|turn|1\n|\n|t:|1776564194\n|detailschange|p2b: Floette|Floette-Mega, L50, F\n|-mega|p2b: Floette|Floette|Floettite\n|-ability|p2b: Floette|Fairy Aura\n|move|p1b: Talonflame|Tailwind|p1b: Talonflame\n|-sidestart|p1: Teik|move: Tailwind\n|move|p2a: Palafin|Jet Punch|p1b: Talonflame\n|-supereffective|p1b: Talonflame|1\n|-damage|p1b: Talonflame|14/100\n|move|p1a: Palafin|Flip Turn|p2a: Palafin\n|-resisted|p2a: Palafin|1\n|-damage|p2a: Palafin|87/100\n|\n|t:|1776564210\n|detailschange|p1a: Palafin|Palafin-Hero, L50, M\n|switch|p1a: Clefable|Clefable, L50, F|100/100|[from] Flip Turn\n|move|p2b: Floette|Calm Mind|p2b: Floette\n|-boost|p2b: Floette|spa|1\n|-boost|p2b: Floette|spd|1\n|\n|upkeep\n|turn|2\n|\n|t:|1776564226\n|detailschange|p2a: Palafin|Palafin-Hero, L50, M\n|switch|p2a: Incineroar|Incineroar, L50, M|100/100\n|-ability|p2a: Incineroar|Intimidate|boost\n|-unboost|p1a: Clefable|atk|1\n|-unboost|p1b: Talonflame|atk|1\n|move|p2b: Floette|Protect|p2b: Floette\n|-singleturn|p2b: Floette|Protect\n|move|p1a: Clefable|Follow Me|p1a: Clefable\n|-singleturn|p1a: Clefable|move: Follow Me\n|move|p1b: Talonflame|Dual Wingbeat|p2b: Floette\n|-activate|p2b: Floette|move: Protect\n|\n|upkeep\n|turn|3\n|\n|t:|1776564249\n|move|p2a: Incineroar|Fake Out|p1b: Talonflame\n|-damage|p1b: Talonflame|0 fnt\n|faint|p1b: Talonflame\n|move|p1a: Clefable|Moonblast|p2a: Incineroar\n|-damage|p2a: Incineroar|69/100\n|move|p2b: Floette|Moonblast|p1a: Clefable\n|-damage|p1a: Clefable|47/100\n|-unboost|p1a: Clefable|spa|1\n|\n|-heal|p1a: Clefable|52/100|[from] item: Leftovers\n|upkeep\n|\n|t:|1776564255\n|switch|p1b: Lucario|Lucario, L50, F|100/100\n|turn|4\n|\n|t:|1776564272\n|switch|p2a: Sinistcha|Sinistcha, L50|100/100\n|detailschange|p1b: Lucario|Lucario-Mega, L50, F\n|-mega|p1b: Lucario|Lucario|Lucarionite\n|move|p2b: Floette|Protect|p2b: Floette\n|-singleturn|p2b: Floette|Protect\n|move|p1b: Lucario|Aura Sphere|p2a: Sinistcha\n|-immune|p2a: Sinistcha\n|move|p1a: Clefable|Wish|p1a: Clefable\n|\n|-heal|p1a: Clefable|58/100|[from] item: Leftovers\n|-sideend|p1: Teik|move: Tailwind\n|upkeep\n|turn|5\n|\n|t:|1776564289\n|move|p2a: Sinistcha|Rage Powder|p2a: Sinistcha\n|-singleturn|p2a: Sinistcha|move: Rage Powder\n|move|p1a: Clefable|Follow Me|p1a: Clefable\n|-singleturn|p1a: Clefable|move: Follow Me\n|move|p1b: Lucario|Dark Pulse|p2a: Sinistcha\n|-supereffective|p2a: Sinistcha|1\n|-damage|p2a: Sinistcha|48/100\n|move|p2b: Floette|Moonblast|p1a: Clefable\n|-damage|p1a: Clefable|7/100\n|\n|-heal|p1a: Clefable|57/100|[from] move: Wish|[wisher] Clefable\n|-heal|p1a: Clefable|63/100|[from] item: Leftovers\n|upkeep\n|turn|6\n|inactive|Teik has 30 seconds left.\n|\n|t:|1776564318\n|switch|p2a: Incineroar|Incineroar, L50, M|69/100\n|-ability|p2a: Incineroar|Intimidate|boost\n|-unboost|p1a: Clefable|atk|1\n|-unboost|p1b: Lucario|atk|1\n|move|p1b: Lucario|Protect|p1b: Lucario\n|-singleturn|p1b: Lucario|Protect\n|move|p2b: Floette|Protect|p2b: Floette\n|-singleturn|p2b: Floette|Protect\n|move|p1a: Clefable|Follow Me|p1a: Clefable\n|-singleturn|p1a: Clefable|move: Follow Me\n|\n|-heal|p1a: Clefable|69/100|[from] item: Leftovers\n|upkeep\n|turn|7\n|\n|t:|1776564334\n|move|p2a: Incineroar|Fake Out|p1b: Lucario\n|-resisted|p1b: Lucario|1\n|-damage|p1b: Lucario|94/100\n|move|p1a: Clefable|Follow Me|p1a: Clefable\n|-singleturn|p1a: Clefable|move: Follow Me\n|cant|p1b: Lucario|flinch\n|move|p2b: Floette|Dazzling Gleam|p1a: Clefable|[spread] p1a,p1b\n|-damage|p1a: Clefable|38/100\n|-damage|p1b: Lucario|2/100\n|\n|-heal|p1a: Clefable|44/100|[from] item: Leftovers\n|upkeep\n|turn|8\n|\n|t:|1776564355\n|switch|p2a: Sinistcha|Sinistcha, L50|48/100\n|move|p2b: Floette|Protect|p2b: Floette\n|-singleturn|p2b: Floette|Protect\n|move|p1b: Lucario|Flash Cannon|p2b: Floette\n|-activate|p2b: Floette|move: Protect\n|move|p1a: Clefable|Moonblast|p2a: Sinistcha\n|-damage|p2a: Sinistcha|25/100\n|\n|-heal|p1a: Clefable|50/100|[from] item: Leftovers\n|upkeep\n|turn|9\n|\n|t:|1776564369\n|move|p1a: Clefable|Protect|p1a: Clefable\n|-singleturn|p1a: Clefable|Protect\n|move|p2a: Sinistcha|Rage Powder|p2a: Sinistcha\n|-singleturn|p2a: Sinistcha|move: Rage Powder\n|move|p1b: Lucario|Dark Pulse|p2a: Sinistcha\n|-supereffective|p2a: Sinistcha|1\n|-damage|p2a: Sinistcha|0 fnt\n|faint|p2a: Sinistcha\n|move|p2b: Floette|Dazzling Gleam|p1b: Lucario|[spread] p1b\n|-activate|p1a: Clefable|move: Protect\n|-damage|p1b: Lucario|0 fnt\n|faint|p1b: Lucario\n|\n|-heal|p1a: Clefable|56/100|[from] item: Leftovers\n|upkeep\n|\n|t:|1776564383\n|switch|p1b: Palafin|Palafin-Hero, L50, M|100/100\n|switch|p2a: Incineroar|Incineroar, L50, M|69/100\n|-activate|p1b: Palafin|ability: Zero to Hero\n|-ability|p2a: Incineroar|Intimidate|boost\n|-unboost|p1a: Clefable|atk|1\n|-unboost|p1b: Palafin|atk|1\n|turn|10\n|\n|t:|1776564402\n|move|p2a: Incineroar|Fake Out|p1b: Palafin\n|-damage|p1b: Palafin|90/100\n|cant|p1b: Palafin|flinch\n|move|p2b: Floette|Moonblast|p1a: Clefable\n|-damage|p1a: Clefable|4/100\n|move|p1a: Clefable|Wish|p1a: Clefable\n|\n|-heal|p1a: Clefable|10/100|[from] item: Leftovers\n|upkeep\n|turn|11\n|j| sammap\n|inactive|Teik has 30 seconds left.\n|\n|t:|1776564433\n|switch|p2a: Palafin|Palafin-Hero, L50, M|87/100\n|-activate|p2a: Palafin|ability: Zero to Hero\n|move|p1a: Clefable|Follow Me|p1a: Clefable\n|-singleturn|p1a: Clefable|move: Follow Me\n|move|p1b: Palafin|Jet Punch|p2a: Palafin\n|-resisted|p2a: Palafin|1\n|-damage|p2a: Palafin|74/100\n|move|p2b: Floette|Moonblast|p1a: Clefable\n|-damage|p1a: Clefable|0 fnt\n|faint|p1a: Clefable\n|\n|upkeep\n|turn|12\n|-message|Teik forfeited.\n|\n|win|datbishgames\n|raw|Teik's rating: 1437 &rarr; <strong>1417</strong><br />(-20 for losing)\n|raw|datbishgames's rating: 1430 &rarr; <strong>1450</strong><br />(+20 for winning)\n|l|\u2606Teik\n|player|p1|\n|l|\u2606datbishgames\n|player|p2|\n",
  "uploadtime": 1776564585,
  "views": 16,
  "formatid": "gen9championsvgc2026regma",
  "rating": 1417,
  "private": 0,
  "password": null
}