{
  "id": "gen9championsvgc2026regma-2585742717",
  "format": "[Gen 9 Champions] VGC 2026 Reg M-A",
  "players": [
    "mathinho_ns",
    "hekapuu"
  ],
  "log": "|j|\u2606mathinho_ns\n|j|\u2606hekapuu\n|t:|1776367481\n|gametype|doubles\n|player|p1|mathinho_ns|265|1092\n|player|p2|hekapuu|marley|1000\n|gen|9\n|tier|[Gen 9 Champions] VGC 2026 Reg M-A\n|rated|\n|rule|Species Clause: Limit one of each Pok\u00e9mon\n|rule|Item Clause: Limit 1 of each item\n|clearpoke\n|poke|p1|Meganium, L50, F|\n|poke|p1|Tyranitar, L50, M|\n|poke|p1|Pelipper, L50, F|\n|poke|p1|Rotom-Wash, L50|\n|poke|p1|Excadrill, L50, M|\n|poke|p1|Incineroar, L50, F|\n|poke|p2|Slowbro, L50, F|\n|poke|p2|Torkoal, L50, F|\n|poke|p2|Oranguru, L50, M|\n|poke|p2|Aggron, L50, M|\n|poke|p2|Hatterene, L50, F|\n|poke|p2|Altaria, L50, M|\n|teampreview|4\n|\n|t:|1776367526\n|teamsize|p1|4\n|teamsize|p2|4\n|start\n|switch|p1a: Incineroar|Incineroar, L50, F|100/100\n|switch|p1b: Tyranitar|Tyranitar, L50, M|100/100\n|switch|p2a: Slowbro|Slowbro, L50, F|100/100\n|switch|p2b: Oranguru|Oranguru, L50, M|100/100\n|-weather|Sandstorm|[from] ability: Sand Stream|[of] p1b: Tyranitar\n|-ability|p1a: Incineroar|Intimidate|boost\n|-fail|p2a: Slowbro|unboost|Attack|[from] ability: Oblivious|[of] p2a: Slowbro\n|-fail|p2b: Oranguru|unboost|Attack|[from] ability: Inner Focus|[of] p2b: Oranguru\n|turn|1\n|\n|t:|1776367566\n|switch|p2b: Hatterene|Hatterene, L50, F|100/100\n|move|p1b: Tyranitar|Dragon Dance|p1b: Tyranitar\n|-boost|p1b: Tyranitar|atk|1\n|-boost|p1b: Tyranitar|spe|1\n|move|p1a: Incineroar|Taunt|p2b: Hatterene\n|move|p2b: Hatterene|Taunt|p1a: Incineroar|[from] ability: Magic Bounce\n|-start|p1a: Incineroar|move: Taunt\n|-enditem|p1a: Incineroar|Mental Herb\n|-end|p1a: Incineroar|move: Taunt\n|move|p2a: Slowbro|Trick Room|p2a: Slowbro\n|-fieldstart|move: Trick Room|[of] p2a: Slowbro\n|\n|-weather|Sandstorm|[upkeep]\n|-damage|p2a: Slowbro|94/100|[from] Sandstorm\n|-damage|p2b: Hatterene|94/100|[from] Sandstorm\n|-damage|p1a: Incineroar|95/100|[from] Sandstorm\n|-heal|p2a: Slowbro|100/100|[from] item: Leftovers\n|upkeep\n|turn|2\n|\n|t:|1776367599\n|move|p1a: Incineroar|Protect|p1a: Incineroar\n|-singleturn|p1a: Incineroar|Protect\n|move|p1b: Tyranitar|Protect|p1b: Tyranitar\n|-singleturn|p1b: Tyranitar|Protect\n|move|p2a: Slowbro|Waterfall|p1b: Tyranitar\n|-activate|p1b: Tyranitar|move: Protect\n|move|p2b: Hatterene|Dazzling Gleam|p1a: Incineroar|[spread] \n|-activate|p1a: Incineroar|move: Protect\n|-activate|p1b: Tyranitar|move: Protect\n|\n|-weather|Sandstorm|[upkeep]\n|-damage|p2a: Slowbro|94/100|[from] Sandstorm\n|-damage|p2b: Hatterene|88/100|[from] Sandstorm\n|-damage|p1a: Incineroar|89/100|[from] Sandstorm\n|-heal|p2a: Slowbro|100/100|[from] item: Leftovers\n|upkeep\n|turn|3\n|\n|t:|1776367626\n|switch|p1b: Rotom|Rotom-Wash, L50|100/100\n|move|p2a: Slowbro|Waterfall|p1b: Rotom\n|-resisted|p1b: Rotom|1\n|-damage|p1b: Rotom|82/100\n|move|p2b: Hatterene|Dazzling Gleam|p1a: Incineroar|[spread] p1a,p1b\n|-damage|p1a: Incineroar|60/100\n|-damage|p1b: Rotom|41/100\n|-enditem|p1b: Rotom|Sitrus Berry|[eat]\n|-heal|p1b: Rotom|66/100|[from] item: Sitrus Berry\n|move|p1a: Incineroar|Parting Shot|p2b: Hatterene\n|move|p2b: Hatterene|Parting Shot|p1a: Incineroar|[from] ability: Magic Bounce\n|-unboost|p1a: Incineroar|atk|1\n|-unboost|p1a: Incineroar|spa|1\n|\n|t:|1776367649\n|switch|p2b: Oranguru|Oranguru, L50, M|100/100|[from] Parting Shot\n|\n|-weather|Sandstorm|[upkeep]\n|-damage|p2a: Slowbro|94/100|[from] Sandstorm\n|-damage|p2b: Oranguru|94/100|[from] Sandstorm\n|-damage|p1a: Incineroar|55/100|[from] Sandstorm\n|-damage|p1b: Rotom|60/100|[from] Sandstorm\n|-heal|p2a: Slowbro|100/100|[from] item: Leftovers\n|upkeep\n|turn|4\n|\n|t:|1776367675\n|move|p2a: Slowbro|Protect|p2a: Slowbro\n|-singleturn|p2a: Slowbro|Protect\n|move|p2b: Oranguru|Psychic Terrain|p2b: Oranguru\n|-fieldstart|move: Psychic Terrain\n|move|p1a: Incineroar|Taunt|p2b: Oranguru\n|-start|p2b: Oranguru|move: Taunt\n|move|p1b: Rotom|Thunder|p2a: Slowbro\n|-activate|p2a: Slowbro|move: Protect\n|\n|-weather|Sandstorm|[upkeep]\n|-damage|p2a: Slowbro|94/100|[from] Sandstorm\n|-damage|p2b: Oranguru|88/100|[from] Sandstorm\n|-damage|p1a: Incineroar|49/100|[from] Sandstorm\n|-damage|p1b: Rotom|55/100|[from] Sandstorm\n|-heal|p2a: Slowbro|100/100|[from] item: Leftovers\n|upkeep\n|turn|5\n|\n|t:|1776367696\n|move|p1a: Incineroar|Protect|p1a: Incineroar\n|-singleturn|p1a: Incineroar|Protect\n|move|p2a: Slowbro|Expanding Force|p1a: Incineroar|[spread] p1b\n|-activate|p1a: Incineroar|move: Protect\n|-damage|p1b: Rotom|0 fnt\n|faint|p1b: Rotom\n|move|p2b: Oranguru|Knock Off|p1a: Incineroar\n|-activate|p1a: Incineroar|move: Protect\n|\n|-weather|none\n|-fieldend|move: Trick Room\n|upkeep\n|\n|t:|1776367715\n|switch|p1b: Excadrill|Excadrill, L50, M|100/100\n|turn|6\n|\n|t:|1776367732\n|switch|p1a: Tyranitar|Tyranitar, L50, M|100/100\n|-weather|Sandstorm|[from] ability: Sand Stream|[of] p1a: Tyranitar\n|move|p1b: Excadrill|Iron Head|p2b: Oranguru\n|-damage|p2b: Oranguru|50/100\n|-enditem|p2b: Oranguru|Sitrus Berry|[eat]\n|-heal|p2b: Oranguru|75/100|[from] item: Sitrus Berry\n|move|p2b: Oranguru|Psyshock|p1b: Excadrill\n|-resisted|p1b: Excadrill|1\n|-damage|p1b: Excadrill|75/100\n|move|p2a: Slowbro|Trick Room|p2a: Slowbro\n|-fieldstart|move: Trick Room|[of] p2a: Slowbro\n|\n|-weather|Sandstorm|[upkeep]\n|-damage|p2a: Slowbro|94/100|[from] Sandstorm\n|-damage|p2b: Oranguru|69/100|[from] Sandstorm\n|-heal|p2a: Slowbro|100/100|[from] item: Leftovers\n|upkeep\n|turn|7\n|\n|t:|1776367763\n|detailschange|p1a: Tyranitar|Tyranitar-Mega, L50, M\n|-mega|p1a: Tyranitar|Tyranitar|Tyranitarite\n|move|p2a: Slowbro|Expanding Force|p1a: Tyranitar|[spread] p1b\n|-immune|p1a: Tyranitar\n|-resisted|p1b: Excadrill|1\n|-damage|p1b: Excadrill|46/100\n|move|p2b: Oranguru|Knock Off|p1b: Excadrill\n|-damage|p1b: Excadrill|25/100\n|-enditem|p1b: Excadrill|Focus Sash|[from] move: Knock Off|[of] p2b: Oranguru\n|move|p1a: Tyranitar|Knock Off|p2a: Slowbro\n|-supereffective|p2a: Slowbro|1\n|-damage|p2a: Slowbro|0 fnt\n|-enditem|p2a: Slowbro|Leftovers|[from] move: Knock Off|[of] p1a: Tyranitar\n|faint|p2a: Slowbro\n|move|p1b: Excadrill|Swords Dance|p1b: Excadrill\n|-boost|p1b: Excadrill|atk|2\n|\n|-weather|Sandstorm|[upkeep]\n|-damage|p2b: Oranguru|63/100|[from] Sandstorm\n|-end|p2b: Oranguru|move: Taunt\n|upkeep\n|\n|t:|1776367775\n|switch|p2a: Torkoal|Torkoal, L50, F|100/100\n|turn|8\n|\n|t:|1776367794\n|switch|p1b: Incineroar|Incineroar, L50, F|49/100\n|-ability|p1b: Incineroar|Intimidate|boost\n|-fail|p2a: Torkoal|unboost|[from] ability: White Smoke|[of] p2a: Torkoal\n|-fail|p2b: Oranguru|unboost|Attack|[from] ability: Inner Focus|[of] p2b: Oranguru\n|move|p1a: Tyranitar|Protect|p1a: Tyranitar\n|-singleturn|p1a: Tyranitar|Protect\n|move|p2a: Torkoal|Flamethrower|p1b: Incineroar\n|-resisted|p1b: Incineroar|1\n|-damage|p1b: Incineroar|33/100\n|move|p2b: Oranguru|Instruct|p2a: Torkoal\n|-singleturn|p2a: Torkoal|move: Instruct|[of] p2b: Oranguru\n|move|p2a: Torkoal|Flamethrower|p1b: Incineroar\n|-resisted|p1b: Incineroar|1\n|-damage|p1b: Incineroar|16/100\n|\n|-weather|Sandstorm|[upkeep]\n|-damage|p2a: Torkoal|94/100|[from] Sandstorm\n|-damage|p2b: Oranguru|57/100|[from] Sandstorm\n|-damage|p1b: Incineroar|10/100|[from] Sandstorm\n|-fieldend|move: Psychic Terrain\n|upkeep\n|turn|9\n|\n|t:|1776367829\n|move|p1b: Incineroar|Fake Out|p2b: Oranguru\n|-damage|p2b: Oranguru|48/100\n|move|p2a: Torkoal|Iron Defense|p2a: Torkoal\n|-boost|p2a: Torkoal|def|2\n|move|p2b: Oranguru|Instruct|p2a: Torkoal\n|-singleturn|p2a: Torkoal|move: Instruct|[of] p2b: Oranguru\n|move|p2a: Torkoal|Iron Defense|p2a: Torkoal\n|-boost|p2a: Torkoal|def|2\n|move|p1a: Tyranitar|Rock Slide|p2b: Oranguru|[spread] p2a,p2b\n|-supereffective|p2a: Torkoal|1\n|-crit|p2b: Oranguru\n|-damage|p2a: Torkoal|76/100\n|-damage|p2b: Oranguru|3/100\n|\n|-weather|Sandstorm|[upkeep]\n|-damage|p2a: Torkoal|70/100|[from] Sandstorm\n|-damage|p2b: Oranguru|0 fnt|[from] Sandstorm\n|-damage|p1b: Incineroar|5/100|[from] Sandstorm\n|faint|p2b: Oranguru\n|upkeep\n|\n|t:|1776367841\n|switch|p2b: Hatterene|Hatterene, L50, F|88/100\n|turn|10\n|inactive|Battle timer is ON: inactive players will automatically lose when time's up. (requested by hekapuu)\n|\n|t:|1776367885\n|move|p2a: Torkoal|Body Press|p1a: Tyranitar\n|-supereffective|p1a: Tyranitar|2\n|-damage|p1a: Tyranitar|0 fnt\n|faint|p1a: Tyranitar\n|move|p2b: Hatterene|Dazzling Gleam|p1b: Incineroar\n|-damage|p1b: Incineroar|0 fnt\n|faint|p1b: Incineroar\n|\n|-weather|none\n|-fieldend|move: Trick Room\n|upkeep\n|\n|t:|1776367909\n|switch|p1a: Excadrill|Excadrill, L50, M|25/100\n|turn|11\n|\n|t:|1776367918\n|move|p2b: Hatterene|Protect|p2b: Hatterene\n|-singleturn|p2b: Hatterene|Protect\n|move|p1a: Excadrill|Earthquake|p2a: Torkoal|[spread] p2a\n|-activate|p2b: Hatterene|move: Protect\n|-supereffective|p2a: Torkoal|1\n|-damage|p2a: Torkoal|48/100\n|move|p2a: Torkoal|Body Press|p1a: Excadrill\n|-supereffective|p1a: Excadrill|1\n|-damage|p1a: Excadrill|0 fnt\n|faint|p1a: Excadrill\n|\n|win|hekapuu\n|raw|mathinho_ns's rating: 1092 &rarr; <strong>1062</strong><br />(-30 for losing)\n|raw|hekapuu's rating: 1000 &rarr; <strong>1050</strong><br />(+50 for winning)\n|l|\u2606mathinho_ns\n|player|p1|\n",
  "uploadtime": 1776367945,
  "views": 16,
  "formatid": "gen9championsvgc2026regma",
  "rating": 1050,
  "private": 0,
  "password": null
}