{
  "id": "gen9championsvgc2026regma-2584387135",
  "format": "[Gen 9 Champions] VGC 2026 Reg M-A",
  "players": [
    "Snhutt",
    "Sharkhy_"
  ],
  "log": "|j|\u2606Snhutt\n|j|\u2606Sharkhy_\n|t:|1776257056\n|gametype|doubles\n|player|p1|Snhutt|janine|1019\n|player|p2|Sharkhy_|2|1104\n|gen|9\n|tier|[Gen 9 Champions] VGC 2026 Reg M-A\n|rated|\n|rule|Species Clause: Limit one of each Pok\u00e9mon\n|rule|Item Clause: Limit 1 of each item\n|clearpoke\n|poke|p1|Charizard, L50, M|\n|poke|p1|Torkoal, L50, F|\n|poke|p1|Incineroar, L50, M|\n|poke|p1|Venusaur, L50, M|\n|poke|p1|Whimsicott, L50, F|\n|poke|p1|Arcanine, L50, M|\n|poke|p2|Charizard, L50, F|\n|poke|p2|Maushold-Four, L50|\n|poke|p2|Sneasler, L50, F|\n|poke|p2|Dragapult, L50, M|\n|poke|p2|Kingambit, L50, M|\n|poke|p2|Garchomp, L50, F|\n|teampreview|4\n|inactive|Battle timer is ON: inactive players will automatically lose when time's up. (requested by Snhutt)\n|\n|t:|1776257085\n|teamsize|p1|4\n|teamsize|p2|4\n|start\n|switch|p1a: Incineroar|Incineroar, L50, M, shiny|100/100\n|switch|p1b: Arcanine|Arcanine, L50, M, shiny|100/100\n|switch|p2a: Sneasler|Sneasler, L50, F|100/100\n|switch|p2b: Dragapult|Dragapult, L50, M|100/100\n|-ability|p1b: Arcanine|Intimidate|boost\n|-unboost|p2a: Sneasler|atk|1\n|-fail|p2b: Dragapult|unboost|[from] ability: Clear Body|[of] p2b: Dragapult\n|-ability|p1a: Incineroar|Intimidate|boost\n|-unboost|p2a: Sneasler|atk|1\n|-fail|p2b: Dragapult|unboost|[from] ability: Clear Body|[of] p2b: Dragapult\n|turn|1\n|inactive|Sharkhy_ has 30 seconds left.\n|inactive|Sharkhy_ has 20 seconds left.\n|\n|t:|1776257123\n|move|p2a: Sneasler|Fake Out|p1a: Incineroar\n|-damage|p1a: Incineroar|94/100\n|cant|p1a: Incineroar|flinch\n|move|p1b: Arcanine|Crunch|p2b: Dragapult\n|-supereffective|p2b: Dragapult|1\n|-damage|p2b: Dragapult|30/100\n|move|p2b: Dragapult|Shadow Ball|p1b: Arcanine\n|-damage|p1b: Arcanine|52/100\n|\n|upkeep\n|turn|2\n|j| Kazuto76\n|inactive|Sharkhy_ has 30 seconds left.\n|\n|t:|1776257152\n|move|p1b: Arcanine|Crunch|p2b: Dragapult\n|-supereffective|p2b: Dragapult|1\n|-damage|p2b: Dragapult|0 fnt\n|faint|p2b: Dragapult\n|move|p2a: Sneasler|Close Combat|p1a: Incineroar\n|-supereffective|p1a: Incineroar|1\n|-damage|p1a: Incineroar|42/100\n|-unboost|p2a: Sneasler|def|1\n|-unboost|p2a: Sneasler|spd|1\n|move|p1a: Incineroar|Parting Shot|p2a: Sneasler\n|-unboost|p2a: Sneasler|atk|1\n|-unboost|p2a: Sneasler|spa|1\n|\n|t:|1776257164\n|switch|p1a: Charizard|Charizard, L50, M, shiny|100/100|[from] Parting Shot\n|\n|upkeep\n|\n|t:|1776257173\n|switch|p2b: Garchomp|Garchomp, L50, F|100/100\n|turn|3\n|l| Kazuto76\n|\n|t:|1776257188\n|switch|p1b: Incineroar|Incineroar, L50, M, shiny|42/100\n|-ability|p1b: Incineroar|Intimidate|boost\n|-unboost|p2a: Sneasler|atk|1\n|-unboost|p2b: Garchomp|atk|1\n|switch|p2a: Maushold|Maushold-Four, L50|100/100\n|detailschange|p1a: Charizard|Charizard-Mega-Y, L50, M, shiny\n|-mega|p1a: Charizard|Charizard|Charizardite Y\n|-weather|SunnyDay|[from] ability: Drought|[of] p1a: Charizard\n|move|p2b: Garchomp|Rock Slide|p1a: Charizard|[spread] p1a,p1b\n|-supereffective|p1a: Charizard|2\n|-supereffective|p1b: Incineroar|1\n|-damage|p1a: Charizard|26/100\n|-damage|p1b: Incineroar|20/100\n|move|p1a: Charizard|Solar Beam||[still]\n|-prepare|p1a: Charizard|Solar Beam\n|-anim|p1a: Charizard|Solar Beam|p2b: Garchomp\n|-crit|p2b: Garchomp\n|-damage|p2b: Garchomp|39/100\n|\n|-weather|SunnyDay|[upkeep]\n|upkeep\n|turn|4\n|inactive|Snhutt has 30 seconds left.\n|inactive|Snhutt has 20 seconds left.\n|\n|t:|1776257226\n|move|p1a: Charizard|Protect|p1a: Charizard\n|-singleturn|p1a: Charizard|Protect\n|move|p1b: Incineroar|Fake Out|p2a: Maushold\n|-damage|p2a: Maushold|87/100\n|cant|p2a: Maushold|flinch\n|move|p2b: Garchomp|Rock Slide|p1a: Charizard|[spread] \n|-activate|p1a: Charizard|move: Protect\n|-miss|p2b: Garchomp|p1b: Incineroar\n|\n|-weather|SunnyDay|[upkeep]\n|upkeep\n|turn|5\n|\n|t:|1776257242\n|move|p2a: Maushold|Follow Me|p2a: Maushold\n|-singleturn|p2a: Maushold|move: Follow Me\n|move|p2b: Garchomp|Rock Slide|p1a: Charizard|[spread] \n|-miss|p2b: Garchomp|p1a: Charizard\n|-miss|p2b: Garchomp|p1b: Incineroar\n|move|p1a: Charizard|Solar Beam||[still]\n|-prepare|p1a: Charizard|Solar Beam\n|-anim|p1a: Charizard|Solar Beam|p2a: Maushold\n|-damage|p2a: Maushold|27/100\n|move|p1b: Incineroar|Parting Shot|p2a: Maushold\n|-unboost|p2a: Maushold|atk|1\n|-unboost|p2a: Maushold|spa|1\n|c|\u2606Sharkhy_|?????\n|\n|t:|1776257256\n|switch|p1b: Arcanine|Arcanine, L50, M, shiny|52/100|[from] Parting Shot\n|-ability|p1b: Arcanine|Intimidate|boost\n|-unboost|p2a: Maushold|atk|1\n|-unboost|p2b: Garchomp|atk|1\n|\n|-weather|SunnyDay|[upkeep]\n|upkeep\n|turn|6\n|\n|t:|1776257268\n|move|p2a: Maushold|Follow Me|p2a: Maushold\n|-singleturn|p2a: Maushold|move: Follow Me\n|move|p1b: Arcanine|Close Combat|p2a: Maushold\n|-supereffective|p2a: Maushold|1\n|-enditem|p2a: Maushold|Chople Berry|[eat]\n|-enditem|p2a: Maushold|Chople Berry|[weaken]\n|-damage|p2a: Maushold|0 fnt\n|-unboost|p1b: Arcanine|def|1\n|-unboost|p1b: Arcanine|spd|1\n|faint|p2a: Maushold\n|move|p2b: Garchomp|Rock Slide|p1a: Charizard|[spread] p1a,p1b\n|-supereffective|p1a: Charizard|2\n|-supereffective|p1b: Arcanine|1\n|-damage|p1a: Charizard|0 fnt\n|-damage|p1b: Arcanine|10/100\n|faint|p1a: Charizard\n|\n|-weather|SunnyDay|[upkeep]\n|upkeep\n|\n|t:|1776257282\n|switch|p2a: Sneasler|Sneasler, L50, F|100/100\n|switch|p1a: Venusaur|Venusaur, L50, M, shiny|100/100\n|turn|7\n|\n|t:|1776257298\n|switch|p1b: Incineroar|Incineroar, L50, M, shiny|20/100\n|-ability|p1b: Incineroar|Intimidate|boost\n|-unboost|p2a: Sneasler|atk|1\n|-unboost|p2b: Garchomp|atk|1\n|move|p1a: Venusaur|Protect|p1a: Venusaur\n|-singleturn|p1a: Venusaur|Protect\n|move|p2a: Sneasler|Fake Out|p1b: Incineroar\n|-damage|p1b: Incineroar|12/100\n|move|p2b: Garchomp|Rock Slide|p1a: Venusaur|[spread] p1b\n|-activate|p1a: Venusaur|move: Protect\n|-supereffective|p1b: Incineroar|1\n|-damage|p1b: Incineroar|0 fnt\n|faint|p1b: Incineroar\n|\n|-weather|none\n|upkeep\n|\n|t:|1776257309\n|switch|p1b: Arcanine|Arcanine, L50, M, shiny|10/100\n|-ability|p1b: Arcanine|Intimidate|boost\n|-unboost|p2a: Sneasler|atk|1\n|-unboost|p2b: Garchomp|atk|1\n|turn|8\n|\n|t:|1776257329\n|move|p1b: Arcanine|Play Rough|p2b: Garchomp\n|-supereffective|p2b: Garchomp|1\n|-damage|p2b: Garchomp|0 fnt\n|-damage|p1b: Arcanine|0 fnt|[from] ability: Rough Skin|[of] p2b: Garchomp\n|faint|p2b: Garchomp\n|faint|p1b: Arcanine\n|move|p2a: Sneasler|Dire Claw|p1a: Venusaur\n|-damage|p1a: Venusaur|71/100\n|move|p1a: Venusaur|Sleep Powder|p2a: Sneasler\n|-status|p2a: Sneasler|slp|[from] move: Sleep Powder\n|\n|upkeep\n|turn|9\n|\n|t:|1776257348\n|cant|p2a: Sneasler|slp\n|move|p1a: Venusaur|Solar Beam||[still]\n|-prepare|p1a: Venusaur|Solar Beam\n|\n|upkeep\n|turn|10\n|\n|t:|1776257353\n|cant|p2a: Sneasler|slp\n|move|p1a: Venusaur|Solar Beam|p2a: Sneasler|[from] lockedmove\n|-resisted|p2a: Sneasler|1\n|-damage|p2a: Sneasler|57/100 slp\n|\n|upkeep\n|turn|11\n|\n|t:|1776257362\n|-curestatus|p2a: Sneasler|slp|[msg]\n|move|p2a: Sneasler|Feint|p1a: Venusaur\n|-damage|p1a: Venusaur|64/100\n|move|p1a: Venusaur|Solar Beam||[still]\n|-prepare|p1a: Venusaur|Solar Beam\n|\n|upkeep\n|turn|12\n|\n|t:|1776257370\n|move|p2a: Sneasler|Dire Claw|p1a: Venusaur\n|-damage|p1a: Venusaur|35/100\n|move|p1a: Venusaur|Solar Beam|p2a: Sneasler|[from] lockedmove\n|-resisted|p2a: Sneasler|1\n|-damage|p2a: Sneasler|6/100\n|\n|upkeep\n|turn|13\n|\n|t:|1776257380\n|move|p2a: Sneasler|Dire Claw|p1a: Venusaur\n|-damage|p1a: Venusaur|8/100\n|move|p1a: Venusaur|Sludge Bomb|p2a: Sneasler\n|-resisted|p2a: Sneasler|1\n|-damage|p2a: Sneasler|0 fnt\n|faint|p2a: Sneasler\n|\n|win|Snhutt\n|raw|Snhutt's rating: 1019 &rarr; <strong>1065</strong><br />(+46 for winning)\n|raw|Sharkhy_'s rating: 1104 &rarr; <strong>1073</strong><br />(-31 for losing)\n",
  "uploadtime": 1776257388,
  "views": 31,
  "formatid": "gen9championsvgc2026regma",
  "rating": 1065,
  "private": 0,
  "password": null
}