{
  "id": "gen9championsvgc2026regma-2580978096",
  "format": "[Gen 9 Champions] VGC 2026 Reg M-A",
  "players": [
    "Bigbro2022",
    "nosoypronomebioles"
  ],
  "log": "|j|\u2606Bigbro2022\n|j|\u2606nosoypronomebioles\n|t:|1775948462\n|gametype|doubles\n|player|p1|Bigbro2022|cynthia-gen4|1000\n|player|p2|nosoypronomebioles|1|1047\n|gen|9\n|tier|[Gen 9 Champions] VGC 2026 Reg M-A\n|rated|\n|rule|Species Clause: Limit one of each Pok\u00e9mon\n|rule|Item Clause: Limit 1 of each item\n|clearpoke\n|poke|p1|Floette-Eternal, L50, F|\n|poke|p1|Alakazam, L50, F|\n|poke|p1|Sinistcha, L50|\n|poke|p1|Sneasler, L50, M|\n|poke|p1|Goodra-Hisui, L50, M|\n|poke|p1|Talonflame, L50, F|\n|poke|p2|Charizard, L50, F|\n|poke|p2|Maushold-Four, L50|\n|poke|p2|Sneasler, L50, M|\n|poke|p2|Garchomp, L50, F|\n|poke|p2|Kingambit, L50, M|\n|poke|p2|Dragapult, L50, F|\n|teampreview|4\n|inactive|Battle timer is ON: inactive players will automatically lose when time's up. (requested by Bigbro2022)\nBigbro2022 rejected open team sheets.\n|\n|t:|1775948544\n|teamsize|p1|4\n|teamsize|p2|4\n|start\n|switch|p1a: Floette|Floette-Eternal, L50, F|100/100\n|switch|p1b: Alakazam|Alakazam, L50, F, shiny|100/100\n|switch|p2a: Sneasler|Sneasler, L50, M|100/100\n|switch|p2b: Kingambit|Kingambit, L50, M|100/100\n|turn|1\n|inactive|Bigbro2022 has 30 seconds left.\n|\n|t:|1775948576\n|detailschange|p1a: Floette|Floette-Mega, L50, F\n|-mega|p1a: Floette|Floette|Floettite\n|-ability|p1a: Floette|Fairy Aura\n|move|p2a: Sneasler|Feint|p1a: Floette\n|-damage|p1a: Floette|88/100\n|move|p1b: Alakazam|Speed Swap|p1a: Floette\n|-activate|p1b: Alakazam|move: Speed Swap|[of] p1a: Floette\n|move|p1a: Floette|Light of Ruin|p2b: Kingambit\n|-crit|p2b: Kingambit\n|-damage|p2b: Kingambit|0 fnt\n|faint|p2b: Kingambit\n|-damage|p1a: Floette|38/100|[from] Recoil\n|\n|upkeep\n|\n|t:|1775948590\n|switch|p2b: Maushold|Maushold-Four, L50|100/100\n|turn|2\n|\n|t:|1775948599\n|move|p2b: Maushold|Follow Me|p2b: Maushold\n|-singleturn|p2b: Maushold|move: Follow Me\n|move|p1a: Floette|Synthesis|p1a: Floette\n|-heal|p1a: Floette|87/100\n|move|p2a: Sneasler|Dire Claw|p1a: Floette\n|-supereffective|p1a: Floette|1\n|-damage|p1a: Floette|0 fnt\n|faint|p1a: Floette\n|move|p1b: Alakazam|Psychic|p2b: Maushold\n|-damage|p2b: Maushold|42/100\n|\n|upkeep\n|\n|t:|1775948614\n|switch|p1a: Sneasler|Sneasler, L50, M|100/100\n|turn|3\n|\n|t:|1775948639\n|switch|p2a: Charizard|Charizard, L50, F|100/100\n|move|p2b: Maushold|Protect|p2b: Maushold\n|-singleturn|p2b: Maushold|Protect\n|move|p1a: Sneasler|Fake Out|p2b: Maushold\n|-activate|p2b: Maushold|move: Protect\n|move|p1b: Alakazam|Psychic|p2a: Charizard\n|-damage|p2a: Charizard|62/100\n|\n|upkeep\n|turn|4\n|inactive|Bigbro2022 has 30 seconds left.\n|\n|t:|1775948669\n|detailschange|p2a: Charizard|Charizard-Mega-Y, L50, F\n|-mega|p2a: Charizard|Charizard|Charizardite Y\n|-weather|SunnyDay|[from] ability: Drought|[of] p2a: Charizard\n|move|p2b: Maushold|Follow Me|p2b: Maushold\n|-singleturn|p2b: Maushold|move: Follow Me\n|move|p1a: Sneasler|Dire Claw|p2b: Maushold\n|-damage|p2b: Maushold|0 fnt\n|faint|p2b: Maushold\n|move|p1b: Alakazam|Skill Swap|p2a: Charizard\n|-activate|p1b: Alakazam|Skill Swap|Drought|Magic Guard|[of] p2a: Charizard\n|move|p2a: Charizard|Heat Wave|p1a: Sneasler|[spread] p1a,p1b\n|-damage|p1a: Sneasler|29/100\n|-damage|p1b: Alakazam|7/100\n|\n|-weather|SunnyDay|[upkeep]\n|upkeep\n|\n|t:|1775948686\n|switch|p2b: Sneasler|Sneasler, L50, M|100/100\n|turn|5\n|\n|t:|1775948701\n|move|p2b: Sneasler|Fake Out|p1b: Alakazam\n|-damage|p1b: Alakazam|0 fnt\n|faint|p1b: Alakazam\n|move|p1a: Sneasler|Dire Claw|p2a: Charizard\n|-damage|p2a: Charizard|16/100\n|move|p2a: Charizard|Heat Wave|p1a: Sneasler\n|-damage|p1a: Sneasler|0 fnt\n|faint|p1a: Sneasler\n|\n|-weather|SunnyDay|[upkeep]\n|upkeep\n|\n|t:|1775948711\n|switch|p1b: Talonflame|Talonflame, L50, F|100/100\n|turn|6\n|\n|t:|1775948720\n|move|p2a: Charizard|Protect|p2a: Charizard\n|-singleturn|p2a: Charizard|Protect\n|move|p1b: Talonflame|Acrobatics|p2b: Sneasler\n|-supereffective|p2b: Sneasler|1\n|-damage|p2b: Sneasler|0 fnt\n|faint|p2b: Sneasler\n|\n|-weather|SunnyDay|[upkeep]\n|upkeep\n|turn|7\n|\n|t:|1775948728\n|move|p1b: Talonflame|Acrobatics|p2a: Charizard\n|-damage|p2a: Charizard|0 fnt\n|faint|p2a: Charizard\n|\n|win|Bigbro2022\n|raw|Bigbro2022's rating: 1000 &rarr; <strong>1045</strong><br />(+45 for winning)\n|raw|nosoypronomebioles's rating: 1047 &rarr; <strong>1028</strong><br />(-19 for losing)\n|c|\u2606Bigbro2022|gg\n",
  "uploadtime": 1775948738,
  "views": 14,
  "formatid": "gen9championsvgc2026regma",
  "rating": 1028,
  "private": 0,
  "password": null
}