{
  "id": "gen9championsvgc2026regma-2582895685",
  "format": "[Gen 9 Champions] VGC 2026 Reg M-A",
  "players": [
    "VenuzFz",
    "TurtlesAllTheWayUp"
  ],
  "log": "|j|\u2606VenuzFz\n|j|\u2606TurtlesAllTheWayUp\n|t:|1776122889\n|gametype|doubles\n|player|p1|VenuzFz|red|1301\n|player|p2|TurtlesAllTheWayUp|169|1349\n|gen|9\n|tier|[Gen 9 Champions] VGC 2026 Reg M-A\n|rated|\n|rule|Species Clause: Limit one of each Pok\u00e9mon\n|rule|Item Clause: Limit 1 of each item\n|clearpoke\n|poke|p1|Arcanine, L50, F|\n|poke|p1|Rotom-Wash, L50|\n|poke|p1|Garchomp, L50, F|\n|poke|p1|Gardevoir, L50, F|\n|poke|p1|Corviknight, L50, M|\n|poke|p1|Tyranitar, L50, M|\n|poke|p2|Blastoise, L50, F|\n|poke|p2|Torkoal, L50, F|\n|poke|p2|Torterra, L50, M|\n|poke|p2|Appletun, L50, F|\n|poke|p2|Avalugg, L50, F|\n|poke|p2|Slowking-Galar, L50, F|\n|teampreview|4\n|inactive|Battle timer is ON: inactive players will automatically lose when time's up. (requested by VenuzFz)\n|inactive|VenuzFz has 60 seconds left.\n|\n|t:|1776122928\n|teamsize|p1|4\n|teamsize|p2|4\n|start\n|switch|p1a: Gardevoir|Gardevoir, L50, F, shiny|100/100\n|switch|p1b: Rotom|Rotom-Wash, L50, shiny|100/100\n|switch|p2a: Blastoise|Blastoise, L50, F|100/100\n|switch|p2b: Slowking|Slowking-Galar, L50, F|100/100\n|turn|1\n|\n|t:|1776122945\n|detailschange|p2a: Blastoise|Blastoise-Mega, L50, F\n|-mega|p2a: Blastoise|Blastoise|Blastoisinite\n|detailschange|p1a: Gardevoir|Gardevoir-Mega, L50, F, shiny\n|-mega|p1a: Gardevoir|Gardevoir|Gardevoirite\n|move|p2a: Blastoise|Fake Out|p1b: Rotom\n|-crit|p1b: Rotom\n|-damage|p1b: Rotom|83/100\n|cant|p1b: Rotom|flinch\n|move|p1a: Gardevoir|Psyshock|p2b: Slowking\n|-damage|p2b: Slowking|60/100\n|move|p2b: Slowking|Trick Room|p2b: Slowking\n|-fieldstart|move: Trick Room|[of] p2b: Slowking\n|\n|upkeep\n|turn|2\n|\n|t:|1776122962\n|move|p1a: Gardevoir|Protect|p1a: Gardevoir\n|-singleturn|p1a: Gardevoir|Protect\n|move|p2b: Slowking|Sludge Bomb|p1a: Gardevoir\n|-activate|p1a: Gardevoir|move: Protect\n|move|p2a: Blastoise|Water Spout|p1a: Gardevoir|[spread] p1b\n|-activate|p1a: Gardevoir|move: Protect\n|-resisted|p1b: Rotom|1\n|-damage|p1b: Rotom|44/100\n|move|p1b: Rotom|Discharge|p2a: Blastoise|[spread] p2a,p2b\n|-activate|p1a: Gardevoir|move: Protect\n|-supereffective|p2a: Blastoise|1\n|-crit|p2b: Slowking\n|-damage|p2a: Blastoise|54/100\n|-damage|p2b: Slowking|31/100\n|\n|upkeep\n|turn|3\n|\n|t:|1776122982\n|switch|p1a: Tyranitar|Tyranitar, L50, M|100/100\n|-weather|Sandstorm|[from] ability: Sand Stream|[of] p1a: Tyranitar\n|move|p2b: Slowking|Sludge Bomb|p1a: Tyranitar\n|-resisted|p1a: Tyranitar|1\n|-damage|p1a: Tyranitar|90/100\n|move|p2a: Blastoise|Aura Sphere|p1b: Rotom\n|-damage|p1b: Rotom|0 fnt\n|faint|p1b: Rotom\n|\n|-weather|Sandstorm|[upkeep]\n|-damage|p2b: Slowking|25/100|[from] Sandstorm\n|-damage|p2a: Blastoise|48/100|[from] Sandstorm\n|upkeep\n|\n|t:|1776122994\n|switch|p1b: Gardevoir|Gardevoir-Mega, L50, F, shiny|100/100\n|turn|4\n|\n|t:|1776122999\n|switch|p2b: Torkoal|Torkoal, L50, F|100/100\n|-weather|SunnyDay|[from] ability: Drought|[of] p2b: Torkoal\n|move|p1a: Tyranitar|Protect|p1a: Tyranitar\n|-singleturn|p1a: Tyranitar|Protect\n|move|p2a: Blastoise|Aura Sphere|p1a: Tyranitar\n|-activate|p1a: Tyranitar|move: Protect\n|move|p1b: Gardevoir|Hyper Voice|p2b: Torkoal|[spread] p2a,p2b\n|-resisted|p2b: Torkoal|1\n|-damage|p2a: Blastoise|7/100\n|-damage|p2b: Torkoal|66/100\n|\n|-weather|SunnyDay|[upkeep]\n|upkeep\n|turn|5\n|\n|t:|1776123017\n|switch|p1a: Arcanine|Arcanine, L50, F, shiny|100/100\n|-ability|p1a: Arcanine|Intimidate|boost\n|-unboost|p2a: Blastoise|atk|1\n|-unboost|p2b: Torkoal|atk|1\n|move|p2b: Torkoal|Overheat|p1b: Gardevoir\n|-damage|p1b: Gardevoir|20/100\n|-unboost|p2b: Torkoal|spa|2\n|move|p2a: Blastoise|Aura Sphere|p1a: Arcanine\n|-damage|p1a: Arcanine|62/100\n|move|p1b: Gardevoir|Hyper Voice|p2a: Blastoise|[spread] p2a,p2b\n|-resisted|p2b: Torkoal|1\n|-damage|p2a: Blastoise|0 fnt\n|-damage|p2b: Torkoal|30/100\n|faint|p2a: Blastoise\n|\n|-weather|SunnyDay|[upkeep]\n|-fieldend|move: Trick Room\n|upkeep\n|inactive|TurtlesAllTheWayUp has 30 seconds left.\n|l|\u2606TurtlesAllTheWayUp\n|inactive|TurtlesAllTheWayUp disconnected and has a minute to reconnect!\n|player|p2|\n|j|\u2606TurtlesAllTheWayUp\n|inactive|TurtlesAllTheWayUp reconnected and has 30 seconds left.\n|player|p2|TurtlesAllTheWayUp|169|\n|\n|t:|1776123049\n|switch|p2a: Slowking|Slowking-Galar, L50, F|58/100\n|turn|6\n|\n|t:|1776123058\n|move|p2a: Slowking|Protect|p2a: Slowking\n|-singleturn|p2a: Slowking|Protect\n|move|p1a: Arcanine|Snarl|p2b: Torkoal|[spread] p2b\n|-activate|p2a: Slowking|move: Protect\n|-damage|p2b: Torkoal|19/100\n|-unboost|p2b: Torkoal|spa|1\n|move|p1b: Gardevoir|Hyper Voice|p2b: Torkoal|[spread] p2b\n|-activate|p2a: Slowking|move: Protect\n|-resisted|p2b: Torkoal|1\n|-damage|p2b: Torkoal|0 fnt\n|faint|p2b: Torkoal\n|\n|-weather|SunnyDay|[upkeep]\n|upkeep\n|\n|t:|1776123070\n|switch|p2b: Avalugg|Avalugg, L50, F|100/100\n|turn|7\n|\n|t:|1776123074\n|move|p2b: Avalugg|Wide Guard|p2b: Avalugg\n|-singleturn|p2b: Avalugg|Wide Guard\n|move|p1a: Arcanine|Snarl|p2a: Slowking|[spread] \n|-activate|p2a: Slowking|move: Wide Guard\n|-activate|p2b: Avalugg|move: Wide Guard\n|move|p1b: Gardevoir|Hyper Voice|p2a: Slowking|[spread] \n|-activate|p2a: Slowking|move: Wide Guard\n|-activate|p2b: Avalugg|move: Wide Guard\n|move|p2a: Slowking|Trick Room|p2a: Slowking\n|-fieldstart|move: Trick Room|[of] p2a: Slowking\n|\n|-weather|SunnyDay|[upkeep]\n|upkeep\n|turn|8\n|\n|t:|1776123089\n|move|p1b: Gardevoir|Protect|p1b: Gardevoir\n|-singleturn|p1b: Gardevoir|Protect\n|move|p2b: Avalugg|Body Press|p1a: Arcanine\n|-damage|p1a: Arcanine|25/100\n|-enditem|p1a: Arcanine|Sitrus Berry|[eat]\n|-heal|p1a: Arcanine|50/100|[from] item: Sitrus Berry\n|move|p2a: Slowking|Sludge Bomb|p1b: Gardevoir\n|-activate|p1b: Gardevoir|move: Protect\n|move|p1a: Arcanine|Will-O-Wisp|p2b: Avalugg\n|-status|p2b: Avalugg|brn\n|\n|-weather|none\n|-damage|p2b: Avalugg|95/100 brn|[from] brn\n|upkeep\n|turn|9\n|\n|t:|1776123106\n|switch|p1b: Tyranitar|Tyranitar, L50, M|90/100\n|-weather|Sandstorm|[from] ability: Sand Stream|[of] p1b: Tyranitar\n|move|p2b: Avalugg|Body Press|p1a: Arcanine\n|-damage|p1a: Arcanine|32/100\n|move|p2a: Slowking|Sludge Bomb|p1b: Tyranitar\n|-resisted|p1b: Tyranitar|1\n|-damage|p1b: Tyranitar|81/100\n|move|p1a: Arcanine|Snarl|p2b: Avalugg|[spread] p2a,p2b\n|-supereffective|p2a: Slowking|1\n|-enditem|p2a: Slowking|Colbur Berry|[eat]\n|-enditem|p2a: Slowking|Colbur Berry|[weaken]\n|-damage|p2a: Slowking|52/100\n|-damage|p2b: Avalugg|85/100 brn\n|-unboost|p2a: Slowking|spa|1\n|-unboost|p2b: Avalugg|spa|1\n|\n|-weather|Sandstorm|[upkeep]\n|-damage|p2b: Avalugg|79/100 brn|[from] Sandstorm\n|-damage|p2a: Slowking|47/100|[from] Sandstorm\n|-damage|p1a: Arcanine|26/100|[from] Sandstorm\n|-heal|p2b: Avalugg|85/100 brn|[from] item: Leftovers\n|-damage|p2b: Avalugg|79/100 brn|[from] brn\n|upkeep\n|turn|10\n|\n|t:|1776123128\n|move|p1b: Tyranitar|Protect|p1b: Tyranitar\n|-singleturn|p1b: Tyranitar|Protect\n|move|p2b: Avalugg|Body Press|p1b: Tyranitar\n|-activate|p1b: Tyranitar|move: Protect\n|move|p2a: Slowking|Sludge Bomb|p1a: Arcanine\n|-damage|p1a: Arcanine|5/100\n|-status|p1a: Arcanine|psn\n|move|p1a: Arcanine|Snarl|p2a: Slowking|[spread] p2a,p2b\n|-supereffective|p2a: Slowking|1\n|-damage|p2a: Slowking|35/100\n|-damage|p2b: Avalugg|68/100 brn\n|-unboost|p2a: Slowking|spa|1\n|-unboost|p2b: Avalugg|spa|1\n|\n|-weather|Sandstorm|[upkeep]\n|-damage|p2b: Avalugg|62/100 brn|[from] Sandstorm\n|-damage|p2a: Slowking|29/100|[from] Sandstorm\n|-damage|p1a: Arcanine|0 fnt|[from] Sandstorm\n|faint|p1a: Arcanine\n|-heal|p2b: Avalugg|68/100 brn|[from] item: Leftovers\n|-damage|p2b: Avalugg|62/100 brn|[from] brn\n|upkeep\n|\n|t:|1776123144\n|switch|p1a: Gardevoir|Gardevoir-Mega, L50, F, shiny|20/100\n|turn|11\n|\n|t:|1776123151\n|move|p1b: Tyranitar|Protect||[still]\n|-fail|p1b: Tyranitar\n|move|p1a: Gardevoir|Protect|p1a: Gardevoir\n|-singleturn|p1a: Gardevoir|Protect\n|move|p2b: Avalugg|Body Press|p1b: Tyranitar\n|-supereffective|p1b: Tyranitar|2\n|-enditem|p1b: Tyranitar|Chople Berry|[eat]\n|-enditem|p1b: Tyranitar|Chople Berry|[weaken]\n|-damage|p1b: Tyranitar|58/100\n|move|p2a: Slowking|Sludge Bomb|p1b: Tyranitar\n|-resisted|p1b: Tyranitar|1\n|-damage|p1b: Tyranitar|53/100\n|-status|p1b: Tyranitar|psn\n|\n|-weather|Sandstorm|[upkeep]\n|-damage|p2b: Avalugg|56/100 brn|[from] Sandstorm\n|-damage|p2a: Slowking|23/100|[from] Sandstorm\n|-damage|p1a: Gardevoir|14/100|[from] Sandstorm\n|-heal|p2b: Avalugg|62/100 brn|[from] item: Leftovers\n|-damage|p1b: Tyranitar|41/100 psn|[from] psn\n|-damage|p2b: Avalugg|56/100 brn|[from] brn\n|-fieldend|move: Trick Room\n|upkeep\n|turn|12\n|inactive|TurtlesAllTheWayUp has 30 seconds left.\n|\n|t:|1776123182\n|move|p2a: Slowking|Protect|p2a: Slowking\n|-singleturn|p2a: Slowking|Protect\n|move|p1a: Gardevoir|Hyper Voice|p2a: Slowking|[spread] p2b\n|-activate|p2a: Slowking|move: Protect\n|-damage|p2b: Avalugg|0 fnt\n|faint|p2b: Avalugg\n|move|p1b: Tyranitar|Knock Off|p2a: Slowking\n|-activate|p2a: Slowking|move: Protect\n|\n|-weather|Sandstorm|[upkeep]\n|-damage|p1a: Gardevoir|8/100|[from] Sandstorm\n|-damage|p2a: Slowking|17/100|[from] Sandstorm\n|-damage|p1b: Tyranitar|29/100 psn|[from] psn\n|upkeep\n|turn|13\n|\n|t:|1776123198\n|move|p2a: Slowking|Protect||[still]\n|-fail|p2a: Slowking\n|move|p1a: Gardevoir|Psyshock|p2a: Slowking\n|-crit|p2a: Slowking\n|-damage|p2a: Slowking|0 fnt\n|faint|p2a: Slowking\n|\n|win|VenuzFz\n|raw|VenuzFz's rating: 1301 &rarr; <strong>1324</strong><br />(+23 for winning)\n|raw|TurtlesAllTheWayUp's rating: 1349 &rarr; <strong>1326</strong><br />(-23 for losing)\n|l|\u2606TurtlesAllTheWayUp\n|player|p2|\n",
  "uploadtime": 1776123256,
  "views": 31,
  "formatid": "gen9championsvgc2026regma",
  "rating": 1324,
  "private": 0,
  "password": null
}