{
  "id": "gen9championsvgc2026regma-2585147887",
  "format": "[Gen 9 Champions] VGC 2026 Reg M-A",
  "players": [
    "Jmoneyzzzzz",
    "JayMicked"
  ],
  "log": "|j|\u2606Jmoneyzzzzz\n|j|\u2606JayMicked\n|t:|1776317635\n|gametype|doubles\n|player|p1|Jmoneyzzzzz|170|1112\n|player|p2|JayMicked|steven|1109\n|gen|9\n|tier|[Gen 9 Champions] VGC 2026 Reg M-A\n|rated|\n|rule|Species Clause: Limit one of each Pok\u00e9mon\n|rule|Item Clause: Limit 1 of each item\n|clearpoke\n|poke|p1|Hatterene, L50, F|\n|poke|p1|Oranguru, L50, F|\n|poke|p1|Golurk, L50|\n|poke|p1|Hydreigon, L50, F|\n|poke|p1|Araquanid, L50, M|\n|poke|p1|Drampa, L50, F|\n|poke|p2|Archaludon, L50, F|\n|poke|p2|Incineroar, L50, F|\n|poke|p2|Sinistcha, L50|\n|poke|p2|Meganium, L50, M|\n|poke|p2|Pelipper, L50, F|\n|poke|p2|Floette-Eternal, L50, F|\n|teampreview|4\n|\n|t:|1776317658\n|teamsize|p1|4\n|teamsize|p2|4\n|start\n|switch|p1a: Hatterene|Hatterene, L50, F|100/100\n|switch|p1b: Oranguru|Oranguru, L50, F|100/100\n|switch|p2a: Pelipper|Pelipper, L50, F|100/100\n|switch|p2b: Archaludon|Archaludon, L50, F|100/100\n|-weather|RainDance|[from] ability: Drizzle|[of] p2a: Pelipper\n|turn|1\n|inactive|Battle timer is ON: inactive players will automatically lose when time's up. (requested by JayMicked)\n|inactive|Jmoneyzzzzz has 60 seconds left.\n|\n|t:|1776317690\n|move|p1a: Hatterene|Protect|p1a: Hatterene\n|-singleturn|p1a: Hatterene|Protect\n|move|p2b: Archaludon|Electro Shot||[still]\n|-prepare|p2b: Archaludon|Electro Shot\n|-boost|p2b: Archaludon|spa|1\n|-anim|p2b: Archaludon|Electro Shot|p1a: Hatterene\n|-activate|p1a: Hatterene|move: Protect\n|move|p2a: Pelipper|Hurricane|p1b: Oranguru\n|-damage|p1b: Oranguru|65/100\n|-start|p1b: Oranguru|confusion\n|-activate|p1b: Oranguru|confusion\n|move|p1b: Oranguru|Trick Room|p1b: Oranguru\n|-fieldstart|move: Trick Room|[of] p1b: Oranguru\n|\n|-weather|RainDance|[upkeep]\n|upkeep\n|turn|2\n|\n|t:|1776317708\n|move|p1a: Hatterene|Dazzling Gleam|p2b: Archaludon|[spread] p2a,p2b\n|-damage|p2a: Pelipper|42/100\n|-damage|p2b: Archaludon|51/100\n|-ability|p2b: Archaludon|Stamina|boost\n|-boost|p2b: Archaludon|def|1\n|-activate|p1b: Oranguru|confusion\n|-damage|p1b: Oranguru|59/100|[from] confusion\n|move|p2a: Pelipper|Hurricane|p1b: Oranguru\n|-damage|p1b: Oranguru|21/100\n|move|p2b: Archaludon|Electro Shot||[still]\n|-prepare|p2b: Archaludon|Electro Shot\n|-boost|p2b: Archaludon|spa|1\n|-anim|p2b: Archaludon|Electro Shot|p1b: Oranguru\n|-damage|p1b: Oranguru|0 fnt\n|faint|p1b: Oranguru\n|\n|-weather|RainDance|[upkeep]\n|upkeep\n|\n|t:|1776317717\n|switch|p1b: Golurk|Golurk, L50|100/100\n|turn|3\n|inactive|Jmoneyzzzzz has 30 seconds left.\n|inactive|Jmoneyzzzzz has 20 seconds left.\n|\n|t:|1776317756\n|detailschange|p1b: Golurk|Golurk-Mega, L50\n|-mega|p1b: Golurk|Golurk|Golurkite\n|move|p1a: Hatterene|Dazzling Gleam|p2a: Pelipper|[spread] p2a,p2b\n|-crit|p2b: Archaludon\n|-damage|p2a: Pelipper|0 fnt\n|-damage|p2b: Archaludon|0 fnt\n|faint|p2a: Pelipper\n|faint|p2b: Archaludon\n|move|p1b: Golurk|Headlong Rush|p2: Pelipper|[notarget]\n|-fail|p1b: Golurk\n|\n|-weather|RainDance|[upkeep]\n|upkeep\n|\n|t:|1776317762\n|switch|p2a: Meganium|Meganium, L50, M|100/100\n|switch|p2b: Sinistcha|Sinistcha, L50|100/100\n|turn|4\n|\n|t:|1776317778\n|detailschange|p2a: Meganium|Meganium-Mega, L50, M\n|-mega|p2a: Meganium|Meganium|Meganiumite\n|move|p1a: Hatterene|Dazzling Gleam|p2a: Meganium|[spread] p2a,p2b\n|-damage|p2a: Meganium|62/100\n|-damage|p2b: Sinistcha|56/100\n|move|p1b: Golurk|Headlong Rush|p2a: Meganium\n|-resisted|p2a: Meganium|1\n|-damage|p2a: Meganium|25/100\n|-unboost|p1b: Golurk|def|1\n|-unboost|p1b: Golurk|spd|1\n|move|p2b: Sinistcha|Matcha Gotcha|p1b: Golurk|[spread] p1a,p1b\n|-supereffective|p1b: Golurk|1\n|-crit|p1b: Golurk\n|-damage|p1a: Hatterene|76/100\n|-heal|p2b: Sinistcha|69/100|[from] drain|[of] p1a: Hatterene\n|-damage|p1b: Golurk|3/100\n|-heal|p2b: Sinistcha|100/100|[from] drain|[of] p1b: Golurk\n|move|p2a: Meganium|Solar Beam||[still]\n|-prepare|p2a: Meganium|Solar Beam\n|-activate|p2a: Meganium|ability: Mega Sol\n|-anim|p2a: Meganium|Solar Beam|p1b: Golurk\n|-supereffective|p1b: Golurk|1\n|-damage|p1b: Golurk|0 fnt\n|faint|p1b: Golurk\n|\n|-weather|RainDance|[upkeep]\n|upkeep\n|\n|t:|1776317786\n|switch|p1b: Araquanid|Araquanid, L50, M|100/100\n|turn|5\n|inactive|Jmoneyzzzzz has 30 seconds left.\n|inactive|Jmoneyzzzzz has 20 seconds left.\n|\n|t:|1776317822\n|move|p1a: Hatterene|Dazzling Gleam|p2b: Sinistcha|[spread] p2a,p2b\n|-damage|p2a: Meganium|0 fnt\n|-damage|p2b: Sinistcha|58/100\n|faint|p2a: Meganium\n|move|p1b: Araquanid|Surf|p2b: Sinistcha|[spread] p1a,p2b\n|-resisted|p2b: Sinistcha|1\n|-damage|p1a: Hatterene|0 fnt\n|-damage|p2b: Sinistcha|13/100\n|faint|p1a: Hatterene\n|move|p2b: Sinistcha|Life Dew|p2b: Sinistcha\n|-heal|p2b: Sinistcha|38/100\n|\n|-weather|none\n|-fieldend|move: Trick Room\n|upkeep\n|turn|6\n|\n|t:|1776317836\n|move|p2b: Sinistcha|Matcha Gotcha|p1b: Araquanid\n|-damage|p1b: Araquanid|72/100\n|-heal|p2b: Sinistcha|55/100|[from] drain|[of] p1b: Araquanid\n|move|p1b: Araquanid|Surf|p2b: Sinistcha\n|-resisted|p2b: Sinistcha|1\n|-damage|p2b: Sinistcha|19/100\n|\n|upkeep\n|turn|7\n|\n|t:|1776317846\n|move|p2b: Sinistcha|Life Dew|p2b: Sinistcha\n|-heal|p2b: Sinistcha|44/100\n|move|p1b: Araquanid|Surf|p2b: Sinistcha\n|-resisted|p2b: Sinistcha|1\n|-damage|p2b: Sinistcha|8/100\n|\n|upkeep\n|turn|8\n|\n|t:|1776317852\n|move|p2b: Sinistcha|Matcha Gotcha|p1b: Araquanid\n|-damage|p1b: Araquanid|46/100\n|-heal|p2b: Sinistcha|23/100|[from] drain|[of] p1b: Araquanid\n|move|p1b: Araquanid|Surf|p2b: Sinistcha\n|-resisted|p2b: Sinistcha|1\n|-damage|p2b: Sinistcha|0 fnt\n|faint|p2b: Sinistcha\n|\n|win|Jmoneyzzzzz\n|raw|Jmoneyzzzzz's rating: 1112 &rarr; <strong>1137</strong><br />(+25 for winning)\n|raw|JayMicked's rating: 1109 &rarr; <strong>1084</strong><br />(-25 for losing)\n|l|\u2606JayMicked\n|player|p2|\n",
  "uploadtime": 1776317864,
  "views": 20,
  "formatid": "gen9championsvgc2026regma",
  "rating": 1084,
  "private": 0,
  "password": null
}