{
  "id": "gen9championsvgc2026regma-2588574677",
  "format": "[Gen 9 Champions] VGC 2026 Reg M-A",
  "players": [
    "Johten",
    "skdkilla"
  ],
  "log": "|j|\u2606Johten\n|j|\u2606skdkilla\n|t:|1776646431\n|gametype|doubles\n|player|p1|Johten|veteran|1210\n|player|p2|skdkilla|169|1122\n|gen|9\n|tier|[Gen 9 Champions] VGC 2026 Reg M-A\n|rated|\n|rule|Species Clause: Limit one of each Pok\u00e9mon\n|rule|Item Clause: Limit 1 of each item\n|clearpoke\n|poke|p1|Talonflame, L50, M|\n|poke|p1|Milotic, L50, F|\n|poke|p1|Farigiraf, L50, M|\n|poke|p1|Heliolisk, L50, M|\n|poke|p1|Gardevoir, L50, F|\n|poke|p1|Delphox, L50, F|\n|poke|p2|Incineroar, L50, M|\n|poke|p2|Sneasler, L50, F|\n|poke|p2|Archaludon, L50, M|\n|poke|p2|Politoed, L50, M|\n|poke|p2|Basculegion, L50, M|\n|poke|p2|Meganium, L50, F|\n|teampreview|4\n|inactive|Battle timer is ON: inactive players will automatically lose when time's up. (requested by skdkilla)\n|inactive|Johten also wants the timer to be on.\n|inactive|Johten has 60 seconds left.\n|\n|t:|1776646466\n|teamsize|p1|4\n|teamsize|p2|4\n|start\n|switch|p1a: Talonflame|Talonflame, L50, M|100/100\n|switch|p1b: Gardevoir|Gardevoir, L50, F|100/100\n|switch|p2a: Sneasler|Sneasler, L50, F|100/100\n|switch|p2b: Politoed|Politoed, L50, M|100/100\n|-weather|RainDance|[from] ability: Drizzle|[of] p2b: Politoed\n|turn|1\n|inactive|Johten has 30 seconds left.\n|\n|t:|1776646494\n|move|p1a: Talonflame|Protect|p1a: Talonflame\n|-singleturn|p1a: Talonflame|Protect\n|move|p1b: Gardevoir|Protect|p1b: Gardevoir\n|-singleturn|p1b: Gardevoir|Protect\n|move|p2a: Sneasler|Fake Out|p1a: Talonflame\n|-activate|p1a: Talonflame|move: Protect\n|move|p2b: Politoed|Hydro Pump|p1a: Talonflame\n|-activate|p1a: Talonflame|move: Protect\n|\n|-weather|RainDance|[upkeep]\n|upkeep\n|turn|2\n|\n|t:|1776646519\n|detailschange|p1b: Gardevoir|Gardevoir-Mega, L50, F\n|-mega|p1b: Gardevoir|Gardevoir|Gardevoirite\n|move|p1a: Talonflame|Dual Wingbeat|p2a: Sneasler\n|-supereffective|p2a: Sneasler|1\n|-damage|p2a: Sneasler|30/100\n|-supereffective|p2a: Sneasler|1\n|-damage|p2a: Sneasler|0 fnt\n|faint|p2a: Sneasler\n|-hitcount|p2: Sneasler|2\n|move|p1b: Gardevoir|Moonblast|p2b: Politoed\n|-damage|p2b: Politoed|59/100\n|move|p2b: Politoed|Hydro Pump|p1b: Gardevoir|[miss]\n|-miss|p2b: Politoed|p1b: Gardevoir\n|\n|-weather|RainDance|[upkeep]\n|upkeep\n|\n|t:|1776646533\n|switch|p2a: Basculegion|Basculegion, L50, M|100/100\n|turn|3\n|\n|t:|1776646543\n|switch|p2b: Archaludon|Archaludon, L50, M|100/100\n|move|p1b: Gardevoir|Protect|p1b: Gardevoir\n|-singleturn|p1b: Gardevoir|Protect\n|move|p1a: Talonflame|Tailwind|p1a: Talonflame\n|-sidestart|p1: Johten|move: Tailwind\n|move|p2a: Basculegion|Last Respects|p1b: Gardevoir\n|-activate|p1b: Gardevoir|move: Protect\n|\n|-weather|RainDance|[upkeep]\n|upkeep\n|turn|4\n|\n|t:|1776646559\n|move|p1a: Talonflame|Dual Wingbeat|p2a: Basculegion\n|-damage|p2a: Basculegion|75/100\n|-damage|p2a: Basculegion|50/100\n|-hitcount|p2a: Basculegion|2\n|move|p2a: Basculegion|Last Respects|p1b: Gardevoir\n|-supereffective|p1b: Gardevoir|1\n|-damage|p1b: Gardevoir|0 fnt\n|faint|p1b: Gardevoir\n|move|p2b: Archaludon|Electro Shot||[still]\n|-prepare|p2b: Archaludon|Electro Shot\n|-boost|p2b: Archaludon|spa|1\n|-anim|p2b: Archaludon|Electro Shot|p1a: Talonflame\n|-supereffective|p1a: Talonflame|1\n|-damage|p1a: Talonflame|0 fnt\n|faint|p1a: Talonflame\n|\n|-weather|RainDance|[upkeep]\n|upkeep\n|\n|t:|1776646573\n|switch|p1a: Farigiraf|Farigiraf, L50, M|100/100\n|switch|p1b: Heliolisk|Heliolisk, L50, M|100/100\n|turn|5\n|\n|t:|1776646596\n|switch|p2a: Politoed|Politoed, L50, M|59/100\n|move|p1b: Heliolisk|Eerie Impulse|p2b: Archaludon\n|-unboost|p2b: Archaludon|spa|2\n|move|p1a: Farigiraf|Twin Beam|p2b: Archaludon\n|-resisted|p2b: Archaludon|1\n|-damage|p2b: Archaludon|87/100\n|-ability|p2b: Archaludon|Stamina|boost\n|-boost|p2b: Archaludon|def|1\n|-resisted|p2b: Archaludon|1\n|-damage|p2b: Archaludon|74/100\n|-ability|p2b: Archaludon|Stamina|boost\n|-boost|p2b: Archaludon|def|1\n|-hitcount|p2b: Archaludon|2\n|move|p2b: Archaludon|Electro Shot||[still]\n|-prepare|p2b: Archaludon|Electro Shot\n|-boost|p2b: Archaludon|spa|1\n|-anim|p2b: Archaludon|Electro Shot|p1a: Farigiraf\n|-damage|p1a: Farigiraf|46/100\n|\n|-weather|none\n|upkeep\n|turn|6\n|inactive|Johten has 30 seconds left.\n|inactive|skdkilla has 30 seconds left.\n|inactive|Johten has 20 seconds left.\n|inactive|Johten has 15 seconds left.\n|inactive|Johten has 10 seconds left.\n|\n|t:|1776646643\n|move|p1b: Heliolisk|Eerie Impulse|p2b: Archaludon\n|-unboost|p2b: Archaludon|spa|2\n|move|p1a: Farigiraf|Twin Beam|p2b: Archaludon\n|-resisted|p2b: Archaludon|1\n|-damage|p2b: Archaludon|62/100\n|-ability|p2b: Archaludon|Stamina|boost\n|-boost|p2b: Archaludon|def|1\n|-resisted|p2b: Archaludon|1\n|-damage|p2b: Archaludon|49/100\n|-ability|p2b: Archaludon|Stamina|boost\n|-boost|p2b: Archaludon|def|1\n|-hitcount|p2b: Archaludon|2\n|move|p2b: Archaludon|Flash Cannon|p1a: Farigiraf\n|-damage|p1a: Farigiraf|26/100\n|move|p2a: Politoed|Earth Power|p1b: Heliolisk\n|-supereffective|p1b: Heliolisk|1\n|-damage|p1b: Heliolisk|54/100\n|\n|-sideend|p1: Johten|move: Tailwind\n|upkeep\n|turn|7\n|inactive|skdkilla has 30 seconds left.\n|\n|t:|1776646672\n|switch|p2a: Basculegion|Basculegion, L50, M|50/100\n|move|p1b: Heliolisk|Volt Switch|p2a: Basculegion\n|-supereffective|p2a: Basculegion|1\n|-damage|p2a: Basculegion|0 fnt\n|faint|p2a: Basculegion\n|move|p2b: Archaludon|Flash Cannon|p1a: Farigiraf\n|-damage|p1a: Farigiraf|7/100\n|move|p1a: Farigiraf|Twin Beam|p2b: Archaludon\n|-resisted|p2b: Archaludon|1\n|-damage|p2b: Archaludon|37/100\n|-ability|p2b: Archaludon|Stamina|boost\n|-boost|p2b: Archaludon|def|1\n|-resisted|p2b: Archaludon|1\n|-damage|p2b: Archaludon|24/100\n|-ability|p2b: Archaludon|Stamina|boost\n|-boost|p2b: Archaludon|def|1\n|-hitcount|p2b: Archaludon|2\n|\n|upkeep\n|\n|t:|1776646687\n|switch|p2a: Politoed|Politoed, L50, M|59/100\n|-weather|RainDance|[from] ability: Drizzle|[of] p2a: Politoed\n|turn|8\n|\n|t:|1776646699\n|move|p1b: Heliolisk|Volt Switch|p2a: Politoed\n|-supereffective|p2a: Politoed|1\n|-damage|p2a: Politoed|28/100\n|move|p2b: Archaludon|Electro Shot||[still]\n|-prepare|p2b: Archaludon|Electro Shot\n|-boost|p2b: Archaludon|spa|1\n|-anim|p2b: Archaludon|Electro Shot|p1a: Farigiraf\n|-damage|p1a: Farigiraf|0 fnt\n|faint|p1a: Farigiraf\n|move|p2a: Politoed|Earth Power|p1b: Heliolisk\n|-supereffective|p1b: Heliolisk|1\n|-damage|p1b: Heliolisk|12/100\n|-enditem|p1b: Heliolisk|Sitrus Berry|[eat]\n|-heal|p1b: Heliolisk|37/100|[from] item: Sitrus Berry\n|\n|-weather|RainDance|[upkeep]\n|-heal|p1b: Heliolisk|49/100|[from] ability: Dry Skin\n|upkeep\n|turn|9\n|\n|t:|1776646721\n|move|p1b: Heliolisk|Protect|p1b: Heliolisk\n|-singleturn|p1b: Heliolisk|Protect\n|move|p2b: Archaludon|Electro Shot||[still]\n|-prepare|p2b: Archaludon|Electro Shot\n|-boost|p2b: Archaludon|spa|1\n|-anim|p2b: Archaludon|Electro Shot|p1b: Heliolisk\n|-activate|p1b: Heliolisk|move: Protect\n|move|p2a: Politoed|Earth Power|p1b: Heliolisk\n|-activate|p1b: Heliolisk|move: Protect\n|\n|-weather|RainDance|[upkeep]\n|-heal|p1b: Heliolisk|62/100|[from] ability: Dry Skin\n|upkeep\n|turn|10\n|\n|t:|1776646744\n|move|p1b: Heliolisk|Volt Switch|p2a: Politoed\n|-supereffective|p2a: Politoed|1\n|-damage|p2a: Politoed|0 fnt\n|faint|p2a: Politoed\n|move|p2b: Archaludon|Electro Shot||[still]\n|-prepare|p2b: Archaludon|Electro Shot\n|-boost|p2b: Archaludon|spa|1\n|-anim|p2b: Archaludon|Electro Shot|p1b: Heliolisk\n|-resisted|p1b: Heliolisk|1\n|-damage|p1b: Heliolisk|8/100\n|\n|-weather|RainDance|[upkeep]\n|-heal|p1b: Heliolisk|20/100|[from] ability: Dry Skin\n|upkeep\n|turn|11\n|\n|t:|1776646756\n|move|p1b: Heliolisk|Volt Switch|p2b: Archaludon\n|-resisted|p2b: Archaludon|1\n|-damage|p2b: Archaludon|3/100\n|move|p2b: Archaludon|Electro Shot||[still]\n|-prepare|p2b: Archaludon|Electro Shot\n|-boost|p2b: Archaludon|spa|1\n|-anim|p2b: Archaludon|Electro Shot|p1b: Heliolisk\n|-resisted|p1b: Heliolisk|1\n|-damage|p1b: Heliolisk|0 fnt\n|faint|p1b: Heliolisk\n|\n|win|skdkilla\n|raw|Johten's rating: 1210 &rarr; <strong>1179</strong><br />(-31 for losing)\n|raw|skdkilla's rating: 1122 &rarr; <strong>1153</strong><br />(+31 for winning)\n|l|\u2606skdkilla\n|player|p2|\n",
  "uploadtime": 1776646772,
  "views": 15,
  "formatid": "gen9championsvgc2026regma",
  "rating": 1153,
  "private": 0,
  "password": null
}