{
  "id": "gen9championsvgc2026regma-2586350482",
  "format": "[Gen 9 Champions] VGC 2026 Reg M-A",
  "players": [
    "TheStrategys",
    "KennarDH"
  ],
  "log": "|j|\u2606TheStrategys\n|j|\u2606KennarDH\n|t:|1776427817\n|gametype|doubles\n|player|p1|TheStrategys|170|1194\n|player|p2|KennarDH|rocketgruntf|1258\n|gen|9\n|tier|[Gen 9 Champions] VGC 2026 Reg M-A\n|rated|\n|rule|Species Clause: Limit one of each Pok\u00e9mon\n|rule|Item Clause: Limit 1 of each item\n|clearpoke\n|poke|p1|Charizard, L50, M|\n|poke|p1|Venusaur, L50, M|\n|poke|p1|Garchomp, L50, F|\n|poke|p1|Rotom-Wash, L50|\n|poke|p1|Sneasler, L50, F|\n|poke|p1|Incineroar, L50, M|\n|poke|p2|Farigiraf, L50, M|\n|poke|p2|Blastoise, L50, M|\n|poke|p2|Torkoal, L50, M|\n|poke|p2|Crabominable, L50, M|\n|poke|p2|Alakazam, L50, M|\n|poke|p2|Sinistcha, L50|\n|teampreview|4\n|inactive|Battle timer is ON: inactive players will automatically lose when time's up. (requested by TheStrategys)\n|inactive|TheStrategys has 60 seconds left.\n|inactive|KennarDH has 60 seconds left.\n|\n|t:|1776427852\n|teamsize|p1|4\n|teamsize|p2|4\n|start\n|switch|p1a: Charizard|Charizard, L50, M, shiny|100/100\n|switch|p1b: Venusaur|Venusaur, L50, M, shiny|100/100\n|switch|p2a: Farigiraf|Farigiraf, L50, M|100/100\n|switch|p2b: Blastoise|Blastoise, L50, M|100/100\n|turn|1\n|inactive|TheStrategys has 30 seconds left.\n|\n|t:|1776427878\n|detailschange|p1a: Charizard|Charizard-Mega-Y, L50, M, shiny\n|-mega|p1a: Charizard|Charizard|Charizardite Y\n|-weather|SunnyDay|[from] ability: Drought|[of] p1a: Charizard\n|move|p2b: Blastoise|Fake Out|p1b: Venusaur\n|-damage|p1b: Venusaur|90/100\n|cant|p1b: Venusaur|flinch\n|move|p1a: Charizard|Solar Beam||[still]\n|-prepare|p1a: Charizard|Solar Beam\n|-anim|p1a: Charizard|Solar Beam|p2b: Blastoise\n|-supereffective|p2b: Blastoise|1\n|-damage|p2b: Blastoise|14/100\n|move|p2a: Farigiraf|Trick Room|p2a: Farigiraf\n|-fieldstart|move: Trick Room|[of] p2a: Farigiraf\n|\n|-weather|SunnyDay|[upkeep]\n|upkeep\n|turn|2\n|\n|t:|1776427897\n|move|p1a: Charizard|Protect|p1a: Charizard\n|-singleturn|p1a: Charizard|Protect\n|move|p2a: Farigiraf|Twin Beam|p1b: Venusaur\n|-supereffective|p1b: Venusaur|1\n|-damage|p1b: Venusaur|51/100\n|-supereffective|p1b: Venusaur|1\n|-damage|p1b: Venusaur|15/100\n|-hitcount|p1b: Venusaur|2\n|move|p2b: Blastoise|Ice Beam|p1b: Venusaur\n|-supereffective|p1b: Venusaur|1\n|-damage|p1b: Venusaur|0 fnt\n|faint|p1b: Venusaur\n|\n|-weather|SunnyDay|[upkeep]\n|upkeep\n|\n|t:|1776427913\n|switch|p1b: Rotom|Rotom-Wash, L50, shiny|100/100\n|turn|3\n|\n|t:|1776427926\n|detailschange|p2b: Blastoise|Blastoise-Mega, L50, M\n|-mega|p2b: Blastoise|Blastoise|Blastoisinite\n|move|p2a: Farigiraf|Hyper Voice|p1a: Charizard|[spread] p1a,p1b\n|-damage|p1a: Charizard|71/100\n|-damage|p1b: Rotom|70/100\n|move|p2b: Blastoise|Dark Pulse|p1b: Rotom\n|-damage|p1b: Rotom|23/100\n|move|p1b: Rotom|Hydro Pump|p2a: Farigiraf\n|-damage|p2a: Farigiraf|79/100\n|move|p1a: Charizard|Heat Wave|p2b: Blastoise|[spread] p2a,p2b\n|-resisted|p2b: Blastoise|1\n|-damage|p2a: Farigiraf|25/100\n|-damage|p2b: Blastoise|0 fnt\n|faint|p2b: Blastoise\n|\n|-weather|SunnyDay|[upkeep]\n|-heal|p1b: Rotom|29/100|[from] item: Leftovers\n|upkeep\n|\n|t:|1776427940\n|switch|p2b: Torkoal|Torkoal, L50, M|100/100\n|turn|4\n|\n|t:|1776427952\n|move|p2a: Farigiraf|Helping Hand|p2b: Torkoal\n|-singleturn|p2b: Torkoal|Helping Hand|[of] p2a: Farigiraf\n|move|p1b: Rotom|Protect|p1b: Rotom\n|-singleturn|p1b: Rotom|Protect\n|move|p1a: Charizard|Protect|p1a: Charizard\n|-singleturn|p1a: Charizard|Protect\n|move|p2b: Torkoal|Eruption|p1a: Charizard|[spread] \n|-activate|p1a: Charizard|move: Protect\n|-activate|p1b: Rotom|move: Protect\n|\n|-weather|SunnyDay|[upkeep]\n|-heal|p1b: Rotom|35/100|[from] item: Leftovers\n|upkeep\n|turn|5\n|\n|t:|1776427975\n|move|p2a: Farigiraf|Helping Hand|p2b: Torkoal\n|-singleturn|p2b: Torkoal|Helping Hand|[of] p2a: Farigiraf\n|move|p2b: Torkoal|Eruption|p1b: Rotom|[spread] p1a,p1b\n|-resisted|p1a: Charizard|1\n|-resisted|p1b: Rotom|1\n|-crit|p1b: Rotom\n|-damage|p1a: Charizard|11/100\n|-damage|p1b: Rotom|0 fnt\n|faint|p1b: Rotom\n|move|p1a: Charizard|Heat Wave|p2b: Torkoal|[spread] p2a,p2b\n|-resisted|p2b: Torkoal|1\n|-damage|p2a: Farigiraf|0 fnt\n|-damage|p2b: Torkoal|61/100\n|faint|p2a: Farigiraf\n|\n|-weather|none\n|-fieldend|move: Trick Room\n|upkeep\n|\n|t:|1776427987\n|switch|p1b: Sneasler|Sneasler, L50, F, shiny|100/100\n|switch|p2a: Alakazam|Alakazam, L50, M|100/100\n|turn|6\n|\n|t:|1776427997\n|move|p2a: Alakazam|Protect|p2a: Alakazam\n|-singleturn|p2a: Alakazam|Protect\n|move|p2b: Torkoal|Protect|p2b: Torkoal\n|-singleturn|p2b: Torkoal|Protect\n|move|p1b: Sneasler|Fake Out|p2a: Alakazam\n|-activate|p2a: Alakazam|move: Protect\n|move|p1a: Charizard|Heat Wave|p2a: Alakazam|[spread] \n|-activate|p2a: Alakazam|move: Protect\n|-activate|p2b: Torkoal|move: Protect\n|\n|upkeep\n|turn|7\n|\n|t:|1776428012\n|move|p2a: Alakazam|Psychic|p1a: Charizard\n|-damage|p1a: Charizard|0 fnt\n|faint|p1a: Charizard\n|move|p1b: Sneasler|Rock Tomb|p2b: Torkoal\n|-supereffective|p2b: Torkoal|1\n|-damage|p2b: Torkoal|30/100\n|-unboost|p2b: Torkoal|spe|1\n|move|p2b: Torkoal|Eruption|p1b: Sneasler\n|-damage|p1b: Sneasler|70/100\n|\n|upkeep\n|turn|8\n|\n|t:|1776428026\n|move|p2a: Alakazam|Psychic|p1b: Sneasler\n|-supereffective|p1b: Sneasler|2\n|-damage|p1b: Sneasler|0 fnt\n|faint|p1b: Sneasler\n|\n|win|KennarDH\n|raw|TheStrategys's rating: 1194 &rarr; <strong>1174</strong><br />(-20 for losing)\n|raw|KennarDH's rating: 1258 &rarr; <strong>1278</strong><br />(+20 for winning)\n|l|\u2606TheStrategys\n|player|p1|\n",
  "uploadtime": 1776428043,
  "views": 37,
  "formatid": "gen9championsvgc2026regma",
  "rating": 1174,
  "private": 0,
  "password": null
}