{
  "id": "gen9championsvgc2026regma-2588706078",
  "format": "[Gen 9 Champions] VGC 2026 Reg M-A",
  "players": [
    "JoJosWasabi",
    "allbinno"
  ],
  "log": "|j|\u2606JoJosWasabi\n|j|\u2606allbinno\n|t:|1776660002\n|gametype|doubles\n|player|p1|JoJosWasabi|169|1117\n|player|p2|allbinno|volkner|1151\n|gen|9\n|tier|[Gen 9 Champions] VGC 2026 Reg M-A\n|rated|\n|rule|Species Clause: Limit one of each Pok\u00e9mon\n|rule|Item Clause: Limit 1 of each item\n|clearpoke\n|poke|p1|Aerodactyl, L50, F|\n|poke|p1|Kangaskhan, L50, F|\n|poke|p1|Torkoal, L50, M|\n|poke|p1|Incineroar, L50, F|\n|poke|p1|Gallade, L50, M|\n|poke|p1|Gengar, L50, M|\n|poke|p2|Incineroar, L50, F, shiny|\n|poke|p2|Gengar, L50, M, shiny|\n|poke|p2|Politoed, L50, F, shiny|\n|poke|p2|Whimsicott, L50, M, shiny|\n|poke|p2|Farigiraf, L50, F, shiny|\n|poke|p2|Kleavor, L50, M|\n|teampreview|4\nallbinno rejected open team sheets.\n|\n|t:|1776660020\n|teamsize|p1|4\n|teamsize|p2|4\n|start\n|switch|p1a: Gallade|Gallade, L50, M|100/100\n|switch|p1b: Incineroar|Incineroar, L50, F|100/100\n|switch|p2a: Kleavor|Kleavor, L50, M|100/100\n|switch|p2b: Incineroar|Incineroar, L50, F, shiny|100/100\n|-ability|p1b: Incineroar|Intimidate|boost\n|-unboost|p2a: Kleavor|atk|1\n|-unboost|p2b: Incineroar|atk|1\n|-ability|p2b: Incineroar|Intimidate|boost\n|-unboost|p1a: Gallade|atk|1\n|-unboost|p1b: Incineroar|atk|1\n|-enditem|p1a: Gallade|White Herb\n|-clearnegativeboost|p1a: Gallade|[silent]\n|turn|1\n|\n|t:|1776660046\n|switch|p2a: Gengar|Gengar, L50, M, shiny|100/100\n|move|p1b: Incineroar|Fake Out|p2b: Incineroar\n|-damage|p2b: Incineroar|94/100\n|cant|p2b: Incineroar|flinch\n|move|p1a: Gallade|Trick Room|p1a: Gallade\n|-fieldstart|move: Trick Room|[of] p1a: Gallade\n|\n|upkeep\n|turn|2\n|\n|t:|1776660064\n|detailschange|p2a: Gengar|Gengar-Mega, L50, M, shiny\n|-mega|p2a: Gengar|Gengar|Gengarite\n|move|p2a: Gengar|Protect|p2a: Gengar\n|-singleturn|p2a: Gengar|Protect\n|move|p1b: Incineroar|Parting Shot|p2a: Gengar\n|-activate|p2a: Gengar|move: Protect\n|move|p2b: Incineroar|Parting Shot|p1b: Incineroar\n|-unboost|p1b: Incineroar|atk|1\n|-unboost|p1b: Incineroar|spa|1\n|\n|t:|1776660081\n|switch|p2b: Politoed|Politoed, L50, F, shiny|100/100|[from] Parting Shot\n|-weather|RainDance|[from] ability: Drizzle|[of] p2b: Politoed\n|move|p1a: Gallade|Sacred Sword|p2b: Politoed\n|-damage|p2b: Politoed|19/100\n|\n|-weather|RainDance|[upkeep]\n|-heal|p2b: Politoed|25/100|[from] item: Leftovers\n|upkeep\n|turn|3\n|\n|t:|1776660103\n|switch|p2a: Incineroar|Incineroar, L50, F, shiny|94/100\n|-ability|p2a: Incineroar|Intimidate|boost\n|-unboost|p1a: Gallade|atk|1\n|-unboost|p1b: Incineroar|atk|1\n|move|p2b: Politoed|Protect|p2b: Politoed\n|-singleturn|p2b: Politoed|Protect\n|move|p1b: Incineroar|Flare Blitz|p2a: Incineroar\n|-resisted|p2a: Incineroar|1\n|-damage|p2a: Incineroar|90/100\n|-damage|p1b: Incineroar|99/100|[from] Recoil\n|move|p1a: Gallade|Leaf Blade|p2b: Politoed\n|-activate|p2b: Politoed|move: Protect\n|\n|-weather|RainDance|[upkeep]\n|-heal|p2b: Politoed|31/100|[from] item: Leftovers\n|upkeep\n|turn|4\n|\n|t:|1776660134\n|move|p2a: Incineroar|Fake Out|p1a: Gallade\n|-damage|p1a: Gallade|83/100\n|move|p1b: Incineroar|Parting Shot|p2a: Incineroar\n|-unboost|p2a: Incineroar|atk|1\n|-unboost|p2a: Incineroar|spa|1\n|\n|t:|1776660139\n|switch|p1b: Torkoal|Torkoal, L50, M|100/100|[from] Parting Shot\n|-weather|SunnyDay|[from] ability: Drought|[of] p1b: Torkoal\n|cant|p1a: Gallade|flinch\n|move|p2b: Politoed|Weather Ball|p1a: Gallade\n|-damage|p1a: Gallade|53/100\n|\n|-weather|SunnyDay|[upkeep]\n|-heal|p2b: Politoed|38/100|[from] item: Leftovers\n|upkeep\n|turn|5\n|\n|t:|1776660157\n|move|p2b: Politoed|Protect|p2b: Politoed\n|-singleturn|p2b: Politoed|Protect\n|move|p1b: Torkoal|Eruption|p2a: Incineroar|[spread] p2a\n|-activate|p2b: Politoed|move: Protect\n|-resisted|p2a: Incineroar|1\n|-damage|p2a: Incineroar|51/100\n|move|p2a: Incineroar|Parting Shot|p1a: Gallade\n|-unboost|p1a: Gallade|atk|1\n|-unboost|p1a: Gallade|spa|1\n|\n|t:|1776660166\n|switch|p2a: Kleavor|Kleavor, L50, M|100/100|[from] Parting Shot\n|move|p1a: Gallade|Sacred Sword|p2a: Kleavor\n|-damage|p2a: Kleavor|56/100\n|\n|-weather|SunnyDay|[upkeep]\n|-heal|p2b: Politoed|44/100|[from] item: Leftovers\n|-fieldend|move: Trick Room\n|upkeep\n|turn|6\n|\n|t:|1776660180\n|move|p1b: Torkoal|Protect|p1b: Torkoal\n|-singleturn|p1b: Torkoal|Protect\n|move|p2a: Kleavor|Stone Axe|p1b: Torkoal\n|-activate|p1b: Torkoal|move: Protect\n|move|p2b: Politoed|Weather Ball|p1a: Gallade\n|-damage|p1a: Gallade|20/100\n|move|p1a: Gallade|Trick Room|p1a: Gallade\n|-fieldstart|move: Trick Room|[of] p1a: Gallade\n|\n|-weather|SunnyDay|[upkeep]\n|-heal|p2b: Politoed|50/100|[from] item: Leftovers\n|upkeep\n|turn|7\n|\n|t:|1776660196\n|switch|p2a: Incineroar|Incineroar, L50, F, shiny|51/100\n|-ability|p2a: Incineroar|Intimidate|boost\n|-unboost|p1a: Gallade|atk|1\n|-unboost|p1b: Torkoal|atk|1\n|move|p1b: Torkoal|Eruption|p2a: Incineroar|[spread] p2a,p2b\n|-resisted|p2a: Incineroar|1\n|-resisted|p2b: Politoed|1\n|-damage|p2a: Incineroar|11/100\n|-damage|p2b: Politoed|23/100\n|-enditem|p2a: Incineroar|Sitrus Berry|[eat]\n|-heal|p2a: Incineroar|36/100|[from] item: Sitrus Berry\n|move|p2b: Politoed|Weather Ball|p1a: Gallade\n|-damage|p1a: Gallade|0 fnt\n|faint|p1a: Gallade\n|\n|-weather|SunnyDay|[upkeep]\n|-heal|p2b: Politoed|29/100|[from] item: Leftovers\n|upkeep\n|\n|t:|1776660210\n|switch|p1a: Kangaskhan|Kangaskhan, L50, F|100/100\n|turn|8\n|\n|t:|1776660223\n|detailschange|p1a: Kangaskhan|Kangaskhan-Mega, L50, F\n|-mega|p1a: Kangaskhan|Kangaskhan|Kangaskhanite\n|move|p2a: Incineroar|Fake Out|p1a: Kangaskhan\n|-damage|p1a: Kangaskhan|88/100\n|cant|p1a: Kangaskhan|flinch\n|move|p1b: Torkoal|Eruption|p2b: Politoed|[spread] p2a,p2b\n|-resisted|p2a: Incineroar|1\n|-resisted|p2b: Politoed|1\n|-damage|p2a: Incineroar|0 fnt\n|-damage|p2b: Politoed|5/100\n|faint|p2a: Incineroar\n|move|p2b: Politoed|Perish Song|p2b: Politoed\n|-start|p1a: Kangaskhan|perish3|[silent]\n|-start|p1b: Torkoal|perish3|[silent]\n|-start|p2b: Politoed|perish3|[silent]\n|-fieldactivate|move: Perish Song\n|\n|-weather|none\n|-heal|p2b: Politoed|11/100|[from] item: Leftovers\n|-start|p1b: Torkoal|perish3\n|-start|p2b: Politoed|perish3\n|-start|p1a: Kangaskhan|perish3\n|upkeep\n|\n|t:|1776660244\n|switch|p2a: Kleavor|Kleavor, L50, M|56/100\n|turn|9\n|\n|t:|1776660263\n|move|p2b: Politoed|Protect|p2b: Politoed\n|-singleturn|p2b: Politoed|Protect\n|move|p1b: Torkoal|Eruption|p2b: Politoed|[spread] p2a\n|-activate|p2b: Politoed|move: Protect\n|-damage|p2a: Kleavor|0 fnt\n|faint|p2a: Kleavor\n|move|p1a: Kangaskhan|Double-Edge|p2b: Politoed\n|-activate|p2b: Politoed|move: Protect\n|\n|-heal|p2b: Politoed|17/100|[from] item: Leftovers\n|-start|p1b: Torkoal|perish2\n|-start|p2b: Politoed|perish2\n|-start|p1a: Kangaskhan|perish2\n|upkeep\n|\n|t:|1776660272\n|switch|p2a: Gengar|Gengar-Mega, L50, M, shiny|100/100\n|turn|10\n|\n|t:|1776660284\n|move|p2a: Gengar|Protect|p2a: Gengar\n|-singleturn|p2a: Gengar|Protect\n|move|p1a: Kangaskhan|Sucker Punch||[still]\n|-fail|p1a: Kangaskhan\n|move|p1b: Torkoal|Eruption|p2b: Politoed|[spread] p2b\n|-activate|p2a: Gengar|move: Protect\n|-resisted|p2b: Politoed|1\n|-damage|p2b: Politoed|0 fnt\n|faint|p2b: Politoed\n|\n|-start|p1b: Torkoal|perish1\n|-start|p1a: Kangaskhan|perish1\n|-fieldend|move: Trick Room\n|upkeep\n|turn|11\n|\n|t:|1776660323\n|move|p1b: Torkoal|Helping Hand|p1a: Kangaskhan\n|-singleturn|p1a: Kangaskhan|Helping Hand|[of] p1b: Torkoal\n|move|p2a: Gengar|Protect||[still]\n|-fail|p2a: Gengar\n|move|p1a: Kangaskhan|Sucker Punch||[still]\n|-fail|p1a: Kangaskhan\n|\n|-start|p1a: Kangaskhan|perish0\n|-start|p1b: Torkoal|perish0\n|upkeep\n|faint|p1a: Kangaskhan\n|faint|p1b: Torkoal\n|\n|t:|1776660334\n|switch|p1a: Incineroar|Incineroar, L50, F|99/100\n|-ability|p1a: Incineroar|Intimidate|boost\n|-unboost|p2a: Gengar|atk|1\n|turn|12\n|\n|t:|1776660352\n|move|p2a: Gengar|Sludge Bomb|p1a: Incineroar\n|-damage|p1a: Incineroar|45/100\n|-enditem|p1a: Incineroar|Sitrus Berry|[eat]\n|-heal|p1a: Incineroar|70/100|[from] item: Sitrus Berry\n|move|p1a: Incineroar|Flare Blitz|p2a: Gengar\n|-damage|p2a: Gengar|12/100\n|-damage|p1a: Incineroar|46/100|[from] Recoil\n|\n|upkeep\n|turn|13\n|\n|t:|1776660362\n|move|p2a: Gengar|Sludge Bomb|p1a: Incineroar\n|-damage|p1a: Incineroar|0 fnt\n|faint|p1a: Incineroar\n|\n|win|allbinno\n|raw|JoJosWasabi's rating: 1117 &rarr; <strong>1094</strong><br />(-23 for losing)\n|raw|allbinno's rating: 1151 &rarr; <strong>1174</strong><br />(+23 for winning)\n|l|\u2606JoJosWasabi\n|player|p1|\n",
  "uploadtime": 1776660372,
  "views": 5,
  "formatid": "gen9championsvgc2026regma",
  "rating": 1094,
  "private": 0,
  "password": null
}