{
  "id": "gen9championsvgc2026regma-2581607618",
  "format": "[Gen 9 Champions] VGC 2026 Reg M-A",
  "players": [
    "Ophiuca",
    "randomskillswapp"
  ],
  "log": "|j|\u2606Ophiuca\n|j|\u2606randomskillswapp\n|t:|1776014716\n|gametype|doubles\n|player|p1|Ophiuca|winona|1084\n|player|p2|randomskillswapp|lucian|1027\n|gen|9\n|tier|[Gen 9 Champions] VGC 2026 Reg M-A\n|rated|\n|rule|Species Clause: Limit one of each Pok\u00e9mon\n|rule|Item Clause: Limit 1 of each item\n|clearpoke\n|poke|p1|Glimmora, L50, M|\n|poke|p1|Gardevoir, L50, F|\n|poke|p1|Incineroar, L50, M|\n|poke|p1|Corviknight, L50, F|\n|poke|p1|Garchomp, L50, M|\n|poke|p1|Empoleon, L50, M|\n|poke|p2|Victreebel, L50, F|\n|poke|p2|Aegislash, L50, M|\n|poke|p2|Arcanine-Hisui, L50, M|\n|poke|p2|Liepard, L50, F|\n|poke|p2|Rotom-Wash, L50|\n|poke|p2|Floette-Eternal, L50, F|\n|teampreview|4\n|inactive|Battle timer is ON: inactive players will automatically lose when time's up. (requested by randomskillswapp)\n|inactive|Ophiuca has 60 seconds left.\n|\n|t:|1776014776\n|teamsize|p1|4\n|teamsize|p2|4\n|start\n|switch|p1a: Glimmora|Glimmora, L50, M|100/100\n|switch|p1b: Incineroar|Incineroar, L50, M|100/100\n|switch|p2a: Victreebel|Victreebel, L50, F|100/100\n|switch|p2b: Rotom|Rotom-Wash, L50|100/100\n|-ability|p1b: Incineroar|Intimidate|boost\n|-unboost|p2a: Victreebel|atk|1\n|-unboost|p2b: Rotom|atk|1\n|turn|1\n|\n|t:|1776014797\n|switch|p2a: Arcanine|Arcanine-Hisui, L50, M|100/100\n|-ability|p2a: Arcanine|Intimidate|boost\n|-unboost|p1a: Glimmora|atk|1\n|-unboost|p1b: Incineroar|atk|1\n|detailschange|p1a: Glimmora|Glimmora-Mega, L50, M\n|-mega|p1a: Glimmora|Glimmora|Glimmoranite\n|move|p1b: Incineroar|Fake Out|p2b: Rotom\n|-damage|p2b: Rotom|87/100\n|move|p1a: Glimmora|Sludge Wave|p2a: Arcanine|[spread] p1b,p2a,p2b\n|-resisted|p2a: Arcanine|1\n|-damage|p1b: Incineroar|57/100\n|-damage|p2a: Arcanine|63/100\n|-damage|p2b: Rotom|10/100\n|cant|p2b: Rotom|flinch\n|\n|upkeep\n|turn|2\n|\n|t:|1776014821\n|switch|p1b: Corviknight|Corviknight, L50, F|100/100\n|move|p1a: Glimmora|Sludge Wave|p2b: Rotom|[spread] p2a,p2b\n|-immune|p1b: Corviknight\n|-resisted|p2a: Arcanine|1\n|-damage|p2a: Arcanine|30/100\n|-damage|p2b: Rotom|0 fnt\n|faint|p2b: Rotom\n|move|p2a: Arcanine|Rock Slide|p1a: Glimmora|[spread] p1a,p1b\n|-damage|p1a: Glimmora|73/100\n|-damage|p1b: Corviknight|79/100\n|\n|-heal|p1b: Corviknight|85/100|[from] item: Leftovers\n|upkeep\n|\n|t:|1776014840\n|switch|p2b: Liepard|Liepard, L50, F, shiny|100/100\n|turn|3\n|\n|t:|1776014846\n|move|p1a: Glimmora|Spiky Shield|p1a: Glimmora\n|-singleturn|p1a: Glimmora|move: Protect\n|move|p2b: Liepard|Fake Out|p1a: Glimmora\n|-activate|p1a: Glimmora|move: Protect\n|-damage|p2b: Liepard|88/100|[from] Spiky Shield|[of] p1a: Glimmora\n|move|p2a: Arcanine|Rock Slide|p1a: Glimmora|[spread] p1b\n|-activate|p1a: Glimmora|move: Protect\n|-damage|p1b: Corviknight|61/100\n|move|p1b: Corviknight|Tailwind|p1b: Corviknight\n|-sidestart|p1: Ophiuca|move: Tailwind\n|\n|-heal|p1b: Corviknight|67/100|[from] item: Leftovers\n|upkeep\n|turn|4\n|\n|t:|1776014864\n|move|p1a: Glimmora|Sludge Wave|p2a: Arcanine|[spread] p2a,p2b\n|-immune|p1b: Corviknight\n|-resisted|p2a: Arcanine|1\n|-damage|p2a: Arcanine|0 fnt\n|-damage|p2b: Liepard|0 fnt\n|faint|p2a: Arcanine\n|faint|p2b: Liepard\n|move|p1b: Corviknight|Iron Head|p2: Arcanine|[notarget]\n|-fail|p1b: Corviknight\n|\n|-heal|p1b: Corviknight|74/100|[from] item: Leftovers\n|upkeep\n|\n|t:|1776014869\n|switch|p2b: Victreebel|Victreebel, L50, F|100/100\n|turn|5\n|\n|t:|1776014877\n|detailschange|p2b: Victreebel|Victreebel-Mega, L50, F\n|-mega|p2b: Victreebel|Victreebel|Victreebelite\n|move|p1a: Glimmora|Sludge Wave|p2b: Victreebel|[spread] p2b\n|-immune|p1b: Corviknight\n|-damage|p2b: Victreebel|50/100\n|move|p1b: Corviknight|Brave Bird|p2b: Victreebel\n|-supereffective|p2b: Victreebel|1\n|-damage|p2b: Victreebel|0 fnt\n|-damage|p1b: Corviknight|25/100|[from] ability: Innards Out|[of] p2b: Victreebel\n|faint|p2b: Victreebel\n|-damage|p1b: Corviknight|9/100|[from] Recoil\n|\n|win|Ophiuca\n|raw|Ophiuca's rating: 1084 &rarr; <strong>1107</strong><br />(+23 for winning)\n|raw|randomskillswapp's rating: 1027 &rarr; <strong>1015</strong><br />(-12 for losing)\n",
  "uploadtime": 1776014890,
  "views": 17,
  "formatid": "gen9championsvgc2026regma",
  "rating": 1015,
  "private": 0,
  "password": null
}