{
  "id": "gen9championsvgc2026regma-2582568540",
  "format": "[Gen 9 Champions] VGC 2026 Reg M-A",
  "players": [
    "PlayingViking",
    "shadowelrac"
  ],
  "log": "|j|\u2606PlayingViking\n|j|\u2606shadowelrac\n|t:|1776099918\n|gametype|doubles\n|player|p1|PlayingViking|101|1070\n|player|p2|shadowelrac|hugh|1048\n|gen|9\n|tier|[Gen 9 Champions] VGC 2026 Reg M-A\n|rated|\n|rule|Species Clause: Limit one of each Pok\u00e9mon\n|rule|Item Clause: Limit 1 of each item\n|clearpoke\n|poke|p1|Gliscor, L50, M|\n|poke|p1|Arcanine-Hisui, L50, M|\n|poke|p1|Milotic, L50, M|\n|poke|p1|Gardevoir, L50, M|\n|poke|p1|Rotom-Wash, L50|\n|poke|p1|Farigiraf, L50, M|\n|poke|p2|Froslass, L50, F|\n|poke|p2|Orthworm, L50, M|\n|poke|p2|Incineroar, L50, M|\n|poke|p2|Garchomp, L50, M|\n|poke|p2|Basculegion, L50, M|\n|poke|p2|Rotom-Frost, L50|\n|teampreview|4\nPlayingViking rejected open team sheets.\n|\n|t:|1776100002\n|teamsize|p1|4\n|teamsize|p2|4\n|start\n|switch|p1a: Gliscor|Gliscor, L50, M|100/100\n|switch|p1b: Rotom|Rotom-Wash, L50|100/100\n|switch|p2a: Garchomp|Garchomp, L50, M|100/100\n|switch|p2b: Orthworm|Orthworm, L50, M|100/100\n|turn|1\n|inactive|Battle timer is ON: inactive players will automatically lose when time's up. (requested by PlayingViking)\n|\n|t:|1776100027\n|move|p2a: Garchomp|Protect|p2a: Garchomp\n|-singleturn|p2a: Garchomp|Protect\n|move|p1a: Gliscor|Ice Fang|p2a: Garchomp\n|-activate|p2a: Garchomp|move: Protect\n|move|p1b: Rotom|Hydro Pump|p2b: Orthworm\n|-damage|p2b: Orthworm|43/100\n|-enditem|p2b: Orthworm|Sitrus Berry|[eat]\n|-heal|p2b: Orthworm|68/100|[from] item: Sitrus Berry\n|move|p2b: Orthworm|Shed Tail|p2b: Orthworm\n|-start|p2b: Orthworm|Substitute|[from] move: Shed Tail\n|-damage|p2b: Orthworm|18/100\n|\n|t:|1776100041\n|switch|p2b: Froslass|Froslass, L50, F|100/100|[from] Shed Tail\n|\n|upkeep\n|turn|2\n|inactive|PlayingViking has 30 seconds left.\n|\n|t:|1776100067\n|move|p2b: Froslass|Protect|p2b: Froslass\n|-singleturn|p2b: Froslass|Protect\n|move|p2a: Garchomp|Dragon Claw|p1b: Rotom\n|-damage|p1b: Rotom|57/100\n|move|p1a: Gliscor|Rock Slide|p2b: Froslass|[spread] p2a\n|-activate|p2b: Froslass|move: Protect\n|-resisted|p2a: Garchomp|1\n|-damage|p2a: Garchomp|94/100\n|move|p1b: Rotom|Hydro Pump|p2a: Garchomp|[miss]\n|-miss|p1b: Rotom|p2a: Garchomp\n|\n|upkeep\n|turn|3\n|inactive|PlayingViking has 30 seconds left.\n|inactive|shadowelrac has 30 seconds left.\n|\n|t:|1776100093\n|move|p2b: Froslass|Nasty Plot|p2b: Froslass\n|-boost|p2b: Froslass|spa|2\n|move|p2a: Garchomp|Dragon Claw|p1a: Gliscor\n|-damage|p1a: Gliscor|69/100\n|move|p1a: Gliscor|Rock Slide|p2a: Garchomp|[spread] p2a,p2b\n|-supereffective|p2b: Froslass|1\n|-end|p2b: Froslass|Substitute\n|-resisted|p2a: Garchomp|1\n|-damage|p2a: Garchomp|88/100\n|move|p1b: Rotom|Thunderbolt|p2b: Froslass\n|-damage|p2b: Froslass|40/100\n|\n|upkeep\n|turn|4\n|inactive|PlayingViking has 30 seconds left.\n|inactive|PlayingViking has 20 seconds left.\n|inactive|PlayingViking has 15 seconds left.\n|inactive|PlayingViking has 10 seconds left.\n|\n|t:|1776100140\n|detailschange|p2b: Froslass|Froslass-Mega, L50, F\n|-mega|p2b: Froslass|Froslass|Froslassite\n|-weather|Snowscape|[from] ability: Snow Warning|[of] p2b: Froslass\n|move|p2b: Froslass|Blizzard|p1b: Rotom|[spread] p1a,p1b\n|-supereffective|p1a: Gliscor|2\n|-enditem|p1a: Gliscor|Yache Berry|[eat]\n|-enditem|p1a: Gliscor|Yache Berry|[weaken]\n|-resisted|p1b: Rotom|1\n|-damage|p1a: Gliscor|0 fnt\n|-damage|p1b: Rotom|12/100\n|-enditem|p1b: Rotom|Sitrus Berry|[eat]\n|-heal|p1b: Rotom|37/100|[from] item: Sitrus Berry\n|faint|p1a: Gliscor\n|move|p2a: Garchomp|Dragon Claw|p1b: Rotom\n|-damage|p1b: Rotom|0 fnt\n|faint|p1b: Rotom\n|\n|-weather|Snowscape|[upkeep]\n|upkeep\n|\n|t:|1776100154\n|switch|p1a: Milotic|Milotic, L50, M|100/100\n|switch|p1b: Gardevoir|Gardevoir, L50, M|100/100\n|turn|5\n|\n|t:|1776100169\n|detailschange|p1b: Gardevoir|Gardevoir-Mega, L50, M\n|-mega|p1b: Gardevoir|Gardevoir|Gardevoirite\n|move|p1b: Gardevoir|Protect|p1b: Gardevoir\n|-singleturn|p1b: Gardevoir|Protect\n|move|p2b: Froslass|Shadow Ball|p1b: Gardevoir\n|-activate|p1b: Gardevoir|move: Protect\n|move|p2a: Garchomp|Rock Slide|p1b: Gardevoir|[spread] p1a\n|-activate|p1b: Gardevoir|move: Protect\n|-damage|p1a: Milotic|87/100\n|move|p1a: Milotic|Ice Beam|p2a: Garchomp\n|-supereffective|p2a: Garchomp|2\n|-damage|p2a: Garchomp|0 fnt\n|faint|p2a: Garchomp\n|\n|-weather|Snowscape|[upkeep]\n|-heal|p1a: Milotic|93/100|[from] item: Leftovers\n|upkeep\n|\n|t:|1776100183\n|switch|p2a: Basculegion|Basculegion, L50, M|100/100\n|turn|6\n|\n|t:|1776100205\n|switch|p2a: Orthworm|Orthworm, L50, M|18/100\n|move|p2b: Froslass|Shadow Ball|p1b: Gardevoir\n|-supereffective|p1b: Gardevoir|1\n|-damage|p1b: Gardevoir|0 fnt\n|faint|p1b: Gardevoir\n|move|p1a: Milotic|Scald|p2b: Froslass\n|-damage|p2b: Froslass|9/100\n|-status|p2b: Froslass|brn\n|\n|-weather|Snowscape|[upkeep]\n|-heal|p1a: Milotic|99/100|[from] item: Leftovers\n|-damage|p2b: Froslass|3/100 brn|[from] brn\n|upkeep\n|turn|7\n|\n|t:|1776100228\n|move|p2b: Froslass|Shadow Ball|p1a: Milotic\n|-damage|p1a: Milotic|39/100\n|move|p1a: Milotic|Recover|p1a: Milotic\n|-heal|p1a: Milotic|89/100\n|move|p2a: Orthworm|Body Press|p1a: Milotic\n|-damage|p1a: Milotic|67/100\n|\n|-weather|Snowscape|[upkeep]\n|-heal|p1a: Milotic|73/100|[from] item: Leftovers\n|-damage|p2b: Froslass|0 fnt|[from] brn\n|faint|p2b: Froslass\n|upkeep\n|\n|t:|1776100235\n|switch|p2b: Basculegion|Basculegion, L50, M|100/100\n|turn|8\n|\n|t:|1776100244\n|move|p2b: Basculegion|Last Respects|p1a: Milotic\n|-damage|p1a: Milotic|8/100\n|move|p1a: Milotic|Icy Wind|p2b: Basculegion|[spread] p2a,p2b\n|-resisted|p2a: Orthworm|1\n|-resisted|p2b: Basculegion|1\n|-damage|p2a: Orthworm|12/100\n|-damage|p2b: Basculegion|95/100\n|-unboost|p2a: Orthworm|spe|1\n|-unboost|p2b: Basculegion|spe|1\n|move|p2a: Orthworm|Body Press|p1a: Milotic\n|-damage|p1a: Milotic|0 fnt\n|faint|p1a: Milotic\n|\n|win|shadowelrac\n|raw|PlayingViking's rating: 1070 &rarr; <strong>1048</strong><br />(-22 for losing)\n|raw|shadowelrac's rating: 1048 &rarr; <strong>1083</strong><br />(+35 for winning)\n",
  "uploadtime": 1776100255,
  "views": 10,
  "formatid": "gen9championsvgc2026regma",
  "rating": 1048,
  "private": 0,
  "password": null
}