{
  "id": "gen9championsvgc2026regma-2585369647",
  "format": "[Gen 9 Champions] VGC 2026 Reg M-A",
  "players": [
    "chemimaster",
    "Kitsune.Post"
  ],
  "log": "|j|\u2606chemimaster\n|j|\u2606Kitsune.Post\n|t:|1776342040\n|gametype|doubles\n|player|p1|chemimaster|2|1101\n|player|p2|Kitsune.Post|medium|1071\n|gen|9\n|tier|[Gen 9 Champions] VGC 2026 Reg M-A\n|rated|\n|rule|Species Clause: Limit one of each Pok\u00e9mon\n|rule|Item Clause: Limit 1 of each item\n|clearpoke\n|poke|p1|Skarmory, L50, M|\n|poke|p1|Sneasler, L50, M|\n|poke|p1|Milotic, L50, F|\n|poke|p1|Lycanroc-Dusk, L50, F|\n|poke|p1|Skeledirge, L50, M|\n|poke|p1|Meowstic, L50, M|\n|poke|p2|Dragonite, L50, F|\n|poke|p2|Garchomp, L50, F|\n|poke|p2|Ampharos, L50, M|\n|poke|p2|Golurk, L50|\n|poke|p2|Zoroark-Hisui, L50, F|\n|poke|p2|Whimsicott, L50, F|\n|teampreview|4\n|inactive|Battle timer is ON: inactive players will automatically lose when time's up. (requested by Kitsune.Post)\n|inactive|chemimaster has 60 seconds left.\n|\n|t:|1776342101\n|teamsize|p1|4\n|teamsize|p2|4\n|start\n|switch|p1a: Skarmory|Skarmory, L50, M|100/100\n|switch|p1b: Sneasler|Sneasler, L50, M|100/100\n|switch|p2a: Garchomp|Garchomp, L50, F|100/100\n|switch|p2b: Whimsicott|Whimsicott, L50, F|100/100\n|turn|1\n|inactive|chemimaster has 30 seconds left.\n|inactive|Kitsune.Post has 30 seconds left.\n|inactive|chemimaster has 20 seconds left.\n|\n|t:|1776342140\n|move|p2b: Whimsicott|Protect|p2b: Whimsicott\n|-singleturn|p2b: Whimsicott|Protect\n|move|p1a: Skarmory|Protect|p1a: Skarmory\n|-singleturn|p1a: Skarmory|Protect\n|move|p1b: Sneasler|Dire Claw|p2b: Whimsicott\n|-activate|p2b: Whimsicott|move: Protect\n|move|p2a: Garchomp|Rock Slide|p1a: Skarmory|[spread] p1b\n|-activate|p1a: Skarmory|move: Protect\n|-resisted|p1b: Sneasler|1\n|-damage|p1b: Sneasler|85/100\n|\n|upkeep\n|turn|2\n|\n|t:|1776342163\n|detailschange|p1a: Skarmory|Skarmory-Mega, L50, M\n|-mega|p1a: Skarmory|Skarmory|Skarmorite\n|move|p2b: Whimsicott|Tailwind|p2b: Whimsicott\n|-sidestart|p2: Kitsune.Post|move: Tailwind\n|move|p2a: Garchomp|Rock Slide|p1b: Sneasler|[spread] p1a,p1b\n|-resisted|p1b: Sneasler|1\n|-damage|p1a: Skarmory|79/100\n|-damage|p1b: Sneasler|69/100\n|move|p1b: Sneasler|Coaching|p1a: Skarmory\n|-boost|p1a: Skarmory|atk|1\n|-boost|p1a: Skarmory|def|1\n|cant|p1a: Skarmory|flinch\n|\n|upkeep\n|turn|3\n|inactive|Kitsune.Post has 30 seconds left.\n|\n|t:|1776342192\n|move|p2b: Whimsicott|Protect|p2b: Whimsicott\n|-singleturn|p2b: Whimsicott|Protect\n|move|p1a: Skarmory|Protect|p1a: Skarmory\n|-singleturn|p1a: Skarmory|Protect\n|move|p2a: Garchomp|Rock Slide|p1b: Sneasler|[spread] p1b\n|-activate|p1a: Skarmory|move: Protect\n|-resisted|p1b: Sneasler|1\n|-damage|p1b: Sneasler|50/100\n|cant|p1b: Sneasler|flinch\n|\n|upkeep\n|turn|4\n|\n|t:|1776342214\n|move|p2b: Whimsicott|Encore|p1a: Skarmory\n|-start|p1a: Skarmory|Encore\n|move|p1a: Skarmory|Protect||[still]\n|-fail|p1a: Skarmory\n|move|p2a: Garchomp|Rock Slide|p1b: Sneasler|[spread] p1a,p1b\n|-resisted|p1b: Sneasler|1\n|-damage|p1a: Skarmory|63/100\n|-damage|p1b: Sneasler|34/100\n|move|p1b: Sneasler|Dire Claw|p2b: Whimsicott\n|-supereffective|p2b: Whimsicott|2\n|-damage|p2b: Whimsicott|0 fnt\n|faint|p2b: Whimsicott\n|\n|upkeep\n|inactive|Kitsune.Post has 30 seconds left.\n|l|\u2606Kitsune.Post\n|inactive|Kitsune.Post disconnected and has a minute to reconnect!\n|player|p2|\n|inactive|Kitsune.Post has 20 seconds left.\n|j|\u2606Kitsune.Post\n|inactive|Kitsune.Post reconnected and has 20 seconds left.\n|player|p2|Kitsune.Post|medium|\n|inactive|Kitsune.Post has 15 seconds left.\n|\n|t:|1776342256\n|switch|p2b: Ampharos|Ampharos, L50, M|100/100\n|turn|5\n|\n|t:|1776342272\n|move|p1a: Skarmory|Protect|p1a: Skarmory\n|-singleturn|p1a: Skarmory|Protect\n|move|p2a: Garchomp|Rock Slide|p1a: Skarmory|[spread] p1b\n|-activate|p1a: Skarmory|move: Protect\n|-resisted|p1b: Sneasler|1\n|-damage|p1b: Sneasler|17/100\n|move|p2b: Ampharos|Discharge|p1b: Sneasler|[spread] p1b\n|-activate|p1a: Skarmory|move: Protect\n|-immune|p2a: Garchomp\n|-damage|p1b: Sneasler|0 fnt\n|faint|p1b: Sneasler\n|\n|-sideend|p2: Kitsune.Post|move: Tailwind\n|upkeep\n|\n|t:|1776342288\n|switch|p1b: Lycanroc|Lycanroc-Dusk, L50, F|100/100\n|turn|6\n|\n|t:|1776342301\n|move|p1a: Skarmory|Protect||[still]\n|-fail|p1a: Skarmory\n|move|p2a: Garchomp|Rock Slide|p1b: Lycanroc|[spread] p1a,p1b\n|-damage|p1a: Skarmory|48/100\n|-damage|p1b: Lycanroc|72/100\n|move|p1b: Lycanroc|Swords Dance|p1b: Lycanroc\n|-boost|p1b: Lycanroc|atk|2\n|move|p2b: Ampharos|Discharge|p1a: Skarmory|[spread] p1a,p1b\n|-immune|p2a: Garchomp\n|-supereffective|p1a: Skarmory|1\n|-damage|p1a: Skarmory|0 fnt\n|-damage|p1b: Lycanroc|24/100\n|faint|p1a: Skarmory\n|\n|upkeep\n|\n|t:|1776342313\n|switch|p1a: Milotic|Milotic, L50, F|100/100\n|turn|7\n|inactive|chemimaster has 30 seconds left.\n|inactive|chemimaster has 20 seconds left.\n|inactive|chemimaster has 15 seconds left.\n|\n|t:|1776342355\n|move|p1b: Lycanroc|Accelerock|p2b: Ampharos\n|-damage|p2b: Ampharos|32/100\n|move|p2a: Garchomp|Rock Slide|p1b: Lycanroc|[spread] p1a,p1b\n|-damage|p1a: Milotic|79/100\n|-damage|p1b: Lycanroc|0 fnt\n|faint|p1b: Lycanroc\n|move|p2b: Ampharos|Discharge|p1a: Milotic|[spread] p1a\n|-immune|p2a: Garchomp\n|-supereffective|p1a: Milotic|1\n|-damage|p1a: Milotic|39/100\n|move|p1a: Milotic|Dragon Pulse|p2a: Garchomp\n|-supereffective|p2a: Garchomp|1\n|-damage|p2a: Garchomp|50/100\n|\n|upkeep\n|turn|8\n|\n|t:|1776342373\n|move|p2a: Garchomp|Rock Slide|p1a: Milotic\n|-damage|p1a: Milotic|14/100\n|move|p2b: Ampharos|Discharge|p1a: Milotic|[spread] p1a\n|-immune|p2a: Garchomp\n|-supereffective|p1a: Milotic|1\n|-damage|p1a: Milotic|0 fnt\n|faint|p1a: Milotic\n|\n|win|Kitsune.Post\n|raw|chemimaster's rating: 1101 &rarr; <strong>1074</strong><br />(-27 for losing)\n|raw|Kitsune.Post's rating: 1071 &rarr; <strong>1103</strong><br />(+32 for winning)\n|l|\u2606chemimaster\n|player|p1|\n",
  "uploadtime": 1776342406,
  "views": 27,
  "formatid": "gen9championsvgc2026regma",
  "rating": 1074,
  "private": 0,
  "password": null
}