{
  "id": "gen9championsvgc2026regma-2587079950",
  "format": "[Gen 9 Champions] VGC 2026 Reg M-A",
  "players": [
    "TheBallistic1",
    "maxdeesevgc"
  ],
  "log": "|j|\u2606TheBallistic1\n|j|\u2606maxdeesevgc\n|t:|1776490626\n|gametype|doubles\n|player|p1|TheBallistic1|colress|\n|player|p2|maxdeesevgc|101|\n|gen|9\n|tier|[Gen 9 Champions] VGC 2026 Reg M-A\n|rated|Tournament battle\n|rule|Species Clause: Limit one of each Pok\u00e9mon\n|rule|Item Clause: Limit 1 of each item\n|clearpoke\n|poke|p1|Floette-Eternal, L50, F|\n|poke|p1|Sneasler, L50, M|\n|poke|p1|Milotic, L50, F|\n|poke|p1|Incineroar, L50, F|\n|poke|p1|Sinistcha, L50|\n|poke|p1|Garchomp, L50, F|\n|poke|p2|Pikachu, L50, M, shiny|\n|poke|p2|Sylveon, L50, M|\n|poke|p2|Blastoise, L50, M|\n|poke|p2|Pelipper, L50, F, shiny|\n|poke|p2|Basculegion, L50, M, shiny|\n|poke|p2|Talonflame, L50, M|\n|teampreview|4\n|inactive|Battle timer is ON: inactive players will automatically lose when time's up. (requested by maxdeesevgc)\n|inactive|TheBallistic1 has 60 seconds left.\n|inactive|maxdeesevgc has 60 seconds left.\n|\n|t:|1776490661\n|teamsize|p1|4\n|teamsize|p2|4\n|start\n|switch|p1a: Sneasler|Sneasler, L50, M|100/100\n|switch|p1b: Milotic|Milotic, L50, F|100/100\n|switch|p2a: Pelipper|Pelipper, L50, F, shiny|100/100\n|switch|p2b: Blastoise|Blastoise, L50, M|100/100\n|-weather|RainDance|[from] ability: Drizzle|[of] p2a: Pelipper\n|turn|1\n|\n|t:|1776490674\n|detailschange|p2b: Blastoise|Blastoise-Mega, L50, M\n|-mega|p2b: Blastoise|Blastoise|Blastoisinite\n|move|p1a: Sneasler|Fake Out|p2b: Blastoise\n|-damage|p2b: Blastoise|87/100\n|move|p1b: Milotic|Ice Beam|p2a: Pelipper\n|-damage|p2a: Pelipper|52/100\n|cant|p2b: Blastoise|flinch\n|move|p2a: Pelipper|Hurricane|p1a: Sneasler\n|-supereffective|p1a: Sneasler|1\n|-damage|p1a: Sneasler|0 fnt\n|faint|p1a: Sneasler\n|\n|-weather|RainDance|[upkeep]\n|upkeep\n|j| 21Kieran\n|\n|t:|1776490681\n|switch|p1a: Floette|Floette-Eternal, L50, F|100/100\n|turn|2\n|l| 21Kieran\n|\n|t:|1776490696\n|switch|p1b: Sinistcha|Sinistcha, L50|100/100\n|detailschange|p1a: Floette|Floette-Mega, L50, F\n|-mega|p1a: Floette|Floette|Floettite\n|-ability|p1a: Floette|Fairy Aura\n|move|p2b: Blastoise|Protect|p2b: Blastoise\n|-singleturn|p2b: Blastoise|Protect\n|move|p1a: Floette|Dazzling Gleam|p2a: Pelipper|[spread] p2a\n|-activate|p2b: Blastoise|move: Protect\n|-damage|p2a: Pelipper|0 fnt\n|faint|p2a: Pelipper\n|\n|-weather|RainDance|[upkeep]\n|upkeep\n|\n|t:|1776490702\n|switch|p2a: Talonflame|Talonflame, L50, M|100/100\n|turn|3\n|\n|t:|1776490713\n|move|p1a: Floette|Protect|p1a: Floette\n|-singleturn|p1a: Floette|Protect\n|move|p2a: Talonflame|Dual Wingbeat|p1b: Sinistcha|[miss]\n|-miss|p2a: Talonflame|p1b: Sinistcha\n|move|p2b: Blastoise|Dark Pulse|p1b: Sinistcha\n|-supereffective|p1b: Sinistcha|1\n|-damage|p1b: Sinistcha|0 fnt\n|faint|p1b: Sinistcha\n|\n|-weather|RainDance|[upkeep]\n|upkeep\n|\n|t:|1776490721\n|switch|p1b: Milotic|Milotic, L50, F|100/100\n|turn|4\n|j| The Carkol Rider\n|j| PhantomzTK\n|\n|t:|1776490735\n|move|p2a: Talonflame|Tailwind|p2a: Talonflame\n|-sidestart|p2: maxdeesevgc|move: Tailwind\n|move|p2b: Blastoise|Water Spout|p1b: Milotic|[spread] p1a,p1b\n|-resisted|p1b: Milotic|1\n|-crit|p1b: Milotic\n|-damage|p1a: Floette|32/100\n|-damage|p1b: Milotic|46/100\n|move|p1a: Floette|Dazzling Gleam|p2b: Blastoise|[spread] p2a,p2b\n|-resisted|p2a: Talonflame|1\n|-damage|p2a: Talonflame|67/100\n|-damage|p2b: Blastoise|37/100\n|move|p1b: Milotic|Scald|p2a: Talonflame\n|-supereffective|p2a: Talonflame|1\n|-damage|p2a: Talonflame|0 fnt\n|faint|p2a: Talonflame\n|\n|-weather|RainDance|[upkeep]\n|-heal|p1b: Milotic|52/100|[from] item: Leftovers\n|upkeep\n|\n|t:|1776490740\n|switch|p2a: Basculegion|Basculegion, L50, M, shiny|100/100\n|turn|5\n|j| christianfinity\n|j| TimeforCHILLI\n|\n|t:|1776490761\n|move|p1a: Floette|Protect|p1a: Floette\n|-singleturn|p1a: Floette|Protect\n|move|p2a: Basculegion|Last Respects|p1b: Milotic\n|-damage|p1b: Milotic|0 fnt\n|faint|p1b: Milotic\n|move|p2b: Blastoise|Water Spout|p1a: Floette\n|-activate|p1a: Floette|move: Protect\n|\n|-weather|none\n|upkeep\n|turn|6\n|\n|t:|1776490769\n|move|p2a: Basculegion|Last Respects|p1a: Floette\n|-damage|p1a: Floette|0 fnt\n|faint|p1a: Floette\n|\n|win|maxdeesevgc\n|n|\u2606TheBallistic1|theballistic1\n|n|\u2606maxdeesevgc|maxdeesevgc\n|n| The Carkol Rider|thecarkolrider\n|n| PhantomzTK|phantomztk\n|n| christianfinity|christianfinity\n|n| TimeforCHILLI|timeforchilli\n",
  "uploadtime": 1776490771,
  "views": 26,
  "formatid": "gen9championsvgc2026regma",
  "rating": null,
  "private": 0,
  "password": null
}