{
  "id": "gen9championsvgc2026regma-2584559969",
  "format": "[Gen 9 Champions] VGC 2026 Reg M-A",
  "players": [
    "LJJLONGER\u9f99\u5c06\u519b",
    "alvaromoratalla"
  ],
  "log": "|j|\u2606LJJLONGER\u9f99\u5c06\u519b\n|j|\u2606alvaromoratalla\n|t:|1776268768\n|gametype|doubles\n|player|p1|LJJLONGER\u9f99\u5c06\u519b|ghetsis|1451\n|player|p2|alvaromoratalla|pokekid|1469\n|gen|9\n|tier|[Gen 9 Champions] VGC 2026 Reg M-A\n|rated|\n|rule|Species Clause: Limit one of each Pok\u00e9mon\n|rule|Item Clause: Limit 1 of each item\n|clearpoke\n|poke|p1|Dragonite, L50, F|\n|poke|p1|Sneasler, L50, F|\n|poke|p1|Archaludon, L50, M|\n|poke|p1|Sinistcha, L50|\n|poke|p1|Politoed, L50, F|\n|poke|p1|Basculegion, L50, M|\n|poke|p2|Delphox, L50, M|\n|poke|p2|Garchomp, L50, F|\n|poke|p2|Floette-Eternal, L50, F|\n|poke|p2|Sneasler, L50, F|\n|poke|p2|Rotom-Wash, L50|\n|poke|p2|Kingambit, L50, F|\n|teampreview|4\n|inactive|Battle timer is ON: inactive players will automatically lose when time's up. (requested by LJJLONGER\u9f99\u5c06\u519b)\n|\n|t:|1776268826\n|teamsize|p1|4\n|teamsize|p2|4\n|start\n|switch|p1a: Dragonite|Dragonite, L50, F|100/100\n|switch|p1b: Basculegion|Basculegion, L50, M|100/100\n|switch|p2a: Floette|Floette-Eternal, L50, F|100/100\n|switch|p2b: Kingambit|Kingambit, L50, F|100/100\n|turn|1\n|\n|t:|1776268843\n|switch|p1b: Politoed|Politoed, L50, F|100/100\n|-weather|RainDance|[from] ability: Drizzle|[of] p1b: Politoed\n|detailschange|p1a: Dragonite|Dragonite-Mega, L50, F\n|-mega|p1a: Dragonite|Dragonite|Dragoninite\n|detailschange|p2a: Floette|Floette-Mega, L50, F\n|-mega|p2a: Floette|Floette|Floettite\n|-ability|p2a: Floette|Fairy Aura\n|move|p2b: Kingambit|Sucker Punch||[still]\n|-fail|p2b: Kingambit\n|move|p1a: Dragonite|Hurricane|p2a: Floette\n|-damage|p2a: Floette|54/100\n|move|p2a: Floette|Calm Mind|p2a: Floette\n|-boost|p2a: Floette|spa|1\n|-boost|p2a: Floette|spd|1\n|\n|-weather|RainDance|[upkeep]\n|upkeep\n|turn|2\n|j| salamstudu\n|inactive|LJJLONGER\u9f99\u5c06\u519b has 30 seconds left.\n|inactive|alvaromoratalla has 30 seconds left.\n|\n|t:|1776268874\n|move|p1a: Dragonite|Hurricane|p2a: Floette\n|-damage|p2a: Floette|19/100\n|move|p2a: Floette|Draining Kiss|p1b: Politoed\n|-damage|p1b: Politoed|65/100\n|-heal|p2a: Floette|48/100|[from] drain|[of] p1b: Politoed\n|move|p1b: Politoed|Weather Ball|p2a: Floette\n|-damage|p2a: Floette|21/100\n|move|p2b: Kingambit|Kowtow Cleave|p1a: Dragonite\n|-damage|p1a: Dragonite|75/100\n|\n|-weather|RainDance|[upkeep]\n|upkeep\n|turn|3\n|\n|t:|1776268895\n|move|p2a: Floette|Protect|p2a: Floette\n|-singleturn|p2a: Floette|Protect\n|move|p1a: Dragonite|Hurricane|p2a: Floette\n|-activate|p2a: Floette|move: Protect\n|move|p1b: Politoed|Weather Ball|p2b: Kingambit\n|-damage|p2b: Kingambit|42/100\n|move|p2b: Kingambit|Kowtow Cleave|p1b: Politoed\n|-damage|p1b: Politoed|0 fnt\n|faint|p1b: Politoed\n|\n|-weather|RainDance|[upkeep]\n|upkeep\n|\n|t:|1776268911\n|switch|p1b: Sneasler|Sneasler, L50, F|100/100\n|turn|4\n|\n|t:|1776268924\n|switch|p2b: Garchomp|Garchomp, L50, F|100/100\n|move|p1b: Sneasler|Close Combat|p2b: Garchomp\n|-damage|p2b: Garchomp|41/100\n|-unboost|p1b: Sneasler|def|1\n|-unboost|p1b: Sneasler|spd|1\n|-damage|p1b: Sneasler|88/100|[from] ability: Rough Skin|[of] p2b: Garchomp\n|-enditem|p1b: Sneasler|White Herb\n|-clearnegativeboost|p1b: Sneasler|[silent]\n|move|p1a: Dragonite|Hurricane|p2a: Floette\n|-damage|p2a: Floette|0 fnt\n|faint|p2a: Floette\n|\n|-weather|RainDance|[upkeep]\n|upkeep\n|\n|t:|1776268932\n|switch|p2a: Rotom|Rotom-Wash, L50|100/100\n|turn|5\n|\n|t:|1776268951\n|move|p1b: Sneasler|Close Combat|p2b: Garchomp\n|-damage|p2b: Garchomp|0 fnt\n|-unboost|p1b: Sneasler|def|1\n|-unboost|p1b: Sneasler|spd|1\n|-damage|p1b: Sneasler|76/100|[from] ability: Rough Skin|[of] p2b: Garchomp\n|faint|p2b: Garchomp\n|move|p1a: Dragonite|Hurricane|p2a: Rotom\n|-resisted|p2a: Rotom|1\n|-damage|p2a: Rotom|68/100\n|move|p2a: Rotom|Electroweb|p1b: Sneasler|[spread] p1a,p1b\n|-damage|p1a: Dragonite|63/100\n|-damage|p1b: Sneasler|43/100\n|-unboost|p1a: Dragonite|spe|1\n|-unboost|p1b: Sneasler|spe|1\n|\n|-weather|none\n|upkeep\n|\n|t:|1776268953\n|switch|p2b: Kingambit|Kingambit, L50, F|42/100\n|turn|6\n|inactive|LJJLONGER\u9f99\u5c06\u519b has 30 seconds left.\n|inactive|alvaromoratalla has 30 seconds left.\n|\n|t:|1776268980\n|switch|p1b: Basculegion|Basculegion, L50, M|100/100\n|move|p2b: Kingambit|Sucker Punch||[still]\n|-fail|p2b: Kingambit\n|move|p2a: Rotom|Thunderbolt|p1a: Dragonite\n|-crit|p1a: Dragonite\n|-damage|p1a: Dragonite|17/100\n|move|p1a: Dragonite|Draco Meteor|p2b: Kingambit\n|-resisted|p2b: Kingambit|1\n|-damage|p2b: Kingambit|1/100\n|-unboost|p1a: Dragonite|spa|2\n|\n|upkeep\n|turn|7\n|\n|t:|1776269005\n|move|p2b: Kingambit|Protect|p2b: Kingambit\n|-singleturn|p2b: Kingambit|Protect\n|move|p1b: Basculegion|Aqua Jet|p2b: Kingambit\n|-activate|p2b: Kingambit|move: Protect\n|move|p2a: Rotom|Electroweb|p1b: Basculegion|[spread] p1a\n|-miss|p2a: Rotom|p1b: Basculegion\n|-damage|p1a: Dragonite|3/100\n|-unboost|p1a: Dragonite|spe|1\n|move|p1a: Dragonite|Draco Meteor|p2a: Rotom\n|-damage|p2a: Rotom|31/100\n|-unboost|p1a: Dragonite|spa|2\n|-enditem|p2a: Rotom|Sitrus Berry|[eat]\n|-heal|p2a: Rotom|56/100|[from] item: Sitrus Berry\n|\n|upkeep\n|turn|8\n|\n|t:|1776269029\n|move|p2b: Kingambit|Protect|p2b: Kingambit\n|-singleturn|p2b: Kingambit|Protect\n|move|p1b: Basculegion|Aqua Jet|p2b: Kingambit\n|-activate|p2b: Kingambit|move: Protect\n|move|p2a: Rotom|Thunderbolt|p1b: Basculegion\n|-supereffective|p1b: Basculegion|1\n|-damage|p1b: Basculegion|23/100\n|move|p1a: Dragonite|Draco Meteor|p2a: Rotom\n|-damage|p2a: Rotom|33/100\n|-unboost|p1a: Dragonite|spa|2\n|\n|upkeep\n|turn|9\n|\n|t:|1776269046\n|move|p2b: Kingambit|Protect||[still]\n|-fail|p2b: Kingambit\n|move|p1b: Basculegion|Aqua Jet|p2b: Kingambit\n|-damage|p2b: Kingambit|0 fnt\n|faint|p2b: Kingambit\n|move|p2a: Rotom|Electroweb|p1a: Dragonite|[spread] p1a,p1b\n|-supereffective|p1b: Basculegion|1\n|-damage|p1a: Dragonite|0 fnt\n|-damage|p1b: Basculegion|0 fnt\n|faint|p1a: Dragonite\n|faint|p1b: Basculegion\n|\n|upkeep\n|\n|t:|1776269059\n|switch|p1b: Sneasler|Sneasler, L50, F|43/100\n|turn|10\n|\n|t:|1776269067\n|move|p1b: Sneasler|Fake Out|p2a: Rotom\n|-damage|p2a: Rotom|16/100\n|cant|p2a: Rotom|flinch\n|\n|upkeep\n|turn|11\n|j| nibrodian\n|\n|t:|1776269074\n|move|p1b: Sneasler|Dire Claw|p2a: Rotom\n|-damage|p2a: Rotom|0 fnt\n|faint|p2a: Rotom\n|\n|win|LJJLONGER\u9f99\u5c06\u519b\n|raw|LJJLONGER\u9f99\u5c06\u519b's rating: 1451 &rarr; <strong>1472</strong><br />(+21 for winning)\n|raw|alvaromoratalla's rating: 1469 &rarr; <strong>1448</strong><br />(-21 for losing)\n|l|\u2606alvaromoratalla\n|player|p2|\n",
  "uploadtime": 1776269080,
  "views": 37,
  "formatid": "gen9championsvgc2026regma",
  "rating": 1448,
  "private": 0,
  "password": null
}