{
  "id": "gen9championsvgc2026regma-2582609079",
  "format": "[Gen 9 Champions] VGC 2026 Reg M-A",
  "players": [
    "knyghtmyr",
    "BigRoflet"
  ],
  "log": "|j|\u2606knyghtmyr\n|j|\u203dBigRoflet\n|t:|1776102406\n|gametype|doubles\n|player|p1|knyghtmyr|265|1000\n|player|p2|BigRoflet|harlequin|1072\n|gen|9\n|tier|[Gen 9 Champions] VGC 2026 Reg M-A\n|rated|\n|rule|Species Clause: Limit one of each Pok\u00e9mon\n|rule|Item Clause: Limit 1 of each item\n|clearpoke\n|poke|p1|Sableye, L50, M|\n|poke|p1|Gengar, L50, F|\n|poke|p1|Corviknight, L50, M|\n|poke|p1|Mamoswine, L50, F|\n|poke|p1|Kangaskhan, L50, F|\n|poke|p1|Rotom-Heat, L50|\n|poke|p2|Sneasler, L50, F|\n|poke|p2|Feraligatr, L50, M|\n|poke|p2|Incineroar, L50, F|\n|poke|p2|Sinistcha, L50|\n|poke|p2|Orthworm, L50, F|\n|poke|p2|Aerodactyl, L50, M|\n|teampreview|4\n|\n|t:|1776102429\n|teamsize|p1|4\n|teamsize|p2|4\n|start\n|switch|p1a: Sableye|Sableye, L50, M|100/100\n|switch|p1b: Gengar|Gengar, L50, F|100/100\n|switch|p2a: Incineroar|Incineroar, L50, F|100/100\n|switch|p2b: Aerodactyl|Aerodactyl, L50, M|100/100\n|-ability|p2b: Aerodactyl|Pressure\n|-ability|p2a: Incineroar|Intimidate|boost\n|-unboost|p1a: Sableye|atk|1\n|-unboost|p1b: Gengar|atk|1\n|turn|1\n|\n|t:|1776102456\n|detailschange|p1b: Gengar|Gengar-Mega, L50, F\n|-mega|p1b: Gengar|Gengar|Gengarite\n|move|p1a: Sableye|Fake Out|p2b: Aerodactyl\n|-resisted|p2b: Aerodactyl|1\n|-damage|p2b: Aerodactyl|97/100\n|move|p1b: Gengar|Shadow Ball|p2b: Aerodactyl\n|-damage|p2b: Aerodactyl|24/100\n|cant|p2b: Aerodactyl|flinch\n|move|p2a: Incineroar|Parting Shot|p1b: Gengar\n|-unboost|p1b: Gengar|atk|1\n|-unboost|p1b: Gengar|spa|1\n|\n|t:|1776102474\n|switch|p2a: Sinistcha|Sinistcha, L50|100/100|[from] Parting Shot\n|-heal|p2b: Aerodactyl|49/100|[from] ability: Hospitality|[of] p2a: Sinistcha\n|\n|upkeep\n|turn|2\n|\n|t:|1776102514\n|move|p1a: Sableye|Helping Hand|p1b: Gengar\n|-singleturn|p1b: Gengar|Helping Hand|[of] p1a: Sableye\n|move|p1b: Gengar|Shadow Ball|p2a: Sinistcha\n|-supereffective|p2a: Sinistcha|1\n|-damage|p2a: Sinistcha|2/100\n|-unboost|p2a: Sinistcha|spd|1\n|move|p2b: Aerodactyl|Tailwind|p2b: Aerodactyl\n|-sidestart|p2: BigRoflet|move: Tailwind\n|move|p2a: Sinistcha|Matcha Gotcha|p1a: Sableye|[spread] p1a,p1b\n|-resisted|p1b: Gengar|1\n|-damage|p1a: Sableye|71/100\n|-heal|p2a: Sinistcha|15/100|[from] drain|[of] p1a: Sableye\n|-damage|p1b: Gengar|85/100\n|-heal|p2a: Sinistcha|21/100|[from] drain|[of] p1b: Gengar\n|-status|p1b: Gengar|brn\n|\n|-heal|p2a: Sinistcha|27/100|[from] item: Leftovers\n|-damage|p1b: Gengar|79/100 brn|[from] brn\n|upkeep\n|turn|3\n|\n|t:|1776102550\n|move|p1b: Gengar|Protect|p1b: Gengar\n|-singleturn|p1b: Gengar|Protect\n|move|p1a: Sableye|Disable|p2a: Sinistcha\n|-start|p2a: Sinistcha|Disable|Matcha Gotcha\n|move|p2b: Aerodactyl|Dual Wingbeat|p1b: Gengar\n|-activate|p1b: Gengar|move: Protect\n|move|p2a: Sinistcha|Strength Sap|p1a: Sableye\n|-unboost|p1a: Sableye|atk|1\n|-heal|p2a: Sinistcha|63/100\n|\n|-heal|p2a: Sinistcha|69/100|[from] item: Leftovers\n|-damage|p1b: Gengar|73/100 brn|[from] brn\n|upkeep\n|turn|4\n|\n|t:|1776102595\n|switch|p1b: Corviknight|Corviknight, L50, M|100/100\n|move|p1a: Sableye|Encore|p2a: Sinistcha\n|-start|p2a: Sinistcha|Encore\n|move|p2b: Aerodactyl|Dual Wingbeat|p1b: Corviknight\n|-resisted|p1b: Corviknight|1\n|-damage|p1b: Corviknight|95/100\n|-resisted|p1b: Corviknight|1\n|-damage|p1b: Corviknight|89/100\n|-hitcount|p1b: Corviknight|2\n|move|p2a: Sinistcha|Strength Sap|p1a: Sableye\n|-unboost|p1a: Sableye|atk|1\n|-heal|p2a: Sinistcha|96/100\n|\n|-heal|p2a: Sinistcha|100/100|[from] item: Leftovers\n|upkeep\n|turn|5\n|\n|t:|1776102617\n|switch|p2b: Feraligatr|Feraligatr, L50, M|100/100\n|switch|p2a: Incineroar|Incineroar, L50, F|100/100\n|-ability|p2a: Incineroar|Intimidate|boost\n|-unboost|p1a: Sableye|atk|1\n|-ability|p1b: Corviknight|Mirror Armor\n|-unboost|p2a: Incineroar|atk|1\n|move|p1a: Sableye|Helping Hand|p1b: Corviknight\n|-singleturn|p1b: Corviknight|Helping Hand|[of] p1a: Sableye\n|move|p1b: Corviknight|Iron Head|p2b: Feraligatr\n|-resisted|p2b: Feraligatr|1\n|-damage|p2b: Feraligatr|80/100\n|\n|-sideend|p2: BigRoflet|move: Tailwind\n|upkeep\n|turn|6\n|\n|t:|1776102643\n|switch|p1a: Gengar|Gengar-Mega, L50, F|73/100 brn\n|move|p2b: Feraligatr|Protect|p2b: Feraligatr\n|-singleturn|p2b: Feraligatr|Protect\n|move|p1b: Corviknight|Body Press|p2a: Incineroar\n|-supereffective|p2a: Incineroar|1\n|-damage|p2a: Incineroar|56/100\n|move|p2a: Incineroar|Will-O-Wisp|p1b: Corviknight\n|-status|p1b: Corviknight|brn\n|\n|-damage|p1a: Gengar|68/100 brn|[from] brn\n|-damage|p1b: Corviknight|83/100 brn|[from] brn\n|upkeep\n|turn|7\n|-activate|p1b: Corviknight|item: Quick Claw\n|\n|t:|1776102676\n|detailschange|p2b: Feraligatr|Feraligatr-Mega, L50, M\n|-mega|p2b: Feraligatr|Feraligatr|Feraligite\n|move|p1a: Gengar|Protect|p1a: Gengar\n|-singleturn|p1a: Gengar|Protect\n|move|p1b: Corviknight|Tailwind|p1b: Corviknight\n|-sidestart|p1: knyghtmyr|move: Tailwind\n|move|p2b: Feraligatr|Facade|p1a: Gengar\n|-activate|p1a: Gengar|move: Protect\n|move|p2a: Incineroar|Parting Shot|p1a: Gengar\n|-activate|p1a: Gengar|move: Protect\n|\n|-damage|p1a: Gengar|62/100 brn|[from] brn\n|-damage|p1b: Corviknight|77/100 brn|[from] brn\n|upkeep\n|turn|8\n|\n|t:|1776102702\n|move|p1a: Gengar|Sludge Wave|p2a: Incineroar|[spread] p2a,p2b\n|-immune|p1b: Corviknight\n|-damage|p2a: Incineroar|12/100\n|-damage|p2b: Feraligatr|40/100\n|move|p1b: Corviknight|Body Press|p2a: Incineroar\n|-supereffective|p2a: Incineroar|1\n|-damage|p2a: Incineroar|0 fnt\n|faint|p2a: Incineroar\n|move|p2b: Feraligatr|Facade|p1a: Gengar\n|-damage|p1a: Gengar|0 fnt\n|faint|p1a: Gengar\n|\n|-damage|p1b: Corviknight|71/100 brn|[from] brn\n|upkeep\n|\n|t:|1776102719\n|switch|p1a: Mamoswine|Mamoswine, L50, F|100/100\n|switch|p2a: Sinistcha|Sinistcha, L50|100/100\n|-heal|p2b: Feraligatr|65/100|[from] ability: Hospitality|[of] p2a: Sinistcha\n|turn|9\n|-activate|p1b: Corviknight|item: Quick Claw\n|\n|t:|1776102739\n|move|p2b: Feraligatr|Protect|p2b: Feraligatr\n|-singleturn|p2b: Feraligatr|Protect\n|move|p1a: Mamoswine|Ice Shard|p2b: Feraligatr\n|-activate|p2b: Feraligatr|move: Protect\n|move|p1b: Corviknight|Iron Head|p2a: Sinistcha\n|-crit|p2a: Sinistcha\n|-damage|p2a: Sinistcha|87/100\n|move|p2a: Sinistcha|Matcha Gotcha|p1a: Mamoswine|[spread] p1a,p1b\n|-supereffective|p1a: Mamoswine|1\n|-resisted|p1b: Corviknight|2\n|-damage|p1a: Mamoswine|27/100\n|-heal|p2a: Sinistcha|100/100|[from] drain|[of] p1a: Mamoswine\n|-damage|p1b: Corviknight|65/100 brn\n|-status|p1a: Mamoswine|brn\n|\n|-damage|p1a: Mamoswine|21/100 brn|[from] brn\n|-damage|p1b: Corviknight|60/100 brn|[from] brn\n|upkeep\n|turn|10\n|\n|t:|1776102799\n|switch|p2b: Aerodactyl|Aerodactyl, L50, M|49/100\n|-ability|p2b: Aerodactyl|Pressure\n|move|p1a: Mamoswine|Icicle Crash|p2a: Sinistcha\n|-supereffective|p2a: Sinistcha|1\n|-damage|p2a: Sinistcha|52/100\n|move|p1b: Corviknight|Body Press|p2b: Aerodactyl\n|-damage|p2b: Aerodactyl|28/100\n|move|p2a: Sinistcha|Strength Sap|p1a: Mamoswine\n|-unboost|p1a: Mamoswine|atk|1\n|-heal|p2a: Sinistcha|100/100\n|\n|-damage|p1a: Mamoswine|15/100 brn|[from] brn\n|-damage|p1b: Corviknight|54/100 brn|[from] brn\n|-sideend|p1: knyghtmyr|move: Tailwind\n|upkeep\n|turn|11\n|\n|t:|1776102822\n|move|p1a: Mamoswine|Protect|p1a: Mamoswine\n|-singleturn|p1a: Mamoswine|Protect\n|move|p2b: Aerodactyl|Tailwind|p2b: Aerodactyl\n|-sidestart|p2: BigRoflet|move: Tailwind\n|move|p2a: Sinistcha|Shadow Ball|p1b: Corviknight\n|-crit|p1b: Corviknight\n|-damage|p1b: Corviknight|6/100 brn\n|move|p1b: Corviknight|Iron Head|p2b: Aerodactyl\n|-supereffective|p2b: Aerodactyl|1\n|-damage|p2b: Aerodactyl|0 fnt\n|faint|p2b: Aerodactyl\n|\n|-damage|p1a: Mamoswine|9/100 brn|[from] brn\n|-damage|p1b: Corviknight|0 fnt|[from] brn\n|faint|p1b: Corviknight\n|upkeep\n|\n|t:|1776102838\n|switch|p2b: Feraligatr|Feraligatr-Mega, L50, M|65/100\n|switch|p1b: Sableye|Sableye, L50, M|71/100\n|turn|12\n|-message|knyghtmyr forfeited.\n|\n|win|BigRoflet\n|raw|knyghtmyr's rating: 1000 &rarr; <strong>1000</strong><br />(+0 for losing)\n|raw|BigRoflet's rating: 1072 &rarr; <strong>1095</strong><br />(+23 for winning)\n|l|\u2606knyghtmyr\n|player|p1|\n",
  "uploadtime": 1776102931,
  "views": 26,
  "formatid": "gen9championsvgc2026regma",
  "rating": 1000,
  "private": 0,
  "password": null
}