{
  "id": "gen9championsvgc2026regma-2582182614",
  "format": "[Gen 9 Champions] VGC 2026 Reg M-A",
  "players": [
    "faric",
    "SkoipVGC"
  ],
  "log": "|j|\u2606faric\n|j|\u2606SkoipVGC\n|t:|1776068423\n|gametype|doubles\n|player|p1|faric|102|1117\n|player|p2|SkoipVGC|ninjaboy|1135\n|gen|9\n|tier|[Gen 9 Champions] VGC 2026 Reg M-A\n|rated|\n|rule|Species Clause: Limit one of each Pok\u00e9mon\n|rule|Item Clause: Limit 1 of each item\n|clearpoke\n|poke|p1|Charizard, L50, F|\n|poke|p1|Venusaur, L50, M|\n|poke|p1|Garchomp, L50, F|\n|poke|p1|Rotom-Wash, L50|\n|poke|p1|Incineroar, L50, M|\n|poke|p1|Sneasler, L50, F|\n|poke|p2|Delphox, L50, F|\n|poke|p2|Basculegion, L50, M|\n|poke|p2|Clefable, L50, F|\n|poke|p2|Kingambit, L50, M|\n|poke|p2|Sneasler, L50, M|\n|poke|p2|Dragonite, L50, M|\n|teampreview|4\n|inactive|Battle timer is ON: inactive players will automatically lose when time's up. (requested by faric)\nSkoipVGC has agreed to open team sheets.\n|inactive|faric has 60 seconds left.\n|\n|t:|1776068460\n|teamsize|p1|4\n|teamsize|p2|4\n|start\n|switch|p1a: Charizard|Charizard, L50, F|100/100\n|switch|p1b: Venusaur|Venusaur, L50, M|100/100\n|switch|p2a: Kingambit|Kingambit, L50, M|100/100\n|switch|p2b: Basculegion|Basculegion, L50, M|100/100\n|turn|1\n|inactive|SkoipVGC has 30 seconds left.\n|inactive|SkoipVGC has 20 seconds left.\n|inactive|SkoipVGC has 15 seconds left.\n|\n|t:|1776068504\n|switch|p2a: Delphox|Delphox, L50, F|100/100\n|detailschange|p1a: Charizard|Charizard-Mega-Y, L50, F\n|-mega|p1a: Charizard|Charizard|Charizardite Y\n|-weather|SunnyDay|[from] ability: Drought|[of] p1a: Charizard\n|move|p1b: Venusaur|Leaf Storm|p2b: Basculegion\n|-supereffective|p2b: Basculegion|1\n|-damage|p2b: Basculegion|0 fnt\n|-unboost|p1b: Venusaur|spa|2\n|faint|p2b: Basculegion\n|move|p1a: Charizard|Heat Wave|p2a: Delphox\n|-resisted|p2a: Delphox|1\n|-damage|p2a: Delphox|51/100\n|\n|-weather|SunnyDay|[upkeep]\n|upkeep\n|\n|t:|1776068521\n|switch|p2b: Sneasler|Sneasler, L50, M|100/100\n|turn|2\n|\n|t:|1776068526\n|switch|p1b: Incineroar|Incineroar, L50, M|100/100\n|-ability|p1b: Incineroar|Intimidate|boost\n|-unboost|p2a: Delphox|atk|1\n|-unboost|p2b: Sneasler|atk|1\n|-enditem|p2b: Sneasler|White Herb\n|-clearnegativeboost|p2b: Sneasler|[silent]\n|detailschange|p2a: Delphox|Delphox-Mega, L50, F\n|-mega|p2a: Delphox|Delphox|Delphoxite\n|move|p1a: Charizard|Protect|p1a: Charizard\n|-singleturn|p1a: Charizard|Protect\n|move|p2b: Sneasler|Fake Out|p1b: Incineroar\n|-damage|p1b: Incineroar|88/100\n|move|p2a: Delphox|Heat Wave|p1a: Charizard|[spread] p1b\n|-activate|p1a: Charizard|move: Protect\n|-resisted|p1b: Incineroar|1\n|-damage|p1b: Incineroar|55/100\n|\n|-weather|SunnyDay|[upkeep]\n|upkeep\n|turn|3\n|\n|t:|1776068550\n|move|p1b: Incineroar|Fake Out|p2b: Sneasler\n|-damage|p2b: Sneasler|77/100\n|cant|p2b: Sneasler|flinch\n|move|p2a: Delphox|Heat Wave|p1b: Incineroar|[spread] p1a,p1b\n|-resisted|p1a: Charizard|1\n|-resisted|p1b: Incineroar|1\n|-damage|p1a: Charizard|66/100\n|-damage|p1b: Incineroar|26/100\n|-enditem|p1b: Incineroar|Sitrus Berry|[eat]\n|-heal|p1b: Incineroar|50/100|[from] item: Sitrus Berry\n|move|p1a: Charizard|Heat Wave|p2b: Sneasler|[spread] p2b\n|-miss|p1a: Charizard|p2a: Delphox\n|-damage|p2b: Sneasler|0 fnt\n|faint|p2b: Sneasler\n|\n|-weather|SunnyDay|[upkeep]\n|upkeep\n|\n|t:|1776068564\n|switch|p2b: Kingambit|Kingambit, L50, M|100/100\n|turn|4\n|\n|t:|1776068573\n|move|p2a: Delphox|Psychic|p1a: Charizard\n|-damage|p1a: Charizard|13/100\n|move|p1a: Charizard|Heat Wave|p2a: Delphox|[spread] p2a\n|-miss|p1a: Charizard|p2b: Kingambit\n|-resisted|p2a: Delphox|1\n|-damage|p2a: Delphox|17/100\n|move|p1b: Incineroar|Darkest Lariat|p2a: Delphox\n|-supereffective|p2a: Delphox|1\n|-damage|p2a: Delphox|0 fnt\n|faint|p2a: Delphox\n|move|p2b: Kingambit|Swords Dance|p2b: Kingambit\n|-boost|p2b: Kingambit|atk|2\n|\n|-weather|SunnyDay|[upkeep]\n|upkeep\n|turn|5\n|\n|t:|1776068586\n|move|p2b: Kingambit|Protect|p2b: Kingambit\n|-singleturn|p2b: Kingambit|Protect\n|move|p1a: Charizard|Weather Ball|p2b: Kingambit\n|-activate|p2b: Kingambit|move: Protect\n|move|p1b: Incineroar|Flare Blitz|p2b: Kingambit\n|-activate|p2b: Kingambit|move: Protect\n|\n|-weather|none\n|upkeep\n|turn|6\n|\n|t:|1776068597\n|switch|p1a: Venusaur|Venusaur, L50, M|100/100\n|move|p2b: Kingambit|Sucker Punch||[still]\n|-fail|p2b: Kingambit\n|move|p1b: Incineroar|Flare Blitz|p2b: Kingambit\n|-supereffective|p2b: Kingambit|1\n|-damage|p2b: Kingambit|8/100\n|-damage|p1b: Incineroar|19/100|[from] Recoil\n|\n|upkeep\n|turn|7\n|\n|t:|1776068611\n|move|p1a: Venusaur|Sleep Powder|p2b: Kingambit\n|-status|p2b: Kingambit|slp|[from] move: Sleep Powder\n|move|p1b: Incineroar|Flare Blitz|p2b: Kingambit\n|-supereffective|p2b: Kingambit|1\n|-damage|p2b: Kingambit|0 fnt\n|faint|p2b: Kingambit\n|-damage|p1b: Incineroar|17/100|[from] Recoil\n|\n|win|faric\n|raw|faric's rating: 1117 &rarr; <strong>1143</strong><br />(+26 for winning)\n|raw|SkoipVGC's rating: 1135 &rarr; <strong>1109</strong><br />(-26 for losing)\n|l|\u2606SkoipVGC\n|player|p2|\n",
  "uploadtime": 1776068622,
  "views": 18,
  "formatid": "gen9championsvgc2026regma",
  "rating": 1109,
  "private": 0,
  "password": null
}