{
  "id": "gen9championsvgc2026regma-2584361927",
  "format": "[Gen 9 Champions] VGC 2026 Reg M-A",
  "players": [
    "QuantumTwinSpark",
    "arutor"
  ],
  "log": "|j|\u2606QuantumTwinSpark\n|j|\u2606arutor\n|t:|1776254932\n|gametype|doubles\n|player|p1|QuantumTwinSpark|cress|1101\n|player|p2|arutor|drayden|1080\n|gen|9\n|tier|[Gen 9 Champions] VGC 2026 Reg M-A\n|rated|\n|rule|Species Clause: Limit one of each Pok\u00e9mon\n|rule|Item Clause: Limit 1 of each item\n|clearpoke\n|poke|p1|Kingambit, L50, F|\n|poke|p1|Primarina, L50, M|\n|poke|p1|Sinistcha, L50|\n|poke|p1|Delphox, L50, F|\n|poke|p1|Drampa, L50, F|\n|poke|p1|Aegislash, L50, F|\n|poke|p2|Sableye, L50, M|\n|poke|p2|Umbreon, L50, M|\n|poke|p2|Tinkaton, L50, F|\n|poke|p2|Corviknight, L50, M|\n|poke|p2|Garchomp, L50, M|\n|poke|p2|Gengar, L50, M|\n|teampreview|4\n|inactive|Battle timer is ON: inactive players will automatically lose when time's up. (requested by arutor)\nQuantumTwinSpark rejected open team sheets.\n|c|\u2606QuantumTwinSpark|umbreon completely hidden behind that hammer lol\n|inactive|QuantumTwinSpark has 60 seconds left.\n|inactive|QuantumTwinSpark has 30 seconds left.\n|inactive|QuantumTwinSpark has 20 seconds left.\n|inactive|QuantumTwinSpark has 15 seconds left.\n|inactive|QuantumTwinSpark has 10 seconds left.\n|\n|t:|1776255018\n|teamsize|p1|4\n|teamsize|p2|4\n|start\n|switch|p1a: Aegislash|Aegislash, L50, F|100/100\n|switch|p1b: Delphox|Delphox, L50, F|100/100\n|switch|p2a: Sableye|Sableye, L50, M|100/100\n|switch|p2b: Gengar|Gengar, L50, M, shiny|100/100\n|turn|1\n|\n|t:|1776255031\n|switch|p1b: Primarina|Primarina, L50, M|100/100\n|detailschange|p2b: Gengar|Gengar-Mega, L50, M, shiny\n|-mega|p2b: Gengar|Gengar|Gengarite\n|move|p2b: Gengar|Perish Song|p2b: Gengar\n|-start|p1a: Aegislash|perish3|[silent]\n|-start|p1b: Primarina|perish3|[silent]\n|-start|p2a: Sableye|perish3|[silent]\n|-start|p2b: Gengar|perish3|[silent]\n|-fieldactivate|move: Perish Song\n|-formechange|p1a: Aegislash|Aegislash-Blade|\n|move|p1a: Aegislash|Poltergeist|p2b: Gengar\n|-activate|p2b: Gengar|move: Poltergeist|Gengarite\n|-supereffective|p2b: Gengar|1\n|-damage|p2b: Gengar|0 fnt\n|faint|p2b: Gengar\n|move|p2a: Sableye|Foul Play|p1b: Primarina\n|-resisted|p1b: Primarina|1\n|-damage|p1b: Primarina|87/100\n|\n|-start|p1b: Primarina|perish3\n|-start|p1a: Aegislash|perish3\n|-start|p2a: Sableye|perish3\n|upkeep\n|inactive|arutor has 30 seconds left.\n|inactive|arutor has 20 seconds left.\n|\n|t:|1776255068\n|switch|p2b: Umbreon|Umbreon, L50, M|100/100\n|turn|2\n|\n|t:|1776255079\n|-formechange|p1a: Aegislash|Aegislash|\n|move|p1a: Aegislash|King's Shield|p1a: Aegislash\n|-singleturn|p1a: Aegislash|Protect\n|move|p2a: Sableye|Thunder Wave|p1b: Primarina\n|-status|p1b: Primarina|par\n|move|p2b: Umbreon|Foul Play|p1a: Aegislash\n|-activate|p1a: Aegislash|move: Protect\n|-unboost|p2b: Umbreon|atk|1\n|move|p1b: Primarina|Moonblast|p2b: Umbreon\n|-supereffective|p2b: Umbreon|1\n|-damage|p2b: Umbreon|37/100\n|\n|-heal|p2b: Umbreon|43/100|[from] item: Leftovers\n|-start|p1a: Aegislash|perish2\n|-start|p2a: Sableye|perish2\n|-start|p1b: Primarina|perish2\n|upkeep\n|turn|3\n|inactive|QuantumTwinSpark has 30 seconds left.\n|inactive|arutor has 30 seconds left.\n|\n|t:|1776255111\n|move|p2b: Umbreon|Protect|p2b: Umbreon\n|-singleturn|p2b: Umbreon|Protect\n|move|p2a: Sableye|Taunt|p1a: Aegislash\n|-start|p1a: Aegislash|move: Taunt\n|-formechange|p1a: Aegislash|Aegislash-Blade|\n|move|p1a: Aegislash|Iron Head|p2b: Umbreon\n|-activate|p2b: Umbreon|move: Protect\n|move|p1b: Primarina|Flip Turn|p2b: Umbreon\n|-activate|p2b: Umbreon|move: Protect\n|\n|-heal|p2b: Umbreon|49/100|[from] item: Leftovers\n|-start|p1a: Aegislash|perish1\n|-start|p2a: Sableye|perish1\n|-start|p1b: Primarina|perish1\n|upkeep\n|turn|4\n|inactive|arutor has 30 seconds left.\n|\n|t:|1776255138\n|switch|p1a: Sinistcha|Sinistcha, L50|100/100\n|-heal|p1b: Primarina|100/100 par|[from] ability: Hospitality|[of] p1a: Sinistcha\n|move|p2b: Umbreon|Foul Play|p1a: Sinistcha\n|-supereffective|p1a: Sinistcha|1\n|-damage|p1a: Sinistcha|60/100\n|move|p2a: Sableye|Foul Play|p1a: Sinistcha\n|-supereffective|p1a: Sinistcha|1\n|-damage|p1a: Sinistcha|23/100\n|move|p1b: Primarina|Flip Turn|p2b: Umbreon\n|-damage|p2b: Umbreon|37/100\n|\n|t:|1776255153\n|switch|p1b: Delphox|Delphox, L50, F|100/100|[from] Flip Turn\n|\n|-heal|p2b: Umbreon|43/100|[from] item: Leftovers\n|-start|p2a: Sableye|perish0\n|upkeep\n|faint|p2a: Sableye\n|\n|t:|1776255160\n|switch|p2a: Garchomp|Garchomp, L50, M|100/100\n|turn|5\n|\n|t:|1776255173\n|detailschange|p1b: Delphox|Delphox-Mega, L50, F\n|-mega|p1b: Delphox|Delphox|Delphoxite\n|move|p2b: Umbreon|Protect|p2b: Umbreon\n|-singleturn|p2b: Umbreon|Protect\n|move|p1b: Delphox|Dazzling Gleam|p2a: Garchomp|[spread] p2a\n|-activate|p2b: Umbreon|move: Protect\n|-supereffective|p2a: Garchomp|1\n|-damage|p2a: Garchomp|42/100\n|move|p2a: Garchomp|Earthquake|p1a: Sinistcha|[spread] p1a\n|-activate|p2b: Umbreon|move: Protect\n|-immune|p1b: Delphox|[from] ability: Levitate\n|-resisted|p1a: Sinistcha|1\n|-damage|p1a: Sinistcha|5/100\n|move|p1a: Sinistcha|Matcha Gotcha|p2b: Umbreon|[spread] p2a\n|-activate|p2b: Umbreon|move: Protect\n|-damage|p2a: Garchomp|6/100\n|-heal|p1a: Sinistcha|24/100|[from] drain|[of] p2a: Garchomp\n|\n|-heal|p2b: Umbreon|49/100|[from] item: Leftovers\n|upkeep\n|turn|6\n|c|\u2606QuantumTwinSpark|gg\n|inactive|arutor has 30 seconds left.\n|\n|t:|1776255199\n|move|p1b: Delphox|Dazzling Gleam|p2b: Umbreon|[spread] p2a,p2b\n|-supereffective|p2a: Garchomp|1\n|-supereffective|p2b: Umbreon|1\n|-damage|p2a: Garchomp|0 fnt\n|-damage|p2b: Umbreon|19/100\n|faint|p2a: Garchomp\n|move|p1a: Sinistcha|Matcha Gotcha|p2b: Umbreon|[miss]\n|-miss|p1a: Sinistcha|p2b: Umbreon\n|move|p2b: Umbreon|Wish|p2b: Umbreon\n|\n|-heal|p2b: Umbreon|25/100|[from] item: Leftovers\n|upkeep\n|turn|7\n|\n|t:|1776255216\n|move|p2b: Umbreon|Protect|p2b: Umbreon\n|-singleturn|p2b: Umbreon|Protect\n|move|p1b: Delphox|Dazzling Gleam|p2b: Umbreon\n|-activate|p2b: Umbreon|move: Protect\n|move|p1a: Sinistcha|Matcha Gotcha|p2b: Umbreon\n|-activate|p2b: Umbreon|move: Protect\n|\n|-heal|p2b: Umbreon|75/100|[from] move: Wish|[wisher] Umbreon\n|-heal|p2b: Umbreon|81/100|[from] item: Leftovers\n|upkeep\n|turn|8\n|\n|t:|1776255231\n|move|p1b: Delphox|Dazzling Gleam|p2b: Umbreon\n|-supereffective|p2b: Umbreon|1\n|-damage|p2b: Umbreon|35/100\n|move|p1a: Sinistcha|Matcha Gotcha|p2b: Umbreon|[miss]\n|-miss|p1a: Sinistcha|p2b: Umbreon\n|move|p2b: Umbreon|Foul Play|p1b: Delphox\n|-supereffective|p1b: Delphox|1\n|-damage|p1b: Delphox|24/100\n|\n|-heal|p2b: Umbreon|41/100|[from] item: Leftovers\n|upkeep\n|turn|9\n|\n|t:|1776255244\n|move|p2b: Umbreon|Protect|p2b: Umbreon\n|-singleturn|p2b: Umbreon|Protect\n|move|p1b: Delphox|Dazzling Gleam|p2b: Umbreon\n|-activate|p2b: Umbreon|move: Protect\n|move|p1a: Sinistcha|Matcha Gotcha|p2b: Umbreon\n|-activate|p2b: Umbreon|move: Protect\n|\n|-heal|p2b: Umbreon|47/100|[from] item: Leftovers\n|upkeep\n|turn|10\n|\n|t:|1776255257\n|move|p1b: Delphox|Dazzling Gleam|p2b: Umbreon\n|-supereffective|p2b: Umbreon|1\n|-damage|p2b: Umbreon|1/100\n|move|p1a: Sinistcha|Matcha Gotcha|p2b: Umbreon\n|-damage|p2b: Umbreon|0 fnt\n|-heal|p1a: Sinistcha|24/100|[from] drain|[of] p2b: Umbreon\n|faint|p2b: Umbreon\n|\n|win|QuantumTwinSpark\n|raw|QuantumTwinSpark's rating: 1101 &rarr; <strong>1124</strong><br />(+23 for winning)\n|raw|arutor's rating: 1080 &rarr; <strong>1059</strong><br />(-21 for losing)\n|l|\u2606arutor\n|player|p2|\n",
  "uploadtime": 1776256301,
  "views": 19,
  "formatid": "gen9championsvgc2026regma",
  "rating": 1059,
  "private": 0,
  "password": null
}