{
  "id": "gen9championsvgc2026regma-2587258302",
  "format": "[Gen 9 Champions] VGC 2026 Reg M-A",
  "players": [
    "DarkPrinceZack",
    "empoleon154"
  ],
  "log": "|j|\u2606DarkPrinceZack\n|j|\u2606empoleon154\n|html|<table width=\"100%\"><tr><td align=\"left\">DarkPrinceZack</td><td align=\"right\">empoleon154</tr><tr><td align=\"left\"><i class=\"fa fa-circle-o\"></i> <i class=\"fa fa-circle-o\"></i> </td><td align=\"right\"><i class=\"fa fa-circle-o\"></i> <i class=\"fa fa-circle-o\"></i> </tr></table>\n|uhtml|bestof|<h2><strong>Game 1</strong> of <a href=\"/game-bestof3-gen9championsvgc2026regma-2587258301\">a best-of-3</a></h2>\n|t:|1776515352\n|gametype|doubles\n|player|p1|DarkPrinceZack|cheren-gen5bw2|\n|player|p2|empoleon154|bruno|\n|gen|9\n|tier|[Gen 9 Champions] VGC 2026 Reg M-A\n|rule|Species Clause: Limit one of each Pok\u00e9mon\n|rule|Item Clause: Limit 1 of each item\n|raw|<div class=\"infobox\"><details class=\"readmore\" open><summary><strong>1 custom rule:</strong></summary> Best of = 3</details></div>\n|clearpoke\n|poke|p1|Typhlosion-Hisui, L50, M|\n|poke|p1|Whimsicott, L50, M|\n|poke|p1|Farigiraf, L50, M|\n|poke|p1|Kangaskhan, L50, F|\n|poke|p1|Sneasler, L50, M|\n|poke|p1|Floette-Eternal, L50, F|\n|poke|p2|Charizard, L50, F|\n|poke|p2|Milotic, L50, M|\n|poke|p2|Meowscarada, L50, M|\n|poke|p2|Clefable, L50, M|\n|poke|p2|Kingambit, L50, F|\n|poke|p2|Sneasler, L50, F|\n|teampreview|4\n|\n|t:|1776515402\n|teamsize|p1|4\n|teamsize|p2|4\n|start\n|switch|p1a: Typhlosion|Typhlosion-Hisui, L50, M|100/100\n|switch|p1b: Whimsicott|Whimsicott, L50, M|100/100\n|switch|p2a: Meowscarada|Meowscarada, L50, M|100/100\n|switch|p2b: Clefable|Clefable, L50, M|100/100\n|-item|p2a: Meowscarada|Choice Scarf|[from] ability: Frisk|[of] p1a: Typhlosion\n|-item|p2b: Clefable|Sitrus Berry|[from] ability: Frisk|[of] p1a: Typhlosion\n|turn|1\n|\n|t:|1776515434\n|move|p1b: Whimsicott|Tailwind|p1b: Whimsicott\n|-sidestart|p1: DarkPrinceZack|move: Tailwind\n|move|p1a: Typhlosion|Eruption|p2b: Clefable|[spread] p2a,p2b\n|-supereffective|p2a: Meowscarada|1\n|-damage|p2a: Meowscarada|0 fnt\n|-damage|p2b: Clefable|50/100\n|-enditem|p2b: Clefable|Sitrus Berry|[eat]\n|-heal|p2b: Clefable|75/100|[from] item: Sitrus Berry\n|faint|p2a: Meowscarada\n|move|p2b: Clefable|Moonblast|p1a: Typhlosion\n|-resisted|p1a: Typhlosion|1\n|-damage|p1a: Typhlosion|78/100\n|\n|upkeep\n|\n|t:|1776515445\n|switch|p2a: Kingambit|Kingambit, L50, F|100/100\n|turn|2\n|\n|t:|1776515461\n|switch|p1b: Farigiraf|Farigiraf, L50, M|100/100\n|move|p2a: Kingambit|Sucker Punch||[still]\n|cant|p1b: Farigiraf|ability: Armor Tail|Sucker Punch|[of] p2a: Kingambit\n|move|p1a: Typhlosion|Eruption|p2a: Kingambit|[spread] p2a,p2b\n|-supereffective|p2a: Kingambit|1\n|-damage|p2a: Kingambit|8/100\n|-damage|p2b: Clefable|31/100\n|move|p2b: Clefable|Ice Beam|p1b: Farigiraf\n|-damage|p1b: Farigiraf|81/100\n|\n|upkeep\n|turn|3\n|j| Pokekman\n|\n|t:|1776515491\n|move|p1b: Farigiraf|Helping Hand|p1a: Typhlosion\n|-singleturn|p1a: Typhlosion|Helping Hand|[of] p1b: Farigiraf\n|move|p1a: Typhlosion|Eruption|p2a: Kingambit|[spread] p2a,p2b\n|-supereffective|p2a: Kingambit|1\n|-damage|p2a: Kingambit|0 fnt\n|-damage|p2b: Clefable|0 fnt\n|faint|p2a: Kingambit\n|faint|p2b: Clefable\n|\n|upkeep\n|\n|t:|1776515500\n|switch|p2b: Milotic|Milotic, L50, M|100/100\n|turn|4\n|\n|t:|1776515506\n|switch|p1a: Whimsicott|Whimsicott, L50, M|100/100\n|move|p1b: Farigiraf|Psychic|p2b: Milotic\n|-damage|p2b: Milotic|74/100\n|move|p2b: Milotic|Scald|p1a: Whimsicott\n|-resisted|p1a: Whimsicott|1\n|-damage|p1a: Whimsicott|78/100\n|\n|-heal|p2b: Milotic|80/100|[from] item: Leftovers\n|-sideend|p1: DarkPrinceZack|move: Tailwind\n|upkeep\n|turn|5\n|\n|t:|1776515518\n|move|p1a: Whimsicott|Sunny Day|p1a: Whimsicott\n|-weather|SunnyDay\n|move|p2b: Milotic|Icy Wind|p1a: Whimsicott|[spread] p1a\n|-miss|p2b: Milotic|p1b: Farigiraf\n|-supereffective|p1a: Whimsicott|1\n|-damage|p1a: Whimsicott|46/100\n|-unboost|p1a: Whimsicott|spe|1\n|move|p1b: Farigiraf|Psychic|p2b: Milotic\n|-damage|p2b: Milotic|51/100\n|\n|-weather|SunnyDay|[upkeep]\n|-heal|p2b: Milotic|57/100|[from] item: Leftovers\n|upkeep\n|turn|6\n|\n|t:|1776515536\n|move|p1a: Whimsicott|Moonblast|p2b: Milotic\n|-damage|p2b: Milotic|34/100\n|move|p2b: Milotic|Icy Wind|p1b: Farigiraf|[spread] p1a,p1b\n|-supereffective|p1a: Whimsicott|1\n|-damage|p1a: Whimsicott|15/100\n|-damage|p1b: Farigiraf|73/100\n|-unboost|p1a: Whimsicott|spe|1\n|-unboost|p1b: Farigiraf|spe|1\n|move|p1b: Farigiraf|Psychic|p2b: Milotic\n|-damage|p2b: Milotic|8/100\n|\n|-weather|SunnyDay|[upkeep]\n|-heal|p2b: Milotic|14/100|[from] item: Leftovers\n|upkeep\n|turn|7\n|\n|t:|1776515549\n|move|p2b: Milotic|Icy Wind|p1b: Farigiraf|[spread] p1a,p1b\n|-supereffective|p1a: Whimsicott|1\n|-damage|p1a: Whimsicott|0 fnt\n|-damage|p1b: Farigiraf|64/100\n|-unboost|p1b: Farigiraf|spe|1\n|faint|p1a: Whimsicott\n|move|p1b: Farigiraf|Psychic|p2b: Milotic\n|-damage|p2b: Milotic|0 fnt\n|faint|p2b: Milotic\n|\n|win|DarkPrinceZack\n",
  "uploadtime": 1776515549,
  "views": 13,
  "formatid": "gen9championsvgc2026regma",
  "rating": null,
  "private": 0,
  "password": null
}