{
  "id": "gen9championsvgc2026regma-2588072031",
  "format": "[Gen 9 Champions] VGC 2026 Reg M-A",
  "players": [
    "DOU Test 9000",
    "crumbs365"
  ],
  "log": "|j|\u2606DOU Test 9000\n|j|\u2606crumbs365\n|t:|1776600957\n|gametype|doubles\n|player|p1|DOU Test 9000|pilot|1074\n|player|p2|crumbs365|tuber|1103\n|gen|9\n|tier|[Gen 9 Champions] VGC 2026 Reg M-A\n|rated|\n|rule|Species Clause: Limit one of each Pok\u00e9mon\n|rule|Item Clause: Limit 1 of each item\n|clearpoke\n|poke|p1|Sneasler, L50, F|\n|poke|p1|Arcanine, L50, F|\n|poke|p1|Samurott-Hisui, L50, F|\n|poke|p1|Froslass, L50, F|\n|poke|p1|Rotom-Wash, L50|\n|poke|p1|Armarouge, L50, F|\n|poke|p2|Blastoise, L50, F|\n|poke|p2|Klefki, L50, M|\n|poke|p2|Appletun, L50, F|\n|poke|p2|Armarouge, L50, F|\n|poke|p2|Aerodactyl, L50, F|\n|poke|p2|Dragapult, L50, M|\n|teampreview|4\n|inactive|Battle timer is ON: inactive players will automatically lose when time's up. (requested by crumbs365)\ncrumbs365 has agreed to open team sheets.\n|\n|t:|1776600992\n|teamsize|p1|4\n|teamsize|p2|4\n|start\n|switch|p1a: Samurott|Samurott-Hisui, L50, F|100/100\n|switch|p1b: Froslass|Froslass, L50, F|100/100\n|switch|p2a: Armarouge|Armarouge, L50, F|100/100\n|switch|p2b: Klefki|Klefki, L50, M|100/100\n|turn|1\n|\n|t:|1776601016\n|detailschange|p1b: Froslass|Froslass-Mega, L50, F\n|-mega|p1b: Froslass|Froslass|Froslassite\n|-weather|Snowscape|[from] ability: Snow Warning|[of] p1b: Froslass\n|move|p2b: Klefki|Reflect|p2b: Klefki\n|-sidestart|p2: crumbs365|Reflect\n|move|p1b: Froslass|Aurora Veil|p1b: Froslass\n|-sidestart|p1: DOU Test 9000|move: Aurora Veil\n|move|p1a: Samurott|Night Slash|p2a: Armarouge\n|-supereffective|p2a: Armarouge|1\n|-crit|p2a: Armarouge\n|-enditem|p2a: Armarouge|Focus Sash\n|-damage|p2a: Armarouge|1/100\n|move|p2a: Armarouge|Trick Room|p2a: Armarouge\n|-fieldstart|move: Trick Room|[of] p2a: Armarouge\n|\n|-weather|Snowscape|[upkeep]\n|upkeep\n|turn|2\n|\n|t:|1776601034\n|move|p2b: Klefki|Light Screen|p2b: Klefki\n|-sidestart|p2: crumbs365|move: Light Screen\n|move|p1a: Samurott|Sucker Punch||[still]\n|-fail|p1a: Samurott\n|move|p2a: Armarouge|Destiny Bond|p2a: Armarouge\n|-singlemove|p2a: Armarouge|Destiny Bond\n|move|p1b: Froslass|Blizzard|p2b: Klefki|[spread] p2a,p2b\n|-resisted|p2a: Armarouge|1\n|-resisted|p2b: Klefki|1\n|-damage|p2a: Armarouge|0 fnt\n|-damage|p2b: Klefki|85/100\n|faint|p2a: Armarouge\n|-activate|p2a: Armarouge|move: Destiny Bond\n|faint|p1b: Froslass\n|\n|-weather|Snowscape|[upkeep]\n|upkeep\n|\n|t:|1776601052\n|switch|p2a: Appletun|Appletun, L50, F|100/100\n|switch|p1b: Rotom|Rotom-Wash, L50|100/100\n|turn|3\n|\n|t:|1776601073\n|move|p1a: Samurott|Protect|p1a: Samurott\n|-singleturn|p1a: Samurott|Protect\n|move|p2a: Appletun|Apple Acid|p1a: Samurott\n|-activate|p1a: Samurott|move: Protect\n|move|p2b: Klefki|Dazzling Gleam|p1b: Rotom|[spread] p1b\n|-activate|p1a: Samurott|move: Protect\n|-damage|p1b: Rotom|89/100\n|move|p1b: Rotom|Thunderbolt|p2b: Klefki\n|-damage|p2b: Klefki|60/100\n|\n|-weather|Snowscape|[upkeep]\n|upkeep\n|turn|4\n|\n|t:|1776601087\n|switch|p1a: Sneasler|Sneasler, L50, F|100/100\n|move|p2a: Appletun|Apple Acid|p1a: Sneasler\n|-resisted|p1a: Sneasler|1\n|-damage|p1a: Sneasler|85/100\n|-unboost|p1a: Sneasler|spd|1\n|move|p2b: Klefki|Dazzling Gleam|p1a: Sneasler|[spread] p1a,p1b\n|-damage|p1a: Sneasler|58/100\n|-damage|p1b: Rotom|76/100\n|move|p1b: Rotom|Will-O-Wisp|p2a: Appletun\n|-status|p2a: Appletun|brn\n|\n|-weather|Snowscape|[upkeep]\n|-damage|p2a: Appletun|95/100 brn|[from] brn\n|upkeep\n|turn|5\n|\n|t:|1776601102\n|move|p1b: Rotom|Protect|p1b: Rotom\n|-singleturn|p1b: Rotom|Protect\n|move|p1a: Sneasler|Protect|p1a: Sneasler\n|-singleturn|p1a: Sneasler|Protect\n|move|p2a: Appletun|Draco Meteor|p1a: Sneasler\n|-activate|p1a: Sneasler|move: Protect\n|move|p2b: Klefki|Dazzling Gleam|p1b: Rotom|[spread] \n|-activate|p1a: Sneasler|move: Protect\n|-activate|p1b: Rotom|move: Protect\n|\n|-weather|none\n|-damage|p2a: Appletun|89/100 brn|[from] brn\n|-sideend|p2: crumbs365|Reflect\n|-sideend|p1: DOU Test 9000|move: Aurora Veil\n|-fieldend|move: Trick Room\n|upkeep\n|turn|6\n|\n|t:|1776601123\n|move|p2b: Klefki|Reflect|p2b: Klefki\n|-sidestart|p2: crumbs365|Reflect\n|move|p1a: Sneasler|Dire Claw|p2a: Appletun\n|-supereffective|p2a: Appletun|1\n|-damage|p2a: Appletun|53/100 brn\n|move|p1b: Rotom|Thunderbolt|p2b: Klefki\n|-damage|p2b: Klefki|35/100\n|move|p2a: Appletun|Apple Acid|p1b: Rotom\n|-supereffective|p1b: Rotom|1\n|-damage|p1b: Rotom|10/100\n|-unboost|p1b: Rotom|spd|1\n|-enditem|p1b: Rotom|Sitrus Berry|[eat]\n|-heal|p1b: Rotom|35/100|[from] item: Sitrus Berry\n|\n|-damage|p2a: Appletun|47/100 brn|[from] brn\n|-sideend|p2: crumbs365|move: Light Screen\n|upkeep\n|-activate|p2a: Appletun|ability: Ripen\n|-enditem|p2a: Appletun|Sitrus Berry|[eat]\n|-heal|p2a: Appletun|97/100 brn|[from] item: Sitrus Berry\n|turn|7\n|\n|t:|1776601144\n|move|p2b: Klefki|Light Screen|p2b: Klefki\n|-sidestart|p2: crumbs365|move: Light Screen\n|move|p1a: Sneasler|Dire Claw|p2a: Appletun\n|-supereffective|p2a: Appletun|1\n|-damage|p2a: Appletun|63/100 brn\n|move|p1b: Rotom|Hydro Pump|p2b: Klefki\n|-damage|p2b: Klefki|0 fnt\n|faint|p2b: Klefki\n|move|p2a: Appletun|Draco Meteor|p1a: Sneasler\n|-damage|p1a: Sneasler|0 fnt\n|-unboost|p2a: Appletun|spa|2\n|faint|p1a: Sneasler\n|\n|-damage|p2a: Appletun|57/100 brn|[from] brn\n|upkeep\n|\n|t:|1776601155\n|switch|p1a: Samurott|Samurott-Hisui, L50, F|100/100\n|switch|p2b: Blastoise|Blastoise, L50, F|100/100\n|turn|8\n|\n|t:|1776601166\n|detailschange|p2b: Blastoise|Blastoise-Mega, L50, F\n|-mega|p2b: Blastoise|Blastoise|Blastoisinite\n|move|p2a: Appletun|Helping Hand|p2b: Blastoise\n|-singleturn|p2b: Blastoise|Helping Hand|[of] p2a: Appletun\n|move|p1b: Rotom|Protect|p1b: Rotom\n|-singleturn|p1b: Rotom|Protect\n|move|p1a: Samurott|Protect|p1a: Samurott\n|-singleturn|p1a: Samurott|Protect\n|move|p2b: Blastoise|Aura Sphere|p1a: Samurott\n|-activate|p1a: Samurott|move: Protect\n|\n|-damage|p2a: Appletun|51/100 brn|[from] brn\n|upkeep\n|turn|9\n|inactive|DOU Test 9000 has 30 seconds left.\n|\n|t:|1776601191\n|move|p2b: Blastoise|Protect|p2b: Blastoise\n|-singleturn|p2b: Blastoise|Protect\n|move|p1b: Rotom|Thunderbolt|p2b: Blastoise\n|-activate|p2b: Blastoise|move: Protect\n|move|p1a: Samurott|Night Slash|p2b: Blastoise\n|-activate|p2b: Blastoise|move: Protect\n|move|p2a: Appletun|Apple Acid|p1b: Rotom\n|-supereffective|p1b: Rotom|1\n|-damage|p1b: Rotom|0 fnt\n|faint|p1b: Rotom\n|\n|-damage|p2a: Appletun|45/100 brn|[from] brn\n|upkeep\n|turn|10\n|\n|t:|1776601209\n|move|p2a: Appletun|Helping Hand|p2b: Blastoise\n|-singleturn|p2b: Blastoise|Helping Hand|[of] p2a: Appletun\n|move|p1a: Samurott|Protect|p1a: Samurott\n|-singleturn|p1a: Samurott|Protect\n|move|p2b: Blastoise|Aura Sphere|p1a: Samurott\n|-activate|p1a: Samurott|move: Protect\n|\n|-damage|p2a: Appletun|39/100 brn|[from] brn\n|-sideend|p2: crumbs365|Reflect\n|upkeep\n|turn|11\n|\n|t:|1776601216\n|move|p2a: Appletun|Helping Hand|p2b: Blastoise\n|-singleturn|p2b: Blastoise|Helping Hand|[of] p2a: Appletun\n|move|p1a: Samurott|Night Slash|p2b: Blastoise\n|-damage|p2b: Blastoise|63/100\n|move|p2b: Blastoise|Aura Sphere|p1a: Samurott\n|-supereffective|p1a: Samurott|1\n|-damage|p1a: Samurott|0 fnt\n|faint|p1a: Samurott\n|\n|win|crumbs365\n|raw|DOU Test 9000's rating: 1074 &rarr; <strong>1055</strong><br />(-19 for losing)\n|raw|crumbs365's rating: 1103 &rarr; <strong>1126</strong><br />(+23 for winning)\n|c|\u2606crumbs365|gg\n|l|\u2606DOU Test 9000\n|player|p1|\n",
  "uploadtime": 1776601258,
  "views": 10,
  "formatid": "gen9championsvgc2026regma",
  "rating": 1055,
  "private": 0,
  "password": null
}