{
  "id": "gen9championsvgc2026regma-2584970097",
  "format": "[Gen 9 Champions] VGC 2026 Reg M-A",
  "players": [
    "Cooltrainerbu",
    "3000 moths"
  ],
  "log": "|j|\u2606Cooltrainerbu\n|j|\u26063000 moths\n|t:|1776299270\n|gametype|doubles\n|player|p1|Cooltrainerbu|n|1216\n|player|p2|3000 moths|miku-ghost|1224\n|gen|9\n|tier|[Gen 9 Champions] VGC 2026 Reg M-A\n|rated|\n|rule|Species Clause: Limit one of each Pok\u00e9mon\n|rule|Item Clause: Limit 1 of each item\n|clearpoke\n|poke|p1|Charizard, L50, F|\n|poke|p1|Whimsicott, L50, F|\n|poke|p1|Garchomp, L50, F|\n|poke|p1|Sneasler, L50, M|\n|poke|p1|Maushold, L50|\n|poke|p1|Incineroar, L50, M|\n|poke|p2|Incineroar, L50, F|\n|poke|p2|Gengar, L50, F|\n|poke|p2|Kommo-o, L50, F|\n|poke|p2|Politoed, L50, M|\n|poke|p2|Palafin, L50, F|\n|poke|p2|Sinistcha, L50|\n|teampreview|4\n|inactive|Battle timer is ON: inactive players will automatically lose when time's up. (requested by 3000 moths)\n|inactive|Cooltrainerbu has 60 seconds left.\n|inactive|3000 moths has 60 seconds left.\n|\n|t:|1776299319\n|teamsize|p1|4\n|teamsize|p2|4\n|start\n|switch|p1a: Incineroar|Incineroar, L50, M|100/100\n|switch|p1b: Maushold|Maushold, L50|100/100\n|switch|p2a: Palafin|Palafin, L50, F|100/100\n|switch|p2b: Politoed|Politoed, L50, M|100/100\n|-weather|RainDance|[from] ability: Drizzle|[of] p2b: Politoed\n|-ability|p1a: Incineroar|Intimidate|boost\n|-unboost|p2a: Palafin|atk|1\n|-unboost|p2b: Politoed|atk|1\n|turn|1\n|\n|t:|1776299333\n|detailschange|p2a: Palafin|Palafin-Hero, L50, F\n|switch|p2a: Incineroar|Incineroar, L50, F|100/100\n|-ability|p2a: Incineroar|Intimidate|boost\n|-unboost|p1a: Incineroar|atk|1\n|-unboost|p1b: Maushold|atk|1\n|move|p1a: Incineroar|Fake Out|p2a: Incineroar\n|-damage|p2a: Incineroar|93/100\n|move|p1b: Maushold|Taunt|p2b: Politoed\n|-start|p2b: Politoed|move: Taunt\n|-enditem|p2b: Politoed|Mental Herb\n|-end|p2b: Politoed|move: Taunt\n|move|p2b: Politoed|Weather Ball|p1a: Incineroar\n|-supereffective|p1a: Incineroar|1\n|-damage|p1a: Incineroar|23/100\n|-enditem|p1a: Incineroar|Sitrus Berry|[eat]\n|-heal|p1a: Incineroar|48/100|[from] item: Sitrus Berry\n|\n|-weather|RainDance|[upkeep]\n|upkeep\n|turn|2\n|inactive|Cooltrainerbu has 30 seconds left.\n|\n|t:|1776299361\n|switch|p1a: Whimsicott|Whimsicott, L50, F|100/100\n|move|p2a: Incineroar|Fake Out|p1b: Maushold\n|-damage|p1b: Maushold|85/100\n|cant|p1b: Maushold|flinch\n|move|p2b: Politoed|Weather Ball|p1a: Whimsicott\n|-resisted|p1a: Whimsicott|1\n|-damage|p1a: Whimsicott|66/100\n|\n|-weather|RainDance|[upkeep]\n|upkeep\n|turn|3\n|\n|t:|1776299385\n|move|p1a: Whimsicott|Encore|p2a: Incineroar\n|-hint|Since gen 7, Dark is immune to Prankster moves.\n|-immune|p2a: Incineroar\n|move|p1b: Maushold|Super Fang|p2b: Politoed\n|-damage|p2b: Politoed|51/100\n|move|p2b: Politoed|Weather Ball|p1a: Whimsicott\n|-resisted|p1a: Whimsicott|1\n|-damage|p1a: Whimsicott|28/100\n|move|p2a: Incineroar|Parting Shot|p1a: Whimsicott\n|-unboost|p1a: Whimsicott|atk|1\n|-unboost|p1a: Whimsicott|spa|1\n|\n|t:|1776299392\n|switch|p2a: Gengar|Gengar, L50, F|100/100|[from] Parting Shot\n|\n|-weather|RainDance|[upkeep]\n|upkeep\n|turn|4\n|\n|t:|1776299413\n|switch|p1a: Incineroar|Incineroar, L50, M|48/100\n|-ability|p1a: Incineroar|Intimidate|boost\n|-unboost|p2a: Gengar|atk|1\n|-unboost|p2b: Politoed|atk|1\n|switch|p2b: Incineroar|Incineroar, L50, F|93/100\n|-ability|p2b: Incineroar|Intimidate|boost\n|-unboost|p1a: Incineroar|atk|1\n|-unboost|p1b: Maushold|atk|1\n|detailschange|p2a: Gengar|Gengar-Mega, L50, F\n|-mega|p2a: Gengar|Gengar|Gengarite\n|move|p2a: Gengar|Sludge Bomb|p1b: Maushold\n|-damage|p1b: Maushold|7/100\n|-status|p1b: Maushold|psn\n|move|p1b: Maushold|Taunt|p2b: Incineroar\n|-start|p2b: Incineroar|move: Taunt\n|\n|-weather|RainDance|[upkeep]\n|-damage|p1b: Maushold|0 fnt|[from] psn\n|faint|p1b: Maushold\n|upkeep\n|inactive|Cooltrainerbu has 30 seconds left.\n|\n|t:|1776299442\n|switch|p1b: Charizard|Charizard, L50, F|100/100\n|turn|5\n|\n|t:|1776299455\n|move|p1b: Charizard|Protect|p1b: Charizard\n|-singleturn|p1b: Charizard|Protect\n|move|p2b: Incineroar|Fake Out|p1b: Charizard\n|-activate|p1b: Charizard|move: Protect\n|move|p2a: Gengar|Sludge Bomb|p1a: Incineroar\n|-damage|p1a: Incineroar|0 fnt\n|faint|p1a: Incineroar\n|\n|-weather|none\n|upkeep\n|\n|t:|1776299466\n|switch|p1a: Whimsicott|Whimsicott, L50, F|28/100\n|turn|6\n|inactive|Cooltrainerbu has 30 seconds left.\n|\n|t:|1776299495\n|move|p2a: Gengar|Protect|p2a: Gengar\n|-singleturn|p2a: Gengar|Protect\n|move|p1a: Whimsicott|Tailwind|p1a: Whimsicott\n|-sidestart|p1: Cooltrainerbu|move: Tailwind\n|move|p1b: Charizard|Weather Ball|p2a: Gengar\n|-activate|p2a: Gengar|move: Protect\n|move|p2b: Incineroar|Darkest Lariat|p1a: Whimsicott\n|-resisted|p1a: Whimsicott|1\n|-damage|p1a: Whimsicott|2/100\n|\n|-end|p2b: Incineroar|move: Taunt\n|upkeep\n|turn|7\n|inactive|Cooltrainerbu has 30 seconds left.\n|inactive|3000 moths has 30 seconds left.\n|\n|t:|1776299524\n|switch|p2a: Palafin|Palafin-Hero, L50, F|100/100\n|-activate|p2a: Palafin|ability: Zero to Hero\n|detailschange|p1b: Charizard|Charizard-Mega-Y, L50, F\n|-mega|p1b: Charizard|Charizard|Charizardite Y\n|-weather|SunnyDay|[from] ability: Drought|[of] p1b: Charizard\n|move|p1a: Whimsicott|Encore||[still]\n|-fail|p1a: Whimsicott\n|move|p1b: Charizard|Heat Wave|p2b: Incineroar|[spread] p2a,p2b\n|-resisted|p2a: Palafin|1\n|-resisted|p2b: Incineroar|1\n|-damage|p2a: Palafin|64/100\n|-damage|p2b: Incineroar|66/100\n|move|p2b: Incineroar|Darkest Lariat|p1a: Whimsicott\n|-resisted|p1a: Whimsicott|1\n|-damage|p1a: Whimsicott|0 fnt\n|faint|p1a: Whimsicott\n|\n|-weather|SunnyDay|[upkeep]\n|upkeep\n|turn|8\n|c|\u26063000 moths|gg\n|\n|t:|1776299545\n|switch|p2b: Politoed|Politoed, L50, M|51/100\n|-weather|RainDance|[from] ability: Drizzle|[of] p2b: Politoed\n|move|p2a: Palafin|Jet Punch|p1b: Charizard\n|-supereffective|p1b: Charizard|1\n|-damage|p1b: Charizard|0 fnt\n|faint|p1b: Charizard\n|\n|win|3000 moths\n|raw|Cooltrainerbu's rating: 1216 &rarr; <strong>1192</strong><br />(-24 for losing)\n|raw|3000 moths's rating: 1224 &rarr; <strong>1248</strong><br />(+24 for winning)\n",
  "uploadtime": 1776299549,
  "views": 19,
  "formatid": "gen9championsvgc2026regma",
  "rating": 1192,
  "private": 0,
  "password": null
}