{
  "id": "gen9championsvgc2026regma-2587176249",
  "format": "[Gen 9 Champions] VGC 2026 Reg M-A",
  "players": [
    "Psicopatic",
    "sdbjj"
  ],
  "log": "|j|\u2606Psicopatic\n|j|\u2606sdbjj\n|t:|1776504586\n|gametype|doubles\n|player|p1|Psicopatic|266|1452\n|player|p2|sdbjj|265|1468\n|gen|9\n|tier|[Gen 9 Champions] VGC 2026 Reg M-A\n|rated|\n|rule|Species Clause: Limit one of each Pok\u00e9mon\n|rule|Item Clause: Limit 1 of each item\n|clearpoke\n|poke|p1|Politoed, L50, F|\n|poke|p1|Incineroar, L50, M|\n|poke|p1|Gengar, L50, F|\n|poke|p1|Palafin, L50, F|\n|poke|p1|Sableye, L50, F|\n|poke|p1|Kingambit, L50, M|\n|poke|p2|Snorlax, L50, M|\n|poke|p2|Hawlucha, L50, M|\n|poke|p2|Incineroar, L50, M|\n|poke|p2|Sinistcha, L50|\n|poke|p2|Sableye, L50, F|\n|poke|p2|Zoroark-Hisui, L50, M|\n|teampreview|4\n|j| ImClarenceClaymore\n|\n|t:|1776504646\n|teamsize|p1|4\n|teamsize|p2|4\n|start\n|switch|p1a: Gengar|Gengar, L50, F|100/100\n|switch|p1b: Palafin|Palafin, L50, F|100/100\n|switch|p2a: Snorlax|Snorlax, L50, M|100/100\n|switch|p2b: Hawlucha|Hawlucha, L50, M|100/100\n|-ability|p2b: Hawlucha|Mold Breaker\n|turn|1\n|inactive|Battle timer is ON: inactive players will automatically lose when time's up. (requested by sdbjj)\n|j| nyoomington\n|inactive|Psicopatic has 60 seconds left.\n|\n|t:|1776504680\n|detailschange|p1b: Palafin|Palafin-Hero, L50, F\n|switch|p1b: Sableye|Sableye, L50, F|100/100\n|detailschange|p2b: Hawlucha|Hawlucha-Mega, L50, M\n|-mega|p2b: Hawlucha|Hawlucha|Hawluchanite\n|detailschange|p1a: Gengar|Gengar-Mega, L50, F\n|-mega|p1a: Gengar|Gengar|Gengarite\n|move|p1a: Gengar|Perish Song|p1a: Gengar\n|-start|p1a: Gengar|perish3|[silent]\n|-start|p1b: Sableye|perish3|[silent]\n|-start|p2a: Snorlax|perish3|[silent]\n|-start|p2b: Hawlucha|perish3|[silent]\n|-fieldactivate|move: Perish Song\n|move|p2b: Hawlucha|Entrainment|p2a: Snorlax\n|-ability|p2a: Snorlax|No Guard|Thick Fat|[from] move: Entrainment|[of] p2b: Hawlucha\n|move|p2a: Snorlax|Fissure|p1a: Gengar\n|-damage|p1a: Gengar|0 fnt\n|faint|p1a: Gengar\n|-ohko\n|\n|-start|p2b: Hawlucha|perish3\n|-start|p1b: Sableye|perish3\n|-start|p2a: Snorlax|perish3\n|upkeep\n|\n|t:|1776504694\n|switch|p1a: Palafin|Palafin-Hero, L50, F|100/100\n|-activate|p1a: Palafin|ability: Zero to Hero\n|turn|2\n|\n|t:|1776504712\n|switch|p2b: Sinistcha|Sinistcha, L50|100/100\n|move|p1b: Sableye|Fake Out|p2a: Snorlax\n|-damage|p2a: Snorlax|95/100\n|move|p1a: Palafin|Wave Crash|p2b: Sinistcha\n|-resisted|p2b: Sinistcha|1\n|-damage|p2b: Sinistcha|60/100\n|-damage|p1a: Palafin|87/100|[from] Recoil\n|cant|p2a: Snorlax|flinch\n|\n|-heal|p2a: Snorlax|100/100|[from] item: Leftovers\n|-start|p1b: Sableye|perish2\n|-start|p2a: Snorlax|perish2\n|upkeep\n|turn|3\n|inactive|Psicopatic has 30 seconds left.\n|\n|t:|1776504739\n|move|p1b: Sableye|Disable|p2a: Snorlax\n|-start|p2a: Snorlax|Disable|Fissure\n|move|p1a: Palafin|Wave Crash|p2a: Snorlax\n|-damage|p2a: Snorlax|47/100\n|-damage|p1a: Palafin|60/100|[from] Recoil\n|move|p2b: Sinistcha|Life Dew|p2b: Sinistcha|[spread] p2a,p2b\n|-heal|p2a: Snorlax|72/100\n|-heal|p2b: Sinistcha|85/100\n|cant|p2a: Snorlax|Disable|Fissure\n|\n|-heal|p2a: Snorlax|78/100|[from] item: Leftovers\n|-start|p1b: Sableye|perish1\n|-start|p2a: Snorlax|perish1\n|upkeep\n|turn|4\n|\n|t:|1776504759\n|switch|p2a: Sableye|Sableye, L50, F|100/100\n|move|p1b: Sableye|Disable|p2b: Sinistcha\n|-start|p2b: Sinistcha|Disable|Life Dew\n|move|p1a: Palafin|Encore|p2b: Sinistcha\n|-start|p2b: Sinistcha|Encore\n|cant|p2b: Sinistcha|Disable|Life Dew\n|\n|-start|p1b: Sableye|perish0\n|upkeep\n|faint|p1b: Sableye\n|\n|t:|1776504764\n|switch|p1b: Kingambit|Kingambit, L50, M|100/100\n|turn|5\n|\n|t:|1776504781\n|switch|p2b: Hawlucha|Hawlucha-Mega, L50, M|100/100\n|move|p2a: Sableye|Will-O-Wisp|p1b: Kingambit\n|-hint|Since gen 7, Dark is immune to Prankster moves.\n|-immune|p1b: Kingambit\n|move|p1a: Palafin|Wave Crash|p2a: Sableye\n|-crit|p2a: Sableye\n|-damage|p2a: Sableye|0 fnt\n|faint|p2a: Sableye\n|-damage|p1a: Palafin|30/100|[from] Recoil\n|move|p1b: Kingambit|Kowtow Cleave|p2b: Hawlucha\n|-resisted|p2b: Hawlucha|1\n|-damage|p2b: Hawlucha|77/100\n|\n|upkeep\n|\n|t:|1776504799\n|switch|p2a: Sinistcha|Sinistcha, L50|85/100\n|-heal|p2b: Hawlucha|100/100|[from] ability: Hospitality|[of] p2a: Sinistcha\n|turn|6\n|\n|t:|1776504823\n|move|p1b: Kingambit|Protect|p1b: Kingambit\n|-singleturn|p1b: Kingambit|Protect\n|move|p2b: Hawlucha|Close Combat|p1b: Kingambit\n|-activate|p1b: Kingambit|move: Protect\n|move|p1a: Palafin|Wave Crash|p2b: Hawlucha\n|-damage|p2b: Hawlucha|18/100\n|-damage|p1a: Palafin|2/100|[from] Recoil\n|move|p2a: Sinistcha|Matcha Gotcha|p1b: Kingambit|[spread] p1a\n|-activate|p1b: Kingambit|move: Protect\n|-supereffective|p1a: Palafin|1\n|-damage|p1a: Palafin|0 fnt\n|-heal|p2a: Sinistcha|86/100|[from] drain|[of] p1a: Palafin\n|faint|p1a: Palafin\n|\n|upkeep\n|turn|7\n|inactive|sdbjj has 30 seconds left.\n|\n|t:|1776504848\n|move|p2a: Sinistcha|Rage Powder|p2a: Sinistcha\n|-singleturn|p2a: Sinistcha|move: Rage Powder\n|move|p1b: Kingambit|Sucker Punch||[still]\n|-fail|p1b: Kingambit\n|move|p2b: Hawlucha|Entrainment|p1b: Kingambit\n|-ability|p1b: Kingambit|No Guard|Defiant|[from] move: Entrainment|[of] p2b: Hawlucha\n|\n|upkeep\n|turn|8\n|\n|t:|1776504860\n|move|p2a: Sinistcha|Rage Powder|p2a: Sinistcha\n|-singleturn|p2a: Sinistcha|move: Rage Powder\n|move|p1b: Kingambit|Sucker Punch||[still]\n|-fail|p1b: Kingambit\n|move|p2b: Hawlucha|Close Combat|p1b: Kingambit\n|-supereffective|p1b: Kingambit|2\n|-damage|p1b: Kingambit|0 fnt\n|-unboost|p2b: Hawlucha|def|1\n|-unboost|p2b: Hawlucha|spd|1\n|faint|p1b: Kingambit\n|\n|win|sdbjj\n|raw|Psicopatic's rating: 1452 &rarr; <strong>1433</strong><br />(-19 for losing)\n|raw|sdbjj's rating: 1468 &rarr; <strong>1487</strong><br />(+19 for winning)\n|l|\u2606Psicopatic\n|player|p1|\n|l|\u2606sdbjj\n|player|p2|\n|l| ImClarenceClaymore\n|l| nyoomington\n",
  "uploadtime": 1776504863,
  "views": 24,
  "formatid": "gen9championsvgc2026regma",
  "rating": 1433,
  "private": 0,
  "password": null
}