{
  "id": "gen9championsvgc2026regma-2587560212",
  "format": "[Gen 9 Champions] VGC 2026 Reg M-A",
  "players": [
    "xhooorxhi",
    "demi05"
  ],
  "log": "|j|\u2606xhooorxhi\n|j|\u2606demi05\n|t:|1776542319\n|gametype|doubles\n|player|p1|xhooorxhi|pokemonbreeder-gen4|1195\n|player|p2|demi05|cynthia-gen4|1214\n|gen|9\n|tier|[Gen 9 Champions] VGC 2026 Reg M-A\n|rated|\n|rule|Species Clause: Limit one of each Pok\u00e9mon\n|rule|Item Clause: Limit 1 of each item\n|clearpoke\n|poke|p1|Sneasler, L50, M|\n|poke|p1|Chimecho, L50, M|\n|poke|p1|Alcremie, L50, F|\n|poke|p1|Maushold, L50|\n|poke|p1|Farigiraf, L50, M|\n|poke|p1|Incineroar, L50, F|\n|poke|p2|Dragonite, L50, M, shiny|\n|poke|p2|Venusaur, L50, M, shiny|\n|poke|p2|Incineroar, L50, F|\n|poke|p2|Basculegion, L50, M|\n|poke|p2|Kingambit, L50, M, shiny|\n|poke|p2|Sneasler, L50, F|\n|teampreview|4\n|inactive|Battle timer is ON: inactive players will automatically lose when time's up. (requested by xhooorxhi)\n|inactive|xhooorxhi has 60 seconds left.\n|inactive|demi05 has 60 seconds left.\n|inactive|xhooorxhi has 30 seconds left.\n|\n|t:|1776542382\n|teamsize|p1|4\n|teamsize|p2|4\n|start\n|switch|p1a: Chimecho|Chimecho, L50, M|100/100\n|switch|p1b: Alcremie|Alcremie, L50, F|100/100\n|switch|p2a: Incineroar|Incineroar, L50, F|100/100\n|switch|p2b: Venusaur|Venusaur, L50, M, shiny|100/100\n|-ability|p2a: Incineroar|Intimidate|boost\n|-unboost|p1a: Chimecho|atk|1\n|-unboost|p1b: Alcremie|atk|1\n|turn|1\n|inactive|xhooorxhi has 30 seconds left.\n|\n|t:|1776542410\n|switch|p1b: Farigiraf|Farigiraf, L50, M|100/100\n|detailschange|p2b: Venusaur|Venusaur-Mega, L50, M, shiny\n|-mega|p2b: Venusaur|Venusaur|Venusaurite\n|move|p2a: Incineroar|Fake Out||[still]\n|cant|p1b: Farigiraf|ability: Armor Tail|Fake Out|[of] p2a: Incineroar\n|move|p2b: Venusaur|Sludge Bomb|p1b: Farigiraf\n|-damage|p1b: Farigiraf|66/100\n|move|p1a: Chimecho|Calm Mind|p1a: Chimecho\n|-boost|p1a: Chimecho|spa|1\n|-boost|p1a: Chimecho|spd|1\n|\n|upkeep\n|turn|2\n|inactive|xhooorxhi has 30 seconds left.\n|\n|t:|1776542442\n|detailschange|p1a: Chimecho|Chimecho-Mega, L50, M\n|-mega|p1a: Chimecho|Chimecho|Chimechite\n|move|p2b: Venusaur|Protect|p2b: Venusaur\n|-singleturn|p2b: Venusaur|Protect\n|move|p2a: Incineroar|Darkest Lariat|p1a: Chimecho\n|-supereffective|p1a: Chimecho|1\n|-damage|p1a: Chimecho|40/100\n|move|p1a: Chimecho|Stored Power|p2b: Venusaur\n|-activate|p2b: Venusaur|move: Protect\n|move|p1b: Farigiraf|Trick Room|p1b: Farigiraf\n|-fieldstart|move: Trick Room|[of] p1b: Farigiraf\n|\n|upkeep\n|turn|3\n|inactive|xhooorxhi has 30 seconds left.\n|\n|t:|1776542468\n|move|p1b: Farigiraf|Twin Beam|p2b: Venusaur\n|-supereffective|p2b: Venusaur|1\n|-damage|p2b: Venusaur|77/100\n|-supereffective|p2b: Venusaur|1\n|-damage|p2b: Venusaur|54/100\n|-hitcount|p2b: Venusaur|2\n|move|p1a: Chimecho|Stored Power|p2b: Venusaur\n|-supereffective|p2b: Venusaur|1\n|-damage|p2b: Venusaur|0 fnt\n|faint|p2b: Venusaur\n|move|p2a: Incineroar|Darkest Lariat|p1b: Farigiraf\n|-supereffective|p1b: Farigiraf|1\n|-damage|p1b: Farigiraf|19/100\n|\n|upkeep\n|\n|t:|1776542481\n|switch|p2b: Kingambit|Kingambit, L50, M, shiny|100/100\n|turn|4\n|\n|t:|1776542504\n|move|p1b: Farigiraf|Helping Hand|p1a: Chimecho\n|-singleturn|p1a: Chimecho|Helping Hand|[of] p1b: Farigiraf\n|move|p2b: Kingambit|Kowtow Cleave|p1a: Chimecho\n|-supereffective|p1a: Chimecho|1\n|-damage|p1a: Chimecho|0 fnt\n|faint|p1a: Chimecho\n|move|p2a: Incineroar|Parting Shot|p1b: Farigiraf\n|-unboost|p1b: Farigiraf|atk|1\n|-unboost|p1b: Farigiraf|spa|1\n|\n|t:|1776542514\n|switch|p2a: Sneasler|Sneasler, L50, F|100/100|[from] Parting Shot\n|\n|upkeep\n|\n|t:|1776542523\n|switch|p1a: Incineroar|Incineroar, L50, F|100/100\n|-ability|p1a: Incineroar|Intimidate|boost\n|-unboost|p2a: Sneasler|atk|1\n|-unboost|p2b: Kingambit|atk|1\n|-ability|p2b: Kingambit|Defiant|boost\n|-boost|p2b: Kingambit|atk|2\n|turn|5\n|\n|t:|1776542532\n|move|p2b: Kingambit|Protect|p2b: Kingambit\n|-singleturn|p2b: Kingambit|Protect\n|move|p2a: Sneasler|Protect|p2a: Sneasler\n|-singleturn|p2a: Sneasler|Protect\n|move|p1b: Farigiraf|Twin Beam|p2a: Sneasler\n|-activate|p2a: Sneasler|move: Protect\n|move|p1a: Incineroar|Superpower|p2b: Kingambit\n|-activate|p2b: Kingambit|move: Protect\n|\n|upkeep\n|turn|6\n|inactive|demi05 has 30 seconds left.\n|\n|t:|1776542567\n|move|p1b: Farigiraf|Helping Hand|p1a: Incineroar\n|-singleturn|p1a: Incineroar|Helping Hand|[of] p1b: Farigiraf\n|move|p1a: Incineroar|Superpower|p2b: Kingambit\n|-supereffective|p2b: Kingambit|2\n|-enditem|p2b: Kingambit|Chople Berry|[eat]\n|-enditem|p2b: Kingambit|Chople Berry|[weaken]\n|-damage|p2b: Kingambit|4/100\n|-unboost|p1a: Incineroar|atk|1\n|-unboost|p1a: Incineroar|def|1\n|move|p2b: Kingambit|Kowtow Cleave|p1a: Incineroar\n|-resisted|p1a: Incineroar|1\n|-damage|p1a: Incineroar|44/100\n|-enditem|p1a: Incineroar|Sitrus Berry|[eat]\n|-heal|p1a: Incineroar|69/100|[from] item: Sitrus Berry\n|move|p2a: Sneasler|Rock Slide|p1b: Farigiraf|[spread] p1a\n|-miss|p2a: Sneasler|p1b: Farigiraf\n|-supereffective|p1a: Incineroar|1\n|-damage|p1a: Incineroar|28/100\n|\n|-fieldend|move: Trick Room\n|upkeep\n|turn|7\n|\n|t:|1776542589\n|switch|p1a: Alcremie|Alcremie, L50, F|100/100\n|move|p2b: Kingambit|Protect|p2b: Kingambit\n|-singleturn|p2b: Kingambit|Protect\n|move|p2a: Sneasler|Rock Slide|p1b: Farigiraf|[spread] p1b\n|-miss|p2a: Sneasler|p1a: Alcremie\n|-damage|p1b: Farigiraf|8/100\n|move|p1b: Farigiraf|Twin Beam|p2a: Sneasler\n|-supereffective|p2a: Sneasler|2\n|-damage|p2a: Sneasler|39/100\n|-supereffective|p2a: Sneasler|2\n|-damage|p2a: Sneasler|0 fnt\n|faint|p2a: Sneasler\n|-hitcount|p2: Sneasler|2\n|\n|upkeep\n|\n|t:|1776542599\n|switch|p2a: Incineroar|Incineroar, L50, F|100/100\n|-ability|p2a: Incineroar|Intimidate|boost\n|-unboost|p1a: Alcremie|atk|1\n|-unboost|p1b: Farigiraf|atk|1\n|turn|8\n|\n|t:|1776542619\n|move|p2a: Incineroar|Darkest Lariat|p1b: Farigiraf\n|-supereffective|p1b: Farigiraf|1\n|-damage|p1b: Farigiraf|0 fnt\n|faint|p1b: Farigiraf\n|move|p1a: Alcremie|Alluring Voice|p2b: Kingambit\n|-damage|p2b: Kingambit|0 fnt\n|faint|p2b: Kingambit\n|\n|upkeep\n|\n|t:|1776542627\n|switch|p1b: Incineroar|Incineroar, L50, F|28/100\n|-ability|p1b: Incineroar|Intimidate|boost\n|-unboost|p2a: Incineroar|atk|1\n|turn|9\n|\n|t:|1776542633\n|move|p1b: Incineroar|Fake Out|p2a: Incineroar\n|-damage|p2a: Incineroar|90/100\n|cant|p2a: Incineroar|flinch\n|move|p1a: Alcremie|Decorate|p1b: Incineroar\n|-boost|p1b: Incineroar|atk|2\n|-boost|p1b: Incineroar|spa|2\n|\n|upkeep\n|turn|10\n|\n|t:|1776542643\n|move|p2a: Incineroar|Flare Blitz|p1a: Alcremie\n|-damage|p1a: Alcremie|66/100\n|-damage|p2a: Incineroar|80/100|[from] Recoil\n|move|p1a: Alcremie|Alluring Voice|p2a: Incineroar\n|-damage|p2a: Incineroar|42/100\n|move|p1b: Incineroar|Superpower|p2a: Incineroar\n|-supereffective|p2a: Incineroar|1\n|-damage|p2a: Incineroar|0 fnt\n|-unboost|p1b: Incineroar|atk|1\n|-unboost|p1b: Incineroar|def|1\n|faint|p2a: Incineroar\n|\n|win|xhooorxhi\n|raw|xhooorxhi's rating: 1195 &rarr; <strong>1221</strong><br />(+26 for winning)\n|raw|demi05's rating: 1214 &rarr; <strong>1188</strong><br />(-26 for losing)\n|l|\u2606demi05\n|player|p2|\n",
  "uploadtime": 1776543978,
  "views": 15,
  "formatid": "gen9championsvgc2026regma",
  "rating": 1188,
  "private": 0,
  "password": null
}