{
  "id": "gen9championsvgc2026regma-2587876384",
  "format": "[Gen 9 Champions] VGC 2026 Reg M-A",
  "players": [
    "TheGamingMammoth",
    "Wadaka"
  ],
  "log": "|j|\u2606TheGamingMammoth\n|j|\u2606Wadaka\n|t:|1776573487\n|gametype|doubles\n|player|p1|TheGamingMammoth|1|1082\n|player|p2|Wadaka|170|1086\n|gen|9\n|tier|[Gen 9 Champions] VGC 2026 Reg M-A\n|rated|\n|rule|Species Clause: Limit one of each Pok\u00e9mon\n|rule|Item Clause: Limit 1 of each item\n|clearpoke\n|poke|p1|Politoed, L50, F|\n|poke|p1|Abomasnow, L50, F|\n|poke|p1|Basculegion, L50, M|\n|poke|p1|Archaludon, L50, M|\n|poke|p1|Aerodactyl, L50, F|\n|poke|p1|Venusaur, L50, F|\n|poke|p2|Feraligatr, L50, F|\n|poke|p2|Sylveon, L50, F|\n|poke|p2|Palafin, L50, F|\n|poke|p2|Dragonite, L50, M|\n|poke|p2|Politoed, L50, F|\n|poke|p2|Glimmora, L50, M|\n|teampreview|4\n|\n|t:|1776573552\n|teamsize|p1|4\n|teamsize|p2|4\n|start\n|switch|p1a: Politoed|Politoed, L50, F|100/100\n|switch|p1b: Aerodactyl|Aerodactyl, L50, F|100/100\n|switch|p2a: Feraligatr|Feraligatr, L50, F|100/100\n|switch|p2b: Dragonite|Dragonite, L50, M|100/100\n|-ability|p1b: Aerodactyl|Unnerve\n|-weather|RainDance|[from] ability: Drizzle|[of] p1a: Politoed\n|turn|1\n|\n|t:|1776573627\n|detailschange|p2a: Feraligatr|Feraligatr-Mega, L50, F\n|-mega|p2a: Feraligatr|Feraligatr|Feraligite\n|move|p2a: Feraligatr|Protect|p2a: Feraligatr\n|-singleturn|p2a: Feraligatr|Protect\n|move|p1a: Politoed|Ice Beam|p2b: Dragonite\n|-supereffective|p2b: Dragonite|2\n|-damage|p2b: Dragonite|54/100\n|move|p1b: Aerodactyl|Rock Slide|p2a: Feraligatr|[spread] p2b\n|-activate|p2a: Feraligatr|move: Protect\n|-supereffective|p2b: Dragonite|1\n|-damage|p2b: Dragonite|15/100\n|cant|p2b: Dragonite|flinch\n|\n|-weather|RainDance|[upkeep]\n|upkeep\n|turn|2\n|\n|t:|1776573677\n|move|p2a: Feraligatr|Aqua Jet|p1b: Aerodactyl\n|-supereffective|p1b: Aerodactyl|1\n|-enditem|p1b: Aerodactyl|Focus Sash\n|-damage|p1b: Aerodactyl|1/100\n|move|p1a: Politoed|Ice Beam|p2a: Feraligatr\n|-damage|p2a: Feraligatr|73/100\n|move|p1b: Aerodactyl|Rock Slide|p2a: Feraligatr|[spread] p2a\n|-miss|p1b: Aerodactyl|p2b: Dragonite\n|-damage|p2a: Feraligatr|51/100\n|move|p2b: Dragonite|Hurricane|p1a: Politoed\n|-crit|p1a: Politoed\n|-damage|p1a: Politoed|30/100\n|\n|-weather|RainDance|[upkeep]\n|upkeep\n|turn|3\n|\n|t:|1776573707\n|switch|p1a: Basculegion|Basculegion, L50, M|100/100\n|switch|p1b: Archaludon|Archaludon, L50, M|100/100\n|move|p2a: Feraligatr|Giga Impact|p1b: Archaludon\n|-damage|p1b: Archaludon|25/100\n|-mustrecharge|p2a: Feraligatr\n|move|p2b: Dragonite|Whirlwind|p2a: Feraligatr\n|drag|p2a: Politoed|Politoed, L50, F|100/100\n|\n|-weather|RainDance|[upkeep]\n|upkeep\n|turn|4\n|\n|t:|1776573783\n|move|p1a: Basculegion|Wave Crash|p2b: Dragonite\n|-resisted|p2b: Dragonite|1\n|-damage|p2b: Dragonite|0 fnt\n|faint|p2b: Dragonite\n|-damage|p1a: Basculegion|96/100|[from] Recoil\n|move|p1b: Archaludon|Electro Shot||[still]\n|-prepare|p1b: Archaludon|Electro Shot\n|-boost|p1b: Archaludon|spa|1\n|-anim|p1b: Archaludon|Electro Shot|p2a: Politoed\n|-supereffective|p2a: Politoed|1\n|-damage|p2a: Politoed|0 fnt\n|faint|p2a: Politoed\n|\n|-weather|RainDance|[upkeep]\n|upkeep\n|\n|t:|1776573798\n|switch|p2b: Glimmora|Glimmora, L50, M|100/100\n|switch|p2a: Feraligatr|Feraligatr-Mega, L50, F|51/100\n|turn|5\n|\n|t:|1776573855\n|switch|p1a: Aerodactyl|Aerodactyl, L50, F|1/100\n|-ability|p1a: Aerodactyl|Unnerve\n|move|p2a: Feraligatr|Protect|p2a: Feraligatr\n|-singleturn|p2a: Feraligatr|Protect\n|move|p1b: Archaludon|Protect|p1b: Archaludon\n|-singleturn|p1b: Archaludon|Protect\n|move|p2b: Glimmora|Power Gem|p1b: Archaludon\n|-activate|p1b: Archaludon|move: Protect\n|\n|-weather|none\n|upkeep\n|turn|6\n|\n|t:|1776573895\n|move|p2b: Glimmora|Power Gem|p1a: Aerodactyl\n|-supereffective|p1a: Aerodactyl|1\n|-damage|p1a: Aerodactyl|0 fnt\n|faint|p1a: Aerodactyl\n|move|p2a: Feraligatr|Giga Impact|p1b: Archaludon\n|-damage|p1b: Archaludon|0 fnt\n|-mustrecharge|p2a: Feraligatr\n|faint|p1b: Archaludon\n|\n|upkeep\n|\n|t:|1776573902\n|switch|p1a: Basculegion|Basculegion, L50, M|96/100\n|switch|p1b: Politoed|Politoed, L50, F|30/100\n|-weather|RainDance|[from] ability: Drizzle|[of] p1b: Politoed\n|turn|7\n|\n|t:|1776573920\n|move|p2b: Glimmora|Power Gem|p1a: Basculegion\n|-damage|p1a: Basculegion|53/100\n|move|p1a: Basculegion|Last Respects|p2a: Feraligatr\n|-damage|p2a: Feraligatr|0 fnt\n|faint|p2a: Feraligatr\n|move|p1b: Politoed|Muddy Water|p2b: Glimmora\n|-supereffective|p2b: Glimmora|1\n|-damage|p2b: Glimmora|0 fnt\n|faint|p2b: Glimmora\n|\n|win|TheGamingMammoth\n|raw|TheGamingMammoth's rating: 1082 &rarr; <strong>1110</strong><br />(+28 for winning)\n|raw|Wadaka's rating: 1086 &rarr; <strong>1063</strong><br />(-23 for losing)\n",
  "uploadtime": 1776573921,
  "views": 8,
  "formatid": "gen9championsvgc2026regma",
  "rating": 1063,
  "private": 0,
  "password": null
}