{
  "id": "gen9championsvgc2026regma-2588161328",
  "format": "[Gen 9 Champions] VGC 2026 Reg M-A",
  "players": [
    "TheBallistic1",
    "bz_alba"
  ],
  "log": "|j|\u2606TheBallistic1\n|j|\u2606bz_alba\n|t:|1776610353\n|gametype|doubles\n|player|p1|TheBallistic1|colress|1153\n|player|p2|bz_alba|byron|1188\n|gen|9\n|tier|[Gen 9 Champions] VGC 2026 Reg M-A\n|rated|\n|rule|Species Clause: Limit one of each Pok\u00e9mon\n|rule|Item Clause: Limit 1 of each item\n|clearpoke\n|poke|p1|Floette-Eternal, L50, F|\n|poke|p1|Charizard, L50, F|\n|poke|p1|Sneasler, L50, F|\n|poke|p1|Milotic, L50, F|\n|poke|p1|Incineroar, L50, M|\n|poke|p1|Sinistcha, L50|\n|poke|p2|Scovillain, L50, M|\n|poke|p2|Snorlax, L50, F|\n|poke|p2|Sinistcha, L50|\n|poke|p2|Slowbro, L50, F|\n|poke|p2|Primarina, L50, F|\n|poke|p2|Skeledirge, L50, F|\n|teampreview|4\n|inactive|Battle timer is ON: inactive players will automatically lose when time's up. (requested by bz_alba)\nTheBallistic1 has agreed to open team sheets.\n|inactive|TheBallistic1 has 60 seconds left.\n|\n|t:|1776610386\n|teamsize|p1|4\n|teamsize|p2|4\n|start\n|switch|p1a: Incineroar|Incineroar, L50, M|100/100\n|switch|p1b: Charizard|Charizard, L50, F|100/100\n|switch|p2a: Scovillain|Scovillain, L50, M|100/100\n|switch|p2b: Sinistcha|Sinistcha, L50|100/100\n|-ability|p1a: Incineroar|Intimidate|boost\n|-unboost|p2a: Scovillain|atk|1\n|-unboost|p2b: Sinistcha|atk|1\n|turn|1\n|\n|t:|1776610409\n|switch|p2b: Snorlax|Snorlax, L50, F|100/100\n|switch|p1a: Sneasler|Sneasler, L50, F|100/100\n|detailschange|p1b: Charizard|Charizard-Mega-Y, L50, F\n|-mega|p1b: Charizard|Charizard|Charizardite Y\n|-weather|SunnyDay|[from] ability: Drought|[of] p1b: Charizard\n|move|p2a: Scovillain|Protect|p2a: Scovillain\n|-singleturn|p2a: Scovillain|Protect\n|move|p1b: Charizard|Heat Wave|p2b: Snorlax|[spread] p2b\n|-activate|p2a: Scovillain|move: Protect\n|-damage|p2b: Snorlax|80/100\n|\n|-weather|SunnyDay|[upkeep]\n|-ability|p2a: Scovillain|Moody|boost\n|-boost|p2a: Scovillain|def|2\n|-unboost|p2a: Scovillain|spa|1\n|upkeep\n|turn|2\n|inactive|bz_alba has 30 seconds left.\n|\n|t:|1776610435\n|detailschange|p2a: Scovillain|Scovillain-Mega, L50, M\n|-mega|p2a: Scovillain|Scovillain|Scovillainite\n|move|p1a: Sneasler|U-turn|p2a: Scovillain\n|-damage|p2a: Scovillain|86/100\n|-status|p1a: Sneasler|brn|[from] ability: Spicy Spray|[of] p2a: Scovillain\n|\n|t:|1776610441\n|switch|p1a: Incineroar|Incineroar, L50, M|100/100|[from] U-turn\n|-ability|p1a: Incineroar|Intimidate|boost\n|-unboost|p2a: Scovillain|atk|1\n|-unboost|p2b: Snorlax|atk|1\n|move|p1b: Charizard|Air Slash|p2a: Scovillain\n|-supereffective|p2a: Scovillain|1\n|-damage|p2a: Scovillain|0 fnt\n|-immune|p1b: Charizard\n|faint|p2a: Scovillain\n|move|p2b: Snorlax|Counter||[still]\n|-fail|p2b: Snorlax\n|\n|-weather|SunnyDay|[upkeep]\n|upkeep\n|\n|t:|1776610457\n|switch|p2a: Primarina|Primarina, L50, F|100/100\n|turn|3\n|\n|t:|1776610471\n|switch|p1a: Sneasler|Sneasler, L50, F|100/100 brn\n|move|p1b: Charizard|Solar Beam||[still]\n|-prepare|p1b: Charizard|Solar Beam\n|-anim|p1b: Charizard|Solar Beam|p2a: Primarina\n|-supereffective|p2a: Primarina|1\n|-damage|p2a: Primarina|24/100\n|move|p2a: Primarina|Calm Mind|p2a: Primarina\n|-boost|p2a: Primarina|spa|1\n|-boost|p2a: Primarina|spd|1\n|move|p2b: Snorlax|Counter||[still]\n|-fail|p2b: Snorlax\n|\n|-weather|SunnyDay|[upkeep]\n|-heal|p2a: Primarina|30/100|[from] item: Leftovers\n|-damage|p1a: Sneasler|95/100 brn|[from] brn\n|upkeep\n|turn|4\n|\n|t:|1776610494\n|switch|p2b: Sinistcha|Sinistcha, L50|100/100\n|-heal|p2a: Primarina|54/100|[from] ability: Hospitality|[of] p2b: Sinistcha\n|move|p2a: Primarina|Protect|p2a: Primarina\n|-singleturn|p2a: Primarina|Protect\n|move|p1a: Sneasler|Fake Out|p2b: Sinistcha\n|-immune|p2b: Sinistcha\n|move|p1b: Charizard|Solar Beam||[still]\n|-prepare|p1b: Charizard|Solar Beam\n|-anim|p1b: Charizard|Solar Beam|p2a: Primarina\n|-activate|p2a: Primarina|move: Protect\n|\n|-weather|SunnyDay|[upkeep]\n|-heal|p2a: Primarina|60/100|[from] item: Leftovers\n|-damage|p1a: Sneasler|89/100 brn|[from] brn\n|upkeep\n|turn|5\n|\n|t:|1776610513\n|move|p2b: Sinistcha|Rage Powder|p2b: Sinistcha\n|-singleturn|p2b: Sinistcha|move: Rage Powder\n|move|p1a: Sneasler|Dire Claw|p2b: Sinistcha\n|-damage|p2b: Sinistcha|82/100\n|move|p1b: Charizard|Solar Beam||[still]\n|-prepare|p1b: Charizard|Solar Beam\n|-anim|p1b: Charizard|Solar Beam|p2b: Sinistcha\n|-resisted|p2b: Sinistcha|1\n|-damage|p2b: Sinistcha|60/100\n|move|p2a: Primarina|Hyper Voice|p1b: Charizard|[spread] p1a,p1b\n|-supereffective|p1b: Charizard|1\n|-crit|p1b: Charizard\n|-damage|p1a: Sneasler|53/100 brn\n|-damage|p1b: Charizard|25/100\n|\n|-weather|none\n|-heal|p2a: Primarina|66/100|[from] item: Leftovers\n|-damage|p1a: Sneasler|47/100 brn|[from] brn\n|upkeep\n|turn|6\n|\n|t:|1776610532\n|switch|p1a: Sinistcha|Sinistcha, L50|100/100\n|-heal|p1b: Charizard|50/100|[from] ability: Hospitality|[of] p1a: Sinistcha\n|switch|p1b: Incineroar|Incineroar, L50, M|100/100\n|-ability|p1b: Incineroar|Intimidate|boost\n|-unboost|p2a: Primarina|atk|1\n|-unboost|p2b: Sinistcha|atk|1\n|move|p2b: Sinistcha|Rage Powder|p2b: Sinistcha\n|-singleturn|p2b: Sinistcha|move: Rage Powder\n|move|p2a: Primarina|Hyper Voice|p1a: Sinistcha|[spread] p1a,p1b\n|-resisted|p1a: Sinistcha|1\n|-supereffective|p1b: Incineroar|1\n|-damage|p1a: Sinistcha|70/100\n|-damage|p1b: Incineroar|0 fnt\n|faint|p1b: Incineroar\n|\n|-heal|p2a: Primarina|72/100|[from] item: Leftovers\n|upkeep\n|\n|t:|1776610545\n|switch|p1b: Sneasler|Sneasler, L50, F|47/100 brn\n|turn|7\n|\n|t:|1776610553\n|move|p2a: Primarina|Protect|p2a: Primarina\n|-singleturn|p2a: Primarina|Protect\n|move|p1b: Sneasler|U-turn|p2b: Sinistcha\n|-damage|p2b: Sinistcha|49/100\n|\n|t:|1776610560\n|switch|p1b: Charizard|Charizard-Mega-Y, L50, F|50/100|[from] U-turn\n|-weather|SunnyDay|[from] ability: Drought|[of] p1b: Charizard\n|move|p1a: Sinistcha|Matcha Gotcha|p2a: Primarina|[spread] \n|-activate|p2a: Primarina|move: Protect\n|-miss|p1a: Sinistcha|p2b: Sinistcha\n|move|p2b: Sinistcha|Trick Room|p2b: Sinistcha\n|-fieldstart|move: Trick Room|[of] p2b: Sinistcha\n|\n|-weather|SunnyDay|[upkeep]\n|-heal|p2a: Primarina|79/100|[from] item: Leftovers\n|upkeep\n|turn|8\n|\n|t:|1776610580\n|switch|p2b: Snorlax|Snorlax, L50, F|80/100\n|move|p1a: Sinistcha|Rage Powder|p1a: Sinistcha\n|-singleturn|p1a: Sinistcha|move: Rage Powder\n|move|p2a: Primarina|Hyper Voice|p1a: Sinistcha|[spread] p1a,p1b\n|-resisted|p1a: Sinistcha|1\n|-supereffective|p1b: Charizard|1\n|-damage|p1a: Sinistcha|55/100\n|-damage|p1b: Charizard|0 fnt\n|faint|p1b: Charizard\n|\n|-weather|SunnyDay|[upkeep]\n|-heal|p2a: Primarina|85/100|[from] item: Leftovers\n|upkeep\n|\n|t:|1776610592\n|switch|p1b: Sneasler|Sneasler, L50, F|47/100 brn\n|turn|9\n|\n|t:|1776610600\n|move|p2a: Primarina|Protect|p2a: Primarina\n|-singleturn|p2a: Primarina|Protect\n|move|p1b: Sneasler|Fake Out|p2b: Snorlax\n|-damage|p2b: Snorlax|74/100\n|cant|p2b: Snorlax|flinch\n|move|p1a: Sinistcha|Matcha Gotcha|p2b: Snorlax|[spread] p2b\n|-activate|p2a: Primarina|move: Protect\n|-damage|p2b: Snorlax|57/100\n|-heal|p1a: Sinistcha|70/100|[from] drain|[of] p2b: Snorlax\n|\n|-weather|SunnyDay|[upkeep]\n|-heal|p2a: Primarina|91/100|[from] item: Leftovers\n|-damage|p1b: Sneasler|41/100 brn|[from] brn\n|upkeep\n|turn|10\n|\n|t:|1776610624\n|move|p2b: Snorlax|Crunch|p1a: Sinistcha\n|-supereffective|p1a: Sinistcha|1\n|-damage|p1a: Sinistcha|23/100\n|-unboost|p1a: Sinistcha|def|1\n|move|p2a: Primarina|Hyper Voice|p1a: Sinistcha|[spread] p1a,p1b\n|-resisted|p1a: Sinistcha|1\n|-damage|p1a: Sinistcha|9/100\n|-damage|p1b: Sneasler|2/100 brn\n|move|p1a: Sinistcha|Strength Sap|p2b: Snorlax\n|-unboost|p2b: Snorlax|atk|1\n|-heal|p1a: Sinistcha|100/100\n|move|p1b: Sneasler|Dire Claw|p2a: Primarina\n|-supereffective|p2a: Primarina|1\n|-damage|p2a: Primarina|41/100\n|\n|-weather|SunnyDay|[upkeep]\n|-heal|p2a: Primarina|47/100|[from] item: Leftovers\n|-damage|p1b: Sneasler|0 fnt|[from] brn\n|faint|p1b: Sneasler\n|upkeep\n|turn|11\n|\n|t:|1776610649\n|switch|p2b: Sinistcha|Sinistcha, L50|49/100\n|-heal|p2a: Primarina|71/100|[from] ability: Hospitality|[of] p2b: Sinistcha\n|move|p2a: Primarina|Moonblast|p1a: Sinistcha\n|-damage|p1a: Sinistcha|17/100\n|-unboost|p1a: Sinistcha|spa|1\n|move|p1a: Sinistcha|Matcha Gotcha|p2a: Primarina|[spread] p2a,p2b\n|-supereffective|p2a: Primarina|1\n|-resisted|p2b: Sinistcha|1\n|-damage|p2a: Primarina|54/100\n|-heal|p1a: Sinistcha|27/100|[from] drain|[of] p2a: Primarina\n|-damage|p2b: Sinistcha|40/100\n|-heal|p1a: Sinistcha|32/100|[from] drain|[of] p2b: Sinistcha\n|-status|p2a: Primarina|brn\n|\n|-weather|none\n|-heal|p2a: Primarina|60/100 brn|[from] item: Leftovers\n|-damage|p2a: Primarina|54/100 brn|[from] brn\n|-fieldend|move: Trick Room\n|upkeep\n|turn|12\n|inactive|bz_alba has 30 seconds left.\n|\n|t:|1776610678\n|switch|p2b: Snorlax|Snorlax, L50, F|57/100\n|move|p1a: Sinistcha|Matcha Gotcha|p2b: Snorlax|[spread] p2a,p2b\n|-supereffective|p2a: Primarina|1\n|-crit|p2b: Snorlax\n|-damage|p2a: Primarina|36/100 brn\n|-heal|p1a: Sinistcha|42/100|[from] drain|[of] p2a: Primarina\n|-damage|p2b: Snorlax|33/100\n|-heal|p1a: Sinistcha|62/100|[from] drain|[of] p2b: Snorlax\n|-status|p2b: Snorlax|brn\n|-enditem|p2b: Snorlax|Sitrus Berry|[eat]\n|-heal|p2b: Snorlax|57/100 brn|[from] item: Sitrus Berry\n|move|p2a: Primarina|Moonblast|p1a: Sinistcha\n|-damage|p1a: Sinistcha|0 fnt\n|faint|p1a: Sinistcha\n|\n|win|bz_alba\n|raw|TheBallistic1's rating: 1153 &rarr; <strong>1131</strong><br />(-22 for losing)\n|raw|bz_alba's rating: 1188 &rarr; <strong>1210</strong><br />(+22 for winning)\n",
  "uploadtime": 1776610693,
  "views": 8,
  "formatid": "gen9championsvgc2026regma",
  "rating": 1131,
  "private": 0,
  "password": null
}