{
  "id": "gen9championsvgc2026regma-2588344158",
  "format": "[Gen 9 Champions] VGC 2026 Reg M-A",
  "players": [
    "20251225d",
    "banana superior"
  ],
  "log": "|j|\u260620251225d\n|j|\u2606banana superior\n|t:|1776625780\n|gametype|doubles\n|player|p1|20251225d|266|1419\n|player|p2|banana superior|smasher|1462\n|gen|9\n|tier|[Gen 9 Champions] VGC 2026 Reg M-A\n|rated|\n|rule|Species Clause: Limit one of each Pok\u00e9mon\n|rule|Item Clause: Limit 1 of each item\n|clearpoke\n|poke|p1|Dragapult, L50, F|\n|poke|p1|Goodra-Hisui, L50, M|\n|poke|p1|Floette-Eternal, L50, F|\n|poke|p1|Venusaur, L50, F|\n|poke|p1|Incineroar, L50, F|\n|poke|p1|Basculegion, L50, M|\n|poke|p2|Floette-Eternal, L50, F|\n|poke|p2|Mimikyu, L50, M, shiny|\n|poke|p2|Torkoal, L50, M|\n|poke|p2|Incineroar, L50, F|\n|poke|p2|Gengar, L50, M|\n|poke|p2|Maushold-Four, L50|\n|teampreview|4\n|inactive|Battle timer is ON: inactive players will automatically lose when time's up. (requested by banana superior)\n|inactive|20251225d has 60 seconds left.\n|\n|t:|1776625834\n|teamsize|p1|4\n|teamsize|p2|4\n|start\n|switch|p1a: Dragapult|Dragapult, L50, F|100/100\n|switch|p1b: Goodra|Goodra-Hisui, L50, M|100/100\n|switch|p2a: Mimikyu|Mimikyu, L50, M, shiny|100/100\n|switch|p2b: Incineroar|Incineroar, L50, F|100/100\n|-ability|p2b: Incineroar|Intimidate|boost\n|-fail|p1a: Dragapult|unboost|[from] ability: Clear Body|[of] p1a: Dragapult\n|-unboost|p1b: Goodra|atk|1\n|turn|1\n|\n|t:|1776625867\n|move|p1a: Dragapult|Reflect|p1a: Dragapult\n|-sidestart|p1: 20251225d|Reflect\n|move|p2b: Incineroar|Parting Shot|p1a: Dragapult\n|-fail|p1a: Dragapult|unboost|[from] ability: Clear Body|[of] p1a: Dragapult\n|move|p1b: Goodra|Shelter|p1b: Goodra\n|-boost|p1b: Goodra|def|2\n|move|p2a: Mimikyu|Trick Room|p2a: Mimikyu\n|-fieldstart|move: Trick Room|[of] p2a: Mimikyu\n|\n|upkeep\n|turn|2\n|\n|t:|1776625888\n|switch|p2b: Torkoal|Torkoal, L50, M|100/100\n|-weather|SunnyDay|[from] ability: Drought|[of] p2b: Torkoal\n|move|p1b: Goodra|Shelter|p1b: Goodra\n|-boost|p1b: Goodra|def|2\n|move|p2a: Mimikyu|Play Rough|p1a: Dragapult|[miss]\n|-miss|p2a: Mimikyu|p1a: Dragapult\n|move|p1a: Dragapult|Light Screen|p1a: Dragapult\n|-sidestart|p1: 20251225d|move: Light Screen\n|\n|-weather|SunnyDay|[upkeep]\n|upkeep\n|turn|3\n|\n|t:|1776625910\n|switch|p2a: Floette|Floette-Eternal, L50, F|100/100\n|move|p2b: Torkoal|Eruption|p1b: Goodra|[spread] p1a,p1b\n|-resisted|p1a: Dragapult|1\n|-damage|p1a: Dragapult|65/100\n|-damage|p1b: Goodra|64/100\n|move|p1b: Goodra|Body Press|p2b: Torkoal\n|-damage|p2b: Torkoal|47/100\n|move|p1a: Dragapult|Dragon Darts|p2b: Torkoal\n|-damage|p2b: Torkoal|31/100\n|-anim|p1a: Dragapult|Dragon Darts|p2b: Torkoal\n|-damage|p2b: Torkoal|15/100\n|\n|-weather|SunnyDay|[upkeep]\n|-heal|p1b: Goodra|70/100|[from] item: Leftovers\n|upkeep\n|turn|4\n|inactive|banana superior has 30 seconds left.\n|\n|t:|1776625944\n|detailschange|p2a: Floette|Floette-Mega, L50, F\n|-mega|p2a: Floette|Floette|Floettite\n|-ability|p2a: Floette|Fairy Aura\n|move|p2b: Torkoal|Weather Ball|p1b: Goodra\n|-damage|p1b: Goodra|37/100\n|move|p1b: Goodra|Flash Cannon|p2a: Floette\n|-supereffective|p2a: Floette|1\n|-damage|p2a: Floette|61/100\n|move|p2a: Floette|Moonblast|p1b: Goodra\n|-damage|p1b: Goodra|0 fnt\n|faint|p1b: Goodra\n|move|p1a: Dragapult|Dragon Darts|p2b: Torkoal\n|-crit|p2b: Torkoal\n|-damage|p2b: Torkoal|0 fnt\n|faint|p2b: Torkoal\n|\n|-weather|SunnyDay|[upkeep]\n|upkeep\n|inactive|20251225d has 30 seconds left.\n|inactive|20251225d has 20 seconds left.\n|inactive|20251225d has 15 seconds left.\n|\n|t:|1776625985\n|switch|p2b: Mimikyu|Mimikyu, L50, M, shiny|100/100\n|switch|p1b: Venusaur|Venusaur, L50, F|100/100\n|turn|5\n|inactive|banana superior has 30 seconds left.\n|inactive|banana superior has 20 seconds left.\n|\n|t:|1776626023\n|switch|p1a: Incineroar|Incineroar, L50, F|100/100\n|-ability|p1a: Incineroar|Intimidate|boost\n|-unboost|p2a: Floette|atk|1\n|-unboost|p2b: Mimikyu|atk|1\n|detailschange|p1b: Venusaur|Venusaur-Mega, L50, F\n|-mega|p1b: Venusaur|Venusaur|Venusaurite\n|move|p1b: Venusaur|Sludge Bomb|p2a: Floette\n|-supereffective|p2a: Floette|1\n|-damage|p2a: Floette|0 fnt\n|faint|p2a: Floette\n|move|p2b: Mimikyu|Light Screen|p2b: Mimikyu\n|-sidestart|p2: banana superior|move: Light Screen\n|\n|-weather|SunnyDay|[upkeep]\n|-sideend|p1: 20251225d|Reflect\n|-fieldend|move: Trick Room\n|upkeep\n|\n|t:|1776626034\n|switch|p2a: Incineroar|Incineroar, L50, F|100/100\n|-ability|p2a: Incineroar|Intimidate|boost\n|-unboost|p1a: Incineroar|atk|1\n|-unboost|p1b: Venusaur|atk|1\n|turn|6\n|j| Winieska Rambulera\n|inactive|20251225d has 30 seconds left.\n|\n|t:|1776626063\n|switch|p1b: Dragapult|Dragapult, L50, F|65/100\n|move|p2a: Incineroar|Flare Blitz|p1b: Dragapult\n|-resisted|p1b: Dragapult|1\n|-damage|p1b: Dragapult|22/100\n|-damage|p2a: Incineroar|87/100|[from] Recoil\n|move|p1a: Incineroar|Will-O-Wisp|p2b: Mimikyu\n|-status|p2b: Mimikyu|brn\n|move|p2b: Mimikyu|Trick Room|p2b: Mimikyu\n|-fieldstart|move: Trick Room|[of] p2b: Mimikyu\n|\n|-weather|none\n|-damage|p2b: Mimikyu|95/100 brn|[from] brn\n|-sideend|p1: 20251225d|move: Light Screen\n|upkeep\n|turn|7\n|inactive|20251225d has 30 seconds left.\n|\n|t:|1776626097\n|switch|p1a: Venusaur|Venusaur-Mega, L50, F|100/100\n|move|p2a: Incineroar|Flare Blitz|p1b: Dragapult\n|-resisted|p1b: Dragapult|1\n|-damage|p1b: Dragapult|0 fnt\n|faint|p1b: Dragapult\n|-damage|p2a: Incineroar|80/100|[from] Recoil\n|move|p2b: Mimikyu|Play Rough|p1a: Venusaur\n|-resisted|p1a: Venusaur|1\n|-damage|p1a: Venusaur|95/100\n|\n|-damage|p2b: Mimikyu|89/100 brn|[from] brn\n|upkeep\n|\n|t:|1776626111\n|switch|p1b: Incineroar|Incineroar, L50, F|100/100\n|-ability|p1b: Incineroar|Intimidate|boost\n|-unboost|p2a: Incineroar|atk|1\n|-unboost|p2b: Mimikyu|atk|1\n|turn|8\n|\n|t:|1776626133\n|move|p1b: Incineroar|Fake Out|p2a: Incineroar\n|-crit|p2a: Incineroar\n|-damage|p2a: Incineroar|64/100\n|cant|p2a: Incineroar|flinch\n|move|p1a: Venusaur|Sludge Bomb|p2b: Mimikyu\n|-activate|p2b: Mimikyu|ability: Disguise\n|-damage|p2b: Mimikyu|89/100 brn\n|detailschange|p2b: Mimikyu|Mimikyu-Busted, L50, M, shiny\n|-damage|p2b: Mimikyu|77/100 brn|[from] pokemon: Mimikyu-Busted\n|move|p2b: Mimikyu|Play Rough|p1b: Incineroar\n|-damage|p1b: Incineroar|91/100\n|\n|-damage|p2b: Mimikyu|72/100 brn|[from] brn\n|upkeep\n|turn|9\n|inactive|20251225d has 30 seconds left.\n|inactive|banana superior has 30 seconds left.\n|\n|t:|1776626164\n|move|p2b: Mimikyu|Shadow Sneak|p1a: Venusaur\n|-damage|p1a: Venusaur|91/100\n|move|p2a: Incineroar|Flare Blitz|p1a: Venusaur\n|-supereffective|p1a: Venusaur|1\n|-crit|p1a: Venusaur\n|-damage|p1a: Venusaur|34/100\n|-damage|p2a: Incineroar|46/100|[from] Recoil\n|-enditem|p2a: Incineroar|Sitrus Berry|[eat]\n|-heal|p2a: Incineroar|71/100|[from] item: Sitrus Berry\n|move|p1b: Incineroar|Darkest Lariat|p2b: Mimikyu\n|-damage|p2b: Mimikyu|11/100 brn\n|move|p1a: Venusaur|Earth Power|p2a: Incineroar\n|-supereffective|p2a: Incineroar|1\n|-damage|p2a: Incineroar|25/100\n|\n|-damage|p2b: Mimikyu|6/100 brn|[from] brn\n|-sideend|p2: banana superior|move: Light Screen\n|upkeep\n|turn|10\n|inactive|20251225d has 30 seconds left.\n|\n|t:|1776626189\n|move|p1b: Incineroar|Darkest Lariat|p2a: Incineroar\n|-resisted|p2a: Incineroar|1\n|-damage|p2a: Incineroar|8/100\n|move|p2a: Incineroar|Flare Blitz|p1a: Venusaur\n|-supereffective|p1a: Venusaur|1\n|-damage|p1a: Venusaur|5/100\n|-damage|p2a: Incineroar|0 fnt|[from] Recoil\n|faint|p2a: Incineroar\n|move|p1a: Venusaur|Synthesis|p1a: Venusaur\n|-heal|p1a: Venusaur|55/100\n|move|p2b: Mimikyu|Play Rough|p1b: Incineroar\n|-damage|p1b: Incineroar|82/100\n|\n|-damage|p2b: Mimikyu|0 fnt|[from] brn\n|faint|p2b: Mimikyu\n|\n|win|20251225d\n|raw|20251225d's rating: 1419 &rarr; <strong>1441</strong><br />(+22 for winning)\n|raw|banana superior's rating: 1462 &rarr; <strong>1440</strong><br />(-22 for losing)\n|l|\u2606banana superior\n|player|p2|\n|l|\u260620251225d\n|player|p1|\n",
  "uploadtime": 1776628038,
  "views": 16,
  "formatid": "gen9championsvgc2026regma",
  "rating": 1440,
  "private": 0,
  "password": null
}