{
  "id": "gen9championsvgc2026regma-2587346881",
  "format": "[Gen 9 Champions] VGC 2026 Reg M-A",
  "players": [
    "Baskin31",
    "Kwicks065"
  ],
  "log": "|j|\u2606Baskin31\n|j|\u2606Kwicks065\n|t:|1776524091\n|gametype|doubles\n|player|p1|Baskin31|102|1000\n|player|p2|Kwicks065|265|1029\n|gen|9\n|tier|[Gen 9 Champions] VGC 2026 Reg M-A\n|rated|\n|rule|Species Clause: Limit one of each Pok\u00e9mon\n|rule|Item Clause: Limit 1 of each item\n|clearpoke\n|poke|p1|Chandelure, L50, M|\n|poke|p1|Whimsicott, L50, M|\n|poke|p1|Sinistcha, L50|\n|poke|p1|Basculegion, L50, M|\n|poke|p1|Kingambit, L50, M|\n|poke|p1|Kleavor, L50, M|\n|poke|p2|Heracross, L50, F|\n|poke|p2|Farigiraf, L50, F|\n|poke|p2|Whimsicott, L50, M|\n|poke|p2|Typhlosion-Hisui, L50, F|\n|poke|p2|Torkoal, L50, F|\n|poke|p2|Milotic, L50, F|\n|teampreview|4\n|inactive|Battle timer is ON: inactive players will automatically lose when time's up. (requested by Kwicks065)\n|inactive|Baskin31 has 60 seconds left.\n|inactive|Kwicks065 has 60 seconds left.\n|inactive|Baskin31 has 30 seconds left.\n|inactive|Baskin31 has 20 seconds left.\n|\n|t:|1776524166\n|teamsize|p1|4\n|teamsize|p2|4\n|start\n|switch|p1a: Kingambit|Kingambit, L50, M|100/100\n|switch|p1b: Basculegion|Basculegion, L50, M|100/100\n|switch|p2a: Heracross|Heracross, L50, F|100/100\n|switch|p2b: Whimsicott|Whimsicott, L50, M|100/100\n|turn|1\n|\n|t:|1776524189\n|move|p2b: Whimsicott|Sunny Day|p2b: Whimsicott\n|-weather|SunnyDay\n|move|p2a: Heracross|Close Combat|p1a: Kingambit\n|-supereffective|p1a: Kingambit|2\n|-damage|p1a: Kingambit|0 fnt\n|-unboost|p2a: Heracross|def|1\n|-unboost|p2a: Heracross|spd|1\n|faint|p1a: Kingambit\n|-ability|p2a: Heracross|Moxie|boost\n|-boost|p2a: Heracross|atk|1\n|move|p1b: Basculegion|Flip Turn|p2a: Heracross\n|-damage|p2a: Heracross|54/100\n|\n|t:|1776524202\n|switch|p1b: Sinistcha|Sinistcha, L50|100/100|[from] Flip Turn\n|\n|-weather|SunnyDay|[upkeep]\n|upkeep\n|\n|t:|1776524207\n|switch|p1a: Chandelure|Chandelure, L50, M|100/100\n|turn|2\n|inactive|Baskin31 has 30 seconds left.\n|\n|t:|1776524239\n|detailschange|p2a: Heracross|Heracross-Mega, L50, F\n|-mega|p2a: Heracross|Heracross|Heracronite\n|move|p2b: Whimsicott|Tailwind|p2b: Whimsicott\n|-sidestart|p2: Kwicks065|move: Tailwind\n|move|p2a: Heracross|Rock Blast|p1a: Chandelure\n|-supereffective|p1a: Chandelure|1\n|-damage|p1a: Chandelure|55/100\n|-supereffective|p1a: Chandelure|1\n|-damage|p1a: Chandelure|8/100\n|-supereffective|p1a: Chandelure|1\n|-damage|p1a: Chandelure|0 fnt\n|faint|p1a: Chandelure\n|-hitcount|p1: Chandelure|3\n|move|p1b: Sinistcha|Trick Room|p1b: Sinistcha\n|-fieldstart|move: Trick Room|[of] p1b: Sinistcha\n|\n|-weather|SunnyDay|[upkeep]\n|upkeep\n|\n|t:|1776524253\n|switch|p1a: Basculegion|Basculegion, L50, M|100/100\n|turn|3\n|\n|t:|1776524268\n|move|p2a: Heracross|Protect|p2a: Heracross\n|-singleturn|p2a: Heracross|Protect\n|move|p2b: Whimsicott|Encore|p1b: Sinistcha\n|-start|p1b: Sinistcha|Encore\n|-enditem|p1b: Sinistcha|Mental Herb\n|-end|p1b: Sinistcha|Encore\n|move|p1b: Sinistcha|Matcha Gotcha|p2b: Whimsicott|[spread] p2b\n|-activate|p2a: Heracross|move: Protect\n|-resisted|p2b: Whimsicott|1\n|-damage|p2b: Whimsicott|82/100\n|move|p1a: Basculegion|Last Respects|p2a: Heracross\n|-activate|p2a: Heracross|move: Protect\n|\n|-weather|SunnyDay|[upkeep]\n|upkeep\n|turn|4\n|inactive|Baskin31 has 30 seconds left.\n|\n|t:|1776524293\n|switch|p2a: Torkoal|Torkoal, L50, F|100/100\n|move|p1b: Sinistcha|Matcha Gotcha|p2b: Whimsicott|[spread] p2a,p2b\n|-resisted|p2a: Torkoal|1\n|-resisted|p2b: Whimsicott|1\n|-damage|p2a: Torkoal|86/100\n|-damage|p2b: Whimsicott|62/100\n|move|p1a: Basculegion|Last Respects|p2a: Torkoal\n|-damage|p2a: Torkoal|2/100\n|move|p2b: Whimsicott|Moonblast|p1b: Sinistcha\n|-damage|p1b: Sinistcha|60/100\n|\n|-weather|SunnyDay|[upkeep]\n|upkeep\n|turn|5\n|\n|t:|1776524317\n|move|p1a: Basculegion|Aqua Jet|p2a: Torkoal\n|-supereffective|p2a: Torkoal|1\n|-damage|p2a: Torkoal|0 fnt\n|faint|p2a: Torkoal\n|move|p1b: Sinistcha|Matcha Gotcha|p2b: Whimsicott\n|-resisted|p2b: Whimsicott|1\n|-damage|p2b: Whimsicott|33/100\n|-heal|p1b: Sinistcha|71/100|[from] drain|[of] p2b: Whimsicott\n|move|p2b: Whimsicott|Moonblast|p1a: Basculegion\n|-damage|p1a: Basculegion|65/100\n|\n|-weather|none\n|-sideend|p2: Kwicks065|move: Tailwind\n|upkeep\n|\n|t:|1776524326\n|switch|p2a: Heracross|Heracross-Mega, L50, F|54/100\n|turn|6\n|inactive|Baskin31 has 30 seconds left.\n|\n|t:|1776524352\n|move|p2a: Heracross|Protect|p2a: Heracross\n|-singleturn|p2a: Heracross|Protect\n|move|p2b: Whimsicott|Tailwind|p2b: Whimsicott\n|-sidestart|p2: Kwicks065|move: Tailwind\n|move|p1b: Sinistcha|Life Dew|p1b: Sinistcha|[spread] p1a,p1b\n|-heal|p1a: Basculegion|90/100\n|-heal|p1b: Sinistcha|97/100\n|move|p1a: Basculegion|Last Respects|p2b: Whimsicott\n|-damage|p2b: Whimsicott|0 fnt\n|faint|p2b: Whimsicott\n|\n|-fieldend|move: Trick Room\n|upkeep\n|\n|t:|1776524362\n|switch|p2b: Typhlosion|Typhlosion-Hisui, L50, F|100/100\n|-item|p1a: Basculegion|Mystic Water|[from] ability: Frisk|[of] p2b: Typhlosion\n|turn|7\n|inactive|Baskin31 has 30 seconds left.\n|inactive|Baskin31 has 20 seconds left.\n|inactive|Baskin31 has 15 seconds left.\n|\n|t:|1776524404\n|move|p1b: Sinistcha|Rage Powder|p1b: Sinistcha\n|-singleturn|p1b: Sinistcha|move: Rage Powder\n|move|p2b: Typhlosion|Shadow Ball|p1b: Sinistcha\n|-supereffective|p1b: Sinistcha|1\n|-damage|p1b: Sinistcha|0 fnt\n|faint|p1b: Sinistcha\n|move|p2a: Heracross|Pin Missile|p1a: Basculegion\n|-resisted|p1a: Basculegion|1\n|-crit|p1a: Basculegion\n|-damage|p1a: Basculegion|75/100\n|-resisted|p1a: Basculegion|1\n|-damage|p1a: Basculegion|64/100\n|-resisted|p1a: Basculegion|1\n|-damage|p1a: Basculegion|54/100\n|-resisted|p1a: Basculegion|1\n|-damage|p1a: Basculegion|43/100\n|-resisted|p1a: Basculegion|1\n|-damage|p1a: Basculegion|33/100\n|-hitcount|p1a: Basculegion|5\n|move|p1a: Basculegion|Flip Turn|p2b: Typhlosion\n|-supereffective|p2b: Typhlosion|1\n|-damage|p2b: Typhlosion|0 fnt\n|faint|p2b: Typhlosion\n|\n|upkeep\n|turn|8\n|inactive|Baskin31 has 30 seconds left.\n|\n|t:|1776524436\n|move|p1a: Basculegion|Protect|p1a: Basculegion\n|-singleturn|p1a: Basculegion|Protect\n|move|p2a: Heracross|Rock Blast|p1a: Basculegion\n|-activate|p1a: Basculegion|move: Protect\n|\n|upkeep\n|turn|9\n|\n|t:|1776524455\n|move|p2a: Heracross|Rock Blast|p1a: Basculegion\n|-damage|p1a: Basculegion|20/100\n|-damage|p1a: Basculegion|7/100\n|-damage|p1a: Basculegion|0 fnt\n|faint|p1a: Basculegion\n|-hitcount|p1: Basculegion|3\n|\n|win|Kwicks065\n|raw|Baskin31's rating: 1000 &rarr; <strong>1000</strong><br />(+0 for losing)\n|raw|Kwicks065's rating: 1029 &rarr; <strong>1062</strong><br />(+33 for winning)\n",
  "uploadtime": 1776524459,
  "views": 16,
  "formatid": "gen9championsvgc2026regma",
  "rating": 1000,
  "private": 0,
  "password": null
}