{
  "id": "gen9championsvgc2026regma-2589485649",
  "format": "[Gen 9 Champions] VGC 2026 Reg M-A",
  "players": [
    "sdfsdfs13234",
    "cynbeballin"
  ],
  "log": "|j|\u2606sdfsdfs13234\n|j|\u2606cynbeballin\n|t:|1776727264\n|gametype|doubles\n|player|p1|sdfsdfs13234|266|1006\n|player|p2|cynbeballin|170|1050\n|gen|9\n|tier|[Gen 9 Champions] VGC 2026 Reg M-A\n|rated|\n|rule|Species Clause: Limit one of each Pok\u00e9mon\n|rule|Item Clause: Limit 1 of each item\n|clearpoke\n|poke|p1|Charizard, L50, M|\n|poke|p1|Whimsicott, L50, F|\n|poke|p1|Hydreigon, L50, F|\n|poke|p1|Incineroar, L50, M|\n|poke|p1|Basculegion, L50, M|\n|poke|p1|Orthworm, L50, F|\n|poke|p2|Crabominable, L50, M|\n|poke|p2|Hatterene, L50, F|\n|poke|p2|Avalugg, L50, M|\n|poke|p2|Ninetales-Alola, L50, F|\n|poke|p2|Incineroar, L50, F|\n|poke|p2|Sinistcha, L50|\n|teampreview|4\n|\n|t:|1776727285\n|teamsize|p1|4\n|teamsize|p2|4\n|start\n|switch|p1a: Hydreigon|Hydreigon, L50, F|100/100\n|switch|p1b: Incineroar|Incineroar, L50, M|100/100\n|switch|p2a: Hatterene|Hatterene, L50, F|100/100\n|switch|p2b: Ninetales|Ninetales-Alola, L50, F|100/100\n|-weather|Snowscape|[from] ability: Snow Warning|[of] p2b: Ninetales\n|-ability|p1b: Incineroar|Intimidate|boost\n|-unboost|p2a: Hatterene|atk|1\n|-unboost|p2b: Ninetales|atk|1\n|turn|1\n|\n|t:|1776727299\n|move|p1b: Incineroar|Fake Out|p2b: Ninetales\n|-damage|p2b: Ninetales|92/100\n|move|p1a: Hydreigon|Flash Cannon|p2b: Ninetales\n|-supereffective|p2b: Ninetales|2\n|-damage|p2b: Ninetales|0 fnt\n|faint|p2b: Ninetales\n|move|p2a: Hatterene|Trick Room|p2a: Hatterene\n|-fieldstart|move: Trick Room|[of] p2a: Hatterene\n|\n|-weather|Snowscape|[upkeep]\n|upkeep\n|\n|t:|1776727306\n|switch|p2b: Avalugg|Avalugg, L50, M|100/100\n|turn|2\n|\n|t:|1776727321\n|switch|p1a: Whimsicott|Whimsicott, L50, F|100/100\n|move|p2a: Hatterene|Dazzling Gleam|p1b: Incineroar|[spread] p1a,p1b\n|-damage|p1a: Whimsicott|57/100\n|-damage|p1b: Incineroar|69/100\n|move|p2b: Avalugg|Chilling Water|p1b: Incineroar\n|-supereffective|p1b: Incineroar|1\n|-damage|p1b: Incineroar|59/100\n|-unboost|p1b: Incineroar|atk|1\n|move|p1b: Incineroar|Throat Chop|p2a: Hatterene\n|-damage|p2a: Hatterene|78/100\n|-start|p2a: Hatterene|Throat Chop|[silent]\n|\n|-weather|Snowscape|[upkeep]\n|upkeep\n|turn|3\n|\n|t:|1776727343\n|switch|p2a: Crabominable|Crabominable, L50, M|100/100\n|move|p1a: Whimsicott|Protect|p1a: Whimsicott\n|-singleturn|p1a: Whimsicott|Protect\n|move|p1b: Incineroar|Protect|p1b: Incineroar\n|-singleturn|p1b: Incineroar|Protect\n|move|p2b: Avalugg|Frost Breath|p2a: Crabominable\n|-resisted|p2a: Crabominable|1\n|-crit|p2a: Crabominable\n|-damage|p2a: Crabominable|90/100\n|-setboost|p2a: Crabominable|atk|6|[from] ability: Anger Point\n|\n|-weather|Snowscape|[upkeep]\n|upkeep\n|turn|4\n|\n|t:|1776727364\n|detailschange|p2a: Crabominable|Crabominable-Mega, L50, M\n|-mega|p2a: Crabominable|Crabominable|Crabominite\n|move|p2b: Avalugg|Wide Guard|p2b: Avalugg\n|-singleturn|p2b: Avalugg|Wide Guard\n|move|p2a: Crabominable|Earthquake|p1b: Incineroar|[spread] p1a,p1b\n|-activate|p2b: Avalugg|move: Wide Guard\n|-resisted|p1a: Whimsicott|1\n|-supereffective|p1b: Incineroar|1\n|-damage|p1a: Whimsicott|0 fnt\n|-damage|p1b: Incineroar|0 fnt\n|faint|p1a: Whimsicott\n|faint|p1b: Incineroar\n|\n|-weather|Snowscape|[upkeep]\n|upkeep\n|\n|t:|1776727376\n|switch|p1b: Hydreigon|Hydreigon, L50, F|100/100\n|switch|p1a: Charizard|Charizard, L50, M|100/100\n|turn|5\n|\n|t:|1776727391\n|move|p2b: Avalugg|Protect||[still]\n|-fail|p2b: Avalugg\n|move|p1a: Charizard|Protect|p1a: Charizard\n|-singleturn|p1a: Charizard|Protect\n|move|p2a: Crabominable|Rock Slide|p1a: Charizard|[spread] p1b\n|-activate|p1a: Charizard|move: Protect\n|-damage|p1b: Hydreigon|0 fnt\n|faint|p1b: Hydreigon\n|\n|-weather|none\n|-fieldend|move: Trick Room\n|upkeep\n|turn|6\n|\n|t:|1776727428\n|switch|p2b: Hatterene|Hatterene, L50, F|78/100\n|detailschange|p1a: Charizard|Charizard-Mega-X, L50, M\n|-mega|p1a: Charizard|Charizard|Charizardite X\n|move|p2a: Crabominable|Protect|p2a: Crabominable\n|-singleturn|p2a: Crabominable|Protect\n|move|p1a: Charizard|Flare Blitz|p2a: Crabominable\n|-activate|p2a: Crabominable|move: Protect\n|\n|upkeep\n|turn|7\n|\n|t:|1776727452\n|move|p2a: Crabominable|Mach Punch|p1a: Charizard\n|-damage|p1a: Charizard|0 fnt\n|faint|p1a: Charizard\n|\n|win|cynbeballin\n|raw|sdfsdfs13234's rating: 1006 &rarr; <strong>1000</strong><br />(-6 for losing)\n|raw|cynbeballin's rating: 1050 &rarr; <strong>1078</strong><br />(+28 for winning)\n",
  "uploadtime": 1776727457,
  "views": 4,
  "formatid": "gen9championsvgc2026regma",
  "rating": 1000,
  "private": 0,
  "password": null
}