{
  "id": "gen9championsvgc2026regma-2588802931",
  "format": "[Gen 9 Champions] VGC 2026 Reg M-A",
  "players": [
    "yadazei",
    "Evapotranspiracion"
  ],
  "log": "|j|\u2606yadazei\n|j|\u2606Evapotranspiracion\n|t:|1776672755\n|gametype|doubles\n|player|p1|yadazei|cynthia-anime2|1400\n|player|p2|Evapotranspiracion|zinzolin|1471\n|gen|9\n|tier|[Gen 9 Champions] VGC 2026 Reg M-A\n|rated|\n|rule|Species Clause: Limit one of each Pok\u00e9mon\n|rule|Item Clause: Limit 1 of each item\n|clearpoke\n|poke|p1|Charizard, L50, M|\n|poke|p1|Floette-Eternal, L50, F|\n|poke|p1|Aerodactyl, L50, F|\n|poke|p1|Garchomp, L50, M|\n|poke|p1|Sneasler, L50, F|\n|poke|p1|Kingambit, L50, M|\n|poke|p2|Tyranitar, L50, M, shiny|\n|poke|p2|Gyarados, L50, F, shiny|\n|poke|p2|Sinistcha, L50|\n|poke|p2|Rotom-Heat, L50|\n|poke|p2|Excadrill, L50, F|\n|poke|p2|Corviknight, L50, F|\n|teampreview|4\n|inactive|Battle timer is ON: inactive players will automatically lose when time's up. (requested by yadazei)\n|inactive|yadazei has 60 seconds left.\n|inactive|Evapotranspiracion has 60 seconds left.\n|inactive|Evapotranspiracion has 30 seconds left.\n|\n|t:|1776672817\n|teamsize|p1|4\n|teamsize|p2|4\n|start\n|switch|p1a: Garchomp|Garchomp, L50, M|100/100\n|switch|p1b: Sneasler|Sneasler, L50, F|100/100\n|switch|p2a: Corviknight|Corviknight, L50, F|100/100\n|switch|p2b: Tyranitar|Tyranitar, L50, M, shiny|100/100\n|-weather|Sandstorm|[from] ability: Sand Stream|[of] p2b: Tyranitar\n|turn|1\n|inactive|yadazei has 30 seconds left.\n|\n|t:|1776672848\n|switch|p1a: Charizard|Charizard, L50, M|100/100\n|move|p2b: Tyranitar|Protect|p2b: Tyranitar\n|-singleturn|p2b: Tyranitar|Protect\n|move|p1b: Sneasler|Close Combat|p2b: Tyranitar\n|-activate|p2b: Tyranitar|move: Protect\n|move|p2a: Corviknight|Iron Defense|p2a: Corviknight\n|-boost|p2a: Corviknight|def|2\n|\n|-weather|Sandstorm|[upkeep]\n|-damage|p1b: Sneasler|95/100|[from] Sandstorm\n|-damage|p1a: Charizard|95/100|[from] Sandstorm\n|upkeep\n|turn|2\n|inactive|Evapotranspiracion has 30 seconds left.\n|inactive|Evapotranspiracion has 20 seconds left.\n|\n|t:|1776672886\n|switch|p2b: Sinistcha|Sinistcha, L50|100/100\n|detailschange|p1a: Charizard|Charizard-Mega-Y, L50, M\n|-mega|p1a: Charizard|Charizard|Charizardite Y\n|-weather|SunnyDay|[from] ability: Drought|[of] p1a: Charizard\n|move|p1b: Sneasler|Close Combat|p2b: Sinistcha\n|-immune|p2b: Sinistcha\n|move|p1a: Charizard|Weather Ball|p2a: Corviknight\n|-supereffective|p2a: Corviknight|1\n|-enditem|p2a: Corviknight|Occa Berry|[eat]\n|-enditem|p2a: Corviknight|Occa Berry|[weaken]\n|-damage|p2a: Corviknight|33/100\n|move|p2a: Corviknight|Brave Bird|p1b: Sneasler\n|-supereffective|p1b: Sneasler|1\n|-damage|p1b: Sneasler|0 fnt\n|faint|p1b: Sneasler\n|-damage|p2a: Corviknight|9/100|[from] Recoil\n|\n|-weather|SunnyDay|[upkeep]\n|upkeep\n|\n|t:|1776672891\n|switch|p1b: Kingambit|Kingambit, L50, M|100/100\n|turn|3\n|inactive|Evapotranspiracion has 30 seconds left.\n|inactive|Evapotranspiracion has 20 seconds left.\n|inactive|Evapotranspiracion has 15 seconds left.\n|inactive|Evapotranspiracion has 10 seconds left.\n|\n|t:|1776672937\n|switch|p1a: Garchomp|Garchomp, L50, M|100/100\n|switch|p2a: Tyranitar|Tyranitar, L50, M, shiny|100/100\n|-weather|Sandstorm|[from] ability: Sand Stream|[of] p2a: Tyranitar\n|move|p1b: Kingambit|Kowtow Cleave|p2b: Sinistcha\n|-supereffective|p2b: Sinistcha|1\n|-damage|p2b: Sinistcha|16/100\n|-enditem|p2b: Sinistcha|Sitrus Berry|[eat]\n|-heal|p2b: Sinistcha|41/100|[from] item: Sitrus Berry\n|move|p2b: Sinistcha|Trick Room|p2b: Sinistcha\n|-fieldstart|move: Trick Room|[of] p2b: Sinistcha\n|\n|-weather|Sandstorm|[upkeep]\n|-damage|p2b: Sinistcha|35/100|[from] Sandstorm\n|upkeep\n|turn|4\n|\n|t:|1776672957\n|detailschange|p2a: Tyranitar|Tyranitar-Mega, L50, M, shiny\n|-mega|p2a: Tyranitar|Tyranitar|Tyranitarite\n|move|p2b: Sinistcha|Rage Powder|p2b: Sinistcha\n|-singleturn|p2b: Sinistcha|move: Rage Powder\n|move|p1b: Kingambit|Iron Head|p2b: Sinistcha\n|-damage|p2b: Sinistcha|0 fnt\n|faint|p2b: Sinistcha\n|move|p2a: Tyranitar|Ice Punch|p1a: Garchomp\n|-supereffective|p1a: Garchomp|2\n|-damage|p1a: Garchomp|0 fnt\n|-damage|p2a: Tyranitar|88/100|[from] ability: Rough Skin|[of] p1a: Garchomp\n|faint|p1a: Garchomp\n|\n|-weather|Sandstorm|[upkeep]\n|upkeep\n|\n|t:|1776672970\n|switch|p2b: Corviknight|Corviknight, L50, F|9/100\n|switch|p1a: Charizard|Charizard-Mega-Y, L50, M|95/100\n|-weather|SunnyDay|[from] ability: Drought|[of] p1a: Charizard\n|turn|5\n|\n|t:|1776672994\n|switch|p2a: Excadrill|Excadrill, L50, F|100/100\n|move|p1a: Charizard|Protect|p1a: Charizard\n|-singleturn|p1a: Charizard|Protect\n|move|p1b: Kingambit|Iron Head|p2a: Excadrill\n|-resisted|p2a: Excadrill|1\n|-damage|p2a: Excadrill|66/100\n|move|p2b: Corviknight|Body Press|p1b: Kingambit\n|-supereffective|p1b: Kingambit|2\n|-damage|p1b: Kingambit|30/100\n|\n|-weather|SunnyDay|[upkeep]\n|upkeep\n|turn|6\n|\n|t:|1776673012\n|switch|p2b: Tyranitar|Tyranitar-Mega, L50, M, shiny|88/100\n|-weather|Sandstorm|[from] ability: Sand Stream|[of] p2b: Tyranitar\n|move|p1b: Kingambit|Protect|p1b: Kingambit\n|-singleturn|p1b: Kingambit|Protect\n|move|p2a: Excadrill|Protect|p2a: Excadrill\n|-singleturn|p2a: Excadrill|Protect\n|move|p1a: Charizard|Heat Wave|p2a: Excadrill|[spread] p2b\n|-activate|p2a: Excadrill|move: Protect\n|-resisted|p2b: Tyranitar|1\n|-damage|p2b: Tyranitar|80/100\n|-status|p2b: Tyranitar|brn\n|\n|-weather|Sandstorm|[upkeep]\n|-damage|p1a: Charizard|89/100|[from] Sandstorm\n|-damage|p2b: Tyranitar|74/100 brn|[from] brn\n|upkeep\n|turn|7\n|\n|t:|1776673031\n|move|p1b: Kingambit|Iron Head|p2b: Tyranitar\n|-supereffective|p2b: Tyranitar|1\n|-damage|p2b: Tyranitar|12/100 brn\n|move|p2b: Tyranitar|Rock Slide|p1a: Charizard|[spread] p1b\n|-miss|p2b: Tyranitar|p1a: Charizard\n|-resisted|p1b: Kingambit|1\n|-damage|p1b: Kingambit|23/100\n|move|p1a: Charizard|Heat Wave|p2b: Tyranitar|[spread] p2a,p2b\n|-supereffective|p2a: Excadrill|1\n|-resisted|p2b: Tyranitar|1\n|-damage|p2a: Excadrill|0 fnt\n|-damage|p2b: Tyranitar|3/100 brn\n|faint|p2a: Excadrill\n|\n|-weather|Sandstorm|[upkeep]\n|-damage|p1a: Charizard|83/100|[from] Sandstorm\n|-damage|p2b: Tyranitar|0 fnt|[from] brn\n|faint|p2b: Tyranitar\n|-fieldend|move: Trick Room\n|upkeep\n|c|\u2606Evapotranspiracion|Bruh\n|\n|t:|1776673048\n|switch|p2b: Corviknight|Corviknight, L50, F|9/100\n|turn|8\n|c|\u2606yadazei|bruh\n|\n|t:|1776673056\n|move|p1b: Kingambit|Sucker Punch|p2b: Corviknight\n|-damage|p2b: Corviknight|0 fnt\n|faint|p2b: Corviknight\n|\n|win|yadazei\n|raw|yadazei's rating: 1400 &rarr; <strong>1424</strong><br />(+24 for winning)\n|raw|Evapotranspiracion's rating: 1471 &rarr; <strong>1447</strong><br />(-24 for losing)\n|c|\u2606yadazei|gg\n|c|\u2606Evapotranspiracion|ggs\n",
  "uploadtime": 1776673081,
  "views": 17,
  "formatid": "gen9championsvgc2026regma",
  "rating": 1424,
  "private": 0,
  "password": null
}