{
  "id": "gen9championsvgc2026regma-2583172983",
  "format": "[Gen 9 Champions] VGC 2026 Reg M-A",
  "players": [
    "apexdesu",
    "lanceiv"
  ],
  "log": "|j|\u2606apexdesu\n|j|\u2606lanceiv\n|t:|1776150875\n|gametype|doubles\n|player|p1|apexdesu|cowgirl|1025\n|player|p2|lanceiv|101|1074\n|gen|9\n|tier|[Gen 9 Champions] VGC 2026 Reg M-A\n|rated|\n|rule|Species Clause: Limit one of each Pok\u00e9mon\n|rule|Item Clause: Limit 1 of each item\n|clearpoke\n|poke|p1|Incineroar, L50, M|\n|poke|p1|Farigiraf, L50, F|\n|poke|p1|Torkoal, L50, F|\n|poke|p1|Camerupt, L50, F|\n|poke|p1|Sinistcha, L50|\n|poke|p1|Crabominable, L50, M|\n|poke|p2|Farigiraf, L50, F|\n|poke|p2|Incineroar, L50, F|\n|poke|p2|Torkoal, L50, F|\n|poke|p2|Golurk, L50|\n|poke|p2|Venusaur, L50, F|\n|poke|p2|Klefki, L50, M|\n|teampreview|4\n|inactive|Battle timer is ON: inactive players will automatically lose when time's up. (requested by lanceiv)\n|inactive|lanceiv has 60 seconds left.\n|inactive|lanceiv has 30 seconds left.\n|\n|t:|1776150946\n|teamsize|p1|4\n|teamsize|p2|4\n|start\n|switch|p1a: Incineroar|Incineroar, L50, M|100/100\n|switch|p1b: Farigiraf|Farigiraf, L50, F|100/100\n|switch|p2a: Farigiraf|Farigiraf, L50, F, shiny|100/100\n|switch|p2b: Incineroar|Incineroar, L50, F, shiny|100/100\n|-ability|p1a: Incineroar|Intimidate|boost\n|-unboost|p2a: Farigiraf|atk|1\n|-unboost|p2b: Incineroar|atk|1\n|-ability|p2b: Incineroar|Intimidate|boost\n|-unboost|p1a: Incineroar|atk|1\n|-unboost|p1b: Farigiraf|atk|1\n|turn|1\n|c|\u2606lanceiv|shiny superiority\n|inactive|apexdesu has 30 seconds left.\n|inactive|lanceiv has 30 seconds left.\n|inactive|apexdesu has 20 seconds left.\n|inactive|lanceiv has 20 seconds left.\n|inactive|apexdesu has 15 seconds left.\n|inactive|apexdesu has 10 seconds left.\n|\n|t:|1776150995\n|move|p1a: Incineroar|Parting Shot|p2b: Incineroar\n|-unboost|p2b: Incineroar|atk|1\n|-unboost|p2b: Incineroar|spa|1\n|\n|t:|1776151001\n|switch|p1a: Torkoal|Torkoal, L50, F|100/100|[from] Parting Shot\n|-weather|SunnyDay|[from] ability: Drought|[of] p1a: Torkoal\n|move|p2b: Incineroar|Darkest Lariat|p1b: Farigiraf\n|-supereffective|p1b: Farigiraf|1\n|-damage|p1b: Farigiraf|61/100\n|move|p1b: Farigiraf|Hyper Voice|p2a: Farigiraf|[spread] p2a,p2b\n|-damage|p2a: Farigiraf|74/100\n|-damage|p2b: Incineroar|72/100\n|move|p2a: Farigiraf|Trick Room|p2a: Farigiraf\n|-fieldstart|move: Trick Room|[of] p2a: Farigiraf\n|\n|-weather|SunnyDay|[upkeep]\n|upkeep\n|turn|2\n|\n|t:|1776151023\n|move|p1b: Farigiraf|Helping Hand|p1a: Torkoal\n|-singleturn|p1a: Torkoal|Helping Hand|[of] p1b: Farigiraf\n|move|p2a: Farigiraf|Protect|p2a: Farigiraf\n|-singleturn|p2a: Farigiraf|Protect\n|move|p1a: Torkoal|Eruption|p2b: Incineroar|[spread] p2b\n|-activate|p2a: Farigiraf|move: Protect\n|-resisted|p2b: Incineroar|1\n|-damage|p2b: Incineroar|14/100\n|move|p2b: Incineroar|Parting Shot|p1a: Torkoal\n|-unboost|p1a: Torkoal|atk|1\n|-unboost|p1a: Torkoal|spa|1\n|\n|t:|1776151035\n|switch|p2b: Golurk|Golurk, L50, shiny|100/100|[from] Parting Shot\n|\n|-weather|SunnyDay|[upkeep]\n|upkeep\n|turn|3\n|\n|t:|1776151054\n|detailschange|p2b: Golurk|Golurk-Mega, L50, shiny\n|-mega|p2b: Golurk|Golurk|Golurkite\n|move|p1a: Torkoal|Eruption|p2b: Golurk|[spread] p2a,p2b\n|-damage|p2a: Farigiraf|11/100\n|-damage|p2b: Golurk|54/100\n|move|p2b: Golurk|Headlong Rush|p1a: Torkoal\n|-supereffective|p1a: Torkoal|1\n|-damage|p1a: Torkoal|0 fnt\n|-unboost|p2b: Golurk|def|1\n|-unboost|p2b: Golurk|spd|1\n|faint|p1a: Torkoal\n|move|p2a: Farigiraf|Hyper Voice|p1b: Farigiraf\n|-damage|p1b: Farigiraf|20/100\n|-enditem|p1b: Farigiraf|Sitrus Berry|[eat]\n|-heal|p1b: Farigiraf|45/100|[from] item: Sitrus Berry\n|move|p1b: Farigiraf|Hyper Voice|p2a: Farigiraf|[spread] p2a\n|-immune|p2b: Golurk\n|-damage|p2a: Farigiraf|0 fnt\n|faint|p2a: Farigiraf\n|\n|-weather|SunnyDay|[upkeep]\n|upkeep\n|inactive|apexdesu has 30 seconds left.\n|inactive|lanceiv has 30 seconds left.\n|\n|t:|1776151087\n|switch|p1a: Camerupt|Camerupt, L50, F|100/100\n|switch|p2a: Incineroar|Incineroar, L50, F, shiny|14/100\n|-ability|p2a: Incineroar|Intimidate|boost\n|-unboost|p1a: Camerupt|atk|1\n|-unboost|p1b: Farigiraf|atk|1\n|turn|4\n|inactive|lanceiv has 30 seconds left.\n|inactive|lanceiv has 20 seconds left.\n|inactive|lanceiv has 15 seconds left.\n|inactive|lanceiv has 10 seconds left.\n|\n|t:|1776151135\n|detailschange|p1a: Camerupt|Camerupt-Mega, L50, F\n|-mega|p1a: Camerupt|Camerupt|Cameruptite\n|move|p2b: Golurk|Protect|p2b: Golurk\n|-singleturn|p2b: Golurk|Protect\n|move|p1a: Camerupt|Eruption|p2b: Golurk|[spread] p2a\n|-activate|p2b: Golurk|move: Protect\n|-resisted|p2a: Incineroar|1\n|-damage|p2a: Incineroar|0 fnt\n|faint|p2a: Incineroar\n|move|p1b: Farigiraf|Psychic|p2b: Golurk\n|-activate|p2b: Golurk|move: Protect\n|\n|-weather|SunnyDay|[upkeep]\n|upkeep\n|\n|t:|1776151147\n|switch|p2a: Torkoal|Torkoal, L50, F, shiny|100/100\n|turn|5\n|inactive|apexdesu has 30 seconds left.\n|\n|t:|1776151172\n|move|p1b: Farigiraf|Helping Hand|p1a: Camerupt\n|-singleturn|p1a: Camerupt|Helping Hand|[of] p1b: Farigiraf\n|move|p2b: Golurk|Protect|p2b: Golurk\n|-singleturn|p2b: Golurk|Protect\n|move|p2a: Torkoal|Eruption|p1b: Farigiraf|[spread] p1a,p1b\n|-resisted|p1a: Camerupt|1\n|-damage|p1a: Camerupt|58/100\n|-damage|p1b: Farigiraf|0 fnt\n|faint|p1b: Farigiraf\n|move|p1a: Camerupt|Eruption|p2b: Golurk|[spread] p2a\n|-activate|p2b: Golurk|move: Protect\n|-resisted|p2a: Torkoal|1\n|-damage|p2a: Torkoal|41/100\n|\n|-weather|none\n|-fieldend|move: Trick Room\n|upkeep\n|\n|t:|1776151189\n|switch|p1b: Incineroar|Incineroar, L50, M|100/100\n|-ability|p1b: Incineroar|Intimidate|boost\n|-unboost|p2a: Torkoal|atk|1\n|-unboost|p2b: Golurk|atk|1\n|turn|6\n|c|\u2606lanceiv|this is prolly gg\n|inactive|apexdesu has 30 seconds left.\n|c|\u2606lanceiv|wp\n|inactive|apexdesu has 20 seconds left.\n|c|\u2606lanceiv|i did my best lol\n|inactive|apexdesu has 15 seconds left.\n|inactive|apexdesu has 10 seconds left.\n|\n|t:|1776151238\n|move|p2a: Torkoal|Helping Hand|p2b: Golurk\n|-singleturn|p2b: Golurk|Helping Hand|[of] p2a: Torkoal\n|move|p1b: Incineroar|Fake Out|p2a: Torkoal\n|-damage|p2a: Torkoal|31/100\n|move|p2b: Golurk|Headlong Rush|p1b: Incineroar\n|-supereffective|p1b: Incineroar|1\n|-damage|p1b: Incineroar|0 fnt\n|-unboost|p2b: Golurk|def|1\n|-unboost|p2b: Golurk|spd|1\n|faint|p1b: Incineroar\n|move|p1a: Camerupt|Earth Power|p2b: Golurk\n|-damage|p2b: Golurk|0 fnt\n|faint|p2b: Golurk\n|\n|upkeep\n|turn|7\n|\n|t:|1776151257\n|move|p1a: Camerupt|Earth Power|p2a: Torkoal\n|-supereffective|p2a: Torkoal|1\n|-damage|p2a: Torkoal|0 fnt\n|faint|p2a: Torkoal\n|\n|win|apexdesu\n|raw|apexdesu's rating: 1025 &rarr; <strong>1066</strong><br />(+41 for winning)\n|raw|lanceiv's rating: 1074 &rarr; <strong>1050</strong><br />(-24 for losing)\n|l|\u2606lanceiv\n|player|p2|\n",
  "uploadtime": 1776151265,
  "views": 17,
  "formatid": "gen9championsvgc2026regma",
  "rating": 1050,
  "private": 0,
  "password": null
}