{
  "id": "gen9championsvgc2026regma-2580576960",
  "format": "[Gen 9 Champions] VGC 2026 Reg M-A",
  "players": [
    "matmvgc",
    "25th_mang"
  ],
  "log": "|j|\u2606matmvgc\n|j|\u260625th_mang\n|t:|1775914653\n|gametype|doubles\n|player|p1|matmvgc|dragontamer|1099\n|player|p2|25th_mang|ballguy|1158\n|gen|9\n|tier|[Gen 9 Champions] VGC 2026 Reg M-A\n|rated|\n|rule|Species Clause: Limit one of each Pok\u00e9mon\n|rule|Item Clause: Limit 1 of each item\n|clearpoke\n|poke|p1|Charizard, L50, F|\n|poke|p1|Typhlosion-Hisui, L50, M|\n|poke|p1|Farigiraf, L50, M|\n|poke|p1|Sneasler, L50, M|\n|poke|p1|Maushold, L50|\n|poke|p1|Hydreigon, L50, F|\n|poke|p2|Crabominable, L50, F|\n|poke|p2|Farigiraf, L50, F|\n|poke|p2|Incineroar, L50, F|\n|poke|p2|Archaludon, L50, F|\n|poke|p2|Pelipper, L50, M|\n|poke|p2|Sinistcha, L50|\n|teampreview|4\n|inactive|Battle timer is ON: inactive players will automatically lose when time's up. (requested by 25th_mang)\nmatmvgc has agreed to open team sheets.\n|c|\u2606matmvgc|glhf\n|inactive|matmvgc has 60 seconds left.\n|inactive|25th_mang has 60 seconds left.\n|\n|t:|1775914707\n|teamsize|p1|4\n|teamsize|p2|4\n|start\n|switch|p1a: Farigiraf|Farigiraf, L50, M|100/100\n|switch|p1b: Charizard|Charizard, L50, F|100/100\n|switch|p2a: Flip|Farigiraf, L50, F|100/100\n|switch|p2b: Roar|Incineroar, L50, F|100/100\n|-ability|p2b: Roar|Intimidate|boost\n|-unboost|p1a: Farigiraf|atk|1\n|-unboost|p1b: Charizard|atk|1\n|turn|1\n|\n|t:|1775914728\n|detailschange|p1b: Charizard|Charizard-Mega-Y, L50, F\n|-mega|p1b: Charizard|Charizard|Charizardite Y\n|-weather|SunnyDay|[from] ability: Drought|[of] p1b: Charizard\n|move|p2a: Flip|Helping Hand|p2b: Roar\n|-singleturn|p2b: Roar|Helping Hand|[of] p2a: Flip\n|move|p1a: Farigiraf|Helping Hand|p1b: Charizard\n|-singleturn|p1b: Charizard|Helping Hand|[of] p1a: Farigiraf\n|move|p1b: Charizard|Weather Ball|p2a: Flip\n|-damage|p2a: Flip|0 fnt\n|faint|p2a: Flip\n|move|p2b: Roar|Darkest Lariat|p1a: Farigiraf\n|-supereffective|p1a: Farigiraf|1\n|-damage|p1a: Farigiraf|0 fnt\n|faint|p1a: Farigiraf\n|\n|-weather|SunnyDay|[upkeep]\n|upkeep\n|\n|t:|1775914747\n|switch|p2a: Stup!b|Pelipper, L50, M|100/100\n|switch|p1a: Sneasler|Sneasler, L50, M|100/100\n|-weather|RainDance|[from] ability: Drizzle|[of] p2a: Stup!b\n|turn|2\n|inactive|25th_mang has 30 seconds left.\n|inactive|25th_mang has 20 seconds left.\n|\n|t:|1775914783\n|switch|p1b: Typhlosion|Typhlosion-Hisui, L50, M|100/100\n|switch|p2a: Hockey Reference|Crabominable, L50, F|100/100\n|move|p1a: Sneasler|Fake Out|p2a: Hockey Reference\n|-damage|p2a: Hockey Reference|84/100\n|move|p2b: Roar|Darkest Lariat|p1b: Typhlosion\n|-supereffective|p1b: Typhlosion|1\n|-damage|p1b: Typhlosion|0 fnt\n|faint|p1b: Typhlosion\n|\n|-weather|RainDance|[upkeep]\n|upkeep\n|\n|t:|1775914791\n|switch|p1b: Charizard|Charizard-Mega-Y, L50, F|100/100\n|-weather|SunnyDay|[from] ability: Drought|[of] p1b: Charizard\n|turn|3\n|\n|t:|1775914809\n|switch|p2b: Stup!b|Pelipper, L50, M|100/100\n|-weather|RainDance|[from] ability: Drizzle|[of] p2b: Stup!b\n|move|p2a: Hockey Reference|Protect|p2a: Hockey Reference\n|-singleturn|p2a: Hockey Reference|Protect\n|move|p1a: Sneasler|Close Combat|p2b: Stup!b\n|-resisted|p2b: Stup!b|1\n|-damage|p2b: Stup!b|69/100\n|-unboost|p1a: Sneasler|def|1\n|-unboost|p1a: Sneasler|spd|1\n|-enditem|p1a: Sneasler|White Herb\n|-clearnegativeboost|p1a: Sneasler|[silent]\n|move|p1b: Charizard|Weather Ball|p2a: Hockey Reference\n|-activate|p2a: Hockey Reference|move: Protect\n|\n|-weather|RainDance|[upkeep]\n|upkeep\n|turn|4\n|inactive|matmvgc has 30 seconds left.\n|inactive|25th_mang has 30 seconds left.\n|inactive|matmvgc has 20 seconds left.\n|inactive|25th_mang has 20 seconds left.\n|inactive|25th_mang has 15 seconds left.\n|\n|t:|1775914850\n|detailschange|p2a: Hockey Reference|Crabominable-Mega, L50, F\n|-mega|p2a: Hockey Reference|Crabominable|Crabominite\n|move|p1a: Sneasler|Close Combat|p2b: Stup!b\n|-resisted|p2b: Stup!b|1\n|-damage|p2b: Stup!b|33/100\n|-unboost|p1a: Sneasler|def|1\n|-unboost|p1a: Sneasler|spd|1\n|move|p1b: Charizard|Weather Ball|p2b: Stup!b\n|-resisted|p2b: Stup!b|1\n|-damage|p2b: Stup!b|0 fnt\n|faint|p2b: Stup!b\n|move|p2a: Hockey Reference|Ice Hammer|p1b: Charizard\n|-damage|p1b: Charizard|0 fnt\n|-unboost|p2a: Hockey Reference|spe|1\n|faint|p1b: Charizard\n|\n|-weather|RainDance|[upkeep]\n|upkeep\n|\n|t:|1775914864\n|switch|p2b: Roar|Incineroar, L50, F|100/100\n|-ability|p2b: Roar|Intimidate|boost\n|-unboost|p1a: Sneasler|atk|1\n|turn|5\n|\n|t:|1775914869\n|move|p2b: Roar|Fake Out|p1a: Sneasler\n|-damage|p1a: Sneasler|65/100\n|cant|p1a: Sneasler|flinch\n|move|p2a: Hockey Reference|Ice Hammer|p1a: Sneasler\n|-damage|p1a: Sneasler|0 fnt\n|-unboost|p2a: Hockey Reference|spe|1\n|faint|p1a: Sneasler\n|\n|win|25th_mang\n|raw|matmvgc's rating: 1099 &rarr; <strong>1078</strong><br />(-21 for losing)\n|raw|25th_mang's rating: 1158 &rarr; <strong>1179</strong><br />(+21 for winning)\n|l|\u2606matmvgc\n|player|p1|\n|c|\u260625th_mang|Ggs\n",
  "uploadtime": 1775914876,
  "views": 12,
  "formatid": "gen9championsvgc2026regma",
  "rating": 1078,
  "private": 0,
  "password": null
}