{
  "id": "gen9championsvgc2026regma-2582194446",
  "format": "[Gen 9 Champions] VGC 2026 Reg M-A",
  "players": [
    "rudolfkalman",
    "Quyt_DZ"
  ],
  "log": "|j|\u2606rudolfkalman\n|j|\u2606Quyt_DZ\n|t:|1776069817\n|gametype|doubles\n|player|p1|rudolfkalman|266|1130\n|player|p2|Quyt_DZ|aromalady|1062\n|gen|9\n|tier|[Gen 9 Champions] VGC 2026 Reg M-A\n|rated|\n|rule|Species Clause: Limit one of each Pok\u00e9mon\n|rule|Item Clause: Limit 1 of each item\n|clearpoke\n|poke|p1|Charizard, L50, F|\n|poke|p1|Venusaur, L50, F|\n|poke|p1|Sneasler, L50, F|\n|poke|p1|Kingambit, L50, M|\n|poke|p1|Farigiraf, L50, M|\n|poke|p1|Garchomp, L50, M|\n|poke|p2|Snorlax, L50, M|\n|poke|p2|Gallade, L50, M|\n|poke|p2|Meowstic, L50, M|\n|poke|p2|Ceruledge, L50, M|\n|poke|p2|Kangaskhan, L50, F|\n|poke|p2|Whimsicott, L50, F|\n|teampreview|4\n|inactive|Battle timer is ON: inactive players will automatically lose when time's up. (requested by Quyt_DZ)\n|inactive|rudolfkalman has 60 seconds left.\n|\n|t:|1776069881\n|teamsize|p1|4\n|teamsize|p2|4\n|start\n|switch|p1a: Charizard|Charizard, L50, F|100/100\n|switch|p1b: Sneasler|Sneasler, L50, F|100/100\n|switch|p2a: Snorlax|Snorlax, L50, M|100/100\n|switch|p2b: Meowstic|Meowstic, L50, M|100/100\n|turn|1\n|inactive|rudolfkalman has 30 seconds left.\n|inactive|rudolfkalman has 20 seconds left.\n|inactive|rudolfkalman has 15 seconds left.\n|inactive|rudolfkalman has 10 seconds left.\n|\n|t:|1776069927\n|switch|p1b: Kingambit|Kingambit, L50, M|100/100\n|detailschange|p1a: Charizard|Charizard-Mega-Y, L50, F\n|-mega|p1a: Charizard|Charizard|Charizardite Y\n|-weather|SunnyDay|[from] ability: Drought|[of] p1a: Charizard\n|move|p2b: Meowstic|Reflect|p2b: Meowstic\n|-sidestart|p2: Quyt_DZ|Reflect\n|move|p1a: Charizard|Heat Wave|p2a: Snorlax|[spread] p2b\n|-miss|p1a: Charizard|p2a: Snorlax\n|-crit|p2b: Meowstic\n|-damage|p2b: Meowstic|14/100\n|move|p2a: Snorlax|Belly Drum|p2a: Snorlax\n|-damage|p2a: Snorlax|50/100\n|-setboost|p2a: Snorlax|atk|6|[from] move: Belly Drum\n|-enditem|p2a: Snorlax|Sitrus Berry|[eat]\n|-heal|p2a: Snorlax|75/100|[from] item: Sitrus Berry\n|\n|-weather|SunnyDay|[upkeep]\n|upkeep\n|turn|2\n|inactive|rudolfkalman has 30 seconds left.\n|inactive|Quyt_DZ has 30 seconds left.\n|inactive|rudolfkalman has 20 seconds left.\n|inactive|rudolfkalman has 15 seconds left.\n|inactive|rudolfkalman has 10 seconds left.\n|\n|t:|1776069974\n|move|p2b: Meowstic|Light Screen|p2b: Meowstic\n|-sidestart|p2: Quyt_DZ|move: Light Screen\n|move|p1a: Charizard|Heat Wave|p2a: Snorlax|[spread] p2a,p2b\n|-damage|p2a: Snorlax|64/100\n|-damage|p2b: Meowstic|0 fnt\n|faint|p2b: Meowstic\n|move|p1b: Kingambit|Swords Dance|p1b: Kingambit\n|-boost|p1b: Kingambit|atk|2\n|move|p2a: Snorlax|Thunder Punch|p1a: Charizard\n|-supereffective|p1a: Charizard|1\n|-damage|p1a: Charizard|0 fnt\n|faint|p1a: Charizard\n|\n|-weather|SunnyDay|[upkeep]\n|upkeep\n|\n|t:|1776069991\n|switch|p1a: Sneasler|Sneasler, L50, F|100/100\n|switch|p2b: Ceruledge|Ceruledge, L50, M|100/100\n|turn|3\n|\n|t:|1776070009\n|move|p1a: Sneasler|Fake Out|p2a: Snorlax\n|-damage|p2a: Snorlax|57/100\n|move|p1b: Kingambit|Sucker Punch||[still]\n|-fail|p1b: Kingambit\n|move|p2b: Ceruledge|Psych Up|p2a: Snorlax\n|-copyboost|p2b: Ceruledge|p2a: Snorlax|[from] move: Psych Up\n|cant|p2a: Snorlax|flinch\n|\n|-weather|SunnyDay|[upkeep]\n|upkeep\n|turn|4\n|\n|t:|1776070034\n|move|p1b: Kingambit|Sucker Punch|p2b: Ceruledge\n|-supereffective|p2b: Ceruledge|1\n|-enditem|p2b: Ceruledge|Focus Sash\n|-damage|p2b: Ceruledge|1/100\n|-ability|p2b: Ceruledge|Weak Armor|boost\n|-unboost|p2b: Ceruledge|def|1\n|-boost|p2b: Ceruledge|spe|2\n|move|p2b: Ceruledge|Bitter Blade|p1b: Kingambit\n|-supereffective|p1b: Kingambit|1\n|-damage|p1b: Kingambit|0 fnt\n|-heal|p2b: Ceruledge|70/100|[from] drain|[of] p1b: Kingambit\n|faint|p1b: Kingambit\n|move|p1a: Sneasler|Close Combat|p2a: Snorlax\n|-supereffective|p2a: Snorlax|1\n|-damage|p2a: Snorlax|0 fnt\n|-unboost|p1a: Sneasler|def|1\n|-unboost|p1a: Sneasler|spd|1\n|faint|p2a: Snorlax\n|-enditem|p1a: Sneasler|White Herb\n|-clearnegativeboost|p1a: Sneasler|[silent]\n|\n|-weather|SunnyDay|[upkeep]\n|upkeep\n|\n|t:|1776070052\n|switch|p1b: Farigiraf|Farigiraf, L50, M|100/100\n|switch|p2a: Kangaskhan|Kangaskhan, L50, F, shiny|100/100\n|turn|5\n|inactive|Quyt_DZ has 30 seconds left.\n|\n|t:|1776070081\n|detailschange|p2a: Kangaskhan|Kangaskhan-Mega, L50, F, shiny\n|-mega|p2a: Kangaskhan|Kangaskhan|Kangaskhanite\n|move|p1a: Sneasler|Close Combat|p2a: Kangaskhan\n|-supereffective|p2a: Kangaskhan|1\n|-damage|p2a: Kangaskhan|23/100\n|-unboost|p1a: Sneasler|def|1\n|-unboost|p1a: Sneasler|spd|1\n|move|p2b: Ceruledge|Bitter Blade|p1b: Farigiraf\n|-damage|p1b: Farigiraf|0 fnt\n|-heal|p2b: Ceruledge|100/100|[from] drain|[of] p1b: Farigiraf\n|faint|p1b: Farigiraf\n|move|p2a: Kangaskhan|Fire Punch|p1a: Sneasler\n|-damage|p1a: Sneasler|0 fnt\n|faint|p1a: Sneasler\n|-hitcount|p1: Sneasler|1\n|\n|win|Quyt_DZ\n|raw|rudolfkalman's rating: 1130 &rarr; <strong>1100</strong><br />(-30 for losing)\n|raw|Quyt_DZ's rating: 1062 &rarr; <strong>1099</strong><br />(+37 for winning)\n|l|\u2606rudolfkalman\n|player|p1|\n",
  "uploadtime": 1776070097,
  "views": 10,
  "formatid": "gen9championsvgc2026regma",
  "rating": 1099,
  "private": 0,
  "password": null
}