{
  "id": "gen9championsvgc2026regma-2587682389",
  "format": "[Gen 9 Champions] VGC 2026 Reg M-A",
  "players": [
    "dune's kitchen",
    "Ceazn"
  ],
  "log": "|j|\u2606dune's kitchen\n|j|\u2606Ceazn\n|t:|1776553447\n|gametype|doubles\n|player|p1|dune's kitchen|baker|1279\n|player|p2|Ceazn|2|1316\n|gen|9\n|tier|[Gen 9 Champions] VGC 2026 Reg M-A\n|rated|\n|rule|Species Clause: Limit one of each Pok\u00e9mon\n|rule|Item Clause: Limit 1 of each item\n|clearpoke\n|poke|p1|Meowstic-F, L50, F|\n|poke|p1|Wyrdeer, L50, F|\n|poke|p1|Tyranitar, L50, M|\n|poke|p1|Corviknight, L50, M|\n|poke|p1|Sinistcha, L50|\n|poke|p1|Sylveon, L50, F|\n|poke|p2|Zoroark-Hisui, L50, F|\n|poke|p2|Alakazam, L50, F|\n|poke|p2|Froslass, L50, F, shiny|\n|poke|p2|Glaceon, L50, M, shiny|\n|poke|p2|Talonflame, L50, F, shiny|\n|poke|p2|Garchomp, L50, F|\n|teampreview|4\n|\n|t:|1776553483\n|teamsize|p1|4\n|teamsize|p2|4\n|start\n|switch|p1a: Tyranitar|Tyranitar, L50, M|100/100\n|switch|p1b: Wyrdeer|Wyrdeer, L50, F|100/100\n|switch|p2a: Talonflame|Talonflame, L50, F, shiny|100/100\n|switch|p2b: Garchomp|Garchomp, L50, F|100/100\n|-weather|Sandstorm|[from] ability: Sand Stream|[of] p1a: Tyranitar\n|-ability|p1b: Wyrdeer|Intimidate|boost\n|-unboost|p2a: Talonflame|atk|1\n|-unboost|p2b: Garchomp|atk|1\n|turn|1\n|\n|t:|1776553507\n|switch|p1a: Meowstic|Meowstic-F, L50, F|100/100\n|move|p2a: Talonflame|Acrobatics|p1b: Wyrdeer\n|-damage|p1b: Wyrdeer|71/100\n|move|p2b: Garchomp|Earthquake|p1b: Wyrdeer|[spread] p1a,p1b\n|-immune|p2a: Talonflame\n|-damage|p1a: Meowstic|62/100\n|-damage|p1b: Wyrdeer|42/100\n|-enditem|p1b: Wyrdeer|Sitrus Berry|[eat]\n|-heal|p1b: Wyrdeer|67/100|[from] item: Sitrus Berry\n|move|p1b: Wyrdeer|Trick Room|p1b: Wyrdeer\n|-fieldstart|move: Trick Room|[of] p1b: Wyrdeer\n|\n|-weather|Sandstorm|[upkeep]\n|-damage|p1b: Wyrdeer|61/100|[from] Sandstorm\n|-damage|p1a: Meowstic|56/100|[from] Sandstorm\n|-damage|p2a: Talonflame|95/100|[from] Sandstorm\n|upkeep\n|turn|2\n|\n|t:|1776553555\n|move|p1a: Meowstic|Fake Out|p2b: Garchomp\n|-damage|p2b: Garchomp|95/100\n|-damage|p1a: Meowstic|44/100|[from] ability: Rough Skin|[of] p2b: Garchomp\n|move|p1b: Wyrdeer|Skill Swap|p1a: Meowstic\n|-activate|p1b: Wyrdeer|Skill Swap|||[of] p1a: Meowstic\n|-ability|p1a: Meowstic|Intimidate|boost\n|-unboost|p2a: Talonflame|atk|1\n|-unboost|p2b: Garchomp|atk|1\n|cant|p2b: Garchomp|flinch\n|move|p2a: Talonflame|Acrobatics|p1b: Wyrdeer\n|-damage|p1b: Wyrdeer|38/100\n|\n|-weather|Sandstorm|[upkeep]\n|-damage|p1b: Wyrdeer|32/100|[from] Sandstorm\n|-damage|p1a: Meowstic|38/100|[from] Sandstorm\n|-damage|p2a: Talonflame|89/100|[from] Sandstorm\n|upkeep\n|turn|3\n|\n|t:|1776553575\n|move|p2b: Garchomp|Protect|p2b: Garchomp\n|-singleturn|p2b: Garchomp|Protect\n|move|p2a: Talonflame|Protect|p2a: Talonflame\n|-singleturn|p2a: Talonflame|Protect\n|move|p1b: Wyrdeer|Psychic Noise|p2a: Talonflame\n|-activate|p2a: Talonflame|move: Protect\n|move|p1a: Meowstic|Thunderbolt|p2a: Talonflame\n|-activate|p2a: Talonflame|move: Protect\n|\n|-weather|Sandstorm|[upkeep]\n|-damage|p1b: Wyrdeer|26/100|[from] Sandstorm\n|-damage|p1a: Meowstic|32/100|[from] Sandstorm\n|-damage|p2a: Talonflame|83/100|[from] Sandstorm\n|upkeep\n|turn|4\n|\n|t:|1776553599\n|move|p1b: Wyrdeer|Psychic Noise|p2b: Garchomp\n|-damage|p2b: Garchomp|68/100\n|-start|p2b: Garchomp|move: Heal Block\n|move|p2b: Garchomp|Earthquake|p1a: Meowstic|[spread] p1a,p1b\n|-immune|p2a: Talonflame\n|-damage|p1a: Meowstic|4/100\n|-damage|p1b: Wyrdeer|4/100\n|move|p1a: Meowstic|Psychic|p2b: Garchomp\n|-damage|p2b: Garchomp|31/100\n|move|p2a: Talonflame|Acrobatics|p1a: Meowstic\n|-damage|p1a: Meowstic|0 fnt\n|faint|p1a: Meowstic\n|\n|-weather|Sandstorm|[upkeep]\n|-damage|p1b: Wyrdeer|0 fnt|[from] Sandstorm\n|-damage|p2a: Talonflame|77/100|[from] Sandstorm\n|faint|p1b: Wyrdeer\n|upkeep\n|\n|t:|1776553611\n|switch|p1b: Sylveon|Sylveon, L50, F|100/100\n|switch|p1a: Tyranitar|Tyranitar, L50, M|100/100\n|turn|5\n|\n|t:|1776553624\n|move|p2b: Garchomp|Protect|p2b: Garchomp\n|-singleturn|p2b: Garchomp|Protect\n|move|p2a: Talonflame|Protect|p2a: Talonflame\n|-singleturn|p2a: Talonflame|Protect\n|move|p1b: Sylveon|Calm Mind|p1b: Sylveon\n|-boost|p1b: Sylveon|spa|1\n|-boost|p1b: Sylveon|spd|1\n|move|p1a: Tyranitar|Rock Slide|p2a: Talonflame|[spread] \n|-activate|p2a: Talonflame|move: Protect\n|-activate|p2b: Garchomp|move: Protect\n|\n|-weather|none\n|-end|p2b: Garchomp|move: Heal Block\n|-fieldend|move: Trick Room\n|upkeep\n|turn|6\n|\n|t:|1776553647\n|move|p1a: Tyranitar|Protect|p1a: Tyranitar\n|-singleturn|p1a: Tyranitar|Protect\n|move|p2a: Talonflame|Tailwind|p2a: Talonflame\n|-sidestart|p2: Ceazn|move: Tailwind\n|move|p2b: Garchomp|Earthquake|p1a: Tyranitar|[spread] p1b\n|-activate|p1a: Tyranitar|move: Protect\n|-immune|p2a: Talonflame\n|-damage|p1b: Sylveon|75/100\n|move|p1b: Sylveon|Hyper Voice|p2b: Garchomp|[spread] p2a,p2b\n|-resisted|p2a: Talonflame|1\n|-supereffective|p2b: Garchomp|1\n|-damage|p2a: Talonflame|42/100\n|-damage|p2b: Garchomp|0 fnt\n|faint|p2b: Garchomp\n|\n|upkeep\n|\n|t:|1776553663\n|switch|p2b: Froslass|Froslass, L50, F, shiny|100/100\n|turn|7\n|\n|t:|1776553680\n|switch|p2a: Glaceon|Glaceon, L50, M, shiny|100/100\n|detailschange|p2b: Froslass|Froslass-Mega, L50, F, shiny\n|-mega|p2b: Froslass|Froslass|Froslassite\n|-weather|Snowscape|[from] ability: Snow Warning|[of] p2b: Froslass\n|detailschange|p1a: Tyranitar|Tyranitar-Mega, L50, M\n|-mega|p1a: Tyranitar|Tyranitar|Tyranitarite\n|-weather|Sandstorm|[from] ability: Sand Stream|[of] p1a: Tyranitar\n|move|p2b: Froslass|Aurora Veil||[still]\n|-fail|p2b: Froslass\n|move|p1a: Tyranitar|Rock Slide|p2b: Froslass|[spread] p2a\n|-miss|p1a: Tyranitar|p2b: Froslass\n|-supereffective|p2a: Glaceon|1\n|-damage|p2a: Glaceon|12/100\n|move|p1b: Sylveon|Calm Mind|p1b: Sylveon\n|-boost|p1b: Sylveon|spa|1\n|-boost|p1b: Sylveon|spd|1\n|\n|-weather|Sandstorm|[upkeep]\n|-damage|p2a: Glaceon|6/100|[from] Sandstorm\n|-damage|p2b: Froslass|94/100|[from] Sandstorm\n|-damage|p1b: Sylveon|69/100|[from] Sandstorm\n|upkeep\n|turn|8\n|\n|t:|1776553717\n|move|p2a: Glaceon|Ice Beam|p1a: Tyranitar\n|-damage|p1a: Tyranitar|76/100\n|move|p2b: Froslass|Ice Beam|p1a: Tyranitar\n|-damage|p1a: Tyranitar|50/100\n|move|p1a: Tyranitar|Rock Slide|p2a: Glaceon|[spread] p2a,p2b\n|-supereffective|p2a: Glaceon|1\n|-supereffective|p2b: Froslass|1\n|-damage|p2a: Glaceon|0 fnt\n|-damage|p2b: Froslass|0 fnt\n|faint|p2a: Glaceon\n|faint|p2b: Froslass\n|move|p1b: Sylveon|Hyper Voice|p2: Glaceon|[notarget]\n|-fail|p1b: Sylveon\n|\n|-weather|Sandstorm|[upkeep]\n|-damage|p1b: Sylveon|63/100|[from] Sandstorm\n|upkeep\n|\n|t:|1776553733\n|switch|p2a: Talonflame|Talonflame, L50, F, shiny|42/100\n|turn|9\n|\n|t:|1776553748\n|move|p2a: Talonflame|Acrobatics|p1b: Sylveon\n|-damage|p1b: Sylveon|14/100\n|move|p1a: Tyranitar|Knock Off|p2a: Talonflame\n|-damage|p2a: Talonflame|0 fnt\n|faint|p2a: Talonflame\n|\n|win|dune's kitchen\n|raw|dune&apos;s kitchen's rating: 1279 &rarr; <strong>1307</strong><br />(+28 for winning)\n|raw|Ceazn's rating: 1316 &rarr; <strong>1294</strong><br />(-22 for losing)\n|l|\u2606Ceazn\n|player|p2|\n",
  "uploadtime": 1776553757,
  "views": 16,
  "formatid": "gen9championsvgc2026regma",
  "rating": 1294,
  "private": 0,
  "password": null
}