{
  "id": "gen9championsvgc2026regma-2586576466",
  "format": "[Gen 9 Champions] VGC 2026 Reg M-A",
  "players": [
    "levyorg",
    "trashgarbage"
  ],
  "log": "|j|\u2606levyorg\n|j|\u2606trashgarbage\n|t:|1776444288\n|gametype|doubles\n|player|p1|levyorg|bellelba|1131\n|player|p2|trashgarbage|1|1205\n|gen|9\n|tier|[Gen 9 Champions] VGC 2026 Reg M-A\n|rated|\n|rule|Species Clause: Limit one of each Pok\u00e9mon\n|rule|Item Clause: Limit 1 of each item\n|clearpoke\n|poke|p1|Froslass, L50, F|\n|poke|p1|Sneasler, L50, M|\n|poke|p1|Sinistcha, L50|\n|poke|p1|Incineroar, L50, F|\n|poke|p1|Farigiraf, L50, F|\n|poke|p1|Whimsicott, L50, M|\n|poke|p2|Delphox, L50, M|\n|poke|p2|Kommo-o, L50, F|\n|poke|p2|Sableye, L50, F|\n|poke|p2|Milotic, L50, F|\n|poke|p2|Excadrill, L50, M|\n|poke|p2|Espathra, L50, M|\n|teampreview|4\n|inactive|Battle timer is ON: inactive players will automatically lose when time's up. (requested by levyorg)\n|inactive|trashgarbage has 60 seconds left.\n|\n|t:|1776444323\n|teamsize|p1|4\n|teamsize|p2|4\n|start\n|switch|p1a: Whimsicott|Whimsicott, L50, M|100/100\n|switch|p1b: Froslass|Froslass, L50, F|100/100\n|switch|p2a: Sableye|Sableye, L50, F|100/100\n|switch|p2b: Espathra|Espathra, L50, M|100/100\n|turn|1\n|inactive|trashgarbage has 30 seconds left.\n|\n|t:|1776444356\n|detailschange|p1b: Froslass|Froslass-Mega, L50, F\n|-mega|p1b: Froslass|Froslass|Froslassite\n|-weather|Snowscape|[from] ability: Snow Warning|[of] p1b: Froslass\n|move|p1a: Whimsicott|Tailwind|p1a: Whimsicott\n|-sidestart|p1: levyorg|move: Tailwind\n|move|p2a: Sableye|Gravity|p2a: Sableye\n|-fieldstart|move: Gravity\n|move|p1b: Froslass|Aurora Veil|p1b: Froslass\n|-sidestart|p1: levyorg|move: Aurora Veil\n|move|p2b: Espathra|Psychic Terrain|p2b: Espathra\n|-fieldstart|move: Psychic Terrain\n|\n|-weather|Snowscape|[upkeep]\n|-ability|p2b: Espathra|Speed Boost|boost\n|-boost|p2b: Espathra|spe|1\n|upkeep\n|turn|2\n|inactive|levyorg has 30 seconds left.\n|inactive|levyorg has 20 seconds left.\n|\n|t:|1776444395\n|move|p2a: Sableye|Sunny Day|p2a: Sableye\n|-weather|SunnyDay\n|move|p1b: Froslass|Shadow Ball|p2b: Espathra\n|-supereffective|p2b: Espathra|1\n|-enditem|p2b: Espathra|Focus Sash\n|-damage|p2b: Espathra|1/100\n|move|p1a: Whimsicott|Moonblast|p2a: Sableye\n|-supereffective|p2a: Sableye|1\n|-damage|p2a: Sableye|0 fnt\n|faint|p2a: Sableye\n|move|p2b: Espathra|Hypnosis|p1b: Froslass\n|-status|p1b: Froslass|slp|[from] move: Hypnosis\n|\n|-weather|SunnyDay|[upkeep]\n|-ability|p2b: Espathra|Speed Boost|boost\n|-boost|p2b: Espathra|spe|1\n|upkeep\n|\n|t:|1776444408\n|switch|p2a: Delphox|Delphox, L50, M|100/100\n|turn|3\n|inactive|levyorg has 30 seconds left.\n|\n|t:|1776444435\n|switch|p1b: Incineroar|Incineroar, L50, F|100/100\n|-ability|p1b: Incineroar|Intimidate|boost\n|-unboost|p2a: Delphox|atk|1\n|-unboost|p2b: Espathra|atk|1\n|detailschange|p2a: Delphox|Delphox-Mega, L50, M\n|-mega|p2a: Delphox|Delphox|Delphoxite\n|move|p2b: Espathra|Hypnosis|p1a: Whimsicott\n|-status|p1a: Whimsicott|slp|[from] move: Hypnosis\n|cant|p1a: Whimsicott|slp\n|move|p2a: Delphox|Heat Wave|p1a: Whimsicott|[spread] p1a,p1b\n|-supereffective|p1a: Whimsicott|1\n|-resisted|p1b: Incineroar|1\n|-enditem|p1a: Whimsicott|Focus Sash\n|-damage|p1a: Whimsicott|1/100 slp\n|-damage|p1b: Incineroar|78/100\n|\n|-weather|SunnyDay|[upkeep]\n|-ability|p2b: Espathra|Speed Boost|boost\n|-boost|p2b: Espathra|spe|1\n|upkeep\n|turn|4\n|inactive|levyorg has 30 seconds left.\n|\n|t:|1776444461\n|cant|p1a: Whimsicott|slp\n|move|p2b: Espathra|Hypnosis|p1b: Incineroar\n|-status|p1b: Incineroar|slp|[from] move: Hypnosis\n|move|p2a: Delphox|Heat Wave|p1a: Whimsicott|[spread] p1a,p1b\n|-supereffective|p1a: Whimsicott|1\n|-resisted|p1b: Incineroar|1\n|-damage|p1a: Whimsicott|0 fnt\n|-damage|p1b: Incineroar|57/100 slp\n|faint|p1a: Whimsicott\n|cant|p1b: Incineroar|slp\n|\n|-weather|SunnyDay|[upkeep]\n|-sideend|p1: levyorg|move: Tailwind\n|-ability|p2b: Espathra|Speed Boost|boost\n|-boost|p2b: Espathra|spe|1\n|upkeep\n|\n|t:|1776444473\n|switch|p1a: Sneasler|Sneasler, L50, M|100/100\n|turn|5\n|\n|t:|1776444490\n|move|p1a: Sneasler|Protect|p1a: Sneasler\n|-singleturn|p1a: Sneasler|Protect\n|move|p2b: Espathra|Lumina Crash|p1a: Sneasler\n|-activate|p1a: Sneasler|move: Protect\n|move|p2a: Delphox|Heat Wave|p1a: Sneasler|[spread] p1b\n|-activate|p1a: Sneasler|move: Protect\n|-resisted|p1b: Incineroar|1\n|-damage|p1b: Incineroar|35/100 slp\n|-enditem|p1b: Incineroar|Sitrus Berry|[eat]\n|-heal|p1b: Incineroar|60/100 slp|[from] item: Sitrus Berry\n|cant|p1b: Incineroar|slp\n|\n|-weather|SunnyDay|[upkeep]\n|-sideend|p1: levyorg|move: Aurora Veil\n|-fieldend|move: Gravity\n|-fieldend|move: Psychic Terrain\n|-ability|p2b: Espathra|Speed Boost|boost\n|-boost|p2b: Espathra|spe|1\n|upkeep\n|turn|6\n|inactive|levyorg has 30 seconds left.\n|inactive|trashgarbage has 30 seconds left.\n|\n|t:|1776444523\n|move|p1a: Sneasler|Protect|p1a: Sneasler\n|-singleturn|p1a: Sneasler|Protect\n|move|p2b: Espathra|Lumina Crash|p1a: Sneasler\n|-activate|p1a: Sneasler|move: Protect\n|move|p2a: Delphox|Heat Wave|p1a: Sneasler|[spread] p1b\n|-activate|p1a: Sneasler|move: Protect\n|-resisted|p1b: Incineroar|1\n|-damage|p1b: Incineroar|32/100 slp\n|-curestatus|p1b: Incineroar|slp|[msg]\n|move|p1b: Incineroar|Throat Chop|p2b: Espathra\n|-supereffective|p2b: Espathra|1\n|-damage|p2b: Espathra|0 fnt\n|faint|p2b: Espathra\n|\n|-weather|none\n|upkeep\n|\n|t:|1776444528\n|switch|p2b: Milotic|Milotic, L50, F|100/100\n|turn|7\n|inactive|levyorg has 30 seconds left.\n|\n|t:|1776444558\n|switch|p1b: Froslass|Froslass-Mega, L50, F|100/100 slp\n|-weather|Snowscape|[from] ability: Snow Warning|[of] p1b: Froslass\n|move|p2a: Delphox|Protect|p2a: Delphox\n|-singleturn|p2a: Delphox|Protect\n|move|p1a: Sneasler|Close Combat|p2b: Milotic\n|-damage|p2b: Milotic|52/100\n|-unboost|p1a: Sneasler|def|1\n|-unboost|p1a: Sneasler|spd|1\n|-enditem|p1a: Sneasler|White Herb\n|-clearnegativeboost|p1a: Sneasler|[silent]\n|move|p2b: Milotic|Scald|p1a: Sneasler\n|-damage|p1a: Sneasler|60/100\n|\n|-weather|Snowscape|[upkeep]\n|-heal|p2b: Milotic|58/100|[from] item: Leftovers\n|upkeep\n|turn|8\n|inactive|levyorg has 30 seconds left.\n|\n|t:|1776444591\n|cant|p1b: Froslass|slp\n|move|p1a: Sneasler|Close Combat|p2b: Milotic\n|-damage|p2b: Milotic|7/100\n|-unboost|p1a: Sneasler|def|1\n|-unboost|p1a: Sneasler|spd|1\n|move|p2a: Delphox|Heat Wave|p1b: Froslass|[spread] p1a,p1b\n|-supereffective|p1b: Froslass|1\n|-damage|p1a: Sneasler|0 fnt\n|-damage|p1b: Froslass|0 fnt\n|faint|p1a: Sneasler\n|faint|p1b: Froslass\n|move|p2b: Milotic|Scald|p1: Sneasler|[notarget]\n|-fail|p2b: Milotic\n|\n|-weather|Snowscape|[upkeep]\n|-heal|p2b: Milotic|13/100|[from] item: Leftovers\n|upkeep\n|\n|t:|1776444609\n|switch|p1a: Incineroar|Incineroar, L50, F|32/100\n|-ability|p1a: Incineroar|Intimidate|boost\n|-unboost|p2a: Delphox|atk|1\n|-unboost|p2b: Milotic|atk|1\n|-ability|p2b: Milotic|Competitive|boost\n|-boost|p2b: Milotic|spa|2\n|turn|9\n|\n|t:|1776444615\n|move|p2b: Milotic|Protect|p2b: Milotic\n|-singleturn|p2b: Milotic|Protect\n|move|p1a: Incineroar|Fake Out|p2b: Milotic\n|-activate|p2b: Milotic|move: Protect\n|move|p2a: Delphox|Heat Wave|p1a: Incineroar\n|-resisted|p1a: Incineroar|1\n|-crit|p1a: Incineroar\n|-damage|p1a: Incineroar|0 fnt\n|faint|p1a: Incineroar\n|\n|win|trashgarbage\n|raw|levyorg's rating: 1131 &rarr; <strong>1111</strong><br />(-20 for losing)\n|raw|trashgarbage's rating: 1205 &rarr; <strong>1225</strong><br />(+20 for winning)\n|l|\u2606levyorg\n|player|p1|\n",
  "uploadtime": 1776444626,
  "views": 20,
  "formatid": "gen9championsvgc2026regma",
  "rating": 1111,
  "private": 0,
  "password": null
}