{
  "id": "gen9championsvgc2026regma-2583448486",
  "format": "[Gen 9 Champions] VGC 2026 Reg M-A",
  "players": [
    "porygon-epilepz",
    "W RIZZ GYATT"
  ],
  "log": "|j|\u2606porygon-epilepz\n|j|\u2606W RIZZ GYATT\n|t:|1776176327\n|gametype|doubles\n|player|p1|porygon-epilepz|hiker-gen4|1207\n|player|p2|W RIZZ GYATT|101|1188\n|gen|9\n|tier|[Gen 9 Champions] VGC 2026 Reg M-A\n|rated|\n|rule|Species Clause: Limit one of each Pok\u00e9mon\n|rule|Item Clause: Limit 1 of each item\n|clearpoke\n|poke|p1|Kommo-o, L50, M|\n|poke|p1|Incineroar, L50, F|\n|poke|p1|Glimmora, L50, M|\n|poke|p1|Sinistcha, L50|\n|poke|p1|Talonflame, L50, F|\n|poke|p1|Rotom-Wash, L50|\n|poke|p2|Charizard, L50, F|\n|poke|p2|Sneasler, L50, F|\n|poke|p2|Incineroar, L50, M|\n|poke|p2|Venusaur, L50, M|\n|poke|p2|Rotom-Wash, L50|\n|poke|p2|Garchomp, L50, F|\n|teampreview|4\n|inactive|Battle timer is ON: inactive players will automatically lose when time's up. (requested by W RIZZ GYATT)\n|\n|t:|1776176357\n|teamsize|p1|4\n|teamsize|p2|4\n|start\n|switch|p1a: Incineroar|Incineroar, L50, F|100/100\n|switch|p1b: Rotom|Rotom-Wash, L50|100/100\n|switch|p2a: Garchomp|Garchomp, L50, F|100/100\n|switch|p2b: Rotom|Rotom-Wash, L50|100/100\n|-ability|p1a: Incineroar|Intimidate|boost\n|-unboost|p2a: Garchomp|atk|1\n|-unboost|p2b: Rotom|atk|1\n|turn|1\n|\n|t:|1776176380\n|move|p1a: Incineroar|Fake Out|p2b: Rotom\n|-damage|p2b: Rotom|90/100\n|move|p2a: Garchomp|Rock Slide|p1b: Rotom|[spread] p1a,p1b\n|-supereffective|p1a: Incineroar|1\n|-crit|p1a: Incineroar\n|-damage|p1a: Incineroar|53/100\n|-damage|p1b: Rotom|86/100\n|cant|p2b: Rotom|flinch\n|cant|p1b: Rotom|flinch\n|\n|-heal|p2b: Rotom|96/100|[from] item: Leftovers\n|upkeep\n|turn|2\n|\n|t:|1776176397\n|move|p2a: Garchomp|Rock Slide|p1b: Rotom|[spread] p1b\n|-miss|p2a: Garchomp|p1a: Incineroar\n|-damage|p1b: Rotom|72/100\n|move|p2b: Rotom|Hydro Pump|p1a: Incineroar\n|-supereffective|p1a: Incineroar|1\n|-damage|p1a: Incineroar|0 fnt\n|faint|p1a: Incineroar\n|move|p1b: Rotom|Will-O-Wisp|p2a: Garchomp\n|-status|p2a: Garchomp|brn\n|\n|-heal|p2b: Rotom|100/100|[from] item: Leftovers\n|-damage|p2a: Garchomp|95/100 brn|[from] brn\n|upkeep\n|\n|t:|1776176405\n|switch|p1a: Sinistcha|Sinistcha, L50|100/100\n|-heal|p1b: Rotom|97/100|[from] ability: Hospitality|[of] p1a: Sinistcha\n|turn|3\n|\n|t:|1776176426\n|switch|p2a: Charizard|Charizard, L50, F|100/100\n|switch|p2b: Venusaur|Venusaur, L50, M|100/100\n|move|p1b: Rotom|Hydro Pump|p2a: Charizard\n|-supereffective|p2a: Charizard|1\n|-damage|p2a: Charizard|0 fnt\n|faint|p2a: Charizard\n|move|p1a: Sinistcha|Matcha Gotcha|p2b: Venusaur\n|-resisted|p2b: Venusaur|2\n|-damage|p2b: Venusaur|92/100\n|\n|upkeep\n|\n|t:|1776176440\n|switch|p2a: Garchomp|Garchomp, L50, F|95/100 brn\n|turn|4\n|\n|t:|1776176459\n|move|p2a: Garchomp|Rock Slide|p1b: Rotom|[spread] p1a,p1b\n|-damage|p1a: Sinistcha|91/100\n|-damage|p1b: Rotom|87/100\n|move|p2b: Venusaur|Sludge Bomb|p1a: Sinistcha\n|-damage|p1a: Sinistcha|50/100\n|-enditem|p1a: Sinistcha|Sitrus Berry|[eat]\n|-heal|p1a: Sinistcha|75/100|[from] item: Sitrus Berry\n|cant|p1b: Rotom|flinch\n|move|p1a: Sinistcha|Matcha Gotcha|p2a: Garchomp|[spread] p2a,p2b\n|-resisted|p2b: Venusaur|2\n|-damage|p2a: Garchomp|65/100 brn\n|-heal|p1a: Sinistcha|90/100|[from] drain|[of] p2a: Garchomp\n|-damage|p2b: Venusaur|86/100\n|-heal|p1a: Sinistcha|93/100|[from] drain|[of] p2b: Venusaur\n|-status|p2b: Venusaur|brn\n|\n|-damage|p2a: Garchomp|59/100 brn|[from] brn\n|-damage|p2b: Venusaur|80/100 brn|[from] brn\n|upkeep\n|turn|5\n|\n|t:|1776176480\n|move|p1b: Rotom|Protect|p1b: Rotom\n|-singleturn|p1b: Rotom|Protect\n|move|p1a: Sinistcha|Protect|p1a: Sinistcha\n|-singleturn|p1a: Sinistcha|Protect\n|move|p2a: Garchomp|Rock Slide|p1a: Sinistcha|[spread] \n|-activate|p1a: Sinistcha|move: Protect\n|-activate|p1b: Rotom|move: Protect\n|move|p2b: Venusaur|Sleep Powder|p1b: Rotom\n|-activate|p1b: Rotom|move: Protect\n|\n|-damage|p2a: Garchomp|53/100 brn|[from] brn\n|-damage|p2b: Venusaur|74/100 brn|[from] brn\n|upkeep\n|turn|6\n|\n|t:|1776176497\n|switch|p1b: Kommo-o|Kommo-o, L50, M|100/100\n|move|p2a: Garchomp|Rock Slide|p1a: Sinistcha|[spread] p1a,p1b\n|-resisted|p1b: Kommo-o|1\n|-damage|p1a: Sinistcha|84/100\n|-damage|p1b: Kommo-o|96/100\n|move|p2b: Venusaur|Sleep Powder|p1b: Kommo-o\n|-immune|p1b: Kommo-o|[from] ability: Overcoat\n|move|p1a: Sinistcha|Matcha Gotcha|p2a: Garchomp|[spread] p2a,p2b\n|-resisted|p2b: Venusaur|2\n|-damage|p2a: Garchomp|27/100 brn\n|-heal|p1a: Sinistcha|97/100|[from] drain|[of] p2a: Garchomp\n|-damage|p2b: Venusaur|67/100 brn\n|-heal|p1a: Sinistcha|100/100|[from] drain|[of] p2b: Venusaur\n|\n|-heal|p1b: Kommo-o|100/100|[from] item: Leftovers\n|-damage|p2a: Garchomp|21/100 brn|[from] brn\n|-damage|p2b: Venusaur|61/100 brn|[from] brn\n|upkeep\n|turn|7\n|-message|W RIZZ GYATT forfeited.\n|\n|win|porygon-epilepz\n|raw|porygon-epilepz's rating: 1207 &rarr; <strong>1231</strong><br />(+24 for winning)\n|raw|W RIZZ GYATT's rating: 1188 &rarr; <strong>1164</strong><br />(-24 for losing)\n",
  "uploadtime": 1776176330,
  "views": 15,
  "formatid": "gen9championsvgc2026regma",
  "rating": 1164,
  "private": 0,
  "password": null
}