{
  "id": "gen9championsvgc2026regma-2582359032",
  "format": "[Gen 9 Champions] VGC 2026 Reg M-A",
  "players": [
    "Rk pokemons",
    "cottonface"
  ],
  "log": "|j|\u2606Rk pokemons\n|j|\u2606cottonface\n|t:|1776086224\n|gametype|doubles\n|player|p1|Rk pokemons|1|1106\n|player|p2|cottonface|collector|1020\n|gen|9\n|tier|[Gen 9 Champions] VGC 2026 Reg M-A\n|rated|\n|rule|Species Clause: Limit one of each Pok\u00e9mon\n|rule|Item Clause: Limit 1 of each item\n|clearpoke\n|poke|p1|Sneasler, L50, M|\n|poke|p1|Scovillain, L50, F|\n|poke|p1|Floette-Eternal, L50, F|\n|poke|p1|Meowstic, L50, M|\n|poke|p1|Decidueye-Hisui, L50, F|\n|poke|p1|Aerodactyl, L50, F|\n|poke|p2|Snorlax, L50, M|\n|poke|p2|Audino, L50, M|\n|poke|p2|Zoroark-Hisui, L50, F|\n|poke|p2|Ditto, L50|\n|poke|p2|Toucannon, L50, F|\n|poke|p2|Tauros, L50, M|\n|teampreview|4\n|inactive|Battle timer is ON: inactive players will automatically lose when time's up. (requested by Rk pokemons)\n|\n|t:|1776086254\n|teamsize|p1|4\n|teamsize|p2|4\n|start\n|switch|p1a: Scovillain|Scovillain, L50, F|100/100\n|switch|p1b: Sneasler|Sneasler, L50, M|100/100\n|switch|p2a: Snorlax|Snorlax, L50, M|100/100\n|switch|p2b: Ditto|Ditto, L50|100/100\n|-transform|p2b: Ditto|p1a: Scovillain|[from] ability: Imposter\n|turn|1\n|inactive|cottonface has 30 seconds left.\n|\n|t:|1776086282\n|move|p1b: Sneasler|Protect|p1b: Sneasler\n|-singleturn|p1b: Sneasler|Protect\n|move|p2b: Ditto|Spicy Extract|p2a: Snorlax\n|-boost|p2a: Snorlax|atk|2\n|-unboost|p2a: Snorlax|def|2\n|move|p2a: Snorlax|Shadow Ball|p1b: Sneasler\n|-activate|p1b: Sneasler|move: Protect\n|move|p1a: Scovillain|Sunny Day|p1a: Scovillain\n|-weather|SunnyDay\n|\n|-weather|SunnyDay|[upkeep]\n|upkeep\n|turn|2\n|\n|t:|1776086300\n|switch|p2b: Audino|Audino, L50, M|100/100\n|move|p1a: Scovillain|Spicy Extract|p1b: Sneasler\n|-boost|p1b: Sneasler|atk|2\n|-unboost|p1b: Sneasler|def|2\n|-enditem|p1b: Sneasler|White Herb\n|-clearnegativeboost|p1b: Sneasler|[silent]\n|move|p1b: Sneasler|Rock Slide|p2b: Audino|[spread] p2a,p2b\n|-enditem|p2a: Snorlax|Focus Sash\n|-damage|p2a: Snorlax|1/100\n|-damage|p2b: Audino|61/100\n|replace|p2a: Zoroark|Zoroark-Hisui, L50, F\n|-end|p2a: Zoroark|Illusion\n|move|p2a: Zoroark|Shadow Ball|p1b: Sneasler\n|-damage|p1b: Sneasler|42/100\n|-unboost|p1b: Sneasler|spd|1\n|\n|-weather|SunnyDay|[upkeep]\n|upkeep\n|turn|3\n|\n|t:|1776086323\n|switch|p2a: Ditto|Ditto, L50|100/100\n|-transform|p2a: Ditto|p1b: Sneasler|[from] ability: Imposter\n|detailschange|p2b: Audino|Audino-Mega, L50, M\n|-mega|p2b: Audino|Audino|Audinite\n|move|p1b: Sneasler|Rock Slide|p2b: Audino|[spread] p2a\n|-miss|p1b: Sneasler|p2b: Audino\n|-resisted|p2a: Ditto|1\n|-damage|p2a: Ditto|64/100\n|move|p1a: Scovillain|Overheat|p2b: Audino\n|-damage|p2b: Audino|17/100\n|-unboost|p1a: Scovillain|spa|2\n|move|p2b: Audino|Wish|p2b: Audino\n|\n|-weather|SunnyDay|[upkeep]\n|upkeep\n|turn|4\n|\n|t:|1776086347\n|switch|p1b: Aerodactyl|Aerodactyl, L50, F|100/100\n|switch|p1a: Decidueye|Decidueye-Hisui, L50, F|100/100\n|move|p2b: Audino|Protect|p2b: Audino\n|-singleturn|p2b: Audino|Protect\n|move|p2a: Ditto|Rock Slide|p1a: Decidueye|[spread] p1a\n|-miss|p2a: Ditto|p1b: Aerodactyl\n|-resisted|p1a: Decidueye|1\n|-damage|p1a: Decidueye|73/100\n|\n|-weather|SunnyDay|[upkeep]\n|-heal|p2b: Audino|67/100|[from] move: Wish|[wisher] Audino\n|upkeep\n|turn|5\n|inactive|Rk pokemons has 30 seconds left.\n|\n|t:|1776086378\n|detailschange|p1b: Aerodactyl|Aerodactyl-Mega, L50, F\n|-mega|p1b: Aerodactyl|Aerodactyl|Aerodactylite\n|move|p2a: Ditto|Rock Slide|p1b: Aerodactyl|[spread] p1a,p1b\n|-resisted|p1a: Decidueye|1\n|-supereffective|p1b: Aerodactyl|1\n|-damage|p1a: Decidueye|46/100\n|-damage|p1b: Aerodactyl|0 fnt\n|faint|p1b: Aerodactyl\n|move|p1a: Decidueye|Triple Arrows|p2a: Ditto\n|-resisted|p2a: Ditto|1\n|-damage|p2a: Ditto|25/100\n|-unboost|p2a: Ditto|def|1\n|move|p2b: Audino|Wish|p2b: Audino\n|\n|-weather|none\n|upkeep\n|\n|t:|1776086384\n|switch|p1b: Scovillain|Scovillain, L50, F|100/100\n|turn|6\n|\n|t:|1776086393\n|switch|p1a: Sneasler|Sneasler, L50, M|42/100\n|move|p2b: Audino|Ally Switch|p2b: Audino\n|swap|p2b: Audino|0|[from] move: Ally Switch\n|move|p2b: Ditto|Rock Slide|p1a: Sneasler|[spread] p1b\n|-miss|p2b: Ditto|p1a: Sneasler\n|-supereffective|p1b: Scovillain|1\n|-enditem|p1b: Scovillain|Focus Sash\n|-damage|p1b: Scovillain|1/100\n|cant|p1b: Scovillain|flinch\n|\n|-heal|p2b: Ditto|96/100|[from] move: Wish|[wisher] Audino\n|upkeep\n|turn|7\n|inactive|Rk pokemons has 30 seconds left.\n|\n|t:|1776086425\n|move|p1a: Sneasler|Protect|p1a: Sneasler\n|-singleturn|p1a: Sneasler|Protect\n|move|p2a: Audino|Protect|p2a: Audino\n|-singleturn|p2a: Audino|Protect\n|move|p2b: Ditto|Rock Slide|p1a: Sneasler|[spread] p1b\n|-activate|p1a: Sneasler|move: Protect\n|-supereffective|p1b: Scovillain|1\n|-damage|p1b: Scovillain|0 fnt\n|faint|p1b: Scovillain\n|\n|upkeep\n|\n|t:|1776086428\n|switch|p1b: Decidueye|Decidueye-Hisui, L50, F|46/100\n|turn|8\n|\n|t:|1776086438\n|move|p2b: Ditto|Rock Slide|p1a: Sneasler|[spread] p1b\n|-miss|p2b: Ditto|p1a: Sneasler\n|-resisted|p1b: Decidueye|1\n|-damage|p1b: Decidueye|17/100\n|move|p1b: Decidueye|Leaf Blade|p2b: Ditto\n|-resisted|p2b: Ditto|1\n|-damage|p2b: Ditto|43/100\n|move|p1a: Sneasler|Dire Claw|p2a: Audino\n|-supereffective|p2a: Audino|1\n|-damage|p2a: Audino|6/100\n|-status|p2a: Audino|slp\n|cant|p2a: Audino|slp\n|\n|upkeep\n|turn|9\n|\n|t:|1776086458\n|switch|p2b: Snorlax|Snorlax, L50, M|100/100\n|switch|p2a: Ditto|Ditto, L50|1/100\n|move|p1b: Decidueye|Leaf Blade|p2b: Snorlax\n|-damage|p2b: Snorlax|69/100\n|move|p1a: Sneasler|Dire Claw|p2b: Snorlax\n|-damage|p2b: Snorlax|35/100\n|\n|-heal|p2b: Snorlax|42/100|[from] item: Leftovers\n|upkeep\n|turn|10\n|\n|t:|1776086476\n|move|p1b: Decidueye|Leaf Blade|p2b: Snorlax\n|-damage|p2b: Snorlax|12/100\n|move|p2a: Ditto|Hyper Voice|p1a: Sneasler|[spread] p1a,p1b\n|-damage|p1a: Sneasler|0 fnt\n|-damage|p1b: Decidueye|0 fnt\n|faint|p1a: Sneasler\n|faint|p1b: Decidueye\n|\n|win|cottonface\n|raw|Rk pokemons's rating: 1106 &rarr; <strong>1075</strong><br />(-31 for losing)\n|raw|cottonface's rating: 1020 &rarr; <strong>1066</strong><br />(+46 for winning)\n|c|\u2606cottonface|gg\n",
  "uploadtime": 1776086529,
  "views": 12,
  "formatid": "gen9championsvgc2026regma",
  "rating": 1066,
  "private": 0,
  "password": null
}