{
  "id": "gen9championsvgc2026regma-2583795900",
  "format": "[Gen 9 Champions] VGC 2026 Reg M-A",
  "players": [
    "smeggyjooks54",
    "Fournaubyl"
  ],
  "log": "|j|\u2606smeggyjooks54\n|j|\u2606Fournaubyl\n|t:|1776198296\n|gametype|doubles\n|player|p1|smeggyjooks54|boarder|1042\n|player|p2|Fournaubyl|gardenia-masters|1000\n|gen|9\n|tier|[Gen 9 Champions] VGC 2026 Reg M-A\n|rated|\n|rule|Species Clause: Limit one of each Pok\u00e9mon\n|rule|Item Clause: Limit 1 of each item\n|clearpoke\n|poke|p1|Chandelure, L50, F|\n|poke|p1|Aerodactyl, L50, M|\n|poke|p1|Meganium, L50, M|\n|poke|p1|Torkoal, L50, M|\n|poke|p1|Tauros-Paldea-Aqua, L50, M|\n|poke|p1|Sneasler, L50, M|\n|poke|p2|Drampa, L50, F|\n|poke|p2|Alakazam, L50, F|\n|poke|p2|Sinistcha, L50|\n|poke|p2|Kingambit, L50, M|\n|poke|p2|Aggron, L50, M|\n|poke|p2|Raichu-Alola, L50, M|\n|teampreview|4\n|inactive|Battle timer is ON: inactive players will automatically lose when time's up. (requested by Fournaubyl)\n|\n|t:|1776198324\n|teamsize|p1|4\n|teamsize|p2|4\n|start\n|switch|p1a: Tauros|Tauros-Paldea-Aqua, L50, M|100/100\n|switch|p1b: Sneasler|Sneasler, L50, M|100/100\n|switch|p2a: Drampa|Drampa, L50, F|100/100\n|switch|p2b: Alakazam|Alakazam, L50, F|100/100\n|-ability|p1a: Tauros|Intimidate|boost\n|-unboost|p2a: Drampa|atk|1\n|-fail|p2b: Alakazam|unboost|Attack|[from] ability: Inner Focus|[of] p2b: Alakazam\n|-ability|p2a: Drampa|Cloud Nine\n|turn|1\n|inactive|Fournaubyl has 30 seconds left.\n|inactive|Fournaubyl has 20 seconds left.\n|inactive|Fournaubyl has 15 seconds left.\n|inactive|Fournaubyl has 10 seconds left.\n|inactive|Fournaubyl has 5 seconds left.\n|\n|t:|1776198377\n|detailschange|p2a: Drampa|Drampa-Mega, L50, F\n|-mega|p2a: Drampa|Drampa|Drampanite\n|move|p2a: Drampa|Protect|p2a: Drampa\n|-singleturn|p2a: Drampa|Protect\n|move|p1b: Sneasler|Fake Out|p2a: Drampa\n|-activate|p2a: Drampa|move: Protect\n|move|p2b: Alakazam|Reflect|p2b: Alakazam\n|-sidestart|p2: Fournaubyl|Reflect\n|move|p1a: Tauros|Liquidation|p2b: Alakazam\n|-damage|p2b: Alakazam|41/100\n|\n|upkeep\n|turn|2\n|\n|t:|1776198393\n|move|p2b: Alakazam|Speed Swap|p2a: Drampa\n|-activate|p2b: Alakazam|move: Speed Swap|[of] p2a: Drampa\n|move|p2a: Drampa|Calm Mind|p2a: Drampa\n|-boost|p2a: Drampa|spa|1\n|-boost|p2a: Drampa|spd|1\n|move|p1b: Sneasler|U-turn|p2b: Alakazam\n|-supereffective|p2b: Alakazam|1\n|-damage|p2b: Alakazam|0 fnt\n|faint|p2b: Alakazam\n|\n|t:|1776198407\n|switch|p1b: Torkoal|Torkoal, L50, M|100/100|[from] U-turn\n|-weather|SunnyDay|[from] ability: Drought|[of] p1b: Torkoal\n|move|p1a: Tauros|Close Combat|p2a: Drampa\n|-supereffective|p2a: Drampa|1\n|-damage|p2a: Drampa|31/100\n|-unboost|p1a: Tauros|def|1\n|-unboost|p1a: Tauros|spd|1\n|-ability|p2a: Drampa|Berserk|boost\n|-boost|p2a: Drampa|spa|1\n|\n|-weather|SunnyDay|[upkeep]\n|upkeep\n|\n|t:|1776198411\n|switch|p2b: Sinistcha|Sinistcha, L50|100/100\n|-heal|p2a: Drampa|56/100|[from] ability: Hospitality|[of] p2b: Sinistcha\n|turn|3\n|\n|t:|1776198431\n|move|p2a: Drampa|Hyper Voice|p1b: Torkoal|[spread] p1a,p1b\n|-damage|p1a: Tauros|0 fnt\n|-damage|p1b: Torkoal|0 fnt\n|faint|p1a: Tauros\n|faint|p1b: Torkoal\n|move|p2b: Sinistcha|Life Dew||[still]|[spread] p2a,p2b\n|-heal|p2a: Drampa|80/100\n|-fail|p2b: Sinistcha|heal\n|\n|-weather|SunnyDay|[upkeep]\n|upkeep\n|\n|t:|1776198440\n|switch|p1a: Sneasler|Sneasler, L50, M|100/100\n|switch|p1b: Chandelure|Chandelure, L50, F|100/100\n|turn|4\n|\n|t:|1776198457\n|detailschange|p1b: Chandelure|Chandelure-Mega, L50, F\n|-mega|p1b: Chandelure|Chandelure|Chandelurite\n|move|p2a: Drampa|Protect|p2a: Drampa\n|-singleturn|p2a: Drampa|Protect\n|move|p2b: Sinistcha|Protect|p2b: Sinistcha\n|-singleturn|p2b: Sinistcha|Protect\n|move|p1a: Sneasler|Fake Out|p2a: Drampa\n|-activate|p2a: Drampa|move: Protect\n|move|p1b: Chandelure|Shadow Ball|p2b: Sinistcha\n|-activate|p2b: Sinistcha|move: Protect\n|\n|-weather|SunnyDay|[upkeep]\n|upkeep\n|turn|5\n|\n|t:|1776198475\n|move|p2b: Sinistcha|Rage Powder|p2b: Sinistcha\n|-singleturn|p2b: Sinistcha|move: Rage Powder\n|move|p1a: Sneasler|Close Combat|p2b: Sinistcha\n|-immune|p2b: Sinistcha\n|move|p2a: Drampa|Earth Power|p1b: Chandelure\n|-supereffective|p1b: Chandelure|1\n|-damage|p1b: Chandelure|0 fnt\n|faint|p1b: Chandelure\n|\n|-weather|SunnyDay|[upkeep]\n|-sideend|p2: Fournaubyl|Reflect\n|upkeep\n|turn|6\n|\n|t:|1776198491\n|move|p2a: Drampa|Earth Power|p1a: Sneasler\n|-supereffective|p1a: Sneasler|1\n|-damage|p1a: Sneasler|0 fnt\n|faint|p1a: Sneasler\n|\n|win|Fournaubyl\n|raw|smeggyjooks54's rating: 1042 &rarr; <strong>1024</strong><br />(-18 for losing)\n|raw|Fournaubyl's rating: 1000 &rarr; <strong>1045</strong><br />(+45 for winning)\n",
  "uploadtime": 1776198493,
  "views": 24,
  "formatid": "gen9championsvgc2026regma",
  "rating": 1024,
  "private": 0,
  "password": null
}