{
  "id": "gen9championsvgc2026regma-2586684873",
  "format": "[Gen 9 Champions] VGC 2026 Reg M-A",
  "players": [
    "ernozo",
    "mrguy888"
  ],
  "log": "|j|\u2606ernozo\n|j|\u2606mrguy888\n|t:|1776452031\n|gametype|doubles\n|player|p1|ernozo|170|1217\n|player|p2|mrguy888|noland-gen3|1294\n|gen|9\n|tier|[Gen 9 Champions] VGC 2026 Reg M-A\n|rated|\n|rule|Species Clause: Limit one of each Pok\u00e9mon\n|rule|Item Clause: Limit 1 of each item\n|clearpoke\n|poke|p1|Crabominable, L50, M|\n|poke|p1|Toucannon, L50, F|\n|poke|p1|Slowking, L50, F|\n|poke|p1|Aurorus, L50, F|\n|poke|p1|Tsareena, L50, F|\n|poke|p1|Incineroar, L50, F|\n|poke|p2|Floette-Eternal, L50, F|\n|poke|p2|Aerodactyl, L50, M|\n|poke|p2|Tauros-Paldea-Aqua, L50, M|\n|poke|p2|Kangaskhan, L50, F|\n|poke|p2|Rotom-Heat, L50|\n|poke|p2|Aegislash, L50, F|\n|teampreview|4\n|inactive|Battle timer is ON: inactive players will automatically lose when time's up. (requested by mrguy888)\n|inactive|mrguy888 has 60 seconds left.\n|\n|t:|1776452073\n|teamsize|p1|4\n|teamsize|p2|4\n|start\n|switch|p1a: Toucannon|Toucannon, L50, F|100/100\n|switch|p1b: Slowking|Slowking, L50, F|100/100\n|switch|p2a: Floette|Floette-Eternal, L50, F|100/100\n|switch|p2b: Rotom|Rotom-Heat, L50|100/100\n|turn|1\n|\n|t:|1776452095\n|detailschange|p2a: Floette|Floette-Mega, L50, F\n|-mega|p2a: Floette|Floette|Floettite\n|-ability|p2a: Floette|Fairy Aura\n|move|p2b: Rotom|Volt Switch|p1a: Toucannon\n|-supereffective|p1a: Toucannon|1\n|-damage|p1a: Toucannon|35/100\n|\n|t:|1776452104\n|switch|p2b: Aegislash|Aegislash, L50, F|100/100|[from] Volt Switch\n|move|p2a: Floette|Moonblast|p1b: Slowking\n|-damage|p1b: Slowking|42/100\n|move|p1a: Toucannon|Rock Blast|p2b: Aegislash\n|-resisted|p2b: Aegislash|1\n|-damage|p2b: Aegislash|97/100\n|-resisted|p2b: Aegislash|1\n|-damage|p2b: Aegislash|94/100\n|-resisted|p2b: Aegislash|1\n|-damage|p2b: Aegislash|90/100\n|-resisted|p2b: Aegislash|1\n|-damage|p2b: Aegislash|87/100\n|-resisted|p2b: Aegislash|1\n|-damage|p2b: Aegislash|83/100\n|-hitcount|p2b: Aegislash|5\n|move|p1b: Slowking|Trick Room|p1b: Slowking\n|-fieldstart|move: Trick Room|[of] p1b: Slowking\n|\n|upkeep\n|turn|2\n|\n|t:|1776452129\n|-singleturn|p1a: Toucannon|move: Beak Blast\n|-formechange|p2b: Aegislash|Aegislash-Blade|\n|move|p2b: Aegislash|Shadow Sneak|p1b: Slowking\n|-supereffective|p1b: Slowking|1\n|-damage|p1b: Slowking|0 fnt\n|faint|p1b: Slowking\n|move|p2a: Floette|Moonblast|p1a: Toucannon\n|-damage|p1a: Toucannon|0 fnt\n|faint|p1a: Toucannon\n|\n|upkeep\n|\n|t:|1776452145\n|switch|p1b: Aurorus|Aurorus, L50, F|100/100\n|switch|p1a: Crabominable|Crabominable, L50, M|100/100\n|-weather|Snowscape|[from] ability: Snow Warning|[of] p1b: Aurorus\n|turn|3\n|\n|t:|1776452159\n|detailschange|p1a: Crabominable|Crabominable-Mega, L50, M\n|-mega|p1a: Crabominable|Crabominable|Crabominite\n|-formechange|p2b: Aegislash|Aegislash|\n|move|p2b: Aegislash|King's Shield|p2b: Aegislash\n|-singleturn|p2b: Aegislash|Protect\n|move|p2a: Floette|Protect|p2a: Floette\n|-singleturn|p2a: Floette|Protect\n|move|p1a: Crabominable|Ice Punch|p2a: Floette\n|-activate|p2a: Floette|move: Protect\n|move|p1b: Aurorus|Aurora Veil|p1b: Aurorus\n|-sidestart|p1: ernozo|move: Aurora Veil\n|\n|-weather|Snowscape|[upkeep]\n|upkeep\n|turn|4\n|\n|t:|1776452175\n|switch|p2a: Tauros|Tauros-Paldea-Aqua, L50, M|100/100\n|-ability|p2a: Tauros|Intimidate|boost\n|-unboost|p1a: Crabominable|atk|1\n|-unboost|p1b: Aurorus|atk|1\n|move|p1a: Crabominable|Ice Punch|p2a: Tauros\n|-resisted|p2a: Tauros|1\n|-damage|p2a: Tauros|77/100\n|move|p1b: Aurorus|Blizzard|p2a: Tauros|[spread] p2a,p2b\n|-resisted|p2a: Tauros|1\n|-resisted|p2b: Aegislash|1\n|-damage|p2a: Tauros|50/100\n|-damage|p2b: Aegislash|70/100\n|-formechange|p2b: Aegislash|Aegislash-Blade|\n|move|p2b: Aegislash|Iron Head|p1b: Aurorus\n|-supereffective|p1b: Aurorus|2\n|-damage|p1b: Aurorus|5/100\n|\n|-weather|Snowscape|[upkeep]\n|upkeep\n|turn|5\n|\n|t:|1776452196\n|-formechange|p2b: Aegislash|Aegislash|\n|move|p2b: Aegislash|King's Shield|p2b: Aegislash\n|-singleturn|p2b: Aegislash|Protect\n|move|p2a: Tauros|Aqua Jet|p1b: Aurorus\n|-supereffective|p1b: Aurorus|1\n|-damage|p1b: Aurorus|0 fnt\n|faint|p1b: Aurorus\n|move|p1a: Crabominable|Drain Punch|p2a: Tauros\n|-damage|p2a: Tauros|2/100\n|\n|-weather|Snowscape|[upkeep]\n|-fieldend|move: Trick Room\n|upkeep\n|turn|6\n|-message|ernozo forfeited.\n|\n|win|mrguy888\n|raw|ernozo's rating: 1217 &rarr; <strong>1197</strong><br />(-20 for losing)\n|raw|mrguy888's rating: 1294 &rarr; <strong>1314</strong><br />(+20 for winning)\n|l|\u2606ernozo\n|player|p1|\n",
  "uploadtime": 1776452207,
  "views": 41,
  "formatid": "gen9championsvgc2026regma",
  "rating": 1197,
  "private": 0,
  "password": null
}