{
  "id": "gen9championsvgc2026regma-2585430402",
  "format": "[Gen 9 Champions] VGC 2026 Reg M-A",
  "players": [
    "eevee1ynn",
    "Howard15a"
  ],
  "log": "|j|\u2606eevee1ynn\n|j|\u2606Howard15a\n|t:|1776346770\n|gametype|doubles\n|player|p1|eevee1ynn|unknownf|1212\n|player|p2|Howard15a|pokemaniac|1126\n|gen|9\n|tier|[Gen 9 Champions] VGC 2026 Reg M-A\n|rated|\n|rule|Species Clause: Limit one of each Pok\u00e9mon\n|rule|Item Clause: Limit 1 of each item\n|clearpoke\n|poke|p1|Delphox, L50, F|\n|poke|p1|Garchomp, L50, M|\n|poke|p1|Meowscarada, L50, M|\n|poke|p1|Aerodactyl, L50, F|\n|poke|p1|Gallade, L50, M|\n|poke|p1|Maushold, L50|\n|poke|p2|Pelipper, L50, M|\n|poke|p2|Archaludon, L50, M|\n|poke|p2|Sinistcha-Masterpiece, L50|\n|poke|p2|Palafin, L50, F|\n|poke|p2|Arcanine-Hisui, L50, F|\n|poke|p2|Sneasler, L50, M|\n|teampreview|4\n|\n|t:|1776346805\n|teamsize|p1|4\n|teamsize|p2|4\n|start\n|switch|p1a: Meowscarada|Meowscarada, L50, M|100/100\n|switch|p1b: Garchomp|Garchomp, L50, M|100/100\n|switch|p2a: Pelipper|Pelipper, L50, M, shiny|100/100\n|switch|p2b: Palafin|Palafin, L50, F, shiny|100/100\n|-weather|RainDance|[from] ability: Drizzle|[of] p2a: Pelipper\n|turn|1\n|\n|t:|1776346827\n|move|p1a: Meowscarada|Flower Trick|p2a: Pelipper\n|-start|p1a: Meowscarada|typechange|Grass|[from] ability: Protean\n|-crit|p2a: Pelipper\n|-damage|p2a: Pelipper|30/100\n|move|p2b: Palafin|Flip Turn|p1b: Garchomp\n|-damage|p1b: Garchomp|69/100\n|-damage|p2b: Palafin|88/100|[from] ability: Rough Skin|[of] p1b: Garchomp\n|\n|t:|1776346841\n|detailschange|p2b: Palafin|Palafin-Hero, L50, F, shiny\n|switch|p2b: Sinistcha|Sinistcha-Masterpiece, L50, shiny|100/100|[from] Flip Turn\n|-heal|p2a: Pelipper|55/100|[from] ability: Hospitality|[of] p2b: Sinistcha\n|move|p1b: Garchomp|Dragon Claw|p2a: Pelipper\n|-damage|p2a: Pelipper|3/100\n|move|p2a: Pelipper|Tailwind|p2a: Pelipper\n|-sidestart|p2: Howard15a|move: Tailwind\n|\n|-weather|RainDance|[upkeep]\n|-heal|p2a: Pelipper|9/100|[from] item: Leftovers\n|upkeep\n|turn|2\n|\n|t:|1776346865\n|switch|p1a: Aerodactyl|Aerodactyl, L50, F|100/100\n|-ability|p1a: Aerodactyl|Unnerve\n|move|p2a: Pelipper|Protect|p2a: Pelipper\n|-singleturn|p2a: Pelipper|Protect\n|move|p2b: Sinistcha|Scald|p1b: Garchomp\n|-damage|p1b: Garchomp|33/100\n|-status|p1b: Garchomp|brn\n|move|p1b: Garchomp|Swords Dance|p1b: Garchomp\n|-boost|p1b: Garchomp|atk|2\n|\n|-weather|RainDance|[upkeep]\n|-heal|p2a: Pelipper|15/100|[from] item: Leftovers\n|-damage|p1b: Garchomp|26/100 brn|[from] brn\n|upkeep\n|turn|3\n|\n|t:|1776346887\n|move|p1a: Aerodactyl|Protect|p1a: Aerodactyl\n|-singleturn|p1a: Aerodactyl|Protect\n|move|p2a: Pelipper|Weather Ball|p1a: Aerodactyl\n|-activate|p1a: Aerodactyl|move: Protect\n|move|p2b: Sinistcha|Matcha Gotcha|p1b: Garchomp|[spread] p1b\n|-activate|p1a: Aerodactyl|move: Protect\n|-damage|p1b: Garchomp|1/100 brn\n|move|p1b: Garchomp|Dragon Claw|p2a: Pelipper\n|-damage|p2a: Pelipper|0 fnt\n|faint|p2a: Pelipper\n|\n|-weather|RainDance|[upkeep]\n|-damage|p1b: Garchomp|0 fnt|[from] brn\n|faint|p1b: Garchomp\n|upkeep\n|\n|t:|1776346908\n|switch|p1b: Gallade|Gallade, L50, M|100/100\n|switch|p2a: Palafin|Palafin-Hero, L50, F, shiny|88/100\n|-activate|p2a: Palafin|ability: Zero to Hero\n|turn|4\n|\n|t:|1776346930\n|move|p1b: Gallade|Protect|p1b: Gallade\n|-singleturn|p1b: Gallade|Protect\n|move|p2a: Palafin|Flip Turn|p1a: Aerodactyl\n|-supereffective|p1a: Aerodactyl|1\n|-enditem|p1a: Aerodactyl|Focus Sash\n|-damage|p1a: Aerodactyl|1/100\n|\n|t:|1776346936\n|switch|p2a: Arcanine|Arcanine-Hisui, L50, F, shiny|100/100|[from] Flip Turn\n|move|p1a: Aerodactyl|Dual Wingbeat|p2b: Sinistcha|[miss]\n|-miss|p1a: Aerodactyl|p2b: Sinistcha\n|move|p2b: Sinistcha|Shadow Ball|p1b: Gallade\n|-activate|p1b: Gallade|move: Protect\n|\n|-weather|RainDance|[upkeep]\n|-sideend|p2: Howard15a|move: Tailwind\n|upkeep\n|turn|5\n|\n|t:|1776346970\n|detailschange|p1b: Gallade|Gallade-Mega, L50, M\n|-mega|p1b: Gallade|Gallade|Galladite\n|move|p1a: Aerodactyl|Rock Slide|p2a: Arcanine|[spread] p2a\n|-miss|p1a: Aerodactyl|p2b: Sinistcha\n|-supereffective|p2a: Arcanine|1\n|-damage|p2a: Arcanine|33/100\n|move|p1b: Gallade|Swords Dance|p1b: Gallade\n|-boost|p1b: Gallade|atk|2\n|cant|p2a: Arcanine|flinch\n|move|p2b: Sinistcha|Matcha Gotcha|p1a: Aerodactyl|[spread] p1a,p1b\n|-damage|p1a: Aerodactyl|0 fnt\n|-damage|p1b: Gallade|70/100\n|faint|p1a: Aerodactyl\n|\n|-weather|none\n|upkeep\n|\n|t:|1776346975\n|switch|p1a: Meowscarada|Meowscarada, L50, M|100/100\n|turn|6\n|\n|t:|1776346996\n|move|p1a: Meowscarada|Flower Trick|p2a: Arcanine\n|-start|p1a: Meowscarada|typechange|Grass|[from] ability: Protean\n|-crit|p2a: Arcanine\n|-damage|p2a: Arcanine|0 fnt\n|faint|p2a: Arcanine\n|move|p1b: Gallade|Psycho Cut|p2b: Sinistcha\n|-damage|p2b: Sinistcha|23/100\n|move|p2b: Sinistcha|Scald|p1b: Gallade\n|-damage|p1b: Gallade|44/100\n|-status|p1b: Gallade|brn\n|\n|-damage|p1b: Gallade|38/100 brn|[from] brn\n|upkeep\n|\n|t:|1776347011\n|switch|p2a: Palafin|Palafin-Hero, L50, F, shiny|88/100\n|turn|7\n|\n|t:|1776347026\n|move|p1a: Meowscarada|Flower Trick|p2a: Palafin\n|-supereffective|p2a: Palafin|1\n|-crit|p2a: Palafin\n|-damage|p2a: Palafin|0 fnt\n|faint|p2a: Palafin\n|move|p1b: Gallade|Psycho Cut|p2b: Sinistcha\n|-crit|p2b: Sinistcha\n|-damage|p2b: Sinistcha|0 fnt\n|faint|p2b: Sinistcha\n|\n|win|eevee1ynn\n|raw|eevee1ynn's rating: 1212 &rarr; <strong>1231</strong><br />(+19 for winning)\n|raw|Howard15a's rating: 1126 &rarr; <strong>1107</strong><br />(-19 for losing)\n",
  "uploadtime": 1776347026,
  "views": 28,
  "formatid": "gen9championsvgc2026regma",
  "rating": 1107,
  "private": 0,
  "password": null
}