{
  "id": "gen9championsvgc2026regma-2584918852",
  "format": "[Gen 9 Champions] VGC 2026 Reg M-A",
  "players": [
    "Slightabsol",
    "CabbageAgain"
  ],
  "log": "|j|\u2606Slightabsol\n|j|\u2606CabbageAgain\n|t:|1776294476\n|gametype|doubles\n|player|p1|Slightabsol|170|1197\n|player|p2|CabbageAgain|miku-water|1292\n|gen|9\n|tier|[Gen 9 Champions] VGC 2026 Reg M-A\n|rated|\n|rule|Species Clause: Limit one of each Pok\u00e9mon\n|rule|Item Clause: Limit 1 of each item\n|clearpoke\n|poke|p1|Milotic, L50, F|\n|poke|p1|Goodra-Hisui, L50, F|\n|poke|p1|Farigiraf, L50, M|\n|poke|p1|Sneasler, L50, F|\n|poke|p1|Azumarill, L50, M|\n|poke|p1|Gengar, L50, F|\n|poke|p2|Lopunny, L50, M|\n|poke|p2|Basculegion, L50, M|\n|poke|p2|Aerodactyl, L50, F|\n|poke|p2|Volcarona, L50, F|\n|poke|p2|Meganium, L50, F|\n|poke|p2|Kingambit, L50, M|\n|teampreview|4\n|inactive|Battle timer is ON: inactive players will automatically lose when time's up. (requested by CabbageAgain)\n|inactive|Slightabsol has 60 seconds left.\n|inactive|CabbageAgain has 60 seconds left.\n|\n|t:|1776294528\n|teamsize|p1|4\n|teamsize|p2|4\n|start\n|switch|p1a: Sneasler|Sneasler, L50, F|100/100\n|switch|p1b: Milotic|Milotic, L50, F|100/100\n|switch|p2a: Kingambit|Kingambit, L50, M|100/100\n|switch|p2b: Aerodactyl|Aerodactyl, L50, F|100/100\n|-ability|p2b: Aerodactyl|Unnerve\n|turn|1\n|\n|t:|1776294552\n|switch|p2a: Meganium|Meganium, L50, F|100/100\n|move|p1a: Sneasler|Fake Out|p2b: Aerodactyl\n|-resisted|p2b: Aerodactyl|1\n|-damage|p2b: Aerodactyl|90/100\n|cant|p2b: Aerodactyl|flinch\n|move|p1b: Milotic|Scald|p2b: Aerodactyl\n|-supereffective|p2b: Aerodactyl|1\n|-damage|p2b: Aerodactyl|0 fnt\n|faint|p2b: Aerodactyl\n|\n|upkeep\n|\n|t:|1776294566\n|switch|p2b: Basculegion|Basculegion, L50, M|100/100\n|turn|2\n|\n|t:|1776294588\n|detailschange|p2a: Meganium|Meganium-Mega, L50, F\n|-mega|p2a: Meganium|Meganium|Meganiumite\n|move|p2a: Meganium|Protect|p2a: Meganium\n|-singleturn|p2a: Meganium|Protect\n|move|p2b: Basculegion|Last Respects|p1b: Milotic\n|-damage|p1b: Milotic|44/100\n|move|p1a: Sneasler|Dire Claw|p2a: Meganium\n|-activate|p2a: Meganium|move: Protect\n|move|p1b: Milotic|Ice Beam|p2a: Meganium\n|-activate|p2a: Meganium|move: Protect\n|\n|-heal|p1b: Milotic|50/100|[from] item: Leftovers\n|upkeep\n|turn|3\n|inactive|Slightabsol has 30 seconds left.\n|inactive|CabbageAgain has 30 seconds left.\n|inactive|Slightabsol has 20 seconds left.\n|inactive|Slightabsol has 15 seconds left.\n|inactive|CabbageAgain has 20 seconds left.\n|inactive|Slightabsol has 10 seconds left.\n|inactive|CabbageAgain has 15 seconds left.\n|\n|t:|1776294634\n|switch|p1b: Goodra|Goodra-Hisui, L50, F|100/100\n|move|p2b: Basculegion|Last Respects|p1a: Sneasler\n|-enditem|p1a: Sneasler|Focus Sash\n|-damage|p1a: Sneasler|1/100\n|move|p1a: Sneasler|Dire Claw|p2b: Basculegion\n|-resisted|p2b: Basculegion|1\n|-damage|p2b: Basculegion|75/100\n|move|p2a: Meganium|Solar Beam||[still]\n|-prepare|p2a: Meganium|Solar Beam\n|-activate|p2a: Meganium|ability: Mega Sol\n|-anim|p2a: Meganium|Solar Beam|p1b: Goodra\n|-resisted|p1b: Goodra|2\n|-damage|p1b: Goodra|90/100\n|\n|upkeep\n|turn|4\n|inactive|Slightabsol has 30 seconds left.\n|inactive|CabbageAgain has 30 seconds left.\n|inactive|Slightabsol has 20 seconds left.\n|\n|t:|1776294669\n|switch|p2a: Kingambit|Kingambit, L50, M|100/100\n|move|p1a: Sneasler|Dire Claw|p2a: Kingambit\n|-immune|p2a: Kingambit\n|move|p2b: Basculegion|Last Respects|p1b: Goodra\n|-damage|p1b: Goodra|48/100\n|move|p1b: Goodra|Draco Meteor|p2b: Basculegion\n|-damage|p2b: Basculegion|23/100\n|-unboost|p1b: Goodra|spa|2\n|\n|upkeep\n|turn|5\n|\n|t:|1776294692\n|move|p1a: Sneasler|Upper Hand||[still]\n|-fail|p1a: Sneasler\n|move|p2b: Basculegion|Last Respects|p1a: Sneasler\n|-damage|p1a: Sneasler|0 fnt\n|faint|p1a: Sneasler\n|move|p1b: Goodra|Draco Meteor|p2b: Basculegion\n|-damage|p2b: Basculegion|0 fnt\n|-unboost|p1b: Goodra|spa|2\n|faint|p2b: Basculegion\n|move|p2a: Kingambit|Kowtow Cleave|p1b: Goodra\n|-damage|p1b: Goodra|7/100\n|\n|upkeep\n|\n|t:|1776294709\n|switch|p1a: Gengar|Gengar, L50, F, shiny|100/100\n|switch|p2b: Meganium|Meganium-Mega, L50, F|100/100\n|turn|6\n|inactive|CabbageAgain has 30 seconds left.\n|inactive|CabbageAgain has 20 seconds left.\n|\n|t:|1776294746\n|detailschange|p1a: Gengar|Gengar-Mega, L50, F, shiny\n|-mega|p1a: Gengar|Gengar|Gengarite\n|move|p1a: Gengar|Protect|p1a: Gengar\n|-singleturn|p1a: Gengar|Protect\n|move|p2b: Meganium|Dazzling Gleam|p1a: Gengar|[spread] p1b\n|-activate|p1a: Gengar|move: Protect\n|-damage|p1b: Goodra|0 fnt\n|faint|p1b: Goodra\n|move|p2a: Kingambit|Kowtow Cleave|p1a: Gengar\n|-activate|p1a: Gengar|move: Protect\n|\n|upkeep\n|\n|t:|1776294757\n|switch|p1b: Milotic|Milotic, L50, F|50/100\n|turn|7\n|\n|t:|1776294775\n|move|p2b: Meganium|Protect|p2b: Meganium\n|-singleturn|p2b: Meganium|Protect\n|move|p1a: Gengar|Sludge Bomb|p2b: Meganium\n|-activate|p2b: Meganium|move: Protect\n|move|p1b: Milotic|Recover|p1b: Milotic\n|-heal|p1b: Milotic|99/100\n|move|p2a: Kingambit|Kowtow Cleave|p1a: Gengar\n|-supereffective|p1a: Gengar|1\n|-damage|p1a: Gengar|0 fnt\n|faint|p1a: Gengar\n|\n|-heal|p1b: Milotic|100/100|[from] item: Leftovers\n|upkeep\n|turn|8\n|\n|t:|1776294790\n|move|p2b: Meganium|Solar Beam||[still]\n|-prepare|p2b: Meganium|Solar Beam\n|-activate|p2b: Meganium|ability: Mega Sol\n|-anim|p2b: Meganium|Solar Beam|p1b: Milotic\n|-supereffective|p1b: Milotic|1\n|-damage|p1b: Milotic|0 fnt\n|faint|p1b: Milotic\n|\n|win|CabbageAgain\n|raw|Slightabsol's rating: 1197 &rarr; <strong>1179</strong><br />(-18 for losing)\n|raw|CabbageAgain's rating: 1292 &rarr; <strong>1310</strong><br />(+18 for winning)\n|l|\u2606Slightabsol\n|player|p1|\n",
  "uploadtime": 1776294806,
  "views": 29,
  "formatid": "gen9championsvgc2026regma",
  "rating": 1179,
  "private": 0,
  "password": null
}