{
  "id": "gen9championsvgc2026regma-2588258229",
  "format": "[Gen 9 Champions] VGC 2026 Reg M-A",
  "players": [
    "Leu_vgc",
    "TheBallistic1"
  ],
  "log": "|j|\u2606Leu_vgc\n|j|\u2606TheBallistic1\n|html|<table width=\"100%\"><tr><td align=\"left\">Leu_vgc</td><td align=\"right\">TheBallistic1</tr><tr><td align=\"left\"><i class=\"fa fa-circle-o\"></i> <i class=\"fa fa-circle-o\"></i> </td><td align=\"right\"><i class=\"fa fa-circle-o\"></i> <i class=\"fa fa-circle-o\"></i> </tr></table>\n|uhtml|bestof|<h2><strong>Game 1</strong> of <a href=\"/game-bestof3-gen9championsvgc2026regma-2588258228\">a best-of-3</a></h2>\n|t:|1776618735\n|gametype|doubles\n|player|p1|Leu_vgc|acetrainer|\n|player|p2|TheBallistic1|colress|\n|gen|9\n|tier|[Gen 9 Champions] VGC 2026 Reg M-A\n|rated|Tournament battle\n|rule|Species Clause: Limit one of each Pok\u00e9mon\n|rule|Item Clause: Limit 1 of each item\n|raw|<div class=\"infobox\"><details class=\"readmore\" open><summary><strong>1 custom rule:</strong></summary> Best of = 3</details></div>\n|clearpoke\n|poke|p1|Garchomp, L50, F, shiny|\n|poke|p1|Tyranitar, L50, F, shiny|\n|poke|p1|Manectric, L50, F, shiny|\n|poke|p1|Primarina, L50, F, shiny|\n|poke|p1|Farigiraf, L50, F, shiny|\n|poke|p1|Archaludon, L50, F, shiny|\n|poke|p2|Floette-Eternal, L50, F|\n|poke|p2|Charizard, L50, F|\n|poke|p2|Sneasler, L50, M|\n|poke|p2|Milotic, L50, F|\n|poke|p2|Incineroar, L50, M|\n|poke|p2|Sinistcha, L50|\n|teampreview|4\n|c|\u2606Leu_vgc|glhf\nLeu_vgc has agreed to open team sheets.\nTheBallistic1 has agreed to open team sheets.\n|showteam|p1|Garchomp||ChoiceScarf|RoughSkin|StompingTantrum,DragonClaw,PoisonJab,RockSlide|||F|||50|]Tyranitar||ChopleBerry|SandStream|RockSlide,KnockOff,LowKick,Protect|||F|||50|]Manectric||Manectite|LightningRod|VoltSwitch,Flamethrower,Snarl,Protect|||F|||50|]Primarina||Leftovers|LiquidVoice|HyperVoice,Moonblast,CalmMind,Protect|||F|||50|]Farigiraf||SitrusBerry|ArmorTail|TwinBeam,HyperVoice,HelpingHand,TrickRoom|||F|||50|]Archaludon||ShucaBerry|Stamina|DragonPulse,AuraSphere,FlashCannon,Protect|||F|||50|\n|showteam|p2|Floette-Eternal||Floettite|FlowerVeil|Protect,Psychic,Moonblast,DazzlingGleam|||F|||50|]Charizard||CharizarditeY|Blaze|Protect,SolarBeam,HeatWave,AirSlash|||F|||50|]Sneasler||WhiteHerb|Unburden|FakeOut,ThroatChop,CloseCombat,DireClaw|||M|||50|]Milotic||Leftovers|Competitive|Protect,Haze,Scald,IceBeam|||F|||50|]Incineroar||SitrusBerry|Intimidate|FakeOut,PartingShot,FlareBlitz,DarkestLariat|||M|||50|]Sinistcha||KasibBerry|Hospitality|Protect,RagePowder,MatchaGotcha,TrickRoom||||||50|\n|j| JonnYNerd\n|\n|t:|1776618779\n|teamsize|p1|4\n|teamsize|p2|4\n|start\n|switch|p1a: Garchomp|Garchomp, L50, F, shiny|100/100\n|switch|p1b: Manectric|Manectric, L50, F, shiny|100/100\n|switch|p2a: Floette|Floette-Eternal, L50, F|100/100\n|switch|p2b: Incineroar|Incineroar, L50, M|100/100\n|-ability|p2b: Incineroar|Intimidate|boost\n|-unboost|p1a: Garchomp|atk|1\n|-unboost|p1b: Manectric|atk|1\n|turn|1\n|\n|t:|1776618804\n|switch|p1b: Farigiraf|Farigiraf, L50, F, shiny|100/100\n|detailschange|p2a: Floette|Floette-Mega, L50, F\n|-mega|p2a: Floette|Floette|Floettite\n|-ability|p2a: Floette|Fairy Aura\n|move|p2b: Incineroar|Fake Out||[still]\n|cant|p1b: Farigiraf|ability: Armor Tail|Fake Out|[of] p2b: Incineroar\n|move|p1a: Garchomp|Poison Jab|p2a: Floette\n|-supereffective|p2a: Floette|1\n|-damage|p2a: Floette|47/100\n|-status|p2a: Floette|psn\n|move|p2a: Floette|Dazzling Gleam|p1b: Farigiraf|[spread] p1a,p1b\n|-supereffective|p1a: Garchomp|1\n|-damage|p1a: Garchomp|0 fnt\n|-damage|p1b: Farigiraf|55/100\n|faint|p1a: Garchomp\n|\n|-damage|p2a: Floette|35/100 psn|[from] psn\n|upkeep\n|\n|t:|1776618813\n|switch|p1a: Manectric|Manectric, L50, F, shiny|100/100\n|turn|2\n|\n|t:|1776618822\n|switch|p2b: Sinistcha|Sinistcha, L50|100/100\n|-heal|p2a: Floette|60/100 psn|[from] ability: Hospitality|[of] p2b: Sinistcha\n|detailschange|p1a: Manectric|Manectric-Mega, L50, F, shiny\n|-mega|p1a: Manectric|Manectric|Manectite\n|-ability|p1a: Manectric|Intimidate|boost\n|-unboost|p2a: Floette|atk|1\n|-unboost|p2b: Sinistcha|atk|1\n|move|p1a: Manectric|Volt Switch|p2b: Sinistcha\n|-resisted|p2b: Sinistcha|1\n|-damage|p2b: Sinistcha|80/100\n|\n|t:|1776618831\n|switch|p1a: Tyranitar|Tyranitar, L50, F, shiny|100/100|[from] Volt Switch\n|-weather|Sandstorm|[from] ability: Sand Stream|[of] p1a: Tyranitar\n|move|p2a: Floette|Dazzling Gleam|p1a: Tyranitar|[spread] p1a,p1b\n|-supereffective|p1a: Tyranitar|1\n|-damage|p1a: Tyranitar|48/100\n|-damage|p1b: Farigiraf|8/100\n|-enditem|p1b: Farigiraf|Sitrus Berry|[eat]\n|-heal|p1b: Farigiraf|33/100|[from] item: Sitrus Berry\n|move|p1b: Farigiraf|Trick Room|p1b: Farigiraf\n|-fieldstart|move: Trick Room|[of] p1b: Farigiraf\n|\n|-weather|Sandstorm|[upkeep]\n|-damage|p1b: Farigiraf|26/100|[from] Sandstorm\n|-damage|p2b: Sinistcha|74/100|[from] Sandstorm\n|-damage|p2a: Floette|54/100 psn|[from] Sandstorm\n|-damage|p2a: Floette|41/100 psn|[from] psn\n|upkeep\n|turn|3\n|\n|t:|1776618843\n|move|p1b: Farigiraf|Helping Hand|p1a: Tyranitar\n|-singleturn|p1a: Tyranitar|Helping Hand|[of] p1b: Farigiraf\n|move|p2a: Floette|Protect|p2a: Floette\n|-singleturn|p2a: Floette|Protect\n|move|p1a: Tyranitar|Rock Slide|p2a: Floette|[spread] p2b\n|-activate|p2a: Floette|move: Protect\n|-damage|p2b: Sinistcha|35/100\n|move|p2b: Sinistcha|Matcha Gotcha|p1a: Tyranitar|[spread] p1a,p1b\n|-supereffective|p1a: Tyranitar|1\n|-damage|p1a: Tyranitar|18/100\n|-heal|p2b: Sinistcha|54/100|[from] drain|[of] p1a: Tyranitar\n|-damage|p1b: Farigiraf|0 fnt\n|-heal|p2b: Sinistcha|71/100|[from] drain|[of] p1b: Farigiraf\n|faint|p1b: Farigiraf\n|\n|-weather|Sandstorm|[upkeep]\n|-damage|p2b: Sinistcha|65/100|[from] Sandstorm\n|-damage|p2a: Floette|35/100 psn|[from] Sandstorm\n|-damage|p2a: Floette|23/100 psn|[from] psn\n|upkeep\n|\n|t:|1776618853\n|switch|p1b: Manectric|Manectric-Mega, L50, F, shiny|100/100\n|-ability|p1b: Manectric|Intimidate|boost\n|-unboost|p2a: Floette|atk|1\n|-unboost|p2b: Sinistcha|atk|1\n|turn|4\n|\n|t:|1776618861\n|switch|p2a: Incineroar|Incineroar, L50, M|100/100\n|-ability|p2a: Incineroar|Intimidate|boost\n|-unboost|p1a: Tyranitar|atk|1\n|-unboost|p1b: Manectric|atk|1\n|move|p1a: Tyranitar|Rock Slide|p2a: Incineroar|[spread] p2b\n|-miss|p1a: Tyranitar|p2a: Incineroar\n|-damage|p2b: Sinistcha|48/100\n|move|p2b: Sinistcha|Matcha Gotcha|p1b: Manectric|[spread] p1a,p1b\n|-supereffective|p1a: Tyranitar|1\n|-damage|p1a: Tyranitar|0 fnt\n|-heal|p2b: Sinistcha|60/100|[from] drain|[of] p1a: Tyranitar\n|-damage|p1b: Manectric|67/100\n|-heal|p2b: Sinistcha|76/100|[from] drain|[of] p1b: Manectric\n|faint|p1a: Tyranitar\n|move|p1b: Manectric|Volt Switch|p2b: Sinistcha\n|-resisted|p2b: Sinistcha|1\n|-damage|p2b: Sinistcha|57/100\n|\n|-weather|Sandstorm|[upkeep]\n|-damage|p2a: Incineroar|95/100|[from] Sandstorm\n|-damage|p2b: Sinistcha|50/100|[from] Sandstorm\n|-damage|p1b: Manectric|61/100|[from] Sandstorm\n|upkeep\n|turn|5\n|-message|Leu_vgc forfeited.\n|\n|win|TheBallistic1\n|l|\u2606Leu_vgc\n|player|p1|\n||Leu_vgc is ready for game 2.\n",
  "uploadtime": 1776618869,
  "views": 12,
  "formatid": "gen9championsvgc2026regma",
  "rating": null,
  "private": 0,
  "password": null
}