{
  "id": "gen9championsvgc2026regma-2585446304",
  "format": "[Gen 9 Champions] VGC 2026 Reg M-A",
  "players": [
    "FortuneMC",
    "Blueberrybolt1"
  ],
  "log": "|j|\u2606FortuneMC\n|j|\u2606Blueberrybolt1\n|t:|1776347853\n|gametype|doubles\n|player|p1|FortuneMC|veteran|1213\n|player|p2|Blueberrybolt1|102|1191\n|gen|9\n|tier|[Gen 9 Champions] VGC 2026 Reg M-A\n|rated|\n|rule|Species Clause: Limit one of each Pok\u00e9mon\n|rule|Item Clause: Limit 1 of each item\n|clearpoke\n|poke|p1|Serperior, L50, F|\n|poke|p1|Whimsicott, L50, M|\n|poke|p1|Garchomp, L50, M|\n|poke|p1|Slowbro, L50, M|\n|poke|p1|Charizard, L50, F|\n|poke|p1|Farigiraf, L50, M|\n|poke|p2|Hydreigon, L50, F|\n|poke|p2|Sinistcha-Masterpiece, L50|\n|poke|p2|Tyranitar, L50, F|\n|poke|p2|Excadrill, L50, M|\n|poke|p2|Whimsicott, L50, M|\n|poke|p2|Charizard, L50, F|\n|teampreview|4\n|\n|t:|1776347871\n|teamsize|p1|4\n|teamsize|p2|4\n|start\n|switch|p1a: Whimsicott|Whimsicott, L50, M|100/100\n|switch|p1b: Garchomp|Garchomp, L50, M|100/100\n|switch|p2a: Whimsicott|Whimsicott, L50, M|100/100\n|switch|p2b: Tyranitar|Tyranitar, L50, F|100/100\n|-weather|Sandstorm|[from] ability: Sand Stream|[of] p2b: Tyranitar\n|turn|1\n|\n|t:|1776347881\n|move|p2a: Whimsicott|Tailwind|p2a: Whimsicott\n|-sidestart|p2: Blueberrybolt1|move: Tailwind\n|move|p1b: Garchomp|Stomping Tantrum|p2b: Tyranitar\n|-supereffective|p2b: Tyranitar|1\n|-damage|p2b: Tyranitar|37/100\n|move|p2b: Tyranitar|Ice Punch|p1b: Garchomp\n|-supereffective|p1b: Garchomp|2\n|-damage|p1b: Garchomp|8/100\n|-damage|p2b: Tyranitar|25/100|[from] ability: Rough Skin|[of] p1b: Garchomp\n|move|p1a: Whimsicott|Moonblast|p2b: Tyranitar\n|-supereffective|p2b: Tyranitar|1\n|-damage|p2b: Tyranitar|0 fnt\n|faint|p2b: Tyranitar\n|\n|-weather|Sandstorm|[upkeep]\n|-damage|p2a: Whimsicott|95/100|[from] Sandstorm\n|-damage|p1a: Whimsicott|95/100|[from] Sandstorm\n|-heal|p2a: Whimsicott|100/100|[from] item: Leftovers\n|upkeep\n|\n|t:|1776347904\n|switch|p2b: Excadrill|Excadrill, L50, M, shiny|100/100\n|turn|2\n|inactive|Battle timer is ON: inactive players will automatically lose when time's up. (requested by FortuneMC)\n|\n|t:|1776347928\n|move|p2a: Whimsicott|Encore|p1a: Whimsicott\n|-start|p1a: Whimsicott|Encore\n|move|p2b: Excadrill|Rock Slide|p1a: Whimsicott|[spread] \n|-miss|p2b: Excadrill|p1a: Whimsicott\n|-miss|p2b: Excadrill|p1b: Garchomp\n|move|p1b: Garchomp|Stomping Tantrum|p2b: Excadrill\n|-supereffective|p2b: Excadrill|1\n|-enditem|p2b: Excadrill|Focus Sash\n|-damage|p2b: Excadrill|1/100\n|move|p1a: Whimsicott|Moonblast|p2a: Whimsicott\n|-damage|p2a: Whimsicott|68/100\n|\n|-weather|Sandstorm|[upkeep]\n|-damage|p2a: Whimsicott|62/100|[from] Sandstorm\n|-damage|p1a: Whimsicott|89/100|[from] Sandstorm\n|-heal|p2a: Whimsicott|68/100|[from] item: Leftovers\n|upkeep\n|turn|3\n|inactive|Blueberrybolt1 has 30 seconds left.\n|\n|t:|1776347960\n|switch|p1b: Slowbro|Slowbro, L50, M|100/100\n|move|p2b: Excadrill|Earthquake|p1b: Slowbro|[spread] p2a,p1a,p1b\n|-resisted|p2a: Whimsicott|1\n|-crit|p2a: Whimsicott\n|-resisted|p1a: Whimsicott|1\n|-damage|p2a: Whimsicott|42/100\n|-damage|p1a: Whimsicott|72/100\n|-damage|p1b: Slowbro|78/100\n|move|p2a: Whimsicott|Moonblast|p1a: Whimsicott\n|-damage|p1a: Whimsicott|33/100\n|move|p1a: Whimsicott|Moonblast|p2b: Excadrill\n|-resisted|p2b: Excadrill|1\n|-damage|p2b: Excadrill|0 fnt\n|faint|p2b: Excadrill\n|\n|-weather|Sandstorm|[upkeep]\n|-damage|p2a: Whimsicott|36/100|[from] Sandstorm\n|-damage|p1a: Whimsicott|27/100|[from] Sandstorm\n|-damage|p1b: Slowbro|72/100|[from] Sandstorm\n|-heal|p2a: Whimsicott|42/100|[from] item: Leftovers\n|upkeep\n|\n|t:|1776347975\n|switch|p2b: Charizard|Charizard, L50, F, shiny|100/100\n|turn|4\n|\n|t:|1776347990\n|detailschange|p2b: Charizard|Charizard-Mega-Y, L50, F, shiny\n|-mega|p2b: Charizard|Charizard|Charizardite Y\n|-weather|SunnyDay|[from] ability: Drought|[of] p2b: Charizard\n|detailschange|p1b: Slowbro|Slowbro-Mega, L50, M\n|-mega|p1b: Slowbro|Slowbro|Slowbronite\n|move|p2b: Charizard|Solar Beam||[still]\n|-prepare|p2b: Charizard|Solar Beam\n|-anim|p2b: Charizard|Solar Beam|p1b: Slowbro\n|-supereffective|p1b: Slowbro|1\n|-damage|p1b: Slowbro|0 fnt\n|faint|p1b: Slowbro\n|move|p2a: Whimsicott|Moonblast|p1a: Whimsicott\n|-damage|p1a: Whimsicott|0 fnt\n|faint|p1a: Whimsicott\n|\n|-weather|SunnyDay|[upkeep]\n|-heal|p2a: Whimsicott|48/100|[from] item: Leftovers\n|-sideend|p2: Blueberrybolt1|move: Tailwind\n|upkeep\n|\n|t:|1776347998\n|switch|p1a: Charizard|Charizard, L50, F|100/100\n|switch|p1b: Garchomp|Garchomp, L50, M|8/100\n|turn|5\n|\n|t:|1776348014\n|move|p2a: Whimsicott|Tailwind|p2a: Whimsicott\n|-sidestart|p2: Blueberrybolt1|move: Tailwind\n|move|p2b: Charizard|Heat Wave|p1a: Charizard|[spread] p1a,p1b\n|-resisted|p1a: Charizard|1\n|-resisted|p1b: Garchomp|1\n|-damage|p1a: Charizard|58/100\n|-damage|p1b: Garchomp|0 fnt\n|faint|p1b: Garchomp\n|move|p1a: Charizard|Heat Wave|p2b: Charizard|[spread] p2a,p2b\n|-supereffective|p2a: Whimsicott|1\n|-resisted|p2b: Charizard|1\n|-damage|p2a: Whimsicott|0 fnt\n|-damage|p2b: Charizard|73/100\n|faint|p2a: Whimsicott\n|\n|-weather|SunnyDay|[upkeep]\n|upkeep\n|turn|6\n|\n|t:|1776348024\n|move|p2b: Charizard|Weather Ball|p1a: Charizard\n|-resisted|p1a: Charizard|1\n|-crit|p1a: Charizard\n|-damage|p1a: Charizard|0 fnt\n|faint|p1a: Charizard\n|\n|win|Blueberrybolt1\n|raw|FortuneMC's rating: 1213 &rarr; <strong>1186</strong><br />(-27 for losing)\n|raw|Blueberrybolt1's rating: 1191 &rarr; <strong>1218</strong><br />(+27 for winning)\n|l|\u2606FortuneMC\n|player|p1|\n",
  "uploadtime": 1776348030,
  "views": 30,
  "formatid": "gen9championsvgc2026regma",
  "rating": 1186,
  "private": 0,
  "password": null
}