{
  "id": "gen9championsvgc2026regma-2583812102",
  "format": "[Gen 9 Champions] VGC 2026 Reg M-A",
  "players": [
    "lisarb660",
    "jeanmixed"
  ],
  "log": "|j|\u2606lisarb660\n|j|\u2606jeanmixed\n|html|<table width=\"100%\"><tr><td align=\"left\">lisarb660</td><td align=\"right\">jeanmixed</tr><tr><td align=\"left\"><i class=\"fa fa-circle-o\"></i> <i class=\"fa fa-circle-o\"></i> </td><td align=\"right\"><i class=\"fa fa-circle-o\"></i> <i class=\"fa fa-circle-o\"></i> </tr></table>\n|uhtml|bestof|<h2><strong>Game 1</strong> of <a href=\"/game-bestof3-gen9championsvgc2026regma-2583812101\">a best-of-3</a></h2>\n|t:|1776199568\n|gametype|doubles\n|player|p1|lisarb660|169|\n|player|p2|jeanmixed|169|\n|gen|9\n|tier|[Gen 9 Champions] VGC 2026 Reg M-A\n|rule|Species Clause: Limit one of each Pok\u00e9mon\n|rule|Item Clause: Limit 1 of each item\n|raw|<div class=\"infobox\"><details class=\"readmore\" open><summary><strong>1 custom rule:</strong></summary> Best of = 3</details></div>\n|clearpoke\n|poke|p1|Basculegion, L50, M|\n|poke|p1|Pelipper, L50, M|\n|poke|p1|Dragonite, L50, F|\n|poke|p1|Archaludon, L50, F|\n|poke|p1|Sneasler, L50, M|\n|poke|p1|Rotom-Heat, L50|\n|poke|p2|Tyranitar, L50, M|\n|poke|p2|Excadrill, L50, M|\n|poke|p2|Talonflame, L50, M|\n|poke|p2|Rotom-Wash, L50|\n|poke|p2|Sinistcha, L50|\n|poke|p2|Sneasler, L50, F|\n|teampreview|4\n|\n|t:|1776199613\n|teamsize|p1|4\n|teamsize|p2|4\n|start\n|switch|p1a: pelicano|Pelipper, L50, M|100/100\n|switch|p1b: lagartixa pan\u00e7uda|Dragonite, L50, F, shiny|100/100\n|switch|p2a: Talonflame|Talonflame, L50, M|100/100\n|switch|p2b: Sneasler|Sneasler, L50, F|100/100\n|-weather|RainDance|[from] ability: Drizzle|[of] p1a: pelicano\n|turn|1\n|\n|t:|1776199649\n|move|p2b: Sneasler|Fake Out|p1b: lagartixa pan\u00e7uda\n|-damage|p1b: lagartixa pan\u00e7uda|92/100\n|move|p2a: Talonflame|Brave Bird|p1a: pelicano\n|-damage|p1a: pelicano|23/100\n|-damage|p2a: Talonflame|78/100|[from] Recoil\n|cant|p1b: lagartixa pan\u00e7uda|flinch\n|move|p1a: pelicano|Weather Ball|p2a: Talonflame\n|-supereffective|p2a: Talonflame|1\n|-damage|p2a: Talonflame|0 fnt\n|faint|p2a: Talonflame\n|\n|-weather|RainDance|[upkeep]\n|upkeep\n|\n|t:|1776199661\n|switch|p2a: Tyranitar|Tyranitar, L50, M|100/100\n|-weather|Sandstorm|[from] ability: Sand Stream|[of] p2a: Tyranitar\n|turn|2\n|\n|t:|1776199701\n|switch|p1a: 09/11|Archaludon, L50, F|100/100\n|detailschange|p1b: lagartixa pan\u00e7uda|Dragonite-Mega, L50, F, shiny\n|-mega|p1b: lagartixa pan\u00e7uda|Dragonite|Dragoninite\n|detailschange|p2a: Tyranitar|Tyranitar-Mega, L50, M\n|-mega|p2a: Tyranitar|Tyranitar|Tyranitarite\n|move|p2b: Sneasler|Dire Claw|p1b: lagartixa pan\u00e7uda\n|-damage|p1b: lagartixa pan\u00e7uda|53/100\n|move|p1b: lagartixa pan\u00e7uda|Hurricane|p2b: Sneasler\n|-supereffective|p2b: Sneasler|1\n|-crit|p2b: Sneasler\n|-damage|p2b: Sneasler|0 fnt\n|faint|p2b: Sneasler\n|move|p2a: Tyranitar|Rock Slide|p1b: lagartixa pan\u00e7uda|[spread] p1a,p1b\n|-resisted|p1a: 09/11|1\n|-supereffective|p1b: lagartixa pan\u00e7uda|1\n|-damage|p1a: 09/11|87/100\n|-damage|p1b: lagartixa pan\u00e7uda|0 fnt\n|-ability|p1a: 09/11|Stamina|boost\n|-boost|p1a: 09/11|def|1\n|faint|p1b: lagartixa pan\u00e7uda\n|\n|-weather|Sandstorm|[upkeep]\n|-heal|p1a: 09/11|93/100|[from] item: Leftovers\n|upkeep\n|\n|t:|1776199733\n|switch|p2b: Sinistcha|Sinistcha, L50|100/100\n|switch|p1b: pelicano|Pelipper, L50, M|23/100\n|-weather|RainDance|[from] ability: Drizzle|[of] p1b: pelicano\n|turn|3\n|\n|t:|1776199749\n|move|p2b: Sinistcha|Rage Powder|p2b: Sinistcha\n|-singleturn|p2b: Sinistcha|move: Rage Powder\n|move|p1b: pelicano|Tailwind|p1b: pelicano\n|-sidestart|p1: lisarb660|move: Tailwind\n|move|p1a: 09/11|Flash Cannon|p2b: Sinistcha\n|-damage|p2b: Sinistcha|53/100\n|move|p2a: Tyranitar|Rock Slide|p1a: 09/11|[spread] p1a,p1b\n|-resisted|p1a: 09/11|1\n|-supereffective|p1b: pelicano|1\n|-damage|p1a: 09/11|84/100\n|-damage|p1b: pelicano|0 fnt\n|-ability|p1a: 09/11|Stamina|boost\n|-boost|p1a: 09/11|def|1\n|faint|p1b: pelicano\n|\n|-weather|RainDance|[upkeep]\n|-heal|p1a: 09/11|90/100|[from] item: Leftovers\n|upkeep\n|\n|t:|1776199762\n|switch|p1b: tubar\u00e3o|Basculegion, L50, M|100/100\n|turn|4\n|\n|t:|1776199775\n|move|p1b: tubar\u00e3o|Last Respects|p2b: Sinistcha\n|-supereffective|p2b: Sinistcha|1\n|-damage|p2b: Sinistcha|0 fnt\n|faint|p2b: Sinistcha\n|move|p1a: 09/11|Electro Shot||[still]\n|-prepare|p1a: 09/11|Electro Shot\n|-boost|p1a: 09/11|spa|1\n|-anim|p1a: 09/11|Electro Shot|p2a: Tyranitar\n|-damage|p2a: Tyranitar|55/100\n|move|p2a: Tyranitar|Knock Off|p1b: tubar\u00e3o\n|-supereffective|p1b: tubar\u00e3o|1\n|-crit|p1b: tubar\u00e3o\n|-damage|p1b: tubar\u00e3o|0 fnt\n|-enditem|p1b: tubar\u00e3o|Mystic Water|[from] move: Knock Off|[of] p2a: Tyranitar\n|faint|p1b: tubar\u00e3o\n|\n|-weather|RainDance|[upkeep]\n|-heal|p1a: 09/11|96/100|[from] item: Leftovers\n|upkeep\n|turn|5\n|\n|t:|1776199794\n|move|p1a: 09/11|Flash Cannon|p2a: Tyranitar\n|-supereffective|p2a: Tyranitar|1\n|-damage|p2a: Tyranitar|0 fnt\n|faint|p2a: Tyranitar\n|\n|win|lisarb660\n||lisarb660 is ready for game 2.\n",
  "uploadtime": 1776199804,
  "views": 17,
  "formatid": "gen9championsvgc2026regma",
  "rating": null,
  "private": 0,
  "password": null
}