{
  "id": "gen9championsvgc2026regma-2581254157",
  "format": "[Gen 9 Champions] VGC 2026 Reg M-A",
  "players": [
    "strawberryon24",
    "XungLao"
  ],
  "log": "|j|\u2606strawberryon24\n|j|\u2606XungLao\n|t:|1775976850\n|gametype|doubles\n|player|p1|strawberryon24|cynthia-gen4|1119\n|player|p2|XungLao|rood|1145\n|gen|9\n|tier|[Gen 9 Champions] VGC 2026 Reg M-A\n|rated|\n|rule|Species Clause: Limit one of each Pok\u00e9mon\n|rule|Item Clause: Limit 1 of each item\n|clearpoke\n|poke|p1|Delphox, L50, F|\n|poke|p1|Scizor, L50, F|\n|poke|p1|Kingambit, L50, F|\n|poke|p1|Milotic, L50, F|\n|poke|p1|Ninetales-Alola, L50, F|\n|poke|p1|Sinistcha, L50|\n|poke|p2|Froslass, L50, F|\n|poke|p2|Aerodactyl, L50, F|\n|poke|p2|Maushold, L50|\n|poke|p2|Sneasler, L50, F|\n|poke|p2|Farigiraf, L50, F|\n|poke|p2|Kingambit, L50, M|\n|teampreview|4\n|inactive|Battle timer is ON: inactive players will automatically lose when time's up. (requested by strawberryon24)\n|inactive|strawberryon24 has 60 seconds left.\n|\n|t:|1775976890\n|teamsize|p1|4\n|teamsize|p2|4\n|start\n|switch|p1a: Milotic|Milotic, L50, F, shiny|100/100\n|switch|p1b: Delphox|Delphox, L50, F, shiny|100/100\n|switch|p2a: Froslass|Froslass, L50, F|100/100\n|switch|p2b: Maushold|Maushold, L50|100/100\n|turn|1\n|\n|t:|1775976910\n|detailschange|p2a: Froslass|Froslass-Mega, L50, F\n|-mega|p2a: Froslass|Froslass|Froslassite\n|-weather|Snowscape|[from] ability: Snow Warning|[of] p2a: Froslass\n|detailschange|p1b: Delphox|Delphox-Mega, L50, F, shiny\n|-mega|p1b: Delphox|Delphox|Delphoxite\n|move|p2b: Maushold|Helping Hand|p2a: Froslass\n|-singleturn|p2a: Froslass|Helping Hand|[of] p2b: Maushold\n|move|p1b: Delphox|Heat Wave|p2a: Froslass|[spread] p2a,p2b\n|-supereffective|p2a: Froslass|1\n|-damage|p2a: Froslass|29/100\n|-damage|p2b: Maushold|60/100\n|-status|p2a: Froslass|brn\n|move|p2a: Froslass|Shadow Ball|p1b: Delphox\n|-supereffective|p1b: Delphox|1\n|-damage|p1b: Delphox|0 fnt\n|faint|p1b: Delphox\n|move|p1a: Milotic|Scald|p2b: Maushold\n|-damage|p2b: Maushold|24/100\n|-enditem|p2b: Maushold|Sitrus Berry|[eat]\n|-heal|p2b: Maushold|49/100|[from] item: Sitrus Berry\n|\n|-weather|Snowscape|[upkeep]\n|-damage|p2a: Froslass|23/100 brn|[from] brn\n|upkeep\n|\n|t:|1775976927\n|switch|p1b: Scizor|Scizor, L50, F, shiny|100/100\n|turn|2\n|\n|t:|1775976937\n|move|p2b: Maushold|Follow Me|p2b: Maushold\n|-singleturn|p2b: Maushold|move: Follow Me\n|move|p1b: Scizor|Bullet Punch|p2b: Maushold\n|-damage|p2b: Maushold|3/100\n|move|p2a: Froslass|Nasty Plot|p2a: Froslass\n|-boost|p2a: Froslass|spa|2\n|move|p1a: Milotic|Scald|p2b: Maushold\n|-damage|p2b: Maushold|0 fnt\n|faint|p2b: Maushold\n|\n|-weather|Snowscape|[upkeep]\n|-damage|p2a: Froslass|17/100 brn|[from] brn\n|upkeep\n|\n|t:|1775976950\n|switch|p2b: Sneasler|Sneasler, L50, F|100/100\n|turn|3\n|\n|t:|1775976968\n|move|p1a: Milotic|Protect|p1a: Milotic\n|-singleturn|p1a: Milotic|Protect\n|move|p1b: Scizor|Protect|p1b: Scizor\n|-singleturn|p1b: Scizor|Protect\n|move|p2b: Sneasler|Fake Out|p1b: Scizor\n|-activate|p1b: Scizor|move: Protect\n|move|p2a: Froslass|Shadow Ball|p1b: Scizor\n|-activate|p1b: Scizor|move: Protect\n|\n|-weather|Snowscape|[upkeep]\n|-damage|p2a: Froslass|11/100 brn|[from] brn\n|upkeep\n|turn|4\n|inactive|strawberryon24 has 30 seconds left.\n|inactive|XungLao has 30 seconds left.\n|\n|t:|1775976999\n|move|p2a: Froslass|Protect|p2a: Froslass\n|-singleturn|p2a: Froslass|Protect\n|move|p1b: Scizor|Bullet Punch|p2a: Froslass\n|-activate|p2a: Froslass|move: Protect\n|move|p2b: Sneasler|Close Combat|p1b: Scizor\n|-damage|p1b: Scizor|25/100\n|-unboost|p2b: Sneasler|def|1\n|-unboost|p2b: Sneasler|spd|1\n|-enditem|p2b: Sneasler|White Herb\n|-clearnegativeboost|p2b: Sneasler|[silent]\n|move|p1a: Milotic|Icy Wind|p2a: Froslass|[spread] p2b\n|-activate|p2a: Froslass|move: Protect\n|-damage|p2b: Sneasler|83/100\n|-unboost|p2b: Sneasler|spe|1\n|\n|-weather|Snowscape|[upkeep]\n|-damage|p2a: Froslass|5/100 brn|[from] brn\n|upkeep\n|turn|5\n|inactive|XungLao has 30 seconds left.\n|\n|t:|1775977031\n|switch|p1a: Sinistcha|Sinistcha, L50, shiny|100/100\n|-heal|p1b: Scizor|49/100|[from] ability: Hospitality|[of] p1a: Sinistcha\n|move|p2a: Froslass|Protect|p2a: Froslass\n|-singleturn|p2a: Froslass|Protect\n|move|p1b: Scizor|Bullet Punch|p2a: Froslass\n|-activate|p2a: Froslass|move: Protect\n|move|p2b: Sneasler|Close Combat|p1b: Scizor\n|-damage|p1b: Scizor|0 fnt\n|-unboost|p2b: Sneasler|def|1\n|-unboost|p2b: Sneasler|spd|1\n|faint|p1b: Scizor\n|\n|-weather|none\n|-damage|p2a: Froslass|0 fnt|[from] brn\n|faint|p2a: Froslass\n|upkeep\n|\n|t:|1775977045\n|switch|p2a: Aerodactyl|Aerodactyl, L50, F|100/100\n|switch|p1b: Milotic|Milotic, L50, F, shiny|100/100\n|-ability|p2a: Aerodactyl|Unnerve\n|turn|6\n|\n|t:|1775977064\n|move|p2a: Aerodactyl|Dual Wingbeat|p1a: Sinistcha\n|-supereffective|p1a: Sinistcha|1\n|-damage|p1a: Sinistcha|64/100\n|-supereffective|p1a: Sinistcha|1\n|-damage|p1a: Sinistcha|28/100\n|-hitcount|p1a: Sinistcha|2\n|move|p2b: Sneasler|Dire Claw|p1a: Sinistcha\n|-damage|p1a: Sinistcha|0 fnt\n|faint|p1a: Sinistcha\n|move|p1b: Milotic|Ice Beam|p2a: Aerodactyl\n|-supereffective|p2a: Aerodactyl|1\n|-damage|p2a: Aerodactyl|23/100\n|\n|upkeep\n|turn|7\n|\n|t:|1775977080\n|move|p2a: Aerodactyl|Dual Wingbeat|p1b: Milotic\n|-damage|p1b: Milotic|79/100\n|-damage|p1b: Milotic|59/100\n|-hitcount|p1b: Milotic|2\n|move|p2b: Sneasler|Close Combat|p1b: Milotic\n|-damage|p1b: Milotic|0 fnt\n|-unboost|p2b: Sneasler|def|1\n|-unboost|p2b: Sneasler|spd|1\n|faint|p1b: Milotic\n|\n|win|XungLao\n|raw|strawberryon24's rating: 1119 &rarr; <strong>1096</strong><br />(-23 for losing)\n|raw|XungLao's rating: 1145 &rarr; <strong>1168</strong><br />(+23 for winning)\n|l|\u2606strawberryon24\n|player|p1|\n",
  "uploadtime": 1775977093,
  "views": 16,
  "formatid": "gen9championsvgc2026regma",
  "rating": 1096,
  "private": 0,
  "password": null
}