{
  "id": "gen9championsvgc2026regma-2580903232",
  "format": "[Gen 9 Champions] VGC 2026 Reg M-A",
  "players": [
    "DoctorAker",
    "psychacola"
  ],
  "log": "|j|\u2606DoctorAker\n|j|\u2606psychacola\n|t:|1775941967\n|gametype|doubles\n|player|p1|DoctorAker|170|1045\n|player|p2|psychacola|2|1106\n|gen|9\n|tier|[Gen 9 Champions] VGC 2026 Reg M-A\n|rated|\n|rule|Species Clause: Limit one of each Pok\u00e9mon\n|rule|Item Clause: Limit 1 of each item\n|clearpoke\n|poke|p1|Golurk, L50|\n|poke|p1|Tyranitar, L50, M|\n|poke|p1|Clefable, L50, F|\n|poke|p1|Reuniclus, L50, F|\n|poke|p1|Camerupt, L50, M|\n|poke|p1|Araquanid, L50, F|\n|poke|p2|Gengar, L50, F|\n|poke|p2|Sinistcha-Masterpiece, L50|\n|poke|p2|Kingambit, L50, M|\n|poke|p2|Tyranitar, L50, M|\n|poke|p2|Primarina, L50, M|\n|poke|p2|Incineroar, L50, M|\n|teampreview|4\n|inactive|Battle timer is ON: inactive players will automatically lose when time's up. (requested by DoctorAker)\n|\n|t:|1775942022\n|teamsize|p1|4\n|teamsize|p2|4\n|start\n|switch|p1a: Clefable|Clefable, L50, F|100/100\n|switch|p1b: Reuniclus|Reuniclus, L50, F|100/100\n|switch|p2a: Gengar|Gengar, L50, F, shiny|100/100\n|switch|p2b: Incineroar|Incineroar, L50, M, shiny|100/100\n|-ability|p2b: Incineroar|Intimidate|boost\n|-unboost|p1a: Clefable|atk|1\n|-unboost|p1b: Reuniclus|atk|1\n|turn|1\n|inactive|psychacola has 30 seconds left.\n|\n|t:|1775942049\n|detailschange|p2a: Gengar|Gengar-Mega, L50, F, shiny\n|-mega|p2a: Gengar|Gengar|Gengarite\n|move|p1a: Clefable|Protect|p1a: Clefable\n|-singleturn|p1a: Clefable|Protect\n|move|p1b: Reuniclus|Protect|p1b: Reuniclus\n|-singleturn|p1b: Reuniclus|Protect\n|move|p2b: Incineroar|Fake Out|p1b: Reuniclus\n|-activate|p1b: Reuniclus|move: Protect\n|move|p2a: Gengar|Perish Song|p2a: Gengar\n|-start|p1a: Clefable|perish3|[silent]\n|-start|p1b: Reuniclus|perish3|[silent]\n|-start|p2a: Gengar|perish3|[silent]\n|-start|p2b: Incineroar|perish3|[silent]\n|-fieldactivate|move: Perish Song\n|\n|-start|p2a: Gengar|perish3\n|-start|p2b: Incineroar|perish3\n|-start|p1a: Clefable|perish3\n|-start|p1b: Reuniclus|perish3\n|upkeep\n|turn|2\n|inactive|DoctorAker has 30 seconds left.\n|\n|t:|1775942080\n|move|p2a: Gengar|Protect|p2a: Gengar\n|-singleturn|p2a: Gengar|Protect\n|move|p1a: Clefable|Follow Me|p1a: Clefable\n|-singleturn|p1a: Clefable|move: Follow Me\n|move|p2b: Incineroar|Parting Shot|p1a: Clefable\n|-unboost|p1a: Clefable|atk|1\n|-unboost|p1a: Clefable|spa|1\n|\n|t:|1775942090\n|switch|p2b: Primarina|Primarina, L50, M, shiny|100/100|[from] Parting Shot\n|move|p1b: Reuniclus|Trick Room|p1b: Reuniclus\n|-fieldstart|move: Trick Room|[of] p1b: Reuniclus\n|\n|-start|p1b: Reuniclus|perish2\n|-start|p1a: Clefable|perish2\n|-start|p2a: Gengar|perish2\n|upkeep\n|turn|3\n|\n|t:|1775942108\n|move|p2b: Primarina|Protect|p2b: Primarina\n|-singleturn|p2b: Primarina|Protect\n|move|p1b: Reuniclus|Psychic|p2a: Gengar\n|-supereffective|p2a: Gengar|1\n|-damage|p2a: Gengar|0 fnt\n|faint|p2a: Gengar\n|move|p1a: Clefable|Light Screen|p1a: Clefable\n|-sidestart|p1: DoctorAker|move: Light Screen\n|\n|-start|p1b: Reuniclus|perish1\n|-start|p1a: Clefable|perish1\n|upkeep\n|\n|t:|1775942120\n|switch|p2a: Incineroar|Incineroar, L50, M, shiny|100/100\n|-ability|p2a: Incineroar|Intimidate|boost\n|-unboost|p1a: Clefable|atk|1\n|-unboost|p1b: Reuniclus|atk|1\n|turn|4\n|\n|t:|1775942135\n|switch|p1b: Tyranitar|Tyranitar, L50, M|100/100\n|-weather|Sandstorm|[from] ability: Sand Stream|[of] p1b: Tyranitar\n|switch|p1a: Camerupt|Camerupt, L50, M|100/100\n|move|p2b: Primarina|Moonblast|p1a: Camerupt\n|-resisted|p1a: Camerupt|1\n|-damage|p1a: Camerupt|77/100\n|move|p2a: Incineroar|Throat Chop|p1b: Tyranitar\n|-resisted|p1b: Tyranitar|1\n|-damage|p1b: Tyranitar|87/100\n|-start|p1b: Tyranitar|Throat Chop|[silent]\n|\n|-weather|Sandstorm|[upkeep]\n|-damage|p2b: Primarina|95/100|[from] Sandstorm\n|-damage|p2a: Incineroar|95/100|[from] Sandstorm\n|-heal|p2b: Primarina|100/100|[from] item: Leftovers\n|upkeep\n|turn|5\n|\n|t:|1775942159\n|detailschange|p1a: Camerupt|Camerupt-Mega, L50, M\n|-mega|p1a: Camerupt|Camerupt|Cameruptite\n|move|p1a: Camerupt|Earth Power|p2b: Primarina\n|-damage|p2b: Primarina|35/100\n|move|p1b: Tyranitar|Rock Slide|p2b: Primarina|[spread] p2b\n|-miss|p1b: Tyranitar|p2a: Incineroar\n|-damage|p2b: Primarina|0 fnt\n|faint|p2b: Primarina\n|move|p2a: Incineroar|Parting Shot|p1b: Tyranitar\n|-unboost|p1b: Tyranitar|atk|1\n|-unboost|p1b: Tyranitar|spa|1\n|\n|t:|1775942169\n|switch|p2a: Sinistcha|Sinistcha-Masterpiece, L50, shiny|100/100|[from] Parting Shot\n|\n|-weather|Sandstorm|[upkeep]\n|-damage|p2a: Sinistcha|94/100|[from] Sandstorm\n|-end|p1b: Tyranitar|Throat Chop|[silent]\n|upkeep\n|\n|t:|1775942174\n|switch|p2b: Incineroar|Incineroar, L50, M, shiny|95/100\n|-ability|p2b: Incineroar|Intimidate|boost\n|-unboost|p1a: Camerupt|atk|1\n|-unboost|p1b: Tyranitar|atk|1\n|turn|6\n|\n|t:|1775942190\n|move|p2a: Sinistcha|Protect|p2a: Sinistcha\n|-singleturn|p2a: Sinistcha|Protect\n|move|p2b: Incineroar|Fake Out|p1b: Tyranitar\n|-resisted|p1b: Tyranitar|1\n|-damage|p1b: Tyranitar|83/100\n|move|p1a: Camerupt|Eruption|p2a: Sinistcha|[spread] p2b\n|-activate|p2a: Sinistcha|move: Protect\n|-resisted|p2b: Incineroar|1\n|-damage|p2b: Incineroar|76/100\n|cant|p1b: Tyranitar|flinch\n|\n|-weather|Sandstorm|[upkeep]\n|-damage|p2b: Incineroar|70/100|[from] Sandstorm\n|-damage|p2a: Sinistcha|88/100|[from] Sandstorm\n|-fieldend|move: Trick Room\n|upkeep\n|turn|7\n|inactive|DoctorAker has 30 seconds left.\n|\n|t:|1775942215\n|move|p2a: Sinistcha|Matcha Gotcha|p1b: Tyranitar|[spread] p1a,p1b\n|-supereffective|p1b: Tyranitar|1\n|-damage|p1a: Camerupt|62/100\n|-heal|p2a: Sinistcha|96/100|[from] drain|[of] p1a: Camerupt\n|-damage|p1b: Tyranitar|59/100\n|-heal|p2a: Sinistcha|100/100|[from] drain|[of] p1b: Tyranitar\n|move|p2b: Incineroar|Throat Chop|p1a: Camerupt\n|-damage|p1a: Camerupt|30/100\n|-start|p1a: Camerupt|Throat Chop|[silent]\n|move|p1b: Tyranitar|Rock Slide|p2a: Sinistcha|[spread] p2a\n|-miss|p1b: Tyranitar|p2b: Incineroar\n|-damage|p2a: Sinistcha|88/100\n|move|p1a: Camerupt|Overheat|p2a: Sinistcha\n|-supereffective|p2a: Sinistcha|1\n|-damage|p2a: Sinistcha|0 fnt\n|-unboost|p1a: Camerupt|spa|2\n|faint|p2a: Sinistcha\n|\n|-weather|Sandstorm|[upkeep]\n|-damage|p2b: Incineroar|64/100|[from] Sandstorm\n|-sideend|p1: DoctorAker|move: Light Screen\n|upkeep\n|turn|8\n|inactive|DoctorAker has 30 seconds left.\n|inactive|psychacola has 30 seconds left.\n|-message|psychacola forfeited.\n|\n|win|DoctorAker\n|raw|DoctorAker's rating: 1045 &rarr; <strong>1084</strong><br />(+39 for winning)\n|raw|psychacola's rating: 1106 &rarr; <strong>1077</strong><br />(-29 for losing)\n|l|\u2606psychacola\n|player|p2|\n|c|\u2606DoctorAker|gg\n",
  "uploadtime": 1775942306,
  "views": 16,
  "formatid": "gen9championsvgc2026regma",
  "rating": 1077,
  "private": 0,
  "password": null
}