{
  "id": "gen9championsvgc2026regma-2584876514",
  "format": "[Gen 9 Champions] VGC 2026 Reg M-A",
  "players": [
    "Jaymanxx91",
    "NaWuu"
  ],
  "log": "|j|\u203dJaymanxx91\n|j|\u2606NaWuu\n|t:|1776290736\n|gametype|doubles\n|player|p1|Jaymanxx91|hiker-gen4|1146\n|player|p2|NaWuu|iris-gen5bw2|1178\n|gen|9\n|tier|[Gen 9 Champions] VGC 2026 Reg M-A\n|rated|\n|rule|Species Clause: Limit one of each Pok\u00e9mon\n|rule|Item Clause: Limit 1 of each item\n|clearpoke\n|poke|p1|Tyranitar, L50, F|\n|poke|p1|Aegislash, L50, M|\n|poke|p1|Garchomp, L50, M|\n|poke|p1|Gardevoir, L50, F|\n|poke|p1|Hydreigon, L50, M|\n|poke|p1|Excadrill, L50, M|\n|poke|p2|Gengar, L50, M|\n|poke|p2|Kommo-o, L50, M|\n|poke|p2|Incineroar, L50, M|\n|poke|p2|Kingambit, L50, F|\n|poke|p2|Maushold-Four, L50|\n|poke|p2|Araquanid, L50, M|\n|teampreview|4\n|inactive|Battle timer is ON: inactive players will automatically lose when time's up. (requested by Jaymanxx91)\n|inactive|NaWuu has 60 seconds left.\n|\n|t:|1776290772\n|teamsize|p1|4\n|teamsize|p2|4\n|start\n|switch|p1a: Tyranitar|Tyranitar, L50, F|100/100\n|switch|p1b: Aegislash|Aegislash, L50, M|100/100\n|switch|p2a: Gengar|Gengar, L50, M|100/100\n|switch|p2b: Araquanid|Araquanid, L50, M|100/100\n|-weather|Sandstorm|[from] ability: Sand Stream|[of] p1a: Tyranitar\n|turn|1\n|inactive|Jaymanxx91 has 30 seconds left.\n|inactive|NaWuu has 30 seconds left.\n|inactive|NaWuu has 20 seconds left.\n|\n|t:|1776290810\n|switch|p2a: Incineroar|Incineroar, L50, M|100/100\n|-ability|p2a: Incineroar|Intimidate|boost\n|-unboost|p1a: Tyranitar|atk|1\n|-unboost|p1b: Aegislash|atk|1\n|move|p2b: Araquanid|Wide Guard|p2b: Araquanid\n|-singleturn|p2b: Araquanid|Wide Guard\n|move|p1a: Tyranitar|Rock Slide|p2b: Araquanid|[spread] \n|-activate|p2a: Incineroar|move: Wide Guard\n|-activate|p2b: Araquanid|move: Wide Guard\n|-formechange|p1b: Aegislash|Aegislash-Blade|\n|move|p1b: Aegislash|Shadow Ball|p2a: Incineroar\n|-resisted|p2a: Incineroar|1\n|-damage|p2a: Incineroar|86/100\n|\n|-weather|Sandstorm|[upkeep]\n|-damage|p2a: Incineroar|80/100|[from] Sandstorm\n|-damage|p2b: Araquanid|95/100|[from] Sandstorm\n|-heal|p2b: Araquanid|100/100|[from] item: Leftovers\n|upkeep\n|turn|2\n|inactive|NaWuu has 30 seconds left.\n|inactive|NaWuu has 20 seconds left.\n|\n|t:|1776290846\n|switch|p1a: Gardevoir|Gardevoir, L50, F|100/100\n|-formechange|p1b: Aegislash|Aegislash|\n|move|p1b: Aegislash|King's Shield|p1b: Aegislash\n|-singleturn|p1b: Aegislash|Protect\n|move|p2a: Incineroar|Parting Shot|p1b: Aegislash\n|-unboost|p1b: Aegislash|atk|1\n|-unboost|p1b: Aegislash|spa|1\n|\n|t:|1776290856\n|switch|p2a: Gengar|Gengar, L50, M|100/100|[from] Parting Shot\n|move|p2b: Araquanid|Power Split|p1a: Gardevoir\n|-activate|p2b: Araquanid|move: Power Split|[of] p1a: Gardevoir\n|\n|-weather|Sandstorm|[upkeep]\n|-damage|p2a: Gengar|94/100|[from] Sandstorm\n|-damage|p1a: Gardevoir|94/100|[from] Sandstorm\n|-damage|p2b: Araquanid|95/100|[from] Sandstorm\n|-heal|p2b: Araquanid|100/100|[from] item: Leftovers\n|upkeep\n|turn|3\n|inactive|Jaymanxx91 has 30 seconds left.\n|inactive|NaWuu has 30 seconds left.\n|inactive|NaWuu has 20 seconds left.\n|inactive|NaWuu has 15 seconds left.\n|inactive|NaWuu has 10 seconds left.\n|\n|t:|1776290904\n|switch|p1a: Tyranitar|Tyranitar, L50, F|100/100\n|detailschange|p2a: Gengar|Gengar-Mega, L50, M\n|-mega|p2a: Gengar|Gengar|Gengarite\n|move|p2a: Gengar|Protect|p2a: Gengar\n|-singleturn|p2a: Gengar|Protect\n|-formechange|p1b: Aegislash|Aegislash-Blade|\n|move|p1b: Aegislash|Shadow Ball|p2a: Gengar\n|-activate|p2a: Gengar|move: Protect\n|move|p2b: Araquanid|Liquidation|p1b: Aegislash\n|-damage|p1b: Aegislash|28/100\n|-unboost|p1b: Aegislash|def|1\n|\n|-weather|Sandstorm|[upkeep]\n|-damage|p2a: Gengar|88/100|[from] Sandstorm\n|-damage|p2b: Araquanid|95/100|[from] Sandstorm\n|-heal|p1b: Aegislash|34/100|[from] item: Leftovers\n|-heal|p2b: Araquanid|100/100|[from] item: Leftovers\n|upkeep\n|turn|4\n|inactive|Jaymanxx91 has 30 seconds left.\n|inactive|NaWuu has 30 seconds left.\n|inactive|NaWuu has 20 seconds left.\n|\n|t:|1776290941\n|switch|p2a: Incineroar|Incineroar, L50, M|80/100\n|-ability|p2a: Incineroar|Intimidate|boost\n|-unboost|p1a: Tyranitar|atk|1\n|-unboost|p1b: Aegislash|atk|1\n|switch|p1b: Gardevoir|Gardevoir, L50, F|94/100\n|move|p1a: Tyranitar|Crunch|p2a: Incineroar\n|-resisted|p2a: Incineroar|1\n|-damage|p2a: Incineroar|68/100\n|move|p2b: Araquanid|Liquidation|p1a: Tyranitar\n|-supereffective|p1a: Tyranitar|1\n|-damage|p1a: Tyranitar|21/100\n|\n|-weather|Sandstorm|[upkeep]\n|-damage|p1b: Gardevoir|88/100|[from] Sandstorm\n|-damage|p2a: Incineroar|62/100|[from] Sandstorm\n|-damage|p2b: Araquanid|95/100|[from] Sandstorm\n|-heal|p2b: Araquanid|100/100|[from] item: Leftovers\n|upkeep\n|turn|5\n|inactive|Jaymanxx91 has 30 seconds left.\n|inactive|NaWuu has 30 seconds left.\n|inactive|Jaymanxx91 has 20 seconds left.\n|\n|t:|1776290979\n|switch|p1a: Excadrill|Excadrill, L50, M|100/100\n|move|p1b: Gardevoir|Protect|p1b: Gardevoir\n|-singleturn|p1b: Gardevoir|Protect\n|move|p2a: Incineroar|Fake Out|p1b: Gardevoir\n|-activate|p1b: Gardevoir|move: Protect\n|move|p2b: Araquanid|Liquidation|p1a: Excadrill\n|-supereffective|p1a: Excadrill|1\n|-enditem|p1a: Excadrill|Focus Sash\n|-damage|p1a: Excadrill|1/100\n|\n|-weather|none\n|upkeep\n|turn|6\n|\n|t:|1776291001\n|detailschange|p1b: Gardevoir|Gardevoir-Mega, L50, F\n|-mega|p1b: Gardevoir|Gardevoir|Gardevoirite\n|move|p2b: Araquanid|Wide Guard|p2b: Araquanid\n|-singleturn|p2b: Araquanid|Wide Guard\n|move|p1b: Gardevoir|Moonblast|p2b: Araquanid\n|-damage|p2b: Araquanid|51/100\n|move|p1a: Excadrill|Iron Head|p2b: Araquanid\n|-resisted|p2b: Araquanid|1\n|-damage|p2b: Araquanid|31/100\n|move|p2a: Incineroar|Flare Blitz|p1a: Excadrill\n|-supereffective|p1a: Excadrill|1\n|-damage|p1a: Excadrill|0 fnt\n|faint|p1a: Excadrill\n|-damage|p2a: Incineroar|61/100|[from] Recoil\n|\n|-heal|p2b: Araquanid|36/100|[from] item: Leftovers\n|upkeep\n|\n|t:|1776291019\n|switch|p1a: Aegislash|Aegislash, L50, M|34/100\n|turn|7\n|\n|t:|1776291032\n|move|p1b: Gardevoir|Hyper Voice|p2a: Incineroar|[spread] p2a,p2b\n|-damage|p2a: Incineroar|22/100\n|-damage|p2b: Araquanid|0 fnt\n|-enditem|p2a: Incineroar|Sitrus Berry|[eat]\n|-heal|p2a: Incineroar|47/100|[from] item: Sitrus Berry\n|faint|p2b: Araquanid\n|move|p2a: Incineroar|Flare Blitz|p1b: Gardevoir\n|-damage|p1b: Gardevoir|0 fnt\n|faint|p1b: Gardevoir\n|-damage|p2a: Incineroar|26/100|[from] Recoil\n|-formechange|p1a: Aegislash|Aegislash-Blade|\n|move|p1a: Aegislash|Shadow Ball|p2a: Incineroar\n|-resisted|p2a: Incineroar|1\n|-damage|p2a: Incineroar|12/100\n|\n|-heal|p1a: Aegislash|40/100|[from] item: Leftovers\n|upkeep\n|\n|t:|1776291049\n|switch|p1b: Tyranitar|Tyranitar, L50, F|21/100\n|switch|p2b: Kommo-o|Kommo-o, L50, M|100/100\n|-weather|Sandstorm|[from] ability: Sand Stream|[of] p1b: Tyranitar\n|turn|8\n|\n|t:|1776291061\n|-formechange|p1a: Aegislash|Aegislash|\n|move|p1a: Aegislash|King's Shield|p1a: Aegislash\n|-singleturn|p1a: Aegislash|Protect\n|move|p1b: Tyranitar|Rock Slide|p2a: Incineroar|[spread] p2a,p2b\n|-supereffective|p2a: Incineroar|1\n|-resisted|p2b: Kommo-o|1\n|-damage|p2a: Incineroar|0 fnt\n|-damage|p2b: Kommo-o|90/100\n|faint|p2a: Incineroar\n|move|p2b: Kommo-o|Body Press|p1b: Tyranitar\n|-supereffective|p1b: Tyranitar|2\n|-damage|p1b: Tyranitar|0 fnt\n|faint|p1b: Tyranitar\n|\n|-weather|Sandstorm|[upkeep]\n|-damage|p2b: Kommo-o|83/100|[from] Sandstorm\n|-heal|p1a: Aegislash|46/100|[from] item: Leftovers\n|upkeep\n|\n|t:|1776291065\n|switch|p2a: Gengar|Gengar-Mega, L50, M|88/100\n|turn|9\n|\n|t:|1776291085\n|move|p2a: Gengar|Shadow Ball|p1a: Aegislash\n|-supereffective|p1a: Aegislash|1\n|-damage|p1a: Aegislash|0 fnt\n|faint|p1a: Aegislash\n|\n|win|NaWuu\n|raw|Jaymanxx91's rating: 1146 &rarr; <strong>1123</strong><br />(-23 for losing)\n|raw|NaWuu's rating: 1178 &rarr; <strong>1201</strong><br />(+23 for winning)\n",
  "uploadtime": 1776291090,
  "views": 28,
  "formatid": "gen9championsvgc2026regma",
  "rating": 1123,
  "private": 0,
  "password": null
}