{
  "id": "gen9championsvgc2026regma-2586389246",
  "format": "[Gen 9 Champions] VGC 2026 Reg M-A",
  "players": [
    "Hedgehogwarrior",
    "Kyooby"
  ],
  "log": "|j|\u2606Hedgehogwarrior\n|j|\u2606Kyooby\n|t:|1776431126\n|gametype|doubles\n|player|p1|Hedgehogwarrior|2|1174\n|player|p2|Kyooby|volkner|1098\n|gen|9\n|tier|[Gen 9 Champions] VGC 2026 Reg M-A\n|rated|\n|rule|Species Clause: Limit one of each Pok\u00e9mon\n|rule|Item Clause: Limit 1 of each item\n|clearpoke\n|poke|p1|Scizor, L50, F|\n|poke|p1|Pelipper, L50, F|\n|poke|p1|Farigiraf, L50, M|\n|poke|p1|Zoroark-Hisui, L50, F|\n|poke|p1|Gyarados, L50, M|\n|poke|p1|Sneasler, L50, F|\n|poke|p2|Maushold-Four, L50|\n|poke|p2|Gardevoir, L50, M|\n|poke|p2|Espathra, L50, M|\n|poke|p2|Kommo-o, L50, M|\n|poke|p2|Gyarados, L50, M|\n|poke|p2|Heliolisk, L50, M|\n|teampreview|4\n|inactive|Battle timer is ON: inactive players will automatically lose when time's up. (requested by Kyooby)\n|inactive|Hedgehogwarrior has 60 seconds left.\n|inactive|Kyooby has 60 seconds left.\n|\n|t:|1776431178\n|teamsize|p1|4\n|teamsize|p2|4\n|start\n|switch|p1a: Scizor|Scizor, L50, F|100/100\n|switch|p1b: Pelipper|Pelipper, L50, F|100/100\n|switch|p2a: Maushold|Maushold-Four, L50|100/100\n|switch|p2b: Gyarados|Gyarados, L50, M|100/100\n|-ability|p2b: Gyarados|Intimidate|boost\n|-unboost|p1a: Scizor|atk|1\n|-unboost|p1b: Pelipper|atk|1\n|-weather|RainDance|[from] ability: Drizzle|[of] p1b: Pelipper\n|turn|1\n|inactive|Hedgehogwarrior has 30 seconds left.\n|\n|t:|1776431206\n|switch|p2a: Heliolisk|Heliolisk, L50, M, shiny|100/100\n|move|p1a: Scizor|Trick||[still]\n|-fail|p1a: Scizor\n|move|p2b: Gyarados|Dragon Dance|p2b: Gyarados\n|-boost|p2b: Gyarados|atk|1\n|-boost|p2b: Gyarados|spe|1\n|move|p1b: Pelipper|Hurricane|p2a: Heliolisk\n|-resisted|p2a: Heliolisk|1\n|-damage|p2a: Heliolisk|79/100\n|\n|-weather|RainDance|[upkeep]\n|-heal|p2a: Heliolisk|92/100|[from] ability: Dry Skin\n|upkeep\n|turn|2\n|\n|t:|1776431230\n|detailschange|p2b: Gyarados|Gyarados-Mega, L50, M\n|-mega|p2b: Gyarados|Gyarados|Gyaradosite\n|-ability|p2b: Gyarados|Mold Breaker\n|move|p1a: Scizor|Trick|p2a: Heliolisk\n|-activate|p1a: Scizor|move: Trick|[of] p2a: Heliolisk\n|-item|p2a: Heliolisk|Choice Scarf|[from] move: Trick\n|-item|p1a: Scizor|Magnet|[from] move: Trick\n|move|p2a: Heliolisk|Volt Switch|p1a: Scizor\n|-damage|p1a: Scizor|38/100\n|replace|p1a: Zoroark|Zoroark-Hisui, L50, F\n|-end|p1a: Zoroark|Illusion\n|\n|t:|1776431245\n|switch|p2a: Maushold|Maushold-Four, L50|100/100|[from] Volt Switch\n|move|p2b: Gyarados|Waterfall|p1a: Zoroark\n|-damage|p1a: Zoroark|0 fnt\n|faint|p1a: Zoroark\n|move|p1b: Pelipper|Hurricane|p2b: Gyarados\n|-damage|p2b: Gyarados|80/100\n|\n|-weather|RainDance|[upkeep]\n|upkeep\n|\n|t:|1776431257\n|switch|p1a: Sneasler|Sneasler, L50, F|100/100\n|turn|3\n|\n|t:|1776431268\n|switch|p2a: Heliolisk|Heliolisk, L50, M, shiny|92/100\n|move|p2b: Gyarados|Protect|p2b: Gyarados\n|-singleturn|p2b: Gyarados|Protect\n|move|p1a: Sneasler|Fake Out|p2b: Gyarados\n|-activate|p2b: Gyarados|move: Protect\n|move|p1b: Pelipper|Tailwind|p1b: Pelipper\n|-sidestart|p1: Hedgehogwarrior|move: Tailwind\n|\n|-weather|RainDance|[upkeep]\n|-heal|p2a: Heliolisk|100/100|[from] ability: Dry Skin\n|upkeep\n|turn|4\n|\n|t:|1776431291\n|switch|p1b: Scizor|Scizor, L50, F|100/100\n|switch|p2b: Maushold|Maushold-Four, L50|100/100\n|move|p1a: Sneasler|Close Combat|p2b: Maushold\n|-supereffective|p2b: Maushold|1\n|-enditem|p2b: Maushold|Focus Sash\n|-damage|p2b: Maushold|1/100\n|-unboost|p1a: Sneasler|def|1\n|-unboost|p1a: Sneasler|spd|1\n|-enditem|p1a: Sneasler|White Herb\n|-clearnegativeboost|p1a: Sneasler|[silent]\n|move|p2a: Heliolisk|Glare|p1a: Sneasler\n|-status|p1a: Sneasler|par\n|\n|-weather|RainDance|[upkeep]\n|upkeep\n|turn|5\n|inactive|Hedgehogwarrior has 30 seconds left.\n|inactive|Kyooby has 30 seconds left.\n|\n|t:|1776431317\n|detailschange|p1b: Scizor|Scizor-Mega, L50, F\n|-mega|p1b: Scizor|Scizor|Scizorite\n|move|p1b: Scizor|Bullet Punch|p2b: Maushold\n|-damage|p2b: Maushold|0 fnt\n|faint|p2b: Maushold\n|move|p1a: Sneasler|Close Combat|p2a: Heliolisk\n|-supereffective|p2a: Heliolisk|1\n|-damage|p2a: Heliolisk|0 fnt\n|-unboost|p1a: Sneasler|def|1\n|-unboost|p1a: Sneasler|spd|1\n|faint|p2a: Heliolisk\n|\n|-weather|none\n|upkeep\n|\n|t:|1776431323\n|switch|p2b: Gyarados|Gyarados-Mega, L50, M|80/100\n|switch|p2a: Kommo-o|Kommo-o, L50, M|100/100\n|-ability|p2b: Gyarados|Mold Breaker\n|turn|6\n|inactive|Hedgehogwarrior has 30 seconds left.\n|\n|t:|1776431352\n|move|p2b: Gyarados|Protect|p2b: Gyarados\n|-singleturn|p2b: Gyarados|Protect\n|move|p1a: Sneasler|Close Combat|p2a: Kommo-o\n|-damage|p2a: Kommo-o|46/100\n|-unboost|p1a: Sneasler|def|1\n|-unboost|p1a: Sneasler|spd|1\n|move|p1b: Scizor|Close Combat|p2a: Kommo-o\n|-damage|p2a: Kommo-o|1/100\n|-unboost|p1b: Scizor|def|1\n|-unboost|p1b: Scizor|spd|1\n|move|p2a: Kommo-o|Clangorous Soul||[still]\n|-fail|p2a: Kommo-o\n|\n|-heal|p2a: Kommo-o|7/100|[from] item: Leftovers\n|-sideend|p1: Hedgehogwarrior|move: Tailwind\n|upkeep\n|turn|7\n|\n|t:|1776431372\n|move|p1b: Scizor|Bullet Punch|p2a: Kommo-o\n|-damage|p2a: Kommo-o|0 fnt\n|faint|p2a: Kommo-o\n|move|p1a: Sneasler|Close Combat|p2b: Gyarados\n|-supereffective|p2b: Gyarados|1\n|-damage|p2b: Gyarados|0 fnt\n|-unboost|p1a: Sneasler|def|1\n|-unboost|p1a: Sneasler|spd|1\n|faint|p2b: Gyarados\n|\n|win|Hedgehogwarrior\n|raw|Hedgehogwarrior's rating: 1174 &rarr; <strong>1194</strong><br />(+20 for winning)\n|raw|Kyooby's rating: 1098 &rarr; <strong>1079</strong><br />(-19 for losing)\n",
  "uploadtime": 1776431372,
  "views": 23,
  "formatid": "gen9championsvgc2026regma",
  "rating": 1079,
  "private": 0,
  "password": null
}