{
  "id": "gen9championsvgc2026regma-2585211962",
  "format": "[Gen 9 Champions] VGC 2026 Reg M-A",
  "players": [
    "orionsayshi",
    "hybread_"
  ],
  "log": "|j|\u2606orionsayshi\n|j|\u2606hybread_\n|t:|1776325573\n|gametype|doubles\n|player|p1|orionsayshi|elesa|1064\n|player|p2|hybread_|skierf|1087\n|gen|9\n|tier|[Gen 9 Champions] VGC 2026 Reg M-A\n|rated|\n|rule|Species Clause: Limit one of each Pok\u00e9mon\n|rule|Item Clause: Limit 1 of each item\n|clearpoke\n|poke|p1|Incineroar, L50, F|\n|poke|p1|Gengar, L50, F|\n|poke|p1|Sableye, L50, F|\n|poke|p1|Arcanine-Hisui, L50, M|\n|poke|p1|Bellibolt, L50, F|\n|poke|p1|Sinistcha, L50|\n|poke|p2|Dragonite, L50, F|\n|poke|p2|Sneasler, L50, F|\n|poke|p2|Gengar, L50, F|\n|poke|p2|Incineroar, L50, F|\n|poke|p2|Whimsicott, L50, F|\n|poke|p2|Politoed, L50, F|\n|teampreview|4\n|\n|t:|1776325604\n|teamsize|p1|4\n|teamsize|p2|4\n|start\n|switch|p1a: Bellibolt|Bellibolt, L50, F|100/100\n|switch|p1b: Sableye|Sableye, L50, F|100/100\n|switch|p2a: Dragonite|Dragonite, L50, F|100/100\n|switch|p2b: Politoed|Politoed, L50, F|100/100\n|-weather|RainDance|[from] ability: Drizzle|[of] p2b: Politoed\n|turn|1\n|\n|t:|1776325626\n|detailschange|p2a: Dragonite|Dragonite-Mega, L50, F\n|-mega|p2a: Dragonite|Dragonite|Dragoninite\n|move|p1b: Sableye|Protect|p1b: Sableye\n|-singleturn|p1b: Sableye|Protect\n|move|p2a: Dragonite|Hurricane|p1b: Sableye\n|-activate|p1b: Sableye|move: Protect\n|move|p2b: Politoed|Icy Wind|p1a: Bellibolt|[spread] p1a\n|-activate|p1b: Sableye|move: Protect\n|-crit|p1a: Bellibolt\n|-damage|p1a: Bellibolt|84/100\n|-unboost|p1a: Bellibolt|spe|1\n|-start|p1a: Bellibolt|Charge|Icy Wind|[from] ability: Electromorphosis\n|move|p1a: Bellibolt|Parabolic Charge|p2a: Dragonite|[spread] p2a,p2b\n|-activate|p1b: Sableye|move: Protect\n|-supereffective|p2b: Politoed|1\n|-damage|p2a: Dragonite|83/100\n|-heal|p1a: Bellibolt|91/100|[from] drain|[of] p2a: Dragonite\n|-damage|p2b: Politoed|17/100\n|-heal|p1a: Bellibolt|100/100|[from] drain|[of] p2b: Politoed\n|-end|p1a: Bellibolt|Charge|[silent]\n|\n|-weather|RainDance|[upkeep]\n|-heal|p2b: Politoed|23/100|[from] item: Leftovers\n|upkeep\n|turn|2\n|\n|t:|1776325654\n|move|p2b: Politoed|Protect|p2b: Politoed\n|-singleturn|p2b: Politoed|Protect\n|move|p1b: Sableye|Disable|p2a: Dragonite\n|-start|p2a: Dragonite|Disable|Hurricane\n|move|p2a: Dragonite|Draco Meteor|p1a: Bellibolt\n|-damage|p1a: Bellibolt|28/100\n|-unboost|p2a: Dragonite|spa|2\n|-start|p1a: Bellibolt|Charge|Draco Meteor|[from] ability: Electromorphosis\n|move|p1a: Bellibolt|Parabolic Charge|p2b: Politoed|[spread] p1b,p2a\n|-activate|p2b: Politoed|move: Protect\n|-damage|p1b: Sableye|25/100\n|-heal|p1a: Bellibolt|55/100|[from] drain|[of] p1b: Sableye\n|-damage|p2a: Dragonite|44/100\n|-heal|p1a: Bellibolt|70/100|[from] drain|[of] p2a: Dragonite\n|-end|p1a: Bellibolt|Charge|[silent]\n|\n|-weather|RainDance|[upkeep]\n|-heal|p2b: Politoed|29/100|[from] item: Leftovers\n|-heal|p1a: Bellibolt|76/100|[from] item: Leftovers\n|upkeep\n|turn|3\n|\n|t:|1776325690\n|switch|p2b: Incineroar|Incineroar, L50, F|100/100\n|-ability|p2b: Incineroar|Intimidate|boost\n|-unboost|p1a: Bellibolt|atk|1\n|-unboost|p1b: Sableye|atk|1\n|move|p1b: Sableye|Encore|p2a: Dragonite\n|-start|p2a: Dragonite|Encore\n|move|p2a: Dragonite|Draco Meteor|p1a: Bellibolt\n|-damage|p1a: Bellibolt|38/100\n|-unboost|p2a: Dragonite|spa|2\n|-start|p1a: Bellibolt|Charge|Draco Meteor|[from] ability: Electromorphosis\n|move|p1a: Bellibolt|Parabolic Charge|p2a: Dragonite|[spread] p1b,p2a,p2b\n|-damage|p1b: Sableye|0 fnt\n|-heal|p1a: Bellibolt|47/100|[from] drain|[of] p1b: Sableye\n|-damage|p2a: Dragonite|7/100\n|-heal|p1a: Bellibolt|62/100|[from] drain|[of] p2a: Dragonite\n|-damage|p2b: Incineroar|58/100\n|-heal|p1a: Bellibolt|79/100|[from] drain|[of] p2b: Incineroar\n|faint|p1b: Sableye\n|-end|p1a: Bellibolt|Charge|[silent]\n|\n|-weather|RainDance|[upkeep]\n|-heal|p1a: Bellibolt|85/100|[from] item: Leftovers\n|upkeep\n|\n|t:|1776325711\n|switch|p1b: Sinistcha|Sinistcha, L50|100/100\n|-heal|p1a: Bellibolt|100/100|[from] ability: Hospitality|[of] p1b: Sinistcha\n|turn|4\n|\n|t:|1776325724\n|switch|p2a: Sneasler|Sneasler, L50, F|100/100\n|move|p2b: Incineroar|Fake Out|p1a: Bellibolt\n|-damage|p1a: Bellibolt|87/100\n|-start|p1a: Bellibolt|Charge|Fake Out|[from] ability: Electromorphosis\n|move|p1b: Sinistcha|Rage Powder|p1b: Sinistcha\n|-singleturn|p1b: Sinistcha|move: Rage Powder\n|cant|p1a: Bellibolt|flinch\n|-end|p1a: Bellibolt|Charge|[silent]\n|\n|-weather|RainDance|[upkeep]\n|-heal|p1a: Bellibolt|93/100|[from] item: Leftovers\n|upkeep\n|turn|5\n|\n|t:|1776325745\n|move|p2a: Sneasler|Fake Out|p1a: Bellibolt\n|-damage|p1a: Bellibolt|82/100\n|-start|p1a: Bellibolt|Charge|Fake Out|[from] ability: Electromorphosis\n|move|p1b: Sinistcha|Strength Sap|p2a: Sneasler\n|-unboost|p2a: Sneasler|atk|1\n|-enditem|p2a: Sneasler|White Herb\n|-clearnegativeboost|p2a: Sneasler|[silent]\n|move|p2b: Incineroar|Flare Blitz|p1b: Sinistcha\n|-supereffective|p1b: Sinistcha|1\n|-damage|p1b: Sinistcha|45/100\n|-status|p1b: Sinistcha|brn\n|-damage|p2b: Incineroar|39/100|[from] Recoil\n|-enditem|p2b: Incineroar|Sitrus Berry|[eat]\n|-heal|p2b: Incineroar|64/100|[from] item: Sitrus Berry\n|cant|p1a: Bellibolt|flinch\n|-end|p1a: Bellibolt|Charge|[silent]\n|\n|-weather|none\n|-heal|p1a: Bellibolt|88/100|[from] item: Leftovers\n|-damage|p1b: Sinistcha|39/100 brn|[from] brn\n|upkeep\n|turn|6\n|\n|t:|1776325771\n|move|p2a: Sneasler|Dire Claw|p1b: Sinistcha\n|-damage|p1b: Sinistcha|0 fnt\n|faint|p1b: Sinistcha\n|move|p2b: Incineroar|Flare Blitz|p1a: Bellibolt\n|-damage|p1a: Bellibolt|27/100\n|-start|p1a: Bellibolt|Charge|Flare Blitz|[from] ability: Electromorphosis\n|-damage|p2b: Incineroar|39/100|[from] Recoil\n|move|p1a: Bellibolt|Parabolic Charge|p2a: Sneasler|[spread] p2a,p2b\n|-damage|p2a: Sneasler|32/100\n|-heal|p1a: Bellibolt|52/100|[from] drain|[of] p2a: Sneasler\n|-damage|p2b: Incineroar|0 fnt\n|-heal|p1a: Bellibolt|67/100|[from] drain|[of] p2b: Incineroar\n|faint|p2b: Incineroar\n|-end|p1a: Bellibolt|Charge|[silent]\n|\n|-heal|p1a: Bellibolt|73/100|[from] item: Leftovers\n|upkeep\n|\n|t:|1776325788\n|switch|p1b: Gengar|Gengar, L50, F|100/100\n|switch|p2b: Dragonite|Dragonite-Mega, L50, F|7/100\n|turn|7\n|\n|t:|1776325801\n|detailschange|p1b: Gengar|Gengar-Mega, L50, F\n|-mega|p1b: Gengar|Gengar|Gengarite\n|move|p2a: Sneasler|Protect|p2a: Sneasler\n|-singleturn|p2a: Sneasler|Protect\n|move|p1b: Gengar|Shadow Ball|p2b: Dragonite\n|-damage|p2b: Dragonite|0 fnt\n|faint|p2b: Dragonite\n|move|p1a: Bellibolt|Volt Switch|p2a: Sneasler\n|-activate|p2a: Sneasler|move: Protect\n|\n|-heal|p1a: Bellibolt|79/100|[from] item: Leftovers\n|upkeep\n|-message|hybread_ forfeited.\n|\n|win|orionsayshi\n|raw|orionsayshi's rating: 1064 &rarr; <strong>1096</strong><br />(+32 for winning)\n|raw|hybread_'s rating: 1087 &rarr; <strong>1062</strong><br />(-25 for losing)\n|l|\u2606hybread_\n|player|p2|\n",
  "uploadtime": 1776325815,
  "views": 23,
  "formatid": "gen9championsvgc2026regma",
  "rating": 1062,
  "private": 0,
  "password": null
}