{
  "id": "gen9championsvgc2026regma-2581332370",
  "format": "[Gen 9 Champions] VGC 2026 Reg M-A",
  "players": [
    "NickR1",
    "smk1111"
  ],
  "log": "|j|\u2606NickR1\n|j|\u2606smk1111\n|t:|1775987832\n|gametype|doubles\n|player|p1|NickR1|skyla|1154\n|player|p2|smk1111|harlequin|1093\n|gen|9\n|tier|[Gen 9 Champions] VGC 2026 Reg M-A\n|rated|\n|rule|Species Clause: Limit one of each Pok\u00e9mon\n|rule|Item Clause: Limit 1 of each item\n|clearpoke\n|poke|p1|Aerodactyl, L50, M|\n|poke|p1|Gardevoir, L50, M|\n|poke|p1|Incineroar, L50, F|\n|poke|p1|Kingambit, L50, F|\n|poke|p1|Sinistcha, L50|\n|poke|p1|Sneasler, L50, F|\n|poke|p2|Meganium, L50, F|\n|poke|p2|Raichu, L50, F|\n|poke|p2|Talonflame, L50, F|\n|poke|p2|Milotic, L50, M|\n|poke|p2|Farigiraf, L50, F|\n|poke|p2|Hydreigon, L50, M|\n|teampreview|4\n|inactive|Battle timer is ON: inactive players will automatically lose when time's up. (requested by smk1111)\n|\n|t:|1775987908\n|teamsize|p1|4\n|teamsize|p2|4\n|start\n|switch|p1a: Gardevoir|Gardevoir, L50, M|100/100\n|switch|p1b: Sneasler|Sneasler, L50, F|100/100\n|switch|p2a: Milotic|Milotic, L50, M, shiny|100/100\n|switch|p2b: Raichu|Raichu, L50, F, shiny|100/100\n|turn|1\n|\n|t:|1775987928\n|detailschange|p1a: Gardevoir|Gardevoir-Mega, L50, M\n|-mega|p1a: Gardevoir|Gardevoir|Gardevoirite\n|move|p2a: Milotic|Protect|p2a: Milotic\n|-singleturn|p2a: Milotic|Protect\n|move|p2b: Raichu|Fake Out|p1a: Gardevoir\n|-damage|p1a: Gardevoir|86/100\n|move|p1b: Sneasler|Fake Out|p2b: Raichu\n|-damage|p2b: Raichu|67/100\n|cant|p1a: Gardevoir|flinch\n|\n|upkeep\n|turn|2\n|inactive|NickR1 has 30 seconds left.\n|inactive|NickR1 has 20 seconds left.\n|\n|t:|1775987967\n|move|p2b: Raichu|Electroweb|p1a: Gardevoir|[spread] p1a,p1b\n|-damage|p1a: Gardevoir|71/100\n|-damage|p1b: Sneasler|78/100\n|-unboost|p1a: Gardevoir|spe|1\n|-unboost|p1b: Sneasler|spe|1\n|-enditem|p1b: Sneasler|White Herb\n|-clearnegativeboost|p1b: Sneasler|[silent]\n|move|p1b: Sneasler|Close Combat|p2a: Milotic\n|-damage|p2a: Milotic|13/100\n|-unboost|p1b: Sneasler|def|1\n|-unboost|p1b: Sneasler|spd|1\n|move|p2a: Milotic|Muddy Water|p1a: Gardevoir|[spread] p1a,p1b\n|-damage|p1a: Gardevoir|43/100\n|-damage|p1b: Sneasler|20/100\n|-unboost|p1a: Gardevoir|accuracy|1\n|move|p1a: Gardevoir|Hyper Voice|p2b: Raichu|[spread] p2a,p2b\n|-damage|p2a: Milotic|0 fnt\n|-damage|p2b: Raichu|0 fnt\n|faint|p2a: Milotic\n|faint|p2b: Raichu\n|\n|upkeep\n|\n|t:|1775987985\n|switch|p2b: Talonflame|Talonflame, L50, F, shiny|100/100\n|switch|p2a: Meganium|Meganium, L50, F, shiny|100/100\n|turn|3\n|\n|t:|1775988002\n|switch|p1b: Incineroar|Incineroar, L50, F|100/100\n|-ability|p1b: Incineroar|Intimidate|boost\n|-unboost|p2a: Meganium|atk|1\n|-unboost|p2b: Talonflame|atk|1\n|detailschange|p2a: Meganium|Meganium-Mega, L50, F, shiny\n|-mega|p2a: Meganium|Meganium|Meganiumite\n|move|p1a: Gardevoir|Protect|p1a: Gardevoir\n|-singleturn|p1a: Gardevoir|Protect\n|move|p2b: Talonflame|Tailwind|p2b: Talonflame\n|-sidestart|p2: smk1111|move: Tailwind\n|move|p2a: Meganium|Dazzling Gleam|p1a: Gardevoir|[spread] p1b\n|-activate|p1a: Gardevoir|move: Protect\n|-damage|p1b: Incineroar|77/100\n|\n|upkeep\n|turn|4\n|inactive|NickR1 has 30 seconds left.\n|\n|t:|1775988027\n|move|p2b: Talonflame|Protect|p2b: Talonflame\n|-singleturn|p2b: Talonflame|Protect\n|move|p2a: Meganium|Protect|p2a: Meganium\n|-singleturn|p2a: Meganium|Protect\n|move|p1b: Incineroar|Fake Out|p2b: Talonflame\n|-activate|p2b: Talonflame|move: Protect\n|move|p1a: Gardevoir|Trick Room|p1a: Gardevoir\n|-fieldstart|move: Trick Room|[of] p1a: Gardevoir\n|\n|upkeep\n|turn|5\n|inactive|NickR1 has 30 seconds left.\n|\n|t:|1775988053\n|move|p2b: Talonflame|Brave Bird|p1b: Incineroar\n|-damage|p1b: Incineroar|47/100\n|-damage|p2b: Talonflame|88/100|[from] Recoil\n|move|p1b: Incineroar|Darkest Lariat|p2b: Talonflame\n|-damage|p2b: Talonflame|37/100\n|move|p1a: Gardevoir|Psychic|p2b: Talonflame\n|-damage|p2b: Talonflame|0 fnt\n|faint|p2b: Talonflame\n|move|p2a: Meganium|Weather Ball|p1a: Gardevoir\n|-damage|p1a: Gardevoir|0 fnt\n|faint|p1a: Gardevoir\n|\n|upkeep\n|\n|t:|1775988062\n|switch|p1a: Kingambit|Kingambit, L50, F|100/100\n|turn|6\n|\n|t:|1775988071\n|move|p2a: Meganium|Protect|p2a: Meganium\n|-singleturn|p2a: Meganium|Protect\n|move|p1a: Kingambit|Iron Head|p2a: Meganium\n|-activate|p2a: Meganium|move: Protect\n|move|p1b: Incineroar|Flare Blitz|p2a: Meganium\n|-activate|p2a: Meganium|move: Protect\n|\n|-sideend|p2: smk1111|move: Tailwind\n|upkeep\n|turn|7\n|\n|t:|1775988083\n|move|p1a: Kingambit|Iron Head|p2a: Meganium\n|-supereffective|p2a: Meganium|1\n|-damage|p2a: Meganium|5/100\n|move|p1b: Incineroar|Flare Blitz|p2a: Meganium\n|-supereffective|p2a: Meganium|1\n|-damage|p2a: Meganium|0 fnt\n|faint|p2a: Meganium\n|-damage|p1b: Incineroar|46/100|[from] Recoil\n|\n|win|NickR1\n|raw|NickR1's rating: 1154 &rarr; <strong>1175</strong><br />(+21 for winning)\n|raw|smk1111's rating: 1093 &rarr; <strong>1073</strong><br />(-20 for losing)\n|l|\u2606smk1111\n|player|p2|\n|l|\u2606NickR1\n|player|p1|\n|j|\u2606NickR1\n|player|p1|NickR1|skyla|\n",
  "uploadtime": 1775988173,
  "views": 23,
  "formatid": "gen9championsvgc2026regma",
  "rating": 1073,
  "private": 0,
  "password": null
}