{
  "id": "gen9championsvgc2026regma-2582700421",
  "format": "[Gen 9 Champions] VGC 2026 Reg M-A",
  "players": [
    "saldocep",
    "Woop1884"
  ],
  "log": "|j|\u2606saldocep\n|j|\u2606Woop1884\n|t:|1776108172\n|gametype|doubles\n|player|p1|saldocep|101|1074\n|player|p2|Woop1884|1|1138\n|gen|9\n|tier|[Gen 9 Champions] VGC 2026 Reg M-A\n|rated|\n|rule|Species Clause: Limit one of each Pok\u00e9mon\n|rule|Item Clause: Limit 1 of each item\n|clearpoke\n|poke|p1|Meganium, L50, F|\n|poke|p1|Heliolisk, L50, F|\n|poke|p1|Basculegion, L50, M|\n|poke|p1|Archaludon, L50, M|\n|poke|p1|Sinistcha, L50|\n|poke|p1|Sneasler, L50, F|\n|poke|p2|Arcanine, L50, F|\n|poke|p2|Dragonite, L50, F|\n|poke|p2|Clefable, L50, F|\n|poke|p2|Archaludon, L50, M|\n|poke|p2|Politoed, L50, F|\n|poke|p2|Kangaskhan, L50, F|\n|teampreview|4\n|inactive|Battle timer is ON: inactive players will automatically lose when time's up. (requested by saldocep)\n|inactive|Woop1884 has 60 seconds left.\n|\n|t:|1776108221\n|teamsize|p1|4\n|teamsize|p2|4\n|start\n|switch|p1a: Heliolisk|Heliolisk, L50, F|100/100\n|switch|p1b: Basculegion|Basculegion, L50, M|100/100\n|switch|p2a: Politoed|Politoed, L50, F|100/100\n|switch|p2b: Archaludon|Archaludon, L50, M|100/100\n|-weather|RainDance|[from] ability: Drizzle|[of] p2a: Politoed\n|turn|1\n|inactive|Woop1884 has 30 seconds left.\n|\n|t:|1776108254\n|move|p1b: Basculegion|Protect|p1b: Basculegion\n|-singleturn|p1b: Basculegion|Protect\n|move|p2a: Politoed|Protect|p2a: Politoed\n|-singleturn|p2a: Politoed|Protect\n|move|p2b: Archaludon|Electro Shot||[still]\n|-prepare|p2b: Archaludon|Electro Shot\n|-boost|p2b: Archaludon|spa|1\n|-anim|p2b: Archaludon|Electro Shot|p1b: Basculegion\n|-activate|p1b: Basculegion|move: Protect\n|move|p1a: Heliolisk|Shed Tail|p1a: Heliolisk\n|-start|p1a: Heliolisk|Substitute|[from] move: Shed Tail\n|-damage|p1a: Heliolisk|50/100\n|\n|t:|1776108273\n|switch|p1a: Archaludon|Archaludon, L50, M|100/100|[from] Shed Tail\n|\n|-weather|RainDance|[upkeep]\n|upkeep\n|turn|2\n|\n|t:|1776108286\n|switch|p1b: Meganium|Meganium, L50, F|100/100\n|switch|p2a: Kangaskhan|Kangaskhan, L50, F|100/100\n|move|p2b: Archaludon|Electro Shot||[still]\n|-prepare|p2b: Archaludon|Electro Shot\n|-boost|p2b: Archaludon|spa|1\n|-anim|p2b: Archaludon|Electro Shot|p1b: Meganium\n|-resisted|p1b: Meganium|1\n|-damage|p1b: Meganium|59/100\n|move|p1a: Archaludon|Electro Shot||[still]\n|-prepare|p1a: Archaludon|Electro Shot\n|-boost|p1a: Archaludon|spa|1\n|-anim|p1a: Archaludon|Electro Shot|p2a: Kangaskhan\n|-damage|p2a: Kangaskhan|15/100\n|\n|-weather|RainDance|[upkeep]\n|upkeep\n|turn|3\n|inactive|saldocep has 30 seconds left.\n|inactive|Woop1884 has 30 seconds left.\n|inactive|Woop1884 has 20 seconds left.\n|\n|t:|1776108322\n|detailschange|p2a: Kangaskhan|Kangaskhan-Mega, L50, F\n|-mega|p2a: Kangaskhan|Kangaskhan|Kangaskhanite\n|detailschange|p1b: Meganium|Meganium-Mega, L50, F\n|-mega|p1b: Meganium|Meganium|Meganiumite\n|move|p2b: Archaludon|Electro Shot||[still]\n|-prepare|p2b: Archaludon|Electro Shot\n|-boost|p2b: Archaludon|spa|1\n|-anim|p2b: Archaludon|Electro Shot|p1a: Archaludon\n|-resisted|p1a: Archaludon|1\n|-end|p1a: Archaludon|Substitute\n|move|p2a: Kangaskhan|Drain Punch|p1a: Archaludon\n|-supereffective|p1a: Archaludon|1\n|-damage|p1a: Archaludon|57/100\n|-heal|p2a: Kangaskhan|38/100|[from] drain|[of] p1a: Archaludon\n|-ability|p1a: Archaludon|Stamina|boost\n|-boost|p1a: Archaludon|def|1\n|-supereffective|p1a: Archaludon|1\n|-damage|p1a: Archaludon|51/100\n|-heal|p2a: Kangaskhan|42/100|[from] drain|[of] p1a: Archaludon\n|-ability|p1a: Archaludon|Stamina|boost\n|-boost|p1a: Archaludon|def|1\n|-hitcount|p1a: Archaludon|2\n|move|p1a: Archaludon|Electro Shot||[still]\n|-prepare|p1a: Archaludon|Electro Shot\n|-boost|p1a: Archaludon|spa|1\n|-anim|p1a: Archaludon|Electro Shot|p2b: Archaludon\n|-resisted|p2b: Archaludon|1\n|-damage|p2b: Archaludon|24/100\n|move|p1b: Meganium|Weather Ball|p2b: Archaludon\n|-damage|p2b: Archaludon|0 fnt\n|faint|p2b: Archaludon\n|\n|-weather|RainDance|[upkeep]\n|upkeep\n|inactive|Woop1884 has 30 seconds left.\n|\n|t:|1776108352\n|switch|p2b: Arcanine|Arcanine, L50, F|100/100\n|-ability|p2b: Arcanine|Intimidate|boost\n|-unboost|p1a: Archaludon|atk|1\n|-unboost|p1b: Meganium|atk|1\n|turn|4\n|\n|t:|1776108384\n|move|p1b: Meganium|Protect|p1b: Meganium\n|-singleturn|p1b: Meganium|Protect\n|move|p2b: Arcanine|Howl|p2b: Arcanine|[spread] p2a,p2b\n|-boost|p2a: Kangaskhan|atk|1\n|-boost|p2b: Arcanine|atk|1\n|move|p2a: Kangaskhan|Drain Punch|p1a: Archaludon\n|-supereffective|p1a: Archaludon|1\n|-damage|p1a: Archaludon|20/100\n|-heal|p2a: Kangaskhan|58/100|[from] drain|[of] p1a: Archaludon\n|-ability|p1a: Archaludon|Stamina|boost\n|-boost|p1a: Archaludon|def|1\n|-enditem|p1a: Archaludon|Sitrus Berry|[eat]\n|-heal|p1a: Archaludon|45/100|[from] item: Sitrus Berry\n|-supereffective|p1a: Archaludon|1\n|-crit|p1a: Archaludon\n|-damage|p1a: Archaludon|22/100\n|-heal|p2a: Kangaskhan|71/100|[from] drain|[of] p1a: Archaludon\n|-ability|p1a: Archaludon|Stamina|boost\n|-boost|p1a: Archaludon|def|1\n|-hitcount|p1a: Archaludon|2\n|move|p1a: Archaludon|Draco Meteor|p2b: Arcanine\n|-damage|p2b: Arcanine|0 fnt\n|-unboost|p1a: Archaludon|spa|2\n|faint|p2b: Arcanine\n|\n|-weather|RainDance|[upkeep]\n|upkeep\n|\n|t:|1776108405\n|switch|p2b: Politoed|Politoed, L50, F|100/100\n|turn|5\n|\n|t:|1776108427\n|move|p1a: Archaludon|Protect|p1a: Archaludon\n|-singleturn|p1a: Archaludon|Protect\n|move|p2a: Kangaskhan|Body Slam|p1b: Meganium\n|-damage|p1b: Meganium|4/100\n|-damage|p1b: Meganium|0 fnt\n|faint|p1b: Meganium\n|-hitcount|p1: Meganium|2\n|move|p2b: Politoed|Psychic|p1a: Archaludon\n|-activate|p1a: Archaludon|move: Protect\n|\n|-weather|none\n|upkeep\n|\n|t:|1776108445\n|switch|p1b: Heliolisk|Heliolisk, L50, F|50/100\n|turn|6\n|\n|t:|1776108458\n|move|p2b: Politoed|Protect|p2b: Politoed\n|-singleturn|p2b: Politoed|Protect\n|move|p1b: Heliolisk|Discharge|p2b: Politoed|[spread] p1a,p2a\n|-activate|p2b: Politoed|move: Protect\n|-resisted|p1a: Archaludon|1\n|-damage|p1a: Archaludon|8/100\n|-damage|p2a: Kangaskhan|47/100\n|-ability|p1a: Archaludon|Stamina|boost\n|-boost|p1a: Archaludon|def|1\n|move|p2a: Kangaskhan|Drain Punch|p1a: Archaludon\n|-supereffective|p1a: Archaludon|1\n|-damage|p1a: Archaludon|0 fnt\n|-heal|p2a: Kangaskhan|51/100|[from] drain|[of] p1a: Archaludon\n|faint|p1a: Archaludon\n|-hitcount|p1: Archaludon|1\n|\n|-heal|p1b: Heliolisk|56/100|[from] item: Leftovers\n|upkeep\n|\n|t:|1776108470\n|switch|p1a: Basculegion|Basculegion, L50, M|100/100\n|turn|7\n|inactive|Woop1884 has 30 seconds left.\n|\n|t:|1776108501\n|move|p2a: Kangaskhan|Sucker Punch|p1a: Basculegion\n|-supereffective|p1a: Basculegion|1\n|-damage|p1a: Basculegion|3/100\n|-supereffective|p1a: Basculegion|1\n|-damage|p1a: Basculegion|0 fnt\n|faint|p1a: Basculegion\n|-hitcount|p1: Basculegion|2\n|move|p1b: Heliolisk|Rain Dance|p1b: Heliolisk\n|-weather|RainDance\n|move|p2b: Politoed|Psychic|p1b: Heliolisk\n|-damage|p1b: Heliolisk|29/100\n|\n|-weather|RainDance|[upkeep]\n|-heal|p1b: Heliolisk|42/100|[from] ability: Dry Skin\n|-heal|p1b: Heliolisk|48/100|[from] item: Leftovers\n|upkeep\n|turn|8\n|\n|t:|1776108521\n|move|p1b: Heliolisk|Protect|p1b: Heliolisk\n|-singleturn|p1b: Heliolisk|Protect\n|move|p2a: Kangaskhan|Drain Punch|p1b: Heliolisk\n|-activate|p1b: Heliolisk|move: Protect\n|move|p2b: Politoed|Psychic|p1b: Heliolisk\n|-activate|p1b: Heliolisk|move: Protect\n|\n|-weather|RainDance|[upkeep]\n|-heal|p1b: Heliolisk|60/100|[from] ability: Dry Skin\n|-heal|p1b: Heliolisk|66/100|[from] item: Leftovers\n|upkeep\n|turn|9\n|\n|t:|1776108537\n|move|p1b: Heliolisk|Discharge|p2a: Kangaskhan|[spread] p2a,p2b\n|-supereffective|p2b: Politoed|1\n|-damage|p2a: Kangaskhan|29/100\n|-damage|p2b: Politoed|63/100\n|move|p2a: Kangaskhan|Drain Punch|p1b: Heliolisk\n|-supereffective|p1b: Heliolisk|1\n|-damage|p1b: Heliolisk|0 fnt\n|-heal|p2a: Kangaskhan|60/100|[from] drain|[of] p1b: Heliolisk\n|faint|p1b: Heliolisk\n|-hitcount|p1: Heliolisk|1\n|\n|win|Woop1884\n|raw|saldocep's rating: 1074 &rarr; <strong>1057</strong><br />(-17 for losing)\n|raw|Woop1884's rating: 1138 &rarr; <strong>1158</strong><br />(+20 for winning)\n|l|\u2606saldocep\n|player|p1|\n",
  "uploadtime": 1776108586,
  "views": 20,
  "formatid": "gen9championsvgc2026regma",
  "rating": 1057,
  "private": 0,
  "password": null
}