{
  "id": "gen9championsvgc2026regma-2587155115",
  "format": "[Gen 9 Champions] VGC 2026 Reg M-A",
  "players": [
    "liliyliilyliy",
    "bot #0132465"
  ],
  "log": "|j|\u2606liliyliilyliy\n|j|\u2606bot #0132465\n|t:|1776501508\n|gametype|doubles\n|player|p1|liliyliilyliy|roxie|1065\n|player|p2|bot #0132465|red|1122\n|gen|9\n|tier|[Gen 9 Champions] VGC 2026 Reg M-A\n|rated|\n|rule|Species Clause: Limit one of each Pok\u00e9mon\n|rule|Item Clause: Limit 1 of each item\n|clearpoke\n|poke|p1|Araquanid, L50, M|\n|poke|p1|Scizor, L50, M|\n|poke|p1|Vivillon, L50, M|\n|poke|p1|Pinsir, L50, F|\n|poke|p1|Volcarona, L50, F|\n|poke|p1|Heracross, L50, M|\n|poke|p2|Milotic, L50, M, shiny|\n|poke|p2|Corviknight, L50, M, shiny|\n|poke|p2|Meganium, L50, F, shiny|\n|poke|p2|Tyranitar, L50, F, shiny|\n|poke|p2|Garganacl, L50, F, shiny|\n|poke|p2|Sinistcha-Masterpiece, L50, shiny|\n|teampreview|4\n|inactive|Battle timer is ON: inactive players will automatically lose when time's up. (requested by bot #0132465)\n|inactive|bot #0132465 has 60 seconds left.\n|\n|t:|1776501551\n|teamsize|p1|4\n|teamsize|p2|4\n|start\n|switch|p1a: Scizor|Scizor, L50, M|100/100\n|switch|p1b: Heracross|Heracross, L50, M|100/100\n|switch|p2a: Dr. Pepper|Garganacl, L50, F, shiny|100/100\n|switch|p2b: Silver Bomber|Corviknight, L50, M, shiny|100/100\n|turn|1\n|\n|t:|1776501570\n|detailschange|p1a: Scizor|Scizor-Mega, L50, M\n|-mega|p1a: Scizor|Scizor|Scizorite\n|move|p1b: Heracross|Coaching|p1a: Scizor\n|-boost|p1a: Scizor|atk|1\n|-boost|p1a: Scizor|def|1\n|move|p1a: Scizor|Iron Defense|p1a: Scizor\n|-boost|p1a: Scizor|def|2\n|move|p2b: Silver Bomber|Brave Bird|p1b: Heracross\n|-supereffective|p1b: Heracross|2\n|-enditem|p1b: Heracross|Focus Sash\n|-damage|p1b: Heracross|1/100\n|-damage|p2b: Silver Bomber|75/100|[from] Recoil\n|move|p2a: Dr. Pepper|Salt Cure|p1a: Scizor\n|-damage|p1a: Scizor|97/100\n|-start|p1a: Scizor|Salt Cure\n|\n|-damage|p1a: Scizor|84/100|[from] Salt Cure\n|upkeep\n|turn|2\n|inactive|bot #0132465 has 30 seconds left.\n|\n|t:|1776501596\n|move|p2a: Dr. Pepper|Protect|p2a: Dr. Pepper\n|-singleturn|p2a: Dr. Pepper|Protect\n|move|p1a: Scizor|Bullet Punch|p2a: Dr. Pepper\n|-activate|p2a: Dr. Pepper|move: Protect\n|move|p1b: Heracross|Coaching|p1a: Scizor\n|-boost|p1a: Scizor|atk|1\n|-boost|p1a: Scizor|def|1\n|move|p2b: Silver Bomber|Body Press|p1b: Heracross\n|-resisted|p1b: Heracross|1\n|-damage|p1b: Heracross|0 fnt\n|faint|p1b: Heracross\n|\n|-damage|p1a: Scizor|72/100|[from] Salt Cure\n|upkeep\n|\n|t:|1776501601\n|switch|p1b: Volcarona|Volcarona, L50, F|100/100\n|turn|3\n|\n|t:|1776501625\n|switch|p2a: Nessie|Milotic, L50, M, shiny|100/100\n|move|p1a: Scizor|Bullet Punch|p2a: Nessie\n|-resisted|p2a: Nessie|1\n|-damage|p2a: Nessie|77/100\n|move|p1b: Volcarona|Fiery Dance|p2a: Nessie\n|-resisted|p2a: Nessie|1\n|-damage|p2a: Nessie|63/100\n|move|p2b: Silver Bomber|Brave Bird|p1b: Volcarona\n|-supereffective|p1b: Volcarona|1\n|-damage|p1b: Volcarona|34/100\n|-damage|p2b: Silver Bomber|55/100|[from] Recoil\n|\n|-damage|p1a: Scizor|59/100|[from] Salt Cure\n|upkeep\n|turn|4\n|\n|t:|1776501648\n|move|p1b: Volcarona|Morning Sun|p1b: Volcarona\n|-heal|p1b: Volcarona|84/100\n|move|p2a: Nessie|Scald|p1a: Scizor\n|-damage|p1a: Scizor|36/100\n|move|p1a: Scizor|Baton Pass|p1a: Scizor\n|\n|t:|1776501654\n|switch|p1a: Araquanid|Araquanid, L50, M|100/100|[from] Baton Pass\n|move|p2b: Silver Bomber|Brave Bird|p1b: Volcarona\n|-supereffective|p1b: Volcarona|1\n|-damage|p1b: Volcarona|17/100\n|-status|p2b: Silver Bomber|brn|[from] ability: Flame Body|[of] p1b: Volcarona\n|-damage|p2b: Silver Bomber|34/100 brn|[from] Recoil\n|\n|-damage|p2b: Silver Bomber|28/100 brn|[from] brn\n|upkeep\n|turn|5\n|\n|t:|1776501681\n|move|p1b: Volcarona|Morning Sun|p1b: Volcarona\n|-heal|p1b: Volcarona|67/100\n|move|p2a: Nessie|Scald|p1b: Volcarona\n|-supereffective|p1b: Volcarona|1\n|-damage|p1b: Volcarona|17/100\n|move|p1a: Araquanid|Stockpile|p1a: Araquanid\n|-start|p1a: Araquanid|stockpile1\n|-boost|p1a: Araquanid|def|1\n|-boost|p1a: Araquanid|spd|1\n|move|p2b: Silver Bomber|Brave Bird|p1a: Araquanid\n|-supereffective|p1a: Araquanid|1\n|-damage|p1a: Araquanid|86/100\n|-damage|p2b: Silver Bomber|25/100 brn|[from] Recoil\n|\n|-damage|p2b: Silver Bomber|19/100 brn|[from] brn\n|upkeep\n|turn|6\n|\n|t:|1776501702\n|move|p1b: Volcarona|Morning Sun|p1b: Volcarona\n|-heal|p1b: Volcarona|67/100\n|move|p2a: Nessie|Scald|p1b: Volcarona\n|-supereffective|p1b: Volcarona|1\n|-damage|p1b: Volcarona|20/100\n|move|p1a: Araquanid|Stockpile|p1a: Araquanid\n|-start|p1a: Araquanid|stockpile2\n|-boost|p1a: Araquanid|def|1\n|-boost|p1a: Araquanid|spd|1\n|move|p2b: Silver Bomber|Brave Bird|p1b: Volcarona\n|-supereffective|p1b: Volcarona|1\n|-damage|p1b: Volcarona|0 fnt\n|faint|p1b: Volcarona\n|-damage|p2b: Silver Bomber|13/100 brn|[from] Recoil\n|\n|-damage|p2b: Silver Bomber|7/100 brn|[from] brn\n|upkeep\n|\n|t:|1776501705\n|switch|p1b: Scizor|Scizor-Mega, L50, M|36/100\n|turn|7\n|inactive|bot #0132465 has 30 seconds left.\n|\n|t:|1776501733\n|move|p1b: Scizor|Bullet Punch|p2b: Silver Bomber\n|-resisted|p2b: Silver Bomber|1\n|-damage|p2b: Silver Bomber|0 fnt\n|faint|p2b: Silver Bomber\n|move|p2a: Nessie|Scald|p1b: Scizor\n|-damage|p1b: Scizor|15/100\n|move|p1a: Araquanid|Liquidation|p2a: Nessie\n|-resisted|p2a: Nessie|1\n|-damage|p2a: Nessie|18/100\n|\n|upkeep\n|\n|t:|1776501744\n|switch|p2b: Meganium|Meganium, L50, F, shiny|100/100\n|turn|8\n|\n|t:|1776501764\n|detailschange|p2b: Meganium|Meganium-Mega, L50, F, shiny\n|-mega|p2b: Meganium|Meganium|Meganiumite\n|move|p1b: Scizor|Bullet Punch|p2a: Nessie\n|-resisted|p2a: Nessie|1\n|-damage|p2a: Nessie|6/100\n|move|p2a: Nessie|Scald|p1b: Scizor\n|-damage|p1b: Scizor|0 fnt\n|faint|p1b: Scizor\n|move|p2b: Meganium|Solar Beam||[still]\n|-prepare|p2b: Meganium|Solar Beam\n|-activate|p2b: Meganium|ability: Mega Sol\n|-anim|p2b: Meganium|Solar Beam|p1a: Araquanid\n|-damage|p1a: Araquanid|54/100\n|move|p1a: Araquanid|Leech Life|p2b: Meganium\n|-damage|p2b: Meganium|52/100\n|-heal|p1a: Araquanid|84/100|[from] drain|[of] p2b: Meganium\n|\n|upkeep\n|turn|9\n|inactive|bot #0132465 has 30 seconds left.\n|\n|t:|1776501791\n|move|p2a: Nessie|Life Dew|p2a: Nessie|[spread] p2a,p2b\n|-heal|p2a: Nessie|31/100\n|-heal|p2b: Meganium|78/100\n|move|p2b: Meganium|Weather Ball|p1a: Araquanid\n|-damage|p1a: Araquanid|72/100\n|move|p1a: Araquanid|Liquidation|p2a: Nessie\n|-resisted|p2a: Nessie|1\n|-damage|p2a: Nessie|0 fnt\n|faint|p2a: Nessie\n|\n|upkeep\n|\n|t:|1776501804\n|switch|p2a: Dr. Pepper|Garganacl, L50, F, shiny|100/100\n|turn|10\n|\n|t:|1776501813\n|move|p2b: Meganium|Solar Beam||[still]\n|-prepare|p2b: Meganium|Solar Beam\n|-activate|p2b: Meganium|ability: Mega Sol\n|-anim|p2b: Meganium|Solar Beam|p1a: Araquanid\n|-damage|p1a: Araquanid|44/100\n|move|p1a: Araquanid|Liquidation|p2a: Dr. Pepper\n|-supereffective|p2a: Dr. Pepper|1\n|-damage|p2a: Dr. Pepper|0 fnt\n|faint|p2a: Dr. Pepper\n|\n|upkeep\n|turn|11\n|\n|t:|1776501830\n|move|p2b: Meganium|Solar Beam||[still]\n|-prepare|p2b: Meganium|Solar Beam\n|-activate|p2b: Meganium|ability: Mega Sol\n|-anim|p2b: Meganium|Solar Beam|p1a: Araquanid\n|-damage|p1a: Araquanid|16/100\n|move|p1a: Araquanid|Rest|p1a: Araquanid\n|-status|p1a: Araquanid|slp|[from] move: Rest\n|-heal|p1a: Araquanid|100/100 slp|[silent]\n|-enditem|p1a: Araquanid|Chesto Berry|[eat]\n|-curestatus|p1a: Araquanid|slp|[msg]\n|\n|upkeep\n|turn|12\n|\n|t:|1776501846\n|move|p2b: Meganium|Weather Ball|p1a: Araquanid\n|-damage|p1a: Araquanid|89/100\n|move|p1a: Araquanid|Liquidation|p2b: Meganium\n|-resisted|p2b: Meganium|1\n|-damage|p2b: Meganium|28/100\n|-unboost|p2b: Meganium|def|1\n|\n|upkeep\n|turn|13\n|\n|t:|1776501854\n|move|p2b: Meganium|Synthesis|p2b: Meganium\n|-heal|p2b: Meganium|95/100\n|move|p1a: Araquanid|Liquidation|p2b: Meganium\n|-resisted|p2b: Meganium|1\n|-damage|p2b: Meganium|21/100\n|\n|upkeep\n|turn|14\n|\n|t:|1776501862\n|move|p2b: Meganium|Synthesis|p2b: Meganium\n|-heal|p2b: Meganium|88/100\n|move|p1a: Araquanid|Liquidation|p2b: Meganium\n|-resisted|p2b: Meganium|1\n|-damage|p2b: Meganium|20/100\n|\n|upkeep\n|turn|15\n|\n|t:|1776501869\n|move|p2b: Meganium|Synthesis|p2b: Meganium\n|-heal|p2b: Meganium|87/100\n|move|p1a: Araquanid|Liquidation|p2b: Meganium\n|-resisted|p2b: Meganium|1\n|-damage|p2b: Meganium|14/100\n|\n|upkeep\n|turn|16\n|-message|bot #0132465 forfeited.\n|\n|win|liliyliilyliy\n|raw|liliyliilyliy's rating: 1065 &rarr; <strong>1100</strong><br />(+35 for winning)\n|raw|bot #0132465's rating: 1122 &rarr; <strong>1093</strong><br />(-29 for losing)\n|l|\u2606bot #0132465\n|player|p2|\n",
  "uploadtime": 1776501887,
  "views": 43,
  "formatid": "gen9championsvgc2026regma",
  "rating": 1093,
  "private": 0,
  "password": null
}