{
  "id": "gen9championsvgc2026regma-2581100457",
  "format": "[Gen 9 Champions] VGC 2026 Reg M-A",
  "players": [
    "MersusNoctus",
    "Michael YunGOOBian"
  ],
  "log": "|j|\u2606MersusNoctus\n|j|\u2606Michael YunGOOBian\n|t:|1775959880\n|gametype|doubles\n|player|p1|MersusNoctus|silver|1097\n|player|p2|Michael YunGOOBian|benga|1159\n|gen|9\n|tier|[Gen 9 Champions] VGC 2026 Reg M-A\n|rated|\n|rule|Species Clause: Limit one of each Pok\u00e9mon\n|rule|Item Clause: Limit 1 of each item\n|clearpoke\n|poke|p1|Gyarados, L50, F|\n|poke|p1|Scovillain, L50, F|\n|poke|p1|Primarina, L50, F|\n|poke|p1|Kommo-o, L50, M|\n|poke|p1|Talonflame, L50, F|\n|poke|p1|Heliolisk, L50, M|\n|poke|p2|Feraligatr, L50, M|\n|poke|p2|Sneasler, L50, M|\n|poke|p2|Incineroar, L50, F|\n|poke|p2|Sinistcha-Masterpiece, L50|\n|poke|p2|Kingambit, L50, F|\n|poke|p2|Ninetales-Alola, L50, M|\n|teampreview|4\n|inactive|Battle timer is ON: inactive players will automatically lose when time's up. (requested by MersusNoctus)\n|\n|t:|1775959946\n|teamsize|p1|4\n|teamsize|p2|4\n|start\n|switch|p1a: Primarina|Primarina, L50, F|100/100\n|switch|p1b: Heliolisk|Heliolisk, L50, M|100/100\n|switch|p2a: Sinistcha|Sinistcha-Masterpiece, L50|100/100\n|switch|p2b: Feraligatr|Feraligatr, L50, M|100/100\n|turn|1\n|inactive|Michael YunGOOBian has 30 seconds left.\n|\n|t:|1775959981\n|move|p2a: Sinistcha|Rage Powder|p2a: Sinistcha\n|-singleturn|p2a: Sinistcha|move: Rage Powder\n|move|p1b: Heliolisk|Shed Tail|p1b: Heliolisk\n|-start|p1b: Heliolisk|Substitute|[from] move: Shed Tail\n|-damage|p1b: Heliolisk|50/100\n|-enditem|p1b: Heliolisk|Sitrus Berry|[eat]\n|-heal|p1b: Heliolisk|75/100|[from] item: Sitrus Berry\n|\n|t:|1775959988\n|switch|p1b: Scovillain|Scovillain, L50, F|100/100|[from] Shed Tail\n|move|p2b: Feraligatr|Dragon Dance|p2b: Feraligatr\n|-boost|p2b: Feraligatr|atk|1\n|-boost|p2b: Feraligatr|spe|1\n|move|p1a: Primarina|Moonblast|p2a: Sinistcha\n|-damage|p2a: Sinistcha|48/100\n|-enditem|p2a: Sinistcha|Sitrus Berry|[eat]\n|-heal|p2a: Sinistcha|73/100|[from] item: Sitrus Berry\n|\n|-ability|p1b: Scovillain|Moody|boost\n|-boost|p1b: Scovillain|spd|2\n|-unboost|p1b: Scovillain|spe|1\n|upkeep\n|turn|2\n|inactive|MersusNoctus has 30 seconds left.\n|inactive|Michael YunGOOBian has 30 seconds left.\n|inactive|Michael YunGOOBian has 20 seconds left.\n|\n|t:|1775960024\n|move|p2b: Feraligatr|Double-Edge|p1a: Primarina|[miss]\n|-miss|p2b: Feraligatr|p1a: Primarina\n|move|p2a: Sinistcha|Matcha Gotcha|p1a: Primarina|[spread] p1a,p1b\n|-resisted|p1b: Scovillain|2\n|-activate|p1b: Scovillain|move: Substitute|[damage]\n|-heal|p2a: Sinistcha|75/100|[from] drain|[of] p1b: Scovillain\n|-supereffective|p1a: Primarina|1\n|-damage|p1a: Primarina|62/100\n|-heal|p2a: Sinistcha|95/100|[from] drain|[of] p1a: Primarina\n|move|p1a: Primarina|Icy Wind|p2a: Sinistcha|[spread] p2a,p2b\n|-supereffective|p2a: Sinistcha|1\n|-resisted|p2b: Feraligatr|1\n|-damage|p2a: Sinistcha|62/100\n|-damage|p2b: Feraligatr|91/100\n|-unboost|p2a: Sinistcha|spe|1\n|-unboost|p2b: Feraligatr|spe|1\n|move|p1b: Scovillain|Fire Blast|p2b: Feraligatr\n|-resisted|p2b: Feraligatr|1\n|-damage|p2b: Feraligatr|62/100\n|\n|-ability|p1b: Scovillain|Moody|boost\n|-boost|p1b: Scovillain|spa|2\n|-unboost|p1b: Scovillain|spd|1\n|upkeep\n|turn|3\n|inactive|MersusNoctus has 30 seconds left.\n|\n|t:|1775960056\n|move|p1b: Scovillain|Protect|p1b: Scovillain\n|-singleturn|p1b: Scovillain|Protect\n|move|p2b: Feraligatr|Double-Edge|p1a: Primarina\n|-damage|p1a: Primarina|0 fnt\n|faint|p1a: Primarina\n|-damage|p2b: Feraligatr|40/100|[from] Recoil\n|move|p2a: Sinistcha|Life Dew|p2a: Sinistcha|[spread] p2a,p2b\n|-heal|p2a: Sinistcha|86/100\n|-heal|p2b: Feraligatr|65/100\n|\n|-ability|p1b: Scovillain|Moody|boost\n|-boost|p1b: Scovillain|spe|2\n|-unboost|p1b: Scovillain|spd|1\n|upkeep\n|\n|t:|1775960071\n|switch|p1a: Heliolisk|Heliolisk, L50, M|75/100\n|turn|4\n|inactive|Michael YunGOOBian has 30 seconds left.\n|\n|t:|1775960102\n|detailschange|p1b: Scovillain|Scovillain-Mega, L50, F\n|-mega|p1b: Scovillain|Scovillain|Scovillainite\n|detailschange|p2b: Feraligatr|Feraligatr-Mega, L50, M\n|-mega|p2b: Feraligatr|Feraligatr|Feraligite\n|move|p1a: Heliolisk|Electroweb|p2a: Sinistcha|[spread] p2a\n|-miss|p1a: Heliolisk|p2b: Feraligatr\n|-resisted|p2a: Sinistcha|1\n|-damage|p2a: Sinistcha|76/100\n|-unboost|p2a: Sinistcha|spe|1\n|move|p1b: Scovillain|Fire Blast|p2b: Feraligatr\n|-resisted|p2b: Feraligatr|2\n|-crit|p2b: Feraligatr\n|-damage|p2b: Feraligatr|18/100\n|move|p2b: Feraligatr|Dragon Dance|p2b: Feraligatr\n|-boost|p2b: Feraligatr|atk|1\n|-boost|p2b: Feraligatr|spe|1\n|move|p2a: Sinistcha|Life Dew|p2a: Sinistcha|[spread] p2a,p2b\n|-heal|p2a: Sinistcha|100/100\n|-heal|p2b: Feraligatr|43/100\n|\n|upkeep\n|turn|5\n|inactive|Michael YunGOOBian has 30 seconds left.\n|inactive|Michael YunGOOBian has 20 seconds left.\n|\n|t:|1775960138\n|move|p2b: Feraligatr|Double-Edge|p1a: Heliolisk\n|-damage|p1a: Heliolisk|0 fnt\n|faint|p1a: Heliolisk\n|-damage|p2b: Feraligatr|23/100|[from] Recoil\n|move|p1b: Scovillain|Fire Blast|p2b: Feraligatr\n|-resisted|p2b: Feraligatr|2\n|-damage|p2b: Feraligatr|0 fnt\n|faint|p2b: Feraligatr\n|move|p2a: Sinistcha|Life Dew||[still]\n|-fail|p2a: Sinistcha|heal\n|\n|upkeep\n|\n|t:|1775960151\n|switch|p1a: Kommo-o|Kommo-o, L50, M|100/100\n|switch|p2b: Ninetales|Ninetales-Alola, L50, M|100/100\n|-weather|Snowscape|[from] ability: Snow Warning|[of] p2b: Ninetales\n|turn|6\n|\n|t:|1775960164\n|move|p2b: Ninetales|Aurora Veil|p2b: Ninetales\n|-sidestart|p2: Michael YunGOOBian|move: Aurora Veil\n|move|p1b: Scovillain|Fire Blast|p2b: Ninetales\n|-supereffective|p2b: Ninetales|1\n|-enditem|p2b: Ninetales|Occa Berry|[eat]\n|-enditem|p2b: Ninetales|Occa Berry|[weaken]\n|-damage|p2b: Ninetales|20/100\n|move|p1a: Kommo-o|Clangorous Soul|p1a: Kommo-o\n|-boost|p1a: Kommo-o|atk|1\n|-boost|p1a: Kommo-o|def|1\n|-boost|p1a: Kommo-o|spa|1\n|-boost|p1a: Kommo-o|spd|1\n|-boost|p1a: Kommo-o|spe|1\n|-damage|p1a: Kommo-o|68/100\n|move|p2a: Sinistcha|Trick Room|p2a: Sinistcha\n|-fieldstart|move: Trick Room|[of] p2a: Sinistcha\n|\n|-weather|Snowscape|[upkeep]\n|-heal|p1a: Kommo-o|73/100|[from] item: Leftovers\n|upkeep\n|turn|7\n|inactive|Michael YunGOOBian has 30 seconds left.\n|\n|t:|1775960189\n|move|p2a: Sinistcha|Life Dew||[still]|[spread] p2a,p2b\n|-fail|p2a: Sinistcha|heal\n|-heal|p2b: Ninetales|45/100\n|move|p1a: Kommo-o|Drain Punch|p2b: Ninetales\n|-damage|p2b: Ninetales|17/100\n|-heal|p1a: Kommo-o|88/100|[from] drain|[of] p2b: Ninetales\n|move|p1b: Scovillain|Fire Blast|p2a: Sinistcha|[miss]\n|-miss|p1b: Scovillain|p2a: Sinistcha\n|move|p2b: Ninetales|Blizzard|p1a: Kommo-o|[spread] p1a,p1b\n|-end|p1b: Scovillain|Substitute\n|-supereffective|p1a: Kommo-o|1\n|-damage|p1a: Kommo-o|60/100\n|\n|-weather|Snowscape|[upkeep]\n|-heal|p1a: Kommo-o|65/100|[from] item: Leftovers\n|upkeep\n|turn|8\n|inactive|Michael YunGOOBian has 30 seconds left.\n|\n|t:|1775960216\n|move|p2a: Sinistcha|Rage Powder|p2a: Sinistcha\n|-singleturn|p2a: Sinistcha|move: Rage Powder\n|move|p1a: Kommo-o|Drain Punch|p2a: Sinistcha\n|-immune|p2a: Sinistcha\n|move|p1b: Scovillain|Fire Blast|p2a: Sinistcha\n|-supereffective|p2a: Sinistcha|1\n|-damage|p2a: Sinistcha|0 fnt\n|faint|p2a: Sinistcha\n|move|p2b: Ninetales|Blizzard|p1b: Scovillain|[spread] p1a,p1b\n|-supereffective|p1a: Kommo-o|1\n|-crit|p1b: Scovillain\n|-damage|p1a: Kommo-o|30/100\n|-damage|p1b: Scovillain|56/100\n|-status|p1b: Scovillain|frz\n|-status|p2b: Ninetales|brn|[from] ability: Spicy Spray|[of] p1b: Scovillain\n|\n|-weather|Snowscape|[upkeep]\n|-heal|p1a: Kommo-o|36/100|[from] item: Leftovers\n|-damage|p2b: Ninetales|11/100 brn|[from] brn\n|upkeep\n|\n|t:|1775960232\n|switch|p2a: Sneasler|Sneasler, L50, M|100/100\n|turn|9\n|\n|t:|1775960239\n|move|p1a: Kommo-o|Protect|p1a: Kommo-o\n|-singleturn|p1a: Kommo-o|Protect\n|move|p2a: Sneasler|Fake Out|p1a: Kommo-o\n|-activate|p1a: Kommo-o|move: Protect\n|cant|p1b: Scovillain|frz\n|move|p2b: Ninetales|Blizzard|p1a: Kommo-o|[spread] p1b\n|-activate|p1a: Kommo-o|move: Protect\n|-damage|p1b: Scovillain|25/100 frz\n|\n|-weather|Snowscape|[upkeep]\n|-heal|p1a: Kommo-o|41/100|[from] item: Leftovers\n|-damage|p2b: Ninetales|5/100 brn|[from] brn\n|upkeep\n|turn|10\n|inactive|Michael YunGOOBian has 30 seconds left.\n|\n|t:|1775960265\n|move|p1a: Kommo-o|Stomping Tantrum|p2a: Sneasler\n|-supereffective|p2a: Sneasler|1\n|-damage|p2a: Sneasler|15/100\n|cant|p1b: Scovillain|frz\n|move|p2b: Ninetales|Blizzard|p1b: Scovillain|[spread] p1a,p1b\n|-supereffective|p1a: Kommo-o|1\n|-damage|p1a: Kommo-o|9/100\n|-damage|p1b: Scovillain|0 fnt\n|faint|p1b: Scovillain\n|move|p2a: Sneasler|Dire Claw|p1a: Kommo-o\n|-damage|p1a: Kommo-o|0 fnt\n|faint|p1a: Kommo-o\n|\n|win|Michael YunGOOBian\n|raw|MersusNoctus's rating: 1097 &rarr; <strong>1077</strong><br />(-20 for losing)\n|raw|Michael YunGOOBian's rating: 1159 &rarr; <strong>1180</strong><br />(+21 for winning)\n",
  "uploadtime": 1775960282,
  "views": 13,
  "formatid": "gen9championsvgc2026regma",
  "rating": 1077,
  "private": 0,
  "password": null
}