{
  "id": "gen9championsvgc2026regma-2584932420",
  "format": "[Gen 9 Champions] VGC 2026 Reg M-A",
  "players": [
    "Tamborine78",
    "KUTF1"
  ],
  "log": "|j|\u2606Tamborine78\n|j|\u2606KUTF1\n|t:|1776295738\n|gametype|doubles\n|player|p1|Tamborine78|2|1201\n|player|p2|KUTF1|firebreather|1201\n|gen|9\n|tier|[Gen 9 Champions] VGC 2026 Reg M-A\n|rated|\n|rule|Species Clause: Limit one of each Pok\u00e9mon\n|rule|Item Clause: Limit 1 of each item\n|clearpoke\n|poke|p1|Blastoise, L50, M|\n|poke|p1|Pelipper, L50, M|\n|poke|p1|Incineroar, L50, F|\n|poke|p1|Sinistcha-Masterpiece, L50|\n|poke|p1|Basculegion, L50, M|\n|poke|p1|Sneasler, L50, F|\n|poke|p2|Drampa, L50, F|\n|poke|p2|Emboar, L50, F|\n|poke|p2|Kingambit, L50, M|\n|poke|p2|Decidueye-Hisui, L50, F|\n|poke|p2|Farigiraf, L50, F|\n|poke|p2|Incineroar, L50, M|\n|teampreview|4\n|inactive|Battle timer is ON: inactive players will automatically lose when time's up. (requested by KUTF1)\n|\n|t:|1776295766\n|teamsize|p1|4\n|teamsize|p2|4\n|start\n|switch|p1a: Blastoise|Blastoise, L50, M|100/100\n|switch|p1b: Incineroar|Incineroar, L50, F|100/100\n|switch|p2a: Say it Again|Farigiraf, L50, F|100/100\n|switch|p2b: Bruh.|Incineroar, L50, M|100/100\n|-ability|p1b: Incineroar|Intimidate|boost\n|-unboost|p2a: Say it Again|atk|1\n|-unboost|p2b: Bruh.|atk|1\n|-ability|p2b: Bruh.|Intimidate|boost\n|-unboost|p1a: Blastoise|atk|1\n|-unboost|p1b: Incineroar|atk|1\n|turn|1\n|inactive|Tamborine78 has 30 seconds left.\n|inactive|Tamborine78 has 20 seconds left.\n|\n|t:|1776295803\n|detailschange|p1a: Blastoise|Blastoise-Mega, L50, M\n|-mega|p1a: Blastoise|Blastoise|Blastoisinite\n|move|p2b: Bruh.|Fake Out|p1a: Blastoise\n|-damage|p1a: Blastoise|92/100\n|cant|p1a: Blastoise|flinch\n|move|p1b: Incineroar|Taunt|p2a: Say it Again\n|-start|p2a: Say it Again|move: Taunt\n|cant|p2a: Say it Again|move: Taunt|Trick Room\n|\n|upkeep\n|turn|2\n|\n|t:|1776295822\n|switch|p1b: Pelipper|Pelipper, L50, M|100/100\n|-weather|RainDance|[from] ability: Drizzle|[of] p1b: Pelipper\n|switch|p2a: Konshu\u2019s Will|Decidueye-Hisui, L50, F|100/100\n|move|p1a: Blastoise|Water Spout|p2b: Bruh.|[spread] p2a,p2b\n|-resisted|p2a: Konshu\u2019s Will|1\n|-supereffective|p2b: Bruh.|1\n|-damage|p2a: Konshu\u2019s Will|59/100\n|-damage|p2b: Bruh.|0 fnt\n|faint|p2b: Bruh.\n|\n|-weather|RainDance|[upkeep]\n|upkeep\n|\n|t:|1776295831\n|switch|p2b: Yamata No Orichi|Drampa, L50, F, shiny|100/100\n|-ability|p2b: Yamata No Orichi|Cloud Nine\n|turn|3\n|\n|t:|1776295842\n|switch|p1a: Incineroar|Incineroar, L50, F|100/100\n|-ability|p1a: Incineroar|Intimidate|boost\n|-fail|p2a: Konshu\u2019s Will|unboost|Attack|[from] ability: Scrappy|[of] p2a: Konshu\u2019s Will\n|-unboost|p2b: Yamata No Orichi|atk|1\n|detailschange|p2b: Yamata No Orichi|Drampa-Mega, L50, F, shiny\n|-mega|p2b: Yamata No Orichi|Drampa|Drampanite\n|move|p1b: Pelipper|Hurricane|p2a: Konshu\u2019s Will\n|-supereffective|p2a: Konshu\u2019s Will|2\n|-damage|p2a: Konshu\u2019s Will|0 fnt\n|faint|p2a: Konshu\u2019s Will\n|move|p2b: Yamata No Orichi|Hyper Voice|p1b: Pelipper|[spread] p1a,p1b\n|-damage|p1a: Incineroar|63/100\n|-damage|p1b: Pelipper|19/100\n|\n|-weather|RainDance|[upkeep]\n|upkeep\n|\n|t:|1776295846\n|switch|p2a: Say it Again|Farigiraf, L50, F|100/100\n|turn|4\n|inactive|Tamborine78 has 30 seconds left.\n|inactive|Tamborine78 has 20 seconds left.\n|\n|t:|1776295883\n|move|p2b: Yamata No Orichi|Protect|p2b: Yamata No Orichi\n|-singleturn|p2b: Yamata No Orichi|Protect\n|move|p1b: Pelipper|Hurricane|p2b: Yamata No Orichi\n|-activate|p2b: Yamata No Orichi|move: Protect\n|move|p1a: Incineroar|Taunt|p2a: Say it Again\n|-start|p2a: Say it Again|move: Taunt\n|cant|p2a: Say it Again|move: Taunt|Trick Room\n|\n|-weather|RainDance|[upkeep]\n|upkeep\n|turn|5\n|\n|t:|1776295897\n|move|p1b: Pelipper|Hurricane|p2b: Yamata No Orichi\n|-damage|p2b: Yamata No Orichi|60/100\n|move|p1a: Incineroar|Parting Shot|p2b: Yamata No Orichi\n|-unboost|p2b: Yamata No Orichi|atk|1\n|-unboost|p2b: Yamata No Orichi|spa|1\n|\n|t:|1776295903\n|switch|p1a: Blastoise|Blastoise-Mega, L50, M|92/100|[from] Parting Shot\n|move|p2a: Say it Again|Hyper Voice|p1a: Blastoise|[spread] p1a,p1b\n|-damage|p1a: Blastoise|64/100\n|-damage|p1b: Pelipper|0 fnt\n|faint|p1b: Pelipper\n|move|p2b: Yamata No Orichi|Hyper Voice|p1a: Blastoise\n|-damage|p1a: Blastoise|20/100\n|\n|-weather|RainDance|[upkeep]\n|upkeep\n|\n|t:|1776295917\n|switch|p1b: Sneasler|Sneasler, L50, F|100/100\n|turn|6\n|\n|t:|1776295923\n|move|p2b: Yamata No Orichi|Protect|p2b: Yamata No Orichi\n|-singleturn|p2b: Yamata No Orichi|Protect\n|move|p1b: Sneasler|Close Combat|p2b: Yamata No Orichi\n|-activate|p2b: Yamata No Orichi|move: Protect\n|move|p1a: Blastoise|Weather Ball|p2a: Say it Again\n|-damage|p2a: Say it Again|35/100\n|move|p2a: Say it Again|Psychic|p1b: Sneasler\n|-supereffective|p1b: Sneasler|2\n|-damage|p1b: Sneasler|0 fnt\n|faint|p1b: Sneasler\n|\n|-weather|none\n|-end|p2a: Say it Again|move: Taunt\n|upkeep\n|\n|t:|1776295935\n|switch|p1b: Incineroar|Incineroar, L50, F|63/100\n|-ability|p1b: Incineroar|Intimidate|boost\n|-unboost|p2a: Say it Again|atk|1\n|-unboost|p2b: Yamata No Orichi|atk|1\n|turn|7\n|\n|t:|1776295950\n|move|p1a: Blastoise|Weather Ball|p2b: Yamata No Orichi\n|-damage|p2b: Yamata No Orichi|43/100\n|-ability|p2b: Yamata No Orichi|Berserk|boost\n|-boost|p2b: Yamata No Orichi|spa|1\n|move|p1b: Incineroar|Darkest Lariat|p2b: Yamata No Orichi\n|-damage|p2b: Yamata No Orichi|16/100\n|move|p2a: Say it Again|Hyper Voice|p1a: Blastoise|[spread] p1a,p1b\n|-damage|p1a: Blastoise|0 fnt\n|-damage|p1b: Incineroar|41/100\n|-enditem|p1b: Incineroar|Sitrus Berry|[eat]\n|-heal|p1b: Incineroar|65/100|[from] item: Sitrus Berry\n|faint|p1a: Blastoise\n|move|p2b: Yamata No Orichi|Hyper Voice|p1b: Incineroar\n|-damage|p1b: Incineroar|11/100\n|\n|upkeep\n|turn|8\n|\n|t:|1776295965\n|move|p1b: Incineroar|Darkest Lariat|p2b: Yamata No Orichi\n|-damage|p2b: Yamata No Orichi|0 fnt\n|faint|p2b: Yamata No Orichi\n|move|p2a: Say it Again|Hyper Voice|p1b: Incineroar\n|-damage|p1b: Incineroar|0 fnt\n|faint|p1b: Incineroar\n|\n|win|KUTF1\n|raw|Tamborine78's rating: 1201 &rarr; <strong>1176</strong><br />(-25 for losing)\n|raw|KUTF1's rating: 1201 &rarr; <strong>1226</strong><br />(+25 for winning)\n|c|\u2606Tamborine78|wow I sold\n|l|\u2606Tamborine78\n|player|p1|\n|c|\u2606KUTF1|I was like I lose\n",
  "uploadtime": 1776295974,
  "views": 19,
  "formatid": "gen9championsvgc2026regma",
  "rating": 1176,
  "private": 0,
  "password": null
}