{
  "id": "gen9championsvgc2026regma-2583645270",
  "format": "[Gen 9 Champions] VGC 2026 Reg M-A",
  "players": [
    "ficifict_dcj",
    "plixim"
  ],
  "log": "|j|\u2606ficifict_dcj\n|j|\u2606plixim\n|t:|1776188472\n|gametype|doubles\n|player|p1|ficifict_dcj|101|1143\n|player|p2|plixim|101|1133\n|gen|9\n|tier|[Gen 9 Champions] VGC 2026 Reg M-A\n|rated|\n|rule|Species Clause: Limit one of each Pok\u00e9mon\n|rule|Item Clause: Limit 1 of each item\n|clearpoke\n|poke|p1|Pelipper, L50, M|\n|poke|p1|Aggron, L50, F|\n|poke|p1|Venusaur, L50, F|\n|poke|p1|Gyarados, L50, F|\n|poke|p1|Basculegion, L50, M|\n|poke|p1|Raichu, L50, F|\n|poke|p2|Glalie, L50, M|\n|poke|p2|Froslass, L50, F|\n|poke|p2|Incineroar, L50, F|\n|poke|p2|Azumarill, L50, F|\n|poke|p2|Hydrapple, L50, M|\n|poke|p2|Ditto, L50|\n|teampreview|4\n|\n|t:|1776188529\n|teamsize|p1|4\n|teamsize|p2|4\n|start\n|switch|p1a: Aggron|Aggron, L50, F|100/100\n|switch|p1b: Basculegion|Basculegion, L50, M|100/100\n|switch|p2a: Wonel|Glalie, L50, M, shiny|100/100\n|switch|p2b: Froslass|Froslass, L50, F|100/100\n|turn|1\n|\n|t:|1776188543\n|detailschange|p2b: Froslass|Froslass-Mega, L50, F\n|-mega|p2b: Froslass|Froslass|Froslassite\n|-weather|Snowscape|[from] ability: Snow Warning|[of] p2b: Froslass\n|detailschange|p1a: Aggron|Aggron-Mega, L50, F\n|-mega|p1a: Aggron|Aggron|Aggronite\n|move|p1b: Basculegion|Flip Turn|p2b: Froslass\n|-damage|p2b: Froslass|63/100\n|\n|t:|1776188549\n|switch|p1b: Pelipper|Pelipper, L50, M|100/100|[from] Flip Turn\n|-weather|RainDance|[from] ability: Drizzle|[of] p1b: Pelipper\n|move|p2b: Froslass|Aurora Veil||[still]\n|-fail|p2b: Froslass\n|move|p2a: Wonel|Double Team|p2a: Wonel\n|-boost|p2a: Wonel|evasion|1\n|move|p1a: Aggron|Heavy Slam|p2b: Froslass\n|-supereffective|p2b: Froslass|1\n|-damage|p2b: Froslass|0 fnt\n|faint|p2b: Froslass\n|\n|-weather|RainDance|[upkeep]\n|-ability|p2a: Wonel|Moody|boost\n|-boost|p2a: Wonel|atk|2\n|-unboost|p2a: Wonel|spd|1\n|upkeep\n|\n|t:|1776188560\n|switch|p2b: Hydrapple|Hydrapple, L50, M|100/100\n|turn|2\n|\n|t:|1776188569\n|move|p2a: Wonel|Double Team|p2a: Wonel\n|-boost|p2a: Wonel|evasion|1\n|move|p1b: Pelipper|Tailwind|p1b: Pelipper\n|-sidestart|p1: ficifict_dcj|move: Tailwind\n|move|p1a: Aggron|Heavy Slam|p2a: Wonel\n|-supereffective|p2a: Wonel|1\n|-damage|p2a: Wonel|61/100\n|move|p2b: Hydrapple|Yawn|p1a: Aggron\n|-start|p1a: Aggron|move: Yawn|[of] p2b: Hydrapple\n|\n|-weather|RainDance|[upkeep]\n|-heal|p2a: Wonel|67/100|[from] item: Leftovers\n|-ability|p2a: Wonel|Moody|boost\n|-boost|p2a: Wonel|spe|2\n|-unboost|p2a: Wonel|spa|1\n|upkeep\n|turn|3\n|\n|t:|1776188592\n|switch|p1a: Gyarados|Gyarados, L50, F|100/100\n|-ability|p1a: Gyarados|Intimidate|boost\n|-unboost|p2a: Wonel|atk|1\n|-unboost|p2b: Hydrapple|atk|1\n|move|p2a: Wonel|Substitute|p2a: Wonel\n|-start|p2a: Wonel|Substitute\n|-damage|p2a: Wonel|42/100\n|move|p1b: Pelipper|Hurricane|p2b: Hydrapple\n|-supereffective|p2b: Hydrapple|1\n|-damage|p2b: Hydrapple|17/100\n|move|p2b: Hydrapple|Draco Meteor|p1a: Gyarados\n|-damage|p1a: Gyarados|51/100\n|-unboost|p2b: Hydrapple|spa|2\n|\n|-weather|RainDance|[upkeep]\n|-heal|p2a: Wonel|48/100|[from] item: Leftovers\n|-ability|p2a: Wonel|Moody|boost\n|-boost|p2a: Wonel|def|2\n|-unboost|p2a: Wonel|atk|1\n|upkeep\n|turn|4\n|inactive|Battle timer is ON: inactive players will automatically lose when time's up. (requested by plixim)\n|\n|t:|1776188616\n|switch|p2b: Ditto|Ditto, L50|100/100\n|-transform|p2b: Ditto|p1a: Gyarados|[from] ability: Imposter\n|-ability|p2b: Ditto|Intimidate|boost\n|-unboost|p1a: Gyarados|atk|1\n|-unboost|p1b: Pelipper|atk|1\n|move|p2a: Wonel|Double Team|p2a: Wonel\n|-boost|p2a: Wonel|evasion|1\n|move|p1a: Gyarados|Waterfall|p2a: Wonel\n|-crit|p2a: Wonel\n|-end|p2a: Wonel|Substitute\n|move|p1b: Pelipper|Weather Ball|p2a: Wonel|[miss]\n|-miss|p1b: Pelipper|p2a: Wonel\n|\n|-weather|RainDance|[upkeep]\n|-heal|p2a: Wonel|54/100|[from] item: Leftovers\n|-ability|p2a: Wonel|Moody|boost\n|-boost|p2a: Wonel|spe|2\n|-unboost|p2a: Wonel|atk|1\n|upkeep\n|turn|5\n|inactive|ficifict_dcj has 30 seconds left.\n|inactive|plixim has 30 seconds left.\n|\n|t:|1776188651\n|move|p2a: Wonel|Substitute|p2a: Wonel\n|-start|p2a: Wonel|Substitute\n|-damage|p2a: Wonel|29/100\n|move|p1a: Gyarados|Taunt|p2a: Wonel|[miss]\n|-miss|p1a: Gyarados|p2a: Wonel\n|move|p2b: Ditto|Thunder Wave|p1a: Gyarados\n|-status|p1a: Gyarados|par\n|move|p1b: Pelipper|Hurricane|p2b: Ditto\n|-damage|p2b: Ditto|42/100\n|\n|-weather|none\n|-heal|p2a: Wonel|35/100|[from] item: Leftovers\n|-sideend|p1: ficifict_dcj|move: Tailwind\n|-ability|p2a: Wonel|Moody|boost\n|-boost|p2a: Wonel|spa|2\n|-unboost|p2a: Wonel|spd|1\n|upkeep\n|turn|6\n|\n|t:|1776188671\n|switch|p2b: Hydrapple|Hydrapple, L50, M|51/100\n|switch|p1b: Basculegion|Basculegion, L50, M|100/100\n|move|p2a: Wonel|Double Team|p2a: Wonel\n|-boost|p2a: Wonel|evasion|1\n|move|p1a: Gyarados|Waterfall|p2a: Wonel|[miss]\n|-miss|p1a: Gyarados|p2a: Wonel\n|\n|-heal|p2a: Wonel|41/100|[from] item: Leftovers\n|-ability|p2a: Wonel|Moody|boost\n|-boost|p2a: Wonel|atk|2\n|-unboost|p2a: Wonel|spe|1\n|upkeep\n|turn|7\n|inactive|plixim has 30 seconds left.\n|\n|t:|1776188698\n|switch|p1b: Pelipper|Pelipper, L50, M|100/100\n|-weather|RainDance|[from] ability: Drizzle|[of] p1b: Pelipper\n|move|p2a: Wonel|Bite|p1b: Pelipper\n|-damage|p1b: Pelipper|84/100\n|move|p1a: Gyarados|Waterfall|p2a: Wonel\n|-activate|p2a: Wonel|move: Substitute|[damage]\n|move|p2b: Hydrapple|Draco Meteor|p1a: Gyarados\n|-damage|p1a: Gyarados|5/100 par\n|-unboost|p2b: Hydrapple|spa|2\n|-enditem|p1a: Gyarados|Sitrus Berry|[eat]\n|-heal|p1a: Gyarados|30/100 par|[from] item: Sitrus Berry\n|\n|-weather|RainDance|[upkeep]\n|-heal|p2a: Wonel|47/100|[from] item: Leftovers\n|-ability|p2a: Wonel|Moody|boost\n|-boost|p2a: Wonel|spd|2\n|-unboost|p2a: Wonel|def|1\n|upkeep\n|turn|8\n|inactive|ficifict_dcj has 30 seconds left.\n|inactive|plixim has 30 seconds left.\n|\n|t:|1776188727\n|move|p2a: Wonel|Double Team|p2a: Wonel\n|-boost|p2a: Wonel|evasion|1\n|move|p1b: Pelipper|Hurricane|p2b: Hydrapple\n|-supereffective|p2b: Hydrapple|1\n|-damage|p2b: Hydrapple|0 fnt\n|faint|p2b: Hydrapple\n|move|p1a: Gyarados|Waterfall|p2a: Wonel\n|-end|p2a: Wonel|Substitute\n|\n|-weather|RainDance|[upkeep]\n|-heal|p2a: Wonel|53/100|[from] item: Leftovers\n|-ability|p2a: Wonel|Moody|boost\n|-boost|p2a: Wonel|spd|2\n|-unboost|p2a: Wonel|atk|1\n|upkeep\n|\n|t:|1776188732\n|switch|p2b: Ditto|Ditto, L50|42/100\n|-transform|p2b: Ditto|p1a: Gyarados|[from] ability: Imposter\n|-ability|p2b: Ditto|Intimidate|boost\n|-unboost|p1a: Gyarados|atk|1\n|-unboost|p1b: Pelipper|atk|1\n|turn|9\n|\n|t:|1776188746\n|move|p2a: Wonel|Substitute|p2a: Wonel\n|-start|p2a: Wonel|Substitute\n|-damage|p2a: Wonel|28/100\n|move|p2b: Ditto|Waterfall|p1b: Pelipper\n|-resisted|p1b: Pelipper|1\n|-damage|p1b: Pelipper|65/100\n|cant|p1b: Pelipper|flinch\n|move|p1a: Gyarados|Thunder Wave|p2b: Ditto\n|-status|p2b: Ditto|par\n|\n|-weather|RainDance|[upkeep]\n|-heal|p2a: Wonel|34/100|[from] item: Leftovers\n|-ability|p2a: Wonel|Moody|boost\n|-boost|p2a: Wonel|def|2\n|-unboost|p2a: Wonel|spd|1\n|upkeep\n|turn|10\n|inactive|plixim has 30 seconds left.\n|\n|t:|1776188773\n|move|p2a: Wonel|Frost Breath|p1b: Pelipper\n|-crit|p1b: Pelipper\n|-damage|p1b: Pelipper|14/100\n|move|p2b: Ditto|Waterfall|p1a: Gyarados\n|-resisted|p1a: Gyarados|1\n|-damage|p1a: Gyarados|10/100 par\n|move|p1b: Pelipper|Weather Ball|p2a: Wonel|[miss]\n|-miss|p1b: Pelipper|p2a: Wonel\n|move|p1a: Gyarados|Waterfall|p2b: Ditto\n|-resisted|p2b: Ditto|1\n|-damage|p2b: Ditto|22/100 par\n|\n|-weather|RainDance|[upkeep]\n|-heal|p2a: Wonel|40/100|[from] item: Leftovers\n|-ability|p2a: Wonel|Moody|boost\n|-boost|p2a: Wonel|spd|2\n|-unboost|p2a: Wonel|spa|1\n|upkeep\n|turn|11\n|\n|t:|1776188788\n|move|p2a: Wonel|Frost Breath|p1b: Pelipper\n|-crit|p1b: Pelipper\n|-damage|p1b: Pelipper|0 fnt\n|faint|p1b: Pelipper\n|move|p2b: Ditto|Waterfall|p1a: Gyarados\n|-resisted|p1a: Gyarados|1\n|-damage|p1a: Gyarados|0 fnt\n|faint|p1a: Gyarados\n|\n|-weather|none\n|-heal|p2a: Wonel|46/100|[from] item: Leftovers\n|-ability|p2a: Wonel|Moody|boost\n|-boost|p2a: Wonel|spe|2\n|-unboost|p2a: Wonel|spd|1\n|upkeep\n|\n|t:|1776188795\n|switch|p1a: Basculegion|Basculegion, L50, M|100/100\n|switch|p1b: Aggron|Aggron-Mega, L50, F|100/100\n|turn|12\n|\n|t:|1776188811\n|move|p2a: Wonel|Bite|p1a: Basculegion\n|-supereffective|p1a: Basculegion|1\n|-damage|p1a: Basculegion|76/100\n|move|p1a: Basculegion|Wave Crash|p2a: Wonel|[miss]\n|-miss|p1a: Basculegion|p2a: Wonel\n|move|p2b: Ditto|Waterfall|p1a: Basculegion\n|-resisted|p1a: Basculegion|1\n|-damage|p1a: Basculegion|59/100\n|move|p1b: Aggron|Heavy Slam|p2a: Wonel\n|-supereffective|p2a: Wonel|1\n|-activate|p2a: Wonel|move: Substitute|[damage]\n|\n|-heal|p2a: Wonel|52/100|[from] item: Leftovers\n|-ability|p2a: Wonel|Moody|boost\n|-boost|p2a: Wonel|spd|2\n|-unboost|p2a: Wonel|spa|1\n|upkeep\n|turn|13\n|\n|t:|1776188834\n|move|p2a: Wonel|Bite|p1a: Basculegion\n|-supereffective|p1a: Basculegion|1\n|-damage|p1a: Basculegion|34/100\n|move|p1a: Basculegion|Wave Crash|p2a: Wonel|[miss]\n|-miss|p1a: Basculegion|p2a: Wonel\n|move|p2b: Ditto|Waterfall|p1a: Basculegion\n|-resisted|p1a: Basculegion|1\n|-crit|p1a: Basculegion\n|-damage|p1a: Basculegion|0 fnt\n|faint|p1a: Basculegion\n|move|p1b: Aggron|Heavy Slam|p2a: Wonel\n|-supereffective|p2a: Wonel|1\n|-end|p2a: Wonel|Substitute\n|\n|-heal|p2a: Wonel|58/100|[from] item: Leftovers\n|-ability|p2a: Wonel|Moody|boost\n|-boost|p2a: Wonel|def|2\n|-unboost|p2a: Wonel|spa|1\n|upkeep\n|turn|14\n|\n|t:|1776188848\n|move|p2a: Wonel|Substitute|p2a: Wonel\n|-start|p2a: Wonel|Substitute\n|-damage|p2a: Wonel|33/100\n|-activate|p2b: Ditto|move: Struggle\n|move|p2b: Ditto|Struggle|p1b: Aggron\n|-damage|p1b: Aggron|95/100\n|-damage|p2b: Ditto|0 fnt|[from] recoil\n|faint|p2b: Ditto\n|move|p1b: Aggron|Iron Defense|p1b: Aggron\n|-boost|p1b: Aggron|def|2\n|\n|-heal|p2a: Wonel|39/100|[from] item: Leftovers\n|-ability|p2a: Wonel|Moody|boost\n|-boost|p2a: Wonel|spa|2\n|-unboost|p2a: Wonel|spe|1\n|upkeep\n|turn|15\n|\n|t:|1776188869\n|move|p2a: Wonel|Double Team|p2a: Wonel\n|-boost|p2a: Wonel|evasion|1\n|move|p1b: Aggron|Body Press|p2a: Wonel\n|-supereffective|p2a: Wonel|1\n|-end|p2a: Wonel|Substitute\n|\n|-heal|p2a: Wonel|45/100|[from] item: Leftovers\n|-ability|p2a: Wonel|Moody|boost\n|-boost|p2a: Wonel|spe|2\n|-unboost|p2a: Wonel|atk|1\n|upkeep\n|turn|16\n|\n|t:|1776188876\n|move|p2a: Wonel|Substitute|p2a: Wonel\n|-start|p2a: Wonel|Substitute\n|-damage|p2a: Wonel|20/100\n|move|p1b: Aggron|Body Press|p2a: Wonel|[miss]\n|-miss|p1b: Aggron|p2a: Wonel\n|\n|-heal|p2a: Wonel|26/100|[from] item: Leftovers\n|-ability|p2a: Wonel|Moody|boost\n|-boost|p2a: Wonel|spa|2\n|-unboost|p2a: Wonel|def|1\n|upkeep\n|turn|17\n|\n|t:|1776188881\n|move|p2a: Wonel|Bite|p1b: Aggron\n|-damage|p1b: Aggron|93/100\n|move|p1b: Aggron|Body Press|p2a: Wonel|[miss]\n|-miss|p1b: Aggron|p2a: Wonel\n|\n|-heal|p2a: Wonel|32/100|[from] item: Leftovers\n|-ability|p2a: Wonel|Moody|boost\n|-boost|p2a: Wonel|atk|2\n|-unboost|p2a: Wonel|def|1\n|upkeep\n|turn|18\n|\n|t:|1776188892\n|move|p2a: Wonel|Bite|p1b: Aggron\n|-damage|p1b: Aggron|89/100\n|move|p1b: Aggron|Body Press|p2a: Wonel|[miss]\n|-miss|p1b: Aggron|p2a: Wonel\n|\n|-heal|p2a: Wonel|38/100|[from] item: Leftovers\n|-ability|p2a: Wonel|Moody|boost\n|-boost|p2a: Wonel|spa|2\n|-unboost|p2a: Wonel|spe|1\n|upkeep\n|turn|19\n|\n|t:|1776188899\n|move|p2a: Wonel|Bite|p1b: Aggron\n|-damage|p1b: Aggron|84/100\n|move|p1b: Aggron|Body Press|p2a: Wonel|[miss]\n|-miss|p1b: Aggron|p2a: Wonel\n|\n|-heal|p2a: Wonel|44/100|[from] item: Leftovers\n|-ability|p2a: Wonel|Moody|boost\n|-boost|p2a: Wonel|spa|2\n|-unboost|p2a: Wonel|def|1\n|upkeep\n|turn|20\n|\n|t:|1776188909\n|move|p2a: Wonel|Frost Breath|p1b: Aggron|[miss]\n|-miss|p2a: Wonel|p1b: Aggron\n|move|p1b: Aggron|Body Press|p2a: Wonel|[miss]\n|-miss|p1b: Aggron|p2a: Wonel\n|\n|-heal|p2a: Wonel|50/100|[from] item: Leftovers\n|-ability|p2a: Wonel|Moody|boost\n|-boost|p2a: Wonel|def|2\n|-unboost|p2a: Wonel|spa|1\n|upkeep\n|turn|21\n|\n|t:|1776188914\n|move|p2a: Wonel|Frost Breath|p1b: Aggron\n|-resisted|p1b: Aggron|1\n|-crit|p1b: Aggron\n|-damage|p1b: Aggron|47/100\n|move|p1b: Aggron|Body Press|p2a: Wonel|[miss]\n|-miss|p1b: Aggron|p2a: Wonel\n|\n|-heal|p2a: Wonel|56/100|[from] item: Leftovers\n|-ability|p2a: Wonel|Moody|boost\n|-boost|p2a: Wonel|spd|2\n|-unboost|p2a: Wonel|spa|1\n|upkeep\n|turn|22\n|-message|ficifict_dcj forfeited.\n|\n|win|plixim\n|raw|ficifict_dcj's rating: 1143 &rarr; <strong>1117</strong><br />(-26 for losing)\n|raw|plixim's rating: 1133 &rarr; <strong>1159</strong><br />(+26 for winning)\n|l|\u2606ficifict_dcj\n|player|p1|\n",
  "uploadtime": 1776188922,
  "views": 17,
  "formatid": "gen9championsvgc2026regma",
  "rating": 1117,
  "private": 0,
  "password": null
}