{
  "id": "gen9championsvgc2026regma-2584111892",
  "format": "[Gen 9 Champions] VGC 2026 Reg M-A",
  "players": [
    "menoinnnnnn",
    "colfox"
  ],
  "log": "|j|\u2606menoinnnnnn\n|j|\u203dcolfox\n|t:|1776226410\n|gametype|doubles\n|player|p1|menoinnnnnn|169|1000\n|player|p2|colfox|169|1067\n|gen|9\n|tier|[Gen 9 Champions] VGC 2026 Reg M-A\n|rated|\n|rule|Species Clause: Limit one of each Pok\u00e9mon\n|rule|Item Clause: Limit 1 of each item\n|clearpoke\n|poke|p1|Arcanine, L50, F|\n|poke|p1|Crabominable, L50, M|\n|poke|p1|Slowking, L50, F|\n|poke|p1|Tsareena, L50, F|\n|poke|p1|Hatterene, L50, F|\n|poke|p1|Camerupt, L50, F|\n|poke|p2|Sylveon, L50, M|\n|poke|p2|Garchomp, L50, M|\n|poke|p2|Milotic, L50, M|\n|poke|p2|Ninetales, L50, M|\n|poke|p2|Raichu, L50, F|\n|poke|p2|Scizor, L50, F|\n|teampreview|4\n|\n|t:|1776226451\n|teamsize|p1|4\n|teamsize|p2|4\n|start\n|switch|p1a: Arcanine|Arcanine, L50, F|100/100\n|switch|p1b: Slowking|Slowking, L50, F|100/100\n|switch|p2a: Raichu|Raichu, L50, F|100/100\n|switch|p2b: Scizor|Scizor, L50, F|100/100\n|-ability|p1a: Arcanine|Intimidate|boost\n|-unboost|p2a: Raichu|atk|1\n|-unboost|p2b: Scizor|atk|1\n|turn|1\n|\n|t:|1776226477\n|detailschange|p2b: Scizor|Scizor-Mega, L50, F\n|-mega|p2b: Scizor|Scizor|Scizorite\n|move|p2a: Raichu|Fake Out|p1a: Arcanine\n|-damage|p1a: Arcanine|94/100\n|cant|p1a: Arcanine|flinch\n|move|p2b: Scizor|Swords Dance|p2b: Scizor\n|-boost|p2b: Scizor|atk|2\n|move|p1b: Slowking|Trick Room|p1b: Slowking\n|-fieldstart|move: Trick Room|[of] p1b: Slowking\n|\n|upkeep\n|turn|2\n|\n|t:|1776226507\n|move|p2b: Scizor|Protect|p2b: Scizor\n|-singleturn|p2b: Scizor|Protect\n|-prepare|p1b: Slowking|Chilly Reception|[premajor]\n|move|p1b: Slowking|Chilly Reception|p1b: Slowking\n|-weather|Snowscape\n|\n|t:|1776226515\n|switch|p1b: Camerupt|Camerupt, L50, F, shiny|100/100|[from] Chilly Reception\n|move|p1a: Arcanine|Flare Blitz|p2b: Scizor\n|-activate|p2b: Scizor|move: Protect\n|move|p2a: Raichu|Thunderbolt|p1a: Arcanine\n|-damage|p1a: Arcanine|54/100\n|\n|-weather|Snowscape|[upkeep]\n|upkeep\n|turn|3\n|\n|t:|1776226550\n|detailschange|p1b: Camerupt|Camerupt-Mega, L50, F, shiny\n|-mega|p1b: Camerupt|Camerupt|Cameruptite\n|move|p2a: Raichu|Protect|p2a: Raichu\n|-singleturn|p2a: Raichu|Protect\n|move|p2b: Scizor|Bullet Punch|p1a: Arcanine\n|-resisted|p1a: Arcanine|1\n|-damage|p1a: Arcanine|21/100\n|-enditem|p1a: Arcanine|Sitrus Berry|[eat]\n|-heal|p1a: Arcanine|46/100|[from] item: Sitrus Berry\n|move|p1b: Camerupt|Eruption|p2b: Scizor|[spread] p2b\n|-activate|p2a: Raichu|move: Protect\n|-supereffective|p2b: Scizor|2\n|-damage|p2b: Scizor|0 fnt\n|faint|p2b: Scizor\n|move|p1a: Arcanine|Flare Blitz|p2a: Raichu\n|-activate|p2a: Raichu|move: Protect\n|\n|-weather|Snowscape|[upkeep]\n|upkeep\n|\n|t:|1776226570\n|switch|p2b: Milotic|Milotic, L50, M|100/100\n|turn|4\n|\n|t:|1776226595\n|switch|p2a: Sylveon|Sylveon, L50, M|100/100\n|move|p1b: Camerupt|Eruption|p2a: Sylveon|[spread] p2a,p2b\n|-resisted|p2b: Milotic|1\n|-damage|p2a: Sylveon|57/100\n|-damage|p2b: Milotic|77/100\n|move|p2b: Milotic|Scald|p1b: Camerupt\n|-supereffective|p1b: Camerupt|2\n|-damage|p1b: Camerupt|0 fnt\n|faint|p1b: Camerupt\n|move|p1a: Arcanine|Crunch|p2b: Milotic\n|-damage|p2b: Milotic|52/100\n|\n|-weather|Snowscape|[upkeep]\n|upkeep\n|\n|t:|1776226611\n|switch|p1b: Slowking|Slowking, L50, F|100/100\n|turn|5\n|\n|t:|1776226639\n|switch|p2a: Raichu|Raichu, L50, F|100/100\n|move|p1b: Slowking|Psychic|p2a: Raichu\n|-damage|p2a: Raichu|40/100\n|move|p2b: Milotic|Recover|p2b: Milotic\n|-heal|p2b: Milotic|100/100\n|move|p1a: Arcanine|Flare Blitz|p2a: Raichu\n|-damage|p2a: Raichu|0 fnt\n|faint|p2a: Raichu\n|-damage|p1a: Arcanine|37/100|[from] Recoil\n|\n|-weather|Snowscape|[upkeep]\n|-fieldend|move: Trick Room\n|upkeep\n|\n|t:|1776226655\n|switch|p2a: Sylveon|Sylveon, L50, M|57/100\n|turn|6\n|\n|t:|1776226672\n|move|p1a: Arcanine|Extreme Speed|p2a: Sylveon\n|-damage|p2a: Sylveon|27/100\n|move|p2b: Milotic|Scald|p1a: Arcanine\n|-supereffective|p1a: Arcanine|1\n|-crit|p1a: Arcanine\n|-damage|p1a: Arcanine|0 fnt\n|faint|p1a: Arcanine\n|move|p2a: Sylveon|Hyper Voice|p1b: Slowking\n|-damage|p1b: Slowking|52/100\n|move|p1b: Slowking|Trick Room|p1b: Slowking\n|-fieldstart|move: Trick Room|[of] p1b: Slowking\n|\n|-weather|none\n|upkeep\n|\n|t:|1776226684\n|switch|p1a: Crabominable|Crabominable, L50, M|100/100\n|turn|7\n|\n|t:|1776226729\n|move|p2a: Sylveon|Protect|p2a: Sylveon\n|-singleturn|p2a: Sylveon|Protect\n|move|p1b: Slowking|Psychic|p2a: Sylveon\n|-activate|p2a: Sylveon|move: Protect\n|move|p1a: Crabominable|Ice Hammer|p2a: Sylveon\n|-activate|p2a: Sylveon|move: Protect\n|move|p2b: Milotic|Scald|p1a: Crabominable\n|-damage|p1a: Crabominable|62/100\n|\n|upkeep\n|turn|8\n|\n|t:|1776226748\n|move|p2a: Sylveon|Helping Hand|p2b: Milotic\n|-singleturn|p2b: Milotic|Helping Hand|[of] p2a: Sylveon\n|move|p1b: Slowking|Psychic|p2a: Sylveon\n|-damage|p2a: Sylveon|1/100\n|move|p1a: Crabominable|Ice Hammer|p2a: Sylveon\n|-damage|p2a: Sylveon|0 fnt\n|-unboost|p1a: Crabominable|spe|1\n|faint|p2a: Sylveon\n|move|p2b: Milotic|Scald|p1a: Crabominable\n|-damage|p1a: Crabominable|6/100\n|\n|upkeep\n|turn|9\n|\n|t:|1776226771\n|move|p1a: Crabominable|Thunder Punch|p2b: Milotic\n|-supereffective|p2b: Milotic|1\n|-enditem|p2b: Milotic|Wacan Berry|[eat]\n|-enditem|p2b: Milotic|Wacan Berry|[weaken]\n|-damage|p2b: Milotic|78/100\n|move|p1b: Slowking|Psychic|p2b: Milotic\n|-damage|p2b: Milotic|51/100\n|move|p2b: Milotic|Icy Wind|p1b: Slowking|[spread] p1a,p1b\n|-resisted|p1a: Crabominable|1\n|-resisted|p1b: Slowking|1\n|-damage|p1a: Crabominable|0 fnt\n|-damage|p1b: Slowking|48/100\n|-unboost|p1b: Slowking|spe|1\n|faint|p1a: Crabominable\n|\n|upkeep\n|turn|10\n|\n|t:|1776226786\n|move|p1b: Slowking|Psychic|p2b: Milotic\n|-damage|p2b: Milotic|27/100\n|move|p2b: Milotic|Recover|p2b: Milotic\n|-heal|p2b: Milotic|77/100\n|\n|-fieldend|move: Trick Room\n|upkeep\n|turn|11\n|\n|t:|1776226795\n|move|p2b: Milotic|Scald|p1b: Slowking\n|-resisted|p1b: Slowking|1\n|-damage|p1b: Slowking|32/100\n|-status|p1b: Slowking|brn\n|move|p1b: Slowking|Psychic|p2b: Milotic\n|-damage|p2b: Milotic|51/100\n|\n|-damage|p1b: Slowking|26/100 brn|[from] brn\n|upkeep\n|turn|12\n|\n|t:|1776226806\n|move|p2b: Milotic|Protect|p2b: Milotic\n|-singleturn|p2b: Milotic|Protect\n|move|p1b: Slowking|Psychic|p2b: Milotic\n|-activate|p2b: Milotic|move: Protect\n|\n|-damage|p1b: Slowking|20/100 brn|[from] brn\n|upkeep\n|turn|13\n|\n|t:|1776226819\n|move|p2b: Milotic|Recover|p2b: Milotic\n|-heal|p2b: Milotic|100/100\n|move|p1b: Slowking|Psychic|p2b: Milotic\n|-damage|p2b: Milotic|75/100\n|\n|-damage|p1b: Slowking|14/100 brn|[from] brn\n|upkeep\n|turn|14\n|\n|t:|1776226835\n|move|p2b: Milotic|Protect|p2b: Milotic\n|-singleturn|p2b: Milotic|Protect\n|move|p1b: Slowking|Psychic|p2b: Milotic\n|-activate|p2b: Milotic|move: Protect\n|\n|-damage|p1b: Slowking|8/100 brn|[from] brn\n|upkeep\n|turn|15\n|\n|t:|1776226844\n|move|p2b: Milotic|Recover|p2b: Milotic\n|-heal|p2b: Milotic|100/100\n|move|p1b: Slowking|Psychic|p2b: Milotic\n|-damage|p2b: Milotic|75/100\n|\n|-damage|p1b: Slowking|2/100 brn|[from] brn\n|upkeep\n|turn|16\n|\n|t:|1776226852\n|move|p2b: Milotic|Protect|p2b: Milotic\n|-singleturn|p2b: Milotic|Protect\n|move|p1b: Slowking|Psychic|p2b: Milotic\n|-activate|p2b: Milotic|move: Protect\n|\n|-damage|p1b: Slowking|0 fnt|[from] brn\n|faint|p1b: Slowking\n|\n|win|colfox\n|raw|menoinnnnnn's rating: 1000 &rarr; <strong>1000</strong><br />(+0 for losing)\n|raw|colfox's rating: 1067 &rarr; <strong>1091</strong><br />(+24 for winning)\n|l|\u2606menoinnnnnn\n|player|p1|\n",
  "uploadtime": 1776226862,
  "views": 40,
  "formatid": "gen9championsvgc2026regma",
  "rating": 1000,
  "private": 0,
  "password": null
}