{
  "id": "gen9championsvgc2026regma-2588358766",
  "format": "[Gen 9 Champions] VGC 2026 Reg M-A",
  "players": [
    "luisetex",
    "Dyspair8"
  ],
  "log": "|j|\u2606luisetex\n|j|\u2606Dyspair8\n|t:|1776626950\n|gametype|doubles\n|player|p1|luisetex|102|1043\n|player|p2|Dyspair8|n|1015\n|gen|9\n|tier|[Gen 9 Champions] VGC 2026 Reg M-A\n|rated|\n|rule|Species Clause: Limit one of each Pok\u00e9mon\n|rule|Item Clause: Limit 1 of each item\n|clearpoke\n|poke|p1|Gengar, L50, F|\n|poke|p1|Politoed, L50, F|\n|poke|p1|Blastoise, L50, F|\n|poke|p1|Incineroar, L50, M|\n|poke|p1|Snorlax, L50, M|\n|poke|p1|Scizor, L50, F|\n|poke|p2|Crabominable, L50, F|\n|poke|p2|Maushold, L50|\n|poke|p2|Slowking-Galar, L50, M|\n|poke|p2|Kingambit, L50, M|\n|poke|p2|Primarina, L50, M|\n|poke|p2|Tsareena, L50, F|\n|teampreview|4\n|\n|t:|1776626971\n|teamsize|p1|4\n|teamsize|p2|4\n|start\n|switch|p1a: Gengar|Gengar, L50, F|100/100\n|switch|p1b: Blastoise|Blastoise, L50, F|100/100\n|switch|p2a: Slowking|Slowking-Galar, L50, M|100/100\n|switch|p2b: Tsareena|Tsareena, L50, F|100/100\n|turn|1\n|inactive|Battle timer is ON: inactive players will automatically lose when time's up. (requested by luisetex)\n|inactive|luisetex has 60 seconds left.\n|\n|t:|1776627011\n|detailschange|p1a: Gengar|Gengar-Mega, L50, F\n|-mega|p1a: Gengar|Gengar|Gengarite\n|move|p1a: Gengar|Protect|p1a: Gengar\n|-singleturn|p1a: Gengar|Protect\n|move|p1b: Blastoise|Yawn|p2a: Slowking\n|-start|p2a: Slowking|move: Yawn|[of] p1b: Blastoise\n|move|p2b: Tsareena|Trop Kick|p1b: Blastoise\n|-supereffective|p1b: Blastoise|1\n|-damage|p1b: Blastoise|33/100\n|-unboost|p1b: Blastoise|atk|1\n|move|p2a: Slowking|Trick Room|p2a: Slowking\n|-fieldstart|move: Trick Room|[of] p2a: Slowking\n|\n|-heal|p1b: Blastoise|39/100|[from] item: Leftovers\n|upkeep\n|turn|2\n|inactive|luisetex has 30 seconds left.\n|\n|t:|1776627043\n|switch|p1b: Scizor|Scizor, L50, F|100/100\n|-prepare|p2a: Slowking|Chilly Reception|[premajor]\n|move|p2a: Slowking|Chilly Reception|p2a: Slowking\n|-weather|Snowscape\n|\n|t:|1776627053\n|switch|p2a: Primarina|Primarina, L50, M|100/100|[from] Chilly Reception\n|move|p2b: Tsareena|Trop Kick|p1b: Scizor\n|-resisted|p1b: Scizor|2\n|-damage|p1b: Scizor|89/100\n|-unboost|p1b: Scizor|atk|1\n|move|p1a: Gengar|Perish Song|p1a: Gengar\n|-start|p1a: Gengar|perish3|[silent]\n|-start|p1b: Scizor|perish3|[silent]\n|-start|p2a: Primarina|perish3|[silent]\n|-start|p2b: Tsareena|perish3|[silent]\n|-fieldactivate|move: Perish Song\n|\n|-weather|Snowscape|[upkeep]\n|-start|p2a: Primarina|perish3\n|-start|p2b: Tsareena|perish3\n|-start|p1b: Scizor|perish3\n|-start|p1a: Gengar|perish3\n|upkeep\n|turn|3\n|\n|t:|1776627069\n|move|p1b: Scizor|Protect|p1b: Scizor\n|-singleturn|p1b: Scizor|Protect\n|move|p1a: Gengar|Protect|p1a: Gengar\n|-singleturn|p1a: Gengar|Protect\n|move|p2a: Primarina|Hyper Voice|p1b: Scizor|[spread] \n|-activate|p1a: Gengar|move: Protect\n|-activate|p1b: Scizor|move: Protect\n|move|p2b: Tsareena|High Jump Kick|p1b: Scizor\n|-activate|p1b: Scizor|move: Protect\n|-damage|p2b: Tsareena|51/100|[from] highjumpkick\n|\n|-weather|Snowscape|[upkeep]\n|-start|p2a: Primarina|perish2\n|-start|p2b: Tsareena|perish2\n|-start|p1b: Scizor|perish2\n|-start|p1a: Gengar|perish2\n|upkeep\n|turn|4\n|inactive|luisetex has 30 seconds left.\n|inactive|Dyspair8 has 30 seconds left.\n|\n|t:|1776627098\n|switch|p1a: Blastoise|Blastoise, L50, F|39/100\n|move|p2a: Primarina|Hyper Voice|p1a: Blastoise|[spread] p1a,p1b\n|-resisted|p1a: Blastoise|1\n|-damage|p1a: Blastoise|24/100\n|-damage|p1b: Scizor|39/100\n|move|p2b: Tsareena|U-turn|p1b: Scizor\n|-resisted|p1b: Scizor|1\n|-damage|p1b: Scizor|27/100\n|\n|t:|1776627106\n|switch|p2b: Slowking|Slowking-Galar, L50, M|100/100|[from] U-turn\n|move|p1b: Scizor|U-turn|p2b: Slowking\n|-damage|p2b: Slowking|83/100\n|\n|t:|1776627123\n|switch|p1b: Gengar|Gengar-Mega, L50, F|100/100|[from] U-turn\n|\n|-weather|Snowscape|[upkeep]\n|-heal|p1a: Blastoise|30/100|[from] item: Leftovers\n|-start|p2a: Primarina|perish1\n|upkeep\n|turn|5\n|\n|t:|1776627145\n|move|p1a: Blastoise|Fake Out|p2b: Slowking\n|-damage|p2b: Slowking|76/100\n|cant|p2b: Slowking|flinch\n|move|p2a: Primarina|Hyper Voice|p1a: Blastoise|[spread] p1a,p1b\n|-resisted|p1a: Blastoise|1\n|-damage|p1a: Blastoise|14/100\n|-damage|p1b: Gengar|60/100\n|move|p1b: Gengar|Shadow Ball|p2b: Slowking\n|-supereffective|p2b: Slowking|1\n|-damage|p2b: Slowking|0 fnt\n|faint|p2b: Slowking\n|\n|-weather|Snowscape|[upkeep]\n|-heal|p1a: Blastoise|20/100|[from] item: Leftovers\n|-start|p2a: Primarina|perish0\n|-fieldend|move: Trick Room\n|upkeep\n|faint|p2a: Primarina\n|\n|t:|1776627155\n|switch|p2a: Tsareena|Tsareena, L50, F|51/100\n|switch|p2b: Crabominable|Crabominable, L50, F|100/100\n|turn|6\n|\n|t:|1776627168\n|detailschange|p2b: Crabominable|Crabominable-Mega, L50, F\n|-mega|p2b: Crabominable|Crabominable|Crabominite\n|move|p1a: Blastoise|Protect|p1a: Blastoise\n|-singleturn|p1a: Blastoise|Protect\n|move|p2a: Tsareena|Protect|p2a: Tsareena\n|-singleturn|p2a: Tsareena|Protect\n|move|p1b: Gengar|Perish Song|p1b: Gengar\n|-start|p1a: Blastoise|perish3|[silent]\n|-start|p1b: Gengar|perish3|[silent]\n|-start|p2a: Tsareena|perish3|[silent]\n|-start|p2b: Crabominable|perish3|[silent]\n|-fieldactivate|move: Perish Song\n|move|p2b: Crabominable|Ice Hammer|p1b: Gengar\n|-damage|p1b: Gengar|0 fnt\n|-unboost|p2b: Crabominable|spe|1\n|faint|p1b: Gengar\n|\n|-weather|none\n|-heal|p1a: Blastoise|26/100|[from] item: Leftovers\n|-start|p1a: Blastoise|perish3\n|-start|p2a: Tsareena|perish3\n|-start|p2b: Crabominable|perish3\n|upkeep\n|\n|t:|1776627184\n|switch|p1b: Incineroar|Incineroar, L50, M|100/100\n|-ability|p1b: Incineroar|Intimidate|boost\n|-unboost|p2a: Tsareena|atk|1\n|-unboost|p2b: Crabominable|atk|1\n|turn|7\n|\n|t:|1776627200\n|move|p1a: Blastoise|Protect|p1a: Blastoise\n|-singleturn|p1a: Blastoise|Protect\n|move|p2a: Tsareena|Trop Kick|p1a: Blastoise\n|-activate|p1a: Blastoise|move: Protect\n|move|p1b: Incineroar|Parting Shot|p2b: Crabominable\n|-unboost|p2b: Crabominable|atk|1\n|-unboost|p2b: Crabominable|spa|1\n|\n|t:|1776627208\n|switch|p1b: Scizor|Scizor, L50, F|27/100|[from] Parting Shot\n|move|p2b: Crabominable|Drain Punch|p1b: Scizor\n|-damage|p1b: Scizor|0 fnt\n|faint|p1b: Scizor\n|\n|-heal|p1a: Blastoise|32/100|[from] item: Leftovers\n|-start|p1a: Blastoise|perish2\n|-start|p2a: Tsareena|perish2\n|-start|p2b: Crabominable|perish2\n|upkeep\n|\n|t:|1776627219\n|switch|p1b: Incineroar|Incineroar, L50, M|100/100\n|-ability|p1b: Incineroar|Intimidate|boost\n|-unboost|p2a: Tsareena|atk|1\n|-unboost|p2b: Crabominable|atk|1\n|turn|8\n|inactive|Dyspair8 has 30 seconds left.\n|\n|t:|1776627247\n|move|p1a: Blastoise|Protect||[still]\n|-fail|p1a: Blastoise\n|move|p1b: Incineroar|Protect|p1b: Incineroar\n|-singleturn|p1b: Incineroar|Protect\n|move|p2a: Tsareena|Trop Kick|p1a: Blastoise\n|-supereffective|p1a: Blastoise|1\n|-damage|p1a: Blastoise|0 fnt\n|faint|p1a: Blastoise\n|move|p2b: Crabominable|Drain Punch|p1b: Incineroar\n|-activate|p1b: Incineroar|move: Protect\n|\n|-start|p2a: Tsareena|perish1\n|-start|p2b: Crabominable|perish1\n|upkeep\n|turn|9\n|\n|t:|1776627269\n|move|p2a: Tsareena|High Jump Kick|p1b: Incineroar\n|-supereffective|p1b: Incineroar|1\n|-damage|p1b: Incineroar|68/100\n|move|p1b: Incineroar|Parting Shot|p2a: Tsareena\n|-unboost|p2a: Tsareena|atk|1\n|-unboost|p2a: Tsareena|spa|1\n|move|p2b: Crabominable|Drain Punch|p1b: Incineroar\n|-supereffective|p1b: Incineroar|1\n|-damage|p1b: Incineroar|34/100\n|-enditem|p1b: Incineroar|Sitrus Berry|[eat]\n|-heal|p1b: Incineroar|59/100|[from] item: Sitrus Berry\n|\n|-start|p2a: Tsareena|perish0\n|-start|p2b: Crabominable|perish0\n|upkeep\n|faint|p2a: Tsareena\n|faint|p2b: Crabominable\n|\n|win|luisetex\n|raw|luisetex's rating: 1043 &rarr; <strong>1074</strong><br />(+31 for winning)\n|raw|Dyspair8's rating: 1015 &rarr; <strong>1004</strong><br />(-11 for losing)\n|l|\u2606Dyspair8\n|player|p2|\n",
  "uploadtime": 1776627285,
  "views": 14,
  "formatid": "gen9championsvgc2026regma",
  "rating": 1004,
  "private": 0,
  "password": null
}