{
  "id": "gen9championsvgc2026regma-2582855619",
  "format": "[Gen 9 Champions] VGC 2026 Reg M-A",
  "players": [
    "febo920",
    "Dwarvelord"
  ],
  "log": "|j|\u2606febo920\n|j|\u2606Dwarvelord\n|t:|1776119455\n|gametype|doubles\n|player|p1|febo920|2|1112\n|player|p2|Dwarvelord|170|1040\n|gen|9\n|tier|[Gen 9 Champions] VGC 2026 Reg M-A\n|rated|\n|rule|Species Clause: Limit one of each Pok\u00e9mon\n|rule|Item Clause: Limit 1 of each item\n|clearpoke\n|poke|p1|Farigiraf, L50, F|\n|poke|p1|Incineroar, L50, M|\n|poke|p1|Golurk, L50|\n|poke|p1|Torkoal, L50, F|\n|poke|p1|Hatterene, L50, F|\n|poke|p1|Ampharos, L50, M|\n|poke|p2|Altaria, L50, M|\n|poke|p2|Aegislash, L50, F|\n|poke|p2|Sinistcha, L50|\n|poke|p2|Milotic, L50, F|\n|poke|p2|Alakazam, L50, F|\n|poke|p2|Skeledirge, L50, M|\n|teampreview|4\n|inactive|Battle timer is ON: inactive players will automatically lose when time's up. (requested by febo920)\n|\n|t:|1776119539\n|teamsize|p1|4\n|teamsize|p2|4\n|start\n|switch|p1a: Incineroar|Incineroar, L50, M|100/100\n|switch|p1b: Hatterene|Hatterene, L50, F|100/100\n|switch|p2a: Altaria|Altaria, L50, M|100/100\n|switch|p2b: Aegislash|Aegislash, L50, F|100/100\n|-ability|p2a: Altaria|Cloud Nine\n|-ability|p1a: Incineroar|Intimidate|boost\n|-unboost|p2a: Altaria|atk|1\n|-unboost|p2b: Aegislash|atk|1\n|turn|1\n|inactive|febo920 has 30 seconds left.\n|inactive|Dwarvelord has 30 seconds left.\n|inactive|Dwarvelord has 20 seconds left.\n|inactive|febo920 has 20 seconds left.\n|inactive|Dwarvelord has 15 seconds left.\n|\n|t:|1776119582\n|switch|p2a: Skeledirge|Skeledirge, L50, M|100/100\n|move|p1b: Hatterene|Protect|p1b: Hatterene\n|-singleturn|p1b: Hatterene|Protect\n|move|p1a: Incineroar|Flare Blitz|p2b: Aegislash\n|-supereffective|p2b: Aegislash|1\n|-damage|p2b: Aegislash|18/100\n|-damage|p1a: Incineroar|78/100|[from] Recoil\n|-formechange|p2b: Aegislash|Aegislash-Blade|\n|move|p2b: Aegislash|Shadow Ball|p1b: Hatterene\n|-activate|p1b: Hatterene|move: Protect\n|\n|-heal|p2b: Aegislash|24/100|[from] item: Leftovers\n|upkeep\n|turn|2\n|inactive|febo920 has 30 seconds left.\n|inactive|Dwarvelord has 30 seconds left.\n|inactive|Dwarvelord has 20 seconds left.\n|\n|t:|1776119618\n|switch|p2b: Milotic|Milotic, L50, F|100/100\n|move|p2a: Skeledirge|Torch Song|p1b: Hatterene\n|-damage|p1b: Hatterene|49/100\n|-boost|p2a: Skeledirge|spa|1\n|move|p1a: Incineroar|Throat Chop|p2b: Milotic\n|-damage|p2b: Milotic|75/100\n|-start|p2b: Milotic|Throat Chop|[silent]\n|move|p1b: Hatterene|Trick Room|p1b: Hatterene\n|-fieldstart|move: Trick Room|[of] p1b: Hatterene\n|\n|upkeep\n|turn|3\n|inactive|Dwarvelord has 30 seconds left.\n|\n|t:|1776119647\n|move|p2b: Milotic|Protect|p2b: Milotic\n|-singleturn|p2b: Milotic|Protect\n|move|p1b: Hatterene|Psychic|p2b: Milotic\n|-activate|p2b: Milotic|move: Protect\n|move|p1a: Incineroar|Parting Shot|p2a: Skeledirge\n|-unboost|p2a: Skeledirge|atk|1\n|-unboost|p2a: Skeledirge|spa|1\n|\n|t:|1776119662\n|switch|p1a: Golurk|Golurk, L50|100/100|[from] Parting Shot\n|move|p2a: Skeledirge|Torch Song|p1b: Hatterene\n|-damage|p1b: Hatterene|0 fnt\n|-boost|p2a: Skeledirge|spa|1\n|faint|p1b: Hatterene\n|\n|-end|p2b: Milotic|Throat Chop|[silent]\n|upkeep\n|\n|t:|1776119672\n|switch|p1b: Torkoal|Torkoal, L50, F|100/100\n|-weather|SunnyDay|[from] ability: Drought|[of] p1b: Torkoal\n|turn|4\n|inactive|febo920 has 30 seconds left.\n|inactive|Dwarvelord has 30 seconds left.\n|inactive|Dwarvelord has 20 seconds left.\n|inactive|Dwarvelord has 15 seconds left.\n|\n|t:|1776119712\n|switch|p2a: Altaria|Altaria, L50, M|100/100\n|-ability|p2a: Altaria|Cloud Nine\n|detailschange|p1a: Golurk|Golurk-Mega, L50\n|-mega|p1a: Golurk|Golurk|Golurkite\n|move|p1b: Torkoal|Eruption|p2b: Milotic|[spread] p2a,p2b\n|-resisted|p2a: Altaria|1\n|-resisted|p2b: Milotic|1\n|-damage|p2a: Altaria|76/100\n|-damage|p2b: Milotic|54/100\n|move|p1a: Golurk|Shadow Punch|p2a: Altaria\n|-damage|p2a: Altaria|33/100\n|move|p2b: Milotic|Ice Beam|p1a: Golurk\n|-supereffective|p1a: Golurk|1\n|-damage|p1a: Golurk|65/100\n|\n|-weather|SunnyDay|[upkeep]\n|upkeep\n|turn|5\n|inactive|febo920 has 30 seconds left.\n|inactive|Dwarvelord has 30 seconds left.\n|\n|t:|1776119744\n|detailschange|p2a: Altaria|Altaria-Mega, L50, M\n|-mega|p2a: Altaria|Altaria|Altarianite\n|move|p2b: Milotic|Protect|p2b: Milotic\n|-singleturn|p2b: Milotic|Protect\n|move|p1b: Torkoal|Yawn|p2a: Altaria\n|-start|p2a: Altaria|move: Yawn|[of] p1b: Torkoal\n|move|p1a: Golurk|Close Combat|p2b: Milotic\n|-ability|p1a: Golurk|Unseen Fist\n|-zbroken|p2b: Milotic\n|-damage|p2b: Milotic|44/100\n|-unboost|p1a: Golurk|def|1\n|-unboost|p1a: Golurk|spd|1\n|move|p2a: Altaria|Earthquake|p1a: Golurk|[spread] p1a,p1b\n|-activate|p2b: Milotic|move: Protect\n|-supereffective|p1b: Torkoal|1\n|-damage|p1a: Golurk|31/100\n|-damage|p1b: Torkoal|64/100\n|\n|-weather|SunnyDay|[upkeep]\n|upkeep\n|turn|6\n|inactive|febo920 has 30 seconds left.\n|inactive|Dwarvelord has 30 seconds left.\n|inactive|Dwarvelord has 20 seconds left.\n|\n|t:|1776119782\n|switch|p2a: Aegislash|Aegislash, L50, F|24/100\n|move|p1b: Torkoal|Weather Ball|p2a: Aegislash\n|-supereffective|p2a: Aegislash|1\n|-damage|p2a: Aegislash|0 fnt\n|faint|p2a: Aegislash\n|move|p1a: Golurk|Shadow Punch|p2b: Milotic\n|-damage|p2b: Milotic|16/100\n|move|p2b: Milotic|Scald|p1a: Golurk\n|-supereffective|p1a: Golurk|1\n|-damage|p1a: Golurk|0 fnt\n|faint|p1a: Golurk\n|\n|-weather|SunnyDay|[upkeep]\n|-fieldend|move: Trick Room\n|upkeep\n|\n|t:|1776119801\n|switch|p2a: Altaria|Altaria-Mega, L50, M|33/100\n|switch|p1a: Incineroar|Incineroar, L50, M|78/100\n|-ability|p1a: Incineroar|Intimidate|boost\n|-unboost|p2a: Altaria|atk|1\n|-unboost|p2b: Milotic|atk|1\n|-ability|p2b: Milotic|Competitive|boost\n|-boost|p2b: Milotic|spa|2\n|turn|7\n|\n|t:|1776119816\n|move|p2b: Milotic|Protect|p2b: Milotic\n|-singleturn|p2b: Milotic|Protect\n|move|p2a: Altaria|Protect|p2a: Altaria\n|-singleturn|p2a: Altaria|Protect\n|move|p1a: Incineroar|Fake Out|p2a: Altaria\n|-activate|p2a: Altaria|move: Protect\n|move|p1b: Torkoal|Weather Ball|p2b: Milotic\n|-activate|p2b: Milotic|move: Protect\n|\n|-weather|SunnyDay|[upkeep]\n|upkeep\n|turn|8\n|inactive|febo920 has 30 seconds left.\n|inactive|Dwarvelord has 30 seconds left.\n|inactive|Dwarvelord has 20 seconds left.\n|inactive|Dwarvelord has 15 seconds left.\n|\n|t:|1776119861\n|move|p2b: Milotic|Scald|p1b: Torkoal\n|-supereffective|p1b: Torkoal|1\n|-damage|p1b: Torkoal|0 fnt\n|faint|p1b: Torkoal\n|move|p2a: Altaria|Earthquake|p1a: Incineroar|[spread] p2b,p1a\n|-supereffective|p1a: Incineroar|1\n|-damage|p2b: Milotic|3/100\n|-damage|p1a: Incineroar|45/100\n|-enditem|p1a: Incineroar|Sitrus Berry|[eat]\n|-heal|p1a: Incineroar|70/100|[from] item: Sitrus Berry\n|move|p1a: Incineroar|Flare Blitz|p2b: Milotic\n|-resisted|p2b: Milotic|1\n|-damage|p2b: Milotic|0 fnt\n|faint|p2b: Milotic\n|-damage|p1a: Incineroar|69/100|[from] Recoil\n|\n|-weather|none\n|upkeep\n|\n|t:|1776119874\n|switch|p2b: Skeledirge|Skeledirge, L50, M|100/100\n|turn|9\n|\n|t:|1776119894\n|move|p2a: Altaria|Dragon Dance|p2a: Altaria\n|-boost|p2a: Altaria|atk|1\n|-boost|p2a: Altaria|spe|1\n|move|p2b: Skeledirge|Hyper Voice|p1a: Incineroar\n|-damage|p1a: Incineroar|45/100\n|move|p1a: Incineroar|Flare Blitz|p2a: Altaria\n|-resisted|p2a: Altaria|1\n|-damage|p2a: Altaria|8/100\n|-damage|p1a: Incineroar|37/100|[from] Recoil\n|\n|upkeep\n|turn|10\n|-message|febo920 forfeited.\n|\n|win|Dwarvelord\n|raw|febo920's rating: 1112 &rarr; <strong>1082</strong><br />(-30 for losing)\n|raw|Dwarvelord's rating: 1040 &rarr; <strong>1081</strong><br />(+41 for winning)\n|l|\u2606febo920\n|player|p1|\n",
  "uploadtime": 1776119951,
  "views": 13,
  "formatid": "gen9championsvgc2026regma",
  "rating": 1081,
  "private": 0,
  "password": null
}