{
  "id": "gen9championsvgc2026regma-2581565568",
  "format": "[Gen 9 Champions] VGC 2026 Reg M-A",
  "players": [
    "King_Jamy",
    "Scrubby009"
  ],
  "log": "|j|\u2606King_Jamy\n|j|\u2606Scrubby009\n|t:|1776011423\n|gametype|doubles\n|player|p1|King_Jamy|colress|1240\n|player|p2|Scrubby009|skyla|1192\n|gen|9\n|tier|[Gen 9 Champions] VGC 2026 Reg M-A\n|rated|\n|rule|Species Clause: Limit one of each Pok\u00e9mon\n|rule|Item Clause: Limit 1 of each item\n|clearpoke\n|poke|p1|Glimmora, L50, F|\n|poke|p1|Kingambit, L50, M|\n|poke|p1|Farigiraf, L50, F|\n|poke|p1|Talonflame, L50, M|\n|poke|p1|Ninetales-Alola, L50, F|\n|poke|p1|Basculegion, L50, M|\n|poke|p2|Lopunny, L50, F|\n|poke|p2|Gengar, L50, M|\n|poke|p2|Incineroar, L50, M|\n|poke|p2|Sinistcha, L50|\n|poke|p2|Glimmora, L50, F|\n|poke|p2|Dragonite, L50, F|\n|teampreview|4\n|c|\u2606Scrubby009|glhf\n|inactive|Battle timer is ON: inactive players will automatically lose when time's up. (requested by King_Jamy)\n|\n|t:|1776011508\n|teamsize|p1|4\n|teamsize|p2|4\n|start\n|switch|p1a: Kingambit|Kingambit, L50, M|100/100\n|switch|p1b: Ninetales|Ninetales-Alola, L50, F|100/100\n|switch|p2a: B-Girl Kelly|Lopunny, L50, F, shiny|100/100\n|switch|p2b: Dumbo|Dragonite, L50, F|100/100\n|-weather|Snowscape|[from] ability: Snow Warning|[of] p1b: Ninetales\n|turn|1\n|\n|t:|1776011525\n|switch|p1a: Basculegion|Basculegion, L50, M|100/100\n|detailschange|p2a: B-Girl Kelly|Lopunny-Mega, L50, F, shiny\n|-mega|p2a: B-Girl Kelly|Lopunny|Lopunnite\n|move|p2a: B-Girl Kelly|Fake Out|p1b: Ninetales\n|-damage|p1b: Ninetales|78/100\n|cant|p1b: Ninetales|flinch\n|move|p2b: Dumbo|Dragon Dance|p2b: Dumbo\n|-boost|p2b: Dumbo|atk|1\n|-boost|p2b: Dumbo|spe|1\n|\n|-weather|Snowscape|[upkeep]\n|upkeep\n|turn|2\n|\n|t:|1776011542\n|move|p2b: Dumbo|Protect|p2b: Dumbo\n|-singleturn|p2b: Dumbo|Protect\n|move|p1a: Basculegion|Flip Turn|p2a: B-Girl Kelly\n|-damage|p2a: B-Girl Kelly|53/100\n|inactive|King_Jamy has 30 seconds left.\n|inactive|King_Jamy has 20 seconds left.\n|inactive|King_Jamy has 15 seconds left.\n|inactive|King_Jamy has 10 seconds left.\n|inactive|King_Jamy has 5 seconds left.\n|\n|t:|1776011594\n|switch|p1a: Glimmora|Glimmora, L50, F|100/100|[from] Flip Turn\n|move|p2a: B-Girl Kelly|U-turn|p1b: Ninetales\n|-resisted|p1b: Ninetales|1\n|-damage|p1b: Ninetales|66/100\n|\n|t:|1776011601\n|switch|p2a: The Cat in the Hat|Incineroar, L50, M|100/100|[from] U-turn\n|-ability|p2a: The Cat in the Hat|Intimidate|boost\n|-unboost|p1a: Glimmora|atk|1\n|-unboost|p1b: Ninetales|atk|1\n|move|p1b: Ninetales|Icy Wind|p2b: Dumbo|[spread] p2a\n|-activate|p2b: Dumbo|move: Protect\n|-resisted|p2a: The Cat in the Hat|1\n|-damage|p2a: The Cat in the Hat|94/100\n|-unboost|p2a: The Cat in the Hat|spe|1\n|\n|-weather|Snowscape|[upkeep]\n|upkeep\n|turn|3\n|\n|t:|1776011626\n|detailschange|p1a: Glimmora|Glimmora-Mega, L50, F\n|-mega|p1a: Glimmora|Glimmora|Glimmoranite\n|move|p2a: The Cat in the Hat|Fake Out|p1b: Ninetales\n|-damage|p1b: Ninetales|56/100\n|cant|p1b: Ninetales|flinch\n|move|p2b: Dumbo|Stomping Tantrum|p1a: Glimmora\n|-supereffective|p1a: Glimmora|2\n|-damage|p1a: Glimmora|0 fnt\n|faint|p1a: Glimmora\n|\n|-weather|Snowscape|[upkeep]\n|upkeep\n|\n|t:|1776011636\n|switch|p1a: Basculegion|Basculegion, L50, M|100/100\n|turn|4\n|inactive|Scrubby009 has 30 seconds left.\n|inactive|Scrubby009 has 20 seconds left.\n|inactive|Scrubby009 has 15 seconds left.\n|inactive|Scrubby009 has 10 seconds left.\n|inactive|Scrubby009 has 5 seconds left.\n|\n|t:|1776011691\n|move|p1a: Basculegion|Flip Turn|p2a: The Cat in the Hat\n|-supereffective|p2a: The Cat in the Hat|1\n|-damage|p2a: The Cat in the Hat|39/100\n|-enditem|p2a: The Cat in the Hat|Sitrus Berry|[eat]\n|-heal|p2a: The Cat in the Hat|63/100|[from] item: Sitrus Berry\n|\n|t:|1776011696\n|switch|p1a: Kingambit|Kingambit, L50, M|100/100|[from] Flip Turn\n|move|p1b: Ninetales|Icy Wind|p2b: Dumbo|[spread] p2a,p2b\n|-resisted|p2a: The Cat in the Hat|1\n|-supereffective|p2b: Dumbo|2\n|-damage|p2a: The Cat in the Hat|56/100\n|-damage|p2b: Dumbo|46/100\n|-unboost|p2a: The Cat in the Hat|spe|1\n|-unboost|p2b: Dumbo|spe|1\n|move|p2b: Dumbo|Stomping Tantrum|p1b: Ninetales\n|-damage|p1b: Ninetales|14/100\n|move|p2a: The Cat in the Hat|Flare Blitz|p1b: Ninetales\n|-supereffective|p1b: Ninetales|1\n|-damage|p1b: Ninetales|0 fnt\n|faint|p1b: Ninetales\n|-damage|p2a: The Cat in the Hat|52/100|[from] Recoil\n|\n|-weather|Snowscape|[upkeep]\n|-heal|p2b: Dumbo|52/100|[from] item: Leftovers\n|upkeep\n|\n|t:|1776011710\n|switch|p1b: Basculegion|Basculegion, L50, M|100/100\n|turn|5\n|\n|t:|1776011718\n|switch|p2a: Tea Time|Sinistcha, L50|100/100\n|-heal|p2b: Dumbo|77/100|[from] ability: Hospitality|[of] p2a: Tea Time\n|move|p2b: Dumbo|Protect|p2b: Dumbo\n|-singleturn|p2b: Dumbo|Protect\n|move|p1b: Basculegion|Wave Crash|p2a: Tea Time\n|-resisted|p2a: Tea Time|1\n|-damage|p2a: Tea Time|65/100\n|-damage|p1b: Basculegion|90/100|[from] Recoil\n|move|p1a: Kingambit|Swords Dance|p1a: Kingambit\n|-boost|p1a: Kingambit|atk|2\n|\n|-weather|none\n|-heal|p2b: Dumbo|83/100|[from] item: Leftovers\n|upkeep\n|turn|6\n|\n|t:|1776011739\n|move|p1b: Basculegion|Wave Crash|p2b: Dumbo\n|-resisted|p2b: Dumbo|1\n|-damage|p2b: Dumbo|45/100\n|-damage|p1b: Basculegion|78/100|[from] Recoil\n|move|p2b: Dumbo|Stomping Tantrum|p1a: Kingambit\n|-supereffective|p1a: Kingambit|1\n|-damage|p1a: Kingambit|38/100\n|move|p2a: Tea Time|Matcha Gotcha|p1a: Kingambit|[spread] p1a,p1b\n|-resisted|p1a: Kingambit|1\n|-supereffective|p1b: Basculegion|1\n|-damage|p1a: Kingambit|25/100\n|-heal|p2a: Tea Time|72/100|[from] drain|[of] p1a: Kingambit\n|-damage|p1b: Basculegion|23/100\n|-heal|p2a: Tea Time|100/100|[from] drain|[of] p1b: Basculegion\n|move|p1a: Kingambit|Kowtow Cleave|p2b: Dumbo\n|-damage|p2b: Dumbo|0 fnt\n|faint|p2b: Dumbo\n|\n|upkeep\n|\n|t:|1776011757\n|switch|p2b: B-Girl Kelly|Lopunny-Mega, L50, F, shiny|53/100\n|turn|7\n|\n|t:|1776011767\n|move|p1a: Kingambit|Protect|p1a: Kingambit\n|-singleturn|p1a: Kingambit|Protect\n|move|p2b: B-Girl Kelly|Fake Out|p1b: Basculegion\n|-crit|p1b: Basculegion\n|-damage|p1b: Basculegion|0 fnt\n|faint|p1b: Basculegion\n|move|p2a: Tea Time|Life Dew||[still]|[spread] p2a,p2b\n|-fail|p2a: Tea Time|heal\n|-heal|p2b: B-Girl Kelly|78/100\n|\n|upkeep\n|turn|8\n|\n|t:|1776011775\n|move|p1a: Kingambit|Sucker Punch|p2b: B-Girl Kelly\n|-resisted|p2b: B-Girl Kelly|1\n|-damage|p2b: B-Girl Kelly|17/100\n|move|p2b: B-Girl Kelly|Close Combat|p1a: Kingambit\n|-supereffective|p1a: Kingambit|2\n|-damage|p1a: Kingambit|0 fnt\n|-unboost|p2b: B-Girl Kelly|def|1\n|-unboost|p2b: B-Girl Kelly|spd|1\n|faint|p1a: Kingambit\n|\n|win|Scrubby009\n|raw|King_Jamy's rating: 1240 &rarr; <strong>1212</strong><br />(-28 for losing)\n|raw|Scrubby009's rating: 1192 &rarr; <strong>1220</strong><br />(+28 for winning)\n|l|\u2606King_Jamy\n|player|p1|\n",
  "uploadtime": 1776011782,
  "views": 34,
  "formatid": "gen9championsvgc2026regma",
  "rating": 1212,
  "private": 0,
  "password": null
}