{
  "id": "gen9championsvgc2026regma-2581847522",
  "format": "[Gen 9 Champions] VGC 2026 Reg M-A",
  "players": [
    "lonelyherbivore",
    "Megumi881"
  ],
  "log": "|j|\u2606lonelyherbivore\n|j|\u2606Megumi881\n|t:|1776033351\n|gametype|doubles\n|player|p1|lonelyherbivore|102|1078\n|player|p2|Megumi881|2|1000\n|gen|9\n|tier|[Gen 9 Champions] VGC 2026 Reg M-A\n|rated|\n|rule|Species Clause: Limit one of each Pok\u00e9mon\n|rule|Item Clause: Limit 1 of each item\n|clearpoke\n|poke|p1|Floette-Eternal, L50, F|\n|poke|p1|Maushold, L50|\n|poke|p1|Glimmora, L50, M|\n|poke|p1|Corviknight, L50, F|\n|poke|p1|Talonflame, L50, F|\n|poke|p1|Garchomp, L50, M|\n|poke|p2|Glalie, L50, M|\n|poke|p2|Ninetales-Alola, L50, F|\n|poke|p2|Rotom-Wash, L50|\n|poke|p2|Camerupt, L50, F|\n|poke|p2|Aerodactyl, L50, F|\n|poke|p2|Maushold, L50|\n|teampreview|4\nlonelyherbivore rejected open team sheets.\n|\n|t:|1776033385\n|teamsize|p1|4\n|teamsize|p2|4\n|start\n|switch|p1a: Talonflame|Talonflame, L50, F|100/100\n|switch|p1b: Glimmora|Glimmora, L50, M|100/100\n|switch|p2a: Aerodactyl|Aerodactyl, L50, F|100/100\n|switch|p2b: Ninetales|Ninetales-Alola, L50, F|100/100\n|-weather|Snowscape|[from] ability: Snow Warning|[of] p2b: Ninetales\n|turn|1\n|\n|t:|1776033408\n|move|p1a: Talonflame|Tailwind|p1a: Talonflame\n|-sidestart|p1: lonelyherbivore|move: Tailwind\n|move|p1b: Glimmora|Power Gem|p2a: Aerodactyl\n|-supereffective|p2a: Aerodactyl|1\n|-damage|p2a: Aerodactyl|0 fnt\n|faint|p2a: Aerodactyl\n|move|p2b: Ninetales|Dazzling Gleam|p1a: Talonflame|[spread] p1a,p1b\n|-resisted|p1a: Talonflame|1\n|-resisted|p1b: Glimmora|1\n|-damage|p1a: Talonflame|84/100\n|-damage|p1b: Glimmora|85/100\n|\n|-weather|Snowscape|[upkeep]\n|upkeep\n|\n|t:|1776033418\n|switch|p2a: Maushold|Maushold, L50|100/100\n|turn|2\n|\n|t:|1776033433\n|move|p1a: Talonflame|Protect|p1a: Talonflame\n|-singleturn|p1a: Talonflame|Protect\n|move|p2a: Maushold|Follow Me|p2a: Maushold\n|-singleturn|p2a: Maushold|move: Follow Me\n|move|p1b: Glimmora|Sludge Bomb|p2a: Maushold\n|-damage|p2a: Maushold|47/100\n|move|p2b: Ninetales|Blizzard|p1a: Talonflame|[spread] p1b\n|-activate|p1a: Talonflame|move: Protect\n|-damage|p1b: Glimmora|45/100\n|-status|p1b: Glimmora|frz\n|\n|-weather|Snowscape|[upkeep]\n|upkeep\n|turn|3\n|\n|t:|1776033469\n|move|p1a: Talonflame|Flare Blitz|p1b: Glimmora\n|-resisted|p1b: Glimmora|1\n|-damage|p1b: Glimmora|16/100 frz\n|-curestatus|p1b: Glimmora|frz|[msg]\n|-activate|p1b: Glimmora|ability: Toxic Debris\n|-sidestart|p2: Megumi881|move: Toxic Spikes\n|-damage|p1a: Talonflame|74/100|[from] Recoil\n|move|p1b: Glimmora|Sludge Bomb|p2b: Ninetales\n|-supereffective|p2b: Ninetales|1\n|-damage|p2b: Ninetales|14/100\n|move|p2b: Ninetales|Blizzard|p1a: Talonflame|[spread] p1a,p1b\n|-damage|p1a: Talonflame|27/100\n|-damage|p1b: Glimmora|0 fnt\n|faint|p1b: Glimmora\n|move|p2a: Maushold|Population Bomb|p1a: Talonflame\n|-damage|p1a: Talonflame|17/100\n|-damage|p1a: Talonflame|9/100\n|-damage|p1a: Talonflame|0 fnt\n|faint|p1a: Talonflame\n|-hitcount|p1: Talonflame|3\n|\n|-weather|Snowscape|[upkeep]\n|upkeep\n|\n|t:|1776033494\n|switch|p1a: Floette|Floette-Eternal, L50, F|100/100\n|switch|p1b: Corviknight|Corviknight, L50, F|100/100\n|turn|4\n|\n|t:|1776033511\n|detailschange|p1a: Floette|Floette-Mega, L50, F\n|-mega|p1a: Floette|Floette|Floettite\n|-ability|p1a: Floette|Fairy Aura\n|move|p1a: Floette|Protect|p1a: Floette\n|-singleturn|p1a: Floette|Protect\n|move|p2a: Maushold|Follow Me|p2a: Maushold\n|-singleturn|p2a: Maushold|move: Follow Me\n|move|p1b: Corviknight|Body Press|p2a: Maushold\n|-supereffective|p2a: Maushold|1\n|-damage|p2a: Maushold|0 fnt\n|faint|p2a: Maushold\n|move|p2b: Ninetales|Blizzard|p1b: Corviknight|[spread] p1b\n|-activate|p1a: Floette|move: Protect\n|-damage|p1b: Corviknight|71/100\n|\n|-weather|Snowscape|[upkeep]\n|-heal|p1b: Corviknight|77/100|[from] item: Leftovers\n|-sideend|p1: lonelyherbivore|move: Tailwind\n|upkeep\n|\n|t:|1776033526\n|switch|p2a: Camerupt|Camerupt, L50, F|100/100\n|-status|p2a: Camerupt|psn\n|turn|5\n|\n|t:|1776033547\n|detailschange|p2a: Camerupt|Camerupt-Mega, L50, F\n|-mega|p2a: Camerupt|Camerupt|Cameruptite\n|move|p2b: Ninetales|Blizzard|p1a: Floette|[spread] p1a,p1b\n|-damage|p1a: Floette|81/100\n|-damage|p1b: Corviknight|49/100\n|move|p1a: Floette|Dazzling Gleam|p2a: Camerupt|[spread] p2a,p2b\n|-resisted|p2a: Camerupt|1\n|-damage|p2a: Camerupt|77/100 psn\n|-damage|p2b: Ninetales|0 fnt\n|faint|p2b: Ninetales\n|move|p1b: Corviknight|Body Press|p2a: Camerupt\n|-damage|p2a: Camerupt|53/100 psn\n|move|p2a: Camerupt|Eruption|p1a: Floette|[spread] p1a,p1b\n|-supereffective|p1b: Corviknight|1\n|-damage|p1a: Floette|59/100\n|-damage|p1b: Corviknight|0 fnt\n|faint|p1b: Corviknight\n|\n|-weather|none\n|-damage|p2a: Camerupt|41/100 psn|[from] psn\n|upkeep\n|turn|6\n|\n|t:|1776033570\n|move|p1a: Floette|Light of Ruin|p2a: Camerupt|[miss]\n|-miss|p1a: Floette|p2a: Camerupt\n|move|p2a: Camerupt|Heat Wave|p1a: Floette|[miss]\n|-miss|p2a: Camerupt|p1a: Floette\n|\n|-damage|p2a: Camerupt|28/100 psn|[from] psn\n|upkeep\n|turn|7\n|\n|t:|1776033581\n|move|p1a: Floette|Light of Ruin|p2a: Camerupt\n|-resisted|p2a: Camerupt|1\n|-damage|p2a: Camerupt|0 fnt\n|faint|p2a: Camerupt\n|-damage|p1a: Floette|45/100|[from] Recoil\n|\n|win|lonelyherbivore\n|raw|lonelyherbivore's rating: 1078 &rarr; <strong>1100</strong><br />(+22 for winning)\n|raw|Megumi881's rating: 1000 &rarr; <strong>1000</strong><br />(+0 for losing)\n|l|\u2606Megumi881\n|player|p2|\n",
  "uploadtime": 1776033592,
  "views": 13,
  "formatid": "gen9championsvgc2026regma",
  "rating": 1000,
  "private": 0,
  "password": null
}