{
  "id": "gen9championsvgc2026regma-2582841068",
  "format": "[Gen 9 Champions] VGC 2026 Reg M-A",
  "players": [
    "arodri81",
    "sqsqsqsss"
  ],
  "log": "|j|\u2606arodri81\n|j|\u2606sqsqsqsss\n|t:|1776118251\n|gametype|doubles\n|player|p1|arodri81|skyla-masters2|1100\n|player|p2|sqsqsqsss|102|1051\n|gen|9\n|tier|[Gen 9 Champions] VGC 2026 Reg M-A\n|rated|\n|rule|Species Clause: Limit one of each Pok\u00e9mon\n|rule|Item Clause: Limit 1 of each item\n|clearpoke\n|poke|p1|Alakazam, L50, F|\n|poke|p1|Meowstic, L50, M|\n|poke|p1|Dragonite, L50, F|\n|poke|p1|Sneasler, L50, F|\n|poke|p1|Sinistcha-Masterpiece, L50|\n|poke|p1|Snorlax, L50, M|\n|poke|p2|Golurk, L50|\n|poke|p2|Oranguru, L50, M|\n|poke|p2|Volcarona, L50, M|\n|poke|p2|Incineroar, L50, F|\n|poke|p2|Hydreigon, L50, F|\n|poke|p2|Milotic, L50, M|\n|teampreview|4\n|inactive|Battle timer is ON: inactive players will automatically lose when time's up. (requested by sqsqsqsss)\narodri81 rejected open team sheets.\n|inactive|sqsqsqsss has 60 seconds left.\n|\n|t:|1776118311\n|teamsize|p1|4\n|teamsize|p2|4\n|start\n|switch|p1a: Snorlax|Snorlax, L50, M|100/100\n|switch|p1b: Sneasler|Sneasler, L50, F|100/100\n|switch|p2a: Incineroar|Incineroar, L50, F|100/100\n|switch|p2b: Hydreigon|Hydreigon, L50, F|100/100\n|-ability|p2a: Incineroar|Intimidate|boost\n|-unboost|p1a: Snorlax|atk|1\n|-unboost|p1b: Sneasler|atk|1\n|turn|1\n|inactive|sqsqsqsss has 30 seconds left.\n|\n|t:|1776118339\n|switch|p2a: Oranguru|Oranguru, L50, M|100/100\n|move|p1b: Sneasler|Fake Out|p2a: Oranguru\n|-damage|p2a: Oranguru|92/100\n|move|p2b: Hydreigon|Draco Meteor|p1b: Sneasler\n|-damage|p1b: Sneasler|0 fnt\n|-unboost|p2b: Hydreigon|spa|2\n|faint|p1b: Sneasler\n|-enditem|p2b: Hydreigon|White Herb\n|-clearnegativeboost|p2b: Hydreigon|[silent]\n|move|p1a: Snorlax|Belly Drum|p1a: Snorlax\n|-damage|p1a: Snorlax|51/100\n|-setboost|p1a: Snorlax|atk|6|[from] move: Belly Drum\n|\n|upkeep\n|\n|t:|1776118350\n|switch|p1b: Sinistcha|Sinistcha-Masterpiece, L50|100/100\n|-heal|p1a: Snorlax|75/100|[from] ability: Hospitality|[of] p1b: Sinistcha\n|turn|2\n|\n|t:|1776118370\n|move|p2b: Hydreigon|Dark Pulse|p1b: Sinistcha\n|-supereffective|p1b: Sinistcha|1\n|-damage|p1b: Sinistcha|0 fnt\n|faint|p1b: Sinistcha\n|move|p1a: Snorlax|Crunch|p2a: Oranguru\n|-supereffective|p2a: Oranguru|1\n|-damage|p2a: Oranguru|0 fnt\n|faint|p2a: Oranguru\n|\n|upkeep\n|\n|t:|1776118385\n|switch|p1b: Dragonite|Dragonite, L50, F|100/100\n|switch|p2a: Incineroar|Incineroar, L50, F|100/100\n|-ability|p2a: Incineroar|Intimidate|boost\n|-unboost|p1a: Snorlax|atk|1\n|-fail|p1b: Dragonite|unboost|Attack|[from] ability: Inner Focus|[of] p1b: Dragonite\n|turn|3\n|\n|t:|1776118405\n|move|p2a: Incineroar|Fake Out|p1a: Snorlax\n|-damage|p1a: Snorlax|66/100\n|move|p2b: Hydreigon|Draco Meteor|p1b: Dragonite\n|-supereffective|p1b: Dragonite|1\n|-damage|p1b: Dragonite|0 fnt\n|-unboost|p2b: Hydreigon|spa|2\n|faint|p1b: Dragonite\n|cant|p1a: Snorlax|flinch\n|\n|upkeep\n|turn|4\n|\n|t:|1776118418\n|move|p2b: Hydreigon|Protect|p2b: Hydreigon\n|-singleturn|p2b: Hydreigon|Protect\n|move|p2a: Incineroar|Parting Shot|p1a: Snorlax\n|-unboost|p1a: Snorlax|atk|1\n|-unboost|p1a: Snorlax|spa|1\n|\n|t:|1776118423\n|switch|p2a: Golurk|Golurk, L50|100/100|[from] Parting Shot\n|move|p1a: Snorlax|Rock Slide|p2b: Hydreigon|[spread] p2a\n|-activate|p2b: Hydreigon|move: Protect\n|-resisted|p2a: Golurk|1\n|-crit|p2a: Golurk\n|-damage|p2a: Golurk|54/100\n|\n|upkeep\n|turn|5\n|\n|t:|1776118436\n|switch|p2b: Incineroar|Incineroar, L50, F|100/100\n|-ability|p2b: Incineroar|Intimidate|boost\n|-unboost|p1a: Snorlax|atk|1\n|detailschange|p2a: Golurk|Golurk-Mega, L50\n|-mega|p2a: Golurk|Golurk|Golurkite\n|move|p2a: Golurk|Headlong Rush|p1a: Snorlax\n|-damage|p1a: Snorlax|0 fnt\n|-unboost|p2a: Golurk|def|1\n|-unboost|p2a: Golurk|spd|1\n|faint|p1a: Snorlax\n|\n|win|sqsqsqsss\n|raw|arodri81's rating: 1100 &rarr; <strong>1071</strong><br />(-29 for losing)\n|raw|sqsqsqsss's rating: 1051 &rarr; <strong>1088</strong><br />(+37 for winning)\n|l|\u2606arodri81\n|player|p1|\n",
  "uploadtime": 1776118452,
  "views": 14,
  "formatid": "gen9championsvgc2026regma",
  "rating": 1071,
  "private": 0,
  "password": null
}