{
  "id": "gen9championsvgc2026regma-2582897300",
  "format": "[Gen 9 Champions] VGC 2026 Reg M-A",
  "players": [
    "AsseRBT",
    "IfIFindJessie"
  ],
  "log": "|j|\u2606AsseRBT\n|j|\u2606IfIFindJessie\n|t:|1776123037\n|gametype|doubles\n|player|p1|AsseRBT|janitor|1219\n|player|p2|IfIFindJessie|miku-ghost|1141\n|gen|9\n|tier|[Gen 9 Champions] VGC 2026 Reg M-A\n|rated|\n|rule|Species Clause: Limit one of each Pok\u00e9mon\n|rule|Item Clause: Limit 1 of each item\n|clearpoke\n|poke|p1|Tyranitar, L50, M|\n|poke|p1|Excadrill, L50, M|\n|poke|p1|Toxicroak, L50, M|\n|poke|p1|Talonflame, L50, M|\n|poke|p1|Sinistcha, L50|\n|poke|p1|Gyarados, L50, M|\n|poke|p2|Glimmora, L50, M|\n|poke|p2|Mimikyu, L50, F|\n|poke|p2|Ninetales-Alola, L50, F|\n|poke|p2|Incineroar, L50, M|\n|poke|p2|Noivern, L50, F|\n|poke|p2|Farigiraf, L50, M|\n|teampreview|4\n|inactive|Battle timer is ON: inactive players will automatically lose when time's up. (requested by AsseRBT)\n|inactive|AsseRBT has 60 seconds left.\n|inactive|AsseRBT has 30 seconds left.\n|inactive|AsseRBT has 20 seconds left.\n|inactive|AsseRBT has 15 seconds left.\n|inactive|AsseRBT has 10 seconds left.\n|\n|t:|1776123139\n|teamsize|p1|4\n|teamsize|p2|4\n|start\n|switch|p1a: Tyranitar|Tyranitar, L50, M, shiny|100/100\n|switch|p1b: Toxicroak|Toxicroak, L50, M, shiny|100/100\n|switch|p2a: Glimmora|Glimmora, L50, M|100/100\n|switch|p2b: Mimikyu|Mimikyu, L50, F|100/100\n|-weather|Sandstorm|[from] ability: Sand Stream|[of] p1a: Tyranitar\n|turn|1\n|inactive|AsseRBT has 30 seconds left.\n|inactive|AsseRBT has 20 seconds left.\n|\n|t:|1776123182\n|detailschange|p1a: Tyranitar|Tyranitar-Mega, L50, M, shiny\n|-mega|p1a: Tyranitar|Tyranitar|Tyranitarite\n|move|p2b: Mimikyu|Protect|p2b: Mimikyu\n|-singleturn|p2b: Mimikyu|Protect\n|move|p2a: Glimmora|Protect|p2a: Glimmora\n|-singleturn|p2a: Glimmora|Protect\n|move|p1b: Toxicroak|Fake Out|p2a: Glimmora\n|-activate|p2a: Glimmora|move: Protect\n|move|p1a: Tyranitar|Dragon Dance|p1a: Tyranitar\n|-boost|p1a: Tyranitar|atk|1\n|-boost|p1a: Tyranitar|spe|1\n|\n|-weather|Sandstorm|[upkeep]\n|-damage|p1b: Toxicroak|95/100|[from] Sandstorm\n|-damage|p2b: Mimikyu|95/100|[from] Sandstorm\n|upkeep\n|turn|2\n|inactive|IfIFindJessie has 30 seconds left.\n|\n|t:|1776123217\n|detailschange|p2a: Glimmora|Glimmora-Mega, L50, M\n|-mega|p2a: Glimmora|Glimmora|Glimmoranite\n|move|p1a: Tyranitar|Rock Slide|p2b: Mimikyu|[spread] p2a,p2b\n|-damage|p2a: Glimmora|49/100\n|-activate|p2b: Mimikyu|ability: Disguise\n|-damage|p2b: Mimikyu|95/100\n|detailschange|p2b: Mimikyu|Mimikyu-Busted, L50, F\n|-damage|p2b: Mimikyu|83/100|[from] pokemon: Mimikyu-Busted\n|move|p1b: Toxicroak|Coaching|p1a: Tyranitar\n|-boost|p1a: Tyranitar|atk|1\n|-boost|p1a: Tyranitar|def|1\n|move|p2a: Glimmora|Earth Power|p1b: Toxicroak\n|-supereffective|p1b: Toxicroak|1\n|-damage|p1b: Toxicroak|0 fnt\n|faint|p1b: Toxicroak\n|cant|p2b: Mimikyu|flinch\n|\n|-weather|Sandstorm|[upkeep]\n|-damage|p2b: Mimikyu|77/100|[from] Sandstorm\n|upkeep\n|\n|t:|1776123235\n|switch|p1b: Excadrill|Excadrill, L50, M, shiny|100/100\n|turn|3\n|\n|t:|1776123247\n|move|p2a: Glimmora|Protect|p2a: Glimmora\n|-singleturn|p2a: Glimmora|Protect\n|move|p2b: Mimikyu|Protect|p2b: Mimikyu\n|-singleturn|p2b: Mimikyu|Protect\n|move|p1b: Excadrill|Iron Head|p2b: Mimikyu\n|-activate|p2b: Mimikyu|move: Protect\n|move|p1a: Tyranitar|Rock Slide|p2b: Mimikyu|[spread] \n|-activate|p2a: Glimmora|move: Protect\n|-activate|p2b: Mimikyu|move: Protect\n|\n|-weather|Sandstorm|[upkeep]\n|-damage|p2b: Mimikyu|71/100|[from] Sandstorm\n|upkeep\n|turn|4\n|inactive|IfIFindJessie has 30 seconds left.\n|\n|t:|1776123276\n|switch|p2a: Noivern|Noivern, L50, F|100/100\n|move|p1b: Excadrill|Iron Head|p2b: Mimikyu\n|-supereffective|p2b: Mimikyu|1\n|-damage|p2b: Mimikyu|0 fnt\n|faint|p2b: Mimikyu\n|move|p1a: Tyranitar|Rock Slide|p2a: Noivern|[miss]\n|-miss|p1a: Tyranitar|p2a: Noivern\n|\n|-weather|Sandstorm|[upkeep]\n|-damage|p2a: Noivern|94/100|[from] Sandstorm\n|upkeep\n|\n|t:|1776123292\n|switch|p2b: Glimmora|Glimmora-Mega, L50, M|49/100\n|turn|5\n|inactive|AsseRBT has 30 seconds left.\n|\n|t:|1776123321\n|move|p2a: Noivern|Protect|p2a: Noivern\n|-singleturn|p2a: Noivern|Protect\n|move|p2b: Glimmora|Protect|p2b: Glimmora\n|-singleturn|p2b: Glimmora|Protect\n|move|p1b: Excadrill|Iron Head|p2a: Noivern\n|-activate|p2a: Noivern|move: Protect\n|move|p1a: Tyranitar|Dragon Dance|p1a: Tyranitar\n|-boost|p1a: Tyranitar|atk|1\n|-boost|p1a: Tyranitar|spe|1\n|\n|-weather|none\n|upkeep\n|turn|6\n|inactive|AsseRBT has 30 seconds left.\n|\n|t:|1776123348\n|switch|p1b: Gyarados|Gyarados, L50, M, shiny|100/100\n|-ability|p1b: Gyarados|Intimidate|boost\n|-unboost|p2a: Noivern|atk|1\n|-unboost|p2b: Glimmora|atk|1\n|move|p1a: Tyranitar|Rock Slide|p2b: Glimmora|[spread] p2a,p2b\n|-supereffective|p2a: Noivern|1\n|-damage|p2a: Noivern|0 fnt\n|-damage|p2b: Glimmora|0 fnt\n|faint|p2a: Noivern\n|faint|p2b: Glimmora\n|\n|upkeep\n|-message|IfIFindJessie forfeited.\n|\n|win|AsseRBT\n|raw|AsseRBT's rating: 1219 &rarr; <strong>1238</strong><br />(+19 for winning)\n|raw|IfIFindJessie's rating: 1141 &rarr; <strong>1122</strong><br />(-19 for losing)\n",
  "uploadtime": 1776123360,
  "views": 14,
  "formatid": "gen9championsvgc2026regma",
  "rating": 1122,
  "private": 0,
  "password": null
}