{
  "id": "gen9championsvgc2026regma-2585153832",
  "format": "[Gen 9 Champions] VGC 2026 Reg M-A",
  "players": [
    "Yoko318",
    "zev9l"
  ],
  "log": "|j|\u2606Yoko318\n|j|\u2606zev9l\n|t:|1776318423\n|gametype|doubles\n|player|p1|Yoko318|gambler|1053\n|player|p2|zev9l|101|1025\n|gen|9\n|tier|[Gen 9 Champions] VGC 2026 Reg M-A\n|rated|\n|rule|Species Clause: Limit one of each Pok\u00e9mon\n|rule|Item Clause: Limit 1 of each item\n|clearpoke\n|poke|p1|Golurk, L50|\n|poke|p1|Trevenant, L50, F|\n|poke|p1|Incineroar, L50, F|\n|poke|p1|Hatterene, L50, F|\n|poke|p1|Araquanid, L50, M|\n|poke|p1|Conkeldurr, L50, F|\n|poke|p2|Aegislash, L50, F|\n|poke|p2|Incineroar, L50, F|\n|poke|p2|Rotom-Wash, L50|\n|poke|p2|Dragonite, L50, F|\n|poke|p2|Lucario, L50, M|\n|poke|p2|Aerodactyl, L50, M|\n|teampreview|4\n|inactive|Battle timer is ON: inactive players will automatically lose when time's up. (requested by Yoko318)\nzev9l rejected open team sheets.\n|inactive|zev9l has 60 seconds left.\n|inactive|zev9l has 30 seconds left.\n|inactive|zev9l has 20 seconds left.\n|\n|t:|1776318535\n|teamsize|p1|4\n|teamsize|p2|4\n|start\n|switch|p1a: Hatterene|Hatterene, L50, F|100/100\n|switch|p1b: Trevenant|Trevenant, L50, F, shiny|100/100\n|switch|p2a: Incineroar|Incineroar, L50, F|100/100\n|switch|p2b: Rotom|Rotom-Wash, L50|100/100\n|-ability|p2a: Incineroar|Intimidate|boost\n|-unboost|p1a: Hatterene|atk|1\n|-unboost|p1b: Trevenant|atk|1\n|-enditem|p1a: Hatterene|White Herb\n|-clearnegativeboost|p1a: Hatterene|[silent]\n|turn|1\n|inactive|zev9l has 30 seconds left.\n|\n|t:|1776318569\n|move|p2b: Rotom|Protect|p2b: Rotom\n|-singleturn|p2b: Rotom|Protect\n|move|p2a: Incineroar|Fake Out|p1a: Hatterene\n|-damage|p1a: Hatterene|88/100\n|move|p1b: Trevenant|Horn Leech|p2b: Rotom\n|-activate|p2b: Rotom|move: Protect\n|cant|p1a: Hatterene|flinch\n|\n|upkeep\n|turn|2\n|inactive|zev9l has 30 seconds left.\n|inactive|zev9l has 20 seconds left.\n|inactive|zev9l has 15 seconds left.\n|inactive|zev9l has 10 seconds left.\n|\n|t:|1776318618\n|switch|p2b: Dragonite|Dragonite, L50, F|100/100\n|move|p1b: Trevenant|Protect|p1b: Trevenant\n|-singleturn|p1b: Trevenant|Protect\n|move|p2a: Incineroar|Parting Shot|p1b: Trevenant\n|-activate|p1b: Trevenant|move: Protect\n|move|p1a: Hatterene|Trick Room|p1a: Hatterene\n|-fieldstart|move: Trick Room|[of] p1a: Hatterene\n|\n|upkeep\n|turn|3\n|inactive|zev9l has 30 seconds left.\n|\n|t:|1776318646\n|move|p2b: Dragonite|Protect|p2b: Dragonite\n|-singleturn|p2b: Dragonite|Protect\n|move|p1a: Hatterene|Dazzling Gleam|p2b: Dragonite|[spread] p2a\n|-activate|p2b: Dragonite|move: Protect\n|-damage|p2a: Incineroar|66/100\n|move|p1b: Trevenant|Poltergeist|p2b: Dragonite\n|-activate|p2b: Dragonite|move: Protect\n|move|p2a: Incineroar|Flare Blitz|p1b: Trevenant\n|-supereffective|p1b: Trevenant|1\n|-damage|p1b: Trevenant|13/100\n|-enditem|p1b: Trevenant|Sitrus Berry|[eat]\n|-heal|p1b: Trevenant|38/100|[from] item: Sitrus Berry\n|-damage|p2a: Incineroar|39/100|[from] Recoil\n|-enditem|p2a: Incineroar|Sitrus Berry|[eat]\n|-heal|p2a: Incineroar|63/100|[from] item: Sitrus Berry\n|\n|upkeep\n|turn|4\n|inactive|Yoko318 has 30 seconds left.\n|inactive|zev9l has 30 seconds left.\n|inactive|zev9l has 20 seconds left.\n|inactive|zev9l has 15 seconds left.\n|inactive|zev9l has 10 seconds left.\n|\n|t:|1776318692\n|switch|p2b: Rotom|Rotom-Wash, L50|100/100\n|move|p1a: Hatterene|Dazzling Gleam|p2a: Incineroar|[spread] p2a,p2b\n|-damage|p2a: Incineroar|31/100\n|-damage|p2b: Rotom|71/100\n|move|p1b: Trevenant|Poltergeist||[still]\n|-fail|p1b: Trevenant\n|move|p2a: Incineroar|Parting Shot|p1a: Hatterene\n|move|p1a: Hatterene|Parting Shot|p2a: Incineroar|[from] ability: Magic Bounce\n|-unboost|p2a: Incineroar|atk|1\n|-unboost|p2a: Incineroar|spa|1\n|\n|t:|1776318706\n|switch|p1a: Golurk|Golurk, L50, shiny|100/100|[from] Parting Shot\n|\n|upkeep\n|turn|5\n|\n|t:|1776318720\n|detailschange|p1a: Golurk|Golurk-Mega, L50, shiny\n|-mega|p1a: Golurk|Golurk|Golurkite\n|move|p2a: Incineroar|Protect|p2a: Incineroar\n|-singleturn|p2a: Incineroar|Protect\n|move|p2b: Rotom|Protect|p2b: Rotom\n|-singleturn|p2b: Rotom|Protect\n|move|p1a: Golurk|Headlong Rush|p2a: Incineroar\n|-supereffective|p2a: Incineroar|1\n|-ability|p1a: Golurk|Unseen Fist\n|-zbroken|p2a: Incineroar\n|-damage|p2a: Incineroar|3/100\n|-unboost|p1a: Golurk|def|1\n|-unboost|p1a: Golurk|spd|1\n|move|p1b: Trevenant|Horn Leech|p2b: Rotom\n|-activate|p2b: Rotom|move: Protect\n|\n|upkeep\n|turn|6\n|inactive|zev9l has 30 seconds left.\n|\n|t:|1776318746\n|switch|p2a: Dragonite|Dragonite, L50, F|100/100\n|switch|p2b: Aerodactyl|Aerodactyl, L50, M|100/100\n|move|p1a: Golurk|Drain Punch|p2a: Dragonite\n|-resisted|p2a: Dragonite|1\n|-damage|p2a: Dragonite|82/100\n|move|p1b: Trevenant|Horn Leech|p2b: Aerodactyl\n|-damage|p2b: Aerodactyl|69/100\n|-heal|p1b: Trevenant|51/100|[from] drain|[of] p2b: Aerodactyl\n|\n|-fieldend|move: Trick Room\n|-item|p1b: Trevenant|Sitrus Berry|[from] ability: Harvest\n|upkeep\n|turn|7\n|inactive|zev9l has 30 seconds left.\n|inactive|zev9l has 20 seconds left.\n|inactive|zev9l has 15 seconds left.\n|\n|t:|1776318789\n|detailschange|p2a: Dragonite|Dragonite-Mega, L50, F\n|-mega|p2a: Dragonite|Dragonite|Dragoninite\n|move|p1a: Golurk|Protect|p1a: Golurk\n|-singleturn|p1a: Golurk|Protect\n|move|p2b: Aerodactyl|Rock Slide|p1a: Golurk|[spread] p1b\n|-activate|p1a: Golurk|move: Protect\n|-damage|p1b: Trevenant|30/100\n|-enditem|p1b: Trevenant|Sitrus Berry|[eat]\n|-heal|p1b: Trevenant|55/100|[from] item: Sitrus Berry\n|move|p2a: Dragonite|Draco Meteor|p1a: Golurk\n|-activate|p1a: Golurk|move: Protect\n|move|p1b: Trevenant|Trick Room|p1b: Trevenant\n|-fieldstart|move: Trick Room|[of] p1b: Trevenant\n|\n|-item|p1b: Trevenant|Sitrus Berry|[from] ability: Harvest\n|upkeep\n|turn|8\n|inactive|Yoko318 has 30 seconds left.\n|\n|t:|1776318816\n|move|p2b: Aerodactyl|Protect|p2b: Aerodactyl\n|-singleturn|p2b: Aerodactyl|Protect\n|move|p1a: Golurk|Poltergeist|p2a: Dragonite|[miss]\n|-miss|p1a: Golurk|p2a: Dragonite\n|move|p1b: Trevenant|Horn Leech|p2b: Aerodactyl\n|-activate|p2b: Aerodactyl|move: Protect\n|move|p2a: Dragonite|Hurricane|p1b: Trevenant\n|-supereffective|p1b: Trevenant|1\n|-damage|p1b: Trevenant|0 fnt\n|faint|p1b: Trevenant\n|\n|upkeep\n|\n|t:|1776318832\n|switch|p1b: Conkeldurr|Conkeldurr, L50, F|100/100\n|turn|9\n|\n|t:|1776318843\n|switch|p2b: Incineroar|Incineroar, L50, F|3/100\n|-ability|p2b: Incineroar|Intimidate|boost\n|-unboost|p1a: Golurk|atk|1\n|-unboost|p1b: Conkeldurr|atk|1\n|move|p2a: Dragonite|Protect|p2a: Dragonite\n|-singleturn|p2a: Dragonite|Protect\n|move|p1b: Conkeldurr|Ice Punch|p2a: Dragonite\n|-activate|p2a: Dragonite|move: Protect\n|move|p1a: Golurk|Poltergeist||[still]\n|-fail|p1a: Golurk\n|\n|upkeep\n|turn|10\n|inactive|zev9l has 30 seconds left.\n|inactive|zev9l has 20 seconds left.\n|\n|t:|1776318880\n|switch|p2a: Rotom|Rotom-Wash, L50|71/100\n|move|p2b: Incineroar|Fake Out|p1a: Golurk\n|-immune|p1a: Golurk\n|move|p1b: Conkeldurr|Ice Punch|p2a: Rotom\n|-resisted|p2a: Rotom|1\n|-crit|p2a: Rotom\n|-damage|p2a: Rotom|41/100\n|move|p1a: Golurk|Drain Punch|p2b: Incineroar\n|-supereffective|p2b: Incineroar|1\n|-damage|p2b: Incineroar|0 fnt\n|faint|p2b: Incineroar\n|\n|upkeep\n|inactive|zev9l has 30 seconds left.\n|\n|t:|1776318907\n|switch|p2b: Dragonite|Dragonite-Mega, L50, F|82/100\n|turn|11\n|\n|t:|1776318916\n|switch|p1b: Hatterene|Hatterene, L50, F|88/100\n|move|p2a: Rotom|Protect|p2a: Rotom\n|-singleturn|p2a: Rotom|Protect\n|move|p2b: Dragonite|Protect|p2b: Dragonite\n|-singleturn|p2b: Dragonite|Protect\n|move|p1a: Golurk|Poltergeist|p2b: Dragonite\n|-activate|p2b: Dragonite|move: Protect\n|\n|-fieldend|move: Trick Room\n|upkeep\n|turn|12\n|inactive|Yoko318 has 30 seconds left.\n|inactive|zev9l has 30 seconds left.\n|c|\u2606Yoko318|How did my ability not work\n|inactive|Yoko318 has 20 seconds left.\n|inactive|Yoko318 has 15 seconds left.\n|inactive|Yoko318 has 10 seconds left.\n|\n|t:|1776318963\n|move|p2b: Dragonite|Hurricane|p1b: Hatterene|[miss]\n|-miss|p2b: Dragonite|p1b: Hatterene\n|move|p2a: Rotom|Hydro Pump|p1a: Golurk\n|-supereffective|p1a: Golurk|1\n|-damage|p1a: Golurk|0 fnt\n|faint|p1a: Golurk\n|move|p1b: Hatterene|Trick Room|p1b: Hatterene\n|-fieldstart|move: Trick Room|[of] p1b: Hatterene\n|\n|upkeep\n|\n|t:|1776318972\n|switch|p1a: Conkeldurr|Conkeldurr, L50, F|100/100\n|turn|13\n|\n|t:|1776318981\n|move|p2b: Dragonite|Protect|p2b: Dragonite\n|-singleturn|p2b: Dragonite|Protect\n|move|p1b: Hatterene|Dazzling Gleam|p2a: Rotom|[spread] p2a\n|-activate|p2b: Dragonite|move: Protect\n|-damage|p2a: Rotom|12/100\n|move|p1a: Conkeldurr|Drain Punch|p2a: Rotom\n|-damage|p2a: Rotom|0 fnt\n|faint|p2a: Rotom\n|\n|upkeep\n|\n|t:|1776318989\n|switch|p2a: Aerodactyl|Aerodactyl, L50, M|69/100\n|turn|14\n|\n|t:|1776319008\n|move|p2b: Dragonite|Protect|p2b: Dragonite\n|-singleturn|p2b: Dragonite|Protect\n|move|p1b: Hatterene|Dazzling Gleam|p2b: Dragonite|[spread] p2a\n|-activate|p2b: Dragonite|move: Protect\n|-damage|p2a: Aerodactyl|21/100\n|move|p1a: Conkeldurr|Ice Punch|p2b: Dragonite\n|-activate|p2b: Dragonite|move: Protect\n|move|p2a: Aerodactyl|Rock Slide|p1b: Hatterene|[spread] p1a\n|-miss|p2a: Aerodactyl|p1b: Hatterene\n|-resisted|p1a: Conkeldurr|1\n|-damage|p1a: Conkeldurr|90/100\n|\n|upkeep\n|turn|15\n|\n|t:|1776319027\n|move|p2b: Dragonite|Protect||[still]\n|-fail|p2b: Dragonite\n|move|p2a: Aerodactyl|Protect|p2a: Aerodactyl\n|-singleturn|p2a: Aerodactyl|Protect\n|move|p1b: Hatterene|Dazzling Gleam|p2a: Aerodactyl|[spread] p2b\n|-activate|p2a: Aerodactyl|move: Protect\n|-supereffective|p2b: Dragonite|1\n|-damage|p2b: Dragonite|20/100\n|move|p1a: Conkeldurr|Ice Punch|p2b: Dragonite\n|-supereffective|p2b: Dragonite|2\n|-damage|p2b: Dragonite|0 fnt\n|faint|p2b: Dragonite\n|\n|upkeep\n|turn|16\n|-message|zev9l forfeited.\n|\n|win|Yoko318\n|raw|Yoko318's rating: 1053 &rarr; <strong>1082</strong><br />(+29 for winning)\n|raw|zev9l's rating: 1025 &rarr; <strong>1012</strong><br />(-13 for losing)\n|l|\u2606zev9l\n|player|p2|\n",
  "uploadtime": 1776319047,
  "views": 18,
  "formatid": "gen9championsvgc2026regma",
  "rating": 1012,
  "private": 0,
  "password": null
}