{
  "id": "gen9championsvgc2026regma-2585983264",
  "format": "[Gen 9 Champions] VGC 2026 Reg M-A",
  "players": [
    "CBNUN003",
    "Boline"
  ],
  "log": "|j|\u2606CBNUN003\n|j|\u2606Boline\n|t:|1776387432\n|gametype|doubles\n|player|p1|CBNUN003|266|1115\n|player|p2|Boline|veteran|1150\n|gen|9\n|tier|[Gen 9 Champions] VGC 2026 Reg M-A\n|rated|\n|rule|Species Clause: Limit one of each Pok\u00e9mon\n|rule|Item Clause: Limit 1 of each item\n|clearpoke\n|poke|p1|Tyranitar, L50, F|\n|poke|p1|Gliscor, L50, M|\n|poke|p1|Aggron, L50, M|\n|poke|p1|Sableye, L50, M|\n|poke|p1|Sinistcha, L50|\n|poke|p1|Rotom-Wash, L50|\n|poke|p2|Venusaur, L50, M|\n|poke|p2|Incineroar, L50, M|\n|poke|p2|Rotom-Wash, L50|\n|poke|p2|Garchomp, L50, M|\n|poke|p2|Sylveon, L50, F|\n|poke|p2|Tyranitar, L50, M|\n|teampreview|4\n|inactive|Battle timer is ON: inactive players will automatically lose when time's up. (requested by Boline)\n|inactive|CBNUN003 has 60 seconds left.\n|inactive|Boline has 60 seconds left.\n|\n|t:|1776387487\n|teamsize|p1|4\n|teamsize|p2|4\n|start\n|switch|p1a: Rotom|Rotom-Wash, L50|100/100\n|switch|p1b: Sableye|Sableye, L50, M|100/100\n|switch|p2a: Venusaur|Venusaur, L50, M|100/100\n|switch|p2b: Rotom|Rotom-Wash, L50|100/100\n|turn|1\n|inactive|CBNUN003 has 30 seconds left.\n|inactive|Boline has 30 seconds left.\n|inactive|Boline has 20 seconds left.\n|\n|t:|1776387522\n|detailschange|p2a: Venusaur|Venusaur-Mega, L50, M\n|-mega|p2a: Venusaur|Venusaur|Venusaurite\n|move|p1b: Sableye|Fake Out|p2a: Venusaur\n|-damage|p2a: Venusaur|95/100\n|move|p1a: Rotom|Thunderbolt|p2b: Rotom\n|-damage|p2b: Rotom|69/100\n|cant|p2a: Venusaur|flinch\n|move|p2b: Rotom|Thunderbolt|p1a: Rotom\n|-damage|p1a: Rotom|64/100\n|\n|-heal|p2b: Rotom|75/100|[from] item: Leftovers\n|upkeep\n|turn|2\n|inactive|CBNUN003 has 30 seconds left.\n|inactive|CBNUN003 has 20 seconds left.\n|inactive|CBNUN003 has 15 seconds left.\n|inactive|CBNUN003 has 10 seconds left.\n|\n|t:|1776387571\n|switch|p1a: Sinistcha|Sinistcha, L50|100/100\n|move|p1b: Sableye|Encore|p2b: Rotom\n|-start|p2b: Rotom|Encore\n|move|p2a: Venusaur|Giga Drain|p1a: Sinistcha\n|-resisted|p1a: Sinistcha|1\n|-damage|p1a: Sinistcha|85/100\n|-heal|p2a: Venusaur|100/100|[from] drain|[of] p1a: Sinistcha\n|move|p2b: Rotom|Thunderbolt|p1b: Sableye\n|-damage|p1b: Sableye|62/100\n|\n|-heal|p2b: Rotom|81/100|[from] item: Leftovers\n|-heal|p1a: Sinistcha|92/100|[from] item: Leftovers\n|upkeep\n|turn|3\n|inactive|Boline has 30 seconds left.\n|\n|t:|1776387597\n|move|p1b: Sableye|Quash|p2b: Rotom\n|-activate|p2b: Rotom|move: Quash\n|move|p2a: Venusaur|Giga Drain|p1b: Sableye\n|-damage|p1b: Sableye|24/100\n|-enditem|p1b: Sableye|Sitrus Berry|[eat]\n|-heal|p1b: Sableye|49/100|[from] item: Sitrus Berry\n|move|p1a: Sinistcha|Matcha Gotcha|p2a: Venusaur|[spread] p2a,p2b\n|-resisted|p2a: Venusaur|2\n|-supereffective|p2b: Rotom|1\n|-damage|p2a: Venusaur|96/100\n|-heal|p1a: Sinistcha|94/100|[from] drain|[of] p2a: Venusaur\n|-damage|p2b: Rotom|31/100\n|-heal|p1a: Sinistcha|100/100|[from] drain|[of] p2b: Rotom\n|move|p2b: Rotom|Thunderbolt|p1b: Sableye\n|-damage|p1b: Sableye|12/100\n|\n|-heal|p2b: Rotom|37/100|[from] item: Leftovers\n|upkeep\n|turn|4\n|inactive|CBNUN003 has 30 seconds left.\n|\n|t:|1776387623\n|switch|p2b: Incineroar|Incineroar, L50, M|100/100\n|-ability|p2b: Incineroar|Intimidate|boost\n|-unboost|p1a: Sinistcha|atk|1\n|-unboost|p1b: Sableye|atk|1\n|move|p1b: Sableye|Quash|p2a: Venusaur\n|-activate|p2a: Venusaur|move: Quash\n|move|p1a: Sinistcha|Matcha Gotcha|p2b: Incineroar|[spread] p2a\n|-miss|p1a: Sinistcha|p2b: Incineroar\n|-resisted|p2a: Venusaur|2\n|-damage|p2a: Venusaur|90/100\n|move|p2a: Venusaur|Giga Drain|p1b: Sableye\n|-damage|p1b: Sableye|0 fnt\n|-heal|p2a: Venusaur|95/100|[from] drain|[of] p1b: Sableye\n|faint|p1b: Sableye\n|\n|upkeep\n|inactive|CBNUN003 has 30 seconds left.\n|\n|t:|1776387650\n|switch|p1b: Aggron|Aggron, L50, M|100/100\n|turn|5\n|inactive|CBNUN003 has 30 seconds left.\n|\n|t:|1776387679\n|move|p1b: Aggron|Protect|p1b: Aggron\n|-singleturn|p1b: Aggron|Protect\n|move|p2a: Venusaur|Earth Power|p1b: Aggron\n|-activate|p1b: Aggron|move: Protect\n|move|p2b: Incineroar|Flare Blitz|p1a: Sinistcha\n|-supereffective|p1a: Sinistcha|1\n|-damage|p1a: Sinistcha|0 fnt\n|faint|p1a: Sinistcha\n|-damage|p2b: Incineroar|71/100|[from] Recoil\n|\n|upkeep\n|\n|t:|1776387691\n|switch|p1a: Rotom|Rotom-Wash, L50|64/100\n|turn|6\n|\n|t:|1776387705\n|detailschange|p1b: Aggron|Aggron-Mega, L50, M\n|-mega|p1b: Aggron|Aggron|Aggronite\n|move|p1a: Rotom|Hydro Pump|p2b: Incineroar|[miss]\n|-miss|p1a: Rotom|p2b: Incineroar\n|move|p2a: Venusaur|Earth Power|p1b: Aggron\n|-supereffective|p1b: Aggron|1\n|-damage|p1b: Aggron|54/100\n|move|p2b: Incineroar|Darkest Lariat|p1a: Rotom\n|-damage|p1a: Rotom|8/100\n|move|p1b: Aggron|Body Press|p2a: Venusaur\n|-resisted|p2a: Venusaur|1\n|-damage|p2a: Venusaur|78/100\n|\n|upkeep\n|turn|7\n|\n|t:|1776387725\n|move|p1a: Rotom|Hydro Pump|p2b: Incineroar\n|-supereffective|p2b: Incineroar|1\n|-damage|p2b: Incineroar|0 fnt\n|faint|p2b: Incineroar\n|move|p2a: Venusaur|Earth Power|p1b: Aggron\n|-supereffective|p1b: Aggron|1\n|-damage|p1b: Aggron|12/100\n|move|p1b: Aggron|Heavy Slam|p2a: Venusaur\n|-crit|p2a: Venusaur\n|-damage|p2a: Venusaur|48/100\n|\n|upkeep\n|\n|t:|1776387736\n|switch|p2b: Garchomp|Garchomp, L50, M|100/100\n|turn|8\n|\n|t:|1776387752\n|move|p1a: Rotom|Hydro Pump|p2b: Garchomp|[miss]\n|-miss|p1a: Rotom|p2b: Garchomp\n|move|p2b: Garchomp|Rock Slide|p1b: Aggron|[spread] p1a,p1b\n|-resisted|p1b: Aggron|1\n|-damage|p1a: Rotom|0 fnt\n|-damage|p1b: Aggron|7/100\n|faint|p1a: Rotom\n|move|p2a: Venusaur|Earth Power|p1b: Aggron\n|-supereffective|p1b: Aggron|1\n|-damage|p1b: Aggron|0 fnt\n|faint|p1b: Aggron\n|\n|win|Boline\n|raw|CBNUN003's rating: 1115 &rarr; <strong>1093</strong><br />(-22 for losing)\n|raw|Boline's rating: 1150 &rarr; <strong>1172</strong><br />(+22 for winning)\n",
  "uploadtime": 1776387767,
  "views": 18,
  "formatid": "gen9championsvgc2026regma",
  "rating": 1093,
  "private": 0,
  "password": null
}