{
  "id": "gen9championsvgc2026regma-2587842943",
  "format": "[Gen 9 Champions] VGC 2026 Reg M-A",
  "players": [
    "Kokashuu",
    "hollospollosbro38"
  ],
  "log": "|j|\u2606Kokashuu\n|j|\u2606hollospollosbro38\n|t:|1776569709\n|gametype|doubles\n|player|p1|Kokashuu|burglar|\n|player|p2|hollospollosbro38|hilbert|\n|gen|9\n|tier|[Gen 9 Champions] VGC 2026 Reg M-A\n|rule|Species Clause: Limit one of each Pok\u00e9mon\n|rule|Item Clause: Limit 1 of each item\n|clearpoke\n|poke|p1|Delphox, L50, F|\n|poke|p1|Pelipper, L50, M|\n|poke|p1|Palafin, L50, M, shiny|\n|poke|p1|Mudsdale, L50, F|\n|poke|p1|Armarouge, L50, F|\n|poke|p1|Alcremie-Ruby-Swirl, L50, F|\n|poke|p2|Tyrantrum, L50, F|\n|poke|p2|Aerodactyl, L50, F|\n|poke|p2|Tyranitar, L50, M|\n|poke|p2|Garchomp, L50, M|\n|poke|p2|Arcanine-Hisui, L50, F|\n|poke|p2|Excadrill, L50, M|\n|teampreview|4\n|\n|t:|1776569748\n|teamsize|p1|4\n|teamsize|p2|4\n|start\n|switch|p1a: OLD GEN KILLER|Delphox, L50, F|100/100\n|switch|p1b: SYKKUNO|Palafin, L50, M, shiny|100/100\n|switch|p2a: Arcanine|Arcanine-Hisui, L50, F|100/100\n|switch|p2b: Excadrill|Excadrill, L50, M|100/100\n|-ability|p2a: Arcanine|Intimidate|boost\n|-unboost|p1a: OLD GEN KILLER|atk|1\n|-unboost|p1b: SYKKUNO|atk|1\n|turn|1\n|\n|t:|1776569779\n|detailschange|p1a: OLD GEN KILLER|Delphox-Mega, L50, F\n|-mega|p1a: OLD GEN KILLER|Delphox|Delphoxite\n|move|p1a: OLD GEN KILLER|Mystical Fire|p2b: Excadrill\n|-supereffective|p2b: Excadrill|1\n|-damage|p2b: Excadrill|0 fnt\n|faint|p2b: Excadrill\n|move|p1b: SYKKUNO|Wave Crash|p2a: Arcanine\n|-supereffective|p2a: Arcanine|2\n|-damage|p2a: Arcanine|3/100\n|-enditem|p2a: Arcanine|Sitrus Berry|[eat]\n|-heal|p2a: Arcanine|28/100|[from] item: Sitrus Berry\n|-damage|p1b: SYKKUNO|64/100|[from] Recoil\n|move|p2a: Arcanine|Will-O-Wisp|p1b: SYKKUNO\n|-status|p1b: SYKKUNO|brn\n|\n|-heal|p1b: SYKKUNO|70/100 brn|[from] item: Leftovers\n|-damage|p1b: SYKKUNO|64/100 brn|[from] brn\n|upkeep\n|\n|t:|1776569798\n|switch|p2b: Aerodactyl|Aerodactyl, L50, F|100/100\n|-ability|p2b: Aerodactyl|Unnerve\n|turn|2\n|\n|t:|1776569813\n|detailschange|p1b: SYKKUNO|Palafin-Hero, L50, M, shiny\n|switch|p1b: Pelipper|Pelipper, L50, M|100/100\n|-weather|RainDance|[from] ability: Drizzle|[of] p1b: Pelipper\n|move|p1a: OLD GEN KILLER|Protect|p1a: OLD GEN KILLER\n|-singleturn|p1a: OLD GEN KILLER|Protect\n|move|p2b: Aerodactyl|Tailwind|p2b: Aerodactyl\n|-sidestart|p2: hollospollosbro38|move: Tailwind\n|move|p2a: Arcanine|Stealth Rock|p1a: OLD GEN KILLER\n|-sidestart|p1: Kokashuu|move: Stealth Rock\n|\n|-weather|RainDance|[upkeep]\n|upkeep\n|turn|3\n|\n|t:|1776569839\n|switch|p2a: Tyranitar|Tyranitar, L50, M|100/100\n|-weather|Sandstorm|[from] ability: Sand Stream|[of] p2a: Tyranitar\n|move|p2b: Aerodactyl|Protect|p2b: Aerodactyl\n|-singleturn|p2b: Aerodactyl|Protect\n|move|p1a: OLD GEN KILLER|Psychic|p2a: Tyranitar\n|-immune|p2a: Tyranitar\n|move|p1b: Pelipper|Hydro Pump|p2b: Aerodactyl\n|-activate|p2b: Aerodactyl|move: Protect\n|\n|-weather|Sandstorm|[upkeep]\n|-damage|p1a: OLD GEN KILLER|94/100|[from] Sandstorm\n|-damage|p1b: Pelipper|95/100|[from] Sandstorm\n|upkeep\n|turn|4\n|\n|t:|1776569863\n|switch|p1b: Mudsdale|Mudsdale, L50, F|100/100\n|-damage|p1b: Mudsdale|95/100|[from] Stealth Rock\n|move|p1a: OLD GEN KILLER|Protect|p1a: OLD GEN KILLER\n|-singleturn|p1a: OLD GEN KILLER|Protect\n|move|p2b: Aerodactyl|Rock Slide|p1b: Mudsdale|[spread] p1b\n|-activate|p1a: OLD GEN KILLER|move: Protect\n|-resisted|p1b: Mudsdale|1\n|-damage|p1b: Mudsdale|86/100\n|-ability|p1b: Mudsdale|Stamina|boost\n|-boost|p1b: Mudsdale|def|1\n|move|p2a: Tyranitar|Knock Off|p1a: OLD GEN KILLER\n|-activate|p1a: OLD GEN KILLER|move: Protect\n|\n|-weather|Sandstorm|[upkeep]\n|-damage|p1a: OLD GEN KILLER|88/100|[from] Sandstorm\n|upkeep\n|turn|5\n|\n|t:|1776569891\n|switch|p1a: Pelipper|Pelipper, L50, M|95/100\n|-damage|p1a: Pelipper|70/100|[from] Stealth Rock\n|-weather|RainDance|[from] ability: Drizzle|[of] p1a: Pelipper\n|move|p2b: Aerodactyl|Rock Slide|p1b: Mudsdale|[spread] p1a,p1b\n|-supereffective|p1a: Pelipper|1\n|-resisted|p1b: Mudsdale|1\n|-crit|p1b: Mudsdale\n|-damage|p1a: Pelipper|33/100\n|-damage|p1b: Mudsdale|73/100\n|-ability|p1b: Mudsdale|Stamina|boost\n|-boost|p1b: Mudsdale|def|1\n|move|p2a: Tyranitar|Knock Off|p1a: Pelipper\n|-damage|p1a: Pelipper|0 fnt\n|-enditem|p1a: Pelipper|Mystic Water|[from] move: Knock Off|[of] p2a: Tyranitar\n|faint|p1a: Pelipper\n|move|p1b: Mudsdale|Rock Slide|p2b: Aerodactyl|[spread] p2a,p2b\n|-supereffective|p2b: Aerodactyl|1\n|-damage|p2a: Tyranitar|88/100\n|-damage|p2b: Aerodactyl|57/100\n|\n|-weather|RainDance|[upkeep]\n|-sideend|p2: hollospollosbro38|move: Tailwind\n|upkeep\n|\n|t:|1776569911\n|switch|p1a: SYKKUNO|Palafin-Hero, L50, M, shiny|64/100 brn\n|-damage|p1a: SYKKUNO|51/100 brn|[from] Stealth Rock\n|-activate|p1a: SYKKUNO|ability: Zero to Hero\n|turn|6\n|\n|t:|1776569923\n|switch|p2a: Arcanine|Arcanine-Hisui, L50, F|28/100\n|-ability|p2a: Arcanine|Intimidate|boost\n|-unboost|p1a: SYKKUNO|atk|1\n|-unboost|p1b: Mudsdale|atk|1\n|move|p1a: SYKKUNO|Jet Punch|p2b: Aerodactyl\n|-supereffective|p2b: Aerodactyl|1\n|-damage|p2b: Aerodactyl|5/100\n|move|p2b: Aerodactyl|Hurricane|p1a: SYKKUNO\n|-damage|p1a: SYKKUNO|25/100 brn\n|-start|p1a: SYKKUNO|confusion\n|move|p1b: Mudsdale|Body Press|p2a: Arcanine\n|-supereffective|p2a: Arcanine|1\n|-damage|p2a: Arcanine|0 fnt\n|faint|p2a: Arcanine\n|\n|-weather|RainDance|[upkeep]\n|-heal|p1a: SYKKUNO|32/100 brn|[from] item: Leftovers\n|-damage|p1a: SYKKUNO|25/100 brn|[from] brn\n|upkeep\n|\n|t:|1776569940\n|switch|p2a: Tyranitar|Tyranitar, L50, M|88/100\n|-weather|Sandstorm|[from] ability: Sand Stream|[of] p2a: Tyranitar\n|turn|7\n|\n|t:|1776569959\n|move|p2b: Aerodactyl|Tailwind|p2b: Aerodactyl\n|-sidestart|p2: hollospollosbro38|move: Tailwind\n|move|p2a: Tyranitar|Rock Slide|p1a: SYKKUNO|[spread] p1a,p1b\n|-crit|p1a: SYKKUNO\n|-resisted|p1b: Mudsdale|1\n|-damage|p1a: SYKKUNO|0 fnt\n|-damage|p1b: Mudsdale|67/100\n|-ability|p1b: Mudsdale|Stamina|boost\n|-boost|p1b: Mudsdale|def|1\n|faint|p1a: SYKKUNO\n|move|p1b: Mudsdale|Body Press|p2a: Tyranitar\n|-supereffective|p2a: Tyranitar|2\n|-damage|p2a: Tyranitar|0 fnt\n|faint|p2a: Tyranitar\n|\n|-weather|Sandstorm|[upkeep]\n|upkeep\n|\n|t:|1776569972\n|switch|p1a: OLD GEN KILLER|Delphox-Mega, L50, F|88/100\n|-damage|p1a: OLD GEN KILLER|64/100|[from] Stealth Rock\n|turn|8\n|\n|t:|1776569984\n|move|p2b: Aerodactyl|Hurricane|p1a: OLD GEN KILLER\n|-damage|p1a: OLD GEN KILLER|46/100\n|move|p1a: OLD GEN KILLER|Psychic|p2b: Aerodactyl\n|-damage|p2b: Aerodactyl|0 fnt\n|faint|p2b: Aerodactyl\n|\n|win|Kokashuu\n|j| Kri.05\n|l| Kri.05\n|l|\u2606hollospollosbro38\n|player|p2|\n",
  "uploadtime": 1776570009,
  "views": 31,
  "formatid": "gen9championsvgc2026regma",
  "rating": null,
  "private": 0,
  "password": null
}