{
  "id": "gen9championsvgc2026regma-2581730063",
  "format": "[Gen 9 Champions] VGC 2026 Reg M-A",
  "players": [
    "lfdgm",
    "x3zor"
  ],
  "log": "|j|\u2606lfdgm\n|j|\u2606x3zor\n|t:|1776023991\n|gametype|doubles\n|player|p1|lfdgm|skyla|1076\n|player|p2|x3zor|lucas|1027\n|gen|9\n|tier|[Gen 9 Champions] VGC 2026 Reg M-A\n|rated|\n|rule|Species Clause: Limit one of each Pok\u00e9mon\n|rule|Item Clause: Limit 1 of each item\n|clearpoke\n|poke|p1|Drampa, L50, F|\n|poke|p1|Audino, L50, F|\n|poke|p1|Trevenant, L50, F|\n|poke|p1|Torkoal, L50, F|\n|poke|p1|Aegislash, L50, F|\n|poke|p1|Clefable, L50, M|\n|poke|p2|Excadrill, L50, F|\n|poke|p2|Tyranitar, L50, F|\n|poke|p2|Sinistcha, L50|\n|poke|p2|Rotom-Wash, L50|\n|poke|p2|Incineroar, L50, M|\n|poke|p2|Floette-Eternal, L50, F|\n|teampreview|4\n|\n|t:|1776024018\n|teamsize|p1|4\n|teamsize|p2|4\n|start\n|switch|p1a: Audino|Audino, L50, F|100/100\n|switch|p1b: Aegislash|Aegislash, L50, F|100/100\n|switch|p2a: Incineroar|Incineroar, L50, M|100/100\n|switch|p2b: Rotom|Rotom-Wash, L50|100/100\n|-ability|p2a: Incineroar|Intimidate|boost\n|-unboost|p1a: Audino|atk|1\n|-unboost|p1b: Aegislash|atk|1\n|turn|1\n|\n|t:|1776024041\n|move|p1b: Aegislash|King's Shield|p1b: Aegislash\n|-singleturn|p1b: Aegislash|Protect\n|move|p1a: Audino|Ally Switch|p1a: Audino\n|swap|p1a: Audino|1|[from] move: Ally Switch\n|move|p2b: Rotom|Thunderbolt|p1a: Aegislash\n|-activate|p1a: Aegislash|move: Protect\n|move|p2a: Incineroar|Flare Blitz|p1b: Audino\n|-damage|p1b: Audino|48/100\n|-damage|p2a: Incineroar|79/100|[from] Recoil\n|\n|-heal|p1b: Audino|54/100|[from] item: Leftovers\n|upkeep\n|turn|2\n|\n|t:|1776024064\n|switch|p1a: Drampa|Drampa, L50, F|100/100\n|-ability|p1a: Drampa|Cloud Nine\n|move|p2b: Rotom|Thunderbolt|p1a: Drampa\n|-resisted|p1a: Drampa|1\n|-damage|p1a: Drampa|84/100\n|move|p2a: Incineroar|Flare Blitz|p1a: Drampa\n|-resisted|p1a: Drampa|1\n|-damage|p1a: Drampa|51/100\n|-status|p1a: Drampa|brn\n|-damage|p2a: Incineroar|67/100|[from] Recoil\n|move|p1b: Audino|Wish|p1b: Audino\n|\n|-heal|p1b: Audino|60/100|[from] item: Leftovers\n|-damage|p1a: Drampa|45/100 brn|[from] brn\n|upkeep\n|turn|3\n|\n|t:|1776024100\n|detailschange|p1a: Drampa|Drampa-Mega, L50, F\n|-mega|p1a: Drampa|Drampa|Drampanite\n|move|p2b: Rotom|Thunderbolt|p1b: Audino\n|-damage|p1b: Audino|31/100\n|move|p2a: Incineroar|Parting Shot|p1b: Audino\n|-unboost|p1b: Audino|atk|1\n|-unboost|p1b: Audino|spa|1\n|\n|t:|1776024110\n|switch|p2a: Sinistcha|Sinistcha, L50|100/100|[from] Parting Shot\n|move|p1a: Drampa|Roost|p1a: Drampa\n|-heal|p1a: Drampa|96/100 brn\n|-singleturn|p1a: Drampa|move: Roost\n|move|p1b: Audino|Trick Room|p1b: Audino\n|-fieldstart|move: Trick Room|[of] p1b: Audino\n|\n|-heal|p1b: Audino|81/100|[from] move: Wish|[wisher] Audino\n|-heal|p1b: Audino|88/100|[from] item: Leftovers\n|-damage|p1a: Drampa|90/100 brn|[from] brn\n|upkeep\n|turn|4\n|\n|t:|1776024138\n|move|p1a: Drampa|Ice Beam|p2a: Sinistcha\n|-supereffective|p2a: Sinistcha|1\n|-damage|p2a: Sinistcha|22/100\n|move|p1b: Audino|Wish|p1b: Audino\n|move|p2a: Sinistcha|Matcha Gotcha|p1b: Audino|[spread] p1a,p1b\n|-resisted|p1a: Drampa|1\n|-crit|p1b: Audino\n|-damage|p1a: Drampa|81/100 brn\n|-heal|p2a: Sinistcha|26/100|[from] drain|[of] p1a: Drampa\n|-damage|p1b: Audino|56/100\n|-heal|p2a: Sinistcha|45/100|[from] drain|[of] p1b: Audino\n|move|p2b: Rotom|Thunderbolt|p1a: Drampa\n|-resisted|p1a: Drampa|1\n|-damage|p1a: Drampa|67/100 brn\n|\n|-heal|p1b: Audino|62/100|[from] item: Leftovers\n|-heal|p2a: Sinistcha|51/100|[from] item: Leftovers\n|-damage|p1a: Drampa|61/100 brn|[from] brn\n|upkeep\n|turn|5\n|\n|t:|1776024176\n|switch|p2b: Floette|Floette-Eternal, L50, F|100/100\n|move|p1a: Drampa|Ice Beam|p2a: Sinistcha\n|-supereffective|p2a: Sinistcha|1\n|-damage|p2a: Sinistcha|0 fnt\n|faint|p2a: Sinistcha\n|move|p1b: Audino|Hyper Voice|p2b: Floette\n|-damage|p2b: Floette|88/100\n|\n|-heal|p1b: Audino|100/100|[from] move: Wish|[wisher] Audino\n|-damage|p1a: Drampa|55/100 brn|[from] brn\n|upkeep\n|\n|t:|1776024188\n|switch|p2a: Incineroar|Incineroar, L50, M|67/100\n|-ability|p2a: Incineroar|Intimidate|boost\n|-unboost|p1a: Drampa|atk|1\n|-unboost|p1b: Audino|atk|1\n|turn|6\n|\n|t:|1776024223\n|switch|p1a: Aegislash|Aegislash, L50, F|100/100\n|detailschange|p2b: Floette|Floette-Mega, L50, F\n|-mega|p2b: Floette|Floette|Floettite\n|-ability|p2b: Floette|Fairy Aura\n|move|p1b: Audino|Wish|p1b: Audino\n|move|p2a: Incineroar|Throat Chop|p1a: Aegislash\n|-supereffective|p1a: Aegislash|1\n|-damage|p1a: Aegislash|31/100\n|-start|p1a: Aegislash|Throat Chop|[silent]\n|move|p2b: Floette|Dazzling Gleam|p1a: Aegislash|[spread] p1a,p1b\n|-resisted|p1a: Aegislash|1\n|-damage|p1a: Aegislash|11/100\n|-damage|p1b: Audino|53/100\n|\n|-heal|p1b: Audino|59/100|[from] item: Leftovers\n|upkeep\n|turn|7\n|\n|t:|1776024242\n|move|p1b: Audino|Ally Switch|p1b: Audino\n|swap|p1b: Audino|0|[from] move: Ally Switch\n|-formechange|p1b: Aegislash|Aegislash-Blade|\n|move|p1b: Aegislash|Iron Head|p2b: Floette\n|-supereffective|p2b: Floette|1\n|-damage|p2b: Floette|0 fnt\n|faint|p2b: Floette\n|move|p2a: Incineroar|Flare Blitz|p1b: Aegislash\n|-supereffective|p1b: Aegislash|1\n|-damage|p1b: Aegislash|0 fnt\n|faint|p1b: Aegislash\n|-damage|p2a: Incineroar|63/100|[from] Recoil\n|\n|-heal|p1a: Audino|65/100|[from] item: Leftovers\n|-fieldend|move: Trick Room\n|upkeep\n|\n|t:|1776024256\n|switch|p2b: Rotom|Rotom-Wash, L50|100/100\n|switch|p1b: Drampa|Drampa-Mega, L50, F|55/100 brn\n|turn|8\n|\n|t:|1776024266\n|move|p2b: Rotom|Thunderbolt|p1b: Drampa\n|-resisted|p1b: Drampa|1\n|-damage|p1b: Drampa|40/100 brn\n|-ability|p1b: Drampa|Berserk|boost\n|-boost|p1b: Drampa|spa|1\n|move|p2a: Incineroar|Throat Chop|p1b: Drampa\n|-damage|p1b: Drampa|4/100 brn\n|-start|p1b: Drampa|Throat Chop|[silent]\n|move|p1b: Drampa|Roost|p1b: Drampa\n|-heal|p1b: Drampa|55/100 brn\n|-singleturn|p1b: Drampa|move: Roost\n|move|p1a: Audino|Trick Room|p1a: Audino\n|-fieldstart|move: Trick Room|[of] p1a: Audino\n|\n|-heal|p1a: Audino|71/100|[from] item: Leftovers\n|-damage|p1b: Drampa|49/100 brn|[from] brn\n|upkeep\n|turn|9\n|\n|t:|1776024288\n|move|p1b: Drampa|Roost|p1b: Drampa\n|-heal|p1b: Drampa|99/100 brn\n|-singleturn|p1b: Drampa|move: Roost\n|move|p1a: Audino|Hyper Voice|p2b: Rotom|[spread] p2a,p2b\n|-damage|p2a: Incineroar|50/100\n|-damage|p2b: Rotom|89/100\n|move|p2a: Incineroar|Throat Chop|p1b: Drampa\n|-crit|p1b: Drampa\n|-damage|p1b: Drampa|49/100 brn\n|-ability|p1b: Drampa|Berserk|boost\n|-boost|p1b: Drampa|spa|1\n|move|p2b: Rotom|Thunderbolt|p1b: Drampa\n|-resisted|p1b: Drampa|1\n|-damage|p1b: Drampa|36/100 brn\n|\n|-heal|p1a: Audino|78/100|[from] item: Leftovers\n|-damage|p1b: Drampa|30/100 brn|[from] brn\n|-end|p1b: Drampa|Throat Chop|[silent]\n|upkeep\n|turn|10\n|\n|t:|1776024318\n|move|p1b: Drampa|Roost|p1b: Drampa\n|-heal|p1b: Drampa|80/100 brn\n|-singleturn|p1b: Drampa|move: Roost\n|move|p1a: Audino|Hyper Voice|p2a: Incineroar|[spread] p2a,p2b\n|-damage|p2a: Incineroar|38/100\n|-damage|p2b: Rotom|78/100\n|move|p2a: Incineroar|Throat Chop|p1b: Drampa\n|-damage|p1b: Drampa|49/100 brn\n|-start|p1b: Drampa|Throat Chop|[silent]\n|-ability|p1b: Drampa|Berserk|boost\n|-boost|p1b: Drampa|spa|1\n|move|p2b: Rotom|Thunderbolt|p1a: Audino\n|-damage|p1a: Audino|46/100\n|\n|-heal|p1a: Audino|52/100|[from] item: Leftovers\n|-damage|p1b: Drampa|43/100 brn|[from] brn\n|upkeep\n|turn|11\n|\n|t:|1776024342\n|move|p1b: Drampa|Dragon Pulse|p2a: Incineroar\n|-damage|p2a: Incineroar|0 fnt\n|faint|p2a: Incineroar\n|move|p1a: Audino|Wish|p1a: Audino\n|move|p2b: Rotom|Hydro Pump|p1b: Drampa\n|-resisted|p1b: Drampa|1\n|-crit|p1b: Drampa\n|-damage|p1b: Drampa|21/100 brn\n|\n|-heal|p1a: Audino|59/100|[from] item: Leftovers\n|-damage|p1b: Drampa|15/100 brn|[from] brn\n|-end|p1b: Drampa|Throat Chop|[silent]\n|upkeep\n|turn|12\n|\n|t:|1776024358\n|move|p1a: Audino|Ally Switch|p1a: Audino\n|swap|p1a: Audino|1|[from] move: Ally Switch\n|move|p1a: Drampa|Hyper Voice|p2b: Rotom\n|-damage|p2b: Rotom|0 fnt\n|faint|p2b: Rotom\n|\n|win|lfdgm\n|raw|lfdgm's rating: 1076 &rarr; <strong>1101</strong><br />(+25 for winning)\n|raw|x3zor's rating: 1027 &rarr; <strong>1015</strong><br />(-12 for losing)\n|l|\u2606x3zor\n|player|p2|\n",
  "uploadtime": 1776024365,
  "views": 15,
  "formatid": "gen9championsvgc2026regma",
  "rating": 1015,
  "private": 0,
  "password": null
}