{
  "id": "gen9championsvgc2026regma-2583820332",
  "format": "[Gen 9 Champions] VGC 2026 Reg M-A",
  "players": [
    "LetANaysayerKnow",
    "heblebla"
  ],
  "log": "|j|\u2606LetANaysayerKnow\n|j|\u2606heblebla\n|t:|1776200259\n|gametype|doubles\n|player|p1|LetANaysayerKnow|265|1168\n|player|p2|heblebla|fisherman-gen4|1176\n|gen|9\n|tier|[Gen 9 Champions] VGC 2026 Reg M-A\n|rated|\n|rule|Species Clause: Limit one of each Pok\u00e9mon\n|rule|Item Clause: Limit 1 of each item\n|clearpoke\n|poke|p1|Slowbro, L50, M|\n|poke|p1|Whimsicott, L50, F|\n|poke|p1|Torkoal, L50, M|\n|poke|p1|Farigiraf, L50, M|\n|poke|p1|Golurk, L50|\n|poke|p1|Scizor, L50, M|\n|poke|p2|Floette-Eternal, L50, F|\n|poke|p2|Maushold, L50|\n|poke|p2|Garchomp, L50, M|\n|poke|p2|Talonflame, L50, F|\n|poke|p2|Rotom-Wash, L50|\n|poke|p2|Aegislash, L50, M|\n|teampreview|4\n|\n|t:|1776200289\n|teamsize|p1|4\n|teamsize|p2|4\n|start\n|switch|p1a: Scizor|Scizor, L50, M|100/100\n|switch|p1b: Farigiraf|Farigiraf, L50, M|100/100\n|switch|p2a: Floette|Floette-Eternal, L50, F|100/100\n|switch|p2b: Maushold|Maushold, L50|100/100\n|turn|1\n|inactive|Battle timer is ON: inactive players will automatically lose when time's up. (requested by LetANaysayerKnow)\n|l|\u2606LetANaysayerKnow\n|inactive|LetANaysayerKnow disconnected and has a minute to reconnect!\n|player|p1|\n|j|\u2606LetANaysayerKnow\n|inactive|LetANaysayerKnow reconnected and has 75 seconds left.\n|player|p1|LetANaysayerKnow|265|\n|\n|t:|1776200316\n|detailschange|p2a: Floette|Floette-Mega, L50, F\n|-mega|p2a: Floette|Floette|Floettite\n|-ability|p2a: Floette|Fairy Aura\n|move|p2b: Maushold|Follow Me|p2b: Maushold\n|-singleturn|p2b: Maushold|move: Follow Me\n|move|p1a: Scizor|Bullet Punch|p2b: Maushold\n|-damage|p2b: Maushold|47/100\n|move|p2a: Floette|Calm Mind|p2a: Floette\n|-boost|p2a: Floette|spa|1\n|-boost|p2a: Floette|spd|1\n|move|p1b: Farigiraf|Trick Room|p1b: Farigiraf\n|-fieldstart|move: Trick Room|[of] p1b: Farigiraf\n|\n|upkeep\n|turn|2\n|inactive|heblebla has 30 seconds left.\n|inactive|heblebla has 20 seconds left.\n|inactive|heblebla has 15 seconds left.\n|inactive|heblebla has 10 seconds left.\n|inactive|heblebla has 5 seconds left.\n|\n|t:|1776200367\n|move|p2b: Maushold|Follow Me|p2b: Maushold\n|-singleturn|p2b: Maushold|move: Follow Me\n|move|p1a: Scizor|Bullet Punch|p2b: Maushold\n|-damage|p2b: Maushold|0 fnt\n|faint|p2b: Maushold\n|move|p1b: Farigiraf|Light Screen|p1b: Farigiraf\n|-sidestart|p1: LetANaysayerKnow|move: Light Screen\n|move|p2a: Floette|Moonblast|p1b: Farigiraf\n|-damage|p1b: Farigiraf|14/100\n|-enditem|p1b: Farigiraf|Sitrus Berry|[eat]\n|-heal|p1b: Farigiraf|39/100|[from] item: Sitrus Berry\n|\n|upkeep\n|\n|t:|1776200375\n|switch|p2b: Talonflame|Talonflame, L50, F|100/100\n|turn|3\n|\n|t:|1776200394\n|move|p2a: Floette|Protect|p2a: Floette\n|-singleturn|p2a: Floette|Protect\n|move|p1a: Scizor|Bullet Punch|p2a: Floette\n|-activate|p2a: Floette|move: Protect\n|move|p1b: Farigiraf|Psychic Fangs|p2b: Talonflame\n|-damage|p2b: Talonflame|62/100\n|move|p2b: Talonflame|Flare Blitz|p1a: Scizor\n|-supereffective|p1a: Scizor|2\n|-damage|p1a: Scizor|0 fnt\n|faint|p1a: Scizor\n|-damage|p2b: Talonflame|24/100|[from] Recoil\n|\n|upkeep\n|\n|t:|1776200405\n|switch|p1a: Slowbro|Slowbro, L50, M|100/100\n|turn|4\n|\n|t:|1776200425\n|detailschange|p1a: Slowbro|Slowbro-Mega, L50, M\n|-mega|p1a: Slowbro|Slowbro|Slowbronite\n|move|p2b: Talonflame|Protect|p2b: Talonflame\n|-singleturn|p2b: Talonflame|Protect\n|move|p1a: Slowbro|Calm Mind|p1a: Slowbro\n|-boost|p1a: Slowbro|spa|1\n|-boost|p1a: Slowbro|spd|1\n|move|p1b: Farigiraf|Psychic Fangs|p2b: Talonflame\n|-activate|p2b: Talonflame|move: Protect\n|move|p2a: Floette|Dazzling Gleam|p1a: Slowbro|[spread] p1a,p1b\n|-damage|p1a: Slowbro|65/100\n|-damage|p1b: Farigiraf|0 fnt\n|faint|p1b: Farigiraf\n|\n|upkeep\n|\n|t:|1776200431\n|switch|p1b: Golurk|Golurk, L50|100/100\n|turn|5\n|\n|t:|1776200442\n|move|p2a: Floette|Protect|p2a: Floette\n|-singleturn|p2a: Floette|Protect\n|move|p1a: Slowbro|Slack Off|p1a: Slowbro\n|-heal|p1a: Slowbro|100/100\n|move|p1b: Golurk|Poltergeist||[still]\n|-fail|p1b: Golurk\n|move|p2b: Talonflame|Tailwind|p2b: Talonflame\n|-sidestart|p2: heblebla|move: Tailwind\n|\n|-fieldend|move: Trick Room\n|upkeep\n|turn|6\n|\n|t:|1776200463\n|move|p2b: Talonflame|Acrobatics|p1a: Slowbro\n|-damage|p1a: Slowbro|83/100\n|move|p2a: Floette|Dazzling Gleam|p1a: Slowbro|[spread] p1a,p1b\n|-damage|p1a: Slowbro|50/100\n|-damage|p1b: Golurk|44/100\n|move|p1b: Golurk|Poltergeist|p2a: Floette\n|-activate|p2a: Floette|move: Poltergeist|Floettite\n|-damage|p2a: Floette|30/100\n|move|p1a: Slowbro|Psyshock|p2a: Floette\n|-damage|p2a: Floette|0 fnt\n|faint|p2a: Floette\n|\n|-sideend|p1: LetANaysayerKnow|move: Light Screen\n|upkeep\n|\n|t:|1776200472\n|switch|p2a: Garchomp|Garchomp, L50, M|100/100\n|turn|7\n|\n|t:|1776200496\n|move|p2b: Talonflame|Acrobatics|p1b: Golurk\n|-damage|p1b: Golurk|0 fnt\n|faint|p1b: Golurk\n|move|p2a: Garchomp|Earthquake|p1a: Slowbro|[spread] p1a\n|-immune|p2b: Talonflame\n|-damage|p1a: Slowbro|30/100\n|move|p1a: Slowbro|Slack Off|p1a: Slowbro\n|-heal|p1a: Slowbro|80/100\n|\n|upkeep\n|turn|8\n|\n|t:|1776200516\n|move|p2b: Talonflame|Acrobatics|p1a: Slowbro\n|-damage|p1a: Slowbro|61/100\n|move|p2a: Garchomp|Outrage|p1a: Slowbro\n|-damage|p1a: Slowbro|34/100\n|move|p1a: Slowbro|Slack Off|p1a: Slowbro\n|-heal|p1a: Slowbro|84/100\n|\n|-sideend|p2: heblebla|move: Tailwind\n|upkeep\n|turn|9\n|\n|t:|1776200531\n|move|p2b: Talonflame|Tailwind|p2b: Talonflame\n|-sidestart|p2: heblebla|move: Tailwind\n|move|p2a: Garchomp|Outrage|p1a: Slowbro|[from] lockedmove\n|-damage|p1a: Slowbro|56/100\n|move|p1a: Slowbro|Slack Off|p1a: Slowbro\n|-heal|p1a: Slowbro|100/100\n|\n|upkeep\n|turn|10\n|\n|t:|1776200544\n|move|p2b: Talonflame|Acrobatics|p1a: Slowbro\n|-damage|p1a: Slowbro|81/100\n|move|p2a: Garchomp|Outrage|p1a: Slowbro|[from] lockedmove\n|-damage|p1a: Slowbro|57/100\n|-start|p2a: Garchomp|confusion|[fatigue]\n|move|p1a: Slowbro|Scald|p2b: Talonflame\n|-supereffective|p2b: Talonflame|1\n|-damage|p2b: Talonflame|0 fnt\n|faint|p2b: Talonflame\n|\n|upkeep\n|turn|11\n|\n|t:|1776200554\n|-activate|p2a: Garchomp|confusion\n|-damage|p2a: Garchomp|86/100|[from] confusion\n|move|p1a: Slowbro|Slack Off|p1a: Slowbro\n|-heal|p1a: Slowbro|100/100\n|\n|upkeep\n|turn|12\n|\n|t:|1776200562\n|-end|p2a: Garchomp|confusion\n|move|p2a: Garchomp|Earthquake|p1a: Slowbro\n|-damage|p1a: Slowbro|73/100\n|move|p1a: Slowbro|Scald|p2a: Garchomp\n|-damage|p2a: Garchomp|26/100\n|\n|-sideend|p2: heblebla|move: Tailwind\n|upkeep\n|turn|13\n|\n|t:|1776200570\n|move|p2a: Garchomp|Earthquake|p1a: Slowbro\n|-damage|p1a: Slowbro|45/100\n|move|p1a: Slowbro|Psyshock|p2a: Garchomp\n|-damage|p2a: Garchomp|0 fnt\n|faint|p2a: Garchomp\n|\n|win|LetANaysayerKnow\n|raw|LetANaysayerKnow's rating: 1168 &rarr; <strong>1194</strong><br />(+26 for winning)\n|raw|heblebla's rating: 1176 &rarr; <strong>1150</strong><br />(-26 for losing)\n|l|\u2606heblebla\n|player|p2|\n",
  "uploadtime": 1776200994,
  "views": 16,
  "formatid": "gen9championsvgc2026regma",
  "rating": 1150,
  "private": 0,
  "password": null
}