{
  "id": "gen9championsvgc2026regma-2582396286",
  "format": "[Gen 9 Champions] VGC 2026 Reg M-A",
  "players": [
    "drakensagg",
    "Mango404"
  ],
  "log": "|j|\u2606drakensagg\n|j|\u2606Mango404\n|t:|1776088915\n|gametype|doubles\n|player|p1|drakensagg|101|1110\n|player|p2|Mango404|harlequin|1063\n|gen|9\n|tier|[Gen 9 Champions] VGC 2026 Reg M-A\n|rated|\n|rule|Species Clause: Limit one of each Pok\u00e9mon\n|rule|Item Clause: Limit 1 of each item\n|clearpoke\n|poke|p1|Tyranitar, L50, M|\n|poke|p1|Corviknight, L50, F|\n|poke|p1|Sinistcha-Masterpiece, L50|\n|poke|p1|Excadrill, L50, M|\n|poke|p1|Primarina, L50, M|\n|poke|p1|Incineroar, L50, F|\n|poke|p2|Meganium, L50, M|\n|poke|p2|Incineroar, L50, F|\n|poke|p2|Slowking, L50, M|\n|poke|p2|Crabominable, L50, F|\n|poke|p2|Sinistcha, L50|\n|poke|p2|Basculegion, L50, M|\n|teampreview|4\n|\n|t:|1776088941\n|teamsize|p1|4\n|teamsize|p2|4\n|start\n|switch|p1a: Incineroar|Incineroar, L50, F|100/100\n|switch|p1b: Corviknight|Corviknight, L50, F|100/100\n|switch|p2a: Incineroar|Incineroar, L50, F|100/100\n|switch|p2b: Slowking|Slowking, L50, M|100/100\n|-ability|p1a: Incineroar|Intimidate|boost\n|-unboost|p2a: Incineroar|atk|1\n|-fail|p2b: Slowking|unboost|Attack|[from] ability: Oblivious|[of] p2b: Slowking\n|-ability|p2a: Incineroar|Intimidate|boost\n|-unboost|p1a: Incineroar|atk|1\n|-ability|p1b: Corviknight|Mirror Armor\n|-unboost|p2a: Incineroar|atk|1\n|turn|1\n|\n|t:|1776088955\n|move|p1a: Incineroar|Fake Out|p2b: Slowking\n|-damage|p2b: Slowking|95/100\n|move|p2a: Incineroar|Fake Out|p1b: Corviknight\n|-resisted|p1b: Corviknight|1\n|-damage|p1b: Corviknight|98/100\n|cant|p1b: Corviknight|flinch\n|cant|p2b: Slowking|flinch\n|\n|-heal|p1b: Corviknight|100/100|[from] item: Leftovers\n|upkeep\n|turn|2\n|\n|t:|1776088963\n|move|p1b: Corviknight|Bulk Up|p1b: Corviknight\n|-boost|p1b: Corviknight|atk|1\n|-boost|p1b: Corviknight|def|1\n|move|p1a: Incineroar|Taunt|p2b: Slowking\n|-immune|p2b: Slowking|[from] ability: Oblivious\n|move|p2a: Incineroar|Flare Blitz|p1b: Corviknight\n|-supereffective|p1b: Corviknight|1\n|-damage|p1b: Corviknight|62/100\n|-damage|p2a: Incineroar|89/100|[from] Recoil\n|move|p2b: Slowking|Trick Room|p2b: Slowking\n|-fieldstart|move: Trick Room|[of] p2b: Slowking\n|\n|-heal|p1b: Corviknight|68/100|[from] item: Leftovers\n|upkeep\n|turn|3\n|\n|t:|1776088989\n|move|p2b: Slowking|Yawn|p1b: Corviknight\n|-start|p1b: Corviknight|move: Yawn|[of] p2b: Slowking\n|move|p2a: Incineroar|Parting Shot|p1b: Corviknight\n|-ability|p1b: Corviknight|Mirror Armor\n|-unboost|p2a: Incineroar|atk|1\n|-ability|p1b: Corviknight|Mirror Armor\n|-unboost|p2a: Incineroar|spa|1\n|\n|t:|1776089001\n|switch|p2a: Sinistcha|Sinistcha, L50|100/100|[from] Parting Shot\n|-heal|p2b: Slowking|100/100|[from] ability: Hospitality|[of] p2a: Sinistcha\n|move|p1a: Incineroar|Darkest Lariat|p2b: Slowking\n|-supereffective|p2b: Slowking|1\n|-enditem|p2b: Slowking|Colbur Berry|[eat]\n|-enditem|p2b: Slowking|Colbur Berry|[weaken]\n|-damage|p2b: Slowking|85/100\n|move|p1b: Corviknight|Roost|p1b: Corviknight\n|-heal|p1b: Corviknight|100/100\n|-singleturn|p1b: Corviknight|move: Roost\n|\n|upkeep\n|turn|4\n|\n|t:|1776089034\n|switch|p2a: Incineroar|Incineroar, L50, F|89/100\n|-ability|p2a: Incineroar|Intimidate|boost\n|-unboost|p1a: Incineroar|atk|1\n|-ability|p1b: Corviknight|Mirror Armor\n|-unboost|p2a: Incineroar|atk|1\n|move|p2b: Slowking|Scald|p1a: Incineroar\n|-supereffective|p1a: Incineroar|1\n|-damage|p1a: Incineroar|60/100\n|move|p1a: Incineroar|Parting Shot|p2b: Slowking\n|-unboost|p2b: Slowking|atk|1\n|-unboost|p2b: Slowking|spa|1\n|\n|t:|1776089049\n|switch|p1a: Tyranitar|Tyranitar, L50, M|100/100|[from] Parting Shot\n|-weather|Sandstorm|[from] ability: Sand Stream|[of] p1a: Tyranitar\n|move|p1b: Corviknight|Brave Bird|p2a: Incineroar\n|-damage|p2a: Incineroar|32/100\n|-damage|p1b: Corviknight|81/100|[from] Recoil\n|\n|-weather|Sandstorm|[upkeep]\n|-damage|p2b: Slowking|79/100|[from] Sandstorm\n|-damage|p2a: Incineroar|26/100|[from] Sandstorm\n|-heal|p1b: Corviknight|87/100|[from] item: Leftovers\n|-end|p1b: Corviknight|move: Yawn|[silent]\n|-status|p1b: Corviknight|slp\n|upkeep\n|turn|5\n|\n|t:|1776089060\n|detailschange|p1a: Tyranitar|Tyranitar-Mega, L50, M\n|-mega|p1a: Tyranitar|Tyranitar|Tyranitarite\n|-prepare|p2b: Slowking|Chilly Reception|[premajor]\n|move|p2b: Slowking|Chilly Reception|p2b: Slowking\n|-weather|Snowscape\n|\n|t:|1776089070\n|switch|p2b: Meganium|Meganium, L50, M|100/100|[from] Chilly Reception\n|move|p2a: Incineroar|Parting Shot|p1a: Tyranitar\n|-unboost|p1a: Tyranitar|atk|1\n|-unboost|p1a: Tyranitar|spa|1\n|\n|t:|1776089077\n|switch|p2a: Slowking|Slowking, L50, M|79/100|[from] Parting Shot\n|cant|p1b: Corviknight|slp\n|move|p1a: Tyranitar|Rock Slide|p2a: Slowking|[spread] p2a,p2b\n|-damage|p2a: Slowking|61/100\n|-damage|p2b: Meganium|78/100\n|\n|-weather|Snowscape|[upkeep]\n|-heal|p1b: Corviknight|93/100 slp|[from] item: Leftovers\n|upkeep\n|turn|6\n|\n|t:|1776089093\n|detailschange|p2b: Meganium|Meganium-Mega, L50, M\n|-mega|p2b: Meganium|Meganium|Meganiumite\n|move|p2a: Slowking|Scald|p1a: Tyranitar\n|-supereffective|p1a: Tyranitar|1\n|-damage|p1a: Tyranitar|52/100\n|cant|p1b: Corviknight|slp\n|move|p2b: Meganium|Weather Ball|p1b: Corviknight\n|-supereffective|p1b: Corviknight|1\n|-damage|p1b: Corviknight|0 fnt\n|faint|p1b: Corviknight\n|move|p1a: Tyranitar|Ice Punch|p2b: Meganium\n|-supereffective|p2b: Meganium|1\n|-damage|p2b: Meganium|38/100\n|\n|-weather|Snowscape|[upkeep]\n|-fieldend|move: Trick Room\n|upkeep\n|\n|t:|1776089105\n|switch|p1b: Incineroar|Incineroar, L50, F|60/100\n|-ability|p1b: Incineroar|Intimidate|boost\n|-fail|p2a: Slowking|unboost|Attack|[from] ability: Oblivious|[of] p2a: Slowking\n|-unboost|p2b: Meganium|atk|1\n|turn|7\n|\n|t:|1776089139\n|move|p2b: Meganium|Protect|p2b: Meganium\n|-singleturn|p2b: Meganium|Protect\n|move|p1a: Tyranitar|Ice Punch|p2b: Meganium\n|-activate|p2b: Meganium|move: Protect\n|move|p1b: Incineroar|Darkest Lariat|p2a: Slowking\n|-supereffective|p2a: Slowking|1\n|-damage|p2a: Slowking|13/100\n|move|p2a: Slowking|Trick Room|p2a: Slowking\n|-fieldstart|move: Trick Room|[of] p2a: Slowking\n|\n|-weather|Snowscape|[upkeep]\n|upkeep\n|turn|8\n|\n|t:|1776089157\n|switch|p2a: Sinistcha|Sinistcha, L50|100/100\n|-heal|p2b: Meganium|63/100|[from] ability: Hospitality|[of] p2a: Sinistcha\n|switch|p1a: Sinistcha|Sinistcha-Masterpiece, L50|100/100\n|-heal|p1b: Incineroar|85/100|[from] ability: Hospitality|[of] p1a: Sinistcha\n|move|p1b: Incineroar|Parting Shot|p2b: Meganium\n|-unboost|p2b: Meganium|atk|1\n|-unboost|p2b: Meganium|spa|1\n|\n|t:|1776089168\n|switch|p1b: Tyranitar|Tyranitar-Mega, L50, M|52/100|[from] Parting Shot\n|-weather|Sandstorm|[from] ability: Sand Stream|[of] p1b: Tyranitar\n|move|p2b: Meganium|Solar Beam||[still]\n|-prepare|p2b: Meganium|Solar Beam\n|-activate|p2b: Meganium|ability: Mega Sol\n|-anim|p2b: Meganium|Solar Beam|p1a: Sinistcha\n|-resisted|p1a: Sinistcha|1\n|-damage|p1a: Sinistcha|74/100\n|\n|-weather|Sandstorm|[upkeep]\n|-damage|p1a: Sinistcha|69/100|[from] Sandstorm\n|-damage|p2b: Meganium|57/100|[from] Sandstorm\n|-damage|p2a: Sinistcha|94/100|[from] Sandstorm\n|upkeep\n|turn|9\n|\n|t:|1776089200\n|move|p2a: Sinistcha|Rage Powder|p2a: Sinistcha\n|-singleturn|p2a: Sinistcha|move: Rage Powder\n|move|p2b: Meganium|Solar Beam||[still]\n|-prepare|p2b: Meganium|Solar Beam\n|-activate|p2b: Meganium|ability: Mega Sol\n|-anim|p2b: Meganium|Solar Beam|p1b: Tyranitar\n|-supereffective|p1b: Tyranitar|1\n|-damage|p1b: Tyranitar|0 fnt\n|faint|p1b: Tyranitar\n|move|p1a: Sinistcha|Trick Room|p1a: Sinistcha\n|-fieldend|move: Trick Room\n|\n|-weather|Sandstorm|[upkeep]\n|-damage|p2b: Meganium|51/100|[from] Sandstorm\n|-damage|p2a: Sinistcha|88/100|[from] Sandstorm\n|-damage|p1a: Sinistcha|63/100|[from] Sandstorm\n|upkeep\n|\n|t:|1776089208\n|switch|p1b: Incineroar|Incineroar, L50, F|85/100\n|-ability|p1b: Incineroar|Intimidate|boost\n|-unboost|p2a: Sinistcha|atk|1\n|-unboost|p2b: Meganium|atk|1\n|turn|10\n|\n|t:|1776089222\n|switch|p2b: Incineroar|Incineroar, L50, F|26/100\n|-ability|p2b: Incineroar|Intimidate|boost\n|-unboost|p1a: Sinistcha|atk|1\n|-unboost|p1b: Incineroar|atk|1\n|move|p1b: Incineroar|Fake Out|p2b: Incineroar\n|-damage|p2b: Incineroar|19/100\n|move|p1a: Sinistcha|Matcha Gotcha|p2a: Sinistcha|[spread] p2a,p2b\n|-resisted|p2a: Sinistcha|1\n|-resisted|p2b: Incineroar|1\n|-damage|p2a: Sinistcha|76/100\n|-heal|p1a: Sinistcha|69/100|[from] drain|[of] p2a: Sinistcha\n|-damage|p2b: Incineroar|6/100\n|-heal|p1a: Sinistcha|77/100|[from] drain|[of] p2b: Incineroar\n|-status|p2a: Sinistcha|brn\n|move|p2a: Sinistcha|Strength Sap|p1b: Incineroar\n|-unboost|p1b: Incineroar|atk|1\n|-heal|p2a: Sinistcha|100/100 brn\n|\n|-weather|Sandstorm|[upkeep]\n|-damage|p1a: Sinistcha|71/100|[from] Sandstorm\n|-damage|p2a: Sinistcha|94/100 brn|[from] Sandstorm\n|-damage|p1b: Incineroar|79/100|[from] Sandstorm\n|-damage|p2b: Incineroar|0 fnt|[from] Sandstorm\n|faint|p2b: Incineroar\n|-damage|p2a: Sinistcha|88/100 brn|[from] brn\n|upkeep\n|\n|t:|1776089240\n|switch|p2b: Slowking|Slowking, L50, M|13/100\n|turn|11\n|\n|t:|1776089256\n|move|p2a: Sinistcha|Shadow Ball|p1a: Sinistcha\n|-supereffective|p1a: Sinistcha|1\n|-crit|p1a: Sinistcha\n|-damage|p1a: Sinistcha|0 fnt\n|faint|p1a: Sinistcha\n|move|p1b: Incineroar|Darkest Lariat|p2a: Sinistcha\n|-supereffective|p2a: Sinistcha|1\n|-damage|p2a: Sinistcha|58/100 brn\n|move|p2b: Slowking|Scald|p1b: Incineroar\n|-supereffective|p1b: Incineroar|1\n|-damage|p1b: Incineroar|33/100\n|\n|-weather|Sandstorm|[upkeep]\n|-damage|p2a: Sinistcha|52/100 brn|[from] Sandstorm\n|-damage|p1b: Incineroar|27/100|[from] Sandstorm\n|-damage|p2b: Slowking|7/100|[from] Sandstorm\n|-damage|p2a: Sinistcha|45/100 brn|[from] brn\n|upkeep\n|-enditem|p2a: Sinistcha|Sitrus Berry|[eat]\n|-heal|p2a: Sinistcha|70/100 brn|[from] item: Sitrus Berry\n|turn|12\n|-message|drakensagg forfeited.\n|\n|win|Mango404\n|raw|drakensagg's rating: 1110 &rarr; <strong>1082</strong><br />(-28 for losing)\n|raw|Mango404's rating: 1063 &rarr; <strong>1098</strong><br />(+35 for winning)\n|l|\u2606drakensagg\n|player|p1|\n",
  "uploadtime": 1776089265,
  "views": 25,
  "formatid": "gen9championsvgc2026regma",
  "rating": 1082,
  "private": 0,
  "password": null
}