{
  "id": "gen9championsvgc2026regma-2586466259",
  "format": "[Gen 9 Champions] VGC 2026 Reg M-A",
  "players": [
    "GOODKO",
    "Ryan96"
  ],
  "log": "|j|\u2606GOODKO\n|j|\u2606Ryan96\n|t:|1776436643\n|gametype|doubles\n|player|p1|GOODKO|1|1332\n|player|p2|Ryan96|crasherwake|1286\n|gen|9\n|tier|[Gen 9 Champions] VGC 2026 Reg M-A\n|rated|\n|rule|Species Clause: Limit one of each Pok\u00e9mon\n|rule|Item Clause: Limit 1 of each item\n|clearpoke\n|poke|p1|Aggron, L50, F|\n|poke|p1|Sinistcha, L50|\n|poke|p1|Incineroar, L50, M|\n|poke|p1|Pelipper, L50, F|\n|poke|p1|Basculegion, L50, M|\n|poke|p1|Gardevoir, L50, M|\n|poke|p2|Starmie, L50|\n|poke|p2|Passimian, L50, F|\n|poke|p2|Raichu, L50, M|\n|poke|p2|Tsareena, L50, F|\n|poke|p2|Incineroar, L50, M|\n|poke|p2|Sableye, L50, M|\n|teampreview|4\n|inactive|Battle timer is ON: inactive players will automatically lose when time's up. (requested by GOODKO)\n|\n|t:|1776436672\n|teamsize|p1|4\n|teamsize|p2|4\n|start\n|switch|p1a: Aggron|Aggron, L50, F|100/100\n|switch|p1b: Incineroar|Incineroar, L50, M|100/100\n|switch|p2a: M.O.N.K.E.|Passimian, L50, F|100/100\n|switch|p2b: B.Z.Z.T.|Raichu, L50, M|100/100\n|-ability|p1b: Incineroar|Intimidate|boost\n|-unboost|p2a: M.O.N.K.E.|atk|1\n|-ability|p2a: M.O.N.K.E.|Defiant|boost\n|-boost|p2a: M.O.N.K.E.|atk|2\n|-unboost|p2b: B.Z.Z.T.|atk|1\n|turn|1\n|\n|t:|1776436682\n|detailschange|p1a: Aggron|Aggron-Mega, L50, F\n|-mega|p1a: Aggron|Aggron|Aggronite\n|move|p2b: B.Z.Z.T.|Fake Out|p1b: Incineroar\n|-damage|p1b: Incineroar|96/100\n|cant|p1b: Incineroar|flinch\n|move|p2a: M.O.N.K.E.|Close Combat|p1a: Aggron\n|-supereffective|p1a: Aggron|1\n|-damage|p1a: Aggron|31/100\n|-unboost|p2a: M.O.N.K.E.|def|1\n|-unboost|p2a: M.O.N.K.E.|spd|1\n|move|p1a: Aggron|Iron Defense|p1a: Aggron\n|-boost|p1a: Aggron|def|2\n|\n|upkeep\n|turn|2\n|c|\u2606Ryan96|can't outsall the wall huh\n|\n|t:|1776436706\n|move|p1a: Aggron|Protect|p1a: Aggron\n|-singleturn|p1a: Aggron|Protect\n|move|p2b: B.Z.Z.T.|Volt Switch|p1a: Aggron\n|-activate|p1a: Aggron|move: Protect\n|move|p2a: M.O.N.K.E.|Close Combat|p1a: Aggron\n|-activate|p1a: Aggron|move: Protect\n|move|p1b: Incineroar|Flare Blitz|p2b: B.Z.Z.T.\n|-enditem|p2b: B.Z.Z.T.|Focus Sash\n|-damage|p2b: B.Z.Z.T.|1/100\n|-damage|p1b: Incineroar|73/100|[from] Recoil\n|\n|upkeep\n|turn|3\n|\n|t:|1776436722\n|switch|p1a: Sinistcha|Sinistcha, L50|100/100\n|-heal|p1b: Incineroar|98/100|[from] ability: Hospitality|[of] p1a: Sinistcha\n|move|p2b: B.Z.Z.T.|Volt Switch|p1a: Sinistcha\n|-resisted|p1a: Sinistcha|1\n|-damage|p1a: Sinistcha|87/100\n|\n|t:|1776436728\n|switch|p2b: W.W.E.|Incineroar, L50, M|100/100|[from] Volt Switch\n|-ability|p2b: W.W.E.|Intimidate|boost\n|-unboost|p1a: Sinistcha|atk|1\n|-unboost|p1b: Incineroar|atk|1\n|move|p2a: M.O.N.K.E.|Close Combat|p1b: Incineroar\n|-supereffective|p1b: Incineroar|1\n|-enditem|p1b: Incineroar|Chople Berry|[eat]\n|-enditem|p1b: Incineroar|Chople Berry|[weaken]\n|-damage|p1b: Incineroar|1/100\n|-unboost|p2a: M.O.N.K.E.|def|1\n|-unboost|p2a: M.O.N.K.E.|spd|1\n|move|p1b: Incineroar|Flare Blitz|p2a: M.O.N.K.E.\n|-damage|p2a: M.O.N.K.E.|24/100\n|-damage|p1b: Incineroar|0 fnt|[from] Recoil\n|faint|p1b: Incineroar\n|\n|upkeep\n|\n|t:|1776436736\n|switch|p1b: Aggron|Aggron-Mega, L50, F|31/100\n|turn|4\n|\n|t:|1776436759\n|move|p1a: Sinistcha|Rage Powder|p1a: Sinistcha\n|-singleturn|p1a: Sinistcha|move: Rage Powder\n|move|p2a: M.O.N.K.E.|Close Combat|p1a: Sinistcha\n|-immune|p1a: Sinistcha\n|move|p2b: W.W.E.|Flare Blitz|p1a: Sinistcha\n|-supereffective|p1a: Sinistcha|1\n|-damage|p1a: Sinistcha|0 fnt\n|faint|p1a: Sinistcha\n|-damage|p2b: W.W.E.|75/100|[from] Recoil\n|move|p1b: Aggron|Heavy Slam|p2a: M.O.N.K.E.\n|-damage|p2a: M.O.N.K.E.|0 fnt\n|faint|p2a: M.O.N.K.E.\n|\n|upkeep\n|\n|t:|1776436770\n|switch|p2a: B.Z.Z.T.|Raichu, L50, M|1/100\n|switch|p1a: Gardevoir|Gardevoir, L50, M|100/100\n|turn|5\n|\n|t:|1776436777\n|move|p1b: Aggron|Protect|p1b: Aggron\n|-singleturn|p1b: Aggron|Protect\n|move|p2a: B.Z.Z.T.|Fake Out|p1a: Gardevoir\n|-damage|p1a: Gardevoir|92/100\n|cant|p1a: Gardevoir|flinch\n|move|p2b: W.W.E.|Flare Blitz|p1b: Aggron\n|-activate|p1b: Aggron|move: Protect\n|\n|upkeep\n|turn|6\n|\n|t:|1776436787\n|move|p1b: Aggron|Protect||[still]\n|-fail|p1b: Aggron\n|move|p2a: B.Z.Z.T.|Volt Switch|p1b: Aggron\n|-damage|p1b: Aggron|7/100\n|\n|t:|1776436790\n|switch|p2a: B.O.N.K.|Starmie, L50|100/100|[from] Volt Switch\n|move|p1a: Gardevoir|Hyper Voice|p2a: B.O.N.K.|[spread] p2a,p2b\n|-damage|p2a: B.O.N.K.|69/100\n|-damage|p2b: W.W.E.|57/100\n|move|p2b: W.W.E.|Flare Blitz|p1b: Aggron\n|-supereffective|p1b: Aggron|1\n|-damage|p1b: Aggron|0 fnt\n|faint|p1b: Aggron\n|-damage|p2b: W.W.E.|55/100|[from] Recoil\n|\n|upkeep\n|turn|7\n|-message|GOODKO forfeited.\n|\n|win|Ryan96\n|raw|GOODKO's rating: 1332 &rarr; <strong>1309</strong><br />(-23 for losing)\n|raw|Ryan96's rating: 1286 &rarr; <strong>1314</strong><br />(+28 for winning)\n|l|\u2606GOODKO\n|player|p1|\n|l|\u2606Ryan96\n|player|p2|\n|j|\u2606Ryan96\n|player|p2|Ryan96|crasherwake|\n",
  "uploadtime": 1776436805,
  "views": 54,
  "formatid": "gen9championsvgc2026regma",
  "rating": 1309,
  "private": 0,
  "password": null
}