{
  "id": "gen9championsvgc2026regma-2588078037",
  "format": "[Gen 9 Champions] VGC 2026 Reg M-A",
  "players": [
    "decideonanamelate",
    "Scrooge2112"
  ],
  "log": "|j|\u2606decideonanamelate\n|j|\u2606Scrooge2112\n|t:|1776601687\n|gametype|doubles\n|player|p1|decideonanamelate|170|1359\n|player|p2|Scrooge2112|giovanni|1324\n|gen|9\n|tier|[Gen 9 Champions] VGC 2026 Reg M-A\n|rated|\n|rule|Species Clause: Limit one of each Pok\u00e9mon\n|rule|Item Clause: Limit 1 of each item\n|clearpoke\n|poke|p1|Aerodactyl, L50, F|\n|poke|p1|Tyranitar, L50, F|\n|poke|p1|Garchomp, L50, F|\n|poke|p1|Sinistcha, L50|\n|poke|p1|Primarina, L50, M|\n|poke|p1|Dragonite, L50, M|\n|poke|p2|Froslass, L50, F, shiny|\n|poke|p2|Aerodactyl, L50, M|\n|poke|p2|Milotic, L50, M|\n|poke|p2|Garchomp, L50, F|\n|poke|p2|Sneasler, L50, M|\n|poke|p2|Kingambit, L50, F|\n|teampreview|4\n|l|\u2606Scrooge2112\n|player|p2|\n|j|\u2606Scrooge2112\n|player|p2|Scrooge2112|giovanni|\n|\n|t:|1776601726\n|teamsize|p1|4\n|teamsize|p2|4\n|start\n|switch|p1a: Aerocif|Aerodactyl, L50, F|100/100\n|switch|p1b: Tyranocif|Tyranitar, L50, F|100/100\n|switch|p2a: Aerodactyl|Aerodactyl, L50, M|100/100\n|switch|p2b: Garchomp|Garchomp, L50, F|100/100\n|-ability|p1a: Aerocif|Unnerve\n|-ability|p2a: Aerodactyl|Unnerve\n|-weather|Sandstorm|[from] ability: Sand Stream|[of] p1b: Tyranocif\n|turn|1\n|\n|t:|1776601741\n|detailschange|p2a: Aerodactyl|Aerodactyl-Mega, L50, M\n|-mega|p2a: Aerodactyl|Aerodactyl|Aerodactylite\n|detailschange|p1b: Tyranocif|Tyranitar-Mega, L50, F\n|-mega|p1b: Tyranocif|Tyranitar|Tyranitarite\n|move|p2b: Garchomp|Earthquake|p1a: Aerocif|[spread] p1b\n|-immune|p2a: Aerodactyl\n|-immune|p1a: Aerocif\n|-supereffective|p1b: Tyranocif|1\n|-damage|p1b: Tyranocif|45/100\n|move|p2a: Aerodactyl|Rock Slide|p1a: Aerocif|[spread] p1a,p1b\n|-supereffective|p1a: Aerocif|1\n|-enditem|p1a: Aerocif|Focus Sash\n|-damage|p1a: Aerocif|1/100\n|-damage|p1b: Tyranocif|26/100\n|move|p1a: Aerocif|Tailwind|p1a: Aerocif\n|-sidestart|p1: decideonanamelate|move: Tailwind\n|move|p1b: Tyranocif|Rock Slide|p2a: Aerodactyl|[spread] p2a\n|-miss|p1b: Tyranocif|p2b: Garchomp\n|-supereffective|p2a: Aerodactyl|1\n|-damage|p2a: Aerodactyl|0 fnt\n|faint|p2a: Aerodactyl\n|\n|-weather|Sandstorm|[upkeep]\n|upkeep\n|\n|t:|1776601762\n|switch|p2a: Sneasler|Sneasler, L50, M|100/100\n|turn|2\n|\n|t:|1776601779\n|switch|p1a: cupcif|Sinistcha, L50|100/100\n|-heal|p1b: Tyranocif|51/100|[from] ability: Hospitality|[of] p1a: cupcif\n|move|p2a: Sneasler|Protect|p2a: Sneasler\n|-singleturn|p2a: Sneasler|Protect\n|move|p2b: Garchomp|Earthquake|p1b: Tyranocif|[spread] p1a,p1b\n|-activate|p2a: Sneasler|move: Protect\n|-resisted|p1a: cupcif|1\n|-supereffective|p1b: Tyranocif|1\n|-damage|p1a: cupcif|82/100\n|-damage|p1b: Tyranocif|0 fnt\n|faint|p1b: Tyranocif\n|\n|-weather|Sandstorm|[upkeep]\n|-damage|p2a: Sneasler|95/100|[from] Sandstorm\n|-damage|p1a: cupcif|76/100|[from] Sandstorm\n|-heal|p1a: cupcif|82/100|[from] item: Leftovers\n|upkeep\n|\n|t:|1776601790\n|switch|p1b: Aerocif|Aerodactyl, L50, F|1/100\n|-ability|p1b: Aerocif|Unnerve\n|turn|3\n|\n|t:|1776601806\n|switch|p2b: Milotic|Milotic, L50, M|100/100\n|move|p1b: Aerocif|Dual Wingbeat|p2a: Sneasler\n|-supereffective|p2a: Sneasler|1\n|-damage|p2a: Sneasler|31/100\n|-supereffective|p2a: Sneasler|1\n|-damage|p2a: Sneasler|0 fnt\n|faint|p2a: Sneasler\n|-hitcount|p2: Sneasler|2\n|move|p1a: cupcif|Matcha Gotcha|p2b: Milotic\n|-supereffective|p2b: Milotic|1\n|-damage|p2b: Milotic|45/100\n|-heal|p1a: cupcif|100/100|[from] drain|[of] p2b: Milotic\n|\n|-weather|Sandstorm|[upkeep]\n|-damage|p1a: cupcif|94/100|[from] Sandstorm\n|-damage|p2b: Milotic|39/100|[from] Sandstorm\n|-heal|p1a: cupcif|100/100|[from] item: Leftovers\n|upkeep\n|\n|t:|1776601821\n|switch|p2a: Garchomp|Garchomp, L50, F|100/100\n|turn|4\n|\n|t:|1776601862\n|move|p1b: Aerocif|Rock Slide|p2a: Garchomp|[spread] p2a,p2b\n|-resisted|p2a: Garchomp|1\n|-damage|p2a: Garchomp|88/100\n|-damage|p2b: Milotic|7/100\n|cant|p2a: Garchomp|flinch\n|move|p1a: cupcif|Matcha Gotcha|p2b: Milotic|[spread] p2a,p2b\n|-supereffective|p2b: Milotic|1\n|-damage|p2a: Garchomp|50/100\n|-damage|p2b: Milotic|0 fnt\n|faint|p2b: Milotic\n|\n|-weather|Sandstorm|[upkeep]\n|-damage|p1a: cupcif|94/100|[from] Sandstorm\n|-heal|p1a: cupcif|100/100|[from] item: Leftovers\n|-sideend|p1: decideonanamelate|move: Tailwind\n|upkeep\n|turn|5\n|\n|t:|1776601881\n|move|p2a: Garchomp|Dragon Claw|p1b: Aerocif\n|-damage|p1b: Aerocif|0 fnt\n|faint|p1b: Aerocif\n|move|p1a: cupcif|Matcha Gotcha|p2a: Garchomp\n|-damage|p2a: Garchomp|2/100\n|-status|p2a: Garchomp|brn\n|\n|-weather|none\n|-damage|p2a: Garchomp|0 fnt|[from] brn\n|faint|p2a: Garchomp\n|\n|win|decideonanamelate\n|raw|decideonanamelate's rating: 1359 &rarr; <strong>1377</strong><br />(+18 for winning)\n|raw|Scrooge2112's rating: 1324 &rarr; <strong>1306</strong><br />(-18 for losing)\n|l|\u2606Scrooge2112\n|player|p2|\n",
  "uploadtime": 1776602178,
  "views": 14,
  "formatid": "gen9championsvgc2026regma",
  "rating": 1306,
  "private": 0,
  "password": null
}