{
  "id": "gen9championsvgc2026regma-2588718096",
  "format": "[Gen 9 Champions] VGC 2026 Reg M-A",
  "players": [
    "miseria010",
    "circleslowkeyround"
  ],
  "log": "|j|\u2606miseria010\n|j|\u2606circleslowkeyround\n|t:|1776661514\n|gametype|doubles\n|player|p1|miseria010|unknown|1340\n|player|p2|circleslowkeyround|alder|1243\n|gen|9\n|tier|[Gen 9 Champions] VGC 2026 Reg M-A\n|rated|\n|rule|Species Clause: Limit one of each Pok\u00e9mon\n|rule|Item Clause: Limit 1 of each item\n|clearpoke\n|poke|p1|Charizard, L50, M, shiny|\n|poke|p1|Venusaur, L50, M|\n|poke|p1|Garchomp, L50, M|\n|poke|p1|Incineroar, L50, M, shiny|\n|poke|p1|Conkeldurr, L50, M|\n|poke|p1|Whimsicott, L50, F|\n|poke|p2|Glimmora, L50, M|\n|poke|p2|Gardevoir, L50, F|\n|poke|p2|Garchomp, L50, M|\n|poke|p2|Orthworm, L50, F|\n|poke|p2|Whimsicott, L50, F|\n|poke|p2|Rotom-Wash, L50|\n|teampreview|4\n|inactive|Battle timer is ON: inactive players will automatically lose when time's up. (requested by circleslowkeyround)\n|inactive|miseria010 has 60 seconds left.\n|inactive|circleslowkeyround has 60 seconds left.\n|\n|t:|1776661548\n|teamsize|p1|4\n|teamsize|p2|4\n|start\n|switch|p1a: Charizard|Charizard, L50, M, shiny|100/100\n|switch|p1b: Whimsicott|Whimsicott, L50, F|100/100\n|switch|p2a: Whimsicott|Whimsicott, L50, F|100/100\n|switch|p2b: Garchomp|Garchomp, L50, M|100/100\n|turn|1\n|\n|t:|1776661566\n|switch|p1a: Garchomp|Garchomp, L50, M|100/100\n|move|p1b: Whimsicott|Tailwind|p1b: Whimsicott\n|-sidestart|p1: miseria010|move: Tailwind\n|move|p2a: Whimsicott|Tailwind|p2a: Whimsicott\n|-sidestart|p2: circleslowkeyround|move: Tailwind\n|move|p2b: Garchomp|Rock Slide|p1b: Whimsicott|[spread] p1a,p1b\n|-resisted|p1a: Garchomp|1\n|-damage|p1a: Garchomp|91/100\n|-damage|p1b: Whimsicott|66/100\n|\n|upkeep\n|turn|2\n|\n|t:|1776661585\n|switch|p2a: Gardevoir|Gardevoir, L50, F|100/100\n|move|p1a: Garchomp|Protect|p1a: Garchomp\n|-singleturn|p1a: Garchomp|Protect\n|move|p2b: Garchomp|Rock Slide|p1b: Whimsicott|[spread] p1b\n|-activate|p1a: Garchomp|move: Protect\n|-damage|p1b: Whimsicott|35/100\n|move|p1b: Whimsicott|Moonblast|p2b: Garchomp\n|-supereffective|p2b: Garchomp|1\n|-damage|p2b: Garchomp|28/100\n|\n|upkeep\n|turn|3\n|\n|t:|1776661605\n|move|p2a: Gardevoir|Protect|p2a: Gardevoir\n|-singleturn|p2a: Gardevoir|Protect\n|move|p2b: Garchomp|Rock Slide|p1b: Whimsicott|[spread] p1a,p1b\n|-resisted|p1a: Garchomp|1\n|-damage|p1a: Garchomp|80/100\n|-damage|p1b: Whimsicott|4/100\n|move|p1b: Whimsicott|Moonblast|p2b: Garchomp\n|-supereffective|p2b: Garchomp|1\n|-damage|p2b: Garchomp|0 fnt\n|faint|p2b: Garchomp\n|cant|p1a: Garchomp|flinch\n|\n|upkeep\n|\n|t:|1776661617\n|switch|p2b: Whimsicott|Whimsicott, L50, F|100/100\n|turn|4\n|\n|t:|1776661626\n|move|p1b: Whimsicott|Protect|p1b: Whimsicott\n|-singleturn|p1b: Whimsicott|Protect\n|move|p1a: Garchomp|Protect|p1a: Garchomp\n|-singleturn|p1a: Garchomp|Protect\n|move|p2b: Whimsicott|Encore|p1a: Garchomp\n|-activate|p1a: Garchomp|move: Protect\n|move|p2a: Gardevoir|Hyper Voice|p1b: Whimsicott|[spread] \n|-activate|p1a: Garchomp|move: Protect\n|-activate|p1b: Whimsicott|move: Protect\n|\n|-sideend|p1: miseria010|move: Tailwind\n|-sideend|p2: circleslowkeyround|move: Tailwind\n|upkeep\n|turn|5\n|inactive|miseria010 has 30 seconds left.\n|\n|t:|1776661652\n|switch|p1a: Charizard|Charizard, L50, M, shiny|100/100\n|move|p1b: Whimsicott|Tailwind|p1b: Whimsicott\n|-sidestart|p1: miseria010|move: Tailwind\n|move|p2b: Whimsicott|Encore||[still]\n|-fail|p2b: Whimsicott\n|move|p2a: Gardevoir|Hyper Voice|p1b: Whimsicott|[spread] p1a,p1b\n|-damage|p1a: Charizard|72/100\n|-damage|p1b: Whimsicott|0 fnt\n|faint|p1b: Whimsicott\n|\n|upkeep\n|\n|t:|1776661664\n|switch|p1b: Garchomp|Garchomp, L50, M|80/100\n|turn|6\n|\n|t:|1776661671\n|detailschange|p1a: Charizard|Charizard-Mega-Y, L50, M, shiny\n|-mega|p1a: Charizard|Charizard|Charizardite Y\n|-weather|SunnyDay|[from] ability: Drought|[of] p1a: Charizard\n|detailschange|p2a: Gardevoir|Gardevoir-Mega, L50, F\n|-mega|p2a: Gardevoir|Gardevoir|Gardevoirite\n|move|p2b: Whimsicott|Tailwind|p2b: Whimsicott\n|-sidestart|p2: circleslowkeyround|move: Tailwind\n|move|p1b: Garchomp|Earthquake|p2a: Gardevoir|[spread] p2a,p2b\n|-immune|p1a: Charizard\n|-resisted|p2b: Whimsicott|1\n|-damage|p2a: Gardevoir|44/100\n|-damage|p2b: Whimsicott|69/100\n|move|p1a: Charizard|Heat Wave|p2a: Gardevoir|[spread] p2a,p2b\n|-supereffective|p2b: Whimsicott|1\n|-damage|p2a: Gardevoir|0 fnt\n|-damage|p2b: Whimsicott|0 fnt\n|faint|p2a: Gardevoir\n|faint|p2b: Whimsicott\n|\n|-weather|SunnyDay|[upkeep]\n|upkeep\n|\n|t:|1776661688\n|switch|p2b: Glimmora|Glimmora, L50, M|100/100\n|turn|7\n|-message|circleslowkeyround forfeited.\n|\n|win|miseria010\n|raw|miseria010's rating: 1340 &rarr; <strong>1355</strong><br />(+15 for winning)\n|raw|circleslowkeyround's rating: 1243 &rarr; <strong>1225</strong><br />(-18 for losing)\n|l|\u2606circleslowkeyround\n|player|p2|\n",
  "uploadtime": 1776661703,
  "views": 6,
  "formatid": "gen9championsvgc2026regma",
  "rating": 1225,
  "private": 0,
  "password": null
}