{
  "id": "gen9championsvgc2026regma-2588191497",
  "format": "[Gen 9 Champions] VGC 2026 Reg M-A",
  "players": [
    "Crispytoesss",
    "On the wave now"
  ],
  "log": "|j|\u2606Crispytoesss\n|j|\u2606On the wave now\n|t:|1776613035\n|gametype|doubles\n|player|p1|Crispytoesss|silver|1398\n|player|p2|On the wave now|ruinmaniac|1477\n|gen|9\n|tier|[Gen 9 Champions] VGC 2026 Reg M-A\n|rated|\n|rule|Species Clause: Limit one of each Pok\u00e9mon\n|rule|Item Clause: Limit 1 of each item\n|clearpoke\n|poke|p1|Pidgeot, L50, M, shiny|\n|poke|p1|Farigiraf, L50, M|\n|poke|p1|Incineroar, L50, M|\n|poke|p1|Basculegion, L50, M|\n|poke|p1|Dragapult, L50, M, shiny|\n|poke|p1|Sneasler, L50, M, shiny|\n|poke|p2|Delphox, L50, M|\n|poke|p2|Sneasler, L50, M|\n|poke|p2|Conkeldurr, L50, F|\n|poke|p2|Milotic, L50, M|\n|poke|p2|Venusaur, L50, M|\n|poke|p2|Whimsicott, L50, M|\n|teampreview|4\nOn the wave now has agreed to open team sheets.\nCrispytoesss rejected open team sheets.\n|inactive|Battle timer is ON: inactive players will automatically lose when time's up. (requested by Crispytoesss)\n|\n|t:|1776613065\n|teamsize|p1|4\n|teamsize|p2|4\n|start\n|switch|p1a: Farigiraf|Farigiraf, L50, M|100/100\n|switch|p1b: piss jet|Dragapult, L50, M, shiny|100/100\n|switch|p2a: Conkeldurr|Conkeldurr, L50, F|100/100\n|switch|p2b: Milotic|Milotic, L50, M|100/100\n|turn|1\n|\n|t:|1776613076\n|move|p1b: piss jet|Dragon Dance|p1b: piss jet\n|-boost|p1b: piss jet|atk|1\n|-boost|p1b: piss jet|spe|1\n|move|p2b: Milotic|Scald|p1a: Farigiraf\n|-damage|p1a: Farigiraf|72/100\n|move|p1a: Farigiraf|Twin Beam|p2a: Conkeldurr\n|-supereffective|p2a: Conkeldurr|1\n|-damage|p2a: Conkeldurr|58/100\n|-supereffective|p2a: Conkeldurr|1\n|-damage|p2a: Conkeldurr|17/100\n|-hitcount|p2a: Conkeldurr|2\n|move|p2a: Conkeldurr|Drain Punch|p1a: Farigiraf\n|-damage|p1a: Farigiraf|30/100\n|-heal|p2a: Conkeldurr|41/100|[from] drain|[of] p1a: Farigiraf\n|\n|upkeep\n|turn|2\n|\n|t:|1776613099\n|move|p1b: piss jet|Phantom Force||[still]\n|-prepare|p1b: piss jet|Phantom Force\n|move|p2b: Milotic|Scald|p1a: Farigiraf\n|-damage|p1a: Farigiraf|2/100\n|move|p1a: Farigiraf|Twin Beam|p2a: Conkeldurr\n|-supereffective|p2a: Conkeldurr|1\n|-damage|p2a: Conkeldurr|0 fnt\n|faint|p2a: Conkeldurr\n|-hitcount|p2: Conkeldurr|1\n|\n|upkeep\n|\n|t:|1776613106\n|switch|p2a: Whimsicott|Whimsicott, L50, M|100/100\n|turn|3\n|\n|t:|1776613113\n|move|p1b: piss jet|Phantom Force|p2b: Milotic|[from] lockedmove\n|-damage|p2b: Milotic|50/100\n|-enditem|p2b: Milotic|Sitrus Berry|[eat]\n|-heal|p2b: Milotic|75/100|[from] item: Sitrus Berry\n|move|p2a: Whimsicott|Moonblast|p1b: piss jet\n|-supereffective|p1b: piss jet|1\n|-damage|p1b: piss jet|0 fnt\n|faint|p1b: piss jet\n|move|p2b: Milotic|Scald|p1a: Farigiraf\n|-damage|p1a: Farigiraf|0 fnt\n|faint|p1a: Farigiraf\n|\n|upkeep\n|\n|t:|1776613118\n|switch|p1b: piss birb|Pidgeot, L50, M, shiny|100/100\n|switch|p1a: Incineroar|Incineroar, L50, M|100/100\n|-ability|p1a: Incineroar|Intimidate|boost\n|-unboost|p2a: Whimsicott|atk|1\n|-unboost|p2b: Milotic|atk|1\n|-ability|p2b: Milotic|Competitive|boost\n|-boost|p2b: Milotic|spa|2\n|turn|4\n|\n|t:|1776613126\n|detailschange|p1b: piss birb|Pidgeot-Mega, L50, M, shiny\n|-mega|p1b: piss birb|Pidgeot|Pidgeotite\n|move|p2b: Milotic|Protect|p2b: Milotic\n|-singleturn|p2b: Milotic|Protect\n|move|p1a: Incineroar|Fake Out|p2b: Milotic\n|-activate|p2b: Milotic|move: Protect\n|move|p2a: Whimsicott|Tailwind|p2a: Whimsicott\n|-sidestart|p2: On the wave now|move: Tailwind\n|move|p1b: piss birb|Hurricane|p2b: Milotic\n|-activate|p2b: Milotic|move: Protect\n|\n|upkeep\n|turn|5\n|\n|t:|1776613140\n|move|p2a: Whimsicott|Fake Tears|p1b: piss birb\n|-unboost|p1b: piss birb|spd|2\n|move|p2b: Milotic|Scald|p1a: Incineroar\n|-supereffective|p1a: Incineroar|1\n|-damage|p1a: Incineroar|11/100\n|move|p1b: piss birb|Hurricane|p2b: Milotic\n|-damage|p2b: Milotic|31/100\n|move|p1a: Incineroar|Throat Chop|p2b: Milotic\n|-damage|p2b: Milotic|8/100\n|-start|p2b: Milotic|Throat Chop|[silent]\n|\n|upkeep\n|turn|6\n|\n|t:|1776613158\n|move|p2a: Whimsicott|Moonblast|p1a: Incineroar\n|-damage|p1a: Incineroar|0 fnt\n|faint|p1a: Incineroar\n|move|p2b: Milotic|Ice Beam|p1b: piss birb\n|-supereffective|p1b: piss birb|1\n|-damage|p1b: piss birb|0 fnt\n|faint|p1b: piss birb\n|\n|win|On the wave now\n|raw|Crispytoesss's rating: 1398 &rarr; <strong>1382</strong><br />(-16 for losing)\n|raw|On the wave now's rating: 1477 &rarr; <strong>1493</strong><br />(+16 for winning)\n",
  "uploadtime": 1776613163,
  "views": 10,
  "formatid": "gen9championsvgc2026regma",
  "rating": 1382,
  "private": 0,
  "password": null
}