{
  "id": "gen9championsvgc2026regma-2580627659",
  "format": "[Gen 9 Champions] VGC 2026 Reg M-A",
  "players": [
    "HubbleKuo",
    "lobbychatlagsmypc"
  ],
  "log": "|j|\u2606HubbleKuo\n|j|\u2606lobbychatlagsmypc\n|t:|1775919391\n|gametype|doubles\n|player|p1|HubbleKuo|boarder|1040\n|player|p2|lobbychatlagsmypc|102|1113\n|gen|9\n|tier|[Gen 9 Champions] VGC 2026 Reg M-A\n|rated|\n|rule|Species Clause: Limit one of each Pok\u00e9mon\n|rule|Item Clause: Limit 1 of each item\n|clearpoke\n|poke|p1|Kangaskhan, L50, F|\n|poke|p1|Farigiraf, L50, F|\n|poke|p1|Kingambit, L50, F|\n|poke|p1|Garchomp, L50, M|\n|poke|p1|Rotom-Wash, L50|\n|poke|p1|Sylveon, L50, F|\n|poke|p2|Starmie, L50|\n|poke|p2|Pelipper, L50, F|\n|poke|p2|Incineroar, L50, F|\n|poke|p2|Farigiraf, L50, F|\n|poke|p2|Dragapult, L50, M|\n|poke|p2|Sinistcha, L50|\n|teampreview|4\n|inactive|Battle timer is ON: inactive players will automatically lose when time's up. (requested by lobbychatlagsmypc)\n|inactive|HubbleKuo has 60 seconds left.\n|\n|t:|1775919425\n|teamsize|p1|4\n|teamsize|p2|4\n|start\n|switch|p1a: Rotom|Rotom-Wash, L50|100/100\n|switch|p1b: Farigiraf|Farigiraf, L50, F|100/100\n|switch|p2a: Starmie|Starmie, L50|100/100\n|switch|p2b: Pelipper|Pelipper, L50, F|100/100\n|-weather|RainDance|[from] ability: Drizzle|[of] p2b: Pelipper\n|turn|1\n|\n|t:|1775919438\n|switch|p2b: Dragapult|Dragapult, L50, M|100/100\n|detailschange|p2a: Starmie|Starmie-Mega, L50\n|-mega|p2a: Starmie|Starmie|Starminite\n|move|p1b: Farigiraf|Protect|p1b: Farigiraf\n|-singleturn|p1b: Farigiraf|Protect\n|move|p2a: Starmie|Flip Turn|p1b: Farigiraf\n|-activate|p1b: Farigiraf|move: Protect\n|move|p1a: Rotom|Electroweb|p2a: Starmie|[spread] p2a,p2b\n|-supereffective|p2a: Starmie|1\n|-resisted|p2b: Dragapult|1\n|-damage|p2a: Starmie|42/100\n|-damage|p2b: Dragapult|85/100\n|-unboost|p2a: Starmie|spe|1\n|\n|-weather|RainDance|[upkeep]\n|upkeep\n|turn|2\n|\n|t:|1775919461\n|switch|p2a: Farigiraf|Farigiraf, L50, F|100/100\n|move|p2b: Dragapult|Dragon Darts|p1a: Rotom\n|-damage|p1a: Rotom|70/100\n|-anim|p2b: Dragapult|Dragon Darts|p1b: Farigiraf\n|-damage|p1b: Farigiraf|81/100\n|move|p1a: Rotom|Thunderbolt|p2a: Farigiraf\n|-damage|p2a: Farigiraf|51/100\n|move|p1b: Farigiraf|Trick Room|p1b: Farigiraf\n|-fieldstart|move: Trick Room|[of] p1b: Farigiraf\n|\n|-weather|RainDance|[upkeep]\n|upkeep\n|turn|3\n|\n|t:|1775919475\n|switch|p1b: Sylveon|Sylveon, L50, F|100/100\n|move|p2a: Farigiraf|Psychic|p1a: Rotom\n|-damage|p1a: Rotom|21/100\n|move|p1a: Rotom|Will-O-Wisp|p2b: Dragapult\n|-status|p2b: Dragapult|brn\n|move|p2b: Dragapult|Dragon Darts|p1a: Rotom\n|-damage|p1a: Rotom|7/100\n|-anim|p2b: Dragapult|Dragon Darts|p1a: Rotom\n|-damage|p1a: Rotom|0 fnt\n|faint|p1a: Rotom\n|\n|-weather|RainDance|[upkeep]\n|-damage|p2b: Dragapult|79/100 brn|[from] brn\n|upkeep\n|\n|t:|1775919486\n|switch|p1a: Kingambit|Kingambit, L50, F|100/100\n|turn|4\n|\n|t:|1775919494\n|switch|p2b: Pelipper|Pelipper, L50, F|100/100\n|move|p2a: Farigiraf|Protect|p2a: Farigiraf\n|-singleturn|p2a: Farigiraf|Protect\n|move|p1a: Kingambit|Kowtow Cleave|p2a: Farigiraf\n|-activate|p2a: Farigiraf|move: Protect\n|move|p1b: Sylveon|Calm Mind|p1b: Sylveon\n|-boost|p1b: Sylveon|spa|1\n|-boost|p1b: Sylveon|spd|1\n|\n|-weather|RainDance|[upkeep]\n|upkeep\n|turn|5\n|\n|t:|1775919516\n|switch|p2a: Dragapult|Dragapult, L50, M|79/100 brn\n|move|p2b: Pelipper|Wide Guard|p2b: Pelipper\n|-singleturn|p2b: Pelipper|Wide Guard\n|move|p1a: Kingambit|Swords Dance|p1a: Kingambit\n|-boost|p1a: Kingambit|atk|2\n|move|p1b: Sylveon|Hyper Voice|p2b: Pelipper|[spread] \n|-activate|p2a: Dragapult|move: Wide Guard\n|-activate|p2b: Pelipper|move: Wide Guard\n|\n|-weather|none\n|-damage|p2a: Dragapult|73/100 brn|[from] brn\n|upkeep\n|turn|6\n|\n|t:|1775919539\n|move|p2b: Pelipper|Wide Guard|p2b: Pelipper\n|-singleturn|p2b: Pelipper|Wide Guard\n|move|p1a: Kingambit|Kowtow Cleave|p2a: Dragapult\n|-supereffective|p2a: Dragapult|1\n|-damage|p2a: Dragapult|0 fnt\n|faint|p2a: Dragapult\n|move|p1b: Sylveon|Yawn|p2b: Pelipper\n|-start|p2b: Pelipper|move: Yawn|[of] p1b: Sylveon\n|\n|-fieldend|move: Trick Room\n|upkeep\n|\n|t:|1775919544\n|switch|p2a: Starmie|Starmie-Mega, L50|42/100\n|turn|7\n|\n|t:|1775919555\n|switch|p2b: Farigiraf|Farigiraf, L50, F|51/100\n|move|p1b: Sylveon|Protect|p1b: Sylveon\n|-singleturn|p1b: Sylveon|Protect\n|move|p1a: Kingambit|Sucker Punch||[still]\n|cant|p2b: Farigiraf|ability: Armor Tail|Sucker Punch|[of] p1a: Kingambit\n|move|p2a: Starmie|Flip Turn|p1b: Sylveon\n|-activate|p1b: Sylveon|move: Protect\n|\n|upkeep\n|turn|8\n|\n|t:|1775919570\n|switch|p2b: Pelipper|Pelipper, L50, F|100/100\n|-weather|RainDance|[from] ability: Drizzle|[of] p2b: Pelipper\n|move|p2a: Starmie|Flip Turn|p1b: Sylveon\n|-damage|p1b: Sylveon|0 fnt\n|faint|p1b: Sylveon\n|\n|t:|1775919576\n|switch|p2a: Farigiraf|Farigiraf, L50, F|51/100|[from] Flip Turn\n|move|p1a: Kingambit|Kowtow Cleave|p2b: Pelipper\n|-damage|p2b: Pelipper|0 fnt\n|faint|p2b: Pelipper\n|\n|-weather|RainDance|[upkeep]\n|upkeep\n|\n|t:|1775919581\n|switch|p2b: Starmie|Starmie-Mega, L50|42/100\n|switch|p1b: Farigiraf|Farigiraf, L50, F|81/100\n|turn|9\n|\n|t:|1775919591\n|move|p2b: Starmie|Liquidation|p1a: Kingambit\n|-damage|p1a: Kingambit|13/100\n|move|p1a: Kingambit|Kowtow Cleave|p2b: Starmie\n|-supereffective|p2b: Starmie|1\n|-damage|p2b: Starmie|0 fnt\n|faint|p2b: Starmie\n|move|p2a: Farigiraf|Trick Room|p2a: Farigiraf\n|-fieldstart|move: Trick Room|[of] p2a: Farigiraf\n|move|p1b: Farigiraf|Trick Room|p1b: Farigiraf\n|-fieldend|move: Trick Room\n|\n|-weather|RainDance|[upkeep]\n|upkeep\n|turn|10\n|\n|t:|1775919603\n|move|p2a: Farigiraf|Hyper Voice|p1b: Farigiraf|[spread] p1a,p1b\n|-resisted|p1a: Kingambit|1\n|-damage|p1a: Kingambit|0 fnt\n|-damage|p1b: Farigiraf|48/100\n|-enditem|p1b: Farigiraf|Sitrus Berry|[eat]\n|-heal|p1b: Farigiraf|73/100|[from] item: Sitrus Berry\n|faint|p1a: Kingambit\n|move|p1b: Farigiraf|Twin Beam|p2a: Farigiraf\n|-resisted|p2a: Farigiraf|1\n|-damage|p2a: Farigiraf|42/100\n|-enditem|p2a: Farigiraf|Sitrus Berry|[eat]\n|-heal|p2a: Farigiraf|67/100|[from] item: Sitrus Berry\n|-resisted|p2a: Farigiraf|1\n|-damage|p2a: Farigiraf|58/100\n|-hitcount|p2a: Farigiraf|2\n|\n|-weather|RainDance|[upkeep]\n|upkeep\n|turn|11\n|\n|t:|1775919609\n|move|p2a: Farigiraf|Hyper Voice|p1b: Farigiraf\n|-damage|p1b: Farigiraf|28/100\n|move|p1b: Farigiraf|Twin Beam|p2a: Farigiraf\n|-resisted|p2a: Farigiraf|1\n|-damage|p2a: Farigiraf|49/100\n|-resisted|p2a: Farigiraf|1\n|-damage|p2a: Farigiraf|40/100\n|-hitcount|p2a: Farigiraf|2\n|\n|-weather|RainDance|[upkeep]\n|upkeep\n|turn|12\n|\n|t:|1775919612\n|move|p2a: Farigiraf|Hyper Voice|p1b: Farigiraf\n|-damage|p1b: Farigiraf|0 fnt\n|faint|p1b: Farigiraf\n|\n|win|lobbychatlagsmypc\n|raw|HubbleKuo's rating: 1040 &rarr; <strong>1027</strong><br />(-13 for losing)\n|raw|lobbychatlagsmypc's rating: 1113 &rarr; <strong>1133</strong><br />(+20 for winning)\n|l|\u2606HubbleKuo\n|player|p1|\n",
  "uploadtime": 1775919615,
  "views": 17,
  "formatid": "gen9championsvgc2026regma",
  "rating": 1027,
  "private": 0,
  "password": null
}