{
  "id": "gen9championsvgc2026regma-2582971881",
  "format": "[Gen 9 Champions] VGC 2026 Reg M-A",
  "players": [
    "ArthurGate",
    "UssNewJersey"
  ],
  "log": "|j|\u203dArthurGate\n|j|\u203dUssNewJersey\n|t:|1776129665\n|gametype|doubles\n|player|p1|ArthurGate|veteran|1082\n|player|p2|UssNewJersey|lady|1000\n|gen|9\n|tier|[Gen 9 Champions] VGC 2026 Reg M-A\n|rated|\n|rule|Species Clause: Limit one of each Pok\u00e9mon\n|rule|Item Clause: Limit 1 of each item\n|clearpoke\n|poke|p1|Kommo-o, L50, M|\n|poke|p1|Sinistcha-Masterpiece, L50|\n|poke|p1|Incineroar, L50, F|\n|poke|p1|Volcarona, L50, F|\n|poke|p1|Aegislash, L50, M|\n|poke|p1|Glimmora, L50, F|\n|poke|p2|Hatterene, L50, F|\n|poke|p2|Oranguru, L50, M|\n|poke|p2|Sableye, L50, F|\n|poke|p2|Torkoal, L50, F|\n|poke|p2|Camerupt, L50, F|\n|poke|p2|Hydrapple, L50, F|\n|teampreview|4\n|\n|t:|1776129696\n|teamsize|p1|4\n|teamsize|p2|4\n|start\n|switch|p1a: Glimmora|Glimmora, L50, F, shiny|100/100\n|switch|p1b: Aegislash|Aegislash, L50, M, shiny|100/100\n|switch|p2a: Oranguru|Oranguru, L50, M|100/100\n|switch|p2b: Camerupt|Camerupt, L50, F|100/100\n|turn|1\n|\n|t:|1776129718\n|detailschange|p1a: Glimmora|Glimmora-Mega, L50, F, shiny\n|-mega|p1a: Glimmora|Glimmora|Glimmoranite\n|move|p1a: Glimmora|Spiky Shield|p1a: Glimmora\n|-singleturn|p1a: Glimmora|move: Protect\n|move|p1b: Aegislash|King's Shield|p1b: Aegislash\n|-singleturn|p1b: Aegislash|Protect\n|move|p2b: Camerupt|Protect|p2b: Camerupt\n|-singleturn|p2b: Camerupt|Protect\n|move|p2a: Oranguru|Trick Room|p2a: Oranguru\n|-fieldstart|move: Trick Room|[of] p2a: Oranguru\n|\n|upkeep\n|turn|2\n|\n|t:|1776129745\n|switch|p1a: Incineroar|Incineroar, L50, F|100/100\n|-ability|p1a: Incineroar|Intimidate|boost\n|-fail|p2a: Oranguru|unboost|Attack|[from] ability: Inner Focus|[of] p2a: Oranguru\n|-unboost|p2b: Camerupt|atk|1\n|detailschange|p2b: Camerupt|Camerupt-Mega, L50, F\n|-mega|p2b: Camerupt|Camerupt|Cameruptite\n|move|p2b: Camerupt|Eruption|p1b: Aegislash|[spread] p1a,p1b\n|-resisted|p1a: Incineroar|1\n|-supereffective|p1b: Aegislash|1\n|-damage|p1a: Incineroar|68/100\n|-damage|p1b: Aegislash|0 fnt\n|faint|p1b: Aegislash\n|move|p2a: Oranguru|Instruct|p2b: Camerupt\n|-singleturn|p2b: Camerupt|move: Instruct|[of] p2a: Oranguru\n|move|p2b: Camerupt|Eruption|p1a: Incineroar\n|-resisted|p1a: Incineroar|1\n|-damage|p1a: Incineroar|20/100\n|-enditem|p1a: Incineroar|Sitrus Berry|[eat]\n|-heal|p1a: Incineroar|45/100|[from] item: Sitrus Berry\n|\n|upkeep\n|\n|t:|1776129758\n|switch|p1b: Glimmora|Glimmora-Mega, L50, F, shiny|100/100\n|turn|3\n|\n|t:|1776129800\n|switch|p2b: Torkoal|Torkoal, L50, F|100/100\n|-weather|SunnyDay|[from] ability: Drought|[of] p2b: Torkoal\n|move|p1b: Glimmora|Spiky Shield|p1b: Glimmora\n|-singleturn|p1b: Glimmora|move: Protect\n|move|p1a: Incineroar|Fake Out|p2b: Torkoal\n|-damage|p2b: Torkoal|89/100\n|move|p2a: Oranguru|Expanding Force|p1b: Glimmora\n|-activate|p1b: Glimmora|move: Protect\n|\n|-weather|SunnyDay|[upkeep]\n|upkeep\n|turn|4\n|\n|t:|1776129834\n|switch|p1b: Volcarona|Volcarona, L50, F, shiny|100/100\n|move|p2b: Torkoal|Scorching Sands|p1a: Incineroar\n|-supereffective|p1a: Incineroar|1\n|-damage|p1a: Incineroar|8/100\n|move|p2a: Oranguru|Expanding Force|p1b: Volcarona\n|-damage|p1b: Volcarona|78/100\n|move|p1a: Incineroar|Parting Shot|p2b: Torkoal\n|-unboost|p2b: Torkoal|atk|1\n|-unboost|p2b: Torkoal|spa|1\n|\n|t:|1776129847\n|switch|p1a: Glimmora|Glimmora-Mega, L50, F, shiny|100/100|[from] Parting Shot\n|\n|-weather|SunnyDay|[upkeep]\n|upkeep\n|turn|5\n|\n|t:|1776129884\n|move|p1a: Glimmora|Spiky Shield|p1a: Glimmora\n|-singleturn|p1a: Glimmora|move: Protect\n|move|p2b: Torkoal|Scorching Sands|p1b: Volcarona\n|-damage|p1b: Volcarona|67/100\n|move|p2a: Oranguru|Instruct|p2b: Torkoal\n|-singleturn|p2b: Torkoal|move: Instruct|[of] p2a: Oranguru\n|move|p2b: Torkoal|Scorching Sands|p1b: Volcarona\n|-damage|p1b: Volcarona|54/100\n|move|p1b: Volcarona|Bug Buzz|p2a: Oranguru\n|-supereffective|p2a: Oranguru|1\n|-damage|p2a: Oranguru|28/100\n|-enditem|p2a: Oranguru|Sitrus Berry|[eat]\n|-heal|p2a: Oranguru|53/100|[from] item: Sitrus Berry\n|\n|-weather|SunnyDay|[upkeep]\n|-fieldend|move: Trick Room\n|upkeep\n|turn|6\n|\n|t:|1776129909\n|switch|p2b: Hatterene|Hatterene, L50, F|100/100\n|move|p1a: Glimmora|Power Gem|p2b: Hatterene\n|-damage|p2b: Hatterene|24/100\n|move|p1b: Volcarona|Bug Buzz|p2a: Oranguru\n|-supereffective|p2a: Oranguru|1\n|-damage|p2a: Oranguru|0 fnt\n|faint|p2a: Oranguru\n|\n|-weather|SunnyDay|[upkeep]\n|upkeep\n|\n|t:|1776129926\n|switch|p2a: Camerupt|Camerupt-Mega, L50, F|100/100\n|turn|7\n|\n|t:|1776129937\n|move|p1a: Glimmora|Sludge Wave|p2a: Camerupt|[spread] p1b,p2a,p2b\n|-resisted|p2a: Camerupt|1\n|-supereffective|p2b: Hatterene|1\n|-damage|p1b: Volcarona|0 fnt\n|-damage|p2a: Camerupt|69/100\n|-damage|p2b: Hatterene|0 fnt\n|faint|p1b: Volcarona\n|faint|p2b: Hatterene\n|move|p2a: Camerupt|Flash Cannon|p1a: Glimmora\n|-supereffective|p1a: Glimmora|1\n|-damage|p1a: Glimmora|17/100\n|\n|-weather|none\n|upkeep\n|\n|t:|1776129948\n|switch|p1b: Incineroar|Incineroar, L50, F|8/100\n|switch|p2b: Torkoal|Torkoal, L50, F|89/100\n|-ability|p1b: Incineroar|Intimidate|boost\n|-unboost|p2a: Camerupt|atk|1\n|-unboost|p2b: Torkoal|atk|1\n|-weather|SunnyDay|[from] ability: Drought|[of] p2b: Torkoal\n|turn|8\n|\n|t:|1776129961\n|move|p1b: Incineroar|Fake Out|p2a: Camerupt\n|-damage|p2a: Camerupt|55/100\n|move|p1a: Glimmora|Power Gem|p2b: Torkoal\n|-supereffective|p2b: Torkoal|1\n|-damage|p2b: Torkoal|0 fnt\n|faint|p2b: Torkoal\n|cant|p2a: Camerupt|flinch\n|\n|-weather|SunnyDay|[upkeep]\n|upkeep\n|turn|9\n|\n|t:|1776129973\n|move|p2a: Camerupt|Protect|p2a: Camerupt\n|-singleturn|p2a: Camerupt|Protect\n|move|p1a: Glimmora|Power Gem|p2a: Camerupt\n|-activate|p2a: Camerupt|move: Protect\n|move|p1b: Incineroar|Darkest Lariat|p2a: Camerupt\n|-activate|p2a: Camerupt|move: Protect\n|\n|-weather|SunnyDay|[upkeep]\n|upkeep\n|turn|10\n|\n|t:|1776129983\n|move|p1a: Glimmora|Power Gem|p2a: Camerupt\n|-damage|p2a: Camerupt|0 fnt\n|faint|p2a: Camerupt\n|\n|win|ArthurGate\n|raw|ArthurGate's rating: 1082 &rarr; <strong>1103</strong><br />(+21 for winning)\n|raw|UssNewJersey's rating: 1000 &rarr; <strong>1000</strong><br />(+0 for losing)\n|l|\u203dUssNewJersey\n|player|p2|\n",
  "uploadtime": 1776129992,
  "views": 14,
  "formatid": "gen9championsvgc2026regma",
  "rating": 1000,
  "private": 0,
  "password": null
}