{
  "id": "gen9championsvgc2026regma-2586856248",
  "format": "[Gen 9 Champions] VGC 2026 Reg M-A",
  "players": [
    "t.lee93",
    "Chinchilla22"
  ],
  "log": "|j|\u2606t.lee93\n|j|\u2606Chinchilla22\n|t:|1776465756\n|gametype|doubles\n|player|p1|t.lee93|blue|1086\n|player|p2|Chinchilla22|266|1066\n|gen|9\n|tier|[Gen 9 Champions] VGC 2026 Reg M-A\n|rated|\n|rule|Species Clause: Limit one of each Pok\u00e9mon\n|rule|Item Clause: Limit 1 of each item\n|clearpoke\n|poke|p1|Whimsicott, L50, M|\n|poke|p1|Sinistcha, L50|\n|poke|p1|Incineroar, L50, M|\n|poke|p1|Gengar, L50, F|\n|poke|p1|Rotom-Wash, L50|\n|poke|p1|Torkoal, L50, F|\n|poke|p2|Charizard, L50, F|\n|poke|p2|Kingambit, L50, F|\n|poke|p2|Incineroar, L50, F|\n|poke|p2|Floette-Eternal, L50, F|\n|poke|p2|Aerodactyl, L50, M|\n|poke|p2|Sneasler, L50, F|\n|teampreview|4\n|\n|t:|1776465780\n|teamsize|p1|4\n|teamsize|p2|4\n|start\n|switch|p1a: Whimsicott|Whimsicott, L50, M|100/100\n|switch|p1b: Rotom|Rotom-Wash, L50|100/100\n|switch|p2a: Incineroar|Incineroar, L50, F|100/100\n|switch|p2b: Aerodactyl|Aerodactyl, L50, M|100/100\n|-ability|p2b: Aerodactyl|Unnerve\n|-ability|p2a: Incineroar|Intimidate|boost\n|-unboost|p1a: Whimsicott|atk|1\n|-unboost|p1b: Rotom|atk|1\n|turn|1\n|\n|t:|1776465797\n|move|p1b: Rotom|Protect|p1b: Rotom\n|-singleturn|p1b: Rotom|Protect\n|move|p2a: Incineroar|Fake Out|p1a: Whimsicott\n|-damage|p1a: Whimsicott|88/100\n|cant|p1a: Whimsicott|flinch\n|move|p2b: Aerodactyl|Tailwind|p2b: Aerodactyl\n|-sidestart|p2: Chinchilla22|move: Tailwind\n|\n|upkeep\n|turn|2\n|\n|t:|1776465820\n|move|p1b: Rotom|Protect||[still]\n|-fail|p1b: Rotom\n|move|p1a: Whimsicott|Tailwind|p1a: Whimsicott\n|-sidestart|p1: t.lee93|move: Tailwind\n|move|p2b: Aerodactyl|Dual Wingbeat|p1a: Whimsicott\n|-supereffective|p1a: Whimsicott|1\n|-damage|p1a: Whimsicott|32/100\n|-supereffective|p1a: Whimsicott|1\n|-damage|p1a: Whimsicott|0 fnt\n|faint|p1a: Whimsicott\n|-hitcount|p1: Whimsicott|2\n|move|p2a: Incineroar|Parting Shot|p1b: Rotom\n|-unboost|p1b: Rotom|atk|1\n|-unboost|p1b: Rotom|spa|1\n|\n|t:|1776465843\n|switch|p2a: Sneasler|Sneasler, L50, F|100/100|[from] Parting Shot\n|\n|upkeep\n|\n|t:|1776465851\n|switch|p1a: Gengar|Gengar, L50, F|100/100\n|turn|3\n|\n|t:|1776465869\n|switch|p1b: Torkoal|Torkoal, L50, F|100/100\n|-weather|SunnyDay|[from] ability: Drought|[of] p1b: Torkoal\n|detailschange|p1a: Gengar|Gengar-Mega, L50, F\n|-mega|p1a: Gengar|Gengar|Gengarite\n|move|p2a: Sneasler|Fake Out|p1b: Torkoal\n|-damage|p1b: Torkoal|88/100\n|move|p1a: Gengar|Shadow Ball|p2a: Sneasler\n|-damage|p2a: Sneasler|36/100\n|move|p2b: Aerodactyl|Rock Slide|p1b: Torkoal|[spread] p1a,p1b\n|-supereffective|p1b: Torkoal|1\n|-damage|p1a: Gengar|60/100\n|-damage|p1b: Torkoal|41/100\n|\n|-weather|SunnyDay|[upkeep]\n|upkeep\n|turn|4\n|\n|t:|1776465905\n|move|p1b: Torkoal|Protect|p1b: Torkoal\n|-singleturn|p1b: Torkoal|Protect\n|move|p1a: Gengar|Shadow Ball|p2a: Sneasler\n|-damage|p2a: Sneasler|0 fnt\n|faint|p2a: Sneasler\n|move|p2b: Aerodactyl|Rock Slide|p1b: Torkoal|[spread] \n|-activate|p1b: Torkoal|move: Protect\n|-miss|p2b: Aerodactyl|p1a: Gengar\n|\n|-weather|SunnyDay|[upkeep]\n|-sideend|p2: Chinchilla22|move: Tailwind\n|upkeep\n|\n|t:|1776465913\n|switch|p2a: Incineroar|Incineroar, L50, F|100/100\n|-ability|p2a: Incineroar|Intimidate|boost\n|-unboost|p1a: Gengar|atk|1\n|-unboost|p1b: Torkoal|atk|1\n|turn|5\n|\n|t:|1776465946\n|move|p2a: Incineroar|Fake Out|p1b: Torkoal\n|-damage|p1b: Torkoal|33/100\n|move|p1a: Gengar|Sludge Bomb|p2a: Incineroar\n|-damage|p2a: Incineroar|51/100\n|move|p2b: Aerodactyl|Rock Slide|p1b: Torkoal|[spread] p1a,p1b\n|-supereffective|p1b: Torkoal|1\n|-damage|p1a: Gengar|19/100\n|-damage|p1b: Torkoal|0 fnt\n|faint|p1b: Torkoal\n|\n|-weather|SunnyDay|[upkeep]\n|-sideend|p1: t.lee93|move: Tailwind\n|upkeep\n|\n|t:|1776465959\n|switch|p1b: Rotom|Rotom-Wash, L50|100/100\n|turn|6\n|\n|t:|1776465970\n|move|p1a: Gengar|Sludge Bomb|p2a: Incineroar\n|-crit|p2a: Incineroar\n|-damage|p2a: Incineroar|0 fnt\n|faint|p2a: Incineroar\n|move|p2b: Aerodactyl|Rock Slide|p1a: Gengar|[spread] p1b\n|-miss|p2b: Aerodactyl|p1a: Gengar\n|-damage|p1b: Rotom|73/100\n|move|p1b: Rotom|Thunderbolt|p2b: Aerodactyl\n|-supereffective|p2b: Aerodactyl|1\n|-enditem|p2b: Aerodactyl|Focus Sash\n|-damage|p2b: Aerodactyl|1/100\n|\n|-weather|SunnyDay|[upkeep]\n|-heal|p1b: Rotom|79/100|[from] item: Leftovers\n|upkeep\n|\n|t:|1776465973\n|switch|p2a: Kingambit|Kingambit, L50, F|100/100\n|turn|7\n|\n|t:|1776466007\n|move|p1a: Gengar|Protect|p1a: Gengar\n|-singleturn|p1a: Gengar|Protect\n|move|p2b: Aerodactyl|Protect|p2b: Aerodactyl\n|-singleturn|p2b: Aerodactyl|Protect\n|move|p1b: Rotom|Thunderbolt|p2b: Aerodactyl\n|-activate|p2b: Aerodactyl|move: Protect\n|move|p2a: Kingambit|Kowtow Cleave|p1a: Gengar\n|-activate|p1a: Gengar|move: Protect\n|\n|-weather|none\n|-heal|p1b: Rotom|85/100|[from] item: Leftovers\n|upkeep\n|turn|8\n|\n|t:|1776466029\n|move|p2b: Aerodactyl|Protect||[still]\n|-fail|p2b: Aerodactyl\n|move|p1b: Rotom|Protect|p1b: Rotom\n|-singleturn|p1b: Rotom|Protect\n|move|p1a: Gengar|Sludge Bomb|p2b: Aerodactyl\n|-resisted|p2b: Aerodactyl|1\n|-damage|p2b: Aerodactyl|0 fnt\n|faint|p2b: Aerodactyl\n|move|p2a: Kingambit|Kowtow Cleave|p1a: Gengar\n|-supereffective|p1a: Gengar|1\n|-damage|p1a: Gengar|0 fnt\n|faint|p1a: Gengar\n|\n|-heal|p1b: Rotom|91/100|[from] item: Leftovers\n|upkeep\n|turn|9\n|\n|t:|1776466048\n|move|p1b: Rotom|Will-O-Wisp|p2a: Kingambit|[miss]\n|-miss|p1b: Rotom|p2a: Kingambit\n|move|p2a: Kingambit|Kowtow Cleave|p1b: Rotom\n|-damage|p1b: Rotom|28/100\n|\n|-heal|p1b: Rotom|34/100|[from] item: Leftovers\n|upkeep\n|turn|10\n|\n|t:|1776466065\n|move|p1b: Rotom|Thunderbolt|p2a: Kingambit\n|-damage|p2a: Kingambit|67/100\n|move|p2a: Kingambit|Kowtow Cleave|p1b: Rotom\n|-damage|p1b: Rotom|0 fnt\n|faint|p1b: Rotom\n|\n|win|Chinchilla22\n|raw|t.lee93's rating: 1086 &rarr; <strong>1062</strong><br />(-24 for losing)\n|raw|Chinchilla22's rating: 1066 &rarr; <strong>1098</strong><br />(+32 for winning)\n",
  "uploadtime": 1776466073,
  "views": 22,
  "formatid": "gen9championsvgc2026regma",
  "rating": 1062,
  "private": 0,
  "password": null
}