{
  "id": "gen9championsvgc2026regma-2584642334",
  "format": "[Gen 9 Champions] VGC 2026 Reg M-A",
  "players": [
    "SleepyBadBoy",
    "Bigred46"
  ],
  "log": "|j|\u2606SleepyBadBoy\n|j|\u2606Bigred46\n|t:|1776273967\n|gametype|doubles\n|player|p1|SleepyBadBoy|102|1260\n|player|p2|Bigred46|swimmer|1292\n|gen|9\n|tier|[Gen 9 Champions] VGC 2026 Reg M-A\n|rated|\n|rule|Species Clause: Limit one of each Pok\u00e9mon\n|rule|Item Clause: Limit 1 of each item\n|clearpoke\n|poke|p1|Gengar, L50, F|\n|poke|p1|Incineroar, L50, F|\n|poke|p1|Kommo-o, L50, F|\n|poke|p1|Sinistcha, L50|\n|poke|p1|Kingambit, L50, F|\n|poke|p1|Tyranitar, L50, F|\n|poke|p2|Dragonite, L50, F|\n|poke|p2|Pelipper, L50, F|\n|poke|p2|Basculegion, L50, M|\n|poke|p2|Rotom-Heat, L50|\n|poke|p2|Sneasler, L50, F|\n|poke|p2|Archaludon, L50, F|\n|teampreview|4\n|inactive|Battle timer is ON: inactive players will automatically lose when time's up. (requested by SleepyBadBoy)\n|inactive|SleepyBadBoy has 60 seconds left.\n|\n|t:|1776274017\n|teamsize|p1|4\n|teamsize|p2|4\n|start\n|switch|p1a: Kingambit|Kingambit, L50, F|100/100\n|switch|p1b: Kommo-o|Kommo-o, L50, F|100/100\n|switch|p2a: Dragonite|Dragonite, L50, F|100/100\n|switch|p2b: Sneasler|Sneasler, L50, F|100/100\n|turn|1\n|\n|t:|1776274037\n|detailschange|p2a: Dragonite|Dragonite-Mega, L50, F\n|-mega|p2a: Dragonite|Dragonite|Dragoninite\n|move|p1b: Kommo-o|Protect|p1b: Kommo-o\n|-singleturn|p1b: Kommo-o|Protect\n|move|p1a: Kingambit|Protect|p1a: Kingambit\n|-singleturn|p1a: Kingambit|Protect\n|move|p2b: Sneasler|Close Combat|p1a: Kingambit\n|-activate|p1a: Kingambit|move: Protect\n|move|p2a: Dragonite|Draco Meteor|p1b: Kommo-o\n|-activate|p1b: Kommo-o|move: Protect\n|\n|upkeep\n|turn|2\n|inactive|SleepyBadBoy has 30 seconds left.\n|inactive|Bigred46 has 30 seconds left.\n|\n|t:|1776274066\n|switch|p2b: Pelipper|Pelipper, L50, F|100/100\n|-weather|RainDance|[from] ability: Drizzle|[of] p2b: Pelipper\n|switch|p1b: Tyranitar|Tyranitar, L50, F|100/100\n|-weather|Sandstorm|[from] ability: Sand Stream|[of] p1b: Tyranitar\n|switch|p1a: Sinistcha|Sinistcha, L50|100/100\n|move|p2a: Dragonite|Protect||[still]\n|-fail|p2a: Dragonite\n|\n|-weather|Sandstorm|[upkeep]\n|-damage|p2a: Dragonite|95/100|[from] Sandstorm\n|-damage|p2b: Pelipper|95/100|[from] Sandstorm\n|-damage|p1a: Sinistcha|94/100|[from] Sandstorm\n|upkeep\n|turn|3\n|inactive|SleepyBadBoy has 30 seconds left.\n|inactive|Bigred46 has 30 seconds left.\n|\n|t:|1776274099\n|switch|p2a: Archaludon|Archaludon, L50, F|100/100\n|switch|p1a: Kommo-o|Kommo-o, L50, F|100/100\n|move|p1b: Tyranitar|Rock Slide|p2a: Archaludon|[spread] p2a,p2b\n|-resisted|p2a: Archaludon|1\n|-supereffective|p2b: Pelipper|1\n|-damage|p2a: Archaludon|89/100\n|-damage|p2b: Pelipper|16/100\n|-ability|p2a: Archaludon|Stamina|boost\n|-boost|p2a: Archaludon|def|1\n|move|p2b: Pelipper|Tailwind|p2b: Pelipper\n|-sidestart|p2: Bigred46|move: Tailwind\n|\n|-weather|Sandstorm|[upkeep]\n|-damage|p2b: Pelipper|10/100|[from] Sandstorm\n|-damage|p1a: Kommo-o|95/100|[from] Sandstorm\n|-heal|p2a: Archaludon|95/100|[from] item: Leftovers\n|-heal|p1a: Kommo-o|100/100|[from] item: Leftovers\n|upkeep\n|turn|4\n|inactive|Bigred46 has 30 seconds left.\n|\n|t:|1776274132\n|switch|p2b: Sneasler|Sneasler, L50, F|100/100\n|switch|p1b: Sinistcha|Sinistcha, L50|94/100\n|move|p2a: Archaludon|Protect|p2a: Archaludon\n|-singleturn|p2a: Archaludon|Protect\n|move|p1a: Kommo-o|Protect||[still]\n|-fail|p1a: Kommo-o\n|\n|-weather|Sandstorm|[upkeep]\n|-damage|p2b: Sneasler|95/100|[from] Sandstorm\n|-damage|p1a: Kommo-o|95/100|[from] Sandstorm\n|-damage|p1b: Sinistcha|88/100|[from] Sandstorm\n|-heal|p2a: Archaludon|100/100|[from] item: Leftovers\n|-heal|p1a: Kommo-o|100/100|[from] item: Leftovers\n|upkeep\n|turn|5\n|inactive|Bigred46 has 30 seconds left.\n|\n|t:|1776274165\n|switch|p1a: Tyranitar|Tyranitar, L50, F|100/100\n|move|p2b: Sneasler|Dire Claw|p1b: Sinistcha\n|-damage|p1b: Sinistcha|52/100\n|move|p2a: Archaludon|Draco Meteor|p1a: Tyranitar\n|-damage|p1a: Tyranitar|58/100\n|-unboost|p2a: Archaludon|spa|2\n|move|p1b: Sinistcha|Matcha Gotcha|p2a: Archaludon|[spread] p2a,p2b\n|-resisted|p2a: Archaludon|2\n|-resisted|p2b: Sneasler|1\n|-damage|p2a: Archaludon|94/100\n|-heal|p1b: Sinistcha|56/100|[from] drain|[of] p2a: Archaludon\n|-damage|p2b: Sneasler|78/100\n|-heal|p1b: Sinistcha|63/100|[from] drain|[of] p2b: Sneasler\n|-ability|p2a: Archaludon|Stamina|boost\n|-boost|p2a: Archaludon|def|1\n|\n|-weather|Sandstorm|[upkeep]\n|-damage|p2b: Sneasler|72/100|[from] Sandstorm\n|-damage|p1b: Sinistcha|57/100|[from] Sandstorm\n|-heal|p2a: Archaludon|100/100|[from] item: Leftovers\n|upkeep\n|turn|6\n|inactive|Bigred46 has 30 seconds left.\n|\n|t:|1776274193\n|switch|p2a: Pelipper|Pelipper, L50, F|10/100\n|-weather|RainDance|[from] ability: Drizzle|[of] p2a: Pelipper\n|switch|p1a: Kommo-o|Kommo-o, L50, F|100/100\n|move|p2b: Sneasler|Close Combat|p1a: Kommo-o\n|-damage|p1a: Kommo-o|40/100\n|-unboost|p2b: Sneasler|def|1\n|-unboost|p2b: Sneasler|spd|1\n|-enditem|p2b: Sneasler|White Herb\n|-clearnegativeboost|p2b: Sneasler|[silent]\n|move|p1b: Sinistcha|Life Dew|p1b: Sinistcha|[spread] p1a,p1b\n|-heal|p1a: Kommo-o|66/100\n|-heal|p1b: Sinistcha|82/100\n|\n|-weather|RainDance|[upkeep]\n|-heal|p1a: Kommo-o|71/100|[from] item: Leftovers\n|-sideend|p2: Bigred46|move: Tailwind\n|upkeep\n|turn|7\n|inactive|Bigred46 has 30 seconds left.\n|\n|t:|1776274223\n|move|p1b: Sinistcha|Rage Powder|p1b: Sinistcha\n|-singleturn|p1b: Sinistcha|move: Rage Powder\n|move|p2b: Sneasler|Close Combat|p1b: Sinistcha\n|-immune|p1b: Sinistcha\n|move|p1a: Kommo-o|Clangorous Soul|p1a: Kommo-o\n|-boost|p1a: Kommo-o|atk|1\n|-boost|p1a: Kommo-o|def|1\n|-boost|p1a: Kommo-o|spa|1\n|-boost|p1a: Kommo-o|spd|1\n|-boost|p1a: Kommo-o|spe|1\n|-damage|p1a: Kommo-o|39/100\n|move|p2a: Pelipper|Tailwind|p2a: Pelipper\n|-sidestart|p2: Bigred46|move: Tailwind\n|\n|-weather|RainDance|[upkeep]\n|-heal|p1a: Kommo-o|44/100|[from] item: Leftovers\n|upkeep\n|turn|8\n|inactive|Bigred46 has 30 seconds left.\n|inactive|Bigred46 has 20 seconds left.\n|\n|t:|1776274258\n|move|p1b: Sinistcha|Rage Powder|p1b: Sinistcha\n|-singleturn|p1b: Sinistcha|move: Rage Powder\n|move|p2b: Sneasler|Close Combat|p1b: Sinistcha\n|-immune|p1b: Sinistcha\n|move|p2a: Pelipper|Hurricane|p1b: Sinistcha\n|-supereffective|p1b: Sinistcha|1\n|-damage|p1b: Sinistcha|0 fnt\n|faint|p1b: Sinistcha\n|move|p1a: Kommo-o|Clanging Scales|p2b: Sneasler|[spread] p2a,p2b\n|-damage|p2a: Pelipper|0 fnt\n|-damage|p2b: Sneasler|0 fnt\n|faint|p2a: Pelipper\n|faint|p2b: Sneasler\n|-unboost|p1a: Kommo-o|def|1\n|\n|-weather|RainDance|[upkeep]\n|-heal|p1a: Kommo-o|50/100|[from] item: Leftovers\n|upkeep\n|\n|t:|1776274277\n|switch|p2b: Archaludon|Archaludon, L50, F|100/100\n|switch|p2a: Dragonite|Dragonite-Mega, L50, F|95/100\n|switch|p1b: Tyranitar|Tyranitar, L50, F|58/100\n|-weather|Sandstorm|[from] ability: Sand Stream|[of] p1b: Tyranitar\n|turn|9\n|\n|t:|1776274297\n|move|p1a: Kommo-o|Protect|p1a: Kommo-o\n|-singleturn|p1a: Kommo-o|Protect\n|move|p2a: Dragonite|Draco Meteor|p1a: Kommo-o\n|-activate|p1a: Kommo-o|move: Protect\n|move|p2b: Archaludon|Flash Cannon|p1b: Tyranitar\n|-supereffective|p1b: Tyranitar|1\n|-crit|p1b: Tyranitar\n|-damage|p1b: Tyranitar|0 fnt\n|faint|p1b: Tyranitar\n|\n|-weather|Sandstorm|[upkeep]\n|-damage|p2a: Dragonite|89/100|[from] Sandstorm\n|-damage|p1a: Kommo-o|44/100|[from] Sandstorm\n|-heal|p1a: Kommo-o|50/100|[from] item: Leftovers\n|upkeep\n|\n|t:|1776274312\n|switch|p1b: Kingambit|Kingambit, L50, F|100/100\n|turn|10\n|\n|t:|1776274323\n|move|p1a: Kommo-o|Protect||[still]\n|-fail|p1a: Kommo-o\n|move|p1b: Kingambit|Sucker Punch|p2a: Dragonite\n|-damage|p2a: Dragonite|47/100\n|move|p2a: Dragonite|Draco Meteor|p1a: Kommo-o\n|-supereffective|p1a: Kommo-o|1\n|-crit|p1a: Kommo-o\n|-damage|p1a: Kommo-o|0 fnt\n|-unboost|p2a: Dragonite|spa|2\n|faint|p1a: Kommo-o\n|move|p2b: Archaludon|Electro Shot||[still]\n|-prepare|p2b: Archaludon|Electro Shot\n|-boost|p2b: Archaludon|spa|1\n|\n|-weather|Sandstorm|[upkeep]\n|-damage|p2a: Dragonite|41/100|[from] Sandstorm\n|-sideend|p2: Bigred46|move: Tailwind\n|upkeep\n|turn|11\n|\n|t:|1776274345\n|move|p2a: Dragonite|Protect|p2a: Dragonite\n|-singleturn|p2a: Dragonite|Protect\n|move|p1b: Kingambit|Protect|p1b: Kingambit\n|-singleturn|p1b: Kingambit|Protect\n|move|p2b: Archaludon|Electro Shot|p1b: Kingambit|[from] lockedmove\n|-activate|p1b: Kingambit|move: Protect\n|\n|-weather|Sandstorm|[upkeep]\n|-damage|p2a: Dragonite|35/100|[from] Sandstorm\n|upkeep\n|turn|12\n|\n|t:|1776274363\n|move|p2a: Dragonite|Extreme Speed|p1b: Kingambit\n|-resisted|p1b: Kingambit|1\n|-damage|p1b: Kingambit|93/100\n|move|p2b: Archaludon|Flash Cannon|p1b: Kingambit\n|-resisted|p1b: Kingambit|1\n|-damage|p1b: Kingambit|67/100\n|-unboost|p1b: Kingambit|spd|1\n|-ability|p1b: Kingambit|Defiant|boost\n|-boost|p1b: Kingambit|atk|2\n|move|p1b: Kingambit|Iron Head|p2a: Dragonite\n|-damage|p2a: Dragonite|0 fnt\n|faint|p2a: Dragonite\n|\n|-weather|Sandstorm|[upkeep]\n|upkeep\n|turn|13\n|\n|t:|1776274380\n|move|p2b: Archaludon|Flash Cannon|p1b: Kingambit\n|-resisted|p1b: Kingambit|1\n|-damage|p1b: Kingambit|29/100\n|move|p1b: Kingambit|Low Kick|p2b: Archaludon\n|-supereffective|p2b: Archaludon|1\n|-damage|p2b: Archaludon|3/100\n|-ability|p2b: Archaludon|Stamina|boost\n|-boost|p2b: Archaludon|def|1\n|\n|-weather|none\n|-heal|p2b: Archaludon|9/100|[from] item: Leftovers\n|upkeep\n|turn|14\n|\n|t:|1776274392\n|move|p1b: Kingambit|Sucker Punch|p2b: Archaludon\n|-damage|p2b: Archaludon|0 fnt\n|faint|p2b: Archaludon\n|\n|win|SleepyBadBoy\n|raw|SleepyBadBoy's rating: 1260 &rarr; <strong>1287</strong><br />(+27 for winning)\n|raw|Bigred46's rating: 1292 &rarr; <strong>1265</strong><br />(-27 for losing)\n",
  "uploadtime": 1776274395,
  "views": 42,
  "formatid": "gen9championsvgc2026regma",
  "rating": 1265,
  "private": 0,
  "password": null
}