{
  "id": "gen9championsvgc2026regma-2587085951",
  "format": "[Gen 9 Champions] VGC 2026 Reg M-A",
  "players": [
    "reydegonnet",
    "Enekos"
  ],
  "log": "|j|\u2606reydegonnet\n|j|\u2606Enekos\n|t:|1776491417\n|gametype|doubles\n|player|p1|reydegonnet|102|\n|player|p2|Enekos|steven|\n|gen|9\n|tier|[Gen 9 Champions] VGC 2026 Reg M-A\n|rule|Species Clause: Limit one of each Pok\u00e9mon\n|rule|Item Clause: Limit 1 of each item\n|clearpoke\n|poke|p1|Kommo-o, L50, M|\n|poke|p1|Floette-Eternal, L50, F|\n|poke|p1|Aegislash, L50, M, shiny|\n|poke|p1|Incineroar, L50, M|\n|poke|p1|Rotom-Wash, L50, shiny|\n|poke|p1|Sneasler, L50, F, shiny|\n|poke|p2|Gengar, L50, F, shiny|\n|poke|p2|Politoed, L50, F|\n|poke|p2|Aerodactyl, L50, M|\n|poke|p2|Incineroar, L50, M|\n|poke|p2|Sneasler, L50, M|\n|poke|p2|Garchomp, L50, M|\n|teampreview|4\nreydegonnet rejected open team sheets.\n|\n|t:|1776491515\n|teamsize|p1|4\n|teamsize|p2|4\n|start\n|switch|p1a: Aegislash|Aegislash, L50, M, shiny|100/100\n|switch|p1b: Rotom|Rotom-Wash, L50, shiny|100/100\n|switch|p2a: Mosquitofosil|Aerodactyl, L50, M|100/100\n|switch|p2b: Chillbroh|Sneasler, L50, M|100/100\n|-ability|p2a: Mosquitofosil|Unnerve\n|turn|1\n|\n|t:|1776491566\n|switch|p1a: Incineroar|Incineroar, L50, M|100/100\n|-ability|p1a: Incineroar|Intimidate|boost\n|-unboost|p2a: Mosquitofosil|atk|1\n|-unboost|p2b: Chillbroh|atk|1\n|move|p2b: Chillbroh|Fake Out|p1b: Rotom\n|-damage|p1b: Rotom|89/100\n|cant|p1b: Rotom|flinch\n|move|p2a: Mosquitofosil|Tailwind|p2a: Mosquitofosil\n|-sidestart|p2: Enekos|move: Tailwind\n|\n|upkeep\n|turn|2\n|\n|t:|1776491598\n|move|p1a: Incineroar|Fake Out|p2b: Chillbroh\n|-damage|p2b: Chillbroh|83/100\n|move|p2a: Mosquitofosil|Rock Slide|p1a: Incineroar|[spread] p1a,p1b\n|-supereffective|p1a: Incineroar|1\n|-damage|p1a: Incineroar|74/100\n|-damage|p1b: Rotom|66/100\n|cant|p2b: Chillbroh|flinch\n|move|p1b: Rotom|Electroweb|p2b: Chillbroh|[spread] p2a,p2b\n|-supereffective|p2a: Mosquitofosil|1\n|-damage|p2a: Mosquitofosil|53/100\n|-damage|p2b: Chillbroh|59/100\n|-unboost|p2a: Mosquitofosil|spe|1\n|-unboost|p2b: Chillbroh|spe|1\n|\n|upkeep\n|turn|3\n|\n|t:|1776491623\n|switch|p2b: Gymbro|Incineroar, L50, M|100/100\n|-ability|p2b: Gymbro|Intimidate|boost\n|-unboost|p1a: Incineroar|atk|1\n|-unboost|p1b: Rotom|atk|1\n|move|p1a: Incineroar|Helping Hand|p1b: Rotom\n|-singleturn|p1b: Rotom|Helping Hand|[of] p1a: Incineroar\n|move|p2a: Mosquitofosil|Dual Wingbeat|p1b: Rotom\n|-resisted|p1b: Rotom|1\n|-damage|p1b: Rotom|58/100\n|-resisted|p1b: Rotom|1\n|-damage|p1b: Rotom|50/100\n|-hitcount|p1b: Rotom|2\n|move|p1b: Rotom|Electroweb|p2b: Gymbro|[spread] p2a,p2b\n|-supereffective|p2a: Mosquitofosil|1\n|-damage|p2a: Mosquitofosil|0 fnt\n|-damage|p2b: Gymbro|76/100\n|-unboost|p2b: Gymbro|spe|1\n|faint|p2a: Mosquitofosil\n|\n|upkeep\n|\n|t:|1776491640\n|switch|p2a: Gengar|Gengar, L50, F, shiny|100/100\n|turn|4\n|\n|t:|1776491663\n|detailschange|p2a: Gengar|Gengar-Mega, L50, F, shiny\n|-mega|p2a: Gengar|Gengar|Gengarite\n|move|p2a: Gengar|Protect|p2a: Gengar\n|-singleturn|p2a: Gengar|Protect\n|move|p2b: Gymbro|Fake Out|p1b: Rotom\n|-damage|p1b: Rotom|36/100\n|cant|p1b: Rotom|flinch\n|move|p1a: Incineroar|Parting Shot|p2a: Gengar\n|-activate|p2a: Gengar|move: Protect\n|\n|-sideend|p2: Enekos|move: Tailwind\n|upkeep\n|turn|5\n|\n|t:|1776491693\n|move|p2b: Gymbro|Fake Out||[still]\n|-hint|Fake Out only works on your first turn out.\n|-fail|p2b: Gymbro\n|move|p1b: Rotom|Electroweb|p2a: Gengar|[spread] p2a,p2b\n|-damage|p2a: Gengar|76/100\n|-damage|p2b: Gymbro|58/100\n|-unboost|p2a: Gengar|spe|1\n|-unboost|p2b: Gymbro|spe|1\n|move|p2a: Gengar|Disable|p1b: Rotom\n|-start|p1b: Rotom|Disable|Electroweb\n|move|p1a: Incineroar|Parting Shot|p2a: Gengar\n|-unboost|p2a: Gengar|atk|1\n|-unboost|p2a: Gengar|spa|1\n|\n|t:|1776491706\n|switch|p1a: Aegislash|Aegislash, L50, M, shiny|100/100|[from] Parting Shot\n|\n|upkeep\n|turn|6\n|\n|t:|1776491716\n|move|p1a: Aegislash|King's Shield|p1a: Aegislash\n|-singleturn|p1a: Aegislash|Protect\n|-activate|p1b: Rotom|move: Struggle\n|move|p1b: Rotom|Struggle|p2a: Gengar\n|-damage|p2a: Gengar|69/100\n|-damage|p1b: Rotom|11/100|[from] recoil\n|move|p2a: Gengar|Shadow Ball|p1a: Aegislash\n|-activate|p1a: Aegislash|move: Protect\n|move|p2b: Gymbro|Flare Blitz|p1a: Aegislash\n|-activate|p1a: Aegislash|move: Protect\n|-unboost|p2b: Gymbro|atk|1\n|\n|upkeep\n|turn|7\n|\n|t:|1776491745\n|-formechange|p1a: Aegislash|Aegislash-Blade|\n|move|p1a: Aegislash|Shadow Sneak|p2a: Gengar\n|-supereffective|p2a: Gengar|1\n|-damage|p2a: Gengar|0 fnt\n|faint|p2a: Gengar\n|-activate|p1b: Rotom|move: Struggle\n|move|p1b: Rotom|Struggle|p2b: Gymbro\n|-damage|p2b: Gymbro|55/100\n|-damage|p1b: Rotom|0 fnt|[from] recoil\n|faint|p1b: Rotom\n|move|p2b: Gymbro|Flare Blitz|p1a: Aegislash\n|-supereffective|p1a: Aegislash|1\n|-damage|p1a: Aegislash|0 fnt\n|faint|p1a: Aegislash\n|-damage|p2b: Gymbro|28/100|[from] Recoil\n|-enditem|p2b: Gymbro|Sitrus Berry|[eat]\n|-heal|p2b: Gymbro|53/100|[from] item: Sitrus Berry\n|\n|upkeep\n|\n|t:|1776491760\n|switch|p2a: Chillbroh|Sneasler, L50, M|59/100\n|switch|p1b: Incineroar|Incineroar, L50, M|74/100\n|switch|p1a: Floette|Floette-Eternal, L50, F|100/100\n|-ability|p1b: Incineroar|Intimidate|boost\n|-unboost|p2a: Chillbroh|atk|1\n|-unboost|p2b: Gymbro|atk|1\n|turn|8\n|\n|t:|1776491795\n|detailschange|p1a: Floette|Floette-Mega, L50, F\n|-mega|p1a: Floette|Floette|Floettite\n|-ability|p1a: Floette|Fairy Aura\n|move|p2a: Chillbroh|Fake Out|p1b: Incineroar\n|-damage|p1b: Incineroar|66/100\n|cant|p1b: Incineroar|flinch\n|move|p1a: Floette|Dazzling Gleam|p2a: Chillbroh|[spread] p2a,p2b\n|-damage|p2a: Chillbroh|3/100\n|-damage|p2b: Gymbro|12/100\n|move|p2b: Gymbro|Flare Blitz|p1a: Floette\n|-damage|p1a: Floette|75/100\n|-damage|p2b: Gymbro|5/100|[from] Recoil\n|\n|upkeep\n|turn|9\n|\n|t:|1776491836\n|move|p1a: Floette|Protect|p1a: Floette\n|-singleturn|p1a: Floette|Protect\n|move|p2a: Chillbroh|Close Combat|p1b: Incineroar\n|-supereffective|p1b: Incineroar|1\n|-damage|p1b: Incineroar|0 fnt\n|-unboost|p2a: Chillbroh|def|1\n|-unboost|p2a: Chillbroh|spd|1\n|faint|p1b: Incineroar\n|move|p2b: Gymbro|Flare Blitz|p1a: Floette\n|-activate|p1a: Floette|move: Protect\n|\n|upkeep\n|turn|10\n|\n|t:|1776491872\n|move|p2a: Chillbroh|Protect|p2a: Chillbroh\n|-singleturn|p2a: Chillbroh|Protect\n|move|p1a: Floette|Dazzling Gleam|p2a: Chillbroh|[spread] p2b\n|-activate|p2a: Chillbroh|move: Protect\n|-damage|p2b: Gymbro|0 fnt\n|faint|p2b: Gymbro\n|\n|upkeep\n|turn|11\n|\n|t:|1776491885\n|move|p2a: Chillbroh|Dire Claw|p1a: Floette\n|-supereffective|p1a: Floette|1\n|-damage|p1a: Floette|22/100\n|-status|p1a: Floette|slp\n|cant|p1a: Floette|slp\n|\n|upkeep\n|turn|12\n|\n|t:|1776491895\n|move|p2a: Chillbroh|Dire Claw|p1a: Floette\n|-supereffective|p1a: Floette|1\n|-damage|p1a: Floette|0 fnt\n|faint|p1a: Floette\n|\n|win|Enekos\n",
  "uploadtime": 1776491903,
  "views": 16,
  "formatid": "gen9championsvgc2026regma",
  "rating": null,
  "private": 0,
  "password": null
}