{
  "id": "gen9championsvgc2026regma-2582741584",
  "format": "[Gen 9 Champions] VGC 2026 Reg M-A",
  "players": [
    "Juya",
    "TheoliverXD"
  ],
  "log": "|j|\u2606Juya\n|j|\u2606TheoliverXD\n|t:|1776110916\n|gametype|doubles\n|player|p1|Juya|265|1213\n|player|p2|TheoliverXD|ghetsis|1231\n|gen|9\n|tier|[Gen 9 Champions] VGC 2026 Reg M-A\n|rated|\n|rule|Species Clause: Limit one of each Pok\u00e9mon\n|rule|Item Clause: Limit 1 of each item\n|clearpoke\n|poke|p1|Gengar, L50, F|\n|poke|p1|Azumarill, L50, F|\n|poke|p1|Tsareena, L50, F|\n|poke|p1|Corviknight, L50, F|\n|poke|p1|Garchomp, L50, F|\n|poke|p1|Incineroar, L50, M|\n|poke|p2|Arcanine, L50, F|\n|poke|p2|Rotom-Wash, L50|\n|poke|p2|Garchomp, L50, M|\n|poke|p2|Venusaur, L50, F|\n|poke|p2|Corviknight, L50, F|\n|poke|p2|Sneasler, L50, F|\n|teampreview|4\n|inactive|Battle timer is ON: inactive players will automatically lose when time's up. (requested by Juya)\n|inactive|Juya has 60 seconds left.\n|inactive|TheoliverXD has 60 seconds left.\n|inactive|TheoliverXD has 30 seconds left.\n|inactive|TheoliverXD has 20 seconds left.\n|inactive|TheoliverXD has 15 seconds left.\n|\n|t:|1776110993\n|teamsize|p1|4\n|teamsize|p2|4\n|start\n|switch|p1a: Tsareena|Tsareena, L50, F|100/100\n|switch|p1b: Incineroar|Incineroar, L50, M|100/100\n|switch|p2a: Arcanine|Arcanine, L50, F|100/100\n|switch|p2b: Rotom|Rotom-Wash, L50|100/100\n|-ability|p2a: Arcanine|Intimidate|boost\n|-unboost|p1a: Tsareena|atk|1\n|-unboost|p1b: Incineroar|atk|1\n|-ability|p1b: Incineroar|Intimidate|boost\n|-unboost|p2a: Arcanine|atk|1\n|-unboost|p2b: Rotom|atk|1\n|turn|1\n|inactive|Juya has 30 seconds left.\n|\n|t:|1776111026\n|switch|p2b: Venusaur|Venusaur, L50, F|100/100\n|move|p1b: Incineroar|Fake Out|p2a: Arcanine\n|-damage|p2a: Arcanine|91/100\n|cant|p2a: Arcanine|flinch\n|move|p1a: Tsareena|Trop Kick|p2b: Venusaur\n|-resisted|p2b: Venusaur|2\n|-damage|p2b: Venusaur|92/100\n|-unboost|p2b: Venusaur|atk|1\n|\n|upkeep\n|turn|2\n|\n|t:|1776111038\n|detailschange|p2b: Venusaur|Venusaur-Mega, L50, F\n|-mega|p2b: Venusaur|Venusaur|Venusaurite\n|move|p1a: Tsareena|Protect|p1a: Tsareena\n|-singleturn|p1a: Tsareena|Protect\n|move|p2a: Arcanine|Will-O-Wisp|p1a: Tsareena\n|-activate|p1a: Tsareena|move: Protect\n|move|p2b: Venusaur|Leech Seed|p1b: Incineroar|[miss]\n|-miss|p2b: Venusaur|p1b: Incineroar\n|move|p1b: Incineroar|Parting Shot|p2b: Venusaur\n|-unboost|p2b: Venusaur|atk|1\n|-unboost|p2b: Venusaur|spa|1\n|\n|t:|1776111055\n|switch|p1b: Garchomp|Garchomp, L50, F|100/100|[from] Parting Shot\n|\n|upkeep\n|turn|3\n|\n|t:|1776111083\n|switch|p2a: Corviknight|Corviknight, L50, F|100/100\n|switch|p2b: Rotom|Rotom-Wash, L50|100/100\n|switch|p1a: Corviknight|Corviknight, L50, F|100/100\n|move|p1b: Garchomp|Earthquake|p2b: Rotom|[spread] \n|-immune|p1a: Corviknight\n|-immune|p2a: Corviknight\n|-immune|p2b: Rotom|[from] ability: Levitate\n|\n|upkeep\n|turn|4\n|inactive|TheoliverXD has 30 seconds left.\n|\n|t:|1776111118\n|switch|p1a: Incineroar|Incineroar, L50, M|100/100\n|-ability|p1a: Incineroar|Intimidate|boost\n|-ability|p2a: Corviknight|Mirror Armor\n|-unboost|p1a: Incineroar|atk|1\n|-unboost|p2b: Rotom|atk|1\n|move|p1b: Garchomp|Protect|p1b: Garchomp\n|-singleturn|p1b: Garchomp|Protect\n|move|p2b: Rotom|Volt Switch|p1a: Incineroar\n|-damage|p1a: Incineroar|72/100\n|\n|t:|1776111128\n|switch|p2b: Arcanine|Arcanine, L50, F|91/100|[from] Volt Switch\n|-ability|p2b: Arcanine|Intimidate|boost\n|-unboost|p1a: Incineroar|atk|1\n|-unboost|p1b: Garchomp|atk|1\n|move|p2a: Corviknight|Tailwind|p2a: Corviknight\n|-sidestart|p2: TheoliverXD|move: Tailwind\n|\n|upkeep\n|turn|5\n|inactive|Juya has 30 seconds left.\n|inactive|Juya has 20 seconds left.\n|\n|t:|1776111167\n|switch|p1b: Corviknight|Corviknight, L50, F|100/100\n|move|p2b: Arcanine|Protect|p2b: Arcanine\n|-singleturn|p2b: Arcanine|Protect\n|move|p2a: Corviknight|Protect|p2a: Corviknight\n|-singleturn|p2a: Corviknight|Protect\n|move|p1a: Incineroar|Parting Shot|p2b: Arcanine\n|-activate|p2b: Arcanine|move: Protect\n|\n|upkeep\n|turn|6\n|inactive|TheoliverXD has 30 seconds left.\n|inactive|TheoliverXD has 20 seconds left.\n|inactive|TheoliverXD has 15 seconds left.\n|\n|t:|1776111212\n|move|p1b: Corviknight|Protect|p1b: Corviknight\n|-singleturn|p1b: Corviknight|Protect\n|move|p2b: Arcanine|Flare Blitz|p1b: Corviknight\n|-activate|p1b: Corviknight|move: Protect\n|move|p2a: Corviknight|Brave Bird|p1a: Incineroar\n|-damage|p1a: Incineroar|33/100\n|-enditem|p1a: Incineroar|Sitrus Berry|[eat]\n|-heal|p1a: Incineroar|57/100|[from] item: Sitrus Berry\n|-damage|p2a: Corviknight|88/100|[from] Recoil\n|move|p1a: Incineroar|Parting Shot|p2b: Arcanine\n|-unboost|p2b: Arcanine|atk|1\n|-unboost|p2b: Arcanine|spa|1\n|\n|t:|1776111229\n|switch|p1a: Garchomp|Garchomp, L50, F|100/100|[from] Parting Shot\n|\n|-heal|p2a: Corviknight|94/100|[from] item: Leftovers\n|upkeep\n|turn|7\n|\n|t:|1776111245\n|switch|p2a: Rotom|Rotom-Wash, L50|100/100\n|move|p1a: Garchomp|Protect|p1a: Garchomp\n|-singleturn|p1a: Garchomp|Protect\n|move|p2b: Arcanine|Will-O-Wisp|p1a: Garchomp\n|-activate|p1a: Garchomp|move: Protect\n|move|p1b: Corviknight|Tailwind|p1b: Corviknight\n|-sidestart|p1: Juya|move: Tailwind\n|\n|-sideend|p2: TheoliverXD|move: Tailwind\n|upkeep\n|turn|8\n|inactive|Juya has 30 seconds left.\n|inactive|Juya has 20 seconds left.\n|inactive|Juya has 15 seconds left.\n|\n|t:|1776111286\n|switch|p1b: Tsareena|Tsareena, L50, F|100/100\n|move|p2b: Arcanine|Protect|p2b: Arcanine\n|-singleturn|p2b: Arcanine|Protect\n|move|p1a: Garchomp|Earthquake|p2b: Arcanine|[spread] p1b\n|-activate|p2b: Arcanine|move: Protect\n|-immune|p2a: Rotom|[from] ability: Levitate\n|-resisted|p1b: Tsareena|1\n|-damage|p1b: Tsareena|78/100\n|move|p2a: Rotom|Volt Switch|p1b: Tsareena\n|-resisted|p1b: Tsareena|1\n|-damage|p1b: Tsareena|61/100\n|\n|t:|1776111294\n|switch|p2a: Corviknight|Corviknight, L50, F|94/100|[from] Volt Switch\n|\n|-heal|p2a: Corviknight|99/100|[from] item: Leftovers\n|upkeep\n|turn|9\n|\n|t:|1776111308\n|switch|p2b: Rotom|Rotom-Wash, L50|100/100\n|move|p1a: Garchomp|Earthquake|p2a: Corviknight|[spread] p1b\n|-immune|p2a: Corviknight\n|-immune|p2b: Rotom|[from] ability: Levitate\n|-resisted|p1b: Tsareena|1\n|-damage|p1b: Tsareena|37/100\n|move|p1b: Tsareena|Trop Kick|p2b: Rotom\n|-supereffective|p2b: Rotom|1\n|-damage|p2b: Rotom|0 fnt\n|faint|p2b: Rotom\n|move|p2a: Corviknight|Tailwind|p2a: Corviknight\n|-sidestart|p2: TheoliverXD|move: Tailwind\n|\n|-heal|p2a: Corviknight|100/100|[from] item: Leftovers\n|upkeep\n|inactive|TheoliverXD has 30 seconds left.\n|\n|t:|1776111334\n|switch|p2b: Arcanine|Arcanine, L50, F|91/100\n|-ability|p2b: Arcanine|Intimidate|boost\n|-unboost|p1a: Garchomp|atk|1\n|-unboost|p1b: Tsareena|atk|1\n|turn|10\n|\n|t:|1776111356\n|switch|p1a: Incineroar|Incineroar, L50, M|57/100\n|-ability|p1a: Incineroar|Intimidate|boost\n|-ability|p2a: Corviknight|Mirror Armor\n|-unboost|p1a: Incineroar|atk|1\n|-unboost|p2b: Arcanine|atk|1\n|move|p2b: Arcanine|Will-O-Wisp|p1a: Incineroar\n|-immune|p1a: Incineroar\n|move|p1b: Tsareena|Trop Kick|p2a: Corviknight\n|-resisted|p2a: Corviknight|2\n|-damage|p2a: Corviknight|94/100\n|-ability|p2a: Corviknight|Mirror Armor\n|-unboost|p1b: Tsareena|atk|1\n|move|p2a: Corviknight|Brave Bird|p1b: Tsareena\n|-supereffective|p1b: Tsareena|1\n|-damage|p1b: Tsareena|0 fnt\n|faint|p1b: Tsareena\n|-damage|p2a: Corviknight|84/100|[from] Recoil\n|\n|-heal|p2a: Corviknight|90/100|[from] item: Leftovers\n|-sideend|p1: Juya|move: Tailwind\n|upkeep\n|\n|t:|1776111379\n|switch|p1b: Garchomp|Garchomp, L50, F|100/100\n|turn|11\n|inactive|TheoliverXD has 30 seconds left.\n|\n|t:|1776111408\n|move|p2b: Arcanine|Protect|p2b: Arcanine\n|-singleturn|p2b: Arcanine|Protect\n|move|p1b: Garchomp|Protect|p1b: Garchomp\n|-singleturn|p1b: Garchomp|Protect\n|move|p2a: Corviknight|Brave Bird|p1a: Incineroar\n|-damage|p1a: Incineroar|17/100\n|-damage|p2a: Corviknight|77/100|[from] Recoil\n|move|p1a: Incineroar|Parting Shot|p2b: Arcanine\n|-activate|p2b: Arcanine|move: Protect\n|\n|-heal|p2a: Corviknight|82/100|[from] item: Leftovers\n|upkeep\n|turn|12\n|\n|t:|1776111424\n|switch|p1a: Corviknight|Corviknight, L50, F|100/100\n|move|p2b: Arcanine|Will-O-Wisp|p1b: Garchomp\n|-status|p1b: Garchomp|brn\n|-enditem|p1b: Garchomp|Lum Berry|[eat]\n|-curestatus|p1b: Garchomp|brn|[msg]\n|move|p2a: Corviknight|Brave Bird|p1a: Corviknight\n|-resisted|p1a: Corviknight|1\n|-damage|p1a: Corviknight|86/100\n|-damage|p2a: Corviknight|78/100|[from] Recoil\n|move|p1b: Garchomp|Earthquake|p2b: Arcanine|[spread] p2b\n|-immune|p1a: Corviknight\n|-immune|p2a: Corviknight\n|-supereffective|p2b: Arcanine|1\n|-damage|p2b: Arcanine|6/100\n|-enditem|p2b: Arcanine|Sitrus Berry|[eat]\n|-heal|p2b: Arcanine|31/100|[from] item: Sitrus Berry\n|\n|-heal|p2a: Corviknight|83/100|[from] item: Leftovers\n|-heal|p1a: Corviknight|92/100|[from] item: Leftovers\n|-sideend|p2: TheoliverXD|move: Tailwind\n|upkeep\n|turn|13\n|inactive|TheoliverXD has 30 seconds left.\n|inactive|TheoliverXD has 20 seconds left.\n|inactive|Juya has 30 seconds left.\n|\n|t:|1776111465\n|move|p2b: Arcanine|Protect|p2b: Arcanine\n|-singleturn|p2b: Arcanine|Protect\n|move|p1b: Garchomp|Dragon Claw|p2b: Arcanine\n|-activate|p2b: Arcanine|move: Protect\n|move|p2a: Corviknight|Tailwind|p2a: Corviknight\n|-sidestart|p2: TheoliverXD|move: Tailwind\n|move|p1a: Corviknight|Tailwind|p1a: Corviknight\n|-sidestart|p1: Juya|move: Tailwind\n|\n|-heal|p2a: Corviknight|89/100|[from] item: Leftovers\n|-heal|p1a: Corviknight|98/100|[from] item: Leftovers\n|upkeep\n|turn|14\n|inactive|TheoliverXD has 30 seconds left.\n|\n|t:|1776111495\n|switch|p2b: Venusaur|Venusaur-Mega, L50, F|92/100\n|move|p1b: Garchomp|Protect|p1b: Garchomp\n|-singleturn|p1b: Garchomp|Protect\n|move|p2a: Corviknight|Brave Bird|p1b: Garchomp\n|-activate|p1b: Garchomp|move: Protect\n|move|p1a: Corviknight|Drill Peck|p2b: Venusaur\n|-supereffective|p2b: Venusaur|1\n|-damage|p2b: Venusaur|46/100\n|\n|-heal|p2a: Corviknight|95/100|[from] item: Leftovers\n|-heal|p1a: Corviknight|100/100|[from] item: Leftovers\n|upkeep\n|turn|15\n|\n|t:|1776111516\n|move|p2b: Venusaur|Protect|p2b: Venusaur\n|-singleturn|p2b: Venusaur|Protect\n|move|p1b: Garchomp|Dragon Claw|p2b: Venusaur\n|-activate|p2b: Venusaur|move: Protect\n|move|p2a: Corviknight|Brave Bird|p1b: Garchomp\n|-damage|p1b: Garchomp|56/100\n|-damage|p2a: Corviknight|82/100|[from] Recoil\n|move|p1a: Corviknight|Drill Peck|p2b: Venusaur\n|-activate|p2b: Venusaur|move: Protect\n|\n|-heal|p2a: Corviknight|88/100|[from] item: Leftovers\n|upkeep\n|turn|16\n|inactive|TheoliverXD has 30 seconds left.\n|\n|t:|1776111544\n|move|p2b: Venusaur|Protect||[still]\n|-fail|p2b: Venusaur\n|move|p1b: Garchomp|Earthquake|p2b: Venusaur|[spread] p2b\n|-immune|p1a: Corviknight\n|-immune|p2a: Corviknight\n|-damage|p2b: Venusaur|15/100\n|move|p2a: Corviknight|Brave Bird|p1b: Garchomp\n|-damage|p1b: Garchomp|10/100\n|-damage|p2a: Corviknight|74/100|[from] Recoil\n|move|p1a: Corviknight|Drill Peck|p2b: Venusaur\n|-supereffective|p2b: Venusaur|1\n|-crit|p2b: Venusaur\n|-damage|p2b: Venusaur|0 fnt\n|faint|p2b: Venusaur\n|\n|-heal|p2a: Corviknight|80/100|[from] item: Leftovers\n|-sideend|p1: Juya|move: Tailwind\n|-sideend|p2: TheoliverXD|move: Tailwind\n|upkeep\n|\n|t:|1776111557\n|switch|p2b: Arcanine|Arcanine, L50, F|31/100\n|-ability|p2b: Arcanine|Intimidate|boost\n|-ability|p1a: Corviknight|Mirror Armor\n|-unboost|p2b: Arcanine|atk|1\n|-unboost|p1b: Garchomp|atk|1\n|turn|17\n|inactive|TheoliverXD has 30 seconds left.\n|inactive|TheoliverXD has 20 seconds left.\n|inactive|TheoliverXD has 15 seconds left.\n|\n|t:|1776111588\n|switch|p1b: Incineroar|Incineroar, L50, M|17/100\n|-ability|p1b: Incineroar|Intimidate|boost\n|-ability|p2a: Corviknight|Mirror Armor\n|-unboost|p1b: Incineroar|atk|1\n|-unboost|p2b: Arcanine|atk|1\n|move|p2b: Arcanine|Protect|p2b: Arcanine\n|-singleturn|p2b: Arcanine|Protect\n|move|p2a: Corviknight|Iron Head|p1b: Incineroar\n|-resisted|p1b: Incineroar|1\n|-damage|p1b: Incineroar|3/100\n|move|p1a: Corviknight|Drill Peck|p2b: Arcanine\n|-activate|p2b: Arcanine|move: Protect\n|\n|-heal|p2a: Corviknight|86/100|[from] item: Leftovers\n|upkeep\n|turn|18\n|inactive|TheoliverXD has 15 seconds left this turn.\n|inactive|TheoliverXD has 10 seconds left.\n|inactive|TheoliverXD has 5 seconds left.\n|-message|TheoliverXD lost due to inactivity.\n|\n|win|Juya\n|raw|Juya's rating: 1213 &rarr; <strong>1239</strong><br />(+26 for winning)\n|raw|TheoliverXD's rating: 1231 &rarr; <strong>1205</strong><br />(-26 for losing)\n",
  "uploadtime": 1776111611,
  "views": 28,
  "formatid": "gen9championsvgc2026regma",
  "rating": 1205,
  "private": 0,
  "password": null
}