{
  "id": "gen9championsvgc2026regma-2585125642",
  "format": "[Gen 9 Champions] VGC 2026 Reg M-A",
  "players": [
    "Pinnecks",
    "ab80"
  ],
  "log": "|j|\u2606Pinnecks\n|j|\u2606ab80\n|t:|1776314783\n|gametype|doubles\n|player|p1|Pinnecks|lyra|1077\n|player|p2|ab80|ingo|1041\n|gen|9\n|tier|[Gen 9 Champions] VGC 2026 Reg M-A\n|rated|\n|rule|Species Clause: Limit one of each Pok\u00e9mon\n|rule|Item Clause: Limit 1 of each item\n|clearpoke\n|poke|p1|Aerodactyl, L50, M|\n|poke|p1|Altaria, L50, F|\n|poke|p1|Milotic, L50, F|\n|poke|p1|Aegislash, L50, F|\n|poke|p1|Salazzle, L50, F|\n|poke|p1|Raichu-Alola, L50, M|\n|poke|p2|Venusaur, L50, F|\n|poke|p2|Charizard, L50, M|\n|poke|p2|Whimsicott, L50, F|\n|poke|p2|Arcanine-Hisui, L50, F|\n|poke|p2|Kingambit, L50, F|\n|poke|p2|Garchomp, L50, M|\n|teampreview|4\nab80 has agreed to open team sheets.\n|inactive|Battle timer is ON: inactive players will automatically lose when time's up. (requested by Pinnecks)\n|\n|t:|1776314812\n|teamsize|p1|4\n|teamsize|p2|4\n|start\n|switch|p1a: Aerodactyl|Aerodactyl, L50, M|100/100\n|switch|p1b: Salazzle|Salazzle, L50, F, shiny|100/100\n|switch|p2a: Charizard|Charizard, L50, M, shiny|100/100\n|switch|p2b: Whimsicott|Whimsicott, L50, F, shiny|100/100\n|-ability|p1a: Aerodactyl|Unnerve\n|turn|1\n|inactive|ab80 has 30 seconds left.\n|inactive|ab80 has 20 seconds left.\n|inactive|ab80 has 15 seconds left.\n|\n|t:|1776314857\n|move|p1b: Salazzle|Fake Out|p2b: Whimsicott\n|-damage|p2b: Whimsicott|91/100\n|cant|p2b: Whimsicott|flinch\n|move|p1a: Aerodactyl|Rock Slide|p2b: Whimsicott|[spread] p2a,p2b\n|-supereffective|p2a: Charizard|2\n|-damage|p2a: Charizard|0 fnt\n|-damage|p2b: Whimsicott|54/100\n|faint|p2a: Charizard\n|\n|upkeep\n|\n|t:|1776314871\n|switch|p2a: Garchomp|Garchomp, L50, M, shiny|100/100\n|turn|2\n|\n|t:|1776314880\n|move|p2b: Whimsicott|Tailwind|p2b: Whimsicott\n|-sidestart|p2: ab80|move: Tailwind\n|move|p2a: Garchomp|Swords Dance|p2a: Garchomp\n|-boost|p2a: Garchomp|atk|2\n|move|p1a: Aerodactyl|Tailwind|p1a: Aerodactyl\n|-sidestart|p1: Pinnecks|move: Tailwind\n|move|p1b: Salazzle|Overheat|p2b: Whimsicott|[miss]\n|-miss|p1b: Salazzle|p2b: Whimsicott\n|\n|upkeep\n|turn|3\n|\n|t:|1776314899\n|move|p2b: Whimsicott|Protect|p2b: Whimsicott\n|-singleturn|p2b: Whimsicott|Protect\n|move|p1a: Aerodactyl|Rock Slide|p2b: Whimsicott|[spread] p2a\n|-activate|p2b: Whimsicott|move: Protect\n|-resisted|p2a: Garchomp|1\n|-damage|p2a: Garchomp|89/100\n|move|p1b: Salazzle|Sludge Bomb|p2b: Whimsicott\n|-activate|p2b: Whimsicott|move: Protect\n|move|p2a: Garchomp|Rock Slide|p1b: Salazzle|[spread] p1a,p1b\n|-supereffective|p1a: Aerodactyl|1\n|-supereffective|p1b: Salazzle|1\n|-enditem|p1a: Aerodactyl|Focus Sash\n|-damage|p1a: Aerodactyl|1/100\n|-damage|p1b: Salazzle|0 fnt\n|faint|p1b: Salazzle\n|\n|upkeep\n|\n|t:|1776314917\n|switch|p1b: Altaria|Altaria, L50, F, shiny|100/100\n|-ability|p1b: Altaria|Cloud Nine\n|turn|4\n|\n|t:|1776314931\n|detailschange|p1b: Altaria|Altaria-Mega, L50, F, shiny\n|-mega|p1b: Altaria|Altaria|Altarianite\n|move|p2b: Whimsicott|Sunny Day|p2b: Whimsicott\n|-weather|SunnyDay\n|move|p1a: Aerodactyl|Dual Wingbeat|p2b: Whimsicott\n|-supereffective|p2b: Whimsicott|1\n|-damage|p2b: Whimsicott|0 fnt\n|faint|p2b: Whimsicott\n|-hitcount|p2: Whimsicott|1\n|move|p2a: Garchomp|Rock Slide|p1b: Altaria|[spread] p1a,p1b\n|-supereffective|p1a: Aerodactyl|1\n|-damage|p1a: Aerodactyl|0 fnt\n|-damage|p1b: Altaria|63/100\n|faint|p1a: Aerodactyl\n|move|p1b: Altaria|Hyper Voice|p2a: Garchomp\n|-supereffective|p2a: Garchomp|1\n|-damage|p2a: Garchomp|0 fnt\n|faint|p2a: Garchomp\n|\n|-weather|SunnyDay|[upkeep]\n|upkeep\n|\n|t:|1776314950\n|switch|p1a: Raichu|Raichu-Alola, L50, M|100/100\n|switch|p2b: Venusaur|Venusaur, L50, F, shiny|100/100\n|turn|5\n|\n|t:|1776314965\n|move|p2b: Venusaur|Sleep Powder|p1a: Raichu\n|-status|p1a: Raichu|slp|[from] move: Sleep Powder\n|cant|p1a: Raichu|slp\n|move|p1b: Altaria|Flamethrower|p2b: Venusaur\n|-supereffective|p2b: Venusaur|1\n|-damage|p2b: Venusaur|4/100\n|\n|-weather|SunnyDay|[upkeep]\n|-sideend|p1: Pinnecks|move: Tailwind\n|-sideend|p2: ab80|move: Tailwind\n|upkeep\n|turn|6\n|\n|t:|1776314980\n|move|p1b: Altaria|Protect|p1b: Altaria\n|-singleturn|p1b: Altaria|Protect\n|move|p2b: Venusaur|Sludge Bomb|p1b: Altaria\n|-activate|p1b: Altaria|move: Protect\n|cant|p1a: Raichu|slp\n|\n|-weather|SunnyDay|[upkeep]\n|upkeep\n|turn|7\n|\n|t:|1776314992\n|move|p2b: Venusaur|Sludge Bomb|p1b: Altaria\n|-supereffective|p1b: Altaria|1\n|-damage|p1b: Altaria|0 fnt\n|faint|p1b: Altaria\n|-curestatus|p1a: Raichu|slp|[msg]\n|move|p1a: Raichu|Speed Swap|p1: Altaria|[notarget]\n|-fail|p1a: Raichu\n|\n|-weather|SunnyDay|[upkeep]\n|upkeep\n|turn|8\n|\n|t:|1776315005\n|move|p2b: Venusaur|Sleep Powder|p1a: Raichu\n|-status|p1a: Raichu|slp|[from] move: Sleep Powder\n|cant|p1a: Raichu|slp\n|\n|-weather|none\n|upkeep\n|turn|9\n|\n|t:|1776315013\n|-curestatus|p1a: Raichu|slp|[msg]\n|move|p1a: Raichu|Psychic Noise|p2b: Venusaur\n|-supereffective|p2b: Venusaur|1\n|-damage|p2b: Venusaur|0 fnt\n|faint|p2b: Venusaur\n|\n|win|Pinnecks\n|raw|Pinnecks's rating: 1077 &rarr; <strong>1103</strong><br />(+26 for winning)\n|raw|ab80's rating: 1041 &rarr; <strong>1027</strong><br />(-14 for losing)\n",
  "uploadtime": 1776315017,
  "views": 19,
  "formatid": "gen9championsvgc2026regma",
  "rating": 1027,
  "private": 0,
  "password": null
}