{
  "id": "gen9championsvgc2026regma-2580801818",
  "format": "[Gen 9 Champions] VGC 2026 Reg M-A",
  "players": [
    "sgronfolox",
    "yellowish sunbeam"
  ],
  "log": "|j|\u2606sgronfolox\n|j|\u2606yellowish sunbeam\n|t:|1775933632\n|gametype|doubles\n|player|p1|sgronfolox|preschooler|1092\n|player|p2|yellowish sunbeam|steven|1049\n|gen|9\n|tier|[Gen 9 Champions] VGC 2026 Reg M-A\n|rated|\n|rule|Species Clause: Limit one of each Pok\u00e9mon\n|rule|Item Clause: Limit 1 of each item\n|clearpoke\n|poke|p1|Archaludon, L50, F|\n|poke|p1|Sinistcha, L50|\n|poke|p1|Dragonite, L50, M|\n|poke|p1|Pelipper, L50, F|\n|poke|p1|Basculegion, L50, M|\n|poke|p1|Sneasler, L50, M|\n|poke|p2|Tyranitar, L50, F|\n|poke|p2|Dragapult, L50, M|\n|poke|p2|Orthworm, L50, M|\n|poke|p2|Garchomp, L50, F|\n|poke|p2|Liepard, L50, M|\n|poke|p2|Gengar, L50, M|\n|teampreview|4\nyellowish sunbeam has agreed to open team sheets.\n|c|\u2606yellowish sunbeam|i have seen this exact team three times what is going on\n|inactive|Battle timer is ON: inactive players will automatically lose when time's up. (requested by sgronfolox)\n|\n|t:|1775933678\n|teamsize|p1|4\n|teamsize|p2|4\n|start\n|switch|p1a: Dragonite|Dragonite, L50, M|100/100\n|switch|p1b: Pelipper|Pelipper, L50, F|100/100\n|switch|p2a: Gengar|Gengar, L50, M|100/100\n|switch|p2b: Liepard|Liepard, L50, M|100/100\n|-weather|RainDance|[from] ability: Drizzle|[of] p1b: Pelipper\n|turn|1\n|\n|t:|1775933691\n|detailschange|p2a: Gengar|Gengar-Mega, L50, M\n|-mega|p2a: Gengar|Gengar|Gengarite\n|detailschange|p1a: Dragonite|Dragonite-Mega, L50, M\n|-mega|p1a: Dragonite|Dragonite|Dragoninite\n|move|p2b: Liepard|Yawn|p1a: Dragonite\n|-start|p1a: Dragonite|move: Yawn|[of] p2b: Liepard\n|move|p2a: Gengar|Nasty Plot|p2a: Gengar\n|-boost|p2a: Gengar|spa|2\n|move|p1a: Dragonite|Hurricane|p2a: Gengar\n|-damage|p2a: Gengar|22/100\n|move|p1b: Pelipper|Tailwind|p1b: Pelipper\n|-sidestart|p1: sgronfolox|move: Tailwind\n|\n|-weather|RainDance|[upkeep]\n|upkeep\n|turn|2\n|\n|t:|1775933714\n|move|p2a: Gengar|Protect|p2a: Gengar\n|-singleturn|p2a: Gengar|Protect\n|move|p1a: Dragonite|Hurricane|p2b: Liepard\n|-damage|p2b: Liepard|28/100\n|move|p1b: Pelipper|Weather Ball|p2a: Gengar\n|-activate|p2a: Gengar|move: Protect\n|move|p2b: Liepard|Foul Play|p1b: Pelipper\n|-damage|p1b: Pelipper|76/100\n|\n|-weather|RainDance|[upkeep]\n|-end|p1a: Dragonite|move: Yawn|[silent]\n|-status|p1a: Dragonite|slp\n|upkeep\n|turn|3\n|\n|t:|1775933725\n|cant|p1a: Dragonite|slp\n|move|p1b: Pelipper|Weather Ball|p2b: Liepard\n|-damage|p2b: Liepard|0 fnt\n|faint|p2b: Liepard\n|move|p2a: Gengar|Sludge Bomb|p1b: Pelipper\n|-damage|p1b: Pelipper|0 fnt\n|faint|p1b: Pelipper\n|\n|-weather|RainDance|[upkeep]\n|upkeep\n|\n|t:|1775933739\n|switch|p2b: Dragapult|Dragapult, L50, M|100/100\n|switch|p1b: Basculegion|Basculegion, L50, M|100/100\n|turn|4\n|\n|t:|1775933750\n|move|p2a: Gengar|Protect|p2a: Gengar\n|-singleturn|p2a: Gengar|Protect\n|move|p1b: Basculegion|Last Respects|p2a: Gengar\n|-activate|p2a: Gengar|move: Protect\n|cant|p1a: Dragonite|slp\n|move|p2b: Dragapult|Thunder Wave|p1b: Basculegion\n|-status|p1b: Basculegion|par\n|\n|-weather|RainDance|[upkeep]\n|-sideend|p1: sgronfolox|move: Tailwind\n|upkeep\n|turn|5\n|\n|t:|1775933771\n|switch|p2b: Garchomp|Garchomp, L50, F|100/100\n|move|p2a: Gengar|Shadow Ball|p1b: Basculegion\n|-supereffective|p1b: Basculegion|1\n|-damage|p1b: Basculegion|0 fnt\n|faint|p1b: Basculegion\n|-curestatus|p1a: Dragonite|slp|[msg]\n|move|p1a: Dragonite|Draco Meteor|p2b: Garchomp\n|-supereffective|p2b: Garchomp|1\n|-damage|p2b: Garchomp|0 fnt\n|-unboost|p1a: Dragonite|spa|2\n|faint|p2b: Garchomp\n|\n|-weather|none\n|upkeep\n|\n|t:|1775933787\n|switch|p2b: Dragapult|Dragapult, L50, M|100/100\n|switch|p1b: Sneasler|Sneasler, L50, M|100/100\n|turn|6\n|\n|t:|1775933799\n|move|p2b: Dragapult|Dragon Pulse|p1a: Dragonite\n|-supereffective|p1a: Dragonite|1\n|-damage|p1a: Dragonite|66/100\n|move|p2a: Gengar|Shadow Ball|p1a: Dragonite\n|-damage|p1a: Dragonite|0 fnt\n|faint|p1a: Dragonite\n|move|p1b: Sneasler|Dire Claw|p2b: Dragapult\n|-resisted|p2b: Dragapult|1\n|-damage|p2b: Dragapult|74/100\n|\n|upkeep\n|turn|7\n|-message|sgronfolox forfeited.\n|\n|win|yellowish sunbeam\n|raw|sgronfolox's rating: 1092 &rarr; <strong>1065</strong><br />(-27 for losing)\n|raw|yellowish sunbeam's rating: 1049 &rarr; <strong>1086</strong><br />(+37 for winning)\n|l|\u2606sgronfolox\n|player|p1|\n|c|\u2606yellowish sunbeam|ggwp\n",
  "uploadtime": 1775933811,
  "views": 31,
  "formatid": "gen9championsvgc2026regma",
  "rating": 1065,
  "private": 0,
  "password": null
}