{
  "id": "gen9championsvgc2026regma-2580885544",
  "format": "[Gen 9 Champions] VGC 2026 Reg M-A",
  "players": [
    "femboykitte",
    "bibitomestre"
  ],
  "log": "|j|\u2606femboykitte\n|j|\u2606bibitomestre\n|t:|1775940491\n|gametype|doubles\n|player|p1|femboykitte|170|1090\n|player|p2|bibitomestre|1|1138\n|gen|9\n|tier|[Gen 9 Champions] VGC 2026 Reg M-A\n|rated|\n|rule|Species Clause: Limit one of each Pok\u00e9mon\n|rule|Item Clause: Limit 1 of each item\n|clearpoke\n|poke|p1|Floette-Eternal, L50, F|\n|poke|p1|Sinistcha-Masterpiece, L50|\n|poke|p1|Meowstic, L50, M|\n|poke|p1|Talonflame, L50, F|\n|poke|p1|Alcremie, L50, F|\n|poke|p1|Empoleon, L50, F|\n|poke|p2|Aerodactyl, L50, F|\n|poke|p2|Froslass, L50, F|\n|poke|p2|Garchomp, L50, M|\n|poke|p2|Sneasler, L50, M|\n|poke|p2|Kingambit, L50, F|\n|poke|p2|Rotom-Wash, L50|\n|teampreview|4\n|inactive|Battle timer is ON: inactive players will automatically lose when time's up. (requested by bibitomestre)\n|inactive|femboykitte has 60 seconds left.\n|\n|t:|1775940528\n|teamsize|p1|4\n|teamsize|p2|4\n|start\n|switch|p1a: Thing bird|Talonflame, L50, F|100/100\n|switch|p1b: And honestly -:3|Alcremie, L50, F|100/100\n|switch|p2a: Rotom|Rotom-Wash, L50|100/100\n|switch|p2b: Froslass|Froslass, L50, F|100/100\n|turn|1\n|\n|t:|1775940548\n|move|p2b: Froslass|Protect|p2b: Froslass\n|-singleturn|p2b: Froslass|Protect\n|move|p1a: Thing bird|Tailwind|p1a: Thing bird\n|-sidestart|p1: femboykitte|move: Tailwind\n|move|p2a: Rotom|Discharge|p1b: And honestly -:3|[spread] p1a,p1b\n|-activate|p2b: Froslass|move: Protect\n|-supereffective|p1a: Thing bird|1\n|-damage|p1a: Thing bird|30/100\n|-damage|p1b: And honestly -:3|80/100\n|move|p1b: And honestly -:3|Calm Mind|p1b: And honestly -:3\n|-boost|p1b: And honestly -:3|spa|1\n|-boost|p1b: And honestly -:3|spd|1\n|\n|-heal|p1b: And honestly -:3|85/100|[from] item: Leftovers\n|upkeep\n|turn|2\n|\n|t:|1775940565\n|switch|p2b: Garchomp|Garchomp, L50, M|100/100\n|move|p1a: Thing bird|Protect|p1a: Thing bird\n|-singleturn|p1a: Thing bird|Protect\n|move|p2a: Rotom|Discharge|p1b: And honestly -:3|[spread] p1b\n|-activate|p1a: Thing bird|move: Protect\n|-immune|p2b: Garchomp\n|-damage|p1b: And honestly -:3|71/100\n|-status|p1b: And honestly -:3|par\n|move|p1b: And honestly -:3|Calm Mind|p1b: And honestly -:3\n|-boost|p1b: And honestly -:3|spa|1\n|-boost|p1b: And honestly -:3|spd|1\n|\n|-heal|p1b: And honestly -:3|77/100 par|[from] item: Leftovers\n|upkeep\n|turn|3\n|\n|t:|1775940588\n|move|p2b: Garchomp|Protect|p2b: Garchomp\n|-singleturn|p2b: Garchomp|Protect\n|move|p1a: Thing bird|Brave Bird|p2b: Garchomp\n|-activate|p2b: Garchomp|move: Protect\n|move|p2a: Rotom|Discharge|p1b: And honestly -:3|[spread] p1a,p1b\n|-activate|p2b: Garchomp|move: Protect\n|-supereffective|p1a: Thing bird|1\n|-damage|p1a: Thing bird|0 fnt\n|-damage|p1b: And honestly -:3|68/100 par\n|faint|p1a: Thing bird\n|cant|p1b: And honestly -:3|par\n|\n|-heal|p1b: And honestly -:3|74/100 par|[from] item: Leftovers\n|upkeep\n|\n|t:|1775940601\n|switch|p1a: tea|Sinistcha-Masterpiece, L50|100/100\n|-heal|p1b: And honestly -:3|99/100 par|[from] ability: Hospitality|[of] p1a: tea\n|turn|4\n|\n|t:|1775940615\n|switch|p2a: Aerodactyl|Aerodactyl, L50, F|100/100\n|-ability|p2a: Aerodactyl|Unnerve\n|move|p2b: Garchomp|Rock Slide|p1a: tea|[spread] p1a,p1b\n|-damage|p1a: tea|85/100\n|-damage|p1b: And honestly -:3|79/100 par\n|cant|p1b: And honestly -:3|flinch\n|cant|p1a: tea|flinch\n|\n|-heal|p1b: And honestly -:3|85/100 par|[from] item: Leftovers\n|-sideend|p1: femboykitte|move: Tailwind\n|upkeep\n|turn|5\n|inactive|femboykitte has 30 seconds left.\n|\n|t:|1775940642\n|move|p2a: Aerodactyl|Dual Wingbeat|p1a: tea\n|-supereffective|p1a: tea|1\n|-damage|p1a: tea|51/100\n|-supereffective|p1a: tea|1\n|-damage|p1a: tea|17/100\n|-hitcount|p1a: tea|2\n|move|p2b: Garchomp|Rock Slide|p1a: tea|[spread] p1a,p1b\n|-damage|p1a: tea|2/100\n|-damage|p1b: And honestly -:3|64/100 par\n|cant|p1b: And honestly -:3|flinch\n|move|p1a: tea|Trick Room|p1a: tea\n|-fieldstart|move: Trick Room|[of] p1a: tea\n|\n|-heal|p1b: And honestly -:3|70/100 par|[from] item: Leftovers\n|upkeep\n|turn|6\n|\n|t:|1775940664\n|switch|p1a: Im trans|Floette-Eternal, L50, F|100/100\n|move|p1b: And honestly -:3|Acid Armor|p1b: And honestly -:3\n|-boost|p1b: And honestly -:3|def|2\n|move|p2b: Garchomp|Rock Slide|p1a: Im trans|[spread] p1a,p1b\n|-damage|p1a: Im trans|74/100\n|-damage|p1b: And honestly -:3|59/100 par\n|move|p2a: Aerodactyl|Rock Slide|p1a: Im trans|[spread] p1a,p1b\n|-damage|p1a: Im trans|37/100\n|-damage|p1b: And honestly -:3|44/100 par\n|\n|-heal|p1b: And honestly -:3|49/100 par|[from] item: Leftovers\n|upkeep\n|turn|7\n|\n|t:|1775940685\n|detailschange|p1a: Im trans|Floette-Mega, L50, F\n|-mega|p1a: Im trans|Floette|Floettite\n|-ability|p1a: Im trans|Fairy Aura\n|move|p2b: Garchomp|Protect|p2b: Garchomp\n|-singleturn|p2b: Garchomp|Protect\n|move|p1b: And honestly -:3|Acid Armor|p1b: And honestly -:3\n|-boost|p1b: And honestly -:3|def|2\n|move|p1a: Im trans|Draining Kiss|p2a: Aerodactyl\n|-damage|p2a: Aerodactyl|46/100\n|-heal|p1a: Im trans|76/100|[from] drain|[of] p2a: Aerodactyl\n|move|p2a: Aerodactyl|Rock Slide|p1a: Im trans|[spread] p1a,p1b\n|-damage|p1a: Im trans|41/100\n|-damage|p1b: And honestly -:3|39/100 par\n|\n|-heal|p1b: And honestly -:3|45/100 par|[from] item: Leftovers\n|upkeep\n|turn|8\n|\n|t:|1775940705\n|switch|p2b: Rotom|Rotom-Wash, L50|100/100\n|move|p1b: And honestly -:3|Recover|p1b: And honestly -:3\n|-heal|p1b: And honestly -:3|95/100 par\n|move|p1a: Im trans|Draining Kiss|p2b: Rotom\n|-damage|p2b: Rotom|46/100\n|-heal|p1a: Im trans|73/100|[from] drain|[of] p2b: Rotom\n|move|p2a: Aerodactyl|Tailwind|p2a: Aerodactyl\n|-sidestart|p2: bibitomestre|move: Tailwind\n|\n|-heal|p1b: And honestly -:3|100/100 par|[from] item: Leftovers\n|upkeep\n|turn|9\n|\n|t:|1775940721\n|move|p2a: Aerodactyl|Protect|p2a: Aerodactyl\n|-singleturn|p2a: Aerodactyl|Protect\n|move|p2b: Rotom|Protect|p2b: Rotom\n|-singleturn|p2b: Rotom|Protect\n|move|p1b: And honestly -:3|Acid Armor|p1b: And honestly -:3\n|-boost|p1b: And honestly -:3|def|2\n|move|p1a: Im trans|Dazzling Gleam|p2a: Aerodactyl|[spread] \n|-activate|p2a: Aerodactyl|move: Protect\n|-activate|p2b: Rotom|move: Protect\n|\n|-fieldend|move: Trick Room\n|upkeep\n|turn|10\n|\n|t:|1775940737\n|switch|p2b: Garchomp|Garchomp, L50, M|100/100\n|move|p2a: Aerodactyl|Rock Slide|p1a: Im trans|[spread] p1b\n|-miss|p2a: Aerodactyl|p1a: Im trans\n|-damage|p1b: And honestly -:3|92/100 par\n|move|p1a: Im trans|Dazzling Gleam|p2a: Aerodactyl|[spread] p2a,p2b\n|-supereffective|p2b: Garchomp|1\n|-damage|p2a: Aerodactyl|0 fnt\n|-damage|p2b: Garchomp|17/100\n|-enditem|p2b: Garchomp|Sitrus Berry|[eat]\n|-heal|p2b: Garchomp|41/100|[from] item: Sitrus Berry\n|faint|p2a: Aerodactyl\n|cant|p1b: And honestly -:3|flinch\n|\n|-heal|p1b: And honestly -:3|98/100 par|[from] item: Leftovers\n|upkeep\n|\n|t:|1775940747\n|switch|p2a: Froslass|Froslass, L50, F|100/100\n|turn|11\n|\n|t:|1775940753\n|detailschange|p2a: Froslass|Froslass-Mega, L50, F\n|-mega|p2a: Froslass|Froslass|Froslassite\n|-weather|Snowscape|[from] ability: Snow Warning|[of] p2a: Froslass\n|move|p2a: Froslass|Blizzard|p1b: And honestly -:3|[spread] p1a,p1b\n|-crit|p1b: And honestly -:3\n|-damage|p1a: Im trans|37/100\n|-damage|p1b: And honestly -:3|43/100 par\n|move|p2b: Garchomp|Rock Slide|p1a: Im trans|[spread] p1a,p1b\n|-damage|p1a: Im trans|17/100\n|-damage|p1b: And honestly -:3|38/100 par\n|move|p1a: Im trans|Calm Mind|p1a: Im trans\n|-boost|p1a: Im trans|spa|1\n|-boost|p1a: Im trans|spd|1\n|cant|p1b: And honestly -:3|flinch\n|\n|-weather|Snowscape|[upkeep]\n|-heal|p1b: And honestly -:3|44/100 par|[from] item: Leftovers\n|-sideend|p2: bibitomestre|move: Tailwind\n|upkeep\n|turn|12\n|\n|t:|1775940776\n|move|p2a: Froslass|Blizzard|p1b: And honestly -:3|[spread] p1a,p1b\n|-damage|p1a: Im trans|0 fnt\n|-damage|p1b: And honestly -:3|27/100 par\n|faint|p1a: Im trans\n|move|p2b: Garchomp|Rock Slide|p1b: And honestly -:3\n|-damage|p1b: And honestly -:3|20/100 par\n|cant|p1b: And honestly -:3|par\n|\n|-weather|Snowscape|[upkeep]\n|-heal|p1b: And honestly -:3|26/100 par|[from] item: Leftovers\n|upkeep\n|\n|t:|1775940789\n|switch|p1a: tea|Sinistcha-Masterpiece, L50|2/100\n|-enditem|p1a: tea|Sitrus Berry|[eat]\n|-heal|p1a: tea|27/100|[from] item: Sitrus Berry\n|-heal|p1b: And honestly -:3|51/100 par|[from] ability: Hospitality|[of] p1a: tea\n|turn|13\n|\n|t:|1775940800\n|move|p2a: Froslass|Blizzard|p1b: And honestly -:3|[spread] p1a,p1b\n|-supereffective|p1a: tea|1\n|-crit|p1b: And honestly -:3\n|-damage|p1a: tea|0 fnt\n|-damage|p1b: And honestly -:3|2/100 par\n|faint|p1a: tea\n|move|p2b: Garchomp|Rock Slide|p1b: And honestly -:3\n|-damage|p1b: And honestly -:3|0 fnt\n|faint|p1b: And honestly -:3\n|\n|win|bibitomestre\n|raw|femboykitte's rating: 1090 &rarr; <strong>1070</strong><br />(-20 for losing)\n|raw|bibitomestre's rating: 1138 &rarr; <strong>1160</strong><br />(+22 for winning)\n|l|\u2606bibitomestre\n|player|p2|\n",
  "uploadtime": 1775940811,
  "views": 16,
  "formatid": "gen9championsvgc2026regma",
  "rating": 1070,
  "private": 0,
  "password": null
}