{
  "id": "gen9championsvgc2026regma-2586951969",
  "format": "[Gen 9 Champions] VGC 2026 Reg M-A",
  "players": [
    "woahgyarados",
    "lobel"
  ],
  "log": "|j|\u2606woahgyarados\n|j|\u2606lobel\n|t:|1776474999\n|gametype|doubles\n|player|p1|woahgyarados|misty|1124\n|player|p2|lobel|caitlin|1103\n|gen|9\n|tier|[Gen 9 Champions] VGC 2026 Reg M-A\n|rated|\n|rule|Species Clause: Limit one of each Pok\u00e9mon\n|rule|Item Clause: Limit 1 of each item\n|clearpoke\n|poke|p1|Aggron, L50, M|\n|poke|p1|Milotic, L50, F|\n|poke|p1|Arcanine, L50, F|\n|poke|p1|Liepard, L50, F|\n|poke|p1|Dragonite, L50, M|\n|poke|p1|Excadrill, L50, M|\n|poke|p2|Meowstic-F, L50, F|\n|poke|p2|Whimsicott, L50, F|\n|poke|p2|Rotom-Wash, L50|\n|poke|p2|Kingambit, L50, F|\n|poke|p2|Glimmora, L50, M|\n|poke|p2|Incineroar, L50, M|\n|teampreview|4\n|inactive|Battle timer is ON: inactive players will automatically lose when time's up. (requested by woahgyarados)\n|inactive|woahgyarados has 60 seconds left.\n|inactive|woahgyarados has 30 seconds left.\n|inactive|woahgyarados has 20 seconds left.\n|inactive|woahgyarados has 15 seconds left.\n|inactive|woahgyarados has 10 seconds left.\n|\n|t:|1776475084\n|teamsize|p1|4\n|teamsize|p2|4\n|start\n|switch|p1a: Aggron|Aggron, L50, M|100/100\n|switch|p1b: Milotic|Milotic, L50, F|100/100\n|switch|p2a: Incineroar|Incineroar, L50, M|100/100\n|switch|p2b: Meowstic|Meowstic-F, L50, F|100/100\n|-ability|p2a: Incineroar|Intimidate|boost\n|-unboost|p1a: Aggron|atk|1\n|-unboost|p1b: Milotic|atk|1\n|-ability|p1b: Milotic|Competitive|boost\n|-boost|p1b: Milotic|spa|2\n|turn|1\n|inactive|lobel has 30 seconds left.\n|\n|t:|1776475118\n|detailschange|p2b: Meowstic|Meowstic-F-Mega, L50, F\n|-mega|p2b: Meowstic|Meowstic|Meowsticite\n|-ability|p2b: Meowstic|Sturdy|Trace|[from] ability: Trace|[of] p1a: Aggron\n|detailschange|p1a: Aggron|Aggron-Mega, L50, M\n|-mega|p1a: Aggron|Aggron|Aggronite\n|move|p2a: Incineroar|Fake Out|p1b: Milotic\n|-damage|p1b: Milotic|90/100\n|move|p2b: Meowstic|Calm Mind|p2b: Meowstic\n|-boost|p2b: Meowstic|spa|1\n|-boost|p2b: Meowstic|spd|1\n|cant|p1b: Milotic|flinch\n|move|p1a: Aggron|Iron Defense|p1a: Aggron\n|-boost|p1a: Aggron|def|2\n|\n|-heal|p1b: Milotic|96/100|[from] item: Leftovers\n|upkeep\n|turn|2\n|\n|t:|1776475140\n|move|p2b: Meowstic|Protect|p2b: Meowstic\n|-singleturn|p2b: Meowstic|Protect\n|move|p2a: Incineroar|Parting Shot|p1a: Aggron\n|-unboost|p1a: Aggron|atk|1\n|-unboost|p1a: Aggron|spa|1\n|\n|t:|1776475148\n|switch|p2a: Whimsicott|Whimsicott, L50, F, shiny|100/100|[from] Parting Shot\n|move|p1b: Milotic|Scald|p2b: Meowstic\n|-activate|p2b: Meowstic|move: Protect\n|move|p1a: Aggron|Crunch|p2b: Meowstic\n|-activate|p2b: Meowstic|move: Protect\n|\n|-heal|p1b: Milotic|100/100|[from] item: Leftovers\n|upkeep\n|turn|3\n|\n|t:|1776475166\n|move|p2a: Whimsicott|Tailwind|p2a: Whimsicott\n|-sidestart|p2: lobel|move: Tailwind\n|move|p2b: Meowstic|Shadow Ball|p1a: Aggron\n|-damage|p1a: Aggron|61/100\n|move|p1b: Milotic|Scald|p2b: Meowstic\n|-damage|p2b: Meowstic|43/100\n|move|p1a: Aggron|Iron Head|p2a: Whimsicott\n|-supereffective|p2a: Whimsicott|1\n|-damage|p2a: Whimsicott|56/100\n|\n|upkeep\n|turn|4\n|\n|t:|1776475190\n|switch|p2a: Incineroar|Incineroar, L50, M|100/100\n|-ability|p2a: Incineroar|Intimidate|boost\n|-unboost|p1a: Aggron|atk|1\n|-unboost|p1b: Milotic|atk|1\n|-ability|p1b: Milotic|Competitive|boost\n|-boost|p1b: Milotic|spa|2\n|move|p2b: Meowstic|Protect|p2b: Meowstic\n|-singleturn|p2b: Meowstic|Protect\n|move|p1b: Milotic|Life Dew||[still]|[spread] p1a,p1b\n|-heal|p1a: Aggron|86/100\n|-fail|p1b: Milotic|heal\n|move|p1a: Aggron|Iron Head|p2a: Incineroar\n|-resisted|p2a: Incineroar|1\n|-crit|p2a: Incineroar\n|-damage|p2a: Incineroar|72/100\n|\n|upkeep\n|turn|5\n|\n|t:|1776475211\n|move|p2a: Incineroar|Fake Out|p1b: Milotic\n|-damage|p1b: Milotic|91/100\n|move|p2b: Meowstic|Psychic|p1b: Milotic\n|-damage|p1b: Milotic|31/100\n|cant|p1b: Milotic|flinch\n|move|p1a: Aggron|Body Press|p2a: Incineroar\n|-supereffective|p2a: Incineroar|1\n|-damage|p2a: Incineroar|0 fnt\n|faint|p2a: Incineroar\n|\n|-heal|p1b: Milotic|37/100|[from] item: Leftovers\n|upkeep\n|\n|t:|1776475226\n|switch|p2a: Whimsicott|Whimsicott, L50, F, shiny|56/100\n|turn|6\n|\n|t:|1776475246\n|switch|p2a: Rotom|Rotom-Wash, L50, shiny|100/100\n|move|p2b: Meowstic|Psychic|p1b: Milotic\n|-damage|p1b: Milotic|0 fnt\n|faint|p1b: Milotic\n|move|p1a: Aggron|Iron Head|p2a: Rotom\n|-resisted|p2a: Rotom|2\n|-damage|p2a: Rotom|98/100\n|\n|-heal|p2a: Rotom|100/100|[from] item: Leftovers\n|-sideend|p2: lobel|move: Tailwind\n|upkeep\n|\n|t:|1776475261\n|switch|p1b: Arcanine|Arcanine, L50, F|100/100\n|-ability|p1b: Arcanine|Intimidate|boost\n|-unboost|p2a: Rotom|atk|1\n|-unboost|p2b: Meowstic|atk|1\n|turn|7\n|\n|t:|1776475274\n|move|p2b: Meowstic|Protect|p2b: Meowstic\n|-singleturn|p2b: Meowstic|Protect\n|move|p1b: Arcanine|Snarl|p2b: Meowstic|[spread] p2a\n|-activate|p2b: Meowstic|move: Protect\n|-damage|p2a: Rotom|90/100\n|-unboost|p2a: Rotom|spa|1\n|move|p2a: Rotom|Hydro Pump|p1b: Arcanine\n|-supereffective|p1b: Arcanine|1\n|-damage|p1b: Arcanine|32/100\n|move|p1a: Aggron|Crunch|p2b: Meowstic\n|-activate|p2b: Meowstic|move: Protect\n|\n|-heal|p2a: Rotom|95/100|[from] item: Leftovers\n|upkeep\n|turn|8\n|\n|t:|1776475297\n|switch|p2b: Whimsicott|Whimsicott, L50, F, shiny|56/100\n|move|p1b: Arcanine|Snarl|p2b: Whimsicott|[spread] p2a,p2b\n|-crit|p2a: Rotom\n|-resisted|p2b: Whimsicott|1\n|-damage|p2a: Rotom|79/100\n|-damage|p2b: Whimsicott|49/100\n|-unboost|p2a: Rotom|spa|1\n|-unboost|p2b: Whimsicott|spa|1\n|move|p2a: Rotom|Volt Switch|p1b: Arcanine\n|-damage|p1b: Arcanine|14/100\n|\n|t:|1776475307\n|switch|p2a: Meowstic|Meowstic-F-Mega, L50, F|43/100|[from] Volt Switch\n|-ability|p2a: Meowstic|Filter|Trace|[from] ability: Trace|[of] p1a: Aggron\n|move|p1a: Aggron|Crunch|p2b: Whimsicott\n|-resisted|p2b: Whimsicott|1\n|-damage|p2b: Whimsicott|42/100\n|\n|upkeep\n|turn|9\n|inactive|woahgyarados has 30 seconds left.\n|inactive|lobel has 30 seconds left.\n|\n|t:|1776475334\n|move|p2b: Whimsicott|Encore|p1a: Aggron\n|-start|p1a: Aggron|Encore\n|move|p2a: Meowstic|Shadow Ball|p1b: Arcanine\n|-crit|p1b: Arcanine\n|-damage|p1b: Arcanine|0 fnt\n|faint|p1b: Arcanine\n|move|p1a: Aggron|Crunch|p2a: Meowstic\n|-supereffective|p2a: Meowstic|1\n|-damage|p2a: Meowstic|23/100\n|\n|upkeep\n|\n|t:|1776475344\n|switch|p1b: Excadrill|Excadrill, L50, M|100/100\n|-ability|p1b: Excadrill|Mold Breaker\n|turn|10\n|inactive|lobel has 30 seconds left.\n|\n|t:|1776475369\n|move|p2b: Whimsicott|Tailwind|p2b: Whimsicott\n|-sidestart|p2: lobel|move: Tailwind\n|move|p2a: Meowstic|Shadow Ball|p1b: Excadrill\n|-damage|p1b: Excadrill|56/100\n|move|p1b: Excadrill|High Horsepower|p2b: Whimsicott\n|-resisted|p2b: Whimsicott|1\n|-damage|p2b: Whimsicott|5/100\n|move|p1a: Aggron|Crunch|p2a: Meowstic\n|-supereffective|p2a: Meowstic|1\n|-crit|p2a: Meowstic\n|-damage|p2a: Meowstic|0 fnt\n|faint|p2a: Meowstic\n|\n|upkeep\n|\n|t:|1776475380\n|switch|p2a: Rotom|Rotom-Wash, L50, shiny|79/100\n|turn|11\n|inactive|woahgyarados has 30 seconds left.\n|inactive|lobel has 30 seconds left.\n|\n|t:|1776475411\n|move|p2b: Whimsicott|Moonblast|p1a: Aggron\n|-resisted|p1a: Aggron|1\n|-damage|p1a: Aggron|77/100\n|move|p2a: Rotom|Hydro Pump|p1b: Excadrill\n|-supereffective|p1b: Excadrill|1\n|-damage|p1b: Excadrill|0 fnt\n|faint|p1b: Excadrill\n|move|p1a: Aggron|Crunch|p2b: Whimsicott\n|-resisted|p2b: Whimsicott|1\n|-damage|p2b: Whimsicott|0 fnt\n|faint|p2b: Whimsicott\n|\n|-heal|p2a: Rotom|85/100|[from] item: Leftovers\n|-end|p1a: Aggron|Encore\n|upkeep\n|turn|12\n|\n|t:|1776475425\n|move|p2a: Rotom|Will-O-Wisp|p1a: Aggron\n|-status|p1a: Aggron|brn\n|move|p1a: Aggron|Iron Defense|p1a: Aggron\n|-boost|p1a: Aggron|def|2\n|\n|-heal|p2a: Rotom|91/100|[from] item: Leftovers\n|-damage|p1a: Aggron|71/100 brn|[from] brn\n|upkeep\n|turn|13\n|\n|t:|1776475434\n|move|p2a: Rotom|Hydro Pump|p1a: Aggron\n|-damage|p1a: Aggron|34/100 brn\n|move|p1a: Aggron|Iron Defense|p1a: Aggron\n|-boost|p1a: Aggron|def|2\n|\n|-heal|p2a: Rotom|97/100|[from] item: Leftovers\n|-damage|p1a: Aggron|28/100 brn|[from] brn\n|-sideend|p2: lobel|move: Tailwind\n|upkeep\n|turn|14\n|\n|t:|1776475451\n|move|p2a: Rotom|Hydro Pump|p1a: Aggron\n|-damage|p1a: Aggron|0 fnt\n|faint|p1a: Aggron\n|\n|win|lobel\n|raw|woahgyarados's rating: 1124 &rarr; <strong>1097</strong><br />(-27 for losing)\n|raw|lobel's rating: 1103 &rarr; <strong>1130</strong><br />(+27 for winning)\n|l|\u2606woahgyarados\n|player|p1|\n",
  "uploadtime": 1776475456,
  "views": 20,
  "formatid": "gen9championsvgc2026regma",
  "rating": 1097,
  "private": 0,
  "password": null
}