{
  "id": "gen9championsvgc2026regma-2586011456",
  "format": "[Gen 9 Champions] VGC 2026 Reg M-A",
  "players": [
    "Gaby Glytxii",
    "ydawgontop10"
  ],
  "log": "|j|\u2606Gaby Glytxii\n|j|\u2606ydawgontop10\n|t:|1776390081\n|gametype|doubles\n|player|p1|Gaby Glytxii|iris|1137\n|player|p2|ydawgontop10|1|1119\n|gen|9\n|tier|[Gen 9 Champions] VGC 2026 Reg M-A\n|rated|\n|rule|Species Clause: Limit one of each Pok\u00e9mon\n|rule|Item Clause: Limit 1 of each item\n|clearpoke\n|poke|p1|Abomasnow, L50, M|\n|poke|p1|Froslass, L50, F|\n|poke|p1|Umbreon, L50, M|\n|poke|p1|Avalugg, L50, F|\n|poke|p1|Volcarona, L50, M|\n|poke|p1|Ninetales-Alola, L50, F|\n|poke|p2|Tyranitar, L50, F|\n|poke|p2|Excadrill, L50, M|\n|poke|p2|Garchomp, L50, F|\n|poke|p2|Aerodactyl, L50, M|\n|poke|p2|Runerigus, L50, M|\n|poke|p2|Drampa, L50, F|\n|teampreview|4\n|inactive|Battle timer is ON: inactive players will automatically lose when time's up. (requested by ydawgontop10)\n|\n|t:|1776390105\n|teamsize|p1|4\n|teamsize|p2|4\n|start\n|switch|p1a: Abomasnow|Abomasnow, L50, M|100/100\n|switch|p1b: Avalugg|Avalugg, L50, F|100/100\n|switch|p2a: Aerodactyl|Aerodactyl, L50, M|100/100\n|switch|p2b: Garchomp|Garchomp, L50, F|100/100\n|-weather|Snowscape|[from] ability: Snow Warning|[of] p1a: Abomasnow\n|turn|1\n|\n|t:|1776390129\n|switch|p2b: Tyranitar|Tyranitar, L50, F|100/100\n|-weather|Sandstorm|[from] ability: Sand Stream|[of] p2b: Tyranitar\n|move|p1a: Abomasnow|Protect|p1a: Abomasnow\n|-singleturn|p1a: Abomasnow|Protect\n|move|p2a: Aerodactyl|Rock Slide|p1a: Abomasnow|[spread] p1b\n|-activate|p1a: Abomasnow|move: Protect\n|-supereffective|p1b: Avalugg|1\n|-damage|p1b: Avalugg|79/100\n|move|p1b: Avalugg|Aurora Veil||[still]\n|-fail|p1b: Avalugg\n|\n|-weather|Sandstorm|[upkeep]\n|-damage|p1a: Abomasnow|94/100|[from] Sandstorm\n|-damage|p1b: Avalugg|73/100|[from] Sandstorm\n|-heal|p1b: Avalugg|79/100|[from] item: Leftovers\n|upkeep\n|turn|2\n|inactive|ydawgontop10 has 30 seconds left.\n|\n|t:|1776390154\n|detailschange|p1a: Abomasnow|Abomasnow-Mega, L50, M\n|-mega|p1a: Abomasnow|Abomasnow|Abomasite\n|-weather|Snowscape|[from] ability: Snow Warning|[of] p1a: Abomasnow\n|move|p2a: Aerodactyl|Dual Wingbeat|p1a: Abomasnow\n|-supereffective|p1a: Abomasnow|1\n|-damage|p1a: Abomasnow|67/100\n|-supereffective|p1a: Abomasnow|1\n|-damage|p1a: Abomasnow|40/100\n|-hitcount|p1a: Abomasnow|2\n|move|p2b: Tyranitar|Rock Slide|p1a: Abomasnow|[spread] p1a,p1b\n|-supereffective|p1a: Abomasnow|1\n|-supereffective|p1b: Avalugg|1\n|-damage|p1a: Abomasnow|2/100\n|-damage|p1b: Avalugg|61/100\n|move|p1a: Abomasnow|Aurora Veil|p1a: Abomasnow\n|-sidestart|p1: Gaby Glytxii|move: Aurora Veil\n|move|p1b: Avalugg|Body Press|p2b: Tyranitar\n|-supereffective|p2b: Tyranitar|2\n|-enditem|p2b: Tyranitar|Chople Berry|[eat]\n|-enditem|p2b: Tyranitar|Chople Berry|[weaken]\n|-damage|p2b: Tyranitar|32/100\n|\n|-weather|Snowscape|[upkeep]\n|-heal|p1b: Avalugg|67/100|[from] item: Leftovers\n|upkeep\n|turn|3\n|inactive|Gaby Glytxii has 30 seconds left.\n|inactive|ydawgontop10 has 30 seconds left.\n|\n|t:|1776390180\n|switch|p2b: Garchomp|Garchomp, L50, F|100/100\n|move|p2a: Aerodactyl|Rock Slide|p1a: Abomasnow|[spread] p1a,p1b\n|-supereffective|p1a: Abomasnow|1\n|-supereffective|p1b: Avalugg|1\n|-damage|p1a: Abomasnow|0 fnt\n|-damage|p1b: Avalugg|58/100\n|faint|p1a: Abomasnow\n|cant|p1b: Avalugg|flinch\n|\n|-weather|Snowscape|[upkeep]\n|-heal|p1b: Avalugg|64/100|[from] item: Leftovers\n|upkeep\n|\n|t:|1776390188\n|switch|p1a: Froslass|Froslass, L50, F|100/100\n|turn|4\n|inactive|ydawgontop10 has 30 seconds left.\n|\n|t:|1776390215\n|detailschange|p2b: Garchomp|Garchomp-Mega, L50, F\n|-mega|p2b: Garchomp|Garchomp|Garchompite\n|move|p2a: Aerodactyl|Tailwind|p2a: Aerodactyl\n|-sidestart|p2: ydawgontop10|move: Tailwind\n|move|p2b: Garchomp|Earthquake|p1b: Avalugg|[spread] p1a,p1b\n|-immune|p2a: Aerodactyl\n|-crit|p1b: Avalugg\n|-damage|p1a: Froslass|69/100\n|-damage|p1b: Avalugg|45/100\n|move|p1a: Froslass|Blizzard|p2a: Aerodactyl|[spread] p2a,p2b\n|-supereffective|p2a: Aerodactyl|1\n|-supereffective|p2b: Garchomp|2\n|-damage|p2a: Aerodactyl|15/100\n|-damage|p2b: Garchomp|0 fnt\n|faint|p2b: Garchomp\n|move|p1b: Avalugg|Avalanche|p2a: Aerodactyl\n|-supereffective|p2a: Aerodactyl|1\n|-damage|p2a: Aerodactyl|0 fnt\n|faint|p2a: Aerodactyl\n|\n|-weather|Snowscape|[upkeep]\n|-heal|p1b: Avalugg|51/100|[from] item: Leftovers\n|upkeep\n|\n|t:|1776390235\n|switch|p2a: Tyranitar|Tyranitar, L50, F|32/100\n|switch|p2b: Excadrill|Excadrill, L50, M|100/100\n|-weather|Sandstorm|[from] ability: Sand Stream|[of] p2a: Tyranitar\n|turn|5\n|\n|t:|1776390248\n|move|p2b: Excadrill|Protect|p2b: Excadrill\n|-singleturn|p2b: Excadrill|Protect\n|move|p2a: Tyranitar|Brick Break|p1b: Avalugg\n|-sideend|p1: Gaby Glytxii|move: Aurora Veil\n|-supereffective|p1b: Avalugg|1\n|-damage|p1b: Avalugg|27/100\n|move|p1a: Froslass|Destiny Bond|p1a: Froslass\n|-singlemove|p1a: Froslass|Destiny Bond\n|move|p1b: Avalugg|Body Press|p2a: Tyranitar\n|-supereffective|p2a: Tyranitar|2\n|-crit|p2a: Tyranitar\n|-damage|p2a: Tyranitar|0 fnt\n|faint|p2a: Tyranitar\n|\n|-weather|Sandstorm|[upkeep]\n|-damage|p1a: Froslass|62/100|[from] Sandstorm\n|-damage|p1b: Avalugg|21/100|[from] Sandstorm\n|-heal|p1b: Avalugg|27/100|[from] item: Leftovers\n|upkeep\n|turn|6\n|inactive|Gaby Glytxii has 30 seconds left.\n|inactive|Gaby Glytxii has 20 seconds left.\n|inactive|Gaby Glytxii has 15 seconds left.\n|inactive|Gaby Glytxii has 10 seconds left.\n|inactive|Gaby Glytxii has 5 seconds left.\n|\n|t:|1776390303\n|move|p2b: Excadrill|Rock Slide|p1a: Froslass|[spread] p1b\n|-miss|p2b: Excadrill|p1a: Froslass\n|-supereffective|p1b: Avalugg|1\n|-damage|p1b: Avalugg|10/100\n|move|p1a: Froslass|Shadow Ball|p2b: Excadrill\n|-damage|p2b: Excadrill|61/100\n|move|p1b: Avalugg|Body Press|p2b: Excadrill\n|-supereffective|p2b: Excadrill|1\n|-damage|p2b: Excadrill|0 fnt\n|faint|p2b: Excadrill\n|\n|win|Gaby Glytxii\n|raw|Gaby Glytxii's rating: 1137 &rarr; <strong>1161</strong><br />(+24 for winning)\n|raw|ydawgontop10's rating: 1119 &rarr; <strong>1095</strong><br />(-24 for losing)\n",
  "uploadtime": 1776390318,
  "views": 16,
  "formatid": "gen9championsvgc2026regma",
  "rating": 1095,
  "private": 0,
  "password": null
}