{
  "id": "gen9championsvgc2026regma-2587805040",
  "format": "[Gen 9 Champions] VGC 2026 Reg M-A",
  "players": [
    "Miru17",
    "magato123"
  ],
  "log": "|j|\u2606Miru17\n|j|\u2606magato123\n|t:|1776565765\n|gametype|doubles\n|player|p1|Miru17|volkner|1097\n|player|p2|magato123|turo-ai|1000\n|gen|9\n|tier|[Gen 9 Champions] VGC 2026 Reg M-A\n|rated|\n|rule|Species Clause: Limit one of each Pok\u00e9mon\n|rule|Item Clause: Limit 1 of each item\n|clearpoke\n|poke|p1|Sableye, L50, M|\n|poke|p1|Victreebel, L50, M|\n|poke|p1|Pikachu, L50, F|\n|poke|p1|Milotic, L50, M|\n|poke|p1|Salazzle, L50, F|\n|poke|p1|Garchomp, L50, F|\n|poke|p2|Gengar, L50, M|\n|poke|p2|Garchomp, L50, F|\n|poke|p2|Basculegion, L50, M|\n|poke|p2|Clefable, L50, F|\n|poke|p2|Sneasler, L50, F|\n|poke|p2|Sableye, L50, M|\n|teampreview|4\n|j| SADATO69\nMiru17 has agreed to open team sheets.\n|inactive|Battle timer is ON: inactive players will automatically lose when time's up. (requested by Miru17)\n|l|\u2606magato123\n|inactive|magato123 disconnected and has a minute to reconnect!\n|player|p2|\n|j|\u2606magato123\n|inactive|magato123 reconnected and has 50 seconds left.\n|player|p2|magato123|turo-ai|\n|inactive|magato123 also wants the timer to be on.\n|inactive|magato123 has 30 seconds left.\n|inactive|magato123 has 20 seconds left.\n|inactive|magato123 has 15 seconds left.\n|inactive|magato123 has 10 seconds left.\n|inactive|magato123 has 5 seconds left.\n|\n|t:|1776565916\n|teamsize|p1|4\n|teamsize|p2|4\n|start\n|switch|p1a: Sableye|Sableye, L50, M|100/100\n|switch|p1b: Victreebel|Victreebel, L50, M|100/100\n|switch|p2a: Gengar|Gengar, L50, M|100/100\n|switch|p2b: Garchomp|Garchomp, L50, F|100/100\n|turn|1\n|\n|t:|1776565938\n|detailschange|p1b: Victreebel|Victreebel-Mega, L50, M\n|-mega|p1b: Victreebel|Victreebel|Victreebelite\n|move|p1a: Sableye|Fake Out|p2b: Garchomp\n|-damage|p2b: Garchomp|93/100\n|move|p2a: Gengar|Focus Blast|p1a: Sableye\n|-immune|p1a: Sableye\n|cant|p2b: Garchomp|flinch\n|move|p1b: Victreebel|Sleep Powder|p2a: Gengar\n|-status|p2a: Gengar|slp|[from] move: Sleep Powder\n|\n|upkeep\n|turn|2\n|\n|t:|1776565952\n|move|p1a: Sableye|Gravity|p1a: Sableye\n|-fieldstart|move: Gravity\n|cant|p2a: Gengar|slp\n|move|p2b: Garchomp|Rock Slide|p1a: Sableye|[spread] p1a,p1b\n|-damage|p1a: Sableye|70/100\n|-damage|p1b: Victreebel|78/100\n|move|p1b: Victreebel|Strength Sap|p2b: Garchomp\n|-unboost|p2b: Garchomp|atk|1\n|-heal|p1b: Victreebel|100/100\n|\n|upkeep\n|turn|3\n|\n|t:|1776565971\n|detailschange|p2a: Gengar|Gengar-Mega, L50, M\n|-mega|p2a: Gengar|Gengar|Gengarite\n|move|p1a: Sableye|Disable|p2b: Garchomp\n|-start|p2b: Garchomp|Disable|Rock Slide\n|cant|p2a: Gengar|slp\n|cant|p2b: Garchomp|Disable|Rock Slide\n|move|p1b: Victreebel|Power Whip|p2b: Garchomp\n|-damage|p2b: Garchomp|32/100\n|\n|upkeep\n|turn|4\n|\n|t:|1776565984\n|-curestatus|p2a: Gengar|slp|[msg]\n|move|p2a: Gengar|Focus Blast|p1b: Victreebel\n|-resisted|p1b: Victreebel|1\n|-damage|p1b: Victreebel|72/100\n|move|p2b: Garchomp|Dragon Rush|p2a: Gengar\n|-damage|p2a: Gengar|41/100\n|move|p1b: Victreebel|Power Whip|p2b: Garchomp\n|-damage|p2b: Garchomp|0 fnt\n|faint|p2b: Garchomp\n|move|p1a: Sableye|Foul Play|p2a: Gengar\n|-supereffective|p2a: Gengar|1\n|-damage|p2a: Gengar|0 fnt\n|faint|p2a: Gengar\n|\n|upkeep\n|\n|t:|1776565985\n|switch|p2a: Clefable|Clefable, L50, F|100/100\n|switch|p2b: Basculegion|Basculegion, L50, M|100/100\n|turn|5\n|inactive|Miru17 has 30 seconds left.\n|\n|t:|1776566010\n|move|p2b: Basculegion|Last Respects|p1a: Sableye\n|-damage|p1a: Sableye|0 fnt\n|faint|p1a: Sableye\n|move|p1b: Victreebel|Sleep Powder|p2b: Basculegion\n|-status|p2b: Basculegion|slp|[from] move: Sleep Powder\n|move|p2a: Clefable|Reflect|p2a: Clefable\n|-sidestart|p2: magato123|Reflect\n|\n|upkeep\n|\n|t:|1776566020\n|switch|p1a: Garchomp|Garchomp, L50, F|100/100\n|turn|6\n|\n|t:|1776566035\n|move|p1a: Garchomp|Rock Slide|p2b: Basculegion|[spread] p2a,p2b\n|-damage|p2a: Clefable|88/100\n|-damage|p2b: Basculegion|80/100 slp\n|cant|p2b: Basculegion|slp\n|move|p1b: Victreebel|Sleep Powder|p2a: Clefable\n|-status|p2a: Clefable|slp|[from] move: Sleep Powder\n|cant|p2a: Clefable|slp\n|\n|-heal|p2a: Clefable|94/100 slp|[from] item: Leftovers\n|-fieldend|move: Gravity\n|upkeep\n|turn|7\n|\n|t:|1776566048\n|move|p1a: Garchomp|Rock Slide|p2a: Clefable|[spread] p2a,p2b\n|-damage|p2a: Clefable|81/100 slp\n|-damage|p2b: Basculegion|63/100 slp\n|cant|p2b: Basculegion|slp\n|move|p1b: Victreebel|Strength Sap|p2b: Basculegion\n|-unboost|p2b: Basculegion|atk|1\n|-heal|p1b: Victreebel|100/100\n|cant|p2a: Clefable|slp\n|\n|-heal|p2a: Clefable|87/100 slp|[from] item: Leftovers\n|upkeep\n|turn|8\n|\n|t:|1776566062\n|move|p1a: Garchomp|Rock Slide|p2b: Basculegion|[spread] p2a,p2b\n|-damage|p2a: Clefable|73/100 slp\n|-damage|p2b: Basculegion|45/100 slp\n|-curestatus|p2b: Basculegion|slp|[msg]\n|move|p2b: Basculegion|Last Respects|p1a: Garchomp\n|-damage|p1a: Garchomp|27/100\n|move|p1b: Victreebel|Power Whip|p2b: Basculegion|[miss]\n|-miss|p1b: Victreebel|p2b: Basculegion\n|-curestatus|p2a: Clefable|slp|[msg]\n|move|p2a: Clefable|Reflect||[still]\n|-fail|p2a: Clefable\n|\n|-heal|p2a: Clefable|79/100|[from] item: Leftovers\n|upkeep\n|turn|9\n|\n|t:|1776566081\n|move|p1a: Garchomp|Rock Slide|p2b: Basculegion|[spread] p2a,p2b\n|-damage|p2a: Clefable|66/100\n|-damage|p2b: Basculegion|27/100\n|move|p2b: Basculegion|Last Respects|p1b: Victreebel\n|-damage|p1b: Victreebel|27/100\n|move|p1b: Victreebel|Power Whip|p2b: Basculegion\n|-supereffective|p2b: Basculegion|1\n|-damage|p2b: Basculegion|0 fnt\n|faint|p2b: Basculegion\n|cant|p2a: Clefable|flinch\n|\n|-heal|p2a: Clefable|72/100|[from] item: Leftovers\n|-sideend|p2: magato123|Reflect\n|upkeep\n|turn|10\n|\n|t:|1776566097\n|move|p1a: Garchomp|Rock Slide|p2a: Clefable\n|-damage|p2a: Clefable|47/100\n|move|p1b: Victreebel|Sleep Powder|p2a: Clefable|[miss]\n|-miss|p1b: Victreebel|p2a: Clefable\n|move|p2a: Clefable|Gravity|p2a: Clefable\n|-fieldstart|move: Gravity\n|\n|-heal|p2a: Clefable|52/100|[from] item: Leftovers\n|upkeep\n|turn|11\n|c|\u2606Miru17|oh wow, fellow gravity user\n|\n|t:|1776566118\n|move|p1a: Garchomp|Rock Slide|p2a: Clefable\n|-damage|p2a: Clefable|27/100\n|move|p1b: Victreebel|Power Whip|p2a: Clefable\n|-damage|p2a: Clefable|0 fnt\n|faint|p2a: Clefable\n|\n|win|Miru17\n|raw|Miru17's rating: 1097 &rarr; <strong>1116</strong><br />(+19 for winning)\n|raw|magato123's rating: 1000 &rarr; <strong>1000</strong><br />(+0 for losing)\n",
  "uploadtime": 1776566118,
  "views": 8,
  "formatid": "gen9championsvgc2026regma",
  "rating": 1000,
  "private": 0,
  "password": null
}