{
  "id": "gen9championsvgc2026regma-2588661298",
  "format": "[Gen 9 Champions] VGC 2026 Reg M-A",
  "players": [
    "killertruco",
    "rebornsan93"
  ],
  "log": "|j|\u2606killertruco\n|j|\u2606rebornsan93\n|t:|1776654951\n|gametype|doubles\n|player|p1|killertruco|2|1092\n|player|p2|rebornsan93|infielder|1121\n|gen|9\n|tier|[Gen 9 Champions] VGC 2026 Reg M-A\n|rated|\n|rule|Species Clause: Limit one of each Pok\u00e9mon\n|rule|Item Clause: Limit 1 of each item\n|clearpoke\n|poke|p1|Aggron, L50, M|\n|poke|p1|Audino, L50, M|\n|poke|p1|Goodra-Hisui, L50, F|\n|poke|p1|Milotic, L50, F|\n|poke|p1|Incineroar, L50, F, shiny|\n|poke|p1|Farigiraf, L50, M|\n|poke|p2|Pelipper, L50, M|\n|poke|p2|Basculegion, L50, M|\n|poke|p2|Incineroar, L50, F|\n|poke|p2|Sinistcha, L50|\n|poke|p2|Meganium, L50, F|\n|poke|p2|Farigiraf, L50, M|\n|teampreview|4\n|c|\u2606killertruco|glhf\n|inactive|Battle timer is ON: inactive players will automatically lose when time's up. (requested by killertruco)\n|c|\u2606rebornsan93|glhf\n|\n|t:|1776655000\n|teamsize|p1|4\n|teamsize|p2|4\n|start\n|switch|p1a: Aggron|Aggron, L50, M|100/100\n|switch|p1b: Farigiraf|Farigiraf, L50, M|100/100\n|switch|p2a: Farigiraf|Farigiraf, L50, M|100/100\n|switch|p2b: Meganium|Meganium, L50, F|100/100\n|turn|1\n|\n|t:|1776655025\n|detailschange|p2b: Meganium|Meganium-Mega, L50, F\n|-mega|p2b: Meganium|Meganium|Meganiumite\n|detailschange|p1a: Aggron|Aggron-Mega, L50, M\n|-mega|p1a: Aggron|Aggron|Aggronite\n|move|p2a: Farigiraf|Helping Hand|p2b: Meganium\n|-singleturn|p2b: Meganium|Helping Hand|[of] p2a: Farigiraf\n|move|p1a: Aggron|Protect|p1a: Aggron\n|-singleturn|p1a: Aggron|Protect\n|move|p2b: Meganium|Weather Ball|p1a: Aggron\n|-activate|p1a: Aggron|move: Protect\n|move|p1b: Farigiraf|Light Screen|p1b: Farigiraf\n|-sidestart|p1: killertruco|move: Light Screen\n|\n|upkeep\n|turn|2\n|\n|t:|1776655042\n|switch|p1a: Audino|Audino, L50, M|100/100\n|move|p2a: Farigiraf|Helping Hand|p2b: Meganium\n|-singleturn|p2b: Meganium|Helping Hand|[of] p2a: Farigiraf\n|move|p2b: Meganium|Weather Ball|p1a: Audino\n|-damage|p1a: Audino|46/100\n|move|p1b: Farigiraf|Trick Room|p1b: Farigiraf\n|-fieldstart|move: Trick Room|[of] p1b: Farigiraf\n|\n|upkeep\n|turn|3\n|\n|t:|1776655060\n|move|p1a: Audino|Dazzling Gleam|p2b: Meganium|[spread] p2a,p2b\n|-damage|p2a: Farigiraf|89/100\n|-damage|p2b: Meganium|88/100\n|move|p1b: Farigiraf|Hyper Voice|p2a: Farigiraf|[spread] p2a,p2b\n|-damage|p2a: Farigiraf|63/100\n|-damage|p2b: Meganium|64/100\n|move|p2a: Farigiraf|Hyper Voice|p1b: Farigiraf|[spread] p1a,p1b\n|-damage|p1a: Audino|28/100\n|-damage|p1b: Farigiraf|84/100\n|move|p2b: Meganium|Weather Ball|p1a: Audino\n|-damage|p1a: Audino|0 fnt\n|faint|p1a: Audino\n|\n|upkeep\n|\n|t:|1776655071\n|switch|p1a: Aggron|Aggron-Mega, L50, M|100/100\n|turn|4\n|inactive|killertruco has 30 seconds left.\n|inactive|killertruco has 20 seconds left.\n|inactive|killertruco has 15 seconds left.\n|inactive|killertruco has 10 seconds left.\n|\n|t:|1776655119\n|switch|p2b: Incineroar|Incineroar, L50, F|100/100\n|-ability|p2b: Incineroar|Intimidate|boost\n|-unboost|p1a: Aggron|atk|1\n|-unboost|p1b: Farigiraf|atk|1\n|move|p1a: Aggron|Ice Punch|p2b: Incineroar\n|-resisted|p2b: Incineroar|1\n|-damage|p2b: Incineroar|95/100\n|move|p1b: Farigiraf|Hyper Voice|p2b: Incineroar|[spread] p2a,p2b\n|-damage|p2a: Farigiraf|37/100\n|-damage|p2b: Incineroar|71/100\n|move|p2a: Farigiraf|Trick Room|p2a: Farigiraf\n|-fieldend|move: Trick Room\n|\n|upkeep\n|turn|5\n|inactive|rebornsan93 has 30 seconds left.\n|inactive|rebornsan93 has 20 seconds left.\n|inactive|rebornsan93 has 15 seconds left.\n|inactive|rebornsan93 has 10 seconds left.\n|\n|t:|1776655165\n|move|p2a: Farigiraf|Helping Hand|p2b: Incineroar\n|-singleturn|p2b: Incineroar|Helping Hand|[of] p2a: Farigiraf\n|move|p2b: Incineroar|Close Combat|p1a: Aggron\n|-supereffective|p1a: Aggron|1\n|-damage|p1a: Aggron|75/100\n|-unboost|p2b: Incineroar|def|1\n|-unboost|p2b: Incineroar|spd|1\n|move|p1a: Aggron|Body Press|p2b: Incineroar\n|-supereffective|p2b: Incineroar|1\n|-damage|p2b: Incineroar|0 fnt\n|faint|p2b: Incineroar\n|move|p1b: Farigiraf|Trick Room|p1b: Farigiraf\n|-fieldstart|move: Trick Room|[of] p1b: Farigiraf\n|\n|-sideend|p1: killertruco|move: Light Screen\n|upkeep\n|\n|t:|1776655176\n|switch|p2b: Meganium|Meganium-Mega, L50, F|64/100\n|turn|6\n|\n|t:|1776655191\n|move|p2a: Farigiraf|Helping Hand|p2b: Meganium\n|-singleturn|p2b: Meganium|Helping Hand|[of] p2a: Farigiraf\n|move|p1a: Aggron|Body Press|p2a: Farigiraf\n|-damage|p2a: Farigiraf|0 fnt\n|faint|p2a: Farigiraf\n|move|p1b: Farigiraf|Light Screen|p1b: Farigiraf\n|-sidestart|p1: killertruco|move: Light Screen\n|move|p2b: Meganium|Weather Ball|p1a: Aggron\n|-supereffective|p1a: Aggron|1\n|-damage|p1a: Aggron|0 fnt\n|faint|p1a: Aggron\n|\n|upkeep\n|\n|t:|1776655202\n|switch|p1a: Goodra|Goodra-Hisui, L50, F|100/100\n|switch|p2a: Basculegion|Basculegion, L50, M|100/100\n|turn|7\n|\n|t:|1776655218\n|move|p1b: Farigiraf|Hyper Voice|p2a: Basculegion|[spread] p2b\n|-immune|p2a: Basculegion\n|-damage|p2b: Meganium|37/100\n|move|p1a: Goodra|Flash Cannon|p2b: Meganium\n|-supereffective|p2b: Meganium|1\n|-damage|p2b: Meganium|0 fnt\n|faint|p2b: Meganium\n|move|p2a: Basculegion|Last Respects|p1a: Goodra\n|-damage|p1a: Goodra|0 fnt\n|faint|p1a: Goodra\n|\n|upkeep\n|turn|8\n|\n|t:|1776655232\n|move|p1b: Farigiraf|Protect|p1b: Farigiraf\n|-singleturn|p1b: Farigiraf|Protect\n|move|p2a: Basculegion|Last Respects|p1b: Farigiraf\n|-activate|p1b: Farigiraf|move: Protect\n|\n|upkeep\n|turn|9\n|\n|t:|1776655236\n|move|p1b: Farigiraf|Protect||[still]\n|-fail|p1b: Farigiraf\n|move|p2a: Basculegion|Last Respects|p1b: Farigiraf\n|-immune|p1b: Farigiraf\n|\n|-fieldend|move: Trick Room\n|upkeep\n|turn|10\n|c|\u2606killertruco|lol\n|c|\u2606killertruco|choice?\n|c|\u2606rebornsan93|lol 2\n|c|\u2606rebornsan93|yup\n|c|\u2606killertruco|hahhaahhahahahha\n|c|\u2606rebornsan93|kkkkkk\n|c|\u2606killertruco|nice\n|\n|t:|1776655259\n|move|p2a: Basculegion|Last Respects|p1b: Farigiraf\n|-immune|p1b: Farigiraf\n|move|p1b: Farigiraf|Hyper Voice|p2a: Basculegion\n|-immune|p2a: Basculegion\n|\n|-sideend|p1: killertruco|move: Light Screen\n|upkeep\n|turn|11\n|c|\u2606killertruco|welp\n|\n|t:|1776655265\n|move|p2a: Basculegion|Last Respects|p1b: Farigiraf\n|-immune|p1b: Farigiraf\n|move|p1b: Farigiraf|Hyper Voice|p2a: Basculegion\n|-immune|p2a: Basculegion\n|\n|upkeep\n|turn|12\n|\n|t:|1776655268\n|move|p1b: Farigiraf|Protect|p1b: Farigiraf\n|-singleturn|p1b: Farigiraf|Protect\n|move|p2a: Basculegion|Last Respects|p1b: Farigiraf\n|-activate|p1b: Farigiraf|move: Protect\n|\n|upkeep\n|turn|13\n|\n|t:|1776655275\n|move|p2a: Basculegion|Last Respects|p1b: Farigiraf\n|-immune|p1b: Farigiraf\n|move|p1b: Farigiraf|Light Screen|p1b: Farigiraf\n|-sidestart|p1: killertruco|move: Light Screen\n|\n|upkeep\n|turn|14\n|\n|t:|1776655277\n|move|p2a: Basculegion|Last Respects|p1b: Farigiraf\n|-immune|p1b: Farigiraf\n|move|p1b: Farigiraf|Trick Room|p1b: Farigiraf\n|-fieldstart|move: Trick Room|[of] p1b: Farigiraf\n|\n|upkeep\n|turn|15\n|\n|t:|1776655279\n|move|p1b: Farigiraf|Light Screen||[still]\n|-fail|p1b: Farigiraf\n|move|p2a: Basculegion|Last Respects|p1b: Farigiraf\n|-immune|p1b: Farigiraf\n|\n|upkeep\n|turn|16\n|\n|t:|1776655281\n|move|p1b: Farigiraf|Hyper Voice|p2a: Basculegion\n|-immune|p2a: Basculegion\n|move|p2a: Basculegion|Last Respects|p1b: Farigiraf\n|-immune|p1b: Farigiraf\n|\n|upkeep\n|turn|17\n|\n|t:|1776655283\n|move|p1b: Farigiraf|Protect|p1b: Farigiraf\n|-singleturn|p1b: Farigiraf|Protect\n|move|p2a: Basculegion|Last Respects|p1b: Farigiraf\n|-activate|p1b: Farigiraf|move: Protect\n|\n|-sideend|p1: killertruco|move: Light Screen\n|upkeep\n|turn|18\n|\n|t:|1776655287\n|move|p1b: Farigiraf|Hyper Voice|p2a: Basculegion\n|-immune|p2a: Basculegion\n|move|p2a: Basculegion|Last Respects|p1b: Farigiraf\n|-immune|p1b: Farigiraf\n|\n|-fieldend|move: Trick Room\n|upkeep\n|turn|19\n|\n|t:|1776655288\n|move|p1b: Farigiraf|Protect|p1b: Farigiraf\n|-singleturn|p1b: Farigiraf|Protect\n|-activate|p2a: Basculegion|move: Struggle\n|move|p2a: Basculegion|Struggle|p1b: Farigiraf\n|-activate|p1b: Farigiraf|move: Protect\n|\n|upkeep\n|turn|20\n|\n|t:|1776655291\n|-activate|p2a: Basculegion|move: Struggle\n|move|p2a: Basculegion|Struggle|p1b: Farigiraf\n|-damage|p1b: Farigiraf|66/100\n|-damage|p2a: Basculegion|75/100|[from] recoil\n|move|p1b: Farigiraf|Hyper Voice|p2a: Basculegion\n|-immune|p2a: Basculegion\n|\n|upkeep\n|turn|21\n|\n|t:|1776655295\n|-activate|p2a: Basculegion|move: Struggle\n|move|p2a: Basculegion|Struggle|p1b: Farigiraf\n|-damage|p1b: Farigiraf|46/100\n|-damage|p2a: Basculegion|50/100|[from] recoil\n|move|p1b: Farigiraf|Light Screen|p1b: Farigiraf\n|-sidestart|p1: killertruco|move: Light Screen\n|\n|upkeep\n|turn|22\n|\n|t:|1776655300\n|-activate|p2a: Basculegion|move: Struggle\n|move|p2a: Basculegion|Struggle|p1b: Farigiraf\n|-damage|p1b: Farigiraf|26/100\n|-damage|p2a: Basculegion|25/100|[from] recoil\n|move|p1b: Farigiraf|Trick Room|p1b: Farigiraf\n|-fieldstart|move: Trick Room|[of] p1b: Farigiraf\n|\n|upkeep\n|turn|23\n|\n|t:|1776655305\n|move|p1b: Farigiraf|Hyper Voice|p2a: Basculegion\n|-immune|p2a: Basculegion\n|-activate|p2a: Basculegion|move: Struggle\n|move|p2a: Basculegion|Struggle|p1b: Farigiraf\n|-damage|p1b: Farigiraf|7/100\n|-damage|p2a: Basculegion|0 fnt|[from] recoil\n|faint|p2a: Basculegion\n|\n|win|killertruco\n|raw|killertruco's rating: 1092 &rarr; <strong>1120</strong><br />(+28 for winning)\n|raw|rebornsan93's rating: 1121 &rarr; <strong>1094</strong><br />(-27 for losing)\n|c|\u2606killertruco|close\n|c|\u2606rebornsan93|gg\n|c|\u2606killertruco|if you crit you won hahahah\n|c|\u2606killertruco|idk if you can crit with struggle tbh\n|c|\u2606killertruco|gg\n",
  "uploadtime": 1776655331,
  "views": 7,
  "formatid": "gen9championsvgc2026regma",
  "rating": 1094,
  "private": 0,
  "password": null
}