{
  "id": "gen9championsvgc2026regma-2584244320",
  "format": "[Gen 9 Champions] VGC 2026 Reg M-A",
  "players": [
    "le143",
    "sweepy boi"
  ],
  "log": "|j|\u2606le143\n|j|\u2606sweepy boi\n|t:|1776242542\n|gametype|doubles\n|player|p1|le143|170|1244\n|player|p2|sweepy boi|skyla|1300\n|gen|9\n|tier|[Gen 9 Champions] VGC 2026 Reg M-A\n|rated|\n|rule|Species Clause: Limit one of each Pok\u00e9mon\n|rule|Item Clause: Limit 1 of each item\n|clearpoke\n|poke|p1|Blastoise, L50, M|\n|poke|p1|Sneasler, L50, F|\n|poke|p1|Garchomp, L50, M|\n|poke|p1|Aerodactyl, L50, M|\n|poke|p1|Sinistcha, L50|\n|poke|p1|Kingambit, L50, F|\n|poke|p2|Palafin, L50, M|\n|poke|p2|Incineroar, L50, M|\n|poke|p2|Sinistcha, L50|\n|poke|p2|Kangaskhan, L50, F|\n|poke|p2|Aegislash, L50, M|\n|poke|p2|Talonflame, L50, F|\n|teampreview|4\n|\n|t:|1776242577\n|teamsize|p1|4\n|teamsize|p2|4\n|start\n|switch|p1a: Kingambit|Kingambit, L50, F|100/100\n|switch|p1b: Sinistcha|Sinistcha, L50|100/100\n|switch|p2a: Palafin|Palafin, L50, M|100/100\n|switch|p2b: Talonflame|Talonflame, L50, F|100/100\n|turn|1\n|\n|t:|1776242600\n|detailschange|p2a: Palafin|Palafin-Hero, L50, M\n|switch|p2a: Kangaskhan|Kangaskhan, L50, F|100/100\n|move|p2b: Talonflame|Brave Bird|p1b: Sinistcha\n|-supereffective|p1b: Sinistcha|1\n|-damage|p1b: Sinistcha|13/100\n|-enditem|p1b: Sinistcha|Sitrus Berry|[eat]\n|-heal|p1b: Sinistcha|38/100|[from] item: Sitrus Berry\n|-damage|p2b: Talonflame|68/100|[from] Recoil\n|move|p1a: Kingambit|Swords Dance|p1a: Kingambit\n|-boost|p1a: Kingambit|atk|2\n|move|p1b: Sinistcha|Trick Room|p1b: Sinistcha\n|-fieldstart|move: Trick Room|[of] p1b: Sinistcha\n|\n|upkeep\n|turn|2\n|\n|t:|1776242663\n|switch|p1b: Garchomp|Garchomp, L50, M|100/100\n|detailschange|p2a: Kangaskhan|Kangaskhan-Mega, L50, F\n|-mega|p2a: Kangaskhan|Kangaskhan|Kangaskhanite\n|move|p2b: Talonflame|Protect|p2b: Talonflame\n|-singleturn|p2b: Talonflame|Protect\n|move|p1a: Kingambit|Low Kick|p2a: Kangaskhan\n|-supereffective|p2a: Kangaskhan|1\n|-damage|p2a: Kangaskhan|0 fnt\n|faint|p2a: Kangaskhan\n|\n|upkeep\n|\n|t:|1776242703\n|switch|p2a: Palafin|Palafin-Hero, L50, M|100/100\n|-activate|p2a: Palafin|ability: Zero to Hero\n|turn|3\n|\n|t:|1776242730\n|move|p1a: Kingambit|Low Kick|p2a: Palafin\n|-damage|p2a: Palafin|41/100\n|move|p2a: Palafin|Bulk Up|p2a: Palafin\n|-boost|p2a: Palafin|atk|1\n|-boost|p2a: Palafin|def|1\n|move|p2b: Talonflame|Flare Blitz|p1a: Kingambit\n|-supereffective|p1a: Kingambit|1\n|-damage|p1a: Kingambit|33/100\n|-damage|p2b: Talonflame|39/100|[from] Recoil\n|move|p1b: Garchomp|Rock Slide|p2b: Talonflame|[spread] p2a,p2b\n|-supereffective|p2b: Talonflame|2\n|-damage|p2a: Palafin|26/100\n|-damage|p2b: Talonflame|0 fnt\n|faint|p2b: Talonflame\n|\n|-heal|p2a: Palafin|33/100|[from] item: Leftovers\n|upkeep\n|\n|t:|1776242744\n|switch|p2b: Sinistcha|Sinistcha, L50|100/100\n|-heal|p2a: Palafin|57/100|[from] ability: Hospitality|[of] p2b: Sinistcha\n|turn|4\n|\n|t:|1776242766\n|switch|p1b: Sinistcha|Sinistcha, L50|38/100\n|-heal|p1a: Kingambit|58/100|[from] ability: Hospitality|[of] p1b: Sinistcha\n|move|p1a: Kingambit|Sucker Punch|p2a: Palafin\n|-damage|p2a: Palafin|6/100\n|move|p2a: Palafin|Jet Punch|p1a: Kingambit\n|-damage|p1a: Kingambit|13/100\n|move|p2b: Sinistcha|Imprison|p2b: Sinistcha\n|-start|p2b: Sinistcha|move: Imprison\n|\n|-heal|p2a: Palafin|12/100|[from] item: Leftovers\n|upkeep\n|turn|5\n|\n|t:|1776242812\n|move|p2b: Sinistcha|Protect|p2b: Sinistcha\n|-singleturn|p2b: Sinistcha|Protect\n|move|p2a: Palafin|Protect|p2a: Palafin\n|-singleturn|p2a: Palafin|Protect\n|move|p1a: Kingambit|Sucker Punch||[still]\n|-fail|p1a: Kingambit\n|move|p1b: Sinistcha|Life Dew|p1b: Sinistcha|[spread] p1a,p1b\n|-heal|p1a: Kingambit|38/100\n|-heal|p1b: Sinistcha|63/100\n|\n|-heal|p2a: Palafin|19/100|[from] item: Leftovers\n|-fieldend|move: Trick Room\n|upkeep\n|turn|6\n|\n|t:|1776242841\n|move|p2b: Sinistcha|Rage Powder|p2b: Sinistcha\n|-singleturn|p2b: Sinistcha|move: Rage Powder\n|move|p2a: Palafin|Jet Punch|p1a: Kingambit\n|-damage|p1a: Kingambit|0 fnt\n|faint|p1a: Kingambit\n|move|p1b: Sinistcha|Life Dew|p1b: Sinistcha\n|-heal|p1b: Sinistcha|88/100\n|\n|-heal|p2a: Palafin|25/100|[from] item: Leftovers\n|upkeep\n|\n|t:|1776242855\n|switch|p1a: Blastoise|Blastoise, L50, M|100/100\n|turn|7\n|\n|t:|1776242880\n|detailschange|p1a: Blastoise|Blastoise-Mega, L50, M\n|-mega|p1a: Blastoise|Blastoise|Blastoisinite\n|move|p2a: Palafin|Protect|p2a: Palafin\n|-singleturn|p2a: Palafin|Protect\n|move|p1a: Blastoise|Dark Pulse|p2b: Sinistcha\n|-supereffective|p2b: Sinistcha|1\n|-damage|p2b: Sinistcha|12/100\n|-enditem|p2b: Sinistcha|Sitrus Berry|[eat]\n|-heal|p2b: Sinistcha|37/100|[from] item: Sitrus Berry\n|move|p2b: Sinistcha|Matcha Gotcha|p1a: Blastoise|[spread] p1a,p1b\n|-supereffective|p1a: Blastoise|1\n|-resisted|p1b: Sinistcha|1\n|-damage|p1a: Blastoise|54/100\n|-heal|p2b: Sinistcha|60/100|[from] drain|[of] p1a: Blastoise\n|-damage|p1b: Sinistcha|78/100\n|-heal|p2b: Sinistcha|65/100|[from] drain|[of] p1b: Sinistcha\n|-status|p1a: Blastoise|brn\n|move|p1b: Sinistcha|Life Dew|p1b: Sinistcha|[spread] p1a,p1b\n|-heal|p1a: Blastoise|79/100 brn\n|-heal|p1b: Sinistcha|100/100\n|\n|-heal|p2a: Palafin|31/100|[from] item: Leftovers\n|-damage|p1a: Blastoise|73/100 brn|[from] brn\n|upkeep\n|turn|8\n|\n|t:|1776242923\n|move|p2b: Sinistcha|Protect|p2b: Sinistcha\n|-singleturn|p2b: Sinistcha|Protect\n|move|p2a: Palafin|Wave Crash|p1a: Blastoise\n|-resisted|p1a: Blastoise|1\n|-damage|p1a: Blastoise|18/100 brn\n|-damage|p2a: Palafin|14/100|[from] Recoil\n|move|p1a: Blastoise|Dark Pulse|p2b: Sinistcha\n|-activate|p2b: Sinistcha|move: Protect\n|move|p1b: Sinistcha|Life Dew||[still]|[spread] p1a,p1b\n|-heal|p1a: Blastoise|43/100 brn\n|-fail|p1b: Sinistcha|heal\n|\n|-heal|p2a: Palafin|21/100|[from] item: Leftovers\n|-damage|p1a: Blastoise|37/100 brn|[from] brn\n|upkeep\n|turn|9\n|\n|t:|1776242945\n|move|p2b: Sinistcha|Rage Powder|p2b: Sinistcha\n|-singleturn|p2b: Sinistcha|move: Rage Powder\n|move|p2a: Palafin|Wave Crash|p1a: Blastoise\n|-resisted|p1a: Blastoise|1\n|-damage|p1a: Blastoise|0 fnt\n|faint|p1a: Blastoise\n|-damage|p2a: Palafin|10/100|[from] Recoil\n|move|p1b: Sinistcha|Life Dew||[still]\n|-fail|p1b: Sinistcha|heal\n|\n|-heal|p2a: Palafin|16/100|[from] item: Leftovers\n|upkeep\n|\n|t:|1776242955\n|switch|p1a: Garchomp|Garchomp, L50, M|100/100\n|turn|10\n|\n|t:|1776242988\n|move|p2a: Palafin|Protect|p2a: Palafin\n|-singleturn|p2a: Palafin|Protect\n|move|p1a: Garchomp|Earthquake|p2b: Sinistcha|[spread] p1b,p2b\n|-activate|p2a: Palafin|move: Protect\n|-resisted|p1b: Sinistcha|1\n|-resisted|p2b: Sinistcha|1\n|-damage|p1b: Sinistcha|80/100\n|-damage|p2b: Sinistcha|47/100\n|move|p2b: Sinistcha|Matcha Gotcha|p1a: Garchomp|[spread] p1a,p1b\n|-resisted|p1b: Sinistcha|1\n|-damage|p1a: Garchomp|74/100\n|-heal|p2b: Sinistcha|62/100|[from] drain|[of] p1a: Garchomp\n|-damage|p1b: Sinistcha|68/100\n|-heal|p2b: Sinistcha|68/100|[from] drain|[of] p1b: Sinistcha\n|-status|p1b: Sinistcha|brn\n|move|p1b: Sinistcha|Life Dew|p1b: Sinistcha|[spread] p1a,p1b\n|-heal|p1a: Garchomp|99/100\n|-heal|p1b: Sinistcha|94/100 brn\n|\n|-heal|p2a: Palafin|22/100|[from] item: Leftovers\n|-damage|p1b: Sinistcha|88/100 brn|[from] brn\n|upkeep\n|turn|11\n|\n|t:|1776243011\n|move|p1a: Garchomp|Earthquake|p2a: Palafin|[spread] p1b,p2a,p2b\n|-resisted|p1b: Sinistcha|1\n|-resisted|p2b: Sinistcha|1\n|-damage|p1b: Sinistcha|71/100 brn\n|-damage|p2a: Palafin|0 fnt\n|-damage|p2b: Sinistcha|49/100\n|faint|p2a: Palafin\n|move|p2b: Sinistcha|Matcha Gotcha|p1a: Garchomp|[spread] p1a,p1b\n|-resisted|p1b: Sinistcha|1\n|-damage|p1a: Garchomp|74/100\n|-heal|p2b: Sinistcha|63/100|[from] drain|[of] p1a: Garchomp\n|-damage|p1b: Sinistcha|60/100 brn\n|-heal|p2b: Sinistcha|69/100|[from] drain|[of] p1b: Sinistcha\n|move|p1b: Sinistcha|Life Dew|p1b: Sinistcha|[spread] p1a,p1b\n|-heal|p1a: Garchomp|99/100\n|-heal|p1b: Sinistcha|85/100 brn\n|\n|-damage|p1b: Sinistcha|79/100 brn|[from] brn\n|upkeep\n|turn|12\n|\n|t:|1776243034\n|move|p1a: Garchomp|Earthquake|p2b: Sinistcha|[spread] p1b,p2b\n|-resisted|p1b: Sinistcha|1\n|-resisted|p2b: Sinistcha|1\n|-damage|p1b: Sinistcha|62/100 brn\n|-damage|p2b: Sinistcha|49/100\n|move|p2b: Sinistcha|Matcha Gotcha|p1a: Garchomp|[spread] p1a,p1b\n|-resisted|p1b: Sinistcha|1\n|-damage|p1a: Garchomp|75/100\n|-heal|p2b: Sinistcha|62/100|[from] drain|[of] p1a: Garchomp\n|-damage|p1b: Sinistcha|52/100 brn\n|-heal|p2b: Sinistcha|68/100|[from] drain|[of] p1b: Sinistcha\n|move|p1b: Sinistcha|Life Dew|p1b: Sinistcha|[spread] p1a,p1b\n|-heal|p1a: Garchomp|100/100\n|-heal|p1b: Sinistcha|77/100 brn\n|\n|-damage|p1b: Sinistcha|71/100 brn|[from] brn\n|upkeep\n|turn|13\n|\n|t:|1776243052\n|move|p1a: Garchomp|Earthquake|p2b: Sinistcha|[spread] p1b,p2b\n|-resisted|p1b: Sinistcha|1\n|-resisted|p2b: Sinistcha|1\n|-damage|p1b: Sinistcha|53/100 brn\n|-damage|p2b: Sinistcha|49/100\n|move|p2b: Sinistcha|Matcha Gotcha|p1b: Sinistcha|[spread] p1a,p1b\n|-resisted|p1b: Sinistcha|1\n|-damage|p1a: Garchomp|74/100\n|-heal|p2b: Sinistcha|64/100|[from] drain|[of] p1a: Garchomp\n|-damage|p1b: Sinistcha|42/100 brn\n|-heal|p2b: Sinistcha|69/100|[from] drain|[of] p1b: Sinistcha\n|move|p1b: Sinistcha|Life Dew|p1b: Sinistcha|[spread] p1a,p1b\n|-heal|p1a: Garchomp|99/100\n|-heal|p1b: Sinistcha|67/100 brn\n|\n|-damage|p1b: Sinistcha|61/100 brn|[from] brn\n|upkeep\n|turn|14\n|\n|t:|1776243082\n|move|p1a: Garchomp|Earthquake|p2b: Sinistcha|[spread] p1b,p2b\n|-resisted|p1b: Sinistcha|1\n|-resisted|p2b: Sinistcha|1\n|-damage|p1b: Sinistcha|43/100 brn\n|-damage|p2b: Sinistcha|51/100\n|move|p2b: Sinistcha|Matcha Gotcha|p1a: Garchomp|[spread] p1a\n|-miss|p2b: Sinistcha|p1b: Sinistcha\n|-damage|p1a: Garchomp|73/100\n|-heal|p2b: Sinistcha|66/100|[from] drain|[of] p1a: Garchomp\n|-status|p1a: Garchomp|brn\n|move|p1b: Sinistcha|Life Dew|p1b: Sinistcha|[spread] p1a,p1b\n|-heal|p1a: Garchomp|98/100 brn\n|-heal|p1b: Sinistcha|68/100 brn\n|\n|-damage|p1a: Garchomp|92/100 brn|[from] brn\n|-damage|p1b: Sinistcha|62/100 brn|[from] brn\n|upkeep\n|turn|15\n|\n|t:|1776243102\n|move|p2b: Sinistcha|Protect|p2b: Sinistcha\n|-singleturn|p2b: Sinistcha|Protect\n|move|p1a: Garchomp|Earthquake|p2b: Sinistcha|[spread] p1b\n|-activate|p2b: Sinistcha|move: Protect\n|-resisted|p1b: Sinistcha|1\n|-damage|p1b: Sinistcha|53/100 brn\n|move|p1b: Sinistcha|Life Dew|p1b: Sinistcha|[spread] p1a,p1b\n|-heal|p1a: Garchomp|100/100 brn\n|-heal|p1b: Sinistcha|78/100 brn\n|\n|-damage|p1a: Garchomp|94/100 brn|[from] brn\n|-damage|p1b: Sinistcha|72/100 brn|[from] brn\n|upkeep\n|turn|16\n|\n|t:|1776243117\n|move|p2b: Sinistcha|Rage Powder|p2b: Sinistcha\n|-singleturn|p2b: Sinistcha|move: Rage Powder\n|move|p1a: Garchomp|Earthquake|p2b: Sinistcha|[spread] p1b,p2b\n|-resisted|p1b: Sinistcha|1\n|-resisted|p2b: Sinistcha|1\n|-damage|p1b: Sinistcha|63/100 brn\n|-damage|p2b: Sinistcha|58/100\n|move|p1b: Sinistcha|Life Dew|p1b: Sinistcha|[spread] p1a,p1b\n|-heal|p1a: Garchomp|100/100 brn\n|-heal|p1b: Sinistcha|89/100 brn\n|\n|-damage|p1a: Garchomp|94/100 brn|[from] brn\n|-damage|p1b: Sinistcha|83/100 brn|[from] brn\n|upkeep\n|turn|17\n|\n|t:|1776243139\n|move|p2b: Sinistcha|Protect|p2b: Sinistcha\n|-singleturn|p2b: Sinistcha|Protect\n|move|p1a: Garchomp|Earthquake|p2b: Sinistcha|[spread] p1b\n|-activate|p2b: Sinistcha|move: Protect\n|-resisted|p1b: Sinistcha|1\n|-crit|p1b: Sinistcha\n|-damage|p1b: Sinistcha|70/100 brn\n|move|p1b: Sinistcha|Trick Room|p1b: Sinistcha\n|-fieldstart|move: Trick Room|[of] p1b: Sinistcha\n|\n|-damage|p1b: Sinistcha|63/100 brn|[from] brn\n|-damage|p1a: Garchomp|88/100 brn|[from] brn\n|upkeep\n|turn|18\n|\n|t:|1776243151\n|move|p2b: Sinistcha|Matcha Gotcha|p1b: Sinistcha|[spread] p1a,p1b\n|-resisted|p1b: Sinistcha|1\n|-damage|p1a: Garchomp|63/100 brn\n|-heal|p2b: Sinistcha|72/100|[from] drain|[of] p1a: Garchomp\n|-damage|p1b: Sinistcha|53/100 brn\n|-heal|p2b: Sinistcha|77/100|[from] drain|[of] p1b: Sinistcha\n|move|p1a: Garchomp|Earthquake|p2b: Sinistcha|[spread] p1b,p2b\n|-resisted|p1b: Sinistcha|1\n|-resisted|p2b: Sinistcha|1\n|-damage|p1b: Sinistcha|43/100 brn\n|-damage|p2b: Sinistcha|68/100\n|move|p1b: Sinistcha|Trick Room|p1b: Sinistcha\n|-fieldend|move: Trick Room\n|\n|-damage|p1a: Garchomp|57/100 brn|[from] brn\n|-damage|p1b: Sinistcha|37/100 brn|[from] brn\n|upkeep\n|turn|19\n|-message|le143 forfeited.\n|\n|win|sweepy boi\n|raw|le143's rating: 1244 &rarr; <strong>1223</strong><br />(-21 for losing)\n|raw|sweepy boi's rating: 1300 &rarr; <strong>1321</strong><br />(+21 for winning)\n|l|\u2606le143\n|player|p1|\n",
  "uploadtime": 1776243163,
  "views": 28,
  "formatid": "gen9championsvgc2026regma",
  "rating": 1223,
  "private": 0,
  "password": null
}