{
  "id": "gen9championsvgc2026regma-2587040418",
  "format": "[Gen 9 Champions] VGC 2026 Reg M-A",
  "players": [
    "Zecketh",
    "silkandiron"
  ],
  "log": "|j|\u2606Zecketh\n|j|\u2606silkandiron\n|t:|1776484215\n|gametype|doubles\n|player|p1|Zecketh|clair|1321\n|player|p2|silkandiron|169|1274\n|gen|9\n|tier|[Gen 9 Champions] VGC 2026 Reg M-A\n|rated|\n|rule|Species Clause: Limit one of each Pok\u00e9mon\n|rule|Item Clause: Limit 1 of each item\n|clearpoke\n|poke|p1|Spiritomb, L50, F|\n|poke|p1|Crabominable, L50, M|\n|poke|p1|Torkoal, L50, F|\n|poke|p1|Primarina, L50, F|\n|poke|p1|Tinkaton, L50, F|\n|poke|p1|Decidueye-Hisui, L50, M|\n|poke|p2|Hydreigon, L50, F|\n|poke|p2|Volcarona, L50, M|\n|poke|p2|Aegislash, L50, F|\n|poke|p2|Aerodactyl, L50, F|\n|poke|p2|Tauros-Paldea-Aqua, L50, M|\n|poke|p2|Gardevoir, L50, F|\n|teampreview|4\n|\n|t:|1776484262\n|teamsize|p1|4\n|teamsize|p2|4\n|start\n|switch|p1a: Spiritomb|Spiritomb, L50, F|100/100\n|switch|p1b: Tinkaton|Tinkaton, L50, F|100/100\n|switch|p2a: Gardevoir|Gardevoir, L50, F|100/100\n|switch|p2b: Hydreigon|Hydreigon, L50, F|100/100\n|-ability|p2a: Gardevoir|Mold Breaker|Trace|[from] ability: Trace|[of] p1b: Tinkaton\n|-ability|p2a: Gardevoir|Mold Breaker\n|-ability|p1b: Tinkaton|Mold Breaker\n|turn|1\n|inactive|Battle timer is ON: inactive players will automatically lose when time's up. (requested by silkandiron)\n|\n|t:|1776484279\n|switch|p2a: Volcarona|Volcarona, L50, M|100/100\n|move|p1b: Tinkaton|Fake Out|p2a: Volcarona\n|-damage|p2a: Volcarona|93/100\n|move|p2b: Hydreigon|Earth Power|p1b: Tinkaton\n|-supereffective|p1b: Tinkaton|1\n|-damage|p1b: Tinkaton|40/100\n|-enditem|p1b: Tinkaton|Sitrus Berry|[eat]\n|-heal|p1b: Tinkaton|65/100|[from] item: Sitrus Berry\n|move|p1a: Spiritomb|Trick Room|p1a: Spiritomb\n|-fieldstart|move: Trick Room|[of] p1a: Spiritomb\n|\n|upkeep\n|turn|2\n|inactive|Zecketh has 30 seconds left.\n|\n|t:|1776484304\n|switch|p1a: Primarina|Primarina, L50, F|100/100\n|move|p2b: Hydreigon|Protect|p2b: Hydreigon\n|-singleturn|p2b: Hydreigon|Protect\n|move|p1b: Tinkaton|Gigaton Hammer|p2b: Hydreigon\n|-activate|p2b: Hydreigon|move: Protect\n|move|p2a: Volcarona|Heat Wave|p1b: Tinkaton|[spread] p1a,p1b\n|-resisted|p1a: Primarina|1\n|-supereffective|p1b: Tinkaton|1\n|-damage|p1a: Primarina|87/100\n|-damage|p1b: Tinkaton|3/100\n|\n|-heal|p1a: Primarina|93/100|[from] item: Leftovers\n|upkeep\n|turn|3\n|\n|t:|1776484326\n|switch|p2b: Aegislash|Aegislash, L50, F|100/100\n|move|p1a: Primarina|Calm Mind|p1a: Primarina\n|-boost|p1a: Primarina|spa|1\n|-boost|p1a: Primarina|spd|1\n|move|p1b: Tinkaton|Encore||[still]\n|-fail|p1b: Tinkaton\n|move|p2a: Volcarona|Heat Wave|p1a: Primarina|[spread] p1a,p1b\n|-resisted|p1a: Primarina|1\n|-supereffective|p1b: Tinkaton|1\n|-damage|p1a: Primarina|83/100\n|-damage|p1b: Tinkaton|0 fnt\n|faint|p1b: Tinkaton\n|\n|-heal|p1a: Primarina|90/100|[from] item: Leftovers\n|upkeep\n|\n|t:|1776484336\n|switch|p1b: Spiritomb|Spiritomb, L50, F|100/100\n|turn|4\n|raw|<div class=\"broadcast-red\"><b>The server is restarting soon.</b><br />Please finish your battles quickly. No new battles can be started until the server resets in a few minutes.</div>\n|inactive|staff also wants the timer to be on.\n|raw|<div class=\"broadcast-red\"><b>Moderated chat was set to +!</b><br />Only users of rank + and higher can talk.</div>\n|\n|t:|1776484350\n|move|p1b: Spiritomb|Snarl|p2a: Volcarona|[spread] p2a\n|-miss|p1b: Spiritomb|p2b: Aegislash\n|-damage|p2a: Volcarona|81/100\n|-unboost|p2a: Volcarona|spa|1\n|-formechange|p2b: Aegislash|Aegislash-Blade|\n|move|p2b: Aegislash|Poltergeist|p1a: Primarina\n|-activate|p1a: Primarina|move: Poltergeist|Leftovers\n|-damage|p1a: Primarina|8/100\n|move|p1a: Primarina|Calm Mind|p1a: Primarina\n|-boost|p1a: Primarina|spa|1\n|-boost|p1a: Primarina|spd|1\n|move|p2a: Volcarona|Quiver Dance|p2a: Volcarona\n|-boost|p2a: Volcarona|spa|1\n|-boost|p2a: Volcarona|spd|1\n|-boost|p2a: Volcarona|spe|1\n|\n|-heal|p1a: Primarina|14/100|[from] item: Leftovers\n|upkeep\n|turn|5\n|inactive|Zecketh has 30 seconds left.\n|\n|t:|1776484377\n|move|p2b: Aegislash|Shadow Sneak|p1a: Primarina\n|-damage|p1a: Primarina|0 fnt\n|faint|p1a: Primarina\n|move|p1b: Spiritomb|Foul Play|p2b: Aegislash\n|-supereffective|p2b: Aegislash|1\n|-damage|p2b: Aegislash|0 fnt\n|faint|p2b: Aegislash\n|move|p2a: Volcarona|Quiver Dance|p2a: Volcarona\n|-boost|p2a: Volcarona|spa|1\n|-boost|p2a: Volcarona|spd|1\n|-boost|p2a: Volcarona|spe|1\n|\n|-fieldend|move: Trick Room\n|upkeep\n|\n|t:|1776484387\n|switch|p1a: Crabominable|Crabominable, L50, M|100/100\n|switch|p2b: Gardevoir|Gardevoir, L50, F|100/100\n|-ability|p2b: Gardevoir|Infiltrator|Trace|[from] ability: Trace|[of] p1b: Spiritomb\n|turn|6\n|-message|Zecketh forfeited.\n|\n|win|silkandiron\n|raw|Zecketh's rating: 1321 &rarr; <strong>1298</strong><br />(-23 for losing)\n|raw|silkandiron's rating: 1274 &rarr; <strong>1302</strong><br />(+28 for winning)\n|l|\u2606Zecketh\n|player|p1|\n",
  "uploadtime": 1776484411,
  "views": 46,
  "formatid": "gen9championsvgc2026regma",
  "rating": 1298,
  "private": 0,
  "password": null
}