{
  "id": "gen9championsvgc2026regma-2582458508",
  "format": "[Gen 9 Champions] VGC 2026 Reg M-A",
  "players": [
    "pairinstability",
    "nix_star22"
  ],
  "log": "|j|\u2606pairinstability\n|j|\u2606nix_star22\n|t:|1776093013\n|gametype|doubles\n|player|p1|pairinstability|2|1091\n|player|p2|nix_star22|2|1189\n|gen|9\n|tier|[Gen 9 Champions] VGC 2026 Reg M-A\n|rated|\n|rule|Species Clause: Limit one of each Pok\u00e9mon\n|rule|Item Clause: Limit 1 of each item\n|clearpoke\n|poke|p1|Victreebel, L50, M|\n|poke|p1|Mamoswine, L50, F|\n|poke|p1|Aegislash, L50, F|\n|poke|p1|Basculegion, L50, M|\n|poke|p1|Pelipper, L50, F|\n|poke|p1|Rotom-Heat, L50|\n|poke|p2|Dragonite, L50, M|\n|poke|p2|Archaludon, L50, F|\n|poke|p2|Basculegion, L50, M|\n|poke|p2|Pelipper, L50, F|\n|poke|p2|Incineroar, L50, F|\n|poke|p2|Meganium, L50, M|\n|teampreview|4\n|inactive|Battle timer is ON: inactive players will automatically lose when time's up. (requested by pairinstability)\n|\n|t:|1776093071\n|teamsize|p1|4\n|teamsize|p2|4\n|start\n|switch|p1a: Aegislash|Aegislash, L50, F|100/100\n|switch|p1b: Rotom|Rotom-Heat, L50|100/100\n|switch|p2a: Incineroar|Incineroar, L50, F|100/100\n|switch|p2b: Archaludon|Archaludon, L50, F, shiny|100/100\n|-ability|p2a: Incineroar|Intimidate|boost\n|-unboost|p1a: Aegislash|atk|1\n|-unboost|p1b: Rotom|atk|1\n|turn|1\n|inactive|pairinstability has 30 seconds left.\n|\n|t:|1776093103\n|move|p2b: Archaludon|Protect|p2b: Archaludon\n|-singleturn|p2b: Archaludon|Protect\n|move|p1b: Rotom|Trick|p2b: Archaludon\n|-activate|p2b: Archaludon|move: Protect\n|move|p2a: Incineroar|Parting Shot|p1a: Aegislash\n|-unboost|p1a: Aegislash|atk|1\n|-unboost|p1a: Aegislash|spa|1\n|\n|t:|1776093111\n|switch|p2a: Pelipper|Pelipper, L50, F|100/100|[from] Parting Shot\n|-weather|RainDance|[from] ability: Drizzle|[of] p2a: Pelipper\n|-formechange|p1a: Aegislash|Aegislash-Blade|\n|move|p1a: Aegislash|Sacred Sword|p2b: Archaludon\n|-activate|p2b: Archaludon|move: Protect\n|\n|-weather|RainDance|[upkeep]\n|upkeep\n|turn|2\n|\n|t:|1776093128\n|-formechange|p1a: Aegislash|Aegislash|\n|move|p1a: Aegislash|King's Shield|p1a: Aegislash\n|-singleturn|p1a: Aegislash|Protect\n|move|p1b: Rotom|Trick|p2b: Archaludon\n|-activate|p1b: Rotom|move: Trick|[of] p2b: Archaludon\n|-item|p2b: Archaludon|Choice Scarf|[from] move: Trick\n|-item|p1b: Rotom|Leftovers|[from] move: Trick\n|move|p2b: Archaludon|Electro Shot||[still]\n|-prepare|p2b: Archaludon|Electro Shot\n|-boost|p2b: Archaludon|spa|1\n|-anim|p2b: Archaludon|Electro Shot|p1a: Aegislash\n|-activate|p1a: Aegislash|move: Protect\n|move|p2a: Pelipper|Tailwind|p2a: Pelipper\n|-sidestart|p2: nix_star22|move: Tailwind\n|\n|-weather|RainDance|[upkeep]\n|upkeep\n|turn|3\n|\n|t:|1776093145\n|switch|p1a: Mamoswine|Mamoswine, L50, F|100/100\n|move|p2b: Archaludon|Electro Shot||[still]\n|-prepare|p2b: Archaludon|Electro Shot\n|-boost|p2b: Archaludon|spa|1\n|-anim|p2b: Archaludon|Electro Shot|p1a: Mamoswine\n|-immune|p1a: Mamoswine\n|move|p2a: Pelipper|Weather Ball|p1b: Rotom\n|-supereffective|p1b: Rotom|1\n|-damage|p1b: Rotom|0 fnt\n|faint|p1b: Rotom\n|\n|-weather|RainDance|[upkeep]\n|upkeep\n|\n|t:|1776093161\n|switch|p1b: Victreebel|Victreebel, L50, M|100/100\n|turn|4\n|\n|t:|1776093179\n|switch|p2b: Incineroar|Incineroar, L50, F|100/100\n|-ability|p2b: Incineroar|Intimidate|boost\n|-unboost|p1a: Mamoswine|atk|1\n|-unboost|p1b: Victreebel|atk|1\n|detailschange|p1b: Victreebel|Victreebel-Mega, L50, M\n|-mega|p1b: Victreebel|Victreebel|Victreebelite\n|move|p1b: Victreebel|Protect|p1b: Victreebel\n|-singleturn|p1b: Victreebel|Protect\n|move|p2a: Pelipper|Hurricane|p1b: Victreebel\n|-activate|p1b: Victreebel|move: Protect\n|move|p1a: Mamoswine|Earthquake|p2a: Pelipper|[spread] p2b\n|-activate|p1b: Victreebel|move: Protect\n|-immune|p2a: Pelipper\n|-supereffective|p2b: Incineroar|1\n|-damage|p2b: Incineroar|46/100\n|-enditem|p2b: Incineroar|Sitrus Berry|[eat]\n|-heal|p2b: Incineroar|71/100|[from] item: Sitrus Berry\n|\n|-weather|RainDance|[upkeep]\n|upkeep\n|turn|5\n|\n|t:|1776093201\n|move|p1a: Mamoswine|Protect|p1a: Mamoswine\n|-singleturn|p1a: Mamoswine|Protect\n|move|p2b: Incineroar|Fake Out|p1a: Mamoswine\n|-activate|p1a: Mamoswine|move: Protect\n|move|p2a: Pelipper|Hurricane|p1b: Victreebel\n|-supereffective|p1b: Victreebel|1\n|-damage|p1b: Victreebel|13/100\n|-start|p1b: Victreebel|confusion\n|-activate|p1b: Victreebel|confusion\n|move|p1b: Victreebel|Weather Ball|p2b: Incineroar\n|-supereffective|p2b: Incineroar|1\n|-damage|p2b: Incineroar|0 fnt\n|faint|p2b: Incineroar\n|\n|-weather|none\n|-sideend|p2: nix_star22|move: Tailwind\n|upkeep\n|\n|t:|1776093215\n|switch|p2b: Wissam|Dragonite, L50, M|100/100\n|turn|6\n|\n|t:|1776093236\n|switch|p1a: Aegislash|Aegislash, L50, F|100/100\n|switch|p2a: Archaludon|Archaludon, L50, F, shiny|100/100\n|detailschange|p2b: Wissam|Dragonite-Mega, L50, M\n|-mega|p2b: Wissam|Dragonite|Dragoninite\n|move|p2b: Wissam|Dragon Claw|p1a: Aegislash\n|-resisted|p1a: Aegislash|1\n|-damage|p1a: Aegislash|86/100\n|-activate|p1b: Victreebel|confusion\n|move|p1b: Victreebel|Sludge Wave|p2b: Wissam|[spread] p2b\n|-immune|p1a: Aegislash\n|-immune|p2a: Archaludon\n|-damage|p2b: Wissam|86/100\n|\n|upkeep\n|turn|7\n|inactive|pairinstability has 30 seconds left.\n|\n|t:|1776093270\n|switch|p2a: Pelipper|Pelipper, L50, F|100/100\n|-weather|RainDance|[from] ability: Drizzle|[of] p2a: Pelipper\n|move|p2b: Wissam|Extreme Speed|p1b: Victreebel\n|-damage|p1b: Victreebel|0 fnt\n|-damage|p2b: Wissam|74/100|[from] ability: Innards Out|[of] p1b: Victreebel\n|faint|p1b: Victreebel\n|-formechange|p1a: Aegislash|Aegislash-Blade|\n|move|p1a: Aegislash|Poltergeist|p2b: Wissam\n|-activate|p2b: Wissam|move: Poltergeist|Dragoninite\n|-damage|p2b: Wissam|23/100\n|\n|-weather|RainDance|[upkeep]\n|upkeep\n|\n|t:|1776093284\n|switch|p1b: Mamoswine|Mamoswine, L50, F|100/100\n|turn|8\n|\n|t:|1776093292\n|-formechange|p1a: Aegislash|Aegislash|\n|move|p1a: Aegislash|King's Shield|p1a: Aegislash\n|-singleturn|p1a: Aegislash|Protect\n|move|p1b: Mamoswine|Ice Shard|p2b: Wissam\n|-supereffective|p2b: Wissam|2\n|-damage|p2b: Wissam|0 fnt\n|faint|p2b: Wissam\n|move|p2a: Pelipper|Tailwind|p2a: Pelipper\n|-sidestart|p2: nix_star22|move: Tailwind\n|\n|-weather|RainDance|[upkeep]\n|upkeep\n|\n|t:|1776093302\n|switch|p2b: Archaludon|Archaludon, L50, F, shiny|100/100\n|turn|9\n|\n|t:|1776093310\n|move|p1b: Mamoswine|Protect|p1b: Mamoswine\n|-singleturn|p1b: Mamoswine|Protect\n|move|p2b: Archaludon|Electro Shot||[still]\n|-prepare|p2b: Archaludon|Electro Shot\n|-boost|p2b: Archaludon|spa|1\n|-anim|p2b: Archaludon|Electro Shot|p1a: Aegislash\n|-damage|p1a: Aegislash|33/100\n|move|p2a: Pelipper|Weather Ball|p1b: Mamoswine\n|-activate|p1b: Mamoswine|move: Protect\n|-formechange|p1a: Aegislash|Aegislash-Blade|\n|move|p1a: Aegislash|Sacred Sword|p2b: Archaludon\n|-supereffective|p2b: Archaludon|1\n|-damage|p2b: Archaludon|50/100\n|\n|-weather|RainDance|[upkeep]\n|upkeep\n|turn|10\n|inactive|pairinstability has 30 seconds left.\n|\n|t:|1776093344\n|-formechange|p1a: Aegislash|Aegislash|\n|move|p1a: Aegislash|King's Shield|p1a: Aegislash\n|-singleturn|p1a: Aegislash|Protect\n|move|p1b: Mamoswine|Ice Shard|p2a: Pelipper\n|-damage|p2a: Pelipper|80/100\n|move|p2b: Archaludon|Electro Shot||[still]\n|-prepare|p2b: Archaludon|Electro Shot\n|-boost|p2b: Archaludon|spa|1\n|-anim|p2b: Archaludon|Electro Shot|p1a: Aegislash\n|-activate|p1a: Aegislash|move: Protect\n|move|p2a: Pelipper|Weather Ball|p1b: Mamoswine\n|-supereffective|p1b: Mamoswine|1\n|-damage|p1b: Mamoswine|0 fnt\n|faint|p1b: Mamoswine\n|\n|-weather|RainDance|[upkeep]\n|upkeep\n|turn|11\n|\n|t:|1776093365\n|move|p2b: Archaludon|Electro Shot||[still]\n|-prepare|p2b: Archaludon|Electro Shot\n|-boost|p2b: Archaludon|spa|1\n|-anim|p2b: Archaludon|Electro Shot|p1a: Aegislash\n|-damage|p1a: Aegislash|0 fnt\n|faint|p1a: Aegislash\n|\n|win|nix_star22\n|raw|pairinstability's rating: 1091 &rarr; <strong>1074</strong><br />(-17 for losing)\n|raw|nix_star22's rating: 1189 &rarr; <strong>1207</strong><br />(+18 for winning)\n|l|\u2606pairinstability\n|player|p1|\n",
  "uploadtime": 1776093373,
  "views": 18,
  "formatid": "gen9championsvgc2026regma",
  "rating": 1074,
  "private": 0,
  "password": null
}