{
  "id": "gen9championsvgc2026regma-2582126683",
  "format": "[Gen 9 Champions] VGC 2026 Reg M-A",
  "players": [
    "lukitas123",
    "It'sJustKen VGC"
  ],
  "log": "|j|\u2606lukitas123\n|j|\u2606It'sJustKen VGC\n|t:|1776061396\n|gametype|doubles\n|player|p1|lukitas123|bugcatcher-gen4dp|1127\n|player|p2|It'sJustKen VGC|265|1109\n|gen|9\n|tier|[Gen 9 Champions] VGC 2026 Reg M-A\n|rated|\n|rule|Species Clause: Limit one of each Pok\u00e9mon\n|rule|Item Clause: Limit 1 of each item\n|clearpoke\n|poke|p1|Toxapex, L50, M|\n|poke|p1|Kingambit, L50, M|\n|poke|p1|Slowbro-Galar, L50, M|\n|poke|p1|Sneasler, L50, M|\n|poke|p1|Torkoal, L50, F|\n|poke|p1|Chesnaught, L50, M|\n|poke|p2|Kingambit, L50, F|\n|poke|p2|Clefable, L50, F|\n|poke|p2|Chimecho, L50, F|\n|poke|p2|Golurk, L50|\n|poke|p2|Torkoal, L50, M|\n|poke|p2|Hawlucha, L50, F|\n|teampreview|4\n|inactive|Battle timer is ON: inactive players will automatically lose when time's up. (requested by lukitas123)\n|inactive|It'sJustKen VGC also wants the timer to be on.\n|inactive|lukitas123 has 60 seconds left.\n|\n|t:|1776061432\n|teamsize|p1|4\n|teamsize|p2|4\n|start\n|switch|p1a: Slowbro|Slowbro-Galar, L50, M|100/100\n|switch|p1b: Sneasler|Sneasler, L50, M|100/100\n|switch|p2a: Kingambit|Kingambit, L50, F|100/100\n|switch|p2b: Hawlucha|Hawlucha, L50, F|100/100\n|-ability|p2b: Hawlucha|Mold Breaker\n|turn|1\n|inactive|It'sJustKen VGC has 30 seconds left.\n|inactive|It'sJustKen VGC has 20 seconds left.\n|\n|t:|1776061472\n|detailschange|p2b: Hawlucha|Hawlucha-Mega, L50, F\n|-mega|p2b: Hawlucha|Hawlucha|Hawluchanite\n|move|p2a: Kingambit|Protect|p2a: Kingambit\n|-singleturn|p2a: Kingambit|Protect\n|move|p1b: Sneasler|Fake Out|p2b: Hawlucha\n|-damage|p2b: Hawlucha|83/100\n|cant|p2b: Hawlucha|flinch\n|move|p1a: Slowbro|Trick Room|p1a: Slowbro\n|-fieldstart|move: Trick Room|[of] p1a: Slowbro\n|\n|upkeep\n|turn|2\n|inactive|lukitas123 has 30 seconds left.\n|\n|t:|1776061498\n|move|p1a: Slowbro|Whirlpool|p2b: Hawlucha\n|-damage|p2b: Hawlucha|72/100\n|-activate|p2b: Hawlucha|move: Whirlpool|[of] p1a: Slowbro\n|move|p2a: Kingambit|Guillotine|p1b: Sneasler\n|-damage|p1b: Sneasler|0 fnt\n|faint|p1b: Sneasler\n|-ohko\n|move|p2b: Hawlucha|Entrainment|p2a: Kingambit\n|-ability|p2a: Kingambit|No Guard|Defiant|[from] move: Entrainment|[of] p2b: Hawlucha\n|\n|-damage|p2b: Hawlucha|60/100|[from] move: Whirlpool|[partiallytrapped]\n|upkeep\n|\n|t:|1776061511\n|switch|p1b: Toxapex|Toxapex, L50, M|100/100\n|turn|3\n|\n|t:|1776061530\n|move|p1a: Slowbro|Whirlpool|p2a: Kingambit\n|-damage|p2a: Kingambit|94/100\n|-activate|p2a: Kingambit|move: Whirlpool|[of] p1a: Slowbro\n|move|p1b: Toxapex|Infestation|p2a: Kingambit\n|-damage|p2a: Kingambit|91/100\n|move|p2a: Kingambit|Guillotine|p1b: Toxapex\n|-damage|p1b: Toxapex|0 fnt\n|faint|p1b: Toxapex\n|-ohko\n|move|p2b: Hawlucha|Brave Bird|p1a: Slowbro\n|-damage|p1a: Slowbro|44/100\n|-damage|p2b: Hawlucha|35/100|[from] Recoil\n|\n|-damage|p2a: Kingambit|79/100|[from] move: Whirlpool|[partiallytrapped]\n|-damage|p2b: Hawlucha|23/100|[from] move: Whirlpool|[partiallytrapped]\n|upkeep\n|\n|t:|1776061544\n|switch|p1b: Kingambit|Kingambit, L50, M|100/100\n|turn|4\n|\n|t:|1776061569\n|move|p2a: Kingambit|Sucker Punch||[still]\n|-fail|p2a: Kingambit\n|move|p1a: Slowbro|Slack Off|p1a: Slowbro\n|-heal|p1a: Slowbro|94/100\n|move|p1b: Kingambit|Iron Head|p2a: Kingambit\n|-resisted|p2a: Kingambit|1\n|-damage|p2a: Kingambit|61/100\n|move|p2b: Hawlucha|Close Combat|p1b: Kingambit\n|-supereffective|p1b: Kingambit|2\n|-damage|p1b: Kingambit|0 fnt\n|-unboost|p2b: Hawlucha|def|1\n|-unboost|p2b: Hawlucha|spd|1\n|faint|p1b: Kingambit\n|\n|-damage|p2a: Kingambit|48/100|[from] move: Whirlpool|[partiallytrapped]\n|-damage|p2b: Hawlucha|11/100|[from] move: Whirlpool|[partiallytrapped]\n|upkeep\n|-enditem|p2a: Kingambit|Sitrus Berry|[eat]\n|-heal|p2a: Kingambit|73/100|[from] item: Sitrus Berry\n|turn|5\n|-message|lukitas123 forfeited.\n|\n|win|It'sJustKen VGC\n|raw|lukitas123's rating: 1127 &rarr; <strong>1103</strong><br />(-24 for losing)\n|raw|It&apos;sJustKen VGC's rating: 1140 &rarr; <strong>1164</strong><br />(+24 for winning)\n|l|\u2606lukitas123\n|player|p1|\n",
  "uploadtime": 1776061584,
  "views": 14,
  "formatid": "gen9championsvgc2026regma",
  "rating": 1103,
  "private": 0,
  "password": null
}