{
  "id": "gen9championsvgc2026regma-2589558883",
  "format": "[Gen 9 Champions] VGC 2026 Reg M-A",
  "players": [
    "jbuchanan121",
    "ogrelord20"
  ],
  "log": "|j|\u2606jbuchanan121\n|j|\u2606ogrelord20\n|t:|1776734060\n|gametype|doubles\n|player|p1|jbuchanan121|169|1052\n|player|p2|ogrelord20|wattson|1084\n|gen|9\n|tier|[Gen 9 Champions] VGC 2026 Reg M-A\n|rated|\n|rule|Species Clause: Limit one of each Pok\u00e9mon\n|rule|Item Clause: Limit 1 of each item\n|clearpoke\n|poke|p1|Glimmora, L50, F|\n|poke|p1|Tyranitar, L50, M|\n|poke|p1|Hippowdon, L50, F|\n|poke|p1|Excadrill, L50, M|\n|poke|p1|Aerodactyl, L50, M|\n|poke|p1|Clefable, L50, F|\n|poke|p2|Ceruledge, L50, F, shiny|\n|poke|p2|Froslass, L50, F, shiny|\n|poke|p2|Maushold, L50|\n|poke|p2|Milotic, L50, F, shiny|\n|poke|p2|Aerodactyl, L50, F|\n|poke|p2|Kommo-o, L50, M, shiny|\n|teampreview|4\n|\n|t:|1776734125\n|teamsize|p1|4\n|teamsize|p2|4\n|start\n|switch|p1a: Hippowdon|Hippowdon, L50, F|100/100\n|switch|p1b: Aerodactyl|Aerodactyl, L50, M|100/100\n|switch|p2a: Maushold|Maushold, L50|100/100\n|switch|p2b: Kommo-o|Kommo-o, L50, M, shiny|100/100\n|-ability|p1b: Aerodactyl|Unnerve\n|-weather|Sandstorm|[from] ability: Sand Stream|[of] p1a: Hippowdon\n|turn|1\n|\n|t:|1776734142\n|move|p1b: Aerodactyl|Tailwind|p1b: Aerodactyl\n|-sidestart|p1: jbuchanan121|move: Tailwind\n|move|p2a: Maushold|Super Fang|p1a: Hippowdon\n|-damage|p1a: Hippowdon|51/100\n|move|p2b: Kommo-o|Clangorous Soul|p2b: Kommo-o\n|-boost|p2b: Kommo-o|atk|1\n|-boost|p2b: Kommo-o|def|1\n|-boost|p2b: Kommo-o|spa|1\n|-boost|p2b: Kommo-o|spd|1\n|-boost|p2b: Kommo-o|spe|1\n|-damage|p2b: Kommo-o|68/100\n|move|p1a: Hippowdon|Earthquake|p2a: Maushold|[spread] p2a,p2b\n|-immune|p1b: Aerodactyl\n|-crit|p2a: Maushold\n|-damage|p2a: Maushold|37/100\n|-damage|p2b: Kommo-o|53/100\n|-heal|p1a: Hippowdon|59/100|[from] item: Shell Bell|[of] p2b: Kommo-o\n|\n|-weather|Sandstorm|[upkeep]\n|-damage|p2b: Kommo-o|47/100|[from] Sandstorm\n|-damage|p2a: Maushold|31/100|[from] Sandstorm\n|-heal|p2b: Kommo-o|53/100|[from] item: Leftovers\n|upkeep\n|turn|2\n|\n|t:|1776734182\n|move|p1b: Aerodactyl|Dual Wingbeat|p2b: Kommo-o\n|-supereffective|p2b: Kommo-o|1\n|-damage|p2b: Kommo-o|37/100\n|-supereffective|p2b: Kommo-o|1\n|-damage|p2b: Kommo-o|21/100\n|-hitcount|p2b: Kommo-o|2\n|move|p2b: Kommo-o|Clanging Scales|p1b: Aerodactyl|[spread] p1a,p1b\n|-damage|p1a: Hippowdon|12/100\n|-damage|p1b: Aerodactyl|57/100\n|-unboost|p2b: Kommo-o|def|1\n|move|p2a: Maushold|Super Fang|p1b: Aerodactyl\n|-damage|p1b: Aerodactyl|29/100\n|move|p1a: Hippowdon|Earthquake|p2a: Maushold|[spread] p2a,p2b\n|-immune|p1b: Aerodactyl\n|-damage|p2a: Maushold|0 fnt\n|-damage|p2b: Kommo-o|0 fnt\n|faint|p2a: Maushold\n|faint|p2b: Kommo-o\n|-heal|p1a: Hippowdon|17/100|[from] item: Shell Bell|[of] p2: Kommo-o\n|\n|-weather|Sandstorm|[upkeep]\n|upkeep\n|\n|t:|1776734193\n|switch|p2a: Milotic|Milotic, L50, F, shiny|100/100\n|switch|p2b: Aerodactyl|Aerodactyl, L50, F|100/100\n|-ability|p2b: Aerodactyl|Unnerve\n|turn|3\n|\n|t:|1776734218\n|move|p2b: Aerodactyl|Wide Guard|p2b: Aerodactyl\n|-singleturn|p2b: Aerodactyl|Wide Guard\n|move|p1b: Aerodactyl|Rock Slide|p2b: Aerodactyl|[spread] \n|-activate|p2a: Milotic|move: Wide Guard\n|-activate|p2b: Aerodactyl|move: Wide Guard\n|move|p1a: Hippowdon|Slack Off|p1a: Hippowdon\n|-heal|p1a: Hippowdon|67/100\n|move|p2a: Milotic|Scald|p1b: Aerodactyl\n|-supereffective|p1b: Aerodactyl|1\n|-damage|p1b: Aerodactyl|0 fnt\n|faint|p1b: Aerodactyl\n|\n|-weather|Sandstorm|[upkeep]\n|-damage|p2a: Milotic|95/100|[from] Sandstorm\n|upkeep\n|\n|t:|1776734231\n|switch|p1b: Excadrill|Excadrill, L50, M|100/100\n|turn|4\n|\n|t:|1776734254\n|move|p2b: Aerodactyl|Protect|p2b: Aerodactyl\n|-singleturn|p2b: Aerodactyl|Protect\n|move|p1b: Excadrill|High Horsepower|p2a: Milotic\n|-damage|p2a: Milotic|38/100\n|-enditem|p2a: Milotic|Sitrus Berry|[eat]\n|-heal|p2a: Milotic|63/100|[from] item: Sitrus Berry\n|move|p1a: Hippowdon|High Horsepower|p2a: Milotic\n|-damage|p2a: Milotic|26/100\n|-heal|p1a: Hippowdon|71/100|[from] item: Shell Bell|[of] p2a: Milotic\n|move|p2a: Milotic|Scald|p1b: Excadrill\n|-supereffective|p1b: Excadrill|1\n|-damage|p1b: Excadrill|18/100\n|\n|-weather|Sandstorm|[upkeep]\n|-damage|p2a: Milotic|20/100|[from] Sandstorm\n|-sideend|p1: jbuchanan121|move: Tailwind\n|upkeep\n|turn|5\n|\n|t:|1776734299\n|move|p2a: Milotic|Protect|p2a: Milotic\n|-singleturn|p2a: Milotic|Protect\n|move|p1b: Excadrill|Iron Head|p2b: Aerodactyl\n|-supereffective|p2b: Aerodactyl|1\n|-enditem|p2b: Aerodactyl|Focus Sash\n|-damage|p2b: Aerodactyl|1/100\n|move|p2b: Aerodactyl|Tailwind|p2b: Aerodactyl\n|-sidestart|p2: ogrelord20|move: Tailwind\n|move|p1a: Hippowdon|High Horsepower|p2a: Milotic\n|-activate|p2a: Milotic|move: Protect\n|\n|-weather|none\n|upkeep\n|turn|6\n|\n|t:|1776734316\n|move|p2b: Aerodactyl|Rock Slide|p1a: Hippowdon|[spread] p1a,p1b\n|-resisted|p1a: Hippowdon|1\n|-resisted|p1b: Excadrill|2\n|-damage|p1a: Hippowdon|62/100\n|-damage|p1b: Excadrill|10/100\n|move|p2a: Milotic|Life Dew|p2a: Milotic|[spread] p2a,p2b\n|-heal|p2a: Milotic|46/100\n|-heal|p2b: Aerodactyl|26/100\n|move|p1b: Excadrill|Iron Head|p2b: Aerodactyl\n|-supereffective|p2b: Aerodactyl|1\n|-damage|p2b: Aerodactyl|0 fnt\n|faint|p2b: Aerodactyl\n|cant|p1a: Hippowdon|flinch\n|\n|upkeep\n|turn|7\n|\n|t:|1776734349\n|move|p2a: Milotic|Scald|p1a: Hippowdon\n|-supereffective|p1a: Hippowdon|1\n|-damage|p1a: Hippowdon|7/100\n|move|p1b: Excadrill|High Horsepower|p2a: Milotic\n|-damage|p2a: Milotic|0 fnt\n|faint|p2a: Milotic\n|\n|win|jbuchanan121\n|raw|jbuchanan121's rating: 1052 &rarr; <strong>1087</strong><br />(+35 for winning)\n|raw|ogrelord20's rating: 1084 &rarr; <strong>1059</strong><br />(-25 for losing)\n",
  "uploadtime": 1776734349,
  "views": 3,
  "formatid": "gen9championsvgc2026regma",
  "rating": 1059,
  "private": 0,
  "password": null
}