{
  "id": "gen9championsvgc2026regma-2588689424",
  "format": "[Gen 9 Champions] VGC 2026 Reg M-A",
  "players": [
    "Mini Herta #2434",
    "Solmyr12"
  ],
  "log": "|j|\u2606Mini Herta #2434\n|j|\u2606Solmyr12\n|t:|1776658029\n|gametype|doubles\n|player|p1|Mini Herta #2434|marley-masters|1077\n|player|p2|Solmyr12|linebacker|1142\n|gen|9\n|tier|[Gen 9 Champions] VGC 2026 Reg M-A\n|rated|\n|rule|Species Clause: Limit one of each Pok\u00e9mon\n|rule|Item Clause: Limit 1 of each item\n|clearpoke\n|poke|p1|Froslass, L50, F|\n|poke|p1|Rotom-Frost, L50|\n|poke|p1|Aegislash, L50, F|\n|poke|p1|Floette-Eternal, L50, F|\n|poke|p1|Garchomp, L50, M|\n|poke|p1|Sinistcha-Masterpiece, L50|\n|poke|p2|Tauros-Paldea-Aqua, L50, M|\n|poke|p2|Polteageist, L50|\n|poke|p2|Rotom-Frost, L50|\n|poke|p2|Abomasnow, L50, F|\n|poke|p2|Mamoswine, L50, M|\n|poke|p2|Incineroar, L50, F|\n|teampreview|4\n|\n|t:|1776658059\n|teamsize|p1|4\n|teamsize|p2|4\n|start\n|switch|p1a: Meowlash|Aegislash, L50, F|100/100\n|switch|p1b: Refrigerator|Rotom-Frost, L50|100/100\n|switch|p2a: Incineroar|Incineroar, L50, F|100/100\n|switch|p2b: Mamoswine|Mamoswine, L50, M|100/100\n|-ability|p2a: Incineroar|Intimidate|boost\n|-unboost|p1a: Meowlash|atk|1\n|-unboost|p1b: Refrigerator|atk|1\n|turn|1\n|\n|t:|1776658091\n|move|p1b: Refrigerator|Helping Hand|p1a: Meowlash\n|-singleturn|p1a: Meowlash|Helping Hand|[of] p1b: Refrigerator\n|move|p2a: Incineroar|Fake Out|p1b: Refrigerator\n|-damage|p1b: Refrigerator|85/100\n|move|p2b: Mamoswine|Rock Slide|p1b: Refrigerator|[spread] p1b\n|-miss|p2b: Mamoswine|p1a: Meowlash\n|-supereffective|p1b: Refrigerator|1\n|-damage|p1b: Refrigerator|23/100\n|-formechange|p1a: Meowlash|Aegislash-Blade|\n|move|p1a: Meowlash|Sacred Sword|p2a: Incineroar\n|-supereffective|p2a: Incineroar|1\n|-damage|p2a: Incineroar|53/100\n|\n|upkeep\n|turn|2\n|\n|t:|1776658125\n|switch|p2a: Polteageist|Polteageist, L50|100/100\n|move|p1b: Refrigerator|Helping Hand|p1a: Meowlash\n|-singleturn|p1a: Meowlash|Helping Hand|[of] p1b: Refrigerator\n|move|p2b: Mamoswine|Rock Slide|p1b: Refrigerator|[spread] p1a,p1b\n|-resisted|p1a: Meowlash|1\n|-supereffective|p1b: Refrigerator|1\n|-damage|p1a: Meowlash|84/100\n|-damage|p1b: Refrigerator|0 fnt\n|faint|p1b: Refrigerator\n|move|p1a: Meowlash|Sacred Sword|p2b: Mamoswine\n|-supereffective|p2b: Mamoswine|1\n|-damage|p2b: Mamoswine|35/100\n|\n|upkeep\n|\n|t:|1776658142\n|switch|p1b: Matcha tea|Sinistcha-Masterpiece, L50|100/100\n|-heal|p1a: Meowlash|100/100|[from] ability: Hospitality|[of] p1b: Matcha tea\n|turn|3\n|\n|t:|1776658162\n|move|p2a: Polteageist|Protect|p2a: Polteageist\n|-singleturn|p2a: Polteageist|Protect\n|move|p2b: Mamoswine|Earthquake|p1b: Matcha tea|[spread] p1a,p1b\n|-activate|p2a: Polteageist|move: Protect\n|-supereffective|p1a: Meowlash|1\n|-resisted|p1b: Matcha tea|1\n|-enditem|p1a: Meowlash|Focus Sash\n|-damage|p1a: Meowlash|1/100\n|-damage|p1b: Matcha tea|70/100\n|move|p1b: Matcha tea|Shadow Ball|p2a: Polteageist\n|-activate|p2a: Polteageist|move: Protect\n|move|p1a: Meowlash|Iron Head|p2b: Mamoswine\n|-supereffective|p2b: Mamoswine|1\n|-damage|p2b: Mamoswine|0 fnt\n|faint|p2b: Mamoswine\n|\n|upkeep\n|\n|t:|1776658184\n|switch|p2b: Tauros|Tauros-Paldea-Aqua, L50, M|100/100\n|-ability|p2b: Tauros|Intimidate|boost\n|-unboost|p1a: Meowlash|atk|1\n|-unboost|p1b: Matcha tea|atk|1\n|turn|4\n|\n|t:|1776658199\n|move|p1a: Meowlash|Shadow Sneak|p2a: Polteageist\n|-supereffective|p2a: Polteageist|1\n|-damage|p2a: Polteageist|68/100\n|-ability|p2a: Polteageist|Weak Armor|boost\n|-unboost|p2a: Polteageist|def|1\n|-boost|p2a: Polteageist|spe|2\n|-enditem|p2a: Polteageist|White Herb\n|-clearnegativeboost|p2a: Polteageist|[silent]\n|move|p2a: Polteageist|Shell Smash|p2a: Polteageist\n|-unboost|p2a: Polteageist|def|1\n|-unboost|p2a: Polteageist|spd|1\n|-boost|p2a: Polteageist|atk|2\n|-boost|p2a: Polteageist|spa|2\n|-boost|p2a: Polteageist|spe|2\n|move|p2b: Tauros|Wave Crash|p1a: Meowlash\n|-damage|p1a: Meowlash|0 fnt\n|faint|p1a: Meowlash\n|-damage|p2b: Tauros|99/100|[from] Recoil\n|move|p1b: Matcha tea|Matcha Gotcha|p2a: Polteageist|[spread] p2a,p2b\n|-supereffective|p2b: Tauros|1\n|-damage|p2a: Polteageist|27/100\n|-heal|p1b: Matcha tea|94/100|[from] drain|[of] p2a: Polteageist\n|-damage|p2b: Tauros|4/100\n|-heal|p1b: Matcha tea|100/100|[from] drain|[of] p2b: Tauros\n|-status|p2a: Polteageist|brn\n|\n|-damage|p2a: Polteageist|21/100 brn|[from] brn\n|upkeep\n|\n|t:|1776658226\n|switch|p1a: Coughing baby|Floette-Eternal, L50, F|100/100\n|turn|5\n|\n|t:|1776658269\n|detailschange|p1a: Coughing baby|Floette-Mega, L50, F\n|-mega|p1a: Coughing baby|Floette|Floettite\n|-ability|p1a: Coughing baby|Fairy Aura\n|move|p1b: Matcha tea|Rage Powder|p1b: Matcha tea\n|-singleturn|p1b: Matcha tea|move: Rage Powder\n|move|p2a: Polteageist|Stored Power|p1b: Matcha tea|[miss]\n|-miss|p2a: Polteageist|p1b: Matcha tea\n|move|p2b: Tauros|Wave Crash|p1b: Matcha tea\n|-resisted|p1b: Matcha tea|1\n|-damage|p1b: Matcha tea|65/100\n|-damage|p2b: Tauros|0 fnt|[from] Recoil\n|faint|p2b: Tauros\n|move|p1a: Coughing baby|Dazzling Gleam|p2a: Polteageist\n|-damage|p2a: Polteageist|0 fnt\n|faint|p2a: Polteageist\n|\n|upkeep\n|c|\u2606Solmyr12|Missed?\n|\n|t:|1776658295\n|switch|p2b: Incineroar|Incineroar, L50, F|53/100\n|-ability|p2b: Incineroar|Intimidate|boost\n|-unboost|p1a: Coughing baby|atk|1\n|-unboost|p1b: Matcha tea|atk|1\n|turn|6\n|c|\u2606Mini Herta #2434|Bright powder\n|inactive|Battle timer is ON: inactive players will automatically lose when time's up. (requested by Solmyr12)\n|c|\u2606Solmyr12|I hate you\n|\n|t:|1776658318\n|move|p1a: Coughing baby|Moonblast|p2b: Incineroar\n|-damage|p2b: Incineroar|0 fnt\n|faint|p2b: Incineroar\n|\n|win|Mini Herta #2434\n|raw|Mini Herta #2434's rating: 1077 &rarr; <strong>1111</strong><br />(+34 for winning)\n|raw|Solmyr12's rating: 1142 &rarr; <strong>1112</strong><br />(-30 for losing)\n|l|\u2606Solmyr12\n|player|p2|\n",
  "uploadtime": 1776658362,
  "views": 5,
  "formatid": "gen9championsvgc2026regma",
  "rating": 1111,
  "private": 0,
  "password": null
}