{
  "id": "gen9championsvgc2026regma-2587645454",
  "format": "[Gen 9 Champions] VGC 2026 Reg M-A",
  "players": [
    "dingoconperish",
    "PM77Switch"
  ],
  "log": "|j|\u2606dingoconperish\n|j|\u2606PM77Switch\n|t:|1776549969\n|gametype|doubles\n|player|p1|dingoconperish|guitarist-gen4|1395\n|player|p2|PM77Switch|may-masters3|1450\n|gen|9\n|tier|[Gen 9 Champions] VGC 2026 Reg M-A\n|rated|\n|rule|Species Clause: Limit one of each Pok\u00e9mon\n|rule|Item Clause: Limit 1 of each item\n|clearpoke\n|poke|p1|Starmie, L50|\n|poke|p1|Tsareena, L50, F|\n|poke|p1|Aerodactyl, L50, F|\n|poke|p1|Volcarona, L50, F|\n|poke|p1|Heliolisk, L50, F|\n|poke|p1|Incineroar, L50, F|\n|poke|p2|Blastoise, L50, M|\n|poke|p2|Kingambit, L50, M|\n|poke|p2|Sneasler, L50, M|\n|poke|p2|Aerodactyl, L50, M|\n|poke|p2|Sinistcha, L50|\n|poke|p2|Incineroar, L50, M|\n|teampreview|4\n|inactive|Battle timer is ON: inactive players will automatically lose when time's up. (requested by PM77Switch)\n|inactive|PM77Switch has 60 seconds left.\n|j| magnus orion\n|\n|t:|1776550002\n|teamsize|p1|4\n|teamsize|p2|4\n|start\n|switch|p1a: Aerodactyl|Aerodactyl, L50, F|100/100\n|switch|p1b: Tsareena|Tsareena, L50, F|100/100\n|switch|p2a: Aerodactyl|Aerodactyl, L50, M|100/100\n|switch|p2b: Kingambit|Kingambit, L50, M|100/100\n|-ability|p2a: Aerodactyl|Unnerve\n|-ability|p1a: Aerodactyl|Unnerve\n|turn|1\n|inactive|PM77Switch has 30 seconds left.\n|\n|t:|1776550033\n|move|p2b: Kingambit|Protect|p2b: Kingambit\n|-singleturn|p2b: Kingambit|Protect\n|move|p1a: Aerodactyl|Tailwind|p1a: Aerodactyl\n|-sidestart|p1: dingoconperish|move: Tailwind\n|move|p1b: Tsareena|Triple Axel|p2a: Aerodactyl\n|-supereffective|p2a: Aerodactyl|1\n|-damage|p2a: Aerodactyl|76/100\n|-supereffective|p2a: Aerodactyl|1\n|-damage|p2a: Aerodactyl|28/100\n|-supereffective|p2a: Aerodactyl|1\n|-damage|p2a: Aerodactyl|0 fnt\n|faint|p2a: Aerodactyl\n|-hitcount|p2: Aerodactyl|3\n|\n|upkeep\n|\n|t:|1776550043\n|switch|p2a: Blastoise|Blastoise, L50, M|100/100\n|turn|2\n|\n|t:|1776550052\n|switch|p2b: Sinistcha|Sinistcha, L50|100/100\n|detailschange|p2a: Blastoise|Blastoise-Mega, L50, M\n|-mega|p2a: Blastoise|Blastoise|Blastoisinite\n|move|p2a: Blastoise|Protect|p2a: Blastoise\n|-singleturn|p2a: Blastoise|Protect\n|move|p1a: Aerodactyl|Rock Slide|p2a: Blastoise|[spread] p2b\n|-activate|p2a: Blastoise|move: Protect\n|-damage|p2b: Sinistcha|77/100\n|move|p1b: Tsareena|Trop Kick|p2a: Blastoise\n|-activate|p2a: Blastoise|move: Protect\n|\n|upkeep\n|turn|3\n|\n|t:|1776550074\n|switch|p2a: Kingambit|Kingambit, L50, M|100/100\n|move|p1a: Aerodactyl|Dual Wingbeat|p2b: Sinistcha\n|-supereffective|p2b: Sinistcha|1\n|-damage|p2b: Sinistcha|40/100\n|-supereffective|p2b: Sinistcha|1\n|-damage|p2b: Sinistcha|5/100\n|-hitcount|p2b: Sinistcha|2\n|move|p1b: Tsareena|Trop Kick|p2a: Kingambit\n|-resisted|p2a: Kingambit|1\n|-crit|p2a: Kingambit\n|-damage|p2a: Kingambit|77/100\n|-unboost|p2a: Kingambit|atk|1\n|-ability|p2a: Kingambit|Defiant|boost\n|-boost|p2a: Kingambit|atk|2\n|move|p2b: Sinistcha|Trick Room|p2b: Sinistcha\n|-fieldstart|move: Trick Room|[of] p2b: Sinistcha\n|\n|upkeep\n|turn|4\n|inactive|PM77Switch has 30 seconds left.\n|\n|t:|1776550101\n|switch|p2b: Blastoise|Blastoise-Mega, L50, M|100/100\n|move|p2a: Kingambit|Kowtow Cleave|p1b: Tsareena\n|-damage|p1b: Tsareena|29/100\n|move|p1b: Tsareena|High Jump Kick|p2a: Kingambit\n|-supereffective|p2a: Kingambit|2\n|-damage|p2a: Kingambit|0 fnt\n|faint|p2a: Kingambit\n|move|p1a: Aerodactyl|Rock Slide|p2b: Blastoise\n|-damage|p2b: Blastoise|73/100\n|\n|-sideend|p1: dingoconperish|move: Tailwind\n|upkeep\n|\n|t:|1776550108\n|switch|p2a: Sinistcha|Sinistcha, L50|5/100\n|-heal|p2b: Blastoise|97/100|[from] ability: Hospitality|[of] p2a: Sinistcha\n|turn|5\n|\n|t:|1776550121\n|move|p1b: Tsareena|Protect|p1b: Tsareena\n|-singleturn|p1b: Tsareena|Protect\n|move|p2a: Sinistcha|Matcha Gotcha|p1a: Aerodactyl|[spread] p1a\n|-activate|p1b: Tsareena|move: Protect\n|-damage|p1a: Aerodactyl|68/100\n|-heal|p2a: Sinistcha|20/100|[from] drain|[of] p1a: Aerodactyl\n|move|p2b: Blastoise|Water Spout|p1b: Tsareena|[spread] p1a\n|-activate|p1b: Tsareena|move: Protect\n|-supereffective|p1a: Aerodactyl|1\n|-damage|p1a: Aerodactyl|0 fnt\n|faint|p1a: Aerodactyl\n|\n|upkeep\n|\n|t:|1776550127\n|switch|p1a: Starmie|Starmie, L50|100/100\n|turn|6\n|\n|t:|1776550134\n|detailschange|p1a: Starmie|Starmie-Mega, L50\n|-mega|p1a: Starmie|Starmie|Starminite\n|move|p1a: Starmie|Aqua Jet|p2a: Sinistcha\n|-resisted|p2a: Sinistcha|1\n|-crit|p2a: Sinistcha\n|-damage|p2a: Sinistcha|0 fnt\n|faint|p2a: Sinistcha\n|move|p1b: Tsareena|Trop Kick|p2b: Blastoise\n|-supereffective|p2b: Blastoise|1\n|-damage|p2b: Blastoise|26/100\n|-unboost|p2b: Blastoise|atk|1\n|move|p2b: Blastoise|Water Spout|p1a: Starmie|[spread] p1a,p1b\n|-resisted|p1a: Starmie|1\n|-resisted|p1b: Tsareena|1\n|-damage|p1a: Starmie|90/100\n|-damage|p1b: Tsareena|21/100\n|\n|upkeep\n|turn|7\n|-message|PM77Switch forfeited.\n|\n|win|dingoconperish\n|raw|dingoconperish's rating: 1395 &rarr; <strong>1418</strong><br />(+23 for winning)\n|raw|PM77Switch's rating: 1450 &rarr; <strong>1427</strong><br />(-23 for losing)\n",
  "uploadtime": 1776550157,
  "views": 19,
  "formatid": "gen9championsvgc2026regma",
  "rating": 1418,
  "private": 0,
  "password": null
}