{
  "id": "gen9championsvgc2026regma-2588513301",
  "format": "[Gen 9 Champions] VGC 2026 Reg M-A",
  "players": [
    "iamjalenhh",
    "jonathan53332"
  ],
  "log": "|j|\u2606iamjalenhh\n|j|\u2606jonathan53332\n|html|<table width=\"100%\"><tr><td align=\"left\">iamjalenhh</td><td align=\"right\">jonathan53332</tr><tr><td align=\"left\"><i class=\"fa fa-circle\"></i> <i class=\"fa fa-circle-o\"></i> </td><td align=\"right\"><i class=\"fa fa-circle-o\"></i> <i class=\"fa fa-circle\"></i> </tr></table>\n|uhtml|bestof|<h2><strong>Game 3</strong> of <a href=\"/game-bestof3-gen9championsvgc2026regma-2588507951\">a best-of-3</a></h2>\n|t:|1776640439\n|gametype|doubles\n|player|p1|iamjalenhh|1|\n|player|p2|jonathan53332|102|\n|gen|9\n|tier|[Gen 9 Champions] VGC 2026 Reg M-A\n|rule|Species Clause: Limit one of each Pok\u00e9mon\n|rule|Item Clause: Limit 1 of each item\n|raw|<div class=\"infobox\"><details class=\"readmore\" open><summary><strong>1 custom rule:</strong></summary> Best of = 3</details></div>\n|clearpoke\n|poke|p1|Incineroar, L50, M, shiny|\n|poke|p1|Scovillain, L50, M, shiny|\n|poke|p1|Meganium, L50, M, shiny|\n|poke|p1|Torkoal, L50, M, shiny|\n|poke|p1|Armarouge, L50, M, shiny|\n|poke|p1|Maushold-Four, L50, shiny|\n|poke|p2|Meganium, L50, F, shiny|\n|poke|p2|Pelipper, L50, M|\n|poke|p2|Primarina, L50, M|\n|poke|p2|Sinistcha-Masterpiece, L50, shiny|\n|poke|p2|Archaludon, L50, M, shiny|\n|poke|p2|Empoleon, L50, F|\n|teampreview|4\n|\n|t:|1776640480\n|teamsize|p1|4\n|teamsize|p2|4\n|start\n|switch|p1a: Armarouge|Armarouge, L50, M, shiny|100/100\n|switch|p1b: Maushold|Maushold-Four, L50, shiny|100/100\n|switch|p2a: Primarina|Primarina, L50, M|100/100\n|switch|p2b: Pelipper|Pelipper, L50, M|100/100\n|-weather|RainDance|[from] ability: Drizzle|[of] p2b: Pelipper\n|turn|1\n|\n|t:|1776640505\n|switch|p1a: Scovillain|Scovillain, L50, M, shiny|100/100\n|switch|p2a: Meganium|Meganium, L50, F, shiny|100/100\n|move|p1b: Maushold|Bullet Seed|p2a: Meganium\n|-resisted|p2a: Meganium|1\n|-damage|p2a: Meganium|95/100\n|-resisted|p2a: Meganium|1\n|-damage|p2a: Meganium|90/100\n|-resisted|p2a: Meganium|1\n|-damage|p2a: Meganium|85/100\n|-hitcount|p2a: Meganium|3\n|move|p2b: Pelipper|Tailwind|p2b: Pelipper\n|-sidestart|p2: jonathan53332|move: Tailwind\n|\n|-weather|RainDance|[upkeep]\n|upkeep\n|turn|2\n|\n|t:|1776640541\n|switch|p1b: Torkoal|Torkoal, L50, M, shiny|100/100\n|-weather|SunnyDay|[from] ability: Drought|[of] p1b: Torkoal\n|detailschange|p2a: Meganium|Meganium-Mega, L50, F, shiny\n|-mega|p2a: Meganium|Meganium|Meganiumite\n|move|p2a: Meganium|Solar Beam||[still]\n|-prepare|p2a: Meganium|Solar Beam\n|-anim|p2a: Meganium|Solar Beam|p1b: Torkoal\n|-resisted|p1b: Torkoal|1\n|-damage|p1b: Torkoal|41/100\n|move|p1a: Scovillain|Flamethrower|p2a: Meganium\n|-supereffective|p2a: Meganium|1\n|-damage|p2a: Meganium|0 fnt\n|faint|p2a: Meganium\n|move|p2b: Pelipper|Hurricane|p1a: Scovillain|[miss]\n|-miss|p2b: Pelipper|p1a: Scovillain\n|\n|-weather|SunnyDay|[upkeep]\n|upkeep\n|\n|t:|1776640555\n|switch|p2a: Primarina|Primarina, L50, M|100/100\n|turn|3\n|\n|t:|1776640569\n|detailschange|p1a: Scovillain|Scovillain-Mega, L50, M, shiny\n|-mega|p1a: Scovillain|Scovillain|Scovillainite\n|move|p1b: Torkoal|Protect|p1b: Torkoal\n|-singleturn|p1b: Torkoal|Protect\n|move|p2b: Pelipper|Hurricane|p1a: Scovillain\n|-supereffective|p1a: Scovillain|1\n|-damage|p1a: Scovillain|0 fnt\n|-status|p2b: Pelipper|brn|[from] ability: Spicy Spray|[of] p1a: Scovillain\n|faint|p1a: Scovillain\n|move|p2a: Primarina|Hyper Voice|p1b: Torkoal\n|-activate|p1b: Torkoal|move: Protect\n|\n|-weather|SunnyDay|[upkeep]\n|-damage|p2b: Pelipper|95/100 brn|[from] brn\n|upkeep\n|\n|t:|1776640582\n|switch|p1a: Maushold|Maushold-Four, L50, shiny|100/100\n|turn|4\n|\n|t:|1776640590\n|switch|p1b: Armarouge|Armarouge, L50, M, shiny|100/100\n|move|p2b: Pelipper|Icy Wind|p1b: Armarouge|[spread] p1a,p1b\n|-resisted|p1b: Armarouge|1\n|-damage|p1a: Maushold|80/100\n|-damage|p1b: Armarouge|92/100\n|-unboost|p1a: Maushold|spe|1\n|-unboost|p1b: Armarouge|spe|1\n|move|p2a: Primarina|Hyper Voice|p1a: Maushold|[spread] p1a,p1b\n|-supereffective|p1b: Armarouge|1\n|-damage|p1a: Maushold|54/100\n|-damage|p1b: Armarouge|39/100\n|move|p1a: Maushold|Population Bomb|p2a: Primarina\n|-damage|p2a: Primarina|83/100\n|-damage|p2a: Primarina|67/100\n|-damage|p2a: Primarina|48/100\n|-damage|p2a: Primarina|30/100\n|-crit|p2a: Primarina\n|-damage|p2a: Primarina|6/100\n|-damage|p2a: Primarina|0 fnt\n|faint|p2a: Primarina\n|-hitcount|p2: Primarina|6\n|\n|-weather|SunnyDay|[upkeep]\n|-damage|p2b: Pelipper|89/100 brn|[from] brn\n|-sideend|p2: jonathan53332|move: Tailwind\n|upkeep\n|\n|t:|1776640603\n|switch|p2a: Empoleon|Empoleon, L50, F|100/100\n|turn|5\n|\n|t:|1776640644\n|move|p2a: Empoleon|Vacuum Wave|p1a: Maushold\n|-supereffective|p1a: Maushold|1\n|-damage|p1a: Maushold|13/100\n|move|p2b: Pelipper|Icy Wind|p1a: Maushold|[spread] p1a,p1b\n|-resisted|p1b: Armarouge|1\n|-damage|p1a: Maushold|0 fnt\n|-damage|p1b: Armarouge|31/100\n|-unboost|p1b: Armarouge|spe|1\n|faint|p1a: Maushold\n|move|p1b: Armarouge|Psychic|p2b: Pelipper\n|-damage|p2b: Pelipper|11/100 brn\n|\n|-weather|SunnyDay|[upkeep]\n|-damage|p2b: Pelipper|5/100 brn|[from] brn\n|upkeep\n|\n|t:|1776640656\n|switch|p1a: Torkoal|Torkoal, L50, M, shiny|41/100\n|turn|6\n|\n|t:|1776640673\n|move|p1b: Armarouge|Protect|p1b: Armarouge\n|-singleturn|p1b: Armarouge|Protect\n|move|p1a: Torkoal|Protect|p1a: Torkoal\n|-singleturn|p1a: Torkoal|Protect\n|move|p2b: Pelipper|Icy Wind|p1b: Armarouge|[spread] \n|-activate|p1a: Torkoal|move: Protect\n|-activate|p1b: Armarouge|move: Protect\n|move|p2a: Empoleon|Chilling Water|p1a: Torkoal\n|-activate|p1a: Torkoal|move: Protect\n|\n|-weather|none\n|-damage|p2b: Pelipper|0 fnt|[from] brn\n|faint|p2b: Pelipper\n|upkeep\n|turn|7\n|\n|t:|1776640693\n|move|p2a: Empoleon|Chilling Water|p1a: Torkoal\n|-supereffective|p1a: Torkoal|1\n|-damage|p1a: Torkoal|0 fnt\n|faint|p1a: Torkoal\n|move|p1b: Armarouge|Psychic|p2a: Empoleon\n|-resisted|p2a: Empoleon|1\n|-damage|p2a: Empoleon|81/100\n|\n|upkeep\n|turn|8\n|\n|t:|1776640704\n|move|p2a: Empoleon|Chilling Water|p1b: Armarouge\n|-supereffective|p1b: Armarouge|1\n|-damage|p1b: Armarouge|0 fnt\n|faint|p1b: Armarouge\n|\n|win|jonathan53332\n|l|\u2606iamjalenhh\n|player|p1|\n",
  "uploadtime": 1776640707,
  "views": 7,
  "formatid": "gen9championsvgc2026regma",
  "rating": null,
  "private": 0,
  "password": null
}