{
  "id": "gen9championsvgc2026regma-2581821208",
  "format": "[Gen 9 Champions] VGC 2026 Reg M-A",
  "players": [
    "Mitongue",
    "TheDark69420"
  ],
  "log": "|j|\u2606Mitongue\n|j|\u2606TheDark69420\n|t:|1776031132\n|gametype|doubles\n|player|p1|Mitongue|yellow|1056\n|player|p2|TheDark69420|ghetsis-gen5bw|1124\n|gen|9\n|tier|[Gen 9 Champions] VGC 2026 Reg M-A\n|rated|\n|rule|Species Clause: Limit one of each Pok\u00e9mon\n|rule|Item Clause: Limit 1 of each item\n|clearpoke\n|poke|p1|Dragapult, L50, M|\n|poke|p1|Gyarados, L50, M|\n|poke|p1|Lucario, L50, F|\n|poke|p1|Farigiraf, L50, M|\n|poke|p1|Meowscarada, L50, M|\n|poke|p1|Aggron, L50, M|\n|poke|p2|Floette-Eternal, L50, F|\n|poke|p2|Maushold, L50|\n|poke|p2|Garchomp, L50, M|\n|poke|p2|Talonflame, L50, M|\n|poke|p2|Rotom-Wash, L50|\n|poke|p2|Aegislash, L50, F|\n|teampreview|4\n|inactive|Battle timer is ON: inactive players will automatically lose when time's up. (requested by TheDark69420)\nMitongue rejected open team sheets.\n|inactive|Mitongue has 60 seconds left.\n|inactive|TheDark69420 has 60 seconds left.\n|inactive|TheDark69420 has 30 seconds left.\n|\n|t:|1776031194\n|teamsize|p1|4\n|teamsize|p2|4\n|start\n|switch|p1a: Meowscarada|Meowscarada, L50, M|100/100\n|switch|p1b: Aggron|Aggron, L50, M|100/100\n|switch|p2a: Hot wings|Talonflame, L50, M, shiny|100/100\n|switch|p2b: Gizmo|Rotom-Wash, L50|100/100\n|turn|1\n|\n|t:|1776031206\n|move|p1b: Aggron|Protect|p1b: Aggron\n|-singleturn|p1b: Aggron|Protect\n|move|p2a: Hot wings|Tailwind|p2a: Hot wings\n|-sidestart|p2: TheDark69420|move: Tailwind\n|move|p2b: Gizmo|Hydro Pump|p1b: Aggron\n|-activate|p1b: Aggron|move: Protect\n|move|p1a: Meowscarada|Trick Room|p1a: Meowscarada\n|-fieldstart|move: Trick Room|[of] p1a: Meowscarada\n|\n|upkeep\n|turn|2\n|inactive|Mitongue has 30 seconds left.\n|\n|t:|1776031232\n|switch|p1b: Farigiraf|Farigiraf, L50, M, shiny|100/100\n|move|p1a: Meowscarada|Flower Trick|p2b: Gizmo\n|-supereffective|p2b: Gizmo|1\n|-crit|p2b: Gizmo\n|-damage|p2b: Gizmo|0 fnt\n|faint|p2b: Gizmo\n|move|p2a: Hot wings|Flare Blitz|p1b: Farigiraf\n|-damage|p1b: Farigiraf|56/100\n|-damage|p2a: Hot wings|80/100|[from] Recoil\n|\n|upkeep\n|\n|t:|1776031244\n|switch|p2b: Flora pro max|Floette-Eternal, L50, F|100/100\n|turn|3\n|\n|t:|1776031251\n|detailschange|p2b: Flora pro max|Floette-Mega, L50, F\n|-mega|p2b: Flora pro max|Floette|Floettite\n|-ability|p2b: Flora pro max|Fairy Aura\n|move|p2a: Hot wings|Protect|p2a: Hot wings\n|-singleturn|p2a: Hot wings|Protect\n|move|p1b: Farigiraf|Hyper Voice|p2a: Hot wings|[spread] p2b\n|-activate|p2a: Hot wings|move: Protect\n|-damage|p2b: Flora pro max|70/100\n|move|p1a: Meowscarada|Flower Trick|p2b: Flora pro max\n|-crit|p2b: Flora pro max\n|-damage|p2b: Flora pro max|0 fnt\n|faint|p2b: Flora pro max\n|\n|upkeep\n|\n|t:|1776031263\n|switch|p2b: Beam|Garchomp, L50, M|100/100\n|turn|4\n|\n|t:|1776031269\n|move|p2b: Beam|Protect|p2b: Beam\n|-singleturn|p2b: Beam|Protect\n|move|p1b: Farigiraf|Hyper Voice|p2b: Beam|[spread] p2a\n|-activate|p2b: Beam|move: Protect\n|-damage|p2a: Hot wings|25/100\n|move|p1a: Meowscarada|Knock Off|p2b: Beam\n|-activate|p2b: Beam|move: Protect\n|move|p2a: Hot wings|Flare Blitz|p1a: Meowscarada\n|-supereffective|p1a: Meowscarada|1\n|-enditem|p1a: Meowscarada|Focus Sash\n|-damage|p1a: Meowscarada|1/100\n|-damage|p2a: Hot wings|0 fnt|[from] Recoil\n|faint|p2a: Hot wings\n|\n|-sideend|p2: TheDark69420|move: Tailwind\n|upkeep\n|turn|5\n|\n|t:|1776031288\n|move|p1a: Meowscarada|Protect|p1a: Meowscarada\n|-singleturn|p1a: Meowscarada|Protect\n|move|p1b: Farigiraf|Hyper Voice|p2b: Beam\n|-damage|p2b: Beam|50/100\n|move|p2b: Beam|Earthquake|p1a: Meowscarada|[spread] p1b\n|-activate|p1a: Meowscarada|move: Protect\n|-damage|p1b: Farigiraf|7/100\n|\n|-fieldend|move: Trick Room\n|upkeep\n|turn|6\n|\n|t:|1776031300\n|move|p1a: Meowscarada|Flower Trick|p2b: Beam\n|-crit|p2b: Beam\n|-damage|p2b: Beam|0 fnt\n|faint|p2b: Beam\n|\n|win|Mitongue\n|raw|Mitongue's rating: 1035 &rarr; <strong>1078</strong><br />(+43 for winning)\n|raw|TheDark69420's rating: 1124 &rarr; <strong>1093</strong><br />(-31 for losing)\n|l|\u2606TheDark69420\n|player|p2|\n",
  "uploadtime": 1776031307,
  "views": 10,
  "formatid": "gen9championsvgc2026regma",
  "rating": 1078,
  "private": 0,
  "password": null
}