{
  "id": "gen9championsvgc2026regma-2585940357",
  "format": "[Gen 9 Champions] VGC 2026 Reg M-A",
  "players": [
    "souobrubo",
    "smalltownkirlia"
  ],
  "log": "|j|\u2606souobrubo\n|j|\u2606smalltownkirlia\n|t:|1776383396\n|gametype|doubles\n|player|p1|souobrubo|aaron|1206\n|player|p2|smalltownkirlia|whitney|1169\n|gen|9\n|tier|[Gen 9 Champions] VGC 2026 Reg M-A\n|rated|\n|rule|Species Clause: Limit one of each Pok\u00e9mon\n|rule|Item Clause: Limit 1 of each item\n|clearpoke\n|poke|p1|Pelipper, L50, M|\n|poke|p1|Drampa, L50, M|\n|poke|p1|Oranguru, L50, F|\n|poke|p1|Araquanid, L50, M|\n|poke|p1|Empoleon, L50, F|\n|poke|p1|Meganium, L50, F|\n|poke|p2|Dragonite, L50, M|\n|poke|p2|Sneasler, L50, M|\n|poke|p2|Incineroar, L50, M|\n|poke|p2|Venusaur, L50, M|\n|poke|p2|Aegislash, L50, M|\n|poke|p2|Basculegion, L50, M|\n|teampreview|4\n|inactive|Battle timer is ON: inactive players will automatically lose when time's up. (requested by smalltownkirlia)\n|inactive|souobrubo has 60 seconds left.\n|\n|t:|1776383426\n|teamsize|p1|4\n|teamsize|p2|4\n|start\n|switch|p1a: Meganium|Meganium, L50, F|100/100\n|switch|p1b: Pelipper|Pelipper, L50, M|100/100\n|switch|p2a: Sneasler|Sneasler, L50, M|100/100\n|switch|p2b: Venusaur|Venusaur, L50, M|100/100\n|-weather|RainDance|[from] ability: Drizzle|[of] p1b: Pelipper\n|turn|1\n|\n|t:|1776383443\n|move|p1a: Meganium|Protect|p1a: Meganium\n|-singleturn|p1a: Meganium|Protect\n|move|p2b: Venusaur|Protect|p2b: Venusaur\n|-singleturn|p2b: Venusaur|Protect\n|move|p2a: Sneasler|Dire Claw|p1a: Meganium\n|-activate|p1a: Meganium|move: Protect\n|move|p1b: Pelipper|Hurricane|p2b: Venusaur\n|-activate|p2b: Venusaur|move: Protect\n|\n|-weather|RainDance|[upkeep]\n|upkeep\n|turn|2\n|inactive|smalltownkirlia has 30 seconds left.\n|inactive|smalltownkirlia has 20 seconds left.\n|\n|t:|1776383485\n|switch|p1a: Oranguru|Oranguru, L50, F|100/100\n|detailschange|p2b: Venusaur|Venusaur-Mega, L50, M\n|-mega|p2b: Venusaur|Venusaur|Venusaurite\n|move|p2a: Sneasler|Dire Claw|p1b: Pelipper\n|-damage|p1b: Pelipper|49/100\n|-status|p1b: Pelipper|psn\n|move|p2b: Venusaur|Sludge Bomb|p1a: Oranguru\n|-damage|p1a: Oranguru|72/100\n|move|p1b: Pelipper|Hurricane|p2b: Venusaur\n|-supereffective|p2b: Venusaur|1\n|-damage|p2b: Venusaur|40/100\n|\n|-weather|RainDance|[upkeep]\n|-damage|p1b: Pelipper|37/100 psn|[from] psn\n|upkeep\n|turn|3\n|inactive|souobrubo has 30 seconds left.\n|\n|t:|1776383514\n|move|p2a: Sneasler|Dire Claw|p1b: Pelipper\n|-crit|p1b: Pelipper\n|-damage|p1b: Pelipper|0 fnt\n|faint|p1b: Pelipper\n|move|p2b: Venusaur|Leech Seed|p1a: Oranguru\n|-start|p1a: Oranguru|move: Leech Seed\n|move|p1a: Oranguru|Trick Room|p1a: Oranguru\n|-fieldstart|move: Trick Room|[of] p1a: Oranguru\n|\n|-weather|RainDance|[upkeep]\n|-damage|p1a: Oranguru|60/100|[from] Leech Seed|[of] p2b: Venusaur\n|-heal|p2b: Venusaur|51/100|[silent]\n|upkeep\n|\n|t:|1776383521\n|switch|p1b: Araquanid|Araquanid, L50, M|100/100\n|turn|4\n|inactive|souobrubo has 30 seconds left.\n|inactive|smalltownkirlia has 30 seconds left.\n|inactive|souobrubo has 20 seconds left.\n|inactive|smalltownkirlia has 20 seconds left.\n|inactive|souobrubo has 15 seconds left.\n|inactive|souobrubo has 10 seconds left.\n|inactive|souobrubo has 5 seconds left.\n|\n|t:|1776383577\n|move|p1b: Araquanid|Surf|p2a: Sneasler|[spread] p2a,p2b\n|-activate|p1a: Oranguru|ability: Telepathy\n|-resisted|p2b: Venusaur|1\n|-enditem|p2a: Sneasler|Focus Sash\n|-damage|p2a: Sneasler|1/100\n|-damage|p2b: Venusaur|21/100\n|move|p2b: Venusaur|Leech Seed|p1b: Araquanid\n|-start|p1b: Araquanid|move: Leech Seed\n|move|p2a: Sneasler|Dire Claw|p1b: Araquanid\n|-damage|p1b: Araquanid|59/100\n|move|p1a: Oranguru|Trick Room|p1a: Oranguru\n|-fieldend|move: Trick Room\n|\n|-weather|RainDance|[upkeep]\n|-damage|p1a: Oranguru|48/100|[from] Leech Seed|[of] p2b: Venusaur\n|-heal|p2b: Venusaur|33/100|[silent]\n|-damage|p1b: Araquanid|47/100|[from] Leech Seed|[of] p2b: Venusaur\n|-heal|p2b: Venusaur|42/100|[silent]\n|upkeep\n|turn|5\n|-message|souobrubo forfeited.\n|\n|win|smalltownkirlia\n|raw|souobrubo's rating: 1206 &rarr; <strong>1178</strong><br />(-28 for losing)\n|raw|smalltownkirlia's rating: 1169 &rarr; <strong>1197</strong><br />(+28 for winning)\n|l|\u2606souobrubo\n|player|p1|\n",
  "uploadtime": 1776383607,
  "views": 24,
  "formatid": "gen9championsvgc2026regma",
  "rating": 1178,
  "private": 0,
  "password": null
}