{
  "id": "gen9championsvgc2026regma-2580683120",
  "format": "[Gen 9 Champions] VGC 2026 Reg M-A",
  "players": [
    "PauVi",
    "KUTF1"
  ],
  "log": "|j|\u2606PauVi\n|j|\u2606KUTF1\n|t:|1775923971\n|gametype|doubles\n|player|p1|PauVi|169|1141\n|player|p2|KUTF1|pokemonrangerf|1072\n|gen|9\n|tier|[Gen 9 Champions] VGC 2026 Reg M-A\n|rated|\n|rule|Species Clause: Limit one of each Pok\u00e9mon\n|rule|Item Clause: Limit 1 of each item\n|clearpoke\n|poke|p1|Beedrill, L50, F|\n|poke|p1|Kingambit, L50, F|\n|poke|p1|Meowscarada, L50, M|\n|poke|p1|Clefable, L50, M|\n|poke|p1|Primarina, L50, M|\n|poke|p1|Meowstic, L50, M|\n|poke|p2|Charizard, L50, F|\n|poke|p2|Venusaur, L50, M|\n|poke|p2|Garchomp, L50, M|\n|poke|p2|Rotom-Heat, L50|\n|poke|p2|Sneasler, L50, M|\n|poke|p2|Incineroar, L50, F|\n|teampreview|4\n|inactive|Battle timer is ON: inactive players will automatically lose when time's up. (requested by KUTF1)\n|\n|t:|1775924000\n|teamsize|p1|4\n|teamsize|p2|4\n|start\n|switch|p1a: Meowstic|Meowstic, L50, M|100/100\n|switch|p1b: Primarina|Primarina, L50, M|100/100\n|switch|p2a: Charizard|Charizard, L50, F|100/100\n|switch|p2b: Venusaur|Venusaur, L50, M|100/100\n|turn|1\n|inactive|PauVi has 30 seconds left.\n|\n|t:|1775924027\n|detailschange|p2a: Charizard|Charizard-Mega-Y, L50, F\n|-mega|p2a: Charizard|Charizard|Charizardite Y\n|-weather|SunnyDay|[from] ability: Drought|[of] p2a: Charizard\n|move|p1b: Primarina|Protect|p1b: Primarina\n|-singleturn|p1b: Primarina|Protect\n|move|p2b: Venusaur|Leaf Storm|p1b: Primarina\n|-activate|p1b: Primarina|move: Protect\n|move|p2a: Charizard|Heat Wave|p1b: Primarina|[spread] p1a\n|-activate|p1b: Primarina|move: Protect\n|-damage|p1a: Meowstic|38/100\n|move|p1a: Meowstic|Psychic|p2b: Venusaur\n|-supereffective|p2b: Venusaur|1\n|-damage|p2b: Venusaur|35/100\n|\n|-weather|SunnyDay|[upkeep]\n|-heal|p1a: Meowstic|44/100|[from] item: Leftovers\n|upkeep\n|turn|2\n|\n|t:|1775924049\n|move|p1a: Meowstic|Rain Dance|p1a: Meowstic\n|-weather|RainDance\n|move|p2a: Charizard|Heat Wave|p1b: Primarina|[spread] p1a,p1b\n|-resisted|p1b: Primarina|1\n|-crit|p1b: Primarina\n|-damage|p1a: Meowstic|24/100\n|-damage|p1b: Primarina|88/100\n|move|p2b: Venusaur|Leaf Storm|p1b: Primarina\n|-supereffective|p1b: Primarina|1\n|-crit|p1b: Primarina\n|-damage|p1b: Primarina|0 fnt\n|-unboost|p2b: Venusaur|spa|2\n|faint|p1b: Primarina\n|\n|-weather|RainDance|[upkeep]\n|-heal|p1a: Meowstic|30/100|[from] item: Leftovers\n|upkeep\n|\n|t:|1775924061\n|switch|p1b: Meowscarada|Meowscarada, L50, M|100/100\n|turn|3\n|\n|t:|1775924072\n|switch|p2a: Sneasler|Sneasler, L50, M|100/100\n|move|p2b: Venusaur|Sleep Powder|p1a: Meowstic\n|-status|p1a: Meowstic|slp|[from] move: Sleep Powder\n|move|p1b: Meowscarada|Leech Seed|p2a: Sneasler\n|-start|p1b: Meowscarada|typechange|Grass|[from] ability: Protean\n|-start|p2a: Sneasler|move: Leech Seed\n|cant|p1a: Meowstic|slp\n|\n|-weather|RainDance|[upkeep]\n|-heal|p1a: Meowstic|36/100 slp|[from] item: Leftovers\n|-damage|p2a: Sneasler|88/100|[from] Leech Seed|[of] p1b: Meowscarada\n|upkeep\n|turn|4\n|\n|t:|1775924093\n|switch|p2a: Charizard|Charizard-Mega-Y, L50, F|100/100\n|-weather|SunnyDay|[from] ability: Drought|[of] p2a: Charizard\n|move|p2b: Venusaur|Sludge Bomb|p1a: Meowstic\n|-damage|p1a: Meowstic|17/100 slp\n|-curestatus|p1a: Meowstic|slp|[msg]\n|move|p1a: Meowstic|Psychic|p2a: Charizard\n|-damage|p2a: Charizard|71/100\n|move|p1b: Meowscarada|Trick Room|p1b: Meowscarada\n|-fieldstart|move: Trick Room|[of] p1b: Meowscarada\n|\n|-weather|SunnyDay|[upkeep]\n|-heal|p1a: Meowstic|23/100|[from] item: Leftovers\n|upkeep\n|turn|5\n|\n|t:|1775924114\n|switch|p2a: Sneasler|Sneasler, L50, M|88/100\n|move|p1b: Meowscarada|Protect|p1b: Meowscarada\n|-singleturn|p1b: Meowscarada|Protect\n|move|p1a: Meowstic|Psychic|p2b: Venusaur\n|-supereffective|p2b: Venusaur|1\n|-damage|p2b: Venusaur|0 fnt\n|faint|p2b: Venusaur\n|\n|-weather|SunnyDay|[upkeep]\n|-heal|p1a: Meowstic|28/100|[from] item: Leftovers\n|upkeep\n|\n|t:|1775924123\n|switch|p2b: Charizard|Charizard-Mega-Y, L50, F|71/100\n|turn|6\n|\n|t:|1775924141\n|move|p2a: Sneasler|Fake Out|p1a: Meowstic\n|-damage|p1a: Meowstic|14/100\n|cant|p1a: Meowstic|flinch\n|move|p1b: Meowscarada|Leech Seed|p2b: Charizard\n|-start|p2b: Charizard|move: Leech Seed\n|move|p2b: Charizard|Heat Wave|p1b: Meowscarada|[spread] p1a,p1b\n|-supereffective|p1b: Meowscarada|1\n|-damage|p1a: Meowstic|0 fnt\n|-enditem|p1b: Meowscarada|Focus Sash\n|-damage|p1b: Meowscarada|1/100\n|faint|p1a: Meowstic\n|\n|-weather|SunnyDay|[upkeep]\n|-damage|p2b: Charizard|59/100|[from] Leech Seed|[of] p1b: Meowscarada\n|-heal|p1b: Meowscarada|14/100|[silent]\n|upkeep\n|\n|t:|1775924154\n|switch|p1a: Kingambit|Kingambit, L50, F|100/100\n|turn|7\n|\n|t:|1775924168\n|switch|p2b: Rotom|Rotom-Heat, L50|100/100\n|move|p1b: Meowscarada|Protect|p1b: Meowscarada\n|-singleturn|p1b: Meowscarada|Protect\n|move|p1a: Kingambit|Iron Head|p2a: Sneasler\n|-damage|p2a: Sneasler|20/100\n|move|p2a: Sneasler|Close Combat|p1a: Kingambit\n|-supereffective|p1a: Kingambit|2\n|-enditem|p1a: Kingambit|Chople Berry|[eat]\n|-enditem|p1a: Kingambit|Chople Berry|[weaken]\n|-damage|p1a: Kingambit|26/100\n|-unboost|p2a: Sneasler|def|1\n|-unboost|p2a: Sneasler|spd|1\n|-enditem|p2a: Sneasler|White Herb\n|-clearnegativeboost|p2a: Sneasler|[silent]\n|\n|-weather|SunnyDay|[upkeep]\n|upkeep\n|turn|8\n|\n|t:|1775924192\n|move|p1a: Kingambit|Protect|p1a: Kingambit\n|-singleturn|p1a: Kingambit|Protect\n|move|p2b: Rotom|Protect|p2b: Rotom\n|-singleturn|p2b: Rotom|Protect\n|move|p2a: Sneasler|Protect|p2a: Sneasler\n|-singleturn|p2a: Sneasler|Protect\n|move|p1b: Meowscarada|Leech Seed|p2b: Rotom\n|-activate|p2b: Rotom|move: Protect\n|\n|-weather|none\n|-fieldend|move: Trick Room\n|upkeep\n|turn|9\n|-message|PauVi forfeited.\n|\n|win|KUTF1\n|raw|PauVi's rating: 1141 &rarr; <strong>1111</strong><br />(-30 for losing)\n|raw|KUTF1's rating: 1072 &rarr; <strong>1107</strong><br />(+35 for winning)\n|l|\u2606PauVi\n|player|p1|\n",
  "uploadtime": 1775924205,
  "views": 13,
  "formatid": "gen9championsvgc2026regma",
  "rating": 1107,
  "private": 0,
  "password": null
}