{
  "id": "gen9championsvgc2026regma-2589429899",
  "format": "[Gen 9 Champions] VGC 2026 Reg M-A",
  "players": [
    "REALTlMSHADY",
    "fallen_whimmy"
  ],
  "log": "|j|\u2606REALTlMSHADY\n|j|\u2606fallen_whimmy\n|t:|1776722261\n|gametype|doubles\n|player|p1|REALTlMSHADY|pokemaniac|1099\n|player|p2|fallen_whimmy|hilbert|1131\n|gen|9\n|tier|[Gen 9 Champions] VGC 2026 Reg M-A\n|rated|\n|rule|Species Clause: Limit one of each Pok\u00e9mon\n|rule|Item Clause: Limit 1 of each item\n|clearpoke\n|poke|p1|Meganium, L50, M|\n|poke|p1|Archaludon, L50, F|\n|poke|p1|Aerodactyl, L50, M|\n|poke|p1|Typhlosion-Hisui, L50, M|\n|poke|p1|Kangaskhan, L50, F|\n|poke|p1|Tauros-Paldea-Aqua, L50, M|\n|poke|p2|Garchomp, L50, M|\n|poke|p2|Sneasler, L50, F|\n|poke|p2|Skarmory, L50, F|\n|poke|p2|Milotic, L50, M|\n|poke|p2|Spiritomb, L50, F|\n|poke|p2|Kingambit, L50, M|\n|teampreview|4\n|inactive|Battle timer is ON: inactive players will automatically lose when time's up. (requested by fallen_whimmy)\n|inactive|REALTlMSHADY has 60 seconds left.\n|inactive|fallen_whimmy has 60 seconds left.\n|\n|t:|1776722308\n|teamsize|p1|4\n|teamsize|p2|4\n|start\n|switch|p1a: Tauros|Tauros-Paldea-Aqua, L50, M|100/100\n|switch|p1b: Aerodactyl|Aerodactyl, L50, M|100/100\n|switch|p2a: Spiritomb|Spiritomb, L50, F|100/100\n|switch|p2b: Milotic|Milotic, L50, M|100/100\n|-ability|p1b: Aerodactyl|Unnerve\n|-ability|p1a: Tauros|Intimidate|boost\n|-unboost|p2a: Spiritomb|atk|1\n|-unboost|p2b: Milotic|atk|1\n|-ability|p2b: Milotic|Competitive|boost\n|-boost|p2b: Milotic|spa|2\n|-ability|p2a: Spiritomb|Pressure\n|turn|1\n|inactive|REALTlMSHADY has 30 seconds left.\n|\n|t:|1776722336\n|move|p1a: Tauros|Protect|p1a: Tauros\n|-singleturn|p1a: Tauros|Protect\n|move|p1b: Aerodactyl|Tailwind|p1b: Aerodactyl\n|-sidestart|p1: REALTlMSHADY|move: Tailwind\n|move|p2b: Milotic|Alluring Voice|p1a: Tauros\n|-activate|p1a: Tauros|move: Protect\n|move|p2a: Spiritomb|Dark Pulse|p1b: Aerodactyl\n|-damage|p1b: Aerodactyl|60/100\n|\n|upkeep\n|turn|2\n|\n|t:|1776722353\n|switch|p1a: Meganium|Meganium, L50, M|100/100\n|move|p2b: Milotic|Protect|p2b: Milotic\n|-singleturn|p2b: Milotic|Protect\n|move|p1b: Aerodactyl|Rock Slide|p2b: Milotic|[spread] \n|-activate|p2b: Milotic|move: Protect\n|-miss|p1b: Aerodactyl|p2a: Spiritomb\n|move|p2a: Spiritomb|Toxic|p1a: Meganium\n|-status|p1a: Meganium|tox\n|\n|-damage|p1a: Meganium|95/100 tox|[from] psn\n|upkeep\n|turn|3\n|inactive|fallen_whimmy has 30 seconds left.\n|\n|t:|1776722384\n|switch|p2b: Skarmory|Skarmory, L50, F|100/100\n|detailschange|p1a: Meganium|Meganium-Mega, L50, M\n|-mega|p1a: Meganium|Meganium|Meganiumite\n|move|p1b: Aerodactyl|Dual Wingbeat|p2b: Skarmory\n|-resisted|p2b: Skarmory|1\n|-damage|p2b: Skarmory|92/100\n|-resisted|p2b: Skarmory|1\n|-damage|p2b: Skarmory|82/100\n|-hitcount|p2b: Skarmory|2\n|move|p1a: Meganium|Dazzling Gleam|p2a: Spiritomb|[spread] p2a,p2b\n|-supereffective|p2a: Spiritomb|1\n|-resisted|p2b: Skarmory|1\n|-damage|p2a: Spiritomb|46/100\n|-damage|p2b: Skarmory|54/100\n|move|p2a: Spiritomb|Dark Pulse|p1b: Aerodactyl\n|-damage|p1b: Aerodactyl|20/100\n|\n|-damage|p1a: Meganium|83/100 tox|[from] psn\n|upkeep\n|turn|4\n|inactive|REALTlMSHADY has 30 seconds left.\n|\n|t:|1776722413\n|detailschange|p2b: Skarmory|Skarmory-Mega, L50, F\n|-mega|p2b: Skarmory|Skarmory|Skarmorite\n|move|p2b: Skarmory|Protect|p2b: Skarmory\n|-singleturn|p2b: Skarmory|Protect\n|move|p2a: Spiritomb|Sucker Punch|p1b: Aerodactyl\n|-damage|p1b: Aerodactyl|0 fnt\n|-enditem|p2a: Spiritomb|Sitrus Berry|[eat]\n|-heal|p2a: Spiritomb|71/100|[from] item: Sitrus Berry\n|faint|p1b: Aerodactyl\n|move|p1a: Meganium|Weather Ball|p2b: Skarmory\n|-activate|p2b: Skarmory|move: Protect\n|\n|-damage|p1a: Meganium|65/100 tox|[from] psn\n|-sideend|p1: REALTlMSHADY|move: Tailwind\n|upkeep\n|\n|t:|1776722431\n|switch|p1b: Archaludon|Archaludon, L50, F|100/100\n|turn|5\n|\n|t:|1776722447\n|switch|p2a: Garchomp|Garchomp, L50, M|100/100\n|move|p1a: Meganium|Protect|p1a: Meganium\n|-singleturn|p1a: Meganium|Protect\n|move|p2b: Skarmory|Iron Head|p1a: Meganium\n|-activate|p1a: Meganium|move: Protect\n|move|p1b: Archaludon|Flash Cannon|p2a: Garchomp\n|-damage|p2a: Garchomp|55/100\n|\n|-damage|p1a: Meganium|42/100 tox|[from] psn\n|upkeep\n|turn|6\n|\n|t:|1776722470\n|move|p2b: Skarmory|Iron Head|p1a: Meganium\n|-supereffective|p1a: Meganium|1\n|-damage|p1a: Meganium|0 fnt\n|faint|p1a: Meganium\n|move|p2a: Garchomp|Earthquake|p1b: Archaludon|[spread] p1b\n|-immune|p2b: Skarmory\n|-supereffective|p1b: Archaludon|1\n|-damage|p1b: Archaludon|34/100\n|move|p1b: Archaludon|Draco Meteor|p2a: Garchomp\n|-supereffective|p2a: Garchomp|1\n|-damage|p2a: Garchomp|0 fnt\n|-unboost|p1b: Archaludon|spa|2\n|faint|p2a: Garchomp\n|\n|upkeep\n|\n|t:|1776722484\n|switch|p2a: Milotic|Milotic, L50, M|100/100\n|switch|p1a: Tauros|Tauros-Paldea-Aqua, L50, M|100/100\n|-ability|p1a: Tauros|Intimidate|boost\n|-unboost|p2a: Milotic|atk|1\n|-ability|p2a: Milotic|Competitive|boost\n|-boost|p2a: Milotic|spa|2\n|-unboost|p2b: Skarmory|atk|1\n|turn|7\n|-message|REALTlMSHADY forfeited.\n|\n|win|fallen_whimmy\n|raw|REALTlMSHADY's rating: 1099 &rarr; <strong>1076</strong><br />(-23 for losing)\n|raw|fallen_whimmy's rating: 1131 &rarr; <strong>1154</strong><br />(+23 for winning)\n|l|\u2606REALTlMSHADY\n|player|p1|\n",
  "uploadtime": 1776722493,
  "views": 4,
  "formatid": "gen9championsvgc2026regma",
  "rating": 1076,
  "private": 0,
  "password": null
}