{
  "id": "gen9championsvgc2026regma-2585480409",
  "format": "[Gen 9 Champions] VGC 2026 Reg M-A",
  "players": [
    "testingtestes123",
    "sergimacaco"
  ],
  "log": "|j|\u2606testingtestes123\n|j|\u2606sergimacaco\n|t:|1776350321\n|gametype|doubles\n|player|p1|testingtestes123|169|1203\n|player|p2|sergimacaco|101|1144\n|gen|9\n|tier|[Gen 9 Champions] VGC 2026 Reg M-A\n|rated|\n|rule|Species Clause: Limit one of each Pok\u00e9mon\n|rule|Item Clause: Limit 1 of each item\n|clearpoke\n|poke|p1|Gengar, L50, M|\n|poke|p1|Incineroar, L50, M|\n|poke|p1|Tyranitar, L50, F|\n|poke|p1|Sinistcha, L50|\n|poke|p1|Kingambit, L50, M|\n|poke|p1|Whimsicott, L50, F|\n|poke|p2|Pelipper, L50, M|\n|poke|p2|Dragonite, L50, F|\n|poke|p2|Sneasler, L50, F|\n|poke|p2|Basculegion, L50, M|\n|poke|p2|Kingambit, L50, M|\n|poke|p2|Sinistcha, L50|\n|teampreview|4\n|n|\u2606testingtestes123|testingtestes123\n|inactive|Battle timer is ON: inactive players will automatically lose when time's up. (requested by testingtestes123)\n|inactive|sergimacaco has 60 seconds left.\n|\n|t:|1776350375\n|teamsize|p1|4\n|teamsize|p2|4\n|start\n|switch|p1a: Gengar|Gengar, L50, M|100/100\n|switch|p1b: Whimsicott|Whimsicott, L50, F|100/100\n|switch|p2a: Dragonite|Dragonite, L50, F|100/100\n|switch|p2b: Sneasler|Sneasler, L50, F|100/100\n|turn|1\n|inactive|sergimacaco has 30 seconds left.\n|inactive|sergimacaco has 20 seconds left.\n|inactive|sergimacaco has 15 seconds left.\n|inactive|sergimacaco has 10 seconds left.\n|inactive|sergimacaco has 5 seconds left.\n|\n|t:|1776350426\n|detailschange|p1a: Gengar|Gengar-Mega, L50, M\n|-mega|p1a: Gengar|Gengar|Gengarite\n|detailschange|p2a: Dragonite|Dragonite-Mega, L50, F\n|-mega|p2a: Dragonite|Dragonite|Dragoninite\n|move|p1b: Whimsicott|Protect|p1b: Whimsicott\n|-singleturn|p1b: Whimsicott|Protect\n|move|p1a: Gengar|Protect|p1a: Gengar\n|-singleturn|p1a: Gengar|Protect\n|move|p2b: Sneasler|Dire Claw|p1b: Whimsicott\n|-activate|p1b: Whimsicott|move: Protect\n|move|p2a: Dragonite|Tailwind|p2a: Dragonite\n|-sidestart|p2: sergimacaco|move: Tailwind\n|\n|upkeep\n|turn|2\n|inactive|sergimacaco has 30 seconds left.\n|inactive|sergimacaco has 20 seconds left.\n|\n|t:|1776350465\n|move|p1b: Whimsicott|Encore|p2a: Dragonite\n|-start|p2a: Dragonite|Encore\n|move|p2b: Sneasler|Throat Chop|p1a: Gengar\n|-supereffective|p1a: Gengar|1\n|-damage|p1a: Gengar|11/100\n|-start|p1a: Gengar|Throat Chop|[silent]\n|move|p2a: Dragonite|Tailwind||[still]\n|-fail|p2a: Dragonite\n|move|p1a: Gengar|Psychic|p2b: Sneasler\n|-supereffective|p2b: Sneasler|2\n|-damage|p2b: Sneasler|0 fnt\n|faint|p2b: Sneasler\n|\n|upkeep\n|\n|t:|1776350477\n|switch|p2b: Basculegion|Basculegion, L50, M|100/100\n|turn|3\n|inactive|sergimacaco has 30 seconds left.\n|inactive|sergimacaco has 20 seconds left.\n|inactive|sergimacaco has 15 seconds left.\n|\n|t:|1776350524\n|move|p2b: Basculegion|Aqua Jet|p1a: Gengar\n|-damage|p1a: Gengar|0 fnt\n|faint|p1a: Gengar\n|move|p1b: Whimsicott|Tailwind|p1b: Whimsicott\n|-sidestart|p1: testingtestes123|move: Tailwind\n|move|p2a: Dragonite|Tailwind||[still]\n|-fail|p2a: Dragonite\n|\n|upkeep\n|\n|t:|1776350540\n|switch|p1a: Incineroar|Incineroar, L50, M|100/100\n|-ability|p1a: Incineroar|Intimidate|boost\n|-unboost|p2a: Dragonite|atk|1\n|-unboost|p2b: Basculegion|atk|1\n|turn|4\n|inactive|sergimacaco has 30 seconds left.\n|\n|t:|1776350566\n|switch|p2a: Pelipper|Pelipper, L50, M|100/100\n|-weather|RainDance|[from] ability: Drizzle|[of] p2a: Pelipper\n|move|p1a: Incineroar|Protect|p1a: Incineroar\n|-singleturn|p1a: Incineroar|Protect\n|move|p1b: Whimsicott|Moonblast|p2b: Basculegion\n|-damage|p2b: Basculegion|59/100\n|move|p2b: Basculegion|Wave Crash|p1a: Incineroar\n|-activate|p1a: Incineroar|move: Protect\n|\n|-weather|RainDance|[upkeep]\n|-sideend|p2: sergimacaco|move: Tailwind\n|upkeep\n|turn|5\n|inactive|testingtestes123 has 30 seconds left.\n|inactive|sergimacaco has 30 seconds left.\n|\n|t:|1776350600\n|switch|p1a: Tyranitar|Tyranitar, L50, F|100/100\n|-weather|Sandstorm|[from] ability: Sand Stream|[of] p1a: Tyranitar\n|move|p2b: Basculegion|Protect|p2b: Basculegion\n|-singleturn|p2b: Basculegion|Protect\n|move|p1b: Whimsicott|Moonblast|p2b: Basculegion\n|-activate|p2b: Basculegion|move: Protect\n|move|p2a: Pelipper|Hurricane|p1b: Whimsicott|[miss]\n|-miss|p2a: Pelipper|p1b: Whimsicott\n|\n|-weather|Sandstorm|[upkeep]\n|-damage|p1b: Whimsicott|95/100|[from] Sandstorm\n|-damage|p2b: Basculegion|53/100|[from] Sandstorm\n|-damage|p2a: Pelipper|95/100|[from] Sandstorm\n|upkeep\n|turn|6\n|inactive|sergimacaco has 30 seconds left.\n|inactive|sergimacaco has 20 seconds left.\n|\n|t:|1776350636\n|move|p2a: Pelipper|Wide Guard|p2a: Pelipper\n|-singleturn|p2a: Pelipper|Wide Guard\n|move|p1b: Whimsicott|Encore|p2b: Basculegion\n|-start|p2b: Basculegion|Encore\n|move|p2b: Basculegion|Protect|p2b: Basculegion\n|-singleturn|p2b: Basculegion|Protect\n|move|p1a: Tyranitar|Rock Slide|p2b: Basculegion|[spread] \n|-activate|p2a: Pelipper|move: Wide Guard\n|-activate|p2b: Basculegion|move: Wide Guard\n|\n|-weather|Sandstorm|[upkeep]\n|-damage|p1b: Whimsicott|89/100|[from] Sandstorm\n|-damage|p2b: Basculegion|48/100|[from] Sandstorm\n|-damage|p2a: Pelipper|89/100|[from] Sandstorm\n|-sideend|p1: testingtestes123|move: Tailwind\n|upkeep\n|turn|7\n|inactive|testingtestes123 has 30 seconds left.\n|inactive|sergimacaco has 30 seconds left.\n|\n|t:|1776350666\n|switch|p1a: Incineroar|Incineroar, L50, M|100/100\n|-ability|p1a: Incineroar|Intimidate|boost\n|-unboost|p2a: Pelipper|atk|1\n|-unboost|p2b: Basculegion|atk|1\n|switch|p2b: Dragonite|Dragonite-Mega, L50, F|100/100\n|move|p1b: Whimsicott|Moonblast|p2a: Pelipper\n|-damage|p2a: Pelipper|38/100\n|move|p2a: Pelipper|Weather Ball|p1a: Incineroar\n|-supereffective|p1a: Incineroar|1\n|-damage|p1a: Incineroar|58/100\n|\n|-weather|Sandstorm|[upkeep]\n|-damage|p1b: Whimsicott|83/100|[from] Sandstorm\n|-damage|p2b: Dragonite|94/100|[from] Sandstorm\n|-damage|p2a: Pelipper|32/100|[from] Sandstorm\n|-damage|p1a: Incineroar|52/100|[from] Sandstorm\n|upkeep\n|turn|8\n|inactive|sergimacaco has 30 seconds left.\n|inactive|sergimacaco has 20 seconds left.\n|inactive|sergimacaco has 15 seconds left.\n|inactive|sergimacaco has 10 seconds left.\n|inactive|sergimacaco has 5 seconds left.\n|\n|t:|1776350716\n|move|p1b: Whimsicott|Protect|p1b: Whimsicott\n|-singleturn|p1b: Whimsicott|Protect\n|move|p2b: Dragonite|Protect|p2b: Dragonite\n|-singleturn|p2b: Dragonite|Protect\n|move|p1a: Incineroar|Protect|p1a: Incineroar\n|-singleturn|p1a: Incineroar|Protect\n|move|p2a: Pelipper|Hurricane|p1b: Whimsicott\n|-activate|p1b: Whimsicott|move: Protect\n|\n|-weather|Sandstorm|[upkeep]\n|-damage|p1b: Whimsicott|77/100|[from] Sandstorm\n|-damage|p2b: Dragonite|88/100|[from] Sandstorm\n|-damage|p2a: Pelipper|26/100|[from] Sandstorm\n|-damage|p1a: Incineroar|46/100|[from] Sandstorm\n|upkeep\n|turn|9\n|inactive|testingtestes123 has 30 seconds left.\n|inactive|sergimacaco has 30 seconds left.\n|\n|t:|1776350748\n|switch|p2a: Basculegion|Basculegion, L50, M|48/100\n|switch|p1a: Tyranitar|Tyranitar, L50, F|100/100\n|move|p1b: Whimsicott|Moonblast|p2b: Dragonite\n|-supereffective|p2b: Dragonite|1\n|-damage|p2b: Dragonite|31/100\n|move|p2b: Dragonite|Tailwind|p2b: Dragonite\n|-sidestart|p2: sergimacaco|move: Tailwind\n|\n|-weather|none\n|upkeep\n|turn|10\n|inactive|testingtestes123 has 30 seconds left.\n|inactive|sergimacaco has 30 seconds left.\n|inactive|testingtestes123 has 20 seconds left.\n|inactive|sergimacaco has 20 seconds left.\n|inactive|sergimacaco has 15 seconds left.\n|inactive|testingtestes123 has 15 seconds left.\n|inactive|sergimacaco has 10 seconds left.\n|inactive|testingtestes123 has 10 seconds left.\n|\n|t:|1776350800\n|switch|p2b: Pelipper|Pelipper, L50, M|26/100\n|-weather|RainDance|[from] ability: Drizzle|[of] p2b: Pelipper\n|switch|p1a: Incineroar|Incineroar, L50, M|46/100\n|-ability|p1a: Incineroar|Intimidate|boost\n|-unboost|p2a: Basculegion|atk|1\n|-unboost|p2b: Pelipper|atk|1\n|move|p2a: Basculegion|Wave Crash|p1a: Incineroar\n|-supereffective|p1a: Incineroar|1\n|-damage|p1a: Incineroar|0 fnt\n|faint|p1a: Incineroar\n|-damage|p2a: Basculegion|33/100|[from] Recoil\n|move|p1b: Whimsicott|Moonblast|p2b: Pelipper\n|-damage|p2b: Pelipper|0 fnt\n|faint|p2b: Pelipper\n|\n|-weather|RainDance|[upkeep]\n|upkeep\n|inactive|sergimacaco has 30 seconds left.\n|\n|t:|1776350819\n|switch|p2b: Dragonite|Dragonite-Mega, L50, F|31/100\n|switch|p1a: Tyranitar|Tyranitar, L50, F|100/100\n|-weather|Sandstorm|[from] ability: Sand Stream|[of] p1a: Tyranitar\n|turn|11\n|inactive|sergimacaco has 30 seconds left this turn.\n|inactive|sergimacaco has 20 seconds left.\n|inactive|sergimacaco has 15 seconds left.\n|inactive|sergimacaco has 10 seconds left.\n|\n|t:|1776350844\n|move|p1b: Whimsicott|Tailwind|p1b: Whimsicott\n|-sidestart|p1: testingtestes123|move: Tailwind\n|move|p1a: Tyranitar|Knock Off|p2a: Basculegion\n|-supereffective|p2a: Basculegion|1\n|-damage|p2a: Basculegion|0 fnt\n|-enditem|p2a: Basculegion|Mystic Water|[from] move: Knock Off|[of] p1a: Tyranitar\n|faint|p2a: Basculegion\n|move|p2b: Dragonite|Hurricane|p1b: Whimsicott|[miss]\n|-miss|p2b: Dragonite|p1b: Whimsicott\n|\n|-weather|Sandstorm|[upkeep]\n|-damage|p1b: Whimsicott|71/100|[from] Sandstorm\n|-damage|p2b: Dragonite|25/100|[from] Sandstorm\n|upkeep\n|turn|12\n|inactive|sergimacaco has 10 seconds left this turn.\n|inactive|sergimacaco has 5 seconds left.\n|\n|t:|1776350859\n|move|p1a: Tyranitar|Knock Off|p2b: Dragonite\n|-damage|p2b: Dragonite|0 fnt\n|faint|p2b: Dragonite\n|\n|win|testingtestes123\n|raw|testingtestes123's rating: 1203 &rarr; <strong>1224</strong><br />(+21 for winning)\n|raw|sergimacaco's rating: 1144 &rarr; <strong>1123</strong><br />(-21 for losing)\n|c|\u2606testingtestes123|gg\n|l|\u2606sergimacaco\n|player|p2|\n",
  "uploadtime": 1776350870,
  "views": 20,
  "formatid": "gen9championsvgc2026regma",
  "rating": 1123,
  "private": 0,
  "password": null
}