{
  "id": "gen9championsvgc2026regma-2586062656",
  "format": "[Gen 9 Champions] VGC 2026 Reg M-A",
  "players": [
    "leonidas9549",
    "Dr.Aero"
  ],
  "log": "|j|\u2606leonidas9549\n|j|\u2606Dr.Aero\n|t:|1776395035\n|gametype|doubles\n|player|p1|leonidas9549|265|1036\n|player|p2|Dr.Aero|camper|1000\n|gen|9\n|tier|[Gen 9 Champions] VGC 2026 Reg M-A\n|rated|\n|rule|Species Clause: Limit one of each Pok\u00e9mon\n|rule|Item Clause: Limit 1 of each item\n|clearpoke\n|poke|p1|Dragonite, L50, F|\n|poke|p1|Incineroar, L50, M|\n|poke|p1|Sinistcha-Masterpiece, L50|\n|poke|p1|Basculegion-F, L50, F|\n|poke|p1|Pelipper, L50, F|\n|poke|p1|Greninja-*, L50, M|\n|poke|p2|Froslass, L50, F|\n|poke|p2|Beartic, L50, M|\n|poke|p2|Volcarona, L50, F|\n|poke|p2|Rotom-Wash, L50|\n|poke|p2|Whimsicott, L50, M|\n|poke|p2|Glimmora, L50, M|\n|teampreview|4\n|inactive|Battle timer is ON: inactive players will automatically lose when time's up. (requested by Dr.Aero)\n|\n|t:|1776395060\n|teamsize|p1|4\n|teamsize|p2|4\n|start\n|switch|p1a: Incineroar|Incineroar, L50, M|100/100\n|switch|p1b: Greninja|Greninja, L50, M|100/100\n|switch|p2a: Beartic|Beartic, L50, M|100/100\n|switch|p2b: Whimsicott|Whimsicott, L50, M|100/100\n|-ability|p1a: Incineroar|Intimidate|boost\n|-unboost|p2a: Beartic|atk|1\n|-unboost|p2b: Whimsicott|atk|1\n|-enditem|p2a: Beartic|White Herb\n|-clearnegativeboost|p2a: Beartic|[silent]\n|turn|1\n|\n|t:|1776395070\n|move|p2b: Whimsicott|Protect|p2b: Whimsicott\n|-singleturn|p2b: Whimsicott|Protect\n|move|p2a: Beartic|Protect|p2a: Beartic\n|-singleturn|p2a: Beartic|Protect\n|move|p1b: Greninja|Sludge Wave|p2a: Beartic|[spread] p1a\n|-start|p1b: Greninja|typechange|Poison|[from] ability: Protean\n|-activate|p2a: Beartic|move: Protect\n|-activate|p2b: Whimsicott|move: Protect\n|-damage|p1a: Incineroar|75/100\n|move|p1a: Incineroar|Flare Blitz|p2b: Whimsicott\n|-activate|p2b: Whimsicott|move: Protect\n|\n|upkeep\n|turn|2\n|inactive|leonidas9549 has 30 seconds left.\n|inactive|Dr.Aero has 30 seconds left.\n|\n|t:|1776395101\n|move|p2b: Whimsicott|Tailwind|p2b: Whimsicott\n|-sidestart|p2: Dr.Aero|move: Tailwind\n|move|p2a: Beartic|Liquidation|p1a: Incineroar\n|-supereffective|p1a: Incineroar|1\n|-damage|p1a: Incineroar|29/100\n|move|p1b: Greninja|Ice Beam|p2b: Whimsicott\n|-supereffective|p2b: Whimsicott|1\n|-damage|p2b: Whimsicott|13/100\n|move|p1a: Incineroar|Flare Blitz|p2b: Whimsicott\n|-supereffective|p2b: Whimsicott|1\n|-damage|p2b: Whimsicott|0 fnt\n|faint|p2b: Whimsicott\n|-damage|p1a: Incineroar|26/100|[from] Recoil\n|\n|upkeep\n|\n|t:|1776395106\n|switch|p2b: Rotom|Rotom-Wash, L50, shiny|100/100\n|turn|3\n|\n|t:|1776395126\n|move|p2b: Rotom|Hydro Pump|p1a: Incineroar\n|-supereffective|p1a: Incineroar|1\n|-damage|p1a: Incineroar|0 fnt\n|faint|p1a: Incineroar\n|move|p2a: Beartic|Icicle Crash|p1b: Greninja|[miss]\n|-miss|p2a: Beartic|p1b: Greninja\n|move|p1b: Greninja|Dark Pulse|p2a: Beartic\n|-damage|p2a: Beartic|70/100\n|\n|upkeep\n|\n|t:|1776395138\n|switch|p1a: Pelipper|Pelipper, L50, F|100/100\n|-weather|RainDance|[from] ability: Drizzle|[of] p1a: Pelipper\n|turn|4\n|inactive|Dr.Aero has 30 seconds left.\n|inactive|Dr.Aero has 20 seconds left.\n|\n|t:|1776395176\n|detailschange|p1b: Greninja|Greninja-Mega, L50, M\n|-mega|p1b: Greninja|Greninja|Greninjite\n|move|p1a: Pelipper|Protect|p1a: Pelipper\n|-singleturn|p1a: Pelipper|Protect\n|move|p2b: Rotom|Volt Switch|p1a: Pelipper\n|-activate|p1a: Pelipper|move: Protect\n|move|p1b: Greninja|Sludge Wave|p2a: Beartic|[spread] p2a,p2b\n|-start|p1b: Greninja|typechange|Poison|[from] ability: Protean\n|-activate|p1a: Pelipper|move: Protect\n|-crit|p2a: Beartic\n|-damage|p2a: Beartic|0 fnt\n|-damage|p2b: Rotom|62/100\n|faint|p2a: Beartic\n|\n|-weather|RainDance|[upkeep]\n|upkeep\n|\n|t:|1776395181\n|switch|p2a: Froslass|Froslass, L50, F|100/100\n|turn|5\n|\n|t:|1776395202\n|detailschange|p2a: Froslass|Froslass-Mega, L50, F\n|-mega|p2a: Froslass|Froslass|Froslassite\n|-weather|Snowscape|[from] ability: Snow Warning|[of] p2a: Froslass\n|move|p1a: Pelipper|Helping Hand|p1b: Greninja\n|-singleturn|p1b: Greninja|Helping Hand|[of] p1a: Pelipper\n|move|p2a: Froslass|Blizzard|p1b: Greninja|[spread] p1a,p1b\n|-damage|p1a: Pelipper|17/100\n|-damage|p1b: Greninja|35/100\n|move|p2b: Rotom|Electroweb|p1a: Pelipper|[spread] p1a,p1b\n|-supereffective|p1a: Pelipper|2\n|-damage|p1a: Pelipper|0 fnt\n|-damage|p1b: Greninja|8/100\n|-unboost|p1b: Greninja|spe|1\n|faint|p1a: Pelipper\n|move|p1b: Greninja|Sludge Wave|p2a: Froslass|[spread] p2a,p2b\n|-resisted|p2a: Froslass|1\n|-damage|p2a: Froslass|67/100\n|-damage|p2b: Rotom|0 fnt\n|faint|p2b: Rotom\n|\n|-weather|Snowscape|[upkeep]\n|-sideend|p2: Dr.Aero|move: Tailwind\n|upkeep\n|\n|t:|1776395223\n|switch|p1a: Dragonite|Dragonite, L50, F|100/100\n|turn|6\n|\n|t:|1776395236\n|move|p1b: Greninja|Water Shuriken|p2a: Froslass\n|-damage|p2a: Froslass|60/100\n|-damage|p2a: Froslass|53/100\n|-hitcount|p2a: Froslass|2\n|move|p2a: Froslass|Blizzard|p1b: Greninja|[spread] p1a,p1b\n|-supereffective|p1a: Dragonite|2\n|-damage|p1a: Dragonite|5/100\n|-damage|p1b: Greninja|0 fnt\n|faint|p1b: Greninja\n|move|p1a: Dragonite|Dragon Pulse|p2a: Froslass\n|-damage|p2a: Froslass|3/100\n|\n|-weather|Snowscape|[upkeep]\n|upkeep\n|turn|7\n|\n|t:|1776395248\n|move|p2a: Froslass|Blizzard|p1a: Dragonite\n|-supereffective|p1a: Dragonite|2\n|-damage|p1a: Dragonite|0 fnt\n|faint|p1a: Dragonite\n|\n|win|Dr.Aero\n|raw|leonidas9549's rating: 1036 &rarr; <strong>1019</strong><br />(-17 for losing)\n|raw|Dr.Aero's rating: 1000 &rarr; <strong>1044</strong><br />(+44 for winning)\n|l|\u2606leonidas9549\n|player|p1|\n",
  "uploadtime": 1776395251,
  "views": 15,
  "formatid": "gen9championsvgc2026regma",
  "rating": 1019,
  "private": 0,
  "password": null
}