{
  "id": "gen9championsvgc2026regma-2588581154",
  "format": "[Gen 9 Champions] VGC 2026 Reg M-A",
  "players": [
    "artur05",
    "CarajilloMan"
  ],
  "log": "|j|\u2606artur05\n|j|\u2606CarajilloMan\n|t:|1776647063\n|gametype|doubles\n|player|p1|artur05|lance|1416\n|player|p2|CarajilloMan|ninjaboy|1469\n|gen|9\n|tier|[Gen 9 Champions] VGC 2026 Reg M-A\n|rated|\n|rule|Species Clause: Limit one of each Pok\u00e9mon\n|rule|Item Clause: Limit 1 of each item\n|clearpoke\n|poke|p1|Excadrill, L50, M|\n|poke|p1|Rotom-Wash, L50|\n|poke|p1|Zoroark-Hisui, L50, F|\n|poke|p1|Talonflame, L50, M|\n|poke|p1|Sneasler, L50, M|\n|poke|p1|Incineroar, L50, F|\n|poke|p2|Froslass, L50, F|\n|poke|p2|Milotic, L50, F|\n|poke|p2|Ninetales-Alola, L50, F|\n|poke|p2|Excadrill, L50, F|\n|poke|p2|Incineroar, L50, F|\n|poke|p2|Corviknight, L50, F|\n|teampreview|4\n|j| Wiselugia\n|inactive|Battle timer is ON: inactive players will automatically lose when time's up. (requested by CarajilloMan)\n|\n|t:|1776647146\n|teamsize|p1|4\n|teamsize|p2|4\n|start\n|switch|p1a: Sneasler|Sneasler, L50, M|100/100\n|switch|p1b: Incineroar|Incineroar, L50, F|100/100\n|switch|p2a: Milotic|Milotic, L50, F|100/100\n|switch|p2b: Excadrill|Excadrill, L50, F|100/100\n|-ability|p2b: Excadrill|Mold Breaker\n|-ability|p1b: Incineroar|Intimidate|boost\n|-unboost|p2a: Milotic|atk|1\n|-ability|p2a: Milotic|Competitive|boost\n|-boost|p2a: Milotic|spa|2\n|-unboost|p2b: Excadrill|atk|1\n|turn|1\n|\n|t:|1776647161\n|switch|p2b: Corviknight|Corviknight, L50, F|100/100\n|switch|p1b: Rotom|Rotom-Wash, L50|100/100\n|move|p2a: Milotic|Protect|p2a: Milotic\n|-singleturn|p2a: Milotic|Protect\n|move|p1a: Sneasler|Close Combat|p2b: Corviknight\n|-damage|p2b: Corviknight|63/100\n|-unboost|p1a: Sneasler|def|1\n|-unboost|p1a: Sneasler|spd|1\n|-enditem|p1a: Sneasler|White Herb\n|-clearnegativeboost|p1a: Sneasler|[silent]\n|\n|upkeep\n|turn|2\n|\n|t:|1776647175\n|move|p1a: Sneasler|Protect|p1a: Sneasler\n|-singleturn|p1a: Sneasler|Protect\n|move|p2a: Milotic|Scald|p1a: Sneasler\n|-activate|p1a: Sneasler|move: Protect\n|move|p1b: Rotom|Thunderbolt|p2a: Milotic\n|-supereffective|p2a: Milotic|1\n|-damage|p2a: Milotic|37/100\n|-enditem|p2a: Milotic|Sitrus Berry|[eat]\n|-heal|p2a: Milotic|62/100|[from] item: Sitrus Berry\n|move|p2b: Corviknight|Tailwind|p2b: Corviknight\n|-sidestart|p2: CarajilloMan|move: Tailwind\n|\n|upkeep\n|turn|3\n|\n|t:|1776647194\n|move|p2a: Milotic|Protect|p2a: Milotic\n|-singleturn|p2a: Milotic|Protect\n|move|p1a: Sneasler|Close Combat|p2a: Milotic\n|-activate|p2a: Milotic|move: Protect\n|move|p2b: Corviknight|Brave Bird|p1a: Sneasler\n|-supereffective|p1a: Sneasler|1\n|-damage|p1a: Sneasler|0 fnt\n|faint|p1a: Sneasler\n|-damage|p2b: Corviknight|38/100|[from] Recoil\n|move|p1b: Rotom|Thunderbolt|p2b: Corviknight\n|-supereffective|p2b: Corviknight|1\n|-damage|p2b: Corviknight|0 fnt\n|faint|p2b: Corviknight\n|\n|upkeep\n|\n|t:|1776647213\n|switch|p1a: Excadrill|Excadrill, L50, M|100/100\n|switch|p2b: Excadrill|Excadrill, L50, F|100/100\n|-ability|p2b: Excadrill|Mold Breaker\n|-ability|p1a: Excadrill|Mold Breaker\n|turn|4\n|inactive|artur05 has 30 seconds left.\n|\n|t:|1776647239\n|switch|p1a: Incineroar|Incineroar, L50, F|100/100\n|-ability|p1a: Incineroar|Intimidate|boost\n|-unboost|p2a: Milotic|atk|1\n|-ability|p2a: Milotic|Competitive|boost\n|-boost|p2a: Milotic|spa|2\n|-unboost|p2b: Excadrill|atk|1\n|move|p2b: Excadrill|High Horsepower|p1b: Rotom\n|-supereffective|p1b: Rotom|1\n|-damage|p1b: Rotom|26/100\n|-enditem|p1b: Rotom|Sitrus Berry|[eat]\n|-heal|p1b: Rotom|51/100|[from] item: Sitrus Berry\n|move|p2a: Milotic|Scald|p1a: Incineroar\n|-supereffective|p1a: Incineroar|1\n|-damage|p1a: Incineroar|0 fnt\n|faint|p1a: Incineroar\n|move|p1b: Rotom|Thunderbolt|p2a: Milotic\n|-supereffective|p2a: Milotic|1\n|-damage|p2a: Milotic|0 fnt\n|faint|p2a: Milotic\n|\n|upkeep\n|\n|t:|1776647257\n|switch|p2a: Froslass|Froslass, L50, F|100/100\n|switch|p1a: Excadrill|Excadrill, L50, M|100/100\n|-ability|p1a: Excadrill|Mold Breaker\n|turn|5\n|\n|t:|1776647275\n|detailschange|p2a: Froslass|Froslass-Mega, L50, F\n|-mega|p2a: Froslass|Froslass|Froslassite\n|-weather|Snowscape|[from] ability: Snow Warning|[of] p2a: Froslass\n|detailschange|p1a: Excadrill|Excadrill-Mega, L50, M\n|-mega|p1a: Excadrill|Excadrill|Excadrite\n|move|p2a: Froslass|Nasty Plot|p2a: Froslass\n|-boost|p2a: Froslass|spa|2\n|move|p2b: Excadrill|High Horsepower|p1b: Rotom\n|-supereffective|p1b: Rotom|1\n|-damage|p1b: Rotom|0 fnt\n|faint|p1b: Rotom\n|move|p1a: Excadrill|Iron Head|p2a: Froslass\n|-supereffective|p2a: Froslass|1\n|-damage|p2a: Froslass|0 fnt\n|faint|p2a: Froslass\n|\n|-weather|Snowscape|[upkeep]\n|-sideend|p2: CarajilloMan|move: Tailwind\n|upkeep\n|turn|6\n|-message|CarajilloMan forfeited.\n|\n|win|artur05\n|raw|artur05's rating: 1416 &rarr; <strong>1439</strong><br />(+23 for winning)\n|raw|CarajilloMan's rating: 1469 &rarr; <strong>1446</strong><br />(-23 for losing)\n|l|\u2606CarajilloMan\n|player|p2|\n",
  "uploadtime": 1776647348,
  "views": 9,
  "formatid": "gen9championsvgc2026regma",
  "rating": 1439,
  "private": 0,
  "password": null
}