{
  "id": "gen9championsvgc2026regma-2589453421",
  "format": "[Gen 9 Champions] VGC 2026 Reg M-A",
  "players": [
    "scolipede44",
    "william will"
  ],
  "log": "|j|\u2606scolipede44\n|j|\u2606william will\n|t:|1776724303\n|gametype|doubles\n|player|p1|scolipede44|marshal|1040\n|player|p2|william will|2|1012\n|gen|9\n|tier|[Gen 9 Champions] VGC 2026 Reg M-A\n|rated|\n|rule|Species Clause: Limit one of each Pok\u00e9mon\n|rule|Item Clause: Limit 1 of each item\n|clearpoke\n|poke|p1|Noivern, L50, M|\n|poke|p1|Dragapult, L50, M|\n|poke|p1|Incineroar, L50, M|\n|poke|p1|Lucario, L50, M|\n|poke|p1|Sinistcha, L50|\n|poke|p1|Milotic, L50, M|\n|poke|p2|Scovillain, L50, F|\n|poke|p2|Milotic, L50, M|\n|poke|p2|Zoroark-Hisui, L50, M|\n|poke|p2|Tyranitar, L50, F|\n|poke|p2|Basculegion, L50, M|\n|poke|p2|Sneasler, L50, M|\n|teampreview|4\n|inactive|Battle timer is ON: inactive players will automatically lose when time's up. (requested by william will)\n|inactive|scolipede44 also wants the timer to be on.\n|c|\u2606scolipede44|glhf\n|c|\u2606scolipede44|first time trying vgc\n|c|\u2606scolipede44|so dont expect someone experienced lol\n|inactive|scolipede44 has 60 seconds left.\n|inactive|william will has 60 seconds left.\n|\n|t:|1776724341\n|teamsize|p1|4\n|teamsize|p2|4\n|start\n|switch|p1a: Noivern|Noivern, L50, M|100/100\n|switch|p1b: Dragapult|Dragapult, L50, M|100/100\n|switch|p2a: Milotic|Milotic, L50, M|100/100\n|switch|p2b: Tyranitar|Tyranitar, L50, F|100/100\n|-item|p2a: Milotic|Lum Berry|[from] ability: Frisk|[of] p1a: Noivern\n|-item|p2b: Tyranitar|Colbur Berry|[from] ability: Frisk|[of] p1a: Noivern\n|turn|1\n|\n|t:|1776724351\n|move|p1b: Dragapult|Protect|p1b: Dragapult\n|-singleturn|p1b: Dragapult|Protect\n|move|p1a: Noivern|Tailwind|p1a: Noivern\n|-sidestart|p1: scolipede44|move: Tailwind\n|move|p2b: Tyranitar|Shadow Ball|p1b: Dragapult\n|-activate|p1b: Dragapult|move: Protect\n|move|p2a: Milotic|Ice Beam|p1a: Noivern\n|-supereffective|p1a: Noivern|2\n|-enditem|p1a: Noivern|Focus Sash\n|-damage|p1a: Noivern|1/100\n|\n|upkeep\n|turn|2\n|\n|t:|1776724367\n|switch|p2b: Tyranitar|Tyranitar, L50, F|100/100\n|-weather|Sandstorm|[from] ability: Sand Stream|[of] p2b: Tyranitar\n|move|p1b: Dragapult|Draco Meteor|p2b: Tyranitar\n|-damage|p2b: Tyranitar|59/100\n|-unboost|p1b: Dragapult|spa|2\n|move|p1a: Noivern|Dragon Cheer|p1b: Dragapult\n|-start|p1b: Dragapult|move: Dragon Cheer\n|move|p2a: Milotic|Ice Beam|p1a: Noivern\n|-supereffective|p1a: Noivern|2\n|-damage|p1a: Noivern|0 fnt\n|faint|p1a: Noivern\n|\n|-weather|Sandstorm|[upkeep]\n|-damage|p1b: Dragapult|94/100|[from] Sandstorm\n|-damage|p2a: Milotic|95/100|[from] Sandstorm\n|upkeep\n|\n|t:|1776724381\n|switch|p1a: Lucario|Lucario, L50, M|100/100\n|turn|3\n|\n|t:|1776724395\n|switch|p2b: Tyranitar|Tyranitar, L50, F|100/100\n|detailschange|p1a: Lucario|Lucario-Mega, L50, M\n|-mega|p1a: Lucario|Lucario|Lucarionite\n|move|p1b: Dragapult|Draco Meteor|p2b: Tyranitar\n|-crit|p2b: Tyranitar\n|-damage|p2b: Tyranitar|0 fnt\n|-unboost|p1b: Dragapult|spa|2\n|replace|p2b: Zoroark|Zoroark-Hisui, L50, M\n|-end|p2b: Zoroark|Illusion\n|faint|p2b: Zoroark\n|move|p1a: Lucario|Swords Dance|p1a: Lucario\n|-boost|p1a: Lucario|atk|2\n|move|p2a: Milotic|Ice Beam|p1b: Dragapult\n|-supereffective|p1b: Dragapult|1\n|-damage|p1b: Dragapult|38/100\n|\n|-weather|Sandstorm|[upkeep]\n|-damage|p1b: Dragapult|32/100|[from] Sandstorm\n|-damage|p2a: Milotic|89/100|[from] Sandstorm\n|upkeep\n|\n|t:|1776724405\n|switch|p2b: Scovillain|Scovillain, L50, F|100/100\n|turn|4\n|\n|t:|1776724413\n|detailschange|p2b: Scovillain|Scovillain-Mega, L50, F\n|-mega|p2b: Scovillain|Scovillain|Scovillainite\n|move|p1a: Lucario|Extreme Speed|p2a: Milotic\n|-damage|p2a: Milotic|39/100\n|move|p2b: Scovillain|Rage Powder|p2b: Scovillain\n|-singleturn|p2b: Scovillain|move: Rage Powder\n|move|p1b: Dragapult|Shadow Ball|p2b: Scovillain\n|-crit|p2b: Scovillain\n|-damage|p2b: Scovillain|40/100\n|-status|p1b: Dragapult|brn|[from] ability: Spicy Spray|[of] p2b: Scovillain\n|move|p2a: Milotic|Ice Beam|p1b: Dragapult\n|-supereffective|p1b: Dragapult|1\n|-damage|p1b: Dragapult|0 fnt\n|faint|p1b: Dragapult\n|\n|-weather|Sandstorm|[upkeep]\n|-damage|p2a: Milotic|34/100|[from] Sandstorm\n|-damage|p2b: Scovillain|35/100|[from] Sandstorm\n|-sideend|p1: scolipede44|move: Tailwind\n|upkeep\n|\n|t:|1776724425\n|switch|p1b: Milotic|Milotic, L50, M|100/100\n|turn|5\n|\n|t:|1776724432\n|move|p1a: Lucario|Extreme Speed|p2a: Milotic\n|-damage|p2a: Milotic|0 fnt\n|faint|p2a: Milotic\n|move|p2b: Scovillain|Rage Powder|p2b: Scovillain\n|-singleturn|p2b: Scovillain|move: Rage Powder\n|move|p1b: Milotic|Scald|p2b: Scovillain\n|-crit|p2b: Scovillain\n|-damage|p2b: Scovillain|0 fnt\n|-status|p1b: Milotic|brn|[from] ability: Spicy Spray|[of] p2b: Scovillain\n|faint|p2b: Scovillain\n|\n|-weather|Sandstorm|[upkeep]\n|-damage|p1b: Milotic|95/100 brn|[from] Sandstorm\n|-heal|p1b: Milotic|100/100 brn|[from] item: Leftovers\n|-damage|p1b: Milotic|95/100 brn|[from] brn\n|upkeep\n|-message|william will forfeited.\n|\n|win|scolipede44\n|raw|scolipede44's rating: 1040 &rarr; <strong>1071</strong><br />(+31 for winning)\n|raw|william will's rating: 1012 &rarr; <strong>1001</strong><br />(-11 for losing)\n|l|\u2606william will\n|player|p2|\n",
  "uploadtime": 1776724448,
  "views": 4,
  "formatid": "gen9championsvgc2026regma",
  "rating": 1001,
  "private": 0,
  "password": null
}