{
  "id": "gen9championsvgc2026regma-2581452557",
  "format": "[Gen 9 Champions] VGC 2026 Reg M-A",
  "players": [
    "wemore",
    "asd4g"
  ],
  "log": "|j|\u2606wemore\n|j|\u2606asd4g\n|t:|1776001836\n|gametype|doubles\n|player|p1|wemore|170|1170\n|player|p2|asd4g|169|1086\n|gen|9\n|tier|[Gen 9 Champions] VGC 2026 Reg M-A\n|rated|\n|rule|Species Clause: Limit one of each Pok\u00e9mon\n|rule|Item Clause: Limit 1 of each item\n|clearpoke\n|poke|p1|Charizard, L50, M|\n|poke|p1|Venusaur, L50, F|\n|poke|p1|Whimsicott, L50, F|\n|poke|p1|Incineroar, L50, M|\n|poke|p1|Kingambit, L50, F|\n|poke|p1|Garchomp, L50, F|\n|poke|p2|Pelipper, L50, F|\n|poke|p2|Blastoise, L50, M|\n|poke|p2|Alcremie-Mint-Cream, L50, F|\n|poke|p2|Archaludon, L50, M|\n|poke|p2|Meganium, L50, F|\n|poke|p2|Sneasler, L50, M|\n|teampreview|4\n|inactive|Battle timer is ON: inactive players will automatically lose when time's up. (requested by wemore)\n|inactive|wemore has 60 seconds left.\n|\n|t:|1776001883\n|teamsize|p1|4\n|teamsize|p2|4\n|start\n|switch|p1a: Charizard|Charizard, L50, M|100/100\n|switch|p1b: Whimsicott|Whimsicott, L50, F|100/100\n|switch|p2a: Blastoise|Blastoise, L50, M, shiny|100/100\n|switch|p2b: Alcremie|Alcremie-Mint-Cream, L50, F|100/100\n|turn|1\n|inactive|wemore has 30 seconds left.\n|\n|t:|1776001916\n|detailschange|p1a: Charizard|Charizard-Mega-Y, L50, M\n|-mega|p1a: Charizard|Charizard|Charizardite Y\n|-weather|SunnyDay|[from] ability: Drought|[of] p1a: Charizard\n|move|p2a: Blastoise|Protect|p2a: Blastoise\n|-singleturn|p2a: Blastoise|Protect\n|move|p1b: Whimsicott|Fake Tears|p2a: Blastoise\n|-activate|p2a: Blastoise|move: Protect\n|move|p1a: Charizard|Heat Wave|p2a: Blastoise|[spread] p2b\n|-activate|p2a: Blastoise|move: Protect\n|-damage|p2b: Alcremie|51/100\n|move|p2b: Alcremie|Decorate|p2a: Blastoise\n|-boost|p2a: Blastoise|atk|2\n|-boost|p2a: Blastoise|spa|2\n|\n|-weather|SunnyDay|[upkeep]\n|upkeep\n|turn|2\n|inactive|wemore has 30 seconds left.\n|inactive|wemore has 20 seconds left.\n|\n|t:|1776001955\n|switch|p1a: Venusaur|Venusaur, L50, F|100/100\n|switch|p2b: Pelipper|Pelipper, L50, F, shiny|100/100\n|-weather|RainDance|[from] ability: Drizzle|[of] p2b: Pelipper\n|detailschange|p2a: Blastoise|Blastoise-Mega, L50, M, shiny\n|-mega|p2a: Blastoise|Blastoise|Blastoisinite\n|move|p1b: Whimsicott|Tailwind|p1b: Whimsicott\n|-sidestart|p1: wemore|move: Tailwind\n|move|p2a: Blastoise|Water Spout|p1a: Venusaur|[spread] p1a,p1b\n|-resisted|p1a: Venusaur|1\n|-resisted|p1b: Whimsicott|1\n|-damage|p1a: Venusaur|6/100\n|-enditem|p1b: Whimsicott|Focus Sash\n|-damage|p1b: Whimsicott|1/100\n|\n|-weather|RainDance|[upkeep]\n|-heal|p1a: Venusaur|11/100|[from] item: Leftovers\n|upkeep\n|turn|3\n|inactive|wemore has 30 seconds left.\n|inactive|wemore has 20 seconds left.\n|inactive|wemore has 15 seconds left.\n|\n|t:|1776001997\n|switch|p1b: Charizard|Charizard-Mega-Y, L50, M|100/100\n|-weather|SunnyDay|[from] ability: Drought|[of] p1b: Charizard\n|move|p2a: Blastoise|Protect|p2a: Blastoise\n|-singleturn|p2a: Blastoise|Protect\n|move|p1a: Venusaur|Energy Ball|p2a: Blastoise\n|-activate|p2a: Blastoise|move: Protect\n|move|p2b: Pelipper|Tailwind|p2b: Pelipper\n|-sidestart|p2: asd4g|move: Tailwind\n|\n|-weather|SunnyDay|[upkeep]\n|-heal|p1a: Venusaur|17/100|[from] item: Leftovers\n|upkeep\n|turn|4\n|inactive|asd4g has 30 seconds left.\n|inactive|asd4g has 20 seconds left.\n|inactive|asd4g has 15 seconds left.\n|inactive|asd4g has 10 seconds left.\n|\n|t:|1776002044\n|move|p2b: Pelipper|Wide Guard|p2b: Pelipper\n|-singleturn|p2b: Pelipper|Wide Guard\n|move|p1a: Venusaur|Energy Ball|p2a: Blastoise\n|-supereffective|p2a: Blastoise|1\n|-damage|p2a: Blastoise|18/100\n|-unboost|p2a: Blastoise|spd|1\n|move|p1b: Charizard|Heat Wave|p2b: Pelipper|[spread] \n|-activate|p2a: Blastoise|move: Wide Guard\n|-activate|p2b: Pelipper|move: Wide Guard\n|move|p2a: Blastoise|Water Spout|p1a: Venusaur|[spread] p1a,p1b\n|-resisted|p1a: Venusaur|1\n|-supereffective|p1b: Charizard|1\n|-damage|p1a: Venusaur|11/100\n|-damage|p1b: Charizard|80/100\n|\n|-weather|SunnyDay|[upkeep]\n|-heal|p1a: Venusaur|17/100|[from] item: Leftovers\n|upkeep\n|turn|5\n|\n|t:|1776002065\n|switch|p2b: Alcremie|Alcremie-Mint-Cream, L50, F|51/100\n|move|p2a: Blastoise|Protect|p2a: Blastoise\n|-singleturn|p2a: Blastoise|Protect\n|move|p1a: Venusaur|Energy Ball|p2a: Blastoise\n|-activate|p2a: Blastoise|move: Protect\n|move|p1b: Charizard|Solar Beam||[still]\n|-prepare|p1b: Charizard|Solar Beam\n|-anim|p1b: Charizard|Solar Beam|p2b: Alcremie\n|-crit|p2b: Alcremie\n|-damage|p2b: Alcremie|0 fnt\n|faint|p2b: Alcremie\n|\n|-weather|SunnyDay|[upkeep]\n|-heal|p1a: Venusaur|23/100|[from] item: Leftovers\n|-sideend|p1: wemore|move: Tailwind\n|upkeep\n|\n|t:|1776002082\n|switch|p2b: Pelipper|Pelipper, L50, F, shiny|100/100\n|-weather|RainDance|[from] ability: Drizzle|[of] p2b: Pelipper\n|turn|6\n|inactive|wemore has 30 seconds left.\n|inactive|wemore has 20 seconds left.\n|\n|t:|1776002119\n|switch|p1b: Garchomp|Garchomp, L50, F|100/100\n|switch|p1a: Whimsicott|Whimsicott, L50, F|1/100\n|move|p2a: Blastoise|Water Spout|p1b: Garchomp|[spread] p1a,p1b\n|-resisted|p1a: Whimsicott|1\n|-damage|p1a: Whimsicott|0 fnt\n|-damage|p1b: Garchomp|64/100\n|faint|p1a: Whimsicott\n|move|p2b: Pelipper|Hurricane|p1b: Garchomp\n|-damage|p1b: Garchomp|23/100\n|-start|p1b: Garchomp|confusion\n|\n|-weather|RainDance|[upkeep]\n|-sideend|p2: asd4g|move: Tailwind\n|upkeep\n|\n|t:|1776002134\n|switch|p1a: Charizard|Charizard-Mega-Y, L50, M|80/100\n|-weather|SunnyDay|[from] ability: Drought|[of] p1a: Charizard\n|turn|7\n|inactive|asd4g has 30 seconds left.\n|inactive|asd4g has 20 seconds left.\n|inactive|asd4g has 15 seconds left.\n|inactive|asd4g has 10 seconds left.\n|\n|t:|1776002183\n|move|p2a: Blastoise|Protect|p2a: Blastoise\n|-singleturn|p2a: Blastoise|Protect\n|-activate|p1b: Garchomp|confusion\n|move|p1b: Garchomp|Rock Slide|p2a: Blastoise|[spread] p2b\n|-activate|p2a: Blastoise|move: Protect\n|-supereffective|p2b: Pelipper|1\n|-damage|p2b: Pelipper|60/100\n|move|p1a: Charizard|Solar Beam||[still]\n|-prepare|p1a: Charizard|Solar Beam\n|-anim|p1a: Charizard|Solar Beam|p2a: Blastoise\n|-activate|p2a: Blastoise|move: Protect\n|move|p2b: Pelipper|Tailwind|p2b: Pelipper\n|-sidestart|p2: asd4g|move: Tailwind\n|\n|-weather|SunnyDay|[upkeep]\n|upkeep\n|turn|8\n|inactive|wemore has 30 seconds left.\n|inactive|asd4g has 30 seconds left.\n|inactive|wemore has 20 seconds left.\n|\n|t:|1776002223\n|switch|p1a: Venusaur|Venusaur, L50, F|23/100\n|move|p2b: Pelipper|Wide Guard|p2b: Pelipper\n|-singleturn|p2b: Pelipper|Wide Guard\n|move|p2a: Blastoise|Dragon Pulse|p1a: Venusaur\n|-damage|p1a: Venusaur|0 fnt\n|faint|p1a: Venusaur\n|-end|p1b: Garchomp|confusion\n|move|p1b: Garchomp|Rock Slide|p2a: Blastoise|[spread] \n|-activate|p2a: Blastoise|move: Wide Guard\n|-activate|p2b: Pelipper|move: Wide Guard\n|\n|-weather|SunnyDay|[upkeep]\n|upkeep\n|\n|t:|1776002227\n|switch|p1a: Charizard|Charizard-Mega-Y, L50, M|80/100\n|turn|9\n|\n|t:|1776002251\n|move|p2b: Pelipper|Wide Guard|p2b: Pelipper\n|-singleturn|p2b: Pelipper|Wide Guard\n|move|p2a: Blastoise|Dragon Pulse|p1a: Charizard\n|-damage|p1a: Charizard|0 fnt\n|faint|p1a: Charizard\n|move|p1b: Garchomp|Dragon Claw|p2b: Pelipper\n|-damage|p2b: Pelipper|18/100\n|\n|-weather|SunnyDay|[upkeep]\n|upkeep\n|turn|10\n|\n|t:|1776002264\n|move|p1b: Garchomp|Protect|p1b: Garchomp\n|-singleturn|p1b: Garchomp|Protect\n|move|p2a: Blastoise|Dragon Pulse|p1b: Garchomp\n|-activate|p1b: Garchomp|move: Protect\n|move|p2b: Pelipper|Hurricane|p1b: Garchomp\n|-activate|p1b: Garchomp|move: Protect\n|\n|-weather|SunnyDay|[upkeep]\n|-sideend|p2: asd4g|move: Tailwind\n|upkeep\n|turn|11\n|\n|t:|1776002267\n|move|p2a: Blastoise|Protect|p2a: Blastoise\n|-singleturn|p2a: Blastoise|Protect\n|move|p1b: Garchomp|Rock Slide|p2a: Blastoise|[spread] p2b\n|-activate|p2a: Blastoise|move: Protect\n|-supereffective|p2b: Pelipper|1\n|-damage|p2b: Pelipper|0 fnt\n|faint|p2b: Pelipper\n|\n|-weather|none\n|upkeep\n|\n|t:|1776002273\n|switch|p2b: Sneasler|Sneasler, L50, M, shiny|100/100\n|turn|12\n|\n|t:|1776002277\n|move|p1b: Garchomp|Protect|p1b: Garchomp\n|-singleturn|p1b: Garchomp|Protect\n|move|p2b: Sneasler|Fake Out|p1b: Garchomp\n|-activate|p1b: Garchomp|move: Protect\n|move|p2a: Blastoise|Dragon Pulse|p1b: Garchomp\n|-activate|p1b: Garchomp|move: Protect\n|\n|upkeep\n|turn|13\n|\n|t:|1776002283\n|move|p2b: Sneasler|Close Combat|p1b: Garchomp\n|-crit|p1b: Garchomp\n|-damage|p1b: Garchomp|0 fnt\n|-unboost|p2b: Sneasler|def|1\n|-unboost|p2b: Sneasler|spd|1\n|-damage|p2b: Sneasler|88/100|[from] ability: Rough Skin|[of] p1b: Garchomp\n|faint|p1b: Garchomp\n|\n|win|asd4g\n|raw|wemore's rating: 1170 &rarr; <strong>1139</strong><br />(-31 for losing)\n|raw|asd4g's rating: 1086 &rarr; <strong>1120</strong><br />(+34 for winning)\n",
  "uploadtime": 1776002286,
  "views": 17,
  "formatid": "gen9championsvgc2026regma",
  "rating": 1120,
  "private": 0,
  "password": null
}