{
  "id": "gen9championsvgc2026regma-2584364318",
  "format": "[Gen 9 Champions] VGC 2026 Reg M-A",
  "players": [
    "393piplup",
    "fangyusuhe"
  ],
  "log": "|j|\u2606393piplup\n|j|\u2606fangyusuhe\n|t:|1776255142\n|gametype|doubles\n|player|p1|393piplup|falkner|1414\n|player|p2|fangyusuhe|dawn|1449\n|gen|9\n|tier|[Gen 9 Champions] VGC 2026 Reg M-A\n|rated|\n|rule|Species Clause: Limit one of each Pok\u00e9mon\n|rule|Item Clause: Limit 1 of each item\n|clearpoke\n|poke|p1|Gyarados, L50, M|\n|poke|p1|Volcarona, L50, F|\n|poke|p1|Scizor, L50, M|\n|poke|p1|Altaria, L50, F|\n|poke|p1|Sneasler, L50, M|\n|poke|p1|Zoroark-Hisui, L50, M|\n|poke|p2|Charizard, L50, F|\n|poke|p2|Sneasler, L50, F|\n|poke|p2|Garchomp, L50, M|\n|poke|p2|Incineroar, L50, F|\n|poke|p2|Kingambit, L50, M|\n|poke|p2|Basculegion, L50, M|\n|teampreview|4\n|inactive|Battle timer is ON: inactive players will automatically lose when time's up. (requested by fangyusuhe)\n|inactive|393piplup has 60 seconds left.\n|inactive|393piplup has 30 seconds left.\n|inactive|393piplup has 20 seconds left.\n|inactive|393piplup has 15 seconds left.\n|inactive|393piplup has 10 seconds left.\n|inactive|393piplup has 5 seconds left.\n|\n|t:|1776255251\n|teamsize|p1|4\n|teamsize|p2|4\n|start\n|switch|p1a: Gyarados|Gyarados, L50, M, shiny|100/100\n|switch|p1b: Volcarona|Volcarona, L50, F|100/100\n|switch|p2a: Charizard|Charizard, L50, F|100/100\n|switch|p2b: Garchomp|Garchomp, L50, M|100/100\n|-ability|p1a: Gyarados|Intimidate|boost\n|-unboost|p2a: Charizard|atk|1\n|-unboost|p2b: Garchomp|atk|1\n|turn|1\n|\n|t:|1776255265\n|switch|p1b: Altaria|Altaria, L50, F|100/100\n|-ability|p1b: Altaria|Cloud Nine\n|detailschange|p2a: Charizard|Charizard-Mega-Y, L50, F\n|-mega|p2a: Charizard|Charizard|Charizardite Y\n|-weather|SunnyDay|[from] ability: Drought|[of] p2a: Charizard\n|detailschange|p1a: Gyarados|Gyarados-Mega, L50, M, shiny\n|-mega|p1a: Gyarados|Gyarados|Gyaradosite\n|-ability|p1a: Gyarados|Mold Breaker\n|move|p2b: Garchomp|Rock Slide|p1a: Gyarados|[spread] p1b\n|-miss|p2b: Garchomp|p1a: Gyarados\n|-supereffective|p1b: Altaria|1\n|-damage|p1b: Altaria|75/100\n|move|p2a: Charizard|Air Slash|p1a: Gyarados\n|-damage|p1a: Gyarados|58/100\n|move|p1a: Gyarados|Dragon Dance|p1a: Gyarados\n|-boost|p1a: Gyarados|atk|1\n|-boost|p1a: Gyarados|spe|1\n|\n|-weather|SunnyDay|[upkeep]\n|upkeep\n|turn|2\n|inactive|393piplup has 30 seconds left.\n|\n|t:|1776255295\n|switch|p2b: Incineroar|Incineroar, L50, F|100/100\n|-ability|p2b: Incineroar|Intimidate|boost\n|-unboost|p1a: Gyarados|atk|1\n|-unboost|p1b: Altaria|atk|1\n|move|p1a: Gyarados|Dragon Dance|p1a: Gyarados\n|-boost|p1a: Gyarados|atk|1\n|-boost|p1a: Gyarados|spe|1\n|move|p2a: Charizard|Air Slash|p1a: Gyarados\n|-damage|p1a: Gyarados|19/100\n|move|p1b: Altaria|Tailwind|p1b: Altaria\n|-sidestart|p1: 393piplup|move: Tailwind\n|\n|-weather|SunnyDay|[upkeep]\n|upkeep\n|turn|3\n|inactive|fangyusuhe has 30 seconds left.\n|\n|t:|1776255326\n|move|p1a: Gyarados|Protect|p1a: Gyarados\n|-singleturn|p1a: Gyarados|Protect\n|move|p1b: Altaria|Breaking Swipe|p2b: Incineroar|[spread] p2a,p2b\n|-damage|p2a: Charizard|91/100\n|-damage|p2b: Incineroar|95/100\n|-unboost|p2a: Charizard|atk|1\n|-unboost|p2b: Incineroar|atk|1\n|move|p2a: Charizard|Air Slash|p1b: Altaria\n|-damage|p1b: Altaria|40/100\n|-enditem|p1b: Altaria|Sitrus Berry|[eat]\n|-heal|p1b: Altaria|65/100|[from] item: Sitrus Berry\n|move|p2b: Incineroar|Parting Shot|p1b: Altaria\n|-unboost|p1b: Altaria|atk|1\n|-unboost|p1b: Altaria|spa|1\n|\n|t:|1776255344\n|switch|p2b: Garchomp|Garchomp, L50, M|100/100|[from] Parting Shot\n|\n|-weather|SunnyDay|[upkeep]\n|upkeep\n|turn|4\n|\n|t:|1776255350\n|switch|p2b: Incineroar|Incineroar, L50, F|95/100\n|-ability|p2b: Incineroar|Intimidate|boost\n|-unboost|p1a: Gyarados|atk|1\n|-unboost|p1b: Altaria|atk|1\n|move|p1a: Gyarados|Waterfall|p2a: Charizard\n|-supereffective|p2a: Charizard|1\n|-damage|p2a: Charizard|0 fnt\n|faint|p2a: Charizard\n|move|p1b: Altaria|Breaking Swipe|p2b: Incineroar\n|-damage|p2b: Incineroar|89/100\n|-unboost|p2b: Incineroar|atk|1\n|\n|-weather|SunnyDay|[upkeep]\n|upkeep\n|\n|t:|1776255362\n|switch|p2a: Garchomp|Garchomp, L50, M|100/100\n|turn|5\n|\n|t:|1776255372\n|move|p1b: Altaria|Helping Hand|p1a: Gyarados\n|-singleturn|p1a: Gyarados|Helping Hand|[of] p1b: Altaria\n|move|p2b: Incineroar|Fake Out|p1b: Altaria\n|-damage|p1b: Altaria|58/100\n|move|p1a: Gyarados|Earthquake|p2a: Garchomp|[spread] p2a,p2b\n|-immune|p1b: Altaria\n|-supereffective|p2b: Incineroar|1\n|-damage|p2a: Garchomp|60/100\n|-damage|p2b: Incineroar|18/100\n|-enditem|p2b: Incineroar|Sitrus Berry|[eat]\n|-heal|p2b: Incineroar|43/100|[from] item: Sitrus Berry\n|move|p2a: Garchomp|Dragon Claw|p1b: Altaria\n|-supereffective|p1b: Altaria|1\n|-damage|p1b: Altaria|0 fnt\n|faint|p1b: Altaria\n|\n|-weather|none\n|-sideend|p1: 393piplup|move: Tailwind\n|upkeep\n|\n|t:|1776255389\n|switch|p1b: Sneasler|Sneasler, L50, M|100/100\n|turn|6\n|\n|t:|1776255399\n|move|p1a: Gyarados|Waterfall|p2b: Incineroar\n|-supereffective|p2b: Incineroar|1\n|-damage|p2b: Incineroar|0 fnt\n|faint|p2b: Incineroar\n|move|p1b: Sneasler|Close Combat|p2a: Garchomp\n|-damage|p2a: Garchomp|0 fnt\n|-unboost|p1b: Sneasler|def|1\n|-unboost|p1b: Sneasler|spd|1\n|-damage|p1b: Sneasler|88/100|[from] ability: Rough Skin|[of] p2a: Garchomp\n|faint|p2a: Garchomp\n|-enditem|p1b: Sneasler|White Herb\n|-clearnegativeboost|p1b: Sneasler|[silent]\n|\n|upkeep\n|\n|t:|1776255402\n|switch|p2a: Basculegion|Basculegion, L50, M|100/100\n|turn|7\n|inactive|393piplup has 30 seconds left.\n|\n|t:|1776255429\n|move|p1a: Gyarados|Protect|p1a: Gyarados\n|-singleturn|p1a: Gyarados|Protect\n|move|p1b: Sneasler|Dire Claw|p2a: Basculegion\n|-resisted|p2a: Basculegion|1\n|-damage|p2a: Basculegion|74/100\n|move|p2a: Basculegion|Last Respects|p1b: Sneasler\n|-damage|p1b: Sneasler|0 fnt\n|faint|p1b: Sneasler\n|\n|upkeep\n|\n|t:|1776255437\n|switch|p1b: Volcarona|Volcarona, L50, F|100/100\n|turn|8\n|\n|t:|1776255445\n|move|p1b: Volcarona|Protect|p1b: Volcarona\n|-singleturn|p1b: Volcarona|Protect\n|move|p1a: Gyarados|Earthquake|p2a: Basculegion|[spread] p2a\n|-activate|p1b: Volcarona|move: Protect\n|-damage|p2a: Basculegion|39/100\n|move|p2a: Basculegion|Last Respects|p1a: Gyarados\n|-resisted|p1a: Gyarados|1\n|-damage|p1a: Gyarados|0 fnt\n|faint|p1a: Gyarados\n|\n|upkeep\n|turn|9\n|\n|t:|1776255460\n|move|p2a: Basculegion|Last Respects|p1b: Volcarona\n|-damage|p1b: Volcarona|0 fnt\n|faint|p1b: Volcarona\n|\n|win|fangyusuhe\n|raw|393piplup's rating: 1414 &rarr; <strong>1396</strong><br />(-18 for losing)\n|raw|fangyusuhe's rating: 1449 &rarr; <strong>1467</strong><br />(+18 for winning)\n",
  "uploadtime": 1776255467,
  "views": 46,
  "formatid": "gen9championsvgc2026regma",
  "rating": 1396,
  "private": 0,
  "password": null
}