{
  "id": "gen9championsvgc2026regma-2582159031",
  "format": "[Gen 9 Champions] VGC 2026 Reg M-A",
  "players": [
    "PlatSceptile",
    "Noob Noob for real"
  ],
  "log": "|j|\u2606PlatSceptile\n|j|\u2606Noob Noob for real\n|html|<table width=\"100%\"><tr><td align=\"left\">PlatSceptile</td><td align=\"right\">Noob Noob for real</tr><tr><td align=\"left\"><i class=\"fa fa-circle-o\"></i> <i class=\"fa fa-circle-o\"></i> </td><td align=\"right\"><i class=\"fa fa-circle-o\"></i> <i class=\"fa fa-circle\"></i> </tr></table>\n|uhtml|bestof|<h2><strong>Game 2</strong> of <a href=\"/game-bestof3-gen9championsvgc2026regma-2582157685\">a best-of-3</a></h2>\n|t:|1776065556\n|gametype|doubles\n|player|p1|PlatSceptile|cynthia-gen4|\n|player|p2|Noob Noob for real|169|\n|gen|9\n|tier|[Gen 9 Champions] VGC 2026 Reg M-A\n|rated|Tournament battle\n|rule|Species Clause: Limit one of each Pok\u00e9mon\n|rule|Item Clause: Limit 1 of each item\n|raw|<div class=\"infobox\"><details class=\"readmore\" open><summary><strong>2 custom rules:</strong></summary> Force Open Team Sheets, Best of = 3</details></div>\n|clearpoke\n|poke|p1|Floette-Eternal, L50, F|\n|poke|p1|Talonflame, L50, M|\n|poke|p1|Maushold, L50|\n|poke|p1|Garchomp, L50, M|\n|poke|p1|Aegislash, L50, M|\n|poke|p1|Sneasler, L50, F|\n|poke|p2|Dragonite, L50, M|\n|poke|p2|Sylveon, L50, M|\n|poke|p2|Kingambit, L50, M|\n|poke|p2|Pelipper, L50, F|\n|poke|p2|Basculegion, L50, M|\n|poke|p2|Decidueye-Hisui, L50, M|\n|teampreview|4\n|showteam|p1|Floette-Eternal||Floettite|FlowerVeil|LightofRuin,DazzlingGleam,CalmMind,Protect|||F|||50|]Talonflame|||GaleWings|Acrobatics,FlareBlitz,Tailwind,Protect|||M|||50|]Maushold||ChopleBerry|FriendGuard|SuperFang,Taunt,FollowMe,Protect||||||50|]Garchomp||SoftSand|RoughSkin|Earthquake,StompingTantrum,StoneEdge,Protect|||M|||50|]Aegislash||SpellTag|StanceChange|Poltergeist,ShadowSneak,IronHead,KingsShield|||M|||50|]Sneasler||WhiteHerb|Unburden|FakeOut,CloseCombat,DireClaw,Protect|||F|||50|\n|showteam|p2|Dragonite||Dragoninite|InnerFocus|Protect,DracoMeteor,Hurricane,IcyWind|||M|||50|]Sylveon||SitrusBerry|Pixilate|Protect,HyperVoice,Yawn,CalmMind|||M|||50|]Kingambit||ChopleBerry|Defiant|Protect,KowtowCleave,SuckerPunch,IronHead|||M|||50|]Pelipper||FocusSash|Drizzle|Protect,WeatherBall,Hurricane,Tailwind|||F|||50|]Basculegion||MysticWater|SwiftSwim|FlipTurn,WaveCrash,AquaJet,LastRespects|||M|||50|]Decidueye-Hisui||ScopeLens|Scrappy|Protect,TripleArrows,LeafBlade,ShadowSneak|||M|||50|\n|inactive|Battle timer is ON: inactive players will automatically lose when time's up. (requested by Noob Noob for real)\n|inactive|PlatSceptile has 60 seconds left.\n|\n|t:|1776065598\n|teamsize|p1|4\n|teamsize|p2|4\n|start\n|switch|p1a: Floette|Floette-Eternal, L50, F|100/100\n|switch|p1b: Maushold|Maushold, L50|100/100\n|switch|p2a: Basculegion|Basculegion, L50, M|100/100\n|switch|p2b: Pelipper|Pelipper, L50, F|100/100\n|-weather|RainDance|[from] ability: Drizzle|[of] p2b: Pelipper\n|turn|1\n|\n|t:|1776065625\n|detailschange|p1a: Floette|Floette-Mega, L50, F\n|-mega|p1a: Floette|Floette|Floettite\n|-ability|p1a: Floette|Fairy Aura\n|move|p1b: Maushold|Follow Me|p1b: Maushold\n|-singleturn|p1b: Maushold|move: Follow Me\n|move|p2a: Basculegion|Flip Turn|p1b: Maushold\n|-damage|p1b: Maushold|28/100\n|\n|t:|1776065632\n|switch|p2a: Sylveon|Sylveon, L50, M|100/100|[from] Flip Turn\n|move|p1a: Floette|Calm Mind|p1a: Floette\n|-boost|p1a: Floette|spa|1\n|-boost|p1a: Floette|spd|1\n|move|p2b: Pelipper|Tailwind|p2b: Pelipper\n|-sidestart|p2: Noob Noob for real|move: Tailwind\n|\n|-weather|RainDance|[upkeep]\n|upkeep\n|turn|2\n|inactive|PlatSceptile has 30 seconds left.\n|inactive|PlatSceptile has 20 seconds left.\n|\n|t:|1776065669\n|move|p1a: Floette|Protect|p1a: Floette\n|-singleturn|p1a: Floette|Protect\n|move|p2b: Pelipper|Weather Ball|p1b: Maushold\n|-damage|p1b: Maushold|0 fnt\n|faint|p1b: Maushold\n|move|p2a: Sylveon|Yawn|p1a: Floette\n|-activate|p1a: Floette|move: Protect\n|\n|-weather|RainDance|[upkeep]\n|upkeep\n|\n|t:|1776065681\n|switch|p1b: Talonflame|Talonflame, L50, M|100/100\n|turn|3\n|\n|t:|1776065697\n|move|p1b: Talonflame|Tailwind|p1b: Talonflame\n|-sidestart|p1: PlatSceptile|move: Tailwind\n|move|p1a: Floette|Light of Ruin|p2a: Sylveon\n|-damage|p2a: Sylveon|0 fnt\n|faint|p2a: Sylveon\n|-damage|p1a: Floette|50/100|[from] Recoil\n|move|p2b: Pelipper|Weather Ball|p1b: Talonflame\n|-supereffective|p1b: Talonflame|1\n|-damage|p1b: Talonflame|0 fnt\n|faint|p1b: Talonflame\n|\n|-weather|RainDance|[upkeep]\n|upkeep\n|\n|t:|1776065716\n|switch|p1b: Sneasler|Sneasler, L50, F|100/100\n|switch|p2a: Basculegion|Basculegion, L50, M|100/100\n|turn|4\n|\n|t:|1776065733\n|move|p1b: Sneasler|Protect|p1b: Sneasler\n|-singleturn|p1b: Sneasler|Protect\n|move|p1a: Floette|Protect|p1a: Floette\n|-singleturn|p1a: Floette|Protect\n|move|p2a: Basculegion|Wave Crash|p1b: Sneasler\n|-activate|p1b: Sneasler|move: Protect\n|move|p2b: Pelipper|Weather Ball|p1a: Floette\n|-activate|p1a: Floette|move: Protect\n|\n|-weather|RainDance|[upkeep]\n|-sideend|p2: Noob Noob for real|move: Tailwind\n|upkeep\n|turn|5\n|inactive|PlatSceptile has 30 seconds left.\n|inactive|PlatSceptile has 20 seconds left.\n|inactive|PlatSceptile has 15 seconds left.\n|\n|t:|1776065775\n|switch|p2b: Kingambit|Kingambit, L50, M|100/100\n|move|p2a: Basculegion|Aqua Jet|p1a: Floette\n|-damage|p1a: Floette|12/100\n|move|p1b: Sneasler|Dire Claw|p2a: Basculegion\n|-resisted|p2a: Basculegion|1\n|-damage|p2a: Basculegion|78/100\n|move|p1a: Floette|Dazzling Gleam|p2b: Kingambit|[spread] p2a,p2b\n|-damage|p2a: Basculegion|0 fnt\n|-damage|p2b: Kingambit|30/100\n|faint|p2a: Basculegion\n|\n|-weather|none\n|upkeep\n|\n|t:|1776065786\n|switch|p2a: Pelipper|Pelipper, L50, F|100/100\n|-weather|RainDance|[from] ability: Drizzle|[of] p2a: Pelipper\n|turn|6\n|inactive|PlatSceptile has 30 seconds left.\n|inactive|PlatSceptile has 20 seconds left.\n|inactive|PlatSceptile has 15 seconds left.\n|\n|t:|1776065831\n|move|p1a: Floette|Protect|p1a: Floette\n|-singleturn|p1a: Floette|Protect\n|move|p2b: Kingambit|Sucker Punch||[still]\n|-fail|p2b: Kingambit\n|move|p1b: Sneasler|Close Combat|p2b: Kingambit\n|-supereffective|p2b: Kingambit|2\n|-enditem|p2b: Kingambit|Chople Berry|[eat]\n|-enditem|p2b: Kingambit|Chople Berry|[weaken]\n|-damage|p2b: Kingambit|0 fnt\n|-unboost|p1b: Sneasler|def|1\n|-unboost|p1b: Sneasler|spd|1\n|faint|p2b: Kingambit\n|-enditem|p1b: Sneasler|White Herb\n|-clearnegativeboost|p1b: Sneasler|[silent]\n|move|p2a: Pelipper|Tailwind|p2a: Pelipper\n|-sidestart|p2: Noob Noob for real|move: Tailwind\n|\n|-weather|RainDance|[upkeep]\n|-sideend|p1: PlatSceptile|move: Tailwind\n|upkeep\n|turn|7\n|inactive|PlatSceptile has 30 seconds left.\n|inactive|PlatSceptile has 20 seconds left.\n|inactive|PlatSceptile has 15 seconds left.\n|\n|t:|1776065872\n|move|p1a: Floette|Protect||[still]\n|-fail|p1a: Floette\n|move|p1b: Sneasler|Dire Claw|p2a: Pelipper\n|-damage|p2a: Pelipper|47/100\n|move|p2a: Pelipper|Hurricane|p1b: Sneasler\n|-supereffective|p1b: Sneasler|1\n|-damage|p1b: Sneasler|0 fnt\n|faint|p1b: Sneasler\n|\n|-weather|RainDance|[upkeep]\n|upkeep\n|turn|8\n|inactive|PlatSceptile has 30 seconds left.\n|c|\u2606PlatSceptile|gg\n|\n|t:|1776065903\n|move|p1a: Floette|Protect|p1a: Floette\n|-singleturn|p1a: Floette|Protect\n|move|p2a: Pelipper|Weather Ball|p1a: Floette\n|-activate|p1a: Floette|move: Protect\n|\n|-weather|RainDance|[upkeep]\n|upkeep\n|turn|9\n|\n|t:|1776065911\n|move|p1a: Floette|Protect|p1a: Floette\n|-singleturn|p1a: Floette|Protect\n|move|p2a: Pelipper|Weather Ball|p1a: Floette\n|-activate|p1a: Floette|move: Protect\n|\n|-weather|RainDance|[upkeep]\n|-sideend|p2: Noob Noob for real|move: Tailwind\n|upkeep\n|turn|10\n|c|\u2606PlatSceptile|Nevermind\n|\n|t:|1776065921\n|move|p1a: Floette|Light of Ruin|p2a: Pelipper\n|-damage|p2a: Pelipper|0 fnt\n|faint|p2a: Pelipper\n|-damage|p1a: Floette|0 fnt|[from] Recoil\n|faint|p1a: Floette\n|\n|win|PlatSceptile\n||Noob Noob for real is ready for game 3.\n||PlatSceptile is ready for game 3.\n|uhtml|next|Next: <a href=\"/battle-gen9championsvgc2026regma-2582162113\"><strong>Game 3 of 3</strong></a>\n|l|\u2606Noob Noob for real\n|player|p2|\n|l|\u2606PlatSceptile\n|player|p1|\n|j|\u2606PlatSceptile\n|player|p1|PlatSceptile|cynthia-gen4|\n",
  "uploadtime": 1776065928,
  "views": 14,
  "formatid": "gen9championsvgc2026regma",
  "rating": null,
  "private": 0,
  "password": null
}