{
  "id": "gen9championsvgc2026regma-2585240410",
  "format": "[Gen 9 Champions] VGC 2026 Reg M-A",
  "players": [
    "idontcarereally",
    "AdamHamTheShowdown"
  ],
  "log": "|j|\u2606idontcarereally\n|j|\u2606AdamHamTheShowdown\n|t:|1776328846\n|gametype|doubles\n|player|p1|idontcarereally|169|1172\n|player|p2|AdamHamTheShowdown|2|1155\n|gen|9\n|tier|[Gen 9 Champions] VGC 2026 Reg M-A\n|rated|\n|rule|Species Clause: Limit one of each Pok\u00e9mon\n|rule|Item Clause: Limit 1 of each item\n|clearpoke\n|poke|p1|Chesnaught, L50, F|\n|poke|p1|Kingambit, L50, F|\n|poke|p1|Hatterene, L50, F|\n|poke|p1|Ninetales-Alola, L50, M|\n|poke|p1|Sinistcha, L50|\n|poke|p1|Incineroar, L50, F|\n|poke|p2|Greninja-*, L50, F|\n|poke|p2|Aerodactyl, L50, M|\n|poke|p2|Machamp, L50, F|\n|poke|p2|Goodra-Hisui, L50, F|\n|poke|p2|Basculegion, L50, M|\n|poke|p2|Arcanine-Hisui, L50, F|\n|teampreview|4\nAdamHamTheShowdown rejected open team sheets.\n|\n|t:|1776328868\n|teamsize|p1|4\n|teamsize|p2|4\n|start\n|switch|p1a: Hatterene|Hatterene, L50, F|100/100\n|switch|p1b: Kingambit|Kingambit, L50, F|100/100\n|switch|p2a: Greninja|Greninja, L50, F|100/100\n|switch|p2b: Aerodactyl|Aerodactyl, L50, M|100/100\n|turn|1\n|\n|t:|1776328905\n|detailschange|p2a: Greninja|Greninja-Mega, L50, F\n|-mega|p2a: Greninja|Greninja|Greninjite\n|move|p1b: Kingambit|Protect|p1b: Kingambit\n|-singleturn|p1b: Kingambit|Protect\n|move|p2b: Aerodactyl|Rock Slide|p1a: Hatterene|[spread] p1a\n|-activate|p1b: Kingambit|move: Protect\n|-damage|p1a: Hatterene|71/100\n|move|p2a: Greninja|Sludge Wave|p1a: Hatterene|[spread] p2b,p1a\n|-start|p2a: Greninja|typechange|Poison|[from] ability: Protean\n|-activate|p1b: Kingambit|move: Protect\n|-resisted|p2b: Aerodactyl|1\n|-crit|p2b: Aerodactyl\n|-supereffective|p1a: Hatterene|1\n|-damage|p2b: Aerodactyl|53/100\n|-damage|p1a: Hatterene|0 fnt\n|faint|p1a: Hatterene\n|\n|upkeep\n|\n|t:|1776328922\n|switch|p1a: Ninetales|Ninetales-Alola, L50, M|100/100\n|-weather|Snowscape|[from] ability: Snow Warning|[of] p1a: Ninetales\n|turn|2\n|\n|t:|1776328932\n|move|p2b: Aerodactyl|Protect|p2b: Aerodactyl\n|-singleturn|p2b: Aerodactyl|Protect\n|move|p1b: Kingambit|Sucker Punch||[still]\n|-fail|p1b: Kingambit\n|move|p2a: Greninja|Sludge Wave|p1a: Ninetales|[spread] p1a\n|-activate|p2b: Aerodactyl|move: Protect\n|-immune|p1b: Kingambit\n|-supereffective|p1a: Ninetales|1\n|-damage|p1a: Ninetales|15/100\n|move|p1a: Ninetales|Aurora Veil|p1a: Ninetales\n|-sidestart|p1: idontcarereally|move: Aurora Veil\n|\n|-weather|Snowscape|[upkeep]\n|upkeep\n|turn|3\n|\n|t:|1776328955\n|move|p1a: Ninetales|Protect|p1a: Ninetales\n|-singleturn|p1a: Ninetales|Protect\n|move|p2a: Greninja|Water Shuriken|p1a: Ninetales\n|-activate|p1a: Ninetales|move: Protect\n|move|p2b: Aerodactyl|Tailwind|p2b: Aerodactyl\n|-sidestart|p2: AdamHamTheShowdown|move: Tailwind\n|move|p1b: Kingambit|Iron Head|p2a: Greninja\n|-damage|p2a: Greninja|10/100\n|\n|-weather|Snowscape|[upkeep]\n|upkeep\n|turn|4\n|\n|t:|1776328976\n|move|p2a: Greninja|Water Shuriken|p1a: Ninetales\n|-damage|p1a: Ninetales|11/100\n|-damage|p1a: Ninetales|6/100\n|-hitcount|p1a: Ninetales|2\n|move|p1b: Kingambit|Sucker Punch||[still]\n|-fail|p1b: Kingambit\n|move|p2b: Aerodactyl|Rock Slide|p1b: Kingambit|[spread] p1a,p1b\n|-supereffective|p1a: Ninetales|1\n|-resisted|p1b: Kingambit|1\n|-damage|p1a: Ninetales|0 fnt\n|-damage|p1b: Kingambit|94/100\n|faint|p1a: Ninetales\n|\n|-weather|Snowscape|[upkeep]\n|upkeep\n|\n|t:|1776328987\n|switch|p1a: Chesnaught|Chesnaught, L50, F|100/100\n|turn|5\n|\n|t:|1776328997\n|detailschange|p1a: Chesnaught|Chesnaught-Mega, L50, F\n|-mega|p1a: Chesnaught|Chesnaught|Chesnaughtite\n|move|p1a: Chesnaught|Spiky Shield|p1a: Chesnaught\n|-singleturn|p1a: Chesnaught|move: Protect\n|move|p2b: Aerodactyl|Dual Wingbeat|p1a: Chesnaught\n|-activate|p1a: Chesnaught|move: Protect\n|-damage|p2b: Aerodactyl|41/100|[from] Spiky Shield|[of] p1a: Chesnaught\n|move|p2a: Greninja|Ice Beam|p1a: Chesnaught\n|-activate|p1a: Chesnaught|move: Protect\n|move|p1b: Kingambit|Kowtow Cleave|p2a: Greninja\n|-damage|p2a: Greninja|0 fnt\n|faint|p2a: Greninja\n|\n|-weather|Snowscape|[upkeep]\n|upkeep\n|\n|t:|1776329012\n|switch|p2a: Machamp|Machamp, L50, F|100/100\n|turn|6\n|\n|t:|1776329022\n|move|p1b: Kingambit|Protect|p1b: Kingambit\n|-singleturn|p1b: Kingambit|Protect\n|move|p2b: Aerodactyl|Dual Wingbeat|p1a: Chesnaught\n|-supereffective|p1a: Chesnaught|2\n|-damage|p1a: Chesnaught|77/100\n|-supereffective|p1a: Chesnaught|2\n|-damage|p1a: Chesnaught|53/100\n|-hitcount|p1a: Chesnaught|2\n|move|p2a: Machamp|Dynamic Punch|p1b: Kingambit\n|-activate|p1b: Kingambit|move: Protect\n|move|p1a: Chesnaught|Iron Defense|p1a: Chesnaught\n|-boost|p1a: Chesnaught|def|2\n|\n|-weather|none\n|-sideend|p2: AdamHamTheShowdown|move: Tailwind\n|-sideend|p1: idontcarereally|move: Aurora Veil\n|upkeep\n|turn|7\n|\n|t:|1776329044\n|move|p1b: Kingambit|Sucker Punch|p2b: Aerodactyl\n|-damage|p2b: Aerodactyl|0 fnt\n|faint|p2b: Aerodactyl\n|move|p2a: Machamp|Dynamic Punch|p1b: Kingambit\n|-supereffective|p1b: Kingambit|2\n|-damage|p1b: Kingambit|0 fnt\n|faint|p1b: Kingambit\n|move|p1a: Chesnaught|Leech Seed|p2a: Machamp\n|-start|p2a: Machamp|move: Leech Seed\n|\n|-damage|p2a: Machamp|88/100|[from] Leech Seed|[of] p1a: Chesnaught\n|-heal|p1a: Chesnaught|66/100|[silent]\n|upkeep\n|\n|t:|1776329054\n|switch|p2b: Basculegion|Basculegion, L50, M|100/100\n|turn|8\n|\n|t:|1776329070\n|move|p1a: Chesnaught|Spiky Shield|p1a: Chesnaught\n|-singleturn|p1a: Chesnaught|move: Protect\n|move|p2b: Basculegion|Last Respects|p1a: Chesnaught\n|-activate|p1a: Chesnaught|move: Protect\n|move|p2a: Machamp|Dynamic Punch|p1a: Chesnaught\n|-activate|p1a: Chesnaught|move: Protect\n|-damage|p2a: Machamp|76/100|[from] Spiky Shield|[of] p1a: Chesnaught\n|\n|-damage|p2a: Machamp|64/100|[from] Leech Seed|[of] p1a: Chesnaught\n|-heal|p1a: Chesnaught|79/100|[silent]\n|upkeep\n|turn|9\n|\n|t:|1776329083\n|move|p2b: Basculegion|Last Respects|p1a: Chesnaught\n|-damage|p1a: Chesnaught|50/100\n|move|p2a: Machamp|Dynamic Punch|p1a: Chesnaught\n|-damage|p1a: Chesnaught|33/100\n|-start|p1a: Chesnaught|confusion\n|-activate|p1a: Chesnaught|confusion\n|move|p1a: Chesnaught|Leech Seed|p2b: Basculegion\n|-start|p2b: Basculegion|move: Leech Seed\n|\n|-damage|p2b: Basculegion|88/100|[from] Leech Seed|[of] p1a: Chesnaught\n|-heal|p1a: Chesnaught|47/100|[silent]\n|-damage|p2a: Machamp|52/100|[from] Leech Seed|[of] p1a: Chesnaught\n|-heal|p1a: Chesnaught|60/100|[silent]\n|upkeep\n|turn|10\n|\n|t:|1776329099\n|-end|p1a: Chesnaught|confusion\n|move|p1a: Chesnaught|Spiky Shield|p1a: Chesnaught\n|-singleturn|p1a: Chesnaught|move: Protect\n|move|p2b: Basculegion|Last Respects|p1a: Chesnaught\n|-activate|p1a: Chesnaught|move: Protect\n|move|p2a: Machamp|Ice Punch|p1a: Chesnaught\n|-activate|p1a: Chesnaught|move: Protect\n|-damage|p2a: Machamp|40/100|[from] Spiky Shield|[of] p1a: Chesnaught\n|\n|-damage|p2b: Basculegion|76/100|[from] Leech Seed|[of] p1a: Chesnaught\n|-heal|p1a: Chesnaught|73/100|[silent]\n|-damage|p2a: Machamp|27/100|[from] Leech Seed|[of] p1a: Chesnaught\n|-heal|p1a: Chesnaught|87/100|[silent]\n|upkeep\n|turn|11\n|\n|t:|1776329114\n|move|p2b: Basculegion|Last Respects|p1a: Chesnaught\n|-damage|p1a: Chesnaught|61/100\n|move|p2a: Machamp|Dynamic Punch|p1a: Chesnaught\n|-damage|p1a: Chesnaught|45/100\n|-start|p1a: Chesnaught|confusion\n|-activate|p1a: Chesnaught|confusion\n|move|p1a: Chesnaught|Iron Defense|p1a: Chesnaught\n|-boost|p1a: Chesnaught|def|2\n|\n|-damage|p2b: Basculegion|64/100|[from] Leech Seed|[of] p1a: Chesnaught\n|-heal|p1a: Chesnaught|59/100|[silent]\n|-damage|p2a: Machamp|15/100|[from] Leech Seed|[of] p1a: Chesnaught\n|-heal|p1a: Chesnaught|72/100|[silent]\n|upkeep\n|turn|12\n|\n|t:|1776329127\n|-activate|p1a: Chesnaught|confusion\n|-damage|p1a: Chesnaught|70/100|[from] confusion\n|move|p2b: Basculegion|Last Respects|p1a: Chesnaught\n|-damage|p1a: Chesnaught|52/100\n|move|p2a: Machamp|Dynamic Punch|p1a: Chesnaught\n|-damage|p1a: Chesnaught|40/100\n|\n|-damage|p2b: Basculegion|52/100|[from] Leech Seed|[of] p1a: Chesnaught\n|-heal|p1a: Chesnaught|54/100|[silent]\n|-damage|p2a: Machamp|3/100|[from] Leech Seed|[of] p1a: Chesnaught\n|-heal|p1a: Chesnaught|67/100|[silent]\n|upkeep\n|turn|13\n|-message|AdamHamTheShowdown forfeited.\n|\n|win|idontcarereally\n|raw|idontcarereally's rating: 1172 &rarr; <strong>1196</strong><br />(+24 for winning)\n|raw|AdamHamTheShowdown's rating: 1155 &rarr; <strong>1131</strong><br />(-24 for losing)\n|l|\u2606AdamHamTheShowdown\n|player|p2|\n",
  "uploadtime": 1776329143,
  "views": 26,
  "formatid": "gen9championsvgc2026regma",
  "rating": 1131,
  "private": 0,
  "password": null
}