{
  "id": "gen9championsvgc2026regma-2586980912",
  "format": "[Gen 9 Champions] VGC 2026 Reg M-A",
  "players": [
    "goose30er",
    "cazxed"
  ],
  "log": "|j|\u2606goose30er\n|j|\u2606cazxed\n|t:|1776477916\n|gametype|doubles\n|player|p1|goose30er|1|1086\n|player|p2|cazxed|schoolkid-gen4dp|1000\n|gen|9\n|tier|[Gen 9 Champions] VGC 2026 Reg M-A\n|rated|\n|rule|Species Clause: Limit one of each Pok\u00e9mon\n|rule|Item Clause: Limit 1 of each item\n|clearpoke\n|poke|p1|Incineroar, L50, M|\n|poke|p1|Primarina, L50, F|\n|poke|p1|Farigiraf, L50, F|\n|poke|p1|Cofagrigus, L50, M|\n|poke|p1|Aggron, L50, M|\n|poke|p1|Ampharos, L50, F|\n|poke|p2|Sableye, L50, M|\n|poke|p2|Flapple, L50, M|\n|poke|p2|Milotic, L50, F|\n|poke|p2|Lucario, L50, M|\n|poke|p2|Arcanine-Hisui, L50, M|\n|poke|p2|Ninetales-Alola, L50, M|\n|teampreview|4\n|\n|t:|1776477950\n|teamsize|p1|4\n|teamsize|p2|4\n|start\n|switch|p1a: Jazz|Farigiraf, L50, F|100/100\n|switch|p1b: Rock|Incineroar, L50, M, shiny|100/100\n|switch|p2a: Sableye|Sableye, L50, M|100/100\n|switch|p2b: Flapple|Flapple, L50, M|100/100\n|-ability|p1b: Rock|Intimidate|boost\n|-unboost|p2a: Sableye|atk|1\n|-unboost|p2b: Flapple|atk|1\n|turn|1\n|\n|t:|1776477979\n|move|p1a: Jazz|Protect|p1a: Jazz\n|-singleturn|p1a: Jazz|Protect\n|move|p2a: Sableye|Gravity|p2a: Sableye\n|-fieldstart|move: Gravity\n|move|p2b: Flapple|Dragon Dance|p2b: Flapple\n|-boost|p2b: Flapple|atk|1\n|-boost|p2b: Flapple|spe|1\n|move|p1b: Rock|Flare Blitz|p2b: Flapple\n|-damage|p2b: Flapple|11/100\n|-damage|p1b: Rock|79/100|[from] Recoil\n|\n|-heal|p1b: Rock|85/100|[from] item: Leftovers\n|upkeep\n|turn|2\n|\n|t:|1776478019\n|switch|p2a: Arcanine|Arcanine-Hisui, L50, M|100/100\n|-ability|p2a: Arcanine|Intimidate|boost\n|-unboost|p1a: Jazz|atk|1\n|-unboost|p1b: Rock|atk|1\n|move|p2b: Flapple|Protect|p2b: Flapple\n|-singleturn|p2b: Flapple|Protect\n|move|p1a: Jazz|Twin Beam|p2b: Flapple\n|-activate|p2b: Flapple|move: Protect\n|move|p1b: Rock|Darkest Lariat|p2a: Arcanine\n|-damage|p2a: Arcanine|66/100\n|\n|-heal|p1b: Rock|91/100|[from] item: Leftovers\n|upkeep\n|turn|3\n|\n|t:|1776478060\n|move|p2a: Arcanine|Rock Slide|p1b: Rock|[spread] p1a,p1b\n|-supereffective|p1b: Rock|1\n|-damage|p1a: Jazz|64/100\n|-damage|p1b: Rock|33/100\n|move|p2b: Flapple|Grav Apple|p1b: Rock\n|-resisted|p1b: Rock|1\n|-crit|p1b: Rock\n|-damage|p1b: Rock|0 fnt\n|faint|p1b: Rock\n|cant|p1a: Jazz|flinch\n|\n|upkeep\n|\n|t:|1776478069\n|switch|p1b: Electric|Ampharos, L50, F, shiny|100/100\n|turn|4\n|\n|t:|1776478093\n|move|p2a: Arcanine|Rock Slide|p1a: Jazz|[spread] p1a,p1b\n|-damage|p1a: Jazz|28/100\n|-damage|p1b: Electric|70/100\n|move|p2b: Flapple|Grav Apple|p1b: Electric\n|-damage|p1b: Electric|0 fnt\n|faint|p1b: Electric\n|cant|p1a: Jazz|flinch\n|\n|upkeep\n|\n|t:|1776478101\n|switch|p1b: Grunge|Cofagrigus, L50, M, shiny|100/100\n|turn|5\n|\n|t:|1776478119\n|move|p2a: Arcanine|Rock Slide|p1a: Jazz|[spread] p1a,p1b\n|-damage|p1a: Jazz|0 fnt\n|-damage|p1b: Grunge|80/100\n|faint|p1a: Jazz\n|move|p2b: Flapple|Grav Apple|p1b: Grunge\n|-damage|p1b: Grunge|11/100\n|-unboost|p1b: Grunge|def|1\n|cant|p1b: Grunge|flinch\n|\n|-fieldend|move: Gravity\n|upkeep\n|turn|6\n|inactive|Battle timer is ON: inactive players will automatically lose when time's up. (requested by goose30er)\n|inactive|goose30er has 60 seconds left.\n|c|\u2606goose30er|Does gravity affect flinch chance?\n|\n|t:|1776478159\n|move|p2a: Arcanine|Rock Slide|p1b: Grunge\n|-damage|p1b: Grunge|0 fnt\n|faint|p1b: Grunge\n|\n|win|cazxed\n|raw|goose30er's rating: 1086 &rarr; <strong>1058</strong><br />(-28 for losing)\n|raw|cazxed's rating: 1000 &rarr; <strong>1050</strong><br />(+50 for winning)\n|c|\u2606cazxed|no\n|c|\u2606goose30er|crazy luck\n|c|\u2606goose30er|gg\n",
  "uploadtime": 1776478199,
  "views": 16,
  "formatid": "gen9championsvgc2026regma",
  "rating": 1050,
  "private": 0,
  "password": null
}