{
  "id": "gen9championsvgc2026regma-2587692668",
  "format": "[Gen 9 Champions] VGC 2026 Reg M-A",
  "players": [
    "dl joltyzz",
    "Temper0"
  ],
  "log": "|j|\u2606dl joltyzz\n|j|\u2606Temper0\n|html|<table width=\"100%\"><tr><td align=\"left\">dl joltyzz</td><td align=\"right\">Temper0</tr><tr><td align=\"left\"><i class=\"fa fa-circle\"></i> <i class=\"fa fa-circle-o\"></i> </td><td align=\"right\"><i class=\"fa fa-circle-o\"></i> <i class=\"fa fa-circle\"></i> </tr></table>\n|uhtml|bestof|<h2><strong>Game 3</strong> of <a href=\"/game-bestof3-gen9championsvgc2026regma-2587685942\">a best-of-3</a></h2>\n|t:|1776554481\n|gametype|doubles\n|player|p1|dl joltyzz|winona|\n|player|p2|Temper0|drayden|\n|gen|9\n|tier|[Gen 9 Champions] VGC 2026 Reg M-A\n|rule|Species Clause: Limit one of each Pok\u00e9mon\n|rule|Item Clause: Limit 1 of each item\n|raw|<div class=\"infobox\"><details class=\"readmore\" open><summary><strong>1 custom rule:</strong></summary> Best of = 3</details></div>\n|clearpoke\n|poke|p1|Froslass, L50, F|\n|poke|p1|Rotom-Frost, L50|\n|poke|p1|Arcanine, L50, F|\n|poke|p1|Palafin, L50, F|\n|poke|p1|Ditto, L50|\n|poke|p1|Dragonite, L50, M|\n|poke|p2|Dragapult, L50, F|\n|poke|p2|Aggron, L50, F, shiny|\n|poke|p2|Raichu, L50, M, shiny|\n|poke|p2|Scovillain, L50, F, shiny|\n|poke|p2|Mr. Rime, L50, F, shiny|\n|poke|p2|Charizard, L50, F, shiny|\n|teampreview|4\nTemper0 has agreed to open team sheets.\n|j| Midbus1\n|\n|t:|1776554606\n|teamsize|p1|4\n|teamsize|p2|4\n|start\n|switch|p1a: Rotom|Rotom-Frost, L50|100/100\n|switch|p1b: Arcanine|Arcanine, L50, F|100/100\n|switch|p2a: Aggron|Aggron, L50, F, shiny|100/100\n|switch|p2b: Scovillain|Scovillain, L50, F, shiny|100/100\n|-ability|p1b: Arcanine|Intimidate|boost\n|-unboost|p2a: Aggron|atk|1\n|-unboost|p2b: Scovillain|atk|1\n|turn|1\n|\n|t:|1776554630\n|detailschange|p2a: Aggron|Aggron-Mega, L50, F, shiny\n|-mega|p2a: Aggron|Aggron|Aggronite\n|move|p2b: Scovillain|Rage Powder|p2b: Scovillain\n|-singleturn|p2b: Scovillain|move: Rage Powder\n|move|p1b: Arcanine|Flamethrower|p2b: Scovillain\n|-damage|p2b: Scovillain|64/100\n|move|p1a: Rotom|Electroweb|p2b: Scovillain|[spread] p2a,p2b\n|-resisted|p2b: Scovillain|1\n|-damage|p2a: Aggron|85/100\n|-damage|p2b: Scovillain|53/100\n|-unboost|p2a: Aggron|spe|1\n|-unboost|p2b: Scovillain|spe|1\n|move|p2a: Aggron|Body Press|p1a: Rotom\n|-supereffective|p1a: Rotom|1\n|-damage|p1a: Rotom|10/100\n|\n|-heal|p1a: Rotom|16/100|[from] item: Leftovers\n|upkeep\n|turn|2\n|\n|t:|1776554649\n|switch|p1a: Froslass|Froslass, L50, F|100/100\n|move|p2b: Scovillain|Rage Powder|p2b: Scovillain\n|-singleturn|p2b: Scovillain|move: Rage Powder\n|move|p1b: Arcanine|Flamethrower|p2b: Scovillain\n|-damage|p2b: Scovillain|22/100\n|move|p2a: Aggron|Body Press|p1b: Arcanine\n|-damage|p1b: Arcanine|63/100\n|\n|upkeep\n|turn|3\n|\n|t:|1776554666\n|switch|p2b: Raichu|Raichu, L50, M, shiny|100/100\n|detailschange|p1a: Froslass|Froslass-Mega, L50, F\n|-mega|p1a: Froslass|Froslass|Froslassite\n|-weather|Snowscape|[from] ability: Snow Warning|[of] p1a: Froslass\n|move|p2a: Aggron|Protect|p2a: Aggron\n|-singleturn|p2a: Aggron|Protect\n|move|p1a: Froslass|Blizzard|p2b: Raichu|[spread] p2b\n|-activate|p2a: Aggron|move: Protect\n|-damage|p2b: Raichu|38/100\n|-enditem|p2b: Raichu|Sitrus Berry|[eat]\n|-heal|p2b: Raichu|62/100|[from] item: Sitrus Berry\n|move|p1b: Arcanine|Will-O-Wisp|p2a: Aggron\n|-activate|p2a: Aggron|move: Protect\n|\n|-weather|Snowscape|[upkeep]\n|upkeep\n|turn|4\n|\n|t:|1776554688\n|switch|p2a: Scovillain|Scovillain, L50, F, shiny|22/100\n|move|p1a: Froslass|Aurora Veil|p1a: Froslass\n|-sidestart|p1: dl joltyzz|move: Aurora Veil\n|move|p2b: Raichu|Nuzzle|p1a: Froslass\n|-damage|p1a: Froslass|96/100\n|-status|p1a: Froslass|par\n|move|p1b: Arcanine|Will-O-Wisp|p2a: Scovillain\n|-immune|p2a: Scovillain\n|\n|-weather|Snowscape|[upkeep]\n|upkeep\n|turn|5\n|\n|t:|1776554704\n|move|p1b: Arcanine|Protect|p1b: Arcanine\n|-singleturn|p1b: Arcanine|Protect\n|move|p2b: Raichu|Nuzzle|p1b: Arcanine\n|-activate|p1b: Arcanine|move: Protect\n|move|p2a: Scovillain|Flamethrower|p1a: Froslass\n|-supereffective|p1a: Froslass|1\n|-damage|p1a: Froslass|42/100 par\n|move|p1a: Froslass|Blizzard|p2a: Scovillain|[spread] p2a,p2b\n|-crit|p2b: Raichu\n|-damage|p2a: Scovillain|0 fnt\n|-damage|p2b: Raichu|0 fnt\n|faint|p2a: Scovillain\n|faint|p2b: Raichu\n|\n|-weather|Snowscape|[upkeep]\n|upkeep\n|\n|t:|1776554714\n|switch|p2b: Mr. Rime|Mr. Rime, L50, F, shiny|100/100\n|switch|p2a: Aggron|Aggron-Mega, L50, F, shiny|85/100\n|-activate|p2b: Mr. Rime|ability: Screen Cleaner\n|-sideend|p1: dl joltyzz|move: Aurora Veil\n|turn|6\n|\n|t:|1776554743\n|switch|p1a: Rotom|Rotom-Frost, L50|16/100\n|move|p2b: Mr. Rime|Helping Hand|p2a: Aggron\n|-singleturn|p2a: Aggron|Helping Hand|[of] p2b: Mr. Rime\n|move|p1b: Arcanine|Will-O-Wisp|p2a: Aggron\n|-status|p2a: Aggron|brn\n|move|p2a: Aggron|Body Press|p1b: Arcanine\n|-damage|p1b: Arcanine|30/100\n|-enditem|p1b: Arcanine|Sitrus Berry|[eat]\n|-heal|p1b: Arcanine|55/100|[from] item: Sitrus Berry\n|\n|-weather|Snowscape|[upkeep]\n|-heal|p1a: Rotom|22/100|[from] item: Leftovers\n|-damage|p2a: Aggron|78/100 brn|[from] brn\n|upkeep\n|turn|7\n|\n|t:|1776554767\n|move|p2a: Aggron|Protect|p2a: Aggron\n|-singleturn|p2a: Aggron|Protect\n|move|p1b: Arcanine|Flamethrower|p2a: Aggron\n|-activate|p2a: Aggron|move: Protect\n|move|p1a: Rotom|Volt Switch|p2a: Aggron\n|-activate|p2a: Aggron|move: Protect\n|move|p2b: Mr. Rime|Shadow Ball|p1b: Arcanine\n|-damage|p1b: Arcanine|36/100\n|\n|-weather|none\n|-heal|p1a: Rotom|28/100|[from] item: Leftovers\n|-damage|p2a: Aggron|72/100 brn|[from] brn\n|upkeep\n|turn|8\n|\n|t:|1776554793\n|move|p1b: Arcanine|Flamethrower|p2a: Aggron\n|-supereffective|p2a: Aggron|1\n|-damage|p2a: Aggron|32/100 brn\n|move|p1a: Rotom|Electroweb|p2b: Mr. Rime|[spread] p2b\n|-miss|p1a: Rotom|p2a: Aggron\n|-damage|p2b: Mr. Rime|81/100\n|-unboost|p2b: Mr. Rime|spe|1\n|move|p2a: Aggron|Body Press|p1b: Arcanine\n|-damage|p1b: Arcanine|17/100\n|move|p2b: Mr. Rime|Shadow Ball|p1b: Arcanine\n|-damage|p1b: Arcanine|0 fnt\n|faint|p1b: Arcanine\n|\n|-heal|p1a: Rotom|34/100|[from] item: Leftovers\n|-damage|p2a: Aggron|25/100 brn|[from] brn\n|upkeep\n|\n|t:|1776554804\n|switch|p1b: Ditto|Ditto, L50|100/100\n|-transform|p1b: Ditto|p2a: Aggron|[from] ability: Imposter\n|turn|9\n|j| Arkhyr\n|\n|t:|1776554818\n|move|p1a: Rotom|Electroweb|p2a: Aggron|[spread] p2a,p2b\n|-damage|p2a: Aggron|8/100 brn\n|-damage|p2b: Mr. Rime|62/100\n|-unboost|p2a: Aggron|spe|1\n|-unboost|p2b: Mr. Rime|spe|1\n|move|p1b: Ditto|Body Press|p2a: Aggron\n|-supereffective|p2a: Aggron|1\n|-damage|p2a: Aggron|0 fnt\n|faint|p2a: Aggron\n|move|p2b: Mr. Rime|Shadow Ball|p1a: Rotom\n|-damage|p1a: Rotom|11/100\n|\n|-heal|p1a: Rotom|17/100|[from] item: Leftovers\n|upkeep\n|turn|10\n|\n|t:|1776554827\n|move|p1a: Rotom|Protect|p1a: Rotom\n|-singleturn|p1a: Rotom|Protect\n|move|p1b: Ditto|Body Press|p2b: Mr. Rime\n|-damage|p2b: Mr. Rime|25/100\n|move|p2b: Mr. Rime|Shadow Ball|p1a: Rotom\n|-activate|p1a: Rotom|move: Protect\n|\n|-heal|p1a: Rotom|23/100|[from] item: Leftovers\n|upkeep\n|turn|11\n|\n|t:|1776554839\n|move|p1a: Rotom|Electroweb|p2b: Mr. Rime\n|-damage|p2b: Mr. Rime|0 fnt\n|faint|p2b: Mr. Rime\n|\n|win|dl joltyzz\n|c|\u2606dl joltyzz|gg\n|l|\u2606Temper0\n|player|p2|\n",
  "uploadtime": 1776554841,
  "views": 34,
  "formatid": "gen9championsvgc2026regma",
  "rating": null,
  "private": 0,
  "password": null
}