{
  "id": "gen9championsvgc2026regma-2585922307",
  "format": "[Gen 9 Champions] VGC 2026 Reg M-A",
  "players": [
    "JustJakeyVGC",
    "Lovelees"
  ],
  "log": "|j|\u2606JustJakeyVGC\n|j|\u2606Lovelees\n|t:|1776381740\n|gametype|doubles\n|player|p1|JustJakeyVGC|102|1496\n|player|p2|Lovelees|2|1490\n|gen|9\n|tier|[Gen 9 Champions] VGC 2026 Reg M-A\n|rated|\n|rule|Species Clause: Limit one of each Pok\u00e9mon\n|rule|Item Clause: Limit 1 of each item\n|clearpoke\n|poke|p1|Lopunny, L50, F|\n|poke|p1|Incineroar, L50, M|\n|poke|p1|Basculegion, L50, M|\n|poke|p1|Volcarona, L50, F|\n|poke|p1|Farigiraf, L50, F|\n|poke|p1|Drampa, L50, M|\n|poke|p2|Froslass, L50, F|\n|poke|p2|Kingambit, L50, F|\n|poke|p2|Sneasler, L50, F|\n|poke|p2|Rotom-Heat, L50|\n|poke|p2|Basculegion, L50, M|\n|poke|p2|Sinistcha, L50|\n|teampreview|4\n|\n|t:|1776381798\n|teamsize|p1|4\n|teamsize|p2|4\n|start\n|switch|p1a: Lopunny|Lopunny, L50, F|100/100\n|switch|p1b: Volcarona|Volcarona, L50, F|100/100\n|switch|p2a: Sinistcha|Sinistcha, L50|100/100\n|switch|p2b: Froslass|Froslass, L50, F|100/100\n|turn|1\n|\n|t:|1776381847\n|switch|p2a: Sneasler|Sneasler, L50, F|100/100\n|detailschange|p1a: Lopunny|Lopunny-Mega, L50, F\n|-mega|p1a: Lopunny|Lopunny|Lopunnite\n|move|p2b: Froslass|Protect|p2b: Froslass\n|-singleturn|p2b: Froslass|Protect\n|move|p1a: Lopunny|Fake Out|p2b: Froslass\n|-activate|p2b: Froslass|move: Protect\n|move|p1b: Volcarona|Quiver Dance|p1b: Volcarona\n|-boost|p1b: Volcarona|spa|1\n|-boost|p1b: Volcarona|spd|1\n|-boost|p1b: Volcarona|spe|1\n|\n|upkeep\n|turn|2\n|inactive|Battle timer is ON: inactive players will automatically lose when time's up. (requested by JustJakeyVGC)\n|\n|t:|1776381913\n|switch|p2b: Sinistcha|Sinistcha, L50|100/100\n|move|p2a: Sneasler|Fake Out|p1b: Volcarona\n|-damage|p1b: Volcarona|81/100\n|cant|p1b: Volcarona|flinch\n|move|p1a: Lopunny|Close Combat|p2b: Sinistcha\n|-damage|p2b: Sinistcha|44/100\n|-unboost|p1a: Lopunny|def|1\n|-unboost|p1a: Lopunny|spd|1\n|-enditem|p2b: Sinistcha|Sitrus Berry|[eat]\n|-heal|p2b: Sinistcha|69/100|[from] item: Sitrus Berry\n|\n|upkeep\n|turn|3\n|inactive|JustJakeyVGC has 30 seconds left.\n|inactive|Lovelees has 30 seconds left.\n|\n|t:|1776381948\n|move|p1b: Volcarona|Heat Wave|p2a: Sneasler|[spread] p2a\n|-miss|p1b: Volcarona|p2b: Sinistcha\n|-damage|p2a: Sneasler|20/100\n|move|p1a: Lopunny|Triple Axel|p2a: Sneasler\n|-damage|p2a: Sneasler|8/100\n|-damage|p2a: Sneasler|0 fnt\n|faint|p2a: Sneasler\n|-hitcount|p2: Sneasler|2\n|move|p2b: Sinistcha|Trick Room|p2b: Sinistcha\n|-fieldstart|move: Trick Room|[of] p2b: Sinistcha\n|\n|upkeep\n|\n|t:|1776381964\n|switch|p2a: Froslass|Froslass, L50, F|100/100\n|turn|4\n|\n|t:|1776381981\n|switch|p1a: Incineroar|Incineroar, L50, M|100/100\n|-ability|p1a: Incineroar|Intimidate|boost\n|-unboost|p2a: Froslass|atk|1\n|-unboost|p2b: Sinistcha|atk|1\n|detailschange|p2a: Froslass|Froslass-Mega, L50, F\n|-mega|p2a: Froslass|Froslass|Froslassite\n|-weather|Snowscape|[from] ability: Snow Warning|[of] p2a: Froslass\n|move|p2b: Sinistcha|Matcha Gotcha|p1b: Volcarona|[spread] p1a,p1b\n|-resisted|p1a: Incineroar|1\n|-resisted|p1b: Volcarona|2\n|-damage|p1a: Incineroar|91/100\n|-heal|p2b: Sinistcha|75/100|[from] drain|[of] p1a: Incineroar\n|-damage|p1b: Volcarona|77/100\n|-heal|p2b: Sinistcha|77/100|[from] drain|[of] p1b: Volcarona\n|move|p2a: Froslass|Blizzard|p1a: Incineroar|[spread] p1a,p1b\n|-resisted|p1a: Incineroar|1\n|-resisted|p1b: Volcarona|1\n|-damage|p1a: Incineroar|71/100\n|-damage|p1b: Volcarona|60/100\n|move|p1b: Volcarona|Heat Wave|p2a: Froslass|[spread] p2a,p2b\n|-supereffective|p2a: Froslass|1\n|-supereffective|p2b: Sinistcha|1\n|-damage|p2a: Froslass|0 fnt\n|-damage|p2b: Sinistcha|0 fnt\n|faint|p2a: Froslass\n|faint|p2b: Sinistcha\n|\n|-weather|Snowscape|[upkeep]\n|upkeep\n|j| Camila\u2764\ufe0fTurtleboy\n|l| Camila\u2764\ufe0fTurtleboy\n|inactive|Lovelees has 30 seconds left.\n|\n|t:|1776382008\n|switch|p2b: Kingambit|Kingambit, L50, F|100/100\n|turn|5\n|\n|t:|1776382014\n|move|p1a: Incineroar|Fake Out|p2b: Kingambit\n|-resisted|p2b: Kingambit|1\n|-damage|p2b: Kingambit|96/100\n|cant|p2b: Kingambit|flinch\n|move|p1b: Volcarona|Quiver Dance|p1b: Volcarona\n|-boost|p1b: Volcarona|spa|1\n|-boost|p1b: Volcarona|spd|1\n|-boost|p1b: Volcarona|spe|1\n|\n|-weather|Snowscape|[upkeep]\n|upkeep\n|turn|6\n|-message|Lovelees forfeited.\n|\n|win|JustJakeyVGC\n|raw|JustJakeyVGC's rating: 1496 &rarr; <strong>1516</strong><br />(+20 for winning)\n|raw|Lovelees's rating: 1490 &rarr; <strong>1470</strong><br />(-20 for losing)\n|l|\u2606Lovelees\n|player|p2|\n",
  "uploadtime": 1776382040,
  "views": 50,
  "formatid": "gen9championsvgc2026regma",
  "rating": 1470,
  "private": 0,
  "password": null
}