{
  "id": "gen9championsvgc2026regma-2586369362",
  "format": "[Gen 9 Champions] VGC 2026 Reg M-A",
  "players": [
    "Yamoshi78",
    "GDubs21LC"
  ],
  "log": "|j|\u2606Yamoshi78\n|j|\u2606GDubs21LC\n|t:|1776429486\n|gametype|doubles\n|player|p1|Yamoshi78|shadowtriad|1113\n|player|p2|GDubs21LC|gambler|1117\n|gen|9\n|tier|[Gen 9 Champions] VGC 2026 Reg M-A\n|rated|\n|rule|Species Clause: Limit one of each Pok\u00e9mon\n|rule|Item Clause: Limit 1 of each item\n|clearpoke\n|poke|p1|Meganium, L50, F|\n|poke|p1|Excadrill, L50, M|\n|poke|p1|Tyranitar, L50, F|\n|poke|p1|Rotom-Wash, L50|\n|poke|p1|Dragapult, L50, F|\n|poke|p1|Sneasler, L50, F|\n|poke|p2|Aggron, L50, M|\n|poke|p2|Sinistcha, L50|\n|poke|p2|Armarouge, L50, M|\n|poke|p2|Hatterene, L50, F|\n|poke|p2|Torkoal, L50, M|\n|poke|p2|Garganacl, L50, F|\n|teampreview|4\n|\n|t:|1776429527\n|teamsize|p1|4\n|teamsize|p2|4\n|start\n|switch|p1a: Sneasler|Sneasler, L50, F|100/100\n|switch|p1b: Meganium|Meganium, L50, F|100/100\n|switch|p2a: Hatterene|Hatterene, L50, F|100/100\n|switch|p2b: Aggron|Aggron, L50, M, shiny|100/100\n|turn|1\n|\n|t:|1776429547\n|detailschange|p1b: Meganium|Meganium-Mega, L50, F\n|-mega|p1b: Meganium|Meganium|Meganiumite\n|detailschange|p2b: Aggron|Aggron-Mega, L50, M, shiny\n|-mega|p2b: Aggron|Aggron|Aggronite\n|move|p1a: Sneasler|Dire Claw|p2a: Hatterene\n|-supereffective|p2a: Hatterene|1\n|-damage|p2a: Hatterene|18/100\n|move|p1b: Meganium|Solar Beam||[still]\n|-prepare|p1b: Meganium|Solar Beam\n|-activate|p1b: Meganium|ability: Mega Sol\n|-anim|p1b: Meganium|Solar Beam|p2a: Hatterene\n|-damage|p2a: Hatterene|0 fnt\n|faint|p2a: Hatterene\n|move|p2b: Aggron|Iron Defense|p2b: Aggron\n|-boost|p2b: Aggron|def|2\n|\n|upkeep\n|\n|t:|1776429564\n|switch|p2a: Armarouge|Armarouge, L50, M|100/100\n|turn|2\n|\n|t:|1776429593\n|move|p1a: Sneasler|Dire Claw|p2a: Armarouge\n|-damage|p2a: Armarouge|66/100\n|-status|p2a: Armarouge|par\n|move|p1b: Meganium|Weather Ball|p2b: Aggron\n|-supereffective|p2b: Aggron|1\n|-damage|p2b: Aggron|24/100\n|move|p2b: Aggron|Heavy Slam|p1b: Meganium\n|-supereffective|p1b: Meganium|1\n|-damage|p1b: Meganium|68/100\n|move|p2a: Armarouge|Psychic|p1a: Sneasler\n|-supereffective|p1a: Sneasler|2\n|-damage|p1a: Sneasler|0 fnt\n|faint|p1a: Sneasler\n|\n|upkeep\n|\n|t:|1776429610\n|switch|p1a: Tyranitar|Tyranitar, L50, F|100/100\n|-weather|Sandstorm|[from] ability: Sand Stream|[of] p1a: Tyranitar\n|turn|3\n|\n|t:|1776429634\n|move|p1b: Meganium|Protect|p1b: Meganium\n|-singleturn|p1b: Meganium|Protect\n|move|p2a: Armarouge|Ally Switch|p2a: Armarouge\n|swap|p2a: Armarouge|1|[from] move: Ally Switch\n|move|p1a: Tyranitar|Rock Slide|p2a: Aggron|[spread] p2a,p2b\n|-resisted|p2a: Aggron|1\n|-supereffective|p2b: Armarouge|1\n|-damage|p2a: Aggron|20/100\n|-damage|p2b: Armarouge|2/100 par\n|move|p2a: Aggron|Body Press|p1a: Tyranitar\n|-supereffective|p1a: Tyranitar|2\n|-damage|p1a: Tyranitar|0 fnt\n|faint|p1a: Tyranitar\n|\n|-weather|Sandstorm|[upkeep]\n|-damage|p1b: Meganium|63/100|[from] Sandstorm\n|-damage|p2b: Armarouge|0 fnt|[from] Sandstorm\n|faint|p2b: Armarouge\n|upkeep\n|\n|t:|1776429652\n|switch|p1a: Excadrill|Excadrill, L50, M|100/100\n|switch|p2b: Torkoal|Torkoal, L50, M|100/100\n|-weather|SunnyDay|[from] ability: Drought|[of] p2b: Torkoal\n|turn|4\n|\n|t:|1776429671\n|move|p1a: Excadrill|Earthquake|p2b: Torkoal|[spread] p1b,p2a,p2b\n|-resisted|p1b: Meganium|1\n|-supereffective|p2a: Aggron|1\n|-supereffective|p2b: Torkoal|1\n|-damage|p1b: Meganium|44/100\n|-damage|p2a: Aggron|4/100\n|-damage|p2b: Torkoal|18/100\n|move|p1b: Meganium|Solar Beam||[still]\n|-prepare|p1b: Meganium|Solar Beam\n|-anim|p1b: Meganium|Solar Beam|p2b: Torkoal\n|-resisted|p2b: Torkoal|1\n|-damage|p2b: Torkoal|0 fnt\n|faint|p2b: Torkoal\n|move|p2a: Aggron|Body Press|p1a: Excadrill\n|-supereffective|p1a: Excadrill|1\n|-enditem|p1a: Excadrill|Focus Sash\n|-damage|p1a: Excadrill|1/100\n|\n|-weather|SunnyDay|[upkeep]\n|upkeep\n|turn|5\n|\n|t:|1776429697\n|move|p2a: Aggron|Protect|p2a: Aggron\n|-singleturn|p2a: Aggron|Protect\n|move|p1a: Excadrill|Earthquake|p2a: Aggron|[spread] p1b\n|-activate|p2a: Aggron|move: Protect\n|-resisted|p1b: Meganium|1\n|-damage|p1b: Meganium|25/100\n|move|p1b: Meganium|Weather Ball|p2a: Aggron\n|-activate|p2a: Aggron|move: Protect\n|\n|-weather|SunnyDay|[upkeep]\n|upkeep\n|turn|6\n|\n|t:|1776429712\n|move|p1a: Excadrill|Earthquake|p2a: Aggron|[spread] p1b,p2a\n|-resisted|p1b: Meganium|1\n|-supereffective|p2a: Aggron|1\n|-damage|p1b: Meganium|6/100\n|-damage|p2a: Aggron|0 fnt\n|faint|p2a: Aggron\n|\n|win|Yamoshi78\n|raw|Yamoshi78's rating: 1113 &rarr; <strong>1138</strong><br />(+25 for winning)\n|raw|GDubs21LC's rating: 1117 &rarr; <strong>1092</strong><br />(-25 for losing)\n|l|\u2606GDubs21LC\n|player|p2|\n",
  "uploadtime": 1776429725,
  "views": 28,
  "formatid": "gen9championsvgc2026regma",
  "rating": 1092,
  "private": 0,
  "password": null
}