{
  "id": "gen9championsvgc2026regma-2584550229",
  "format": "[Gen 9 Champions] VGC 2026 Reg M-A",
  "players": [
    "Sceptilicious",
    "shen51999"
  ],
  "log": "|j|\u2606Sceptilicious\n|j|\u2606shen51999\n|t:|1776268145\n|gametype|doubles\n|player|p1|Sceptilicious|169|1183\n|player|p2|shen51999|2|1118\n|gen|9\n|tier|[Gen 9 Champions] VGC 2026 Reg M-A\n|rated|\n|rule|Species Clause: Limit one of each Pok\u00e9mon\n|rule|Item Clause: Limit 1 of each item\n|clearpoke\n|poke|p1|Sinistcha, L50|\n|poke|p1|Dragonite, L50, M|\n|poke|p1|Milotic, L50, M|\n|poke|p1|Incineroar, L50, F|\n|poke|p1|Rotom-Wash, L50|\n|poke|p1|Maushold, L50|\n|poke|p2|Farigiraf, L50, M|\n|poke|p2|Tyranitar, L50, F|\n|poke|p2|Milotic, L50, F|\n|poke|p2|Incineroar, L50, M|\n|poke|p2|Gyarados, L50, F|\n|poke|p2|Glimmora, L50, M|\n|teampreview|4\nSceptilicious has agreed to open team sheets.\n|inactive|Battle timer is ON: inactive players will automatically lose when time's up. (requested by shen51999)\n|\n|t:|1776268194\n|teamsize|p1|4\n|teamsize|p2|4\n|start\n|switch|p1a: Wolfey|Incineroar, L50, F|100/100\n|switch|p1b: Lucy|Milotic, L50, M, shiny|100/100\n|switch|p2a: Glimmora|Glimmora, L50, M|100/100\n|switch|p2b: Tyranitar|Tyranitar, L50, F|100/100\n|-weather|Sandstorm|[from] ability: Sand Stream|[of] p2b: Tyranitar\n|-ability|p1a: Wolfey|Intimidate|boost\n|-unboost|p2a: Glimmora|atk|1\n|-unboost|p2b: Tyranitar|atk|1\n|turn|1\n|inactive|shen51999 has 30 seconds left.\n|\n|t:|1776268226\n|switch|p2b: Farigiraf|Farigiraf, L50, M|100/100\n|move|p1a: Wolfey|Fake Out||[still]\n|cant|p2b: Farigiraf|ability: Armor Tail|Fake Out|[of] p1a: Wolfey\n|move|p2a: Glimmora|Toxic|p1b: Lucy\n|-status|p1b: Lucy|tox\n|move|p1b: Lucy|Rain Dance|p1b: Lucy\n|-weather|RainDance\n|\n|-weather|RainDance|[upkeep]\n|-damage|p1b: Lucy|95/100 tox|[from] psn\n|upkeep\n|turn|2\n|inactive|shen51999 has 30 seconds left.\n|\n|t:|1776268260\n|move|p2a: Glimmora|Toxic Spikes|p1a: Wolfey\n|-sidestart|p1: Sceptilicious|move: Toxic Spikes\n|move|p1b: Lucy|Scald|p2a: Glimmora\n|-supereffective|p2a: Glimmora|1\n|-crit|p2a: Glimmora\n|-damage|p2a: Glimmora|0 fnt\n|faint|p2a: Glimmora\n|move|p2b: Farigiraf|Light Screen|p2b: Farigiraf\n|-sidestart|p2: shen51999|move: Light Screen\n|move|p1a: Wolfey|Darkest Lariat|p2b: Farigiraf\n|-supereffective|p2b: Farigiraf|1\n|-damage|p2b: Farigiraf|28/100\n|\n|-weather|RainDance|[upkeep]\n|-damage|p1b: Lucy|83/100 tox|[from] psn\n|upkeep\n|\n|t:|1776268274\n|switch|p2a: Tyranitar|Tyranitar, L50, F|100/100\n|-weather|Sandstorm|[from] ability: Sand Stream|[of] p2a: Tyranitar\n|turn|3\n|\n|t:|1776268292\n|switch|p2b: Milotic|Milotic, L50, F|100/100\n|move|p1b: Lucy|Scald|p2a: Tyranitar\n|-supereffective|p2a: Tyranitar|1\n|-damage|p2a: Tyranitar|75/100\n|-status|p2a: Tyranitar|brn\n|-enditem|p2a: Tyranitar|Lum Berry|[eat]\n|-curestatus|p2a: Tyranitar|brn|[msg]\n|move|p2a: Tyranitar|Knock Off|p1b: Lucy\n|-damage|p1b: Lucy|42/100 tox\n|-enditem|p1b: Lucy|Mystic Water|[from] move: Knock Off|[of] p2a: Tyranitar\n|move|p1a: Wolfey|Darkest Lariat|p2b: Milotic\n|-damage|p2b: Milotic|74/100\n|\n|-weather|Sandstorm|[upkeep]\n|-damage|p2b: Milotic|68/100|[from] Sandstorm\n|-damage|p1b: Lucy|36/100 tox|[from] Sandstorm\n|-damage|p1a: Wolfey|94/100|[from] Sandstorm\n|-damage|p1b: Lucy|19/100 tox|[from] psn\n|upkeep\n|turn|4\n|inactive|Sceptilicious has 30 seconds left.\n|inactive|shen51999 has 30 seconds left.\n|\n|t:|1776268325\n|move|p2b: Milotic|Coil|p2b: Milotic\n|-boost|p2b: Milotic|atk|1\n|-boost|p2b: Milotic|def|1\n|-boost|p2b: Milotic|accuracy|1\n|move|p1b: Lucy|Scald|p2a: Tyranitar\n|-supereffective|p2a: Tyranitar|1\n|-damage|p2a: Tyranitar|56/100\n|move|p2a: Tyranitar|Stealth Rock|p1a: Wolfey\n|-sidestart|p1: Sceptilicious|move: Stealth Rock\n|move|p1a: Wolfey|Parting Shot|p2a: Tyranitar\n|-unboost|p2a: Tyranitar|atk|1\n|-unboost|p2a: Tyranitar|spa|1\n|\n|t:|1776268334\n|switch|p1a: Tea Time|Sinistcha, L50|100/100|[from] Parting Shot\n|-status|p1a: Tea Time|psn\n|-damage|p1a: Tea Time|88/100 psn|[from] Stealth Rock\n|-heal|p1b: Lucy|43/100 tox|[from] ability: Hospitality|[of] p1a: Tea Time\n|\n|-weather|Sandstorm|[upkeep]\n|-damage|p2b: Milotic|62/100|[from] Sandstorm\n|-damage|p1b: Lucy|38/100 tox|[from] Sandstorm\n|-damage|p1a: Tea Time|82/100 psn|[from] Sandstorm\n|-damage|p1b: Lucy|14/100 tox|[from] psn\n|-damage|p1a: Tea Time|70/100 psn|[from] psn\n|upkeep\n|turn|5\n|\n|t:|1776268353\n|move|p2b: Milotic|Recover|p2b: Milotic\n|-heal|p2b: Milotic|100/100\n|move|p1b: Lucy|Scald|p2a: Tyranitar\n|-supereffective|p2a: Tyranitar|1\n|-damage|p2a: Tyranitar|37/100\n|-status|p2a: Tyranitar|brn\n|move|p2a: Tyranitar|Knock Off|p1a: Tea Time\n|-supereffective|p1a: Tea Time|1\n|-damage|p1a: Tea Time|44/100 psn\n|-enditem|p1a: Tea Time|Sitrus Berry|[from] move: Knock Off|[of] p2a: Tyranitar\n|move|p1a: Tea Time|Matcha Gotcha|p2a: Tyranitar|[spread] p2a,p2b\n|-supereffective|p2a: Tyranitar|1\n|-supereffective|p2b: Milotic|1\n|-damage|p2a: Tyranitar|19/100 brn\n|-heal|p1a: Tea Time|56/100 psn|[from] drain|[of] p2a: Tyranitar\n|-damage|p2b: Milotic|76/100\n|-heal|p1a: Tea Time|73/100 psn|[from] drain|[of] p2b: Milotic\n|\n|-weather|Sandstorm|[upkeep]\n|-damage|p2b: Milotic|70/100|[from] Sandstorm\n|-damage|p1b: Lucy|8/100 tox|[from] Sandstorm\n|-damage|p1a: Tea Time|67/100 psn|[from] Sandstorm\n|-damage|p1b: Lucy|0 fnt|[from] psn\n|faint|p1b: Lucy\n|-damage|p1a: Tea Time|55/100 psn|[from] psn\n|-damage|p2a: Tyranitar|14/100 brn|[from] brn\n|upkeep\n|inactive|Sceptilicious has 30 seconds left.\n|\n|t:|1776268380\n|switch|p1b: Wolfey|Incineroar, L50, F|94/100\n|-status|p1b: Wolfey|psn\n|-damage|p1b: Wolfey|69/100 psn|[from] Stealth Rock\n|-ability|p1b: Wolfey|Intimidate|boost\n|-unboost|p2a: Tyranitar|atk|1\n|-unboost|p2b: Milotic|atk|1\n|-ability|p2b: Milotic|Competitive|boost\n|-boost|p2b: Milotic|spa|2\n|turn|6\n|\n|t:|1776268402\n|switch|p2a: Farigiraf|Farigiraf, L50, M|28/100\n|move|p1b: Wolfey|Fake Out||[still]\n|cant|p2a: Farigiraf|ability: Armor Tail|Fake Out|[of] p1b: Wolfey\n|move|p2b: Milotic|Icy Wind|p1a: Tea Time|[spread] p1a,p1b\n|-supereffective|p1a: Tea Time|1\n|-resisted|p1b: Wolfey|1\n|-damage|p1a: Tea Time|13/100 psn\n|-damage|p1b: Wolfey|60/100 psn\n|-unboost|p1a: Tea Time|spe|1\n|-unboost|p1b: Wolfey|spe|1\n|move|p1a: Tea Time|Matcha Gotcha|p2b: Milotic|[spread] p2a,p2b\n|-supereffective|p2b: Milotic|1\n|-damage|p2a: Farigiraf|15/100\n|-heal|p1a: Tea Time|23/100 psn|[from] drain|[of] p2a: Farigiraf\n|-damage|p2b: Milotic|42/100\n|-heal|p1a: Tea Time|42/100 psn|[from] drain|[of] p2b: Milotic\n|-status|p2b: Milotic|brn\n|-enditem|p2b: Milotic|Sitrus Berry|[eat]\n|-heal|p2b: Milotic|67/100 brn|[from] item: Sitrus Berry\n|\n|-weather|Sandstorm|[upkeep]\n|-damage|p2b: Milotic|61/100 brn|[from] Sandstorm\n|-damage|p2a: Farigiraf|9/100|[from] Sandstorm\n|-damage|p1a: Tea Time|36/100 psn|[from] Sandstorm\n|-damage|p1b: Wolfey|54/100 psn|[from] Sandstorm\n|-damage|p1a: Tea Time|23/100 psn|[from] psn\n|-damage|p1b: Wolfey|42/100 psn|[from] psn\n|-damage|p2b: Milotic|55/100 brn|[from] brn\n|-sideend|p2: shen51999|move: Light Screen\n|upkeep\n|turn|7\n|inactive|Sceptilicious has 30 seconds left.\n|inactive|shen51999 has 30 seconds left.\n|inactive|shen51999 has 20 seconds left.\n|\n|t:|1776268441\n|move|p2b: Milotic|Recover|p2b: Milotic\n|-heal|p2b: Milotic|100/100 brn\n|move|p2a: Farigiraf|Reflect|p2a: Farigiraf\n|-sidestart|p2: shen51999|Reflect\n|move|p1a: Tea Time|Matcha Gotcha|p2a: Farigiraf|[spread] p2a,p2b\n|-supereffective|p2b: Milotic|1\n|-damage|p2a: Farigiraf|0 fnt\n|-heal|p1a: Tea Time|30/100 psn|[from] drain|[of] p2a: Farigiraf\n|-damage|p2b: Milotic|64/100 brn\n|-heal|p1a: Tea Time|55/100 psn|[from] drain|[of] p2b: Milotic\n|faint|p2a: Farigiraf\n|move|p1b: Wolfey|Darkest Lariat|p2b: Milotic\n|-damage|p2b: Milotic|47/100 brn\n|-heal|p1b: Wolfey|44/100 psn|[from] item: Shell Bell|[of] p2b: Milotic\n|\n|-weather|none\n|-damage|p1a: Tea Time|42/100 psn|[from] psn\n|-damage|p1b: Wolfey|32/100 psn|[from] psn\n|-damage|p2b: Milotic|41/100 brn|[from] brn\n|upkeep\n|\n|t:|1776268461\n|switch|p2a: Tyranitar|Tyranitar, L50, F|14/100 brn\n|-weather|Sandstorm|[from] ability: Sand Stream|[of] p2a: Tyranitar\n|turn|8\n|\n|t:|1776268478\n|move|p2b: Milotic|Recover|p2b: Milotic\n|-heal|p2b: Milotic|91/100 brn\n|move|p2a: Tyranitar|Rest|p2a: Tyranitar\n|-status|p2a: Tyranitar|slp|[from] move: Rest\n|-heal|p2a: Tyranitar|100/100 slp|[silent]\n|move|p1a: Tea Time|Matcha Gotcha|p2a: Tyranitar|[spread] p2a,p2b\n|-supereffective|p2a: Tyranitar|1\n|-supereffective|p2b: Milotic|1\n|-damage|p2a: Tyranitar|72/100 slp\n|-heal|p1a: Tea Time|63/100 psn|[from] drain|[of] p2a: Tyranitar\n|-damage|p2b: Milotic|48/100 brn\n|-heal|p1a: Tea Time|92/100 psn|[from] drain|[of] p2b: Milotic\n|move|p1b: Wolfey|Darkest Lariat|p2b: Milotic\n|-damage|p2b: Milotic|29/100 brn\n|-heal|p1b: Wolfey|34/100 psn|[from] item: Shell Bell|[of] p2b: Milotic\n|\n|-weather|Sandstorm|[upkeep]\n|-damage|p2b: Milotic|23/100 brn|[from] Sandstorm\n|-damage|p1a: Tea Time|86/100 psn|[from] Sandstorm\n|-damage|p1b: Wolfey|28/100 psn|[from] Sandstorm\n|-damage|p1a: Tea Time|73/100 psn|[from] psn\n|-damage|p1b: Wolfey|16/100 psn|[from] psn\n|-damage|p2b: Milotic|17/100 brn|[from] brn\n|upkeep\n|turn|9\n|inactive|Sceptilicious has 30 seconds left.\n|inactive|shen51999 has 30 seconds left.\n|\n|t:|1776268508\n|move|p2b: Milotic|Icy Wind|p1a: Tea Time|[spread] p1a,p1b\n|-supereffective|p1a: Tea Time|1\n|-resisted|p1b: Wolfey|1\n|-damage|p1a: Tea Time|30/100 psn\n|-damage|p1b: Wolfey|7/100 psn\n|-unboost|p1a: Tea Time|spe|1\n|-unboost|p1b: Wolfey|spe|1\n|cant|p2a: Tyranitar|slp\n|move|p1a: Tea Time|Matcha Gotcha|p2b: Milotic|[spread] p2a,p2b\n|-supereffective|p2a: Tyranitar|1\n|-supereffective|p2b: Milotic|1\n|-damage|p2a: Tyranitar|45/100 slp\n|-heal|p1a: Tea Time|48/100 psn|[from] drain|[of] p2a: Tyranitar\n|-damage|p2b: Milotic|0 fnt\n|-heal|p1a: Tea Time|60/100 psn|[from] drain|[of] p2b: Milotic\n|faint|p2b: Milotic\n|move|p1b: Wolfey|Darkest Lariat|p2a: Tyranitar\n|-resisted|p2a: Tyranitar|1\n|-damage|p2a: Tyranitar|37/100 slp\n|-heal|p1b: Wolfey|8/100 psn|[from] item: Shell Bell|[of] p2a: Tyranitar\n|\n|-weather|Sandstorm|[upkeep]\n|-damage|p1a: Tea Time|54/100 psn|[from] Sandstorm\n|-damage|p1b: Wolfey|2/100 psn|[from] Sandstorm\n|-damage|p1a: Tea Time|42/100 psn|[from] psn\n|-damage|p1b: Wolfey|0 fnt|[from] psn\n|faint|p1b: Wolfey\n|upkeep\n|-message|shen51999 forfeited.\n|\n|win|Sceptilicious\n|raw|Sceptilicious's rating: 1183 &rarr; <strong>1203</strong><br />(+20 for winning)\n|raw|shen51999's rating: 1118 &rarr; <strong>1098</strong><br />(-20 for losing)\n|l|\u2606shen51999\n|player|p2|\n",
  "uploadtime": 1776268531,
  "views": 19,
  "formatid": "gen9championsvgc2026regma",
  "rating": 1098,
  "private": 0,
  "password": null
}