{
  "id": "gen9championsvgc2026regma-2586145192",
  "format": "[Gen 9 Champions] VGC 2026 Reg M-A",
  "players": [
    "Vienna Vaporeons",
    "henitusec"
  ],
  "log": "|j|\u2606Vienna Vaporeons\n|j|\u2606henitusec\n|t:|1776404682\n|gametype|doubles\n|player|p1|Vienna Vaporeons|1|1271\n|player|p2|henitusec|volo|1304\n|gen|9\n|tier|[Gen 9 Champions] VGC 2026 Reg M-A\n|rated|\n|rule|Species Clause: Limit one of each Pok\u00e9mon\n|rule|Item Clause: Limit 1 of each item\n|clearpoke\n|poke|p1|Froslass, L50, F|\n|poke|p1|Kingambit, L50, F|\n|poke|p1|Arcanine-Hisui, L50, F|\n|poke|p1|Palafin, L50, M|\n|poke|p1|Sinistcha, L50|\n|poke|p1|Sneasler, L50, M|\n|poke|p2|Gardevoir, L50, F|\n|poke|p2|Aegislash, L50, M|\n|poke|p2|Incineroar, L50, M|\n|poke|p2|Vivillon-Polar, L50, M|\n|poke|p2|Whimsicott, L50, M|\n|poke|p2|Tauros-Paldea-Aqua, L50, M|\n|teampreview|4\n|inactive|Battle timer is ON: inactive players will automatically lose when time's up. (requested by henitusec)\n|\n|t:|1776404699\n|teamsize|p1|4\n|teamsize|p2|4\n|start\n|switch|p1a: Kingambit|Kingambit, L50, F, shiny|100/100\n|switch|p1b: Sneasler|Sneasler, L50, M, shiny|100/100\n|switch|p2a: Vivillon|Vivillon-Polar, L50, M|100/100\n|switch|p2b: Gardevoir|Gardevoir, L50, F, shiny|100/100\n|-ability|p2b: Gardevoir|Defiant|Trace|[from] ability: Trace|[of] p1a: Kingambit\n|turn|1\n|\n|t:|1776404714\n|detailschange|p2b: Gardevoir|Gardevoir-Mega, L50, F, shiny\n|-mega|p2b: Gardevoir|Gardevoir|Gardevoirite\n|move|p1b: Sneasler|Fake Out|p2b: Gardevoir\n|-damage|p2b: Gardevoir|81/100\n|move|p2a: Vivillon|Sleep Powder|p1a: Kingambit|[miss]\n|-miss|p2a: Vivillon|p1a: Kingambit\n|cant|p2b: Gardevoir|flinch\n|move|p1a: Kingambit|Swords Dance|p1a: Kingambit\n|-boost|p1a: Kingambit|atk|2\n|\n|upkeep\n|turn|2\n|\n|t:|1776404734\n|move|p1a: Kingambit|Protect|p1a: Kingambit\n|-singleturn|p1a: Kingambit|Protect\n|move|p2a: Vivillon|Rage Powder|p2a: Vivillon\n|-singleturn|p2a: Vivillon|move: Rage Powder\n|move|p1b: Sneasler|Dire Claw|p2a: Vivillon\n|-crit|p2a: Vivillon\n|-enditem|p2a: Vivillon|Focus Sash\n|-damage|p2a: Vivillon|1/100\n|move|p2b: Gardevoir|Psychic|p1b: Sneasler\n|-supereffective|p1b: Sneasler|2\n|-crit|p1b: Sneasler\n|-damage|p1b: Sneasler|0 fnt\n|faint|p1b: Sneasler\n|\n|upkeep\n|\n|t:|1776404745\n|switch|p1b: Sinistcha|Sinistcha, L50, shiny|100/100\n|turn|3\n|\n|t:|1776404757\n|move|p2a: Vivillon|Rage Powder|p2a: Vivillon\n|-singleturn|p2a: Vivillon|move: Rage Powder\n|move|p1b: Sinistcha|Rage Powder|p1b: Sinistcha\n|-singleturn|p1b: Sinistcha|move: Rage Powder\n|move|p2b: Gardevoir|Hyper Voice|p1b: Sinistcha|[spread] p1a,p1b\n|-damage|p1a: Kingambit|51/100\n|-damage|p1b: Sinistcha|58/100\n|move|p1a: Kingambit|Kowtow Cleave|p2a: Vivillon\n|-damage|p2a: Vivillon|0 fnt\n|faint|p2a: Vivillon\n|\n|upkeep\n|\n|t:|1776404769\n|switch|p2a: Aegislash|Aegislash, L50, M|100/100\n|turn|4\n|\n|t:|1776404779\n|move|p2a: Aegislash|King's Shield|p2a: Aegislash\n|-singleturn|p2a: Aegislash|Protect\n|move|p1b: Sinistcha|Protect|p1b: Sinistcha\n|-singleturn|p1b: Sinistcha|Protect\n|move|p1a: Kingambit|Sucker Punch||[still]\n|-fail|p1a: Kingambit\n|move|p2b: Gardevoir|Destiny Bond|p2b: Gardevoir\n|-singlemove|p2b: Gardevoir|Destiny Bond\n|\n|upkeep\n|turn|5\n|\n|t:|1776404798\n|switch|p2a: Whimsicott|Whimsicott, L50, M|100/100\n|move|p1b: Sinistcha|Rage Powder|p1b: Sinistcha\n|-singleturn|p1b: Sinistcha|move: Rage Powder\n|move|p1a: Kingambit|Sucker Punch||[still]\n|-fail|p1a: Kingambit\n|move|p2b: Gardevoir|Hyper Voice|p1b: Sinistcha|[spread] p1a,p1b\n|-damage|p1a: Kingambit|2/100\n|-damage|p1b: Sinistcha|13/100\n|-enditem|p1b: Sinistcha|Sitrus Berry|[eat]\n|-heal|p1b: Sinistcha|38/100|[from] item: Sitrus Berry\n|\n|upkeep\n|turn|6\n|\n|t:|1776404823\n|switch|p1b: Froslass|Froslass, L50, F, shiny|100/100\n|move|p2a: Whimsicott|Moonblast|p1a: Kingambit\n|-damage|p1a: Kingambit|0 fnt\n|faint|p1a: Kingambit\n|move|p2b: Gardevoir|Destiny Bond|p2b: Gardevoir\n|-singlemove|p2b: Gardevoir|Destiny Bond\n|\n|upkeep\n|-message|Vienna Vaporeons forfeited.\n|\n|win|henitusec\n|raw|Vienna Vaporeons's rating: 1271 &rarr; <strong>1248</strong><br />(-23 for losing)\n|raw|henitusec's rating: 1304 &rarr; <strong>1322</strong><br />(+18 for winning)\n|l|\u2606Vienna Vaporeons\n|player|p1|\n",
  "uploadtime": 1776404829,
  "views": 42,
  "formatid": "gen9championsvgc2026regma",
  "rating": 1248,
  "private": 0,
  "password": null
}