{
  "id": "gen9championsvgc2026regma-2580659253",
  "format": "[Gen 9 Champions] VGC 2026 Reg M-A",
  "players": [
    "el_chapo929",
    "Borchimon"
  ],
  "log": "|j|\u2606el_chapo929\n|j|\u2606Borchimon\n|t:|1775922048\n|gametype|doubles\n|player|p1|el_chapo929|170|1047\n|player|p2|Borchimon|265|1000\n|gen|9\n|tier|[Gen 9 Champions] VGC 2026 Reg M-A\n|rated|\n|rule|Species Clause: Limit one of each Pok\u00e9mon\n|rule|Item Clause: Limit 1 of each item\n|clearpoke\n|poke|p1|Clefable, L50, M|\n|poke|p1|Tyranitar, L50, F|\n|poke|p1|Excadrill, L50, M|\n|poke|p1|Talonflame, L50, M|\n|poke|p1|Incineroar, L50, F|\n|poke|p1|Sableye, L50, F|\n|poke|p2|Avalugg-Hisui, L50, M|\n|poke|p2|Delphox, L50, M|\n|poke|p2|Araquanid, L50, M|\n|poke|p2|Raichu, L50, M|\n|poke|p2|Krookodile, L50, F|\n|poke|p2|Talonflame, L50, M|\n|teampreview|4\n|inactive|Battle timer is ON: inactive players will automatically lose when time's up. (requested by el_chapo929)\n|\n|t:|1775922093\n|teamsize|p1|4\n|teamsize|p2|4\n|start\n|switch|p1a: Sableye|Sableye, L50, F|100/100\n|switch|p1b: Tyranitar|Tyranitar, L50, F|100/100\n|switch|p2a: Raichu|Raichu, L50, M|100/100\n|switch|p2b: Araquanid|Araquanid, L50, M|100/100\n|-weather|Sandstorm|[from] ability: Sand Stream|[of] p1b: Tyranitar\n|turn|1\n|\n|t:|1775922113\n|switch|p1b: Incineroar|Incineroar, L50, F|100/100\n|-ability|p1b: Incineroar|Intimidate|boost\n|-unboost|p2a: Raichu|atk|1\n|-unboost|p2b: Araquanid|atk|1\n|move|p1a: Sableye|Fake Out|p2b: Araquanid\n|-damage|p2b: Araquanid|91/100\n|move|p2a: Raichu|Nuzzle|p1b: Incineroar\n|-damage|p1b: Incineroar|97/100\n|-status|p1b: Incineroar|par\n|cant|p2b: Araquanid|flinch\n|\n|-weather|Sandstorm|[upkeep]\n|-damage|p2a: Raichu|95/100|[from] Sandstorm\n|-damage|p1a: Sableye|95/100|[from] Sandstorm\n|-damage|p2b: Araquanid|85/100|[from] Sandstorm\n|-damage|p1b: Incineroar|91/100 par|[from] Sandstorm\n|upkeep\n|turn|2\n|inactive|Borchimon has 30 seconds left.\n|\n|t:|1775922140\n|switch|p2b: Krookodile|Krookodile, L50, F|100/100\n|-ability|p2b: Krookodile|Intimidate|boost\n|-unboost|p1a: Sableye|atk|1\n|-unboost|p1b: Incineroar|atk|1\n|move|p1a: Sableye|Will-O-Wisp|p2b: Krookodile\n|-hint|Since gen 7, Dark is immune to Prankster moves.\n|-immune|p2b: Krookodile\n|move|p2a: Raichu|Nuzzle|p1a: Sableye\n|-crit|p1a: Sableye\n|-damage|p1a: Sableye|81/100\n|-status|p1a: Sableye|par\n|move|p1b: Incineroar|Parting Shot|p2b: Krookodile\n|-unboost|p2b: Krookodile|atk|1\n|-unboost|p2b: Krookodile|spa|1\n|\n|t:|1775922157\n|switch|p1b: Tyranitar|Tyranitar, L50, F|100/100|[from] Parting Shot\n|\n|-weather|Sandstorm|[upkeep]\n|-damage|p2a: Raichu|89/100|[from] Sandstorm\n|-damage|p1a: Sableye|76/100 par|[from] Sandstorm\n|upkeep\n|turn|3\n|\n|t:|1775922170\n|switch|p1a: Incineroar|Incineroar, L50, F|91/100 par\n|-ability|p1a: Incineroar|Intimidate|boost\n|-unboost|p2a: Raichu|atk|1\n|-unboost|p2b: Krookodile|atk|1\n|detailschange|p1b: Tyranitar|Tyranitar-Mega, L50, F\n|-mega|p1b: Tyranitar|Tyranitar|Tyranitarite\n|move|p2b: Krookodile|High Horsepower|p1b: Tyranitar\n|-supereffective|p1b: Tyranitar|1\n|-damage|p1b: Tyranitar|69/100\n|move|p2a: Raichu|Nuzzle|p1b: Tyranitar\n|-damage|p1b: Tyranitar|67/100\n|-status|p1b: Tyranitar|par\n|move|p1b: Tyranitar|Dragon Dance|p1b: Tyranitar\n|-boost|p1b: Tyranitar|atk|1\n|-boost|p1b: Tyranitar|spe|1\n|\n|-weather|Sandstorm|[upkeep]\n|-damage|p2a: Raichu|83/100|[from] Sandstorm\n|-damage|p1a: Incineroar|85/100 par|[from] Sandstorm\n|upkeep\n|turn|4\n|inactive|Borchimon has 30 seconds left.\n|\n|t:|1775922203\n|switch|p2b: Avalugg|Avalugg-Hisui, L50, M|100/100\n|move|p2a: Raichu|Thunderbolt|p1b: Tyranitar\n|-damage|p1b: Tyranitar|50/100 par\n|move|p1b: Tyranitar|Knock Off|p2b: Avalugg\n|-damage|p2b: Avalugg|63/100\n|-enditem|p2b: Avalugg|Sitrus Berry|[from] move: Knock Off|[of] p1b: Tyranitar\n|move|p1a: Incineroar|Flare Blitz|p2a: Raichu\n|-damage|p2a: Raichu|0 fnt\n|faint|p2a: Raichu\n|-damage|p1a: Incineroar|67/100 par|[from] Recoil\n|\n|-weather|Sandstorm|[upkeep]\n|-damage|p1a: Incineroar|61/100 par|[from] Sandstorm\n|upkeep\n|\n|t:|1775922216\n|switch|p2a: Krookodile|Krookodile, L50, F|100/100\n|-ability|p2a: Krookodile|Intimidate|boost\n|-unboost|p1a: Incineroar|atk|1\n|-unboost|p1b: Tyranitar|atk|1\n|turn|5\n|\n|t:|1775922227\n|switch|p1a: Sableye|Sableye, L50, F|76/100 par\n|move|p2a: Krookodile|High Horsepower|p1a: Sableye\n|-damage|p1a: Sableye|13/100 par\n|move|p1b: Tyranitar|Rock Slide|p2b: Avalugg|[spread] p2a,p2b\n|-resisted|p2a: Krookodile|1\n|-supereffective|p2b: Avalugg|1\n|-damage|p2a: Krookodile|77/100\n|-damage|p2b: Avalugg|33/100\n|cant|p2b: Avalugg|flinch\n|\n|-weather|none\n|upkeep\n|turn|6\n|\n|t:|1775922248\n|switch|p1b: Incineroar|Incineroar, L50, F|61/100 par\n|-ability|p1b: Incineroar|Intimidate|boost\n|-unboost|p2a: Krookodile|atk|1\n|-unboost|p2b: Avalugg|atk|1\n|move|p1a: Sableye|Will-O-Wisp|p2b: Avalugg\n|-status|p2b: Avalugg|brn\n|move|p2a: Krookodile|High Horsepower|p1b: Incineroar\n|-supereffective|p1b: Incineroar|1\n|-damage|p1b: Incineroar|6/100 par\n|-enditem|p1b: Incineroar|Sitrus Berry|[eat]\n|-heal|p1b: Incineroar|31/100 par|[from] item: Sitrus Berry\n|move|p2b: Avalugg|Body Press|p1b: Incineroar\n|-supereffective|p1b: Incineroar|1\n|-damage|p1b: Incineroar|2/100 par\n|\n|-damage|p2b: Avalugg|27/100 brn|[from] brn\n|upkeep\n|turn|7\n|inactive|el_chapo929 has 30 seconds left.\n|inactive|Borchimon has 30 seconds left.\n|inactive|el_chapo929 has 20 seconds left.\n|inactive|el_chapo929 has 15 seconds left.\n|inactive|el_chapo929 has 10 seconds left.\n|\n|t:|1775922297\n|move|p1a: Sableye|Recover|p1a: Sableye\n|-heal|p1a: Sableye|63/100 par\n|move|p2a: Krookodile|High Horsepower|p1a: Sableye\n|-damage|p1a: Sableye|20/100 par\n|move|p2b: Avalugg|Recover|p2b: Avalugg\n|-heal|p2b: Avalugg|77/100 brn\n|move|p1b: Incineroar|Parting Shot|p2a: Krookodile\n|-unboost|p2a: Krookodile|atk|1\n|-unboost|p2a: Krookodile|spa|1\n|inactive|el_chapo929 has 30 seconds left.\n|\n|t:|1775922323\n|switch|p1b: Tyranitar|Tyranitar-Mega, L50, F|50/100 par|[from] Parting Shot\n|-weather|Sandstorm|[from] ability: Sand Stream|[of] p1b: Tyranitar\n|\n|-weather|Sandstorm|[upkeep]\n|-damage|p1a: Sableye|15/100 par|[from] Sandstorm\n|-damage|p2b: Avalugg|71/100 brn|[from] brn\n|upkeep\n|turn|8\n|\n|t:|1775922346\n|move|p1a: Sableye|Recover|p1a: Sableye\n|-heal|p1a: Sableye|65/100 par\n|move|p2a: Krookodile|High Horsepower|p1b: Tyranitar\n|-supereffective|p1b: Tyranitar|1\n|-damage|p1b: Tyranitar|20/100 par\n|move|p2b: Avalugg|Iron Defense|p2b: Avalugg\n|-boost|p2b: Avalugg|def|2\n|move|p1b: Tyranitar|Rock Slide|p2b: Avalugg|[spread] p2a,p2b\n|-resisted|p2a: Krookodile|1\n|-supereffective|p2b: Avalugg|1\n|-damage|p2a: Krookodile|55/100\n|-damage|p2b: Avalugg|56/100 brn\n|\n|-weather|Sandstorm|[upkeep]\n|-damage|p1a: Sableye|59/100 par|[from] Sandstorm\n|-damage|p2b: Avalugg|50/100 brn|[from] brn\n|upkeep\n|turn|9\n|inactive|el_chapo929 has 30 seconds left.\n|inactive|Borchimon has 30 seconds left.\n|inactive|el_chapo929 has 20 seconds left.\n|\n|t:|1775922384\n|switch|p1b: Incineroar|Incineroar, L50, F|2/100 par\n|-ability|p1b: Incineroar|Intimidate|boost\n|-unboost|p2a: Krookodile|atk|1\n|-unboost|p2b: Avalugg|atk|1\n|move|p2a: Krookodile|High Horsepower|p1b: Incineroar\n|-supereffective|p1b: Incineroar|1\n|-damage|p1b: Incineroar|0 fnt\n|faint|p1b: Incineroar\n|move|p2b: Avalugg|Recover|p2b: Avalugg\n|-heal|p2b: Avalugg|99/100 brn\n|cant|p1a: Sableye|par\n|\n|-weather|Sandstorm|[upkeep]\n|-damage|p1a: Sableye|53/100 par|[from] Sandstorm\n|-damage|p2b: Avalugg|94/100 brn|[from] brn\n|upkeep\n|\n|t:|1775922398\n|switch|p1b: Excadrill|Excadrill, L50, M|100/100\n|turn|10\n|\n|t:|1775922417\n|move|p1b: Excadrill|Swords Dance|p1b: Excadrill\n|-boost|p1b: Excadrill|atk|2\n|move|p2a: Krookodile|High Horsepower|p1b: Excadrill\n|-supereffective|p1b: Excadrill|1\n|-damage|p1b: Excadrill|53/100\n|move|p2b: Avalugg|Body Press|p1b: Excadrill\n|-supereffective|p1b: Excadrill|1\n|-damage|p1b: Excadrill|0 fnt\n|faint|p1b: Excadrill\n|move|p1a: Sableye|Knock Off|p2a: Krookodile\n|-resisted|p2a: Krookodile|1\n|-crit|p2a: Krookodile\n|-damage|p2a: Krookodile|32/100\n|-enditem|p2a: Krookodile|Choice Scarf|[from] move: Knock Off|[of] p1a: Sableye\n|\n|-weather|Sandstorm|[upkeep]\n|-damage|p1a: Sableye|48/100 par|[from] Sandstorm\n|-damage|p2b: Avalugg|88/100 brn|[from] brn\n|upkeep\n|\n|t:|1775922426\n|switch|p1b: Tyranitar|Tyranitar-Mega, L50, F|20/100 par\n|turn|11\n|-message|el_chapo929 forfeited.\n|\n|win|Borchimon\n|raw|el_chapo929's rating: 1047 &rarr; <strong>1028</strong><br />(-19 for losing)\n|raw|Borchimon's rating: 1000 &rarr; <strong>1045</strong><br />(+45 for winning)\n|l|\u2606el_chapo929\n|player|p1|\n|l|\u2606Borchimon\n|player|p2|\n|j|\u2606Borchimon\n|player|p2|Borchimon|265|\n",
  "uploadtime": 1775922536,
  "views": 22,
  "formatid": "gen9championsvgc2026regma",
  "rating": 1028,
  "private": 0,
  "password": null
}