{
  "id": "gen9championsvgc2026regma-2580978702",
  "format": "[Gen 9 Champions] VGC 2026 Reg M-A",
  "players": [
    "UnjustCarlie",
    "nsbnsb"
  ],
  "log": "|j|\u2606UnjustCarlie\n|j|\u2606nsbnsb\n|t:|1775948516\n|gametype|doubles\n|player|p1|UnjustCarlie|acetrainerf-gen4|1287\n|player|p2|nsbnsb|ghetsis|1373\n|gen|9\n|tier|[Gen 9 Champions] VGC 2026 Reg M-A\n|rated|\n|rule|Species Clause: Limit one of each Pok\u00e9mon\n|rule|Item Clause: Limit 1 of each item\n|clearpoke\n|poke|p1|Floette-Eternal, L50, F|\n|poke|p1|Maushold-Four, L50|\n|poke|p1|Glimmora, L50, M|\n|poke|p1|Talonflame, L50, F|\n|poke|p1|Corviknight, L50, M|\n|poke|p1|Garchomp, L50, F|\n|poke|p2|Crabominable, L50, M|\n|poke|p2|Farigiraf, L50, M|\n|poke|p2|Kingambit, L50, F|\n|poke|p2|Sinistcha, L50|\n|poke|p2|Camerupt, L50, F|\n|poke|p2|Incineroar, L50, F|\n|teampreview|4\n|inactive|Battle timer is ON: inactive players will automatically lose when time's up. (requested by nsbnsb)\n|inactive|UnjustCarlie has 60 seconds left.\n|\n|t:|1775948551\n|teamsize|p1|4\n|teamsize|p2|4\n|start\n|switch|p1a: Glimmora|Glimmora, L50, M|100/100\n|switch|p1b: Floette|Floette-Eternal, L50, F|100/100\n|switch|p2a: Farigiraf|Farigiraf, L50, M|100/100\n|switch|p2b: Incineroar|Incineroar, L50, F|100/100\n|-ability|p2b: Incineroar|Intimidate|boost\n|-unboost|p1a: Glimmora|atk|1\n|-unboost|p1b: Floette|atk|1\n|turn|1\n|\n|t:|1775948575\n|detailschange|p1b: Floette|Floette-Mega, L50, F\n|-mega|p1b: Floette|Floette|Floettite\n|-ability|p1b: Floette|Fairy Aura\n|move|p1a: Glimmora|Spiky Shield|p1a: Glimmora\n|-singleturn|p1a: Glimmora|move: Protect\n|move|p1b: Floette|Protect|p1b: Floette\n|-singleturn|p1b: Floette|Protect\n|move|p2b: Incineroar|Fake Out|p1b: Floette\n|-activate|p1b: Floette|move: Protect\n|move|p2a: Farigiraf|Trick Room|p2a: Farigiraf\n|-fieldstart|move: Trick Room|[of] p2a: Farigiraf\n|\n|upkeep\n|turn|2\n|j| gE1xjZRtuhW2DdT0AK\n|\n|t:|1775948593\n|move|p2a: Farigiraf|Psychic|p1a: Glimmora\n|-supereffective|p1a: Glimmora|1\n|-enditem|p1a: Glimmora|Focus Sash\n|-damage|p1a: Glimmora|1/100\n|move|p2b: Incineroar|Flare Blitz|p1b: Floette\n|-crit|p1b: Floette\n|-damage|p1b: Floette|15/100\n|-damage|p2b: Incineroar|75/100|[from] Recoil\n|move|p1b: Floette|Dazzling Gleam|p2b: Incineroar|[spread] p2a,p2b\n|-crit|p2b: Incineroar\n|-damage|p2a: Farigiraf|50/100\n|-damage|p2b: Incineroar|8/100\n|-enditem|p2b: Incineroar|Sitrus Berry|[eat]\n|-heal|p2b: Incineroar|33/100|[from] item: Sitrus Berry\n|move|p1a: Glimmora|Power Gem|p2b: Incineroar\n|-supereffective|p2b: Incineroar|1\n|-damage|p2b: Incineroar|0 fnt\n|faint|p2b: Incineroar\n|\n|upkeep\n|\n|t:|1775948606\n|switch|p2b: Crabominable|Crabominable, L50, M|100/100\n|turn|3\n|\n|t:|1775948611\n|detailschange|p2b: Crabominable|Crabominable-Mega, L50, M\n|-mega|p2b: Crabominable|Crabominable|Crabominite\n|move|p1b: Floette|Protect|p1b: Floette\n|-singleturn|p1b: Floette|Protect\n|move|p1a: Glimmora|Spiky Shield|p1a: Glimmora\n|-singleturn|p1a: Glimmora|move: Protect\n|move|p2b: Crabominable|Ice Hammer|p1b: Floette\n|-activate|p1b: Floette|move: Protect\n|move|p2a: Farigiraf|Hyper Voice|p1b: Floette|[spread] \n|-activate|p1a: Glimmora|move: Protect\n|-activate|p1b: Floette|move: Protect\n|\n|upkeep\n|turn|4\n|inactive|UnjustCarlie has 30 seconds left.\n|\n|t:|1775948637\n|switch|p1b: Maushold|Maushold-Four, L50|100/100\n|move|p2b: Crabominable|Ice Hammer|p1b: Maushold\n|-damage|p1b: Maushold|30/100\n|-unboost|p2b: Crabominable|spe|1\n|-enditem|p1b: Maushold|Sitrus Berry|[eat]\n|-heal|p1b: Maushold|55/100|[from] item: Sitrus Berry\n|move|p2a: Farigiraf|Hyper Voice|p1a: Glimmora|[spread] p1a,p1b\n|-resisted|p1a: Glimmora|1\n|-crit|p1b: Maushold\n|-damage|p1a: Glimmora|0 fnt\n|-damage|p1b: Maushold|0 fnt\n|faint|p1a: Glimmora\n|faint|p1b: Maushold\n|\n|upkeep\n|\n|t:|1775948648\n|switch|p1b: Garchomp|Garchomp, L50, F|100/100\n|switch|p1a: Floette|Floette-Mega, L50, F|15/100\n|-ability|p1a: Floette|Fairy Aura\n|turn|5\n|inactive|nsbnsb has 30 seconds left.\n|\n|t:|1775948673\n|switch|p2a: Kingambit|Kingambit, L50, F|100/100\n|move|p1b: Garchomp|Protect|p1b: Garchomp\n|-singleturn|p1b: Garchomp|Protect\n|move|p1a: Floette|Protect|p1a: Floette\n|-singleturn|p1a: Floette|Protect\n|move|p2b: Crabominable|Ice Hammer|p1b: Garchomp\n|-activate|p1b: Garchomp|move: Protect\n|\n|-fieldend|move: Trick Room\n|upkeep\n|turn|6\n|\n|t:|1775948696\n|move|p2a: Kingambit|Sucker Punch|p1a: Floette\n|-resisted|p1a: Floette|1\n|-damage|p1a: Floette|0 fnt\n|faint|p1a: Floette\n|move|p1b: Garchomp|Rock Slide|p2a: Kingambit|[spread] p2a,p2b\n|-resisted|p2a: Kingambit|1\n|-damage|p2a: Kingambit|93/100\n|-damage|p2b: Crabominable|86/100\n|cant|p2b: Crabominable|flinch\n|\n|upkeep\n|turn|7\n|\n|t:|1775948702\n|move|p2a: Kingambit|Sucker Punch|p1b: Garchomp\n|-damage|p1b: Garchomp|54/100\n|-damage|p2a: Kingambit|81/100|[from] ability: Rough Skin|[of] p1b: Garchomp\n|move|p1b: Garchomp|Earthquake|p2a: Kingambit|[spread] p2a,p2b\n|-supereffective|p2a: Kingambit|1\n|-damage|p2a: Kingambit|19/100\n|-damage|p2b: Crabominable|57/100\n|move|p2b: Crabominable|Ice Hammer|p1b: Garchomp\n|-supereffective|p1b: Garchomp|2\n|-damage|p1b: Garchomp|0 fnt\n|-unboost|p2b: Crabominable|spe|1\n|-damage|p2b: Crabominable|45/100|[from] ability: Rough Skin|[of] p1b: Garchomp\n|faint|p1b: Garchomp\n|\n|win|nsbnsb\n|raw|UnjustCarlie's rating: 1287 &rarr; <strong>1266</strong><br />(-21 for losing)\n|raw|nsbnsb's rating: 1350 &rarr; <strong>1366</strong><br />(+16 for winning)\n|l|\u2606UnjustCarlie\n|player|p1|\n|l|\u2606nsbnsb\n|player|p2|\n",
  "uploadtime": 1775948709,
  "views": 25,
  "formatid": "gen9championsvgc2026regma",
  "rating": 1266,
  "private": 0,
  "password": null
}