{
  "id": "gen9championsvgc2026regma-2580336642",
  "format": "[Gen 9 Champions] VGC 2026 Reg M-A",
  "players": [
    "allyman",
    "Atharve991"
  ],
  "log": "|j|\u2606allyman\n|j|\u2606Atharve991\n|t:|1775882067\n|gametype|doubles\n|player|p1|allyman|worker-gen4|1000\n|player|p2|Atharve991|red-masters3|1040\n|gen|9\n|tier|[Gen 9 Champions] VGC 2026 Reg M-A\n|rated|\n|rule|Species Clause: Limit one of each Pok\u00e9mon\n|rule|Item Clause: Limit 1 of each item\n|clearpoke\n|poke|p1|Camerupt, L50, F|\n|poke|p1|Oranguru, L50, M|\n|poke|p1|Hatterene, L50, F|\n|poke|p1|Sinistcha, L50|\n|poke|p1|Sableye, L50, M|\n|poke|p1|Crabominable, L50, F|\n|poke|p2|Dragonite, L50, F|\n|poke|p2|Delphox, L50, M|\n|poke|p2|Sneasler, L50, F|\n|poke|p2|Heliolisk, L50, F|\n|poke|p2|Torkoal, L50, M|\n|poke|p2|Meganium, L50, F|\n|teampreview|4\n|inactive|Battle timer is ON: inactive players will automatically lose when time's up. (requested by Atharve991)\n|\n|t:|1775882102\n|teamsize|p1|4\n|teamsize|p2|4\n|start\n|switch|p1a: Sinistcha|Sinistcha, L50|100/100\n|switch|p1b: Hatterene|Hatterene, L50, F|100/100\n|switch|p2a: Meganium|Meganium, L50, F|100/100\n|switch|p2b: Torkoal|Torkoal, L50, M|100/100\n|-weather|SunnyDay|[from] ability: Drought|[of] p2b: Torkoal\n|turn|1\n|inactive|allyman has 30 seconds left.\n|inactive|Atharve991 has 30 seconds left.\n|\n|t:|1775882134\n|detailschange|p2a: Meganium|Meganium-Mega, L50, F\n|-mega|p2a: Meganium|Meganium|Meganiumite\n|move|p2a: Meganium|Weather Ball|p1a: Sinistcha\n|-supereffective|p1a: Sinistcha|1\n|-damage|p1a: Sinistcha|0 fnt\n|faint|p1a: Sinistcha\n|move|p2b: Torkoal|Eruption|p1b: Hatterene\n|-damage|p1b: Hatterene|28/100\n|move|p1b: Hatterene|Trick Room|p1b: Hatterene\n|-fieldstart|move: Trick Room|[of] p1b: Hatterene\n|\n|-weather|SunnyDay|[upkeep]\n|-heal|p1b: Hatterene|34/100|[from] item: Leftovers\n|upkeep\n|\n|t:|1775882145\n|switch|p1a: Camerupt|Camerupt, L50, F|100/100\n|turn|2\n|\n|t:|1775882169\n|detailschange|p1a: Camerupt|Camerupt-Mega, L50, F\n|-mega|p1a: Camerupt|Camerupt|Cameruptite\n|move|p1b: Hatterene|Protect|p1b: Hatterene\n|-singleturn|p1b: Hatterene|Protect\n|move|p1a: Camerupt|Eruption|p2b: Torkoal|[spread] p2a,p2b\n|-supereffective|p2a: Meganium|1\n|-resisted|p2b: Torkoal|1\n|-damage|p2a: Meganium|0 fnt\n|-damage|p2b: Torkoal|12/100\n|faint|p2a: Meganium\n|move|p2b: Torkoal|Earth Power|p1a: Camerupt\n|-supereffective|p1a: Camerupt|1\n|-damage|p1a: Camerupt|54/100\n|\n|-weather|SunnyDay|[upkeep]\n|-heal|p2b: Torkoal|18/100|[from] item: Leftovers\n|-heal|p1b: Hatterene|40/100|[from] item: Leftovers\n|upkeep\n|\n|t:|1775882184\n|switch|p2a: Dragonite|Dragonite, L50, F|100/100\n|turn|3\n|\n|t:|1775882199\n|move|p1a: Camerupt|Heat Wave|p2b: Torkoal|[spread] p2a,p2b\n|-resisted|p2a: Dragonite|1\n|-resisted|p2b: Torkoal|1\n|-damage|p2a: Dragonite|78/100\n|-damage|p2b: Torkoal|0 fnt\n|faint|p2b: Torkoal\n|move|p1b: Hatterene|Dazzling Gleam|p2a: Dragonite\n|-supereffective|p2a: Dragonite|1\n|-damage|p2a: Dragonite|7/100\n|move|p2a: Dragonite|Weather Ball|p1b: Hatterene\n|-damage|p1b: Hatterene|4/100\n|\n|-weather|SunnyDay|[upkeep]\n|-heal|p1b: Hatterene|10/100|[from] item: Leftovers\n|upkeep\n|\n|t:|1775882203\n|switch|p2b: Sneasler|Sneasler, L50, F|100/100\n|turn|4\n|\n|t:|1775882218\n|move|p1a: Camerupt|Protect|p1a: Camerupt\n|-singleturn|p1a: Camerupt|Protect\n|move|p2b: Sneasler|Protect|p2b: Sneasler\n|-singleturn|p2b: Sneasler|Protect\n|move|p1b: Hatterene|Psychic Noise|p2b: Sneasler\n|-activate|p2b: Sneasler|move: Protect\n|move|p2a: Dragonite|Air Slash|p1b: Hatterene\n|-damage|p1b: Hatterene|0 fnt\n|faint|p1b: Hatterene\n|\n|-weather|SunnyDay|[upkeep]\n|upkeep\n|\n|t:|1775882229\n|switch|p1b: Oranguru|Oranguru, L50, M|100/100\n|turn|5\n|\n|t:|1775882239\n|move|p1a: Camerupt|Heat Wave|p2b: Sneasler|[spread] p2a,p2b\n|-resisted|p2a: Dragonite|1\n|-damage|p2a: Dragonite|0 fnt\n|-enditem|p2b: Sneasler|Focus Sash\n|-damage|p2b: Sneasler|1/100\n|faint|p2a: Dragonite\n|move|p1b: Oranguru|Instruct|p1a: Camerupt\n|-singleturn|p1a: Camerupt|move: Instruct|[of] p1b: Oranguru\n|move|p1a: Camerupt|Heat Wave|p2b: Sneasler\n|-damage|p2b: Sneasler|0 fnt\n|faint|p2b: Sneasler\n|\n|win|allyman\n|raw|allyman's rating: 1000 &rarr; <strong>1045</strong><br />(+45 for winning)\n|raw|Atharve991's rating: 1040 &rarr; <strong>1022</strong><br />(-18 for losing)\n|l|\u2606Atharve991\n|player|p2|\n",
  "uploadtime": 1775882254,
  "views": 26,
  "formatid": "gen9championsvgc2026regma",
  "rating": 1022,
  "private": 0,
  "password": null
}