{
  "id": "gen9championsvgc2026regma-2588334068",
  "format": "[Gen 9 Champions] VGC 2026 Reg M-A",
  "players": [
    "dahsouup",
    "Kojiiii"
  ],
  "log": "|j|\u2606dahsouup\n|j|\u2606Kojiiii\n|t:|1776624959\n|gametype|doubles\n|player|p1|dahsouup|170|1214\n|player|p2|Kojiiii|2|1192\n|gen|9\n|tier|[Gen 9 Champions] VGC 2026 Reg M-A\n|rated|\n|rule|Species Clause: Limit one of each Pok\u00e9mon\n|rule|Item Clause: Limit 1 of each item\n|clearpoke\n|poke|p1|Froslass, L50, F|\n|poke|p1|Mamoswine, L50, M|\n|poke|p1|Palafin, L50, M|\n|poke|p1|Sneasler, L50, F|\n|poke|p1|Incineroar, L50, F|\n|poke|p1|Corviknight, L50, F|\n|poke|p2|Pelipper, L50, M|\n|poke|p2|Basculegion, L50, M|\n|poke|p2|Sinistcha, L50|\n|poke|p2|Kangaskhan, L50, F|\n|poke|p2|Sneasler, L50, M|\n|poke|p2|Aegislash, L50, F|\n|teampreview|4\n|\n|t:|1776624995\n|teamsize|p1|4\n|teamsize|p2|4\n|start\n|switch|p1a: Mamoswine|Mamoswine, L50, M|100/100\n|switch|p1b: Froslass|Froslass, L50, F|100/100\n|switch|p2a: Basculegion|Basculegion, L50, M|100/100\n|switch|p2b: Aegislash|Aegislash, L50, F|100/100\n|turn|1\n|\n|t:|1776625009\n|detailschange|p1b: Froslass|Froslass-Mega, L50, F\n|-mega|p1b: Froslass|Froslass|Froslassite\n|-weather|Snowscape|[from] ability: Snow Warning|[of] p1b: Froslass\n|move|p2b: Aegislash|King's Shield|p2b: Aegislash\n|-singleturn|p2b: Aegislash|Protect\n|move|p1a: Mamoswine|Icy Wind|p2a: Basculegion|[spread] p2a\n|-activate|p2b: Aegislash|move: Protect\n|-resisted|p2a: Basculegion|1\n|-damage|p2a: Basculegion|95/100\n|-unboost|p2a: Basculegion|spe|1\n|move|p1b: Froslass|Shadow Ball|p2a: Basculegion\n|-supereffective|p2a: Basculegion|1\n|-damage|p2a: Basculegion|0 fnt\n|faint|p2a: Basculegion\n|\n|-weather|Snowscape|[upkeep]\n|upkeep\n|\n|t:|1776625032\n|switch|p2a: Pelipper|Pelipper, L50, M|100/100\n|-weather|RainDance|[from] ability: Drizzle|[of] p2a: Pelipper\n|turn|2\n|\n|t:|1776625050\n|move|p1a: Mamoswine|Icy Wind|p2b: Aegislash|[spread] p2a,p2b\n|-resisted|p2b: Aegislash|1\n|-damage|p2a: Pelipper|84/100\n|-damage|p2b: Aegislash|97/100\n|-unboost|p2a: Pelipper|spe|1\n|-unboost|p2b: Aegislash|spe|1\n|move|p1b: Froslass|Shadow Ball|p2b: Aegislash\n|-supereffective|p2b: Aegislash|1\n|-damage|p2b: Aegislash|14/100\n|-unboost|p2b: Aegislash|spd|1\n|move|p2a: Pelipper|Weather Ball|p1b: Froslass\n|-damage|p1b: Froslass|25/100\n|-formechange|p2b: Aegislash|Aegislash-Blade|\n|move|p2b: Aegislash|Iron Head|p1b: Froslass\n|-supereffective|p1b: Froslass|1\n|-damage|p1b: Froslass|0 fnt\n|faint|p1b: Froslass\n|\n|-weather|RainDance|[upkeep]\n|upkeep\n|\n|t:|1776625067\n|switch|p1b: Corviknight|Corviknight, L50, F|100/100\n|turn|3\n|\n|t:|1776625083\n|move|p2a: Pelipper|Wide Guard|p2a: Pelipper\n|-singleturn|p2a: Pelipper|Wide Guard\n|move|p1a: Mamoswine|Icy Wind|p2a: Pelipper|[spread] \n|-activate|p2a: Pelipper|move: Wide Guard\n|-activate|p2b: Aegislash|move: Wide Guard\n|move|p1b: Corviknight|Brave Bird|p2a: Pelipper\n|-damage|p2a: Pelipper|38/100\n|-damage|p1b: Corviknight|90/100|[from] Recoil\n|move|p2b: Aegislash|Sacred Sword|p1b: Corviknight\n|-damage|p1b: Corviknight|68/100\n|\n|-weather|RainDance|[upkeep]\n|-heal|p1b: Corviknight|74/100|[from] item: Leftovers\n|upkeep\n|turn|4\n|\n|t:|1776625103\n|-formechange|p2b: Aegislash|Aegislash|\n|move|p2b: Aegislash|King's Shield|p2b: Aegislash\n|-singleturn|p2b: Aegislash|Protect\n|move|p1a: Mamoswine|Icy Wind|p2a: Pelipper|[spread] p2a\n|-activate|p2b: Aegislash|move: Protect\n|-damage|p2a: Pelipper|23/100\n|-unboost|p2a: Pelipper|spe|1\n|move|p1b: Corviknight|Brave Bird|p2b: Aegislash\n|-activate|p2b: Aegislash|move: Protect\n|-ability|p1b: Corviknight|Mirror Armor\n|-unboost|p2b: Aegislash|atk|1\n|move|p2a: Pelipper|Weather Ball|p1b: Corviknight\n|-damage|p1b: Corviknight|10/100\n|\n|-weather|RainDance|[upkeep]\n|-heal|p1b: Corviknight|16/100|[from] item: Leftovers\n|upkeep\n|turn|5\n|\n|t:|1776625136\n|move|p2a: Pelipper|Wide Guard|p2a: Pelipper\n|-singleturn|p2a: Pelipper|Wide Guard\n|-formechange|p2b: Aegislash|Aegislash-Blade|\n|move|p2b: Aegislash|Shadow Sneak|p1b: Corviknight\n|-crit|p1b: Corviknight\n|-damage|p1b: Corviknight|0 fnt\n|faint|p1b: Corviknight\n|move|p1a: Mamoswine|Icy Wind|p2a: Pelipper|[spread] \n|-activate|p2a: Pelipper|move: Wide Guard\n|-activate|p2b: Aegislash|move: Wide Guard\n|\n|-weather|RainDance|[upkeep]\n|upkeep\n|\n|t:|1776625141\n|switch|p1b: Sneasler|Sneasler, L50, F|100/100\n|turn|6\n|\n|t:|1776625151\n|move|p2a: Pelipper|Protect|p2a: Pelipper\n|-singleturn|p2a: Pelipper|Protect\n|move|p2b: Aegislash|Shadow Sneak|p1b: Sneasler\n|-damage|p1b: Sneasler|73/100\n|move|p1a: Mamoswine|Icy Wind|p2a: Pelipper|[spread] p2b\n|-activate|p2a: Pelipper|move: Protect\n|-resisted|p2b: Aegislash|1\n|-damage|p2b: Aegislash|2/100\n|-unboost|p2b: Aegislash|spe|1\n|move|p1b: Sneasler|Dire Claw|p2a: Pelipper\n|-activate|p2a: Pelipper|move: Protect\n|\n|-weather|none\n|upkeep\n|turn|7\n|\n|t:|1776625188\n|switch|p2a: Kangaskhan|Kangaskhan, L50, F|100/100\n|move|p2b: Aegislash|Shadow Sneak|p1b: Sneasler\n|-damage|p1b: Sneasler|48/100\n|move|p1a: Mamoswine|Icy Wind|p2a: Kangaskhan|[spread] p2a,p2b\n|-resisted|p2b: Aegislash|1\n|-damage|p2a: Kangaskhan|90/100\n|-damage|p2b: Aegislash|0 fnt\n|-unboost|p2a: Kangaskhan|spe|1\n|faint|p2b: Aegislash\n|move|p1b: Sneasler|Dire Claw|p2a: Kangaskhan\n|-damage|p2a: Kangaskhan|49/100\n|\n|upkeep\n|\n|t:|1776625201\n|switch|p2b: Pelipper|Pelipper, L50, M|23/100\n|-weather|RainDance|[from] ability: Drizzle|[of] p2b: Pelipper\n|turn|8\n|\n|t:|1776625217\n|detailschange|p2a: Kangaskhan|Kangaskhan-Mega, L50, F\n|-mega|p2a: Kangaskhan|Kangaskhan|Kangaskhanite\n|move|p2b: Pelipper|Wide Guard|p2b: Pelipper\n|-singleturn|p2b: Pelipper|Wide Guard\n|move|p2a: Kangaskhan|Fake Out|p1b: Sneasler\n|-damage|p1b: Sneasler|6/100\n|-damage|p1b: Sneasler|0 fnt\n|faint|p1b: Sneasler\n|-hitcount|p1: Sneasler|2\n|move|p1a: Mamoswine|Icy Wind|p2b: Pelipper|[spread] \n|-activate|p2a: Kangaskhan|move: Wide Guard\n|-activate|p2b: Pelipper|move: Wide Guard\n|\n|-weather|RainDance|[upkeep]\n|upkeep\n|turn|9\n|c|\u2606Kojiiii|Almost got me off gaurd lol gg\n|\n|t:|1776625241\n|move|p2b: Pelipper|Wide Guard|p2b: Pelipper\n|-singleturn|p2b: Pelipper|Wide Guard\n|move|p1a: Mamoswine|Icy Wind|p2b: Pelipper|[spread] \n|-activate|p2a: Kangaskhan|move: Wide Guard\n|-activate|p2b: Pelipper|move: Wide Guard\n|move|p2a: Kangaskhan|Drain Punch|p1a: Mamoswine\n|-supereffective|p1a: Mamoswine|1\n|-damage|p1a: Mamoswine|37/100\n|-heal|p2a: Kangaskhan|78/100|[from] drain|[of] p1a: Mamoswine\n|-supereffective|p1a: Mamoswine|1\n|-damage|p1a: Mamoswine|23/100\n|-heal|p2a: Kangaskhan|84/100|[from] drain|[of] p1a: Mamoswine\n|-hitcount|p1a: Mamoswine|2\n|\n|-weather|RainDance|[upkeep]\n|upkeep\n|turn|10\n|-message|dahsouup forfeited.\n|\n|win|Kojiiii\n|raw|dahsouup's rating: 1214 &rarr; <strong>1187</strong><br />(-27 for losing)\n|raw|Kojiiii's rating: 1192 &rarr; <strong>1219</strong><br />(+27 for winning)\n|l|\u2606dahsouup\n|player|p1|\n",
  "uploadtime": 1776625264,
  "views": 21,
  "formatid": "gen9championsvgc2026regma",
  "rating": 1187,
  "private": 0,
  "password": null
}