{
  "id": "gen9championsvgc2026regma-2584002896",
  "format": "[Gen 9 Champions] VGC 2026 Reg M-A",
  "players": [
    "Elkip153",
    "savemelivie"
  ],
  "log": "|j|\u2606Elkip153\n|j|\u2606savemelivie\n|t:|1776215815\n|gametype|doubles\n|player|p1|Elkip153|red|1001\n|player|p2|savemelivie|swimmerf-gen4|1096\n|gen|9\n|tier|[Gen 9 Champions] VGC 2026 Reg M-A\n|rated|\n|rule|Species Clause: Limit one of each Pok\u00e9mon\n|rule|Item Clause: Limit 1 of each item\n|clearpoke\n|poke|p1|Meganium, L50, F|\n|poke|p1|Aerodactyl, L50, F|\n|poke|p1|Kangaskhan, L50, F|\n|poke|p1|Archaludon, L50, F|\n|poke|p1|Typhlosion-Hisui, L50, M|\n|poke|p1|Tauros-Paldea-Aqua, L50, M|\n|poke|p2|Froslass, L50, F|\n|poke|p2|Glaceon, L50, M|\n|poke|p2|Incineroar, L50, F|\n|poke|p2|Primarina, L50, M|\n|poke|p2|Araquanid, L50, M|\n|poke|p2|Ninetales-Alola, L50, F|\n|teampreview|4\nElkip153 rejected open team sheets.\n|inactive|Battle timer is ON: inactive players will automatically lose when time's up. (requested by Elkip153)\n|\n|t:|1776215843\n|teamsize|p1|4\n|teamsize|p2|4\n|start\n|switch|p1a: Archaludon|Archaludon, L50, F|100/100\n|switch|p1b: Meganium|Meganium, L50, F|100/100\n|switch|p2a: Froslass|Froslass, L50, F|100/100\n|switch|p2b: Primarina|Primarina, L50, M|100/100\n|turn|1\n|\n|t:|1776215865\n|detailschange|p2a: Froslass|Froslass-Mega, L50, F\n|-mega|p2a: Froslass|Froslass|Froslassite\n|-weather|Snowscape|[from] ability: Snow Warning|[of] p2a: Froslass\n|detailschange|p1b: Meganium|Meganium-Mega, L50, F\n|-mega|p1b: Meganium|Meganium|Meganiumite\n|move|p2a: Froslass|Aurora Veil|p2a: Froslass\n|-sidestart|p2: savemelivie|move: Aurora Veil\n|move|p1a: Archaludon|Steel Beam|p2a: Froslass\n|-supereffective|p2a: Froslass|1\n|-damage|p2a: Froslass|0 fnt\n|-damage|p1a: Archaludon|50/100|[from] steelbeam\n|faint|p2a: Froslass\n|move|p1b: Meganium|Solar Beam||[still]\n|-prepare|p1b: Meganium|Solar Beam\n|-activate|p1b: Meganium|ability: Mega Sol\n|-anim|p1b: Meganium|Solar Beam|p2b: Primarina\n|-supereffective|p2b: Primarina|1\n|-damage|p2b: Primarina|12/100\n|move|p2b: Primarina|Icy Wind|p1b: Meganium|[spread] p1a,p1b\n|-supereffective|p1b: Meganium|1\n|-damage|p1a: Archaludon|27/100\n|-damage|p1b: Meganium|75/100\n|-unboost|p1a: Archaludon|spe|1\n|-unboost|p1b: Meganium|spe|1\n|\n|-weather|Snowscape|[upkeep]\n|-heal|p2b: Primarina|18/100|[from] item: Leftovers\n|upkeep\n|inactive|savemelivie has 30 seconds left.\n|\n|t:|1776215891\n|switch|p2a: Ninetales|Ninetales-Alola, L50, F|100/100\n|turn|2\n|\n|t:|1776215901\n|move|p1b: Meganium|Protect|p1b: Meganium\n|-singleturn|p1b: Meganium|Protect\n|move|p2a: Ninetales|Blizzard|p1a: Archaludon|[spread] p1a\n|-activate|p1b: Meganium|move: Protect\n|-damage|p1a: Archaludon|0 fnt\n|faint|p1a: Archaludon\n|move|p2b: Primarina|Life Dew||[still]|[spread] p2a,p2b\n|-fail|p2a: Ninetales|heal\n|-heal|p2b: Primarina|43/100\n|\n|-weather|Snowscape|[upkeep]\n|-heal|p2b: Primarina|49/100|[from] item: Leftovers\n|upkeep\n|\n|t:|1776215916\n|switch|p1a: Typhlosion|Typhlosion-Hisui, L50, M|100/100\n|-item|p2a: Ninetales|Never-Melt Ice|[from] ability: Frisk|[of] p1a: Typhlosion\n|-item|p2b: Primarina|Leftovers|[from] ability: Frisk|[of] p1a: Typhlosion\n|turn|3\n|inactive|savemelivie has 30 seconds left.\n|\n|t:|1776215950\n|move|p1a: Typhlosion|Eruption|p2a: Ninetales|[spread] p2a,p2b\n|-supereffective|p2a: Ninetales|1\n|-resisted|p2b: Primarina|1\n|-damage|p2a: Ninetales|1/100\n|-damage|p2b: Primarina|33/100\n|move|p2a: Ninetales|Blizzard|p1b: Meganium|[spread] p1a,p1b\n|-resisted|p1a: Typhlosion|1\n|-supereffective|p1b: Meganium|1\n|-damage|p1a: Typhlosion|72/100\n|-damage|p1b: Meganium|7/100\n|move|p2b: Primarina|Hyper Voice|p1b: Meganium|[spread] p1a,p1b\n|-supereffective|p1a: Typhlosion|1\n|-resisted|p1b: Meganium|1\n|-damage|p1a: Typhlosion|0 fnt\n|-damage|p1b: Meganium|0 fnt\n|faint|p1a: Typhlosion\n|faint|p1b: Meganium\n|\n|-weather|Snowscape|[upkeep]\n|-heal|p2b: Primarina|39/100|[from] item: Leftovers\n|upkeep\n|\n|t:|1776215965\n|switch|p1a: Aerodactyl|Aerodactyl, L50, F|100/100\n|-ability|p1a: Aerodactyl|Unnerve\n|turn|4\n|\n|t:|1776215975\n|move|p1a: Aerodactyl|Rock Slide|p2b: Primarina|[spread] p2a,p2b\n|-supereffective|p2a: Ninetales|1\n|-damage|p2a: Ninetales|0 fnt\n|-damage|p2b: Primarina|20/100\n|faint|p2a: Ninetales\n|move|p2b: Primarina|Hyper Voice|p1a: Aerodactyl\n|-supereffective|p1a: Aerodactyl|1\n|-enditem|p1a: Aerodactyl|Focus Sash\n|-damage|p1a: Aerodactyl|1/100\n|\n|-weather|Snowscape|[upkeep]\n|-heal|p2b: Primarina|26/100|[from] item: Leftovers\n|upkeep\n|\n|t:|1776215986\n|switch|p2a: Incineroar|Incineroar, L50, F|100/100\n|-ability|p2a: Incineroar|Intimidate|boost\n|-unboost|p1a: Aerodactyl|atk|1\n|turn|5\n|\n|t:|1776215990\n|move|p2a: Incineroar|Fake Out|p1a: Aerodactyl\n|-resisted|p1a: Aerodactyl|1\n|-crit|p1a: Aerodactyl\n|-damage|p1a: Aerodactyl|0 fnt\n|faint|p1a: Aerodactyl\n|\n|win|savemelivie\n|raw|Elkip153's rating: 1001 &rarr; <strong>1000</strong><br />(-1 for losing)\n|raw|savemelivie's rating: 1096 &rarr; <strong>1115</strong><br />(+19 for winning)\n",
  "uploadtime": 1776215995,
  "views": 27,
  "formatid": "gen9championsvgc2026regma",
  "rating": 1000,
  "private": 0,
  "password": null
}