{
  "id": "gen9championsvgc2026regma-2586525471",
  "format": "[Gen 9 Champions] VGC 2026 Reg M-A",
  "players": [
    "capacete5",
    "testeteste3teste"
  ],
  "log": "|j|\u2606capacete5\n|j|\u2606testeteste3teste\n|t:|1776440623\n|gametype|doubles\n|player|p1|capacete5|byron|1142\n|player|p2|testeteste3teste|102|1209\n|gen|9\n|tier|[Gen 9 Champions] VGC 2026 Reg M-A\n|rated|\n|rule|Species Clause: Limit one of each Pok\u00e9mon\n|rule|Item Clause: Limit 1 of each item\n|clearpoke\n|poke|p1|Charizard, L50, F|\n|poke|p1|Venusaur, L50, F|\n|poke|p1|Garchomp, L50, F|\n|poke|p1|Rotom-Wash, L50|\n|poke|p1|Sneasler, L50, M|\n|poke|p1|Incineroar, L50, F|\n|poke|p2|Drampa, L50, F|\n|poke|p2|Farigiraf, L50, F|\n|poke|p2|Incineroar, L50, F|\n|poke|p2|Torkoal, L50, M|\n|poke|p2|Sneasler, L50, M|\n|poke|p2|Sableye, L50, M|\n|teampreview|4\n|inactive|Battle timer is ON: inactive players will automatically lose when time's up. (requested by capacete5)\n|inactive|capacete5 has 60 seconds left.\n|inactive|testeteste3teste has 60 seconds left.\ntesteteste3teste rejected open team sheets.\n|\n|t:|1776440663\n|teamsize|p1|4\n|teamsize|p2|4\n|start\n|switch|p1a: Charizard|Charizard, L50, F|100/100\n|switch|p1b: Garchomp|Garchomp, L50, F|100/100\n|switch|p2a: Sneasler|Sneasler, L50, M, shiny|100/100\n|switch|p2b: Farigiraf|Farigiraf, L50, F|100/100\n|turn|1\n|\n|t:|1776440675\n|detailschange|p1a: Charizard|Charizard-Mega-Y, L50, F\n|-mega|p1a: Charizard|Charizard|Charizardite Y\n|-weather|SunnyDay|[from] ability: Drought|[of] p1a: Charizard\n|move|p2a: Sneasler|Protect|p2a: Sneasler\n|-singleturn|p2a: Sneasler|Protect\n|move|p1b: Garchomp|Earthquake|p2a: Sneasler|[spread] p2b\n|-activate|p2a: Sneasler|move: Protect\n|-immune|p1a: Charizard\n|-damage|p2b: Farigiraf|58/100\n|move|p1a: Charizard|Heat Wave|p2b: Farigiraf|[spread] \n|-activate|p2a: Sneasler|move: Protect\n|-miss|p1a: Charizard|p2b: Farigiraf\n|move|p2b: Farigiraf|Trick Room|p2b: Farigiraf\n|-fieldstart|move: Trick Room|[of] p2b: Farigiraf\n|\n|-weather|SunnyDay|[upkeep]\n|-heal|p2b: Farigiraf|64/100|[from] item: Leftovers\n|upkeep\n|turn|2\n|inactive|testeteste3teste has 30 seconds left.\n|inactive|testeteste3teste has 20 seconds left.\n|inactive|testeteste3teste has 15 seconds left.\n|\n|t:|1776440718\n|move|p2b: Farigiraf|Helping Hand|p2a: Sneasler\n|-singleturn|p2a: Sneasler|Helping Hand|[of] p2b: Farigiraf\n|move|p2a: Sneasler|Close Combat|p1b: Garchomp\n|-damage|p1b: Garchomp|0 fnt\n|-unboost|p2a: Sneasler|def|1\n|-unboost|p2a: Sneasler|spd|1\n|-damage|p2a: Sneasler|88/100|[from] ability: Rough Skin|[of] p1b: Garchomp\n|faint|p1b: Garchomp\n|-enditem|p2a: Sneasler|White Herb\n|-clearnegativeboost|p2a: Sneasler|[silent]\n|move|p1a: Charizard|Heat Wave|p2b: Farigiraf|[spread] p2a,p2b\n|-damage|p2a: Sneasler|14/100\n|-damage|p2b: Farigiraf|13/100\n|-status|p2b: Farigiraf|brn\n|\n|-weather|SunnyDay|[upkeep]\n|-heal|p2b: Farigiraf|19/100 brn|[from] item: Leftovers\n|-damage|p2b: Farigiraf|13/100 brn|[from] brn\n|upkeep\n|\n|t:|1776440737\n|switch|p1b: Rotom|Rotom-Wash, L50|100/100\n|turn|3\n|\n|t:|1776440758\n|switch|p2a: Drampa|Drampa, L50, F|100/100\n|-ability|p2a: Drampa|Cloud Nine\n|move|p2b: Farigiraf|Psychic|p1a: Charizard\n|-crit|p1a: Charizard\n|-damage|p1a: Charizard|46/100\n|move|p1b: Rotom|Thunderbolt|p2a: Drampa\n|-resisted|p2a: Drampa|1\n|-damage|p2a: Drampa|83/100\n|move|p1a: Charizard|Heat Wave|p2a: Drampa|[spread] p2a,p2b\n|-resisted|p2a: Drampa|1\n|-damage|p2a: Drampa|60/100\n|-damage|p2b: Farigiraf|0 fnt\n|faint|p2b: Farigiraf\n|\n|-weather|SunnyDay|[upkeep]\n|upkeep\n|\n|t:|1776440772\n|switch|p2b: Torkoal|Torkoal, L50, M|100/100\n|turn|4\n|\n|t:|1776440780\n|detailschange|p2a: Drampa|Drampa-Mega, L50, F\n|-mega|p2a: Drampa|Drampa|Drampanite\n|move|p1a: Charizard|Protect|p1a: Charizard\n|-singleturn|p1a: Charizard|Protect\n|move|p2b: Torkoal|Solar Beam||[still]\n|-prepare|p2b: Torkoal|Solar Beam\n|-anim|p2b: Torkoal|Solar Beam|p1b: Rotom\n|-supereffective|p1b: Rotom|1\n|-damage|p1b: Rotom|38/100\n|move|p2a: Drampa|Hyper Voice|p1b: Rotom|[spread] p1b\n|-activate|p1a: Charizard|move: Protect\n|-damage|p1b: Rotom|0 fnt\n|faint|p1b: Rotom\n|\n|-weather|SunnyDay|[upkeep]\n|upkeep\n|\n|t:|1776440793\n|switch|p1b: Sneasler|Sneasler, L50, M|100/100\n|turn|5\n|\n|t:|1776440814\n|move|p1b: Sneasler|Fake Out|p2b: Torkoal\n|-damage|p2b: Torkoal|90/100\n|cant|p2b: Torkoal|flinch\n|move|p2a: Drampa|Earth Power|p1b: Sneasler\n|-supereffective|p1b: Sneasler|1\n|-damage|p1b: Sneasler|0 fnt\n|faint|p1b: Sneasler\n|move|p1a: Charizard|Heat Wave|p2a: Drampa|[spread] p2a,p2b\n|-resisted|p2a: Drampa|1\n|-resisted|p2b: Torkoal|1\n|-damage|p2a: Drampa|35/100\n|-damage|p2b: Torkoal|47/100\n|-ability|p2a: Drampa|Berserk|boost\n|-boost|p2a: Drampa|spa|1\n|\n|-weather|none\n|-fieldend|move: Trick Room\n|upkeep\n|turn|6\n|\n|t:|1776440833\n|move|p2b: Torkoal|Protect|p2b: Torkoal\n|-singleturn|p2b: Torkoal|Protect\n|move|p1a: Charizard|Heat Wave|p2b: Torkoal|[spread] \n|-activate|p2b: Torkoal|move: Protect\n|-miss|p1a: Charizard|p2a: Drampa\n|move|p2a: Drampa|Hyper Voice|p1a: Charizard\n|-damage|p1a: Charizard|0 fnt\n|faint|p1a: Charizard\n|\n|win|testeteste3teste\n|raw|capacete5's rating: 1142 &rarr; <strong>1122</strong><br />(-20 for losing)\n|raw|testeteste3teste's rating: 1209 &rarr; <strong>1229</strong><br />(+20 for winning)\n",
  "uploadtime": 1776440833,
  "views": 23,
  "formatid": "gen9championsvgc2026regma",
  "rating": 1122,
  "private": 0,
  "password": null
}