{
  "id": "gen9championsvgc2026regma-2587845376",
  "format": "[Gen 9 Champions] VGC 2026 Reg M-A",
  "players": [
    "NoProblemAgency",
    "whytheytradedLuka"
  ],
  "log": "|j|\u203dNoProblemAgency\n|j|\u2606whytheytradedLuka\n|t:|1776569974\n|gametype|doubles\n|player|p1|NoProblemAgency|red|1000\n|player|p2|whytheytradedLuka|266|1050\n|gen|9\n|tier|[Gen 9 Champions] VGC 2026 Reg M-A\n|rated|\n|rule|Species Clause: Limit one of each Pok\u00e9mon\n|rule|Item Clause: Limit 1 of each item\n|clearpoke\n|poke|p1|Gengar, L50, M|\n|poke|p1|Incineroar, L50, M|\n|poke|p1|Kommo-o, L50, F|\n|poke|p1|Basculegion, L50, M|\n|poke|p1|Maushold, L50|\n|poke|p1|Rotom-Wash, L50|\n|poke|p2|Sneasler, L50, F|\n|poke|p2|Basculegion, L50, M|\n|poke|p2|Kingambit, L50, M|\n|poke|p2|Garchomp, L50, M|\n|poke|p2|Aerodactyl, L50, M|\n|poke|p2|Floette-Eternal, L50, F|\n|teampreview|4\n|\n|t:|1776570002\n|teamsize|p1|4\n|teamsize|p2|4\n|start\n|switch|p1a: Gengar|Gengar, L50, M|100/100\n|switch|p1b: Basculegion|Basculegion, L50, M|100/100\n|switch|p2a: Kingambit|Kingambit, L50, M|100/100\n|switch|p2b: Sneasler|Sneasler, L50, F|100/100\n|turn|1\n|\n|t:|1776570024\n|switch|p1b: Kommo-o|Kommo-o, L50, F|100/100\n|detailschange|p1a: Gengar|Gengar-Mega, L50, M\n|-mega|p1a: Gengar|Gengar|Gengarite\n|move|p1a: Gengar|Protect|p1a: Gengar\n|-singleturn|p1a: Gengar|Protect\n|move|p2a: Kingambit|Sucker Punch||[still]\n|-fail|p2a: Kingambit\n|move|p2b: Sneasler|Dire Claw|p1a: Gengar\n|-activate|p1a: Gengar|move: Protect\n|\n|upkeep\n|turn|2\n|\n|t:|1776570048\n|switch|p1a: Maushold|Maushold, L50|100/100\n|move|p2a: Kingambit|Protect|p2a: Kingambit\n|-singleturn|p2a: Kingambit|Protect\n|move|p2b: Sneasler|Close Combat|p1b: Kommo-o\n|-damage|p1b: Kommo-o|53/100\n|-unboost|p2b: Sneasler|def|1\n|-unboost|p2b: Sneasler|spd|1\n|-enditem|p2b: Sneasler|White Herb\n|-clearnegativeboost|p2b: Sneasler|[silent]\n|move|p1b: Kommo-o|Clangorous Soul|p1b: Kommo-o\n|-boost|p1b: Kommo-o|atk|1\n|-boost|p1b: Kommo-o|def|1\n|-boost|p1b: Kommo-o|spa|1\n|-boost|p1b: Kommo-o|spd|1\n|-boost|p1b: Kommo-o|spe|1\n|-damage|p1b: Kommo-o|20/100\n|\n|upkeep\n|turn|3\n|\n|t:|1776570085\n|switch|p2a: Floette|Floette-Eternal, L50, F|100/100\n|move|p1a: Maushold|Follow Me|p1a: Maushold\n|-singleturn|p1a: Maushold|move: Follow Me\n|move|p2b: Sneasler|Close Combat|p1a: Maushold\n|-supereffective|p1a: Maushold|1\n|-enditem|p1a: Maushold|Focus Sash\n|-damage|p1a: Maushold|1/100\n|-unboost|p2b: Sneasler|def|1\n|-unboost|p2b: Sneasler|spd|1\n|move|p1b: Kommo-o|Aura Sphere|p2a: Floette\n|-resisted|p2a: Floette|1\n|-damage|p2a: Floette|77/100\n|\n|upkeep\n|turn|4\n|\n|t:|1776570113\n|switch|p2b: Kingambit|Kingambit, L50, M|100/100\n|move|p1b: Kommo-o|Protect|p1b: Kommo-o\n|-singleturn|p1b: Kommo-o|Protect\n|move|p1a: Maushold|Super Fang|p2a: Floette\n|-damage|p2a: Floette|39/100\n|move|p2a: Floette|Dazzling Gleam|p1b: Kommo-o|[spread] p1a\n|-activate|p1b: Kommo-o|move: Protect\n|-damage|p1a: Maushold|0 fnt\n|faint|p1a: Maushold\n|\n|upkeep\n|\n|t:|1776570133\n|switch|p1a: Basculegion|Basculegion, L50, M|100/100\n|turn|5\n|\n|t:|1776570151\n|detailschange|p2a: Floette|Floette-Mega, L50, F\n|-mega|p2a: Floette|Floette|Floettite\n|-ability|p2a: Floette|Fairy Aura\n|move|p1a: Basculegion|Aqua Jet|p2a: Floette\n|-damage|p2a: Floette|8/100\n|move|p2b: Kingambit|Sucker Punch||[still]\n|-fail|p2b: Kingambit\n|move|p1b: Kommo-o|Aura Sphere|p2a: Floette\n|-resisted|p2a: Floette|1\n|-damage|p2a: Floette|0 fnt\n|faint|p2a: Floette\n|\n|upkeep\n|\n|t:|1776570167\n|switch|p2a: Basculegion|Basculegion, L50, M|100/100\n|turn|6\n|\n|t:|1776570174\n|switch|p1a: Gengar|Gengar-Mega, L50, M|100/100\n|move|p1b: Kommo-o|Protect|p1b: Kommo-o\n|-singleturn|p1b: Kommo-o|Protect\n|move|p2a: Basculegion|Flip Turn|p1b: Kommo-o\n|-activate|p1b: Kommo-o|move: Protect\n|move|p2b: Kingambit|Kowtow Cleave|p1a: Gengar\n|-supereffective|p1a: Gengar|1\n|-damage|p1a: Gengar|1/100\n|\n|upkeep\n|turn|7\n|\n|t:|1776570195\n|move|p2a: Basculegion|Flip Turn|p1b: Kommo-o\n|-resisted|p1b: Kommo-o|1\n|-damage|p1b: Kommo-o|8/100\n|\n|t:|1776570199\n|switch|p2a: Sneasler|Sneasler, L50, F|100/100|[from] Flip Turn\n|move|p1b: Kommo-o|Aura Sphere|p2b: Kingambit\n|-supereffective|p2b: Kingambit|2\n|-enditem|p2b: Kingambit|Chople Berry|[eat]\n|-enditem|p2b: Kingambit|Chople Berry|[weaken]\n|-damage|p2b: Kingambit|0 fnt\n|faint|p2b: Kingambit\n|move|p1a: Gengar|Shadow Ball|p2a: Sneasler\n|-damage|p2a: Sneasler|42/100\n|\n|upkeep\n|\n|t:|1776570211\n|switch|p2b: Basculegion|Basculegion, L50, M|100/100\n|turn|8\n|\n|t:|1776570232\n|move|p1b: Kommo-o|Protect|p1b: Kommo-o\n|-singleturn|p1b: Kommo-o|Protect\n|move|p1a: Gengar|Protect|p1a: Gengar\n|-singleturn|p1a: Gengar|Protect\n|move|p2a: Sneasler|Protect|p2a: Sneasler\n|-singleturn|p2a: Sneasler|Protect\n|move|p2b: Basculegion|Last Respects|p1a: Gengar\n|-activate|p1a: Gengar|move: Protect\n|\n|upkeep\n|turn|9\n|\n|t:|1776570246\n|move|p2b: Basculegion|Last Respects|p1a: Gengar\n|-supereffective|p1a: Gengar|1\n|-damage|p1a: Gengar|0 fnt\n|faint|p1a: Gengar\n|move|p1b: Kommo-o|Clanging Scales|p2b: Basculegion|[spread] p2a,p2b\n|-damage|p2a: Sneasler|0 fnt\n|-damage|p2b: Basculegion|22/100\n|faint|p2a: Sneasler\n|-unboost|p1b: Kommo-o|def|1\n|\n|upkeep\n|\n|t:|1776570253\n|switch|p1a: Basculegion|Basculegion, L50, M|100/100\n|turn|10\n|\n|t:|1776570261\n|move|p1a: Basculegion|Last Respects|p2b: Basculegion\n|-supereffective|p2b: Basculegion|1\n|-damage|p2b: Basculegion|0 fnt\n|faint|p2b: Basculegion\n|\n|win|NoProblemAgency\n|raw|NoProblemAgency's rating: 1000 &rarr; <strong>1046</strong><br />(+46 for winning)\n|raw|whytheytradedLuka's rating: 1050 &rarr; <strong>1030</strong><br />(-20 for losing)\n|l|\u2606whytheytradedLuka\n|player|p2|\n",
  "uploadtime": 1776570263,
  "views": 11,
  "formatid": "gen9championsvgc2026regma",
  "rating": 1030,
  "private": 0,
  "password": null
}