{
  "id": "gen9championsvgc2026regma-2587127798",
  "format": "[Gen 9 Champions] VGC 2026 Reg M-A",
  "players": [
    "ashbayleef",
    "smubfinger"
  ],
  "log": "|j|\u2606ashbayleef\n|j|\u2606smubfinger\n|t:|1776497386\n|gametype|doubles\n|player|p1|ashbayleef|dragontamer|1146\n|player|p2|smubfinger|lady-gen4|1042\n|gen|9\n|tier|[Gen 9 Champions] VGC 2026 Reg M-A\n|rated|\n|rule|Species Clause: Limit one of each Pok\u00e9mon\n|rule|Item Clause: Limit 1 of each item\n|clearpoke\n|poke|p1|Meganium, L50, F|\n|poke|p1|Dragapult, L50, F|\n|poke|p1|Glimmora, L50, M|\n|poke|p1|Dragonite, L50, F|\n|poke|p1|Blastoise, L50, M|\n|poke|p1|Aerodactyl, L50, F|\n|poke|p2|Froslass, L50, F|\n|poke|p2|Weavile, L50, M|\n|poke|p2|Ninetales-Alola, L50, M|\n|poke|p2|Araquanid, L50, F|\n|poke|p2|Aerodactyl, L50, F|\n|poke|p2|Tinkaton, L50, F|\n|teampreview|4\n|inactive|Battle timer is ON: inactive players will automatically lose when time's up. (requested by smubfinger)\n|l|\u2606smubfinger\n|inactive|smubfinger disconnected and has a minute to reconnect!\n|player|p2|\n|\n|t:|1776497435\n|teamsize|p1|4\n|teamsize|p2|4\n|start\n|switch|p1a: Aerodactyl|Aerodactyl, L50, F|100/100\n|switch|p1b: Glimmora|Glimmora, L50, M|100/100\n|switch|p2a: Aerodactyl|Aerodactyl, L50, F|100/100\n|switch|p2b: Ninetales|Ninetales-Alola, L50, M|100/100\n|-ability|p1a: Aerodactyl|Unnerve\n|-ability|p2a: Aerodactyl|Unnerve\n|-weather|Snowscape|[from] ability: Snow Warning|[of] p2b: Ninetales\n|turn|1\n|j|\u2606smubfinger\n|inactive|smubfinger reconnected and has 55 seconds left.\n|player|p2|smubfinger|lady-gen4|\n|inactive|ashbayleef has 30 seconds left.\n|\n|t:|1776497462\n|move|p1a: Aerodactyl|Rock Slide|p2a: Aerodactyl|[spread] p2a,p2b\n|-supereffective|p2a: Aerodactyl|1\n|-supereffective|p2b: Ninetales|1\n|-damage|p2a: Aerodactyl|2/100\n|-damage|p2b: Ninetales|43/100\n|move|p2a: Aerodactyl|Tailwind|p2a: Aerodactyl\n|-sidestart|p2: smubfinger|move: Tailwind\n|move|p2b: Ninetales|Aurora Veil|p2b: Ninetales\n|-sidestart|p2: smubfinger|move: Aurora Veil\n|move|p1b: Glimmora|Power Gem|p2b: Ninetales\n|-supereffective|p2b: Ninetales|1\n|-damage|p2b: Ninetales|0 fnt\n|faint|p2b: Ninetales\n|\n|-weather|Snowscape|[upkeep]\n|upkeep\n|\n|t:|1776497480\n|switch|p2b: Weavile|Weavile, L50, M|100/100\n|turn|2\n|\n|t:|1776497494\n|move|p2b: Weavile|Protect|p2b: Weavile\n|-singleturn|p2b: Weavile|Protect\n|move|p2a: Aerodactyl|Rock Slide|p1b: Glimmora|[spread] p1a,p1b\n|-supereffective|p1a: Aerodactyl|1\n|-damage|p1a: Aerodactyl|23/100\n|-damage|p1b: Glimmora|67/100\n|-activate|p1b: Glimmora|ability: Toxic Debris\n|-sidestart|p2: smubfinger|move: Toxic Spikes\n|move|p1a: Aerodactyl|Rock Slide|p2b: Weavile|[spread] p2a\n|-activate|p2b: Weavile|move: Protect\n|-supereffective|p2a: Aerodactyl|1\n|-damage|p2a: Aerodactyl|0 fnt\n|faint|p2a: Aerodactyl\n|move|p1b: Glimmora|Power Gem|p2b: Weavile\n|-activate|p2b: Weavile|move: Protect\n|\n|-weather|Snowscape|[upkeep]\n|upkeep\n|\n|t:|1776497505\n|switch|p2a: Froslass|Froslass, L50, F|100/100\n|-status|p2a: Froslass|psn\n|turn|3\n|inactive|ashbayleef has 30 seconds left.\n|\n|t:|1776497537\n|detailschange|p2a: Froslass|Froslass-Mega, L50, F\n|-mega|p2a: Froslass|Froslass|Froslassite\n|move|p2a: Froslass|Blizzard|p1b: Glimmora|[spread] p1a,p1b\n|-supereffective|p1a: Aerodactyl|1\n|-damage|p1a: Aerodactyl|0 fnt\n|-damage|p1b: Glimmora|12/100\n|faint|p1a: Aerodactyl\n|move|p2b: Weavile|Assurance|p1b: Glimmora\n|-damage|p1b: Glimmora|0 fnt\n|-activate|p1b: Glimmora|ability: Toxic Debris\n|-sidestart|p2: smubfinger|move: Toxic Spikes\n|faint|p1b: Glimmora\n|\n|-weather|Snowscape|[upkeep]\n|-damage|p2a: Froslass|88/100 psn|[from] psn\n|upkeep\n|\n|t:|1776497546\n|switch|p1a: Blastoise|Blastoise, L50, M|100/100\n|switch|p1b: Meganium|Meganium, L50, F|100/100\n|turn|4\n|\n|t:|1776497570\n|detailschange|p1b: Meganium|Meganium-Mega, L50, F\n|-mega|p1b: Meganium|Meganium|Meganiumite\n|move|p1a: Blastoise|Fake Out|p2b: Weavile\n|-damage|p2b: Weavile|95/100\n|move|p2a: Froslass|Blizzard|p1a: Blastoise|[spread] p1a,p1b\n|-resisted|p1a: Blastoise|1\n|-supereffective|p1b: Meganium|1\n|-damage|p1a: Blastoise|75/100\n|-damage|p1b: Meganium|8/100\n|cant|p2b: Weavile|flinch\n|move|p1b: Meganium|Weather Ball|p2a: Froslass\n|-supereffective|p2a: Froslass|1\n|-damage|p2a: Froslass|2/100 psn\n|\n|-weather|Snowscape|[upkeep]\n|-damage|p2a: Froslass|0 fnt|[from] psn\n|faint|p2a: Froslass\n|-sideend|p2: smubfinger|move: Tailwind\n|upkeep\n|turn|5\n|inactive|ashbayleef has 30 seconds left.\n|inactive|smubfinger has 30 seconds left.\n|inactive|ashbayleef has 20 seconds left.\n|inactive|ashbayleef has 15 seconds left.\n|\n|t:|1776497613\n|move|p1b: Meganium|Protect|p1b: Meganium\n|-singleturn|p1b: Meganium|Protect\n|move|p2b: Weavile|Icicle Spear|p1b: Meganium\n|-activate|p1b: Meganium|move: Protect\n|move|p1a: Blastoise|Shell Smash|p1a: Blastoise\n|-unboost|p1a: Blastoise|def|1\n|-unboost|p1a: Blastoise|spd|1\n|-boost|p1a: Blastoise|atk|2\n|-boost|p1a: Blastoise|spa|2\n|-boost|p1a: Blastoise|spe|2\n|\n|-weather|none\n|-sideend|p2: smubfinger|move: Aurora Veil\n|upkeep\n|turn|6\n|\n|t:|1776497634\n|move|p1a: Blastoise|Surf|p2b: Weavile|[spread] p1b,p2b\n|-resisted|p1b: Meganium|1\n|-damage|p1b: Meganium|0 fnt\n|-damage|p2b: Weavile|0 fnt\n|faint|p1b: Meganium\n|faint|p2b: Weavile\n|\n|win|ashbayleef\n|raw|ashbayleef's rating: 1146 &rarr; <strong>1164</strong><br />(+18 for winning)\n|raw|smubfinger's rating: 1042 &rarr; <strong>1030</strong><br />(-12 for losing)\n",
  "uploadtime": 1776497639,
  "views": 16,
  "formatid": "gen9championsvgc2026regma",
  "rating": 1030,
  "private": 0,
  "password": null
}