{
  "id": "gen9championsvgc2026regma-2581183004",
  "format": "[Gen 9 Champions] VGC 2026 Reg M-A",
  "players": [
    "PyroPeepo",
    "Hipphoppotas"
  ],
  "log": "|j|\u2606PyroPeepo\n|j|\u2606Hipphoppotas\n|t:|1775968112\n|gametype|doubles\n|player|p1|PyroPeepo|wattson|1079\n|player|p2|Hipphoppotas|flannery|1118\n|gen|9\n|tier|[Gen 9 Champions] VGC 2026 Reg M-A\n|rated|\n|rule|Species Clause: Limit one of each Pok\u00e9mon\n|rule|Item Clause: Limit 1 of each item\n|clearpoke\n|poke|p1|Glalie, L50, M|\n|poke|p1|Whimsicott, L50, M|\n|poke|p1|Sinistcha, L50|\n|poke|p1|Sylveon, L50, M|\n|poke|p1|Armarouge, L50, M|\n|poke|p1|Basculegion, L50, M|\n|poke|p2|Primarina, L50, F|\n|poke|p2|Talonflame, L50, M|\n|poke|p2|Archaludon, L50, M|\n|poke|p2|Basculegion, L50, M|\n|poke|p2|Pelipper, L50, M|\n|poke|p2|Lopunny, L50, M|\n|teampreview|4\n|inactive|Battle timer is ON: inactive players will automatically lose when time's up. (requested by PyroPeepo)\n|\n|t:|1775968138\n|teamsize|p1|4\n|teamsize|p2|4\n|start\n|switch|p1a: EXISTENCE IS PAIN|Glalie, L50, M, shiny|100/100\n|switch|p1b: I WANT TO LIVE!!!|Whimsicott, L50, M|100/100\n|switch|p2a: Lopunny|Lopunny, L50, M|100/100\n|switch|p2b: Talonflame|Talonflame, L50, M|100/100\n|turn|1\n|inactive|Hipphoppotas has 30 seconds left.\n|\n|t:|1775968163\n|detailschange|p2a: Lopunny|Lopunny-Mega, L50, M\n|-mega|p2a: Lopunny|Lopunny|Lopunnite\n|detailschange|p1a: EXISTENCE IS PAIN|Glalie-Mega, L50, M, shiny\n|-mega|p1a: EXISTENCE IS PAIN|Glalie|Glalitite\n|move|p1b: I WANT TO LIVE!!!|Protect|p1b: I WANT TO LIVE!!!\n|-singleturn|p1b: I WANT TO LIVE!!!|Protect\n|move|p2a: Lopunny|Protect|p2a: Lopunny\n|-singleturn|p2a: Lopunny|Protect\n|move|p2b: Talonflame|Tailwind|p2b: Talonflame\n|-sidestart|p2: Hipphoppotas|move: Tailwind\n|move|p1a: EXISTENCE IS PAIN|Explosion|p2b: Talonflame|[spread] p2b\n|-activate|p1b: I WANT TO LIVE!!!|move: Protect\n|-activate|p2a: Lopunny|move: Protect\n|-enditem|p2b: Talonflame|Focus Sash\n|-damage|p2b: Talonflame|1/100\n|faint|p1a: EXISTENCE IS PAIN\n|\n|upkeep\n|\n|t:|1775968182\n|switch|p1a: Did that Guy khs?|Sylveon, L50, M|100/100\n|turn|2\n|\n|t:|1775968199\n|switch|p2b: Primarina|Primarina, L50, F|100/100\n|move|p1b: I WANT TO LIVE!!!|Tailwind|p1b: I WANT TO LIVE!!!\n|-sidestart|p1: PyroPeepo|move: Tailwind\n|move|p2a: Lopunny|Triple Axel|p1b: I WANT TO LIVE!!!|[miss]\n|-miss|p2a: Lopunny|p1b: I WANT TO LIVE!!!\n|move|p1a: Did that Guy khs?|Hyper Voice|p2b: Primarina|[spread] p2a,p2b\n|-supereffective|p2a: Lopunny|1\n|-damage|p2a: Lopunny|0 fnt\n|-damage|p2b: Primarina|47/100\n|faint|p2a: Lopunny\n|\n|upkeep\n|\n|t:|1775968214\n|switch|p2a: Basculegion|Basculegion, L50, M|100/100\n|turn|3\n|\n|t:|1775968228\n|move|p1b: I WANT TO LIVE!!!|Protect|p1b: I WANT TO LIVE!!!\n|-singleturn|p1b: I WANT TO LIVE!!!|Protect\n|move|p2a: Basculegion|Last Respects|p1a: Did that Guy khs?\n|-damage|p1a: Did that Guy khs?|28/100\n|move|p2b: Primarina|Hyper Voice|p1a: Did that Guy khs?|[spread] p1a\n|-activate|p1b: I WANT TO LIVE!!!|move: Protect\n|-damage|p1a: Did that Guy khs?|0 fnt\n|faint|p1a: Did that Guy khs?\n|\n|upkeep\n|\n|t:|1775968240\n|switch|p1a: Idk I'm fish|Basculegion, L50, M|100/100\n|turn|4\n|\n|t:|1775968257\n|move|p1a: Idk I'm fish|Protect|p1a: Idk I'm fish\n|-singleturn|p1a: Idk I'm fish|Protect\n|move|p2a: Basculegion|Last Respects|p1a: Idk I'm fish\n|-activate|p1a: Idk I'm fish|move: Protect\n|move|p1b: I WANT TO LIVE!!!|Endeavor|p2a: Basculegion\n|-immune|p2a: Basculegion\n|move|p2b: Primarina|Ice Beam|p1b: I WANT TO LIVE!!!\n|-supereffective|p1b: I WANT TO LIVE!!!|1\n|-damage|p1b: I WANT TO LIVE!!!|1/100\n|\n|-sideend|p2: Hipphoppotas|move: Tailwind\n|upkeep\n|turn|5\n|\n|t:|1775968278\n|move|p1b: I WANT TO LIVE!!!|Endeavor|p2a: Basculegion\n|-immune|p2a: Basculegion\n|move|p2a: Basculegion|Last Respects|p1a: Idk I'm fish\n|-supereffective|p1a: Idk I'm fish|1\n|-damage|p1a: Idk I'm fish|0 fnt\n|faint|p1a: Idk I'm fish\n|move|p2b: Primarina|Dazzling Gleam|p1b: I WANT TO LIVE!!!\n|-damage|p1b: I WANT TO LIVE!!!|0 fnt\n|faint|p1b: I WANT TO LIVE!!!\n|\n|win|Hipphoppotas\n|raw|PyroPeepo's rating: 1079 &rarr; <strong>1060</strong><br />(-19 for losing)\n|raw|Hipphoppotas's rating: 1118 &rarr; <strong>1140</strong><br />(+22 for winning)\n|l|\u2606PyroPeepo\n|player|p1|\n",
  "uploadtime": 1775968289,
  "views": 37,
  "formatid": "gen9championsvgc2026regma",
  "rating": 1060,
  "private": 0,
  "password": null
}