{
  "id": "gen9championsvgc2026regma-2586618932",
  "format": "[Gen 9 Champions] VGC 2026 Reg M-A",
  "players": [
    "campeondelfitness",
    "ondular"
  ],
  "log": "|j|\u2606campeondelfitness\n|j|\u2606ondular\n|t:|1776447286\n|gametype|doubles\n|player|p1|campeondelfitness|swimmer|1204\n|player|p2|ondular|2|1160\n|gen|9\n|tier|[Gen 9 Champions] VGC 2026 Reg M-A\n|rated|\n|rule|Species Clause: Limit one of each Pok\u00e9mon\n|rule|Item Clause: Limit 1 of each item\n|clearpoke\n|poke|p1|Tyranitar, L50, F|\n|poke|p1|Garchomp, L50, M|\n|poke|p1|Heliolisk, L50, M|\n|poke|p1|Rotom-Heat, L50|\n|poke|p1|Orthworm, L50, M|\n|poke|p1|Aerodactyl, L50, F|\n|poke|p2|Typhlosion-Hisui, L50, M|\n|poke|p2|Charizard, L50, F|\n|poke|p2|Farigiraf, L50, F|\n|poke|p2|Azumarill, L50, F|\n|poke|p2|Venusaur, L50, F|\n|poke|p2|Liepard, L50, F|\n|teampreview|4\n|inactive|Battle timer is ON: inactive players will automatically lose when time's up. (requested by campeondelfitness)\nondular rejected open team sheets.\n|\n|t:|1776447306\n|teamsize|p1|4\n|teamsize|p2|4\n|start\n|switch|p1a: Orthworm|Orthworm, L50, M|100/100\n|switch|p1b: Aerodactyl|Aerodactyl, L50, F|100/100\n|switch|p2a: Liepard|Liepard, L50, F|100/100\n|switch|p2b: Azumarill|Azumarill, L50, F|100/100\n|-ability|p1b: Aerodactyl|Unnerve\n|turn|1\n|\n|t:|1776447331\n|switch|p1b: Tyranitar|Tyranitar, L50, F|100/100\n|-weather|Sandstorm|[from] ability: Sand Stream|[of] p1b: Tyranitar\n|move|p2a: Liepard|Fake Out|p1b: Tyranitar\n|-resisted|p1b: Tyranitar|1\n|-damage|p1b: Tyranitar|97/100\n|move|p1a: Orthworm|Iron Defense|p1a: Orthworm\n|-boost|p1a: Orthworm|def|2\n|move|p2b: Azumarill|Belly Drum|p2b: Azumarill\n|-damage|p2b: Azumarill|51/100\n|-setboost|p2b: Azumarill|atk|6|[from] move: Belly Drum\n|\n|-weather|Sandstorm|[upkeep]\n|-damage|p2a: Liepard|95/100|[from] Sandstorm\n|-damage|p2b: Azumarill|45/100|[from] Sandstorm\n|-enditem|p2b: Azumarill|Sitrus Berry|[eat]\n|-heal|p2b: Azumarill|70/100|[from] item: Sitrus Berry\n|upkeep\n|turn|2\n|inactive|campeondelfitness has 30 seconds left.\n|inactive|ondular has 30 seconds left.\n|\n|t:|1776447363\n|move|p1b: Tyranitar|Protect|p1b: Tyranitar\n|-singleturn|p1b: Tyranitar|Protect\n|move|p2a: Liepard|Screech|p1a: Orthworm\n|-unboost|p1a: Orthworm|def|2\n|move|p2b: Azumarill|Aqua Jet|p1a: Orthworm\n|-damage|p1a: Orthworm|46/100\n|move|p1a: Orthworm|Iron Head|p2b: Azumarill\n|-damage|p2b: Azumarill|42/100\n|\n|-weather|Sandstorm|[upkeep]\n|-damage|p2a: Liepard|89/100|[from] Sandstorm\n|-damage|p2b: Azumarill|36/100|[from] Sandstorm\n|-heal|p1a: Orthworm|52/100|[from] item: Leftovers\n|upkeep\n|turn|3\n|inactive|campeondelfitness has 30 seconds left.\n|inactive|campeondelfitness has 20 seconds left.\n|inactive|campeondelfitness has 15 seconds left.\n|inactive|campeondelfitness has 10 seconds left.\n|\n|t:|1776447411\n|move|p2a: Liepard|Screech|p1b: Tyranitar\n|-hint|Since gen 7, Dark is immune to Prankster moves.\n|-immune|p1b: Tyranitar\n|move|p2b: Azumarill|Aqua Jet|p1b: Tyranitar\n|-supereffective|p1b: Tyranitar|1\n|-damage|p1b: Tyranitar|0 fnt\n|faint|p1b: Tyranitar\n|move|p1a: Orthworm|Iron Defense|p1a: Orthworm\n|-boost|p1a: Orthworm|def|2\n|\n|-weather|Sandstorm|[upkeep]\n|-damage|p2a: Liepard|83/100|[from] Sandstorm\n|-damage|p2b: Azumarill|30/100|[from] Sandstorm\n|-heal|p1a: Orthworm|58/100|[from] item: Leftovers\n|upkeep\n|\n|t:|1776447424\n|switch|p1b: Aerodactyl|Aerodactyl, L50, F|100/100\n|-ability|p1b: Aerodactyl|Unnerve\n|turn|4\n|\n|t:|1776447435\n|move|p2a: Liepard|Taunt|p1b: Aerodactyl\n|-start|p1b: Aerodactyl|move: Taunt\n|move|p2b: Azumarill|Aqua Jet|p1a: Orthworm\n|-damage|p1a: Orthworm|31/100\n|cant|p1b: Aerodactyl|move: Taunt|Tailwind\n|move|p1a: Orthworm|Iron Head|p2b: Azumarill\n|-damage|p2b: Azumarill|7/100\n|\n|-weather|Sandstorm|[upkeep]\n|-damage|p2a: Liepard|77/100|[from] Sandstorm\n|-damage|p2b: Azumarill|1/100|[from] Sandstorm\n|-heal|p1a: Orthworm|37/100|[from] item: Leftovers\n|upkeep\n|turn|5\n|inactive|ondular has 30 seconds left.\n|\n|t:|1776447467\n|switch|p1b: Garchomp|Garchomp, L50, M|100/100\n|move|p2a: Liepard|Screech|p1a: Orthworm\n|-unboost|p1a: Orthworm|def|2\n|move|p2b: Azumarill|Aqua Jet|p1b: Garchomp\n|-damage|p1b: Garchomp|4/100\n|move|p1a: Orthworm|Iron Defense|p1a: Orthworm\n|-boost|p1a: Orthworm|def|2\n|\n|-weather|none\n|-heal|p1a: Orthworm|43/100|[from] item: Leftovers\n|upkeep\n|turn|6\n|-message|campeondelfitness forfeited.\n|\n|win|ondular\n|raw|campeondelfitness's rating: 1204 &rarr; <strong>1176</strong><br />(-28 for losing)\n|raw|ondular's rating: 1160 &rarr; <strong>1188</strong><br />(+28 for winning)\n",
  "uploadtime": 1776447486,
  "views": 48,
  "formatid": "gen9championsvgc2026regma",
  "rating": 1176,
  "private": 0,
  "password": null
}