{
  "id": "gen9championsvgc2026regma-2587747347",
  "format": "[Gen 9 Champions] VGC 2026 Reg M-A",
  "players": [
    "CaliberChamp",
    "redeye555"
  ],
  "log": "|j|\u2606CaliberChamp\n|j|\u2606redeye555\n|t:|1776559946\n|gametype|doubles\n|player|p1|CaliberChamp|red-masters|1094\n|player|p2|redeye555|acetrainersnow|1159\n|gen|9\n|tier|[Gen 9 Champions] VGC 2026 Reg M-A\n|rated|\n|rule|Species Clause: Limit one of each Pok\u00e9mon\n|rule|Item Clause: Limit 1 of each item\n|clearpoke\n|poke|p1|Greninja, L50, M|\n|poke|p1|Aegislash, L50, F, shiny|\n|poke|p1|Hawlucha, L50, M|\n|poke|p1|Klefki, L50, F|\n|poke|p1|Tyrantrum, L50, M, shiny|\n|poke|p1|Noivern, L50, F|\n|poke|p2|Talonflame, L50, M|\n|poke|p2|Sneasler, L50, M|\n|poke|p2|Maushold-Four, L50|\n|poke|p2|Primarina, L50, F|\n|poke|p2|Floette-Eternal, L50, F|\n|poke|p2|Heracross, L50, M|\n|teampreview|4\n|\n|t:|1776559975\n|teamsize|p1|4\n|teamsize|p2|4\n|start\n|switch|p1a: Greninja|Greninja, L50, M|100/100\n|switch|p1b: Noivern|Noivern, L50, F|100/100\n|switch|p2a: Sneasler|Sneasler, L50, M|100/100\n|switch|p2b: Heracross|Heracross, L50, M|100/100\n|turn|1\n|\n|t:|1776560015\n|switch|p1a: Aegislash|Aegislash, L50, F, shiny|100/100\n|detailschange|p2b: Heracross|Heracross-Mega, L50, M\n|-mega|p2b: Heracross|Heracross|Heracronite\n|move|p2a: Sneasler|Fake Out|p1b: Noivern\n|-damage|p1b: Noivern|78/100\n|cant|p1b: Noivern|flinch\n|move|p2b: Heracross|Rock Blast|p1b: Noivern\n|-supereffective|p1b: Noivern|1\n|-damage|p1b: Noivern|44/100\n|-supereffective|p1b: Noivern|1\n|-damage|p1b: Noivern|9/100\n|-supereffective|p1b: Noivern|1\n|-damage|p1b: Noivern|0 fnt\n|faint|p1b: Noivern\n|-hitcount|p1: Noivern|3\n|\n|upkeep\n|\n|t:|1776560036\n|switch|p1b: Hawlucha|Hawlucha, L50, M|100/100\n|-ability|p1b: Hawlucha|Mold Breaker\n|turn|2\n|inactive|Battle timer is ON: inactive players will automatically lose when time's up. (requested by CaliberChamp)\n|\n|t:|1776560086\n|move|p2a: Sneasler|Dire Claw|p1b: Hawlucha\n|-damage|p1b: Hawlucha|40/100\n|move|p1b: Hawlucha|Dual Wingbeat|p2a: Sneasler|[miss]\n|-miss|p1b: Hawlucha|p2a: Sneasler\n|move|p2b: Heracross|Rock Blast|p1b: Hawlucha|[miss]\n|-miss|p2b: Heracross|p1b: Hawlucha\n|move|p1a: Aegislash|Swords Dance|p1a: Aegislash\n|-boost|p1a: Aegislash|atk|2\n|\n|upkeep\n|turn|3\n|inactive|redeye555 has 30 seconds left.\n|\n|t:|1776560115\n|move|p1b: Hawlucha|Detect|p1b: Hawlucha\n|-singleturn|p1b: Hawlucha|Protect\n|move|p2a: Sneasler|Dire Claw|p1b: Hawlucha\n|-activate|p1b: Hawlucha|move: Protect\n|move|p2b: Heracross|Rock Blast|p1a: Aegislash\n|-resisted|p1a: Aegislash|1\n|-crit|p1a: Aegislash\n|-damage|p1a: Aegislash|92/100\n|-resisted|p1a: Aegislash|1\n|-damage|p1a: Aegislash|86/100\n|-resisted|p1a: Aegislash|1\n|-damage|p1a: Aegislash|80/100\n|-resisted|p1a: Aegislash|1\n|-damage|p1a: Aegislash|75/100\n|-resisted|p1a: Aegislash|1\n|-damage|p1a: Aegislash|68/100\n|-hitcount|p1a: Aegislash|5\n|-formechange|p1a: Aegislash|Aegislash-Blade|\n|move|p1a: Aegislash|Iron Head|p2a: Sneasler\n|-damage|p2a: Sneasler|0 fnt\n|faint|p2a: Sneasler\n|\n|-heal|p1a: Aegislash|74/100|[from] item: Leftovers\n|upkeep\n|inactive|redeye555 has 30 seconds left.\n|\n|t:|1776560145\n|switch|p2a: Primarina|Primarina, L50, F|100/100\n|turn|4\n|\n|t:|1776560166\n|detailschange|p1b: Hawlucha|Hawlucha-Mega, L50, M\n|-mega|p1b: Hawlucha|Hawlucha|Hawluchanite\n|-formechange|p1a: Aegislash|Aegislash|\n|move|p1a: Aegislash|King's Shield|p1a: Aegislash\n|-singleturn|p1a: Aegislash|Protect\n|move|p1b: Hawlucha|Dual Wingbeat|p2b: Heracross\n|-supereffective|p2b: Heracross|2\n|-damage|p2b: Heracross|17/100\n|-supereffective|p2b: Heracross|2\n|-damage|p2b: Heracross|0 fnt\n|faint|p2b: Heracross\n|-hitcount|p2: Heracross|2\n|move|p2a: Primarina|Dazzling Gleam|p1a: Aegislash|[spread] p1b\n|-activate|p1a: Aegislash|move: Protect\n|-supereffective|p1b: Hawlucha|1\n|-damage|p1b: Hawlucha|0 fnt\n|faint|p1b: Hawlucha\n|\n|-heal|p1a: Aegislash|80/100|[from] item: Leftovers\n|upkeep\n|\n|t:|1776560185\n|switch|p1b: Greninja|Greninja, L50, M|100/100\n|switch|p2b: Talonflame|Talonflame, L50, M|100/100\n|turn|5\n|\n|t:|1776560200\n|move|p2b: Talonflame|Tailwind|p2b: Talonflame\n|-sidestart|p2: redeye555|move: Tailwind\n|move|p1b: Greninja|Sludge Wave|p2b: Talonflame|[spread] p2a,p2b\n|-start|p1b: Greninja|typechange|Poison|[from] ability: Protean\n|-immune|p1a: Aegislash\n|-supereffective|p2a: Primarina|1\n|-damage|p2a: Primarina|42/100\n|-damage|p2b: Talonflame|48/100\n|-status|p2b: Talonflame|psn\n|move|p2a: Primarina|Dazzling Gleam|p1a: Aegislash|[spread] p1a,p1b\n|-resisted|p1a: Aegislash|1\n|-resisted|p1b: Greninja|1\n|-damage|p1a: Aegislash|63/100\n|-damage|p1b: Greninja|68/100\n|-formechange|p1a: Aegislash|Aegislash-Blade|\n|move|p1a: Aegislash|Iron Head|p2a: Primarina\n|-crit|p2a: Primarina\n|-damage|p2a: Primarina|0 fnt\n|faint|p2a: Primarina\n|\n|-heal|p1a: Aegislash|69/100|[from] item: Leftovers\n|-damage|p2b: Talonflame|35/100 psn|[from] psn\n|upkeep\n|turn|6\n|inactive|redeye555 has 30 seconds left.\n|\n|t:|1776560225\n|-formechange|p1a: Aegislash|Aegislash|\n|move|p1a: Aegislash|King's Shield|p1a: Aegislash\n|-singleturn|p1a: Aegislash|Protect\n|move|p2b: Talonflame|Flare Blitz|p1a: Aegislash\n|-activate|p1a: Aegislash|move: Protect\n|-unboost|p2b: Talonflame|atk|1\n|move|p1b: Greninja|Sludge Wave|p2b: Talonflame|[spread] p2b\n|-activate|p1a: Aegislash|move: Protect\n|-damage|p2b: Talonflame|0 fnt\n|faint|p2b: Talonflame\n|\n|win|CaliberChamp\n|raw|CaliberChamp's rating: 1094 &rarr; <strong>1125</strong><br />(+31 for winning)\n|raw|redeye555's rating: 1159 &rarr; <strong>1129</strong><br />(-30 for losing)\n|l|\u2606redeye555\n|player|p2|\n",
  "uploadtime": 1776560251,
  "views": 24,
  "formatid": "gen9championsvgc2026regma",
  "rating": 1125,
  "private": 0,
  "password": null
}