{
  "id": "gen9championsvgc2026regma-2580458436",
  "format": "[Gen 9 Champions] VGC 2026 Reg M-A",
  "players": [
    "Zoenna55",
    "sodarist"
  ],
  "log": "|j|\u2606Zoenna55\n|j|\u2606sodarist\n|t:|1775899612\n|gametype|doubles\n|player|p1|Zoenna55|reporter|1051\n|player|p2|sodarist|steven|1043\n|gen|9\n|tier|[Gen 9 Champions] VGC 2026 Reg M-A\n|rated|\n|rule|Species Clause: Limit one of each Pok\u00e9mon\n|rule|Item Clause: Limit 1 of each item\n|clearpoke\n|poke|p1|Milotic, L50, F|\n|poke|p1|Aggron, L50, F|\n|poke|p1|Sinistcha, L50|\n|poke|p1|Tyranitar, L50, F|\n|poke|p1|Sneasler, L50, F|\n|poke|p1|Sylveon, L50, F|\n|poke|p2|Tyranitar, L50, F|\n|poke|p2|Whimsicott, L50, M|\n|poke|p2|Excadrill, L50, F|\n|poke|p2|Milotic, L50, M|\n|poke|p2|Meowscarada, L50, F|\n|poke|p2|Incineroar, L50, M|\n|teampreview|4\n|inactive|Battle timer is ON: inactive players will automatically lose when time's up. (requested by Zoenna55)\n|\n|t:|1775899652\n|teamsize|p1|4\n|teamsize|p2|4\n|start\n|switch|p1a: Milotic|Milotic, L50, F|100/100\n|switch|p1b: Aggron|Aggron, L50, F|100/100\n|switch|p2a: Whimsicott|Whimsicott, L50, M|100/100\n|switch|p2b: Tyranitar|Tyranitar, L50, F|100/100\n|-weather|Sandstorm|[from] ability: Sand Stream|[of] p2b: Tyranitar\n|turn|1\n|inactive|Zoenna55 has 30 seconds left.\n|inactive|sodarist has 30 seconds left.\n|inactive|Zoenna55 has 20 seconds left.\n|inactive|Zoenna55 has 15 seconds left.\n|\n|t:|1775899697\n|switch|p2b: Meowscarada|Meowscarada, L50, F|100/100\n|switch|p1a: Sneasler|Sneasler, L50, F|100/100\n|detailschange|p1b: Aggron|Aggron-Mega, L50, F\n|-mega|p1b: Aggron|Aggron|Aggronite\n|move|p2a: Whimsicott|Tailwind|p2a: Whimsicott\n|-sidestart|p2: sodarist|move: Tailwind\n|move|p1b: Aggron|Heavy Slam|p2a: Whimsicott\n|-supereffective|p2a: Whimsicott|1\n|-enditem|p2a: Whimsicott|Focus Sash\n|-damage|p2a: Whimsicott|1/100\n|\n|-weather|Sandstorm|[upkeep]\n|-damage|p2b: Meowscarada|95/100|[from] Sandstorm\n|-damage|p2a: Whimsicott|0 fnt|[from] Sandstorm\n|-damage|p1a: Sneasler|95/100|[from] Sandstorm\n|faint|p2a: Whimsicott\n|upkeep\n|inactive|sodarist has 30 seconds left.\n|\n|t:|1775899722\n|switch|p2a: Excadrill|Excadrill, L50, F|100/100\n|turn|2\n|inactive|sodarist has 30 seconds left.\n|\n|t:|1775899748\n|detailschange|p2a: Excadrill|Excadrill-Mega, L50, F\n|-mega|p2a: Excadrill|Excadrill|Excadrite\n|move|p1a: Sneasler|Fake Out|p2a: Excadrill\n|-resisted|p2a: Excadrill|1\n|-damage|p2a: Excadrill|94/100\n|move|p2b: Meowscarada|Triple Axel|p1a: Sneasler\n|-start|p2b: Meowscarada|typechange|Ice|[from] ability: Protean\n|-damage|p1a: Sneasler|77/100\n|-hitcount|p1a: Sneasler|1\n|-heal|p2b: Meowscarada|97/100|[from] item: Shell Bell|[of] p1a: Sneasler\n|cant|p2a: Excadrill|flinch\n|move|p1b: Aggron|Iron Defense|p1b: Aggron\n|-boost|p1b: Aggron|def|2\n|\n|-weather|Sandstorm|[upkeep]\n|-damage|p2b: Meowscarada|91/100|[from] Sandstorm\n|-damage|p1a: Sneasler|72/100|[from] Sandstorm\n|upkeep\n|turn|3\n|inactive|sodarist has 30 seconds left.\n|\n|t:|1775899782\n|switch|p1a: Milotic|Milotic, L50, F|100/100\n|move|p2b: Meowscarada|Flower Trick|p1a: Milotic\n|-supereffective|p1a: Milotic|1\n|-crit|p1a: Milotic\n|-damage|p1a: Milotic|38/100\n|-heal|p2b: Meowscarada|100/100|[from] item: Shell Bell|[of] p1a: Milotic\n|move|p2a: Excadrill|High Horsepower|p1b: Aggron\n|-supereffective|p1b: Aggron|1\n|-damage|p1b: Aggron|80/100\n|move|p1b: Aggron|Body Press|p2a: Excadrill\n|-supereffective|p2a: Excadrill|1\n|-damage|p2a: Excadrill|0 fnt\n|faint|p2a: Excadrill\n|\n|-weather|Sandstorm|[upkeep]\n|-damage|p2b: Meowscarada|95/100|[from] Sandstorm\n|-damage|p1a: Milotic|32/100|[from] Sandstorm\n|-heal|p1a: Milotic|38/100|[from] item: Leftovers\n|upkeep\n|\n|t:|1775899806\n|switch|p2a: Tyranitar|Tyranitar, L50, F|100/100\n|turn|4\n|\n|t:|1775899817\n|move|p1a: Milotic|Protect|p1a: Milotic\n|-singleturn|p1a: Milotic|Protect\n|move|p2b: Meowscarada|Flower Trick|p1a: Milotic\n|-activate|p1a: Milotic|move: Protect\n|move|p2a: Tyranitar|Rock Slide|p1a: Milotic|[spread] p1b\n|-activate|p1a: Milotic|move: Protect\n|-resisted|p1b: Aggron|1\n|-damage|p1b: Aggron|77/100\n|move|p1b: Aggron|Body Press|p2b: Meowscarada\n|-supereffective|p2b: Meowscarada|1\n|-damage|p2b: Meowscarada|0 fnt\n|faint|p2b: Meowscarada\n|\n|-weather|Sandstorm|[upkeep]\n|-damage|p1a: Milotic|32/100|[from] Sandstorm\n|-heal|p1a: Milotic|38/100|[from] item: Leftovers\n|-sideend|p2: sodarist|move: Tailwind\n|upkeep\n|turn|5\n|inactive|sodarist has 30 seconds left.\n|inactive|sodarist has 20 seconds left.\n|inactive|sodarist has 15 seconds left.\n|inactive|sodarist has 10 seconds left.\n|inactive|sodarist has 5 seconds left.\n|\n|t:|1775899872\n|switch|p1a: Sinistcha|Sinistcha, L50|100/100\n|-heal|p1b: Aggron|100/100|[from] ability: Hospitality|[of] p1a: Sinistcha\n|move|p2a: Tyranitar|Rock Slide|p1a: Sinistcha|[spread] p1a,p1b\n|-resisted|p1b: Aggron|1\n|-damage|p1a: Sinistcha|80/100\n|-damage|p1b: Aggron|97/100\n|move|p1b: Aggron|Body Press|p2a: Tyranitar\n|-supereffective|p2a: Tyranitar|2\n|-damage|p2a: Tyranitar|0 fnt\n|faint|p2a: Tyranitar\n|\n|win|Zoenna55\n|raw|Zoenna55's rating: 1051 &rarr; <strong>1083</strong><br />(+32 for winning)\n|raw|sodarist's rating: 1043 &rarr; <strong>1027</strong><br />(-16 for losing)\n|l|\u2606Zoenna55\n|player|p1|\n",
  "uploadtime": 1775900073,
  "views": 12,
  "formatid": "gen9championsvgc2026regma",
  "rating": 1027,
  "private": 0,
  "password": null
}