{
  "id": "gen9championsvgc2026regma-2582778733",
  "format": "[Gen 9 Champions] VGC 2026 Reg M-A",
  "players": [
    "qwertyryo",
    "ThrillsForThePils"
  ],
  "log": "|j|\u2606qwertyryo\n|j|\u2606ThrillsForThePils\n|t:|1776113482\n|gametype|doubles\n|player|p1|qwertyryo|101|1054\n|player|p2|ThrillsForThePils|266|1101\n|gen|9\n|tier|[Gen 9 Champions] VGC 2026 Reg M-A\n|rated|\n|rule|Species Clause: Limit one of each Pok\u00e9mon\n|rule|Item Clause: Limit 1 of each item\n|clearpoke\n|poke|p1|Froslass, L50, F|\n|poke|p1|Orthworm, L50, F|\n|poke|p1|Rotom-Frost, L50|\n|poke|p1|Garchomp, L50, F|\n|poke|p1|Whimsicott, L50, F|\n|poke|p1|Basculegion, L50, M|\n|poke|p2|Scizor, L50, F|\n|poke|p2|Aerodactyl, L50, M|\n|poke|p2|Incineroar, L50, M|\n|poke|p2|Sinistcha, L50|\n|poke|p2|Milotic, L50, F|\n|poke|p2|Sneasler, L50, F|\n|teampreview|4\n|inactive|Battle timer is ON: inactive players will automatically lose when time's up. (requested by ThrillsForThePils)\nThrillsForThePils has agreed to open team sheets.\n|inactive|ThrillsForThePils has 60 seconds left.\n|\n|t:|1776113531\n|teamsize|p1|4\n|teamsize|p2|4\n|start\n|switch|p1a: Orthworm|Orthworm, L50, F|100/100\n|switch|p1b: Garchomp|Garchomp, L50, F|100/100\n|switch|p2a: Incineroar|Incineroar, L50, M|100/100\n|switch|p2b: Scizor|Scizor, L50, F|100/100\n|-ability|p2a: Incineroar|Intimidate|boost\n|-unboost|p1a: Orthworm|atk|1\n|-unboost|p1b: Garchomp|atk|1\n|turn|1\n|\n|t:|1776113551\n|detailschange|p2b: Scizor|Scizor-Mega, L50, F\n|-mega|p2b: Scizor|Scizor|Scizorite\n|move|p1b: Garchomp|Earthquake|p2b: Scizor|[spread] p2a,p2b\n|-immune|p1a: Orthworm|[from] ability: Earth Eater\n|-supereffective|p2a: Incineroar|1\n|-damage|p2a: Incineroar|59/100\n|-damage|p2b: Scizor|77/100\n|move|p2b: Scizor|Swords Dance|p2b: Scizor\n|-boost|p2b: Scizor|atk|2\n|move|p2a: Incineroar|Parting Shot|p1a: Orthworm\n|-unboost|p1a: Orthworm|atk|1\n|-unboost|p1a: Orthworm|spa|1\n|\n|t:|1776113564\n|switch|p2a: Aerodactyl|Aerodactyl, L50, M|100/100|[from] Parting Shot\n|-ability|p2a: Aerodactyl|Unnerve\n|move|p1a: Orthworm|Shed Tail|p1a: Orthworm\n|-start|p1a: Orthworm|Substitute|[from] move: Shed Tail\n|-damage|p1a: Orthworm|50/100\n|\n|t:|1776113566\n|switch|p1a: Whimsicott|Whimsicott, L50, F|100/100|[from] Shed Tail\n|\n|upkeep\n|turn|2\n|inactive|ThrillsForThePils has 30 seconds left.\n|\n|t:|1776113593\n|move|p1a: Whimsicott|Encore|p2b: Scizor\n|-start|p2b: Scizor|Encore\n|move|p2a: Aerodactyl|Tailwind|p2a: Aerodactyl\n|-sidestart|p2: ThrillsForThePils|move: Tailwind\n|move|p2b: Scizor|Swords Dance|p2b: Scizor\n|-boost|p2b: Scizor|atk|2\n|move|p1b: Garchomp|Rock Slide|p2a: Aerodactyl|[spread] p2a,p2b\n|-supereffective|p2a: Aerodactyl|1\n|-damage|p2a: Aerodactyl|53/100\n|-damage|p2b: Scizor|64/100\n|\n|upkeep\n|turn|3\n|inactive|qwertyryo has 30 seconds left.\n|\n|t:|1776113627\n|move|p1a: Whimsicott|Tailwind|p1a: Whimsicott\n|-sidestart|p1: qwertyryo|move: Tailwind\n|move|p2a: Aerodactyl|Rock Slide|p1b: Garchomp|[spread] p1a,p1b\n|-activate|p1a: Whimsicott|move: Substitute|[damage]\n|-resisted|p1b: Garchomp|1\n|-damage|p1b: Garchomp|91/100\n|move|p1b: Garchomp|Rock Slide|p2b: Scizor|[spread] p2a,p2b\n|-supereffective|p2a: Aerodactyl|1\n|-damage|p2a: Aerodactyl|10/100\n|-damage|p2b: Scizor|53/100\n|cant|p2b: Scizor|flinch\n|\n|-heal|p1b: Garchomp|97/100|[from] item: Leftovers\n|upkeep\n|turn|4\n|inactive|qwertyryo has 30 seconds left.\n|\n|t:|1776113659\n|switch|p1a: Froslass|Froslass, L50, F|100/100\n|switch|p2b: Incineroar|Incineroar, L50, M|59/100\n|-ability|p2b: Incineroar|Intimidate|boost\n|-unboost|p1a: Froslass|atk|1\n|-unboost|p1b: Garchomp|atk|1\n|move|p2a: Aerodactyl|Rock Slide|p1b: Garchomp|[spread] p1a,p1b\n|-supereffective|p1a: Froslass|1\n|-resisted|p1b: Garchomp|1\n|-damage|p1a: Froslass|18/100\n|-damage|p1b: Garchomp|86/100\n|move|p1b: Garchomp|Rock Slide|p2b: Incineroar|[spread] p2a,p2b\n|-supereffective|p2a: Aerodactyl|1\n|-supereffective|p2b: Incineroar|1\n|-damage|p2a: Aerodactyl|0 fnt\n|-damage|p2b: Incineroar|42/100\n|-enditem|p2b: Incineroar|Sitrus Berry|[eat]\n|-heal|p2b: Incineroar|67/100|[from] item: Sitrus Berry\n|faint|p2a: Aerodactyl\n|\n|-heal|p1b: Garchomp|92/100|[from] item: Leftovers\n|upkeep\n|inactive|ThrillsForThePils has 30 seconds left.\n|\n|t:|1776113689\n|switch|p2a: Scizor|Scizor-Mega, L50, F|53/100\n|turn|5\n|\n|t:|1776113707\n|switch|p1b: Whimsicott|Whimsicott, L50, F|100/100\n|detailschange|p1a: Froslass|Froslass-Mega, L50, F\n|-mega|p1a: Froslass|Froslass|Froslassite\n|-weather|Snowscape|[from] ability: Snow Warning|[of] p1a: Froslass\n|move|p1a: Froslass|Protect|p1a: Froslass\n|-singleturn|p1a: Froslass|Protect\n|move|p2a: Scizor|Bullet Punch|p1a: Froslass\n|-activate|p1a: Froslass|move: Protect\n|move|p2b: Incineroar|Parting Shot|p1b: Whimsicott\n|-unboost|p1b: Whimsicott|atk|1\n|-unboost|p1b: Whimsicott|spa|1\n|\n|t:|1776113719\n|switch|p2b: Milotic|Milotic, L50, F|100/100|[from] Parting Shot\n|\n|-weather|Snowscape|[upkeep]\n|-sideend|p2: ThrillsForThePils|move: Tailwind\n|upkeep\n|turn|6\n|\n|t:|1776113728\n|switch|p1a: Garchomp|Garchomp, L50, F|92/100\n|move|p1b: Whimsicott|Taunt|p2a: Scizor\n|-start|p2a: Scizor|move: Taunt\n|move|p2a: Scizor|Bullet Punch|p1a: Garchomp\n|-damage|p1a: Garchomp|63/100\n|-damage|p2a: Scizor|41/100|[from] ability: Rough Skin|[of] p1a: Garchomp\n|move|p2b: Milotic|Icy Wind|p1b: Whimsicott|[spread] p1a,p1b\n|-supereffective|p1a: Garchomp|2\n|-supereffective|p1b: Whimsicott|1\n|-damage|p1a: Garchomp|17/100\n|-damage|p1b: Whimsicott|72/100\n|-unboost|p1a: Garchomp|spe|1\n|-unboost|p1b: Whimsicott|spe|1\n|\n|-weather|Snowscape|[upkeep]\n|-heal|p1a: Garchomp|23/100|[from] item: Leftovers\n|-sideend|p1: qwertyryo|move: Tailwind\n|upkeep\n|turn|7\n|inactive|qwertyryo has 30 seconds left.\n|inactive|qwertyryo has 20 seconds left.\n|inactive|qwertyryo has 15 seconds left.\n|\n|t:|1776113772\n|move|p1a: Garchomp|Protect|p1a: Garchomp\n|-singleturn|p1a: Garchomp|Protect\n|move|p2a: Scizor|Bullet Punch|p1a: Garchomp\n|-activate|p1a: Garchomp|move: Protect\n|move|p1b: Whimsicott|Tailwind|p1b: Whimsicott\n|-sidestart|p1: qwertyryo|move: Tailwind\n|move|p2b: Milotic|Life Dew||[still]|[spread] p2a,p2b\n|-heal|p2a: Scizor|65/100\n|-fail|p2b: Milotic|heal\n|\n|-weather|Snowscape|[upkeep]\n|-heal|p1a: Garchomp|29/100|[from] item: Leftovers\n|upkeep\n|turn|8\n|inactive|ThrillsForThePils has 30 seconds left.\n|inactive|ThrillsForThePils has 20 seconds left.\n|inactive|ThrillsForThePils has 15 seconds left.\n|inactive|ThrillsForThePils has 10 seconds left.\n|\n|t:|1776113819\n|move|p1b: Whimsicott|Encore|p2b: Milotic\n|-start|p2b: Milotic|Encore\n|move|p2a: Scizor|Bullet Punch|p1b: Whimsicott\n|-supereffective|p1b: Whimsicott|1\n|-damage|p1b: Whimsicott|6/100\n|move|p1a: Garchomp|Rock Slide|p2b: Milotic|[spread] p2a\n|-miss|p1a: Garchomp|p2b: Milotic\n|-damage|p2a: Scizor|48/100\n|move|p2b: Milotic|Life Dew||[still]|[spread] p2a,p2b\n|-heal|p2a: Scizor|73/100\n|-fail|p2b: Milotic|heal\n|\n|-weather|Snowscape|[upkeep]\n|-heal|p1a: Garchomp|35/100|[from] item: Leftovers\n|-end|p2a: Scizor|move: Taunt\n|upkeep\n|turn|9\n|inactive|qwertyryo has 30 seconds left.\n|\n|t:|1776113853\n|switch|p1b: Orthworm|Orthworm, L50, F|50/100\n|-enditem|p1b: Orthworm|Sitrus Berry|[eat]\n|-heal|p1b: Orthworm|75/100|[from] item: Sitrus Berry\n|move|p2a: Scizor|Bullet Punch|p1b: Orthworm\n|-resisted|p1b: Orthworm|1\n|-damage|p1b: Orthworm|65/100\n|move|p1a: Garchomp|Earthquake|p2a: Scizor|[spread] p2a,p2b\n|-heal|p1b: Orthworm|90/100|[from] ability: Earth Eater|[of] p1a: Garchomp\n|-damage|p2a: Scizor|37/100\n|-damage|p2b: Milotic|62/100\n|move|p2b: Milotic|Life Dew|p2b: Milotic|[spread] p2a,p2b\n|-heal|p2a: Scizor|62/100\n|-heal|p2b: Milotic|87/100\n|\n|-weather|none\n|-heal|p1a: Garchomp|41/100|[from] item: Leftovers\n|-heal|p2b: Milotic|94/100|[from] item: Leftovers\n|upkeep\n|turn|10\n|inactive|qwertyryo has 30 seconds left.\n|inactive|ThrillsForThePils has 30 seconds left.\n|inactive|qwertyryo has 20 seconds left.\n|\n|t:|1776113891\n|move|p1b: Orthworm|Iron Defense|p1b: Orthworm\n|-boost|p1b: Orthworm|def|2\n|move|p1a: Garchomp|Earthquake|p2a: Scizor|[spread] p2a,p2b\n|-heal|p1b: Orthworm|100/100|[from] ability: Earth Eater|[of] p1a: Garchomp\n|-damage|p2a: Scizor|28/100\n|-damage|p2b: Milotic|55/100\n|move|p2b: Milotic|Life Dew|p2b: Milotic|[spread] p2a,p2b\n|-heal|p2a: Scizor|53/100\n|-heal|p2b: Milotic|80/100\n|move|p2a: Scizor|Bug Bite|p1a: Garchomp\n|-damage|p1a: Garchomp|0 fnt\n|-damage|p2a: Scizor|41/100|[from] ability: Rough Skin|[of] p1a: Garchomp\n|faint|p1a: Garchomp\n|\n|-heal|p2b: Milotic|86/100|[from] item: Leftovers\n|-end|p2b: Milotic|Encore\n|-sideend|p1: qwertyryo|move: Tailwind\n|upkeep\n|\n|t:|1776113904\n|switch|p1a: Whimsicott|Whimsicott, L50, F|6/100\n|turn|11\n|\n|t:|1776113912\n|switch|p2b: Incineroar|Incineroar, L50, M|67/100\n|-ability|p2b: Incineroar|Intimidate|boost\n|-unboost|p1a: Whimsicott|atk|1\n|-unboost|p1b: Orthworm|atk|1\n|move|p1a: Whimsicott|Encore|p2b: Incineroar\n|-hint|Since gen 7, Dark is immune to Prankster moves.\n|-immune|p2b: Incineroar\n|move|p2a: Scizor|Bullet Punch|p1a: Whimsicott\n|-supereffective|p1a: Whimsicott|1\n|-damage|p1a: Whimsicott|0 fnt\n|faint|p1a: Whimsicott\n|move|p1b: Orthworm|Body Press|p2a: Scizor\n|-damage|p2a: Scizor|0 fnt\n|faint|p2a: Scizor\n|\n|upkeep\n|\n|t:|1776113924\n|switch|p1a: Froslass|Froslass-Mega, L50, F|18/100\n|switch|p2a: Milotic|Milotic, L50, F|86/100\n|-weather|Snowscape|[from] ability: Snow Warning|[of] p1a: Froslass\n|turn|12\n|\n|t:|1776113936\n|move|p1a: Froslass|Protect|p1a: Froslass\n|-singleturn|p1a: Froslass|Protect\n|move|p2a: Milotic|Scald|p1b: Orthworm\n|-damage|p1b: Orthworm|53/100\n|move|p2b: Incineroar|Flare Blitz|p1a: Froslass\n|-activate|p1a: Froslass|move: Protect\n|move|p1b: Orthworm|Body Press|p2b: Incineroar\n|-supereffective|p2b: Incineroar|1\n|-damage|p2b: Incineroar|0 fnt\n|faint|p2b: Incineroar\n|\n|-weather|Snowscape|[upkeep]\n|-heal|p2a: Milotic|92/100|[from] item: Leftovers\n|upkeep\n|turn|13\n|\n|t:|1776113954\n|move|p1a: Froslass|Blizzard|p2a: Milotic\n|-resisted|p2a: Milotic|1\n|-damage|p2a: Milotic|72/100\n|move|p2a: Milotic|Scald|p1a: Froslass\n|-damage|p1a: Froslass|0 fnt\n|faint|p1a: Froslass\n|move|p1b: Orthworm|Body Press|p2a: Milotic\n|-damage|p2a: Milotic|4/100\n|\n|-weather|Snowscape|[upkeep]\n|-heal|p2a: Milotic|10/100|[from] item: Leftovers\n|upkeep\n|turn|14\n|\n|t:|1776113964\n|move|p2a: Milotic|Protect|p2a: Milotic\n|-singleturn|p2a: Milotic|Protect\n|move|p1b: Orthworm|Body Press|p2a: Milotic\n|-activate|p2a: Milotic|move: Protect\n|\n|-weather|Snowscape|[upkeep]\n|-heal|p2a: Milotic|16/100|[from] item: Leftovers\n|upkeep\n|turn|15\n|\n|t:|1776113969\n|move|p2a: Milotic|Scald|p1b: Orthworm\n|-damage|p1b: Orthworm|7/100\n|move|p1b: Orthworm|Body Press|p2a: Milotic\n|-damage|p2a: Milotic|0 fnt\n|faint|p2a: Milotic\n|\n|win|qwertyryo\n|raw|qwertyryo's rating: 1054 &rarr; <strong>1090</strong><br />(+36 for winning)\n|raw|ThrillsForThePils's rating: 1101 &rarr; <strong>1073</strong><br />(-28 for losing)\n",
  "uploadtime": 1776113976,
  "views": 21,
  "formatid": "gen9championsvgc2026regma",
  "rating": 1073,
  "private": 0,
  "password": null
}