{
  "id": "gen9championsvgc2026regma-2585798321",
  "format": "[Gen 9 Champions] VGC 2026 Reg M-A",
  "players": [
    "Ewerton Zoio",
    "benjiapollo"
  ],
  "log": "|j|\u2606Ewerton Zoio\n|j|\u2606benjiapollo\n|t:|1776371407\n|gametype|doubles\n|player|p1|Ewerton Zoio|2|1552\n|player|p2|benjiapollo|giovanni|1511\n|gen|9\n|tier|[Gen 9 Champions] VGC 2026 Reg M-A\n|rated|\n|rule|Species Clause: Limit one of each Pok\u00e9mon\n|rule|Item Clause: Limit 1 of each item\n|clearpoke\n|poke|p1|Charizard, L50, M|\n|poke|p1|Crabominable, L50, F|\n|poke|p1|Scizor, L50, F|\n|poke|p1|Farigiraf, L50, F|\n|poke|p1|Tyranitar, L50, M|\n|poke|p1|Primarina, L50, M|\n|poke|p2|Basculegion, L50, M|\n|poke|p2|Charizard, L50, F|\n|poke|p2|Kingambit, L50, M|\n|poke|p2|Sneasler, L50, F|\n|poke|p2|Venusaur, L50, F|\n|poke|p2|Talonflame, L50, F|\n|teampreview|4\n|inactive|Battle timer is ON: inactive players will automatically lose when time's up. (requested by Ewerton Zoio)\n|j| GentleH\n|inactive|Ewerton Zoio has 60 seconds left.\n|\n|t:|1776371445\n|teamsize|p1|4\n|teamsize|p2|4\n|start\n|switch|p1a: Farigiraf|Farigiraf, L50, F, shiny|100/100\n|switch|p1b: Primarina|Primarina, L50, M|100/100\n|switch|p2a: Talonflame|Talonflame, L50, F|100/100\n|switch|p2b: Kingambit|Kingambit, L50, M|100/100\n|turn|1\n|\n|t:|1776371457\n|move|p2a: Talonflame|Tailwind|p2a: Talonflame\n|-sidestart|p2: benjiapollo|move: Tailwind\n|move|p2b: Kingambit|Kowtow Cleave|p1a: Farigiraf\n|-supereffective|p1a: Farigiraf|1\n|-enditem|p1a: Farigiraf|Colbur Berry|[eat]\n|-enditem|p1a: Farigiraf|Colbur Berry|[weaken]\n|-damage|p1a: Farigiraf|49/100\n|move|p1b: Primarina|Hyper Voice|p2a: Talonflame|[spread] p2a,p2b\n|-supereffective|p2a: Talonflame|1\n|-enditem|p2a: Talonflame|Focus Sash\n|-damage|p2a: Talonflame|1/100\n|-damage|p2b: Kingambit|67/100\n|move|p1a: Farigiraf|Trick Room|p1a: Farigiraf\n|-fieldstart|move: Trick Room|[of] p1a: Farigiraf\n|\n|upkeep\n|turn|2\n|j| fghjkljklhgf\n|\n|t:|1776371479\n|move|p1a: Farigiraf|Helping Hand|p1b: Primarina\n|-singleturn|p1b: Primarina|Helping Hand|[of] p1a: Farigiraf\n|move|p1b: Primarina|Hyper Voice|p2b: Kingambit|[spread] p2a,p2b\n|-supereffective|p2a: Talonflame|1\n|-damage|p2a: Talonflame|0 fnt\n|-damage|p2b: Kingambit|19/100\n|faint|p2a: Talonflame\n|move|p2b: Kingambit|Kowtow Cleave|p1a: Farigiraf\n|-supereffective|p1a: Farigiraf|1\n|-damage|p1a: Farigiraf|0 fnt\n|faint|p1a: Farigiraf\n|\n|upkeep\n|\n|t:|1776371490\n|switch|p1a: Crabominable|Crabominable, L50, F|100/100\n|switch|p2a: Charizard|Charizard, L50, F|100/100\n|turn|3\n|inactive|Ewerton Zoio has 30 seconds left.\n|\n|t:|1776371522\n|detailschange|p1a: Crabominable|Crabominable-Mega, L50, F\n|-mega|p1a: Crabominable|Crabominable|Crabominite\n|move|p2b: Kingambit|Protect|p2b: Kingambit\n|-singleturn|p2b: Kingambit|Protect\n|move|p2a: Charizard|Protect|p2a: Charizard\n|-singleturn|p2a: Charizard|Protect\n|move|p1a: Crabominable|Drain Punch|p2a: Charizard\n|-activate|p2a: Charizard|move: Protect\n|move|p1b: Primarina|Hyper Voice|p2b: Kingambit|[spread] \n|-activate|p2a: Charizard|move: Protect\n|-activate|p2b: Kingambit|move: Protect\n|\n|upkeep\n|turn|4\n|j| juandra22\n|\n|t:|1776371543\n|detailschange|p2a: Charizard|Charizard-Mega-X, L50, F\n|-mega|p2a: Charizard|Charizard|Charizardite X\n|move|p1a: Crabominable|Drain Punch|p2a: Charizard\n|-damage|p2a: Charizard|35/100\n|move|p1b: Primarina|Hyper Voice|p2b: Kingambit|[spread] p2a,p2b\n|-damage|p2a: Charizard|0 fnt\n|-damage|p2b: Kingambit|0 fnt\n|faint|p2a: Charizard\n|faint|p2b: Kingambit\n|\n|-sideend|p2: benjiapollo|move: Tailwind\n|upkeep\n|\n|t:|1776371567\n|switch|p2a: Basculegion|Basculegion, L50, M|100/100\n|turn|5\n|\n|t:|1776371577\n|move|p1a: Crabominable|Thunder Punch|p2a: Basculegion\n|-supereffective|p2a: Basculegion|1\n|-damage|p2a: Basculegion|0 fnt\n|faint|p2a: Basculegion\n|\n|win|Ewerton Zoio\n|raw|Ewerton Zoio's rating: 1552 &rarr; <strong>1570</strong><br />(+18 for winning)\n|raw|benjiapollo's rating: 1511 &rarr; <strong>1493</strong><br />(-18 for losing)\n",
  "uploadtime": 1776371583,
  "views": 44,
  "formatid": "gen9championsvgc2026regma",
  "rating": 1493,
  "private": 0,
  "password": null
}