{
  "id": "gen9championsvgc2026regma-2581356477",
  "format": "[Gen 9 Champions] VGC 2026 Reg M-A",
  "players": [
    "pacmaster000",
    "otklover"
  ],
  "log": "|j|\u2606pacmaster000\n|j|\u2606otklover\n|t:|1775991058\n|gametype|doubles\n|player|p1|pacmaster000|scientist-gen4dp|1053\n|player|p2|otklover|169|1000\n|gen|9\n|tier|[Gen 9 Champions] VGC 2026 Reg M-A\n|rated|\n|rule|Species Clause: Limit one of each Pok\u00e9mon\n|rule|Item Clause: Limit 1 of each item\n|clearpoke\n|poke|p1|Froslass, L50, F|\n|poke|p1|Milotic, L50, F|\n|poke|p1|Kingambit, L50, F|\n|poke|p1|Sinistcha, L50|\n|poke|p1|Volcarona, L50, M|\n|poke|p1|Sneasler, L50, F|\n|poke|p2|Floette-Eternal, L50, F|\n|poke|p2|Basculegion, L50, M|\n|poke|p2|Sinistcha, L50|\n|poke|p2|Pelipper, L50, F|\n|poke|p2|Garchomp, L50, M|\n|poke|p2|Incineroar, L50, M|\n|teampreview|4\notklover rejected open team sheets.\n|inactive|Battle timer is ON: inactive players will automatically lose when time's up. (requested by otklover)\n|\n|t:|1775991086\n|teamsize|p1|4\n|teamsize|p2|4\n|start\n|switch|p1a: Sneasler|Sneasler, L50, F|100/100\n|switch|p1b: Milotic|Milotic, L50, F|100/100\n|switch|p2a: Floette|Floette-Eternal, L50, F, shiny|100/100\n|switch|p2b: Incineroar|Incineroar, L50, M, shiny|100/100\n|-ability|p2b: Incineroar|Intimidate|boost\n|-unboost|p1a: Sneasler|atk|1\n|-unboost|p1b: Milotic|atk|1\n|-ability|p1b: Milotic|Competitive|boost\n|-boost|p1b: Milotic|spa|2\n|turn|1\n|\n|t:|1775991106\n|detailschange|p2a: Floette|Floette-Mega, L50, F, shiny\n|-mega|p2a: Floette|Floette|Floettite\n|-ability|p2a: Floette|Fairy Aura\n|move|p1a: Sneasler|Protect|p1a: Sneasler\n|-singleturn|p1a: Sneasler|Protect\n|move|p1b: Milotic|Protect|p1b: Milotic\n|-singleturn|p1b: Milotic|Protect\n|move|p2b: Incineroar|Fake Out|p1b: Milotic\n|-activate|p1b: Milotic|move: Protect\n|move|p2a: Floette|Calm Mind|p2a: Floette\n|-boost|p2a: Floette|spa|1\n|-boost|p2a: Floette|spd|1\n|\n|upkeep\n|turn|2\n|\n|t:|1775991129\n|move|p2a: Floette|Protect|p2a: Floette\n|-singleturn|p2a: Floette|Protect\n|move|p1a: Sneasler|Dire Claw|p2a: Floette\n|-activate|p2a: Floette|move: Protect\n|move|p1b: Milotic|Scald|p2a: Floette\n|-activate|p2a: Floette|move: Protect\n|move|p2b: Incineroar|Parting Shot|p1b: Milotic\n|-unboost|p1b: Milotic|atk|1\n|-ability|p1b: Milotic|Competitive|boost\n|-boost|p1b: Milotic|spa|2\n|-unboost|p1b: Milotic|spa|1\n|-ability|p1b: Milotic|Competitive|boost\n|-boost|p1b: Milotic|spa|2\n|\n|t:|1775991150\n|switch|p2b: Sinistcha|Sinistcha, L50, shiny|100/100|[from] Parting Shot\n|\n|upkeep\n|turn|3\n|\n|t:|1775991160\n|move|p1a: Sneasler|Protect|p1a: Sneasler\n|-singleturn|p1a: Sneasler|Protect\n|move|p2b: Sinistcha|Rage Powder|p2b: Sinistcha\n|-singleturn|p2b: Sinistcha|move: Rage Powder\n|move|p2a: Floette|Moonblast|p1b: Milotic\n|-damage|p1b: Milotic|29/100\n|move|p1b: Milotic|Icy Wind|p2b: Sinistcha|[spread] p2a,p2b\n|-supereffective|p2b: Sinistcha|1\n|-damage|p2a: Floette|73/100\n|-damage|p2b: Sinistcha|11/100\n|-unboost|p2a: Floette|spe|1\n|-unboost|p2b: Sinistcha|spe|1\n|-enditem|p2b: Sinistcha|Sitrus Berry|[eat]\n|-heal|p2b: Sinistcha|35/100|[from] item: Sitrus Berry\n|\n|upkeep\n|turn|4\n|\n|t:|1775991180\n|move|p1b: Milotic|Protect|p1b: Milotic\n|-singleturn|p1b: Milotic|Protect\n|move|p1a: Sneasler|Dire Claw|p2b: Sinistcha\n|-damage|p2b: Sinistcha|13/100\n|move|p2a: Floette|Draining Kiss|p1b: Milotic\n|-activate|p1b: Milotic|move: Protect\n|move|p2b: Sinistcha|Matcha Gotcha|p1b: Milotic|[spread] p1a\n|-activate|p1b: Milotic|move: Protect\n|-resisted|p1a: Sneasler|1\n|-damage|p1a: Sneasler|84/100\n|-heal|p2b: Sinistcha|20/100|[from] drain|[of] p1a: Sneasler\n|\n|upkeep\n|turn|5\n|c|\u2606otklover|sry gotta go\n|-message|otklover forfeited.\n|\n|win|pacmaster000\n|raw|pacmaster000's rating: 1053 &rarr; <strong>1080</strong><br />(+27 for winning)\n|raw|otklover's rating: 1000 &rarr; <strong>1000</strong><br />(+0 for losing)\n|l|\u2606otklover\n|player|p2|\n",
  "uploadtime": 1775991204,
  "views": 18,
  "formatid": "gen9championsvgc2026regma",
  "rating": 1000,
  "private": 0,
  "password": null
}