{
  "id": "gen9championsvgc2026regma-2586543450",
  "format": "[Gen 9 Champions] VGC 2026 Reg M-A",
  "players": [
    "bateristaemo",
    "colfox"
  ],
  "log": "|j|\u2606bateristaemo\n|j|\u203dcolfox\n|t:|1776441912\n|gametype|doubles\n|player|p1|bateristaemo|clair|1280\n|player|p2|colfox|169|1331\n|gen|9\n|tier|[Gen 9 Champions] VGC 2026 Reg M-A\n|rated|\n|rule|Species Clause: Limit one of each Pok\u00e9mon\n|rule|Item Clause: Limit 1 of each item\n|clearpoke\n|poke|p1|Floette-Eternal, L50, F|\n|poke|p1|Dragapult, L50, F|\n|poke|p1|Rotom-Wash, L50|\n|poke|p1|Arcanine-Hisui, L50, F|\n|poke|p1|Sneasler, L50, F|\n|poke|p1|Kingambit, L50, F|\n|poke|p2|Tyranitar, L50, F|\n|poke|p2|Excadrill, L50, F|\n|poke|p2|Dragapult, L50, M|\n|poke|p2|Milotic, L50, F|\n|poke|p2|Raichu, L50, M|\n|poke|p2|Scizor, L50, F|\n|teampreview|4\n|inactive|Battle timer is ON: inactive players will automatically lose when time's up. (requested by bateristaemo)\n|\n|t:|1776441929\n|teamsize|p1|4\n|teamsize|p2|4\n|start\n|switch|p1a: Rotom|Rotom-Wash, L50|100/100\n|switch|p1b: Sneasler|Sneasler, L50, F|100/100\n|switch|p2a: Milotic|Milotic, L50, F|100/100\n|switch|p2b: Raichu|Raichu, L50, M|100/100\n|turn|1\n|\n|t:|1776441942\n|move|p1b: Sneasler|Fake Out|p2a: Milotic\n|-damage|p2a: Milotic|85/100\n|move|p2b: Raichu|Thunderbolt|p1a: Rotom\n|-damage|p1a: Rotom|57/100\n|move|p1a: Rotom|Nasty Plot|p1a: Rotom\n|-boost|p1a: Rotom|spa|2\n|cant|p2a: Milotic|flinch\n|\n|-heal|p1a: Rotom|62/100|[from] item: Leftovers\n|upkeep\n|turn|2\n|\n|t:|1776441960\n|move|p2b: Raichu|Thunderbolt|p1a: Rotom\n|-crit|p1a: Rotom\n|-damage|p1a: Rotom|0 fnt\n|faint|p1a: Rotom\n|move|p1b: Sneasler|Close Combat|p2a: Milotic\n|-damage|p2a: Milotic|6/100\n|-unboost|p1b: Sneasler|def|1\n|-unboost|p1b: Sneasler|spd|1\n|-enditem|p1b: Sneasler|White Herb\n|-clearnegativeboost|p1b: Sneasler|[silent]\n|move|p2a: Milotic|Scald|p1b: Sneasler\n|-damage|p1b: Sneasler|46/100\n|\n|upkeep\n|\n|t:|1776441968\n|switch|p1a: Kingambit|Kingambit, L50, F|100/100\n|turn|3\n|\n|t:|1776441980\n|move|p1b: Sneasler|Dire Claw|p2a: Milotic\n|-damage|p2a: Milotic|0 fnt\n|faint|p2a: Milotic\n|move|p2b: Raichu|Thunderbolt|p1a: Kingambit\n|-damage|p1a: Kingambit|60/100\n|move|p1a: Kingambit|Kowtow Cleave|p2b: Raichu\n|-crit|p2b: Raichu\n|-damage|p2b: Raichu|0 fnt\n|faint|p2b: Raichu\n|\n|upkeep\n|\n|t:|1776441993\n|switch|p2b: Excadrill|Excadrill, L50, F|100/100\n|switch|p2a: Tyranitar|Tyranitar, L50, F|100/100\n|-weather|Sandstorm|[from] ability: Sand Stream|[of] p2a: Tyranitar\n|turn|4\n|\n|t:|1776442011\n|detailschange|p2a: Tyranitar|Tyranitar-Mega, L50, F\n|-mega|p2a: Tyranitar|Tyranitar|Tyranitarite\n|move|p1b: Sneasler|Close Combat|p2b: Excadrill\n|-supereffective|p2b: Excadrill|1\n|-damage|p2b: Excadrill|0 fnt\n|-unboost|p1b: Sneasler|def|1\n|-unboost|p1b: Sneasler|spd|1\n|faint|p2b: Excadrill\n|move|p2a: Tyranitar|Rock Slide|p1a: Kingambit|[spread] p1b\n|-miss|p2a: Tyranitar|p1a: Kingambit\n|-resisted|p1b: Sneasler|1\n|-damage|p1b: Sneasler|0 fnt\n|faint|p1b: Sneasler\n|move|p1a: Kingambit|Iron Head|p2a: Tyranitar\n|-supereffective|p2a: Tyranitar|1\n|-damage|p2a: Tyranitar|42/100\n|\n|-weather|Sandstorm|[upkeep]\n|upkeep\n|\n|t:|1776442021\n|switch|p1b: Floette|Floette-Eternal, L50, F|100/100\n|turn|5\n|\n|t:|1776442031\n|detailschange|p1b: Floette|Floette-Mega, L50, F\n|-mega|p1b: Floette|Floette|Floettite\n|-ability|p1b: Floette|Fairy Aura\n|move|p1b: Floette|Moonblast|p2a: Tyranitar\n|-supereffective|p2a: Tyranitar|1\n|-damage|p2a: Tyranitar|0 fnt\n|faint|p2a: Tyranitar\n|\n|win|bateristaemo\n|raw|bateristaemo's rating: 1280 &rarr; <strong>1309</strong><br />(+29 for winning)\n|raw|colfox's rating: 1331 &rarr; <strong>1308</strong><br />(-23 for losing)\n|l|\u2606bateristaemo\n|player|p1|\n",
  "uploadtime": 1776442040,
  "views": 42,
  "formatid": "gen9championsvgc2026regma",
  "rating": 1308,
  "private": 0,
  "password": null
}