{
  "id": "gen9championsvgc2026regma-2587579368",
  "format": "[Gen 9 Champions] VGC 2026 Reg M-A",
  "players": [
    "Echidona1",
    "silyyyyyyyyyyy"
  ],
  "log": "|j|\u2606Echidona1\n|j|\u2606silyyyyyyyyyyy\n|t:|1776543980\n|gametype|doubles\n|player|p1|Echidona1|169|1075\n|player|p2|silyyyyyyyyyyy|elesa|1040\n|gen|9\n|tier|[Gen 9 Champions] VGC 2026 Reg M-A\n|rated|\n|rule|Species Clause: Limit one of each Pok\u00e9mon\n|rule|Item Clause: Limit 1 of each item\n|clearpoke\n|poke|p1|Whimsicott, L50, F|\n|poke|p1|Charizard, L50, F|\n|poke|p1|Incineroar, L50, F|\n|poke|p1|Sneasler, L50, F|\n|poke|p1|Garchomp, L50, M|\n|poke|p1|Kingambit, L50, M|\n|poke|p2|Skarmory, L50, M|\n|poke|p2|Rhyperior, L50, F|\n|poke|p2|Sinistcha, L50|\n|poke|p2|Talonflame, L50, F|\n|poke|p2|Greninja, L50, M, shiny|\n|poke|p2|Sneasler, L50, M|\n|teampreview|4\n|\n|t:|1776544015\n|teamsize|p1|4\n|teamsize|p2|4\n|start\n|switch|p1a: Whimsicott|Whimsicott, L50, F|100/100\n|switch|p1b: Charizard|Charizard, L50, F|100/100\n|switch|p2a: sneezer|Sneasler, L50, M|100/100\n|switch|p2b: big bird|Talonflame, L50, F|100/100\n|turn|1\n|\n|t:|1776544026\n|detailschange|p1b: Charizard|Charizard-Mega-Y, L50, F\n|-mega|p1b: Charizard|Charizard|Charizardite Y\n|-weather|SunnyDay|[from] ability: Drought|[of] p1b: Charizard\n|move|p1b: Charizard|Protect|p1b: Charizard\n|-singleturn|p1b: Charizard|Protect\n|move|p2a: sneezer|Fake Out|p1b: Charizard\n|-activate|p1b: Charizard|move: Protect\n|move|p2b: big bird|Tailwind|p2b: big bird\n|-sidestart|p2: silyyyyyyyyyyy|move: Tailwind\n|move|p1a: Whimsicott|Tailwind|p1a: Whimsicott\n|-sidestart|p1: Echidona1|move: Tailwind\n|\n|-weather|SunnyDay|[upkeep]\n|upkeep\n|turn|2\n|\n|t:|1776544049\n|move|p2b: big bird|Brave Bird|p1b: Charizard\n|-damage|p1b: Charizard|38/100\n|-damage|p2b: big bird|77/100|[from] Recoil\n|move|p1a: Whimsicott|Fake Tears|p2b: big bird\n|-unboost|p2b: big bird|spd|2\n|move|p2a: sneezer|Dire Claw|p1a: Whimsicott\n|-supereffective|p1a: Whimsicott|2\n|-enditem|p1a: Whimsicott|Focus Sash\n|-damage|p1a: Whimsicott|1/100\n|-status|p1a: Whimsicott|slp\n|move|p1b: Charizard|Heat Wave|p2a: sneezer|[spread] p2b\n|-miss|p1b: Charizard|p2a: sneezer\n|-resisted|p2b: big bird|1\n|-damage|p2b: big bird|0 fnt\n|faint|p2b: big bird\n|\n|-weather|SunnyDay|[upkeep]\n|upkeep\n|\n|t:|1776544066\n|switch|p2b: ninjago|Greninja, L50, M, shiny|100/100\n|turn|3\n|\n|t:|1776544098\n|switch|p1a: Incineroar|Incineroar, L50, F|100/100\n|-ability|p1a: Incineroar|Intimidate|boost\n|-unboost|p2a: sneezer|atk|1\n|-unboost|p2b: ninjago|atk|1\n|move|p2b: ninjago|Ice Beam|p1b: Charizard\n|-start|p2b: ninjago|typechange|Ice|[from] ability: Protean\n|-damage|p1b: Charizard|5/100\n|move|p2a: sneezer|Dire Claw|p1b: Charizard\n|-damage|p1b: Charizard|0 fnt\n|faint|p1b: Charizard\n|\n|-weather|SunnyDay|[upkeep]\n|upkeep\n|\n|t:|1776544107\n|switch|p1b: Garchomp|Garchomp, L50, M|100/100\n|turn|4\n|\n|t:|1776544120\n|detailschange|p2b: ninjago|Greninja-Mega, L50, M, shiny\n|-mega|p2b: ninjago|Greninja|Greninjite\n|move|p2b: ninjago|Ice Beam|p1b: Garchomp\n|-start|p2b: ninjago|typechange|Ice|[from] ability: Protean\n|-supereffective|p1b: Garchomp|2\n|-damage|p1b: Garchomp|0 fnt\n|faint|p1b: Garchomp\n|move|p2a: sneezer|U-turn|p1a: Incineroar\n|-damage|p1a: Incineroar|85/100\n|\n|t:|1776544129\n|switch|p2a: tea time|Sinistcha, L50|100/100|[from] U-turn\n|move|p1a: Incineroar|Flare Blitz|p2b: ninjago\n|-supereffective|p2b: ninjago|1\n|-damage|p2b: ninjago|0 fnt\n|faint|p2b: ninjago\n|-damage|p1a: Incineroar|61/100|[from] Recoil\n|\n|-weather|SunnyDay|[upkeep]\n|-sideend|p2: silyyyyyyyyyyy|move: Tailwind\n|-sideend|p1: Echidona1|move: Tailwind\n|upkeep\n|\n|t:|1776544138\n|switch|p2b: sneezer|Sneasler, L50, M|100/100\n|switch|p1b: Whimsicott|Whimsicott, L50, F|1/100 slp\n|turn|5\n|\n|t:|1776544159\n|cant|p1b: Whimsicott|slp\n|move|p2b: sneezer|Fake Out|p1a: Incineroar\n|-crit|p1a: Incineroar\n|-damage|p1a: Incineroar|40/100\n|-enditem|p1a: Incineroar|Sitrus Berry|[eat]\n|-heal|p1a: Incineroar|65/100|[from] item: Sitrus Berry\n|cant|p1a: Incineroar|flinch\n|move|p2a: tea time|Matcha Gotcha|p1b: Whimsicott|[spread] p1a,p1b\n|-resisted|p1a: Incineroar|1\n|-resisted|p1b: Whimsicott|1\n|-damage|p1a: Incineroar|53/100\n|-damage|p1b: Whimsicott|0 fnt\n|faint|p1b: Whimsicott\n|\n|-weather|none\n|upkeep\n|turn|6\n|\n|t:|1776544176\n|move|p2b: sneezer|Dire Claw|p1a: Incineroar\n|-damage|p1a: Incineroar|9/100\n|move|p1a: Incineroar|Flare Blitz|p2a: tea time\n|-supereffective|p2a: tea time|1\n|-damage|p2a: tea time|0 fnt\n|faint|p2a: tea time\n|-damage|p1a: Incineroar|0 fnt|[from] Recoil\n|faint|p1a: Incineroar\n|\n|win|silyyyyyyyyyyy\n|raw|Echidona1's rating: 1075 &rarr; <strong>1052</strong><br />(-23 for losing)\n|raw|silyyyyyyyyyyy's rating: 1040 &rarr; <strong>1077</strong><br />(+37 for winning)\n",
  "uploadtime": 1776544185,
  "views": 13,
  "formatid": "gen9championsvgc2026regma",
  "rating": 1052,
  "private": 0,
  "password": null
}