{
  "id": "gen9championsvgc2026regma-2586287572",
  "format": "[Gen 9 Champions] VGC 2026 Reg M-A",
  "players": [
    "liartherapist",
    "sisi1"
  ],
  "log": "|j|\u2606liartherapist\n|j|\u2606sisi1\n|t:|1776421537\n|gametype|doubles\n|player|p1|liartherapist|266|1088\n|player|p2|sisi1|dawn|1178\n|gen|9\n|tier|[Gen 9 Champions] VGC 2026 Reg M-A\n|rated|\n|rule|Species Clause: Limit one of each Pok\u00e9mon\n|rule|Item Clause: Limit 1 of each item\n|clearpoke\n|poke|p1|Ninetales-Alola, L50, F|\n|poke|p1|Froslass, L50, F|\n|poke|p1|Whimsicott, L50, F|\n|poke|p1|Rotom-Frost, L50|\n|poke|p1|Blastoise, L50, F|\n|poke|p1|Pelipper, L50, F|\n|poke|p2|Maushold, L50|\n|poke|p2|Meowstic, L50, M|\n|poke|p2|Basculegion, L50, M|\n|poke|p2|Talonflame, L50, F|\n|poke|p2|Alakazam, L50, F|\n|poke|p2|Gallade, L50, M|\n|teampreview|4\n|\n|t:|1776421568\n|teamsize|p1|4\n|teamsize|p2|4\n|start\n|switch|p1a: Ninetales|Ninetales-Alola, L50, F|100/100\n|switch|p1b: Froslass|Froslass, L50, F|100/100\n|switch|p2a: Talonflame|Talonflame, L50, F|100/100\n|switch|p2b: Gallade|Gallade, L50, M|100/100\n|-weather|Snowscape|[from] ability: Snow Warning|[of] p1a: Ninetales\n|turn|1\n|\n|t:|1776421612\n|move|p1b: Froslass|Protect|p1b: Froslass\n|-singleturn|p1b: Froslass|Protect\n|move|p2b: Gallade|Wide Guard|p2b: Gallade\n|-singleturn|p2b: Gallade|Wide Guard\n|move|p2a: Talonflame|Flare Blitz|p1a: Ninetales\n|-supereffective|p1a: Ninetales|1\n|-enditem|p1a: Ninetales|Focus Sash\n|-damage|p1a: Ninetales|1/100\n|-damage|p2a: Talonflame|68/100|[from] Recoil\n|move|p1a: Ninetales|Aurora Veil|p1a: Ninetales\n|-sidestart|p1: liartherapist|move: Aurora Veil\n|\n|-weather|Snowscape|[upkeep]\n|upkeep\n|turn|2\n|\n|t:|1776421639\n|detailschange|p1b: Froslass|Froslass-Mega, L50, F\n|-mega|p1b: Froslass|Froslass|Froslassite\n|move|p1a: Ninetales|Protect|p1a: Ninetales\n|-singleturn|p1a: Ninetales|Protect\n|move|p1b: Froslass|Thunderbolt|p2a: Talonflame\n|-supereffective|p2a: Talonflame|1\n|-damage|p2a: Talonflame|0 fnt\n|faint|p2a: Talonflame\n|move|p2b: Gallade|Psycho Cut|p1a: Ninetales\n|-activate|p1a: Ninetales|move: Protect\n|\n|-weather|Snowscape|[upkeep]\n|upkeep\n|\n|t:|1776421649\n|switch|p2a: Meowstic|Meowstic, L50, M|100/100\n|turn|3\n|\n|t:|1776421668\n|move|p2a: Meowstic|Fake Out|p1a: Ninetales\n|-damage|p1a: Ninetales|0 fnt\n|faint|p1a: Ninetales\n|move|p2b: Gallade|Wide Guard|p2b: Gallade\n|-singleturn|p2b: Gallade|Wide Guard\n|move|p1b: Froslass|Blizzard|p2b: Gallade|[spread] \n|-activate|p2a: Meowstic|move: Wide Guard\n|-activate|p2b: Gallade|move: Wide Guard\n|\n|-weather|Snowscape|[upkeep]\n|upkeep\n|\n|t:|1776421676\n|switch|p1a: Whimsicott|Whimsicott, L50, F|100/100\n|turn|4\n|\n|t:|1776421690\n|move|p1a: Whimsicott|Encore|p2b: Gallade\n|-start|p2b: Gallade|Encore\n|move|p2b: Gallade|Wide Guard|p2b: Gallade\n|-singleturn|p2b: Gallade|Wide Guard\n|move|p2a: Meowstic|Psychic Terrain|p2a: Meowstic\n|-fieldstart|move: Psychic Terrain\n|move|p1b: Froslass|Shadow Ball|p2a: Meowstic\n|-supereffective|p2a: Meowstic|1\n|-damage|p2a: Meowstic|13/100\n|\n|-weather|Snowscape|[upkeep]\n|upkeep\n|turn|5\n|\n|t:|1776421720\n|switch|p2b: Alakazam|Alakazam, L50, F|100/100\n|move|p1a: Whimsicott|Encore|p2a: Meowstic\n|-activate|p2a: Meowstic|move: Psychic Terrain\n|move|p2a: Meowstic|Gravity|p2a: Meowstic\n|-fieldstart|move: Gravity\n|move|p1b: Froslass|Shadow Ball|p2a: Meowstic\n|-supereffective|p2a: Meowstic|1\n|-damage|p2a: Meowstic|0 fnt\n|faint|p2a: Meowstic\n|\n|-weather|none\n|-sideend|p1: liartherapist|move: Aurora Veil\n|upkeep\n|\n|t:|1776421730\n|switch|p2a: Gallade|Gallade, L50, M|100/100\n|turn|6\n|\n|t:|1776421759\n|switch|p1b: Rotom|Rotom-Frost, L50|100/100\n|detailschange|p2b: Alakazam|Alakazam-Mega, L50, F\n|-mega|p2b: Alakazam|Alakazam|Alakazite\n|-ability|p2b: Alakazam|Prankster|Trace|[from] ability: Trace|[of] p1a: Whimsicott\n|move|p1a: Whimsicott|Tailwind|p1a: Whimsicott\n|-sidestart|p1: liartherapist|move: Tailwind\n|move|p2b: Alakazam|Expanding Force|p1b: Rotom|[spread] p1a,p1b\n|-damage|p1a: Whimsicott|34/100\n|-damage|p1b: Rotom|14/100\n|move|p2a: Gallade|Psycho Cut|p1b: Rotom\n|-damage|p1b: Rotom|0 fnt\n|faint|p1b: Rotom\n|\n|upkeep\n|\n|t:|1776421773\n|switch|p1b: Froslass|Froslass-Mega, L50, F|100/100\n|-weather|Snowscape|[from] ability: Snow Warning|[of] p1b: Froslass\n|turn|7\n|\n|t:|1776421796\n|move|p2b: Alakazam|Protect|p2b: Alakazam\n|-singleturn|p2b: Alakazam|Protect\n|move|p1a: Whimsicott|Light Screen|p1a: Whimsicott\n|-sidestart|p1: liartherapist|move: Light Screen\n|move|p1b: Froslass|Shadow Ball|p2b: Alakazam\n|-activate|p2b: Alakazam|move: Protect\n|move|p2a: Gallade|Psycho Cut|p1b: Froslass\n|-damage|p1b: Froslass|24/100\n|\n|-weather|Snowscape|[upkeep]\n|upkeep\n|turn|8\n|\n|t:|1776421815\n|move|p1a: Whimsicott|Light Screen||[still]\n|-fail|p1a: Whimsicott\n|move|p1b: Froslass|Shadow Ball|p2b: Alakazam\n|-supereffective|p2b: Alakazam|1\n|-damage|p2b: Alakazam|0 fnt\n|faint|p2b: Alakazam\n|move|p2a: Gallade|Psycho Cut|p1b: Froslass\n|-damage|p1b: Froslass|0 fnt\n|faint|p1b: Froslass\n|\n|-weather|Snowscape|[upkeep]\n|-fieldend|move: Psychic Terrain\n|upkeep\n|turn|9\n|\n|t:|1776421831\n|move|p1a: Whimsicott|Leech Seed|p2a: Gallade\n|-start|p2a: Gallade|move: Leech Seed\n|move|p2a: Gallade|Psycho Cut|p1a: Whimsicott\n|-damage|p1a: Whimsicott|0 fnt\n|faint|p1a: Whimsicott\n|\n|win|sisi1\n|raw|liartherapist's rating: 1088 &rarr; <strong>1071</strong><br />(-17 for losing)\n|raw|sisi1's rating: 1178 &rarr; <strong>1197</strong><br />(+19 for winning)\n|l|\u2606liartherapist\n|player|p1|\n",
  "uploadtime": 1776421838,
  "views": 27,
  "formatid": "gen9championsvgc2026regma",
  "rating": 1071,
  "private": 0,
  "password": null
}