{
  "id": "gen9championsvgc2026regma-2587024408",
  "format": "[Gen 9 Champions] VGC 2026 Reg M-A",
  "players": [
    "Phillip Blevin",
    "CureSummer127"
  ],
  "log": "|j|\u2606Phillip Blevin\n|j|\u2606CureSummer127\n|t:|1776482408\n|gametype|doubles\n|player|p1|Phillip Blevin|cynthia-masters4|1424\n|player|p2|CureSummer127|2|1334\n|gen|9\n|tier|[Gen 9 Champions] VGC 2026 Reg M-A\n|rated|\n|rule|Species Clause: Limit one of each Pok\u00e9mon\n|rule|Item Clause: Limit 1 of each item\n|clearpoke\n|poke|p1|Gengar, L50, F|\n|poke|p1|Rotom-Wash, L50|\n|poke|p1|Sneasler, L50, M|\n|poke|p1|Corviknight, L50, M|\n|poke|p1|Incineroar, L50, F|\n|poke|p1|Whimsicott, L50, F|\n|poke|p2|Charizard, L50, F|\n|poke|p2|Kangaskhan, L50, F|\n|poke|p2|Garchomp, L50, M|\n|poke|p2|Kingambit, L50, M|\n|poke|p2|Basculegion, L50, M|\n|poke|p2|Whimsicott, L50, M|\n|teampreview|4\n|inactive|Battle timer is ON: inactive players will automatically lose when time's up. (requested by Phillip Blevin)\nPhillip Blevin has agreed to open team sheets.\n|inactive|Phillip Blevin has 60 seconds left.\n|inactive|CureSummer127 has 60 seconds left.\n|\n|t:|1776482448\n|teamsize|p1|4\n|teamsize|p2|4\n|start\n|switch|p1a: Incineroar|Incineroar, L50, F|100/100\n|switch|p1b: Rotom|Rotom-Wash, L50|100/100\n|switch|p2a: Basculegion|Basculegion, L50, M, shiny|100/100\n|switch|p2b: Garchomp|Garchomp, L50, M|100/100\n|turn|1\n|inactive|CureSummer127 has 30 seconds left.\n|inactive|CureSummer127 has 20 seconds left.\n|inactive|CureSummer127 has 15 seconds left.\n|inactive|CureSummer127 has 10 seconds left.\n|\n|t:|1776482494\n|move|p1a: Incineroar|Fake Out|p2b: Garchomp\n|-damage|p2b: Garchomp|91/100\n|-damage|p1a: Incineroar|88/100|[from] ability: Rough Skin|[of] p2b: Garchomp\n|move|p1b: Rotom|Electroweb|p2a: Basculegion|[spread] p2a\n|-immune|p2b: Garchomp\n|-supereffective|p2a: Basculegion|1\n|-damage|p2a: Basculegion|64/100\n|-unboost|p2a: Basculegion|spe|1\n|cant|p2b: Garchomp|flinch\n|move|p2a: Basculegion|Flip Turn|p1b: Rotom\n|-resisted|p1b: Rotom|1\n|-damage|p1b: Rotom|80/100\n|\n|t:|1776482517\n|switch|p2a: Charizard|Charizard, L50, F|100/100|[from] Flip Turn\n|\n|upkeep\n|turn|2\n|inactive|CureSummer127 has 30 seconds left.\n|inactive|CureSummer127 has 20 seconds left.\n|inactive|CureSummer127 has 15 seconds left.\n|\n|t:|1776482560\n|detailschange|p2a: Charizard|Charizard-Mega-Y, L50, F\n|-mega|p2a: Charizard|Charizard|Charizardite Y\n|-weather|SunnyDay|[from] ability: Drought|[of] p2a: Charizard\n|move|p1b: Rotom|Electroweb|p2b: Garchomp|[spread] p2a\n|-immune|p2b: Garchomp\n|-supereffective|p2a: Charizard|1\n|-damage|p2a: Charizard|77/100\n|-unboost|p2a: Charizard|spe|1\n|move|p2b: Garchomp|Earthquake|p1a: Incineroar|[spread] p1a\n|-immune|p2a: Charizard\n|-immune|p1b: Rotom|[from] ability: Levitate\n|-supereffective|p1a: Incineroar|1\n|-damage|p1a: Incineroar|26/100\n|-enditem|p1a: Incineroar|Sitrus Berry|[eat]\n|-heal|p1a: Incineroar|50/100|[from] item: Sitrus Berry\n|move|p2a: Charizard|Solar Beam||[still]\n|-prepare|p2a: Charizard|Solar Beam\n|-anim|p2a: Charizard|Solar Beam|p1b: Rotom\n|-supereffective|p1b: Rotom|1\n|-damage|p1b: Rotom|0 fnt\n|faint|p1b: Rotom\n|move|p1a: Incineroar|Parting Shot|p2b: Garchomp\n|-unboost|p2b: Garchomp|atk|1\n|-unboost|p2b: Garchomp|spa|1\n|\n|t:|1776482574\n|switch|p1a: Gengar|Gengar, L50, F|100/100|[from] Parting Shot\n|\n|-weather|SunnyDay|[upkeep]\n|upkeep\n|\n|t:|1776482577\n|switch|p1b: Incineroar|Incineroar, L50, F|50/100\n|turn|3\n|inactive|CureSummer127 has 30 seconds left.\n|inactive|CureSummer127 has 20 seconds left.\n|\n|t:|1776482615\n|detailschange|p1a: Gengar|Gengar-Mega, L50, F\n|-mega|p1a: Gengar|Gengar|Gengarite\n|move|p1b: Incineroar|Fake Out|p2a: Charizard\n|-damage|p2a: Charizard|65/100\n|move|p1a: Gengar|Disable|p2b: Garchomp\n|-start|p2b: Garchomp|Disable|Earthquake\n|cant|p2b: Garchomp|Disable|Earthquake\n|cant|p2a: Charizard|flinch\n|\n|-weather|SunnyDay|[upkeep]\n|upkeep\n|turn|4\n|inactive|CureSummer127 has 30 seconds left.\n|inactive|CureSummer127 has 20 seconds left.\n|inactive|CureSummer127 has 15 seconds left.\n|inactive|CureSummer127 has 10 seconds left.\n|\n|t:|1776482660\n|move|p1a: Gengar|Protect|p1a: Gengar\n|-singleturn|p1a: Gengar|Protect\n|move|p2b: Garchomp|Rock Slide|p1a: Gengar|[spread] \n|-activate|p1a: Gengar|move: Protect\n|-miss|p2b: Garchomp|p1b: Incineroar\n|move|p2a: Charizard|Weather Ball|p1b: Incineroar\n|-resisted|p1b: Incineroar|1\n|-damage|p1b: Incineroar|10/100\n|move|p1b: Incineroar|Flare Blitz|p2a: Charizard\n|-resisted|p2a: Charizard|1\n|-damage|p2a: Charizard|11/100\n|-damage|p1b: Incineroar|0 fnt|[from] Recoil\n|faint|p1b: Incineroar\n|\n|-weather|SunnyDay|[upkeep]\n|upkeep\n|\n|t:|1776482670\n|switch|p1b: Corviknight|Corviknight, L50, M|100/100\n|turn|5\n|\n|t:|1776482688\n|move|p2b: Garchomp|Protect|p2b: Garchomp\n|-singleturn|p2b: Garchomp|Protect\n|move|p2a: Charizard|Protect|p2a: Charizard\n|-singleturn|p2a: Charizard|Protect\n|move|p1a: Gengar|Sludge Bomb|p2a: Charizard\n|-activate|p2a: Charizard|move: Protect\n|move|p1b: Corviknight|Bulk Up|p1b: Corviknight\n|-boost|p1b: Corviknight|atk|1\n|-boost|p1b: Corviknight|def|1\n|\n|-weather|SunnyDay|[upkeep]\n|upkeep\n|turn|6\n|inactive|CureSummer127 has 30 seconds left.\n|\n|t:|1776482718\n|move|p1a: Gengar|Sludge Bomb|p2a: Charizard\n|-damage|p2a: Charizard|0 fnt\n|faint|p2a: Charizard\n|move|p2b: Garchomp|Dragon Claw|p1b: Corviknight\n|-resisted|p1b: Corviknight|1\n|-damage|p1b: Corviknight|95/100\n|move|p1b: Corviknight|Brave Bird|p2b: Garchomp\n|-damage|p2b: Garchomp|42/100\n|-damage|p1b: Corviknight|82/100|[from] ability: Rough Skin|[of] p2b: Garchomp\n|-damage|p1b: Corviknight|66/100|[from] Recoil\n|\n|-weather|none\n|-heal|p1b: Corviknight|72/100|[from] item: Leftovers\n|-end|p2b: Garchomp|Disable\n|upkeep\n|\n|t:|1776482723\n|switch|p2a: Basculegion|Basculegion, L50, M, shiny|64/100\n|turn|7\n|inactive|CureSummer127 has 30 seconds left.\n|inactive|CureSummer127 has 20 seconds left.\n|\n|t:|1776482758\n|move|p1a: Gengar|Protect|p1a: Gengar\n|-singleturn|p1a: Gengar|Protect\n|move|p2a: Basculegion|Wave Crash|p1b: Corviknight\n|-damage|p1b: Corviknight|44/100\n|-damage|p2a: Basculegion|54/100|[from] Recoil\n|move|p2b: Garchomp|Rock Slide|p1a: Gengar|[spread] p1b\n|-activate|p1a: Gengar|move: Protect\n|-damage|p1b: Corviknight|39/100\n|move|p1b: Corviknight|Brave Bird|p2a: Basculegion\n|-damage|p2a: Basculegion|0 fnt\n|faint|p2a: Basculegion\n|-damage|p1b: Corviknight|21/100|[from] Recoil\n|\n|-heal|p1b: Corviknight|27/100|[from] item: Leftovers\n|upkeep\n|\n|t:|1776482777\n|switch|p2a: Whimsicott|Whimsicott, L50, M, shiny|100/100\n|turn|8\n|\n|t:|1776482786\n|move|p2a: Whimsicott|Encore|p1a: Gengar\n|-start|p1a: Gengar|Encore\n|move|p1a: Gengar|Protect||[still]\n|-fail|p1a: Gengar\n|move|p2b: Garchomp|Rock Slide|p1a: Gengar|[spread] p1a,p1b\n|-damage|p1a: Gengar|79/100\n|-damage|p1b: Corviknight|21/100\n|move|p1b: Corviknight|Brave Bird|p2a: Whimsicott\n|-supereffective|p2a: Whimsicott|1\n|-damage|p2a: Whimsicott|0 fnt\n|faint|p2a: Whimsicott\n|-damage|p1b: Corviknight|0 fnt|[from] Recoil\n|faint|p1b: Corviknight\n|\n|upkeep\n|turn|9\n|\n|t:|1776482805\n|move|p1a: Gengar|Protect|p1a: Gengar\n|-singleturn|p1a: Gengar|Protect\n|move|p2b: Garchomp|Earthquake|p1a: Gengar\n|-activate|p1a: Gengar|move: Protect\n|\n|upkeep\n|turn|10\n|\n|t:|1776482811\n|move|p1a: Gengar|Protect||[still]\n|-fail|p1a: Gengar\n|move|p2b: Garchomp|Earthquake|p1a: Gengar\n|-supereffective|p1a: Gengar|1\n|-damage|p1a: Gengar|0 fnt\n|faint|p1a: Gengar\n|\n|win|CureSummer127\n|raw|Phillip Blevin's rating: 1424 &rarr; <strong>1399</strong><br />(-25 for losing)\n|raw|CureSummer127's rating: 1334 &rarr; <strong>1359</strong><br />(+25 for winning)\n",
  "uploadtime": 1776482811,
  "views": 27,
  "formatid": "gen9championsvgc2026regma",
  "rating": 1359,
  "private": 0,
  "password": null
}