{
  "id": "gen9championsvgc2026regma-2588283583",
  "format": "[Gen 9 Champions] VGC 2026 Reg M-A",
  "players": [
    "omegaruby35",
    "138mysx"
  ],
  "log": "|j|\u2606omegaruby35\n|j|\u2606138mysx\n|html|<table width=\"100%\"><tr><td align=\"left\">omegaruby35</td><td align=\"right\">138mysx</tr><tr><td align=\"left\"><i class=\"fa fa-circle\"></i> <i class=\"fa fa-circle-o\"></i> </td><td align=\"right\"><i class=\"fa fa-circle-o\"></i> <i class=\"fa fa-circle-o\"></i> </tr></table>\n|uhtml|bestof|<h2><strong>Game 2</strong> of <a href=\"/game-bestof3-gen9championsvgc2026regma-2588279050\">a best-of-3</a></h2>\n|t:|1776620844\n|gametype|doubles\n|player|p1|omegaruby35|ltsurge|\n|player|p2|138mysx|2|\n|gen|9\n|tier|[Gen 9 Champions] VGC 2026 Reg M-A\n|rated|Tournament battle\n|rule|Species Clause: Limit one of each Pok\u00e9mon\n|rule|Item Clause: Limit 1 of each item\n|raw|<div class=\"infobox\"><details class=\"readmore\" open><summary><strong>1 custom rule:</strong></summary> Best of = 3</details></div>\n|clearpoke\n|poke|p1|Garchomp, L50, F, shiny|\n|poke|p1|Tyranitar, L50, F|\n|poke|p1|Rotom-Heat, L50|\n|poke|p1|Skarmory, L50, M, shiny|\n|poke|p1|Reuniclus, L50, F|\n|poke|p1|Milotic, L50, M, shiny|\n|poke|p2|Garchomp, L50, F, shiny|\n|poke|p2|Gardevoir, L50, F, shiny|\n|poke|p2|Charizard, L50, F, shiny|\n|poke|p2|Milotic, L50, M|\n|poke|p2|Corviknight, L50, F, shiny|\n|poke|p2|Meowscarada, L50, M|\n|teampreview|4\n|j| Rolling Stonedge\n|\n|t:|1776620923\n|teamsize|p1|4\n|teamsize|p2|4\n|start\n|switch|p1a: Rotom|Rotom-Heat, L50|100/100\n|switch|p1b: Skarmory|Skarmory, L50, M, shiny|100/100\n|switch|p2a: Gardevoir|Gardevoir, L50, F, shiny|100/100\n|switch|p2b: Charizard|Charizard, L50, F, shiny|100/100\n|turn|1\n|j| ppyyy-inertia\n|j| Pigeon_onF1re\n|\n|t:|1776620975\n|detailschange|p2b: Charizard|Charizard-Mega-Y, L50, F, shiny\n|-mega|p2b: Charizard|Charizard|Charizardite Y\n|-weather|SunnyDay|[from] ability: Drought|[of] p2b: Charizard\n|detailschange|p1b: Skarmory|Skarmory-Mega, L50, M, shiny\n|-mega|p1b: Skarmory|Skarmory|Skarmorite\n|move|p1a: Rotom|Volt Switch|p2b: Charizard\n|-supereffective|p2b: Charizard|1\n|-damage|p2b: Charizard|34/100\n|\n|t:|1776620985\n|switch|p1a: Tyranitar|Tyranitar, L50, F|100/100|[from] Volt Switch\n|-weather|Sandstorm|[from] ability: Sand Stream|[of] p1a: Tyranitar\n|move|p2a: Gardevoir|Icy Wind|p1a: Tyranitar|[spread] p1a,p1b\n|-damage|p1a: Tyranitar|91/100\n|-damage|p1b: Skarmory|87/100\n|-unboost|p1a: Tyranitar|spe|1\n|-unboost|p1b: Skarmory|spe|1\n|move|p2b: Charizard|Heat Wave|p1b: Skarmory|[spread] p1a\n|-miss|p2b: Charizard|p1b: Skarmory\n|-resisted|p1a: Tyranitar|1\n|-damage|p1a: Tyranitar|76/100\n|move|p1b: Skarmory|Dual Wingbeat|p2b: Charizard\n|-damage|p2b: Charizard|4/100\n|-damage|p2b: Charizard|0 fnt\n|faint|p2b: Charizard\n|-hitcount|p2: Charizard|2\n|\n|-weather|Sandstorm|[upkeep]\n|-damage|p2a: Gardevoir|95/100|[from] Sandstorm\n|upkeep\n|l| Pigeon_onF1re\n|\n|t:|1776621011\n|switch|p2b: Milotic|Milotic, L50, M|100/100\n|turn|2\n|l| ppyyy-inertia\n|j| BaelorStark\n|\n|t:|1776621026\n|switch|p1b: Rotom|Rotom-Heat, L50|100/100\n|move|p2a: Gardevoir|Icy Wind|p1b: Rotom|[spread] p1a,p1b\n|-resisted|p1b: Rotom|1\n|-damage|p1a: Tyranitar|66/100\n|-damage|p1b: Rotom|92/100\n|-unboost|p1a: Tyranitar|spe|1\n|-unboost|p1b: Rotom|spe|1\n|move|p2b: Milotic|Scald|p1b: Rotom\n|-supereffective|p1b: Rotom|1\n|-damage|p1b: Rotom|18/100\n|move|p1a: Tyranitar|Knock Off|p2b: Milotic\n|-damage|p2b: Milotic|49/100\n|-enditem|p2b: Milotic|Sitrus Berry|[from] move: Knock Off|[of] p1a: Tyranitar\n|\n|-weather|Sandstorm|[upkeep]\n|-damage|p2a: Gardevoir|89/100|[from] Sandstorm\n|-damage|p1b: Rotom|12/100|[from] Sandstorm\n|-damage|p2b: Milotic|43/100|[from] Sandstorm\n|upkeep\n|turn|3\n|\n|t:|1776621045\n|switch|p1b: Milotic|Milotic, L50, M, shiny|100/100\n|move|p2a: Gardevoir|Icy Wind|p1a: Tyranitar|[spread] p1a,p1b\n|-resisted|p1b: Milotic|1\n|-crit|p1b: Milotic\n|-damage|p1a: Tyranitar|55/100\n|-damage|p1b: Milotic|93/100\n|-unboost|p1a: Tyranitar|spe|1\n|-unboost|p1b: Milotic|spe|1\n|-ability|p1b: Milotic|Competitive|boost\n|-boost|p1b: Milotic|spa|2\n|move|p2b: Milotic|Recover|p2b: Milotic\n|-heal|p2b: Milotic|93/100\n|move|p1a: Tyranitar|Rock Slide|p2a: Gardevoir|[spread] p2a,p2b\n|-crit|p2b: Milotic\n|-damage|p2a: Gardevoir|33/100\n|-damage|p2b: Milotic|41/100\n|\n|-weather|Sandstorm|[upkeep]\n|-damage|p2a: Gardevoir|27/100|[from] Sandstorm\n|-damage|p2b: Milotic|35/100|[from] Sandstorm\n|-damage|p1b: Milotic|87/100|[from] Sandstorm\n|upkeep\n|turn|4\n|l| BaelorStark\n|c|\u2606138mysx|the miss messed me up so bad\n|\n|t:|1776621085\n|switch|p2a: Meowscarada|Meowscarada, L50, M|100/100\n|switch|p1a: Rotom|Rotom-Heat, L50|12/100\n|move|p2b: Milotic|Scald|p1a: Rotom\n|-supereffective|p1a: Rotom|1\n|-damage|p1a: Rotom|0 fnt\n|faint|p1a: Rotom\n|move|p1b: Milotic|Muddy Water|p2a: Meowscarada|[spread] p2a,p2b\n|-resisted|p2a: Meowscarada|1\n|-resisted|p2b: Milotic|1\n|-damage|p2a: Meowscarada|61/100\n|-damage|p2b: Milotic|20/100\n|\n|-weather|Sandstorm|[upkeep]\n|-damage|p2a: Meowscarada|55/100|[from] Sandstorm\n|-damage|p2b: Milotic|14/100|[from] Sandstorm\n|-damage|p1b: Milotic|80/100|[from] Sandstorm\n|upkeep\n|\n|t:|1776621094\n|switch|p1a: Skarmory|Skarmory-Mega, L50, M, shiny|87/100\n|turn|5\n|j| Finnizard\n|\n|t:|1776621127\n|switch|p1b: Tyranitar|Tyranitar, L50, F|55/100\n|move|p2a: Meowscarada|Protect|p2a: Meowscarada\n|-start|p2a: Meowscarada|typechange|Normal|[from] ability: Protean\n|-singleturn|p2a: Meowscarada|Protect\n|move|p1a: Skarmory|Drill Run|p2b: Milotic\n|-damage|p2b: Milotic|0 fnt\n|faint|p2b: Milotic\n|\n|-weather|none\n|upkeep\n|j| ppyyy-inertia\n|\n|t:|1776621135\n|switch|p2b: Gardevoir|Gardevoir, L50, F, shiny|27/100\n|turn|6\n|\n|t:|1776621171\n|move|p2b: Gardevoir|Moonblast|p1a: Skarmory\n|-resisted|p1a: Skarmory|1\n|-damage|p1a: Skarmory|63/100\n|move|p2a: Meowscarada|Triple Axel|p1a: Skarmory\n|-damage|p1a: Skarmory|57/100\n|-damage|p1a: Skarmory|44/100\n|-hitcount|p1a: Skarmory|2\n|move|p1a: Skarmory|Iron Head|p2b: Gardevoir\n|-supereffective|p2b: Gardevoir|1\n|-damage|p2b: Gardevoir|0 fnt\n|faint|p2b: Gardevoir\n|move|p1b: Tyranitar|Low Kick|p2a: Meowscarada\n|-supereffective|p2a: Meowscarada|1\n|-damage|p2a: Meowscarada|0 fnt\n|faint|p2a: Meowscarada\n|\n|win|omegaruby35\n",
  "uploadtime": 1776621178,
  "views": 6,
  "formatid": "gen9championsvgc2026regma",
  "rating": null,
  "private": 0,
  "password": null
}