{
  "id": "gen9championsvgc2026regma-2587735989",
  "format": "[Gen 9 Champions] VGC 2026 Reg M-A",
  "players": [
    "boltion",
    "kuruffman"
  ],
  "log": "|j|\u2606boltion\n|j|\u2606kuruffman\n|t:|1776558797\n|gametype|doubles\n|player|p1|boltion|266|1074\n|player|p2|kuruffman|266|1107\n|gen|9\n|tier|[Gen 9 Champions] VGC 2026 Reg M-A\n|rated|\n|rule|Species Clause: Limit one of each Pok\u00e9mon\n|rule|Item Clause: Limit 1 of each item\n|clearpoke\n|poke|p1|Polteageist, L50|\n|poke|p1|Sneasler, L50, F|\n|poke|p1|Scovillain, L50, M|\n|poke|p1|Rotom-Wash, L50|\n|poke|p1|Garchomp, L50, F|\n|poke|p1|Kommo-o, L50, F|\n|poke|p2|Rotom-Wash, L50|\n|poke|p2|Beedrill, L50, M|\n|poke|p2|Sylveon, L50, M|\n|poke|p2|Slowbro-Galar, L50, M|\n|poke|p2|Sinistcha, L50|\n|poke|p2|Kangaskhan, L50, F|\n|teampreview|4\n|inactive|Battle timer is ON: inactive players will automatically lose when time's up. (requested by boltion)\n|\n|t:|1776558819\n|teamsize|p1|4\n|teamsize|p2|4\n|start\n|switch|p1a: Sneasler|Sneasler, L50, F|100/100\n|switch|p1b: Kommo-o|Kommo-o, L50, F|100/100\n|switch|p2a: Kangaskhan|Kangaskhan, L50, F|100/100\n|switch|p2b: Slowbro|Slowbro-Galar, L50, M|100/100\n|turn|1\n|inactive|kuruffman has 30 seconds left.\n|\n|t:|1776558845\n|detailschange|p2a: Kangaskhan|Kangaskhan-Mega, L50, F\n|-mega|p2a: Kangaskhan|Kangaskhan|Kangaskhanite\n|move|p2a: Kangaskhan|Protect|p2a: Kangaskhan\n|-singleturn|p2a: Kangaskhan|Protect\n|move|p1a: Sneasler|Fake Out|p2a: Kangaskhan\n|-activate|p2a: Kangaskhan|move: Protect\n|move|p1b: Kommo-o|Clangorous Soul|p1b: Kommo-o\n|-boost|p1b: Kommo-o|atk|1\n|-boost|p1b: Kommo-o|def|1\n|-boost|p1b: Kommo-o|spa|1\n|-boost|p1b: Kommo-o|spd|1\n|-boost|p1b: Kommo-o|spe|1\n|-damage|p1b: Kommo-o|68/100\n|move|p2b: Slowbro|Toxic|p1b: Kommo-o\n|-status|p1b: Kommo-o|tox\n|\n|-damage|p1b: Kommo-o|62/100 tox|[from] psn\n|upkeep\n|turn|2\n|inactive|kuruffman has 30 seconds left.\n|inactive|boltion has 30 seconds left.\n|inactive|kuruffman has 20 seconds left.\n|\n|t:|1776558887\n|switch|p2a: Sinistcha|Sinistcha, L50|100/100\n|move|p1b: Kommo-o|Clanging Scales|p2b: Slowbro|[spread] p2a,p2b\n|-damage|p2a: Sinistcha|31/100\n|-damage|p2b: Slowbro|21/100\n|-unboost|p1b: Kommo-o|def|1\n|move|p1a: Sneasler|Dire Claw|p2a: Sinistcha\n|-damage|p2a: Sinistcha|0 fnt\n|faint|p2a: Sinistcha\n|move|p2b: Slowbro|Shell Side Arm|p1b: Kommo-o|[anim] Shell Side Arm Physical\n|-damage|p1b: Kommo-o|28/100 tox\n|-hint|Physical Shell Side Arm\n|\n|-damage|p1b: Kommo-o|16/100 tox|[from] psn\n|upkeep\n|\n|t:|1776558904\n|switch|p2a: Kangaskhan|Kangaskhan-Mega, L50, F|100/100\n|turn|3\n|-activate|p2b: Slowbro|ability: Quick Draw\n|\n|t:|1776558919\n|switch|p1b: Garchomp|Garchomp, L50, F|100/100\n|move|p2a: Kangaskhan|Fake Out|p1a: Sneasler\n|-damage|p1a: Sneasler|60/100\n|-damage|p1a: Sneasler|51/100\n|-hitcount|p1a: Sneasler|2\n|move|p2b: Slowbro|Shell Side Arm|p1b: Garchomp|[anim] Shell Side Arm Special\n|-resisted|p1b: Garchomp|1\n|-damage|p1b: Garchomp|83/100\n|-hint|Special Shell Side Arm\n|-status|p1b: Garchomp|psn\n|cant|p1a: Sneasler|flinch\n|\n|-damage|p1b: Garchomp|70/100 psn|[from] psn\n|upkeep\n|turn|4\n|inactive|kuruffman has 30 seconds left.\n|\n|t:|1776558950\n|switch|p2b: Rotom|Rotom-Wash, L50|100/100\n|move|p1a: Sneasler|Close Combat|p2a: Kangaskhan\n|-supereffective|p2a: Kangaskhan|1\n|-damage|p2a: Kangaskhan|1/100\n|-unboost|p1a: Sneasler|def|1\n|-unboost|p1a: Sneasler|spd|1\n|-enditem|p1a: Sneasler|White Herb\n|-clearnegativeboost|p1a: Sneasler|[silent]\n|move|p1b: Garchomp|Earthquake|p2a: Kangaskhan|[spread] p1a,p2a\n|-immune|p2b: Rotom|[from] ability: Levitate\n|-supereffective|p1a: Sneasler|1\n|-damage|p1a: Sneasler|0 fnt\n|-damage|p2a: Kangaskhan|0 fnt\n|faint|p1a: Sneasler\n|faint|p2a: Kangaskhan\n|\n|-damage|p1b: Garchomp|58/100 psn|[from] psn\n|upkeep\n|inactive|boltion has 30 seconds left.\n|\n|t:|1776558980\n|switch|p1a: Scovillain|Scovillain, L50, M|100/100\n|switch|p2a: Slowbro|Slowbro-Galar, L50, M|21/100\n|turn|5\n|\n|t:|1776559001\n|detailschange|p1a: Scovillain|Scovillain-Mega, L50, M\n|-mega|p1a: Scovillain|Scovillain|Scovillainite\n|move|p1b: Garchomp|Rock Slide|p2a: Slowbro|[spread] p2b\n|-miss|p1b: Garchomp|p2a: Slowbro\n|-crit|p2b: Rotom\n|-damage|p2b: Rotom|71/100\n|move|p1a: Scovillain|Giga Drain|p2b: Rotom\n|-supereffective|p2b: Rotom|1\n|-damage|p2b: Rotom|6/100\n|-enditem|p2b: Rotom|Sitrus Berry|[eat]\n|-heal|p2b: Rotom|30/100|[from] item: Sitrus Berry\n|move|p2b: Rotom|Hydro Pump|p1b: Garchomp\n|-damage|p1b: Garchomp|10/100 psn\n|move|p2a: Slowbro|Slack Off|p2a: Slowbro\n|-heal|p2a: Slowbro|71/100\n|\n|-damage|p1b: Garchomp|0 fnt|[from] psn\n|faint|p1b: Garchomp\n|upkeep\n|\n|t:|1776559010\n|switch|p1b: Kommo-o|Kommo-o, L50, F|16/100 tox\n|turn|6\n|\n|t:|1776559032\n|move|p2b: Rotom|Protect|p2b: Rotom\n|-singleturn|p2b: Rotom|Protect\n|move|p1b: Kommo-o|Clanging Scales|p2a: Slowbro|[spread] p2a\n|-activate|p2b: Rotom|move: Protect\n|-damage|p2a: Slowbro|23/100\n|-unboost|p1b: Kommo-o|def|1\n|move|p1a: Scovillain|Flamethrower|p2b: Rotom\n|-activate|p2b: Rotom|move: Protect\n|move|p2a: Slowbro|Shell Side Arm|p1a: Scovillain|[anim] Shell Side Arm Physical\n|-supereffective|p1a: Scovillain|1\n|-damage|p1a: Scovillain|31/100\n|-hint|Physical Shell Side Arm\n|-status|p2a: Slowbro|brn|[from] ability: Spicy Spray|[of] p1a: Scovillain\n|\n|-damage|p1b: Kommo-o|10/100 tox|[from] psn\n|-damage|p2a: Slowbro|17/100 brn|[from] brn\n|upkeep\n|turn|7\n|inactive|kuruffman has 30 seconds left.\n|-activate|p2a: Slowbro|ability: Quick Draw\n|\n|t:|1776559061\n|move|p2a: Slowbro|Shell Side Arm|p1b: Kommo-o|[anim] Shell Side Arm Physical\n|-damage|p1b: Kommo-o|0 fnt\n|-hint|Physical Shell Side Arm\n|faint|p1b: Kommo-o\n|move|p1a: Scovillain|Giga Drain|p2b: Rotom\n|-supereffective|p2b: Rotom|1\n|-damage|p2b: Rotom|0 fnt\n|-heal|p1a: Scovillain|45/100|[from] drain|[of] p2b: Rotom\n|faint|p2b: Rotom\n|\n|-damage|p2a: Slowbro|11/100 brn|[from] brn\n|upkeep\n|turn|8\n|c|\u2606kuruffman|ITS HIGH NOON\n|-activate|p2a: Slowbro|item: Quick Claw\n|\n|t:|1776559083\n|move|p2a: Slowbro|Shell Side Arm|p1a: Scovillain|[anim] Shell Side Arm Special\n|-supereffective|p1a: Scovillain|1\n|-damage|p1a: Scovillain|0 fnt\n|-hint|Special Shell Side Arm\n|faint|p1a: Scovillain\n|\n|win|kuruffman\n|raw|boltion's rating: 1074 &rarr; <strong>1055</strong><br />(-19 for losing)\n|raw|kuruffman's rating: 1107 &rarr; <strong>1130</strong><br />(+23 for winning)\n|l|\u2606boltion\n|player|p1|\n|c|\u2606kuruffman|DRAWWW\n",
  "uploadtime": 1776559097,
  "views": 35,
  "formatid": "gen9championsvgc2026regma",
  "rating": 1055,
  "private": 0,
  "password": null
}