{
  "id": "gen9championsvgc2026regma-2585204107",
  "format": "[Gen 9 Champions] VGC 2026 Reg M-A",
  "players": [
    "ye979402",
    "everlol"
  ],
  "log": "|j|\u203dye979402\n|j|\u203deverlol\n|t:|1776324638\n|gametype|doubles\n|player|p1|ye979402|backersf|1316\n|player|p2|everlol|265|1382\n|gen|9\n|tier|[Gen 9 Champions] VGC 2026 Reg M-A\n|rated|\n|rule|Species Clause: Limit one of each Pok\u00e9mon\n|rule|Item Clause: Limit 1 of each item\n|clearpoke\n|poke|p1|Tyranitar, L50, F|\n|poke|p1|Excadrill, L50, F|\n|poke|p1|Rotom-Wash, L50|\n|poke|p1|Sneasler, L50, M|\n|poke|p1|Sinistcha, L50|\n|poke|p1|Corviknight, L50, M|\n|poke|p2|Sneasler, L50, M|\n|poke|p2|Delphox, L50, F|\n|poke|p2|Whimsicott, L50, F|\n|poke|p2|Basculegion, L50, M|\n|poke|p2|Floette-Eternal, L50, F|\n|poke|p2|Farigiraf, L50, M|\n|teampreview|4\n|inactive|Battle timer is ON: inactive players will automatically lose when time's up. (requested by everlol)\n|j| idontcarereally\n|inactive|ye979402 has 60 seconds left.\n|inactive|everlol has 60 seconds left.\n|\n|t:|1776324694\n|teamsize|p1|4\n|teamsize|p2|4\n|start\n|switch|p1a: Corviknight|Corviknight, L50, M, shiny|100/100\n|switch|p1b: Rotom|Rotom-Wash, L50, shiny|100/100\n|switch|p2a: Whimsicott|Whimsicott, L50, F|100/100\n|switch|p2b: Sneasler|Sneasler, L50, M|100/100\n|turn|1\n|\n|t:|1776324713\n|move|p2b: Sneasler|Fake Out|p1a: Corviknight\n|-resisted|p1a: Corviknight|1\n|-damage|p1a: Corviknight|96/100\n|move|p1b: Rotom|Will-O-Wisp|p2b: Sneasler\n|-status|p2b: Sneasler|brn\n|move|p2a: Whimsicott|Moonblast|p1b: Rotom\n|-damage|p1b: Rotom|58/100\n|cant|p1a: Corviknight|flinch\n|\n|-damage|p2b: Sneasler|95/100 brn|[from] brn\n|upkeep\n|turn|2\n|\n|t:|1776324735\n|switch|p1b: Tyranitar|Tyranitar, L50, F, shiny|100/100\n|-weather|Sandstorm|[from] ability: Sand Stream|[of] p1b: Tyranitar\n|move|p2a: Whimsicott|Encore|p1b: Tyranitar\n|-hint|Since gen 7, Dark is immune to Prankster moves.\n|-immune|p1b: Tyranitar\n|move|p2b: Sneasler|Close Combat|p1a: Corviknight\n|-damage|p1a: Corviknight|77/100\n|-unboost|p2b: Sneasler|def|1\n|-unboost|p2b: Sneasler|spd|1\n|-enditem|p2b: Sneasler|White Herb\n|-clearnegativeboost|p2b: Sneasler|[silent]\n|move|p1a: Corviknight|Brave Bird|p2a: Whimsicott\n|-supereffective|p2a: Whimsicott|1\n|-enditem|p2a: Whimsicott|Focus Sash\n|-damage|p2a: Whimsicott|1/100\n|-damage|p1a: Corviknight|55/100|[from] Recoil\n|\n|-weather|Sandstorm|[upkeep]\n|-damage|p2b: Sneasler|89/100 brn|[from] Sandstorm\n|-damage|p2a: Whimsicott|0 fnt|[from] Sandstorm\n|faint|p2a: Whimsicott\n|-damage|p2b: Sneasler|83/100 brn|[from] brn\n|upkeep\n|\n|t:|1776324759\n|switch|p2a: Basculegion|Basculegion, L50, M|100/100\n|turn|3\n|\n|t:|1776324783\n|switch|p1b: Rotom|Rotom-Wash, L50, shiny|58/100\n|move|p2b: Sneasler|Close Combat|p1a: Corviknight\n|-damage|p1a: Corviknight|35/100\n|-unboost|p2b: Sneasler|def|1\n|-unboost|p2b: Sneasler|spd|1\n|move|p2a: Basculegion|Flip Turn|p1a: Corviknight\n|-damage|p1a: Corviknight|10/100\n|\n|t:|1776324792\n|switch|p2a: Floette|Floette-Eternal, L50, F|100/100|[from] Flip Turn\n|move|p1a: Corviknight|Tailwind|p1a: Corviknight\n|-sidestart|p1: ye979402|move: Tailwind\n|\n|-weather|Sandstorm|[upkeep]\n|-damage|p1b: Rotom|52/100|[from] Sandstorm\n|-damage|p2b: Sneasler|78/100 brn|[from] Sandstorm\n|-damage|p2a: Floette|94/100|[from] Sandstorm\n|-damage|p2b: Sneasler|72/100 brn|[from] brn\n|upkeep\n|turn|4\n|inactive|everlol has 30 seconds left.\n|\n|t:|1776324821\n|detailschange|p2a: Floette|Floette-Mega, L50, F\n|-mega|p2a: Floette|Floette|Floettite\n|-ability|p2a: Floette|Fairy Aura\n|move|p2b: Sneasler|Protect|p2b: Sneasler\n|-singleturn|p2b: Sneasler|Protect\n|move|p1b: Rotom|Thunderbolt|p2b: Sneasler\n|-activate|p2b: Sneasler|move: Protect\n|move|p1a: Corviknight|Roost|p1a: Corviknight\n|-heal|p1a: Corviknight|60/100\n|-singleturn|p1a: Corviknight|move: Roost\n|move|p2a: Floette|Dazzling Gleam|p1a: Corviknight|[spread] p1a,p1b\n|-resisted|p1a: Corviknight|1\n|-crit|p1a: Corviknight\n|-damage|p1a: Corviknight|19/100\n|-damage|p1b: Rotom|0 fnt\n|faint|p1b: Rotom\n|\n|-weather|Sandstorm|[upkeep]\n|-damage|p2b: Sneasler|66/100 brn|[from] Sandstorm\n|-damage|p2a: Floette|88/100|[from] Sandstorm\n|-damage|p2b: Sneasler|60/100 brn|[from] brn\n|upkeep\n|\n|t:|1776324837\n|switch|p1b: Excadrill|Excadrill, L50, F, shiny|100/100\n|turn|5\n|inactive|everlol has 30 seconds left.\n|inactive|ye979402 has 30 seconds left.\n|\n|t:|1776324878\n|switch|p2b: Basculegion|Basculegion, L50, M|100/100\n|move|p1b: Excadrill|Earthquake|p2b: Basculegion|[spread] p2a,p2b\n|-immune|p1a: Corviknight\n|-damage|p2a: Floette|33/100\n|-damage|p2b: Basculegion|49/100\n|move|p1a: Corviknight|Roost|p1a: Corviknight\n|-heal|p1a: Corviknight|69/100\n|-singleturn|p1a: Corviknight|move: Roost\n|move|p2a: Floette|Light of Ruin|p1b: Excadrill\n|-resisted|p1b: Excadrill|1\n|-damage|p1b: Excadrill|15/100\n|-damage|p2a: Floette|0 fnt|[from] Recoil\n|faint|p2a: Floette\n|\n|-weather|Sandstorm|[upkeep]\n|-damage|p2b: Basculegion|43/100|[from] Sandstorm\n|upkeep\n|j| Syachilove0408\n|\n|t:|1776324892\n|switch|p2a: Sneasler|Sneasler, L50, M|60/100 brn\n|turn|6\n|inactive|ye979402 has 30 seconds left.\n|\n|t:|1776324919\n|move|p2b: Basculegion|Aqua Jet|p1b: Excadrill\n|-supereffective|p1b: Excadrill|1\n|-damage|p1b: Excadrill|0 fnt\n|faint|p1b: Excadrill\n|move|p1a: Corviknight|Brave Bird|p2a: Sneasler\n|-supereffective|p2a: Sneasler|1\n|-damage|p2a: Sneasler|0 fnt\n|faint|p2a: Sneasler\n|-damage|p1a: Corviknight|54/100|[from] Recoil\n|\n|-weather|none\n|-sideend|p1: ye979402|move: Tailwind\n|upkeep\n|\n|t:|1776324925\n|switch|p1b: Tyranitar|Tyranitar, L50, F, shiny|100/100\n|-weather|Sandstorm|[from] ability: Sand Stream|[of] p1b: Tyranitar\n|turn|7\n|-message|everlol forfeited.\n|\n|win|ye979402\n|raw|ye979402's rating: 1316 &rarr; <strong>1340</strong><br />(+24 for winning)\n|raw|everlol's rating: 1382 &rarr; <strong>1358</strong><br />(-24 for losing)\n|l|\u203deverlol\n|player|p2|\n",
  "uploadtime": 1776324932,
  "views": 43,
  "formatid": "gen9championsvgc2026regma",
  "rating": 1340,
  "private": 0,
  "password": null
}