{
  "id": "gen9championsvgc2026regma-2586929699",
  "format": "[Gen 9 Champions] VGC 2026 Reg M-A",
  "players": [
    "colfox",
    "somebirdgal"
  ],
  "log": "|j|\u203dcolfox\n|j|\u2606somebirdgal\n|t:|1776472815\n|gametype|doubles\n|player|p1|colfox|170|1302\n|player|p2|somebirdgal|caitlin|1311\n|gen|9\n|tier|[Gen 9 Champions] VGC 2026 Reg M-A\n|rated|\n|rule|Species Clause: Limit one of each Pok\u00e9mon\n|rule|Item Clause: Limit 1 of each item\n|clearpoke\n|poke|p1|Tyranitar, L50, M|\n|poke|p1|Excadrill, L50, M|\n|poke|p1|Dragapult, L50, M|\n|poke|p1|Milotic, L50, F|\n|poke|p1|Raichu, L50, M|\n|poke|p1|Scizor, L50, F|\n|poke|p2|Sneasler, L50, F|\n|poke|p2|Kingambit, L50, F|\n|poke|p2|Basculegion, L50, M|\n|poke|p2|Delphox, L50, F|\n|poke|p2|Whimsicott, L50, F|\n|poke|p2|Torkoal, L50, F|\n|teampreview|4\n|\n|t:|1776472841\n|teamsize|p1|4\n|teamsize|p2|4\n|start\n|switch|p1a: Milotic|Milotic, L50, F|100/100\n|switch|p1b: Dragapult|Dragapult, L50, M|100/100\n|switch|p2a: Whimsicott|Whimsicott, L50, F|100/100\n|switch|p2b: Delphox|Delphox, L50, F|100/100\n|turn|1\n|\n|t:|1776472862\n|detailschange|p2b: Delphox|Delphox-Mega, L50, F\n|-mega|p2b: Delphox|Delphox|Delphoxite\n|move|p2a: Whimsicott|Tailwind|p2a: Whimsicott\n|-sidestart|p2: somebirdgal|move: Tailwind\n|move|p2b: Delphox|Dazzling Gleam|p1b: Dragapult|[spread] p1a,p1b\n|-supereffective|p1b: Dragapult|1\n|-damage|p1a: Milotic|83/100\n|-damage|p1b: Dragapult|28/100\n|move|p1b: Dragapult|Phantom Force||[still]\n|-prepare|p1b: Dragapult|Phantom Force\n|move|p1a: Milotic|Icy Wind|p2a: Whimsicott|[spread] p2a,p2b\n|-supereffective|p2a: Whimsicott|1\n|-resisted|p2b: Delphox|1\n|-crit|p2b: Delphox\n|-damage|p2a: Whimsicott|63/100\n|-damage|p2b: Delphox|91/100\n|-unboost|p2a: Whimsicott|spe|1\n|-unboost|p2b: Delphox|spe|1\n|\n|upkeep\n|turn|2\n|\n|t:|1776472889\n|switch|p2b: Kingambit|Kingambit, L50, F|100/100\n|move|p2a: Whimsicott|Moonblast|p1b: Dragapult|[miss]\n|-miss|p2a: Whimsicott|p1b: Dragapult\n|move|p1b: Dragapult|Phantom Force|p2b: Kingambit|[from] lockedmove\n|-resisted|p2b: Kingambit|1\n|-damage|p2b: Kingambit|84/100\n|move|p1a: Milotic|Recover|p1a: Milotic\n|-heal|p1a: Milotic|100/100\n|\n|upkeep\n|turn|3\n|\n|t:|1776472909\n|switch|p1b: Excadrill|Excadrill, L50, M|100/100\n|move|p2a: Whimsicott|Encore|p1a: Milotic\n|-start|p1a: Milotic|Encore\n|move|p2b: Kingambit|Sucker Punch||[still]\n|-fail|p2b: Kingambit\n|move|p1a: Milotic|Recover||[still]\n|-fail|p1a: Milotic|heal\n|\n|upkeep\n|turn|4\n|\n|t:|1776472930\n|switch|p1a: Tyranitar|Tyranitar, L50, M|100/100\n|-weather|Sandstorm|[from] ability: Sand Stream|[of] p1a: Tyranitar\n|move|p1b: Excadrill|Rock Slide|p2b: Kingambit|[spread] p2a,p2b\n|-resisted|p2b: Kingambit|1\n|-damage|p2a: Whimsicott|37/100\n|-damage|p2b: Kingambit|76/100\n|move|p2a: Whimsicott|Moonblast|p1a: Tyranitar\n|-supereffective|p1a: Tyranitar|1\n|-damage|p1a: Tyranitar|69/100\n|move|p2b: Kingambit|Iron Head|p1a: Tyranitar\n|-supereffective|p1a: Tyranitar|1\n|-damage|p1a: Tyranitar|1/100\n|\n|-weather|Sandstorm|[upkeep]\n|-damage|p2a: Whimsicott|31/100|[from] Sandstorm\n|-sideend|p2: somebirdgal|move: Tailwind\n|upkeep\n|turn|5\n|\n|t:|1776472953\n|detailschange|p1a: Tyranitar|Tyranitar-Mega, L50, M\n|-mega|p1a: Tyranitar|Tyranitar|Tyranitarite\n|move|p1a: Tyranitar|Protect|p1a: Tyranitar\n|-singleturn|p1a: Tyranitar|Protect\n|move|p2a: Whimsicott|Tailwind|p2a: Whimsicott\n|-sidestart|p2: somebirdgal|move: Tailwind\n|move|p2b: Kingambit|Sucker Punch||[still]\n|-fail|p2b: Kingambit\n|move|p1b: Excadrill|High Horsepower|p2b: Kingambit\n|-supereffective|p2b: Kingambit|1\n|-damage|p2b: Kingambit|0 fnt\n|faint|p2b: Kingambit\n|\n|-weather|Sandstorm|[upkeep]\n|-damage|p2a: Whimsicott|25/100|[from] Sandstorm\n|upkeep\n|\n|t:|1776472958\n|switch|p2b: Delphox|Delphox-Mega, L50, F|91/100\n|turn|6\n|\n|t:|1776472981\n|switch|p1a: Milotic|Milotic, L50, F|100/100\n|move|p2b: Delphox|Heat Wave|p1b: Excadrill|[spread] p1a,p1b\n|-resisted|p1a: Milotic|1\n|-supereffective|p1b: Excadrill|1\n|-damage|p1a: Milotic|86/100\n|-damage|p1b: Excadrill|0 fnt\n|faint|p1b: Excadrill\n|move|p2a: Whimsicott|Moonblast|p1a: Milotic\n|-damage|p1a: Milotic|65/100\n|\n|-weather|Sandstorm|[upkeep]\n|-damage|p2b: Delphox|85/100|[from] Sandstorm\n|-damage|p2a: Whimsicott|20/100|[from] Sandstorm\n|-damage|p1a: Milotic|59/100|[from] Sandstorm\n|upkeep\n|\n|t:|1776472995\n|switch|p1b: Dragapult|Dragapult, L50, M|28/100\n|turn|7\n|\n|t:|1776473014\n|move|p2a: Whimsicott|Helping Hand|p2b: Delphox\n|-singleturn|p2b: Delphox|Helping Hand|[of] p2a: Whimsicott\n|move|p1b: Dragapult|Protect|p1b: Dragapult\n|-singleturn|p1b: Dragapult|Protect\n|move|p2b: Delphox|Dazzling Gleam|p1b: Dragapult|[spread] p1a\n|-activate|p1b: Dragapult|move: Protect\n|-damage|p1a: Milotic|31/100\n|move|p1a: Milotic|Scald|p2b: Delphox\n|-supereffective|p2b: Delphox|1\n|-damage|p2b: Delphox|8/100\n|\n|-weather|Sandstorm|[upkeep]\n|-damage|p2b: Delphox|2/100|[from] Sandstorm\n|-damage|p2a: Whimsicott|14/100|[from] Sandstorm\n|-damage|p1b: Dragapult|22/100|[from] Sandstorm\n|-damage|p1a: Milotic|25/100|[from] Sandstorm\n|upkeep\n|turn|8\n|\n|t:|1776473037\n|move|p2a: Whimsicott|Helping Hand|p2b: Delphox\n|-singleturn|p2b: Delphox|Helping Hand|[of] p2a: Whimsicott\n|move|p1a: Milotic|Protect|p1a: Milotic\n|-singleturn|p1a: Milotic|Protect\n|move|p2b: Delphox|Dazzling Gleam|p1a: Milotic|[spread] p1b\n|-activate|p1a: Milotic|move: Protect\n|-supereffective|p1b: Dragapult|1\n|-damage|p1b: Dragapult|0 fnt\n|faint|p1b: Dragapult\n|\n|-weather|none\n|-sideend|p2: somebirdgal|move: Tailwind\n|upkeep\n|\n|t:|1776473050\n|switch|p1b: Tyranitar|Tyranitar-Mega, L50, M|1/100\n|-weather|Sandstorm|[from] ability: Sand Stream|[of] p1b: Tyranitar\n|turn|9\n|\n|t:|1776473059\n|move|p1b: Tyranitar|Protect|p1b: Tyranitar\n|-singleturn|p1b: Tyranitar|Protect\n|move|p2a: Whimsicott|Tailwind|p2a: Whimsicott\n|-sidestart|p2: somebirdgal|move: Tailwind\n|move|p2b: Delphox|Dazzling Gleam|p1b: Tyranitar|[spread] p1a\n|-activate|p1b: Tyranitar|move: Protect\n|-damage|p1a: Milotic|8/100\n|move|p1a: Milotic|Recover|p1a: Milotic\n|-heal|p1a: Milotic|58/100\n|\n|-weather|Sandstorm|[upkeep]\n|-damage|p2b: Delphox|0 fnt|[from] Sandstorm\n|-damage|p2a: Whimsicott|8/100|[from] Sandstorm\n|-damage|p1a: Milotic|52/100|[from] Sandstorm\n|faint|p2b: Delphox\n|upkeep\n|\n|t:|1776473068\n|switch|p2b: Sneasler|Sneasler, L50, F|100/100\n|turn|10\n|\n|t:|1776473082\n|move|p2b: Sneasler|Close Combat|p1a: Milotic\n|-damage|p1a: Milotic|0 fnt\n|-unboost|p2b: Sneasler|def|1\n|-unboost|p2b: Sneasler|spd|1\n|faint|p1a: Milotic\n|-enditem|p2b: Sneasler|White Herb\n|-clearnegativeboost|p2b: Sneasler|[silent]\n|move|p2a: Whimsicott|Moonblast|p1b: Tyranitar\n|-supereffective|p1b: Tyranitar|1\n|-damage|p1b: Tyranitar|0 fnt\n|faint|p1b: Tyranitar\n|\n|win|somebirdgal\n|raw|colfox's rating: 1302 &rarr; <strong>1283</strong><br />(-19 for losing)\n|raw|somebirdgal's rating: 1311 &rarr; <strong>1330</strong><br />(+19 for winning)\n",
  "uploadtime": 1776473103,
  "views": 34,
  "formatid": "gen9championsvgc2026regma",
  "rating": 1283,
  "private": 0,
  "password": null
}