{
  "id": "gen9championsvgc2026regma-2582551665",
  "format": "[Gen 9 Champions] VGC 2026 Reg M-A",
  "players": [
    "generation5 4ever",
    "RaSaTan"
  ],
  "log": "|j|\u2606generation5 4ever\n|j|\u2606RaSaTan\n|t:|1776098868\n|gametype|doubles\n|player|p1|generation5 4ever|n|1040\n|player|p2|RaSaTan|265|1136\n|gen|9\n|tier|[Gen 9 Champions] VGC 2026 Reg M-A\n|rated|\n|rule|Species Clause: Limit one of each Pok\u00e9mon\n|rule|Item Clause: Limit 1 of each item\n|clearpoke\n|poke|p1|Garchomp, L50, M|\n|poke|p1|Milotic, L50, F|\n|poke|p1|Sneasler, L50, M|\n|poke|p1|Incineroar, L50, F|\n|poke|p1|Sinistcha, L50|\n|poke|p1|Farigiraf, L50, M|\n|poke|p2|Gengar, L50, M|\n|poke|p2|Incineroar, L50, M|\n|poke|p2|Politoed, L50, M|\n|poke|p2|Maushold-Four, L50|\n|poke|p2|Tyranitar, L50, M|\n|poke|p2|Sinistcha, L50|\n|teampreview|4\n|\n|t:|1776098889\n|teamsize|p1|4\n|teamsize|p2|4\n|start\n|switch|p1a: Garchomp|Garchomp, L50, M|100/100\n|switch|p1b: Milotic|Milotic, L50, F|100/100\n|switch|p2a: Gengar|Gengar, L50, M|100/100\n|switch|p2b: Incineroar|Incineroar, L50, M|100/100\n|-ability|p2b: Incineroar|Intimidate|boost\n|-unboost|p1a: Garchomp|atk|1\n|-unboost|p1b: Milotic|atk|1\n|-ability|p1b: Milotic|Competitive|boost\n|-boost|p1b: Milotic|spa|2\n|turn|1\n|\n|t:|1776098920\n|detailschange|p2a: Gengar|Gengar-Mega, L50, M\n|-mega|p2a: Gengar|Gengar|Gengarite\n|detailschange|p1a: Garchomp|Garchomp-Mega, L50, M\n|-mega|p1a: Garchomp|Garchomp|Garchompite\n|move|p2b: Incineroar|Fake Out|p1b: Milotic\n|-damage|p1b: Milotic|86/100\n|move|p2a: Gengar|Perish Song|p2a: Gengar\n|-start|p1a: Garchomp|perish3|[silent]\n|-start|p1b: Milotic|perish3|[silent]\n|-start|p2a: Gengar|perish3|[silent]\n|-start|p2b: Incineroar|perish3|[silent]\n|-fieldactivate|move: Perish Song\n|move|p1a: Garchomp|Earthquake|p2a: Gengar|[spread] p1b,p2a,p2b\n|-supereffective|p2a: Gengar|1\n|-supereffective|p2b: Incineroar|1\n|-enditem|p2b: Incineroar|Shuca Berry|[eat]\n|-enditem|p2b: Incineroar|Shuca Berry|[weaken]\n|-damage|p1b: Milotic|46/100\n|-damage|p2a: Gengar|13/100\n|-damage|p2b: Incineroar|76/100\n|cant|p1b: Milotic|flinch\n|\n|-start|p2a: Gengar|perish3\n|-start|p1a: Garchomp|perish3\n|-start|p1b: Milotic|perish3\n|-start|p2b: Incineroar|perish3\n|upkeep\n|turn|2\n|\n|t:|1776098948\n|move|p2a: Gengar|Protect|p2a: Gengar\n|-singleturn|p2a: Gengar|Protect\n|move|p2b: Incineroar|Protect|p2b: Incineroar\n|-singleturn|p2b: Incineroar|Protect\n|move|p1a: Garchomp|Dragon Claw|p2a: Gengar\n|-activate|p2a: Gengar|move: Protect\n|move|p1b: Milotic|Dragon Cheer|p1a: Garchomp\n|-start|p1a: Garchomp|move: Dragon Cheer\n|\n|-start|p2a: Gengar|perish2\n|-start|p1a: Garchomp|perish2\n|-start|p1b: Milotic|perish2\n|-start|p2b: Incineroar|perish2\n|upkeep\n|turn|3\n|\n|t:|1776098972\n|switch|p2a: Maushold|Maushold-Four, L50|100/100\n|move|p1b: Milotic|Protect|p1b: Milotic\n|-singleturn|p1b: Milotic|Protect\n|move|p1a: Garchomp|Earthquake|p2b: Incineroar|[spread] p2a,p2b\n|-activate|p1b: Milotic|move: Protect\n|-crit|p2a: Maushold\n|-supereffective|p2b: Incineroar|1\n|-enditem|p2a: Maushold|Focus Sash\n|-damage|p2a: Maushold|1/100\n|-damage|p2b: Incineroar|38/100\n|move|p2b: Incineroar|Parting Shot|p1a: Garchomp\n|-unboost|p1a: Garchomp|atk|1\n|-unboost|p1a: Garchomp|spa|1\n|\n|t:|1776098986\n|switch|p2b: Gengar|Gengar-Mega, L50, M|13/100|[from] Parting Shot\n|\n|-start|p1a: Garchomp|perish1\n|-start|p1b: Milotic|perish1\n|upkeep\n|turn|4\n|\n|t:|1776099000\n|move|p2b: Gengar|Protect|p2b: Gengar\n|-singleturn|p2b: Gengar|Protect\n|move|p2a: Maushold|Protect|p2a: Maushold\n|-singleturn|p2a: Maushold|Protect\n|move|p1a: Garchomp|Earthquake|p2a: Maushold|[spread] p1b\n|-activate|p2a: Maushold|move: Protect\n|-activate|p2b: Gengar|move: Protect\n|-crit|p1b: Milotic\n|-damage|p1b: Milotic|0 fnt\n|faint|p1b: Milotic\n|\n|-start|p1a: Garchomp|perish0\n|faint|p1a: Garchomp\n|upkeep\n|\n|t:|1776099012\n|switch|p1a: Incineroar|Incineroar, L50, F|100/100\n|switch|p1b: Sneasler|Sneasler, L50, M|100/100\n|-ability|p1a: Incineroar|Intimidate|boost\n|-unboost|p2a: Maushold|atk|1\n|-unboost|p2b: Gengar|atk|1\n|turn|5\n|\n|t:|1776099039\n|move|p2a: Maushold|Protect||[still]\n|-fail|p2a: Maushold\n|move|p1b: Sneasler|Fake Out|p2a: Maushold\n|-damage|p2a: Maushold|0 fnt\n|faint|p2a: Maushold\n|move|p2b: Gengar|Perish Song|p2b: Gengar\n|-start|p1a: Incineroar|perish3|[silent]\n|-start|p1b: Sneasler|perish3|[silent]\n|-start|p2b: Gengar|perish3|[silent]\n|-fieldactivate|move: Perish Song\n|move|p1a: Incineroar|Flare Blitz|p2b: Gengar\n|-damage|p2b: Gengar|0 fnt\n|faint|p2b: Gengar\n|-damage|p1a: Incineroar|96/100|[from] Recoil\n|\n|-start|p1b: Sneasler|perish3\n|-start|p1a: Incineroar|perish3\n|upkeep\n|\n|t:|1776099053\n|switch|p2b: Incineroar|Incineroar, L50, M|38/100\n|switch|p2a: Politoed|Politoed, L50, M|100/100\n|-weather|RainDance|[from] ability: Drizzle|[of] p2a: Politoed\n|-ability|p2b: Incineroar|Intimidate|boost\n|-unboost|p1a: Incineroar|atk|1\n|-unboost|p1b: Sneasler|atk|1\n|turn|6\n|-message|generation5 4ever forfeited.\n|\n|win|RaSaTan\n|raw|generation5 4ever's rating: 1040 &rarr; <strong>1028</strong><br />(-12 for losing)\n|raw|RaSaTan's rating: 1136 &rarr; <strong>1154</strong><br />(+18 for winning)\n|l|\u2606generation5 4ever\n|player|p1|\n",
  "uploadtime": 1776099070,
  "views": 17,
  "formatid": "gen9championsvgc2026regma",
  "rating": 1028,
  "private": 0,
  "password": null
}