{
  "id": "gen9championsvgc2026regma-2581605597",
  "format": "[Gen 9 Champions] VGC 2026 Reg M-A",
  "players": [
    "LILSCOTTY11",
    "soulo333"
  ],
  "log": "|j|\u2606LILSCOTTY11\n|j|\u2606soulo333\n|t:|1776014558\n|gametype|doubles\n|player|p1|LILSCOTTY11|101|1128\n|player|p2|soulo333|2|1199\n|gen|9\n|tier|[Gen 9 Champions] VGC 2026 Reg M-A\n|rated|\n|rule|Species Clause: Limit one of each Pok\u00e9mon\n|rule|Item Clause: Limit 1 of each item\n|clearpoke\n|poke|p1|Froslass, L50, F|\n|poke|p1|Incineroar, L50, F|\n|poke|p1|Basculegion, L50, M|\n|poke|p1|Orthworm, L50, M|\n|poke|p1|Garchomp, L50, M|\n|poke|p1|Rotom-Frost, L50|\n|poke|p2|Charizard, L50, F|\n|poke|p2|Rotom-Wash, L50|\n|poke|p2|Sneasler, L50, M|\n|poke|p2|Garchomp, L50, M|\n|poke|p2|Sinistcha, L50|\n|poke|p2|Kingambit, L50, F|\n|teampreview|4\n|\n|t:|1776014576\n|teamsize|p1|4\n|teamsize|p2|4\n|start\n|switch|p1a: Garchomp|Garchomp, L50, M|100/100\n|switch|p1b: Basculegion|Basculegion, L50, M|100/100\n|switch|p2a: Charizard|Charizard, L50, F|100/100\n|switch|p2b: Sneasler|Sneasler, L50, M|100/100\n|turn|1\n|\n|t:|1776014599\n|detailschange|p2a: Charizard|Charizard-Mega-X, L50, F\n|-mega|p2a: Charizard|Charizard|Charizardite X\n|move|p2b: Sneasler|Protect|p2b: Sneasler\n|-singleturn|p2b: Sneasler|Protect\n|move|p1a: Garchomp|Protect|p1a: Garchomp\n|-singleturn|p1a: Garchomp|Protect\n|move|p1b: Basculegion|Wave Crash|p2a: Charizard\n|-damage|p2a: Charizard|33/100\n|-damage|p1b: Basculegion|79/100|[from] Recoil\n|move|p2a: Charizard|Dragon Dance|p2a: Charizard\n|-boost|p2a: Charizard|atk|1\n|-boost|p2a: Charizard|spe|1\n|\n|upkeep\n|turn|2\n|\n|t:|1776014625\n|switch|p2b: Sinistcha|Sinistcha, L50|100/100\n|-heal|p2a: Charizard|58/100|[from] ability: Hospitality|[of] p2b: Sinistcha\n|move|p2a: Charizard|Protect|p2a: Charizard\n|-singleturn|p2a: Charizard|Protect\n|move|p1b: Basculegion|Wave Crash|p2a: Charizard\n|-activate|p2a: Charizard|move: Protect\n|move|p1a: Garchomp|Dragon Claw|p2b: Sinistcha\n|-damage|p2b: Sinistcha|58/100\n|\n|upkeep\n|turn|3\n|\n|t:|1776014641\n|move|p2b: Sinistcha|Rage Powder|p2b: Sinistcha\n|-singleturn|p2b: Sinistcha|move: Rage Powder\n|move|p2a: Charizard|Scale Shot|p1b: Basculegion\n|-damage|p1b: Basculegion|57/100\n|-damage|p1b: Basculegion|33/100\n|-damage|p1b: Basculegion|9/100\n|-damage|p1b: Basculegion|0 fnt\n|faint|p1b: Basculegion\n|-hitcount|p1: Basculegion|4\n|-unboost|p2a: Charizard|def|1\n|-boost|p2a: Charizard|spe|1\n|move|p1a: Garchomp|Rock Slide|p2b: Sinistcha|[spread] p2a,p2b\n|-supereffective|p2a: Charizard|1\n|-damage|p2a: Charizard|12/100\n|-damage|p2b: Sinistcha|38/100\n|\n|upkeep\n|\n|t:|1776014655\n|switch|p1b: Froslass|Froslass, L50, F, shiny|100/100\n|turn|4\n|\n|t:|1776014664\n|switch|p2b: Kingambit|Kingambit, L50, F|100/100\n|detailschange|p1b: Froslass|Froslass-Mega, L50, F, shiny\n|-mega|p1b: Froslass|Froslass|Froslassite\n|-weather|Snowscape|[from] ability: Snow Warning|[of] p1b: Froslass\n|move|p2a: Charizard|Scale Shot|p1a: Garchomp|[miss]\n|-miss|p2a: Charizard|p1a: Garchomp\n|move|p1b: Froslass|Blizzard|p2a: Charizard|[spread] p2a,p2b\n|-resisted|p2b: Kingambit|1\n|-damage|p2a: Charizard|0 fnt\n|-damage|p2b: Kingambit|79/100\n|faint|p2a: Charizard\n|move|p1a: Garchomp|Rock Slide|p2b: Kingambit\n|-resisted|p2b: Kingambit|1\n|-damage|p2b: Kingambit|68/100\n|\n|-weather|Snowscape|[upkeep]\n|upkeep\n|\n|t:|1776014671\n|switch|p2a: Sinistcha|Sinistcha, L50|38/100\n|-heal|p2b: Kingambit|93/100|[from] ability: Hospitality|[of] p2a: Sinistcha\n|turn|5\n|\n|t:|1776014703\n|switch|p1b: Rotom|Rotom-Frost, L50|100/100\n|move|p1a: Garchomp|Earthquake|p2a: Sinistcha|[spread] p2a,p2b\n|-immune|p1b: Rotom|[from] ability: Levitate\n|-resisted|p2a: Sinistcha|1\n|-supereffective|p2b: Kingambit|1\n|-damage|p2a: Sinistcha|20/100\n|-damage|p2b: Kingambit|34/100\n|move|p2a: Sinistcha|Matcha Gotcha|p1b: Rotom|[spread] p1a,p1b\n|-damage|p1a: Garchomp|62/100\n|-heal|p2a: Sinistcha|40/100|[from] drain|[of] p1a: Garchomp\n|-damage|p1b: Rotom|55/100\n|-heal|p2a: Sinistcha|56/100|[from] drain|[of] p1b: Rotom\n|move|p2b: Kingambit|Kowtow Cleave|p1b: Rotom\n|-damage|p1b: Rotom|13/100\n|\n|-weather|Snowscape|[upkeep]\n|upkeep\n|turn|6\n|\n|t:|1776014723\n|move|p2b: Kingambit|Protect|p2b: Kingambit\n|-singleturn|p2b: Kingambit|Protect\n|move|p1a: Garchomp|Earthquake|p2b: Kingambit|[spread] p2a\n|-activate|p2b: Kingambit|move: Protect\n|-immune|p1b: Rotom|[from] ability: Levitate\n|-resisted|p2a: Sinistcha|1\n|-damage|p2a: Sinistcha|36/100\n|move|p1b: Rotom|Blizzard|p2b: Kingambit|[spread] p2a\n|-activate|p2b: Kingambit|move: Protect\n|-supereffective|p2a: Sinistcha|1\n|-damage|p2a: Sinistcha|0 fnt\n|faint|p2a: Sinistcha\n|\n|-weather|Snowscape|[upkeep]\n|upkeep\n|\n|t:|1776014725\n|switch|p2a: Sneasler|Sneasler, L50, M|100/100\n|turn|7\n|\n|t:|1776014742\n|move|p2b: Kingambit|Sucker Punch|p1a: Garchomp\n|-damage|p1a: Garchomp|20/100\n|-damage|p2b: Kingambit|22/100|[from] ability: Rough Skin|[of] p1a: Garchomp\n|move|p2a: Sneasler|Close Combat|p1a: Garchomp\n|-damage|p1a: Garchomp|0 fnt\n|-unboost|p2a: Sneasler|def|1\n|-unboost|p2a: Sneasler|spd|1\n|-damage|p2a: Sneasler|88/100|[from] ability: Rough Skin|[of] p1a: Garchomp\n|faint|p1a: Garchomp\n|move|p1b: Rotom|Blizzard|p2a: Sneasler|[spread] p2a,p2b\n|-resisted|p2b: Kingambit|1\n|-damage|p2a: Sneasler|0 fnt\n|-damage|p2b: Kingambit|0 fnt\n|faint|p2a: Sneasler\n|faint|p2b: Kingambit\n|\n|win|LILSCOTTY11\n|raw|LILSCOTTY11's rating: 1128 &rarr; <strong>1158</strong><br />(+30 for winning)\n|raw|soulo333's rating: 1199 &rarr; <strong>1169</strong><br />(-30 for losing)\n",
  "uploadtime": 1776014742,
  "views": 18,
  "formatid": "gen9championsvgc2026regma",
  "rating": 1158,
  "private": 0,
  "password": null
}