{
  "id": "gen9championsvgc2026regma-2588084503",
  "format": "[Gen 9 Champions] VGC 2026 Reg M-A",
  "players": [
    "kuruffman",
    "chupes"
  ],
  "log": "|j|\u2606kuruffman\n|j|\u2606chupes\n|t:|1776602470\n|gametype|doubles\n|player|p1|kuruffman|266|1150\n|player|p2|chupes|blaine|1257\n|gen|9\n|tier|[Gen 9 Champions] VGC 2026 Reg M-A\n|rated|\n|rule|Species Clause: Limit one of each Pok\u00e9mon\n|rule|Item Clause: Limit 1 of each item\n|clearpoke\n|poke|p1|Rotom-Wash, L50|\n|poke|p1|Beedrill, L50, M|\n|poke|p1|Sylveon, L50, F|\n|poke|p1|Slowbro-Galar, L50, F|\n|poke|p1|Sinistcha, L50|\n|poke|p1|Kangaskhan, L50, F|\n|poke|p2|Sharpedo, L50, M|\n|poke|p2|Tauros-Paldea-Blaze, L50, M|\n|poke|p2|Sinistcha, L50|\n|poke|p2|Tinkaton, L50, F|\n|poke|p2|Politoed, L50, F|\n|poke|p2|Aerodactyl, L50, M|\n|teampreview|4\n|\n|t:|1776602497\n|teamsize|p1|4\n|teamsize|p2|4\n|start\n|switch|p1a: Kangaskhan|Kangaskhan, L50, F|100/100\n|switch|p1b: Sinistcha|Sinistcha, L50|100/100\n|switch|p2a: Sharpedo|Sharpedo, L50, M|100/100\n|switch|p2b: Aerodactyl|Aerodactyl, L50, M|100/100\n|-ability|p2b: Aerodactyl|Unnerve\n|turn|1\n|\n|t:|1776602516\n|detailschange|p1a: Kangaskhan|Kangaskhan-Mega, L50, F\n|-mega|p1a: Kangaskhan|Kangaskhan|Kangaskhanite\n|move|p2b: Aerodactyl|Protect|p2b: Aerodactyl\n|-singleturn|p2b: Aerodactyl|Protect\n|move|p2a: Sharpedo|Protect|p2a: Sharpedo\n|-singleturn|p2a: Sharpedo|Protect\n|move|p1a: Kangaskhan|Fake Out|p2b: Aerodactyl\n|-activate|p2b: Aerodactyl|move: Protect\n|move|p1b: Sinistcha|Strength Sap|p2a: Sharpedo\n|-activate|p2a: Sharpedo|move: Protect\n|\n|-ability|p2a: Sharpedo|Speed Boost|boost\n|-boost|p2a: Sharpedo|spe|1\n|upkeep\n|turn|2\n|\n|t:|1776602542\n|detailschange|p2a: Sharpedo|Sharpedo-Mega, L50, M\n|-mega|p2a: Sharpedo|Sharpedo|Sharpedonite\n|move|p2a: Sharpedo|Crunch|p1b: Sinistcha\n|-supereffective|p1b: Sinistcha|1\n|-damage|p1b: Sinistcha|0 fnt\n|faint|p1b: Sinistcha\n|move|p2b: Aerodactyl|Dual Wingbeat|p1a: Kangaskhan\n|-damage|p1a: Kangaskhan|84/100\n|-damage|p1a: Kangaskhan|68/100\n|-hitcount|p1a: Kangaskhan|2\n|move|p1a: Kangaskhan|Double-Edge|p2a: Sharpedo\n|-damage|p2a: Sharpedo|0 fnt\n|faint|p2a: Sharpedo\n|-hitcount|p2: Sharpedo|1\n|-damage|p1a: Kangaskhan|44/100|[from] Recoil\n|\n|upkeep\n|\n|t:|1776602561\n|switch|p2a: Tauros|Tauros-Paldea-Blaze, L50, M|100/100\n|switch|p1b: Slowbro|Slowbro-Galar, L50, F|100/100\n|-ability|p2a: Tauros|Intimidate|boost\n|-unboost|p1a: Kangaskhan|atk|1\n|-unboost|p1b: Slowbro|atk|1\n|turn|3\n|-activate|p1b: Slowbro|item: Quick Claw\n|\n|t:|1776602597\n|switch|p1a: Rotom|Rotom-Wash, L50|100/100\n|move|p1b: Slowbro|Toxic|p2a: Tauros\n|-status|p2a: Tauros|tox\n|move|p2b: Aerodactyl|Rock Slide|p1a: Rotom|[spread] p1a,p1b\n|-damage|p1a: Rotom|73/100\n|-damage|p1b: Slowbro|82/100\n|move|p2a: Tauros|Raging Bull|p1a: Rotom\n|-resisted|p1a: Rotom|1\n|-damage|p1a: Rotom|52/100\n|\n|-damage|p2a: Tauros|95/100 tox|[from] psn\n|upkeep\n|turn|4\n|\n|t:|1776602618\n|move|p1a: Rotom|Protect|p1a: Rotom\n|-singleturn|p1a: Rotom|Protect\n|move|p2b: Aerodactyl|Rock Slide|p1b: Slowbro|[spread] p1b\n|-activate|p1a: Rotom|move: Protect\n|-damage|p1b: Slowbro|64/100\n|move|p2a: Tauros|Close Combat|p1a: Rotom\n|-activate|p1a: Rotom|move: Protect\n|cant|p1b: Slowbro|flinch\n|\n|-damage|p2a: Tauros|83/100 tox|[from] psn\n|upkeep\n|turn|5\n|\n|t:|1776602635\n|move|p2b: Aerodactyl|Rock Slide|p1b: Slowbro|[spread] p1a,p1b\n|-damage|p1a: Rotom|27/100\n|-damage|p1b: Slowbro|47/100\n|move|p2a: Tauros|Close Combat|p1a: Rotom\n|-damage|p1a: Rotom|0 fnt\n|-unboost|p2a: Tauros|def|1\n|-unboost|p2a: Tauros|spd|1\n|faint|p1a: Rotom\n|move|p1b: Slowbro|Slack Off|p1b: Slowbro\n|-heal|p1b: Slowbro|97/100\n|\n|-damage|p2a: Tauros|65/100 tox|[from] psn\n|upkeep\n|\n|t:|1776602647\n|switch|p1a: Kangaskhan|Kangaskhan-Mega, L50, F|44/100\n|turn|6\n|-activate|p1b: Slowbro|item: Quick Claw\n|\n|t:|1776602656\n|move|p1a: Kangaskhan|Fake Out|p2a: Tauros\n|-damage|p2a: Tauros|25/100 tox\n|-enditem|p2a: Tauros|Sitrus Berry|[eat]\n|-heal|p2a: Tauros|50/100 tox|[from] item: Sitrus Berry\n|-damage|p2a: Tauros|41/100 tox\n|-hitcount|p2a: Tauros|2\n|move|p1b: Slowbro|Waterfall|p2b: Aerodactyl\n|-supereffective|p2b: Aerodactyl|1\n|-damage|p2b: Aerodactyl|58/100\n|move|p2b: Aerodactyl|Tailwind|p2b: Aerodactyl\n|-sidestart|p2: chupes|move: Tailwind\n|cant|p2a: Tauros|flinch\n|\n|-damage|p2a: Tauros|17/100 tox|[from] psn\n|upkeep\n|turn|7\n|-activate|p1b: Slowbro|ability: Quick Draw\n|\n|t:|1776602676\n|move|p1a: Kangaskhan|Protect|p1a: Kangaskhan\n|-singleturn|p1a: Kangaskhan|Protect\n|move|p1b: Slowbro|Waterfall|p2b: Aerodactyl\n|-supereffective|p2b: Aerodactyl|1\n|-damage|p2b: Aerodactyl|18/100\n|cant|p2b: Aerodactyl|flinch\n|move|p2a: Tauros|Close Combat|p1a: Kangaskhan\n|-activate|p1a: Kangaskhan|move: Protect\n|\n|-damage|p2a: Tauros|0 fnt|[from] psn\n|faint|p2a: Tauros\n|upkeep\n|\n|t:|1776602687\n|switch|p2a: Tinkaton|Tinkaton, L50, F|100/100\n|turn|8\n|\n|t:|1776602712\n|move|p2b: Aerodactyl|Rock Slide|p1a: Kangaskhan|[spread] p1a,p1b\n|-damage|p1a: Kangaskhan|19/100\n|-damage|p1b: Slowbro|79/100\n|move|p2a: Tinkaton|Encore|p1a: Kangaskhan\n|-start|p1a: Kangaskhan|Encore\n|move|p1a: Kangaskhan|Protect||[still]\n|-fail|p1a: Kangaskhan\n|move|p1b: Slowbro|Waterfall|p2a: Tinkaton\n|-damage|p2a: Tinkaton|86/100\n|\n|upkeep\n|turn|9\n|\n|t:|1776602728\n|move|p1a: Kangaskhan|Protect|p1a: Kangaskhan\n|-singleturn|p1a: Kangaskhan|Protect\n|move|p2b: Aerodactyl|Rock Slide|p1b: Slowbro|[spread] p1b\n|-activate|p1a: Kangaskhan|move: Protect\n|-damage|p1b: Slowbro|64/100\n|move|p2a: Tinkaton|Gigaton Hammer|p1b: Slowbro\n|-damage|p1b: Slowbro|32/100\n|move|p1b: Slowbro|Waterfall|p2b: Aerodactyl\n|-supereffective|p2b: Aerodactyl|1\n|-damage|p2b: Aerodactyl|0 fnt\n|faint|p2b: Aerodactyl\n|\n|-sideend|p2: chupes|move: Tailwind\n|upkeep\n|turn|10\n|\n|t:|1776602743\n|move|p1a: Kangaskhan|Protect|p1a: Kangaskhan\n|-singleturn|p1a: Kangaskhan|Protect\n|move|p2a: Tinkaton|Play Rough|p1a: Kangaskhan\n|-activate|p1a: Kangaskhan|move: Protect\n|move|p1b: Slowbro|Slack Off|p1b: Slowbro\n|-heal|p1b: Slowbro|82/100\n|\n|-end|p1a: Kangaskhan|Encore\n|upkeep\n|turn|11\n|-activate|p1b: Slowbro|item: Quick Claw\n|\n|t:|1776602758\n|move|p1b: Slowbro|Waterfall|p2a: Tinkaton\n|-damage|p2a: Tinkaton|70/100\n|move|p2a: Tinkaton|Encore|p1a: Kangaskhan\n|-start|p1a: Kangaskhan|Encore\n|move|p1a: Kangaskhan|Protect||[still]\n|-fail|p1a: Kangaskhan\n|\n|upkeep\n|turn|12\n|-activate|p1b: Slowbro|ability: Quick Draw\n|\n|t:|1776602771\n|move|p1a: Kangaskhan|Protect|p1a: Kangaskhan\n|-singleturn|p1a: Kangaskhan|Protect\n|move|p1b: Slowbro|Waterfall|p2a: Tinkaton\n|-damage|p2a: Tinkaton|55/100\n|move|p2a: Tinkaton|Gigaton Hammer|p1b: Slowbro\n|-damage|p1b: Slowbro|50/100\n|\n|upkeep\n|turn|13\n|-activate|p1b: Slowbro|item: Quick Claw\n|\n|t:|1776602782\n|move|p1a: Kangaskhan|Protect||[still]\n|-fail|p1a: Kangaskhan\n|move|p1b: Slowbro|Slack Off|p1b: Slowbro\n|-heal|p1b: Slowbro|99/100\n|move|p2a: Tinkaton|Play Rough|p1a: Kangaskhan|[miss]\n|-miss|p2a: Tinkaton|p1a: Kangaskhan\n|\n|-end|p1a: Kangaskhan|Encore\n|upkeep\n|turn|14\n|\n|t:|1776602805\n|move|p2a: Tinkaton|Gigaton Hammer|p1a: Kangaskhan\n|-damage|p1a: Kangaskhan|0 fnt\n|faint|p1a: Kangaskhan\n|move|p1b: Slowbro|Waterfall|p2a: Tinkaton\n|-damage|p2a: Tinkaton|41/100\n|\n|upkeep\n|turn|15\n|\n|t:|1776602814\n|move|p2a: Tinkaton|Play Rough|p1b: Slowbro\n|-resisted|p1b: Slowbro|1\n|-damage|p1b: Slowbro|91/100\n|move|p1b: Slowbro|Waterfall|p2a: Tinkaton\n|-damage|p2a: Tinkaton|28/100\n|\n|upkeep\n|turn|16\n|-activate|p1b: Slowbro|ability: Quick Draw\n|\n|t:|1776602822\n|move|p1b: Slowbro|Waterfall|p2a: Tinkaton\n|-damage|p2a: Tinkaton|12/100\n|cant|p2a: Tinkaton|flinch\n|\n|upkeep\n|turn|17\n|c|\u2606kuruffman|its high noon\n|-activate|p1b: Slowbro|ability: Quick Draw\n|\n|t:|1776602836\n|move|p1b: Slowbro|Waterfall|p2a: Tinkaton\n|-damage|p2a: Tinkaton|0 fnt\n|faint|p2a: Tinkaton\n|\n|win|kuruffman\n|raw|kuruffman's rating: 1150 &rarr; <strong>1182</strong><br />(+32 for winning)\n|raw|chupes's rating: 1257 &rarr; <strong>1225</strong><br />(-32 for losing)\n",
  "uploadtime": 1776602848,
  "views": 29,
  "formatid": "gen9championsvgc2026regma",
  "rating": 1182,
  "private": 0,
  "password": null
}