{
  "id": "gen9championsvgc2026regma-2582404983",
  "format": "[Gen 9 Champions] VGC 2026 Reg M-A",
  "players": [
    "lucacum",
    "yin_lite"
  ],
  "log": "|j|\u2606lucacum\n|j|\u2606yin_lite\n|t:|1776089503\n|gametype|doubles\n|player|p1|lucacum|1|1088\n|player|p2|yin_lite|266|1000\n|gen|9\n|tier|[Gen 9 Champions] VGC 2026 Reg M-A\n|rated|\n|rule|Species Clause: Limit one of each Pok\u00e9mon\n|rule|Item Clause: Limit 1 of each item\n|clearpoke\n|poke|p1|Floette-Eternal, L50, F|\n|poke|p1|Pelipper, L50, M|\n|poke|p1|Archaludon, L50, M|\n|poke|p1|Palafin, L50, M|\n|poke|p1|Incineroar, L50, F|\n|poke|p1|Sinistcha, L50|\n|poke|p2|Zoroark-Hisui, L50, M|\n|poke|p2|Incineroar, L50, F|\n|poke|p2|Froslass, L50, F|\n|poke|p2|Goodra-Hisui, L50, M|\n|poke|p2|Sneasler, L50, F|\n|poke|p2|Araquanid, L50, F|\n|teampreview|4\nyin_lite has agreed to open team sheets.\n|\n|t:|1776089560\n|teamsize|p1|4\n|teamsize|p2|4\n|start\n|switch|p1a: Palafin|Palafin, L50, M|100/100\n|switch|p1b: Sinistcha|Sinistcha, L50|100/100\n|switch|p2a: Froslass|Froslass, L50, F, shiny|100/100\n|switch|p2b: Goodra|Goodra-Hisui, L50, M, shiny|100/100\n|turn|1\n|inactive|Battle timer is ON: inactive players will automatically lose when time's up. (requested by yin_lite)\n|\n|t:|1776089589\n|move|p2a: Froslass|Protect|p2a: Froslass\n|-singleturn|p2a: Froslass|Protect\n|move|p1a: Palafin|Aqua Jet|p2a: Froslass\n|-activate|p2a: Froslass|move: Protect\n|move|p1b: Sinistcha|Shadow Ball|p2a: Froslass\n|-activate|p2a: Froslass|move: Protect\n|move|p2b: Goodra|Shelter|p2b: Goodra\n|-boost|p2b: Goodra|def|2\n|\n|upkeep\n|turn|2\n|inactive|lucacum has 30 seconds left.\n|inactive|yin_lite has 30 seconds left.\n|inactive|lucacum has 20 seconds left.\n|\n|t:|1776089626\n|detailschange|p1a: Palafin|Palafin-Hero, L50, M\n|switch|p1a: Archaludon|Archaludon, L50, M|100/100\n|switch|p2a: Araquanid|Araquanid, L50, F, shiny|100/100\n|move|p1b: Sinistcha|Shadow Ball|p2a: Araquanid\n|-damage|p2a: Araquanid|72/100\n|move|p2b: Goodra|Body Press|p1a: Archaludon\n|-supereffective|p1a: Archaludon|1\n|-damage|p1a: Archaludon|27/100\n|-ability|p1a: Archaludon|Stamina|boost\n|-boost|p1a: Archaludon|def|1\n|\n|-heal|p1a: Archaludon|33/100|[from] item: Leftovers\n|upkeep\n|turn|3\n|inactive|lucacum has 30 seconds left.\n|inactive|yin_lite has 30 seconds left.\n|\n|t:|1776089659\n|switch|p1a: Palafin|Palafin-Hero, L50, M|100/100\n|-activate|p1a: Palafin|ability: Zero to Hero\n|move|p1b: Sinistcha|Matcha Gotcha|p2b: Goodra|[spread] p2a,p2b\n|-resisted|p2b: Goodra|2\n|-damage|p2a: Araquanid|47/100\n|-damage|p2b: Goodra|96/100\n|move|p2b: Goodra|Body Press|p1a: Palafin\n|-damage|p1a: Palafin|61/100\n|move|p2a: Araquanid|Liquidation|p1b: Sinistcha\n|-resisted|p1b: Sinistcha|1\n|-damage|p1b: Sinistcha|61/100\n|-unboost|p1b: Sinistcha|def|1\n|\n|-heal|p2b: Goodra|100/100|[from] item: Leftovers\n|upkeep\n|turn|4\n|inactive|lucacum has 30 seconds left.\n|inactive|yin_lite has 30 seconds left.\n|\n|t:|1776089689\n|move|p2a: Araquanid|Protect|p2a: Araquanid\n|-singleturn|p2a: Araquanid|Protect\n|move|p1b: Sinistcha|Rage Powder|p1b: Sinistcha\n|-singleturn|p1b: Sinistcha|move: Rage Powder\n|move|p1a: Palafin|Liquidation|p2a: Araquanid\n|-activate|p2a: Araquanid|move: Protect\n|move|p2b: Goodra|Life Dew||[still]|[spread] p2a,p2b\n|-heal|p2a: Araquanid|72/100\n|-fail|p2b: Goodra|heal\n|\n|upkeep\n|turn|5\n|\n|t:|1776089711\n|move|p1a: Palafin|Liquidation|p2a: Araquanid\n|-resisted|p2a: Araquanid|1\n|-damage|p2a: Araquanid|32/100\n|-unboost|p2a: Araquanid|def|1\n|move|p1b: Sinistcha|Matcha Gotcha|p2b: Goodra|[spread] p2a,p2b\n|-resisted|p2b: Goodra|2\n|-damage|p2a: Araquanid|8/100\n|-heal|p1b: Sinistcha|73/100|[from] drain|[of] p2a: Araquanid\n|-damage|p2b: Goodra|96/100\n|-heal|p1b: Sinistcha|75/100|[from] drain|[of] p2b: Goodra\n|-status|p2b: Goodra|brn\n|move|p2b: Goodra|Heavy Slam|p1b: Sinistcha\n|-damage|p1b: Sinistcha|47/100\n|move|p2a: Araquanid|Icy Wind|p1a: Palafin|[spread] p1a,p1b\n|-resisted|p1a: Palafin|1\n|-supereffective|p1b: Sinistcha|1\n|-damage|p1a: Palafin|58/100\n|-damage|p1b: Sinistcha|36/100\n|-unboost|p1a: Palafin|spe|1\n|-unboost|p1b: Sinistcha|spe|1\n|\n|-heal|p2b: Goodra|100/100 brn|[from] item: Leftovers\n|-damage|p2b: Goodra|95/100 brn|[from] brn\n|upkeep\n|turn|6\n|inactive|lucacum has 30 seconds left.\n|inactive|yin_lite has 30 seconds left.\n|inactive|lucacum has 20 seconds left.\n|\n|t:|1776089748\n|move|p1a: Palafin|Protect|p1a: Palafin\n|-singleturn|p1a: Palafin|Protect\n|move|p2b: Goodra|Shelter|p2b: Goodra\n|-boost|p2b: Goodra|def|2\n|move|p1b: Sinistcha|Matcha Gotcha|p2a: Araquanid|[spread] p2a,p2b\n|-resisted|p2b: Goodra|2\n|-damage|p2a: Araquanid|0 fnt\n|-heal|p1b: Sinistcha|40/100|[from] drain|[of] p2a: Araquanid\n|-damage|p2b: Goodra|90/100 brn\n|-heal|p1b: Sinistcha|43/100|[from] drain|[of] p2b: Goodra\n|faint|p2a: Araquanid\n|\n|-heal|p2b: Goodra|96/100 brn|[from] item: Leftovers\n|-damage|p2b: Goodra|90/100 brn|[from] brn\n|upkeep\n|\n|t:|1776089765\n|switch|p2a: Froslass|Froslass, L50, F, shiny|100/100\n|turn|7\n|\n|t:|1776089781\n|detailschange|p2a: Froslass|Froslass-Mega, L50, F, shiny\n|-mega|p2a: Froslass|Froslass|Froslassite\n|-weather|Snowscape|[from] ability: Snow Warning|[of] p2a: Froslass\n|move|p1a: Palafin|Aqua Jet|p2a: Froslass\n|-damage|p2a: Froslass|69/100\n|move|p2a: Froslass|Blizzard|p1a: Palafin|[spread] p1a,p1b\n|-resisted|p1a: Palafin|1\n|-supereffective|p1b: Sinistcha|1\n|-damage|p1a: Palafin|31/100\n|-damage|p1b: Sinistcha|0 fnt\n|faint|p1b: Sinistcha\n|move|p2b: Goodra|Body Press|p1a: Palafin\n|-damage|p1a: Palafin|0 fnt\n|faint|p1a: Palafin\n|\n|-weather|Snowscape|[upkeep]\n|-heal|p2b: Goodra|96/100 brn|[from] item: Leftovers\n|-damage|p2b: Goodra|90/100 brn|[from] brn\n|upkeep\n|\n|t:|1776089798\n|switch|p1a: Archaludon|Archaludon, L50, M|33/100\n|switch|p1b: Pelipper|Pelipper, L50, M|100/100\n|-weather|RainDance|[from] ability: Drizzle|[of] p1b: Pelipper\n|turn|8\n|\n|t:|1776089819\n|switch|p2a: Sneasler|Sneasler, L50, F|100/100\n|-ability|p2a: Sneasler|Pressure\n|move|p1a: Archaludon|Flash Cannon|p2a: Sneasler\n|-damage|p2a: Sneasler|48/100\n|move|p1b: Pelipper|Weather Ball|p2b: Goodra\n|-resisted|p2b: Goodra|1\n|-damage|p2b: Goodra|71/100 brn\n|move|p2b: Goodra|Body Press|p1a: Archaludon\n|-supereffective|p1a: Archaludon|1\n|-damage|p1a: Archaludon|0 fnt\n|faint|p1a: Archaludon\n|\n|-weather|RainDance|[upkeep]\n|-heal|p2b: Goodra|77/100 brn|[from] item: Leftovers\n|-damage|p2b: Goodra|71/100 brn|[from] brn\n|upkeep\n|turn|9\n|-message|lucacum forfeited.\n|\n|win|yin_lite\n|raw|lucacum's rating: 1088 &rarr; <strong>1059</strong><br />(-29 for losing)\n|raw|yin_lite's rating: 1000 &rarr; <strong>1050</strong><br />(+50 for winning)\n|l|\u2606lucacum\n|player|p1|\n",
  "uploadtime": 1776089861,
  "views": 27,
  "formatid": "gen9championsvgc2026regma",
  "rating": 1050,
  "private": 0,
  "password": null
}