{
  "id": "gen9championsvgc2026regma-2584113726",
  "format": "[Gen 9 Champions] VGC 2026 Reg M-A",
  "players": [
    "Houseplantish",
    "StrawberryBalloons"
  ],
  "log": "|j|\u2606Houseplantish\n|j|\u2606StrawberryBalloons\n|t:|1776226618\n|gametype|doubles\n|player|p1|Houseplantish|rocketgruntf|1156\n|player|p2|StrawberryBalloons|fisherman-gen4|1241\n|gen|9\n|tier|[Gen 9 Champions] VGC 2026 Reg M-A\n|rated|\n|rule|Species Clause: Limit one of each Pok\u00e9mon\n|rule|Item Clause: Limit 1 of each item\n|clearpoke\n|poke|p1|Floette-Eternal, L50, F|\n|poke|p1|Sylveon, L50, F|\n|poke|p1|Whimsicott, L50, F|\n|poke|p1|Araquanid, L50, F|\n|poke|p1|Forretress, L50, F|\n|poke|p1|Meowstic, L50, M|\n|poke|p2|Meganium, L50, F|\n|poke|p2|Aerodactyl, L50, F|\n|poke|p2|Milotic, L50, F|\n|poke|p2|Typhlosion-Hisui, L50, M|\n|poke|p2|Tinkaton, L50, F|\n|poke|p2|Garchomp, L50, F|\n|teampreview|4\n|inactive|Battle timer is ON: inactive players will automatically lose when time's up. (requested by StrawberryBalloons)\n|inactive|Houseplantish also wants the timer to be on.\n|\n|t:|1776226647\n|teamsize|p1|4\n|teamsize|p2|4\n|start\n|switch|p1a: Whimsicott|Whimsicott, L50, F|100/100\n|switch|p1b: Araquanid|Araquanid, L50, F|100/100\n|switch|p2a: Aerodactyl|Aerodactyl, L50, F|100/100\n|switch|p2b: MeowMeow|Tinkaton, L50, F, shiny|100/100\n|-ability|p2a: Aerodactyl|Unnerve\n|-ability|p2b: MeowMeow|Mold Breaker\n|turn|1\n|inactive|Houseplantish has 30 seconds left.\n|\n|t:|1776226677\n|detailschange|p2a: Aerodactyl|Aerodactyl-Mega, L50, F\n|-mega|p2a: Aerodactyl|Aerodactyl|Aerodactylite\n|move|p2b: MeowMeow|Fake Out|p1a: Whimsicott\n|-damage|p1a: Whimsicott|91/100\n|cant|p1a: Whimsicott|flinch\n|move|p2a: Aerodactyl|Dual Wingbeat|p1b: Araquanid\n|-supereffective|p1b: Araquanid|1\n|-damage|p1b: Araquanid|32/100\n|-supereffective|p1b: Araquanid|1\n|-damage|p1b: Araquanid|0 fnt\n|faint|p1b: Araquanid\n|-hitcount|p1: Araquanid|2\n|\n|upkeep\n|\n|t:|1776226690\n|switch|p1b: Floette|Floette-Eternal, L50, F|100/100\n|turn|2\n|\n|t:|1776226707\n|detailschange|p1b: Floette|Floette-Mega, L50, F\n|-mega|p1b: Floette|Floette|Floettite\n|-ability|p1b: Floette|Fairy Aura\n|move|p1b: Floette|Protect|p1b: Floette\n|-singleturn|p1b: Floette|Protect\n|move|p1a: Whimsicott|Tailwind|p1a: Whimsicott\n|-sidestart|p1: Houseplantish|move: Tailwind\n|move|p2a: Aerodactyl|Dual Wingbeat|p1a: Whimsicott\n|-supereffective|p1a: Whimsicott|1\n|-damage|p1a: Whimsicott|29/100\n|-supereffective|p1a: Whimsicott|1\n|-damage|p1a: Whimsicott|0 fnt\n|faint|p1a: Whimsicott\n|-hitcount|p1: Whimsicott|2\n|move|p2b: MeowMeow|Gigaton Hammer|p1b: Floette\n|-activate|p1b: Floette|move: Protect\n|\n|upkeep\n|\n|t:|1776226714\n|switch|p1a: Sylveon|Sylveon, L50, F, shiny|100/100\n|turn|3\n|\n|t:|1776226724\n|switch|p2b: MegaTwo|Meganium, L50, F|100/100\n|move|p2a: Aerodactyl|Protect|p2a: Aerodactyl\n|-singleturn|p2a: Aerodactyl|Protect\n|move|p1b: Floette|Light of Ruin|p2b: MegaTwo\n|-damage|p2b: MegaTwo|4/100\n|-damage|p1b: Floette|41/100|[from] Recoil\n|move|p1a: Sylveon|Hyper Voice|p2a: Aerodactyl|[spread] p2b\n|-activate|p2a: Aerodactyl|move: Protect\n|-damage|p2b: MegaTwo|0 fnt\n|faint|p2b: MegaTwo\n|\n|upkeep\n|\n|t:|1776226736\n|switch|p2b: MeowMeow|Tinkaton, L50, F, shiny|100/100\n|-ability|p2b: MeowMeow|Mold Breaker\n|turn|4\n|\n|t:|1776226744\n|move|p1b: Floette|Protect|p1b: Floette\n|-singleturn|p1b: Floette|Protect\n|move|p2b: MeowMeow|Fake Out|p1b: Floette\n|-activate|p1b: Floette|move: Protect\n|move|p2a: Aerodactyl|Tailwind|p2a: Aerodactyl\n|-sidestart|p2: StrawberryBalloons|move: Tailwind\n|move|p1a: Sylveon|Hyper Voice|p2b: MeowMeow|[spread] p2a,p2b\n|-resisted|p2b: MeowMeow|1\n|-damage|p2a: Aerodactyl|20/100\n|-damage|p2b: MeowMeow|67/100\n|\n|upkeep\n|turn|5\n|\n|t:|1776226756\n|move|p2a: Aerodactyl|Dual Wingbeat|p1b: Floette\n|-damage|p1b: Floette|3/100\n|-crit|p1b: Floette\n|-damage|p1b: Floette|0 fnt\n|faint|p1b: Floette\n|-hitcount|p1: Floette|2\n|move|p2b: MeowMeow|Gigaton Hammer|p1a: Sylveon\n|-supereffective|p1a: Sylveon|1\n|-damage|p1a: Sylveon|0 fnt\n|faint|p1a: Sylveon\n|\n|win|StrawberryBalloons\n|raw|Houseplantish's rating: 1156 &rarr; <strong>1137</strong><br />(-19 for losing)\n|raw|StrawberryBalloons's rating: 1241 &rarr; <strong>1260</strong><br />(+19 for winning)\n|c|\u2606Houseplantish|gg\n|l|\u2606Houseplantish\n|player|p1|\n",
  "uploadtime": 1776226766,
  "views": 28,
  "formatid": "gen9championsvgc2026regma",
  "rating": 1137,
  "private": 0,
  "password": null
}