{
  "id": "gen9championsvgc2026regma-2587454893",
  "format": "[Gen 9 Champions] VGC 2026 Reg M-A",
  "players": [
    "no_zoroark",
    "PM77Switch"
  ],
  "log": "|j|\u2606no_zoroark\n|j|\u2606PM77Switch\n|t:|1776533233\n|gametype|doubles\n|player|p1|no_zoroark|1|1186\n|player|p2|PM77Switch|may-masters3|1204\n|gen|9\n|tier|[Gen 9 Champions] VGC 2026 Reg M-A\n|rated|\n|rule|Species Clause: Limit one of each Pok\u00e9mon\n|rule|Item Clause: Limit 1 of each item\n|clearpoke\n|poke|p1|Umbreon, L50, F, shiny|\n|poke|p1|Aggron, L50, F|\n|poke|p1|Sinistcha, L50|\n|poke|p1|Kangaskhan, L50, F|\n|poke|p1|Garchomp, L50, M|\n|poke|p1|Aerodactyl, L50, F|\n|poke|p2|Blastoise, L50, F|\n|poke|p2|Kingambit, L50, F|\n|poke|p2|Sneasler, L50, M|\n|poke|p2|Aerodactyl, L50, F|\n|poke|p2|Sinistcha, L50|\n|poke|p2|Incineroar, L50, F|\n|teampreview|4\n|\n|t:|1776533259\n|teamsize|p1|4\n|teamsize|p2|4\n|start\n|switch|p1a: Kangaskhan|Kangaskhan, L50, F|100/100\n|switch|p1b: Aggron|Aggron, L50, F|100/100\n|switch|p2a: Aerodactyl|Aerodactyl, L50, F|100/100\n|switch|p2b: Blastoise|Blastoise, L50, F|100/100\n|-ability|p2a: Aerodactyl|Unnerve\n|turn|1\n|\n|t:|1776533277\n|detailschange|p2b: Blastoise|Blastoise-Mega, L50, F\n|-mega|p2b: Blastoise|Blastoise|Blastoisinite\n|detailschange|p1b: Aggron|Aggron-Mega, L50, F\n|-mega|p1b: Aggron|Aggron|Aggronite\n|move|p2a: Aerodactyl|Protect|p2a: Aerodactyl\n|-singleturn|p2a: Aerodactyl|Protect\n|move|p2b: Blastoise|Protect|p2b: Blastoise\n|-singleturn|p2b: Blastoise|Protect\n|move|p1a: Kangaskhan|Fake Out|p2b: Blastoise\n|-activate|p2b: Blastoise|move: Protect\n|move|p1b: Aggron|Curse|p1b: Aggron\n|-unboost|p1b: Aggron|spe|1\n|-boost|p1b: Aggron|atk|1\n|-boost|p1b: Aggron|def|1\n|\n|upkeep\n|turn|2\n|\n|t:|1776533300\n|switch|p2a: Sinistcha|Sinistcha, L50|100/100\n|switch|p1a: Umbreon|Umbreon, L50, F, shiny|100/100\n|move|p2b: Blastoise|Aura Sphere|p1b: Aggron\n|-supereffective|p1b: Aggron|1\n|-damage|p1b: Aggron|42/100\n|move|p1b: Aggron|Curse|p1b: Aggron\n|-unboost|p1b: Aggron|spe|1\n|-boost|p1b: Aggron|atk|1\n|-boost|p1b: Aggron|def|1\n|\n|upkeep\n|turn|3\n|\n|t:|1776533317\n|switch|p2a: Sneasler|Sneasler, L50, M|100/100\n|move|p1b: Aggron|Protect|p1b: Aggron\n|-singleturn|p1b: Aggron|Protect\n|move|p2b: Blastoise|Aura Sphere|p1b: Aggron\n|-activate|p1b: Aggron|move: Protect\n|move|p1a: Umbreon|Snarl|p2a: Sneasler|[spread] p2a,p2b\n|-resisted|p2a: Sneasler|1\n|-damage|p2a: Sneasler|93/100\n|-damage|p2b: Blastoise|92/100\n|-unboost|p2a: Sneasler|spa|1\n|-unboost|p2b: Blastoise|spa|1\n|-enditem|p2a: Sneasler|White Herb\n|-clearnegativeboost|p2a: Sneasler|[silent]\n|\n|upkeep\n|turn|4\n|\n|t:|1776533338\n|switch|p1a: Sinistcha|Sinistcha, L50|100/100\n|-heal|p1b: Aggron|67/100|[from] ability: Hospitality|[of] p1a: Sinistcha\n|move|p2a: Sneasler|Fake Out|p1b: Aggron\n|-resisted|p1b: Aggron|1\n|-damage|p1b: Aggron|65/100\n|move|p2b: Blastoise|Aura Sphere|p1b: Aggron\n|-supereffective|p1b: Aggron|1\n|-damage|p1b: Aggron|29/100\n|cant|p1b: Aggron|flinch\n|\n|upkeep\n|turn|5\n|\n|t:|1776533359\n|switch|p2b: Sinistcha|Sinistcha, L50|100/100\n|-heal|p2a: Sneasler|100/100|[from] ability: Hospitality|[of] p2b: Sinistcha\n|move|p1b: Aggron|Protect|p1b: Aggron\n|-singleturn|p1b: Aggron|Protect\n|move|p2a: Sneasler|Dire Claw|p1a: Sinistcha\n|-damage|p1a: Sinistcha|63/100\n|move|p1a: Sinistcha|Trick Room|p1a: Sinistcha\n|-fieldstart|move: Trick Room|[of] p1a: Sinistcha\n|\n|upkeep\n|turn|6\n|\n|t:|1776533381\n|move|p1b: Aggron|Heavy Slam|p2a: Sneasler\n|-damage|p2a: Sneasler|0 fnt\n|faint|p2a: Sneasler\n|move|p2b: Sinistcha|Matcha Gotcha|p1b: Aggron|[spread] p1a,p1b\n|-resisted|p1a: Sinistcha|1\n|-resisted|p1b: Aggron|1\n|-damage|p1a: Sinistcha|49/100\n|-damage|p1b: Aggron|19/100\n|-enditem|p1a: Sinistcha|Sitrus Berry|[eat]\n|-heal|p1a: Sinistcha|74/100|[from] item: Sitrus Berry\n|move|p1a: Sinistcha|Life Dew|p1a: Sinistcha|[spread] p1a,p1b\n|-heal|p1a: Sinistcha|99/100\n|-heal|p1b: Aggron|44/100\n|\n|upkeep\n|\n|t:|1776533393\n|switch|p2a: Blastoise|Blastoise-Mega, L50, F|92/100\n|turn|7\n|\n|t:|1776533406\n|move|p2b: Sinistcha|Rage Powder|p2b: Sinistcha\n|-singleturn|p2b: Sinistcha|move: Rage Powder\n|move|p1b: Aggron|Heavy Slam|p2b: Sinistcha\n|-damage|p2b: Sinistcha|0 fnt\n|faint|p2b: Sinistcha\n|move|p1a: Sinistcha|Life Dew|p1a: Sinistcha|[spread] p1a,p1b\n|-heal|p1a: Sinistcha|100/100\n|-heal|p1b: Aggron|69/100\n|move|p2a: Blastoise|Water Spout|p1a: Sinistcha|[spread] p1a,p1b\n|-resisted|p1a: Sinistcha|1\n|-damage|p1a: Sinistcha|68/100\n|-damage|p1b: Aggron|25/100\n|\n|upkeep\n|\n|t:|1776533417\n|switch|p2b: Aerodactyl|Aerodactyl, L50, F|100/100\n|-ability|p2b: Aerodactyl|Unnerve\n|turn|8\n|\n|t:|1776533424\n|move|p2a: Blastoise|Protect|p2a: Blastoise\n|-singleturn|p2a: Blastoise|Protect\n|move|p1b: Aggron|Body Press|p2a: Blastoise\n|-activate|p2a: Blastoise|move: Protect\n|move|p1a: Sinistcha|Matcha Gotcha|p2a: Blastoise|[spread] p2b\n|-activate|p2a: Blastoise|move: Protect\n|-damage|p2b: Aerodactyl|57/100\n|-heal|p1a: Sinistcha|88/100|[from] drain|[of] p2b: Aerodactyl\n|move|p2b: Aerodactyl|Dual Wingbeat|p1a: Sinistcha\n|-supereffective|p1a: Sinistcha|1\n|-damage|p1a: Sinistcha|56/100\n|-supereffective|p1a: Sinistcha|1\n|-damage|p1a: Sinistcha|25/100\n|-hitcount|p1a: Sinistcha|2\n|\n|upkeep\n|turn|9\n|\n|t:|1776533444\n|move|p2a: Blastoise|Protect||[still]\n|-fail|p2a: Blastoise\n|move|p2b: Aerodactyl|Protect|p2b: Aerodactyl\n|-singleturn|p2b: Aerodactyl|Protect\n|move|p1b: Aggron|Body Press|p2a: Blastoise\n|-damage|p2a: Blastoise|31/100\n|move|p1a: Sinistcha|Matcha Gotcha|p2b: Aerodactyl|[spread] p2a\n|-activate|p2b: Aerodactyl|move: Protect\n|-supereffective|p2a: Blastoise|1\n|-damage|p2a: Blastoise|0 fnt\n|-heal|p1a: Sinistcha|40/100|[from] drain|[of] p2a: Blastoise\n|faint|p2a: Blastoise\n|\n|-fieldend|move: Trick Room\n|upkeep\n|turn|10\n|-message|PM77Switch forfeited.\n|\n|win|no_zoroark\n|raw|no_zoroark's rating: 1186 &rarr; <strong>1212</strong><br />(+26 for winning)\n|raw|PM77Switch's rating: 1204 &rarr; <strong>1178</strong><br />(-26 for losing)\n",
  "uploadtime": 1776533461,
  "views": 14,
  "formatid": "gen9championsvgc2026regma",
  "rating": 1178,
  "private": 0,
  "password": null
}