{
  "id": "gen9championsvgc2026regma-2582815399",
  "format": "[Gen 9 Champions] VGC 2026 Reg M-A",
  "players": [
    "jljlkk",
    "huvidragon"
  ],
  "log": "|j|\u2606jljlkk\n|j|\u2606huvidragon\n|t:|1776116217\n|gametype|doubles\n|player|p1|jljlkk|iris-gen5bw2|1135\n|player|p2|huvidragon|102|1108\n|gen|9\n|tier|[Gen 9 Champions] VGC 2026 Reg M-A\n|rated|\n|rule|Species Clause: Limit one of each Pok\u00e9mon\n|rule|Item Clause: Limit 1 of each item\n|clearpoke\n|poke|p1|Gengar, L50, F|\n|poke|p1|Incineroar, L50, F|\n|poke|p1|Sneasler, L50, M|\n|poke|p1|Whimsicott, L50, M|\n|poke|p1|Politoed, L50, F|\n|poke|p1|Basculegion, L50, M|\n|poke|p2|Charizard, L50, F|\n|poke|p2|Incineroar, L50, F|\n|poke|p2|Mamoswine, L50, M|\n|poke|p2|Whimsicott, L50, F|\n|poke|p2|Raichu, L50, M|\n|poke|p2|Kingambit, L50, F|\n|teampreview|4\n|\n|t:|1776116253\n|teamsize|p1|4\n|teamsize|p2|4\n|start\n|switch|p1a: Ghost|Gengar, L50, F|100/100\n|switch|p1b: Cat|Incineroar, L50, F|100/100\n|switch|p2a: Whimsicott|Whimsicott, L50, F|100/100\n|switch|p2b: Kingambit|Kingambit, L50, F|100/100\n|-ability|p1b: Cat|Intimidate|boost\n|-unboost|p2a: Whimsicott|atk|1\n|-unboost|p2b: Kingambit|atk|1\n|-ability|p2b: Kingambit|Defiant|boost\n|-boost|p2b: Kingambit|atk|2\n|turn|1\n|\n|t:|1776116274\n|switch|p2a: Charizard|Charizard, L50, F|100/100\n|detailschange|p1a: Ghost|Gengar-Mega, L50, F\n|-mega|p1a: Ghost|Gengar|Gengarite\n|move|p2b: Kingambit|Protect|p2b: Kingambit\n|-singleturn|p2b: Kingambit|Protect\n|move|p1a: Ghost|Perish Song|p1a: Ghost\n|-start|p1a: Ghost|perish3|[silent]\n|-start|p1b: Cat|perish3|[silent]\n|-start|p2a: Charizard|perish3|[silent]\n|-start|p2b: Kingambit|perish3|[silent]\n|-fieldactivate|move: Perish Song\n|move|p1b: Cat|Flare Blitz|p2a: Charizard\n|-resisted|p2a: Charizard|1\n|-damage|p2a: Charizard|68/100\n|-damage|p1b: Cat|92/100|[from] Recoil\n|\n|-start|p1a: Ghost|perish3\n|-start|p2a: Charizard|perish3\n|-start|p1b: Cat|perish3\n|-start|p2b: Kingambit|perish3\n|upkeep\n|turn|2\n|\n|t:|1776116305\n|switch|p1b: Frog|Politoed, L50, F|100/100\n|-weather|RainDance|[from] ability: Drizzle|[of] p1b: Frog\n|move|p1a: Ghost|Protect|p1a: Ghost\n|-singleturn|p1a: Ghost|Protect\n|move|p2a: Charizard|Protect|p2a: Charizard\n|-singleturn|p2a: Charizard|Protect\n|move|p2b: Kingambit|Swords Dance|p2b: Kingambit\n|-boost|p2b: Kingambit|atk|2\n|\n|-weather|RainDance|[upkeep]\n|-start|p1a: Ghost|perish2\n|-start|p2a: Charizard|perish2\n|-start|p2b: Kingambit|perish2\n|upkeep\n|turn|3\n|\n|t:|1776116327\n|switch|p1a: Cat|Incineroar, L50, F|92/100\n|-ability|p1a: Cat|Intimidate|boost\n|-unboost|p2a: Charizard|atk|1\n|-unboost|p2b: Kingambit|atk|1\n|-ability|p2b: Kingambit|Defiant|boost\n|-boost|p2b: Kingambit|atk|2\n|detailschange|p2a: Charizard|Charizard-Mega-Y, L50, F\n|-mega|p2a: Charizard|Charizard|Charizardite Y\n|-weather|SunnyDay|[from] ability: Drought|[of] p2a: Charizard\n|move|p2b: Kingambit|Sucker Punch||[still]\n|-fail|p2b: Kingambit\n|move|p2a: Charizard|Heat Wave|p1a: Cat|[spread] p1a,p1b\n|-resisted|p1a: Cat|1\n|-resisted|p1b: Frog|1\n|-damage|p1a: Cat|67/100\n|-damage|p1b: Frog|63/100\n|move|p1b: Frog|Weather Ball|p2a: Charizard\n|-resisted|p2a: Charizard|1\n|-damage|p2a: Charizard|44/100\n|\n|-weather|SunnyDay|[upkeep]\n|-start|p2a: Charizard|perish1\n|-start|p2b: Kingambit|perish1\n|upkeep\n|turn|4\n|\n|t:|1776116347\n|switch|p2a: Whimsicott|Whimsicott, L50, F|100/100\n|switch|p2b: Incineroar|Incineroar, L50, F|100/100\n|-ability|p2b: Incineroar|Intimidate|boost\n|-unboost|p1a: Cat|atk|1\n|-unboost|p1b: Frog|atk|1\n|move|p1b: Frog|Protect|p1b: Frog\n|-singleturn|p1b: Frog|Protect\n|move|p1a: Cat|Fake Out|p2b: Incineroar\n|-damage|p2b: Incineroar|93/100\n|\n|-weather|SunnyDay|[upkeep]\n|upkeep\n|turn|5\n|\n|t:|1776116374\n|move|p2a: Whimsicott|Tailwind|p2a: Whimsicott\n|-sidestart|p2: huvidragon|move: Tailwind\n|move|p2b: Incineroar|Parting Shot|p1a: Cat\n|-unboost|p1a: Cat|atk|1\n|-unboost|p1a: Cat|spa|1\n|\n|t:|1776116378\n|switch|p2b: Kingambit|Kingambit, L50, F|100/100|[from] Parting Shot\n|move|p1b: Frog|Weather Ball|p2a: Whimsicott\n|-supereffective|p2a: Whimsicott|1\n|-damage|p2a: Whimsicott|2/100\n|move|p1a: Cat|Parting Shot|p2b: Kingambit\n|-unboost|p2b: Kingambit|atk|1\n|-ability|p2b: Kingambit|Defiant|boost\n|-boost|p2b: Kingambit|atk|2\n|-unboost|p2b: Kingambit|spa|1\n|-ability|p2b: Kingambit|Defiant|boost\n|-boost|p2b: Kingambit|atk|2\n|\n|t:|1776116403\n|switch|p1a: Other Cat|Sneasler, L50, M|100/100|[from] Parting Shot\n|\n|-weather|SunnyDay|[upkeep]\n|upkeep\n|turn|6\n|\n|t:|1776116418\n|switch|p1b: Ghost|Gengar-Mega, L50, F|100/100\n|move|p2a: Whimsicott|Protect|p2a: Whimsicott\n|-singleturn|p2a: Whimsicott|Protect\n|move|p2b: Kingambit|Protect|p2b: Kingambit\n|-singleturn|p2b: Kingambit|Protect\n|move|p1a: Other Cat|Close Combat|p2b: Kingambit\n|-activate|p2b: Kingambit|move: Protect\n|\n|-weather|SunnyDay|[upkeep]\n|upkeep\n|turn|7\n|\n|t:|1776116443\n|move|p1b: Ghost|Protect|p1b: Ghost\n|-singleturn|p1b: Ghost|Protect\n|move|p2b: Kingambit|Sucker Punch|p1a: Other Cat\n|-resisted|p1a: Other Cat|1\n|-damage|p1a: Other Cat|17/100\n|move|p2a: Whimsicott|Moonblast|p1b: Ghost\n|-activate|p1b: Ghost|move: Protect\n|move|p1a: Other Cat|Close Combat|p2b: Kingambit\n|-supereffective|p2b: Kingambit|2\n|-damage|p2b: Kingambit|0 fnt\n|-unboost|p1a: Other Cat|def|1\n|-unboost|p1a: Other Cat|spd|1\n|faint|p2b: Kingambit\n|-enditem|p1a: Other Cat|White Herb\n|-clearnegativeboost|p1a: Other Cat|[silent]\n|\n|-weather|none\n|upkeep\n|\n|t:|1776116467\n|switch|p2b: Incineroar|Incineroar, L50, F|93/100\n|-ability|p2b: Incineroar|Intimidate|boost\n|-unboost|p1a: Other Cat|atk|1\n|-unboost|p1b: Ghost|atk|1\n|turn|8\n|\n|t:|1776116477\n|move|p1a: Other Cat|Protect|p1a: Other Cat\n|-singleturn|p1a: Other Cat|Protect\n|move|p2b: Incineroar|Fake Out|p1a: Other Cat\n|-activate|p1a: Other Cat|move: Protect\n|move|p2a: Whimsicott|Moonblast|p1a: Other Cat\n|-activate|p1a: Other Cat|move: Protect\n|move|p1b: Ghost|Shadow Ball|p2a: Whimsicott\n|-crit|p2a: Whimsicott\n|-damage|p2a: Whimsicott|0 fnt\n|faint|p2a: Whimsicott\n|\n|-sideend|p2: huvidragon|move: Tailwind\n|upkeep\n|\n|t:|1776116489\n|switch|p2a: Charizard|Charizard-Mega-Y, L50, F|44/100\n|-weather|SunnyDay|[from] ability: Drought|[of] p2a: Charizard\n|turn|9\n|\n|t:|1776116499\n|switch|p1a: Frog|Politoed, L50, F|63/100\n|-weather|RainDance|[from] ability: Drizzle|[of] p1a: Frog\n|move|p2a: Charizard|Protect|p2a: Charizard\n|-singleturn|p2a: Charizard|Protect\n|move|p1b: Ghost|Thunder|p2a: Charizard\n|-activate|p2a: Charizard|move: Protect\n|move|p2b: Incineroar|Flare Blitz|p1a: Frog\n|-resisted|p1a: Frog|1\n|-damage|p1a: Frog|51/100\n|-damage|p2b: Incineroar|90/100|[from] Recoil\n|\n|-weather|RainDance|[upkeep]\n|upkeep\n|turn|10\n|\n|t:|1776116519\n|move|p2b: Incineroar|Helping Hand|p2a: Charizard\n|-singleturn|p2a: Charizard|Helping Hand|[of] p2b: Incineroar\n|move|p1b: Ghost|Thunder|p2a: Charizard\n|-supereffective|p2a: Charizard|1\n|-damage|p2a: Charizard|0 fnt\n|faint|p2a: Charizard\n|move|p1a: Frog|Weather Ball|p2b: Incineroar\n|-supereffective|p2b: Incineroar|1\n|-damage|p2b: Incineroar|0 fnt\n|faint|p2b: Incineroar\n|\n|win|jljlkk\n|raw|jljlkk's rating: 1135 &rarr; <strong>1158</strong><br />(+23 for winning)\n|raw|huvidragon's rating: 1108 &rarr; <strong>1085</strong><br />(-23 for losing)\n|l|\u2606huvidragon\n|player|p2|\n",
  "uploadtime": 1776116545,
  "views": 16,
  "formatid": "gen9championsvgc2026regma",
  "rating": 1085,
  "private": 0,
  "password": null
}