{
  "id": "gen9championsvgc2026regma-2580784428",
  "format": "[Gen 9 Champions] VGC 2026 Reg M-A",
  "players": [
    "torebi",
    "walking wake woat"
  ],
  "log": "|j|\u2606torebi\n|j|\u2606walking wake woat\n|t:|1775932222\n|gametype|doubles\n|player|p1|torebi|265|1088\n|player|p2|walking wake woat|1|1033\n|gen|9\n|tier|[Gen 9 Champions] VGC 2026 Reg M-A\n|rated|\n|rule|Species Clause: Limit one of each Pok\u00e9mon\n|rule|Item Clause: Limit 1 of each item\n|clearpoke\n|poke|p1|Chandelure, L50, F|\n|poke|p1|Vanilluxe, L50, F|\n|poke|p1|Aegislash, L50, M|\n|poke|p1|Clawitzer, L50, M|\n|poke|p1|Farigiraf, L50, M|\n|poke|p1|Kangaskhan, L50, F|\n|poke|p2|Oranguru, L50, M|\n|poke|p2|Torkoal, L50, M|\n|poke|p2|Clefable, L50, F|\n|poke|p2|Kingambit, L50, F|\n|poke|p2|Tsareena, L50, F|\n|poke|p2|Incineroar, L50, M|\n|teampreview|4\n|\n|t:|1775932248\n|teamsize|p1|4\n|teamsize|p2|4\n|start\n|switch|p1a: Clawitzer|Clawitzer, L50, M|100/100\n|switch|p1b: Chandelure|Chandelure, L50, F|100/100\n|switch|p2a: Oranguru|Oranguru, L50, M|100/100\n|switch|p2b: Incineroar|Incineroar, L50, M|100/100\n|turn|1\n|\n|t:|1775932269\n|detailschange|p1b: Chandelure|Chandelure-Mega, L50, F\n|-mega|p1b: Chandelure|Chandelure|Chandelurite\n|move|p2b: Incineroar|Fake Out|p1a: Clawitzer\n|-damage|p1a: Clawitzer|84/100\n|move|p1b: Chandelure|Shadow Ball|p2a: Oranguru\n|-immune|p2a: Oranguru\n|cant|p1a: Clawitzer|flinch\n|move|p2a: Oranguru|Trick Room|p2a: Oranguru\n|-fieldstart|move: Trick Room|[of] p2a: Oranguru\n|\n|upkeep\n|turn|2\n|\n|t:|1775932294\n|move|p2b: Incineroar|Darkest Lariat|p1b: Chandelure\n|-supereffective|p1b: Chandelure|1\n|-damage|p1b: Chandelure|7/100\n|move|p2a: Oranguru|Psychic|p1a: Clawitzer\n|-damage|p1a: Clawitzer|56/100\n|move|p1a: Clawitzer|Water Pulse|p2b: Incineroar\n|-supereffective|p2b: Incineroar|1\n|-crit|p2b: Incineroar\n|-damage|p2b: Incineroar|0 fnt\n|faint|p2b: Incineroar\n|move|p1b: Chandelure|Calm Mind|p1b: Chandelure\n|-boost|p1b: Chandelure|spa|1\n|-boost|p1b: Chandelure|spd|1\n|\n|upkeep\n|\n|t:|1775932305\n|switch|p2b: Torkoal|Torkoal, L50, M|100/100\n|turn|3\n|\n|t:|1775932317\n|move|p1b: Chandelure|Protect|p1b: Chandelure\n|-singleturn|p1b: Chandelure|Protect\n|move|p2b: Torkoal|Eruption|p1a: Clawitzer|[spread] p1a\n|-activate|p1b: Chandelure|move: Protect\n|-resisted|p1a: Clawitzer|1\n|-damage|p1a: Clawitzer|25/100\n|-enditem|p1a: Clawitzer|Sitrus Berry|[eat]\n|-heal|p1a: Clawitzer|50/100|[from] item: Sitrus Berry\n|move|p2a: Oranguru|Instruct|p2b: Torkoal\n|-singleturn|p2b: Torkoal|move: Instruct|[of] p2a: Oranguru\n|move|p2b: Torkoal|Eruption|p1a: Clawitzer|[spread] p1a\n|-activate|p1b: Chandelure|move: Protect\n|-resisted|p1a: Clawitzer|1\n|-damage|p1a: Clawitzer|23/100\n|move|p1a: Clawitzer|Water Pulse|p2a: Oranguru\n|-damage|p2a: Oranguru|65/100\n|\n|upkeep\n|turn|4\n|\n|t:|1775932340\n|move|p1a: Clawitzer|Protect|p1a: Clawitzer\n|-singleturn|p1a: Clawitzer|Protect\n|move|p2b: Torkoal|Eruption|p1a: Clawitzer|[spread] p1b\n|-activate|p1a: Clawitzer|move: Protect\n|-resisted|p1b: Chandelure|1\n|-damage|p1b: Chandelure|0 fnt\n|faint|p1b: Chandelure\n|move|p2a: Oranguru|Instruct|p2b: Torkoal\n|-singleturn|p2b: Torkoal|move: Instruct|[of] p2a: Oranguru\n|move|p2b: Torkoal|Eruption|p1a: Clawitzer\n|-activate|p1a: Clawitzer|move: Protect\n|\n|upkeep\n|\n|t:|1775932355\n|switch|p1b: Farigiraf|Farigiraf, L50, M|100/100\n|turn|5\n|\n|t:|1775932366\n|move|p1b: Farigiraf|Helping Hand|p1a: Clawitzer\n|-singleturn|p1a: Clawitzer|Helping Hand|[of] p1b: Farigiraf\n|move|p2b: Torkoal|Eruption|p1a: Clawitzer|[spread] p1a,p1b\n|-resisted|p1a: Clawitzer|1\n|-damage|p1a: Clawitzer|0 fnt\n|-damage|p1b: Farigiraf|51/100\n|faint|p1a: Clawitzer\n|move|p2a: Oranguru|Instruct|p2b: Torkoal\n|-singleturn|p2b: Torkoal|move: Instruct|[of] p2a: Oranguru\n|move|p2b: Torkoal|Eruption|p1b: Farigiraf\n|-crit|p1b: Farigiraf\n|-damage|p1b: Farigiraf|0 fnt\n|faint|p1b: Farigiraf\n|\n|-fieldend|move: Trick Room\n|upkeep\n|\n|t:|1775932373\n|switch|p1b: Vanilluxe|Vanilluxe, L50, F|100/100\n|-weather|Snowscape|[from] ability: Snow Warning|[of] p1b: Vanilluxe\n|turn|6\n|\n|t:|1775932383\n|move|p1b: Vanilluxe|Blizzard|p2a: Oranguru|[spread] p2a,p2b\n|-resisted|p2b: Torkoal|1\n|-damage|p2a: Oranguru|31/100\n|-damage|p2b: Torkoal|75/100\n|-status|p2a: Oranguru|frz\n|cant|p2a: Oranguru|frz\n|move|p2b: Torkoal|Eruption|p1b: Vanilluxe\n|-supereffective|p1b: Vanilluxe|1\n|-damage|p1b: Vanilluxe|0 fnt\n|faint|p1b: Vanilluxe\n|\n|win|walking wake woat\n|raw|torebi's rating: 1088 &rarr; <strong>1061</strong><br />(-27 for losing)\n|raw|walking wake woat's rating: 1033 &rarr; <strong>1074</strong><br />(+41 for winning)\n|l|\u2606torebi\n|player|p1|\n",
  "uploadtime": 1775932387,
  "views": 12,
  "formatid": "gen9championsvgc2026regma",
  "rating": 1061,
  "private": 0,
  "password": null
}