{
  "id": "gen9championsvgc2026regma-2584124324",
  "format": "[Gen 9 Champions] VGC 2026 Reg M-A",
  "players": [
    "yousodfusoh",
    "nome777"
  ],
  "log": "|j|\u2606yousodfusoh\n|j|\u2606nome777\n|t:|1776227824\n|gametype|doubles\n|player|p1|yousodfusoh|102|1207\n|player|p2|nome777|bill|1255\n|gen|9\n|tier|[Gen 9 Champions] VGC 2026 Reg M-A\n|rated|\n|rule|Species Clause: Limit one of each Pok\u00e9mon\n|rule|Item Clause: Limit 1 of each item\n|clearpoke\n|poke|p1|Delphox, L50, M|\n|poke|p1|Basculegion, L50, M|\n|poke|p1|Clefable, L50, M|\n|poke|p1|Kingambit, L50, M|\n|poke|p1|Dragonite, L50, F|\n|poke|p1|Sneasler, L50, F|\n|poke|p2|Floette-Eternal, L50, F|\n|poke|p2|Whimsicott, L50, M|\n|poke|p2|Incineroar, L50, F|\n|poke|p2|Charizard, L50, M|\n|poke|p2|Garchomp, L50, F|\n|poke|p2|Milotic, L50, F|\n|teampreview|4\n|j| KAKERUU\n|\n|t:|1776227852\n|teamsize|p1|4\n|teamsize|p2|4\n|start\n|switch|p1a: Basculegion|Basculegion, L50, M|100/100\n|switch|p1b: Sneasler|Sneasler, L50, F|100/100\n|switch|p2a: Floette|Floette-Eternal, L50, F|100/100\n|switch|p2b: Garchomp|Garchomp, L50, F|100/100\n|turn|1\n|\n|t:|1776227886\n|move|p2b: Garchomp|Protect|p2b: Garchomp\n|-singleturn|p2b: Garchomp|Protect\n|move|p2a: Floette|Protect|p2a: Floette\n|-singleturn|p2a: Floette|Protect\n|move|p1a: Basculegion|Wave Crash|p2b: Garchomp\n|-activate|p2b: Garchomp|move: Protect\n|move|p1b: Sneasler|Dire Claw|p2a: Floette\n|-activate|p2a: Floette|move: Protect\n|\n|upkeep\n|turn|2\n|\n|t:|1776227914\n|switch|p2a: Incineroar|Incineroar, L50, F|100/100\n|-ability|p2a: Incineroar|Intimidate|boost\n|-unboost|p1a: Basculegion|atk|1\n|-unboost|p1b: Sneasler|atk|1\n|move|p1a: Basculegion|Wave Crash|p2b: Garchomp\n|-damage|p2b: Garchomp|45/100\n|-damage|p1a: Basculegion|88/100|[from] ability: Rough Skin|[of] p2b: Garchomp\n|-damage|p1a: Basculegion|71/100|[from] Recoil\n|move|p1b: Sneasler|Dire Claw|p2a: Incineroar\n|-damage|p2a: Incineroar|73/100\n|-status|p2a: Incineroar|par\n|move|p2b: Garchomp|Rock Slide|p1a: Basculegion|[spread] p1a,p1b\n|-resisted|p1b: Sneasler|1\n|-damage|p1a: Basculegion|45/100\n|-damage|p1b: Sneasler|83/100\n|\n|-heal|p2a: Incineroar|79/100 par|[from] item: Leftovers\n|upkeep\n|turn|3\n|\n|t:|1776227937\n|move|p1b: Sneasler|Protect|p1b: Sneasler\n|-singleturn|p1b: Sneasler|Protect\n|move|p2b: Garchomp|Protect|p2b: Garchomp\n|-singleturn|p2b: Garchomp|Protect\n|move|p1a: Basculegion|Wave Crash|p2a: Incineroar\n|-supereffective|p2a: Incineroar|1\n|-damage|p2a: Incineroar|0 fnt\n|faint|p2a: Incineroar\n|-damage|p1a: Basculegion|19/100|[from] Recoil\n|\n|upkeep\n|\n|t:|1776227946\n|switch|p2a: Whimsicott|Whimsicott, L50, M, shiny|100/100\n|turn|4\n|inactive|Battle timer is ON: inactive players will automatically lose when time's up. (requested by nome777)\n|\n|t:|1776227966\n|switch|p1b: Clefable|Clefable, L50, M|100/100\n|move|p2a: Whimsicott|Tailwind|p2a: Whimsicott\n|-sidestart|p2: nome777|move: Tailwind\n|move|p2b: Garchomp|Earthquake|p1a: Basculegion|[spread] p2a,p1a,p1b\n|-resisted|p2a: Whimsicott|1\n|-damage|p2a: Whimsicott|82/100\n|-damage|p1a: Basculegion|0 fnt\n|-damage|p1b: Clefable|72/100\n|faint|p1a: Basculegion\n|\n|upkeep\n|\n|t:|1776227977\n|switch|p1a: Delphox|Delphox, L50, M|100/100\n|turn|5\n|inactive|nome777 has 30 seconds left.\n|inactive|nome777 has 20 seconds left.\n|inactive|nome777 has 15 seconds left.\n|inactive|nome777 has 10 seconds left.\n|\n|t:|1776228025\n|detailschange|p1a: Delphox|Delphox-Mega, L50, M\n|-mega|p1a: Delphox|Delphox|Delphoxite\n|move|p2a: Whimsicott|Helping Hand|p2b: Garchomp\n|-singleturn|p2b: Garchomp|Helping Hand|[of] p2a: Whimsicott\n|move|p1a: Delphox|Protect|p1a: Delphox\n|-singleturn|p1a: Delphox|Protect\n|move|p2b: Garchomp|Rock Slide|p1b: Clefable|[spread] p1b\n|-activate|p1a: Delphox|move: Protect\n|-damage|p1b: Clefable|50/100\n|-enditem|p1b: Clefable|Sitrus Berry|[eat]\n|-heal|p1b: Clefable|75/100|[from] item: Sitrus Berry\n|move|p1b: Clefable|Moonblast|p2b: Garchomp\n|-supereffective|p2b: Garchomp|1\n|-damage|p2b: Garchomp|0 fnt\n|faint|p2b: Garchomp\n|\n|upkeep\n|\n|t:|1776228032\n|switch|p2b: Floette|Floette-Eternal, L50, F|100/100\n|turn|6\n|l| KAKERUU\n|\n|t:|1776228052\n|switch|p1a: Sneasler|Sneasler, L50, F|83/100\n|detailschange|p2b: Floette|Floette-Mega, L50, F\n|-mega|p2b: Floette|Floette|Floettite\n|-ability|p2b: Floette|Fairy Aura\n|move|p2a: Whimsicott|Helping Hand|p2b: Floette\n|-singleturn|p2b: Floette|Helping Hand|[of] p2a: Whimsicott\n|move|p1b: Clefable|Protect|p1b: Clefable\n|-singleturn|p1b: Clefable|Protect\n|move|p2b: Floette|Moonblast|p1a: Sneasler\n|-damage|p1a: Sneasler|0 fnt\n|faint|p1a: Sneasler\n|\n|upkeep\n|\n|t:|1776228067\n|switch|p1a: Delphox|Delphox-Mega, L50, M|100/100\n|turn|7\n|\n|t:|1776228078\n|move|p2a: Whimsicott|Helping Hand|p2b: Floette\n|-singleturn|p2b: Floette|Helping Hand|[of] p2a: Whimsicott\n|move|p1a: Delphox|Protect|p1a: Delphox\n|-singleturn|p1a: Delphox|Protect\n|move|p2b: Floette|Moonblast|p1b: Clefable\n|-damage|p1b: Clefable|0 fnt\n|faint|p1b: Clefable\n|\n|-sideend|p2: nome777|move: Tailwind\n|upkeep\n|turn|8\n|\n|t:|1776228091\n|move|p2a: Whimsicott|Tailwind|p2a: Whimsicott\n|-sidestart|p2: nome777|move: Tailwind\n|move|p2b: Floette|Moonblast|p1a: Delphox\n|-resisted|p1a: Delphox|1\n|-damage|p1a: Delphox|60/100\n|move|p1a: Delphox|Heat Wave|p2a: Whimsicott|[spread] p2a,p2b\n|-supereffective|p2a: Whimsicott|1\n|-damage|p2a: Whimsicott|0 fnt\n|-damage|p2b: Floette|66/100\n|faint|p2a: Whimsicott\n|\n|upkeep\n|turn|9\n|\n|t:|1776228113\n|move|p1a: Delphox|Protect|p1a: Delphox\n|-singleturn|p1a: Delphox|Protect\n|move|p2b: Floette|Moonblast|p1a: Delphox\n|-activate|p1a: Delphox|move: Protect\n|\n|upkeep\n|turn|10\n|inactive|nome777 has 30 seconds left.\n|\n|t:|1776228142\n|move|p2b: Floette|Moonblast|p1a: Delphox\n|-resisted|p1a: Delphox|1\n|-damage|p1a: Delphox|26/100\n|move|p1a: Delphox|Psychic|p2b: Floette\n|-damage|p2b: Floette|20/100\n|\n|upkeep\n|turn|11\n|\n|t:|1776228151\n|move|p1a: Delphox|Protect|p1a: Delphox\n|-singleturn|p1a: Delphox|Protect\n|move|p2b: Floette|Moonblast|p1a: Delphox\n|-activate|p1a: Delphox|move: Protect\n|\n|-sideend|p2: nome777|move: Tailwind\n|upkeep\n|turn|12\n|\n|t:|1776228159\n|move|p1a: Delphox|Psychic|p2b: Floette\n|-damage|p2b: Floette|0 fnt\n|faint|p2b: Floette\n|\n|win|yousodfusoh\n|raw|yousodfusoh's rating: 1207 &rarr; <strong>1235</strong><br />(+28 for winning)\n|raw|nome777's rating: 1255 &rarr; <strong>1227</strong><br />(-28 for losing)\n|l|\u2606nome777\n|player|p2|\n|c|\u2606yousodfusoh|gg\n",
  "uploadtime": 1776228173,
  "views": 27,
  "formatid": "gen9championsvgc2026regma",
  "rating": 1227,
  "private": 0,
  "password": null
}