{
  "id": "gen9championsvgc2026regma-2582574723",
  "format": "[Gen 9 Champions] VGC 2026 Reg M-A",
  "players": [
    "fatlip",
    "pkmnchmpsdrftd"
  ],
  "log": "|j|\u2606fatlip\n|j|\u2606pkmnchmpsdrftd\n|t:|1776100304\n|gametype|doubles\n|player|p1|fatlip|102|1113\n|player|p2|pkmnchmpsdrftd|unknown|1190\n|gen|9\n|tier|[Gen 9 Champions] VGC 2026 Reg M-A\n|rated|\n|rule|Species Clause: Limit one of each Pok\u00e9mon\n|rule|Item Clause: Limit 1 of each item\n|clearpoke\n|poke|p1|Tsareena, L50, F|\n|poke|p1|Lopunny, L50, F|\n|poke|p1|Sinistcha, L50|\n|poke|p1|Hydreigon, L50, M|\n|poke|p1|Rotom-Wash, L50|\n|poke|p1|Gardevoir, L50, F|\n|poke|p2|Blastoise, L50, F|\n|poke|p2|Orthworm, L50, M|\n|poke|p2|Incineroar, L50, M|\n|poke|p2|Tyranitar, L50, F|\n|poke|p2|Pelipper, L50, F|\n|poke|p2|Sinistcha, L50|\n|teampreview|4\n|inactive|Battle timer is ON: inactive players will automatically lose when time's up. (requested by pkmnchmpsdrftd)\n|\n|t:|1776100368\n|teamsize|p1|4\n|teamsize|p2|4\n|start\n|switch|p1a: Sinistcha|Sinistcha, L50|100/100\n|switch|p1b: Hydreigon|Hydreigon, L50, M|100/100\n|switch|p2a: Orthworm|Orthworm, L50, M|100/100\n|switch|p2b: Sinistcha|Sinistcha, L50|100/100\n|turn|1\n|inactive|fatlip has 30 seconds left.\n|\n|t:|1776100395\n|switch|p1a: Lopunny|Lopunny, L50, F|100/100\n|move|p2b: Sinistcha|Protect|p2b: Sinistcha\n|-singleturn|p2b: Sinistcha|Protect\n|move|p2a: Orthworm|Protect|p2a: Orthworm\n|-singleturn|p2a: Orthworm|Protect\n|move|p1b: Hydreigon|Focus Energy|p1b: Hydreigon\n|-start|p1b: Hydreigon|move: Focus Energy\n|\n|upkeep\n|turn|2\n|\n|t:|1776100413\n|detailschange|p1a: Lopunny|Lopunny-Mega, L50, F\n|-mega|p1a: Lopunny|Lopunny|Lopunnite\n|move|p1a: Lopunny|Fake Out|p2a: Orthworm\n|-resisted|p2a: Orthworm|1\n|-damage|p2a: Orthworm|93/100\n|move|p2b: Sinistcha|Rage Powder|p2b: Sinistcha\n|-singleturn|p2b: Sinistcha|move: Rage Powder\n|move|p1b: Hydreigon|Draco Meteor|p2b: Sinistcha\n|-crit|p2b: Sinistcha\n|-damage|p2b: Sinistcha|19/100\n|-unboost|p1b: Hydreigon|spa|2\n|cant|p2a: Orthworm|flinch\n|\n|upkeep\n|turn|3\n|inactive|fatlip has 30 seconds left.\n|\n|t:|1776100446\n|move|p2b: Sinistcha|Rage Powder|p2b: Sinistcha\n|-singleturn|p2b: Sinistcha|move: Rage Powder\n|move|p1a: Lopunny|Drain Punch|p2b: Sinistcha\n|-damage|p2b: Sinistcha|0 fnt\n|faint|p2b: Sinistcha\n|move|p1b: Hydreigon|Draco Meteor|p2a: Orthworm\n|-resisted|p2a: Orthworm|1\n|-crit|p2a: Orthworm\n|-damage|p2a: Orthworm|47/100\n|-unboost|p1b: Hydreigon|spa|2\n|-enditem|p2a: Orthworm|Sitrus Berry|[eat]\n|-heal|p2a: Orthworm|72/100|[from] item: Sitrus Berry\n|move|p2a: Orthworm|Shed Tail|p2a: Orthworm\n|-start|p2a: Orthworm|Substitute|[from] move: Shed Tail\n|-damage|p2a: Orthworm|22/100\n|\n|t:|1776100459\n|switch|p2a: Blastoise|Blastoise, L50, F|100/100|[from] Shed Tail\n|\n|upkeep\n|\n|t:|1776100469\n|switch|p2b: Orthworm|Orthworm, L50, M|22/100\n|turn|4\n|\n|t:|1776100487\n|detailschange|p2a: Blastoise|Blastoise-Mega, L50, F\n|-mega|p2a: Blastoise|Blastoise|Blastoisinite\n|move|p1a: Lopunny|Drain Punch|p2b: Orthworm\n|-supereffective|p2b: Orthworm|1\n|-damage|p2b: Orthworm|0 fnt\n|faint|p2b: Orthworm\n|move|p1b: Hydreigon|Draco Meteor|p2a: Blastoise\n|-crit|p2a: Blastoise\n|-end|p2a: Blastoise|Substitute\n|-unboost|p1b: Hydreigon|spa|2\n|move|p2a: Blastoise|Shell Smash|p2a: Blastoise\n|-unboost|p2a: Blastoise|def|1\n|-unboost|p2a: Blastoise|spd|1\n|-boost|p2a: Blastoise|atk|2\n|-boost|p2a: Blastoise|spa|2\n|-boost|p2a: Blastoise|spe|2\n|\n|upkeep\n|\n|t:|1776100493\n|switch|p2b: Pelipper|Pelipper, L50, F|100/100\n|-weather|RainDance|[from] ability: Drizzle|[of] p2b: Pelipper\n|turn|5\n|inactive|pkmnchmpsdrftd has 30 seconds left.\n|\n|t:|1776100525\n|switch|p1a: Sinistcha|Sinistcha, L50|100/100\n|move|p2a: Blastoise|Dragon Pulse|p1b: Hydreigon\n|-supereffective|p1b: Hydreigon|1\n|-damage|p1b: Hydreigon|0 fnt\n|faint|p1b: Hydreigon\n|move|p2b: Pelipper|Hurricane|p1a: Sinistcha\n|-supereffective|p1a: Sinistcha|1\n|-damage|p1a: Sinistcha|43/100\n|-enditem|p1a: Sinistcha|Sitrus Berry|[eat]\n|-heal|p1a: Sinistcha|68/100|[from] item: Sitrus Berry\n|\n|-weather|RainDance|[upkeep]\n|upkeep\n|\n|t:|1776100536\n|switch|p1b: Lopunny|Lopunny-Mega, L50, F|100/100\n|turn|6\n|\n|t:|1776100557\n|move|p1b: Lopunny|Fake Out|p2a: Blastoise\n|-damage|p2a: Blastoise|68/100\n|cant|p2a: Blastoise|flinch\n|move|p2b: Pelipper|Hurricane|p1b: Lopunny\n|-supereffective|p1b: Lopunny|1\n|-damage|p1b: Lopunny|22/100\n|-start|p1b: Lopunny|confusion\n|move|p1a: Sinistcha|Matcha Gotcha|p2b: Pelipper|[spread] p2b\n|-miss|p1a: Sinistcha|p2a: Blastoise\n|-damage|p2b: Pelipper|55/100\n|-heal|p1a: Sinistcha|86/100|[from] drain|[of] p2b: Pelipper\n|\n|-weather|RainDance|[upkeep]\n|upkeep\n|turn|7\n|inactive|pkmnchmpsdrftd has 30 seconds left.\n|inactive|pkmnchmpsdrftd has 20 seconds left.\n|\n|t:|1776100593\n|-activate|p1b: Lopunny|confusion\n|move|p1b: Lopunny|Protect|p1b: Lopunny\n|-singleturn|p1b: Lopunny|Protect\n|move|p2a: Blastoise|Water Spout|p1b: Lopunny|[spread] p1a\n|-activate|p1b: Lopunny|move: Protect\n|-resisted|p1a: Sinistcha|1\n|-damage|p1a: Sinistcha|24/100\n|move|p2b: Pelipper|Hurricane|p1a: Sinistcha\n|-supereffective|p1a: Sinistcha|1\n|-damage|p1a: Sinistcha|0 fnt\n|faint|p1a: Sinistcha\n|\n|-weather|RainDance|[upkeep]\n|upkeep\n|\n|t:|1776100605\n|switch|p1a: Tsareena|Tsareena, L50, F|100/100\n|turn|8\n|\n|t:|1776100628\n|move|p2a: Blastoise|Water Spout|p1b: Lopunny|[spread] p1a,p1b\n|-resisted|p1a: Tsareena|1\n|-damage|p1a: Tsareena|39/100\n|-damage|p1b: Lopunny|0 fnt\n|faint|p1b: Lopunny\n|move|p1a: Tsareena|Trop Kick|p2a: Blastoise\n|-supereffective|p2a: Blastoise|1\n|-damage|p2a: Blastoise|0 fnt\n|faint|p2a: Blastoise\n|move|p2b: Pelipper|Tailwind|p2b: Pelipper\n|-sidestart|p2: pkmnchmpsdrftd|move: Tailwind\n|\n|-weather|RainDance|[upkeep]\n|upkeep\n|turn|9\n|\n|t:|1776100641\n|move|p2b: Pelipper|Hurricane|p1a: Tsareena\n|-supereffective|p1a: Tsareena|1\n|-damage|p1a: Tsareena|0 fnt\n|faint|p1a: Tsareena\n|\n|win|pkmnchmpsdrftd\n|raw|fatlip's rating: 1113 &rarr; <strong>1093</strong><br />(-20 for losing)\n|raw|pkmnchmpsdrftd's rating: 1190 &rarr; <strong>1210</strong><br />(+20 for winning)\n|c|\u2606pkmnchmpsdrftd|gg\n|l|\u2606fatlip\n|player|p1|\n",
  "uploadtime": 1776100649,
  "views": 10,
  "formatid": "gen9championsvgc2026regma",
  "rating": 1093,
  "private": 0,
  "password": null
}