{
  "id": "gen9championsvgc2026regma-2585117919",
  "format": "[Gen 9 Champions] VGC 2026 Reg M-A",
  "players": [
    "colfox",
    "aquatail4567"
  ],
  "log": "|j|\u203dcolfox\n|j|\u2606aquatail4567\n|t:|1776313830\n|gametype|doubles\n|player|p1|colfox|1|1247\n|player|p2|aquatail4567|169|1165\n|gen|9\n|tier|[Gen 9 Champions] VGC 2026 Reg M-A\n|rated|\n|rule|Species Clause: Limit one of each Pok\u00e9mon\n|rule|Item Clause: Limit 1 of each item\n|clearpoke\n|poke|p1|Sylveon, L50, F|\n|poke|p1|Garchomp, L50, M|\n|poke|p1|Milotic, L50, M|\n|poke|p1|Ninetales, L50, F|\n|poke|p1|Raichu, L50, F|\n|poke|p1|Scizor, L50, F|\n|poke|p2|Starmie, L50|\n|poke|p2|Tauros-Paldea-Blaze, L50, M|\n|poke|p2|Pelipper, L50, F|\n|poke|p2|Basculegion, L50, M|\n|poke|p2|Torkoal, L50, M|\n|poke|p2|Mimikyu, L50, M|\n|teampreview|4\n|inactive|Battle timer is ON: inactive players will automatically lose when time's up. (requested by aquatail4567)\n|inactive|colfox has 60 seconds left.\naquatail4567 has agreed to open team sheets.\n|inactive|colfox has 30 seconds left.\n|\n|t:|1776313897\n|teamsize|p1|4\n|teamsize|p2|4\n|start\n|switch|p1a: Milotic|Milotic, L50, M|100/100\n|switch|p1b: Raichu|Raichu, L50, F|100/100\n|switch|p2a: Starmie|Starmie, L50|100/100\n|switch|p2b: Tauros|Tauros-Paldea-Blaze, L50, M|100/100\n|-ability|p2b: Tauros|Intimidate|boost\n|-unboost|p1a: Milotic|atk|1\n|-ability|p1a: Milotic|Competitive|boost\n|-boost|p1a: Milotic|spa|2\n|-unboost|p1b: Raichu|atk|1\n|turn|1\n|inactive|colfox has 30 seconds left.\n|inactive|aquatail4567 has 30 seconds left.\n|\n|t:|1776313929\n|detailschange|p2a: Starmie|Starmie-Mega, L50\n|-mega|p2a: Starmie|Starmie|Starminite\n|move|p1b: Raichu|Fake Out|p2b: Tauros\n|-damage|p2b: Tauros|97/100\n|move|p2a: Starmie|Zen Headbutt|p1a: Milotic\n|-damage|p1a: Milotic|25/100\n|cant|p2b: Tauros|flinch\n|move|p1a: Milotic|Icy Wind|p2a: Starmie|[spread] p2a,p2b\n|-resisted|p2a: Starmie|1\n|-resisted|p2b: Tauros|1\n|-damage|p2a: Starmie|83/100\n|-damage|p2b: Tauros|81/100\n|-unboost|p2a: Starmie|spe|1\n|-unboost|p2b: Tauros|spe|1\n|\n|upkeep\n|turn|2\n|inactive|aquatail4567 has 30 seconds left.\n|\n|t:|1776313956\n|move|p1b: Raichu|Volt Switch|p2a: Starmie\n|-supereffective|p2a: Starmie|1\n|-damage|p2a: Starmie|4/100\n|\n|t:|1776313960\n|switch|p1b: Sylveon|Sylveon, L50, F|100/100|[from] Volt Switch\n|move|p2a: Starmie|Zen Headbutt|p1a: Milotic\n|-damage|p1a: Milotic|0 fnt\n|faint|p1a: Milotic\n|move|p2b: Tauros|Body Press|p1b: Sylveon\n|-resisted|p1b: Sylveon|1\n|-damage|p1b: Sylveon|77/100\n|\n|upkeep\n|\n|t:|1776313972\n|switch|p1a: Raichu|Raichu, L50, F|100/100\n|turn|3\n|\n|t:|1776313993\n|move|p2a: Starmie|Protect|p2a: Starmie\n|-singleturn|p2a: Starmie|Protect\n|move|p1a: Raichu|Fake Out|p2a: Starmie\n|-activate|p2a: Starmie|move: Protect\n|move|p1b: Sylveon|Hyper Voice|p2a: Starmie|[spread] p2b\n|-activate|p2a: Starmie|move: Protect\n|-damage|p2b: Tauros|16/100\n|-enditem|p2b: Tauros|Sitrus Berry|[eat]\n|-heal|p2b: Tauros|41/100|[from] item: Sitrus Berry\n|move|p2b: Tauros|Body Press|p1a: Raichu\n|-damage|p1a: Raichu|16/100\n|\n|upkeep\n|turn|4\n|\n|t:|1776314016\n|move|p1a: Raichu|Thunderbolt|p2a: Starmie\n|-supereffective|p2a: Starmie|1\n|-damage|p2a: Starmie|0 fnt\n|faint|p2a: Starmie\n|move|p1b: Sylveon|Hyper Voice|p2b: Tauros\n|-damage|p2b: Tauros|0 fnt\n|faint|p2b: Tauros\n|\n|upkeep\n|\n|t:|1776314025\n|switch|p2a: Pelipper|Pelipper, L50, F|100/100\n|switch|p2b: Basculegion|Basculegion, L50, M|100/100\n|-weather|RainDance|[from] ability: Drizzle|[of] p2a: Pelipper\n|turn|5\n|\n|t:|1776314042\n|switch|p1a: Ninetales|Ninetales, L50, F|100/100\n|-weather|SunnyDay|[from] ability: Drought|[of] p1a: Ninetales\n|move|p2a: Pelipper|Protect|p2a: Pelipper\n|-singleturn|p2a: Pelipper|Protect\n|move|p2b: Basculegion|Last Respects|p1a: Ninetales\n|-damage|p1a: Ninetales|0 fnt\n|faint|p1a: Ninetales\n|move|p1b: Sylveon|Hyper Voice|p2a: Pelipper|[spread] p2b\n|-activate|p2a: Pelipper|move: Protect\n|-damage|p2b: Basculegion|38/100\n|\n|-weather|SunnyDay|[upkeep]\n|upkeep\n|\n|t:|1776314058\n|switch|p1a: Raichu|Raichu, L50, F|16/100\n|turn|6\n|\n|t:|1776314068\n|move|p2b: Basculegion|Protect|p2b: Basculegion\n|-singleturn|p2b: Basculegion|Protect\n|move|p1a: Raichu|Fake Out|p2a: Pelipper\n|-damage|p2a: Pelipper|90/100\n|cant|p2a: Pelipper|flinch\n|move|p1b: Sylveon|Hyper Voice|p2a: Pelipper|[spread] p2a\n|-activate|p2b: Basculegion|move: Protect\n|-damage|p2a: Pelipper|0 fnt\n|faint|p2a: Pelipper\n|\n|-weather|SunnyDay|[upkeep]\n|upkeep\n|turn|7\n|c|\u2606aquatail4567|gg\n|\n|t:|1776314085\n|move|p1a: Raichu|Thunderbolt|p2b: Basculegion\n|-supereffective|p2b: Basculegion|1\n|-damage|p2b: Basculegion|0 fnt\n|faint|p2b: Basculegion\n|\n|win|colfox\n|raw|colfox's rating: 1247 &rarr; <strong>1266</strong><br />(+19 for winning)\n|raw|aquatail4567's rating: 1165 &rarr; <strong>1146</strong><br />(-19 for losing)\n|l|\u2606aquatail4567\n|player|p2|\n",
  "uploadtime": 1776314091,
  "views": 38,
  "formatid": "gen9championsvgc2026regma",
  "rating": 1146,
  "private": 0,
  "password": null
}