{
  "id": "gen9championsvgc2026regma-2587889150",
  "format": "[Gen 9 Champions] VGC 2026 Reg M-A",
  "players": [
    "Gulptubus",
    "Wolvkil23"
  ],
  "log": "|j|\u2606Gulptubus\n|j|\u2606Wolvkil23\n|t:|1776575045\n|gametype|doubles\n|player|p1|Gulptubus|pokemonranger-gen4|1107\n|player|p2|Wolvkil23|170|1102\n|gen|9\n|tier|[Gen 9 Champions] VGC 2026 Reg M-A\n|rated|\n|rule|Species Clause: Limit one of each Pok\u00e9mon\n|rule|Item Clause: Limit 1 of each item\n|clearpoke\n|poke|p1|Tyranitar, L50, M|\n|poke|p1|Aerodactyl, L50, M|\n|poke|p1|Garchomp, L50, M|\n|poke|p1|Incineroar, L50, M|\n|poke|p1|Sinistcha, L50|\n|poke|p1|Milotic, L50, F, shiny|\n|poke|p2|Kangaskhan, L50, F|\n|poke|p2|Aerodactyl, L50, F|\n|poke|p2|Floette-Eternal, L50, F|\n|poke|p2|Gengar, L50, F|\n|poke|p2|Aegislash, L50, F|\n|poke|p2|Tauros-Paldea-Aqua, L50, M|\n|teampreview|4\nWolvkil23 rejected open team sheets.\n|\n|t:|1776575095\n|teamsize|p1|4\n|teamsize|p2|4\n|start\n|switch|p1a: Aerodactyl|Aerodactyl, L50, M|100/100\n|switch|p1b: Garchomp|Garchomp, L50, M|100/100\n|switch|p2a: Aerodactyl|Aerodactyl, L50, F|100/100\n|switch|p2b: Aegislash|Aegislash, L50, F|100/100\n|-ability|p1a: Aerodactyl|Unnerve\n|-ability|p2a: Aerodactyl|Unnerve\n|turn|1\n|\n|t:|1776575107\n|move|p1a: Aerodactyl|Tailwind|p1a: Aerodactyl\n|-sidestart|p1: Gulptubus|move: Tailwind\n|move|p1b: Garchomp|Earthquake|p2a: Aerodactyl|[spread] p2b\n|-immune|p1a: Aerodactyl\n|-immune|p2a: Aerodactyl\n|-supereffective|p2b: Aegislash|1\n|-damage|p2b: Aegislash|39/100\n|move|p2a: Aerodactyl|Tailwind|p2a: Aerodactyl\n|-sidestart|p2: Wolvkil23|move: Tailwind\n|-formechange|p2b: Aegislash|Aegislash-Blade|\n|move|p2b: Aegislash|Poltergeist|p1b: Garchomp\n|-activate|p1b: Garchomp|move: Poltergeist|White Herb\n|-damage|p1b: Garchomp|20/100\n|\n|upkeep\n|turn|2\n|\n|t:|1776575129\n|switch|p1b: Tyranitar|Tyranitar, L50, M|100/100\n|-weather|Sandstorm|[from] ability: Sand Stream|[of] p1b: Tyranitar\n|move|p2a: Aerodactyl|Protect|p2a: Aerodactyl\n|-singleturn|p2a: Aerodactyl|Protect\n|move|p2b: Aegislash|Shadow Sneak|p1b: Tyranitar\n|-resisted|p1b: Tyranitar|1\n|-damage|p1b: Tyranitar|88/100\n|move|p1a: Aerodactyl|Rock Slide|p2b: Aegislash|[spread] p2b\n|-activate|p2a: Aerodactyl|move: Protect\n|-resisted|p2b: Aegislash|1\n|-damage|p2b: Aegislash|14/100\n|\n|-weather|Sandstorm|[upkeep]\n|upkeep\n|turn|3\n|\n|t:|1776575142\n|detailschange|p1b: Tyranitar|Tyranitar-Mega, L50, M\n|-mega|p1b: Tyranitar|Tyranitar|Tyranitarite\n|-formechange|p2b: Aegislash|Aegislash|\n|move|p2b: Aegislash|King's Shield|p2b: Aegislash\n|-singleturn|p2b: Aegislash|Protect\n|move|p1a: Aerodactyl|Rock Slide|p2a: Aerodactyl|[spread] p2a\n|-activate|p2b: Aegislash|move: Protect\n|-supereffective|p2a: Aerodactyl|1\n|-damage|p2a: Aerodactyl|20/100\n|move|p2a: Aerodactyl|Rock Slide|p1b: Tyranitar|[spread] p1a,p1b\n|-supereffective|p1a: Aerodactyl|1\n|-damage|p1a: Aerodactyl|15/100\n|-damage|p1b: Tyranitar|71/100\n|move|p1b: Tyranitar|Rock Slide|p2a: Aerodactyl|[spread] p2a\n|-activate|p2b: Aegislash|move: Protect\n|-supereffective|p2a: Aerodactyl|1\n|-damage|p2a: Aerodactyl|0 fnt\n|faint|p2a: Aerodactyl\n|\n|-weather|Sandstorm|[upkeep]\n|upkeep\n|\n|t:|1776575159\n|switch|p2a: Tauros|Tauros-Paldea-Aqua, L50, M|100/100\n|-ability|p2a: Tauros|Intimidate|boost\n|-unboost|p1a: Aerodactyl|atk|1\n|-unboost|p1b: Tyranitar|atk|1\n|turn|4\n|\n|t:|1776575180\n|switch|p1b: Milotic|Milotic, L50, F, shiny|100/100\n|move|p1a: Aerodactyl|Protect|p1a: Aerodactyl\n|-singleturn|p1a: Aerodactyl|Protect\n|move|p2a: Tauros|Aqua Jet|p1a: Aerodactyl\n|-activate|p1a: Aerodactyl|move: Protect\n|-formechange|p2b: Aegislash|Aegislash-Blade|\n|move|p2b: Aegislash|Sacred Sword|p1b: Milotic\n|-damage|p1b: Milotic|69/100\n|\n|-weather|Sandstorm|[upkeep]\n|-damage|p2a: Tauros|95/100|[from] Sandstorm\n|-damage|p1b: Milotic|63/100|[from] Sandstorm\n|-heal|p1b: Milotic|69/100|[from] item: Leftovers\n|-sideend|p1: Gulptubus|move: Tailwind\n|-sideend|p2: Wolvkil23|move: Tailwind\n|upkeep\n|turn|5\n|\n|t:|1776575217\n|switch|p1a: Garchomp|Garchomp, L50, M|20/100\n|-formechange|p2b: Aegislash|Aegislash|\n|move|p2b: Aegislash|King's Shield|p2b: Aegislash\n|-singleturn|p2b: Aegislash|Protect\n|move|p2a: Tauros|Aqua Jet|p1a: Garchomp\n|-damage|p1a: Garchomp|2/100\n|-damage|p2a: Tauros|82/100|[from] ability: Rough Skin|[of] p1a: Garchomp\n|move|p1b: Milotic|Scald|p2a: Tauros\n|-resisted|p2a: Tauros|1\n|-damage|p2a: Tauros|58/100\n|\n|-weather|Sandstorm|[upkeep]\n|-damage|p2a: Tauros|52/100|[from] Sandstorm\n|-damage|p1b: Milotic|63/100|[from] Sandstorm\n|-heal|p1b: Milotic|69/100|[from] item: Leftovers\n|upkeep\n|turn|6\n|\n|t:|1776575231\n|move|p2a: Tauros|Protect|p2a: Tauros\n|-singleturn|p2a: Tauros|Protect\n|-formechange|p2b: Aegislash|Aegislash-Blade|\n|move|p2b: Aegislash|Shadow Sneak|p1a: Garchomp\n|-crit|p1a: Garchomp\n|-damage|p1a: Garchomp|0 fnt\n|-damage|p2b: Aegislash|2/100|[from] ability: Rough Skin|[of] p1a: Garchomp\n|faint|p1a: Garchomp\n|move|p1b: Milotic|Scald|p2b: Aegislash\n|-damage|p2b: Aegislash|0 fnt\n|faint|p2b: Aegislash\n|\n|-weather|none\n|-heal|p1b: Milotic|75/100|[from] item: Leftovers\n|upkeep\n|\n|t:|1776575248\n|switch|p1a: Tyranitar|Tyranitar-Mega, L50, M|71/100\n|switch|p2b: Floette|Floette-Eternal, L50, F|100/100\n|-weather|Sandstorm|[from] ability: Sand Stream|[of] p1a: Tyranitar\n|turn|7\n|\n|t:|1776575258\n|detailschange|p2b: Floette|Floette-Mega, L50, F\n|-mega|p2b: Floette|Floette|Floettite\n|-ability|p2b: Floette|Fairy Aura\n|move|p1a: Tyranitar|Protect|p1a: Tyranitar\n|-singleturn|p1a: Tyranitar|Protect\n|move|p2b: Floette|Light of Ruin|p1b: Milotic\n|-damage|p1b: Milotic|0 fnt\n|faint|p1b: Milotic\n|-damage|p2b: Floette|51/100|[from] Recoil\n|move|p2a: Tauros|Close Combat|p1a: Tyranitar\n|-activate|p1a: Tyranitar|move: Protect\n|\n|-weather|Sandstorm|[upkeep]\n|-damage|p2b: Floette|45/100|[from] Sandstorm\n|-damage|p2a: Tauros|47/100|[from] Sandstorm\n|upkeep\n|\n|t:|1776575269\n|switch|p1b: Aerodactyl|Aerodactyl, L50, M|15/100\n|-ability|p1b: Aerodactyl|Unnerve\n|turn|8\n|\n|t:|1776575281\n|move|p2a: Tauros|Aqua Jet|p1b: Aerodactyl\n|-supereffective|p1b: Aerodactyl|1\n|-damage|p1b: Aerodactyl|0 fnt\n|faint|p1b: Aerodactyl\n|move|p2b: Floette|Light of Ruin|p1a: Tyranitar|[miss]\n|-miss|p2b: Floette|p1a: Tyranitar\n|move|p1a: Tyranitar|Rock Slide|p2a: Tauros|[spread] p2a,p2b\n|-resisted|p2a: Tauros|1\n|-damage|p2a: Tauros|25/100\n|-damage|p2b: Floette|0 fnt\n|faint|p2b: Floette\n|\n|-weather|Sandstorm|[upkeep]\n|-damage|p2a: Tauros|20/100|[from] Sandstorm\n|upkeep\n|turn|9\n|\n|t:|1776575289\n|move|p2a: Tauros|Close Combat|p1a: Tyranitar\n|-supereffective|p1a: Tyranitar|2\n|-damage|p1a: Tyranitar|0 fnt\n|-unboost|p2a: Tauros|def|1\n|-unboost|p2a: Tauros|spd|1\n|faint|p1a: Tyranitar\n|\n|win|Wolvkil23\n|raw|Gulptubus's rating: 1107 &rarr; <strong>1082</strong><br />(-25 for losing)\n|raw|Wolvkil23's rating: 1102 &rarr; <strong>1127</strong><br />(+25 for winning)\n",
  "uploadtime": 1776575294,
  "views": 22,
  "formatid": "gen9championsvgc2026regma",
  "rating": 1082,
  "private": 0,
  "password": null
}