{
  "id": "gen9championsvgc2026regma-2584806003",
  "format": "[Gen 9 Champions] VGC 2026 Reg M-A",
  "players": [
    "miujao4",
    "shefjig"
  ],
  "log": "|j|\u2606miujao4\n|j|\u2606shefjig\n|t:|1776285023\n|gametype|doubles\n|player|p1|miujao4|christoph|1160\n|player|p2|shefjig|2|1089\n|gen|9\n|tier|[Gen 9 Champions] VGC 2026 Reg M-A\n|rated|\n|rule|Species Clause: Limit one of each Pok\u00e9mon\n|rule|Item Clause: Limit 1 of each item\n|clearpoke\n|poke|p1|Excadrill, L50, F|\n|poke|p1|Whimsicott, L50, M|\n|poke|p1|Incineroar, L50, F|\n|poke|p1|Kangaskhan, L50, F|\n|poke|p1|Dragapult, L50, F|\n|poke|p1|Kommo-o, L50, M|\n|poke|p2|Golurk, L50|\n|poke|p2|Farigiraf, L50, M|\n|poke|p2|Drampa, L50, M|\n|poke|p2|Mimikyu, L50, F|\n|poke|p2|Kingambit, L50, F|\n|poke|p2|Hatterene, L50, F|\n|teampreview|4\n|\n|t:|1776285058\n|teamsize|p1|4\n|teamsize|p2|4\n|start\n|switch|p1a: Whimsicott|Whimsicott, L50, M|100/100\n|switch|p1b: Excadrill|Excadrill, L50, F|100/100\n|switch|p2a: Mimikyu|Mimikyu, L50, F|100/100\n|switch|p2b: Golurk|Golurk, L50|100/100\n|turn|1\n|\n|t:|1776285087\n|detailschange|p1b: Excadrill|Excadrill-Mega, L50, F\n|-mega|p1b: Excadrill|Excadrill|Excadrite\n|move|p2b: Golurk|Protect|p2b: Golurk\n|-singleturn|p2b: Golurk|Protect\n|move|p1a: Whimsicott|Taunt|p2a: Mimikyu\n|-start|p2a: Mimikyu|move: Taunt\n|-enditem|p2a: Mimikyu|Mental Herb\n|-end|p2a: Mimikyu|move: Taunt\n|move|p1b: Excadrill|Iron Head|p2a: Mimikyu\n|-activate|p2a: Mimikyu|ability: Disguise\n|-damage|p2a: Mimikyu|100/100\n|detailschange|p2a: Mimikyu|Mimikyu-Busted, L50, F\n|-damage|p2a: Mimikyu|89/100|[from] pokemon: Mimikyu-Busted\n|move|p2a: Mimikyu|Trick Room|p2a: Mimikyu\n|-fieldstart|move: Trick Room|[of] p2a: Mimikyu\n|\n|upkeep\n|turn|2\n|\n|t:|1776285118\n|switch|p2a: Farigiraf|Farigiraf, L50, M|100/100\n|detailschange|p2b: Golurk|Golurk-Mega, L50\n|-mega|p2b: Golurk|Golurk|Golurkite\n|move|p1b: Excadrill|Protect|p1b: Excadrill\n|-singleturn|p1b: Excadrill|Protect\n|move|p1a: Whimsicott|Encore||[still]\n|cant|p2a: Farigiraf|ability: Armor Tail|Encore|[of] p1a: Whimsicott\n|move|p2b: Golurk|Headlong Rush|p1b: Excadrill\n|-supereffective|p1b: Excadrill|1\n|-ability|p2b: Golurk|Unseen Fist\n|-zbroken|p1b: Excadrill\n|-damage|p1b: Excadrill|59/100\n|-unboost|p2b: Golurk|def|1\n|-unboost|p2b: Golurk|spd|1\n|\n|upkeep\n|turn|3\n|\n|t:|1776285144\n|switch|p1b: Incineroar|Incineroar, L50, F|100/100\n|-ability|p1b: Incineroar|Intimidate|boost\n|-unboost|p2a: Farigiraf|atk|1\n|-unboost|p2b: Golurk|atk|1\n|move|p2a: Farigiraf|Hyper Voice|p1b: Incineroar|[spread] p1a,p1b\n|-damage|p1a: Whimsicott|56/100\n|-damage|p1b: Incineroar|73/100\n|move|p2b: Golurk|Headlong Rush|p1b: Incineroar\n|-supereffective|p1b: Incineroar|1\n|-damage|p1b: Incineroar|0 fnt\n|-unboost|p2b: Golurk|def|1\n|-unboost|p2b: Golurk|spd|1\n|faint|p1b: Incineroar\n|move|p1a: Whimsicott|Moonblast|p2b: Golurk\n|-crit|p2b: Golurk\n|-damage|p2b: Golurk|32/100\n|-unboost|p2b: Golurk|spa|1\n|\n|upkeep\n|\n|t:|1776285151\n|switch|p1b: Dragapult|Dragapult, L50, F|100/100\n|turn|4\n|\n|t:|1776285173\n|switch|p2a: Kingambit|Kingambit, L50, F|100/100\n|move|p1b: Dragapult|Protect|p1b: Dragapult\n|-singleturn|p1b: Dragapult|Protect\n|move|p2b: Golurk|Poltergeist|p1b: Dragapult\n|-activate|p1b: Dragapult|move: Protect\n|move|p1a: Whimsicott|Moonblast|p2b: Golurk\n|-damage|p2b: Golurk|0 fnt\n|faint|p2b: Golurk\n|\n|upkeep\n|inactive|Battle timer is ON: inactive players will automatically lose when time's up. (requested by miujao4)\n|\n|t:|1776285190\n|switch|p2b: Mimikyu|Mimikyu-Busted, L50, F|89/100\n|turn|5\n|\n|t:|1776285214\n|move|p1a: Whimsicott|Taunt|p2b: Mimikyu\n|-start|p2b: Mimikyu|move: Taunt\n|move|p2a: Kingambit|Kowtow Cleave|p1b: Dragapult\n|-supereffective|p1b: Dragapult|1\n|-enditem|p1b: Dragapult|Focus Sash\n|-damage|p1b: Dragapult|1/100\n|move|p2b: Mimikyu|Shadow Claw|p1a: Whimsicott\n|-damage|p1a: Whimsicott|22/100\n|move|p1b: Dragapult|Shadow Ball|p2b: Mimikyu\n|-supereffective|p2b: Mimikyu|1\n|-damage|p2b: Mimikyu|2/100\n|\n|-fieldend|move: Trick Room\n|upkeep\n|turn|6\n|\n|t:|1776285236\n|move|p1b: Dragapult|Draco Meteor|p2a: Kingambit\n|-resisted|p2a: Kingambit|1\n|-damage|p2a: Kingambit|69/100\n|-unboost|p1b: Dragapult|spa|2\n|move|p1a: Whimsicott|Moonblast|p2b: Mimikyu\n|-damage|p2b: Mimikyu|0 fnt\n|faint|p2b: Mimikyu\n|move|p2a: Kingambit|Iron Head|p1a: Whimsicott\n|-supereffective|p1a: Whimsicott|1\n|-damage|p1a: Whimsicott|0 fnt\n|faint|p1a: Whimsicott\n|\n|upkeep\n|\n|t:|1776285250\n|switch|p1a: Excadrill|Excadrill-Mega, L50, F|59/100\n|switch|p2b: Farigiraf|Farigiraf, L50, M|100/100\n|turn|7\n|\n|t:|1776285263\n|move|p2a: Kingambit|Protect|p2a: Kingambit\n|-singleturn|p2a: Kingambit|Protect\n|move|p1b: Dragapult|Thunderbolt|p2a: Kingambit\n|-activate|p2a: Kingambit|move: Protect\n|move|p1a: Excadrill|High Horsepower|p2a: Kingambit\n|-supereffective|p2a: Kingambit|1\n|-ability|p1a: Excadrill|Piercing Drill\n|-zbroken|p2a: Kingambit\n|-damage|p2a: Kingambit|46/100\n|move|p2b: Farigiraf|Hyper Voice|p1a: Excadrill|[spread] p1a\n|-immune|p1b: Dragapult\n|-resisted|p1a: Excadrill|1\n|-damage|p1a: Excadrill|38/100\n|\n|upkeep\n|turn|8\n|\n|t:|1776285282\n|move|p1b: Dragapult|Draco Meteor|p2b: Farigiraf\n|-damage|p2b: Farigiraf|70/100\n|-unboost|p1b: Dragapult|spa|2\n|move|p1a: Excadrill|High Horsepower|p2a: Kingambit\n|-supereffective|p2a: Kingambit|1\n|-damage|p2a: Kingambit|0 fnt\n|faint|p2a: Kingambit\n|move|p2b: Farigiraf|Hyper Voice|p1a: Excadrill|[spread] p1a\n|-immune|p1b: Dragapult\n|-resisted|p1a: Excadrill|1\n|-damage|p1a: Excadrill|17/100\n|\n|upkeep\n|turn|9\n|-message|shefjig forfeited.\n|\n|win|miujao4\n|raw|miujao4's rating: 1160 &rarr; <strong>1180</strong><br />(+20 for winning)\n|raw|shefjig's rating: 1089 &rarr; <strong>1070</strong><br />(-19 for losing)\n|l|\u2606shefjig\n|player|p2|\n",
  "uploadtime": 1776285307,
  "views": 19,
  "formatid": "gen9championsvgc2026regma",
  "rating": 1070,
  "private": 0,
  "password": null
}