{
  "id": "gen9championsvgc2026regma-2588800575",
  "format": "[Gen 9 Champions] VGC 2026 Reg M-A",
  "players": [
    "25th_mang",
    "vkhoi2007"
  ],
  "log": "|j|\u260625th_mang\n|j|\u2606vkhoi2007\n|t:|1776672456\n|gametype|doubles\n|player|p1|25th_mang|ballguy|1336\n|player|p2|vkhoi2007|2|1348\n|gen|9\n|tier|[Gen 9 Champions] VGC 2026 Reg M-A\n|rated|\n|rule|Species Clause: Limit one of each Pok\u00e9mon\n|rule|Item Clause: Limit 1 of each item\n|clearpoke\n|poke|p1|Blastoise, L50, F|\n|poke|p1|Kingambit, L50, F|\n|poke|p1|Kangaskhan, L50, F|\n|poke|p1|Sinistcha-Masterpiece, L50|\n|poke|p1|Aerodactyl, L50, F|\n|poke|p1|Farigiraf, L50, F, shiny|\n|poke|p2|Froslass, L50, F|\n|poke|p2|Zoroark-Hisui, L50, M|\n|poke|p2|Incineroar, L50, M|\n|poke|p2|Maushold-Four, L50|\n|poke|p2|Talonflame, L50, M|\n|poke|p2|Excadrill, L50, M|\n|teampreview|4\n|inactive|Battle timer is ON: inactive players will automatically lose when time's up. (requested by vkhoi2007)\n|inactive|25th_mang also wants the timer to be on.\n|inactive|25th_mang has 60 seconds left.\n|\n|t:|1776672492\n|teamsize|p1|4\n|teamsize|p2|4\n|start\n|switch|p1a: Farigiraf|Farigiraf, L50, F, shiny|100/100\n|switch|p1b: Blastoise|Blastoise, L50, F|100/100\n|switch|p2a: Maushold|Maushold-Four, L50|100/100\n|switch|p2b: Incineroar|Incineroar, L50, M|100/100\n|turn|1\n|\n|t:|1776672506\n|move|p1b: Blastoise|Fake Out|p2a: Maushold\n|-immune|p2a: Maushold\n|move|p2a: Maushold|Taunt|p1a: Farigiraf\n|-start|p1a: Farigiraf|move: Taunt\n|move|p2b: Incineroar|Nasty Plot|p2b: Incineroar\n|-boost|p2b: Incineroar|spa|2\n|cant|p1a: Farigiraf|move: Taunt|Trick Room\n|\n|upkeep\n|turn|2\n|inactive|25th_mang has 30 seconds left.\n|inactive|25th_mang has 20 seconds left.\n|inactive|25th_mang has 15 seconds left.\n|\n|t:|1776672550\n|switch|p2a: Maushold|Maushold-Four, L50|100/100\n|switch|p1a: Sinistcha|Sinistcha-Masterpiece, L50|100/100\n|detailschange|p1b: Blastoise|Blastoise-Mega, L50, F\n|-mega|p1b: Blastoise|Blastoise|Blastoisinite\n|move|p1b: Blastoise|Dark Pulse|p2a: Maushold\n|-damage|p2a: Maushold|52/100\n|move|p2b: Incineroar|Baton Pass|p2b: Incineroar\n|\n|t:|1776672563\n|switch|p2b: Froslass|Froslass, L50, F|100/100|[from] Baton Pass\n|\n|upkeep\n|turn|3\n|\n|t:|1776672578\n|switch|p1a: Kingambit|Kingambit, L50, F|100/100\n|detailschange|p2b: Froslass|Froslass-Mega, L50, F\n|-mega|p2b: Froslass|Froslass|Froslassite\n|-weather|Snowscape|[from] ability: Snow Warning|[of] p2b: Froslass\n|move|p2a: Maushold|Follow Me|p2a: Maushold\n|-singleturn|p2a: Maushold|move: Follow Me\n|move|p2b: Froslass|Blizzard|p1a: Kingambit|[spread] p1a,p1b\n|-resisted|p1a: Kingambit|1\n|-resisted|p1b: Blastoise|1\n|-damage|p1a: Kingambit|59/100\n|-damage|p1b: Blastoise|64/100\n|move|p1b: Blastoise|Dark Pulse|p2a: Maushold\n|-damage|p2a: Maushold|5/100\n|\n|-weather|Snowscape|[upkeep]\n|upkeep\n|turn|4\n|inactive|25th_mang has 30 seconds left.\n|inactive|vkhoi2007 has 30 seconds left.\n|inactive|vkhoi2007 has 20 seconds left.\n|\n|t:|1776672617\n|move|p2a: Maushold|Follow Me|p2a: Maushold\n|-singleturn|p2a: Maushold|move: Follow Me\n|move|p2b: Froslass|Blizzard|p1b: Blastoise|[spread] p1a,p1b\n|-resisted|p1a: Kingambit|1\n|-resisted|p1b: Blastoise|1\n|-damage|p1a: Kingambit|15/100\n|-damage|p1b: Blastoise|25/100\n|move|p1b: Blastoise|Water Pulse|p2a: Maushold\n|-damage|p2a: Maushold|0 fnt\n|faint|p2a: Maushold\n|move|p1a: Kingambit|Kowtow Cleave|p2b: Froslass\n|-supereffective|p2b: Froslass|1\n|-damage|p2b: Froslass|0 fnt\n|faint|p2b: Froslass\n|\n|-weather|Snowscape|[upkeep]\n|upkeep\n|\n|t:|1776672623\n|switch|p2b: Incineroar|Incineroar, L50, M|100/100\n|switch|p2a: Incineroar|Incineroar, L50, M|100/100\n|turn|5\n|\n|t:|1776672646\n|switch|p1b: Sinistcha|Sinistcha-Masterpiece, L50|100/100\n|-heal|p1a: Kingambit|39/100|[from] ability: Hospitality|[of] p1b: Sinistcha\n|move|p1a: Kingambit|Sucker Punch|p2a: Incineroar\n|-supereffective|p2a: Incineroar|1\n|-damage|p2a: Incineroar|0 fnt\n|replace|p2a: Zoroark|Zoroark-Hisui, L50, M\n|-end|p2a: Zoroark|Illusion\n|faint|p2a: Zoroark\n|move|p2b: Incineroar|Flare Blitz|p1a: Kingambit\n|-supereffective|p1a: Kingambit|1\n|-damage|p1a: Kingambit|0 fnt\n|faint|p1a: Kingambit\n|-damage|p2b: Incineroar|88/100|[from] Recoil\n|\n|-weather|Snowscape|[upkeep]\n|upkeep\n|\n|t:|1776672657\n|switch|p1a: Farigiraf|Farigiraf, L50, F, shiny|100/100\n|turn|6\n|\n|t:|1776672669\n|move|p1a: Farigiraf|Rain Dance|p1a: Farigiraf\n|-weather|RainDance\n|move|p2b: Incineroar|Flare Blitz|p1b: Sinistcha\n|-supereffective|p1b: Sinistcha|1\n|-damage|p1b: Sinistcha|63/100\n|-status|p1b: Sinistcha|brn\n|-damage|p2b: Incineroar|77/100|[from] Recoil\n|move|p1b: Sinistcha|Trick Room|p1b: Sinistcha\n|-fieldstart|move: Trick Room|[of] p1b: Sinistcha\n|\n|-weather|RainDance|[upkeep]\n|-damage|p1b: Sinistcha|57/100 brn|[from] brn\n|upkeep\n|turn|7\n|-message|vkhoi2007 forfeited.\n|\n|win|25th_mang\n|raw|25th_mang's rating: 1336 &rarr; <strong>1357</strong><br />(+21 for winning)\n|raw|vkhoi2007's rating: 1348 &rarr; <strong>1327</strong><br />(-21 for losing)\n|l|\u2606vkhoi2007\n|player|p2|\n|j|\u2606vkhoi2007\n|player|p2|vkhoi2007|2|\n|l|\u2606vkhoi2007\n|player|p2|\n|c|\u260625th_mang|That turn 1 was confusing NGL\n",
  "uploadtime": 1776672700,
  "views": 10,
  "formatid": "gen9championsvgc2026regma",
  "rating": 1327,
  "private": 0,
  "password": null
}