{
  "id": "gen9championsvgc2026regma-2585137629",
  "format": "[Gen 9 Champions] VGC 2026 Reg M-A",
  "players": [
    "lakeandbake",
    "Goodboi piplup"
  ],
  "log": "|j|\u203dlakeandbake\n|j|\u2606Goodboi piplup\n|t:|1776316305\n|gametype|doubles\n|player|p1|lakeandbake|iono-masters|1113\n|player|p2|Goodboi piplup|cynthia|1079\n|gen|9\n|tier|[Gen 9 Champions] VGC 2026 Reg M-A\n|rated|\n|rule|Species Clause: Limit one of each Pok\u00e9mon\n|rule|Item Clause: Limit 1 of each item\n|clearpoke\n|poke|p1|Drampa, L50, M|\n|poke|p1|Sinistcha, L50|\n|poke|p1|Torkoal, L50, F|\n|poke|p1|Sneasler, L50, F|\n|poke|p1|Incineroar, L50, F|\n|poke|p1|Farigiraf, L50, F|\n|poke|p2|Empoleon, L50, M|\n|poke|p2|Abomasnow, L50, F|\n|poke|p2|Glaceon, L50, F|\n|poke|p2|Incineroar, L50, M|\n|poke|p2|Gardevoir, L50, F|\n|poke|p2|Garchomp, L50, M|\n|teampreview|4\n|inactive|Battle timer is ON: inactive players will automatically lose when time's up. (requested by Goodboi piplup)\n|inactive|lakeandbake has 60 seconds left.\n|inactive|Goodboi piplup has 60 seconds left.\n|\n|t:|1776316361\n|teamsize|p1|4\n|teamsize|p2|4\n|start\n|switch|p1a: Torkoal|Torkoal, L50, F|100/100\n|switch|p1b: Sneasler|Sneasler, L50, F|100/100\n|switch|p2a: Glaceon|Glaceon, L50, F|100/100\n|switch|p2b: Incineroar|Incineroar, L50, M|100/100\n|-ability|p2b: Incineroar|Intimidate|boost\n|-unboost|p1a: Torkoal|atk|1\n|-unboost|p1b: Sneasler|atk|1\n|-weather|SunnyDay|[from] ability: Drought|[of] p1a: Torkoal\n|turn|1\n|\n|t:|1776316383\n|switch|p2a: Abomasnow|Abomasnow, L50, F|100/100\n|-weather|Snowscape|[from] ability: Snow Warning|[of] p2a: Abomasnow\n|move|p1b: Sneasler|Fake Out|p2b: Incineroar\n|-damage|p2b: Incineroar|93/100\n|cant|p2b: Incineroar|flinch\n|move|p1a: Torkoal|Eruption|p2b: Incineroar|[spread] p2a,p2b\n|-supereffective|p2a: Abomasnow|2\n|-resisted|p2b: Incineroar|1\n|-damage|p2a: Abomasnow|0 fnt\n|-damage|p2b: Incineroar|71/100\n|faint|p2a: Abomasnow\n|\n|-weather|Snowscape|[upkeep]\n|upkeep\n|\n|t:|1776316398\n|switch|p2a: Glaceon|Glaceon, L50, F|100/100\n|turn|2\n|\n|t:|1776316404\n|switch|p1b: Sinistcha|Sinistcha, L50|100/100\n|move|p2a: Glaceon|Blizzard|p1a: Torkoal|[spread] p1a,p1b\n|-resisted|p1a: Torkoal|1\n|-supereffective|p1b: Sinistcha|1\n|-damage|p1a: Torkoal|76/100\n|-damage|p1b: Sinistcha|29/100\n|-status|p1a: Torkoal|frz\n|-enditem|p1b: Sinistcha|Sitrus Berry|[eat]\n|-heal|p1b: Sinistcha|53/100|[from] item: Sitrus Berry\n|move|p2b: Incineroar|Darkest Lariat|p1a: Torkoal\n|-damage|p1a: Torkoal|49/100 frz\n|cant|p1a: Torkoal|frz\n|\n|-weather|Snowscape|[upkeep]\n|upkeep\n|turn|3\n|\n|t:|1776316427\n|move|p2a: Glaceon|Blizzard|p1b: Sinistcha|[spread] p1a,p1b\n|-resisted|p1a: Torkoal|1\n|-supereffective|p1b: Sinistcha|1\n|-damage|p1a: Torkoal|25/100 frz\n|-damage|p1b: Sinistcha|0 fnt\n|faint|p1b: Sinistcha\n|move|p2b: Incineroar|Darkest Lariat|p1a: Torkoal\n|-damage|p1a: Torkoal|1/100 frz\n|-curestatus|p1a: Torkoal|frz|[msg]\n|move|p1a: Torkoal|Heat Wave|p2b: Incineroar|[spread] p2a,p2b\n|-supereffective|p2a: Glaceon|1\n|-resisted|p2b: Incineroar|1\n|-damage|p2a: Glaceon|19/100\n|-damage|p2b: Incineroar|58/100\n|-status|p2a: Glaceon|brn\n|\n|-weather|Snowscape|[upkeep]\n|-damage|p2a: Glaceon|14/100 brn|[from] brn\n|upkeep\n|\n|t:|1776316442\n|switch|p1b: Sneasler|Sneasler, L50, F|100/100\n|turn|4\n|\n|t:|1776316452\n|switch|p2a: Gardevoir|Gardevoir, L50, F|100/100\n|-ability|p2a: Gardevoir|Unburden|Trace|[from] ability: Trace|[of] p1b: Sneasler\n|move|p1b: Sneasler|Fake Out|p2a: Gardevoir\n|-damage|p2a: Gardevoir|82/100\n|move|p2b: Incineroar|Flare Blitz|p1b: Sneasler\n|-damage|p1b: Sneasler|25/100\n|-damage|p2b: Incineroar|38/100|[from] Recoil\n|-enditem|p2b: Incineroar|Sitrus Berry|[eat]\n|-heal|p2b: Incineroar|62/100|[from] item: Sitrus Berry\n|move|p1a: Torkoal|Yawn|p2b: Incineroar\n|-start|p2b: Incineroar|move: Yawn|[of] p1a: Torkoal\n|\n|-weather|Snowscape|[upkeep]\n|upkeep\n|turn|5\n|\n|t:|1776316474\n|switch|p1b: Drampa|Drampa, L50, M|100/100\n|-ability|p1b: Drampa|Cloud Nine\n|switch|p2b: Glaceon|Glaceon, L50, F|14/100 brn\n|detailschange|p2a: Gardevoir|Gardevoir-Mega, L50, F\n|-mega|p2a: Gardevoir|Gardevoir|Gardevoirite\n|move|p2a: Gardevoir|Protect|p2a: Gardevoir\n|-singleturn|p2a: Gardevoir|Protect\n|move|p1a: Torkoal|Protect||[still]\n|-fail|p1a: Torkoal\n|\n|-weather|none\n|-damage|p2b: Glaceon|8/100 brn|[from] brn\n|upkeep\n|turn|6\n|\n|t:|1776316497\n|detailschange|p1b: Drampa|Drampa-Mega, L50, M\n|-mega|p1b: Drampa|Drampa|Drampanite\n|move|p1b: Drampa|Protect|p1b: Drampa\n|-singleturn|p1b: Drampa|Protect\n|move|p2b: Glaceon|Blizzard|p1a: Torkoal|[spread] p1a\n|-activate|p1b: Drampa|move: Protect\n|-resisted|p1a: Torkoal|1\n|-damage|p1a: Torkoal|0 fnt\n|faint|p1a: Torkoal\n|move|p2a: Gardevoir|Hyper Voice|p1b: Drampa\n|-activate|p1b: Drampa|move: Protect\n|\n|-damage|p2b: Glaceon|3/100 brn|[from] brn\n|upkeep\n|\n|t:|1776316509\n|switch|p1a: Sneasler|Sneasler, L50, F|25/100\n|turn|7\n|inactive|lakeandbake has 30 seconds left.\n|\n|t:|1776316535\n|move|p2a: Gardevoir|Protect|p2a: Gardevoir\n|-singleturn|p2a: Gardevoir|Protect\n|move|p1a: Sneasler|Fake Out|p2b: Glaceon\n|-damage|p2b: Glaceon|0 fnt\n|faint|p2b: Glaceon\n|move|p1b: Drampa|Calm Mind|p1b: Drampa\n|-boost|p1b: Drampa|spa|1\n|-boost|p1b: Drampa|spd|1\n|\n|upkeep\n|\n|t:|1776316550\n|switch|p2b: Incineroar|Incineroar, L50, M|62/100\n|-ability|p2b: Incineroar|Intimidate|boost\n|-unboost|p1a: Sneasler|atk|1\n|-unboost|p1b: Drampa|atk|1\n|turn|8\n|\n|t:|1776316558\n|move|p1a: Sneasler|Protect|p1a: Sneasler\n|-singleturn|p1a: Sneasler|Protect\n|move|p1b: Drampa|Protect|p1b: Drampa\n|-singleturn|p1b: Drampa|Protect\n|move|p2b: Incineroar|Fake Out|p1a: Sneasler\n|-activate|p1a: Sneasler|move: Protect\n|move|p2a: Gardevoir|Hyper Voice|p1a: Sneasler|[spread] \n|-activate|p1a: Sneasler|move: Protect\n|-activate|p1b: Drampa|move: Protect\n|\n|upkeep\n|turn|9\n|\n|t:|1776316580\n|move|p1a: Sneasler|Close Combat|p2b: Incineroar\n|-supereffective|p2b: Incineroar|1\n|-damage|p2b: Incineroar|0 fnt\n|-unboost|p1a: Sneasler|def|1\n|-unboost|p1a: Sneasler|spd|1\n|faint|p2b: Incineroar\n|move|p2a: Gardevoir|Hyper Voice|p1a: Sneasler|[spread] p1a,p1b\n|-supereffective|p1b: Drampa|1\n|-damage|p1a: Sneasler|0 fnt\n|-damage|p1b: Drampa|42/100\n|faint|p1a: Sneasler\n|-ability|p1b: Drampa|Berserk|boost\n|-boost|p1b: Drampa|spa|1\n|move|p1b: Drampa|Hyper Voice|p2a: Gardevoir\n|-damage|p2a: Gardevoir|0 fnt\n|faint|p2a: Gardevoir\n|\n|win|lakeandbake\n|raw|lakeandbake's rating: 1113 &rarr; <strong>1136</strong><br />(+23 for winning)\n|raw|Goodboi piplup's rating: 1079 &rarr; <strong>1059</strong><br />(-20 for losing)\n",
  "uploadtime": 1776316580,
  "views": 18,
  "formatid": "gen9championsvgc2026regma",
  "rating": 1059,
  "private": 0,
  "password": null
}