{
  "id": "gen9championsvgc2026regma-2586442296",
  "format": "[Gen 9 Champions] VGC 2026 Reg M-A",
  "players": [
    "Brierre",
    "campeondelfitness"
  ],
  "log": "|j|\u2606Brierre\n|j|\u2606campeondelfitness\n|t:|1776434984\n|gametype|doubles\n|player|p1|Brierre|hiker|1274\n|player|p2|campeondelfitness|swimmer|1244\n|gen|9\n|tier|[Gen 9 Champions] VGC 2026 Reg M-A\n|rated|\n|rule|Species Clause: Limit one of each Pok\u00e9mon\n|rule|Item Clause: Limit 1 of each item\n|clearpoke\n|poke|p1|Ariados, L50, F|\n|poke|p1|Kommo-o, L50, M|\n|poke|p1|Basculegion, L50, M|\n|poke|p1|Snorlax, L50, M|\n|poke|p1|Floette-Eternal, L50, F|\n|poke|p1|Incineroar, L50, F|\n|poke|p2|Tyranitar, L50, F|\n|poke|p2|Garchomp, L50, M|\n|poke|p2|Heliolisk, L50, F|\n|poke|p2|Rotom-Heat, L50|\n|poke|p2|Orthworm, L50, F|\n|poke|p2|Aerodactyl, L50, M|\n|teampreview|4\n|inactive|Battle timer is ON: inactive players will automatically lose when time's up. (requested by campeondelfitness)\n|j| jamease\n|l| jamease\ncampeondelfitness rejected open team sheets.\n|inactive|Brierre has 60 seconds left.\n|\n|t:|1776435016\n|teamsize|p1|4\n|teamsize|p2|4\n|start\n|switch|p1a: Incineroar|Incineroar, L50, F|100/100\n|switch|p1b: Floette|Floette-Eternal, L50, F|100/100\n|switch|p2a: Aerodactyl|Aerodactyl, L50, M|100/100\n|switch|p2b: Rotom|Rotom-Heat, L50|100/100\n|-ability|p2a: Aerodactyl|Unnerve\n|-ability|p1a: Incineroar|Intimidate|boost\n|-unboost|p2a: Aerodactyl|atk|1\n|-unboost|p2b: Rotom|atk|1\n|turn|1\n|\n|t:|1776435038\n|detailschange|p1b: Floette|Floette-Mega, L50, F\n|-mega|p1b: Floette|Floette|Floettite\n|-ability|p1b: Floette|Fairy Aura\n|move|p1a: Incineroar|Fake Out|p2a: Aerodactyl\n|-resisted|p2a: Aerodactyl|1\n|-damage|p2a: Aerodactyl|91/100\n|cant|p2a: Aerodactyl|flinch\n|move|p2b: Rotom|Overheat|p1b: Floette|[miss]\n|-miss|p2b: Rotom|p1b: Floette\n|move|p1b: Floette|Psychic|p2b: Rotom\n|-damage|p2b: Rotom|56/100\n|\n|upkeep\n|turn|2\n|inactive|Brierre has 30 seconds left.\n|\n|t:|1776435066\n|move|p1b: Floette|Protect|p1b: Floette\n|-singleturn|p1b: Floette|Protect\n|move|p2a: Aerodactyl|Tailwind|p2a: Aerodactyl\n|-sidestart|p2: campeondelfitness|move: Tailwind\n|move|p2b: Rotom|Overheat|p1b: Floette\n|-activate|p1b: Floette|move: Protect\n|move|p1a: Incineroar|Parting Shot|p2b: Rotom\n|-unboost|p2b: Rotom|atk|1\n|-unboost|p2b: Rotom|spa|1\n|\n|t:|1776435077\n|switch|p1a: Basculegion|Basculegion, L50, M|100/100|[from] Parting Shot\n|\n|upkeep\n|turn|3\n|\n|t:|1776435096\n|move|p1a: Basculegion|Aqua Jet|p2b: Rotom\n|-supereffective|p2b: Rotom|1\n|-damage|p2b: Rotom|0 fnt\n|faint|p2b: Rotom\n|move|p2a: Aerodactyl|Dual Wingbeat|p1b: Floette\n|-damage|p1b: Floette|84/100\n|-damage|p1b: Floette|67/100\n|-hitcount|p1b: Floette|2\n|move|p1b: Floette|Moonblast|p2a: Aerodactyl\n|-damage|p2a: Aerodactyl|0 fnt\n|faint|p2a: Aerodactyl\n|\n|upkeep\n|\n|t:|1776435107\n|switch|p2a: Garchomp|Garchomp, L50, M|100/100\n|switch|p2b: Tyranitar|Tyranitar, L50, F|100/100\n|-weather|Sandstorm|[from] ability: Sand Stream|[of] p2b: Tyranitar\n|turn|4\n|\n|t:|1776435118\n|switch|p1a: Incineroar|Incineroar, L50, F|100/100\n|-ability|p1a: Incineroar|Intimidate|boost\n|-unboost|p2a: Garchomp|atk|1\n|-unboost|p2b: Tyranitar|atk|1\n|detailschange|p2a: Garchomp|Garchomp-Mega, L50, M\n|-mega|p2a: Garchomp|Garchomp|Garchompite\n|move|p1b: Floette|Protect|p1b: Floette\n|-singleturn|p1b: Floette|Protect\n|move|p2b: Tyranitar|Protect|p2b: Tyranitar\n|-singleturn|p2b: Tyranitar|Protect\n|move|p2a: Garchomp|Earthquake|p1a: Incineroar|[spread] p1a\n|-activate|p2b: Tyranitar|move: Protect\n|-activate|p1b: Floette|move: Protect\n|-supereffective|p1a: Incineroar|1\n|-damage|p1a: Incineroar|16/100\n|-enditem|p1a: Incineroar|Sitrus Berry|[eat]\n|-heal|p1a: Incineroar|41/100|[from] item: Sitrus Berry\n|\n|-weather|Sandstorm|[upkeep]\n|-damage|p1b: Floette|61/100|[from] Sandstorm\n|-damage|p1a: Incineroar|35/100|[from] Sandstorm\n|upkeep\n|turn|5\n|inactive|campeondelfitness has 30 seconds left.\n|\n|t:|1776435144\n|move|p2b: Tyranitar|Helping Hand|p2a: Garchomp\n|-singleturn|p2a: Garchomp|Helping Hand|[of] p2b: Tyranitar\n|move|p1a: Incineroar|Fake Out|p2a: Garchomp\n|-damage|p2a: Garchomp|89/100\n|cant|p2a: Garchomp|flinch\n|move|p1b: Floette|Dazzling Gleam|p2a: Garchomp|[spread] p2a,p2b\n|-supereffective|p2a: Garchomp|1\n|-crit|p2a: Garchomp\n|-supereffective|p2b: Tyranitar|1\n|-damage|p2a: Garchomp|0 fnt\n|-damage|p2b: Tyranitar|46/100\n|faint|p2a: Garchomp\n|\n|-weather|Sandstorm|[upkeep]\n|-damage|p1b: Floette|55/100|[from] Sandstorm\n|-damage|p1a: Incineroar|28/100|[from] Sandstorm\n|-sideend|p2: campeondelfitness|move: Tailwind\n|upkeep\n|turn|6\n|-message|campeondelfitness forfeited.\n|\n|win|Brierre\n|raw|Brierre's rating: 1274 &rarr; <strong>1297</strong><br />(+23 for winning)\n|raw|campeondelfitness's rating: 1244 &rarr; <strong>1221</strong><br />(-23 for losing)\n",
  "uploadtime": 1776435159,
  "views": 52,
  "formatid": "gen9championsvgc2026regma",
  "rating": 1221,
  "private": 0,
  "password": null
}