{
  "id": "gen9championsvgc2026regma-2584778579",
  "format": "[Gen 9 Champions] VGC 2026 Reg M-A",
  "players": [
    "lisarb660",
    "filipelima0617"
  ],
  "log": "|j|\u2606lisarb660\n|j|\u2606filipelima0617\n|t:|1776283016\n|gametype|doubles\n|player|p1|lisarb660|1|\n|player|p2|filipelima0617|skier|\n|gen|9\n|tier|[Gen 9 Champions] VGC 2026 Reg M-A\n|rule|Species Clause: Limit one of each Pok\u00e9mon\n|rule|Item Clause: Limit 1 of each item\n|clearpoke\n|poke|p1|Basculegion, L50, M|\n|poke|p1|Pelipper, L50, M|\n|poke|p1|Dragonite, L50, F|\n|poke|p1|Archaludon, L50, F|\n|poke|p1|Sneasler, L50, F|\n|poke|p1|Rotom-Heat, L50|\n|poke|p2|Gardevoir, L50, F|\n|poke|p2|Toxapex, L50, M|\n|poke|p2|Rotom-Heat, L50|\n|poke|p2|Gengar, L50, F|\n|poke|p2|Dragonite, L50, M|\n|poke|p2|Mamoswine, L50, M|\n|teampreview|4\n|j| Jeanmixed\n|\n|t:|1776283063\n|teamsize|p1|4\n|teamsize|p2|4\n|start\n|switch|p1a: pelicano|Pelipper, L50, M|100/100\n|switch|p1b: sasukemon|Sneasler, L50, F|100/100\n|switch|p2a: Rotom|Rotom-Heat, L50|100/100\n|switch|p2b: Mamoswine|Mamoswine, L50, M|100/100\n|-weather|RainDance|[from] ability: Drizzle|[of] p1a: pelicano\n|turn|1\n|\n|t:|1776283122\n|move|p1b: sasukemon|Fake Out|p2a: Rotom\n|-damage|p2a: Rotom|86/100\n|move|p2b: Mamoswine|Earthquake|p1a: pelicano|[spread] p1b\n|-immune|p2a: Rotom|[from] ability: Levitate\n|-immune|p1a: pelicano\n|-supereffective|p1b: sasukemon|1\n|-damage|p1b: sasukemon|0 fnt\n|faint|p1b: sasukemon\n|cant|p2a: Rotom|flinch\n|move|p1a: pelicano|Tailwind|p1a: pelicano\n|-sidestart|p1: lisarb660|move: Tailwind\n|\n|-weather|RainDance|[upkeep]\n|upkeep\n|\n|t:|1776283134\n|switch|p1b: lagartixa pan\u00e7uda|Dragonite, L50, F, shiny|100/100\n|turn|2\n|\n|t:|1776283161\n|detailschange|p1b: lagartixa pan\u00e7uda|Dragonite-Mega, L50, F, shiny\n|-mega|p1b: lagartixa pan\u00e7uda|Dragonite|Dragoninite\n|move|p2b: Mamoswine|Ice Shard|p1b: lagartixa pan\u00e7uda\n|-supereffective|p1b: lagartixa pan\u00e7uda|2\n|-damage|p1b: lagartixa pan\u00e7uda|60/100\n|move|p1b: lagartixa pan\u00e7uda|Dragon Pulse|p2a: Rotom\n|-damage|p2a: Rotom|32/100\n|-enditem|p2a: Rotom|Sitrus Berry|[eat]\n|-heal|p2a: Rotom|57/100|[from] item: Sitrus Berry\n|move|p1a: pelicano|Weather Ball|p2b: Mamoswine\n|-supereffective|p2b: Mamoswine|1\n|-damage|p2b: Mamoswine|0 fnt\n|faint|p2b: Mamoswine\n|move|p2a: Rotom|Thunderbolt|p1a: pelicano\n|-supereffective|p1a: pelicano|2\n|-enditem|p1a: pelicano|Focus Sash\n|-damage|p1a: pelicano|1/100\n|\n|-weather|RainDance|[upkeep]\n|upkeep\n|\n|t:|1776283185\n|switch|p2b: Gardevoir|Gardevoir, L50, F|100/100\n|turn|3\n|\n|t:|1776283204\n|detailschange|p2b: Gardevoir|Gardevoir-Mega, L50, F\n|-mega|p2b: Gardevoir|Gardevoir|Gardevoirite\n|move|p1b: lagartixa pan\u00e7uda|Hurricane|p2b: Gardevoir\n|-damage|p2b: Gardevoir|50/100\n|-start|p2b: Gardevoir|confusion\n|move|p1a: pelicano|Weather Ball|p2a: Rotom\n|-supereffective|p2a: Rotom|1\n|-damage|p2a: Rotom|0 fnt\n|faint|p2a: Rotom\n|-activate|p2b: Gardevoir|confusion\n|-damage|p2b: Gardevoir|39/100|[from] confusion\n|\n|-weather|RainDance|[upkeep]\n|upkeep\n|\n|t:|1776283218\n|switch|p2a: Toxapex|Toxapex, L50, M|100/100\n|turn|4\n|\n|t:|1776283231\n|move|p1a: pelicano|Protect|p1a: pelicano\n|-singleturn|p1a: pelicano|Protect\n|move|p1b: lagartixa pan\u00e7uda|Thunder|p2a: Toxapex\n|-supereffective|p2a: Toxapex|1\n|-damage|p2a: Toxapex|39/100\n|-end|p2b: Gardevoir|confusion\n|move|p2b: Gardevoir|Hyper Voice|p1a: pelicano|[spread] p1b\n|-activate|p1a: pelicano|move: Protect\n|-supereffective|p1b: lagartixa pan\u00e7uda|1\n|-damage|p1b: lagartixa pan\u00e7uda|0 fnt\n|faint|p1b: lagartixa pan\u00e7uda\n|move|p2a: Toxapex|Toxic|p1a: pelicano\n|-activate|p1a: pelicano|move: Protect\n|\n|-weather|RainDance|[upkeep]\n|-heal|p2a: Toxapex|45/100|[from] item: Leftovers\n|-sideend|p1: lisarb660|move: Tailwind\n|upkeep\n|\n|t:|1776283245\n|switch|p1b: tubar\u00e3o|Basculegion, L50, M|100/100\n|turn|5\n|\n|t:|1776283260\n|move|p1b: tubar\u00e3o|Last Respects|p2b: Gardevoir\n|-supereffective|p2b: Gardevoir|1\n|-damage|p2b: Gardevoir|0 fnt\n|faint|p2b: Gardevoir\n|move|p1a: pelicano|Tailwind|p1a: pelicano\n|-sidestart|p1: lisarb660|move: Tailwind\n|move|p2a: Toxapex|Recover|p2a: Toxapex\n|-heal|p2a: Toxapex|95/100\n|\n|-weather|none\n|-heal|p2a: Toxapex|100/100|[from] item: Leftovers\n|upkeep\n|turn|6\n|\n|t:|1776283286\n|move|p1b: tubar\u00e3o|Last Respects|p2a: Toxapex\n|-damage|p2a: Toxapex|44/100\n|move|p1a: pelicano|Hurricane|p2a: Toxapex\n|-damage|p2a: Toxapex|8/100\n|move|p2a: Toxapex|Chilling Water|p1a: pelicano\n|-resisted|p1a: pelicano|1\n|-damage|p1a: pelicano|0 fnt\n|faint|p1a: pelicano\n|\n|-heal|p2a: Toxapex|13/100|[from] item: Leftovers\n|upkeep\n|turn|7\n|\n|t:|1776283305\n|move|p1b: tubar\u00e3o|Last Respects|p2a: Toxapex\n|-damage|p2a: Toxapex|0 fnt\n|faint|p2a: Toxapex\n|\n|win|lisarb660\n",
  "uploadtime": 1776283313,
  "views": 20,
  "formatid": "gen9championsvgc2026regma",
  "rating": null,
  "private": 0,
  "password": null
}