{
  "id": "gen9championsvgc2026regma-2581437265",
  "format": "[Gen 9 Champions] VGC 2026 Reg M-A",
  "players": [
    "nextxenp",
    "C_H_A_N_T_Y457"
  ],
  "log": "|j|\u2606nextxenp\n|j|\u2606C_H_A_N_T_Y457\n|t:|1776000326\n|gametype|doubles\n|player|p1|nextxenp|skier|1043\n|player|p2|C_H_A_N_T_Y457|169|1023\n|gen|9\n|tier|[Gen 9 Champions] VGC 2026 Reg M-A\n|rated|\n|rule|Species Clause: Limit one of each Pok\u00e9mon\n|rule|Item Clause: Limit 1 of each item\n|clearpoke\n|poke|p1|Gengar, L50, M|\n|poke|p1|Incineroar, L50, M|\n|poke|p1|Sinistcha, L50|\n|poke|p1|Kingambit, L50, M|\n|poke|p1|Tyranitar, L50, M|\n|poke|p1|Kommo-o, L50, F|\n|poke|p2|Gengar, L50, M|\n|poke|p2|Politoed, L50, M|\n|poke|p2|Maushold-Four, L50|\n|poke|p2|Incineroar, L50, M|\n|poke|p2|Klefki, L50, F|\n|poke|p2|Heracross, L50, M|\n|teampreview|4\nC_H_A_N_T_Y457 rejected open team sheets.\n|inactive|Battle timer is ON: inactive players will automatically lose when time's up. (requested by nextxenp)\n|\n|t:|1776000374\n|teamsize|p1|4\n|teamsize|p2|4\n|start\n|switch|p1a: Kommo-o|Kommo-o, L50, F|100/100\n|switch|p1b: Incineroar|Incineroar, L50, M|100/100\n|switch|p2a: Heracross|Heracross, L50, M|100/100\n|switch|p2b: Incineroar|Incineroar, L50, M|100/100\n|-ability|p2b: Incineroar|Intimidate|boost\n|-unboost|p1a: Kommo-o|atk|1\n|-unboost|p1b: Incineroar|atk|1\n|-ability|p1b: Incineroar|Intimidate|boost\n|-unboost|p2a: Heracross|atk|1\n|-unboost|p2b: Incineroar|atk|1\n|turn|1\n|inactive|nextxenp has 30 seconds left.\n|\n|t:|1776000400\n|move|p2b: Incineroar|Fake Out|p1a: Kommo-o\n|-damage|p1a: Kommo-o|93/100\n|move|p2a: Heracross|Close Combat|p1b: Incineroar\n|-supereffective|p1b: Incineroar|1\n|-damage|p1b: Incineroar|16/100\n|-unboost|p2a: Heracross|def|1\n|-unboost|p2a: Heracross|spd|1\n|cant|p1a: Kommo-o|flinch\n|move|p1b: Incineroar|Flare Blitz|p2a: Heracross\n|-supereffective|p2a: Heracross|1\n|-crit|p2a: Heracross\n|-damage|p2a: Heracross|0 fnt\n|faint|p2a: Heracross\n|-damage|p1b: Incineroar|0 fnt|[from] Recoil\n|faint|p1b: Incineroar\n|\n|-heal|p1a: Kommo-o|99/100|[from] item: Leftovers\n|upkeep\n|inactive|nextxenp has 30 seconds left.\n|\n|t:|1776000432\n|switch|p2a: Gengar|Gengar, L50, M|100/100\n|switch|p1b: Kingambit|Kingambit, L50, M|100/100\n|turn|2\n|inactive|nextxenp has 30 seconds left.\n|inactive|C_H_A_N_T_Y457 has 30 seconds left.\n|\n|t:|1776000462\n|switch|p2b: Politoed|Politoed, L50, M|100/100\n|-weather|RainDance|[from] ability: Drizzle|[of] p2b: Politoed\n|detailschange|p2a: Gengar|Gengar-Mega, L50, M\n|-mega|p2a: Gengar|Gengar|Gengarite\n|move|p2a: Gengar|Protect|p2a: Gengar\n|-singleturn|p2a: Gengar|Protect\n|move|p1b: Kingambit|Sucker Punch||[still]\n|-fail|p1b: Kingambit\n|move|p1a: Kommo-o|Clanging Scales|p2a: Gengar|[spread] p2b\n|-activate|p2a: Gengar|move: Protect\n|-damage|p2b: Politoed|70/100\n|-unboost|p1a: Kommo-o|def|1\n|\n|-weather|RainDance|[upkeep]\n|-heal|p1a: Kommo-o|100/100|[from] item: Leftovers\n|-heal|p2b: Politoed|76/100|[from] item: Leftovers\n|upkeep\n|turn|3\n|inactive|nextxenp has 30 seconds left.\n|inactive|nextxenp has 20 seconds left.\n|inactive|nextxenp has 15 seconds left.\n|inactive|C_H_A_N_T_Y457 has 30 seconds left.\n|\n|t:|1776000510\n|move|p1b: Kingambit|Sucker Punch||[still]\n|-fail|p1b: Kingambit\n|move|p2a: Gengar|Disable|p1b: Kingambit\n|-start|p1b: Kingambit|Disable|Sucker Punch\n|move|p1a: Kommo-o|Aura Sphere|p2b: Politoed\n|-damage|p2b: Politoed|45/100\n|move|p2b: Politoed|Encore|p1b: Kingambit\n|-start|p1b: Kingambit|Encore\n|\n|-weather|RainDance|[upkeep]\n|-heal|p2b: Politoed|51/100|[from] item: Leftovers\n|upkeep\n|turn|4\n|inactive|nextxenp has 30 seconds left.\n|\n|t:|1776000543\n|move|p2a: Gengar|Shadow Ball|p1a: Kommo-o\n|-damage|p1a: Kommo-o|55/100\n|move|p1a: Kommo-o|Clangorous Soul|p1a: Kommo-o\n|-boost|p1a: Kommo-o|atk|1\n|-boost|p1a: Kommo-o|def|1\n|-boost|p1a: Kommo-o|spa|1\n|-boost|p1a: Kommo-o|spd|1\n|-boost|p1a: Kommo-o|spe|1\n|-damage|p1a: Kommo-o|22/100\n|move|p2b: Politoed|Encore|p1a: Kommo-o\n|-start|p1a: Kommo-o|Encore\n|-activate|p1b: Kingambit|move: Struggle\n|move|p1b: Kingambit|Struggle|p2b: Politoed\n|-damage|p2b: Politoed|33/100\n|-damage|p1b: Kingambit|75/100|[from] recoil\n|\n|-weather|RainDance|[upkeep]\n|-heal|p1a: Kommo-o|28/100|[from] item: Leftovers\n|-heal|p2b: Politoed|39/100|[from] item: Leftovers\n|upkeep\n|turn|5\n|inactive|nextxenp has 30 seconds left.\n|\n|t:|1776000568\n|move|p1a: Kommo-o|Clangorous Soul||[still]\n|-fail|p1a: Kommo-o\n|move|p2a: Gengar|Shadow Ball|p1b: Kingambit\n|-resisted|p1b: Kingambit|1\n|-crit|p1b: Kingambit\n|-damage|p1b: Kingambit|43/100\n|-unboost|p1b: Kingambit|spd|1\n|-ability|p1b: Kingambit|Defiant|boost\n|-boost|p1b: Kingambit|atk|2\n|move|p2b: Politoed|Weather Ball|p1b: Kingambit\n|-damage|p1b: Kingambit|0 fnt\n|faint|p1b: Kingambit\n|\n|-weather|RainDance|[upkeep]\n|-heal|p1a: Kommo-o|34/100|[from] item: Leftovers\n|-heal|p2b: Politoed|45/100|[from] item: Leftovers\n|upkeep\n|\n|t:|1776000582\n|switch|p1b: Gengar|Gengar, L50, M|100/100\n|turn|6\n|\n|t:|1776000598\n|detailschange|p1b: Gengar|Gengar-Mega, L50, M\n|-mega|p1b: Gengar|Gengar|Gengarite\n|move|p1a: Kommo-o|Clangorous Soul|p1a: Kommo-o\n|-boost|p1a: Kommo-o|atk|1\n|-boost|p1a: Kommo-o|def|1\n|-boost|p1a: Kommo-o|spa|1\n|-boost|p1a: Kommo-o|spd|1\n|-boost|p1a: Kommo-o|spe|1\n|-damage|p1a: Kommo-o|1/100\n|move|p2a: Gengar|Shadow Ball|p1b: Gengar\n|-supereffective|p1b: Gengar|1\n|-damage|p1b: Gengar|9/100\n|-unboost|p1b: Gengar|spd|1\n|move|p1b: Gengar|Shadow Ball|p2a: Gengar\n|-supereffective|p2a: Gengar|1\n|-damage|p2a: Gengar|0 fnt\n|faint|p2a: Gengar\n|move|p2b: Politoed|Weather Ball|p1a: Kommo-o\n|-resisted|p1a: Kommo-o|1\n|-damage|p1a: Kommo-o|0 fnt\n|faint|p1a: Kommo-o\n|\n|-weather|none\n|-heal|p2b: Politoed|51/100|[from] item: Leftovers\n|upkeep\n|\n|t:|1776000603\n|switch|p2a: Incineroar|Incineroar, L50, M|100/100\n|-ability|p2a: Incineroar|Intimidate|boost\n|-unboost|p1b: Gengar|atk|1\n|turn|7\n|inactive|nextxenp has 30 seconds left.\n|\n|t:|1776000635\n|move|p2a: Incineroar|Protect|p2a: Incineroar\n|-singleturn|p2a: Incineroar|Protect\n|move|p1b: Gengar|Shadow Ball|p2b: Politoed\n|-damage|p2b: Politoed|18/100\n|move|p2b: Politoed|Perish Song|p2b: Politoed\n|-start|p1b: Gengar|perish3|[silent]\n|-start|p2a: Incineroar|perish3|[silent]\n|-start|p2b: Politoed|perish3|[silent]\n|-fieldactivate|move: Perish Song\n|\n|-heal|p2b: Politoed|24/100|[from] item: Leftovers\n|-start|p1b: Gengar|perish3\n|-start|p2b: Politoed|perish3\n|-start|p2a: Incineroar|perish3\n|upkeep\n|turn|8\n|\n|t:|1776000653\n|move|p1b: Gengar|Shadow Ball|p2b: Politoed\n|-damage|p2b: Politoed|0 fnt\n|faint|p2b: Politoed\n|move|p2a: Incineroar|Darkest Lariat|p1b: Gengar\n|-supereffective|p1b: Gengar|1\n|-damage|p1b: Gengar|0 fnt\n|faint|p1b: Gengar\n|\n|win|C_H_A_N_T_Y457\n|raw|nextxenp's rating: 1043 &rarr; <strong>1026</strong><br />(-17 for losing)\n|raw|C_H_A_N_T_Y457's rating: 1023 &rarr; <strong>1062</strong><br />(+39 for winning)\n|l|\u2606C_H_A_N_T_Y457\n|player|p2|\n",
  "uploadtime": 1776000661,
  "views": 33,
  "formatid": "gen9championsvgc2026regma",
  "rating": 1026,
  "private": 0,
  "password": null
}