{
  "id": "gen9championsvgc2026regma-2583641142",
  "format": "[Gen 9 Champions] VGC 2026 Reg M-A",
  "players": [
    "bumpymeerkats",
    "LUWITE"
  ],
  "log": "|j|\u2606bumpymeerkats\n|j|\u2606LUWITE\n|t:|1776188224\n|gametype|doubles\n|player|p1|bumpymeerkats|266|1182\n|player|p2|LUWITE|ghetsis|1135\n|gen|9\n|tier|[Gen 9 Champions] VGC 2026 Reg M-A\n|rated|\n|rule|Species Clause: Limit one of each Pok\u00e9mon\n|rule|Item Clause: Limit 1 of each item\n|clearpoke\n|poke|p1|Meganium, L50, F|\n|poke|p1|Aerodactyl, L50, F|\n|poke|p1|Goodra-Hisui, L50, M|\n|poke|p1|Feraligatr, L50, M|\n|poke|p1|Chandelure, L50, F|\n|poke|p1|Floette-Eternal, L50, F|\n|poke|p2|Palafin, L50, M|\n|poke|p2|Clefable, L50, M|\n|poke|p2|Incineroar, L50, F|\n|poke|p2|Gengar, L50, F|\n|poke|p2|Kingambit, L50, F|\n|poke|p2|Dragonite, L50, M|\n|teampreview|4\nLUWITE rejected open team sheets.\n|j| cyusontheinternet\n|l| cyusontheinternet\n|\n|t:|1776188244\n|teamsize|p1|4\n|teamsize|p2|4\n|start\n|switch|p1a: Aerodactyl|Aerodactyl, L50, F|100/100\n|switch|p1b: Feraligatr|Feraligatr, L50, M|100/100\n|switch|p2a: Palafin|Palafin, L50, M|100/100\n|switch|p2b: Incineroar|Incineroar, L50, F|100/100\n|-ability|p1a: Aerodactyl|Unnerve\n|-ability|p2b: Incineroar|Intimidate|boost\n|-unboost|p1a: Aerodactyl|atk|1\n|-unboost|p1b: Feraligatr|atk|1\n|-enditem|p1b: Feraligatr|White Herb\n|-clearnegativeboost|p1b: Feraligatr|[silent]\n|turn|1\n|\n|t:|1776188284\n|move|p2b: Incineroar|Fake Out|p1a: Aerodactyl\n|-resisted|p1a: Aerodactyl|1\n|-damage|p1a: Aerodactyl|92/100\n|move|p2a: Palafin|Jet Punch|p1a: Aerodactyl\n|-supereffective|p1a: Aerodactyl|1\n|-damage|p1a: Aerodactyl|19/100\n|cant|p1a: Aerodactyl|flinch\n|move|p1b: Feraligatr|Liquidation|p2b: Incineroar\n|-supereffective|p2b: Incineroar|1\n|-damage|p2b: Incineroar|6/100\n|\n|upkeep\n|turn|2\n|\n|t:|1776188308\n|move|p2a: Palafin|Jet Punch|p1a: Aerodactyl\n|-supereffective|p1a: Aerodactyl|1\n|-damage|p1a: Aerodactyl|0 fnt\n|faint|p1a: Aerodactyl\n|move|p1b: Feraligatr|Low Kick|p2b: Incineroar\n|-supereffective|p2b: Incineroar|1\n|-damage|p2b: Incineroar|0 fnt\n|faint|p2b: Incineroar\n|\n|upkeep\n|\n|t:|1776188337\n|switch|p1a: Chandelure|Chandelure, L50, F|100/100\n|switch|p2b: Clefable|Clefable, L50, M|100/100\n|turn|3\n|\n|t:|1776188373\n|switch|p1a: Meganium|Meganium, L50, F|100/100\n|detailschange|p2a: Palafin|Palafin-Hero, L50, M\n|switch|p2a: Gengar|Gengar, L50, F|100/100\n|move|p1b: Feraligatr|Liquidation|p2b: Clefable\n|-damage|p2b: Clefable|46/100\n|-enditem|p2b: Clefable|Sitrus Berry|[eat]\n|-heal|p2b: Clefable|70/100|[from] item: Sitrus Berry\n|move|p2b: Clefable|Moonblast|p1b: Feraligatr\n|-damage|p1b: Feraligatr|60/100\n|-unboost|p1b: Feraligatr|spa|1\n|\n|upkeep\n|turn|4\n|\n|t:|1776188401\n|detailschange|p2a: Gengar|Gengar-Mega, L50, F\n|-mega|p2a: Gengar|Gengar|Gengarite\n|detailschange|p1a: Meganium|Meganium-Mega, L50, F\n|-mega|p1a: Meganium|Meganium|Meganiumite\n|move|p1a: Meganium|Protect|p1a: Meganium\n|-singleturn|p1a: Meganium|Protect\n|move|p2a: Gengar|Sludge Bomb|p1a: Meganium\n|-activate|p1a: Meganium|move: Protect\n|move|p1b: Feraligatr|Liquidation|p2a: Gengar\n|-damage|p2a: Gengar|30/100\n|move|p2b: Clefable|Moonblast|p1b: Feraligatr\n|-damage|p1b: Feraligatr|18/100\n|\n|upkeep\n|turn|5\n|\n|t:|1776188469\n|move|p2b: Clefable|Follow Me|p2b: Clefable\n|-singleturn|p2b: Clefable|move: Follow Me\n|move|p2a: Gengar|Sludge Bomb|p1a: Meganium\n|-supereffective|p1a: Meganium|2\n|-damage|p1a: Meganium|0 fnt\n|faint|p1a: Meganium\n|move|p1b: Feraligatr|Liquidation|p2b: Clefable\n|-damage|p2b: Clefable|17/100\n|\n|upkeep\n|\n|t:|1776188477\n|switch|p1a: Chandelure|Chandelure, L50, F|100/100\n|turn|6\n|\n|t:|1776188499\n|move|p1b: Feraligatr|Protect|p1b: Feraligatr\n|-singleturn|p1b: Feraligatr|Protect\n|move|p2b: Clefable|Protect|p2b: Clefable\n|-singleturn|p2b: Clefable|Protect\n|move|p2a: Gengar|Shadow Ball|p1a: Chandelure\n|-supereffective|p1a: Chandelure|1\n|-damage|p1a: Chandelure|0 fnt\n|faint|p1a: Chandelure\n|\n|upkeep\n|turn|7\n|-message|bumpymeerkats forfeited.\n|\n|win|LUWITE\n|raw|bumpymeerkats's rating: 1182 &rarr; <strong>1154</strong><br />(-28 for losing)\n|raw|LUWITE's rating: 1135 &rarr; <strong>1163</strong><br />(+28 for winning)\n|l|\u2606bumpymeerkats\n|player|p1|\n",
  "uploadtime": 1776188553,
  "views": 14,
  "formatid": "gen9championsvgc2026regma",
  "rating": 1154,
  "private": 0,
  "password": null
}