{
  "id": "gen9championsvgc2026regma-2581974488",
  "format": "[Gen 9 Champions] VGC 2026 Reg M-A",
  "players": [
    "sheikhswampert",
    "tattera"
  ],
  "log": "|j|\u2606sheikhswampert\n|j|\u2606tattera\n|t:|1776044718\n|gametype|doubles\n|player|p1|sheikhswampert|volkner|1145\n|player|p2|tattera|wattson|1118\n|gen|9\n|tier|[Gen 9 Champions] VGC 2026 Reg M-A\n|rated|\n|rule|Species Clause: Limit one of each Pok\u00e9mon\n|rule|Item Clause: Limit 1 of each item\n|clearpoke\n|poke|p1|Gengar, L50, M|\n|poke|p1|Kingambit, L50, F|\n|poke|p1|Dragonite, L50, M|\n|poke|p1|Rotom-Heat, L50|\n|poke|p2|Aegislash, L50, F|\n|poke|p2|Incineroar, L50, M|\n|poke|p2|Garchomp, L50, F|\n|poke|p2|Sneasler, L50, M|\n|poke|p2|Sinistcha, L50|\n|poke|p2|Gengar, L50, F|\n|teampreview|4\n|inactive|Battle timer is ON: inactive players will automatically lose when time's up. (requested by sheikhswampert)\nsheikhswampert rejected open team sheets.\n|inactive|tattera has 60 seconds left.\n|\n|t:|1776044767\n|teamsize|p1|4\n|teamsize|p2|4\n|start\n|switch|p1a: Gengar|Gengar, L50, M|100/100\n|switch|p1b: Kingambit|Kingambit, L50, F|100/100\n|switch|p2a: Incineroar|Incineroar, L50, M|100/100\n|switch|p2b: Sneasler|Sneasler, L50, M, shiny|100/100\n|-ability|p2a: Incineroar|Intimidate|boost\n|-unboost|p1a: Gengar|atk|1\n|-unboost|p1b: Kingambit|atk|1\n|-ability|p1b: Kingambit|Defiant|boost\n|-boost|p1b: Kingambit|atk|2\n|turn|1\n|\n|t:|1776044790\n|detailschange|p1a: Gengar|Gengar-Mega, L50, M\n|-mega|p1a: Gengar|Gengar|Gengarite\n|move|p1b: Kingambit|Protect|p1b: Kingambit\n|-singleturn|p1b: Kingambit|Protect\n|move|p1a: Gengar|Sludge Wave|p2b: Sneasler|[spread] p2a,p2b\n|-activate|p1b: Kingambit|move: Protect\n|-resisted|p2b: Sneasler|1\n|-damage|p2a: Incineroar|58/100\n|-damage|p2b: Sneasler|70/100\n|-status|p2a: Incineroar|psn\n|move|p2b: Sneasler|Close Combat|p1b: Kingambit\n|-activate|p1b: Kingambit|move: Protect\n|move|p2a: Incineroar|Darkest Lariat|p1a: Gengar\n|-supereffective|p1a: Gengar|1\n|-damage|p1a: Gengar|0 fnt\n|faint|p1a: Gengar\n|\n|-damage|p2a: Incineroar|46/100 psn|[from] psn\n|upkeep\n|-enditem|p2a: Incineroar|Sitrus Berry|[eat]\n|-heal|p2a: Incineroar|71/100 psn|[from] item: Sitrus Berry\n|\n|t:|1776044808\n|switch|p1a: Rotom|Rotom-Heat, L50|100/100\n|turn|2\n|\n|t:|1776044818\n|switch|p1b: Dragonite|Dragonite, L50, M|100/100\n|move|p2b: Sneasler|Close Combat|p1b: Dragonite\n|-resisted|p1b: Dragonite|1\n|-damage|p1b: Dragonite|85/100\n|-unboost|p2b: Sneasler|def|1\n|-unboost|p2b: Sneasler|spd|1\n|-enditem|p2b: Sneasler|White Herb\n|-clearnegativeboost|p2b: Sneasler|[silent]\n|move|p1a: Rotom|Volt Switch|p2b: Sneasler\n|-damage|p2b: Sneasler|26/100\n|\n|t:|1776044828\n|switch|p1a: Kingambit|Kingambit, L50, F|100/100|[from] Volt Switch\n|move|p2a: Incineroar|Parting Shot|p1a: Kingambit\n|-unboost|p1a: Kingambit|atk|1\n|-ability|p1a: Kingambit|Defiant|boost\n|-boost|p1a: Kingambit|atk|2\n|-unboost|p1a: Kingambit|spa|1\n|-ability|p1a: Kingambit|Defiant|boost\n|-boost|p1a: Kingambit|atk|2\n|\n|t:|1776044841\n|switch|p2a: Gengar|Gengar, L50, F, shiny|100/100|[from] Parting Shot\n|\n|upkeep\n|turn|3\n|\n|t:|1776044851\n|detailschange|p2a: Gengar|Gengar-Mega, L50, F, shiny\n|-mega|p2a: Gengar|Gengar|Gengarite\n|move|p1b: Dragonite|Extreme Speed|p2b: Sneasler\n|-damage|p2b: Sneasler|0 fnt\n|faint|p2b: Sneasler\n|move|p1a: Kingambit|Sucker Punch|p2a: Gengar\n|-supereffective|p2a: Gengar|1\n|-crit|p2a: Gengar\n|-damage|p2a: Gengar|0 fnt\n|faint|p2a: Gengar\n|\n|upkeep\n|\n|t:|1776044863\n|switch|p2a: Incineroar|Incineroar, L50, M|71/100 psn\n|switch|p2b: Sinistcha|Sinistcha, L50|100/100\n|-ability|p2a: Incineroar|Intimidate|boost\n|-unboost|p1a: Kingambit|atk|1\n|-ability|p1a: Kingambit|Defiant|boost\n|-boost|p1a: Kingambit|atk|2\n|-unboost|p1b: Dragonite|atk|1\n|-enditem|p1b: Dragonite|White Herb\n|-clearnegativeboost|p1b: Dragonite|[silent]\n|-heal|p2a: Incineroar|96/100 psn|[from] ability: Hospitality|[of] p2b: Sinistcha\n|turn|4\n|\n|t:|1776044886\n|move|p2b: Sinistcha|Rage Powder|p2b: Sinistcha\n|-singleturn|p2b: Sinistcha|move: Rage Powder\n|move|p1b: Dragonite|Dragon Claw|p2b: Sinistcha\n|-damage|p2b: Sinistcha|62/100\n|move|p2a: Incineroar|Flare Blitz|p1a: Kingambit\n|-supereffective|p1a: Kingambit|1\n|-damage|p1a: Kingambit|34/100\n|-damage|p2a: Incineroar|73/100 psn|[from] Recoil\n|move|p1a: Kingambit|Kowtow Cleave|p2b: Sinistcha\n|-supereffective|p2b: Sinistcha|1\n|-damage|p2b: Sinistcha|0 fnt\n|faint|p2b: Sinistcha\n|\n|-damage|p2a: Incineroar|60/100 psn|[from] psn\n|upkeep\n|turn|5\n|-message|tattera forfeited.\n|\n|win|sheikhswampert\n|raw|sheikhswampert's rating: 1145 &rarr; <strong>1168</strong><br />(+23 for winning)\n|raw|tattera's rating: 1118 &rarr; <strong>1095</strong><br />(-23 for losing)\n|l|\u2606tattera\n|player|p2|\n",
  "uploadtime": 1776044903,
  "views": 11,
  "formatid": "gen9championsvgc2026regma",
  "rating": 1095,
  "private": 0,
  "password": null
}