{
  "id": "gen9championsvgc2026regma-2586177785",
  "format": "[Gen 9 Champions] VGC 2026 Reg M-A",
  "players": [
    "IlCastello",
    "25th_mang"
  ],
  "log": "|j|\u2606IlCastello\n|j|\u260625th_mang\n|t:|1776408882\n|gametype|doubles\n|player|p1|IlCastello|266|1246\n|player|p2|25th_mang|ballguy|1226\n|gen|9\n|tier|[Gen 9 Champions] VGC 2026 Reg M-A\n|rated|\n|rule|Species Clause: Limit one of each Pok\u00e9mon\n|rule|Item Clause: Limit 1 of each item\n|clearpoke\n|poke|p1|Dragonite, L50, M|\n|poke|p1|Scizor, L50, F|\n|poke|p1|Pelipper, L50, F|\n|poke|p1|Sneasler, L50, M|\n|poke|p1|Kingambit, L50, F|\n|poke|p1|Mimikyu, L50, M|\n|poke|p2|Crabominable, L50, M|\n|poke|p2|Farigiraf, L50, F|\n|poke|p2|Incineroar, L50, M|\n|poke|p2|Archaludon, L50, M|\n|poke|p2|Pelipper, L50, F|\n|poke|p2|Sinistcha, L50|\n|teampreview|4\n|inactive|Battle timer is ON: inactive players will automatically lose when time's up. (requested by 25th_mang)\n|inactive|IlCastello has 60 seconds left.\n|inactive|25th_mang has 60 seconds left.\n|inactive|IlCastello has 30 seconds left.\n|inactive|IlCastello has 20 seconds left.\n|\n|t:|1776408953\n|teamsize|p1|4\n|teamsize|p2|4\n|start\n|switch|p1a: Mimikyu|Mimikyu, L50, M|100/100\n|switch|p1b: Kingambit|Kingambit, L50, F|100/100\n|switch|p2a: Flip|Farigiraf, L50, F|100/100\n|switch|p2b: Doomscroll|Archaludon, L50, M|100/100\n|turn|1\n|inactive|25th_mang has 30 seconds left.\n|inactive|25th_mang has 20 seconds left.\n|inactive|25th_mang has 15 seconds left.\n|inactive|25th_mang has 10 seconds left.\n|\n|t:|1776409000\n|move|p1a: Mimikyu|Light Screen|p1a: Mimikyu\n|-sidestart|p1: IlCastello|move: Light Screen\n|move|p2b: Doomscroll|Flash Cannon|p1a: Mimikyu\n|-activate|p1a: Mimikyu|ability: Disguise\n|-damage|p1a: Mimikyu|100/100\n|detailschange|p1a: Mimikyu|Mimikyu-Busted, L50, M\n|-damage|p1a: Mimikyu|88/100|[from] pokemon: Mimikyu-Busted\n|move|p1b: Kingambit|Kowtow Cleave|p2a: Flip\n|-supereffective|p2a: Flip|1\n|-damage|p2a: Flip|3/100\n|move|p2a: Flip|Trick Room|p2a: Flip\n|-fieldstart|move: Trick Room|[of] p2a: Flip\n|\n|upkeep\n|turn|2\n|inactive|IlCastello has 30 seconds left.\n|inactive|IlCastello has 20 seconds left.\n|\n|t:|1776409035\n|move|p2a: Flip|Helping Hand|p2b: Doomscroll\n|-singleturn|p2b: Doomscroll|Helping Hand|[of] p2a: Flip\n|move|p1b: Kingambit|Low Kick|p2b: Doomscroll\n|-supereffective|p2b: Doomscroll|1\n|-damage|p2b: Doomscroll|56/100\n|move|p2b: Doomscroll|Flash Cannon|p1a: Mimikyu\n|-supereffective|p1a: Mimikyu|1\n|-damage|p1a: Mimikyu|0 fnt\n|faint|p1a: Mimikyu\n|\n|upkeep\n|\n|t:|1776409059\n|switch|p1a: Dragonite|Dragonite, L50, M, shiny|100/100\n|turn|3\n|\n|t:|1776409065\n|detailschange|p1a: Dragonite|Dragonite-Mega, L50, M, shiny\n|-mega|p1a: Dragonite|Dragonite|Dragoninite\n|move|p2a: Flip|Helping Hand|p2b: Doomscroll\n|-singleturn|p2b: Doomscroll|Helping Hand|[of] p2a: Flip\n|move|p1b: Kingambit|Kowtow Cleave|p2a: Flip\n|-supereffective|p2a: Flip|1\n|-damage|p2a: Flip|0 fnt\n|faint|p2a: Flip\n|move|p2b: Doomscroll|Dragon Pulse|p1a: Dragonite\n|-supereffective|p1a: Dragonite|1\n|-damage|p1a: Dragonite|65/100\n|move|p1a: Dragonite|Draco Meteor|p2b: Doomscroll\n|-damage|p2b: Doomscroll|0 fnt\n|-unboost|p1a: Dragonite|spa|2\n|faint|p2b: Doomscroll\n|\n|upkeep\n|\n|t:|1776409080\n|switch|p2a: Hockey Reference|Crabominable, L50, M|100/100\n|switch|p2b: Roar|Incineroar, L50, M|100/100\n|-ability|p2b: Roar|Intimidate|boost\n|-unboost|p1a: Dragonite|atk|1\n|-unboost|p1b: Kingambit|atk|1\n|-ability|p1b: Kingambit|Defiant|boost\n|-boost|p1b: Kingambit|atk|2\n|turn|4\n|\n|t:|1776409104\n|switch|p1a: Sneasler|Sneasler, L50, M|100/100\n|detailschange|p2a: Hockey Reference|Crabominable-Mega, L50, M\n|-mega|p2a: Hockey Reference|Crabominable|Crabominite\n|move|p2b: Roar|Fake Out|p1a: Sneasler\n|-damage|p1a: Sneasler|79/100\n|move|p1b: Kingambit|Sucker Punch|p2a: Hockey Reference\n|-resisted|p2a: Hockey Reference|1\n|-damage|p2a: Hockey Reference|73/100\n|move|p2a: Hockey Reference|Drain Punch|p1b: Kingambit\n|-supereffective|p1b: Kingambit|2\n|-damage|p1b: Kingambit|0 fnt\n|-heal|p2a: Hockey Reference|100/100|[from] drain|[of] p1b: Kingambit\n|faint|p1b: Kingambit\n|\n|upkeep\n|\n|t:|1776409116\n|switch|p1b: Dragonite|Dragonite-Mega, L50, M, shiny|65/100\n|turn|5\n|\n|t:|1776409140\n|move|p1a: Sneasler|Fake Out|p2a: Hockey Reference\n|-damage|p2a: Hockey Reference|90/100\n|cant|p2a: Hockey Reference|flinch\n|move|p2b: Roar|Flare Blitz|p1a: Sneasler\n|-damage|p1a: Sneasler|0 fnt\n|faint|p1a: Sneasler\n|-damage|p2b: Roar|78/100|[from] Recoil\n|move|p1b: Dragonite|Hurricane|p2a: Hockey Reference\n|-supereffective|p2a: Hockey Reference|1\n|-damage|p2a: Hockey Reference|0 fnt\n|faint|p2a: Hockey Reference\n|\n|-sideend|p1: IlCastello|move: Light Screen\n|-fieldend|move: Trick Room\n|upkeep\n|turn|6\n|\n|t:|1776409165\n|move|p1b: Dragonite|Hurricane|p2b: Roar|[miss]\n|-miss|p1b: Dragonite|p2b: Roar\n|move|p2b: Roar|Snarl|p1b: Dragonite\n|-damage|p1b: Dragonite|52/100\n|-unboost|p1b: Dragonite|spa|1\n|\n|upkeep\n|turn|7\n|\n|t:|1776409169\n|move|p1b: Dragonite|Draco Meteor|p2b: Roar|[miss]\n|-miss|p1b: Dragonite|p2b: Roar\n|move|p2b: Roar|Snarl|p1b: Dragonite\n|-damage|p1b: Dragonite|39/100\n|-unboost|p1b: Dragonite|spa|1\n|\n|upkeep\n|turn|8\n|\n|t:|1776409172\n|move|p1b: Dragonite|Draco Meteor|p2b: Roar\n|-damage|p2b: Roar|42/100\n|-unboost|p1b: Dragonite|spa|2\n|move|p2b: Roar|Snarl|p1b: Dragonite\n|-damage|p1b: Dragonite|27/100\n|-unboost|p1b: Dragonite|spa|1\n|\n|upkeep\n|turn|9\n|\n|t:|1776409178\n|move|p1b: Dragonite|Hurricane|p2b: Roar|[miss]\n|-miss|p1b: Dragonite|p2b: Roar\n|move|p2b: Roar|Assurance|p1b: Dragonite\n|-damage|p1b: Dragonite|0 fnt\n|faint|p1b: Dragonite\n|\n|win|25th_mang\n|raw|IlCastello's rating: 1246 &rarr; <strong>1220</strong><br />(-26 for losing)\n|raw|25th_mang's rating: 1226 &rarr; <strong>1252</strong><br />(+26 for winning)\n|l|\u2606IlCastello\n|player|p1|\n|c|\u260625th_mang|Sorry\n",
  "uploadtime": 1776409194,
  "views": 30,
  "formatid": "gen9championsvgc2026regma",
  "rating": 1220,
  "private": 0,
  "password": null
}