{
  "id": "gen9championsvgc2026regma-2581257919",
  "format": "[Gen 9 Champions] VGC 2026 Reg M-A",
  "players": [
    "fyfyy",
    "poisondart0424"
  ],
  "log": "|j|\u2606fyfyy\n|j|\u2606poisondart0424\n|t:|1775977373\n|gametype|doubles\n|player|p1|fyfyy|2|\n|player|p2|poisondart0424|colress|\n|gen|9\n|tier|[Gen 9 Champions] VGC 2026 Reg M-A\n|rated|Tournament battle\n|rule|Species Clause: Limit one of each Pok\u00e9mon\n|rule|Item Clause: Limit 1 of each item\n|clearpoke\n|poke|p1|Sneasler, L50, F|\n|poke|p1|Basculegion, L50, M|\n|poke|p1|Floette-Eternal, L50, F|\n|poke|p1|Sinistcha, L50|\n|poke|p1|Aerodactyl, L50, F|\n|poke|p1|Garchomp, L50, M|\n|poke|p2|Sinistcha, L50|\n|poke|p2|Garchomp, L50, M|\n|poke|p2|Incineroar, L50, M|\n|poke|p2|Floette-Eternal, L50, F|\n|poke|p2|Rotom-Wash, L50|\n|poke|p2|Aerodactyl, L50, F|\n|teampreview|4\n|j| shoccco<3\n|j| giftedyewsucks\n|j| aurora ltd\n|c|\u2606poisondart0424|insert spiderman pointing meme\n|j| caramelpainn\n|j| Reign1997\n|inactive|Battle timer is ON: inactive players will automatically lose when time's up. (requested by poisondart0424)\n|\n|t:|1775977414\n|teamsize|p1|4\n|teamsize|p2|4\n|start\n|switch|p1a: Aerodactyl|Aerodactyl, L50, F|100/100\n|switch|p1b: Sneasler|Sneasler, L50, F|100/100\n|switch|p2a: Aerodactyl|Aerodactyl, L50, F|100/100\n|switch|p2b: Garchomp|Garchomp, L50, M|100/100\n|-ability|p1a: Aerodactyl|Unnerve\n|-ability|p2a: Aerodactyl|Unnerve\n|turn|1\n|\n|t:|1775977443\n|move|p1b: Sneasler|Fake Out|p2b: Garchomp\n|-damage|p2b: Garchomp|86/100\n|-damage|p1b: Sneasler|88/100|[from] ability: Rough Skin|[of] p2b: Garchomp\n|move|p1a: Aerodactyl|Tailwind|p1a: Aerodactyl\n|-sidestart|p1: fyfyy|move: Tailwind\n|move|p2a: Aerodactyl|Tailwind|p2a: Aerodactyl\n|-sidestart|p2: poisondart0424|move: Tailwind\n|cant|p2b: Garchomp|flinch\n|\n|upkeep\n|turn|2\n|\n|t:|1775977466\n|detailschange|p2a: Aerodactyl|Aerodactyl-Mega, L50, F\n|-mega|p2a: Aerodactyl|Aerodactyl|Aerodactylite\n|move|p2a: Aerodactyl|Dual Wingbeat|p1b: Sneasler\n|-supereffective|p1b: Sneasler|1\n|-damage|p1b: Sneasler|0 fnt\n|faint|p1b: Sneasler\n|-hitcount|p1: Sneasler|1\n|move|p1a: Aerodactyl|Rock Slide|p2b: Garchomp|[spread] p2a,p2b\n|-supereffective|p2a: Aerodactyl|1\n|-resisted|p2b: Garchomp|1\n|-damage|p2a: Aerodactyl|36/100\n|-damage|p2b: Garchomp|75/100\n|cant|p2b: Garchomp|flinch\n|\n|upkeep\n|\n|t:|1775977485\n|switch|p1b: Basculegion|Basculegion, L50, M|100/100\n|turn|3\n|\n|t:|1775977498\n|switch|p2a: Rotom|Rotom-Wash, L50|100/100\n|move|p1b: Basculegion|Aqua Jet|p2a: Rotom|[miss]\n|-miss|p1b: Basculegion|p2a: Rotom\n|move|p1a: Aerodactyl|Rock Slide|p2b: Garchomp|[spread] p2b\n|-miss|p1a: Aerodactyl|p2a: Rotom\n|-resisted|p2b: Garchomp|1\n|-damage|p2b: Garchomp|64/100\n|move|p2b: Garchomp|Rock Slide|p1b: Basculegion|[spread] p1a,p1b\n|-supereffective|p1a: Aerodactyl|1\n|-damage|p1a: Aerodactyl|45/100\n|-damage|p1b: Basculegion|77/100\n|\n|upkeep\n|turn|4\n|inactive|poisondart0424 has 30 seconds left.\n|\n|t:|1775977525\n|switch|p1b: Floette|Floette-Eternal, L50, F|100/100\n|move|p1a: Aerodactyl|Protect|p1a: Aerodactyl\n|-singleturn|p1a: Aerodactyl|Protect\n|move|p2b: Garchomp|Protect|p2b: Garchomp\n|-singleturn|p2b: Garchomp|Protect\n|move|p2a: Rotom|Discharge|p1b: Floette|[spread] p1b\n|-activate|p2b: Garchomp|move: Protect\n|-activate|p1a: Aerodactyl|move: Protect\n|-damage|p1b: Floette|79/100\n|\n|-sideend|p1: fyfyy|move: Tailwind\n|-sideend|p2: poisondart0424|move: Tailwind\n|upkeep\n|turn|5\n|j| maydeotentaomayngu\n|\n|t:|1775977546\n|switch|p2b: Incineroar|Incineroar, L50, M|100/100\n|-ability|p2b: Incineroar|Intimidate|boost\n|-unboost|p1a: Aerodactyl|atk|1\n|-unboost|p1b: Floette|atk|1\n|detailschange|p1b: Floette|Floette-Mega, L50, F\n|-mega|p1b: Floette|Floette|Floettite\n|-ability|p1b: Floette|Fairy Aura\n|move|p1a: Aerodactyl|Tailwind|p1a: Aerodactyl\n|-sidestart|p1: fyfyy|move: Tailwind\n|move|p1b: Floette|Dazzling Gleam|p2a: Rotom|[spread] p2a,p2b\n|-damage|p2a: Rotom|50/100\n|-damage|p2b: Incineroar|65/100\n|move|p2a: Rotom|Volt Switch|p1a: Aerodactyl\n|-supereffective|p1a: Aerodactyl|1\n|-damage|p1a: Aerodactyl|0 fnt\n|faint|p1a: Aerodactyl\n|l| giftedyewsucks\n|l| shoccco<3\n|\n|t:|1775977560\n|switch|p2a: Aerodactyl|Aerodactyl-Mega, L50, F|36/100|[from] Volt Switch\n|\n|upkeep\n|\n|t:|1775977562\n|switch|p1a: Basculegion|Basculegion, L50, M|77/100\n|turn|6\n|j| giftedyewsucks\n|inactive|poisondart0424 has 30 seconds left.\n|inactive|poisondart0424 has 20 seconds left.\n|\n|t:|1775977602\n|switch|p2a: Rotom|Rotom-Wash, L50|50/100\n|move|p1a: Basculegion|Wave Crash|p2a: Rotom\n|-resisted|p2a: Rotom|1\n|-damage|p2a: Rotom|6/100\n|-damage|p1a: Basculegion|66/100|[from] Recoil\n|move|p1b: Floette|Dazzling Gleam|p2a: Rotom|[spread] p2a,p2b\n|-damage|p2a: Rotom|0 fnt\n|-damage|p2b: Incineroar|31/100\n|-enditem|p2b: Incineroar|Sitrus Berry|[eat]\n|-heal|p2b: Incineroar|55/100|[from] item: Sitrus Berry\n|faint|p2a: Rotom\n|move|p2b: Incineroar|Throat Chop|p1a: Basculegion\n|-supereffective|p1a: Basculegion|1\n|-damage|p1a: Basculegion|0 fnt\n|faint|p1a: Basculegion\n|\n|upkeep\n|\n|t:|1775977622\n|switch|p2a: Garchomp|Garchomp, L50, M|64/100\n|turn|7\n|\n|t:|1775977633\n|move|p2a: Garchomp|Protect|p2a: Garchomp\n|-singleturn|p2a: Garchomp|Protect\n|move|p1b: Floette|Moonblast|p2b: Incineroar\n|-damage|p2b: Incineroar|1/100\n|-unboost|p2b: Incineroar|spa|1\n|move|p2b: Incineroar|Parting Shot|p1b: Floette\n|-unboost|p1b: Floette|atk|1\n|-unboost|p1b: Floette|spa|1\n|c|\u2606fyfyy|Oh god\n|\n|t:|1775977642\n|switch|p2b: Aerodactyl|Aerodactyl-Mega, L50, F|36/100|[from] Parting Shot\n|\n|upkeep\n|turn|8\n|j| do something babe\n|\n|t:|1775977664\n|switch|p2b: Incineroar|Incineroar, L50, M|1/100\n|-ability|p2b: Incineroar|Intimidate|boost\n|-unboost|p1b: Floette|atk|1\n|move|p1b: Floette|Dazzling Gleam|p2a: Garchomp|[spread] p2a,p2b\n|-supereffective|p2a: Garchomp|1\n|-damage|p2a: Garchomp|0 fnt\n|-damage|p2b: Incineroar|0 fnt\n|faint|p2a: Garchomp\n|faint|p2b: Incineroar\n|\n|-sideend|p1: fyfyy|move: Tailwind\n|upkeep\n|l| do something babe\n|\n|t:|1775977674\n|switch|p2b: Aerodactyl|Aerodactyl-Mega, L50, F|36/100\n|turn|9\n|\n|t:|1775977681\n|move|p2b: Aerodactyl|Iron Head|p1b: Floette\n|-supereffective|p1b: Floette|1\n|-damage|p1b: Floette|0 fnt\n|faint|p1b: Floette\n|\n|win|poisondart0424\n|n|\u2606fyfyy|fyfyy\n|n|\u2606poisondart0424|poisondart0424\n|n| aurora ltd|auroraltd\n|n| caramelpainn|caramelpainn\n|n| Reign1997|reign1997\n|n| maydeotentaomayngu|maydeotentaomayngu\n|n| giftedyewsucks|giftedyewsucks\n|c|\u2606fyfyy|ggs\n|l|\u2606fyfyy\n|player|p1|\n|c|\u2606poisondart0424|ggs\n|c|\u2606poisondart0424|wp\n|l| Reign1997\n",
  "uploadtime": 1775977704,
  "views": 11,
  "formatid": "gen9championsvgc2026regma",
  "rating": null,
  "private": 0,
  "password": null
}