{
  "id": "gen9championsvgc2026regma-2584484226",
  "format": "[Gen 9 Champions] VGC 2026 Reg M-A",
  "players": [
    "Mdjfbd",
    "hallieberdly"
  ],
  "log": "|j|\u2606Mdjfbd\n|j|\u2606hallieberdly\n|t:|1776263929\n|gametype|doubles\n|player|p1|Mdjfbd|266|1106\n|player|p2|hallieberdly|170|1110\n|gen|9\n|tier|[Gen 9 Champions] VGC 2026 Reg M-A\n|rated|\n|rule|Species Clause: Limit one of each Pok\u00e9mon\n|rule|Item Clause: Limit 1 of each item\n|clearpoke\n|poke|p1|Delphox, L50, F|\n|poke|p1|Whimsicott, L50, F|\n|poke|p1|Rotom-Wash, L50|\n|poke|p1|Mamoswine, L50, M|\n|poke|p1|Dragonite, L50, M|\n|poke|p1|Gliscor, L50, M|\n|poke|p2|Aggron, L50, F|\n|poke|p2|Aerodactyl, L50, M|\n|poke|p2|Rotom-Wash, L50|\n|poke|p2|Basculegion, L50, M|\n|poke|p2|Sneasler, L50, M|\n|poke|p2|Sinistcha, L50|\n|teampreview|4\n|inactive|Battle timer is ON: inactive players will automatically lose when time's up. (requested by Mdjfbd)\n|inactive|Mdjfbd has 60 seconds left.\n|\n|t:|1776263962\n|teamsize|p1|4\n|teamsize|p2|4\n|start\n|switch|p1a: Mamoswine|Mamoswine, L50, M|100/100\n|switch|p1b: Rotom|Rotom-Wash, L50|100/100\n|switch|p2a: Sneasler|Sneasler, L50, M|100/100\n|switch|p2b: Aerodactyl|Aerodactyl, L50, M|100/100\n|-ability|p2b: Aerodactyl|Unnerve\n|turn|1\n|inactive|hallieberdly has 30 seconds left.\n|inactive|hallieberdly has 20 seconds left.\n|\n|t:|1776264001\n|switch|p1a: Gliscor|Gliscor, L50, M|100/100\n|move|p2a: Sneasler|Fake Out|p1a: Gliscor\n|-damage|p1a: Gliscor|88/100\n|move|p1b: Rotom|Discharge|p2b: Aerodactyl|[spread] p2a,p2b\n|-immune|p1a: Gliscor\n|-supereffective|p2b: Aerodactyl|1\n|-damage|p2a: Sneasler|64/100\n|-damage|p2b: Aerodactyl|15/100\n|move|p2b: Aerodactyl|Tailwind|p2b: Aerodactyl\n|-sidestart|p2: hallieberdly|move: Tailwind\n|\n|upkeep\n|turn|2\n|\n|t:|1776264017\n|move|p2b: Aerodactyl|Stone Edge|p1a: Gliscor\n|-damage|p1a: Gliscor|48/100\n|move|p2a: Sneasler|Dire Claw|p1b: Rotom\n|-damage|p1b: Rotom|50/100\n|move|p1b: Rotom|Discharge|p2a: Sneasler|[spread] p2a,p2b\n|-immune|p1a: Gliscor\n|-supereffective|p2b: Aerodactyl|1\n|-damage|p2a: Sneasler|25/100\n|-damage|p2b: Aerodactyl|0 fnt\n|faint|p2b: Aerodactyl\n|move|p1a: Gliscor|Tailwind|p1a: Gliscor\n|-sidestart|p1: Mdjfbd|move: Tailwind\n|\n|upkeep\n|\n|t:|1776264029\n|switch|p2b: Aggron|Aggron, L50, F|100/100\n|turn|3\n|\n|t:|1776264039\n|detailschange|p2b: Aggron|Aggron-Mega, L50, F\n|-mega|p2b: Aggron|Aggron|Aggronite\n|move|p1b: Rotom|Discharge|p2b: Aggron|[spread] p2a,p2b\n|-immune|p1a: Gliscor\n|-damage|p2a: Sneasler|0 fnt\n|-damage|p2b: Aggron|72/100\n|faint|p2a: Sneasler\n|move|p1a: Gliscor|Earthquake|p2b: Aggron|[spread] p2b\n|-immune|p1b: Rotom|[from] ability: Levitate\n|-supereffective|p2b: Aggron|1\n|-damage|p2b: Aggron|43/100\n|move|p2b: Aggron|Iron Defense|p2b: Aggron\n|-boost|p2b: Aggron|def|2\n|\n|upkeep\n|\n|t:|1776264052\n|switch|p2a: Sinistcha|Sinistcha, L50|100/100\n|-heal|p2b: Aggron|68/100|[from] ability: Hospitality|[of] p2a: Sinistcha\n|turn|4\n|\n|t:|1776264058\n|move|p1b: Rotom|Discharge|p2a: Sinistcha|[spread] p2a,p2b\n|-immune|p1a: Gliscor\n|-resisted|p2a: Sinistcha|1\n|-damage|p2a: Sinistcha|87/100\n|-damage|p2b: Aggron|42/100\n|move|p1a: Gliscor|Dual Wingbeat|p2a: Sinistcha\n|-supereffective|p2a: Sinistcha|1\n|-damage|p2a: Sinistcha|52/100\n|-supereffective|p2a: Sinistcha|1\n|-damage|p2a: Sinistcha|14/100\n|-hitcount|p2a: Sinistcha|2\n|move|p2a: Sinistcha|Matcha Gotcha|p1a: Gliscor|[spread] p1a,p1b\n|-supereffective|p1b: Rotom|1\n|-damage|p1a: Gliscor|17/100\n|-heal|p2a: Sinistcha|29/100|[from] drain|[of] p1a: Gliscor\n|-damage|p1b: Rotom|0 fnt\n|-heal|p2a: Sinistcha|47/100|[from] drain|[of] p1b: Rotom\n|faint|p1b: Rotom\n|move|p2b: Aggron|Iron Defense|p2b: Aggron\n|-boost|p2b: Aggron|def|2\n|\n|-sideend|p2: hallieberdly|move: Tailwind\n|upkeep\n|\n|t:|1776264074\n|switch|p1b: Delphox|Delphox, L50, F|100/100\n|turn|5\n|\n|t:|1776264084\n|detailschange|p1b: Delphox|Delphox-Mega, L50, F\n|-mega|p1b: Delphox|Delphox|Delphoxite\n|move|p2b: Aggron|Protect|p2b: Aggron\n|-singleturn|p2b: Aggron|Protect\n|move|p1b: Delphox|Heat Wave|p2b: Aggron|[spread] p2a\n|-activate|p2b: Aggron|move: Protect\n|-supereffective|p2a: Sinistcha|1\n|-damage|p2a: Sinistcha|0 fnt\n|faint|p2a: Sinistcha\n|move|p1a: Gliscor|Earthquake|p2b: Aggron|[spread] \n|-activate|p2b: Aggron|move: Protect\n|-immune|p1b: Delphox|[from] ability: Levitate\n|\n|-sideend|p1: Mdjfbd|move: Tailwind\n|upkeep\n|turn|6\n|\n|t:|1776264095\n|move|p1b: Delphox|Heat Wave|p2b: Aggron\n|-supereffective|p2b: Aggron|1\n|-damage|p2b: Aggron|0 fnt\n|faint|p2b: Aggron\n|\n|win|Mdjfbd\n|raw|Mdjfbd's rating: 1106 &rarr; <strong>1131</strong><br />(+25 for winning)\n|raw|hallieberdly's rating: 1110 &rarr; <strong>1085</strong><br />(-25 for losing)\n|l|\u2606hallieberdly\n|player|p2|\n",
  "uploadtime": 1776264098,
  "views": 24,
  "formatid": "gen9championsvgc2026regma",
  "rating": 1085,
  "private": 0,
  "password": null
}