{
  "id": "gen9championsvgc2026regma-2588306947",
  "format": "[Gen 9 Champions] VGC 2026 Reg M-A",
  "players": [
    "uchell",
    "Scrubby009"
  ],
  "log": "|j|\u2606uchell\n|j|\u2606Scrubby009\n|t:|1776622747\n|gametype|doubles\n|player|p1|uchell|102|1313\n|player|p2|Scrubby009|skyla|1387\n|gen|9\n|tier|[Gen 9 Champions] VGC 2026 Reg M-A\n|rated|\n|rule|Species Clause: Limit one of each Pok\u00e9mon\n|rule|Item Clause: Limit 1 of each item\n|clearpoke\n|poke|p1|Golurk, L50|\n|poke|p1|Torkoal, L50, M|\n|poke|p1|Venusaur, L50, M|\n|poke|p1|Incineroar, L50, M|\n|poke|p1|Sneasler, L50, F|\n|poke|p1|Farigiraf, L50, F|\n|poke|p2|Lopunny, L50, F, shiny|\n|poke|p2|Rotom-Wash, L50|\n|poke|p2|Sinistcha, L50|\n|poke|p2|Dragapult, L50, M|\n|poke|p2|Talonflame, L50, F|\n|poke|p2|Kingambit, L50, F|\n|teampreview|4\n|inactive|Battle timer is ON: inactive players will automatically lose when time's up. (requested by uchell)\n|c|\u2606Scrubby009|glhf\n|\n|t:|1776622767\n|teamsize|p1|4\n|teamsize|p2|4\n|start\n|switch|p1a: Sneasler|Sneasler, L50, F|100/100\n|switch|p1b: Farigiraf|Farigiraf, L50, F|100/100\n|switch|p2a: B-Girl Kelly|Lopunny, L50, F, shiny|100/100\n|switch|p2b: FlamericanAirlines|Talonflame, L50, F|100/100\n|turn|1\n|inactive|uchell has 30 seconds left.\n|inactive|Scrubby009 has 30 seconds left.\n|inactive|uchell has 20 seconds left.\n|inactive|uchell has 15 seconds left.\n|inactive|uchell has 10 seconds left.\n|\n|t:|1776622815\n|detailschange|p2a: B-Girl Kelly|Lopunny-Mega, L50, F, shiny\n|-mega|p2a: B-Girl Kelly|Lopunny|Lopunnite\n|move|p1a: Sneasler|Fake Out|p2b: FlamericanAirlines\n|-damage|p2b: FlamericanAirlines|80/100\n|move|p2a: B-Girl Kelly|U-turn|p1b: Farigiraf\n|-supereffective|p1b: Farigiraf|1\n|-damage|p1b: Farigiraf|59/100\n|\n|t:|1776622821\n|switch|p2a: Hot Pocket|Rotom-Wash, L50|100/100|[from] U-turn\n|cant|p2b: FlamericanAirlines|flinch\n|move|p1b: Farigiraf|Trick Room|p1b: Farigiraf\n|-fieldstart|move: Trick Room|[of] p1b: Farigiraf\n|\n|upkeep\n|turn|2\n|inactive|uchell has 30 seconds left.\n|\n|t:|1776622855\n|move|p1b: Farigiraf|Hyper Voice|p2a: Hot Pocket|[spread] p2a,p2b\n|-damage|p2a: Hot Pocket|73/100\n|-damage|p2b: FlamericanAirlines|36/100\n|move|p2a: Hot Pocket|Nasty Plot|p2a: Hot Pocket\n|-boost|p2a: Hot Pocket|spa|2\n|move|p2b: FlamericanAirlines|Dual Wingbeat|p1a: Sneasler\n|-supereffective|p1a: Sneasler|1\n|-damage|p1a: Sneasler|45/100\n|-supereffective|p1a: Sneasler|1\n|-damage|p1a: Sneasler|0 fnt\n|faint|p1a: Sneasler\n|-hitcount|p1: Sneasler|2\n|\n|-heal|p2a: Hot Pocket|79/100|[from] item: Leftovers\n|upkeep\n|\n|t:|1776622877\n|switch|p1a: Golurk|Golurk, L50|100/100\n|turn|3\n|inactive|Scrubby009 has 30 seconds left.\n|\n|t:|1776622907\n|detailschange|p1a: Golurk|Golurk-Mega, L50\n|-mega|p1a: Golurk|Golurk|Golurkite\n|move|p2a: Hot Pocket|Protect|p2a: Hot Pocket\n|-singleturn|p2a: Hot Pocket|Protect\n|move|p1a: Golurk|Poltergeist|p2a: Hot Pocket\n|-activate|p2a: Hot Pocket|move: Protect\n|move|p1b: Farigiraf|Psychic|p2b: FlamericanAirlines\n|-damage|p2b: FlamericanAirlines|0 fnt\n|faint|p2b: FlamericanAirlines\n|\n|-heal|p2a: Hot Pocket|85/100|[from] item: Leftovers\n|upkeep\n|\n|t:|1776622916\n|switch|p2b: Jetstream Sam|Dragapult, L50, M|100/100\n|turn|4\n|\n|t:|1776622933\n|move|p1a: Golurk|Poltergeist|p2a: Hot Pocket|[miss]\n|-miss|p1a: Golurk|p2a: Hot Pocket\n|move|p1b: Farigiraf|Psychic|p2b: Jetstream Sam\n|-damage|p2b: Jetstream Sam|52/100\n|move|p2a: Hot Pocket|Hydro Pump|p1a: Golurk|[miss]\n|-miss|p2a: Hot Pocket|p1a: Golurk\n|move|p2b: Jetstream Sam|Phantom Force||[still]\n|-prepare|p2b: Jetstream Sam|Phantom Force\n|\n|-heal|p2a: Hot Pocket|91/100|[from] item: Leftovers\n|upkeep\n|turn|5\n|inactive|uchell has 30 seconds left.\n|inactive|uchell has 20 seconds left.\n|\n|t:|1776622969\n|move|p1a: Golurk|Protect|p1a: Golurk\n|-singleturn|p1a: Golurk|Protect\n|move|p2a: Hot Pocket|Protect|p2a: Hot Pocket\n|-singleturn|p2a: Hot Pocket|Protect\n|move|p1b: Farigiraf|Psychic|p2a: Hot Pocket\n|-activate|p2a: Hot Pocket|move: Protect\n|move|p2b: Jetstream Sam|Phantom Force|p1a: Golurk|[from] lockedmove\n|-activate|p1a: Golurk|move: Phantom Force|[broken]\n|-supereffective|p1a: Golurk|1\n|-crit|p1a: Golurk\n|-damage|p1a: Golurk|0 fnt\n|faint|p1a: Golurk\n|\n|-heal|p2a: Hot Pocket|98/100|[from] item: Leftovers\n|-fieldend|move: Trick Room\n|upkeep\n|\n|t:|1776622989\n|switch|p1a: Torkoal|Torkoal, L50, M|100/100\n|-weather|SunnyDay|[from] ability: Drought|[of] p1a: Torkoal\n|turn|6\n|\n|t:|1776622997\n|move|p1a: Torkoal|Protect|p1a: Torkoal\n|-singleturn|p1a: Torkoal|Protect\n|move|p2b: Jetstream Sam|Dragon Darts|p1b: Farigiraf\n|-damage|p1b: Farigiraf|37/100\n|-enditem|p1b: Farigiraf|Sitrus Berry|[eat]\n|-heal|p1b: Farigiraf|62/100|[from] item: Sitrus Berry\n|-anim|p2b: Jetstream Sam|Dragon Darts|p1b: Farigiraf\n|-damage|p1b: Farigiraf|40/100\n|move|p2a: Hot Pocket|Thunderbolt|p1b: Farigiraf\n|-damage|p1b: Farigiraf|0 fnt\n|faint|p1b: Farigiraf\n|\n|-weather|SunnyDay|[upkeep]\n|-heal|p2a: Hot Pocket|100/100|[from] item: Leftovers\n|upkeep\n|turn|7\n|-message|uchell forfeited.\n|\n|win|Scrubby009\n|raw|uchell's rating: 1313 &rarr; <strong>1297</strong><br />(-16 for losing)\n|raw|Scrubby009's rating: 1387 &rarr; <strong>1403</strong><br />(+16 for winning)\n|l|\u2606uchell\n|player|p1|\n",
  "uploadtime": 1776623009,
  "views": 23,
  "formatid": "gen9championsvgc2026regma",
  "rating": 1297,
  "private": 0,
  "password": null
}