{
  "id": "gen9championsvgc2026regma-2588525232",
  "format": "[Gen 9 Champions] VGC 2026 Reg M-A",
  "players": [
    "dirceu da sinuca",
    "iwfghw"
  ],
  "log": "|j|\u2606dirceu da sinuca\n|j|\u2606iwfghw\n|t:|1776641600\n|gametype|doubles\n|player|p1|dirceu da sinuca|2|1045\n|player|p2|iwfghw|1|1000\n|gen|9\n|tier|[Gen 9 Champions] VGC 2026 Reg M-A\n|rated|\n|rule|Species Clause: Limit one of each Pok\u00e9mon\n|rule|Item Clause: Limit 1 of each item\n|clearpoke\n|poke|p1|Scizor, L50, F|\n|poke|p1|Milotic, L50, M|\n|poke|p1|Incineroar, L50, M|\n|poke|p1|Kommo-o, L50, F|\n|poke|p1|Basculegion, L50, M|\n|poke|p1|Sinistcha, L50|\n|poke|p2|Archaludon, L50, M, shiny|\n|poke|p2|Pelipper, L50, M, shiny|\n|poke|p2|Sinistcha, L50, shiny|\n|poke|p2|Floette-Eternal, L50, F|\n|poke|p2|Hawlucha, L50, M, shiny|\n|poke|p2|Kingambit, L50, M, shiny|\n|teampreview|4\n|\n|t:|1776641626\n|teamsize|p1|4\n|teamsize|p2|4\n|start\n|switch|p1a: Sinistcha|Sinistcha, L50|100/100\n|switch|p1b: Milotic|Milotic, L50, M|100/100\n|switch|p2a: Hawlucha|Hawlucha, L50, M, shiny|100/100\n|switch|p2b: Kingambit|Kingambit, L50, M, shiny|100/100\n|turn|1\n|\n|t:|1776641650\n|detailschange|p2a: Hawlucha|Hawlucha-Mega, L50, M, shiny\n|-mega|p2a: Hawlucha|Hawlucha|Hawluchanite\n|move|p2a: Hawlucha|Entrainment|p2b: Kingambit\n|-ability|p2b: Kingambit|No Guard|Defiant|[from] move: Entrainment|[of] p2a: Hawlucha\n|move|p1b: Milotic|Scald|p2a: Hawlucha\n|-damage|p2a: Hawlucha|54/100\n|move|p2b: Kingambit|Guillotine|p1b: Milotic\n|-damage|p1b: Milotic|0 fnt\n|faint|p1b: Milotic\n|-ohko\n|move|p1a: Sinistcha|Matcha Gotcha|p2a: Hawlucha|[spread] p2a,p2b\n|-resisted|p2a: Hawlucha|1\n|-resisted|p2b: Kingambit|1\n|-crit|p2b: Kingambit\n|-damage|p2a: Hawlucha|36/100\n|-damage|p2b: Kingambit|75/100\n|\n|upkeep\n|\n|t:|1776641667\n|switch|p1b: Scizor|Scizor, L50, F|100/100\n|turn|2\n|\n|t:|1776641687\n|move|p1b: Scizor|Bullet Punch|p2a: Hawlucha\n|-damage|p2a: Hawlucha|0 fnt\n|faint|p2a: Hawlucha\n|move|p2b: Kingambit|Guillotine|p1b: Scizor\n|-damage|p1b: Scizor|0 fnt\n|faint|p1b: Scizor\n|-ohko\n|move|p1a: Sinistcha|Trick Room|p1a: Sinistcha\n|-fieldstart|move: Trick Room|[of] p1a: Sinistcha\n|\n|upkeep\n|\n|t:|1776641714\n|switch|p1b: Basculegion|Basculegion, L50, M|100/100\n|switch|p2a: Pelipper|Pelipper, L50, M, shiny|100/100\n|-weather|RainDance|[from] ability: Drizzle|[of] p2a: Pelipper\n|turn|3\n|\n|t:|1776641737\n|move|p1b: Basculegion|Protect|p1b: Basculegion\n|-singleturn|p1b: Basculegion|Protect\n|move|p1a: Sinistcha|Matcha Gotcha|p2b: Kingambit|[spread] p2a,p2b\n|-resisted|p2b: Kingambit|1\n|-damage|p2a: Pelipper|56/100\n|-damage|p2b: Kingambit|58/100\n|move|p2b: Kingambit|Guillotine|p1b: Basculegion\n|-activate|p1b: Basculegion|move: Protect\n|move|p2a: Pelipper|Hurricane|p1b: Basculegion\n|-activate|p1b: Basculegion|move: Protect\n|\n|-weather|RainDance|[upkeep]\n|upkeep\n|turn|4\n|\n|t:|1776641753\n|move|p1b: Basculegion|Protect|p1b: Basculegion\n|-singleturn|p1b: Basculegion|Protect\n|move|p1a: Sinistcha|Matcha Gotcha|p2b: Kingambit|[spread] p2a,p2b\n|-resisted|p2b: Kingambit|1\n|-damage|p2a: Pelipper|16/100\n|-damage|p2b: Kingambit|41/100\n|move|p2b: Kingambit|Guillotine|p1b: Basculegion\n|-activate|p1b: Basculegion|move: Protect\n|move|p2a: Pelipper|Hurricane|p1b: Basculegion\n|-activate|p1b: Basculegion|move: Protect\n|\n|-weather|RainDance|[upkeep]\n|upkeep\n|turn|5\n|\n|t:|1776641782\n|move|p2b: Kingambit|Protect|p2b: Kingambit\n|-singleturn|p2b: Kingambit|Protect\n|move|p2a: Pelipper|Protect|p2a: Pelipper\n|-singleturn|p2a: Pelipper|Protect\n|move|p1b: Basculegion|Protect||[still]\n|-fail|p1b: Basculegion\n|move|p1a: Sinistcha|Matcha Gotcha|p2a: Pelipper|[spread] \n|-activate|p2a: Pelipper|move: Protect\n|-activate|p2b: Kingambit|move: Protect\n|\n|-weather|RainDance|[upkeep]\n|upkeep\n|turn|6\n|\n|t:|1776641800\n|move|p1b: Basculegion|Protect|p1b: Basculegion\n|-singleturn|p1b: Basculegion|Protect\n|move|p1a: Sinistcha|Matcha Gotcha|p2a: Pelipper|[spread] p2a,p2b\n|-resisted|p2b: Kingambit|1\n|-damage|p2a: Pelipper|0 fnt\n|-damage|p2b: Kingambit|23/100\n|faint|p2a: Pelipper\n|move|p2b: Kingambit|Kowtow Cleave|p1a: Sinistcha\n|-supereffective|p1a: Sinistcha|1\n|-damage|p1a: Sinistcha|15/100\n|\n|-weather|RainDance|[upkeep]\n|-fieldend|move: Trick Room\n|upkeep\n|\n|t:|1776641811\n|switch|p2a: Archaludon|Archaludon, L50, M, shiny|100/100\n|turn|7\n|\n|t:|1776641815\n|move|p1b: Basculegion|Protect||[still]\n|-fail|p1b: Basculegion\n|move|p2a: Archaludon|Electro Shot||[still]\n|-prepare|p2a: Archaludon|Electro Shot\n|-boost|p2a: Archaludon|spa|1\n|-anim|p2a: Archaludon|Electro Shot|p1b: Basculegion\n|-supereffective|p1b: Basculegion|1\n|-damage|p1b: Basculegion|0 fnt\n|faint|p1b: Basculegion\n|move|p2b: Kingambit|Kowtow Cleave|p1a: Sinistcha\n|-supereffective|p1a: Sinistcha|1\n|-damage|p1a: Sinistcha|0 fnt\n|faint|p1a: Sinistcha\n|\n|win|iwfghw\n|raw|dirceu da sinuca's rating: 1045 &rarr; <strong>1026</strong><br />(-19 for losing)\n|raw|iwfghw's rating: 1000 &rarr; <strong>1045</strong><br />(+45 for winning)\n|l|\u2606dirceu da sinuca\n|player|p1|\n",
  "uploadtime": 1776641828,
  "views": 13,
  "formatid": "gen9championsvgc2026regma",
  "rating": 1026,
  "private": 0,
  "password": null
}