{
  "id": "gen9championsvgc2026regma-2588238724",
  "format": "[Gen 9 Champions] VGC 2026 Reg M-A",
  "players": [
    "soilderboi-323",
    "sethsety"
  ],
  "log": "|j|\u2606soilderboi-323\n|j|\u2606sethsety\n|t:|1776617099\n|gametype|doubles\n|player|p1|soilderboi-323|birdkeeper-gen4dp|1135\n|player|p2|sethsety|102|1048\n|gen|9\n|tier|[Gen 9 Champions] VGC 2026 Reg M-A\n|rated|\n|rule|Species Clause: Limit one of each Pok\u00e9mon\n|rule|Item Clause: Limit 1 of each item\n|clearpoke\n|poke|p1|Aggron, L50, M|\n|poke|p1|Maushold-Four, L50|\n|poke|p1|Pelipper, L50, F|\n|poke|p1|Sinistcha, L50|\n|poke|p1|Meganium, L50, F|\n|poke|p1|Incineroar, L50, F|\n|poke|p2|Archaludon, L50, M, shiny|\n|poke|p2|Pelipper, L50, M, shiny|\n|poke|p2|Sinistcha, L50, shiny|\n|poke|p2|Floette-Eternal, L50, F|\n|poke|p2|Hawlucha, L50, M, shiny|\n|poke|p2|Kingambit, L50, M, shiny|\n|teampreview|4\nsethsety rejected open team sheets.\n|inactive|Battle timer is ON: inactive players will automatically lose when time's up. (requested by sethsety)\n|inactive|soilderboi-323 has 60 seconds left.\n|inactive|soilderboi-323 has 30 seconds left.\n|inactive|soilderboi-323 has 20 seconds left.\n|inactive|soilderboi-323 has 15 seconds left.\n|inactive|soilderboi-323 has 10 seconds left.\n|\n|t:|1776617196\n|teamsize|p1|4\n|teamsize|p2|4\n|start\n|switch|p1a: Pelipper|Pelipper, L50, F|100/100\n|switch|p1b: Incineroar|Incineroar, L50, F|100/100\n|switch|p2a: Hawlucha|Hawlucha, L50, M, shiny|100/100\n|switch|p2b: Kingambit|Kingambit, L50, M, shiny|100/100\n|-weather|RainDance|[from] ability: Drizzle|[of] p1a: Pelipper\n|-ability|p1b: Incineroar|Intimidate|boost\n|-unboost|p2a: Hawlucha|atk|1\n|-unboost|p2b: Kingambit|atk|1\n|-ability|p2b: Kingambit|Defiant|boost\n|-boost|p2b: Kingambit|atk|2\n|turn|1\n|inactive|sethsety has 30 seconds left.\n|\n|t:|1776617223\n|detailschange|p2a: Hawlucha|Hawlucha-Mega, L50, M, shiny\n|-mega|p2a: Hawlucha|Hawlucha|Hawluchanite\n|move|p1b: Incineroar|Fake Out|p2b: Kingambit\n|-resisted|p2b: Kingambit|1\n|-damage|p2b: Kingambit|96/100\n|move|p2a: Hawlucha|Entrainment|p2b: Kingambit\n|-ability|p2b: Kingambit|No Guard|Defiant|[from] move: Entrainment|[of] p2a: Hawlucha\n|move|p1a: Pelipper|Tailwind|p1a: Pelipper\n|-sidestart|p1: soilderboi-323|move: Tailwind\n|cant|p2b: Kingambit|flinch\n|\n|-weather|RainDance|[upkeep]\n|upkeep\n|turn|2\n|c|\u2606soilderboi-323|wait\n|c|\u2606soilderboi-323|no\n|inactive|sethsety has 30 seconds left.\n|c|\u2606soilderboi-323|wait\n|\n|t:|1776617251\n|switch|p2a: Pelipper|Pelipper, L50, M, shiny|100/100\n|move|p1a: Pelipper|Hurricane|p2a: Pelipper\n|-damage|p2a: Pelipper|46/100\n|move|p1b: Incineroar|Flare Blitz|p2b: Kingambit\n|-supereffective|p2b: Kingambit|1\n|-damage|p2b: Kingambit|55/100\n|-damage|p1b: Incineroar|89/100|[from] Recoil\n|move|p2b: Kingambit|Guillotine|p1b: Incineroar\n|-damage|p1b: Incineroar|0 fnt\n|faint|p1b: Incineroar\n|-ohko\n|\n|-weather|RainDance|[upkeep]\n|upkeep\n|c|\u2606soilderboi-323|waitijfbewyYUFOQ\n|c|\u2606soilderboi-323|NOOOOOOOOOOOOOOOOO\n|\n|t:|1776617276\n|switch|p1b: Sinistcha|Sinistcha, L50|100/100\n|turn|3\n|\n|t:|1776617299\n|move|p1a: Pelipper|Weather Ball|p2b: Kingambit\n|-damage|p2b: Kingambit|0 fnt\n|faint|p2b: Kingambit\n|move|p1b: Sinistcha|Matcha Gotcha|p2a: Pelipper\n|-damage|p2a: Pelipper|0 fnt\n|faint|p2a: Pelipper\n|\n|-weather|RainDance|[upkeep]\n|upkeep\n|\n|t:|1776617308\n|switch|p2a: Archaludon|Archaludon, L50, M, shiny|100/100\n|switch|p2b: Hawlucha|Hawlucha-Mega, L50, M, shiny|100/100\n|turn|4\n|c|\u2606soilderboi-323|i can breath now\n|inactive|soilderboi-323 has 30 seconds left.\n|\n|t:|1776617333\n|move|p2b: Hawlucha|Protect|p2b: Hawlucha\n|-singleturn|p2b: Hawlucha|Protect\n|move|p2a: Archaludon|Protect|p2a: Archaludon\n|-singleturn|p2a: Archaludon|Protect\n|move|p1a: Pelipper|Hurricane|p2b: Hawlucha\n|-activate|p2b: Hawlucha|move: Protect\n|move|p1b: Sinistcha|Trick Room|p1b: Sinistcha\n|-fieldstart|move: Trick Room|[of] p1b: Sinistcha\n|\n|-weather|RainDance|[upkeep]\n|-sideend|p1: soilderboi-323|move: Tailwind\n|upkeep\n|turn|5\n|\n|t:|1776617357\n|move|p1b: Sinistcha|Rage Powder|p1b: Sinistcha\n|-singleturn|p1b: Sinistcha|move: Rage Powder\n|move|p2a: Archaludon|Electro Shot||[still]\n|-prepare|p2a: Archaludon|Electro Shot\n|-boost|p2a: Archaludon|spa|1\n|-anim|p2a: Archaludon|Electro Shot|p1b: Sinistcha\n|-resisted|p1b: Sinistcha|1\n|-damage|p1b: Sinistcha|67/100\n|move|p1a: Pelipper|Hurricane|p2b: Hawlucha\n|-supereffective|p2b: Hawlucha|1\n|-damage|p2b: Hawlucha|12/100\n|move|p2b: Hawlucha|Rock Slide|p1b: Sinistcha|[spread] p1a,p1b\n|-supereffective|p1a: Pelipper|1\n|-crit|p1b: Sinistcha\n|-damage|p1a: Pelipper|57/100\n|-damage|p1b: Sinistcha|40/100\n|\n|-weather|none\n|-heal|p1b: Sinistcha|47/100|[from] item: Leftovers\n|upkeep\n|turn|6\n|\n|t:|1776617382\n|move|p1a: Pelipper|Helping Hand|p1b: Sinistcha\n|-singleturn|p1b: Sinistcha|Helping Hand|[of] p1a: Pelipper\n|move|p2b: Hawlucha|Protect|p2b: Hawlucha\n|-singleturn|p2b: Hawlucha|Protect\n|move|p1b: Sinistcha|Matcha Gotcha|p2a: Archaludon|[spread] p2a\n|-activate|p2b: Hawlucha|move: Protect\n|-resisted|p2a: Archaludon|2\n|-crit|p2a: Archaludon\n|-damage|p2a: Archaludon|84/100\n|-heal|p1b: Sinistcha|54/100|[from] drain|[of] p2a: Archaludon\n|-ability|p2a: Archaludon|Stamina|boost\n|-boost|p2a: Archaludon|def|1\n|move|p2a: Archaludon|Flash Cannon|p1b: Sinistcha\n|-damage|p1b: Sinistcha|3/100\n|\n|-heal|p1b: Sinistcha|9/100|[from] item: Leftovers\n|upkeep\n|turn|7\n|inactive|soilderboi-323 has 30 seconds left.\n|\n|t:|1776617409\n|switch|p1b: Aggron|Aggron, L50, M|100/100\n|move|p2a: Archaludon|Flash Cannon|p1b: Aggron\n|-damage|p1b: Aggron|27/100\n|move|p1a: Pelipper|Weather Ball|p2b: Hawlucha\n|-damage|p2b: Hawlucha|0 fnt\n|faint|p2b: Hawlucha\n|\n|upkeep\n|turn|8\n|\n|t:|1776617431\n|switch|p1a: Sinistcha|Sinistcha, L50|9/100\n|-heal|p1b: Aggron|52/100|[from] ability: Hospitality|[of] p1a: Sinistcha\n|detailschange|p1b: Aggron|Aggron-Mega, L50, M\n|-mega|p1b: Aggron|Aggron|Aggronite\n|move|p1b: Aggron|Protect|p1b: Aggron\n|-singleturn|p1b: Aggron|Protect\n|move|p2a: Archaludon|Flash Cannon|p1b: Aggron\n|-activate|p1b: Aggron|move: Protect\n|\n|-heal|p1a: Sinistcha|16/100|[from] item: Leftovers\n|-fieldend|move: Trick Room\n|upkeep\n|turn|9\n|inactive|soilderboi-323 has 30 seconds left.\n|\n|t:|1776617462\n|move|p1a: Sinistcha|Rage Powder|p1a: Sinistcha\n|-singleturn|p1a: Sinistcha|move: Rage Powder\n|move|p2a: Archaludon|Flash Cannon|p1a: Sinistcha\n|-damage|p1a: Sinistcha|0 fnt\n|faint|p1a: Sinistcha\n|move|p1b: Aggron|Iron Defense|p1b: Aggron\n|-boost|p1b: Aggron|def|2\n|\n|upkeep\n|\n|t:|1776617471\n|switch|p1a: Pelipper|Pelipper, L50, F|57/100\n|-weather|RainDance|[from] ability: Drizzle|[of] p1a: Pelipper\n|turn|10\n|\n|t:|1776617483\n|move|p1a: Pelipper|Tailwind|p1a: Pelipper\n|-sidestart|p1: soilderboi-323|move: Tailwind\n|move|p1b: Aggron|Iron Defense|p1b: Aggron\n|-boost|p1b: Aggron|def|2\n|move|p2a: Archaludon|Electro Shot||[still]\n|-prepare|p2a: Archaludon|Electro Shot\n|-boost|p2a: Archaludon|spa|1\n|-anim|p2a: Archaludon|Electro Shot|p1b: Aggron\n|-damage|p1b: Aggron|0 fnt\n|faint|p1b: Aggron\n|\n|-weather|RainDance|[upkeep]\n|upkeep\n|turn|11\n|\n|t:|1776617496\n|move|p1a: Pelipper|Hurricane|p2a: Archaludon\n|-resisted|p2a: Archaludon|1\n|-damage|p2a: Archaludon|64/100\n|-ability|p2a: Archaludon|Stamina|boost\n|-boost|p2a: Archaludon|def|1\n|move|p2a: Archaludon|Electro Shot||[still]\n|-prepare|p2a: Archaludon|Electro Shot\n|-boost|p2a: Archaludon|spa|1\n|-anim|p2a: Archaludon|Electro Shot|p1a: Pelipper\n|-supereffective|p1a: Pelipper|2\n|-damage|p1a: Pelipper|0 fnt\n|faint|p1a: Pelipper\n|\n|win|sethsety\n|raw|soilderboi-323's rating: 1135 &rarr; <strong>1104</strong><br />(-31 for losing)\n|raw|sethsety's rating: 1048 &rarr; <strong>1089</strong><br />(+41 for winning)\n|l|\u2606soilderboi-323\n|player|p1|\n",
  "uploadtime": 1776617512,
  "views": 11,
  "formatid": "gen9championsvgc2026regma",
  "rating": 1089,
  "private": 0,
  "password": null
}