{
  "id": "gen9championsvgc2026regma-2585656995",
  "format": "[Gen 9 Champions] VGC 2026 Reg M-A",
  "players": [
    "orionsayshi",
    "joemomma12"
  ],
  "log": "|j|\u2606orionsayshi\n|j|\u2606joemomma12\n|t:|1776361693\n|gametype|doubles\n|player|p1|orionsayshi|elesa|1093\n|player|p2|joemomma12|170|1197\n|gen|9\n|tier|[Gen 9 Champions] VGC 2026 Reg M-A\n|rated|\n|rule|Species Clause: Limit one of each Pok\u00e9mon\n|rule|Item Clause: Limit 1 of each item\n|clearpoke\n|poke|p1|Incineroar, L50, F|\n|poke|p1|Gengar, L50, M|\n|poke|p1|Sableye, L50, F|\n|poke|p1|Arcanine-Hisui, L50, M|\n|poke|p1|Bellibolt, L50, F|\n|poke|p1|Sinistcha, L50|\n|poke|p2|Tyranitar, L50, F|\n|poke|p2|Garchomp, L50, M|\n|poke|p2|Aerodactyl, L50, F|\n|poke|p2|Orthworm, L50, M|\n|poke|p2|Rotom-Wash, L50|\n|poke|p2|Sneasler, L50, F|\n|teampreview|4\n|inactive|Battle timer is ON: inactive players will automatically lose when time's up. (requested by orionsayshi)\njoemomma12 rejected open team sheets.\n|inactive|joemomma12 has 60 seconds left.\n|\n|t:|1776361761\n|teamsize|p1|4\n|teamsize|p2|4\n|start\n|switch|p1a: Gengar|Gengar, L50, M|100/100\n|switch|p1b: Sableye|Sableye, L50, F|100/100\n|switch|p2a: Rotom|Rotom-Wash, L50|100/100\n|switch|p2b: Aerodactyl|Aerodactyl, L50, F|100/100\n|-ability|p2b: Aerodactyl|Unnerve\n|turn|1\n|c|\u2606joemomma12|perish song core?\n|inactive|joemomma12 has 30 seconds left.\n|\n|t:|1776361796\n|detailschange|p1a: Gengar|Gengar-Mega, L50, M\n|-mega|p1a: Gengar|Gengar|Gengarite\n|move|p1b: Sableye|Fake Out|p2a: Rotom\n|-damage|p2a: Rotom|90/100\n|move|p1a: Gengar|Perish Song|p1a: Gengar\n|-start|p1a: Gengar|perish3|[silent]\n|-start|p1b: Sableye|perish3|[silent]\n|-start|p2a: Rotom|perish3|[silent]\n|-start|p2b: Aerodactyl|perish3|[silent]\n|-fieldactivate|move: Perish Song\n|move|p2b: Aerodactyl|Rock Slide|p1b: Sableye|[spread] p1b\n|-miss|p2b: Aerodactyl|p1a: Gengar\n|-damage|p1b: Sableye|74/100\n|cant|p2a: Rotom|flinch\n|\n|-start|p2b: Aerodactyl|perish3\n|-start|p1a: Gengar|perish3\n|-start|p2a: Rotom|perish3\n|-start|p1b: Sableye|perish3\n|upkeep\n|turn|2\n|inactive|joemomma12 has 30 seconds left.\n|\n|t:|1776361822\n|move|p1a: Gengar|Protect|p1a: Gengar\n|-singleturn|p1a: Gengar|Protect\n|move|p1b: Sableye|Encore|p2b: Aerodactyl\n|-start|p2b: Aerodactyl|Encore\n|move|p2b: Aerodactyl|Rock Slide|p1a: Gengar|[spread] p1b\n|-activate|p1a: Gengar|move: Protect\n|-damage|p1b: Sableye|50/100\n|move|p2a: Rotom|Hydro Pump|p1a: Gengar\n|-activate|p1a: Gengar|move: Protect\n|\n|-start|p1a: Gengar|perish2\n|-start|p2b: Aerodactyl|perish2\n|-start|p2a: Rotom|perish2\n|-start|p1b: Sableye|perish2\n|upkeep\n|turn|3\n|\n|t:|1776361841\n|move|p1b: Sableye|Disable|p2b: Aerodactyl\n|-start|p2b: Aerodactyl|Disable|Rock Slide\n|move|p1a: Gengar|Substitute|p1a: Gengar\n|-start|p1a: Gengar|Substitute\n|-damage|p1a: Gengar|76/100\n|cant|p2b: Aerodactyl|Disable|Rock Slide\n|move|p2a: Rotom|Hydro Pump|p1a: Gengar\n|-end|p1a: Gengar|Substitute\n|\n|-start|p1a: Gengar|perish1\n|-start|p2b: Aerodactyl|perish1\n|-start|p2a: Rotom|perish1\n|-start|p1b: Sableye|perish1\n|upkeep\n|turn|4\n|c|\u2606joemomma12|cheeky\n|inactive|joemomma12 has 30 seconds left.\n|\n|t:|1776361868\n|switch|p1a: Sinistcha|Sinistcha, L50|100/100\n|-heal|p1b: Sableye|75/100|[from] ability: Hospitality|[of] p1a: Sinistcha\n|switch|p1b: Incineroar|Incineroar, L50, F|100/100\n|-ability|p1b: Incineroar|Intimidate|boost\n|-unboost|p2a: Rotom|atk|1\n|-unboost|p2b: Aerodactyl|atk|1\n|-activate|p2b: Aerodactyl|move: Struggle\n|move|p2b: Aerodactyl|Struggle|p1b: Incineroar\n|-damage|p1b: Incineroar|91/100\n|-damage|p2b: Aerodactyl|75/100|[from] recoil\n|move|p2a: Rotom|Hydro Pump|p1b: Incineroar\n|-supereffective|p1b: Incineroar|1\n|-damage|p1b: Incineroar|0 fnt\n|faint|p1b: Incineroar\n|\n|-end|p2b: Aerodactyl|Encore\n|-start|p2b: Aerodactyl|perish0\n|-start|p2a: Rotom|perish0\n|upkeep\n|faint|p2b: Aerodactyl\n|faint|p2a: Rotom\n|\n|t:|1776361887\n|switch|p2b: Garchomp|Garchomp, L50, M|100/100\n|switch|p2a: Tyranitar|Tyranitar, L50, F|100/100\n|switch|p1b: Gengar|Gengar-Mega, L50, M|76/100\n|-weather|Sandstorm|[from] ability: Sand Stream|[of] p2a: Tyranitar\n|turn|5\n|\n|t:|1776361907\n|detailschange|p2a: Tyranitar|Tyranitar-Mega, L50, F\n|-mega|p2a: Tyranitar|Tyranitar|Tyranitarite\n|move|p1b: Gengar|Perish Song|p1b: Gengar\n|-start|p1a: Sinistcha|perish3|[silent]\n|-start|p1b: Gengar|perish3|[silent]\n|-start|p2a: Tyranitar|perish3|[silent]\n|-start|p2b: Garchomp|perish3|[silent]\n|-fieldactivate|move: Perish Song\n|move|p2a: Tyranitar|Knock Off|p1b: Gengar\n|-supereffective|p1b: Gengar|1\n|-damage|p1b: Gengar|0 fnt\n|faint|p1b: Gengar\n|move|p2b: Garchomp|Swords Dance|p2b: Garchomp\n|-boost|p2b: Garchomp|atk|2\n|move|p1a: Sinistcha|Strength Sap|p2b: Garchomp\n|-unboost|p2b: Garchomp|atk|1\n|\n|-weather|Sandstorm|[upkeep]\n|-damage|p1a: Sinistcha|94/100|[from] Sandstorm\n|-start|p2a: Tyranitar|perish3\n|-start|p2b: Garchomp|perish3\n|-start|p1a: Sinistcha|perish3\n|upkeep\n|\n|t:|1776361919\n|switch|p1b: Sableye|Sableye, L50, F|75/100\n|turn|6\n|\n|t:|1776361932\n|move|p1a: Sinistcha|Protect|p1a: Sinistcha\n|-singleturn|p1a: Sinistcha|Protect\n|move|p1b: Sableye|Encore|p2b: Garchomp\n|-start|p2b: Garchomp|Encore\n|move|p2a: Tyranitar|Knock Off|p1a: Sinistcha\n|-activate|p1a: Sinistcha|move: Protect\n|move|p2b: Garchomp|Swords Dance|p2b: Garchomp\n|-boost|p2b: Garchomp|atk|2\n|\n|-weather|Sandstorm|[upkeep]\n|-damage|p1a: Sinistcha|88/100|[from] Sandstorm\n|-damage|p1b: Sableye|69/100|[from] Sandstorm\n|-start|p2a: Tyranitar|perish2\n|-start|p2b: Garchomp|perish2\n|-start|p1a: Sinistcha|perish2\n|upkeep\n|turn|7\n|inactive|joemomma12 has 30 seconds left.\n|c|\u2606joemomma12|noice team tbh.\n|inactive|joemomma12 has 20 seconds left.\n|\n|t:|1776361971\n|move|p1b: Sableye|Protect|p1b: Sableye\n|-singleturn|p1b: Sableye|Protect\n|move|p2a: Tyranitar|Knock Off|p1a: Sinistcha\n|-supereffective|p1a: Sinistcha|1\n|-damage|p1a: Sinistcha|0 fnt\n|-enditem|p1a: Sinistcha|Miracle Seed|[from] move: Knock Off|[of] p2a: Tyranitar\n|faint|p1a: Sinistcha\n|move|p2b: Garchomp|Swords Dance|p2b: Garchomp\n|-boost|p2b: Garchomp|atk|2\n|\n|-weather|Sandstorm|[upkeep]\n|-damage|p1b: Sableye|64/100|[from] Sandstorm\n|-start|p2a: Tyranitar|perish1\n|-start|p2b: Garchomp|perish1\n|upkeep\n|turn|8\n|\n|t:|1776361989\n|move|p1b: Sableye|Protect||[still]\n|-fail|p1b: Sableye\n|move|p2a: Tyranitar|Knock Off|p1b: Sableye\n|-damage|p1b: Sableye|14/100\n|-enditem|p1b: Sableye|Mental Herb|[from] move: Knock Off|[of] p2a: Tyranitar\n|move|p2b: Garchomp|Swords Dance|p2b: Garchomp\n|-boost|p2b: Garchomp|atk|1\n|\n|-weather|Sandstorm|[upkeep]\n|-damage|p1b: Sableye|8/100|[from] Sandstorm\n|-end|p2b: Garchomp|Encore\n|-start|p2a: Tyranitar|perish0\n|-start|p2b: Garchomp|perish0\n|upkeep\n|faint|p2a: Tyranitar\n|faint|p2b: Garchomp\n|\n|win|orionsayshi\n|raw|orionsayshi's rating: 1093 &rarr; <strong>1127</strong><br />(+34 for winning)\n|raw|joemomma12's rating: 1197 &rarr; <strong>1165</strong><br />(-32 for losing)\n|c|\u2606joemomma12|gg\n",
  "uploadtime": 1776362008,
  "views": 15,
  "formatid": "gen9championsvgc2026regma",
  "rating": 1127,
  "private": 0,
  "password": null
}