{
  "id": "gen9championsvgc2026regma-2583782994",
  "format": "[Gen 9 Champions] VGC 2026 Reg M-A",
  "players": [
    "drunkpuff",
    "Jeragua"
  ],
  "log": "|j|\u2606drunkpuff\n|j|\u2606Jeragua\n|t:|1776197377\n|gametype|doubles\n|player|p1|drunkpuff|102|1146\n|player|p2|Jeragua|swimmer|1080\n|gen|9\n|tier|[Gen 9 Champions] VGC 2026 Reg M-A\n|rated|\n|rule|Species Clause: Limit one of each Pok\u00e9mon\n|rule|Item Clause: Limit 1 of each item\n|clearpoke\n|poke|p1|Flapple, L50, F|\n|poke|p1|Sableye, L50, F|\n|poke|p1|Excadrill, L50, F|\n|poke|p1|Talonflame, L50, M|\n|poke|p1|Milotic, L50, M|\n|poke|p1|Rotom-Frost, L50|\n|poke|p2|Aerodactyl, L50, F|\n|poke|p2|Floette-Eternal, L50, F|\n|poke|p2|Sneasler, L50, F|\n|poke|p2|Sinistcha, L50|\n|poke|p2|Incineroar, L50, F|\n|poke|p2|Dragapult, L50, M|\n|teampreview|4\n|inactive|Battle timer is ON: inactive players will automatically lose when time's up. (requested by Jeragua)\n|\n|t:|1776197396\n|teamsize|p1|4\n|teamsize|p2|4\n|start\n|switch|p1a: Talonflame|Talonflame, L50, M|100/100\n|switch|p1b: Milotic|Milotic, L50, M|100/100\n|switch|p2a: Aerodactyl|Aerodactyl, L50, F|100/100\n|switch|p2b: Sneasler|Sneasler, L50, F|100/100\n|-ability|p2a: Aerodactyl|Unnerve\n|turn|1\n|\n|t:|1776197407\n|detailschange|p2a: Aerodactyl|Aerodactyl-Mega, L50, F\n|-mega|p2a: Aerodactyl|Aerodactyl|Aerodactylite\n|move|p1a: Talonflame|Quick Guard|p1a: Talonflame\n|-singleturn|p1a: Talonflame|Quick Guard\n|move|p2b: Sneasler|Fake Out|p1b: Milotic\n|-activate|p1b: Milotic|move: Quick Guard\n|move|p2a: Aerodactyl|Rock Slide|p1b: Milotic|[spread] p1a,p1b\n|-supereffective|p1a: Talonflame|2\n|-damage|p1a: Talonflame|0 fnt\n|-damage|p1b: Milotic|73/100\n|faint|p1a: Talonflame\n|move|p1b: Milotic|Icy Wind|p2a: Aerodactyl|[spread] p2a,p2b\n|-supereffective|p2a: Aerodactyl|1\n|-damage|p2a: Aerodactyl|71/100\n|-damage|p2b: Sneasler|86/100\n|-unboost|p2a: Aerodactyl|spe|1\n|-unboost|p2b: Sneasler|spe|1\n|\n|-heal|p1b: Milotic|79/100|[from] item: Leftovers\n|upkeep\n|inactive|drunkpuff has 30 seconds left.\n|\n|t:|1776197432\n|switch|p1a: Excadrill|Excadrill, L50, F|100/100\n|turn|2\n|\n|t:|1776197445\n|switch|p2a: Incineroar|Incineroar, L50, F|100/100\n|-ability|p2a: Incineroar|Intimidate|boost\n|-unboost|p1a: Excadrill|atk|1\n|-unboost|p1b: Milotic|atk|1\n|-ability|p1b: Milotic|Competitive|boost\n|-boost|p1b: Milotic|spa|2\n|detailschange|p1a: Excadrill|Excadrill-Mega, L50, F\n|-mega|p1a: Excadrill|Excadrill|Excadrite\n|move|p1a: Excadrill|Iron Head|p2a: Incineroar\n|-resisted|p2a: Incineroar|1\n|-damage|p2a: Incineroar|89/100\n|move|p2b: Sneasler|Close Combat|p1a: Excadrill\n|-supereffective|p1a: Excadrill|1\n|-damage|p1a: Excadrill|0 fnt\n|-unboost|p2b: Sneasler|def|1\n|-unboost|p2b: Sneasler|spd|1\n|faint|p1a: Excadrill\n|move|p1b: Milotic|Scald|p2b: Sneasler\n|-damage|p2b: Sneasler|0 fnt\n|faint|p2b: Sneasler\n|\n|-heal|p1b: Milotic|85/100|[from] item: Leftovers\n|upkeep\n|\n|t:|1776197459\n|switch|p2b: Aerodactyl|Aerodactyl-Mega, L50, F|71/100\n|switch|p1a: Rotom|Rotom-Frost, L50|100/100\n|turn|3\n|\n|t:|1776197465\n|move|p1a: Rotom|Protect|p1a: Rotom\n|-singleturn|p1a: Rotom|Protect\n|move|p1b: Milotic|Protect|p1b: Milotic\n|-singleturn|p1b: Milotic|Protect\n|move|p2a: Incineroar|Fake Out|p1b: Milotic\n|-activate|p1b: Milotic|move: Protect\n|move|p2b: Aerodactyl|Rock Slide|p1a: Rotom|[spread] \n|-activate|p1a: Rotom|move: Protect\n|-activate|p1b: Milotic|move: Protect\n|\n|-heal|p1b: Milotic|91/100|[from] item: Leftovers\n|upkeep\n|turn|4\n|\n|t:|1776197486\n|move|p2b: Aerodactyl|Protect|p2b: Aerodactyl\n|-singleturn|p2b: Aerodactyl|Protect\n|move|p1a: Rotom|Volt Switch|p2b: Aerodactyl\n|-activate|p2b: Aerodactyl|move: Protect\n|move|p1b: Milotic|Scald|p2a: Incineroar\n|-supereffective|p2a: Incineroar|1\n|-damage|p2a: Incineroar|0 fnt\n|faint|p2a: Incineroar\n|\n|-heal|p1b: Milotic|97/100|[from] item: Leftovers\n|upkeep\n|\n|t:|1776197496\n|switch|p2a: Sinistcha|Sinistcha, L50|100/100\n|-heal|p2b: Aerodactyl|96/100|[from] ability: Hospitality|[of] p2a: Sinistcha\n|turn|5\n|\n|t:|1776197509\n|move|p2a: Sinistcha|Rage Powder|p2a: Sinistcha\n|-singleturn|p2a: Sinistcha|move: Rage Powder\n|move|p2b: Aerodactyl|Dual Wingbeat|p1b: Milotic\n|-damage|p1b: Milotic|73/100\n|-crit|p1b: Milotic\n|-damage|p1b: Milotic|33/100\n|-hitcount|p1b: Milotic|2\n|move|p1a: Rotom|Blizzard|p2b: Aerodactyl|[spread] p2a\n|-miss|p1a: Rotom|p2b: Aerodactyl\n|-supereffective|p2a: Sinistcha|1\n|-damage|p2a: Sinistcha|29/100\n|-enditem|p2a: Sinistcha|Sitrus Berry|[eat]\n|-heal|p2a: Sinistcha|53/100|[from] item: Sitrus Berry\n|move|p1b: Milotic|Ice Beam|p2a: Sinistcha\n|-supereffective|p2a: Sinistcha|1\n|-damage|p2a: Sinistcha|0 fnt\n|faint|p2a: Sinistcha\n|\n|-heal|p1b: Milotic|39/100|[from] item: Leftovers\n|upkeep\n|turn|6\n|\n|t:|1776197532\n|move|p2b: Aerodactyl|Dual Wingbeat|p1b: Milotic\n|-damage|p1b: Milotic|13/100\n|-damage|p1b: Milotic|0 fnt\n|faint|p1b: Milotic\n|-hitcount|p1: Milotic|2\n|move|p1a: Rotom|Volt Switch|p2b: Aerodactyl\n|-supereffective|p2b: Aerodactyl|1\n|-damage|p2b: Aerodactyl|11/100\n|\n|upkeep\n|turn|7\n|\n|t:|1776197537\n|move|p2b: Aerodactyl|Rock Slide|p1a: Rotom\n|-supereffective|p1a: Rotom|1\n|-damage|p1a: Rotom|9/100\n|-enditem|p1a: Rotom|Sitrus Berry|[eat]\n|-heal|p1a: Rotom|34/100|[from] item: Sitrus Berry\n|cant|p1a: Rotom|flinch\n|\n|upkeep\n|turn|8\n|\n|t:|1776197545\n|move|p2b: Aerodactyl|Rock Slide|p1a: Rotom\n|-supereffective|p1a: Rotom|1\n|-damage|p1a: Rotom|0 fnt\n|faint|p1a: Rotom\n|\n|win|Jeragua\n|raw|drunkpuff's rating: 1146 &rarr; <strong>1116</strong><br />(-30 for losing)\n|raw|Jeragua's rating: 1080 &rarr; <strong>1113</strong><br />(+33 for winning)\n",
  "uploadtime": 1776197558,
  "views": 24,
  "formatid": "gen9championsvgc2026regma",
  "rating": 1113,
  "private": 0,
  "password": null
}