{
  "id": "gen9championsvgc2026regma-2583940571",
  "format": "[Gen 9 Champions] VGC 2026 Reg M-A",
  "players": [
    "Golurk365",
    "ZoraDora"
  ],
  "log": "|j|\u2606Golurk365\n|j|\u2606ZoraDora\n|t:|1776210187\n|gametype|doubles\n|player|p1|Golurk365|hugh|1098\n|player|p2|ZoraDora|265|1075\n|gen|9\n|tier|[Gen 9 Champions] VGC 2026 Reg M-A\n|rated|\n|rule|Species Clause: Limit one of each Pok\u00e9mon\n|rule|Item Clause: Limit 1 of each item\n|clearpoke\n|poke|p1|Golurk, L50|\n|poke|p1|Whimsicott, L50, M|\n|poke|p1|Basculegion, L50, M|\n|poke|p1|Incineroar, L50, F|\n|poke|p1|Tyranitar, L50, F|\n|poke|p1|Archaludon, L50, M|\n|poke|p2|Charizard, L50, F|\n|poke|p2|Venusaur, L50, M|\n|poke|p2|Whimsicott, L50, M|\n|poke|p2|Milotic, L50, F|\n|poke|p2|Sneasler, L50, M|\n|poke|p2|Archaludon, L50, M|\n|teampreview|4\n|inactive|Battle timer is ON: inactive players will automatically lose when time's up. (requested by Golurk365)\n|\n|t:|1776210214\n|teamsize|p1|4\n|teamsize|p2|4\n|start\n|switch|p1a: Whimsicott|Whimsicott, L50, M|100/100\n|switch|p1b: Tyranitar|Tyranitar, L50, F|100/100\n|switch|p2a: Whimsicott|Whimsicott, L50, M|100/100\n|switch|p2b: Milotic|Milotic, L50, F|100/100\n|-weather|Sandstorm|[from] ability: Sand Stream|[of] p1b: Tyranitar\n|turn|1\n|\n|t:|1776210226\n|move|p2a: Whimsicott|Tailwind|p2a: Whimsicott\n|-sidestart|p2: ZoraDora|move: Tailwind\n|move|p1a: Whimsicott|Light Screen|p1a: Whimsicott\n|-sidestart|p1: Golurk365|move: Light Screen\n|move|p2b: Milotic|Icy Wind|p1a: Whimsicott|[spread] p1a,p1b\n|-supereffective|p1a: Whimsicott|1\n|-damage|p1a: Whimsicott|84/100\n|-damage|p1b: Tyranitar|96/100\n|-unboost|p1a: Whimsicott|spe|1\n|-unboost|p1b: Tyranitar|spe|1\n|move|p1b: Tyranitar|Rock Slide|p2a: Whimsicott|[spread] p2a,p2b\n|-crit|p2a: Whimsicott\n|-damage|p2a: Whimsicott|23/100\n|-damage|p2b: Milotic|67/100\n|\n|-weather|Sandstorm|[upkeep]\n|-damage|p2a: Whimsicott|17/100|[from] Sandstorm\n|-damage|p2b: Milotic|61/100|[from] Sandstorm\n|-damage|p1a: Whimsicott|78/100|[from] Sandstorm\n|-heal|p2b: Milotic|67/100|[from] item: Leftovers\n|upkeep\n|turn|2\n|\n|t:|1776210250\n|move|p1a: Whimsicott|Stun Spore|p2b: Milotic\n|-status|p2b: Milotic|par\n|move|p2a: Whimsicott|Endeavor|p1b: Tyranitar\n|-damage|p1b: Tyranitar|14/100\n|move|p2b: Milotic|Scald|p1b: Tyranitar\n|-supereffective|p1b: Tyranitar|1\n|-damage|p1b: Tyranitar|0 fnt\n|faint|p1b: Tyranitar\n|\n|-weather|Sandstorm|[upkeep]\n|-damage|p2a: Whimsicott|11/100|[from] Sandstorm\n|-damage|p2b: Milotic|61/100 par|[from] Sandstorm\n|-damage|p1a: Whimsicott|72/100|[from] Sandstorm\n|-heal|p2b: Milotic|67/100 par|[from] item: Leftovers\n|upkeep\n|\n|t:|1776210261\n|switch|p1b: Golurk|Golurk, L50|100/100\n|turn|3\n|inactive|Golurk365 has 30 seconds left.\n|\n|t:|1776210288\n|detailschange|p1b: Golurk|Golurk-Mega, L50\n|-mega|p1b: Golurk|Golurk|Golurkite\n|move|p2a: Whimsicott|Moonblast|p1b: Golurk\n|-damage|p1b: Golurk|78/100\n|move|p1b: Golurk|Headlong Rush|p2b: Milotic\n|-damage|p2b: Milotic|0 fnt\n|-unboost|p1b: Golurk|def|1\n|-unboost|p1b: Golurk|spd|1\n|faint|p2b: Milotic\n|move|p1a: Whimsicott|Moonblast|p2a: Whimsicott\n|-damage|p2a: Whimsicott|0 fnt\n|faint|p2a: Whimsicott\n|\n|-weather|Sandstorm|[upkeep]\n|-damage|p1a: Whimsicott|66/100|[from] Sandstorm\n|upkeep\n|\n|t:|1776210304\n|switch|p2a: Charizard|Charizard, L50, F|100/100\n|switch|p2b: Sneasler|Sneasler, L50, M|100/100\n|turn|4\n|inactive|ZoraDora has 30 seconds left.\n|inactive|ZoraDora has 20 seconds left.\n|\n|t:|1776210342\n|detailschange|p2a: Charizard|Charizard-Mega-X, L50, F\n|-mega|p2a: Charizard|Charizard|Charizardite X\n|move|p2b: Sneasler|Fake Out|p1a: Whimsicott\n|-damage|p1a: Whimsicott|53/100\n|cant|p1a: Whimsicott|flinch\n|move|p2a: Charizard|Dragon Dance|p2a: Charizard\n|-boost|p2a: Charizard|atk|1\n|-boost|p2a: Charizard|spe|1\n|move|p1b: Golurk|Headlong Rush|p2b: Sneasler\n|-supereffective|p2b: Sneasler|1\n|-damage|p2b: Sneasler|0 fnt\n|-unboost|p1b: Golurk|def|1\n|-unboost|p1b: Golurk|spd|1\n|faint|p2b: Sneasler\n|\n|-weather|Sandstorm|[upkeep]\n|-damage|p2a: Charizard|95/100|[from] Sandstorm\n|-damage|p1a: Whimsicott|47/100|[from] Sandstorm\n|-sideend|p2: ZoraDora|move: Tailwind\n|upkeep\n|turn|5\n|\n|t:|1776210362\n|move|p1b: Golurk|Protect|p1b: Golurk\n|-singleturn|p1b: Golurk|Protect\n|move|p1a: Whimsicott|Stun Spore|p2a: Charizard|[miss]\n|-miss|p1a: Whimsicott|p2a: Charizard\n|move|p2a: Charizard|Dragon Claw|p1b: Golurk\n|-activate|p1b: Golurk|move: Protect\n|\n|-weather|none\n|-sideend|p1: Golurk365|move: Light Screen\n|upkeep\n|turn|6\n|\n|t:|1776210386\n|move|p1a: Whimsicott|Stun Spore|p2a: Charizard\n|-status|p2a: Charizard|par\n|move|p2a: Charizard|Dragon Claw|p1b: Golurk\n|-damage|p1b: Golurk|0 fnt\n|faint|p1b: Golurk\n|\n|upkeep\n|\n|t:|1776210391\n|switch|p1b: Basculegion|Basculegion, L50, M|100/100\n|turn|7\n|\n|t:|1776210398\n|move|p1b: Basculegion|Last Respects|p2a: Charizard\n|-damage|p2a: Charizard|8/100 par\n|move|p2a: Charizard|Dragon Claw|p1b: Basculegion\n|-damage|p1b: Basculegion|0 fnt\n|faint|p1b: Basculegion\n|move|p1a: Whimsicott|Moonblast|p2a: Charizard\n|-damage|p2a: Charizard|0 fnt\n|faint|p2a: Charizard\n|\n|win|Golurk365\n|raw|Golurk365's rating: 1098 &rarr; <strong>1122</strong><br />(+24 for winning)\n|raw|ZoraDora's rating: 1075 &rarr; <strong>1055</strong><br />(-20 for losing)\n|l|\u2606ZoraDora\n|player|p2|\n",
  "uploadtime": 1776210409,
  "views": 12,
  "formatid": "gen9championsvgc2026regma",
  "rating": 1055,
  "private": 0,
  "password": null
}