{
  "id": "gen9championsvgc2026regma-2588129930",
  "format": "[Gen 9 Champions] VGC 2026 Reg M-A",
  "players": [
    "clowngeta",
    "thefakephrog"
  ],
  "log": "|j|\u2606clowngeta\n|j|\u2606thefakephrog\n|t:|1776607423\n|gametype|doubles\n|player|p1|clowngeta|102|1115\n|player|p2|thefakephrog|supernerd|1123\n|gen|9\n|tier|[Gen 9 Champions] VGC 2026 Reg M-A\n|rated|\n|rule|Species Clause: Limit one of each Pok\u00e9mon\n|rule|Item Clause: Limit 1 of each item\n|clearpoke\n|poke|p1|Kangaskhan, L50, F|\n|poke|p1|Incineroar, L50, F|\n|poke|p1|Rotom-Wash, L50|\n|poke|p1|Sinistcha, L50|\n|poke|p1|Sneasler, L50, F|\n|poke|p1|Tyranitar, L50, F|\n|poke|p2|Gardevoir, L50, F, shiny|\n|poke|p2|Scizor, L50, F|\n|poke|p2|Whimsicott, L50, F|\n|poke|p2|Basculegion, L50, M, shiny|\n|poke|p2|Maushold, L50|\n|poke|p2|Arcanine-Hisui, L50, F|\n|teampreview|4\n|inactive|Battle timer is ON: inactive players will automatically lose when time's up. (requested by clowngeta)\n|\n|t:|1776607451\n|teamsize|p1|4\n|teamsize|p2|4\n|start\n|switch|p1a: Incineroar|Incineroar, L50, F|100/100\n|switch|p1b: Rotom|Rotom-Wash, L50|100/100\n|switch|p2a: Whimsicott|Whimsicott, L50, F|100/100\n|switch|p2b: Arcanine|Arcanine-Hisui, L50, F|100/100\n|-ability|p2b: Arcanine|Intimidate|boost\n|-unboost|p1a: Incineroar|atk|1\n|-unboost|p1b: Rotom|atk|1\n|-ability|p1a: Incineroar|Intimidate|boost\n|-unboost|p2a: Whimsicott|atk|1\n|-unboost|p2b: Arcanine|atk|1\n|turn|1\n|inactive|thefakephrog has 30 seconds left.\n|inactive|clowngeta has 30 seconds left.\n|\n|t:|1776607488\n|move|p1a: Incineroar|Fake Out|p2a: Whimsicott\n|-damage|p2a: Whimsicott|93/100\n|move|p2b: Arcanine|Extreme Speed|p1b: Rotom\n|-crit|p1b: Rotom\n|-damage|p1b: Rotom|50/100\n|cant|p2a: Whimsicott|flinch\n|move|p1b: Rotom|Volt Switch|p2b: Arcanine\n|-damage|p2b: Arcanine|58/100\n|\n|t:|1776607499\n|switch|p1b: Kangaskhan|Kangaskhan, L50, F|100/100|[from] Volt Switch\n|\n|upkeep\n|turn|2\n|\n|t:|1776607512\n|detailschange|p1b: Kangaskhan|Kangaskhan-Mega, L50, F\n|-mega|p1b: Kangaskhan|Kangaskhan|Kangaskhanite\n|move|p1b: Kangaskhan|Fake Out|p2a: Whimsicott\n|-damage|p2a: Whimsicott|71/100\n|-damage|p2a: Whimsicott|66/100\n|-hitcount|p2a: Whimsicott|2\n|cant|p2a: Whimsicott|flinch\n|move|p2b: Arcanine|Close Combat|p1b: Kangaskhan\n|-supereffective|p1b: Kangaskhan|1\n|-damage|p1b: Kangaskhan|52/100\n|-unboost|p2b: Arcanine|def|1\n|-unboost|p2b: Arcanine|spd|1\n|move|p1a: Incineroar|Flare Blitz|p2a: Whimsicott\n|-supereffective|p2a: Whimsicott|1\n|-damage|p2a: Whimsicott|0 fnt\n|faint|p2a: Whimsicott\n|-damage|p1a: Incineroar|83/100|[from] Recoil\n|\n|upkeep\n|\n|t:|1776607530\n|switch|p2a: Gardevoir|Gardevoir, L50, F, shiny|100/100\n|turn|3\n|\n|t:|1776607552\n|switch|p1a: Sinistcha|Sinistcha, L50|100/100\n|-heal|p1b: Kangaskhan|77/100|[from] ability: Hospitality|[of] p1a: Sinistcha\n|detailschange|p2a: Gardevoir|Gardevoir-Mega, L50, F, shiny\n|-mega|p2a: Gardevoir|Gardevoir|Gardevoirite\n|move|p1b: Kangaskhan|Sucker Punch|p2b: Arcanine\n|-crit|p2b: Arcanine\n|-damage|p2b: Arcanine|0 fnt\n|faint|p2b: Arcanine\n|-hitcount|p2: Arcanine|1\n|move|p2a: Gardevoir|Psychic|p1b: Kangaskhan\n|-damage|p1b: Kangaskhan|20/100\n|\n|upkeep\n|\n|t:|1776607564\n|switch|p2b: Basculegion|Basculegion, L50, M, shiny|100/100\n|turn|4\n|\n|t:|1776607580\n|switch|p1b: Incineroar|Incineroar, L50, F|83/100\n|-ability|p1b: Incineroar|Intimidate|boost\n|-unboost|p2a: Gardevoir|atk|1\n|-unboost|p2b: Basculegion|atk|1\n|move|p1a: Sinistcha|Protect|p1a: Sinistcha\n|-singleturn|p1a: Sinistcha|Protect\n|move|p2b: Basculegion|Last Respects|p1a: Sinistcha\n|-activate|p1a: Sinistcha|move: Protect\n|move|p2a: Gardevoir|Hyper Voice|p1a: Sinistcha|[spread] p1b\n|-activate|p1a: Sinistcha|move: Protect\n|-damage|p1b: Incineroar|44/100\n|-enditem|p1b: Incineroar|Sitrus Berry|[eat]\n|-heal|p1b: Incineroar|68/100|[from] item: Sitrus Berry\n|\n|upkeep\n|turn|5\n|inactive|clowngeta has 30 seconds left.\n|inactive|clowngeta has 20 seconds left.\n|inactive|clowngeta has 15 seconds left.\n|inactive|clowngeta has 10 seconds left.\n|\n|t:|1776607629\n|switch|p1a: Kangaskhan|Kangaskhan-Mega, L50, F|20/100\n|move|p2b: Basculegion|Last Respects|p1a: Kangaskhan\n|-immune|p1a: Kangaskhan\n|move|p2a: Gardevoir|Hyper Voice|p1b: Incineroar|[spread] p1a,p1b\n|-damage|p1a: Kangaskhan|0 fnt\n|-damage|p1b: Incineroar|33/100\n|faint|p1a: Kangaskhan\n|move|p1b: Incineroar|Flare Blitz|p2a: Gardevoir\n|-damage|p2a: Gardevoir|16/100\n|-damage|p1b: Incineroar|13/100|[from] Recoil\n|\n|upkeep\n|\n|t:|1776607643\n|switch|p1a: Rotom|Rotom-Wash, L50|50/100\n|turn|6\n|inactive|clowngeta has 30 seconds left.\n|inactive|clowngeta has 20 seconds left.\n|inactive|clowngeta has 15 seconds left.\n|inactive|clowngeta has 10 seconds left.\n|\n|t:|1776607693\n|switch|p1b: Sinistcha|Sinistcha, L50|100/100\n|-heal|p1a: Rotom|75/100|[from] ability: Hospitality|[of] p1b: Sinistcha\n|move|p2b: Basculegion|Last Respects|p1a: Rotom\n|-damage|p1a: Rotom|0 fnt\n|faint|p1a: Rotom\n|move|p2a: Gardevoir|Hyper Voice|p1b: Sinistcha\n|-damage|p1b: Sinistcha|0 fnt\n|faint|p1b: Sinistcha\n|\n|upkeep\n|\n|t:|1776607703\n|switch|p1b: Incineroar|Incineroar, L50, F|13/100\n|-ability|p1b: Incineroar|Intimidate|boost\n|-unboost|p2a: Gardevoir|atk|1\n|-unboost|p2b: Basculegion|atk|1\n|turn|7\n|-message|clowngeta forfeited.\n|\n|win|thefakephrog\n|raw|clowngeta's rating: 1115 &rarr; <strong>1091</strong><br />(-24 for losing)\n|raw|thefakephrog's rating: 1123 &rarr; <strong>1147</strong><br />(+24 for winning)\n|l|\u2606clowngeta\n|player|p1|\n",
  "uploadtime": 1776607735,
  "views": 7,
  "formatid": "gen9championsvgc2026regma",
  "rating": 1091,
  "private": 0,
  "password": null
}