{
  "id": "gen9championsvgc2026regma-2586804148",
  "format": "[Gen 9 Champions] VGC 2026 Reg M-A",
  "players": [
    "pimitri",
    "DragonairJordan23"
  ],
  "log": "|j|\u2606pimitri\n|j|\u2606DragonairJordan23\n|t:|1776461244\n|gametype|doubles\n|player|p1|pimitri|169|1277\n|player|p2|DragonairJordan23|dancer|1231\n|gen|9\n|tier|[Gen 9 Champions] VGC 2026 Reg M-A\n|rated|\n|rule|Species Clause: Limit one of each Pok\u00e9mon\n|rule|Item Clause: Limit 1 of each item\n|clearpoke\n|poke|p1|Tyranitar, L50, M|\n|poke|p1|Excadrill, L50, F|\n|poke|p1|Aerodactyl, L50, M|\n|poke|p1|Oranguru, L50, F|\n|poke|p1|Basculegion, L50, M|\n|poke|p1|Rotom-Mow, L50|\n|poke|p2|Greninja-*, L50, F|\n|poke|p2|Tsareena, L50, F|\n|poke|p2|Ninetales-Alola, L50, M|\n|poke|p2|Incineroar, L50, F|\n|poke|p2|Aegislash, L50, M|\n|poke|p2|Delphox, L50, F|\n|teampreview|4\n|\n|t:|1776461340\n|teamsize|p1|4\n|teamsize|p2|4\n|start\n|switch|p1a: Basculegion|Basculegion, L50, M|100/100\n|switch|p1b: Aerodactyl|Aerodactyl, L50, M|100/100\n|switch|p2a: Sub-Zero|Greninja, L50, F, shiny|100/100\n|switch|p2b: Incineroar|Incineroar, L50, F|100/100\n|-ability|p1b: Aerodactyl|Unnerve\n|-ability|p2b: Incineroar|Intimidate|boost\n|-unboost|p1a: Basculegion|atk|1\n|-unboost|p1b: Aerodactyl|atk|1\n|turn|1\n|\n|t:|1776461378\n|detailschange|p2a: Sub-Zero|Greninja-Mega, L50, F, shiny\n|-mega|p2a: Sub-Zero|Greninja|Greninjite\n|move|p1b: Aerodactyl|Protect|p1b: Aerodactyl\n|-singleturn|p1b: Aerodactyl|Protect\n|move|p2b: Incineroar|Fake Out|p1b: Aerodactyl\n|-activate|p1b: Aerodactyl|move: Protect\n|move|p1a: Basculegion|Flip Turn|p2b: Incineroar\n|-supereffective|p2b: Incineroar|1\n|-damage|p2b: Incineroar|55/100\n|\n|t:|1776461393\n|switch|p1a: Tyranitar|Tyranitar, L50, M|100/100|[from] Flip Turn\n|-weather|Sandstorm|[from] ability: Sand Stream|[of] p1a: Tyranitar\n|move|p2a: Sub-Zero|Dark Pulse|p1a: Tyranitar\n|-start|p2a: Sub-Zero|typechange|Dark|[from] ability: Protean\n|-resisted|p1a: Tyranitar|1\n|-damage|p1a: Tyranitar|88/100\n|\n|-weather|Sandstorm|[upkeep]\n|-damage|p2a: Sub-Zero|94/100|[from] Sandstorm\n|-damage|p2b: Incineroar|49/100|[from] Sandstorm\n|upkeep\n|turn|2\n|\n|t:|1776461414\n|switch|p2b: Tsareena|Tsareena, L50, F|100/100\n|move|p1a: Tyranitar|Protect|p1a: Tyranitar\n|-singleturn|p1a: Tyranitar|Protect\n|move|p2a: Sub-Zero|Water Shuriken|p1b: Aerodactyl\n|-supereffective|p1b: Aerodactyl|1\n|-damage|p1b: Aerodactyl|89/100\n|-supereffective|p1b: Aerodactyl|1\n|-crit|p1b: Aerodactyl\n|-damage|p1b: Aerodactyl|72/100\n|-supereffective|p1b: Aerodactyl|1\n|-damage|p1b: Aerodactyl|60/100\n|-hitcount|p1b: Aerodactyl|3\n|move|p1b: Aerodactyl|Tailwind|p1b: Aerodactyl\n|-sidestart|p1: pimitri|move: Tailwind\n|\n|-weather|Sandstorm|[upkeep]\n|-damage|p2a: Sub-Zero|88/100|[from] Sandstorm\n|-damage|p2b: Tsareena|94/100|[from] Sandstorm\n|upkeep\n|turn|3\n|\n|t:|1776461445\n|switch|p2a: Incineroar|Incineroar, L50, F|49/100\n|-ability|p2a: Incineroar|Intimidate|boost\n|-unboost|p1a: Tyranitar|atk|1\n|-unboost|p1b: Aerodactyl|atk|1\n|switch|p1a: Excadrill|Excadrill, L50, F|100/100\n|move|p1b: Aerodactyl|Dual Wingbeat|p2b: Tsareena\n|-supereffective|p2b: Tsareena|1\n|-damage|p2b: Tsareena|79/100\n|-supereffective|p2b: Tsareena|1\n|-damage|p2b: Tsareena|66/100\n|-hitcount|p2b: Tsareena|2\n|move|p2b: Tsareena|Low Kick|p1a: Excadrill\n|-supereffective|p1a: Excadrill|1\n|-crit|p1a: Excadrill\n|-damage|p1a: Excadrill|23/100\n|\n|-weather|Sandstorm|[upkeep]\n|-damage|p2b: Tsareena|60/100|[from] Sandstorm\n|-damage|p2a: Incineroar|43/100|[from] Sandstorm\n|upkeep\n|turn|4\n|\n|t:|1776461482\n|move|p1a: Excadrill|Protect|p1a: Excadrill\n|-singleturn|p1a: Excadrill|Protect\n|move|p2a: Incineroar|Fake Out|p1a: Excadrill\n|-activate|p1a: Excadrill|move: Protect\n|move|p1b: Aerodactyl|Rock Slide|p2b: Tsareena|[spread] p2b\n|-miss|p1b: Aerodactyl|p2a: Incineroar\n|-damage|p2b: Tsareena|50/100\n|move|p2b: Tsareena|Trop Kick|p1b: Aerodactyl\n|-damage|p1b: Aerodactyl|6/100\n|-unboost|p1b: Aerodactyl|atk|1\n|\n|-weather|Sandstorm|[upkeep]\n|-damage|p2b: Tsareena|44/100|[from] Sandstorm\n|-damage|p2a: Incineroar|37/100|[from] Sandstorm\n|upkeep\n|turn|5\n|\n|t:|1776461523\n|switch|p2a: Ninetales|Ninetales-Alola, L50, M|100/100\n|-weather|Snowscape|[from] ability: Snow Warning|[of] p2a: Ninetales\n|move|p1b: Aerodactyl|Dual Wingbeat|p2b: Tsareena\n|-supereffective|p2b: Tsareena|1\n|-damage|p2b: Tsareena|33/100\n|-supereffective|p2b: Tsareena|1\n|-crit|p2b: Tsareena\n|-damage|p2b: Tsareena|0 fnt\n|faint|p2b: Tsareena\n|-hitcount|p2: Tsareena|2\n|move|p1a: Excadrill|Earthquake|p2a: Ninetales|[spread] p2a\n|-immune|p1b: Aerodactyl\n|-damage|p2a: Ninetales|63/100\n|\n|-weather|Snowscape|[upkeep]\n|-sideend|p1: pimitri|move: Tailwind\n|upkeep\n|\n|t:|1776461539\n|switch|p2b: Sub-Zero|Greninja-Mega, L50, F, shiny|88/100\n|turn|6\n|\n|t:|1776461557\n|switch|p2a: Incineroar|Incineroar, L50, F|37/100\n|-ability|p2a: Incineroar|Intimidate|boost\n|-unboost|p1a: Excadrill|atk|1\n|-unboost|p1b: Aerodactyl|atk|1\n|move|p1a: Excadrill|Protect|p1a: Excadrill\n|-singleturn|p1a: Excadrill|Protect\n|move|p2b: Sub-Zero|Water Shuriken|p1a: Excadrill\n|-start|p2b: Sub-Zero|typechange|Water|[from] ability: Protean\n|-activate|p1a: Excadrill|move: Protect\n|move|p1b: Aerodactyl|Rock Slide|p2a: Incineroar|[spread] p2a,p2b\n|-supereffective|p2a: Incineroar|1\n|-crit|p2b: Sub-Zero\n|-damage|p2a: Incineroar|22/100\n|-damage|p2b: Sub-Zero|29/100\n|\n|-weather|Snowscape|[upkeep]\n|upkeep\n|turn|7\n|\n|t:|1776461592\n|move|p2a: Incineroar|Fake Out|p1a: Excadrill\n|-resisted|p1a: Excadrill|1\n|-damage|p1a: Excadrill|15/100\n|move|p2b: Sub-Zero|Water Shuriken|p1b: Aerodactyl\n|-supereffective|p1b: Aerodactyl|1\n|-damage|p1b: Aerodactyl|0 fnt\n|faint|p1b: Aerodactyl\n|-hitcount|p1: Aerodactyl|1\n|cant|p1a: Excadrill|flinch\n|\n|-weather|Snowscape|[upkeep]\n|upkeep\n|\n|t:|1776461599\n|switch|p1b: Tyranitar|Tyranitar, L50, M|88/100\n|-weather|Sandstorm|[from] ability: Sand Stream|[of] p1b: Tyranitar\n|turn|8\n|\n|t:|1776461610\n|switch|p2a: Ninetales|Ninetales-Alola, L50, M|63/100\n|-weather|Snowscape|[from] ability: Snow Warning|[of] p2a: Ninetales\n|move|p1b: Tyranitar|Protect|p1b: Tyranitar\n|-singleturn|p1b: Tyranitar|Protect\n|move|p2b: Sub-Zero|Water Shuriken|p1b: Tyranitar\n|-activate|p1b: Tyranitar|move: Protect\n|move|p1a: Excadrill|Earthquake|p2b: Sub-Zero|[spread] p2a,p2b\n|-activate|p1b: Tyranitar|move: Protect\n|-damage|p2a: Ninetales|41/100\n|-damage|p2b: Sub-Zero|0 fnt\n|faint|p2b: Sub-Zero\n|\n|-weather|Snowscape|[upkeep]\n|upkeep\n|\n|t:|1776461619\n|switch|p2b: Incineroar|Incineroar, L50, F|22/100\n|-ability|p2b: Incineroar|Intimidate|boost\n|-unboost|p1a: Excadrill|atk|1\n|-unboost|p1b: Tyranitar|atk|1\n|turn|9\n|\n|t:|1776461635\n|detailschange|p1b: Tyranitar|Tyranitar-Mega, L50, M\n|-mega|p1b: Tyranitar|Tyranitar|Tyranitarite\n|-weather|Sandstorm|[from] ability: Sand Stream|[of] p1b: Tyranitar\n|move|p2b: Incineroar|Fake Out|p1b: Tyranitar\n|-resisted|p1b: Tyranitar|1\n|-damage|p1b: Tyranitar|85/100\n|move|p1a: Excadrill|Iron Head|p2a: Ninetales\n|-supereffective|p2a: Ninetales|2\n|-damage|p2a: Ninetales|0 fnt\n|faint|p2a: Ninetales\n|cant|p1b: Tyranitar|flinch\n|\n|-weather|Sandstorm|[upkeep]\n|-damage|p2b: Incineroar|16/100|[from] Sandstorm\n|upkeep\n|turn|10\n|-message|DragonairJordan23 forfeited.\n|\n|win|pimitri\n|raw|pimitri's rating: 1277 &rarr; <strong>1299</strong><br />(+22 for winning)\n|raw|DragonairJordan23's rating: 1231 &rarr; <strong>1209</strong><br />(-22 for losing)\n",
  "uploadtime": 1776461642,
  "views": 27,
  "formatid": "gen9championsvgc2026regma",
  "rating": 1209,
  "private": 0,
  "password": null
}