{
  "id": "gen9championsvgc2026regma-2583943102",
  "format": "[Gen 9 Champions] VGC 2026 Reg M-A",
  "players": [
    "It'sJustKen VGC",
    "DarthPug03"
  ],
  "log": "|j|\u2606It'sJustKen VGC\n|j|\u2606DarthPug03\n|t:|1776210413\n|gametype|doubles\n|player|p1|It'sJustKen VGC|2|1455\n|player|p2|DarthPug03|morty|1411\n|gen|9\n|tier|[Gen 9 Champions] VGC 2026 Reg M-A\n|rated|\n|rule|Species Clause: Limit one of each Pok\u00e9mon\n|rule|Item Clause: Limit 1 of each item\n|clearpoke\n|poke|p1|Floette-Eternal, L50, F|\n|poke|p1|Espathra, L50, F|\n|poke|p1|Incineroar, L50, M|\n|poke|p1|Sneasler, L50, M|\n|poke|p1|Basculegion, L50, M|\n|poke|p1|Kingambit, L50, M|\n|poke|p2|Tyranitar, L50, M|\n|poke|p2|Garchomp, L50, M|\n|poke|p2|Corviknight, L50, M|\n|poke|p2|Rotom-Wash, L50|\n|poke|p2|Sneasler, L50, F|\n|poke|p2|Sinistcha, L50|\n|teampreview|4\n|inactive|Battle timer is ON: inactive players will automatically lose when time's up. (requested by DarthPug03)\n|inactive|It'sJustKen VGC also wants the timer to be on.\n|j| Therazer456\n|inactive|It'sJustKen VGC has 60 seconds left.\n|inactive|DarthPug03 has 60 seconds left.\n|j| dmitriverdant\n|l| dmitriverdant\n|\n|t:|1776210458\n|teamsize|p1|4\n|teamsize|p2|4\n|start\n|switch|p1a: Bad Romance|Espathra, L50, F|100/100\n|switch|p1b: Shallow|Basculegion, L50, M|100/100\n|switch|p2a: Corviknight|Corviknight, L50, M|100/100\n|switch|p2b: Rotom|Rotom-Wash, L50|100/100\n|turn|1\n|inactive|It'sJustKen VGC has 30 seconds left.\n|inactive|It'sJustKen VGC has 20 seconds left.\n|j| dmitriverdant\n|inactive|It'sJustKen VGC has 15 seconds left.\n|inactive|It'sJustKen VGC has 10 seconds left.\n|\n|t:|1776210505\n|move|p1a: Bad Romance|Helping Hand|p1b: Shallow\n|-singleturn|p1b: Shallow|Helping Hand|[of] p1a: Bad Romance\n|move|p1b: Shallow|Flip Turn|p2a: Corviknight\n|-damage|p2a: Corviknight|46/100\n|\n|t:|1776210509\n|switch|p1b: Just Dance|Floette-Eternal, L50, F|100/100|[from] Flip Turn\n|move|p2b: Rotom|Thunderbolt|p1a: Bad Romance\n|-damage|p1a: Bad Romance|34/100\n|move|p2a: Corviknight|Tailwind|p2a: Corviknight\n|-sidestart|p2: DarthPug03|move: Tailwind\n|\n|-ability|p1a: Bad Romance|Speed Boost|boost\n|-boost|p1a: Bad Romance|spe|1\n|upkeep\n|turn|2\n|\n|t:|1776210520\n|move|p1a: Bad Romance|Protect|p1a: Bad Romance\n|-singleturn|p1a: Bad Romance|Protect\n|move|p1b: Just Dance|Protect|p1b: Just Dance\n|-singleturn|p1b: Just Dance|Protect\n|move|p2b: Rotom|Thunderbolt|p1a: Bad Romance\n|-activate|p1a: Bad Romance|move: Protect\n|move|p2a: Corviknight|Iron Head|p1b: Just Dance\n|-activate|p1b: Just Dance|move: Protect\n|\n|-ability|p1a: Bad Romance|Speed Boost|boost\n|-boost|p1a: Bad Romance|spe|1\n|upkeep\n|turn|3\n|\n|t:|1776210531\n|switch|p1b: Shallow|Basculegion, L50, M|100/100\n|move|p1a: Bad Romance|Lumina Crash|p2b: Rotom\n|-damage|p2b: Rotom|64/100\n|-unboost|p2b: Rotom|spd|2\n|move|p2b: Rotom|Thunderbolt|p1a: Bad Romance\n|-damage|p1a: Bad Romance|0 fnt\n|faint|p1a: Bad Romance\n|move|p2a: Corviknight|Iron Head|p1b: Shallow\n|-resisted|p1b: Shallow|1\n|-damage|p1b: Shallow|79/100\n|\n|-heal|p2b: Rotom|70/100|[from] item: Leftovers\n|upkeep\n|\n|t:|1776210539\n|switch|p1a: Just Dance|Floette-Eternal, L50, F|100/100\n|turn|4\n|\n|t:|1776210553\n|detailschange|p1a: Just Dance|Floette-Mega, L50, F\n|-mega|p1a: Just Dance|Floette|Floettite\n|-ability|p1a: Just Dance|Fairy Aura\n|move|p2b: Rotom|Thunderbolt|p1b: Shallow\n|-supereffective|p1b: Shallow|1\n|-damage|p1b: Shallow|0 fnt\n|faint|p1b: Shallow\n|move|p2a: Corviknight|Iron Head|p1a: Just Dance\n|-supereffective|p1a: Just Dance|1\n|-damage|p1a: Just Dance|36/100\n|move|p1a: Just Dance|Moonblast|p2b: Rotom\n|-damage|p2b: Rotom|0 fnt\n|faint|p2b: Rotom\n|\n|-sideend|p2: DarthPug03|move: Tailwind\n|upkeep\n|\n|t:|1776210563\n|switch|p1b: Poker Face|Sneasler, L50, M|100/100\n|switch|p2b: Garchomp|Garchomp, L50, M|100/100\n|turn|5\n|\n|t:|1776210574\n|switch|p2b: Tyranitar|Tyranitar, L50, M|100/100\n|-weather|Sandstorm|[from] ability: Sand Stream|[of] p2b: Tyranitar\n|move|p1b: Poker Face|Close Combat|p2a: Corviknight\n|-damage|p2a: Corviknight|0 fnt\n|-unboost|p1b: Poker Face|def|1\n|-unboost|p1b: Poker Face|spd|1\n|faint|p2a: Corviknight\n|-enditem|p1b: Poker Face|White Herb\n|-clearnegativeboost|p1b: Poker Face|[silent]\n|move|p1a: Just Dance|Moonblast|p2b: Tyranitar\n|-supereffective|p2b: Tyranitar|1\n|-damage|p2b: Tyranitar|20/100\n|\n|-weather|Sandstorm|[upkeep]\n|-damage|p1b: Poker Face|95/100|[from] Sandstorm\n|-damage|p1a: Just Dance|30/100|[from] Sandstorm\n|upkeep\n|\n|t:|1776210582\n|switch|p2a: Garchomp|Garchomp, L50, M|100/100\n|turn|6\n|\n|t:|1776210588\n|detailschange|p2b: Tyranitar|Tyranitar-Mega, L50, M\n|-mega|p2b: Tyranitar|Tyranitar|Tyranitarite\n|move|p1b: Poker Face|Close Combat|p2b: Tyranitar\n|-supereffective|p2b: Tyranitar|2\n|-damage|p2b: Tyranitar|0 fnt\n|-unboost|p1b: Poker Face|def|1\n|-unboost|p1b: Poker Face|spd|1\n|faint|p2b: Tyranitar\n|move|p2a: Garchomp|Earthquake|p1a: Just Dance|[spread] p1a,p1b\n|-supereffective|p1b: Poker Face|1\n|-crit|p1b: Poker Face\n|-damage|p1a: Just Dance|0 fnt\n|-damage|p1b: Poker Face|0 fnt\n|faint|p1a: Just Dance\n|faint|p1b: Poker Face\n|\n|win|DarthPug03\n|raw|It&apos;sJustKen VGC's rating: 1455 &rarr; <strong>1432</strong><br />(-23 for losing)\n|raw|DarthPug03's rating: 1411 &rarr; <strong>1434</strong><br />(+23 for winning)\n",
  "uploadtime": 1776210597,
  "views": 33,
  "formatid": "gen9championsvgc2026regma",
  "rating": 1432,
  "private": 0,
  "password": null
}