{
  "id": "gen9championsvgc2026regma-2585806655",
  "format": "[Gen 9 Champions] VGC 2026 Reg M-A",
  "players": [
    "Phillip Blevin",
    "Gamer15151527"
  ],
  "log": "|j|\u2606Phillip Blevin\n|j|\u2606Gamer15151527\n|t:|1776372018\n|gametype|doubles\n|player|p1|Phillip Blevin|cynthia-masters4|1208\n|player|p2|Gamer15151527|169|1187\n|gen|9\n|tier|[Gen 9 Champions] VGC 2026 Reg M-A\n|rated|\n|rule|Species Clause: Limit one of each Pok\u00e9mon\n|rule|Item Clause: Limit 1 of each item\n|clearpoke\n|poke|p1|Skarmory, L50, F|\n|poke|p1|Maushold, L50|\n|poke|p1|Chesnaught, L50, F|\n|poke|p1|Aerodactyl, L50, F|\n|poke|p1|Rotom-Wash, L50|\n|poke|p1|Garchomp, L50, M|\n|poke|p2|Aggron, L50, F|\n|poke|p2|Pelipper, L50, F|\n|poke|p2|Basculegion, L50, M|\n|poke|p2|Incineroar, L50, M|\n|poke|p2|Sinistcha, L50|\n|poke|p2|Gengar, L50, F|\n|teampreview|4\n|inactive|Battle timer is ON: inactive players will automatically lose when time's up. (requested by Phillip Blevin)\nPhillip Blevin has agreed to open team sheets.\n|inactive|Phillip Blevin has 60 seconds left.\n|\n|t:|1776372066\n|teamsize|p1|4\n|teamsize|p2|4\n|start\n|switch|p1a: Rotom|Rotom-Wash, L50|100/100\n|switch|p1b: Maushold|Maushold, L50|100/100\n|switch|p2a: Incineroar|Incineroar, L50, M|100/100\n|switch|p2b: Sinistcha|Sinistcha, L50|100/100\n|-ability|p2a: Incineroar|Intimidate|boost\n|-unboost|p1a: Rotom|atk|1\n|-unboost|p1b: Maushold|atk|1\n|turn|1\n|\n|t:|1776372082\n|move|p2a: Incineroar|Fake Out|p1a: Rotom\n|-damage|p1a: Rotom|92/100\n|cant|p1a: Rotom|flinch\n|move|p1b: Maushold|Super Fang|p2a: Incineroar\n|-damage|p2a: Incineroar|50/100\n|-enditem|p2a: Incineroar|Sitrus Berry|[eat]\n|-heal|p2a: Incineroar|75/100|[from] item: Sitrus Berry\n|move|p2b: Sinistcha|Trick Room|p2b: Sinistcha\n|-fieldstart|move: Trick Room|[of] p2b: Sinistcha\n|\n|upkeep\n|turn|2\n|\n|t:|1776372098\n|move|p2a: Incineroar|Parting Shot|p1a: Rotom\n|-unboost|p1a: Rotom|atk|1\n|-unboost|p1a: Rotom|spa|1\n|\n|t:|1776372108\n|switch|p2a: Pelipper|Pelipper, L50, F|100/100|[from] Parting Shot\n|-weather|RainDance|[from] ability: Drizzle|[of] p2a: Pelipper\n|move|p2b: Sinistcha|Matcha Gotcha|p1b: Maushold|[spread] p1b\n|-miss|p2b: Sinistcha|p1a: Rotom\n|-damage|p1b: Maushold|67/100\n|-status|p1b: Maushold|brn\n|move|p1b: Maushold|Super Fang|p2a: Pelipper\n|-damage|p2a: Pelipper|51/100\n|move|p1a: Rotom|Trick|p2b: Sinistcha\n|-activate|p1a: Rotom|move: Trick|[of] p2b: Sinistcha\n|-item|p2b: Sinistcha|Choice Scarf|[from] move: Trick\n|-item|p1a: Rotom|Leftovers|[from] move: Trick\n|\n|-weather|RainDance|[upkeep]\n|-heal|p1a: Rotom|98/100|[from] item: Leftovers\n|-damage|p1b: Maushold|61/100 brn|[from] brn\n|upkeep\n|turn|3\n|inactive|Gamer15151527 has 30 seconds left.\n|inactive|Gamer15151527 has 20 seconds left.\n|\n|t:|1776372145\n|switch|p2a: Incineroar|Incineroar, L50, M|75/100\n|-ability|p2a: Incineroar|Intimidate|boost\n|-unboost|p1a: Rotom|atk|1\n|-unboost|p1b: Maushold|atk|1\n|move|p1b: Maushold|Protect|p1b: Maushold\n|-singleturn|p1b: Maushold|Protect\n|move|p2b: Sinistcha|Matcha Gotcha|p1a: Rotom|[spread] p1a\n|-activate|p1b: Maushold|move: Protect\n|-supereffective|p1a: Rotom|1\n|-damage|p1a: Rotom|55/100\n|move|p1a: Rotom|Volt Switch|p2a: Incineroar\n|-damage|p2a: Incineroar|60/100\n|\n|t:|1776372150\n|switch|p1a: Chesnaught|Chesnaught, L50, F|100/100|[from] Volt Switch\n|\n|-weather|RainDance|[upkeep]\n|-damage|p1b: Maushold|55/100 brn|[from] brn\n|upkeep\n|turn|4\n|inactive|Phillip Blevin has 30 seconds left.\n|inactive|Phillip Blevin has 20 seconds left.\n|\n|t:|1776372188\n|switch|p2b: Aggron|Aggron, L50, F|100/100\n|switch|p1b: Garchomp|Garchomp, L50, M|100/100\n|detailschange|p1a: Chesnaught|Chesnaught-Mega, L50, F\n|-mega|p1a: Chesnaught|Chesnaught|Chesnaughtite\n|move|p2a: Incineroar|Fake Out|p1a: Chesnaught\n|-damage|p1a: Chesnaught|95/100\n|cant|p1a: Chesnaught|flinch\n|\n|-weather|RainDance|[upkeep]\n|upkeep\n|turn|5\n|inactive|Gamer15151527 has 30 seconds left.\n|\n|t:|1776372215\n|detailschange|p2b: Aggron|Aggron-Mega, L50, F\n|-mega|p2b: Aggron|Aggron|Aggronite\n|move|p2b: Aggron|Protect|p2b: Aggron\n|-singleturn|p2b: Aggron|Protect\n|move|p1a: Chesnaught|Body Press|p2a: Incineroar\n|-supereffective|p2a: Incineroar|1\n|-damage|p2a: Incineroar|0 fnt\n|faint|p2a: Incineroar\n|move|p1b: Garchomp|Earthquake|p2b: Aggron|[spread] p1a\n|-activate|p2b: Aggron|move: Protect\n|-resisted|p1a: Chesnaught|1\n|-damage|p1a: Chesnaught|86/100\n|\n|-weather|RainDance|[upkeep]\n|-fieldend|move: Trick Room\n|upkeep\n|\n|t:|1776372227\n|switch|p2a: Pelipper|Pelipper, L50, F|51/100\n|turn|6\n|\n|t:|1776372239\n|move|p1a: Chesnaught|Spiky Shield|p1a: Chesnaught\n|-singleturn|p1a: Chesnaught|move: Protect\n|move|p2a: Pelipper|Wide Guard|p2a: Pelipper\n|-singleturn|p2a: Pelipper|Wide Guard\n|move|p1b: Garchomp|Rock Slide|p2b: Aggron|[spread] \n|-activate|p2a: Pelipper|move: Wide Guard\n|-activate|p2b: Aggron|move: Wide Guard\n|move|p2b: Aggron|Iron Defense|p2b: Aggron\n|-boost|p2b: Aggron|def|2\n|\n|-weather|none\n|upkeep\n|turn|7\n|\n|t:|1776372261\n|move|p2a: Pelipper|Wide Guard|p2a: Pelipper\n|-singleturn|p2a: Pelipper|Wide Guard\n|move|p1b: Garchomp|Rock Slide|p2a: Pelipper|[spread] \n|-activate|p2a: Pelipper|move: Wide Guard\n|-activate|p2b: Aggron|move: Wide Guard\n|move|p2b: Aggron|Body Press|p1a: Chesnaught\n|-damage|p1a: Chesnaught|51/100\n|move|p1a: Chesnaught|Body Press|p2b: Aggron\n|-supereffective|p2b: Aggron|1\n|-damage|p2b: Aggron|80/100\n|\n|upkeep\n|turn|8\n|\n|t:|1776372274\n|switch|p1b: Maushold|Maushold, L50|55/100 brn\n|move|p1a: Chesnaught|Spiky Shield|p1a: Chesnaught\n|-singleturn|p1a: Chesnaught|move: Protect\n|move|p2a: Pelipper|Wide Guard|p2a: Pelipper\n|-singleturn|p2a: Pelipper|Wide Guard\n|move|p2b: Aggron|Iron Defense|p2b: Aggron\n|-boost|p2b: Aggron|def|2\n|\n|-damage|p1b: Maushold|49/100 brn|[from] brn\n|upkeep\n|-enditem|p1b: Maushold|Sitrus Berry|[eat]\n|-heal|p1b: Maushold|74/100 brn|[from] item: Sitrus Berry\n|turn|9\n|\n|t:|1776372287\n|switch|p1a: Garchomp|Garchomp, L50, M|100/100\n|move|p1b: Maushold|Super Fang|p2b: Aggron\n|-damage|p2b: Aggron|41/100\n|move|p2a: Pelipper|Tailwind|p2a: Pelipper\n|-sidestart|p2: Gamer15151527|move: Tailwind\n|move|p2b: Aggron|Body Press|p1b: Maushold\n|-supereffective|p1b: Maushold|1\n|-damage|p1b: Maushold|0 fnt\n|faint|p1b: Maushold\n|\n|upkeep\n|\n|t:|1776372291\n|switch|p1b: Rotom|Rotom-Wash, L50|55/100\n|turn|10\n|\n|t:|1776372305\n|switch|p2a: Sinistcha|Sinistcha, L50|100/100\n|-heal|p2b: Aggron|65/100|[from] ability: Hospitality|[of] p2a: Sinistcha\n|move|p1a: Garchomp|Protect|p1a: Garchomp\n|-singleturn|p1a: Garchomp|Protect\n|move|p2b: Aggron|Protect|p2b: Aggron\n|-singleturn|p2b: Aggron|Protect\n|move|p1b: Rotom|Electroweb|p2a: Sinistcha|[spread] p2a\n|-activate|p2b: Aggron|move: Protect\n|-resisted|p2a: Sinistcha|1\n|-damage|p2a: Sinistcha|92/100\n|-unboost|p2a: Sinistcha|spe|1\n|\n|-heal|p1b: Rotom|61/100|[from] item: Leftovers\n|upkeep\n|turn|11\n|inactive|Gamer15151527 has 30 seconds left.\n|inactive|Gamer15151527 has 20 seconds left.\n|\n|t:|1776372344\n|move|p1a: Garchomp|Earthquake|p2b: Aggron|[spread] p2a,p2b\n|-immune|p1b: Rotom|[from] ability: Levitate\n|-resisted|p2a: Sinistcha|1\n|-supereffective|p2b: Aggron|1\n|-damage|p2a: Sinistcha|73/100\n|-damage|p2b: Aggron|55/100\n|move|p1b: Rotom|Hydro Pump|p2b: Aggron\n|-damage|p2b: Aggron|21/100\n|move|p2b: Aggron|Body Press|p1b: Rotom\n|-crit|p1b: Rotom\n|-damage|p1b: Rotom|0 fnt\n|faint|p1b: Rotom\n|move|p2a: Sinistcha|Trick Room|p2a: Sinistcha\n|-fieldstart|move: Trick Room|[of] p2a: Sinistcha\n|\n|upkeep\n|\n|t:|1776372352\n|switch|p1b: Chesnaught|Chesnaught-Mega, L50, F|51/100\n|turn|12\n|\n|t:|1776372362\n|switch|p2a: Pelipper|Pelipper, L50, F|51/100\n|-weather|RainDance|[from] ability: Drizzle|[of] p2a: Pelipper\n|move|p2b: Aggron|Protect|p2b: Aggron\n|-singleturn|p2b: Aggron|Protect\n|move|p1b: Chesnaught|Wood Hammer|p2a: Pelipper\n|-damage|p2a: Pelipper|2/100\n|-damage|p1b: Chesnaught|37/100|[from] Recoil\n|move|p1a: Garchomp|Dragon Claw|p2a: Pelipper\n|-damage|p2a: Pelipper|0 fnt\n|faint|p2a: Pelipper\n|\n|-weather|RainDance|[upkeep]\n|-sideend|p2: Gamer15151527|move: Tailwind\n|upkeep\n|\n|t:|1776372374\n|switch|p2a: Sinistcha|Sinistcha, L50|73/100\n|-heal|p2b: Aggron|46/100|[from] ability: Hospitality|[of] p2a: Sinistcha\n|turn|13\n|\n|t:|1776372383\n|move|p1b: Chesnaught|Body Press|p2b: Aggron\n|-supereffective|p2b: Aggron|1\n|-damage|p2b: Aggron|30/100\n|move|p2b: Aggron|Body Press|p1a: Garchomp\n|-damage|p1a: Garchomp|0 fnt\n|faint|p1a: Garchomp\n|move|p2a: Sinistcha|Matcha Gotcha|p1b: Chesnaught\n|-resisted|p1b: Chesnaught|1\n|-damage|p1b: Chesnaught|23/100\n|-heal|p2a: Sinistcha|82/100|[from] drain|[of] p1b: Chesnaught\n|\n|-weather|RainDance|[upkeep]\n|upkeep\n|turn|14\n|-message|Phillip Blevin forfeited.\n|\n|win|Gamer15151527\n|raw|Phillip Blevin's rating: 1208 &rarr; <strong>1181</strong><br />(-27 for losing)\n|raw|Gamer15151527's rating: 1187 &rarr; <strong>1214</strong><br />(+27 for winning)\n",
  "uploadtime": 1776372392,
  "views": 19,
  "formatid": "gen9championsvgc2026regma",
  "rating": 1181,
  "private": 0,
  "password": null
}