{
  "id": "gen9championsvgc2026regma-2582920789",
  "format": "[Gen 9 Champions] VGC 2026 Reg M-A",
  "players": [
    "utftfftvh",
    "luvnoir"
  ],
  "log": "|j|\u2606utftfftvh\n|j|\u2606luvnoir\n|t:|1776125116\n|gametype|doubles\n|player|p1|utftfftvh|169|1040\n|player|p2|luvnoir|boarder|1000\n|gen|9\n|tier|[Gen 9 Champions] VGC 2026 Reg M-A\n|rated|\n|rule|Species Clause: Limit one of each Pok\u00e9mon\n|rule|Item Clause: Limit 1 of each item\n|clearpoke\n|poke|p1|Rotom-Wash, L50|\n|poke|p1|Arcanine, L50, F|\n|poke|p1|Gardevoir, L50, F|\n|poke|p1|Garchomp, L50, M|\n|poke|p1|Tyranitar, L50, M|\n|poke|p1|Sinistcha, L50|\n|poke|p2|Gardevoir, L50, M|\n|poke|p2|Sinistcha, L50|\n|poke|p2|Garchomp, L50, F|\n|poke|p2|Talonflame, L50, F|\n|poke|p2|Milotic, L50, F|\n|poke|p2|Kingambit, L50, F|\n|teampreview|4\n|inactive|Battle timer is ON: inactive players will automatically lose when time's up. (requested by utftfftvh)\n|inactive|utftfftvh has 60 seconds left.\n|inactive|luvnoir has 60 seconds left.\n|\n|t:|1776125172\n|teamsize|p1|4\n|teamsize|p2|4\n|start\n|switch|p1a: Garchomp|Garchomp, L50, M|100/100\n|switch|p1b: Rotom|Rotom-Wash, L50|100/100\n|switch|p2a: Gardevoir|Gardevoir, L50, M, shiny|100/100\n|switch|p2b: Sinistcha|Sinistcha, L50|100/100\n|turn|1\n|\n|t:|1776125196\n|detailschange|p2a: Gardevoir|Gardevoir-Mega, L50, M, shiny\n|-mega|p2a: Gardevoir|Gardevoir|Gardevoirite\n|move|p1a: Garchomp|Protect|p1a: Garchomp\n|-singleturn|p1a: Garchomp|Protect\n|move|p2b: Sinistcha|Rage Powder|p2b: Sinistcha\n|-singleturn|p2b: Sinistcha|move: Rage Powder\n|move|p1b: Rotom|Electroweb|p2a: Gardevoir|[spread] p2a,p2b\n|-resisted|p2b: Sinistcha|1\n|-damage|p2a: Gardevoir|83/100\n|-damage|p2b: Sinistcha|91/100\n|-unboost|p2a: Gardevoir|spe|1\n|-unboost|p2b: Sinistcha|spe|1\n|move|p2a: Gardevoir|Calm Mind|p2a: Gardevoir\n|-boost|p2a: Gardevoir|spa|1\n|-boost|p2a: Gardevoir|spd|1\n|\n|upkeep\n|turn|2\n|\n|t:|1776125214\n|move|p2b: Sinistcha|Rage Powder|p2b: Sinistcha\n|-singleturn|p2b: Sinistcha|move: Rage Powder\n|move|p1b: Rotom|Electroweb|p2a: Gardevoir|[spread] p2a,p2b\n|-resisted|p2b: Sinistcha|1\n|-damage|p2a: Gardevoir|71/100\n|-damage|p2b: Sinistcha|83/100\n|-unboost|p2a: Gardevoir|spe|1\n|-unboost|p2b: Sinistcha|spe|1\n|move|p1a: Garchomp|Earthquake|p2b: Sinistcha|[spread] p2a,p2b\n|-immune|p1b: Rotom|[from] ability: Levitate\n|-resisted|p2b: Sinistcha|1\n|-damage|p2a: Gardevoir|3/100\n|-damage|p2b: Sinistcha|68/100\n|move|p2a: Gardevoir|Hyper Voice|p1a: Garchomp|[spread] p1a,p1b\n|-supereffective|p1a: Garchomp|1\n|-damage|p1a: Garchomp|0 fnt\n|-damage|p1b: Rotom|5/100\n|faint|p1a: Garchomp\n|\n|upkeep\n|\n|t:|1776125229\n|switch|p1a: Gardevoir|Gardevoir, L50, F|100/100\n|turn|3\n|inactive|luvnoir has 30 seconds left.\n|inactive|luvnoir has 20 seconds left.\n|inactive|luvnoir has 15 seconds left.\n|inactive|luvnoir has 10 seconds left.\n|\n|t:|1776125276\n|detailschange|p1a: Gardevoir|Gardevoir-Mega, L50, F\n|-mega|p1a: Gardevoir|Gardevoir|Gardevoirite\n|move|p1b: Rotom|Electroweb|p2b: Sinistcha|[spread] p2a,p2b\n|-resisted|p2b: Sinistcha|1\n|-damage|p2a: Gardevoir|0 fnt\n|-damage|p2b: Sinistcha|59/100\n|-unboost|p2b: Sinistcha|spe|1\n|faint|p2a: Gardevoir\n|move|p1a: Gardevoir|Hyper Voice|p2b: Sinistcha\n|-damage|p2b: Sinistcha|0 fnt\n|faint|p2b: Sinistcha\n|\n|upkeep\n|\n|t:|1776125287\n|switch|p2a: Kingambit|Kingambit, L50, F|100/100\n|switch|p2b: Milotic|Milotic, L50, F|100/100\n|turn|4\n|inactive|luvnoir has 30 seconds left.\n|\n|t:|1776125319\n|switch|p1b: Tyranitar|Tyranitar, L50, M|100/100\n|-weather|Sandstorm|[from] ability: Sand Stream|[of] p1b: Tyranitar\n|move|p1a: Gardevoir|Destiny Bond|p1a: Gardevoir\n|-singlemove|p1a: Gardevoir|Destiny Bond\n|move|p2b: Milotic|Scald|p1b: Tyranitar\n|-supereffective|p1b: Tyranitar|1\n|-damage|p1b: Tyranitar|55/100\n|-status|p1b: Tyranitar|brn\n|move|p2a: Kingambit|Iron Head|p1a: Gardevoir\n|-supereffective|p1a: Gardevoir|1\n|-crit|p1a: Gardevoir\n|-damage|p1a: Gardevoir|0 fnt\n|faint|p1a: Gardevoir\n|-activate|p1a: Gardevoir|move: Destiny Bond\n|faint|p2a: Kingambit\n|\n|-weather|Sandstorm|[upkeep]\n|-damage|p2b: Milotic|95/100|[from] Sandstorm\n|-damage|p1b: Tyranitar|49/100 brn|[from] brn\n|upkeep\n|\n|t:|1776125331\n|switch|p1a: Rotom|Rotom-Wash, L50|5/100\n|turn|5\n|\n|t:|1776125352\n|move|p1a: Rotom|Thunderbolt|p2b: Milotic\n|-supereffective|p2b: Milotic|1\n|-damage|p2b: Milotic|30/100\n|move|p2b: Milotic|Weather Ball|p1a: Rotom\n|-damage|p1a: Rotom|0 fnt\n|faint|p1a: Rotom\n|move|p1b: Tyranitar|Knock Off|p2b: Milotic\n|-damage|p2b: Milotic|7/100\n|-enditem|p2b: Milotic|Mystic Water|[from] move: Knock Off|[of] p1b: Tyranitar\n|\n|-weather|Sandstorm|[upkeep]\n|-damage|p2b: Milotic|1/100|[from] Sandstorm\n|-damage|p1b: Tyranitar|43/100 brn|[from] brn\n|upkeep\n|turn|6\n|\n|t:|1776125369\n|move|p2b: Milotic|Scald|p1b: Tyranitar\n|-supereffective|p1b: Tyranitar|1\n|-damage|p1b: Tyranitar|0 fnt\n|faint|p1b: Tyranitar\n|\n|win|luvnoir\n|raw|utftfftvh's rating: 1040 &rarr; <strong>1022</strong><br />(-18 for losing)\n|raw|luvnoir's rating: 1000 &rarr; <strong>1045</strong><br />(+45 for winning)\n|l|\u2606utftfftvh\n|player|p1|\n",
  "uploadtime": 1776125375,
  "views": 13,
  "formatid": "gen9championsvgc2026regma",
  "rating": 1022,
  "private": 0,
  "password": null
}