{
  "id": "gen9championsvgc2026regma-2583856870",
  "format": "[Gen 9 Champions] VGC 2026 Reg M-A",
  "players": [
    "Jah_08",
    "lennybanko"
  ],
  "log": "|j|\u2606Jah_08\n|j|\u2606lennybanko\n|t:|1776203111\n|gametype|doubles\n|player|p1|Jah_08|alder|1357\n|player|p2|lennybanko|lady|1267\n|gen|9\n|tier|[Gen 9 Champions] VGC 2026 Reg M-A\n|rated|\n|rule|Species Clause: Limit one of each Pok\u00e9mon\n|rule|Item Clause: Limit 1 of each item\n|clearpoke\n|poke|p1|Excadrill, L50, M|\n|poke|p1|Whimsicott, L50, M|\n|poke|p1|Chandelure, L50, M|\n|poke|p1|Zoroark-Hisui, L50, M|\n|poke|p1|Basculegion, L50, M|\n|poke|p1|Krookodile, L50, M|\n|poke|p2|Azumarill, L50, F|\n|poke|p2|Maushold, L50|\n|poke|p2|Incineroar, L50, F|\n|poke|p2|Kingambit, L50, F|\n|poke|p2|Sinistcha, L50|\n|poke|p2|Delphox, L50, M|\n|teampreview|4\n|\n|t:|1776203147\n|teamsize|p1|4\n|teamsize|p2|4\n|start\n|switch|p1a: Chandelure|Chandelure, L50, M, shiny|100/100\n|switch|p1b: Basculegion|Basculegion, L50, M|100/100\n|switch|p2a: Azumarill|Azumarill, L50, F|100/100\n|switch|p2b: Maushold|Maushold, L50|100/100\n|turn|1\n|\n|t:|1776203179\n|move|p2b: Maushold|Follow Me|p2b: Maushold\n|-singleturn|p2b: Maushold|move: Follow Me\n|move|p1b: Basculegion|Wave Crash|p2b: Maushold\n|-enditem|p2b: Maushold|Focus Sash\n|-damage|p2b: Maushold|1/100\n|-damage|p1b: Basculegion|70/100|[from] Recoil\n|move|p1a: Chandelure|Will-O-Wisp|p2b: Maushold\n|-status|p2b: Maushold|brn\n|move|p2a: Azumarill|Belly Drum|p2a: Azumarill\n|-damage|p2a: Azumarill|50/100\n|-setboost|p2a: Azumarill|atk|6|[from] move: Belly Drum\n|-enditem|p2a: Azumarill|Sitrus Berry|[eat]\n|-heal|p2a: Azumarill|75/100|[from] item: Sitrus Berry\n|\n|-damage|p2b: Maushold|0 fnt|[from] brn\n|faint|p2b: Maushold\n|upkeep\n|\n|t:|1776203194\n|switch|p2b: Delphox|Delphox, L50, M|100/100\n|turn|2\n|\n|t:|1776203205\n|move|p2b: Delphox|Protect|p2b: Delphox\n|-singleturn|p2b: Delphox|Protect\n|move|p1a: Chandelure|Protect|p1a: Chandelure\n|-singleturn|p1a: Chandelure|Protect\n|move|p2a: Azumarill|Aqua Jet|p1a: Chandelure\n|-activate|p1a: Chandelure|move: Protect\n|move|p1b: Basculegion|Wave Crash|p2b: Delphox\n|-activate|p2b: Delphox|move: Protect\n|\n|upkeep\n|turn|3\n|\n|t:|1776203220\n|switch|p2b: Incineroar|Incineroar, L50, F|100/100\n|-ability|p2b: Incineroar|Intimidate|boost\n|-unboost|p1a: Chandelure|atk|1\n|-unboost|p1b: Basculegion|atk|1\n|switch|p1a: Whimsicott|Whimsicott, L50, M, shiny|100/100\n|move|p2a: Azumarill|Aqua Jet|p1a: Whimsicott\n|-resisted|p1a: Whimsicott|1\n|-damage|p1a: Whimsicott|32/100\n|move|p1b: Basculegion|Wave Crash|p2b: Incineroar\n|-supereffective|p2b: Incineroar|1\n|-damage|p2b: Incineroar|19/100\n|-damage|p1b: Basculegion|43/100|[from] Recoil\n|\n|upkeep\n|turn|4\n|\n|t:|1776203247\n|move|p1a: Whimsicott|Protect|p1a: Whimsicott\n|-singleturn|p1a: Whimsicott|Protect\n|move|p2b: Incineroar|Fake Out|p1a: Whimsicott\n|-activate|p1a: Whimsicott|move: Protect\n|move|p2a: Azumarill|Aqua Jet|p1b: Basculegion\n|-resisted|p1b: Basculegion|1\n|-damage|p1b: Basculegion|0 fnt\n|faint|p1b: Basculegion\n|\n|upkeep\n|\n|t:|1776203288\n|switch|p1b: Chandelure|Chandelure, L50, M, shiny|100/100\n|turn|5\n|\n|t:|1776203308\n|move|p1b: Chandelure|Protect|p1b: Chandelure\n|-singleturn|p1b: Chandelure|Protect\n|move|p1a: Whimsicott|Encore|p2b: Incineroar\n|-hint|Since gen 7, Dark is immune to Prankster moves.\n|-immune|p2b: Incineroar\n|move|p2a: Azumarill|Aqua Jet|p1b: Chandelure\n|-activate|p1b: Chandelure|move: Protect\n|move|p2b: Incineroar|Flare Blitz|p1a: Whimsicott\n|-supereffective|p1a: Whimsicott|1\n|-damage|p1a: Whimsicott|0 fnt\n|faint|p1a: Whimsicott\n|-damage|p2b: Incineroar|11/100|[from] Recoil\n|\n|upkeep\n|\n|t:|1776203323\n|switch|p1a: Chandelure|Chandelure, L50, M, shiny|100/100\n|turn|6\n|\n|t:|1776203333\n|switch|p2b: Delphox|Delphox, L50, M|100/100\n|detailschange|p1a: Chandelure|Chandelure-Mega, L50, M, shiny\n|-mega|p1a: Chandelure|Chandelure|Chandelurite\n|move|p2a: Azumarill|Aqua Jet|p1b: Chandelure\n|-damage|p1b: Chandelure|0 fnt\n|replace|p1b: Zoroark|Zoroark-Hisui, L50, M\n|-end|p1b: Zoroark|Illusion\n|faint|p1b: Zoroark\n|move|p1a: Chandelure|Shadow Ball|p2a: Azumarill\n|-damage|p2a: Azumarill|21/100\n|\n|upkeep\n|turn|7\n|\n|t:|1776203348\n|detailschange|p2b: Delphox|Delphox-Mega, L50, M\n|-mega|p2b: Delphox|Delphox|Delphoxite\n|move|p2a: Azumarill|Aqua Jet|p1a: Chandelure\n|-supereffective|p1a: Chandelure|1\n|-damage|p1a: Chandelure|0 fnt\n|faint|p1a: Chandelure\n|\n|win|lennybanko\n|raw|Jah_08's rating: 1357 &rarr; <strong>1332</strong><br />(-25 for losing)\n|raw|lennybanko's rating: 1267 &rarr; <strong>1298</strong><br />(+31 for winning)\n",
  "uploadtime": 1776203357,
  "views": 27,
  "formatid": "gen9championsvgc2026regma",
  "rating": 1298,
  "private": 0,
  "password": null
}