{
  "id": "gen9championsvgc2026regma-2585112409",
  "format": "[Gen 9 Champions] VGC 2026 Reg M-A",
  "players": [
    "Bastiodon Stan",
    "forfeitToForfeit"
  ],
  "log": "|j|\u2606Bastiodon Stan\n|j|\u2606forfeitToForfeit\n|t:|1776313162\n|gametype|doubles\n|player|p1|Bastiodon Stan|pokemonbreederf|1065\n|player|p2|forfeitToForfeit|101|1104\n|gen|9\n|tier|[Gen 9 Champions] VGC 2026 Reg M-A\n|rated|\n|rule|Species Clause: Limit one of each Pok\u00e9mon\n|rule|Item Clause: Limit 1 of each item\n|clearpoke\n|poke|p1|Victreebel, L50, F|\n|poke|p1|Gyarados, L50, F|\n|poke|p1|Talonflame, L50, M|\n|poke|p1|Mamoswine, L50, F|\n|poke|p1|Garchomp, L50, M|\n|poke|p1|Lopunny, L50, F|\n|poke|p2|Crabominable, L50, F|\n|poke|p2|Farigiraf, L50, M|\n|poke|p2|Incineroar, L50, M|\n|poke|p2|Torkoal, L50, M|\n|poke|p2|Kingambit, L50, F|\n|poke|p2|Slowking, L50, F|\n|teampreview|4\n|inactive|Battle timer is ON: inactive players will automatically lose when time's up. (requested by forfeitToForfeit)\n|inactive|Bastiodon Stan has 60 seconds left.\n|inactive|Bastiodon Stan has 30 seconds left.\n|\n|t:|1776313227\n|teamsize|p1|4\n|teamsize|p2|4\n|start\n|switch|p1a: Surbaiss\u00e9|Victreebel, L50, F|100/100\n|switch|p1b: Surblind\u00e9|Mamoswine, L50, F|100/100\n|switch|p2a: Crabominable|Crabominable, L50, F|100/100\n|switch|p2b: Farigiraf|Farigiraf, L50, M|100/100\n|turn|1\n|inactive|Bastiodon Stan has 30 seconds left.\n|\n|t:|1776313261\n|detailschange|p1a: Surbaiss\u00e9|Victreebel-Mega, L50, F\n|-mega|p1a: Surbaiss\u00e9|Victreebel|Victreebelite\n|move|p1b: Surblind\u00e9|Icicle Crash|p2b: Farigiraf\n|-damage|p2b: Farigiraf|50/100\n|-enditem|p2b: Farigiraf|Sitrus Berry|[eat]\n|-heal|p2b: Farigiraf|75/100|[from] item: Sitrus Berry\n|move|p1a: Surbaiss\u00e9|Sleep Powder|p2b: Farigiraf\n|-status|p2b: Farigiraf|slp|[from] move: Sleep Powder\n|move|p2a: Crabominable|Drain Punch|p1b: Surblind\u00e9\n|-supereffective|p1b: Surblind\u00e9|1\n|-damage|p1b: Surblind\u00e9|0 fnt\n|faint|p1b: Surblind\u00e9\n|cant|p2b: Farigiraf|slp\n|\n|upkeep\n|\n|t:|1776313275\n|switch|p1b: Lorraine|Gyarados, L50, F|100/100\n|-ability|p1b: Lorraine|Intimidate|boost\n|-unboost|p2a: Crabominable|atk|1\n|-unboost|p2b: Farigiraf|atk|1\n|turn|2\n|\n|t:|1776313291\n|switch|p2b: Kingambit|Kingambit, L50, F|100/100\n|switch|p2a: Torkoal|Torkoal, L50, M|100/100\n|-weather|SunnyDay|[from] ability: Drought|[of] p2a: Torkoal\n|move|p1b: Lorraine|Waterfall|p2b: Kingambit\n|-damage|p2b: Kingambit|87/100\n|move|p1a: Surbaiss\u00e9|Sleep Powder|p2a: Torkoal\n|-status|p2a: Torkoal|slp|[from] move: Sleep Powder\n|\n|-weather|SunnyDay|[upkeep]\n|upkeep\n|turn|3\n|\n|t:|1776313315\n|switch|p1b: Somua|Garchomp, L50, M|100/100\n|move|p1a: Surbaiss\u00e9|Sleep Powder|p2b: Kingambit\n|-status|p2b: Kingambit|slp|[from] move: Sleep Powder\n|cant|p2b: Kingambit|slp\n|cant|p2a: Torkoal|slp\n|\n|-weather|SunnyDay|[upkeep]\n|upkeep\n|turn|4\n|\n|t:|1776313327\n|switch|p1a: Lorraine|Gyarados, L50, F|100/100\n|-ability|p1a: Lorraine|Intimidate|boost\n|-unboost|p2a: Torkoal|atk|1\n|-unboost|p2b: Kingambit|atk|1\n|-ability|p2b: Kingambit|Defiant|boost\n|-boost|p2b: Kingambit|atk|2\n|move|p1b: Somua|Earthquake|p2a: Torkoal|[spread] p2a,p2b\n|-immune|p1a: Lorraine\n|-supereffective|p2a: Torkoal|1\n|-supereffective|p2b: Kingambit|1\n|-damage|p2a: Torkoal|42/100 slp\n|-damage|p2b: Kingambit|31/100 slp\n|cant|p2b: Kingambit|slp\n|cant|p2a: Torkoal|slp\n|\n|-weather|SunnyDay|[upkeep]\n|upkeep\n|turn|5\n|inactive|forfeitToForfeit has 30 seconds left.\n|inactive|forfeitToForfeit has 20 seconds left.\n|inactive|forfeitToForfeit has 15 seconds left.\n|inactive|forfeitToForfeit has 10 seconds left.\n|inactive|forfeitToForfeit has 5 seconds left.\n|\n|t:|1776313382\n|-curestatus|p2b: Kingambit|slp|[msg]\n|move|p2b: Kingambit|Sucker Punch|p1b: Somua\n|-damage|p1b: Somua|42/100\n|-damage|p2b: Kingambit|19/100|[from] ability: Rough Skin|[of] p1b: Somua\n|move|p1b: Somua|Earthquake|p2a: Torkoal|[spread] p2a,p2b\n|-immune|p1a: Lorraine\n|-supereffective|p2a: Torkoal|1\n|-supereffective|p2b: Kingambit|1\n|-damage|p2a: Torkoal|0 fnt\n|-damage|p2b: Kingambit|0 fnt\n|faint|p2a: Torkoal\n|faint|p2b: Kingambit\n|move|p1a: Lorraine|Waterfall|p2: Torkoal|[notarget]\n|-fail|p1a: Lorraine\n|\n|-weather|SunnyDay|[upkeep]\n|upkeep\n|inactive|forfeitToForfeit has 30 seconds left.\n|inactive|forfeitToForfeit has 20 seconds left.\n|inactive|forfeitToForfeit has 15 seconds left.\n|inactive|forfeitToForfeit has 10 seconds left.\n|inactive|forfeitToForfeit has 5 seconds left.\n|\n|t:|1776313437\n|switch|p2b: Farigiraf|Farigiraf, L50, M|75/100 slp\n|switch|p2a: Crabominable|Crabominable, L50, F|100/100\n|turn|6\n|inactive|forfeitToForfeit has 30 seconds left.\n|inactive|forfeitToForfeit has 20 seconds left.\n|inactive|forfeitToForfeit has 15 seconds left.\n|inactive|forfeitToForfeit has 10 seconds left.\n|inactive|forfeitToForfeit has 5 seconds left.\n|\n|t:|1776313493\n|move|p1b: Somua|Earthquake|p2a: Crabominable|[spread] p2a,p2b\n|-immune|p1a: Lorraine\n|-damage|p2a: Crabominable|56/100\n|-damage|p2b: Farigiraf|42/100 slp\n|move|p1a: Lorraine|Waterfall|p2b: Farigiraf\n|-damage|p2b: Farigiraf|27/100 slp\n|move|p2a: Crabominable|Drain Punch|p1a: Lorraine\n|-resisted|p1a: Lorraine|1\n|-crit|p1a: Lorraine\n|-damage|p1a: Lorraine|61/100\n|-heal|p2a: Crabominable|73/100|[from] drain|[of] p1a: Lorraine\n|cant|p2b: Farigiraf|slp\n|\n|-weather|none\n|upkeep\n|turn|7\n|inactive|forfeitToForfeit has 30 seconds left.\n|inactive|forfeitToForfeit has 20 seconds left.\n|inactive|forfeitToForfeit has 15 seconds left.\n|inactive|forfeitToForfeit has 10 seconds left.\n|inactive|forfeitToForfeit has 5 seconds left.\n|\n|t:|1776313548\n|move|p1b: Somua|Earthquake|p2a: Crabominable|[spread] p2a,p2b\n|-immune|p1a: Lorraine\n|-damage|p2a: Crabominable|27/100\n|-damage|p2b: Farigiraf|0 fnt\n|faint|p2b: Farigiraf\n|move|p1a: Lorraine|Waterfall|p2a: Crabominable\n|-damage|p2a: Crabominable|0 fnt\n|faint|p2a: Crabominable\n|\n|win|Bastiodon Stan\n|raw|Bastiodon Stan's rating: 1065 &rarr; <strong>1099</strong><br />(+34 for winning)\n|raw|forfeitToForfeit's rating: 1104 &rarr; <strong>1076</strong><br />(-28 for losing)\n",
  "uploadtime": 1776313565,
  "views": 24,
  "formatid": "gen9championsvgc2026regma",
  "rating": 1076,
  "private": 0,
  "password": null
}