{
  "id": "gen9championsvgc2026regma-2581464611",
  "format": "[Gen 9 Champions] VGC 2026 Reg M-A",
  "players": [
    "Unchained",
    "Jeremykhoo"
  ],
  "log": "|j|\u2606Unchained\n|j|\u2606Jeremykhoo\n|t:|1776002968\n|gametype|doubles\n|player|p1|Unchained|169|1046\n|player|p2|Jeremykhoo|266|1028\n|gen|9\n|tier|[Gen 9 Champions] VGC 2026 Reg M-A\n|rated|\n|rule|Species Clause: Limit one of each Pok\u00e9mon\n|rule|Item Clause: Limit 1 of each item\n|clearpoke\n|poke|p1|Passimian, L50, M|\n|poke|p1|Medicham, L50, M|\n|poke|p1|Alakazam, L50, F|\n|poke|p1|Espathra, L50, F|\n|poke|p1|Wyrdeer, L50, F|\n|poke|p1|Drampa, L50, F|\n|poke|p2|Tyranitar, L50, F|\n|poke|p2|Whimsicott, L50, F|\n|poke|p2|Aggron, L50, M|\n|poke|p2|Drampa, L50, M|\n|poke|p2|Sylveon, L50, M|\n|poke|p2|Arcanine, L50, F|\n|teampreview|4\n|inactive|Battle timer is ON: inactive players will automatically lose when time's up. (requested by Unchained)\n|inactive|Jeremykhoo has 60 seconds left.\n|inactive|Jeremykhoo has 30 seconds left.\n|\n|t:|1776003034\n|teamsize|p1|4\n|teamsize|p2|4\n|start\n|switch|p1a: Medicham|Medicham, L50, M|100/100\n|switch|p1b: Passimian|Passimian, L50, M|100/100\n|switch|p2a: Whimsicott|Whimsicott, L50, F|100/100\n|switch|p2b: Arcanine|Arcanine, L50, F|100/100\n|-ability|p2b: Arcanine|Intimidate|boost\n|-unboost|p1a: Medicham|atk|1\n|-unboost|p1b: Passimian|atk|1\n|-enditem|p1b: Passimian|White Herb\n|-clearnegativeboost|p1b: Passimian|[silent]\n|turn|1\n|inactive|Jeremykhoo has 30 seconds left.\n|inactive|Jeremykhoo has 20 seconds left.\n|\n|t:|1776003069\n|detailschange|p1a: Medicham|Medicham-Mega, L50, M\n|-mega|p1a: Medicham|Medicham|Medichamite\n|move|p2b: Arcanine|Protect|p2b: Arcanine\n|-singleturn|p2b: Arcanine|Protect\n|move|p1a: Medicham|Fake Out|p2a: Whimsicott\n|-damage|p2a: Whimsicott|85/100\n|cant|p2a: Whimsicott|flinch\n|move|p1b: Passimian|Coaching|p1a: Medicham\n|-boost|p1a: Medicham|atk|1\n|-boost|p1a: Medicham|def|1\n|\n|upkeep\n|turn|2\n|\n|t:|1776003091\n|move|p2a: Whimsicott|Tailwind|p2a: Whimsicott\n|-sidestart|p2: Jeremykhoo|move: Tailwind\n|move|p2b: Arcanine|Will-O-Wisp|p1a: Medicham|[miss]\n|-miss|p2b: Arcanine|p1a: Medicham\n|move|p1a: Medicham|Drain Punch|p2b: Arcanine\n|-damage|p2b: Arcanine|49/100\n|move|p1b: Passimian|Coaching|p1a: Medicham\n|-boost|p1a: Medicham|atk|1\n|-boost|p1a: Medicham|def|1\n|\n|upkeep\n|turn|3\n|inactive|Jeremykhoo has 30 seconds left.\n|inactive|Jeremykhoo has 20 seconds left.\n|\n|t:|1776003130\n|move|p2a: Whimsicott|Moonblast|p1b: Passimian\n|-supereffective|p1b: Passimian|1\n|-damage|p1b: Passimian|33/100\n|move|p2b: Arcanine|Will-O-Wisp|p1a: Medicham|[miss]\n|-miss|p2b: Arcanine|p1a: Medicham\n|move|p1a: Medicham|Drain Punch|p2b: Arcanine\n|-damage|p2b: Arcanine|0 fnt\n|faint|p2b: Arcanine\n|move|p1b: Passimian|Coaching|p1a: Medicham\n|-boost|p1a: Medicham|atk|1\n|-boost|p1a: Medicham|def|1\n|\n|upkeep\n|\n|t:|1776003141\n|switch|p2b: Sylveon|Sylveon, L50, M|100/100\n|turn|4\n|\n|t:|1776003154\n|move|p2a: Whimsicott|Fake Tears|p1a: Medicham\n|-unboost|p1a: Medicham|spd|2\n|move|p2b: Sylveon|Hyper Voice|p1b: Passimian|[spread] p1a,p1b\n|-supereffective|p1a: Medicham|1\n|-supereffective|p1b: Passimian|1\n|-damage|p1a: Medicham|0 fnt\n|-damage|p1b: Passimian|0 fnt\n|faint|p1a: Medicham\n|faint|p1b: Passimian\n|\n|upkeep\n|\n|t:|1776003162\n|switch|p1a: Espathra|Espathra, L50, F|100/100\n|switch|p1b: Wyrdeer|Wyrdeer, L50, F|100/100\n|-ability|p1b: Wyrdeer|Intimidate|boost\n|-unboost|p2a: Whimsicott|atk|1\n|-unboost|p2b: Sylveon|atk|1\n|turn|5\n|inactive|Jeremykhoo has 30 seconds left.\n|inactive|Unchained has 30 seconds left.\n|inactive|Unchained has 20 seconds left.\n|inactive|Unchained has 15 seconds left.\n|inactive|Unchained has 10 seconds left.\n|\n|t:|1776003226\n|move|p2a: Whimsicott|Fake Tears|p1a: Espathra\n|-unboost|p1a: Espathra|spd|2\n|move|p2b: Sylveon|Hyper Voice|p1b: Wyrdeer|[spread] p1a,p1b\n|-damage|p1a: Espathra|0 fnt\n|-damage|p1b: Wyrdeer|56/100\n|faint|p1a: Espathra\n|move|p1b: Wyrdeer|Psyshield Bash|p2b: Sylveon\n|-damage|p2b: Sylveon|50/100\n|-boost|p1b: Wyrdeer|def|1\n|\n|-sideend|p2: Jeremykhoo|move: Tailwind\n|upkeep\n|turn|6\n|\n|t:|1776003246\n|move|p2b: Sylveon|Protect|p2b: Sylveon\n|-singleturn|p2b: Sylveon|Protect\n|move|p2a: Whimsicott|Tailwind|p2a: Whimsicott\n|-sidestart|p2: Jeremykhoo|move: Tailwind\n|move|p1b: Wyrdeer|Psyshield Bash|p2b: Sylveon\n|-activate|p2b: Sylveon|move: Protect\n|\n|upkeep\n|turn|7\n|\n|t:|1776003255\n|move|p2a: Whimsicott|Fake Tears|p1b: Wyrdeer\n|-unboost|p1b: Wyrdeer|spd|2\n|move|p2b: Sylveon|Hyper Voice|p1b: Wyrdeer\n|-damage|p1b: Wyrdeer|0 fnt\n|faint|p1b: Wyrdeer\n|\n|win|Jeremykhoo\n|raw|Unchained's rating: 1046 &rarr; <strong>1028</strong><br />(-18 for losing)\n|raw|Jeremykhoo's rating: 1028 &rarr; <strong>1066</strong><br />(+38 for winning)\n",
  "uploadtime": 1776003262,
  "views": 19,
  "formatid": "gen9championsvgc2026regma",
  "rating": 1028,
  "private": 0,
  "password": null
}