{
  "id": "gen9championsvgc2026regma-2581813907",
  "format": "[Gen 9 Champions] VGC 2026 Reg M-A",
  "players": [
    "Ja-Ja JAGN",
    "fayetssf"
  ],
  "log": "|j|\u2606Ja-Ja JAGN\n|j|\u2606fayetssf\n|t:|1776030540\n|gametype|doubles\n|player|p1|Ja-Ja JAGN|thorton|1230\n|player|p2|fayetssf|miku-ghost|1322\n|gen|9\n|tier|[Gen 9 Champions] VGC 2026 Reg M-A\n|rated|\n|rule|Species Clause: Limit one of each Pok\u00e9mon\n|rule|Item Clause: Limit 1 of each item\n|clearpoke\n|poke|p1|Lucario, L50, F|\n|poke|p1|Incineroar, L50, F|\n|poke|p1|Palafin, L50, M|\n|poke|p1|Whimsicott, L50, F|\n|poke|p1|Pelipper, L50, F|\n|poke|p1|Dragapult, L50, M|\n|poke|p2|Clefable, L50, M|\n|poke|p2|Kingambit, L50, M|\n|poke|p2|Basculegion, L50, M|\n|poke|p2|Rhyperior, L50, F|\n|poke|p2|Farigiraf, L50, F|\n|poke|p2|Sneasler, L50, F|\n|teampreview|4\n|inactive|Battle timer is ON: inactive players will automatically lose when time's up. (requested by fayetssf)\n|j| DozenSBU\n|inactive|Ja-Ja JAGN has 60 seconds left.\n|inactive|fayetssf has 60 seconds left.\n|\n|t:|1776030584\n|teamsize|p1|4\n|teamsize|p2|4\n|start\n|switch|p1a: Incineroar|Incineroar, L50, F|100/100\n|switch|p1b: Dragapult|Dragapult, L50, M|100/100\n|switch|p2a: Sneasler|Sneasler, L50, F|100/100\n|switch|p2b: Basculegion|Basculegion, L50, M|100/100\n|-ability|p1a: Incineroar|Intimidate|boost\n|-unboost|p2a: Sneasler|atk|1\n|-unboost|p2b: Basculegion|atk|1\n|turn|1\n|\n|t:|1776030600\n|move|p1b: Dragapult|Protect|p1b: Dragapult\n|-singleturn|p1b: Dragapult|Protect\n|move|p2a: Sneasler|Fake Out|p1a: Incineroar\n|-damage|p1a: Incineroar|93/100\n|move|p2b: Basculegion|Flip Turn|p1b: Dragapult\n|-activate|p1b: Dragapult|move: Protect\n|cant|p1a: Incineroar|flinch\n|\n|upkeep\n|turn|2\n|\n|t:|1776030611\n|switch|p2a: Clefable|Clefable, L50, M|100/100\n|move|p2b: Basculegion|Flip Turn|p1a: Incineroar\n|-supereffective|p1a: Incineroar|1\n|-damage|p1a: Incineroar|49/100\n|-enditem|p1a: Incineroar|Sitrus Berry|[eat]\n|-heal|p1a: Incineroar|74/100|[from] item: Sitrus Berry\n|\n|t:|1776030619\n|switch|p2b: Sneasler|Sneasler, L50, F|100/100|[from] Flip Turn\n|move|p1b: Dragapult|Shadow Ball|p2a: Clefable\n|-damage|p2a: Clefable|72/100\n|move|p1a: Incineroar|Flare Blitz|p2a: Clefable\n|-damage|p2a: Clefable|11/100\n|-damage|p1a: Incineroar|53/100|[from] Recoil\n|\n|upkeep\n|turn|3\n|\n|t:|1776030641\n|detailschange|p2a: Clefable|Clefable-Mega, L50, M\n|-mega|p2a: Clefable|Clefable|Clefablite\n|move|p1b: Dragapult|Draco Meteor|p2b: Sneasler\n|-damage|p2b: Sneasler|20/100\n|-unboost|p1b: Dragapult|spa|2\n|move|p2b: Sneasler|Close Combat|p1a: Incineroar\n|-supereffective|p1a: Incineroar|1\n|-damage|p1a: Incineroar|0 fnt\n|-unboost|p2b: Sneasler|def|1\n|-unboost|p2b: Sneasler|spd|1\n|faint|p1a: Incineroar\n|move|p2a: Clefable|Moonblast|p1b: Dragapult\n|-supereffective|p1b: Dragapult|1\n|-damage|p1b: Dragapult|0 fnt\n|faint|p1b: Dragapult\n|\n|upkeep\n|j| Notswitch417\n|\n|t:|1776030654\n|switch|p1b: Lucario|Lucario, L50, F|100/100\n|switch|p1a: Pelipper|Pelipper, L50, F|100/100\n|-weather|RainDance|[from] ability: Drizzle|[of] p1a: Pelipper\n|turn|4\n|l| Notswitch417\n|\n|t:|1776030671\n|detailschange|p1b: Lucario|Lucario-Mega, L50, F\n|-mega|p1b: Lucario|Lucario|Lucarionite\n|move|p2a: Clefable|Follow Me|p2a: Clefable\n|-singleturn|p2a: Clefable|move: Follow Me\n|move|p1b: Lucario|Bullet Punch|p2a: Clefable\n|-supereffective|p2a: Clefable|1\n|-damage|p2a: Clefable|0 fnt\n|faint|p2a: Clefable\n|move|p2b: Sneasler|Close Combat|p1b: Lucario\n|-supereffective|p1b: Lucario|1\n|-damage|p1b: Lucario|0 fnt\n|-unboost|p2b: Sneasler|def|1\n|-unboost|p2b: Sneasler|spd|1\n|faint|p1b: Lucario\n|move|p1a: Pelipper|Tailwind|p1a: Pelipper\n|-sidestart|p1: Ja-Ja JAGN|move: Tailwind\n|\n|-weather|RainDance|[upkeep]\n|upkeep\n|\n|t:|1776030678\n|switch|p2a: Kingambit|Kingambit, L50, M|100/100\n|turn|5\n|\n|t:|1776030684\n|move|p1a: Pelipper|Weather Ball|p2b: Sneasler\n|-damage|p2b: Sneasler|0 fnt\n|faint|p2b: Sneasler\n|move|p2a: Kingambit|Kowtow Cleave|p1a: Pelipper\n|-damage|p1a: Pelipper|33/100\n|\n|-weather|RainDance|[upkeep]\n|upkeep\n|\n|t:|1776030687\n|switch|p2b: Basculegion|Basculegion, L50, M|100/100\n|turn|6\n|\n|t:|1776030692\n|move|p2b: Basculegion|Aqua Jet|p1a: Pelipper\n|-resisted|p1a: Pelipper|1\n|-damage|p1a: Pelipper|10/100\n|move|p2a: Kingambit|Sucker Punch|p1a: Pelipper\n|-damage|p1a: Pelipper|0 fnt\n|faint|p1a: Pelipper\n|\n|win|fayetssf\n|raw|Ja-Ja JAGN's rating: 1230 &rarr; <strong>1211</strong><br />(-19 for losing)\n|raw|fayetssf's rating: 1322 &rarr; <strong>1337</strong><br />(+15 for winning)\n|l|\u2606Ja-Ja JAGN\n|player|p1|\n",
  "uploadtime": 1776030706,
  "views": 21,
  "formatid": "gen9championsvgc2026regma",
  "rating": 1211,
  "private": 0,
  "password": null
}