{
  "id": "gen9championsvgc2026regma-2584446257",
  "format": "[Gen 9 Champions] VGC 2026 Reg M-A",
  "players": [
    "sal19",
    "alvarriderr"
  ],
  "log": "|j|\u2606sal19\n|j|\u2606alvarriderr\n|t:|1776261438\n|gametype|doubles\n|player|p1|sal19|lucas|1116\n|player|p2|alvarriderr|hilbert-wonderlauncher|1153\n|gen|9\n|tier|[Gen 9 Champions] VGC 2026 Reg M-A\n|rated|\n|rule|Species Clause: Limit one of each Pok\u00e9mon\n|rule|Item Clause: Limit 1 of each item\n|clearpoke\n|poke|p1|Froslass, L50, F|\n|poke|p1|Aerodactyl, L50, F|\n|poke|p1|Incineroar, L50, M|\n|poke|p1|Sinistcha, L50|\n|poke|p1|Milotic, L50, M|\n|poke|p1|Passimian, L50, M|\n|poke|p2|Hawlucha, L50, M|\n|poke|p2|Excadrill, L50, F|\n|poke|p2|Tyranitar, L50, M|\n|poke|p2|Sinistcha, L50|\n|poke|p2|Rotom-Wash, L50|\n|poke|p2|Volcarona, L50, F|\n|teampreview|4\n|inactive|Battle timer is ON: inactive players will automatically lose when time's up. (requested by sal19)\nalvarriderr has agreed to open team sheets.\n|inactive|alvarriderr has 60 seconds left.\n|inactive|alvarriderr has 30 seconds left.\n|\n|t:|1776261499\n|teamsize|p1|4\n|teamsize|p2|4\n|start\n|switch|p1a: Passimian|Passimian, L50, M|100/100\n|switch|p1b: Aerodactyl|Aerodactyl, L50, F|100/100\n|switch|p2a: Hawlucha|Hawlucha, L50, M|100/100\n|switch|p2b: Excadrill|Excadrill, L50, F|100/100\n|-ability|p1b: Aerodactyl|Unnerve\n|turn|1\n|inactive|alvarriderr has 30 seconds left.\n|inactive|alvarriderr has 20 seconds left.\n|\n|t:|1776261536\n|detailschange|p2a: Hawlucha|Hawlucha-Mega, L50, M\n|-mega|p2a: Hawlucha|Hawlucha|Hawluchanite\n|detailschange|p1b: Aerodactyl|Aerodactyl-Mega, L50, F\n|-mega|p1b: Aerodactyl|Aerodactyl|Aerodactylite\n|move|p1b: Aerodactyl|Tailwind|p1b: Aerodactyl\n|-sidestart|p1: sal19|move: Tailwind\n|move|p1a: Passimian|Close Combat|p2b: Excadrill\n|-supereffective|p2b: Excadrill|1\n|-enditem|p2b: Excadrill|Focus Sash\n|-damage|p2b: Excadrill|1/100\n|-unboost|p1a: Passimian|def|1\n|-unboost|p1a: Passimian|spd|1\n|move|p2a: Hawlucha|Entrainment|p2b: Excadrill\n|-ability|p2b: Excadrill|No Guard|Sand Rush|[from] move: Entrainment|[of] p2a: Hawlucha\n|move|p2b: Excadrill|Fissure|p1a: Passimian\n|-enditem|p1a: Passimian|Focus Sash\n|-damage|p1a: Passimian|1/100\n|\n|upkeep\n|turn|2\n|inactive|alvarriderr has 30 seconds left.\n|\n|t:|1776261568\n|move|p2b: Excadrill|Protect|p2b: Excadrill\n|-singleturn|p2b: Excadrill|Protect\n|move|p1b: Aerodactyl|Dual Wingbeat|p2a: Hawlucha\n|-supereffective|p2a: Hawlucha|1\n|-damage|p2a: Hawlucha|35/100\n|-supereffective|p2a: Hawlucha|1\n|-damage|p2a: Hawlucha|0 fnt\n|faint|p2a: Hawlucha\n|-hitcount|p2: Hawlucha|2\n|move|p1a: Passimian|Close Combat|p2b: Excadrill\n|-activate|p2b: Excadrill|move: Protect\n|\n|upkeep\n|\n|t:|1776261584\n|switch|p2a: Tyranitar|Tyranitar, L50, M|100/100\n|-weather|Sandstorm|[from] ability: Sand Stream|[of] p2a: Tyranitar\n|turn|3\n|inactive|alvarriderr has 30 seconds left.\n|\n|t:|1776261610\n|move|p1b: Aerodactyl|Protect|p1b: Aerodactyl\n|-singleturn|p1b: Aerodactyl|Protect\n|move|p1a: Passimian|Rain Dance|p1a: Passimian\n|-weather|RainDance\n|move|p2b: Excadrill|Iron Head|p1b: Aerodactyl\n|-activate|p1b: Aerodactyl|move: Protect\n|move|p2a: Tyranitar|Rock Slide|p1a: Passimian|[spread] p1a\n|-activate|p1b: Aerodactyl|move: Protect\n|-resisted|p1a: Passimian|1\n|-damage|p1a: Passimian|0 fnt\n|faint|p1a: Passimian\n|\n|-weather|RainDance|[upkeep]\n|upkeep\n|\n|t:|1776261624\n|switch|p1a: Incineroar|Incineroar, L50, M|100/100\n|-ability|p1a: Incineroar|Intimidate|boost\n|-unboost|p2a: Tyranitar|atk|1\n|-unboost|p2b: Excadrill|atk|1\n|-enditem|p2a: Tyranitar|White Herb\n|-clearnegativeboost|p2a: Tyranitar|[silent]\n|turn|4\n|\n|t:|1776261646\n|switch|p2b: Volcarona|Volcarona, L50, F|100/100\n|move|p2a: Tyranitar|Protect|p2a: Tyranitar\n|-singleturn|p2a: Tyranitar|Protect\n|move|p1a: Incineroar|Fake Out|p2a: Tyranitar\n|-activate|p2a: Tyranitar|move: Protect\n|move|p1b: Aerodactyl|Rock Slide|p2b: Volcarona|[spread] p2b\n|-activate|p2a: Tyranitar|move: Protect\n|-supereffective|p2b: Volcarona|2\n|-damage|p2b: Volcarona|0 fnt\n|faint|p2b: Volcarona\n|\n|-weather|RainDance|[upkeep]\n|-sideend|p1: sal19|move: Tailwind\n|upkeep\n|\n|t:|1776261659\n|switch|p2b: Excadrill|Excadrill, L50, F|1/100\n|turn|5\n|inactive|alvarriderr has 30 seconds left.\n|\n|t:|1776261684\n|move|p1b: Aerodactyl|Rock Slide|p2a: Tyranitar|[spread] p2a,p2b\n|-resisted|p2b: Excadrill|2\n|-damage|p2a: Tyranitar|72/100\n|-damage|p2b: Excadrill|0 fnt\n|faint|p2b: Excadrill\n|move|p1a: Incineroar|Parting Shot|p2a: Tyranitar\n|-unboost|p2a: Tyranitar|atk|1\n|-unboost|p2a: Tyranitar|spa|1\n|\n|t:|1776261692\n|switch|p1a: Sinistcha|Sinistcha, L50|100/100|[from] Parting Shot\n|move|p2a: Tyranitar|Rock Slide|p1b: Aerodactyl|[spread] p1a,p1b\n|-supereffective|p1b: Aerodactyl|1\n|-damage|p1a: Sinistcha|84/100\n|-damage|p1b: Aerodactyl|51/100\n|\n|-weather|RainDance|[upkeep]\n|upkeep\n|turn|6\n|\n|t:|1776261706\n|switch|p1a: Incineroar|Incineroar, L50, M|100/100\n|-ability|p1a: Incineroar|Intimidate|boost\n|-unboost|p2a: Tyranitar|atk|1\n|move|p1b: Aerodactyl|Protect|p1b: Aerodactyl\n|-singleturn|p1b: Aerodactyl|Protect\n|move|p2a: Tyranitar|Rock Slide|p1b: Aerodactyl|[spread] p1a\n|-activate|p1b: Aerodactyl|move: Protect\n|-supereffective|p1a: Incineroar|1\n|-crit|p1a: Incineroar\n|-damage|p1a: Incineroar|17/100\n|\n|-weather|RainDance|[upkeep]\n|upkeep\n|turn|7\n|\n|t:|1776261723\n|move|p2a: Tyranitar|Protect|p2a: Tyranitar\n|-singleturn|p2a: Tyranitar|Protect\n|move|p1a: Incineroar|Fake Out|p2a: Tyranitar\n|-activate|p2a: Tyranitar|move: Protect\n|move|p1b: Aerodactyl|Dual Wingbeat|p2a: Tyranitar\n|-activate|p2a: Tyranitar|move: Protect\n|\n|-weather|none\n|upkeep\n|turn|8\n|\n|t:|1776261736\n|move|p1b: Aerodactyl|Dual Wingbeat|p2a: Tyranitar\n|-resisted|p2a: Tyranitar|1\n|-damage|p2a: Tyranitar|60/100\n|-resisted|p2a: Tyranitar|1\n|-damage|p2a: Tyranitar|47/100\n|-hitcount|p2a: Tyranitar|2\n|move|p1a: Incineroar|Parting Shot|p2a: Tyranitar\n|-unboost|p2a: Tyranitar|atk|1\n|-unboost|p2a: Tyranitar|spa|1\n|\n|t:|1776261744\n|switch|p1a: Sinistcha|Sinistcha, L50|84/100|[from] Parting Shot\n|-heal|p1b: Aerodactyl|76/100|[from] ability: Hospitality|[of] p1a: Sinistcha\n|move|p2a: Tyranitar|Knock Off|p1a: Sinistcha\n|-supereffective|p1a: Sinistcha|1\n|-damage|p1a: Sinistcha|47/100\n|-enditem|p1a: Sinistcha|Sitrus Berry|[from] move: Knock Off|[of] p2a: Tyranitar\n|\n|upkeep\n|turn|9\n|\n|t:|1776261754\n|move|p1b: Aerodactyl|Dual Wingbeat|p2a: Tyranitar\n|-resisted|p2a: Tyranitar|1\n|-crit|p2a: Tyranitar\n|-damage|p2a: Tyranitar|29/100\n|-resisted|p2a: Tyranitar|1\n|-damage|p2a: Tyranitar|16/100\n|-hitcount|p2a: Tyranitar|2\n|move|p1a: Sinistcha|Life Dew|p1a: Sinistcha|[spread] p1a,p1b\n|-heal|p1a: Sinistcha|72/100\n|-heal|p1b: Aerodactyl|100/100\n|move|p2a: Tyranitar|Rock Slide|p1b: Aerodactyl|[spread] p1a,p1b\n|-supereffective|p1b: Aerodactyl|1\n|-damage|p1a: Sinistcha|60/100\n|-damage|p1b: Aerodactyl|69/100\n|\n|upkeep\n|turn|10\n|\n|t:|1776261767\n|move|p1b: Aerodactyl|Dual Wingbeat|p2a: Tyranitar\n|-resisted|p2a: Tyranitar|1\n|-crit|p2a: Tyranitar\n|-damage|p2a: Tyranitar|0 fnt\n|faint|p2a: Tyranitar\n|-hitcount|p2: Tyranitar|1\n|\n|win|sal19\n|raw|sal19's rating: 1116 &rarr; <strong>1144</strong><br />(+28 for winning)\n|raw|alvarriderr's rating: 1153 &rarr; <strong>1125</strong><br />(-28 for losing)\n|c|\u2606alvarriderr|gg\n",
  "uploadtime": 1776261776,
  "views": 43,
  "formatid": "gen9championsvgc2026regma",
  "rating": 1125,
  "private": 0,
  "password": null
}