{
  "id": "gen9championsvgc2026regma-2588918414",
  "format": "[Gen 9 Champions] VGC 2026 Reg M-A",
  "players": [
    "Sugarvgc",
    "miseria010"
  ],
  "log": "|j|\u2606Sugarvgc\n|j|\u2606miseria010\n|t:|1776685783\n|gametype|doubles\n|player|p1|Sugarvgc|266|1318\n|player|p2|miseria010|unknown|1355\n|gen|9\n|tier|[Gen 9 Champions] VGC 2026 Reg M-A\n|rated|\n|rule|Species Clause: Limit one of each Pok\u00e9mon\n|rule|Item Clause: Limit 1 of each item\n|clearpoke\n|poke|p1|Milotic, L50, M|\n|poke|p1|Tyranitar, L50, M|\n|poke|p1|Mimikyu, L50, F|\n|poke|p1|Dragapult, L50, F|\n|poke|p1|Steelix, L50, M|\n|poke|p1|Dragonite, L50, M|\n|poke|p2|Charizard, L50, M, shiny|\n|poke|p2|Venusaur, L50, M|\n|poke|p2|Whimsicott, L50, F|\n|poke|p2|Incineroar, L50, M, shiny|\n|poke|p2|Garchomp, L50, M|\n|poke|p2|Conkeldurr, L50, M|\n|teampreview|4\n|inactive|Battle timer is ON: inactive players will automatically lose when time's up. (requested by Sugarvgc)\n|\n|t:|1776685824\n|teamsize|p1|4\n|teamsize|p2|4\n|start\n|switch|p1a: Mimikyu|Mimikyu, L50, F|100/100\n|switch|p1b: Milotic|Milotic, L50, M|100/100\n|switch|p2a: Conkeldurr|Conkeldurr, L50, M|100/100\n|switch|p2b: Charizard|Charizard, L50, M, shiny|100/100\n|turn|1\n|inactive|Sugarvgc has 30 seconds left.\n|inactive|Sugarvgc has 20 seconds left.\n|inactive|Sugarvgc has 15 seconds left.\n|\n|t:|1776685865\n|detailschange|p2b: Charizard|Charizard-Mega-Y, L50, M, shiny\n|-mega|p2b: Charizard|Charizard|Charizardite Y\n|-weather|SunnyDay|[from] ability: Drought|[of] p2b: Charizard\n|move|p1b: Milotic|Protect|p1b: Milotic\n|-singleturn|p1b: Milotic|Protect\n|move|p2b: Charizard|Solar Beam||[still]\n|-prepare|p2b: Charizard|Solar Beam\n|-anim|p2b: Charizard|Solar Beam|p1b: Milotic\n|-activate|p1b: Milotic|move: Protect\n|move|p1a: Mimikyu|Play Rough|p2a: Conkeldurr\n|-supereffective|p2a: Conkeldurr|1\n|-enditem|p2a: Conkeldurr|Roseli Berry|[eat]\n|-enditem|p2a: Conkeldurr|Roseli Berry|[weaken]\n|-damage|p2a: Conkeldurr|73/100\n|move|p2a: Conkeldurr|Drain Punch|p1b: Milotic\n|-activate|p1b: Milotic|move: Protect\n|\n|-weather|SunnyDay|[upkeep]\n|upkeep\n|turn|2\n|\n|t:|1776685886\n|switch|p1b: Tyranitar|Tyranitar, L50, M|100/100\n|-weather|Sandstorm|[from] ability: Sand Stream|[of] p1b: Tyranitar\n|move|p2a: Conkeldurr|Protect|p2a: Conkeldurr\n|-singleturn|p2a: Conkeldurr|Protect\n|move|p2b: Charizard|Heat Wave|p1b: Tyranitar|[spread] p1a,p1b\n|-resisted|p1b: Tyranitar|1\n|-activate|p1a: Mimikyu|ability: Disguise\n|-damage|p1a: Mimikyu|100/100\n|-damage|p1b: Tyranitar|89/100\n|-status|p1b: Tyranitar|brn\n|detailschange|p1a: Mimikyu|Mimikyu-Busted, L50, F\n|-damage|p1a: Mimikyu|88/100|[from] pokemon: Mimikyu-Busted\n|move|p1a: Mimikyu|Play Rough|p2a: Conkeldurr\n|-activate|p2a: Conkeldurr|move: Protect\n|\n|-weather|Sandstorm|[upkeep]\n|-damage|p2b: Charizard|95/100|[from] Sandstorm\n|-damage|p1a: Mimikyu|82/100|[from] Sandstorm\n|-damage|p2a: Conkeldurr|67/100|[from] Sandstorm\n|-damage|p1b: Tyranitar|83/100 brn|[from] brn\n|upkeep\n|turn|3\n|\n|t:|1776685913\n|switch|p2b: Garchomp|Garchomp, L50, M|100/100\n|switch|p1b: Milotic|Milotic, L50, M|100/100\n|switch|p2a: Venusaur|Venusaur, L50, M|100/100\n|move|p1a: Mimikyu|Play Rough|p2a: Venusaur\n|-resisted|p2a: Venusaur|1\n|-damage|p2a: Venusaur|79/100\n|\n|-weather|Sandstorm|[upkeep]\n|-damage|p2a: Venusaur|74/100|[from] Sandstorm\n|-damage|p1a: Mimikyu|76/100|[from] Sandstorm\n|-damage|p1b: Milotic|94/100|[from] Sandstorm\n|-heal|p2a: Venusaur|79/100|[from] item: Leftovers\n|upkeep\n|turn|4\n|inactive|miseria010 has 30 seconds left.\n|\n|t:|1776685940\n|move|p2b: Garchomp|Rock Slide|p1a: Mimikyu|[spread] p1a,p1b\n|-damage|p1a: Mimikyu|57/100\n|-damage|p1b: Milotic|76/100\n|move|p2a: Venusaur|Sleep Powder|p1a: Mimikyu\n|-status|p1a: Mimikyu|slp|[from] move: Sleep Powder\n|move|p1b: Milotic|Ice Beam|p2b: Garchomp\n|-supereffective|p2b: Garchomp|2\n|-damage|p2b: Garchomp|0 fnt\n|faint|p2b: Garchomp\n|cant|p1a: Mimikyu|slp\n|\n|-weather|Sandstorm|[upkeep]\n|-damage|p2a: Venusaur|74/100|[from] Sandstorm\n|-damage|p1a: Mimikyu|51/100 slp|[from] Sandstorm\n|-damage|p1b: Milotic|70/100|[from] Sandstorm\n|-heal|p2a: Venusaur|79/100|[from] item: Leftovers\n|upkeep\n|\n|t:|1776685957\n|switch|p2b: Conkeldurr|Conkeldurr, L50, M|67/100\n|turn|5\n|\n|t:|1776685964\n|cant|p1a: Mimikyu|slp\n|move|p1b: Milotic|Protect|p1b: Milotic\n|-singleturn|p1b: Milotic|Protect\n|move|p2a: Venusaur|Sludge Bomb|p1a: Mimikyu\n|-damage|p1a: Mimikyu|9/100 slp\n|move|p2b: Conkeldurr|Drain Punch|p1b: Milotic\n|-activate|p1b: Milotic|move: Protect\n|\n|-weather|Sandstorm|[upkeep]\n|-damage|p2a: Venusaur|74/100|[from] Sandstorm\n|-damage|p1a: Mimikyu|2/100 slp|[from] Sandstorm\n|-damage|p1b: Milotic|64/100|[from] Sandstorm\n|-damage|p2b: Conkeldurr|61/100|[from] Sandstorm\n|-heal|p2a: Venusaur|79/100|[from] item: Leftovers\n|upkeep\n|turn|6\n|\n|t:|1776685989\n|move|p2a: Venusaur|Sleep Powder|p1b: Milotic\n|-status|p1b: Milotic|slp|[from] move: Sleep Powder\n|-curestatus|p1a: Mimikyu|slp|[msg]\n|move|p1a: Mimikyu|Play Rough|p2b: Conkeldurr\n|-supereffective|p2b: Conkeldurr|1\n|-damage|p2b: Conkeldurr|9/100\n|cant|p1b: Milotic|slp\n|move|p2b: Conkeldurr|Drain Punch|p1b: Milotic\n|-damage|p1b: Milotic|17/100 slp\n|-heal|p2b: Conkeldurr|30/100|[from] drain|[of] p1b: Milotic\n|\n|-weather|none\n|-heal|p2a: Venusaur|85/100|[from] item: Leftovers\n|upkeep\n|turn|7\n|inactive|miseria010 has 30 seconds left.\n|\n|t:|1776686021\n|move|p2a: Venusaur|Energy Ball|p1a: Mimikyu\n|-damage|p1a: Mimikyu|0 fnt\n|faint|p1a: Mimikyu\n|cant|p1b: Milotic|slp\n|move|p2b: Conkeldurr|Drain Punch|p1b: Milotic\n|-damage|p1b: Milotic|0 fnt\n|-heal|p2b: Conkeldurr|37/100|[from] drain|[of] p1b: Milotic\n|faint|p1b: Milotic\n|\n|-heal|p2a: Venusaur|91/100|[from] item: Leftovers\n|upkeep\n|\n|t:|1776686027\n|switch|p1a: Tyranitar|Tyranitar, L50, M|83/100 brn\n|switch|p1b: Steelix|Steelix, L50, M|100/100\n|-weather|Sandstorm|[from] ability: Sand Stream|[of] p1a: Tyranitar\n|turn|8\n|\n|t:|1776686043\n|detailschange|p1b: Steelix|Steelix-Mega, L50, M\n|-mega|p1b: Steelix|Steelix|Steelixite\n|move|p1a: Tyranitar|Protect|p1a: Tyranitar\n|-singleturn|p1a: Tyranitar|Protect\n|move|p2b: Conkeldurr|Protect|p2b: Conkeldurr\n|-singleturn|p2b: Conkeldurr|Protect\n|move|p2a: Venusaur|Sleep Powder|p1a: Tyranitar\n|-activate|p1a: Tyranitar|move: Protect\n|move|p1b: Steelix|Body Press|p2b: Conkeldurr\n|-activate|p2b: Conkeldurr|move: Protect\n|\n|-weather|Sandstorm|[upkeep]\n|-damage|p2a: Venusaur|85/100|[from] Sandstorm\n|-damage|p2b: Conkeldurr|31/100|[from] Sandstorm\n|-heal|p2a: Venusaur|91/100|[from] item: Leftovers\n|-damage|p1a: Tyranitar|77/100 brn|[from] brn\n|upkeep\n|turn|9\n|\n|t:|1776686057\n|move|p2b: Conkeldurr|Mach Punch|p1a: Tyranitar\n|-supereffective|p1a: Tyranitar|2\n|-damage|p1a: Tyranitar|0 fnt\n|faint|p1a: Tyranitar\n|move|p2a: Venusaur|Energy Ball|p1b: Steelix\n|-damage|p1b: Steelix|66/100\n|move|p1b: Steelix|Body Press|p2b: Conkeldurr\n|-damage|p2b: Conkeldurr|0 fnt\n|faint|p2b: Conkeldurr\n|\n|-weather|Sandstorm|[upkeep]\n|-damage|p2a: Venusaur|85/100|[from] Sandstorm\n|-heal|p2a: Venusaur|91/100|[from] item: Leftovers\n|upkeep\n|\n|t:|1776686072\n|switch|p2b: Charizard|Charizard-Mega-Y, L50, M, shiny|95/100\n|-weather|SunnyDay|[from] ability: Drought|[of] p2b: Charizard\n|turn|10\n|\n|t:|1776686084\n|move|p2a: Venusaur|Sleep Powder|p1b: Steelix|[miss]\n|-miss|p2a: Venusaur|p1b: Steelix\n|move|p2b: Charizard|Flamethrower|p1b: Steelix\n|-supereffective|p1b: Steelix|1\n|-damage|p1b: Steelix|0 fnt\n|faint|p1b: Steelix\n|\n|win|miseria010\n|raw|Sugarvgc's rating: 1318 &rarr; <strong>1300</strong><br />(-18 for losing)\n|raw|miseria010's rating: 1355 &rarr; <strong>1373</strong><br />(+18 for winning)\n|l|\u2606Sugarvgc\n|player|p1|\n",
  "uploadtime": 1776686123,
  "views": 9,
  "formatid": "gen9championsvgc2026regma",
  "rating": 1300,
  "private": 0,
  "password": null
}