{
  "id": "gen9championsvgc2026regma-2582895320",
  "format": "[Gen 9 Champions] VGC 2026 Reg M-A",
  "players": [
    "TorkoalWQuickclaw",
    "hoons"
  ],
  "log": "|j|\u2606TorkoalWQuickclaw\n|j|\u2606hoons\n|t:|1776122856\n|gametype|doubles\n|player|p1|TorkoalWQuickclaw|gwynn|1295\n|player|p2|hoons|101|1339\n|gen|9\n|tier|[Gen 9 Champions] VGC 2026 Reg M-A\n|rated|\n|rule|Species Clause: Limit one of each Pok\u00e9mon\n|rule|Item Clause: Limit 1 of each item\n|clearpoke\n|poke|p1|Floette-Eternal, L50, F|\n|poke|p1|Kingambit, L50, F|\n|poke|p1|Rotom-Wash, L50|\n|poke|p1|Sneasler, L50, F|\n|poke|p1|Aerodactyl, L50, F|\n|poke|p1|Incineroar, L50, M|\n|poke|p2|Gengar, L50, F|\n|poke|p2|Whimsicott, L50, M|\n|poke|p2|Basculegion, L50, M|\n|poke|p2|Pelipper, L50, M|\n|poke|p2|Garchomp, L50, M|\n|poke|p2|Tyranitar, L50, M|\n|teampreview|4\n|inactive|Battle timer is ON: inactive players will automatically lose when time's up. (requested by TorkoalWQuickclaw)\nTorkoalWQuickclaw has agreed to open team sheets.\n|j| js3499929\n|inactive|TorkoalWQuickclaw has 60 seconds left.\n|inactive|hoons has 60 seconds left.\n|inactive|hoons has 30 seconds left.\n|inactive|hoons has 20 seconds left.\n|inactive|hoons has 15 seconds left.\n|inactive|hoons has 10 seconds left.\n|inactive|hoons has 5 seconds left.\n|\n|t:|1776122945\n|teamsize|p1|4\n|teamsize|p2|4\n|start\n|switch|p1a: Kingambit|Kingambit, L50, F|100/100\n|switch|p1b: Aerodactyl|Aerodactyl, L50, F|100/100\n|switch|p2a: Whimsicott|Whimsicott, L50, M|100/100\n|switch|p2b: Basculegion|Basculegion, L50, M|100/100\n|-ability|p1b: Aerodactyl|Unnerve\n|turn|1\n|\n|t:|1776122961\n|move|p2b: Basculegion|Protect|p2b: Basculegion\n|-singleturn|p2b: Basculegion|Protect\n|move|p1a: Kingambit|Sucker Punch||[still]\n|-fail|p1a: Kingambit\n|move|p1b: Aerodactyl|Dual Wingbeat|p2a: Whimsicott|[miss]\n|-miss|p1b: Aerodactyl|p2a: Whimsicott\n|move|p2a: Whimsicott|Moonblast|p1a: Kingambit\n|-damage|p1a: Kingambit|61/100\n|\n|upkeep\n|turn|2\n|l| js3499929\n|\n|t:|1776122984\n|move|p2b: Basculegion|Aqua Jet|p1a: Kingambit\n|-damage|p1a: Kingambit|44/100\n|move|p1b: Aerodactyl|Tailwind|p1b: Aerodactyl\n|-sidestart|p1: TorkoalWQuickclaw|move: Tailwind\n|move|p2a: Whimsicott|Moonblast|p1a: Kingambit\n|-damage|p1a: Kingambit|4/100\n|move|p1a: Kingambit|Iron Head|p2b: Basculegion\n|-resisted|p2b: Basculegion|1\n|-damage|p2b: Basculegion|70/100\n|\n|upkeep\n|turn|3\n|\n|t:|1776123002\n|move|p2b: Basculegion|Protect|p2b: Basculegion\n|-singleturn|p2b: Basculegion|Protect\n|move|p2a: Whimsicott|Encore|p1b: Aerodactyl\n|-start|p1b: Aerodactyl|Encore\n|move|p1a: Kingambit|Sucker Punch||[still]\n|-fail|p1a: Kingambit\n|move|p1b: Aerodactyl|Tailwind||[still]\n|-fail|p1b: Aerodactyl\n|\n|upkeep\n|turn|4\n|inactive|hoons has 30 seconds left.\n|inactive|hoons has 20 seconds left.\n|\n|t:|1776123042\n|switch|p1b: Incineroar|Incineroar, L50, M|100/100\n|-ability|p1b: Incineroar|Intimidate|boost\n|-unboost|p2a: Whimsicott|atk|1\n|-unboost|p2b: Basculegion|atk|1\n|switch|p2b: Pelipper|Pelipper, L50, M|100/100\n|-weather|RainDance|[from] ability: Drizzle|[of] p2b: Pelipper\n|move|p2a: Whimsicott|Moonblast|p1a: Kingambit\n|-damage|p1a: Kingambit|0 fnt\n|faint|p1a: Kingambit\n|\n|-weather|RainDance|[upkeep]\n|upkeep\n|\n|t:|1776123051\n|switch|p1a: Aerodactyl|Aerodactyl, L50, F|100/100\n|-ability|p1a: Aerodactyl|Unnerve\n|turn|5\n|\n|t:|1776123072\n|move|p1b: Incineroar|Fake Out|p2a: Whimsicott\n|-damage|p2a: Whimsicott|84/100\n|move|p2b: Pelipper|Wide Guard|p2b: Pelipper\n|-singleturn|p2b: Pelipper|Wide Guard\n|cant|p2a: Whimsicott|flinch\n|move|p1a: Aerodactyl|Rock Slide|p2b: Pelipper|[spread] \n|-activate|p2a: Whimsicott|move: Wide Guard\n|-activate|p2b: Pelipper|move: Wide Guard\n|\n|-weather|RainDance|[upkeep]\n|-sideend|p1: TorkoalWQuickclaw|move: Tailwind\n|upkeep\n|turn|6\n|\n|t:|1776123095\n|move|p2a: Whimsicott|Tailwind|p2a: Whimsicott\n|-sidestart|p2: hoons|move: Tailwind\n|move|p2b: Pelipper|Muddy Water|p1a: Aerodactyl|[spread] p1a,p1b\n|-supereffective|p1a: Aerodactyl|1\n|-crit|p1a: Aerodactyl\n|-supereffective|p1b: Incineroar|1\n|-enditem|p1a: Aerodactyl|Focus Sash\n|-damage|p1a: Aerodactyl|1/100\n|-damage|p1b: Incineroar|46/100\n|-enditem|p1b: Incineroar|Sitrus Berry|[eat]\n|-heal|p1b: Incineroar|71/100|[from] item: Sitrus Berry\n|move|p1a: Aerodactyl|Dual Wingbeat|p2a: Whimsicott\n|-supereffective|p2a: Whimsicott|1\n|-damage|p2a: Whimsicott|36/100\n|-supereffective|p2a: Whimsicott|1\n|-crit|p2a: Whimsicott\n|-damage|p2a: Whimsicott|0 fnt\n|faint|p2a: Whimsicott\n|-hitcount|p2: Whimsicott|2\n|move|p1b: Incineroar|Parting Shot|p2b: Pelipper\n|-unboost|p2b: Pelipper|atk|1\n|-unboost|p2b: Pelipper|spa|1\n|\n|t:|1776123112\n|switch|p1b: Floette|Floette-Eternal, L50, F|100/100|[from] Parting Shot\n|\n|-weather|RainDance|[upkeep]\n|upkeep\n|\n|t:|1776123127\n|switch|p2a: Gengar|Gengar, L50, F|100/100\n|turn|7\n|\n|t:|1776123134\n|detailschange|p2a: Gengar|Gengar-Mega, L50, F\n|-mega|p2a: Gengar|Gengar|Gengarite\n|detailschange|p1b: Floette|Floette-Mega, L50, F\n|-mega|p1b: Floette|Floette|Floettite\n|-ability|p1b: Floette|Fairy Aura\n|move|p2a: Gengar|Sludge Bomb|p1b: Floette\n|-supereffective|p1b: Floette|1\n|-damage|p1b: Floette|14/100\n|move|p2b: Pelipper|Muddy Water|p1b: Floette|[spread] p1a,p1b\n|-supereffective|p1a: Aerodactyl|1\n|-damage|p1a: Aerodactyl|0 fnt\n|-damage|p1b: Floette|0 fnt\n|faint|p1a: Aerodactyl\n|faint|p1b: Floette\n|\n|-weather|RainDance|[upkeep]\n|upkeep\n|-message|TorkoalWQuickclaw forfeited.\n|\n|win|hoons\n|raw|TorkoalWQuickclaw's rating: 1295 &rarr; <strong>1273</strong><br />(-22 for losing)\n|raw|hoons's rating: 1339 &rarr; <strong>1356</strong><br />(+17 for winning)\n|l|\u2606TorkoalWQuickclaw\n|player|p1|\n",
  "uploadtime": 1776123172,
  "views": 25,
  "formatid": "gen9championsvgc2026regma",
  "rating": 1273,
  "private": 0,
  "password": null
}