{
  "id": "gen9championsvgc2026regma-2584136361",
  "format": "[Gen 9 Champions] VGC 2026 Reg M-A",
  "players": [
    "andresalitre",
    "holdingc"
  ],
  "log": "|j|\u2606andresalitre\n|j|\u2606holdingc\n|t:|1776229264\n|gametype|doubles\n|player|p1|andresalitre|101|1234\n|player|p2|holdingc|anabel-gen7|1248\n|gen|9\n|tier|[Gen 9 Champions] VGC 2026 Reg M-A\n|rated|\n|rule|Species Clause: Limit one of each Pok\u00e9mon\n|rule|Item Clause: Limit 1 of each item\n|clearpoke\n|poke|p1|Tyranitar, L50, F|\n|poke|p1|Excadrill, L50, F|\n|poke|p1|Corviknight, L50, M|\n|poke|p1|Incineroar, L50, M|\n|poke|p1|Rotom-Wash, L50|\n|poke|p1|Sneasler, L50, F|\n|poke|p2|Gardevoir, L50, F|\n|poke|p2|Kangaskhan, L50, F|\n|poke|p2|Talonflame, L50, F|\n|poke|p2|Meowscarada, L50, F|\n|poke|p2|Rotom-Wash, L50|\n|poke|p2|Aegislash, L50, F|\n|teampreview|4\n|inactive|Battle timer is ON: inactive players will automatically lose when time's up. (requested by holdingc)\n|inactive|holdingc has 60 seconds left.\n|\n|t:|1776229299\n|teamsize|p1|4\n|teamsize|p2|4\n|start\n|switch|p1a: Incineroar|Incineroar, L50, M|100/100\n|switch|p1b: Tyranitar|Tyranitar, L50, F|100/100\n|switch|p2a: Kangaskhan|Kangaskhan, L50, F|100/100\n|switch|p2b: Rotom|Rotom-Wash, L50|100/100\n|-weather|Sandstorm|[from] ability: Sand Stream|[of] p1b: Tyranitar\n|-ability|p1a: Incineroar|Intimidate|boost\n|-fail|p2a: Kangaskhan|unboost|Attack|[from] ability: Scrappy|[of] p2a: Kangaskhan\n|-unboost|p2b: Rotom|atk|1\n|turn|1\n|inactive|andresalitre has 30 seconds left.\n|inactive|andresalitre has 20 seconds left.\n|inactive|andresalitre has 15 seconds left.\n|inactive|andresalitre has 10 seconds left.\n|inactive|andresalitre has 5 seconds left.\n|\n|t:|1776229354\n|detailschange|p2a: Kangaskhan|Kangaskhan-Mega, L50, F\n|-mega|p2a: Kangaskhan|Kangaskhan|Kangaskhanite\n|move|p2a: Kangaskhan|Fake Out|p1a: Incineroar\n|-crit|p1a: Incineroar\n|-damage|p1a: Incineroar|73/100\n|-damage|p1a: Incineroar|70/100\n|-hitcount|p1a: Incineroar|2\n|cant|p1a: Incineroar|flinch\n|move|p2b: Rotom|Will-O-Wisp|p1b: Tyranitar\n|-status|p1b: Tyranitar|brn\n|move|p1b: Tyranitar|Low Kick|p2a: Kangaskhan\n|-supereffective|p2a: Kangaskhan|1\n|-damage|p2a: Kangaskhan|64/100\n|\n|-weather|Sandstorm|[upkeep]\n|-damage|p2a: Kangaskhan|58/100|[from] Sandstorm\n|-damage|p2b: Rotom|95/100|[from] Sandstorm\n|-damage|p1a: Incineroar|64/100|[from] Sandstorm\n|-damage|p1b: Tyranitar|95/100 brn|[from] brn\n|upkeep\n|turn|2\n|inactive|andresalitre has 30 seconds left.\n|\n|t:|1776229379\n|detailschange|p1b: Tyranitar|Tyranitar-Mega, L50, F\n|-mega|p1b: Tyranitar|Tyranitar|Tyranitarite\n|move|p2a: Kangaskhan|Drain Punch|p1b: Tyranitar\n|-supereffective|p1b: Tyranitar|2\n|-damage|p1b: Tyranitar|29/100 brn\n|-heal|p2a: Kangaskhan|96/100|[from] drain|[of] p1b: Tyranitar\n|-supereffective|p1b: Tyranitar|2\n|-damage|p1b: Tyranitar|12/100 brn\n|-heal|p2a: Kangaskhan|100/100|[from] drain|[of] p1b: Tyranitar\n|-hitcount|p1b: Tyranitar|2\n|move|p2b: Rotom|Hydro Pump|p1a: Incineroar|[miss]\n|-miss|p2b: Rotom|p1a: Incineroar\n|move|p1b: Tyranitar|Low Kick|p2a: Kangaskhan\n|-supereffective|p2a: Kangaskhan|1\n|-damage|p2a: Kangaskhan|62/100\n|move|p1a: Incineroar|Parting Shot|p2a: Kangaskhan\n|-unboost|p2a: Kangaskhan|atk|1\n|-unboost|p2a: Kangaskhan|spa|1\n|\n|t:|1776229395\n|switch|p1a: Excadrill|Excadrill, L50, F|100/100|[from] Parting Shot\n|\n|-weather|Sandstorm|[upkeep]\n|-damage|p2a: Kangaskhan|56/100|[from] Sandstorm\n|-damage|p2b: Rotom|89/100|[from] Sandstorm\n|-damage|p1b: Tyranitar|6/100 brn|[from] brn\n|upkeep\n|turn|3\n|\n|t:|1776229415\n|move|p1b: Tyranitar|Protect|p1b: Tyranitar\n|-singleturn|p1b: Tyranitar|Protect\n|move|p1a: Excadrill|Rock Slide|p2a: Kangaskhan|[spread] p2a,p2b\n|-damage|p2a: Kangaskhan|35/100\n|-damage|p2b: Rotom|70/100\n|cant|p2a: Kangaskhan|flinch\n|move|p2b: Rotom|Will-O-Wisp|p1a: Excadrill\n|-status|p1a: Excadrill|brn\n|\n|-weather|Sandstorm|[upkeep]\n|-damage|p2a: Kangaskhan|29/100|[from] Sandstorm\n|-damage|p2b: Rotom|64/100|[from] Sandstorm\n|-damage|p1a: Excadrill|95/100 brn|[from] brn\n|-damage|p1b: Tyranitar|0 fnt|[from] brn\n|faint|p1b: Tyranitar\n|upkeep\n|\n|t:|1776229424\n|switch|p1b: Incineroar|Incineroar, L50, M|64/100\n|-ability|p1b: Incineroar|Intimidate|boost\n|-unboost|p2a: Kangaskhan|atk|1\n|-unboost|p2b: Rotom|atk|1\n|turn|4\n|\n|t:|1776229439\n|switch|p2a: Aegislash|Aegislash, L50, F|100/100\n|move|p2b: Rotom|Protect|p2b: Rotom\n|-singleturn|p2b: Rotom|Protect\n|move|p1a: Excadrill|Rock Slide|p2b: Rotom|[spread] p2a\n|-activate|p2b: Rotom|move: Protect\n|-resisted|p2a: Aegislash|1\n|-damage|p2a: Aegislash|96/100\n|move|p1b: Incineroar|Darkest Lariat|p2b: Rotom\n|-activate|p2b: Rotom|move: Protect\n|\n|-weather|Sandstorm|[upkeep]\n|-damage|p2b: Rotom|58/100|[from] Sandstorm\n|-damage|p1b: Incineroar|58/100|[from] Sandstorm\n|-heal|p2a: Aegislash|100/100|[from] item: Leftovers\n|-damage|p1a: Excadrill|89/100 brn|[from] brn\n|upkeep\n|turn|5\n|\n|t:|1776229448\n|switch|p1a: Corviknight|Corviknight, L50, M|100/100\n|move|p2a: Aegislash|King's Shield|p2a: Aegislash\n|-singleturn|p2a: Aegislash|Protect\n|move|p2b: Rotom|Hydro Pump|p1a: Corviknight\n|-damage|p1a: Corviknight|68/100\n|move|p1b: Incineroar|Darkest Lariat|p2a: Aegislash\n|-activate|p2a: Aegislash|move: Protect\n|-unboost|p1b: Incineroar|atk|1\n|\n|-weather|none\n|upkeep\n|turn|6\n|\n|t:|1776229461\n|switch|p2a: Kangaskhan|Kangaskhan-Mega, L50, F|29/100\n|move|p2b: Rotom|Will-O-Wisp|p1a: Corviknight|[miss]\n|-miss|p2b: Rotom|p1a: Corviknight\n|move|p1a: Corviknight|Iron Defense|p1a: Corviknight\n|-boost|p1a: Corviknight|def|2\n|move|p1b: Incineroar|Flare Blitz|p2a: Kangaskhan\n|-damage|p2a: Kangaskhan|0 fnt\n|faint|p2a: Kangaskhan\n|-damage|p1b: Incineroar|50/100|[from] Recoil\n|-enditem|p1b: Incineroar|Sitrus Berry|[eat]\n|-heal|p1b: Incineroar|74/100|[from] item: Sitrus Berry\n|\n|upkeep\n|\n|t:|1776229474\n|switch|p2a: Meowscarada|Meowscarada, L50, F|100/100\n|turn|7\n|\n|t:|1776229489\n|switch|p1b: Excadrill|Excadrill, L50, F|89/100 brn\n|move|p2a: Meowscarada|Knock Off|p1a: Corviknight\n|-damage|p1a: Corviknight|48/100\n|-enditem|p1a: Corviknight|Bright Powder|[from] move: Knock Off|[of] p2a: Meowscarada\n|move|p2b: Rotom|Hydro Pump|p1b: Excadrill\n|-supereffective|p1b: Excadrill|1\n|-damage|p1b: Excadrill|0 fnt\n|faint|p1b: Excadrill\n|move|p1a: Corviknight|Iron Defense|p1a: Corviknight\n|-boost|p1a: Corviknight|def|2\n|\n|upkeep\n|\n|t:|1776229496\n|switch|p1b: Incineroar|Incineroar, L50, M|74/100\n|-ability|p1b: Incineroar|Intimidate|boost\n|-unboost|p2a: Meowscarada|atk|1\n|-unboost|p2b: Rotom|atk|1\n|turn|8\n|inactive|holdingc has 30 seconds left.\n|\n|t:|1776229523\n|switch|p2a: Aegislash|Aegislash, L50, F|100/100\n|move|p2b: Rotom|Protect|p2b: Rotom\n|-singleturn|p2b: Rotom|Protect\n|move|p1b: Incineroar|Fake Out|p2b: Rotom\n|-activate|p2b: Rotom|move: Protect\n|move|p1a: Corviknight|Body Press|p2a: Aegislash\n|-immune|p2a: Aegislash\n|\n|upkeep\n|turn|9\n|\n|t:|1776229535\n|move|p2a: Aegislash|King's Shield|p2a: Aegislash\n|-singleturn|p2a: Aegislash|Protect\n|move|p2b: Rotom|Will-O-Wisp|p1a: Corviknight\n|-status|p1a: Corviknight|brn\n|move|p1a: Corviknight|Roost|p1a: Corviknight\n|-heal|p1a: Corviknight|99/100 brn\n|-singleturn|p1a: Corviknight|move: Roost\n|move|p1b: Incineroar|Darkest Lariat|p2b: Rotom\n|-damage|p2b: Rotom|29/100\n|-enditem|p2b: Rotom|Sitrus Berry|[eat]\n|-heal|p2b: Rotom|54/100|[from] item: Sitrus Berry\n|\n|-damage|p1a: Corviknight|93/100 brn|[from] brn\n|upkeep\n|turn|10\n|\n|t:|1776229555\n|switch|p2a: Meowscarada|Meowscarada, L50, F|100/100\n|move|p2b: Rotom|Hydro Pump|p1b: Incineroar\n|-supereffective|p1b: Incineroar|1\n|-damage|p1b: Incineroar|14/100\n|move|p1a: Corviknight|Body Press|p2b: Rotom\n|-damage|p2b: Rotom|28/100\n|move|p1b: Incineroar|Darkest Lariat|p2a: Meowscarada\n|-resisted|p2a: Meowscarada|1\n|-damage|p2a: Meowscarada|74/100\n|\n|-damage|p1a: Corviknight|87/100 brn|[from] brn\n|upkeep\n|turn|11\n|\n|t:|1776229574\n|move|p2b: Rotom|Protect|p2b: Rotom\n|-singleturn|p2b: Rotom|Protect\n|move|p2a: Meowscarada|Flower Trick|p1b: Incineroar\n|-resisted|p1b: Incineroar|1\n|-crit|p1b: Incineroar\n|-damage|p1b: Incineroar|0 fnt\n|faint|p1b: Incineroar\n|move|p1a: Corviknight|Body Press|p2b: Rotom\n|-activate|p2b: Rotom|move: Protect\n|\n|-damage|p1a: Corviknight|81/100 brn|[from] brn\n|upkeep\n|turn|12\n|\n|t:|1776229584\n|move|p2a: Meowscarada|Flower Trick|p1a: Corviknight\n|-resisted|p1a: Corviknight|2\n|-crit|p1a: Corviknight\n|-damage|p1a: Corviknight|71/100 brn\n|move|p2b: Rotom|Thunderbolt|p1a: Corviknight\n|-supereffective|p1a: Corviknight|1\n|-damage|p1a: Corviknight|23/100 brn\n|move|p1a: Corviknight|Body Press|p2a: Meowscarada\n|-supereffective|p2a: Meowscarada|1\n|-damage|p2a: Meowscarada|0 fnt\n|faint|p2a: Meowscarada\n|\n|-damage|p1a: Corviknight|17/100 brn|[from] brn\n|upkeep\n|-message|andresalitre forfeited.\n|\n|win|holdingc\n|raw|andresalitre's rating: 1234 &rarr; <strong>1210</strong><br />(-24 for losing)\n|raw|holdingc's rating: 1248 &rarr; <strong>1272</strong><br />(+24 for winning)\n|l|\u2606andresalitre\n|player|p1|\n",
  "uploadtime": 1776229591,
  "views": 21,
  "formatid": "gen9championsvgc2026regma",
  "rating": 1210,
  "private": 0,
  "password": null
}