{
  "id": "gen9championsvgc2026regma-2583083852",
  "format": "[Gen 9 Champions] VGC 2026 Reg M-A",
  "players": [
    "ArthurGate",
    "Lerminlime"
  ],
  "log": "|j|\u203dArthurGate\n|j|\u2606Lerminlime\n|t:|1776140136\n|gametype|doubles\n|player|p1|ArthurGate|veteran|1152\n|player|p2|Lerminlime|266|1229\n|gen|9\n|tier|[Gen 9 Champions] VGC 2026 Reg M-A\n|rated|\n|rule|Species Clause: Limit one of each Pok\u00e9mon\n|rule|Item Clause: Limit 1 of each item\n|clearpoke\n|poke|p1|Pelipper, L50, M|\n|poke|p1|Dragonite, L50, M|\n|poke|p1|Aggron, L50, F|\n|poke|p1|Basculegion, L50, M|\n|poke|p1|Decidueye-Hisui, L50, M|\n|poke|p1|Sneasler, L50, F|\n|poke|p2|Sneasler, L50, M|\n|poke|p2|Whimsicott, L50, M|\n|poke|p2|Charizard, L50, M|\n|poke|p2|Garchomp, L50, F|\n|poke|p2|Aggron, L50, M|\n|poke|p2|Delphox, L50, M|\n|teampreview|4\n|inactive|Battle timer is ON: inactive players will automatically lose when time's up. (requested by Lerminlime)\n|inactive|ArthurGate has 60 seconds left.\n|inactive|Lerminlime has 60 seconds left.\n|\n|t:|1776140180\n|teamsize|p1|4\n|teamsize|p2|4\n|start\n|switch|p1a: Sneasler|Sneasler, L50, F, shiny|100/100\n|switch|p1b: Decidueye|Decidueye-Hisui, L50, M, shiny|100/100\n|switch|p2a: Aggron|Aggron, L50, M, shiny|100/100\n|switch|p2b: Sneasler|Sneasler, L50, M, shiny|100/100\n|turn|1\n|\n|t:|1776140197\n|move|p1a: Sneasler|Fake Out|p2b: Sneasler\n|-damage|p2b: Sneasler|78/100\n|cant|p2b: Sneasler|flinch\n|move|p1b: Decidueye|Coaching|p1a: Sneasler\n|-boost|p1a: Sneasler|atk|1\n|-boost|p1a: Sneasler|def|1\n|move|p2a: Aggron|Stealth Rock|p1a: Sneasler\n|-sidestart|p1: ArthurGate|move: Stealth Rock\n|\n|upkeep\n|turn|2\n|\n|t:|1776140219\n|move|p1a: Sneasler|Protect|p1a: Sneasler\n|-singleturn|p1a: Sneasler|Protect\n|move|p2b: Sneasler|Close Combat|p1b: Decidueye\n|-damage|p1b: Decidueye|27/100\n|-unboost|p2b: Sneasler|def|1\n|-unboost|p2b: Sneasler|spd|1\n|-enditem|p2b: Sneasler|White Herb\n|-clearnegativeboost|p2b: Sneasler|[silent]\n|move|p1b: Decidueye|Coaching|p1a: Sneasler\n|-boost|p1a: Sneasler|atk|1\n|-boost|p1a: Sneasler|def|1\n|move|p2a: Aggron|Endeavor|p1b: Decidueye\n|-immune|p1b: Decidueye\n|\n|upkeep\n|turn|3\n|inactive|ArthurGate has 30 seconds left.\n|inactive|Lerminlime has 30 seconds left.\n|inactive|Lerminlime has 20 seconds left.\n|\n|t:|1776140257\n|move|p2b: Sneasler|Close Combat|p1a: Sneasler\n|-resisted|p1a: Sneasler|1\n|-damage|p1a: Sneasler|71/100\n|-unboost|p2b: Sneasler|def|1\n|-unboost|p2b: Sneasler|spd|1\n|move|p1a: Sneasler|Close Combat|p2b: Sneasler\n|-resisted|p2b: Sneasler|1\n|-damage|p2b: Sneasler|0 fnt\n|-unboost|p1a: Sneasler|def|1\n|-unboost|p1a: Sneasler|spd|1\n|faint|p2b: Sneasler\n|-enditem|p1a: Sneasler|White Herb\n|-clearnegativeboost|p1a: Sneasler|[silent]\n|move|p1b: Decidueye|Triple Arrows|p2a: Aggron\n|-supereffective|p2a: Aggron|2\n|-ability|p2a: Aggron|Sturdy\n|-damage|p2a: Aggron|1/100\n|-unboost|p2a: Aggron|def|1\n|move|p2a: Aggron|Rock Slide|p1b: Decidueye|[spread] p1a\n|-miss|p2a: Aggron|p1b: Decidueye\n|-resisted|p1a: Sneasler|1\n|-damage|p1a: Sneasler|57/100\n|\n|-heal|p2a: Aggron|7/100|[from] item: Leftovers\n|upkeep\n|\n|t:|1776140270\n|switch|p2b: Garchomp|Garchomp, L50, F|100/100\n|turn|4\n|\n|t:|1776140287\n|move|p1b: Decidueye|Shadow Sneak|p2a: Aggron\n|-damage|p2a: Aggron|0 fnt\n|faint|p2a: Aggron\n|move|p1a: Sneasler|Close Combat|p2b: Garchomp\n|-damage|p2b: Garchomp|0 fnt\n|-unboost|p1a: Sneasler|def|1\n|-unboost|p1a: Sneasler|spd|1\n|-damage|p1a: Sneasler|45/100|[from] ability: Rough Skin|[of] p2b: Garchomp\n|faint|p2b: Garchomp\n|\n|upkeep\n|\n|t:|1776140295\n|switch|p2b: Delphox|Delphox, L50, M, shiny|100/100\n|turn|5\n|\n|t:|1776140301\n|detailschange|p2b: Delphox|Delphox-Mega, L50, M, shiny\n|-mega|p2b: Delphox|Delphox|Delphoxite\n|move|p1b: Decidueye|Shadow Sneak|p2b: Delphox\n|-supereffective|p2b: Delphox|1\n|-damage|p2b: Delphox|62/100\n|move|p1a: Sneasler|Dire Claw|p2b: Delphox\n|-damage|p2b: Delphox|0 fnt\n|faint|p2b: Delphox\n|\n|win|ArthurGate\n|raw|ArthurGate's rating: 1152 &rarr; <strong>1182</strong><br />(+30 for winning)\n|raw|Lerminlime's rating: 1229 &rarr; <strong>1199</strong><br />(-30 for losing)\n|l|\u2606Lerminlime\n|player|p2|\n",
  "uploadtime": 1776140313,
  "views": 13,
  "formatid": "gen9championsvgc2026regma",
  "rating": 1182,
  "private": 0,
  "password": null
}