{
  "id": "gen9championsvgc2026regma-2588342716",
  "format": "[Gen 9 Champions] VGC 2026 Reg M-A",
  "players": [
    "DavidTIS",
    "Aspropositoo"
  ],
  "log": "|j|\u2606DavidTIS\n|j|\u203dAspropositoo\n|t:|1776625664\n|gametype|doubles\n|player|p1|DavidTIS|1|1141\n|player|p2|Aspropositoo|swimmerf-gen4|1229\n|gen|9\n|tier|[Gen 9 Champions] VGC 2026 Reg M-A\n|rated|\n|rule|Species Clause: Limit one of each Pok\u00e9mon\n|rule|Item Clause: Limit 1 of each item\n|clearpoke\n|poke|p1|Starmie, L50|\n|poke|p1|Lucario, L50, M|\n|poke|p1|Lycanroc-Dusk, L50, M|\n|poke|p1|Hydreigon, L50, F|\n|poke|p1|Gengar, L50, F|\n|poke|p1|Tauros-Paldea-Aqua, L50, M|\n|poke|p2|Scizor, L50, M, shiny|\n|poke|p2|Sneasler, L50, F, shiny|\n|poke|p2|Basculegion, L50, M, shiny|\n|poke|p2|Pelipper, L50, F, shiny|\n|poke|p2|Kingambit, L50, F, shiny|\n|poke|p2|Aerodactyl, L50, F, shiny|\n|teampreview|4\n|inactive|Battle timer is ON: inactive players will automatically lose when time's up. (requested by DavidTIS)\n|inactive|DavidTIS has 60 seconds left.\n|inactive|Aspropositoo has 60 seconds left.\n|inactive|DavidTIS has 30 seconds left.\n|inactive|DavidTIS has 20 seconds left.\n|inactive|DavidTIS has 15 seconds left.\n|inactive|DavidTIS has 10 seconds left.\n|inactive|DavidTIS has 5 seconds left.\n|\n|t:|1776625751\n|teamsize|p1|4\n|teamsize|p2|4\n|start\n|switch|p1a: Starmie|Starmie, L50|100/100\n|switch|p1b: Lucario|Lucario, L50, M|100/100\n|switch|p2a: Pelipper|Pelipper, L50, F, shiny|100/100\n|switch|p2b: Basculegion|Basculegion, L50, M, shiny|100/100\n|-weather|RainDance|[from] ability: Drizzle|[of] p2a: Pelipper\n|turn|1\n|inactive|DavidTIS has 30 seconds left.\n|\n|t:|1776625781\n|detailschange|p1a: Starmie|Starmie-Mega, L50\n|-mega|p1a: Starmie|Starmie|Starminite\n|move|p2b: Basculegion|Last Respects|p1a: Starmie\n|-supereffective|p1a: Starmie|1\n|-damage|p1a: Starmie|15/100\n|move|p1a: Starmie|Psycho Cut|p2b: Basculegion\n|-damage|p2b: Basculegion|21/100\n|move|p1b: Lucario|Dark Pulse|p2b: Basculegion\n|-supereffective|p2b: Basculegion|1\n|-damage|p2b: Basculegion|0 fnt\n|faint|p2b: Basculegion\n|move|p2a: Pelipper|Tailwind|p2a: Pelipper\n|-sidestart|p2: Aspropositoo|move: Tailwind\n|\n|-weather|RainDance|[upkeep]\n|upkeep\n|\n|t:|1776625799\n|switch|p2b: Scizor|Scizor, L50, M, shiny|100/100\n|turn|2\n|\n|t:|1776625823\n|detailschange|p2b: Scizor|Scizor-Mega, L50, M, shiny\n|-mega|p2b: Scizor|Scizor|Scizorite\n|move|p1a: Starmie|Protect|p1a: Starmie\n|-singleturn|p1a: Starmie|Protect\n|move|p2a: Pelipper|Hurricane|p1a: Starmie\n|-activate|p1a: Starmie|move: Protect\n|move|p2b: Scizor|Swords Dance|p2b: Scizor\n|-boost|p2b: Scizor|atk|2\n|move|p1b: Lucario|Aura Sphere|p2b: Scizor\n|-damage|p2b: Scizor|60/100\n|\n|-weather|RainDance|[upkeep]\n|upkeep\n|turn|3\n|inactive|DavidTIS has 30 seconds left.\n|inactive|DavidTIS has 20 seconds left.\n|inactive|DavidTIS has 15 seconds left.\n|\n|t:|1776625866\n|move|p1a: Starmie|Protect||[still]\n|-fail|p1a: Starmie\n|move|p2b: Scizor|Bullet Punch|p1a: Starmie\n|-resisted|p1a: Starmie|1\n|-damage|p1a: Starmie|0 fnt\n|faint|p1a: Starmie\n|move|p2a: Pelipper|Hurricane|p1b: Lucario\n|-damage|p1b: Lucario|25/100\n|move|p1b: Lucario|Aura Sphere|p2b: Scizor\n|-damage|p2b: Scizor|23/100\n|\n|-weather|RainDance|[upkeep]\n|upkeep\n|\n|t:|1776625879\n|switch|p1a: Lycanroc|Lycanroc-Dusk, L50, M|100/100\n|turn|4\n|\n|t:|1776625900\n|move|p2b: Scizor|Protect|p2b: Scizor\n|-singleturn|p2b: Scizor|Protect\n|move|p1a: Lycanroc|Accelerock|p2b: Scizor\n|-activate|p2b: Scizor|move: Protect\n|move|p2a: Pelipper|Weather Ball|p1a: Lycanroc\n|-supereffective|p1a: Lycanroc|1\n|-enditem|p1a: Lycanroc|Focus Sash\n|-damage|p1a: Lycanroc|1/100\n|move|p1b: Lucario|Dark Pulse|p2a: Pelipper\n|-damage|p2a: Pelipper|47/100\n|\n|-weather|RainDance|[upkeep]\n|-sideend|p2: Aspropositoo|move: Tailwind\n|upkeep\n|turn|5\n|\n|t:|1776625923\n|move|p1a: Lycanroc|Accelerock|p2b: Scizor\n|-damage|p2b: Scizor|0 fnt\n|faint|p2b: Scizor\n|move|p1b: Lucario|Dark Pulse|p2a: Pelipper\n|-damage|p2a: Pelipper|2/100\n|cant|p2a: Pelipper|flinch\n|\n|-weather|none\n|upkeep\n|\n|t:|1776625931\n|switch|p2b: Sneasler|Sneasler, L50, F, shiny|100/100\n|turn|6\n|\n|t:|1776625944\n|switch|p1a: Gengar|Gengar, L50, F|100/100\n|move|p2a: Pelipper|Protect|p2a: Pelipper\n|-singleturn|p2a: Pelipper|Protect\n|move|p2b: Sneasler|Fake Out|p1a: Gengar\n|-immune|p1a: Gengar\n|move|p1b: Lucario|Vacuum Wave|p2a: Pelipper\n|-activate|p2a: Pelipper|move: Protect\n|\n|upkeep\n|turn|7\n|inactive|Aspropositoo has 30 seconds left.\n|\n|t:|1776625972\n|move|p1b: Lucario|Vacuum Wave|p2a: Pelipper\n|-resisted|p2a: Pelipper|1\n|-damage|p2a: Pelipper|0 fnt\n|faint|p2a: Pelipper\n|move|p2b: Sneasler|Close Combat|p1b: Lucario\n|-supereffective|p1b: Lucario|1\n|-damage|p1b: Lucario|0 fnt\n|-unboost|p2b: Sneasler|def|1\n|-unboost|p2b: Sneasler|spd|1\n|faint|p1b: Lucario\n|-enditem|p2b: Sneasler|White Herb\n|-clearnegativeboost|p2b: Sneasler|[silent]\n|move|p1a: Gengar|Shadow Ball|p2b: Sneasler\n|-damage|p2b: Sneasler|33/100\n|\n|upkeep\n|\n|t:|1776625985\n|switch|p1b: Lycanroc|Lycanroc-Dusk, L50, M|1/100\n|turn|8\n|\n|t:|1776625995\n|move|p1b: Lycanroc|Accelerock|p2b: Sneasler\n|-resisted|p2b: Sneasler|1\n|-damage|p2b: Sneasler|12/100\n|move|p2b: Sneasler|Close Combat|p1b: Lycanroc\n|-supereffective|p1b: Lycanroc|1\n|-damage|p1b: Lycanroc|0 fnt\n|-unboost|p2b: Sneasler|def|1\n|-unboost|p2b: Sneasler|spd|1\n|faint|p1b: Lycanroc\n|move|p1a: Gengar|Shadow Ball|p2b: Sneasler\n|-damage|p2b: Sneasler|0 fnt\n|faint|p2b: Sneasler\n|\n|win|DavidTIS\n|raw|DavidTIS's rating: 1141 &rarr; <strong>1172</strong><br />(+31 for winning)\n|raw|Aspropositoo's rating: 1229 &rarr; <strong>1198</strong><br />(-31 for losing)\n",
  "uploadtime": 1776626001,
  "views": 18,
  "formatid": "gen9championsvgc2026regma",
  "rating": 1172,
  "private": 0,
  "password": null
}