{
  "id": "gen9championsvgc2026regma-2585537764",
  "format": "[Gen 9 Champions] VGC 2026 Reg M-A",
  "players": [
    "freddop",
    "thebeast4895"
  ],
  "log": "|j|\u2606freddop\n|j|\u2606thebeast4895\n|t:|1776354124\n|gametype|doubles\n|player|p1|freddop|iris-gen5bw2|1210\n|player|p2|thebeast4895|1|1234\n|gen|9\n|tier|[Gen 9 Champions] VGC 2026 Reg M-A\n|rated|\n|rule|Species Clause: Limit one of each Pok\u00e9mon\n|rule|Item Clause: Limit 1 of each item\n|clearpoke\n|poke|p1|Whimsicott, L50, F|\n|poke|p1|Arcanine-Hisui, L50, M|\n|poke|p1|Charizard, L50, F|\n|poke|p1|Sneasler, L50, M|\n|poke|p1|Incineroar, L50, F|\n|poke|p1|Sinistcha, L50|\n|poke|p2|Oranguru, L50, M|\n|poke|p2|Slowbro, L50, F|\n|poke|p2|Crabominable, L50, M|\n|poke|p2|Sinistcha, L50|\n|poke|p2|Incineroar, L50, F|\n|poke|p2|Palafin, L50, F|\n|teampreview|4\n|inactive|Battle timer is ON: inactive players will automatically lose when time's up. (requested by freddop)\nfreddop rejected open team sheets.\n|inactive|thebeast4895 has 60 seconds left.\n|\n|t:|1776354205\n|teamsize|p1|4\n|teamsize|p2|4\n|start\n|switch|p1a: Arcanine|Arcanine-Hisui, L50, M|100/100\n|switch|p1b: Sinistcha|Sinistcha, L50|100/100\n|switch|p2a: Oranguru|Oranguru, L50, M|100/100\n|switch|p2b: Slowbro|Slowbro, L50, F|100/100\n|turn|1\n|inactive|thebeast4895 has 30 seconds left.\n|\n|t:|1776354239\n|move|p2b: Slowbro|Protect|p2b: Slowbro\n|-singleturn|p2b: Slowbro|Protect\n|move|p1b: Sinistcha|Rage Powder|p1b: Sinistcha\n|-singleturn|p1b: Sinistcha|move: Rage Powder\n|move|p1a: Arcanine|Head Smash|p2b: Slowbro\n|-activate|p2b: Slowbro|move: Protect\n|move|p2a: Oranguru|Trick Room|p2a: Oranguru\n|-fieldstart|move: Trick Room|[of] p2a: Oranguru\n|\n|upkeep\n|turn|2\n|inactive|thebeast4895 has 30 seconds left.\n|\n|t:|1776354270\n|switch|p2a: Incineroar|Incineroar, L50, F|100/100\n|-ability|p2a: Incineroar|Intimidate|boost\n|-unboost|p1a: Arcanine|atk|1\n|-unboost|p1b: Sinistcha|atk|1\n|switch|p1a: Whimsicott|Whimsicott, L50, F|100/100\n|detailschange|p2b: Slowbro|Slowbro-Mega, L50, F\n|-mega|p2b: Slowbro|Slowbro|Slowbronite\n|move|p2b: Slowbro|Calm Mind|p2b: Slowbro\n|-boost|p2b: Slowbro|spa|1\n|-boost|p2b: Slowbro|spd|1\n|move|p1b: Sinistcha|Trick Room|p1b: Sinistcha\n|-fieldend|move: Trick Room\n|\n|upkeep\n|turn|3\n|\n|t:|1776354292\n|move|p2a: Incineroar|Fake Out|p1a: Whimsicott\n|-damage|p1a: Whimsicott|85/100\n|cant|p1a: Whimsicott|flinch\n|move|p1b: Sinistcha|Matcha Gotcha|p2b: Slowbro|[spread] p2a,p2b\n|-resisted|p2a: Incineroar|1\n|-supereffective|p2b: Slowbro|1\n|-damage|p2a: Incineroar|89/100\n|-damage|p2b: Slowbro|66/100\n|move|p2b: Slowbro|Expanding Force|p1a: Whimsicott\n|-damage|p1a: Whimsicott|4/100\n|-enditem|p1a: Whimsicott|Sitrus Berry|[eat]\n|-heal|p1a: Whimsicott|29/100|[from] item: Sitrus Berry\n|\n|-heal|p2a: Incineroar|95/100|[from] item: Leftovers\n|upkeep\n|turn|4\n|c|\u2606thebeast4895|no encores\n|c|\u2606freddop|lmao\n|inactive|freddop has 30 seconds left.\n|inactive|thebeast4895 has 30 seconds left.\n|inactive|freddop has 20 seconds left.\n|inactive|freddop has 15 seconds left.\n|\n|t:|1776354337\n|move|p1b: Sinistcha|Protect|p1b: Sinistcha\n|-singleturn|p1b: Sinistcha|Protect\n|move|p1a: Whimsicott|Dazzling Gleam|p2b: Slowbro|[spread] p2a,p2b\n|-damage|p2a: Incineroar|75/100\n|-damage|p2b: Slowbro|51/100\n|move|p2a: Incineroar|Flare Blitz|p1a: Whimsicott\n|-supereffective|p1a: Whimsicott|1\n|-damage|p1a: Whimsicott|0 fnt\n|faint|p1a: Whimsicott\n|-damage|p2a: Incineroar|68/100|[from] Recoil\n|move|p2b: Slowbro|Calm Mind|p2b: Slowbro\n|-boost|p2b: Slowbro|spa|1\n|-boost|p2b: Slowbro|spd|1\n|\n|-heal|p2a: Incineroar|74/100|[from] item: Leftovers\n|upkeep\n|\n|t:|1776354356\n|switch|p1a: Arcanine|Arcanine-Hisui, L50, M|100/100\n|turn|5\n|inactive|thebeast4895 has 30 seconds left.\n|\n|t:|1776354382\n|switch|p2a: Sinistcha|Sinistcha, L50|100/100\n|-heal|p2b: Slowbro|76/100|[from] ability: Hospitality|[of] p2a: Sinistcha\n|move|p2b: Slowbro|Protect|p2b: Slowbro\n|-singleturn|p2b: Slowbro|Protect\n|move|p1b: Sinistcha|Rage Powder|p1b: Sinistcha\n|-singleturn|p1b: Sinistcha|move: Rage Powder\n|move|p1a: Arcanine|Head Smash|p2b: Slowbro\n|-activate|p2b: Slowbro|move: Protect\n|\n|upkeep\n|turn|6\n|\n|t:|1776354403\n|switch|p2a: Incineroar|Incineroar, L50, F|74/100\n|-ability|p2a: Incineroar|Intimidate|boost\n|-unboost|p1a: Arcanine|atk|1\n|-unboost|p1b: Sinistcha|atk|1\n|switch|p1b: Charizard|Charizard, L50, F, shiny|100/100\n|move|p1a: Arcanine|Flare Blitz|p2a: Incineroar\n|-resisted|p2a: Incineroar|1\n|-damage|p2a: Incineroar|55/100\n|move|p2b: Slowbro|Scald|p1a: Arcanine\n|-supereffective|p1a: Arcanine|2\n|-enditem|p1a: Arcanine|Focus Sash\n|-damage|p1a: Arcanine|1/100\n|\n|-heal|p2a: Incineroar|61/100|[from] item: Leftovers\n|upkeep\n|turn|7\n|c|\u2606freddop|ur a good player\n|c|\u2606thebeast4895|im mediocre\n|inactive|freddop has 30 seconds left.\n|c|\u2606thebeast4895|this team is just really easy to stall with\n|\n|t:|1776354436\n|switch|p1a: Sinistcha|Sinistcha, L50|100/100\n|detailschange|p1b: Charizard|Charizard-Mega-Y, L50, F, shiny\n|-mega|p1b: Charizard|Charizard|Charizardite Y\n|-weather|SunnyDay|[from] ability: Drought|[of] p1b: Charizard\n|move|p2a: Incineroar|Fake Out|p1a: Sinistcha\n|-immune|p1a: Sinistcha\n|move|p1b: Charizard|Focus Blast|p2a: Incineroar\n|-supereffective|p2a: Incineroar|1\n|-damage|p2a: Incineroar|0 fnt\n|faint|p2a: Incineroar\n|move|p2b: Slowbro|Expanding Force|p1b: Charizard\n|-damage|p1b: Charizard|11/100\n|\n|-weather|SunnyDay|[upkeep]\n|upkeep\n|\n|t:|1776354457\n|switch|p2a: Sinistcha|Sinistcha, L50|100/100\n|-heal|p2b: Slowbro|100/100|[from] ability: Hospitality|[of] p2a: Sinistcha\n|turn|8\n|\n|t:|1776354474\n|move|p2a: Sinistcha|Protect|p2a: Sinistcha\n|-singleturn|p2a: Sinistcha|Protect\n|move|p1a: Sinistcha|Rage Powder|p1a: Sinistcha\n|-singleturn|p1a: Sinistcha|move: Rage Powder\n|move|p1b: Charizard|Roost|p1b: Charizard\n|-heal|p1b: Charizard|62/100\n|-singleturn|p1b: Charizard|move: Roost\n|move|p2b: Slowbro|Expanding Force|p1a: Sinistcha\n|-damage|p1a: Sinistcha|4/100\n|\n|-weather|SunnyDay|[upkeep]\n|upkeep\n|turn|9\n|inactive|freddop has 30 seconds left.\n|\n|t:|1776354499\n|move|p1b: Charizard|Heat Wave|p2b: Slowbro|[spread] p2a,p2b\n|-supereffective|p2a: Sinistcha|1\n|-resisted|p2b: Slowbro|1\n|-damage|p2a: Sinistcha|0 fnt\n|-damage|p2b: Slowbro|82/100\n|faint|p2a: Sinistcha\n|move|p1a: Sinistcha|Matcha Gotcha|p2b: Slowbro\n|-supereffective|p2b: Slowbro|1\n|-damage|p2b: Slowbro|46/100\n|-heal|p1a: Sinistcha|26/100|[from] drain|[of] p2b: Slowbro\n|-status|p2b: Slowbro|brn\n|move|p2b: Slowbro|Expanding Force|p1b: Charizard\n|-damage|p1b: Charizard|0 fnt\n|faint|p1b: Charizard\n|\n|-weather|SunnyDay|[upkeep]\n|-damage|p2b: Slowbro|40/100 brn|[from] brn\n|upkeep\n|c|\u2606thebeast4895|see imm still gonna lose\n|\n|t:|1776354514\n|switch|p1b: Arcanine|Arcanine-Hisui, L50, M|1/100\n|switch|p2a: Oranguru|Oranguru, L50, M|100/100\n|turn|10\n|\n|t:|1776354532\n|move|p2b: Slowbro|Protect|p2b: Slowbro\n|-singleturn|p2b: Slowbro|Protect\n|move|p1b: Arcanine|Rock Slide|p2a: Oranguru|[spread] p2a\n|-activate|p2b: Slowbro|move: Protect\n|-damage|p2a: Oranguru|79/100\n|move|p1a: Sinistcha|Matcha Gotcha|p2a: Oranguru|[spread] p2a\n|-activate|p2b: Slowbro|move: Protect\n|-damage|p2a: Oranguru|58/100\n|-heal|p1a: Sinistcha|40/100|[from] drain|[of] p2a: Oranguru\n|move|p2a: Oranguru|Trick Room|p2a: Oranguru\n|-fieldstart|move: Trick Room|[of] p2a: Oranguru\n|\n|-weather|SunnyDay|[upkeep]\n|-damage|p2b: Slowbro|34/100 brn|[from] brn\n|upkeep\n|turn|11\n|inactive|freddop has 30 seconds left.\n|c|\u2606thebeast4895|or you could just do that\n|inactive|freddop has 20 seconds left.\n|\n|t:|1776354571\n|move|p1b: Arcanine|Extreme Speed|p2b: Slowbro\n|-damage|p2b: Slowbro|19/100 brn\n|move|p2b: Slowbro|Expanding Force|p1a: Sinistcha\n|-damage|p1a: Sinistcha|0 fnt\n|faint|p1a: Sinistcha\n|move|p2a: Oranguru|Instruct|p2b: Slowbro\n|-singleturn|p2b: Slowbro|move: Instruct|[of] p2a: Oranguru\n|move|p2b: Slowbro|Expanding Force|p1b: Arcanine\n|-damage|p1b: Arcanine|0 fnt\n|faint|p1b: Arcanine\n|\n|win|thebeast4895\n|raw|freddop's rating: 1210 &rarr; <strong>1187</strong><br />(-23 for losing)\n|raw|thebeast4895's rating: 1234 &rarr; <strong>1257</strong><br />(+23 for winning)\n|c|\u2606freddop|yh im not good\n|c|\u2606freddop|gg\n|c|\u2606thebeast4895|gg\n",
  "uploadtime": 1776354586,
  "views": 21,
  "formatid": "gen9championsvgc2026regma",
  "rating": 1187,
  "private": 0,
  "password": null
}