{
  "id": "gen9championsvgc2026regma-2585623953",
  "format": "[Gen 9 Champions] VGC 2026 Reg M-A",
  "players": [
    "Lvl4Metapod",
    "googlygod"
  ],
  "log": "|j|\u2606Lvl4Metapod\n|j|\u2606googlygod\n|t:|1776359593\n|gametype|doubles\n|player|p1|Lvl4Metapod|101|1083\n|player|p2|googlygod|169|1104\n|gen|9\n|tier|[Gen 9 Champions] VGC 2026 Reg M-A\n|rated|\n|rule|Species Clause: Limit one of each Pok\u00e9mon\n|rule|Item Clause: Limit 1 of each item\n|clearpoke\n|poke|p1|Sneasler, L50, M|\n|poke|p1|Gyarados, L50, M|\n|poke|p1|Ninetales-Alola, L50, M|\n|poke|p1|Garchomp, L50, F|\n|poke|p1|Orthworm, L50, F|\n|poke|p1|Delphox, L50, M|\n|poke|p2|Venusaur, L50, M|\n|poke|p2|Torkoal, L50, F|\n|poke|p2|Floette-Eternal, L50, F|\n|poke|p2|Whimsicott, L50, F|\n|poke|p2|Blastoise, L50, M|\n|poke|p2|Aerodactyl, L50, M|\n|teampreview|4\n|\n|t:|1776359654\n|teamsize|p1|4\n|teamsize|p2|4\n|start\n|switch|p1a: Sneasler|Sneasler, L50, M|100/100\n|switch|p1b: Orthworm|Orthworm, L50, F|100/100\n|switch|p2a: Venusaur|Venusaur, L50, M|100/100\n|switch|p2b: Torkoal|Torkoal, L50, F|100/100\n|-weather|SunnyDay|[from] ability: Drought|[of] p2b: Torkoal\n|turn|1\n|inactive|Battle timer is ON: inactive players will automatically lose when time's up. (requested by googlygod)\n|\n|t:|1776359673\n|move|p2a: Venusaur|Protect|p2a: Venusaur\n|-singleturn|p2a: Venusaur|Protect\n|move|p1a: Sneasler|Fake Out|p2b: Torkoal\n|-damage|p2b: Torkoal|90/100\n|move|p1b: Orthworm|Shed Tail|p1b: Orthworm\n|-start|p1b: Orthworm|Substitute|[from] move: Shed Tail\n|-damage|p1b: Orthworm|50/100\n|-enditem|p1b: Orthworm|Sitrus Berry|[eat]\n|-heal|p1b: Orthworm|75/100|[from] item: Sitrus Berry\n|\n|t:|1776359682\n|switch|p1b: Ninetales|Ninetales-Alola, L50, M|100/100|[from] Shed Tail\n|-weather|Snowscape|[from] ability: Snow Warning|[of] p1b: Ninetales\n|cant|p2b: Torkoal|flinch\n|\n|-weather|Snowscape|[upkeep]\n|upkeep\n|turn|2\n|\n|t:|1776359708\n|move|p1a: Sneasler|Dire Claw|p2b: Torkoal\n|-damage|p2b: Torkoal|58/100\n|move|p1b: Ninetales|Aurora Veil|p1b: Ninetales\n|-sidestart|p1: Lvl4Metapod|move: Aurora Veil\n|move|p2a: Venusaur|Sludge Bomb|p1b: Ninetales\n|-supereffective|p1b: Ninetales|1\n|-end|p1b: Ninetales|Substitute\n|move|p2b: Torkoal|Eruption|p1a: Sneasler|[spread] p1a,p1b\n|-supereffective|p1b: Ninetales|1\n|-enditem|p1b: Ninetales|Occa Berry|[eat]\n|-enditem|p1b: Ninetales|Occa Berry|[weaken]\n|-damage|p1a: Sneasler|72/100\n|-damage|p1b: Ninetales|80/100\n|\n|-weather|Snowscape|[upkeep]\n|upkeep\n|turn|3\n|inactive|Lvl4Metapod has 30 seconds left.\n|\n|t:|1776359742\n|move|p1a: Sneasler|Dire Claw|p2b: Torkoal\n|-crit|p2b: Torkoal\n|-damage|p2b: Torkoal|13/100\n|move|p1b: Ninetales|Blizzard|p2a: Venusaur|[spread] p2a,p2b\n|-supereffective|p2a: Venusaur|1\n|-resisted|p2b: Torkoal|1\n|-damage|p2a: Venusaur|50/100\n|-damage|p2b: Torkoal|0 fnt\n|faint|p2b: Torkoal\n|move|p2a: Venusaur|Sludge Bomb|p1b: Ninetales\n|-supereffective|p1b: Ninetales|1\n|-damage|p1b: Ninetales|24/100\n|\n|-weather|Snowscape|[upkeep]\n|upkeep\n|\n|t:|1776359756\n|switch|p2b: Aerodactyl|Aerodactyl, L50, M|100/100\n|-ability|p2b: Aerodactyl|Unnerve\n|turn|4\n|\n|t:|1776359781\n|switch|p1b: Gyarados|Gyarados, L50, M|100/100\n|-ability|p1b: Gyarados|Intimidate|boost\n|-unboost|p2a: Venusaur|atk|1\n|-unboost|p2b: Aerodactyl|atk|1\n|move|p2b: Aerodactyl|Tailwind|p2b: Aerodactyl\n|-sidestart|p2: googlygod|move: Tailwind\n|move|p2a: Venusaur|Sludge Bomb|p1b: Gyarados\n|-damage|p1b: Gyarados|78/100\n|-status|p1b: Gyarados|psn\n|move|p1a: Sneasler|Coaching|p1b: Gyarados\n|-boost|p1b: Gyarados|atk|1\n|-boost|p1b: Gyarados|def|1\n|\n|-weather|Snowscape|[upkeep]\n|-damage|p1b: Gyarados|65/100 psn|[from] psn\n|upkeep\n|turn|5\n|inactive|Lvl4Metapod has 30 seconds left.\n|\n|t:|1776359809\n|switch|p1a: Orthworm|Orthworm, L50, F|75/100\n|move|p2b: Aerodactyl|Dual Wingbeat|p1a: Orthworm\n|-resisted|p1a: Orthworm|1\n|-damage|p1a: Orthworm|73/100\n|-resisted|p1a: Orthworm|1\n|-damage|p1a: Orthworm|71/100\n|-hitcount|p1a: Orthworm|2\n|move|p2a: Venusaur|Sludge Bomb|p1b: Gyarados\n|-damage|p1b: Gyarados|43/100 psn\n|move|p1b: Gyarados|Waterfall|p2b: Aerodactyl\n|-supereffective|p2b: Aerodactyl|1\n|-damage|p2b: Aerodactyl|0 fnt\n|faint|p2b: Aerodactyl\n|\n|-weather|none\n|-damage|p1b: Gyarados|30/100 psn|[from] psn\n|upkeep\n|\n|t:|1776359824\n|switch|p2b: Floette|Floette-Eternal, L50, F|100/100\n|turn|6\n|\n|t:|1776359839\n|detailschange|p2b: Floette|Floette-Mega, L50, F\n|-mega|p2b: Floette|Floette|Floettite\n|-ability|p2b: Floette|Fairy Aura\n|move|p1a: Orthworm|Protect|p1a: Orthworm\n|-singleturn|p1a: Orthworm|Protect\n|move|p2b: Floette|Dazzling Gleam|p1b: Gyarados|[spread] p1b\n|-activate|p1a: Orthworm|move: Protect\n|-crit|p1b: Gyarados\n|-damage|p1b: Gyarados|0 fnt\n|faint|p1b: Gyarados\n|move|p2a: Venusaur|Sleep Powder|p1a: Orthworm\n|-activate|p1a: Orthworm|move: Protect\n|\n|-sideend|p1: Lvl4Metapod|move: Aurora Veil\n|upkeep\n|\n|t:|1776359849\n|switch|p1b: Sneasler|Sneasler, L50, M|72/100\n|turn|7\n|\n|t:|1776359858\n|move|p1b: Sneasler|Fake Out|p2a: Venusaur\n|-damage|p2a: Venusaur|32/100\n|move|p2b: Floette|Calm Mind|p2b: Floette\n|-boost|p2b: Floette|spa|1\n|-boost|p2b: Floette|spd|1\n|cant|p2a: Venusaur|flinch\n|move|p1a: Orthworm|Heavy Slam|p2b: Floette\n|-supereffective|p2b: Floette|1\n|-damage|p2b: Floette|40/100\n|\n|-sideend|p2: googlygod|move: Tailwind\n|upkeep\n|turn|8\n|\n|t:|1776359878\n|move|p2b: Floette|Protect|p2b: Floette\n|-singleturn|p2b: Floette|Protect\n|move|p1b: Sneasler|Dire Claw|p2a: Venusaur\n|-damage|p2a: Venusaur|0 fnt\n|faint|p2a: Venusaur\n|move|p1a: Orthworm|Heavy Slam|p2b: Floette\n|-activate|p2b: Floette|move: Protect\n|\n|upkeep\n|turn|9\n|-message|googlygod forfeited.\n|\n|win|Lvl4Metapod\n|raw|Lvl4Metapod's rating: 1083 &rarr; <strong>1112</strong><br />(+29 for winning)\n|raw|googlygod's rating: 1104 &rarr; <strong>1077</strong><br />(-27 for losing)\n|l|\u2606googlygod\n|player|p2|\n",
  "uploadtime": 1776359894,
  "views": 24,
  "formatid": "gen9championsvgc2026regma",
  "rating": 1077,
  "private": 0,
  "password": null
}