{
  "id": "gen9championsvgc2026regma-2588445313",
  "format": "[Gen 9 Champions] VGC 2026 Reg M-A",
  "players": [
    "PH_Balls",
    "regitron 21"
  ],
  "log": "|j|\u2606PH_Balls\n|j|\u2606regitron 21\n|t:|1776634163\n|gametype|doubles\n|player|p1|PH_Balls|blackbelt|1055\n|player|p2|regitron 21|n|1082\n|gen|9\n|tier|[Gen 9 Champions] VGC 2026 Reg M-A\n|rated|\n|rule|Species Clause: Limit one of each Pok\u00e9mon\n|rule|Item Clause: Limit 1 of each item\n|clearpoke\n|poke|p1|Espathra, L50, F|\n|poke|p1|Forretress, L50, F|\n|poke|p1|Charizard, L50, F|\n|poke|p1|Incineroar, L50, M|\n|poke|p1|Garchomp, L50, M|\n|poke|p1|Greninja, L50, F|\n|poke|p2|Aegislash, L50, M|\n|poke|p2|Froslass, L50, F|\n|poke|p2|Incineroar, L50, F|\n|poke|p2|Sneasler, L50, F|\n|poke|p2|Rotom-Wash, L50|\n|poke|p2|Volcarona, L50, M|\n|teampreview|4\n|c|\u2606regitron 21|hey good luck bud\n|c|\u2606regitron 21|cool team\nregitron 21 has agreed to open team sheets.\n|inactive|Battle timer is ON: inactive players will automatically lose when time's up. (requested by PH_Balls)\n|\n|t:|1776634237\n|teamsize|p1|4\n|teamsize|p2|4\n|start\n|switch|p1a: Espathra|Espathra, L50, F|100/100\n|switch|p1b: Forretress|Forretress, L50, F|100/100\n|switch|p2a: Rotom|Rotom-Wash, L50|100/100\n|switch|p2b: Incineroar|Incineroar, L50, F|100/100\n|-ability|p2b: Incineroar|Intimidate|boost\n|-unboost|p1a: Espathra|atk|1\n|-unboost|p1b: Forretress|atk|1\n|turn|1\n|\n|t:|1776634251\n|move|p1a: Espathra|Protect|p1a: Espathra\n|-singleturn|p1a: Espathra|Protect\n|move|p2a: Rotom|Trick|p1a: Espathra\n|-activate|p1a: Espathra|move: Protect\n|move|p2b: Incineroar|Flare Blitz|p1b: Forretress\n|-supereffective|p1b: Forretress|2\n|-damage|p1b: Forretress|2/100\n|-damage|p2b: Incineroar|71/100|[from] Recoil\n|move|p1b: Forretress|Gravity|p1b: Forretress\n|-fieldstart|move: Gravity\n|\n|-heal|p1b: Forretress|8/100|[from] item: Leftovers\n|-ability|p1a: Espathra|Speed Boost|boost\n|-boost|p1a: Espathra|spe|1\n|upkeep\n|turn|2\n|inactive|PH_Balls has 30 seconds left.\n|\n|t:|1776634278\n|switch|p2a: Aegislash|Aegislash, L50, M|100/100\n|move|p1b: Forretress|Protect|p1b: Forretress\n|-singleturn|p1b: Forretress|Protect\n|move|p1a: Espathra|Hypnosis|p2b: Incineroar\n|-status|p2b: Incineroar|slp|[from] move: Hypnosis\n|cant|p2b: Incineroar|slp\n|\n|-heal|p1b: Forretress|14/100|[from] item: Leftovers\n|-ability|p1a: Espathra|Speed Boost|boost\n|-boost|p1a: Espathra|spe|1\n|upkeep\n|turn|3\n|\n|t:|1776634297\n|switch|p2b: Rotom|Rotom-Wash, L50|100/100\n|move|p2a: Aegislash|King's Shield|p2a: Aegislash\n|-singleturn|p2a: Aegislash|Protect\n|move|p1a: Espathra|Hypnosis|p2a: Aegislash\n|-status|p2a: Aegislash|slp|[from] move: Hypnosis\n|move|p1b: Forretress|Volt Switch|p2b: Rotom\n|-damage|p2b: Rotom|85/100\n|\n|t:|1776634310\n|switch|p1b: Greninja|Greninja, L50, F|100/100|[from] Volt Switch\n|\n|-ability|p1a: Espathra|Speed Boost|boost\n|-boost|p1a: Espathra|spe|1\n|upkeep\n|turn|4\n|\n|t:|1776634327\n|move|p1a: Espathra|Hypnosis|p2b: Rotom\n|-status|p2b: Rotom|slp|[from] move: Hypnosis\n|move|p1b: Greninja|Hydro Pump|p2a: Aegislash\n|-damage|p2a: Aegislash|53/100 slp\n|cant|p2b: Rotom|slp\n|cant|p2a: Aegislash|slp\n|\n|-ability|p1a: Espathra|Speed Boost|boost\n|-boost|p1a: Espathra|spe|1\n|upkeep\n|turn|5\n|\n|t:|1776634346\n|move|p1a: Espathra|Baton Pass|p1a: Espathra\n|\n|t:|1776634348\n|switch|p1a: Charizard|Charizard, L50, F|100/100|[from] Baton Pass\n|move|p1b: Greninja|Hydro Pump|p2a: Aegislash\n|-damage|p2a: Aegislash|12/100 slp\n|-curestatus|p2b: Rotom|slp|[msg]\n|move|p2b: Rotom|Hydro Pump|p1b: Greninja\n|-resisted|p1b: Greninja|1\n|-damage|p1b: Greninja|55/100\n|-curestatus|p2a: Aegislash|slp|[msg]\n|-formechange|p2a: Aegislash|Aegislash-Blade|\n|move|p2a: Aegislash|Poltergeist|p1a: Charizard\n|-activate|p1a: Charizard|move: Poltergeist|Charizardite Y\n|-damage|p1a: Charizard|8/100\n|\n|-fieldend|move: Gravity\n|upkeep\n|turn|6\n|inactive|PH_Balls has 30 seconds left.\n|\n|t:|1776634378\n|switch|p1b: Espathra|Espathra, L50, F|100/100\n|switch|p2b: Froslass|Froslass, L50, F|100/100\n|switch|p2a: Incineroar|Incineroar, L50, F|71/100 slp\n|-ability|p2a: Incineroar|Intimidate|boost\n|-unboost|p1a: Charizard|atk|1\n|-unboost|p1b: Espathra|atk|1\n|detailschange|p1a: Charizard|Charizard-Mega-Y, L50, F\n|-mega|p1a: Charizard|Charizard|Charizardite Y\n|-weather|SunnyDay|[from] ability: Drought|[of] p1a: Charizard\n|move|p1a: Charizard|Heat Wave|p2a: Incineroar|[spread] p2a,p2b\n|-resisted|p2a: Incineroar|1\n|-supereffective|p2b: Froslass|1\n|-damage|p2a: Incineroar|44/100 slp\n|-damage|p2b: Froslass|0 fnt\n|-start|p1a: Charizard|Disable|Heat Wave|[from] ability: Cursed Body|[of] p2b: Froslass\n|-enditem|p2a: Incineroar|Sitrus Berry|[eat]\n|-heal|p2a: Incineroar|69/100 slp|[from] item: Sitrus Berry\n|faint|p2b: Froslass\n|\n|-weather|SunnyDay|[upkeep]\n|upkeep\n|\n|t:|1776634388\n|switch|p2b: Rotom|Rotom-Wash, L50|85/100\n|turn|7\n|\n|t:|1776634411\n|move|p1b: Espathra|Protect|p1b: Espathra\n|-singleturn|p1b: Espathra|Protect\n|move|p1a: Charizard|Roost|p1a: Charizard\n|-heal|p1a: Charizard|58/100\n|-singleturn|p1a: Charizard|move: Roost\n|move|p2b: Rotom|Thunderbolt|p1a: Charizard\n|-damage|p1a: Charizard|20/100\n|cant|p2a: Incineroar|slp\n|\n|-weather|SunnyDay|[upkeep]\n|-ability|p1b: Espathra|Speed Boost|boost\n|-boost|p1b: Espathra|spe|1\n|upkeep\n|turn|8\n|\n|t:|1776634437\n|move|p1a: Charizard|Roost|p1a: Charizard\n|-heal|p1a: Charizard|71/100\n|-singleturn|p1a: Charizard|move: Roost\n|move|p1b: Espathra|Lumina Crash|p2b: Rotom\n|-damage|p2b: Rotom|46/100\n|-unboost|p2b: Rotom|spd|2\n|move|p2b: Rotom|Thunderbolt|p1a: Charizard\n|-damage|p1a: Charizard|38/100\n|-curestatus|p2a: Incineroar|slp|[msg]\n|move|p2a: Incineroar|Darkest Lariat|p1a: Charizard\n|-damage|p1a: Charizard|0 fnt\n|faint|p1a: Charizard\n|\n|-weather|SunnyDay|[upkeep]\n|-ability|p1b: Espathra|Speed Boost|boost\n|-boost|p1b: Espathra|spe|1\n|upkeep\n|\n|t:|1776634462\n|switch|p1a: Forretress|Forretress, L50, F|14/100\n|turn|9\n|\n|t:|1776634482\n|switch|p2b: Aegislash|Aegislash, L50, M|12/100\n|move|p1a: Forretress|Protect|p1a: Forretress\n|-singleturn|p1a: Forretress|Protect\n|move|p1b: Espathra|Baton Pass|p1b: Espathra\n|\n|t:|1776634489\n|switch|p1b: Greninja|Greninja, L50, F|55/100|[from] Baton Pass\n|move|p2a: Incineroar|Darkest Lariat|p1a: Forretress\n|-activate|p1a: Forretress|move: Protect\n|\n|-weather|SunnyDay|[upkeep]\n|-heal|p1a: Forretress|20/100|[from] item: Leftovers\n|upkeep\n|turn|10\n|\n|t:|1776634512\n|switch|p2a: Rotom|Rotom-Wash, L50|46/100\n|move|p1b: Greninja|Hydro Pump|p2a: Rotom|[miss]\n|-miss|p1b: Greninja|p2a: Rotom\n|-formechange|p2b: Aegislash|Aegislash-Blade|\n|move|p2b: Aegislash|Sacred Sword|p1a: Forretress\n|-damage|p1a: Forretress|0 fnt\n|faint|p1a: Forretress\n|\n|-weather|none\n|upkeep\n|\n|t:|1776634524\n|switch|p1a: Espathra|Espathra, L50, F|100/100\n|turn|11\n|\n|t:|1776634536\n|move|p1a: Espathra|Protect|p1a: Espathra\n|-singleturn|p1a: Espathra|Protect\n|-formechange|p2b: Aegislash|Aegislash|\n|move|p2b: Aegislash|King's Shield|p2b: Aegislash\n|-singleturn|p2b: Aegislash|Protect\n|move|p1b: Greninja|Hydro Pump|p2b: Aegislash\n|-activate|p2b: Aegislash|move: Protect\n|move|p2a: Rotom|Trick|p1a: Espathra\n|-activate|p1a: Espathra|move: Protect\n|\n|-ability|p1a: Espathra|Speed Boost|boost\n|-boost|p1a: Espathra|spe|1\n|upkeep\n|turn|12\n|\n|t:|1776634553\n|switch|p2b: Incineroar|Incineroar, L50, F|69/100\n|-ability|p2b: Incineroar|Intimidate|boost\n|-unboost|p1a: Espathra|atk|1\n|-unboost|p1b: Greninja|atk|1\n|move|p1b: Greninja|Hydro Pump|p2a: Rotom\n|-resisted|p2a: Rotom|1\n|-damage|p2a: Rotom|11/100\n|move|p1a: Espathra|Lumina Crash|p2b: Incineroar\n|-immune|p2b: Incineroar\n|move|p2a: Rotom|Trick|p1a: Espathra\n|-activate|p2a: Rotom|move: Trick|[of] p1a: Espathra\n|-item|p1a: Espathra|Choice Scarf|[from] move: Trick\n|-item|p2a: Rotom|Focus Sash|[from] move: Trick\n|\n|-ability|p1a: Espathra|Speed Boost|boost\n|-boost|p1a: Espathra|spe|1\n|upkeep\n|turn|13\n|\n|t:|1776634577\n|switch|p2a: Aegislash|Aegislash, L50, M|12/100\n|move|p1b: Greninja|Hydro Pump|p2b: Incineroar\n|-supereffective|p2b: Incineroar|1\n|-damage|p2b: Incineroar|0 fnt\n|faint|p2b: Incineroar\n|move|p1a: Espathra|Lumina Crash|p2a: Aegislash\n|-resisted|p2a: Aegislash|1\n|-damage|p2a: Aegislash|1/100\n|-unboost|p2a: Aegislash|spd|2\n|\n|-ability|p1a: Espathra|Speed Boost|boost\n|-boost|p1a: Espathra|spe|1\n|upkeep\n|\n|t:|1776634585\n|switch|p2b: Rotom|Rotom-Wash, L50|11/100\n|turn|14\n|\n|t:|1776634599\n|move|p1a: Espathra|Lumina Crash|p2b: Rotom\n|-damage|p2b: Rotom|0 fnt\n|faint|p2b: Rotom\n|move|p1b: Greninja|Hydro Pump|p2a: Aegislash\n|-damage|p2a: Aegislash|0 fnt\n|faint|p2a: Aegislash\n|\n|win|PH_Balls\n|raw|PH_Balls's rating: 1055 &rarr; <strong>1089</strong><br />(+34 for winning)\n|raw|regitron 21's rating: 1082 &rarr; <strong>1058</strong><br />(-24 for losing)\n|c|\u2606regitron 21|gg\n|c|\u2606regitron 21|cool team man\n",
  "uploadtime": 1776634606,
  "views": 10,
  "formatid": "gen9championsvgc2026regma",
  "rating": 1058,
  "private": 0,
  "password": null
}