{
  "id": "gen9championsvgc2026regma-2580398960",
  "format": "[Gen 9 Champions] VGC 2026 Reg M-A",
  "players": [
    "Mega Blaziken fan",
    "K1tfox"
  ],
  "log": "|j|\u2606Mega Blaziken fan\n|j|\u2606K1tfox\n|t:|1775890601\n|gametype|doubles\n|player|p1|Mega Blaziken fan|lucas|1115\n|player|p2|K1tfox|harlequin|1047\n|gen|9\n|tier|[Gen 9 Champions] VGC 2026 Reg M-A\n|rated|\n|rule|Species Clause: Limit one of each Pok\u00e9mon\n|rule|Item Clause: Limit 1 of each item\n|clearpoke\n|poke|p1|Typhlosion-Hisui, L50, F|\n|poke|p1|Charizard, L50, F|\n|poke|p1|Venusaur, L50, M|\n|poke|p1|Garchomp, L50, F|\n|poke|p1|Rotom-Heat, L50|\n|poke|p1|Sneasler, L50, M|\n|poke|p2|Arcanine, L50, M|\n|poke|p2|Maushold, L50|\n|poke|p2|Sneasler, L50, M|\n|poke|p2|Archaludon, L50, M|\n|poke|p2|Dragonite, L50, M|\n|poke|p2|Palafin, L50, F|\n|teampreview|4\n|\n|t:|1775890626\n|teamsize|p1|4\n|teamsize|p2|4\n|start\n|switch|p1a: Charizard|Charizard, L50, F|100/100\n|switch|p1b: Typhlosion|Typhlosion-Hisui, L50, F|100/100\n|switch|p2a: Chris maus|Maushold, L50|100/100\n|switch|p2b: Palafin|Palafin, L50, F|100/100\n|turn|1\n|\n|t:|1775890633\n|detailschange|p2b: Palafin|Palafin-Hero, L50, F\n|switch|p2b: Kinkinine|Arcanine, L50, M|100/100\n|detailschange|p1a: Charizard|Charizard-Mega-Y, L50, F\n|-mega|p1a: Charizard|Charizard|Charizardite Y\n|-weather|SunnyDay|[from] ability: Drought|[of] p1a: Charizard\n|move|p1a: Charizard|Protect|p1a: Charizard\n|-singleturn|p1a: Charizard|Protect\n|move|p1b: Typhlosion|Eruption|p2b: Kinkinine|[spread] p2a,p2b\n|-resisted|p2b: Kinkinine|1\n|-damage|p2a: Chris maus|0 fnt\n|-damage|p2b: Kinkinine|69/100\n|faint|p2a: Chris maus\n|\n|-weather|SunnyDay|[upkeep]\n|upkeep\n|j| xulti\n|l| xulti\n|\n|t:|1775890645\n|switch|p2a: Palafin|Palafin-Hero, L50, F|100/100\n|-activate|p2a: Palafin|ability: Zero to Hero\n|turn|2\n|\n|t:|1775890670\n|switch|p2a: Dragonite|Dragonite, L50, M|100/100\n|move|p1b: Typhlosion|Eruption|p2a: Dragonite|[spread] p2a,p2b\n|-resisted|p2a: Dragonite|1\n|-resisted|p2b: Kinkinine|1\n|-damage|p2a: Dragonite|52/100\n|-damage|p2b: Kinkinine|25/100\n|-enditem|p2b: Kinkinine|Sitrus Berry|[eat]\n|-heal|p2b: Kinkinine|50/100|[from] item: Sitrus Berry\n|move|p1a: Charizard|Solar Beam||[still]\n|-prepare|p1a: Charizard|Solar Beam\n|-anim|p1a: Charizard|Solar Beam|p2a: Dragonite\n|-resisted|p2a: Dragonite|2\n|-damage|p2a: Dragonite|39/100\n|move|p2b: Kinkinine|Crunch|p1b: Typhlosion\n|-supereffective|p1b: Typhlosion|1\n|-damage|p1b: Typhlosion|26/100\n|\n|-weather|SunnyDay|[upkeep]\n|upkeep\n|turn|3\n|\n|t:|1775890715\n|switch|p1b: Garchomp|Garchomp, L50, F|100/100\n|detailschange|p2a: Dragonite|Dragonite-Mega, L50, M\n|-mega|p2a: Dragonite|Dragonite|Dragoninite\n|move|p2b: Kinkinine|Extreme Speed|p1a: Charizard\n|-damage|p1a: Charizard|64/100\n|move|p1a: Charizard|Air Slash|p2a: Dragonite|[miss]\n|-miss|p1a: Charizard|p2a: Dragonite\n|move|p2a: Dragonite|Air Cutter|p1a: Charizard|[spread] p1a\n|-miss|p2a: Dragonite|p1b: Garchomp\n|-damage|p1a: Charizard|37/100\n|\n|-weather|SunnyDay|[upkeep]\n|upkeep\n|turn|4\n|\n|t:|1775890744\n|move|p1b: Garchomp|Scale Shot|p2a: Dragonite\n|-supereffective|p2a: Dragonite|1\n|-damage|p2a: Dragonite|14/100\n|-supereffective|p2a: Dragonite|1\n|-crit|p2a: Dragonite\n|-damage|p2a: Dragonite|0 fnt\n|faint|p2a: Dragonite\n|-hitcount|p2: Dragonite|2\n|-unboost|p1b: Garchomp|def|1\n|-boost|p1b: Garchomp|spe|1\n|move|p1a: Charizard|Heat Wave|p2b: Kinkinine\n|-resisted|p2b: Kinkinine|1\n|-damage|p2b: Kinkinine|6/100\n|move|p2b: Kinkinine|Psychic Fangs|p1b: Garchomp\n|-damage|p1b: Garchomp|60/100\n|\n|-weather|SunnyDay|[upkeep]\n|upkeep\n|\n|t:|1775890747\n|switch|p2a: Palafin|Palafin-Hero, L50, F|100/100\n|turn|5\n|\n|t:|1775890762\n|move|p1a: Charizard|Protect|p1a: Charizard\n|-singleturn|p1a: Charizard|Protect\n|move|p2b: Kinkinine|Extreme Speed|p1b: Garchomp\n|-damage|p1b: Garchomp|20/100\n|move|p2a: Palafin|Jet Punch|p1a: Charizard\n|-activate|p1a: Charizard|move: Protect\n|move|p1b: Garchomp|Earthquake|p2b: Kinkinine|[spread] p2a,p2b\n|-activate|p1a: Charizard|move: Protect\n|-supereffective|p2b: Kinkinine|1\n|-damage|p2a: Palafin|66/100\n|-damage|p2b: Kinkinine|0 fnt\n|faint|p2b: Kinkinine\n|\n|-weather|none\n|upkeep\n|turn|6\n|\n|t:|1775890787\n|switch|p1a: Typhlosion|Typhlosion-Hisui, L50, F|26/100\n|move|p2a: Palafin|Jet Punch|p1b: Garchomp\n|-damage|p1b: Garchomp|0 fnt\n|faint|p1b: Garchomp\n|\n|upkeep\n|\n|t:|1775890792\n|switch|p1b: Charizard|Charizard-Mega-Y, L50, F|37/100\n|-weather|SunnyDay|[from] ability: Drought|[of] p1b: Charizard\n|turn|7\n|\n|t:|1775890800\n|move|p2a: Palafin|Jet Punch|p1b: Charizard\n|-supereffective|p1b: Charizard|1\n|-damage|p1b: Charizard|0 fnt\n|faint|p1b: Charizard\n|move|p1a: Typhlosion|Solar Beam||[still]\n|-prepare|p1a: Typhlosion|Solar Beam\n|-anim|p1a: Typhlosion|Solar Beam|p2a: Palafin\n|-supereffective|p2a: Palafin|1\n|-damage|p2a: Palafin|0 fnt\n|faint|p2a: Palafin\n|\n|win|Mega Blaziken fan\n|raw|Mega Blaziken fan's rating: 1115 &rarr; <strong>1135</strong><br />(+20 for winning)\n|raw|K1tfox's rating: 1047 &rarr; <strong>1033</strong><br />(-14 for losing)\n|c|\u2606K1tfox|Ah they both had it\n",
  "uploadtime": 1775890810,
  "views": 25,
  "formatid": "gen9championsvgc2026regma",
  "rating": 1033,
  "private": 0,
  "password": null
}