{
  "id": "gen9championsvgc2026regma-2580428890",
  "format": "[Gen 9 Champions] VGC 2026 Reg M-A",
  "players": [
    "rexoguns",
    "Aylylek"
  ],
  "log": "|j|\u2606rexoguns\n|j|\u2606Aylylek\n|t:|1775895132\n|gametype|doubles\n|player|p1|rexoguns|ingo|1000\n|player|p2|Aylylek|1|1055\n|gen|9\n|tier|[Gen 9 Champions] VGC 2026 Reg M-A\n|rated|\n|rule|Species Clause: Limit one of each Pok\u00e9mon\n|rule|Item Clause: Limit 1 of each item\n|clearpoke\n|poke|p1|Kingambit, L50, F|\n|poke|p1|Delphox, L50, M|\n|poke|p1|Basculegion, L50, M|\n|poke|p1|Sneasler, L50, F|\n|poke|p1|Garchomp, L50, F|\n|poke|p1|Clefable, L50, F|\n|poke|p2|Charizard, L50, M|\n|poke|p2|Venusaur, L50, M|\n|poke|p2|Whimsicott, L50, F|\n|poke|p2|Farigiraf, L50, F|\n|poke|p2|Incineroar, L50, M|\n|poke|p2|Torkoal, L50, F|\n|teampreview|4\n|inactive|Battle timer is ON: inactive players will automatically lose when time's up. (requested by rexoguns)\n|inactive|rexoguns has 60 seconds left.\n|inactive|Aylylek has 60 seconds left.\n|inactive|rexoguns has 30 seconds left.\n|\n|t:|1775895198\n|teamsize|p1|4\n|teamsize|p2|4\n|start\n|switch|p1a: Basculegion|Basculegion, L50, M|100/100\n|switch|p1b: Clefable|Clefable, L50, F|100/100\n|switch|p2a: Whimsicott|Whimsicott, L50, F, shiny|100/100\n|switch|p2b: Torkoal|Torkoal, L50, F|100/100\n|-weather|SunnyDay|[from] ability: Drought|[of] p2b: Torkoal\n|turn|1\n|inactive|Aylylek has 30 seconds left.\n|\n|t:|1775895226\n|switch|p2b: Venusaur|Venusaur, L50, M|100/100\n|move|p2a: Whimsicott|Tailwind|p2a: Whimsicott\n|-sidestart|p2: Aylylek|move: Tailwind\n|move|p1a: Basculegion|Flip Turn|p2b: Venusaur\n|-resisted|p2b: Venusaur|1\n|-damage|p2b: Venusaur|88/100\n|\n|t:|1775895238\n|switch|p1a: Delphox|Delphox, L50, M|100/100|[from] Flip Turn\n|move|p1b: Clefable|Moonblast|p2a: Whimsicott\n|-damage|p2a: Whimsicott|56/100\n|\n|-weather|SunnyDay|[upkeep]\n|upkeep\n|turn|2\n|inactive|Aylylek has 30 seconds left.\n|\n|t:|1775895271\n|switch|p2a: Torkoal|Torkoal, L50, F|100/100\n|detailschange|p1a: Delphox|Delphox-Mega, L50, M\n|-mega|p1a: Delphox|Delphox|Delphoxite\n|move|p1b: Clefable|Follow Me|p1b: Clefable\n|-singleturn|p1b: Clefable|move: Follow Me\n|move|p2b: Venusaur|Sludge Bomb|p1b: Clefable\n|-supereffective|p1b: Clefable|1\n|-damage|p1b: Clefable|16/100\n|-enditem|p1b: Clefable|Sitrus Berry|[eat]\n|-heal|p1b: Clefable|41/100|[from] item: Sitrus Berry\n|move|p1a: Delphox|Heat Wave|p2b: Venusaur|[spread] p2a,p2b\n|-resisted|p2a: Torkoal|1\n|-supereffective|p2b: Venusaur|1\n|-damage|p2a: Torkoal|58/100\n|-damage|p2b: Venusaur|0 fnt\n|faint|p2b: Venusaur\n|\n|-weather|SunnyDay|[upkeep]\n|upkeep\n|\n|t:|1775895286\n|switch|p2b: Charizard|Charizard, L50, M, shiny|100/100\n|turn|3\n|inactive|rexoguns has 30 seconds left.\n|inactive|rexoguns has 20 seconds left.\n|inactive|rexoguns has 15 seconds left.\n|\n|t:|1775895326\n|detailschange|p2b: Charizard|Charizard-Mega-Y, L50, M, shiny\n|-mega|p2b: Charizard|Charizard|Charizardite Y\n|move|p1a: Delphox|Protect|p1a: Delphox\n|-singleturn|p1a: Delphox|Protect\n|move|p1b: Clefable|Protect|p1b: Clefable\n|-singleturn|p1b: Clefable|Protect\n|move|p2b: Charizard|Air Slash|p1a: Delphox\n|-activate|p1a: Delphox|move: Protect\n|move|p2a: Torkoal|Eruption|p1a: Delphox|[spread] \n|-activate|p1a: Delphox|move: Protect\n|-activate|p1b: Clefable|move: Protect\n|\n|-weather|SunnyDay|[upkeep]\n|upkeep\n|turn|4\n|inactive|rexoguns has 30 seconds left.\n|\n|t:|1775895360\n|move|p1b: Clefable|Follow Me|p1b: Clefable\n|-singleturn|p1b: Clefable|move: Follow Me\n|move|p2b: Charizard|Air Slash|p1b: Clefable\n|-damage|p1b: Clefable|0 fnt\n|faint|p1b: Clefable\n|move|p1a: Delphox|Psychic|p2b: Charizard\n|-damage|p2b: Charizard|46/100\n|move|p2a: Torkoal|Eruption|p1a: Delphox\n|-resisted|p1a: Delphox|1\n|-damage|p1a: Delphox|68/100\n|\n|-weather|SunnyDay|[upkeep]\n|-sideend|p2: Aylylek|move: Tailwind\n|upkeep\n|\n|t:|1775895374\n|switch|p1b: Garchomp|Garchomp, L50, F|100/100\n|turn|5\n|\n|t:|1775895393\n|switch|p2a: Whimsicott|Whimsicott, L50, F, shiny|56/100\n|move|p1a: Delphox|Psychic|p2b: Charizard\n|-crit|p2b: Charizard\n|-damage|p2b: Charizard|0 fnt\n|faint|p2b: Charizard\n|move|p1b: Garchomp|Earthquake|p2a: Whimsicott|[spread] p2a\n|-immune|p1a: Delphox|[from] ability: Levitate\n|-resisted|p2a: Whimsicott|1\n|-damage|p2a: Whimsicott|28/100\n|\n|-weather|none\n|upkeep\n|\n|t:|1775895404\n|switch|p2b: Torkoal|Torkoal, L50, F|58/100\n|-weather|SunnyDay|[from] ability: Drought|[of] p2b: Torkoal\n|turn|6\n|\n|t:|1775895415\n|move|p1a: Delphox|Psychic|p2a: Whimsicott\n|-damage|p2a: Whimsicott|0 fnt\n|faint|p2a: Whimsicott\n|move|p1b: Garchomp|Earthquake|p2b: Torkoal|[spread] p2b\n|-immune|p1a: Delphox|[from] ability: Levitate\n|-supereffective|p2b: Torkoal|1\n|-damage|p2b: Torkoal|0 fnt\n|faint|p2b: Torkoal\n|\n|win|rexoguns\n|raw|rexoguns's rating: 1000 &rarr; <strong>1046</strong><br />(+46 for winning)\n|raw|Aylylek's rating: 1055 &rarr; <strong>1034</strong><br />(-21 for losing)\n|l|\u2606rexoguns\n|player|p1|\n",
  "uploadtime": 1775895488,
  "views": 18,
  "formatid": "gen9championsvgc2026regma",
  "rating": 1034,
  "private": 0,
  "password": null
}