{
  "id": "gen9championsvgc2026regma-2586987065",
  "format": "[Gen 9 Champions] VGC 2026 Reg M-A",
  "players": [
    "patas valentine",
    "Quetzal06"
  ],
  "log": "|j|\u2606patas valentine\n|j|\u2606Quetzal06\n|t:|1776478539\n|gametype|doubles\n|player|p1|patas valentine|flannery|1192\n|player|p2|Quetzal06|volkner|1150\n|gen|9\n|tier|[Gen 9 Champions] VGC 2026 Reg M-A\n|rated|\n|rule|Species Clause: Limit one of each Pok\u00e9mon\n|rule|Item Clause: Limit 1 of each item\n|clearpoke\n|poke|p1|Kommo-o, L50, M|\n|poke|p1|Incineroar, L50, F|\n|poke|p1|Gengar, L50, M|\n|poke|p1|Kingambit, L50, M|\n|poke|p1|Sinistcha, L50|\n|poke|p1|Tyranitar, L50, M|\n|poke|p2|Tyranitar, L50, M|\n|poke|p2|Excadrill, L50, M|\n|poke|p2|Corviknight, L50, F|\n|poke|p2|Sinistcha, L50|\n|poke|p2|Sneasler, L50, M|\n|poke|p2|Rotom-Wash, L50|\n|teampreview|4\n|inactive|Battle timer is ON: inactive players will automatically lose when time's up. (requested by patas valentine)\n|inactive|Quetzal06 has 60 seconds left.\n|\n|t:|1776478614\n|teamsize|p1|4\n|teamsize|p2|4\n|start\n|switch|p1a: Incineroar|Incineroar, L50, F|100/100\n|switch|p1b: Gengar|Gengar, L50, M|100/100\n|switch|p2a: Gojira|Tyranitar, L50, M|100/100\n|switch|p2b: Surge|Rotom-Wash, L50, shiny|100/100\n|-weather|Sandstorm|[from] ability: Sand Stream|[of] p2a: Gojira\n|-ability|p1a: Incineroar|Intimidate|boost\n|-unboost|p2a: Gojira|atk|1\n|-unboost|p2b: Surge|atk|1\n|turn|1\n|inactive|patas valentine has 30 seconds left.\n|inactive|Quetzal06 has 30 seconds left.\n|\n|t:|1776478647\n|detailschange|p1b: Gengar|Gengar-Mega, L50, M\n|-mega|p1b: Gengar|Gengar|Gengarite\n|detailschange|p2a: Gojira|Tyranitar-Mega, L50, M\n|-mega|p2a: Gojira|Tyranitar|Tyranitarite\n|move|p1b: Gengar|Protect|p1b: Gengar\n|-singleturn|p1b: Gengar|Protect\n|move|p1a: Incineroar|Fake Out|p2a: Gojira\n|-resisted|p2a: Gojira|1\n|-damage|p2a: Gojira|97/100\n|move|p2b: Surge|Trick|p1a: Incineroar\n|-activate|p2b: Surge|move: Trick|[of] p1a: Incineroar\n|-item|p1a: Incineroar|Choice Scarf|[from] move: Trick\n|-item|p2b: Surge|Shuca Berry|[from] move: Trick\n|cant|p2a: Gojira|flinch\n|\n|-weather|Sandstorm|[upkeep]\n|-damage|p1b: Gengar|95/100|[from] Sandstorm\n|-damage|p1a: Incineroar|95/100|[from] Sandstorm\n|-damage|p2b: Surge|95/100|[from] Sandstorm\n|upkeep\n|turn|2\n|inactive|patas valentine has 30 seconds left.\n|inactive|Quetzal06 has 30 seconds left.\n|inactive|patas valentine has 20 seconds left.\n|\n|t:|1776478684\n|move|p1b: Gengar|Substitute|p1b: Gengar\n|-start|p1b: Gengar|Substitute\n|-damage|p1b: Gengar|70/100\n|move|p1a: Incineroar|Parting Shot|p2a: Gojira\n|-unboost|p2a: Gojira|atk|1\n|-unboost|p2a: Gojira|spa|1\n|\n|t:|1776478692\n|switch|p1a: Sinistcha|Sinistcha, L50|100/100|[from] Parting Shot\n|-heal|p1b: Gengar|95/100|[from] ability: Hospitality|[of] p1a: Sinistcha\n|move|p2b: Surge|Thunderbolt|p1b: Gengar\n|-end|p1b: Gengar|Substitute\n|move|p2a: Gojira|Earthquake|p1a: Sinistcha|[spread] p1a,p1b\n|-immune|p2b: Surge|[from] ability: Levitate\n|-resisted|p1a: Sinistcha|1\n|-supereffective|p1b: Gengar|1\n|-damage|p1a: Sinistcha|93/100\n|-damage|p1b: Gengar|54/100\n|\n|-weather|Sandstorm|[upkeep]\n|-damage|p1b: Gengar|48/100|[from] Sandstorm\n|-damage|p2b: Surge|89/100|[from] Sandstorm\n|-damage|p1a: Sinistcha|87/100|[from] Sandstorm\n|upkeep\n|turn|3\n|inactive|Quetzal06 has 30 seconds left.\n|\n|t:|1776478726\n|switch|p1b: Incineroar|Incineroar, L50, F|95/100\n|-ability|p1b: Incineroar|Intimidate|boost\n|-unboost|p2a: Gojira|atk|1\n|-unboost|p2b: Surge|atk|1\n|move|p2b: Surge|Thunderbolt|p1b: Incineroar\n|-damage|p1b: Incineroar|68/100\n|move|p1a: Sinistcha|Matcha Gotcha|p2b: Surge|[spread] p2a,p2b\n|-supereffective|p2a: Gojira|1\n|-supereffective|p2b: Surge|1\n|-damage|p2a: Gojira|68/100\n|-heal|p1a: Sinistcha|100/100|[from] drain|[of] p2a: Gojira\n|-damage|p2b: Surge|39/100\n|move|p2a: Gojira|Crunch|p1b: Incineroar\n|-resisted|p1b: Incineroar|1\n|-damage|p1b: Incineroar|58/100\n|\n|-weather|Sandstorm|[upkeep]\n|-damage|p1b: Incineroar|52/100|[from] Sandstorm\n|-damage|p2b: Surge|33/100|[from] Sandstorm\n|-damage|p1a: Sinistcha|94/100|[from] Sandstorm\n|upkeep\n|turn|4\n|inactive|Quetzal06 has 30 seconds left.\n|\n|t:|1776478752\n|switch|p2b: Dreadwing|Corviknight, L50, F, shiny|100/100\n|switch|p2a: Grudge|Sinistcha, L50|100/100\n|move|p1b: Incineroar|Fake Out|p2b: Dreadwing\n|-resisted|p2b: Dreadwing|1\n|-damage|p2b: Dreadwing|98/100\n|move|p1a: Sinistcha|Matcha Gotcha|p2b: Dreadwing|[spread] p2b\n|-miss|p1a: Sinistcha|p2a: Grudge\n|-resisted|p2b: Dreadwing|2\n|-damage|p2b: Dreadwing|91/100\n|-heal|p1a: Sinistcha|98/100|[from] drain|[of] p2b: Dreadwing\n|\n|-weather|Sandstorm|[upkeep]\n|-damage|p1b: Incineroar|46/100|[from] Sandstorm\n|-damage|p1a: Sinistcha|92/100|[from] Sandstorm\n|-damage|p2a: Grudge|94/100|[from] Sandstorm\n|-heal|p2b: Dreadwing|97/100|[from] item: Leftovers\n|upkeep\n|turn|5\n|inactive|patas valentine has 30 seconds left.\n|inactive|Quetzal06 has 30 seconds left.\n|\n|t:|1776478782\n|switch|p1b: Kingambit|Kingambit, L50, M|100/100\n|move|p1a: Sinistcha|Protect|p1a: Sinistcha\n|-singleturn|p1a: Sinistcha|Protect\n|move|p2a: Grudge|Protect|p2a: Grudge\n|-singleturn|p2a: Grudge|Protect\n|move|p2b: Dreadwing|Tailwind|p2b: Dreadwing\n|-sidestart|p2: Quetzal06|move: Tailwind\n|\n|-weather|none\n|-heal|p2b: Dreadwing|100/100|[from] item: Leftovers\n|upkeep\n|turn|6\n|inactive|Quetzal06 has 30 seconds left.\n|inactive|Quetzal06 has 20 seconds left.\n|inactive|Quetzal06 has 15 seconds left.\n|inactive|Quetzal06 has 10 seconds left.\n|inactive|Quetzal06 has 5 seconds left.\n|\n|t:|1776478837\n|switch|p1a: Incineroar|Incineroar, L50, F|46/100\n|-ability|p1a: Incineroar|Intimidate|boost\n|-unboost|p2a: Grudge|atk|1\n|-ability|p2b: Dreadwing|Mirror Armor\n|-unboost|p1a: Incineroar|atk|1\n|move|p1b: Kingambit|Sucker Punch|p2a: Grudge\n|-supereffective|p2a: Grudge|1\n|-damage|p2a: Grudge|30/100\n|-enditem|p2a: Grudge|Sitrus Berry|[eat]\n|-heal|p2a: Grudge|55/100|[from] item: Sitrus Berry\n|move|p2a: Grudge|Matcha Gotcha|p1a: Incineroar|[spread] p1b\n|-miss|p2a: Grudge|p1a: Incineroar\n|-resisted|p1b: Kingambit|1\n|-damage|p1b: Kingambit|87/100\n|-heal|p2a: Grudge|63/100|[from] drain|[of] p1b: Kingambit\n|move|p2b: Dreadwing|Brave Bird|p1a: Incineroar\n|-damage|p1a: Incineroar|14/100\n|-damage|p2b: Dreadwing|90/100|[from] Recoil\n|\n|-heal|p2b: Dreadwing|96/100|[from] item: Leftovers\n|upkeep\n|turn|7\n|inactive|Quetzal06 has 30 seconds left.\n|\n|t:|1776478868\n|switch|p2a: Gojira|Tyranitar-Mega, L50, M|68/100\n|-weather|Sandstorm|[from] ability: Sand Stream|[of] p2a: Gojira\n|move|p2b: Dreadwing|Body Press|p1b: Kingambit\n|-supereffective|p1b: Kingambit|2\n|-enditem|p1b: Kingambit|Chople Berry|[eat]\n|-enditem|p1b: Kingambit|Chople Berry|[weaken]\n|-damage|p1b: Kingambit|51/100\n|move|p1a: Incineroar|Parting Shot|p2b: Dreadwing\n|-ability|p2b: Dreadwing|Mirror Armor\n|-unboost|p1a: Incineroar|atk|1\n|-ability|p2b: Dreadwing|Mirror Armor\n|-unboost|p1a: Incineroar|spa|1\n|\n|t:|1776478881\n|switch|p1a: Sinistcha|Sinistcha, L50|92/100|[from] Parting Shot\n|-heal|p1b: Kingambit|75/100|[from] ability: Hospitality|[of] p1a: Sinistcha\n|move|p1b: Kingambit|Iron Head|p2a: Gojira\n|-supereffective|p2a: Gojira|1\n|-damage|p2a: Gojira|7/100\n|\n|-weather|Sandstorm|[upkeep]\n|-damage|p1a: Sinistcha|86/100|[from] Sandstorm\n|-heal|p2b: Dreadwing|100/100|[from] item: Leftovers\n|upkeep\n|turn|8\n|inactive|Quetzal06 has 30 seconds left.\n|inactive|Quetzal06 has 20 seconds left.\n|inactive|Quetzal06 has 15 seconds left.\n|inactive|Quetzal06 has 10 seconds left.\n|\n|t:|1776478931\n|switch|p2b: Grudge|Sinistcha, L50|63/100\n|-heal|p2a: Gojira|31/100|[from] ability: Hospitality|[of] p2b: Grudge\n|move|p2a: Gojira|Protect|p2a: Gojira\n|-singleturn|p2a: Gojira|Protect\n|move|p1b: Kingambit|Sucker Punch||[still]\n|-fail|p1b: Kingambit\n|move|p1a: Sinistcha|Life Dew|p1a: Sinistcha|[spread] p1a,p1b\n|-heal|p1a: Sinistcha|100/100\n|-heal|p1b: Kingambit|100/100\n|\n|-weather|Sandstorm|[upkeep]\n|-damage|p2b: Grudge|57/100|[from] Sandstorm\n|-damage|p1a: Sinistcha|94/100|[from] Sandstorm\n|-sideend|p2: Quetzal06|move: Tailwind\n|upkeep\n|turn|9\n|\n|t:|1776478955\n|move|p1b: Kingambit|Sucker Punch|p2a: Gojira\n|-resisted|p2a: Gojira|1\n|-damage|p2a: Gojira|18/100\n|move|p1a: Sinistcha|Matcha Gotcha|p2a: Gojira|[spread] p2b\n|-miss|p1a: Sinistcha|p2a: Gojira\n|-resisted|p2b: Grudge|1\n|-damage|p2b: Grudge|45/100\n|-heal|p1a: Sinistcha|100/100|[from] drain|[of] p2b: Grudge\n|move|p2a: Gojira|Crunch|p1a: Sinistcha\n|-supereffective|p1a: Sinistcha|1\n|-damage|p1a: Sinistcha|11/100\n|-enditem|p1a: Sinistcha|Sitrus Berry|[eat]\n|-heal|p1a: Sinistcha|36/100|[from] item: Sitrus Berry\n|move|p2b: Grudge|Matcha Gotcha|p1a: Sinistcha|[spread] p1a,p1b\n|-resisted|p1a: Sinistcha|1\n|-resisted|p1b: Kingambit|1\n|-damage|p1a: Sinistcha|25/100\n|-heal|p2b: Grudge|50/100|[from] drain|[of] p1a: Sinistcha\n|-damage|p1b: Kingambit|88/100\n|-heal|p2b: Grudge|58/100|[from] drain|[of] p1b: Kingambit\n|-status|p1a: Sinistcha|brn\n|\n|-weather|Sandstorm|[upkeep]\n|-damage|p1a: Sinistcha|19/100 brn|[from] Sandstorm\n|-damage|p2b: Grudge|52/100|[from] Sandstorm\n|-damage|p1a: Sinistcha|13/100 brn|[from] brn\n|upkeep\n|turn|10\n|inactive|patas valentine has 30 seconds left.\n|inactive|Quetzal06 has 30 seconds left.\n|inactive|Quetzal06 has 20 seconds left.\n|inactive|Quetzal06 has 15 seconds left.\n|inactive|Quetzal06 has 10 seconds left.\n|\n|t:|1776479002\n|switch|p2a: Dreadwing|Corviknight, L50, F, shiny|100/100\n|switch|p1a: Incineroar|Incineroar, L50, F|14/100\n|-ability|p1a: Incineroar|Intimidate|boost\n|-ability|p2a: Dreadwing|Mirror Armor\n|-unboost|p1a: Incineroar|atk|1\n|-unboost|p2b: Grudge|atk|1\n|move|p2b: Grudge|Protect|p2b: Grudge\n|-singleturn|p2b: Grudge|Protect\n|move|p1b: Kingambit|Iron Head|p2a: Dreadwing\n|-resisted|p2a: Dreadwing|1\n|-damage|p2a: Dreadwing|86/100\n|\n|-weather|Sandstorm|[upkeep]\n|-damage|p1a: Incineroar|8/100|[from] Sandstorm\n|-damage|p2b: Grudge|45/100|[from] Sandstorm\n|-heal|p2a: Dreadwing|92/100|[from] item: Leftovers\n|upkeep\n|turn|11\n|inactive|patas valentine has 30 seconds left.\n|inactive|Quetzal06 has 30 seconds left.\n|inactive|patas valentine has 20 seconds left.\n|inactive|patas valentine has 15 seconds left.\n|\n|t:|1776479044\n|move|p1b: Kingambit|Sucker Punch||[still]\n|-fail|p1b: Kingambit\n|move|p1a: Incineroar|Throat Chop|p2b: Grudge\n|-supereffective|p2b: Grudge|1\n|-damage|p2b: Grudge|11/100\n|-start|p2b: Grudge|Throat Chop|[silent]\n|move|p2b: Grudge|Strength Sap|p1a: Incineroar\n|-unboost|p1a: Incineroar|atk|1\n|-heal|p2b: Grudge|61/100\n|move|p2a: Dreadwing|Tailwind|p2a: Dreadwing\n|-sidestart|p2: Quetzal06|move: Tailwind\n|\n|-weather|none\n|-heal|p2a: Dreadwing|98/100|[from] item: Leftovers\n|upkeep\n|turn|12\n|\n|t:|1776479065\n|switch|p1a: Sinistcha|Sinistcha, L50|13/100 brn\n|-heal|p1b: Kingambit|100/100|[from] ability: Hospitality|[of] p1a: Sinistcha\n|move|p2b: Grudge|Matcha Gotcha|p1a: Sinistcha|[spread] p1a,p1b\n|-resisted|p1a: Sinistcha|1\n|-resisted|p1b: Kingambit|1\n|-damage|p1a: Sinistcha|1/100 brn\n|-heal|p2b: Grudge|67/100|[from] drain|[of] p1a: Sinistcha\n|-damage|p1b: Kingambit|88/100\n|-heal|p2b: Grudge|75/100|[from] drain|[of] p1b: Kingambit\n|move|p2a: Dreadwing|Body Press|p1b: Kingambit\n|-supereffective|p1b: Kingambit|2\n|-damage|p1b: Kingambit|13/100\n|move|p1b: Kingambit|Low Kick|p2a: Dreadwing\n|-damage|p2a: Dreadwing|77/100\n|\n|-heal|p2a: Dreadwing|83/100|[from] item: Leftovers\n|-damage|p1a: Sinistcha|0 fnt|[from] brn\n|faint|p1a: Sinistcha\n|-end|p2b: Grudge|Throat Chop|[silent]\n|upkeep\n|\n|t:|1776479080\n|switch|p1a: Gengar|Gengar-Mega, L50, M|48/100\n|turn|13\n|\n|t:|1776479097\n|move|p2b: Grudge|Protect|p2b: Grudge\n|-singleturn|p2b: Grudge|Protect\n|move|p1b: Kingambit|Sucker Punch|p2a: Dreadwing\n|-crit|p2a: Dreadwing\n|-damage|p2a: Dreadwing|47/100\n|move|p1a: Gengar|Shadow Ball|p2a: Dreadwing\n|-damage|p2a: Dreadwing|3/100\n|move|p2a: Dreadwing|Body Press|p1b: Kingambit\n|-supereffective|p1b: Kingambit|2\n|-damage|p1b: Kingambit|0 fnt\n|faint|p1b: Kingambit\n|\n|-heal|p2a: Dreadwing|9/100|[from] item: Leftovers\n|upkeep\n|c|\u2606patas valentine|gg\n|-message|patas valentine forfeited.\n|\n|win|Quetzal06\n|raw|patas valentine's rating: 1192 &rarr; <strong>1164</strong><br />(-28 for losing)\n|raw|Quetzal06's rating: 1150 &rarr; <strong>1178</strong><br />(+28 for winning)\n|l|\u2606patas valentine\n|player|p1|\n",
  "uploadtime": 1776479126,
  "views": 18,
  "formatid": "gen9championsvgc2026regma",
  "rating": 1164,
  "private": 0,
  "password": null
}