{
  "id": "gen9championsvgc2026regma-2581633369",
  "format": "[Gen 9 Champions] VGC 2026 Reg M-A",
  "players": [
    "StormCaller13",
    "BillaBimp"
  ],
  "log": "|j|\u2606StormCaller13\n|j|\u203dBillaBimp\n|t:|1776016690\n|gametype|doubles\n|player|p1|StormCaller13|crasherwake|1131\n|player|p2|BillaBimp|169|1113\n|gen|9\n|tier|[Gen 9 Champions] VGC 2026 Reg M-A\n|rated|\n|rule|Species Clause: Limit one of each Pok\u00e9mon\n|rule|Item Clause: Limit 1 of each item\n|clearpoke\n|poke|p1|Charizard, L50, F|\n|poke|p1|Venusaur, L50, F|\n|poke|p1|Garchomp, L50, F|\n|poke|p1|Rotom-Wash, L50|\n|poke|p1|Sneasler, L50, F|\n|poke|p1|Incineroar, L50, F|\n|poke|p2|Typhlosion-Hisui, L50, M|\n|poke|p2|Whimsicott, L50, F|\n|poke|p2|Incineroar, L50, M|\n|poke|p2|Sneasler, L50, F|\n|poke|p2|Palafin, L50, M|\n|poke|p2|Meganium, L50, M|\n|teampreview|4\nStormCaller13 rejected open team sheets.\n|\n|t:|1776016719\n|teamsize|p1|4\n|teamsize|p2|4\n|start\n|switch|p1a: Charizard|Charizard, L50, F|100/100\n|switch|p1b: Venusaur|Venusaur, L50, F|100/100\n|switch|p2a: Whimsicott|Whimsicott, L50, F|100/100\n|switch|p2b: Sneasler|Sneasler, L50, F|100/100\n|turn|1\n|inactive|Battle timer is ON: inactive players will automatically lose when time's up. (requested by StormCaller13)\n|\n|t:|1776016734\n|move|p1a: Charizard|Protect|p1a: Charizard\n|-singleturn|p1a: Charizard|Protect\n|move|p2a: Whimsicott|Tailwind|p2a: Whimsicott\n|-sidestart|p2: BillaBimp|move: Tailwind\n|move|p2b: Sneasler|Rock Slide|p1b: Venusaur|[spread] p1b\n|-activate|p1a: Charizard|move: Protect\n|-damage|p1b: Venusaur|72/100\n|move|p1b: Venusaur|Sludge Bomb|p2a: Whimsicott\n|-supereffective|p2a: Whimsicott|2\n|-damage|p2a: Whimsicott|0 fnt\n|faint|p2a: Whimsicott\n|\n|upkeep\n|\n|t:|1776016747\n|switch|p2a: Meganium|Meganium, L50, M|100/100\n|turn|2\n|\n|t:|1776016762\n|switch|p1a: Incineroar|Incineroar, L50, F|100/100\n|-ability|p1a: Incineroar|Intimidate|boost\n|-unboost|p2a: Meganium|atk|1\n|-unboost|p2b: Sneasler|atk|1\n|move|p2a: Meganium|Protect|p2a: Meganium\n|-singleturn|p2a: Meganium|Protect\n|move|p1b: Venusaur|Protect|p1b: Venusaur\n|-singleturn|p1b: Venusaur|Protect\n|move|p2b: Sneasler|Rock Slide|p1b: Venusaur|[spread] p1a\n|-activate|p1b: Venusaur|move: Protect\n|-supereffective|p1a: Incineroar|1\n|-damage|p1a: Incineroar|75/100\n|\n|upkeep\n|turn|3\n|\n|t:|1776016779\n|switch|p2a: Incineroar|Incineroar, L50, M|100/100\n|-ability|p2a: Incineroar|Intimidate|boost\n|-unboost|p1a: Incineroar|atk|1\n|-unboost|p1b: Venusaur|atk|1\n|move|p1a: Incineroar|Fake Out|p2a: Incineroar\n|-damage|p2a: Incineroar|93/100\n|move|p2b: Sneasler|Close Combat|p1a: Incineroar\n|-supereffective|p1a: Incineroar|1\n|-damage|p1a: Incineroar|0 fnt\n|-unboost|p2b: Sneasler|def|1\n|-unboost|p2b: Sneasler|spd|1\n|faint|p1a: Incineroar\n|move|p1b: Venusaur|Sludge Bomb|p2a: Incineroar\n|-damage|p2a: Incineroar|49/100\n|\n|upkeep\n|\n|t:|1776016794\n|switch|p1a: Charizard|Charizard, L50, F|100/100\n|turn|4\n|\n|t:|1776016804\n|move|p1a: Charizard|Protect|p1a: Charizard\n|-singleturn|p1a: Charizard|Protect\n|move|p1b: Venusaur|Protect|p1b: Venusaur\n|-singleturn|p1b: Venusaur|Protect\n|move|p2a: Incineroar|Fake Out|p1a: Charizard\n|-activate|p1a: Charizard|move: Protect\n|move|p2b: Sneasler|Rock Slide|p1a: Charizard|[spread] \n|-activate|p1a: Charizard|move: Protect\n|-activate|p1b: Venusaur|move: Protect\n|\n|-sideend|p2: BillaBimp|move: Tailwind\n|upkeep\n|turn|5\n|\n|t:|1776016821\n|detailschange|p1a: Charizard|Charizard-Mega-Y, L50, F\n|-mega|p1a: Charizard|Charizard|Charizardite Y\n|-weather|SunnyDay|[from] ability: Drought|[of] p1a: Charizard\n|move|p1b: Venusaur|Sleep Powder|p2b: Sneasler|[miss]\n|-miss|p1b: Venusaur|p2b: Sneasler\n|move|p2b: Sneasler|Rock Slide|p1b: Venusaur|[spread] p1a,p1b\n|-supereffective|p1a: Charizard|2\n|-damage|p1a: Charizard|23/100\n|-damage|p1b: Venusaur|54/100\n|move|p1a: Charizard|Weather Ball|p2a: Incineroar\n|-resisted|p2a: Incineroar|1\n|-damage|p2a: Incineroar|3/100\n|move|p2a: Incineroar|Flare Blitz|p1b: Venusaur\n|-supereffective|p1b: Venusaur|1\n|-damage|p1b: Venusaur|0 fnt\n|faint|p1b: Venusaur\n|-damage|p2a: Incineroar|0 fnt|[from] Recoil\n|faint|p2a: Incineroar\n|\n|-weather|SunnyDay|[upkeep]\n|upkeep\n|\n|t:|1776016838\n|switch|p1b: Rotom|Rotom-Wash, L50|100/100\n|switch|p2a: Meganium|Meganium, L50, M|100/100\n|turn|6\n|\n|t:|1776016844\n|detailschange|p2a: Meganium|Meganium-Mega, L50, M\n|-mega|p2a: Meganium|Meganium|Meganiumite\n|move|p1a: Charizard|Protect|p1a: Charizard\n|-singleturn|p1a: Charizard|Protect\n|move|p2a: Meganium|Protect|p2a: Meganium\n|-singleturn|p2a: Meganium|Protect\n|move|p2b: Sneasler|Rock Slide|p1b: Rotom|[spread] p1b\n|-activate|p1a: Charizard|move: Protect\n|-damage|p1b: Rotom|88/100\n|move|p1b: Rotom|Thunderbolt|p2b: Sneasler\n|-damage|p2b: Sneasler|23/100\n|\n|-weather|SunnyDay|[upkeep]\n|-heal|p1b: Rotom|93/100|[from] item: Leftovers\n|upkeep\n|turn|7\n|\n|t:|1776016862\n|move|p1a: Charizard|Protect||[still]\n|-fail|p1a: Charizard\n|move|p2b: Sneasler|Rock Slide|p1b: Rotom|[spread] p1a,p1b\n|-supereffective|p1a: Charizard|2\n|-damage|p1a: Charizard|0 fnt\n|-damage|p1b: Rotom|81/100\n|faint|p1a: Charizard\n|move|p1b: Rotom|Thunderbolt|p2b: Sneasler\n|-damage|p2b: Sneasler|0 fnt\n|faint|p2b: Sneasler\n|move|p2a: Meganium|Solar Beam||[still]\n|-prepare|p2a: Meganium|Solar Beam\n|-anim|p2a: Meganium|Solar Beam|p1b: Rotom\n|-supereffective|p1b: Rotom|1\n|-damage|p1b: Rotom|0 fnt\n|faint|p1b: Rotom\n|\n|win|BillaBimp\n|raw|StormCaller13's rating: 1131 &rarr; <strong>1105</strong><br />(-26 for losing)\n|raw|BillaBimp's rating: 1113 &rarr; <strong>1139</strong><br />(+26 for winning)\n|l|\u2606StormCaller13\n|player|p1|\n",
  "uploadtime": 1776016891,
  "views": 28,
  "formatid": "gen9championsvgc2026regma",
  "rating": 1105,
  "private": 0,
  "password": null
}