{
  "id": "gen9championsvgc2026regma-2588231917",
  "format": "[Gen 9 Champions] VGC 2026 Reg M-A",
  "players": [
    "roipro",
    "ballafjong"
  ],
  "log": "|j|\u2606roipro\n|j|\u2606ballafjong\n|t:|1776616520\n|gametype|doubles\n|player|p1|roipro|266|1248\n|player|p2|ballafjong|169|1179\n|gen|9\n|tier|[Gen 9 Champions] VGC 2026 Reg M-A\n|rated|\n|rule|Species Clause: Limit one of each Pok\u00e9mon\n|rule|Item Clause: Limit 1 of each item\n|clearpoke\n|poke|p1|Floette-Eternal, L50, F|\n|poke|p1|Aerodactyl, L50, F|\n|poke|p1|Incineroar, L50, F|\n|poke|p1|Garchomp, L50, F|\n|poke|p1|Charizard, L50, F, shiny|\n|poke|p1|Venusaur, L50, M|\n|poke|p2|Torkoal, L50, F|\n|poke|p2|Sableye, L50, M|\n|poke|p2|Farigiraf, L50, M, shiny|\n|poke|p2|Charizard, L50, M|\n|poke|p2|Volcarona, L50, F|\n|poke|p2|Incineroar, L50, F|\n|teampreview|4\n|\n|t:|1776616551\n|teamsize|p1|4\n|teamsize|p2|4\n|start\n|switch|p1a: Floette|Floette-Eternal, L50, F|100/100\n|switch|p1b: Womp|Garchomp, L50, F|100/100\n|switch|p2a: Ix|Charizard, L50, M|100/100\n|switch|p2b: Salusa|Incineroar, L50, F|100/100\n|-ability|p2b: Salusa|Intimidate|boost\n|-unboost|p1a: Floette|atk|1\n|-unboost|p1b: Womp|atk|1\n|turn|1\n|\n|t:|1776616573\n|detailschange|p1a: Floette|Floette-Mega, L50, F\n|-mega|p1a: Floette|Floette|Floettite\n|-ability|p1a: Floette|Fairy Aura\n|move|p2b: Salusa|Fake Out|p1b: Womp\n|-damage|p1b: Womp|90/100\n|-damage|p2b: Salusa|88/100|[from] ability: Rough Skin|[of] p1b: Womp\n|cant|p1b: Womp|flinch\n|move|p2a: Ix|Dragon Dance|p2a: Ix\n|-boost|p2a: Ix|atk|1\n|-boost|p2a: Ix|spe|1\n|move|p1a: Floette|Light of Ruin|p2b: Salusa\n|-damage|p2b: Salusa|0 fnt\n|faint|p2b: Salusa\n|-damage|p1a: Floette|53/100|[from] Recoil\n|\n|upkeep\n|\n|t:|1776616588\n|switch|p2b: Caladan|Volcarona, L50, F|100/100\n|turn|2\n|\n|t:|1776616594\n|detailschange|p2a: Ix|Charizard-Mega-X, L50, M\n|-mega|p2a: Ix|Charizard|Charizardite X\n|move|p1a: Floette|Protect|p1a: Floette\n|-singleturn|p1a: Floette|Protect\n|move|p2b: Caladan|Rage Powder|p2b: Caladan\n|-singleturn|p2b: Caladan|move: Rage Powder\n|move|p2a: Ix|Dragon Claw|p1b: Womp\n|-supereffective|p1b: Womp|1\n|-damage|p1b: Womp|0 fnt\n|-damage|p2a: Ix|88/100|[from] ability: Rough Skin|[of] p1b: Womp\n|faint|p1b: Womp\n|\n|upkeep\n|\n|t:|1776616605\n|switch|p1b: Incineroar|Incineroar, L50, F|100/100\n|-ability|p1b: Incineroar|Intimidate|boost\n|-unboost|p2a: Ix|atk|1\n|-unboost|p2b: Caladan|atk|1\n|turn|3\n|\n|t:|1776616614\n|switch|p2b: Kaitain|Farigiraf, L50, M, shiny|100/100\n|move|p1b: Incineroar|Fake Out||[still]\n|cant|p2b: Kaitain|ability: Armor Tail|Fake Out|[of] p1b: Incineroar\n|move|p2a: Ix|Fire Punch|p1a: Floette\n|-damage|p1a: Floette|0 fnt\n|faint|p1a: Floette\n|\n|upkeep\n|c|\u2606roipro|gg\n|\n|t:|1776616625\n|switch|p1a: Aerodactyl|Aerodactyl, L50, F|100/100\n|-ability|p1a: Aerodactyl|Unnerve\n|turn|4\n|c|\u2606ballafjong|ggs\n|\n|t:|1776616634\n|move|p2a: Ix|Thunder Punch|p1a: Aerodactyl\n|-supereffective|p1a: Aerodactyl|1\n|-damage|p1a: Aerodactyl|5/100\n|move|p1a: Aerodactyl|Rock Slide|p2a: Ix|[spread] p2a,p2b\n|-supereffective|p2a: Ix|1\n|-damage|p2a: Ix|39/100\n|-damage|p2b: Kaitain|75/100\n|move|p1b: Incineroar|Parting Shot|p2a: Ix\n|-unboost|p2a: Ix|atk|1\n|-unboost|p2a: Ix|spa|1\n|move|p2b: Kaitain|Hyper Voice|p1b: Incineroar|[spread] p1a,p1b\n|-resisted|p1a: Aerodactyl|1\n|-damage|p1a: Aerodactyl|0 fnt\n|-damage|p1b: Incineroar|73/100\n|faint|p1a: Aerodactyl\n|\n|upkeep\n|turn|5\n|\n|t:|1776616651\n|move|p2a: Ix|Dragon Claw|p1b: Incineroar\n|-damage|p1b: Incineroar|44/100\n|-enditem|p1b: Incineroar|Sitrus Berry|[eat]\n|-heal|p1b: Incineroar|68/100|[from] item: Sitrus Berry\n|move|p1b: Incineroar|Throat Chop|p2a: Ix\n|-damage|p2a: Ix|8/100\n|-start|p2a: Ix|Throat Chop|[silent]\n|move|p2b: Kaitain|Hyper Voice|p1b: Incineroar\n|-damage|p1b: Incineroar|34/100\n|\n|upkeep\n|turn|6\n|\n|t:|1776616663\n|move|p2a: Ix|Dragon Claw|p1b: Incineroar\n|-damage|p1b: Incineroar|5/100\n|move|p1b: Incineroar|Throat Chop|p2b: Kaitain\n|-supereffective|p2b: Kaitain|1\n|-damage|p2b: Kaitain|13/100\n|-start|p2b: Kaitain|Throat Chop|[silent]\n|cant|p2b: Kaitain|move: Throat Chop\n|\n|-end|p2a: Ix|Throat Chop|[silent]\n|upkeep\n|turn|7\n|\n|t:|1776616673\n|move|p2b: Kaitain|Protect|p2b: Kaitain\n|-singleturn|p2b: Kaitain|Protect\n|move|p2a: Ix|Dragon Claw|p1b: Incineroar\n|-damage|p1b: Incineroar|0 fnt\n|faint|p1b: Incineroar\n|\n|win|ballafjong\n|raw|roipro's rating: 1248 &rarr; <strong>1218</strong><br />(-30 for losing)\n|raw|ballafjong's rating: 1179 &rarr; <strong>1209</strong><br />(+30 for winning)\n",
  "uploadtime": 1776616676,
  "views": 14,
  "formatid": "gen9championsvgc2026regma",
  "rating": 1209,
  "private": 0,
  "password": null
}