{
  "id": "gen9championsvgc2026regma-2584858637",
  "format": "[Gen 9 Champions] VGC 2026 Reg M-A",
  "players": [
    "Squirtle Soldier",
    "BxnnyBride"
  ],
  "log": "|j|\u2606Squirtle Soldier\n|j|\u2606BxnnyBride\n|t:|1776289245\n|gametype|doubles\n|player|p1|Squirtle Soldier|2|1143\n|player|p2|BxnnyBride|1|1069\n|gen|9\n|tier|[Gen 9 Champions] VGC 2026 Reg M-A\n|rated|\n|rule|Species Clause: Limit one of each Pok\u00e9mon\n|rule|Item Clause: Limit 1 of each item\n|clearpoke\n|poke|p1|Excadrill, L50, M|\n|poke|p1|Basculegion-F, L50, F|\n|poke|p1|Farigiraf, L50, F|\n|poke|p1|Meowscarada, L50, M|\n|poke|p1|Talonflame, L50, F|\n|poke|p1|Sneasler, L50, M|\n|poke|p2|Lopunny, L50, F|\n|poke|p2|Tinkaton, L50, F|\n|poke|p2|Dragonite, L50, M|\n|poke|p2|Goodra, L50, F|\n|poke|p2|Typhlosion-Hisui, L50, F|\n|poke|p2|Samurott-Hisui, L50, M|\n|teampreview|4\n|inactive|Battle timer is ON: inactive players will automatically lose when time's up. (requested by Squirtle Soldier)\n|inactive|Squirtle Soldier has 60 seconds left.\n|inactive|BxnnyBride has 60 seconds left.\n|inactive|Squirtle Soldier has 30 seconds left.\n|inactive|Squirtle Soldier has 20 seconds left.\n|inactive|Squirtle Soldier has 15 seconds left.\n|inactive|Squirtle Soldier has 10 seconds left.\n|\n|t:|1776289330\n|teamsize|p1|4\n|teamsize|p2|4\n|start\n|switch|p1a: Meowscarada|Meowscarada, L50, M|100/100\n|switch|p1b: Basculegion|Basculegion-F, L50, F|100/100\n|switch|p2a: Typhlosion|Typhlosion-Hisui, L50, F, shiny|100/100\n|switch|p2b: Tinkaton|Tinkaton, L50, F|100/100\n|-item|p1a: Meowscarada|Focus Sash|[from] ability: Frisk|[of] p2a: Typhlosion\n|-item|p1b: Basculegion|Choice Scarf|[from] ability: Frisk|[of] p2a: Typhlosion\n|turn|1\n|inactive|BxnnyBride has 30 seconds left.\n|inactive|BxnnyBride has 20 seconds left.\n|\n|t:|1776289366\n|switch|p1a: Farigiraf|Farigiraf, L50, F|100/100\n|move|p2a: Typhlosion|Rock Slide|p1b: Basculegion|[spread] p1a,p1b\n|-damage|p1a: Farigiraf|89/100\n|-damage|p1b: Basculegion|82/100\n|move|p1b: Basculegion|Muddy Water|p2b: Tinkaton|[spread] p2a\n|-miss|p1b: Basculegion|p2b: Tinkaton\n|-supereffective|p2a: Typhlosion|1\n|-damage|p2a: Typhlosion|0 fnt\n|faint|p2a: Typhlosion\n|move|p2b: Tinkaton|Thunder Wave|p1a: Farigiraf\n|-status|p1a: Farigiraf|par\n|\n|-heal|p1a: Farigiraf|95/100 par|[from] item: Leftovers\n|upkeep\n|\n|t:|1776289379\n|switch|p2a: Lopunny|Lopunny, L50, F|100/100\n|turn|2\n|\n|t:|1776289391\n|move|p2a: Lopunny|Fake Out||[still]\n|cant|p1a: Farigiraf|ability: Armor Tail|Fake Out|[of] p2a: Lopunny\n|move|p1b: Basculegion|Muddy Water|p2b: Tinkaton|[spread] p2a,p2b\n|-damage|p2a: Lopunny|50/100\n|-damage|p2b: Tinkaton|58/100\n|-unboost|p2b: Tinkaton|accuracy|1\n|move|p2b: Tinkaton|Thunder Wave|p1b: Basculegion\n|-status|p1b: Basculegion|par\n|move|p1a: Farigiraf|Twin Beam|p2a: Lopunny\n|-damage|p2a: Lopunny|30/100\n|-damage|p2a: Lopunny|11/100\n|-hitcount|p2a: Lopunny|2\n|\n|-heal|p1a: Farigiraf|100/100 par|[from] item: Leftovers\n|upkeep\n|turn|3\n|\n|t:|1776289412\n|move|p2b: Tinkaton|Rock Slide|p1b: Basculegion|[spread] p1a,p1b\n|-damage|p1a: Farigiraf|90/100 par\n|-damage|p1b: Basculegion|63/100 par\n|-heal|p2b: Tinkaton|62/100|[from] item: Shell Bell|[of] p1b: Basculegion\n|move|p2a: Lopunny|Teeter Dance|p1a: Farigiraf|[spread] p2b,p1a,p1b\n|-immune|p2b: Tinkaton|confusion|[from] ability: Own Tempo\n|-start|p1a: Farigiraf|confusion\n|-start|p1b: Basculegion|confusion\n|-activate|p1b: Basculegion|confusion\n|cant|p1b: Basculegion|par\n|cant|p1a: Farigiraf|flinch\n|\n|-heal|p1a: Farigiraf|96/100 par|[from] item: Leftovers\n|upkeep\n|turn|4\n|c|\u2606Squirtle Soldier|Have you actually won with this team?\n|\n|t:|1776289436\n|move|p2b: Tinkaton|Knock Off|p1a: Farigiraf\n|-supereffective|p1a: Farigiraf|1\n|-damage|p1a: Farigiraf|60/100 par\n|-enditem|p1a: Farigiraf|Leftovers|[from] move: Knock Off|[of] p2b: Tinkaton\n|-heal|p2b: Tinkaton|69/100|[from] item: Shell Bell|[of] p1a: Farigiraf\n|move|p2a: Lopunny|U-turn|p1b: Basculegion\n|-resisted|p1b: Basculegion|1\n|-damage|p1b: Basculegion|53/100 par\n|c|\u2606BxnnyBride|Once\n|c|\u2606BxnnyBride|But didnt lead with typh\n|\n|t:|1776289452\n|switch|p2a: Dragonite|Dragonite, L50, M, shiny|100/100|[from] U-turn\n|-end|p1b: Basculegion|confusion\n|move|p1b: Basculegion|Muddy Water|p2a: Dragonite|[spread] p2b\n|-miss|p1b: Basculegion|p2a: Dragonite\n|-damage|p2b: Tinkaton|29/100\n|-activate|p1a: Farigiraf|confusion\n|move|p1a: Farigiraf|Twin Beam|p2b: Tinkaton\n|-resisted|p2b: Tinkaton|1\n|-damage|p2b: Tinkaton|21/100\n|-resisted|p2b: Tinkaton|1\n|-damage|p2b: Tinkaton|14/100\n|-hitcount|p2b: Tinkaton|2\n|\n|upkeep\n|turn|5\n|c|\u2606BxnnyBride|I made this team 10min ago\n|c|\u2606Squirtle Soldier|lol, I respect it honestly\n|inactive|BxnnyBride has 30 seconds left.\n|\n|t:|1776289484\n|detailschange|p2a: Dragonite|Dragonite-Mega, L50, M, shiny\n|-mega|p2a: Dragonite|Dragonite|Dragoninite\n|move|p2b: Tinkaton|Rock Slide|p1b: Basculegion|[spread] p1b\n|-miss|p2b: Tinkaton|p1a: Farigiraf\n|-damage|p1b: Basculegion|36/100 par\n|-heal|p2b: Tinkaton|16/100|[from] item: Shell Bell|[of] p1b: Basculegion\n|move|p2a: Dragonite|Rock Slide|p1a: Farigiraf|[spread] p1a,p1b\n|-damage|p1a: Farigiraf|43/100 par\n|-damage|p1b: Basculegion|8/100 par\n|move|p1b: Basculegion|Muddy Water|p2b: Tinkaton|[spread] p2a,p2b\n|-resisted|p2a: Dragonite|1\n|-damage|p2a: Dragonite|93/100\n|-damage|p2b: Tinkaton|0 fnt\n|faint|p2b: Tinkaton\n|cant|p1a: Farigiraf|flinch\n|\n|upkeep\n|\n|t:|1776289498\n|switch|p2b: Lopunny|Lopunny, L50, F|11/100\n|turn|6\n|\n|t:|1776289521\n|move|p2b: Lopunny|Fake Out||[still]\n|cant|p1a: Farigiraf|ability: Armor Tail|Fake Out|[of] p2b: Lopunny\n|move|p2a: Dragonite|Rock Slide|p1b: Basculegion|[spread] p1a,p1b\n|-damage|p1a: Farigiraf|27/100 par\n|-damage|p1b: Basculegion|0 fnt\n|faint|p1b: Basculegion\n|-end|p1a: Farigiraf|confusion\n|cant|p1a: Farigiraf|par\n|\n|upkeep\n|\n|t:|1776289531\n|switch|p1b: Meowscarada|Meowscarada, L50, M|100/100\n|turn|7\n|\n|t:|1776289540\n|move|p1b: Meowscarada|Triple Axel|p2a: Dragonite\n|-start|p1b: Meowscarada|typechange|Ice|[from] ability: Protean\n|-supereffective|p2a: Dragonite|2\n|-damage|p2a: Dragonite|61/100\n|-supereffective|p2a: Dragonite|2\n|-damage|p2a: Dragonite|0 fnt\n|faint|p2a: Dragonite\n|-hitcount|p2: Dragonite|2\n|move|p2b: Lopunny|Teeter Dance|p1b: Meowscarada|[spread] p1a,p1b\n|-start|p1a: Farigiraf|confusion\n|-start|p1b: Meowscarada|confusion\n|-activate|p1a: Farigiraf|confusion\n|move|p1a: Farigiraf|Twin Beam|p2b: Lopunny\n|-damage|p2b: Lopunny|0 fnt\n|faint|p2b: Lopunny\n|-hitcount|p2: Lopunny|1\n|\n|win|Squirtle Soldier\n|raw|Squirtle Soldier's rating: 1143 &rarr; <strong>1163</strong><br />(+20 for winning)\n|raw|BxnnyBride's rating: 1069 &rarr; <strong>1053</strong><br />(-16 for losing)\n|l|\u2606BxnnyBride\n|player|p2|\n|c|\u2606Squirtle Soldier|Gg, goodluck with the meme team, I believe in you!\n",
  "uploadtime": 1776289565,
  "views": 27,
  "formatid": "gen9championsvgc2026regma",
  "rating": 1053,
  "private": 0,
  "password": null
}