{
  "id": "gen9championsvgc2026regma-2582341019",
  "format": "[Gen 9 Champions] VGC 2026 Reg M-A",
  "players": [
    "fghfshr",
    "Niko highway"
  ],
  "log": "|j|\u2606fghfshr\n|j|\u2606Niko highway\n|t:|1776084795\n|gametype|doubles\n|player|p1|fghfshr|170|1187\n|player|p2|Niko highway|169|1281\n|gen|9\n|tier|[Gen 9 Champions] VGC 2026 Reg M-A\n|rated|\n|rule|Species Clause: Limit one of each Pok\u00e9mon\n|rule|Item Clause: Limit 1 of each item\n|clearpoke\n|poke|p1|Tyranitar, L50, F|\n|poke|p1|Gardevoir, L50, M|\n|poke|p1|Gyarados, L50, F|\n|poke|p1|Excadrill, L50, F|\n|poke|p1|Sinistcha, L50|\n|poke|p1|Rotom-Heat, L50|\n|poke|p2|Incineroar, L50, F|\n|poke|p2|Conkeldurr, L50, M|\n|poke|p2|Sinistcha, L50|\n|poke|p2|Cofagrigus, L50, M|\n|poke|p2|Drampa, L50, M|\n|poke|p2|Aggron, L50, F|\n|teampreview|4\n|\n|t:|1776084848\n|teamsize|p1|4\n|teamsize|p2|4\n|start\n|switch|p1a: Sinistcha|Sinistcha, L50|100/100\n|switch|p1b: Gardevoir|Gardevoir, L50, M|100/100\n|switch|p2a: Incineroar|Incineroar, L50, F|100/100\n|switch|p2b: Cofagrigus|Cofagrigus, L50, M|100/100\n|-ability|p2a: Incineroar|Intimidate|boost\n|-unboost|p1a: Sinistcha|atk|1\n|-unboost|p1b: Gardevoir|atk|1\n|turn|1\n|l|\u2606Niko highway\n|player|p2|\n|j|\u2606Niko highway\n|player|p2|Niko highway|169|\n|\n|t:|1776084883\n|detailschange|p1b: Gardevoir|Gardevoir-Mega, L50, M\n|-mega|p1b: Gardevoir|Gardevoir|Gardevoirite\n|move|p2a: Incineroar|Fake Out|p1b: Gardevoir\n|-damage|p1b: Gardevoir|87/100\n|cant|p1b: Gardevoir|flinch\n|move|p1a: Sinistcha|Shadow Ball|p2b: Cofagrigus\n|-supereffective|p2b: Cofagrigus|1\n|-damage|p2b: Cofagrigus|33/100\n|move|p2b: Cofagrigus|Shadow Ball|p1b: Gardevoir\n|-supereffective|p1b: Gardevoir|1\n|-damage|p1b: Gardevoir|41/100\n|\n|-heal|p2b: Cofagrigus|39/100|[from] item: Leftovers\n|upkeep\n|turn|2\n|\n|t:|1776084900\n|switch|p2b: Aggron|Aggron, L50, F|100/100\n|move|p1b: Gardevoir|Calm Mind|p1b: Gardevoir\n|-boost|p1b: Gardevoir|spa|1\n|-boost|p1b: Gardevoir|spd|1\n|move|p1a: Sinistcha|Shadow Ball|p2b: Aggron\n|-crit|p2b: Aggron\n|-damage|p2b: Aggron|37/100\n|move|p2a: Incineroar|Flare Blitz|p1b: Gardevoir\n|-damage|p1b: Gardevoir|0 fnt\n|faint|p1b: Gardevoir\n|-damage|p2a: Incineroar|89/100|[from] Recoil\n|\n|upkeep\n|\n|t:|1776084912\n|switch|p1b: Gyarados|Gyarados, L50, F|100/100\n|-ability|p1b: Gyarados|Intimidate|boost\n|-unboost|p2a: Incineroar|atk|1\n|-unboost|p2b: Aggron|atk|1\n|turn|3\n|\n|t:|1776084922\n|detailschange|p2b: Aggron|Aggron-Mega, L50, F\n|-mega|p2b: Aggron|Aggron|Aggronite\n|move|p2b: Aggron|Protect|p2b: Aggron\n|-singleturn|p2b: Aggron|Protect\n|move|p1b: Gyarados|Waterfall|p2a: Incineroar\n|-supereffective|p2a: Incineroar|1\n|-damage|p2a: Incineroar|24/100\n|-enditem|p2a: Incineroar|Sitrus Berry|[eat]\n|-heal|p2a: Incineroar|49/100|[from] item: Sitrus Berry\n|move|p1a: Sinistcha|Shadow Ball|p2b: Aggron\n|-activate|p2b: Aggron|move: Protect\n|move|p2a: Incineroar|Parting Shot|p1b: Gyarados\n|-unboost|p1b: Gyarados|atk|1\n|-unboost|p1b: Gyarados|spa|1\n|\n|t:|1776084955\n|switch|p2a: Conkeldurr|Conkeldurr, L50, M|100/100|[from] Parting Shot\n|\n|upkeep\n|turn|4\n|l|\u2606Niko highway\n|player|p2|\n|l|\u2606fghfshr\n|player|p1|\n|j|\u2606Niko highway\n|player|p2|Niko highway|169|\n|inactive|Battle timer is ON: inactive players will automatically lose when time's up. (requested by Niko highway)\n|inactive|fghfshr has 30 seconds to reconnect!\n|inactive|fghfshr has 20 seconds to reconnect!\n|inactive|fghfshr has 15 seconds to reconnect!\n|inactive|fghfshr has 10 seconds to reconnect!\n|inactive|fghfshr has 5 seconds to reconnect!\n|j|\u2606fghfshr\n|inactive|fghfshr reconnected and has 35 seconds left.\n|player|p1|fghfshr|170|\n|inactive|fghfshr has 30 seconds left.\n|\n|t:|1776085077\n|switch|p2b: Incineroar|Incineroar, L50, F|49/100\n|-ability|p2b: Incineroar|Intimidate|boost\n|-unboost|p1a: Sinistcha|atk|1\n|-unboost|p1b: Gyarados|atk|1\n|move|p1b: Gyarados|Waterfall|p2b: Incineroar\n|-supereffective|p2b: Incineroar|1\n|-damage|p2b: Incineroar|16/100\n|move|p1a: Sinistcha|Matcha Gotcha|p2a: Conkeldurr|[spread] p2a,p2b\n|-resisted|p2b: Incineroar|1\n|-damage|p2a: Conkeldurr|67/100\n|-damage|p2b: Incineroar|2/100\n|move|p2a: Conkeldurr|Knock Off|p1a: Sinistcha\n|-supereffective|p1a: Sinistcha|1\n|-damage|p1a: Sinistcha|31/100\n|-enditem|p1a: Sinistcha|Sitrus Berry|[from] move: Knock Off|[of] p2a: Conkeldurr\n|\n|upkeep\n|turn|5\n|inactive|fghfshr has 30 seconds left.\n|\n|t:|1776085102\n|move|p2a: Conkeldurr|Wide Guard|p2a: Conkeldurr\n|-singleturn|p2a: Conkeldurr|Wide Guard\n|move|p1b: Gyarados|Thunder Wave|p2a: Conkeldurr\n|-status|p2a: Conkeldurr|par\n|move|p1a: Sinistcha|Matcha Gotcha|p2a: Conkeldurr|[spread] \n|-activate|p2a: Conkeldurr|move: Wide Guard\n|-activate|p2b: Incineroar|move: Wide Guard\n|move|p2b: Incineroar|Throat Chop|p1a: Sinistcha\n|-supereffective|p1a: Sinistcha|1\n|-damage|p1a: Sinistcha|0 fnt\n|faint|p1a: Sinistcha\n|\n|upkeep\n|\n|t:|1776085110\n|switch|p1a: Excadrill|Excadrill, L50, F|100/100\n|turn|6\n|inactive|Niko highway has 30 seconds left.\n|\n|t:|1776085138\n|switch|p2b: Aggron|Aggron-Mega, L50, F|37/100\n|move|p1a: Excadrill|High Horsepower|p2b: Aggron\n|-supereffective|p2b: Aggron|1\n|-damage|p2b: Aggron|2/100\n|move|p1b: Gyarados|Taunt|p2a: Conkeldurr\n|-start|p2a: Conkeldurr|move: Taunt\n|move|p2a: Conkeldurr|Drain Punch|p1a: Excadrill\n|-supereffective|p1a: Excadrill|1\n|-enditem|p1a: Excadrill|Focus Sash\n|-damage|p1a: Excadrill|1/100\n|-heal|p2a: Conkeldurr|100/100 par|[from] drain|[of] p1a: Excadrill\n|\n|upkeep\n|turn|7\n|\n|t:|1776085156\n|move|p2a: Conkeldurr|Mach Punch|p1a: Excadrill\n|-supereffective|p1a: Excadrill|1\n|-damage|p1a: Excadrill|0 fnt\n|faint|p1a: Excadrill\n|move|p1b: Gyarados|Waterfall|p2a: Conkeldurr\n|-damage|p2a: Conkeldurr|84/100 par\n|move|p2b: Aggron|Iron Head|p1b: Gyarados\n|-resisted|p1b: Gyarados|1\n|-damage|p1b: Gyarados|83/100\n|\n|-heal|p1b: Gyarados|89/100|[from] item: Leftovers\n|upkeep\n|turn|8\n|-message|fghfshr forfeited.\n|\n|win|Niko highway\n|raw|fghfshr's rating: 1187 &rarr; <strong>1169</strong><br />(-18 for losing)\n|raw|Niko highway's rating: 1281 &rarr; <strong>1299</strong><br />(+18 for winning)\n|l|\u2606fghfshr\n|player|p1|\n",
  "uploadtime": 1776085164,
  "views": 28,
  "formatid": "gen9championsvgc2026regma",
  "rating": 1169,
  "private": 0,
  "password": null
}