{
  "id": "gen9championsvgc2026regma-2589524038",
  "format": "[Gen 9 Champions] VGC 2026 Reg M-A",
  "players": [
    "YAMBA7",
    "duvay"
  ],
  "log": "|j|\u2606YAMBA7\n|j|\u2606duvay\n|t:|1776730806\n|gametype|doubles\n|player|p1|YAMBA7|265|1110\n|player|p2|duvay|102|1093\n|gen|9\n|tier|[Gen 9 Champions] VGC 2026 Reg M-A\n|rated|\n|rule|Species Clause: Limit one of each Pok\u00e9mon\n|rule|Item Clause: Limit 1 of each item\n|clearpoke\n|poke|p1|Torterra, L50, M|\n|poke|p1|Clefable, L50, F|\n|poke|p1|Orthworm, L50, M|\n|poke|p1|Heliolisk, L50, M|\n|poke|p1|Toxicroak, L50, M|\n|poke|p1|Milotic, L50, F|\n|poke|p2|Tyrantrum, L50, M|\n|poke|p2|Talonflame, L50, F|\n|poke|p2|Sinistcha, L50|\n|poke|p2|Milotic, L50, M|\n|poke|p2|Gardevoir, L50, M|\n|poke|p2|Sneasler, L50, M|\n|teampreview|4\n|inactive|Battle timer is ON: inactive players will automatically lose when time's up. (requested by duvay)\nduvay rejected open team sheets.\n|inactive|YAMBA7 has 60 seconds left.\n|inactive|duvay has 60 seconds left.\n|inactive|YAMBA7 has 30 seconds left.\n|inactive|YAMBA7 has 20 seconds left.\n|inactive|YAMBA7 has 15 seconds left.\n|inactive|YAMBA7 has 10 seconds left.\n|inactive|YAMBA7 has 5 seconds left.\n|\n|t:|1776730896\n|teamsize|p1|4\n|teamsize|p2|4\n|start\n|switch|p1a: Milotic|Milotic, L50, F|100/100\n|switch|p1b: Toxicroak|Toxicroak, L50, M|100/100\n|switch|p2a: Gardevoir|Gardevoir, L50, M|100/100\n|switch|p2b: Sneasler|Sneasler, L50, M|100/100\n|-ability|p2a: Gardevoir|Competitive|Trace|[from] ability: Trace|[of] p1a: Milotic\n|turn|1\n|inactive|YAMBA7 has 30 seconds left.\n|inactive|duvay has 30 seconds left.\n|\n|t:|1776730928\n|detailschange|p2a: Gardevoir|Gardevoir-Mega, L50, M\n|-mega|p2a: Gardevoir|Gardevoir|Gardevoirite\n|move|p2b: Sneasler|Fake Out|p1b: Toxicroak\n|-damage|p1b: Toxicroak|83/100\n|cant|p1b: Toxicroak|flinch\n|move|p2a: Gardevoir|Psychic|p1b: Toxicroak\n|-supereffective|p1b: Toxicroak|2\n|-crit|p1b: Toxicroak\n|-damage|p1b: Toxicroak|0 fnt\n|faint|p1b: Toxicroak\n|move|p1a: Milotic|Coil|p1a: Milotic\n|-boost|p1a: Milotic|atk|1\n|-boost|p1a: Milotic|def|1\n|-boost|p1a: Milotic|accuracy|1\n|\n|upkeep\n|inactive|YAMBA7 has 30 seconds left.\n|\n|t:|1776730958\n|switch|p1b: Clefable|Clefable, L50, F|100/100\n|turn|2\n|inactive|YAMBA7 has 30 seconds left.\n|\n|t:|1776730991\n|detailschange|p1b: Clefable|Clefable-Mega, L50, F\n|-mega|p1b: Clefable|Clefable|Clefablite\n|move|p2b: Sneasler|Dire Claw|p1a: Milotic\n|-damage|p1a: Milotic|69/100\n|move|p2a: Gardevoir|Hyper Voice|p1a: Milotic|[spread] p1a,p1b\n|-damage|p1a: Milotic|32/100\n|-damage|p1b: Clefable|53/100\n|move|p1a: Milotic|Icy Wind|p2a: Gardevoir|[spread] p2a,p2b\n|-damage|p2a: Gardevoir|87/100\n|-damage|p2b: Sneasler|84/100\n|-unboost|p2a: Gardevoir|spe|1\n|-unboost|p2b: Sneasler|spe|1\n|move|p1b: Clefable|Air Slash|p2b: Sneasler\n|-supereffective|p2b: Sneasler|1\n|-damage|p2b: Sneasler|0 fnt\n|faint|p2b: Sneasler\n|\n|-heal|p1a: Milotic|38/100|[from] item: Leftovers\n|upkeep\n|\n|t:|1776731006\n|switch|p2b: Tyrantrum|Tyrantrum, L50, M|100/100\n|turn|3\n|\n|t:|1776731030\n|move|p2b: Tyrantrum|Protect|p2b: Tyrantrum\n|-singleturn|p2b: Tyrantrum|Protect\n|move|p1a: Milotic|Recover|p1a: Milotic\n|-heal|p1a: Milotic|88/100\n|move|p1b: Clefable|Moonblast|p2b: Tyrantrum\n|-activate|p2b: Tyrantrum|move: Protect\n|move|p2a: Gardevoir|Trick Room|p2a: Gardevoir\n|-fieldstart|move: Trick Room|[of] p2a: Gardevoir\n|\n|-heal|p1a: Milotic|94/100|[from] item: Leftovers\n|upkeep\n|turn|4\n|inactive|YAMBA7 has 30 seconds left.\n|\n|t:|1776731065\n|move|p1b: Clefable|Follow Me|p1b: Clefable\n|-singleturn|p1b: Clefable|move: Follow Me\n|move|p2a: Gardevoir|Hyper Voice|p1b: Clefable|[spread] p1a,p1b\n|-damage|p1a: Milotic|52/100\n|-damage|p1b: Clefable|4/100\n|move|p2b: Tyrantrum|Head Smash|p1b: Clefable|[miss]\n|-miss|p2b: Tyrantrum|p1b: Clefable\n|move|p1a: Milotic|Muddy Water|p2a: Gardevoir|[spread] p2a,p2b\n|-damage|p2a: Gardevoir|54/100\n|-damage|p2b: Tyrantrum|59/100\n|-unboost|p2b: Tyrantrum|accuracy|1\n|\n|-heal|p1a: Milotic|58/100|[from] item: Leftovers\n|upkeep\n|turn|5\n|inactive|duvay has 30 seconds left.\n|\n|t:|1776731091\n|move|p1b: Clefable|Follow Me|p1b: Clefable\n|-singleturn|p1b: Clefable|move: Follow Me\n|move|p2a: Gardevoir|Hyper Voice|p1a: Milotic|[spread] p1a,p1b\n|-damage|p1a: Milotic|16/100\n|-damage|p1b: Clefable|0 fnt\n|faint|p1b: Clefable\n|move|p2b: Tyrantrum|Head Smash|p1a: Milotic|[miss]\n|-miss|p2b: Tyrantrum|p1a: Milotic\n|move|p1a: Milotic|Recover|p1a: Milotic\n|-heal|p1a: Milotic|66/100\n|\n|-heal|p1a: Milotic|72/100|[from] item: Leftovers\n|upkeep\n|\n|t:|1776731102\n|switch|p1b: Torterra|Torterra, L50, M|100/100\n|turn|6\n|inactive|YAMBA7 has 30 seconds left.\n|inactive|duvay has 30 seconds left.\n|\n|t:|1776731131\n|move|p2a: Gardevoir|Hyper Voice|p1b: Torterra|[spread] p1a,p1b\n|-damage|p1a: Milotic|32/100\n|-damage|p1b: Torterra|48/100\n|move|p1b: Torterra|Rock Slide|p2b: Tyrantrum|[spread] p2a\n|-miss|p1b: Torterra|p2b: Tyrantrum\n|-damage|p2a: Gardevoir|31/100\n|move|p2b: Tyrantrum|Scale Shot|p1b: Torterra\n|-damage|p1b: Torterra|35/100\n|-damage|p1b: Torterra|22/100\n|-damage|p1b: Torterra|8/100\n|-hitcount|p1b: Torterra|3\n|-unboost|p2b: Tyrantrum|def|1\n|-boost|p2b: Tyrantrum|spe|1\n|move|p1a: Milotic|Recover|p1a: Milotic\n|-heal|p1a: Milotic|82/100\n|\n|-heal|p1a: Milotic|88/100|[from] item: Leftovers\n|upkeep\n|turn|7\n|inactive|YAMBA7 has 30 seconds left.\n|inactive|duvay has 30 seconds left.\n|inactive|YAMBA7 has 20 seconds left.\n|\n|t:|1776731166\n|move|p2a: Gardevoir|Hyper Voice|p1b: Torterra|[spread] p1a,p1b\n|-damage|p1a: Milotic|46/100\n|-damage|p1b: Torterra|0 fnt\n|faint|p1b: Torterra\n|move|p1a: Milotic|Recover|p1a: Milotic\n|-heal|p1a: Milotic|96/100\n|move|p2b: Tyrantrum|Head Smash|p1a: Milotic\n|-damage|p1a: Milotic|27/100\n|\n|-heal|p1a: Milotic|33/100|[from] item: Leftovers\n|-fieldend|move: Trick Room\n|upkeep\n|turn|8\n|\n|t:|1776731186\n|move|p2b: Tyrantrum|Head Smash|p1a: Milotic|[miss]\n|-miss|p2b: Tyrantrum|p1a: Milotic\n|move|p1a: Milotic|Recover|p1a: Milotic\n|-heal|p1a: Milotic|83/100\n|move|p2a: Gardevoir|Hyper Voice|p1a: Milotic\n|-damage|p1a: Milotic|25/100\n|\n|-heal|p1a: Milotic|31/100|[from] item: Leftovers\n|upkeep\n|turn|9\n|\n|t:|1776731209\n|move|p2b: Tyrantrum|Head Smash|p1a: Milotic|[miss]\n|-miss|p2b: Tyrantrum|p1a: Milotic\n|move|p1a: Milotic|Muddy Water|p2b: Tyrantrum|[spread] p2a,p2b\n|-damage|p2a: Gardevoir|1/100\n|-damage|p2b: Tyrantrum|12/100\n|move|p2a: Gardevoir|Hyper Voice|p1a: Milotic\n|-damage|p1a: Milotic|0 fnt\n|faint|p1a: Milotic\n|\n|win|duvay\n|raw|YAMBA7's rating: 1110 &rarr; <strong>1084</strong><br />(-26 for losing)\n|raw|duvay's rating: 1093 &rarr; <strong>1120</strong><br />(+27 for winning)\n|l|\u2606YAMBA7\n|player|p1|\n",
  "uploadtime": 1776731221,
  "views": 3,
  "formatid": "gen9championsvgc2026regma",
  "rating": 1084,
  "private": 0,
  "password": null
}