{
  "id": "gen9championsvgc2026regma-2586754695",
  "format": "[Gen 9 Champions] VGC 2026 Reg M-A",
  "players": [
    "devinlewisd",
    "appatheboppa"
  ],
  "log": "|j|\u2606devinlewisd\n|j|\u2606appatheboppa\n|t:|1776457303\n|gametype|doubles\n|player|p1|devinlewisd|hiker-gen4|1104\n|player|p2|appatheboppa|rocketgrunt|1014\n|gen|9\n|tier|[Gen 9 Champions] VGC 2026 Reg M-A\n|rated|\n|rule|Species Clause: Limit one of each Pok\u00e9mon\n|rule|Item Clause: Limit 1 of each item\n|clearpoke\n|poke|p1|Altaria, L50, M|\n|poke|p1|Clefable, L50, F|\n|poke|p1|Weavile, L50, F|\n|poke|p1|Arcanine, L50, M|\n|poke|p1|Gyarados, L50, M|\n|poke|p1|Mimikyu, L50, F|\n|poke|p2|Blastoise, L50, F|\n|poke|p2|Talonflame, L50, M|\n|poke|p2|Garchomp, L50, M|\n|poke|p2|Sinistcha, L50|\n|poke|p2|Sylveon, L50, F|\n|poke|p2|Kingambit, L50, F|\n|teampreview|4\n|inactive|Battle timer is ON: inactive players will automatically lose when time's up. (requested by devinlewisd)\n|inactive|devinlewisd has 60 seconds left.\n|inactive|appatheboppa has 60 seconds left.\n|\n|t:|1776457357\n|teamsize|p1|4\n|teamsize|p2|4\n|start\n|switch|p1a: Mimikyu|Mimikyu, L50, F|100/100\n|switch|p1b: Weavile|Weavile, L50, F|100/100\n|switch|p2a: Blastoise|Blastoise, L50, F|100/100\n|switch|p2b: Talonflame|Talonflame, L50, M, shiny|100/100\n|-ability|p1b: Weavile|Pressure\n|turn|1\n|inactive|devinlewisd has 30 seconds left.\n|inactive|devinlewisd has 20 seconds left.\n|\n|t:|1776457395\n|detailschange|p2a: Blastoise|Blastoise-Mega, L50, F\n|-mega|p2a: Blastoise|Blastoise|Blastoisinite\n|move|p1b: Weavile|Fake Out|p2a: Blastoise\n|-damage|p2a: Blastoise|86/100\n|move|p2b: Talonflame|Flamethrower|p1b: Weavile\n|-supereffective|p1b: Weavile|1\n|-damage|p1b: Weavile|30/100\n|cant|p2a: Blastoise|flinch\n|move|p1a: Mimikyu|Trick Room|p1a: Mimikyu\n|-fieldstart|move: Trick Room|[of] p1a: Mimikyu\n|\n|upkeep\n|turn|2\n|inactive|devinlewisd has 30 seconds left.\n|inactive|devinlewisd has 20 seconds left.\n|\n|t:|1776457431\n|move|p1a: Mimikyu|Shadow Sneak|p2b: Talonflame\n|-damage|p2b: Talonflame|77/100\n|-status|p1a: Mimikyu|brn|[from] ability: Flame Body|[of] p2b: Talonflame\n|move|p1b: Weavile|Ice Shard|p2b: Talonflame\n|-damage|p2b: Talonflame|49/100\n|move|p2a: Blastoise|Water Spout|p1a: Mimikyu|[spread] p1a,p1b\n|-activate|p1a: Mimikyu|ability: Disguise\n|-damage|p1a: Mimikyu|100/100 brn\n|-damage|p1b: Weavile|0 fnt\n|detailschange|p1a: Mimikyu|Mimikyu-Busted, L50, F\n|-damage|p1a: Mimikyu|88/100 brn|[from] pokemon: Mimikyu-Busted\n|faint|p1b: Weavile\n|move|p2b: Talonflame|Rain Dance|p2b: Talonflame\n|-weather|RainDance\n|\n|-weather|RainDance|[upkeep]\n|-damage|p1a: Mimikyu|82/100 brn|[from] brn\n|upkeep\n|\n|t:|1776457440\n|switch|p1b: Altaria|Altaria, L50, M|100/100\n|-ability|p1b: Altaria|Cloud Nine\n|turn|3\n|inactive|devinlewisd has 30 seconds left.\n|inactive|appatheboppa has 30 seconds left.\n|\n|t:|1776457475\n|switch|p2b: Sylveon|Sylveon, L50, F, shiny|100/100\n|move|p2a: Blastoise|Protect|p2a: Blastoise\n|-singleturn|p2a: Blastoise|Protect\n|move|p1a: Mimikyu|Shadow Sneak|p2a: Blastoise\n|-activate|p2a: Blastoise|move: Protect\n|move|p1b: Altaria|Hyper Voice|p2a: Blastoise|[spread] p2b\n|-activate|p2a: Blastoise|move: Protect\n|-damage|p2b: Sylveon|88/100\n|\n|-weather|RainDance|[upkeep]\n|-damage|p1a: Mimikyu|76/100 brn|[from] brn\n|upkeep\n|turn|4\n|inactive|devinlewisd has 30 seconds left.\n|inactive|appatheboppa has 30 seconds left.\n|\n|t:|1776457508\n|move|p1b: Altaria|Protect|p1b: Altaria\n|-singleturn|p1b: Altaria|Protect\n|move|p1a: Mimikyu|Shadow Sneak|p2a: Blastoise\n|-damage|p2a: Blastoise|78/100\n|move|p2b: Sylveon|Play Rough|p1b: Altaria\n|-activate|p1b: Altaria|move: Protect\n|move|p2a: Blastoise|Water Spout|p1b: Altaria|[spread] p1a\n|-activate|p1b: Altaria|move: Protect\n|-damage|p1a: Mimikyu|13/100 brn\n|\n|-weather|RainDance|[upkeep]\n|-damage|p1a: Mimikyu|7/100 brn|[from] brn\n|upkeep\n|turn|5\n|inactive|appatheboppa has 30 seconds left.\n|\n|t:|1776457534\n|switch|p1b: Clefable|Clefable, L50, F|100/100\n|move|p1a: Mimikyu|Shadow Sneak|p2a: Blastoise\n|-crit|p2a: Blastoise\n|-damage|p2a: Blastoise|65/100\n|move|p2b: Sylveon|Play Rough|p1b: Clefable\n|-damage|p1b: Clefable|83/100\n|move|p2a: Blastoise|Water Spout|p1a: Mimikyu|[spread] p1a,p1b\n|-crit|p1b: Clefable\n|-damage|p1a: Mimikyu|0 fnt\n|-damage|p1b: Clefable|2/100\n|faint|p1a: Mimikyu\n|\n|-weather|RainDance|[upkeep]\n|-fieldend|move: Trick Room\n|upkeep\n|\n|t:|1776457541\n|switch|p1a: Altaria|Altaria, L50, M|100/100\n|-ability|p1a: Altaria|Cloud Nine\n|turn|6\n|\n|t:|1776457559\n|detailschange|p1a: Altaria|Altaria-Mega, L50, M\n|-mega|p1a: Altaria|Altaria|Altarianite\n|move|p1b: Clefable|Helping Hand|p1a: Altaria\n|-singleturn|p1a: Altaria|Helping Hand|[of] p1b: Clefable\n|move|p2a: Blastoise|Hydro Pump|p1b: Clefable|[miss]\n|-miss|p2a: Blastoise|p1b: Clefable\n|move|p2b: Sylveon|Play Rough|p1a: Altaria\n|-supereffective|p1a: Altaria|1\n|-damage|p1a: Altaria|63/100\n|move|p1a: Altaria|Hyper Voice|p2a: Blastoise|[spread] p2a,p2b\n|-damage|p2a: Blastoise|13/100\n|-damage|p2b: Sylveon|44/100\n|\n|-weather|none\n|upkeep\n|turn|7\n|\n|t:|1776457579\n|move|p1b: Clefable|Follow Me|p1b: Clefable\n|-singleturn|p1b: Clefable|move: Follow Me\n|move|p2a: Blastoise|Water Spout|p1a: Altaria|[spread] p1a,p1b\n|-resisted|p1a: Altaria|1\n|-damage|p1a: Altaria|60/100\n|-damage|p1b: Clefable|0 fnt\n|faint|p1b: Clefable\n|move|p2b: Sylveon|Play Rough|p1a: Altaria\n|-supereffective|p1a: Altaria|1\n|-damage|p1a: Altaria|24/100\n|move|p1a: Altaria|Hyper Voice|p2b: Sylveon|[spread] p2a,p2b\n|-damage|p2a: Blastoise|0 fnt\n|-damage|p2b: Sylveon|15/100\n|faint|p2a: Blastoise\n|\n|upkeep\n|\n|t:|1776457595\n|switch|p2a: Garchomp|Garchomp, L50, M|100/100\n|turn|8\n|-activate|p2b: Sylveon|item: Quick Claw\n|\n|t:|1776457607\n|move|p2a: Garchomp|Protect|p2a: Garchomp\n|-singleturn|p2a: Garchomp|Protect\n|move|p2b: Sylveon|Play Rough|p1a: Altaria\n|-supereffective|p1a: Altaria|1\n|-damage|p1a: Altaria|0 fnt\n|faint|p1a: Altaria\n|\n|win|appatheboppa\n|raw|devinlewisd's rating: 1104 &rarr; <strong>1073</strong><br />(-31 for losing)\n|raw|appatheboppa's rating: 1014 &rarr; <strong>1062</strong><br />(+48 for winning)\n|l|\u2606devinlewisd\n|player|p1|\n|c|\u2606appatheboppa|gg\n",
  "uploadtime": 1776457628,
  "views": 42,
  "formatid": "gen9championsvgc2026regma",
  "rating": 1062,
  "private": 0,
  "password": null
}