{
  "id": "gen9championsvgc2026regma-2584121028",
  "format": "[Gen 9 Champions] VGC 2026 Reg M-A",
  "players": [
    "Zul428",
    "Bea_Vtuber"
  ],
  "log": "|j|\u2606Zul428\n|j|\u2606Bea_Vtuber\n|t:|1776227445\n|gametype|doubles\n|player|p1|Zul428|ethan|1000\n|player|p2|Bea_Vtuber|bellelba|1000\n|gen|9\n|tier|[Gen 9 Champions] VGC 2026 Reg M-A\n|rated|\n|rule|Species Clause: Limit one of each Pok\u00e9mon\n|rule|Item Clause: Limit 1 of each item\n|clearpoke\n|poke|p1|Gengar, L50, M|\n|poke|p1|Basculegion, L50, M|\n|poke|p1|Incineroar, L50, M|\n|poke|p1|Clefable, L50, F|\n|poke|p1|Sinistcha, L50|\n|poke|p1|Politoed, L50, M|\n|poke|p2|Appletun, L50, F|\n|poke|p2|Flapple, L50, F|\n|poke|p2|Charizard, L50, M|\n|poke|p2|Wyrdeer, L50, M|\n|poke|p2|Hydrapple, L50, F|\n|poke|p2|Zoroark-Hisui, L50, M|\n|teampreview|4\n|inactive|Battle timer is ON: inactive players will automatically lose when time's up. (requested by Bea_Vtuber)\n|\n|t:|1776227474\n|teamsize|p1|4\n|teamsize|p2|4\n|start\n|switch|p1a: Gengar|Gengar, L50, M|100/100\n|switch|p1b: Incineroar|Incineroar, L50, M|100/100\n|switch|p2a: \"Staraptor\"|Wyrdeer, L50, M|100/100\n|switch|p2b: Appletun|Appletun, L50, F|100/100\n|-ability|p2a: \"Staraptor\"|Intimidate|boost\n|-unboost|p1a: Gengar|atk|1\n|-unboost|p1b: Incineroar|atk|1\n|-ability|p1b: Incineroar|Intimidate|boost\n|-unboost|p2a: \"Staraptor\"|atk|1\n|-unboost|p2b: Appletun|atk|1\n|turn|1\n|\n|t:|1776227497\n|detailschange|p1a: Gengar|Gengar-Mega, L50, M\n|-mega|p1a: Gengar|Gengar|Gengarite\n|move|p1b: Incineroar|Fake Out|p2b: Appletun\n|-damage|p2b: Appletun|95/100\n|move|p1a: Gengar|Perish Song|p1a: Gengar\n|-start|p1a: Gengar|perish3|[silent]\n|-start|p1b: Incineroar|perish3|[silent]\n|-start|p2a: \"Staraptor\"|perish3|[silent]\n|-start|p2b: Appletun|perish3|[silent]\n|-fieldactivate|move: Perish Song\n|move|p2a: \"Staraptor\"|Psyshield Bash|p1a: Gengar\n|-supereffective|p1a: Gengar|1\n|-damage|p1a: Gengar|53/100\n|-boost|p2a: \"Staraptor\"|def|1\n|cant|p2b: Appletun|flinch\n|\n|-start|p1a: Gengar|perish3\n|-start|p2a: \"Staraptor\"|perish3\n|-start|p1b: Incineroar|perish3\n|-start|p2b: Appletun|perish3\n|upkeep\n|turn|2\n|inactive|Zul428 has 30 seconds left.\n|inactive|Bea_Vtuber has 30 seconds left.\n|inactive|Bea_Vtuber has 20 seconds left.\n|\n|t:|1776227533\n|move|p1a: Gengar|Protect|p1a: Gengar\n|-singleturn|p1a: Gengar|Protect\n|move|p2a: \"Staraptor\"|Psyshield Bash|p1a: Gengar\n|-activate|p1a: Gengar|move: Protect\n|move|p1b: Incineroar|Flare Blitz|p2a: \"Staraptor\"\n|-damage|p2a: \"Staraptor\"|72/100\n|-damage|p1b: Incineroar|92/100|[from] Recoil\n|move|p2b: Appletun|Leech Seed|p1a: Gengar\n|-activate|p1a: Gengar|move: Protect\n|\n|-start|p1a: Gengar|perish2\n|-start|p2a: \"Staraptor\"|perish2\n|-start|p1b: Incineroar|perish2\n|-start|p2b: Appletun|perish2\n|upkeep\n|turn|3\n|inactive|Zul428 has 30 seconds left.\n|inactive|Zul428 has 20 seconds left.\n|inactive|Zul428 has 15 seconds left.\n|inactive|Zul428 has 10 seconds left.\n|\n|t:|1776227581\n|move|p1a: Gengar|Disable|p2a: \"Staraptor\"\n|-start|p2a: \"Staraptor\"|Disable|Psyshield Bash\n|cant|p2a: \"Staraptor\"|Disable|Psyshield Bash\n|move|p1b: Incineroar|Parting Shot|p2a: \"Staraptor\"\n|-unboost|p2a: \"Staraptor\"|atk|1\n|-unboost|p2a: \"Staraptor\"|spa|1\n|\n|t:|1776227590\n|switch|p1b: Politoed|Politoed, L50, M|100/100|[from] Parting Shot\n|-weather|RainDance|[from] ability: Drizzle|[of] p1b: Politoed\n|move|p2b: Appletun|Leech Seed|p1a: Gengar\n|-start|p1a: Gengar|move: Leech Seed\n|\n|-weather|RainDance|[upkeep]\n|-damage|p1a: Gengar|41/100|[from] Leech Seed|[of] p2b: Appletun\n|-heal|p2b: Appletun|100/100|[silent]\n|-start|p1a: Gengar|perish1\n|-start|p2a: \"Staraptor\"|perish1\n|-start|p2b: Appletun|perish1\n|upkeep\n|turn|4\n|\n|t:|1776227605\n|switch|p1a: Incineroar|Incineroar, L50, M|92/100\n|-ability|p1a: Incineroar|Intimidate|boost\n|-unboost|p2a: \"Staraptor\"|atk|1\n|-unboost|p2b: Appletun|atk|1\n|move|p1b: Politoed|Protect|p1b: Politoed\n|-singleturn|p1b: Politoed|Protect\n|move|p2a: \"Staraptor\"|Gravity|p2a: \"Staraptor\"\n|-fieldstart|move: Gravity\n|move|p2b: Appletun|Leech Seed|p1b: Politoed\n|-activate|p1b: Politoed|move: Protect\n|\n|-weather|RainDance|[upkeep]\n|-start|p2a: \"Staraptor\"|perish0\n|-start|p2b: Appletun|perish0\n|faint|p2a: \"Staraptor\"\n|faint|p2b: Appletun\n|upkeep\n|\n|t:|1776227611\n|switch|p2a: Flapple|Flapple, L50, F|100/100\n|switch|p2b: Hydrapple|Hydrapple, L50, F|100/100\n|-ability|p2b: Hydrapple|Supersweet Syrup\n|-unboost|p1a: Incineroar|evasion|1\n|-unboost|p1b: Politoed|evasion|1\n|turn|5\n|-activate|p2b: Hydrapple|item: Quick Claw\n|\n|t:|1776227633\n|move|p1a: Incineroar|Fake Out|p2b: Hydrapple\n|-damage|p2b: Hydrapple|92/100\n|cant|p2b: Hydrapple|flinch\n|move|p2a: Flapple|Grav Apple|p1b: Politoed\n|-supereffective|p1b: Politoed|1\n|-crit|p1b: Politoed\n|-damage|p1b: Politoed|0 fnt\n|faint|p1b: Politoed\n|\n|-weather|RainDance|[upkeep]\n|upkeep\n|\n|t:|1776227646\n|switch|p1b: Gengar|Gengar-Mega, L50, M|41/100\n|turn|6\n|\n|t:|1776227657\n|move|p2a: Flapple|Grav Apple|p1b: Gengar\n|-resisted|p1b: Gengar|1\n|-damage|p1b: Gengar|0 fnt\n|faint|p1b: Gengar\n|move|p1a: Incineroar|Parting Shot|p2b: Hydrapple\n|-unboost|p2b: Hydrapple|atk|1\n|-unboost|p2b: Hydrapple|spa|1\n|\n|t:|1776227661\n|switch|p1a: Basculegion|Basculegion, L50, M|100/100|[from] Parting Shot\n|move|p2b: Hydrapple|Fickle Beam|p1a: Basculegion\n|-damage|p1a: Basculegion|69/100\n|\n|-weather|RainDance|[upkeep]\n|upkeep\n|\n|t:|1776227674\n|switch|p1b: Incineroar|Incineroar, L50, M|92/100\n|-ability|p1b: Incineroar|Intimidate|boost\n|-unboost|p2a: Flapple|atk|1\n|-unboost|p2b: Hydrapple|atk|1\n|turn|7\n|-activate|p2b: Hydrapple|item: Quick Claw\n|\n|t:|1776227685\n|move|p1a: Basculegion|Protect|p1a: Basculegion\n|-singleturn|p1a: Basculegion|Protect\n|move|p2b: Hydrapple|Fickle Beam|p1b: Incineroar|[anim] Fickle Beam All Out\n|-activate|p2b: Hydrapple|move: Fickle Beam\n|-damage|p1b: Incineroar|50/100\n|move|p2a: Flapple|Grav Apple|p1a: Basculegion\n|-activate|p1a: Basculegion|move: Protect\n|move|p1b: Incineroar|Flare Blitz|p2a: Flapple\n|-damage|p2a: Flapple|69/100\n|-damage|p1b: Incineroar|43/100|[from] Recoil\n|\n|-weather|none\n|upkeep\n|turn|8\n|-activate|p2b: Hydrapple|item: Quick Claw\n|\n|t:|1776227707\n|move|p2b: Hydrapple|Fickle Beam|p1b: Incineroar|[anim] Fickle Beam All Out\n|-activate|p2b: Hydrapple|move: Fickle Beam\n|-damage|p1b: Incineroar|0 fnt\n|faint|p1b: Incineroar\n|move|p2a: Flapple|Grav Apple|p1a: Basculegion\n|-supereffective|p1a: Basculegion|1\n|-damage|p1a: Basculegion|0 fnt\n|faint|p1a: Basculegion\n|\n|win|Bea_Vtuber\n|raw|Zul428's rating: 1000 &rarr; <strong>1000</strong><br />(+0 for losing)\n|raw|Bea_Vtuber's rating: 1000 &rarr; <strong>1040</strong><br />(+40 for winning)\n|l|\u2606Zul428\n|player|p1|\n",
  "uploadtime": 1776227715,
  "views": 30,
  "formatid": "gen9championsvgc2026regma",
  "rating": 1000,
  "private": 0,
  "password": null
}