{
  "id": "gen9championsvgc2026regma-2588480840",
  "format": "[Gen 9 Champions] VGC 2026 Reg M-A",
  "players": [
    "jonathan53332",
    "iamjalenhh"
  ],
  "log": "|j|\u2606jonathan53332\n|j|\u2606iamjalenhh\n|html|<table width=\"100%\"><tr><td align=\"left\">jonathan53332</td><td align=\"right\">iamjalenhh</tr><tr><td align=\"left\"><i class=\"fa fa-circle-o\"></i> <i class=\"fa fa-circle-o\"></i> </td><td align=\"right\"><i class=\"fa fa-circle-o\"></i> <i class=\"fa fa-circle-o\"></i> </tr></table>\n|uhtml|bestof|<h2><strong>Game 1</strong> of <a href=\"/game-bestof3-gen9championsvgc2026regma-2588480839\">a best-of-3</a></h2>\n|t:|1776637351\n|gametype|doubles\n|player|p1|jonathan53332|102|\n|player|p2|iamjalenhh|1|\n|gen|9\n|tier|[Gen 9 Champions] VGC 2026 Reg M-A\n|rule|Species Clause: Limit one of each Pok\u00e9mon\n|rule|Item Clause: Limit 1 of each item\n|raw|<div class=\"infobox\"><details class=\"readmore\" open><summary><strong>1 custom rule:</strong></summary> Best of = 3</details></div>\n|clearpoke\n|poke|p1|Meganium, L50, M, shiny|\n|poke|p1|Pelipper, L50, M|\n|poke|p1|Primarina, L50, M|\n|poke|p1|Sinistcha-Masterpiece, L50, shiny|\n|poke|p1|Archaludon, L50, M, shiny|\n|poke|p1|Empoleon, L50, M|\n|poke|p2|Incineroar, L50, F, shiny|\n|poke|p2|Scovillain, L50, M, shiny|\n|poke|p2|Meganium, L50, F, shiny|\n|poke|p2|Torkoal, L50, M, shiny|\n|poke|p2|Armarouge, L50, F, shiny|\n|poke|p2|Maushold-Four, L50, shiny|\n|teampreview|4\n|\n|t:|1776637403\n|teamsize|p1|4\n|teamsize|p2|4\n|start\n|switch|p1a: Pelipper|Pelipper, L50, M|100/100\n|switch|p1b: Meganium|Meganium, L50, M, shiny|100/100\n|switch|p2a: Incineroar|Incineroar, L50, F, shiny|100/100\n|switch|p2b: Torkoal|Torkoal, L50, M, shiny|100/100\n|-weather|RainDance|[from] ability: Drizzle|[of] p1a: Pelipper\n|-ability|p2a: Incineroar|Intimidate|boost\n|-unboost|p1a: Pelipper|atk|1\n|-unboost|p1b: Meganium|atk|1\n|-weather|SunnyDay|[from] ability: Drought|[of] p2b: Torkoal\n|turn|1\n|\n|t:|1776637455\n|detailschange|p1b: Meganium|Meganium-Mega, L50, M, shiny\n|-mega|p1b: Meganium|Meganium|Meganiumite\n|move|p1a: Pelipper|Wide Guard|p1a: Pelipper\n|-singleturn|p1a: Pelipper|Wide Guard\n|move|p2a: Incineroar|Fake Out|p1b: Meganium\n|-damage|p1b: Meganium|90/100\n|cant|p1b: Meganium|flinch\n|move|p2b: Torkoal|Scorching Sands|p1a: Pelipper\n|-immune|p1a: Pelipper\n|\n|-weather|SunnyDay|[upkeep]\n|upkeep\n|turn|2\n|\n|t:|1776637502\n|switch|p2b: Maushold|Maushold-Four, L50, shiny|100/100\n|move|p1a: Pelipper|Wide Guard|p1a: Pelipper\n|-singleturn|p1a: Pelipper|Wide Guard\n|move|p1b: Meganium|Dazzling Gleam|p2a: Incineroar|[spread] p2a,p2b\n|-damage|p2a: Incineroar|66/100\n|-damage|p2b: Maushold|50/100\n|move|p2a: Incineroar|Flare Blitz|p1b: Meganium\n|-supereffective|p1b: Meganium|1\n|-damage|p1b: Meganium|0 fnt\n|faint|p1b: Meganium\n|-damage|p2a: Incineroar|39/100|[from] Recoil\n|-enditem|p2a: Incineroar|Sitrus Berry|[eat]\n|-heal|p2a: Incineroar|64/100|[from] item: Sitrus Berry\n|\n|-weather|SunnyDay|[upkeep]\n|upkeep\n|\n|t:|1776637514\n|switch|p1b: Empoleon|Empoleon, L50, M|100/100\n|turn|3\n|\n|t:|1776637534\n|switch|p1a: Primarina|Primarina, L50, M|100/100\n|move|p2a: Incineroar|Protect|p2a: Incineroar\n|-singleturn|p2a: Incineroar|Protect\n|move|p1b: Empoleon|Vacuum Wave|p2b: Maushold\n|-supereffective|p2b: Maushold|1\n|-damage|p2b: Maushold|6/100\n|move|p2b: Maushold|Bullet Seed|p1a: Primarina\n|-supereffective|p1a: Primarina|1\n|-damage|p1a: Primarina|71/100\n|-supereffective|p1a: Primarina|1\n|-damage|p1a: Primarina|39/100\n|-supereffective|p1a: Primarina|1\n|-damage|p1a: Primarina|11/100\n|-hitcount|p1a: Primarina|3\n|\n|-weather|SunnyDay|[upkeep]\n|-heal|p1a: Primarina|17/100|[from] item: Leftovers\n|upkeep\n|turn|4\n|\n|t:|1776637562\n|switch|p1b: Pelipper|Pelipper, L50, M|100/100\n|-weather|RainDance|[from] ability: Drizzle|[of] p1b: Pelipper\n|move|p2b: Maushold|Protect|p2b: Maushold\n|-singleturn|p2b: Maushold|Protect\n|move|p1a: Primarina|Hyper Voice|p2a: Incineroar|[spread] p2a\n|-activate|p2b: Maushold|move: Protect\n|-supereffective|p2a: Incineroar|1\n|-damage|p2a: Incineroar|0 fnt\n|faint|p2a: Incineroar\n|\n|-weather|RainDance|[upkeep]\n|-heal|p1a: Primarina|23/100|[from] item: Leftovers\n|upkeep\n|\n|t:|1776637575\n|switch|p2a: Torkoal|Torkoal, L50, M, shiny|100/100\n|-weather|SunnyDay|[from] ability: Drought|[of] p2a: Torkoal\n|turn|5\n|\n|t:|1776637602\n|switch|p2b: Armarouge|Armarouge, L50, F, shiny|100/100\n|switch|p1b: Empoleon|Empoleon, L50, M|100/100\n|move|p2a: Torkoal|Protect|p2a: Torkoal\n|-singleturn|p2a: Torkoal|Protect\n|move|p1a: Primarina|Hyper Voice|p2b: Armarouge|[spread] p2b\n|-activate|p2a: Torkoal|move: Protect\n|-supereffective|p2b: Armarouge|1\n|-damage|p2b: Armarouge|52/100\n|\n|-weather|SunnyDay|[upkeep]\n|-heal|p1a: Primarina|29/100|[from] item: Leftovers\n|upkeep\n|turn|6\n|\n|t:|1776637627\n|switch|p2a: Maushold|Maushold-Four, L50, shiny|6/100\n|move|p1b: Empoleon|Vacuum Wave|p2b: Armarouge\n|-resisted|p2b: Armarouge|1\n|-damage|p2b: Armarouge|43/100\n|move|p2b: Armarouge|Psychic|p1a: Primarina\n|-damage|p1a: Primarina|0 fnt\n|faint|p1a: Primarina\n|\n|-weather|SunnyDay|[upkeep]\n|upkeep\n|\n|t:|1776637638\n|switch|p1a: Pelipper|Pelipper, L50, M|100/100\n|-weather|RainDance|[from] ability: Drizzle|[of] p1a: Pelipper\n|turn|7\n|\n|t:|1776637666\n|move|p2b: Armarouge|Protect|p2b: Armarouge\n|-singleturn|p2b: Armarouge|Protect\n|move|p1b: Empoleon|Vacuum Wave|p2a: Maushold\n|-supereffective|p2a: Maushold|1\n|-damage|p2a: Maushold|0 fnt\n|faint|p2a: Maushold\n|move|p1a: Pelipper|Hurricane|p2b: Armarouge\n|-activate|p2b: Armarouge|move: Protect\n|\n|-weather|RainDance|[upkeep]\n|upkeep\n|\n|t:|1776637674\n|switch|p2a: Torkoal|Torkoal, L50, M, shiny|100/100\n|-weather|SunnyDay|[from] ability: Drought|[of] p2a: Torkoal\n|turn|8\n|\n|t:|1776637686\n|move|p1a: Pelipper|Wide Guard|p1a: Pelipper\n|-singleturn|p1a: Pelipper|Wide Guard\n|move|p1b: Empoleon|Vacuum Wave|p2a: Torkoal\n|-damage|p2a: Torkoal|78/100\n|move|p2b: Armarouge|Psychic|p1a: Pelipper\n|-damage|p1a: Pelipper|15/100\n|move|p2a: Torkoal|Scorching Sands|p1b: Empoleon\n|-supereffective|p1b: Empoleon|1\n|-damage|p1b: Empoleon|61/100\n|-status|p1b: Empoleon|brn\n|\n|-weather|SunnyDay|[upkeep]\n|-damage|p1b: Empoleon|55/100 brn|[from] brn\n|upkeep\n|turn|9\n|\n|t:|1776637719\n|move|p2b: Armarouge|Psychic|p1a: Pelipper\n|-damage|p1a: Pelipper|0 fnt\n|faint|p1a: Pelipper\n|move|p1b: Empoleon|Chilling Water|p2b: Armarouge\n|-supereffective|p2b: Armarouge|1\n|-crit|p2b: Armarouge\n|-damage|p2b: Armarouge|0 fnt\n|faint|p2b: Armarouge\n|move|p2a: Torkoal|Scorching Sands|p1b: Empoleon\n|-supereffective|p1b: Empoleon|1\n|-damage|p1b: Empoleon|18/100 brn\n|\n|-weather|SunnyDay|[upkeep]\n|-damage|p1b: Empoleon|13/100 brn|[from] brn\n|upkeep\n|turn|10\n|\n|t:|1776637733\n|move|p2a: Torkoal|Protect|p2a: Torkoal\n|-singleturn|p2a: Torkoal|Protect\n|move|p1b: Empoleon|Chilling Water|p2a: Torkoal\n|-activate|p2a: Torkoal|move: Protect\n|\n|-weather|SunnyDay|[upkeep]\n|-damage|p1b: Empoleon|7/100 brn|[from] brn\n|upkeep\n|turn|11\n|\n|t:|1776637754\n|move|p1b: Empoleon|Chilling Water|p2a: Torkoal\n|-supereffective|p2a: Torkoal|1\n|-damage|p2a: Torkoal|36/100\n|-unboost|p2a: Torkoal|atk|1\n|move|p2a: Torkoal|Scorching Sands|p1b: Empoleon\n|-supereffective|p1b: Empoleon|1\n|-damage|p1b: Empoleon|0 fnt\n|faint|p1b: Empoleon\n|\n|win|iamjalenhh\n",
  "uploadtime": 1776637759,
  "views": 6,
  "formatid": "gen9championsvgc2026regma",
  "rating": null,
  "private": 0,
  "password": null
}