{
  "id": "gen9championsvgc2026regma-2587303771",
  "format": "[Gen 9 Champions] VGC 2026 Reg M-A",
  "players": [
    "Ikeamp88",
    "Arcario13"
  ],
  "log": "|j|\u2606Ikeamp88\n|j|\u2606Arcario13\n|t:|1776520133\n|gametype|doubles\n|player|p1|Ikeamp88|2|1329\n|player|p2|Arcario13|hilbert-wonderlauncher|1269\n|gen|9\n|tier|[Gen 9 Champions] VGC 2026 Reg M-A\n|rated|\n|rule|Species Clause: Limit one of each Pok\u00e9mon\n|rule|Item Clause: Limit 1 of each item\n|clearpoke\n|poke|p1|Zoroark-Hisui, L50, F|\n|poke|p1|Passimian, L50, F|\n|poke|p1|Delphox, L50, M|\n|poke|p1|Tsareena, L50, F|\n|poke|p1|Rotom-Wash, L50|\n|poke|p1|Aerodactyl, L50, M|\n|poke|p2|Charizard, L50, F, shiny|\n|poke|p2|Venusaur, L50, F, shiny|\n|poke|p2|Milotic, L50, M, shiny|\n|poke|p2|Incineroar, L50, M, shiny|\n|poke|p2|Sneasler, L50, M|\n|poke|p2|Zoroark-Hisui, L50, M, shiny|\n|teampreview|4\n|inactive|Battle timer is ON: inactive players will automatically lose when time's up. (requested by Arcario13)\n|inactive|Arcario13 has 60 seconds left.\n|\n|t:|1776520191\n|teamsize|p1|4\n|teamsize|p2|4\n|start\n|switch|p1a: Tsareena|Tsareena, L50, F|100/100\n|switch|p1b: Passimian|Passimian, L50, F|100/100\n|switch|p2a: Incineroar|Incineroar, L50, M, shiny|100/100\n|switch|p2b: Sneasler|Sneasler, L50, M|100/100\n|-ability|p2a: Incineroar|Intimidate|boost\n|-unboost|p1a: Tsareena|atk|1\n|-unboost|p1b: Passimian|atk|1\n|-ability|p1b: Passimian|Defiant|boost\n|-boost|p1b: Passimian|atk|2\n|turn|1\n|inactive|Ikeamp88 has 30 seconds left.\n|\n|t:|1776520220\n|move|p2b: Sneasler|Psychic|p1b: Passimian\n|-supereffective|p1b: Passimian|1\n|-damage|p1b: Passimian|0 fnt\n|faint|p1b: Passimian\n|move|p1a: Tsareena|Icy Wind|p2b: Sneasler|[spread] p2b\n|-miss|p1a: Tsareena|p2a: Incineroar\n|-damage|p2b: Sneasler|71/100\n|-unboost|p2b: Sneasler|spe|1\n|replace|p2b: Zoroark|Zoroark-Hisui, L50, M, shiny\n|-end|p2b: Zoroark|Illusion\n|move|p2a: Incineroar|Flare Blitz|p1a: Tsareena\n|-enditem|p1a: Tsareena|Focus Sash\n|-damage|p1a: Tsareena|1/100\n|replace|p1a: Zoroark|Zoroark-Hisui, L50, F\n|-end|p1a: Zoroark|Illusion\n|-damage|p2a: Incineroar|79/100|[from] Recoil\n|\n|upkeep\n|\n|t:|1776520237\n|switch|p1b: Tsareena|Tsareena, L50, F|100/100\n|turn|2\n|\n|t:|1776520246\n|move|p1a: Zoroark|Focus Blast|p2a: Incineroar\n|-supereffective|p2a: Incineroar|1\n|-damage|p2a: Incineroar|0 fnt\n|faint|p2a: Incineroar\n|move|p2b: Zoroark|Psychic|p1a: Zoroark\n|-damage|p1a: Zoroark|0 fnt\n|faint|p1a: Zoroark\n|move|p1b: Tsareena|Trop Kick|p2b: Zoroark\n|-damage|p2b: Zoroark|0 fnt\n|faint|p2b: Zoroark\n|\n|upkeep\n|\n|t:|1776520253\n|switch|p1a: Delphox|Delphox, L50, M|100/100\n|switch|p2b: Charizard|Charizard, L50, F, shiny|100/100\n|switch|p2a: Sneasler|Sneasler, L50, M|100/100\n|turn|3\n|\n|t:|1776520266\n|detailschange|p1a: Delphox|Delphox-Mega, L50, M\n|-mega|p1a: Delphox|Delphox|Delphoxite\n|detailschange|p2b: Charizard|Charizard-Mega-Y, L50, F, shiny\n|-mega|p2b: Charizard|Charizard|Charizardite Y\n|-weather|SunnyDay|[from] ability: Drought|[of] p2b: Charizard\n|move|p1b: Tsareena|Protect|p1b: Tsareena\n|-singleturn|p1b: Tsareena|Protect\n|move|p1a: Delphox|Psyshock|p2a: Sneasler\n|-supereffective|p2a: Sneasler|2\n|-damage|p2a: Sneasler|0 fnt\n|faint|p2a: Sneasler\n|move|p2b: Charizard|Heat Wave|p1a: Delphox|[spread] p1a\n|-activate|p1b: Tsareena|move: Protect\n|-resisted|p1a: Delphox|1\n|-damage|p1a: Delphox|67/100\n|\n|-weather|SunnyDay|[upkeep]\n|upkeep\n|turn|4\n|\n|t:|1776520280\n|move|p1a: Delphox|Psyshock|p2b: Charizard\n|-damage|p2b: Charizard|28/100\n|move|p2b: Charizard|Heat Wave|p1b: Tsareena|[spread] p1a,p1b\n|-resisted|p1a: Delphox|1\n|-supereffective|p1b: Tsareena|1\n|-damage|p1a: Delphox|35/100\n|-damage|p1b: Tsareena|0 fnt\n|faint|p1b: Tsareena\n|\n|-weather|SunnyDay|[upkeep]\n|upkeep\n|turn|5\n|\n|t:|1776520294\n|move|p1a: Delphox|Psyshock|p2b: Charizard\n|-damage|p2b: Charizard|0 fnt\n|faint|p2b: Charizard\n|\n|win|Ikeamp88\n|raw|Ikeamp88's rating: 1329 &rarr; <strong>1346</strong><br />(+17 for winning)\n|raw|Arcario13's rating: 1269 &rarr; <strong>1248</strong><br />(-21 for losing)\n|l|\u2606Arcario13\n|player|p2|\n",
  "uploadtime": 1776520304,
  "views": 25,
  "formatid": "gen9championsvgc2026regma",
  "rating": 1248,
  "private": 0,
  "password": null
}