{
  "id": "gen9championsvgc2026regma-2583423608",
  "format": "[Gen 9 Champions] VGC 2026 Reg M-A",
  "players": [
    "Centre_eagle07",
    "Dextrou_"
  ],
  "log": "|j|\u2606Centre_eagle07\n|j|\u2606Dextrou_\n|t:|1776174689\n|gametype|doubles\n|player|p1|Centre_eagle07|170|1079\n|player|p2|Dextrou_|brendan-masters|1000\n|gen|9\n|tier|[Gen 9 Champions] VGC 2026 Reg M-A\n|rated|\n|rule|Species Clause: Limit one of each Pok\u00e9mon\n|rule|Item Clause: Limit 1 of each item\n|clearpoke\n|poke|p1|Charizard, L50, F|\n|poke|p1|Venusaur, L50, F|\n|poke|p1|Garchomp, L50, M|\n|poke|p1|Aegislash, L50, F|\n|poke|p1|Talonflame, L50, F|\n|poke|p1|Rotom-Wash, L50|\n|poke|p2|Drampa, L50, M|\n|poke|p2|Alakazam, L50, F|\n|poke|p2|Pelipper, L50, F|\n|poke|p2|Sinistcha-Masterpiece, L50|\n|poke|p2|Scizor, L50, F|\n|poke|p2|Basculegion, L50, M|\n|teampreview|4\n|inactive|Battle timer is ON: inactive players will automatically lose when time's up. (requested by Dextrou_)\n|inactive|Centre_eagle07 has 60 seconds left.\n|\n|t:|1776174745\n|teamsize|p1|4\n|teamsize|p2|4\n|start\n|switch|p1a: Charizard|Charizard, L50, F|100/100\n|switch|p1b: Venusaur|Venusaur, L50, F|100/100\n|switch|p2a: Drampa|Drampa, L50, M|100/100\n|switch|p2b: Alakazam|Alakazam, L50, F|100/100\n|turn|1\n|\n|t:|1776174764\n|detailschange|p1a: Charizard|Charizard-Mega-Y, L50, F\n|-mega|p1a: Charizard|Charizard|Charizardite Y\n|-weather|SunnyDay|[from] ability: Drought|[of] p1a: Charizard\n|move|p1b: Venusaur|Sleep Powder|p2a: Drampa\n|-status|p2a: Drampa|slp|[from] move: Sleep Powder\n|move|p2b: Alakazam|Light Screen|p2b: Alakazam\n|-sidestart|p2: Dextrou_|move: Light Screen\n|move|p1a: Charizard|Heat Wave|p2a: Drampa|[spread] p2a,p2b\n|-resisted|p2a: Drampa|1\n|-damage|p2a: Drampa|77/100 slp\n|-damage|p2b: Alakazam|42/100\n|-status|p2b: Alakazam|brn\n|cant|p2a: Drampa|slp\n|\n|-weather|SunnyDay|[upkeep]\n|-damage|p2b: Alakazam|36/100 brn|[from] brn\n|upkeep\n|turn|2\n|\n|t:|1776174788\n|switch|p1a: Rotom|Rotom-Wash, L50|100/100\n|detailschange|p2a: Drampa|Drampa-Mega, L50, M\n|-mega|p2a: Drampa|Drampa|Drampanite\n|move|p1b: Venusaur|Sleep Powder||[still]\n|-fail|p1b: Venusaur\n|move|p2b: Alakazam|Speed Swap|p2a: Drampa\n|-activate|p2b: Alakazam|move: Speed Swap|[of] p2a: Drampa\n|cant|p2a: Drampa|slp\n|\n|-weather|SunnyDay|[upkeep]\n|-damage|p2b: Alakazam|30/100 brn|[from] brn\n|upkeep\n|turn|3\n|inactive|Centre_eagle07 has 30 seconds left.\n|\n|t:|1776174815\n|move|p1b: Venusaur|Protect|p1b: Venusaur\n|-singleturn|p1b: Venusaur|Protect\n|move|p1a: Rotom|Discharge|p2a: Drampa|[spread] p2a,p2b\n|-activate|p1b: Venusaur|move: Protect\n|-resisted|p2a: Drampa|1\n|-damage|p2a: Drampa|69/100 slp\n|-damage|p2b: Alakazam|3/100 brn\n|-curestatus|p2a: Drampa|slp|[msg]\n|move|p2a: Drampa|Hyper Voice|p1b: Venusaur|[spread] p1a\n|-activate|p1b: Venusaur|move: Protect\n|-damage|p1a: Rotom|45/100\n|move|p2b: Alakazam|Psychic|p1b: Venusaur\n|-activate|p1b: Venusaur|move: Protect\n|\n|-weather|SunnyDay|[upkeep]\n|-damage|p2b: Alakazam|0 fnt|[from] brn\n|faint|p2b: Alakazam\n|upkeep\n|\n|t:|1776174832\n|switch|p2b: Pelipper|Pelipper, L50, F|100/100\n|-weather|RainDance|[from] ability: Drizzle|[of] p2b: Pelipper\n|turn|4\n|\n|t:|1776174853\n|move|p1b: Venusaur|Protect|p1b: Venusaur\n|-singleturn|p1b: Venusaur|Protect\n|move|p1a: Rotom|Discharge|p2a: Drampa|[spread] p2a,p2b\n|-activate|p1b: Venusaur|move: Protect\n|-resisted|p2a: Drampa|1\n|-supereffective|p2b: Pelipper|2\n|-damage|p2a: Drampa|62/100\n|-enditem|p2b: Pelipper|Focus Sash\n|-damage|p2b: Pelipper|1/100\n|-status|p2b: Pelipper|par\n|move|p2a: Drampa|Hyper Voice|p1b: Venusaur|[spread] p1a\n|-activate|p1b: Venusaur|move: Protect\n|-damage|p1a: Rotom|0 fnt\n|faint|p1a: Rotom\n|move|p2b: Pelipper|Weather Ball|p1b: Venusaur\n|-activate|p1b: Venusaur|move: Protect\n|\n|-weather|RainDance|[upkeep]\n|upkeep\n|\n|t:|1776174867\n|switch|p1a: Charizard|Charizard-Mega-Y, L50, F|100/100\n|-weather|SunnyDay|[from] ability: Drought|[of] p1a: Charizard\n|turn|5\n|\n|t:|1776174879\n|switch|p2b: Basculegion|Basculegion, L50, M|100/100\n|move|p1b: Venusaur|Sleep Powder|p2a: Drampa\n|-status|p2a: Drampa|slp|[from] move: Sleep Powder\n|cant|p2a: Drampa|slp\n|move|p1a: Charizard|Heat Wave|p2b: Basculegion|[spread] p2a,p2b\n|-resisted|p2a: Drampa|1\n|-resisted|p2b: Basculegion|1\n|-damage|p2a: Drampa|42/100 slp\n|-damage|p2b: Basculegion|77/100\n|-status|p2b: Basculegion|brn\n|-ability|p2a: Drampa|Berserk|boost\n|-boost|p2a: Drampa|spa|1\n|\n|-weather|SunnyDay|[upkeep]\n|-damage|p2b: Basculegion|71/100 brn|[from] brn\n|-sideend|p2: Dextrou_|move: Light Screen\n|upkeep\n|turn|6\n|inactive|Dextrou_ has 30 seconds left.\n|c|\u2606Dextrou_|10%\n|inactive|Centre_eagle07 has 30 seconds left.\n|inactive|Dextrou_ has 20 seconds left.\n|\n|t:|1776174916\n|switch|p1a: Aegislash|Aegislash, L50, F|100/100\n|move|p2b: Basculegion|Aqua Jet|p1a: Aegislash\n|-damage|p1a: Aegislash|95/100\n|move|p1b: Venusaur|Sunny Day||[still]\n|-fail|p1b: Venusaur\n|cant|p2a: Drampa|slp\n|\n|-weather|SunnyDay|[upkeep]\n|-damage|p2b: Basculegion|65/100 brn|[from] brn\n|upkeep\n|turn|7\n|\n|t:|1776174934\n|switch|p2b: Pelipper|Pelipper, L50, F|1/100 par\n|-weather|RainDance|[from] ability: Drizzle|[of] p2b: Pelipper\n|switch|p1a: Charizard|Charizard-Mega-Y, L50, F|100/100\n|-weather|SunnyDay|[from] ability: Drought|[of] p1a: Charizard\n|move|p1b: Venusaur|Solar Beam||[still]\n|-prepare|p1b: Venusaur|Solar Beam\n|-anim|p1b: Venusaur|Solar Beam|p2b: Pelipper\n|-damage|p2b: Pelipper|0 fnt\n|faint|p2b: Pelipper\n|-curestatus|p2a: Drampa|slp|[msg]\n|move|p2a: Drampa|Earth Power|p1a: Charizard\n|-immune|p1a: Charizard\n|\n|-weather|SunnyDay|[upkeep]\n|upkeep\n|-message|Dextrou_ forfeited.\n|\n|win|Centre_eagle07\n|raw|Centre_eagle07's rating: 1079 &rarr; <strong>1101</strong><br />(+22 for winning)\n|raw|Dextrou_'s rating: 1000 &rarr; <strong>1000</strong><br />(+0 for losing)\n|l|\u2606Centre_eagle07\n|player|p1|\n",
  "uploadtime": 1776174987,
  "views": 14,
  "formatid": "gen9championsvgc2026regma",
  "rating": 1000,
  "private": 0,
  "password": null
}