{
  "id": "gen9championsvgc2026regma-2584880224",
  "format": "[Gen 9 Champions] VGC 2026 Reg M-A",
  "players": [
    "WaluigiVGC",
    "quirquincho"
  ],
  "log": "|j|\u2606WaluigiVGC\n|j|\u2606quirquincho\n|t:|1776291056\n|gametype|doubles\n|player|p1|WaluigiVGC|101|1123\n|player|p2|quirquincho|scientist-gen4|1037\n|gen|9\n|tier|[Gen 9 Champions] VGC 2026 Reg M-A\n|rated|\n|rule|Species Clause: Limit one of each Pok\u00e9mon\n|rule|Item Clause: Limit 1 of each item\n|clearpoke\n|poke|p1|Sneasler, L50, M|\n|poke|p1|Aerodactyl, L50, F|\n|poke|p1|Basculegion, L50, M|\n|poke|p1|Incineroar, L50, M|\n|poke|p1|Floette-Eternal, L50, F|\n|poke|p1|Sinistcha, L50|\n|poke|p2|Pelipper, L50, M|\n|poke|p2|Gardevoir, L50, M|\n|poke|p2|Whimsicott, L50, F|\n|poke|p2|Kingambit, L50, F|\n|poke|p2|Sneasler, L50, F|\n|poke|p2|Garchomp, L50, M|\n|teampreview|4\n|\n|t:|1776291090\n|teamsize|p1|4\n|teamsize|p2|4\n|start\n|switch|p1a: Aerodactyl|Aerodactyl, L50, F|100/100\n|switch|p1b: Sneasler|Sneasler, L50, M|100/100\n|switch|p2a: Sneasler|Sneasler, L50, F|100/100\n|switch|p2b: Garchomp|Garchomp, L50, M|100/100\n|-ability|p1a: Aerodactyl|Unnerve\n|-ability|p2a: Sneasler|Pressure\n|turn|1\n|\n|t:|1776291111\n|move|p1b: Sneasler|Fake Out|p2a: Sneasler\n|-damage|p2a: Sneasler|80/100\n|cant|p2a: Sneasler|flinch\n|move|p2b: Garchomp|Stomping Tantrum|p1b: Sneasler\n|-supereffective|p1b: Sneasler|1\n|-damage|p1b: Sneasler|0 fnt\n|faint|p1b: Sneasler\n|move|p1a: Aerodactyl|Tailwind|p1a: Aerodactyl\n|-sidestart|p1: WaluigiVGC|move: Tailwind\n|\n|upkeep\n|\n|t:|1776291123\n|switch|p1b: Floette|Floette-Eternal, L50, F|100/100\n|turn|2\n|\n|t:|1776291133\n|detailschange|p1b: Floette|Floette-Mega, L50, F\n|-mega|p1b: Floette|Floette|Floettite\n|-ability|p1b: Floette|Fairy Aura\n|move|p1a: Aerodactyl|Dual Wingbeat|p2a: Sneasler\n|-supereffective|p2a: Sneasler|1\n|-crit|p2a: Sneasler\n|-damage|p2a: Sneasler|0 fnt\n|faint|p2a: Sneasler\n|-hitcount|p2: Sneasler|1\n|move|p1b: Floette|Moonblast|p2b: Garchomp\n|-supereffective|p2b: Garchomp|1\n|-damage|p2b: Garchomp|0 fnt\n|faint|p2b: Garchomp\n|\n|upkeep\n|\n|t:|1776291147\n|switch|p2b: Gardevoir|Gardevoir, L50, M|100/100\n|switch|p2a: Whimsicott|Whimsicott, L50, F|100/100\n|turn|3\n|\n|t:|1776291161\n|detailschange|p2b: Gardevoir|Gardevoir-Mega, L50, M\n|-mega|p2b: Gardevoir|Gardevoir|Gardevoirite\n|move|p2a: Whimsicott|Helping Hand|p2b: Gardevoir\n|-singleturn|p2b: Gardevoir|Helping Hand|[of] p2a: Whimsicott\n|move|p1a: Aerodactyl|Dual Wingbeat|p2a: Whimsicott\n|-supereffective|p2a: Whimsicott|1\n|-damage|p2a: Whimsicott|55/100\n|-supereffective|p2a: Whimsicott|1\n|-damage|p2a: Whimsicott|6/100\n|-hitcount|p2a: Whimsicott|2\n|move|p1b: Floette|Moonblast|p2b: Gardevoir\n|-damage|p2b: Gardevoir|20/100\n|move|p2b: Gardevoir|Hyper Voice|p1a: Aerodactyl|[spread] p1a,p1b\n|-enditem|p1a: Aerodactyl|Focus Sash\n|-damage|p1a: Aerodactyl|1/100\n|-damage|p1b: Floette|29/100\n|\n|upkeep\n|turn|4\n|\n|t:|1776291186\n|switch|p1a: Sinistcha|Sinistcha, L50|100/100\n|-heal|p1b: Floette|54/100|[from] ability: Hospitality|[of] p1a: Sinistcha\n|move|p2b: Gardevoir|Protect|p2b: Gardevoir\n|-singleturn|p2b: Gardevoir|Protect\n|move|p2a: Whimsicott|Tailwind|p2a: Whimsicott\n|-sidestart|p2: quirquincho|move: Tailwind\n|move|p1b: Floette|Dazzling Gleam|p2b: Gardevoir|[spread] p2a\n|-activate|p2b: Gardevoir|move: Protect\n|-damage|p2a: Whimsicott|0 fnt\n|faint|p2a: Whimsicott\n|\n|-sideend|p1: WaluigiVGC|move: Tailwind\n|upkeep\n|turn|5\n|l|\u2606quirquincho\n|player|p2|\n|inactive|Battle timer is ON: inactive players will automatically lose when time's up. (requested by WaluigiVGC)\n|j|\u2606quirquincho\n|inactive|quirquincho reconnected and has 80 seconds left.\n|player|p2|quirquincho|scientist-gen4|\n|\n|t:|1776291252\n|move|p1b: Floette|Protect|p1b: Floette\n|-singleturn|p1b: Floette|Protect\n|move|p2b: Gardevoir|Hyper Voice|p1a: Sinistcha|[spread] p1a\n|-activate|p1b: Floette|move: Protect\n|-damage|p1a: Sinistcha|22/100\n|-enditem|p1a: Sinistcha|Sitrus Berry|[eat]\n|-heal|p1a: Sinistcha|47/100|[from] item: Sitrus Berry\n|move|p1a: Sinistcha|Trick Room|p1a: Sinistcha\n|-fieldstart|move: Trick Room|[of] p1a: Sinistcha\n|\n|upkeep\n|turn|6\n|l|\u2606quirquincho\n|inactive|quirquincho disconnected and has a minute to reconnect!\n|player|p2|\n|j|\u2606quirquincho\n|inactive|quirquincho reconnected and has 35 seconds left.\n|player|p2|quirquincho|scientist-gen4|\n|inactive|quirquincho has 30 seconds left.\n|inactive|quirquincho has 20 seconds left.\n|\n|t:|1776291288\n|move|p2b: Gardevoir|Protect|p2b: Gardevoir\n|-singleturn|p2b: Gardevoir|Protect\n|move|p1a: Sinistcha|Matcha Gotcha|p2b: Gardevoir\n|-activate|p2b: Gardevoir|move: Protect\n|move|p1b: Floette|Moonblast|p2b: Gardevoir\n|-activate|p2b: Gardevoir|move: Protect\n|\n|upkeep\n|turn|7\n|\n|t:|1776291301\n|move|p2b: Gardevoir|Protect||[still]\n|-fail|p2b: Gardevoir\n|move|p1a: Sinistcha|Matcha Gotcha|p2b: Gardevoir\n|-damage|p2b: Gardevoir|0 fnt\n|-heal|p1a: Sinistcha|55/100|[from] drain|[of] p2b: Gardevoir\n|faint|p2b: Gardevoir\n|\n|win|WaluigiVGC\n|raw|WaluigiVGC's rating: 1123 &rarr; <strong>1142</strong><br />(+19 for winning)\n|raw|quirquincho's rating: 1037 &rarr; <strong>1025</strong><br />(-12 for losing)\n|l|\u2606quirquincho\n|player|p2|\n",
  "uploadtime": 1776291311,
  "views": 18,
  "formatid": "gen9championsvgc2026regma",
  "rating": 1025,
  "private": 0,
  "password": null
}