{
  "id": "gen9championsvgc2026regma-2587619574",
  "format": "[Gen 9 Champions] VGC 2026 Reg M-A",
  "players": [
    "UserHaxd",
    "FallenTurtlle"
  ],
  "log": "|j|\u2606UserHaxd\n|j|\u2606FallenTurtlle\n|t:|1776547565\n|gametype|doubles\n|player|p1|UserHaxd|265|1201\n|player|p2|FallenTurtlle|serena|1207\n|gen|9\n|tier|[Gen 9 Champions] VGC 2026 Reg M-A\n|rated|\n|rule|Species Clause: Limit one of each Pok\u00e9mon\n|rule|Item Clause: Limit 1 of each item\n|clearpoke\n|poke|p1|Sableye, L50, F|\n|poke|p1|Scizor, L50, M|\n|poke|p1|Chesnaught, L50, M|\n|poke|p1|Farigiraf, L50, F|\n|poke|p1|Basculegion, L50, M|\n|poke|p1|Archaludon, L50, M|\n|poke|p2|Mamoswine, L50, F|\n|poke|p2|Aerodactyl, L50, M|\n|poke|p2|Incineroar, L50, F|\n|poke|p2|Meganium, L50, F, shiny|\n|poke|p2|Pelipper, L50, F|\n|poke|p2|Heliolisk, L50, F, shiny|\n|teampreview|4\n|inactive|Battle timer is ON: inactive players will automatically lose when time's up. (requested by UserHaxd)\n|inactive|FallenTurtlle has 60 seconds left.\n|\n|t:|1776547613\n|teamsize|p1|4\n|teamsize|p2|4\n|start\n|switch|p1a: Scizor|Scizor, L50, M|100/100\n|switch|p1b: Basculegion|Basculegion, L50, M|100/100\n|switch|p2a: Meganium|Meganium, L50, F, shiny|100/100\n|switch|p2b: Mamoswine|Mamoswine, L50, F|100/100\n|turn|1\n|\n|t:|1776547637\n|switch|p2b: Heliolisk|Heliolisk, L50, F, shiny|100/100\n|detailschange|p1a: Scizor|Scizor-Mega, L50, M\n|-mega|p1a: Scizor|Scizor|Scizorite\n|move|p2a: Meganium|Protect|p2a: Meganium\n|-singleturn|p2a: Meganium|Protect\n|move|p1b: Basculegion|Wave Crash|p2b: Heliolisk\n|-immune|p2b: Heliolisk|[from] ability: Dry Skin\n|move|p1a: Scizor|Bug Bite|p2a: Meganium\n|-activate|p2a: Meganium|move: Protect\n|\n|upkeep\n|turn|2\n|\n|t:|1776547656\n|switch|p1b: Archaludon|Archaludon, L50, M|100/100\n|detailschange|p2a: Meganium|Meganium-Mega, L50, F, shiny\n|-mega|p2a: Meganium|Meganium|Meganiumite\n|move|p2b: Heliolisk|Electroweb|p1a: Scizor|[spread] p1b\n|-miss|p2b: Heliolisk|p1a: Scizor\n|-resisted|p1b: Archaludon|1\n|-damage|p1b: Archaludon|81/100\n|-unboost|p1b: Archaludon|spe|1\n|-enditem|p1b: Archaludon|White Herb\n|-clearnegativeboost|p1b: Archaludon|[silent]\n|move|p2a: Meganium|Weather Ball|p1a: Scizor\n|-supereffective|p1a: Scizor|2\n|-damage|p1a: Scizor|0 fnt\n|faint|p1a: Scizor\n|\n|upkeep\n|\n|t:|1776547673\n|switch|p1a: Sableye|Sableye, L50, F|100/100\n|turn|3\n|\n|t:|1776547693\n|move|p1a: Sableye|Rain Dance|p1a: Sableye\n|-weather|RainDance\n|move|p2b: Heliolisk|Electroweb|p1b: Archaludon|[spread] p1a,p1b\n|-resisted|p1b: Archaludon|1\n|-damage|p1a: Sableye|67/100\n|-damage|p1b: Archaludon|64/100\n|-unboost|p1a: Sableye|spe|1\n|-unboost|p1b: Archaludon|spe|1\n|move|p2a: Meganium|Dazzling Gleam|p1b: Archaludon|[spread] p1a,p1b\n|-supereffective|p1a: Sableye|1\n|-damage|p1a: Sableye|0 fnt\n|-damage|p1b: Archaludon|14/100\n|faint|p1a: Sableye\n|move|p1b: Archaludon|Flash Cannon|p2a: Meganium\n|-supereffective|p2a: Meganium|1\n|-damage|p2a: Meganium|23/100\n|\n|-weather|RainDance|[upkeep]\n|upkeep\n|\n|t:|1776547706\n|switch|p1a: Basculegion|Basculegion, L50, M|100/100\n|turn|4\n|\n|t:|1776547725\n|move|p2a: Meganium|Protect|p2a: Meganium\n|-singleturn|p2a: Meganium|Protect\n|move|p1a: Basculegion|Last Respects|p2a: Meganium\n|-activate|p2a: Meganium|move: Protect\n|move|p2b: Heliolisk|Thunderbolt|p1b: Archaludon\n|-resisted|p1b: Archaludon|1\n|-damage|p1b: Archaludon|0 fnt\n|faint|p1b: Archaludon\n|\n|-weather|RainDance|[upkeep]\n|upkeep\n|turn|5\n|-message|UserHaxd forfeited.\n|\n|win|FallenTurtlle\n|raw|UserHaxd's rating: 1201 &rarr; <strong>1176</strong><br />(-25 for losing)\n|raw|FallenTurtlle's rating: 1207 &rarr; <strong>1232</strong><br />(+25 for winning)\n",
  "uploadtime": 1776547735,
  "views": 10,
  "formatid": "gen9championsvgc2026regma",
  "rating": 1176,
  "private": 0,
  "password": null
}