{
  "id": "gen9championsvgc2026regma-2586952272",
  "format": "[Gen 9 Champions] VGC 2026 Reg M-A",
  "players": [
    "apexdesu",
    "areestoo"
  ],
  "log": "|j|\u2606apexdesu\n|j|\u2606areestoo\n|t:|1776475031\n|gametype|doubles\n|player|p1|apexdesu|cowgirl|1313\n|player|p2|areestoo|101|1326\n|gen|9\n|tier|[Gen 9 Champions] VGC 2026 Reg M-A\n|rated|\n|rule|Species Clause: Limit one of each Pok\u00e9mon\n|rule|Item Clause: Limit 1 of each item\n|clearpoke\n|poke|p1|Ninetales-Alola, L50, M|\n|poke|p1|Crabominable, L50, F|\n|poke|p1|Camerupt, L50, M|\n|poke|p1|Incineroar, L50, M|\n|poke|p1|Farigiraf, L50, M|\n|poke|p1|Torkoal, L50, F|\n|poke|p2|Incineroar, L50, F|\n|poke|p2|Farigiraf, L50, F|\n|poke|p2|Torkoal, L50, M|\n|poke|p2|Scovillain, L50, F|\n|poke|p2|Feraligatr, L50, M|\n|poke|p2|Kingambit, L50, F|\n|teampreview|4\n|inactive|Battle timer is ON: inactive players will automatically lose when time's up. (requested by areestoo)\n|c|\u2606apexdesu|Ahahaha we meet each other again\n|c|\u2606areestoo|-_-\n|inactive|areestoo has 60 seconds left.\n|\n|t:|1776475079\n|teamsize|p1|4\n|teamsize|p2|4\n|start\n|switch|p1a: Incineroar|Incineroar, L50, M|100/100\n|switch|p1b: Farigiraf|Farigiraf, L50, M|100/100\n|switch|p2a: Farigiraf|Farigiraf, L50, F|100/100\n|switch|p2b: Scovillain|Scovillain, L50, F|100/100\n|-ability|p1a: Incineroar|Intimidate|boost\n|-unboost|p2a: Farigiraf|atk|1\n|-unboost|p2b: Scovillain|atk|1\n|turn|1\n|\n|t:|1776475102\n|move|p2b: Scovillain|Rage Powder|p2b: Scovillain\n|-singleturn|p2b: Scovillain|move: Rage Powder\n|move|p1a: Incineroar|Flare Blitz|p2b: Scovillain\n|-damage|p2b: Scovillain|16/100\n|-damage|p1a: Incineroar|77/100|[from] Recoil\n|move|p1b: Farigiraf|Dazzling Gleam|p2b: Scovillain|[spread] p2a,p2b\n|-resisted|p2b: Scovillain|1\n|-damage|p2a: Farigiraf|87/100\n|-damage|p2b: Scovillain|3/100\n|move|p2a: Farigiraf|Nasty Plot|p2a: Farigiraf\n|-boost|p2a: Farigiraf|spa|2\n|\n|upkeep\n|turn|2\n|\n|t:|1776475127\n|move|p2b: Scovillain|Rage Powder|p2b: Scovillain\n|-singleturn|p2b: Scovillain|move: Rage Powder\n|move|p1a: Incineroar|Parting Shot|p2b: Scovillain\n|-unboost|p2b: Scovillain|atk|1\n|-unboost|p2b: Scovillain|spa|1\n|\n|t:|1776475134\n|switch|p1a: Camerupt|Camerupt, L50, M|100/100|[from] Parting Shot\n|move|p2a: Farigiraf|Hyper Voice|p1b: Farigiraf|[spread] p1a,p1b\n|-damage|p1a: Camerupt|19/100\n|-damage|p1b: Farigiraf|29/100\n|-enditem|p1b: Farigiraf|Sitrus Berry|[eat]\n|-heal|p1b: Farigiraf|54/100|[from] item: Sitrus Berry\n|move|p1b: Farigiraf|Trick Room|p1b: Farigiraf\n|-fieldstart|move: Trick Room|[of] p1b: Farigiraf\n|\n|upkeep\n|turn|3\n|inactive|apexdesu has 30 seconds left.\n|inactive|areestoo has 30 seconds left.\n|inactive|apexdesu has 20 seconds left.\n|\n|t:|1776475171\n|detailschange|p1a: Camerupt|Camerupt-Mega, L50, M\n|-mega|p1a: Camerupt|Camerupt|Cameruptite\n|move|p2b: Scovillain|Protect|p2b: Scovillain\n|-singleturn|p2b: Scovillain|Protect\n|move|p1a: Camerupt|Heat Wave|p2b: Scovillain|[spread] p2a\n|-activate|p2b: Scovillain|move: Protect\n|-damage|p2a: Farigiraf|33/100\n|move|p1b: Farigiraf|Thunder|p2a: Farigiraf\n|-damage|p2a: Farigiraf|8/100\n|move|p2a: Farigiraf|Trick Room|p2a: Farigiraf\n|-fieldend|move: Trick Room\n|\n|upkeep\n|turn|4\n|c|\u2606areestoo|but why thunder tho\n|inactive|apexdesu has 30 seconds left.\n|\n|t:|1776475198\n|move|p2b: Scovillain|Rage Powder|p2b: Scovillain\n|-singleturn|p2b: Scovillain|move: Rage Powder\n|move|p2a: Farigiraf|Hyper Voice|p1a: Camerupt|[spread] p1a,p1b\n|-damage|p1a: Camerupt|0 fnt\n|-damage|p1b: Farigiraf|0 fnt\n|faint|p1a: Camerupt\n|faint|p1b: Farigiraf\n|\n|upkeep\n|\n|t:|1776475206\n|switch|p1b: Torkoal|Torkoal, L50, F|100/100\n|switch|p1a: Incineroar|Incineroar, L50, M|77/100\n|-ability|p1a: Incineroar|Intimidate|boost\n|-unboost|p2a: Farigiraf|atk|1\n|-unboost|p2b: Scovillain|atk|1\n|-weather|SunnyDay|[from] ability: Drought|[of] p1b: Torkoal\n|turn|5\n|\n|t:|1776475220\n|move|p1a: Incineroar|Fake Out||[still]\n|cant|p2a: Farigiraf|ability: Armor Tail|Fake Out|[of] p1a: Incineroar\n|move|p2b: Scovillain|Rage Powder|p2b: Scovillain\n|-singleturn|p2b: Scovillain|move: Rage Powder\n|move|p2a: Farigiraf|Hyper Voice|p1b: Torkoal|[spread] p1a,p1b\n|-damage|p1a: Incineroar|17/100\n|-damage|p1b: Torkoal|11/100\n|move|p1b: Torkoal|Heat Wave|p2a: Farigiraf|[spread] p2b\n|-miss|p1b: Torkoal|p2a: Farigiraf\n|-damage|p2b: Scovillain|0 fnt\n|faint|p2b: Scovillain\n|\n|-weather|SunnyDay|[upkeep]\n|upkeep\n|\n|t:|1776475229\n|switch|p2b: Feraligatr|Feraligatr, L50, M|100/100\n|turn|6\n|-message|apexdesu forfeited.\n|\n|win|areestoo\n|raw|apexdesu's rating: 1313 &rarr; <strong>1294</strong><br />(-19 for losing)\n|raw|areestoo's rating: 1326 &rarr; <strong>1345</strong><br />(+19 for winning)\n",
  "uploadtime": 1776475235,
  "views": 42,
  "formatid": "gen9championsvgc2026regma",
  "rating": 1294,
  "private": 0,
  "password": null
}