{
  "id": "gen9championsvgc2026regma-2585846082",
  "format": "[Gen 9 Champions] VGC 2026 Reg M-A",
  "players": [
    "campeondelfitness",
    "renox03"
  ],
  "log": "|j|\u2606campeondelfitness\n|j|\u2606renox03\n|t:|1776375082\n|gametype|doubles\n|player|p1|campeondelfitness|swimmer|1229\n|player|p2|renox03|ghetsis-gen5bw|1183\n|gen|9\n|tier|[Gen 9 Champions] VGC 2026 Reg M-A\n|rated|\n|rule|Species Clause: Limit one of each Pok\u00e9mon\n|rule|Item Clause: Limit 1 of each item\n|clearpoke\n|poke|p1|Tyranitar, L50, F|\n|poke|p1|Garchomp, L50, F|\n|poke|p1|Heliolisk, L50, M|\n|poke|p1|Rotom-Heat, L50|\n|poke|p1|Orthworm, L50, M|\n|poke|p1|Aerodactyl, L50, M|\n|poke|p2|Kangaskhan, L50, F|\n|poke|p2|Aerodactyl, L50, M|\n|poke|p2|Garchomp, L50, M|\n|poke|p2|Basculegion, L50, M|\n|poke|p2|Sylveon, L50, F|\n|poke|p2|Incineroar, L50, M|\n|teampreview|4\n|inactive|Battle timer is ON: inactive players will automatically lose when time's up. (requested by campeondelfitness)\n|\n|t:|1776375110\n|teamsize|p1|4\n|teamsize|p2|4\n|start\n|switch|p1a: Rotom|Rotom-Heat, L50|100/100\n|switch|p1b: Aerodactyl|Aerodactyl, L50, M|100/100\n|switch|p2a: Garchomp|Garchomp, L50, M|100/100\n|switch|p2b: Aerodactyl|Aerodactyl, L50, M|100/100\n|-ability|p2b: Aerodactyl|Unnerve\n|-ability|p1b: Aerodactyl|Unnerve\n|turn|1\n|\n|t:|1776375128\n|move|p2b: Aerodactyl|Tailwind|p2b: Aerodactyl\n|-sidestart|p2: renox03|move: Tailwind\n|move|p2a: Garchomp|Dragon Claw|p1b: Aerodactyl\n|-damage|p1b: Aerodactyl|38/100\n|move|p1b: Aerodactyl|Tailwind|p1b: Aerodactyl\n|-sidestart|p1: campeondelfitness|move: Tailwind\n|move|p1a: Rotom|Will-O-Wisp|p2a: Garchomp\n|-status|p2a: Garchomp|brn\n|\n|-damage|p2a: Garchomp|94/100 brn|[from] brn\n|upkeep\n|turn|2\n|inactive|campeondelfitness has 30 seconds left.\n|\n|t:|1776375161\n|switch|p1b: Tyranitar|Tyranitar, L50, F|100/100\n|-weather|Sandstorm|[from] ability: Sand Stream|[of] p1b: Tyranitar\n|move|p2b: Aerodactyl|Rock Slide|p1a: Rotom|[spread] p1a,p1b\n|-supereffective|p1a: Rotom|1\n|-damage|p1a: Rotom|47/100\n|-damage|p1b: Tyranitar|84/100\n|move|p2a: Garchomp|Dragon Claw|p1a: Rotom\n|-damage|p1a: Rotom|22/100\n|move|p1a: Rotom|Volt Switch|p2b: Aerodactyl\n|-supereffective|p2b: Aerodactyl|1\n|-damage|p2b: Aerodactyl|53/100\n|\n|t:|1776375182\n|switch|p1a: Garchomp|Garchomp, L50, F|100/100|[from] Volt Switch\n|\n|-weather|Sandstorm|[upkeep]\n|-damage|p2a: Garchomp|88/100 brn|[from] brn\n|upkeep\n|turn|3\n|\n|t:|1776375196\n|detailschange|p1a: Garchomp|Garchomp-Mega, L50, F\n|-mega|p1a: Garchomp|Garchomp|Garchompite\n|move|p2b: Aerodactyl|Protect|p2b: Aerodactyl\n|-singleturn|p2b: Aerodactyl|Protect\n|move|p1a: Garchomp|Protect|p1a: Garchomp\n|-singleturn|p1a: Garchomp|Protect\n|move|p2a: Garchomp|Dragon Claw|p1a: Garchomp\n|-activate|p1a: Garchomp|move: Protect\n|move|p1b: Tyranitar|Icy Wind|p2a: Garchomp|[spread] p2a\n|-activate|p2b: Aerodactyl|move: Protect\n|-supereffective|p2a: Garchomp|2\n|-damage|p2a: Garchomp|46/100 brn\n|-unboost|p2a: Garchomp|spe|1\n|-enditem|p2a: Garchomp|White Herb\n|-clearnegativeboost|p2a: Garchomp|[silent]\n|\n|-weather|Sandstorm|[upkeep]\n|-damage|p2a: Garchomp|40/100 brn|[from] brn\n|upkeep\n|turn|4\n|inactive|campeondelfitness has 30 seconds left.\n|\n|t:|1776375227\n|move|p2b: Aerodactyl|Dual Wingbeat|p1a: Garchomp\n|-damage|p1a: Garchomp|84/100\n|-damage|p1a: Garchomp|68/100\n|-hitcount|p1a: Garchomp|2\n|move|p1a: Garchomp|Dragon Claw|p2b: Aerodactyl\n|-damage|p2b: Aerodactyl|0 fnt\n|faint|p2b: Aerodactyl\n|move|p2a: Garchomp|Dragon Claw|p1a: Garchomp\n|-supereffective|p1a: Garchomp|1\n|-damage|p1a: Garchomp|33/100\n|move|p1b: Tyranitar|Icy Wind|p2a: Garchomp|[miss]\n|-miss|p1b: Tyranitar|p2a: Garchomp\n|\n|-weather|Sandstorm|[upkeep]\n|-damage|p2a: Garchomp|33/100 brn|[from] brn\n|-sideend|p1: campeondelfitness|move: Tailwind\n|-sideend|p2: renox03|move: Tailwind\n|upkeep\n|\n|t:|1776375239\n|switch|p2b: Basculegion|Basculegion, L50, M|100/100\n|turn|5\n|inactive|campeondelfitness has 30 seconds left.\n|inactive|renox03 has 30 seconds left.\n|inactive|campeondelfitness has 20 seconds left.\n|inactive|campeondelfitness has 15 seconds left.\n|inactive|campeondelfitness has 10 seconds left.\n|\n|t:|1776375287\n|move|p1a: Garchomp|Protect|p1a: Garchomp\n|-singleturn|p1a: Garchomp|Protect\n|move|p2b: Basculegion|Flip Turn|p1a: Garchomp\n|-activate|p1a: Garchomp|move: Protect\n|move|p2a: Garchomp|Stomping Tantrum|p1b: Tyranitar\n|-supereffective|p1b: Tyranitar|1\n|-damage|p1b: Tyranitar|54/100\n|move|p1b: Tyranitar|Knock Off|p2b: Basculegion\n|-supereffective|p2b: Basculegion|1\n|-damage|p2b: Basculegion|0 fnt\n|-enditem|p2b: Basculegion|Choice Scarf|[from] move: Knock Off|[of] p1b: Tyranitar\n|faint|p2b: Basculegion\n|\n|-weather|Sandstorm|[upkeep]\n|-damage|p2a: Garchomp|27/100 brn|[from] brn\n|upkeep\n|-message|renox03 forfeited.\n|\n|win|campeondelfitness\n|raw|campeondelfitness's rating: 1229 &rarr; <strong>1251</strong><br />(+22 for winning)\n|raw|renox03's rating: 1183 &rarr; <strong>1161</strong><br />(-22 for losing)\n|l|\u2606renox03\n|player|p2|\n",
  "uploadtime": 1776375302,
  "views": 38,
  "formatid": "gen9championsvgc2026regma",
  "rating": 1161,
  "private": 0,
  "password": null
}