{
  "id": "gen9championsvgc2026regma-2587748269",
  "format": "[Gen 9 Champions] VGC 2026 Reg M-A",
  "players": [
    "KilamanolaVGC",
    "agustjn"
  ],
  "log": "|j|\u203dKilamanolaVGC\n|j|\u2606agustjn\n|t:|1776560035\n|gametype|doubles\n|player|p1|KilamanolaVGC|benga|1211\n|player|p2|agustjn|sabrina|1248\n|gen|9\n|tier|[Gen 9 Champions] VGC 2026 Reg M-A\n|rated|\n|rule|Species Clause: Limit one of each Pok\u00e9mon\n|rule|Item Clause: Limit 1 of each item\n|clearpoke\n|poke|p1|Floette-Eternal, L50, F|\n|poke|p1|Garchomp, L50, M, shiny|\n|poke|p1|Aerodactyl, L50, M|\n|poke|p1|Kingambit, L50, F, shiny|\n|poke|p1|Charizard, L50, M, shiny|\n|poke|p1|Sneasler, L50, M, shiny|\n|poke|p2|Charizard, L50, F|\n|poke|p2|Venusaur, L50, F|\n|poke|p2|Garchomp, L50, M|\n|poke|p2|Rotom-Wash, L50|\n|poke|p2|Sneasler, L50, F|\n|poke|p2|Incineroar, L50, M|\n|teampreview|4\n|inactive|Battle timer is ON: inactive players will automatically lose when time's up. (requested by KilamanolaVGC)\n|inactive|KilamanolaVGC has 60 seconds left.\n|inactive|agustjn has 60 seconds left.\nKilamanolaVGC has agreed to open team sheets.\n|\n|t:|1776560090\n|teamsize|p1|4\n|teamsize|p2|4\n|start\n|switch|p1a: Sneasler|Sneasler, L50, M, shiny|100/100\n|switch|p1b: Aerodactyl|Aerodactyl, L50, M|100/100\n|switch|p2a: Charizard|Charizard, L50, F|100/100\n|switch|p2b: Garchomp|Garchomp, L50, M|100/100\n|-ability|p1b: Aerodactyl|Unnerve\n|turn|1\n|\n|t:|1776560111\n|move|p2a: Charizard|Protect|p2a: Charizard\n|-singleturn|p2a: Charizard|Protect\n|move|p1a: Sneasler|Fake Out|p2b: Garchomp\n|-damage|p2b: Garchomp|87/100\n|-damage|p1a: Sneasler|88/100|[from] ability: Rough Skin|[of] p2b: Garchomp\n|cant|p2b: Garchomp|flinch\n|move|p1b: Aerodactyl|Tailwind|p1b: Aerodactyl\n|-sidestart|p1: KilamanolaVGC|move: Tailwind\n|\n|upkeep\n|turn|2\n|inactive|agustjn has 30 seconds left.\n|inactive|agustjn has 20 seconds left.\n|inactive|agustjn has 15 seconds left.\n|inactive|agustjn has 10 seconds left.\n|inactive|agustjn has 5 seconds left.\n|\n|t:|1776560162\n|switch|p2a: Rotom|Rotom-Wash, L50|100/100\n|move|p1b: Aerodactyl|Rock Slide|p2b: Garchomp|[spread] p2a,p2b\n|-resisted|p2b: Garchomp|1\n|-crit|p2b: Garchomp\n|-damage|p2a: Rotom|79/100\n|-damage|p2b: Garchomp|70/100\n|move|p1a: Sneasler|Close Combat|p2a: Rotom\n|-damage|p2a: Rotom|23/100\n|-unboost|p1a: Sneasler|def|1\n|-unboost|p1a: Sneasler|spd|1\n|-enditem|p1a: Sneasler|White Herb\n|-clearnegativeboost|p1a: Sneasler|[silent]\n|move|p2b: Garchomp|Earthquake|p1b: Aerodactyl|[spread] p1a\n|-immune|p2a: Rotom|[from] ability: Levitate\n|-immune|p1b: Aerodactyl\n|-supereffective|p1a: Sneasler|1\n|-damage|p1a: Sneasler|0 fnt\n|faint|p1a: Sneasler\n|\n|-heal|p2a: Rotom|29/100|[from] item: Leftovers\n|upkeep\n|\n|t:|1776560176\n|switch|p1a: Floette|Floette-Eternal, L50, F|100/100\n|turn|3\n|\n|t:|1776560187\n|switch|p2b: Sneasler|Sneasler, L50, F|100/100\n|detailschange|p1a: Floette|Floette-Mega, L50, F\n|-mega|p1a: Floette|Floette|Floettite\n|-ability|p1a: Floette|Fairy Aura\n|move|p2a: Rotom|Protect|p2a: Rotom\n|-singleturn|p2a: Rotom|Protect\n|move|p1b: Aerodactyl|Rock Slide|p2a: Rotom|[spread] \n|-activate|p2a: Rotom|move: Protect\n|-miss|p1b: Aerodactyl|p2b: Sneasler\n|move|p1a: Floette|Dazzling Gleam|p2a: Rotom|[spread] p2b\n|-activate|p2a: Rotom|move: Protect\n|-damage|p2b: Sneasler|26/100\n|\n|-heal|p2a: Rotom|35/100|[from] item: Leftovers\n|upkeep\n|turn|4\n|inactive|KilamanolaVGC has 30 seconds left.\n|inactive|agustjn has 30 seconds left.\n|inactive|KilamanolaVGC has 20 seconds left.\n|inactive|agustjn has 20 seconds left.\n|\n|t:|1776560225\n|switch|p1a: Garchomp|Garchomp, L50, M, shiny|100/100\n|move|p1b: Aerodactyl|Protect|p1b: Aerodactyl\n|-singleturn|p1b: Aerodactyl|Protect\n|move|p2b: Sneasler|Fake Out|p1b: Aerodactyl\n|-activate|p1b: Aerodactyl|move: Protect\n|move|p2a: Rotom|Thunderbolt|p1b: Aerodactyl\n|-activate|p1b: Aerodactyl|move: Protect\n|\n|-heal|p2a: Rotom|41/100|[from] item: Leftovers\n|-sideend|p1: KilamanolaVGC|move: Tailwind\n|upkeep\n|turn|5\n|\n|t:|1776560244\n|move|p2a: Rotom|Protect|p2a: Rotom\n|-singleturn|p2a: Rotom|Protect\n|move|p1b: Aerodactyl|Tailwind|p1b: Aerodactyl\n|-sidestart|p1: KilamanolaVGC|move: Tailwind\n|move|p1a: Garchomp|Dragon Claw|p2b: Sneasler\n|-damage|p2b: Sneasler|0 fnt\n|faint|p2b: Sneasler\n|\n|-heal|p2a: Rotom|46/100|[from] item: Leftovers\n|upkeep\n|\n|t:|1776560253\n|switch|p2b: Garchomp|Garchomp, L50, M|70/100\n|turn|6\n|\n|t:|1776560260\n|move|p1b: Aerodactyl|Rock Slide|p2b: Garchomp|[spread] p2a,p2b\n|-resisted|p2b: Garchomp|1\n|-damage|p2a: Rotom|23/100\n|-damage|p2b: Garchomp|56/100\n|move|p1a: Garchomp|Dragon Claw|p2b: Garchomp\n|-supereffective|p2b: Garchomp|1\n|-damage|p2b: Garchomp|0 fnt\n|-damage|p1a: Garchomp|88/100|[from] ability: Rough Skin|[of] p2b: Garchomp\n|faint|p2b: Garchomp\n|move|p2a: Rotom|Hydro Pump|p1b: Aerodactyl|[miss]\n|-miss|p2a: Rotom|p1b: Aerodactyl\n|\n|-heal|p2a: Rotom|29/100|[from] item: Leftovers\n|upkeep\n|\n|t:|1776560267\n|switch|p2b: Charizard|Charizard, L50, F|100/100\n|turn|7\n|\n|t:|1776560274\n|detailschange|p2b: Charizard|Charizard-Mega-Y, L50, F\n|-mega|p2b: Charizard|Charizard|Charizardite Y\n|-weather|SunnyDay|[from] ability: Drought|[of] p2b: Charizard\n|move|p1b: Aerodactyl|Rock Slide|p2a: Rotom|[spread] p2a,p2b\n|-supereffective|p2b: Charizard|2\n|-damage|p2a: Rotom|5/100\n|-damage|p2b: Charizard|0 fnt\n|faint|p2b: Charizard\n|move|p1a: Garchomp|Rock Slide|p2a: Rotom\n|-damage|p2a: Rotom|0 fnt\n|faint|p2a: Rotom\n|\n|win|KilamanolaVGC\n|raw|KilamanolaVGC's rating: 1211 &rarr; <strong>1239</strong><br />(+28 for winning)\n|raw|agustjn's rating: 1248 &rarr; <strong>1220</strong><br />(-28 for losing)\n|l|\u2606agustjn\n|player|p2|\n",
  "uploadtime": 1776560285,
  "views": 20,
  "formatid": "gen9championsvgc2026regma",
  "rating": 1220,
  "private": 0,
  "password": null
}