{
  "id": "gen9championsvgc2026regma-2582171855",
  "format": "[Gen 9 Champions] VGC 2026 Reg M-A",
  "players": [
    "zac5224666",
    "fayzginger"
  ],
  "log": "|j|\u2606zac5224666\n|j|\u2606fayzginger\n|t:|1776067111\n|gametype|doubles\n|player|p1|zac5224666|1|1349\n|player|p2|fayzginger|az|1245\n|gen|9\n|tier|[Gen 9 Champions] VGC 2026 Reg M-A\n|rated|\n|rule|Species Clause: Limit one of each Pok\u00e9mon\n|rule|Item Clause: Limit 1 of each item\n|clearpoke\n|poke|p1|Gengar, L50, M|\n|poke|p1|Corviknight, L50, F|\n|poke|p1|Incineroar, L50, M|\n|poke|p1|Milotic, L50, F|\n|poke|p1|Garchomp, L50, M|\n|poke|p1|Volcarona, L50, M|\n|poke|p2|Tyranitar, L50, F|\n|poke|p2|Excadrill, L50, M|\n|poke|p2|Whimsicott, L50, M|\n|poke|p2|Milotic, L50, F|\n|poke|p2|Incineroar, L50, M|\n|poke|p2|Floette-Eternal, L50, F|\n|teampreview|4\n|inactive|Battle timer is ON: inactive players will automatically lose when time's up. (requested by zac5224666)\n|\n|t:|1776067167\n|teamsize|p1|4\n|teamsize|p2|4\n|start\n|switch|p1a: Corviknight|Corviknight, L50, F, shiny|100/100\n|switch|p1b: Milotic|Milotic, L50, F, shiny|100/100\n|switch|p2a: Excadrill|Excadrill, L50, M, shiny|100/100\n|switch|p2b: Whimsicott|Whimsicott, L50, M, shiny|100/100\n|turn|1\n|inactive|zac5224666 has 30 seconds left.\n|inactive|fayzginger has 30 seconds left.\n|inactive|zac5224666 has 20 seconds left.\n|\n|t:|1776067203\n|move|p2a: Excadrill|High Horsepower|p1b: Milotic\n|-crit|p1b: Milotic\n|-damage|p1b: Milotic|36/100\n|move|p2b: Whimsicott|Moonblast|p1b: Milotic\n|-damage|p1b: Milotic|16/100\n|move|p1b: Milotic|Scald|p2a: Excadrill\n|-supereffective|p2a: Excadrill|1\n|-damage|p2a: Excadrill|29/100\n|move|p1a: Corviknight|Iron Defense|p1a: Corviknight\n|-boost|p1a: Corviknight|def|2\n|\n|-heal|p1b: Milotic|22/100|[from] item: Leftovers\n|upkeep\n|turn|2\n|inactive|zac5224666 has 30 seconds left.\n|inactive|zac5224666 has 20 seconds left.\n|inactive|zac5224666 has 15 seconds left.\n|\n|t:|1776067248\n|move|p2b: Whimsicott|Encore|p1a: Corviknight\n|-start|p1a: Corviknight|Encore\n|move|p2a: Excadrill|High Horsepower|p1b: Milotic\n|-damage|p1b: Milotic|0 fnt\n|faint|p1b: Milotic\n|move|p1a: Corviknight|Iron Defense|p1a: Corviknight\n|-boost|p1a: Corviknight|def|2\n|\n|upkeep\n|\n|t:|1776067256\n|switch|p1b: Garchomp|Garchomp, L50, M, shiny|100/100\n|turn|3\n|\n|t:|1776067263\n|switch|p2a: Milotic|Milotic, L50, F, shiny|100/100\n|move|p2b: Whimsicott|Moonblast|p1b: Garchomp\n|-supereffective|p1b: Garchomp|1\n|-damage|p1b: Garchomp|28/100\n|move|p1b: Garchomp|Earthquake|p2a: Milotic|[spread] p2a,p2b\n|-immune|p1a: Corviknight\n|-resisted|p2b: Whimsicott|1\n|-damage|p2a: Milotic|67/100\n|-damage|p2b: Whimsicott|80/100\n|move|p1a: Corviknight|Iron Defense|p1a: Corviknight\n|-boost|p1a: Corviknight|def|2\n|\n|-heal|p2a: Milotic|73/100|[from] item: Leftovers\n|upkeep\n|turn|4\n|\n|t:|1776067278\n|switch|p1b: Gengar|Gengar, L50, M, shiny|100/100\n|move|p2b: Whimsicott|Tailwind|p2b: Whimsicott\n|-sidestart|p2: fayzginger|move: Tailwind\n|move|p2a: Milotic|Scald|p1b: Gengar\n|-damage|p1b: Gengar|58/100\n|-start|p2a: Milotic|Disable|Scald|[from] ability: Cursed Body|[of] p1b: Gengar\n|move|p1a: Corviknight|Iron Defense|p1a: Corviknight\n|-boost|p1a: Corviknight|def|0\n|\n|-heal|p2a: Milotic|79/100|[from] item: Leftovers\n|-end|p1a: Corviknight|Encore\n|upkeep\n|turn|5\n|\n|t:|1776067297\n|switch|p2a: Tyranitar|Tyranitar, L50, F, shiny|100/100\n|-weather|Sandstorm|[from] ability: Sand Stream|[of] p2a: Tyranitar\n|detailschange|p1b: Gengar|Gengar-Mega, L50, M, shiny\n|-mega|p1b: Gengar|Gengar|Gengarite\n|move|p2b: Whimsicott|Encore|p1a: Corviknight\n|-start|p1a: Corviknight|Encore\n|move|p1b: Gengar|Sludge Bomb|p2b: Whimsicott\n|-supereffective|p2b: Whimsicott|2\n|-damage|p2b: Whimsicott|0 fnt\n|faint|p2b: Whimsicott\n|move|p1a: Corviknight|Iron Defense|p1a: Corviknight\n|-boost|p1a: Corviknight|def|0\n|\n|-weather|Sandstorm|[upkeep]\n|-damage|p1b: Gengar|53/100|[from] Sandstorm\n|upkeep\n|\n|t:|1776067303\n|switch|p2b: Milotic|Milotic, L50, F, shiny|79/100\n|turn|6\n|\n|t:|1776067322\n|detailschange|p2a: Tyranitar|Tyranitar-Mega, L50, F, shiny\n|-mega|p2a: Tyranitar|Tyranitar|Tyranitarite\n|move|p1b: Gengar|Protect|p1b: Gengar\n|-singleturn|p1b: Gengar|Protect\n|move|p2b: Milotic|Scald|p1a: Corviknight\n|-damage|p1a: Corviknight|79/100\n|move|p2a: Tyranitar|Crunch|p1b: Gengar\n|-activate|p1b: Gengar|move: Protect\n|move|p1a: Corviknight|Iron Defense|p1a: Corviknight\n|-boost|p1a: Corviknight|def|0\n|\n|-weather|Sandstorm|[upkeep]\n|-damage|p2b: Milotic|73/100|[from] Sandstorm\n|-damage|p1b: Gengar|47/100|[from] Sandstorm\n|-heal|p2b: Milotic|79/100|[from] item: Leftovers\n|upkeep\n|turn|7\n|\n|t:|1776067338\n|switch|p1b: Garchomp|Garchomp, L50, M, shiny|28/100\n|move|p2b: Milotic|Scald|p1a: Corviknight\n|-damage|p1a: Corviknight|55/100\n|move|p2a: Tyranitar|Crunch|p1b: Garchomp\n|-damage|p1b: Garchomp|0 fnt\n|-damage|p2a: Tyranitar|88/100|[from] ability: Rough Skin|[of] p1b: Garchomp\n|faint|p1b: Garchomp\n|move|p1a: Corviknight|Iron Defense|p1a: Corviknight\n|-boost|p1a: Corviknight|def|0\n|\n|-weather|Sandstorm|[upkeep]\n|-damage|p2b: Milotic|73/100|[from] Sandstorm\n|-heal|p2b: Milotic|79/100|[from] item: Leftovers\n|-end|p1a: Corviknight|Encore\n|-sideend|p2: fayzginger|move: Tailwind\n|upkeep\n|\n|t:|1776067353\n|switch|p1b: Gengar|Gengar-Mega, L50, M, shiny|47/100\n|turn|8\n|\n|t:|1776067364\n|move|p1b: Gengar|Protect|p1b: Gengar\n|-singleturn|p1b: Gengar|Protect\n|move|p2a: Tyranitar|Protect|p2a: Tyranitar\n|-singleturn|p2a: Tyranitar|Protect\n|move|p2b: Milotic|Scald|p1a: Corviknight\n|-damage|p1a: Corviknight|34/100\n|-enditem|p1a: Corviknight|Sitrus Berry|[eat]\n|-heal|p1a: Corviknight|59/100|[from] item: Sitrus Berry\n|move|p1a: Corviknight|Tailwind|p1a: Corviknight\n|-sidestart|p1: zac5224666|move: Tailwind\n|\n|-weather|Sandstorm|[upkeep]\n|-damage|p1b: Gengar|41/100|[from] Sandstorm\n|-damage|p2b: Milotic|73/100|[from] Sandstorm\n|-heal|p2b: Milotic|79/100|[from] item: Leftovers\n|upkeep\n|turn|9\n|\n|t:|1776067383\n|move|p1b: Gengar|Shadow Ball|p2b: Milotic\n|-damage|p2b: Milotic|46/100\n|move|p1a: Corviknight|Body Press|p2a: Tyranitar\n|-supereffective|p2a: Tyranitar|2\n|-damage|p2a: Tyranitar|0 fnt\n|faint|p2a: Tyranitar\n|move|p2b: Milotic|Scald|p1a: Corviknight\n|-damage|p1a: Corviknight|35/100\n|\n|-weather|none\n|-heal|p2b: Milotic|52/100|[from] item: Leftovers\n|upkeep\n|\n|t:|1776067392\n|switch|p2a: Excadrill|Excadrill, L50, M, shiny|29/100\n|turn|10\n|\n|t:|1776067399\n|move|p2a: Excadrill|Protect|p2a: Excadrill\n|-singleturn|p2a: Excadrill|Protect\n|move|p2b: Milotic|Protect|p2b: Milotic\n|-singleturn|p2b: Milotic|Protect\n|move|p1b: Gengar|Shadow Ball|p2b: Milotic\n|-activate|p2b: Milotic|move: Protect\n|move|p1a: Corviknight|Body Press|p2a: Excadrill\n|-activate|p2a: Excadrill|move: Protect\n|\n|-heal|p2b: Milotic|58/100|[from] item: Leftovers\n|upkeep\n|turn|11\n|\n|t:|1776067424\n|move|p2a: Excadrill|Protect||[still]\n|-fail|p2a: Excadrill\n|move|p1b: Gengar|Shadow Ball|p2b: Milotic\n|-damage|p2b: Milotic|25/100\n|move|p1a: Corviknight|Body Press|p2a: Excadrill\n|-supereffective|p2a: Excadrill|1\n|-damage|p2a: Excadrill|0 fnt\n|faint|p2a: Excadrill\n|move|p2b: Milotic|Icy Wind|p1a: Corviknight|[spread] p1a,p1b\n|-damage|p1a: Corviknight|28/100\n|-damage|p1b: Gengar|31/100\n|-ability|p1a: Corviknight|Mirror Armor\n|-unboost|p2b: Milotic|spe|1\n|-ability|p2b: Milotic|Competitive|boost\n|-boost|p2b: Milotic|spa|2\n|-unboost|p1b: Gengar|spe|1\n|\n|-heal|p2b: Milotic|31/100|[from] item: Leftovers\n|-sideend|p1: zac5224666|move: Tailwind\n|upkeep\n|turn|12\n|\n|t:|1776067444\n|move|p1b: Gengar|Shadow Ball|p2b: Milotic\n|-damage|p2b: Milotic|1/100\n|-unboost|p2b: Milotic|spd|1\n|-ability|p2b: Milotic|Competitive|boost\n|-boost|p2b: Milotic|spa|2\n|move|p1a: Corviknight|Body Press|p2b: Milotic\n|-damage|p2b: Milotic|0 fnt\n|faint|p2b: Milotic\n|\n|win|zac5224666\n|raw|zac5224666's rating: 1349 &rarr; <strong>1363</strong><br />(+14 for winning)\n|raw|fayzginger's rating: 1245 &rarr; <strong>1227</strong><br />(-18 for losing)\n",
  "uploadtime": 1776067456,
  "views": 25,
  "formatid": "gen9championsvgc2026regma",
  "rating": 1227,
  "private": 0,
  "password": null
}