{
  "id": "gen9championsvgc2026regma-2581102717",
  "format": "[Gen 9 Champions] VGC 2026 Reg M-A",
  "players": [
    "irzagx",
    "throh it baxc"
  ],
  "log": "|j|\u2606irzagx\n|j|\u2606throh it baxc\n|t:|1775960094\n|gametype|doubles\n|player|p1|irzagx|benga|1052\n|player|p2|throh it baxc|ltsurge|1027\n|gen|9\n|tier|[Gen 9 Champions] VGC 2026 Reg M-A\n|rated|\n|rule|Species Clause: Limit one of each Pok\u00e9mon\n|rule|Item Clause: Limit 1 of each item\n|clearpoke\n|poke|p1|Farigiraf, L50, F|\n|poke|p1|Torkoal, L50, M|\n|poke|p1|Gyarados, L50, F|\n|poke|p1|Venusaur, L50, M|\n|poke|p1|Incineroar, L50, M|\n|poke|p1|Rotom-Wash, L50|\n|poke|p2|Arcanine-Hisui, L50, F|\n|poke|p2|Tinkaton, L50, F|\n|poke|p2|Rotom-Wash, L50|\n|poke|p2|Sneasler, L50, M|\n|poke|p2|Gyarados, L50, M|\n|poke|p2|Whimsicott, L50, F|\n|teampreview|4\n|\n|t:|1775960124\n|teamsize|p1|4\n|teamsize|p2|4\n|start\n|switch|p1a: Farigiraf|Farigiraf, L50, F|100/100\n|switch|p1b: Incineroar|Incineroar, L50, M, shiny|100/100\n|switch|p2a: Arcanine|Arcanine-Hisui, L50, F|100/100\n|switch|p2b: Tinkaton|Tinkaton, L50, F|100/100\n|-ability|p2a: Arcanine|Intimidate|boost\n|-unboost|p1a: Farigiraf|atk|1\n|-unboost|p1b: Incineroar|atk|1\n|-ability|p2b: Tinkaton|Mold Breaker\n|-ability|p1b: Incineroar|Intimidate|boost\n|-unboost|p2a: Arcanine|atk|1\n|-unboost|p2b: Tinkaton|atk|1\n|turn|1\n|\n|t:|1775960160\n|move|p2a: Arcanine|Rock Slide|p1b: Incineroar|[spread] p1a,p1b\n|-supereffective|p1b: Incineroar|1\n|-damage|p1a: Farigiraf|79/100\n|-damage|p1b: Incineroar|65/100\n|move|p2b: Tinkaton|Encore||[still]\n|-fail|p2b: Tinkaton\n|cant|p1b: Incineroar|flinch\n|move|p1a: Farigiraf|Psychic|p2a: Arcanine\n|-damage|p2a: Arcanine|57/100\n|\n|-heal|p1b: Incineroar|71/100|[from] item: Leftovers\n|upkeep\n|turn|2\n|\n|t:|1775960179\n|move|p2b: Tinkaton|Protect|p2b: Tinkaton\n|-singleturn|p2b: Tinkaton|Protect\n|move|p2a: Arcanine|Rock Slide|p1b: Incineroar|[spread] p1a\n|-miss|p2a: Arcanine|p1b: Incineroar\n|-damage|p1a: Farigiraf|58/100\n|move|p1b: Incineroar|Flare Blitz|p2b: Tinkaton\n|-activate|p2b: Tinkaton|move: Protect\n|move|p1a: Farigiraf|Psychic|p2a: Arcanine\n|-damage|p2a: Arcanine|13/100\n|\n|-heal|p1b: Incineroar|77/100|[from] item: Leftovers\n|upkeep\n|turn|3\n|\n|t:|1775960205\n|switch|p2b: Rotom|Rotom-Wash, L50|100/100\n|move|p2a: Arcanine|Protect|p2a: Arcanine\n|-singleturn|p2a: Arcanine|Protect\n|move|p1b: Incineroar|Flare Blitz|p2b: Rotom\n|-resisted|p2b: Rotom|1\n|-crit|p2b: Rotom\n|-damage|p2b: Rotom|55/100\n|-damage|p1b: Incineroar|65/100|[from] Recoil\n|move|p1a: Farigiraf|Hyper Voice|p2a: Arcanine|[spread] p2b\n|-activate|p2a: Arcanine|move: Protect\n|-damage|p2b: Rotom|32/100\n|-enditem|p2b: Rotom|Sitrus Berry|[eat]\n|-heal|p2b: Rotom|57/100|[from] item: Sitrus Berry\n|\n|-heal|p1b: Incineroar|71/100|[from] item: Leftovers\n|upkeep\n|turn|4\n|\n|t:|1775960231\n|move|p2a: Arcanine|Rock Slide|p1b: Incineroar|[spread] p1b\n|-miss|p2a: Arcanine|p1a: Farigiraf\n|-supereffective|p1b: Incineroar|1\n|-damage|p1b: Incineroar|34/100\n|move|p2b: Rotom|Eerie Impulse|p1a: Farigiraf\n|-unboost|p1a: Farigiraf|spa|2\n|move|p1b: Incineroar|Parting Shot|p2b: Rotom\n|-unboost|p2b: Rotom|atk|1\n|-unboost|p2b: Rotom|spa|1\n|\n|t:|1775960247\n|switch|p1b: Gyarados|Gyarados, L50, F|100/100|[from] Parting Shot\n|-ability|p1b: Gyarados|Intimidate|boost\n|-unboost|p2a: Arcanine|atk|1\n|-unboost|p2b: Rotom|atk|1\n|move|p1a: Farigiraf|Psychic|p2a: Arcanine\n|-damage|p2a: Arcanine|0 fnt\n|faint|p2a: Arcanine\n|\n|upkeep\n|\n|t:|1775960252\n|switch|p2a: Gyarados|Gyarados, L50, M|100/100\n|-ability|p2a: Gyarados|Intimidate|boost\n|-unboost|p1a: Farigiraf|atk|1\n|-unboost|p1b: Gyarados|atk|1\n|turn|5\n|\n|t:|1775960300\n|detailschange|p2a: Gyarados|Gyarados-Mega, L50, M\n|-mega|p2a: Gyarados|Gyarados|Gyaradosite\n|-ability|p2a: Gyarados|Mold Breaker\n|detailschange|p1b: Gyarados|Gyarados-Mega, L50, F\n|-mega|p1b: Gyarados|Gyarados|Gyaradosite\n|-ability|p1b: Gyarados|Mold Breaker\n|move|p2a: Gyarados|Dragon Dance|p2a: Gyarados\n|-boost|p2a: Gyarados|atk|1\n|-boost|p2a: Gyarados|spe|1\n|move|p1b: Gyarados|Dragon Rush|p2a: Gyarados\n|-damage|p2a: Gyarados|75/100\n|move|p2b: Rotom|Volt Switch|p1b: Gyarados\n|-supereffective|p1b: Gyarados|1\n|-damage|p1b: Gyarados|74/100\n|\n|t:|1775960313\n|switch|p2b: Tinkaton|Tinkaton, L50, F|100/100|[from] Volt Switch\n|-ability|p2b: Tinkaton|Mold Breaker\n|move|p1a: Farigiraf|Hyper Voice|p2b: Tinkaton|[spread] p2a,p2b\n|-resisted|p2b: Tinkaton|1\n|-damage|p2a: Gyarados|65/100\n|-damage|p2b: Tinkaton|96/100\n|\n|-heal|p2b: Tinkaton|100/100|[from] item: Leftovers\n|upkeep\n|turn|6\n|\n|t:|1775960363\n|switch|p1a: Rotom|Rotom-Wash, L50, shiny|100/100\n|move|p2b: Tinkaton|Helping Hand|p2a: Gyarados\n|-singleturn|p2a: Gyarados|Helping Hand|[of] p2b: Tinkaton\n|move|p2a: Gyarados|Waterfall|p1b: Gyarados\n|-resisted|p1b: Gyarados|1\n|-damage|p1b: Gyarados|22/100\n|move|p1b: Gyarados|Earthquake|p2a: Gyarados|[spread] p1a,p2a,p2b\n|-supereffective|p1a: Rotom|1\n|-supereffective|p2b: Tinkaton|1\n|-damage|p1a: Rotom|54/100\n|-damage|p2a: Gyarados|47/100\n|-damage|p2b: Tinkaton|56/100\n|\n|-heal|p2b: Tinkaton|62/100|[from] item: Leftovers\n|upkeep\n|turn|7\n|\n|t:|1775960410\n|switch|p1b: Incineroar|Incineroar, L50, M, shiny|34/100\n|-ability|p1b: Incineroar|Intimidate|boost\n|-unboost|p2a: Gyarados|atk|1\n|-unboost|p2b: Tinkaton|atk|1\n|move|p2b: Tinkaton|Helping Hand|p2a: Gyarados\n|-singleturn|p2a: Gyarados|Helping Hand|[of] p2b: Tinkaton\n|move|p2a: Gyarados|Crunch|p1a: Rotom\n|-damage|p1a: Rotom|0 fnt\n|faint|p1a: Rotom\n|\n|-heal|p2b: Tinkaton|68/100|[from] item: Leftovers\n|-heal|p1b: Incineroar|40/100|[from] item: Leftovers\n|upkeep\n|\n|t:|1775960425\n|switch|p1a: Farigiraf|Farigiraf, L50, F|58/100\n|turn|8\n|\n|t:|1775960435\n|move|p2a: Gyarados|Protect|p2a: Gyarados\n|-singleturn|p2a: Gyarados|Protect\n|move|p2b: Tinkaton|Protect|p2b: Tinkaton\n|-singleturn|p2b: Tinkaton|Protect\n|move|p1b: Incineroar|Flare Blitz|p2b: Tinkaton\n|-activate|p2b: Tinkaton|move: Protect\n|move|p1a: Farigiraf|Hyper Voice|p2a: Gyarados|[spread] \n|-activate|p2a: Gyarados|move: Protect\n|-activate|p2b: Tinkaton|move: Protect\n|\n|-heal|p2b: Tinkaton|74/100|[from] item: Leftovers\n|-heal|p1b: Incineroar|46/100|[from] item: Leftovers\n|upkeep\n|turn|9\n|\n|t:|1775960456\n|move|p2b: Tinkaton|Helping Hand|p2a: Gyarados\n|-singleturn|p2a: Gyarados|Helping Hand|[of] p2b: Tinkaton\n|move|p2a: Gyarados|Waterfall|p1b: Incineroar\n|-supereffective|p1b: Incineroar|1\n|-damage|p1b: Incineroar|0 fnt\n|faint|p1b: Incineroar\n|move|p1a: Farigiraf|Hyper Voice|p2b: Tinkaton|[spread] p2a,p2b\n|-resisted|p2b: Tinkaton|1\n|-damage|p2a: Gyarados|27/100\n|-damage|p2b: Tinkaton|65/100\n|\n|-heal|p2b: Tinkaton|71/100|[from] item: Leftovers\n|upkeep\n|-message|irzagx forfeited.\n|\n|win|throh it baxc\n|raw|irzagx's rating: 1052 &rarr; <strong>1033</strong><br />(-19 for losing)\n|raw|throh it baxc's rating: 1027 &rarr; <strong>1066</strong><br />(+39 for winning)\n|l|\u2606irzagx\n|player|p1|\n",
  "uploadtime": 1775960465,
  "views": 17,
  "formatid": "gen9championsvgc2026regma",
  "rating": 1033,
  "private": 0,
  "password": null
}