{
  "id": "gen9championsvgc2026regma-2583411193",
  "format": "[Gen 9 Champions] VGC 2026 Reg M-A",
  "players": [
    "Ghostkller",
    "markgayson"
  ],
  "log": "|j|\u2606Ghostkller\n|j|\u2606markgayson\n|t:|1776173853\n|gametype|doubles\n|player|p1|Ghostkller|170|1091\n|player|p2|markgayson|102|1013\n|gen|9\n|tier|[Gen 9 Champions] VGC 2026 Reg M-A\n|rated|\n|rule|Species Clause: Limit one of each Pok\u00e9mon\n|rule|Item Clause: Limit 1 of each item\n|clearpoke\n|poke|p1|Heracross, L50, F|\n|poke|p1|Sableye, L50, M|\n|poke|p1|Kingambit, L50, M|\n|poke|p1|Rotom-Wash, L50|\n|poke|p1|Incineroar, L50, M|\n|poke|p1|Gengar, L50, F|\n|poke|p2|Golurk, L50|\n|poke|p2|Farigiraf, L50, M|\n|poke|p2|Torkoal, L50, M|\n|poke|p2|Sneasler, L50, M|\n|poke|p2|Incineroar, L50, F|\n|poke|p2|Dragonite, L50, M|\n|teampreview|4\n|inactive|Battle timer is ON: inactive players will automatically lose when time's up. (requested by Ghostkller)\n|inactive|Ghostkller has 60 seconds left.\n|\n|t:|1776173893\n|teamsize|p1|4\n|teamsize|p2|4\n|start\n|switch|p1a: Kingambit|Kingambit, L50, M|100/100\n|switch|p1b: Sableye|Sableye, L50, M|100/100\n|switch|p2a: Golurk|Golurk, L50|100/100\n|switch|p2b: Farigiraf|Farigiraf, L50, M|100/100\n|turn|1\n|\n|t:|1776173914\n|move|p2a: Golurk|Protect|p2a: Golurk\n|-singleturn|p2a: Golurk|Protect\n|move|p1b: Sableye|Reflect|p1b: Sableye\n|-sidestart|p1: Ghostkller|Reflect\n|move|p1a: Kingambit|Kowtow Cleave|p2b: Farigiraf\n|-supereffective|p2b: Farigiraf|1\n|-damage|p2b: Farigiraf|4/100\n|move|p2b: Farigiraf|Trick Room|p2b: Farigiraf\n|-fieldstart|move: Trick Room|[of] p2b: Farigiraf\n|\n|upkeep\n|turn|2\n|\n|t:|1776173937\n|switch|p1b: Rotom|Rotom-Wash, L50|100/100\n|detailschange|p2a: Golurk|Golurk-Mega, L50\n|-mega|p2a: Golurk|Golurk|Golurkite\n|move|p2b: Farigiraf|Helping Hand|p2a: Golurk\n|-singleturn|p2a: Golurk|Helping Hand|[of] p2b: Farigiraf\n|move|p1a: Kingambit|Kowtow Cleave|p2a: Golurk\n|-supereffective|p2a: Golurk|1\n|-damage|p2a: Golurk|0 fnt\n|faint|p2a: Golurk\n|\n|upkeep\n|\n|t:|1776173948\n|switch|p2a: Sneasler|Sneasler, L50, M|100/100\n|turn|3\n|\n|t:|1776173970\n|move|p2b: Farigiraf|Helping Hand|p2a: Sneasler\n|-singleturn|p2a: Sneasler|Helping Hand|[of] p2b: Farigiraf\n|move|p1a: Kingambit|Protect|p1a: Kingambit\n|-singleturn|p1a: Kingambit|Protect\n|move|p2a: Sneasler|Close Combat|p1a: Kingambit\n|-activate|p1a: Kingambit|move: Protect\n|move|p1b: Rotom|Will-O-Wisp|p2a: Sneasler|[miss]\n|-miss|p1b: Rotom|p2a: Sneasler\n|\n|upkeep\n|turn|4\n|\n|t:|1776173986\n|switch|p1a: Gengar|Gengar, L50, F|100/100\n|move|p2b: Farigiraf|Helping Hand|p2a: Sneasler\n|-singleturn|p2a: Sneasler|Helping Hand|[of] p2b: Farigiraf\n|move|p2a: Sneasler|Close Combat|p1a: Gengar\n|-immune|p1a: Gengar\n|move|p1b: Rotom|Will-O-Wisp|p2a: Sneasler\n|-status|p2a: Sneasler|brn\n|\n|-damage|p2a: Sneasler|95/100 brn|[from] brn\n|upkeep\n|turn|5\n|\n|t:|1776174010\n|detailschange|p1a: Gengar|Gengar-Mega, L50, F\n|-mega|p1a: Gengar|Gengar|Gengarite\n|move|p1a: Gengar|Protect|p1a: Gengar\n|-singleturn|p1a: Gengar|Protect\n|move|p2b: Farigiraf|Psychic|p1a: Gengar\n|-activate|p1a: Gengar|move: Protect\n|move|p2a: Sneasler|Dire Claw|p1b: Rotom\n|-damage|p1b: Rotom|83/100\n|move|p1b: Rotom|Will-O-Wisp|p2b: Farigiraf|[miss]\n|-miss|p1b: Rotom|p2b: Farigiraf\n|\n|-damage|p2a: Sneasler|89/100 brn|[from] brn\n|-sideend|p1: Ghostkller|Reflect\n|-fieldend|move: Trick Room\n|upkeep\n|turn|6\n|\n|t:|1776174034\n|switch|p1b: Sableye|Sableye, L50, M|100/100\n|move|p1a: Gengar|Sludge Bomb|p2b: Farigiraf\n|-damage|p2b: Farigiraf|0 fnt\n|faint|p2b: Farigiraf\n|move|p2a: Sneasler|Close Combat|p1b: Sableye\n|-immune|p1b: Sableye\n|\n|-damage|p2a: Sneasler|83/100 brn|[from] brn\n|upkeep\n|\n|t:|1776174039\n|switch|p2b: Incineroar|Incineroar, L50, F|100/100\n|-ability|p2b: Incineroar|Intimidate|boost\n|-unboost|p1a: Gengar|atk|1\n|-unboost|p1b: Sableye|atk|1\n|turn|7\n|\n|t:|1776174058\n|move|p1a: Gengar|Protect|p1a: Gengar\n|-singleturn|p1a: Gengar|Protect\n|move|p1b: Sableye|Encore|p2a: Sneasler\n|-start|p2a: Sneasler|Encore\n|move|p2a: Sneasler|Close Combat|p1b: Sableye\n|-immune|p1b: Sableye\n|move|p2b: Incineroar|Throat Chop|p1a: Gengar\n|-activate|p1a: Gengar|move: Protect\n|\n|-damage|p2a: Sneasler|77/100 brn|[from] brn\n|upkeep\n|turn|8\n|\n|t:|1776174075\n|switch|p1a: Kingambit|Kingambit, L50, M|100/100\n|move|p1b: Sableye|Reflect|p1b: Sableye\n|-sidestart|p1: Ghostkller|Reflect\n|move|p2a: Sneasler|Close Combat|p1a: Kingambit\n|-supereffective|p1a: Kingambit|2\n|-crit|p1a: Kingambit\n|-damage|p1a: Kingambit|0 fnt\n|-unboost|p2a: Sneasler|def|1\n|-unboost|p2a: Sneasler|spd|1\n|faint|p1a: Kingambit\n|move|p2b: Incineroar|Throat Chop|p1b: Sableye\n|-damage|p1b: Sableye|74/100\n|-start|p1b: Sableye|Throat Chop|[silent]\n|\n|-damage|p2a: Sneasler|71/100 brn|[from] brn\n|upkeep\n|\n|t:|1776174094\n|switch|p1a: Gengar|Gengar-Mega, L50, F|100/100\n|turn|9\n|\n|t:|1776174110\n|move|p1b: Sableye|Disable|p2a: Sneasler\n|-start|p2a: Sneasler|Disable|Close Combat\n|move|p1a: Gengar|Perish Song|p1a: Gengar\n|-start|p1a: Gengar|perish3|[silent]\n|-start|p1b: Sableye|perish3|[silent]\n|-start|p2a: Sneasler|perish3|[silent]\n|-start|p2b: Incineroar|perish3|[silent]\n|-fieldactivate|move: Perish Song\n|cant|p2a: Sneasler|Disable|Close Combat\n|move|p2b: Incineroar|Throat Chop|p1a: Gengar\n|-supereffective|p1a: Gengar|1\n|-damage|p1a: Gengar|33/100\n|-start|p1a: Gengar|Throat Chop|[silent]\n|\n|-damage|p2a: Sneasler|66/100 brn|[from] brn\n|-end|p2a: Sneasler|Encore\n|-end|p1b: Sableye|Throat Chop|[silent]\n|-start|p1a: Gengar|perish3\n|-start|p2a: Sneasler|perish3\n|-start|p2b: Incineroar|perish3\n|-start|p1b: Sableye|perish3\n|upkeep\n|turn|10\n|inactive|Ghostkller has 30 seconds left.\n|\n|t:|1776174138\n|switch|p1b: Rotom|Rotom-Wash, L50|83/100\n|move|p1a: Gengar|Protect|p1a: Gengar\n|-singleturn|p1a: Gengar|Protect\n|move|p2a: Sneasler|Coaching|p2b: Incineroar\n|-boost|p2b: Incineroar|atk|1\n|-boost|p2b: Incineroar|def|1\n|move|p2b: Incineroar|Throat Chop|p1a: Gengar\n|-activate|p1a: Gengar|move: Protect\n|\n|-damage|p2a: Sneasler|60/100 brn|[from] brn\n|-end|p1a: Gengar|Throat Chop|[silent]\n|-start|p1a: Gengar|perish2\n|-start|p2a: Sneasler|perish2\n|-start|p2b: Incineroar|perish2\n|upkeep\n|turn|11\n|\n|t:|1776174162\n|switch|p1a: Sableye|Sableye, L50, M|74/100\n|move|p1b: Rotom|Volt Switch|p2a: Sneasler\n|-crit|p2a: Sneasler\n|-damage|p2a: Sneasler|0 fnt\n|faint|p2a: Sneasler\n|\n|t:|1776174169\n|switch|p1b: Gengar|Gengar-Mega, L50, F|33/100|[from] Volt Switch\n|move|p2b: Incineroar|Throat Chop|p1a: Sableye\n|-damage|p1a: Sableye|32/100\n|-start|p1a: Sableye|Throat Chop|[silent]\n|\n|-start|p2b: Incineroar|perish1\n|upkeep\n|turn|12\n|\n|t:|1776174180\n|move|p1b: Gengar|Protect|p1b: Gengar\n|-singleturn|p1b: Gengar|Protect\n|move|p1a: Sableye|Fake Out|p2b: Incineroar\n|-damage|p2b: Incineroar|96/100\n|cant|p2b: Incineroar|flinch\n|\n|-heal|p2b: Incineroar|100/100|[from] item: Leftovers\n|-end|p1a: Sableye|Throat Chop|[silent]\n|-start|p2b: Incineroar|perish0\n|-sideend|p1: Ghostkller|Reflect\n|faint|p2b: Incineroar\n|\n|win|Ghostkller\n|raw|Ghostkller's rating: 1091 &rarr; <strong>1112</strong><br />(+21 for winning)\n|raw|markgayson's rating: 1013 &rarr; <strong>1004</strong><br />(-9 for losing)\n|l|\u2606markgayson\n|player|p2|\n",
  "uploadtime": 1776174197,
  "views": 19,
  "formatid": "gen9championsvgc2026regma",
  "rating": 1004,
  "private": 0,
  "password": null
}