{
  "id": "gen9championsvgc2026regma-2584898016",
  "format": "[Gen 9 Champions] VGC 2026 Reg M-A",
  "players": [
    "Nytter877",
    "EDJPP"
  ],
  "log": "|j|\u2606Nytter877\n|j|\u2606EDJPP\n|t:|1776292597\n|gametype|doubles\n|player|p1|Nytter877|hooligans|\n|player|p2|EDJPP|volkner|\n|gen|9\n|tier|[Gen 9 Champions] VGC 2026 Reg M-A\n|rated|Tournament battle\n|rule|Species Clause: Limit one of each Pok\u00e9mon\n|rule|Item Clause: Limit 1 of each item\n|raw|<div class=\"infobox\"><details class=\"readmore\" open><summary><strong>1 custom rule:</strong></summary> Force Open Team Sheets</details></div>\n|clearpoke\n|poke|p1|Arcanine-Hisui, L50, F|\n|poke|p1|Farigiraf, L50, M|\n|poke|p1|Kingambit, L50, F|\n|poke|p1|Crabominable, L50, F|\n|poke|p1|Camerupt, L50, F|\n|poke|p1|Sableye, L50, M|\n|poke|p2|Glaceon, L50, M|\n|poke|p2|Froslass, L50, F|\n|poke|p2|Sinistcha, L50|\n|poke|p2|Delphox, L50, F|\n|poke|p2|Gyarados, L50, M|\n|poke|p2|Aegislash, L50, F|\n|teampreview|4\n|showteam|p1|Arcanine-Hisui||FocusSash|Intimidate|FlareBlitz,ExtremeSpeed,RockSlide,Protect|||F|||50|]Farigiraf||MentalHerb|ArmorTail|TrickRoom,Protect,TwinBeam,HyperVoice|||M|||50|]Kingambit||BlackGlasses|Defiant|KowtowCleave,IronHead,Protect,SuckerPunch|||F|||50|]Crabominable||Crabominite|AngerPoint|Crabhammer,IceHammer,DrainPunch,Protect|||F|||50|]Camerupt||Cameruptite|AngerPoint|EarthPower,Eruption,Protect,HeatWave|||F|||50|]Sableye||SitrusBerry|Prankster|FakeOut,SunnyDay,Feint,Quash|||M|||50|\n|showteam|p2|Glaceon||NeverMeltIce|SnowCloak|Blizzard,FreezeDry,IcyWind,IceBeam|||M|||50|]Froslass||Froslassite|CursedBody|AuroraVeil,Blizzard,ShadowBall,NastyPlot|||F|||50|]Sinistcha||SitrusBerry|Hospitality|LifeDew,MatchaGotcha,TrickRoom,RagePowder||||||50|]Delphox||Delphoxite|Blaze|NastyPlot,HeatWave,Psychic,Protect|||F|||50|]Gyarados||FocusSash|Intimidate|Waterfall,DragonDance,ThunderWave,Protect|||M|||50|]Aegislash||Leftovers|StanceChange|KingsShield,ShadowSneak,IronHead,Poltergeist|||F|||50|\n|inactive|Battle timer is ON: inactive players will automatically lose when time's up. (requested by EDJPP)\n|inactive|Nytter877 has 60 seconds left.\n|inactive|EDJPP has 60 seconds left.\n|\n|t:|1776292657\n|teamsize|p1|4\n|teamsize|p2|4\n|start\n|switch|p1a: Arcanine|Arcanine-Hisui, L50, F, shiny|100/100\n|switch|p1b: Farigiraf|Farigiraf, L50, M|100/100\n|switch|p2a: Gyarados|Gyarados, L50, M|100/100\n|switch|p2b: Delphox|Delphox, L50, F|100/100\n|-ability|p2a: Gyarados|Intimidate|boost\n|-unboost|p1a: Arcanine|atk|1\n|-unboost|p1b: Farigiraf|atk|1\n|-ability|p1a: Arcanine|Intimidate|boost\n|-unboost|p2a: Gyarados|atk|1\n|-unboost|p2b: Delphox|atk|1\n|turn|1\n|inactive|EDJPP has 30 seconds left.\n|inactive|EDJPP has 20 seconds left.\n|inactive|EDJPP has 15 seconds left.\n|inactive|EDJPP has 10 seconds left.\n|inactive|EDJPP has 5 seconds left.\n|\n|t:|1776292712\n|move|p2b: Delphox|Nasty Plot|p2b: Delphox\n|-boost|p2b: Delphox|spa|2\n|move|p2a: Gyarados|Waterfall|p1a: Arcanine\n|-supereffective|p1a: Arcanine|2\n|-enditem|p1a: Arcanine|Focus Sash\n|-damage|p1a: Arcanine|1/100\n|move|p1a: Arcanine|Rock Slide|p2b: Delphox|[spread] p2a,p2b\n|-supereffective|p2a: Gyarados|1\n|-supereffective|p2b: Delphox|1\n|-damage|p2a: Gyarados|55/100\n|-damage|p2b: Delphox|41/100\n|move|p1b: Farigiraf|Trick Room|p1b: Farigiraf\n|-fieldstart|move: Trick Room|[of] p1b: Farigiraf\n|\n|upkeep\n|turn|2\n|\n|t:|1776292736\n|move|p2b: Delphox|Protect|p2b: Delphox\n|-singleturn|p2b: Delphox|Protect\n|move|p1b: Farigiraf|Hyper Voice|p2a: Gyarados|[spread] p2a\n|-activate|p2b: Delphox|move: Protect\n|-damage|p2a: Gyarados|19/100\n|move|p1a: Arcanine|Rock Slide|p2a: Gyarados|[spread] p2a\n|-activate|p2b: Delphox|move: Protect\n|-supereffective|p2a: Gyarados|1\n|-damage|p2a: Gyarados|0 fnt\n|faint|p2a: Gyarados\n|\n|upkeep\n|inactive|EDJPP has 30 seconds left.\n|inactive|EDJPP has 20 seconds left.\n|inactive|EDJPP has 15 seconds left.\n|inactive|EDJPP has 10 seconds left.\n|inactive|EDJPP has 5 seconds left.\n|\n|t:|1776292788\n|switch|p2a: Froslass|Froslass, L50, F|100/100\n|turn|3\n|inactive|Nytter877 has 30 seconds left.\n|inactive|Nytter877 has 20 seconds left.\n|inactive|Nytter877 has 15 seconds left.\n|\n|t:|1776292830\n|detailschange|p2a: Froslass|Froslass-Mega, L50, F\n|-mega|p2a: Froslass|Froslass|Froslassite\n|-weather|Snowscape|[from] ability: Snow Warning|[of] p2a: Froslass\n|move|p1b: Farigiraf|Hyper Voice|p2b: Delphox|[spread] p2b\n|-immune|p2a: Froslass\n|-crit|p2b: Delphox\n|-damage|p2b: Delphox|0 fnt\n|faint|p2b: Delphox\n|move|p1a: Arcanine|Rock Slide|p2a: Froslass\n|-supereffective|p2a: Froslass|1\n|-damage|p2a: Froslass|42/100\n|move|p2a: Froslass|Aurora Veil|p2a: Froslass\n|-sidestart|p2: EDJPP|move: Aurora Veil\n|\n|-weather|Snowscape|[upkeep]\n|upkeep\n|inactive|EDJPP has 30 seconds left.\n|\n|t:|1776292865\n|switch|p2b: Glaceon|Glaceon, L50, M|100/100\n|turn|4\n|inactive|Nytter877 has 30 seconds left.\n|\n|t:|1776292891\n|move|p1b: Farigiraf|Hyper Voice|p2a: Froslass|[spread] p2b\n|-immune|p2a: Froslass\n|-crit|p2b: Glaceon\n|-damage|p2b: Glaceon|50/100\n|move|p2b: Glaceon|Blizzard|p1b: Farigiraf|[spread] p1a,p1b\n|-resisted|p1a: Arcanine|1\n|-damage|p1a: Arcanine|0 fnt\n|-damage|p1b: Farigiraf|40/100\n|faint|p1a: Arcanine\n|move|p2a: Froslass|Blizzard|p1b: Farigiraf\n|-damage|p1b: Farigiraf|0 fnt\n|faint|p1b: Farigiraf\n|\n|-weather|Snowscape|[upkeep]\n|upkeep\n|\n|t:|1776292904\n|switch|p1b: Sableye|Sableye, L50, M, shiny|100/100\n|switch|p1a: Crabominable|Crabominable, L50, F, shiny|100/100\n|turn|5\n|c|\u2606Nytter877|i lowk dont like this snow\n|\n|t:|1776292925\n|detailschange|p1a: Crabominable|Crabominable-Mega, L50, F, shiny\n|-mega|p1a: Crabominable|Crabominable|Crabominite\n|move|p1b: Sableye|Sunny Day|p1b: Sableye\n|-weather|SunnyDay\n|move|p1a: Crabominable|Drain Punch|p2b: Glaceon\n|-supereffective|p2b: Glaceon|1\n|-damage|p2b: Glaceon|0 fnt\n|faint|p2b: Glaceon\n|move|p2a: Froslass|Blizzard|p1a: Crabominable|[spread] p1a,p1b\n|-resisted|p1a: Crabominable|1\n|-damage|p1a: Crabominable|81/100\n|-damage|p1b: Sableye|56/100\n|\n|-weather|SunnyDay|[upkeep]\n|-fieldend|move: Trick Room\n|upkeep\n|turn|6\n|\n|t:|1776292944\n|move|p1b: Sableye|Quash|p2a: Froslass\n|-activate|p2a: Froslass|move: Quash\n|move|p1a: Crabominable|Crabhammer|p2a: Froslass\n|-damage|p2a: Froslass|20/100\n|move|p2a: Froslass|Blizzard|p1b: Sableye|[spread] p1a\n|-miss|p2a: Froslass|p1b: Sableye\n|-resisted|p1a: Crabominable|1\n|-damage|p1a: Crabominable|62/100\n|\n|-weather|SunnyDay|[upkeep]\n|upkeep\n|turn|7\n|inactive|EDJPP has 30 seconds left.\n|inactive|EDJPP has 20 seconds left.\n|inactive|EDJPP has 15 seconds left.\n|inactive|EDJPP has 10 seconds left.\n|inactive|EDJPP has 5 seconds left.\n|\n|t:|1776292999\n|move|p1b: Sableye|Quash|p2a: Froslass\n|-activate|p2a: Froslass|move: Quash\n|move|p1a: Crabominable|Crabhammer|p2a: Froslass\n|-damage|p2a: Froslass|0 fnt\n|faint|p2a: Froslass\n|\n|win|Nytter877\n|n|\u2606Nytter877|nytter877\n|n|\u2606EDJPP|edjpp\n|l|\u2606EDJPP\n|player|p2|\n|j|\u2606EDJPP\n|player|p2|EDJPP|volkner|\n",
  "uploadtime": 1776293006,
  "views": 18,
  "formatid": "gen9championsvgc2026regma",
  "rating": null,
  "private": 0,
  "password": null
}