{
  "id": "gen9championsvgc2026regma-2587922164",
  "format": "[Gen 9 Champions] VGC 2026 Reg M-A",
  "players": [
    "xfgfgdgfdsgfgf",
    "geekaleek"
  ],
  "log": "|j|\u2606xfgfgdgfdsgfgf\n|j|\u2606geekaleek\n|t:|1776579462\n|gametype|doubles\n|player|p1|xfgfgdgfdsgfgf|scientist|1488\n|player|p2|geekaleek|102|1479\n|gen|9\n|tier|[Gen 9 Champions] VGC 2026 Reg M-A\n|rated|\n|rule|Species Clause: Limit one of each Pok\u00e9mon\n|rule|Item Clause: Limit 1 of each item\n|clearpoke\n|poke|p1|Floette-Eternal, L50, F|\n|poke|p1|Garchomp, L50, M|\n|poke|p1|Sneasler, L50, F|\n|poke|p1|Aerodactyl, L50, F|\n|poke|p1|Rotom-Wash, L50|\n|poke|p1|Incineroar, L50, F|\n|poke|p2|Kingambit, L50, F|\n|poke|p2|Sneasler, L50, F|\n|poke|p2|Froslass, L50, F|\n|poke|p2|Rotom-Wash, L50|\n|poke|p2|Sinistcha-Masterpiece, L50|\n|poke|p2|Tauros-Paldea-Blaze, L50, M|\n|teampreview|4\n|inactive|Battle timer is ON: inactive players will automatically lose when time's up. (requested by xfgfgdgfdsgfgf)\n|inactive|xfgfgdgfdsgfgf has 60 seconds left.\n|inactive|geekaleek has 60 seconds left.\n|inactive|geekaleek has 30 seconds left.\n|inactive|geekaleek has 20 seconds left.\n|\n|t:|1776579533\n|teamsize|p1|4\n|teamsize|p2|4\n|start\n|switch|p1a: Floette|Floette-Eternal, L50, F|100/100\n|switch|p1b: Sneasler|Sneasler, L50, F|100/100\n|switch|p2a: Sneasler|Sneasler, L50, F|100/100\n|switch|p2b: Froslass|Froslass, L50, F|100/100\n|turn|1\n|j| sbpkshowdown\n|inactive|xfgfgdgfdsgfgf has 30 seconds left.\n|inactive|geekaleek has 30 seconds left.\n|\n|t:|1776579563\n|detailschange|p2b: Froslass|Froslass-Mega, L50, F\n|-mega|p2b: Froslass|Froslass|Froslassite\n|-weather|Snowscape|[from] ability: Snow Warning|[of] p2b: Froslass\n|detailschange|p1a: Floette|Floette-Mega, L50, F\n|-mega|p1a: Floette|Floette|Floettite\n|-ability|p1a: Floette|Fairy Aura\n|move|p2a: Sneasler|Fake Out|p1a: Floette\n|-damage|p1a: Floette|86/100\n|move|p1b: Sneasler|Close Combat|p2a: Sneasler\n|-resisted|p2a: Sneasler|1\n|-damage|p2a: Sneasler|46/100\n|-unboost|p1b: Sneasler|def|1\n|-unboost|p1b: Sneasler|spd|1\n|-enditem|p1b: Sneasler|White Herb\n|-clearnegativeboost|p1b: Sneasler|[silent]\n|move|p2b: Froslass|Blizzard|p1b: Sneasler|[spread] p1a,p1b\n|-damage|p1a: Floette|51/100\n|-damage|p1b: Sneasler|38/100\n|cant|p1a: Floette|flinch\n|\n|-weather|Snowscape|[upkeep]\n|upkeep\n|turn|2\n|\n|t:|1776579584\n|move|p1b: Sneasler|Protect|p1b: Sneasler\n|-singleturn|p1b: Sneasler|Protect\n|move|p2a: Sneasler|Protect|p2a: Sneasler\n|-singleturn|p2a: Sneasler|Protect\n|move|p2b: Froslass|Blizzard|p1a: Floette|[spread] p1a\n|-activate|p1b: Sneasler|move: Protect\n|-damage|p1a: Floette|21/100\n|move|p1a: Floette|Moonblast|p2b: Froslass\n|-damage|p2b: Froslass|17/100\n|\n|-weather|Snowscape|[upkeep]\n|upkeep\n|turn|3\n|inactive|geekaleek has 30 seconds left.\n|\n|t:|1776579615\n|switch|p1a: Rotom|Rotom-Wash, L50|100/100\n|move|p2b: Froslass|Protect|p2b: Froslass\n|-singleturn|p2b: Froslass|Protect\n|move|p1b: Sneasler|Close Combat|p2a: Sneasler\n|-resisted|p2a: Sneasler|1\n|-crit|p2a: Sneasler\n|-damage|p2a: Sneasler|0 fnt\n|-unboost|p1b: Sneasler|def|1\n|-unboost|p1b: Sneasler|spd|1\n|faint|p2a: Sneasler\n|\n|-weather|Snowscape|[upkeep]\n|upkeep\n|\n|t:|1776579622\n|switch|p2a: Kingambit|Kingambit, L50, F|100/100\n|turn|4\n|inactive|geekaleek has 30 seconds left.\n|inactive|geekaleek has 20 seconds left.\n|\n|t:|1776579662\n|switch|p2b: Rotom|Rotom-Wash, L50|100/100\n|move|p2a: Kingambit|Sucker Punch|p1b: Sneasler\n|-resisted|p1b: Sneasler|1\n|-damage|p1b: Sneasler|0 fnt\n|faint|p1b: Sneasler\n|move|p1a: Rotom|Will-O-Wisp|p2a: Kingambit\n|-status|p2a: Kingambit|brn\n|\n|-weather|Snowscape|[upkeep]\n|-damage|p2a: Kingambit|95/100 brn|[from] brn\n|upkeep\n|\n|t:|1776579669\n|switch|p1b: Aerodactyl|Aerodactyl, L50, F|100/100\n|-ability|p1b: Aerodactyl|Unnerve\n|turn|5\n|\n|t:|1776579686\n|move|p1a: Rotom|Will-O-Wisp|p2b: Rotom\n|-status|p2b: Rotom|brn\n|move|p1b: Aerodactyl|Rock Slide|p2a: Kingambit|[spread] p2a,p2b\n|-resisted|p2a: Kingambit|1\n|-damage|p2a: Kingambit|86/100 brn\n|-damage|p2b: Rotom|77/100 brn\n|move|p2b: Rotom|Thunderbolt|p1b: Aerodactyl\n|-supereffective|p1b: Aerodactyl|1\n|-damage|p1b: Aerodactyl|6/100\n|cant|p2a: Kingambit|flinch\n|\n|-weather|none\n|-heal|p2b: Rotom|83/100 brn|[from] item: Leftovers\n|-damage|p2b: Rotom|77/100 brn|[from] brn\n|-damage|p2a: Kingambit|80/100 brn|[from] brn\n|upkeep\n|turn|6\n|inactive|geekaleek has 30 seconds left.\n|\n|t:|1776579715\n|move|p1b: Aerodactyl|Protect|p1b: Aerodactyl\n|-singleturn|p1b: Aerodactyl|Protect\n|move|p1a: Rotom|Will-O-Wisp|p2b: Rotom\n|-fail|p2b: Rotom|brn\n|move|p2b: Rotom|Thunderbolt|p1a: Rotom\n|-damage|p1a: Rotom|66/100\n|move|p2a: Kingambit|Swords Dance|p2a: Kingambit\n|-boost|p2a: Kingambit|atk|2\n|\n|-heal|p2b: Rotom|83/100 brn|[from] item: Leftovers\n|-damage|p2b: Rotom|77/100 brn|[from] brn\n|-damage|p2a: Kingambit|74/100 brn|[from] brn\n|upkeep\n|turn|7\n|inactive|geekaleek has 30 seconds left.\n|inactive|geekaleek has 20 seconds left.\n|j| gengar0720\n|inactive|geekaleek has 15 seconds left.\n|\n|t:|1776579756\n|move|p1a: Rotom|Will-O-Wisp|p2a: Kingambit\n|-fail|p2a: Kingambit|brn\n|move|p1b: Aerodactyl|Tailwind|p1b: Aerodactyl\n|-sidestart|p1: xfgfgdgfdsgfgf|move: Tailwind\n|move|p2b: Rotom|Thunderbolt|p1a: Rotom\n|-damage|p1a: Rotom|32/100\n|move|p2a: Kingambit|Swords Dance|p2a: Kingambit\n|-boost|p2a: Kingambit|atk|2\n|\n|-heal|p2b: Rotom|83/100 brn|[from] item: Leftovers\n|-damage|p2b: Rotom|77/100 brn|[from] brn\n|-damage|p2a: Kingambit|69/100 brn|[from] brn\n|upkeep\n|turn|8\n|j| Pokuchu\n|\n|t:|1776579774\n|move|p2b: Rotom|Protect|p2b: Rotom\n|-singleturn|p2b: Rotom|Protect\n|move|p2a: Kingambit|Protect|p2a: Kingambit\n|-singleturn|p2a: Kingambit|Protect\n|move|p1a: Rotom|Will-O-Wisp|p2a: Kingambit\n|-activate|p2a: Kingambit|move: Protect\n|move|p1b: Aerodactyl|Rock Slide|p2a: Kingambit|[spread] \n|-activate|p2a: Kingambit|move: Protect\n|-activate|p2b: Rotom|move: Protect\n|\n|-heal|p2b: Rotom|83/100 brn|[from] item: Leftovers\n|-damage|p2b: Rotom|77/100 brn|[from] brn\n|-damage|p2a: Kingambit|63/100 brn|[from] brn\n|upkeep\n|turn|9\n|\n|t:|1776579794\n|switch|p1b: Floette|Floette-Mega, L50, F|21/100\n|-ability|p1b: Floette|Fairy Aura\n|move|p1a: Rotom|Will-O-Wisp|p2b: Rotom|[miss]\n|-miss|p1a: Rotom|p2b: Rotom\n|move|p2b: Rotom|Thunderbolt|p1b: Floette\n|-damage|p1b: Floette|0 fnt\n|faint|p1b: Floette\n|move|p2a: Kingambit|Kowtow Cleave|p1a: Rotom\n|-damage|p1a: Rotom|0 fnt\n|faint|p1a: Rotom\n|\n|-heal|p2b: Rotom|83/100 brn|[from] item: Leftovers\n|-damage|p2b: Rotom|77/100 brn|[from] brn\n|-damage|p2a: Kingambit|57/100 brn|[from] brn\n|upkeep\n|-message|xfgfgdgfdsgfgf forfeited.\n|\n|win|geekaleek\n|raw|xfgfgdgfdsgfgf's rating: 1488 &rarr; <strong>1467</strong><br />(-21 for losing)\n|raw|geekaleek's rating: 1479 &rarr; <strong>1500</strong><br />(+21 for winning)\n|l|\u2606xfgfgdgfdsgfgf\n|player|p1|\n|l| sbpkshowdown\n",
  "uploadtime": 1776579831,
  "views": 15,
  "formatid": "gen9championsvgc2026regma",
  "rating": 1467,
  "private": 0,
  "password": null
}