{
  "id": "gen9championsvgc2026regma-2589539036",
  "format": "[Gen 9 Champions] VGC 2026 Reg M-A",
  "players": [
    "Porek",
    "halcony"
  ],
  "log": "|j|\u2606Porek\n|j|\u2606halcony\n|t:|1776732204\n|gametype|doubles\n|player|p1|Porek|rocketgrunt|1223\n|player|p2|halcony|266|1209\n|gen|9\n|tier|[Gen 9 Champions] VGC 2026 Reg M-A\n|rated|\n|rule|Species Clause: Limit one of each Pok\u00e9mon\n|rule|Item Clause: Limit 1 of each item\n|clearpoke\n|poke|p1|Pelipper, L50, F|\n|poke|p1|Sneasler, L50, F|\n|poke|p1|Archaludon, L50, F|\n|poke|p1|Basculegion, L50, M|\n|poke|p1|Dragonite, L50, M|\n|poke|p1|Meganium, L50, M|\n|poke|p2|Charizard, L50, M|\n|poke|p2|Sinistcha, L50|\n|poke|p2|Aerodactyl, L50, F|\n|poke|p2|Typhlosion-Hisui, L50, M|\n|poke|p2|Feraligatr, L50, F|\n|poke|p2|Kingambit, L50, M|\n|teampreview|4\n|inactive|Battle timer is ON: inactive players will automatically lose when time's up. (requested by Porek)\n|inactive|Porek has 60 seconds left.\n|\n|t:|1776732238\n|teamsize|p1|4\n|teamsize|p2|4\n|start\n|switch|p1a: Sneasler|Sneasler, L50, F|100/100\n|switch|p1b: Basculegion|Basculegion, L50, M|100/100\n|switch|p2a: Aerodactyl|Aerodactyl, L50, F|100/100\n|switch|p2b: Feraligatr|Feraligatr, L50, F|100/100\n|-ability|p2a: Aerodactyl|Unnerve\n|turn|1\n|inactive|Porek has 30 seconds left.\n|inactive|Porek has 20 seconds left.\n|\n|t:|1776732274\n|detailschange|p2b: Feraligatr|Feraligatr-Mega, L50, F\n|-mega|p2b: Feraligatr|Feraligatr|Feraligite\n|move|p1a: Sneasler|Fake Out|p2a: Aerodactyl\n|-resisted|p2a: Aerodactyl|1\n|-damage|p2a: Aerodactyl|89/100\n|cant|p2a: Aerodactyl|flinch\n|move|p1b: Basculegion|Wave Crash|p2a: Aerodactyl\n|-supereffective|p2a: Aerodactyl|1\n|-damage|p2a: Aerodactyl|0 fnt\n|faint|p2a: Aerodactyl\n|-damage|p1b: Basculegion|77/100|[from] Recoil\n|move|p2b: Feraligatr|Double-Edge|p1a: Sneasler\n|-damage|p1a: Sneasler|0 fnt\n|faint|p1a: Sneasler\n|-damage|p2b: Feraligatr|69/100|[from] Recoil\n|\n|upkeep\n|\n|t:|1776732296\n|switch|p2a: Sinistcha|Sinistcha, L50|100/100\n|switch|p1a: Archaludon|Archaludon, L50, F|100/100\n|-heal|p2b: Feraligatr|94/100|[from] ability: Hospitality|[of] p2a: Sinistcha\n|turn|2\n|\n|t:|1776732311\n|switch|p1b: Pelipper|Pelipper, L50, F|100/100\n|-weather|RainDance|[from] ability: Drizzle|[of] p1b: Pelipper\n|move|p1a: Archaludon|Protect|p1a: Archaludon\n|-singleturn|p1a: Archaludon|Protect\n|move|p2a: Sinistcha|Rage Powder|p2a: Sinistcha\n|-singleturn|p2a: Sinistcha|move: Rage Powder\n|move|p2b: Feraligatr|Double-Edge|p1a: Archaludon\n|-activate|p1a: Archaludon|move: Protect\n|\n|-weather|RainDance|[upkeep]\n|upkeep\n|turn|3\n|\n|t:|1776732335\n|move|p2a: Sinistcha|Rage Powder|p2a: Sinistcha\n|-singleturn|p2a: Sinistcha|move: Rage Powder\n|move|p2b: Feraligatr|Double-Edge|p1a: Archaludon\n|-damage|p1a: Archaludon|17/100\n|-ability|p1a: Archaludon|Stamina|boost\n|-boost|p1a: Archaludon|def|1\n|-damage|p2b: Feraligatr|65/100|[from] Recoil\n|move|p1a: Archaludon|Electro Shot||[still]\n|-prepare|p1a: Archaludon|Electro Shot\n|-boost|p1a: Archaludon|spa|1\n|-anim|p1a: Archaludon|Electro Shot|p2a: Sinistcha\n|-resisted|p2a: Sinistcha|1\n|-damage|p2a: Sinistcha|54/100\n|move|p1b: Pelipper|Hurricane|p2a: Sinistcha\n|-supereffective|p2a: Sinistcha|1\n|-crit|p2a: Sinistcha\n|-damage|p2a: Sinistcha|0 fnt\n|faint|p2a: Sinistcha\n|\n|-weather|RainDance|[upkeep]\n|-heal|p1a: Archaludon|23/100|[from] item: Leftovers\n|upkeep\n|\n|t:|1776732341\n|switch|p2a: Kingambit|Kingambit, L50, M|100/100\n|turn|4\n|inactive|Porek has 30 seconds left.\n|inactive|Porek has 20 seconds left.\n|\n|t:|1776732377\n|move|p2a: Kingambit|Sucker Punch|p1a: Archaludon\n|-damage|p1a: Archaludon|0 fnt\n|faint|p1a: Archaludon\n|move|p2b: Feraligatr|Double-Edge|p1b: Pelipper\n|-damage|p1b: Pelipper|5/100\n|-damage|p2b: Feraligatr|33/100|[from] Recoil\n|move|p1b: Pelipper|Weather Ball|p2a: Kingambit\n|-damage|p2a: Kingambit|41/100\n|\n|-weather|RainDance|[upkeep]\n|-heal|p2a: Kingambit|47/100|[from] item: Leftovers\n|upkeep\n|\n|t:|1776732390\n|switch|p1a: Basculegion|Basculegion, L50, M|77/100\n|turn|5\n|\n|t:|1776732405\n|move|p1a: Basculegion|Aqua Jet|p2a: Kingambit\n|-damage|p2a: Kingambit|16/100\n|move|p2b: Feraligatr|Aqua Jet|p1b: Pelipper\n|-resisted|p1b: Pelipper|1\n|-damage|p1b: Pelipper|0 fnt\n|faint|p1b: Pelipper\n|move|p2a: Kingambit|Sucker Punch||[still]\n|-fail|p2a: Kingambit\n|\n|-weather|RainDance|[upkeep]\n|-heal|p2a: Kingambit|22/100|[from] item: Leftovers\n|upkeep\n|turn|6\n|\n|t:|1776732417\n|move|p1a: Basculegion|Aqua Jet|p2a: Kingambit\n|-damage|p2a: Kingambit|0 fnt\n|faint|p2a: Kingambit\n|move|p2b: Feraligatr|Double-Edge|p1a: Basculegion\n|-damage|p1a: Basculegion|0 fnt\n|faint|p1a: Basculegion\n|-damage|p2b: Feraligatr|3/100|[from] Recoil\n|\n|win|halcony\n|raw|Porek's rating: 1223 &rarr; <strong>1197</strong><br />(-26 for losing)\n|raw|halcony's rating: 1209 &rarr; <strong>1235</strong><br />(+26 for winning)\n",
  "uploadtime": 1776732425,
  "views": 3,
  "formatid": "gen9championsvgc2026regma",
  "rating": 1197,
  "private": 0,
  "password": null
}