{
  "id": "gen9championsvgc2026regma-2582519663",
  "format": "[Gen 9 Champions] VGC 2026 Reg M-A",
  "players": [
    "TheLonelyDrampa",
    "eobrocas"
  ],
  "log": "|j|\u2606TheLonelyDrampa\n|j|\u2606eobrocas\n|t:|1776096888\n|gametype|doubles\n|player|p1|TheLonelyDrampa|102|1087\n|player|p2|eobrocas|1|1004\n|gen|9\n|tier|[Gen 9 Champions] VGC 2026 Reg M-A\n|rated|\n|rule|Species Clause: Limit one of each Pok\u00e9mon\n|rule|Item Clause: Limit 1 of each item\n|clearpoke\n|poke|p1|Drampa, L50, M|\n|poke|p1|Alakazam, L50, M|\n|poke|p1|Sinistcha, L50|\n|poke|p1|Pelipper, L50, M|\n|poke|p1|Basculegion, L50, M|\n|poke|p1|Scizor, L50, F|\n|poke|p2|Whimsicott, L50, F|\n|poke|p2|Incineroar, L50, M|\n|poke|p2|Sneasler, L50, F|\n|poke|p2|Ninetales, L50, F|\n|poke|p2|Delphox, L50, M|\n|poke|p2|Umbreon, L50, M|\n|teampreview|4\n|\n|t:|1776096934\n|teamsize|p1|4\n|teamsize|p2|4\n|start\n|switch|p1a: Drampa|Drampa, L50, M|100/100\n|switch|p1b: Alakazam|Alakazam, L50, M|100/100\n|switch|p2a: Whimsicott|Whimsicott, L50, F|100/100\n|switch|p2b: Incineroar|Incineroar, L50, M|100/100\n|-ability|p2b: Incineroar|Intimidate|boost\n|-unboost|p1a: Drampa|atk|1\n|-fail|p1b: Alakazam|unboost|Attack|[from] ability: Inner Focus|[of] p1b: Alakazam\n|-ability|p1a: Drampa|Cloud Nine\n|turn|1\n|\n|t:|1776096956\n|move|p1a: Drampa|Protect|p1a: Drampa\n|-singleturn|p1a: Drampa|Protect\n|move|p2b: Incineroar|Fake Out|p1b: Alakazam\n|-damage|p1b: Alakazam|75/100\n|move|p2a: Whimsicott|Tailwind|p2a: Whimsicott\n|-sidestart|p2: eobrocas|move: Tailwind\n|move|p1b: Alakazam|Light Screen|p1b: Alakazam\n|-sidestart|p1: TheLonelyDrampa|move: Light Screen\n|\n|upkeep\n|turn|2\n|\n|t:|1776096979\n|switch|p1b: Pelipper|Pelipper, L50, M|100/100\n|-weather|RainDance|[from] ability: Drizzle|[of] p1b: Pelipper\n|detailschange|p1a: Drampa|Drampa-Mega, L50, M\n|-mega|p1a: Drampa|Drampa|Drampanite\n|move|p2a: Whimsicott|Encore||[still]\n|-fail|p2a: Whimsicott\n|move|p2b: Incineroar|Parting Shot|p1a: Drampa\n|-unboost|p1a: Drampa|atk|1\n|-unboost|p1a: Drampa|spa|1\n|\n|t:|1776096996\n|switch|p2b: Umbreon|Umbreon, L50, M|100/100|[from] Parting Shot\n|move|p1a: Drampa|Calm Mind|p1a: Drampa\n|-boost|p1a: Drampa|spa|1\n|-boost|p1a: Drampa|spd|1\n|\n|-weather|RainDance|[upkeep]\n|upkeep\n|turn|3\n|\n|t:|1776097016\n|move|p1a: Drampa|Protect|p1a: Drampa\n|-singleturn|p1a: Drampa|Protect\n|move|p2a: Whimsicott|Encore|p1a: Drampa\n|-activate|p1a: Drampa|move: Protect\n|move|p2b: Umbreon|Taunt|p1a: Drampa\n|-activate|p1a: Drampa|move: Protect\n|move|p1b: Pelipper|Tailwind|p1b: Pelipper\n|-sidestart|p1: TheLonelyDrampa|move: Tailwind\n|\n|-weather|RainDance|[upkeep]\n|upkeep\n|turn|4\n|\n|t:|1776097061\n|switch|p1b: Alakazam|Alakazam, L50, M|75/100\n|switch|p1a: Basculegion|Basculegion, L50, M|100/100\n|move|p2a: Whimsicott|Encore||[still]\n|-fail|p2a: Whimsicott\n|move|p2b: Umbreon|Yawn|p1a: Basculegion\n|-start|p1a: Basculegion|move: Yawn|[of] p2b: Umbreon\n|\n|-weather|RainDance|[upkeep]\n|-sideend|p2: eobrocas|move: Tailwind\n|upkeep\n|turn|5\n|\n|t:|1776097077\n|switch|p1a: Drampa|Drampa-Mega, L50, M|100/100\n|switch|p2a: Incineroar|Incineroar, L50, M|100/100\n|-ability|p2a: Incineroar|Intimidate|boost\n|-unboost|p1a: Drampa|atk|1\n|-fail|p1b: Alakazam|unboost|Attack|[from] ability: Inner Focus|[of] p1b: Alakazam\n|move|p1b: Alakazam|Speed Swap|p1a: Drampa\n|-activate|p1b: Alakazam|move: Speed Swap|[of] p1a: Drampa\n|move|p2b: Umbreon|Snarl|p1a: Drampa|[spread] p1a,p1b\n|-supereffective|p1b: Alakazam|1\n|-enditem|p1b: Alakazam|Colbur Berry|[eat]\n|-enditem|p1b: Alakazam|Colbur Berry|[weaken]\n|-damage|p1a: Drampa|95/100\n|-damage|p1b: Alakazam|69/100\n|-unboost|p1a: Drampa|spa|1\n|-unboost|p1b: Alakazam|spa|1\n|\n|-weather|RainDance|[upkeep]\n|-sideend|p1: TheLonelyDrampa|move: Light Screen\n|upkeep\n|turn|6\n|\n|t:|1776097114\n|move|p1a: Drampa|Protect|p1a: Drampa\n|-singleturn|p1a: Drampa|Protect\n|move|p1b: Alakazam|Light Screen|p1b: Alakazam\n|-sidestart|p1: TheLonelyDrampa|move: Light Screen\n|move|p2b: Umbreon|Snarl|p1b: Alakazam|[spread] p1b\n|-activate|p1a: Drampa|move: Protect\n|-supereffective|p1b: Alakazam|1\n|-damage|p1b: Alakazam|56/100\n|-unboost|p1b: Alakazam|spa|1\n|move|p2a: Incineroar|Parting Shot|p1a: Drampa\n|-activate|p1a: Drampa|move: Protect\n|\n|-weather|none\n|-sideend|p1: TheLonelyDrampa|move: Tailwind\n|upkeep\n|turn|7\n|\n|t:|1776097167\n|move|p1a: Drampa|Protect||[still]\n|-fail|p1a: Drampa\n|move|p2b: Umbreon|Snarl|p1a: Drampa|[spread] p1a,p1b\n|-supereffective|p1b: Alakazam|1\n|-damage|p1a: Drampa|89/100\n|-damage|p1b: Alakazam|41/100\n|-unboost|p1a: Drampa|spa|1\n|-unboost|p1b: Alakazam|spa|1\n|move|p2a: Incineroar|Parting Shot|p1b: Alakazam\n|-unboost|p1b: Alakazam|atk|1\n|-unboost|p1b: Alakazam|spa|1\n|\n|t:|1776097181\n|switch|p2a: Delphox|Delphox, L50, M|100/100|[from] Parting Shot\n|move|p1b: Alakazam|Reflect|p1b: Alakazam\n|-sidestart|p1: TheLonelyDrampa|Reflect\n|\n|upkeep\n|turn|8\n|\n|t:|1776097205\n|switch|p1a: Pelipper|Pelipper, L50, M|100/100\n|-weather|RainDance|[from] ability: Drizzle|[of] p1a: Pelipper\n|switch|p1b: Basculegion|Basculegion, L50, M|100/100\n|move|p2a: Delphox|Psychic|p1a: Pelipper\n|-damage|p1a: Pelipper|49/100\n|move|p2b: Umbreon|Foul Play|p1a: Pelipper\n|-damage|p1a: Pelipper|34/100\n|\n|-weather|RainDance|[upkeep]\n|upkeep\n|turn|9\n|\n|t:|1776097226\n|switch|p2a: Incineroar|Incineroar, L50, M|100/100\n|-ability|p2a: Incineroar|Intimidate|boost\n|-unboost|p1a: Pelipper|atk|1\n|-unboost|p1b: Basculegion|atk|1\n|move|p1b: Basculegion|Wave Crash|p2a: Incineroar\n|-supereffective|p2a: Incineroar|1\n|-damage|p2a: Incineroar|0 fnt\n|faint|p2a: Incineroar\n|-damage|p1b: Basculegion|68/100|[from] Recoil\n|move|p1a: Pelipper|Tailwind|p1a: Pelipper\n|-sidestart|p1: TheLonelyDrampa|move: Tailwind\n|move|p2b: Umbreon|Yawn|p1b: Basculegion\n|-start|p1b: Basculegion|move: Yawn|[of] p2b: Umbreon\n|\n|-weather|RainDance|[upkeep]\n|upkeep\n|\n|t:|1776097234\n|switch|p2a: Whimsicott|Whimsicott, L50, F|100/100\n|turn|10\n|\n|t:|1776097254\n|switch|p1b: Drampa|Drampa-Mega, L50, M|89/100\n|move|p2a: Whimsicott|Sunny Day|p2a: Whimsicott\n|-weather|SunnyDay\n|move|p1a: Pelipper|Hurricane|p2a: Whimsicott|[miss]\n|-miss|p1a: Pelipper|p2a: Whimsicott\n|move|p2b: Umbreon|Snarl|p1b: Drampa|[spread] p1b\n|-miss|p2b: Umbreon|p1a: Pelipper\n|-damage|p1b: Drampa|84/100\n|-unboost|p1b: Drampa|spa|1\n|\n|-weather|SunnyDay|[upkeep]\n|-sideend|p1: TheLonelyDrampa|move: Light Screen\n|upkeep\n|turn|11\n|\n|t:|1776097278\n|move|p2a: Whimsicott|Encore|p1a: Pelipper\n|-start|p1a: Pelipper|Encore\n|move|p1a: Pelipper|Hurricane|p2a: Whimsicott|[miss]\n|-miss|p1a: Pelipper|p2a: Whimsicott\n|move|p1b: Drampa|Hyper Voice|p2b: Umbreon|[spread] p2a,p2b\n|-damage|p2a: Whimsicott|56/100\n|-damage|p2b: Umbreon|79/100\n|move|p2b: Umbreon|Snarl|p1b: Drampa|[spread] p1a,p1b\n|-damage|p1a: Pelipper|18/100\n|-damage|p1b: Drampa|76/100\n|-unboost|p1a: Pelipper|spa|1\n|-unboost|p1b: Drampa|spa|1\n|\n|-weather|SunnyDay|[upkeep]\n|-heal|p2b: Umbreon|85/100|[from] item: Leftovers\n|-sideend|p1: TheLonelyDrampa|Reflect\n|upkeep\n|turn|12\n|\n|t:|1776097314\n|switch|p1a: Basculegion|Basculegion, L50, M|68/100\n|switch|p1b: Alakazam|Alakazam, L50, M|41/100\n|move|p2a: Whimsicott|Moonblast|p1a: Basculegion\n|-damage|p1a: Basculegion|28/100\n|move|p2b: Umbreon|Snarl|p1a: Basculegion|[spread] p1a,p1b\n|-supereffective|p1a: Basculegion|1\n|-supereffective|p1b: Alakazam|1\n|-damage|p1a: Basculegion|5/100\n|-damage|p1b: Alakazam|18/100\n|-unboost|p1a: Basculegion|spa|1\n|-unboost|p1b: Alakazam|spa|1\n|\n|-weather|SunnyDay|[upkeep]\n|-heal|p2b: Umbreon|91/100|[from] item: Leftovers\n|-sideend|p1: TheLonelyDrampa|move: Tailwind\n|upkeep\n|turn|13\n|\n|t:|1776097352\n|switch|p1b: Pelipper|Pelipper, L50, M|18/100\n|-weather|RainDance|[from] ability: Drizzle|[of] p1b: Pelipper\n|switch|p2a: Delphox|Delphox, L50, M|100/100\n|move|p1a: Basculegion|Wave Crash|p2b: Umbreon\n|-damage|p2b: Umbreon|23/100\n|-damage|p1a: Basculegion|0 fnt|[from] Recoil\n|faint|p1a: Basculegion\n|move|p2b: Umbreon|Snarl|p1b: Pelipper\n|-damage|p1b: Pelipper|0 fnt\n|faint|p1b: Pelipper\n|\n|-weather|RainDance|[upkeep]\n|-heal|p2b: Umbreon|29/100|[from] item: Leftovers\n|upkeep\n|\n|t:|1776097368\n|switch|p1a: Drampa|Drampa-Mega, L50, M|76/100\n|switch|p1b: Alakazam|Alakazam, L50, M|18/100\n|turn|14\n|\n|t:|1776097383\n|move|p2a: Delphox|Dazzling Gleam|p1b: Alakazam|[spread] p1a,p1b\n|-supereffective|p1a: Drampa|1\n|-damage|p1a: Drampa|41/100\n|-damage|p1b: Alakazam|0 fnt\n|faint|p1b: Alakazam\n|-ability|p1a: Drampa|Berserk|boost\n|-boost|p1a: Drampa|spa|1\n|move|p2b: Umbreon|Snarl|p1a: Drampa\n|-damage|p1a: Drampa|29/100\n|-unboost|p1a: Drampa|spa|1\n|move|p1a: Drampa|Hyper Voice|p2a: Delphox|[spread] p2a,p2b\n|-damage|p2a: Delphox|54/100\n|-damage|p2b: Umbreon|2/100\n|\n|-weather|RainDance|[upkeep]\n|-heal|p2b: Umbreon|8/100|[from] item: Leftovers\n|upkeep\n|turn|15\n|-message|TheLonelyDrampa forfeited.\n|\n|win|eobrocas\n|raw|TheLonelyDrampa's rating: 1087 &rarr; <strong>1059</strong><br />(-28 for losing)\n|raw|eobrocas's rating: 1004 &rarr; <strong>1053</strong><br />(+49 for winning)\n|l|\u2606TheLonelyDrampa\n|player|p1|\n",
  "uploadtime": 1776097399,
  "views": 11,
  "formatid": "gen9championsvgc2026regma",
  "rating": 1053,
  "private": 0,
  "password": null
}