{
  "id": "gen9championsvgc2026regma-2581316134",
  "format": "[Gen 9 Champions] VGC 2026 Reg M-A",
  "players": [
    "RevenClop",
    "Braute"
  ],
  "log": "|j|\u2606RevenClop\n|j|\u2606Braute\n|t:|1775985618\n|gametype|doubles\n|player|p1|RevenClop|102|1038\n|player|p2|Braute|miku-fire|1120\n|gen|9\n|tier|[Gen 9 Champions] VGC 2026 Reg M-A\n|rated|\n|rule|Species Clause: Limit one of each Pok\u00e9mon\n|rule|Item Clause: Limit 1 of each item\n|clearpoke\n|poke|p1|Corviknight, L50, M|\n|poke|p1|Pelipper, L50, F|\n|poke|p1|Sinistcha, L50|\n|poke|p1|Incineroar, L50, F|\n|poke|p1|Tyranitar, L50, M|\n|poke|p1|Excadrill, L50, F|\n|poke|p2|Beedrill, L50, M|\n|poke|p2|Incineroar, L50, M|\n|poke|p2|Talonflame, L50, M|\n|poke|p2|Kingambit, L50, M|\n|poke|p2|Manectric, L50, F|\n|poke|p2|Sylveon, L50, F|\n|teampreview|4\n|inactive|Battle timer is ON: inactive players will automatically lose when time's up. (requested by Braute)\nBraute has agreed to open team sheets.\n|\n|t:|1775985642\n|teamsize|p1|4\n|teamsize|p2|4\n|start\n|switch|p1a: Corviknight|Corviknight, L50, M|100/100\n|switch|p1b: Pelipper|Pelipper, L50, F|100/100\n|switch|p2a: Beedrill|Beedrill, L50, M, shiny|100/100\n|switch|p2b: Talonflame|Talonflame, L50, M|100/100\n|-weather|RainDance|[from] ability: Drizzle|[of] p1b: Pelipper\n|turn|1\n|\n|t:|1775985661\n|detailschange|p2a: Beedrill|Beedrill-Mega, L50, M, shiny\n|-mega|p2a: Beedrill|Beedrill|Beedrillite\n|move|p2b: Talonflame|Dual Wingbeat|p1b: Pelipper\n|-damage|p1b: Pelipper|75/100\n|-damage|p1b: Pelipper|49/100\n|-hitcount|p1b: Pelipper|2\n|move|p2a: Beedrill|U-turn|p1b: Pelipper\n|-resisted|p1b: Pelipper|1\n|-damage|p1b: Pelipper|9/100\n|\n|t:|1775985672\n|switch|p2a: Kingambit|Kingambit, L50, M, shiny|100/100|[from] U-turn\n|move|p1b: Pelipper|Hurricane|p2a: Kingambit\n|-resisted|p2a: Kingambit|1\n|-damage|p2a: Kingambit|76/100\n|move|p1a: Corviknight|Iron Defense|p1a: Corviknight\n|-boost|p1a: Corviknight|def|2\n|\n|-weather|RainDance|[upkeep]\n|upkeep\n|turn|2\n|\n|t:|1775985693\n|switch|p1b: Tyranitar|Tyranitar, L50, M|100/100\n|-weather|Sandstorm|[from] ability: Sand Stream|[of] p1b: Tyranitar\n|move|p2b: Talonflame|Dual Wingbeat|p1b: Tyranitar\n|-resisted|p1b: Tyranitar|1\n|-damage|p1b: Tyranitar|94/100\n|-resisted|p1b: Tyranitar|1\n|-damage|p1b: Tyranitar|87/100\n|-hitcount|p1b: Tyranitar|2\n|move|p1a: Corviknight|Body Press|p2a: Kingambit\n|-supereffective|p2a: Kingambit|2\n|-damage|p2a: Kingambit|0 fnt\n|faint|p2a: Kingambit\n|\n|-weather|Sandstorm|[upkeep]\n|-damage|p2b: Talonflame|95/100|[from] Sandstorm\n|upkeep\n|\n|t:|1775985701\n|switch|p2a: Beedrill|Beedrill-Mega, L50, M, shiny|100/100\n|turn|3\n|\n|t:|1775985720\n|move|p2a: Beedrill|Lunge|p1b: Tyranitar\n|-supereffective|p1b: Tyranitar|1\n|-damage|p1b: Tyranitar|0 fnt\n|faint|p1b: Tyranitar\n|move|p2b: Talonflame|Flare Blitz|p1a: Corviknight\n|-supereffective|p1a: Corviknight|1\n|-damage|p1a: Corviknight|66/100\n|-damage|p2b: Talonflame|82/100|[from] Recoil\n|move|p1a: Corviknight|Brave Bird|p2a: Beedrill\n|-supereffective|p2a: Beedrill|1\n|-damage|p2a: Beedrill|0 fnt\n|faint|p2a: Beedrill\n|-damage|p1a: Corviknight|40/100|[from] Recoil\n|\n|-weather|Sandstorm|[upkeep]\n|-damage|p2b: Talonflame|76/100|[from] Sandstorm\n|-heal|p1a: Corviknight|46/100|[from] item: Leftovers\n|upkeep\n|\n|t:|1775985738\n|switch|p2a: Incineroar|Incineroar, L50, M, shiny|100/100\n|switch|p1b: Incineroar|Incineroar, L50, F|100/100\n|-ability|p1b: Incineroar|Intimidate|boost\n|-unboost|p2a: Incineroar|atk|1\n|-unboost|p2b: Talonflame|atk|1\n|-ability|p2a: Incineroar|Intimidate|boost\n|-ability|p1a: Corviknight|Mirror Armor\n|-unboost|p2a: Incineroar|atk|1\n|-unboost|p1b: Incineroar|atk|1\n|turn|4\n|\n|t:|1775985757\n|move|p1b: Incineroar|Fake Out|p2b: Talonflame\n|-damage|p2b: Talonflame|67/100\n|move|p2a: Incineroar|Fake Out|p1a: Corviknight\n|-resisted|p1a: Corviknight|1\n|-damage|p1a: Corviknight|44/100\n|cant|p2b: Talonflame|flinch\n|cant|p1a: Corviknight|flinch\n|\n|-weather|Sandstorm|[upkeep]\n|-damage|p2b: Talonflame|61/100|[from] Sandstorm\n|-damage|p1b: Incineroar|95/100|[from] Sandstorm\n|-damage|p2a: Incineroar|94/100|[from] Sandstorm\n|-heal|p1a: Corviknight|50/100|[from] item: Leftovers\n|upkeep\n|turn|5\n|\n|t:|1775985779\n|switch|p1b: Pelipper|Pelipper, L50, F|9/100\n|-weather|RainDance|[from] ability: Drizzle|[of] p1b: Pelipper\n|move|p2b: Talonflame|Flare Blitz|p1a: Corviknight\n|-supereffective|p1a: Corviknight|1\n|-damage|p1a: Corviknight|40/100\n|-damage|p2b: Talonflame|57/100|[from] Recoil\n|move|p1a: Corviknight|Body Press|p2a: Incineroar\n|-supereffective|p2a: Incineroar|1\n|-damage|p2a: Incineroar|0 fnt\n|faint|p2a: Incineroar\n|\n|-weather|RainDance|[upkeep]\n|-heal|p1a: Corviknight|46/100|[from] item: Leftovers\n|upkeep\n|turn|6\n|-message|Braute forfeited.\n|\n|win|RevenClop\n|raw|RevenClop's rating: 1038 &rarr; <strong>1080</strong><br />(+42 for winning)\n|raw|Braute's rating: 1120 &rarr; <strong>1089</strong><br />(-31 for losing)\n",
  "uploadtime": 1775985789,
  "views": 33,
  "formatid": "gen9championsvgc2026regma",
  "rating": 1080,
  "private": 0,
  "password": null
}