{
  "id": "gen9championsvgc2026regma-2584821805",
  "format": "[Gen 9 Champions] VGC 2026 Reg M-A",
  "players": [
    "sparkelzlol",
    "brennan00111"
  ],
  "log": "|j|\u2606sparkelzlol\n|j|\u2606brennan00111\n|t:|1776286244\n|gametype|doubles\n|player|p1|sparkelzlol|riley|1206\n|player|p2|brennan00111|265|1251\n|gen|9\n|tier|[Gen 9 Champions] VGC 2026 Reg M-A\n|rated|\n|rule|Species Clause: Limit one of each Pok\u00e9mon\n|rule|Item Clause: Limit 1 of each item\n|clearpoke\n|poke|p1|Aggron, L50, M|\n|poke|p1|Aerodactyl, L50, M|\n|poke|p1|Sinistcha, L50|\n|poke|p1|Milotic, L50, F|\n|poke|p1|Meowscarada, L50, F|\n|poke|p1|Rotom-Wash, L50|\n|poke|p2|Gardevoir, L50, F|\n|poke|p2|Primarina, L50, M|\n|poke|p2|Whimsicott, L50, M|\n|poke|p2|Sneasler, L50, M|\n|poke|p2|Arcanine-Hisui, L50, F|\n|poke|p2|Kingambit, L50, F|\n|teampreview|4\n|inactive|Battle timer is ON: inactive players will automatically lose when time's up. (requested by brennan00111)\n|inactive|sparkelzlol also wants the timer to be on.\n|inactive|sparkelzlol has 60 seconds left.\n|inactive|brennan00111 has 60 seconds left.\n|\n|t:|1776286295\n|teamsize|p1|4\n|teamsize|p2|4\n|start\n|switch|p1a: Milotic|Milotic, L50, F|100/100\n|switch|p1b: Rotom|Rotom-Wash, L50|100/100\n|switch|p2a: Kingambit|Kingambit, L50, F|100/100\n|switch|p2b: Sneasler|Sneasler, L50, M|100/100\n|turn|1\n|\n|t:|1776286309\n|switch|p2a: Primarina|Primarina, L50, M|100/100\n|move|p1b: Rotom|Will-O-Wisp|p2a: Primarina\n|-status|p2a: Primarina|brn\n|move|p2b: Sneasler|Dire Claw|p1a: Milotic\n|-damage|p1a: Milotic|66/100\n|move|p1a: Milotic|Scald|p2b: Sneasler\n|-damage|p2b: Sneasler|58/100\n|\n|-damage|p2a: Primarina|95/100 brn|[from] brn\n|upkeep\n|turn|2\n|\n|t:|1776286325\n|switch|p2b: Gardevoir|Gardevoir, L50, F|100/100\n|move|p1b: Rotom|Will-O-Wisp|p2b: Gardevoir\n|-status|p2b: Gardevoir|brn\n|-activate|p2b: Gardevoir|ability: Synchronize\n|-status|p1b: Rotom|brn\n|move|p1a: Milotic|Life Dew||[still]|[spread] p1a,p1b\n|-heal|p1a: Milotic|91/100\n|-fail|p1b: Rotom|heal\n|move|p2a: Primarina|Calm Mind|p2a: Primarina\n|-boost|p2a: Primarina|spa|1\n|-boost|p2a: Primarina|spd|1\n|\n|-heal|p2a: Primarina|100/100 brn|[from] item: Leftovers\n|-damage|p1b: Rotom|95/100 brn|[from] brn\n|-damage|p2b: Gardevoir|95/100 brn|[from] brn\n|-damage|p2a: Primarina|95/100 brn|[from] brn\n|upkeep\n|turn|3\n|\n|t:|1776286343\n|switch|p1b: Aerodactyl|Aerodactyl, L50, M|100/100\n|-ability|p1b: Aerodactyl|Unnerve\n|detailschange|p2b: Gardevoir|Gardevoir-Mega, L50, F\n|-mega|p2b: Gardevoir|Gardevoir|Gardevoirite\n|move|p2b: Gardevoir|Hyper Voice|p1b: Aerodactyl|[spread] p1a,p1b\n|-damage|p1a: Milotic|49/100\n|-damage|p1b: Aerodactyl|23/100\n|-enditem|p1a: Milotic|Sitrus Berry|[eat]\n|-heal|p1a: Milotic|74/100|[from] item: Sitrus Berry\n|move|p1a: Milotic|Scald|p2b: Gardevoir\n|-damage|p2b: Gardevoir|66/100 brn\n|move|p2a: Primarina|Calm Mind|p2a: Primarina\n|-boost|p2a: Primarina|spa|1\n|-boost|p2a: Primarina|spd|1\n|\n|-heal|p2a: Primarina|100/100 brn|[from] item: Leftovers\n|-damage|p2b: Gardevoir|61/100 brn|[from] brn\n|-damage|p2a: Primarina|95/100 brn|[from] brn\n|upkeep\n|turn|4\n|\n|t:|1776286362\n|move|p1b: Aerodactyl|Rock Slide|p2a: Primarina|[spread] p2a,p2b\n|-damage|p2a: Primarina|68/100 brn\n|-damage|p2b: Gardevoir|28/100 brn\n|move|p2b: Gardevoir|Hyper Voice|p1a: Milotic|[spread] p1a,p1b\n|-damage|p1a: Milotic|36/100\n|-damage|p1b: Aerodactyl|0 fnt\n|faint|p1b: Aerodactyl\n|move|p1a: Milotic|Life Dew|p1a: Milotic\n|-heal|p1a: Milotic|61/100\n|cant|p2a: Primarina|flinch\n|\n|-heal|p2a: Primarina|74/100 brn|[from] item: Leftovers\n|-damage|p2b: Gardevoir|23/100 brn|[from] brn\n|-damage|p2a: Primarina|68/100 brn|[from] brn\n|upkeep\n|\n|t:|1776286371\n|switch|p1b: Rotom|Rotom-Wash, L50|95/100 brn\n|turn|5\n|\n|t:|1776286382\n|move|p2b: Gardevoir|Protect|p2b: Gardevoir\n|-singleturn|p2b: Gardevoir|Protect\n|move|p1b: Rotom|Electroweb|p2b: Gardevoir|[spread] p2a\n|-activate|p2b: Gardevoir|move: Protect\n|-supereffective|p2a: Primarina|1\n|-damage|p2a: Primarina|54/100 brn\n|-unboost|p2a: Primarina|spe|1\n|move|p1a: Milotic|Life Dew|p1a: Milotic|[spread] p1a,p1b\n|-heal|p1a: Milotic|87/100\n|-heal|p1b: Rotom|100/100 brn\n|move|p2a: Primarina|Moonblast|p1b: Rotom\n|-damage|p1b: Rotom|0 fnt\n|faint|p1b: Rotom\n|\n|-heal|p2a: Primarina|60/100 brn|[from] item: Leftovers\n|-damage|p2b: Gardevoir|17/100 brn|[from] brn\n|-damage|p2a: Primarina|54/100 brn|[from] brn\n|upkeep\n|\n|t:|1776286388\n|switch|p1b: Aggron|Aggron, L50, M, shiny|100/100\n|turn|6\n|\n|t:|1776286407\n|detailschange|p1b: Aggron|Aggron-Mega, L50, M, shiny\n|-mega|p1b: Aggron|Aggron|Aggronite\n|move|p1a: Milotic|Protect|p1a: Milotic\n|-singleturn|p1a: Milotic|Protect\n|move|p1b: Aggron|Protect|p1b: Aggron\n|-singleturn|p1b: Aggron|Protect\n|move|p2b: Gardevoir|Psychic|p1a: Milotic\n|-activate|p1a: Milotic|move: Protect\n|move|p2a: Primarina|Hyper Voice|p1a: Milotic|[spread] \n|-activate|p1a: Milotic|move: Protect\n|-activate|p1b: Aggron|move: Protect\n|\n|-heal|p2a: Primarina|60/100 brn|[from] item: Leftovers\n|-damage|p2b: Gardevoir|11/100 brn|[from] brn\n|-damage|p2a: Primarina|54/100 brn|[from] brn\n|upkeep\n|turn|7\n|\n|t:|1776286424\n|move|p2b: Gardevoir|Psychic|p1a: Milotic\n|-damage|p1a: Milotic|45/100\n|move|p1a: Milotic|Life Dew||[still]|[spread] p1a,p1b\n|-heal|p1a: Milotic|70/100\n|-fail|p1b: Aggron|heal\n|move|p1b: Aggron|Heavy Slam|p2a: Primarina\n|-damage|p2a: Primarina|0 fnt\n|faint|p2a: Primarina\n|\n|-damage|p2b: Gardevoir|6/100 brn|[from] brn\n|upkeep\n|\n|t:|1776286437\n|switch|p2a: Kingambit|Kingambit, L50, F|100/100\n|turn|8\n|\n|t:|1776286444\n|switch|p2b: Sneasler|Sneasler, L50, M|58/100\n|move|p2a: Kingambit|Protect|p2a: Kingambit\n|-singleturn|p2a: Kingambit|Protect\n|move|p1a: Milotic|Life Dew||[still]|[spread] p1a,p1b\n|-heal|p1a: Milotic|96/100\n|-fail|p1b: Aggron|heal\n|move|p1b: Aggron|Iron Defense|p1b: Aggron\n|-boost|p1b: Aggron|def|2\n|\n|upkeep\n|turn|9\n|inactive|brennan00111 has 30 seconds left.\n|\n|t:|1776286472\n|move|p1a: Milotic|Protect|p1a: Milotic\n|-singleturn|p1a: Milotic|Protect\n|move|p1b: Aggron|Protect|p1b: Aggron\n|-singleturn|p1b: Aggron|Protect\n|move|p2b: Sneasler|Fake Out|p1a: Milotic\n|-activate|p1a: Milotic|move: Protect\n|move|p2a: Kingambit|Kowtow Cleave|p1a: Milotic\n|-activate|p1a: Milotic|move: Protect\n|\n|upkeep\n|turn|10\n|\n|t:|1776286485\n|move|p2b: Sneasler|Close Combat|p1b: Aggron\n|-supereffective|p1b: Aggron|1\n|-damage|p1b: Aggron|74/100\n|-unboost|p2b: Sneasler|def|1\n|-unboost|p2b: Sneasler|spd|1\n|-enditem|p2b: Sneasler|White Herb\n|-clearnegativeboost|p2b: Sneasler|[silent]\n|move|p1a: Milotic|Scald|p2a: Kingambit\n|-damage|p2a: Kingambit|69/100\n|-status|p2a: Kingambit|brn\n|move|p2a: Kingambit|Kowtow Cleave|p1b: Aggron\n|-damage|p1b: Aggron|67/100\n|move|p1b: Aggron|Heavy Slam|p2b: Sneasler\n|-damage|p2b: Sneasler|0 fnt\n|faint|p2b: Sneasler\n|\n|-damage|p2a: Kingambit|63/100 brn|[from] brn\n|upkeep\n|-message|brennan00111 forfeited.\n|\n|win|sparkelzlol\n|raw|sparkelzlol's rating: 1206 &rarr; <strong>1234</strong><br />(+28 for winning)\n|raw|brennan00111's rating: 1251 &rarr; <strong>1223</strong><br />(-28 for losing)\n|l|\u2606brennan00111\n|player|p2|\n",
  "uploadtime": 1776286504,
  "views": 31,
  "formatid": "gen9championsvgc2026regma",
  "rating": 1223,
  "private": 0,
  "password": null
}