{
  "id": "gen9championsvgc2026regma-2589579770",
  "format": "[Gen 9 Champions] VGC 2026 Reg M-A",
  "players": [
    "GBuling",
    "actuary97"
  ],
  "log": "|j|\u2606GBuling\n|j|\u2606actuary97\n|t:|1776735988\n|gametype|doubles\n|player|p1|GBuling|youngster-gen4dp|1522\n|player|p2|actuary97|sabrina-frlg|1558\n|gen|9\n|tier|[Gen 9 Champions] VGC 2026 Reg M-A\n|rated|\n|rule|Species Clause: Limit one of each Pok\u00e9mon\n|rule|Item Clause: Limit 1 of each item\n|clearpoke\n|poke|p1|Tyranitar, L50, F|\n|poke|p1|Excadrill, L50, M|\n|poke|p1|Corviknight, L50, M|\n|poke|p1|Sinistcha, L50|\n|poke|p1|Rotom-Heat, L50|\n|poke|p1|Gyarados, L50, F|\n|poke|p2|Farigiraf, L50, M, shiny|\n|poke|p2|Tyranitar, L50, F, shiny|\n|poke|p2|Sinistcha, L50, shiny|\n|poke|p2|Gallade, L50, M, shiny|\n|poke|p2|Lycanroc, L50, M, shiny|\n|poke|p2|Corviknight, L50, F|\n|teampreview|4\n|\n|t:|1776736025\n|teamsize|p1|4\n|teamsize|p2|4\n|start\n|switch|p1a: Excadrill|Excadrill, L50, M|100/100\n|switch|p1b: Rotom|Rotom-Heat, L50|100/100\n|switch|p2a: Lycanroc|Lycanroc, L50, M, shiny|100/100\n|switch|p2b: Corviknight|Corviknight, L50, F|100/100\n|turn|1\n|\n|t:|1776736045\n|switch|p2b: Tyranocif|Tyranitar, L50, F, shiny|100/100\n|-weather|Sandstorm|[from] ability: Sand Stream|[of] p2b: Tyranocif\n|move|p2a: Lycanroc|Rock Slide|p1a: Excadrill|[spread] p1a,p1b\n|-resisted|p1a: Excadrill|2\n|-supereffective|p1b: Rotom|1\n|-damage|p1a: Excadrill|91/100\n|-damage|p1b: Rotom|24/100\n|cant|p1a: Excadrill|flinch\n|move|p1b: Rotom|Electroweb|p2a: Lycanroc|[spread] p2a,p2b\n|-damage|p2a: Lycanroc|80/100\n|-damage|p2b: Tyranocif|90/100\n|-unboost|p2a: Lycanroc|spe|1\n|-unboost|p2b: Tyranocif|spe|1\n|\n|-weather|Sandstorm|[upkeep]\n|-damage|p1b: Rotom|18/100|[from] Sandstorm\n|upkeep\n|turn|2\n|\n|t:|1776736064\n|switch|p2a: Sinistcha|Sinistcha, L50, shiny|100/100\n|-heal|p2b: Tyranocif|100/100|[from] ability: Hospitality|[of] p2a: Sinistcha\n|detailschange|p2b: Tyranocif|Tyranitar-Mega, L50, F, shiny\n|-mega|p2b: Tyranocif|Tyranitar|Tyranitarite\n|move|p1a: Excadrill|Earthquake|p2a: Sinistcha|[spread] p2a,p2b\n|-immune|p1b: Rotom|[from] ability: Levitate\n|-resisted|p2a: Sinistcha|1\n|-supereffective|p2b: Tyranocif|1\n|-damage|p2a: Sinistcha|79/100\n|-damage|p2b: Tyranocif|50/100\n|move|p1b: Rotom|Electroweb|p2b: Tyranocif|[spread] p2a,p2b\n|-resisted|p2a: Sinistcha|1\n|-damage|p2a: Sinistcha|68/100\n|-damage|p2b: Tyranocif|41/100\n|-unboost|p2a: Sinistcha|spe|1\n|-unboost|p2b: Tyranocif|spe|1\n|move|p2b: Tyranocif|Rock Slide|p1b: Rotom|[spread] p1b\n|-miss|p2b: Tyranocif|p1a: Excadrill\n|-supereffective|p1b: Rotom|1\n|-damage|p1b: Rotom|0 fnt\n|faint|p1b: Rotom\n|\n|-weather|Sandstorm|[upkeep]\n|-damage|p2a: Sinistcha|62/100|[from] Sandstorm\n|upkeep\n|\n|t:|1776736082\n|switch|p1b: Corviknight|Corviknight, L50, M|100/100\n|turn|3\n|\n|t:|1776736090\n|switch|p2b: Corviknight|Corviknight, L50, F|100/100\n|move|p1a: Excadrill|Earthquake|p2a: Sinistcha|[spread] p2a\n|-immune|p1b: Corviknight\n|-immune|p2b: Corviknight\n|-resisted|p2a: Sinistcha|1\n|-damage|p2a: Sinistcha|42/100\n|-enditem|p2a: Sinistcha|Sitrus Berry|[eat]\n|-heal|p2a: Sinistcha|67/100|[from] item: Sitrus Berry\n|move|p1b: Corviknight|Bulk Up|p1b: Corviknight\n|-boost|p1b: Corviknight|atk|1\n|-boost|p1b: Corviknight|def|1\n|move|p2a: Sinistcha|Trick Room|p2a: Sinistcha\n|-fieldstart|move: Trick Room|[of] p2a: Sinistcha\n|\n|-weather|Sandstorm|[upkeep]\n|-damage|p2a: Sinistcha|61/100|[from] Sandstorm\n|upkeep\n|turn|4\n|\n|t:|1776736103\n|move|p2a: Sinistcha|Matcha Gotcha|p1b: Corviknight|[spread] p1a,p1b\n|-resisted|p1b: Corviknight|2\n|-damage|p1a: Excadrill|50/100\n|-heal|p2a: Sinistcha|82/100|[from] drain|[of] p1a: Excadrill\n|-damage|p1b: Corviknight|93/100\n|-heal|p2a: Sinistcha|86/100|[from] drain|[of] p1b: Corviknight\n|move|p2b: Corviknight|Bulk Up|p2b: Corviknight\n|-boost|p2b: Corviknight|atk|1\n|-boost|p2b: Corviknight|def|1\n|move|p1b: Corviknight|Brave Bird|p2a: Sinistcha\n|-supereffective|p2a: Sinistcha|1\n|-damage|p2a: Sinistcha|0 fnt\n|faint|p2a: Sinistcha\n|-damage|p1b: Corviknight|69/100|[from] Recoil\n|move|p1a: Excadrill|Iron Head|p2b: Corviknight\n|-resisted|p2b: Corviknight|1\n|-damage|p2b: Corviknight|87/100\n|\n|-weather|Sandstorm|[upkeep]\n|-heal|p2b: Corviknight|93/100|[from] item: Leftovers\n|-heal|p1b: Corviknight|75/100|[from] item: Leftovers\n|upkeep\n|\n|t:|1776736117\n|switch|p2a: Tyranocif|Tyranitar-Mega, L50, F, shiny|41/100\n|turn|5\n|\n|t:|1776736124\n|move|p1a: Excadrill|Protect|p1a: Excadrill\n|-singleturn|p1a: Excadrill|Protect\n|move|p2b: Corviknight|Body Press|p1a: Excadrill\n|-activate|p1a: Excadrill|move: Protect\n|move|p1b: Corviknight|Body Press|p2a: Tyranocif\n|-supereffective|p2a: Tyranocif|2\n|-damage|p2a: Tyranocif|0 fnt\n|faint|p2a: Tyranocif\n|\n|-weather|none\n|-heal|p2b: Corviknight|99/100|[from] item: Leftovers\n|-heal|p1b: Corviknight|80/100|[from] item: Leftovers\n|upkeep\n|\n|t:|1776736126\n|switch|p2a: Lycanroc|Lycanroc, L50, M, shiny|80/100\n|turn|6\n|\n|t:|1776736138\n|switch|p1a: Gyarados|Gyarados, L50, F|100/100\n|-ability|p1a: Gyarados|Intimidate|boost\n|-unboost|p2a: Lycanroc|atk|1\n|-ability|p2b: Corviknight|Mirror Armor\n|-unboost|p1a: Gyarados|atk|1\n|move|p2b: Corviknight|Bulk Up|p2b: Corviknight\n|-boost|p2b: Corviknight|atk|1\n|-boost|p2b: Corviknight|def|1\n|move|p1b: Corviknight|Body Press|p2a: Lycanroc\n|-supereffective|p2a: Lycanroc|1\n|-damage|p2a: Lycanroc|0 fnt\n|faint|p2a: Lycanroc\n|\n|-heal|p2b: Corviknight|100/100|[from] item: Leftovers\n|-heal|p1b: Corviknight|86/100|[from] item: Leftovers\n|upkeep\n|turn|7\n|\n|t:|1776736157\n|move|p2b: Corviknight|Brave Bird|p1a: Gyarados\n|-damage|p1a: Gyarados|16/100\n|-damage|p2b: Corviknight|74/100|[from] Recoil\n|move|p1b: Corviknight|Body Press|p2b: Corviknight\n|-damage|p2b: Corviknight|58/100\n|move|p1a: Gyarados|Thunder Wave|p2b: Corviknight\n|-status|p2b: Corviknight|par\n|\n|-heal|p2b: Corviknight|63/100 par|[from] item: Leftovers\n|-heal|p1b: Corviknight|92/100|[from] item: Leftovers\n|-fieldend|move: Trick Room\n|upkeep\n|turn|8\n|j| big stinky cat\n|\n|t:|1776736183\n|move|p1a: Gyarados|Waterfall|p2b: Corviknight\n|-crit|p2b: Corviknight\n|-damage|p2b: Corviknight|7/100 par\n|move|p1b: Corviknight|Body Press|p2b: Corviknight\n|-damage|p2b: Corviknight|0 fnt\n|faint|p2b: Corviknight\n|\n|win|GBuling\n|raw|GBuling's rating: 1522 &rarr; <strong>1544</strong><br />(+22 for winning)\n|raw|actuary97's rating: 1558 &rarr; <strong>1536</strong><br />(-22 for losing)\n|l|\u2606actuary97\n|player|p2|\n|l|\u2606GBuling\n|player|p1|\n",
  "uploadtime": 1776736245,
  "views": 0,
  "formatid": "gen9championsvgc2026regma",
  "rating": 1536,
  "private": 0,
  "password": null
}