{
  "id": "gen9championsvgc2026regma-2585206333",
  "format": "[Gen 9 Champions] VGC 2026 Reg M-A",
  "players": [
    "kirbo5500",
    "Jardeen"
  ],
  "log": "|j|\u2606kirbo5500\n|j|\u2606Jardeen\n|t:|1776324901\n|gametype|doubles\n|player|p1|kirbo5500|169|1055\n|player|p2|Jardeen|grimsley|1012\n|gen|9\n|tier|[Gen 9 Champions] VGC 2026 Reg M-A\n|rated|\n|rule|Species Clause: Limit one of each Pok\u00e9mon\n|rule|Item Clause: Limit 1 of each item\n|clearpoke\n|poke|p1|Meganium, L50, F|\n|poke|p1|Primarina, L50, F|\n|poke|p1|Incineroar, L50, M|\n|poke|p1|Garchomp, L50, M|\n|poke|p1|Vivillon, L50, F|\n|poke|p1|Lucario, L50, M|\n|poke|p2|Steelix, L50, M|\n|poke|p2|Alakazam, L50, M|\n|poke|p2|Tyranitar, L50, F|\n|poke|p2|Incineroar, L50, M|\n|poke|p2|Aegislash, L50, F|\n|poke|p2|Excadrill, L50, F|\n|teampreview|4\n|inactive|Battle timer is ON: inactive players will automatically lose when time's up. (requested by Jardeen)\n|inactive|Jardeen has 60 seconds left.\n|\n|t:|1776324970\n|teamsize|p1|4\n|teamsize|p2|4\n|start\n|switch|p1a: Shorky|Garchomp, L50, M|100/100\n|switch|p1b: Primarina|Primarina, L50, F|100/100\n|switch|p2a: Steelix|Steelix, L50, M|100/100\n|switch|p2b: Alakazam|Alakazam, L50, M|100/100\n|turn|1\n|\n|t:|1776324984\n|detailschange|p2a: Steelix|Steelix-Mega, L50, M\n|-mega|p2a: Steelix|Steelix|Steelixite\n|move|p2b: Alakazam|Light Screen|p2b: Alakazam\n|-sidestart|p2: Jardeen|move: Light Screen\n|move|p1a: Shorky|Stealth Rock|p2a: Steelix\n|-sidestart|p2: Jardeen|move: Stealth Rock\n|move|p1b: Primarina|Icy Wind|p2b: Alakazam|[spread] p2a,p2b\n|-damage|p2a: Steelix|92/100\n|-damage|p2b: Alakazam|90/100\n|-unboost|p2a: Steelix|spe|1\n|-unboost|p2b: Alakazam|spe|1\n|move|p2a: Steelix|Iron Defense|p2a: Steelix\n|-boost|p2a: Steelix|def|2\n|\n|upkeep\n|turn|2\n|\n|t:|1776325009\n|move|p1a: Shorky|Protect|p1a: Shorky\n|-singleturn|p1a: Shorky|Protect\n|move|p2b: Alakazam|Reflect|p2b: Alakazam\n|-sidestart|p2: Jardeen|Reflect\n|move|p1b: Primarina|Hyper Voice|p2a: Steelix|[spread] p2a,p2b\n|-supereffective|p2a: Steelix|1\n|-damage|p2a: Steelix|48/100\n|-damage|p2b: Alakazam|57/100\n|move|p2a: Steelix|Iron Defense|p2a: Steelix\n|-boost|p2a: Steelix|def|2\n|\n|upkeep\n|turn|3\n|inactive|Jardeen has 30 seconds left.\n|\n|t:|1776325037\n|move|p2a: Steelix|Protect|p2a: Steelix\n|-singleturn|p2a: Steelix|Protect\n|move|p1a: Shorky|Earthquake|p2b: Alakazam|[spread] p1b,p2b\n|-activate|p2a: Steelix|move: Protect\n|-damage|p1b: Primarina|51/100\n|-damage|p2b: Alakazam|6/100\n|move|p2b: Alakazam|Speed Swap|p1a: Shorky\n|-activate|p2b: Alakazam|move: Speed Swap|[of] p1a: Shorky\n|move|p1b: Primarina|Hyper Voice|p2b: Alakazam|[spread] p2b\n|-activate|p2a: Steelix|move: Protect\n|-damage|p2b: Alakazam|0 fnt\n|faint|p2b: Alakazam\n|\n|upkeep\n|\n|t:|1776325050\n|switch|p2b: Tyranitar|Tyranitar, L50, F|100/100\n|-damage|p2b: Tyranitar|88/100|[from] Stealth Rock\n|-weather|Sandstorm|[from] ability: Sand Stream|[of] p2b: Tyranitar\n|turn|4\n|inactive|Jardeen has 30 seconds left.\n|\n|t:|1776325083\n|move|p1b: Primarina|Protect|p1b: Primarina\n|-singleturn|p1b: Primarina|Protect\n|move|p1a: Shorky|Earthquake|p2a: Steelix|[spread] p2a,p2b\n|-activate|p1b: Primarina|move: Protect\n|-supereffective|p2a: Steelix|1\n|-supereffective|p2b: Tyranitar|1\n|-damage|p2a: Steelix|40/100\n|-damage|p2b: Tyranitar|36/100\n|move|p2b: Tyranitar|Rock Slide|p1a: Shorky|[spread] p1a\n|-activate|p1b: Primarina|move: Protect\n|-resisted|p1a: Shorky|1\n|-damage|p1a: Shorky|85/100\n|move|p2a: Steelix|Heavy Slam|p1b: Primarina\n|-activate|p1b: Primarina|move: Protect\n|\n|-weather|Sandstorm|[upkeep]\n|-damage|p1b: Primarina|45/100|[from] Sandstorm\n|upkeep\n|turn|5\n|\n|t:|1776325097\n|move|p1a: Shorky|Protect|p1a: Shorky\n|-singleturn|p1a: Shorky|Protect\n|move|p2b: Tyranitar|Protect|p2b: Tyranitar\n|-singleturn|p2b: Tyranitar|Protect\n|move|p1b: Primarina|Hyper Voice|p2b: Tyranitar|[spread] p2a\n|-activate|p2b: Tyranitar|move: Protect\n|-supereffective|p2a: Steelix|1\n|-damage|p2a: Steelix|0 fnt\n|faint|p2a: Steelix\n|\n|-weather|Sandstorm|[upkeep]\n|-damage|p1b: Primarina|39/100|[from] Sandstorm\n|-sideend|p2: Jardeen|move: Light Screen\n|upkeep\n|\n|t:|1776325106\n|switch|p2a: Excadrill|Excadrill, L50, F|100/100\n|-damage|p2a: Excadrill|98/100|[from] Stealth Rock\n|turn|6\n|\n|t:|1776325119\n|move|p1b: Primarina|Protect|p1b: Primarina\n|-singleturn|p1b: Primarina|Protect\n|move|p2a: Excadrill|Iron Head|p1b: Primarina\n|-activate|p1b: Primarina|move: Protect\n|move|p1a: Shorky|Earthquake|p2b: Tyranitar|[spread] p2a,p2b\n|-activate|p1b: Primarina|move: Protect\n|-supereffective|p2a: Excadrill|1\n|-supereffective|p2b: Tyranitar|1\n|-damage|p2a: Excadrill|21/100\n|-damage|p2b: Tyranitar|0 fnt\n|faint|p2b: Tyranitar\n|\n|-weather|Sandstorm|[upkeep]\n|-damage|p1b: Primarina|33/100|[from] Sandstorm\n|-sideend|p2: Jardeen|Reflect\n|upkeep\n|turn|7\n|-message|Jardeen forfeited.\n|\n|win|kirbo5500\n|raw|kirbo5500's rating: 1055 &rarr; <strong>1083</strong><br />(+28 for winning)\n|raw|Jardeen's rating: 1012 &rarr; <strong>1002</strong><br />(-10 for losing)\n|l|\u2606Jardeen\n|player|p2|\n",
  "uploadtime": 1776325133,
  "views": 27,
  "formatid": "gen9championsvgc2026regma",
  "rating": 1002,
  "private": 0,
  "password": null
}