{
  "id": "gen9championsvgc2026regma-2581078761",
  "format": "[Gen 9 Champions] VGC 2026 Reg M-A",
  "players": [
    "Maika Rush",
    "Kailzer"
  ],
  "log": "|j|\u2606Maika Rush\n|j|\u2606Kailzer\n|t:|1775957829\n|gametype|doubles\n|player|p1|Maika Rush|coin|1232\n|player|p2|Kailzer|morty|1305\n|gen|9\n|tier|[Gen 9 Champions] VGC 2026 Reg M-A\n|rated|\n|rule|Species Clause: Limit one of each Pok\u00e9mon\n|rule|Item Clause: Limit 1 of each item\n|clearpoke\n|poke|p1|Sableye, L50, M|\n|poke|p1|Espathra, L50, F|\n|poke|p1|Maushold-Four, L50|\n|poke|p1|Floette-Eternal, L50, F|\n|poke|p1|Garchomp, L50, M|\n|poke|p1|Corviknight, L50, F|\n|poke|p2|Sinistcha-Masterpiece, L50|\n|poke|p2|Tyranitar, L50, M|\n|poke|p2|Aerodactyl, L50, M|\n|poke|p2|Sneasler, L50, M|\n|poke|p2|Rotom-Wash, L50|\n|poke|p2|Sylveon, L50, M|\n|teampreview|4\n|inactive|Battle timer is ON: inactive players will automatically lose when time's up. (requested by Kailzer)\n|inactive|Maika Rush has 60 seconds left.\n|\n|t:|1775957867\n|teamsize|p1|4\n|teamsize|p2|4\n|start\n|switch|p1a: Corviknight|Corviknight, L50, F|100/100\n|switch|p1b: Floette|Floette-Eternal, L50, F|100/100\n|switch|p2a: Aerodactyl|Aerodactyl, L50, M|100/100\n|switch|p2b: Tyranitar|Tyranitar, L50, M|100/100\n|-ability|p2a: Aerodactyl|Unnerve\n|-ability|p1a: Corviknight|Unnerve\n|-weather|Sandstorm|[from] ability: Sand Stream|[of] p2b: Tyranitar\n|turn|1\n|inactive|Kailzer has 30 seconds left.\n|\n|t:|1775957899\n|switch|p2b: Sneasler|Sneasler, L50, M|100/100\n|detailschange|p1b: Floette|Floette-Mega, L50, F\n|-mega|p1b: Floette|Floette|Floettite\n|-ability|p1b: Floette|Fairy Aura\n|move|p2a: Aerodactyl|Tailwind|p2a: Aerodactyl\n|-sidestart|p2: Kailzer|move: Tailwind\n|move|p1b: Floette|Draining Kiss|p2a: Aerodactyl\n|-damage|p2a: Aerodactyl|64/100\n|move|p1a: Corviknight|Body Press|p2b: Sneasler\n|-resisted|p2b: Sneasler|1\n|-damage|p2b: Sneasler|82/100\n|\n|-weather|Sandstorm|[upkeep]\n|-damage|p2b: Sneasler|76/100|[from] Sandstorm\n|-damage|p1b: Floette|95/100|[from] Sandstorm\n|upkeep\n|turn|2\n|inactive|Maika Rush has 30 seconds left.\n|\n|t:|1775957930\n|switch|p1b: Garchomp|Garchomp, L50, M|100/100\n|move|p2a: Aerodactyl|Rock Slide|p1b: Garchomp|[spread] p1b\n|-miss|p2a: Aerodactyl|p1a: Corviknight\n|-resisted|p1b: Garchomp|1\n|-damage|p1b: Garchomp|87/100\n|move|p2b: Sneasler|Dire Claw|p1b: Garchomp\n|-resisted|p1b: Garchomp|1\n|-damage|p1b: Garchomp|67/100\n|-damage|p2b: Sneasler|64/100|[from] ability: Rough Skin|[of] p1b: Garchomp\n|move|p1a: Corviknight|Tailwind|p1a: Corviknight\n|-sidestart|p1: Maika Rush|move: Tailwind\n|\n|-weather|Sandstorm|[upkeep]\n|-damage|p2b: Sneasler|58/100|[from] Sandstorm\n|upkeep\n|turn|3\n|\n|t:|1775957954\n|switch|p2a: Rotom|Rotom-Wash, L50|100/100\n|switch|p2b: Tyranitar|Tyranitar, L50, M|100/100\n|move|p1b: Garchomp|Protect|p1b: Garchomp\n|-singleturn|p1b: Garchomp|Protect\n|move|p1a: Corviknight|Brave Bird|p2b: Tyranitar\n|-resisted|p2b: Tyranitar|1\n|-damage|p2b: Tyranitar|84/100\n|-damage|p1a: Corviknight|96/100|[from] Recoil\n|\n|-weather|Sandstorm|[upkeep]\n|-damage|p2a: Rotom|95/100|[from] Sandstorm\n|upkeep\n|turn|4\n|inactive|Maika Rush has 30 seconds left.\n|inactive|Kailzer has 30 seconds left.\n|\n|t:|1775957989\n|detailschange|p2b: Tyranitar|Tyranitar-Mega, L50, M\n|-mega|p2b: Tyranitar|Tyranitar|Tyranitarite\n|move|p1a: Corviknight|Protect|p1a: Corviknight\n|-singleturn|p1a: Corviknight|Protect\n|move|p2a: Rotom|Thunderbolt|p1a: Corviknight\n|-activate|p1a: Corviknight|move: Protect\n|move|p1b: Garchomp|Dragon Claw|p2a: Rotom\n|-damage|p2a: Rotom|38/100\n|move|p2b: Tyranitar|Knock Off|p1b: Garchomp\n|-damage|p1b: Garchomp|0 fnt\n|-damage|p2b: Tyranitar|72/100|[from] ability: Rough Skin|[of] p1b: Garchomp\n|-enditem|p1b: Garchomp|White Herb|[from] move: Knock Off|[of] p2b: Tyranitar\n|faint|p1b: Garchomp\n|\n|-weather|Sandstorm|[upkeep]\n|-damage|p2a: Rotom|32/100|[from] Sandstorm\n|-sideend|p2: Kailzer|move: Tailwind\n|upkeep\n|\n|t:|1775957992\n|switch|p1b: Floette|Floette-Mega, L50, F|95/100\n|-ability|p1b: Floette|Fairy Aura\n|turn|5\n|\n|t:|1775958014\n|move|p1b: Floette|Dazzling Gleam|p2b: Tyranitar|[spread] p2a,p2b\n|-supereffective|p2b: Tyranitar|1\n|-damage|p2a: Rotom|0 fnt\n|-damage|p2b: Tyranitar|23/100\n|faint|p2a: Rotom\n|move|p1a: Corviknight|Body Press|p2b: Tyranitar\n|-supereffective|p2b: Tyranitar|2\n|-damage|p2b: Tyranitar|0 fnt\n|faint|p2b: Tyranitar\n|\n|-weather|none\n|-sideend|p1: Maika Rush|move: Tailwind\n|upkeep\n|\n|t:|1775958024\n|switch|p2a: Aerodactyl|Aerodactyl, L50, M|64/100\n|switch|p2b: Sneasler|Sneasler, L50, M|58/100\n|-ability|p2a: Aerodactyl|Unnerve\n|turn|6\n|\n|t:|1775958038\n|move|p1b: Floette|Protect|p1b: Floette\n|-singleturn|p1b: Floette|Protect\n|move|p1a: Corviknight|Protect|p1a: Corviknight\n|-singleturn|p1a: Corviknight|Protect\n|move|p2a: Aerodactyl|Rock Slide|p1b: Floette|[spread] \n|-activate|p1a: Corviknight|move: Protect\n|-activate|p1b: Floette|move: Protect\n|move|p2b: Sneasler|Dire Claw|p1b: Floette\n|-activate|p1b: Floette|move: Protect\n|\n|upkeep\n|turn|7\n|\n|t:|1775958048\n|move|p2a: Aerodactyl|Rock Slide|p1a: Corviknight|[spread] p1a,p1b\n|-damage|p1a: Corviknight|77/100\n|-damage|p1b: Floette|69/100\n|move|p2b: Sneasler|Dire Claw|p1b: Floette\n|-supereffective|p1b: Floette|1\n|-damage|p1b: Floette|0 fnt\n|faint|p1b: Floette\n|move|p1a: Corviknight|Brave Bird|p2b: Sneasler\n|-supereffective|p2b: Sneasler|1\n|-damage|p2b: Sneasler|0 fnt\n|faint|p2b: Sneasler\n|-damage|p1a: Corviknight|62/100|[from] Recoil\n|\n|upkeep\n|\n|t:|1775958051\n|switch|p1b: Maushold|Maushold-Four, L50|100/100\n|turn|8\n|\n|t:|1775958062\n|move|p2a: Aerodactyl|Rock Slide|p1b: Maushold|[spread] p1a,p1b\n|-damage|p1a: Corviknight|49/100\n|-damage|p1b: Maushold|67/100\n|move|p1b: Maushold|Low Kick|p2a: Aerodactyl\n|-damage|p2a: Aerodactyl|40/100\n|move|p1a: Corviknight|Body Press|p2a: Aerodactyl\n|-damage|p2a: Aerodactyl|9/100\n|\n|upkeep\n|turn|9\n|\n|t:|1775958072\n|move|p2a: Aerodactyl|Rock Slide|p1a: Corviknight|[spread] p1a,p1b\n|-damage|p1a: Corviknight|35/100\n|-damage|p1b: Maushold|34/100\n|cant|p1b: Maushold|flinch\n|cant|p1a: Corviknight|flinch\n|\n|upkeep\n|turn|10\n|\n|t:|1775958078\n|move|p2a: Aerodactyl|Rock Slide|p1a: Corviknight|[spread] p1a,p1b\n|-damage|p1a: Corviknight|20/100\n|-damage|p1b: Maushold|0 fnt\n|faint|p1b: Maushold\n|cant|p1a: Corviknight|flinch\n|\n|upkeep\n|turn|11\n|c|\u2606Maika Rush|lmaooooo\n|\n|t:|1775958084\n|move|p2a: Aerodactyl|Rock Slide|p1a: Corviknight\n|-damage|p1a: Corviknight|0 fnt\n|faint|p1a: Corviknight\n|\n|win|Kailzer\n|raw|Maika Rush's rating: 1232 &rarr; <strong>1212</strong><br />(-20 for losing)\n|raw|Kailzer's rating: 1305 &rarr; <strong>1321</strong><br />(+16 for winning)\n|c|\u2606Kailzer|lol\n|c|\u2606Maika Rush|thats fucking awesome\n|c|\u2606Maika Rush|gg\n|c|\u2606Kailzer|gg\n|l|\u2606Maika Rush\n|player|p1|\n",
  "uploadtime": 1775958091,
  "views": 39,
  "formatid": "gen9championsvgc2026regma",
  "rating": 1212,
  "private": 0,
  "password": null
}