{
  "id": "gen9championsvgc2026regma-2583451589",
  "format": "[Gen 9 Champions] VGC 2026 Reg M-A",
  "players": [
    "blog2",
    "TheSmoothTwink"
  ],
  "log": "|j|\u2606blog2\n|j|\u2606TheSmoothTwink\n|t:|1776176529\n|gametype|doubles\n|player|p1|blog2|169|1000\n|player|p2|TheSmoothTwink|266|1067\n|gen|9\n|tier|[Gen 9 Champions] VGC 2026 Reg M-A\n|rated|\n|rule|Species Clause: Limit one of each Pok\u00e9mon\n|rule|Item Clause: Limit 1 of each item\n|clearpoke\n|poke|p1|Dragonite, L50, M|\n|poke|p1|Incineroar, L50, F|\n|poke|p1|Whimsicott, L50, F|\n|poke|p1|Sneasler, L50, M|\n|poke|p1|Weavile, L50, F|\n|poke|p1|Ninetales-Alola, L50, M|\n|poke|p2|Sneasler, L50, M|\n|poke|p2|Basculegion, L50, M|\n|poke|p2|Incineroar, L50, F|\n|poke|p2|Drampa, L50, M|\n|poke|p2|Sinistcha-Masterpiece, L50|\n|poke|p2|Aegislash, L50, M|\n|teampreview|4\n|inactive|Battle timer is ON: inactive players will automatically lose when time's up. (requested by blog2)\nblog2 rejected open team sheets.\n|\n|t:|1776176564\n|teamsize|p1|4\n|teamsize|p2|4\n|start\n|switch|p1a: Dragonite|Dragonite, L50, M|100/100\n|switch|p1b: Ninetales|Ninetales-Alola, L50, M|100/100\n|switch|p2a: Incineroar|Incineroar, L50, F|100/100\n|switch|p2b: Aegislash|Aegislash, L50, M|100/100\n|-weather|Snowscape|[from] ability: Snow Warning|[of] p1b: Ninetales\n|-ability|p2a: Incineroar|Intimidate|boost\n|-unboost|p1a: Dragonite|atk|1\n|-unboost|p1b: Ninetales|atk|1\n|turn|1\n|\n|t:|1776176582\n|move|p1b: Ninetales|Protect|p1b: Ninetales\n|-singleturn|p1b: Ninetales|Protect\n|move|p1a: Dragonite|Protect|p1a: Dragonite\n|-singleturn|p1a: Dragonite|Protect\n|move|p2a: Incineroar|Fake Out|p1a: Dragonite\n|-activate|p1a: Dragonite|move: Protect\n|-formechange|p2b: Aegislash|Aegislash-Blade|\n|move|p2b: Aegislash|Flash Cannon|p1b: Ninetales\n|-activate|p1b: Ninetales|move: Protect\n|\n|-weather|Snowscape|[upkeep]\n|upkeep\n|turn|2\n|inactive|TheSmoothTwink has 30 seconds left.\n|\n|t:|1776176608\n|switch|p2b: Sneasler|Sneasler, L50, M|100/100\n|detailschange|p1a: Dragonite|Dragonite-Mega, L50, M\n|-mega|p1a: Dragonite|Dragonite|Dragoninite\n|move|p1b: Ninetales|Aurora Veil|p1b: Ninetales\n|-sidestart|p1: blog2|move: Aurora Veil\n|move|p1a: Dragonite|Blizzard|p2b: Sneasler|[spread] p2a,p2b\n|-resisted|p2a: Incineroar|1\n|-damage|p2a: Incineroar|88/100\n|-damage|p2b: Sneasler|55/100\n|-status|p2a: Incineroar|frz\n|-curestatus|p2a: Incineroar|frz|[msg]\n|move|p2a: Incineroar|Parting Shot|p1a: Dragonite\n|-unboost|p1a: Dragonite|atk|1\n|-unboost|p1a: Dragonite|spa|1\n|\n|t:|1776176626\n|switch|p2a: Aegislash|Aegislash, L50, M|100/100|[from] Parting Shot\n|\n|-weather|Snowscape|[upkeep]\n|upkeep\n|turn|3\n|l|\u2606blog2\n|inactive|blog2 disconnected and has a minute to reconnect!\n|player|p1|\n|j|\u2606blog2\n|inactive|blog2 reconnected and has 40 seconds left.\n|player|p1|blog2|169|\n|inactive|blog2 has 30 seconds left.\n|\n|t:|1776176654\n|move|p1b: Ninetales|Protect|p1b: Ninetales\n|-singleturn|p1b: Ninetales|Protect\n|move|p2b: Sneasler|Dire Claw|p1a: Dragonite\n|-damage|p1a: Dragonite|88/100\n|move|p1a: Dragonite|Flamethrower|p2a: Aegislash\n|-supereffective|p2a: Aegislash|1\n|-enditem|p2a: Aegislash|Occa Berry|[eat]\n|-enditem|p2a: Aegislash|Occa Berry|[weaken]\n|-damage|p2a: Aegislash|81/100\n|-status|p2a: Aegislash|brn\n|-formechange|p2a: Aegislash|Aegislash-Blade|\n|move|p2a: Aegislash|Flash Cannon|p1b: Ninetales\n|-activate|p1b: Ninetales|move: Protect\n|\n|-weather|Snowscape|[upkeep]\n|-damage|p2a: Aegislash|75/100 brn|[from] brn\n|upkeep\n|turn|4\n|inactive|TheSmoothTwink has 30 seconds left.\n|inactive|TheSmoothTwink has 20 seconds left.\n|inactive|TheSmoothTwink has 15 seconds left.\n|inactive|TheSmoothTwink has 10 seconds left.\n|inactive|TheSmoothTwink has 5 seconds left.\n|\n|t:|1776176709\n|switch|p1b: Incineroar|Incineroar, L50, F|100/100\n|-ability|p1b: Incineroar|Intimidate|boost\n|-unboost|p2a: Aegislash|atk|1\n|-unboost|p2b: Sneasler|atk|1\n|move|p1a: Dragonite|Protect|p1a: Dragonite\n|-singleturn|p1a: Dragonite|Protect\n|-formechange|p2a: Aegislash|Aegislash|\n|move|p2a: Aegislash|King's Shield|p2a: Aegislash\n|-singleturn|p2a: Aegislash|Protect\n|move|p2b: Sneasler|Close Combat|p1b: Incineroar\n|-supereffective|p1b: Incineroar|1\n|-damage|p1b: Incineroar|37/100\n|-unboost|p2b: Sneasler|def|1\n|-unboost|p2b: Sneasler|spd|1\n|-enditem|p1b: Incineroar|Sitrus Berry|[eat]\n|-heal|p1b: Incineroar|62/100|[from] item: Sitrus Berry\n|\n|-weather|Snowscape|[upkeep]\n|-damage|p2a: Aegislash|69/100 brn|[from] brn\n|upkeep\n|turn|5\n|inactive|TheSmoothTwink has 30 seconds left.\n|inactive|TheSmoothTwink has 20 seconds left.\n|inactive|TheSmoothTwink has 15 seconds left.\n|inactive|TheSmoothTwink has 10 seconds left.\n|inactive|TheSmoothTwink has 5 seconds left.\n|\n|t:|1776176764\n|move|p2a: Aegislash|King's Shield||[still]\n|-fail|p2a: Aegislash\n|move|p1b: Incineroar|Fake Out|p2b: Sneasler\n|-damage|p2b: Sneasler|18/100\n|cant|p2b: Sneasler|flinch\n|move|p1a: Dragonite|Flamethrower|p2a: Aegislash\n|-supereffective|p2a: Aegislash|1\n|-damage|p2a: Aegislash|28/100 brn\n|\n|-weather|none\n|-damage|p2a: Aegislash|22/100 brn|[from] brn\n|upkeep\n|turn|6\n|inactive|TheSmoothTwink has 30 seconds left.\n|inactive|TheSmoothTwink has 20 seconds left.\n|inactive|TheSmoothTwink has 15 seconds left.\n|inactive|TheSmoothTwink has 10 seconds left.\n|c|\u2606blog2|really trying to stall out the timer, eh?\n|inactive|TheSmoothTwink has 5 seconds left.\n|\n|t:|1776176820\n|switch|p1a: Ninetales|Ninetales-Alola, L50, M|100/100\n|-weather|Snowscape|[from] ability: Snow Warning|[of] p1a: Ninetales\n|move|p2a: Aegislash|King's Shield|p2a: Aegislash\n|-singleturn|p2a: Aegislash|Protect\n|move|p2b: Sneasler|Close Combat|p1b: Incineroar\n|-supereffective|p1b: Incineroar|1\n|-damage|p1b: Incineroar|0 fnt\n|-unboost|p2b: Sneasler|def|1\n|-unboost|p2b: Sneasler|spd|1\n|faint|p1b: Incineroar\n|\n|-weather|Snowscape|[upkeep]\n|-damage|p2a: Aegislash|16/100 brn|[from] brn\n|-sideend|p1: blog2|move: Aurora Veil\n|upkeep\n|\n|t:|1776176827\n|switch|p1b: Weavile|Weavile, L50, F|100/100\n|turn|7\n|inactive|blog2 has 30 seconds left.\n|inactive|TheSmoothTwink has 30 seconds left.\n|inactive|blog2 has 20 seconds left.\n|inactive|TheSmoothTwink has 20 seconds left.\n|inactive|TheSmoothTwink has 15 seconds left.\n|inactive|blog2 has 15 seconds left.\n|inactive|TheSmoothTwink has 10 seconds left.\n|inactive|TheSmoothTwink has 5 seconds left.\n|\n|t:|1776176882\n|move|p2a: Aegislash|King's Shield|p2a: Aegislash\n|-singleturn|p2a: Aegislash|Protect\n|move|p1b: Weavile|Ice Shard|p2b: Sneasler\n|-damage|p2b: Sneasler|0 fnt\n|faint|p2b: Sneasler\n|move|p1a: Ninetales|Icy Wind|p2a: Aegislash\n|-activate|p2a: Aegislash|move: Protect\n|\n|-weather|Snowscape|[upkeep]\n|-damage|p2a: Aegislash|10/100 brn|[from] brn\n|upkeep\n|inactive|TheSmoothTwink has 30 seconds left.\n|c|\u2606blog2|nice double protect\n|inactive|TheSmoothTwink has 20 seconds left.\n|inactive|TheSmoothTwink has 15 seconds left.\n|inactive|TheSmoothTwink has 10 seconds left.\n|inactive|TheSmoothTwink has 5 seconds left.\n|\n|t:|1776176937\n|switch|p2b: Incineroar|Incineroar, L50, F|88/100\n|-ability|p2b: Incineroar|Intimidate|boost\n|-unboost|p1a: Ninetales|atk|1\n|-unboost|p1b: Weavile|atk|1\n|turn|8\n|inactive|TheSmoothTwink has 30 seconds left.\n|inactive|TheSmoothTwink has 20 seconds left.\n|inactive|TheSmoothTwink has 15 seconds left.\n|inactive|TheSmoothTwink has 10 seconds left.\n|inactive|TheSmoothTwink has 5 seconds left.\n|\n|t:|1776176992\n|move|p1b: Weavile|Protect|p1b: Weavile\n|-singleturn|p1b: Weavile|Protect\n|move|p1a: Ninetales|Protect|p1a: Ninetales\n|-singleturn|p1a: Ninetales|Protect\n|move|p2a: Aegislash|King's Shield||[still]\n|-fail|p2a: Aegislash\n|move|p2b: Incineroar|Parting Shot|p1a: Ninetales\n|-activate|p1a: Ninetales|move: Protect\n|\n|-weather|Snowscape|[upkeep]\n|-damage|p2a: Aegislash|4/100 brn|[from] brn\n|upkeep\n|turn|9\n|inactive|TheSmoothTwink has 30 seconds left this turn.\n|inactive|TheSmoothTwink has 20 seconds left.\n|inactive|TheSmoothTwink has 15 seconds left.\n|inactive|TheSmoothTwink has 10 seconds left.\n|inactive|TheSmoothTwink has 5 seconds left.\n|-message|TheSmoothTwink lost due to inactivity.\n|\n|win|blog2\n|raw|blog2's rating: 1000 &rarr; <strong>1042</strong><br />(+42 for winning)\n|raw|TheSmoothTwink's rating: 1018 &rarr; <strong>1005</strong><br />(-13 for losing)\n",
  "uploadtime": 1776177152,
  "views": 23,
  "formatid": "gen9championsvgc2026regma",
  "rating": 1005,
  "private": 0,
  "password": null
}