{
  "id": "gen9championsvgc2026regma-2581214991",
  "format": "[Gen 9 Champions] VGC 2026 Reg M-A",
  "players": [
    "disciple of blahaj",
    "Senpai_1987"
  ],
  "log": "|j|\u2606disciple of blahaj\n|j|\u2606Senpai_1987\n|t:|1775971750\n|gametype|doubles\n|player|p1|disciple of blahaj|jacinthe|1166\n|player|p2|Senpai_1987|aromalady|1267\n|gen|9\n|tier|[Gen 9 Champions] VGC 2026 Reg M-A\n|rated|\n|rule|Species Clause: Limit one of each Pok\u00e9mon\n|rule|Item Clause: Limit 1 of each item\n|clearpoke\n|poke|p1|Lopunny, L50, M|\n|poke|p1|Basculegion, L50, M|\n|poke|p1|Whimsicott, L50, M|\n|poke|p1|Pelipper, L50, F|\n|poke|p1|Garchomp, L50, F|\n|poke|p1|Aegislash, L50, F|\n|poke|p2|Pelipper, L50, M|\n|poke|p2|Basculegion, L50, M|\n|poke|p2|Archaludon, L50, F|\n|poke|p2|Rhyperior, L50, F|\n|poke|p2|Feraligatr, L50, M|\n|poke|p2|Meganium, L50, F|\n|teampreview|4\n|inactive|Battle timer is ON: inactive players will automatically lose when time's up. (requested by Senpai_1987)\n|\n|t:|1775971790\n|teamsize|p1|4\n|teamsize|p2|4\n|start\n|switch|p1a: Lopunny|Lopunny, L50, M, shiny|100/100\n|switch|p1b: Pelipper|Pelipper, L50, F|100/100\n|switch|p2a: The Bowl|Pelipper, L50, M|100/100\n|switch|p2b: The Bar|Archaludon, L50, F|100/100\n|-weather|RainDance|[from] ability: Drizzle|[of] p2a: The Bowl\n|turn|1\n|\n|t:|1775971813\n|switch|p1b: Whimsicott|Whimsicott, L50, M, shiny|100/100\n|detailschange|p1a: Lopunny|Lopunny-Mega, L50, M, shiny\n|-mega|p1a: Lopunny|Lopunny|Lopunnite\n|move|p1a: Lopunny|Close Combat|p2b: The Bar\n|-supereffective|p2b: The Bar|1\n|-damage|p2b: The Bar|0 fnt\n|-unboost|p1a: Lopunny|def|1\n|-unboost|p1a: Lopunny|spd|1\n|faint|p2b: The Bar\n|move|p2a: The Bowl|Tailwind|p2a: The Bowl\n|-sidestart|p2: Senpai_1987|move: Tailwind\n|\n|-weather|RainDance|[upkeep]\n|upkeep\n|\n|t:|1775971829\n|switch|p2b: The Flush|Basculegion, L50, M|100/100\n|turn|2\n|inactive|disciple of blahaj has 30 seconds left.\n|inactive|disciple of blahaj has 20 seconds left.\n|inactive|disciple of blahaj has 15 seconds left.\n|\n|t:|1775971870\n|move|p2b: The Flush|Aqua Jet|p1a: Lopunny\n|-damage|p1a: Lopunny|14/100\n|move|p1b: Whimsicott|Tailwind|p1b: Whimsicott\n|-sidestart|p1: disciple of blahaj|move: Tailwind\n|move|p1a: Lopunny|Close Combat|p2b: The Flush\n|-damage|p2b: The Flush|21/100\n|-unboost|p1a: Lopunny|def|1\n|-unboost|p1a: Lopunny|spd|1\n|move|p2a: The Bowl|Tailwind||[still]\n|-fail|p2a: The Bowl\n|\n|-weather|RainDance|[upkeep]\n|upkeep\n|turn|3\n|c|\u2606Senpai_1987|in blahaj we trust\n|\n|t:|1775971895\n|switch|p1a: Pelipper|Pelipper, L50, F|100/100\n|move|p2b: The Flush|Aqua Jet|p1a: Pelipper\n|-resisted|p1a: Pelipper|1\n|-crit|p1a: Pelipper\n|-damage|p1a: Pelipper|57/100\n|move|p1b: Whimsicott|Moonblast|p2b: The Flush\n|-damage|p2b: The Flush|0 fnt\n|faint|p2b: The Flush\n|move|p2a: The Bowl|Hurricane|p1b: Whimsicott\n|-supereffective|p1b: Whimsicott|1\n|-enditem|p1b: Whimsicott|Focus Sash\n|-damage|p1b: Whimsicott|1/100\n|\n|-weather|RainDance|[upkeep]\n|upkeep\n|\n|t:|1775971898\n|switch|p2b: The Lid|Feraligatr, L50, M|100/100\n|turn|4\n|c|\u2606disciple of blahaj|Hell yeah\n|inactive|disciple of blahaj has 30 seconds left.\n|\n|t:|1775971932\n|move|p1b: Whimsicott|Taunt|p2b: The Lid\n|-start|p2b: The Lid|move: Taunt\n|cant|p2b: The Lid|move: Taunt|Dragon Dance\n|move|p2a: The Bowl|Hurricane|p1a: Pelipper\n|-damage|p1a: Pelipper|0 fnt\n|faint|p1a: Pelipper\n|\n|-weather|RainDance|[upkeep]\n|-sideend|p2: Senpai_1987|move: Tailwind\n|upkeep\n|\n|t:|1775971941\n|switch|p1a: Lopunny|Lopunny-Mega, L50, M, shiny|14/100\n|turn|5\n|\n|t:|1775971952\n|detailschange|p2b: The Lid|Feraligatr-Mega, L50, M\n|-mega|p2b: The Lid|Feraligatr|Feraligite\n|move|p1a: Lopunny|Fake Out|p2b: The Lid\n|-damage|p2b: The Lid|80/100\n|move|p1b: Whimsicott|Moonblast|p2b: The Lid\n|-supereffective|p2b: The Lid|1\n|-damage|p2b: The Lid|12/100\n|cant|p2b: The Lid|flinch\n|move|p2a: The Bowl|Hurricane|p1a: Lopunny\n|-supereffective|p1a: Lopunny|1\n|-damage|p1a: Lopunny|0 fnt\n|faint|p1a: Lopunny\n|\n|-weather|none\n|-sideend|p1: disciple of blahaj|move: Tailwind\n|upkeep\n|\n|t:|1775971963\n|switch|p1a: Basculegion|Basculegion, L50, M|100/100\n|turn|6\n|\n|t:|1775971984\n|move|p1a: Basculegion|Last Respects|p2a: The Bowl\n|-enditem|p2a: The Bowl|Focus Sash\n|-damage|p2a: The Bowl|1/100\n|move|p1b: Whimsicott|Moonblast|p2b: The Lid\n|-supereffective|p2b: The Lid|1\n|-damage|p2b: The Lid|0 fnt\n|faint|p2b: The Lid\n|move|p2a: The Bowl|Hurricane|p1b: Whimsicott\n|-supereffective|p1b: Whimsicott|1\n|-damage|p1b: Whimsicott|0 fnt\n|faint|p1b: Whimsicott\n|\n|upkeep\n|turn|7\n|\n|t:|1775971995\n|move|p1a: Basculegion|Last Respects|p2a: The Bowl\n|-damage|p2a: The Bowl|0 fnt\n|faint|p2a: The Bowl\n|\n|win|disciple of blahaj\n|raw|disciple of blahaj's rating: 1166 &rarr; <strong>1198</strong><br />(+32 for winning)\n|raw|Senpai_1987's rating: 1267 &rarr; <strong>1235</strong><br />(-32 for losing)\n|c|\u2606disciple of blahaj|Gg\n|l|\u2606Senpai_1987\n|player|p2|\n",
  "uploadtime": 1775972011,
  "views": 14,
  "formatid": "gen9championsvgc2026regma",
  "rating": 1198,
  "private": 0,
  "password": null
}