{
  "id": "gen9championsvgc2026regma-2584510637",
  "format": "[Gen 9 Champions] VGC 2026 Reg M-A",
  "players": [
    "petermola",
    "Alleballs"
  ],
  "log": "|j|\u2606petermola\n|j|\u2606Alleballs\n|t:|1776265635\n|gametype|doubles\n|player|p1|petermola|n|1061\n|player|p2|Alleballs|169|1096\n|gen|9\n|tier|[Gen 9 Champions] VGC 2026 Reg M-A\n|rated|\n|rule|Species Clause: Limit one of each Pok\u00e9mon\n|rule|Item Clause: Limit 1 of each item\n|clearpoke\n|poke|p1|Typhlosion, L50, M|\n|poke|p1|Whimsicott, L50, F|\n|poke|p1|Blastoise, L50, M|\n|poke|p1|Glimmora, L50, M|\n|poke|p1|Tsareena, L50, F|\n|poke|p1|Sinistcha-Masterpiece, L50|\n|poke|p2|Aegislash, L50, F|\n|poke|p2|Farigiraf, L50, M|\n|poke|p2|Chesnaught, L50, F|\n|poke|p2|Torkoal, L50, M|\n|poke|p2|Incineroar, L50, F|\n|poke|p2|Tyranitar, L50, F|\n|teampreview|4\n|inactive|Battle timer is ON: inactive players will automatically lose when time's up. (requested by Alleballs)\nAlleballs rejected open team sheets.\n|\n|t:|1776265677\n|teamsize|p1|4\n|teamsize|p2|4\n|start\n|switch|p1a: Tsareena|Tsareena, L50, F, shiny|100/100\n|switch|p1b: Typhlosion|Typhlosion, L50, M, shiny|100/100\n|switch|p2a: Farigiraf|Farigiraf, L50, M|100/100\n|switch|p2b: Incineroar|Incineroar, L50, F|100/100\n|-ability|p2b: Incineroar|Intimidate|boost\n|-unboost|p1a: Tsareena|atk|1\n|-unboost|p1b: Typhlosion|atk|1\n|turn|1\n|inactive|petermola has 30 seconds left.\n|inactive|Alleballs has 30 seconds left.\n|\n|t:|1776265710\n|switch|p1b: Sinistcha|Sinistcha-Masterpiece, L50, shiny|100/100\n|move|p2b: Incineroar|Fake Out||[still]\n|cant|p1a: Tsareena|ability: Queenly Majesty|Fake Out|[of] p2b: Incineroar\n|move|p1a: Tsareena|Low Sweep|p2b: Incineroar\n|-supereffective|p2b: Incineroar|1\n|-damage|p2b: Incineroar|74/100\n|-unboost|p2b: Incineroar|spe|1\n|move|p2a: Farigiraf|Trick Room|p2a: Farigiraf\n|-fieldstart|move: Trick Room|[of] p2a: Farigiraf\n|\n|-heal|p2b: Incineroar|80/100|[from] item: Leftovers\n|upkeep\n|turn|2\n|inactive|Alleballs has 30 seconds left.\n|inactive|petermola has 30 seconds left.\n|inactive|Alleballs has 20 seconds left.\n|inactive|petermola has 20 seconds left.\n|inactive|Alleballs has 15 seconds left.\n|inactive|Alleballs has 10 seconds left.\n|\n|t:|1776265756\n|switch|p1a: Blastoise|Blastoise, L50, M, shiny|100/100\n|move|p2b: Incineroar|Flare Blitz|p1b: Sinistcha\n|-supereffective|p1b: Sinistcha|1\n|-damage|p1b: Sinistcha|0 fnt\n|faint|p1b: Sinistcha\n|-damage|p2b: Incineroar|50/100|[from] Recoil\n|move|p2a: Farigiraf|Hyper Voice|p1a: Blastoise\n|-damage|p1a: Blastoise|54/100\n|\n|-heal|p2b: Incineroar|56/100|[from] item: Leftovers\n|upkeep\n|\n|t:|1776265763\n|switch|p1b: Typhlosion|Typhlosion, L50, M, shiny|100/100\n|turn|3\n|inactive|Alleballs has 30 seconds left.\n|\n|t:|1776265801\n|detailschange|p1a: Blastoise|Blastoise-Mega, L50, M, shiny\n|-mega|p1a: Blastoise|Blastoise|Blastoisinite\n|move|p2b: Incineroar|Helping Hand|p2a: Farigiraf\n|-singleturn|p2a: Farigiraf|Helping Hand|[of] p2b: Incineroar\n|move|p1b: Typhlosion|Protect|p1b: Typhlosion\n|-singleturn|p1b: Typhlosion|Protect\n|move|p2a: Farigiraf|Hyper Voice|p1a: Blastoise|[spread] p1a\n|-activate|p1b: Typhlosion|move: Protect\n|-damage|p1a: Blastoise|4/100\n|move|p1a: Blastoise|Aura Sphere|p2a: Farigiraf\n|-damage|p2a: Farigiraf|44/100\n|-enditem|p2a: Farigiraf|Sitrus Berry|[eat]\n|-heal|p2a: Farigiraf|69/100|[from] item: Sitrus Berry\n|\n|-heal|p2b: Incineroar|62/100|[from] item: Leftovers\n|upkeep\n|turn|4\n|inactive|petermola has 30 seconds left.\n|\n|t:|1776265827\n|switch|p1b: Tsareena|Tsareena, L50, F, shiny|100/100\n|move|p2b: Incineroar|Parting Shot|p1b: Tsareena\n|-unboost|p1b: Tsareena|atk|1\n|-unboost|p1b: Tsareena|spa|1\n|\n|t:|1776265840\n|switch|p2b: Torkoal|Torkoal, L50, M|100/100|[from] Parting Shot\n|-weather|SunnyDay|[from] ability: Drought|[of] p2b: Torkoal\n|move|p2a: Farigiraf|Hyper Voice|p1a: Blastoise|[spread] p1a,p1b\n|-damage|p1a: Blastoise|0 fnt\n|-damage|p1b: Tsareena|68/100\n|faint|p1a: Blastoise\n|\n|-weather|SunnyDay|[upkeep]\n|upkeep\n|\n|t:|1776265850\n|switch|p1a: Typhlosion|Typhlosion, L50, M, shiny|100/100\n|turn|5\n|\n|t:|1776265879\n|move|p1a: Typhlosion|Protect|p1a: Typhlosion\n|-singleturn|p1a: Typhlosion|Protect\n|move|p2b: Torkoal|Weather Ball|p1b: Tsareena\n|-supereffective|p1b: Tsareena|1\n|-damage|p1b: Tsareena|0 fnt\n|faint|p1b: Tsareena\n|move|p2a: Farigiraf|Psychic|p1a: Typhlosion\n|-activate|p1a: Typhlosion|move: Protect\n|\n|-weather|SunnyDay|[upkeep]\n|-fieldend|move: Trick Room\n|upkeep\n|turn|6\n|inactive|Alleballs has 30 seconds left.\n|\n|t:|1776265909\n|switch|p2a: Incineroar|Incineroar, L50, F|62/100\n|-ability|p2a: Incineroar|Intimidate|boost\n|-unboost|p1a: Typhlosion|atk|1\n|move|p2b: Torkoal|Protect|p2b: Torkoal\n|-singleturn|p2b: Torkoal|Protect\n|move|p1a: Typhlosion|Eruption|p2a: Incineroar|[spread] p2a\n|-activate|p2b: Torkoal|move: Protect\n|-resisted|p2a: Incineroar|1\n|-damage|p2a: Incineroar|21/100\n|\n|-weather|SunnyDay|[upkeep]\n|-heal|p2a: Incineroar|27/100|[from] item: Leftovers\n|upkeep\n|turn|7\n|\n|t:|1776265934\n|switch|p2b: Farigiraf|Farigiraf, L50, M|69/100\n|move|p1a: Typhlosion|Protect|p1a: Typhlosion\n|-singleturn|p1a: Typhlosion|Protect\n|move|p2a: Incineroar|Fake Out|p1a: Typhlosion\n|-activate|p1a: Typhlosion|move: Protect\n|\n|-weather|SunnyDay|[upkeep]\n|-heal|p2a: Incineroar|33/100|[from] item: Leftovers\n|upkeep\n|turn|8\n|\n|t:|1776265953\n|move|p1a: Typhlosion|Eruption|p2a: Incineroar|[spread] p2a,p2b\n|-resisted|p2a: Incineroar|1\n|-crit|p2a: Incineroar\n|-damage|p2a: Incineroar|0 fnt\n|-damage|p2b: Farigiraf|0 fnt\n|faint|p2a: Incineroar\n|faint|p2b: Farigiraf\n|\n|-weather|none\n|upkeep\n|\n|t:|1776265957\n|switch|p2a: Torkoal|Torkoal, L50, M|100/100\n|switch|p2b: Chesnaught|Chesnaught, L50, F|100/100\n|-weather|SunnyDay|[from] ability: Drought|[of] p2a: Torkoal\n|turn|9\n|\n|t:|1776265975\n|detailschange|p2b: Chesnaught|Chesnaught-Mega, L50, F\n|-mega|p2b: Chesnaught|Chesnaught|Chesnaughtite\n|move|p1a: Typhlosion|Protect|p1a: Typhlosion\n|-singleturn|p1a: Typhlosion|Protect\n|move|p2b: Chesnaught|Protect|p2b: Chesnaught\n|-singleturn|p2b: Chesnaught|Protect\n|move|p2a: Torkoal|Weather Ball|p1a: Typhlosion\n|-activate|p1a: Typhlosion|move: Protect\n|\n|-weather|SunnyDay|[upkeep]\n|upkeep\n|turn|10\n|inactive|Alleballs has 30 seconds left.\n|\n|t:|1776266006\n|move|p1a: Typhlosion|Eruption|p2b: Chesnaught|[spread] p2a,p2b\n|-resisted|p2a: Torkoal|1\n|-supereffective|p2b: Chesnaught|1\n|-damage|p2a: Torkoal|38/100\n|-damage|p2b: Chesnaught|0 fnt\n|faint|p2b: Chesnaught\n|move|p2a: Torkoal|Weather Ball|p1a: Typhlosion\n|-start|p1a: Typhlosion|ability: Flash Fire\n|\n|-weather|SunnyDay|[upkeep]\n|upkeep\n|turn|11\n|-message|Alleballs forfeited.\n|\n|win|petermola\n|raw|petermola's rating: 1061 &rarr; <strong>1095</strong><br />(+34 for winning)\n|raw|Alleballs's rating: 1096 &rarr; <strong>1069</strong><br />(-27 for losing)\n|l|\u2606Alleballs\n|player|p2|\n",
  "uploadtime": 1776266053,
  "views": 30,
  "formatid": "gen9championsvgc2026regma",
  "rating": 1069,
  "private": 0,
  "password": null
}