{
  "id": "gen9championsvgc2026regma-2580385183",
  "format": "[Gen 9 Champions] VGC 2026 Reg M-A",
  "players": [
    "Master600",
    "Quijas"
  ],
  "log": "|j|\u2606Master600\n|j|\u2606Quijas\n|t:|1775888607\n|gametype|doubles\n|player|p1|Master600|red|1051\n|player|p2|Quijas|1|1108\n|gen|9\n|tier|[Gen 9 Champions] VGC 2026 Reg M-A\n|rated|\n|rule|Species Clause: Limit one of each Pok\u00e9mon\n|rule|Item Clause: Limit 1 of each item\n|clearpoke\n|poke|p1|Gengar, L50, M|\n|poke|p1|Whimsicott, L50, M|\n|poke|p1|Tyranitar, L50, F|\n|poke|p1|Garchomp, L50, F|\n|poke|p1|Rotom-Wash, L50|\n|poke|p1|Corviknight, L50, F|\n|poke|p2|Tsareena, L50, F|\n|poke|p2|Sneasler, L50, F|\n|poke|p2|Froslass, L50, F|\n|poke|p2|Kommo-o, L50, F|\n|poke|p2|Incineroar, L50, M|\n|poke|p2|Dragapult, L50, F|\n|teampreview|4\n|inactive|Battle timer is ON: inactive players will automatically lose when time's up. (requested by Master600)\n|\n|t:|1775888648\n|teamsize|p1|4\n|teamsize|p2|4\n|start\n|switch|p1a: Bromas|Gengar, L50, M|100/100\n|switch|p1b: Lis|Whimsicott, L50, M, shiny|100/100\n|switch|p2a: Sneasler|Sneasler, L50, F|100/100\n|switch|p2b: Froslass|Froslass, L50, F|100/100\n|turn|1\n|\n|t:|1775888671\n|switch|p2b: Kommo-o|Kommo-o, L50, F, shiny|100/100\n|detailschange|p1a: Bromas|Gengar-Mega, L50, M\n|-mega|p1a: Bromas|Gengar|Gengarite\n|move|p2a: Sneasler|Fake Out|p1b: Lis\n|-damage|p1b: Lis|78/100\n|cant|p1b: Lis|flinch\n|move|p1a: Bromas|Shadow Ball|p2b: Kommo-o\n|-immune|p2b: Kommo-o|[from] ability: Bulletproof\n|\n|upkeep\n|turn|2\n|\n|t:|1775888685\n|move|p1b: Lis|Encore|p2a: Sneasler\n|-start|p2a: Sneasler|Encore\n|move|p2a: Sneasler|Fake Out||[still]\n|-hint|Fake Out only works on your first turn out.\n|-fail|p2a: Sneasler\n|move|p1a: Bromas|Shadow Ball|p2a: Sneasler\n|-damage|p2a: Sneasler|34/100\n|move|p2b: Kommo-o|Clangorous Soul|p2b: Kommo-o\n|-boost|p2b: Kommo-o|atk|1\n|-boost|p2b: Kommo-o|def|1\n|-boost|p2b: Kommo-o|spa|1\n|-boost|p2b: Kommo-o|spd|1\n|-boost|p2b: Kommo-o|spe|1\n|-damage|p2b: Kommo-o|68/100\n|\n|upkeep\n|turn|3\n|\n|t:|1775888699\n|move|p2b: Kommo-o|Protect|p2b: Kommo-o\n|-singleturn|p2b: Kommo-o|Protect\n|move|p1b: Lis|Encore|p2b: Kommo-o\n|-activate|p2b: Kommo-o|move: Protect\n|move|p1a: Bromas|Shadow Ball|p2a: Sneasler\n|-damage|p2a: Sneasler|0 fnt\n|faint|p2a: Sneasler\n|\n|upkeep\n|\n|t:|1775888721\n|switch|p2a: Incineroar|Incineroar, L50, M|100/100\n|-ability|p2a: Incineroar|Intimidate|boost\n|-unboost|p1a: Bromas|atk|1\n|-unboost|p1b: Lis|atk|1\n|turn|4\n|\n|t:|1775888742\n|move|p1a: Bromas|Protect|p1a: Bromas\n|-singleturn|p1a: Bromas|Protect\n|move|p2b: Kommo-o|Clanging Scales|p1a: Bromas|[spread] \n|-activate|p1a: Bromas|move: Protect\n|-immune|p1b: Lis\n|move|p1b: Lis|Moonblast|p2b: Kommo-o\n|-supereffective|p2b: Kommo-o|2\n|-damage|p2b: Kommo-o|0 fnt\n|faint|p2b: Kommo-o\n|move|p2a: Incineroar|Flare Blitz|p1b: Lis\n|-supereffective|p1b: Lis|1\n|-damage|p1b: Lis|0 fnt\n|faint|p1b: Lis\n|-damage|p2a: Incineroar|83/100|[from] Recoil\n|\n|upkeep\n|\n|t:|1775888755\n|switch|p1b: Corviknight|Corviknight, L50, F, shiny|100/100\n|switch|p2b: Froslass|Froslass, L50, F|100/100\n|turn|5\n|\n|t:|1775888769\n|move|p2b: Froslass|Protect|p2b: Froslass\n|-singleturn|p2b: Froslass|Protect\n|move|p1a: Bromas|Shadow Ball|p2b: Froslass\n|-activate|p2b: Froslass|move: Protect\n|move|p1b: Corviknight|Iron Defense|p1b: Corviknight\n|-boost|p1b: Corviknight|def|2\n|move|p2a: Incineroar|Flare Blitz|p1a: Bromas\n|-damage|p1a: Bromas|41/100\n|-damage|p2a: Incineroar|70/100|[from] Recoil\n|\n|upkeep\n|turn|6\n|\n|t:|1775888788\n|detailschange|p2b: Froslass|Froslass-Mega, L50, F\n|-mega|p2b: Froslass|Froslass|Froslassite\n|-weather|Snowscape|[from] ability: Snow Warning|[of] p2b: Froslass\n|move|p1a: Bromas|Shadow Ball|p2b: Froslass\n|-supereffective|p2b: Froslass|1\n|-crit|p2b: Froslass\n|-damage|p2b: Froslass|0 fnt\n|faint|p2b: Froslass\n|move|p1b: Corviknight|Body Press|p2a: Incineroar\n|-supereffective|p2a: Incineroar|1\n|-damage|p2a: Incineroar|0 fnt\n|faint|p2a: Incineroar\n|\n|win|Master600\n|raw|Master600's rating: 1051 &rarr; <strong>1089</strong><br />(+38 for winning)\n|raw|Quijas's rating: 1108 &rarr; <strong>1079</strong><br />(-29 for losing)\n|l|\u2606Quijas\n|player|p2|\n",
  "uploadtime": 1775888801,
  "views": 21,
  "formatid": "gen9championsvgc2026regma",
  "rating": 1079,
  "private": 0,
  "password": null
}