{
  "id": "gen9championsvgc2026regma-2580562981",
  "format": "[Gen 9 Champions] VGC 2026 Reg M-A",
  "players": [
    "Migolazo04",
    "ugiiiiii"
  ],
  "log": "|j|\u2606Migolazo04\n|j|\u2606ugiiiiii\n|t:|1775913198\n|gametype|doubles\n|player|p1|Migolazo04|2|1054\n|player|p2|ugiiiiii|rosa|1068\n|gen|9\n|tier|[Gen 9 Champions] VGC 2026 Reg M-A\n|rated|\n|rule|Species Clause: Limit one of each Pok\u00e9mon\n|rule|Item Clause: Limit 1 of each item\n|clearpoke\n|poke|p1|Starmie, L50|\n|poke|p1|Sneasler, L50, M|\n|poke|p1|Sinistcha, L50|\n|poke|p1|Kingambit, L50, F|\n|poke|p1|Dragonite, L50, F|\n|poke|p1|Pelipper, L50, F|\n|poke|p2|Hawlucha, L50, F|\n|poke|p2|Snorlax, L50, M|\n|poke|p2|Sinistcha-Masterpiece, L50|\n|poke|p2|Incineroar, L50, M|\n|poke|p2|Glimmora, L50, M|\n|poke|p2|Rotom-Wash, L50|\n|teampreview|4\n|inactive|Battle timer is ON: inactive players will automatically lose when time's up. (requested by ugiiiiii)\n|\n|t:|1775913227\n|teamsize|p1|4\n|teamsize|p2|4\n|start\n|switch|p1a: Kingambit|Kingambit, L50, F|100/100\n|switch|p1b: Sneasler|Sneasler, L50, M|100/100\n|switch|p2a: Glimmora|Glimmora, L50, M|100/100\n|switch|p2b: Rotom|Rotom-Wash, L50|100/100\n|turn|1\n|inactive|Migolazo04 has 30 seconds left.\n|inactive|ugiiiiii has 30 seconds left.\n|inactive|Migolazo04 has 20 seconds left.\n|inactive|ugiiiiii has 20 seconds left.\n|\n|t:|1775913264\n|move|p2a: Glimmora|Spiky Shield|p2a: Glimmora\n|-singleturn|p2a: Glimmora|move: Protect\n|move|p1b: Sneasler|Fake Out|p2b: Rotom\n|-damage|p2b: Rotom|80/100\n|cant|p2b: Rotom|flinch\n|move|p1a: Kingambit|Iron Head|p2a: Glimmora\n|-activate|p2a: Glimmora|move: Protect\n|-damage|p1a: Kingambit|88/100|[from] Spiky Shield|[of] p2a: Glimmora\n|\n|upkeep\n|turn|2\n|inactive|Migolazo04 has 30 seconds left.\n|inactive|ugiiiiii has 30 seconds left.\n|inactive|ugiiiiii has 20 seconds left.\n|inactive|ugiiiiii has 15 seconds left.\n|inactive|ugiiiiii has 10 seconds left.\n|\n|t:|1775913310\n|detailschange|p2a: Glimmora|Glimmora-Mega, L50, M\n|-mega|p2a: Glimmora|Glimmora|Glimmoranite\n|move|p2b: Rotom|Thunderbolt|p1a: Kingambit\n|-damage|p1a: Kingambit|45/100\n|move|p1b: Sneasler|Close Combat|p2a: Glimmora\n|-damage|p2a: Glimmora|35/100\n|-unboost|p1b: Sneasler|def|1\n|-unboost|p1b: Sneasler|spd|1\n|move|p2a: Glimmora|Earth Power|p1a: Kingambit\n|-supereffective|p1a: Kingambit|1\n|-damage|p1a: Kingambit|0 fnt\n|faint|p1a: Kingambit\n|\n|upkeep\n|\n|t:|1775913324\n|switch|p1a: Dragonite|Dragonite, L50, F|100/100\n|turn|3\n|inactive|Migolazo04 has 30 seconds left.\n|inactive|Migolazo04 has 20 seconds left.\n|inactive|Migolazo04 has 15 seconds left.\n|inactive|Migolazo04 has 10 seconds left.\n|\n|t:|1775913372\n|switch|p2a: Incineroar|Incineroar, L50, M|100/100\n|-ability|p2a: Incineroar|Intimidate|boost\n|-fail|p1a: Dragonite|unboost|Attack|[from] ability: Inner Focus|[of] p1a: Dragonite\n|-unboost|p1b: Sneasler|atk|1\n|detailschange|p1a: Dragonite|Dragonite-Mega, L50, F\n|-mega|p1a: Dragonite|Dragonite|Dragoninite\n|move|p1a: Dragonite|Protect|p1a: Dragonite\n|-singleturn|p1a: Dragonite|Protect\n|move|p2b: Rotom|Thunderbolt|p1b: Sneasler\n|-damage|p1b: Sneasler|4/100\n|move|p1b: Sneasler|Dire Claw|p2b: Rotom\n|-damage|p2b: Rotom|43/100\n|\n|upkeep\n|turn|4\n|\n|t:|1775913393\n|switch|p1a: Pelipper|Pelipper, L50, F|100/100\n|-weather|RainDance|[from] ability: Drizzle|[of] p1a: Pelipper\n|move|p2a: Incineroar|Fake Out|p1a: Pelipper\n|-damage|p1a: Pelipper|87/100\n|move|p2b: Rotom|Thunderbolt|p1a: Pelipper\n|-supereffective|p1a: Pelipper|2\n|-damage|p1a: Pelipper|0 fnt\n|faint|p1a: Pelipper\n|move|p1b: Sneasler|Dire Claw|p2b: Rotom\n|-damage|p2b: Rotom|4/100\n|\n|-weather|RainDance|[upkeep]\n|upkeep\n|\n|t:|1775913406\n|switch|p1a: Dragonite|Dragonite-Mega, L50, F|100/100\n|turn|5\n|-message|Migolazo04 forfeited.\n|\n|win|ugiiiiii\n|raw|Migolazo04's rating: 1054 &rarr; <strong>1037</strong><br />(-17 for losing)\n|raw|ugiiiiii's rating: 1068 &rarr; <strong>1097</strong><br />(+29 for winning)\n",
  "uploadtime": 1775913413,
  "views": 14,
  "formatid": "gen9championsvgc2026regma",
  "rating": 1037,
  "private": 0,
  "password": null
}