{
  "id": "gen9championsvgc2026regma-2583180567",
  "format": "[Gen 9 Champions] VGC 2026 Reg M-A",
  "players": [
    "We'reTrying",
    "GarbodorLover1940"
  ],
  "log": "|j|\u2606We'reTrying\n|j|\u2606GarbodorLover1940\n|t:|1776151745\n|gametype|doubles\n|player|p1|We'reTrying|backers|1075\n|player|p2|GarbodorLover1940|swimmerf|1111\n|gen|9\n|tier|[Gen 9 Champions] VGC 2026 Reg M-A\n|rated|\n|rule|Species Clause: Limit one of each Pok\u00e9mon\n|rule|Item Clause: Limit 1 of each item\n|clearpoke\n|poke|p1|Farigiraf, L50, M|\n|poke|p1|Excadrill, L50, F|\n|poke|p1|Tyranitar, L50, M|\n|poke|p1|Ampharos, L50, F|\n|poke|p1|Rhyperior, L50, M|\n|poke|p1|Kommo-o, L50, M|\n|poke|p2|Scovillain, L50, M|\n|poke|p2|Torkoal, L50, F|\n|poke|p2|Venusaur, L50, M|\n|poke|p2|Charizard, L50, F|\n|poke|p2|Heliolisk, L50, M|\n|poke|p2|Whimsicott, L50, M|\n|teampreview|4\n|inactive|Battle timer is ON: inactive players will automatically lose when time's up. (requested by GarbodorLover1940)\n|\n|t:|1776151768\n|teamsize|p1|4\n|teamsize|p2|4\n|start\n|switch|p1a: Farigiraf|Farigiraf, L50, M, shiny|100/100\n|switch|p1b: a friend :)|Ampharos, L50, F|100/100\n|switch|p2a: Scovillain|Scovillain, L50, M|100/100\n|switch|p2b: Whimsicott|Whimsicott, L50, M|100/100\n|turn|1\n|inactive|We'reTrying has 30 seconds left.\n|\n|t:|1776151796\n|switch|p2a: Torkoal|Torkoal, L50, F|100/100\n|-weather|SunnyDay|[from] ability: Drought|[of] p2a: Torkoal\n|move|p2b: Whimsicott|Growth|p2b: Whimsicott\n|-boost|p2b: Whimsicott|atk|2\n|-boost|p2b: Whimsicott|spa|2\n|move|p1b: a friend :)|Parabolic Charge|p2b: Whimsicott|[spread] p1a,p2a,p2b\n|-resisted|p2b: Whimsicott|1\n|-damage|p1a: Farigiraf|78/100\n|-damage|p2a: Torkoal|59/100\n|-damage|p2b: Whimsicott|83/100\n|move|p1a: Farigiraf|Trick Room|p1a: Farigiraf\n|-fieldstart|move: Trick Room|[of] p1a: Farigiraf\n|\n|-weather|SunnyDay|[upkeep]\n|upkeep\n|turn|2\n|inactive|We'reTrying has 30 seconds left.\n|inactive|GarbodorLover1940 has 30 seconds left.\n|\n|t:|1776151824\n|switch|p1a: Rhyperior|Rhyperior, L50, M|100/100\n|move|p1b: a friend :)|Protect|p1b: a friend :)\n|-singleturn|p1b: a friend :)|Protect\n|move|p2a: Torkoal|Heat Wave|p1b: a friend :)|[spread] p1a\n|-activate|p1b: a friend :)|move: Protect\n|-resisted|p1a: Rhyperior|1\n|-damage|p1a: Rhyperior|69/100\n|move|p2b: Whimsicott|Substitute|p2b: Whimsicott\n|-start|p2b: Whimsicott|Substitute\n|-damage|p2b: Whimsicott|59/100\n|\n|-weather|SunnyDay|[upkeep]\n|upkeep\n|turn|3\n|\n|t:|1776151839\n|switch|p2a: Scovillain|Scovillain, L50, M|100/100\n|detailschange|p1b: a friend :)|Ampharos-Mega, L50, F\n|-mega|p1b: a friend :)|Ampharos|Ampharosite\n|-ability|p1b: a friend :)|Mold Breaker\n|move|p1a: Rhyperior|Rock Slide|p2b: Whimsicott|[spread] p2b\n|-miss|p1a: Rhyperior|p2a: Scovillain\n|-end|p2b: Whimsicott|Substitute\n|move|p1b: a friend :)|Parabolic Charge|p2a: Scovillain|[spread] p2a,p2b\n|-immune|p1a: Rhyperior\n|-resisted|p2a: Scovillain|1\n|-resisted|p2b: Whimsicott|1\n|-damage|p2a: Scovillain|81/100\n|-damage|p2b: Whimsicott|35/100\n|move|p2b: Whimsicott|Substitute|p2b: Whimsicott\n|-start|p2b: Whimsicott|Substitute\n|-damage|p2b: Whimsicott|11/100\n|\n|-weather|SunnyDay|[upkeep]\n|upkeep\n|turn|4\n|\n|t:|1776151862\n|detailschange|p2a: Scovillain|Scovillain-Mega, L50, M\n|-mega|p2a: Scovillain|Scovillain|Scovillainite\n|move|p2a: Scovillain|Rage Powder|p2a: Scovillain\n|-singleturn|p2a: Scovillain|move: Rage Powder\n|move|p1a: Rhyperior|Rock Slide|p2b: Whimsicott|[spread] p2a,p2b\n|-end|p2b: Whimsicott|Substitute\n|-supereffective|p2a: Scovillain|1\n|-damage|p2a: Scovillain|0 fnt\n|-status|p1a: Rhyperior|brn|[from] ability: Spicy Spray|[of] p2a: Scovillain\n|faint|p2a: Scovillain\n|move|p1b: a friend :)|Parabolic Charge|p2b: Whimsicott|[spread] p2b\n|-immune|p1a: Rhyperior\n|-resisted|p2b: Whimsicott|1\n|-damage|p2b: Whimsicott|0 fnt\n|faint|p2b: Whimsicott\n|\n|-weather|SunnyDay|[upkeep]\n|-damage|p1a: Rhyperior|63/100 brn|[from] brn\n|upkeep\n|\n|t:|1776151878\n|switch|p2a: Torkoal|Torkoal, L50, F|59/100\n|switch|p2b: Charizard|Charizard, L50, F|100/100\n|turn|5\n|\n|t:|1776151895\n|move|p1a: Rhyperior|Rock Slide|p2b: Charizard|[spread] p2a,p2b\n|-supereffective|p2a: Torkoal|1\n|-supereffective|p2b: Charizard|2\n|-damage|p2a: Torkoal|26/100\n|-damage|p2b: Charizard|0 fnt\n|faint|p2b: Charizard\n|move|p1b: a friend :)|Parabolic Charge|p2a: Torkoal|[spread] p2a\n|-immune|p1a: Rhyperior\n|-damage|p2a: Torkoal|0 fnt\n|faint|p2a: Torkoal\n|\n|win|We'reTrying\n|raw|We&apos;reTrying's rating: 1075 &rarr; <strong>1107</strong><br />(+32 for winning)\n|raw|GarbodorLover1940's rating: 1111 &rarr; <strong>1083</strong><br />(-28 for losing)\n|l|\u2606GarbodorLover1940\n|player|p2|\n",
  "uploadtime": 1776151929,
  "views": 18,
  "formatid": "gen9championsvgc2026regma",
  "rating": 1083,
  "private": 0,
  "password": null
}