{
  "id": "gen9championsvgc2026regma-2582706469",
  "format": "[Gen 9 Champions] VGC 2026 Reg M-A",
  "players": [
    "yngroonjob",
    "bensongotback"
  ],
  "log": "|j|\u2606yngroonjob\n|j|\u2606bensongotback\n|t:|1776108577\n|gametype|doubles\n|player|p1|yngroonjob|169|1069\n|player|p2|bensongotback|giovanni|1000\n|gen|9\n|tier|[Gen 9 Champions] VGC 2026 Reg M-A\n|rated|\n|rule|Species Clause: Limit one of each Pok\u00e9mon\n|rule|Item Clause: Limit 1 of each item\n|clearpoke\n|poke|p1|Gengar, L50, M|\n|poke|p1|Incineroar, L50, M|\n|poke|p1|Sinistcha-Masterpiece, L50|\n|poke|p1|Kingambit, L50, F|\n|poke|p1|Tyranitar, L50, F|\n|poke|p1|Kommo-o, L50, M|\n|poke|p2|Meganium, L50, M|\n|poke|p2|Aerodactyl, L50, F|\n|poke|p2|Dragapult, L50, M|\n|poke|p2|Vaporeon, L50, F|\n|poke|p2|Garchomp, L50, F|\n|poke|p2|Vivillon, L50, F|\n|teampreview|4\n|inactive|Battle timer is ON: inactive players will automatically lose when time's up. (requested by yngroonjob)\n|\n|t:|1776108605\n|teamsize|p1|4\n|teamsize|p2|4\n|start\n|switch|p1a: Jigokudo|Gengar, L50, M, shiny|100/100\n|switch|p1b: Incineroar|Incineroar, L50, M|100/100\n|switch|p2a: Meganium|Meganium, L50, M|100/100\n|switch|p2b: Garchomp|Garchomp, L50, F|100/100\n|-ability|p1b: Incineroar|Intimidate|boost\n|-unboost|p2a: Meganium|atk|1\n|-unboost|p2b: Garchomp|atk|1\n|turn|1\n|inactive|bensongotback has 30 seconds left.\n|\n|t:|1776108637\n|detailschange|p1a: Jigokudo|Gengar-Mega, L50, M, shiny\n|-mega|p1a: Jigokudo|Gengar|Gengarite\n|detailschange|p2a: Meganium|Meganium-Mega, L50, M\n|-mega|p2a: Meganium|Meganium|Meganiumite\n|move|p1b: Incineroar|Fake Out|p2b: Garchomp\n|-damage|p2b: Garchomp|90/100\n|move|p1a: Jigokudo|Perish Song|p1a: Jigokudo\n|-start|p1a: Jigokudo|perish3|[silent]\n|-start|p1b: Incineroar|perish3|[silent]\n|-start|p2a: Meganium|perish3|[silent]\n|-start|p2b: Garchomp|perish3|[silent]\n|-fieldactivate|move: Perish Song\n|cant|p2b: Garchomp|flinch\n|move|p2a: Meganium|Weather Ball|p1a: Jigokudo\n|-damage|p1a: Jigokudo|48/100\n|\n|-start|p1a: Jigokudo|perish3\n|-start|p2b: Garchomp|perish3\n|-start|p2a: Meganium|perish3\n|-start|p1b: Incineroar|perish3\n|upkeep\n|turn|2\n|inactive|yngroonjob has 30 seconds left.\n|inactive|bensongotback has 30 seconds left.\n|inactive|yngroonjob has 20 seconds left.\n|inactive|yngroonjob has 15 seconds left.\n|\n|t:|1776108680\n|switch|p1a: Sinistcha|Sinistcha-Masterpiece, L50|100/100\n|move|p2b: Garchomp|Swords Dance|p2b: Garchomp\n|-boost|p2b: Garchomp|atk|2\n|move|p2a: Meganium|Weather Ball|p1a: Sinistcha\n|-supereffective|p1a: Sinistcha|1\n|-damage|p1a: Sinistcha|12/100\n|-enditem|p1a: Sinistcha|Sitrus Berry|[eat]\n|-heal|p1a: Sinistcha|36/100|[from] item: Sitrus Berry\n|move|p1b: Incineroar|Parting Shot|p2a: Meganium\n|-unboost|p2a: Meganium|atk|1\n|-unboost|p2a: Meganium|spa|1\n|\n|t:|1776108693\n|switch|p1b: Jigokudo|Gengar-Mega, L50, M, shiny|48/100|[from] Parting Shot\n|\n|-start|p2b: Garchomp|perish2\n|-start|p2a: Meganium|perish2\n|upkeep\n|turn|3\n|\n|t:|1776108712\n|move|p1b: Jigokudo|Protect|p1b: Jigokudo\n|-singleturn|p1b: Jigokudo|Protect\n|move|p1a: Sinistcha|Protect|p1a: Sinistcha\n|-singleturn|p1a: Sinistcha|Protect\n|move|p2b: Garchomp|Rock Slide|p1a: Sinistcha|[spread] \n|-activate|p1a: Sinistcha|move: Protect\n|-activate|p1b: Jigokudo|move: Protect\n|move|p2a: Meganium|Weather Ball|p1a: Sinistcha\n|-activate|p1a: Sinistcha|move: Protect\n|\n|-start|p2b: Garchomp|perish1\n|-start|p2a: Meganium|perish1\n|upkeep\n|turn|4\n|inactive|yngroonjob has 30 seconds left.\n|\n|t:|1776108739\n|switch|p1a: Tyranitar|Tyranitar, L50, F|100/100\n|-weather|Sandstorm|[from] ability: Sand Stream|[of] p1a: Tyranitar\n|move|p1b: Jigokudo|Substitute|p1b: Jigokudo\n|-start|p1b: Jigokudo|Substitute\n|-damage|p1b: Jigokudo|23/100\n|move|p2b: Garchomp|Earthquake|p1b: Jigokudo|[spread] p2a,p1a,p1b\n|-supereffective|p1b: Jigokudo|1\n|-end|p1b: Jigokudo|Substitute\n|-resisted|p2a: Meganium|1\n|-supereffective|p1a: Tyranitar|1\n|-damage|p2a: Meganium|76/100\n|-damage|p1a: Tyranitar|0 fnt\n|faint|p1a: Tyranitar\n|move|p2a: Meganium|Weather Ball|p1b: Jigokudo\n|-damage|p1b: Jigokudo|0 fnt\n|faint|p1b: Jigokudo\n|\n|-weather|Sandstorm|[upkeep]\n|-damage|p2a: Meganium|70/100|[from] Sandstorm\n|-start|p2b: Garchomp|perish0\n|-start|p2a: Meganium|perish0\n|upkeep\n|faint|p2b: Garchomp\n|faint|p2a: Meganium\n|\n|t:|1776108759\n|switch|p1b: Sinistcha|Sinistcha-Masterpiece, L50|36/100\n|switch|p2b: Aerodactyl|Aerodactyl, L50, F|100/100\n|switch|p1a: Incineroar|Incineroar, L50, M|100/100\n|switch|p2a: Dragapult|Dragapult, L50, M|100/100\n|-ability|p2b: Aerodactyl|Unnerve\n|-ability|p1a: Incineroar|Intimidate|boost\n|-unboost|p2a: Dragapult|atk|1\n|-unboost|p2b: Aerodactyl|atk|1\n|turn|5\n|\n|t:|1776108780\n|move|p1a: Incineroar|Fake Out|p2b: Aerodactyl\n|-resisted|p2b: Aerodactyl|1\n|-damage|p2b: Aerodactyl|94/100\n|move|p2a: Dragapult|Thunder Wave|p1a: Incineroar\n|-status|p1a: Incineroar|par\n|cant|p2b: Aerodactyl|flinch\n|move|p1b: Sinistcha|Matcha Gotcha|p2b: Aerodactyl|[spread] p2a,p2b\n|-resisted|p2a: Dragapult|1\n|-damage|p2a: Dragapult|86/100\n|-heal|p1b: Sinistcha|44/100|[from] drain|[of] p2a: Dragapult\n|-damage|p2b: Aerodactyl|74/100\n|-heal|p1b: Sinistcha|54/100|[from] drain|[of] p2b: Aerodactyl\n|-start|p1b: Sinistcha|Disable|Matcha Gotcha|[from] ability: Cursed Body|[of] p2a: Dragapult\n|\n|-weather|Sandstorm|[upkeep]\n|-damage|p2a: Dragapult|80/100|[from] Sandstorm\n|-damage|p1b: Sinistcha|48/100|[from] Sandstorm\n|-damage|p1a: Incineroar|95/100 par|[from] Sandstorm\n|-heal|p2b: Aerodactyl|80/100|[from] item: Leftovers\n|upkeep\n|turn|6\n|inactive|yngroonjob has 30 seconds left.\n|inactive|bensongotback has 30 seconds left.\n|\n|t:|1776108809\n|move|p1b: Sinistcha|Protect|p1b: Sinistcha\n|-singleturn|p1b: Sinistcha|Protect\n|move|p2a: Dragapult|Dragon Cheer|p2b: Aerodactyl\n|-start|p2b: Aerodactyl|move: Dragon Cheer\n|move|p2b: Aerodactyl|Rock Slide|p1b: Sinistcha|[spread] p1a\n|-activate|p1b: Sinistcha|move: Protect\n|-supereffective|p1a: Incineroar|1\n|-damage|p1a: Incineroar|73/100 par\n|move|p1a: Incineroar|Throat Chop|p2a: Dragapult\n|-supereffective|p2a: Dragapult|1\n|-damage|p2a: Dragapult|0 fnt\n|-start|p1a: Incineroar|Disable|Throat Chop|[from] ability: Cursed Body|[of] p2a: Dragapult\n|faint|p2a: Dragapult\n|\n|-weather|Sandstorm|[upkeep]\n|-damage|p1b: Sinistcha|42/100|[from] Sandstorm\n|-damage|p1a: Incineroar|67/100 par|[from] Sandstorm\n|-heal|p2b: Aerodactyl|86/100|[from] item: Leftovers\n|upkeep\n|turn|7\n|inactive|bensongotback has 30 seconds left.\n|\n|t:|1776108834\n|cant|p1a: Incineroar|par\n|move|p2b: Aerodactyl|Rock Slide|p1b: Sinistcha|[spread] p1a,p1b\n|-supereffective|p1a: Incineroar|1\n|-damage|p1a: Incineroar|42/100 par\n|-damage|p1b: Sinistcha|30/100\n|cant|p1b: Sinistcha|flinch\n|\n|-weather|Sandstorm|[upkeep]\n|-damage|p1b: Sinistcha|24/100|[from] Sandstorm\n|-damage|p1a: Incineroar|36/100 par|[from] Sandstorm\n|-heal|p2b: Aerodactyl|92/100|[from] item: Leftovers\n|upkeep\n|turn|8\n|\n|t:|1776108850\n|move|p1b: Sinistcha|Protect|p1b: Sinistcha\n|-singleturn|p1b: Sinistcha|Protect\n|move|p2b: Aerodactyl|Rock Slide|p1a: Incineroar|[spread] p1a\n|-activate|p1b: Sinistcha|move: Protect\n|-supereffective|p1a: Incineroar|1\n|-damage|p1a: Incineroar|11/100 par\n|cant|p1a: Incineroar|flinch\n|\n|-weather|none\n|-heal|p2b: Aerodactyl|98/100|[from] item: Leftovers\n|-end|p1b: Sinistcha|Disable\n|upkeep\n|turn|9\n|\n|t:|1776108866\n|move|p2b: Aerodactyl|Rock Slide|p1b: Sinistcha|[spread] p1a,p1b\n|-supereffective|p1a: Incineroar|1\n|-crit|p1b: Sinistcha\n|-damage|p1a: Incineroar|0 fnt\n|-damage|p1b: Sinistcha|0 fnt\n|faint|p1a: Incineroar\n|faint|p1b: Sinistcha\n|\n|win|bensongotback\n|raw|yngroonjob's rating: 1069 &rarr; <strong>1045</strong><br />(-24 for losing)\n|raw|bensongotback's rating: 1000 &rarr; <strong>1048</strong><br />(+48 for winning)\n|l|\u2606yngroonjob\n|player|p1|\n",
  "uploadtime": 1776108898,
  "views": 11,
  "formatid": "gen9championsvgc2026regma",
  "rating": 1045,
  "private": 0,
  "password": null
}