{
  "id": "gen9championsvgc2026regma-2585212859",
  "format": "[Gen 9 Champions] VGC 2026 Reg M-A",
  "players": [
    "TheWonderfulGirl",
    "masterzeroomc"
  ],
  "log": "|j|\u2606TheWonderfulGirl\n|j|\u2606masterzeroomc\n|t:|1776325677\n|gametype|doubles\n|player|p1|TheWonderfulGirl|pokekid|1136\n|player|p2|masterzeroomc|265|1032\n|gen|9\n|tier|[Gen 9 Champions] VGC 2026 Reg M-A\n|rated|\n|rule|Species Clause: Limit one of each Pok\u00e9mon\n|rule|Item Clause: Limit 1 of each item\n|clearpoke\n|poke|p1|Froslass, L50, F|\n|poke|p1|Garchomp, L50, M|\n|poke|p1|Rotom-Frost, L50|\n|poke|p1|Empoleon, L50, M|\n|poke|p1|Incineroar, L50, F|\n|poke|p1|Kingambit, L50, M|\n|poke|p2|Gengar, L50, F|\n|poke|p2|Sneasler, L50, F|\n|poke|p2|Whimsicott, L50, F|\n|poke|p2|Incineroar, L50, M|\n|poke|p2|Abomasnow, L50, M|\n|poke|p2|Hatterene, L50, F|\n|teampreview|4\n|inactive|Battle timer is ON: inactive players will automatically lose when time's up. (requested by TheWonderfulGirl)\n|inactive|masterzeroomc also wants the timer to be on.\n|inactive|TheWonderfulGirl has 60 seconds left.\n|inactive|masterzeroomc has 60 seconds left.\n|inactive|TheWonderfulGirl has 30 seconds left.\n|inactive|TheWonderfulGirl has 20 seconds left.\n|inactive|TheWonderfulGirl has 15 seconds left.\n|\n|t:|1776325758\n|teamsize|p1|4\n|teamsize|p2|4\n|start\n|switch|p1a: Garchomp|Garchomp, L50, M|100/100\n|switch|p1b: Rotom|Rotom-Frost, L50|100/100\n|switch|p2a: Whimsicott|Whimsicott, L50, F|100/100\n|switch|p2b: Abomasnow|Abomasnow, L50, M|100/100\n|-weather|Snowscape|[from] ability: Snow Warning|[of] p2b: Abomasnow\n|turn|1\n|\n|t:|1776325779\n|move|p2a: Whimsicott|Protect|p2a: Whimsicott\n|-singleturn|p2a: Whimsicott|Protect\n|move|p1b: Rotom|Blizzard|p2b: Abomasnow|[spread] p2b\n|-activate|p2a: Whimsicott|move: Protect\n|-damage|p2b: Abomasnow|64/100\n|move|p1a: Garchomp|Rock Slide|p2b: Abomasnow|[spread] p2b\n|-activate|p2a: Whimsicott|move: Protect\n|-supereffective|p2b: Abomasnow|1\n|-damage|p2b: Abomasnow|36/100\n|cant|p2b: Abomasnow|flinch\n|\n|-weather|Snowscape|[upkeep]\n|upkeep\n|turn|2\n|inactive|TheWonderfulGirl has 30 seconds left.\n|\n|t:|1776325805\n|switch|p2a: Incineroar|Incineroar, L50, M|100/100\n|-ability|p2a: Incineroar|Intimidate|boost\n|-unboost|p1a: Garchomp|atk|1\n|-unboost|p1b: Rotom|atk|1\n|-enditem|p1a: Garchomp|White Herb\n|-clearnegativeboost|p1a: Garchomp|[silent]\n|detailschange|p2b: Abomasnow|Abomasnow-Mega, L50, M\n|-mega|p2b: Abomasnow|Abomasnow|Abomasite\n|move|p1b: Rotom|Blizzard|p2b: Abomasnow|[spread] p2a,p2b\n|-resisted|p2a: Incineroar|1\n|-damage|p2a: Incineroar|84/100\n|-damage|p2b: Abomasnow|8/100\n|move|p1a: Garchomp|Rock Slide|p2b: Abomasnow|[spread] p2a\n|-miss|p1a: Garchomp|p2b: Abomasnow\n|-supereffective|p2a: Incineroar|1\n|-damage|p2a: Incineroar|43/100\n|move|p2b: Abomasnow|Blizzard|p1a: Garchomp|[spread] p1a,p1b\n|-supereffective|p1a: Garchomp|2\n|-resisted|p1b: Rotom|1\n|-damage|p1a: Garchomp|0 fnt\n|-damage|p1b: Rotom|71/100\n|faint|p1a: Garchomp\n|\n|-weather|Snowscape|[upkeep]\n|-heal|p2a: Incineroar|49/100|[from] item: Leftovers\n|upkeep\n|inactive|TheWonderfulGirl has 30 seconds left.\n|inactive|TheWonderfulGirl has 20 seconds left.\n|inactive|TheWonderfulGirl has 15 seconds left.\n|\n|t:|1776325848\n|switch|p1a: Froslass|Froslass, L50, F|100/100\n|turn|3\n|\n|t:|1776325862\n|detailschange|p1a: Froslass|Froslass-Mega, L50, F\n|-mega|p1a: Froslass|Froslass|Froslassite\n|move|p1b: Rotom|Blizzard|p2b: Abomasnow|[spread] p2a,p2b\n|-resisted|p2a: Incineroar|1\n|-damage|p2a: Incineroar|31/100\n|-damage|p2b: Abomasnow|0 fnt\n|faint|p2b: Abomasnow\n|move|p1a: Froslass|Blizzard|p2a: Incineroar\n|-resisted|p2a: Incineroar|1\n|-damage|p2a: Incineroar|0 fnt\n|faint|p2a: Incineroar\n|\n|-weather|Snowscape|[upkeep]\n|upkeep\n|\n|t:|1776325877\n|switch|p2a: Gengar|Gengar, L50, F|100/100\n|switch|p2b: Whimsicott|Whimsicott, L50, F|100/100\n|turn|4\n|inactive|TheWonderfulGirl has 30 seconds left.\n|\n|t:|1776325904\n|switch|p1a: Incineroar|Incineroar, L50, F|100/100\n|-ability|p1a: Incineroar|Intimidate|boost\n|-unboost|p2a: Gengar|atk|1\n|-unboost|p2b: Whimsicott|atk|1\n|move|p2b: Whimsicott|Tailwind|p2b: Whimsicott\n|-sidestart|p2: masterzeroomc|move: Tailwind\n|move|p2a: Gengar|Shadow Ball|p1a: Incineroar\n|-resisted|p1a: Incineroar|1\n|-damage|p1a: Incineroar|83/100\n|move|p1b: Rotom|Blizzard|p2a: Gengar|[spread] p2a,p2b\n|-supereffective|p2b: Whimsicott|1\n|-damage|p2a: Gengar|36/100\n|-damage|p2b: Whimsicott|18/100\n|\n|-weather|Snowscape|[upkeep]\n|upkeep\n|turn|5\n|inactive|TheWonderfulGirl has 30 seconds left.\n|inactive|TheWonderfulGirl has 20 seconds left.\n|inactive|TheWonderfulGirl has 15 seconds left.\n|inactive|TheWonderfulGirl has 10 seconds left.\n|inactive|TheWonderfulGirl has 5 seconds left.\n|\n|t:|1776325957\n|switch|p1a: Froslass|Froslass-Mega, L50, F|100/100\n|move|p2b: Whimsicott|Protect|p2b: Whimsicott\n|-singleturn|p2b: Whimsicott|Protect\n|move|p2a: Gengar|Shadow Ball|p1b: Rotom\n|-damage|p1b: Rotom|12/100\n|move|p1b: Rotom|Blizzard|p2a: Gengar|[spread] p2a\n|-activate|p2b: Whimsicott|move: Protect\n|-damage|p2a: Gengar|0 fnt\n|faint|p2a: Gengar\n|\n|-weather|none\n|upkeep\n|turn|6\n|-message|masterzeroomc forfeited.\n|\n|win|TheWonderfulGirl\n|raw|TheWonderfulGirl's rating: 1136 &rarr; <strong>1154</strong><br />(+18 for winning)\n|raw|masterzeroomc's rating: 1032 &rarr; <strong>1022</strong><br />(-10 for losing)\n|l|\u2606masterzeroomc\n|player|p2|\n",
  "uploadtime": 1776325974,
  "views": 21,
  "formatid": "gen9championsvgc2026regma",
  "rating": 1022,
  "private": 0,
  "password": null
}