{
  "id": "gen9championsvgc2026regma-2583629504",
  "format": "[Gen 9 Champions] VGC 2026 Reg M-A",
  "players": [
    "salfur",
    "henitusec"
  ],
  "log": "|j|\u2606salfur\n|j|\u2606henitusec\n|t:|1776187531\n|gametype|doubles\n|player|p1|salfur|guitarist|1075\n|player|p2|henitusec|diantha|1077\n|gen|9\n|tier|[Gen 9 Champions] VGC 2026 Reg M-A\n|rated|\n|rule|Species Clause: Limit one of each Pok\u00e9mon\n|rule|Item Clause: Limit 1 of each item\n|clearpoke\n|poke|p1|Whimsicott, L50, M|\n|poke|p1|Sinistcha, L50|\n|poke|p1|Scizor, L50, M|\n|poke|p1|Kommo-o, L50, M|\n|poke|p1|Primarina, L50, M|\n|poke|p1|Typhlosion-Hisui, L50, M|\n|poke|p2|Gardevoir, L50, F|\n|poke|p2|Aegislash, L50, M|\n|poke|p2|Incineroar, L50, F|\n|poke|p2|Vivillon-Polar, L50, M|\n|poke|p2|Whimsicott, L50, F|\n|poke|p2|Tauros-Paldea-Aqua, L50, M|\n|teampreview|4\n|inactive|Battle timer is ON: inactive players will automatically lose when time's up. (requested by salfur)\n|inactive|henitusec also wants the timer to be on.\n|\n|t:|1776187553\n|teamsize|p1|4\n|teamsize|p2|4\n|start\n|switch|p1a: Whimsicott|Whimsicott, L50, M|100/100\n|switch|p1b: Primarina|Primarina, L50, M|100/100\n|switch|p2a: Whimsicott|Whimsicott, L50, F|100/100\n|switch|p2b: Aegislash|Aegislash, L50, M|100/100\n|turn|1\n|inactive|henitusec has 30 seconds left.\n|\n|t:|1776187583\n|move|p1a: Whimsicott|Tailwind|p1a: Whimsicott\n|-sidestart|p1: salfur|move: Tailwind\n|move|p2a: Whimsicott|Encore|p1a: Whimsicott\n|-start|p1a: Whimsicott|Encore\n|-enditem|p1a: Whimsicott|Mental Herb\n|-end|p1a: Whimsicott|Encore\n|move|p1b: Primarina|Ice Beam|p2a: Whimsicott\n|-supereffective|p2a: Whimsicott|1\n|-damage|p2a: Whimsicott|20/100\n|-formechange|p2b: Aegislash|Aegislash-Blade|\n|move|p2b: Aegislash|Poltergeist|p1b: Primarina\n|-activate|p1b: Primarina|move: Poltergeist|Leftovers\n|-damage|p1b: Primarina|39/100\n|\n|-heal|p1b: Primarina|45/100|[from] item: Leftovers\n|upkeep\n|turn|2\n|inactive|salfur has 30 seconds left.\n|inactive|henitusec has 30 seconds left.\n|\n|t:|1776187610\n|switch|p1a: Scizor|Scizor, L50, M|100/100\n|move|p1b: Primarina|Protect|p1b: Primarina\n|-singleturn|p1b: Primarina|Protect\n|move|p2a: Whimsicott|Tailwind|p2a: Whimsicott\n|-sidestart|p2: henitusec|move: Tailwind\n|move|p2b: Aegislash|Poltergeist|p1b: Primarina\n|-activate|p1b: Primarina|move: Protect\n|\n|-heal|p1b: Primarina|52/100|[from] item: Leftovers\n|upkeep\n|turn|3\n|\n|t:|1776187625\n|detailschange|p1a: Scizor|Scizor-Mega, L50, M\n|-mega|p1a: Scizor|Scizor|Scizorite\n|move|p2a: Whimsicott|Light Screen|p2a: Whimsicott\n|-sidestart|p2: henitusec|move: Light Screen\n|move|p1a: Scizor|Bullet Punch|p2a: Whimsicott\n|-supereffective|p2a: Whimsicott|1\n|-damage|p2a: Whimsicott|0 fnt\n|faint|p2a: Whimsicott\n|move|p2b: Aegislash|Poltergeist|p1a: Scizor\n|-activate|p1a: Scizor|move: Poltergeist|Scizorite\n|-damage|p1a: Scizor|56/100\n|move|p1b: Primarina|Sparkling Aria|p2b: Aegislash|[spread] p1a,p2b\n|-damage|p1a: Scizor|20/100\n|-damage|p2b: Aegislash|53/100\n|\n|-heal|p1b: Primarina|58/100|[from] item: Leftovers\n|upkeep\n|\n|t:|1776187644\n|switch|p2a: Tauros|Tauros-Paldea-Aqua, L50, M|100/100\n|-ability|p2a: Tauros|Intimidate|boost\n|-unboost|p1a: Scizor|atk|1\n|-unboost|p1b: Primarina|atk|1\n|turn|4\n|\n|t:|1776187657\n|move|p2a: Tauros|Protect|p2a: Tauros\n|-singleturn|p2a: Tauros|Protect\n|-formechange|p2b: Aegislash|Aegislash|\n|move|p2b: Aegislash|King's Shield|p2b: Aegislash\n|-singleturn|p2b: Aegislash|Protect\n|move|p1a: Scizor|Dual Wingbeat|p2a: Tauros\n|-activate|p2a: Tauros|move: Protect\n|move|p1b: Primarina|Dazzling Gleam|p2b: Aegislash|[spread] \n|-activate|p2a: Tauros|move: Protect\n|-activate|p2b: Aegislash|move: Protect\n|\n|-heal|p1b: Primarina|64/100|[from] item: Leftovers\n|-sideend|p1: salfur|move: Tailwind\n|upkeep\n|turn|5\n|\n|t:|1776187680\n|move|p2a: Tauros|Aqua Jet|p1a: Scizor\n|-damage|p1a: Scizor|2/100\n|-formechange|p2b: Aegislash|Aegislash-Blade|\n|move|p2b: Aegislash|Poltergeist|p1b: Primarina\n|-activate|p1b: Primarina|move: Poltergeist|Leftovers\n|-damage|p1b: Primarina|0 fnt\n|faint|p1b: Primarina\n|move|p1a: Scizor|Knock Off|p2b: Aegislash\n|-supereffective|p2b: Aegislash|1\n|-damage|p2b: Aegislash|0 fnt\n|-enditem|p2b: Aegislash|White Herb|[from] move: Knock Off|[of] p1a: Scizor\n|faint|p2b: Aegislash\n|\n|-sideend|p2: henitusec|move: Tailwind\n|upkeep\n|\n|t:|1776187690\n|switch|p2b: Gardevoir|Gardevoir, L50, F, shiny|100/100\n|switch|p1b: Whimsicott|Whimsicott, L50, M|100/100\n|-ability|p2b: Gardevoir|Prankster|Trace|[from] ability: Trace|[of] p1b: Whimsicott\n|turn|6\n|\n|t:|1776187706\n|detailschange|p2b: Gardevoir|Gardevoir-Mega, L50, F, shiny\n|-mega|p2b: Gardevoir|Gardevoir|Gardevoirite\n|move|p1b: Whimsicott|Tailwind|p1b: Whimsicott\n|-sidestart|p1: salfur|move: Tailwind\n|move|p1a: Scizor|Bullet Punch|p2b: Gardevoir\n|-supereffective|p2b: Gardevoir|1\n|-damage|p2b: Gardevoir|39/100\n|move|p2a: Tauros|Aqua Jet|p1a: Scizor\n|-damage|p1a: Scizor|0 fnt\n|faint|p1a: Scizor\n|move|p2b: Gardevoir|Mystical Fire|p1b: Whimsicott\n|-supereffective|p1b: Whimsicott|1\n|-damage|p1b: Whimsicott|23/100\n|-unboost|p1b: Whimsicott|spa|1\n|\n|upkeep\n|\n|t:|1776187709\n|switch|p1a: Typhlosion|Typhlosion-Hisui, L50, M|100/100\n|turn|7\n|\n|t:|1776187725\n|move|p1b: Whimsicott|Helping Hand|p1a: Typhlosion\n|-singleturn|p1a: Typhlosion|Helping Hand|[of] p1b: Whimsicott\n|move|p2a: Tauros|Aqua Jet|p1a: Typhlosion\n|-supereffective|p1a: Typhlosion|1\n|-damage|p1a: Typhlosion|50/100\n|-enditem|p1a: Typhlosion|Sitrus Berry|[eat]\n|-heal|p1a: Typhlosion|74/100|[from] item: Sitrus Berry\n|move|p1a: Typhlosion|Eruption|p2b: Gardevoir|[spread] p2a,p2b\n|-resisted|p2a: Tauros|1\n|-damage|p2a: Tauros|75/100\n|-damage|p2b: Gardevoir|1/100\n|move|p2b: Gardevoir|Hyper Voice|p1b: Whimsicott|[spread] p1a,p1b\n|-resisted|p1a: Typhlosion|1\n|-crit|p1b: Whimsicott\n|-damage|p1a: Typhlosion|44/100\n|-damage|p1b: Whimsicott|0 fnt\n|faint|p1b: Whimsicott\n|\n|-sideend|p2: henitusec|move: Light Screen\n|upkeep\n|turn|8\n|\n|t:|1776187744\n|move|p2a: Tauros|Aqua Jet|p1a: Typhlosion\n|-supereffective|p1a: Typhlosion|1\n|-crit|p1a: Typhlosion\n|-damage|p1a: Typhlosion|0 fnt\n|faint|p1a: Typhlosion\n|\n|win|henitusec\n|raw|salfur's rating: 1075 &rarr; <strong>1054</strong><br />(-21 for losing)\n|raw|henitusec's rating: 1077 &rarr; <strong>1105</strong><br />(+28 for winning)\n",
  "uploadtime": 1776187747,
  "views": 15,
  "formatid": "gen9championsvgc2026regma",
  "rating": 1054,
  "private": 0,
  "password": null
}