{
  "id": "gen9championsvgc2026regma-2580368737",
  "format": "[Gen 9 Champions] VGC 2026 Reg M-A",
  "players": [
    "carrooooooooooot",
    "Lucoooo"
  ],
  "log": "|j|\u2606carrooooooooooot\n|j|\u2606Lucoooo\n|t:|1775886275\n|gametype|doubles\n|player|p1|carrooooooooooot|bea|1109\n|player|p2|Lucoooo|1|1028\n|gen|9\n|tier|[Gen 9 Champions] VGC 2026 Reg M-A\n|rated|\n|rule|Species Clause: Limit one of each Pok\u00e9mon\n|rule|Item Clause: Limit 1 of each item\n|clearpoke\n|poke|p1|Espathra, L50, F|\n|poke|p1|Clefable, L50, M|\n|poke|p1|Sableye, L50, F|\n|poke|p1|Primarina, L50, M|\n|poke|p1|Incineroar, L50, F|\n|poke|p1|Farigiraf, L50, M|\n|poke|p2|Gallade, L50, M|\n|poke|p2|Maushold-Four, L50|\n|poke|p2|Whimsicott, L50, F|\n|poke|p2|Arcanine, L50, F|\n|poke|p2|Kingambit, L50, M|\n|poke|p2|Dedenne, L50, M|\n|teampreview|4\n|\n|t:|1775886303\n|teamsize|p1|4\n|teamsize|p2|4\n|start\n|switch|p1a: Espathra|Espathra, L50, F|100/100\n|switch|p1b: Incineroar|Incineroar, L50, F|100/100\n|switch|p2a: Gallade|Gallade, L50, M|100/100\n|switch|p2b: Maushold|Maushold-Four, L50|100/100\n|-ability|p1b: Incineroar|Intimidate|boost\n|-unboost|p2a: Gallade|atk|1\n|-unboost|p2b: Maushold|atk|1\n|turn|1\n|\n|t:|1775886328\n|detailschange|p2a: Gallade|Gallade-Mega, L50, M\n|-mega|p2a: Gallade|Gallade|Galladite\n|move|p2b: Maushold|Helping Hand|p2a: Gallade\n|-singleturn|p2a: Gallade|Helping Hand|[of] p2b: Maushold\n|move|p1b: Incineroar|Fake Out|p2b: Maushold\n|-damage|p2b: Maushold|86/100\n|move|p2a: Gallade|Close Combat|p1b: Incineroar\n|-supereffective|p1b: Incineroar|1\n|-damage|p1b: Incineroar|0 fnt\n|-unboost|p2a: Gallade|def|1\n|-unboost|p2a: Gallade|spd|1\n|faint|p1b: Incineroar\n|move|p1a: Espathra|Calm Mind|p1a: Espathra\n|-boost|p1a: Espathra|spa|1\n|-boost|p1a: Espathra|spd|1\n|\n|-ability|p1a: Espathra|Speed Boost|boost\n|-boost|p1a: Espathra|spe|1\n|upkeep\n|\n|t:|1775886337\n|switch|p1b: Clefable|Clefable, L50, M|100/100\n|turn|2\n|\n|t:|1775886353\n|switch|p2a: Kingambit|Kingambit, L50, M|100/100\n|detailschange|p1b: Clefable|Clefable-Mega, L50, M\n|-mega|p1b: Clefable|Clefable|Clefablite\n|move|p1b: Clefable|Follow Me|p1b: Clefable\n|-singleturn|p1b: Clefable|move: Follow Me\n|move|p1a: Espathra|Calm Mind|p1a: Espathra\n|-boost|p1a: Espathra|spa|1\n|-boost|p1a: Espathra|spd|1\n|move|p2b: Maushold|Super Fang|p1b: Clefable\n|-damage|p1b: Clefable|51/100\n|\n|-ability|p1a: Espathra|Speed Boost|boost\n|-boost|p1a: Espathra|spe|1\n|upkeep\n|turn|3\n|\n|t:|1775886371\n|move|p2b: Maushold|Follow Me|p2b: Maushold\n|-singleturn|p2b: Maushold|move: Follow Me\n|move|p1b: Clefable|Follow Me|p1b: Clefable\n|-singleturn|p1b: Clefable|move: Follow Me\n|move|p1a: Espathra|Calm Mind|p1a: Espathra\n|-boost|p1a: Espathra|spa|1\n|-boost|p1a: Espathra|spd|1\n|move|p2a: Kingambit|Iron Head|p1b: Clefable\n|-supereffective|p1b: Clefable|1\n|-damage|p1b: Clefable|0 fnt\n|faint|p1b: Clefable\n|\n|-ability|p1a: Espathra|Speed Boost|boost\n|-boost|p1a: Espathra|spe|1\n|upkeep\n|\n|t:|1775886380\n|switch|p1b: Sableye|Sableye, L50, F|100/100\n|turn|4\n|\n|t:|1775886397\n|move|p2b: Maushold|Helping Hand|p2a: Kingambit\n|-singleturn|p2a: Kingambit|Helping Hand|[of] p2b: Maushold\n|move|p1a: Espathra|Protect|p1a: Espathra\n|-singleturn|p1a: Espathra|Protect\n|move|p2a: Kingambit|Sucker Punch||[still]\n|-fail|p2a: Kingambit\n|move|p1b: Sableye|Will-O-Wisp|p2a: Kingambit\n|-hint|Since gen 7, Dark is immune to Prankster moves.\n|-immune|p2a: Kingambit\n|\n|-ability|p1a: Espathra|Speed Boost|boost\n|-boost|p1a: Espathra|spe|1\n|upkeep\n|turn|5\n|c|\u2606carrooooooooooot|Oh\n|c|\u2606carrooooooooooot|Oops\n|c|\u2606carrooooooooooot|Uh oh\n|\n|t:|1775886425\n|move|p2a: Kingambit|Protect|p2a: Kingambit\n|-singleturn|p2a: Kingambit|Protect\n|move|p1b: Sableye|Encore|p2b: Maushold\n|-start|p2b: Maushold|Encore\n|move|p2b: Maushold|Helping Hand||[still]\n|-fail|p2b: Maushold\n|move|p1a: Espathra|Calm Mind|p1a: Espathra\n|-boost|p1a: Espathra|spa|1\n|-boost|p1a: Espathra|spd|1\n|\n|-ability|p1a: Espathra|Speed Boost|boost\n|-boost|p1a: Espathra|spe|1\n|upkeep\n|turn|6\n|\n|t:|1775886445\n|move|p2b: Maushold|Helping Hand|p2a: Kingambit\n|-singleturn|p2a: Kingambit|Helping Hand|[of] p2b: Maushold\n|move|p1a: Espathra|Protect|p1a: Espathra\n|-singleturn|p1a: Espathra|Protect\n|move|p2a: Kingambit|Sucker Punch||[still]\n|-fail|p2a: Kingambit\n|move|p1b: Sableye|Will-O-Wisp|p2b: Maushold|[miss]\n|-miss|p1b: Sableye|p2b: Maushold\n|\n|-ability|p1a: Espathra|Speed Boost|boost\n|-boost|p1a: Espathra|spe|1\n|upkeep\n|turn|7\n|\n|t:|1775886478\n|move|p2b: Maushold|Helping Hand|p2a: Kingambit\n|-singleturn|p2a: Kingambit|Helping Hand|[of] p2b: Maushold\n|move|p2a: Kingambit|Sucker Punch||[still]\n|-fail|p2a: Kingambit\n|move|p1b: Sableye|Will-O-Wisp|p2b: Maushold\n|-status|p2b: Maushold|brn\n|move|p1a: Espathra|Calm Mind|p1a: Espathra\n|-boost|p1a: Espathra|spa|1\n|-boost|p1a: Espathra|spd|1\n|\n|-damage|p2b: Maushold|80/100 brn|[from] brn\n|-end|p2b: Maushold|Encore\n|upkeep\n|turn|8\n|c|\u2606carrooooooooooot|IM SO FUCKING SCARED\n|\n|t:|1775886505\n|move|p1b: Sableye|Encore|p2a: Kingambit\n|-hint|Since gen 7, Dark is immune to Prankster moves.\n|-immune|p2a: Kingambit\n|move|p1a: Espathra|Calm Mind|p1a: Espathra\n|-boost|p1a: Espathra|spa|1\n|-boost|p1a: Espathra|spd|1\n|move|p2b: Maushold|Super Fang|p1a: Espathra\n|-damage|p1a: Espathra|50/100\n|move|p2a: Kingambit|Iron Head|p1b: Sableye\n|-damage|p1b: Sableye|39/100\n|\n|-damage|p2b: Maushold|74/100 brn|[from] brn\n|upkeep\n|turn|9\n|\n|t:|1775886533\n|move|p2b: Maushold|Helping Hand|p2a: Kingambit\n|-singleturn|p2a: Kingambit|Helping Hand|[of] p2b: Maushold\n|move|p1b: Sableye|Encore|p2b: Maushold\n|-start|p2b: Maushold|Encore\n|move|p1a: Espathra|Dazzling Gleam|p2a: Kingambit|[spread] p2a,p2b\n|-damage|p2a: Kingambit|47/100\n|-damage|p2b: Maushold|0 fnt\n|faint|p2b: Maushold\n|move|p2a: Kingambit|Iron Head|p1b: Sableye\n|-damage|p1b: Sableye|0 fnt\n|faint|p1b: Sableye\n|\n|upkeep\n|\n|t:|1775886547\n|switch|p2b: Dedenne|Dedenne, L50, M|100/100\n|turn|10\n|\n|t:|1775886555\n|move|p1a: Espathra|Protect|p1a: Espathra\n|-singleturn|p1a: Espathra|Protect\n|move|p2a: Kingambit|Sucker Punch||[still]\n|-fail|p2a: Kingambit\n|move|p2b: Dedenne|Nuzzle|p1a: Espathra\n|-activate|p1a: Espathra|move: Protect\n|\n|upkeep\n|turn|11\n|\n|t:|1775886568\n|move|p2a: Kingambit|Sucker Punch||[still]\n|-fail|p2a: Kingambit\n|move|p1a: Espathra|Calm Mind|p1a: Espathra\n|-boost|p1a: Espathra|spa|0\n|-boost|p1a: Espathra|spd|0\n|move|p2b: Dedenne|Nuzzle|p1a: Espathra\n|-damage|p1a: Espathra|45/100\n|-status|p1a: Espathra|par\n|\n|upkeep\n|turn|12\n|\n|t:|1775886580\n|move|p1a: Espathra|Protect|p1a: Espathra\n|-singleturn|p1a: Espathra|Protect\n|move|p2a: Kingambit|Sucker Punch||[still]\n|-fail|p2a: Kingambit\n|move|p2b: Dedenne|Discharge|p1a: Espathra|[spread] p2a\n|-activate|p1a: Espathra|move: Protect\n|-damage|p2a: Kingambit|31/100\n|\n|upkeep\n|turn|13\n|\n|t:|1775886591\n|move|p1a: Espathra|Dazzling Gleam|p2a: Kingambit|[spread] p2a,p2b\n|-damage|p2a: Kingambit|0 fnt\n|-damage|p2b: Dedenne|0 fnt\n|faint|p2a: Kingambit\n|faint|p2b: Dedenne\n|\n|upkeep\n|\n|t:|1775886598\n|switch|p2b: Gallade|Gallade-Mega, L50, M|100/100\n|turn|14\n|\n|t:|1775886608\n|move|p1a: Espathra|Stored Power|p2b: Gallade\n|-damage|p2b: Gallade|0 fnt\n|faint|p2b: Gallade\n|\n|win|carrooooooooooot\n|raw|carrooooooooooot's rating: 1109 &rarr; <strong>1128</strong><br />(+19 for winning)\n|raw|Lucoooo's rating: 1028 &rarr; <strong>1017</strong><br />(-11 for losing)\n|c|\u2606carrooooooooooot|YESS\n|l|\u2606Lucoooo\n|player|p2|\n",
  "uploadtime": 1775886615,
  "views": 26,
  "formatid": "gen9championsvgc2026regma",
  "rating": 1017,
  "private": 0,
  "password": null
}