{
  "id": "gen9championsvgc2026regma-2581469717",
  "format": "[Gen 9 Champions] VGC 2026 Reg M-A",
  "players": [
    "amigomalamar",
    "Braute"
  ],
  "log": "|j|\u2606amigomalamar\n|j|\u2606Braute\n|t:|1776003444\n|gametype|doubles\n|player|p1|amigomalamar|schoolkid|1156\n|player|p2|Braute|miku-fire|1140\n|gen|9\n|tier|[Gen 9 Champions] VGC 2026 Reg M-A\n|rated|\n|rule|Species Clause: Limit one of each Pok\u00e9mon\n|rule|Item Clause: Limit 1 of each item\n|clearpoke\n|poke|p1|Gengar, L50, F|\n|poke|p1|Incineroar, L50, M|\n|poke|p1|Sinistcha, L50|\n|poke|p1|Kingambit, L50, M|\n|poke|p1|Tyranitar, L50, F|\n|poke|p1|Kommo-o, L50, M|\n|poke|p2|Beedrill, L50, F|\n|poke|p2|Incineroar, L50, F|\n|poke|p2|Talonflame, L50, F|\n|poke|p2|Kingambit, L50, M|\n|poke|p2|Tyranitar, L50, F|\n|poke|p2|Excadrill, L50, M|\n|teampreview|4\n|inactive|Battle timer is ON: inactive players will automatically lose when time's up. (requested by Braute)\n|\n|t:|1776003464\n|teamsize|p1|4\n|teamsize|p2|4\n|start\n|switch|p1a: Gengar|Gengar, L50, F|100/100\n|switch|p1b: Incineroar|Incineroar, L50, M|100/100\n|switch|p2a: Kingambit|Kingambit, L50, M, shiny|100/100\n|switch|p2b: Beedrill|Beedrill, L50, F, shiny|100/100\n|-ability|p1b: Incineroar|Intimidate|boost\n|-unboost|p2a: Kingambit|atk|1\n|-ability|p2a: Kingambit|Defiant|boost\n|-boost|p2a: Kingambit|atk|2\n|-unboost|p2b: Beedrill|atk|1\n|turn|1\n|\n|t:|1776003473\n|detailschange|p1a: Gengar|Gengar-Mega, L50, F\n|-mega|p1a: Gengar|Gengar|Gengarite\n|move|p2b: Beedrill|Protect|p2b: Beedrill\n|-singleturn|p2b: Beedrill|Protect\n|move|p2a: Kingambit|Protect|p2a: Kingambit\n|-singleturn|p2a: Kingambit|Protect\n|move|p1b: Incineroar|Fake Out|p2a: Kingambit\n|-activate|p2a: Kingambit|move: Protect\n|move|p1a: Gengar|Perish Song|p1a: Gengar\n|-start|p1a: Gengar|perish3|[silent]\n|-start|p1b: Incineroar|perish3|[silent]\n|-start|p2a: Kingambit|perish3|[silent]\n|-start|p2b: Beedrill|perish3|[silent]\n|-fieldactivate|move: Perish Song\n|\n|-start|p1a: Gengar|perish3\n|-start|p2b: Beedrill|perish3\n|-start|p1b: Incineroar|perish3\n|-start|p2a: Kingambit|perish3\n|upkeep\n|turn|2\n|\n|t:|1776003481\n|detailschange|p2b: Beedrill|Beedrill-Mega, L50, F, shiny\n|-mega|p2b: Beedrill|Beedrill|Beedrillite\n|move|p1a: Gengar|Protect|p1a: Gengar\n|-singleturn|p1a: Gengar|Protect\n|move|p1b: Incineroar|Protect|p1b: Incineroar\n|-singleturn|p1b: Incineroar|Protect\n|move|p2b: Beedrill|U-turn|p1b: Incineroar\n|-activate|p1b: Incineroar|move: Protect\n|move|p2a: Kingambit|Kowtow Cleave|p1a: Gengar\n|-activate|p1a: Gengar|move: Protect\n|\n|-start|p2b: Beedrill|perish2\n|-start|p1a: Gengar|perish2\n|-start|p1b: Incineroar|perish2\n|-start|p2a: Kingambit|perish2\n|upkeep\n|turn|3\n|inactive|amigomalamar has 30 seconds left.\n|\n|t:|1776003515\n|switch|p1a: Kingambit|Kingambit, L50, M|100/100\n|move|p2b: Beedrill|U-turn|p1b: Incineroar\n|-damage|p1b: Incineroar|65/100\n|\n|t:|1776003524\n|switch|p2b: Excadrill|Excadrill, L50, M|100/100|[from] U-turn\n|move|p1b: Incineroar|Parting Shot|p2b: Excadrill\n|-unboost|p2b: Excadrill|atk|1\n|-unboost|p2b: Excadrill|spa|1\n|\n|t:|1776003530\n|switch|p1b: Gengar|Gengar-Mega, L50, F|100/100|[from] Parting Shot\n|move|p2a: Kingambit|Kowtow Cleave|p1a: Kingambit\n|-resisted|p1a: Kingambit|1\n|-damage|p1a: Kingambit|70/100\n|\n|-start|p2a: Kingambit|perish1\n|upkeep\n|turn|4\n|\n|t:|1776003541\n|move|p1b: Gengar|Protect|p1b: Gengar\n|-singleturn|p1b: Gengar|Protect\n|move|p1a: Kingambit|Protect|p1a: Kingambit\n|-singleturn|p1a: Kingambit|Protect\n|move|p2b: Excadrill|High Horsepower|p1b: Gengar\n|-activate|p1b: Gengar|move: Protect\n|move|p2a: Kingambit|Low Kick|p1a: Kingambit\n|-activate|p1a: Kingambit|move: Protect\n|\n|-start|p2a: Kingambit|perish0\n|faint|p2a: Kingambit\n|upkeep\n|\n|t:|1776003547\n|switch|p2a: Tyranitar|Tyranitar, L50, F|100/100\n|-weather|Sandstorm|[from] ability: Sand Stream|[of] p2a: Tyranitar\n|turn|5\n|\n|t:|1776003556\n|switch|p1b: Incineroar|Incineroar, L50, M|65/100\n|-ability|p1b: Incineroar|Intimidate|boost\n|-unboost|p2a: Tyranitar|atk|1\n|-unboost|p2b: Excadrill|atk|1\n|move|p2b: Excadrill|High Horsepower|p1b: Incineroar\n|-supereffective|p1b: Incineroar|1\n|-enditem|p1b: Incineroar|Shuca Berry|[eat]\n|-enditem|p1b: Incineroar|Shuca Berry|[weaken]\n|-damage|p1b: Incineroar|41/100\n|move|p2a: Tyranitar|Low Kick|p1a: Kingambit\n|-supereffective|p1a: Kingambit|2\n|-enditem|p1a: Kingambit|Chople Berry|[eat]\n|-enditem|p1a: Kingambit|Chople Berry|[weaken]\n|-damage|p1a: Kingambit|31/100\n|move|p1a: Kingambit|Low Kick|p2a: Tyranitar\n|-supereffective|p2a: Tyranitar|2\n|-damage|p2a: Tyranitar|0 fnt\n|faint|p2a: Tyranitar\n|\n|-weather|Sandstorm|[upkeep]\n|-damage|p1b: Incineroar|35/100|[from] Sandstorm\n|upkeep\n|\n|t:|1776003567\n|switch|p2a: Beedrill|Beedrill-Mega, L50, F, shiny|100/100\n|turn|6\n|\n|t:|1776003575\n|move|p2b: Excadrill|Protect|p2b: Excadrill\n|-singleturn|p2b: Excadrill|Protect\n|move|p1a: Kingambit|Protect|p1a: Kingambit\n|-singleturn|p1a: Kingambit|Protect\n|move|p2a: Beedrill|Lunge|p1a: Kingambit\n|-activate|p1a: Kingambit|move: Protect\n|move|p1b: Incineroar|Parting Shot|p2a: Beedrill\n|-unboost|p2a: Beedrill|atk|1\n|-unboost|p2a: Beedrill|spa|1\n|\n|t:|1776003583\n|switch|p1b: Gengar|Gengar-Mega, L50, F|100/100|[from] Parting Shot\n|\n|-weather|Sandstorm|[upkeep]\n|-damage|p2a: Beedrill|95/100|[from] Sandstorm\n|-damage|p1b: Gengar|95/100|[from] Sandstorm\n|upkeep\n|turn|7\n|\n|t:|1776003595\n|move|p2b: Excadrill|High Horsepower|p1b: Gengar\n|-supereffective|p1b: Gengar|1\n|-damage|p1b: Gengar|24/100\n|move|p2a: Beedrill|Lunge|p1a: Kingambit\n|-damage|p1a: Kingambit|0 fnt\n|faint|p1a: Kingambit\n|move|p1b: Gengar|Perish Song|p1b: Gengar\n|-start|p1b: Gengar|perish3|[silent]\n|-start|p2a: Beedrill|perish3|[silent]\n|-start|p2b: Excadrill|perish3|[silent]\n|-fieldactivate|move: Perish Song\n|\n|-weather|Sandstorm|[upkeep]\n|-damage|p2a: Beedrill|89/100|[from] Sandstorm\n|-damage|p1b: Gengar|18/100|[from] Sandstorm\n|-start|p2b: Excadrill|perish3\n|-start|p2a: Beedrill|perish3\n|-start|p1b: Gengar|perish3\n|upkeep\n|-message|Braute forfeited.\n|\n|win|amigomalamar\n|raw|amigomalamar's rating: 1156 &rarr; <strong>1180</strong><br />(+24 for winning)\n|raw|Braute's rating: 1140 &rarr; <strong>1116</strong><br />(-24 for losing)\n",
  "uploadtime": 1776003603,
  "views": 38,
  "formatid": "gen9championsvgc2026regma",
  "rating": 1116,
  "private": 0,
  "password": null
}