{
  "id": "gen9championsvgc2026regma-2582586034",
  "format": "[Gen 9 Champions] VGC 2026 Reg M-A",
  "players": [
    "gimwepaw",
    "Jackalope11"
  ],
  "log": "|j|\u2606gimwepaw\n|j|\u2606Jackalope11\n|html|<table width=\"100%\"><tr><td align=\"left\">gimwepaw</td><td align=\"right\">Jackalope11</tr><tr><td align=\"left\"><i class=\"fa fa-circle-o\"></i> <i class=\"fa fa-circle-o\"></i> </td><td align=\"right\"><i class=\"fa fa-circle-o\"></i> <i class=\"fa fa-circle-o\"></i> </tr></table>\n|uhtml|bestof|<h2><strong>Game 1</strong> of <a href=\"/game-bestof3-gen9championsvgc2026regma-2582586033\">a best-of-3</a></h2>\n|t:|1776100995\n|gametype|doubles\n|player|p1|gimwepaw|2|\n|player|p2|Jackalope11|1|\n|gen|9\n|tier|[Gen 9 Champions] VGC 2026 Reg M-A\n|rule|Species Clause: Limit one of each Pok\u00e9mon\n|rule|Item Clause: Limit 1 of each item\n|raw|<div class=\"infobox\"><details class=\"readmore\" open><summary><strong>1 custom rule:</strong></summary> Best of = 3</details></div>\n|clearpoke\n|poke|p1|Venusaur, L50, F|\n|poke|p1|Arcanine, L50, F|\n|poke|p1|Rotom-Wash, L50|\n|poke|p1|Garchomp, L50, M|\n|poke|p1|Corviknight, L50, M|\n|poke|p1|Sneasler, L50, F|\n|poke|p2|Garchomp, L50, M|\n|poke|p2|Rotom-Wash, L50|\n|poke|p2|Talonflame, L50, M|\n|poke|p2|Sinistcha, L50|\n|poke|p2|Tyranitar, L50, F|\n|poke|p2|Aegislash, L50, M|\n|teampreview|4\ngimwepaw has agreed to open team sheets.\n|c|\u2606gimwepaw|OPEN THE SHEETS\n|c|\u2606gimwepaw|Unless u don\u2019t want to\n|c|\u2606Jackalope11|what if i got something decious\n|c|\u2606Jackalope11|devious\n|c|\u2606gimwepaw|Fine\n|\n|t:|1776101101\n|teamsize|p1|4\n|teamsize|p2|4\n|start\n|switch|p1a: Venusaur|Venusaur, L50, F|100/100\n|switch|p1b: Arcanine|Arcanine, L50, F|100/100\n|switch|p2a: Garchomp|Garchomp, L50, M|100/100\n|switch|p2b: Talonflame|Talonflame, L50, M|100/100\n|-ability|p1b: Arcanine|Intimidate|boost\n|-unboost|p2a: Garchomp|atk|1\n|-unboost|p2b: Talonflame|atk|1\n|turn|1\n|inactive|Battle timer is ON: inactive players will automatically lose when time's up. (requested by gimwepaw)\n|\n|t:|1776101117\n|detailschange|p1a: Venusaur|Venusaur-Mega, L50, F\n|-mega|p1a: Venusaur|Venusaur|Venusaurite\n|move|p2b: Talonflame|Brave Bird|p1a: Venusaur\n|-supereffective|p1a: Venusaur|1\n|-damage|p1a: Venusaur|55/100\n|-damage|p2b: Talonflame|82/100|[from] Recoil\n|move|p1b: Arcanine|Will-O-Wisp|p2a: Garchomp\n|-status|p2a: Garchomp|brn\n|move|p2a: Garchomp|Earthquake|p1b: Arcanine|[spread] p1a,p1b\n|-immune|p2b: Talonflame\n|-supereffective|p1b: Arcanine|1\n|-damage|p1a: Venusaur|43/100\n|-damage|p1b: Arcanine|69/100\n|move|p1a: Venusaur|Sludge Bomb|p2b: Talonflame\n|-damage|p2b: Talonflame|20/100\n|-status|p2b: Talonflame|psn\n|\n|-damage|p2b: Talonflame|8/100 psn|[from] psn\n|-damage|p2a: Garchomp|95/100 brn|[from] brn\n|upkeep\n|turn|2\n|inactive|gimwepaw has 30 seconds left.\n|inactive|Jackalope11 has 30 seconds left.\n|inactive|gimwepaw has 20 seconds left.\n|\n|t:|1776101154\n|move|p1a: Venusaur|Protect|p1a: Venusaur\n|-singleturn|p1a: Venusaur|Protect\n|move|p2b: Talonflame|Tailwind|p2b: Talonflame\n|-sidestart|p2: Jackalope11|move: Tailwind\n|move|p2a: Garchomp|Earthquake|p1b: Arcanine|[spread] p1b\n|-activate|p1a: Venusaur|move: Protect\n|-immune|p2b: Talonflame\n|-supereffective|p1b: Arcanine|1\n|-damage|p1b: Arcanine|38/100\n|-enditem|p1b: Arcanine|Sitrus Berry|[eat]\n|-heal|p1b: Arcanine|63/100|[from] item: Sitrus Berry\n|move|p1b: Arcanine|Flare Blitz|p2a: Garchomp\n|-resisted|p2a: Garchomp|1\n|-damage|p2a: Garchomp|73/100 brn\n|-damage|p1b: Arcanine|55/100|[from] Recoil\n|\n|-damage|p2b: Talonflame|0 fnt|[from] psn\n|faint|p2b: Talonflame\n|-damage|p2a: Garchomp|67/100 brn|[from] brn\n|upkeep\n|\n|t:|1776101175\n|switch|p2b: Tyranitar|Tyranitar, L50, F|100/100\n|-weather|Sandstorm|[from] ability: Sand Stream|[of] p2b: Tyranitar\n|turn|3\n|\n|t:|1776101196\n|switch|p1b: Corviknight|Corviknight, L50, M|100/100\n|detailschange|p2b: Tyranitar|Tyranitar-Mega, L50, F\n|-mega|p2b: Tyranitar|Tyranitar|Tyranitarite\n|move|p2a: Garchomp|Earthquake|p1b: Corviknight|[spread] p2b,p1a\n|-immune|p1b: Corviknight\n|-supereffective|p2b: Tyranitar|1\n|-damage|p2b: Tyranitar|82/100\n|-damage|p1a: Venusaur|33/100\n|move|p2b: Tyranitar|Rock Slide|p1a: Venusaur|[spread] p1a,p1b\n|-damage|p1a: Venusaur|3/100\n|-damage|p1b: Corviknight|69/100\n|move|p1a: Venusaur|Giga Drain|p2b: Tyranitar\n|-supereffective|p2b: Tyranitar|1\n|-damage|p2b: Tyranitar|44/100\n|-heal|p1a: Venusaur|21/100|[from] drain|[of] p2b: Tyranitar\n|\n|-weather|Sandstorm|[upkeep]\n|-damage|p1a: Venusaur|15/100|[from] Sandstorm\n|-heal|p1b: Corviknight|75/100|[from] item: Leftovers\n|-damage|p2a: Garchomp|61/100 brn|[from] brn\n|upkeep\n|turn|4\n|inactive|gimwepaw has 30 seconds left.\n|\n|t:|1776101224\n|move|p1a: Venusaur|Protect|p1a: Venusaur\n|-singleturn|p1a: Venusaur|Protect\n|move|p2a: Garchomp|Rock Slide|p1a: Venusaur|[spread] p1b\n|-activate|p1a: Venusaur|move: Protect\n|-damage|p1b: Corviknight|70/100\n|move|p2b: Tyranitar|Knock Off|p1b: Corviknight\n|-damage|p1b: Corviknight|17/100\n|-enditem|p1b: Corviknight|Leftovers|[from] move: Knock Off|[of] p2b: Tyranitar\n|move|p1b: Corviknight|Iron Head|p2b: Tyranitar\n|-supereffective|p2b: Tyranitar|1\n|-damage|p2b: Tyranitar|4/100\n|\n|-weather|Sandstorm|[upkeep]\n|-damage|p1a: Venusaur|9/100|[from] Sandstorm\n|-damage|p2a: Garchomp|55/100 brn|[from] brn\n|upkeep\n|turn|5\n|inactive|gimwepaw has 30 seconds left.\n|\n|t:|1776101252\n|switch|p1a: Garchomp|Garchomp, L50, M|100/100\n|move|p1b: Corviknight|Protect|p1b: Corviknight\n|-singleturn|p1b: Corviknight|Protect\n|move|p2a: Garchomp|Rock Slide|p1b: Corviknight|[spread] \n|-activate|p1b: Corviknight|move: Protect\n|-miss|p2a: Garchomp|p1a: Garchomp\n|move|p2b: Tyranitar|Rock Slide|p1b: Corviknight|[spread] p1a\n|-activate|p1b: Corviknight|move: Protect\n|-resisted|p1a: Garchomp|1\n|-damage|p1a: Garchomp|81/100\n|\n|-weather|Sandstorm|[upkeep]\n|-damage|p2a: Garchomp|49/100 brn|[from] brn\n|-sideend|p2: Jackalope11|move: Tailwind\n|upkeep\n|turn|6\n|\n|t:|1776101271\n|move|p1a: Garchomp|Earthquake|p2a: Garchomp|[spread] p2a,p2b\n|-immune|p1b: Corviknight\n|-supereffective|p2b: Tyranitar|1\n|-damage|p2a: Garchomp|17/100 brn\n|-damage|p2b: Tyranitar|0 fnt\n|faint|p2b: Tyranitar\n|move|p2a: Garchomp|Rock Slide|p1b: Corviknight|[spread] p1b\n|-miss|p2a: Garchomp|p1a: Garchomp\n|-damage|p1b: Corviknight|12/100\n|move|p1b: Corviknight|Tailwind|p1b: Corviknight\n|-sidestart|p1: gimwepaw|move: Tailwind\n|\n|-weather|Sandstorm|[upkeep]\n|-damage|p2a: Garchomp|11/100 brn|[from] brn\n|upkeep\n|\n|t:|1776101281\n|switch|p2b: Rotom|Rotom-Wash, L50|100/100\n|turn|7\n|\n|t:|1776101292\n|move|p1a: Garchomp|Dragon Claw|p2b: Rotom\n|-damage|p2b: Rotom|53/100\n|move|p2b: Rotom|Trick|p1a: Garchomp\n|-activate|p2b: Rotom|move: Trick|[of] p1a: Garchomp\n|-item|p1a: Garchomp|Choice Scarf|[from] move: Trick\n|-item|p2b: Rotom|White Herb|[from] move: Trick\n|move|p1b: Corviknight|Iron Head|p2a: Garchomp\n|-crit|p2a: Garchomp\n|-damage|p2a: Garchomp|0 fnt\n|faint|p2a: Garchomp\n|\n|-weather|none\n|upkeep\n|turn|8\n|\n|t:|1776101307\n|move|p1a: Garchomp|Dragon Claw|p2b: Rotom\n|-damage|p2b: Rotom|7/100\n|move|p1b: Corviknight|Brave Bird|p2b: Rotom\n|-resisted|p2b: Rotom|1\n|-damage|p2b: Rotom|0 fnt\n|faint|p2b: Rotom\n|-damage|p1b: Corviknight|10/100|[from] Recoil\n|\n|win|gimwepaw\n|l|\u2606Jackalope11\n|player|p2|\n||gimwepaw is ready for game 2.\n|inactive|Jackalope11 has 30 seconds to confirm battle start!\n||Jackalope11 is ready for game 2.\n|uhtml|next|Next: <a href=\"/battle-gen9championsvgc2026regma-2582591315\"><strong>Game 2 of 3</strong></a>\n",
  "uploadtime": 1776101653,
  "views": 13,
  "formatid": "gen9championsvgc2026regma",
  "rating": null,
  "private": 0,
  "password": null
}