{
  "id": "gen9championsvgc2026regma-2582072433",
  "format": "[Gen 9 Champions] VGC 2026 Reg M-A",
  "players": [
    "funny fish place!",
    "SloaneRegard"
  ],
  "log": "|j|\u2606funny fish place!\n|j|\u2606SloaneRegard\n|t:|1776054457\n|gametype|doubles\n|player|p1|funny fish place!|guitarist|1093\n|player|p2|SloaneRegard|265|1067\n|gen|9\n|tier|[Gen 9 Champions] VGC 2026 Reg M-A\n|rated|\n|rule|Species Clause: Limit one of each Pok\u00e9mon\n|rule|Item Clause: Limit 1 of each item\n|clearpoke\n|poke|p1|Manectric, L50, M|\n|poke|p1|Ninetales-Alola, L50, M|\n|poke|p1|Sinistcha, L50|\n|poke|p1|Ceruledge, L50, M|\n|poke|p1|Corviknight, L50, F|\n|poke|p1|Hydreigon, L50, F|\n|poke|p2|Drampa, L50, M|\n|poke|p2|Archaludon, L50, M|\n|poke|p2|Pelipper, L50, M|\n|poke|p2|Farigiraf, L50, F|\n|poke|p2|Sinistcha, L50|\n|poke|p2|Incineroar, L50, F|\n|teampreview|4\n|l|\u2606funny fish place!\n|player|p1|\n|j|\u2606funny fish place!\n|player|p1|funny fish place!|guitarist|\n|inactive|Battle timer is ON: inactive players will automatically lose when time's up. (requested by funny fish place!)\n|\n|t:|1776054560\n|teamsize|p1|4\n|teamsize|p2|4\n|start\n|switch|p1a: Manectric|Manectric, L50, M|100/100\n|switch|p1b: Corviknight|Corviknight, L50, F|100/100\n|switch|p2a: Pelipper|Pelipper, L50, M|100/100\n|switch|p2b: Archaludon|Archaludon, L50, M|100/100\n|-weather|RainDance|[from] ability: Drizzle|[of] p2a: Pelipper\n|turn|1\n|inactive|SloaneRegard has 30 seconds left.\n|inactive|SloaneRegard has 20 seconds left.\n|inactive|SloaneRegard has 15 seconds left.\n|\n|t:|1776054602\n|move|p1a: Manectric|Thunderbolt|p2a: Pelipper\n|-supereffective|p2a: Pelipper|2\n|-enditem|p2a: Pelipper|Focus Sash\n|-damage|p2a: Pelipper|1/100\n|move|p2b: Archaludon|Draco Meteor|p1a: Manectric\n|-damage|p1a: Manectric|0 fnt\n|-unboost|p2b: Archaludon|spa|2\n|faint|p1a: Manectric\n|-enditem|p2b: Archaludon|White Herb\n|-clearnegativeboost|p2b: Archaludon|[silent]\n|move|p2a: Pelipper|Weather Ball|p1b: Corviknight\n|-damage|p1b: Corviknight|52/100\n|move|p1b: Corviknight|Bulk Up|p1b: Corviknight\n|-boost|p1b: Corviknight|atk|1\n|-boost|p1b: Corviknight|def|1\n|\n|-weather|RainDance|[upkeep]\n|upkeep\n|c|\u2606funny fish place!|Well played you knew\n|\n|t:|1776054619\n|switch|p1a: Ninetales|Ninetales-Alola, L50, M|100/100\n|-weather|Snowscape|[from] ability: Snow Warning|[of] p1a: Ninetales\n|turn|2\n|c|\u2606funny fish place!|White herb wait\n|c|\u2606funny fish place!|That's good\n|c|\u2606funny fish place!|I'm taking that\n|inactive|funny fish place! has 30 seconds left.\n|\n|t:|1776054646\n|switch|p1a: Ceruledge|Ceruledge, L50, M|100/100\n|switch|p2a: Incineroar|Incineroar, L50, F|100/100\n|-ability|p2a: Incineroar|Intimidate|boost\n|-unboost|p1a: Ceruledge|atk|1\n|-ability|p1b: Corviknight|Mirror Armor\n|-unboost|p2a: Incineroar|atk|1\n|-enditem|p1a: Ceruledge|White Herb\n|-clearnegativeboost|p1a: Ceruledge|[silent]\n|move|p2b: Archaludon|Flash Cannon|p1a: Ceruledge\n|-resisted|p1a: Ceruledge|1\n|-damage|p1a: Ceruledge|81/100\n|move|p1b: Corviknight|Iron Head|p2a: Incineroar\n|-resisted|p2a: Incineroar|1\n|-damage|p2a: Incineroar|79/100\n|\n|-weather|Snowscape|[upkeep]\n|-heal|p2a: Incineroar|85/100|[from] item: Leftovers\n|upkeep\n|turn|3\n|inactive|funny fish place! has 30 seconds left.\n|inactive|SloaneRegard has 30 seconds left.\n|inactive|funny fish place! has 20 seconds left.\n|inactive|SloaneRegard has 20 seconds left.\n|inactive|SloaneRegard has 15 seconds left.\n|inactive|SloaneRegard has 10 seconds left.\n|inactive|funny fish place! has 15 seconds left.\n|inactive|funny fish place! has 10 seconds left.\n|\n|t:|1776054703\n|move|p2a: Incineroar|Fake Out|p1b: Corviknight\n|-resisted|p1b: Corviknight|1\n|-damage|p1b: Corviknight|49/100\n|move|p1a: Ceruledge|Bitter Blade|p2b: Archaludon\n|-damage|p2b: Archaludon|65/100\n|-heal|p1a: Ceruledge|99/100|[from] drain|[of] p2b: Archaludon\n|-ability|p2b: Archaludon|Stamina|boost\n|-boost|p2b: Archaludon|def|1\n|move|p2b: Archaludon|Draco Meteor|p1a: Ceruledge\n|-damage|p1a: Ceruledge|45/100\n|-unboost|p2b: Archaludon|spa|2\n|cant|p1b: Corviknight|flinch\n|\n|-weather|Snowscape|[upkeep]\n|-heal|p2a: Incineroar|91/100|[from] item: Leftovers\n|upkeep\n|turn|4\n|inactive|SloaneRegard has 30 seconds left.\n|inactive|funny fish place! has 30 seconds left.\n|inactive|SloaneRegard has 20 seconds left.\n|\n|t:|1776054739\n|switch|p2b: Farigiraf|Farigiraf, L50, F|100/100\n|move|p1a: Ceruledge|Swords Dance|p1a: Ceruledge\n|-boost|p1a: Ceruledge|atk|2\n|move|p1b: Corviknight|Brave Bird|p2a: Incineroar\n|-damage|p2a: Incineroar|22/100\n|-damage|p1b: Corviknight|23/100|[from] Recoil\n|move|p2a: Incineroar|Parting Shot|p1a: Ceruledge\n|-unboost|p1a: Ceruledge|atk|1\n|-unboost|p1a: Ceruledge|spa|1\n|\n|t:|1776054757\n|switch|p2a: Pelipper|Pelipper, L50, M|1/100|[from] Parting Shot\n|-weather|RainDance|[from] ability: Drizzle|[of] p2a: Pelipper\n|\n|-weather|RainDance|[upkeep]\n|upkeep\n|turn|5\n|inactive|SloaneRegard has 30 seconds left.\n|\n|t:|1776054784\n|move|p1a: Ceruledge|Protect|p1a: Ceruledge\n|-singleturn|p1a: Ceruledge|Protect\n|move|p2a: Pelipper|Weather Ball|p1a: Ceruledge\n|-activate|p1a: Ceruledge|move: Protect\n|move|p1b: Corviknight|Roost|p1b: Corviknight\n|-heal|p1b: Corviknight|73/100\n|-singleturn|p1b: Corviknight|move: Roost\n|move|p2b: Farigiraf|Trick Room|p2b: Farigiraf\n|-fieldstart|move: Trick Room|[of] p2b: Farigiraf\n|\n|-weather|RainDance|[upkeep]\n|upkeep\n|turn|6\n|inactive|SloaneRegard has 30 seconds left.\n|\n|t:|1776054819\n|switch|p2b: Archaludon|Archaludon, L50, M|65/100\n|move|p1b: Corviknight|Iron Head|p2a: Pelipper\n|-resisted|p2a: Pelipper|1\n|-damage|p2a: Pelipper|0 fnt\n|faint|p2a: Pelipper\n|move|p1a: Ceruledge|Swords Dance|p1a: Ceruledge\n|-boost|p1a: Ceruledge|atk|2\n|\n|-weather|RainDance|[upkeep]\n|upkeep\n|\n|t:|1776054838\n|switch|p2a: Incineroar|Incineroar, L50, F|22/100\n|-ability|p2a: Incineroar|Intimidate|boost\n|-unboost|p1a: Ceruledge|atk|1\n|-ability|p1b: Corviknight|Mirror Armor\n|-unboost|p2a: Incineroar|atk|1\n|turn|7\n|\n|t:|1776054857\n|switch|p1b: Ninetales|Ninetales-Alola, L50, M|100/100\n|-weather|Snowscape|[from] ability: Snow Warning|[of] p1b: Ninetales\n|move|p2a: Incineroar|Fake Out|p1a: Ceruledge\n|-immune|p1a: Ceruledge\n|move|p2b: Archaludon|Electro Shot||[still]\n|-prepare|p2b: Archaludon|Electro Shot\n|-boost|p2b: Archaludon|spa|1\n|move|p1a: Ceruledge|Bitter Blade|p2b: Archaludon\n|-damage|p2b: Archaludon|0 fnt\n|-heal|p1a: Ceruledge|80/100|[from] drain|[of] p2b: Archaludon\n|faint|p2b: Archaludon\n|\n|-weather|Snowscape|[upkeep]\n|-heal|p2a: Incineroar|28/100|[from] item: Leftovers\n|upkeep\n|\n|t:|1776054874\n|switch|p2b: Farigiraf|Farigiraf, L50, F|100/100\n|turn|8\n|inactive|SloaneRegard has 30 seconds left.\n|inactive|SloaneRegard has 20 seconds left.\n|inactive|SloaneRegard has 15 seconds left.\n|\n|t:|1776054916\n|move|p1a: Ceruledge|Protect|p1a: Ceruledge\n|-singleturn|p1a: Ceruledge|Protect\n|move|p2a: Incineroar|Darkest Lariat|p1a: Ceruledge\n|-activate|p1a: Ceruledge|move: Protect\n|move|p2b: Farigiraf|Psychic|p1a: Ceruledge\n|-activate|p1a: Ceruledge|move: Protect\n|move|p1b: Ninetales|Aurora Veil|p1b: Ninetales\n|-sidestart|p1: funny fish place!|move: Aurora Veil\n|\n|-weather|Snowscape|[upkeep]\n|-heal|p2a: Incineroar|34/100|[from] item: Leftovers\n|upkeep\n|turn|9\n|inactive|funny fish place! has 30 seconds left.\n|\n|t:|1776054948\n|move|p2b: Farigiraf|Helping Hand|p2a: Incineroar\n|-singleturn|p2a: Incineroar|Helping Hand|[of] p2b: Farigiraf\n|move|p1a: Ceruledge|Protect|p1a: Ceruledge\n|-singleturn|p1a: Ceruledge|Protect\n|move|p2a: Incineroar|Darkest Lariat|p1a: Ceruledge\n|-activate|p1a: Ceruledge|move: Protect\n|move|p1b: Ninetales|Nasty Plot|p1b: Ninetales\n|-boost|p1b: Ninetales|spa|2\n|\n|-weather|Snowscape|[upkeep]\n|-heal|p2a: Incineroar|40/100|[from] item: Leftovers\n|-fieldend|move: Trick Room\n|upkeep\n|turn|10\n|inactive|SloaneRegard has 30 seconds left.\n|\n|t:|1776054981\n|move|p2b: Farigiraf|Helping Hand|p2a: Incineroar\n|-singleturn|p2a: Incineroar|Helping Hand|[of] p2b: Farigiraf\n|move|p1b: Ninetales|Blizzard|p2b: Farigiraf|[spread] p2a,p2b\n|-resisted|p2a: Incineroar|1\n|-crit|p2b: Farigiraf\n|-damage|p2a: Incineroar|13/100\n|-damage|p2b: Farigiraf|12/100\n|move|p1a: Ceruledge|Bitter Blade|p2b: Farigiraf\n|-damage|p2b: Farigiraf|0 fnt\n|-heal|p1a: Ceruledge|88/100|[from] drain|[of] p2b: Farigiraf\n|faint|p2b: Farigiraf\n|move|p2a: Incineroar|Darkest Lariat|p1a: Ceruledge\n|-supereffective|p1a: Ceruledge|1\n|-damage|p1a: Ceruledge|35/100\n|\n|-weather|Snowscape|[upkeep]\n|-heal|p2a: Incineroar|19/100|[from] item: Leftovers\n|upkeep\n|turn|11\n|\n|t:|1776054999\n|move|p1a: Ceruledge|Shadow Sneak|p2a: Incineroar\n|-resisted|p2a: Incineroar|1\n|-crit|p2a: Incineroar\n|-damage|p2a: Incineroar|0 fnt\n|faint|p2a: Incineroar\n|\n|win|funny fish place!\n|raw|funny fish place!'s rating: 1093 &rarr; <strong>1117</strong><br />(+24 for winning)\n|raw|SloaneRegard's rating: 1067 &rarr; <strong>1048</strong><br />(-19 for losing)\n|c|\u2606funny fish place!|GGs you got a good team\n",
  "uploadtime": 1776055025,
  "views": 34,
  "formatid": "gen9championsvgc2026regma",
  "rating": 1048,
  "private": 0,
  "password": null
}