{
  "id": "gen9championsvgc2026regma-2581993969",
  "format": "[Gen 9 Champions] VGC 2026 Reg M-A",
  "players": [
    "SwirledX",
    "oidepusscuss"
  ],
  "log": "|j|\u2606SwirledX\n|j|\u2606oidepusscuss\n|t:|1776046508\n|gametype|doubles\n|player|p1|SwirledX|102|1074\n|player|p2|oidepusscuss|169|1129\n|gen|9\n|tier|[Gen 9 Champions] VGC 2026 Reg M-A\n|rated|\n|rule|Species Clause: Limit one of each Pok\u00e9mon\n|rule|Item Clause: Limit 1 of each item\n|clearpoke\n|poke|p1|Charizard, L50, F|\n|poke|p1|Venusaur, L50, F|\n|poke|p1|Garchomp, L50, M|\n|poke|p1|Rotom-Wash, L50|\n|poke|p1|Sneasler, L50, M|\n|poke|p1|Incineroar, L50, F|\n|poke|p2|Altaria, L50, F|\n|poke|p2|Gengar, L50, M|\n|poke|p2|Sinistcha, L50|\n|poke|p2|Incineroar, L50, M|\n|poke|p2|Tyranitar, L50, F|\n|poke|p2|Kommo-o, L50, F|\n|teampreview|4\nSwirledX has agreed to open team sheets.\n|\n|t:|1776046559\n|teamsize|p1|4\n|teamsize|p2|4\n|start\n|switch|p1a: Sneasler|Sneasler, L50, M|100/100\n|switch|p1b: Rotom|Rotom-Wash, L50|100/100\n|switch|p2a: Altaria|Altaria, L50, F|100/100\n|switch|p2b: Gengar|Gengar, L50, M|100/100\n|-ability|p2a: Altaria|Cloud Nine\n|turn|1\n|\n|t:|1776046609\n|detailschange|p2b: Gengar|Gengar-Mega, L50, M\n|-mega|p2b: Gengar|Gengar|Gengarite\n|move|p1a: Sneasler|Fake Out|p2a: Altaria\n|-damage|p2a: Altaria|88/100\n|move|p2b: Gengar|Perish Song|p2b: Gengar\n|-start|p1a: Sneasler|perish3|[silent]\n|-start|p1b: Rotom|perish3|[silent]\n|-start|p2a: Altaria|perish3|[silent]\n|-start|p2b: Gengar|perish3|[silent]\n|-fieldactivate|move: Perish Song\n|move|p1b: Rotom|Will-O-Wisp|p2b: Gengar\n|-status|p2b: Gengar|brn\n|cant|p2a: Altaria|flinch\n|\n|-damage|p2b: Gengar|95/100 brn|[from] brn\n|-start|p2b: Gengar|perish3\n|-start|p1a: Sneasler|perish3\n|-start|p1b: Rotom|perish3\n|-start|p2a: Altaria|perish3\n|upkeep\n|turn|2\n|inactive|Battle timer is ON: inactive players will automatically lose when time's up. (requested by oidepusscuss)\n|\n|t:|1776046688\n|move|p2b: Gengar|Substitute|p2b: Gengar\n|-start|p2b: Gengar|Substitute\n|-damage|p2b: Gengar|70/100 brn\n|move|p1a: Sneasler|Dire Claw|p2a: Altaria\n|-damage|p2a: Altaria|52/100\n|move|p1b: Rotom|Thunderbolt|p2b: Gengar\n|-end|p2b: Gengar|Substitute\n|move|p2a: Altaria|Will-O-Wisp|p1a: Sneasler\n|-status|p1a: Sneasler|brn\n|\n|-damage|p2b: Gengar|64/100 brn|[from] brn\n|-damage|p1a: Sneasler|95/100 brn|[from] brn\n|-start|p2b: Gengar|perish2\n|-start|p1a: Sneasler|perish2\n|-start|p1b: Rotom|perish2\n|-start|p2a: Altaria|perish2\n|upkeep\n|turn|3\n|inactive|SwirledX has 30 seconds left.\n|inactive|oidepusscuss has 30 seconds left.\n|inactive|SwirledX has 20 seconds left.\n|inactive|oidepusscuss has 20 seconds left.\n|inactive|oidepusscuss has 15 seconds left.\n|inactive|SwirledX has 15 seconds left.\n|\n|t:|1776046734\n|switch|p2a: Incineroar|Incineroar, L50, M|100/100\n|-ability|p2a: Incineroar|Intimidate|boost\n|-unboost|p1a: Sneasler|atk|1\n|-unboost|p1b: Rotom|atk|1\n|-enditem|p1a: Sneasler|White Herb\n|-clearnegativeboost|p1a: Sneasler|[silent]\n|move|p2b: Gengar|Protect|p2b: Gengar\n|-singleturn|p2b: Gengar|Protect\n|move|p1a: Sneasler|Dire Claw|p2a: Incineroar\n|-damage|p2a: Incineroar|84/100\n|move|p1b: Rotom|Thunderbolt|p2b: Gengar\n|-activate|p2b: Gengar|move: Protect\n|\n|-damage|p1a: Sneasler|89/100 brn|[from] brn\n|-damage|p2b: Gengar|58/100 brn|[from] brn\n|-start|p1a: Sneasler|perish1\n|-start|p2b: Gengar|perish1\n|-start|p1b: Rotom|perish1\n|upkeep\n|turn|4\n|inactive|SwirledX has 30 seconds left.\n|inactive|oidepusscuss has 30 seconds left.\n|inactive|SwirledX has 20 seconds left.\n|inactive|oidepusscuss has 20 seconds left.\n|inactive|SwirledX has 15 seconds left.\n|inactive|oidepusscuss has 15 seconds left.\n|\n|t:|1776046775\n|switch|p2b: Sinistcha|Sinistcha, L50|100/100\n|-heal|p2a: Incineroar|100/100|[from] ability: Hospitality|[of] p2b: Sinistcha\n|move|p2a: Incineroar|Fake Out|p1a: Sneasler\n|-damage|p1a: Sneasler|70/100 brn\n|cant|p1a: Sneasler|flinch\n|move|p1b: Rotom|Thunderbolt|p2a: Incineroar\n|-damage|p2a: Incineroar|73/100\n|\n|-damage|p1a: Sneasler|64/100 brn|[from] brn\n|-start|p1a: Sneasler|perish0\n|-start|p1b: Rotom|perish0\n|upkeep\n|faint|p1a: Sneasler\n|faint|p1b: Rotom\n|\n|t:|1776046786\n|switch|p1a: Charizard|Charizard, L50, F|100/100\n|switch|p1b: Garchomp|Garchomp, L50, M|100/100\n|turn|5\n|inactive|oidepusscuss has 30 seconds left.\n|inactive|oidepusscuss has 20 seconds left.\n|\n|t:|1776046827\n|detailschange|p1a: Charizard|Charizard-Mega-Y, L50, F\n|-mega|p1a: Charizard|Charizard|Charizardite Y\n|-weather|SunnyDay|[from] ability: Drought|[of] p1a: Charizard\n|move|p2b: Sinistcha|Protect|p2b: Sinistcha\n|-singleturn|p2b: Sinistcha|Protect\n|move|p1b: Garchomp|Rock Slide|p2a: Incineroar|[spread] p2a\n|-activate|p2b: Sinistcha|move: Protect\n|-supereffective|p2a: Incineroar|1\n|-damage|p2a: Incineroar|38/100\n|move|p1a: Charizard|Weather Ball|p2b: Sinistcha\n|-activate|p2b: Sinistcha|move: Protect\n|move|p2a: Incineroar|Parting Shot|p1b: Garchomp\n|-unboost|p1b: Garchomp|atk|1\n|-unboost|p1b: Garchomp|spa|1\n|\n|t:|1776046838\n|switch|p2a: Gengar|Gengar-Mega, L50, M|58/100 brn|[from] Parting Shot\n|\n|-weather|SunnyDay|[upkeep]\n|-damage|p2a: Gengar|52/100 brn|[from] brn\n|upkeep\n|turn|6\n|inactive|SwirledX has 30 seconds left.\n|inactive|oidepusscuss has 30 seconds left.\n|\n|t:|1776046865\n|move|p2b: Sinistcha|Rage Powder|p2b: Sinistcha\n|-singleturn|p2b: Sinistcha|move: Rage Powder\n|move|p1b: Garchomp|Rock Slide|p2a: Gengar|[spread] p2a\n|-miss|p1b: Garchomp|p2b: Sinistcha\n|-damage|p2a: Gengar|38/100 brn\n|move|p2a: Gengar|Perish Song|p2a: Gengar\n|-start|p1a: Charizard|perish3|[silent]\n|-start|p1b: Garchomp|perish3|[silent]\n|-start|p2a: Gengar|perish3|[silent]\n|-start|p2b: Sinistcha|perish3|[silent]\n|-fieldactivate|move: Perish Song\n|move|p1a: Charizard|Heat Wave|p2a: Gengar|[spread] p2a,p2b\n|-supereffective|p2b: Sinistcha|1\n|-damage|p2a: Gengar|0 fnt\n|-damage|p2b: Sinistcha|0 fnt\n|faint|p2a: Gengar\n|faint|p2b: Sinistcha\n|\n|-weather|SunnyDay|[upkeep]\n|-start|p1b: Garchomp|perish3\n|-start|p1a: Charizard|perish3\n|upkeep\n|\n|t:|1776046878\n|switch|p2a: Incineroar|Incineroar, L50, M|38/100\n|switch|p2b: Altaria|Altaria, L50, F|52/100\n|-ability|p2b: Altaria|Cloud Nine\n|-ability|p2a: Incineroar|Intimidate|boost\n|-unboost|p1a: Charizard|atk|1\n|-unboost|p1b: Garchomp|atk|1\n|turn|7\n|inactive|oidepusscuss has 30 seconds left.\n|\n|t:|1776046908\n|move|p2a: Incineroar|Fake Out|p1a: Charizard\n|-damage|p1a: Charizard|85/100\n|move|p1b: Garchomp|Rock Slide|p2a: Incineroar|[spread] p2a,p2b\n|-supereffective|p2a: Incineroar|1\n|-supereffective|p2b: Altaria|1\n|-damage|p2a: Incineroar|22/100\n|-damage|p2b: Altaria|34/100\n|cant|p1a: Charizard|flinch\n|move|p2b: Altaria|Roost|p2b: Altaria\n|-heal|p2b: Altaria|84/100\n|-singleturn|p2b: Altaria|move: Roost\n|\n|-weather|SunnyDay|[upkeep]\n|-start|p1b: Garchomp|perish2\n|-start|p1a: Charizard|perish2\n|upkeep\n|turn|8\n|inactive|oidepusscuss has 30 seconds left.\n|\n|t:|1776046937\n|move|p2b: Altaria|Protect|p2b: Altaria\n|-singleturn|p2b: Altaria|Protect\n|move|p2a: Incineroar|Protect|p2a: Incineroar\n|-singleturn|p2a: Incineroar|Protect\n|move|p1b: Garchomp|Rock Slide|p2b: Altaria|[spread] \n|-activate|p2a: Incineroar|move: Protect\n|-activate|p2b: Altaria|move: Protect\n|move|p1a: Charizard|Heat Wave|p2a: Incineroar|[spread] \n|-activate|p2a: Incineroar|move: Protect\n|-activate|p2b: Altaria|move: Protect\n|\n|-weather|SunnyDay|[upkeep]\n|-start|p1b: Garchomp|perish1\n|-start|p1a: Charizard|perish1\n|upkeep\n|turn|9\n|-message|SwirledX forfeited.\n|\n|win|oidepusscuss\n|raw|SwirledX's rating: 1074 &rarr; <strong>1056</strong><br />(-18 for losing)\n|raw|oidepusscuss's rating: 1129 &rarr; <strong>1150</strong><br />(+21 for winning)\n",
  "uploadtime": 1776046964,
  "views": 26,
  "formatid": "gen9championsvgc2026regma",
  "rating": 1056,
  "private": 0,
  "password": null
}