{
  "id": "gen9championsvgc2026regma-2581641841",
  "format": "[Gen 9 Champions] VGC 2026 Reg M-A",
  "players": [
    "mmanu_rodrigues",
    "bored_bones00"
  ],
  "log": "|j|\u2606mmanu_rodrigues\n|j|\u2606bored_bones00\n|t:|1776017324\n|gametype|doubles\n|player|p1|mmanu_rodrigues|dawn|1097\n|player|p2|bored_bones00|rosa|1195\n|gen|9\n|tier|[Gen 9 Champions] VGC 2026 Reg M-A\n|rated|\n|rule|Species Clause: Limit one of each Pok\u00e9mon\n|rule|Item Clause: Limit 1 of each item\n|clearpoke\n|poke|p1|Gengar, L50, M|\n|poke|p1|Incineroar, L50, F|\n|poke|p1|Rotom-Wash, L50|\n|poke|p1|Garchomp, L50, F|\n|poke|p1|Corviknight, L50, F|\n|poke|p1|Whimsicott, L50, F|\n|poke|p2|Froslass, L50, F|\n|poke|p2|Garchomp, L50, M|\n|poke|p2|Sneasler, L50, M|\n|poke|p2|Crabominable, L50, F|\n|poke|p2|Farigiraf, L50, M|\n|poke|p2|Incineroar, L50, F|\n|teampreview|4\n|inactive|Battle timer is ON: inactive players will automatically lose when time's up. (requested by mmanu_rodrigues)\nmmanu_rodrigues has agreed to open team sheets.\n|inactive|mmanu_rodrigues has 60 seconds left.\n|\n|t:|1776017366\n|teamsize|p1|4\n|teamsize|p2|4\n|start\n|switch|p1a: Whimsicott|Whimsicott, L50, F|100/100\n|switch|p1b: Gengar|Gengar, L50, M, shiny|100/100\n|switch|p2a: Incineroar|Incineroar, L50, F|100/100\n|switch|p2b: Froslass|Froslass, L50, F|100/100\n|-ability|p2a: Incineroar|Intimidate|boost\n|-unboost|p1a: Whimsicott|atk|1\n|-unboost|p1b: Gengar|atk|1\n|turn|1\n|\n|t:|1776017391\n|detailschange|p1b: Gengar|Gengar-Mega, L50, M, shiny\n|-mega|p1b: Gengar|Gengar|Gengarite\n|move|p2a: Incineroar|Fake Out|p1a: Whimsicott\n|-damage|p1a: Whimsicott|89/100\n|cant|p1a: Whimsicott|flinch\n|move|p1b: Gengar|Perish Song|p1b: Gengar\n|-start|p1a: Whimsicott|perish3|[silent]\n|-start|p1b: Gengar|perish3|[silent]\n|-start|p2a: Incineroar|perish3|[silent]\n|-start|p2b: Froslass|perish3|[silent]\n|-fieldactivate|move: Perish Song\n|move|p2b: Froslass|Thunderbolt|p1b: Gengar\n|-damage|p1b: Gengar|82/100\n|\n|-start|p1b: Gengar|perish3\n|-start|p2b: Froslass|perish3\n|-start|p1a: Whimsicott|perish3\n|-start|p2a: Incineroar|perish3\n|upkeep\n|turn|2\n|inactive|mmanu_rodrigues has 30 seconds left.\n|\n|t:|1776017425\n|move|p1a: Whimsicott|Protect|p1a: Whimsicott\n|-singleturn|p1a: Whimsicott|Protect\n|move|p1b: Gengar|Protect|p1b: Gengar\n|-singleturn|p1b: Gengar|Protect\n|move|p2b: Froslass|Will-O-Wisp|p1a: Whimsicott\n|-activate|p1a: Whimsicott|move: Protect\n|move|p2a: Incineroar|Parting Shot|p1b: Gengar\n|-activate|p1b: Gengar|move: Protect\n|\n|-start|p1b: Gengar|perish2\n|-start|p2b: Froslass|perish2\n|-start|p1a: Whimsicott|perish2\n|-start|p2a: Incineroar|perish2\n|upkeep\n|turn|3\n|\n|t:|1776017450\n|switch|p1b: Incineroar|Incineroar, L50, F|100/100\n|-ability|p1b: Incineroar|Intimidate|boost\n|-unboost|p2a: Incineroar|atk|1\n|-unboost|p2b: Froslass|atk|1\n|move|p2b: Froslass|Blizzard|p1b: Incineroar|[spread] p1a,p1b\n|-supereffective|p1a: Whimsicott|1\n|-resisted|p1b: Incineroar|1\n|-damage|p1a: Whimsicott|19/100\n|-damage|p1b: Incineroar|89/100\n|move|p1a: Whimsicott|U-turn|p2a: Incineroar\n|-crit|p2a: Incineroar\n|-damage|p2a: Incineroar|83/100\n|\n|t:|1776017461\n|switch|p1a: Gengar|Gengar-Mega, L50, M, shiny|82/100|[from] U-turn\n|move|p2a: Incineroar|Parting Shot|p1b: Incineroar\n|-unboost|p1b: Incineroar|atk|1\n|-unboost|p1b: Incineroar|spa|1\n|\n|t:|1776017470\n|switch|p2a: Farigiraf|Farigiraf, L50, M|100/100|[from] Parting Shot\n|\n|-start|p2b: Froslass|perish1\n|upkeep\n|turn|4\n|\n|t:|1776017488\n|switch|p2b: Incineroar|Incineroar, L50, F|83/100\n|-ability|p2b: Incineroar|Intimidate|boost\n|-unboost|p1a: Gengar|atk|1\n|-unboost|p1b: Incineroar|atk|1\n|move|p1a: Gengar|Protect|p1a: Gengar\n|-singleturn|p1a: Gengar|Protect\n|move|p1b: Incineroar|Fake Out||[still]\n|cant|p2a: Farigiraf|ability: Armor Tail|Fake Out|[of] p1b: Incineroar\n|move|p2a: Farigiraf|Trick Room|p2a: Farigiraf\n|-fieldstart|move: Trick Room|[of] p2a: Farigiraf\n|\n|upkeep\n|turn|5\n|c|\u2606mmanu_rodrigues|sorry what\n|inactive|mmanu_rodrigues has 30 seconds left.\n|inactive|bored_bones00 has 30 seconds left.\n|c|\u2606mmanu_rodrigues|i thought mega gengar being on the field would not let you change your pokemon\n|inactive|mmanu_rodrigues has 20 seconds left.\n|inactive|mmanu_rodrigues has 15 seconds left.\n|c|\u2606bored_bones00|ghost are immune to shadow tag\n|inactive|mmanu_rodrigues has 10 seconds left.\n|c|\u2606mmanu_rodrigues|oohhh\n|c|\u2606mmanu_rodrigues|i see\n|inactive|mmanu_rodrigues has 5 seconds left.\n|\n|t:|1776017541\n|move|p1b: Incineroar|Protect|p1b: Incineroar\n|-singleturn|p1b: Incineroar|Protect\n|move|p2a: Farigiraf|Psychic|p1a: Gengar\n|-supereffective|p1a: Gengar|1\n|-damage|p1a: Gengar|0 fnt\n|faint|p1a: Gengar\n|move|p2b: Incineroar|Parting Shot|p1b: Incineroar\n|-activate|p1b: Incineroar|move: Protect\n|\n|upkeep\n|\n|t:|1776017546\n|switch|p1a: Garchomp|Garchomp, L50, F|100/100\n|turn|6\n|c|\u2606bored_bones00|and parting shot can bypass it\n|\n|t:|1776017562\n|move|p1b: Incineroar|Parting Shot|p2a: Farigiraf\n|-unboost|p2a: Farigiraf|atk|1\n|-unboost|p2a: Farigiraf|spa|1\n|c|\u2606mmanu_rodrigues|yeah, the parting shot one i knew\n|c|\u2606mmanu_rodrigues|damn\n|c|\u2606mmanu_rodrigues|thats crazy\n|\n|t:|1776017571\n|switch|p1b: Whimsicott|Whimsicott, L50, F|19/100|[from] Parting Shot\n|move|p2a: Farigiraf|Hyper Voice|p1b: Whimsicott|[spread] p1a,p1b\n|-damage|p1a: Garchomp|83/100\n|-damage|p1b: Whimsicott|0 fnt\n|faint|p1b: Whimsicott\n|move|p2b: Incineroar|Parting Shot|p1a: Garchomp\n|-unboost|p1a: Garchomp|atk|1\n|-unboost|p1a: Garchomp|spa|1\n|c|\u2606mmanu_rodrigues|feeling real dumb here lol\n|\n|t:|1776017580\n|switch|p2b: Crabominable|Crabominable, L50, F|100/100|[from] Parting Shot\n|move|p1a: Garchomp|Earthquake|p2b: Crabominable|[spread] p2a,p2b\n|-damage|p2a: Farigiraf|79/100\n|-damage|p2b: Crabominable|67/100\n|\n|upkeep\n|\n|t:|1776017587\n|switch|p1b: Incineroar|Incineroar, L50, F|89/100\n|-ability|p1b: Incineroar|Intimidate|boost\n|-unboost|p2a: Farigiraf|atk|1\n|-fail|p2b: Crabominable|unboost|Attack|[from] ability: Hyper Cutter|[of] p2b: Crabominable\n|turn|7\n|inactive|bored_bones00 has 30 seconds left.\n|c|\u2606bored_bones00|is ok mons has a lot of weird obscure mechanics\n|\n|t:|1776017622\n|detailschange|p2b: Crabominable|Crabominable-Mega, L50, F\n|-mega|p2b: Crabominable|Crabominable|Crabominite\n|move|p1b: Incineroar|Fake Out||[still]\n|cant|p2a: Farigiraf|ability: Armor Tail|Fake Out|[of] p1b: Incineroar\n|move|p2b: Crabominable|Drain Punch|p1b: Incineroar\n|-supereffective|p1b: Incineroar|1\n|-damage|p1b: Incineroar|0 fnt\n|-heal|p2b: Crabominable|100/100|[from] drain|[of] p1b: Incineroar\n|faint|p1b: Incineroar\n|move|p2a: Farigiraf|Hyper Voice|p1a: Garchomp\n|-damage|p1a: Garchomp|59/100\n|move|p1a: Garchomp|Rock Slide|p2b: Crabominable|[spread] p2a,p2b\n|-damage|p2a: Farigiraf|67/100\n|-damage|p2b: Crabominable|89/100\n|\n|upkeep\n|turn|8\n|\n|t:|1776017640\n|switch|p2a: Incineroar|Incineroar, L50, F|83/100\n|-ability|p2a: Incineroar|Intimidate|boost\n|-unboost|p1a: Garchomp|atk|1\n|move|p2b: Crabominable|Ice Hammer|p1a: Garchomp\n|-supereffective|p1a: Garchomp|2\n|-damage|p1a: Garchomp|0 fnt\n|-unboost|p2b: Crabominable|spe|1\n|-damage|p2b: Crabominable|77/100|[from] ability: Rough Skin|[of] p1a: Garchomp\n|faint|p1a: Garchomp\n|\n|win|bored_bones00\n|raw|mmanu_rodrigues's rating: 1097 &rarr; <strong>1079</strong><br />(-18 for losing)\n|raw|bored_bones00's rating: 1195 &rarr; <strong>1213</strong><br />(+18 for winning)\n|c|\u2606mmanu_rodrigues|gg man\n|c|\u2606mmanu_rodrigues|nice one\n|c|\u2606bored_bones00|gg u2\n|l|\u2606mmanu_rodrigues\n|player|p1|\n",
  "uploadtime": 1776017654,
  "views": 15,
  "formatid": "gen9championsvgc2026regma",
  "rating": 1079,
  "private": 0,
  "password": null
}