{
  "id": "gen9championsvgc2026regma-2587701911",
  "format": "[Gen 9 Champions] VGC 2026 Reg M-A",
  "players": [
    "Extraseven",
    "Ay.lucian"
  ],
  "log": "|j|\u2606Extraseven\n|j|\u2606Ay.lucian\n|t:|1776555385\n|gametype|doubles\n|player|p1|Extraseven|proton|1145\n|player|p2|Ay.lucian|hiker-gen4|1072\n|gen|9\n|tier|[Gen 9 Champions] VGC 2026 Reg M-A\n|rated|\n|rule|Species Clause: Limit one of each Pok\u00e9mon\n|rule|Item Clause: Limit 1 of each item\n|clearpoke\n|poke|p1|Hatterene, L50, F|\n|poke|p1|Sinistcha, L50|\n|poke|p1|Incineroar, L50, M|\n|poke|p1|Crabominable, L50, F|\n|poke|p1|Farigiraf, L50, F|\n|poke|p1|Kingambit, L50, M|\n|poke|p2|Sinistcha-Masterpiece, L50|\n|poke|p2|Primarina, L50, F|\n|poke|p2|Politoed, L50, M|\n|poke|p2|Meganium, L50, F|\n|poke|p2|Tyranitar, L50, F|\n|poke|p2|Ninetales-Alola, L50, M|\n|teampreview|4\n|inactive|Battle timer is ON: inactive players will automatically lose when time's up. (requested by Extraseven)\n|inactive|Ay.lucian also wants the timer to be on.\nExtraseven has agreed to open team sheets.\n|inactive|Extraseven has 60 seconds left.\n|\n|t:|1776555420\n|teamsize|p1|4\n|teamsize|p2|4\n|start\n|switch|p1a: Crabominable|Crabominable, L50, F|100/100\n|switch|p1b: Farigiraf|Farigiraf, L50, F|100/100\n|switch|p2a: Ninetales|Ninetales-Alola, L50, M|100/100\n|switch|p2b: Primarina|Primarina, L50, F|100/100\n|-weather|Snowscape|[from] ability: Snow Warning|[of] p2a: Ninetales\n|turn|1\n|\n|t:|1776555436\n|detailschange|p1a: Crabominable|Crabominable-Mega, L50, F\n|-mega|p1a: Crabominable|Crabominable|Crabominite\n|move|p1a: Crabominable|Protect|p1a: Crabominable\n|-singleturn|p1a: Crabominable|Protect\n|move|p2a: Ninetales|Aurora Veil|p2a: Ninetales\n|-sidestart|p2: Ay.lucian|move: Aurora Veil\n|move|p2b: Primarina|Dazzling Gleam|p1a: Crabominable|[spread] p1b\n|-activate|p1a: Crabominable|move: Protect\n|-damage|p1b: Farigiraf|69/100\n|move|p1b: Farigiraf|Trick Room|p1b: Farigiraf\n|-fieldstart|move: Trick Room|[of] p1b: Farigiraf\n|\n|-weather|Snowscape|[upkeep]\n|upkeep\n|turn|2\n|\n|t:|1776555459\n|switch|p1a: Hatterene|Hatterene, L50, F|100/100\n|move|p1b: Farigiraf|Psychic|p2a: Ninetales\n|-damage|p2a: Ninetales|75/100\n|move|p2b: Primarina|Dazzling Gleam|p1a: Hatterene|[spread] p1a,p1b\n|-damage|p1a: Hatterene|76/100\n|-damage|p1b: Farigiraf|31/100\n|move|p2a: Ninetales|Dazzling Gleam|p1a: Hatterene|[spread] p1a,p1b\n|-damage|p1a: Hatterene|59/100\n|-damage|p1b: Farigiraf|8/100\n|\n|-weather|Snowscape|[upkeep]\n|upkeep\n|turn|3\n|\n|t:|1776555477\n|move|p1b: Farigiraf|Helping Hand|p1a: Hatterene\n|-singleturn|p1a: Hatterene|Helping Hand|[of] p1b: Farigiraf\n|move|p1a: Hatterene|Dazzling Gleam|p2b: Primarina|[spread] p2a,p2b\n|-damage|p2a: Ninetales|42/100\n|-damage|p2b: Primarina|74/100\n|move|p2b: Primarina|Hyper Voice|p1b: Farigiraf|[spread] p1a,p1b\n|-damage|p1a: Hatterene|22/100\n|-damage|p1b: Farigiraf|0 fnt\n|faint|p1b: Farigiraf\n|move|p2a: Ninetales|Blizzard|p1a: Hatterene\n|-damage|p1a: Hatterene|0 fnt\n|faint|p1a: Hatterene\n|\n|-weather|Snowscape|[upkeep]\n|upkeep\n|\n|t:|1776555484\n|switch|p1a: Sinistcha|Sinistcha, L50|100/100\n|switch|p1b: Crabominable|Crabominable-Mega, L50, F|100/100\n|turn|4\n|\n|t:|1776555504\n|move|p1b: Crabominable|Rock Slide|p2a: Ninetales|[spread] p2a,p2b\n|-supereffective|p2a: Ninetales|1\n|-damage|p2a: Ninetales|6/100\n|-damage|p2b: Primarina|57/100\n|move|p2b: Primarina|Dazzling Gleam|p1a: Sinistcha|[spread] p1a,p1b\n|-supereffective|p1b: Crabominable|1\n|-damage|p1a: Sinistcha|70/100\n|-damage|p1b: Crabominable|48/100\n|move|p1a: Sinistcha|Matcha Gotcha|p2a: Ninetales|[spread] p2a,p2b\n|-supereffective|p2b: Primarina|1\n|-damage|p2a: Ninetales|0 fnt\n|-heal|p1a: Sinistcha|72/100|[from] drain|[of] p2a: Ninetales\n|-damage|p2b: Primarina|20/100\n|-heal|p1a: Sinistcha|89/100|[from] drain|[of] p2b: Primarina\n|faint|p2a: Ninetales\n|\n|-weather|Snowscape|[upkeep]\n|upkeep\n|\n|t:|1776555527\n|switch|p2a: Meganium|Meganium, L50, F|100/100\n|turn|5\n|\n|t:|1776555550\n|detailschange|p2a: Meganium|Meganium-Mega, L50, F\n|-mega|p2a: Meganium|Meganium|Meganiumite\n|move|p1b: Crabominable|Ice Hammer|p2a: Meganium|[miss]\n|-miss|p1b: Crabominable|p2a: Meganium\n|move|p2b: Primarina|Weather Ball|p1a: Sinistcha\n|-supereffective|p1a: Sinistcha|1\n|-damage|p1a: Sinistcha|21/100\n|-enditem|p1a: Sinistcha|Sitrus Berry|[eat]\n|-heal|p1a: Sinistcha|46/100|[from] item: Sitrus Berry\n|move|p1a: Sinistcha|Matcha Gotcha|p2a: Meganium|[spread] p2a,p2b\n|-resisted|p2a: Meganium|1\n|-supereffective|p2b: Primarina|1\n|-damage|p2a: Meganium|94/100\n|-heal|p1a: Sinistcha|50/100|[from] drain|[of] p2a: Meganium\n|-damage|p2b: Primarina|0 fnt\n|-heal|p1a: Sinistcha|58/100|[from] drain|[of] p2b: Primarina\n|-status|p2a: Meganium|brn\n|faint|p2b: Primarina\n|move|p2a: Meganium|Weather Ball|p1a: Sinistcha\n|-supereffective|p1a: Sinistcha|1\n|-damage|p1a: Sinistcha|0 fnt\n|faint|p1a: Sinistcha\n|\n|-weather|none\n|-damage|p2a: Meganium|88/100 brn|[from] brn\n|-sideend|p2: Ay.lucian|move: Aurora Veil\n|-fieldend|move: Trick Room\n|upkeep\n|-message|Extraseven forfeited.\n|\n|win|Ay.lucian\n|raw|Extraseven's rating: 1145 &rarr; <strong>1115</strong><br />(-30 for losing)\n|raw|Ay.lucian's rating: 1072 &rarr; <strong>1107</strong><br />(+35 for winning)\n|l|\u2606Extraseven\n|player|p1|\n",
  "uploadtime": 1776555582,
  "views": 15,
  "formatid": "gen9championsvgc2026regma",
  "rating": 1107,
  "private": 0,
  "password": null
}