{
  "id": "gen9championsvgc2026regma-2583497875",
  "format": "[Gen 9 Champions] VGC 2026 Reg M-A",
  "players": [
    "NoahPoke",
    "porygon-epilepz"
  ],
  "log": "|j|\u2606NoahPoke\n|j|\u2606porygon-epilepz\n|html|<table width=\"100%\"><tr><td align=\"left\">NoahPoke</td><td align=\"right\">porygon-epilepz</tr><tr><td align=\"left\"><i class=\"fa fa-circle-o\"></i> <i class=\"fa fa-circle-o\"></i> </td><td align=\"right\"><i class=\"fa fa-circle-o\"></i> <i class=\"fa fa-circle-o\"></i> </tr></table>\n|uhtml|bestof|<h2><strong>Game 1</strong> of <a href=\"/game-bestof3-gen9championsvgc2026regma-2583497874\">a best-of-3</a></h2>\n|t:|1776179437\n|gametype|doubles\n|player|p1|NoahPoke|hilbert-wonderlauncher|\n|player|p2|porygon-epilepz|hiker-gen4|\n|gen|9\n|tier|[Gen 9 Champions] VGC 2026 Reg M-A\n|rated|Tournament battle\n|rule|Species Clause: Limit one of each Pok\u00e9mon\n|rule|Item Clause: Limit 1 of each item\n|raw|<div class=\"infobox\"><details class=\"readmore\" open><summary><strong>2 custom rules:</strong></summary> Force Open Team Sheets, Best of = 3</details></div>\n|clearpoke\n|poke|p1|Dragonite, L50, F|\n|poke|p1|Sinistcha, L50|\n|poke|p1|Pelipper, L50, F|\n|poke|p1|Sneasler, L50, M|\n|poke|p1|Archaludon, L50, M|\n|poke|p1|Basculegion-F, L50, F|\n|poke|p2|Kommo-o, L50, M|\n|poke|p2|Incineroar, L50, F|\n|poke|p2|Glimmora, L50, F|\n|poke|p2|Sinistcha, L50|\n|poke|p2|Talonflame, L50, M|\n|poke|p2|Rotom-Wash, L50|\n|teampreview|4\n|showteam|p1|Dragonite||Dragoninite|InnerFocus|DracoMeteor,Hurricane,Thunder,Protect|||F|||50|]Sinistcha||SitrusBerry|Hospitality|MatchaGotcha,LifeDew,RagePowder,TrickRoom||||||50|]Pelipper||FocusSash|Drizzle|WeatherBall,Hurricane,Tailwind,Protect|||F|||50|]Sneasler||WhiteHerb|Unburden|CloseCombat,DireClaw,FakeOut,Protect|||M|||50|]Archaludon||Leftovers|Stamina|FlashCannon,DracoMeteor,ElectroShot,Protect|||M|||50|]Basculegion-F||MysticWater|SwiftSwim|WaveCrash,LastRespects,AquaJet,FlipTurn|||F|||50|\n|showteam|p2|Kommo-o||Leftovers|Overcoat|ClangorousSoul,ClangingScales,Protect,AuraSphere|||M|||50|]Incineroar||ShucaBerry|Intimidate|FakeOut,FlareBlitz,ThroatChop,PartingShot|||F|||50|]Glimmora||Glimmoranite|ToxicDebris|PowerGem,SludgeBomb,SpikyShield,EarthPower|||F|||50|]Sinistcha||SitrusBerry|Hospitality|RagePowder,Protect,LifeDew,MatchaGotcha||||||50|]Talonflame||FocusSash|GaleWings|Tailwind,QuickGuard,DualWingbeat,FlareBlitz|||M|||50|]Rotom-Wash||RindoBerry|Levitate|Thunderbolt,WillOWisp,HydroPump,Protect||||||50|\n|inactive|Battle timer is ON: inactive players will automatically lose when time's up. (requested by NoahPoke)\n|\n|t:|1776179474\n|teamsize|p1|4\n|teamsize|p2|4\n|start\n|switch|p1a: Pelipper|Pelipper, L50, F|100/100\n|switch|p1b: Basculegion|Basculegion-F, L50, F|100/100\n|switch|p2a: Rotom|Rotom-Wash, L50|100/100\n|switch|p2b: Kommo-o|Kommo-o, L50, M|100/100\n|-weather|RainDance|[from] ability: Drizzle|[of] p1a: Pelipper\n|turn|1\n|inactive|NoahPoke has 30 seconds left.\n|inactive|porygon-epilepz has 30 seconds left.\n|inactive|NoahPoke has 20 seconds left.\n|inactive|porygon-epilepz has 20 seconds left.\n|\n|t:|1776179513\n|move|p1b: Basculegion|Flip Turn|p2a: Rotom\n|-resisted|p2a: Rotom|1\n|-damage|p2a: Rotom|76/100\n|\n|t:|1776179518\n|switch|p1b: Archaludon|Archaludon, L50, M|100/100|[from] Flip Turn\n|move|p2b: Kommo-o|Clangorous Soul|p2b: Kommo-o\n|-boost|p2b: Kommo-o|atk|1\n|-boost|p2b: Kommo-o|def|1\n|-boost|p2b: Kommo-o|spa|1\n|-boost|p2b: Kommo-o|spd|1\n|-boost|p2b: Kommo-o|spe|1\n|-damage|p2b: Kommo-o|68/100\n|move|p1a: Pelipper|Tailwind|p1a: Pelipper\n|-sidestart|p1: NoahPoke|move: Tailwind\n|move|p2a: Rotom|Thunderbolt|p1a: Pelipper\n|-supereffective|p1a: Pelipper|2\n|-enditem|p1a: Pelipper|Focus Sash\n|-damage|p1a: Pelipper|1/100\n|\n|-weather|RainDance|[upkeep]\n|-heal|p2b: Kommo-o|74/100|[from] item: Leftovers\n|upkeep\n|turn|2\n|\n|t:|1776179536\n|move|p2b: Kommo-o|Protect|p2b: Kommo-o\n|-singleturn|p2b: Kommo-o|Protect\n|move|p1a: Pelipper|Hurricane|p2b: Kommo-o\n|-activate|p2b: Kommo-o|move: Protect\n|move|p1b: Archaludon|Electro Shot||[still]\n|-prepare|p1b: Archaludon|Electro Shot\n|-boost|p1b: Archaludon|spa|1\n|-anim|p1b: Archaludon|Electro Shot|p2a: Rotom\n|-damage|p2a: Rotom|18/100\n|move|p2a: Rotom|Will-O-Wisp|p1b: Archaludon\n|-status|p1b: Archaludon|brn\n|\n|-weather|RainDance|[upkeep]\n|-heal|p2b: Kommo-o|80/100|[from] item: Leftovers\n|-damage|p1b: Archaludon|94/100 brn|[from] brn\n|upkeep\n|turn|3\n|\n|t:|1776179552\n|switch|p2a: Sinistcha|Sinistcha, L50|100/100\n|-heal|p2b: Kommo-o|100/100|[from] ability: Hospitality|[of] p2a: Sinistcha\n|move|p1a: Pelipper|Hurricane|p2b: Kommo-o\n|-supereffective|p2b: Kommo-o|1\n|-damage|p2b: Kommo-o|36/100\n|-start|p2b: Kommo-o|confusion\n|move|p1b: Archaludon|Electro Shot||[still]\n|-prepare|p1b: Archaludon|Electro Shot\n|-boost|p1b: Archaludon|spa|1\n|-anim|p1b: Archaludon|Electro Shot|p2a: Sinistcha\n|-resisted|p2a: Sinistcha|1\n|-damage|p2a: Sinistcha|64/100\n|-activate|p2b: Kommo-o|confusion\n|move|p2b: Kommo-o|Clanging Scales|p1b: Archaludon|[spread] p1a,p1b\n|-damage|p1a: Pelipper|0 fnt\n|-damage|p1b: Archaludon|38/100 brn\n|-ability|p1b: Archaludon|Stamina|boost\n|-boost|p1b: Archaludon|def|1\n|faint|p1a: Pelipper\n|-unboost|p2b: Kommo-o|def|1\n|\n|-weather|RainDance|[upkeep]\n|-heal|p1b: Archaludon|44/100 brn|[from] item: Leftovers\n|-heal|p2b: Kommo-o|42/100|[from] item: Leftovers\n|-damage|p1b: Archaludon|38/100 brn|[from] brn\n|upkeep\n|\n|t:|1776179570\n|switch|p1a: Basculegion|Basculegion-F, L50, F|100/100\n|turn|4\n|\n|t:|1776179578\n|-end|p2b: Kommo-o|confusion\n|move|p2b: Kommo-o|Protect|p2b: Kommo-o\n|-singleturn|p2b: Kommo-o|Protect\n|move|p2a: Sinistcha|Protect|p2a: Sinistcha\n|-singleturn|p2a: Sinistcha|Protect\n|move|p1a: Basculegion|Last Respects|p2a: Sinistcha\n|-activate|p2a: Sinistcha|move: Protect\n|move|p1b: Archaludon|Draco Meteor|p2b: Kommo-o\n|-activate|p2b: Kommo-o|move: Protect\n|\n|-weather|RainDance|[upkeep]\n|-heal|p1b: Archaludon|44/100 brn|[from] item: Leftovers\n|-heal|p2b: Kommo-o|48/100|[from] item: Leftovers\n|-damage|p1b: Archaludon|38/100 brn|[from] brn\n|-sideend|p1: NoahPoke|move: Tailwind\n|upkeep\n|turn|5\n|\n|t:|1776179593\n|move|p2a: Sinistcha|Rage Powder|p2a: Sinistcha\n|-singleturn|p2a: Sinistcha|move: Rage Powder\n|move|p1a: Basculegion|Last Respects|p2a: Sinistcha\n|-supereffective|p2a: Sinistcha|1\n|-damage|p2a: Sinistcha|0 fnt\n|faint|p2a: Sinistcha\n|move|p2b: Kommo-o|Clanging Scales|p1b: Archaludon|[spread] p1a,p1b\n|-damage|p1a: Basculegion|45/100\n|-damage|p1b: Archaludon|0 fnt\n|faint|p1b: Archaludon\n|-unboost|p2b: Kommo-o|def|1\n|\n|-weather|none\n|-heal|p2b: Kommo-o|54/100|[from] item: Leftovers\n|upkeep\n|\n|t:|1776179601\n|switch|p1b: Dragonite|Dragonite, L50, F|100/100\n|switch|p2a: Rotom|Rotom-Wash, L50|18/100\n|turn|6\n|\n|t:|1776179620\n|detailschange|p1b: Dragonite|Dragonite-Mega, L50, F\n|-mega|p1b: Dragonite|Dragonite|Dragoninite\n|move|p2b: Kommo-o|Clanging Scales|p1b: Dragonite|[spread] p1a,p1b\n|-supereffective|p1b: Dragonite|1\n|-damage|p1a: Basculegion|0 fnt\n|-damage|p1b: Dragonite|50/100\n|faint|p1a: Basculegion\n|-unboost|p2b: Kommo-o|def|1\n|move|p1b: Dragonite|Thunder|p2a: Rotom\n|-damage|p2a: Rotom|0 fnt\n|faint|p2a: Rotom\n|\n|-heal|p2b: Kommo-o|61/100|[from] item: Leftovers\n|upkeep\n|\n|t:|1776179633\n|switch|p2a: Talonflame|Talonflame, L50, M|100/100\n|turn|7\n|\n|t:|1776179637\n|move|p2a: Talonflame|Tailwind|p2a: Talonflame\n|-sidestart|p2: porygon-epilepz|move: Tailwind\n|move|p2b: Kommo-o|Clanging Scales|p1b: Dragonite\n|-supereffective|p1b: Dragonite|1\n|-damage|p1b: Dragonite|0 fnt\n|faint|p1b: Dragonite\n|\n|win|porygon-epilepz\n",
  "uploadtime": 1776179440,
  "views": 13,
  "formatid": "gen9championsvgc2026regma",
  "rating": null,
  "private": 0,
  "password": null
}