{
  "id": "gen9championsvgc2026regma-2588789887",
  "format": "[Gen 9 Champions] VGC 2026 Reg M-A",
  "players": [
    "Noobilio",
    "problamatic"
  ],
  "log": "|j|\u2606Noobilio\n|j|\u2606problamatic\n|t:|1776671093\n|gametype|doubles\n|player|p1|Noobilio|nurse|1325\n|player|p2|problamatic|hugh|1393\n|gen|9\n|tier|[Gen 9 Champions] VGC 2026 Reg M-A\n|rated|\n|rule|Species Clause: Limit one of each Pok\u00e9mon\n|rule|Item Clause: Limit 1 of each item\n|clearpoke\n|poke|p1|Froslass, L50, F|\n|poke|p1|Palafin, L50, M|\n|poke|p1|Kingambit, L50, F|\n|poke|p1|Arcanine-Hisui, L50, F|\n|poke|p1|Sinistcha, L50|\n|poke|p1|Sneasler, L50, F|\n|poke|p2|Scizor, L50, F|\n|poke|p2|Dragonite, L50, F|\n|poke|p2|Pelipper, L50, M|\n|poke|p2|Basculegion, L50, M, shiny|\n|poke|p2|Archaludon, L50, M|\n|poke|p2|Sinistcha, L50|\n|teampreview|4\n|inactive|Battle timer is ON: inactive players will automatically lose when time's up. (requested by problamatic)\n|inactive|problamatic has 60 seconds left.\n|\n|t:|1776671137\n|teamsize|p1|4\n|teamsize|p2|4\n|start\n|switch|p1a: Sneasler|Sneasler, L50, F|100/100\n|switch|p1b: Palafin|Palafin, L50, M|100/100\n|switch|p2a: Basculegion|Basculegion, L50, M, shiny|100/100\n|switch|p2b: Scizor|Scizor, L50, F|100/100\n|turn|1\n|inactive|problamatic has 30 seconds left.\n|\n|t:|1776671170\n|detailschange|p1b: Palafin|Palafin-Hero, L50, M\n|switch|p1b: Kingambit|Kingambit, L50, F|100/100\n|detailschange|p2b: Scizor|Scizor-Mega, L50, F\n|-mega|p2b: Scizor|Scizor|Scizorite\n|move|p1a: Sneasler|Fake Out|p2b: Scizor\n|-resisted|p2b: Scizor|1\n|-damage|p2b: Scizor|95/100\n|cant|p2b: Scizor|flinch\n|move|p2a: Basculegion|Flip Turn|p1a: Sneasler\n|-damage|p1a: Sneasler|34/100\n|\n|t:|1776671180\n|switch|p2a: Pelipper|Pelipper, L50, M|100/100|[from] Flip Turn\n|-weather|RainDance|[from] ability: Drizzle|[of] p2a: Pelipper\n|\n|-weather|RainDance|[upkeep]\n|upkeep\n|turn|2\n|\n|t:|1776671199\n|switch|p1a: Palafin|Palafin-Hero, L50, M|100/100\n|-activate|p1a: Palafin|ability: Zero to Hero\n|move|p2a: Pelipper|Weather Ball|p1b: Kingambit\n|-damage|p1b: Kingambit|32/100\n|move|p2b: Scizor|Swords Dance|p2b: Scizor\n|-boost|p2b: Scizor|atk|2\n|move|p1b: Kingambit|Swords Dance|p1b: Kingambit\n|-boost|p1b: Kingambit|atk|2\n|\n|-weather|RainDance|[upkeep]\n|upkeep\n|turn|3\n|\n|t:|1776671218\n|switch|p2a: Archaludon|Archaludon, L50, M|100/100\n|move|p1b: Kingambit|Protect|p1b: Kingambit\n|-singleturn|p1b: Kingambit|Protect\n|move|p1a: Palafin|Jet Punch|p2b: Scizor\n|-damage|p2b: Scizor|37/100\n|move|p2b: Scizor|Bullet Punch|p1b: Kingambit\n|-activate|p1b: Kingambit|move: Protect\n|\n|-weather|RainDance|[upkeep]\n|upkeep\n|turn|4\n|inactive|Noobilio has 30 seconds left.\n|inactive|Noobilio has 20 seconds left.\n|inactive|problamatic has 30 seconds left.\n|\n|t:|1776671259\n|move|p2b: Scizor|Protect|p2b: Scizor\n|-singleturn|p2b: Scizor|Protect\n|move|p1a: Palafin|Close Combat|p2a: Archaludon\n|-supereffective|p2a: Archaludon|1\n|-damage|p2a: Archaludon|32/100\n|-unboost|p1a: Palafin|def|1\n|-unboost|p1a: Palafin|spd|1\n|-ability|p2a: Archaludon|Stamina|boost\n|-boost|p2a: Archaludon|def|1\n|move|p2a: Archaludon|Electro Shot||[still]\n|-prepare|p2a: Archaludon|Electro Shot\n|-boost|p2a: Archaludon|spa|1\n|-anim|p2a: Archaludon|Electro Shot|p1a: Palafin\n|-supereffective|p1a: Palafin|1\n|-damage|p1a: Palafin|0 fnt\n|faint|p1a: Palafin\n|move|p1b: Kingambit|Kowtow Cleave|p2b: Scizor\n|-activate|p2b: Scizor|move: Protect\n|\n|-weather|RainDance|[upkeep]\n|-heal|p2a: Archaludon|39/100|[from] item: Leftovers\n|upkeep\n|\n|t:|1776671272\n|switch|p1a: Sneasler|Sneasler, L50, F|34/100\n|turn|5\n|\n|t:|1776671286\n|switch|p2b: Basculegion|Basculegion, L50, M, shiny|100/100\n|move|p1a: Sneasler|Fake Out|p2b: Basculegion\n|-immune|p2b: Basculegion\n|move|p1b: Kingambit|Sucker Punch|p2a: Archaludon\n|-damage|p2a: Archaludon|0 fnt\n|faint|p2a: Archaludon\n|\n|-weather|none\n|upkeep\n|\n|t:|1776671293\n|switch|p2a: Scizor|Scizor-Mega, L50, F|37/100\n|turn|6\n|\n|t:|1776671311\n|switch|p2a: Pelipper|Pelipper, L50, M|100/100\n|-weather|RainDance|[from] ability: Drizzle|[of] p2a: Pelipper\n|move|p1b: Kingambit|Protect|p1b: Kingambit\n|-singleturn|p1b: Kingambit|Protect\n|move|p2b: Basculegion|Aqua Jet|p1a: Sneasler\n|-damage|p1a: Sneasler|0 fnt\n|faint|p1a: Sneasler\n|\n|-weather|RainDance|[upkeep]\n|upkeep\n|\n|t:|1776671320\n|switch|p1a: Froslass|Froslass, L50, F|100/100\n|turn|7\n|inactive|problamatic has 30 seconds left.\n|\n|t:|1776671350\n|detailschange|p1a: Froslass|Froslass-Mega, L50, F\n|-mega|p1a: Froslass|Froslass|Froslassite\n|-weather|Snowscape|[from] ability: Snow Warning|[of] p1a: Froslass\n|move|p2a: Pelipper|Wide Guard|p2a: Pelipper\n|-singleturn|p2a: Pelipper|Wide Guard\n|move|p2b: Basculegion|Aqua Jet|p1b: Kingambit\n|-damage|p1b: Kingambit|10/100\n|move|p1b: Kingambit|Sucker Punch||[still]\n|-fail|p1b: Kingambit\n|move|p1a: Froslass|Blizzard|p2a: Pelipper|[spread] \n|-activate|p2a: Pelipper|move: Wide Guard\n|-activate|p2b: Basculegion|move: Wide Guard\n|\n|-weather|Snowscape|[upkeep]\n|upkeep\n|turn|8\n|inactive|Noobilio has 30 seconds left.\n|\n|t:|1776671385\n|move|p2b: Basculegion|Aqua Jet|p1b: Kingambit\n|-damage|p1b: Kingambit|0 fnt\n|faint|p1b: Kingambit\n|move|p1a: Froslass|Shadow Ball|p2b: Basculegion\n|-supereffective|p2b: Basculegion|1\n|-damage|p2b: Basculegion|7/100\n|move|p2a: Pelipper|Tailwind|p2a: Pelipper\n|-sidestart|p2: problamatic|move: Tailwind\n|\n|-weather|Snowscape|[upkeep]\n|upkeep\n|turn|9\n|\n|t:|1776671404\n|move|p2b: Basculegion|Aqua Jet|p1a: Froslass\n|-damage|p1a: Froslass|72/100\n|move|p2a: Pelipper|Hurricane|p1a: Froslass\n|-damage|p1a: Froslass|14/100\n|-start|p1a: Froslass|confusion\n|-activate|p1a: Froslass|confusion\n|-damage|p1a: Froslass|3/100|[from] confusion\n|\n|-weather|Snowscape|[upkeep]\n|upkeep\n|turn|10\n|-message|Noobilio forfeited.\n|\n|win|problamatic\n|raw|Noobilio's rating: 1325 &rarr; <strong>1309</strong><br />(-16 for losing)\n|raw|problamatic's rating: 1393 &rarr; <strong>1409</strong><br />(+16 for winning)\n|l|\u2606Noobilio\n|player|p1|\n",
  "uploadtime": 1776671419,
  "views": 12,
  "formatid": "gen9championsvgc2026regma",
  "rating": 1309,
  "private": 0,
  "password": null
}