{
  "id": "gen9championsvgc2026regma-2585743745",
  "format": "[Gen 9 Champions] VGC 2026 Reg M-A",
  "players": [
    "1OO Gecquas",
    "fdrgsfafawdawd"
  ],
  "log": "|j|\u203d1OO Gecquas\n|j|\u2606fdrgsfafawdawd\n|t:|1776367551\n|gametype|doubles\n|player|p1|1OO Gecquas|dahlia|1122\n|player|p2|fdrgsfafawdawd|palmer|1038\n|gen|9\n|tier|[Gen 9 Champions] VGC 2026 Reg M-A\n|rated|\n|rule|Species Clause: Limit one of each Pok\u00e9mon\n|rule|Item Clause: Limit 1 of each item\n|clearpoke\n|poke|p1|Charizard, L50, F|\n|poke|p1|Sinistcha-Masterpiece, L50|\n|poke|p1|Basculegion, L50, M|\n|poke|p1|Archaludon, L50, F|\n|poke|p1|Ninetales-Alola, L50, M|\n|poke|p1|Kommo-o, L50, F|\n|poke|p2|Dragonite, L50, F|\n|poke|p2|Milotic, L50, M|\n|poke|p2|Venusaur, L50, F|\n|poke|p2|Gardevoir, L50, M|\n|poke|p2|Charizard, L50, F|\n|poke|p2|Typhlosion-Hisui, L50, F|\n|teampreview|4\n|inactive|Battle timer is ON: inactive players will automatically lose when time's up. (requested by fdrgsfafawdawd)\nfdrgsfafawdawd rejected open team sheets.\n|inactive|fdrgsfafawdawd has 60 seconds left.\n|\n|t:|1776367597\n|teamsize|p1|4\n|teamsize|p2|4\n|start\n|switch|p1a: Charizard|Charizard, L50, F, shiny|100/100\n|switch|p1b: Basculegion|Basculegion, L50, M|100/100\n|switch|p2a: Milotic|Milotic, L50, M|100/100\n|switch|p2b: Venusaur|Venusaur, L50, F|100/100\n|turn|1\n|inactive|fdrgsfafawdawd has 30 seconds left.\n|\n|t:|1776367623\n|detailschange|p1a: Charizard|Charizard-Mega-X, L50, F, shiny\n|-mega|p1a: Charizard|Charizard|Charizardite X\n|move|p1b: Basculegion|Wave Crash|p2a: Milotic\n|-resisted|p2a: Milotic|1\n|-damage|p2a: Milotic|50/100\n|-damage|p1b: Basculegion|86/100|[from] Recoil\n|move|p1a: Charizard|Flare Blitz|p2b: Venusaur\n|-supereffective|p2b: Venusaur|1\n|-crit|p2b: Venusaur\n|-damage|p2b: Venusaur|0 fnt\n|faint|p2b: Venusaur\n|-damage|p1a: Charizard|73/100|[from] Recoil\n|move|p2a: Milotic|Scald|p1b: Basculegion\n|-resisted|p1b: Basculegion|1\n|-damage|p1b: Basculegion|63/100\n|-status|p1b: Basculegion|brn\n|\n|-damage|p1b: Basculegion|57/100 brn|[from] brn\n|upkeep\n|\n|t:|1776367643\n|switch|p2b: Dragonite|Dragonite, L50, F, shiny|100/100\n|turn|2\n|\n|t:|1776367659\n|move|p1b: Basculegion|Wave Crash|p2a: Milotic\n|-resisted|p2a: Milotic|1\n|-damage|p2a: Milotic|26/100\n|-damage|p1b: Basculegion|51/100 brn|[from] Recoil\n|move|p1a: Charizard|Flare Blitz|p2a: Milotic\n|-resisted|p2a: Milotic|1\n|-damage|p2a: Milotic|0 fnt\n|faint|p2a: Milotic\n|-damage|p1a: Charizard|64/100|[from] Recoil\n|move|p2b: Dragonite|Tailwind|p2b: Dragonite\n|-sidestart|p2: fdrgsfafawdawd|move: Tailwind\n|\n|-damage|p1b: Basculegion|45/100 brn|[from] brn\n|upkeep\n|\n|t:|1776367670\n|switch|p2a: Gardevoir|Gardevoir, L50, M, shiny|100/100\n|-ability|p2a: Gardevoir|Tough Claws|Trace|[from] ability: Trace|[of] p1a: Charizard\n|turn|3\n|\n|t:|1776367689\n|detailschange|p2a: Gardevoir|Gardevoir-Mega, L50, M, shiny\n|-mega|p2a: Gardevoir|Gardevoir|Gardevoirite\n|move|p1a: Charizard|Protect|p1a: Charizard\n|-singleturn|p1a: Charizard|Protect\n|move|p2b: Dragonite|Thunder|p1b: Basculegion|[miss]\n|-miss|p2b: Dragonite|p1b: Basculegion\n|move|p2a: Gardevoir|Moonblast|p1a: Charizard\n|-activate|p1a: Charizard|move: Protect\n|move|p1b: Basculegion|Wave Crash|p2a: Gardevoir\n|-damage|p2a: Gardevoir|54/100\n|-damage|p1b: Basculegion|33/100 brn|[from] Recoil\n|\n|-damage|p1b: Basculegion|27/100 brn|[from] brn\n|upkeep\n|turn|4\n|inactive|1OO Gecquas has 30 seconds left.\n|inactive|fdrgsfafawdawd has 30 seconds left.\n|\n|t:|1776367718\n|switch|p1a: Ninetales|Ninetales-Alola, L50, M|100/100\n|-weather|Snowscape|[from] ability: Snow Warning|[of] p1a: Ninetales\n|move|p2b: Dragonite|Hurricane|p1b: Basculegion\n|-damage|p1b: Basculegion|0 fnt\n|faint|p1b: Basculegion\n|move|p2a: Gardevoir|Moonblast|p1a: Ninetales\n|-damage|p1a: Ninetales|36/100\n|\n|-weather|Snowscape|[upkeep]\n|upkeep\n|\n|t:|1776367729\n|switch|p1b: Charizard|Charizard-Mega-X, L50, F, shiny|64/100\n|turn|5\n|inactive|fdrgsfafawdawd has 30 seconds left.\n|\n|t:|1776367755\n|move|p1a: Ninetales|Protect|p1a: Ninetales\n|-singleturn|p1a: Ninetales|Protect\n|move|p1b: Charizard|Protect|p1b: Charizard\n|-singleturn|p1b: Charizard|Protect\n|move|p2b: Dragonite|Hurricane|p1b: Charizard\n|-activate|p1b: Charizard|move: Protect\n|move|p2a: Gardevoir|Moonblast|p1a: Ninetales\n|-activate|p1a: Ninetales|move: Protect\n|\n|-weather|Snowscape|[upkeep]\n|-sideend|p2: fdrgsfafawdawd|move: Tailwind\n|upkeep\n|turn|6\n|\n|t:|1776367770\n|move|p2a: Gardevoir|Protect|p2a: Gardevoir\n|-singleturn|p2a: Gardevoir|Protect\n|move|p1a: Ninetales|Blizzard|p2b: Dragonite|[spread] p2b\n|-activate|p2a: Gardevoir|move: Protect\n|-supereffective|p2b: Dragonite|2\n|-damage|p2b: Dragonite|54/100\n|move|p1b: Charizard|Flare Blitz|p2a: Gardevoir\n|-activate|p2a: Gardevoir|move: Protect\n|move|p2b: Dragonite|Tailwind|p2b: Dragonite\n|-sidestart|p2: fdrgsfafawdawd|move: Tailwind\n|\n|-weather|Snowscape|[upkeep]\n|upkeep\n|turn|7\n|\n|t:|1776367792\n|move|p2b: Dragonite|Roost|p2b: Dragonite\n|-heal|p2b: Dragonite|100/100\n|-singleturn|p2b: Dragonite|move: Roost\n|move|p2a: Gardevoir|Moonblast|p1b: Charizard\n|-damage|p1b: Charizard|0 fnt\n|faint|p1b: Charizard\n|move|p1a: Ninetales|Blizzard|p2b: Dragonite|[spread] p2a,p2b\n|-supereffective|p2b: Dragonite|1\n|-damage|p2a: Gardevoir|31/100\n|-damage|p2b: Dragonite|75/100\n|\n|-weather|Snowscape|[upkeep]\n|upkeep\n|\n|t:|1776367802\n|switch|p1b: Kommo-o|Kommo-o, L50, F, shiny|100/100\n|turn|8\n|inactive|fdrgsfafawdawd has 30 seconds left.\n|\n|t:|1776367829\n|move|p1b: Kommo-o|Protect|p1b: Kommo-o\n|-singleturn|p1b: Kommo-o|Protect\n|move|p2b: Dragonite|Roost|p2b: Dragonite\n|-heal|p2b: Dragonite|100/100\n|-singleturn|p2b: Dragonite|move: Roost\n|move|p2a: Gardevoir|Moonblast|p1b: Kommo-o\n|-activate|p1b: Kommo-o|move: Protect\n|move|p1a: Ninetales|Aurora Veil|p1a: Ninetales\n|-sidestart|p1: 1OO Gecquas|move: Aurora Veil\n|\n|-weather|none\n|upkeep\n|turn|9\n|\n|t:|1776367854\n|move|p2b: Dragonite|Hurricane|p1b: Kommo-o\n|-supereffective|p1b: Kommo-o|1\n|-damage|p1b: Kommo-o|37/100\n|move|p2a: Gardevoir|Mystical Fire|p1a: Ninetales\n|-supereffective|p1a: Ninetales|1\n|-damage|p1a: Ninetales|0 fnt\n|faint|p1a: Ninetales\n|move|p1b: Kommo-o|Clanging Scales|p2b: Dragonite|[spread] p2b\n|-immune|p2a: Gardevoir\n|-supereffective|p2b: Dragonite|1\n|-damage|p2b: Dragonite|67/100\n|-unboost|p1b: Kommo-o|def|1\n|\n|-heal|p1b: Kommo-o|43/100|[from] item: Leftovers\n|-sideend|p2: fdrgsfafawdawd|move: Tailwind\n|upkeep\n|turn|10\n|-message|1OO Gecquas forfeited.\n|\n|win|fdrgsfafawdawd\n|raw|1OO Gecquas's rating: 1122 &rarr; <strong>1091</strong><br />(-31 for losing)\n|raw|fdrgsfafawdawd's rating: 1038 &rarr; <strong>1080</strong><br />(+42 for winning)\n|l|\u203d1OO Gecquas\n|player|p1|\n|c|\u2606fdrgsfafawdawd|gg ez\n",
  "uploadtime": 1776367877,
  "views": 17,
  "formatid": "gen9championsvgc2026regma",
  "rating": 1080,
  "private": 0,
  "password": null
}