{
  "id": "gen9championsvgc2026regma-2584787821",
  "format": "[Gen 9 Champions] VGC 2026 Reg M-A",
  "players": [
    "isabellissima",
    "Mugiwara311"
  ],
  "log": "|j|\u2606isabellissima\n|j|\u2606Mugiwara311\n|t:|1776283674\n|gametype|doubles\n|player|p1|isabellissima|2|1088\n|player|p2|Mugiwara311|101|1000\n|gen|9\n|tier|[Gen 9 Champions] VGC 2026 Reg M-A\n|rated|\n|rule|Species Clause: Limit one of each Pok\u00e9mon\n|rule|Item Clause: Limit 1 of each item\n|clearpoke\n|poke|p1|Incineroar, L50, F|\n|poke|p1|Gengar, L50, F|\n|poke|p1|Sneasler, L50, M|\n|poke|p1|Maushold-Four, L50|\n|poke|p1|Kommo-o, L50, M|\n|poke|p1|Politoed, L50, M|\n|poke|p2|Kingambit, L50, M|\n|poke|p2|Gengar, L50, F|\n|poke|p2|Aerodactyl, L50, F|\n|poke|p2|Incineroar, L50, M|\n|poke|p2|Garchomp, L50, M|\n|poke|p2|Sneasler, L50, M|\n|teampreview|4\n|\n|t:|1776283742\n|teamsize|p1|4\n|teamsize|p2|4\n|start\n|switch|p1a: Maushold|Maushold-Four, L50|100/100\n|switch|p1b: Kommo-o|Kommo-o, L50, M, shiny|100/100\n|switch|p2a: Kingambit|Kingambit, L50, M, shiny|100/100\n|switch|p2b: Aerodactyl|Aerodactyl, L50, F, shiny|100/100\n|-ability|p2b: Aerodactyl|Unnerve\n|turn|1\n|inactive|Battle timer is ON: inactive players will automatically lose when time's up. (requested by isabellissima)\n|\n|t:|1776283794\n|detailschange|p2b: Aerodactyl|Aerodactyl-Mega, L50, F, shiny\n|-mega|p2b: Aerodactyl|Aerodactyl|Aerodactylite\n|move|p2a: Kingambit|Protect|p2a: Kingambit\n|-singleturn|p2a: Kingambit|Protect\n|move|p1a: Maushold|Follow Me|p1a: Maushold\n|-singleturn|p1a: Maushold|move: Follow Me\n|move|p2b: Aerodactyl|Dual Wingbeat|p1a: Maushold\n|-damage|p1a: Maushold|68/100\n|-damage|p1a: Maushold|33/100\n|-hitcount|p1a: Maushold|2\n|move|p1b: Kommo-o|Aura Sphere|p2a: Kingambit\n|-activate|p2a: Kingambit|move: Protect\n|\n|upkeep\n|turn|2\n|\n|t:|1776283815\n|switch|p2a: Sneasler|Sneasler, L50, M, shiny|100/100\n|move|p1a: Maushold|Follow Me|p1a: Maushold\n|-singleturn|p1a: Maushold|move: Follow Me\n|move|p2b: Aerodactyl|Rock Slide|p1b: Kommo-o|[spread] p1a,p1b\n|-resisted|p1b: Kommo-o|1\n|-damage|p1a: Maushold|0 fnt\n|-damage|p1b: Kommo-o|93/100\n|faint|p1a: Maushold\n|move|p1b: Kommo-o|Clangorous Soul|p1b: Kommo-o\n|-boost|p1b: Kommo-o|atk|1\n|-boost|p1b: Kommo-o|def|1\n|-boost|p1b: Kommo-o|spa|1\n|-boost|p1b: Kommo-o|spd|1\n|-boost|p1b: Kommo-o|spe|1\n|-damage|p1b: Kommo-o|60/100\n|\n|upkeep\n|\n|t:|1776283837\n|switch|p1a: Sneasler|Sneasler, L50, M|100/100\n|turn|3\n|\n|t:|1776283852\n|move|p2a: Sneasler|Fake Out|p1b: Kommo-o\n|-damage|p1b: Kommo-o|52/100\n|move|p1a: Sneasler|Fake Out|p2b: Aerodactyl\n|-resisted|p2b: Aerodactyl|1\n|-damage|p2b: Aerodactyl|92/100\n|cant|p2b: Aerodactyl|flinch\n|cant|p1b: Kommo-o|flinch\n|\n|upkeep\n|turn|4\n|\n|t:|1776283875\n|move|p2a: Sneasler|Protect|p2a: Sneasler\n|-singleturn|p2a: Sneasler|Protect\n|move|p2b: Aerodactyl|Tailwind|p2b: Aerodactyl\n|-sidestart|p2: Mugiwara311|move: Tailwind\n|move|p1b: Kommo-o|Clanging Scales|p2a: Sneasler|[spread] p2b\n|-activate|p2a: Sneasler|move: Protect\n|-damage|p2b: Aerodactyl|19/100\n|-unboost|p1b: Kommo-o|def|1\n|move|p1a: Sneasler|Dire Claw|p2b: Aerodactyl\n|-resisted|p2b: Aerodactyl|1\n|-damage|p2b: Aerodactyl|0 fnt\n|faint|p2b: Aerodactyl\n|\n|upkeep\n|\n|t:|1776283887\n|switch|p2b: Garchomp|Garchomp, L50, M, shiny|100/100\n|turn|5\n|\n|t:|1776283903\n|move|p1b: Kommo-o|Protect|p1b: Kommo-o\n|-singleturn|p1b: Kommo-o|Protect\n|move|p2a: Sneasler|Dire Claw|p1a: Sneasler\n|-resisted|p1a: Sneasler|1\n|-damage|p1a: Sneasler|63/100\n|-status|p1a: Sneasler|slp\n|move|p2b: Garchomp|Dragon Claw|p1b: Kommo-o\n|-activate|p1b: Kommo-o|move: Protect\n|cant|p1a: Sneasler|slp\n|\n|upkeep\n|turn|6\n|\n|t:|1776283926\n|cant|p1a: Sneasler|slp\n|move|p2a: Sneasler|Dire Claw|p1a: Sneasler\n|-resisted|p1a: Sneasler|1\n|-damage|p1a: Sneasler|27/100 slp\n|move|p2b: Garchomp|Dragon Claw|p1b: Kommo-o\n|-supereffective|p1b: Kommo-o|1\n|-damage|p1b: Kommo-o|0 fnt\n|faint|p1b: Kommo-o\n|\n|upkeep\n|\n|t:|1776283933\n|switch|p1b: Gengar|Gengar, L50, F, shiny|100/100\n|turn|7\n|\n|t:|1776283942\n|detailschange|p1b: Gengar|Gengar-Mega, L50, F, shiny\n|-mega|p1b: Gengar|Gengar|Gengarite\n|move|p1b: Gengar|Protect|p1b: Gengar\n|-singleturn|p1b: Gengar|Protect\n|-curestatus|p1a: Sneasler|slp|[msg]\n|move|p1a: Sneasler|Protect|p1a: Sneasler\n|-singleturn|p1a: Sneasler|Protect\n|move|p2a: Sneasler|Dire Claw|p1a: Sneasler\n|-activate|p1a: Sneasler|move: Protect\n|move|p2b: Garchomp|Stomping Tantrum|p1b: Gengar\n|-activate|p1b: Gengar|move: Protect\n|\n|-sideend|p2: Mugiwara311|move: Tailwind\n|upkeep\n|turn|8\n|\n|t:|1776283957\n|move|p2b: Garchomp|Protect|p2b: Garchomp\n|-singleturn|p2b: Garchomp|Protect\n|move|p2a: Sneasler|Dire Claw|p1a: Sneasler\n|-resisted|p1a: Sneasler|1\n|-damage|p1a: Sneasler|0 fnt\n|faint|p1a: Sneasler\n|move|p1b: Gengar|Shadow Ball|p2b: Garchomp\n|-activate|p2b: Garchomp|move: Protect\n|\n|upkeep\n|turn|9\n|\n|t:|1776283969\n|move|p2a: Sneasler|Dire Claw|p1b: Gengar\n|-resisted|p1b: Gengar|2\n|-damage|p1b: Gengar|89/100\n|move|p1b: Gengar|Shadow Ball|p2b: Garchomp\n|-damage|p2b: Garchomp|53/100\n|-unboost|p2b: Garchomp|spd|1\n|move|p2b: Garchomp|Stomping Tantrum|p1b: Gengar\n|-supereffective|p1b: Gengar|1\n|-damage|p1b: Gengar|0 fnt\n|faint|p1b: Gengar\n|\n|win|Mugiwara311\n|raw|isabellissima's rating: 1088 &rarr; <strong>1059</strong><br />(-29 for losing)\n|raw|Mugiwara311's rating: 1000 &rarr; <strong>1050</strong><br />(+50 for winning)\n",
  "uploadtime": 1776283973,
  "views": 70,
  "formatid": "gen9championsvgc2026regma",
  "rating": 1050,
  "private": 0,
  "password": null
}