{
  "id": "gen9championsvgc2026regma-2580982646",
  "format": "[Gen 9 Champions] VGC 2026 Reg M-A",
  "players": [
    "NoxxinVGC",
    "eriylia"
  ],
  "log": "|j|\u2606NoxxinVGC\n|j|\u2606eriylia\n|t:|1775948876\n|gametype|doubles\n|player|p1|NoxxinVGC|giovanni|1107\n|player|p2|eriylia|whitney|1160\n|gen|9\n|tier|[Gen 9 Champions] VGC 2026 Reg M-A\n|rated|\n|rule|Species Clause: Limit one of each Pok\u00e9mon\n|rule|Item Clause: Limit 1 of each item\n|clearpoke\n|poke|p1|Delphox, L50, F|\n|poke|p1|Basculegion, L50, M|\n|poke|p1|Clefable, L50, F|\n|poke|p1|Kingambit, L50, M|\n|poke|p1|Dragonite, L50, M|\n|poke|p1|Sneasler, L50, F|\n|poke|p2|Whimsicott, L50, F|\n|poke|p2|Garchomp, L50, F|\n|poke|p2|Tyranitar, L50, F|\n|poke|p2|Delphox, L50, M|\n|poke|p2|Rotom-Wash, L50|\n|poke|p2|Corviknight, L50, M|\n|teampreview|4\n|inactive|Battle timer is ON: inactive players will automatically lose when time's up. (requested by NoxxinVGC)\n|c|\u2606eriylia|hf\n|c|\u2606NoxxinVGC|thx\n|c|\u2606NoxxinVGC|u2\n|c|\u2606NoxxinVGC|how u enjoying champs\n|inactive|NoxxinVGC has 60 seconds left.\n|inactive|eriylia has 60 seconds left.\n|c|\u2606eriylia|its nice to get back into vgc im loving it\n|c|\u2606NoxxinVGC|nice\n|\n|t:|1775948931\n|teamsize|p1|4\n|teamsize|p2|4\n|start\n|switch|p1a: Delphox|Delphox, L50, F|100/100\n|switch|p1b: Basculegion|Basculegion, L50, M|100/100\n|switch|p2a: Garchomp|Garchomp, L50, F|100/100\n|switch|p2b: Delphox|Delphox, L50, M|100/100\n|turn|1\n|c|\u2606eriylia|hbu?\n|inactive|eriylia has 30 seconds left.\n|\n|t:|1775948959\n|detailschange|p1a: Delphox|Delphox-Mega, L50, F\n|-mega|p1a: Delphox|Delphox|Delphoxite\n|move|p2b: Delphox|Protect|p2b: Delphox\n|-singleturn|p2b: Delphox|Protect\n|move|p1a: Delphox|Psychic|p2a: Garchomp\n|-damage|p2a: Garchomp|38/100\n|move|p1b: Basculegion|Last Respects|p2b: Delphox\n|-activate|p2b: Delphox|move: Protect\n|move|p2a: Garchomp|Rock Slide|p1a: Delphox|[spread] p1a\n|-miss|p2a: Garchomp|p1b: Basculegion\n|-supereffective|p1a: Delphox|1\n|-damage|p1a: Delphox|44/100\n|\n|upkeep\n|turn|2\n|inactive|NoxxinVGC has 30 seconds left.\n|inactive|eriylia has 30 seconds left.\n|inactive|eriylia has 20 seconds left.\n|inactive|eriylia has 15 seconds left.\n|inactive|eriylia has 10 seconds left.\n|c|\u2606NoxxinVGC|I been waiting for it for a month I grinded the old ladder for a month to get 1300 elo and it was pretty hard with balance teams I playerd hyper offense and balance was a challenge thats why my team is more balanced now\n|\n|t:|1775949008\n|switch|p2a: Tyranitar|Tyranitar, L50, F|100/100\n|-weather|Sandstorm|[from] ability: Sand Stream|[of] p2a: Tyranitar\n|move|p1a: Delphox|Psychic|p2a: Tyranitar\n|-immune|p2a: Tyranitar\n|move|p1b: Basculegion|Last Respects|p2b: Delphox\n|-supereffective|p2b: Delphox|1\n|-damage|p2b: Delphox|0 fnt\n|faint|p2b: Delphox\n|\n|-weather|Sandstorm|[upkeep]\n|-damage|p1a: Delphox|38/100|[from] Sandstorm\n|-damage|p1b: Basculegion|94/100|[from] Sandstorm\n|upkeep\n|\n|t:|1775949021\n|switch|p2b: Garchomp|Garchomp, L50, F|38/100\n|turn|3\n|inactive|NoxxinVGC has 30 seconds left.\n|\n|t:|1775949050\n|switch|p1b: Clefable|Clefable, L50, F|100/100\n|detailschange|p2a: Tyranitar|Tyranitar-Mega, L50, F\n|-mega|p2a: Tyranitar|Tyranitar|Tyranitarite\n|move|p1a: Delphox|Psychic|p2b: Garchomp\n|-damage|p2b: Garchomp|0 fnt\n|faint|p2b: Garchomp\n|move|p2a: Tyranitar|Rock Slide|p1a: Delphox|[spread] p1a,p1b\n|-supereffective|p1a: Delphox|1\n|-damage|p1a: Delphox|0 fnt\n|-damage|p1b: Clefable|71/100\n|faint|p1a: Delphox\n|\n|-weather|Sandstorm|[upkeep]\n|-damage|p1b: Clefable|65/100|[from] Sandstorm\n|upkeep\n|inactive|eriylia has 30 seconds left.\n|c|\u2606eriylia|yeah i was grinding pre champs format for like a week thats all\n|inactive|eriylia has 20 seconds left.\n|c|\u2606eriylia|but its been fun\n|\n|t:|1775949088\n|switch|p1a: Sneasler|Sneasler, L50, F|100/100\n|switch|p2b: Corviknight|Corviknight, L50, M, shiny|100/100\n|turn|4\n|c|\u2606eriylia|i normally end up playing rain but im trying to figure out more\n|inactive|eriylia has 30 seconds left.\n|c|\u2606NoxxinVGC|W I was on that too but I was like eh its kina annoying\n|\n|t:|1775949118\n|move|p2a: Tyranitar|Protect|p2a: Tyranitar\n|-singleturn|p2a: Tyranitar|Protect\n|move|p1b: Clefable|Follow Me|p1b: Clefable\n|-singleturn|p1b: Clefable|move: Follow Me\n|move|p1a: Sneasler|Close Combat|p2a: Tyranitar\n|-activate|p2a: Tyranitar|move: Protect\n|move|p2b: Corviknight|Brave Bird|p1b: Clefable\n|-damage|p1b: Clefable|28/100\n|-enditem|p1b: Clefable|Sitrus Berry|[eat]\n|-heal|p1b: Clefable|52/100|[from] item: Sitrus Berry\n|-damage|p2b: Corviknight|88/100|[from] Recoil\n|\n|-weather|Sandstorm|[upkeep]\n|-damage|p1a: Sneasler|95/100|[from] Sandstorm\n|-damage|p1b: Clefable|47/100|[from] Sandstorm\n|-heal|p2b: Corviknight|94/100|[from] item: Leftovers\n|upkeep\n|turn|5\n|c|\u2606NoxxinVGC|yk it trained me it was bad when I was back on reg set f I was sm better\n|inactive|NoxxinVGC has 30 seconds left.\n|c|\u2606NoxxinVGC|cause pre champs server was the trenches weather wars\n|inactive|NoxxinVGC has 20 seconds left.\n|c|\u2606eriylia|yeah fr\n|inactive|NoxxinVGC has 15 seconds left.\n|\n|t:|1775949159\n|move|p2a: Tyranitar|Protect||[still]\n|-fail|p2a: Tyranitar\n|move|p1b: Clefable|Follow Me|p1b: Clefable\n|-singleturn|p1b: Clefable|move: Follow Me\n|move|p1a: Sneasler|Close Combat|p2a: Tyranitar\n|-supereffective|p2a: Tyranitar|2\n|-damage|p2a: Tyranitar|0 fnt\n|-unboost|p1a: Sneasler|def|1\n|-unboost|p1a: Sneasler|spd|1\n|faint|p2a: Tyranitar\n|move|p2b: Corviknight|Iron Head|p1b: Clefable\n|-supereffective|p1b: Clefable|1\n|-damage|p1b: Clefable|0 fnt\n|faint|p1b: Clefable\n|\n|-weather|Sandstorm|[upkeep]\n|-damage|p1a: Sneasler|89/100|[from] Sandstorm\n|-heal|p2b: Corviknight|99/100|[from] item: Leftovers\n|upkeep\n|\n|t:|1775949173\n|switch|p1b: Basculegion|Basculegion, L50, M|94/100\n|turn|6\n|c|\u2606NoxxinVGC|ggwp\n|c|\u2606NoxxinVGC|fun game man\n|\n|t:|1775949190\n|move|p1b: Basculegion|Last Respects|p2b: Corviknight\n|-damage|p2b: Corviknight|8/100\n|move|p1a: Sneasler|Close Combat|p2b: Corviknight\n|-damage|p2b: Corviknight|0 fnt\n|-unboost|p1a: Sneasler|def|1\n|-unboost|p1a: Sneasler|spd|1\n|faint|p2b: Corviknight\n|\n|win|NoxxinVGC\n|raw|NoxxinVGC's rating: 1107 &rarr; <strong>1136</strong><br />(+29 for winning)\n|raw|eriylia's rating: 1160 &rarr; <strong>1131</strong><br />(-29 for losing)\n",
  "uploadtime": 1775949190,
  "views": 13,
  "formatid": "gen9championsvgc2026regma",
  "rating": 1131,
  "private": 0,
  "password": null
}