{
  "id": "gen9championsvgc2026regma-2585909914",
  "format": "[Gen 9 Champions] VGC 2026 Reg M-A",
  "players": [
    "mrwheel",
    "that is a sled"
  ],
  "log": "|j|\u2606mrwheel\n|j|\u2606that is a sled\n|t:|1776380589\n|gametype|doubles\n|player|p1|mrwheel|bugcatcher-gen4dp|1300\n|player|p2|that is a sled|scientist-gen4|1309\n|gen|9\n|tier|[Gen 9 Champions] VGC 2026 Reg M-A\n|rated|\n|rule|Species Clause: Limit one of each Pok\u00e9mon\n|rule|Item Clause: Limit 1 of each item\n|clearpoke\n|poke|p1|Venusaur, L50, F|\n|poke|p1|Garchomp, L50, M|\n|poke|p1|Pelipper, L50, M|\n|poke|p1|Kingambit, L50, F|\n|poke|p1|Charizard, L50, M|\n|poke|p1|Sableye, L50, F|\n|poke|p2|Froslass, L50, F|\n|poke|p2|Rotom-Frost, L50|\n|poke|p2|Slowking-Galar, L50, F|\n|poke|p2|Primarina, L50, M|\n|poke|p2|Mamoswine, L50, F|\n|poke|p2|Incineroar, L50, M|\n|teampreview|4\n|inactive|Battle timer is ON: inactive players will automatically lose when time's up. (requested by that is a sled)\n|inactive|that is a sled has 60 seconds left.\n|\n|t:|1776380624\n|teamsize|p1|4\n|teamsize|p2|4\n|start\n|switch|p1a: Charizard|Charizard, L50, M|100/100\n|switch|p1b: Sableye|Sableye, L50, F|100/100\n|switch|p2a: Rotom|Rotom-Frost, L50|100/100\n|switch|p2b: Froslass|Froslass, L50, F|100/100\n|turn|1\n|\n|t:|1776380642\n|detailschange|p1a: Charizard|Charizard-Mega-X, L50, M\n|-mega|p1a: Charizard|Charizard|Charizardite X\n|move|p2b: Froslass|Protect|p2b: Froslass\n|-singleturn|p2b: Froslass|Protect\n|move|p1b: Sableye|Fake Out|p2a: Rotom\n|-damage|p2a: Rotom|89/100\n|cant|p2a: Rotom|flinch\n|move|p1a: Charizard|Flare Blitz|p2b: Froslass\n|-activate|p2b: Froslass|move: Protect\n|\n|upkeep\n|turn|2\n|\n|t:|1776380662\n|switch|p2b: Slowking|Slowking-Galar, L50, F|100/100\n|move|p1b: Sableye|Encore||[still]\n|-fail|p1b: Sableye\n|move|p2a: Rotom|Trick|p1b: Sableye\n|-activate|p2a: Rotom|move: Trick|[of] p1b: Sableye\n|-item|p1b: Sableye|Choice Scarf|[from] move: Trick\n|-item|p2a: Rotom|Roseli Berry|[from] move: Trick\n|move|p1a: Charizard|Dragon Dance|p1a: Charizard\n|-boost|p1a: Charizard|atk|1\n|-boost|p1a: Charizard|spe|1\n|\n|upkeep\n|turn|3\n|inactive|mrwheel has 30 seconds left.\n|inactive|that is a sled has 30 seconds left.\n|inactive|mrwheel has 20 seconds left.\n|\n|t:|1776380700\n|move|p1b: Sableye|Encore|p2a: Rotom\n|-start|p2a: Rotom|Encore\n|move|p1a: Charizard|Dragon Claw|p2b: Slowking\n|-damage|p2b: Slowking|38/100\n|move|p2a: Rotom|Trick||[still]\n|-fail|p2a: Rotom\n|move|p2b: Slowking|Sludge Bomb|p1a: Charizard\n|-damage|p1a: Charizard|51/100\n|\n|upkeep\n|turn|4\n|\n|t:|1776380722\n|switch|p2a: Primarina|Primarina, L50, M|100/100\n|switch|p1b: Kingambit|Kingambit, L50, F|100/100\n|move|p2b: Slowking|Protect|p2b: Slowking\n|-singleturn|p2b: Slowking|Protect\n|move|p1a: Charizard|Dragon Claw|p2b: Slowking\n|-activate|p2b: Slowking|move: Protect\n|\n|upkeep\n|turn|5\n|\n|t:|1776380740\n|switch|p2b: Rotom|Rotom-Frost, L50|89/100\n|move|p1a: Charizard|Protect|p1a: Charizard\n|-singleturn|p1a: Charizard|Protect\n|move|p2a: Primarina|Calm Mind|p2a: Primarina\n|-boost|p2a: Primarina|spa|1\n|-boost|p2a: Primarina|spd|1\n|move|p1b: Kingambit|Iron Head|p2a: Primarina\n|-damage|p2a: Primarina|61/100\n|\n|-heal|p2a: Primarina|67/100|[from] item: Leftovers\n|upkeep\n|turn|6\n|inactive|mrwheel has 30 seconds left.\n|\n|t:|1776380768\n|move|p2a: Primarina|Protect|p2a: Primarina\n|-singleturn|p2a: Primarina|Protect\n|move|p1a: Charizard|Flare Blitz|p2a: Primarina\n|-activate|p2a: Primarina|move: Protect\n|move|p2b: Rotom|Electroweb|p1b: Kingambit|[spread] p1a,p1b\n|-resisted|p1a: Charizard|1\n|-damage|p1a: Charizard|39/100\n|-damage|p1b: Kingambit|81/100\n|-unboost|p1a: Charizard|spe|1\n|-unboost|p1b: Kingambit|spe|1\n|-ability|p1b: Kingambit|Defiant|boost\n|-boost|p1b: Kingambit|atk|2\n|move|p1b: Kingambit|Assurance|p2a: Primarina\n|-activate|p2a: Primarina|move: Protect\n|\n|-heal|p2a: Primarina|73/100|[from] item: Leftovers\n|upkeep\n|turn|7\n|\n|t:|1776380793\n|move|p1a: Charizard|Dragon Claw|p2b: Rotom\n|-damage|p2b: Rotom|0 fnt\n|faint|p2b: Rotom\n|move|p2a: Primarina|Hyper Voice|p1a: Charizard|[spread] p1a,p1b\n|-damage|p1a: Charizard|0 fnt\n|-damage|p1b: Kingambit|41/100\n|faint|p1a: Charizard\n|move|p1b: Kingambit|Iron Head|p2a: Primarina\n|-damage|p2a: Primarina|0 fnt\n|faint|p2a: Primarina\n|\n|upkeep\n|\n|t:|1776380815\n|switch|p1a: Sableye|Sableye, L50, F|100/100\n|switch|p2b: Slowking|Slowking-Galar, L50, F|71/100\n|switch|p2a: Froslass|Froslass, L50, F|100/100\n|turn|8\n|inactive|mrwheel has 30 seconds left.\n|\n|t:|1776380842\n|detailschange|p2a: Froslass|Froslass-Mega, L50, F\n|-mega|p2a: Froslass|Froslass|Froslassite\n|-weather|Snowscape|[from] ability: Snow Warning|[of] p2a: Froslass\n|move|p1b: Kingambit|Sucker Punch||[still]\n|-fail|p1b: Kingambit\n|move|p2a: Froslass|Aurora Veil|p2a: Froslass\n|-sidestart|p2: that is a sled|move: Aurora Veil\n|move|p1a: Sableye|Foul Play|p2a: Froslass\n|-supereffective|p2a: Froslass|1\n|-damage|p2a: Froslass|69/100\n|move|p2b: Slowking|Taunt|p1a: Sableye\n|-start|p1a: Sableye|move: Taunt\n|\n|-weather|Snowscape|[upkeep]\n|upkeep\n|turn|9\n|\n|t:|1776380860\n|move|p1b: Kingambit|Sucker Punch|p2a: Froslass\n|-supereffective|p2a: Froslass|1\n|-damage|p2a: Froslass|0 fnt\n|faint|p2a: Froslass\n|move|p1a: Sableye|Foul Play|p2b: Slowking\n|-supereffective|p2b: Slowking|1\n|-damage|p2b: Slowking|51/100\n|move|p2b: Slowking|Sludge Bomb|p1a: Sableye\n|-resisted|p1a: Sableye|1\n|-damage|p1a: Sableye|81/100\n|\n|-weather|Snowscape|[upkeep]\n|upkeep\n|turn|10\n|-message|that is a sled forfeited.\n|\n|win|mrwheel\n|raw|mrwheel's rating: 1300 &rarr; <strong>1326</strong><br />(+26 for winning)\n|raw|that is a sled's rating: 1309 &rarr; <strong>1288</strong><br />(-21 for losing)\n|l|\u2606that is a sled\n|player|p2|\n",
  "uploadtime": 1776380880,
  "views": 23,
  "formatid": "gen9championsvgc2026regma",
  "rating": 1288,
  "private": 0,
  "password": null
}