{
  "id": "gen9championsvgc2026regma-2586100566",
  "format": "[Gen 9 Champions] VGC 2026 Reg M-A",
  "players": [
    "thiccynicky12",
    "Phillip Blevin"
  ],
  "log": "|j|\u2606thiccynicky12\n|j|\u2606Phillip Blevin\n|t:|1776399058\n|gametype|doubles\n|player|p1|thiccynicky12|saturn|1210\n|player|p2|Phillip Blevin|cynthia-masters4|1308\n|gen|9\n|tier|[Gen 9 Champions] VGC 2026 Reg M-A\n|rated|\n|rule|Species Clause: Limit one of each Pok\u00e9mon\n|rule|Item Clause: Limit 1 of each item\n|clearpoke\n|poke|p1|Victreebel, L50, F|\n|poke|p1|Maushold, L50|\n|poke|p1|Aerodactyl, L50, M|\n|poke|p1|Sinistcha, L50|\n|poke|p1|Basculegion, L50, M|\n|poke|p1|Excadrill, L50, F|\n|poke|p2|Froslass, L50, F|\n|poke|p2|Corviknight, L50, M|\n|poke|p2|Incineroar, L50, F|\n|poke|p2|Rotom-Mow, L50|\n|poke|p2|Sneasler, L50, F|\n|poke|p2|Primarina, L50, F|\n|teampreview|4\n|inactive|Battle timer is ON: inactive players will automatically lose when time's up. (requested by Phillip Blevin)\n|inactive|thiccynicky12 also wants the timer to be on.\nPhillip Blevin has agreed to open team sheets.\n|inactive|thiccynicky12 has 60 seconds left.\n|inactive|Phillip Blevin has 60 seconds left.\n|\n|t:|1776399106\n|teamsize|p1|4\n|teamsize|p2|4\n|start\n|switch|p1a: Aerodactyl|Aerodactyl, L50, M|100/100\n|switch|p1b: Victreebel|Victreebel, L50, F|100/100\n|switch|p2a: Rotom|Rotom-Mow, L50|100/100\n|switch|p2b: Froslass|Froslass, L50, F|100/100\n|-ability|p1a: Aerodactyl|Unnerve\n|turn|1\n|\n|t:|1776399123\n|detailschange|p1b: Victreebel|Victreebel-Mega, L50, F\n|-mega|p1b: Victreebel|Victreebel|Victreebelite\n|move|p2b: Froslass|Protect|p2b: Froslass\n|-singleturn|p2b: Froslass|Protect\n|move|p2a: Rotom|Electroweb|p1b: Victreebel|[spread] p1a,p1b\n|-supereffective|p1a: Aerodactyl|1\n|-resisted|p1b: Victreebel|1\n|-damage|p1a: Aerodactyl|58/100\n|-damage|p1b: Victreebel|93/100\n|-unboost|p1a: Aerodactyl|spe|1\n|-unboost|p1b: Victreebel|spe|1\n|move|p1a: Aerodactyl|Rock Slide|p2a: Rotom|[spread] p2a\n|-activate|p2b: Froslass|move: Protect\n|-crit|p2a: Rotom\n|-damage|p2a: Rotom|56/100\n|move|p1b: Victreebel|Poison Jab|p2b: Froslass\n|-activate|p2b: Froslass|move: Protect\n|\n|upkeep\n|turn|2\n|inactive|thiccynicky12 has 30 seconds left.\n|\n|t:|1776399153\n|switch|p2a: Incineroar|Incineroar, L50, F|100/100\n|-ability|p2a: Incineroar|Intimidate|boost\n|-unboost|p1a: Aerodactyl|atk|1\n|-unboost|p1b: Victreebel|atk|1\n|switch|p1a: Maushold|Maushold, L50|100/100\n|detailschange|p2b: Froslass|Froslass-Mega, L50, F\n|-mega|p2b: Froslass|Froslass|Froslassite\n|-weather|Snowscape|[from] ability: Snow Warning|[of] p2b: Froslass\n|move|p2b: Froslass|Blizzard|p1b: Victreebel|[spread] p1a,p1b\n|-supereffective|p1b: Victreebel|1\n|-damage|p1a: Maushold|44/100\n|-damage|p1b: Victreebel|28/100\n|-status|p1a: Maushold|frz\n|-enditem|p1a: Maushold|Sitrus Berry|[eat]\n|-heal|p1a: Maushold|69/100 frz|[from] item: Sitrus Berry\n|move|p1b: Victreebel|Swords Dance|p1b: Victreebel\n|-boost|p1b: Victreebel|atk|2\n|\n|-weather|Snowscape|[upkeep]\n|upkeep\n|turn|3\n|\n|t:|1776399177\n|move|p1b: Victreebel|Protect|p1b: Victreebel\n|-singleturn|p1b: Victreebel|Protect\n|move|p2a: Incineroar|Fake Out|p1a: Maushold\n|-damage|p1a: Maushold|55/100 frz\n|cant|p1a: Maushold|frz\n|move|p2b: Froslass|Blizzard|p1a: Maushold|[spread] p1a\n|-activate|p1b: Victreebel|move: Protect\n|-damage|p1a: Maushold|0 fnt\n|faint|p1a: Maushold\n|\n|-weather|Snowscape|[upkeep]\n|upkeep\n|\n|t:|1776399194\n|switch|p1a: Aerodactyl|Aerodactyl, L50, M|58/100\n|-ability|p1a: Aerodactyl|Unnerve\n|turn|4\n|\n|t:|1776399200\n|move|p1b: Victreebel|Sucker Punch|p2b: Froslass\n|-supereffective|p2b: Froslass|1\n|-damage|p2b: Froslass|11/100\n|move|p1a: Aerodactyl|Rock Slide|p2a: Incineroar|[spread] p2a,p2b\n|-supereffective|p2a: Incineroar|1\n|-supereffective|p2b: Froslass|1\n|-damage|p2a: Incineroar|65/100\n|-damage|p2b: Froslass|0 fnt\n|faint|p2b: Froslass\n|move|p2a: Incineroar|Parting Shot|p1a: Aerodactyl\n|-unboost|p1a: Aerodactyl|atk|1\n|-unboost|p1a: Aerodactyl|spa|1\n|\n|t:|1776399211\n|switch|p2a: Rotom|Rotom-Mow, L50|56/100|[from] Parting Shot\n|\n|-weather|Snowscape|[upkeep]\n|upkeep\n|\n|t:|1776399215\n|switch|p2b: Corviknight|Corviknight, L50, M|100/100\n|turn|5\n|\n|t:|1776399230\n|switch|p1a: Sinistcha|Sinistcha, L50|100/100\n|-heal|p1b: Victreebel|53/100|[from] ability: Hospitality|[of] p1a: Sinistcha\n|move|p2a: Rotom|Electroweb|p1a: Sinistcha|[spread] p1a,p1b\n|-resisted|p1a: Sinistcha|1\n|-resisted|p1b: Victreebel|1\n|-damage|p1a: Sinistcha|92/100\n|-damage|p1b: Victreebel|45/100\n|-unboost|p1a: Sinistcha|spe|1\n|-unboost|p1b: Victreebel|spe|1\n|move|p2b: Corviknight|Bulk Up|p2b: Corviknight\n|-boost|p2b: Corviknight|atk|1\n|-boost|p2b: Corviknight|def|1\n|move|p1b: Victreebel|Poison Jab|p2a: Rotom\n|-supereffective|p2a: Rotom|1\n|-crit|p2a: Rotom\n|-damage|p2a: Rotom|0 fnt\n|faint|p2a: Rotom\n|\n|-weather|Snowscape|[upkeep]\n|upkeep\n|\n|t:|1776399237\n|switch|p2a: Incineroar|Incineroar, L50, F|65/100\n|-ability|p2a: Incineroar|Intimidate|boost\n|-unboost|p1a: Sinistcha|atk|1\n|-unboost|p1b: Victreebel|atk|1\n|turn|6\n|\n|t:|1776399255\n|move|p1b: Victreebel|Protect|p1b: Victreebel\n|-singleturn|p1b: Victreebel|Protect\n|move|p2b: Corviknight|Brave Bird|p1a: Sinistcha\n|-supereffective|p1a: Sinistcha|1\n|-damage|p1a: Sinistcha|20/100\n|-damage|p2b: Corviknight|80/100|[from] Recoil\n|move|p2a: Incineroar|Flare Blitz|p1b: Victreebel\n|-activate|p1b: Victreebel|move: Protect\n|move|p1a: Sinistcha|Matcha Gotcha|p2a: Incineroar|[spread] p2a,p2b\n|-resisted|p2a: Incineroar|1\n|-resisted|p2b: Corviknight|2\n|-damage|p2a: Incineroar|53/100\n|-heal|p1a: Sinistcha|26/100|[from] drain|[of] p2a: Incineroar\n|-damage|p2b: Corviknight|75/100\n|-heal|p1a: Sinistcha|30/100|[from] drain|[of] p2b: Corviknight\n|\n|-weather|none\n|-heal|p2b: Corviknight|80/100|[from] item: Leftovers\n|upkeep\n|turn|7\n|inactive|thiccynicky12 has 30 seconds left.\n|inactive|thiccynicky12 has 20 seconds left.\n|inactive|thiccynicky12 has 15 seconds left.\n|\n|t:|1776399296\n|switch|p1b: Aerodactyl|Aerodactyl, L50, M|58/100\n|-ability|p1b: Aerodactyl|Unnerve\n|move|p1a: Sinistcha|Protect|p1a: Sinistcha\n|-singleturn|p1a: Sinistcha|Protect\n|move|p2b: Corviknight|Brave Bird|p1a: Sinistcha\n|-activate|p1a: Sinistcha|move: Protect\n|move|p2a: Incineroar|Flare Blitz|p1b: Aerodactyl\n|-resisted|p1b: Aerodactyl|1\n|-crit|p1b: Aerodactyl\n|-damage|p1b: Aerodactyl|2/100\n|-damage|p2a: Incineroar|39/100|[from] Recoil\n|\n|-heal|p2b: Corviknight|86/100|[from] item: Leftovers\n|upkeep\n|turn|8\n|inactive|thiccynicky12 has 30 seconds left.\n|\n|t:|1776399326\n|move|p1b: Aerodactyl|Rock Slide|p2b: Corviknight|[spread] p2b\n|-miss|p1b: Aerodactyl|p2a: Incineroar\n|-damage|p2b: Corviknight|76/100\n|move|p2b: Corviknight|Brave Bird|p1a: Sinistcha\n|-supereffective|p1a: Sinistcha|1\n|-damage|p1a: Sinistcha|0 fnt\n|faint|p1a: Sinistcha\n|-damage|p2b: Corviknight|67/100|[from] Recoil\n|move|p2a: Incineroar|Flare Blitz|p1b: Aerodactyl\n|-resisted|p1b: Aerodactyl|1\n|-damage|p1b: Aerodactyl|0 fnt\n|faint|p1b: Aerodactyl\n|-damage|p2a: Incineroar|38/100|[from] Recoil\n|\n|-heal|p2b: Corviknight|73/100|[from] item: Leftovers\n|upkeep\n|\n|t:|1776399335\n|switch|p1b: Victreebel|Victreebel-Mega, L50, F|45/100\n|turn|9\n|\n|t:|1776399345\n|move|p1b: Victreebel|Poison Jab|p2a: Incineroar\n|-damage|p2a: Incineroar|3/100\n|-status|p2a: Incineroar|psn\n|move|p2b: Corviknight|Brave Bird|p1b: Victreebel\n|-supereffective|p1b: Victreebel|1\n|-damage|p1b: Victreebel|0 fnt\n|-damage|p2b: Corviknight|33/100|[from] ability: Innards Out|[of] p1b: Victreebel\n|faint|p1b: Victreebel\n|-damage|p2b: Corviknight|20/100|[from] Recoil\n|\n|win|Phillip Blevin\n|raw|thiccynicky12's rating: 1210 &rarr; <strong>1192</strong><br />(-18 for losing)\n|raw|Phillip Blevin's rating: 1308 &rarr; <strong>1323</strong><br />(+15 for winning)\n",
  "uploadtime": 1776399346,
  "views": 16,
  "formatid": "gen9championsvgc2026regma",
  "rating": 1192,
  "private": 0,
  "password": null
}