{
  "id": "gen9championsvgc2026regma-2587266403",
  "format": "[Gen 9 Champions] VGC 2026 Reg M-A",
  "players": [
    "GodfatherKD",
    "Over The Falls"
  ],
  "log": "|j|\u2606GodfatherKD\n|j|\u2606Over The Falls\n|t:|1776516269\n|gametype|doubles\n|player|p1|GodfatherKD|hilbert|1054\n|player|p2|Over The Falls|fisherman|1113\n|gen|9\n|tier|[Gen 9 Champions] VGC 2026 Reg M-A\n|rated|\n|rule|Species Clause: Limit one of each Pok\u00e9mon\n|rule|Item Clause: Limit 1 of each item\n|clearpoke\n|poke|p1|Meganium, L50, M|\n|poke|p1|Archaludon, L50, F|\n|poke|p1|Basculegion, L50, M|\n|poke|p1|Pelipper, L50, M|\n|poke|p1|Incineroar, L50, F|\n|poke|p1|Corviknight, L50, M|\n|poke|p2|Machamp, L50, F|\n|poke|p2|Slowbro, L50, M|\n|poke|p2|Incineroar, L50, M|\n|poke|p2|Sinistcha, L50|\n|poke|p2|Hydreigon, L50, M|\n|poke|p2|Excadrill, L50, F|\n|teampreview|4\n|\n|t:|1776516305\n|teamsize|p1|4\n|teamsize|p2|4\n|start\n|switch|p1a: Zuko|Meganium, L50, M|100/100\n|switch|p1b: Orlando|Corviknight, L50, M|100/100\n|switch|p2a: Sinistcha|Sinistcha, L50|100/100\n|switch|p2b: Hydreigon|Hydreigon, L50, M|100/100\n|-ability|p1b: Orlando|Pressure\n|turn|1\n|\n|t:|1776516344\n|detailschange|p1a: Zuko|Meganium-Mega, L50, M\n|-mega|p1a: Zuko|Meganium|Meganiumite\n|move|p2b: Hydreigon|U-turn|p1a: Zuko\n|-damage|p1a: Zuko|85/100\n|\n|t:|1776516354\n|switch|p2b: Machamo|Machamp, L50, F|100/100|[from] U-turn\n|move|p1a: Zuko|Weather Ball|p2a: Sinistcha\n|-supereffective|p2a: Sinistcha|1\n|-damage|p2a: Sinistcha|41/100\n|move|p1b: Orlando|Bulk Up|p1b: Orlando\n|-boost|p1b: Orlando|atk|1\n|-boost|p1b: Orlando|def|1\n|move|p2a: Sinistcha|Trick Room|p2a: Sinistcha\n|-fieldstart|move: Trick Room|[of] p2a: Sinistcha\n|\n|upkeep\n|turn|2\n|\n|t:|1776516392\n|move|p1a: Zuko|Protect|p1a: Zuko\n|-singleturn|p1a: Zuko|Protect\n|move|p2b: Machamo|Cross Chop|p1b: Orlando\n|-crit|p1b: Orlando\n|-damage|p1b: Orlando|33/100\n|move|p2a: Sinistcha|Strength Sap|p1b: Orlando\n|-unboost|p1b: Orlando|atk|1\n|-heal|p2a: Sinistcha|100/100\n|move|p1b: Orlando|Brave Bird|p2b: Machamo\n|-supereffective|p2b: Machamo|1\n|-damage|p2b: Machamo|26/100\n|-damage|p1b: Orlando|6/100|[from] Recoil\n|\n|-heal|p1b: Orlando|11/100|[from] item: Leftovers\n|upkeep\n|turn|3\n|\n|t:|1776516420\n|move|p2b: Machamo|Cross Chop|p1b: Orlando\n|-damage|p1b: Orlando|0 fnt\n|faint|p1b: Orlando\n|move|p2a: Sinistcha|Calm Mind|p2a: Sinistcha\n|-boost|p2a: Sinistcha|spa|1\n|-boost|p2a: Sinistcha|spd|1\n|move|p1a: Zuko|Weather Ball|p2a: Sinistcha\n|-supereffective|p2a: Sinistcha|1\n|-damage|p2a: Sinistcha|63/100\n|\n|upkeep\n|\n|t:|1776516430\n|switch|p1b: Pepper|Pelipper, L50, M|100/100\n|-weather|RainDance|[from] ability: Drizzle|[of] p1b: Pepper\n|turn|4\n|\n|t:|1776516466\n|move|p2b: Machamo|Stone Edge|p1a: Zuko\n|-crit|p1a: Zuko\n|-damage|p1a: Zuko|26/100\n|move|p2a: Sinistcha|Matcha Gotcha|p1a: Zuko|[spread] p1a,p1b\n|-resisted|p1a: Zuko|1\n|-damage|p1a: Zuko|9/100\n|-heal|p2a: Sinistcha|71/100|[from] drain|[of] p1a: Zuko\n|-damage|p1b: Pepper|45/100\n|-heal|p2a: Sinistcha|95/100|[from] drain|[of] p1b: Pepper\n|-status|p1a: Zuko|brn\n|move|p1b: Pepper|U-turn|p2a: Sinistcha\n|-damage|p2a: Sinistcha|87/100\n|\n|t:|1776516479\n|switch|p1b: Legion|Basculegion, L50, M|100/100|[from] U-turn\n|move|p1a: Zuko|Solar Beam||[still]\n|-prepare|p1a: Zuko|Solar Beam\n|-activate|p1a: Zuko|ability: Mega Sol\n|-anim|p1a: Zuko|Solar Beam|p2b: Machamo\n|-damage|p2b: Machamo|0 fnt\n|faint|p2b: Machamo\n|\n|-weather|RainDance|[upkeep]\n|-damage|p1a: Zuko|3/100 brn|[from] brn\n|upkeep\n|\n|t:|1776516506\n|switch|p2b: Hydreigon|Hydreigon, L50, M|100/100\n|turn|5\n|\n|t:|1776516517\n|move|p1a: Zuko|Protect|p1a: Zuko\n|-singleturn|p1a: Zuko|Protect\n|move|p2a: Sinistcha|Matcha Gotcha|p1a: Zuko|[spread] p1b\n|-activate|p1a: Zuko|move: Protect\n|-supereffective|p1b: Legion|1\n|-damage|p1b: Legion|27/100\n|-heal|p2a: Sinistcha|100/100|[from] drain|[of] p1b: Legion\n|move|p2b: Hydreigon|Dark Pulse|p1b: Legion\n|-supereffective|p1b: Legion|1\n|-damage|p1b: Legion|0 fnt\n|faint|p1b: Legion\n|\n|-weather|RainDance|[upkeep]\n|-damage|p1a: Zuko|0 fnt|[from] brn\n|faint|p1a: Zuko\n|-fieldend|move: Trick Room\n|upkeep\n|-message|GodfatherKD forfeited.\n|\n|win|Over The Falls\n|raw|GodfatherKD's rating: 1054 &rarr; <strong>1039</strong><br />(-15 for losing)\n|raw|Over The Falls's rating: 1113 &rarr; <strong>1134</strong><br />(+21 for winning)\n|l|\u2606Over The Falls\n|player|p2|\n|j|\u2606Over The Falls\n|player|p2|Over The Falls|fisherman|\n",
  "uploadtime": 1776516540,
  "views": 12,
  "formatid": "gen9championsvgc2026regma",
  "rating": 1039,
  "private": 0,
  "password": null
}