{
  "id": "gen9championsvgc2026regma-2586495311",
  "format": "[Gen 9 Champions] VGC 2026 Reg M-A",
  "players": [
    "Issa_xx",
    "DarkerJmanX31"
  ],
  "log": "|j|\u2606Issa_xx\n|j|\u2606DarkerJmanX31\n|t:|1776438628\n|gametype|doubles\n|player|p1|Issa_xx|dahlia|1134\n|player|p2|DarkerJmanX31|266|1086\n|gen|9\n|tier|[Gen 9 Champions] VGC 2026 Reg M-A\n|rated|\n|rule|Species Clause: Limit one of each Pok\u00e9mon\n|rule|Item Clause: Limit 1 of each item\n|clearpoke\n|poke|p1|Politoed, L50, M|\n|poke|p1|Aerodactyl, L50, F|\n|poke|p1|Tyranitar, L50, F|\n|poke|p1|Kingambit, L50, M|\n|poke|p1|Sneasler, L50, F|\n|poke|p1|Dragonite, L50, M|\n|poke|p2|Milotic, L50, F|\n|poke|p2|Dragonite, L50, F|\n|poke|p2|Gengar, L50, F|\n|poke|p2|Arcanine-Hisui, L50, M|\n|poke|p2|Zoroark-Hisui, L50, M|\n|poke|p2|Venusaur, L50, F|\n|teampreview|4\n|inactive|Battle timer is ON: inactive players will automatically lose when time's up. (requested by Issa_xx)\n|inactive|Issa_xx has 60 seconds left.\n|inactive|DarkerJmanX31 has 60 seconds left.\n|\n|t:|1776438661\n|teamsize|p1|4\n|teamsize|p2|4\n|start\n|switch|p1a: Sneasler|Sneasler, L50, F|100/100\n|switch|p1b: Kingambit|Kingambit, L50, M|100/100\n|switch|p2a: Milotic|Milotic, L50, F|100/100\n|switch|p2b: Arcanine|Arcanine-Hisui, L50, M|100/100\n|-ability|p2b: Arcanine|Intimidate|boost\n|-unboost|p1a: Sneasler|atk|1\n|-unboost|p1b: Kingambit|atk|1\n|-ability|p1b: Kingambit|Defiant|boost\n|-boost|p1b: Kingambit|atk|2\n|turn|1\n|\n|t:|1776438680\n|move|p1a: Sneasler|Fake Out|p2b: Arcanine\n|-resisted|p2b: Arcanine|1\n|-damage|p2b: Arcanine|96/100\n|cant|p2b: Arcanine|flinch\n|move|p2a: Milotic|Scald|p1a: Sneasler\n|-damage|p1a: Sneasler|55/100\n|-status|p1a: Sneasler|brn\n|move|p1b: Kingambit|Kowtow Cleave|p2a: Milotic\n|-damage|p2a: Milotic|36/100\n|\n|-heal|p2a: Milotic|42/100|[from] item: Leftovers\n|-damage|p1a: Sneasler|50/100 brn|[from] brn\n|upkeep\n|turn|2\n|inactive|DarkerJmanX31 has 30 seconds left.\n|\n|t:|1776438711\n|move|p1b: Kingambit|Sucker Punch||[still]\n|-fail|p1b: Kingambit\n|move|p1a: Sneasler|Close Combat|p2b: Arcanine\n|-supereffective|p2b: Arcanine|1\n|-damage|p2b: Arcanine|48/100\n|-unboost|p1a: Sneasler|def|1\n|-unboost|p1a: Sneasler|spd|1\n|move|p2b: Arcanine|Flare Blitz|p1b: Kingambit\n|-supereffective|p1b: Kingambit|1\n|-damage|p1b: Kingambit|1/100\n|-damage|p2b: Arcanine|12/100|[from] Recoil\n|move|p2a: Milotic|Recover|p2a: Milotic\n|-heal|p2a: Milotic|92/100\n|\n|-heal|p2a: Milotic|98/100|[from] item: Leftovers\n|-damage|p1a: Sneasler|44/100 brn|[from] brn\n|upkeep\n|turn|3\n|inactive|DarkerJmanX31 has 30 seconds left.\n|\n|t:|1776438740\n|move|p2b: Arcanine|Extreme Speed|p1b: Kingambit\n|-resisted|p1b: Kingambit|1\n|-damage|p1b: Kingambit|0 fnt\n|faint|p1b: Kingambit\n|move|p1a: Sneasler|Dire Claw|p2a: Milotic\n|-damage|p2a: Milotic|85/100\n|-status|p2a: Milotic|slp\n|cant|p2a: Milotic|slp\n|\n|-heal|p2a: Milotic|91/100 slp|[from] item: Leftovers\n|-damage|p1a: Sneasler|38/100 brn|[from] brn\n|upkeep\n|\n|t:|1776438751\n|switch|p1b: Politoed|Politoed, L50, M|100/100\n|-weather|RainDance|[from] ability: Drizzle|[of] p1b: Politoed\n|turn|4\n|inactive|DarkerJmanX31 has 30 seconds left.\n|\n|t:|1776438786\n|switch|p2a: Dragonite|Dragonite, L50, F|100/100\n|move|p2b: Arcanine|Extreme Speed|p1a: Sneasler\n|-damage|p1a: Sneasler|0 fnt\n|faint|p1a: Sneasler\n|move|p1b: Politoed|Substitute|p1b: Politoed\n|-start|p1b: Politoed|Substitute\n|-damage|p1b: Politoed|76/100\n|\n|-weather|RainDance|[upkeep]\n|upkeep\n|\n|t:|1776438797\n|switch|p1a: Tyranitar|Tyranitar, L50, F|100/100\n|-weather|Sandstorm|[from] ability: Sand Stream|[of] p1a: Tyranitar\n|turn|5\n|\n|t:|1776438810\n|detailschange|p2a: Dragonite|Dragonite-Mega, L50, F\n|-mega|p2a: Dragonite|Dragonite|Dragoninite\n|move|p2b: Arcanine|Rock Slide|p1a: Tyranitar|[spread] p1a,p1b\n|-end|p1b: Politoed|Substitute\n|-damage|p1a: Tyranitar|81/100\n|move|p2a: Dragonite|Draco Meteor|p1a: Tyranitar|[miss]\n|-miss|p2a: Dragonite|p1a: Tyranitar\n|move|p1b: Politoed|Weather Ball|p2a: Dragonite\n|-supereffective|p2a: Dragonite|1\n|-damage|p2a: Dragonite|79/100\n|cant|p1a: Tyranitar|flinch\n|\n|-weather|Sandstorm|[upkeep]\n|-damage|p2a: Dragonite|72/100|[from] Sandstorm\n|-damage|p1b: Politoed|70/100|[from] Sandstorm\n|upkeep\n|turn|6\n|inactive|DarkerJmanX31 has 30 seconds left.\n|\n|t:|1776438837\n|move|p2b: Arcanine|Rock Slide|p1a: Tyranitar|[spread] p1a,p1b\n|-damage|p1a: Tyranitar|64/100\n|-damage|p1b: Politoed|41/100\n|-enditem|p1b: Politoed|Sitrus Berry|[eat]\n|-heal|p1b: Politoed|65/100|[from] item: Sitrus Berry\n|move|p2a: Dragonite|Draco Meteor|p1a: Tyranitar\n|-damage|p1a: Tyranitar|28/100\n|-unboost|p2a: Dragonite|spa|2\n|move|p1b: Politoed|Weather Ball|p2a: Dragonite\n|-supereffective|p2a: Dragonite|1\n|-damage|p2a: Dragonite|27/100\n|move|p1a: Tyranitar|Rock Slide|p2b: Arcanine|[spread] p2a,p2b\n|-supereffective|p2a: Dragonite|1\n|-supereffective|p2b: Arcanine|1\n|-damage|p2a: Dragonite|0 fnt\n|-damage|p2b: Arcanine|0 fnt\n|faint|p2a: Dragonite\n|faint|p2b: Arcanine\n|\n|-weather|Sandstorm|[upkeep]\n|-damage|p1b: Politoed|59/100|[from] Sandstorm\n|upkeep\n|\n|t:|1776438860\n|switch|p2b: Milotic|Milotic, L50, F|91/100 slp\n|switch|p2a: Milotic|Milotic, L50, F|100/100\n|turn|7\n|\n|t:|1776438877\n|detailschange|p1a: Tyranitar|Tyranitar-Mega, L50, F\n|-mega|p1a: Tyranitar|Tyranitar|Tyranitarite\n|move|p2a: Milotic|Hyper Voice|p1b: Politoed|[spread] p1a,p1b\n|-resisted|p1a: Tyranitar|1\n|-damage|p1a: Tyranitar|20/100\n|-damage|p1b: Politoed|30/100\n|-curestatus|p2b: Milotic|slp|[msg]\n|move|p2b: Milotic|Scald|p1a: Tyranitar\n|-supereffective|p1a: Tyranitar|1\n|-damage|p1a: Tyranitar|0 fnt\n|faint|p1a: Tyranitar\n|move|p1b: Politoed|Substitute|p1b: Politoed\n|-start|p1b: Politoed|Substitute\n|-damage|p1b: Politoed|5/100\n|\n|-weather|Sandstorm|[upkeep]\n|-damage|p2a: Milotic|94/100|[from] Sandstorm\n|-damage|p2b: Milotic|85/100|[from] Sandstorm\n|-damage|p1b: Politoed|0 fnt|[from] Sandstorm\n|faint|p1b: Politoed\n|\n|win|DarkerJmanX31\n|raw|Issa_xx's rating: 1134 &rarr; <strong>1106</strong><br />(-28 for losing)\n|raw|DarkerJmanX31's rating: 1086 &rarr; <strong>1117</strong><br />(+31 for winning)\n|l|\u2606Issa_xx\n|player|p1|\n",
  "uploadtime": 1776438896,
  "views": 23,
  "formatid": "gen9championsvgc2026regma",
  "rating": 1106,
  "private": 0,
  "password": null
}