{
  "id": "gen9championsvgc2026regma-2588329384",
  "format": "[Gen 9 Champions] VGC 2026 Reg M-A",
  "players": [
    "MirageTroupe",
    "sunsetscythe"
  ],
  "log": "|j|\u2606MirageTroupe\n|j|\u2606sunsetscythe\n|t:|1776624577\n|gametype|doubles\n|player|p1|MirageTroupe|ingo|1028\n|player|p2|sunsetscythe|169|1022\n|gen|9\n|tier|[Gen 9 Champions] VGC 2026 Reg M-A\n|rated|\n|rule|Species Clause: Limit one of each Pok\u00e9mon\n|rule|Item Clause: Limit 1 of each item\n|clearpoke\n|poke|p1|Glimmora, L50, F|\n|poke|p1|Weavile, L50, F|\n|poke|p1|Gyarados, L50, M, shiny|\n|poke|p1|Tyranitar, L50, M|\n|poke|p1|Whimsicott, L50, F|\n|poke|p1|Scizor, L50, M|\n|poke|p2|Meowstic-F, L50, F, shiny|\n|poke|p2|Decidueye, L50, F, shiny|\n|poke|p2|Toucannon, L50, M, shiny|\n|poke|p2|Arcanine-Hisui, L50, M|\n|poke|p2|Maushold-Four, L50|\n|poke|p2|Kommo-o, L50, F|\n|teampreview|4\n|j| slakingsd\n|\n|t:|1776624623\n|teamsize|p1|4\n|teamsize|p2|4\n|start\n|switch|p1a: Glimmora|Glimmora, L50, F|100/100\n|switch|p1b: Scizor|Scizor, L50, M|100/100\n|switch|p2a: Arcanine|Arcanine-Hisui, L50, M|100/100\n|switch|p2b: Kommo-o|Kommo-o, L50, F|100/100\n|-ability|p2a: Arcanine|Intimidate|boost\n|-unboost|p1a: Glimmora|atk|1\n|-unboost|p1b: Scizor|atk|1\n|turn|1\n|\n|t:|1776624642\n|detailschange|p1a: Glimmora|Glimmora-Mega, L50, F\n|-mega|p1a: Glimmora|Glimmora|Glimmoranite\n|move|p1b: Scizor|Protect|p1b: Scizor\n|-singleturn|p1b: Scizor|Protect\n|move|p1a: Glimmora|Earth Power|p2a: Arcanine\n|-supereffective|p2a: Arcanine|2\n|-enditem|p2a: Arcanine|Shuca Berry|[eat]\n|-enditem|p2a: Arcanine|Shuca Berry|[weaken]\n|-damage|p2a: Arcanine|44/100\n|move|p2b: Kommo-o|Clangorous Soul|p2b: Kommo-o\n|-boost|p2b: Kommo-o|atk|1\n|-boost|p2b: Kommo-o|def|1\n|-boost|p2b: Kommo-o|spa|1\n|-boost|p2b: Kommo-o|spd|1\n|-boost|p2b: Kommo-o|spe|1\n|-damage|p2b: Kommo-o|68/100\n|move|p2a: Arcanine|Flare Blitz|p1b: Scizor\n|-activate|p1b: Scizor|move: Protect\n|\n|upkeep\n|turn|2\n|\n|t:|1776624665\n|move|p2b: Kommo-o|Clanging Scales|p1a: Glimmora|[spread] p1a,p1b\n|-resisted|p1b: Scizor|1\n|-damage|p1a: Glimmora|47/100\n|-damage|p1b: Scizor|80/100\n|-unboost|p2b: Kommo-o|def|1\n|move|p1a: Glimmora|Earth Power|p2a: Arcanine\n|-supereffective|p2a: Arcanine|2\n|-damage|p2a: Arcanine|0 fnt\n|faint|p2a: Arcanine\n|move|p1b: Scizor|Dual Wingbeat|p2b: Kommo-o\n|-supereffective|p2b: Kommo-o|1\n|-damage|p2b: Kommo-o|48/100\n|-enditem|p2b: Kommo-o|Sitrus Berry|[eat]\n|-heal|p2b: Kommo-o|73/100|[from] item: Sitrus Berry\n|-supereffective|p2b: Kommo-o|1\n|-damage|p2b: Kommo-o|52/100\n|-hitcount|p2b: Kommo-o|2\n|\n|upkeep\n|\n|t:|1776624681\n|switch|p2a: Meowstic|Meowstic-F, L50, F, shiny|100/100\n|turn|3\n|\n|t:|1776624695\n|switch|p1a: Gyarados|Gyarados, L50, M, shiny|100/100\n|-ability|p1a: Gyarados|Intimidate|boost\n|-unboost|p2a: Meowstic|atk|1\n|-ability|p2a: Meowstic|Competitive|boost\n|-boost|p2a: Meowstic|spa|2\n|-unboost|p2b: Kommo-o|atk|1\n|detailschange|p2a: Meowstic|Meowstic-F-Mega, L50, F, shiny\n|-mega|p2a: Meowstic|Meowstic|Meowsticite\n|-ability|p2a: Meowstic|Technician|Trace|[from] ability: Trace|[of] p1b: Scizor\n|move|p2b: Kommo-o|Aura Sphere|p1b: Scizor\n|-damage|p1b: Scizor|34/100\n|move|p2a: Meowstic|Psychic|p1a: Gyarados\n|-damage|p1a: Gyarados|17/100\n|-unboost|p1a: Gyarados|spd|1\n|move|p1b: Scizor|Dual Wingbeat|p2b: Kommo-o\n|-supereffective|p2b: Kommo-o|1\n|-damage|p2b: Kommo-o|33/100\n|-supereffective|p2b: Kommo-o|1\n|-damage|p2b: Kommo-o|14/100\n|-hitcount|p2b: Kommo-o|2\n|\n|upkeep\n|turn|4\n|\n|t:|1776624727\n|move|p2b: Kommo-o|Clanging Scales|p1a: Gyarados|[spread] p1a,p1b\n|-resisted|p1b: Scizor|1\n|-damage|p1a: Gyarados|0 fnt\n|-damage|p1b: Scizor|12/100\n|faint|p1a: Gyarados\n|-unboost|p2b: Kommo-o|def|1\n|move|p2a: Meowstic|Shadow Ball|p1b: Scizor\n|-damage|p1b: Scizor|0 fnt\n|faint|p1b: Scizor\n|\n|upkeep\n|\n|t:|1776624740\n|switch|p1a: Glimmora|Glimmora-Mega, L50, F|47/100\n|switch|p1b: Tyranitar|Tyranitar, L50, M|100/100\n|-weather|Sandstorm|[from] ability: Sand Stream|[of] p1b: Tyranitar\n|turn|5\n|\n|t:|1776624757\n|move|p1a: Glimmora|Protect|p1a: Glimmora\n|-singleturn|p1a: Glimmora|Protect\n|move|p2b: Kommo-o|Aura Sphere|p1b: Tyranitar\n|-supereffective|p1b: Tyranitar|2\n|-enditem|p1b: Tyranitar|Chople Berry|[eat]\n|-enditem|p1b: Tyranitar|Chople Berry|[weaken]\n|-damage|p1b: Tyranitar|55/100\n|move|p2a: Meowstic|Psychic|p1a: Glimmora\n|-activate|p1a: Glimmora|move: Protect\n|move|p1b: Tyranitar|Earthquake|p2a: Meowstic|[spread] p2a,p2b\n|-activate|p1a: Glimmora|move: Protect\n|-damage|p2a: Meowstic|65/100\n|-damage|p2b: Kommo-o|0 fnt\n|faint|p2b: Kommo-o\n|\n|-weather|Sandstorm|[upkeep]\n|-damage|p2a: Meowstic|59/100|[from] Sandstorm\n|upkeep\n|\n|t:|1776624776\n|switch|p2b: Decidueye|Decidueye, L50, F, shiny|100/100\n|turn|6\n|\n|t:|1776624797\n|move|p2a: Meowstic|Psychic|p1a: Glimmora\n|-supereffective|p1a: Glimmora|1\n|-damage|p1a: Glimmora|0 fnt\n|faint|p1a: Glimmora\n|move|p2b: Decidueye|Leaf Blade|p1b: Tyranitar\n|-supereffective|p1b: Tyranitar|1\n|-damage|p1b: Tyranitar|0 fnt\n|faint|p1b: Tyranitar\n|\n|win|sunsetscythe\n|raw|MirageTroupe's rating: 1028 &rarr; <strong>1014</strong><br />(-14 for losing)\n|raw|sunsetscythe's rating: 1022 &rarr; <strong>1059</strong><br />(+37 for winning)\n|l|\u2606MirageTroupe\n|player|p1|\n",
  "uploadtime": 1776624806,
  "views": 9,
  "formatid": "gen9championsvgc2026regma",
  "rating": 1014,
  "private": 0,
  "password": null
}