{
  "id": "gen9championsvgc2026regma-2588402049",
  "format": "[Gen 9 Champions] VGC 2026 Reg M-A",
  "players": [
    "Dmy99",
    "Dr. Papus"
  ],
  "log": "|j|\u2606Dmy99\n|j|\u2606Dr. Papus\n|t:|1776630478\n|gametype|doubles\n|player|p1|Dmy99|101|1435\n|player|p2|Dr. Papus|morty|1489\n|gen|9\n|tier|[Gen 9 Champions] VGC 2026 Reg M-A\n|rated|\n|rule|Species Clause: Limit one of each Pok\u00e9mon\n|rule|Item Clause: Limit 1 of each item\n|clearpoke\n|poke|p1|Rotom-Wash, L50|\n|poke|p1|Garchomp, L50, M|\n|poke|p1|Floette-Eternal, L50, F|\n|poke|p1|Slowbro, L50, F|\n|poke|p1|Corviknight, L50, M|\n|poke|p1|Kangaskhan, L50, F|\n|poke|p2|Tyranitar, L50, M, shiny|\n|poke|p2|Gardevoir, L50, F|\n|poke|p2|Sneasler, L50, F|\n|poke|p2|Corviknight, L50, M|\n|poke|p2|Rotom-Wash, L50|\n|poke|p2|Sinistcha, L50|\n|teampreview|4\n|inactive|Battle timer is ON: inactive players will automatically lose when time's up. (requested by Dr. Papus)\n|inactive|Dmy99 has 60 seconds left.\n|\n|t:|1776630516\n|teamsize|p1|4\n|teamsize|p2|4\n|start\n|switch|p1a: Corviknight|Corviknight, L50, M|100/100\n|switch|p1b: Garchomp|Garchomp, L50, M|100/100\n|switch|p2a: Sneasler|Sneasler, L50, F|100/100\n|switch|p2b: Gardevoir|Gardevoir, L50, F|100/100\n|turn|1\n|\n|t:|1776630525\n|move|p2a: Sneasler|Fake Out|p1a: Corviknight\n|-resisted|p1a: Corviknight|1\n|-damage|p1a: Corviknight|95/100\n|move|p2b: Gardevoir|Moonblast|p1b: Garchomp\n|-supereffective|p1b: Garchomp|1\n|-damage|p1b: Garchomp|7/100\n|move|p1b: Garchomp|Earthquake|p2a: Sneasler|[spread] p2a,p2b\n|-immune|p1a: Corviknight\n|-supereffective|p2a: Sneasler|1\n|-damage|p2a: Sneasler|0 fnt\n|-damage|p2b: Gardevoir|21/100\n|faint|p2a: Sneasler\n|cant|p1a: Corviknight|flinch\n|\n|-heal|p1a: Corviknight|100/100|[from] item: Leftovers\n|upkeep\n|\n|t:|1776630535\n|switch|p2a: Rotom|Rotom-Wash, L50|100/100\n|turn|2\n|\n|t:|1776630547\n|switch|p1b: Kangaskhan|Kangaskhan, L50, F|100/100\n|move|p1a: Corviknight|Protect|p1a: Corviknight\n|-singleturn|p1a: Corviknight|Protect\n|move|p2b: Gardevoir|Moonblast|p1b: Kangaskhan\n|-damage|p1b: Kangaskhan|52/100\n|move|p2a: Rotom|Thunderbolt|p1a: Corviknight\n|-activate|p1a: Corviknight|move: Protect\n|\n|upkeep\n|turn|3\n|\n|t:|1776630564\n|switch|p2b: Corviknight|Corviknight, L50, M|100/100\n|move|p1b: Kangaskhan|Fake Out|p2a: Rotom\n|-damage|p2a: Rotom|77/100\n|cant|p2a: Rotom|flinch\n|move|p1a: Corviknight|Iron Head|p2b: Corviknight\n|-resisted|p2b: Corviknight|1\n|-damage|p2b: Corviknight|90/100\n|\n|-heal|p2a: Rotom|83/100|[from] item: Leftovers\n|upkeep\n|turn|4\n|\n|t:|1776630575\n|move|p2a: Rotom|Protect|p2a: Rotom\n|-singleturn|p2a: Rotom|Protect\n|move|p1a: Corviknight|Protect|p1a: Corviknight\n|-singleturn|p1a: Corviknight|Protect\n|move|p1b: Kangaskhan|Double-Edge|p2a: Rotom\n|-activate|p2a: Rotom|move: Protect\n|move|p2b: Corviknight|Tailwind|p2b: Corviknight\n|-sidestart|p2: Dr. Papus|move: Tailwind\n|\n|-heal|p2a: Rotom|88/100|[from] item: Leftovers\n|upkeep\n|turn|5\n|\n|t:|1776630592\n|switch|p1a: Garchomp|Garchomp, L50, M|7/100\n|move|p2a: Rotom|Will-O-Wisp|p1b: Kangaskhan\n|-status|p1b: Kangaskhan|brn\n|move|p2b: Corviknight|Brave Bird|p1b: Kangaskhan\n|-damage|p1b: Kangaskhan|3/100 brn\n|-damage|p2b: Corviknight|73/100|[from] Recoil\n|move|p1b: Kangaskhan|Double-Edge|p2a: Rotom\n|-damage|p2a: Rotom|53/100\n|-damage|p1b: Kangaskhan|0 fnt|[from] Recoil\n|faint|p1b: Kangaskhan\n|\n|-heal|p2a: Rotom|58/100|[from] item: Leftovers\n|upkeep\n|\n|t:|1776630601\n|switch|p1b: Rotom|Rotom-Wash, L50|100/100\n|turn|6\n|\n|t:|1776630610\n|move|p1a: Garchomp|Protect|p1a: Garchomp\n|-singleturn|p1a: Garchomp|Protect\n|move|p2a: Rotom|Thunderbolt|p1b: Rotom\n|-damage|p1b: Rotom|54/100\n|move|p2b: Corviknight|Brave Bird|p1a: Garchomp\n|-activate|p1a: Garchomp|move: Protect\n|move|p1b: Rotom|Thunderbolt|p2b: Corviknight\n|-supereffective|p2b: Corviknight|1\n|-damage|p2b: Corviknight|0 fnt\n|faint|p2b: Corviknight\n|\n|-heal|p2a: Rotom|64/100|[from] item: Leftovers\n|upkeep\n|\n|t:|1776630612\n|switch|p2b: Gardevoir|Gardevoir, L50, F|21/100\n|turn|7\n|inactive|Dmy99 has 30 seconds left.\n|\n|t:|1776630638\n|switch|p1a: Corviknight|Corviknight, L50, M|100/100\n|move|p2b: Gardevoir|Icy Wind|p1b: Rotom|[spread] p1a,p1b\n|-resisted|p1b: Rotom|1\n|-damage|p1a: Corviknight|89/100\n|-damage|p1b: Rotom|47/100\n|-ability|p1a: Corviknight|Mirror Armor\n|-unboost|p2b: Gardevoir|spe|1\n|-unboost|p1b: Rotom|spe|1\n|-enditem|p1b: Rotom|Sitrus Berry|[eat]\n|-heal|p1b: Rotom|72/100|[from] item: Sitrus Berry\n|move|p2a: Rotom|Thunderbolt|p1b: Rotom\n|-damage|p1b: Rotom|31/100\n|move|p1b: Rotom|Thunderbolt|p2a: Rotom\n|-damage|p2a: Rotom|20/100\n|\n|-heal|p2a: Rotom|25/100|[from] item: Leftovers\n|-heal|p1a: Corviknight|95/100|[from] item: Leftovers\n|-sideend|p2: Dr. Papus|move: Tailwind\n|upkeep\n|turn|8\n|inactive|Dmy99 has 30 seconds left.\n|\n|t:|1776630663\n|move|p2b: Gardevoir|Icy Wind|p1b: Rotom|[spread] p1a\n|-miss|p2b: Gardevoir|p1b: Rotom\n|-damage|p1a: Corviknight|83/100\n|-ability|p1a: Corviknight|Mirror Armor\n|-unboost|p2b: Gardevoir|spe|1\n|move|p2a: Rotom|Thunderbolt|p1a: Corviknight\n|-supereffective|p1a: Corviknight|1\n|-damage|p1a: Corviknight|12/100\n|move|p1a: Corviknight|Tailwind|p1a: Corviknight\n|-sidestart|p1: Dmy99|move: Tailwind\n|move|p1b: Rotom|Thunderbolt|p2a: Rotom\n|-crit|p2a: Rotom\n|-damage|p2a: Rotom|0 fnt\n|faint|p2a: Rotom\n|\n|-heal|p1a: Corviknight|18/100|[from] item: Leftovers\n|upkeep\n|turn|9\n|-message|Dr. Papus forfeited.\n|\n|win|Dmy99\n|raw|Dmy99's rating: 1435 &rarr; <strong>1458</strong><br />(+23 for winning)\n|raw|Dr. Papus's rating: 1489 &rarr; <strong>1466</strong><br />(-23 for losing)\n|l|\u2606Dr. Papus\n|player|p2|\n|l|\u2606Dmy99\n|player|p1|\n",
  "uploadtime": 1776630683,
  "views": 17,
  "formatid": "gen9championsvgc2026regma",
  "rating": 1458,
  "private": 0,
  "password": null
}