{
  "id": "gen9championsvgc2026regma-2587655019",
  "format": "[Gen 9 Champions] VGC 2026 Reg M-A",
  "players": [
    "hvaloy",
    "ClutchTecco"
  ],
  "log": "|j|\u2606hvaloy\n|j|\u2606ClutchTecco\n|t:|1776550837\n|gametype|doubles\n|player|p1|hvaloy|rocketgrunt|1093\n|player|p2|ClutchTecco|gentleman-gen4|1157\n|gen|9\n|tier|[Gen 9 Champions] VGC 2026 Reg M-A\n|rated|\n|rule|Species Clause: Limit one of each Pok\u00e9mon\n|rule|Item Clause: Limit 1 of each item\n|clearpoke\n|poke|p1|Dragonite, L50, M|\n|poke|p1|Pelipper, L50, M|\n|poke|p1|Sinistcha, L50|\n|poke|p1|Archaludon, L50, F|\n|poke|p1|Basculegion, L50, M|\n|poke|p1|Sneasler, L50, F|\n|poke|p2|Delphox, L50, M, shiny|\n|poke|p2|Garchomp, L50, F|\n|poke|p2|Incineroar, L50, F|\n|poke|p2|Sneasler, L50, F|\n|poke|p2|Floette-Eternal, L50, F, shiny|\n|poke|p2|Kingambit, L50, F, shiny|\n|teampreview|4\n|inactive|Battle timer is ON: inactive players will automatically lose when time's up. (requested by ClutchTecco)\n|\n|t:|1776550855\n|teamsize|p1|4\n|teamsize|p2|4\n|start\n|switch|p1a: Pelipper|Pelipper, L50, M|100/100\n|switch|p1b: Dragonite|Dragonite, L50, M|100/100\n|switch|p2a: Delphox|Delphox, L50, M, shiny|100/100\n|switch|p2b: Incineroar|Incineroar, L50, F|100/100\n|-weather|RainDance|[from] ability: Drizzle|[of] p1a: Pelipper\n|turn|1\n|inactive|hvaloy has 30 seconds left.\n|\n|t:|1776550881\n|detailschange|p2a: Delphox|Delphox-Mega, L50, M, shiny\n|-mega|p2a: Delphox|Delphox|Delphoxite\n|move|p1a: Pelipper|Protect|p1a: Pelipper\n|-singleturn|p1a: Pelipper|Protect\n|move|p2b: Incineroar|Fake Out|p1a: Pelipper\n|-activate|p1a: Pelipper|move: Protect\n|move|p2a: Delphox|Psychic|p1b: Dragonite\n|-damage|p1b: Dragonite|77/100\n|move|p1b: Dragonite|Tailwind|p1b: Dragonite\n|-sidestart|p1: hvaloy|move: Tailwind\n|\n|-weather|RainDance|[upkeep]\n|upkeep\n|turn|2\n|inactive|ClutchTecco has 30 seconds left.\n|\n|t:|1776550912\n|detailschange|p1b: Dragonite|Dragonite-Mega, L50, M\n|-mega|p1b: Dragonite|Dragonite|Dragoninite\n|move|p1b: Dragonite|Hurricane|p2b: Incineroar\n|-damage|p2b: Incineroar|35/100\n|move|p1a: Pelipper|Weather Ball|p2a: Delphox\n|-supereffective|p2a: Delphox|1\n|-damage|p2a: Delphox|0 fnt\n|faint|p2a: Delphox\n|move|p2b: Incineroar|Parting Shot|p1b: Dragonite\n|-unboost|p1b: Dragonite|atk|1\n|-unboost|p1b: Dragonite|spa|1\n|\n|t:|1776550924\n|switch|p2b: Sneasler|Sneasler, L50, F|100/100|[from] Parting Shot\n|-ability|p2b: Sneasler|Pressure\n|\n|-weather|RainDance|[upkeep]\n|upkeep\n|\n|t:|1776550930\n|switch|p2a: Kingambit|Kingambit, L50, F, shiny|100/100\n|turn|3\n|\n|t:|1776550954\n|switch|p1b: Sneasler|Sneasler, L50, F|100/100\n|move|p2a: Kingambit|Sucker Punch||[still]\n|-fail|p2a: Kingambit\n|move|p1a: Pelipper|Hurricane|p2b: Sneasler\n|-supereffective|p2b: Sneasler|1\n|-damage|p2b: Sneasler|0 fnt\n|faint|p2b: Sneasler\n|\n|-weather|RainDance|[upkeep]\n|upkeep\n|\n|t:|1776550962\n|switch|p2b: Incineroar|Incineroar, L50, F|35/100\n|turn|4\n|\n|t:|1776550983\n|switch|p1a: Basculegion|Basculegion, L50, M|100/100\n|move|p1b: Sneasler|Fake Out|p2b: Incineroar\n|-damage|p2b: Incineroar|21/100\n|cant|p2b: Incineroar|flinch\n|move|p2a: Kingambit|Iron Head|p1b: Sneasler\n|-damage|p1b: Sneasler|30/100\n|\n|-weather|RainDance|[upkeep]\n|-heal|p2b: Incineroar|27/100|[from] item: Leftovers\n|-sideend|p1: hvaloy|move: Tailwind\n|upkeep\n|turn|5\n|\n|t:|1776551004\n|move|p2a: Kingambit|Sucker Punch|p1b: Sneasler\n|-resisted|p1b: Sneasler|1\n|-crit|p1b: Sneasler\n|-damage|p1b: Sneasler|0 fnt\n|faint|p1b: Sneasler\n|move|p1a: Basculegion|Wave Crash|p2a: Kingambit\n|-damage|p2a: Kingambit|9/100\n|-damage|p1a: Basculegion|70/100|[from] Recoil\n|move|p2b: Incineroar|Throat Chop|p1a: Basculegion\n|-supereffective|p1a: Basculegion|1\n|-damage|p1a: Basculegion|0 fnt\n|faint|p1a: Basculegion\n|\n|-weather|none\n|-heal|p2b: Incineroar|33/100|[from] item: Leftovers\n|upkeep\n|\n|t:|1776551021\n|switch|p1b: Dragonite|Dragonite-Mega, L50, M|77/100\n|switch|p1a: Pelipper|Pelipper, L50, M|100/100\n|-weather|RainDance|[from] ability: Drizzle|[of] p1a: Pelipper\n|turn|6\n|\n|t:|1776551048\n|move|p2a: Kingambit|Sucker Punch|p1b: Dragonite\n|-damage|p1b: Dragonite|42/100\n|move|p1b: Dragonite|Hurricane|p2b: Incineroar\n|-damage|p2b: Incineroar|0 fnt\n|faint|p2b: Incineroar\n|move|p1a: Pelipper|Weather Ball|p2a: Kingambit\n|-crit|p2a: Kingambit\n|-damage|p2a: Kingambit|0 fnt\n|faint|p2a: Kingambit\n|\n|win|hvaloy\n|raw|hvaloy's rating: 1093 &rarr; <strong>1124</strong><br />(+31 for winning)\n|raw|ClutchTecco's rating: 1157 &rarr; <strong>1127</strong><br />(-30 for losing)\n|l|\u2606ClutchTecco\n|player|p2|\n",
  "uploadtime": 1776551060,
  "views": 30,
  "formatid": "gen9championsvgc2026regma",
  "rating": 1124,
  "private": 0,
  "password": null
}