{
  "id": "gen9championsvgc2026regma-2586947265",
  "format": "[Gen 9 Champions] VGC 2026 Reg M-A",
  "players": [
    "lobel",
    "xxBlvckBvrnxx"
  ],
  "log": "|j|\u2606lobel\n|j|\u2606xxBlvckBvrnxx\n|t:|1776474528\n|gametype|doubles\n|player|p1|lobel|caitlin|1073\n|player|p2|xxBlvckBvrnxx|169|1087\n|gen|9\n|tier|[Gen 9 Champions] VGC 2026 Reg M-A\n|rated|\n|rule|Species Clause: Limit one of each Pok\u00e9mon\n|rule|Item Clause: Limit 1 of each item\n|clearpoke\n|poke|p1|Meowstic-F, L50, F|\n|poke|p1|Whimsicott, L50, F|\n|poke|p1|Rotom-Wash, L50|\n|poke|p1|Kingambit, L50, M|\n|poke|p1|Glimmora, L50, M|\n|poke|p1|Incineroar, L50, M|\n|poke|p2|Incineroar, L50, M|\n|poke|p2|Sneasler, L50, M|\n|poke|p2|Tyrantrum, L50, M|\n|poke|p2|Charizard, L50, M|\n|poke|p2|Heracross, L50, M|\n|poke|p2|Whimsicott, L50, M|\n|teampreview|4\n|\n|t:|1776474566\n|teamsize|p1|4\n|teamsize|p2|4\n|start\n|switch|p1a: Glimmora|Glimmora, L50, M|100/100\n|switch|p1b: Whimsicott|Whimsicott, L50, F, shiny|100/100\n|switch|p2a: Ramm|Whimsicott, L50, M, shiny|100/100\n|switch|p2b: California|Charizard, L50, M|100/100\n|turn|1\n|\n|t:|1776474618\n|detailschange|p2b: California|Charizard-Mega-Y, L50, M\n|-mega|p2b: California|Charizard|Charizardite Y\n|-weather|SunnyDay|[from] ability: Drought|[of] p2b: California\n|move|p2a: Ramm|Tailwind|p2a: Ramm\n|-sidestart|p2: xxBlvckBvrnxx|move: Tailwind\n|move|p2b: California|Heat Wave|p1a: Glimmora|[spread] p1a,p1b\n|-resisted|p1a: Glimmora|1\n|-supereffective|p1b: Whimsicott|1\n|-damage|p1a: Glimmora|59/100\n|-enditem|p1b: Whimsicott|Focus Sash\n|-damage|p1b: Whimsicott|1/100\n|move|p1a: Glimmora|Sludge Bomb|p2a: Ramm\n|-supereffective|p2a: Ramm|2\n|-enditem|p2a: Ramm|Focus Sash\n|-damage|p2a: Ramm|1/100\n|move|p1b: Whimsicott|Trick Room|p1b: Whimsicott\n|-fieldstart|move: Trick Room|[of] p1b: Whimsicott\n|\n|-weather|SunnyDay|[upkeep]\n|upkeep\n|turn|2\n|\n|t:|1776474657\n|move|p1a: Glimmora|Spiky Shield|p1a: Glimmora\n|-singleturn|p1a: Glimmora|move: Protect\n|move|p2b: California|Protect|p2b: California\n|-singleturn|p2b: California|Protect\n|move|p2a: Ramm|Encore|p1b: Whimsicott\n|-start|p1b: Whimsicott|Encore\n|move|p1b: Whimsicott|Trick Room|p1b: Whimsicott\n|-fieldend|move: Trick Room\n|\n|-weather|SunnyDay|[upkeep]\n|upkeep\n|turn|3\n|\n|t:|1776474686\n|switch|p1b: Rotom|Rotom-Wash, L50, shiny|100/100\n|detailschange|p1a: Glimmora|Glimmora-Mega, L50, M\n|-mega|p1a: Glimmora|Glimmora|Glimmoranite\n|move|p2a: Ramm|Protect|p2a: Ramm\n|-singleturn|p2a: Ramm|Protect\n|move|p2b: California|Heat Wave|p1a: Glimmora|[spread] p1a,p1b\n|-resisted|p1a: Glimmora|1\n|-resisted|p1b: Rotom|1\n|-damage|p1a: Glimmora|20/100\n|-damage|p1b: Rotom|68/100\n|move|p1a: Glimmora|Sludge Bomb|p2b: California\n|-crit|p2b: California\n|-damage|p2b: California|0 fnt\n|faint|p2b: California\n|\n|-weather|SunnyDay|[upkeep]\n|-heal|p1b: Rotom|74/100|[from] item: Leftovers\n|upkeep\n|\n|t:|1776474713\n|switch|p2b: Grimlock|Tyrantrum, L50, M|100/100\n|turn|4\n|\n|t:|1776474739\n|move|p2a: Ramm|Protect||[still]\n|-fail|p2a: Ramm\n|move|p1a: Glimmora|Spiky Shield|p1a: Glimmora\n|-singleturn|p1a: Glimmora|move: Protect\n|move|p2b: Grimlock|Rock Slide|p1b: Rotom|[spread] p1b\n|-activate|p1a: Glimmora|move: Protect\n|-damage|p1b: Rotom|51/100\n|move|p1b: Rotom|Volt Switch|p2a: Ramm\n|-resisted|p2a: Ramm|1\n|-damage|p2a: Ramm|0 fnt\n|faint|p2a: Ramm\n|\n|t:|1776474750\n|switch|p1b: Whimsicott|Whimsicott, L50, F, shiny|1/100|[from] Volt Switch\n|\n|-weather|SunnyDay|[upkeep]\n|-sideend|p2: xxBlvckBvrnxx|move: Tailwind\n|upkeep\n|\n|t:|1776474756\n|switch|p2a: Rake|Sneasler, L50, M|100/100\n|turn|5\n|\n|t:|1776474788\n|switch|p1b: Kingambit|Kingambit, L50, M|100/100\n|switch|p1a: Rotom|Rotom-Wash, L50, shiny|51/100\n|move|p2a: Rake|Fake Out|p1b: Kingambit\n|-resisted|p1b: Kingambit|1\n|-crit|p1b: Kingambit\n|-damage|p1b: Kingambit|94/100\n|move|p2b: Grimlock|Rock Slide|p1a: Rotom|[spread] p1a,p1b\n|-resisted|p1b: Kingambit|1\n|-damage|p1a: Rotom|26/100\n|-damage|p1b: Kingambit|83/100\n|\n|-weather|none\n|-heal|p1a: Rotom|32/100|[from] item: Leftovers\n|upkeep\n|turn|6\n|\n|t:|1776474811\n|move|p1b: Kingambit|Protect|p1b: Kingambit\n|-singleturn|p1b: Kingambit|Protect\n|move|p2b: Grimlock|Rock Slide|p1b: Kingambit|[spread] \n|-activate|p1b: Kingambit|move: Protect\n|-miss|p2b: Grimlock|p1a: Rotom\n|move|p2a: Rake|Close Combat|p1b: Kingambit\n|-activate|p1b: Kingambit|move: Protect\n|move|p1a: Rotom|Will-O-Wisp|p2a: Rake\n|-status|p2a: Rake|brn\n|\n|-heal|p1a: Rotom|37/100|[from] item: Leftovers\n|-damage|p2a: Rake|95/100 brn|[from] brn\n|upkeep\n|turn|7\n|-message|xxBlvckBvrnxx forfeited.\n|\n|win|lobel\n|raw|lobel's rating: 1073 &rarr; <strong>1103</strong><br />(+30 for winning)\n|raw|xxBlvckBvrnxx's rating: 1087 &rarr; <strong>1063</strong><br />(-24 for losing)\n|l|\u2606xxBlvckBvrnxx\n|player|p2|\n",
  "uploadtime": 1776474858,
  "views": 19,
  "formatid": "gen9championsvgc2026regma",
  "rating": 1063,
  "private": 0,
  "password": null
}