{
  "id": "gen9championsvgc2026regma-2582433246",
  "format": "[Gen 9 Champions] VGC 2026 Reg M-A",
  "players": [
    "Ryan2299",
    "mukaintshi"
  ],
  "log": "|j|\u2606Ryan2299\n|j|\u2606mukaintshi\n|t:|1776091368\n|gametype|doubles\n|player|p1|Ryan2299|2|1013\n|player|p2|mukaintshi|ingo|1107\n|gen|9\n|tier|[Gen 9 Champions] VGC 2026 Reg M-A\n|rated|\n|rule|Species Clause: Limit one of each Pok\u00e9mon\n|rule|Item Clause: Limit 1 of each item\n|clearpoke\n|poke|p1|Runerigus, L50, M|\n|poke|p1|Starmie, L50|\n|poke|p1|Ampharos, L50, M|\n|poke|p1|Arcanine, L50, F|\n|poke|p1|Bastiodon, L50, M|\n|poke|p1|Pelipper, L50, M|\n|poke|p2|Gyarados, L50, M|\n|poke|p2|Sneasler, L50, M|\n|poke|p2|Ninetales-Alola, L50, F|\n|poke|p2|Aegislash, L50, M|\n|poke|p2|Talonflame, L50, F|\n|poke|p2|Sinistcha, L50|\n|teampreview|4\n|inactive|Battle timer is ON: inactive players will automatically lose when time's up. (requested by mukaintshi)\n|\n|t:|1776091393\n|teamsize|p1|4\n|teamsize|p2|4\n|start\n|switch|p1a: Starmie|Starmie, L50|100/100\n|switch|p1b: Arcanine|Arcanine, L50, F|100/100\n|switch|p2a: fraudengo|Aegislash, L50, M, shiny|100/100\n|switch|p2b: fake out|Sneasler, L50, M, shiny|100/100\n|-ability|p1b: Arcanine|Intimidate|boost\n|-unboost|p2a: fraudengo|atk|1\n|-unboost|p2b: fake out|atk|1\n|-enditem|p2b: fake out|White Herb\n|-clearnegativeboost|p2b: fake out|[silent]\n|turn|1\n|inactive|Ryan2299 has 30 seconds left.\n|\n|t:|1776091419\n|switch|p1b: Runerigus|Runerigus, L50, M|100/100\n|move|p1a: Starmie|Protect|p1a: Starmie\n|-singleturn|p1a: Starmie|Protect\n|move|p2a: fraudengo|King's Shield|p2a: fraudengo\n|-singleturn|p2a: fraudengo|Protect\n|move|p2b: fake out|Coaching|p2a: fraudengo\n|-boost|p2a: fraudengo|atk|1\n|-boost|p2a: fraudengo|def|1\n|\n|upkeep\n|turn|2\n|\n|t:|1776091442\n|detailschange|p1a: Starmie|Starmie-Mega, L50\n|-mega|p1a: Starmie|Starmie|Starminite\n|move|p2b: fake out|Coaching|p2a: fraudengo\n|-boost|p2a: fraudengo|atk|1\n|-boost|p2a: fraudengo|def|1\n|move|p1a: Starmie|Skill Swap|p1b: Runerigus\n|-activate|p1a: Starmie|Skill Swap|||[of] p1b: Runerigus\n|move|p1b: Runerigus|Shadow Claw|p2a: fraudengo\n|-supereffective|p2a: fraudengo|1\n|-crit|p2a: fraudengo\n|-damage|p2a: fraudengo|0 fnt\n|faint|p2a: fraudengo\n|\n|upkeep\n|\n|t:|1776091457\n|switch|p2a: gay sushi|Gyarados, L50, M, shiny|100/100\n|-ability|p2a: gay sushi|Intimidate|boost\n|-unboost|p1a: Starmie|atk|1\n|-unboost|p1b: Runerigus|atk|1\n|turn|3\n|\n|t:|1776091479\n|switch|p1a: Arcanine|Arcanine, L50, F|100/100\n|-ability|p1a: Arcanine|Intimidate|boost\n|-unboost|p2a: gay sushi|atk|1\n|-unboost|p2b: fake out|atk|1\n|detailschange|p2a: gay sushi|Gyarados-Mega, L50, M, shiny\n|-mega|p2a: gay sushi|Gyarados|Gyaradosite\n|-ability|p2a: gay sushi|Mold Breaker\n|move|p2b: fake out|Coaching|p2a: gay sushi\n|-boost|p2a: gay sushi|atk|1\n|-boost|p2a: gay sushi|def|1\n|move|p2a: gay sushi|Dragon Dance|p2a: gay sushi\n|-boost|p2a: gay sushi|atk|1\n|-boost|p2a: gay sushi|spe|1\n|move|p1b: Runerigus|Rock Slide|p2b: fake out|[spread] p2a,p2b\n|-resisted|p2b: fake out|1\n|-damage|p2a: gay sushi|88/100\n|-damage|p2b: fake out|87/100\n|\n|upkeep\n|turn|4\n|\n|t:|1776091502\n|switch|p1a: Starmie|Starmie-Mega, L50|100/100\n|move|p2a: gay sushi|Protect|p2a: gay sushi\n|-singleturn|p2a: gay sushi|Protect\n|move|p2b: fake out|Coaching|p2a: gay sushi\n|-boost|p2a: gay sushi|atk|1\n|-boost|p2a: gay sushi|def|1\n|move|p1b: Runerigus|Destiny Bond|p1b: Runerigus\n|-singlemove|p1b: Runerigus|Destiny Bond\n|\n|upkeep\n|turn|5\n|inactive|Ryan2299 has 30 seconds left.\n|inactive|Ryan2299 has 20 seconds left.\n|\n|t:|1776091538\n|move|p2b: fake out|Coaching|p2a: gay sushi\n|-boost|p2a: gay sushi|atk|1\n|-boost|p2a: gay sushi|def|1\n|move|p2a: gay sushi|Crunch|p1a: Starmie\n|-supereffective|p1a: Starmie|1\n|-damage|p1a: Starmie|0 fnt\n|faint|p1a: Starmie\n|move|p1b: Runerigus|Zen Headbutt|p2b: fake out\n|-supereffective|p2b: fake out|2\n|-damage|p2b: fake out|0 fnt\n|faint|p2b: fake out\n|\n|upkeep\n|\n|t:|1776091545\n|switch|p1a: Arcanine|Arcanine, L50, F|100/100\n|switch|p2b: burnt beaks|Talonflame, L50, F, shiny|100/100\n|-ability|p1a: Arcanine|Intimidate|boost\n|-unboost|p2a: gay sushi|atk|1\n|-unboost|p2b: burnt beaks|atk|1\n|turn|6\n|\n|t:|1776091558\n|move|p1a: Arcanine|Extreme Speed|p2a: gay sushi\n|-damage|p2a: gay sushi|78/100\n|move|p2b: burnt beaks|Tailwind|p2b: burnt beaks\n|-sidestart|p2: mukaintshi|move: Tailwind\n|move|p2a: gay sushi|Earthquake|p1a: Arcanine|[spread] p1a,p1b\n|-immune|p2b: burnt beaks\n|-supereffective|p1a: Arcanine|1\n|-damage|p1a: Arcanine|0 fnt\n|-damage|p1b: Runerigus|43/100\n|-enditem|p1b: Runerigus|Sitrus Berry|[eat]\n|-heal|p1b: Runerigus|67/100|[from] item: Sitrus Berry\n|faint|p1a: Arcanine\n|move|p1b: Runerigus|Rock Slide|p2b: burnt beaks|[spread] p2b\n|-miss|p1b: Runerigus|p2a: gay sushi\n|-supereffective|p2b: burnt beaks|2\n|-damage|p2b: burnt beaks|0 fnt\n|faint|p2b: burnt beaks\n|\n|upkeep\n|\n|t:|1776091577\n|switch|p1a: Ampharos|Ampharos, L50, M|100/100\n|turn|7\n|\n|t:|1776091586\n|move|p2a: gay sushi|Earthquake|p1b: Runerigus|[spread] p1a,p1b\n|-supereffective|p1a: Ampharos|1\n|-damage|p1a: Ampharos|0 fnt\n|-damage|p1b: Runerigus|0 fnt\n|faint|p1a: Ampharos\n|faint|p1b: Runerigus\n|\n|win|mukaintshi\n|raw|Ryan2299's rating: 1013 &rarr; <strong>1004</strong><br />(-9 for losing)\n|raw|mukaintshi's rating: 1107 &rarr; <strong>1125</strong><br />(+18 for winning)\n|l|\u2606Ryan2299\n|player|p1|\n",
  "uploadtime": 1776091625,
  "views": 17,
  "formatid": "gen9championsvgc2026regma",
  "rating": 1004,
  "private": 0,
  "password": null
}