{
  "id": "gen9championsvgc2026regma-2588616352",
  "format": "[Gen 9 Champions] VGC 2026 Reg M-A",
  "players": [
    "Cduke.VGC",
    "Warehouse User"
  ],
  "log": "|j|\u2606Cduke.VGC\n|j|\u2606Warehouse User\n|t:|1776650441\n|gametype|doubles\n|player|p1|Cduke.VGC|1|1122\n|player|p2|Warehouse User|170|1150\n|gen|9\n|tier|[Gen 9 Champions] VGC 2026 Reg M-A\n|rated|\n|rule|Species Clause: Limit one of each Pok\u00e9mon\n|rule|Item Clause: Limit 1 of each item\n|clearpoke\n|poke|p1|Excadrill, L50, M|\n|poke|p1|Tyranitar, L50, M|\n|poke|p1|Sinistcha, L50|\n|poke|p1|Corviknight, L50, M|\n|poke|p1|Archaludon, L50, M|\n|poke|p1|Kingambit, L50, M|\n|poke|p2|Aegislash, L50, F|\n|poke|p2|Maushold-Four, L50|\n|poke|p2|Azumarill, L50, M|\n|poke|p2|Whimsicott, L50, M|\n|poke|p2|Glimmora, L50, F|\n|poke|p2|Castform, L50, F|\n|teampreview|4\n|inactive|Battle timer is ON: inactive players will automatically lose when time's up. (requested by Warehouse User)\n|inactiveoff|Battle timer is now OFF.\n|\n|t:|1776650511\n|teamsize|p1|4\n|teamsize|p2|4\n|start\n|switch|p1a: Sinistcha|Sinistcha, L50|100/100\n|switch|p1b: Archaludon|Archaludon, L50, M|100/100\n|switch|p2a: Aegislash|Aegislash, L50, F|100/100\n|switch|p2b: Maushold|Maushold-Four, L50|100/100\n|turn|1\n|inactive|Battle timer is ON: inactive players will automatically lose when time's up. (requested by Warehouse User)\n|\n|t:|1776650545\n|switch|p2a: Glimmora|Glimmora, L50, F|100/100\n|move|p2b: Maushold|Protect|p2b: Maushold\n|-singleturn|p2b: Maushold|Protect\n|move|p1b: Archaludon|Aura Sphere|p2b: Maushold\n|-activate|p2b: Maushold|move: Protect\n|move|p1a: Sinistcha|Trick Room|p1a: Sinistcha\n|-fieldstart|move: Trick Room|[of] p1a: Sinistcha\n|\n|upkeep\n|turn|2\n|inactive|Cduke.VGC has 30 seconds left.\n|inactive|Cduke.VGC has 20 seconds left.\n|inactive|Cduke.VGC has 15 seconds left.\n|inactive|Cduke.VGC has 10 seconds left.\n|inactive|Cduke.VGC has 5 seconds left.\n|\n|t:|1776650600\n|move|p2a: Glimmora|Spiky Shield|p2a: Glimmora\n|-singleturn|p2a: Glimmora|move: Protect\n|move|p1a: Sinistcha|Rage Powder|p1a: Sinistcha\n|-singleturn|p1a: Sinistcha|move: Rage Powder\n|move|p1b: Archaludon|Aura Sphere|p2b: Maushold\n|-supereffective|p2b: Maushold|1\n|-enditem|p2b: Maushold|Chople Berry|[eat]\n|-enditem|p2b: Maushold|Chople Berry|[weaken]\n|-damage|p2b: Maushold|63/100\n|move|p2b: Maushold|Super Fang|p1a: Sinistcha\n|-immune|p1a: Sinistcha\n|\n|upkeep\n|turn|3\n|inactive|Cduke.VGC has 30 seconds left.\n|\n|t:|1776650629\n|move|p2b: Maushold|Protect|p2b: Maushold\n|-singleturn|p2b: Maushold|Protect\n|move|p1a: Sinistcha|Scald|p2a: Glimmora\n|-supereffective|p2a: Glimmora|1\n|-crit|p2a: Glimmora\n|-damage|p2a: Glimmora|27/100\n|move|p1b: Archaludon|Aura Sphere|p2a: Glimmora\n|-damage|p2a: Glimmora|0 fnt\n|faint|p2a: Glimmora\n|\n|upkeep\n|\n|t:|1776650641\n|switch|p2a: Aegislash|Aegislash, L50, F|100/100\n|turn|4\n|inactive|Cduke.VGC has 30 seconds left.\n|inactive|Cduke.VGC has 20 seconds left.\n|inactive|Cduke.VGC has 15 seconds left.\n|\n|t:|1776650682\n|switch|p1a: Kingambit|Kingambit, L50, M|100/100\n|move|p2b: Maushold|Follow Me|p2b: Maushold\n|-singleturn|p2b: Maushold|move: Follow Me\n|move|p2a: Aegislash|Swords Dance|p2a: Aegislash\n|-boost|p2a: Aegislash|atk|2\n|move|p1b: Archaludon|Thunderbolt|p2b: Maushold\n|-damage|p2b: Maushold|18/100\n|\n|upkeep\n|turn|5\n|inactive|Cduke.VGC has 30 seconds left.\n|inactive|Cduke.VGC has 20 seconds left.\n|inactive|Cduke.VGC has 15 seconds left.\n|inactive|Cduke.VGC has 10 seconds left.\n|\n|t:|1776650727\n|move|p2b: Maushold|Follow Me|p2b: Maushold\n|-singleturn|p2b: Maushold|move: Follow Me\n|move|p1a: Kingambit|Sucker Punch||[still]\n|-fail|p1a: Kingambit\n|-formechange|p2a: Aegislash|Aegislash-Blade|\n|move|p2a: Aegislash|Sacred Sword|p1a: Kingambit\n|-supereffective|p1a: Kingambit|2\n|-damage|p1a: Kingambit|0 fnt\n|faint|p1a: Kingambit\n|move|p1b: Archaludon|Thunderbolt|p2b: Maushold\n|-damage|p2b: Maushold|0 fnt\n|faint|p2b: Maushold\n|\n|-fieldend|move: Trick Room\n|upkeep\n|\n|t:|1776650743\n|switch|p2b: Whimsicott|Whimsicott, L50, M|100/100\n|switch|p1a: Sinistcha|Sinistcha, L50|100/100\n|turn|6\n|inactive|Cduke.VGC has 30 seconds left.\n|\n|t:|1776650775\n|move|p2a: Aegislash|Shadow Sneak|p1a: Sinistcha\n|-supereffective|p1a: Sinistcha|1\n|-damage|p1a: Sinistcha|3/100\n|-enditem|p1a: Sinistcha|Sitrus Berry|[eat]\n|-heal|p1a: Sinistcha|27/100|[from] item: Sitrus Berry\n|move|p2b: Whimsicott|Moonblast|p1a: Sinistcha\n|-damage|p1a: Sinistcha|0 fnt\n|faint|p1a: Sinistcha\n|move|p1b: Archaludon|Flash Cannon|p2b: Whimsicott\n|-supereffective|p2b: Whimsicott|1\n|-enditem|p2b: Whimsicott|Focus Sash\n|-damage|p2b: Whimsicott|1/100\n|\n|upkeep\n|\n|t:|1776650788\n|switch|p1a: Tyranitar|Tyranitar, L50, M|100/100\n|-weather|Sandstorm|[from] ability: Sand Stream|[of] p1a: Tyranitar\n|turn|7\n|\n|t:|1776650810\n|detailschange|p1a: Tyranitar|Tyranitar-Mega, L50, M\n|-mega|p1a: Tyranitar|Tyranitar|Tyranitarite\n|move|p2b: Whimsicott|Moonblast|p1a: Tyranitar\n|-supereffective|p1a: Tyranitar|1\n|-damage|p1a: Tyranitar|66/100\n|move|p1b: Archaludon|Thunderbolt|p2a: Aegislash\n|-damage|p2a: Aegislash|47/100\n|move|p1a: Tyranitar|Knock Off|p2a: Aegislash\n|-supereffective|p2a: Aegislash|1\n|-damage|p2a: Aegislash|0 fnt\n|-enditem|p2a: Aegislash|Spell Tag|[from] move: Knock Off|[of] p1a: Tyranitar\n|faint|p2a: Aegislash\n|\n|-weather|Sandstorm|[upkeep]\n|-damage|p2b: Whimsicott|0 fnt|[from] Sandstorm\n|faint|p2b: Whimsicott\n|\n|win|Cduke.VGC\n|raw|Cduke.VGC's rating: 1122 &rarr; <strong>1149</strong><br />(+27 for winning)\n|raw|Warehouse User's rating: 1150 &rarr; <strong>1123</strong><br />(-27 for losing)\n",
  "uploadtime": 1776650827,
  "views": 4,
  "formatid": "gen9championsvgc2026regma",
  "rating": 1123,
  "private": 0,
  "password": null
}