{
  "id": "gen9championsvgc2026regma-2586149447",
  "format": "[Gen 9 Champions] VGC 2026 Reg M-A",
  "players": [
    "kuanyou",
    "fiery29"
  ],
  "log": "|j|\u2606kuanyou\n|j|\u2606fiery29\n|t:|1776405248\n|gametype|doubles\n|player|p1|kuanyou|266|1283\n|player|p2|fiery29|steven|1226\n|gen|9\n|tier|[Gen 9 Champions] VGC 2026 Reg M-A\n|rated|\n|rule|Species Clause: Limit one of each Pok\u00e9mon\n|rule|Item Clause: Limit 1 of each item\n|clearpoke\n|poke|p1|Kangaskhan, L50, F|\n|poke|p1|Aerodactyl, L50, F|\n|poke|p1|Garchomp, L50, F|\n|poke|p1|Basculegion, L50, M|\n|poke|p1|Sylveon, L50, F|\n|poke|p1|Incineroar, L50, M|\n|poke|p2|Gengar, L50, M|\n|poke|p2|Sinistcha, L50|\n|poke|p2|Kommo-o, L50, M|\n|poke|p2|Incineroar, L50, F|\n|poke|p2|Orthworm, L50, F|\n|poke|p2|Kingambit, L50, M|\n|teampreview|4\n|inactive|Battle timer is ON: inactive players will automatically lose when time's up. (requested by fiery29)\nfiery29 rejected open team sheets.\n|inactive|fiery29 has 60 seconds left.\n|\n|t:|1776405334\n|teamsize|p1|4\n|teamsize|p2|4\n|start\n|switch|p1a: Kangaskhan|Kangaskhan, L50, F|100/100\n|switch|p1b: Aerodactyl|Aerodactyl, L50, F|100/100\n|switch|p2a: Gengar|Gengar, L50, M, shiny|100/100\n|switch|p2b: Incineroar|Incineroar, L50, F|100/100\n|-ability|p1b: Aerodactyl|Unnerve\n|-ability|p2b: Incineroar|Intimidate|boost\n|-fail|p1a: Kangaskhan|unboost|Attack|[from] ability: Scrappy|[of] p1a: Kangaskhan\n|-unboost|p1b: Aerodactyl|atk|1\n|turn|1\n|inactive|kuanyou has 30 seconds left.\n|inactive|kuanyou has 20 seconds left.\n|\n|t:|1776405373\n|switch|p1a: Basculegion|Basculegion, L50, M|100/100\n|detailschange|p2a: Gengar|Gengar-Mega, L50, M, shiny\n|-mega|p2a: Gengar|Gengar|Gengarite\n|move|p1b: Aerodactyl|Protect|p1b: Aerodactyl\n|-singleturn|p1b: Aerodactyl|Protect\n|move|p2b: Incineroar|Fake Out|p1b: Aerodactyl\n|-activate|p1b: Aerodactyl|move: Protect\n|move|p2a: Gengar|Perish Song|p2a: Gengar\n|-start|p1a: Basculegion|perish3|[silent]\n|-start|p1b: Aerodactyl|perish3|[silent]\n|-start|p2a: Gengar|perish3|[silent]\n|-start|p2b: Incineroar|perish3|[silent]\n|-fieldactivate|move: Perish Song\n|\n|-start|p1a: Basculegion|perish3\n|-start|p1b: Aerodactyl|perish3\n|-start|p2a: Gengar|perish3\n|-start|p2b: Incineroar|perish3\n|upkeep\n|turn|2\n|inactive|kuanyou has 30 seconds left.\n|\n|t:|1776405401\n|move|p2a: Gengar|Protect|p2a: Gengar\n|-singleturn|p2a: Gengar|Protect\n|move|p1a: Basculegion|Flip Turn|p2b: Incineroar\n|-supereffective|p2b: Incineroar|1\n|-damage|p2b: Incineroar|41/100\n|\n|t:|1776405410\n|switch|p1a: Garchomp|Garchomp, L50, F|100/100|[from] Flip Turn\n|move|p1b: Aerodactyl|Rock Slide|p2a: Gengar|[spread] p2b\n|-activate|p2a: Gengar|move: Protect\n|-supereffective|p2b: Incineroar|1\n|-damage|p2b: Incineroar|14/100\n|move|p2b: Incineroar|Throat Chop|p1a: Garchomp\n|-crit|p1a: Garchomp\n|-damage|p1a: Garchomp|56/100\n|-start|p1a: Garchomp|Throat Chop|[silent]\n|\n|-start|p2a: Gengar|perish2\n|-start|p1b: Aerodactyl|perish2\n|-start|p2b: Incineroar|perish2\n|upkeep\n|turn|3\n|inactive|fiery29 has 30 seconds left.\n|\n|t:|1776405442\n|move|p2a: Gengar|Perish Song|p2a: Gengar\n|-start|p1a: Garchomp|perish3|[silent]\n|-fieldactivate|move: Perish Song\n|move|p1b: Aerodactyl|Dual Wingbeat|p2a: Gengar|[miss]\n|-miss|p1b: Aerodactyl|p2a: Gengar\n|move|p1a: Garchomp|Earthquake|p2a: Gengar|[spread] p2a,p2b\n|-immune|p1b: Aerodactyl\n|-supereffective|p2a: Gengar|1\n|-supereffective|p2b: Incineroar|1\n|-damage|p2a: Gengar|0 fnt\n|-damage|p2b: Incineroar|0 fnt\n|faint|p2a: Gengar\n|faint|p2b: Incineroar\n|\n|-end|p1a: Garchomp|Throat Chop|[silent]\n|-start|p1b: Aerodactyl|perish1\n|-start|p1a: Garchomp|perish3\n|upkeep\n|\n|t:|1776405459\n|switch|p2a: Orthworm|Orthworm, L50, F|100/100\n|switch|p2b: Kingambit|Kingambit, L50, M|100/100\n|turn|4\n|inactive|kuanyou has 30 seconds left.\n|\n|t:|1776405488\n|move|p1b: Aerodactyl|Rock Slide|p2a: Orthworm|[spread] p2a,p2b\n|-resisted|p2a: Orthworm|1\n|-resisted|p2b: Kingambit|1\n|-damage|p2a: Orthworm|96/100\n|-damage|p2b: Kingambit|93/100\n|move|p1a: Garchomp|Stomping Tantrum|p2b: Kingambit\n|-supereffective|p2b: Kingambit|1\n|-damage|p2b: Kingambit|19/100\n|move|p2b: Kingambit|Kowtow Cleave|p1a: Garchomp\n|-damage|p1a: Garchomp|4/100\n|move|p2a: Orthworm|Heavy Slam|p1b: Aerodactyl\n|-supereffective|p1b: Aerodactyl|1\n|-enditem|p1b: Aerodactyl|Focus Sash\n|-damage|p1b: Aerodactyl|1/100\n|\n|-start|p1b: Aerodactyl|perish0\n|-start|p1a: Garchomp|perish2\n|faint|p1b: Aerodactyl\n|upkeep\n|\n|t:|1776405508\n|switch|p1b: Kangaskhan|Kangaskhan, L50, F|100/100\n|turn|5\n|\n|t:|1776405517\n|detailschange|p1b: Kangaskhan|Kangaskhan-Mega, L50, F\n|-mega|p1b: Kangaskhan|Kangaskhan|Kangaskhanite\n|move|p2b: Kingambit|Sucker Punch|p1a: Garchomp\n|-damage|p1a: Garchomp|0 fnt\n|faint|p1a: Garchomp\n|move|p1b: Kangaskhan|Low Kick|p2a: Orthworm\n|-supereffective|p2a: Orthworm|1\n|-damage|p2a: Orthworm|44/100\n|-enditem|p2a: Orthworm|Sitrus Berry|[eat]\n|-heal|p2a: Orthworm|69/100|[from] item: Sitrus Berry\n|-supereffective|p2a: Orthworm|1\n|-damage|p2a: Orthworm|55/100\n|-hitcount|p2a: Orthworm|2\n|move|p2a: Orthworm|Body Press|p1b: Kangaskhan\n|-supereffective|p1b: Kangaskhan|1\n|-damage|p1b: Kangaskhan|47/100\n|\n|upkeep\n|\n|t:|1776405531\n|switch|p1a: Basculegion|Basculegion, L50, M|100/100\n|turn|6\n|\n|t:|1776405539\n|move|p1a: Basculegion|Aqua Jet|p2b: Kingambit\n|-damage|p2b: Kingambit|0 fnt\n|faint|p2b: Kingambit\n|move|p1b: Kangaskhan|Low Kick|p2a: Orthworm\n|-supereffective|p2a: Orthworm|1\n|-damage|p2a: Orthworm|4/100\n|-supereffective|p2a: Orthworm|1\n|-damage|p2a: Orthworm|0 fnt\n|faint|p2a: Orthworm\n|-hitcount|p2: Orthworm|2\n|\n|win|kuanyou\n|raw|kuanyou's rating: 1283 &rarr; <strong>1304</strong><br />(+21 for winning)\n|raw|fiery29's rating: 1226 &rarr; <strong>1205</strong><br />(-21 for losing)\n",
  "uploadtime": 1776405539,
  "views": 29,
  "formatid": "gen9championsvgc2026regma",
  "rating": 1205,
  "private": 0,
  "password": null
}