{
  "id": "gen9championsvgc2026regma-2580979879",
  "format": "[Gen 9 Champions] VGC 2026 Reg M-A",
  "players": [
    "abkwreu",
    "alexispk"
  ],
  "log": "|j|\u2606abkwreu\n|j|\u2606alexispk\n|t:|1775948624\n|gametype|doubles\n|player|p1|abkwreu|dawn|1059\n|player|p2|alexispk|169|1154\n|gen|9\n|tier|[Gen 9 Champions] VGC 2026 Reg M-A\n|rated|\n|rule|Species Clause: Limit one of each Pok\u00e9mon\n|rule|Item Clause: Limit 1 of each item\n|clearpoke\n|poke|p1|Venusaur, L50, F|\n|poke|p1|Clefable, L50, F|\n|poke|p1|Glimmora, L50, M|\n|poke|p1|Skarmory, L50, F|\n|poke|p1|Hydrapple, L50, M|\n|poke|p1|Milotic, L50, F|\n|poke|p2|Charizard, L50, F|\n|poke|p2|Maushold-Four, L50|\n|poke|p2|Garchomp, L50, F|\n|poke|p2|Whimsicott, L50, F|\n|poke|p2|Sneasler, L50, M|\n|poke|p2|Incineroar, L50, F|\n|teampreview|4\n|inactive|Battle timer is ON: inactive players will automatically lose when time's up. (requested by abkwreu)\n|inactive|abkwreu has 60 seconds left.\n|\n|t:|1775948666\n|teamsize|p1|4\n|teamsize|p2|4\n|start\n|switch|p1a: Skarmory|Skarmory, L50, F|100/100\n|switch|p1b: Glimmora|Glimmora, L50, M|100/100\n|switch|p2a: Charizard|Charizard, L50, F|100/100\n|switch|p2b: Whimsicott|Whimsicott, L50, F|100/100\n|turn|1\n|inactive|abkwreu has 30 seconds left.\n|\n|t:|1775948697\n|switch|p1a: Milotic|Milotic, L50, F|100/100\n|move|p2a: Charizard|Protect|p2a: Charizard\n|-singleturn|p2a: Charizard|Protect\n|move|p2b: Whimsicott|Tailwind|p2b: Whimsicott\n|-sidestart|p2: alexispk|move: Tailwind\n|move|p1b: Glimmora|Stealth Rock|p2a: Charizard\n|-sidestart|p2: alexispk|move: Stealth Rock\n|\n|upkeep\n|turn|2\n|inactive|alexispk has 30 seconds left.\n|\n|t:|1775948723\n|move|p2b: Whimsicott|Encore|p1b: Glimmora\n|-start|p1b: Glimmora|Encore\n|move|p2a: Charizard|Solar Beam||[still]\n|-prepare|p2a: Charizard|Solar Beam\n|move|p1b: Glimmora|Stealth Rock||[still]\n|-fail|p1b: Glimmora\n|move|p1a: Milotic|Dragon Tail|p2a: Charizard\n|-damage|p2a: Charizard|90/100\n|drag|p2a: Incineroar|Incineroar, L50, F|100/100\n|-damage|p2a: Incineroar|76/100|[from] Stealth Rock\n|-ability|p2a: Incineroar|Intimidate|boost\n|-unboost|p1a: Milotic|atk|1\n|-unboost|p1b: Glimmora|atk|1\n|\n|upkeep\n|turn|3\n|inactive|abkwreu has 30 seconds left.\n|\n|t:|1775948749\n|switch|p2b: Sneasler|Sneasler, L50, M|100/100\n|-damage|p2b: Sneasler|95/100|[from] Stealth Rock\n|switch|p1b: Skarmory|Skarmory, L50, F|100/100\n|move|p1a: Milotic|Protect|p1a: Milotic\n|-singleturn|p1a: Milotic|Protect\n|move|p2a: Incineroar|Flare Blitz|p1b: Skarmory\n|-supereffective|p1b: Skarmory|1\n|-crit|p1b: Skarmory\n|-enditem|p1b: Skarmory|Occa Berry|[eat]\n|-enditem|p1b: Skarmory|Occa Berry|[weaken]\n|-damage|p1b: Skarmory|50/100\n|-damage|p2a: Incineroar|61/100|[from] Recoil\n|\n|upkeep\n|turn|4\n|inactive|abkwreu has 30 seconds left.\n|\n|t:|1775948775\n|switch|p1b: Glimmora|Glimmora, L50, M|100/100\n|move|p2b: Sneasler|Close Combat|p1a: Milotic\n|-damage|p1a: Milotic|23/100\n|-unboost|p2b: Sneasler|def|1\n|-unboost|p2b: Sneasler|spd|1\n|-enditem|p2b: Sneasler|White Herb\n|-clearnegativeboost|p2b: Sneasler|[silent]\n|move|p2a: Incineroar|Flare Blitz|p1b: Glimmora\n|-resisted|p1b: Glimmora|1\n|-damage|p1b: Glimmora|77/100\n|-activate|p1b: Glimmora|ability: Toxic Debris\n|-sidestart|p2: alexispk|move: Toxic Spikes\n|-damage|p2a: Incineroar|54/100|[from] Recoil\n|move|p1a: Milotic|Coil|p1a: Milotic\n|-boost|p1a: Milotic|atk|1\n|-boost|p1a: Milotic|def|1\n|-boost|p1a: Milotic|accuracy|1\n|\n|-heal|p1a: Milotic|29/100|[from] item: Leftovers\n|-sideend|p2: alexispk|move: Tailwind\n|upkeep\n|turn|5\n|inactive|abkwreu has 30 seconds left.\n|\n|t:|1775948807\n|switch|p1a: Venusaur|Venusaur, L50, F|100/100\n|move|p2b: Sneasler|Close Combat|p1a: Venusaur\n|-resisted|p1a: Venusaur|1\n|-damage|p1a: Venusaur|66/100\n|-unboost|p2b: Sneasler|def|1\n|-unboost|p2b: Sneasler|spd|1\n|move|p1b: Glimmora|Power Gem|p2a: Incineroar\n|-supereffective|p2a: Incineroar|1\n|-damage|p2a: Incineroar|0 fnt\n|faint|p2a: Incineroar\n|\n|upkeep\n|\n|t:|1775948817\n|switch|p2a: Whimsicott|Whimsicott, L50, F|100/100\n|-damage|p2a: Whimsicott|88/100|[from] Stealth Rock\n|-status|p2a: Whimsicott|psn\n|turn|6\n|inactive|abkwreu has 30 seconds left.\n|\n|t:|1775948845\n|detailschange|p1a: Venusaur|Venusaur-Mega, L50, F\n|-mega|p1a: Venusaur|Venusaur|Venusaurite\n|move|p1b: Glimmora|Spiky Shield|p1b: Glimmora\n|-singleturn|p1b: Glimmora|move: Protect\n|move|p2a: Whimsicott|Tailwind|p2a: Whimsicott\n|-sidestart|p2: alexispk|move: Tailwind\n|move|p2b: Sneasler|Dire Claw|p1a: Venusaur\n|-damage|p1a: Venusaur|32/100\n|move|p1a: Venusaur|Leech Seed|p2b: Sneasler\n|-start|p2b: Sneasler|move: Leech Seed\n|\n|-damage|p2b: Sneasler|83/100|[from] Leech Seed|[of] p1a: Venusaur\n|-heal|p1a: Venusaur|42/100|[silent]\n|-damage|p2a: Whimsicott|76/100 psn|[from] psn\n|upkeep\n|turn|7\n|inactive|abkwreu has 30 seconds left.\n|inactive|abkwreu has 20 seconds left.\n|\n|t:|1775948881\n|switch|p1b: Skarmory|Skarmory, L50, F|50/100\n|move|p1a: Venusaur|Protect|p1a: Venusaur\n|-singleturn|p1a: Venusaur|Protect\n|move|p2a: Whimsicott|Encore|p1a: Venusaur\n|-activate|p1a: Venusaur|move: Protect\n|move|p2b: Sneasler|Dire Claw|p1a: Venusaur\n|-activate|p1a: Venusaur|move: Protect\n|\n|-damage|p2b: Sneasler|71/100|[from] Leech Seed|[of] p1a: Venusaur\n|-heal|p1a: Venusaur|52/100|[silent]\n|-damage|p2a: Whimsicott|63/100 psn|[from] psn\n|upkeep\n|turn|8\n|inactive|abkwreu has 30 seconds left.\n|\n|t:|1775948914\n|switch|p2a: Charizard|Charizard, L50, F|90/100\n|-damage|p2a: Charizard|40/100|[from] Stealth Rock\n|switch|p1a: Glimmora|Glimmora, L50, M|77/100\n|move|p2b: Sneasler|Dire Claw|p1a: Glimmora\n|-resisted|p1a: Glimmora|2\n|-damage|p1a: Glimmora|66/100\n|-status|p1a: Glimmora|par\n|-activate|p1a: Glimmora|ability: Toxic Debris\n|-sidestart|p2: alexispk|move: Toxic Spikes\n|move|p1b: Skarmory|Roost|p1b: Skarmory\n|-heal|p1b: Skarmory|99/100\n|-singleturn|p1b: Skarmory|move: Roost\n|\n|-damage|p2b: Sneasler|58/100|[from] Leech Seed|[of] p1a: Glimmora\n|-heal|p1a: Glimmora|76/100 par|[silent]\n|upkeep\n|turn|9\n|inactive|abkwreu has 30 seconds left.\n|\n|t:|1775948942\n|switch|p2b: Whimsicott|Whimsicott, L50, F|63/100 psn\n|-damage|p2b: Whimsicott|51/100 psn|[from] Stealth Rock\n|switch|p1b: Milotic|Milotic, L50, F|29/100\n|detailschange|p2a: Charizard|Charizard-Mega-Y, L50, F\n|-mega|p2a: Charizard|Charizard|Charizardite Y\n|-weather|SunnyDay|[from] ability: Drought|[of] p2a: Charizard\n|move|p2a: Charizard|Heat Wave|p1a: Glimmora|[spread] p1a,p1b\n|-resisted|p1a: Glimmora|1\n|-resisted|p1b: Milotic|1\n|-damage|p1a: Glimmora|46/100 par\n|-damage|p1b: Milotic|10/100\n|move|p1a: Glimmora|Power Gem|p2a: Charizard\n|-supereffective|p2a: Charizard|2\n|-damage|p2a: Charizard|0 fnt\n|faint|p2a: Charizard\n|\n|-weather|SunnyDay|[upkeep]\n|-heal|p1b: Milotic|16/100|[from] item: Leftovers\n|-damage|p2b: Whimsicott|38/100 psn|[from] psn\n|-sideend|p2: alexispk|move: Tailwind\n|upkeep\n|\n|t:|1775948954\n|switch|p2a: Sneasler|Sneasler, L50, M|58/100\n|-damage|p2a: Sneasler|53/100|[from] Stealth Rock\n|-sideend|p2: alexispk|move: Toxic Spikes|[of] p2a: Sneasler\n|turn|10\n|inactive|abkwreu has 30 seconds left.\n|\n|t:|1775948980\n|switch|p1b: Skarmory|Skarmory, L50, F|99/100\n|move|p1a: Glimmora|Spiky Shield|p1a: Glimmora\n|-singleturn|p1a: Glimmora|move: Protect\n|move|p2b: Whimsicott|Tailwind|p2b: Whimsicott\n|-sidestart|p2: alexispk|move: Tailwind\n|move|p2a: Sneasler|Close Combat|p1a: Glimmora\n|-activate|p1a: Glimmora|move: Protect\n|-damage|p2a: Sneasler|41/100|[from] Spiky Shield|[of] p1a: Glimmora\n|\n|-weather|SunnyDay|[upkeep]\n|-damage|p2b: Whimsicott|26/100 psn|[from] psn\n|upkeep\n|turn|11\n|\n|t:|1775949001\n|switch|p1a: Venusaur|Venusaur-Mega, L50, F|52/100\n|move|p2b: Whimsicott|Moonblast|p1b: Skarmory\n|-resisted|p1b: Skarmory|1\n|-damage|p1b: Skarmory|82/100\n|move|p2a: Sneasler|Close Combat|p1a: Venusaur\n|-resisted|p1a: Venusaur|1\n|-damage|p1a: Venusaur|28/100\n|-unboost|p2a: Sneasler|def|1\n|-unboost|p2a: Sneasler|spd|1\n|move|p1b: Skarmory|Iron Defense|p1b: Skarmory\n|-boost|p1b: Skarmory|def|2\n|\n|-weather|SunnyDay|[upkeep]\n|-damage|p2b: Whimsicott|14/100 psn|[from] psn\n|upkeep\n|turn|12\n|\n|t:|1775949024\n|move|p1a: Venusaur|Protect|p1a: Venusaur\n|-singleturn|p1a: Venusaur|Protect\n|move|p2b: Whimsicott|Moonblast|p1a: Venusaur\n|-activate|p1a: Venusaur|move: Protect\n|move|p2a: Sneasler|Close Combat|p1b: Skarmory\n|-damage|p1b: Skarmory|59/100\n|-unboost|p2a: Sneasler|def|1\n|-unboost|p2a: Sneasler|spd|1\n|move|p1b: Skarmory|Iron Defense|p1b: Skarmory\n|-boost|p1b: Skarmory|def|2\n|\n|-weather|SunnyDay|[upkeep]\n|-damage|p2b: Whimsicott|1/100 psn|[from] psn\n|upkeep\n|turn|13\n|\n|t:|1775949044\n|move|p2b: Whimsicott|Moonblast|p1a: Venusaur\n|-resisted|p1a: Venusaur|1\n|-damage|p1a: Venusaur|16/100\n|-unboost|p1a: Venusaur|spa|1\n|move|p2a: Sneasler|Dire Claw|p1a: Venusaur\n|-damage|p1a: Venusaur|0 fnt\n|faint|p1a: Venusaur\n|move|p1b: Skarmory|Body Press|p2a: Sneasler\n|-resisted|p2a: Sneasler|1\n|-damage|p2a: Sneasler|0 fnt\n|faint|p2a: Sneasler\n|\n|-weather|none\n|-damage|p2b: Whimsicott|0 fnt|[from] psn\n|faint|p2b: Whimsicott\n|\n|win|abkwreu\n|raw|abkwreu's rating: 1059 &rarr; <strong>1098</strong><br />(+39 for winning)\n|raw|alexispk's rating: 1154 &rarr; <strong>1122</strong><br />(-32 for losing)\n|l|\u2606alexispk\n|player|p2|\n",
  "uploadtime": 1775949058,
  "views": 11,
  "formatid": "gen9championsvgc2026regma",
  "rating": 1098,
  "private": 0,
  "password": null
}