{
  "id": "gen9championsvgc2026regma-2587158143",
  "format": "[Gen 9 Champions] VGC 2026 Reg M-A",
  "players": [
    "mattun",
    "huanyu0.0"
  ],
  "log": "|j|\u2606mattun\n|j|\u2606huanyu0.0\n|t:|1776501953\n|gametype|doubles\n|player|p1|mattun|169|1431\n|player|p2|huanyu0.0|101|1412\n|gen|9\n|tier|[Gen 9 Champions] VGC 2026 Reg M-A\n|rated|\n|rule|Species Clause: Limit one of each Pok\u00e9mon\n|rule|Item Clause: Limit 1 of each item\n|clearpoke\n|poke|p1|Garchomp, L50, F|\n|poke|p1|Hawlucha, L50, M|\n|poke|p1|Vivillon, L50, M|\n|poke|p1|Excadrill, L50, F|\n|poke|p1|Sableye, L50, M|\n|poke|p1|Sneasler, L50, M|\n|poke|p2|Delphox, L50, F|\n|poke|p2|Garchomp, L50, F|\n|poke|p2|Aerodactyl, L50, M|\n|poke|p2|Rotom-Wash, L50|\n|poke|p2|Sneasler, L50, M|\n|poke|p2|Kingambit, L50, F|\n|teampreview|4\n|inactive|Battle timer is ON: inactive players will automatically lose when time's up. (requested by huanyu0.0)\n|inactive|mattun has 60 seconds left.\n|inactive|huanyu0.0 has 60 seconds left.\n|inactive|mattun has 30 seconds left.\n|\n|t:|1776502024\n|teamsize|p1|4\n|teamsize|p2|4\n|start\n|switch|p1a: Vivillon|Vivillon, L50, M|100/100\n|switch|p1b: Hawlucha|Hawlucha, L50, M|100/100\n|switch|p2a: Delphox|Delphox, L50, F|100/100\n|switch|p2b: Aerodactyl|Aerodactyl, L50, M|100/100\n|turn|1\n|\n|t:|1776502045\n|detailschange|p2a: Delphox|Delphox-Mega, L50, F\n|-mega|p2a: Delphox|Delphox|Delphoxite\n|detailschange|p1b: Hawlucha|Hawlucha-Mega, L50, M\n|-mega|p1b: Hawlucha|Hawlucha|Hawluchanite\n|move|p1b: Hawlucha|Protect|p1b: Hawlucha\n|-singleturn|p1b: Hawlucha|Protect\n|move|p2a: Delphox|Heat Wave|p1b: Hawlucha|[spread] p1a\n|-activate|p1b: Hawlucha|move: Protect\n|-supereffective|p1a: Vivillon|1\n|-enditem|p1a: Vivillon|Focus Sash\n|-damage|p1a: Vivillon|1/100\n|move|p2b: Aerodactyl|Rock Slide|p1a: Vivillon|[spread] p1a\n|-activate|p1b: Hawlucha|move: Protect\n|-supereffective|p1a: Vivillon|2\n|-damage|p1a: Vivillon|0 fnt\n|faint|p1a: Vivillon\n|\n|upkeep\n|\n|t:|1776502052\n|switch|p1a: Garchomp|Garchomp, L50, F|100/100\n|turn|2\n|\n|t:|1776502068\n|move|p2a: Delphox|Psychic|p1a: Garchomp\n|-damage|p1a: Garchomp|38/100\n|move|p2b: Aerodactyl|Dual Wingbeat|p1b: Hawlucha\n|-supereffective|p1b: Hawlucha|1\n|-damage|p1b: Hawlucha|63/100\n|-supereffective|p1b: Hawlucha|1\n|-damage|p1b: Hawlucha|25/100\n|-hitcount|p1b: Hawlucha|2\n|move|p1a: Garchomp|Rock Slide|p2a: Delphox|[spread] p2a,p2b\n|-supereffective|p2a: Delphox|1\n|-supereffective|p2b: Aerodactyl|1\n|-damage|p2a: Delphox|44/100\n|-damage|p2b: Aerodactyl|39/100\n|move|p1b: Hawlucha|Dual Wingbeat|p2a: Delphox\n|-damage|p2a: Delphox|16/100\n|-damage|p2a: Delphox|0 fnt\n|faint|p2a: Delphox\n|-hitcount|p2: Delphox|2\n|\n|upkeep\n|inactive|huanyu0.0 has 30 seconds left.\n|\n|t:|1776502094\n|switch|p2a: Garchomp|Garchomp, L50, F|100/100\n|turn|3\n|\n|t:|1776502107\n|move|p1b: Hawlucha|Protect|p1b: Hawlucha\n|-singleturn|p1b: Hawlucha|Protect\n|move|p2b: Aerodactyl|Rock Slide|p1b: Hawlucha|[spread] p1a\n|-activate|p1b: Hawlucha|move: Protect\n|-resisted|p1a: Garchomp|1\n|-damage|p1a: Garchomp|25/100\n|cant|p1a: Garchomp|flinch\n|move|p2a: Garchomp|Dragon Claw|p1a: Garchomp\n|-supereffective|p1a: Garchomp|1\n|-enditem|p1a: Garchomp|Haban Berry|[eat]\n|-enditem|p1a: Garchomp|Haban Berry|[weaken]\n|-damage|p1a: Garchomp|0 fnt\n|-damage|p2a: Garchomp|88/100|[from] ability: Rough Skin|[of] p1a: Garchomp\n|faint|p1a: Garchomp\n|\n|upkeep\n|\n|t:|1776502119\n|switch|p1a: Excadrill|Excadrill, L50, F|100/100\n|turn|4\n|\n|t:|1776502130\n|move|p2b: Aerodactyl|Rock Slide|p1b: Hawlucha|[spread] p1b\n|-miss|p2b: Aerodactyl|p1a: Excadrill\n|-damage|p1b: Hawlucha|1/100\n|move|p1b: Hawlucha|Entrainment|p1a: Excadrill\n|-ability|p1a: Excadrill|No Guard|Sand Rush|[from] move: Entrainment|[of] p1b: Hawlucha\n|move|p2a: Garchomp|Earthquake|p1a: Excadrill|[spread] p1a\n|-immune|p2b: Aerodactyl\n|-immune|p1b: Hawlucha\n|-supereffective|p1a: Excadrill|1\n|-enditem|p1a: Excadrill|Shuca Berry|[eat]\n|-enditem|p1a: Excadrill|Shuca Berry|[weaken]\n|-damage|p1a: Excadrill|58/100\n|move|p1a: Excadrill|Rapid Spin|p2a: Garchomp\n|-damage|p2a: Garchomp|75/100\n|-boost|p1a: Excadrill|spe|1\n|-damage|p1a: Excadrill|46/100|[from] ability: Rough Skin|[of] p2a: Garchomp\n|\n|upkeep\n|turn|5\n|inactive|huanyu0.0 has 30 seconds left.\n|\n|t:|1776502163\n|move|p1b: Hawlucha|Protect|p1b: Hawlucha\n|-singleturn|p1b: Hawlucha|Protect\n|move|p1a: Excadrill|Horn Drill|p2a: Garchomp\n|-damage|p2a: Garchomp|0 fnt\n|-damage|p1a: Excadrill|34/100|[from] ability: Rough Skin|[of] p2a: Garchomp\n|faint|p2a: Garchomp\n|-ohko\n|move|p2b: Aerodactyl|Tailwind|p2b: Aerodactyl\n|-sidestart|p2: huanyu0.0|move: Tailwind\n|\n|upkeep\n|\n|t:|1776502174\n|switch|p2a: Kingambit|Kingambit, L50, F|100/100\n|turn|6\n|\n|t:|1776502186\n|move|p1a: Excadrill|Protect|p1a: Excadrill\n|-singleturn|p1a: Excadrill|Protect\n|move|p2a: Kingambit|Sucker Punch||[still]\n|-fail|p2a: Kingambit\n|move|p2b: Aerodactyl|Rock Slide|p1b: Hawlucha|[spread] p1b\n|-activate|p1a: Excadrill|move: Protect\n|-damage|p1b: Hawlucha|0 fnt\n|faint|p1b: Hawlucha\n|\n|upkeep\n|turn|7\n|\n|t:|1776502196\n|move|p1a: Excadrill|Protect||[still]\n|-fail|p1a: Excadrill\n|move|p2a: Kingambit|Sucker Punch||[still]\n|-fail|p2a: Kingambit\n|move|p2b: Aerodactyl|Rock Slide|p1a: Excadrill\n|-resisted|p1a: Excadrill|2\n|-damage|p1a: Excadrill|24/100\n|\n|upkeep\n|turn|8\n|\n|t:|1776502205\n|move|p1a: Excadrill|Protect|p1a: Excadrill\n|-singleturn|p1a: Excadrill|Protect\n|move|p2a: Kingambit|Sucker Punch||[still]\n|-fail|p2a: Kingambit\n|move|p2b: Aerodactyl|Rock Slide|p1a: Excadrill\n|-activate|p1a: Excadrill|move: Protect\n|\n|-sideend|p2: huanyu0.0|move: Tailwind\n|upkeep\n|turn|9\n|\n|t:|1776502214\n|move|p1a: Excadrill|Protect|p1a: Excadrill\n|-singleturn|p1a: Excadrill|Protect\n|move|p2a: Kingambit|Sucker Punch||[still]\n|-fail|p2a: Kingambit\n|move|p2b: Aerodactyl|Rock Slide|p1a: Excadrill\n|-activate|p1a: Excadrill|move: Protect\n|\n|upkeep\n|turn|10\n|\n|t:|1776502225\n|move|p1a: Excadrill|Horn Drill|p2a: Kingambit\n|-damage|p2a: Kingambit|0 fnt\n|faint|p2a: Kingambit\n|-ohko\n|move|p2b: Aerodactyl|Rock Slide|p1a: Excadrill\n|-resisted|p1a: Excadrill|2\n|-damage|p1a: Excadrill|15/100\n|\n|upkeep\n|turn|11\n|\n|t:|1776502231\n|move|p1a: Excadrill|Horn Drill|p2b: Aerodactyl\n|-damage|p2b: Aerodactyl|0 fnt\n|faint|p2b: Aerodactyl\n|-ohko\n|\n|win|mattun\n|raw|mattun's rating: 1431 &rarr; <strong>1450</strong><br />(+19 for winning)\n|raw|huanyu0.0's rating: 1412 &rarr; <strong>1393</strong><br />(-19 for losing)\n|l|\u2606huanyu0.0\n|player|p2|\n|l|\u2606mattun\n|player|p1|\n",
  "uploadtime": 1776502328,
  "views": 23,
  "formatid": "gen9championsvgc2026regma",
  "rating": 1393,
  "private": 0,
  "password": null
}