{
  "id": "gen9championsvgc2026regma-2587345767",
  "format": "[Gen 9 Champions] VGC 2026 Reg M-A",
  "players": [
    "truthsinger0307",
    "Jrmoore896"
  ],
  "log": "|j|\u2606truthsinger0307\n|j|\u2606Jrmoore896\n|t:|1776523995\n|gametype|doubles\n|player|p1|truthsinger0307|blaine|1097\n|player|p2|Jrmoore896|red|1146\n|gen|9\n|tier|[Gen 9 Champions] VGC 2026 Reg M-A\n|rated|\n|rule|Species Clause: Limit one of each Pok\u00e9mon\n|rule|Item Clause: Limit 1 of each item\n|clearpoke\n|poke|p1|Glimmora, L50, F|\n|poke|p1|Garchomp, L50, M|\n|poke|p1|Maushold-Four, L50|\n|poke|p1|Incineroar, L50, M|\n|poke|p1|Floette-Eternal, L50, F|\n|poke|p1|Sinistcha-Masterpiece, L50|\n|poke|p2|Pelipper, L50, M|\n|poke|p2|Dragonite, L50, M, shiny|\n|poke|p2|Basculegion, L50, M|\n|poke|p2|Rotom-Heat, L50, shiny|\n|poke|p2|Archaludon, L50, M, shiny|\n|poke|p2|Sneasler, L50, M|\n|teampreview|4\n|inactive|Battle timer is ON: inactive players will automatically lose when time's up. (requested by truthsinger0307)\ntruthsinger0307 has agreed to open team sheets.\n|\n|t:|1776524029\n|teamsize|p1|4\n|teamsize|p2|4\n|start\n|switch|p1a: Glimmora|Glimmora, L50, F|100/100\n|switch|p1b: Garchomp|Garchomp, L50, M|100/100\n|switch|p2a: Rotom|Rotom-Heat, L50, shiny|100/100\n|switch|p2b: Dragonite|Dragonite, L50, M, shiny|100/100\n|turn|1\n|\n|t:|1776524050\n|detailschange|p1a: Glimmora|Glimmora-Mega, L50, F\n|-mega|p1a: Glimmora|Glimmora|Glimmoranite\n|detailschange|p2b: Dragonite|Dragonite-Mega, L50, M, shiny\n|-mega|p2b: Dragonite|Dragonite|Dragoninite\n|move|p1a: Glimmora|Spiky Shield|p1a: Glimmora\n|-singleturn|p1a: Glimmora|move: Protect\n|move|p2b: Dragonite|Protect|p2b: Dragonite\n|-singleturn|p2b: Dragonite|Protect\n|move|p2a: Rotom|Volt Switch|p1a: Glimmora\n|-activate|p1a: Glimmora|move: Protect\n|move|p1b: Garchomp|Rock Slide|p2b: Dragonite|[spread] p2a\n|-activate|p2b: Dragonite|move: Protect\n|-supereffective|p2a: Rotom|1\n|-damage|p2a: Rotom|46/100\n|\n|upkeep\n|turn|2\n|\n|t:|1776524075\n|switch|p1a: Incineroar|Incineroar, L50, M|100/100\n|-ability|p1a: Incineroar|Intimidate|boost\n|-unboost|p2a: Rotom|atk|1\n|-unboost|p2b: Dragonite|atk|1\n|switch|p2b: Sneasler|Sneasler, L50, M|100/100\n|move|p2a: Rotom|Volt Switch|p1a: Incineroar\n|-damage|p1a: Incineroar|68/100\n|\n|t:|1776524090\n|switch|p2a: Pelipper|Pelipper, L50, M|100/100|[from] Volt Switch\n|-weather|RainDance|[from] ability: Drizzle|[of] p2a: Pelipper\n|move|p1b: Garchomp|Rock Slide|p2a: Pelipper|[spread] p2a,p2b\n|-supereffective|p2a: Pelipper|1\n|-resisted|p2b: Sneasler|1\n|-damage|p2a: Pelipper|43/100\n|-damage|p2b: Sneasler|83/100\n|\n|-weather|RainDance|[upkeep]\n|upkeep\n|turn|3\n|inactive|Jrmoore896 has 30 seconds left.\n|\n|t:|1776524119\n|switch|p1b: Glimmora|Glimmora-Mega, L50, F|100/100\n|move|p2b: Sneasler|Fake Out|p1b: Glimmora\n|-resisted|p1b: Glimmora|1\n|-damage|p1b: Glimmora|92/100\n|move|p1a: Incineroar|Fake Out|p2b: Sneasler\n|-damage|p2b: Sneasler|64/100\n|move|p2a: Pelipper|Tailwind|p2a: Pelipper\n|-sidestart|p2: Jrmoore896|move: Tailwind\n|\n|-weather|RainDance|[upkeep]\n|upkeep\n|turn|4\n|\n|t:|1776524140\n|switch|p1a: Sinistcha|Sinistcha-Masterpiece, L50|100/100\n|-heal|p1b: Glimmora|100/100|[from] ability: Hospitality|[of] p1a: Sinistcha\n|move|p1b: Glimmora|Spiky Shield|p1b: Glimmora\n|-singleturn|p1b: Glimmora|move: Protect\n|move|p2b: Sneasler|Close Combat|p1a: Sinistcha\n|-immune|p1a: Sinistcha\n|move|p2a: Pelipper|Weather Ball|p1b: Glimmora\n|-activate|p1b: Glimmora|move: Protect\n|\n|-weather|RainDance|[upkeep]\n|upkeep\n|turn|5\n|\n|t:|1776524160\n|switch|p1b: Garchomp|Garchomp, L50, M|100/100\n|move|p2b: Sneasler|Close Combat|p1b: Garchomp\n|-damage|p1b: Garchomp|46/100\n|-unboost|p2b: Sneasler|def|1\n|-unboost|p2b: Sneasler|spd|1\n|-damage|p2b: Sneasler|51/100|[from] ability: Rough Skin|[of] p1b: Garchomp\n|-enditem|p2b: Sneasler|White Herb\n|-clearnegativeboost|p2b: Sneasler|[silent]\n|move|p2a: Pelipper|Hurricane|p1a: Sinistcha\n|-supereffective|p1a: Sinistcha|1\n|-enditem|p1a: Sinistcha|Coba Berry|[eat]\n|-enditem|p1a: Sinistcha|Coba Berry|[weaken]\n|-damage|p1a: Sinistcha|57/100\n|move|p1a: Sinistcha|Matcha Gotcha|p2a: Pelipper|[spread] p2a,p2b\n|-resisted|p2b: Sneasler|1\n|-damage|p2a: Pelipper|3/100\n|-heal|p1a: Sinistcha|72/100|[from] drain|[of] p2a: Pelipper\n|-damage|p2b: Sneasler|36/100\n|-heal|p1a: Sinistcha|79/100|[from] drain|[of] p2b: Sneasler\n|\n|-weather|RainDance|[upkeep]\n|upkeep\n|turn|6\n|inactive|truthsinger0307 has 30 seconds left.\n|inactive|Jrmoore896 has 30 seconds left.\n|\n|t:|1776524193\n|switch|p1a: Glimmora|Glimmora-Mega, L50, F|100/100\n|move|p2b: Sneasler|Close Combat|p1b: Garchomp\n|-damage|p1b: Garchomp|0 fnt\n|-unboost|p2b: Sneasler|def|1\n|-unboost|p2b: Sneasler|spd|1\n|-damage|p2b: Sneasler|24/100|[from] ability: Rough Skin|[of] p1b: Garchomp\n|faint|p1b: Garchomp\n|move|p2a: Pelipper|Hurricane|p1a: Glimmora\n|-resisted|p1a: Glimmora|1\n|-damage|p1a: Glimmora|75/100\n|\n|-weather|none\n|-sideend|p2: Jrmoore896|move: Tailwind\n|upkeep\n|\n|t:|1776524206\n|switch|p1b: Sinistcha|Sinistcha-Masterpiece, L50|79/100\n|-heal|p1a: Glimmora|99/100|[from] ability: Hospitality|[of] p1b: Sinistcha\n|turn|7\n|\n|t:|1776524222\n|switch|p2a: Rotom|Rotom-Heat, L50, shiny|46/100\n|move|p2b: Sneasler|Close Combat|p1a: Glimmora\n|-damage|p1a: Glimmora|28/100\n|-unboost|p2b: Sneasler|def|1\n|-unboost|p2b: Sneasler|spd|1\n|move|p1a: Glimmora|Power Gem|p2a: Rotom\n|-supereffective|p2a: Rotom|1\n|-damage|p2a: Rotom|0 fnt\n|faint|p2a: Rotom\n|move|p1b: Sinistcha|Strength Sap|p2b: Sneasler\n|-unboost|p2b: Sneasler|atk|1\n|-heal|p1b: Sinistcha|100/100\n|\n|upkeep\n|\n|t:|1776524241\n|switch|p2a: Pelipper|Pelipper, L50, M|3/100\n|-weather|RainDance|[from] ability: Drizzle|[of] p2a: Pelipper\n|turn|8\n|\n|t:|1776524261\n|switch|p2b: Dragonite|Dragonite-Mega, L50, M, shiny|100/100\n|switch|p1a: Incineroar|Incineroar, L50, M|68/100\n|-ability|p1a: Incineroar|Intimidate|boost\n|-unboost|p2a: Pelipper|atk|1\n|-unboost|p2b: Dragonite|atk|1\n|move|p2a: Pelipper|Tailwind|p2a: Pelipper\n|-sidestart|p2: Jrmoore896|move: Tailwind\n|move|p1b: Sinistcha|Matcha Gotcha|p2a: Pelipper|[spread] p2a\n|-miss|p1b: Sinistcha|p2b: Dragonite\n|-damage|p2a: Pelipper|0 fnt\n|faint|p2a: Pelipper\n|\n|-weather|RainDance|[upkeep]\n|upkeep\n|\n|t:|1776524278\n|switch|p2a: Sneasler|Sneasler, L50, M|24/100\n|turn|9\n|\n|t:|1776524293\n|move|p2a: Sneasler|Fake Out|p1a: Incineroar\n|-damage|p1a: Incineroar|54/100\n|cant|p1a: Incineroar|flinch\n|move|p2b: Dragonite|Hurricane|p1b: Sinistcha\n|-supereffective|p1b: Sinistcha|1\n|-damage|p1b: Sinistcha|0 fnt\n|faint|p1b: Sinistcha\n|\n|-weather|RainDance|[upkeep]\n|upkeep\n|\n|t:|1776524302\n|switch|p1b: Glimmora|Glimmora-Mega, L50, F|28/100\n|turn|10\n|\n|t:|1776524314\n|move|p1b: Glimmora|Spiky Shield|p1b: Glimmora\n|-singleturn|p1b: Glimmora|move: Protect\n|move|p2a: Sneasler|Close Combat|p1b: Glimmora\n|-activate|p1b: Glimmora|move: Protect\n|-damage|p2a: Sneasler|11/100|[from] Spiky Shield|[of] p1b: Glimmora\n|move|p2b: Dragonite|Draco Meteor|p1a: Incineroar\n|-damage|p1a: Incineroar|0 fnt\n|-unboost|p2b: Dragonite|spa|2\n|faint|p1a: Incineroar\n|\n|-weather|RainDance|[upkeep]\n|upkeep\n|turn|11\n|\n|t:|1776524332\n|move|p1b: Glimmora|Spiky Shield||[still]\n|-fail|p1b: Glimmora\n|move|p2a: Sneasler|Close Combat|p1b: Glimmora\n|-damage|p1b: Glimmora|0 fnt\n|-unboost|p2a: Sneasler|def|1\n|-unboost|p2a: Sneasler|spd|1\n|faint|p1b: Glimmora\n|\n|win|Jrmoore896\n|raw|truthsinger0307's rating: 1097 &rarr; <strong>1076</strong><br />(-21 for losing)\n|raw|Jrmoore896's rating: 1146 &rarr; <strong>1167</strong><br />(+21 for winning)\n|l|\u2606truthsinger0307\n|player|p1|\n",
  "uploadtime": 1776524348,
  "views": 13,
  "formatid": "gen9championsvgc2026regma",
  "rating": 1076,
  "private": 0,
  "password": null
}