{
  "id": "gen9championsvgc2026regma-2585898921",
  "format": "[Gen 9 Champions] VGC 2026 Reg M-A",
  "players": [
    "GeistvgcTest",
    "AidzPlayz"
  ],
  "log": "|j|\u2606GeistvgcTest\n|j|\u2606AidzPlayz\n|t:|1776379585\n|gametype|doubles\n|player|p1|GeistvgcTest|acetrainerf|1345\n|player|p2|AidzPlayz|ghetsis-gen5bw|1252\n|gen|9\n|tier|[Gen 9 Champions] VGC 2026 Reg M-A\n|rated|\n|rule|Species Clause: Limit one of each Pok\u00e9mon\n|rule|Item Clause: Limit 1 of each item\n|clearpoke\n|poke|p1|Glimmora, L50, F|\n|poke|p1|Garchomp, L50, M|\n|poke|p1|Whimsicott, L50, F|\n|poke|p1|Rotom-Wash, L50|\n|poke|p1|Mamoswine, L50, M|\n|poke|p1|Incineroar, L50, F|\n|poke|p2|Aerodactyl, L50, F|\n|poke|p2|Incineroar, L50, M|\n|poke|p2|Floette-Eternal, L50, F|\n|poke|p2|Basculegion, L50, M|\n|poke|p2|Garchomp, L50, F|\n|poke|p2|Sneasler, L50, M|\n|teampreview|4\n|inactive|Battle timer is ON: inactive players will automatically lose when time's up. (requested by GeistvgcTest)\n|\n|t:|1776379614\n|teamsize|p1|4\n|teamsize|p2|4\n|start\n|switch|p1a: Incineroar|Incineroar, L50, F|100/100\n|switch|p1b: Rotom|Rotom-Wash, L50|100/100\n|switch|p2a: Aerodactyl|Aerodactyl, L50, F|100/100\n|switch|p2b: Garchomp|Garchomp, L50, F|100/100\n|-ability|p2a: Aerodactyl|Unnerve\n|-ability|p1a: Incineroar|Intimidate|boost\n|-unboost|p2a: Aerodactyl|atk|1\n|-unboost|p2b: Garchomp|atk|1\n|turn|1\n|\n|t:|1776379627\n|move|p2a: Aerodactyl|Protect|p2a: Aerodactyl\n|-singleturn|p2a: Aerodactyl|Protect\n|move|p2b: Garchomp|Protect|p2b: Garchomp\n|-singleturn|p2b: Garchomp|Protect\n|move|p1a: Incineroar|Fake Out|p2a: Aerodactyl\n|-activate|p2a: Aerodactyl|move: Protect\n|move|p1b: Rotom|Hydro Pump|p2b: Garchomp\n|-activate|p2b: Garchomp|move: Protect\n|\n|upkeep\n|turn|2\n|\n|t:|1776379643\n|switch|p1a: Garchomp|Garchomp, L50, M|100/100\n|move|p2a: Aerodactyl|Tailwind|p2a: Aerodactyl\n|-sidestart|p2: AidzPlayz|move: Tailwind\n|move|p2b: Garchomp|Earthquake|p1b: Rotom|[spread] p1a\n|-immune|p2a: Aerodactyl\n|-immune|p1b: Rotom|[from] ability: Levitate\n|-damage|p1a: Garchomp|76/100\n|move|p1b: Rotom|Hydro Pump|p2a: Aerodactyl\n|-supereffective|p2a: Aerodactyl|1\n|-enditem|p2a: Aerodactyl|Focus Sash\n|-damage|p2a: Aerodactyl|1/100\n|\n|upkeep\n|turn|3\n|\n|t:|1776379664\n|switch|p1a: Incineroar|Incineroar, L50, F|100/100\n|-ability|p1a: Incineroar|Intimidate|boost\n|-unboost|p2a: Aerodactyl|atk|1\n|-unboost|p2b: Garchomp|atk|1\n|move|p2a: Aerodactyl|Rock Slide|p1b: Rotom|[spread] p1b\n|-miss|p2a: Aerodactyl|p1a: Incineroar\n|-damage|p1b: Rotom|86/100\n|move|p2b: Garchomp|Dragon Claw|p1a: Incineroar\n|-damage|p1a: Incineroar|81/100\n|move|p1b: Rotom|Hydro Pump|p2b: Garchomp\n|-damage|p2b: Garchomp|45/100\n|\n|upkeep\n|turn|4\n|inactive|GeistvgcTest has 30 seconds left.\n|inactive|AidzPlayz has 30 seconds left.\n|\n|t:|1776379699\n|switch|p2a: Floette|Floette-Eternal, L50, F|100/100\n|move|p1a: Incineroar|Fake Out|p2a: Floette\n|-damage|p2a: Floette|79/100\n|move|p2b: Garchomp|Rock Slide|p1a: Incineroar|[spread] p1a\n|-miss|p2b: Garchomp|p1b: Rotom\n|-supereffective|p1a: Incineroar|1\n|-damage|p1a: Incineroar|63/100\n|move|p1b: Rotom|Will-O-Wisp|p2b: Garchomp\n|-status|p2b: Garchomp|brn\n|\n|-damage|p2b: Garchomp|39/100 brn|[from] brn\n|upkeep\n|turn|5\n|inactive|GeistvgcTest has 30 seconds left.\n|inactive|AidzPlayz has 30 seconds left.\n|\n|t:|1776379727\n|detailschange|p2a: Floette|Floette-Mega, L50, F\n|-mega|p2a: Floette|Floette|Floettite\n|-ability|p2a: Floette|Fairy Aura\n|move|p1b: Rotom|Protect|p1b: Rotom\n|-singleturn|p1b: Rotom|Protect\n|move|p2b: Garchomp|Rock Slide|p1a: Incineroar|[spread] p1a\n|-activate|p1b: Rotom|move: Protect\n|-supereffective|p1a: Incineroar|1\n|-crit|p1a: Incineroar\n|-damage|p1a: Incineroar|36/100\n|move|p2a: Floette|Dazzling Gleam|p1a: Incineroar|[spread] p1a\n|-activate|p1b: Rotom|move: Protect\n|-crit|p1a: Incineroar\n|-damage|p1a: Incineroar|0 fnt\n|faint|p1a: Incineroar\n|\n|-damage|p2b: Garchomp|33/100 brn|[from] brn\n|-sideend|p2: AidzPlayz|move: Tailwind\n|upkeep\n|inactive|GeistvgcTest has 30 seconds left.\n|\n|t:|1776379756\n|switch|p1a: Glimmora|Glimmora, L50, F|100/100\n|turn|6\n|\n|t:|1776379769\n|detailschange|p1a: Glimmora|Glimmora-Mega, L50, F\n|-mega|p1a: Glimmora|Glimmora|Glimmoranite\n|move|p2a: Floette|Protect|p2a: Floette\n|-singleturn|p2a: Floette|Protect\n|move|p1a: Glimmora|Spiky Shield|p1a: Glimmora\n|-singleturn|p1a: Glimmora|move: Protect\n|move|p2b: Garchomp|Earthquake|p1b: Rotom|[spread] \n|-activate|p2a: Floette|move: Protect\n|-activate|p1a: Glimmora|move: Protect\n|-immune|p1b: Rotom|[from] ability: Levitate\n|move|p1b: Rotom|Discharge|p2b: Garchomp|[spread] \n|-activate|p1a: Glimmora|move: Protect\n|-activate|p2a: Floette|move: Protect\n|-immune|p2b: Garchomp\n|\n|-damage|p2b: Garchomp|27/100 brn|[from] brn\n|upkeep\n|turn|7\n|inactive|GeistvgcTest has 30 seconds left.\n|inactive|AidzPlayz has 30 seconds left.\n|inactive|AidzPlayz has 20 seconds left.\n|inactive|AidzPlayz has 15 seconds left.\n|\n|t:|1776379812\n|switch|p2a: Sneasler|Sneasler, L50, M|100/100\n|move|p2b: Garchomp|Earthquake|p1b: Rotom|[spread] p2a,p1a\n|-immune|p1b: Rotom|[from] ability: Levitate\n|-supereffective|p2a: Sneasler|1\n|-supereffective|p1a: Glimmora|2\n|-damage|p2a: Sneasler|69/100\n|-damage|p1a: Glimmora|59/100\n|move|p1a: Glimmora|Sludge Bomb|p2a: Sneasler\n|-resisted|p2a: Sneasler|1\n|-damage|p2a: Sneasler|16/100\n|move|p1b: Rotom|Hydro Pump|p2b: Garchomp\n|-damage|p2b: Garchomp|0 fnt\n|faint|p2b: Garchomp\n|\n|upkeep\n|\n|t:|1776379824\n|switch|p2b: Aerodactyl|Aerodactyl, L50, F|1/100\n|-ability|p2b: Aerodactyl|Unnerve\n|turn|8\n|\n|t:|1776379837\n|switch|p1a: Garchomp|Garchomp, L50, M|76/100\n|move|p2b: Aerodactyl|Tailwind|p2b: Aerodactyl\n|-sidestart|p2: AidzPlayz|move: Tailwind\n|move|p2a: Sneasler|Close Combat|p1b: Rotom\n|-damage|p1b: Rotom|23/100\n|-unboost|p2a: Sneasler|def|1\n|-unboost|p2a: Sneasler|spd|1\n|-enditem|p2a: Sneasler|White Herb\n|-clearnegativeboost|p2a: Sneasler|[silent]\n|move|p1b: Rotom|Discharge|p2a: Sneasler|[spread] p2a,p2b\n|-immune|p1a: Garchomp\n|-supereffective|p2b: Aerodactyl|1\n|-damage|p2a: Sneasler|0 fnt\n|-damage|p2b: Aerodactyl|0 fnt\n|-enditem|p1b: Rotom|Sitrus Berry|[eat]\n|-heal|p1b: Rotom|48/100|[from] item: Sitrus Berry\n|faint|p2a: Sneasler\n|faint|p2b: Aerodactyl\n|\n|upkeep\n|\n|t:|1776379855\n|switch|p2a: Floette|Floette-Mega, L50, F|79/100\n|-ability|p2a: Floette|Fairy Aura\n|turn|9\n|\n|t:|1776379869\n|move|p1a: Garchomp|Protect|p1a: Garchomp\n|-singleturn|p1a: Garchomp|Protect\n|move|p2a: Floette|Dazzling Gleam|p1b: Rotom|[spread] p1b\n|-activate|p1a: Garchomp|move: Protect\n|-damage|p1b: Rotom|0 fnt\n|faint|p1b: Rotom\n|\n|upkeep\n|\n|t:|1776379877\n|switch|p1b: Glimmora|Glimmora-Mega, L50, F|59/100\n|turn|10\n|\n|t:|1776379886\n|move|p2a: Floette|Light of Ruin|p1b: Glimmora\n|-resisted|p1b: Glimmora|1\n|-damage|p1b: Glimmora|0 fnt\n|faint|p1b: Glimmora\n|-damage|p2a: Floette|48/100|[from] Recoil\n|move|p1a: Garchomp|Rock Slide|p2a: Floette\n|-damage|p2a: Floette|12/100\n|\n|upkeep\n|turn|11\n|\n|t:|1776379896\n|move|p1a: Garchomp|Protect|p1a: Garchomp\n|-singleturn|p1a: Garchomp|Protect\n|move|p2a: Floette|Moonblast|p1a: Garchomp\n|-activate|p1a: Garchomp|move: Protect\n|\n|-sideend|p2: AidzPlayz|move: Tailwind\n|upkeep\n|turn|12\n|c|\u2606AidzPlayz|gg\n|\n|t:|1776379902\n|move|p1a: Garchomp|Earthquake|p2a: Floette\n|-damage|p2a: Floette|0 fnt\n|faint|p2a: Floette\n|\n|win|GeistvgcTest\n|raw|GeistvgcTest's rating: 1345 &rarr; <strong>1360</strong><br />(+15 for winning)\n|raw|AidzPlayz's rating: 1252 &rarr; <strong>1234</strong><br />(-18 for losing)\n",
  "uploadtime": 1776379903,
  "views": 22,
  "formatid": "gen9championsvgc2026regma",
  "rating": 1234,
  "private": 0,
  "password": null
}