{
  "id": "gen9championsvgc2026regma-2584298998",
  "format": "[Gen 9 Champions] VGC 2026 Reg M-A",
  "players": [
    "testmon675",
    "Jmoneyzzzzz"
  ],
  "log": "|j|\u2606testmon675\n|j|\u2606Jmoneyzzzzz\n|t:|1776248626\n|gametype|doubles\n|player|p1|testmon675|265|1210\n|player|p2|Jmoneyzzzzz|2|1255\n|gen|9\n|tier|[Gen 9 Champions] VGC 2026 Reg M-A\n|rated|\n|rule|Species Clause: Limit one of each Pok\u00e9mon\n|rule|Item Clause: Limit 1 of each item\n|clearpoke\n|poke|p1|Aerodactyl, L50, F|\n|poke|p1|Garchomp, L50, M|\n|poke|p1|Delphox, L50, M|\n|poke|p1|Sneasler, L50, M|\n|poke|p1|Rotom-Wash, L50|\n|poke|p1|Sinistcha-Masterpiece, L50|\n|poke|p2|Meganium, L50, F|\n|poke|p2|Pelipper, L50, M|\n|poke|p2|Archaludon, L50, M|\n|poke|p2|Basculegion, L50, M|\n|poke|p2|Toxicroak, L50, F|\n|poke|p2|Araquanid, L50, M|\n|teampreview|4\n|\n|t:|1776248682\n|teamsize|p1|4\n|teamsize|p2|4\n|start\n|switch|p1a: Aerodactyl|Aerodactyl, L50, F|100/100\n|switch|p1b: Rotom|Rotom-Wash, L50|100/100\n|switch|p2a: Pelipper|Pelipper, L50, M|100/100\n|switch|p2b: Archaludon|Archaludon, L50, M|100/100\n|-ability|p1a: Aerodactyl|Unnerve\n|-weather|RainDance|[from] ability: Drizzle|[of] p2a: Pelipper\n|turn|1\n|\n|t:|1776248697\n|move|p2a: Pelipper|Protect|p2a: Pelipper\n|-singleturn|p2a: Pelipper|Protect\n|move|p1a: Aerodactyl|Tailwind|p1a: Aerodactyl\n|-sidestart|p1: testmon675|move: Tailwind\n|move|p1b: Rotom|Volt Switch|p2a: Pelipper\n|-activate|p2a: Pelipper|move: Protect\n|move|p2b: Archaludon|Electro Shot||[still]\n|-prepare|p2b: Archaludon|Electro Shot\n|-boost|p2b: Archaludon|spa|1\n|-anim|p2b: Archaludon|Electro Shot|p1a: Aerodactyl\n|-supereffective|p1a: Aerodactyl|1\n|-damage|p1a: Aerodactyl|0 fnt\n|faint|p1a: Aerodactyl\n|\n|-weather|RainDance|[upkeep]\n|upkeep\n|\n|t:|1776248704\n|switch|p1a: Garchomp|Garchomp, L50, M|100/100\n|turn|2\n|\n|t:|1776248738\n|move|p1b: Rotom|Helping Hand|p1a: Garchomp\n|-singleturn|p1a: Garchomp|Helping Hand|[of] p1b: Rotom\n|move|p1a: Garchomp|Earthquake|p2b: Archaludon|[spread] p2b\n|-immune|p1b: Rotom|[from] ability: Levitate\n|-immune|p2a: Pelipper\n|-supereffective|p2b: Archaludon|1\n|-enditem|p2b: Archaludon|Shuca Berry|[eat]\n|-enditem|p2b: Archaludon|Shuca Berry|[weaken]\n|-damage|p2b: Archaludon|56/100\n|-ability|p2b: Archaludon|Stamina|boost\n|-boost|p2b: Archaludon|def|1\n|move|p2b: Archaludon|Draco Meteor|p1a: Garchomp\n|-supereffective|p1a: Garchomp|1\n|-damage|p1a: Garchomp|0 fnt\n|-unboost|p2b: Archaludon|spa|2\n|faint|p1a: Garchomp\n|move|p2a: Pelipper|Hydro Pump|p1b: Rotom|[miss]\n|-miss|p2a: Pelipper|p1b: Rotom\n|\n|-weather|RainDance|[upkeep]\n|upkeep\n|l|\u2606testmon675\n|player|p1|\n|inactive|Battle timer is ON: inactive players will automatically lose when time's up. (requested by Jmoneyzzzzz)\n|inactive|testmon675 has 30 seconds to reconnect!\n|inactive|testmon675 has 20 seconds to reconnect!\n|j|\u2606testmon675\n|inactive|testmon675 reconnected and has 50 seconds left.\n|player|p1|testmon675|265|\n|\n|t:|1776248856\n|switch|p1a: Sinistcha|Sinistcha-Masterpiece, L50|100/100\n|turn|3\n|\n|t:|1776248874\n|move|p1b: Rotom|Thunderbolt|p2a: Pelipper\n|-supereffective|p2a: Pelipper|2\n|-enditem|p2a: Pelipper|Focus Sash\n|-damage|p2a: Pelipper|1/100\n|move|p2b: Archaludon|Electro Shot||[still]\n|-prepare|p2b: Archaludon|Electro Shot\n|-boost|p2b: Archaludon|spa|1\n|-anim|p2b: Archaludon|Electro Shot|p1b: Rotom\n|-damage|p1b: Rotom|63/100\n|move|p2a: Pelipper|Hurricane|p1a: Sinistcha\n|-supereffective|p1a: Sinistcha|1\n|-damage|p1a: Sinistcha|25/100\n|-start|p1a: Sinistcha|confusion\n|-activate|p1a: Sinistcha|confusion\n|-damage|p1a: Sinistcha|20/100|[from] confusion\n|\n|-weather|RainDance|[upkeep]\n|upkeep\n|turn|4\n|inactive|testmon675 has 30 seconds left.\n|inactive|Jmoneyzzzzz has 30 seconds left.\n|inactive|testmon675 has 20 seconds left.\n|inactive|testmon675 has 15 seconds left.\n|\n|t:|1776248916\n|move|p2b: Archaludon|Protect|p2b: Archaludon\n|-singleturn|p2b: Archaludon|Protect\n|move|p2a: Pelipper|Protect|p2a: Pelipper\n|-singleturn|p2a: Pelipper|Protect\n|move|p1b: Rotom|Thunderbolt|p2b: Archaludon\n|-activate|p2b: Archaludon|move: Protect\n|-activate|p1a: Sinistcha|confusion\n|move|p1a: Sinistcha|Trick Room|p1a: Sinistcha\n|-fieldstart|move: Trick Room|[of] p1a: Sinistcha\n|\n|-weather|RainDance|[upkeep]\n|-sideend|p1: testmon675|move: Tailwind\n|upkeep\n|turn|5\n|\n|t:|1776248936\n|-activate|p1a: Sinistcha|confusion\n|move|p1a: Sinistcha|Matcha Gotcha|p2a: Pelipper|[spread] p2a,p2b\n|-resisted|p2b: Archaludon|2\n|-damage|p2a: Pelipper|0 fnt\n|-heal|p1a: Sinistcha|21/100|[from] drain|[of] p2a: Pelipper\n|-damage|p2b: Archaludon|50/100\n|-heal|p1a: Sinistcha|24/100|[from] drain|[of] p2b: Archaludon\n|-ability|p2b: Archaludon|Stamina|boost\n|-boost|p2b: Archaludon|def|1\n|faint|p2a: Pelipper\n|move|p2b: Archaludon|Electro Shot||[still]\n|-prepare|p2b: Archaludon|Electro Shot\n|-boost|p2b: Archaludon|spa|1\n|-anim|p2b: Archaludon|Electro Shot|p1b: Rotom\n|-damage|p1b: Rotom|15/100\n|-enditem|p1b: Rotom|Sitrus Berry|[eat]\n|-heal|p1b: Rotom|39/100|[from] item: Sitrus Berry\n|move|p1b: Rotom|Hydro Pump|p2b: Archaludon\n|-resisted|p2b: Archaludon|1\n|-damage|p2b: Archaludon|22/100\n|-ability|p2b: Archaludon|Stamina|boost\n|-boost|p2b: Archaludon|def|1\n|\n|-weather|none\n|upkeep\n|\n|t:|1776248958\n|switch|p2a: Araquanid|Araquanid, L50, M|100/100\n|turn|6\n|\n|t:|1776248973\n|-activate|p1a: Sinistcha|confusion\n|move|p1a: Sinistcha|Matcha Gotcha|p2b: Archaludon|[spread] p2a\n|-miss|p1a: Sinistcha|p2b: Archaludon\n|-damage|p2a: Araquanid|81/100\n|-heal|p1a: Sinistcha|34/100|[from] drain|[of] p2a: Araquanid\n|move|p2b: Archaludon|Draco Meteor|p1a: Sinistcha\n|-damage|p1a: Sinistcha|0 fnt\n|-unboost|p2b: Archaludon|spa|2\n|faint|p1a: Sinistcha\n|move|p1b: Rotom|Thunderbolt|p2a: Araquanid\n|-supereffective|p2a: Araquanid|1\n|-damage|p2a: Araquanid|30/100\n|move|p2a: Araquanid|Mirror Coat|p1b: Rotom\n|-damage|p1b: Rotom|0 fnt\n|faint|p1b: Rotom\n|\n|win|Jmoneyzzzzz\n|raw|testmon675's rating: 1210 &rarr; <strong>1188</strong><br />(-22 for losing)\n|raw|Jmoneyzzzzz's rating: 1255 &rarr; <strong>1277</strong><br />(+22 for winning)\n|l|\u2606testmon675\n|player|p1|\n",
  "uploadtime": 1776249005,
  "views": 24,
  "formatid": "gen9championsvgc2026regma",
  "rating": 1188,
  "private": 0,
  "password": null
}