{
  "id": "gen9championsvgc2026regma-2581352793",
  "format": "[Gen 9 Champions] VGC 2026 Reg M-A",
  "players": [
    "debouls",
    "Desertfreak"
  ],
  "log": "|j|\u2606debouls\n|j|\u203dDesertfreak\n|t:|1775990593\n|gametype|doubles\n|player|p1|debouls|2|1197\n|player|p2|Desertfreak|1|1193\n|gen|9\n|tier|[Gen 9 Champions] VGC 2026 Reg M-A\n|rated|\n|rule|Species Clause: Limit one of each Pok\u00e9mon\n|rule|Item Clause: Limit 1 of each item\n|clearpoke\n|poke|p1|Starmie, L50|\n|poke|p1|Sneasler, L50, F|\n|poke|p1|Sinistcha, L50|\n|poke|p1|Kingambit, L50, F|\n|poke|p1|Dragonite, L50, M|\n|poke|p1|Pelipper, L50, M|\n|poke|p2|Basculegion, L50, M|\n|poke|p2|Kingambit, L50, M|\n|poke|p2|Rotom-Heat, L50|\n|poke|p2|Froslass, L50, F|\n|poke|p2|Sneasler, L50, M|\n|poke|p2|Clefable, L50, F|\n|teampreview|4\n|inactive|Battle timer is ON: inactive players will automatically lose when time's up. (requested by Desertfreak)\n|\n|t:|1775990651\n|teamsize|p1|4\n|teamsize|p2|4\n|start\n|switch|p1a: Sneasler|Sneasler, L50, F|100/100\n|switch|p1b: Starmie|Starmie, L50|100/100\n|switch|p2a: Basculegion|Basculegion, L50, M, shiny|100/100\n|switch|p2b: Clefable|Clefable, L50, F, shiny|100/100\n|turn|1\n|\n|t:|1775990671\n|detailschange|p1b: Starmie|Starmie-Mega, L50\n|-mega|p1b: Starmie|Starmie|Starminite\n|move|p1b: Starmie|Protect|p1b: Starmie\n|-singleturn|p1b: Starmie|Protect\n|move|p2a: Basculegion|Flip Turn|p1a: Sneasler\n|-damage|p1a: Sneasler|40/100\n|\n|t:|1775990678\n|switch|p2a: Kingambit|Kingambit, L50, M, shiny|100/100|[from] Flip Turn\n|move|p1a: Sneasler|Coaching|p1b: Starmie\n|-boost|p1b: Starmie|atk|1\n|-boost|p1b: Starmie|def|1\n|move|p2b: Clefable|Moonblast|p1a: Sneasler\n|-damage|p1a: Sneasler|0 fnt\n|faint|p1a: Sneasler\n|\n|upkeep\n|\n|t:|1775990690\n|switch|p1a: Sinistcha|Sinistcha, L50|100/100\n|turn|2\n|\n|t:|1775990704\n|move|p1a: Sinistcha|Rage Powder|p1a: Sinistcha\n|-singleturn|p1a: Sinistcha|move: Rage Powder\n|move|p2b: Clefable|Follow Me|p2b: Clefable\n|-singleturn|p2b: Clefable|move: Follow Me\n|move|p1b: Starmie|Liquidation|p2b: Clefable\n|-damage|p2b: Clefable|37/100\n|-enditem|p2b: Clefable|Sitrus Berry|[eat]\n|-heal|p2b: Clefable|61/100|[from] item: Sitrus Berry\n|move|p2a: Kingambit|Kowtow Cleave|p1a: Sinistcha\n|-supereffective|p1a: Sinistcha|1\n|-damage|p1a: Sinistcha|0 fnt\n|faint|p1a: Sinistcha\n|\n|upkeep\n|\n|t:|1775990715\n|switch|p1a: Pelipper|Pelipper, L50, M|100/100\n|-weather|RainDance|[from] ability: Drizzle|[of] p1a: Pelipper\n|turn|3\n|\n|t:|1775990724\n|move|p2b: Clefable|Follow Me|p2b: Clefable\n|-singleturn|p2b: Clefable|move: Follow Me\n|move|p1b: Starmie|Aqua Jet|p2b: Clefable\n|-damage|p2b: Clefable|15/100\n|move|p1a: Pelipper|Weather Ball|p2b: Clefable\n|-damage|p2b: Clefable|0 fnt\n|faint|p2b: Clefable\n|move|p2a: Kingambit|Kowtow Cleave|p1b: Starmie\n|-supereffective|p1b: Starmie|1\n|-damage|p1b: Starmie|7/100\n|\n|-weather|RainDance|[upkeep]\n|upkeep\n|\n|t:|1775990735\n|switch|p2b: Basculegion|Basculegion, L50, M, shiny|100/100\n|turn|4\n|\n|t:|1775990747\n|move|p1b: Starmie|Protect|p1b: Starmie\n|-singleturn|p1b: Starmie|Protect\n|move|p2a: Kingambit|Sucker Punch|p1a: Pelipper\n|-damage|p1a: Pelipper|40/100\n|move|p2b: Basculegion|Last Respects|p1b: Starmie\n|-activate|p1b: Starmie|move: Protect\n|move|p1a: Pelipper|Weather Ball|p2a: Kingambit\n|-damage|p2a: Kingambit|38/100\n|\n|-weather|RainDance|[upkeep]\n|upkeep\n|turn|5\n|\n|t:|1775990764\n|move|p1b: Starmie|Aqua Jet|p2a: Kingambit\n|-crit|p2a: Kingambit\n|-damage|p2a: Kingambit|0 fnt\n|faint|p2a: Kingambit\n|move|p2b: Basculegion|Last Respects|p1b: Starmie\n|-supereffective|p1b: Starmie|1\n|-damage|p1b: Starmie|0 fnt\n|faint|p1b: Starmie\n|move|p1a: Pelipper|Weather Ball|p2b: Basculegion\n|-resisted|p2b: Basculegion|1\n|-damage|p2b: Basculegion|65/100\n|\n|-weather|RainDance|[upkeep]\n|upkeep\n|\n|t:|1775990766\n|switch|p2a: Rotom|Rotom-Heat, L50, shiny|100/100\n|turn|6\n|\n|t:|1775990777\n|move|p2b: Basculegion|Last Respects|p1a: Pelipper\n|-damage|p1a: Pelipper|0 fnt\n|faint|p1a: Pelipper\n|\n|win|Desertfreak\n|raw|debouls's rating: 1197 &rarr; <strong>1172</strong><br />(-25 for losing)\n|raw|Desertfreak's rating: 1193 &rarr; <strong>1218</strong><br />(+25 for winning)\n",
  "uploadtime": 1775990780,
  "views": 20,
  "formatid": "gen9championsvgc2026regma",
  "rating": 1172,
  "private": 0,
  "password": null
}