{
  "id": "gen9championsvgc2026regma-2584001447",
  "format": "[Gen 9 Champions] VGC 2026 Reg M-A",
  "players": [
    "32323h",
    "Jah_08"
  ],
  "log": "|j|\u260632323h\n|j|\u2606Jah_08\n|t:|1776215682\n|gametype|doubles\n|player|p1|32323h|iris-gen5bw2|1267\n|player|p2|Jah_08|alder|1335\n|gen|9\n|tier|[Gen 9 Champions] VGC 2026 Reg M-A\n|rated|\n|rule|Species Clause: Limit one of each Pok\u00e9mon\n|rule|Item Clause: Limit 1 of each item\n|clearpoke\n|poke|p1|Drampa, L50, F|\n|poke|p1|Sinistcha-Masterpiece, L50|\n|poke|p1|Incineroar, L50, F|\n|poke|p1|Aggron, L50, M|\n|poke|p1|Araquanid, L50, F|\n|poke|p1|Hatterene, L50, F|\n|poke|p2|Excadrill, L50, M|\n|poke|p2|Whimsicott, L50, M|\n|poke|p2|Chandelure, L50, M|\n|poke|p2|Zoroark-Hisui, L50, M|\n|poke|p2|Basculegion, L50, M|\n|poke|p2|Krookodile, L50, M|\n|teampreview|4\n|inactive|Battle timer is ON: inactive players will automatically lose when time's up. (requested by 32323h)\n|inactive|32323h has 60 seconds left.\n|inactive|Jah_08 has 60 seconds left.\n|inactive|Jah_08 has 30 seconds left.\n|\n|t:|1776215744\n|teamsize|p1|4\n|teamsize|p2|4\n|start\n|switch|p1a: Incineroar|Incineroar, L50, F|100/100\n|switch|p1b: Hatterene|Hatterene, L50, F|100/100\n|switch|p2a: Krookodile|Krookodile, L50, M|100/100\n|switch|p2b: Chandelure|Chandelure, L50, M, shiny|100/100\n|-ability|p1a: Incineroar|Intimidate|boost\n|-unboost|p2a: Krookodile|atk|1\n|-unboost|p2b: Chandelure|atk|1\n|turn|1\n|inactive|Jah_08 has 30 seconds left.\n|inactive|32323h has 30 seconds left.\n|\n|t:|1776215794\n|detailschange|p2b: Chandelure|Chandelure-Mega, L50, M, shiny\n|-mega|p2b: Chandelure|Chandelure|Chandelurite\n|move|p2a: Krookodile|Shadow Ball|p1b: Hatterene\n|-supereffective|p1b: Hatterene|1\n|-damage|p1b: Hatterene|30/100\n|move|p2b: Chandelure|Shadow Ball|p1b: Hatterene\n|-supereffective|p1b: Hatterene|1\n|-damage|p1b: Hatterene|0 fnt\n|faint|p1b: Hatterene\n|move|p1a: Incineroar|Flare Blitz|p2a: Krookodile\n|-damage|p2a: Krookodile|0 fnt\n|replace|p2a: Zoroark|Zoroark-Hisui, L50, M\n|-end|p2a: Zoroark|Illusion\n|faint|p2a: Zoroark\n|-damage|p1a: Incineroar|79/100|[from] Recoil\n|\n|-heal|p1a: Incineroar|85/100|[from] item: Leftovers\n|upkeep\n|inactive|Jah_08 has 30 seconds left.\n|\n|t:|1776215822\n|switch|p2a: Krookodile|Krookodile, L50, M|100/100\n|switch|p1b: Sinistcha|Sinistcha-Masterpiece, L50|100/100\n|-heal|p1a: Incineroar|100/100|[from] ability: Hospitality|[of] p1b: Sinistcha\n|turn|2\n|inactive|Jah_08 has 30 seconds left.\n|inactive|Jah_08 has 20 seconds left.\n|\n|t:|1776215860\n|switch|p1b: Drampa|Drampa, L50, F|100/100\n|-ability|p1b: Drampa|Cloud Nine\n|move|p2a: Krookodile|Rock Slide|p1b: Drampa|[spread] p1a\n|-miss|p2a: Krookodile|p1b: Drampa\n|-supereffective|p1a: Incineroar|1\n|-damage|p1a: Incineroar|65/100\n|move|p2b: Chandelure|Shadow Ball|p1b: Drampa\n|-immune|p1b: Drampa\n|move|p1a: Incineroar|Parting Shot|p2b: Chandelure\n|-unboost|p2b: Chandelure|atk|1\n|-unboost|p2b: Chandelure|spa|1\n|\n|t:|1776215872\n|switch|p1a: Sinistcha|Sinistcha-Masterpiece, L50|100/100|[from] Parting Shot\n|\n|upkeep\n|turn|3\n|\n|t:|1776215889\n|detailschange|p1b: Drampa|Drampa-Mega, L50, F\n|-mega|p1b: Drampa|Drampa|Drampanite\n|move|p2a: Krookodile|Close Combat|p1b: Drampa\n|-supereffective|p1b: Drampa|1\n|-damage|p1b: Drampa|27/100\n|-unboost|p2a: Krookodile|def|1\n|-unboost|p2a: Krookodile|spd|1\n|-ability|p1b: Drampa|Berserk|boost\n|-boost|p1b: Drampa|spa|1\n|-enditem|p2a: Krookodile|White Herb\n|-clearnegativeboost|p2a: Krookodile|[silent]\n|move|p2b: Chandelure|Substitute|p2b: Chandelure\n|-start|p2b: Chandelure|Substitute\n|-damage|p2b: Chandelure|76/100\n|move|p1b: Drampa|Earth Power|p2b: Chandelure\n|-supereffective|p2b: Chandelure|1\n|-end|p2b: Chandelure|Substitute\n|move|p1a: Sinistcha|Trick Room|p1a: Sinistcha\n|-fieldstart|move: Trick Room|[of] p1a: Sinistcha\n|\n|upkeep\n|turn|4\n|inactive|32323h has 30 seconds left.\n|inactive|Jah_08 has 30 seconds left.\n|inactive|Jah_08 has 20 seconds left.\n|\n|t:|1776215924\n|switch|p1a: Incineroar|Incineroar, L50, F|65/100\n|-ability|p1a: Incineroar|Intimidate|boost\n|-unboost|p2a: Krookodile|atk|1\n|-unboost|p2b: Chandelure|atk|1\n|move|p1b: Drampa|Protect|p1b: Drampa\n|-singleturn|p1b: Drampa|Protect\n|move|p2b: Chandelure|Shadow Ball|p1a: Incineroar\n|-resisted|p1a: Incineroar|1\n|-crit|p1a: Incineroar\n|-damage|p1a: Incineroar|40/100\n|-unboost|p1a: Incineroar|spd|1\n|move|p2a: Krookodile|Close Combat|p1b: Drampa\n|-activate|p1b: Drampa|move: Protect\n|\n|-heal|p1a: Incineroar|46/100|[from] item: Leftovers\n|upkeep\n|turn|5\n|inactive|32323h has 30 seconds left.\n|\n|t:|1776215954\n|switch|p1b: Sinistcha|Sinistcha-Masterpiece, L50|100/100\n|-heal|p1a: Incineroar|70/100|[from] ability: Hospitality|[of] p1b: Sinistcha\n|move|p2b: Chandelure|Protect|p2b: Chandelure\n|-singleturn|p2b: Chandelure|Protect\n|move|p2a: Krookodile|Protect|p2a: Krookodile\n|-singleturn|p2a: Krookodile|Protect\n|move|p1a: Incineroar|Parting Shot|p2a: Krookodile\n|-activate|p2a: Krookodile|move: Protect\n|\n|-heal|p1a: Incineroar|76/100|[from] item: Leftovers\n|upkeep\n|turn|6\n|\n|t:|1776215973\n|switch|p1b: Drampa|Drampa-Mega, L50, F|27/100\n|move|p1a: Incineroar|Snarl|p2b: Chandelure|[spread] p2b\n|-miss|p1a: Incineroar|p2a: Krookodile\n|-supereffective|p2b: Chandelure|1\n|-damage|p2b: Chandelure|48/100\n|-unboost|p2b: Chandelure|spa|1\n|move|p2b: Chandelure|Shadow Ball|p1b: Drampa\n|-immune|p1b: Drampa\n|move|p2a: Krookodile|Close Combat|p1a: Incineroar\n|-supereffective|p1a: Incineroar|1\n|-damage|p1a: Incineroar|27/100\n|-unboost|p2a: Krookodile|def|1\n|-unboost|p2a: Krookodile|spd|1\n|\n|-heal|p1a: Incineroar|33/100|[from] item: Leftovers\n|upkeep\n|turn|7\n|\n|t:|1776215994\n|switch|p1a: Sinistcha|Sinistcha-Masterpiece, L50|100/100\n|-heal|p1b: Drampa|52/100|[from] ability: Hospitality|[of] p1a: Sinistcha\n|move|p2b: Chandelure|Protect|p2b: Chandelure\n|-singleturn|p2b: Chandelure|Protect\n|move|p2a: Krookodile|Protect|p2a: Krookodile\n|-singleturn|p2a: Krookodile|Protect\n|move|p1b: Drampa|Hyper Voice|p2a: Krookodile|[spread] \n|-activate|p2a: Krookodile|move: Protect\n|-activate|p2b: Chandelure|move: Protect\n|\n|-fieldend|move: Trick Room\n|upkeep\n|turn|8\n|\n|t:|1776216017\n|switch|p1b: Incineroar|Incineroar, L50, F|33/100\n|-ability|p1b: Incineroar|Intimidate|boost\n|-unboost|p2a: Krookodile|atk|1\n|-unboost|p2b: Chandelure|atk|1\n|move|p2a: Krookodile|Close Combat|p1b: Incineroar\n|-supereffective|p1b: Incineroar|1\n|-damage|p1b: Incineroar|0 fnt\n|-unboost|p2a: Krookodile|def|1\n|-unboost|p2a: Krookodile|spd|1\n|faint|p1b: Incineroar\n|-ability|p2a: Krookodile|Moxie|boost\n|-boost|p2a: Krookodile|atk|1\n|move|p2b: Chandelure|Shadow Ball|p1a: Sinistcha\n|-supereffective|p1a: Sinistcha|1\n|-damage|p1a: Sinistcha|57/100\n|-unboost|p1a: Sinistcha|spd|1\n|move|p1a: Sinistcha|Trick Room|p1a: Sinistcha\n|-fieldstart|move: Trick Room|[of] p1a: Sinistcha\n|\n|upkeep\n|\n|t:|1776216026\n|switch|p1b: Drampa|Drampa-Mega, L50, F|52/100\n|turn|9\n|inactive|Jah_08 has 30 seconds left.\n|\n|t:|1776216052\n|move|p1b: Drampa|Hyper Voice|p2b: Chandelure|[spread] p2a\n|-immune|p2b: Chandelure\n|-damage|p2a: Krookodile|0 fnt\n|faint|p2a: Krookodile\n|move|p1a: Sinistcha|Life Dew|p1a: Sinistcha|[spread] p1a,p1b\n|-heal|p1a: Sinistcha|82/100\n|-heal|p1b: Drampa|77/100\n|move|p2b: Chandelure|Shadow Ball|p1a: Sinistcha\n|-supereffective|p1a: Sinistcha|1\n|-damage|p1a: Sinistcha|21/100\n|-enditem|p1a: Sinistcha|Sitrus Berry|[eat]\n|-heal|p1a: Sinistcha|46/100|[from] item: Sitrus Berry\n|\n|upkeep\n|\n|t:|1776216068\n|switch|p2a: Excadrill|Excadrill, L50, M|100/100\n|-ability|p2a: Excadrill|Mold Breaker\n|turn|10\n|inactive|Jah_08 has 30 seconds left.\n|\n|t:|1776216094\n|move|p1b: Drampa|Earth Power|p2a: Excadrill\n|-supereffective|p2a: Excadrill|1\n|-enditem|p2a: Excadrill|Focus Sash\n|-damage|p2a: Excadrill|1/100\n|move|p1a: Sinistcha|Life Dew|p1a: Sinistcha|[spread] p1a,p1b\n|-heal|p1a: Sinistcha|71/100\n|-heal|p1b: Drampa|100/100\n|move|p2a: Excadrill|High Horsepower|p1b: Drampa\n|-damage|p1b: Drampa|58/100\n|move|p2b: Chandelure|Heat Wave|p1b: Drampa|[spread] p1a\n|-miss|p2b: Chandelure|p1b: Drampa\n|-supereffective|p1a: Sinistcha|1\n|-damage|p1a: Sinistcha|9/100\n|\n|upkeep\n|turn|11\n|inactive|Jah_08 has 30 seconds left.\n|\n|t:|1776216129\n|move|p1b: Drampa|Earth Power|p2b: Chandelure\n|-supereffective|p2b: Chandelure|1\n|-damage|p2b: Chandelure|0 fnt\n|faint|p2b: Chandelure\n|move|p1a: Sinistcha|Matcha Gotcha|p2a: Excadrill\n|-damage|p2a: Excadrill|0 fnt\n|-heal|p1a: Sinistcha|10/100|[from] drain|[of] p2a: Excadrill\n|faint|p2a: Excadrill\n|\n|win|32323h\n|raw|32323h's rating: 1267 &rarr; <strong>1297</strong><br />(+30 for winning)\n|raw|Jah_08's rating: 1335 &rarr; <strong>1311</strong><br />(-24 for losing)\n|l|\u260632323h\n|player|p1|\n",
  "uploadtime": 1776216140,
  "views": 25,
  "formatid": "gen9championsvgc2026regma",
  "rating": 1297,
  "private": 0,
  "password": null
}