{
  "id": "gen9championsvgc2026regma-2584990148",
  "format": "[Gen 9 Champions] VGC 2026 Reg M-A",
  "players": [
    "Man_playingpokem",
    "farfromperfect"
  ],
  "log": "|j|\u2606Man_playingpokem\n|j|\u2606farfromperfect\n|t:|1776301148\n|gametype|doubles\n|player|p1|Man_playingpokem|lucas|1182\n|player|p2|farfromperfect|1|1226\n|gen|9\n|tier|[Gen 9 Champions] VGC 2026 Reg M-A\n|rated|\n|rule|Species Clause: Limit one of each Pok\u00e9mon\n|rule|Item Clause: Limit 1 of each item\n|clearpoke\n|poke|p1|Rotom-Wash, L50|\n|poke|p1|Garchomp, L50, M|\n|poke|p1|Whimsicott, L50, F|\n|poke|p1|Lucario, L50, M|\n|poke|p1|Skeledirge, L50, M|\n|poke|p1|Corviknight, L50, F|\n|poke|p2|Charizard, L50, M|\n|poke|p2|Milotic, L50, F|\n|poke|p2|Corviknight, L50, M|\n|poke|p2|Sinistcha, L50|\n|poke|p2|Garchomp, L50, M|\n|poke|p2|Gardevoir, L50, F|\n|teampreview|4\n|\n|t:|1776301180\n|teamsize|p1|4\n|teamsize|p2|4\n|start\n|switch|p1a: Rotom|Rotom-Wash, L50|100/100\n|switch|p1b: Garchomp|Garchomp, L50, M|100/100\n|switch|p2a: Corviknight|Corviknight, L50, M, shiny|100/100\n|switch|p2b: Charizard|Charizard, L50, M, shiny|100/100\n|turn|1\n|\n|t:|1776301193\n|detailschange|p2b: Charizard|Charizard-Mega-X, L50, M, shiny\n|-mega|p2b: Charizard|Charizard|Charizardite X\n|move|p1a: Rotom|Protect|p1a: Rotom\n|-singleturn|p1a: Rotom|Protect\n|move|p1b: Garchomp|Rock Slide|p2b: Charizard|[spread] p2a\n|-miss|p1b: Garchomp|p2b: Charizard\n|-damage|p2a: Corviknight|84/100\n|move|p2b: Charizard|Dragon Dance|p2b: Charizard\n|-boost|p2b: Charizard|atk|1\n|-boost|p2b: Charizard|spe|1\n|move|p2a: Corviknight|Tailwind|p2a: Corviknight\n|-sidestart|p2: farfromperfect|move: Tailwind\n|\n|upkeep\n|turn|2\n|\n|t:|1776301217\n|move|p2a: Corviknight|Protect|p2a: Corviknight\n|-singleturn|p2a: Corviknight|Protect\n|move|p2b: Charizard|Dragon Claw|p1b: Garchomp\n|-supereffective|p1b: Garchomp|1\n|-damage|p1b: Garchomp|0 fnt\n|-damage|p2b: Charizard|88/100|[from] ability: Rough Skin|[of] p1b: Garchomp\n|faint|p1b: Garchomp\n|move|p1a: Rotom|Electroweb|p2a: Corviknight|[spread] p2b\n|-activate|p2a: Corviknight|move: Protect\n|-resisted|p2b: Charizard|1\n|-damage|p2b: Charizard|79/100\n|-unboost|p2b: Charizard|spe|1\n|\n|upkeep\n|\n|t:|1776301232\n|switch|p1b: Whimsicott|Whimsicott, L50, F|100/100\n|turn|3\n|\n|t:|1776301244\n|switch|p2a: Milotic|Milotic, L50, F, shiny|100/100\n|move|p1b: Whimsicott|Encore||[still]\n|-fail|p1b: Whimsicott\n|move|p2b: Charizard|Flare Blitz|p1b: Whimsicott\n|-supereffective|p1b: Whimsicott|1\n|-enditem|p1b: Whimsicott|Focus Sash\n|-damage|p1b: Whimsicott|1/100\n|-status|p1b: Whimsicott|brn\n|-damage|p2b: Charizard|50/100|[from] Recoil\n|move|p1a: Rotom|Electroweb|p2a: Milotic|[spread] p2a,p2b\n|-supereffective|p2a: Milotic|1\n|-resisted|p2b: Charizard|1\n|-damage|p2a: Milotic|74/100\n|-damage|p2b: Charizard|41/100\n|-unboost|p2a: Milotic|spe|1\n|-ability|p2a: Milotic|Competitive|boost\n|-boost|p2a: Milotic|spa|2\n|-unboost|p2b: Charizard|spe|1\n|\n|-heal|p2a: Milotic|81/100|[from] item: Leftovers\n|-damage|p1b: Whimsicott|0 fnt|[from] brn\n|faint|p1b: Whimsicott\n|upkeep\n|\n|t:|1776301264\n|switch|p1b: Lucario|Lucario, L50, M|100/100\n|turn|4\n|\n|t:|1776301285\n|move|p1b: Lucario|Protect|p1b: Lucario\n|-singleturn|p1b: Lucario|Protect\n|move|p2b: Charizard|Dragon Claw|p1a: Rotom\n|-damage|p1a: Rotom|0 fnt\n|faint|p1a: Rotom\n|move|p2a: Milotic|Icy Wind|p1b: Lucario\n|-activate|p1b: Lucario|move: Protect\n|\n|-heal|p2a: Milotic|87/100|[from] item: Leftovers\n|-sideend|p2: farfromperfect|move: Tailwind\n|upkeep\n|turn|5\n|-message|Man_playingpokem forfeited.\n|\n|win|farfromperfect\n|raw|Man_playingpokem's rating: 1182 &rarr; <strong>1160</strong><br />(-22 for losing)\n|raw|farfromperfect's rating: 1226 &rarr; <strong>1248</strong><br />(+22 for winning)\n|l|\u2606Man_playingpokem\n|player|p1|\n",
  "uploadtime": 1776301294,
  "views": 22,
  "formatid": "gen9championsvgc2026regma",
  "rating": 1160,
  "private": 0,
  "password": null
}