{
  "id": "gen9championsvgc2026regma-2585904664",
  "format": "[Gen 9 Champions] VGC 2026 Reg M-A",
  "players": [
    "mrwheel",
    "gilgabro"
  ],
  "log": "|j|\u2606mrwheel\n|j|\u2606gilgabro\n|t:|1776380103\n|gametype|doubles\n|player|p1|mrwheel|bugcatcher-gen4dp|1279\n|player|p2|gilgabro|backpackerf|1230\n|gen|9\n|tier|[Gen 9 Champions] VGC 2026 Reg M-A\n|rated|\n|rule|Species Clause: Limit one of each Pok\u00e9mon\n|rule|Item Clause: Limit 1 of each item\n|clearpoke\n|poke|p1|Venusaur, L50, F|\n|poke|p1|Garchomp, L50, M|\n|poke|p1|Pelipper, L50, F|\n|poke|p1|Kingambit, L50, F|\n|poke|p1|Charizard, L50, M|\n|poke|p1|Sableye, L50, F|\n|poke|p2|Tinkaton, L50, F|\n|poke|p2|Glimmora, L50, M|\n|poke|p2|Noivern, L50, F|\n|poke|p2|Incineroar, L50, M|\n|poke|p2|Kommo-o, L50, F|\n|poke|p2|Rotom-Wash, L50|\n|teampreview|4\nmrwheel rejected open team sheets.\n|inactive|Battle timer is ON: inactive players will automatically lose when time's up. (requested by mrwheel)\n|\n|t:|1776380173\n|teamsize|p1|4\n|teamsize|p2|4\n|start\n|switch|p1a: Charizard|Charizard, L50, M|100/100\n|switch|p1b: Sableye|Sableye, L50, F|100/100\n|switch|p2a: Noivern|Noivern, L50, F|100/100\n|switch|p2b: Glimmora|Glimmora, L50, M|100/100\n|turn|1\n|inactive|mrwheel has 30 seconds left.\n|inactive|mrwheel has 20 seconds left.\n|inactive|mrwheel has 15 seconds left.\n|\n|t:|1776380215\n|switch|p1a: Garchomp|Garchomp, L50, M|100/100\n|detailschange|p2b: Glimmora|Glimmora-Mega, L50, M\n|-mega|p2b: Glimmora|Glimmora|Glimmoranite\n|move|p1b: Sableye|Fake Out|p2b: Glimmora\n|-resisted|p2b: Glimmora|1\n|-damage|p2b: Glimmora|97/100\n|move|p2a: Noivern|Tailwind|p2a: Noivern\n|-sidestart|p2: gilgabro|move: Tailwind\n|cant|p2b: Glimmora|flinch\n|\n|upkeep\n|turn|2\n|\n|t:|1776380237\n|move|p2b: Glimmora|Spiky Shield|p2b: Glimmora\n|-singleturn|p2b: Glimmora|move: Protect\n|move|p1b: Sableye|Encore|p2a: Noivern\n|-start|p2a: Noivern|Encore\n|move|p2a: Noivern|Tailwind||[still]\n|-fail|p2a: Noivern\n|move|p1a: Garchomp|Stomping Tantrum|p2b: Glimmora\n|-activate|p2b: Glimmora|move: Protect\n|-damage|p1a: Garchomp|88/100|[from] Spiky Shield|[of] p2b: Glimmora\n|\n|upkeep\n|turn|3\n|inactive|mrwheel has 30 seconds left.\n|\n|t:|1776380266\n|switch|p2a: Incineroar|Incineroar, L50, M|100/100\n|-ability|p2a: Incineroar|Intimidate|boost\n|-unboost|p1a: Garchomp|atk|1\n|-unboost|p1b: Sableye|atk|1\n|switch|p2b: Kommo-o|Kommo-o, L50, F|100/100\n|switch|p1a: Kingambit|Kingambit, L50, F|100/100\n|move|p1b: Sableye|Foul Play|p2a: Incineroar\n|-resisted|p2a: Incineroar|1\n|-damage|p2a: Incineroar|83/100\n|\n|upkeep\n|turn|4\n|inactive|gilgabro has 30 seconds left.\n|\n|t:|1776380294\n|switch|p2b: Noivern|Noivern, L50, F|100/100\n|move|p1a: Kingambit|Protect|p1a: Kingambit\n|-singleturn|p1a: Kingambit|Protect\n|move|p1b: Sableye|Will-O-Wisp|p2b: Noivern\n|-status|p2b: Noivern|brn\n|move|p2a: Incineroar|Flare Blitz|p1b: Sableye\n|-damage|p1b: Sableye|33/100\n|-damage|p2a: Incineroar|65/100|[from] Recoil\n|\n|-damage|p2b: Noivern|94/100 brn|[from] brn\n|-sideend|p2: gilgabro|move: Tailwind\n|upkeep\n|turn|5\n|inactive|mrwheel has 30 seconds left.\n|inactive|gilgabro has 30 seconds left.\n|\n|t:|1776380326\n|switch|p1b: Charizard|Charizard, L50, M|100/100\n|switch|p1a: Garchomp|Garchomp, L50, M|88/100\n|move|p2b: Noivern|Tailwind|p2b: Noivern\n|-sidestart|p2: gilgabro|move: Tailwind\n|move|p2a: Incineroar|Flare Blitz|p1b: Charizard\n|-resisted|p1b: Charizard|1\n|-damage|p1b: Charizard|67/100\n|-damage|p2a: Incineroar|57/100|[from] Recoil\n|\n|-damage|p2b: Noivern|88/100 brn|[from] brn\n|upkeep\n|turn|6\n|\n|t:|1776380348\n|switch|p1a: Kingambit|Kingambit, L50, F|100/100\n|move|p2b: Noivern|Draco Meteor|p1a: Kingambit\n|-resisted|p1a: Kingambit|1\n|-damage|p1a: Kingambit|80/100\n|-unboost|p2b: Noivern|spa|2\n|move|p1b: Charizard|Dragon Dance|p1b: Charizard\n|-boost|p1b: Charizard|atk|1\n|-boost|p1b: Charizard|spe|1\n|move|p2a: Incineroar|Parting Shot|p1b: Charizard\n|-unboost|p1b: Charizard|atk|1\n|-unboost|p1b: Charizard|spa|1\n|\n|t:|1776380366\n|switch|p2a: Glimmora|Glimmora-Mega, L50, M|97/100|[from] Parting Shot\n|\n|-damage|p2b: Noivern|82/100 brn|[from] brn\n|upkeep\n|turn|7\n|inactive|mrwheel has 30 seconds left.\n|inactive|gilgabro has 30 seconds left.\n|\n|t:|1776380398\n|detailschange|p1b: Charizard|Charizard-Mega-X, L50, M\n|-mega|p1b: Charizard|Charizard|Charizardite X\n|move|p2b: Noivern|Draco Meteor|p1b: Charizard\n|-supereffective|p1b: Charizard|1\n|-damage|p1b: Charizard|12/100\n|-unboost|p2b: Noivern|spa|2\n|move|p2a: Glimmora|Earth Power|p1a: Kingambit\n|-supereffective|p1a: Kingambit|1\n|-damage|p1a: Kingambit|9/100\n|move|p1b: Charizard|Dragon Claw|p2a: Glimmora\n|-damage|p2a: Glimmora|42/100\n|move|p1a: Kingambit|Iron Head|p2a: Glimmora\n|-supereffective|p2a: Glimmora|1\n|-damage|p2a: Glimmora|0 fnt\n|faint|p2a: Glimmora\n|\n|-damage|p2b: Noivern|75/100 brn|[from] brn\n|upkeep\n|\n|t:|1776380416\n|switch|p2a: Kommo-o|Kommo-o, L50, F|100/100\n|turn|8\n|\n|t:|1776380437\n|move|p2b: Noivern|Protect|p2b: Noivern\n|-singleturn|p2b: Noivern|Protect\n|move|p1b: Charizard|Protect|p1b: Charizard\n|-singleturn|p1b: Charizard|Protect\n|move|p2a: Kommo-o|Clanging Scales|p1b: Charizard|[spread] p1a\n|-activate|p1b: Charizard|move: Protect\n|-resisted|p1a: Kingambit|1\n|-damage|p1a: Kingambit|0 fnt\n|faint|p1a: Kingambit\n|-unboost|p2a: Kommo-o|def|1\n|\n|-damage|p2b: Noivern|69/100 brn|[from] brn\n|-sideend|p2: gilgabro|move: Tailwind\n|upkeep\n|\n|t:|1776380450\n|switch|p1a: Sableye|Sableye, L50, F|33/100\n|turn|9\n|\n|t:|1776380468\n|switch|p2a: Incineroar|Incineroar, L50, M|57/100\n|-ability|p2a: Incineroar|Intimidate|boost\n|-unboost|p1a: Sableye|atk|1\n|-unboost|p1b: Charizard|atk|1\n|move|p1a: Sableye|Fake Out|p2b: Noivern\n|-damage|p2b: Noivern|64/100 brn\n|move|p1b: Charizard|Dragon Claw|p2a: Incineroar\n|-damage|p2a: Incineroar|23/100\n|-enditem|p2a: Incineroar|Sitrus Berry|[eat]\n|-heal|p2a: Incineroar|48/100|[from] item: Sitrus Berry\n|cant|p2b: Noivern|flinch\n|\n|-damage|p2b: Noivern|57/100 brn|[from] brn\n|upkeep\n|turn|10\n|\n|t:|1776380489\n|switch|p2b: Kommo-o|Kommo-o, L50, F|100/100\n|move|p1b: Charizard|Protect|p1b: Charizard\n|-singleturn|p1b: Charizard|Protect\n|move|p2a: Incineroar|Parting Shot|p1a: Sableye\n|-unboost|p1a: Sableye|atk|1\n|-unboost|p1a: Sableye|spa|1\n|\n|t:|1776380496\n|switch|p2a: Noivern|Noivern, L50, F|57/100 brn|[from] Parting Shot\n|move|p1a: Sableye|Foul Play|p2b: Kommo-o\n|-resisted|p2b: Kommo-o|1\n|-damage|p2b: Kommo-o|87/100\n|\n|-damage|p2a: Noivern|51/100 brn|[from] brn\n|upkeep\n|turn|11\n|\n|t:|1776380512\n|move|p2b: Kommo-o|Protect|p2b: Kommo-o\n|-singleturn|p2b: Kommo-o|Protect\n|move|p1a: Sableye|Will-O-Wisp|p2b: Kommo-o\n|-activate|p2b: Kommo-o|move: Protect\n|move|p1b: Charizard|Dragon Claw|p2a: Noivern\n|-supereffective|p2a: Noivern|1\n|-damage|p2a: Noivern|0 fnt\n|faint|p2a: Noivern\n|\n|upkeep\n|\n|t:|1776380521\n|switch|p2a: Incineroar|Incineroar, L50, M|48/100\n|-ability|p2a: Incineroar|Intimidate|boost\n|-unboost|p1a: Sableye|atk|1\n|-unboost|p1b: Charizard|atk|1\n|turn|12\n|\n|t:|1776380530\n|move|p2a: Incineroar|Fake Out|p1b: Charizard\n|-damage|p1b: Charizard|1/100\n|move|p1a: Sableye|Encore|p2b: Kommo-o\n|-start|p2b: Kommo-o|Encore\n|move|p2b: Kommo-o|Protect|p2b: Kommo-o\n|-singleturn|p2b: Kommo-o|Protect\n|cant|p1b: Charizard|flinch\n|\n|upkeep\n|turn|13\n|c|\u2606gilgabro|gg\n|-message|gilgabro forfeited.\n|\n|win|mrwheel\n|raw|mrwheel's rating: 1279 &rarr; <strong>1300</strong><br />(+21 for winning)\n|raw|gilgabro's rating: 1230 &rarr; <strong>1209</strong><br />(-21 for losing)\n|l|\u2606gilgabro\n|player|p2|\n",
  "uploadtime": 1776380566,
  "views": 22,
  "formatid": "gen9championsvgc2026regma",
  "rating": 1209,
  "private": 0,
  "password": null
}