{
  "id": "gen9championsvgc2026regma-2587456384",
  "format": "[Gen 9 Champions] VGC 2026 Reg M-A",
  "players": [
    "yuyutuyu",
    "campeondelfitness"
  ],
  "log": "|j|\u2606yuyutuyu\n|j|\u2606campeondelfitness\n|t:|1776533357\n|gametype|doubles\n|player|p1|yuyutuyu|lass-gen4dp|1174\n|player|p2|campeondelfitness|swimmer|1262\n|gen|9\n|tier|[Gen 9 Champions] VGC 2026 Reg M-A\n|rated|\n|rule|Species Clause: Limit one of each Pok\u00e9mon\n|rule|Item Clause: Limit 1 of each item\n|clearpoke\n|poke|p1|Sableye, L50, M|\n|poke|p1|Basculegion, L50, M|\n|poke|p1|Skarmory, L50, F|\n|poke|p1|Sneasler, L50, M|\n|poke|p1|Hydreigon, L50, F|\n|poke|p1|Rotom-Mow, L50|\n|poke|p2|Tyranitar, L50, F|\n|poke|p2|Garchomp, L50, M|\n|poke|p2|Heliolisk, L50, M|\n|poke|p2|Rotom-Heat, L50|\n|poke|p2|Orthworm, L50, M|\n|poke|p2|Aerodactyl, L50, M|\n|teampreview|4\n|inactive|Battle timer is ON: inactive players will automatically lose when time's up. (requested by campeondelfitness)\n|inactive|campeondelfitness has 60 seconds left.\n|\n|t:|1776533388\n|teamsize|p1|4\n|teamsize|p2|4\n|start\n|switch|p1a: Sableye|Sableye, L50, M|100/100\n|switch|p1b: Basculegion|Basculegion, L50, M|100/100\n|switch|p2a: Rotom|Rotom-Heat, L50|100/100\n|switch|p2b: Orthworm|Orthworm, L50, M|100/100\n|turn|1\n|inactive|yuyutuyu has 30 seconds left.\n|inactive|campeondelfitness has 30 seconds left.\n|\n|t:|1776533422\n|switch|p1b: Rotom|Rotom-Mow, L50|100/100\n|move|p1a: Sableye|Will-O-Wisp|p2b: Orthworm\n|-status|p2b: Orthworm|brn\n|move|p2a: Rotom|Will-O-Wisp|p1b: Rotom|[miss]\n|-miss|p2a: Rotom|p1b: Rotom\n|move|p2b: Orthworm|Shed Tail|p2b: Orthworm\n|-start|p2b: Orthworm|Substitute|[from] move: Shed Tail\n|-damage|p2b: Orthworm|50/100 brn\n|inactive|campeondelfitness has 30 seconds left.\n|\n|t:|1776533450\n|switch|p2b: Garchomp|Garchomp, L50, M|100/100|[from] Shed Tail\n|\n|upkeep\n|turn|2\n|inactive|yuyutuyu has 30 seconds left.\n|inactive|yuyutuyu has 20 seconds left.\n|\n|t:|1776533489\n|switch|p2a: Tyranitar|Tyranitar, L50, F|100/100\n|-weather|Sandstorm|[from] ability: Sand Stream|[of] p2a: Tyranitar\n|detailschange|p2b: Garchomp|Garchomp-Mega, L50, M\n|-mega|p2b: Garchomp|Garchomp|Garchompite\n|move|p1a: Sableye|Rain Dance|p1a: Sableye\n|-weather|RainDance\n|move|p2b: Garchomp|Dragon Claw|p1a: Sableye\n|-damage|p1a: Sableye|28/100\n|move|p1b: Rotom|Leaf Storm|p2b: Garchomp\n|-end|p2b: Garchomp|Substitute\n|-unboost|p1b: Rotom|spa|2\n|\n|-weather|RainDance|[upkeep]\n|upkeep\n|turn|3\n|inactive|yuyutuyu has 30 seconds left.\n|inactive|yuyutuyu has 20 seconds left.\n|inactive|yuyutuyu has 15 seconds left.\n|inactive|yuyutuyu has 10 seconds left.\n|inactive|yuyutuyu has 5 seconds left.\n|\n|t:|1776533540\n|switch|p2b: Rotom|Rotom-Heat, L50|100/100\n|move|p1a: Sableye|Rain Dance||[still]\n|-fail|p1a: Sableye\n|move|p1b: Rotom|Nasty Plot|p1b: Rotom\n|-boost|p1b: Rotom|spa|2\n|move|p2a: Tyranitar|Knock Off|p1a: Sableye\n|-damage|p1a: Sableye|0 fnt\n|-enditem|p1a: Sableye|Lum Berry|[from] move: Knock Off|[of] p2a: Tyranitar\n|faint|p1a: Sableye\n|\n|-weather|RainDance|[upkeep]\n|upkeep\n|\n|t:|1776533556\n|switch|p1a: Basculegion|Basculegion, L50, M|100/100\n|turn|4\n|inactive|yuyutuyu has 30 seconds left.\n|inactive|campeondelfitness has 30 seconds left.\n|inactive|yuyutuyu has 20 seconds left.\n|inactive|campeondelfitness has 20 seconds left.\n|inactive|campeondelfitness has 15 seconds left.\n|\n|t:|1776533597\n|switch|p2b: Orthworm|Orthworm, L50, M|50/100 brn\n|move|p1a: Basculegion|Liquidation|p2b: Orthworm\n|-damage|p2b: Orthworm|2/100 brn\n|move|p1b: Rotom|Nasty Plot|p1b: Rotom\n|-boost|p1b: Rotom|spa|2\n|move|p2a: Tyranitar|Icy Wind|p1a: Basculegion|[spread] p1a,p1b\n|-resisted|p1a: Basculegion|1\n|-supereffective|p1b: Rotom|1\n|-damage|p1a: Basculegion|95/100\n|-damage|p1b: Rotom|80/100\n|-unboost|p1a: Basculegion|spe|1\n|-unboost|p1b: Rotom|spe|1\n|\n|-weather|RainDance|[upkeep]\n|-heal|p2b: Orthworm|8/100 brn|[from] item: Leftovers\n|-heal|p1b: Rotom|86/100|[from] item: Leftovers\n|-damage|p2b: Orthworm|2/100 brn|[from] brn\n|upkeep\n|turn|5\n|inactive|yuyutuyu has 30 seconds left.\n|\n|t:|1776533629\n|move|p1a: Basculegion|Liquidation|p2a: Tyranitar\n|-supereffective|p2a: Tyranitar|1\n|-enditem|p2a: Tyranitar|Focus Sash\n|-damage|p2a: Tyranitar|1/100\n|move|p2b: Orthworm|Iron Head|p1b: Rotom\n|-resisted|p1b: Rotom|1\n|-damage|p1b: Rotom|79/100\n|move|p1b: Rotom|Thunderbolt|p2a: Tyranitar\n|-crit|p2a: Tyranitar\n|-damage|p2a: Tyranitar|0 fnt\n|faint|p2a: Tyranitar\n|\n|-weather|RainDance|[upkeep]\n|-heal|p2b: Orthworm|8/100 brn|[from] item: Leftovers\n|-heal|p1b: Rotom|85/100|[from] item: Leftovers\n|-damage|p2b: Orthworm|2/100 brn|[from] brn\n|upkeep\n|\n|t:|1776533643\n|switch|p2a: Garchomp|Garchomp-Mega, L50, M|100/100\n|turn|6\n|\n|t:|1776533654\n|switch|p1a: Skarmory|Skarmory, L50, F|100/100\n|move|p2a: Garchomp|Dragon Claw|p1a: Skarmory\n|-resisted|p1a: Skarmory|1\n|-damage|p1a: Skarmory|76/100\n|move|p2b: Orthworm|Iron Head|p1a: Skarmory\n|-resisted|p1a: Skarmory|1\n|-damage|p1a: Skarmory|71/100\n|move|p1b: Rotom|Leaf Storm|p2a: Garchomp\n|-damage|p2a: Garchomp|0 fnt\n|-unboost|p1b: Rotom|spa|2\n|faint|p2a: Garchomp\n|\n|-weather|none\n|-heal|p2b: Orthworm|8/100 brn|[from] item: Leftovers\n|-heal|p1b: Rotom|91/100|[from] item: Leftovers\n|-damage|p2b: Orthworm|2/100 brn|[from] brn\n|upkeep\n|\n|t:|1776533669\n|switch|p2a: Rotom|Rotom-Heat, L50|100/100\n|turn|7\n|inactive|yuyutuyu has 30 seconds left.\n|inactive|campeondelfitness has 30 seconds left.\n|inactive|campeondelfitness has 20 seconds left.\n|inactive|campeondelfitness has 15 seconds left.\n|inactive|campeondelfitness has 10 seconds left.\n|c|\u2606campeondelfitness|gg anyways\n|inactive|campeondelfitness has 5 seconds left.\n|\n|t:|1776533724\n|detailschange|p1a: Skarmory|Skarmory-Mega, L50, F\n|-mega|p1a: Skarmory|Skarmory|Skarmorite\n|move|p1a: Skarmory|Body Press|p2a: Rotom\n|-damage|p2a: Rotom|78/100\n|move|p2a: Rotom|Discharge|p1b: Rotom|[spread] p2b,p1a,p1b\n|-supereffective|p1a: Skarmory|1\n|-resisted|p1b: Rotom|2\n|-crit|p1b: Rotom\n|-damage|p2b: Orthworm|0 fnt\n|-damage|p1a: Skarmory|25/100\n|-damage|p1b: Rotom|83/100\n|faint|p2b: Orthworm\n|move|p1b: Rotom|Leaf Storm|p2a: Rotom\n|-resisted|p2a: Rotom|1\n|-damage|p2a: Rotom|43/100\n|-unboost|p1b: Rotom|spa|2\n|\n|-heal|p1b: Rotom|88/100|[from] item: Leftovers\n|upkeep\n|turn|8\n|\n|t:|1776533746\n|move|p1a: Skarmory|Body Press|p2a: Rotom\n|-damage|p2a: Rotom|21/100\n|move|p2a: Rotom|Discharge|p1b: Rotom|[spread] p1a,p1b\n|-supereffective|p1a: Skarmory|1\n|-resisted|p1b: Rotom|2\n|-damage|p1a: Skarmory|0 fnt\n|-damage|p1b: Rotom|83/100\n|faint|p1a: Skarmory\n|move|p1b: Rotom|Leaf Storm|p2a: Rotom\n|-resisted|p2a: Rotom|1\n|-damage|p2a: Rotom|5/100\n|-unboost|p1b: Rotom|spa|2\n|\n|-heal|p1b: Rotom|88/100|[from] item: Leftovers\n|upkeep\n|\n|t:|1776533755\n|switch|p1a: Basculegion|Basculegion, L50, M|95/100\n|turn|9\n|\n|t:|1776533760\n|move|p1a: Basculegion|Aqua Jet|p2a: Rotom\n|-supereffective|p2a: Rotom|1\n|-damage|p2a: Rotom|0 fnt\n|faint|p2a: Rotom\n|\n|win|yuyutuyu\n|raw|yuyutuyu's rating: 1174 &rarr; <strong>1205</strong><br />(+31 for winning)\n|raw|campeondelfitness's rating: 1262 &rarr; <strong>1231</strong><br />(-31 for losing)\n",
  "uploadtime": 1776533764,
  "views": 22,
  "formatid": "gen9championsvgc2026regma",
  "rating": 1205,
  "private": 0,
  "password": null
}