{
  "id": "gen9championsvgc2026regma-2585902527",
  "format": "[Gen 9 Champions] VGC 2026 Reg M-A",
  "players": [
    "BroDontFuckWithMe",
    "mrwheel"
  ],
  "log": "|j|\u2606BroDontFuckWithMe\n|j|\u2606mrwheel\n|t:|1776379909\n|gametype|doubles\n|player|p1|BroDontFuckWithMe|169|1281\n|player|p2|mrwheel|bugcatcher-gen4dp|1252\n|gen|9\n|tier|[Gen 9 Champions] VGC 2026 Reg M-A\n|rated|\n|rule|Species Clause: Limit one of each Pok\u00e9mon\n|rule|Item Clause: Limit 1 of each item\n|clearpoke\n|poke|p1|Starmie, L50|\n|poke|p1|Rotom-Heat, L50|\n|poke|p1|Excadrill, L50, M|\n|poke|p1|Sinistcha, L50|\n|poke|p1|Tyranitar, L50, F|\n|poke|p1|Gardevoir, L50, F|\n|poke|p2|Venusaur, L50, M|\n|poke|p2|Garchomp, L50, F|\n|poke|p2|Pelipper, L50, F|\n|poke|p2|Kingambit, L50, F|\n|poke|p2|Charizard, L50, F|\n|poke|p2|Sableye, L50, M|\n|teampreview|4\n|\n|t:|1776379938\n|teamsize|p1|4\n|teamsize|p2|4\n|start\n|switch|p1a: Gardevoir|Gardevoir, L50, F|100/100\n|switch|p1b: Tyranitar|Tyranitar, L50, F|100/100\n|switch|p2a: Venusaur|Venusaur, L50, M|100/100\n|switch|p2b: Garchomp|Garchomp, L50, F|100/100\n|-weather|Sandstorm|[from] ability: Sand Stream|[of] p1b: Tyranitar\n|turn|1\n|inactive|Battle timer is ON: inactive players will automatically lose when time's up. (requested by BroDontFuckWithMe)\n|\n|t:|1776379970\n|switch|p2b: Kingambit|Kingambit, L50, F|100/100\n|detailschange|p2a: Venusaur|Venusaur-Mega, L50, M\n|-mega|p2a: Venusaur|Venusaur|Venusaurite\n|move|p1a: Gardevoir|Icy Wind|p2a: Venusaur|[spread] p2a,p2b\n|-supereffective|p2a: Venusaur|1\n|-resisted|p2b: Kingambit|1\n|-damage|p2a: Venusaur|88/100\n|-damage|p2b: Kingambit|94/100\n|-unboost|p2a: Venusaur|spe|1\n|-unboost|p2b: Kingambit|spe|1\n|-ability|p2b: Kingambit|Defiant|boost\n|-boost|p2b: Kingambit|atk|2\n|move|p1b: Tyranitar|Assurance|p2b: Kingambit\n|-resisted|p2b: Kingambit|1\n|-damage|p2b: Kingambit|70/100\n|move|p2a: Venusaur|Sludge Bomb|p1a: Gardevoir\n|-supereffective|p1a: Gardevoir|1\n|-damage|p1a: Gardevoir|2/100\n|-status|p1a: Gardevoir|psn\n|\n|-weather|Sandstorm|[upkeep]\n|-damage|p1a: Gardevoir|0 fnt|[from] Sandstorm\n|-damage|p2a: Venusaur|82/100|[from] Sandstorm\n|faint|p1a: Gardevoir\n|upkeep\n|\n|t:|1776379973\n|switch|p1a: Excadrill|Excadrill, L50, M|100/100\n|turn|2\n|inactive|mrwheel has 30 seconds left.\n|\n|t:|1776380000\n|switch|p1b: Rotom|Rotom-Heat, L50|100/100\n|switch|p2b: Pelipper|Pelipper, L50, F|100/100\n|-weather|RainDance|[from] ability: Drizzle|[of] p2b: Pelipper\n|move|p1a: Excadrill|Earthquake|p2a: Venusaur|[spread] p2a\n|-immune|p1b: Rotom|[from] ability: Levitate\n|-immune|p2b: Pelipper\n|-damage|p2a: Venusaur|43/100\n|move|p2a: Venusaur|Weather Ball|p1a: Excadrill\n|-supereffective|p1a: Excadrill|1\n|-enditem|p1a: Excadrill|Focus Sash\n|-damage|p1a: Excadrill|1/100\n|\n|-weather|RainDance|[upkeep]\n|upkeep\n|turn|3\n|inactive|mrwheel has 30 seconds left.\n|\n|t:|1776380032\n|switch|p1a: Tyranitar|Tyranitar, L50, F|100/100\n|-weather|Sandstorm|[from] ability: Sand Stream|[of] p1a: Tyranitar\n|move|p2b: Pelipper|Protect|p2b: Pelipper\n|-singleturn|p2b: Pelipper|Protect\n|move|p1b: Rotom|Volt Switch|p2b: Pelipper\n|-activate|p2b: Pelipper|move: Protect\n|move|p2a: Venusaur|Weather Ball|p1b: Rotom\n|-supereffective|p1b: Rotom|1\n|-damage|p1b: Rotom|23/100\n|-enditem|p1b: Rotom|Sitrus Berry|[eat]\n|-heal|p1b: Rotom|48/100|[from] item: Sitrus Berry\n|\n|-weather|Sandstorm|[upkeep]\n|-damage|p1b: Rotom|42/100|[from] Sandstorm\n|-damage|p2b: Pelipper|95/100|[from] Sandstorm\n|-damage|p2a: Venusaur|37/100|[from] Sandstorm\n|upkeep\n|turn|4\n|inactive|mrwheel has 30 seconds left.\n|\n|t:|1776380065\n|switch|p2b: Garchomp|Garchomp, L50, F|100/100\n|move|p2a: Venusaur|Protect|p2a: Venusaur\n|-singleturn|p2a: Venusaur|Protect\n|move|p1b: Rotom|Overheat|p2a: Venusaur\n|-activate|p2a: Venusaur|move: Protect\n|move|p1a: Tyranitar|Low Kick|p2b: Garchomp\n|-damage|p2b: Garchomp|72/100\n|-damage|p1a: Tyranitar|88/100|[from] ability: Rough Skin|[of] p2b: Garchomp\n|\n|-weather|Sandstorm|[upkeep]\n|-damage|p1b: Rotom|36/100|[from] Sandstorm\n|-damage|p2a: Venusaur|32/100|[from] Sandstorm\n|upkeep\n|turn|5\n|\n|t:|1776380084\n|move|p1b: Rotom|Protect|p1b: Rotom\n|-singleturn|p1b: Rotom|Protect\n|move|p2b: Garchomp|Rock Slide|p1a: Tyranitar|[spread] p1a\n|-activate|p1b: Rotom|move: Protect\n|-damage|p1a: Tyranitar|69/100\n|cant|p1a: Tyranitar|flinch\n|move|p2a: Venusaur|Leech Seed|p1a: Tyranitar\n|-start|p1a: Tyranitar|move: Leech Seed\n|\n|-weather|Sandstorm|[upkeep]\n|-damage|p1b: Rotom|30/100|[from] Sandstorm\n|-damage|p2a: Venusaur|26/100|[from] Sandstorm\n|-damage|p1a: Tyranitar|56/100|[from] Leech Seed|[of] p2a: Venusaur\n|-heal|p2a: Venusaur|38/100|[silent]\n|upkeep\n|turn|6\n|-message|BroDontFuckWithMe forfeited.\n|\n|win|mrwheel\n|raw|BroDontFuckWithMe's rating: 1281 &rarr; <strong>1254</strong><br />(-27 for losing)\n|raw|mrwheel's rating: 1252 &rarr; <strong>1279</strong><br />(+27 for winning)\n",
  "uploadtime": 1776380093,
  "views": 39,
  "formatid": "gen9championsvgc2026regma",
  "rating": 1254,
  "private": 0,
  "password": null
}