{
  "id": "gen9championsvgc2026regma-2588217631",
  "format": "[Gen 9 Champions] VGC 2026 Reg M-A",
  "players": [
    "Xernos123",
    "UneCourgettte"
  ],
  "log": "|j|\u2606Xernos123\n|j|\u2606UneCourgettte\n|t:|1776615319\n|gametype|doubles\n|player|p1|Xernos123|266|1044\n|player|p2|UneCourgettte|whitney|1028\n|gen|9\n|tier|[Gen 9 Champions] VGC 2026 Reg M-A\n|rated|\n|rule|Species Clause: Limit one of each Pok\u00e9mon\n|rule|Item Clause: Limit 1 of each item\n|clearpoke\n|poke|p1|Farigiraf, L50, F|\n|poke|p1|Mimikyu, L50, M|\n|poke|p1|Drampa, L50, F|\n|poke|p1|Kingambit, L50, M|\n|poke|p1|Crabominable, L50, M|\n|poke|p1|Chesnaught, L50, F|\n|poke|p2|Sneasler, L50, F|\n|poke|p2|Dragonite, L50, F|\n|poke|p2|Garchomp, L50, M|\n|poke|p2|Orthworm, L50, F|\n|poke|p2|Floette-Eternal, L50, F|\n|poke|p2|Incineroar, L50, M|\n|teampreview|4\n|inactive|Battle timer is ON: inactive players will automatically lose when time's up. (requested by UneCourgettte)\n|inactive|Xernos123 also wants the timer to be on.\n|inactive|UneCourgettte has 60 seconds left.\n|inactive|UneCourgettte has 30 seconds left.\nXernos123 rejected open team sheets.\n|inactive|UneCourgettte has 20 seconds left.\n|inactive|UneCourgettte has 15 seconds left.\n|inactive|UneCourgettte has 10 seconds left.\n|inactive|UneCourgettte has 5 seconds left.\n|\n|t:|1776615405\n|teamsize|p1|4\n|teamsize|p2|4\n|start\n|switch|p1a: Farigiraf|Farigiraf, L50, F|100/100\n|switch|p1b: Drampa|Drampa, L50, F|100/100\n|switch|p2a: Sneasler|Sneasler, L50, F|100/100\n|switch|p2b: Orthworm|Orthworm, L50, F|100/100\n|turn|1\n|\n|t:|1776615428\n|detailschange|p1b: Drampa|Drampa-Mega, L50, F\n|-mega|p1b: Drampa|Drampa|Drampanite\n|move|p2a: Sneasler|Dire Claw|p1a: Farigiraf\n|-damage|p1a: Farigiraf|70/100\n|move|p2b: Orthworm|Shed Tail|p2b: Orthworm\n|-start|p2b: Orthworm|Substitute|[from] move: Shed Tail\n|-damage|p2b: Orthworm|50/100\n|-enditem|p2b: Orthworm|Sitrus Berry|[eat]\n|-heal|p2b: Orthworm|75/100|[from] item: Sitrus Berry\n|\n|t:|1776615444\n|switch|p2b: Garchomp|Garchomp, L50, M|100/100|[from] Shed Tail\n|move|p1b: Drampa|Roost||[still]\n|-fail|p1b: Drampa|heal\n|move|p1a: Farigiraf|Trick Room|p1a: Farigiraf\n|-fieldstart|move: Trick Room|[of] p1a: Farigiraf\n|\n|upkeep\n|turn|2\n|\n|t:|1776615460\n|switch|p2a: Orthworm|Orthworm, L50, F|75/100\n|move|p1a: Farigiraf|Helping Hand|p1b: Drampa\n|-singleturn|p1b: Drampa|Helping Hand|[of] p1a: Farigiraf\n|move|p1b: Drampa|Hyper Voice|p2a: Orthworm|[spread] p2a,p2b\n|-resisted|p2a: Orthworm|1\n|-damage|p2a: Orthworm|23/100\n|-damage|p2b: Garchomp|19/100\n|move|p2b: Garchomp|Earthquake|p1a: Farigiraf|[spread] p1a,p1b\n|-heal|p2a: Orthworm|47/100|[from] ability: Earth Eater|[of] p2b: Garchomp\n|-damage|p1a: Farigiraf|43/100\n|-damage|p1b: Drampa|63/100\n|\n|upkeep\n|turn|3\n|inactive|UneCourgettte has 30 seconds left.\n|inactive|UneCourgettte has 20 seconds left.\n|inactive|UneCourgettte has 15 seconds left.\n|\n|t:|1776615501\n|switch|p2a: Incineroar|Incineroar, L50, M|100/100\n|-ability|p2a: Incineroar|Intimidate|boost\n|-unboost|p1a: Farigiraf|atk|1\n|-unboost|p1b: Drampa|atk|1\n|move|p1a: Farigiraf|Helping Hand|p1b: Drampa\n|-singleturn|p1b: Drampa|Helping Hand|[of] p1a: Farigiraf\n|move|p2b: Garchomp|Protect|p2b: Garchomp\n|-singleturn|p2b: Garchomp|Protect\n|move|p1b: Drampa|Hyper Voice|p2b: Garchomp|[spread] p2a\n|-activate|p2b: Garchomp|move: Protect\n|-damage|p2a: Incineroar|42/100\n|\n|upkeep\n|turn|4\n|inactive|UneCourgettte has 30 seconds left.\n|inactive|UneCourgettte has 20 seconds left.\n|\n|t:|1776615537\n|switch|p2a: Sneasler|Sneasler, L50, F|100/100\n|move|p1a: Farigiraf|Helping Hand|p1b: Drampa\n|-singleturn|p1b: Drampa|Helping Hand|[of] p1a: Farigiraf\n|move|p1b: Drampa|Hyper Voice|p2a: Sneasler|[spread] p2a,p2b\n|-damage|p2a: Sneasler|13/100\n|-damage|p2b: Garchomp|0 fnt\n|faint|p2b: Garchomp\n|\n|upkeep\n|\n|t:|1776615546\n|switch|p2b: Orthworm|Orthworm, L50, F|47/100\n|turn|5\n|\n|t:|1776615559\n|switch|p2a: Incineroar|Incineroar, L50, M|42/100\n|-ability|p2a: Incineroar|Intimidate|boost\n|-unboost|p1a: Farigiraf|atk|1\n|-unboost|p1b: Drampa|atk|1\n|move|p1a: Farigiraf|Helping Hand|p1b: Drampa\n|-singleturn|p1b: Drampa|Helping Hand|[of] p1a: Farigiraf\n|move|p2b: Orthworm|Protect|p2b: Orthworm\n|-singleturn|p2b: Orthworm|Protect\n|move|p1b: Drampa|Heat Wave|p2a: Incineroar|[spread] p2a\n|-activate|p2b: Orthworm|move: Protect\n|-resisted|p2a: Incineroar|1\n|-damage|p2a: Incineroar|20/100\n|\n|-fieldend|move: Trick Room\n|upkeep\n|turn|6\n|\n|t:|1776615576\n|move|p2b: Orthworm|Body Press|p1b: Drampa\n|-supereffective|p1b: Drampa|1\n|-damage|p1b: Drampa|5/100\n|-ability|p1b: Drampa|Berserk|boost\n|-boost|p1b: Drampa|spa|1\n|move|p2a: Incineroar|Darkest Lariat|p1a: Farigiraf\n|-supereffective|p1a: Farigiraf|1\n|-enditem|p1a: Farigiraf|Colbur Berry|[eat]\n|-enditem|p1a: Farigiraf|Colbur Berry|[weaken]\n|-damage|p1a: Farigiraf|16/100\n|move|p1b: Drampa|Hyper Voice|p2a: Incineroar|[spread] p2a,p2b\n|-resisted|p2b: Orthworm|1\n|-damage|p2a: Incineroar|0 fnt\n|-damage|p2b: Orthworm|0 fnt\n|faint|p2a: Incineroar\n|faint|p2b: Orthworm\n|move|p1a: Farigiraf|Trick Room|p1a: Farigiraf\n|-fieldstart|move: Trick Room|[of] p1a: Farigiraf\n|\n|upkeep\n|-message|UneCourgettte forfeited.\n|\n|win|Xernos123\n|raw|Xernos123's rating: 1044 &rarr; <strong>1076</strong><br />(+32 for winning)\n|raw|UneCourgettte's rating: 1028 &rarr; <strong>1014</strong><br />(-14 for losing)\n|l|\u2606UneCourgettte\n|player|p2|\n",
  "uploadtime": 1776615592,
  "views": 9,
  "formatid": "gen9championsvgc2026regma",
  "rating": 1014,
  "private": 0,
  "password": null
}