{
  "id": "gen9championsvgc2026regma-2584855965",
  "format": "[Gen 9 Champions] VGC 2026 Reg M-A",
  "players": [
    "Stanzi",
    "Poke_Marcos_23"
  ],
  "log": "|j|\u2606Stanzi\n|j|\u2606Poke_Marcos_23\n|t:|1776289023\n|gametype|doubles\n|player|p1|Stanzi|blue|1111\n|player|p2|Poke_Marcos_23|ethan|1142\n|gen|9\n|tier|[Gen 9 Champions] VGC 2026 Reg M-A\n|rated|\n|rule|Species Clause: Limit one of each Pok\u00e9mon\n|rule|Item Clause: Limit 1 of each item\n|clearpoke\n|poke|p1|Tsareena, L50, F|\n|poke|p1|Rotom-Wash, L50|\n|poke|p1|Tyranitar, L50, M|\n|poke|p1|Garchomp, L50, F|\n|poke|p1|Corviknight, L50, F|\n|poke|p1|Incineroar, L50, F|\n|poke|p2|Floette-Eternal, L50, F|\n|poke|p2|Milotic, L50, M|\n|poke|p2|Incineroar, L50, M|\n|poke|p2|Kingambit, L50, F|\n|poke|p2|Maushold, L50|\n|poke|p2|Garchomp, L50, M|\n|teampreview|4\n|\n|t:|1776289059\n|teamsize|p1|4\n|teamsize|p2|4\n|start\n|switch|p1a: Tsareena|Tsareena, L50, F|100/100\n|switch|p1b: Corviknight|Corviknight, L50, F|100/100\n|switch|p2a: Milotic|Milotic, L50, M|100/100\n|switch|p2b: Incineroar|Incineroar, L50, M|100/100\n|-ability|p2b: Incineroar|Intimidate|boost\n|-unboost|p1a: Tsareena|atk|1\n|-ability|p1b: Corviknight|Mirror Armor\n|-unboost|p2b: Incineroar|atk|1\n|turn|1\n|inactive|Battle timer is ON: inactive players will automatically lose when time's up. (requested by Stanzi)\n|\n|t:|1776289085\n|move|p1a: Tsareena|U-turn|p2b: Incineroar\n|-damage|p2b: Incineroar|87/100\n|\n|t:|1776289087\n|switch|p1a: Rotom|Rotom-Wash, L50|100/100|[from] U-turn\n|move|p1b: Corviknight|Tailwind|p1b: Corviknight\n|-sidestart|p1: Stanzi|move: Tailwind\n|move|p2a: Milotic|Coil|p2a: Milotic\n|-boost|p2a: Milotic|atk|1\n|-boost|p2a: Milotic|def|1\n|-boost|p2a: Milotic|accuracy|1\n|move|p2b: Incineroar|Parting Shot|p1a: Rotom\n|-unboost|p1a: Rotom|atk|1\n|-unboost|p1a: Rotom|spa|1\n|\n|t:|1776289098\n|switch|p2b: Garchomp|Garchomp, L50, M|100/100|[from] Parting Shot\n|\n|upkeep\n|turn|2\n|\n|t:|1776289112\n|move|p2b: Garchomp|Rock Slide|p1b: Corviknight|[spread] p1a,p1b\n|-damage|p1a: Rotom|79/100\n|-damage|p1b: Corviknight|83/100\n|move|p1a: Rotom|Volt Switch|p2a: Milotic\n|-supereffective|p2a: Milotic|1\n|-damage|p2a: Milotic|76/100\n|\n|t:|1776289123\n|switch|p1a: Tsareena|Tsareena, L50, F|100/100|[from] Volt Switch\n|move|p1b: Corviknight|Iron Head|p2b: Garchomp\n|-damage|p2b: Garchomp|66/100\n|-damage|p1b: Corviknight|71/100|[from] ability: Rough Skin|[of] p2b: Garchomp\n|move|p2a: Milotic|Coil|p2a: Milotic\n|-boost|p2a: Milotic|atk|1\n|-boost|p2a: Milotic|def|1\n|-boost|p2a: Milotic|accuracy|1\n|\n|-heal|p2a: Milotic|82/100|[from] item: Leftovers\n|upkeep\n|turn|3\n|\n|t:|1776289143\n|move|p1a: Tsareena|Triple Axel|p2b: Garchomp\n|-supereffective|p2b: Garchomp|2\n|-damage|p2b: Garchomp|40/100\n|-damage|p1a: Tsareena|89/100|[from] ability: Rough Skin|[of] p2b: Garchomp\n|-supereffective|p2b: Garchomp|2\n|-damage|p2b: Garchomp|0 fnt\n|-damage|p1a: Tsareena|77/100|[from] ability: Rough Skin|[of] p2b: Garchomp\n|faint|p2b: Garchomp\n|-hitcount|p2: Garchomp|2\n|move|p1b: Corviknight|Iron Head|p2a: Milotic\n|-resisted|p2a: Milotic|1\n|-damage|p2a: Milotic|73/100\n|move|p2a: Milotic|Hypnosis|p1a: Tsareena\n|-status|p1a: Tsareena|slp|[from] move: Hypnosis\n|\n|-heal|p2a: Milotic|79/100|[from] item: Leftovers\n|upkeep\n|\n|t:|1776289161\n|switch|p2b: Kingambit|Kingambit, L50, F|100/100\n|turn|4\n|\n|t:|1776289174\n|switch|p1a: Rotom|Rotom-Wash, L50|79/100\n|move|p2b: Kingambit|Protect|p2b: Kingambit\n|-singleturn|p2b: Kingambit|Protect\n|move|p1b: Corviknight|Roost|p1b: Corviknight\n|-heal|p1b: Corviknight|100/100\n|-singleturn|p1b: Corviknight|move: Roost\n|move|p2a: Milotic|Hypnosis|p1b: Corviknight\n|-status|p1b: Corviknight|slp|[from] move: Hypnosis\n|\n|-heal|p1a: Rotom|85/100|[from] item: Leftovers\n|-heal|p2a: Milotic|85/100|[from] item: Leftovers\n|-sideend|p1: Stanzi|move: Tailwind\n|upkeep\n|turn|5\n|\n|t:|1776289194\n|move|p1a: Rotom|Electroweb|p2b: Kingambit|[spread] p2a,p2b\n|-supereffective|p2a: Milotic|1\n|-crit|p2a: Milotic\n|-damage|p2a: Milotic|51/100\n|-damage|p2b: Kingambit|82/100\n|-unboost|p2a: Milotic|spe|1\n|-ability|p2a: Milotic|Competitive|boost\n|-boost|p2a: Milotic|spa|2\n|-unboost|p2b: Kingambit|spe|1\n|-ability|p2b: Kingambit|Defiant|boost\n|-boost|p2b: Kingambit|atk|2\n|cant|p1b: Corviknight|slp\n|move|p2a: Milotic|Muddy Water|p1b: Corviknight|[spread] p1a,p1b\n|-resisted|p1a: Rotom|1\n|-damage|p1a: Rotom|60/100\n|-damage|p1b: Corviknight|51/100 slp\n|-unboost|p1a: Rotom|accuracy|1\n|move|p2b: Kingambit|Kowtow Cleave|p1a: Rotom\n|-damage|p1a: Rotom|0 fnt\n|faint|p1a: Rotom\n|\n|-heal|p2a: Milotic|57/100|[from] item: Leftovers\n|upkeep\n|\n|t:|1776289213\n|switch|p1a: Tyranitar|Tyranitar, L50, M|100/100\n|-weather|Sandstorm|[from] ability: Sand Stream|[of] p1a: Tyranitar\n|turn|6\n|\n|t:|1776289229\n|detailschange|p1a: Tyranitar|Tyranitar-Mega, L50, M\n|-mega|p1a: Tyranitar|Tyranitar|Tyranitarite\n|move|p1a: Tyranitar|Knock Off|p2a: Milotic\n|-damage|p2a: Milotic|31/100\n|-enditem|p2a: Milotic|Leftovers|[from] move: Knock Off|[of] p1a: Tyranitar\n|cant|p1b: Corviknight|slp\n|move|p2a: Milotic|Muddy Water|p1a: Tyranitar|[spread] p1a,p1b\n|-supereffective|p1a: Tyranitar|1\n|-damage|p1a: Tyranitar|45/100\n|-damage|p1b: Corviknight|5/100 slp\n|-unboost|p1a: Tyranitar|accuracy|1\n|-enditem|p1b: Corviknight|Sitrus Berry|[eat]\n|-heal|p1b: Corviknight|30/100 slp|[from] item: Sitrus Berry\n|move|p2b: Kingambit|Iron Head|p1a: Tyranitar\n|-supereffective|p1a: Tyranitar|1\n|-damage|p1a: Tyranitar|0 fnt\n|faint|p1a: Tyranitar\n|\n|-weather|Sandstorm|[upkeep]\n|-damage|p2a: Milotic|25/100|[from] Sandstorm\n|upkeep\n|-message|Stanzi forfeited.\n|\n|win|Poke_Marcos_23\n|raw|Stanzi's rating: 1111 &rarr; <strong>1088</strong><br />(-23 for losing)\n|raw|Poke_Marcos_23's rating: 1142 &rarr; <strong>1165</strong><br />(+23 for winning)\n|l|\u2606Stanzi\n|player|p1|\n|c|\u2606Poke_Marcos_23|gg\n",
  "uploadtime": 1776289252,
  "views": 28,
  "formatid": "gen9championsvgc2026regma",
  "rating": 1088,
  "private": 0,
  "password": null
}