{
  "id": "gen9championsvgc2026regma-2582079697",
  "format": "[Gen 9 Champions] VGC 2026 Reg M-A",
  "players": [
    "It'sJustKen VGC",
    "DRANZER72"
  ],
  "log": "|j|\u2606It'sJustKen VGC\n|j|\u2606DRANZER72\n|t:|1776055313\n|gametype|doubles\n|player|p1|It'sJustKen VGC|265|1124\n|player|p2|DRANZER72|170|1107\n|gen|9\n|tier|[Gen 9 Champions] VGC 2026 Reg M-A\n|rated|\n|rule|Species Clause: Limit one of each Pok\u00e9mon\n|rule|Item Clause: Limit 1 of each item\n|clearpoke\n|poke|p1|Kingambit, L50, F|\n|poke|p1|Clefable, L50, F|\n|poke|p1|Chimecho, L50, F|\n|poke|p1|Golurk, L50|\n|poke|p1|Torkoal, L50, F|\n|poke|p1|Hawlucha, L50, F|\n|poke|p2|Drampa, L50, F|\n|poke|p2|Sinistcha, L50|\n|poke|p2|Clefable, L50, M|\n|poke|p2|Incineroar, L50, F|\n|poke|p2|Clawitzer, L50, F|\n|poke|p2|Hatterene, L50, F|\n|teampreview|4\n|inactive|Battle timer is ON: inactive players will automatically lose when time's up. (requested by It'sJustKen VGC)\n|j| M.Z1r\n|inactive|It'sJustKen VGC has 60 seconds left.\n|\n|t:|1776055352\n|teamsize|p1|4\n|teamsize|p2|4\n|start\n|switch|p1a: Kingambit|Kingambit, L50, F|100/100\n|switch|p1b: Hawlucha|Hawlucha, L50, F|100/100\n|switch|p2a: Sinistcha|Sinistcha, L50|100/100\n|switch|p2b: Clawitzer|Clawitzer, L50, F|100/100\n|-ability|p1b: Hawlucha|Mold Breaker\n|turn|1\n|\n|t:|1776055366\n|detailschange|p1b: Hawlucha|Hawlucha-Mega, L50, F\n|-mega|p1b: Hawlucha|Hawlucha|Hawluchanite\n|move|p2a: Sinistcha|Protect|p2a: Sinistcha\n|-singleturn|p2a: Sinistcha|Protect\n|move|p1a: Kingambit|Protect|p1a: Kingambit\n|-singleturn|p1a: Kingambit|Protect\n|move|p1b: Hawlucha|Brave Bird|p2a: Sinistcha\n|-activate|p2a: Sinistcha|move: Protect\n|move|p2b: Clawitzer|Surf|p1b: Hawlucha|[spread] p1b\n|-activate|p2a: Sinistcha|move: Protect\n|-activate|p1a: Kingambit|move: Protect\n|-damage|p1b: Hawlucha|55/100\n|\n|upkeep\n|turn|2\n|inactive|DRANZER72 has 30 seconds left.\n|\n|t:|1776055394\n|switch|p2a: Clefable|Clefable, L50, M|100/100\n|move|p1b: Hawlucha|Entrainment|p1a: Kingambit\n|-ability|p1a: Kingambit|No Guard|Defiant|[from] move: Entrainment|[of] p1b: Hawlucha\n|move|p1a: Kingambit|Guillotine|p2b: Clawitzer\n|-enditem|p2b: Clawitzer|Focus Sash\n|-damage|p2b: Clawitzer|1/100\n|move|p2b: Clawitzer|Shadow Ball|p1b: Hawlucha\n|-damage|p1b: Hawlucha|20/100\n|\n|upkeep\n|turn|3\n|inactive|DRANZER72 has 30 seconds left.\n|\n|t:|1776055424\n|switch|p1b: Clefable|Clefable, L50, F|100/100\n|move|p2a: Clefable|Follow Me|p2a: Clefable\n|-singleturn|p2a: Clefable|move: Follow Me\n|move|p1a: Kingambit|Guillotine|p2a: Clefable\n|-damage|p2a: Clefable|0 fnt\n|faint|p2a: Clefable\n|-ohko\n|move|p2b: Clawitzer|Surf|p1b: Clefable|[spread] p1a,p1b\n|-damage|p1a: Kingambit|74/100\n|-damage|p1b: Clefable|69/100\n|\n|-heal|p1b: Clefable|75/100|[from] item: Leftovers\n|upkeep\n|\n|t:|1776055438\n|switch|p2a: Sinistcha|Sinistcha, L50|100/100\n|-heal|p2b: Clawitzer|26/100|[from] ability: Hospitality|[of] p2a: Sinistcha\n|turn|4\n|\n|t:|1776055458\n|move|p1b: Clefable|Protect|p1b: Clefable\n|-singleturn|p1b: Clefable|Protect\n|move|p1a: Kingambit|Protect|p1a: Kingambit\n|-singleturn|p1a: Kingambit|Protect\n|move|p2b: Clawitzer|Protect|p2b: Clawitzer\n|-singleturn|p2b: Clawitzer|Protect\n|move|p2a: Sinistcha|Trick Room|p2a: Sinistcha\n|-fieldstart|move: Trick Room|[of] p2a: Sinistcha\n|\n|-heal|p1b: Clefable|81/100|[from] item: Leftovers\n|upkeep\n|turn|5\n|\n|t:|1776055478\n|move|p2a: Sinistcha|Protect|p2a: Sinistcha\n|-singleturn|p2a: Sinistcha|Protect\n|move|p2b: Clawitzer|Surf|p1b: Clefable|[spread] p1a,p1b\n|-activate|p2a: Sinistcha|move: Protect\n|-damage|p1a: Kingambit|43/100\n|-damage|p1b: Clefable|52/100\n|-enditem|p1a: Kingambit|Sitrus Berry|[eat]\n|-heal|p1a: Kingambit|68/100|[from] item: Sitrus Berry\n|move|p1a: Kingambit|Kowtow Cleave|p2a: Sinistcha\n|-activate|p2a: Sinistcha|move: Protect\n|move|p1b: Clefable|Moonblast|p2a: Sinistcha\n|-activate|p2a: Sinistcha|move: Protect\n|\n|-heal|p1b: Clefable|58/100|[from] item: Leftovers\n|upkeep\n|turn|6\n|\n|t:|1776055488\n|move|p2b: Clawitzer|Flash Cannon|p1b: Clefable\n|-supereffective|p1b: Clefable|1\n|-damage|p1b: Clefable|5/100\n|-unboost|p1b: Clefable|spd|1\n|move|p1a: Kingambit|Guillotine|p2b: Clawitzer\n|-damage|p2b: Clawitzer|0 fnt\n|faint|p2b: Clawitzer\n|-ohko\n|move|p1b: Clefable|Heal Pulse|p1a: Kingambit\n|-heal|p1a: Kingambit|100/100\n|move|p2a: Sinistcha|Matcha Gotcha|p1b: Clefable|[spread] p1a,p1b\n|-resisted|p1a: Kingambit|1\n|-damage|p1a: Kingambit|91/100\n|-damage|p1b: Clefable|0 fnt\n|faint|p1b: Clefable\n|\n|upkeep\n|\n|t:|1776055495\n|switch|p2b: Drampa|Drampa, L50, F|100/100\n|switch|p1b: Torkoal|Torkoal, L50, F|100/100\n|-weather|SunnyDay|[from] ability: Drought|[of] p1b: Torkoal\n|turn|7\n|\n|t:|1776055502\n|move|p2b: Drampa|Protect|p2b: Drampa\n|-singleturn|p2b: Drampa|Protect\n|move|p2a: Sinistcha|Protect|p2a: Sinistcha\n|-singleturn|p2a: Sinistcha|Protect\n|move|p1b: Torkoal|Eruption|p2a: Sinistcha|[spread] \n|-activate|p2a: Sinistcha|move: Protect\n|-activate|p2b: Drampa|move: Protect\n|move|p1a: Kingambit|Guillotine|p2b: Drampa\n|-activate|p2b: Drampa|move: Protect\n|\n|-weather|SunnyDay|[upkeep]\n|upkeep\n|turn|8\n|\n|t:|1776055514\n|detailschange|p2b: Drampa|Drampa-Mega, L50, F\n|-mega|p2b: Drampa|Drampa|Drampanite\n|move|p1b: Torkoal|Eruption|p2a: Sinistcha|[spread] p2a,p2b\n|-supereffective|p2a: Sinistcha|1\n|-resisted|p2b: Drampa|1\n|-damage|p2a: Sinistcha|0 fnt\n|-damage|p2b: Drampa|64/100\n|faint|p2a: Sinistcha\n|move|p2b: Drampa|Hyper Voice|p1b: Torkoal|[spread] p1a,p1b\n|-resisted|p1a: Kingambit|1\n|-damage|p1a: Kingambit|74/100\n|-damage|p1b: Torkoal|44/100\n|move|p1a: Kingambit|Guillotine|p2b: Drampa\n|-damage|p2b: Drampa|0 fnt\n|faint|p2b: Drampa\n|-ohko\n|\n|win|It'sJustKen VGC\n|raw|It&apos;sJustKen VGC's rating: 1124 &rarr; <strong>1148</strong><br />(+24 for winning)\n|raw|DRANZER72's rating: 1107 &rarr; <strong>1083</strong><br />(-24 for losing)\n|l|\u2606DRANZER72\n|player|p2|\n",
  "uploadtime": 1776055534,
  "views": 10,
  "formatid": "gen9championsvgc2026regma",
  "rating": 1083,
  "private": 0,
  "password": null
}