{
  "id": "gen9championsvgc2026regma-2584567841",
  "format": "[Gen 9 Champions] VGC 2026 Reg M-A",
  "players": [
    "pokemonyoyoplayer",
    "KululuMiku"
  ],
  "log": "|j|\u2606pokemonyoyoplayer\n|j|\u2606KululuMiku\n|t:|1776269277\n|gametype|doubles\n|player|p1|pokemonyoyoplayer|102|1393\n|player|p2|KululuMiku|marlon|1386\n|gen|9\n|tier|[Gen 9 Champions] VGC 2026 Reg M-A\n|rated|\n|rule|Species Clause: Limit one of each Pok\u00e9mon\n|rule|Item Clause: Limit 1 of each item\n|clearpoke\n|poke|p1|Sneasler, L50, F|\n|poke|p1|Kingambit, L50, M|\n|poke|p1|Aerodactyl, L50, M|\n|poke|p1|Gardevoir, L50, F|\n|poke|p1|Incineroar, L50, M|\n|poke|p1|Sinistcha, L50|\n|poke|p2|Meganium, L50, M|\n|poke|p2|Sableye, L50, F|\n|poke|p2|Aegislash, L50, M|\n|poke|p2|Pelipper, L50, F|\n|poke|p2|Archaludon, L50, M|\n|poke|p2|Dragonite, L50, M|\n|teampreview|4\n|inactive|Battle timer is ON: inactive players will automatically lose when time's up. (requested by KululuMiku)\n|\n|t:|1776269344\n|teamsize|p1|4\n|teamsize|p2|4\n|start\n|switch|p1a: Sneasler|Sneasler, L50, F|100/100\n|switch|p1b: Aerodactyl|Aerodactyl, L50, M|100/100\n|switch|p2a: Sableye|Sableye, L50, F|100/100\n|switch|p2b: Aegislash|Aegislash, L50, M|100/100\n|-ability|p1b: Aerodactyl|Unnerve\n|turn|1\n|\n|t:|1776269365\n|switch|p1b: Kingambit|Kingambit, L50, M|100/100\n|move|p1a: Sneasler|Protect|p1a: Sneasler\n|-singleturn|p1a: Sneasler|Protect\n|move|p2a: Sableye|Will-O-Wisp|p1a: Sneasler\n|-activate|p1a: Sneasler|move: Protect\n|-formechange|p2b: Aegislash|Aegislash-Blade|\n|move|p2b: Aegislash|Iron Head|p1b: Kingambit\n|-resisted|p1b: Kingambit|1\n|-damage|p1b: Kingambit|80/100\n|\n|upkeep\n|turn|2\n|inactive|pokemonyoyoplayer has 30 seconds left.\n|\n|t:|1776269392\n|switch|p1a: Gardevoir|Gardevoir, L50, F|100/100\n|-ability|p1a: Gardevoir|Prankster|Trace|[from] ability: Trace|[of] p2a: Sableye\n|-formechange|p2b: Aegislash|Aegislash|\n|move|p2b: Aegislash|King's Shield|p2b: Aegislash\n|-singleturn|p2b: Aegislash|Protect\n|move|p2a: Sableye|Will-O-Wisp|p1a: Gardevoir\n|-status|p1a: Gardevoir|brn\n|move|p1b: Kingambit|Kowtow Cleave|p2b: Aegislash\n|-activate|p2b: Aegislash|move: Protect\n|-unboost|p1b: Kingambit|atk|1\n|-ability|p1b: Kingambit|Defiant|boost\n|-boost|p1b: Kingambit|atk|2\n|\n|-damage|p1a: Gardevoir|94/100 brn|[from] brn\n|upkeep\n|turn|3\n|inactive|pokemonyoyoplayer has 30 seconds left.\n|inactive|pokemonyoyoplayer has 20 seconds left.\n|inactive|pokemonyoyoplayer has 15 seconds left.\n|\n|t:|1776269434\n|switch|p2b: Archaludon|Archaludon, L50, M|100/100\n|detailschange|p1a: Gardevoir|Gardevoir-Mega, L50, F\n|-mega|p1a: Gardevoir|Gardevoir|Gardevoirite\n|move|p2a: Sableye|Light Screen|p2a: Sableye\n|-sidestart|p2: KululuMiku|move: Light Screen\n|move|p1b: Kingambit|Sucker Punch||[still]\n|-fail|p1b: Kingambit\n|move|p1a: Gardevoir|Hyper Voice|p2a: Sableye|[spread] p2a,p2b\n|-supereffective|p2a: Sableye|1\n|-damage|p2a: Sableye|8/100\n|-damage|p2b: Archaludon|53/100\n|-ability|p2b: Archaludon|Stamina|boost\n|-boost|p2b: Archaludon|def|1\n|\n|-heal|p2b: Archaludon|59/100|[from] item: Leftovers\n|-damage|p1a: Gardevoir|88/100 brn|[from] brn\n|upkeep\n|turn|4\n|\n|t:|1776269451\n|move|p2a: Sableye|Rain Dance|p2a: Sableye\n|-weather|RainDance\n|move|p1b: Kingambit|Sucker Punch|p2b: Archaludon\n|-damage|p2b: Archaludon|24/100\n|-ability|p2b: Archaludon|Stamina|boost\n|-boost|p2b: Archaludon|def|1\n|move|p1a: Gardevoir|Hyper Voice|p2a: Sableye|[spread] p2a,p2b\n|-supereffective|p2a: Sableye|1\n|-damage|p2a: Sableye|0 fnt\n|-damage|p2b: Archaludon|0 fnt\n|faint|p2a: Sableye\n|faint|p2b: Archaludon\n|\n|-weather|RainDance|[upkeep]\n|-damage|p1a: Gardevoir|82/100 brn|[from] brn\n|upkeep\n|\n|t:|1776269463\n|switch|p2b: Aegislash|Aegislash, L50, M|100/100\n|switch|p2a: Dragonite|Dragonite, L50, M|100/100\n|turn|5\n|inactive|pokemonyoyoplayer has 30 seconds left.\n|\n|t:|1776269495\n|detailschange|p2a: Dragonite|Dragonite-Mega, L50, M\n|-mega|p2a: Dragonite|Dragonite|Dragoninite\n|move|p1b: Kingambit|Sucker Punch|p2b: Aegislash\n|-supereffective|p2b: Aegislash|1\n|-damage|p2b: Aegislash|0 fnt\n|faint|p2b: Aegislash\n|move|p2a: Dragonite|Thunder|p1b: Kingambit\n|-damage|p1b: Kingambit|41/100\n|move|p1a: Gardevoir|Hyper Voice|p2a: Dragonite\n|-supereffective|p2a: Dragonite|1\n|-damage|p2a: Dragonite|59/100\n|\n|-weather|RainDance|[upkeep]\n|-damage|p1a: Gardevoir|75/100 brn|[from] brn\n|upkeep\n|turn|6\n|\n|t:|1776269509\n|move|p1b: Kingambit|Sucker Punch|p2a: Dragonite\n|-damage|p2a: Dragonite|0 fnt\n|faint|p2a: Dragonite\n|\n|win|pokemonyoyoplayer\n|raw|pokemonyoyoplayer's rating: 1393 &rarr; <strong>1413</strong><br />(+20 for winning)\n|raw|KululuMiku's rating: 1386 &rarr; <strong>1366</strong><br />(-20 for losing)\n",
  "uploadtime": 1776269516,
  "views": 36,
  "formatid": "gen9championsvgc2026regma",
  "rating": 1366,
  "private": 0,
  "password": null
}