{
  "id": "gen9championsvgc2026regma-2582167033",
  "format": "[Gen 9 Champions] VGC 2026 Reg M-A",
  "players": [
    "sanloma2",
    "Dag291"
  ],
  "log": "|j|\u2606sanloma2\n|j|\u203dDag291\n|t:|1776066529\n|gametype|doubles\n|player|p1|sanloma2|1|1131\n|player|p2|Dag291|2|1128\n|gen|9\n|tier|[Gen 9 Champions] VGC 2026 Reg M-A\n|rated|\n|rule|Species Clause: Limit one of each Pok\u00e9mon\n|rule|Item Clause: Limit 1 of each item\n|clearpoke\n|poke|p1|Delphox, L50, M|\n|poke|p1|Tyranitar, L50, F|\n|poke|p1|Excadrill, L50, M|\n|poke|p1|Sneasler, L50, M|\n|poke|p1|Sinistcha, L50|\n|poke|p1|Rotom-Wash, L50|\n|poke|p2|Whimsicott, L50, F|\n|poke|p2|Charizard, L50, F|\n|poke|p2|Garchomp, L50, F|\n|poke|p2|Sneasler, L50, F|\n|poke|p2|Farigiraf, L50, F|\n|poke|p2|Incineroar, L50, M|\n|teampreview|4\n|inactive|Battle timer is ON: inactive players will automatically lose when time's up. (requested by Dag291)\n|inactive|sanloma2 has 60 seconds left.\n|\n|t:|1776066574\n|teamsize|p1|4\n|teamsize|p2|4\n|start\n|switch|p1a: Excadrill|Excadrill, L50, M, shiny|100/100\n|switch|p1b: Sinistcha|Sinistcha, L50, shiny|100/100\n|switch|p2a: Garchomp|Garchomp, L50, F|100/100\n|switch|p2b: Sneasler|Sneasler, L50, F|100/100\n|turn|1\n|\n|t:|1776066588\n|move|p1a: Excadrill|Protect|p1a: Excadrill\n|-singleturn|p1a: Excadrill|Protect\n|move|p2b: Sneasler|Close Combat|p1a: Excadrill\n|-activate|p1a: Excadrill|move: Protect\n|move|p2a: Garchomp|Swords Dance|p2a: Garchomp\n|-boost|p2a: Garchomp|atk|2\n|move|p1b: Sinistcha|Matcha Gotcha|p2a: Garchomp|[spread] \n|-miss|p1b: Sinistcha|p2a: Garchomp\n|-miss|p1b: Sinistcha|p2b: Sneasler\n|\n|upkeep\n|turn|2\n|inactive|Dag291 has 30 seconds left.\n|inactive|Dag291 has 20 seconds left.\n|\n|t:|1776066624\n|switch|p1b: Tyranitar|Tyranitar, L50, F, shiny|100/100\n|-weather|Sandstorm|[from] ability: Sand Stream|[of] p1b: Tyranitar\n|move|p1a: Excadrill|Earthquake|p2b: Sneasler|[spread] p1b,p2a,p2b\n|-supereffective|p1b: Tyranitar|1\n|-supereffective|p2b: Sneasler|1\n|-damage|p1b: Tyranitar|24/100\n|-damage|p2a: Garchomp|59/100\n|-damage|p2b: Sneasler|0 fnt\n|faint|p2b: Sneasler\n|move|p2a: Garchomp|Dragon Claw|p1b: Tyranitar\n|-damage|p1b: Tyranitar|0 fnt\n|faint|p1b: Tyranitar\n|\n|-weather|Sandstorm|[upkeep]\n|upkeep\n|\n|t:|1776066648\n|switch|p2b: Charizard|Charizard, L50, F|100/100\n|switch|p1b: Delphox|Delphox, L50, M, shiny|100/100\n|turn|3\n|\n|t:|1776066669\n|detailschange|p1b: Delphox|Delphox-Mega, L50, M, shiny\n|-mega|p1b: Delphox|Delphox|Delphoxite\n|detailschange|p2b: Charizard|Charizard-Mega-Y, L50, F\n|-mega|p2b: Charizard|Charizard|Charizardite Y\n|-weather|SunnyDay|[from] ability: Drought|[of] p2b: Charizard\n|move|p1b: Delphox|Dazzling Gleam|p2a: Garchomp|[spread] p2a,p2b\n|-supereffective|p2a: Garchomp|1\n|-resisted|p2b: Charizard|1\n|-damage|p2a: Garchomp|6/100\n|-damage|p2b: Charizard|88/100\n|move|p2a: Garchomp|Earthquake|p1b: Delphox|[spread] p1a\n|-immune|p2b: Charizard\n|-immune|p1b: Delphox|[from] ability: Levitate\n|-supereffective|p1a: Excadrill|1\n|-enditem|p1a: Excadrill|Focus Sash\n|-damage|p1a: Excadrill|1/100\n|move|p2b: Charizard|Weather Ball|p1a: Excadrill\n|-supereffective|p1a: Excadrill|1\n|-damage|p1a: Excadrill|0 fnt\n|faint|p1a: Excadrill\n|\n|-weather|SunnyDay|[upkeep]\n|upkeep\n|\n|t:|1776066687\n|switch|p1a: Sinistcha|Sinistcha, L50, shiny|100/100\n|turn|4\n|\n|t:|1776066697\n|move|p2a: Garchomp|Protect|p2a: Garchomp\n|-singleturn|p2a: Garchomp|Protect\n|move|p1b: Delphox|Heat Wave|p2b: Charizard|[spread] p2b\n|-activate|p2a: Garchomp|move: Protect\n|-resisted|p2b: Charizard|1\n|-damage|p2b: Charizard|54/100\n|move|p2b: Charizard|Heat Wave|p1b: Delphox|[spread] p1a,p1b\n|-supereffective|p1a: Sinistcha|1\n|-resisted|p1b: Delphox|1\n|-damage|p1a: Sinistcha|0 fnt\n|-damage|p1b: Delphox|66/100\n|faint|p1a: Sinistcha\n|\n|-weather|SunnyDay|[upkeep]\n|upkeep\n|turn|5\n|\n|t:|1776066718\n|move|p1b: Delphox|Heat Wave|p2b: Charizard|[spread] p2a\n|-miss|p1b: Delphox|p2b: Charizard\n|-resisted|p2a: Garchomp|1\n|-damage|p2a: Garchomp|0 fnt\n|faint|p2a: Garchomp\n|move|p2b: Charizard|Weather Ball|p1b: Delphox\n|-resisted|p1b: Delphox|1\n|-damage|p1b: Delphox|21/100\n|\n|-weather|SunnyDay|[upkeep]\n|upkeep\n|\n|t:|1776066722\n|switch|p2a: Incineroar|Incineroar, L50, M|100/100\n|-ability|p2a: Incineroar|Intimidate|boost\n|-unboost|p1b: Delphox|atk|1\n|turn|6\n|\n|t:|1776066727\n|move|p1b: Delphox|Protect|p1b: Delphox\n|-singleturn|p1b: Delphox|Protect\n|move|p2a: Incineroar|Fake Out|p1b: Delphox\n|-activate|p1b: Delphox|move: Protect\n|move|p2b: Charizard|Weather Ball|p1b: Delphox\n|-activate|p1b: Delphox|move: Protect\n|\n|-weather|SunnyDay|[upkeep]\n|upkeep\n|turn|7\n|\n|t:|1776066733\n|move|p1b: Delphox|Psyshock|p2b: Charizard\n|-damage|p2b: Charizard|0 fnt\n|faint|p2b: Charizard\n|move|p2a: Incineroar|Darkest Lariat|p1b: Delphox\n|-supereffective|p1b: Delphox|1\n|-damage|p1b: Delphox|0 fnt\n|faint|p1b: Delphox\n|\n|win|Dag291\n|raw|sanloma2's rating: 1131 &rarr; <strong>1106</strong><br />(-25 for losing)\n|raw|Dag291's rating: 1128 &rarr; <strong>1153</strong><br />(+25 for winning)\n|l|\u2606sanloma2\n|player|p1|\n",
  "uploadtime": 1776066739,
  "views": 14,
  "formatid": "gen9championsvgc2026regma",
  "rating": 1106,
  "private": 0,
  "password": null
}