{
  "id": "gen9championsvgc2026regma-2587702076",
  "format": "[Gen 9 Champions] VGC 2026 Reg M-A",
  "players": [
    "jesuuuus",
    "M0AK"
  ],
  "log": "|j|\u2606jesuuuus\n|j|\u2606M0AK\n|t:|1776555402\n|gametype|doubles\n|player|p1|jesuuuus|101|\n|player|p2|M0AK|guzma|\n|gen|9\n|tier|[Gen 9 Champions] VGC 2026 Reg M-A\n|rated|Tournament battle\n|rule|Species Clause: Limit one of each Pok\u00e9mon\n|rule|Item Clause: Limit 1 of each item\n|raw|<div class=\"infobox\"><details class=\"readmore\" open><summary><strong>1 custom rule:</strong></summary> Force Open Team Sheets</details></div>\n|clearpoke\n|poke|p1|Gengar, L50, F|\n|poke|p1|Incineroar, L50, M|\n|poke|p1|Kommo-o, L50, F|\n|poke|p1|Sinistcha, L50|\n|poke|p1|Floette-Eternal, L50, F|\n|poke|p1|Sneasler, L50, F|\n|poke|p2|Froslass, L50, F|\n|poke|p2|Rotom-Frost, L50|\n|poke|p2|Kingambit, L50, F|\n|poke|p2|Milotic, L50, F|\n|poke|p2|Incineroar, L50, F|\n|poke|p2|Garchomp, L50, F|\n|teampreview|4\n|showteam|p1|Gengar||Gengarite|CursedBody|ShadowBall,SludgeBomb,IcyWind,Protect|||F|||50|]Incineroar||SitrusBerry|Intimidate|FakeOut,HelpingHand,DarkestLariat,PartingShot|||M|||50|]Kommo-o||DragonFang|Soundproof|ClangingScales,AuraSphere,ClangorousSoul,Protect|||F|||50|]Sinistcha||YacheBerry|Hospitality|TrickRoom,MatchaGotcha,RagePowder,Protect||||||50|]Floette-Eternal||Floettite|FlowerVeil|DazzlingGleam,Moonblast,Substitute,Protect|||F|||50|]Sneasler||FocusSash|Unburden|CloseCombat,DireClaw,FakeOut,Protect|||F|||50|\n|showteam|p2|Froslass||Froslassite|CursedBody|AuroraVeil,Blizzard,ShadowBall,Protect|||F|||50|]Rotom-Frost||ChoiceScarf|Levitate|Blizzard,Discharge,Electroweb,VoltSwitch||||||50|]Kingambit||BlackGlasses|Defiant|KowtowCleave,SuckerPunch,LowKick,Protect|||F|||50|]Milotic||Leftovers|Competitive|MuddyWater,IceBeam,DragonTail,Protect|||F|||50|]Incineroar||SitrusBerry|Intimidate|FakeOut,FlareBlitz,ThroatChop,PartingShot|||F|||50|]Garchomp||WhiteHerb|RoughSkin|DragonClaw,Earthquake,RockSlide,Protect|||F|||50|\n|inactive|Battle timer is ON: inactive players will automatically lose when time's up. (requested by M0AK)\n|inactive|jesuuuus has 60 seconds left.\n|j|+holdingb\n|\n|t:|1776555450\n|teamsize|p1|4\n|teamsize|p2|4\n|start\n|switch|p1a: Floette|Floette-Eternal, L50, F|100/100\n|switch|p1b: Sneasler|Sneasler, L50, F|100/100\n|switch|p2a: Snow Strippers|Froslass, L50, F|100/100\n|switch|p2b: King Nothing|Kingambit, L50, F|100/100\n|turn|1\n|j| knoxxzeta\n|\n|t:|1776555472\n|switch|p2b: Incineroar|Incineroar, L50, F|100/100\n|-ability|p2b: Incineroar|Intimidate|boost\n|-unboost|p1a: Floette|atk|1\n|-unboost|p1b: Sneasler|atk|1\n|detailschange|p2a: Snow Strippers|Froslass-Mega, L50, F\n|-mega|p2a: Snow Strippers|Froslass|Froslassite\n|-weather|Snowscape|[from] ability: Snow Warning|[of] p2a: Snow Strippers\n|detailschange|p1a: Floette|Floette-Mega, L50, F\n|-mega|p1a: Floette|Floette|Floettite\n|-ability|p1a: Floette|Fairy Aura\n|move|p1b: Sneasler|Close Combat|p2b: Incineroar\n|-supereffective|p2b: Incineroar|1\n|-damage|p2b: Incineroar|14/100\n|-unboost|p1b: Sneasler|def|1\n|-unboost|p1b: Sneasler|spd|1\n|-enditem|p2b: Incineroar|Sitrus Berry|[eat]\n|-heal|p2b: Incineroar|39/100|[from] item: Sitrus Berry\n|move|p2a: Snow Strippers|Aurora Veil|p2a: Snow Strippers\n|-sidestart|p2: M0AK|move: Aurora Veil\n|move|p1a: Floette|Substitute|p1a: Floette\n|-start|p1a: Floette|Substitute\n|-damage|p1a: Floette|76/100\n|\n|-weather|Snowscape|[upkeep]\n|upkeep\n|turn|2\n|inactive|jesuuuus has 30 seconds left.\n|inactive|M0AK has 30 seconds left.\n|\n|t:|1776555502\n|switch|p1b: Incineroar|Incineroar, L50, M|100/100\n|-ability|p1b: Incineroar|Intimidate|boost\n|-unboost|p2a: Snow Strippers|atk|1\n|-unboost|p2b: Incineroar|atk|1\n|move|p1a: Floette|Protect|p1a: Floette\n|-singleturn|p1a: Floette|Protect\n|move|p2b: Incineroar|Fake Out|p1b: Incineroar\n|-damage|p1b: Incineroar|92/100\n|move|p2a: Snow Strippers|Blizzard|p1b: Incineroar|[spread] p1b\n|-activate|p1a: Floette|move: Protect\n|-resisted|p1b: Incineroar|1\n|-damage|p1b: Incineroar|66/100\n|-status|p1b: Incineroar|frz\n|\n|-weather|Snowscape|[upkeep]\n|upkeep\n|turn|3\n|\n|t:|1776555523\n|move|p2a: Snow Strippers|Blizzard|p1a: Floette|[spread] p1a,p1b\n|-end|p1a: Floette|Substitute\n|-resisted|p1b: Incineroar|1\n|-damage|p1b: Incineroar|41/100 frz\n|-enditem|p1b: Incineroar|Sitrus Berry|[eat]\n|-heal|p1b: Incineroar|66/100 frz|[from] item: Sitrus Berry\n|move|p1a: Floette|Moonblast|p2b: Incineroar\n|-damage|p2b: Incineroar|0 fnt\n|faint|p2b: Incineroar\n|cant|p1b: Incineroar|frz\n|\n|-weather|Snowscape|[upkeep]\n|upkeep\n|\n|t:|1776555536\n|switch|p2b: Rotom|Rotom-Frost, L50|100/100\n|turn|4\n|\n|t:|1776555552\n|move|p1a: Floette|Protect|p1a: Floette\n|-singleturn|p1a: Floette|Protect\n|move|p2b: Rotom|Blizzard|p1b: Incineroar|[spread] p1b\n|-activate|p1a: Floette|move: Protect\n|-resisted|p1b: Incineroar|1\n|-damage|p1b: Incineroar|46/100 frz\n|move|p2a: Snow Strippers|Blizzard|p1b: Incineroar|[spread] p1b\n|-activate|p1a: Floette|move: Protect\n|-resisted|p1b: Incineroar|1\n|-crit|p1b: Incineroar\n|-damage|p1b: Incineroar|7/100 frz\n|-curestatus|p1b: Incineroar|frz|[msg]\n|move|p1b: Incineroar|Parting Shot|p2a: Snow Strippers\n|-unboost|p2a: Snow Strippers|atk|1\n|-unboost|p2a: Snow Strippers|spa|1\n|\n|t:|1776555576\n|switch|p1b: Sneasler|Sneasler, L50, F|100/100|[from] Parting Shot\n|\n|-weather|Snowscape|[upkeep]\n|upkeep\n|turn|5\n|\n|t:|1776555597\n|switch|p2a: King Nothing|Kingambit, L50, F|100/100\n|move|p1b: Sneasler|Fake Out|p2b: Rotom\n|-damage|p2b: Rotom|92/100\n|cant|p2b: Rotom|flinch\n|move|p1a: Floette|Dazzling Gleam|p2b: Rotom|[spread] p2a,p2b\n|-damage|p2a: King Nothing|68/100\n|-damage|p2b: Rotom|47/100\n|\n|-weather|none\n|-sideend|p2: M0AK|move: Aurora Veil\n|upkeep\n|turn|6\n|\n|t:|1776555613\n|switch|p1b: Sinistcha|Sinistcha, L50|100/100\n|-heal|p1a: Floette|100/100|[from] ability: Hospitality|[of] p1b: Sinistcha\n|switch|p2a: Snow Strippers|Froslass-Mega, L50, F|100/100\n|-weather|Snowscape|[from] ability: Snow Warning|[of] p2a: Snow Strippers\n|move|p2b: Rotom|Blizzard|p1b: Sinistcha|[spread] p1a,p1b\n|-supereffective|p1b: Sinistcha|1\n|-enditem|p1b: Sinistcha|Yache Berry|[eat]\n|-enditem|p1b: Sinistcha|Yache Berry|[weaken]\n|-damage|p1a: Floette|74/100\n|-damage|p1b: Sinistcha|68/100\n|move|p1a: Floette|Dazzling Gleam|p2b: Rotom|[spread] p2a,p2b\n|-damage|p2a: Snow Strippers|47/100\n|-damage|p2b: Rotom|0 fnt\n|faint|p2b: Rotom\n|\n|-weather|Snowscape|[upkeep]\n|upkeep\n|\n|t:|1776555629\n|switch|p2b: King Nothing|Kingambit, L50, F|68/100\n|turn|7\n|\n|t:|1776555647\n|move|p1b: Sinistcha|Rage Powder|p1b: Sinistcha\n|-singleturn|p1b: Sinistcha|move: Rage Powder\n|move|p2a: Snow Strippers|Blizzard|p1b: Sinistcha|[spread] p1a,p1b\n|-supereffective|p1b: Sinistcha|1\n|-crit|p1b: Sinistcha\n|-damage|p1a: Floette|39/100\n|-damage|p1b: Sinistcha|0 fnt\n|faint|p1b: Sinistcha\n|move|p1a: Floette|Moonblast|p2a: Snow Strippers\n|-damage|p2a: Snow Strippers|0 fnt\n|faint|p2a: Snow Strippers\n|move|p2b: King Nothing|Kowtow Cleave|p1a: Floette\n|-resisted|p1a: Floette|1\n|-damage|p1a: Floette|10/100\n|\n|-weather|Snowscape|[upkeep]\n|upkeep\n|\n|t:|1776555659\n|switch|p1b: Sneasler|Sneasler, L50, F|100/100\n|turn|8\n|\n|t:|1776555667\n|move|p2b: King Nothing|Protect|p2b: King Nothing\n|-singleturn|p2b: King Nothing|Protect\n|move|p1b: Sneasler|Close Combat|p2b: King Nothing\n|-activate|p2b: King Nothing|move: Protect\n|move|p1a: Floette|Moonblast|p2b: King Nothing\n|-activate|p2b: King Nothing|move: Protect\n|\n|-weather|Snowscape|[upkeep]\n|upkeep\n|turn|9\n|\n|t:|1776555675\n|move|p2b: King Nothing|Sucker Punch|p1b: Sneasler\n|-resisted|p1b: Sneasler|1\n|-damage|p1b: Sneasler|62/100\n|move|p1b: Sneasler|Close Combat|p2b: King Nothing\n|-supereffective|p2b: King Nothing|2\n|-damage|p2b: King Nothing|0 fnt\n|-unboost|p1b: Sneasler|def|1\n|-unboost|p1b: Sneasler|spd|1\n|faint|p2b: King Nothing\n|\n|win|jesuuuus\n|n|\u2606jesuuuus|jesuuuus\n|n|\u2606M0AK|m0ak\n|n| holdingb|holdingb\n|n| knoxxzeta|knoxxzeta\n|c|\u2606M0AK|ggwp!\n|c|\u2606jesuuuus|ggs\n|l|\u2606M0AK\n|player|p2|\n",
  "uploadtime": 1776555688,
  "views": 18,
  "formatid": "gen9championsvgc2026regma",
  "rating": null,
  "private": 0,
  "password": null
}