{
  "id": "gen9championsvgc2026regma-2583112337",
  "format": "[Gen 9 Champions] VGC 2026 Reg M-A",
  "players": [
    "MyDudeTM",
    "kantinevgc"
  ],
  "log": "|j|\u2606MyDudeTM\n|j|\u2606kantinevgc\n|t:|1776143425\n|gametype|doubles\n|player|p1|MyDudeTM|265|1178\n|player|p2|kantinevgc|roughneck-gen4|1212\n|gen|9\n|tier|[Gen 9 Champions] VGC 2026 Reg M-A\n|rated|\n|rule|Species Clause: Limit one of each Pok\u00e9mon\n|rule|Item Clause: Limit 1 of each item\n|clearpoke\n|poke|p1|Drampa, L50, F|\n|poke|p1|Aegislash, L50, F|\n|poke|p1|Sinistcha, L50|\n|poke|p1|Sneasler, L50, F|\n|poke|p1|Primarina, L50, F|\n|poke|p1|Talonflame, L50, M|\n|poke|p2|Chesnaught, L50, M|\n|poke|p2|Slowking-Galar, L50, M|\n|poke|p2|Incineroar, L50, M|\n|poke|p2|Ninetales-Alola, L50, M|\n|poke|p2|Kleavor, L50, F|\n|poke|p2|Aegislash, L50, F|\n|teampreview|4\n|inactive|Battle timer is ON: inactive players will automatically lose when time's up. (requested by kantinevgc)\n|\n|t:|1776143473\n|teamsize|p1|4\n|teamsize|p2|4\n|start\n|switch|p1a: Drampa|Drampa, L50, F|100/100\n|switch|p1b: Sinistcha|Sinistcha, L50|100/100\n|switch|p2a: Kleavor|Kleavor, L50, F|100/100\n|switch|p2b: Incineroar|Incineroar, L50, M|100/100\n|-ability|p2b: Incineroar|Intimidate|boost\n|-unboost|p1a: Drampa|atk|1\n|-unboost|p1b: Sinistcha|atk|1\n|-ability|p1a: Drampa|Cloud Nine\n|turn|1\n|inactive|MyDudeTM has 30 seconds left.\n|inactive|kantinevgc has 30 seconds left.\n|\n|t:|1776143503\n|move|p1a: Drampa|Protect|p1a: Drampa\n|-singleturn|p1a: Drampa|Protect\n|move|p2a: Kleavor|Stone Axe|p1b: Sinistcha\n|-damage|p1b: Sinistcha|46/100\n|-sidestart|p1: MyDudeTM|move: Stealth Rock\n|-enditem|p1b: Sinistcha|Sitrus Berry|[eat]\n|-heal|p1b: Sinistcha|71/100|[from] item: Sitrus Berry\n|move|p2b: Incineroar|Flare Blitz|p1b: Sinistcha\n|-supereffective|p1b: Sinistcha|1\n|-damage|p1b: Sinistcha|0 fnt\n|faint|p1b: Sinistcha\n|-damage|p2b: Incineroar|80/100|[from] Recoil\n|\n|upkeep\n|\n|t:|1776143522\n|switch|p1b: Sneasler|Sneasler, L50, F|100/100\n|-damage|p1b: Sneasler|95/100|[from] Stealth Rock\n|-ability|p1b: Sneasler|Pressure\n|turn|2\n|\n|t:|1776143533\n|switch|p2b: Slowking|Slowking-Galar, L50, M|100/100\n|detailschange|p1a: Drampa|Drampa-Mega, L50, F\n|-mega|p1a: Drampa|Drampa|Drampanite\n|move|p1b: Sneasler|Fake Out|p2a: Kleavor\n|-resisted|p2a: Kleavor|1\n|-damage|p2a: Kleavor|91/100\n|cant|p2a: Kleavor|flinch\n|move|p1a: Drampa|Earth Power|p2b: Slowking\n|-supereffective|p2b: Slowking|1\n|-damage|p2b: Slowking|43/100\n|\n|upkeep\n|turn|3\n|l|\u2606kantinevgc\n|inactive|kantinevgc disconnected and has a minute to reconnect!\n|player|p2|\n|j|\u2606kantinevgc\n|inactive|kantinevgc reconnected and has 35 seconds left.\n|player|p2|kantinevgc|roughneck-gen4|\n|inactive|kantinevgc has 30 seconds left.\n|\n|t:|1776143559\n|switch|p2b: Incineroar|Incineroar, L50, M|80/100\n|-ability|p2b: Incineroar|Intimidate|boost\n|-unboost|p1a: Drampa|atk|1\n|-unboost|p1b: Sneasler|atk|1\n|move|p2a: Kleavor|Stone Axe|p1a: Drampa\n|-damage|p1a: Drampa|49/100\n|-ability|p1a: Drampa|Berserk|boost\n|-boost|p1a: Drampa|spa|1\n|move|p1b: Sneasler|Close Combat|p2a: Kleavor\n|-damage|p2a: Kleavor|36/100\n|-unboost|p1b: Sneasler|def|1\n|-unboost|p1b: Sneasler|spd|1\n|move|p1a: Drampa|Hyper Voice|p2a: Kleavor|[spread] p2a,p2b\n|-resisted|p2a: Kleavor|1\n|-damage|p2a: Kleavor|0 fnt\n|-damage|p2b: Incineroar|31/100\n|-enditem|p2b: Incineroar|Sitrus Berry|[eat]\n|-heal|p2b: Incineroar|56/100|[from] item: Sitrus Berry\n|faint|p2a: Kleavor\n|\n|upkeep\n|l|\u2606kantinevgc\n|inactive|kantinevgc disconnected and has a minute to reconnect!\n|player|p2|\n|j|\u2606kantinevgc\n|inactive|kantinevgc reconnected and has 35 seconds left.\n|player|p2|kantinevgc|roughneck-gen4|\n|inactive|kantinevgc has 30 seconds left.\n|\n|t:|1776143586\n|switch|p2a: Chesnaught|Chesnaught, L50, M|100/100\n|turn|4\n|\n|t:|1776143601\n|switch|p2b: Slowking|Slowking-Galar, L50, M|76/100\n|detailschange|p2a: Chesnaught|Chesnaught-Mega, L50, M\n|-mega|p2a: Chesnaught|Chesnaught|Chesnaughtite\n|move|p1b: Sneasler|Protect|p1b: Sneasler\n|-singleturn|p1b: Sneasler|Protect\n|move|p1a: Drampa|Protect|p1a: Drampa\n|-singleturn|p1a: Drampa|Protect\n|move|p2a: Chesnaught|Body Press|p1a: Drampa\n|-activate|p1a: Drampa|move: Protect\n|\n|upkeep\n|turn|5\n|inactive|MyDudeTM has 30 seconds left.\n|inactive|MyDudeTM has 20 seconds left.\n|inactive|MyDudeTM has 15 seconds left.\n|\n|t:|1776143646\n|switch|p1a: Aegislash|Aegislash, L50, F|100/100\n|-damage|p1a: Aegislash|95/100|[from] Stealth Rock\n|switch|p2b: Incineroar|Incineroar, L50, M|56/100\n|-ability|p2b: Incineroar|Intimidate|boost\n|-unboost|p1a: Aegislash|atk|1\n|-unboost|p1b: Sneasler|atk|1\n|move|p1b: Sneasler|Dire Claw|p2a: Chesnaught\n|-supereffective|p2a: Chesnaught|1\n|-damage|p2a: Chesnaught|78/100\n|move|p2a: Chesnaught|Body Press|p1a: Aegislash\n|-immune|p1a: Aegislash\n|\n|-heal|p1a: Aegislash|100/100|[from] item: Leftovers\n|upkeep\n|turn|6\n|\n|t:|1776143670\n|switch|p1b: Drampa|Drampa-Mega, L50, F|49/100\n|-damage|p1b: Drampa|36/100|[from] Stealth Rock\n|move|p1a: Aegislash|King's Shield|p1a: Aegislash\n|-singleturn|p1a: Aegislash|Protect\n|move|p2b: Incineroar|Fake Out|p1b: Drampa\n|-damage|p1b: Drampa|27/100\n|move|p2a: Chesnaught|Leech Seed|p1a: Aegislash\n|-start|p1a: Aegislash|move: Leech Seed\n|\n|-damage|p1a: Aegislash|89/100|[from] Leech Seed|[of] p2a: Chesnaught\n|-heal|p2a: Chesnaught|86/100|[silent]\n|upkeep\n|turn|7\n|inactive|MyDudeTM has 30 seconds left.\n|inactive|kantinevgc has 30 seconds left.\n|inactive|MyDudeTM has 20 seconds left.\n|inactive|MyDudeTM has 15 seconds left.\n|inactive|kantinevgc has 20 seconds left.\n|\n|t:|1776143716\n|move|p2b: Incineroar|Parting Shot|p1b: Drampa\n|-unboost|p1b: Drampa|atk|1\n|-unboost|p1b: Drampa|spa|1\n|\n|t:|1776143718\n|switch|p2b: Slowking|Slowking-Galar, L50, M|100/100|[from] Parting Shot\n|-formechange|p1a: Aegislash|Aegislash-Blade|\n|move|p1a: Aegislash|Shadow Ball|p2a: Chesnaught\n|-immune|p2a: Chesnaught|[from] ability: Bulletproof\n|move|p2a: Chesnaught|Body Press|p1b: Drampa\n|-supereffective|p1b: Drampa|1\n|-damage|p1b: Drampa|0 fnt\n|faint|p1b: Drampa\n|\n|-heal|p1a: Aegislash|95/100|[from] item: Leftovers\n|-damage|p1a: Aegislash|83/100|[from] Leech Seed|[of] p2a: Chesnaught\n|-heal|p2a: Chesnaught|94/100|[silent]\n|upkeep\n|-message|MyDudeTM forfeited.\n|\n|win|kantinevgc\n|raw|MyDudeTM's rating: 1178 &rarr; <strong>1155</strong><br />(-23 for losing)\n|raw|kantinevgc's rating: 1212 &rarr; <strong>1235</strong><br />(+23 for winning)\n|l|\u2606MyDudeTM\n|player|p1|\n",
  "uploadtime": 1776143733,
  "views": 27,
  "formatid": "gen9championsvgc2026regma",
  "rating": 1155,
  "private": 0,
  "password": null
}