{
  "id": "gen9championsvgc2026regma-2584576258",
  "format": "[Gen 9 Champions] VGC 2026 Reg M-A",
  "players": [
    "Laroo",
    "nandomo"
  ],
  "log": "|j|\u2606Laroo\n|j|\u2606nandomo\n|t:|1776269816\n|gametype|doubles\n|player|p1|Laroo|palmer|1219\n|player|p2|nandomo|169|1201\n|gen|9\n|tier|[Gen 9 Champions] VGC 2026 Reg M-A\n|rated|\n|rule|Species Clause: Limit one of each Pok\u00e9mon\n|rule|Item Clause: Limit 1 of each item\n|clearpoke\n|poke|p1|Oranguru, L50, M|\n|poke|p1|Avalugg-Hisui, L50, F|\n|poke|p1|Empoleon, L50, M|\n|poke|p1|Sinistcha, L50|\n|poke|p1|Abomasnow, L50, M|\n|poke|p1|Crabominable, L50, F|\n|poke|p2|Gengar, L50, M|\n|poke|p2|Incineroar, L50, F|\n|poke|p2|Kommo-o, L50, F|\n|poke|p2|Sinistcha, L50|\n|poke|p2|Pelipper, L50, M|\n|poke|p2|Rotom-Wash, L50|\n|teampreview|4\n|inactive|Battle timer is ON: inactive players will automatically lose when time's up. (requested by nandomo)\n|\n|t:|1776269852\n|teamsize|p1|4\n|teamsize|p2|4\n|start\n|switch|p1a: Oranguru|Oranguru, L50, M|100/100\n|switch|p1b: Crabominable|Crabominable, L50, F|100/100\n|switch|p2a: Rotom|Rotom-Wash, L50|100/100\n|switch|p2b: Gengar|Gengar, L50, M|100/100\n|turn|1\n|inactive|Laroo has 30 seconds left.\n|inactive|Laroo has 20 seconds left.\n|\n|t:|1776269891\n|detailschange|p2b: Gengar|Gengar-Mega, L50, M\n|-mega|p2b: Gengar|Gengar|Gengarite\n|move|p1b: Crabominable|Protect|p1b: Crabominable\n|-singleturn|p1b: Crabominable|Protect\n|move|p2b: Gengar|Sludge Bomb|p1a: Oranguru\n|-damage|p1a: Oranguru|68/100\n|-status|p1a: Oranguru|psn\n|move|p2a: Rotom|Thunderbolt|p1a: Oranguru\n|-damage|p1a: Oranguru|43/100 psn\n|move|p1a: Oranguru|Trick Room|p1a: Oranguru\n|-fieldstart|move: Trick Room|[of] p1a: Oranguru\n|\n|-damage|p1a: Oranguru|31/100 psn|[from] psn\n|upkeep\n|turn|2\n|inactive|Laroo has 30 seconds left.\n|inactive|Laroo has 20 seconds left.\n|inactive|Laroo has 15 seconds left.\n|\n|t:|1776269932\n|switch|p2a: Incineroar|Incineroar, L50, F|100/100\n|-ability|p2a: Incineroar|Intimidate|boost\n|-unboost|p1a: Oranguru|atk|1\n|-fail|p1b: Crabominable|unboost|Attack|[from] ability: Hyper Cutter|[of] p1b: Crabominable\n|move|p1a: Oranguru|Protect|p1a: Oranguru\n|-singleturn|p1a: Oranguru|Protect\n|move|p2b: Gengar|Protect|p2b: Gengar\n|-singleturn|p2b: Gengar|Protect\n|move|p1b: Crabominable|Ice Hammer|p2b: Gengar\n|-activate|p2b: Gengar|move: Protect\n|\n|-damage|p1a: Oranguru|19/100 psn|[from] psn\n|upkeep\n|turn|3\n|inactive|Laroo has 30 seconds left.\n|\n|t:|1776269962\n|switch|p2b: Sinistcha|Sinistcha, L50|100/100\n|detailschange|p1b: Crabominable|Crabominable-Mega, L50, F\n|-mega|p1b: Crabominable|Crabominable|Crabominite\n|move|p1b: Crabominable|Upper Hand|p2a: Incineroar\n|-supereffective|p2a: Incineroar|1\n|-damage|p2a: Incineroar|23/100\n|-enditem|p2a: Incineroar|Sitrus Berry|[eat]\n|-heal|p2a: Incineroar|48/100|[from] item: Sitrus Berry\n|cant|p2a: Incineroar|flinch\n|move|p1a: Oranguru|Psychic Noise|p2b: Sinistcha\n|-crit|p2b: Sinistcha\n|-damage|p2b: Sinistcha|68/100\n|-start|p2b: Sinistcha|move: Heal Block\n|\n|-damage|p1a: Oranguru|7/100 psn|[from] psn\n|upkeep\n|turn|4\n|inactive|Laroo has 30 seconds left.\n|inactive|nandomo has 30 seconds left.\n|inactive|Laroo has 20 seconds left.\n|inactive|nandomo has 20 seconds left.\n|inactive|Laroo has 15 seconds left.\n|inactive|nandomo has 15 seconds left.\n|inactive|Laroo has 10 seconds left.\n|inactive|nandomo has 10 seconds left.\n|inactive|Laroo has 5 seconds left.\n|\n|t:|1776270015\n|switch|p1a: Abomasnow|Abomasnow, L50, M|100/100\n|-weather|Snowscape|[from] ability: Snow Warning|[of] p1a: Abomasnow\n|move|p2b: Sinistcha|Rage Powder|p2b: Sinistcha\n|-singleturn|p2b: Sinistcha|move: Rage Powder\n|move|p1b: Crabominable|Ice Hammer|p2b: Sinistcha\n|-supereffective|p2b: Sinistcha|1\n|-damage|p2b: Sinistcha|0 fnt\n|-unboost|p1b: Crabominable|spe|1\n|faint|p2b: Sinistcha\n|move|p2a: Incineroar|Flare Blitz|p1b: Crabominable\n|-supereffective|p1b: Crabominable|1\n|-damage|p1b: Crabominable|56/100\n|-damage|p2a: Incineroar|33/100|[from] Recoil\n|\n|-weather|Snowscape|[upkeep]\n|upkeep\n|inactive|nandomo has 30 seconds left.\n|inactive|nandomo has 20 seconds left.\n|inactive|nandomo has 15 seconds left.\n|inactive|nandomo has 10 seconds left.\n|\n|t:|1776270061\n|switch|p2b: Gengar|Gengar-Mega, L50, M|100/100\n|turn|5\n|\n|t:|1776270081\n|move|p2b: Gengar|Protect|p2b: Gengar\n|-singleturn|p2b: Gengar|Protect\n|move|p1b: Crabominable|Drain Punch|p2a: Incineroar\n|-supereffective|p2a: Incineroar|1\n|-damage|p2a: Incineroar|0 fnt\n|-heal|p1b: Crabominable|73/100|[from] drain|[of] p2a: Incineroar\n|faint|p2a: Incineroar\n|move|p1a: Abomasnow|Blizzard|p2b: Gengar\n|-activate|p2b: Gengar|move: Protect\n|\n|-weather|Snowscape|[upkeep]\n|-fieldend|move: Trick Room\n|upkeep\n|\n|t:|1776270091\n|switch|p2a: Rotom|Rotom-Wash, L50|100/100\n|turn|6\n|\n|t:|1776270116\n|move|p2b: Gengar|Sludge Bomb|p1a: Abomasnow\n|-supereffective|p1a: Abomasnow|1\n|-crit|p1a: Abomasnow\n|-damage|p1a: Abomasnow|0 fnt\n|faint|p1a: Abomasnow\n|move|p2a: Rotom|Thunderbolt|p1b: Crabominable\n|-damage|p1b: Crabominable|40/100\n|move|p1b: Crabominable|Ice Hammer|p2b: Gengar\n|-damage|p2b: Gengar|0 fnt\n|-unboost|p1b: Crabominable|spe|1\n|faint|p2b: Gengar\n|\n|-weather|Snowscape|[upkeep]\n|upkeep\n|\n|t:|1776270137\n|switch|p1a: Oranguru|Oranguru, L50, M|7/100 psn\n|turn|7\n|\n|t:|1776270151\n|move|p2a: Rotom|Thunderbolt|p1a: Oranguru\n|-crit|p1a: Oranguru\n|-damage|p1a: Oranguru|0 fnt\n|faint|p1a: Oranguru\n|move|p1b: Crabominable|Drain Punch|p2a: Rotom\n|-damage|p2a: Rotom|46/100\n|-heal|p1b: Crabominable|61/100|[from] drain|[of] p2a: Rotom\n|\n|-weather|Snowscape|[upkeep]\n|upkeep\n|\n|t:|1776270162\n|switch|p1a: Avalugg|Avalugg-Hisui, L50, F|100/100\n|turn|8\n|\n|t:|1776270168\n|move|p2a: Rotom|Hydro Pump|p1b: Crabominable\n|-damage|p1b: Crabominable|27/100\n|move|p1a: Avalugg|Body Press|p2a: Rotom\n|-damage|p2a: Rotom|12/100\n|move|p1b: Crabominable|Drain Punch|p2a: Rotom\n|-damage|p2a: Rotom|0 fnt\n|-heal|p1b: Crabominable|32/100|[from] drain|[of] p2a: Rotom\n|faint|p2a: Rotom\n|\n|win|Laroo\n|raw|Laroo's rating: 1219 &rarr; <strong>1243</strong><br />(+24 for winning)\n|raw|nandomo's rating: 1201 &rarr; <strong>1177</strong><br />(-24 for losing)\n",
  "uploadtime": 1776270177,
  "views": 29,
  "formatid": "gen9championsvgc2026regma",
  "rating": 1177,
  "private": 0,
  "password": null
}