{
  "id": "gen9championsvgc2026regma-2584872473",
  "format": "[Gen 9 Champions] VGC 2026 Reg M-A",
  "players": [
    "Andromeda360",
    "callmehavoc"
  ],
  "log": "|j|\u2606Andromeda360\n|j|\u2606callmehavoc\n|t:|1776290390\n|gametype|doubles\n|player|p1|Andromeda360|101|1115\n|player|p2|callmehavoc|bugcatcher-gen4dp|1073\n|gen|9\n|tier|[Gen 9 Champions] VGC 2026 Reg M-A\n|rated|\n|rule|Species Clause: Limit one of each Pok\u00e9mon\n|rule|Item Clause: Limit 1 of each item\n|clearpoke\n|poke|p1|Charizard, L50, M|\n|poke|p1|Clefable, L50, M|\n|poke|p1|Whimsicott, L50, F|\n|poke|p1|Sneasler, L50, M|\n|poke|p1|Rotom-Wash, L50|\n|poke|p1|Gardevoir, L50, F|\n|poke|p2|Espathra, L50, F|\n|poke|p2|Farigiraf, L50, M|\n|poke|p2|Alakazam, L50, F|\n|poke|p2|Incineroar, L50, F|\n|poke|p2|Aerodactyl, L50, M|\n|poke|p2|Clefable, L50, M|\n|teampreview|4\n|inactive|Battle timer is ON: inactive players will automatically lose when time's up. (requested by callmehavoc)\n|\n|t:|1776290454\n|teamsize|p1|4\n|teamsize|p2|4\n|start\n|switch|p1a: Charizard|Charizard, L50, M|100/100\n|switch|p1b: Sneasler|Sneasler, L50, M|100/100\n|switch|p2a: Farigiraf|Farigiraf, L50, M|100/100\n|switch|p2b: Alakazam|Alakazam, L50, F|100/100\n|turn|1\n|inactive|Andromeda360 has 30 seconds left.\n|inactive|callmehavoc has 30 seconds left.\n|inactive|Andromeda360 has 20 seconds left.\n|\n|t:|1776290491\n|detailschange|p1a: Charizard|Charizard-Mega-Y, L50, M\n|-mega|p1a: Charizard|Charizard|Charizardite Y\n|-weather|SunnyDay|[from] ability: Drought|[of] p1a: Charizard\n|move|p2b: Alakazam|Protect|p2b: Alakazam\n|-singleturn|p2b: Alakazam|Protect\n|move|p1b: Sneasler|Close Combat|p2a: Farigiraf\n|-damage|p2a: Farigiraf|49/100\n|-unboost|p1b: Sneasler|def|1\n|-unboost|p1b: Sneasler|spd|1\n|-enditem|p2a: Farigiraf|Sitrus Berry|[eat]\n|-heal|p2a: Farigiraf|73/100|[from] item: Sitrus Berry\n|move|p1a: Charizard|Heat Wave|p2b: Alakazam|[spread] p2a\n|-activate|p2b: Alakazam|move: Protect\n|-crit|p2a: Farigiraf\n|-damage|p2a: Farigiraf|0 fnt\n|faint|p2a: Farigiraf\n|\n|-weather|SunnyDay|[upkeep]\n|upkeep\n|inactive|callmehavoc has 30 seconds left.\n|inactive|callmehavoc has 20 seconds left.\n|\n|t:|1776290528\n|switch|p2a: Clefable|Clefable, L50, M|100/100\n|turn|2\n|inactive|Andromeda360 has 30 seconds left.\n|\n|t:|1776290558\n|detailschange|p2b: Alakazam|Alakazam-Mega, L50, F\n|-mega|p2b: Alakazam|Alakazam|Alakazite\n|-ability|p2b: Alakazam|Unburden|Trace|[from] ability: Trace|[of] p1b: Sneasler\n|move|p2b: Alakazam|Expanding Force|p1a: Charizard\n|-damage|p1a: Charizard|46/100\n|move|p1b: Sneasler|Dire Claw|p2a: Clefable\n|-supereffective|p2a: Clefable|1\n|-damage|p2a: Clefable|22/100\n|move|p1a: Charizard|Heat Wave|p2b: Alakazam|[spread] p2a,p2b\n|-damage|p2a: Clefable|0 fnt\n|-damage|p2b: Alakazam|16/100\n|faint|p2a: Clefable\n|\n|-weather|SunnyDay|[upkeep]\n|upkeep\n|\n|t:|1776290571\n|switch|p2a: Espathra|Espathra, L50, F|100/100\n|turn|3\n|\n|t:|1776290583\n|move|p2b: Alakazam|Protect|p2b: Alakazam\n|-singleturn|p2b: Alakazam|Protect\n|move|p2a: Espathra|Protect|p2a: Espathra\n|-singleturn|p2a: Espathra|Protect\n|move|p1a: Charizard|Protect|p1a: Charizard\n|-singleturn|p1a: Charizard|Protect\n|move|p1b: Sneasler|Dire Claw|p2b: Alakazam\n|-activate|p2b: Alakazam|move: Protect\n|\n|-weather|SunnyDay|[upkeep]\n|-ability|p2a: Espathra|Speed Boost|boost\n|-boost|p2a: Espathra|spe|1\n|upkeep\n|turn|4\n|inactive|Andromeda360 has 30 seconds left.\n|\n|t:|1776290617\n|switch|p1b: Rotom|Rotom-Wash, L50|100/100\n|switch|p1a: Clefable|Clefable, L50, M|100/100\n|move|p2a: Espathra|Lumina Crash|p1b: Rotom\n|-damage|p1b: Rotom|45/100\n|-unboost|p1b: Rotom|spd|2\n|-enditem|p1b: Rotom|Sitrus Berry|[eat]\n|-heal|p1b: Rotom|70/100|[from] item: Sitrus Berry\n|move|p2b: Alakazam|Expanding Force|p1a: Clefable\n|-damage|p1a: Clefable|50/100\n|\n|-weather|SunnyDay|[upkeep]\n|-heal|p1a: Clefable|56/100|[from] item: Leftovers\n|-ability|p2a: Espathra|Speed Boost|boost\n|-boost|p2a: Espathra|spe|1\n|upkeep\n|turn|5\n|inactive|Andromeda360 has 30 seconds left.\n|inactive|callmehavoc has 30 seconds left.\n|\n|t:|1776290650\n|move|p2b: Alakazam|Protect|p2b: Alakazam\n|-singleturn|p2b: Alakazam|Protect\n|move|p2a: Espathra|Substitute|p2a: Espathra\n|-start|p2a: Espathra|Substitute\n|-damage|p2a: Espathra|75/100\n|move|p1b: Rotom|Thunderbolt|p2b: Alakazam\n|-activate|p2b: Alakazam|move: Protect\n|move|p1a: Clefable|Moonlight|p1a: Clefable\n|-heal|p1a: Clefable|100/100\n|\n|-weather|none\n|-ability|p2a: Espathra|Speed Boost|boost\n|-boost|p2a: Espathra|spe|1\n|upkeep\n|turn|6\n|inactive|callmehavoc has 30 seconds left.\n|\n|t:|1776290676\n|move|p1b: Rotom|Protect|p1b: Rotom\n|-singleturn|p1b: Rotom|Protect\n|move|p2a: Espathra|Lumina Crash|p1b: Rotom\n|-activate|p1b: Rotom|move: Protect\n|move|p2b: Alakazam|Encore|p1a: Clefable\n|-start|p1a: Clefable|Encore\n|move|p1a: Clefable|Moonlight|p1a: Clefable\n|-fail|p1a: Clefable|heal\n|\n|-ability|p2a: Espathra|Speed Boost|boost\n|-boost|p2a: Espathra|spe|1\n|upkeep\n|turn|7\n|inactive|Andromeda360 has 30 seconds left.\n|\n|t:|1776290705\n|move|p2a: Espathra|Lumina Crash|p1b: Rotom\n|-damage|p1b: Rotom|0 fnt\n|faint|p1b: Rotom\n|move|p2b: Alakazam|Encore||[still]\n|-fail|p2b: Alakazam\n|move|p1a: Clefable|Moonlight|p1a: Clefable\n|-fail|p1a: Clefable|heal\n|\n|-ability|p2a: Espathra|Speed Boost|boost\n|-boost|p2a: Espathra|spe|1\n|upkeep\n|\n|t:|1776290709\n|switch|p1b: Sneasler|Sneasler, L50, M|100/100\n|turn|8\n|\n|t:|1776290725\n|switch|p1a: Charizard|Charizard-Mega-Y, L50, M|46/100\n|-weather|SunnyDay|[from] ability: Drought|[of] p1a: Charizard\n|move|p2b: Alakazam|Protect|p2b: Alakazam\n|-singleturn|p2b: Alakazam|Protect\n|move|p1b: Sneasler|Fake Out|p2b: Alakazam\n|-activate|p2b: Alakazam|move: Protect\n|move|p2a: Espathra|Lumina Crash|p1b: Sneasler\n|-supereffective|p1b: Sneasler|2\n|-damage|p1b: Sneasler|0 fnt\n|faint|p1b: Sneasler\n|\n|-weather|SunnyDay|[upkeep]\n|-ability|p2a: Espathra|Speed Boost|boost\n|-boost|p2a: Espathra|spe|1\n|upkeep\n|\n|t:|1776290735\n|switch|p1b: Clefable|Clefable, L50, M|100/100\n|turn|9\n|\n|t:|1776290754\n|move|p2b: Alakazam|Protect|p2b: Alakazam\n|-singleturn|p2b: Alakazam|Protect\n|move|p1b: Clefable|Follow Me|p1b: Clefable\n|-singleturn|p1b: Clefable|move: Follow Me\n|move|p2a: Espathra|Lumina Crash|p1b: Clefable\n|-damage|p1b: Clefable|61/100\n|-unboost|p1b: Clefable|spd|2\n|move|p1a: Charizard|Heat Wave|p2b: Alakazam|[spread] p2a\n|-activate|p2b: Alakazam|move: Protect\n|-crit|p2a: Espathra\n|-end|p2a: Espathra|Substitute\n|\n|-weather|SunnyDay|[upkeep]\n|-heal|p1b: Clefable|67/100|[from] item: Leftovers\n|upkeep\n|turn|10\n|inactive|callmehavoc has 30 seconds left.\n|\n|t:|1776290783\n|move|p1b: Clefable|Follow Me|p1b: Clefable\n|-singleturn|p1b: Clefable|move: Follow Me\n|move|p2a: Espathra|Lumina Crash|p1b: Clefable\n|-damage|p1b: Clefable|0 fnt\n|faint|p1b: Clefable\n|move|p2b: Alakazam|Expanding Force|p1a: Charizard\n|-damage|p1a: Charizard|0 fnt\n|faint|p1a: Charizard\n|\n|win|callmehavoc\n|raw|Andromeda360's rating: 1115 &rarr; <strong>1087</strong><br />(-28 for losing)\n|raw|callmehavoc's rating: 1073 &rarr; <strong>1106</strong><br />(+33 for winning)\n",
  "uploadtime": 1776290783,
  "views": 21,
  "formatid": "gen9championsvgc2026regma",
  "rating": 1087,
  "private": 0,
  "password": null
}