{
  "id": "gen9championsvgc2026regma-2588933927",
  "format": "[Gen 9 Champions] VGC 2026 Reg M-A",
  "players": [
    "gundi8",
    "AdriMen7"
  ],
  "log": "|j|\u2606gundi8\n|j|\u2606AdriMen7\n|t:|1776687285\n|gametype|doubles\n|player|p1|gundi8|ethan|1178\n|player|p2|AdriMen7|steven|1113\n|gen|9\n|tier|[Gen 9 Champions] VGC 2026 Reg M-A\n|rated|\n|rule|Species Clause: Limit one of each Pok\u00e9mon\n|rule|Item Clause: Limit 1 of each item\n|clearpoke\n|poke|p1|Venusaur, L50, M, shiny|\n|poke|p1|Incineroar, L50, M, shiny|\n|poke|p1|Tyranitar, L50, M|\n|poke|p1|Garchomp, L50, M|\n|poke|p1|Rotom-Wash, L50|\n|poke|p1|Gardevoir, L50, F|\n|poke|p2|Dragonite, L50, M, shiny|\n|poke|p2|Pelipper, L50, M, shiny|\n|poke|p2|Archaludon, L50, M, shiny|\n|poke|p2|Sneasler, L50, M|\n|poke|p2|Sinistcha, L50|\n|poke|p2|Basculegion, L50, M, shiny|\n|teampreview|4\n|inactive|Battle timer is ON: inactive players will automatically lose when time's up. (requested by AdriMen7)\n|inactive|gundi8 also wants the timer to be on.\n|inactive|AdriMen7 has 60 seconds left.\n|\n|t:|1776687330\n|teamsize|p1|4\n|teamsize|p2|4\n|start\n|switch|p1a: Venusaur|Venusaur, L50, M, shiny|100/100\n|switch|p1b: Gardevoir|Gardevoir, L50, F|100/100\n|switch|p2a: PeliGOAT|Pelipper, L50, M, shiny|100/100\n|switch|p2b: Ded feesh|Basculegion, L50, M, shiny|100/100\n|-weather|RainDance|[from] ability: Drizzle|[of] p2a: PeliGOAT\n|turn|1\n|inactive|gundi8 has 30 seconds left.\n|inactive|gundi8 has 20 seconds left.\n|inactive|gundi8 has 15 seconds left.\n|inactive|gundi8 has 10 seconds left.\n|\n|t:|1776687379\n|switch|p1a: Tyranitar|Tyranitar, L50, M|100/100\n|-weather|Sandstorm|[from] ability: Sand Stream|[of] p1a: Tyranitar\n|move|p2a: PeliGOAT|Wide Guard|p2a: PeliGOAT\n|-singleturn|p2a: PeliGOAT|Wide Guard\n|move|p1b: Gardevoir|Psychic|p2a: PeliGOAT\n|-damage|p2a: PeliGOAT|48/100\n|move|p2b: Ded feesh|Wave Crash|p1b: Gardevoir\n|-damage|p1b: Gardevoir|0 fnt\n|faint|p1b: Gardevoir\n|-damage|p2b: Ded feesh|76/100|[from] Recoil\n|\n|-weather|Sandstorm|[upkeep]\n|-damage|p2b: Ded feesh|70/100|[from] Sandstorm\n|-damage|p2a: PeliGOAT|42/100|[from] Sandstorm\n|upkeep\n|\n|t:|1776687395\n|switch|p1b: Venusaur|Venusaur, L50, M, shiny|100/100\n|turn|2\n|\n|t:|1776687409\n|switch|p2a: Golden Gate|Archaludon, L50, M, shiny|100/100\n|detailschange|p1b: Venusaur|Venusaur-Mega, L50, M, shiny\n|-mega|p1b: Venusaur|Venusaur|Venusaurite\n|move|p2b: Ded feesh|Protect|p2b: Ded feesh\n|-singleturn|p2b: Ded feesh|Protect\n|move|p1b: Venusaur|Leech Seed|p2a: Golden Gate\n|-start|p2a: Golden Gate|move: Leech Seed\n|move|p1a: Tyranitar|Knock Off|p2b: Ded feesh\n|-activate|p2b: Ded feesh|move: Protect\n|\n|-weather|Sandstorm|[upkeep]\n|-damage|p2b: Ded feesh|64/100|[from] Sandstorm\n|-damage|p1b: Venusaur|95/100|[from] Sandstorm\n|-damage|p2a: Golden Gate|88/100|[from] Leech Seed|[of] p1b: Venusaur\n|-heal|p1b: Venusaur|100/100|[silent]\n|upkeep\n|turn|3\n|\n|t:|1776687422\n|switch|p2a: PeliGOAT|Pelipper, L50, M, shiny|42/100\n|-weather|RainDance|[from] ability: Drizzle|[of] p2a: PeliGOAT\n|switch|p1a: Rotom|Rotom-Wash, L50|100/100\n|move|p2b: Ded feesh|Wave Crash|p1a: Rotom\n|-resisted|p1a: Rotom|1\n|-damage|p1a: Rotom|41/100\n|-enditem|p1a: Rotom|Sitrus Berry|[eat]\n|-heal|p1a: Rotom|66/100|[from] item: Sitrus Berry\n|-damage|p2b: Ded feesh|49/100|[from] Recoil\n|move|p1b: Venusaur|Leech Seed|p2b: Ded feesh\n|-start|p2b: Ded feesh|move: Leech Seed\n|\n|-weather|RainDance|[upkeep]\n|-damage|p2b: Ded feesh|37/100|[from] Leech Seed|[of] p1b: Venusaur\n|upkeep\n|turn|4\n|inactive|gundi8 has 30 seconds left.\n|\n|t:|1776687452\n|switch|p2a: Golden Gate|Archaludon, L50, M, shiny|88/100\n|move|p2b: Ded feesh|Wave Crash|p1a: Rotom\n|-resisted|p1a: Rotom|1\n|-damage|p1a: Rotom|10/100\n|-damage|p2b: Ded feesh|22/100|[from] Recoil\n|move|p1a: Rotom|Will-O-Wisp|p2b: Ded feesh\n|-status|p2b: Ded feesh|brn\n|move|p1b: Venusaur|Leech Seed|p2a: Golden Gate|[miss]\n|-miss|p1b: Venusaur|p2a: Golden Gate\n|\n|-weather|RainDance|[upkeep]\n|-heal|p2a: Golden Gate|94/100|[from] item: Leftovers\n|-damage|p2b: Ded feesh|10/100 brn|[from] Leech Seed|[of] p1b: Venusaur\n|-damage|p2b: Ded feesh|4/100 brn|[from] brn\n|upkeep\n|turn|5\n|\n|t:|1776687473\n|move|p1a: Rotom|Protect|p1a: Rotom\n|-singleturn|p1a: Rotom|Protect\n|move|p2b: Ded feesh|Wave Crash|p1a: Rotom\n|-activate|p1a: Rotom|move: Protect\n|move|p2a: Golden Gate|Electro Shot||[still]\n|-prepare|p2a: Golden Gate|Electro Shot\n|-boost|p2a: Golden Gate|spa|1\n|-anim|p2a: Golden Gate|Electro Shot|p1a: Rotom\n|-activate|p1a: Rotom|move: Protect\n|move|p1b: Venusaur|Leech Seed|p2a: Golden Gate\n|-start|p2a: Golden Gate|move: Leech Seed\n|\n|-weather|RainDance|[upkeep]\n|-heal|p2a: Golden Gate|100/100|[from] item: Leftovers\n|-damage|p2b: Ded feesh|0 fnt|[from] Leech Seed|[of] p1b: Venusaur\n|faint|p2b: Ded feesh\n|-damage|p2a: Golden Gate|88/100|[from] Leech Seed|[of] p1b: Venusaur\n|upkeep\n|\n|t:|1776687476\n|switch|p2b: Dnite|Dragonite, L50, M, shiny|100/100\n|turn|6\n|inactive|gundi8 has 30 seconds left.\n|\n|t:|1776687502\n|detailschange|p2b: Dnite|Dragonite-Mega, L50, M, shiny\n|-mega|p2b: Dnite|Dragonite|Dragoninite\n|move|p1b: Venusaur|Protect|p1b: Venusaur\n|-singleturn|p1b: Venusaur|Protect\n|move|p2b: Dnite|Hurricane|p1b: Venusaur\n|-activate|p1b: Venusaur|move: Protect\n|move|p1a: Rotom|Thunderbolt|p2a: Golden Gate\n|-resisted|p2a: Golden Gate|1\n|-damage|p2a: Golden Gate|63/100\n|-ability|p2a: Golden Gate|Stamina|boost\n|-boost|p2a: Golden Gate|def|1\n|move|p2a: Golden Gate|Flash Cannon|p1a: Rotom\n|-resisted|p1a: Rotom|2\n|-damage|p1a: Rotom|0 fnt\n|faint|p1a: Rotom\n|\n|-weather|RainDance|[upkeep]\n|-heal|p2a: Golden Gate|70/100|[from] item: Leftovers\n|-damage|p2a: Golden Gate|57/100|[from] Leech Seed|[of] p1b: Venusaur\n|upkeep\n|\n|t:|1776687507\n|switch|p1a: Tyranitar|Tyranitar, L50, M|100/100\n|-weather|Sandstorm|[from] ability: Sand Stream|[of] p1a: Tyranitar\n|turn|7\n|\n|t:|1776687521\n|switch|p2a: PeliGOAT|Pelipper, L50, M, shiny|42/100\n|-weather|RainDance|[from] ability: Drizzle|[of] p2a: PeliGOAT\n|move|p2b: Dnite|Hurricane|p1b: Venusaur\n|-supereffective|p1b: Venusaur|1\n|-damage|p1b: Venusaur|0 fnt\n|faint|p1b: Venusaur\n|move|p1a: Tyranitar|Knock Off|p2b: Dnite\n|-damage|p2b: Dnite|84/100\n|\n|-weather|RainDance|[upkeep]\n|upkeep\n|turn|8\n|-message|gundi8 forfeited.\n|\n|win|AdriMen7\n|raw|gundi8's rating: 1178 &rarr; <strong>1148</strong><br />(-30 for losing)\n|raw|AdriMen7's rating: 1113 &rarr; <strong>1143</strong><br />(+30 for winning)\n",
  "uploadtime": 1776687533,
  "views": 12,
  "formatid": "gen9championsvgc2026regma",
  "rating": 1143,
  "private": 0,
  "password": null
}