{
  "id": "gen9championsvgc2026regma-2585777873",
  "format": "[Gen 9 Champions] VGC 2026 Reg M-A",
  "players": [
    "loklastaji",
    "Cosmicfab"
  ],
  "log": "|j|\u2606loklastaji\n|j|\u2606Cosmicfab\n|t:|1776369940\n|gametype|doubles\n|player|p1|loklastaji|265|1113\n|player|p2|Cosmicfab|2|1127\n|gen|9\n|tier|[Gen 9 Champions] VGC 2026 Reg M-A\n|rated|\n|rule|Species Clause: Limit one of each Pok\u00e9mon\n|rule|Item Clause: Limit 1 of each item\n|clearpoke\n|poke|p1|Samurott-Hisui, L50, F|\n|poke|p1|Delphox, L50, M|\n|poke|p1|Tinkaton, L50, F|\n|poke|p1|Decidueye-Hisui, L50, F|\n|poke|p1|Dragonite, L50, M|\n|poke|p1|Farigiraf, L50, M|\n|poke|p2|Chesnaught, L50, F|\n|poke|p2|Incineroar, L50, F|\n|poke|p2|Oranguru, L50, F|\n|poke|p2|Mudsdale, L50, F|\n|poke|p2|Primarina, L50, F|\n|poke|p2|Mr. Rime, L50, F|\n|teampreview|4\n|\n|t:|1776369995\n|teamsize|p1|4\n|teamsize|p2|4\n|start\n|switch|p1a: Decidueye|Decidueye-Hisui, L50, F|100/100\n|switch|p1b: Tinkaton|Tinkaton, L50, F|100/100\n|switch|p2a: Incineroar|Incineroar, L50, F|100/100\n|switch|p2b: Mudsdale|Mudsdale, L50, F|100/100\n|-ability|p2a: Incineroar|Intimidate|boost\n|-fail|p1a: Decidueye|unboost|Attack|[from] ability: Scrappy|[of] p1a: Decidueye\n|-fail|p1b: Tinkaton|unboost|Attack|[from] ability: Own Tempo|[of] p1b: Tinkaton\n|turn|1\n|\n|t:|1776370023\n|move|p1b: Tinkaton|Fake Out|p2b: Mudsdale\n|-damage|p2b: Mudsdale|91/100\n|move|p2a: Incineroar|Fake Out|p1a: Decidueye\n|-damage|p1a: Decidueye|85/100\n|cant|p1a: Decidueye|flinch\n|move|p2b: Mudsdale|Curse|p2b: Mudsdale\n|-unboost|p2b: Mudsdale|spe|1\n|-boost|p2b: Mudsdale|atk|1\n|-boost|p2b: Mudsdale|def|1\n|\n|upkeep\n|turn|2\n|\n|t:|1776370043\n|switch|p1b: Samurott|Samurott-Hisui, L50, F|100/100\n|move|p1a: Decidueye|Leaf Blade|p2b: Mudsdale\n|-supereffective|p2b: Mudsdale|1\n|-damage|p2b: Mudsdale|35/100\n|-enditem|p2b: Mudsdale|Sitrus Berry|[eat]\n|-heal|p2b: Mudsdale|60/100|[from] item: Sitrus Berry\n|move|p2a: Incineroar|Flare Blitz|p1a: Decidueye\n|-supereffective|p1a: Decidueye|1\n|-damage|p1a: Decidueye|0 fnt\n|faint|p1a: Decidueye\n|-damage|p2a: Incineroar|78/100|[from] Recoil\n|move|p2b: Mudsdale|High Horsepower|p1b: Samurott\n|-damage|p1b: Samurott|17/100\n|\n|upkeep\n|\n|t:|1776370061\n|switch|p1a: Tinkaton|Tinkaton, L50, F|100/100\n|turn|3\n|\n|t:|1776370078\n|switch|p2a: Primarina|Primarina, L50, F|100/100\n|move|p1a: Tinkaton|Fake Out|p2a: Primarina\n|-damage|p2a: Primarina|89/100\n|move|p1b: Samurott|Sacred Sword|p2b: Mudsdale\n|-damage|p2b: Mudsdale|16/100\n|move|p2b: Mudsdale|High Horsepower|p1b: Samurott\n|-damage|p1b: Samurott|0 fnt\n|faint|p1b: Samurott\n|\n|upkeep\n|\n|t:|1776370092\n|switch|p1b: Farigiraf|Farigiraf, L50, M|100/100\n|turn|4\n|\n|t:|1776370120\n|move|p1a: Tinkaton|Play Rough|p2b: Mudsdale\n|-damage|p2b: Mudsdale|0 fnt\n|faint|p2b: Mudsdale\n|move|p1b: Farigiraf|Psychic Terrain|p1b: Farigiraf\n|-fieldstart|move: Psychic Terrain\n|move|p2a: Primarina|Calm Mind|p2a: Primarina\n|-boost|p2a: Primarina|spa|1\n|-boost|p2a: Primarina|spd|1\n|\n|upkeep\n|\n|t:|1776370128\n|switch|p2b: Oranguru|Oranguru, L50, F|100/100\n|turn|5\n|\n|t:|1776370141\n|move|p1a: Tinkaton|Gigaton Hammer|p2a: Primarina\n|-damage|p2a: Primarina|22/100\n|move|p1b: Farigiraf|Expanding Force|p2b: Oranguru|[spread] p2a,p2b\n|-resisted|p2b: Oranguru|1\n|-damage|p2a: Primarina|0 fnt\n|-damage|p2b: Oranguru|78/100\n|faint|p2a: Primarina\n|move|p2b: Oranguru|Instruct|p2: Primarina|[notarget]\n|-fail|p2b: Oranguru\n|\n|upkeep\n|\n|t:|1776370147\n|switch|p2a: Incineroar|Incineroar, L50, F|78/100\n|-ability|p2a: Incineroar|Intimidate|boost\n|-fail|p1a: Tinkaton|unboost|Attack|[from] ability: Own Tempo|[of] p1a: Tinkaton\n|-unboost|p1b: Farigiraf|atk|1\n|turn|6\n|\n|t:|1776370171\n|move|p2b: Oranguru|Protect|p2b: Oranguru\n|-singleturn|p2b: Oranguru|Protect\n|move|p1a: Tinkaton|Play Rough|p2a: Incineroar\n|-damage|p2a: Incineroar|52/100\n|move|p1b: Farigiraf|Hyper Voice|p2a: Incineroar|[spread] p2a\n|-activate|p2b: Oranguru|move: Protect\n|-crit|p2a: Incineroar\n|-damage|p2a: Incineroar|2/100\n|move|p2a: Incineroar|Flare Blitz|p1a: Tinkaton\n|-supereffective|p1a: Tinkaton|1\n|-enditem|p1a: Tinkaton|Focus Sash\n|-damage|p1a: Tinkaton|1/100\n|-damage|p2a: Incineroar|0 fnt|[from] Recoil\n|faint|p2a: Incineroar\n|\n|upkeep\n|turn|7\n|\n|t:|1776370198\n|move|p1a: Tinkaton|Gigaton Hammer|p2b: Oranguru\n|-damage|p2b: Oranguru|32/100\n|move|p1b: Farigiraf|Expanding Force|p2b: Oranguru\n|-resisted|p2b: Oranguru|1\n|-damage|p2b: Oranguru|0 fnt\n|faint|p2b: Oranguru\n|\n|win|loklastaji\n|raw|loklastaji's rating: 1090 &rarr; <strong>1119</strong><br />(+29 for winning)\n|raw|Cosmicfab's rating: 1127 &rarr; <strong>1099</strong><br />(-28 for losing)\n|l|\u2606Cosmicfab\n|player|p2|\n",
  "uploadtime": 1776370213,
  "views": 25,
  "formatid": "gen9championsvgc2026regma",
  "rating": 1099,
  "private": 0,
  "password": null
}