{
  "id": "gen9championsvgc2026regma-2583458604",
  "format": "[Gen 9 Champions] VGC 2026 Reg M-A",
  "players": [
    "Pigcosmos",
    "johnny vibrava"
  ],
  "log": "|j|\u2606Pigcosmos\n|j|\u2606johnny vibrava\n|t:|1776176976\n|gametype|doubles\n|player|p1|Pigcosmos|scientist-gen4|1121\n|player|p2|johnny vibrava|169|1164\n|gen|9\n|tier|[Gen 9 Champions] VGC 2026 Reg M-A\n|rated|\n|rule|Species Clause: Limit one of each Pok\u00e9mon\n|rule|Item Clause: Limit 1 of each item\n|clearpoke\n|poke|p1|Victreebel, L50, F|\n|poke|p1|Sableye, L50, F|\n|poke|p1|Forretress, L50, F|\n|poke|p1|Dragonite, L50, F|\n|poke|p1|Basculegion, L50, M|\n|poke|p1|Audino, L50, F|\n|poke|p2|Delphox, L50, F|\n|poke|p2|Garchomp, L50, F|\n|poke|p2|Aerodactyl, L50, F|\n|poke|p2|Meganium, L50, F|\n|poke|p2|Milotic, L50, M|\n|poke|p2|Aegislash, L50, F|\n|teampreview|4\n|inactive|Battle timer is ON: inactive players will automatically lose when time's up. (requested by Pigcosmos)\n|inactive|Pigcosmos has 60 seconds left.\n|inactive|johnny vibrava has 60 seconds left.\n|\n|t:|1776177031\n|teamsize|p1|4\n|teamsize|p2|4\n|start\n|switch|p1a: Victreebel|Victreebel, L50, F|100/100\n|switch|p1b: Sableye|Sableye, L50, F|100/100\n|switch|p2a: Delphox|Delphox, L50, F|100/100\n|switch|p2b: Garchomp|Garchomp, L50, F|100/100\n|turn|1\n|inactive|Pigcosmos has 30 seconds left.\n|inactive|johnny vibrava has 30 seconds left.\n|inactive|johnny vibrava has 20 seconds left.\n|\n|t:|1776177070\n|detailschange|p2a: Delphox|Delphox-Mega, L50, F\n|-mega|p2a: Delphox|Delphox|Delphoxite\n|detailschange|p1a: Victreebel|Victreebel-Mega, L50, F\n|-mega|p1a: Victreebel|Victreebel|Victreebelite\n|move|p1b: Sableye|Fake Out|p2b: Garchomp\n|-damage|p2b: Garchomp|93/100\n|-damage|p1b: Sableye|88/100|[from] ability: Rough Skin|[of] p2b: Garchomp\n|move|p2a: Delphox|Psychic|p1a: Victreebel\n|-supereffective|p1a: Victreebel|1\n|-damage|p1a: Victreebel|0 fnt\n|-damage|p2a: Delphox|0 fnt|[from] ability: Innards Out|[of] p1a: Victreebel\n|faint|p1a: Victreebel\n|faint|p2a: Delphox\n|cant|p2b: Garchomp|flinch\n|\n|upkeep\n|\n|t:|1776177086\n|switch|p2a: Aerodactyl|Aerodactyl, L50, F|100/100\n|switch|p1a: Forretress|Forretress, L50, F|100/100\n|-ability|p2a: Aerodactyl|Unnerve\n|turn|2\n|-activate|p1a: Forretress|item: Quick Claw\n|\n|t:|1776177102\n|move|p1b: Sableye|Quash|p2a: Aerodactyl\n|-activate|p2a: Aerodactyl|move: Quash\n|move|p1a: Forretress|Stealth Rock|p2b: Garchomp\n|-sidestart|p2: johnny vibrava|move: Stealth Rock\n|move|p2b: Garchomp|Earthquake|p1a: Forretress|[spread] p1a,p1b\n|-immune|p2a: Aerodactyl\n|-damage|p1a: Forretress|66/100\n|-damage|p1b: Sableye|37/100\n|move|p2a: Aerodactyl|Rock Slide|p1b: Sableye|[spread] p1b\n|-miss|p2a: Aerodactyl|p1a: Forretress\n|-damage|p1b: Sableye|6/100\n|\n|upkeep\n|turn|3\n|inactive|Pigcosmos has 30 seconds left.\n|\n|t:|1776177128\n|move|p1b: Sableye|Recover|p1b: Sableye\n|-heal|p1b: Sableye|56/100\n|move|p2a: Aerodactyl|Rock Slide|p1a: Forretress|[spread] p1a,p1b\n|-damage|p1a: Forretress|42/100\n|-damage|p1b: Sableye|27/100\n|move|p2b: Garchomp|Dragon Claw|p1b: Sableye\n|-damage|p1b: Sableye|0 fnt\n|faint|p1b: Sableye\n|cant|p1a: Forretress|flinch\n|\n|upkeep\n|\n|t:|1776177140\n|switch|p1b: Basculegion|Basculegion, L50, M|100/100\n|turn|4\n|\n|t:|1776177162\n|move|p1b: Basculegion|Last Respects|p2a: Aerodactyl\n|-enditem|p2a: Aerodactyl|Focus Sash\n|-damage|p2a: Aerodactyl|1/100\n|move|p2a: Aerodactyl|Rock Slide|p1a: Forretress|[spread] p1a,p1b\n|-damage|p1a: Forretress|18/100\n|-damage|p1b: Basculegion|68/100\n|move|p2b: Garchomp|Rock Tomb|p1b: Basculegion\n|-damage|p1b: Basculegion|40/100\n|-unboost|p1b: Basculegion|spe|1\n|move|p1a: Forretress|Explosion|p2b: Garchomp|[spread] p2a,p2b\n|-immune|p1b: Basculegion\n|-resisted|p2a: Aerodactyl|1\n|-damage|p2a: Aerodactyl|0 fnt\n|-damage|p2b: Garchomp|32/100\n|faint|p1a: Forretress\n|faint|p2a: Aerodactyl\n|\n|upkeep\n|\n|t:|1776177181\n|switch|p2a: Milotic|Milotic, L50, M|100/100\n|-damage|p2a: Milotic|88/100|[from] Stealth Rock\n|turn|5\n|\n|t:|1776177193\n|move|p2b: Garchomp|Protect|p2b: Garchomp\n|-singleturn|p2b: Garchomp|Protect\n|move|p1b: Basculegion|Last Respects|p2a: Milotic\n|-damage|p2a: Milotic|0 fnt\n|faint|p2a: Milotic\n|\n|upkeep\n|turn|6\n|-message|johnny vibrava forfeited.\n|\n|win|Pigcosmos\n|raw|Pigcosmos's rating: 1121 &rarr; <strong>1149</strong><br />(+28 for winning)\n|raw|johnny vibrava's rating: 1164 &rarr; <strong>1136</strong><br />(-28 for losing)\n|l|\u2606johnny vibrava\n|player|p2|\n",
  "uploadtime": 1776177205,
  "views": 18,
  "formatid": "gen9championsvgc2026regma",
  "rating": 1136,
  "private": 0,
  "password": null
}