{
  "id": "gen9championsvgc2026regma-2587633343",
  "format": "[Gen 9 Champions] VGC 2026 Reg M-A",
  "players": [
    "KennarDH",
    "morganfreemon69"
  ],
  "log": "|j|\u2606KennarDH\n|j|\u2606morganfreemon69\n|t:|1776548822\n|gametype|doubles\n|player|p1|KennarDH|rocketgruntf|1231\n|player|p2|morganfreemon69|102|1291\n|gen|9\n|tier|[Gen 9 Champions] VGC 2026 Reg M-A\n|rated|\n|rule|Species Clause: Limit one of each Pok\u00e9mon\n|rule|Item Clause: Limit 1 of each item\n|clearpoke\n|poke|p1|Froslass, L50, F|\n|poke|p1|Glaceon, L50, F|\n|poke|p1|Slowking, L50, F|\n|poke|p1|Raichu-Alola, L50, M|\n|poke|p1|Quaquaval, L50, F|\n|poke|p1|Kangaskhan, L50, F|\n|poke|p2|Basculegion, L50, M|\n|poke|p2|Sinistcha, L50|\n|poke|p2|Incineroar, L50, F|\n|poke|p2|Aggron, L50, M|\n|poke|p2|Ninetales-Alola, L50, F|\n|poke|p2|Garchomp, L50, M|\n|teampreview|4\n|inactive|Battle timer is ON: inactive players will automatically lose when time's up. (requested by KennarDH)\nmorganfreemon69 has agreed to open team sheets.\n|inactive|morganfreemon69 has 60 seconds left.\n|\n|t:|1776548897\n|teamsize|p1|4\n|teamsize|p2|4\n|start\n|switch|p1a: Froslass|Froslass, L50, F|100/100\n|switch|p1b: Glaceon|Glaceon, L50, F|100/100\n|switch|p2a: Aggron|Aggron, L50, M|100/100\n|switch|p2b: Incineroar|Incineroar, L50, F|100/100\n|-ability|p2b: Incineroar|Intimidate|boost\n|-unboost|p1a: Froslass|atk|1\n|-unboost|p1b: Glaceon|atk|1\n|turn|1\n|inactive|morganfreemon69 has 30 seconds left.\n|\n|t:|1776548924\n|switch|p1b: Quaquaval|Quaquaval, L50, F|100/100\n|detailschange|p1a: Froslass|Froslass-Mega, L50, F\n|-mega|p1a: Froslass|Froslass|Froslassite\n|-weather|Snowscape|[from] ability: Snow Warning|[of] p1a: Froslass\n|detailschange|p2a: Aggron|Aggron-Mega, L50, M\n|-mega|p2a: Aggron|Aggron|Aggronite\n|move|p2b: Incineroar|Fake Out|p1b: Quaquaval\n|-damage|p1b: Quaquaval|85/100\n|move|p1a: Froslass|Aurora Veil|p1a: Froslass\n|-sidestart|p1: KennarDH|move: Aurora Veil\n|move|p2a: Aggron|Heavy Slam|p1a: Froslass\n|-supereffective|p1a: Froslass|1\n|-damage|p1a: Froslass|28/100\n|\n|-weather|Snowscape|[upkeep]\n|upkeep\n|turn|2\n|inactive|morganfreemon69 has 30 seconds left.\n|\n|t:|1776548954\n|switch|p2b: Basculegion|Basculegion, L50, M|100/100\n|move|p1a: Froslass|Shadow Ball|p2a: Aggron\n|-damage|p2a: Aggron|64/100\n|move|p1b: Quaquaval|Aqua Step|p2b: Basculegion\n|-resisted|p2b: Basculegion|1\n|-damage|p2b: Basculegion|78/100\n|-boost|p1b: Quaquaval|spe|1\n|move|p2a: Aggron|Heavy Slam|p1a: Froslass\n|-supereffective|p1a: Froslass|1\n|-damage|p1a: Froslass|0 fnt\n|faint|p1a: Froslass\n|\n|-weather|Snowscape|[upkeep]\n|upkeep\n|\n|t:|1776548969\n|switch|p1a: Glaceon|Glaceon, L50, F|100/100\n|turn|3\n|\n|t:|1776548988\n|switch|p2a: Incineroar|Incineroar, L50, F|100/100\n|-ability|p2a: Incineroar|Intimidate|boost\n|-unboost|p1a: Glaceon|atk|1\n|-unboost|p1b: Quaquaval|atk|1\n|-enditem|p1b: Quaquaval|White Herb\n|-clearnegativeboost|p1b: Quaquaval|[silent]\n|move|p2b: Basculegion|Wave Crash|p1a: Glaceon\n|-damage|p1a: Glaceon|69/100\n|-damage|p2b: Basculegion|69/100|[from] Recoil\n|move|p1b: Quaquaval|Close Combat|p2a: Incineroar\n|-supereffective|p2a: Incineroar|1\n|-enditem|p2a: Incineroar|Chople Berry|[eat]\n|-enditem|p2a: Incineroar|Chople Berry|[weaken]\n|-damage|p2a: Incineroar|48/100\n|-unboost|p1b: Quaquaval|def|1\n|-unboost|p1b: Quaquaval|spd|1\n|move|p1a: Glaceon|Freeze-Dry|p2b: Basculegion\n|-supereffective|p2b: Basculegion|1\n|-damage|p2b: Basculegion|0 fnt\n|faint|p2b: Basculegion\n|\n|-weather|Snowscape|[upkeep]\n|-heal|p1a: Glaceon|74/100|[from] ability: Ice Body\n|-heal|p1a: Glaceon|80/100|[from] item: Leftovers\n|upkeep\n|\n|t:|1776549006\n|switch|p2b: Aggron|Aggron-Mega, L50, M|64/100\n|turn|4\n|\n|t:|1776549020\n|move|p1b: Quaquaval|Protect|p1b: Quaquaval\n|-singleturn|p1b: Quaquaval|Protect\n|move|p1a: Glaceon|Protect|p1a: Glaceon\n|-singleturn|p1a: Glaceon|Protect\n|move|p2a: Incineroar|Fake Out|p1b: Quaquaval\n|-activate|p1b: Quaquaval|move: Protect\n|move|p2b: Aggron|Iron Defense|p2b: Aggron\n|-boost|p2b: Aggron|def|2\n|\n|-weather|Snowscape|[upkeep]\n|-heal|p1a: Glaceon|86/100|[from] ability: Ice Body\n|-heal|p1a: Glaceon|92/100|[from] item: Leftovers\n|upkeep\n|turn|5\n|\n|t:|1776549041\n|switch|p2a: Sinistcha|Sinistcha, L50|100/100\n|-heal|p2b: Aggron|89/100|[from] ability: Hospitality|[of] p2a: Sinistcha\n|move|p2b: Aggron|Protect|p2b: Aggron\n|-singleturn|p2b: Aggron|Protect\n|move|p1b: Quaquaval|Close Combat|p2b: Aggron\n|-activate|p2b: Aggron|move: Protect\n|move|p1a: Glaceon|Blizzard|p2b: Aggron|[spread] p2a\n|-activate|p2b: Aggron|move: Protect\n|-supereffective|p2a: Sinistcha|1\n|-crit|p2a: Sinistcha\n|-damage|p2a: Sinistcha|0 fnt\n|faint|p2a: Sinistcha\n|\n|-weather|none\n|-heal|p1a: Glaceon|98/100|[from] item: Leftovers\n|-sideend|p1: KennarDH|move: Aurora Veil\n|upkeep\n|\n|t:|1776549052\n|switch|p2a: Incineroar|Incineroar, L50, F|48/100\n|-ability|p2a: Incineroar|Intimidate|boost\n|-unboost|p1a: Glaceon|atk|1\n|-unboost|p1b: Quaquaval|atk|1\n|turn|6\n|\n|t:|1776549069\n|move|p1b: Quaquaval|Protect|p1b: Quaquaval\n|-singleturn|p1b: Quaquaval|Protect\n|move|p1a: Glaceon|Protect|p1a: Glaceon\n|-singleturn|p1a: Glaceon|Protect\n|move|p2a: Incineroar|Fake Out|p1b: Quaquaval\n|-activate|p1b: Quaquaval|move: Protect\n|move|p2b: Aggron|Body Press|p1a: Glaceon\n|-activate|p1a: Glaceon|move: Protect\n|\n|-heal|p1a: Glaceon|100/100|[from] item: Leftovers\n|upkeep\n|turn|7\n|\n|t:|1776549086\n|move|p1b: Quaquaval|Close Combat|p2a: Incineroar\n|-supereffective|p2a: Incineroar|1\n|-damage|p2a: Incineroar|0 fnt\n|-unboost|p1b: Quaquaval|def|1\n|-unboost|p1b: Quaquaval|spd|1\n|faint|p2a: Incineroar\n|-ability|p1b: Quaquaval|Moxie|boost\n|-boost|p1b: Quaquaval|atk|1\n|move|p1a: Glaceon|Freeze-Dry|p2b: Aggron\n|-resisted|p2b: Aggron|1\n|-damage|p2b: Aggron|74/100\n|move|p2b: Aggron|Body Press|p1a: Glaceon\n|-supereffective|p1a: Glaceon|1\n|-damage|p1a: Glaceon|0 fnt\n|faint|p1a: Glaceon\n|\n|upkeep\n|\n|t:|1776549101\n|switch|p1a: Raichu|Raichu-Alola, L50, M|100/100\n|turn|8\n|\n|t:|1776549113\n|move|p1a: Raichu|Fake Out|p2b: Aggron\n|-resisted|p2b: Aggron|1\n|-damage|p2b: Aggron|73/100\n|move|p1b: Quaquaval|Close Combat|p2b: Aggron\n|-supereffective|p2b: Aggron|1\n|-damage|p2b: Aggron|52/100\n|-unboost|p1b: Quaquaval|def|1\n|-unboost|p1b: Quaquaval|spd|1\n|cant|p2b: Aggron|flinch\n|\n|upkeep\n|turn|9\n|\n|t:|1776549137\n|move|p1b: Quaquaval|Close Combat|p2b: Aggron\n|-supereffective|p2b: Aggron|1\n|-damage|p2b: Aggron|29/100\n|-unboost|p1b: Quaquaval|def|1\n|-unboost|p1b: Quaquaval|spd|1\n|move|p1a: Raichu|Volt Switch|p2b: Aggron\n|-damage|p2b: Aggron|5/100\n|move|p2b: Aggron|Body Press|p1b: Quaquaval\n|-damage|p1b: Quaquaval|0 fnt\n|faint|p1b: Quaquaval\n|\n|upkeep\n|turn|10\n|\n|t:|1776549149\n|move|p1a: Raichu|Volt Switch|p2b: Aggron\n|-damage|p2b: Aggron|0 fnt\n|faint|p2b: Aggron\n|\n|win|KennarDH\n|raw|KennarDH's rating: 1231 &rarr; <strong>1260</strong><br />(+29 for winning)\n|raw|morganfreemon69's rating: 1291 &rarr; <strong>1262</strong><br />(-29 for losing)\n",
  "uploadtime": 1776549154,
  "views": 20,
  "formatid": "gen9championsvgc2026regma",
  "rating": 1260,
  "private": 0,
  "password": null
}