{
  "id": "gen9championsvgc2026regma-2585835979",
  "format": "[Gen 9 Champions] VGC 2026 Reg M-A",
  "players": [
    "outofthebox215",
    "Wingedmelon"
  ],
  "log": "|j|\u2606outofthebox215\n|j|\u2606Wingedmelon\n|t:|1776374285\n|gametype|doubles\n|player|p1|outofthebox215|101|1158\n|player|p2|Wingedmelon|marshal|1202\n|gen|9\n|tier|[Gen 9 Champions] VGC 2026 Reg M-A\n|rated|\n|rule|Species Clause: Limit one of each Pok\u00e9mon\n|rule|Item Clause: Limit 1 of each item\n|clearpoke\n|poke|p1|Tyranitar, L50, M|\n|poke|p1|Starmie, L50|\n|poke|p1|Gyarados, L50, M|\n|poke|p1|Altaria, L50, F|\n|poke|p1|Heliolisk, L50, F|\n|poke|p1|Excadrill, L50, F|\n|poke|p2|Tyranitar, L50, F|\n|poke|p2|Excadrill, L50, M|\n|poke|p2|Garchomp, L50, M|\n|poke|p2|Orthworm, L50, M|\n|poke|p2|Gliscor, L50, M|\n|poke|p2|Rotom-Wash, L50|\n|teampreview|4\n|inactive|Battle timer is ON: inactive players will automatically lose when time's up. (requested by Wingedmelon)\n|inactive|outofthebox215 has 60 seconds left.\n|inactive|Wingedmelon has 60 seconds left.\n|\n|t:|1776374334\n|teamsize|p1|4\n|teamsize|p2|4\n|start\n|switch|p1a: Altaria|Altaria, L50, F, shiny|100/100\n|switch|p1b: Gyarados|Gyarados, L50, M, shiny|100/100\n|switch|p2a: Tyranitar|Tyranitar, L50, F|100/100\n|switch|p2b: Orthworm|Orthworm, L50, M|100/100\n|-ability|p1a: Altaria|Cloud Nine\n|-ability|p1b: Gyarados|Intimidate|boost\n|-unboost|p2a: Tyranitar|atk|1\n|-unboost|p2b: Orthworm|atk|1\n|-weather|Sandstorm|[from] ability: Sand Stream|[of] p2a: Tyranitar\n|turn|1\n|inactive|outofthebox215 has 30 seconds left.\n|inactive|Wingedmelon has 30 seconds left.\n|inactive|Wingedmelon has 20 seconds left.\n|inactive|Wingedmelon has 15 seconds left.\n|inactive|Wingedmelon has 10 seconds left.\n|\n|t:|1776374383\n|switch|p1a: Heliolisk|Heliolisk, L50, F, shiny|100/100\n|move|p1b: Gyarados|Dragon Dance|p1b: Gyarados\n|-boost|p1b: Gyarados|atk|1\n|-boost|p1b: Gyarados|spe|1\n|move|p2b: Orthworm|Shed Tail|p2b: Orthworm\n|-start|p2b: Orthworm|Substitute|[from] move: Shed Tail\n|-damage|p2b: Orthworm|50/100\n|-enditem|p2b: Orthworm|Sitrus Berry|[eat]\n|-heal|p2b: Orthworm|75/100|[from] item: Sitrus Berry\n|\n|t:|1776374393\n|switch|p2b: Excadrill|Excadrill, L50, M|100/100|[from] Shed Tail\n|move|p2a: Tyranitar|Rock Slide|p1a: Heliolisk|[spread] p1a,p1b\n|-supereffective|p1b: Gyarados|1\n|-damage|p1a: Heliolisk|55/100\n|-damage|p1b: Gyarados|53/100\n|\n|-weather|Sandstorm|[upkeep]\n|-damage|p1b: Gyarados|47/100|[from] Sandstorm\n|-damage|p1a: Heliolisk|49/100|[from] Sandstorm\n|upkeep\n|turn|2\n|inactive|Wingedmelon has 30 seconds left.\n|\n|t:|1776374421\n|switch|p2a: Rotom|Rotom-Wash, L50|100/100\n|move|p1a: Heliolisk|Protect|p1a: Heliolisk\n|-singleturn|p1a: Heliolisk|Protect\n|move|p2b: Excadrill|Swords Dance|p2b: Excadrill\n|-boost|p2b: Excadrill|atk|2\n|move|p1b: Gyarados|Waterfall|p2b: Excadrill\n|-supereffective|p2b: Excadrill|1\n|-end|p2b: Excadrill|Substitute\n|\n|-weather|Sandstorm|[upkeep]\n|-damage|p1b: Gyarados|41/100|[from] Sandstorm\n|-damage|p1a: Heliolisk|43/100|[from] Sandstorm\n|-damage|p2a: Rotom|95/100|[from] Sandstorm\n|-heal|p2a: Rotom|100/100|[from] item: Leftovers\n|upkeep\n|turn|3\n|\n|t:|1776374440\n|switch|p1a: Altaria|Altaria, L50, F, shiny|100/100\n|-ability|p1a: Altaria|Cloud Nine\n|move|p1b: Gyarados|Waterfall|p2b: Excadrill\n|-supereffective|p2b: Excadrill|1\n|-damage|p2b: Excadrill|0 fnt\n|faint|p2b: Excadrill\n|move|p2a: Rotom|Discharge|p1a: Altaria|[spread] p1a,p1b\n|-supereffective|p1b: Gyarados|2\n|-damage|p1a: Altaria|79/100\n|-damage|p1b: Gyarados|0 fnt\n|faint|p1b: Gyarados\n|\n|-weather|Sandstorm|[upkeep]\n|upkeep\n|\n|t:|1776374461\n|switch|p2b: Tyranitar|Tyranitar, L50, F|100/100\n|switch|p1b: Heliolisk|Heliolisk, L50, F, shiny|43/100\n|turn|4\n|inactive|outofthebox215 has 30 seconds left.\n|\n|t:|1776374487\n|detailschange|p2b: Tyranitar|Tyranitar-Mega, L50, F\n|-mega|p2b: Tyranitar|Tyranitar|Tyranitarite\n|move|p2a: Rotom|Helping Hand|p2b: Tyranitar\n|-singleturn|p2b: Tyranitar|Helping Hand|[of] p2a: Rotom\n|move|p1b: Heliolisk|Thunderbolt|p2a: Rotom\n|-damage|p2a: Rotom|56/100\n|move|p1a: Altaria|Hurricane|p2b: Tyranitar\n|-resisted|p2b: Tyranitar|1\n|-damage|p2b: Tyranitar|84/100\n|-start|p2b: Tyranitar|confusion\n|-activate|p2b: Tyranitar|confusion\n|-damage|p2b: Tyranitar|72/100|[from] confusion\n|\n|-weather|Sandstorm|[upkeep]\n|-heal|p2a: Rotom|62/100|[from] item: Leftovers\n|upkeep\n|turn|5\n|inactive|outofthebox215 has 30 seconds left.\n|\n|t:|1776374520\n|move|p2a: Rotom|Helping Hand|p2b: Tyranitar\n|-singleturn|p2b: Tyranitar|Helping Hand|[of] p2a: Rotom\n|move|p1a: Altaria|Protect|p1a: Altaria\n|-singleturn|p1a: Altaria|Protect\n|move|p1b: Heliolisk|Thunderbolt|p2a: Rotom\n|-damage|p2a: Rotom|16/100\n|-activate|p2b: Tyranitar|confusion\n|move|p2b: Tyranitar|Rock Slide|p1b: Heliolisk|[spread] \n|-activate|p1a: Altaria|move: Protect\n|-miss|p2b: Tyranitar|p1b: Heliolisk\n|\n|-weather|none\n|-heal|p2a: Rotom|21/100|[from] item: Leftovers\n|upkeep\n|turn|6\n|\n|t:|1776374544\n|move|p1b: Heliolisk|Thunderbolt|p2a: Rotom\n|-damage|p2a: Rotom|0 fnt\n|faint|p2a: Rotom\n|move|p1a: Altaria|Hurricane|p2b: Tyranitar|[miss]\n|-miss|p1a: Altaria|p2b: Tyranitar\n|-activate|p2b: Tyranitar|confusion\n|move|p2b: Tyranitar|Rock Slide|p1a: Altaria|[spread] p1a,p1b\n|-supereffective|p1a: Altaria|1\n|-damage|p1a: Altaria|0 fnt\n|-damage|p1b: Heliolisk|0 fnt\n|faint|p1a: Altaria\n|faint|p1b: Heliolisk\n|\n|upkeep\n|\n|t:|1776374555\n|switch|p1a: Starmie|Starmie, L50, shiny|100/100\n|switch|p2a: Orthworm|Orthworm, L50, M|75/100\n|turn|7\n|\n|t:|1776374575\n|detailschange|p1a: Starmie|Starmie-Mega, L50, shiny\n|-mega|p1a: Starmie|Starmie|Starminite\n|move|p1a: Starmie|Liquidation|p2b: Tyranitar\n|-supereffective|p2b: Tyranitar|1\n|-damage|p2b: Tyranitar|0 fnt\n|faint|p2b: Tyranitar\n|move|p2a: Orthworm|Iron Defense|p2a: Orthworm\n|-boost|p2a: Orthworm|def|2\n|\n|upkeep\n|turn|8\n|\n|t:|1776374587\n|move|p1a: Starmie|Liquidation|p2a: Orthworm\n|-damage|p2a: Orthworm|49/100\n|-unboost|p2a: Orthworm|def|1\n|move|p2a: Orthworm|Heavy Slam|p1a: Starmie\n|-resisted|p1a: Starmie|1\n|-damage|p1a: Starmie|84/100\n|\n|upkeep\n|turn|9\n|\n|t:|1776374598\n|move|p1a: Starmie|Liquidation|p2a: Orthworm\n|-damage|p2a: Orthworm|16/100\n|move|p2a: Orthworm|Iron Defense|p2a: Orthworm\n|-boost|p2a: Orthworm|def|2\n|\n|upkeep\n|turn|10\n|\n|t:|1776374603\n|move|p1a: Starmie|Liquidation|p2a: Orthworm\n|-damage|p2a: Orthworm|0 fnt\n|faint|p2a: Orthworm\n|\n|win|outofthebox215\n|raw|outofthebox215's rating: 1158 &rarr; <strong>1186</strong><br />(+28 for winning)\n|raw|Wingedmelon's rating: 1202 &rarr; <strong>1174</strong><br />(-28 for losing)\n|l|\u2606Wingedmelon\n|player|p2|\n",
  "uploadtime": 1776374609,
  "views": 20,
  "formatid": "gen9championsvgc2026regma",
  "rating": 1174,
  "private": 0,
  "password": null
}