{
  "id": "gen9championsvgc2026regma-2583040569",
  "format": "[Gen 9 Champions] VGC 2026 Reg M-A",
  "players": [
    "ImNotSureAnymore",
    "NuclearSnow"
  ],
  "log": "|j|\u2606ImNotSureAnymore\n|j|\u2606NuclearSnow\n|t:|1776135819\n|gametype|doubles\n|player|p1|ImNotSureAnymore|2|1091\n|player|p2|NuclearSnow|n|1047\n|gen|9\n|tier|[Gen 9 Champions] VGC 2026 Reg M-A\n|rated|\n|rule|Species Clause: Limit one of each Pok\u00e9mon\n|rule|Item Clause: Limit 1 of each item\n|clearpoke\n|poke|p1|Milotic, L50, F|\n|poke|p1|Conkeldurr, L50, M|\n|poke|p1|Scovillain, L50, F|\n|poke|p1|Kingambit, L50, M|\n|poke|p1|Primarina, L50, F|\n|poke|p1|Corviknight, L50, M|\n|poke|p2|Sinistcha, L50|\n|poke|p2|Sableye, L50, F|\n|poke|p2|Floette-Eternal, L50, F|\n|poke|p2|Incineroar, L50, M|\n|poke|p2|Excadrill, L50, M|\n|poke|p2|Tyranitar, L50, F|\n|teampreview|4\n|\n|t:|1776135845\n|teamsize|p1|4\n|teamsize|p2|4\n|start\n|switch|p1a: Kingambit|Kingambit, L50, M|100/100\n|switch|p1b: Scovillain|Scovillain, L50, F|100/100\n|switch|p2a: Sableye|Sableye, L50, F|100/100\n|switch|p2b: Sinistcha|Sinistcha, L50|100/100\n|turn|1\n|\n|t:|1776135870\n|detailschange|p1b: Scovillain|Scovillain-Mega, L50, F\n|-mega|p1b: Scovillain|Scovillain|Scovillainite\n|move|p2a: Sableye|Reflect|p2a: Sableye\n|-sidestart|p2: NuclearSnow|Reflect\n|move|p1b: Scovillain|Flamethrower|p2b: Sinistcha\n|-supereffective|p2b: Sinistcha|1\n|-damage|p2b: Sinistcha|16/100\n|move|p2b: Sinistcha|Matcha Gotcha|p1b: Scovillain|[spread] p1a,p1b\n|-resisted|p1a: Kingambit|1\n|-resisted|p1b: Scovillain|2\n|-damage|p1a: Kingambit|87/100\n|-heal|p2b: Sinistcha|24/100|[from] drain|[of] p1a: Kingambit\n|-damage|p1b: Scovillain|95/100\n|-heal|p2b: Sinistcha|27/100|[from] drain|[of] p1b: Scovillain\n|-status|p2b: Sinistcha|brn|[from] ability: Spicy Spray|[of] p1b: Scovillain\n|move|p1a: Kingambit|Iron Head|p2b: Sinistcha\n|-damage|p2b: Sinistcha|0 fnt\n|faint|p2b: Sinistcha\n|\n|upkeep\n|\n|t:|1776135893\n|switch|p2b: Tyranitar|Tyranitar, L50, F|100/100\n|-weather|Sandstorm|[from] ability: Sand Stream|[of] p2b: Tyranitar\n|turn|2\n|\n|t:|1776135941\n|switch|p2b: Excadrill|Excadrill, L50, M|100/100\n|move|p1b: Scovillain|Flamethrower|p2a: Sableye\n|-damage|p2a: Sableye|56/100\n|-status|p2a: Sableye|brn\n|move|p2a: Sableye|Foul Play|p1b: Scovillain\n|-damage|p1b: Scovillain|74/100\n|move|p1a: Kingambit|Iron Head|p2b: Excadrill\n|-resisted|p2b: Excadrill|1\n|-crit|p2b: Excadrill\n|-damage|p2b: Excadrill|50/100\n|\n|-weather|Sandstorm|[upkeep]\n|-damage|p1b: Scovillain|69/100|[from] Sandstorm\n|-damage|p2a: Sableye|50/100 brn|[from] Sandstorm\n|-damage|p2a: Sableye|44/100 brn|[from] brn\n|upkeep\n|turn|3\n|\n|t:|1776135979\n|move|p1a: Kingambit|Protect|p1a: Kingambit\n|-singleturn|p1a: Kingambit|Protect\n|move|p2b: Excadrill|Earthquake|p1b: Scovillain|[spread] p2a,p1b\n|-activate|p1a: Kingambit|move: Protect\n|-damage|p2a: Sableye|8/100 brn\n|-damage|p1b: Scovillain|16/100\n|-status|p2b: Excadrill|brn|[from] ability: Spicy Spray|[of] p1b: Scovillain\n|move|p1b: Scovillain|Flamethrower|p2b: Excadrill\n|-supereffective|p2b: Excadrill|1\n|-damage|p2b: Excadrill|0 fnt\n|faint|p2b: Excadrill\n|move|p2a: Sableye|Foul Play|p1a: Kingambit\n|-activate|p1a: Kingambit|move: Protect\n|\n|-weather|Sandstorm|[upkeep]\n|-damage|p1b: Scovillain|10/100|[from] Sandstorm\n|-damage|p2a: Sableye|2/100 brn|[from] Sandstorm\n|-damage|p2a: Sableye|0 fnt|[from] brn\n|faint|p2a: Sableye\n|upkeep\n|\n|t:|1776135988\n|switch|p2b: Tyranitar|Tyranitar, L50, F|100/100\n|turn|4\n|\n|t:|1776135995\n|detailschange|p2b: Tyranitar|Tyranitar-Mega, L50, F\n|-mega|p2b: Tyranitar|Tyranitar|Tyranitarite\n|move|p1b: Scovillain|Rage Powder|p1b: Scovillain\n|-singleturn|p1b: Scovillain|move: Rage Powder\n|move|p2b: Tyranitar|Rock Slide|p1b: Scovillain|[spread] p1a,p1b\n|-resisted|p1a: Kingambit|1\n|-supereffective|p1b: Scovillain|1\n|-damage|p1a: Kingambit|75/100\n|-damage|p1b: Scovillain|0 fnt\n|-status|p2b: Tyranitar|brn|[from] ability: Spicy Spray|[of] p1b: Scovillain\n|faint|p1b: Scovillain\n|move|p1a: Kingambit|Iron Head|p2b: Tyranitar\n|-supereffective|p2b: Tyranitar|1\n|-damage|p2b: Tyranitar|61/100 brn\n|\n|-weather|Sandstorm|[upkeep]\n|-damage|p2b: Tyranitar|56/100 brn|[from] brn\n|upkeep\n|\n|t:|1776136007\n|switch|p1b: Milotic|Milotic, L50, F|100/100\n|turn|5\n|-message|NuclearSnow forfeited.\n|\n|win|ImNotSureAnymore\n|raw|ImNotSureAnymore's rating: 1091 &rarr; <strong>1114</strong><br />(+23 for winning)\n|raw|NuclearSnow's rating: 1047 &rarr; <strong>1032</strong><br />(-15 for losing)\n|l|\u2606ImNotSureAnymore\n|player|p1|\n",
  "uploadtime": 1776136016,
  "views": 11,
  "formatid": "gen9championsvgc2026regma",
  "rating": 1032,
  "private": 0,
  "password": null
}