{
  "id": "gen9championsvgc2026regma-2585209537",
  "format": "[Gen 9 Champions] VGC 2026 Reg M-A",
  "players": [
    "thepwr",
    "D00D00 WATER"
  ],
  "log": "|j|\u2606thepwr\n|j|\u2606D00D00 WATER\n|t:|1776325288\n|gametype|doubles\n|player|p1|thepwr|guzma|1146\n|player|p2|D00D00 WATER|bugcatcher-gen4dp|1065\n|gen|9\n|tier|[Gen 9 Champions] VGC 2026 Reg M-A\n|rated|\n|rule|Species Clause: Limit one of each Pok\u00e9mon\n|rule|Item Clause: Limit 1 of each item\n|clearpoke\n|poke|p1|Ninetales-Alola, L50, F|\n|poke|p1|Greninja-*, L50, M|\n|poke|p1|Archaludon, L50, F|\n|poke|p1|Kingambit, L50, M|\n|poke|p1|Incineroar, L50, M|\n|poke|p1|Sableye, L50, F|\n|poke|p2|Hawlucha, L50, F|\n|poke|p2|Mr. Rime, L50, M|\n|poke|p2|Vanilluxe, L50, F|\n|poke|p2|Abomasnow, L50, M|\n|poke|p2|Froslass, L50, F|\n|poke|p2|Beartic, L50, M|\n|teampreview|4\n|inactive|Battle timer is ON: inactive players will automatically lose when time's up. (requested by thepwr)\n|inactive|thepwr has 60 seconds left.\n|\n|t:|1776325325\n|teamsize|p1|4\n|teamsize|p2|4\n|start\n|switch|p1a: Incineroar|Incineroar, L50, M|100/100\n|switch|p1b: Kingambit|Kingambit, L50, M|100/100\n|switch|p2a: Hawlucha|Hawlucha, L50, F|100/100\n|switch|p2b: Mr. Rime|Mr. Rime, L50, M|100/100\n|-ability|p1a: Incineroar|Intimidate|boost\n|-unboost|p2a: Hawlucha|atk|1\n|-unboost|p2b: Mr. Rime|atk|1\n|turn|1\n|\n|t:|1776325338\n|detailschange|p2a: Hawlucha|Hawlucha-Mega, L50, F\n|-mega|p2a: Hawlucha|Hawlucha|Hawluchanite\n|move|p2a: Hawlucha|Upper Hand|p1a: Incineroar\n|-supereffective|p1a: Incineroar|1\n|-damage|p1a: Incineroar|65/100\n|move|p2b: Mr. Rime|Fake Out|p1b: Kingambit\n|-resisted|p1b: Kingambit|1\n|-damage|p1b: Kingambit|98/100\n|cant|p1a: Incineroar|flinch\n|cant|p1b: Kingambit|flinch\n|\n|upkeep\n|turn|2\n|\n|t:|1776325358\n|move|p2a: Hawlucha|Entrainment|p2b: Mr. Rime\n|-ability|p2b: Mr. Rime|No Guard|Tangled Feet|[from] move: Entrainment|[of] p2a: Hawlucha\n|move|p1a: Incineroar|Parting Shot|p2a: Hawlucha\n|-unboost|p2a: Hawlucha|atk|1\n|-unboost|p2a: Hawlucha|spa|1\n|\n|t:|1776325364\n|switch|p1a: Archaludon|Archaludon, L50, F|100/100|[from] Parting Shot\n|move|p1b: Kingambit|Iron Head|p2b: Mr. Rime\n|-supereffective|p2b: Mr. Rime|1\n|-damage|p2b: Mr. Rime|27/100\n|move|p2b: Mr. Rime|Trick Room|p2b: Mr. Rime\n|-fieldstart|move: Trick Room|[of] p2b: Mr. Rime\n|\n|upkeep\n|turn|3\n|\n|t:|1776325385\n|switch|p1a: Incineroar|Incineroar, L50, M|65/100\n|-ability|p1a: Incineroar|Intimidate|boost\n|-unboost|p2a: Hawlucha|atk|1\n|-unboost|p2b: Mr. Rime|atk|1\n|move|p2a: Hawlucha|Upper Hand||[still]\n|-fail|p2a: Hawlucha\n|move|p1b: Kingambit|Iron Head|p2b: Mr. Rime\n|-supereffective|p2b: Mr. Rime|1\n|-damage|p2b: Mr. Rime|0 fnt\n|faint|p2b: Mr. Rime\n|\n|upkeep\n|\n|t:|1776325395\n|switch|p2b: Abomasnow|Abomasnow, L50, M|100/100\n|-weather|Snowscape|[from] ability: Snow Warning|[of] p2b: Abomasnow\n|turn|4\n|\n|t:|1776325408\n|move|p2a: Hawlucha|Upper Hand||[still]\n|-fail|p2a: Hawlucha\n|move|p1b: Kingambit|Iron Head|p2a: Hawlucha\n|-damage|p2a: Hawlucha|55/100\n|move|p1a: Incineroar|Flare Blitz|p2b: Abomasnow\n|-supereffective|p2b: Abomasnow|2\n|-damage|p2b: Abomasnow|0 fnt\n|faint|p2b: Abomasnow\n|-damage|p1a: Incineroar|33/100|[from] Recoil\n|-enditem|p1a: Incineroar|Sitrus Berry|[eat]\n|-heal|p1a: Incineroar|57/100|[from] item: Sitrus Berry\n|\n|-weather|Snowscape|[upkeep]\n|upkeep\n|\n|t:|1776325419\n|switch|p2b: Vanilluxe|Vanilluxe, L50, F|100/100\n|turn|5\n|\n|t:|1776325426\n|move|p1b: Kingambit|Iron Head|p2b: Vanilluxe\n|-supereffective|p2b: Vanilluxe|1\n|-damage|p2b: Vanilluxe|25/100\n|move|p1a: Incineroar|Flare Blitz|p2b: Vanilluxe\n|-supereffective|p2b: Vanilluxe|1\n|-damage|p2b: Vanilluxe|0 fnt\n|faint|p2b: Vanilluxe\n|-damage|p1a: Incineroar|50/100|[from] Recoil\n|move|p2a: Hawlucha|Entrainment|p2: Vanilluxe|[notarget]\n|-fail|p2a: Hawlucha\n|\n|-weather|Snowscape|[upkeep]\n|upkeep\n|turn|6\n|\n|t:|1776325442\n|move|p1b: Kingambit|Iron Head|p2a: Hawlucha\n|-damage|p2a: Hawlucha|14/100\n|move|p1a: Incineroar|Flare Blitz|p2a: Hawlucha\n|-damage|p2a: Hawlucha|0 fnt\n|faint|p2a: Hawlucha\n|-damage|p1a: Incineroar|46/100|[from] Recoil\n|\n|win|thepwr\n|raw|thepwr's rating: 1146 &rarr; <strong>1165</strong><br />(+19 for winning)\n|raw|D00D00 WATER's rating: 1065 &rarr; <strong>1050</strong><br />(-15 for losing)\n|c|\u2606thepwr|yo\n|c|\u2606thepwr|you suck lol\n|c|\u2606thepwr|entrainment these nuts\n|c|\u2606thepwr|upper hand these nuts\n|c|\u2606thepwr|truck room these nits\n|c|\u2606thepwr|nuts*\n|c|\u2606thepwr|lmao\n|c|\u2606thepwr|trick room*\n|c|\u2606thepwr|lmao\n|c|\u2606thepwr|so bad\n|c|\u2606thepwr|get a new hobby\n",
  "uploadtime": 1776325541,
  "views": 23,
  "formatid": "gen9championsvgc2026regma",
  "rating": 1050,
  "private": 0,
  "password": null
}