{
  "id": "gen9championsvgc2026regma-2584589473",
  "format": "[Gen 9 Champions] VGC 2026 Reg M-A",
  "players": [
    "princess 68",
    "theilldigi"
  ],
  "log": "|j|\u2606princess 68\n|j|\u2606theilldigi\n|t:|1776270649\n|gametype|doubles\n|player|p1|princess 68|elesa|1057\n|player|p2|theilldigi|170|1014\n|gen|9\n|tier|[Gen 9 Champions] VGC 2026 Reg M-A\n|rated|\n|rule|Species Clause: Limit one of each Pok\u00e9mon\n|rule|Item Clause: Limit 1 of each item\n|clearpoke\n|poke|p1|Aerodactyl, L50, M|\n|poke|p1|Aegislash, L50, M|\n|poke|p1|Blastoise, L50, F|\n|poke|p1|Floette-Eternal, L50, F|\n|poke|p1|Tauros-Paldea-Aqua, L50, M|\n|poke|p1|Volcarona, L50, M|\n|poke|p2|Meganium, L50, F|\n|poke|p2|Archaludon, L50, M|\n|poke|p2|Aerodactyl, L50, F|\n|poke|p2|Tauros-Paldea-Aqua, L50, M|\n|poke|p2|Typhlosion-Hisui, L50, M|\n|poke|p2|Kangaskhan, L50, F|\n|teampreview|4\n|\n|t:|1776270709\n|teamsize|p1|4\n|teamsize|p2|4\n|start\n|switch|p1a: Aerodactyl|Aerodactyl, L50, M|100/100\n|switch|p1b: Blastoise|Blastoise, L50, F|100/100\n|switch|p2a: Kangaskhan|Kangaskhan, L50, F|100/100\n|switch|p2b: Aerodactyl|Aerodactyl, L50, F, shiny|100/100\n|-ability|p1a: Aerodactyl|Unnerve\n|-ability|p2b: Aerodactyl|Unnerve\n|turn|1\n|\n|t:|1776270750\n|move|p2a: Kangaskhan|Fake Out|p1b: Blastoise\n|-damage|p1b: Blastoise|84/100\n|move|p1a: Aerodactyl|Tailwind|p1a: Aerodactyl\n|-sidestart|p1: princess 68|move: Tailwind\n|move|p2b: Aerodactyl|Tailwind|p2b: Aerodactyl\n|-sidestart|p2: theilldigi|move: Tailwind\n|cant|p1b: Blastoise|flinch\n|\n|upkeep\n|turn|2\n|\n|t:|1776270779\n|detailschange|p2a: Kangaskhan|Kangaskhan-Mega, L50, F\n|-mega|p2a: Kangaskhan|Kangaskhan|Kangaskhanite\n|move|p1a: Aerodactyl|Protect|p1a: Aerodactyl\n|-singleturn|p1a: Aerodactyl|Protect\n|move|p2b: Aerodactyl|Protect|p2b: Aerodactyl\n|-singleturn|p2b: Aerodactyl|Protect\n|move|p1b: Blastoise|Protect|p1b: Blastoise\n|-singleturn|p1b: Blastoise|Protect\n|move|p2a: Kangaskhan|Double-Edge|p1b: Blastoise\n|-activate|p1b: Blastoise|move: Protect\n|\n|upkeep\n|turn|3\n|\n|t:|1776270819\n|switch|p1a: Tauros|Tauros-Paldea-Aqua, L50, M|100/100\n|switch|p2b: Archaludon|Archaludon, L50, M, shiny|100/100\n|move|p2a: Kangaskhan|Double-Edge|p1a: Tauros\n|-damage|p1a: Tauros|35/100\n|-damage|p1a: Tauros|17/100\n|-hitcount|p1a: Tauros|2\n|-damage|p2a: Kangaskhan|79/100|[from] Recoil\n|move|p1b: Blastoise|Water Spout|p2b: Archaludon|[spread] p2a,p2b\n|-resisted|p2b: Archaludon|1\n|-damage|p2a: Kangaskhan|50/100\n|-damage|p2b: Archaludon|84/100\n|\n|-heal|p2b: Archaludon|90/100|[from] item: Leftovers\n|upkeep\n|turn|4\n|\n|t:|1776270854\n|move|p2a: Kangaskhan|Sucker Punch|p1a: Tauros\n|-resisted|p1a: Tauros|1\n|-damage|p1a: Tauros|2/100\n|-resisted|p1a: Tauros|1\n|-damage|p1a: Tauros|0 fnt\n|faint|p1a: Tauros\n|-hitcount|p1: Tauros|2\n|move|p2b: Archaludon|Thunderbolt|p1b: Blastoise\n|-supereffective|p1b: Blastoise|1\n|-damage|p1b: Blastoise|43/100\n|-status|p1b: Blastoise|par\n|move|p1b: Blastoise|Ice Beam|p2b: Archaludon\n|-damage|p2b: Archaludon|70/100\n|\n|-heal|p2b: Archaludon|76/100|[from] item: Leftovers\n|-sideend|p2: theilldigi|move: Tailwind\n|-sideend|p1: princess 68|move: Tailwind\n|upkeep\n|\n|t:|1776270874\n|switch|p1a: Volcarona|Volcarona, L50, M|100/100\n|turn|5\n|\n|t:|1776270898\n|move|p1b: Blastoise|Protect|p1b: Blastoise\n|-singleturn|p1b: Blastoise|Protect\n|move|p1a: Volcarona|Flamethrower|p2b: Archaludon\n|-damage|p2b: Archaludon|26/100\n|move|p2b: Archaludon|Thunderbolt|p1b: Blastoise\n|-activate|p1b: Blastoise|move: Protect\n|move|p2a: Kangaskhan|Double-Edge|p1a: Volcarona\n|-damage|p1a: Volcarona|6/100\n|-damage|p1a: Volcarona|0 fnt\n|-status|p2a: Kangaskhan|brn|[from] ability: Flame Body|[of] p1a: Volcarona\n|faint|p1a: Volcarona\n|-hitcount|p1: Volcarona|2\n|-damage|p2a: Kangaskhan|23/100 brn|[from] Recoil\n|\n|-heal|p2b: Archaludon|32/100|[from] item: Leftovers\n|-damage|p2a: Kangaskhan|17/100 brn|[from] brn\n|upkeep\n|\n|t:|1776270918\n|switch|p1a: Aerodactyl|Aerodactyl, L50, M|100/100\n|-ability|p1a: Aerodactyl|Unnerve\n|turn|6\n|\n|t:|1776270943\n|move|p1a: Aerodactyl|Protect|p1a: Aerodactyl\n|-singleturn|p1a: Aerodactyl|Protect\n|move|p2b: Archaludon|Protect|p2b: Archaludon\n|-singleturn|p2b: Archaludon|Protect\n|move|p2a: Kangaskhan|Double-Edge|p1a: Aerodactyl\n|-activate|p1a: Aerodactyl|move: Protect\n|move|p1b: Blastoise|Ice Beam|p2b: Archaludon\n|-activate|p2b: Archaludon|move: Protect\n|\n|-heal|p2b: Archaludon|37/100|[from] item: Leftovers\n|-damage|p2a: Kangaskhan|10/100 brn|[from] brn\n|upkeep\n|turn|7\n|\n|t:|1776270975\n|switch|p2b: Aerodactyl|Aerodactyl, L50, F, shiny|100/100\n|-ability|p2b: Aerodactyl|Unnerve\n|move|p1a: Aerodactyl|Dual Wingbeat|p2a: Kangaskhan|[miss]\n|-miss|p1a: Aerodactyl|p2a: Kangaskhan\n|move|p2a: Kangaskhan|Double-Edge|p1a: Aerodactyl\n|-resisted|p1a: Aerodactyl|1\n|-damage|p1a: Aerodactyl|76/100\n|-resisted|p1a: Aerodactyl|1\n|-damage|p1a: Aerodactyl|70/100\n|-hitcount|p1a: Aerodactyl|2\n|-damage|p2a: Kangaskhan|2/100 brn|[from] Recoil\n|move|p1b: Blastoise|Ice Beam|p2b: Aerodactyl\n|-supereffective|p2b: Aerodactyl|1\n|-damage|p2b: Aerodactyl|45/100\n|\n|-damage|p2a: Kangaskhan|0 fnt|[from] brn\n|faint|p2a: Kangaskhan\n|upkeep\n|\n|t:|1776270995\n|switch|p2a: Archaludon|Archaludon, L50, M, shiny|37/100\n|turn|8\n|\n|t:|1776271008\n|move|p1a: Aerodactyl|Tailwind|p1a: Aerodactyl\n|-sidestart|p1: princess 68|move: Tailwind\n|move|p2b: Aerodactyl|Tailwind|p2b: Aerodactyl\n|-sidestart|p2: theilldigi|move: Tailwind\n|move|p2a: Archaludon|Thunderbolt|p1b: Blastoise\n|-supereffective|p1b: Blastoise|1\n|-damage|p1b: Blastoise|0 fnt\n|faint|p1b: Blastoise\n|\n|-heal|p2a: Archaludon|43/100|[from] item: Leftovers\n|upkeep\n|turn|9\n|\n|t:|1776271022\n|move|p1a: Aerodactyl|Rock Slide|p2b: Aerodactyl|[spread] p2a,p2b\n|-resisted|p2a: Archaludon|1\n|-supereffective|p2b: Aerodactyl|1\n|-crit|p2b: Aerodactyl\n|-damage|p2a: Archaludon|32/100\n|-damage|p2b: Aerodactyl|0 fnt\n|faint|p2b: Aerodactyl\n|cant|p2a: Archaludon|flinch\n|\n|-heal|p2a: Archaludon|38/100|[from] item: Leftovers\n|upkeep\n|\n|t:|1776271029\n|switch|p2b: Typhlosion|Typhlosion-Hisui, L50, M|100/100\n|-item|p1a: Aerodactyl|Sitrus Berry|[from] ability: Frisk|[of] p2b: Typhlosion\n|turn|10\n|\n|t:|1776271045\n|move|p2b: Typhlosion|Shadow Ball|p1a: Aerodactyl\n|-damage|p1a: Aerodactyl|11/100\n|-enditem|p1a: Aerodactyl|Sitrus Berry|[eat]\n|-heal|p1a: Aerodactyl|35/100|[from] item: Sitrus Berry\n|move|p1a: Aerodactyl|Rock Slide|p2a: Archaludon|[spread] p2a,p2b\n|-resisted|p2a: Archaludon|1\n|-supereffective|p2b: Typhlosion|1\n|-damage|p2a: Archaludon|28/100\n|-damage|p2b: Typhlosion|32/100\n|move|p2a: Archaludon|Thunderbolt|p1a: Aerodactyl\n|-supereffective|p1a: Aerodactyl|1\n|-damage|p1a: Aerodactyl|0 fnt\n|faint|p1a: Aerodactyl\n|\n|win|theilldigi\n",
  "uploadtime": 1776270652,
  "views": 20,
  "formatid": "gen9championsvgc2026regma",
  "rating": null,
  "private": 0,
  "password": null
}