{
  "id": "gen9championsvgc2026regma-2582155675",
  "format": "[Gen 9 Champions] VGC 2026 Reg M-A",
  "players": [
    "coolrad40",
    "Lore805"
  ],
  "log": "|j|\u2606coolrad40\n|j|\u2606Lore805\n|t:|1776065140\n|gametype|doubles\n|player|p1|coolrad40|acetrainer-gen4dp|1144\n|player|p2|Lore805|266|1120\n|gen|9\n|tier|[Gen 9 Champions] VGC 2026 Reg M-A\n|rated|\n|rule|Species Clause: Limit one of each Pok\u00e9mon\n|rule|Item Clause: Limit 1 of each item\n|clearpoke\n|poke|p1|Pelipper, L50, F|\n|poke|p1|Meganium, L50, M|\n|poke|p1|Rotom-Wash, L50|\n|poke|p1|Basculegion, L50, M|\n|poke|p1|Raichu, L50, F|\n|poke|p1|Vaporeon, L50, M|\n|poke|p2|Scizor, L50, F|\n|poke|p2|Politoed, L50, F|\n|poke|p2|Raichu, L50, M|\n|poke|p2|Krookodile, L50, F|\n|poke|p2|Dragonite, L50, F|\n|poke|p2|Basculegion, L50, M|\n|teampreview|4\n|inactive|Battle timer is ON: inactive players will automatically lose when time's up. (requested by Lore805)\n|\n|t:|1776065161\n|teamsize|p1|4\n|teamsize|p2|4\n|start\n|switch|p1a: Pelipper|Pelipper, L50, F|100/100\n|switch|p1b: Basculegion|Basculegion, L50, M|100/100\n|switch|p2a: Scizor|Scizor, L50, F|100/100\n|switch|p2b: Dragonite|Dragonite, L50, F|100/100\n|-weather|RainDance|[from] ability: Drizzle|[of] p1a: Pelipper\n|turn|1\n|\n|t:|1776065173\n|detailschange|p2a: Scizor|Scizor-Mega, L50, F\n|-mega|p2a: Scizor|Scizor|Scizorite\n|move|p1b: Basculegion|Flip Turn|p2a: Scizor\n|-damage|p2a: Scizor|54/100\n|\n|t:|1776065178\n|switch|p1b: Rotom|Rotom-Wash, L50, shiny|100/100|[from] Flip Turn\n|move|p2b: Dragonite|Scale Shot|p1a: Pelipper\n|-damage|p1a: Pelipper|87/100\n|-damage|p1a: Pelipper|74/100\n|-damage|p1a: Pelipper|60/100\n|-damage|p1a: Pelipper|45/100\n|-damage|p1a: Pelipper|32/100\n|-hitcount|p1a: Pelipper|5\n|-unboost|p2b: Dragonite|def|1\n|-boost|p2b: Dragonite|spe|1\n|-enditem|p2b: Dragonite|White Herb\n|-clearnegativeboost|p2b: Dragonite|[silent]\n|move|p2a: Scizor|Swords Dance|p2a: Scizor\n|-boost|p2a: Scizor|atk|2\n|move|p1a: Pelipper|Ice Beam|p2b: Dragonite\n|-supereffective|p2b: Dragonite|2\n|-damage|p2b: Dragonite|48/100\n|\n|-weather|RainDance|[upkeep]\n|upkeep\n|turn|2\n|\n|t:|1776065202\n|move|p1a: Pelipper|Protect|p1a: Pelipper\n|-singleturn|p1a: Pelipper|Protect\n|move|p2a: Scizor|Bullet Punch|p1a: Pelipper\n|-activate|p1a: Pelipper|move: Protect\n|move|p2b: Dragonite|Tailwind|p2b: Dragonite\n|-sidestart|p2: Lore805|move: Tailwind\n|move|p1b: Rotom|Foul Play|p2a: Scizor\n|-damage|p2a: Scizor|0 fnt\n|faint|p2a: Scizor\n|\n|-weather|RainDance|[upkeep]\n|upkeep\n|\n|t:|1776065216\n|switch|p2a: Politoed|Politoed, L50, F|100/100\n|turn|3\n|\n|t:|1776065224\n|move|p2b: Dragonite|Scale Shot|p1b: Rotom\n|-damage|p1b: Rotom|84/100\n|-damage|p1b: Rotom|67/100\n|-damage|p1b: Rotom|52/100\n|-hitcount|p1b: Rotom|3\n|-unboost|p2b: Dragonite|def|1\n|-boost|p2b: Dragonite|spe|1\n|move|p2a: Politoed|Weather Ball|p1a: Pelipper\n|-resisted|p1a: Pelipper|1\n|-damage|p1a: Pelipper|0 fnt\n|faint|p1a: Pelipper\n|move|p1b: Rotom|Volt Switch|p2a: Politoed\n|-supereffective|p2a: Politoed|1\n|-damage|p2a: Politoed|42/100\n|-enditem|p2a: Politoed|Sitrus Berry|[eat]\n|-heal|p2a: Politoed|66/100|[from] item: Sitrus Berry\n|\n|t:|1776065241\n|switch|p1b: Meganium|Meganium, L50, M|100/100|[from] Volt Switch\n|\n|-weather|RainDance|[upkeep]\n|upkeep\n|\n|t:|1776065248\n|switch|p1a: Basculegion|Basculegion, L50, M|100/100\n|turn|4\n|\n|t:|1776065263\n|detailschange|p1b: Meganium|Meganium-Mega, L50, M\n|-mega|p1b: Meganium|Meganium|Meganiumite\n|move|p2a: Politoed|Helping Hand|p2b: Dragonite\n|-singleturn|p2b: Dragonite|Helping Hand|[of] p2a: Politoed\n|move|p1a: Basculegion|Aqua Jet|p2b: Dragonite\n|-resisted|p2b: Dragonite|1\n|-damage|p2b: Dragonite|19/100\n|move|p2b: Dragonite|Scale Shot|p1a: Basculegion\n|-damage|p1a: Basculegion|78/100\n|-damage|p1a: Basculegion|56/100\n|-hitcount|p1a: Basculegion|2\n|-unboost|p2b: Dragonite|def|1\n|-boost|p2b: Dragonite|spe|1\n|move|p1b: Meganium|Dazzling Gleam|p2b: Dragonite|[spread] p2a,p2b\n|-supereffective|p2b: Dragonite|1\n|-damage|p2a: Politoed|34/100\n|-damage|p2b: Dragonite|0 fnt\n|faint|p2b: Dragonite\n|\n|-weather|RainDance|[upkeep]\n|upkeep\n|\n|t:|1776065279\n|switch|p2b: Basculegion|Basculegion, L50, M|100/100\n|turn|5\n|inactive|Lore805 has 30 seconds left.\n|\n|t:|1776065313\n|switch|p1a: Rotom|Rotom-Wash, L50, shiny|52/100\n|move|p2b: Basculegion|Last Respects|p1b: Meganium\n|-damage|p1b: Meganium|23/100\n|move|p2a: Politoed|Weather Ball|p1a: Rotom\n|-resisted|p1a: Rotom|1\n|-damage|p1a: Rotom|16/100\n|move|p1b: Meganium|Solar Beam||[still]\n|-prepare|p1b: Meganium|Solar Beam\n|-activate|p1b: Meganium|ability: Mega Sol\n|-anim|p1b: Meganium|Solar Beam|p2b: Basculegion\n|-supereffective|p2b: Basculegion|1\n|-damage|p2b: Basculegion|0 fnt\n|faint|p2b: Basculegion\n|\n|-weather|none\n|-sideend|p2: Lore805|move: Tailwind\n|upkeep\n|turn|6\n|-message|Lore805 forfeited.\n|\n|win|coolrad40\n|raw|coolrad40's rating: 1144 &rarr; <strong>1167</strong><br />(+23 for winning)\n|raw|Lore805's rating: 1120 &rarr; <strong>1097</strong><br />(-23 for losing)\n|l|\u2606Lore805\n|player|p2|\n",
  "uploadtime": 1776065324,
  "views": 9,
  "formatid": "gen9championsvgc2026regma",
  "rating": 1097,
  "private": 0,
  "password": null
}