{
  "id": "gen9championsvgc2026regma-2585839256",
  "format": "[Gen 9 Champions] VGC 2026 Reg M-A",
  "players": [
    "JustJakeyVGC",
    "Astraision"
  ],
  "log": "|j|\u2606JustJakeyVGC\n|j|\u2606Astraision\n|t:|1776374542\n|gametype|doubles\n|player|p1|JustJakeyVGC|102|1437\n|player|p2|Astraision|iris-gen5bw2|1386\n|gen|9\n|tier|[Gen 9 Champions] VGC 2026 Reg M-A\n|rated|\n|rule|Species Clause: Limit one of each Pok\u00e9mon\n|rule|Item Clause: Limit 1 of each item\n|clearpoke\n|poke|p1|Manectric, L50, F|\n|poke|p1|Incineroar, L50, F|\n|poke|p1|Basculegion, L50, M|\n|poke|p1|Sneasler, L50, M|\n|poke|p1|Farigiraf, L50, F|\n|poke|p1|Drampa, L50, M|\n|poke|p2|Aggron, L50, M|\n|poke|p2|Incineroar, L50, M|\n|poke|p2|Sinistcha, L50|\n|poke|p2|Kangaskhan, L50, F|\n|poke|p2|Kommo-o, L50, M|\n|poke|p2|Milotic, L50, F|\n|teampreview|4\n|inactive|Battle timer is ON: inactive players will automatically lose when time's up. (requested by Astraision)\n|inactive|JustJakeyVGC has 60 seconds left.\nAstraision rejected open team sheets.\n|c|\u2606Astraision|Your first time playing doubles\n|c|\u2606Astraision|That name screams inexperienced.\n|c|\u2606Astraision|Don't prove me wrong.\n|inactive|JustJakeyVGC has 30 seconds left.\n|inactive|JustJakeyVGC has 20 seconds left.\n|\n|t:|1776374620\n|teamsize|p1|4\n|teamsize|p2|4\n|start\n|switch|p1a: Farigiraf|Farigiraf, L50, F|100/100\n|switch|p1b: Sneasler|Sneasler, L50, M|100/100\n|switch|p2a: Esdeath|Milotic, L50, F|100/100\n|switch|p2b: Charon|Kommo-o, L50, M, shiny|100/100\n|turn|1\n|\n|t:|1776374642\n|move|p1b: Sneasler|Fake Out|p2a: Esdeath\n|-damage|p2a: Esdeath|89/100\n|move|p2b: Charon|Clangorous Soul|p2b: Charon\n|-boost|p2b: Charon|atk|1\n|-boost|p2b: Charon|def|1\n|-boost|p2b: Charon|spa|1\n|-boost|p2b: Charon|spd|1\n|-boost|p2b: Charon|spe|1\n|-damage|p2b: Charon|68/100\n|cant|p2a: Esdeath|flinch\n|move|p1a: Farigiraf|Psychic|p2b: Charon\n|-supereffective|p2b: Charon|1\n|-damage|p2b: Charon|8/100\n|\n|-heal|p2b: Charon|14/100|[from] item: Leftovers\n|upkeep\n|turn|2\n|\n|t:|1776374656\n|move|p2b: Charon|Protect|p2b: Charon\n|-singleturn|p2b: Charon|Protect\n|move|p1b: Sneasler|Close Combat|p2a: Esdeath\n|-damage|p2a: Esdeath|37/100\n|-unboost|p1b: Sneasler|def|1\n|-unboost|p1b: Sneasler|spd|1\n|-enditem|p1b: Sneasler|White Herb\n|-clearnegativeboost|p1b: Sneasler|[silent]\n|move|p2a: Esdeath|Life Dew|p2a: Esdeath|[spread] p2a,p2b\n|-heal|p2a: Esdeath|62/100\n|-heal|p2b: Charon|39/100\n|move|p1a: Farigiraf|Hyper Voice|p2a: Esdeath|[spread] p2a\n|-activate|p2b: Charon|move: Protect\n|-damage|p2a: Esdeath|40/100\n|\n|-heal|p2b: Charon|45/100|[from] item: Leftovers\n|upkeep\n|turn|3\n|inactive|JustJakeyVGC has 30 seconds left.\n|\n|t:|1776374685\n|switch|p2a: Cola|Sinistcha, L50|100/100\n|-heal|p2b: Charon|70/100|[from] ability: Hospitality|[of] p2a: Cola\n|move|p1b: Sneasler|Protect|p1b: Sneasler\n|-singleturn|p1b: Sneasler|Protect\n|move|p2b: Charon|Clanging Scales|p1a: Farigiraf|[spread] p1a\n|-activate|p1b: Sneasler|move: Protect\n|-damage|p1a: Farigiraf|48/100\n|-unboost|p2b: Charon|def|1\n|move|p1a: Farigiraf|Psychic|p2b: Charon\n|-supereffective|p2b: Charon|1\n|-damage|p2b: Charon|9/100\n|\n|-heal|p2b: Charon|15/100|[from] item: Leftovers\n|upkeep\n|turn|4\n|inactive|JustJakeyVGC has 30 seconds left.\n|inactive|JustJakeyVGC has 20 seconds left.\n|inactive|JustJakeyVGC has 15 seconds left.\n|inactive|JustJakeyVGC has 10 seconds left.\n|\n|t:|1776374732\n|move|p2a: Cola|Rage Powder|p2a: Cola\n|-singleturn|p2a: Cola|move: Rage Powder\n|move|p1b: Sneasler|Dire Claw|p2a: Cola\n|-damage|p2a: Cola|55/100\n|move|p2b: Charon|Clanging Scales|p1b: Sneasler|[spread] p1a,p1b\n|-damage|p1a: Farigiraf|0 fnt\n|-damage|p1b: Sneasler|31/100\n|faint|p1a: Farigiraf\n|-unboost|p2b: Charon|def|1\n|\n|-heal|p2b: Charon|22/100|[from] item: Leftovers\n|upkeep\n|inactive|JustJakeyVGC has 30 seconds left.\n|\n|t:|1776374760\n|switch|p1a: Basculegion|Basculegion, L50, M|100/100\n|turn|5\n|\n|t:|1776374767\n|switch|p2a: Esdeath|Milotic, L50, F|40/100\n|move|p1b: Sneasler|Protect|p1b: Sneasler\n|-singleturn|p1b: Sneasler|Protect\n|move|p2b: Charon|Protect|p2b: Charon\n|-singleturn|p2b: Charon|Protect\n|move|p1a: Basculegion|Last Respects|p2a: Esdeath\n|-damage|p2a: Esdeath|0 fnt\n|faint|p2a: Esdeath\n|\n|-heal|p2b: Charon|28/100|[from] item: Leftovers\n|upkeep\n|\n|t:|1776374777\n|switch|p2a: Cola|Sinistcha, L50|55/100\n|-heal|p2b: Charon|53/100|[from] ability: Hospitality|[of] p2a: Cola\n|turn|6\n|inactive|JustJakeyVGC has 30 seconds left.\n|inactive|Astraision has 30 seconds left.\n|inactive|Astraision has 20 seconds left.\n|\n|t:|1776374822\n|switch|p1b: Incineroar|Incineroar, L50, F|100/100\n|-ability|p1b: Incineroar|Intimidate|boost\n|-unboost|p2a: Cola|atk|1\n|-unboost|p2b: Charon|atk|1\n|move|p2a: Cola|Rage Powder|p2a: Cola\n|-singleturn|p2a: Cola|move: Rage Powder\n|move|p2b: Charon|Clanging Scales|p1a: Basculegion|[spread] p1a,p1b\n|-damage|p1a: Basculegion|37/100\n|-damage|p1b: Incineroar|55/100\n|-unboost|p2b: Charon|def|1\n|move|p1a: Basculegion|Last Respects|p2a: Cola\n|-supereffective|p2a: Cola|1\n|-damage|p2a: Cola|0 fnt\n|faint|p2a: Cola\n|\n|-heal|p2b: Charon|59/100|[from] item: Leftovers\n|upkeep\n|\n|t:|1776374840\n|switch|p2a: MARINEFORD|Aggron, L50, M, shiny|100/100\n|turn|7\n|inactive|JustJakeyVGC has 30 seconds left.\n|\n|t:|1776374869\n|switch|p1a: Sneasler|Sneasler, L50, M|31/100\n|detailschange|p2a: MARINEFORD|Aggron-Mega, L50, M, shiny\n|-mega|p2a: MARINEFORD|Aggron|Aggronite\n|move|p2b: Charon|Protect|p2b: Charon\n|-singleturn|p2b: Charon|Protect\n|move|p2a: MARINEFORD|Protect|p2a: MARINEFORD\n|-singleturn|p2a: MARINEFORD|Protect\n|move|p1b: Incineroar|Fake Out|p2a: MARINEFORD\n|-activate|p2a: MARINEFORD|move: Protect\n|\n|-heal|p2b: Charon|65/100|[from] item: Leftovers\n|upkeep\n|turn|8\n|inactive|JustJakeyVGC has 30 seconds left.\n|\n|t:|1776374895\n|move|p1a: Sneasler|Protect|p1a: Sneasler\n|-singleturn|p1a: Sneasler|Protect\n|move|p2b: Charon|Clanging Scales|p1b: Incineroar|[spread] p1b\n|-activate|p1a: Sneasler|move: Protect\n|-damage|p1b: Incineroar|14/100\n|-enditem|p1b: Incineroar|Sitrus Berry|[eat]\n|-heal|p1b: Incineroar|39/100|[from] item: Sitrus Berry\n|-unboost|p2b: Charon|def|1\n|move|p1b: Incineroar|Parting Shot|p2b: Charon\n|-immune|p2b: Charon|[from] ability: Soundproof\n|move|p2a: MARINEFORD|Iron Defense|p2a: MARINEFORD\n|-boost|p2a: MARINEFORD|def|2\n|\n|-heal|p2b: Charon|71/100|[from] item: Leftovers\n|upkeep\n|turn|9\n|c|\u2606Astraision|Daaaaaaamn\n|c|\u2606Astraision|Damn\n|c|\u2606Astraision|Unfortunately\n|inactive|JustJakeyVGC has 30 seconds left.\n|inactive|Astraision has 30 seconds left.\n|c|\u2606Astraision|That doesn't work around here\n|c|\u2606JustJakeyVGC|??\n|c|\u2606Astraision|GGs tho\n|inactive|JustJakeyVGC has 20 seconds left.\n|inactive|Astraision has 20 seconds left.\n|c|\u2606JustJakeyVGC|Gg\n|c|\u2606Astraision|Thanks for the points\n|inactive|JustJakeyVGC has 15 seconds left.\n|inactive|Astraision has 15 seconds left.\n|inactive|JustJakeyVGC has 10 seconds left.\n|inactive|Astraision has 10 seconds left.\n|c|\u2606JustJakeyVGC|You have multiple abilities?\n|inactive|JustJakeyVGC has 5 seconds left.\n|inactive|Astraision has 5 seconds left.\n|\n|t:|1776374950\n|move|p2b: Charon|Protect|p2b: Charon\n|-singleturn|p2b: Charon|Protect\n|move|p2a: MARINEFORD|Protect|p2a: MARINEFORD\n|-singleturn|p2a: MARINEFORD|Protect\n|move|p1a: Sneasler|Close Combat|p2b: Charon\n|-activate|p2b: Charon|move: Protect\n|move|p1b: Incineroar|Flare Blitz|p2a: MARINEFORD\n|-activate|p2a: MARINEFORD|move: Protect\n|\n|-heal|p2b: Charon|78/100|[from] item: Leftovers\n|upkeep\n|turn|10\n|c|\u2606Astraision|Just the one\n|\n|t:|1776374970\n|move|p2b: Charon|Clanging Scales|p1a: Sneasler|[spread] p1a,p1b\n|-damage|p1a: Sneasler|0 fnt\n|-damage|p1b: Incineroar|1/100\n|faint|p1a: Sneasler\n|-unboost|p2b: Charon|def|1\n|move|p1b: Incineroar|Parting Shot|p2a: MARINEFORD\n|-unboost|p2a: MARINEFORD|atk|1\n|-unboost|p2a: MARINEFORD|spa|1\n|c|\u2606JustJakeyVGC|Okay bro\n|c|\u2606JustJakeyVGC|no need for the toxic behaviour\n|\n|t:|1776374987\n|switch|p1b: Basculegion|Basculegion, L50, M|37/100|[from] Parting Shot\n|move|p2a: MARINEFORD|Iron Defense|p2a: MARINEFORD\n|-boost|p2a: MARINEFORD|def|2\n|\n|-heal|p2b: Charon|84/100|[from] item: Leftovers\n|upkeep\n|\n|t:|1776374988\n|switch|p1a: Incineroar|Incineroar, L50, F|1/100\n|-ability|p1a: Incineroar|Intimidate|boost\n|-unboost|p2a: MARINEFORD|atk|1\n|-unboost|p2b: Charon|atk|1\n|turn|11\n|c|\u2606Astraision|Run up the ELO\n|c|\u2606Astraision|+100\n|c|\u2606Astraision|GGs\n|c|\u2606Astraision|Get gooobed\n|inactive|JustJakeyVGC has 30 seconds left.\n|inactive|Astraision has 30 seconds left.\n|\n|t:|1776375019\n|move|p1a: Incineroar|Fake Out|p2b: Charon\n|-crit|p2b: Charon\n|-damage|p2b: Charon|39/100\n|cant|p2b: Charon|flinch\n|move|p1b: Basculegion|Last Respects|p2b: Charon\n|-damage|p2b: Charon|0 fnt\n|faint|p2b: Charon\n|move|p2a: MARINEFORD|Heavy Slam|p1b: Basculegion\n|-resisted|p1b: Basculegion|1\n|-damage|p1b: Basculegion|25/100\n|\n|upkeep\n|turn|12\n|\n|t:|1776375033\n|move|p1a: Incineroar|Helping Hand|p1b: Basculegion\n|-singleturn|p1b: Basculegion|Helping Hand|[of] p1a: Incineroar\n|move|p1b: Basculegion|Last Respects|p2a: MARINEFORD\n|-damage|p2a: MARINEFORD|76/100\n|move|p2a: MARINEFORD|Heavy Slam|p1b: Basculegion\n|-resisted|p1b: Basculegion|1\n|-damage|p1b: Basculegion|14/100\n|\n|upkeep\n|turn|13\n|\n|t:|1776375048\n|move|p1b: Basculegion|Last Respects|p2a: MARINEFORD\n|-damage|p2a: MARINEFORD|59/100\n|move|p1a: Incineroar|Parting Shot|p2a: MARINEFORD\n|-unboost|p2a: MARINEFORD|atk|1\n|-unboost|p2a: MARINEFORD|spa|1\n|move|p2a: MARINEFORD|Heavy Slam|p1b: Basculegion\n|-resisted|p1b: Basculegion|1\n|-damage|p1b: Basculegion|5/100\n|\n|upkeep\n|turn|14\n|inactive|JustJakeyVGC has 30 seconds left.\n|\n|t:|1776375076\n|move|p1b: Basculegion|Last Respects|p2a: MARINEFORD\n|-damage|p2a: MARINEFORD|42/100\n|move|p1a: Incineroar|Parting Shot|p2a: MARINEFORD\n|-unboost|p2a: MARINEFORD|atk|1\n|-unboost|p2a: MARINEFORD|spa|1\n|move|p2a: MARINEFORD|Heavy Slam|p1b: Basculegion\n|-resisted|p1b: Basculegion|1\n|-damage|p1b: Basculegion|0 fnt\n|faint|p1b: Basculegion\n|\n|upkeep\n|turn|15\n|c|\u2606Astraision|Ain't no future whew I lose\n|c|\u2606JustJakeyVGC|I mean there was\n|c|\u2606JustJakeyVGC|but sure\n|c|\u2606Astraision|You in the bad timeline\n|inactive|Astraision has 30 seconds left.\n|c|\u2606Astraision|You done got the bad end\n|\n|t:|1776375106\n|move|p1a: Incineroar|Flare Blitz|p2a: MARINEFORD\n|-supereffective|p2a: MARINEFORD|1\n|-damage|p2a: MARINEFORD|29/100\n|-status|p2a: MARINEFORD|brn\n|-damage|p1a: Incineroar|0 fnt|[from] Recoil\n|faint|p1a: Incineroar\n|\n|win|Astraision\n|raw|JustJakeyVGC's rating: 1437 &rarr; <strong>1414</strong><br />(-23 for losing)\n|raw|Astraision's rating: 1386 &rarr; <strong>1409</strong><br />(+23 for winning)\n|c|\u2606JustJakeyVGC|Gg\n|c|\u2606Astraision|GG\n",
  "uploadtime": 1776375120,
  "views": 42,
  "formatid": "gen9championsvgc2026regma",
  "rating": 1409,
  "private": 0,
  "password": null
}