{
  "id": "gen9championsvgc2026regma-2584034307",
  "format": "[Gen 9 Champions] VGC 2026 Reg M-A",
  "players": [
    "BitterBandit",
    "aa11ss"
  ],
  "log": "|j|\u2606BitterBandit\n|j|\u2606aa11ss\n|t:|1776218703\n|gametype|doubles\n|player|p1|BitterBandit|steven|1201\n|player|p2|aa11ss|266|1287\n|gen|9\n|tier|[Gen 9 Champions] VGC 2026 Reg M-A\n|rated|\n|rule|Species Clause: Limit one of each Pok\u00e9mon\n|rule|Item Clause: Limit 1 of each item\n|clearpoke\n|poke|p1|Froslass, L50, F|\n|poke|p1|Milotic, L50, F|\n|poke|p1|Garchomp, L50, M|\n|poke|p1|Aerodactyl, L50, M|\n|poke|p1|Aegislash, L50, M|\n|poke|p1|Passimian, L50, M|\n|poke|p2|Charizard, L50, M|\n|poke|p2|Whimsicott, L50, F|\n|poke|p2|Garchomp, L50, F|\n|poke|p2|Incineroar, L50, F|\n|poke|p2|Kingambit, L50, F|\n|poke|p2|Basculegion, L50, M|\n|teampreview|4\naa11ss rejected open team sheets.\n|\n|t:|1776218745\n|teamsize|p1|4\n|teamsize|p2|4\n|start\n|switch|p1a: Passimian|Passimian, L50, M|100/100\n|switch|p1b: Aerodactyl|Aerodactyl, L50, M|100/100\n|switch|p2a: Whimsicott|Whimsicott, L50, F|100/100\n|switch|p2b: Basculegion|Basculegion, L50, M, shiny|100/100\n|-ability|p1b: Aerodactyl|Unnerve\n|turn|1\n|\n|t:|1776218768\n|move|p1a: Passimian|Protect|p1a: Passimian\n|-singleturn|p1a: Passimian|Protect\n|move|p2a: Whimsicott|Tailwind|p2a: Whimsicott\n|-sidestart|p2: aa11ss|move: Tailwind\n|move|p2b: Basculegion|Flip Turn|p1b: Aerodactyl\n|-supereffective|p1b: Aerodactyl|1\n|-enditem|p1b: Aerodactyl|Focus Sash\n|-damage|p1b: Aerodactyl|1/100\n|\n|t:|1776218781\n|switch|p2b: Charizard|Charizard, L50, M, shiny|100/100|[from] Flip Turn\n|move|p1b: Aerodactyl|Tailwind|p1b: Aerodactyl\n|-sidestart|p1: BitterBandit|move: Tailwind\n|\n|upkeep\n|turn|2\n|\n|t:|1776218792\n|detailschange|p2b: Charizard|Charizard-Mega-Y, L50, M, shiny\n|-mega|p2b: Charizard|Charizard|Charizardite Y\n|-weather|SunnyDay|[from] ability: Drought|[of] p2b: Charizard\n|move|p1b: Aerodactyl|Rock Slide|p2a: Whimsicott|[spread] p2a,p2b\n|-supereffective|p2b: Charizard|2\n|-damage|p2a: Whimsicott|72/100\n|-damage|p2b: Charizard|0 fnt\n|faint|p2b: Charizard\n|cant|p2a: Whimsicott|flinch\n|move|p1a: Passimian|Rock Slide|p2a: Whimsicott\n|-damage|p2a: Whimsicott|30/100\n|\n|-weather|SunnyDay|[upkeep]\n|upkeep\n|\n|t:|1776218804\n|switch|p2b: Basculegion|Basculegion, L50, M, shiny|100/100\n|turn|3\n|inactive|Battle timer is ON: inactive players will automatically lose when time's up. (requested by aa11ss)\n|\n|t:|1776218828\n|switch|p1b: Milotic|Milotic, L50, F|100/100\n|move|p1a: Passimian|Protect|p1a: Passimian\n|-singleturn|p1a: Passimian|Protect\n|move|p2b: Basculegion|Flip Turn|p1b: Milotic\n|-resisted|p1b: Milotic|1\n|-damage|p1b: Milotic|92/100\n|\n|t:|1776218834\n|switch|p2b: Garchomp|Garchomp, L50, F|100/100|[from] Flip Turn\n|move|p2a: Whimsicott|Moonblast|p1a: Passimian\n|-activate|p1a: Passimian|move: Protect\n|\n|-weather|SunnyDay|[upkeep]\n|-heal|p1b: Milotic|98/100|[from] item: Leftovers\n|upkeep\n|turn|4\n|\n|t:|1776218851\n|move|p2a: Whimsicott|Moonblast|p1a: Passimian\n|-supereffective|p1a: Passimian|1\n|-damage|p1a: Passimian|24/100\n|move|p2b: Garchomp|Dragon Claw|p1b: Milotic\n|-damage|p1b: Milotic|63/100\n|move|p1a: Passimian|Close Combat|p2b: Garchomp\n|-damage|p2b: Garchomp|45/100\n|-unboost|p1a: Passimian|def|1\n|-unboost|p1a: Passimian|spd|1\n|-damage|p1a: Passimian|12/100|[from] ability: Rough Skin|[of] p2b: Garchomp\n|-enditem|p2b: Garchomp|Sitrus Berry|[eat]\n|-heal|p2b: Garchomp|70/100|[from] item: Sitrus Berry\n|move|p1b: Milotic|Icy Wind|p2a: Whimsicott|[spread] p2a,p2b\n|-supereffective|p2a: Whimsicott|1\n|-supereffective|p2b: Garchomp|2\n|-damage|p2a: Whimsicott|4/100\n|-damage|p2b: Garchomp|27/100\n|-unboost|p2a: Whimsicott|spe|1\n|-unboost|p2b: Garchomp|spe|1\n|\n|-weather|SunnyDay|[upkeep]\n|-heal|p1b: Milotic|69/100|[from] item: Leftovers\n|-sideend|p1: BitterBandit|move: Tailwind\n|-sideend|p2: aa11ss|move: Tailwind\n|upkeep\n|turn|5\n|inactive|BitterBandit has 30 seconds left.\n|inactive|aa11ss has 30 seconds left.\n|\n|t:|1776218881\n|move|p2a: Whimsicott|Tailwind|p2a: Whimsicott\n|-sidestart|p2: aa11ss|move: Tailwind\n|move|p2b: Garchomp|Rock Slide|p1b: Milotic|[spread] p1a,p1b\n|-resisted|p1a: Passimian|1\n|-damage|p1a: Passimian|0 fnt\n|-damage|p1b: Milotic|53/100\n|faint|p1a: Passimian\n|cant|p1b: Milotic|flinch\n|\n|-weather|SunnyDay|[upkeep]\n|-heal|p1b: Milotic|59/100|[from] item: Leftovers\n|upkeep\n|\n|t:|1776218892\n|switch|p1a: Aerodactyl|Aerodactyl, L50, M|1/100\n|-ability|p1a: Aerodactyl|Unnerve\n|turn|6\n|\n|t:|1776218900\n|move|p1a: Aerodactyl|Protect|p1a: Aerodactyl\n|-singleturn|p1a: Aerodactyl|Protect\n|move|p2a: Whimsicott|Moonblast|p1b: Milotic\n|-crit|p1b: Milotic\n|-damage|p1b: Milotic|30/100\n|move|p2b: Garchomp|Rock Slide|p1b: Milotic|[spread] p1b\n|-activate|p1a: Aerodactyl|move: Protect\n|-damage|p1b: Milotic|13/100\n|cant|p1b: Milotic|flinch\n|\n|-weather|none\n|-heal|p1b: Milotic|19/100|[from] item: Leftovers\n|upkeep\n|turn|7\n|\n|t:|1776218918\n|move|p1a: Aerodactyl|Protect||[still]\n|-fail|p1a: Aerodactyl\n|move|p2a: Whimsicott|Moonblast|p1b: Milotic\n|-damage|p1b: Milotic|0 fnt\n|faint|p1b: Milotic\n|move|p2b: Garchomp|Rock Slide|p1a: Aerodactyl\n|-supereffective|p1a: Aerodactyl|1\n|-damage|p1a: Aerodactyl|0 fnt\n|faint|p1a: Aerodactyl\n|\n|upkeep\n|-message|BitterBandit forfeited.\n|\n|win|aa11ss\n|raw|BitterBandit's rating: 1201 &rarr; <strong>1182</strong><br />(-19 for losing)\n|raw|aa11ss's rating: 1287 &rarr; <strong>1306</strong><br />(+19 for winning)\n|l|\u2606BitterBandit\n|player|p1|\n",
  "uploadtime": 1776218927,
  "views": 20,
  "formatid": "gen9championsvgc2026regma",
  "rating": 1182,
  "private": 0,
  "password": null
}