{
  "id": "gen9championsvgc2026regma-2585694210",
  "format": "[Gen 9 Champions] VGC 2026 Reg M-A",
  "players": [
    "fuels good",
    "GepecavaIIi"
  ],
  "log": "|j|\u203dfuels good\n|j|\u2606GepecavaIIi\n|t:|1776364223\n|gametype|doubles\n|player|p1|fuels good|1|1323\n|player|p2|GepecavaIIi|lance|1373\n|gen|9\n|tier|[Gen 9 Champions] VGC 2026 Reg M-A\n|rated|\n|rule|Species Clause: Limit one of each Pok\u00e9mon\n|rule|Item Clause: Limit 1 of each item\n|clearpoke\n|poke|p1|Slowbro, L50, M|\n|poke|p1|Farigiraf, L50, M|\n|poke|p1|Pelipper, L50, F|\n|poke|p1|Sneasler, L50, M|\n|poke|p1|Conkeldurr, L50, F|\n|poke|p1|Sinistcha, L50|\n|poke|p2|Drampa, L50, M|\n|poke|p2|Sinistcha, L50|\n|poke|p2|Farigiraf, L50, M|\n|poke|p2|Torkoal, L50, M|\n|poke|p2|Delphox, L50, M|\n|poke|p2|Aerodactyl, L50, M|\n|teampreview|4\n|\n|t:|1776364261\n|teamsize|p1|4\n|teamsize|p2|4\n|start\n|switch|p1a: Slowbro|Slowbro, L50, M|100/100\n|switch|p1b: Sneasler|Sneasler, L50, M|100/100\n|switch|p2a: Aerodactyl|Aerodactyl, L50, M|100/100\n|switch|p2b: Delphox|Delphox, L50, M|100/100\n|-ability|p2a: Aerodactyl|Unnerve\n|-ability|p1b: Sneasler|Pressure\n|turn|1\n|\n|t:|1776364288\n|switch|p2b: Sinistcha|Sinistcha, L50|100/100\n|detailschange|p1a: Slowbro|Slowbro-Mega, L50, M\n|-mega|p1a: Slowbro|Slowbro|Slowbronite\n|move|p1b: Sneasler|Fake Out|p2a: Aerodactyl\n|-resisted|p2a: Aerodactyl|1\n|-damage|p2a: Aerodactyl|90/100\n|cant|p2a: Aerodactyl|flinch\n|move|p1a: Slowbro|Nasty Plot|p1a: Slowbro\n|-boost|p1a: Slowbro|spa|2\n|\n|upkeep\n|turn|2\n|\n|t:|1776364308\n|move|p2a: Aerodactyl|Dual Wingbeat|p1b: Sneasler|[miss]\n|-miss|p2a: Aerodactyl|p1b: Sneasler\n|move|p1b: Sneasler|Dire Claw|p2b: Sinistcha\n|-damage|p2b: Sinistcha|67/100\n|-status|p2b: Sinistcha|psn\n|move|p2b: Sinistcha|Matcha Gotcha|p1b: Sneasler|[spread] p1a,p1b\n|-supereffective|p1a: Slowbro|1\n|-resisted|p1b: Sneasler|1\n|-damage|p1a: Slowbro|47/100\n|-heal|p2b: Sinistcha|100/100 psn|[from] drain|[of] p1a: Slowbro\n|-damage|p1b: Sneasler|84/100\n|-status|p1a: Slowbro|brn\n|move|p1a: Slowbro|Muddy Water|p2a: Aerodactyl|[spread] p2a\n|-miss|p1a: Slowbro|p2b: Sinistcha\n|-supereffective|p2a: Aerodactyl|1\n|-damage|p2a: Aerodactyl|0 fnt\n|faint|p2a: Aerodactyl\n|\n|-damage|p2b: Sinistcha|88/100 psn|[from] psn\n|-damage|p1a: Slowbro|41/100 brn|[from] brn\n|upkeep\n|\n|t:|1776364318\n|switch|p2a: Delphox|Delphox, L50, M|100/100\n|turn|3\n|\n|t:|1776364346\n|switch|p1b: Pelipper|Pelipper, L50, F|100/100\n|-weather|RainDance|[from] ability: Drizzle|[of] p1b: Pelipper\n|detailschange|p2a: Delphox|Delphox-Mega, L50, M\n|-mega|p2a: Delphox|Delphox|Delphoxite\n|move|p1a: Slowbro|Protect|p1a: Slowbro\n|-singleturn|p1a: Slowbro|Protect\n|move|p2b: Sinistcha|Rage Powder|p2b: Sinistcha\n|-singleturn|p2b: Sinistcha|move: Rage Powder\n|move|p2a: Delphox|Heat Wave|p1b: Pelipper|[spread] p1b\n|-activate|p1a: Slowbro|move: Protect\n|-resisted|p1b: Pelipper|1\n|-damage|p1b: Pelipper|83/100\n|\n|-weather|RainDance|[upkeep]\n|-damage|p2b: Sinistcha|76/100 psn|[from] psn\n|-damage|p1a: Slowbro|35/100 brn|[from] brn\n|upkeep\n|turn|4\n|\n|t:|1776364373\n|move|p2a: Delphox|Scorching Sands|p1a: Slowbro\n|-damage|p1a: Slowbro|0 fnt\n|faint|p1a: Slowbro\n|move|p1b: Pelipper|Hurricane|p2b: Sinistcha\n|-supereffective|p2b: Sinistcha|1\n|-damage|p2b: Sinistcha|0 fnt\n|faint|p2b: Sinistcha\n|\n|-weather|RainDance|[upkeep]\n|upkeep\n|\n|t:|1776364392\n|switch|p2b: Torkoal|Torkoal, L50, M|100/100\n|switch|p1a: Sneasler|Sneasler, L50, M|84/100\n|-ability|p1a: Sneasler|Pressure\n|-weather|SunnyDay|[from] ability: Drought|[of] p2b: Torkoal\n|turn|5\n|\n|t:|1776364417\n|switch|p1b: Conkeldurr|Conkeldurr, L50, F|100/100\n|move|p2b: Torkoal|Helping Hand|p2a: Delphox\n|-singleturn|p2a: Delphox|Helping Hand|[of] p2b: Torkoal\n|move|p1a: Sneasler|Fake Out|p2b: Torkoal\n|-damage|p2b: Torkoal|88/100\n|move|p2a: Delphox|Heat Wave|p1b: Conkeldurr|[spread] p1a,p1b\n|-damage|p1a: Sneasler|0 fnt\n|-damage|p1b: Conkeldurr|0 fnt\n|faint|p1a: Sneasler\n|faint|p1b: Conkeldurr\n|\n|-weather|SunnyDay|[upkeep]\n|upkeep\n|\n|t:|1776364433\n|switch|p1b: Pelipper|Pelipper, L50, F|83/100\n|-weather|RainDance|[from] ability: Drizzle|[of] p1b: Pelipper\n|turn|6\n|\n|t:|1776364448\n|move|p2b: Torkoal|Helping Hand|p2a: Delphox\n|-singleturn|p2a: Delphox|Helping Hand|[of] p2b: Torkoal\n|move|p2a: Delphox|Psychic|p1b: Pelipper\n|-damage|p1b: Pelipper|0 fnt\n|faint|p1b: Pelipper\n|\n|win|GepecavaIIi\n|raw|fuels good's rating: 1323 &rarr; <strong>1306</strong><br />(-17 for losing)\n|raw|GepecavaIIi's rating: 1373 &rarr; <strong>1390</strong><br />(+17 for winning)\n|l|\u203dfuels good\n|player|p1|\n",
  "uploadtime": 1776364467,
  "views": 24,
  "formatid": "gen9championsvgc2026regma",
  "rating": 1306,
  "private": 0,
  "password": null
}