{
  "id": "gen9championsvgc2026regma-2586869102",
  "format": "[Gen 9 Champions] VGC 2026 Reg M-A",
  "players": [
    "luco39",
    "SunTufo"
  ],
  "log": "|j|\u2606luco39\n|j|\u2606SunTufo\n|t:|1776466929\n|gametype|doubles\n|player|p1|luco39|101|1204\n|player|p2|SunTufo|li|1232\n|gen|9\n|tier|[Gen 9 Champions] VGC 2026 Reg M-A\n|rated|\n|rule|Species Clause: Limit one of each Pok\u00e9mon\n|rule|Item Clause: Limit 1 of each item\n|clearpoke\n|poke|p1|Hawlucha, L50, M|\n|poke|p1|Snorlax, L50, F|\n|poke|p1|Incineroar, L50, F|\n|poke|p1|Jolteon, L50, M|\n|poke|p1|Sinistcha, L50|\n|poke|p1|Froslass, L50, F|\n|poke|p2|Aerodactyl, L50, F|\n|poke|p2|Floette-Eternal, L50, F|\n|poke|p2|Incineroar, L50, F|\n|poke|p2|Sinistcha-Masterpiece, L50|\n|poke|p2|Sneasler, L50, M|\n|poke|p2|Kingambit, L50, M|\n|teampreview|4\n|inactive|Battle timer is ON: inactive players will automatically lose when time's up. (requested by SunTufo)\n|\n|t:|1776466959\n|teamsize|p1|4\n|teamsize|p2|4\n|start\n|switch|p1a: Hawlucha|Hawlucha, L50, M|100/100\n|switch|p1b: Snorlax|Snorlax, L50, F|100/100\n|switch|p2a: Aerodactyl|Aerodactyl, L50, F|100/100\n|switch|p2b: Floette|Floette-Eternal, L50, F|100/100\n|-ability|p2a: Aerodactyl|Unnerve\n|turn|1\n|inactive|luco39 has 30 seconds left.\n|\n|t:|1776466989\n|detailschange|p1a: Hawlucha|Hawlucha-Mega, L50, M\n|-mega|p1a: Hawlucha|Hawlucha|Hawluchanite\n|detailschange|p2b: Floette|Floette-Mega, L50, F\n|-mega|p2b: Floette|Floette|Floettite\n|-ability|p2b: Floette|Fairy Aura\n|move|p2a: Aerodactyl|Tailwind|p2a: Aerodactyl\n|-sidestart|p2: SunTufo|move: Tailwind\n|move|p2b: Floette|Moonblast|p1a: Hawlucha\n|-supereffective|p1a: Hawlucha|1\n|-damage|p1a: Hawlucha|0 fnt\n|faint|p1a: Hawlucha\n|move|p1b: Snorlax|Fissure|p2b: Floette\n|-damage|p2b: Floette|0 fnt\n|faint|p2b: Floette\n|-ohko\n|\n|upkeep\n|\n|t:|1776467007\n|switch|p1a: Incineroar|Incineroar, L50, F|100/100\n|switch|p2b: Incineroar|Incineroar, L50, F|100/100\n|-ability|p2b: Incineroar|Intimidate|boost\n|-unboost|p1a: Incineroar|atk|1\n|-unboost|p1b: Snorlax|atk|1\n|-ability|p1a: Incineroar|Intimidate|boost\n|-unboost|p2a: Aerodactyl|atk|1\n|-unboost|p2b: Incineroar|atk|1\n|turn|2\n|\n|t:|1776467026\n|switch|p2a: Sinistcha|Sinistcha-Masterpiece, L50|100/100\n|move|p1a: Incineroar|Fake Out|p2a: Sinistcha\n|-immune|p2a: Sinistcha\n|move|p2b: Incineroar|Parting Shot|p1b: Snorlax\n|-unboost|p1b: Snorlax|atk|1\n|-unboost|p1b: Snorlax|spa|1\n|\n|t:|1776467032\n|switch|p2b: Aerodactyl|Aerodactyl, L50, F|100/100|[from] Parting Shot\n|-ability|p2b: Aerodactyl|Unnerve\n|move|p1b: Snorlax|Encore||[still]\n|-fail|p1b: Snorlax\n|\n|upkeep\n|turn|3\n|inactive|luco39 has 30 seconds left.\n|inactive|luco39 has 20 seconds left.\n|\n|t:|1776467067\n|switch|p2a: Incineroar|Incineroar, L50, F|100/100\n|-ability|p2a: Incineroar|Intimidate|boost\n|-unboost|p1a: Incineroar|atk|1\n|-unboost|p1b: Snorlax|atk|1\n|switch|p1a: Sinistcha|Sinistcha, L50|100/100\n|move|p2b: Aerodactyl|Rock Slide|p1b: Snorlax|[spread] p1a,p1b\n|-damage|p1a: Sinistcha|76/100\n|-damage|p1b: Snorlax|83/100\n|move|p1b: Snorlax|Fissure|p2a: Incineroar|[miss]\n|-miss|p1b: Snorlax|p2a: Incineroar\n|\n|-heal|p1b: Snorlax|90/100|[from] item: Leftovers\n|upkeep\n|turn|4\n|inactive|luco39 has 30 seconds left.\n|inactive|luco39 has 20 seconds left.\n|inactive|luco39 has 15 seconds left.\n|\n|t:|1776467111\n|move|p2b: Aerodactyl|Dual Wingbeat|p1a: Sinistcha\n|-supereffective|p1a: Sinistcha|1\n|-damage|p1a: Sinistcha|42/100\n|-supereffective|p1a: Sinistcha|1\n|-crit|p1a: Sinistcha\n|-damage|p1a: Sinistcha|0 fnt\n|faint|p1a: Sinistcha\n|-hitcount|p1: Sinistcha|2\n|move|p2a: Incineroar|Taunt|p1b: Snorlax\n|-start|p1b: Snorlax|move: Taunt\n|move|p1b: Snorlax|Fissure|p2a: Incineroar|[miss]\n|-miss|p1b: Snorlax|p2a: Incineroar\n|\n|-heal|p1b: Snorlax|96/100|[from] item: Leftovers\n|-sideend|p2: SunTufo|move: Tailwind\n|upkeep\n|\n|t:|1776467126\n|switch|p1a: Incineroar|Incineroar, L50, F|100/100\n|-ability|p1a: Incineroar|Intimidate|boost\n|-unboost|p2a: Incineroar|atk|1\n|-unboost|p2b: Aerodactyl|atk|1\n|turn|5\n|\n|t:|1776467137\n|switch|p2b: Sinistcha|Sinistcha-Masterpiece, L50|100/100\n|move|p1a: Incineroar|Fake Out|p2b: Sinistcha\n|-immune|p2b: Sinistcha\n|move|p2a: Incineroar|Parting Shot|p1b: Snorlax\n|-unboost|p1b: Snorlax|atk|1\n|-unboost|p1b: Snorlax|spa|1\n|\n|t:|1776467144\n|switch|p2a: Aerodactyl|Aerodactyl, L50, F|100/100|[from] Parting Shot\n|-ability|p2a: Aerodactyl|Unnerve\n|move|p1b: Snorlax|Fissure|p2a: Aerodactyl\n|-immune|p2a: Aerodactyl\n|\n|-heal|p1b: Snorlax|100/100|[from] item: Leftovers\n|upkeep\n|turn|6\n|\n|t:|1776467168\n|switch|p2b: Incineroar|Incineroar, L50, F|100/100\n|-ability|p2b: Incineroar|Intimidate|boost\n|-unboost|p1a: Incineroar|atk|1\n|-unboost|p1b: Snorlax|atk|1\n|move|p2a: Aerodactyl|Rock Slide|p1a: Incineroar|[spread] p1b\n|-miss|p2a: Aerodactyl|p1a: Incineroar\n|-damage|p1b: Snorlax|84/100\n|move|p1a: Incineroar|Darkest Lariat|p2a: Aerodactyl\n|-damage|p2a: Aerodactyl|68/100\n|move|p1b: Snorlax|Fissure|p2b: Incineroar\n|-damage|p2b: Incineroar|0 fnt\n|faint|p2b: Incineroar\n|-ohko\n|\n|-heal|p1b: Snorlax|90/100|[from] item: Leftovers\n|-end|p1b: Snorlax|move: Taunt\n|upkeep\n|\n|t:|1776467174\n|switch|p2b: Sinistcha|Sinistcha-Masterpiece, L50|100/100\n|-heal|p2a: Aerodactyl|93/100|[from] ability: Hospitality|[of] p2b: Sinistcha\n|turn|7\n|inactive|luco39 has 30 seconds left.\n|\n|t:|1776467201\n|move|p2a: Aerodactyl|Rock Slide|p1b: Snorlax|[spread] p1a,p1b\n|-supereffective|p1a: Incineroar|1\n|-damage|p1a: Incineroar|58/100\n|-damage|p1b: Snorlax|74/100\n|move|p2b: Sinistcha|Matcha Gotcha|p1a: Incineroar|[spread] p1a,p1b\n|-resisted|p1a: Incineroar|1\n|-damage|p1a: Incineroar|48/100\n|-damage|p1b: Snorlax|60/100\n|cant|p1a: Incineroar|flinch\n|move|p1b: Snorlax|Smack Down|p2a: Aerodactyl\n|-supereffective|p2a: Aerodactyl|1\n|-damage|p2a: Aerodactyl|80/100\n|-start|p2a: Aerodactyl|Smack Down\n|\n|-heal|p1b: Snorlax|66/100|[from] item: Leftovers\n|upkeep\n|turn|8\n|\n|t:|1776467225\n|move|p2b: Sinistcha|Rage Powder|p2b: Sinistcha\n|-singleturn|p2b: Sinistcha|move: Rage Powder\n|move|p2a: Aerodactyl|Rock Slide|p1a: Incineroar|[spread] p1a\n|-miss|p2a: Aerodactyl|p1b: Snorlax\n|-supereffective|p1a: Incineroar|1\n|-damage|p1a: Incineroar|8/100\n|move|p1a: Incineroar|Flare Blitz|p2b: Sinistcha\n|-supereffective|p2b: Sinistcha|1\n|-damage|p2b: Sinistcha|43/100\n|-damage|p1a: Incineroar|0 fnt|[from] Recoil\n|faint|p1a: Incineroar\n|move|p1b: Snorlax|Fissure|p2b: Sinistcha|[miss]\n|-miss|p1b: Snorlax|p2b: Sinistcha\n|\n|-heal|p1b: Snorlax|72/100|[from] item: Leftovers\n|upkeep\n|turn|9\n|\n|t:|1776467245\n|move|p2a: Aerodactyl|Protect|p2a: Aerodactyl\n|-singleturn|p2a: Aerodactyl|Protect\n|move|p2b: Sinistcha|Matcha Gotcha|p1b: Snorlax\n|-damage|p1b: Snorlax|52/100\n|-heal|p2b: Sinistcha|58/100|[from] drain|[of] p1b: Snorlax\n|-status|p1b: Snorlax|brn\n|move|p1b: Snorlax|Fissure|p2a: Aerodactyl\n|-activate|p2a: Aerodactyl|move: Protect\n|\n|-heal|p1b: Snorlax|58/100 brn|[from] item: Leftovers\n|-damage|p1b: Snorlax|52/100 brn|[from] brn\n|upkeep\n|turn|10\n|\n|t:|1776467264\n|move|p2b: Sinistcha|Rage Powder|p2b: Sinistcha\n|-singleturn|p2b: Sinistcha|move: Rage Powder\n|move|p2a: Aerodactyl|Dual Wingbeat|p1b: Snorlax\n|-damage|p1b: Snorlax|41/100 brn\n|-damage|p1b: Snorlax|29/100 brn\n|-hitcount|p1b: Snorlax|2\n|move|p1b: Snorlax|Fissure|p2b: Sinistcha\n|-damage|p2b: Sinistcha|0 fnt\n|faint|p2b: Sinistcha\n|-ohko\n|\n|-heal|p1b: Snorlax|35/100 brn|[from] item: Leftovers\n|-damage|p1b: Snorlax|29/100 brn|[from] brn\n|upkeep\n|turn|11\n|\n|t:|1776467283\n|move|p2a: Aerodactyl|Protect|p2a: Aerodactyl\n|-singleturn|p2a: Aerodactyl|Protect\n|move|p1b: Snorlax|Protect||[still]\n|-fail|p1b: Snorlax\n|\n|-heal|p1b: Snorlax|35/100 brn|[from] item: Leftovers\n|-damage|p1b: Snorlax|29/100 brn|[from] brn\n|upkeep\n|turn|12\n|\n|t:|1776467302\n|move|p1b: Snorlax|Protect|p1b: Snorlax\n|-singleturn|p1b: Snorlax|Protect\n|move|p2a: Aerodactyl|Dual Wingbeat|p1b: Snorlax\n|-activate|p1b: Snorlax|move: Protect\n|\n|-heal|p1b: Snorlax|35/100 brn|[from] item: Leftovers\n|-damage|p1b: Snorlax|29/100 brn|[from] brn\n|upkeep\n|turn|13\n|\n|t:|1776467313\n|move|p2a: Aerodactyl|Dual Wingbeat|p1b: Snorlax\n|-damage|p1b: Snorlax|17/100 brn\n|-damage|p1b: Snorlax|5/100 brn\n|-hitcount|p1b: Snorlax|2\n|move|p1b: Snorlax|Encore|p2a: Aerodactyl\n|-start|p2a: Aerodactyl|Encore\n|\n|-heal|p1b: Snorlax|11/100 brn|[from] item: Leftovers\n|-damage|p1b: Snorlax|5/100 brn|[from] brn\n|upkeep\n|turn|14\n|\n|t:|1776467324\n|move|p2a: Aerodactyl|Dual Wingbeat|p1b: Snorlax\n|-damage|p1b: Snorlax|0 fnt\n|faint|p1b: Snorlax\n|-hitcount|p1: Snorlax|1\n|\n|win|SunTufo\n|raw|luco39's rating: 1204 &rarr; <strong>1181</strong><br />(-23 for losing)\n|raw|SunTufo's rating: 1232 &rarr; <strong>1255</strong><br />(+23 for winning)\n",
  "uploadtime": 1776467324,
  "views": 22,
  "formatid": "gen9championsvgc2026regma",
  "rating": 1181,
  "private": 0,
  "password": null
}