{
  "id": "gen9championsvgc2026regma-2589405352",
  "format": "[Gen 9 Champions] VGC 2026 Reg M-A",
  "players": [
    "hi7fghk",
    "huge jorts"
  ],
  "log": "|j|\u2606hi7fghk\n|j|\u2606huge jorts\n|t:|1776720272\n|gametype|doubles\n|player|p1|hi7fghk|1|1150\n|player|p2|huge jorts|rocketgrunt|1115\n|gen|9\n|tier|[Gen 9 Champions] VGC 2026 Reg M-A\n|rated|\n|rule|Species Clause: Limit one of each Pok\u00e9mon\n|rule|Item Clause: Limit 1 of each item\n|clearpoke\n|poke|p1|Floette-Eternal, L50, F|\n|poke|p1|Garchomp, L50, F|\n|poke|p1|Aegislash, L50, F|\n|poke|p1|Incineroar, L50, F|\n|poke|p1|Rotom-Wash, L50|\n|poke|p1|Sinistcha, L50|\n|poke|p2|Sableye, L50, F|\n|poke|p2|Aggron, L50, M|\n|poke|p2|Sinistcha-Masterpiece, L50|\n|poke|p2|Tyranitar, L50, F|\n|poke|p2|Incineroar, L50, M|\n|poke|p2|Blastoise, L50, M|\n|teampreview|4\n|inactive|Battle timer is ON: inactive players will automatically lose when time's up. (requested by hi7fghk)\n|inactive|hi7fghk has 60 seconds left.\n|\n|t:|1776720315\n|teamsize|p1|4\n|teamsize|p2|4\n|start\n|switch|p1a: Incineroar|Incineroar, L50, F|100/100\n|switch|p1b: Floette|Floette-Eternal, L50, F|100/100\n|switch|p2a: Aggron|Aggron, L50, M|100/100\n|switch|p2b: Sableye|Sableye, L50, F|100/100\n|-ability|p1a: Incineroar|Intimidate|boost\n|-unboost|p2a: Aggron|atk|1\n|-unboost|p2b: Sableye|atk|1\n|turn|1\n|\n|t:|1776720332\n|detailschange|p1b: Floette|Floette-Mega, L50, F\n|-mega|p1b: Floette|Floette|Floettite\n|-ability|p1b: Floette|Fairy Aura\n|detailschange|p2a: Aggron|Aggron-Mega, L50, M\n|-mega|p2a: Aggron|Aggron|Aggronite\n|move|p2a: Aggron|Protect|p2a: Aggron\n|-singleturn|p2a: Aggron|Protect\n|move|p1a: Incineroar|Fake Out|p2a: Aggron\n|-activate|p2a: Aggron|move: Protect\n|move|p2b: Sableye|Light Screen|p2b: Sableye\n|-sidestart|p2: huge jorts|move: Light Screen\n|move|p1b: Floette|Dazzling Gleam|p2a: Aggron|[spread] p2b\n|-activate|p2a: Aggron|move: Protect\n|-supereffective|p2b: Sableye|1\n|-crit|p2b: Sableye\n|-damage|p2b: Sableye|0 fnt\n|faint|p2b: Sableye\n|\n|upkeep\n|\n|t:|1776720348\n|switch|p2b: Blastoise|Blastoise, L50, M|100/100\n|turn|2\n|\n|t:|1776720371\n|move|p1b: Floette|Protect|p1b: Floette\n|-singleturn|p1b: Floette|Protect\n|move|p2b: Blastoise|Fake Out|p1a: Incineroar\n|-damage|p1a: Incineroar|89/100\n|cant|p1a: Incineroar|flinch\n|move|p2a: Aggron|Iron Head|p1b: Floette\n|-activate|p1b: Floette|move: Protect\n|\n|upkeep\n|turn|3\n|\n|t:|1776720392\n|switch|p1b: Sinistcha|Sinistcha, L50|100/100\n|-heal|p1a: Incineroar|100/100|[from] ability: Hospitality|[of] p1b: Sinistcha\n|move|p2b: Blastoise|Flip Turn|p1a: Incineroar\n|-supereffective|p1a: Incineroar|1\n|-damage|p1a: Incineroar|56/100\n|\n|t:|1776720400\n|switch|p2b: Sinistcha|Sinistcha-Masterpiece, L50|100/100|[from] Flip Turn\n|move|p1a: Incineroar|Parting Shot|p2b: Sinistcha\n|-unboost|p2b: Sinistcha|atk|1\n|-unboost|p2b: Sinistcha|spa|1\n|\n|t:|1776720411\n|switch|p1a: Floette|Floette-Mega, L50, F|100/100|[from] Parting Shot\n|-ability|p1a: Floette|Fairy Aura\n|move|p2a: Aggron|Iron Head|p1b: Sinistcha\n|-damage|p1b: Sinistcha|80/100\n|\n|-heal|p1b: Sinistcha|86/100|[from] item: Leftovers\n|upkeep\n|turn|4\n|\n|t:|1776720428\n|move|p2b: Sinistcha|Protect|p2b: Sinistcha\n|-singleturn|p2b: Sinistcha|Protect\n|move|p1a: Floette|Moonblast|p2b: Sinistcha\n|-activate|p2b: Sinistcha|move: Protect\n|move|p1b: Sinistcha|Matcha Gotcha|p2a: Aggron|[spread] p2a\n|-activate|p2b: Sinistcha|move: Protect\n|-resisted|p2a: Aggron|1\n|-damage|p2a: Aggron|94/100\n|-heal|p1b: Sinistcha|90/100|[from] drain|[of] p2a: Aggron\n|move|p2a: Aggron|Iron Defense|p2a: Aggron\n|-boost|p2a: Aggron|def|2\n|\n|-heal|p1b: Sinistcha|96/100|[from] item: Leftovers\n|upkeep\n|turn|5\n|inactive|huge jorts has 30 seconds left.\n|inactive|huge jorts has 20 seconds left.\n|inactive|huge jorts has 15 seconds left.\n|\n|t:|1776720469\n|switch|p2b: Blastoise|Blastoise, L50, M|100/100\n|move|p2a: Aggron|Protect|p2a: Aggron\n|-singleturn|p2a: Aggron|Protect\n|move|p1a: Floette|Moonblast|p2b: Blastoise\n|-damage|p2b: Blastoise|57/100\n|move|p1b: Sinistcha|Matcha Gotcha|p2a: Aggron|[spread] p2b\n|-activate|p2a: Aggron|move: Protect\n|-supereffective|p2b: Blastoise|1\n|-damage|p2b: Blastoise|33/100\n|-heal|p1b: Sinistcha|100/100|[from] drain|[of] p2b: Blastoise\n|\n|-sideend|p2: huge jorts|move: Light Screen\n|upkeep\n|turn|6\n|inactive|huge jorts has 30 seconds left.\n|inactive|huge jorts has 20 seconds left.\n|\n|t:|1776720508\n|move|p1a: Floette|Protect|p1a: Floette\n|-singleturn|p1a: Floette|Protect\n|move|p2b: Blastoise|Life Dew|p2b: Blastoise|[spread] p2a,p2b\n|-heal|p2a: Aggron|100/100\n|-heal|p2b: Blastoise|57/100\n|move|p1b: Sinistcha|Matcha Gotcha|p2a: Aggron|[spread] p2b\n|-miss|p1b: Sinistcha|p2a: Aggron\n|-supereffective|p2b: Blastoise|1\n|-damage|p2b: Blastoise|17/100\n|move|p2a: Aggron|Iron Head|p1a: Floette\n|-activate|p1a: Floette|move: Protect\n|\n|upkeep\n|turn|7\n|\n|t:|1776720531\n|switch|p1a: Incineroar|Incineroar, L50, F|56/100\n|-ability|p1a: Incineroar|Intimidate|boost\n|-unboost|p2a: Aggron|atk|1\n|-unboost|p2b: Blastoise|atk|1\n|move|p2b: Blastoise|Flip Turn|p1a: Incineroar\n|-supereffective|p1a: Incineroar|1\n|-damage|p1a: Incineroar|26/100\n|-enditem|p1a: Incineroar|Sitrus Berry|[eat]\n|-heal|p1a: Incineroar|51/100|[from] item: Sitrus Berry\n|\n|t:|1776720540\n|switch|p2b: Sinistcha|Sinistcha-Masterpiece, L50|100/100|[from] Flip Turn\n|move|p1b: Sinistcha|Matcha Gotcha|p2b: Sinistcha|[spread] p2a,p2b\n|-resisted|p2a: Aggron|1\n|-resisted|p2b: Sinistcha|1\n|-damage|p2a: Aggron|90/100\n|-damage|p2b: Sinistcha|89/100\n|move|p2a: Aggron|Iron Head|p1a: Incineroar\n|-resisted|p1a: Incineroar|1\n|-damage|p1a: Incineroar|42/100\n|\n|-heal|p2b: Sinistcha|95/100|[from] item: Leftovers\n|upkeep\n|turn|8\n|inactive|huge jorts has 30 seconds left.\n|\n|t:|1776720571\n|move|p2b: Sinistcha|Protect|p2b: Sinistcha\n|-singleturn|p2b: Sinistcha|Protect\n|move|p1a: Incineroar|Fake Out|p2a: Aggron\n|-resisted|p2a: Aggron|1\n|-damage|p2a: Aggron|89/100\n|move|p1b: Sinistcha|Matcha Gotcha|p2a: Aggron|[spread] p2a\n|-activate|p2b: Sinistcha|move: Protect\n|-resisted|p2a: Aggron|1\n|-damage|p2a: Aggron|78/100\n|cant|p2a: Aggron|flinch\n|\n|-heal|p2b: Sinistcha|100/100|[from] item: Leftovers\n|upkeep\n|turn|9\n|inactive|huge jorts has 30 seconds left.\n|\n|t:|1776720599\n|move|p2b: Sinistcha|Matcha Gotcha|p1a: Incineroar|[spread] p1b\n|-miss|p2b: Sinistcha|p1a: Incineroar\n|-resisted|p1b: Sinistcha|1\n|-damage|p1b: Sinistcha|89/100\n|move|p1b: Sinistcha|Matcha Gotcha|p2a: Aggron|[spread] p2a,p2b\n|-resisted|p2a: Aggron|1\n|-resisted|p2b: Sinistcha|1\n|-damage|p2a: Aggron|69/100\n|-heal|p1b: Sinistcha|93/100|[from] drain|[of] p2a: Aggron\n|-damage|p2b: Sinistcha|90/100\n|-heal|p1b: Sinistcha|98/100|[from] drain|[of] p2b: Sinistcha\n|move|p1a: Incineroar|Darkest Lariat|p2b: Sinistcha\n|-supereffective|p2b: Sinistcha|1\n|-damage|p2b: Sinistcha|22/100\n|move|p2a: Aggron|Body Press|p1a: Incineroar\n|-supereffective|p1a: Incineroar|1\n|-damage|p1a: Incineroar|0 fnt\n|faint|p1a: Incineroar\n|\n|-heal|p2b: Sinistcha|28/100|[from] item: Leftovers\n|-heal|p1b: Sinistcha|100/100|[from] item: Leftovers\n|upkeep\n|\n|t:|1776720623\n|switch|p1a: Floette|Floette-Mega, L50, F|100/100\n|-ability|p1a: Floette|Fairy Aura\n|turn|10\n|\n|t:|1776720642\n|move|p2b: Sinistcha|Protect|p2b: Sinistcha\n|-singleturn|p2b: Sinistcha|Protect\n|move|p1a: Floette|Calm Mind|p1a: Floette\n|-boost|p1a: Floette|spa|1\n|-boost|p1a: Floette|spd|1\n|move|p1b: Sinistcha|Matcha Gotcha|p2a: Aggron|[spread] p2a\n|-activate|p2b: Sinistcha|move: Protect\n|-resisted|p2a: Aggron|1\n|-damage|p2a: Aggron|59/100\n|move|p2a: Aggron|Iron Head|p1b: Sinistcha\n|-damage|p1b: Sinistcha|85/100\n|\n|-heal|p2b: Sinistcha|34/100|[from] item: Leftovers\n|-heal|p1b: Sinistcha|91/100|[from] item: Leftovers\n|upkeep\n|turn|11\n|inactive|huge jorts has 30 seconds left.\n|\n|t:|1776720671\n|switch|p2a: Blastoise|Blastoise, L50, M|17/100\n|move|p2b: Sinistcha|Protect||[still]\n|-fail|p2b: Sinistcha\n|move|p1a: Floette|Dazzling Gleam|p2b: Sinistcha|[spread] p2a,p2b\n|-damage|p2a: Blastoise|0 fnt\n|-damage|p2b: Sinistcha|0 fnt\n|faint|p2a: Blastoise\n|faint|p2b: Sinistcha\n|move|p1b: Sinistcha|Matcha Gotcha|p2: Blastoise|[notarget]\n|-fail|p1b: Sinistcha\n|\n|-heal|p1b: Sinistcha|97/100|[from] item: Leftovers\n|upkeep\n|inactive|huge jorts has 30 seconds left.\n|\n|t:|1776720699\n|switch|p2a: Aggron|Aggron-Mega, L50, M|59/100\n|turn|12\n|\n|t:|1776720704\n|move|p1b: Sinistcha|Rage Powder|p1b: Sinistcha\n|-singleturn|p1b: Sinistcha|move: Rage Powder\n|move|p1a: Floette|Moonblast|p2a: Aggron\n|-resisted|p2a: Aggron|1\n|-damage|p2a: Aggron|13/100\n|move|p2a: Aggron|Iron Head|p1b: Sinistcha\n|-damage|p1b: Sinistcha|68/100\n|\n|-heal|p1b: Sinistcha|74/100|[from] item: Leftovers\n|upkeep\n|turn|13\n|\n|t:|1776720716\n|move|p1b: Sinistcha|Rage Powder|p1b: Sinistcha\n|-singleturn|p1b: Sinistcha|move: Rage Powder\n|move|p1a: Floette|Moonblast|p2a: Aggron\n|-resisted|p2a: Aggron|1\n|-damage|p2a: Aggron|0 fnt\n|faint|p2a: Aggron\n|\n|win|hi7fghk\n|raw|hi7fghk's rating: 1150 &rarr; <strong>1172</strong><br />(+22 for winning)\n|raw|huge jorts's rating: 1115 &rarr; <strong>1093</strong><br />(-22 for losing)\n",
  "uploadtime": 1776720725,
  "views": 7,
  "formatid": "gen9championsvgc2026regma",
  "rating": 1093,
  "private": 0,
  "password": null
}