{
  "id": "gen9championsvgc2026regma-2587152470",
  "format": "[Gen 9 Champions] VGC 2026 Reg M-A",
  "players": [
    "PippoFrancoIvan",
    "KMMULLER2020"
  ],
  "log": "|j|\u2606PippoFrancoIvan\n|j|\u2606KMMULLER2020\n|t:|1776501115\n|gametype|doubles\n|player|p1|PippoFrancoIvan|worker|1180\n|player|p2|KMMULLER2020|nate|1222\n|gen|9\n|tier|[Gen 9 Champions] VGC 2026 Reg M-A\n|rated|\n|rule|Species Clause: Limit one of each Pok\u00e9mon\n|rule|Item Clause: Limit 1 of each item\n|clearpoke\n|poke|p1|Gardevoir, L50, F|\n|poke|p1|Sinistcha, L50|\n|poke|p1|Charizard, L50, M|\n|poke|p1|Corviknight, L50, M, shiny|\n|poke|p1|Incineroar, L50, M|\n|poke|p1|Rotom-Wash, L50, shiny|\n|poke|p2|Gardevoir, L50, M|\n|poke|p2|Kingambit, L50, M|\n|poke|p2|Ninetales-Alola, L50, F|\n|poke|p2|Arcanine-Hisui, L50, M|\n|poke|p2|Garchomp, L50, M|\n|poke|p2|Gyarados, L50, F|\n|teampreview|4\n|inactive|Battle timer is ON: inactive players will automatically lose when time's up. (requested by KMMULLER2020)\n|inactive|PippoFrancoIvan has 60 seconds left.\n|inactive|KMMULLER2020 has 60 seconds left.\n|inactive|KMMULLER2020 has 30 seconds left.\n|inactive|KMMULLER2020 has 20 seconds left.\n|inactive|KMMULLER2020 has 15 seconds left.\n|inactive|KMMULLER2020 has 10 seconds left.\n|\n|t:|1776501199\n|teamsize|p1|4\n|teamsize|p2|4\n|start\n|switch|p1a: Gardevoir|Gardevoir, L50, F|100/100\n|switch|p1b: Corviknight|Corviknight, L50, M, shiny|100/100\n|switch|p2a: Garchomp|Garchomp, L50, M|100/100\n|switch|p2b: Kingambit|Kingambit, L50, M|100/100\n|-ability|p1a: Gardevoir|Rough Skin|Trace|[from] ability: Trace|[of] p2a: Garchomp\n|turn|1\n|inactive|PippoFrancoIvan has 30 seconds left.\n|inactive|KMMULLER2020 has 30 seconds left.\n|inactive|PippoFrancoIvan has 20 seconds left.\n|inactive|KMMULLER2020 has 20 seconds left.\n|inactive|PippoFrancoIvan has 15 seconds left.\n|\n|t:|1776501243\n|detailschange|p1a: Gardevoir|Gardevoir-Mega, L50, F\n|-mega|p1a: Gardevoir|Gardevoir|Gardevoirite\n|move|p2b: Kingambit|Sucker Punch||[still]\n|-fail|p2b: Kingambit\n|move|p2a: Garchomp|Poison Jab|p1a: Gardevoir\n|-supereffective|p1a: Gardevoir|1\n|-damage|p1a: Gardevoir|33/100\n|-status|p1a: Gardevoir|psn\n|move|p1a: Gardevoir|Calm Mind|p1a: Gardevoir\n|-boost|p1a: Gardevoir|spa|1\n|-boost|p1a: Gardevoir|spd|1\n|move|p1b: Corviknight|Body Press|p2b: Kingambit\n|-supereffective|p2b: Kingambit|2\n|-damage|p2b: Kingambit|34/100\n|\n|-damage|p1a: Gardevoir|21/100 psn|[from] psn\n|upkeep\n|turn|2\n|inactive|PippoFrancoIvan has 30 seconds left.\n|inactive|KMMULLER2020 has 30 seconds left.\n|\n|t:|1776501277\n|switch|p2a: Ninetales|Ninetales-Alola, L50, F|100/100\n|-weather|Snowscape|[from] ability: Snow Warning|[of] p2a: Ninetales\n|switch|p1b: Sinistcha|Sinistcha, L50|100/100\n|-heal|p1a: Gardevoir|46/100 psn|[from] ability: Hospitality|[of] p1b: Sinistcha\n|move|p2b: Kingambit|Sucker Punch|p1a: Gardevoir\n|-damage|p1a: Gardevoir|8/100 psn\n|move|p1a: Gardevoir|Hyper Voice|p2a: Ninetales|[spread] p2a,p2b\n|-damage|p2a: Ninetales|28/100\n|-damage|p2b: Kingambit|0 fnt\n|faint|p2b: Kingambit\n|\n|-weather|Snowscape|[upkeep]\n|-damage|p1a: Gardevoir|0 fnt|[from] psn\n|faint|p1a: Gardevoir\n|upkeep\n|\n|t:|1776501296\n|switch|p1a: Corviknight|Corviknight, L50, M, shiny|100/100\n|switch|p2b: Gardevoir|Gardevoir, L50, M|100/100\n|-ability|p2b: Gardevoir|Mirror Armor|Trace|[from] ability: Trace|[of] p1a: Corviknight\n|turn|3\n|inactive|PippoFrancoIvan has 30 seconds left.\n|\n|t:|1776501326\n|switch|p1b: Rotom|Rotom-Wash, L50, shiny|100/100\n|detailschange|p2b: Gardevoir|Gardevoir-Mega, L50, M\n|-mega|p2b: Gardevoir|Gardevoir|Gardevoirite\n|move|p2a: Ninetales|Aurora Veil|p2a: Ninetales\n|-sidestart|p2: KMMULLER2020|move: Aurora Veil\n|move|p2b: Gardevoir|Calm Mind|p2b: Gardevoir\n|-boost|p2b: Gardevoir|spa|1\n|-boost|p2b: Gardevoir|spd|1\n|move|p1a: Corviknight|Bulk Up|p1a: Corviknight\n|-boost|p1a: Corviknight|atk|1\n|-boost|p1a: Corviknight|def|1\n|\n|-weather|Snowscape|[upkeep]\n|upkeep\n|turn|4\n|\n|t:|1776501348\n|move|p2a: Ninetales|Blizzard|p1a: Corviknight|[spread] p1a,p1b\n|-resisted|p1b: Rotom|1\n|-damage|p1a: Corviknight|73/100\n|-damage|p1b: Rotom|80/100\n|-status|p1b: Rotom|frz\n|cant|p1b: Rotom|frz\n|move|p2b: Gardevoir|Hyper Voice|p1b: Rotom|[spread] p1a,p1b\n|-resisted|p1a: Corviknight|1\n|-damage|p1a: Corviknight|39/100\n|-damage|p1b: Rotom|0 fnt\n|faint|p1b: Rotom\n|move|p1a: Corviknight|Iron Head|p2b: Gardevoir\n|-supereffective|p2b: Gardevoir|1\n|-damage|p2b: Gardevoir|30/100\n|\n|-weather|Snowscape|[upkeep]\n|-heal|p1a: Corviknight|45/100|[from] item: Leftovers\n|upkeep\n|\n|t:|1776501362\n|switch|p1b: Sinistcha|Sinistcha, L50|100/100\n|-heal|p1a: Corviknight|70/100|[from] ability: Hospitality|[of] p1b: Sinistcha\n|turn|5\n|\n|t:|1776501374\n|move|p2a: Ninetales|Blizzard|p1a: Corviknight|[spread] p1a,p1b\n|-supereffective|p1b: Sinistcha|1\n|-damage|p1a: Corviknight|43/100\n|-damage|p1b: Sinistcha|38/100\n|-status|p1a: Corviknight|frz\n|-enditem|p1b: Sinistcha|Sitrus Berry|[eat]\n|-heal|p1b: Sinistcha|62/100|[from] item: Sitrus Berry\n|move|p2b: Gardevoir|Hyper Voice|p1a: Corviknight|[spread] p1a,p1b\n|-resisted|p1a: Corviknight|1\n|-damage|p1a: Corviknight|8/100 frz\n|-damage|p1b: Sinistcha|0 fnt\n|faint|p1b: Sinistcha\n|-curestatus|p1a: Corviknight|frz|[msg]\n|move|p1a: Corviknight|Iron Head|p2b: Gardevoir\n|-supereffective|p2b: Gardevoir|1\n|-damage|p2b: Gardevoir|0 fnt\n|faint|p2b: Gardevoir\n|\n|-weather|Snowscape|[upkeep]\n|-heal|p1a: Corviknight|15/100|[from] item: Leftovers\n|upkeep\n|\n|t:|1776501392\n|switch|p2b: Garchomp|Garchomp, L50, M|100/100\n|turn|6\n|-message|PippoFrancoIvan forfeited.\n|\n|win|KMMULLER2020\n|raw|PippoFrancoIvan's rating: 1180 &rarr; <strong>1158</strong><br />(-22 for losing)\n|raw|KMMULLER2020's rating: 1222 &rarr; <strong>1244</strong><br />(+22 for winning)\n|l|\u2606PippoFrancoIvan\n|player|p1|\n",
  "uploadtime": 1776501400,
  "views": 14,
  "formatid": "gen9championsvgc2026regma",
  "rating": 1158,
  "private": 0,
  "password": null
}