{
  "id": "gen9championsvgc2026regma-2581616868",
  "format": "[Gen 9 Champions] VGC 2026 Reg M-A",
  "players": [
    "DavidTIS",
    "Velenicucs"
  ],
  "log": "|j|\u2606DavidTIS\n|j|\u2606Velenicucs\n|t:|1776015432\n|gametype|doubles\n|player|p1|DavidTIS|volkner|1081\n|player|p2|Velenicucs|ghetsis|1172\n|gen|9\n|tier|[Gen 9 Champions] VGC 2026 Reg M-A\n|rated|\n|rule|Species Clause: Limit one of each Pok\u00e9mon\n|rule|Item Clause: Limit 1 of each item\n|clearpoke\n|poke|p1|Garganacl, L50, M|\n|poke|p1|Mimikyu, L50, M|\n|poke|p1|Chimecho, L50, M|\n|poke|p1|Slowbro, L50, F|\n|poke|p1|Lucario, L50, F|\n|poke|p1|Drampa, L50, F|\n|poke|p2|Meganium, L50, M|\n|poke|p2|Pelipper, L50, F|\n|poke|p2|Archaludon, L50, M|\n|poke|p2|Basculegion, L50, M|\n|poke|p2|Incineroar, L50, F|\n|poke|p2|Maushold-Four, L50|\n|teampreview|4\n|inactive|Battle timer is ON: inactive players will automatically lose when time's up. (requested by DavidTIS)\n|inactive|DavidTIS has 60 seconds left.\n|\n|t:|1776015478\n|teamsize|p1|4\n|teamsize|p2|4\n|start\n|switch|p1a: Mimikyu|Mimikyu, L50, M|100/100\n|switch|p1b: Lucario|Lucario, L50, F|100/100\n|switch|p2a: Pelippo|Pelipper, L50, F|100/100\n|switch|p2b: Crappo|Meganium, L50, M|100/100\n|-weather|RainDance|[from] ability: Drizzle|[of] p2a: Pelippo\n|turn|1\n|\n|t:|1776015493\n|detailschange|p2b: Crappo|Meganium-Mega, L50, M\n|-mega|p2b: Crappo|Meganium|Meganiumite\n|move|p1b: Lucario|Thunder Punch|p2a: Pelippo\n|-supereffective|p2a: Pelippo|2\n|-damage|p2a: Pelippo|9/100\n|move|p2a: Pelippo|Hurricane|p1b: Lucario\n|-damage|p1b: Lucario|16/100\n|move|p2b: Crappo|Solar Beam||[still]\n|-prepare|p2b: Crappo|Solar Beam\n|-activate|p2b: Crappo|ability: Mega Sol\n|-anim|p2b: Crappo|Solar Beam|p1a: Mimikyu\n|-activate|p1a: Mimikyu|ability: Disguise\n|-damage|p1a: Mimikyu|100/100\n|detailschange|p1a: Mimikyu|Mimikyu-Busted, L50, M\n|-damage|p1a: Mimikyu|88/100|[from] pokemon: Mimikyu-Busted\n|move|p1a: Mimikyu|Trick Room|p1a: Mimikyu\n|-fieldstart|move: Trick Room|[of] p1a: Mimikyu\n|\n|-weather|RainDance|[upkeep]\n|upkeep\n|turn|2\n|inactive|DavidTIS has 30 seconds left.\n|inactive|DavidTIS has 20 seconds left.\n|\n|t:|1776015529\n|switch|p1b: Chimecho|Chimecho, L50, M|100/100\n|move|p1a: Mimikyu|Shadow Sneak|p2a: Pelippo\n|-damage|p2a: Pelippo|0 fnt\n|faint|p2a: Pelippo\n|move|p2b: Crappo|Solar Beam||[still]\n|-prepare|p2b: Crappo|Solar Beam\n|-activate|p2b: Crappo|ability: Mega Sol\n|-anim|p2b: Crappo|Solar Beam|p1a: Mimikyu\n|-crit|p1a: Mimikyu\n|-damage|p1a: Mimikyu|0 fnt\n|faint|p1a: Mimikyu\n|\n|-weather|RainDance|[upkeep]\n|upkeep\n|\n|t:|1776015546\n|switch|p1a: Drampa|Drampa, L50, F|100/100\n|switch|p2a: Bascureggio|Basculegion, L50, M, shiny|100/100\n|-ability|p1a: Drampa|Cloud Nine\n|turn|3\n|inactive|DavidTIS has 30 seconds left.\n|\n|t:|1776015574\n|detailschange|p1b: Chimecho|Chimecho-Mega, L50, M\n|-mega|p1b: Chimecho|Chimecho|Chimechite\n|move|p1a: Drampa|Flamethrower|p2b: Crappo\n|-supereffective|p2b: Crappo|1\n|-damage|p2b: Crappo|51/100\n|-status|p2b: Crappo|brn\n|move|p1b: Chimecho|Flash Cannon|p2b: Crappo\n|-supereffective|p2b: Crappo|1\n|-damage|p2b: Crappo|0 fnt\n|faint|p2b: Crappo\n|move|p2a: Bascureggio|Flip Turn|p1b: Chimecho\n|-damage|p1b: Chimecho|60/100\n|\n|t:|1776015585\n|switch|p2a: GSB|Archaludon, L50, M|100/100|[from] Flip Turn\n|\n|-weather|RainDance|[upkeep]\n|upkeep\n|\n|t:|1776015589\n|switch|p2b: Bascureggio|Basculegion, L50, M, shiny|100/100\n|turn|4\n|\n|t:|1776015606\n|move|p1a: Drampa|Draco Meteor|p2a: GSB\n|-damage|p2a: GSB|13/100\n|-unboost|p1a: Drampa|spa|2\n|-ability|p2a: GSB|Stamina|boost\n|-boost|p2a: GSB|def|1\n|-enditem|p1a: Drampa|White Herb\n|-clearnegativeboost|p1a: Drampa|[silent]\n|move|p1b: Chimecho|Psychic|p2a: GSB\n|-resisted|p2a: GSB|1\n|-damage|p2a: GSB|0 fnt\n|faint|p2a: GSB\n|move|p2b: Bascureggio|Last Respects|p1a: Drampa\n|-immune|p1a: Drampa\n|\n|-weather|RainDance|[upkeep]\n|upkeep\n|turn|5\n|-message|Velenicucs forfeited.\n|\n|win|DavidTIS\n|raw|DavidTIS's rating: 1081 &rarr; <strong>1116</strong><br />(+35 for winning)\n|raw|Velenicucs's rating: 1172 &rarr; <strong>1141</strong><br />(-31 for losing)\n|l|\u2606Velenicucs\n|player|p2|\n",
  "uploadtime": 1776015623,
  "views": 18,
  "formatid": "gen9championsvgc2026regma",
  "rating": 1116,
  "private": 0,
  "password": null
}