{
  "id": "gen9championsvgc2026regma-2585512043",
  "format": "[Gen 9 Champions] VGC 2026 Reg M-A",
  "players": [
    "VGC Refugee",
    "wuben"
  ],
  "log": "|j|\u2606VGC Refugee\n|j|\u2606wuben\n|t:|1776352494\n|gametype|doubles\n|player|p1|VGC Refugee|colress|1148\n|player|p2|wuben|1|1160\n|gen|9\n|tier|[Gen 9 Champions] VGC 2026 Reg M-A\n|rated|\n|rule|Species Clause: Limit one of each Pok\u00e9mon\n|rule|Item Clause: Limit 1 of each item\n|clearpoke\n|poke|p1|Golurk, L50|\n|poke|p1|Oranguru, L50, F|\n|poke|p1|Blastoise, L50, F|\n|poke|p1|Torkoal, L50, M|\n|poke|p1|Venusaur, L50, F|\n|poke|p1|Vivillon, L50, F|\n|poke|p2|Venusaur, L50, M|\n|poke|p2|Primarina, L50, M|\n|poke|p2|Incineroar, L50, M|\n|poke|p2|Sneasler, L50, F|\n|poke|p2|Tyranitar, L50, F|\n|poke|p2|Whimsicott, L50, F|\n|teampreview|4\n|inactive|Battle timer is ON: inactive players will automatically lose when time's up. (requested by VGC Refugee)\n|inactive|VGC Refugee has 60 seconds left.\n|\n|t:|1776352525\n|teamsize|p1|4\n|teamsize|p2|4\n|start\n|switch|p1a: Older Girl|Oranguru, L50, F|100/100\n|switch|p1b: Rainy Walk|Blastoise, L50, F|100/100\n|switch|p2a: Tyranitar|Tyranitar, L50, F|100/100\n|switch|p2b: Sneasler|Sneasler, L50, F|100/100\n|-weather|Sandstorm|[from] ability: Sand Stream|[of] p2a: Tyranitar\n|turn|1\n|\n|t:|1776352549\n|move|p2b: Sneasler|Fake Out|p1a: Older Girl\n|-damage|p1a: Older Girl|88/100\n|move|p1b: Rainy Walk|Fake Out|p2a: Tyranitar\n|-resisted|p2a: Tyranitar|1\n|-damage|p2a: Tyranitar|97/100\n|cant|p2a: Tyranitar|flinch\n|move|p1a: Older Girl|Trick Room|p1a: Older Girl\n|-fieldstart|move: Trick Room|[of] p1a: Older Girl\n|\n|-weather|Sandstorm|[upkeep]\n|-damage|p1b: Rainy Walk|95/100|[from] Sandstorm\n|-damage|p1a: Older Girl|82/100|[from] Sandstorm\n|-damage|p2b: Sneasler|95/100|[from] Sandstorm\n|upkeep\n|turn|2\n|\n|t:|1776352571\n|detailschange|p1b: Rainy Walk|Blastoise-Mega, L50, F\n|-mega|p1b: Rainy Walk|Blastoise|Blastoisinite\n|move|p2b: Sneasler|Protect|p2b: Sneasler\n|-singleturn|p2b: Sneasler|Protect\n|move|p1b: Rainy Walk|Water Spout|p2a: Tyranitar|[spread] p2a\n|-activate|p2b: Sneasler|move: Protect\n|-supereffective|p2a: Tyranitar|1\n|-crit|p2a: Tyranitar\n|-damage|p2a: Tyranitar|0 fnt\n|faint|p2a: Tyranitar\n|move|p1a: Older Girl|Instruct|p1b: Rainy Walk\n|-singleturn|p1b: Rainy Walk|move: Instruct|[of] p1a: Older Girl\n|move|p1b: Rainy Walk|Water Spout|p2b: Sneasler\n|-activate|p2b: Sneasler|move: Protect\n|\n|-weather|Sandstorm|[upkeep]\n|-damage|p1b: Rainy Walk|89/100|[from] Sandstorm\n|-damage|p1a: Older Girl|76/100|[from] Sandstorm\n|-damage|p2b: Sneasler|89/100|[from] Sandstorm\n|upkeep\n|\n|t:|1776352583\n|switch|p2a: Venusaur|Venusaur, L50, M, shiny|100/100\n|turn|3\n|\n|t:|1776352589\n|detailschange|p2a: Venusaur|Venusaur-Mega, L50, M, shiny\n|-mega|p2a: Venusaur|Venusaur|Venusaurite\n|move|p1b: Rainy Walk|Water Spout|p2a: Venusaur|[spread] p2a,p2b\n|-resisted|p2a: Venusaur|1\n|-crit|p2a: Venusaur\n|-damage|p2a: Venusaur|62/100\n|-damage|p2b: Sneasler|13/100\n|move|p1a: Older Girl|Instruct|p1b: Rainy Walk\n|-singleturn|p1b: Rainy Walk|move: Instruct|[of] p1a: Older Girl\n|move|p1b: Rainy Walk|Water Spout|p2a: Venusaur|[spread] p2a,p2b\n|-resisted|p2a: Venusaur|1\n|-damage|p2a: Venusaur|37/100\n|-damage|p2b: Sneasler|0 fnt\n|faint|p2b: Sneasler\n|move|p2a: Venusaur|Energy Ball|p1b: Rainy Walk\n|-supereffective|p1b: Rainy Walk|1\n|-damage|p1b: Rainy Walk|7/100\n|\n|-weather|Sandstorm|[upkeep]\n|-damage|p1b: Rainy Walk|1/100|[from] Sandstorm\n|-damage|p1a: Older Girl|70/100|[from] Sandstorm\n|-damage|p2a: Venusaur|32/100|[from] Sandstorm\n|upkeep\n|\n|t:|1776352607\n|switch|p2b: Primarina|Primarina, L50, M, shiny|100/100\n|turn|4\n|\n|t:|1776352611\n|move|p2b: Primarina|Protect|p2b: Primarina\n|-singleturn|p2b: Primarina|Protect\n|move|p2a: Venusaur|Protect|p2a: Venusaur\n|-singleturn|p2a: Venusaur|Protect\n|move|p1b: Rainy Walk|Muddy Water|p2a: Venusaur|[spread] \n|-activate|p2a: Venusaur|move: Protect\n|-activate|p2b: Primarina|move: Protect\n|move|p1a: Older Girl|Instruct|p1b: Rainy Walk\n|-singleturn|p1b: Rainy Walk|move: Instruct|[of] p1a: Older Girl\n|move|p1b: Rainy Walk|Muddy Water|p2b: Primarina|[spread] \n|-activate|p2a: Venusaur|move: Protect\n|-activate|p2b: Primarina|move: Protect\n|\n|-weather|Sandstorm|[upkeep]\n|-damage|p2b: Primarina|95/100|[from] Sandstorm\n|-damage|p1b: Rainy Walk|0 fnt|[from] Sandstorm\n|-damage|p1a: Older Girl|63/100|[from] Sandstorm\n|-damage|p2a: Venusaur|26/100|[from] Sandstorm\n|faint|p1b: Rainy Walk\n|-heal|p2b: Primarina|100/100|[from] item: Leftovers\n|upkeep\n|\n|t:|1776352616\n|switch|p1b: Sun Glow|Torkoal, L50, M|100/100\n|-weather|SunnyDay|[from] ability: Drought|[of] p1b: Sun Glow\n|turn|5\n|\n|t:|1776352632\n|move|p1b: Sun Glow|Eruption|p2a: Venusaur|[spread] p2a,p2b\n|-supereffective|p2a: Venusaur|1\n|-resisted|p2b: Primarina|1\n|-damage|p2a: Venusaur|0 fnt\n|-damage|p2b: Primarina|65/100\n|faint|p2a: Venusaur\n|move|p2b: Primarina|Calm Mind|p2b: Primarina\n|-boost|p2b: Primarina|spa|1\n|-boost|p2b: Primarina|spd|1\n|move|p1a: Older Girl|Encore|p2b: Primarina\n|-start|p2b: Primarina|Encore\n|\n|-weather|SunnyDay|[upkeep]\n|-heal|p2b: Primarina|71/100|[from] item: Leftovers\n|-fieldend|move: Trick Room\n|upkeep\n|turn|6\n|-message|wuben forfeited.\n|\n|win|VGC Refugee\n|raw|VGC Refugee's rating: 1148 &rarr; <strong>1174</strong><br />(+26 for winning)\n|raw|wuben's rating: 1160 &rarr; <strong>1134</strong><br />(-26 for losing)\n|l|\u2606wuben\n|player|p2|\n",
  "uploadtime": 1776352660,
  "views": 17,
  "formatid": "gen9championsvgc2026regma",
  "rating": 1134,
  "private": 0,
  "password": null
}