{
  "id": "gen9championsvgc2026regma-2583476288",
  "format": "[Gen 9 Champions] VGC 2026 Reg M-A",
  "players": [
    "FragZ2004",
    "noahguyvgc"
  ],
  "log": "|j|\u2606FragZ2004\n|j|\u2606noahguyvgc\n|t:|1776178078\n|gametype|doubles\n|player|p1|FragZ2004|101|1086\n|player|p2|noahguyvgc|roxie|1149\n|gen|9\n|tier|[Gen 9 Champions] VGC 2026 Reg M-A\n|rated|\n|rule|Species Clause: Limit one of each Pok\u00e9mon\n|rule|Item Clause: Limit 1 of each item\n|clearpoke\n|poke|p1|Charizard, L50, M|\n|poke|p1|Venusaur, L50, M|\n|poke|p1|Garchomp, L50, M|\n|poke|p1|Rotom-Wash, L50|\n|poke|p1|Sneasler, L50, M|\n|poke|p1|Incineroar, L50, M|\n|poke|p2|Aerodactyl, L50, F|\n|poke|p2|Sneasler, L50, M|\n|poke|p2|Tyranitar, L50, M|\n|poke|p2|Excadrill, L50, F|\n|poke|p2|Aggron, L50, F|\n|poke|p2|Sinistcha, L50|\n|teampreview|4\n|inactive|Battle timer is ON: inactive players will automatically lose when time's up. (requested by noahguyvgc)\n|\n|t:|1776178101\n|teamsize|p1|4\n|teamsize|p2|4\n|start\n|switch|p1a: Charizard|Charizard, L50, M, shiny|100/100\n|switch|p1b: Venusaur|Venusaur, L50, M|100/100\n|switch|p2a: Aerodactyl|Aerodactyl, L50, F|100/100\n|switch|p2b: Sneasler|Sneasler, L50, M|100/100\n|-ability|p2a: Aerodactyl|Unnerve\n|turn|1\n|\n|t:|1776178124\n|detailschange|p2a: Aerodactyl|Aerodactyl-Mega, L50, F\n|-mega|p2a: Aerodactyl|Aerodactyl|Aerodactylite\n|detailschange|p1a: Charizard|Charizard-Mega-Y, L50, M, shiny\n|-mega|p1a: Charizard|Charizard|Charizardite Y\n|-weather|SunnyDay|[from] ability: Drought|[of] p1a: Charizard\n|move|p2b: Sneasler|Fake Out|p1b: Venusaur\n|-damage|p1b: Venusaur|80/100\n|cant|p1b: Venusaur|flinch\n|move|p2a: Aerodactyl|Rock Slide|p1b: Venusaur|[spread] p1a,p1b\n|-supereffective|p1a: Charizard|2\n|-damage|p1a: Charizard|0 fnt\n|-damage|p1b: Venusaur|40/100\n|faint|p1a: Charizard\n|\n|-weather|SunnyDay|[upkeep]\n|upkeep\n|\n|t:|1776178137\n|switch|p1a: Rotom|Rotom-Wash, L50, shiny|100/100\n|turn|2\n|\n|t:|1776178147\n|switch|p2a: Tyranitar|Tyranitar, L50, M|100/100\n|-weather|Sandstorm|[from] ability: Sand Stream|[of] p2a: Tyranitar\n|move|p2b: Sneasler|Close Combat|p1a: Rotom\n|-damage|p1a: Rotom|37/100\n|-unboost|p2b: Sneasler|def|1\n|-unboost|p2b: Sneasler|spd|1\n|-enditem|p2b: Sneasler|White Herb\n|-clearnegativeboost|p2b: Sneasler|[silent]\n|move|p1b: Venusaur|Sleep Powder|p2b: Sneasler|[miss]\n|-miss|p1b: Venusaur|p2b: Sneasler\n|move|p1a: Rotom|Hydro Pump|p2a: Tyranitar\n|-supereffective|p2a: Tyranitar|1\n|-damage|p2a: Tyranitar|49/100\n|\n|-weather|Sandstorm|[upkeep]\n|-damage|p2b: Sneasler|95/100|[from] Sandstorm\n|-damage|p1b: Venusaur|34/100|[from] Sandstorm\n|-damage|p1a: Rotom|32/100|[from] Sandstorm\n|-heal|p1a: Rotom|37/100|[from] item: Leftovers\n|upkeep\n|turn|3\n|inactive|noahguyvgc has 30 seconds left.\n|inactive|noahguyvgc has 20 seconds left.\n|\n|t:|1776178186\n|move|p2a: Tyranitar|Protect|p2a: Tyranitar\n|-singleturn|p2a: Tyranitar|Protect\n|move|p2b: Sneasler|Close Combat|p1a: Rotom\n|-damage|p1a: Rotom|0 fnt\n|-unboost|p2b: Sneasler|def|1\n|-unboost|p2b: Sneasler|spd|1\n|faint|p1a: Rotom\n|move|p1b: Venusaur|Sleep Powder|p2b: Sneasler\n|-status|p2b: Sneasler|slp|[from] move: Sleep Powder\n|\n|-weather|Sandstorm|[upkeep]\n|-damage|p2b: Sneasler|89/100 slp|[from] Sandstorm\n|-damage|p1b: Venusaur|28/100|[from] Sandstorm\n|upkeep\n|\n|t:|1776178194\n|switch|p1a: Sneasler|Sneasler, L50, M|100/100\n|turn|4\n|\n|t:|1776178213\n|move|p1a: Sneasler|Fake Out|p2a: Tyranitar\n|-resisted|p2a: Tyranitar|1\n|-damage|p2a: Tyranitar|43/100\n|cant|p2b: Sneasler|slp\n|move|p1b: Venusaur|Leaf Storm|p2a: Tyranitar\n|-supereffective|p2a: Tyranitar|1\n|-damage|p2a: Tyranitar|0 fnt\n|-unboost|p1b: Venusaur|spa|2\n|faint|p2a: Tyranitar\n|\n|-weather|Sandstorm|[upkeep]\n|-damage|p2b: Sneasler|83/100 slp|[from] Sandstorm\n|-damage|p1a: Sneasler|95/100|[from] Sandstorm\n|-damage|p1b: Venusaur|22/100|[from] Sandstorm\n|upkeep\n|\n|t:|1776178220\n|switch|p2a: Excadrill|Excadrill, L50, F|100/100\n|turn|5\n|\n|t:|1776178241\n|-curestatus|p2b: Sneasler|slp|[msg]\n|move|p2b: Sneasler|Coaching|p2a: Excadrill\n|-boost|p2a: Excadrill|atk|1\n|-boost|p2a: Excadrill|def|1\n|move|p2a: Excadrill|Earthquake|p1b: Venusaur|[spread] p2b,p1a,p1b\n|-supereffective|p2b: Sneasler|1\n|-supereffective|p1a: Sneasler|1\n|-damage|p2b: Sneasler|0 fnt\n|-damage|p1a: Sneasler|0 fnt\n|-damage|p1b: Venusaur|0 fnt\n|faint|p2b: Sneasler\n|faint|p1a: Sneasler\n|faint|p1b: Venusaur\n|\n|win|noahguyvgc\n|raw|FragZ2004's rating: 1086 &rarr; <strong>1067</strong><br />(-19 for losing)\n|raw|noahguyvgc's rating: 1149 &rarr; <strong>1170</strong><br />(+21 for winning)\n|l|\u2606FragZ2004\n|player|p1|\n",
  "uploadtime": 1776178255,
  "views": 25,
  "formatid": "gen9championsvgc2026regma",
  "rating": 1067,
  "private": 0,
  "password": null
}