{
  "id": "gen9championsvgc2026regma-2587448011",
  "format": "[Gen 9 Champions] VGC 2026 Reg M-A",
  "players": [
    "Endergeimer",
    "vindland"
  ],
  "log": "|j|\u2606Endergeimer\n|j|\u2606vindland\n|t:|1776532644\n|gametype|doubles\n|player|p1|Endergeimer|1|1115\n|player|p2|vindland|n|1064\n|gen|9\n|tier|[Gen 9 Champions] VGC 2026 Reg M-A\n|rated|\n|rule|Species Clause: Limit one of each Pok\u00e9mon\n|rule|Item Clause: Limit 1 of each item\n|clearpoke\n|poke|p1|Basculegion, L50, M|\n|poke|p1|Gengar, L50, F|\n|poke|p1|Runerigus, L50, F|\n|poke|p1|Chandelure, L50, M|\n|poke|p1|Trevenant, L50, M|\n|poke|p1|Zoroark-Hisui, L50, F|\n|poke|p2|Gyarados, L50, F, shiny|\n|poke|p2|Scizor, L50, M|\n|poke|p2|Ninetales-Alola, L50, M, shiny|\n|poke|p2|Garchomp, L50, M|\n|poke|p2|Sneasler, L50, F, shiny|\n|poke|p2|Ceruledge, L50, F, shiny|\n|teampreview|4\n|c|\u2606Endergeimer|GLHF...\nEndergeimer has agreed to open team sheets.\n|inactive|Battle timer is ON: inactive players will automatically lose when time's up. (requested by vindland)\n|\n|t:|1776532682\n|teamsize|p1|4\n|teamsize|p2|4\n|start\n|switch|p1a: Gengar|Gengar, L50, F|100/100\n|switch|p1b: Runerigus|Runerigus, L50, F|100/100\n|switch|p2a: Gyarados|Gyarados, L50, F, shiny|100/100\n|switch|p2b: Ninetales|Ninetales-Alola, L50, M, shiny|100/100\n|-weather|Snowscape|[from] ability: Snow Warning|[of] p2b: Ninetales\n|-ability|p2a: Gyarados|Intimidate|boost\n|-unboost|p1a: Gengar|atk|1\n|-unboost|p1b: Runerigus|atk|1\n|turn|1\n|inactive|Endergeimer has 30 seconds left.\n|\n|t:|1776532710\n|detailschange|p2a: Gyarados|Gyarados-Mega, L50, F, shiny\n|-mega|p2a: Gyarados|Gyarados|Gyaradosite\n|-ability|p2a: Gyarados|Mold Breaker\n|move|p1a: Gengar|Clear Smog|p1b: Runerigus\n|-resisted|p1b: Runerigus|2\n|-damage|p1b: Runerigus|96/100\n|-clearboost|p1b: Runerigus\n|move|p2b: Ninetales|Aurora Veil|p2b: Ninetales\n|-sidestart|p2: vindland|move: Aurora Veil\n|move|p2a: Gyarados|Crunch|p1b: Runerigus\n|-supereffective|p1b: Runerigus|1\n|-enditem|p1b: Runerigus|Colbur Berry|[eat]\n|-enditem|p1b: Runerigus|Colbur Berry|[weaken]\n|-damage|p1b: Runerigus|66/100\n|-unboost|p1b: Runerigus|def|1\n|-activate|p2a: Gyarados|Skill Swap|Wandering Spirit|Mold Breaker|[of] p1b: Runerigus\n|-ability|p1b: Runerigus|Mold Breaker\n|move|p1b: Runerigus|Phantom Force||[still]\n|-prepare|p1b: Runerigus|Phantom Force\n|\n|-weather|Snowscape|[upkeep]\n|upkeep\n|turn|2\n|inactive|Endergeimer has 30 seconds left.\n|\n|t:|1776532737\n|move|p1a: Gengar|Shadow Ball|p2b: Ninetales\n|-damage|p2b: Ninetales|72/100\n|move|p2b: Ninetales|Blizzard|p1a: Gengar|[spread] p1a\n|-miss|p2b: Ninetales|p1b: Runerigus\n|-damage|p1a: Gengar|60/100\n|move|p2a: Gyarados|Crunch|p1a: Gengar\n|-supereffective|p1a: Gengar|1\n|-damage|p1a: Gengar|0 fnt\n|-start|p2a: Gyarados|Disable|Crunch|[from] ability: Cursed Body|[of] p1a: Gengar\n|faint|p1a: Gengar\n|move|p1b: Runerigus|Phantom Force|p2a: Gyarados|[from] lockedmove\n|-resisted|p2a: Gyarados|1\n|-damage|p2a: Gyarados|93/100\n|-activate|p1b: Runerigus|Skill Swap|Wandering Spirit|Mold Breaker|[of] p2a: Gyarados\n|-ability|p2a: Gyarados|Mold Breaker\n|\n|-weather|Snowscape|[upkeep]\n|upkeep\n|\n|t:|1776532757\n|switch|p1a: Chandelure|Chandelure, L50, M|100/100\n|turn|3\n|\n|t:|1776532770\n|detailschange|p1a: Chandelure|Chandelure-Mega, L50, M\n|-mega|p1a: Chandelure|Chandelure|Chandelurite\n|move|p2b: Ninetales|Blizzard|p1b: Runerigus|[spread] p1a,p1b\n|-resisted|p1a: Chandelure|1\n|-supereffective|p1b: Runerigus|1\n|-damage|p1a: Chandelure|85/100\n|-damage|p1b: Runerigus|27/100\n|move|p1a: Chandelure|Heat Wave|p2a: Gyarados|[spread] p2a,p2b\n|-resisted|p2a: Gyarados|1\n|-supereffective|p2b: Ninetales|1\n|-damage|p2a: Gyarados|73/100\n|-damage|p2b: Ninetales|0 fnt\n|faint|p2b: Ninetales\n|move|p2a: Gyarados|Waterfall|p1a: Chandelure\n|-supereffective|p1a: Chandelure|1\n|-damage|p1a: Chandelure|0 fnt\n|faint|p1a: Chandelure\n|move|p1b: Runerigus|Phantom Force||[still]\n|-prepare|p1b: Runerigus|Phantom Force\n|\n|-weather|Snowscape|[upkeep]\n|upkeep\n|\n|t:|1776532786\n|switch|p2b: Ceruledge|Ceruledge, L50, F, shiny|100/100\n|switch|p1a: Basculegion|Basculegion, L50, M|100/100\n|turn|4\n|inactive|Endergeimer has 30 seconds left.\n|inactive|Endergeimer has 20 seconds left.\n|\n|t:|1776532823\n|switch|p2a: Scizor|Scizor, L50, M|100/100\n|move|p1a: Basculegion|Last Respects|p2b: Ceruledge\n|-supereffective|p2b: Ceruledge|1\n|-damage|p2b: Ceruledge|0 fnt\n|faint|p2b: Ceruledge\n|move|p1b: Runerigus|Phantom Force|p2a: Scizor|[from] lockedmove\n|-damage|p2a: Scizor|75/100\n|\n|-weather|Snowscape|[upkeep]\n|upkeep\n|\n|t:|1776532828\n|switch|p2b: Gyarados|Gyarados-Mega, L50, F, shiny|73/100\n|-ability|p2b: Gyarados|Mold Breaker\n|turn|5\n|inactive|Endergeimer has 30 seconds left.\n|\n|t:|1776532854\n|move|p2b: Gyarados|Protect|p2b: Gyarados\n|-singleturn|p2b: Gyarados|Protect\n|move|p1a: Basculegion|Last Respects|p2b: Gyarados\n|-activate|p2b: Gyarados|move: Protect\n|move|p2a: Scizor|Knock Off|p1a: Basculegion\n|-supereffective|p1a: Basculegion|1\n|-damage|p1a: Basculegion|26/100\n|-enditem|p1a: Basculegion|Choice Scarf|[from] move: Knock Off|[of] p2a: Scizor\n|move|p1b: Runerigus|Earthquake|p2b: Gyarados|[spread] p1a,p2a\n|-activate|p2b: Gyarados|move: Protect\n|-damage|p1a: Basculegion|0 fnt\n|-damage|p2a: Scizor|56/100\n|faint|p1a: Basculegion\n|\n|-weather|none\n|-sideend|p2: vindland|move: Aurora Veil\n|upkeep\n|turn|6\n|\n|t:|1776532875\n|move|p2a: Scizor|Bullet Punch|p1b: Runerigus\n|-crit|p1b: Runerigus\n|-damage|p1b: Runerigus|0 fnt\n|-activate|p2a: Scizor|Skill Swap|Wandering Spirit|Technician|[of] p1b: Runerigus\n|faint|p1b: Runerigus\n|\n|win|vindland\n|raw|Endergeimer's rating: 1115 &rarr; <strong>1086</strong><br />(-29 for losing)\n|raw|vindland's rating: 1064 &rarr; <strong>1099</strong><br />(+35 for winning)\n|c|\u2606Endergeimer|GG...\n|l|\u2606Endergeimer\n|player|p1|\n|l|\u2606vindland\n|player|p2|\n|j|\u2606vindland\n|player|p2|vindland|n|\n|l|\u2606vindland\n|player|p2|\n|j|\u2606Endergeimer\n|player|p1|Endergeimer|1|\n",
  "uploadtime": 1776533201,
  "views": 13,
  "formatid": "gen9championsvgc2026regma",
  "rating": 1086,
  "private": 0,
  "password": null
}