{
  "id": "gen9championsvgc2026regma-2587763029",
  "format": "[Gen 9 Champions] VGC 2026 Reg M-A",
  "players": [
    "ascii_ch",
    "POKEMONPLAYER355"
  ],
  "log": "|j|\u2606ascii_ch\n|j|\u2606POKEMONPLAYER355\n|t:|1776561515\n|gametype|doubles\n|player|p1|ascii_ch|miku-ghost|1046\n|player|p2|POKEMONPLAYER355|swimmer-gen4|1082\n|gen|9\n|tier|[Gen 9 Champions] VGC 2026 Reg M-A\n|rated|\n|rule|Species Clause: Limit one of each Pok\u00e9mon\n|rule|Item Clause: Limit 1 of each item\n|clearpoke\n|poke|p1|Chimecho, L50, F|\n|poke|p1|Sneasler, L50, F|\n|poke|p1|Zoroark-Hisui, L50, M|\n|poke|p1|Kommo-o, L50, M|\n|poke|p1|Farigiraf, L50, M|\n|poke|p1|Rotom-Heat, L50|\n|poke|p2|Sneasler, L50, F|\n|poke|p2|Meowstic-F, L50, F|\n|poke|p2|Farigiraf, L50, M|\n|poke|p2|Ninetales-Alola, L50, M|\n|poke|p2|Conkeldurr, L50, F|\n|poke|p2|Basculegion, L50, M|\n|teampreview|4\n|inactive|Battle timer is ON: inactive players will automatically lose when time's up. (requested by POKEMONPLAYER355)\n|inactive|POKEMONPLAYER355 has 60 seconds left.\n|\n|t:|1776561547\n|teamsize|p1|4\n|teamsize|p2|4\n|start\n|switch|p1a: Farigiraf|Farigiraf, L50, M|100/100\n|switch|p1b: Kommo-o|Kommo-o, L50, M|100/100\n|switch|p2a: The ler|Sneasler, L50, F|100/100\n|switch|p2b: Basculegion|Basculegion, L50, M|100/100\n|turn|1\n|\n|t:|1776561562\n|move|p2a: The ler|Fake Out|p1a: Farigiraf\n|-immune|p1a: Farigiraf\n|move|p1a: Farigiraf|Psychic|p2a: The ler\n|-supereffective|p2a: The ler|2\n|-damage|p2a: The ler|0 fnt\n|faint|p2a: The ler\n|move|p2b: Basculegion|Flip Turn|p1b: Kommo-o\n|-resisted|p1b: Kommo-o|1\n|-damage|p1b: Kommo-o|84/100\n|\n|t:|1776561567\n|switch|p2b: Meowstic|Meowstic-F, L50, F|100/100|[from] Flip Turn\n|move|p1b: Kommo-o|Iron Defense|p1b: Kommo-o\n|-boost|p1b: Kommo-o|def|2\n|\n|upkeep\n|\n|t:|1776561576\n|switch|p2a: Basculegion|Basculegion, L50, M|100/100\n|turn|2\n|\n|t:|1776561591\n|switch|p1a: Farigiraf|Farigiraf, L50, M|100/100\n|detailschange|p2b: Meowstic|Meowstic-F-Mega, L50, F\n|-mega|p2b: Meowstic|Meowstic|Meowsticite\n|-ability|p2b: Meowstic|Armor Tail|Trace|[from] ability: Trace|[of] p1a: Farigiraf\n|move|p1b: Kommo-o|Protect|p1b: Kommo-o\n|-singleturn|p1b: Kommo-o|Protect\n|move|p2a: Basculegion|Flip Turn|p1a: Farigiraf\n|-damage|p1a: Farigiraf|56/100\n|\n|t:|1776561599\n|switch|p2a: Conkeldurr|Conkeldurr, L50, F|100/100|[from] Flip Turn\n|move|p2b: Meowstic|Alluring Voice|p1b: Kommo-o\n|-activate|p1b: Kommo-o|move: Protect\n|\n|upkeep\n|turn|3\n|\n|t:|1776561614\n|move|p2b: Meowstic|Alluring Voice|p1b: Kommo-o\n|-immune|p1b: Kommo-o|[from] ability: Soundproof\n|move|p1b: Kommo-o|Rock Slide|p2a: Conkeldurr|[spread] p2a\n|-miss|p1b: Kommo-o|p2b: Meowstic\n|-resisted|p2a: Conkeldurr|1\n|-damage|p2a: Conkeldurr|92/100\n|move|p1a: Farigiraf|Psychic|p2a: Conkeldurr\n|-supereffective|p2a: Conkeldurr|1\n|-damage|p2a: Conkeldurr|0 fnt\n|faint|p2a: Conkeldurr\n|\n|upkeep\n|\n|t:|1776561619\n|switch|p2a: Basculegion|Basculegion, L50, M|100/100\n|turn|4\n|\n|t:|1776561629\n|move|p2a: Basculegion|Last Respects|p1b: Kommo-o\n|-damage|p1b: Kommo-o|40/100\n|move|p2b: Meowstic|Expanding Force|p1b: Kommo-o\n|-supereffective|p1b: Kommo-o|1\n|-damage|p1b: Kommo-o|0 fnt\n|faint|p1b: Kommo-o\n|move|p1a: Farigiraf|Trick Room|p1a: Farigiraf\n|-fieldstart|move: Trick Room|[of] p1a: Farigiraf\n|\n|upkeep\n|\n|t:|1776561637\n|switch|p1b: Chimecho|Chimecho, L50, F|100/100\n|turn|5\n|inactive|POKEMONPLAYER355 has 30 seconds left.\n|inactive|POKEMONPLAYER355 has 20 seconds left.\n|\n|t:|1776561677\n|move|p1a: Farigiraf|Protect|p1a: Farigiraf\n|-singleturn|p1a: Farigiraf|Protect\n|move|p2b: Meowstic|Expanding Force|p1a: Farigiraf\n|-activate|p1a: Farigiraf|move: Protect\n|move|p2a: Basculegion|Last Respects|p1b: Chimecho\n|-immune|p1b: Chimecho\n|move|p1b: Chimecho|Bitter Malice|p2b: Meowstic\n|-supereffective|p2b: Meowstic|1\n|-damage|p2b: Meowstic|12/100\n|-unboost|p2b: Meowstic|atk|1\n|\n|upkeep\n|turn|6\n|\n|t:|1776561699\n|move|p1a: Farigiraf|Psychic|p2b: Meowstic\n|-resisted|p2b: Meowstic|1\n|-damage|p2b: Meowstic|0 fnt\n|faint|p2b: Meowstic\n|move|p2a: Basculegion|Last Respects|p1a: Farigiraf\n|-immune|p1a: Farigiraf\n|move|p1b: Chimecho|Bitter Malice|p2a: Basculegion\n|-supereffective|p2a: Basculegion|1\n|-damage|p2a: Basculegion|0 fnt\n|faint|p2a: Basculegion\n|\n|win|ascii_ch\n|raw|ascii_ch's rating: 1046 &rarr; <strong>1083</strong><br />(+37 for winning)\n|raw|POKEMONPLAYER355's rating: 1082 &rarr; <strong>1057</strong><br />(-25 for losing)\n|l|\u2606POKEMONPLAYER355\n|player|p2|\n",
  "uploadtime": 1776561711,
  "views": 15,
  "formatid": "gen9championsvgc2026regma",
  "rating": 1057,
  "private": 0,
  "password": null
}