{
  "id": "gen9championsvgc2026regma-2584145384",
  "format": "[Gen 9 Champions] VGC 2026 Reg M-A",
  "players": [
    "pokeveteran04",
    "thec00ldod"
  ],
  "log": "|j|\u2606pokeveteran04\n|j|\u2606thec00ldod\n|t:|1776230429\n|gametype|doubles\n|player|p1|pokeveteran04|red|\n|player|p2|thec00ldod|266|\n|gen|9\n|tier|[Gen 9 Champions] VGC 2026 Reg M-A\n|rated|Tournament battle\n|rule|Species Clause: Limit one of each Pok\u00e9mon\n|rule|Item Clause: Limit 1 of each item\n|raw|<div class=\"infobox\"><details class=\"readmore\" open><summary><strong>1 custom rule:</strong></summary> Force Open Team Sheets</details></div>\n|clearpoke\n|poke|p1|Charizard, L50, F|\n|poke|p1|Garchomp, L50, F|\n|poke|p1|Rotom-Wash, L50|\n|poke|p1|Sneasler, L50, F|\n|poke|p1|Incineroar, L50, M|\n|poke|p1|Whimsicott, L50, M|\n|poke|p2|Meganium, L50, F|\n|poke|p2|Starmie, L50|\n|poke|p2|Incineroar, L50, M|\n|poke|p2|Ninetales-Alola, L50, F|\n|poke|p2|Aegislash, L50, M|\n|poke|p2|Maushold, L50|\n|teampreview|4\n|showteam|p1|Charizard||CharizarditeY|SolarPower|HeatWave,SolarBeam,WeatherBall,Protect|||F|||50|]Garchomp||ChoiceScarf|RoughSkin|Earthquake,Bulldoze,DragonClaw,RockSlide|||F|||50|]Rotom-Wash||Leftovers|Levitate|WillOWisp,Thunderbolt,HydroPump,Protect||||||50|]Sneasler||WhiteHerb|Unburden|FakeOut,CloseCombat,RockTomb,DireClaw|||F|||50|]Incineroar||SitrusBerry|Intimidate|FakeOut,FlareBlitz,PartingShot,DarkestLariat|||M|||50|]Whimsicott||FocusSash|Prankster|Moonblast,Tailwind,Encore,Protect|||M|||50|\n|showteam|p2|Meganium||Meganiumite|Overgrow|SolarBeam,DazzlingGleam,WeatherBall,Protect|||F|||50|]Starmie||Starminite|NaturalCure|Liquidation,ZenHeadbutt,IceSpinner,Protect||||||50|]Incineroar||SitrusBerry|Intimidate|FakeOut,FlareBlitz,DarkestLariat,PartingShot|||M|||50|]Ninetales-Alola||LumBerry|SnowWarning|AuroraVeil,Blizzard,Protect,Moonblast|||F|||50|]Aegislash||Leftovers|StanceChange|KingsShield,SwordsDance,ShadowSneak,SacredSword|||M|||50|]Maushold||FocusSash|FriendGuard|FollowMe,ThunderWave,SuperFang,HelpingHand||||||50|\n|inactive|Battle timer is ON: inactive players will automatically lose when time's up. (requested by thec00ldod)\n|j| RookieHj\n|l| RookieHj\n|inactive|pokeveteran04 has 60 seconds left.\n|inactive|pokeveteran04 has 30 seconds left.\n|\n|t:|1776230500\n|teamsize|p1|4\n|teamsize|p2|4\n|start\n|switch|p1a: Rotom|Rotom-Wash, L50|100/100\n|switch|p1b: Incineroar|Incineroar, L50, M|100/100\n|switch|p2a: Starmie|Starmie, L50|100/100\n|switch|p2b: Incineroar|Incineroar, L50, M|100/100\n|-ability|p2b: Incineroar|Intimidate|boost\n|-unboost|p1a: Rotom|atk|1\n|-unboost|p1b: Incineroar|atk|1\n|-ability|p1b: Incineroar|Intimidate|boost\n|-unboost|p2a: Starmie|atk|1\n|-unboost|p2b: Incineroar|atk|1\n|turn|1\n|inactive|pokeveteran04 has 30 seconds left.\n|inactive|thec00ldod has 30 seconds left.\n|\n|t:|1776230528\n|detailschange|p2a: Starmie|Starmie-Mega, L50\n|-mega|p2a: Starmie|Starmie|Starminite\n|move|p2b: Incineroar|Fake Out|p1a: Rotom\n|-damage|p1a: Rotom|92/100\n|move|p2a: Starmie|Liquidation|p1b: Incineroar\n|-supereffective|p1b: Incineroar|1\n|-damage|p1b: Incineroar|5/100\n|-unboost|p1b: Incineroar|def|1\n|-enditem|p1b: Incineroar|Sitrus Berry|[eat]\n|-heal|p1b: Incineroar|30/100|[from] item: Sitrus Berry\n|cant|p1a: Rotom|flinch\n|move|p1b: Incineroar|Parting Shot|p2a: Starmie\n|-unboost|p2a: Starmie|atk|1\n|-unboost|p2a: Starmie|spa|1\n|\n|t:|1776230542\n|switch|p1b: Whimsicott|Whimsicott, L50, M|100/100|[from] Parting Shot\n|\n|-heal|p1a: Rotom|98/100|[from] item: Leftovers\n|upkeep\n|turn|2\n|j| Dddddsf\n|\n|t:|1776230549\n|switch|p2a: Maushold|Maushold, L50|100/100\n|move|p1b: Whimsicott|Moonblast|p2b: Incineroar\n|-damage|p2b: Incineroar|78/100\n|move|p1a: Rotom|Hydro Pump|p2b: Incineroar|[miss]\n|-miss|p1a: Rotom|p2b: Incineroar\n|move|p2b: Incineroar|Parting Shot|p1a: Rotom\n|-unboost|p1a: Rotom|atk|1\n|-unboost|p1a: Rotom|spa|1\n|\n|t:|1776230558\n|switch|p2b: Ninetales|Ninetales-Alola, L50, F|100/100|[from] Parting Shot\n|-weather|Snowscape|[from] ability: Snow Warning|[of] p2b: Ninetales\n|\n|-weather|Snowscape|[upkeep]\n|-heal|p1a: Rotom|100/100|[from] item: Leftovers\n|upkeep\n|turn|3\n|l| Dddddsf\n|\n|t:|1776230582\n|move|p1b: Whimsicott|Protect|p1b: Whimsicott\n|-singleturn|p1b: Whimsicott|Protect\n|move|p2a: Maushold|Super Fang|p1b: Whimsicott\n|-activate|p1b: Whimsicott|move: Protect\n|move|p2b: Ninetales|Aurora Veil|p2b: Ninetales\n|-sidestart|p2: thec00ldod|move: Aurora Veil\n|move|p1a: Rotom|Thunderbolt|p2a: Maushold\n|-damage|p2a: Maushold|79/100\n|\n|-weather|Snowscape|[upkeep]\n|upkeep\n|turn|4\n|j| shocccco<3\n|\n|t:|1776230599\n|move|p2a: Maushold|Follow Me|p2a: Maushold\n|-singleturn|p2a: Maushold|move: Follow Me\n|move|p1b: Whimsicott|Encore|p2a: Maushold\n|-start|p2a: Maushold|Encore\n|move|p2b: Ninetales|Blizzard|p1b: Whimsicott|[spread] p1a,p1b\n|-resisted|p1a: Rotom|1\n|-supereffective|p1b: Whimsicott|1\n|-damage|p1a: Rotom|87/100\n|-damage|p1b: Whimsicott|16/100\n|move|p1a: Rotom|Hydro Pump|p2a: Maushold\n|-damage|p2a: Maushold|53/100\n|\n|-weather|Snowscape|[upkeep]\n|-heal|p1a: Rotom|93/100|[from] item: Leftovers\n|upkeep\n|turn|5\n|\n|t:|1776230617\n|move|p2a: Maushold|Follow Me|p2a: Maushold\n|-singleturn|p2a: Maushold|move: Follow Me\n|move|p1b: Whimsicott|Tailwind|p1b: Whimsicott\n|-sidestart|p1: pokeveteran04|move: Tailwind\n|move|p1a: Rotom|Thunderbolt|p2a: Maushold\n|-damage|p2a: Maushold|31/100\n|move|p2b: Ninetales|Blizzard|p1b: Whimsicott|[spread] p1a,p1b\n|-resisted|p1a: Rotom|1\n|-supereffective|p1b: Whimsicott|1\n|-damage|p1a: Rotom|79/100\n|-damage|p1b: Whimsicott|0 fnt\n|faint|p1b: Whimsicott\n|\n|-weather|Snowscape|[upkeep]\n|-heal|p1a: Rotom|85/100|[from] item: Leftovers\n|upkeep\n|\n|t:|1776230633\n|switch|p1b: Charizard|Charizard, L50, F|100/100\n|turn|6\n|\n|t:|1776230643\n|switch|p1a: Incineroar|Incineroar, L50, M|30/100\n|-ability|p1a: Incineroar|Intimidate|boost\n|-unboost|p2a: Maushold|atk|1\n|-unboost|p2b: Ninetales|atk|1\n|switch|p2b: Starmie|Starmie-Mega, L50|100/100\n|detailschange|p1b: Charizard|Charizard-Mega-Y, L50, F\n|-mega|p1b: Charizard|Charizard|Charizardite Y\n|-weather|SunnyDay|[from] ability: Drought|[of] p1b: Charizard\n|move|p2a: Maushold|Follow Me|p2a: Maushold\n|-singleturn|p2a: Maushold|move: Follow Me\n|move|p1b: Charizard|Heat Wave|p2a: Maushold|[spread] p2a,p2b\n|-resisted|p2b: Starmie|1\n|-damage|p2a: Maushold|0 fnt\n|-damage|p2b: Starmie|82/100\n|faint|p2a: Maushold\n|\n|-weather|SunnyDay|[upkeep]\n|upkeep\n|\n|t:|1776230646\n|switch|p2a: Ninetales|Ninetales-Alola, L50, F|100/100\n|-weather|Snowscape|[from] ability: Snow Warning|[of] p2a: Ninetales\n|turn|7\n|inactive|pokeveteran04 has 30 seconds left.\n|\n|t:|1776230678\n|switch|p1b: Rotom|Rotom-Wash, L50|85/100\n|move|p2b: Starmie|Protect|p2b: Starmie\n|-singleturn|p2b: Starmie|Protect\n|move|p2a: Ninetales|Protect|p2a: Ninetales\n|-singleturn|p2a: Ninetales|Protect\n|move|p1a: Incineroar|Fake Out|p2b: Starmie\n|-activate|p2b: Starmie|move: Protect\n|\n|-weather|Snowscape|[upkeep]\n|-heal|p1b: Rotom|90/100|[from] item: Leftovers\n|-sideend|p2: thec00ldod|move: Aurora Veil\n|upkeep\n|turn|8\n|inactive|thec00ldod has 30 seconds left.\n|inactive|thec00ldod has 20 seconds left.\n|inactive|thec00ldod has 15 seconds left.\n|\n|t:|1776230721\n|move|p1b: Rotom|Thunderbolt|p2a: Ninetales\n|-damage|p2a: Ninetales|62/100\n|move|p2b: Starmie|Liquidation|p1a: Incineroar\n|-supereffective|p1a: Incineroar|1\n|-damage|p1a: Incineroar|0 fnt\n|faint|p1a: Incineroar\n|move|p2a: Ninetales|Aurora Veil|p2a: Ninetales\n|-sidestart|p2: thec00ldod|move: Aurora Veil\n|\n|-weather|Snowscape|[upkeep]\n|-heal|p1b: Rotom|96/100|[from] item: Leftovers\n|-sideend|p1: pokeveteran04|move: Tailwind\n|upkeep\n|\n|t:|1776230730\n|switch|p1a: Charizard|Charizard-Mega-Y, L50, F|100/100\n|-weather|SunnyDay|[from] ability: Drought|[of] p1a: Charizard\n|turn|9\n|j| kingcoleman\n|inactive|pokeveteran04 has 30 seconds left.\n|\n|t:|1776230756\n|move|p2b: Starmie|Liquidation|p1a: Charizard\n|-supereffective|p1a: Charizard|1\n|-damage|p1a: Charizard|0 fnt\n|faint|p1a: Charizard\n|move|p2a: Ninetales|Moonblast|p1b: Rotom\n|-damage|p1b: Rotom|67/100\n|move|p1b: Rotom|Thunderbolt|p2b: Starmie\n|-supereffective|p2b: Starmie|1\n|-damage|p2b: Starmie|23/100\n|\n|-weather|SunnyDay|[upkeep]\n|-heal|p1b: Rotom|72/100|[from] item: Leftovers\n|upkeep\n|turn|10\n|\n|t:|1776230780\n|move|p2b: Starmie|Zen Headbutt|p1b: Rotom\n|-damage|p1b: Rotom|9/100\n|move|p2a: Ninetales|Moonblast|p1b: Rotom\n|-damage|p1b: Rotom|0 fnt\n|faint|p1b: Rotom\n|\n|win|thec00ldod\n|n|\u2606pokeveteran04|pokeveteran04\n|n|\u2606thec00ldod|thec00ldod\n|n| shocccco<3|shocccco3\n|n| kingcoleman|kingcoleman\n",
  "uploadtime": 1776230781,
  "views": 17,
  "formatid": "gen9championsvgc2026regma",
  "rating": null,
  "private": 0,
  "password": null
}