{
  "id": "gen9championsvgc2026regma-2587263669",
  "format": "[Gen 9 Champions] VGC 2026 Reg M-A",
  "players": [
    "Kokodewa",
    "lolgz"
  ],
  "log": "|j|\u2606Kokodewa\n|j|\u2606lolgz\n|t:|1776515957\n|gametype|doubles\n|player|p1|Kokodewa|pokemonbreederf|1205\n|player|p2|lolgz|dawn|1312\n|gen|9\n|tier|[Gen 9 Champions] VGC 2026 Reg M-A\n|rated|\n|rule|Species Clause: Limit one of each Pok\u00e9mon\n|rule|Item Clause: Limit 1 of each item\n|clearpoke\n|poke|p1|Incineroar, L50, M|\n|poke|p1|Kingambit, L50, M|\n|poke|p1|Sneasler, L50, F|\n|poke|p1|Garchomp, L50, F|\n|poke|p1|Floette-Eternal, L50, F|\n|poke|p1|Delphox, L50, F|\n|poke|p2|Floette-Eternal, L50, F|\n|poke|p2|Aerodactyl, L50, M|\n|poke|p2|Basculegion, L50, M|\n|poke|p2|Delphox, L50, F|\n|poke|p2|Garchomp, L50, F|\n|poke|p2|Sinistcha, L50|\n|teampreview|4\n|\n|t:|1776515981\n|teamsize|p1|4\n|teamsize|p2|4\n|start\n|switch|p1a: Delphox|Delphox, L50, F|100/100\n|switch|p1b: Sneasler|Sneasler, L50, F|100/100\n|switch|p2a: Aerodactyl|Aerodactyl, L50, M|100/100\n|switch|p2b: Garchomp|Garchomp, L50, F|100/100\n|-ability|p2a: Aerodactyl|Unnerve\n|turn|1\n|inactive|Battle timer is ON: inactive players will automatically lose when time's up. (requested by Kokodewa)\n|\n|t:|1776516001\n|detailschange|p1a: Delphox|Delphox-Mega, L50, F\n|-mega|p1a: Delphox|Delphox|Delphoxite\n|move|p1a: Delphox|Protect|p1a: Delphox\n|-singleturn|p1a: Delphox|Protect\n|move|p1b: Sneasler|Fake Out|p2a: Aerodactyl\n|-resisted|p2a: Aerodactyl|1\n|-damage|p2a: Aerodactyl|88/100\n|cant|p2a: Aerodactyl|flinch\n|move|p2b: Garchomp|Rock Slide|p1b: Sneasler|[spread] p1b\n|-activate|p1a: Delphox|move: Protect\n|-resisted|p1b: Sneasler|1\n|-damage|p1b: Sneasler|85/100\n|\n|upkeep\n|turn|2\n|\n|t:|1776516015\n|move|p1a: Delphox|Heat Wave|p2b: Garchomp|[spread] p2a,p2b\n|-resisted|p2a: Aerodactyl|1\n|-resisted|p2b: Garchomp|1\n|-damage|p2a: Aerodactyl|59/100\n|-damage|p2b: Garchomp|76/100\n|move|p2a: Aerodactyl|Dual Wingbeat|p1b: Sneasler\n|-supereffective|p1b: Sneasler|1\n|-damage|p1b: Sneasler|24/100\n|-supereffective|p1b: Sneasler|1\n|-damage|p1b: Sneasler|0 fnt\n|faint|p1b: Sneasler\n|-hitcount|p1: Sneasler|2\n|move|p2b: Garchomp|Rock Slide|p1a: Delphox\n|-supereffective|p1a: Delphox|1\n|-damage|p1a: Delphox|19/100\n|\n|upkeep\n|\n|t:|1776516023\n|switch|p1b: Incineroar|Incineroar, L50, M|100/100\n|-ability|p1b: Incineroar|Intimidate|boost\n|-unboost|p2a: Aerodactyl|atk|1\n|-unboost|p2b: Garchomp|atk|1\n|-enditem|p2b: Garchomp|White Herb\n|-clearnegativeboost|p2b: Garchomp|[silent]\n|turn|3\n|\n|t:|1776516032\n|move|p1b: Incineroar|Fake Out|p2b: Garchomp\n|-damage|p2b: Garchomp|64/100\n|move|p1a: Delphox|Expanding Force|p2a: Aerodactyl\n|-damage|p2a: Aerodactyl|0 fnt\n|faint|p2a: Aerodactyl\n|cant|p2b: Garchomp|flinch\n|\n|upkeep\n|\n|t:|1776516036\n|switch|p2a: Basculegion|Basculegion, L50, M|100/100\n|turn|4\n|\n|t:|1776516046\n|move|p1a: Delphox|Protect|p1a: Delphox\n|-singleturn|p1a: Delphox|Protect\n|move|p2a: Basculegion|Wave Crash|p1b: Incineroar\n|-supereffective|p1b: Incineroar|1\n|-damage|p1b: Incineroar|0 fnt\n|faint|p1b: Incineroar\n|-damage|p2a: Basculegion|66/100|[from] Recoil\n|move|p2b: Garchomp|Dragon Claw|p1a: Delphox\n|-activate|p1a: Delphox|move: Protect\n|\n|upkeep\n|\n|t:|1776516052\n|switch|p1b: Kingambit|Kingambit, L50, M|100/100\n|turn|5\n|\n|t:|1776516057\n|switch|p2a: Sinistcha|Sinistcha, L50|100/100\n|-heal|p2b: Garchomp|88/100|[from] ability: Hospitality|[of] p2a: Sinistcha\n|move|p1b: Kingambit|Sucker Punch||[still]\n|-fail|p1b: Kingambit\n|move|p1a: Delphox|Expanding Force|p2b: Garchomp\n|-damage|p2b: Garchomp|31/100\n|move|p2b: Garchomp|Dragon Claw|p1a: Delphox\n|-damage|p1a: Delphox|0 fnt\n|faint|p1a: Delphox\n|\n|upkeep\n|turn|6\n|-message|Kokodewa forfeited.\n|\n|win|lolgz\n|raw|Kokodewa's rating: 1205 &rarr; <strong>1187</strong><br />(-18 for losing)\n|raw|lolgz's rating: 1312 &rarr; <strong>1326</strong><br />(+14 for winning)\n",
  "uploadtime": 1776516062,
  "views": 13,
  "formatid": "gen9championsvgc2026regma",
  "rating": 1187,
  "private": 0,
  "password": null
}