{
  "id": "gen9championsvgc2026regma-2585311210",
  "format": "[Gen 9 Champions] VGC 2026 Reg M-A",
  "players": [
    "joellowyy",
    "HeZaR"
  ],
  "log": "|j|\u2606joellowyy\n|j|\u2606HeZaR\n|t:|1776336527\n|gametype|doubles\n|player|p1|joellowyy|veteran|1104\n|player|p2|HeZaR|harlequin|1151\n|gen|9\n|tier|[Gen 9 Champions] VGC 2026 Reg M-A\n|rated|\n|rule|Species Clause: Limit one of each Pok\u00e9mon\n|rule|Item Clause: Limit 1 of each item\n|clearpoke\n|poke|p1|Golurk, L50|\n|poke|p1|Farigiraf, L50, F|\n|poke|p1|Incineroar, L50, M|\n|poke|p1|Dragapult, L50, M|\n|poke|p1|Sneasler, L50, M|\n|poke|p1|Kingambit, L50, F|\n|poke|p2|Blastoise, L50, M|\n|poke|p2|Farigiraf, L50, F|\n|poke|p2|Hawlucha, L50, F|\n|poke|p2|Snorlax, L50, F|\n|poke|p2|Sinistcha-Masterpiece, L50|\n|poke|p2|Kingambit, L50, M|\n|teampreview|4\n|inactive|Battle timer is ON: inactive players will automatically lose when time's up. (requested by joellowyy)\n|inactive|HeZaR also wants the timer to be on.\n|inactive|HeZaR has 60 seconds left.\n|\n|t:|1776336573\n|teamsize|p1|4\n|teamsize|p2|4\n|start\n|switch|p1a: Dragapult|Dragapult, L50, M|100/100\n|switch|p1b: Sneasler|Sneasler, L50, M|100/100\n|switch|p2a: Hawlucha|Hawlucha, L50, F|100/100\n|switch|p2b: Snorlax|Snorlax, L50, F|100/100\n|turn|1\n|\n|t:|1776336591\n|detailschange|p2a: Hawlucha|Hawlucha-Mega, L50, F\n|-mega|p2a: Hawlucha|Hawlucha|Hawluchanite\n|move|p1b: Sneasler|Fake Out|p2a: Hawlucha\n|-damage|p2a: Hawlucha|82/100\n|move|p1a: Dragapult|Dragon Darts|p2a: Hawlucha\n|-damage|p2a: Hawlucha|52/100\n|-anim|p1a: Dragapult|Dragon Darts|p2b: Snorlax\n|-damage|p2b: Snorlax|84/100\n|cant|p2a: Hawlucha|flinch\n|move|p2b: Snorlax|Yawn|p1a: Dragapult\n|-start|p1a: Dragapult|move: Yawn|[of] p2b: Snorlax\n|\n|-heal|p2b: Snorlax|90/100|[from] item: Leftovers\n|upkeep\n|turn|2\n|\n|t:|1776336609\n|switch|p1a: Farigiraf|Farigiraf, L50, F|100/100\n|move|p2a: Hawlucha|Entrainment|p2b: Snorlax\n|-ability|p2b: Snorlax|No Guard|Thick Fat|[from] move: Entrainment|[of] p2a: Hawlucha\n|move|p1b: Sneasler|Close Combat|p2b: Snorlax\n|-supereffective|p2b: Snorlax|1\n|-damage|p2b: Snorlax|3/100\n|-unboost|p1b: Sneasler|def|1\n|-unboost|p1b: Sneasler|spd|1\n|-enditem|p1b: Sneasler|White Herb\n|-clearnegativeboost|p1b: Sneasler|[silent]\n|move|p2b: Snorlax|Fissure|p1b: Sneasler\n|-damage|p1b: Sneasler|0 fnt\n|faint|p1b: Sneasler\n|-ohko\n|\n|-heal|p2b: Snorlax|9/100|[from] item: Leftovers\n|upkeep\n|\n|t:|1776336624\n|switch|p1b: Dragapult|Dragapult, L50, M|100/100\n|turn|3\n|\n|t:|1776336633\n|switch|p2a: Sinistcha|Sinistcha-Masterpiece, L50|100/100\n|-heal|p2b: Snorlax|33/100|[from] ability: Hospitality|[of] p2a: Sinistcha\n|move|p2b: Snorlax|Protect|p2b: Snorlax\n|-singleturn|p2b: Snorlax|Protect\n|move|p1b: Dragapult|Dragon Darts|p2a: Sinistcha\n|-damage|p2a: Sinistcha|75/100\n|-anim|p1b: Dragapult|Dragon Darts|p2a: Sinistcha\n|-damage|p2a: Sinistcha|50/100\n|-enditem|p2a: Sinistcha|Sitrus Berry|[eat]\n|-heal|p2a: Sinistcha|75/100|[from] item: Sitrus Berry\n|move|p1a: Farigiraf|Trick Room|p1a: Farigiraf\n|-fieldstart|move: Trick Room|[of] p1a: Farigiraf\n|\n|-heal|p2b: Snorlax|39/100|[from] item: Leftovers\n|upkeep\n|turn|4\n|inactive|joellowyy has 30 seconds left.\n|\n|t:|1776336660\n|move|p1a: Farigiraf|Helping Hand|p1b: Dragapult\n|-singleturn|p1b: Dragapult|Helping Hand|[of] p1a: Farigiraf\n|move|p2b: Snorlax|Fissure|p1b: Dragapult\n|-damage|p1b: Dragapult|0 fnt\n|faint|p1b: Dragapult\n|-ohko\n|move|p2a: Sinistcha|Life Dew|p2a: Sinistcha|[spread] p2a,p2b\n|-heal|p2a: Sinistcha|99/100\n|-heal|p2b: Snorlax|65/100\n|\n|-heal|p2b: Snorlax|71/100|[from] item: Leftovers\n|upkeep\n|\n|t:|1776336667\n|switch|p1b: Golurk|Golurk, L50|100/100\n|turn|5\n|\n|t:|1776336682\n|detailschange|p1b: Golurk|Golurk-Mega, L50\n|-mega|p1b: Golurk|Golurk|Golurkite\n|move|p1a: Farigiraf|Helping Hand|p1b: Golurk\n|-singleturn|p1b: Golurk|Helping Hand|[of] p1a: Farigiraf\n|move|p2b: Snorlax|Fissure|p1b: Golurk\n|-damage|p1b: Golurk|0 fnt\n|faint|p1b: Golurk\n|-ohko\n|move|p2a: Sinistcha|Life Dew|p2a: Sinistcha|[spread] p2a,p2b\n|-heal|p2a: Sinistcha|100/100\n|-heal|p2b: Snorlax|96/100\n|\n|-heal|p2b: Snorlax|100/100|[from] item: Leftovers\n|upkeep\n|turn|6\n|-message|joellowyy forfeited.\n|\n|win|HeZaR\n|raw|joellowyy's rating: 1104 &rarr; <strong>1082</strong><br />(-22 for losing)\n|raw|HeZaR's rating: 1151 &rarr; <strong>1173</strong><br />(+22 for winning)\n|l|\u2606joellowyy\n|player|p1|\n",
  "uploadtime": 1776336699,
  "views": 32,
  "formatid": "gen9championsvgc2026regma",
  "rating": 1082,
  "private": 0,
  "password": null
}