{
  "id": "gen9championsvgc2026regma-2586554218",
  "format": "[Gen 9 Champions] VGC 2026 Reg M-A",
  "players": [
    "647w",
    "Ivyzinha089"
  ],
  "log": "|j|\u2606647w\n|j|\u2606Ivyzinha089\n|t:|1776442665\n|gametype|doubles\n|player|p1|647w|lucas-gen4pt|1244\n|player|p2|Ivyzinha089|miku-flying|1298\n|gen|9\n|tier|[Gen 9 Champions] VGC 2026 Reg M-A\n|rated|\n|rule|Species Clause: Limit one of each Pok\u00e9mon\n|rule|Item Clause: Limit 1 of each item\n|clearpoke\n|poke|p1|Snorlax, L50, M|\n|poke|p1|Chimecho, L50, F|\n|poke|p1|Sinistcha, L50|\n|poke|p1|Rotom-Wash, L50|\n|poke|p1|Delphox, L50, M|\n|poke|p1|Hydreigon, L50, M|\n|poke|p2|Froslass, L50, F|\n|poke|p2|Sinistcha, L50|\n|poke|p2|Sneasler, L50, M|\n|poke|p2|Garchomp, L50, M|\n|poke|p2|Kingambit, L50, M|\n|poke|p2|Rotom-Wash, L50|\n|teampreview|4\n|inactive|Battle timer is ON: inactive players will automatically lose when time's up. (requested by Ivyzinha089)\n647w has agreed to open team sheets.\nIvyzinha089 has agreed to open team sheets.\n|showteam|p1|Snorlax||SitrusBerry|ThickFat|BodySlam,Earthquake,BellyDrum,Protect|||M|||50|]Chimecho||Chimechite|Levitate|Psyshock,TrickRoom,Encore,Protect|||F|||50|]Sinistcha||MentalHerb|Hospitality|MatchaGotcha,RagePowder,LifeDew,TrickRoom||||||50|]Rotom-Wash||Leftovers|Levitate|HydroPump,VoltSwitch,WillOWisp,Protect||||||50|]Delphox||Delphoxite|Blaze|HeatWave,Psychic,TrickRoom,Protect|||M|||50|]Hydreigon||FocusSash|Levitate|DracoMeteor,DarkPulse,Tailwind,Protect|||M|||50|\n|showteam|p2|Froslass||Froslassite|CursedBody|Blizzard,AuroraVeil,ShadowBall,Protect|||F|||50|]Sinistcha||Leftovers|Hospitality|MatchaGotcha,RagePowder,LifeDew,Protect||||||50|]Sneasler||WhiteHerb|Unburden|CloseCombat,DireClaw,FakeOut,Protect|||M|||50|]Garchomp||LumBerry|RoughSkin|Earthquake,RockSlide,DragonClaw,Protect|||M|||50|]Kingambit||BlackGlasses|Defiant|KowtowCleave,SuckerPunch,LowKick,Protect|||M|||50|]Rotom-Wash||ChoiceScarf|Levitate|HydroPump,Thunderbolt,VoltSwitch,Electroweb||||||50|\n|inactive|Ivyzinha089 has 60 seconds left.\n|\n|t:|1776442720\n|teamsize|p1|4\n|teamsize|p2|4\n|start\n|switch|p1a: Delphox|Delphox, L50, M|100/100\n|switch|p1b: Rotom|Rotom-Wash, L50|100/100\n|switch|p2a: Rotom|Rotom-Wash, L50|100/100\n|switch|p2b: Sneasler|Sneasler, L50, M|100/100\n|turn|1\n|inactive|647w has 30 seconds left.\n|inactive|Ivyzinha089 has 30 seconds left.\n|inactive|647w has 20 seconds left.\n|\n|t:|1776442759\n|switch|p2b: Froslass|Froslass, L50, F|100/100\n|move|p1a: Delphox|Protect|p1a: Delphox\n|-singleturn|p1a: Delphox|Protect\n|move|p2a: Rotom|Hydro Pump|p1a: Delphox\n|-activate|p1a: Delphox|move: Protect\n|move|p1b: Rotom|Volt Switch|p2a: Rotom\n|-damage|p2a: Rotom|59/100\n|\n|t:|1776442764\n|switch|p1b: Snorlax|Snorlax, L50, M|100/100|[from] Volt Switch\n|\n|upkeep\n|turn|2\n|\n|t:|1776442790\n|switch|p1a: Rotom|Rotom-Wash, L50|100/100\n|move|p2b: Froslass|Protect|p2b: Froslass\n|-singleturn|p2b: Froslass|Protect\n|move|p2a: Rotom|Hydro Pump|p1a: Rotom|[miss]\n|-miss|p2a: Rotom|p1a: Rotom\n|move|p1b: Snorlax|Belly Drum|p1b: Snorlax\n|-damage|p1b: Snorlax|50/100\n|-setboost|p1b: Snorlax|atk|6|[from] move: Belly Drum\n|-enditem|p1b: Snorlax|Sitrus Berry|[eat]\n|-heal|p1b: Snorlax|75/100|[from] item: Sitrus Berry\n|\n|upkeep\n|turn|3\n|\n|t:|1776442806\n|detailschange|p2b: Froslass|Froslass-Mega, L50, F\n|-mega|p2b: Froslass|Froslass|Froslassite\n|-weather|Snowscape|[from] ability: Snow Warning|[of] p2b: Froslass\n|move|p2a: Rotom|Hydro Pump|p1b: Snorlax\n|-damage|p1b: Snorlax|40/100\n|move|p2b: Froslass|Blizzard|p1b: Snorlax|[spread] p1a,p1b\n|-resisted|p1a: Rotom|1\n|-damage|p1a: Rotom|76/100\n|-damage|p1b: Snorlax|25/100\n|move|p1a: Rotom|Volt Switch|p2a: Rotom\n|-damage|p2a: Rotom|18/100\n|\n|t:|1776442813\n|switch|p1a: Hydreigon|Hydreigon, L50, M|100/100|[from] Volt Switch\n|move|p1b: Snorlax|Earthquake|p2b: Froslass|[spread] p2b\n|-immune|p1a: Hydreigon|[from] ability: Levitate\n|-immune|p2a: Rotom|[from] ability: Levitate\n|-crit|p2b: Froslass\n|-damage|p2b: Froslass|0 fnt\n|faint|p2b: Froslass\n|\n|-weather|Snowscape|[upkeep]\n|upkeep\n|\n|t:|1776442828\n|switch|p2b: Sneasler|Sneasler, L50, M|100/100\n|turn|4\n|\n|t:|1776442833\n|move|p1a: Hydreigon|Protect|p1a: Hydreigon\n|-singleturn|p1a: Hydreigon|Protect\n|move|p1b: Snorlax|Protect|p1b: Snorlax\n|-singleturn|p1b: Snorlax|Protect\n|move|p2b: Sneasler|Fake Out|p1a: Hydreigon\n|-activate|p1a: Hydreigon|move: Protect\n|move|p2a: Rotom|Hydro Pump|p1b: Snorlax\n|-activate|p1b: Snorlax|move: Protect\n|\n|-weather|Snowscape|[upkeep]\n|upkeep\n|turn|5\n|\n|t:|1776442841\n|move|p2a: Rotom|Hydro Pump|p1b: Snorlax\n|-damage|p1b: Snorlax|0 fnt\n|faint|p1b: Snorlax\n|move|p2b: Sneasler|Dire Claw|p1a: Hydreigon\n|-damage|p1a: Hydreigon|45/100\n|move|p1a: Hydreigon|Tailwind|p1a: Hydreigon\n|-sidestart|p1: 647w|move: Tailwind\n|\n|-weather|Snowscape|[upkeep]\n|upkeep\n|\n|t:|1776442847\n|switch|p1b: Delphox|Delphox, L50, M|100/100\n|turn|6\n|\n|t:|1776442858\n|detailschange|p1b: Delphox|Delphox-Mega, L50, M\n|-mega|p1b: Delphox|Delphox|Delphoxite\n|move|p2b: Sneasler|Protect|p2b: Sneasler\n|-singleturn|p2b: Sneasler|Protect\n|move|p1b: Delphox|Psychic|p2b: Sneasler\n|-activate|p2b: Sneasler|move: Protect\n|move|p1a: Hydreigon|Dark Pulse|p2a: Rotom\n|-damage|p2a: Rotom|0 fnt\n|faint|p2a: Rotom\n|\n|-weather|Snowscape|[upkeep]\n|upkeep\n|\n|t:|1776442867\n|switch|p2a: Garchomp|Garchomp, L50, M|100/100\n|turn|7\n|\n|t:|1776442878\n|move|p2b: Sneasler|Protect||[still]\n|-fail|p2b: Sneasler\n|move|p1b: Delphox|Psychic|p2b: Sneasler\n|-supereffective|p2b: Sneasler|2\n|-damage|p2b: Sneasler|0 fnt\n|faint|p2b: Sneasler\n|move|p1a: Hydreigon|Draco Meteor|p2a: Garchomp|[miss]\n|-miss|p1a: Hydreigon|p2a: Garchomp\n|move|p2a: Garchomp|Rock Slide|p1b: Delphox|[spread] p1a,p1b\n|-supereffective|p1b: Delphox|1\n|-damage|p1a: Hydreigon|22/100\n|-damage|p1b: Delphox|40/100\n|\n|-weather|none\n|upkeep\n|turn|8\n|\n|t:|1776442890\n|move|p2a: Garchomp|Protect|p2a: Garchomp\n|-singleturn|p2a: Garchomp|Protect\n|move|p1b: Delphox|Psychic|p2a: Garchomp\n|-activate|p2a: Garchomp|move: Protect\n|move|p1a: Hydreigon|Draco Meteor|p2a: Garchomp\n|-activate|p2a: Garchomp|move: Protect\n|\n|-sideend|p1: 647w|move: Tailwind\n|upkeep\n|turn|9\n|\n|t:|1776442899\n|move|p1a: Hydreigon|Protect|p1a: Hydreigon\n|-singleturn|p1a: Hydreigon|Protect\n|move|p1b: Delphox|Psychic|p2a: Garchomp\n|-damage|p2a: Garchomp|43/100\n|move|p2a: Garchomp|Dragon Claw|p1a: Hydreigon\n|-activate|p1a: Hydreigon|move: Protect\n|\n|upkeep\n|turn|10\n|\n|t:|1776442904\n|move|p1b: Delphox|Psychic|p2a: Garchomp\n|-damage|p2a: Garchomp|0 fnt\n|faint|p2a: Garchomp\n|\n|win|647w\n|raw|647w's rating: 1244 &rarr; <strong>1273</strong><br />(+29 for winning)\n|raw|Ivyzinha089's rating: 1298 &rarr; <strong>1269</strong><br />(-29 for losing)\n|l|\u2606Ivyzinha089\n|player|p2|\n|l|\u2606647w\n|player|p1|\n|j|\u2606647w\n|player|p1|647w|lucas-gen4pt|\n",
  "uploadtime": 1776442952,
  "views": 47,
  "formatid": "gen9championsvgc2026regma",
  "rating": 1269,
  "private": 0,
  "password": null
}