{
  "id": "gen9championsvgc2026regma-2584428255",
  "format": "[Gen 9 Champions] VGC 2026 Reg M-A",
  "players": [
    "sal19",
    "Volcano0"
  ],
  "log": "|j|\u2606sal19\n|j|\u203dVolcano0\n|t:|1776260181\n|gametype|doubles\n|player|p1|sal19|lucas|1198\n|player|p2|Volcano0|n|1171\n|gen|9\n|tier|[Gen 9 Champions] VGC 2026 Reg M-A\n|rated|\n|rule|Species Clause: Limit one of each Pok\u00e9mon\n|rule|Item Clause: Limit 1 of each item\n|clearpoke\n|poke|p1|Froslass, L50, F|\n|poke|p1|Aerodactyl, L50, F|\n|poke|p1|Incineroar, L50, F|\n|poke|p1|Sinistcha, L50|\n|poke|p1|Milotic, L50, M|\n|poke|p1|Passimian, L50, F|\n|poke|p2|Charizard, L50, F|\n|poke|p2|Venusaur, L50, F|\n|poke|p2|Incineroar, L50, F|\n|poke|p2|Garchomp, L50, F|\n|poke|p2|Floette-Eternal, L50, F|\n|poke|p2|Maushold-Four, L50|\n|teampreview|4\n|inactive|Battle timer is ON: inactive players will automatically lose when time's up. (requested by Volcano0)\n|inactive|sal19 also wants the timer to be on.\n|inactive|sal19 has 60 seconds left.\n|\n|t:|1776260230\n|teamsize|p1|4\n|teamsize|p2|4\n|start\n|switch|p1a: Froslass|Froslass, L50, F|100/100\n|switch|p1b: Incineroar|Incineroar, L50, F|100/100\n|switch|p2a: Maushold|Maushold-Four, L50|100/100\n|switch|p2b: Floette|Floette-Eternal, L50, F|100/100\n|-ability|p1b: Incineroar|Intimidate|boost\n|-unboost|p2a: Maushold|atk|1\n|-unboost|p2b: Floette|atk|1\n|turn|1\n|inactive|Volcano0 has 30 seconds left.\n|\n|t:|1776260264\n|detailschange|p1a: Froslass|Froslass-Mega, L50, F\n|-mega|p1a: Froslass|Froslass|Froslassite\n|-weather|Snowscape|[from] ability: Snow Warning|[of] p1a: Froslass\n|move|p2a: Maushold|Protect|p2a: Maushold\n|-singleturn|p2a: Maushold|Protect\n|move|p2b: Floette|Protect|p2b: Floette\n|-singleturn|p2b: Floette|Protect\n|move|p1a: Froslass|Aurora Veil|p1a: Froslass\n|-sidestart|p1: sal19|move: Aurora Veil\n|move|p1b: Incineroar|Flare Blitz|p2b: Floette\n|-activate|p2b: Floette|move: Protect\n|\n|-weather|Snowscape|[upkeep]\n|upkeep\n|turn|2\n|\n|t:|1776260282\n|detailschange|p2b: Floette|Floette-Mega, L50, F\n|-mega|p2b: Floette|Floette|Floettite\n|-ability|p2b: Floette|Fairy Aura\n|move|p2a: Maushold|Follow Me|p2a: Maushold\n|-singleturn|p2a: Maushold|move: Follow Me\n|move|p1a: Froslass|Blizzard|p2a: Maushold|[spread] p2a,p2b\n|-damage|p2a: Maushold|54/100\n|-damage|p2b: Floette|72/100\n|move|p2b: Floette|Calm Mind|p2b: Floette\n|-boost|p2b: Floette|spa|1\n|-boost|p2b: Floette|spd|1\n|move|p1b: Incineroar|Parting Shot|p2a: Maushold\n|-unboost|p2a: Maushold|atk|1\n|-unboost|p2a: Maushold|spa|1\n|\n|t:|1776260304\n|switch|p1b: Milotic|Milotic, L50, M|100/100|[from] Parting Shot\n|\n|-weather|Snowscape|[upkeep]\n|-heal|p2a: Maushold|60/100|[from] item: Leftovers\n|upkeep\n|turn|3\n|\n|t:|1776260311\n|move|p2a: Maushold|Follow Me|p2a: Maushold\n|-singleturn|p2a: Maushold|move: Follow Me\n|move|p1a: Froslass|Blizzard|p2b: Floette|[spread] p2a,p2b\n|-damage|p2a: Maushold|10/100\n|-damage|p2b: Floette|54/100\n|move|p2b: Floette|Moonblast|p1a: Froslass\n|-damage|p1a: Froslass|16/100\n|move|p1b: Milotic|Coil|p1b: Milotic\n|-boost|p1b: Milotic|atk|1\n|-boost|p1b: Milotic|def|1\n|-boost|p1b: Milotic|accuracy|1\n|\n|-weather|Snowscape|[upkeep]\n|-heal|p2a: Maushold|16/100|[from] item: Leftovers\n|upkeep\n|turn|4\n|\n|t:|1776260326\n|move|p2a: Maushold|Follow Me|p2a: Maushold\n|-singleturn|p2a: Maushold|move: Follow Me\n|move|p1a: Froslass|Blizzard|p2b: Floette|[spread] p2a,p2b\n|-damage|p2a: Maushold|0 fnt\n|-damage|p2b: Floette|36/100\n|faint|p2a: Maushold\n|move|p2b: Floette|Dazzling Gleam|p1a: Froslass|[spread] p1a,p1b\n|-damage|p1a: Froslass|0 fnt\n|-damage|p1b: Milotic|70/100\n|faint|p1a: Froslass\n|move|p1b: Milotic|Hypnosis|p2b: Floette\n|-status|p2b: Floette|slp|[from] move: Hypnosis\n|\n|-weather|Snowscape|[upkeep]\n|-heal|p1b: Milotic|76/100|[from] item: Leftovers\n|upkeep\n|\n|t:|1776260339\n|switch|p1a: Incineroar|Incineroar, L50, F|100/100\n|switch|p2a: Garchomp|Garchomp, L50, F|100/100\n|-ability|p1a: Incineroar|Intimidate|boost\n|-unboost|p2a: Garchomp|atk|1\n|-unboost|p2b: Floette|atk|1\n|turn|5\n|\n|t:|1776260354\n|move|p1a: Incineroar|Fake Out|p2a: Garchomp\n|-damage|p2a: Garchomp|89/100\n|-damage|p1a: Incineroar|88/100|[from] ability: Rough Skin|[of] p2a: Garchomp\n|cant|p2a: Garchomp|flinch\n|cant|p2b: Floette|slp\n|move|p1b: Milotic|Muddy Water|p2b: Floette|[spread] p2a,p2b\n|-crit|p2b: Floette\n|-damage|p2a: Garchomp|60/100\n|-damage|p2b: Floette|0 fnt\n|-unboost|p2a: Garchomp|accuracy|1\n|faint|p2b: Floette\n|\n|-weather|none\n|-heal|p1b: Milotic|82/100|[from] item: Leftovers\n|-sideend|p1: sal19|move: Aurora Veil\n|upkeep\n|\n|t:|1776260365\n|switch|p2b: Incineroar|Incineroar, L50, F, shiny|100/100\n|-ability|p2b: Incineroar|Intimidate|boost\n|-unboost|p1a: Incineroar|atk|1\n|-unboost|p1b: Milotic|atk|1\n|-ability|p1b: Milotic|Competitive|boost\n|-boost|p1b: Milotic|spa|2\n|turn|6\n|\n|t:|1776260385\n|switch|p1a: Sinistcha|Sinistcha, L50|100/100\n|-heal|p1b: Milotic|100/100|[from] ability: Hospitality|[of] p1a: Sinistcha\n|move|p1b: Milotic|Protect|p1b: Milotic\n|-singleturn|p1b: Milotic|Protect\n|move|p2a: Garchomp|Rock Slide|p1a: Sinistcha|[spread] \n|-activate|p1b: Milotic|move: Protect\n|-miss|p2a: Garchomp|p1a: Sinistcha\n|move|p2b: Incineroar|Darkest Lariat|p1b: Milotic\n|-activate|p1b: Milotic|move: Protect\n|\n|upkeep\n|turn|7\n|\n|t:|1776260400\n|switch|p1a: Incineroar|Incineroar, L50, F|88/100\n|-ability|p1a: Incineroar|Intimidate|boost\n|-unboost|p2a: Garchomp|atk|1\n|-unboost|p2b: Incineroar|atk|1\n|move|p2a: Garchomp|Rock Slide|p1b: Milotic|[spread] p1a,p1b\n|-supereffective|p1a: Incineroar|1\n|-damage|p1a: Incineroar|70/100\n|-damage|p1b: Milotic|94/100\n|move|p1b: Milotic|Muddy Water|p2a: Garchomp|[spread] p2a,p2b\n|-supereffective|p2b: Incineroar|1\n|-damage|p2a: Garchomp|10/100\n|-damage|p2b: Incineroar|21/100\n|-unboost|p2a: Garchomp|accuracy|1\n|-enditem|p2b: Incineroar|Sitrus Berry|[eat]\n|-heal|p2b: Incineroar|46/100|[from] item: Sitrus Berry\n|move|p2b: Incineroar|Darkest Lariat|p1b: Milotic\n|-damage|p1b: Milotic|72/100\n|\n|-heal|p1b: Milotic|78/100|[from] item: Leftovers\n|upkeep\n|turn|8\n|inactive|Volcano0 has 30 seconds left.\n|inactive|Volcano0 has 20 seconds left.\n|inactive|Volcano0 has 15 seconds left.\n|\n|t:|1776260444\n|switch|p1a: Sinistcha|Sinistcha, L50|100/100\n|-heal|p1b: Milotic|100/100|[from] ability: Hospitality|[of] p1a: Sinistcha\n|move|p2a: Garchomp|Rock Slide|p1a: Sinistcha|[spread] \n|-miss|p2a: Garchomp|p1a: Sinistcha\n|-miss|p2a: Garchomp|p1b: Milotic\n|move|p1b: Milotic|Muddy Water|p2b: Incineroar|[spread] p2a,p2b\n|-supereffective|p2b: Incineroar|1\n|-damage|p2a: Garchomp|0 fnt\n|-damage|p2b: Incineroar|0 fnt\n|faint|p2a: Garchomp\n|faint|p2b: Incineroar\n|\n|win|sal19\n|raw|sal19's rating: 1198 &rarr; <strong>1221</strong><br />(+23 for winning)\n|raw|Volcano0's rating: 1171 &rarr; <strong>1148</strong><br />(-23 for losing)\n",
  "uploadtime": 1776260456,
  "views": 26,
  "formatid": "gen9championsvgc2026regma",
  "rating": 1148,
  "private": 0,
  "password": null
}