{
  "id": "gen9championsvgc2026regma-2586883677",
  "format": "[Gen 9 Champions] VGC 2026 Reg M-A",
  "players": [
    "Tel0sB3ta",
    "Poliwhirle1234"
  ],
  "log": "|j|\u2606Tel0sB3ta\n|j|\u2606Poliwhirle1234\n|t:|1776468320\n|gametype|doubles\n|player|p1|Tel0sB3ta|hilbert|1000\n|player|p2|Poliwhirle1234|rocketgrunt|1000\n|gen|9\n|tier|[Gen 9 Champions] VGC 2026 Reg M-A\n|rated|\n|rule|Species Clause: Limit one of each Pok\u00e9mon\n|rule|Item Clause: Limit 1 of each item\n|clearpoke\n|poke|p1|Rotom-Wash, L50|\n|poke|p1|Garchomp, L50, M|\n|poke|p1|Charizard, L50, M|\n|poke|p1|Pidgeot, L50, M|\n|poke|p1|Maushold, L50|\n|poke|p1|Skeledirge, L50, M|\n|poke|p2|Conkeldurr, L50, M|\n|poke|p2|Incineroar, L50, F|\n|poke|p2|Hydreigon, L50, F|\n|poke|p2|Emboar, L50, M|\n|poke|p2|Reuniclus, L50, M|\n|poke|p2|Cofagrigus, L50, M|\n|teampreview|4\n|\n|t:|1776468332\n|teamsize|p1|4\n|teamsize|p2|4\n|start\n|switch|p1a: Pidgeot|Pidgeot, L50, M|100/100\n|switch|p1b: Skeledirge|Skeledirge, L50, M|100/100\n|switch|p2a: Incineroar|Incineroar, L50, F|100/100\n|switch|p2b: Reuniclus|Reuniclus, L50, M|100/100\n|-ability|p2a: Incineroar|Intimidate|boost\n|-unboost|p1a: Pidgeot|atk|1\n|-unboost|p1b: Skeledirge|atk|1\n|turn|1\n|\n|t:|1776468353\n|move|p2a: Incineroar|Fake Out|p1a: Pidgeot\n|-damage|p1a: Pidgeot|85/100\n|cant|p1a: Pidgeot|flinch\n|move|p1b: Skeledirge|Torch Song|p2b: Reuniclus\n|-damage|p2b: Reuniclus|65/100\n|-boost|p1b: Skeledirge|spa|1\n|move|p2b: Reuniclus|Trick Room|p2b: Reuniclus\n|-fieldstart|move: Trick Room|[of] p2b: Reuniclus\n|\n|upkeep\n|turn|2\n|\n|t:|1776468378\n|switch|p2b: Conkeldurr|Conkeldurr, L50, M|100/100\n|move|p1b: Skeledirge|Protect|p1b: Skeledirge\n|-singleturn|p1b: Skeledirge|Protect\n|move|p2a: Incineroar|Throat Chop|p1b: Skeledirge\n|-activate|p1b: Skeledirge|move: Protect\n|move|p1a: Pidgeot|U-turn|p2b: Conkeldurr\n|-resisted|p2b: Conkeldurr|1\n|-damage|p2b: Conkeldurr|97/100\n|\n|t:|1776468388\n|switch|p1a: Maushold|Maushold, L50|100/100|[from] U-turn\n|\n|-heal|p2b: Conkeldurr|100/100|[from] item: Leftovers\n|upkeep\n|turn|3\n|\n|t:|1776468402\n|switch|p2a: Emboar|Emboar, L50, M|100/100\n|move|p1a: Maushold|Follow Me|p1a: Maushold\n|-singleturn|p1a: Maushold|move: Follow Me\n|move|p2b: Conkeldurr|Drain Punch|p1a: Maushold\n|-supereffective|p1a: Maushold|1\n|-enditem|p1a: Maushold|Chople Berry|[eat]\n|-enditem|p1a: Maushold|Chople Berry|[weaken]\n|-damage|p1a: Maushold|25/100\n|move|p1b: Skeledirge|Torch Song|p2b: Conkeldurr\n|-damage|p2b: Conkeldurr|36/100\n|-boost|p1b: Skeledirge|spa|1\n|\n|-heal|p2b: Conkeldurr|42/100|[from] item: Leftovers\n|upkeep\n|turn|4\n|\n|t:|1776468429\n|move|p1a: Maushold|Protect|p1a: Maushold\n|-singleturn|p1a: Maushold|Protect\n|move|p2b: Conkeldurr|Mach Punch|p1a: Maushold\n|-activate|p1a: Maushold|move: Protect\n|move|p2a: Emboar|Sucker Punch|p1b: Skeledirge\n|-supereffective|p1b: Skeledirge|1\n|-damage|p1b: Skeledirge|69/100\n|move|p1b: Skeledirge|Torch Song|p2b: Conkeldurr\n|-damage|p2b: Conkeldurr|0 fnt\n|-boost|p1b: Skeledirge|spa|1\n|faint|p2b: Conkeldurr\n|\n|-heal|p1b: Skeledirge|75/100|[from] item: Leftovers\n|upkeep\n|\n|t:|1776468447\n|switch|p2b: Reuniclus|Reuniclus, L50, M|65/100\n|turn|5\n|\n|t:|1776468463\n|detailschange|p2a: Emboar|Emboar-Mega, L50, M\n|-mega|p2a: Emboar|Emboar|Emboarite\n|-ability|p2a: Emboar|Mold Breaker\n|move|p1a: Maushold|Follow Me|p1a: Maushold\n|-singleturn|p1a: Maushold|move: Follow Me\n|move|p2b: Reuniclus|Energy Ball|p1a: Maushold\n|-damage|p1a: Maushold|0 fnt\n|faint|p1a: Maushold\n|move|p1b: Skeledirge|Shadow Ball|p2a: Emboar\n|-damage|p2a: Emboar|35/100\n|move|p2a: Emboar|Close Combat|p1b: Skeledirge\n|-immune|p1b: Skeledirge\n|\n|-heal|p1b: Skeledirge|81/100|[from] item: Leftovers\n|-fieldend|move: Trick Room\n|upkeep\n|\n|t:|1776468475\n|switch|p1a: Garchomp|Garchomp, L50, M|100/100\n|turn|6\n|\n|t:|1776468485\n|move|p2a: Emboar|Protect|p2a: Emboar\n|-singleturn|p2a: Emboar|Protect\n|move|p1a: Garchomp|Dragon Claw|p2a: Emboar\n|-activate|p2a: Emboar|move: Protect\n|move|p1b: Skeledirge|Shadow Ball|p2b: Reuniclus\n|-supereffective|p2b: Reuniclus|1\n|-damage|p2b: Reuniclus|0 fnt\n|faint|p2b: Reuniclus\n|\n|-heal|p1b: Skeledirge|87/100|[from] item: Leftovers\n|upkeep\n|\n|t:|1776468499\n|switch|p2b: Incineroar|Incineroar, L50, F|100/100\n|-ability|p2b: Incineroar|Intimidate|boost\n|-unboost|p1a: Garchomp|atk|1\n|-unboost|p1b: Skeledirge|atk|1\n|turn|7\n|\n|t:|1776468512\n|move|p1b: Skeledirge|Protect|p1b: Skeledirge\n|-singleturn|p1b: Skeledirge|Protect\n|move|p2b: Incineroar|Fake Out|p1a: Garchomp\n|-damage|p1a: Garchomp|85/100\n|-damage|p2b: Incineroar|88/100|[from] ability: Rough Skin|[of] p1a: Garchomp\n|move|p2a: Emboar|Sucker Punch||[still]\n|-fail|p2a: Emboar\n|cant|p1a: Garchomp|flinch\n|\n|-heal|p1b: Skeledirge|93/100|[from] item: Leftovers\n|upkeep\n|turn|8\n|\n|t:|1776468532\n|move|p2a: Emboar|Sucker Punch||[still]\n|-fail|p2a: Emboar\n|move|p1a: Garchomp|Dragon Claw|p2a: Emboar\n|-damage|p2a: Emboar|8/100\n|move|p2b: Incineroar|Throat Chop|p1b: Skeledirge\n|-supereffective|p1b: Skeledirge|1\n|-damage|p1b: Skeledirge|19/100\n|-start|p1b: Skeledirge|Throat Chop|[silent]\n|move|p1b: Skeledirge|Slack Off|p1b: Skeledirge\n|-heal|p1b: Skeledirge|69/100\n|\n|-heal|p1b: Skeledirge|75/100|[from] item: Leftovers\n|upkeep\n|turn|9\n|\n|t:|1776468554\n|move|p1b: Skeledirge|Protect|p1b: Skeledirge\n|-singleturn|p1b: Skeledirge|Protect\n|move|p2a: Emboar|Sucker Punch||[still]\n|-fail|p2a: Emboar\n|move|p1a: Garchomp|Dragon Claw|p2a: Emboar\n|-damage|p2a: Emboar|0 fnt\n|faint|p2a: Emboar\n|move|p2b: Incineroar|Throat Chop|p1b: Skeledirge\n|-activate|p1b: Skeledirge|move: Protect\n|\n|-heal|p1b: Skeledirge|81/100|[from] item: Leftovers\n|-end|p1b: Skeledirge|Throat Chop|[silent]\n|upkeep\n|turn|10\n|-message|Poliwhirle1234 forfeited.\n|\n|win|Tel0sB3ta\n|raw|Tel0sB3ta's rating: 1000 &rarr; <strong>1040</strong><br />(+40 for winning)\n|raw|Poliwhirle1234's rating: 1000 &rarr; <strong>1000</strong><br />(+0 for losing)\n|l|\u2606Poliwhirle1234\n|player|p2|\n",
  "uploadtime": 1776468603,
  "views": 21,
  "formatid": "gen9championsvgc2026regma",
  "rating": 1000,
  "private": 0,
  "password": null
}