{
  "id": "gen9championsvgc2026regma-2581567599",
  "format": "[Gen 9 Champions] VGC 2026 Reg M-A",
  "players": [
    "Tantrum2u",
    "Vulpisfoglia"
  ],
  "log": "|j|\u2606Tantrum2u\n|j|\u2606Vulpisfoglia\n|t:|1776011584\n|gametype|doubles\n|player|p1|Tantrum2u|101|1087\n|player|p2|Vulpisfoglia|kunoichi2-conquest|1032\n|gen|9\n|tier|[Gen 9 Champions] VGC 2026 Reg M-A\n|rated|\n|rule|Species Clause: Limit one of each Pok\u00e9mon\n|rule|Item Clause: Limit 1 of each item\n|clearpoke\n|poke|p1|Emboar, L50, F|\n|poke|p1|Tyrantrum, L50, F|\n|poke|p1|Whimsicott, L50, F|\n|poke|p1|Clefable, L50, F|\n|poke|p1|Rotom-Wash, L50|\n|poke|p1|Chesnaught, L50, M|\n|poke|p2|Charizard, L50, M|\n|poke|p2|Incineroar, L50, F|\n|poke|p2|Tyranitar, L50, F|\n|poke|p2|Whimsicott, L50, M|\n|poke|p2|Dragapult, L50, M|\n|poke|p2|Rotom-Wash, L50|\n|teampreview|4\n|\n|t:|1776011620\n|teamsize|p1|4\n|teamsize|p2|4\n|start\n|switch|p1a: King|Tyrantrum, L50, F|100/100\n|switch|p1b: Bye Buy|Clefable, L50, F|100/100\n|switch|p2a: Whimsicott|Whimsicott, L50, M|100/100\n|switch|p2b: Charizard|Charizard, L50, M|100/100\n|turn|1\n|\n|t:|1776011642\n|move|p2b: Charizard|Protect|p2b: Charizard\n|-singleturn|p2b: Charizard|Protect\n|move|p2a: Whimsicott|Tailwind|p2a: Whimsicott\n|-sidestart|p2: Vulpisfoglia|move: Tailwind\n|move|p1a: King|Dragon Dance|p1a: King\n|-boost|p1a: King|atk|1\n|-boost|p1a: King|spe|1\n|move|p1b: Bye Buy|Air Slash|p2a: Whimsicott\n|-supereffective|p2a: Whimsicott|1\n|-damage|p2a: Whimsicott|57/100\n|\n|upkeep\n|turn|2\n|\n|t:|1776011666\n|detailschange|p2b: Charizard|Charizard-Mega-Y, L50, M\n|-mega|p2b: Charizard|Charizard|Charizardite Y\n|-weather|SunnyDay|[from] ability: Drought|[of] p2b: Charizard\n|move|p1b: Bye Buy|Follow Me|p1b: Bye Buy\n|-singleturn|p1b: Bye Buy|move: Follow Me\n|move|p2a: Whimsicott|Encore|p1b: Bye Buy\n|-start|p1b: Bye Buy|Encore\n|move|p2b: Charizard|Heat Wave|p1a: King|[spread] p1a,p1b\n|-resisted|p1a: King|2\n|-damage|p1a: King|71/100\n|-damage|p1b: Bye Buy|34/100\n|move|p1a: King|Head Smash|p2b: Charizard\n|-supereffective|p2b: Charizard|2\n|-damage|p2b: Charizard|0 fnt\n|faint|p2b: Charizard\n|\n|-weather|SunnyDay|[upkeep]\n|upkeep\n|\n|t:|1776011683\n|switch|p2b: Incineroar|Incineroar, L50, F|100/100\n|-ability|p2b: Incineroar|Intimidate|boost\n|-unboost|p1a: King|atk|1\n|-unboost|p1b: Bye Buy|atk|1\n|turn|3\n|\n|t:|1776011690\n|switch|p1b: Whimsicott|Whimsicott, L50, F|100/100\n|move|p1a: King|Protect|p1a: King\n|-singleturn|p1a: King|Protect\n|move|p2b: Incineroar|Fake Out|p1a: King\n|-activate|p1a: King|move: Protect\n|move|p2a: Whimsicott|Moonblast|p1b: Whimsicott\n|-damage|p1b: Whimsicott|67/100\n|\n|-weather|SunnyDay|[upkeep]\n|upkeep\n|turn|4\n|\n|t:|1776011707\n|move|p2a: Whimsicott|Encore|p1a: King\n|-start|p1a: King|Encore\n|move|p1a: King|Protect||[still]\n|-fail|p1a: King\n|move|p1b: Whimsicott|Tailwind|p1b: Whimsicott\n|-sidestart|p1: Tantrum2u|move: Tailwind\n|move|p2b: Incineroar|Flare Blitz|p1b: Whimsicott\n|-supereffective|p1b: Whimsicott|1\n|-damage|p1b: Whimsicott|0 fnt\n|faint|p1b: Whimsicott\n|-damage|p2b: Incineroar|83/100|[from] Recoil\n|\n|-weather|SunnyDay|[upkeep]\n|-sideend|p2: Vulpisfoglia|move: Tailwind\n|upkeep\n|\n|t:|1776011713\n|switch|p1b: Bye Buy|Clefable, L50, F|34/100\n|turn|5\n|\n|t:|1776011721\n|switch|p1a: Professional Tien|Emboar, L50, F|100/100\n|move|p1b: Bye Buy|Protect|p1b: Bye Buy\n|-singleturn|p1b: Bye Buy|Protect\n|move|p2a: Whimsicott|Tailwind|p2a: Whimsicott\n|-sidestart|p2: Vulpisfoglia|move: Tailwind\n|move|p2b: Incineroar|Flare Blitz|p1b: Bye Buy\n|-activate|p1b: Bye Buy|move: Protect\n|\n|-weather|SunnyDay|[upkeep]\n|upkeep\n|turn|6\n|\n|t:|1776011736\n|switch|p2b: Dragapult|Dragapult, L50, M|100/100\n|switch|p1b: King|Tyrantrum, L50, F|71/100\n|detailschange|p1a: Professional Tien|Emboar-Mega, L50, F\n|-mega|p1a: Professional Tien|Emboar|Emboarite\n|-ability|p1a: Professional Tien|Mold Breaker\n|move|p2a: Whimsicott|Moonblast|p1b: King\n|-supereffective|p1b: King|1\n|-damage|p1b: King|0 fnt\n|faint|p1b: King\n|move|p1a: Professional Tien|Flare Blitz|p2a: Whimsicott\n|-supereffective|p2a: Whimsicott|1\n|-damage|p2a: Whimsicott|0 fnt\n|faint|p2a: Whimsicott\n|-damage|p1a: Professional Tien|86/100|[from] Recoil\n|\n|-weather|none\n|upkeep\n|\n|t:|1776011748\n|switch|p2a: Incineroar|Incineroar, L50, F|83/100\n|switch|p1b: Bye Buy|Clefable, L50, F|34/100\n|-ability|p2a: Incineroar|Intimidate|boost\n|-unboost|p1a: Professional Tien|atk|1\n|-unboost|p1b: Bye Buy|atk|1\n|turn|7\n|\n|t:|1776011759\n|move|p1a: Professional Tien|Protect|p1a: Professional Tien\n|-singleturn|p1a: Professional Tien|Protect\n|move|p1b: Bye Buy|Protect|p1b: Bye Buy\n|-singleturn|p1b: Bye Buy|Protect\n|move|p2a: Incineroar|Fake Out|p1a: Professional Tien\n|-activate|p1a: Professional Tien|move: Protect\n|move|p2b: Dragapult|Shadow Ball|p1b: Bye Buy\n|-activate|p1b: Bye Buy|move: Protect\n|\n|-sideend|p1: Tantrum2u|move: Tailwind\n|upkeep\n|turn|8\n|\n|t:|1776011772\n|move|p1b: Bye Buy|Protect|p1b: Bye Buy\n|-singleturn|p1b: Bye Buy|Protect\n|move|p2b: Dragapult|Shadow Ball|p1b: Bye Buy\n|-activate|p1b: Bye Buy|move: Protect\n|move|p2a: Incineroar|Parting Shot|p1a: Professional Tien\n|-unboost|p1a: Professional Tien|atk|1\n|-unboost|p1a: Professional Tien|spa|1\n|move|p1a: Professional Tien|Close Combat|p2a: Incineroar\n|-supereffective|p2a: Incineroar|1\n|-damage|p2a: Incineroar|26/100\n|-unboost|p1a: Professional Tien|def|1\n|-unboost|p1a: Professional Tien|spd|1\n|-enditem|p2a: Incineroar|Sitrus Berry|[eat]\n|-heal|p2a: Incineroar|51/100|[from] item: Sitrus Berry\n|\n|-sideend|p2: Vulpisfoglia|move: Tailwind\n|upkeep\n|turn|9\n|\n|t:|1776011789\n|move|p2b: Dragapult|Shadow Ball|p1b: Bye Buy\n|-damage|p1b: Bye Buy|0 fnt\n|faint|p1b: Bye Buy\n|move|p1a: Professional Tien|Close Combat|p2a: Incineroar\n|-supereffective|p2a: Incineroar|1\n|-damage|p2a: Incineroar|0 fnt\n|-unboost|p1a: Professional Tien|def|1\n|-unboost|p1a: Professional Tien|spd|1\n|faint|p2a: Incineroar\n|\n|upkeep\n|turn|10\n|\n|t:|1776011799\n|move|p1a: Professional Tien|Sucker Punch|p2b: Dragapult\n|-supereffective|p2b: Dragapult|1\n|-damage|p2b: Dragapult|63/100\n|move|p2b: Dragapult|Draco Meteor|p1a: Professional Tien\n|-damage|p1a: Professional Tien|0 fnt\n|-unboost|p2b: Dragapult|spa|2\n|faint|p1a: Professional Tien\n|\n|win|Vulpisfoglia\n|raw|Tantrum2u's rating: 1087 &rarr; <strong>1060</strong><br />(-27 for losing)\n|raw|Vulpisfoglia's rating: 1032 &rarr; <strong>1073</strong><br />(+41 for winning)\n",
  "uploadtime": 1776011808,
  "views": 22,
  "formatid": "gen9championsvgc2026regma",
  "rating": 1060,
  "private": 0,
  "password": null
}