{
  "id": "gen9championsvgc2026regma-2581031908",
  "format": "[Gen 9 Champions] VGC 2026 Reg M-A",
  "players": [
    "Bigbro2022",
    "Rakkune"
  ],
  "log": "|j|\u2606Bigbro2022\n|j|\u2606Rakkune\n|t:|1775953466\n|gametype|doubles\n|player|p1|Bigbro2022|cynthia-gen4|1049\n|player|p2|Rakkune|harlequin|1094\n|gen|9\n|tier|[Gen 9 Champions] VGC 2026 Reg M-A\n|rated|\n|rule|Species Clause: Limit one of each Pok\u00e9mon\n|rule|Item Clause: Limit 1 of each item\n|clearpoke\n|poke|p1|Floette-Eternal, L50, F|\n|poke|p1|Sinistcha, L50|\n|poke|p1|Sneasler, L50, F|\n|poke|p1|Goodra-Hisui, L50, F|\n|poke|p1|Talonflame, L50, M|\n|poke|p1|Meowstic, L50, M|\n|poke|p2|Arcanine, L50, F|\n|poke|p2|Rotom-Wash, L50|\n|poke|p2|Garchomp, L50, F|\n|poke|p2|Venusaur, L50, F|\n|poke|p2|Corviknight, L50, F|\n|poke|p2|Sneasler, L50, M|\n|teampreview|4\nBigbro2022 rejected open team sheets.\n|inactive|Battle timer is ON: inactive players will automatically lose when time's up. (requested by Rakkune)\n|\n|t:|1775953514\n|teamsize|p1|4\n|teamsize|p2|4\n|start\n|switch|p1a: Floette|Floette-Eternal, L50, F|100/100\n|switch|p1b: Meowstic|Meowstic, L50, M|100/100\n|switch|p2a: Venusaur|Venusaur, L50, F|100/100\n|switch|p2b: Arcanine|Arcanine, L50, F|100/100\n|-ability|p2b: Arcanine|Intimidate|boost\n|-unboost|p1a: Floette|atk|1\n|-unboost|p1b: Meowstic|atk|1\n|turn|1\n|\n|t:|1775953536\n|detailschange|p1a: Floette|Floette-Mega, L50, F\n|-mega|p1a: Floette|Floette|Floettite\n|-ability|p1a: Floette|Fairy Aura\n|detailschange|p2a: Venusaur|Venusaur-Mega, L50, F\n|-mega|p2a: Venusaur|Venusaur|Venusaurite\n|move|p2a: Venusaur|Protect|p2a: Venusaur\n|-singleturn|p2a: Venusaur|Protect\n|move|p1b: Meowstic|Trick|p2a: Venusaur\n|-activate|p2a: Venusaur|move: Protect\n|move|p2b: Arcanine|Snarl|p1b: Meowstic|[spread] p1a,p1b\n|-resisted|p1a: Floette|1\n|-supereffective|p1b: Meowstic|1\n|-damage|p1a: Floette|97/100\n|-damage|p1b: Meowstic|81/100\n|-unboost|p1a: Floette|spa|1\n|-unboost|p1b: Meowstic|spa|1\n|move|p1a: Floette|Calm Mind|p1a: Floette\n|-boost|p1a: Floette|spa|1\n|-boost|p1a: Floette|spd|1\n|\n|upkeep\n|turn|2\n|\n|t:|1775953558\n|move|p1b: Meowstic|Trick|p2b: Arcanine\n|-activate|p1b: Meowstic|move: Trick|[of] p2b: Arcanine\n|-item|p2b: Arcanine|Choice Scarf|[from] move: Trick\n|-item|p1b: Meowstic|Sitrus Berry|[from] move: Trick\n|move|p2b: Arcanine|Snarl|p1a: Floette|[spread] p1a\n|-miss|p2b: Arcanine|p1b: Meowstic\n|-resisted|p1a: Floette|1\n|-damage|p1a: Floette|95/100\n|-unboost|p1a: Floette|spa|1\n|move|p1a: Floette|Calm Mind|p1a: Floette\n|-boost|p1a: Floette|spa|1\n|-boost|p1a: Floette|spd|1\n|move|p2a: Venusaur|Sludge Bomb|p1a: Floette\n|-supereffective|p1a: Floette|1\n|-damage|p1a: Floette|64/100\n|-status|p1a: Floette|psn\n|\n|-damage|p1a: Floette|52/100 psn|[from] psn\n|upkeep\n|turn|3\n|\n|t:|1775953579\n|move|p1b: Meowstic|Skill Swap|p1a: Floette\n|-activate|p1b: Meowstic|Skill Swap|||[of] p1a: Floette\n|-ability|p1b: Meowstic|Fairy Aura\n|move|p1a: Floette|Synthesis|p1a: Floette\n|-heal|p1a: Floette|100/100 psn\n|move|p2b: Arcanine|Snarl|p1a: Floette|[spread] p1a,p1b\n|-resisted|p1a: Floette|1\n|-supereffective|p1b: Meowstic|1\n|-damage|p1a: Floette|99/100 psn\n|-damage|p1b: Meowstic|61/100\n|-unboost|p1a: Floette|spa|1\n|-unboost|p1b: Meowstic|spa|1\n|move|p2a: Venusaur|Leech Seed|p1b: Meowstic\n|-start|p1b: Meowstic|move: Leech Seed\n|\n|-damage|p1b: Meowstic|49/100|[from] Leech Seed|[of] p2a: Venusaur\n|-damage|p1a: Floette|87/100 psn|[from] psn\n|upkeep\n|-enditem|p1b: Meowstic|Sitrus Berry|[eat]\n|-heal|p1b: Meowstic|73/100|[from] item: Sitrus Berry\n|turn|4\n|\n|t:|1775953598\n|switch|p1b: Talonflame|Talonflame, L50, M|100/100\n|move|p1a: Floette|Calm Mind|p1a: Floette\n|-boost|p1a: Floette|spa|1\n|-boost|p1a: Floette|spd|1\n|move|p2b: Arcanine|Snarl|p1a: Floette|[spread] p1a,p1b\n|-resisted|p1a: Floette|1\n|-damage|p1a: Floette|86/100 psn\n|-damage|p1b: Talonflame|88/100\n|-unboost|p1a: Floette|spa|1\n|-unboost|p1b: Talonflame|spa|1\n|move|p2a: Venusaur|Leech Seed|p1a: Floette|[miss]\n|-miss|p2a: Venusaur|p1a: Floette\n|\n|-damage|p1a: Floette|73/100 psn|[from] psn\n|upkeep\n|turn|5\n|inactive|Rakkune has 30 seconds left.\n|inactive|Rakkune has 20 seconds left.\n|inactive|Rakkune has 15 seconds left.\n|inactive|Rakkune has 10 seconds left.\n|\n|t:|1775953644\n|switch|p2a: Garchomp|Garchomp, L50, F|100/100\n|move|p1a: Floette|Protect|p1a: Floette\n|-singleturn|p1a: Floette|Protect\n|move|p2b: Arcanine|Snarl|p1a: Floette|[spread] p1b\n|-activate|p1a: Floette|move: Protect\n|-damage|p1b: Talonflame|75/100\n|-unboost|p1b: Talonflame|spa|1\n|move|p1b: Talonflame|Flare Blitz|p2a: Garchomp\n|-resisted|p2a: Garchomp|1\n|-damage|p2a: Garchomp|74/100\n|-damage|p1b: Talonflame|62/100|[from] ability: Rough Skin|[of] p2a: Garchomp\n|-damage|p1b: Talonflame|51/100|[from] Recoil\n|\n|-damage|p1a: Floette|61/100 psn|[from] psn\n|upkeep\n|turn|6\n|inactive|Rakkune has 30 seconds left.\n|inactive|Rakkune has 20 seconds left.\n|inactive|Rakkune has 15 seconds left.\n|\n|t:|1775953685\n|switch|p2b: Venusaur|Venusaur-Mega, L50, F|100/100\n|move|p1b: Talonflame|Tailwind|p1b: Talonflame\n|-sidestart|p1: Bigbro2022|move: Tailwind\n|move|p1a: Floette|Dazzling Gleam|p2a: Garchomp|[spread] p2a,p2b\n|-supereffective|p2a: Garchomp|1\n|-resisted|p2b: Venusaur|1\n|-damage|p2a: Garchomp|26/100\n|-damage|p2b: Venusaur|92/100\n|move|p2a: Garchomp|Stone Edge|p1b: Talonflame\n|-supereffective|p1b: Talonflame|2\n|-damage|p1b: Talonflame|0 fnt\n|faint|p1b: Talonflame\n|\n|-damage|p1a: Floette|49/100 psn|[from] psn\n|upkeep\n|\n|t:|1775953697\n|switch|p1b: Meowstic|Meowstic, L50, M|73/100\n|turn|7\n|\n|t:|1775953723\n|move|p2a: Garchomp|Protect|p2a: Garchomp\n|-singleturn|p2a: Garchomp|Protect\n|move|p1b: Meowstic|Psychic|p2b: Venusaur\n|-supereffective|p2b: Venusaur|1\n|-damage|p2b: Venusaur|51/100\n|move|p1a: Floette|Dazzling Gleam|p2b: Venusaur|[spread] p2b\n|-activate|p2a: Garchomp|move: Protect\n|-resisted|p2b: Venusaur|1\n|-damage|p2b: Venusaur|43/100\n|move|p2b: Venusaur|Sludge Bomb|p1a: Floette\n|-supereffective|p1a: Floette|1\n|-damage|p1a: Floette|23/100 psn\n|\n|-damage|p1a: Floette|10/100 psn|[from] psn\n|upkeep\n|turn|8\n|inactive|Bigbro2022 has 30 seconds left.\n|\n|t:|1775953752\n|move|p2b: Venusaur|Protect|p2b: Venusaur\n|-singleturn|p2b: Venusaur|Protect\n|move|p1a: Floette|Synthesis|p1a: Floette\n|-heal|p1a: Floette|60/100 psn\n|move|p1b: Meowstic|Psychic|p2b: Venusaur\n|-activate|p2b: Venusaur|move: Protect\n|move|p2a: Garchomp|Earthquake|p1b: Meowstic|[spread] p1a,p1b\n|-activate|p2b: Venusaur|move: Protect\n|-damage|p1a: Floette|27/100 psn\n|-damage|p1b: Meowstic|39/100\n|\n|-damage|p1a: Floette|15/100 psn|[from] psn\n|upkeep\n|turn|9\n|\n|t:|1775953766\n|switch|p2b: Arcanine|Arcanine, L50, F|100/100\n|-ability|p2b: Arcanine|Intimidate|boost\n|-unboost|p1a: Floette|atk|1\n|-unboost|p1b: Meowstic|atk|1\n|move|p2a: Garchomp|Protect|p2a: Garchomp\n|-singleturn|p2a: Garchomp|Protect\n|move|p1a: Floette|Synthesis|p1a: Floette\n|-heal|p1a: Floette|65/100 psn\n|move|p1b: Meowstic|Psychic|p2a: Garchomp\n|-activate|p2a: Garchomp|move: Protect\n|\n|-damage|p1a: Floette|52/100 psn|[from] psn\n|-sideend|p1: Bigbro2022|move: Tailwind\n|upkeep\n|turn|10\n|\n|t:|1775953783\n|move|p2b: Arcanine|Protect|p2b: Arcanine\n|-singleturn|p2b: Arcanine|Protect\n|move|p1a: Floette|Synthesis|p1a: Floette\n|-heal|p1a: Floette|100/100 psn\n|move|p2a: Garchomp|Earthquake|p1a: Floette|[spread] p1a,p1b\n|-activate|p2b: Arcanine|move: Protect\n|-damage|p1a: Floette|65/100 psn\n|-damage|p1b: Meowstic|5/100\n|move|p1b: Meowstic|Psychic|p2a: Garchomp\n|-damage|p2a: Garchomp|0 fnt\n|faint|p2a: Garchomp\n|\n|-damage|p1a: Floette|53/100 psn|[from] psn\n|upkeep\n|\n|t:|1775953798\n|switch|p2a: Sneasler|Sneasler, L50, M|100/100\n|turn|11\n|\n|t:|1775953820\n|switch|p2b: Venusaur|Venusaur-Mega, L50, F|43/100\n|switch|p1b: Sneasler|Sneasler, L50, F|100/100\n|move|p1a: Floette|Protect|p1a: Floette\n|-singleturn|p1a: Floette|Protect\n|move|p2a: Sneasler|Fake Out|p1b: Sneasler\n|-damage|p1b: Sneasler|81/100\n|\n|-damage|p1a: Floette|41/100 psn|[from] psn\n|upkeep\n|turn|12\n|inactive|Bigbro2022 has 30 seconds left.\n|\n|t:|1775953847\n|switch|p2a: Arcanine|Arcanine, L50, F|100/100\n|-ability|p2a: Arcanine|Intimidate|boost\n|-unboost|p1a: Floette|atk|1\n|-unboost|p1b: Sneasler|atk|1\n|-enditem|p1b: Sneasler|White Herb\n|-clearnegativeboost|p1b: Sneasler|[silent]\n|switch|p1a: Meowstic|Meowstic, L50, M|5/100\n|move|p1b: Sneasler|Fake Out|p2b: Venusaur\n|-damage|p2b: Venusaur|31/100\n|cant|p2b: Venusaur|flinch\n|\n|upkeep\n|turn|13\n|\n|t:|1775953872\n|move|p2b: Venusaur|Protect|p2b: Venusaur\n|-singleturn|p2b: Venusaur|Protect\n|move|p1a: Meowstic|Fake Out|p2a: Arcanine\n|-damage|p2a: Arcanine|95/100\n|move|p1b: Sneasler|Dire Claw|p2b: Venusaur\n|-activate|p2b: Venusaur|move: Protect\n|cant|p2a: Arcanine|flinch\n|\n|upkeep\n|turn|14\n|\n|t:|1775953886\n|switch|p2b: Sneasler|Sneasler, L50, M|100/100\n|move|p1b: Sneasler|Dire Claw|p2a: Arcanine\n|-damage|p2a: Arcanine|42/100\n|move|p2a: Arcanine|Flare Blitz|p1a: Meowstic\n|-damage|p1a: Meowstic|0 fnt\n|faint|p1a: Meowstic\n|-damage|p2a: Arcanine|40/100|[from] Recoil\n|\n|upkeep\n|\n|t:|1775953894\n|switch|p1a: Floette|Floette-Mega, L50, F|41/100 psn\n|-ability|p1a: Floette|Fairy Aura\n|turn|15\n|\n|t:|1775953913\n|move|p1a: Floette|Protect|p1a: Floette\n|-singleturn|p1a: Floette|Protect\n|move|p2b: Sneasler|Fake Out|p1b: Sneasler\n|-damage|p1b: Sneasler|60/100\n|cant|p1b: Sneasler|flinch\n|move|p2a: Arcanine|Flare Blitz|p1a: Floette\n|-activate|p1a: Floette|move: Protect\n|\n|-damage|p1a: Floette|29/100 psn|[from] psn\n|upkeep\n|turn|16\n|\n|t:|1775953930\n|move|p1a: Floette|Protect|p1a: Floette\n|-singleturn|p1a: Floette|Protect\n|move|p1b: Sneasler|Dire Claw|p2a: Arcanine\n|-damage|p2a: Arcanine|0 fnt\n|faint|p2a: Arcanine\n|move|p2b: Sneasler|Dire Claw|p1a: Floette\n|-activate|p1a: Floette|move: Protect\n|\n|-damage|p1a: Floette|17/100 psn|[from] psn\n|upkeep\n|\n|t:|1775953937\n|switch|p2a: Venusaur|Venusaur-Mega, L50, F|31/100\n|turn|17\n|\n|t:|1775953961\n|move|p1b: Sneasler|Dire Claw|p2a: Venusaur\n|-damage|p2a: Venusaur|0 fnt\n|faint|p2a: Venusaur\n|move|p2b: Sneasler|Dire Claw|p1b: Sneasler\n|-resisted|p1b: Sneasler|1\n|-damage|p1b: Sneasler|31/100\n|move|p1a: Floette|Dazzling Gleam|p2b: Sneasler\n|-crit|p2b: Sneasler\n|-enditem|p2b: Sneasler|Focus Sash\n|-damage|p2b: Sneasler|1/100\n|\n|-damage|p1a: Floette|4/100 psn|[from] psn\n|upkeep\n|turn|18\n|-message|Rakkune forfeited.\n|\n|win|Bigbro2022\n|raw|Bigbro2022's rating: 1049 &rarr; <strong>1086</strong><br />(+37 for winning)\n|raw|Rakkune's rating: 1094 &rarr; <strong>1067</strong><br />(-27 for losing)\n|l|\u2606Rakkune\n|player|p2|\n",
  "uploadtime": 1775953983,
  "views": 11,
  "formatid": "gen9championsvgc2026regma",
  "rating": 1067,
  "private": 0,
  "password": null
}