{
  "id": "gen9championsvgc2026regma-2584719377",
  "format": "[Gen 9 Champions] VGC 2026 Reg M-A",
  "players": [
    "gdmklrfnkg",
    "marretaovgc"
  ],
  "log": "|j|\u2606gdmklrfnkg\n|j|\u2606marretaovgc\n|t:|1776278897\n|gametype|doubles\n|player|p1|gdmklrfnkg|101|1092\n|player|p2|marretaovgc|fantina|1064\n|gen|9\n|tier|[Gen 9 Champions] VGC 2026 Reg M-A\n|rated|\n|rule|Species Clause: Limit one of each Pok\u00e9mon\n|rule|Item Clause: Limit 1 of each item\n|clearpoke\n|poke|p1|Garchomp, L50, F|\n|poke|p1|Tyranitar, L50, M|\n|poke|p1|Kingambit, L50, M|\n|poke|p1|Farigiraf, L50, F|\n|poke|p1|Milotic, L50, F|\n|poke|p1|Sinistcha, L50|\n|poke|p2|Gengar, L50, F|\n|poke|p2|Incineroar, L50, F|\n|poke|p2|Politoed, L50, F|\n|poke|p2|Ninetales-Alola, L50, F|\n|poke|p2|Sableye, L50, F|\n|poke|p2|Araquanid, L50, F|\n|teampreview|4\n|inactive|Battle timer is ON: inactive players will automatically lose when time's up. (requested by gdmklrfnkg)\n|\n|t:|1776278947\n|teamsize|p1|4\n|teamsize|p2|4\n|start\n|switch|p1a: Farigiraf|Farigiraf, L50, F|100/100\n|switch|p1b: Kingambit|Kingambit, L50, M|100/100\n|switch|p2a: Gengar|Gengar, L50, F|100/100\n|switch|p2b: Incineroar|Incineroar, L50, F|100/100\n|-ability|p2b: Incineroar|Intimidate|boost\n|-unboost|p1a: Farigiraf|atk|1\n|-unboost|p1b: Kingambit|atk|1\n|-ability|p1b: Kingambit|Defiant|boost\n|-boost|p1b: Kingambit|atk|2\n|turn|1\n|\n|t:|1776278971\n|detailschange|p2a: Gengar|Gengar-Mega, L50, F\n|-mega|p2a: Gengar|Gengar|Gengarite\n|move|p1b: Kingambit|Protect|p1b: Kingambit\n|-singleturn|p1b: Kingambit|Protect\n|move|p2a: Gengar|Substitute|p2a: Gengar\n|-start|p2a: Gengar|Substitute\n|-damage|p2a: Gengar|76/100\n|move|p2b: Incineroar|Parting Shot|p1a: Farigiraf\n|-unboost|p1a: Farigiraf|atk|1\n|-unboost|p1a: Farigiraf|spa|1\n|\n|t:|1776278983\n|switch|p2b: Araquanid|Araquanid, L50, F|100/100|[from] Parting Shot\n|move|p1a: Farigiraf|Trick Room|p1a: Farigiraf\n|-fieldstart|move: Trick Room|[of] p1a: Farigiraf\n|\n|upkeep\n|turn|2\n|-activate|p2b: Araquanid|item: Quick Claw\n|\n|t:|1776279006\n|move|p2a: Gengar|Protect|p2a: Gengar\n|-singleturn|p2a: Gengar|Protect\n|move|p2b: Araquanid|Soak|p1b: Kingambit\n|-start|p1b: Kingambit|typechange|Water\n|move|p1b: Kingambit|Kowtow Cleave|p2a: Gengar\n|-activate|p2a: Gengar|move: Protect\n|move|p1a: Farigiraf|Psychic|p2b: Araquanid\n|-damage|p2b: Araquanid|85/100\n|\n|upkeep\n|turn|3\n|inactive|gdmklrfnkg has 30 seconds left.\n|inactive|marretaovgc has 30 seconds left.\n|\n|t:|1776279033\n|move|p2b: Araquanid|Sticky Web|p1b: Kingambit\n|-sidestart|p1: gdmklrfnkg|move: Sticky Web\n|move|p1b: Kingambit|Kowtow Cleave|p2a: Gengar\n|-supereffective|p2a: Gengar|1\n|-end|p2a: Gengar|Substitute\n|move|p1a: Farigiraf|Psychic|p2b: Araquanid\n|-damage|p2b: Araquanid|68/100\n|-unboost|p2b: Araquanid|spd|1\n|move|p2a: Gengar|Perish Song|p2a: Gengar\n|-start|p1a: Farigiraf|perish3|[silent]\n|-start|p1b: Kingambit|perish3|[silent]\n|-start|p2a: Gengar|perish3|[silent]\n|-start|p2b: Araquanid|perish3|[silent]\n|-fieldactivate|move: Perish Song\n|\n|-start|p2b: Araquanid|perish3\n|-start|p1b: Kingambit|perish3\n|-start|p1a: Farigiraf|perish3\n|-start|p2a: Gengar|perish3\n|upkeep\n|turn|4\n|\n|t:|1776279055\n|switch|p2b: Incineroar|Incineroar, L50, F|100/100\n|-ability|p2b: Incineroar|Intimidate|boost\n|-unboost|p1a: Farigiraf|atk|1\n|-unboost|p1b: Kingambit|atk|1\n|-ability|p1b: Kingambit|Defiant|boost\n|-boost|p1b: Kingambit|atk|2\n|move|p2a: Gengar|Protect|p2a: Gengar\n|-singleturn|p2a: Gengar|Protect\n|move|p1b: Kingambit|Kowtow Cleave|p2a: Gengar\n|-activate|p2a: Gengar|move: Protect\n|move|p1a: Farigiraf|Psychic|p2b: Incineroar\n|-immune|p2b: Incineroar\n|\n|-start|p1b: Kingambit|perish2\n|-start|p1a: Farigiraf|perish2\n|-start|p2a: Gengar|perish2\n|upkeep\n|turn|5\n|inactive|gdmklrfnkg has 30 seconds left.\n|inactive|gdmklrfnkg has 20 seconds left.\n|\n|t:|1776279094\n|switch|p2a: Sableye|Sableye, L50, F|100/100\n|move|p1b: Kingambit|Kowtow Cleave|p2a: Sableye\n|-damage|p2a: Sableye|0 fnt\n|faint|p2a: Sableye\n|move|p1a: Farigiraf|Psychic|p2b: Incineroar\n|-immune|p2b: Incineroar\n|move|p2b: Incineroar|Parting Shot|p1a: Farigiraf\n|-unboost|p1a: Farigiraf|atk|1\n|-unboost|p1a: Farigiraf|spa|1\n|\n|t:|1776279105\n|switch|p2b: Gengar|Gengar-Mega, L50, F|76/100|[from] Parting Shot\n|\n|-start|p1b: Kingambit|perish1\n|-start|p1a: Farigiraf|perish1\n|-fieldend|move: Trick Room\n|upkeep\n|\n|t:|1776279111\n|switch|p2a: Araquanid|Araquanid, L50, F|68/100\n|turn|6\n|inactive|gdmklrfnkg has 30 seconds left.\n|\n|t:|1776279145\n|move|p2b: Gengar|Protect|p2b: Gengar\n|-singleturn|p2b: Gengar|Protect\n|move|p2a: Araquanid|Protect|p2a: Araquanid\n|-singleturn|p2a: Araquanid|Protect\n|move|p1b: Kingambit|Sucker Punch||[still]\n|-fail|p1b: Kingambit\n|move|p1a: Farigiraf|Psychic|p2a: Araquanid\n|-activate|p2a: Araquanid|move: Protect\n|\n|-start|p1a: Farigiraf|perish0\n|-start|p1b: Kingambit|perish0\n|faint|p1a: Farigiraf\n|faint|p1b: Kingambit\n|upkeep\n|\n|t:|1776279149\n|switch|p1a: Tyranitar|Tyranitar, L50, M|100/100\n|switch|p1b: Milotic|Milotic, L50, F|100/100\n|-activate|p1b: Milotic|move: Sticky Web\n|-unboost|p1b: Milotic|spe|1\n|-ability|p1b: Milotic|Competitive|boost\n|-boost|p1b: Milotic|spa|2\n|-activate|p1a: Tyranitar|move: Sticky Web\n|-unboost|p1a: Tyranitar|spe|1\n|-weather|Sandstorm|[from] ability: Sand Stream|[of] p1a: Tyranitar\n|turn|7\n|inactive|gdmklrfnkg has 30 seconds left.\n|inactive|gdmklrfnkg has 20 seconds left.\n|inactive|marretaovgc has 30 seconds left.\n|-activate|p2a: Araquanid|item: Quick Claw\n|\n|t:|1776279186\n|move|p2a: Araquanid|Wide Guard|p2a: Araquanid\n|-singleturn|p2a: Araquanid|Wide Guard\n|move|p2b: Gengar|Perish Song|p2b: Gengar\n|-start|p1a: Tyranitar|perish3|[silent]\n|-start|p1b: Milotic|perish3|[silent]\n|-start|p2a: Araquanid|perish3|[silent]\n|-start|p2b: Gengar|perish3|[silent]\n|-fieldactivate|move: Perish Song\n|move|p1b: Milotic|Icy Wind|p2a: Araquanid|[spread] \n|-activate|p2a: Araquanid|move: Wide Guard\n|-activate|p2b: Gengar|move: Wide Guard\n|move|p1a: Tyranitar|Rock Slide|p2a: Araquanid|[spread] \n|-activate|p2a: Araquanid|move: Wide Guard\n|-activate|p2b: Gengar|move: Wide Guard\n|\n|-weather|Sandstorm|[upkeep]\n|-damage|p2b: Gengar|70/100|[from] Sandstorm\n|-damage|p1b: Milotic|95/100|[from] Sandstorm\n|-damage|p2a: Araquanid|62/100|[from] Sandstorm\n|-heal|p1b: Milotic|100/100|[from] item: Leftovers\n|-start|p2b: Gengar|perish3\n|-start|p1b: Milotic|perish3\n|-start|p2a: Araquanid|perish3\n|-start|p1a: Tyranitar|perish3\n|upkeep\n|turn|8\n|-message|gdmklrfnkg forfeited.\n|\n|win|marretaovgc\n|raw|gdmklrfnkg's rating: 1092 &rarr; <strong>1066</strong><br />(-26 for losing)\n|raw|marretaovgc's rating: 1064 &rarr; <strong>1097</strong><br />(+33 for winning)\n|l|\u2606gdmklrfnkg\n|player|p1|\n",
  "uploadtime": 1776279208,
  "views": 26,
  "formatid": "gen9championsvgc2026regma",
  "rating": 1066,
  "private": 0,
  "password": null
}