{
  "id": "gen9championsvgc2026regma-2588944301",
  "format": "[Gen 9 Champions] VGC 2026 Reg M-A",
  "players": [
    "Disfrazdetigre",
    "DivergenceVGC"
  ],
  "log": "|j|\u2606Disfrazdetigre\n|j|\u2606DivergenceVGC\n|t:|1776688243\n|gametype|doubles\n|player|p1|Disfrazdetigre|265|1451\n|player|p2|DivergenceVGC|101|1460\n|gen|9\n|tier|[Gen 9 Champions] VGC 2026 Reg M-A\n|rated|\n|rule|Species Clause: Limit one of each Pok\u00e9mon\n|rule|Item Clause: Limit 1 of each item\n|clearpoke\n|poke|p1|Kommo-o, L50, M|\n|poke|p1|Sinistcha, L50|\n|poke|p1|Rotom-Heat, L50|\n|poke|p1|Glimmora, L50, F|\n|poke|p1|Samurott-Hisui, L50, M|\n|poke|p1|Mamoswine, L50, M|\n|poke|p2|Incineroar, L50, M|\n|poke|p2|Aerodactyl, L50, F|\n|poke|p2|Sylveon, L50, M|\n|poke|p2|Garchomp, L50, F|\n|poke|p2|Charizard, L50, F|\n|poke|p2|Farigiraf, L50, M|\n|teampreview|4\n|\n|t:|1776688285\n|teamsize|p1|4\n|teamsize|p2|4\n|start\n|switch|p1a: Mamoswine|Mamoswine, L50, M|100/100\n|switch|p1b: Samurott|Samurott-Hisui, L50, M|100/100\n|switch|p2a: Farigiraf|Farigiraf, L50, M|100/100\n|switch|p2b: Incineroar|Incineroar, L50, M|100/100\n|-ability|p2b: Incineroar|Intimidate|boost\n|-fail|p1a: Mamoswine|unboost|Attack|[from] ability: Oblivious|[of] p1a: Mamoswine\n|-unboost|p1b: Samurott|atk|1\n|turn|1\n|\n|t:|1776688300\n|move|p2b: Incineroar|Fake Out|p1a: Mamoswine\n|-damage|p1a: Mamoswine|87/100\n|move|p1b: Samurott|Ceaseless Edge|p2a: Farigiraf\n|-supereffective|p2a: Farigiraf|1\n|-damage|p2a: Farigiraf|50/100\n|-sidestart|p2: DivergenceVGC|Spikes\n|cant|p1a: Mamoswine|flinch\n|move|p2a: Farigiraf|Trick Room|p2a: Farigiraf\n|-fieldstart|move: Trick Room|[of] p2a: Farigiraf\n|\n|-heal|p2a: Farigiraf|57/100|[from] item: Leftovers\n|upkeep\n|turn|2\n|\n|t:|1776688329\n|switch|p1a: Glimmora|Glimmora, L50, F|100/100\n|move|p2a: Farigiraf|Hyper Voice|p1a: Glimmora|[spread] p1a,p1b\n|-resisted|p1a: Glimmora|1\n|-damage|p1a: Glimmora|86/100\n|-damage|p1b: Samurott|62/100\n|move|p2b: Incineroar|Close Combat|p1b: Samurott\n|-supereffective|p1b: Samurott|1\n|-damage|p1b: Samurott|0 fnt\n|-unboost|p2b: Incineroar|def|1\n|-unboost|p2b: Incineroar|spd|1\n|faint|p1b: Samurott\n|\n|-heal|p2a: Farigiraf|63/100|[from] item: Leftovers\n|upkeep\n|\n|t:|1776688340\n|switch|p1b: Rotom|Rotom-Heat, L50|100/100\n|turn|3\n|\n|t:|1776688364\n|move|p1a: Glimmora|Spiky Shield|p1a: Glimmora\n|-singleturn|p1a: Glimmora|move: Protect\n|move|p2a: Farigiraf|Nasty Plot|p2a: Farigiraf\n|-boost|p2a: Farigiraf|spa|2\n|move|p2b: Incineroar|Close Combat|p1a: Glimmora\n|-activate|p1a: Glimmora|move: Protect\n|-damage|p2b: Incineroar|88/100|[from] Spiky Shield|[of] p1a: Glimmora\n|move|p1b: Rotom|Light Screen|p1b: Rotom\n|-sidestart|p1: Disfrazdetigre|move: Light Screen\n|\n|-heal|p2a: Farigiraf|69/100|[from] item: Leftovers\n|upkeep\n|turn|4\n|\n|t:|1776688396\n|switch|p1a: Mamoswine|Mamoswine, L50, M|87/100\n|move|p2a: Farigiraf|Psychic|p1a: Mamoswine\n|-damage|p1a: Mamoswine|31/100\n|move|p2b: Incineroar|Close Combat|p1a: Mamoswine\n|-supereffective|p1a: Mamoswine|1\n|-damage|p1a: Mamoswine|0 fnt\n|-unboost|p2b: Incineroar|def|1\n|-unboost|p2b: Incineroar|spd|1\n|faint|p1a: Mamoswine\n|move|p1b: Rotom|Volt Switch|p2b: Incineroar\n|-damage|p2b: Incineroar|43/100\n|-enditem|p2b: Incineroar|Sitrus Berry|[eat]\n|-heal|p2b: Incineroar|68/100|[from] item: Sitrus Berry\n|\n|t:|1776688410\n|switch|p1b: Glimmora|Glimmora, L50, F|86/100|[from] Volt Switch\n|\n|-heal|p2a: Farigiraf|75/100|[from] item: Leftovers\n|upkeep\n|\n|t:|1776688413\n|switch|p1a: Rotom|Rotom-Heat, L50|100/100\n|turn|5\n|\n|t:|1776688422\n|move|p1a: Rotom|Protect|p1a: Rotom\n|-singleturn|p1a: Rotom|Protect\n|move|p1b: Glimmora|Spiky Shield|p1b: Glimmora\n|-singleturn|p1b: Glimmora|move: Protect\n|move|p2a: Farigiraf|Psychic|p1b: Glimmora\n|-activate|p1b: Glimmora|move: Protect\n|move|p2b: Incineroar|Parting Shot|p1a: Rotom\n|-activate|p1a: Rotom|move: Protect\n|\n|-heal|p2a: Farigiraf|82/100|[from] item: Leftovers\n|-fieldend|move: Trick Room\n|upkeep\n|turn|6\n|\n|t:|1776688443\n|detailschange|p1b: Glimmora|Glimmora-Mega, L50, F\n|-mega|p1b: Glimmora|Glimmora|Glimmoranite\n|move|p1b: Glimmora|Sludge Bomb|p2a: Farigiraf\n|-damage|p2a: Farigiraf|8/100\n|move|p1a: Rotom|Volt Switch|p2a: Farigiraf\n|-damage|p2a: Farigiraf|0 fnt\n|faint|p2a: Farigiraf\n|move|p2b: Incineroar|Parting Shot|p1b: Glimmora\n|-unboost|p1b: Glimmora|atk|1\n|-unboost|p1b: Glimmora|spa|1\n|\n|t:|1776688459\n|switch|p2b: Sylveon|Sylveon, L50, M|100/100|[from] Parting Shot\n|-damage|p2b: Sylveon|88/100|[from] Spikes\n|\n|upkeep\n|\n|t:|1776688464\n|switch|p2a: Incineroar|Incineroar, L50, M|68/100\n|-damage|p2a: Incineroar|55/100|[from] Spikes\n|-ability|p2a: Incineroar|Intimidate|boost\n|-unboost|p1a: Rotom|atk|1\n|-unboost|p1b: Glimmora|atk|1\n|turn|7\n|\n|t:|1776688477\n|move|p2a: Incineroar|Fake Out|p1a: Rotom\n|-damage|p1a: Rotom|91/100\n|move|p1b: Glimmora|Sludge Bomb|p2b: Sylveon\n|-supereffective|p2b: Sylveon|1\n|-damage|p2b: Sylveon|14/100\n|cant|p1a: Rotom|flinch\n|move|p2b: Sylveon|Substitute|p2b: Sylveon\n|-fail|p2b: Sylveon|move: Substitute|[weak]\n|\n|-sideend|p1: Disfrazdetigre|move: Light Screen\n|upkeep\n|turn|8\n|\n|t:|1776688494\n|move|p2b: Sylveon|Protect|p2b: Sylveon\n|-singleturn|p2b: Sylveon|Protect\n|move|p1b: Glimmora|Power Gem|p2a: Incineroar\n|-supereffective|p2a: Incineroar|1\n|-damage|p2a: Incineroar|0 fnt\n|faint|p2a: Incineroar\n|move|p1a: Rotom|Volt Switch|p2b: Sylveon\n|-activate|p2b: Sylveon|move: Protect\n|\n|upkeep\n|\n|t:|1776688501\n|switch|p2a: Charizard|Charizard, L50, F|100/100\n|turn|9\n|\n|t:|1776688520\n|detailschange|p2a: Charizard|Charizard-Mega-Y, L50, F\n|-mega|p2a: Charizard|Charizard|Charizardite Y\n|-weather|SunnyDay|[from] ability: Drought|[of] p2a: Charizard\n|move|p2a: Charizard|Protect|p2a: Charizard\n|-singleturn|p2a: Charizard|Protect\n|move|p1b: Glimmora|Spiky Shield|p1b: Glimmora\n|-singleturn|p1b: Glimmora|move: Protect\n|move|p1a: Rotom|Light Screen|p1a: Rotom\n|-sidestart|p1: Disfrazdetigre|move: Light Screen\n|move|p2b: Sylveon|Hyper Beam|p1a: Rotom\n|-resisted|p1a: Rotom|1\n|-damage|p1a: Rotom|51/100\n|-mustrecharge|p2b: Sylveon\n|\n|-weather|SunnyDay|[upkeep]\n|upkeep\n|turn|10\n|inactive|Battle timer is ON: inactive players will automatically lose when time's up. (requested by Disfrazdetigre)\n|-message|DivergenceVGC forfeited.\n|\n|win|Disfrazdetigre\n|raw|Disfrazdetigre's rating: 1451 &rarr; <strong>1472</strong><br />(+21 for winning)\n|raw|DivergenceVGC's rating: 1460 &rarr; <strong>1439</strong><br />(-21 for losing)\n|l|\u2606DivergenceVGC\n|player|p2|\n",
  "uploadtime": 1776688541,
  "views": 11,
  "formatid": "gen9championsvgc2026regma",
  "rating": 1439,
  "private": 0,
  "password": null
}