{
  "id": "gen9championsvgc2026regma-2586059734",
  "format": "[Gen 9 Champions] VGC 2026 Reg M-A",
  "players": [
    "Jah_08",
    "Phillip Blevin"
  ],
  "log": "|j|\u2606Jah_08\n|j|\u2606Phillip Blevin\n|t:|1776394742\n|gametype|doubles\n|player|p1|Jah_08|alder|1319\n|player|p2|Phillip Blevin|cynthia-masters4|1311\n|gen|9\n|tier|[Gen 9 Champions] VGC 2026 Reg M-A\n|rated|\n|rule|Species Clause: Limit one of each Pok\u00e9mon\n|rule|Item Clause: Limit 1 of each item\n|clearpoke\n|poke|p1|Excadrill, L50, M|\n|poke|p1|Whimsicott, L50, M|\n|poke|p1|Chandelure, L50, F|\n|poke|p1|Zoroark-Hisui, L50, M|\n|poke|p1|Basculegion, L50, M|\n|poke|p1|Hydreigon, L50, M|\n|poke|p2|Froslass, L50, F|\n|poke|p2|Corviknight, L50, M|\n|poke|p2|Sneasler, L50, F|\n|poke|p2|Rotom-Mow, L50|\n|poke|p2|Incineroar, L50, F|\n|poke|p2|Milotic, L50, M|\n|teampreview|4\n|inactive|Battle timer is ON: inactive players will automatically lose when time's up. (requested by Phillip Blevin)\nPhillip Blevin has agreed to open team sheets.\n|inactive|Jah_08 has 60 seconds left.\n|inactive|Phillip Blevin has 60 seconds left.\n|\n|t:|1776394777\n|teamsize|p1|4\n|teamsize|p2|4\n|start\n|switch|p1a: Whimsicott|Whimsicott, L50, M, shiny|100/100\n|switch|p1b: Excadrill|Excadrill, L50, M|100/100\n|switch|p2a: Rotom|Rotom-Mow, L50|100/100\n|switch|p2b: Froslass|Froslass, L50, F|100/100\n|-ability|p1b: Excadrill|Mold Breaker\n|turn|1\n|inactive|Jah_08 has 30 seconds left.\n|\n|t:|1776394806\n|detailschange|p2b: Froslass|Froslass-Mega, L50, F\n|-mega|p2b: Froslass|Froslass|Froslassite\n|-weather|Snowscape|[from] ability: Snow Warning|[of] p2b: Froslass\n|move|p1a: Whimsicott|Tailwind|p1a: Whimsicott\n|-sidestart|p1: Jah_08|move: Tailwind\n|move|p1b: Excadrill|Iron Head|p2b: Froslass\n|-supereffective|p2b: Froslass|1\n|-damage|p2b: Froslass|9/100\n|move|p2a: Rotom|Electroweb|p1b: Excadrill|[spread] p1a\n|-immune|p1b: Excadrill\n|-resisted|p1a: Whimsicott|1\n|-damage|p1a: Whimsicott|85/100\n|-unboost|p1a: Whimsicott|spe|1\n|move|p2b: Froslass|Blizzard|p1a: Whimsicott|[spread] p1a,p1b\n|-supereffective|p1a: Whimsicott|1\n|-damage|p1a: Whimsicott|0 fnt\n|-damage|p1b: Excadrill|37/100\n|faint|p1a: Whimsicott\n|\n|-weather|Snowscape|[upkeep]\n|upkeep\n|\n|t:|1776394830\n|switch|p1a: Chandelure|Chandelure, L50, F|100/100\n|turn|2\n|\n|t:|1776394841\n|switch|p2a: Incineroar|Incineroar, L50, F|100/100\n|-ability|p2a: Incineroar|Intimidate|boost\n|-unboost|p1a: Chandelure|atk|1\n|-unboost|p1b: Excadrill|atk|1\n|move|p2b: Froslass|Protect|p2b: Froslass\n|-singleturn|p2b: Froslass|Protect\n|move|p1b: Excadrill|High Horsepower|p2a: Incineroar\n|-supereffective|p2a: Incineroar|1\n|-damage|p2a: Incineroar|46/100\n|move|p1a: Chandelure|Heat Wave|p2a: Incineroar|[spread] p2a\n|-activate|p2b: Froslass|move: Protect\n|-resisted|p2a: Incineroar|1\n|-damage|p2a: Incineroar|27/100\n|\n|-weather|Snowscape|[upkeep]\n|upkeep\n|turn|3\n|\n|t:|1776394863\n|detailschange|p1a: Chandelure|Chandelure-Mega, L50, F\n|-mega|p1a: Chandelure|Chandelure|Chandelurite\n|move|p1b: Excadrill|Protect|p1b: Excadrill\n|-singleturn|p1b: Excadrill|Protect\n|move|p2a: Incineroar|Fake Out|p1b: Excadrill\n|-activate|p1b: Excadrill|move: Protect\n|move|p1a: Chandelure|Heat Wave|p2a: Incineroar|[spread] p2a,p2b\n|-resisted|p2a: Incineroar|1\n|-supereffective|p2b: Froslass|1\n|-damage|p2a: Incineroar|5/100\n|-damage|p2b: Froslass|0 fnt\n|faint|p2b: Froslass\n|\n|-weather|Snowscape|[upkeep]\n|upkeep\n|\n|t:|1776394867\n|switch|p2b: Milotic|Milotic, L50, M|100/100\n|turn|4\n|inactive|Jah_08 has 30 seconds left.\n|\n|t:|1776394892\n|move|p1b: Excadrill|Rock Slide|p2b: Milotic|[spread] p2a,p2b\n|-supereffective|p2a: Incineroar|1\n|-damage|p2a: Incineroar|0 fnt\n|-damage|p2b: Milotic|86/100\n|faint|p2a: Incineroar\n|move|p1a: Chandelure|Substitute|p1a: Chandelure\n|-start|p1a: Chandelure|Substitute\n|-damage|p1a: Chandelure|76/100\n|move|p2b: Milotic|Muddy Water|p1b: Excadrill|[spread] p1a,p1b\n|-supereffective|p1a: Chandelure|1\n|-end|p1a: Chandelure|Substitute\n|-supereffective|p1b: Excadrill|1\n|-damage|p1b: Excadrill|0 fnt\n|faint|p1b: Excadrill\n|\n|-weather|Snowscape|[upkeep]\n|-sideend|p1: Jah_08|move: Tailwind\n|upkeep\n|\n|t:|1776394908\n|switch|p1b: Basculegion|Basculegion, L50, M|100/100\n|switch|p2a: Rotom|Rotom-Mow, L50|100/100\n|turn|5\n|\n|t:|1776394928\n|move|p2a: Rotom|Leaf Storm|p1b: Basculegion\n|-supereffective|p1b: Basculegion|1\n|-damage|p1b: Basculegion|0 fnt\n|-unboost|p2a: Rotom|spa|2\n|faint|p1b: Basculegion\n|move|p1a: Chandelure|Heat Wave|p2b: Milotic|[spread] p2a,p2b\n|-supereffective|p2a: Rotom|1\n|-resisted|p2b: Milotic|1\n|-damage|p2a: Rotom|0 fnt\n|-damage|p2b: Milotic|73/100\n|faint|p2a: Rotom\n|move|p2b: Milotic|Muddy Water|p1a: Chandelure\n|-supereffective|p1a: Chandelure|1\n|-damage|p1a: Chandelure|14/100\n|\n|-weather|none\n|upkeep\n|turn|6\n|\n|t:|1776394944\n|move|p1a: Chandelure|Shadow Ball|p2b: Milotic\n|-damage|p2b: Milotic|40/100\n|-enditem|p2b: Milotic|Sitrus Berry|[eat]\n|-heal|p2b: Milotic|65/100|[from] item: Sitrus Berry\n|move|p2b: Milotic|Muddy Water|p1a: Chandelure\n|-supereffective|p1a: Chandelure|1\n|-damage|p1a: Chandelure|0 fnt\n|faint|p1a: Chandelure\n|\n|win|Phillip Blevin\n|raw|Jah_08's rating: 1319 &rarr; <strong>1299</strong><br />(-20 for losing)\n|raw|Phillip Blevin's rating: 1311 &rarr; <strong>1331</strong><br />(+20 for winning)\n|l|\u2606Phillip Blevin\n|player|p2|\n",
  "uploadtime": 1776394944,
  "views": 26,
  "formatid": "gen9championsvgc2026regma",
  "rating": 1299,
  "private": 0,
  "password": null
}