{
  "id": "gen9championsvgc2026regma-2584168655",
  "format": "[Gen 9 Champions] VGC 2026 Reg M-A",
  "players": [
    "AlejoSv8",
    "zcolor"
  ],
  "log": "|j|\u2606AlejoSv8\n|j|\u2606zcolor\n|t:|1776233523\n|gametype|doubles\n|player|p1|AlejoSv8|102|1129\n|player|p2|zcolor|265|1160\n|gen|9\n|tier|[Gen 9 Champions] VGC 2026 Reg M-A\n|rated|\n|rule|Species Clause: Limit one of each Pok\u00e9mon\n|rule|Item Clause: Limit 1 of each item\n|clearpoke\n|poke|p1|Torkoal, L50, M|\n|poke|p1|Gallade, L50, M|\n|poke|p1|Venusaur, L50, M|\n|poke|p1|Farigiraf, L50, M|\n|poke|p1|Charizard, L50, F|\n|poke|p1|Garchomp, L50, M|\n|poke|p2|Basculegion, L50, M|\n|poke|p2|Volcarona, L50, F|\n|poke|p2|Gardevoir, L50, F|\n|poke|p2|Lucario, L50, F|\n|poke|p2|Mamoswine, L50, M|\n|poke|p2|Whimsicott, L50, M|\n|teampreview|4\n|inactive|Battle timer is ON: inactive players will automatically lose when time's up. (requested by zcolor)\n|inactive|AlejoSv8 has 60 seconds left.\n|\n|t:|1776233580\n|teamsize|p1|4\n|teamsize|p2|4\n|start\n|switch|p1a: Farigiraf|Farigiraf, L50, M|100/100\n|switch|p1b: Gallade|Gallade, L50, M|100/100\n|switch|p2a: Basculegion|Basculegion, L50, M|100/100\n|switch|p2b: Gardevoir|Gardevoir, L50, F|100/100\n|-ability|p2b: Gardevoir|Armor Tail|Trace|[from] ability: Trace|[of] p1a: Farigiraf\n|turn|1\n|inactive|AlejoSv8 has 30 seconds left.\n|inactive|AlejoSv8 has 20 seconds left.\n|\n|t:|1776233617\n|detailschange|p2b: Gardevoir|Gardevoir-Mega, L50, F\n|-mega|p2b: Gardevoir|Gardevoir|Gardevoirite\n|move|p2b: Gardevoir|Calm Mind|p2b: Gardevoir\n|-boost|p2b: Gardevoir|spa|1\n|-boost|p2b: Gardevoir|spd|1\n|move|p2a: Basculegion|Wave Crash|p1b: Gallade\n|-damage|p1b: Gallade|19/100\n|-damage|p2a: Basculegion|78/100|[from] Recoil\n|move|p1b: Gallade|Psycho Cut|p2a: Basculegion\n|-damage|p2a: Basculegion|15/100\n|move|p1a: Farigiraf|Trick Room|p1a: Farigiraf\n|-fieldstart|move: Trick Room|[of] p1a: Farigiraf\n|\n|upkeep\n|turn|2\n|inactive|AlejoSv8 has 30 seconds left.\n|\n|t:|1776233646\n|move|p2a: Basculegion|Aqua Jet||[still]\n|cant|p1a: Farigiraf|ability: Armor Tail|Aqua Jet|[of] p2a: Basculegion\n|move|p1a: Farigiraf|Hyper Voice|p2b: Gardevoir|[spread] p2b\n|-immune|p2a: Basculegion\n|-damage|p2b: Gardevoir|83/100\n|move|p1b: Gallade|Psycho Cut|p2a: Basculegion\n|-damage|p2a: Basculegion|0 fnt\n|faint|p2a: Basculegion\n|move|p2b: Gardevoir|Calm Mind|p2b: Gardevoir\n|-boost|p2b: Gardevoir|spa|1\n|-boost|p2b: Gardevoir|spd|1\n|\n|upkeep\n|\n|t:|1776233669\n|switch|p2a: Mamoswine|Mamoswine, L50, M|100/100\n|turn|3\n|\n|t:|1776233690\n|move|p2a: Mamoswine|Protect|p2a: Mamoswine\n|-singleturn|p2a: Mamoswine|Protect\n|move|p1a: Farigiraf|Hyper Voice|p2b: Gardevoir|[spread] p2b\n|-activate|p2a: Mamoswine|move: Protect\n|-damage|p2b: Gardevoir|69/100\n|move|p1b: Gallade|Sacred Sword|p2a: Mamoswine\n|-activate|p2a: Mamoswine|move: Protect\n|move|p2b: Gardevoir|Hyper Voice|p1a: Farigiraf|[spread] p1a,p1b\n|-supereffective|p1b: Gallade|1\n|-damage|p1a: Farigiraf|0 fnt\n|-damage|p1b: Gallade|0 fnt\n|faint|p1a: Farigiraf\n|faint|p1b: Gallade\n|\n|upkeep\n|\n|t:|1776233709\n|switch|p1a: Torkoal|Torkoal, L50, M|100/100\n|switch|p1b: Garchomp|Garchomp, L50, M|100/100\n|-weather|SunnyDay|[from] ability: Drought|[of] p1a: Torkoal\n|turn|4\n|\n|t:|1776233724\n|move|p2b: Gardevoir|Protect|p2b: Gardevoir\n|-singleturn|p2b: Gardevoir|Protect\n|move|p2a: Mamoswine|Ice Shard|p1b: Garchomp\n|-supereffective|p1b: Garchomp|2\n|-damage|p1b: Garchomp|10/100\n|move|p1a: Torkoal|Eruption|p2b: Gardevoir|[spread] p2a\n|-activate|p2b: Gardevoir|move: Protect\n|-supereffective|p2a: Mamoswine|1\n|-damage|p2a: Mamoswine|0 fnt\n|faint|p2a: Mamoswine\n|move|p1b: Garchomp|Rock Slide|p2b: Gardevoir\n|-activate|p2b: Gardevoir|move: Protect\n|\n|-weather|SunnyDay|[upkeep]\n|upkeep\n|\n|t:|1776233741\n|switch|p2a: Whimsicott|Whimsicott, L50, M|100/100\n|turn|5\n|\n|t:|1776233747\n|move|p2a: Whimsicott|Protect|p2a: Whimsicott\n|-singleturn|p2a: Whimsicott|Protect\n|move|p1a: Torkoal|Eruption|p2b: Gardevoir|[spread] p2b\n|-activate|p2a: Whimsicott|move: Protect\n|-damage|p2b: Gardevoir|25/100\n|move|p2b: Gardevoir|Hyper Voice|p1a: Torkoal|[spread] p1a,p1b\n|-resisted|p1a: Torkoal|1\n|-supereffective|p1b: Garchomp|1\n|-damage|p1a: Torkoal|29/100\n|-damage|p1b: Garchomp|0 fnt\n|faint|p1b: Garchomp\n|\n|-weather|SunnyDay|[upkeep]\n|-fieldend|move: Trick Room\n|upkeep\n|turn|6\n|\n|t:|1776233767\n|move|p2a: Whimsicott|Moonblast|p1a: Torkoal\n|-resisted|p1a: Torkoal|1\n|-damage|p1a: Torkoal|6/100\n|move|p2b: Gardevoir|Hyper Voice|p1a: Torkoal\n|-resisted|p1a: Torkoal|1\n|-damage|p1a: Torkoal|0 fnt\n|faint|p1a: Torkoal\n|\n|win|zcolor\n|raw|AlejoSv8's rating: 1129 &rarr; <strong>1106</strong><br />(-23 for losing)\n|raw|zcolor's rating: 1160 &rarr; <strong>1183</strong><br />(+23 for winning)\n",
  "uploadtime": 1776233777,
  "views": 19,
  "formatid": "gen9championsvgc2026regma",
  "rating": 1106,
  "private": 0,
  "password": null
}