{
  "id": "gen9championsvgc2026regma-2582247896",
  "format": "[Gen 9 Champions] VGC 2026 Reg M-A",
  "players": [
    "treehuggingbunny",
    "emaster2048"
  ],
  "log": "|j|\u2606treehuggingbunny\n|j|\u2606emaster2048\n|t:|1776075875\n|gametype|doubles\n|player|p1|treehuggingbunny|266|1000\n|player|p2|emaster2048|elesa|1053\n|gen|9\n|tier|[Gen 9 Champions] VGC 2026 Reg M-A\n|rated|\n|rule|Species Clause: Limit one of each Pok\u00e9mon\n|rule|Item Clause: Limit 1 of each item\n|clearpoke\n|poke|p1|Garchomp, L50, M|\n|poke|p1|Dragonite, L50, F|\n|poke|p1|Whimsicott, L50, M|\n|poke|p1|Farigiraf, L50, F|\n|poke|p1|Meganium, L50, F|\n|poke|p1|Incineroar, L50, F|\n|poke|p2|Beedrill, L50, F|\n|poke|p2|Farigiraf, L50, F|\n|poke|p2|Aerodactyl, L50, F|\n|poke|p2|Greninja-*, L50, M|\n|poke|p2|Incineroar, L50, F|\n|poke|p2|Kingambit, L50, M|\n|teampreview|4\n|inactive|Battle timer is ON: inactive players will automatically lose when time's up. (requested by treehuggingbunny)\ntreehuggingbunny has agreed to open team sheets.\n|inactive|treehuggingbunny has 60 seconds left.\n|inactive|emaster2048 has 60 seconds left.\n|\n|t:|1776075930\n|teamsize|p1|4\n|teamsize|p2|4\n|start\n|switch|p1a: Whimsicott|Whimsicott, L50, M|100/100\n|switch|p1b: Garchomp|Garchomp, L50, M|100/100\n|switch|p2a: Greninja|Greninja, L50, M|100/100\n|switch|p2b: Aerodactyl|Aerodactyl, L50, F|100/100\n|-ability|p2b: Aerodactyl|Unnerve\n|turn|1\n|\n|t:|1776075942\n|switch|p2b: Farigiraf|Farigiraf, L50, F|100/100\n|move|p1a: Whimsicott|Tailwind|p1a: Whimsicott\n|-sidestart|p1: treehuggingbunny|move: Tailwind\n|move|p1b: Garchomp|Rock Slide|p2b: Farigiraf|[spread] p2a,p2b\n|-damage|p2a: Greninja|67/100\n|-damage|p2b: Farigiraf|84/100\n|move|p2a: Greninja|Ice Beam|p1b: Garchomp\n|-start|p2a: Greninja|typechange|Ice|[from] ability: Protean\n|-supereffective|p1b: Garchomp|2\n|-damage|p1b: Garchomp|0 fnt\n|faint|p1b: Garchomp\n|\n|upkeep\n|\n|t:|1776075956\n|switch|p1b: Farigiraf|Farigiraf, L50, F|100/100\n|turn|2\n|\n|t:|1776075967\n|move|p1a: Whimsicott|Moonblast|p2a: Greninja\n|-damage|p2a: Greninja|27/100\n|move|p2a: Greninja|Ice Beam|p1a: Whimsicott\n|-supereffective|p1a: Whimsicott|1\n|-enditem|p1a: Whimsicott|Focus Sash\n|-damage|p1a: Whimsicott|1/100\n|move|p1b: Farigiraf|Hyper Voice|p2a: Greninja|[spread] p2a,p2b\n|-damage|p2a: Greninja|0 fnt\n|-damage|p2b: Farigiraf|61/100\n|faint|p2a: Greninja\n|move|p2b: Farigiraf|Hyper Voice|p1a: Whimsicott|[spread] p1a,p1b\n|-damage|p1a: Whimsicott|0 fnt\n|-damage|p1b: Farigiraf|79/100\n|faint|p1a: Whimsicott\n|\n|upkeep\n|\n|t:|1776075978\n|switch|p2a: Aerodactyl|Aerodactyl, L50, F|100/100\n|switch|p1a: Meganium|Meganium, L50, F|100/100\n|-ability|p2a: Aerodactyl|Unnerve\n|turn|3\n|\n|t:|1776075990\n|detailschange|p1a: Meganium|Meganium-Mega, L50, F\n|-mega|p1a: Meganium|Meganium|Meganiumite\n|move|p2b: Farigiraf|Protect|p2b: Farigiraf\n|-singleturn|p2b: Farigiraf|Protect\n|move|p1a: Meganium|Solar Beam||[still]\n|-prepare|p1a: Meganium|Solar Beam\n|-activate|p1a: Meganium|ability: Mega Sol\n|-anim|p1a: Meganium|Solar Beam|p2a: Aerodactyl\n|-damage|p2a: Aerodactyl|12/100\n|move|p2a: Aerodactyl|Tailwind|p2a: Aerodactyl\n|-sidestart|p2: emaster2048|move: Tailwind\n|move|p1b: Farigiraf|Hyper Voice|p2a: Aerodactyl|[spread] p2a\n|-activate|p2b: Farigiraf|move: Protect\n|-resisted|p2a: Aerodactyl|1\n|-damage|p2a: Aerodactyl|0 fnt\n|faint|p2a: Aerodactyl\n|\n|upkeep\n|\n|t:|1776076001\n|switch|p2a: Beedrill|Beedrill, L50, F, shiny|100/100\n|turn|4\n|\n|t:|1776076018\n|detailschange|p2a: Beedrill|Beedrill-Mega, L50, F, shiny\n|-mega|p2a: Beedrill|Beedrill|Beedrillite\n|move|p2b: Farigiraf|Helping Hand|p2a: Beedrill\n|-singleturn|p2a: Beedrill|Helping Hand|[of] p2b: Farigiraf\n|move|p2a: Beedrill|Fell Stinger|p1b: Farigiraf\n|-supereffective|p1b: Farigiraf|1\n|-damage|p1b: Farigiraf|0 fnt\n|faint|p1b: Farigiraf\n|-boost|p2a: Beedrill|atk|3\n|move|p1a: Meganium|Solar Beam||[still]\n|-prepare|p1a: Meganium|Solar Beam\n|-activate|p1a: Meganium|ability: Mega Sol\n|-anim|p1a: Meganium|Solar Beam|p2b: Farigiraf\n|-damage|p2b: Farigiraf|4/100\n|-enditem|p2b: Farigiraf|Sitrus Berry|[eat]\n|-heal|p2b: Farigiraf|29/100|[from] item: Sitrus Berry\n|\n|-sideend|p1: treehuggingbunny|move: Tailwind\n|upkeep\n|turn|5\n|\n|t:|1776076033\n|move|p2b: Farigiraf|Helping Hand|p2a: Beedrill\n|-singleturn|p2a: Beedrill|Helping Hand|[of] p2b: Farigiraf\n|move|p1a: Meganium|Protect|p1a: Meganium\n|-singleturn|p1a: Meganium|Protect\n|move|p2a: Beedrill|Poison Jab|p1a: Meganium\n|-activate|p1a: Meganium|move: Protect\n|\n|upkeep\n|turn|6\n|c|\u2606emaster2048|gg\n|\n|t:|1776076043\n|move|p2b: Farigiraf|Helping Hand|p2a: Beedrill\n|-singleturn|p2a: Beedrill|Helping Hand|[of] p2b: Farigiraf\n|move|p1a: Meganium|Protect||[still]\n|-fail|p1a: Meganium\n|move|p2a: Beedrill|Poison Jab|p1a: Meganium\n|-supereffective|p1a: Meganium|2\n|-damage|p1a: Meganium|0 fnt\n|faint|p1a: Meganium\n|\n|win|emaster2048\n|raw|treehuggingbunny's rating: 1000 &rarr; <strong>1000</strong><br />(+0 for losing)\n|raw|emaster2048's rating: 1053 &rarr; <strong>1080</strong><br />(+27 for winning)\n|l|\u2606treehuggingbunny\n|player|p1|\n",
  "uploadtime": 1776076054,
  "views": 32,
  "formatid": "gen9championsvgc2026regma",
  "rating": 1000,
  "private": 0,
  "password": null
}