{
  "id": "gen9championsvgc2026regma-2586214208",
  "format": "[Gen 9 Champions] VGC 2026 Reg M-A",
  "players": [
    "sebrai",
    "BoltZekromz"
  ],
  "log": "|j|\u2606sebrai\n|j|\u2606BoltZekromz\n|t:|1776413248\n|gametype|doubles\n|player|p1|sebrai|iris-gen5bw2|1102\n|player|p2|BoltZekromz|hilbert-wonderlauncher|1106\n|gen|9\n|tier|[Gen 9 Champions] VGC 2026 Reg M-A\n|rated|\n|rule|Species Clause: Limit one of each Pok\u00e9mon\n|rule|Item Clause: Limit 1 of each item\n|clearpoke\n|poke|p1|Froslass, L50, F|\n|poke|p1|Arcanine-Hisui, L50, F|\n|poke|p1|Milotic, L50, M|\n|poke|p1|Maushold, L50|\n|poke|p1|Sinistcha, L50|\n|poke|p1|Kommo-o, L50, F|\n|poke|p2|Skarmory, L50, F|\n|poke|p2|Garchomp, L50, F|\n|poke|p2|Basculegion, L50, M|\n|poke|p2|Raichu, L50, M|\n|poke|p2|Glimmora, L50, F|\n|poke|p2|Oranguru, L50, F|\n|teampreview|4\n|inactive|Battle timer is ON: inactive players will automatically lose when time's up. (requested by sebrai)\nsebrai has agreed to open team sheets.\n|\n|t:|1776413269\n|teamsize|p1|4\n|teamsize|p2|4\n|start\n|switch|p1a: complex|Arcanine-Hisui, L50, F|100/100\n|switch|p1b: iron maiden|Milotic, L50, M|100/100\n|switch|p2a: Raichu|Raichu, L50, M|100/100\n|switch|p2b: Basculegion|Basculegion, L50, M|100/100\n|-ability|p1a: complex|Intimidate|boost\n|-unboost|p2a: Raichu|atk|1\n|-unboost|p2b: Basculegion|atk|1\n|turn|1\n|\n|t:|1776413286\n|switch|p1a: racism|Kommo-o, L50, F|100/100\n|move|p2a: Raichu|Fake Out|p1b: iron maiden\n|-damage|p1b: iron maiden|96/100\n|move|p2b: Basculegion|Flip Turn|p1a: racism\n|-resisted|p1a: racism|1\n|-damage|p1a: racism|90/100\n|\n|t:|1776413295\n|switch|p2b: Skarmory|Skarmory, L50, F|100/100|[from] Flip Turn\n|cant|p1b: iron maiden|flinch\n|\n|-heal|p1b: iron maiden|100/100|[from] item: Leftovers\n|upkeep\n|turn|2\n|\n|t:|1776413317\n|detailschange|p2b: Skarmory|Skarmory-Mega, L50, F\n|-mega|p2b: Skarmory|Skarmory|Skarmorite\n|move|p2a: Raichu|Volt Switch|p1b: iron maiden\n|-supereffective|p1b: iron maiden|1\n|-damage|p1b: iron maiden|59/100\n|\n|t:|1776413323\n|switch|p2a: Basculegion|Basculegion, L50, M|100/100|[from] Volt Switch\n|move|p2b: Skarmory|Dual Wingbeat|p1a: racism\n|-supereffective|p1a: racism|1\n|-damage|p1a: racism|57/100\n|-supereffective|p1a: racism|1\n|-damage|p1a: racism|24/100\n|-hitcount|p1a: racism|2\n|move|p1a: racism|Clangorous Soul||[still]\n|-fail|p1a: racism\n|move|p1b: iron maiden|Icy Wind|p2a: Basculegion|[spread] p2a,p2b\n|-resisted|p2a: Basculegion|1\n|-damage|p2a: Basculegion|95/100\n|-damage|p2b: Skarmory|89/100\n|-unboost|p2a: Basculegion|spe|1\n|-unboost|p2b: Skarmory|spe|1\n|\n|-heal|p1b: iron maiden|65/100|[from] item: Leftovers\n|upkeep\n|turn|3\n|inactive|sebrai has 30 seconds left.\n|\n|t:|1776413352\n|switch|p1a: complex|Arcanine-Hisui, L50, F|100/100\n|-ability|p1a: complex|Intimidate|boost\n|-unboost|p2a: Basculegion|atk|1\n|-unboost|p2b: Skarmory|atk|1\n|move|p2a: Basculegion|Flip Turn|p1a: complex\n|-supereffective|p1a: complex|2\n|-damage|p1a: complex|0 fnt\n|faint|p1a: complex\n|\n|t:|1776413360\n|switch|p2a: Raichu|Raichu, L50, M|100/100|[from] Flip Turn\n|move|p2b: Skarmory|Dual Wingbeat|p1b: iron maiden\n|-damage|p1b: iron maiden|54/100\n|-damage|p1b: iron maiden|42/100\n|-hitcount|p1b: iron maiden|2\n|move|p1b: iron maiden|Icy Wind|p2a: Raichu|[spread] p2b\n|-miss|p1b: iron maiden|p2a: Raichu\n|-damage|p2b: Skarmory|78/100\n|-unboost|p2b: Skarmory|spe|1\n|\n|-heal|p1b: iron maiden|48/100|[from] item: Leftovers\n|upkeep\n|\n|t:|1776413368\n|switch|p1a: frosty|Froslass, L50, F|100/100\n|turn|4\n|\n|t:|1776413378\n|detailschange|p1a: frosty|Froslass-Mega, L50, F\n|-mega|p1a: frosty|Froslass|Froslassite\n|-weather|Snowscape|[from] ability: Snow Warning|[of] p1a: frosty\n|move|p2b: Skarmory|Protect|p2b: Skarmory\n|-singleturn|p2b: Skarmory|Protect\n|move|p1a: frosty|Blizzard|p2b: Skarmory|[spread] p2a\n|-activate|p2b: Skarmory|move: Protect\n|-damage|p2a: Raichu|32/100\n|move|p2a: Raichu|Discharge|p1b: iron maiden|[spread] p1a,p1b\n|-activate|p2b: Skarmory|move: Protect\n|-supereffective|p1b: iron maiden|1\n|-crit|p1b: iron maiden\n|-damage|p1a: frosty|69/100\n|-damage|p1b: iron maiden|0 fnt\n|faint|p1b: iron maiden\n|\n|-weather|Snowscape|[upkeep]\n|upkeep\n|\n|t:|1776413391\n|switch|p1b: racism|Kommo-o, L50, F|24/100\n|turn|5\n|inactive|BoltZekromz has 30 seconds left.\n|\n|t:|1776413417\n|move|p1a: frosty|Blizzard|p2a: Raichu|[spread] p2a,p2b\n|-damage|p2a: Raichu|0 fnt\n|-damage|p2b: Skarmory|22/100\n|faint|p2a: Raichu\n|move|p1b: racism|Aura Sphere|p2b: Skarmory\n|-damage|p2b: Skarmory|0 fnt\n|faint|p2b: Skarmory\n|\n|-weather|Snowscape|[upkeep]\n|upkeep\n|\n|t:|1776413426\n|switch|p2b: Glimmora|Glimmora, L50, F|100/100\n|switch|p2a: Basculegion|Basculegion, L50, M|95/100\n|turn|6\n|inactive|sebrai has 30 seconds left.\n|\n|t:|1776413452\n|move|p1a: frosty|Protect|p1a: frosty\n|-singleturn|p1a: frosty|Protect\n|move|p2a: Basculegion|Last Respects|p1a: frosty\n|-activate|p1a: frosty|move: Protect\n|move|p2b: Glimmora|Power Gem|p1a: frosty\n|-activate|p1a: frosty|move: Protect\n|move|p1b: racism|Clanging Scales|p2b: Glimmora|[spread] p2a,p2b\n|-damage|p2a: Basculegion|40/100\n|-damage|p2b: Glimmora|43/100\n|-unboost|p1b: racism|def|1\n|\n|-weather|Snowscape|[upkeep]\n|upkeep\n|turn|7\n|\n|t:|1776413471\n|move|p2a: Basculegion|Last Respects|p1a: frosty\n|-supereffective|p1a: frosty|1\n|-damage|p1a: frosty|0 fnt\n|faint|p1a: frosty\n|move|p2b: Glimmora|Power Gem|p1b: racism\n|-resisted|p1b: racism|1\n|-damage|p1b: racism|3/100\n|move|p1b: racism|Clanging Scales|p2b: Glimmora|[spread] p2a,p2b\n|-damage|p2a: Basculegion|0 fnt\n|-damage|p2b: Glimmora|0 fnt\n|faint|p2a: Basculegion\n|faint|p2b: Glimmora\n|\n|win|sebrai\n|raw|sebrai's rating: 1102 &rarr; <strong>1127</strong><br />(+25 for winning)\n|raw|BoltZekromz's rating: 1106 &rarr; <strong>1081</strong><br />(-25 for losing)\n",
  "uploadtime": 1776413489,
  "views": 23,
  "formatid": "gen9championsvgc2026regma",
  "rating": 1081,
  "private": 0,
  "password": null
}