{
  "id": "gen9championsvgc2026regma-2583420123",
  "format": "[Gen 9 Champions] VGC 2026 Reg M-A",
  "players": [
    "Gengarhaterrr",
    "Sic-beatz"
  ],
  "log": "|j|\u2606Gengarhaterrr\n|j|\u2606Sic-beatz\n|t:|1776174454\n|gametype|doubles\n|player|p1|Gengarhaterrr|dragontamer|1171\n|player|p2|Sic-beatz|266|1242\n|gen|9\n|tier|[Gen 9 Champions] VGC 2026 Reg M-A\n|rated|\n|rule|Species Clause: Limit one of each Pok\u00e9mon\n|rule|Item Clause: Limit 1 of each item\n|clearpoke\n|poke|p1|Venusaur, L50, M|\n|poke|p1|Sinistcha-Masterpiece, L50|\n|poke|p1|Clefable, L50, M|\n|poke|p1|Incineroar, L50, M|\n|poke|p1|Charizard, L50, F|\n|poke|p1|Sneasler, L50, F|\n|poke|p2|Banette, L50, M|\n|poke|p2|Florges, L50, F|\n|poke|p2|Sneasler, L50, F|\n|poke|p2|Incineroar, L50, M|\n|poke|p2|Sinistcha, L50|\n|poke|p2|Chesnaught, L50, F|\n|teampreview|4\n|inactive|Battle timer is ON: inactive players will automatically lose when time's up. (requested by Gengarhaterrr)\n|inactive|Gengarhaterrr has 60 seconds left.\n|inactive|Sic-beatz has 60 seconds left.\n|\n|t:|1776174515\n|teamsize|p1|4\n|teamsize|p2|4\n|start\n|switch|p1a: Venusaur|Venusaur, L50, M, shiny|100/100\n|switch|p1b: Sneasler|Sneasler, L50, F, shiny|100/100\n|switch|p2a: Sneasler|Sneasler, L50, F, shiny|100/100\n|switch|p2b: Florges|Florges, L50, F, shiny|100/100\n|turn|1\n|\n|t:|1776174531\n|detailschange|p1a: Venusaur|Venusaur-Mega, L50, M, shiny\n|-mega|p1a: Venusaur|Venusaur|Venusaurite\n|move|p1b: Sneasler|Fake Out|p2a: Sneasler\n|-damage|p2a: Sneasler|78/100\n|cant|p2a: Sneasler|flinch\n|move|p1a: Venusaur|Leech Seed|p2b: Florges|[miss]\n|-miss|p1a: Venusaur|p2b: Florges\n|move|p2b: Florges|Calm Mind|p2b: Florges\n|-boost|p2b: Florges|spa|1\n|-boost|p2b: Florges|spd|1\n|\n|upkeep\n|turn|2\n|\n|t:|1776174550\n|move|p2b: Florges|Protect|p2b: Florges\n|-singleturn|p2b: Florges|Protect\n|move|p2a: Sneasler|Close Combat|p1b: Sneasler\n|-resisted|p1b: Sneasler|1\n|-damage|p1b: Sneasler|46/100\n|-unboost|p2a: Sneasler|def|1\n|-unboost|p2a: Sneasler|spd|1\n|-enditem|p2a: Sneasler|White Herb\n|-clearnegativeboost|p2a: Sneasler|[silent]\n|move|p1b: Sneasler|Close Combat|p2a: Sneasler\n|-resisted|p2a: Sneasler|1\n|-damage|p2a: Sneasler|20/100\n|-unboost|p1b: Sneasler|def|1\n|-unboost|p1b: Sneasler|spd|1\n|-enditem|p1b: Sneasler|White Herb\n|-clearnegativeboost|p1b: Sneasler|[silent]\n|move|p1a: Venusaur|Leech Seed|p2b: Florges\n|-activate|p2b: Florges|move: Protect\n|\n|upkeep\n|turn|3\n|inactive|Sic-beatz has 30 seconds left.\n|\n|t:|1776174575\n|move|p1b: Sneasler|Rock Slide|p2b: Florges|[spread] p2a,p2b\n|-resisted|p2a: Sneasler|1\n|-damage|p2a: Sneasler|4/100\n|-damage|p2b: Florges|75/100\n|move|p2a: Sneasler|Close Combat|p1b: Sneasler\n|-resisted|p1b: Sneasler|1\n|-damage|p1b: Sneasler|0 fnt\n|-unboost|p2a: Sneasler|def|1\n|-unboost|p2a: Sneasler|spd|1\n|faint|p1b: Sneasler\n|move|p1a: Venusaur|Leech Seed|p2b: Florges\n|-start|p2b: Florges|move: Leech Seed\n|move|p2b: Florges|Calm Mind|p2b: Florges\n|-boost|p2b: Florges|spa|1\n|-boost|p2b: Florges|spd|1\n|\n|-heal|p2b: Florges|81/100|[from] item: Leftovers\n|-damage|p2b: Florges|69/100|[from] Leech Seed|[of] p1a: Venusaur\n|upkeep\n|\n|t:|1776174587\n|switch|p1b: Clefable|Clefable, L50, M, shiny|100/100\n|turn|4\n|\n|t:|1776174601\n|move|p1b: Clefable|Protect|p1b: Clefable\n|-singleturn|p1b: Clefable|Protect\n|move|p2a: Sneasler|Dire Claw|p1b: Clefable\n|-activate|p1b: Clefable|move: Protect\n|move|p1a: Venusaur|Giga Drain|p2a: Sneasler\n|-resisted|p2a: Sneasler|1\n|-damage|p2a: Sneasler|0 fnt\n|faint|p2a: Sneasler\n|move|p2b: Florges|Stored Power|p1b: Clefable\n|-activate|p1b: Clefable|move: Protect\n|\n|-heal|p2b: Florges|75/100|[from] item: Leftovers\n|-damage|p2b: Florges|62/100|[from] Leech Seed|[of] p1a: Venusaur\n|upkeep\n|\n|t:|1776174616\n|switch|p2a: Banette|Banette, L50, M, shiny|100/100\n|turn|5\n|\n|t:|1776174623\n|detailschange|p2a: Banette|Banette-Mega, L50, M, shiny\n|-mega|p2a: Banette|Banette|Banettite\n|move|p1b: Clefable|Follow Me|p1b: Clefable\n|-singleturn|p1b: Clefable|move: Follow Me\n|move|p2a: Banette|Encore|p1b: Clefable\n|-start|p1b: Clefable|Encore\n|move|p1a: Venusaur|Leech Seed|p2a: Banette\n|-start|p2a: Banette|move: Leech Seed\n|move|p2b: Florges|Stored Power|p1b: Clefable\n|-damage|p1b: Clefable|78/100\n|\n|-heal|p2b: Florges|68/100|[from] item: Leftovers\n|-heal|p1b: Clefable|84/100|[from] item: Leftovers\n|-damage|p2b: Florges|56/100|[from] Leech Seed|[of] p1a: Venusaur\n|-damage|p2a: Banette|88/100|[from] Leech Seed|[of] p1a: Venusaur\n|upkeep\n|turn|6\n|\n|t:|1776174641\n|switch|p2a: Sinistcha|Sinistcha, L50, shiny|100/100\n|-heal|p2b: Florges|81/100|[from] ability: Hospitality|[of] p2a: Sinistcha\n|move|p1b: Clefable|Follow Me|p1b: Clefable\n|-singleturn|p1b: Clefable|move: Follow Me\n|move|p1a: Venusaur|Sludge Bomb|p2b: Florges\n|-supereffective|p2b: Florges|1\n|-crit|p2b: Florges\n|-damage|p2b: Florges|5/100\n|move|p2b: Florges|Dazzling Gleam|p1b: Clefable|[spread] p1a,p1b\n|-resisted|p1a: Venusaur|1\n|-damage|p1a: Venusaur|80/100\n|-damage|p1b: Clefable|60/100\n|\n|-heal|p2b: Florges|11/100|[from] item: Leftovers\n|-heal|p1b: Clefable|66/100|[from] item: Leftovers\n|-damage|p2b: Florges|0 fnt|[from] Leech Seed|[of] p1a: Venusaur\n|-heal|p1a: Venusaur|90/100|[silent]\n|faint|p2b: Florges\n|upkeep\n|\n|t:|1776174659\n|switch|p2b: Banette|Banette-Mega, L50, M, shiny|88/100\n|turn|7\n|\n|t:|1776174673\n|move|p2b: Banette|Protect|p2b: Banette\n|-singleturn|p2b: Banette|Protect\n|move|p1b: Clefable|Follow Me|p1b: Clefable\n|-singleturn|p1b: Clefable|move: Follow Me\n|move|p1a: Venusaur|Leech Seed|p2b: Banette\n|-activate|p2b: Banette|move: Protect\n|move|p2a: Sinistcha|Matcha Gotcha|p1a: Venusaur|[spread] p1a,p1b\n|-resisted|p1a: Venusaur|2\n|-damage|p1a: Venusaur|85/100\n|-damage|p1b: Clefable|48/100\n|-status|p1a: Venusaur|brn\n|\n|-heal|p1b: Clefable|54/100|[from] item: Leftovers\n|-damage|p1a: Venusaur|80/100 brn|[from] brn\n|upkeep\n|turn|8\n|inactive|Sic-beatz has 30 seconds left.\n|\n|t:|1776174703\n|move|p1b: Clefable|Follow Me|p1b: Clefable\n|-singleturn|p1b: Clefable|move: Follow Me\n|move|p1a: Venusaur|Leech Seed|p2b: Banette\n|-start|p2b: Banette|move: Leech Seed\n|move|p2b: Banette|Poltergeist|p1b: Clefable\n|-activate|p1b: Clefable|move: Poltergeist|Leftovers\n|-damage|p1b: Clefable|0 fnt\n|faint|p1b: Clefable\n|move|p2a: Sinistcha|Shadow Ball|p1a: Venusaur\n|-damage|p1a: Venusaur|59/100 brn\n|-unboost|p1a: Venusaur|spd|1\n|\n|-damage|p2b: Banette|76/100|[from] Leech Seed|[of] p1a: Venusaur\n|-heal|p1a: Venusaur|70/100 brn|[silent]\n|-damage|p1a: Venusaur|64/100 brn|[from] brn\n|upkeep\n|\n|t:|1776174715\n|switch|p1b: Sinistcha|Sinistcha-Masterpiece, L50, shiny|100/100\n|-heal|p1a: Venusaur|89/100 brn|[from] ability: Hospitality|[of] p1b: Sinistcha\n|turn|9\n|\n|t:|1776174727\n|move|p1a: Venusaur|Giga Drain|p2b: Banette\n|-damage|p2b: Banette|41/100\n|-heal|p1a: Venusaur|100/100 brn|[from] drain|[of] p2b: Banette\n|move|p2b: Banette|Poltergeist|p1b: Sinistcha\n|-activate|p1b: Sinistcha|move: Poltergeist|Sitrus Berry\n|-supereffective|p1b: Sinistcha|1\n|-damage|p1b: Sinistcha|5/100\n|-enditem|p1b: Sinistcha|Sitrus Berry|[eat]\n|-heal|p1b: Sinistcha|30/100|[from] item: Sitrus Berry\n|move|p2a: Sinistcha|Shadow Ball|p1b: Sinistcha\n|-supereffective|p1b: Sinistcha|1\n|-damage|p1b: Sinistcha|0 fnt\n|faint|p1b: Sinistcha\n|\n|-damage|p2b: Banette|29/100|[from] Leech Seed|[of] p1a: Venusaur\n|-damage|p1a: Venusaur|95/100 brn|[from] brn\n|upkeep\n|turn|10\n|inactive|Gengarhaterrr has 30 seconds left.\n|inactive|Gengarhaterrr has 20 seconds left.\n|c|\u2606Gengarhaterrr|Damn that spdef drop matters now\n|inactive|Gengarhaterrr has 15 seconds left.\n|\n|t:|1776174767\n|move|p2b: Banette|Disable|p1a: Venusaur\n|-start|p1a: Venusaur|Disable|Giga Drain\n|move|p1a: Venusaur|Sludge Bomb|p2a: Sinistcha\n|-crit|p2a: Sinistcha\n|-damage|p2a: Sinistcha|39/100\n|move|p2a: Sinistcha|Shadow Ball|p1a: Venusaur\n|-damage|p1a: Venusaur|61/100 brn\n|\n|-damage|p2b: Banette|16/100|[from] Leech Seed|[of] p1a: Venusaur\n|-heal|p1a: Venusaur|72/100 brn|[silent]\n|-damage|p1a: Venusaur|66/100 brn|[from] brn\n|upkeep\n|turn|11\n|\n|t:|1776174790\n|move|p2b: Banette|Disable||[still]\n|-fail|p2b: Banette\n|move|p1a: Venusaur|Sludge Bomb|p2a: Sinistcha\n|-damage|p2a: Sinistcha|0 fnt\n|faint|p2a: Sinistcha\n|\n|-damage|p2b: Banette|4/100|[from] Leech Seed|[of] p1a: Venusaur\n|-heal|p1a: Venusaur|77/100 brn|[silent]\n|-damage|p1a: Venusaur|71/100 brn|[from] brn\n|upkeep\n|turn|12\n|\n|t:|1776174803\n|move|p1a: Venusaur|Protect|p1a: Venusaur\n|-singleturn|p1a: Venusaur|Protect\n|move|p2b: Banette|Poltergeist|p1a: Venusaur\n|-activate|p1a: Venusaur|move: Protect\n|\n|-damage|p2b: Banette|0 fnt|[from] Leech Seed|[of] p1a: Venusaur\n|-heal|p1a: Venusaur|75/100 brn|[silent]\n|faint|p2b: Banette\n|\n|win|Gengarhaterrr\n|raw|Gengarhaterrr's rating: 1171 &rarr; <strong>1201</strong><br />(+30 for winning)\n|raw|Sic-beatz's rating: 1242 &rarr; <strong>1212</strong><br />(-30 for losing)\n|l|\u2606Sic-beatz\n|player|p2|\n|c|\u2606Gengarhaterrr|Ggs\n",
  "uploadtime": 1776174810,
  "views": 19,
  "formatid": "gen9championsvgc2026regma",
  "rating": 1201,
  "private": 0,
  "password": null
}