{
  "id": "gen9championsvgc2026regma-2583689007",
  "format": "[Gen 9 Champions] VGC 2026 Reg M-A",
  "players": [
    "e242521",
    "FrozenFlynn"
  ],
  "log": "|j|\u2606e242521\n|j|\u2606FrozenFlynn\n|t:|1776191166\n|gametype|doubles\n|player|p1|e242521|boarder|1045\n|player|p2|FrozenFlynn|cheren-gen5bw2|1000\n|gen|9\n|tier|[Gen 9 Champions] VGC 2026 Reg M-A\n|rated|\n|rule|Species Clause: Limit one of each Pok\u00e9mon\n|rule|Item Clause: Limit 1 of each item\n|clearpoke\n|poke|p1|Pikachu, L50, M|\n|poke|p1|Charizard, L50, M|\n|poke|p1|Whimsicott, L50, M|\n|poke|p1|Froslass, L50, F|\n|poke|p1|Incineroar, L50, M|\n|poke|p1|Rotom-Wash, L50|\n|poke|p2|Cofagrigus, L50, M|\n|poke|p2|Armarouge, L50, F|\n|poke|p2|Rotom-Wash, L50|\n|poke|p2|Mamoswine, L50, M|\n|poke|p2|Pangoro, L50, F|\n|poke|p2|Drampa, L50, M|\n|teampreview|4\n|inactive|Battle timer is ON: inactive players will automatically lose when time's up. (requested by FrozenFlynn)\n|inactive|FrozenFlynn has 60 seconds left.\ne242521 has agreed to open team sheets.\n|inactive|FrozenFlynn has 30 seconds left.\n|inactive|FrozenFlynn has 20 seconds left.\n|\n|t:|1776191238\n|teamsize|p1|4\n|teamsize|p2|4\n|start\n|switch|p1a: Incineroar|Incineroar, L50, M|100/100\n|switch|p1b: Whimsicott|Whimsicott, L50, M|100/100\n|switch|p2a: Cofagrigus|Cofagrigus, L50, M|100/100\n|switch|p2b: Mamoswine|Mamoswine, L50, M|100/100\n|-ability|p1a: Incineroar|Intimidate|boost\n|-unboost|p2a: Cofagrigus|atk|1\n|-fail|p2b: Mamoswine|unboost|Attack|[from] ability: Oblivious|[of] p2b: Mamoswine\n|turn|1\n|inactive|FrozenFlynn has 30 seconds left.\n|\n|t:|1776191265\n|move|p2b: Mamoswine|Protect|p2b: Mamoswine\n|-singleturn|p2b: Mamoswine|Protect\n|move|p1b: Whimsicott|Tailwind|p1b: Whimsicott\n|-sidestart|p1: e242521|move: Tailwind\n|move|p1a: Incineroar|Flare Blitz|p2b: Mamoswine\n|-activate|p2b: Mamoswine|move: Protect\n|move|p2a: Cofagrigus|Trick Room|p2a: Cofagrigus\n|-fieldstart|move: Trick Room|[of] p2a: Cofagrigus\n|\n|upkeep\n|turn|2\n|inactive|FrozenFlynn has 30 seconds left.\n|\n|t:|1776191293\n|switch|p2a: Rotom|Rotom-Wash, L50|100/100\n|switch|p2b: Armarouge|Armarouge, L50, F|100/100\n|move|p1b: Whimsicott|Sunny Day|p1b: Whimsicott\n|-weather|SunnyDay\n|move|p1a: Incineroar|Flare Blitz|p2b: Armarouge\n|-start|p2b: Armarouge|ability: Flash Fire\n|\n|-weather|SunnyDay|[upkeep]\n|upkeep\n|turn|3\n|inactive|e242521 has 30 seconds left.\n|\n|t:|1776191322\n|move|p2b: Armarouge|Heat Wave|p1b: Whimsicott|[spread] p1a,p1b\n|-resisted|p1a: Incineroar|1\n|-supereffective|p1b: Whimsicott|1\n|-damage|p1a: Incineroar|68/100\n|-enditem|p1b: Whimsicott|Focus Sash\n|-damage|p1b: Whimsicott|1/100\n|move|p2a: Rotom|Hydro Pump|p1a: Incineroar\n|-supereffective|p1a: Incineroar|1\n|-damage|p1a: Incineroar|26/100\n|-enditem|p1a: Incineroar|Sitrus Berry|[eat]\n|-heal|p1a: Incineroar|50/100|[from] item: Sitrus Berry\n|move|p1a: Incineroar|Parting Shot|p2b: Armarouge\n|-unboost|p2b: Armarouge|atk|1\n|-unboost|p2b: Armarouge|spa|1\n|\n|t:|1776191338\n|switch|p1a: Charizard|Charizard, L50, M|100/100|[from] Parting Shot\n|move|p1b: Whimsicott|Moonblast|p2a: Rotom\n|-crit|p2a: Rotom\n|-damage|p2a: Rotom|53/100\n|-unboost|p2a: Rotom|spa|1\n|\n|-weather|SunnyDay|[upkeep]\n|-damage|p1a: Charizard|88/100|[from] ability: Solar Power|[of] p1a: Charizard\n|-heal|p2a: Rotom|58/100|[from] item: Leftovers\n|upkeep\n|turn|4\n|inactive|e242521 has 30 seconds left.\n|\n|t:|1776191368\n|detailschange|p1a: Charizard|Charizard-Mega-Y, L50, M\n|-mega|p1a: Charizard|Charizard|Charizardite Y\n|move|p2b: Armarouge|Heat Wave|p1a: Charizard|[spread] p1a,p1b\n|-resisted|p1a: Charizard|1\n|-crit|p1a: Charizard\n|-supereffective|p1b: Whimsicott|1\n|-damage|p1a: Charizard|33/100\n|-damage|p1b: Whimsicott|0 fnt\n|faint|p1b: Whimsicott\n|move|p2a: Rotom|Hydro Pump|p1a: Charizard\n|-supereffective|p1a: Charizard|1\n|-damage|p1a: Charizard|6/100\n|move|p1a: Charizard|Rock Slide|p2b: Armarouge|[spread] p2a,p2b\n|-supereffective|p2b: Armarouge|1\n|-damage|p2a: Rotom|47/100\n|-damage|p2b: Armarouge|77/100\n|\n|-weather|SunnyDay|[upkeep]\n|-heal|p2a: Rotom|53/100|[from] item: Leftovers\n|-sideend|p1: e242521|move: Tailwind\n|upkeep\n|\n|t:|1776191384\n|switch|p1b: Froslass|Froslass, L50, F|100/100\n|turn|5\n|\n|t:|1776191396\n|move|p1b: Froslass|Protect|p1b: Froslass\n|-singleturn|p1b: Froslass|Protect\n|move|p2b: Armarouge|Heat Wave|p1b: Froslass|[spread] \n|-activate|p1b: Froslass|move: Protect\n|-miss|p2b: Armarouge|p1a: Charizard\n|move|p2a: Rotom|Volt Switch|p1a: Charizard\n|-supereffective|p1a: Charizard|1\n|-damage|p1a: Charizard|0 fnt\n|faint|p1a: Charizard\n|\n|t:|1776191410\n|switch|p2a: Cofagrigus|Cofagrigus, L50, M|100/100|[from] Volt Switch\n|\n|-weather|SunnyDay|[upkeep]\n|-fieldend|move: Trick Room\n|upkeep\n|\n|t:|1776191420\n|switch|p1a: Incineroar|Incineroar, L50, M|50/100\n|-ability|p1a: Incineroar|Intimidate|boost\n|-unboost|p2a: Cofagrigus|atk|1\n|-unboost|p2b: Armarouge|atk|1\n|turn|6\n|\n|t:|1776191434\n|move|p2a: Cofagrigus|Protect|p2a: Cofagrigus\n|-singleturn|p2a: Cofagrigus|Protect\n|move|p1a: Incineroar|Fake Out|p2b: Armarouge\n|-damage|p2b: Armarouge|67/100\n|move|p1b: Froslass|Shadow Ball|p2a: Cofagrigus\n|-activate|p2a: Cofagrigus|move: Protect\n|cant|p2b: Armarouge|flinch\n|\n|-weather|none\n|upkeep\n|turn|7\n|-message|e242521 forfeited.\n|\n|win|FrozenFlynn\n|raw|e242521's rating: 1045 &rarr; <strong>1026</strong><br />(-19 for losing)\n|raw|FrozenFlynn's rating: 1000 &rarr; <strong>1045</strong><br />(+45 for winning)\n|l|\u2606e242521\n|player|p1|\n",
  "uploadtime": 1776191449,
  "views": 14,
  "formatid": "gen9championsvgc2026regma",
  "rating": 1026,
  "private": 0,
  "password": null
}