{
  "id": "gen9championsvgc2026regma-2587938182",
  "format": "[Gen 9 Champions] VGC 2026 Reg M-A",
  "players": [
    "Fanoi Fannah",
    "redistr"
  ],
  "log": "|j|\u2606Fanoi Fannah\n|j|\u2606redistr\n|t:|1776581805\n|gametype|doubles\n|player|p1|Fanoi Fannah|battlegirl|1386\n|player|p2|redistr|chili|1503\n|gen|9\n|tier|[Gen 9 Champions] VGC 2026 Reg M-A\n|rated|\n|rule|Species Clause: Limit one of each Pok\u00e9mon\n|rule|Item Clause: Limit 1 of each item\n|clearpoke\n|poke|p1|Typhlosion-Hisui, L50, F|\n|poke|p1|Whimsicott, L50, M|\n|poke|p1|Incineroar, L50, F|\n|poke|p1|Floette-Eternal, L50, F|\n|poke|p1|Farigiraf, L50, F|\n|poke|p1|Basculegion, L50, M|\n|poke|p2|Garchomp, L50, F, shiny|\n|poke|p2|Sneasler, L50, F, shiny|\n|poke|p2|Kingambit, L50, M, shiny|\n|poke|p2|Incineroar, L50, F|\n|poke|p2|Delphox, L50, F, shiny|\n|poke|p2|Floette-Eternal, L50, F|\n|teampreview|4\n|inactive|Battle timer is ON: inactive players will automatically lose when time's up. (requested by redistr)\n|j| VegitoSKBEST\n|inactive|Fanoi Fannah has 60 seconds left.\n|inactive|redistr has 60 seconds left.\n|inactive|redistr has 30 seconds left.\n|inactive|redistr has 20 seconds left.\n|l| VegitoSKBEST\n|inactive|redistr has 15 seconds left.\n|inactive|redistr has 10 seconds left.\n|\n|t:|1776581889\n|teamsize|p1|4\n|teamsize|p2|4\n|start\n|switch|p1a: Whimsicott|Whimsicott, L50, M|100/100\n|switch|p1b: Floette|Floette-Eternal, L50, F|100/100\n|switch|p2a: Karma|Incineroar, L50, F|100/100\n|switch|p2b: Mother|Garchomp, L50, F, shiny|100/100\n|-ability|p2a: Karma|Intimidate|boost\n|-block|p1a: Whimsicott|ability: Flower Veil|[of] p1b: Floette\n|-unboost|p1b: Floette|atk|1\n|turn|1\n|inactive|redistr has 30 seconds left.\n|\n|t:|1776581916\n|switch|p2b: Man Eater|Sneasler, L50, F, shiny|100/100\n|move|p1b: Floette|Protect|p1b: Floette\n|-singleturn|p1b: Floette|Protect\n|move|p2a: Karma|Fake Out|p1a: Whimsicott\n|-damage|p1a: Whimsicott|87/100\n|cant|p1a: Whimsicott|flinch\n|\n|upkeep\n|turn|2\n|inactive|Fanoi Fannah has 30 seconds left.\n|\n|t:|1776581945\n|switch|p1b: Typhlosion|Typhlosion-Hisui, L50, F|100/100\n|move|p2b: Man Eater|Fake Out|p1a: Whimsicott\n|-damage|p1a: Whimsicott|70/100\n|cant|p1a: Whimsicott|flinch\n|move|p2a: Karma|Parting Shot|p1b: Typhlosion\n|-unboost|p1b: Typhlosion|atk|1\n|-unboost|p1b: Typhlosion|spa|1\n|\n|t:|1776581955\n|switch|p2a: A Diva|Delphox, L50, F, shiny|100/100|[from] Parting Shot\n|\n|upkeep\n|turn|3\n|\n|t:|1776581970\n|switch|p2b: Karma|Incineroar, L50, F|100/100\n|-ability|p2b: Karma|Intimidate|boost\n|-unboost|p1a: Whimsicott|atk|1\n|-unboost|p1b: Typhlosion|atk|1\n|detailschange|p2a: A Diva|Delphox-Mega, L50, F, shiny\n|-mega|p2a: A Diva|Delphox|Delphoxite\n|move|p1a: Whimsicott|Tailwind|p1a: Whimsicott\n|-sidestart|p1: Fanoi Fannah|move: Tailwind\n|move|p1b: Typhlosion|Shadow Ball|p2a: A Diva\n|-supereffective|p2a: A Diva|1\n|-damage|p2a: A Diva|43/100\n|move|p2a: A Diva|Heat Wave|p1a: Whimsicott|[spread] p1a,p1b\n|-supereffective|p1a: Whimsicott|1\n|-resisted|p1b: Typhlosion|1\n|-damage|p1a: Whimsicott|0 fnt\n|-damage|p1b: Typhlosion|73/100\n|faint|p1a: Whimsicott\n|\n|upkeep\n|\n|t:|1776581984\n|switch|p1a: Basculegion|Basculegion, L50, M|100/100\n|turn|4\n|\n|t:|1776581996\n|switch|p2b: Mother|Garchomp, L50, F, shiny|100/100\n|move|p2a: A Diva|Protect|p2a: A Diva\n|-singleturn|p2a: A Diva|Protect\n|move|p1b: Typhlosion|Shadow Ball|p2a: A Diva\n|-activate|p2a: A Diva|move: Protect\n|move|p1a: Basculegion|Wave Crash|p2b: Mother\n|-damage|p2b: Mother|7/100\n|-damage|p1a: Basculegion|88/100|[from] ability: Rough Skin|[of] p2b: Mother\n|-enditem|p2b: Mother|Sitrus Berry|[eat]\n|-heal|p2b: Mother|31/100|[from] item: Sitrus Berry\n|-damage|p1a: Basculegion|58/100|[from] Recoil\n|\n|upkeep\n|turn|5\n|inactive|redistr has 30 seconds left.\n|\n|t:|1776582023\n|switch|p2a: Karma|Incineroar, L50, F|100/100\n|-ability|p2a: Karma|Intimidate|boost\n|-unboost|p1a: Basculegion|atk|1\n|-unboost|p1b: Typhlosion|atk|1\n|move|p2b: Mother|Protect|p2b: Mother\n|-singleturn|p2b: Mother|Protect\n|move|p1b: Typhlosion|Shadow Ball|p2b: Mother\n|-activate|p2b: Mother|move: Protect\n|move|p1a: Basculegion|Wave Crash|p2a: Karma\n|-supereffective|p2a: Karma|1\n|-damage|p2a: Karma|0 fnt\n|faint|p2a: Karma\n|-damage|p1a: Basculegion|28/100|[from] Recoil\n|\n|upkeep\n|\n|t:|1776582039\n|switch|p2a: A Diva|Delphox-Mega, L50, F, shiny|43/100\n|turn|6\n|inactive|Fanoi Fannah has 30 seconds left.\n|inactive|Fanoi Fannah has 20 seconds left.\n|\n|t:|1776582075\n|move|p2a: A Diva|Protect|p2a: A Diva\n|-singleturn|p2a: A Diva|Protect\n|move|p2b: Mother|Protect||[still]\n|-fail|p2b: Mother\n|move|p1b: Typhlosion|Shadow Ball|p2b: Mother\n|-damage|p2b: Mother|4/100\n|move|p1a: Basculegion|Last Respects|p2b: Mother\n|-damage|p2b: Mother|0 fnt\n|faint|p2b: Mother\n|\n|-sideend|p1: Fanoi Fannah|move: Tailwind\n|upkeep\n|\n|t:|1776582085\n|switch|p2b: Man Eater|Sneasler, L50, F, shiny|100/100\n|turn|7\n|inactive|redistr has 30 seconds left.\n|c|\u2606redistr|ggs\n|c|\u2606redistr|wp\n|inactive|redistr has 20 seconds left.\n|\n|t:|1776582121\n|move|p1b: Typhlosion|Shadow Ball|p2a: A Diva\n|-supereffective|p2a: A Diva|1\n|-damage|p2a: A Diva|0 fnt\n|faint|p2a: A Diva\n|move|p2b: Man Eater|Dire Claw|p1b: Typhlosion\n|-resisted|p1b: Typhlosion|1\n|-damage|p1b: Typhlosion|43/100\n|move|p1a: Basculegion|Wave Crash|p2b: Man Eater\n|-damage|p2b: Man Eater|0 fnt\n|faint|p2b: Man Eater\n|-damage|p1a: Basculegion|5/100|[from] Recoil\n|\n|win|Fanoi Fannah\n|raw|Fanoi Fannah's rating: 1386 &rarr; <strong>1412</strong><br />(+26 for winning)\n|raw|redistr's rating: 1503 &rarr; <strong>1477</strong><br />(-26 for losing)\n|l|\u2606redistr\n|player|p2|\n",
  "uploadtime": 1776582135,
  "views": 15,
  "formatid": "gen9championsvgc2026regma",
  "rating": 1412,
  "private": 0,
  "password": null
}