{
  "id": "gen9championsvgc2026regma-2584677074",
  "format": "[Gen 9 Champions] VGC 2026 Reg M-A",
  "players": [
    "jainahilda",
    "BobZeConqueror"
  ],
  "log": "|j|\u2606jainahilda\n|j|\u2606BobZeConqueror\n|t:|1776276158\n|gametype|doubles\n|player|p1|jainahilda|hilda-wonderlauncher|1122\n|player|p2|BobZeConqueror|2|1107\n|gen|9\n|tier|[Gen 9 Champions] VGC 2026 Reg M-A\n|rated|\n|rule|Species Clause: Limit one of each Pok\u00e9mon\n|rule|Item Clause: Limit 1 of each item\n|clearpoke\n|poke|p1|Sneasler, L50, M|\n|poke|p1|Froslass, L50, F|\n|poke|p1|Sylveon, L50, M|\n|poke|p1|Sinistcha-Masterpiece, L50|\n|poke|p1|Aerodactyl, L50, M|\n|poke|p1|Incineroar, L50, F|\n|poke|p2|Froslass, L50, F|\n|poke|p2|Ninetales-Alola, L50, F|\n|poke|p2|Hatterene, L50, F|\n|poke|p2|Torkoal, L50, F|\n|poke|p2|Drampa, L50, M|\n|poke|p2|Snorlax, L50, M|\n|teampreview|4\n|\n|t:|1776276224\n|teamsize|p1|4\n|teamsize|p2|4\n|start\n|switch|p1a: Gakuganji|Aerodactyl, L50, M|100/100\n|switch|p1b: Naoya|Sneasler, L50, M|100/100\n|switch|p2a: Hatterene|Hatterene, L50, F|100/100\n|switch|p2b: Drampa|Drampa, L50, M|100/100\n|-ability|p1a: Gakuganji|Unnerve\n|turn|1\n|inactive|Battle timer is ON: inactive players will automatically lose when time's up. (requested by jainahilda)\n|\n|t:|1776276238\n|detailschange|p2b: Drampa|Drampa-Mega, L50, M\n|-mega|p2b: Drampa|Drampa|Drampanite\n|move|p2a: Hatterene|Protect|p2a: Hatterene\n|-singleturn|p2a: Hatterene|Protect\n|move|p1a: Gakuganji|Tailwind|p1a: Gakuganji\n|-sidestart|p1: jainahilda|move: Tailwind\n|move|p1b: Naoya|Dire Claw|p2a: Hatterene\n|-activate|p2a: Hatterene|move: Protect\n|move|p2b: Drampa|Hyper Voice|p1a: Gakuganji|[spread] p1a,p1b\n|-resisted|p1a: Gakuganji|1\n|-crit|p1a: Gakuganji\n|-damage|p1a: Gakuganji|48/100\n|-damage|p1b: Naoya|39/100\n|\n|upkeep\n|turn|2\n|\n|t:|1776276259\n|move|p1a: Gakuganji|Wide Guard|p1a: Gakuganji\n|-singleturn|p1a: Gakuganji|Wide Guard\n|move|p1b: Naoya|Dire Claw|p2a: Hatterene\n|-supereffective|p2a: Hatterene|1\n|-damage|p2a: Hatterene|0 fnt\n|faint|p2a: Hatterene\n|move|p2b: Drampa|Hyper Voice|p1a: Gakuganji|[spread] \n|-activate|p1a: Gakuganji|move: Wide Guard\n|-activate|p1b: Naoya|move: Wide Guard\n|\n|upkeep\n|\n|t:|1776276279\n|switch|p2a: Torkoal|Torkoal, L50, F|100/100\n|-weather|SunnyDay|[from] ability: Drought|[of] p2a: Torkoal\n|turn|3\n|\n|t:|1776276291\n|move|p1a: Gakuganji|Wide Guard|p1a: Gakuganji\n|-singleturn|p1a: Gakuganji|Wide Guard\n|move|p1b: Naoya|Close Combat|p2b: Drampa\n|-supereffective|p2b: Drampa|1\n|-damage|p2b: Drampa|0 fnt\n|-unboost|p1b: Naoya|def|1\n|-unboost|p1b: Naoya|spd|1\n|faint|p2b: Drampa\n|-enditem|p1b: Naoya|White Herb\n|-clearnegativeboost|p1b: Naoya|[silent]\n|move|p2a: Torkoal|Earth Power|p1b: Naoya\n|-supereffective|p1b: Naoya|1\n|-damage|p1b: Naoya|0 fnt\n|faint|p1b: Naoya\n|\n|-weather|SunnyDay|[upkeep]\n|upkeep\n|inactive|jainahilda has 30 seconds left.\n|\n|t:|1776276322\n|switch|p1b: Tengen|Froslass, L50, F|100/100\n|switch|p2b: Ninetales|Ninetales-Alola, L50, F|100/100\n|turn|4\n|inactive|jainahilda has 30 seconds left.\n|inactive|BobZeConqueror has 30 seconds left.\n|inactive|jainahilda has 20 seconds left.\n|inactive|BobZeConqueror has 20 seconds left.\n|inactive|jainahilda has 15 seconds left.\n|inactive|BobZeConqueror has 15 seconds left.\n|inactive|jainahilda has 10 seconds left.\n|inactive|BobZeConqueror has 10 seconds left.\n|\n|t:|1776276373\n|detailschange|p1a: Gakuganji|Aerodactyl-Mega, L50, M\n|-mega|p1a: Gakuganji|Aerodactyl|Aerodactylite\n|move|p1a: Gakuganji|Rock Slide|p2a: Torkoal|[spread] p2a,p2b\n|-supereffective|p2a: Torkoal|1\n|-supereffective|p2b: Ninetales|1\n|-damage|p2a: Torkoal|58/100\n|-damage|p2b: Ninetales|31/100\n|move|p1b: Tengen|Shadow Ball|p2a: Torkoal\n|-damage|p2a: Torkoal|13/100\n|move|p2b: Ninetales|Aurora Veil||[still]\n|-fail|p2b: Ninetales\n|move|p2a: Torkoal|Weather Ball|p1a: Gakuganji\n|-resisted|p1a: Gakuganji|1\n|-damage|p1a: Gakuganji|0 fnt\n|faint|p1a: Gakuganji\n|\n|-weather|SunnyDay|[upkeep]\n|-sideend|p1: jainahilda|move: Tailwind\n|upkeep\n|\n|t:|1776276387\n|switch|p1a: Shoko|Sinistcha-Masterpiece, L50|100/100\n|turn|5\n|\n|t:|1776276404\n|move|p1a: Shoko|Rage Powder|p1a: Shoko\n|-singleturn|p1a: Shoko|move: Rage Powder\n|move|p2b: Ninetales|Moonblast|p1a: Shoko\n|-damage|p1a: Shoko|75/100\n|-unboost|p1a: Shoko|spa|1\n|move|p1b: Tengen|Shadow Ball|p2a: Torkoal\n|-damage|p2a: Torkoal|0 fnt\n|faint|p2a: Torkoal\n|\n|-weather|SunnyDay|[upkeep]\n|upkeep\n|turn|6\n|-message|BobZeConqueror forfeited.\n|\n|win|jainahilda\n|raw|jainahilda's rating: 1122 &rarr; <strong>1146</strong><br />(+24 for winning)\n|raw|BobZeConqueror's rating: 1107 &rarr; <strong>1083</strong><br />(-24 for losing)\n|l|\u2606BobZeConqueror\n|player|p2|\n",
  "uploadtime": 1776276417,
  "views": 21,
  "formatid": "gen9championsvgc2026regma",
  "rating": 1083,
  "private": 0,
  "password": null
}