{
  "id": "gen9championsvgc2026regma-2588875846",
  "format": "[Gen 9 Champions] VGC 2026 Reg M-A",
  "players": [
    "demonnndude",
    "dujalcollie"
  ],
  "log": "|j|\u2606demonnndude\n|j|\u2606dujalcollie\n|t:|1776681323\n|gametype|doubles\n|player|p1|demonnndude|102|1045\n|player|p2|dujalcollie|102|1027\n|gen|9\n|tier|[Gen 9 Champions] VGC 2026 Reg M-A\n|rated|\n|rule|Species Clause: Limit one of each Pok\u00e9mon\n|rule|Item Clause: Limit 1 of each item\n|clearpoke\n|poke|p1|Kommo-o, L50, M|\n|poke|p1|Salazzle, L50, F|\n|poke|p1|Clefable, L50, M|\n|poke|p1|Sinistcha, L50|\n|poke|p1|Incineroar, L50, F|\n|poke|p1|Milotic, L50, M|\n|poke|p2|Lopunny, L50, M|\n|poke|p2|Arcanine, L50, M|\n|poke|p2|Pangoro, L50, M|\n|poke|p2|Sharpedo, L50, M|\n|poke|p2|Basculegion, L50, M|\n|poke|p2|Garchomp, L50, M|\n|teampreview|4\ndemonnndude rejected open team sheets.\n|\n|t:|1776681349\n|teamsize|p1|4\n|teamsize|p2|4\n|start\n|switch|p1a: Kommo-o|Kommo-o, L50, M|100/100\n|switch|p1b: Salazzle|Salazzle, L50, F|100/100\n|switch|p2a: Lopunny|Lopunny, L50, M|100/100\n|switch|p2b: Pangoro|Pangoro, L50, M|100/100\n|turn|1\n|inactive|Battle timer is ON: inactive players will automatically lose when time's up. (requested by dujalcollie)\n|\n|t:|1776681372\n|detailschange|p2a: Lopunny|Lopunny-Mega, L50, M\n|-mega|p2a: Lopunny|Lopunny|Lopunnite\n|move|p2a: Lopunny|Fake Out|p1a: Kommo-o\n|-damage|p1a: Kommo-o|76/100\n|move|p1b: Salazzle|Fake Out|p2a: Lopunny\n|-damage|p2a: Lopunny|91/100\n|cant|p1a: Kommo-o|flinch\n|move|p2b: Pangoro|Knock Off|p1b: Salazzle\n|-damage|p1b: Salazzle|26/100\n|-enditem|p1b: Salazzle|Focus Sash|[from] move: Knock Off|[of] p2b: Pangoro\n|\n|upkeep\n|turn|2\n|inactive|dujalcollie has 30 seconds left.\n|inactive|dujalcollie has 20 seconds left.\n|inactive|dujalcollie has 15 seconds left.\n|\n|t:|1776681413\n|move|p2a: Lopunny|Protect|p2a: Lopunny\n|-singleturn|p2a: Lopunny|Protect\n|move|p1b: Salazzle|Dragon Cheer|p1a: Kommo-o\n|-start|p1a: Kommo-o|move: Dragon Cheer\n|move|p1a: Kommo-o|Clangorous Soul|p1a: Kommo-o\n|-boost|p1a: Kommo-o|atk|1\n|-boost|p1a: Kommo-o|def|1\n|-boost|p1a: Kommo-o|spa|1\n|-boost|p1a: Kommo-o|spd|1\n|-boost|p1a: Kommo-o|spe|1\n|-damage|p1a: Kommo-o|44/100\n|move|p2b: Pangoro|Knock Off|p1a: Kommo-o\n|-resisted|p1a: Kommo-o|1\n|-damage|p1a: Kommo-o|31/100\n|-enditem|p1a: Kommo-o|Scope Lens|[from] move: Knock Off|[of] p2b: Pangoro\n|\n|upkeep\n|turn|3\n|inactive|dujalcollie has 30 seconds left.\n|\n|t:|1776681439\n|switch|p2a: Basculegion|Basculegion, L50, M|100/100\n|switch|p1b: Sinistcha|Sinistcha, L50|100/100\n|-heal|p1a: Kommo-o|56/100|[from] ability: Hospitality|[of] p1b: Sinistcha\n|move|p1a: Kommo-o|Clanging Scales|p2b: Pangoro|[spread] p2a,p2b\n|-crit|p2a: Basculegion\n|-damage|p2a: Basculegion|27/100\n|-damage|p2b: Pangoro|54/100\n|-unboost|p1a: Kommo-o|def|1\n|move|p2b: Pangoro|Drain Punch|p1a: Kommo-o\n|-damage|p1a: Kommo-o|17/100\n|-heal|p2b: Pangoro|69/100|[from] drain|[of] p1a: Kommo-o\n|\n|-heal|p2b: Pangoro|75/100|[from] item: Leftovers\n|upkeep\n|turn|4\n|inactive|demonnndude has 30 seconds left.\n|\n|t:|1776681466\n|move|p1b: Sinistcha|Rage Powder|p1b: Sinistcha\n|-singleturn|p1b: Sinistcha|move: Rage Powder\n|move|p1a: Kommo-o|Clanging Scales|p2b: Pangoro|[spread] p2a,p2b\n|-crit|p2a: Basculegion\n|-damage|p2a: Basculegion|0 fnt\n|-damage|p2b: Pangoro|22/100\n|faint|p2a: Basculegion\n|-unboost|p1a: Kommo-o|def|1\n|move|p2b: Pangoro|Knock Off|p1b: Sinistcha\n|-supereffective|p1b: Sinistcha|1\n|-damage|p1b: Sinistcha|42/100\n|-enditem|p1b: Sinistcha|Leftovers|[from] move: Knock Off|[of] p2b: Pangoro\n|\n|-heal|p2b: Pangoro|28/100|[from] item: Leftovers\n|upkeep\n|\n|t:|1776681473\n|switch|p2a: Lopunny|Lopunny-Mega, L50, M|91/100\n|turn|5\n|\n|t:|1776681494\n|move|p1a: Kommo-o|Protect|p1a: Kommo-o\n|-singleturn|p1a: Kommo-o|Protect\n|move|p2a: Lopunny|Fake Out|p1a: Kommo-o\n|-activate|p1a: Kommo-o|move: Protect\n|move|p1b: Sinistcha|Life Dew|p1b: Sinistcha|[spread] p1a,p1b\n|-heal|p1a: Kommo-o|42/100\n|-heal|p1b: Sinistcha|67/100\n|move|p2b: Pangoro|Coaching|p2a: Lopunny\n|-boost|p2a: Lopunny|atk|1\n|-boost|p2a: Lopunny|def|1\n|\n|-heal|p2b: Pangoro|34/100|[from] item: Leftovers\n|upkeep\n|turn|6\n|-message|dujalcollie forfeited.\n|\n|win|demonnndude\n|raw|demonnndude's rating: 1045 &rarr; <strong>1077</strong><br />(+32 for winning)\n|raw|dujalcollie's rating: 1027 &rarr; <strong>1014</strong><br />(-13 for losing)\n|l|\u2606dujalcollie\n|player|p2|\n",
  "uploadtime": 1776681508,
  "views": 16,
  "formatid": "gen9championsvgc2026regma",
  "rating": 1014,
  "private": 0,
  "password": null
}