{
  "id": "gen9championsvgc2026regma-2589418448",
  "format": "[Gen 9 Champions] VGC 2026 Reg M-A",
  "players": [
    "meshiny",
    "uberdu"
  ],
  "log": "|j|\u2606meshiny\n|j|\u2606uberdu\n|t:|1776721313\n|gametype|doubles\n|player|p1|meshiny|channeler-lgpe|1305\n|player|p2|uberdu|blackbelt-gen4dp|1261\n|gen|9\n|tier|[Gen 9 Champions] VGC 2026 Reg M-A\n|rated|\n|rule|Species Clause: Limit one of each Pok\u00e9mon\n|rule|Item Clause: Limit 1 of each item\n|clearpoke\n|poke|p1|Sandaconda, L50, F|\n|poke|p1|Sinistcha, L50|\n|poke|p1|Wyrdeer, L50, M, shiny|\n|poke|p1|Heliolisk, L50, M, shiny|\n|poke|p1|Sneasler, L50, F|\n|poke|p1|Tyranitar, L50, F|\n|poke|p2|Sinistcha, L50|\n|poke|p2|Incineroar, L50, F|\n|poke|p2|Milotic, L50, F|\n|poke|p2|Sneasler, L50, F|\n|poke|p2|Aerodactyl, L50, F|\n|poke|p2|Kingambit, L50, M, shiny|\n|teampreview|4\n|c|\u2606meshiny|gl hf\n|inactive|Battle timer is ON: inactive players will automatically lose when time's up. (requested by meshiny)\n|\n|t:|1776721346\n|teamsize|p1|4\n|teamsize|p2|4\n|start\n|switch|p1a: Darude Sandstorm|Sandaconda, L50, F|100/100\n|switch|p1b: Bocchi Ze Rokku|Tyranitar, L50, F|100/100\n|switch|p2a: Milotic|Milotic, L50, F|100/100\n|switch|p2b: Incineroar|Incineroar, L50, F|100/100\n|-weather|Sandstorm|[from] ability: Sand Stream|[of] p1b: Bocchi Ze Rokku\n|-ability|p2b: Incineroar|Intimidate|boost\n|-unboost|p1a: Darude Sandstorm|atk|1\n|-unboost|p1b: Bocchi Ze Rokku|atk|1\n|turn|1\n|c|\u2606uberdu|gl\n|\n|t:|1776721363\n|detailschange|p1b: Bocchi Ze Rokku|Tyranitar-Mega, L50, F\n|-mega|p1b: Bocchi Ze Rokku|Tyranitar|Tyranitarite\n|move|p1b: Bocchi Ze Rokku|Protect|p1b: Bocchi Ze Rokku\n|-singleturn|p1b: Bocchi Ze Rokku|Protect\n|move|p2b: Incineroar|Fake Out|p1b: Bocchi Ze Rokku\n|-activate|p1b: Bocchi Ze Rokku|move: Protect\n|move|p2a: Milotic|Coil|p2a: Milotic\n|-boost|p2a: Milotic|atk|1\n|-boost|p2a: Milotic|def|1\n|-boost|p2a: Milotic|accuracy|1\n|move|p1a: Darude Sandstorm|Substitute|p1a: Darude Sandstorm\n|-start|p1a: Darude Sandstorm|Substitute\n|-damage|p1a: Darude Sandstorm|76/100\n|\n|-weather|Sandstorm|[upkeep]\n|-damage|p2a: Milotic|95/100|[from] Sandstorm\n|-damage|p2b: Incineroar|95/100|[from] Sandstorm\n|-heal|p2a: Milotic|100/100|[from] item: Leftovers\n|upkeep\n|turn|2\n|\n|t:|1776721375\n|switch|p1b: Baja Blast|Sinistcha, L50|100/100\n|-heal|p1a: Darude Sandstorm|100/100|[from] ability: Hospitality|[of] p1b: Baja Blast\n|move|p2a: Milotic|Coil|p2a: Milotic\n|-boost|p2a: Milotic|atk|1\n|-boost|p2a: Milotic|def|1\n|-boost|p2a: Milotic|accuracy|1\n|move|p1a: Darude Sandstorm|Minimize|p1a: Darude Sandstorm\n|-boost|p1a: Darude Sandstorm|evasion|2\n|move|p2b: Incineroar|Superpower|p1b: Baja Blast\n|-immune|p1b: Baja Blast\n|\n|-weather|Sandstorm|[upkeep]\n|-damage|p2a: Milotic|95/100|[from] Sandstorm\n|-damage|p1b: Baja Blast|94/100|[from] Sandstorm\n|-damage|p2b: Incineroar|89/100|[from] Sandstorm\n|-heal|p2a: Milotic|100/100|[from] item: Leftovers\n|upkeep\n|turn|3\n|\n|t:|1776721395\n|move|p2a: Milotic|Coil|p2a: Milotic\n|-boost|p2a: Milotic|atk|1\n|-boost|p2a: Milotic|def|1\n|-boost|p2a: Milotic|accuracy|1\n|move|p1a: Darude Sandstorm|Minimize|p1a: Darude Sandstorm\n|-boost|p1a: Darude Sandstorm|evasion|2\n|move|p1b: Baja Blast|Night Shade|p2a: Milotic\n|-damage|p2a: Milotic|76/100\n|move|p2b: Incineroar|Flare Blitz|p1b: Baja Blast\n|-supereffective|p1b: Baja Blast|1\n|-damage|p1b: Baja Blast|6/100\n|-enditem|p1b: Baja Blast|Sitrus Berry|[eat]\n|-heal|p1b: Baja Blast|30/100|[from] item: Sitrus Berry\n|-damage|p2b: Incineroar|63/100|[from] Recoil\n|\n|-weather|Sandstorm|[upkeep]\n|-damage|p2a: Milotic|70/100|[from] Sandstorm\n|-damage|p1b: Baja Blast|24/100|[from] Sandstorm\n|-damage|p2b: Incineroar|57/100|[from] Sandstorm\n|-heal|p2a: Milotic|76/100|[from] item: Leftovers\n|upkeep\n|turn|4\n|\n|t:|1776721419\n|switch|p1b: Ah-chooler|Sneasler, L50, F|100/100\n|move|p2a: Milotic|Coil|p2a: Milotic\n|-boost|p2a: Milotic|atk|1\n|-boost|p2a: Milotic|def|1\n|-boost|p2a: Milotic|accuracy|1\n|move|p1a: Darude Sandstorm|Minimize|p1a: Darude Sandstorm\n|-boost|p1a: Darude Sandstorm|evasion|2\n|move|p2b: Incineroar|Flare Blitz|p1b: Ah-chooler\n|-damage|p1b: Ah-chooler|14/100\n|-damage|p2b: Incineroar|34/100|[from] Recoil\n|\n|-weather|Sandstorm|[upkeep]\n|-damage|p1b: Ah-chooler|8/100|[from] Sandstorm\n|-damage|p2a: Milotic|70/100|[from] Sandstorm\n|-damage|p2b: Incineroar|28/100|[from] Sandstorm\n|-heal|p2a: Milotic|76/100|[from] item: Leftovers\n|upkeep\n|turn|5\n|\n|t:|1776721438\n|switch|p2b: Sinistcha|Sinistcha, L50|100/100\n|-heal|p2a: Milotic|100/100|[from] ability: Hospitality|[of] p2b: Sinistcha\n|move|p2a: Milotic|Protect|p2a: Milotic\n|-singleturn|p2a: Milotic|Protect\n|move|p1b: Ah-chooler|Dire Claw|p2a: Milotic\n|-activate|p2a: Milotic|move: Protect\n|move|p1a: Darude Sandstorm|Coil|p1a: Darude Sandstorm\n|-boost|p1a: Darude Sandstorm|atk|1\n|-boost|p1a: Darude Sandstorm|def|1\n|-boost|p1a: Darude Sandstorm|accuracy|1\n|\n|-weather|none\n|upkeep\n|turn|6\n|\n|t:|1776721463\n|switch|p1b: Bocchi Ze Rokku|Tyranitar-Mega, L50, F|100/100\n|-weather|Sandstorm|[from] ability: Sand Stream|[of] p1b: Bocchi Ze Rokku\n|move|p2b: Sinistcha|Rage Powder|p2b: Sinistcha\n|-singleturn|p2b: Sinistcha|move: Rage Powder\n|move|p2a: Milotic|Scald|p1b: Bocchi Ze Rokku\n|-supereffective|p1b: Bocchi Ze Rokku|1\n|-damage|p1b: Bocchi Ze Rokku|77/100\n|move|p1a: Darude Sandstorm|Coil|p1a: Darude Sandstorm\n|-boost|p1a: Darude Sandstorm|atk|1\n|-boost|p1a: Darude Sandstorm|def|1\n|-boost|p1a: Darude Sandstorm|accuracy|1\n|\n|-weather|Sandstorm|[upkeep]\n|-damage|p2a: Milotic|95/100|[from] Sandstorm\n|-damage|p2b: Sinistcha|94/100|[from] Sandstorm\n|-heal|p2a: Milotic|100/100|[from] item: Leftovers\n|upkeep\n|turn|7\n|\n|t:|1776721480\n|switch|p2b: Incineroar|Incineroar, L50, F|28/100\n|-ability|p2b: Incineroar|Intimidate|boost\n|-immune|p1a: Darude Sandstorm\n|-unboost|p1b: Bocchi Ze Rokku|atk|1\n|move|p2a: Milotic|Hypnosis|p1b: Bocchi Ze Rokku\n|-status|p1b: Bocchi Ze Rokku|slp|[from] move: Hypnosis\n|move|p1a: Darude Sandstorm|Coil|p1a: Darude Sandstorm\n|-boost|p1a: Darude Sandstorm|atk|1\n|-boost|p1a: Darude Sandstorm|def|1\n|-boost|p1a: Darude Sandstorm|accuracy|1\n|cant|p1b: Bocchi Ze Rokku|slp\n|\n|-weather|Sandstorm|[upkeep]\n|-damage|p2a: Milotic|95/100|[from] Sandstorm\n|-damage|p2b: Incineroar|22/100|[from] Sandstorm\n|-heal|p2a: Milotic|100/100|[from] item: Leftovers\n|upkeep\n|turn|8\n|\n|t:|1776721492\n|switch|p1b: Baja Blast|Sinistcha, L50|24/100\n|move|p2a: Milotic|Scald|p1a: Darude Sandstorm|[miss]\n|-miss|p2a: Milotic|p1a: Darude Sandstorm\n|move|p1a: Darude Sandstorm|Coil|p1a: Darude Sandstorm\n|-boost|p1a: Darude Sandstorm|atk|1\n|-boost|p1a: Darude Sandstorm|def|1\n|-boost|p1a: Darude Sandstorm|accuracy|1\n|move|p2b: Incineroar|Superpower|p1b: Baja Blast\n|-immune|p1b: Baja Blast\n|\n|-weather|Sandstorm|[upkeep]\n|-damage|p2a: Milotic|95/100|[from] Sandstorm\n|-damage|p1b: Baja Blast|18/100|[from] Sandstorm\n|-damage|p2b: Incineroar|16/100|[from] Sandstorm\n|-heal|p2a: Milotic|100/100|[from] item: Leftovers\n|upkeep\n|turn|9\n|inactive|meshiny has 30 seconds left.\n|inactive|uberdu has 30 seconds left.\n|\n|t:|1776721523\n|move|p2a: Milotic|Coil|p2a: Milotic\n|-boost|p2a: Milotic|atk|1\n|-boost|p2a: Milotic|def|1\n|-boost|p2a: Milotic|accuracy|1\n|move|p1a: Darude Sandstorm|Coil|p1a: Darude Sandstorm\n|-boost|p1a: Darude Sandstorm|atk|1\n|-boost|p1a: Darude Sandstorm|def|1\n|-boost|p1a: Darude Sandstorm|accuracy|1\n|move|p1b: Baja Blast|Strength Sap|p2a: Milotic\n|-unboost|p2a: Milotic|atk|1\n|-ability|p2a: Milotic|Competitive|boost\n|-boost|p2a: Milotic|spa|2\n|-heal|p1b: Baja Blast|100/100\n|move|p2b: Incineroar|Parting Shot|p1b: Baja Blast\n|-unboost|p1b: Baja Blast|atk|1\n|-unboost|p1b: Baja Blast|spa|1\n|\n|t:|1776721538\n|switch|p2b: Aerodactyl|Aerodactyl, L50, F|100/100|[from] Parting Shot\n|\n|-weather|Sandstorm|[upkeep]\n|-damage|p2a: Milotic|95/100|[from] Sandstorm\n|-damage|p1b: Baja Blast|94/100|[from] Sandstorm\n|-heal|p2a: Milotic|100/100|[from] item: Leftovers\n|upkeep\n|turn|10\n|inactive|meshiny has 30 seconds left.\n|inactive|meshiny has 20 seconds left.\n|\n|t:|1776721575\n|detailschange|p2b: Aerodactyl|Aerodactyl-Mega, L50, F\n|-mega|p2b: Aerodactyl|Aerodactyl|Aerodactylite\n|move|p2b: Aerodactyl|Dual Wingbeat|p1b: Baja Blast\n|-supereffective|p1b: Baja Blast|1\n|-damage|p1b: Baja Blast|40/100\n|-supereffective|p1b: Baja Blast|1\n|-damage|p1b: Baja Blast|0 fnt\n|faint|p1b: Baja Blast\n|-hitcount|p1: Baja Blast|2\n|move|p2a: Milotic|Coil|p2a: Milotic\n|-boost|p2a: Milotic|atk|1\n|-boost|p2a: Milotic|def|1\n|-boost|p2a: Milotic|accuracy|1\n|move|p1a: Darude Sandstorm|Rock Slide|p2a: Milotic|[spread] p2a,p2b\n|-supereffective|p2b: Aerodactyl|1\n|-damage|p2a: Milotic|89/100\n|-damage|p2b: Aerodactyl|0 fnt\n|faint|p2b: Aerodactyl\n|\n|-weather|none\n|-heal|p2a: Milotic|95/100|[from] item: Leftovers\n|upkeep\n|\n|t:|1776721592\n|switch|p2b: Sinistcha|Sinistcha, L50|94/100\n|switch|p1b: Bocchi Ze Rokku|Tyranitar-Mega, L50, F|77/100 slp\n|-weather|Sandstorm|[from] ability: Sand Stream|[of] p1b: Bocchi Ze Rokku\n|-heal|p2a: Milotic|100/100|[from] ability: Hospitality|[of] p2b: Sinistcha\n|turn|11\n|\n|t:|1776721601\n|move|p2b: Sinistcha|Protect|p2b: Sinistcha\n|-singleturn|p2b: Sinistcha|Protect\n|move|p2a: Milotic|Scald|p1b: Bocchi Ze Rokku\n|-supereffective|p1b: Bocchi Ze Rokku|1\n|-damage|p1b: Bocchi Ze Rokku|34/100 slp\n|move|p1a: Darude Sandstorm|Coil|p1a: Darude Sandstorm\n|-boost|p1a: Darude Sandstorm|atk|1\n|-boost|p1a: Darude Sandstorm|def|1\n|-boost|p1a: Darude Sandstorm|accuracy|1\n|-curestatus|p1b: Bocchi Ze Rokku|slp|[msg]\n|move|p1b: Bocchi Ze Rokku|Knock Off|p2a: Milotic\n|-damage|p2a: Milotic|87/100\n|-enditem|p2a: Milotic|Leftovers|[from] move: Knock Off|[of] p1b: Bocchi Ze Rokku\n|\n|-weather|Sandstorm|[upkeep]\n|-damage|p2a: Milotic|81/100|[from] Sandstorm\n|-damage|p2b: Sinistcha|88/100|[from] Sandstorm\n|upkeep\n|turn|12\n|\n|t:|1776721623\n|move|p2a: Milotic|Scald|p1b: Bocchi Ze Rokku\n|-supereffective|p1b: Bocchi Ze Rokku|1\n|-damage|p1b: Bocchi Ze Rokku|0 fnt\n|faint|p1b: Bocchi Ze Rokku\n|move|p1a: Darude Sandstorm|Coil|p1a: Darude Sandstorm\n|-boost|p1a: Darude Sandstorm|atk|1\n|-boost|p1a: Darude Sandstorm|def|0\n|-boost|p1a: Darude Sandstorm|accuracy|0\n|move|p2b: Sinistcha|Life Dew|p2b: Sinistcha|[spread] p2a,p2b\n|-heal|p2a: Milotic|100/100\n|-heal|p2b: Sinistcha|100/100\n|\n|-weather|Sandstorm|[upkeep]\n|-damage|p2a: Milotic|95/100|[from] Sandstorm\n|-damage|p2b: Sinistcha|94/100|[from] Sandstorm\n|upkeep\n|\n|t:|1776721632\n|switch|p1b: Ah-chooler|Sneasler, L50, F|8/100\n|turn|13\n|\n|t:|1776721641\n|move|p2a: Milotic|Protect|p2a: Milotic\n|-singleturn|p2a: Milotic|Protect\n|move|p2b: Sinistcha|Protect|p2b: Sinistcha\n|-singleturn|p2b: Sinistcha|Protect\n|move|p1b: Ah-chooler|Dire Claw|p2a: Milotic\n|-activate|p2a: Milotic|move: Protect\n|move|p1a: Darude Sandstorm|Rock Slide|p2b: Sinistcha|[spread] \n|-activate|p2a: Milotic|move: Protect\n|-activate|p2b: Sinistcha|move: Protect\n|\n|-weather|Sandstorm|[upkeep]\n|-damage|p1b: Ah-chooler|2/100|[from] Sandstorm\n|-damage|p2a: Milotic|89/100|[from] Sandstorm\n|-damage|p2b: Sinistcha|88/100|[from] Sandstorm\n|upkeep\n|turn|14\n|\n|t:|1776721655\n|move|p2b: Sinistcha|Rage Powder|p2b: Sinistcha\n|-singleturn|p2b: Sinistcha|move: Rage Powder\n|move|p1b: Ah-chooler|Dire Claw|p2b: Sinistcha\n|-crit|p2b: Sinistcha\n|-damage|p2b: Sinistcha|41/100\n|-status|p2b: Sinistcha|psn|[from] ability: Poison Touch|[of] p1b: Ah-chooler\n|-enditem|p2b: Sinistcha|Sitrus Berry|[eat]\n|-heal|p2b: Sinistcha|66/100 psn|[from] item: Sitrus Berry\n|move|p2a: Milotic|Scald|p1a: Darude Sandstorm|[miss]\n|-miss|p2a: Milotic|p1a: Darude Sandstorm\n|move|p1a: Darude Sandstorm|Rock Slide|p2a: Milotic|[spread] p2a,p2b\n|-damage|p2a: Milotic|73/100\n|-damage|p2b: Sinistcha|22/100 psn\n|\n|-weather|Sandstorm|[upkeep]\n|-damage|p1b: Ah-chooler|0 fnt|[from] Sandstorm\n|-damage|p2a: Milotic|67/100|[from] Sandstorm\n|-damage|p2b: Sinistcha|16/100 psn|[from] Sandstorm\n|faint|p1b: Ah-chooler\n|-damage|p2b: Sinistcha|3/100 psn|[from] psn\n|upkeep\n|turn|15\n|inactive|uberdu has 30 seconds left.\n|\n|t:|1776721683\n|switch|p2b: Incineroar|Incineroar, L50, F|16/100\n|-ability|p2b: Incineroar|Intimidate|boost\n|-immune|p1a: Darude Sandstorm\n|move|p2a: Milotic|Scald|p1a: Darude Sandstorm|[miss]\n|-miss|p2a: Milotic|p1a: Darude Sandstorm\n|move|p1a: Darude Sandstorm|Rock Slide|p2b: Incineroar|[spread] p2a,p2b\n|-supereffective|p2b: Incineroar|1\n|-damage|p2a: Milotic|52/100\n|-damage|p2b: Incineroar|0 fnt\n|faint|p2b: Incineroar\n|\n|-weather|none\n|upkeep\n|\n|t:|1776721692\n|switch|p2b: Sinistcha|Sinistcha, L50|3/100 psn\n|-heal|p2a: Milotic|77/100|[from] ability: Hospitality|[of] p2b: Sinistcha\n|turn|16\n|\n|t:|1776721699\n|move|p2a: Milotic|Scald|p1a: Darude Sandstorm\n|-supereffective|p1a: Darude Sandstorm|1\n|-end|p1a: Darude Sandstorm|Substitute\n|move|p1a: Darude Sandstorm|Rock Slide|p2b: Sinistcha|[spread] p2a,p2b\n|-damage|p2a: Milotic|62/100\n|-damage|p2b: Sinistcha|0 fnt\n|faint|p2b: Sinistcha\n|\n|upkeep\n|turn|17\n|\n|t:|1776721707\n|move|p2a: Milotic|Scald|p1a: Darude Sandstorm\n|-supereffective|p1a: Darude Sandstorm|1\n|-damage|p1a: Darude Sandstorm|6/100\n|-status|p1a: Darude Sandstorm|brn\n|move|p1a: Darude Sandstorm|Substitute|p1a: Darude Sandstorm\n|-fail|p1a: Darude Sandstorm|move: Substitute|[weak]\n|\n|-damage|p1a: Darude Sandstorm|0 fnt|[from] brn\n|faint|p1a: Darude Sandstorm\n|\n|win|uberdu\n|raw|meshiny's rating: 1305 &rarr; <strong>1282</strong><br />(-23 for losing)\n|raw|uberdu's rating: 1261 &rarr; <strong>1289</strong><br />(+28 for winning)\n|c|\u2606meshiny|gg wp\n|l|\u2606meshiny\n|player|p1|\n|c|\u2606uberdu|gg\n",
  "uploadtime": 1776721727,
  "views": 18,
  "formatid": "gen9championsvgc2026regma",
  "rating": 1282,
  "private": 0,
  "password": null
}