{
  "id": "gen9championsvgc2026regma-2587811354",
  "format": "[Gen 9 Champions] VGC 2026 Reg M-A",
  "players": [
    "manofcream",
    "alexfran111"
  ],
  "log": "|j|\u2606manofcream\n|j|\u2606alexfran111\n|t:|1776566419\n|gametype|doubles\n|player|p1|manofcream|swimmer|1404\n|player|p2|alexfran111|102|1432\n|gen|9\n|tier|[Gen 9 Champions] VGC 2026 Reg M-A\n|rated|\n|rule|Species Clause: Limit one of each Pok\u00e9mon\n|rule|Item Clause: Limit 1 of each item\n|clearpoke\n|poke|p1|Sinistcha, L50|\n|poke|p1|Gyarados, L50, F|\n|poke|p1|Rotom-Heat, L50|\n|poke|p1|Gliscor, L50, M|\n|poke|p1|Sneasler, L50, M|\n|poke|p1|Sylveon, L50, F|\n|poke|p2|Charizard, L50, M|\n|poke|p2|Venusaur, L50, M|\n|poke|p2|Garchomp, L50, F|\n|poke|p2|Rotom-Wash, L50|\n|poke|p2|Sneasler, L50, M|\n|poke|p2|Incineroar, L50, F|\n|teampreview|4\n|inactive|Battle timer is ON: inactive players will automatically lose when time's up. (requested by alexfran111)\n|inactive|manofcream has 60 seconds left.\n|\n|t:|1776566455\n|teamsize|p1|4\n|teamsize|p2|4\n|start\n|switch|p1a: Sneasler|Sneasler, L50, M|100/100\n|switch|p1b: Sylveon|Sylveon, L50, F|100/100\n|switch|p2a: Venusaur|Venusaur, L50, M|100/100\n|switch|p2b: Charizard|Charizard, L50, M|100/100\n|turn|1\n|\n|t:|1776566462\n|move|p2b: Charizard|Protect|p2b: Charizard\n|-singleturn|p2b: Charizard|Protect\n|move|p2a: Venusaur|Protect|p2a: Venusaur\n|-singleturn|p2a: Venusaur|Protect\n|move|p1a: Sneasler|Fake Out|p2a: Venusaur\n|-activate|p2a: Venusaur|move: Protect\n|move|p1b: Sylveon|Substitute|p1b: Sylveon\n|-start|p1b: Sylveon|Substitute\n|-damage|p1b: Sylveon|76/100\n|\n|upkeep\n|turn|2\n|\n|t:|1776566478\n|switch|p1a: Sinistcha|Sinistcha, L50|100/100\n|-heal|p1b: Sylveon|100/100|[from] ability: Hospitality|[of] p1a: Sinistcha\n|detailschange|p2b: Charizard|Charizard-Mega-Y, L50, M\n|-mega|p2b: Charizard|Charizard|Charizardite Y\n|-weather|SunnyDay|[from] ability: Drought|[of] p2b: Charizard\n|move|p2a: Venusaur|Sleep Powder|p1a: Sinistcha\n|-immune|p1a: Sinistcha\n|move|p2b: Charizard|Heat Wave|p1b: Sylveon|[spread] p1a,p1b\n|-end|p1b: Sylveon|Substitute\n|-supereffective|p1a: Sinistcha|1\n|-damage|p1a: Sinistcha|8/100\n|move|p1b: Sylveon|Yawn|p2a: Venusaur\n|-start|p2a: Venusaur|move: Yawn|[of] p1b: Sylveon\n|\n|-weather|SunnyDay|[upkeep]\n|upkeep\n|turn|3\n|\n|t:|1776566503\n|switch|p2a: Incineroar|Incineroar, L50, F|100/100\n|-ability|p2a: Incineroar|Intimidate|boost\n|-unboost|p1a: Sinistcha|atk|1\n|-unboost|p1b: Sylveon|atk|1\n|move|p1b: Sylveon|Protect|p1b: Sylveon\n|-singleturn|p1b: Sylveon|Protect\n|move|p1a: Sinistcha|Protect|p1a: Sinistcha\n|-singleturn|p1a: Sinistcha|Protect\n|move|p2b: Charizard|Heat Wave|p1a: Sinistcha|[spread] \n|-activate|p1a: Sinistcha|move: Protect\n|-activate|p1b: Sylveon|move: Protect\n|\n|-weather|SunnyDay|[upkeep]\n|upkeep\n|turn|4\n|\n|t:|1776566515\n|switch|p1b: Sneasler|Sneasler, L50, M|100/100\n|move|p2a: Incineroar|Fake Out|p1b: Sneasler\n|-damage|p1b: Sneasler|78/100\n|move|p2b: Charizard|Heat Wave|p1a: Sinistcha|[spread] p1a,p1b\n|-supereffective|p1a: Sinistcha|1\n|-damage|p1a: Sinistcha|0 fnt\n|-damage|p1b: Sneasler|5/100\n|faint|p1a: Sinistcha\n|\n|-weather|SunnyDay|[upkeep]\n|upkeep\n|\n|t:|1776566525\n|switch|p1a: Sylveon|Sylveon, L50, F|100/100\n|turn|5\n|\n|t:|1776566545\n|switch|p2a: Venusaur|Venusaur, L50, M|100/100\n|move|p2b: Charizard|Protect|p2b: Charizard\n|-singleturn|p2b: Charizard|Protect\n|move|p1b: Sneasler|Fake Out|p2a: Venusaur\n|-damage|p2a: Venusaur|79/100\n|move|p1a: Sylveon|Yawn|p2b: Charizard\n|-activate|p2b: Charizard|move: Protect\n|\n|-weather|SunnyDay|[upkeep]\n|upkeep\n|turn|6\n|\n|t:|1776566559\n|move|p1b: Sneasler|Protect|p1b: Sneasler\n|-singleturn|p1b: Sneasler|Protect\n|move|p1a: Sylveon|Protect|p1a: Sylveon\n|-singleturn|p1a: Sylveon|Protect\n|move|p2a: Venusaur|Sludge Bomb|p1b: Sneasler\n|-activate|p1b: Sneasler|move: Protect\n|move|p2b: Charizard|Heat Wave|p1a: Sylveon|[spread] \n|-activate|p1a: Sylveon|move: Protect\n|-activate|p1b: Sneasler|move: Protect\n|\n|-weather|none\n|upkeep\n|turn|7\n|\n|t:|1776566569\n|switch|p2b: Incineroar|Incineroar, L50, F|100/100\n|-ability|p2b: Incineroar|Intimidate|boost\n|-unboost|p1a: Sylveon|atk|1\n|-unboost|p1b: Sneasler|atk|1\n|switch|p1a: Gliscor|Gliscor, L50, M|100/100\n|move|p1b: Sneasler|Dire Claw|p2b: Incineroar\n|-damage|p2b: Incineroar|72/100\n|move|p2a: Venusaur|Sludge Bomb|p1a: Gliscor\n|-resisted|p1a: Gliscor|1\n|-damage|p1a: Gliscor|74/100\n|\n|upkeep\n|turn|8\n|\n|t:|1776566588\n|switch|p2b: Charizard|Charizard-Mega-Y, L50, M|100/100\n|-weather|SunnyDay|[from] ability: Drought|[of] p2b: Charizard\n|move|p1b: Sneasler|Protect|p1b: Sneasler\n|-singleturn|p1b: Sneasler|Protect\n|move|p2a: Venusaur|Sleep Powder|p1a: Gliscor\n|-status|p1a: Gliscor|slp|[from] move: Sleep Powder\n|cant|p1a: Gliscor|slp\n|\n|-weather|SunnyDay|[upkeep]\n|upkeep\n|turn|9\n|\n|t:|1776566603\n|move|p2a: Venusaur|Sludge Bomb|p1b: Sneasler\n|-resisted|p1b: Sneasler|1\n|-damage|p1b: Sneasler|0 fnt\n|faint|p1b: Sneasler\n|move|p2b: Charizard|Heat Wave|p1a: Gliscor\n|-damage|p1a: Gliscor|0 fnt\n|faint|p1a: Gliscor\n|\n|-weather|SunnyDay|[upkeep]\n|upkeep\n|\n|t:|1776566606\n|switch|p1b: Sylveon|Sylveon, L50, F|100/100\n|turn|10\n|-message|manofcream forfeited.\n|\n|win|alexfran111\n|raw|manofcream's rating: 1404 &rarr; <strong>1386</strong><br />(-18 for losing)\n|raw|alexfran111's rating: 1432 &rarr; <strong>1450</strong><br />(+18 for winning)\n|l|\u2606manofcream\n|player|p1|\n|l|\u2606alexfran111\n|player|p2|\n",
  "uploadtime": 1776566639,
  "views": 19,
  "formatid": "gen9championsvgc2026regma",
  "rating": 1386,
  "private": 0,
  "password": null
}