{
  "id": "gen9championsvgc2026regma-2585416407",
  "format": "[Gen 9 Champions] VGC 2026 Reg M-A",
  "players": [
    "Flipsicle",
    "jingehui"
  ],
  "log": "|j|\u2606Flipsicle\n|j|\u2606jingehui\n|html|<table width=\"100%\"><tr><td align=\"left\">Flipsicle</td><td align=\"right\">jingehui</tr><tr><td align=\"left\"><i class=\"fa fa-circle-o\"></i> <i class=\"fa fa-circle-o\"></i> </td><td align=\"right\"><i class=\"fa fa-circle-o\"></i> <i class=\"fa fa-circle-o\"></i> </tr></table>\n|uhtml|bestof|<h2><strong>Game 1</strong> of <a href=\"/game-bestof3-gen9championsvgc2026regma-2585416406\">a best-of-3</a></h2>\n|t:|1776345766\n|gametype|doubles\n|player|p1|Flipsicle|elesa-masters|\n|player|p2|jingehui|101|\n|gen|9\n|tier|[Gen 9 Champions] VGC 2026 Reg M-A\n|rated|Tournament battle\n|rule|Species Clause: Limit one of each Pok\u00e9mon\n|rule|Item Clause: Limit 1 of each item\n|raw|<div class=\"infobox\"><details class=\"readmore\" open><summary><strong>2 custom rules:</strong></summary> Force Open Team Sheets, Best of = 3</details></div>\n|clearpoke\n|poke|p1|Pelipper, L50, M|\n|poke|p1|Sharpedo, L50, M|\n|poke|p1|Garchomp, L50, M|\n|poke|p1|Sneasler, L50, M|\n|poke|p1|Kingambit, L50, F|\n|poke|p1|Goodra-Hisui, L50, M|\n|poke|p2|Floette-Eternal, L50, F|\n|poke|p2|Maushold, L50|\n|poke|p2|Garchomp, L50, F|\n|poke|p2|Talonflame, L50, M|\n|poke|p2|Aegislash, L50, M|\n|poke|p2|Empoleon, L50, M|\n|teampreview|4\n|showteam|p1|Pelipper||ChoiceScarf|Drizzle|Hurricane,WeatherBall,IcyWind,MuddyWater|||M|||50|]Sharpedo||Sharpedonite|SpeedBoost|Protect,Crunch,Liquidation,DestinyBond|||M|||50|]Garchomp||LumBerry|RoughSkin|Protect,StompingTantrum,RockSlide,DragonClaw|||M|||50|]Sneasler||FocusSash|Unburden|FakeOut,DireClaw,CloseCombat,Coaching|||M|||50|]Kingambit||BlackGlasses|Defiant|Protect,IronHead,SuckerPunch,SwordsDance|||F|||50|]Goodra-Hisui||ChopleBerry|Gooey|Protect,IronTail,BodyPress,DragonClaw|||M|||50|\n|showteam|p2|Floette-Eternal||Floettite|FlowerVeil|Moonblast,DazzlingGleam,CalmMind,Protect|||F|||50|]Maushold||FocusSash|FriendGuard|SuperFang,Taunt,FollowMe,Protect||||||50|]Garchomp||SoftSand|RoughSkin|Earthquake,StompingTantrum,StoneEdge,Protect|||F|||50|]Talonflame|||GaleWings|Acrobatics,FlareBlitz,Tailwind,Protect|||M|||50|]Aegislash||SpellTag|StanceChange|Poltergeist,ShadowSneak,IronHead,KingsShield|||M|||50|]Empoleon||Leftovers|Competitive|WaterPulse,FlashCannon,Roar,Protect|||M|||50|\n|inactive|Battle timer is ON: inactive players will automatically lose when time's up. (requested by jingehui)\n|c|\u2606jingehui|gl hf\nFlipsicle rejected open team sheets.\n|c|\u2606Flipsicle|glhf\n|inactive|Flipsicle has 60 seconds left.\n|inactive|jingehui has 60 seconds left.\n|inactive|jingehui has 30 seconds left.\n|j| BranShah\n|inactive|jingehui has 20 seconds left.\n|\n|t:|1776345843\n|teamsize|p1|4\n|teamsize|p2|4\n|start\n|switch|p1a: Sharpedo|Sharpedo, L50, M|100/100\n|switch|p1b: Kingambit|Kingambit, L50, F|100/100\n|switch|p2a: Floette|Floette-Eternal, L50, F|100/100\n|switch|p2b: Maushold|Maushold, L50|100/100\n|turn|1\n|\n|t:|1776345864\n|detailschange|p2a: Floette|Floette-Mega, L50, F\n|-mega|p2a: Floette|Floette|Floettite\n|-ability|p2a: Floette|Fairy Aura\n|move|p1a: Sharpedo|Protect|p1a: Sharpedo\n|-singleturn|p1a: Sharpedo|Protect\n|move|p2b: Maushold|Follow Me|p2b: Maushold\n|-singleturn|p2b: Maushold|move: Follow Me\n|move|p2a: Floette|Moonblast|p1b: Kingambit\n|-damage|p1b: Kingambit|14/100\n|move|p1b: Kingambit|Iron Head|p2b: Maushold\n|-damage|p2b: Maushold|38/100\n|\n|-ability|p1a: Sharpedo|Speed Boost|boost\n|-boost|p1a: Sharpedo|spe|1\n|upkeep\n|turn|2\n|\n|t:|1776345886\n|move|p1b: Kingambit|Protect|p1b: Kingambit\n|-singleturn|p1b: Kingambit|Protect\n|move|p2b: Maushold|Follow Me|p2b: Maushold\n|-singleturn|p2b: Maushold|move: Follow Me\n|move|p1a: Sharpedo|Destiny Bond|p1a: Sharpedo\n|-singlemove|p1a: Sharpedo|Destiny Bond\n|move|p2a: Floette|Calm Mind|p2a: Floette\n|-boost|p2a: Floette|spa|1\n|-boost|p2a: Floette|spd|1\n|\n|-ability|p1a: Sharpedo|Speed Boost|boost\n|-boost|p1a: Sharpedo|spe|1\n|upkeep\n|turn|3\n|inactive|Flipsicle has 30 seconds left.\n|inactive|jingehui has 30 seconds left.\n|inactive|jingehui has 20 seconds left.\n|inactive|jingehui has 15 seconds left.\n|\n|t:|1776345927\n|switch|p1b: Goodra|Goodra-Hisui, L50, M, shiny|100/100\n|move|p1a: Sharpedo|Protect|p1a: Sharpedo\n|-singleturn|p1a: Sharpedo|Protect\n|move|p2b: Maushold|Follow Me|p2b: Maushold\n|-singleturn|p2b: Maushold|move: Follow Me\n|move|p2a: Floette|Dazzling Gleam|p1b: Goodra|[spread] p1b\n|-activate|p1a: Sharpedo|move: Protect\n|-damage|p1b: Goodra|51/100\n|\n|-ability|p1a: Sharpedo|Speed Boost|boost\n|-boost|p1a: Sharpedo|spe|1\n|upkeep\n|turn|4\n|inactive|Flipsicle has 30 seconds left.\n|\n|t:|1776345960\n|detailschange|p1a: Sharpedo|Sharpedo-Mega, L50, M\n|-mega|p1a: Sharpedo|Sharpedo|Sharpedonite\n|move|p1b: Goodra|Protect|p1b: Goodra\n|-singleturn|p1b: Goodra|Protect\n|move|p1a: Sharpedo|Liquidation|p2b: Maushold\n|-damage|p2b: Maushold|0 fnt\n|faint|p2b: Maushold\n|move|p2a: Floette|Moonblast|p1b: Goodra\n|-activate|p1b: Goodra|move: Protect\n|\n|upkeep\n|j| meatKazoo\n|\n|t:|1776345967\n|switch|p2b: Talonflame|Talonflame, L50, M|100/100\n|turn|5\n|j| Sun and Moon Rock\n|l| Sun and Moon Rock\n|inactive|Flipsicle has 30 seconds left.\n|\n|t:|1776346001\n|move|p2b: Talonflame|Acrobatics|p1a: Sharpedo\n|-damage|p1a: Sharpedo|27/100\n|move|p1a: Sharpedo|Liquidation|p2b: Talonflame\n|-supereffective|p2b: Talonflame|1\n|-damage|p2b: Talonflame|0 fnt\n|faint|p2b: Talonflame\n|move|p2a: Floette|Moonblast|p1b: Goodra\n|-damage|p1b: Goodra|0 fnt\n|faint|p1b: Goodra\n|\n|upkeep\n|\n|t:|1776346012\n|switch|p2b: Aegislash|Aegislash, L50, M|100/100\n|switch|p1b: Sneasler|Sneasler, L50, M|100/100\n|turn|6\n|inactive|Flipsicle has 30 seconds left.\n|inactive|jingehui has 30 seconds left.\n|inactive|Flipsicle has 20 seconds left.\n|inactive|Flipsicle has 15 seconds left.\n|\n|t:|1776346056\n|move|p1a: Sharpedo|Destiny Bond|p1a: Sharpedo\n|-singlemove|p1a: Sharpedo|Destiny Bond\n|move|p1b: Sneasler|Dire Claw|p2a: Floette\n|-supereffective|p2a: Floette|1\n|-damage|p2a: Floette|17/100\n|move|p2a: Floette|Dazzling Gleam|p1b: Sneasler|[spread] p1a,p1b\n|-supereffective|p1a: Sharpedo|1\n|-damage|p1a: Sharpedo|0 fnt\n|-damage|p1b: Sneasler|2/100\n|faint|p1a: Sharpedo\n|-activate|p1a: Sharpedo|move: Destiny Bond\n|faint|p2a: Floette\n|-formechange|p2b: Aegislash|Aegislash-Blade|\n|move|p2b: Aegislash|Iron Head|p1b: Sneasler\n|-damage|p1b: Sneasler|0 fnt\n|faint|p1b: Sneasler\n|\n|upkeep\n|\n|t:|1776346065\n|switch|p1b: Kingambit|Kingambit, L50, F|14/100\n|turn|7\n|\n|t:|1776346071\n|move|p2b: Aegislash|Shadow Sneak|p1b: Kingambit\n|-resisted|p1b: Kingambit|1\n|-damage|p1b: Kingambit|4/100\n|move|p1b: Kingambit|Swords Dance|p1b: Kingambit\n|-boost|p1b: Kingambit|atk|2\n|\n|upkeep\n|turn|8\n|\n|t:|1776346077\n|move|p1b: Kingambit|Protect|p1b: Kingambit\n|-singleturn|p1b: Kingambit|Protect\n|move|p2b: Aegislash|Shadow Sneak|p1b: Kingambit\n|-activate|p1b: Kingambit|move: Protect\n|\n|upkeep\n|turn|9\n|\n|t:|1776346085\n|-formechange|p2b: Aegislash|Aegislash|\n|move|p2b: Aegislash|King's Shield|p2b: Aegislash\n|-singleturn|p2b: Aegislash|Protect\n|move|p1b: Kingambit|Sucker Punch||[still]\n|-fail|p1b: Kingambit\n|\n|upkeep\n|turn|10\n|\n|t:|1776346090\n|-formechange|p2b: Aegislash|Aegislash-Blade|\n|move|p2b: Aegislash|Shadow Sneak|p1b: Kingambit\n|-resisted|p1b: Kingambit|1\n|-damage|p1b: Kingambit|0 fnt\n|faint|p1b: Kingambit\n|\n|win|jingehui\n||Flipsicle is ready for game 2.\n",
  "uploadtime": 1776346094,
  "views": 23,
  "formatid": "gen9championsvgc2026regma",
  "rating": null,
  "private": 0,
  "password": null
}