{
  "id": "gen9championsvgc2026regma-2582337337",
  "format": "[Gen 9 Champions] VGC 2026 Reg M-A",
  "players": [
    "TokaiSoup",
    "prof. jubokko"
  ],
  "log": "|j|\u2606TokaiSoup\n|j|\u2606prof. jubokko\n|t:|1776084500\n|gametype|doubles\n|player|p1|TokaiSoup|hilda-wonderlauncher|1127\n|player|p2|prof. jubokko|cyrus|1100\n|gen|9\n|tier|[Gen 9 Champions] VGC 2026 Reg M-A\n|rated|\n|rule|Species Clause: Limit one of each Pok\u00e9mon\n|rule|Item Clause: Limit 1 of each item\n|clearpoke\n|poke|p1|Politoed, L50, F|\n|poke|p1|Basculegion, L50, M|\n|poke|p1|Archaludon, L50, F|\n|poke|p1|Sneasler, L50, M|\n|poke|p1|Sinistcha, L50|\n|poke|p1|Talonflame, L50, F|\n|poke|p2|Charizard, L50, M|\n|poke|p2|Venusaur, L50, M|\n|poke|p2|Whimsicott, L50, F|\n|poke|p2|Sylveon, L50, F|\n|poke|p2|Kingambit, L50, M|\n|poke|p2|Arcanine, L50, F|\n|teampreview|4\n|inactive|Battle timer is ON: inactive players will automatically lose when time's up. (requested by prof. jubokko)\n|\n|t:|1776084540\n|teamsize|p1|4\n|teamsize|p2|4\n|start\n|switch|p1a: Archaludon|Archaludon, L50, F|100/100\n|switch|p1b: Politoed|Politoed, L50, F|100/100\n|switch|p2a: Charizard|Charizard, L50, M|100/100\n|switch|p2b: Venusaur|Venusaur, L50, M|100/100\n|-weather|RainDance|[from] ability: Drizzle|[of] p1b: Politoed\n|turn|1\n|\n|t:|1776084557\n|detailschange|p2a: Charizard|Charizard-Mega-Y, L50, M\n|-mega|p2a: Charizard|Charizard|Charizardite Y\n|-weather|SunnyDay|[from] ability: Drought|[of] p2a: Charizard\n|move|p2a: Charizard|Protect|p2a: Charizard\n|-singleturn|p2a: Charizard|Protect\n|move|p1b: Politoed|Protect|p1b: Politoed\n|-singleturn|p1b: Politoed|Protect\n|move|p2b: Venusaur|Energy Ball|p1b: Politoed\n|-activate|p1b: Politoed|move: Protect\n|move|p1a: Archaludon|Draco Meteor|p2a: Charizard\n|-activate|p2a: Charizard|move: Protect\n|\n|-weather|SunnyDay|[upkeep]\n|upkeep\n|turn|2\n|\n|t:|1776084581\n|switch|p2a: Whimsicott|Whimsicott, L50, F|100/100\n|switch|p1b: Sneasler|Sneasler, L50, M|100/100\n|-ability|p1b: Sneasler|Pressure\n|move|p1a: Archaludon|Protect|p1a: Archaludon\n|-singleturn|p1a: Archaludon|Protect\n|move|p2b: Venusaur|Sleep Powder|p1b: Sneasler|[miss]\n|-miss|p2b: Venusaur|p1b: Sneasler\n|\n|-weather|SunnyDay|[upkeep]\n|upkeep\n|turn|3\n|\n|t:|1776084600\n|switch|p2a: Kingambit|Kingambit, L50, M|100/100\n|move|p2b: Venusaur|Protect|p2b: Venusaur\n|-singleturn|p2b: Venusaur|Protect\n|move|p1b: Sneasler|Fake Out|p2b: Venusaur\n|-activate|p2b: Venusaur|move: Protect\n|move|p1a: Archaludon|Flash Cannon|p2a: Kingambit\n|-resisted|p2a: Kingambit|1\n|-damage|p2a: Kingambit|78/100\n|\n|-weather|SunnyDay|[upkeep]\n|upkeep\n|turn|4\n|inactive|TokaiSoup has 30 seconds left.\n|inactive|prof. jubokko has 30 seconds left.\n|-activate|p2a: Kingambit|item: Quick Claw\n|\n|t:|1776084629\n|move|p2a: Kingambit|Zen Headbutt|p1b: Sneasler|[miss]\n|-miss|p2a: Kingambit|p1b: Sneasler\n|move|p2b: Venusaur|Sleep Powder|p1a: Archaludon\n|-status|p1a: Archaludon|slp|[from] move: Sleep Powder\n|move|p1b: Sneasler|Close Combat|p2b: Venusaur\n|-resisted|p2b: Venusaur|1\n|-damage|p2b: Venusaur|59/100\n|-unboost|p1b: Sneasler|def|1\n|-unboost|p1b: Sneasler|spd|1\n|cant|p1a: Archaludon|slp\n|\n|-weather|SunnyDay|[upkeep]\n|upkeep\n|turn|5\n|\n|t:|1776084648\n|switch|p1b: Basculegion|Basculegion, L50, M|100/100\n|switch|p1a: Politoed|Politoed, L50, F|100/100\n|-weather|RainDance|[from] ability: Drizzle|[of] p1a: Politoed\n|move|p2b: Venusaur|Sleep Powder|p1b: Basculegion\n|-status|p1b: Basculegion|slp|[from] move: Sleep Powder\n|move|p2a: Kingambit|Zen Headbutt|p1b: Basculegion\n|-damage|p1b: Basculegion|63/100 slp\n|\n|-weather|RainDance|[upkeep]\n|upkeep\n|turn|6\n|\n|t:|1776084666\n|switch|p2b: Whimsicott|Whimsicott, L50, F|100/100\n|cant|p1b: Basculegion|slp\n|move|p2a: Kingambit|Sucker Punch||[still]\n|-fail|p2a: Kingambit\n|move|p1a: Politoed|Icy Wind|p2b: Whimsicott|[spread] p2a,p2b\n|-resisted|p2a: Kingambit|1\n|-supereffective|p2b: Whimsicott|1\n|-damage|p2a: Kingambit|73/100\n|-damage|p2b: Whimsicott|74/100\n|-unboost|p2a: Kingambit|spe|1\n|-ability|p2a: Kingambit|Defiant|boost\n|-boost|p2a: Kingambit|atk|2\n|-unboost|p2b: Whimsicott|spe|1\n|\n|-weather|RainDance|[upkeep]\n|upkeep\n|turn|7\n|inactive|TokaiSoup has 30 seconds left.\n|\n|t:|1776084696\n|move|p2b: Whimsicott|Sunny Day|p2b: Whimsicott\n|-weather|SunnyDay\n|move|p2a: Kingambit|Sucker Punch|p1a: Politoed\n|-damage|p1a: Politoed|26/100\n|-curestatus|p1b: Basculegion|slp|[msg]\n|move|p1b: Basculegion|Flip Turn|p2a: Kingambit\n|-damage|p2a: Kingambit|57/100\n|\n|t:|1776084704\n|switch|p1b: Sneasler|Sneasler, L50, M|100/100|[from] Flip Turn\n|-ability|p1b: Sneasler|Pressure\n|move|p1a: Politoed|Weather Ball|p2a: Kingambit\n|-supereffective|p2a: Kingambit|1\n|-damage|p2a: Kingambit|0 fnt\n|faint|p2a: Kingambit\n|\n|-weather|SunnyDay|[upkeep]\n|-heal|p1a: Politoed|32/100|[from] item: Leftovers\n|upkeep\n|\n|t:|1776084714\n|switch|p2a: Venusaur|Venusaur, L50, M|59/100\n|turn|8\n|\n|t:|1776084729\n|switch|p1a: Archaludon|Archaludon, L50, F|100/100 slp\n|move|p1b: Sneasler|Protect|p1b: Sneasler\n|-singleturn|p1b: Sneasler|Protect\n|move|p2a: Venusaur|Sleep Powder|p1b: Sneasler\n|-activate|p1b: Sneasler|move: Protect\n|move|p2b: Whimsicott|Moonblast|p1a: Archaludon\n|-damage|p1a: Archaludon|46/100 slp\n|-ability|p1a: Archaludon|Stamina|boost\n|-boost|p1a: Archaludon|def|1\n|\n|-weather|SunnyDay|[upkeep]\n|upkeep\n|turn|9\n|\n|t:|1776084745\n|move|p2a: Venusaur|Sleep Powder|p1b: Sneasler\n|-status|p1b: Sneasler|slp|[from] move: Sleep Powder\n|cant|p1b: Sneasler|slp\n|cant|p1a: Archaludon|slp\n|move|p2b: Whimsicott|Moonblast|p1a: Archaludon\n|-damage|p1a: Archaludon|0 fnt\n|faint|p1a: Archaludon\n|\n|-weather|SunnyDay|[upkeep]\n|upkeep\n|\n|t:|1776084754\n|switch|p1a: Politoed|Politoed, L50, F|32/100\n|-weather|RainDance|[from] ability: Drizzle|[of] p1a: Politoed\n|turn|10\n|\n|t:|1776084766\n|move|p2b: Whimsicott|Tailwind|p2b: Whimsicott\n|-sidestart|p2: prof. jubokko|move: Tailwind\n|move|p2a: Venusaur|Energy Ball|p1b: Sneasler\n|-resisted|p1b: Sneasler|1\n|-damage|p1b: Sneasler|71/100 slp\n|-curestatus|p1b: Sneasler|slp|[msg]\n|move|p1b: Sneasler|Dire Claw|p2b: Whimsicott\n|-supereffective|p2b: Whimsicott|2\n|-damage|p2b: Whimsicott|0 fnt\n|faint|p2b: Whimsicott\n|move|p1a: Politoed|Icy Wind|p2a: Venusaur\n|-supereffective|p2a: Venusaur|1\n|-damage|p2a: Venusaur|29/100\n|-unboost|p2a: Venusaur|spe|1\n|\n|-weather|RainDance|[upkeep]\n|-heal|p1a: Politoed|38/100|[from] item: Leftovers\n|upkeep\n|\n|t:|1776084779\n|switch|p2b: Charizard|Charizard-Mega-Y, L50, M|100/100\n|-weather|SunnyDay|[from] ability: Drought|[of] p2b: Charizard\n|turn|11\n|\n|t:|1776084794\n|move|p2a: Venusaur|Sleep Powder|p1b: Sneasler\n|-status|p1b: Sneasler|slp|[from] move: Sleep Powder\n|move|p2b: Charizard|Heat Wave|p1a: Politoed|[spread] p1a,p1b\n|-resisted|p1a: Politoed|1\n|-damage|p1a: Politoed|14/100\n|-damage|p1b: Sneasler|0 fnt\n|faint|p1b: Sneasler\n|move|p1a: Politoed|Weather Ball|p2a: Venusaur\n|-supereffective|p2a: Venusaur|1\n|-damage|p2a: Venusaur|0 fnt\n|faint|p2a: Venusaur\n|\n|-weather|SunnyDay|[upkeep]\n|-heal|p1a: Politoed|20/100|[from] item: Leftovers\n|upkeep\n|\n|t:|1776084806\n|switch|p1b: Basculegion|Basculegion, L50, M|63/100\n|turn|12\n|inactive|TokaiSoup has 30 seconds left.\n|\n|t:|1776084834\n|move|p2b: Charizard|Air Slash|p1b: Basculegion\n|-damage|p1b: Basculegion|9/100\n|cant|p1b: Basculegion|flinch\n|move|p1a: Politoed|Icy Wind|p2b: Charizard\n|-damage|p2b: Charizard|89/100\n|-unboost|p2b: Charizard|spe|1\n|\n|-weather|SunnyDay|[upkeep]\n|-heal|p1a: Politoed|26/100|[from] item: Leftovers\n|upkeep\n|turn|13\n|\n|t:|1776084852\n|move|p2b: Charizard|Heat Wave|p1a: Politoed|[spread] p1a,p1b\n|-resisted|p1a: Politoed|1\n|-resisted|p1b: Basculegion|1\n|-damage|p1a: Politoed|0 fnt\n|-damage|p1b: Basculegion|0 fnt\n|faint|p1a: Politoed\n|faint|p1b: Basculegion\n|\n|win|prof. jubokko\n|raw|TokaiSoup's rating: 1127 &rarr; <strong>1100</strong><br />(-27 for losing)\n|raw|prof. jubokko's rating: 1100 &rarr; <strong>1127</strong><br />(+27 for winning)\n|l|\u2606TokaiSoup\n|player|p1|\n",
  "uploadtime": 1776084867,
  "views": 11,
  "formatid": "gen9championsvgc2026regma",
  "rating": 1100,
  "private": 0,
  "password": null
}