{
  "id": "gen9championsvgc2026regma-2586268658",
  "format": "[Gen 9 Champions] VGC 2026 Reg M-A",
  "players": [
    "alexanderplatz.mp3",
    "WojtusG"
  ],
  "log": "|j|\u2606alexanderplatz.mp3\n|j|\u2606WojtusG\n|t:|1776419469\n|gametype|doubles\n|player|p1|alexanderplatz.mp3|1|1124\n|player|p2|WojtusG|1|1147\n|gen|9\n|tier|[Gen 9 Champions] VGC 2026 Reg M-A\n|rated|\n|rule|Species Clause: Limit one of each Pok\u00e9mon\n|rule|Item Clause: Limit 1 of each item\n|clearpoke\n|poke|p1|Starmie, L50|\n|poke|p1|Tyranitar, L50, F|\n|poke|p1|Garchomp, L50, F|\n|poke|p1|Aerodactyl, L50, M|\n|poke|p1|Rotom-Heat, L50|\n|poke|p1|Aegislash, L50, F|\n|poke|p2|Zoroark-Hisui, L50, M|\n|poke|p2|Meganium, L50, F|\n|poke|p2|Pelipper, L50, F|\n|poke|p2|Archaludon, L50, F|\n|poke|p2|Sneasler, L50, F|\n|poke|p2|Incineroar, L50, F|\n|teampreview|4\n|\n|t:|1776419489\n|teamsize|p1|4\n|teamsize|p2|4\n|start\n|switch|p1a: Bones|Aerodactyl, L50, M|100/100\n|switch|p1b: AEG|Rotom-Heat, L50|100/100\n|switch|p2a: Sneasler|Sneasler, L50, F|100/100\n|switch|p2b: Rain set mon|Pelipper, L50, F|100/100\n|-ability|p1a: Bones|Unnerve\n|-weather|RainDance|[from] ability: Drizzle|[of] p2b: Rain set mon\n|turn|1\n|\n|t:|1776419504\n|move|p1a: Bones|Protect|p1a: Bones\n|-singleturn|p1a: Bones|Protect\n|move|p1b: AEG|Protect|p1b: AEG\n|-singleturn|p1b: AEG|Protect\n|move|p2a: Sneasler|Fake Out|p1a: Bones\n|-activate|p1a: Bones|move: Protect\n|move|p2b: Rain set mon|Tailwind|p2b: Rain set mon\n|-sidestart|p2: WojtusG|move: Tailwind\n|\n|-weather|RainDance|[upkeep]\n|upkeep\n|turn|2\n|\n|t:|1776419522\n|move|p2a: Sneasler|Dire Claw|p1b: AEG\n|-damage|p1b: AEG|41/100\n|-enditem|p1b: AEG|Sitrus Berry|[eat]\n|-heal|p1b: AEG|65/100|[from] item: Sitrus Berry\n|move|p2b: Rain set mon|Hydro Pump|p1a: Bones\n|-supereffective|p1a: Bones|1\n|-enditem|p1a: Bones|Focus Sash\n|-damage|p1a: Bones|1/100\n|move|p1a: Bones|Tailwind|p1a: Bones\n|-sidestart|p1: alexanderplatz.mp3|move: Tailwind\n|move|p1b: AEG|Thunderbolt|p2b: Rain set mon\n|-supereffective|p2b: Rain set mon|2\n|-damage|p2b: Rain set mon|0 fnt\n|faint|p2b: Rain set mon\n|\n|-weather|RainDance|[upkeep]\n|upkeep\n|\n|t:|1776419534\n|switch|p2b: 1000-THR|Archaludon, L50, F|100/100\n|turn|3\n|\n|t:|1776419565\n|move|p1a: Bones|Dual Wingbeat|p2a: Sneasler\n|-supereffective|p2a: Sneasler|1\n|-damage|p2a: Sneasler|39/100\n|-supereffective|p2a: Sneasler|1\n|-damage|p2a: Sneasler|0 fnt\n|faint|p2a: Sneasler\n|-hitcount|p2: Sneasler|2\n|move|p2b: 1000-THR|Electro Shot||[still]\n|-prepare|p2b: 1000-THR|Electro Shot\n|-boost|p2b: 1000-THR|spa|1\n|-anim|p2b: 1000-THR|Electro Shot|p1a: Bones\n|-supereffective|p1a: Bones|1\n|-damage|p1a: Bones|0 fnt\n|faint|p1a: Bones\n|move|p1b: AEG|Overheat|p2b: 1000-THR\n|-damage|p2b: 1000-THR|57/100\n|-unboost|p1b: AEG|spa|2\n|-ability|p2b: 1000-THR|Stamina|boost\n|-boost|p2b: 1000-THR|def|1\n|\n|-weather|RainDance|[upkeep]\n|-heal|p2b: 1000-THR|63/100|[from] item: Leftovers\n|upkeep\n|\n|t:|1776419592\n|switch|p1a: Sarah|Tyranitar, L50, F|100/100\n|switch|p2a: Meganium|Meganium, L50, F|100/100\n|-weather|Sandstorm|[from] ability: Sand Stream|[of] p1a: Sarah\n|turn|4\n|\n|t:|1776419606\n|detailschange|p2a: Meganium|Meganium-Mega, L50, F\n|-mega|p2a: Meganium|Meganium|Meganiumite\n|move|p1b: AEG|Helping Hand|p1a: Sarah\n|-singleturn|p1a: Sarah|Helping Hand|[of] p1b: AEG\n|move|p1a: Sarah|Rock Slide|p2b: 1000-THR|[spread] p2b\n|-miss|p1a: Sarah|p2a: Meganium\n|-resisted|p2b: 1000-THR|1\n|-crit|p2b: 1000-THR\n|-damage|p2b: 1000-THR|30/100\n|-ability|p2b: 1000-THR|Stamina|boost\n|-boost|p2b: 1000-THR|def|1\n|move|p2b: 1000-THR|Draco Meteor|p1b: AEG\n|-damage|p1b: AEG|0 fnt\n|-unboost|p2b: 1000-THR|spa|2\n|faint|p1b: AEG\n|move|p2a: Meganium|Solar Beam||[still]\n|-prepare|p2a: Meganium|Solar Beam\n|-activate|p2a: Meganium|ability: Mega Sol\n|-anim|p2a: Meganium|Solar Beam|p1a: Sarah\n|-supereffective|p1a: Sarah|1\n|-damage|p1a: Sarah|0 fnt\n|faint|p1a: Sarah\n|\n|-weather|Sandstorm|[upkeep]\n|-damage|p2a: Meganium|94/100|[from] Sandstorm\n|-heal|p2b: 1000-THR|36/100|[from] item: Leftovers\n|-sideend|p2: WojtusG|move: Tailwind\n|upkeep\n|c|\u2606WojtusG|Comeback\n|inactive|Battle timer is ON: inactive players will automatically lose when time's up. (requested by WojtusG)\n|inactive|alexanderplatz.mp3 also wants the timer to be on.\n|\n|t:|1776419669\n|switch|p1a: Wormwood|Starmie, L50|100/100\n|turn|5\n|\n|t:|1776419678\n|detailschange|p1a: Wormwood|Starmie-Mega, L50\n|-mega|p1a: Wormwood|Starmie|Starminite\n|move|p1a: Wormwood|Psycho Cut|p2a: Meganium\n|-damage|p2a: Meganium|34/100\n|move|p2b: 1000-THR|Electro Shot||[still]\n|-prepare|p2b: 1000-THR|Electro Shot\n|-boost|p2b: 1000-THR|spa|1\n|move|p2a: Meganium|Solar Beam||[still]\n|-prepare|p2a: Meganium|Solar Beam\n|-activate|p2a: Meganium|ability: Mega Sol\n|-anim|p2a: Meganium|Solar Beam|p1a: Wormwood\n|-supereffective|p1a: Wormwood|1\n|-damage|p1a: Wormwood|0 fnt\n|faint|p1a: Wormwood\n|\n|win|WojtusG\n|raw|alexanderplatz.mp3's rating: 1124 &rarr; <strong>1101</strong><br />(-23 for losing)\n|raw|WojtusG's rating: 1147 &rarr; <strong>1170</strong><br />(+23 for winning)\n|c|\u2606WojtusG|gg\n|l|\u2606alexanderplatz.mp3\n|player|p1|\n",
  "uploadtime": 1776419699,
  "views": 36,
  "formatid": "gen9championsvgc2026regma",
  "rating": 1101,
  "private": 0,
  "password": null
}