{
  "id": "gen9championsvgc2026regma-2589426564",
  "format": "[Gen 9 Champions] VGC 2026 Reg M-A",
  "players": [
    "RicoAGoat",
    "N3kotine"
  ],
  "log": "|j|\u2606RicoAGoat\n|j|\u2606N3kotine\n|t:|1776721980\n|gametype|doubles\n|player|p1|RicoAGoat|alder|1000\n|player|p2|N3kotine|265|1069\n|gen|9\n|tier|[Gen 9 Champions] VGC 2026 Reg M-A\n|rated|\n|rule|Species Clause: Limit one of each Pok\u00e9mon\n|rule|Item Clause: Limit 1 of each item\n|clearpoke\n|poke|p1|Politoed, L50, M|\n|poke|p1|Farigiraf, L50, F|\n|poke|p1|Clefable, L50, M|\n|poke|p1|Stunfisk-Galar, L50, M, shiny|\n|poke|p1|Starmie, L50, shiny|\n|poke|p1|Hawlucha, L50, F|\n|poke|p2|Scizor, L50, M|\n|poke|p2|Basculegion, L50, M|\n|poke|p2|Aegislash, L50, M|\n|poke|p2|Sableye, L50, F|\n|poke|p2|Milotic, L50, F|\n|poke|p2|Incineroar, L50, F, shiny|\n|teampreview|4\n|inactive|Battle timer is ON: inactive players will automatically lose when time's up. (requested by RicoAGoat)\n|inactive|RicoAGoat has 60 seconds left.\n|inactive|N3kotine has 60 seconds left.\n|inactive|RicoAGoat has 30 seconds left.\n|\n|t:|1776722044\n|teamsize|p1|4\n|teamsize|p2|4\n|start\n|switch|p1a: Farigiraf|Farigiraf, L50, F|100/100\n|switch|p1b: Oyecomova|Hawlucha, L50, F|100/100\n|switch|p2a: Incineroar|Incineroar, L50, F, shiny|100/100\n|switch|p2b: Sableye|Sableye, L50, F|100/100\n|-ability|p1b: Oyecomova|Mold Breaker\n|-ability|p2a: Incineroar|Intimidate|boost\n|-unboost|p1a: Farigiraf|atk|1\n|-unboost|p1b: Oyecomova|atk|1\n|turn|1\n|inactive|N3kotine has 30 seconds left.\n|\n|t:|1776722074\n|detailschange|p1b: Oyecomova|Hawlucha-Mega, L50, F\n|-mega|p1b: Oyecomova|Hawlucha|Hawluchanite\n|move|p2b: Sableye|Light Screen|p2b: Sableye\n|-sidestart|p2: N3kotine|move: Light Screen\n|move|p1b: Oyecomova|High Jump Kick|p2a: Incineroar\n|-supereffective|p2a: Incineroar|1\n|-damage|p2a: Incineroar|23/100\n|-enditem|p2a: Incineroar|Sitrus Berry|[eat]\n|-heal|p2a: Incineroar|48/100|[from] item: Sitrus Berry\n|move|p2a: Incineroar|Darkest Lariat|p1a: Farigiraf\n|-supereffective|p1a: Farigiraf|1\n|-damage|p1a: Farigiraf|42/100\n|-enditem|p1a: Farigiraf|Sitrus Berry|[eat]\n|-heal|p1a: Farigiraf|67/100|[from] item: Sitrus Berry\n|move|p1a: Farigiraf|Trick Room|p1a: Farigiraf\n|-fieldstart|move: Trick Room|[of] p1a: Farigiraf\n|\n|upkeep\n|turn|2\n|inactive|RicoAGoat has 30 seconds left.\n|inactive|N3kotine has 30 seconds left.\n|inactive|N3kotine has 20 seconds left.\n|inactive|N3kotine has 15 seconds left.\n|\n|t:|1776722118\n|switch|p1a: Survivor|Stunfisk-Galar, L50, M, shiny|100/100\n|move|p2b: Sableye|Foul Play|p1a: Survivor\n|-damage|p1a: Survivor|82/100\n|move|p2a: Incineroar|Parting Shot|p1b: Oyecomova\n|-unboost|p1b: Oyecomova|atk|1\n|-unboost|p1b: Oyecomova|spa|1\n|\n|t:|1776722126\n|switch|p2a: Aegislash|Aegislash, L50, M|100/100|[from] Parting Shot\n|move|p1b: Oyecomova|Entrainment|p1a: Survivor\n|-ability|p1a: Survivor|No Guard|Mimicry|[from] move: Entrainment|[of] p1b: Oyecomova\n|\n|-heal|p1a: Survivor|88/100|[from] item: Leftovers\n|upkeep\n|turn|3\n|inactive|N3kotine has 30 seconds left.\n|\n|t:|1776722154\n|move|p2b: Sableye|Thunder Wave|p1b: Oyecomova\n|-status|p1b: Oyecomova|par\n|move|p1a: Survivor|Fissure|p2a: Aegislash\n|-damage|p2a: Aegislash|0 fnt\n|faint|p2a: Aegislash\n|-ohko\n|move|p1b: Oyecomova|Brave Bird|p2b: Sableye\n|-damage|p2b: Sableye|62/100\n|-damage|p1b: Oyecomova|87/100 par|[from] Recoil\n|\n|-heal|p1a: Survivor|94/100|[from] item: Leftovers\n|upkeep\n|\n|t:|1776722170\n|switch|p2a: Basculegion|Basculegion, L50, M|100/100\n|turn|4\n|\n|t:|1776722182\n|switch|p1b: Farigiraf|Farigiraf, L50, F|67/100\n|move|p2a: Basculegion|Protect|p2a: Basculegion\n|-singleturn|p2a: Basculegion|Protect\n|move|p1a: Survivor|Fissure|p2a: Basculegion\n|-activate|p2a: Basculegion|move: Protect\n|move|p2b: Sableye|Foul Play|p1a: Survivor\n|-damage|p1a: Survivor|74/100\n|\n|-heal|p1a: Survivor|80/100|[from] item: Leftovers\n|upkeep\n|turn|5\n|inactive|N3kotine has 30 seconds left.\n|\n|t:|1776722208\n|switch|p2a: Incineroar|Incineroar, L50, F, shiny|48/100\n|-ability|p2a: Incineroar|Intimidate|boost\n|-unboost|p1a: Survivor|atk|1\n|-unboost|p1b: Farigiraf|atk|1\n|move|p1a: Survivor|Fissure|p2a: Incineroar\n|-damage|p2a: Incineroar|0 fnt\n|faint|p2a: Incineroar\n|-ohko\n|move|p2b: Sableye|Foul Play|p1b: Farigiraf\n|-supereffective|p1b: Farigiraf|1\n|-damage|p1b: Farigiraf|32/100\n|move|p1b: Farigiraf|Foul Play|p2b: Sableye\n|-damage|p2b: Sableye|39/100\n|\n|-heal|p1a: Survivor|86/100|[from] item: Leftovers\n|-sideend|p2: N3kotine|move: Light Screen\n|-fieldend|move: Trick Room\n|upkeep\n|\n|t:|1776722222\n|switch|p2a: Basculegion|Basculegion, L50, M|100/100\n|turn|6\n|\n|t:|1776722240\n|move|p1b: Farigiraf|Protect|p1b: Farigiraf\n|-singleturn|p1b: Farigiraf|Protect\n|move|p1a: Survivor|Protect|p1a: Survivor\n|-singleturn|p1a: Survivor|Protect\n|move|p2a: Basculegion|Wave Crash|p1a: Survivor\n|-activate|p1a: Survivor|move: Protect\n|move|p2b: Sableye|Foul Play|p1b: Farigiraf\n|-activate|p1b: Farigiraf|move: Protect\n|\n|-heal|p1a: Survivor|92/100|[from] item: Leftovers\n|upkeep\n|turn|7\n|inactive|RicoAGoat has 30 seconds left.\n|\n|t:|1776722265\n|switch|p1a: Clefable|Clefable, L50, M|100/100\n|move|p2b: Sableye|Rain Dance|p2b: Sableye\n|-weather|RainDance\n|move|p2a: Basculegion|Wave Crash|p1a: Clefable\n|-damage|p1a: Clefable|13/100\n|-damage|p2a: Basculegion|71/100|[from] Recoil\n|move|p1b: Farigiraf|Trick Room|p1b: Farigiraf\n|-fieldstart|move: Trick Room|[of] p1b: Farigiraf\n|\n|-weather|RainDance|[upkeep]\n|upkeep\n|turn|8\n|\n|t:|1776722281\n|move|p2b: Sableye|Light Screen|p2b: Sableye\n|-sidestart|p2: N3kotine|move: Light Screen\n|move|p1b: Farigiraf|Foul Play|p2a: Basculegion\n|-supereffective|p2a: Basculegion|1\n|-damage|p2a: Basculegion|0 fnt\n|faint|p2a: Basculegion\n|move|p1a: Clefable|Moonblast|p2b: Sableye\n|-supereffective|p2b: Sableye|1\n|-damage|p2b: Sableye|0 fnt\n|faint|p2b: Sableye\n|\n|win|RicoAGoat\n|raw|RicoAGoat's rating: 1000 &rarr; <strong>1048</strong><br />(+48 for winning)\n|raw|N3kotine's rating: 1069 &rarr; <strong>1045</strong><br />(-24 for losing)\n|c|\u2606N3kotine|bro\n|c|\u2606N3kotine|cmon\n|c|\u2606RicoAGoat|stunfisk\n|c|\u2606N3kotine|type\n|c|\u2606N3kotine|shi\n",
  "uploadtime": 1776722299,
  "views": 4,
  "formatid": "gen9championsvgc2026regma",
  "rating": 1045,
  "private": 0,
  "password": null
}