{
  "id": "gen9championsvgc2026regma-2589405034",
  "format": "[Gen 9 Champions] VGC 2026 Reg M-A",
  "players": [
    "melon storme",
    "marioonps4"
  ],
  "log": "|j|\u2606melon storme\n|j|\u2606marioonps4\n|t:|1776720246\n|gametype|doubles\n|player|p1|melon storme|kieran-festival|1304\n|player|p2|marioonps4|266|1341\n|gen|9\n|tier|[Gen 9 Champions] VGC 2026 Reg M-A\n|rated|\n|rule|Species Clause: Limit one of each Pok\u00e9mon\n|rule|Item Clause: Limit 1 of each item\n|clearpoke\n|poke|p1|Scovillain, L50, M|\n|poke|p1|Conkeldurr, L50, M|\n|poke|p1|Aerodactyl, L50, M|\n|poke|p1|Farigiraf, L50, M|\n|poke|p1|Dragapult, L50, M|\n|poke|p1|Kingambit, L50, F|\n|poke|p2|Manectric, L50, F|\n|poke|p2|Sinistcha, L50|\n|poke|p2|Basculegion, L50, M|\n|poke|p2|Volcarona, L50, M|\n|poke|p2|Kingambit, L50, M|\n|poke|p2|Sneasler, L50, F|\n|teampreview|4\n|inactive|Battle timer is ON: inactive players will automatically lose when time's up. (requested by marioonps4)\n|inactive|marioonps4 has 60 seconds left.\n|\n|t:|1776720286\n|teamsize|p1|4\n|teamsize|p2|4\n|start\n|switch|p1a: Farigiraf|Farigiraf, L50, M|100/100\n|switch|p1b: Kingambit|Kingambit, L50, F|100/100\n|switch|p2a: Volcarona|Volcarona, L50, M|100/100\n|switch|p2b: Basculegion|Basculegion, L50, M|100/100\n|turn|1\n|inactive|melon storme has 30 seconds left.\n|inactive|melon storme has 20 seconds left.\n|\n|t:|1776720322\n|switch|p2b: Manectric|Manectric, L50, F|100/100\n|move|p2a: Volcarona|Heat Wave|p1a: Farigiraf|[spread] \n|-miss|p2a: Volcarona|p1a: Farigiraf\n|-miss|p2a: Volcarona|p1b: Kingambit\n|move|p1b: Kingambit|Kowtow Cleave|p2b: Manectric\n|-damage|p2b: Manectric|15/100\n|move|p1a: Farigiraf|Trick Room|p1a: Farigiraf\n|-fieldstart|move: Trick Room|[of] p1a: Farigiraf\n|\n|upkeep\n|turn|2\n|inactive|marioonps4 has 30 seconds left.\n|\n|t:|1776720353\n|switch|p2b: Sinistcha|Sinistcha, L50|100/100\n|move|p2a: Volcarona|Protect|p2a: Volcarona\n|-singleturn|p2a: Volcarona|Protect\n|move|p1b: Kingambit|Swords Dance|p1b: Kingambit\n|-boost|p1b: Kingambit|atk|2\n|move|p1a: Farigiraf|Hyper Voice|p2b: Sinistcha|[spread] \n|-activate|p2a: Volcarona|move: Protect\n|-immune|p2b: Sinistcha\n|\n|upkeep\n|turn|3\n|inactive|melon storme has 30 seconds left.\n|\n|t:|1776720382\n|move|p2b: Sinistcha|Rage Powder|p2b: Sinistcha\n|-singleturn|p2b: Sinistcha|move: Rage Powder\n|move|p1b: Kingambit|Kowtow Cleave|p2b: Sinistcha\n|-supereffective|p2b: Sinistcha|1\n|-damage|p2b: Sinistcha|0 fnt\n|faint|p2b: Sinistcha\n|move|p1a: Farigiraf|Psychic|p2a: Volcarona\n|-damage|p2a: Volcarona|65/100\n|-unboost|p2a: Volcarona|spd|1\n|move|p2a: Volcarona|Heat Wave|p1b: Kingambit|[spread] p1a,p1b\n|-supereffective|p1b: Kingambit|1\n|-damage|p1a: Farigiraf|68/100\n|-damage|p1b: Kingambit|36/100\n|\n|-heal|p2a: Volcarona|71/100|[from] item: Leftovers\n|upkeep\n|\n|t:|1776720402\n|switch|p2b: Manectric|Manectric, L50, F|15/100\n|turn|4\n|\n|t:|1776720410\n|move|p2a: Volcarona|Protect|p2a: Volcarona\n|-singleturn|p2a: Volcarona|Protect\n|move|p2b: Manectric|Protect|p2b: Manectric\n|-singleturn|p2b: Manectric|Protect\n|move|p1b: Kingambit|Kowtow Cleave|p2a: Volcarona\n|-activate|p2a: Volcarona|move: Protect\n|move|p1a: Farigiraf|Hyper Voice|p2b: Manectric|[spread] \n|-activate|p2a: Volcarona|move: Protect\n|-activate|p2b: Manectric|move: Protect\n|\n|-heal|p2a: Volcarona|77/100|[from] item: Leftovers\n|upkeep\n|turn|5\n|\n|t:|1776720416\n|move|p2a: Volcarona|Protect||[still]\n|-fail|p2a: Volcarona\n|move|p2b: Manectric|Protect||[still]\n|-fail|p2b: Manectric\n|move|p1b: Kingambit|Kowtow Cleave|p2a: Volcarona\n|-damage|p2a: Volcarona|0 fnt\n|faint|p2a: Volcarona\n|move|p1a: Farigiraf|Hyper Voice|p2b: Manectric\n|-damage|p2b: Manectric|0 fnt\n|faint|p2b: Manectric\n|\n|-fieldend|move: Trick Room\n|upkeep\n|-message|marioonps4 forfeited.\n|\n|win|melon storme\n|raw|melon storme's rating: 1304 &rarr; <strong>1326</strong><br />(+22 for winning)\n|raw|marioonps4's rating: 1341 &rarr; <strong>1319</strong><br />(-22 for losing)\n|l|\u2606marioonps4\n|player|p2|\n",
  "uploadtime": 1776720903,
  "views": 9,
  "formatid": "gen9championsvgc2026regma",
  "rating": 1319,
  "private": 0,
  "password": null
}