{
  "id": "gen9championsvgc2026regma-2586120462",
  "format": "[Gen 9 Champions] VGC 2026 Reg M-A",
  "players": [
    "Phillip Blevin",
    "TheRiceMeister"
  ],
  "log": "|j|\u2606Phillip Blevin\n|j|\u2606TheRiceMeister\n|t:|1776401439\n|gametype|doubles\n|player|p1|Phillip Blevin|cynthia-masters4|1301\n|player|p2|TheRiceMeister|clerkf|1320\n|gen|9\n|tier|[Gen 9 Champions] VGC 2026 Reg M-A\n|rated|\n|rule|Species Clause: Limit one of each Pok\u00e9mon\n|rule|Item Clause: Limit 1 of each item\n|clearpoke\n|poke|p1|Froslass, L50, F|\n|poke|p1|Corviknight, L50, M|\n|poke|p1|Incineroar, L50, F|\n|poke|p1|Rotom-Mow, L50|\n|poke|p1|Sneasler, L50, F|\n|poke|p1|Venusaur, L50, F|\n|poke|p2|Glalie, L50, F|\n|poke|p2|Empoleon, L50, M|\n|poke|p2|Noivern, L50, M|\n|poke|p2|Arcanine-Hisui, L50, M|\n|poke|p2|Sneasler, L50, M|\n|poke|p2|Kingambit, L50, F|\n|teampreview|4\n|inactive|Battle timer is ON: inactive players will automatically lose when time's up. (requested by Phillip Blevin)\nPhillip Blevin has agreed to open team sheets.\n|\n|t:|1776401468\n|teamsize|p1|4\n|teamsize|p2|4\n|start\n|switch|p1a: Sneasler|Sneasler, L50, F|100/100\n|switch|p1b: Rotom|Rotom-Mow, L50|100/100\n|switch|p2a: Glalie|Glalie, L50, F|100/100\n|switch|p2b: Empoleon|Empoleon, L50, M|100/100\n|turn|1\n|inactive|TheRiceMeister has 30 seconds left.\n|\n|t:|1776401498\n|move|p2a: Glalie|Protect|p2a: Glalie\n|-singleturn|p2a: Glalie|Protect\n|move|p1b: Rotom|Volt Switch|p2b: Empoleon\n|-supereffective|p2b: Empoleon|1\n|-damage|p2b: Empoleon|49/100\n|-enditem|p2b: Empoleon|Sitrus Berry|[eat]\n|-heal|p2b: Empoleon|74/100|[from] item: Sitrus Berry\n|\n|t:|1776401502\n|switch|p1b: Corviknight|Corviknight, L50, M|100/100|[from] Volt Switch\n|move|p1a: Sneasler|Close Combat|p2a: Glalie\n|-activate|p2a: Glalie|move: Protect\n|move|p2b: Empoleon|Icy Wind|p1a: Sneasler|[spread] p1a,p1b\n|-damage|p1a: Sneasler|82/100\n|-damage|p1b: Corviknight|89/100\n|-unboost|p1a: Sneasler|spe|1\n|-ability|p1b: Corviknight|Mirror Armor\n|-unboost|p2b: Empoleon|spe|1\n|-ability|p2b: Empoleon|Competitive|boost\n|-boost|p2b: Empoleon|spa|2\n|\n|-heal|p1b: Corviknight|95/100|[from] item: Leftovers\n|upkeep\n|turn|2\n|\n|t:|1776401522\n|detailschange|p2a: Glalie|Glalie-Mega, L50, F\n|-mega|p2a: Glalie|Glalie|Glalitite\n|move|p2b: Empoleon|Helping Hand|p2a: Glalie\n|-singleturn|p2a: Glalie|Helping Hand|[of] p2b: Empoleon\n|move|p2a: Glalie|Explosion|p1b: Corviknight|[spread] p2b,p1a,p1b\n|-resisted|p2b: Empoleon|2\n|-damage|p2b: Empoleon|32/100\n|-damage|p1a: Sneasler|0 fnt\n|-damage|p1b: Corviknight|0 fnt\n|faint|p2a: Glalie\n|faint|p1a: Sneasler\n|faint|p1b: Corviknight\n|\n|upkeep\n|\n|t:|1776401535\n|switch|p1a: Froslass|Froslass, L50, F|100/100\n|switch|p2a: Sneasler|Sneasler, L50, M|100/100\n|switch|p1b: Rotom|Rotom-Mow, L50|100/100\n|turn|3\n|\n|t:|1776401550\n|detailschange|p1a: Froslass|Froslass-Mega, L50, F\n|-mega|p1a: Froslass|Froslass|Froslassite\n|-weather|Snowscape|[from] ability: Snow Warning|[of] p1a: Froslass\n|move|p1b: Rotom|Electroweb|p2a: Sneasler|[spread] p2a,p2b\n|-supereffective|p2b: Empoleon|1\n|-damage|p2a: Sneasler|79/100\n|-damage|p2b: Empoleon|6/100\n|-unboost|p2a: Sneasler|spe|1\n|-unboost|p2b: Empoleon|spe|1\n|-ability|p2b: Empoleon|Competitive|boost\n|-boost|p2b: Empoleon|spa|2\n|-enditem|p2a: Sneasler|White Herb\n|-clearnegativeboost|p2a: Sneasler|[silent]\n|move|p2a: Sneasler|Dire Claw|p1b: Rotom\n|-supereffective|p1b: Rotom|1\n|-damage|p1b: Rotom|15/100\n|move|p1a: Froslass|Shadow Ball|p2b: Empoleon\n|-damage|p2b: Empoleon|0 fnt\n|faint|p2b: Empoleon\n|\n|-weather|Snowscape|[upkeep]\n|upkeep\n|\n|t:|1776401566\n|switch|p2b: Kingambit|Kingambit, L50, F|100/100\n|turn|4\n|\n|t:|1776401571\n|move|p2b: Kingambit|Sucker Punch||[still]\n|-fail|p2b: Kingambit\n|move|p2a: Sneasler|Dire Claw|p1b: Rotom\n|-supereffective|p1b: Rotom|1\n|-damage|p1b: Rotom|0 fnt\n|faint|p1b: Rotom\n|move|p1a: Froslass|Aurora Veil|p1a: Froslass\n|-sidestart|p1: Phillip Blevin|move: Aurora Veil\n|\n|-weather|Snowscape|[upkeep]\n|upkeep\n|turn|5\n|inactive|TheRiceMeister has 30 seconds left.\n|\n|t:|1776401598\n|move|p2b: Kingambit|Sucker Punch|p1a: Froslass\n|-supereffective|p1a: Froslass|1\n|-damage|p1a: Froslass|35/100\n|move|p2a: Sneasler|Dire Claw|p1a: Froslass\n|-resisted|p1a: Froslass|1\n|-damage|p1a: Froslass|19/100\n|move|p1a: Froslass|Blizzard|p2a: Sneasler|[spread] p2a,p2b\n|-resisted|p2b: Kingambit|1\n|-damage|p2a: Sneasler|20/100\n|-damage|p2b: Kingambit|77/100\n|\n|-weather|Snowscape|[upkeep]\n|upkeep\n|turn|6\n|-message|Phillip Blevin forfeited.\n|\n|win|TheRiceMeister\n|raw|Phillip Blevin's rating: 1301 &rarr; <strong>1282</strong><br />(-19 for losing)\n|raw|TheRiceMeister's rating: 1320 &rarr; <strong>1339</strong><br />(+19 for winning)\n",
  "uploadtime": 1776401603,
  "views": 28,
  "formatid": "gen9championsvgc2026regma",
  "rating": 1282,
  "private": 0,
  "password": null
}