{
  "id": "gen9championsvgc2026regma-2581362358",
  "format": "[Gen 9 Champions] VGC 2026 Reg M-A",
  "players": [
    "Chaotic1856",
    "shadowofroserade04"
  ],
  "log": "|j|\u2606Chaotic1856\n|j|\u2606shadowofroserade04\n|t:|1775991821\n|gametype|doubles\n|player|p1|Chaotic1856|bugsy|1119\n|player|p2|shadowofroserade04|roxie|1107\n|gen|9\n|tier|[Gen 9 Champions] VGC 2026 Reg M-A\n|rated|\n|rule|Species Clause: Limit one of each Pok\u00e9mon\n|rule|Item Clause: Limit 1 of each item\n|clearpoke\n|poke|p1|Arcanine-Hisui, L50, M|\n|poke|p1|Zoroark-Hisui, L50, F|\n|poke|p1|Goodra-Hisui, L50, M|\n|poke|p1|Aerodactyl, L50, M|\n|poke|p1|Tyranitar, L50, M|\n|poke|p1|Excadrill, L50, F|\n|poke|p2|Incineroar, L50, F|\n|poke|p2|Sneasler, L50, F|\n|poke|p2|Zoroark-Hisui, L50, F|\n|poke|p2|Sinistcha, L50|\n|poke|p2|Gardevoir, L50, F|\n|poke|p2|Drampa, L50, F|\n|teampreview|4\n|\n|t:|1775991869\n|teamsize|p1|4\n|teamsize|p2|4\n|start\n|switch|p1a: Aerodactyl|Aerodactyl, L50, M|100/100\n|switch|p1b: Excadrill|Excadrill, L50, F, shiny|100/100\n|switch|p2a: Incineroar|Incineroar, L50, F|100/100\n|switch|p2b: Sneasler|Sneasler, L50, F|100/100\n|-ability|p1a: Aerodactyl|Unnerve\n|-ability|p2a: Incineroar|Intimidate|boost\n|-unboost|p1a: Aerodactyl|atk|1\n|-unboost|p1b: Excadrill|atk|1\n|turn|1\n|inactive|Battle timer is ON: inactive players will automatically lose when time's up. (requested by Chaotic1856)\n|\n|t:|1775991941\n|move|p2b: Sneasler|Protect|p2b: Sneasler\n|-singleturn|p2b: Sneasler|Protect\n|move|p1a: Aerodactyl|Tailwind|p1a: Aerodactyl\n|-sidestart|p1: Chaotic1856|move: Tailwind\n|move|p1b: Excadrill|Nasty Plot|p1b: Excadrill\n|-boost|p1b: Excadrill|spa|2\n|move|p2a: Incineroar|Parting Shot|p1b: Excadrill\n|-unboost|p1b: Excadrill|atk|1\n|-unboost|p1b: Excadrill|spa|1\n|\n|t:|1775991956\n|switch|p2a: Gardevoir|Gardevoir, L50, F|100/100|[from] Parting Shot\n|\n|upkeep\n|turn|2\n|\n|t:|1775991974\n|detailschange|p2a: Gardevoir|Gardevoir-Mega, L50, F\n|-mega|p2a: Gardevoir|Gardevoir|Gardevoirite\n|move|p1b: Excadrill|Protect|p1b: Excadrill\n|-singleturn|p1b: Excadrill|Protect\n|move|p1a: Aerodactyl|Earthquake|p2a: Gardevoir|[spread] p2a,p2b\n|-activate|p1b: Excadrill|move: Protect\n|-supereffective|p2b: Sneasler|1\n|-damage|p2a: Gardevoir|85/100\n|-damage|p2b: Sneasler|54/100\n|move|p2b: Sneasler|Dire Claw|p1b: Excadrill\n|-activate|p1b: Excadrill|move: Protect\n|move|p2a: Gardevoir|Trick Room|p2a: Gardevoir\n|-fieldstart|move: Trick Room|[of] p2a: Gardevoir\n|\n|upkeep\n|turn|3\n|inactive|Chaotic1856 has 30 seconds left.\n|\n|t:|1775992001\n|switch|p1b: Tyranitar|Tyranitar, L50, M|100/100\n|-weather|Sandstorm|[from] ability: Sand Stream|[of] p1b: Tyranitar\n|move|p2a: Gardevoir|Hyper Voice|p1b: Tyranitar|[spread] p1a,p1b\n|-supereffective|p1b: Tyranitar|1\n|-damage|p1a: Aerodactyl|56/100\n|-damage|p1b: Tyranitar|47/100\n|move|p2b: Sneasler|Dire Claw|p1b: Tyranitar\n|-resisted|p1b: Tyranitar|1\n|-damage|p1b: Tyranitar|29/100\n|move|p1a: Aerodactyl|Earthquake|p2b: Sneasler|[spread] p1b,p2a,p2b\n|-supereffective|p1b: Tyranitar|1\n|-supereffective|p2b: Sneasler|1\n|-damage|p1b: Tyranitar|4/100\n|-damage|p2a: Gardevoir|70/100\n|-damage|p2b: Sneasler|1/100\n|\n|-weather|Sandstorm|[upkeep]\n|-damage|p2a: Gardevoir|64/100|[from] Sandstorm\n|-damage|p2b: Sneasler|0 fnt|[from] Sandstorm\n|faint|p2b: Sneasler\n|upkeep\n|\n|t:|1775992025\n|switch|p2b: Sinistcha|Sinistcha, L50|100/100\n|-heal|p2a: Gardevoir|88/100|[from] ability: Hospitality|[of] p2b: Sinistcha\n|turn|4\n|\n|t:|1775992037\n|move|p1a: Aerodactyl|Wide Guard|p1a: Aerodactyl\n|-singleturn|p1a: Aerodactyl|Wide Guard\n|move|p2b: Sinistcha|Matcha Gotcha|p1b: Tyranitar|[spread] \n|-activate|p1a: Aerodactyl|move: Wide Guard\n|-activate|p1b: Tyranitar|move: Wide Guard\n|move|p2a: Gardevoir|Hyper Voice|p1a: Aerodactyl|[spread] \n|-activate|p1a: Aerodactyl|move: Wide Guard\n|-activate|p1b: Tyranitar|move: Wide Guard\n|move|p1b: Tyranitar|Knock Off|p2b: Sinistcha\n|-supereffective|p2b: Sinistcha|1\n|-damage|p2b: Sinistcha|18/100\n|-enditem|p2b: Sinistcha|Sitrus Berry|[from] move: Knock Off|[of] p1b: Tyranitar\n|\n|-weather|Sandstorm|[upkeep]\n|-damage|p2b: Sinistcha|12/100|[from] Sandstorm\n|-damage|p2a: Gardevoir|83/100|[from] Sandstorm\n|-sideend|p1: Chaotic1856|move: Tailwind\n|upkeep\n|turn|5\n|inactive|shadowofroserade04 has 30 seconds left.\n|\n|t:|1775992065\n|switch|p2b: Incineroar|Incineroar, L50, F|100/100\n|-ability|p2b: Incineroar|Intimidate|boost\n|-unboost|p1a: Aerodactyl|atk|1\n|-unboost|p1b: Tyranitar|atk|1\n|switch|p1a: Excadrill|Excadrill, L50, F, shiny|100/100\n|move|p1b: Tyranitar|Protect|p1b: Tyranitar\n|-singleturn|p1b: Tyranitar|Protect\n|move|p2a: Gardevoir|Protect||[still]\n|-fail|p2a: Gardevoir\n|\n|-weather|Sandstorm|[upkeep]\n|-damage|p2b: Incineroar|95/100|[from] Sandstorm\n|-damage|p2a: Gardevoir|77/100|[from] Sandstorm\n|-damage|p1a: Excadrill|94/100|[from] Sandstorm\n|upkeep\n|turn|6\n|\n|t:|1775992077\n|switch|p1b: Aerodactyl|Aerodactyl, L50, M|56/100\n|-ability|p1b: Aerodactyl|Unnerve\n|move|p1a: Excadrill|Protect|p1a: Excadrill\n|-singleturn|p1a: Excadrill|Protect\n|move|p2b: Incineroar|Fake Out|p1a: Excadrill\n|-activate|p1a: Excadrill|move: Protect\n|move|p2a: Gardevoir|Hyper Voice|p1a: Excadrill|[spread] p1b\n|-activate|p1a: Excadrill|move: Protect\n|-damage|p1b: Aerodactyl|9/100\n|\n|-weather|Sandstorm|[upkeep]\n|-damage|p2b: Incineroar|89/100|[from] Sandstorm\n|-damage|p2a: Gardevoir|71/100|[from] Sandstorm\n|-damage|p1a: Excadrill|88/100|[from] Sandstorm\n|-fieldend|move: Trick Room\n|upkeep\n|turn|7\n|inactive|shadowofroserade04 has 30 seconds left.\n|inactive|shadowofroserade04 has 20 seconds left.\n|inactive|shadowofroserade04 has 15 seconds left.\n|\n|t:|1775992122\n|switch|p2b: Sinistcha|Sinistcha, L50|12/100\n|-heal|p2a: Gardevoir|96/100|[from] ability: Hospitality|[of] p2b: Sinistcha\n|move|p2a: Gardevoir|Protect|p2a: Gardevoir\n|-singleturn|p2a: Gardevoir|Protect\n|move|p1b: Aerodactyl|Rock Slide|p2a: Gardevoir|[spread] p2b\n|-activate|p2a: Gardevoir|move: Protect\n|-crit|p2b: Sinistcha\n|-damage|p2b: Sinistcha|0 fnt\n|faint|p2b: Sinistcha\n|move|p1a: Excadrill|Shadow Ball|p2a: Gardevoir\n|-activate|p2a: Gardevoir|move: Protect\n|\n|-weather|none\n|upkeep\n|\n|t:|1775992131\n|switch|p2b: Incineroar|Incineroar, L50, F|89/100\n|-ability|p2b: Incineroar|Intimidate|boost\n|-unboost|p1a: Excadrill|atk|1\n|-unboost|p1b: Aerodactyl|atk|1\n|turn|8\n|\n|t:|1775992142\n|move|p2b: Incineroar|Fake Out|p1a: Excadrill\n|-immune|p1a: Excadrill\n|move|p1b: Aerodactyl|Rock Slide|p2a: Gardevoir|[spread] p2a,p2b\n|-crit|p2a: Gardevoir\n|-supereffective|p2b: Incineroar|1\n|-damage|p2a: Gardevoir|54/100\n|-damage|p2b: Incineroar|52/100\n|move|p1a: Excadrill|Shadow Ball|p2a: Gardevoir\n|-supereffective|p2a: Gardevoir|1\n|-damage|p2a: Gardevoir|0 fnt\n|faint|p2a: Gardevoir\n|\n|upkeep\n|turn|9\n|c|\u2606Chaotic1856|dude\n|c|\u2606shadowofroserade04|i am very dumb\n|-message|shadowofroserade04 forfeited.\n|\n|win|Chaotic1856\n|raw|Chaotic1856's rating: 1119 &rarr; <strong>1143</strong><br />(+24 for winning)\n|raw|shadowofroserade04's rating: 1107 &rarr; <strong>1083</strong><br />(-24 for losing)\n|l|\u2606shadowofroserade04\n|player|p2|\n",
  "uploadtime": 1775992194,
  "views": 18,
  "formatid": "gen9championsvgc2026regma",
  "rating": 1083,
  "private": 0,
  "password": null
}