{
  "id": "gen9championsvgc2026regma-2583089270",
  "format": "[Gen 9 Champions] VGC 2026 Reg M-A",
  "players": [
    "adrianpham",
    "caustic soda"
  ],
  "log": "|j|\u2606adrianpham\n|j|\u2606caustic soda\n|t:|1776140738\n|gametype|doubles\n|player|p1|adrianpham|twins-gen4dp|1164\n|player|p2|caustic soda|102|1094\n|gen|9\n|tier|[Gen 9 Champions] VGC 2026 Reg M-A\n|rated|\n|rule|Species Clause: Limit one of each Pok\u00e9mon\n|rule|Item Clause: Limit 1 of each item\n|clearpoke\n|poke|p1|Floette-Eternal, L50, F|\n|poke|p1|Sinistcha, L50|\n|poke|p1|Farigiraf, L50, M|\n|poke|p1|Whimsicott, L50, F|\n|poke|p1|Incineroar, L50, F|\n|poke|p1|Garchomp, L50, F|\n|poke|p2|Tyranitar, L50, M|\n|poke|p2|Excadrill, L50, M|\n|poke|p2|Garchomp, L50, F|\n|poke|p2|Aerodactyl, L50, F|\n|poke|p2|Gardevoir, L50, F|\n|poke|p2|Incineroar, L50, F|\n|teampreview|4\n|\n|t:|1776140782\n|teamsize|p1|4\n|teamsize|p2|4\n|start\n|switch|p1a: Farigiraf|Farigiraf, L50, M|100/100\n|switch|p1b: Incineroar|Incineroar, L50, F|100/100\n|switch|p2a: Excadrill|Excadrill, L50, M|100/100\n|switch|p2b: Incineroar|Incineroar, L50, F|100/100\n|-ability|p2b: Incineroar|Intimidate|boost\n|-unboost|p1a: Farigiraf|atk|1\n|-unboost|p1b: Incineroar|atk|1\n|-ability|p1b: Incineroar|Intimidate|boost\n|-unboost|p2a: Excadrill|atk|1\n|-unboost|p2b: Incineroar|atk|1\n|turn|1\n|\n|t:|1776140816\n|switch|p2a: Tyranitar|Tyranitar, L50, M|100/100\n|-weather|Sandstorm|[from] ability: Sand Stream|[of] p2a: Tyranitar\n|move|p2b: Incineroar|Darkest Lariat|p1a: Farigiraf\n|-supereffective|p1a: Farigiraf|1\n|-enditem|p1a: Farigiraf|Colbur Berry|[eat]\n|-enditem|p1a: Farigiraf|Colbur Berry|[weaken]\n|-damage|p1a: Farigiraf|78/100\n|move|p1b: Incineroar|Parting Shot|p2b: Incineroar\n|-unboost|p2b: Incineroar|atk|1\n|-unboost|p2b: Incineroar|spa|1\n|\n|t:|1776140835\n|switch|p1b: Floette|Floette-Eternal, L50, F|100/100|[from] Parting Shot\n|move|p1a: Farigiraf|Trick Room|p1a: Farigiraf\n|-fieldstart|move: Trick Room|[of] p1a: Farigiraf\n|\n|-weather|Sandstorm|[upkeep]\n|-damage|p1a: Farigiraf|71/100|[from] Sandstorm\n|-damage|p2b: Incineroar|95/100|[from] Sandstorm\n|-damage|p1b: Floette|94/100|[from] Sandstorm\n|upkeep\n|turn|2\n|\n|t:|1776140855\n|detailschange|p1b: Floette|Floette-Mega, L50, F\n|-mega|p1b: Floette|Floette|Floettite\n|-ability|p1b: Floette|Fairy Aura\n|move|p2a: Tyranitar|Protect|p2a: Tyranitar\n|-singleturn|p2a: Tyranitar|Protect\n|move|p1a: Farigiraf|Foul Play|p2a: Tyranitar\n|-activate|p2a: Tyranitar|move: Protect\n|move|p2b: Incineroar|Parting Shot|p1b: Floette\n|-unboost|p1b: Floette|atk|1\n|-unboost|p1b: Floette|spa|1\n|\n|t:|1776140874\n|switch|p2b: Excadrill|Excadrill, L50, M|100/100|[from] Parting Shot\n|move|p1b: Floette|Calm Mind|p1b: Floette\n|-boost|p1b: Floette|spa|1\n|-boost|p1b: Floette|spd|1\n|\n|-weather|Sandstorm|[upkeep]\n|-damage|p1a: Farigiraf|65/100|[from] Sandstorm\n|-damage|p1b: Floette|88/100|[from] Sandstorm\n|upkeep\n|turn|3\n|\n|t:|1776140899\n|switch|p1a: Incineroar|Incineroar, L50, F|100/100\n|-ability|p1a: Incineroar|Intimidate|boost\n|-unboost|p2a: Tyranitar|atk|1\n|-unboost|p2b: Excadrill|atk|1\n|switch|p2a: Incineroar|Incineroar, L50, F|95/100\n|-ability|p2a: Incineroar|Intimidate|boost\n|-unboost|p1a: Incineroar|atk|1\n|-unboost|p1b: Floette|atk|1\n|move|p2b: Excadrill|Protect|p2b: Excadrill\n|-singleturn|p2b: Excadrill|Protect\n|move|p1b: Floette|Moonblast|p2a: Incineroar\n|-damage|p2a: Incineroar|12/100\n|-enditem|p2a: Incineroar|Sitrus Berry|[eat]\n|-heal|p2a: Incineroar|37/100|[from] item: Sitrus Berry\n|\n|-weather|Sandstorm|[upkeep]\n|-damage|p1a: Incineroar|95/100|[from] Sandstorm\n|-damage|p2a: Incineroar|31/100|[from] Sandstorm\n|-damage|p1b: Floette|82/100|[from] Sandstorm\n|upkeep\n|turn|4\n|\n|t:|1776140940\n|switch|p2b: Tyranitar|Tyranitar, L50, M|100/100\n|move|p1b: Floette|Protect|p1b: Floette\n|-singleturn|p1b: Floette|Protect\n|move|p1a: Incineroar|Flare Blitz|p2b: Tyranitar\n|-resisted|p2b: Tyranitar|1\n|-damage|p2b: Tyranitar|88/100\n|-damage|p1a: Incineroar|91/100|[from] Recoil\n|move|p2a: Incineroar|Parting Shot|p1b: Floette\n|-activate|p1b: Floette|move: Protect\n|\n|-weather|Sandstorm|[upkeep]\n|-damage|p1a: Incineroar|85/100|[from] Sandstorm\n|-damage|p2a: Incineroar|25/100|[from] Sandstorm\n|-damage|p1b: Floette|76/100|[from] Sandstorm\n|upkeep\n|turn|5\n|\n|t:|1776140958\n|move|p1a: Incineroar|Throat Chop|p2a: Incineroar\n|-resisted|p2a: Incineroar|1\n|-damage|p2a: Incineroar|18/100\n|-start|p2a: Incineroar|Throat Chop|[silent]\n|cant|p2a: Incineroar|move: Throat Chop\n|move|p2b: Tyranitar|Rock Slide|p1a: Incineroar|[spread] p1a,p1b\n|-supereffective|p1a: Incineroar|1\n|-damage|p1a: Incineroar|31/100\n|-damage|p1b: Floette|42/100\n|-enditem|p1a: Incineroar|Sitrus Berry|[eat]\n|-heal|p1a: Incineroar|56/100|[from] item: Sitrus Berry\n|move|p1b: Floette|Moonblast|p2b: Tyranitar\n|-supereffective|p2b: Tyranitar|1\n|-damage|p2b: Tyranitar|0 fnt\n|faint|p2b: Tyranitar\n|\n|-weather|none\n|-fieldend|move: Trick Room\n|upkeep\n|\n|t:|1776140967\n|switch|p2b: Excadrill|Excadrill, L50, M|100/100\n|turn|6\n|\n|t:|1776140980\n|switch|p2a: Gardevoir|Gardevoir, L50, F|100/100\n|switch|p1a: Sinistcha|Sinistcha, L50|100/100\n|-heal|p1b: Floette|67/100|[from] ability: Hospitality|[of] p1a: Sinistcha\n|move|p1b: Floette|Protect|p1b: Floette\n|-singleturn|p1b: Floette|Protect\n|move|p2b: Excadrill|Earthquake|p1b: Floette|[spread] p1a\n|-activate|p1b: Floette|move: Protect\n|-activate|p2a: Gardevoir|ability: Telepathy\n|-resisted|p1a: Sinistcha|1\n|-damage|p1a: Sinistcha|86/100\n|\n|upkeep\n|turn|7\n|\n|t:|1776141010\n|switch|p1b: Incineroar|Incineroar, L50, F|56/100\n|-ability|p1b: Incineroar|Intimidate|boost\n|-unboost|p2a: Gardevoir|atk|1\n|-unboost|p2b: Excadrill|atk|1\n|detailschange|p2a: Gardevoir|Gardevoir-Mega, L50, F\n|-mega|p2a: Gardevoir|Gardevoir|Gardevoirite\n|move|p2a: Gardevoir|Hyper Voice|p1b: Incineroar|[spread] p1a,p1b\n|-damage|p1a: Sinistcha|29/100\n|-damage|p1b: Incineroar|20/100\n|move|p2b: Excadrill|Iron Head|p1b: Incineroar\n|-resisted|p1b: Incineroar|1\n|-damage|p1b: Incineroar|4/100\n|move|p1a: Sinistcha|Trick Room|p1a: Sinistcha\n|-fieldstart|move: Trick Room|[of] p1a: Sinistcha\n|\n|upkeep\n|turn|8\n|\n|t:|1776141039\n|move|p2a: Gardevoir|Protect|p2a: Gardevoir\n|-singleturn|p2a: Gardevoir|Protect\n|move|p1b: Incineroar|Throat Chop|p2a: Gardevoir\n|-activate|p2a: Gardevoir|move: Protect\n|move|p1a: Sinistcha|Matcha Gotcha|p2b: Excadrill|[spread] p2b\n|-activate|p2a: Gardevoir|move: Protect\n|-damage|p2b: Excadrill|68/100\n|-heal|p1a: Sinistcha|46/100|[from] drain|[of] p2b: Excadrill\n|move|p2b: Excadrill|Earthquake|p1a: Sinistcha|[spread] p1a,p1b\n|-activate|p2a: Gardevoir|move: Protect\n|-resisted|p1a: Sinistcha|1\n|-supereffective|p1b: Incineroar|1\n|-damage|p1a: Sinistcha|36/100\n|-damage|p1b: Incineroar|0 fnt\n|faint|p1b: Incineroar\n|\n|upkeep\n|\n|t:|1776141050\n|switch|p1b: Floette|Floette-Mega, L50, F|67/100\n|-ability|p1b: Floette|Fairy Aura\n|turn|9\n|\n|t:|1776141079\n|switch|p2b: Incineroar|Incineroar, L50, F|18/100\n|-ability|p2b: Incineroar|Intimidate|boost\n|-unboost|p1a: Sinistcha|atk|1\n|-unboost|p1b: Floette|atk|1\n|move|p1a: Sinistcha|Matcha Gotcha|p2a: Gardevoir|[spread] p2a,p2b\n|-resisted|p2b: Incineroar|1\n|-damage|p2a: Gardevoir|77/100\n|-heal|p1a: Sinistcha|46/100|[from] drain|[of] p2a: Gardevoir\n|-damage|p2b: Incineroar|6/100\n|-heal|p1a: Sinistcha|53/100|[from] drain|[of] p2b: Incineroar\n|move|p1b: Floette|Moonblast|p2b: Incineroar\n|-damage|p2b: Incineroar|0 fnt\n|faint|p2b: Incineroar\n|move|p2a: Gardevoir|Hyper Voice|p1b: Floette|[spread] p1a,p1b\n|-damage|p1a: Sinistcha|0 fnt\n|-damage|p1b: Floette|20/100\n|faint|p1a: Sinistcha\n|\n|upkeep\n|\n|t:|1776141099\n|switch|p1a: Farigiraf|Farigiraf, L50, M|65/100\n|switch|p2b: Excadrill|Excadrill, L50, M|68/100\n|turn|10\n|\n|t:|1776141117\n|move|p1a: Farigiraf|Foul Play|p2b: Excadrill\n|-damage|p2b: Excadrill|14/100\n|move|p1b: Floette|Dazzling Gleam|p2a: Gardevoir|[spread] p2a,p2b\n|-resisted|p2b: Excadrill|1\n|-damage|p2a: Gardevoir|24/100\n|-damage|p2b: Excadrill|0 fnt\n|faint|p2b: Excadrill\n|move|p2a: Gardevoir|Hyper Voice|p1a: Farigiraf|[spread] p1a,p1b\n|-damage|p1a: Farigiraf|17/100\n|-damage|p1b: Floette|0 fnt\n|faint|p1b: Floette\n|\n|upkeep\n|turn|11\n|\n|t:|1776141127\n|move|p2a: Gardevoir|Protect|p2a: Gardevoir\n|-singleturn|p2a: Gardevoir|Protect\n|move|p1a: Farigiraf|Foul Play|p2a: Gardevoir\n|-activate|p2a: Gardevoir|move: Protect\n|\n|-fieldend|move: Trick Room\n|upkeep\n|turn|12\n|-message|adrianpham forfeited.\n|\n|win|caustic soda\n|raw|adrianpham's rating: 1164 &rarr; <strong>1134</strong><br />(-30 for losing)\n|raw|caustic soda's rating: 1094 &rarr; <strong>1125</strong><br />(+31 for winning)\n|l|\u2606adrianpham\n|player|p1|\n|l|\u2606caustic soda\n|player|p2|\n|j|\u2606caustic soda\n|player|p2|caustic soda|102|\n",
  "uploadtime": 1776141166,
  "views": 23,
  "formatid": "gen9championsvgc2026regma",
  "rating": 1125,
  "private": 0,
  "password": null
}