{
  "id": "gen9championsvgc2026regma-2582793414",
  "format": "[Gen 9 Champions] VGC 2026 Reg M-A",
  "players": [
    "Carminefiniarel",
    "amongdripgoku"
  ],
  "log": "|j|\u2606Carminefiniarel\n|j|\u2606amongdripgoku\n|t:|1776114567\n|gametype|doubles\n|player|p1|Carminefiniarel|266|1156\n|player|p2|amongdripgoku|169|1209\n|gen|9\n|tier|[Gen 9 Champions] VGC 2026 Reg M-A\n|rated|\n|rule|Species Clause: Limit one of each Pok\u00e9mon\n|rule|Item Clause: Limit 1 of each item\n|clearpoke\n|poke|p1|Kommo-o, L50, M|\n|poke|p1|Incineroar, L50, M|\n|poke|p1|Sinistcha, L50|\n|poke|p1|Primarina, L50, M|\n|poke|p1|Tyranitar, L50, M|\n|poke|p1|Floette-Eternal, L50, F|\n|poke|p2|Charizard, L50, M|\n|poke|p2|Venusaur, L50, M|\n|poke|p2|Garchomp, L50, F|\n|poke|p2|Rotom-Wash, L50|\n|poke|p2|Sneasler, L50, F|\n|poke|p2|Incineroar, L50, F|\n|teampreview|4\n|inactive|Battle timer is ON: inactive players will automatically lose when time's up. (requested by Carminefiniarel)\n|\n|t:|1776114608\n|teamsize|p1|4\n|teamsize|p2|4\n|start\n|switch|p1a: Kommo-o|Kommo-o, L50, M|100/100\n|switch|p1b: Incineroar|Incineroar, L50, M|100/100\n|switch|p2a: Garchomp|Garchomp, L50, F|100/100\n|switch|p2b: Sneasler|Sneasler, L50, F|100/100\n|-ability|p1b: Incineroar|Intimidate|boost\n|-unboost|p2a: Garchomp|atk|1\n|-unboost|p2b: Sneasler|atk|1\n|-enditem|p2b: Sneasler|White Herb\n|-clearnegativeboost|p2b: Sneasler|[silent]\n|turn|1\n|inactive|Carminefiniarel has 30 seconds left.\n|inactive|amongdripgoku has 30 seconds left.\n|\n|t:|1776114640\n|move|p1a: Kommo-o|Protect|p1a: Kommo-o\n|-singleturn|p1a: Kommo-o|Protect\n|move|p2b: Sneasler|Close Combat|p1b: Incineroar\n|-supereffective|p1b: Incineroar|1\n|-damage|p1b: Incineroar|0 fnt\n|-unboost|p2b: Sneasler|def|1\n|-unboost|p2b: Sneasler|spd|1\n|faint|p1b: Incineroar\n|move|p2a: Garchomp|Dragon Claw|p1a: Kommo-o\n|-activate|p1a: Kommo-o|move: Protect\n|\n|upkeep\n|\n|t:|1776114650\n|switch|p1b: Sinistcha|Sinistcha, L50|100/100\n|turn|2\n|\n|t:|1776114662\n|switch|p2b: Rotom|Rotom-Wash, L50|100/100\n|move|p1b: Sinistcha|Rage Powder|p1b: Sinistcha\n|-singleturn|p1b: Sinistcha|move: Rage Powder\n|move|p2a: Garchomp|Dragon Claw|p1b: Sinistcha\n|-damage|p1b: Sinistcha|74/100\n|move|p1a: Kommo-o|Clangorous Soul|p1a: Kommo-o\n|-boost|p1a: Kommo-o|atk|1\n|-boost|p1a: Kommo-o|def|1\n|-boost|p1a: Kommo-o|spa|1\n|-boost|p1a: Kommo-o|spd|1\n|-boost|p1a: Kommo-o|spe|1\n|-damage|p1a: Kommo-o|68/100\n|\n|-heal|p1a: Kommo-o|74/100|[from] item: Leftovers\n|upkeep\n|turn|3\n|\n|t:|1776114686\n|switch|p2a: Sneasler|Sneasler, L50, F|100/100\n|move|p1b: Sinistcha|Rage Powder|p1b: Sinistcha\n|-singleturn|p1b: Sinistcha|move: Rage Powder\n|move|p1a: Kommo-o|Clanging Scales|p2a: Sneasler|[spread] p2a,p2b\n|-damage|p2a: Sneasler|39/100\n|-damage|p2b: Rotom|54/100\n|-unboost|p1a: Kommo-o|def|1\n|move|p2b: Rotom|Will-O-Wisp|p1b: Sinistcha\n|-status|p1b: Sinistcha|brn\n|\n|-heal|p1a: Kommo-o|80/100|[from] item: Leftovers\n|-heal|p2b: Rotom|60/100|[from] item: Leftovers\n|-damage|p1b: Sinistcha|67/100 brn|[from] brn\n|upkeep\n|turn|4\n|\n|t:|1776114697\n|switch|p2b: Charizard|Charizard, L50, M|100/100\n|move|p2a: Sneasler|Fake Out|p1a: Kommo-o\n|-damage|p1a: Kommo-o|69/100\n|move|p1b: Sinistcha|Rage Powder|p1b: Sinistcha\n|-singleturn|p1b: Sinistcha|move: Rage Powder\n|cant|p1a: Kommo-o|flinch\n|\n|-heal|p1a: Kommo-o|75/100|[from] item: Leftovers\n|-damage|p1b: Sinistcha|61/100 brn|[from] brn\n|upkeep\n|turn|5\n|\n|t:|1776114712\n|switch|p2a: Rotom|Rotom-Wash, L50|60/100\n|detailschange|p2b: Charizard|Charizard-Mega-Y, L50, M\n|-mega|p2b: Charizard|Charizard|Charizardite Y\n|-weather|SunnyDay|[from] ability: Drought|[of] p2b: Charizard\n|move|p1b: Sinistcha|Rage Powder|p1b: Sinistcha\n|-singleturn|p1b: Sinistcha|move: Rage Powder\n|move|p1a: Kommo-o|Clanging Scales|p2a: Rotom|[spread] p2a,p2b\n|-damage|p2a: Rotom|18/100\n|-damage|p2b: Charizard|60/100\n|-unboost|p1a: Kommo-o|def|1\n|move|p2b: Charizard|Heat Wave|p1a: Kommo-o|[spread] p1a,p1b\n|-resisted|p1a: Kommo-o|1\n|-supereffective|p1b: Sinistcha|1\n|-damage|p1a: Kommo-o|56/100\n|-damage|p1b: Sinistcha|0 fnt\n|faint|p1b: Sinistcha\n|\n|-weather|SunnyDay|[upkeep]\n|-heal|p1a: Kommo-o|62/100|[from] item: Leftovers\n|-heal|p2a: Rotom|23/100|[from] item: Leftovers\n|upkeep\n|\n|t:|1776114724\n|switch|p1b: Tyranitar|Tyranitar, L50, M|100/100\n|-weather|Sandstorm|[from] ability: Sand Stream|[of] p1b: Tyranitar\n|turn|6\n|\n|t:|1776114745\n|switch|p2b: Sneasler|Sneasler, L50, F|39/100\n|move|p1a: Kommo-o|Clanging Scales|p2b: Sneasler|[spread] p2a,p2b\n|-damage|p2a: Rotom|0 fnt\n|-damage|p2b: Sneasler|0 fnt\n|faint|p2a: Rotom\n|faint|p2b: Sneasler\n|-unboost|p1a: Kommo-o|def|1\n|move|p1b: Tyranitar|High Horsepower|p2: Rotom|[notarget]\n|-fail|p1b: Tyranitar\n|\n|-weather|Sandstorm|[upkeep]\n|-damage|p1a: Kommo-o|56/100|[from] Sandstorm\n|-heal|p1a: Kommo-o|62/100|[from] item: Leftovers\n|upkeep\n|\n|t:|1776114754\n|switch|p2b: Garchomp|Garchomp, L50, F|100/100\n|switch|p2a: Charizard|Charizard-Mega-Y, L50, M|60/100\n|-weather|SunnyDay|[from] ability: Drought|[of] p2a: Charizard\n|turn|7\n|\n|t:|1776114761\n|move|p2b: Garchomp|Dragon Claw|p1a: Kommo-o\n|-supereffective|p1a: Kommo-o|1\n|-damage|p1a: Kommo-o|0 fnt\n|faint|p1a: Kommo-o\n|move|p1b: Tyranitar|High Horsepower|p2b: Garchomp|[miss]\n|-miss|p1b: Tyranitar|p2b: Garchomp\n|move|p2a: Charizard|Solar Beam||[still]\n|-prepare|p2a: Charizard|Solar Beam\n|-anim|p2a: Charizard|Solar Beam|p1b: Tyranitar\n|-supereffective|p1b: Tyranitar|1\n|-damage|p1b: Tyranitar|0 fnt\n|faint|p1b: Tyranitar\n|\n|win|amongdripgoku\n|raw|Carminefiniarel's rating: 1156 &rarr; <strong>1135</strong><br />(-21 for losing)\n|raw|amongdripgoku's rating: 1209 &rarr; <strong>1230</strong><br />(+21 for winning)\n",
  "uploadtime": 1776114761,
  "views": 14,
  "formatid": "gen9championsvgc2026regma",
  "rating": 1135,
  "private": 0,
  "password": null
}