{
  "id": "gen9championsvgc2026regma-2585997435",
  "format": "[Gen 9 Champions] VGC 2026 Reg M-A",
  "players": [
    "SandwichEnjoyerr",
    "HighasaMantyke"
  ],
  "log": "|j|\u2606SandwichEnjoyerr\n|j|\u2606HighasaMantyke\n|t:|1776388766\n|gametype|doubles\n|player|p1|SandwichEnjoyerr|shadowtriad|1187\n|player|p2|HighasaMantyke|drayton|1158\n|gen|9\n|tier|[Gen 9 Champions] VGC 2026 Reg M-A\n|rated|\n|rule|Species Clause: Limit one of each Pok\u00e9mon\n|rule|Item Clause: Limit 1 of each item\n|clearpoke\n|poke|p1|Golurk, L50|\n|poke|p1|Farigiraf, L50, M|\n|poke|p1|Incineroar, L50, M|\n|poke|p1|Torkoal, L50, M|\n|poke|p1|Venusaur, L50, M|\n|poke|p1|Sneasler, L50, F|\n|poke|p2|Meganium, L50, M|\n|poke|p2|Talonflame, L50, F|\n|poke|p2|Sinistcha, L50|\n|poke|p2|Politoed, L50, M|\n|poke|p2|Basculegion-F, L50, F|\n|poke|p2|Garchomp, L50, M|\n|teampreview|4\n|inactive|Battle timer is ON: inactive players will automatically lose when time's up. (requested by HighasaMantyke)\n|inactive|SandwichEnjoyerr has 60 seconds left.\n|inactive|HighasaMantyke has 60 seconds left.\n|inactive|SandwichEnjoyerr has 30 seconds left.\n|\n|t:|1776388831\n|teamsize|p1|4\n|teamsize|p2|4\n|start\n|switch|p1a: Golurk|Golurk, L50, shiny|100/100\n|switch|p1b: Farigiraf|Farigiraf, L50, M, shiny|100/100\n|switch|p2a: Sinistcha|Sinistcha, L50|100/100\n|switch|p2b: Meganium|Meganium, L50, M|100/100\n|turn|1\n|\n|t:|1776388849\n|detailschange|p2b: Meganium|Meganium-Mega, L50, M\n|-mega|p2b: Meganium|Meganium|Meganiumite\n|move|p1a: Golurk|Protect|p1a: Golurk\n|-singleturn|p1a: Golurk|Protect\n|move|p2b: Meganium|Solar Beam||[still]\n|-prepare|p2b: Meganium|Solar Beam\n|-activate|p2b: Meganium|ability: Mega Sol\n|-anim|p2b: Meganium|Solar Beam|p1a: Golurk\n|-activate|p1a: Golurk|move: Protect\n|move|p2a: Sinistcha|Trick Room|p2a: Sinistcha\n|-fieldstart|move: Trick Room|[of] p2a: Sinistcha\n|move|p1b: Farigiraf|Trick Room|p1b: Farigiraf\n|-fieldend|move: Trick Room\n|\n|upkeep\n|turn|2\n|inactive|SandwichEnjoyerr has 30 seconds left.\n|\n|t:|1776388880\n|switch|p1a: Incineroar|Incineroar, L50, M|100/100\n|-ability|p1a: Incineroar|Intimidate|boost\n|-unboost|p2a: Sinistcha|atk|1\n|-unboost|p2b: Meganium|atk|1\n|move|p2a: Sinistcha|Matcha Gotcha|p1a: Incineroar|[spread] p1a\n|-miss|p2a: Sinistcha|p1b: Farigiraf\n|-resisted|p1a: Incineroar|1\n|-damage|p1a: Incineroar|90/100\n|move|p2b: Meganium|Solar Beam||[still]\n|-prepare|p2b: Meganium|Solar Beam\n|-activate|p2b: Meganium|ability: Mega Sol\n|-anim|p2b: Meganium|Solar Beam|p1b: Farigiraf\n|-damage|p1b: Farigiraf|32/100\n|move|p1b: Farigiraf|Psychic|p2a: Sinistcha\n|-damage|p2a: Sinistcha|61/100\n|\n|upkeep\n|turn|3\n|inactive|SandwichEnjoyerr has 30 seconds left.\n|inactive|SandwichEnjoyerr has 20 seconds left.\n|inactive|SandwichEnjoyerr has 15 seconds left.\n|inactive|SandwichEnjoyerr has 10 seconds left.\n|inactive|HighasaMantyke has 30 seconds left.\n|\n|t:|1776388931\n|move|p2a: Sinistcha|Matcha Gotcha|p1b: Farigiraf|[spread] p1a,p1b\n|-resisted|p1a: Incineroar|1\n|-damage|p1a: Incineroar|78/100\n|-heal|p2a: Sinistcha|68/100|[from] drain|[of] p1a: Incineroar\n|-damage|p1b: Farigiraf|6/100\n|-heal|p2a: Sinistcha|84/100|[from] drain|[of] p1b: Farigiraf\n|move|p2b: Meganium|Earth Power|p1a: Incineroar\n|-supereffective|p1a: Incineroar|1\n|-enditem|p1a: Incineroar|Shuca Berry|[eat]\n|-enditem|p1a: Incineroar|Shuca Berry|[weaken]\n|-damage|p1a: Incineroar|45/100\n|move|p1a: Incineroar|Flare Blitz|p2b: Meganium\n|-supereffective|p2b: Meganium|1\n|-damage|p2b: Meganium|20/100\n|-damage|p1a: Incineroar|20/100|[from] Recoil\n|move|p1b: Farigiraf|Psychic|p2a: Sinistcha\n|-damage|p2a: Sinistcha|44/100\n|\n|upkeep\n|turn|4\n|inactive|SandwichEnjoyerr has 30 seconds left.\n|inactive|HighasaMantyke has 30 seconds left.\n|\n|t:|1776388966\n|switch|p1a: Golurk|Golurk, L50, shiny|100/100\n|move|p2a: Sinistcha|Matcha Gotcha|p1a: Golurk|[spread] p1a,p1b\n|-supereffective|p1a: Golurk|1\n|-damage|p1a: Golurk|38/100\n|-heal|p2a: Sinistcha|77/100|[from] drain|[of] p1a: Golurk\n|-damage|p1b: Farigiraf|0 fnt\n|-heal|p2a: Sinistcha|81/100|[from] drain|[of] p1b: Farigiraf\n|faint|p1b: Farigiraf\n|move|p2b: Meganium|Earth Power|p1a: Golurk\n|-damage|p1a: Golurk|0 fnt\n|faint|p1a: Golurk\n|\n|upkeep\n|\n|t:|1776388976\n|switch|p1b: Incineroar|Incineroar, L50, M|20/100\n|switch|p1a: Sneasler|Sneasler, L50, F, shiny|100/100\n|-ability|p1b: Incineroar|Intimidate|boost\n|-unboost|p2a: Sinistcha|atk|1\n|-unboost|p2b: Meganium|atk|1\n|turn|5\n|inactive|SandwichEnjoyerr has 30 seconds left.\n|\n|t:|1776389003\n|move|p2b: Meganium|Protect|p2b: Meganium\n|-singleturn|p2b: Meganium|Protect\n|move|p1a: Sneasler|Fake Out|p2b: Meganium\n|-activate|p2b: Meganium|move: Protect\n|move|p1b: Incineroar|Flare Blitz|p2a: Sinistcha\n|-supereffective|p2a: Sinistcha|1\n|-damage|p2a: Sinistcha|0 fnt\n|faint|p2a: Sinistcha\n|-damage|p1b: Incineroar|0 fnt|[from] Recoil\n|faint|p1b: Incineroar\n|\n|upkeep\n|\n|t:|1776389013\n|switch|p2a: Garchomp|Garchomp, L50, M|100/100\n|turn|6\n|\n|t:|1776389027\n|move|p1a: Sneasler|Dire Claw|p2b: Meganium\n|-supereffective|p2b: Meganium|2\n|-damage|p2b: Meganium|0 fnt\n|faint|p2b: Meganium\n|move|p2a: Garchomp|Earthquake|p1a: Sneasler\n|-supereffective|p1a: Sneasler|1\n|-damage|p1a: Sneasler|0 fnt\n|faint|p1a: Sneasler\n|\n|win|HighasaMantyke\n|raw|SandwichEnjoyerr's rating: 1187 &rarr; <strong>1160</strong><br />(-27 for losing)\n|raw|HighasaMantyke's rating: 1158 &rarr; <strong>1185</strong><br />(+27 for winning)\n|c|\u2606HighasaMantyke|ggwp\n|c|\u2606SandwichEnjoyerr|gs\n|l|\u2606SandwichEnjoyerr\n|player|p1|\n",
  "uploadtime": 1776389040,
  "views": 19,
  "formatid": "gen9championsvgc2026regma",
  "rating": 1160,
  "private": 0,
  "password": null
}