{
  "id": "gen9championsvgc2026regma-2580663512",
  "format": "[Gen 9 Champions] VGC 2026 Reg M-A",
  "players": [
    "azelflux",
    "saadeyy"
  ],
  "log": "|j|\u203dazelflux\n|j|\u2606saadeyy\n|t:|1775922392\n|gametype|doubles\n|player|p1|azelflux|n|1065\n|player|p2|saadeyy|hilbert|1027\n|gen|9\n|tier|[Gen 9 Champions] VGC 2026 Reg M-A\n|rated|\n|rule|Species Clause: Limit one of each Pok\u00e9mon\n|rule|Item Clause: Limit 1 of each item\n|clearpoke\n|poke|p1|Meganium, L50, F|\n|poke|p1|Farigiraf, L50, F|\n|poke|p1|Pelipper, L50, F|\n|poke|p1|Basculegion-F, L50, F|\n|poke|p1|Excadrill, L50, F|\n|poke|p1|Raichu, L50, M|\n|poke|p2|Charizard, L50, M|\n|poke|p2|Incineroar, L50, F|\n|poke|p2|Garchomp, L50, F|\n|poke|p2|Rotom-Wash, L50|\n|poke|p2|Sinistcha, L50|\n|poke|p2|Gallade, L50, M|\n|teampreview|4\n|inactive|Battle timer is ON: inactive players will automatically lose when time's up. (requested by saadeyy)\n|inactive|saadeyy has 60 seconds left.\n|inactive|saadeyy has 30 seconds left.\nazelflux rejected open team sheets.\n|inactive|saadeyy has 20 seconds left.\n|inactive|saadeyy has 15 seconds left.\n|inactive|saadeyy has 10 seconds left.\n|inactive|saadeyy has 5 seconds left.\n|\n|t:|1775922478\n|teamsize|p1|4\n|teamsize|p2|4\n|start\n|switch|p1a: Farigiraf|Farigiraf, L50, F|100/100\n|switch|p1b: Excadrill|Excadrill, L50, F|100/100\n|switch|p2a: Incineroar|Incineroar, L50, F|100/100\n|switch|p2b: Rotom|Rotom-Wash, L50|100/100\n|-ability|p1b: Excadrill|Mold Breaker\n|-ability|p2a: Incineroar|Intimidate|boost\n|-unboost|p1a: Farigiraf|atk|1\n|-unboost|p1b: Excadrill|atk|1\n|turn|1\n|\n|t:|1775922494\n|switch|p1b: Meganium|Meganium, L50, F|100/100\n|move|p2b: Rotom|Hydro Pump|p1b: Meganium\n|-resisted|p1b: Meganium|1\n|-damage|p1b: Meganium|75/100\n|move|p2a: Incineroar|Darkest Lariat|p1a: Farigiraf\n|-supereffective|p1a: Farigiraf|1\n|-damage|p1a: Farigiraf|24/100\n|move|p1a: Farigiraf|Trick Room|p1a: Farigiraf\n|-fieldstart|move: Trick Room|[of] p1a: Farigiraf\n|\n|upkeep\n|turn|2\n|inactive|azelflux has 30 seconds left.\n|\n|t:|1775922520\n|switch|p1a: Pelipper|Pelipper, L50, F|100/100\n|-weather|RainDance|[from] ability: Drizzle|[of] p1a: Pelipper\n|switch|p2b: Garchomp|Garchomp, L50, F|100/100\n|detailschange|p1b: Meganium|Meganium-Mega, L50, F\n|-mega|p1b: Meganium|Meganium|Meganiumite\n|move|p2a: Incineroar|Darkest Lariat|p1a: Pelipper\n|-damage|p1a: Pelipper|58/100\n|move|p1b: Meganium|Earth Power|p2a: Incineroar\n|-supereffective|p2a: Incineroar|1\n|-damage|p2a: Incineroar|34/100\n|\n|-weather|RainDance|[upkeep]\n|upkeep\n|turn|3\n|inactive|saadeyy has 30 seconds left.\n|inactive|saadeyy has 20 seconds left.\n|\n|t:|1775922556\n|switch|p1b: Farigiraf|Farigiraf, L50, F|24/100\n|move|p2a: Incineroar|Parting Shot|p1b: Farigiraf\n|-unboost|p1b: Farigiraf|atk|1\n|-unboost|p1b: Farigiraf|spa|1\n|\n|t:|1775922562\n|switch|p2a: Rotom|Rotom-Wash, L50|100/100|[from] Parting Shot\n|move|p1a: Pelipper|Weather Ball|p2a: Rotom\n|-resisted|p2a: Rotom|1\n|-damage|p2a: Rotom|62/100\n|move|p2b: Garchomp|Iron Head|p1b: Farigiraf\n|-damage|p1b: Farigiraf|0 fnt\n|faint|p1b: Farigiraf\n|\n|-weather|RainDance|[upkeep]\n|upkeep\n|\n|t:|1775922573\n|switch|p1b: Meganium|Meganium-Mega, L50, F|75/100\n|turn|4\n|\n|t:|1775922591\n|move|p2b: Garchomp|Protect|p2b: Garchomp\n|-singleturn|p2b: Garchomp|Protect\n|move|p1b: Meganium|Solar Beam||[still]\n|-prepare|p1b: Meganium|Solar Beam\n|-activate|p1b: Meganium|ability: Mega Sol\n|-anim|p1b: Meganium|Solar Beam|p2a: Rotom\n|-supereffective|p2a: Rotom|1\n|-damage|p2a: Rotom|0 fnt\n|faint|p2a: Rotom\n|move|p1a: Pelipper|Weather Ball|p2b: Garchomp\n|-activate|p2b: Garchomp|move: Protect\n|\n|-weather|RainDance|[upkeep]\n|upkeep\n|\n|t:|1775922607\n|switch|p2a: Charizard|Charizard, L50, M|100/100\n|turn|5\n|inactive|azelflux has 30 seconds left.\n|inactive|azelflux has 20 seconds left.\n|inactive|azelflux has 15 seconds left.\n|\n|t:|1775922648\n|detailschange|p2a: Charizard|Charizard-Mega-Y, L50, M\n|-mega|p2a: Charizard|Charizard|Charizardite Y\n|-weather|SunnyDay|[from] ability: Drought|[of] p2a: Charizard\n|move|p2a: Charizard|Protect|p2a: Charizard\n|-singleturn|p2a: Charizard|Protect\n|move|p1b: Meganium|Dazzling Gleam|p2a: Charizard|[spread] p2b\n|-activate|p2a: Charizard|move: Protect\n|-supereffective|p2b: Garchomp|1\n|-enditem|p2b: Garchomp|Roseli Berry|[eat]\n|-enditem|p2b: Garchomp|Roseli Berry|[weaken]\n|-damage|p2b: Garchomp|60/100\n|move|p1a: Pelipper|Tailwind|p1a: Pelipper\n|-sidestart|p1: azelflux|move: Tailwind\n|move|p2b: Garchomp|Iron Head|p1b: Meganium\n|-supereffective|p1b: Meganium|1\n|-damage|p1b: Meganium|30/100\n|\n|-weather|SunnyDay|[upkeep]\n|-fieldend|move: Trick Room\n|upkeep\n|turn|6\n|inactive|azelflux has 30 seconds left.\n|inactive|saadeyy has 30 seconds left.\n|\n|t:|1775922676\n|switch|p1a: Excadrill|Excadrill, L50, F|100/100\n|-ability|p1a: Excadrill|Mold Breaker\n|move|p1b: Meganium|Dazzling Gleam|p2a: Charizard|[spread] p2a,p2b\n|-resisted|p2a: Charizard|1\n|-supereffective|p2b: Garchomp|1\n|-damage|p2a: Charizard|85/100\n|-damage|p2b: Garchomp|0 fnt\n|faint|p2b: Garchomp\n|move|p2a: Charizard|Weather Ball|p1b: Meganium\n|-supereffective|p1b: Meganium|1\n|-damage|p1b: Meganium|0 fnt\n|faint|p1b: Meganium\n|\n|-weather|SunnyDay|[upkeep]\n|upkeep\n|\n|t:|1775922689\n|switch|p2b: Incineroar|Incineroar, L50, F|34/100\n|switch|p1b: Pelipper|Pelipper, L50, F|58/100\n|-weather|RainDance|[from] ability: Drizzle|[of] p1b: Pelipper\n|-ability|p2b: Incineroar|Intimidate|boost\n|-unboost|p1a: Excadrill|atk|1\n|-unboost|p1b: Pelipper|atk|1\n|turn|7\n|\n|t:|1775922708\n|move|p2b: Incineroar|Fake Out|p1b: Pelipper\n|-damage|p1b: Pelipper|42/100\n|-enditem|p1b: Pelipper|Sitrus Berry|[eat]\n|-heal|p1b: Pelipper|67/100|[from] item: Sitrus Berry\n|move|p1a: Excadrill|Rock Slide|p2b: Incineroar|[spread] p2a,p2b\n|-supereffective|p2a: Charizard|2\n|-supereffective|p2b: Incineroar|1\n|-damage|p2a: Charizard|18/100\n|-damage|p2b: Incineroar|11/100\n|cant|p1b: Pelipper|flinch\n|move|p2a: Charizard|Weather Ball|p1a: Excadrill\n|-supereffective|p1a: Excadrill|1\n|-damage|p1a: Excadrill|0 fnt\n|faint|p1a: Excadrill\n|\n|-weather|RainDance|[upkeep]\n|upkeep\n|turn|8\n|inactive|saadeyy has 30 seconds left.\n|\n|t:|1775922734\n|move|p2a: Charizard|Protect|p2a: Charizard\n|-singleturn|p2a: Charizard|Protect\n|move|p1b: Pelipper|Weather Ball|p2b: Incineroar\n|-supereffective|p2b: Incineroar|1\n|-damage|p2b: Incineroar|0 fnt\n|faint|p2b: Incineroar\n|\n|-weather|RainDance|[upkeep]\n|-sideend|p1: azelflux|move: Tailwind\n|upkeep\n|turn|9\n|-message|saadeyy forfeited.\n|\n|win|azelflux\n|raw|azelflux's rating: 1065 &rarr; <strong>1092</strong><br />(+27 for winning)\n|raw|saadeyy's rating: 1027 &rarr; <strong>1014</strong><br />(-13 for losing)\n|l|\u2606saadeyy\n|player|p2|\n",
  "uploadtime": 1775922754,
  "views": 15,
  "formatid": "gen9championsvgc2026regma",
  "rating": 1014,
  "private": 0,
  "password": null
}