{
  "id": "gen9championsvgc2026regma-2586781648",
  "format": "[Gen 9 Champions] VGC 2026 Reg M-A",
  "players": [
    "Miau22cosas",
    "Yunobo7"
  ],
  "log": "|j|\u2606Miau22cosas\n|j|\u2606Yunobo7\n|t:|1776459431\n|gametype|doubles\n|player|p1|Miau22cosas|gentleman-gen4|1308\n|player|p2|Yunobo7|miku-ghost|1400\n|gen|9\n|tier|[Gen 9 Champions] VGC 2026 Reg M-A\n|rated|\n|rule|Species Clause: Limit one of each Pok\u00e9mon\n|rule|Item Clause: Limit 1 of each item\n|clearpoke\n|poke|p1|Starmie, L50|\n|poke|p1|Tsareena, L50, F|\n|poke|p1|Incineroar, L50, M|\n|poke|p1|Typhlosion-Hisui, L50, F|\n|poke|p1|Aerodactyl, L50, M|\n|poke|p1|Weavile, L50, M|\n|poke|p2|Venusaur, L50, F|\n|poke|p2|Milotic, L50, F|\n|poke|p2|Incineroar, L50, F|\n|poke|p2|Aegislash, L50, M|\n|poke|p2|Delphox, L50, F|\n|poke|p2|Sneasler, L50, M|\n|teampreview|4\n|inactive|Battle timer is ON: inactive players will automatically lose when time's up. (requested by Yunobo7)\n|inactive|Miau22cosas also wants the timer to be on.\n|inactive|Miau22cosas has 60 seconds left.\n|inactive|Yunobo7 has 60 seconds left.\n|\n|t:|1776459474\n|teamsize|p1|4\n|teamsize|p2|4\n|start\n|switch|p1a: Aerodactyl|Aerodactyl, L50, M|100/100\n|switch|p1b: Starmie|Starmie, L50|100/100\n|switch|p2a: Milotic|Milotic, L50, F|100/100\n|switch|p2b: Venusaur|Venusaur, L50, F|100/100\n|-ability|p1a: Aerodactyl|Unnerve\n|turn|1\n|\n|t:|1776459494\n|detailschange|p1b: Starmie|Starmie-Mega, L50\n|-mega|p1b: Starmie|Starmie|Starminite\n|detailschange|p2b: Venusaur|Venusaur-Mega, L50, F\n|-mega|p2b: Venusaur|Venusaur|Venusaurite\n|move|p2b: Venusaur|Protect|p2b: Venusaur\n|-singleturn|p2b: Venusaur|Protect\n|move|p1a: Aerodactyl|Rock Slide|p2a: Milotic|[spread] p2a\n|-activate|p2b: Venusaur|move: Protect\n|-damage|p2a: Milotic|77/100\n|move|p1b: Starmie|Psycho Cut|p2b: Venusaur\n|-activate|p2b: Venusaur|move: Protect\n|move|p2a: Milotic|Icy Wind|p1a: Aerodactyl|[spread] p1a,p1b\n|-supereffective|p1a: Aerodactyl|1\n|-resisted|p1b: Starmie|1\n|-damage|p1a: Aerodactyl|71/100\n|-damage|p1b: Starmie|93/100\n|-unboost|p1a: Aerodactyl|spe|1\n|-unboost|p1b: Starmie|spe|1\n|\n|-heal|p2a: Milotic|83/100|[from] item: Leftovers\n|upkeep\n|turn|2\n|\n|t:|1776459516\n|switch|p2b: Incineroar|Incineroar, L50, F|100/100\n|-ability|p2b: Incineroar|Intimidate|boost\n|-unboost|p1a: Aerodactyl|atk|1\n|-unboost|p1b: Starmie|atk|1\n|move|p1a: Aerodactyl|Tailwind|p1a: Aerodactyl\n|-sidestart|p1: Miau22cosas|move: Tailwind\n|move|p1b: Starmie|Psycho Cut|p2b: Incineroar\n|-immune|p2b: Incineroar\n|move|p2a: Milotic|Icy Wind|p1a: Aerodactyl|[spread] p1a,p1b\n|-supereffective|p1a: Aerodactyl|1\n|-resisted|p1b: Starmie|1\n|-damage|p1a: Aerodactyl|43/100\n|-damage|p1b: Starmie|86/100\n|-unboost|p1a: Aerodactyl|spe|1\n|-unboost|p1b: Starmie|spe|1\n|\n|-heal|p2a: Milotic|89/100|[from] item: Leftovers\n|upkeep\n|turn|3\n|inactive|Miau22cosas has 30 seconds left.\n|\n|t:|1776459545\n|switch|p1a: Tsareena|Tsareena, L50, F|100/100\n|switch|p2b: Venusaur|Venusaur-Mega, L50, F|100/100\n|move|p1b: Starmie|Flip Turn|p2b: Venusaur\n|-resisted|p2b: Venusaur|1\n|-damage|p2b: Venusaur|85/100\n|\n|t:|1776459553\n|switch|p1b: Aerodactyl|Aerodactyl, L50, M|43/100|[from] Flip Turn\n|-ability|p1b: Aerodactyl|Unnerve\n|move|p2a: Milotic|Scald|p1a: Tsareena\n|-resisted|p1a: Tsareena|1\n|-damage|p1a: Tsareena|82/100\n|\n|-heal|p2a: Milotic|95/100|[from] item: Leftovers\n|upkeep\n|turn|4\n|\n|t:|1776459570\n|switch|p2a: Incineroar|Incineroar, L50, F|100/100\n|-ability|p2a: Incineroar|Intimidate|boost\n|-unboost|p1a: Tsareena|atk|1\n|-unboost|p1b: Aerodactyl|atk|1\n|move|p1b: Aerodactyl|Dual Wingbeat|p2b: Venusaur\n|-supereffective|p2b: Venusaur|1\n|-damage|p2b: Venusaur|66/100\n|-supereffective|p2b: Venusaur|1\n|-damage|p2b: Venusaur|46/100\n|-hitcount|p2b: Venusaur|2\n|move|p1a: Tsareena|Trop Kick|p2a: Incineroar\n|-resisted|p2a: Incineroar|1\n|-damage|p2a: Incineroar|89/100\n|-unboost|p2a: Incineroar|atk|1\n|move|p2b: Venusaur|Giga Drain|p1b: Aerodactyl\n|-damage|p1b: Aerodactyl|0 fnt\n|-heal|p2b: Venusaur|65/100|[from] drain|[of] p1b: Aerodactyl\n|faint|p1b: Aerodactyl\n|\n|upkeep\n|\n|t:|1776459594\n|switch|p1b: Starmie|Starmie-Mega, L50|86/100\n|turn|5\n|\n|t:|1776459613\n|switch|p1a: Incineroar|Incineroar, L50, M|100/100\n|-ability|p1a: Incineroar|Intimidate|boost\n|-unboost|p2a: Incineroar|atk|1\n|-unboost|p2b: Venusaur|atk|1\n|switch|p2a: Milotic|Milotic, L50, F|95/100\n|move|p2b: Venusaur|Protect|p2b: Venusaur\n|-singleturn|p2b: Venusaur|Protect\n|move|p1b: Starmie|Psycho Cut|p2b: Venusaur\n|-activate|p2b: Venusaur|move: Protect\n|\n|-heal|p2a: Milotic|100/100|[from] item: Leftovers\n|-sideend|p1: Miau22cosas|move: Tailwind\n|upkeep\n|turn|6\n|inactive|Miau22cosas has 30 seconds left.\n|\n|t:|1776459641\n|switch|p2b: Incineroar|Incineroar, L50, F|89/100\n|-ability|p2b: Incineroar|Intimidate|boost\n|-unboost|p1a: Incineroar|atk|1\n|-unboost|p1b: Starmie|atk|1\n|move|p1a: Incineroar|Fake Out|p2a: Milotic\n|-damage|p2a: Milotic|94/100\n|move|p1b: Starmie|Flip Turn|p2b: Incineroar\n|-supereffective|p2b: Incineroar|1\n|-damage|p2b: Incineroar|23/100\n|-enditem|p2b: Incineroar|Sitrus Berry|[eat]\n|-heal|p2b: Incineroar|48/100|[from] item: Sitrus Berry\n|\n|t:|1776459651\n|switch|p1b: Tsareena|Tsareena, L50, F|82/100|[from] Flip Turn\n|cant|p2a: Milotic|flinch\n|\n|-heal|p2a: Milotic|99/100|[from] item: Leftovers\n|upkeep\n|turn|7\n|inactive|Miau22cosas has 30 seconds left.\n|\n|t:|1776459678\n|switch|p2a: Venusaur|Venusaur-Mega, L50, F|65/100\n|move|p1b: Tsareena|Trop Kick|p2a: Venusaur\n|-resisted|p2a: Venusaur|2\n|-damage|p2a: Venusaur|57/100\n|-unboost|p2a: Venusaur|atk|1\n|move|p2b: Incineroar|Parting Shot|p1b: Tsareena\n|-unboost|p1b: Tsareena|atk|1\n|-unboost|p1b: Tsareena|spa|1\n|\n|t:|1776459688\n|switch|p2b: Sneasler|Sneasler, L50, M|100/100|[from] Parting Shot\n|move|p1a: Incineroar|Parting Shot|p2b: Sneasler\n|-unboost|p2b: Sneasler|atk|1\n|-unboost|p2b: Sneasler|spa|1\n|\n|t:|1776459692\n|switch|p1a: Starmie|Starmie-Mega, L50|86/100|[from] Parting Shot\n|-enditem|p2b: Sneasler|White Herb\n|-clearnegativeboost|p2b: Sneasler|[silent]\n|\n|upkeep\n|turn|8\n|inactive|Miau22cosas has 30 seconds left.\n|\n|t:|1776459724\n|switch|p1b: Incineroar|Incineroar, L50, M|100/100\n|-ability|p1b: Incineroar|Intimidate|boost\n|-unboost|p2a: Venusaur|atk|1\n|-unboost|p2b: Sneasler|atk|1\n|move|p2b: Sneasler|Dire Claw|p1a: Starmie\n|-damage|p1a: Starmie|52/100\n|move|p1a: Starmie|Psycho Cut|p2b: Sneasler\n|-supereffective|p2b: Sneasler|2\n|-damage|p2b: Sneasler|0 fnt\n|faint|p2b: Sneasler\n|move|p2a: Venusaur|Giga Drain|p1a: Starmie\n|-supereffective|p1a: Starmie|1\n|-damage|p1a: Starmie|0 fnt\n|-heal|p2a: Venusaur|76/100|[from] drain|[of] p1a: Starmie\n|faint|p1a: Starmie\n|\n|upkeep\n|\n|t:|1776459734\n|switch|p2b: Incineroar|Incineroar, L50, F|48/100\n|switch|p1a: Tsareena|Tsareena, L50, F|82/100\n|-ability|p2b: Incineroar|Intimidate|boost\n|-unboost|p1a: Tsareena|atk|1\n|-unboost|p1b: Incineroar|atk|1\n|turn|9\n|c|\u2606Yunobo7|Gg\n|\n|t:|1776459743\n|switch|p2b: Milotic|Milotic, L50, F|99/100\n|move|p2a: Venusaur|Protect|p2a: Venusaur\n|-singleturn|p2a: Venusaur|Protect\n|move|p1a: Tsareena|Trop Kick|p2b: Milotic\n|-supereffective|p2b: Milotic|1\n|-damage|p2b: Milotic|52/100\n|-unboost|p2b: Milotic|atk|1\n|-ability|p2b: Milotic|Competitive|boost\n|-boost|p2b: Milotic|spa|2\n|move|p1b: Incineroar|Flare Blitz|p2a: Venusaur\n|-activate|p2a: Venusaur|move: Protect\n|\n|-heal|p2b: Milotic|58/100|[from] item: Leftovers\n|upkeep\n|turn|10\n|c|\u2606Miau22cosas|GG\n|\n|t:|1776459768\n|move|p1a: Tsareena|Trop Kick|p2b: Milotic\n|-supereffective|p2b: Milotic|1\n|-damage|p2b: Milotic|11/100\n|-unboost|p2b: Milotic|atk|1\n|-ability|p2b: Milotic|Competitive|boost\n|-boost|p2b: Milotic|spa|2\n|move|p2a: Venusaur|Sludge Bomb|p1a: Tsareena\n|-supereffective|p1a: Tsareena|1\n|-crit|p1a: Tsareena\n|-enditem|p1a: Tsareena|Kebia Berry|[eat]\n|-enditem|p1a: Tsareena|Kebia Berry|[weaken]\n|-damage|p1a: Tsareena|0 fnt\n|faint|p1a: Tsareena\n|move|p2b: Milotic|Scald|p1b: Incineroar\n|-supereffective|p1b: Incineroar|1\n|-damage|p1b: Incineroar|0 fnt\n|faint|p1b: Incineroar\n|\n|win|Yunobo7\n|raw|Miau22cosas's rating: 1308 &rarr; <strong>1293</strong><br />(-15 for losing)\n|raw|Yunobo7's rating: 1400 &rarr; <strong>1415</strong><br />(+15 for winning)\n|l|\u2606Miau22cosas\n|player|p1|\n",
  "uploadtime": 1776459790,
  "views": 46,
  "formatid": "gen9championsvgc2026regma",
  "rating": 1293,
  "private": 0,
  "password": null
}