{
  "id": "gen9championsvgc2026regma-2583893604",
  "format": "[Gen 9 Champions] VGC 2026 Reg M-A",
  "players": [
    "retrojp",
    "lonzoqing"
  ],
  "log": "|j|\u2606retrojp\n|j|\u2606lonzoqing\n|t:|1776206110\n|gametype|doubles\n|player|p1|retrojp|101|1158\n|player|p2|lonzoqing|psychic|1210\n|gen|9\n|tier|[Gen 9 Champions] VGC 2026 Reg M-A\n|rated|\n|rule|Species Clause: Limit one of each Pok\u00e9mon\n|rule|Item Clause: Limit 1 of each item\n|clearpoke\n|poke|p1|Tyranitar, L50, M|\n|poke|p1|Corviknight, L50, F|\n|poke|p1|Primarina, L50, F|\n|poke|p1|Incineroar, L50, F|\n|poke|p1|Excadrill, L50, M|\n|poke|p1|Sinistcha, L50|\n|poke|p2|Sinistcha, L50|\n|poke|p2|Sneasler, L50, F|\n|poke|p2|Milotic, L50, M|\n|poke|p2|Incineroar, L50, F|\n|poke|p2|Charizard, L50, F|\n|poke|p2|Kingambit, L50, F|\n|teampreview|4\n|j| Dirt_W0man\n|inactive|Battle timer is ON: inactive players will automatically lose when time's up. (requested by lonzoqing)\n|\n|t:|1776206137\n|teamsize|p1|4\n|teamsize|p2|4\n|start\n|switch|p1a: Tyranitar|Tyranitar, L50, M|100/100\n|switch|p1b: Excadrill|Excadrill, L50, M|100/100\n|switch|p2a: Incineroar|Incineroar, L50, F|100/100\n|switch|p2b: Milotic|Milotic, L50, M|100/100\n|-weather|Sandstorm|[from] ability: Sand Stream|[of] p1a: Tyranitar\n|-ability|p2a: Incineroar|Intimidate|boost\n|-unboost|p1a: Tyranitar|atk|1\n|-unboost|p1b: Excadrill|atk|1\n|turn|1\n|inactive|retrojp has 30 seconds left.\n|inactive|retrojp has 20 seconds left.\n|\n|t:|1776206174\n|switch|p1a: Corviknight|Corviknight, L50, F|100/100\n|switch|p2a: Sinistcha|Sinistcha, L50|100/100\n|move|p1b: Excadrill|Earthquake|p2a: Sinistcha|[spread] p2a,p2b\n|-immune|p1a: Corviknight\n|-resisted|p2a: Sinistcha|1\n|-damage|p2a: Sinistcha|89/100\n|-damage|p2b: Milotic|69/100\n|move|p2b: Milotic|Icy Wind|p1a: Corviknight|[spread] p1a,p1b\n|-crit|p1b: Excadrill\n|-damage|p1a: Corviknight|90/100\n|-damage|p1b: Excadrill|79/100\n|-ability|p1a: Corviknight|Mirror Armor\n|-unboost|p2b: Milotic|spe|1\n|-ability|p2b: Milotic|Competitive|boost\n|-boost|p2b: Milotic|spa|2\n|-unboost|p1b: Excadrill|spe|1\n|\n|-weather|Sandstorm|[upkeep]\n|-damage|p2a: Sinistcha|83/100|[from] Sandstorm\n|-damage|p2b: Milotic|63/100|[from] Sandstorm\n|-heal|p2a: Sinistcha|89/100|[from] item: Leftovers\n|-heal|p1a: Corviknight|96/100|[from] item: Leftovers\n|upkeep\n|turn|2\n|inactive|retrojp has 30 seconds left.\n|inactive|lonzoqing has 30 seconds left.\n|\n|t:|1776206202\n|switch|p2a: Incineroar|Incineroar, L50, F|100/100\n|-ability|p2a: Incineroar|Intimidate|boost\n|-ability|p1a: Corviknight|Mirror Armor\n|-unboost|p2a: Incineroar|atk|1\n|-unboost|p1b: Excadrill|atk|1\n|move|p1b: Excadrill|Earthquake|p2a: Incineroar|[spread] p2a,p2b\n|-immune|p1a: Corviknight\n|-supereffective|p2a: Incineroar|1\n|-damage|p2a: Incineroar|69/100\n|-damage|p2b: Milotic|40/100\n|move|p1a: Corviknight|Brave Bird|p2a: Incineroar\n|-damage|p2a: Incineroar|41/100\n|-enditem|p2a: Incineroar|Sitrus Berry|[eat]\n|-heal|p2a: Incineroar|66/100|[from] item: Sitrus Berry\n|-damage|p1a: Corviknight|87/100|[from] Recoil\n|move|p2b: Milotic|Icy Wind|p1b: Excadrill|[spread] p1a,p1b\n|-damage|p1a: Corviknight|65/100\n|-damage|p1b: Excadrill|50/100\n|-ability|p1a: Corviknight|Mirror Armor\n|-unboost|p2b: Milotic|spe|1\n|-ability|p2b: Milotic|Competitive|boost\n|-boost|p2b: Milotic|spa|2\n|-unboost|p1b: Excadrill|spe|1\n|\n|-weather|Sandstorm|[upkeep]\n|-damage|p2a: Incineroar|60/100|[from] Sandstorm\n|-damage|p2b: Milotic|34/100|[from] Sandstorm\n|-heal|p1a: Corviknight|71/100|[from] item: Leftovers\n|upkeep\n|turn|3\n|inactive|retrojp has 30 seconds left.\n|inactive|lonzoqing has 30 seconds left.\n|inactive|lonzoqing has 20 seconds left.\n|\n|t:|1776206237\n|move|p2a: Incineroar|Fake Out|p1a: Corviknight\n|-resisted|p1a: Corviknight|1\n|-damage|p1a: Corviknight|68/100\n|move|p1b: Excadrill|Earthquake|p2a: Incineroar|[spread] p2a,p2b\n|-immune|p1a: Corviknight\n|-supereffective|p2a: Incineroar|1\n|-damage|p2a: Incineroar|28/100\n|-damage|p2b: Milotic|11/100\n|cant|p1a: Corviknight|flinch\n|move|p2b: Milotic|Recover|p2b: Milotic\n|-heal|p2b: Milotic|61/100\n|\n|-weather|Sandstorm|[upkeep]\n|-damage|p2a: Incineroar|22/100|[from] Sandstorm\n|-damage|p2b: Milotic|55/100|[from] Sandstorm\n|-heal|p1a: Corviknight|74/100|[from] item: Leftovers\n|upkeep\n|turn|4\n|\n|t:|1776206262\n|switch|p2a: Sinistcha|Sinistcha, L50|89/100\n|-heal|p2b: Milotic|80/100|[from] ability: Hospitality|[of] p2a: Sinistcha\n|move|p1b: Excadrill|Earthquake|p2a: Sinistcha|[spread] p2a,p2b\n|-immune|p1a: Corviknight\n|-resisted|p2a: Sinistcha|1\n|-damage|p2a: Sinistcha|80/100\n|-damage|p2b: Milotic|56/100\n|move|p1a: Corviknight|Body Press|p2b: Milotic\n|-damage|p2b: Milotic|31/100\n|move|p2b: Milotic|Scald|p1b: Excadrill\n|-supereffective|p1b: Excadrill|1\n|-damage|p1b: Excadrill|0 fnt\n|faint|p1b: Excadrill\n|\n|-weather|Sandstorm|[upkeep]\n|-damage|p2a: Sinistcha|75/100|[from] Sandstorm\n|-damage|p2b: Milotic|25/100|[from] Sandstorm\n|-heal|p2a: Sinistcha|80/100|[from] item: Leftovers\n|-heal|p1a: Corviknight|80/100|[from] item: Leftovers\n|upkeep\n|\n|t:|1776206287\n|switch|p1b: Tyranitar|Tyranitar, L50, M|100/100\n|turn|5\n|\n|t:|1776206294\n|switch|p2a: Incineroar|Incineroar, L50, F|22/100\n|-ability|p2a: Incineroar|Intimidate|boost\n|-ability|p1a: Corviknight|Mirror Armor\n|-unboost|p2a: Incineroar|atk|1\n|-unboost|p1b: Tyranitar|atk|1\n|detailschange|p1b: Tyranitar|Tyranitar-Mega, L50, M\n|-mega|p1b: Tyranitar|Tyranitar|Tyranitarite\n|move|p2b: Milotic|Protect|p2b: Milotic\n|-singleturn|p2b: Milotic|Protect\n|move|p1b: Tyranitar|Rock Slide|p2b: Milotic|[spread] p2a\n|-activate|p2b: Milotic|move: Protect\n|-supereffective|p2a: Incineroar|1\n|-damage|p2a: Incineroar|0 fnt\n|faint|p2a: Incineroar\n|move|p1a: Corviknight|Brave Bird|p2b: Milotic\n|-activate|p2b: Milotic|move: Protect\n|\n|-weather|none\n|-heal|p1a: Corviknight|86/100|[from] item: Leftovers\n|upkeep\n|inactive|lonzoqing has 30 seconds left.\n|inactive|lonzoqing has 20 seconds left.\n|inactive|lonzoqing has 15 seconds left.\n|inactive|lonzoqing has 10 seconds left.\n|\n|t:|1776206341\n|switch|p2a: Sneasler|Sneasler, L50, F|100/100\n|turn|6\n|\n|t:|1776206357\n|move|p2a: Sneasler|Protect|p2a: Sneasler\n|-singleturn|p2a: Sneasler|Protect\n|move|p1b: Tyranitar|Protect|p1b: Tyranitar\n|-singleturn|p1b: Tyranitar|Protect\n|move|p1a: Corviknight|Tailwind|p1a: Corviknight\n|-sidestart|p1: retrojp|move: Tailwind\n|move|p2b: Milotic|Scald|p1b: Tyranitar\n|-activate|p1b: Tyranitar|move: Protect\n|\n|-heal|p1a: Corviknight|92/100|[from] item: Leftovers\n|upkeep\n|turn|7\n|\n|t:|1776206382\n|switch|p2a: Sinistcha|Sinistcha, L50|80/100\n|-heal|p2b: Milotic|50/100|[from] ability: Hospitality|[of] p2a: Sinistcha\n|move|p2b: Milotic|Protect|p2b: Milotic\n|-singleturn|p2b: Milotic|Protect\n|move|p1b: Tyranitar|Rock Slide|p2a: Sinistcha|[spread] p2a\n|-activate|p2b: Milotic|move: Protect\n|-damage|p2a: Sinistcha|62/100\n|move|p1a: Corviknight|Brave Bird|p2a: Sinistcha\n|-supereffective|p2a: Sinistcha|1\n|-damage|p2a: Sinistcha|0 fnt\n|faint|p2a: Sinistcha\n|-damage|p1a: Corviknight|75/100|[from] Recoil\n|\n|-heal|p1a: Corviknight|80/100|[from] item: Leftovers\n|upkeep\n|\n|t:|1776206401\n|switch|p2a: Sneasler|Sneasler, L50, F|100/100\n|turn|8\n|\n|t:|1776206411\n|move|p1b: Tyranitar|Protect|p1b: Tyranitar\n|-singleturn|p1b: Tyranitar|Protect\n|move|p2a: Sneasler|Fake Out|p1a: Corviknight\n|-resisted|p1a: Corviknight|1\n|-crit|p1a: Corviknight\n|-damage|p1a: Corviknight|73/100\n|cant|p1a: Corviknight|flinch\n|move|p2b: Milotic|Recover|p2b: Milotic\n|-heal|p2b: Milotic|99/100\n|\n|-heal|p1a: Corviknight|79/100|[from] item: Leftovers\n|upkeep\n|turn|9\n|\n|t:|1776206428\n|move|p2a: Sneasler|Protect|p2a: Sneasler\n|-singleturn|p2a: Sneasler|Protect\n|move|p1b: Tyranitar|Rock Slide|p2a: Sneasler|[spread] p2b\n|-activate|p2a: Sneasler|move: Protect\n|-damage|p2b: Milotic|77/100\n|move|p1a: Corviknight|Brave Bird|p2a: Sneasler\n|-activate|p2a: Sneasler|move: Protect\n|cant|p2b: Milotic|flinch\n|\n|-heal|p1a: Corviknight|85/100|[from] item: Leftovers\n|-sideend|p1: retrojp|move: Tailwind\n|upkeep\n|turn|10\n|\n|t:|1776206450\n|move|p2a: Sneasler|Protect||[still]\n|-fail|p2a: Sneasler\n|move|p1b: Tyranitar|Rock Slide|p2a: Sneasler|[spread] p2a,p2b\n|-resisted|p2a: Sneasler|1\n|-crit|p2b: Milotic\n|-damage|p2a: Sneasler|81/100\n|-damage|p2b: Milotic|22/100\n|move|p1a: Corviknight|Tailwind|p1a: Corviknight\n|-sidestart|p1: retrojp|move: Tailwind\n|move|p2b: Milotic|Scald|p1b: Tyranitar\n|-supereffective|p1b: Tyranitar|1\n|-damage|p1b: Tyranitar|0 fnt\n|faint|p1b: Tyranitar\n|\n|-heal|p1a: Corviknight|91/100|[from] item: Leftovers\n|upkeep\n|\n|t:|1776206465\n|switch|p1b: Sinistcha|Sinistcha, L50|100/100\n|-heal|p1a: Corviknight|100/100|[from] ability: Hospitality|[of] p1b: Sinistcha\n|turn|11\n|\n|t:|1776206484\n|move|p2a: Sneasler|Protect|p2a: Sneasler\n|-singleturn|p2a: Sneasler|Protect\n|move|p1b: Sinistcha|Rage Powder|p1b: Sinistcha\n|-singleturn|p1b: Sinistcha|move: Rage Powder\n|move|p1a: Corviknight|Brave Bird|p2b: Milotic\n|-damage|p2b: Milotic|0 fnt\n|faint|p2b: Milotic\n|-damage|p1a: Corviknight|94/100|[from] Recoil\n|\n|-heal|p1a: Corviknight|99/100|[from] item: Leftovers\n|upkeep\n|turn|12\n|\n|t:|1776206505\n|move|p1b: Sinistcha|Rage Powder|p1b: Sinistcha\n|-singleturn|p1b: Sinistcha|move: Rage Powder\n|move|p2a: Sneasler|Dire Claw|p1b: Sinistcha\n|-damage|p1b: Sinistcha|69/100\n|move|p1a: Corviknight|Bulk Up|p1a: Corviknight\n|-boost|p1a: Corviknight|atk|1\n|-boost|p1a: Corviknight|def|1\n|\n|-heal|p1a: Corviknight|100/100|[from] item: Leftovers\n|upkeep\n|turn|13\n|c|\u2606lonzoqing|gg\n|-message|lonzoqing forfeited.\n|\n|win|retrojp\n|raw|retrojp's rating: 1158 &rarr; <strong>1187</strong><br />(+29 for winning)\n|raw|lonzoqing's rating: 1210 &rarr; <strong>1181</strong><br />(-29 for losing)\n|l|\u2606lonzoqing\n|player|p2|\n",
  "uploadtime": 1776206519,
  "views": 16,
  "formatid": "gen9championsvgc2026regma",
  "rating": 1181,
  "private": 0,
  "password": null
}