{
  "id": "gen9championsvgc2026regma-2586487279",
  "format": "[Gen 9 Champions] VGC 2026 Reg M-A",
  "players": [
    "Ghostkller",
    "carwolfe"
  ],
  "log": "|j|\u2606Ghostkller\n|j|\u2606carwolfe\n|t:|1776438044\n|gametype|doubles\n|player|p1|Ghostkller|265|1109\n|player|p2|carwolfe|170|1028\n|gen|9\n|tier|[Gen 9 Champions] VGC 2026 Reg M-A\n|rated|\n|rule|Species Clause: Limit one of each Pok\u00e9mon\n|rule|Item Clause: Limit 1 of each item\n|clearpoke\n|poke|p1|Floette-Eternal, L50, F|\n|poke|p1|Talonflame, L50, M|\n|poke|p1|Dragonite, L50, F|\n|poke|p1|Milotic, L50, F|\n|poke|p1|Sableye, L50, M|\n|poke|p1|Basculegion, L50, M|\n|poke|p2|Sneasler, L50, F|\n|poke|p2|Blastoise, L50, F|\n|poke|p2|Sinistcha-Masterpiece, L50|\n|poke|p2|Whimsicott, L50, M|\n|poke|p2|Garchomp, L50, F|\n|poke|p2|Armarouge, L50, F|\n|teampreview|4\n|inactive|Battle timer is ON: inactive players will automatically lose when time's up. (requested by Ghostkller)\n|inactive|Ghostkller has 60 seconds left.\n|\n|t:|1776438125\n|teamsize|p1|4\n|teamsize|p2|4\n|start\n|switch|p1a: Basculegion|Basculegion, L50, M|100/100\n|switch|p1b: Sableye|Sableye, L50, M|100/100\n|switch|p2a: Whimsicott|Whimsicott, L50, M|100/100\n|switch|p2b: Sneasler|Sneasler, L50, F|100/100\n|turn|1\n|\n|t:|1776438150\n|move|p1b: Sableye|Encore||[still]\n|-fail|p1b: Sableye\n|move|p1a: Basculegion|Psychic Fangs|p2b: Sneasler\n|-supereffective|p2b: Sneasler|2\n|-enditem|p2b: Sneasler|Payapa Berry|[eat]\n|-enditem|p2b: Sneasler|Payapa Berry|[weaken]\n|-damage|p2b: Sneasler|4/100\n|move|p2b: Sneasler|Dire Claw|p1a: Basculegion\n|-resisted|p1a: Basculegion|1\n|-damage|p1a: Basculegion|75/100\n|move|p2a: Whimsicott|Moonblast|p1b: Sableye\n|-supereffective|p1b: Sableye|1\n|-damage|p1b: Sableye|24/100\n|-enditem|p1b: Sableye|Sitrus Berry|[eat]\n|-heal|p1b: Sableye|49/100|[from] item: Sitrus Berry\n|\n|upkeep\n|turn|2\n|\n|t:|1776438171\n|move|p2a: Whimsicott|Tailwind|p2a: Whimsicott\n|-sidestart|p2: carwolfe|move: Tailwind\n|move|p1b: Sableye|Disable|p2a: Whimsicott\n|-start|p2a: Whimsicott|Disable|Tailwind\n|move|p2b: Sneasler|Dire Claw|p1a: Basculegion\n|-resisted|p1a: Basculegion|1\n|-damage|p1a: Basculegion|50/100\n|move|p1a: Basculegion|Psychic Fangs|p2b: Sneasler\n|-supereffective|p2b: Sneasler|2\n|-damage|p2b: Sneasler|0 fnt\n|faint|p2b: Sneasler\n|\n|upkeep\n|\n|t:|1776438185\n|switch|p2b: Blastoise|Blastoise, L50, F|100/100\n|turn|3\n|\n|t:|1776438207\n|switch|p1a: Floette|Floette-Eternal, L50, F|100/100\n|detailschange|p2b: Blastoise|Blastoise-Mega, L50, F\n|-mega|p2b: Blastoise|Blastoise|Blastoisinite\n|move|p2a: Whimsicott|Helping Hand|p2b: Blastoise\n|-singleturn|p2b: Blastoise|Helping Hand|[of] p2a: Whimsicott\n|move|p1b: Sableye|Encore|p2a: Whimsicott\n|-start|p2a: Whimsicott|Encore\n|move|p2b: Blastoise|Water Spout|p1a: Floette|[spread] p1a,p1b\n|-damage|p1a: Floette|17/100\n|-damage|p1b: Sableye|0 fnt\n|faint|p1b: Sableye\n|\n|upkeep\n|\n|t:|1776438232\n|switch|p1b: Talonflame|Talonflame, L50, M|100/100\n|turn|4\n|\n|t:|1776438247\n|detailschange|p1a: Floette|Floette-Mega, L50, F\n|-mega|p1a: Floette|Floette|Floettite\n|-ability|p1a: Floette|Fairy Aura\n|move|p2a: Whimsicott|Helping Hand|p2b: Blastoise\n|-singleturn|p2b: Blastoise|Helping Hand|[of] p2a: Whimsicott\n|move|p1b: Talonflame|Tailwind|p1b: Talonflame\n|-sidestart|p1: Ghostkller|move: Tailwind\n|move|p1a: Floette|Light of Ruin|p2b: Blastoise\n|-damage|p2b: Blastoise|0 fnt\n|faint|p2b: Blastoise\n|-damage|p1a: Floette|0 fnt|[from] Recoil\n|faint|p1a: Floette\n|\n|upkeep\n|\n|t:|1776438265\n|switch|p1a: Basculegion|Basculegion, L50, M|50/100\n|switch|p2b: Sinistcha|Sinistcha-Masterpiece, L50|100/100\n|turn|5\n|-message|carwolfe forfeited.\n|\n|win|Ghostkller\n|raw|Ghostkller's rating: 1109 &rarr; <strong>1128</strong><br />(+19 for winning)\n|raw|carwolfe's rating: 1028 &rarr; <strong>1017</strong><br />(-11 for losing)\n|l|\u2606carwolfe\n|player|p2|\n",
  "uploadtime": 1776438274,
  "views": 25,
  "formatid": "gen9championsvgc2026regma",
  "rating": 1017,
  "private": 0,
  "password": null
}