{
  "id": "gen9championsvgc2026regma-2589539227",
  "format": "[Gen 9 Champions] VGC 2026 Reg M-A",
  "players": [
    "megumxn69",
    "benjitulio"
  ],
  "log": "|j|\u2606megumxn69\n|j|\u2606benjitulio\n|t:|1776732220\n|gametype|doubles\n|player|p1|megumxn69|harlequin|1138\n|player|p2|benjitulio|wattson|1113\n|gen|9\n|tier|[Gen 9 Champions] VGC 2026 Reg M-A\n|rated|\n|rule|Species Clause: Limit one of each Pok\u00e9mon\n|rule|Item Clause: Limit 1 of each item\n|clearpoke\n|poke|p1|Maushold-Four, L50|\n|poke|p1|Gardevoir, L50, M|\n|poke|p1|Garchomp, L50, F|\n|poke|p1|Talonflame, L50, M|\n|poke|p1|Basculegion, L50, M|\n|poke|p1|Kingambit, L50, M|\n|poke|p2|Dragonite, L50, M|\n|poke|p2|Incineroar, L50, M|\n|poke|p2|Gyarados, L50, F|\n|poke|p2|Maushold-Four, L50|\n|poke|p2|Milotic, L50, F|\n|poke|p2|Whimsicott, L50, F|\n|teampreview|4\n|\n|t:|1776732256\n|teamsize|p1|4\n|teamsize|p2|4\n|start\n|switch|p1a: Talonflame|Talonflame, L50, M|100/100\n|switch|p1b: Kingambit|Kingambit, L50, M|100/100\n|switch|p2a: Dragonite|Dragonite, L50, M|100/100\n|switch|p2b: Maushold|Maushold-Four, L50|100/100\n|turn|1\n|\n|t:|1776732278\n|detailschange|p2a: Dragonite|Dragonite-Mega, L50, M\n|-mega|p2a: Dragonite|Dragonite|Dragoninite\n|move|p2b: Maushold|Helping Hand|p2a: Dragonite\n|-singleturn|p2a: Dragonite|Helping Hand|[of] p2b: Maushold\n|move|p1b: Kingambit|Protect|p1b: Kingambit\n|-singleturn|p1b: Kingambit|Protect\n|move|p1a: Talonflame|Tailwind|p1a: Talonflame\n|-sidestart|p1: megumxn69|move: Tailwind\n|move|p2a: Dragonite|Dragon Pulse|p1a: Talonflame\n|-damage|p1a: Talonflame|0 fnt\n|faint|p1a: Talonflame\n|\n|upkeep\n|\n|t:|1776732292\n|switch|p1a: Gardevoir|Gardevoir, L50, M|100/100\n|turn|2\n|\n|t:|1776732302\n|detailschange|p1a: Gardevoir|Gardevoir-Mega, L50, M\n|-mega|p1a: Gardevoir|Gardevoir|Gardevoirite\n|move|p2b: Maushold|Helping Hand|p2a: Dragonite\n|-singleturn|p2a: Dragonite|Helping Hand|[of] p2b: Maushold\n|move|p1a: Gardevoir|Hyper Voice|p2b: Maushold|[spread] p2a,p2b\n|-supereffective|p2a: Dragonite|1\n|-damage|p2a: Dragonite|64/100\n|-damage|p2b: Maushold|14/100\n|move|p1b: Kingambit|Iron Head|p2b: Maushold\n|-damage|p2b: Maushold|0 fnt\n|faint|p2b: Maushold\n|move|p2a: Dragonite|Flamethrower|p1b: Kingambit\n|-supereffective|p1b: Kingambit|1\n|-damage|p1b: Kingambit|0 fnt\n|faint|p1b: Kingambit\n|\n|upkeep\n|\n|t:|1776732317\n|switch|p2b: Incineroar|Incineroar, L50, M|100/100\n|switch|p1b: Basculegion|Basculegion, L50, M|100/100\n|-ability|p2b: Incineroar|Intimidate|boost\n|-unboost|p1a: Gardevoir|atk|1\n|-unboost|p1b: Basculegion|atk|1\n|turn|3\n|\n|t:|1776732335\n|move|p2a: Dragonite|Protect|p2a: Dragonite\n|-singleturn|p2a: Dragonite|Protect\n|move|p1a: Gardevoir|Hyper Voice|p2b: Incineroar|[spread] p2b\n|-activate|p2a: Dragonite|move: Protect\n|-damage|p2b: Incineroar|49/100\n|move|p1b: Basculegion|Last Respects|p2a: Dragonite\n|-activate|p2a: Dragonite|move: Protect\n|move|p2b: Incineroar|Darkest Lariat|p1b: Basculegion\n|-supereffective|p1b: Basculegion|1\n|-damage|p1b: Basculegion|26/100\n|-enditem|p1b: Basculegion|Sitrus Berry|[eat]\n|-heal|p1b: Basculegion|50/100|[from] item: Sitrus Berry\n|\n|upkeep\n|turn|4\n|\n|t:|1776732355\n|switch|p2a: Milotic|Milotic, L50, F|100/100\n|move|p1b: Basculegion|Protect|p1b: Basculegion\n|-singleturn|p1b: Basculegion|Protect\n|move|p1a: Gardevoir|Hyper Voice|p2a: Milotic|[spread] p2a,p2b\n|-damage|p2a: Milotic|58/100\n|-damage|p2b: Incineroar|0 fnt\n|faint|p2b: Incineroar\n|\n|-heal|p2a: Milotic|65/100|[from] item: Leftovers\n|-sideend|p1: megumxn69|move: Tailwind\n|upkeep\n|\n|t:|1776732365\n|switch|p2b: Dragonite|Dragonite-Mega, L50, M|64/100\n|turn|5\n|\n|t:|1776732387\n|move|p2b: Dragonite|Flamethrower|p1a: Gardevoir\n|-damage|p1a: Gardevoir|71/100\n|move|p1a: Gardevoir|Hyper Voice|p2a: Milotic|[spread] p2a,p2b\n|-supereffective|p2b: Dragonite|1\n|-damage|p2a: Milotic|21/100\n|-damage|p2b: Dragonite|0 fnt\n|faint|p2b: Dragonite\n|move|p2a: Milotic|Scald|p1a: Gardevoir\n|-damage|p1a: Gardevoir|39/100\n|move|p1b: Basculegion|Last Respects|p2a: Milotic\n|-damage|p2a: Milotic|0 fnt\n|faint|p2a: Milotic\n|\n|win|megumxn69\n|raw|megumxn69's rating: 1138 &rarr; <strong>1161</strong><br />(+23 for winning)\n|raw|benjitulio's rating: 1113 &rarr; <strong>1090</strong><br />(-23 for losing)\n",
  "uploadtime": 1776732388,
  "views": 3,
  "formatid": "gen9championsvgc2026regma",
  "rating": 1090,
  "private": 0,
  "password": null
}