{
  "id": "gen9championsvgc2026regma-2584468248",
  "format": "[Gen 9 Champions] VGC 2026 Reg M-A",
  "players": [
    "soulo333",
    "Thee_Brid"
  ],
  "log": "|j|\u2606soulo333\n|j|\u2606Thee_Brid\n|t:|1776262901\n|gametype|doubles\n|player|p1|soulo333|169|1196\n|player|p2|Thee_Brid|1|1206\n|gen|9\n|tier|[Gen 9 Champions] VGC 2026 Reg M-A\n|rated|\n|rule|Species Clause: Limit one of each Pok\u00e9mon\n|rule|Item Clause: Limit 1 of each item\n|clearpoke\n|poke|p1|Charizard, L50, F|\n|poke|p1|Sneasler, L50, F|\n|poke|p1|Sinistcha, L50|\n|poke|p1|Incineroar, L50, F|\n|poke|p1|Milotic, L50, M|\n|poke|p1|Tyranitar, L50, F|\n|poke|p2|Milotic, L50, F|\n|poke|p2|Incineroar, L50, M|\n|poke|p2|Aegislash, L50, M|\n|poke|p2|Sinistcha, L50|\n|poke|p2|Tyranitar, L50, F|\n|poke|p2|Aerodactyl, L50, M|\n|teampreview|4\n|\n|t:|1776262934\n|teamsize|p1|4\n|teamsize|p2|4\n|start\n|switch|p1a: Milotic|Milotic, L50, M|100/100\n|switch|p1b: Sinistcha|Sinistcha, L50|100/100\n|switch|p2a: Aegislash|Aegislash, L50, M|100/100\n|switch|p2b: Aerodactyl|Aerodactyl, L50, M|100/100\n|-ability|p2b: Aerodactyl|Unnerve\n|turn|1\n|\n|t:|1776262948\n|detailschange|p2b: Aerodactyl|Aerodactyl-Mega, L50, M\n|-mega|p2b: Aerodactyl|Aerodactyl|Aerodactylite\n|move|p2b: Aerodactyl|Dual Wingbeat|p1b: Sinistcha\n|-supereffective|p1b: Sinistcha|1\n|-damage|p1b: Sinistcha|35/100\n|-supereffective|p1b: Sinistcha|1\n|-damage|p1b: Sinistcha|0 fnt\n|faint|p1b: Sinistcha\n|-hitcount|p1: Sinistcha|2\n|move|p1a: Milotic|Scald|p2b: Aerodactyl\n|-supereffective|p2b: Aerodactyl|1\n|-damage|p2b: Aerodactyl|35/100\n|move|p2a: Aegislash|Substitute|p2a: Aegislash\n|-start|p2a: Aegislash|Substitute\n|-damage|p2a: Aegislash|75/100\n|\n|-heal|p2a: Aegislash|82/100|[from] item: Leftovers\n|upkeep\n|\n|t:|1776262955\n|switch|p1b: Sneasler|Sneasler, L50, F|100/100\n|turn|2\n|\n|t:|1776262996\n|move|p2b: Aerodactyl|Protect|p2b: Aerodactyl\n|-singleturn|p2b: Aerodactyl|Protect\n|move|p1b: Sneasler|Protect|p1b: Sneasler\n|-singleturn|p1b: Sneasler|Protect\n|move|p1a: Milotic|Scald|p2b: Aerodactyl\n|-activate|p2b: Aerodactyl|move: Protect\n|-formechange|p2a: Aegislash|Aegislash-Blade|\n|move|p2a: Aegislash|Shadow Ball|p1b: Sneasler\n|-activate|p1b: Sneasler|move: Protect\n|\n|-heal|p2a: Aegislash|88/100|[from] item: Leftovers\n|upkeep\n|turn|3\n|\n|t:|1776263035\n|switch|p1b: Charizard|Charizard, L50, F|100/100\n|move|p2b: Aerodactyl|Dual Wingbeat|p1b: Charizard\n|-damage|p1b: Charizard|68/100\n|-damage|p1b: Charizard|36/100\n|-hitcount|p1b: Charizard|2\n|move|p1a: Milotic|Scald|p2b: Aerodactyl\n|-supereffective|p2b: Aerodactyl|1\n|-damage|p2b: Aerodactyl|0 fnt\n|faint|p2b: Aerodactyl\n|move|p2a: Aegislash|Shadow Ball|p1a: Milotic\n|-damage|p1a: Milotic|72/100\n|\n|-heal|p1a: Milotic|78/100|[from] item: Leftovers\n|-heal|p2a: Aegislash|94/100|[from] item: Leftovers\n|upkeep\n|\n|t:|1776263055\n|switch|p2b: Sinistcha|Sinistcha, L50|100/100\n|-heal|p2a: Aegislash|100/100|[from] ability: Hospitality|[of] p2b: Sinistcha\n|turn|4\n|\n|t:|1776263072\n|detailschange|p1b: Charizard|Charizard-Mega-X, L50, F\n|-mega|p1b: Charizard|Charizard|Charizardite X\n|move|p2b: Sinistcha|Protect|p2b: Sinistcha\n|-singleturn|p2b: Sinistcha|Protect\n|-formechange|p2a: Aegislash|Aegislash|\n|move|p2a: Aegislash|King's Shield|p2a: Aegislash\n|-singleturn|p2a: Aegislash|Protect\n|move|p1b: Charizard|Flare Blitz|p2b: Sinistcha\n|-activate|p2b: Sinistcha|move: Protect\n|move|p1a: Milotic|Icy Wind|p2b: Sinistcha|[spread] \n|-activate|p2a: Aegislash|move: Protect\n|-activate|p2b: Sinistcha|move: Protect\n|\n|-heal|p1a: Milotic|84/100|[from] item: Leftovers\n|upkeep\n|turn|5\n|\n|t:|1776263102\n|switch|p2b: Tyranitar|Tyranitar, L50, F|100/100\n|-weather|Sandstorm|[from] ability: Sand Stream|[of] p2b: Tyranitar\n|move|p1b: Charizard|Flare Blitz|p2a: Aegislash\n|-supereffective|p2a: Aegislash|1\n|-end|p2a: Aegislash|Substitute\n|-damage|p1b: Charizard|29/100|[from] Recoil|[of] p2a: Aegislash\n|move|p1a: Milotic|Icy Wind|p2b: Tyranitar|[spread] p2a\n|-miss|p1a: Milotic|p2b: Tyranitar\n|-resisted|p2a: Aegislash|1\n|-damage|p2a: Aegislash|97/100\n|-unboost|p2a: Aegislash|spe|1\n|-formechange|p2a: Aegislash|Aegislash-Blade|\n|move|p2a: Aegislash|Shadow Ball|p1a: Milotic\n|-damage|p1a: Milotic|51/100\n|\n|-weather|Sandstorm|[upkeep]\n|-damage|p1b: Charizard|23/100|[from] Sandstorm\n|-damage|p1a: Milotic|45/100|[from] Sandstorm\n|-heal|p1a: Milotic|51/100|[from] item: Leftovers\n|-heal|p2a: Aegislash|100/100|[from] item: Leftovers\n|upkeep\n|turn|6\n|\n|t:|1776263132\n|-formechange|p2a: Aegislash|Aegislash|\n|move|p2a: Aegislash|King's Shield|p2a: Aegislash\n|-singleturn|p2a: Aegislash|Protect\n|move|p2b: Tyranitar|Knock Off|p1a: Milotic\n|-damage|p1a: Milotic|0 fnt\n|-enditem|p1a: Milotic|Leftovers|[from] move: Knock Off|[of] p2b: Tyranitar\n|faint|p1a: Milotic\n|move|p1b: Charizard|Dragon Claw|p2b: Tyranitar\n|-damage|p2b: Tyranitar|57/100\n|\n|-weather|Sandstorm|[upkeep]\n|-damage|p1b: Charizard|17/100|[from] Sandstorm\n|upkeep\n|\n|t:|1776263141\n|switch|p1a: Sneasler|Sneasler, L50, F|100/100\n|turn|7\n|\n|t:|1776263161\n|move|p1a: Sneasler|Close Combat|p2b: Tyranitar\n|-supereffective|p2b: Tyranitar|2\n|-damage|p2b: Tyranitar|0 fnt\n|-unboost|p1a: Sneasler|def|1\n|-unboost|p1a: Sneasler|spd|1\n|faint|p2b: Tyranitar\n|move|p1b: Charizard|Flare Blitz|p2a: Aegislash\n|-supereffective|p2a: Aegislash|1\n|-damage|p2a: Aegislash|0 fnt\n|faint|p2a: Aegislash\n|-damage|p1b: Charizard|0 fnt|[from] Recoil\n|faint|p1b: Charizard\n|\n|-weather|Sandstorm|[upkeep]\n|-damage|p1a: Sneasler|95/100|[from] Sandstorm\n|upkeep\n|\n|t:|1776263178\n|switch|p2b: Sinistcha|Sinistcha, L50|100/100\n|turn|8\n|\n|t:|1776263189\n|move|p1a: Sneasler|Dire Claw|p2b: Sinistcha\n|-damage|p2b: Sinistcha|61/100\n|move|p2b: Sinistcha|Matcha Gotcha|p1a: Sneasler|[miss]\n|-miss|p2b: Sinistcha|p1a: Sneasler\n|\n|-weather|Sandstorm|[upkeep]\n|-damage|p1a: Sneasler|89/100|[from] Sandstorm\n|-damage|p2b: Sinistcha|55/100|[from] Sandstorm\n|upkeep\n|turn|9\n|\n|t:|1776263211\n|move|p2b: Sinistcha|Protect|p2b: Sinistcha\n|-singleturn|p2b: Sinistcha|Protect\n|move|p1a: Sneasler|Dire Claw|p2b: Sinistcha\n|-activate|p2b: Sinistcha|move: Protect\n|\n|-weather|none\n|upkeep\n|turn|10\n|\n|t:|1776263219\n|move|p1a: Sneasler|Dire Claw|p2b: Sinistcha\n|-damage|p2b: Sinistcha|14/100\n|move|p2b: Sinistcha|Matcha Gotcha|p1a: Sneasler\n|-resisted|p1a: Sneasler|1\n|-damage|p1a: Sneasler|49/100\n|-heal|p2b: Sinistcha|32/100|[from] drain|[of] p1a: Sneasler\n|\n|upkeep\n|turn|11\n|\n|t:|1776263229\n|move|p2b: Sinistcha|Protect|p2b: Sinistcha\n|-singleturn|p2b: Sinistcha|Protect\n|move|p1a: Sneasler|Dire Claw|p2b: Sinistcha\n|-activate|p2b: Sinistcha|move: Protect\n|\n|upkeep\n|turn|12\n|\n|t:|1776263238\n|move|p1a: Sneasler|Dire Claw|p2b: Sinistcha\n|-damage|p2b: Sinistcha|0 fnt\n|faint|p2b: Sinistcha\n|\n|win|soulo333\n|raw|soulo333's rating: 1196 &rarr; <strong>1222</strong><br />(+26 for winning)\n|raw|Thee_Brid's rating: 1206 &rarr; <strong>1180</strong><br />(-26 for losing)\n",
  "uploadtime": 1776263238,
  "views": 23,
  "formatid": "gen9championsvgc2026regma",
  "rating": 1180,
  "private": 0,
  "password": null
}