{
  "id": "gen9championsvgc2026regma-2585700070",
  "format": "[Gen 9 Champions] VGC 2026 Reg M-A",
  "players": [
    "Noob Aggregator",
    "1Neku"
  ],
  "log": "|j|\u2606Noob Aggregator\n|j|\u26061Neku\n|t:|1776364610\n|gametype|doubles\n|player|p1|Noob Aggregator|265|1110\n|player|p2|1Neku|lucas-gen4pt|1170\n|gen|9\n|tier|[Gen 9 Champions] VGC 2026 Reg M-A\n|rated|\n|rule|Species Clause: Limit one of each Pok\u00e9mon\n|rule|Item Clause: Limit 1 of each item\n|clearpoke\n|poke|p1|Charizard, L50, M|\n|poke|p1|Venusaur, L50, F|\n|poke|p1|Trevenant, L50, M|\n|poke|p1|Whimsicott, L50, F|\n|poke|p1|Garchomp, L50, M|\n|poke|p1|Ceruledge, L50, M|\n|poke|p2|Pelipper, L50, F|\n|poke|p2|Basculegion, L50, M|\n|poke|p2|Sinistcha, L50|\n|poke|p2|Archaludon, L50, M|\n|poke|p2|Sneasler, L50, F|\n|poke|p2|Dragonite, L50, F|\n|teampreview|4\n|\n|t:|1776364643\n|teamsize|p1|4\n|teamsize|p2|4\n|start\n|switch|p1a: Trevenant|Trevenant, L50, M|100/100\n|switch|p1b: Ceruledge|Ceruledge, L50, M|100/100\n|switch|p2a: Sneasler|Sneasler, L50, F|100/100\n|switch|p2b: Basculegion|Basculegion, L50, M|100/100\n|turn|1\n|\n|t:|1776364686\n|switch|p2a: Archaludon|Archaludon, L50, M|100/100\n|move|p1b: Ceruledge|Protect|p1b: Ceruledge\n|-singleturn|p1b: Ceruledge|Protect\n|move|p2b: Basculegion|Flip Turn|p1b: Ceruledge\n|-activate|p1b: Ceruledge|move: Protect\n|move|p1a: Trevenant|Horn Leech|p2b: Basculegion\n|-supereffective|p2b: Basculegion|1\n|-damage|p2b: Basculegion|29/100\n|\n|upkeep\n|turn|2\n|\n|t:|1776364707\n|switch|p2b: Pelipper|Pelipper, L50, F, shiny|100/100\n|-weather|RainDance|[from] ability: Drizzle|[of] p2b: Pelipper\n|move|p1b: Ceruledge|Shadow Sneak|p2b: Pelipper\n|-damage|p2b: Pelipper|73/100\n|move|p2a: Archaludon|Draco Meteor|p1a: Trevenant\n|-damage|p1a: Trevenant|46/100\n|-unboost|p2a: Archaludon|spa|2\n|-enditem|p1a: Trevenant|Sitrus Berry|[eat]\n|-heal|p1a: Trevenant|71/100|[from] item: Sitrus Berry\n|move|p1a: Trevenant|Leech Seed|p2a: Archaludon\n|-start|p2a: Archaludon|move: Leech Seed\n|\n|-weather|RainDance|[upkeep]\n|-damage|p2a: Archaludon|88/100|[from] Leech Seed|[of] p1a: Trevenant\n|-heal|p1a: Trevenant|85/100|[silent]\n|upkeep\n|turn|3\n|\n|t:|1776364746\n|switch|p2a: Sneasler|Sneasler, L50, F|100/100\n|switch|p1a: Garchomp|Garchomp, L50, M|100/100\n|move|p1b: Ceruledge|Protect|p1b: Ceruledge\n|-singleturn|p1b: Ceruledge|Protect\n|move|p2b: Pelipper|Tailwind|p2b: Pelipper\n|-sidestart|p2: 1Neku|move: Tailwind\n|\n|-weather|RainDance|[upkeep]\n|upkeep\n|turn|4\n|\n|t:|1776364771\n|switch|p1b: Trevenant|Trevenant, L50, M|85/100\n|move|p1a: Garchomp|Protect|p1a: Garchomp\n|-singleturn|p1a: Garchomp|Protect\n|move|p2a: Sneasler|Fake Out|p1a: Garchomp\n|-activate|p1a: Garchomp|move: Protect\n|move|p2b: Pelipper|Weather Ball|p1b: Trevenant\n|-resisted|p1b: Trevenant|1\n|-damage|p1b: Trevenant|54/100\n|\n|-weather|RainDance|[upkeep]\n|-item|p1b: Trevenant|Sitrus Berry|[from] ability: Harvest\n|upkeep\n|turn|5\n|inactive|Battle timer is ON: inactive players will automatically lose when time's up. (requested by 1Neku)\n|\n|t:|1776364816\n|move|p2a: Sneasler|Close Combat|p1a: Garchomp\n|-damage|p1a: Garchomp|41/100\n|-unboost|p2a: Sneasler|def|1\n|-unboost|p2a: Sneasler|spd|1\n|-damage|p2a: Sneasler|88/100|[from] ability: Rough Skin|[of] p1a: Garchomp\n|-enditem|p2a: Sneasler|White Herb\n|-clearnegativeboost|p2a: Sneasler|[silent]\n|move|p2b: Pelipper|Hurricane|p1b: Trevenant\n|-supereffective|p1b: Trevenant|1\n|-crit|p1b: Trevenant\n|-damage|p1b: Trevenant|0 fnt\n|faint|p1b: Trevenant\n|move|p1a: Garchomp|Rock Slide|p2b: Pelipper|[spread] p2a,p2b\n|-resisted|p2a: Sneasler|1\n|-supereffective|p2b: Pelipper|1\n|-damage|p2a: Sneasler|72/100\n|-damage|p2b: Pelipper|15/100\n|\n|-weather|RainDance|[upkeep]\n|upkeep\n|\n|t:|1776364829\n|switch|p1b: Charizard|Charizard, L50, M|100/100\n|turn|6\n|inactive|1Neku has 30 seconds left.\n|\n|t:|1776364863\n|switch|p2b: Archaludon|Archaludon, L50, M|88/100\n|detailschange|p1b: Charizard|Charizard-Mega-Y, L50, M\n|-mega|p1b: Charizard|Charizard|Charizardite Y\n|-weather|SunnyDay|[from] ability: Drought|[of] p1b: Charizard\n|move|p2a: Sneasler|Dire Claw|p1b: Charizard\n|-damage|p1b: Charizard|42/100\n|-status|p1b: Charizard|par\n|move|p1a: Garchomp|Earthquake|p2a: Sneasler|[spread] p2a,p2b\n|-immune|p1b: Charizard\n|-supereffective|p2a: Sneasler|1\n|-supereffective|p2b: Archaludon|1\n|-damage|p2a: Sneasler|0 fnt\n|-damage|p2b: Archaludon|33/100\n|-ability|p2b: Archaludon|Stamina|boost\n|-boost|p2b: Archaludon|def|1\n|faint|p2a: Sneasler\n|move|p1b: Charizard|Heat Wave|p2b: Archaludon\n|-damage|p2b: Archaludon|0 fnt\n|faint|p2b: Archaludon\n|\n|-weather|SunnyDay|[upkeep]\n|-sideend|p2: 1Neku|move: Tailwind\n|upkeep\n|\n|t:|1776364886\n|switch|p2a: Basculegion|Basculegion, L50, M|29/100\n|switch|p2b: Pelipper|Pelipper, L50, F, shiny|15/100\n|-weather|RainDance|[from] ability: Drizzle|[of] p2b: Pelipper\n|turn|7\n|inactive|1Neku has 30 seconds left.\n|\n|t:|1776364916\n|switch|p1b: Ceruledge|Ceruledge, L50, M|100/100\n|move|p1a: Garchomp|Protect|p1a: Garchomp\n|-singleturn|p1a: Garchomp|Protect\n|move|p2a: Basculegion|Last Respects|p1a: Garchomp\n|-activate|p1a: Garchomp|move: Protect\n|move|p2b: Pelipper|Weather Ball|p1b: Ceruledge\n|-supereffective|p1b: Ceruledge|1\n|-damage|p1b: Ceruledge|0 fnt\n|faint|p1b: Ceruledge\n|\n|-weather|RainDance|[upkeep]\n|upkeep\n|\n|t:|1776364925\n|switch|p1b: Charizard|Charizard-Mega-Y, L50, M|42/100 par\n|-weather|SunnyDay|[from] ability: Drought|[of] p1b: Charizard\n|turn|8\n|inactive|Noob Aggregator has 30 seconds left.\n|\n|t:|1776364957\n|move|p2b: Pelipper|Protect|p2b: Pelipper\n|-singleturn|p2b: Pelipper|Protect\n|move|p2a: Basculegion|Last Respects|p1b: Charizard\n|-damage|p1b: Charizard|0 fnt\n|faint|p1b: Charizard\n|move|p1a: Garchomp|Rock Slide|p2b: Pelipper|[spread] p2a\n|-activate|p2b: Pelipper|move: Protect\n|-damage|p2a: Basculegion|3/100\n|\n|-weather|SunnyDay|[upkeep]\n|upkeep\n|turn|9\n|inactive|Noob Aggregator has 30 seconds left.\n|\n|t:|1776364987\n|move|p2a: Basculegion|Last Respects|p1a: Garchomp\n|-damage|p1a: Garchomp|0 fnt\n|faint|p1a: Garchomp\n|\n|win|1Neku\n|raw|Noob Aggregator's rating: 1110 &rarr; <strong>1089</strong><br />(-21 for losing)\n|raw|1Neku's rating: 1170 &rarr; <strong>1191</strong><br />(+21 for winning)\n",
  "uploadtime": 1776364992,
  "views": 19,
  "formatid": "gen9championsvgc2026regma",
  "rating": 1089,
  "private": 0,
  "password": null
}