{
  "id": "gen9championsvgc2026regma-2586010434",
  "format": "[Gen 9 Champions] VGC 2026 Reg M-A",
  "players": [
    "biterock",
    "knarkse"
  ],
  "log": "|j|\u2606biterock\n|j|\u2606knarkse\n|t:|1776389982\n|gametype|doubles\n|player|p1|biterock|bugsy|1139\n|player|p2|knarkse|1|1050\n|gen|9\n|tier|[Gen 9 Champions] VGC 2026 Reg M-A\n|rated|\n|rule|Species Clause: Limit one of each Pok\u00e9mon\n|rule|Item Clause: Limit 1 of each item\n|clearpoke\n|poke|p1|Pelipper, L50, F|\n|poke|p1|Dragonite, L50, M|\n|poke|p1|Farigiraf, L50, F|\n|poke|p1|Basculegion, L50, M|\n|poke|p1|Whimsicott, L50, F|\n|poke|p1|Archaludon, L50, M|\n|poke|p2|Charizard, L50, F|\n|poke|p2|Venusaur, L50, F|\n|poke|p2|Garchomp, L50, F|\n|poke|p2|Rotom-Wash, L50|\n|poke|p2|Sneasler, L50, M|\n|poke|p2|Incineroar, L50, M|\n|teampreview|4\n|inactive|Battle timer is ON: inactive players will automatically lose when time's up. (requested by biterock)\nknarkse has agreed to open team sheets.\n|\n|t:|1776390010\n|teamsize|p1|4\n|teamsize|p2|4\n|start\n|switch|p1a: Dragonite|Dragonite, L50, M|100/100\n|switch|p1b: Farigiraf|Farigiraf, L50, F|100/100\n|switch|p2a: Charizard|Charizard, L50, F, shiny|100/100\n|switch|p2b: Venusaur|Venusaur, L50, F|100/100\n|turn|1\n|inactive|knarkse has 30 seconds left.\n|\n|t:|1776390039\n|switch|p1b: Pelipper|Pelipper, L50, F|100/100\n|-weather|RainDance|[from] ability: Drizzle|[of] p1b: Pelipper\n|detailschange|p2a: Charizard|Charizard-Mega-Y, L50, F, shiny\n|-mega|p2a: Charizard|Charizard|Charizardite Y\n|-weather|SunnyDay|[from] ability: Drought|[of] p2a: Charizard\n|move|p2b: Venusaur|Sleep Powder|p1a: Dragonite\n|-status|p1a: Dragonite|slp|[from] move: Sleep Powder\n|move|p2a: Charizard|Heat Wave|p1b: Pelipper|[spread] p1a\n|-miss|p2a: Charizard|p1b: Pelipper\n|-resisted|p1a: Dragonite|1\n|-damage|p1a: Dragonite|65/100 slp\n|cant|p1a: Dragonite|slp\n|\n|-weather|SunnyDay|[upkeep]\n|upkeep\n|turn|2\n|inactive|knarkse has 30 seconds left.\n|inactive|knarkse has 20 seconds left.\n|inactive|knarkse has 15 seconds left.\n|\n|t:|1776390082\n|switch|p2b: Garchomp|Garchomp, L50, F|100/100\n|switch|p1a: Basculegion|Basculegion, L50, M|100/100\n|switch|p1b: Farigiraf|Farigiraf, L50, F|100/100\n|move|p2a: Charizard|Solar Beam||[still]\n|-prepare|p2a: Charizard|Solar Beam\n|-anim|p2a: Charizard|Solar Beam|p1a: Basculegion\n|-supereffective|p1a: Basculegion|1\n|-damage|p1a: Basculegion|0 fnt\n|faint|p1a: Basculegion\n|\n|-weather|SunnyDay|[upkeep]\n|upkeep\n|\n|t:|1776390095\n|switch|p1a: Pelipper|Pelipper, L50, F|100/100\n|-weather|RainDance|[from] ability: Drizzle|[of] p1a: Pelipper\n|turn|3\n|\n|t:|1776390111\n|switch|p2a: Incineroar|Incineroar, L50, M, shiny|100/100\n|-ability|p2a: Incineroar|Intimidate|boost\n|-unboost|p1a: Pelipper|atk|1\n|-unboost|p1b: Farigiraf|atk|1\n|move|p2b: Garchomp|Rock Slide|p1b: Farigiraf|[spread] p1a,p1b\n|-supereffective|p1a: Pelipper|1\n|-crit|p1b: Farigiraf\n|-damage|p1a: Pelipper|50/100\n|-damage|p1b: Farigiraf|65/100\n|move|p1a: Pelipper|Ice Beam|p2b: Garchomp\n|-supereffective|p2b: Garchomp|2\n|-damage|p2b: Garchomp|11/100\n|move|p1b: Farigiraf|Trick Room|p1b: Farigiraf\n|-fieldstart|move: Trick Room|[of] p1b: Farigiraf\n|\n|-weather|RainDance|[upkeep]\n|upkeep\n|turn|4\n|\n|t:|1776390134\n|move|p2a: Incineroar|Fake Out||[still]\n|cant|p1b: Farigiraf|ability: Armor Tail|Fake Out|[of] p2a: Incineroar\n|move|p1b: Farigiraf|Twin Beam|p2b: Garchomp\n|-damage|p2b: Garchomp|0 fnt\n|faint|p2b: Garchomp\n|-hitcount|p2: Garchomp|1\n|move|p1a: Pelipper|Chilling Water|p2a: Incineroar\n|-supereffective|p2a: Incineroar|1\n|-damage|p2a: Incineroar|55/100\n|-unboost|p2a: Incineroar|atk|1\n|\n|-weather|RainDance|[upkeep]\n|upkeep\n|\n|t:|1776390144\n|switch|p2b: Charizard|Charizard-Mega-Y, L50, F, shiny|100/100\n|-weather|SunnyDay|[from] ability: Drought|[of] p2b: Charizard\n|turn|5\n|\n|t:|1776390161\n|switch|p1a: Dragonite|Dragonite, L50, M|65/100 slp\n|move|p1b: Farigiraf|Twin Beam|p2b: Charizard\n|-damage|p2b: Charizard|78/100\n|-damage|p2b: Charizard|58/100\n|-hitcount|p2b: Charizard|2\n|move|p2a: Incineroar|Parting Shot|p1b: Farigiraf\n|-unboost|p1b: Farigiraf|atk|1\n|-unboost|p1b: Farigiraf|spa|1\n|\n|t:|1776390170\n|switch|p2a: Venusaur|Venusaur, L50, F|100/100|[from] Parting Shot\n|move|p2b: Charizard|Heat Wave|p1b: Farigiraf|[spread] p1b\n|-miss|p2b: Charizard|p1a: Dragonite\n|-damage|p1b: Farigiraf|2/100\n|-status|p1b: Farigiraf|brn\n|-enditem|p1b: Farigiraf|Sitrus Berry|[eat]\n|-heal|p1b: Farigiraf|26/100 brn|[from] item: Sitrus Berry\n|\n|-weather|SunnyDay|[upkeep]\n|-damage|p1b: Farigiraf|20/100 brn|[from] brn\n|upkeep\n|turn|6\n|\n|t:|1776390186\n|switch|p1a: Pelipper|Pelipper, L50, F|50/100\n|-weather|RainDance|[from] ability: Drizzle|[of] p1a: Pelipper\n|move|p1b: Farigiraf|Twin Beam|p2a: Venusaur\n|-supereffective|p2a: Venusaur|1\n|-damage|p2a: Venusaur|70/100\n|-supereffective|p2a: Venusaur|1\n|-damage|p2a: Venusaur|35/100\n|-hitcount|p2a: Venusaur|2\n|move|p2a: Venusaur|Sludge Bomb|p1a: Pelipper\n|-damage|p1a: Pelipper|0 fnt\n|faint|p1a: Pelipper\n|move|p2b: Charizard|Heat Wave|p1b: Farigiraf\n|-damage|p1b: Farigiraf|0 fnt\n|faint|p1b: Farigiraf\n|\n|-weather|RainDance|[upkeep]\n|upkeep\n|\n|t:|1776390199\n|switch|p1b: Dragonite|Dragonite, L50, M|65/100 slp\n|turn|7\n|\n|t:|1776390210\n|switch|p2b: Incineroar|Incineroar, L50, M, shiny|55/100\n|-ability|p2b: Incineroar|Intimidate|boost\n|-fail|p1b: Dragonite|unboost|Attack|[from] ability: Inner Focus|[of] p1b: Dragonite\n|detailschange|p1b: Dragonite|Dragonite-Mega, L50, M\n|-mega|p1b: Dragonite|Dragonite|Dragoninite\n|move|p2a: Venusaur|Sludge Bomb|p1b: Dragonite\n|-damage|p1b: Dragonite|27/100 slp\n|cant|p1b: Dragonite|slp\n|\n|-weather|RainDance|[upkeep]\n|-fieldend|move: Trick Room\n|upkeep\n|turn|8\n|\n|t:|1776390226\n|switch|p2b: Charizard|Charizard-Mega-Y, L50, F, shiny|58/100\n|-weather|SunnyDay|[from] ability: Drought|[of] p2b: Charizard\n|move|p2a: Venusaur|Sludge Bomb|p1b: Dragonite\n|-damage|p1b: Dragonite|0 fnt\n|faint|p1b: Dragonite\n|\n|win|knarkse\n|raw|biterock's rating: 1139 &rarr; <strong>1108</strong><br />(-31 for losing)\n|raw|knarkse's rating: 1050 &rarr; <strong>1091</strong><br />(+41 for winning)\n|l|\u2606biterock\n|player|p1|\n",
  "uploadtime": 1776390234,
  "views": 16,
  "formatid": "gen9championsvgc2026regma",
  "rating": 1091,
  "private": 0,
  "password": null
}