{
  "id": "gen9championsvgc2026regma-2587772010",
  "format": "[Gen 9 Champions] VGC 2026 Reg M-A",
  "players": [
    "azumarillsky",
    "lalo's pollos"
  ],
  "log": "|j|\u2606azumarillsky\n|j|\u2606lalo's pollos\n|t:|1776562422\n|gametype|doubles\n|player|p1|azumarillsky|170|1453\n|player|p2|lalo's pollos|169|1406\n|gen|9\n|tier|[Gen 9 Champions] VGC 2026 Reg M-A\n|rated|\n|rule|Species Clause: Limit one of each Pok\u00e9mon\n|rule|Item Clause: Limit 1 of each item\n|clearpoke\n|poke|p1|Blastoise, L50, M|\n|poke|p1|Kingambit, L50, F|\n|poke|p1|Aegislash, L50, F|\n|poke|p1|Aerodactyl, L50, F|\n|poke|p1|Sneasler, L50, M|\n|poke|p1|Sinistcha, L50|\n|poke|p2|Charizard, L50, F|\n|poke|p2|Whimsicott, L50, M|\n|poke|p2|Garchomp, L50, F|\n|poke|p2|Sneasler, L50, M|\n|poke|p2|Rotom-Wash, L50|\n|poke|p2|Lucario, L50, F|\n|teampreview|4\n|\n|t:|1776562442\n|teamsize|p1|4\n|teamsize|p2|4\n|start\n|switch|p1a: Aerodactyl|Aerodactyl, L50, F|100/100\n|switch|p1b: Kingambit|Kingambit, L50, F|100/100\n|switch|p2a: Lucario|Lucario, L50, F|100/100\n|switch|p2b: Rotom|Rotom-Wash, L50|100/100\n|-ability|p1a: Aerodactyl|Unnerve\n|turn|1\n|inactive|Battle timer is ON: inactive players will automatically lose when time's up. (requested by azumarillsky)\n|j| AMDGBananaBen\n|inactive|azumarillsky has 60 seconds left.\n|\n|t:|1776562479\n|detailschange|p1a: Aerodactyl|Aerodactyl-Mega, L50, F\n|-mega|p1a: Aerodactyl|Aerodactyl|Aerodactylite\n|move|p1a: Aerodactyl|Rock Slide|p2a: Lucario|[spread] p2b\n|-miss|p1a: Aerodactyl|p2a: Lucario\n|-damage|p2b: Rotom|63/100\n|move|p2a: Lucario|Close Combat|p1b: Kingambit\n|-supereffective|p1b: Kingambit|2\n|-enditem|p1b: Kingambit|Focus Sash\n|-damage|p1b: Kingambit|1/100\n|-unboost|p2a: Lucario|def|1\n|-unboost|p2a: Lucario|spd|1\n|move|p2b: Rotom|Volt Switch|p1a: Aerodactyl\n|-supereffective|p1a: Aerodactyl|1\n|-damage|p1a: Aerodactyl|28/100\n|l| AMDGBananaBen\n|\n|t:|1776562494\n|switch|p2b: Whimsicott|Whimsicott, L50, M|100/100|[from] Volt Switch\n|move|p1b: Kingambit|Kowtow Cleave|p2b: Whimsicott\n|-resisted|p2b: Whimsicott|1\n|-damage|p2b: Whimsicott|64/100\n|\n|upkeep\n|turn|2\n|\n|t:|1776562512\n|switch|p1a: Aegislash|Aegislash, L50, F|100/100\n|move|p2a: Lucario|Bullet Punch|p1a: Aegislash\n|-resisted|p1a: Aegislash|1\n|-damage|p1a: Aegislash|92/100\n|move|p2b: Whimsicott|Moonblast|p1b: Kingambit\n|-damage|p1b: Kingambit|0 fnt\n|faint|p1b: Kingambit\n|\n|upkeep\n|\n|t:|1776562522\n|switch|p1b: Sneasler|Sneasler, L50, M|100/100\n|turn|3\n|\n|t:|1776562545\n|move|p2a: Lucario|Protect|p2a: Lucario\n|-singleturn|p2a: Lucario|Protect\n|move|p2b: Whimsicott|Tailwind|p2b: Whimsicott\n|-sidestart|p2: lalo's pollos|move: Tailwind\n|move|p1b: Sneasler|Close Combat|p2a: Lucario\n|-activate|p2a: Lucario|move: Protect\n|-formechange|p1a: Aegislash|Aegislash-Blade|\n|move|p1a: Aegislash|Poltergeist|p2b: Whimsicott\n|-activate|p2b: Whimsicott|move: Poltergeist|Focus Sash\n|-damage|p2b: Whimsicott|0 fnt\n|faint|p2b: Whimsicott\n|\n|upkeep\n|\n|t:|1776562558\n|switch|p2b: Charizard|Charizard, L50, F|100/100\n|turn|4\n|\n|t:|1776562569\n|detailschange|p2b: Charizard|Charizard-Mega-Y, L50, F\n|-mega|p2b: Charizard|Charizard|Charizardite Y\n|-weather|SunnyDay|[from] ability: Drought|[of] p2b: Charizard\n|move|p1b: Sneasler|Protect|p1b: Sneasler\n|-singleturn|p1b: Sneasler|Protect\n|-formechange|p1a: Aegislash|Aegislash|\n|move|p1a: Aegislash|King's Shield|p1a: Aegislash\n|-singleturn|p1a: Aegislash|Protect\n|move|p2b: Charizard|Weather Ball|p1b: Sneasler\n|-activate|p1b: Sneasler|move: Protect\n|move|p2a: Lucario|Meteor Mash|p1b: Sneasler\n|-activate|p1b: Sneasler|move: Protect\n|\n|-weather|SunnyDay|[upkeep]\n|upkeep\n|turn|5\n|inactive|azumarillsky has 30 seconds left.\n|\n|t:|1776562598\n|switch|p1b: Aerodactyl|Aerodactyl-Mega, L50, F|28/100\n|move|p2b: Charizard|Heat Wave|p1b: Aerodactyl|[spread] p1a,p1b\n|-supereffective|p1a: Aegislash|1\n|-resisted|p1b: Aerodactyl|1\n|-damage|p1a: Aegislash|0 fnt\n|-damage|p1b: Aerodactyl|0 fnt\n|faint|p1a: Aegislash\n|faint|p1b: Aerodactyl\n|move|p2a: Lucario|Meteor Mash|p1: Aegislash|[notarget]\n|-fail|p2a: Lucario\n|\n|-weather|SunnyDay|[upkeep]\n|upkeep\n|-message|azumarillsky forfeited.\n|\n|win|lalo's pollos\n|raw|azumarillsky's rating: 1453 &rarr; <strong>1430</strong><br />(-23 for losing)\n|raw|lalo&apos;s pollos's rating: 1406 &rarr; <strong>1429</strong><br />(+23 for winning)\n|l|\u2606azumarillsky\n|player|p1|\n",
  "uploadtime": 1776562645,
  "views": 15,
  "formatid": "gen9championsvgc2026regma",
  "rating": 1429,
  "private": 0,
  "password": null
}