{
  "id": "gen9championsvgc2026regma-2581051317",
  "format": "[Gen 9 Champions] VGC 2026 Reg M-A",
  "players": [
    "rhinoellie",
    "jesusge10"
  ],
  "log": "|j|\u2606rhinoellie\n|j|\u2606jesusge10\n|t:|1775955267\n|gametype|doubles\n|player|p1|rhinoellie|cynthia|1000\n|player|p2|jesusge10|hoopster|1096\n|gen|9\n|tier|[Gen 9 Champions] VGC 2026 Reg M-A\n|rated|\n|rule|Species Clause: Limit one of each Pok\u00e9mon\n|rule|Item Clause: Limit 1 of each item\n|clearpoke\n|poke|p1|Froslass, L50, F|\n|poke|p1|Rotom-Wash, L50|\n|poke|p1|Arcanine, L50, M|\n|poke|p1|Dragapult, L50, M|\n|poke|p1|Meganium, L50, M|\n|poke|p1|Whimsicott, L50, F|\n|poke|p2|Pelipper, L50, F|\n|poke|p2|Sneasler, L50, M|\n|poke|p2|Sinistcha, L50|\n|poke|p2|Dragonite, L50, F|\n|poke|p2|Archaludon, L50, M|\n|poke|p2|Basculegion, L50, M|\n|teampreview|4\n|\n|t:|1775955341\n|teamsize|p1|4\n|teamsize|p2|4\n|start\n|switch|p1a: Froslass|Froslass, L50, F|100/100\n|switch|p1b: Rotom|Rotom-Wash, L50|100/100\n|switch|p2a: Sneasler|Sneasler, L50, M, shiny|100/100\n|switch|p2b: Dragonite|Dragonite, L50, F|100/100\n|turn|1\n|\n|t:|1775955392\n|detailschange|p1a: Froslass|Froslass-Mega, L50, F\n|-mega|p1a: Froslass|Froslass|Froslassite\n|-weather|Snowscape|[from] ability: Snow Warning|[of] p1a: Froslass\n|detailschange|p2b: Dragonite|Dragonite-Mega, L50, F\n|-mega|p2b: Dragonite|Dragonite|Dragoninite\n|move|p1a: Froslass|Blizzard|p2b: Dragonite|[spread] p2a,p2b\n|-supereffective|p2b: Dragonite|2\n|-damage|p2a: Sneasler|40/100\n|-damage|p2b: Dragonite|25/100\n|-status|p2b: Dragonite|frz\n|move|p2a: Sneasler|Throat Chop|p1a: Froslass\n|-supereffective|p1a: Froslass|1\n|-damage|p1a: Froslass|34/100\n|-start|p1a: Froslass|Throat Chop|[silent]\n|cant|p2b: Dragonite|frz\n|move|p1b: Rotom|Volt Switch|p2b: Dragonite\n|-damage|p2b: Dragonite|0 fnt\n|faint|p2b: Dragonite\n|\n|t:|1775955408\n|switch|p1b: Arcanine|Arcanine, L50, M|100/100|[from] Volt Switch\n|-ability|p1b: Arcanine|Intimidate|boost\n|-unboost|p2a: Sneasler|atk|1\n|-enditem|p2a: Sneasler|White Herb\n|-clearnegativeboost|p2a: Sneasler|[silent]\n|\n|-weather|Snowscape|[upkeep]\n|upkeep\n|\n|t:|1775955416\n|switch|p2b: Pelipper|Pelipper, L50, F|100/100\n|-weather|RainDance|[from] ability: Drizzle|[of] p2b: Pelipper\n|turn|2\n|\n|t:|1775955456\n|move|p2b: Pelipper|Wide Guard|p2b: Pelipper\n|-singleturn|p2b: Pelipper|Wide Guard\n|move|p1b: Arcanine|Extreme Speed|p2a: Sneasler\n|-damage|p2a: Sneasler|0 fnt\n|faint|p2a: Sneasler\n|move|p1a: Froslass|Thunderbolt|p2b: Pelipper\n|-supereffective|p2b: Pelipper|2\n|-enditem|p2b: Pelipper|Focus Sash\n|-damage|p2b: Pelipper|1/100\n|\n|-weather|RainDance|[upkeep]\n|-end|p1a: Froslass|Throat Chop|[silent]\n|upkeep\n|\n|t:|1775955466\n|switch|p2a: Archaludon|Archaludon, L50, M|100/100\n|turn|3\n|\n|t:|1775955488\n|move|p2b: Pelipper|Protect||[still]\n|-fail|p2b: Pelipper\n|move|p1a: Froslass|Shadow Ball|p2a: Archaludon\n|-damage|p2a: Archaludon|56/100\n|-ability|p2a: Archaludon|Stamina|boost\n|-boost|p2a: Archaludon|def|1\n|move|p1b: Arcanine|Flare Blitz|p2a: Archaludon\n|-damage|p2a: Archaludon|44/100\n|-status|p2a: Archaludon|brn\n|-ability|p2a: Archaludon|Stamina|boost\n|-boost|p2a: Archaludon|def|1\n|-damage|p1b: Arcanine|96/100|[from] Recoil\n|move|p2a: Archaludon|Electro Shot||[still]\n|-prepare|p2a: Archaludon|Electro Shot\n|-boost|p2a: Archaludon|spa|1\n|-anim|p2a: Archaludon|Electro Shot|p1b: Arcanine\n|-damage|p1b: Arcanine|38/100\n|\n|-weather|RainDance|[upkeep]\n|-heal|p2a: Archaludon|50/100 brn|[from] item: Leftovers\n|-damage|p2a: Archaludon|44/100 brn|[from] brn\n|upkeep\n|turn|4\n|\n|t:|1775955526\n|move|p1a: Froslass|Blizzard|p2b: Pelipper|[spread] p2a\n|-miss|p1a: Froslass|p2b: Pelipper\n|-damage|p2a: Archaludon|4/100 brn\n|-ability|p2a: Archaludon|Stamina|boost\n|-boost|p2a: Archaludon|def|1\n|move|p2b: Pelipper|Weather Ball|p1b: Arcanine\n|-supereffective|p1b: Arcanine|1\n|-damage|p1b: Arcanine|0 fnt\n|faint|p1b: Arcanine\n|move|p2a: Archaludon|Electro Shot||[still]\n|-prepare|p2a: Archaludon|Electro Shot\n|-boost|p2a: Archaludon|spa|1\n|-anim|p2a: Archaludon|Electro Shot|p1a: Froslass\n|-damage|p1a: Froslass|0 fnt\n|faint|p1a: Froslass\n|\n|-weather|RainDance|[upkeep]\n|-heal|p2a: Archaludon|10/100 brn|[from] item: Leftovers\n|-damage|p2a: Archaludon|4/100 brn|[from] brn\n|upkeep\n|\n|t:|1775955535\n|switch|p1a: Dragapult|Dragapult, L50, M|100/100\n|switch|p1b: Rotom|Rotom-Wash, L50|100/100\n|turn|5\n|\n|t:|1775955562\n|move|p1b: Rotom|Protect|p1b: Rotom\n|-singleturn|p1b: Rotom|Protect\n|move|p1a: Dragapult|Dragon Darts|p2b: Pelipper\n|-damage|p2b: Pelipper|0 fnt\n|-anim|p1a: Dragapult|Dragon Darts|p2a: Archaludon\n|-damage|p2a: Archaludon|0 fnt\n|faint|p2b: Pelipper\n|faint|p2a: Archaludon\n|\n|win|rhinoellie\n|raw|rhinoellie's rating: 1000 &rarr; <strong>1051</strong><br />(+51 for winning)\n|raw|jesusge10's rating: 1096 &rarr; <strong>1065</strong><br />(-31 for losing)\n|l|\u2606jesusge10\n|player|p2|\n",
  "uploadtime": 1775955572,
  "views": 15,
  "formatid": "gen9championsvgc2026regma",
  "rating": 1051,
  "private": 0,
  "password": null
}