{
  "id": "gen9championsvgc2026regma-2584393706",
  "format": "[Gen 9 Champions] VGC 2026 Reg M-A",
  "players": [
    "LovelyLizardLad",
    "Duckity_Duck_06"
  ],
  "log": "|j|\u203dLovelyLizardLad\n|j|\u2606Duckity_Duck_06\n|t:|1776257591\n|gametype|doubles\n|player|p1|LovelyLizardLad|red|1250\n|player|p2|Duckity_Duck_06|pokemaniac|1257\n|gen|9\n|tier|[Gen 9 Champions] VGC 2026 Reg M-A\n|rated|\n|rule|Species Clause: Limit one of each Pok\u00e9mon\n|rule|Item Clause: Limit 1 of each item\n|clearpoke\n|poke|p1|Delphox, L50, F|\n|poke|p1|Basculegion, L50, M|\n|poke|p1|Clefable, L50, F|\n|poke|p1|Kingambit, L50, F|\n|poke|p1|Sneasler, L50, M|\n|poke|p1|Heliolisk, L50, M|\n|poke|p2|Pelipper, L50, M|\n|poke|p2|Basculegion, L50, M|\n|poke|p2|Archaludon, L50, M|\n|poke|p2|Dragonite, L50, F|\n|poke|p2|Incineroar, L50, M|\n|poke|p2|Sneasler, L50, F|\n|teampreview|4\n|inactive|Battle timer is ON: inactive players will automatically lose when time's up. (requested by Duckity_Duck_06)\n|l|\u203dLovelyLizardLad\n|inactive|LovelyLizardLad disconnected and has a minute to reconnect!\n|player|p1|\nDuckity_Duck_06 has agreed to open team sheets.\n|inactive|LovelyLizardLad has 30 seconds to reconnect!\n|inactive|Duckity_Duck_06 has 60 seconds left.\n|j|\u203dLovelyLizardLad\n|inactive|LovelyLizardLad reconnected and has 60 seconds left.\n|player|p1|LovelyLizardLad|red|\n|n|\u203dLovelyLizardLad|lovelylizardlad\n|\n|t:|1776257645\n|teamsize|p1|4\n|teamsize|p2|4\n|start\n|switch|p1a: Heliolisk|Heliolisk, L50, M|100/100\n|switch|p1b: Sneasler|Sneasler, L50, M|100/100\n|switch|p2a: Sneasler|Sneasler, L50, F|100/100\n|switch|p2b: Dragonite|Dragonite, L50, F|100/100\n|turn|1\n|\n|t:|1776257669\n|switch|p1a: Basculegion|Basculegion, L50, M|100/100\n|detailschange|p2b: Dragonite|Dragonite-Mega, L50, F\n|-mega|p2b: Dragonite|Dragonite|Dragoninite\n|move|p1b: Sneasler|Fake Out|p2b: Dragonite\n|-damage|p2b: Dragonite|94/100\n|move|p2a: Sneasler|Upper Hand||[still]\n|-fail|p2a: Sneasler\n|cant|p2b: Dragonite|flinch\n|\n|upkeep\n|turn|2\n|\n|t:|1776257687\n|switch|p2a: Pelipper|Pelipper, L50, M|100/100\n|-weather|RainDance|[from] ability: Drizzle|[of] p2a: Pelipper\n|move|p1a: Basculegion|Flip Turn|p2a: Pelipper\n|-resisted|p2a: Pelipper|1\n|-crit|p2a: Pelipper\n|-damage|p2a: Pelipper|44/100\n|\n|t:|1776257706\n|switch|p1a: Heliolisk|Heliolisk, L50, M|100/100|[from] Flip Turn\n|move|p1b: Sneasler|Close Combat|p2a: Pelipper\n|-resisted|p2a: Pelipper|1\n|-damage|p2a: Pelipper|3/100\n|-unboost|p1b: Sneasler|def|1\n|-unboost|p1b: Sneasler|spd|1\n|move|p2b: Dragonite|Thunderbolt|p1a: Heliolisk\n|-resisted|p1a: Heliolisk|1\n|-damage|p1a: Heliolisk|82/100\n|\n|-weather|RainDance|[upkeep]\n|-heal|p1a: Heliolisk|94/100|[from] ability: Dry Skin\n|upkeep\n|turn|3\n|inactive|Duckity_Duck_06 has 30 seconds left.\n|\n|t:|1776257734\n|move|p1b: Sneasler|Close Combat|p2a: Pelipper\n|-resisted|p2a: Pelipper|1\n|-damage|p2a: Pelipper|0 fnt\n|-unboost|p1b: Sneasler|def|1\n|-unboost|p1b: Sneasler|spd|1\n|faint|p2a: Pelipper\n|move|p1a: Heliolisk|Sunny Day|p1a: Heliolisk\n|-weather|SunnyDay\n|move|p2b: Dragonite|Hurricane|p1b: Sneasler|[miss]\n|-miss|p2b: Dragonite|p1b: Sneasler\n|\n|-weather|SunnyDay|[upkeep]\n|-damage|p1a: Heliolisk|82/100|[from] ability: Dry Skin|[of] p1a: Heliolisk\n|upkeep\n|\n|t:|1776257740\n|switch|p2a: Sneasler|Sneasler, L50, F|100/100\n|turn|4\n|\n|t:|1776257750\n|switch|p1a: Basculegion|Basculegion, L50, M|100/100\n|move|p1b: Sneasler|Protect|p1b: Sneasler\n|-singleturn|p1b: Sneasler|Protect\n|move|p2a: Sneasler|Fake Out|p1a: Basculegion\n|-immune|p1a: Basculegion\n|move|p2b: Dragonite|Thunderbolt|p1b: Sneasler\n|-activate|p1b: Sneasler|move: Protect\n|\n|-weather|SunnyDay|[upkeep]\n|upkeep\n|turn|5\n|\n|t:|1776257774\n|switch|p2a: Basculegion|Basculegion, L50, M|100/100\n|move|p1a: Basculegion|Flip Turn|p2a: Basculegion\n|-resisted|p2a: Basculegion|1\n|-damage|p2a: Basculegion|89/100\n|\n|t:|1776257782\n|switch|p1a: Heliolisk|Heliolisk, L50, M|82/100|[from] Flip Turn\n|move|p1b: Sneasler|Close Combat|p2a: Basculegion\n|-immune|p2a: Basculegion\n|move|p2b: Dragonite|Thunderbolt|p1a: Heliolisk\n|-resisted|p1a: Heliolisk|1\n|-crit|p1a: Heliolisk\n|-damage|p1a: Heliolisk|52/100\n|\n|-weather|SunnyDay|[upkeep]\n|-damage|p1a: Heliolisk|40/100|[from] ability: Dry Skin|[of] p1a: Heliolisk\n|upkeep\n|turn|6\n|inactive|Duckity_Duck_06 has 30 seconds left.\n|inactive|Duckity_Duck_06 has 20 seconds left.\n|inactive|Duckity_Duck_06 has 15 seconds left.\n|inactive|Duckity_Duck_06 has 10 seconds left.\n|\n|t:|1776257828\n|switch|p2a: Sneasler|Sneasler, L50, F|100/100\n|move|p2b: Dragonite|Extreme Speed|p1a: Heliolisk\n|-damage|p1a: Heliolisk|0 fnt\n|faint|p1a: Heliolisk\n|move|p1b: Sneasler|Dire Claw|p2b: Dragonite\n|-crit|p2b: Dragonite\n|-damage|p2b: Dragonite|38/100\n|-status|p2b: Dragonite|psn\n|\n|-weather|SunnyDay|[upkeep]\n|-damage|p2b: Dragonite|25/100 psn|[from] psn\n|upkeep\n|\n|t:|1776257836\n|switch|p1a: Basculegion|Basculegion, L50, M|100/100\n|turn|7\n|\n|t:|1776257844\n|move|p1b: Sneasler|Protect|p1b: Sneasler\n|-singleturn|p1b: Sneasler|Protect\n|move|p2a: Sneasler|Fake Out|p1b: Sneasler\n|-activate|p1b: Sneasler|move: Protect\n|move|p1a: Basculegion|Last Respects|p2a: Sneasler\n|-damage|p2a: Sneasler|0 fnt\n|faint|p2a: Sneasler\n|move|p2b: Dragonite|Thunderbolt|p1a: Basculegion\n|-supereffective|p1a: Basculegion|1\n|-damage|p1a: Basculegion|16/100\n|\n|-weather|none\n|-damage|p2b: Dragonite|13/100 psn|[from] psn\n|upkeep\n|\n|t:|1776257851\n|switch|p2a: Basculegion|Basculegion, L50, M|89/100\n|turn|8\n|\n|t:|1776257863\n|move|p2b: Dragonite|Extreme Speed|p1b: Sneasler\n|-damage|p1b: Sneasler|25/100\n|move|p2a: Basculegion|Aqua Jet|p1a: Basculegion\n|-resisted|p1a: Basculegion|1\n|-damage|p1a: Basculegion|0 fnt\n|faint|p1a: Basculegion\n|move|p1b: Sneasler|Dire Claw|p2b: Dragonite\n|-damage|p2b: Dragonite|0 fnt\n|faint|p2b: Dragonite\n|\n|upkeep\n|\n|t:|1776257869\n|switch|p1a: Kingambit|Kingambit, L50, F|100/100\n|turn|9\n|\n|t:|1776257873\n|move|p1b: Sneasler|Protect|p1b: Sneasler\n|-singleturn|p1b: Sneasler|Protect\n|move|p1a: Kingambit|Protect|p1a: Kingambit\n|-singleturn|p1a: Kingambit|Protect\n|move|p2a: Basculegion|Liquidation|p1a: Kingambit\n|-activate|p1a: Kingambit|move: Protect\n|\n|upkeep\n|turn|10\n|\n|t:|1776257887\n|move|p2a: Basculegion|Aqua Jet|p1b: Sneasler\n|-damage|p1b: Sneasler|0 fnt\n|faint|p1b: Sneasler\n|move|p1a: Kingambit|Kowtow Cleave|p2a: Basculegion\n|-supereffective|p2a: Basculegion|1\n|-damage|p2a: Basculegion|0 fnt\n|faint|p2a: Basculegion\n|\n|win|LovelyLizardLad\n|raw|LovelyLizardLad's rating: 1250 &rarr; <strong>1276</strong><br />(+26 for winning)\n|raw|Duckity_Duck_06's rating: 1257 &rarr; <strong>1231</strong><br />(-26 for losing)\n",
  "uploadtime": 1776257889,
  "views": 41,
  "formatid": "gen9championsvgc2026regma",
  "rating": 1231,
  "private": 0,
  "password": null
}