{
  "id": "gen9championsvgc2026regma-2584557685",
  "format": "[Gen 9 Champions] VGC 2026 Reg M-A",
  "players": [
    "tastytjuice",
    "ghytor"
  ],
  "log": "|j|\u2606tastytjuice\n|j|\u2606ghytor\n|t:|1776268622\n|gametype|doubles\n|player|p1|tastytjuice|ethan|1292\n|player|p2|ghytor|lucas-gen4pt|1191\n|gen|9\n|tier|[Gen 9 Champions] VGC 2026 Reg M-A\n|rated|\n|rule|Species Clause: Limit one of each Pok\u00e9mon\n|rule|Item Clause: Limit 1 of each item\n|clearpoke\n|poke|p1|Tyranitar, L50, F|\n|poke|p1|Excadrill, L50, M|\n|poke|p1|Incineroar, L50, M|\n|poke|p1|Rotom-Wash, L50|\n|poke|p1|Basculegion, L50, M|\n|poke|p1|Aerodactyl, L50, M|\n|poke|p2|Floette-Eternal, L50, F|\n|poke|p2|Sneasler, L50, F|\n|poke|p2|Pelipper, L50, M|\n|poke|p2|Incineroar, L50, F|\n|poke|p2|Basculegion, L50, M|\n|poke|p2|Sinistcha-Masterpiece, L50|\n|teampreview|4\n|\n|t:|1776268670\n|teamsize|p1|4\n|teamsize|p2|4\n|start\n|switch|p1a: Incineroar|Incineroar, L50, M|100/100\n|switch|p1b: Basculegion|Basculegion, L50, M|100/100\n|switch|p2a: Pelipper|Pelipper, L50, M|100/100\n|switch|p2b: Basculegion|Basculegion, L50, M|100/100\n|-weather|RainDance|[from] ability: Drizzle|[of] p2a: Pelipper\n|-ability|p1a: Incineroar|Intimidate|boost\n|-unboost|p2a: Pelipper|atk|1\n|-unboost|p2b: Basculegion|atk|1\n|turn|1\n|\n|t:|1776268702\n|switch|p1b: Tyranitar|Tyranitar, L50, F, shiny|100/100\n|-weather|Sandstorm|[from] ability: Sand Stream|[of] p1b: Tyranitar\n|move|p2a: Pelipper|Protect|p2a: Pelipper\n|-singleturn|p2a: Pelipper|Protect\n|move|p2b: Basculegion|Last Respects|p1b: Tyranitar\n|-resisted|p1b: Tyranitar|1\n|-damage|p1b: Tyranitar|90/100\n|move|p1a: Incineroar|Throat Chop|p2b: Basculegion\n|-supereffective|p2b: Basculegion|1\n|-damage|p2b: Basculegion|20/100\n|-start|p2b: Basculegion|Throat Chop|[silent]\n|\n|-weather|Sandstorm|[upkeep]\n|-damage|p2b: Basculegion|14/100|[from] Sandstorm\n|-damage|p2a: Pelipper|95/100|[from] Sandstorm\n|-damage|p1a: Incineroar|95/100|[from] Sandstorm\n|upkeep\n|turn|2\n|\n|t:|1776268737\n|switch|p2b: Sinistcha|Sinistcha-Masterpiece, L50|100/100\n|-heal|p2a: Pelipper|100/100|[from] ability: Hospitality|[of] p2b: Sinistcha\n|switch|p1b: Basculegion|Basculegion, L50, M|100/100\n|move|p2a: Pelipper|Weather Ball|p1a: Incineroar\n|-supereffective|p1a: Incineroar|1\n|-damage|p1a: Incineroar|54/100\n|move|p1a: Incineroar|Parting Shot|p2a: Pelipper\n|-unboost|p2a: Pelipper|atk|1\n|-unboost|p2a: Pelipper|spa|1\n|\n|t:|1776268749\n|switch|p1a: Tyranitar|Tyranitar, L50, F, shiny|90/100|[from] Parting Shot\n|\n|-weather|Sandstorm|[upkeep]\n|-damage|p1b: Basculegion|94/100|[from] Sandstorm\n|-damage|p2a: Pelipper|95/100|[from] Sandstorm\n|-damage|p2b: Sinistcha|94/100|[from] Sandstorm\n|-heal|p2b: Sinistcha|100/100|[from] item: Leftovers\n|upkeep\n|turn|3\n|\n|t:|1776268776\n|move|p2a: Pelipper|Protect|p2a: Pelipper\n|-singleturn|p2a: Pelipper|Protect\n|move|p1b: Basculegion|Flip Turn|p2a: Pelipper\n|-activate|p2a: Pelipper|move: Protect\n|move|p1a: Tyranitar|Knock Off|p2b: Sinistcha\n|-supereffective|p2b: Sinistcha|1\n|-damage|p2b: Sinistcha|4/100\n|-enditem|p2b: Sinistcha|Leftovers|[from] move: Knock Off|[of] p1a: Tyranitar\n|move|p2b: Sinistcha|Matcha Gotcha|p1a: Tyranitar|[spread] p1a,p1b\n|-supereffective|p1a: Tyranitar|1\n|-supereffective|p1b: Basculegion|1\n|-damage|p1a: Tyranitar|59/100\n|-heal|p2b: Sinistcha|20/100|[from] drain|[of] p1a: Tyranitar\n|-damage|p1b: Basculegion|43/100\n|-heal|p2b: Sinistcha|49/100|[from] drain|[of] p1b: Basculegion\n|\n|-weather|Sandstorm|[upkeep]\n|-damage|p1b: Basculegion|37/100|[from] Sandstorm\n|-damage|p2a: Pelipper|89/100|[from] Sandstorm\n|-damage|p2b: Sinistcha|43/100|[from] Sandstorm\n|upkeep\n|turn|4\n|\n|t:|1776268817\n|move|p1b: Basculegion|Flip Turn|p2a: Pelipper\n|-resisted|p2a: Pelipper|1\n|-damage|p2a: Pelipper|63/100\n|\n|t:|1776268825\n|switch|p1b: Incineroar|Incineroar, L50, M|54/100|[from] Flip Turn\n|-ability|p1b: Incineroar|Intimidate|boost\n|-unboost|p2a: Pelipper|atk|1\n|-unboost|p2b: Sinistcha|atk|1\n|move|p2a: Pelipper|Tailwind|p2a: Pelipper\n|-sidestart|p2: ghytor|move: Tailwind\n|move|p2b: Sinistcha|Matcha Gotcha|p1a: Tyranitar|[spread] p1b\n|-miss|p2b: Sinistcha|p1a: Tyranitar\n|-resisted|p1b: Incineroar|1\n|-damage|p1b: Incineroar|45/100\n|-heal|p2b: Sinistcha|48/100|[from] drain|[of] p1b: Incineroar\n|-enditem|p1b: Incineroar|Sitrus Berry|[eat]\n|-heal|p1b: Incineroar|69/100|[from] item: Sitrus Berry\n|move|p1a: Tyranitar|Knock Off|p2b: Sinistcha\n|-supereffective|p2b: Sinistcha|1\n|-damage|p2b: Sinistcha|0 fnt\n|faint|p2b: Sinistcha\n|\n|-weather|Sandstorm|[upkeep]\n|-damage|p2a: Pelipper|57/100|[from] Sandstorm\n|-damage|p1b: Incineroar|63/100|[from] Sandstorm\n|upkeep\n|\n|t:|1776268847\n|switch|p2b: Sneasler|Sneasler, L50, F|100/100\n|turn|5\n|\n|t:|1776268875\n|detailschange|p1a: Tyranitar|Tyranitar-Mega, L50, F, shiny\n|-mega|p1a: Tyranitar|Tyranitar|Tyranitarite\n|move|p2b: Sneasler|Fake Out|p1b: Incineroar\n|-damage|p1b: Incineroar|51/100\n|cant|p1b: Incineroar|flinch\n|move|p2a: Pelipper|Weather Ball|p1b: Incineroar\n|-supereffective|p1b: Incineroar|1\n|-damage|p1b: Incineroar|24/100\n|move|p1a: Tyranitar|Rock Slide|p2a: Pelipper|[spread] p2a,p2b\n|-supereffective|p2a: Pelipper|1\n|-resisted|p2b: Sneasler|1\n|-damage|p2a: Pelipper|0 fnt\n|-damage|p2b: Sneasler|70/100\n|faint|p2a: Pelipper\n|\n|-weather|none\n|upkeep\n|\n|t:|1776268889\n|switch|p2a: Basculegion|Basculegion, L50, M|14/100\n|turn|6\n|\n|t:|1776268962\n|move|p1a: Tyranitar|Protect|p1a: Tyranitar\n|-singleturn|p1a: Tyranitar|Protect\n|move|p2a: Basculegion|Last Respects|p1b: Incineroar\n|-resisted|p1b: Incineroar|1\n|-damage|p1b: Incineroar|0 fnt\n|faint|p1b: Incineroar\n|move|p2b: Sneasler|Close Combat|p1a: Tyranitar\n|-activate|p1a: Tyranitar|move: Protect\n|\n|upkeep\n|\n|t:|1776268975\n|switch|p1b: Excadrill|Excadrill, L50, M|100/100\n|turn|7\n|\n|t:|1776268992\n|switch|p1a: Basculegion|Basculegion, L50, M|37/100\n|move|p1b: Excadrill|Protect|p1b: Excadrill\n|-singleturn|p1b: Excadrill|Protect\n|move|p2a: Basculegion|Last Respects|p1b: Excadrill\n|-activate|p1b: Excadrill|move: Protect\n|move|p2b: Sneasler|Close Combat|p1a: Basculegion\n|-immune|p1a: Basculegion\n|\n|-sideend|p2: ghytor|move: Tailwind\n|upkeep\n|turn|8\n|\n|t:|1776269015\n|switch|p1b: Tyranitar|Tyranitar-Mega, L50, F, shiny|59/100\n|-weather|Sandstorm|[from] ability: Sand Stream|[of] p1b: Tyranitar\n|move|p1a: Basculegion|Last Respects|p2a: Basculegion\n|-supereffective|p2a: Basculegion|1\n|-damage|p2a: Basculegion|0 fnt\n|faint|p2a: Basculegion\n|move|p2b: Sneasler|Close Combat|p1b: Tyranitar\n|-supereffective|p1b: Tyranitar|2\n|-damage|p1b: Tyranitar|0 fnt\n|-unboost|p2b: Sneasler|def|1\n|-unboost|p2b: Sneasler|spd|1\n|faint|p1b: Tyranitar\n|-enditem|p2b: Sneasler|White Herb\n|-clearnegativeboost|p2b: Sneasler|[silent]\n|\n|-weather|Sandstorm|[upkeep]\n|-damage|p2b: Sneasler|64/100|[from] Sandstorm\n|-damage|p1a: Basculegion|30/100|[from] Sandstorm\n|upkeep\n|\n|t:|1776269032\n|switch|p1b: Excadrill|Excadrill, L50, M|100/100\n|turn|9\n|\n|t:|1776269038\n|move|p2b: Sneasler|Close Combat|p1b: Excadrill\n|-supereffective|p1b: Excadrill|1\n|-enditem|p1b: Excadrill|Focus Sash\n|-damage|p1b: Excadrill|1/100\n|-unboost|p2b: Sneasler|def|1\n|-unboost|p2b: Sneasler|spd|1\n|move|p1b: Excadrill|Earthquake|p2b: Sneasler|[spread] p1a,p2b\n|-supereffective|p2b: Sneasler|1\n|-damage|p1a: Basculegion|0 fnt\n|-damage|p2b: Sneasler|0 fnt\n|faint|p1a: Basculegion\n|faint|p2b: Sneasler\n|\n|win|tastytjuice\n|raw|tastytjuice's rating: 1292 &rarr; <strong>1310</strong><br />(+18 for winning)\n|raw|ghytor's rating: 1191 &rarr; <strong>1173</strong><br />(-18 for losing)\n|l|\u2606ghytor\n|player|p2|\n",
  "uploadtime": 1776269059,
  "views": 33,
  "formatid": "gen9championsvgc2026regma",
  "rating": 1173,
  "private": 0,
  "password": null
}