{
  "id": "gen9championsvgc2026regma-2589553589",
  "format": "[Gen 9 Champions] VGC 2026 Reg M-A",
  "players": [
    "brand rats",
    "nrandddo"
  ],
  "log": "|j|\u2606brand rats\n|j|\u2606nrandddo\n|t:|1776733569\n|gametype|doubles\n|player|p1|brand rats|winona|1117\n|player|p2|nrandddo|170|1083\n|gen|9\n|tier|[Gen 9 Champions] VGC 2026 Reg M-A\n|rated|\n|rule|Species Clause: Limit one of each Pok\u00e9mon\n|rule|Item Clause: Limit 1 of each item\n|clearpoke\n|poke|p1|Tsareena, L50, F|\n|poke|p1|Zoroark-Hisui, L50, F|\n|poke|p1|Meowstic-F, L50, F|\n|poke|p1|Klefki, L50, F|\n|poke|p1|Blastoise, L50, F|\n|poke|p1|Incineroar, L50, M|\n|poke|p2|Froslass, L50, F|\n|poke|p2|Sneasler, L50, M|\n|poke|p2|Rotom-Wash, L50|\n|poke|p2|Incineroar, L50, F|\n|poke|p2|Aerodactyl, L50, F|\n|poke|p2|Kommo-o, L50, F|\n|teampreview|4\n|inactive|Battle timer is ON: inactive players will automatically lose when time's up. (requested by brand rats)\n|\n|t:|1776733626\n|teamsize|p1|4\n|teamsize|p2|4\n|start\n|switch|p1a: Meowstic|Meowstic-F, L50, F|100/100\n|switch|p1b: Klefki|Klefki, L50, F|100/100\n|switch|p2a: Rotom|Rotom-Wash, L50|100/100\n|switch|p2b: Kommo-o|Kommo-o, L50, F|100/100\n|turn|1\n|\n|t:|1776733643\n|detailschange|p1a: Meowstic|Meowstic-F-Mega, L50, F\n|-mega|p1a: Meowstic|Meowstic|Meowsticite\n|-ability|p1a: Meowstic|Bulletproof|Trace|[from] ability: Trace|[of] p2b: Kommo-o\n|move|p1a: Meowstic|Fake Out|p2b: Kommo-o\n|-damage|p2b: Kommo-o|97/100\n|move|p1b: Klefki|Light Screen|p1b: Klefki\n|-sidestart|p1: brand rats|move: Light Screen\n|move|p2a: Rotom|Electroweb|p1a: Meowstic|[spread] p1a,p1b\n|-damage|p1a: Meowstic|89/100\n|-damage|p1b: Klefki|90/100\n|-unboost|p1a: Meowstic|spe|1\n|-unboost|p1b: Klefki|spe|1\n|cant|p2b: Kommo-o|flinch\n|\n|-heal|p2b: Kommo-o|100/100|[from] item: Leftovers\n|upkeep\n|turn|2\n|\n|t:|1776733663\n|switch|p2a: Froslass|Froslass, L50, F|100/100\n|move|p1b: Klefki|Thunder Wave|p2b: Kommo-o\n|-status|p2b: Kommo-o|par\n|move|p1a: Meowstic|Alluring Voice|p2b: Kommo-o\n|-supereffective|p2b: Kommo-o|2\n|-damage|p2b: Kommo-o|0 fnt\n|faint|p2b: Kommo-o\n|\n|upkeep\n|\n|t:|1776733675\n|switch|p2b: Sneasler|Sneasler, L50, M|100/100\n|turn|3\n|\n|t:|1776733693\n|switch|p1a: Tsareena|Tsareena, L50, F|100/100\n|detailschange|p2a: Froslass|Froslass-Mega, L50, F\n|-mega|p2a: Froslass|Froslass|Froslassite\n|-weather|Snowscape|[from] ability: Snow Warning|[of] p2a: Froslass\n|move|p2b: Sneasler|Fake Out||[still]\n|cant|p1a: Tsareena|ability: Queenly Majesty|Fake Out|[of] p2b: Sneasler\n|move|p1b: Klefki|Thunder Wave|p2a: Froslass\n|-status|p2a: Froslass|par\n|move|p2a: Froslass|Blizzard|p1b: Klefki|[spread] p1a,p1b\n|-supereffective|p1a: Tsareena|1\n|-resisted|p1b: Klefki|1\n|-damage|p1a: Tsareena|38/100\n|-damage|p1b: Klefki|71/100\n|\n|-weather|Snowscape|[upkeep]\n|upkeep\n|turn|4\n|\n|t:|1776733714\n|switch|p2b: Rotom|Rotom-Wash, L50|100/100\n|move|p1a: Tsareena|Protect|p1a: Tsareena\n|-singleturn|p1a: Tsareena|Protect\n|move|p1b: Klefki|Thunder Wave|p2b: Rotom\n|-immune|p2b: Rotom\n|move|p2a: Froslass|Blizzard|p1b: Klefki|[spread] p1b\n|-activate|p1a: Tsareena|move: Protect\n|-resisted|p1b: Klefki|1\n|-damage|p1b: Klefki|54/100\n|\n|-weather|Snowscape|[upkeep]\n|upkeep\n|turn|5\n|\n|t:|1776733732\n|move|p2b: Rotom|Volt Switch|p1a: Tsareena\n|-resisted|p1a: Tsareena|1\n|-damage|p1a: Tsareena|30/100\n|\n|t:|1776733736\n|switch|p2b: Sneasler|Sneasler, L50, M|100/100|[from] Volt Switch\n|move|p1a: Tsareena|Trop Kick|p2b: Sneasler\n|-resisted|p2b: Sneasler|1\n|-damage|p2b: Sneasler|65/100\n|-unboost|p2b: Sneasler|atk|1\n|-enditem|p2b: Sneasler|White Herb\n|-clearnegativeboost|p2b: Sneasler|[silent]\n|move|p2a: Froslass|Blizzard|p1b: Klefki|[spread] p1a,p1b\n|-supereffective|p1a: Tsareena|1\n|-resisted|p1b: Klefki|1\n|-damage|p1a: Tsareena|0 fnt\n|-damage|p1b: Klefki|38/100\n|faint|p1a: Tsareena\n|move|p1b: Klefki|Foul Play|p2a: Froslass\n|-supereffective|p2a: Froslass|1\n|-damage|p2a: Froslass|67/100 par\n|\n|-weather|Snowscape|[upkeep]\n|-sideend|p1: brand rats|move: Light Screen\n|upkeep\n|\n|t:|1776733753\n|switch|p1a: Incineroar|Incineroar, L50, M|100/100\n|-ability|p1a: Incineroar|Intimidate|boost\n|-unboost|p2a: Froslass|atk|1\n|-unboost|p2b: Sneasler|atk|1\n|turn|6\n|\n|t:|1776733775\n|switch|p2b: Rotom|Rotom-Wash, L50|100/100\n|move|p2a: Froslass|Protect|p2a: Froslass\n|-singleturn|p2a: Froslass|Protect\n|move|p1b: Klefki|Light Screen|p1b: Klefki\n|-sidestart|p1: brand rats|move: Light Screen\n|move|p1a: Incineroar|Darkest Lariat|p2a: Froslass\n|-activate|p2a: Froslass|move: Protect\n|\n|-weather|Snowscape|[upkeep]\n|upkeep\n|turn|7\n|\n|t:|1776733798\n|move|p1b: Klefki|Reflect|p1b: Klefki\n|-sidestart|p1: brand rats|Reflect\n|move|p2b: Rotom|Volt Switch|p1a: Incineroar\n|-damage|p1a: Incineroar|83/100\n|\n|t:|1776733804\n|switch|p2b: Sneasler|Sneasler, L50, M|65/100|[from] Volt Switch\n|move|p2a: Froslass|Blizzard|p1a: Incineroar|[spread] p1a,p1b\n|-resisted|p1a: Incineroar|1\n|-resisted|p1b: Klefki|1\n|-damage|p1a: Incineroar|70/100\n|-damage|p1b: Klefki|22/100\n|move|p1a: Incineroar|Parting Shot|p2b: Sneasler\n|-unboost|p2b: Sneasler|atk|1\n|-unboost|p2b: Sneasler|spa|1\n|\n|t:|1776733813\n|switch|p1a: Meowstic|Meowstic-F-Mega, L50, F|89/100|[from] Parting Shot\n|-ability|p1a: Meowstic|Unburden|Trace|[from] ability: Trace|[of] p2b: Sneasler\n|\n|-weather|none\n|upkeep\n|turn|8\n|\n|t:|1776733829\n|switch|p2b: Rotom|Rotom-Wash, L50|100/100\n|move|p1a: Meowstic|Fake Out|p2b: Rotom\n|-damage|p2b: Rotom|95/100\n|move|p1b: Klefki|Thunder Wave|p2b: Rotom\n|-immune|p2b: Rotom\n|move|p2a: Froslass|Shadow Ball|p1b: Klefki\n|-damage|p1b: Klefki|0 fnt\n|faint|p1b: Klefki\n|\n|upkeep\n|\n|t:|1776733832\n|switch|p1b: Incineroar|Incineroar, L50, M|70/100\n|-ability|p1b: Incineroar|Intimidate|boost\n|-unboost|p2a: Froslass|atk|1\n|-unboost|p2b: Rotom|atk|1\n|turn|9\n|l|\u2606nrandddo\n|inactive|nrandddo disconnected and has a minute to reconnect!\n|player|p2|\n|inactive|nrandddo has 30 seconds left.\n|inactive|nrandddo has 20 seconds left.\n|j|\u2606nrandddo\n|inactive|nrandddo reconnected and has 20 seconds left.\n|player|p2|nrandddo|170|\n|inactive|nrandddo has 15 seconds left.\n|inactive|brand rats has 30 seconds left.\n|inactive|nrandddo has 10 seconds left.\n|\n|t:|1776733880\n|move|p2a: Froslass|Protect|p2a: Froslass\n|-singleturn|p2a: Froslass|Protect\n|move|p2b: Rotom|Electroweb|p1a: Meowstic|[spread] p1a,p1b\n|-damage|p1a: Meowstic|77/100\n|-damage|p1b: Incineroar|60/100\n|-unboost|p1a: Meowstic|spe|1\n|-unboost|p1b: Incineroar|spe|1\n|move|p1a: Meowstic|Psychic|p2a: Froslass\n|-activate|p2a: Froslass|move: Protect\n|move|p1b: Incineroar|Darkest Lariat|p2b: Rotom\n|-damage|p2b: Rotom|37/100\n|\n|upkeep\n|turn|10\n|\n|t:|1776733899\n|move|p1a: Meowstic|Protect|p1a: Meowstic\n|-singleturn|p1a: Meowstic|Protect\n|move|p2b: Rotom|Electroweb|p1b: Incineroar|[spread] p1b\n|-activate|p1a: Meowstic|move: Protect\n|-damage|p1b: Incineroar|49/100\n|-unboost|p1b: Incineroar|spe|1\n|move|p2a: Froslass|Shadow Ball|p1a: Meowstic\n|-activate|p1a: Meowstic|move: Protect\n|move|p1b: Incineroar|Flare Blitz|p2a: Froslass\n|-supereffective|p2a: Froslass|1\n|-damage|p2a: Froslass|0 fnt\n|faint|p2a: Froslass\n|-damage|p1b: Incineroar|32/100|[from] Recoil\n|\n|-sideend|p1: brand rats|move: Light Screen\n|upkeep\n|\n|t:|1776733918\n|switch|p2a: Sneasler|Sneasler, L50, M|65/100\n|turn|11\n|\n|t:|1776733934\n|move|p2a: Sneasler|Fake Out|p1a: Meowstic\n|-damage|p1a: Meowstic|61/100\n|move|p2b: Rotom|Electroweb|p1b: Incineroar|[spread] p1a,p1b\n|-damage|p1a: Meowstic|43/100\n|-damage|p1b: Incineroar|16/100\n|-unboost|p1a: Meowstic|spe|1\n|-unboost|p1b: Incineroar|spe|1\n|cant|p1a: Meowstic|flinch\n|move|p1b: Incineroar|Flare Blitz|p2a: Sneasler\n|-damage|p2a: Sneasler|0 fnt\n|faint|p2a: Sneasler\n|-damage|p1b: Incineroar|0 fnt|[from] Recoil\n|faint|p1b: Incineroar\n|\n|-sideend|p1: brand rats|Reflect\n|upkeep\n|turn|12\n|\n|t:|1776733952\n|move|p2b: Rotom|Electroweb|p1a: Meowstic\n|-damage|p1a: Meowstic|20/100\n|-unboost|p1a: Meowstic|spe|1\n|move|p1a: Meowstic|Psychic|p2b: Rotom\n|-damage|p2b: Rotom|0 fnt\n|faint|p2b: Rotom\n|\n|win|brand rats\n|raw|brand rats's rating: 1117 &rarr; <strong>1140</strong><br />(+23 for winning)\n|raw|nrandddo's rating: 1083 &rarr; <strong>1063</strong><br />(-20 for losing)\n",
  "uploadtime": 1776733956,
  "views": 8,
  "formatid": "gen9championsvgc2026regma",
  "rating": 1063,
  "private": 0,
  "password": null
}