{
  "id": "gen9championsvgc2026regma-2586454263",
  "format": "[Gen 9 Champions] VGC 2026 Reg M-A",
  "players": [
    "DellMello",
    "1#MiraidonHater"
  ],
  "log": "|j|\u2606DellMello\n|j|\u26061#MiraidonHater\n|t:|1776435790\n|gametype|doubles\n|player|p1|DellMello|266|1241\n|player|p2|1#MiraidonHater|1|1278\n|gen|9\n|tier|[Gen 9 Champions] VGC 2026 Reg M-A\n|rated|\n|rule|Species Clause: Limit one of each Pok\u00e9mon\n|rule|Item Clause: Limit 1 of each item\n|clearpoke\n|poke|p1|Aggron, L50, M|\n|poke|p1|Incineroar, L50, F|\n|poke|p1|Sinistcha, L50|\n|poke|p1|Pelipper, L50, F|\n|poke|p1|Basculegion, L50, M|\n|poke|p1|Dragonite, L50, F|\n|poke|p2|Glimmora, L50, F|\n|poke|p2|Rotom-Wash, L50|\n|poke|p2|Mamoswine, L50, M|\n|poke|p2|Talonflame, L50, F|\n|poke|p2|Sinistcha-Masterpiece, L50|\n|poke|p2|Kingambit, L50, M|\n|teampreview|4\n|\n|t:|1776435816\n|teamsize|p1|4\n|teamsize|p2|4\n|start\n|switch|p1a: Aggron|Aggron, L50, M, shiny|100/100\n|switch|p1b: Basculegion|Basculegion, L50, M|100/100\n|switch|p2a: Glimmora|Glimmora, L50, F|100/100\n|switch|p2b: Rotom|Rotom-Wash, L50|100/100\n|turn|1\n|\n|t:|1776435847\n|detailschange|p2a: Glimmora|Glimmora-Mega, L50, F\n|-mega|p2a: Glimmora|Glimmora|Glimmoranite\n|detailschange|p1a: Aggron|Aggron-Mega, L50, M, shiny\n|-mega|p1a: Aggron|Aggron|Aggronite\n|move|p2b: Rotom|Electroweb|p1a: Aggron|[spread] p1a,p1b\n|-supereffective|p1b: Basculegion|1\n|-damage|p1a: Aggron|86/100\n|-damage|p1b: Basculegion|57/100\n|-unboost|p1a: Aggron|spe|1\n|-unboost|p1b: Basculegion|spe|1\n|move|p2a: Glimmora|Power Gem|p1b: Basculegion\n|-damage|p1b: Basculegion|0 fnt\n|faint|p1b: Basculegion\n|move|p1a: Aggron|Iron Defense|p1a: Aggron\n|-boost|p1a: Aggron|def|2\n|\n|upkeep\n|\n|t:|1776435886\n|switch|p1b: Sinistcha|Sinistcha, L50|100/100\n|-heal|p1a: Aggron|100/100|[from] ability: Hospitality|[of] p1b: Sinistcha\n|turn|2\n|\n|t:|1776435897\n|switch|p2b: Kingambit|Kingambit, L50, M|100/100\n|move|p2a: Glimmora|Spiky Shield|p2a: Glimmora\n|-singleturn|p2a: Glimmora|move: Protect\n|move|p1a: Aggron|Protect|p1a: Aggron\n|-singleturn|p1a: Aggron|Protect\n|move|p1b: Sinistcha|Trick Room|p1b: Sinistcha\n|-fieldstart|move: Trick Room|[of] p1b: Sinistcha\n|\n|upkeep\n|turn|3\n|\n|t:|1776435915\n|move|p1a: Aggron|Iron Defense|p1a: Aggron\n|-boost|p1a: Aggron|def|2\n|move|p2b: Kingambit|Kowtow Cleave|p1b: Sinistcha\n|-supereffective|p1b: Sinistcha|1\n|-damage|p1b: Sinistcha|6/100\n|move|p1b: Sinistcha|Matcha Gotcha|p2a: Glimmora|[spread] p2a,p2b\n|-resisted|p2b: Kingambit|1\n|-damage|p2a: Glimmora|70/100\n|-heal|p1b: Sinistcha|19/100|[from] drain|[of] p2a: Glimmora\n|-damage|p2b: Kingambit|89/100\n|-heal|p1b: Sinistcha|26/100|[from] drain|[of] p2b: Kingambit\n|move|p2a: Glimmora|Earth Power|p1a: Aggron\n|-supereffective|p1a: Aggron|1\n|-damage|p1a: Aggron|56/100\n|\n|upkeep\n|turn|4\n|\n|t:|1776435941\n|switch|p1b: Incineroar|Incineroar, L50, F|100/100\n|-ability|p1b: Incineroar|Intimidate|boost\n|-unboost|p2a: Glimmora|atk|1\n|-unboost|p2b: Kingambit|atk|1\n|-ability|p2b: Kingambit|Defiant|boost\n|-boost|p2b: Kingambit|atk|2\n|move|p2a: Glimmora|Spiky Shield|p2a: Glimmora\n|-singleturn|p2a: Glimmora|move: Protect\n|move|p2b: Kingambit|Sucker Punch||[still]\n|-fail|p2b: Kingambit\n|move|p1a: Aggron|Body Press|p2b: Kingambit\n|-supereffective|p2b: Kingambit|2\n|-damage|p2b: Kingambit|0 fnt\n|faint|p2b: Kingambit\n|\n|upkeep\n|\n|t:|1776435951\n|switch|p2b: Mamoswine|Mamoswine, L50, M|100/100\n|turn|5\n|\n|t:|1776435962\n|switch|p2a: Rotom|Rotom-Wash, L50|100/100\n|move|p2b: Mamoswine|Protect|p2b: Mamoswine\n|-singleturn|p2b: Mamoswine|Protect\n|move|p1b: Incineroar|Fake Out|p2b: Mamoswine\n|-activate|p2b: Mamoswine|move: Protect\n|move|p1a: Aggron|Body Press|p2a: Rotom\n|-damage|p2a: Rotom|0 fnt\n|faint|p2a: Rotom\n|\n|upkeep\n|\n|t:|1776435972\n|switch|p2a: Glimmora|Glimmora-Mega, L50, F|70/100\n|turn|6\n|\n|t:|1776435978\n|switch|p1b: Sinistcha|Sinistcha, L50|26/100\n|-heal|p1a: Aggron|81/100|[from] ability: Hospitality|[of] p1b: Sinistcha\n|move|p2a: Glimmora|Spiky Shield|p2a: Glimmora\n|-singleturn|p2a: Glimmora|move: Protect\n|move|p1a: Aggron|Body Press|p2b: Mamoswine\n|-supereffective|p2b: Mamoswine|1\n|-enditem|p2b: Mamoswine|Focus Sash\n|-damage|p2b: Mamoswine|1/100\n|move|p2b: Mamoswine|Earthquake|p1b: Sinistcha|[spread] p1a,p1b\n|-activate|p2a: Glimmora|move: Protect\n|-supereffective|p1a: Aggron|1\n|-resisted|p1b: Sinistcha|1\n|-damage|p1a: Aggron|71/100\n|-damage|p1b: Sinistcha|8/100\n|\n|-fieldend|move: Trick Room\n|upkeep\n|turn|7\n|\n|t:|1776435999\n|move|p1b: Sinistcha|Rage Powder|p1b: Sinistcha\n|-singleturn|p1b: Sinistcha|move: Rage Powder\n|move|p2b: Mamoswine|Ice Shard|p1b: Sinistcha\n|-supereffective|p1b: Sinistcha|1\n|-damage|p1b: Sinistcha|0 fnt\n|faint|p1b: Sinistcha\n|move|p2a: Glimmora|Earth Power|p1a: Aggron\n|-supereffective|p1a: Aggron|1\n|-damage|p1a: Aggron|23/100\n|move|p1a: Aggron|Body Press|p2a: Glimmora\n|-damage|p2a: Glimmora|0 fnt\n|faint|p2a: Glimmora\n|\n|upkeep\n|\n|t:|1776436010\n|switch|p1b: Incineroar|Incineroar, L50, F|100/100\n|-ability|p1b: Incineroar|Intimidate|boost\n|-fail|p2b: Mamoswine|unboost|Attack|[from] ability: Oblivious|[of] p2b: Mamoswine\n|turn|8\n|\n|t:|1776436020\n|move|p2b: Mamoswine|Protect|p2b: Mamoswine\n|-singleturn|p2b: Mamoswine|Protect\n|move|p1b: Incineroar|Fake Out|p2b: Mamoswine\n|-activate|p2b: Mamoswine|move: Protect\n|move|p1a: Aggron|Iron Defense|p1a: Aggron\n|-boost|p1a: Aggron|def|2\n|\n|upkeep\n|turn|9\n|\n|t:|1776436030\n|move|p2b: Mamoswine|Earthquake|p1a: Aggron|[spread] p1a,p1b\n|-supereffective|p1a: Aggron|1\n|-supereffective|p1b: Incineroar|1\n|-damage|p1a: Aggron|16/100\n|-damage|p1b: Incineroar|31/100\n|-enditem|p1b: Incineroar|Sitrus Berry|[eat]\n|-heal|p1b: Incineroar|56/100|[from] item: Sitrus Berry\n|move|p1b: Incineroar|Flare Blitz|p2b: Mamoswine\n|-supereffective|p2b: Mamoswine|1\n|-damage|p2b: Mamoswine|0 fnt\n|faint|p2b: Mamoswine\n|-damage|p1b: Incineroar|55/100|[from] Recoil\n|\n|win|DellMello\n",
  "uploadtime": 1776435792,
  "views": 22,
  "formatid": "gen9championsvgc2026regma",
  "rating": null,
  "private": 0,
  "password": null
}