{
  "id": "gen9championsvgc2026regma-2581361179",
  "format": "[Gen 9 Champions] VGC 2026 Reg M-A",
  "players": [
    "scpseptember",
    "Qualitystreet23"
  ],
  "log": "|j|\u2606scpseptember\n|j|\u2606Qualitystreet23\n|t:|1775991664\n|gametype|doubles\n|player|p1|scpseptember|caitlin|1104\n|player|p2|Qualitystreet23|102|1045\n|gen|9\n|tier|[Gen 9 Champions] VGC 2026 Reg M-A\n|rated|\n|rule|Species Clause: Limit one of each Pok\u00e9mon\n|rule|Item Clause: Limit 1 of each item\n|clearpoke\n|poke|p1|Chandelure, L50, F|\n|poke|p1|Maushold-Four, L50|\n|poke|p1|Kommo-o, L50, M|\n|poke|p1|Kangaskhan, L50, F|\n|poke|p1|Basculegion, L50, M|\n|poke|p1|Farigiraf, L50, F|\n|poke|p2|Farigiraf, L50, F|\n|poke|p2|Aggron, L50, M|\n|poke|p2|Incineroar, L50, F|\n|poke|p2|Sneasler, L50, M|\n|poke|p2|Sinistcha, L50|\n|poke|p2|Milotic, L50, F|\n|teampreview|4\n|\n|t:|1775991704\n|teamsize|p1|4\n|teamsize|p2|4\n|start\n|switch|p1a: Kangaskhan|Kangaskhan, L50, F|100/100\n|switch|p1b: Basculegion|Basculegion, L50, M|100/100\n|switch|p2a: Farigiraf|Farigiraf, L50, F|100/100\n|switch|p2b: Incineroar|Incineroar, L50, F|100/100\n|-ability|p2b: Incineroar|Intimidate|boost\n|-fail|p1a: Kangaskhan|unboost|Attack|[from] ability: Inner Focus|[of] p1a: Kangaskhan\n|-unboost|p1b: Basculegion|atk|1\n|turn|1\n|inactive|Battle timer is ON: inactive players will automatically lose when time's up. (requested by scpseptember)\n|\n|t:|1775991722\n|move|p1b: Basculegion|Flip Turn|p2b: Incineroar\n|-supereffective|p2b: Incineroar|1\n|-damage|p2b: Incineroar|45/100\n|-enditem|p2b: Incineroar|Sitrus Berry|[eat]\n|-heal|p2b: Incineroar|70/100|[from] item: Sitrus Berry\n|\n|t:|1775991728\n|switch|p1b: Chandelure|Chandelure, L50, F|100/100|[from] Flip Turn\n|move|p1a: Kangaskhan|Low Kick|p2b: Incineroar\n|-supereffective|p2b: Incineroar|1\n|-damage|p2b: Incineroar|23/100\n|move|p2b: Incineroar|Parting Shot|p1a: Kangaskhan\n|-unboost|p1a: Kangaskhan|atk|1\n|-unboost|p1a: Kangaskhan|spa|1\n|\n|t:|1775991738\n|switch|p2b: Aggron|Aggron, L50, M|100/100|[from] Parting Shot\n|move|p2a: Farigiraf|Trick Room|p2a: Farigiraf\n|-fieldstart|move: Trick Room|[of] p2a: Farigiraf\n|\n|upkeep\n|turn|2\n|\n|t:|1775991763\n|detailschange|p2b: Aggron|Aggron-Mega, L50, M\n|-mega|p2b: Aggron|Aggron|Aggronite\n|detailschange|p1a: Kangaskhan|Kangaskhan-Mega, L50, F\n|-mega|p1a: Kangaskhan|Kangaskhan|Kangaskhanite\n|move|p1b: Chandelure|Protect|p1b: Chandelure\n|-singleturn|p1b: Chandelure|Protect\n|move|p2b: Aggron|Head Smash|p1b: Chandelure\n|-activate|p1b: Chandelure|move: Protect\n|move|p2a: Farigiraf|Psychic|p1b: Chandelure\n|-activate|p1b: Chandelure|move: Protect\n|move|p1a: Kangaskhan|Low Kick|p2b: Aggron\n|-supereffective|p2b: Aggron|1\n|-damage|p2b: Aggron|78/100\n|-supereffective|p2b: Aggron|1\n|-damage|p2b: Aggron|73/100\n|-hitcount|p2b: Aggron|2\n|\n|upkeep\n|turn|3\n|inactive|scpseptember has 30 seconds left.\n|\n|t:|1775991798\n|switch|p1b: Kommo-o|Kommo-o, L50, M|100/100\n|move|p2b: Aggron|Head Smash|p1b: Kommo-o\n|-resisted|p1b: Kommo-o|1\n|-damage|p1b: Kommo-o|82/100\n|-damage|p2b: Aggron|61/100|[from] Recoil\n|move|p2a: Farigiraf|Psychic|p1b: Kommo-o\n|-supereffective|p1b: Kommo-o|1\n|-damage|p1b: Kommo-o|15/100\n|move|p1a: Kangaskhan|Low Kick|p2b: Aggron\n|-supereffective|p2b: Aggron|1\n|-damage|p2b: Aggron|36/100\n|-supereffective|p2b: Aggron|1\n|-damage|p2b: Aggron|32/100\n|-hitcount|p2b: Aggron|2\n|\n|-heal|p1b: Kommo-o|21/100|[from] item: Leftovers\n|upkeep\n|turn|4\n|\n|t:|1775991819\n|move|p2b: Aggron|Body Press|p1a: Kangaskhan\n|-supereffective|p1a: Kangaskhan|1\n|-damage|p1a: Kangaskhan|14/100\n|move|p2a: Farigiraf|Psychic|p1b: Kommo-o\n|-supereffective|p1b: Kommo-o|1\n|-damage|p1b: Kommo-o|0 fnt\n|faint|p1b: Kommo-o\n|move|p1a: Kangaskhan|Low Kick|p2b: Aggron\n|-supereffective|p2b: Aggron|1\n|-damage|p2b: Aggron|6/100\n|-supereffective|p2b: Aggron|1\n|-damage|p2b: Aggron|1/100\n|-hitcount|p2b: Aggron|2\n|\n|upkeep\n|\n|t:|1775991829\n|switch|p1b: Chandelure|Chandelure, L50, F|100/100\n|turn|5\n|\n|t:|1775991840\n|move|p1b: Chandelure|Protect|p1b: Chandelure\n|-singleturn|p1b: Chandelure|Protect\n|move|p1a: Kangaskhan|Protect|p1a: Kangaskhan\n|-singleturn|p1a: Kangaskhan|Protect\n|move|p2b: Aggron|Head Smash|p1b: Chandelure\n|-activate|p1b: Chandelure|move: Protect\n|move|p2a: Farigiraf|Hyper Voice|p1b: Chandelure|[spread] \n|-activate|p1a: Kangaskhan|move: Protect\n|-activate|p1b: Chandelure|move: Protect\n|\n|-fieldend|move: Trick Room\n|upkeep\n|turn|6\n|\n|t:|1775991850\n|move|p2b: Aggron|Protect|p2b: Aggron\n|-singleturn|p2b: Aggron|Protect\n|move|p1a: Kangaskhan|Low Kick|p2b: Aggron\n|-activate|p2b: Aggron|move: Protect\n|move|p1b: Chandelure|Substitute|p1b: Chandelure\n|-start|p1b: Chandelure|Substitute\n|-damage|p1b: Chandelure|76/100\n|move|p2a: Farigiraf|Trick Room|p2a: Farigiraf\n|-fieldstart|move: Trick Room|[of] p2a: Farigiraf\n|\n|upkeep\n|turn|7\n|\n|t:|1775991870\n|move|p1a: Kangaskhan|Protect|p1a: Kangaskhan\n|-singleturn|p1a: Kangaskhan|Protect\n|move|p2b: Aggron|Body Press|p1a: Kangaskhan\n|-activate|p1a: Kangaskhan|move: Protect\n|move|p2a: Farigiraf|Psychic|p1b: Chandelure\n|-end|p1b: Chandelure|Substitute\n|move|p1b: Chandelure|Heat Wave|p2b: Aggron|[spread] p2a,p2b\n|-supereffective|p2b: Aggron|1\n|-damage|p2a: Farigiraf|65/100\n|-damage|p2b: Aggron|0 fnt\n|faint|p2b: Aggron\n|\n|upkeep\n|\n|t:|1775991875\n|switch|p2b: Incineroar|Incineroar, L50, F|23/100\n|-ability|p2b: Incineroar|Intimidate|boost\n|-unboost|p1a: Kangaskhan|atk|1\n|-unboost|p1b: Chandelure|atk|1\n|turn|8\n|\n|t:|1775991892\n|switch|p1a: Basculegion|Basculegion, L50, M|100/100\n|move|p1b: Chandelure|Protect|p1b: Chandelure\n|-singleturn|p1b: Chandelure|Protect\n|move|p2a: Farigiraf|Psychic|p1b: Chandelure\n|-activate|p1b: Chandelure|move: Protect\n|move|p2b: Incineroar|Flare Blitz|p1a: Basculegion\n|-resisted|p1a: Basculegion|1\n|-damage|p1a: Basculegion|70/100\n|-damage|p2b: Incineroar|13/100|[from] Recoil\n|\n|upkeep\n|turn|9\n|\n|t:|1775991906\n|switch|p1a: Kangaskhan|Kangaskhan-Mega, L50, F|14/100\n|move|p2a: Farigiraf|Psychic|p1b: Chandelure\n|-damage|p1b: Chandelure|32/100\n|move|p2b: Incineroar|Parting Shot|p1a: Kangaskhan\n|-unboost|p1a: Kangaskhan|atk|1\n|-unboost|p1a: Kangaskhan|spa|1\n|\n|t:|1775991909\n|switch|p2b: Sinistcha|Sinistcha, L50|100/100|[from] Parting Shot\n|-heal|p2a: Farigiraf|89/100|[from] ability: Hospitality|[of] p2b: Sinistcha\n|move|p1b: Chandelure|Heat Wave|p2b: Sinistcha|[spread] p2a,p2b\n|-supereffective|p2b: Sinistcha|1\n|-damage|p2a: Farigiraf|52/100\n|-damage|p2b: Sinistcha|3/100\n|-status|p2a: Farigiraf|brn\n|\n|-heal|p2b: Sinistcha|9/100|[from] item: Leftovers\n|-damage|p2a: Farigiraf|46/100 brn|[from] brn\n|upkeep\n|turn|10\n|inactive|Qualitystreet23 has 30 seconds left.\n|\n|t:|1775991943\n|move|p1b: Chandelure|Protect|p1b: Chandelure\n|-singleturn|p1b: Chandelure|Protect\n|move|p1a: Kangaskhan|Protect|p1a: Kangaskhan\n|-singleturn|p1a: Kangaskhan|Protect\n|move|p2a: Farigiraf|Psychic|p1a: Kangaskhan\n|-activate|p1a: Kangaskhan|move: Protect\n|move|p2b: Sinistcha|Calm Mind|p2b: Sinistcha\n|-boost|p2b: Sinistcha|spa|1\n|-boost|p2b: Sinistcha|spd|1\n|\n|-heal|p2b: Sinistcha|15/100|[from] item: Leftovers\n|-damage|p2a: Farigiraf|39/100 brn|[from] brn\n|-fieldend|move: Trick Room\n|upkeep\n|turn|11\n|\n|t:|1775991959\n|move|p1a: Kangaskhan|Double-Edge|p2a: Farigiraf\n|-damage|p2a: Farigiraf|3/100 brn\n|-damage|p2a: Farigiraf|0 fnt\n|faint|p2a: Farigiraf\n|-hitcount|p2: Farigiraf|2\n|-damage|p1a: Kangaskhan|0 fnt|[from] Recoil\n|faint|p1a: Kangaskhan\n|move|p1b: Chandelure|Shadow Ball|p2b: Sinistcha\n|-supereffective|p2b: Sinistcha|1\n|-damage|p2b: Sinistcha|0 fnt\n|faint|p2b: Sinistcha\n|\n|upkeep\n|\n|t:|1775991970\n|switch|p1a: Basculegion|Basculegion, L50, M|70/100\n|switch|p2a: Incineroar|Incineroar, L50, F|13/100\n|-ability|p2a: Incineroar|Intimidate|boost\n|-unboost|p1a: Basculegion|atk|1\n|-unboost|p1b: Chandelure|atk|1\n|turn|12\n|-message|Qualitystreet23 forfeited.\n|\n|win|scpseptember\n|raw|scpseptember's rating: 1104 &rarr; <strong>1125</strong><br />(+21 for winning)\n|raw|Qualitystreet23's rating: 1045 &rarr; <strong>1031</strong><br />(-14 for losing)\n|l|\u2606Qualitystreet23\n|player|p2|\n",
  "uploadtime": 1775991981,
  "views": 18,
  "formatid": "gen9championsvgc2026regma",
  "rating": 1031,
  "private": 0,
  "password": null
}