{
  "id": "gen9championsvgc2026regma-2583881379",
  "format": "[Gen 9 Champions] VGC 2026 Reg M-A",
  "players": [
    "Alucinas",
    "betomoraz"
  ],
  "log": "|j|\u2606Alucinas\n|j|\u2606betomoraz\n|t:|1776205084\n|gametype|doubles\n|player|p1|Alucinas|lusamine|1142\n|player|p2|betomoraz|101|1153\n|gen|9\n|tier|[Gen 9 Champions] VGC 2026 Reg M-A\n|rated|\n|rule|Species Clause: Limit one of each Pok\u00e9mon\n|rule|Item Clause: Limit 1 of each item\n|clearpoke\n|poke|p1|Tyranitar, L50, F|\n|poke|p1|Glimmora, L50, F|\n|poke|p1|Kommo-o, L50, F|\n|poke|p1|Sinistcha, L50|\n|poke|p1|Gyarados, L50, F|\n|poke|p1|Gardevoir, L50, F|\n|poke|p2|Pelipper, L50, F|\n|poke|p2|Archaludon, L50, F|\n|poke|p2|Dragonite, L50, F|\n|poke|p2|Sinistcha, L50|\n|poke|p2|Incineroar, L50, M|\n|poke|p2|Starmie, L50|\n|teampreview|4\n|inactive|Battle timer is ON: inactive players will automatically lose when time's up. (requested by betomoraz)\n|\n|t:|1776205156\n|teamsize|p1|4\n|teamsize|p2|4\n|start\n|switch|p1a: Tyranitar|Tyranitar, L50, F, shiny|100/100\n|switch|p1b: Sinistcha|Sinistcha, L50, shiny|100/100\n|switch|p2a: Pelipper|Pelipper, L50, F|100/100\n|switch|p2b: Archaludon|Archaludon, L50, F|100/100\n|-weather|RainDance|[from] ability: Drizzle|[of] p2a: Pelipper\n|-weather|Sandstorm|[from] ability: Sand Stream|[of] p1a: Tyranitar\n|turn|1\n|inactive|betomoraz has 30 seconds left.\n|inactive|betomoraz has 20 seconds left.\n|inactive|betomoraz has 15 seconds left.\n|inactive|betomoraz has 10 seconds left.\n|inactive|betomoraz has 5 seconds left.\n|\n|t:|1776205211\n|move|p2a: Pelipper|Hurricane|p1b: Sinistcha\n|-supereffective|p1b: Sinistcha|1\n|-damage|p1b: Sinistcha|9/100\n|-enditem|p1b: Sinistcha|Sitrus Berry|[eat]\n|-heal|p1b: Sinistcha|34/100|[from] item: Sitrus Berry\n|move|p1a: Tyranitar|Stealth Rock|p2a: Pelipper\n|-sidestart|p2: betomoraz|move: Stealth Rock\n|move|p2b: Archaludon|Draco Meteor|p1a: Tyranitar\n|-damage|p1a: Tyranitar|56/100\n|-unboost|p2b: Archaludon|spa|2\n|move|p1b: Sinistcha|Trick Room|p1b: Sinistcha\n|-fieldstart|move: Trick Room|[of] p1b: Sinistcha\n|\n|-weather|Sandstorm|[upkeep]\n|-damage|p1b: Sinistcha|28/100|[from] Sandstorm\n|-damage|p2a: Pelipper|95/100|[from] Sandstorm\n|upkeep\n|turn|2\n|inactive|betomoraz has 30 seconds left.\n|\n|t:|1776205244\n|switch|p2a: Sinistcha|Sinistcha, L50|100/100\n|-damage|p2a: Sinistcha|88/100|[from] Stealth Rock\n|detailschange|p1a: Tyranitar|Tyranitar-Mega, L50, F, shiny\n|-mega|p1a: Tyranitar|Tyranitar|Tyranitarite\n|move|p1b: Sinistcha|Life Dew|p1b: Sinistcha|[spread] p1a,p1b\n|-heal|p1a: Tyranitar|81/100\n|-heal|p1b: Sinistcha|53/100\n|move|p2b: Archaludon|Flash Cannon|p1b: Sinistcha\n|-damage|p1b: Sinistcha|35/100\n|move|p1a: Tyranitar|Rock Slide|p2b: Archaludon|[spread] p2a,p2b\n|-resisted|p2b: Archaludon|1\n|-damage|p2a: Sinistcha|54/100\n|-damage|p2b: Archaludon|86/100\n|-ability|p2b: Archaludon|Stamina|boost\n|-boost|p2b: Archaludon|def|1\n|\n|-weather|Sandstorm|[upkeep]\n|-damage|p1b: Sinistcha|29/100|[from] Sandstorm\n|-damage|p2a: Sinistcha|48/100|[from] Sandstorm\n|-enditem|p2a: Sinistcha|Sitrus Berry|[eat]\n|-heal|p2a: Sinistcha|73/100|[from] item: Sitrus Berry\n|-heal|p2b: Archaludon|92/100|[from] item: Leftovers\n|upkeep\n|turn|3\n|inactive|betomoraz has 30 seconds left.\n|inactive|betomoraz has 20 seconds left.\n|inactive|betomoraz has 15 seconds left.\n|\n|t:|1776205287\n|move|p1b: Sinistcha|Life Dew|p1b: Sinistcha|[spread] p1a,p1b\n|-heal|p1a: Tyranitar|100/100\n|-heal|p1b: Sinistcha|54/100\n|move|p2a: Sinistcha|Life Dew|p2a: Sinistcha|[spread] p2a,p2b\n|-heal|p2a: Sinistcha|98/100\n|-heal|p2b: Archaludon|100/100\n|move|p2b: Archaludon|Flash Cannon|p1b: Sinistcha\n|-damage|p1b: Sinistcha|35/100\n|move|p1a: Tyranitar|Knock Off|p2a: Sinistcha\n|-supereffective|p2a: Sinistcha|1\n|-damage|p2a: Sinistcha|12/100\n|\n|-weather|Sandstorm|[upkeep]\n|-damage|p1b: Sinistcha|29/100|[from] Sandstorm\n|-damage|p2a: Sinistcha|6/100|[from] Sandstorm\n|upkeep\n|turn|4\n|inactive|betomoraz has 30 seconds left.\n|inactive|Alucinas has 30 seconds left.\n|\n|t:|1776205322\n|switch|p2a: Incineroar|Incineroar, L50, M|100/100\n|-damage|p2a: Incineroar|76/100|[from] Stealth Rock\n|-ability|p2a: Incineroar|Intimidate|boost\n|-unboost|p1a: Tyranitar|atk|1\n|-unboost|p1b: Sinistcha|atk|1\n|move|p2b: Archaludon|Protect|p2b: Archaludon\n|-singleturn|p2b: Archaludon|Protect\n|move|p1b: Sinistcha|Life Dew||[still]|[spread] p1a,p1b\n|-fail|p1a: Tyranitar|heal\n|-heal|p1b: Sinistcha|54/100\n|move|p1a: Tyranitar|Knock Off|p2b: Archaludon\n|-activate|p2b: Archaludon|move: Protect\n|\n|-weather|Sandstorm|[upkeep]\n|-damage|p1b: Sinistcha|48/100|[from] Sandstorm\n|-damage|p2a: Incineroar|70/100|[from] Sandstorm\n|upkeep\n|turn|5\n|inactive|betomoraz has 30 seconds left.\n|inactive|betomoraz has 20 seconds left.\n|inactive|betomoraz has 15 seconds left.\n|\n|t:|1776205362\n|switch|p1a: Glimmora|Glimmora, L50, F, shiny|100/100\n|move|p2a: Incineroar|Fake Out|p1a: Glimmora\n|-resisted|p1a: Glimmora|1\n|-damage|p1a: Glimmora|94/100\n|-activate|p1a: Glimmora|ability: Toxic Debris\n|-sidestart|p2: betomoraz|move: Toxic Spikes\n|move|p1b: Sinistcha|Life Dew|p1b: Sinistcha|[spread] p1a,p1b\n|-heal|p1a: Glimmora|100/100\n|-heal|p1b: Sinistcha|74/100\n|move|p2b: Archaludon|Flash Cannon|p1a: Glimmora\n|-supereffective|p1a: Glimmora|1\n|-damage|p1a: Glimmora|63/100\n|\n|-weather|none\n|-fieldend|move: Trick Room\n|upkeep\n|turn|6\n|inactive|betomoraz has 30 seconds left.\n|\n|t:|1776205390\n|move|p2b: Archaludon|Protect|p2b: Archaludon\n|-singleturn|p2b: Archaludon|Protect\n|move|p1a: Glimmora|Power Gem|p2a: Incineroar\n|-supereffective|p2a: Incineroar|1\n|-damage|p2a: Incineroar|0 fnt\n|faint|p2a: Incineroar\n|move|p1b: Sinistcha|Trick Room|p1b: Sinistcha\n|-fieldstart|move: Trick Room|[of] p1b: Sinistcha\n|\n|upkeep\n|\n|t:|1776205409\n|switch|p2a: Sinistcha|Sinistcha, L50|6/100\n|-damage|p2a: Sinistcha|0 fnt|[from] Stealth Rock\n|faint|p2a: Sinistcha\n|\n|t:|1776205415\n|switch|p2a: Pelipper|Pelipper, L50, F|95/100\n|-damage|p2a: Pelipper|70/100|[from] Stealth Rock\n|-weather|RainDance|[from] ability: Drizzle|[of] p2a: Pelipper\n|turn|7\n|\n|t:|1776205433\n|switch|p1b: Tyranitar|Tyranitar-Mega, L50, F, shiny|100/100\n|-weather|Sandstorm|[from] ability: Sand Stream|[of] p1b: Tyranitar\n|move|p1a: Glimmora|Spiky Shield|p1a: Glimmora\n|-singleturn|p1a: Glimmora|move: Protect\n|move|p2b: Archaludon|Flash Cannon|p1a: Glimmora\n|-activate|p1a: Glimmora|move: Protect\n|move|p2a: Pelipper|Hydro Pump|p1a: Glimmora\n|-activate|p1a: Glimmora|move: Protect\n|\n|-weather|Sandstorm|[upkeep]\n|-damage|p2a: Pelipper|64/100|[from] Sandstorm\n|upkeep\n|turn|8\n|\n|t:|1776205453\n|move|p2b: Archaludon|Flash Cannon|p1b: Tyranitar\n|-supereffective|p1b: Tyranitar|1\n|-damage|p1b: Tyranitar|79/100\n|move|p1b: Tyranitar|Rock Slide|p2b: Archaludon|[spread] p2a\n|-miss|p1b: Tyranitar|p2b: Archaludon\n|-supereffective|p2a: Pelipper|1\n|-damage|p2a: Pelipper|0 fnt\n|faint|p2a: Pelipper\n|move|p1a: Glimmora|Earth Power|p2b: Archaludon\n|-supereffective|p2b: Archaludon|1\n|-damage|p2b: Archaludon|40/100\n|-ability|p2b: Archaludon|Stamina|boost\n|-boost|p2b: Archaludon|def|1\n|\n|-weather|Sandstorm|[upkeep]\n|-heal|p2b: Archaludon|46/100|[from] item: Leftovers\n|upkeep\n|turn|9\n|\n|t:|1776205472\n|switch|p1b: Sinistcha|Sinistcha, L50, shiny|74/100\n|-heal|p1a: Glimmora|87/100|[from] ability: Hospitality|[of] p1b: Sinistcha\n|move|p2b: Archaludon|Flash Cannon|p1a: Glimmora\n|-supereffective|p1a: Glimmora|1\n|-damage|p1a: Glimmora|50/100\n|move|p1a: Glimmora|Earth Power|p2b: Archaludon\n|-supereffective|p2b: Archaludon|1\n|-damage|p2b: Archaludon|0 fnt\n|faint|p2b: Archaludon\n|\n|win|Alucinas\n|raw|Alucinas's rating: 1142 &rarr; <strong>1168</strong><br />(+26 for winning)\n|raw|betomoraz's rating: 1153 &rarr; <strong>1127</strong><br />(-26 for losing)\n|l|\u2606betomoraz\n|player|p2|\n",
  "uploadtime": 1776205486,
  "views": 43,
  "formatid": "gen9championsvgc2026regma",
  "rating": 1127,
  "private": 0,
  "password": null
}