{
  "id": "gen9championsvgc2026regma-2582653233",
  "format": "[Gen 9 Champions] VGC 2026 Reg M-A",
  "players": [
    "Jckked",
    "pabilisco"
  ],
  "log": "|j|\u2606Jckked\n|j|\u2606pabilisco\n|t:|1776105142\n|gametype|doubles\n|player|p1|Jckked|265|1045\n|player|p2|pabilisco|rosa-masters3|1000\n|gen|9\n|tier|[Gen 9 Champions] VGC 2026 Reg M-A\n|rated|\n|rule|Species Clause: Limit one of each Pok\u00e9mon\n|rule|Item Clause: Limit 1 of each item\n|clearpoke\n|poke|p1|Aggron, L50, F|\n|poke|p1|Aerodactyl, L50, F|\n|poke|p1|Sinistcha, L50|\n|poke|p1|Dragonite, L50, F|\n|poke|p1|Incineroar, L50, M|\n|poke|p1|Pelipper, L50, M|\n|poke|p2|Golurk, L50|\n|poke|p2|Empoleon, L50, F|\n|poke|p2|Sinistcha, L50|\n|poke|p2|Incineroar, L50, F|\n|poke|p2|Hatterene, L50, F|\n|poke|p2|Toucannon, L50, M|\n|teampreview|4\n|inactive|Battle timer is ON: inactive players will automatically lose when time's up. (requested by Jckked)\n|\n|t:|1776105191\n|teamsize|p1|4\n|teamsize|p2|4\n|start\n|switch|p1a: Aggron|Aggron, L50, F|100/100\n|switch|p1b: Incineroar|Incineroar, L50, M|100/100\n|switch|p2a: Incineroar|Incineroar, L50, F|100/100\n|switch|p2b: Sinistcha|Sinistcha, L50|100/100\n|-ability|p2a: Incineroar|Intimidate|boost\n|-unboost|p1a: Aggron|atk|1\n|-unboost|p1b: Incineroar|atk|1\n|-ability|p1b: Incineroar|Intimidate|boost\n|-unboost|p2a: Incineroar|atk|1\n|-unboost|p2b: Sinistcha|atk|1\n|turn|1\n|inactive|Jckked has 30 seconds left.\n|inactive|Jckked has 20 seconds left.\n|inactive|Jckked has 15 seconds left.\n|inactive|Jckked has 10 seconds left.\n|\n|t:|1776105240\n|switch|p1b: Sinistcha|Sinistcha, L50|100/100\n|detailschange|p1a: Aggron|Aggron-Mega, L50, F\n|-mega|p1a: Aggron|Aggron|Aggronite\n|move|p2a: Incineroar|Fake Out|p1b: Sinistcha\n|-immune|p1b: Sinistcha\n|move|p1a: Aggron|Iron Defense|p1a: Aggron\n|-boost|p1a: Aggron|def|2\n|move|p2b: Sinistcha|Trick Room|p2b: Sinistcha\n|-fieldstart|move: Trick Room|[of] p2b: Sinistcha\n|\n|upkeep\n|turn|2\n|inactive|Jckked has 30 seconds left.\n|\n|t:|1776105271\n|move|p1a: Aggron|Iron Defense|p1a: Aggron\n|-boost|p1a: Aggron|def|2\n|move|p1b: Sinistcha|Matcha Gotcha|p2a: Incineroar|[spread] p2a,p2b\n|-resisted|p2a: Incineroar|1\n|-resisted|p2b: Sinistcha|1\n|-damage|p2a: Incineroar|89/100\n|-damage|p2b: Sinistcha|88/100\n|move|p2b: Sinistcha|Matcha Gotcha|p1a: Aggron|[spread] p1a,p1b\n|-resisted|p1a: Aggron|1\n|-resisted|p1b: Sinistcha|1\n|-damage|p1a: Aggron|91/100\n|-heal|p2b: Sinistcha|92/100|[from] drain|[of] p1a: Aggron\n|-damage|p1b: Sinistcha|90/100\n|-heal|p2b: Sinistcha|97/100|[from] drain|[of] p1b: Sinistcha\n|move|p2a: Incineroar|Parting Shot|p1a: Aggron\n|-unboost|p1a: Aggron|atk|1\n|-unboost|p1a: Aggron|spa|1\n|\n|t:|1776105291\n|switch|p2a: Golurk|Golurk, L50|100/100|[from] Parting Shot\n|\n|upkeep\n|turn|3\n|inactive|Jckked has 30 seconds left.\n|\n|t:|1776105319\n|switch|p1a: Incineroar|Incineroar, L50, M|100/100\n|-ability|p1a: Incineroar|Intimidate|boost\n|-unboost|p2a: Golurk|atk|1\n|-unboost|p2b: Sinistcha|atk|1\n|switch|p2b: Empoleon|Empoleon, L50, F|100/100\n|detailschange|p2a: Golurk|Golurk-Mega, L50\n|-mega|p2a: Golurk|Golurk|Golurkite\n|move|p1b: Sinistcha|Protect|p1b: Sinistcha\n|-singleturn|p1b: Sinistcha|Protect\n|move|p2a: Golurk|High Horsepower|p1a: Incineroar\n|-supereffective|p1a: Incineroar|1\n|-damage|p1a: Incineroar|25/100\n|-enditem|p1a: Incineroar|Sitrus Berry|[eat]\n|-heal|p1a: Incineroar|50/100|[from] item: Sitrus Berry\n|\n|upkeep\n|turn|4\n|\n|t:|1776105341\n|move|p1a: Incineroar|Fake Out|p2b: Empoleon\n|-resisted|p2b: Empoleon|1\n|-crit|p2b: Empoleon\n|-damage|p2b: Empoleon|95/100\n|move|p2a: Golurk|Ice Punch|p1b: Sinistcha\n|-supereffective|p1b: Sinistcha|1\n|-damage|p1b: Sinistcha|48/100\n|cant|p2b: Empoleon|flinch\n|move|p1b: Sinistcha|Matcha Gotcha|p2a: Golurk|[spread] p2b\n|-miss|p1b: Sinistcha|p2a: Golurk\n|-damage|p2b: Empoleon|76/100\n|-heal|p1b: Sinistcha|58/100|[from] drain|[of] p2b: Empoleon\n|\n|upkeep\n|turn|5\n|inactive|Jckked has 30 seconds left.\n|\n|t:|1776105373\n|move|p1b: Sinistcha|Protect|p1b: Sinistcha\n|-singleturn|p1b: Sinistcha|Protect\n|move|p2a: Golurk|Ice Punch|p1b: Sinistcha\n|-supereffective|p1b: Sinistcha|1\n|-ability|p2a: Golurk|Unseen Fist\n|-zbroken|p1b: Sinistcha\n|-damage|p1b: Sinistcha|48/100\n|move|p2b: Empoleon|Hydro Pump|p1a: Incineroar\n|-supereffective|p1a: Incineroar|1\n|-crit|p1a: Incineroar\n|-damage|p1a: Incineroar|0 fnt\n|faint|p1a: Incineroar\n|\n|-fieldend|move: Trick Room\n|upkeep\n|\n|t:|1776105387\n|switch|p1a: Pelipper|Pelipper, L50, M|100/100\n|-weather|RainDance|[from] ability: Drizzle|[of] p1a: Pelipper\n|turn|6\n|inactive|Jckked has 30 seconds left.\n|\n|t:|1776105413\n|switch|p1b: Aggron|Aggron-Mega, L50, F|91/100\n|move|p2a: Golurk|Protect|p2a: Golurk\n|-singleturn|p2a: Golurk|Protect\n|move|p1a: Pelipper|Hurricane|p2a: Golurk\n|-activate|p2a: Golurk|move: Protect\n|move|p2b: Empoleon|Hydro Pump|p1b: Aggron\n|-damage|p1b: Aggron|36/100\n|\n|-weather|RainDance|[upkeep]\n|upkeep\n|turn|7\n|\n|t:|1776105434\n|switch|p1a: Sinistcha|Sinistcha, L50|48/100\n|-heal|p1b: Aggron|60/100|[from] ability: Hospitality|[of] p1a: Sinistcha\n|switch|p2a: Sinistcha|Sinistcha, L50|97/100\n|-heal|p2b: Empoleon|100/100|[from] ability: Hospitality|[of] p2a: Sinistcha\n|move|p1b: Aggron|Protect|p1b: Aggron\n|-singleturn|p1b: Aggron|Protect\n|move|p2b: Empoleon|Hydro Pump|p1b: Aggron\n|-activate|p1b: Aggron|move: Protect\n|\n|-weather|RainDance|[upkeep]\n|upkeep\n|turn|8\n|\n|t:|1776105452\n|switch|p1a: Pelipper|Pelipper, L50, M|100/100\n|move|p2b: Empoleon|Protect|p2b: Empoleon\n|-singleturn|p2b: Empoleon|Protect\n|move|p1b: Aggron|Body Press|p2b: Empoleon\n|-activate|p2b: Empoleon|move: Protect\n|move|p2a: Sinistcha|Trick Room|p2a: Sinistcha\n|-fieldstart|move: Trick Room|[of] p2a: Sinistcha\n|\n|-weather|RainDance|[upkeep]\n|upkeep\n|turn|9\n|\n|t:|1776105476\n|switch|p1a: Sinistcha|Sinistcha, L50|48/100\n|-heal|p1b: Aggron|85/100|[from] ability: Hospitality|[of] p1a: Sinistcha\n|move|p1b: Aggron|Iron Defense|p1b: Aggron\n|-boost|p1b: Aggron|def|2\n|move|p2b: Empoleon|Hydro Pump|p1b: Aggron\n|-damage|p1b: Aggron|27/100\n|move|p2a: Sinistcha|Matcha Gotcha|p1a: Sinistcha|[spread] p1a,p1b\n|-resisted|p1a: Sinistcha|1\n|-resisted|p1b: Aggron|1\n|-damage|p1a: Sinistcha|38/100\n|-heal|p2a: Sinistcha|100/100|[from] drain|[of] p1a: Sinistcha\n|-damage|p1b: Aggron|17/100\n|\n|-weather|RainDance|[upkeep]\n|upkeep\n|turn|10\n|\n|t:|1776105502\n|switch|p2b: Golurk|Golurk-Mega, L50|100/100\n|switch|p1a: Pelipper|Pelipper, L50, M|100/100\n|move|p1b: Aggron|Body Press|p2b: Golurk\n|-immune|p2b: Golurk\n|move|p2a: Sinistcha|Matcha Gotcha|p1b: Aggron|[spread] p1a,p1b\n|-resisted|p1b: Aggron|1\n|-damage|p1a: Pelipper|57/100\n|-damage|p1b: Aggron|7/100\n|\n|-weather|none\n|upkeep\n|turn|11\n|\n|t:|1776105520\n|switch|p1a: Sinistcha|Sinistcha, L50|38/100\n|-heal|p1b: Aggron|32/100|[from] ability: Hospitality|[of] p1a: Sinistcha\n|move|p1b: Aggron|Protect|p1b: Aggron\n|-singleturn|p1b: Aggron|Protect\n|move|p2b: Golurk|High Horsepower|p1b: Aggron\n|-supereffective|p1b: Aggron|1\n|-ability|p2b: Golurk|Unseen Fist\n|-zbroken|p1b: Aggron\n|-damage|p1b: Aggron|26/100\n|move|p2a: Sinistcha|Matcha Gotcha|p1b: Aggron|[spread] p1a\n|-activate|p1b: Aggron|move: Protect\n|-resisted|p1a: Sinistcha|1\n|-damage|p1a: Sinistcha|28/100\n|\n|upkeep\n|turn|12\n|inactive|Jckked has 30 seconds left.\n|inactive|pabilisco has 30 seconds left.\n|\n|t:|1776105548\n|switch|p1a: Pelipper|Pelipper, L50, M|57/100\n|-weather|RainDance|[from] ability: Drizzle|[of] p1a: Pelipper\n|move|p2b: Golurk|Headlong Rush|p1b: Aggron\n|-supereffective|p1b: Aggron|1\n|-damage|p1b: Aggron|0 fnt\n|-unboost|p2b: Golurk|def|1\n|-unboost|p2b: Golurk|spd|1\n|faint|p1b: Aggron\n|move|p2a: Sinistcha|Matcha Gotcha|p1a: Pelipper\n|-damage|p1a: Pelipper|0 fnt\n|faint|p1a: Pelipper\n|\n|-weather|RainDance|[upkeep]\n|-fieldend|move: Trick Room\n|upkeep\n|-message|Jckked forfeited.\n|\n|win|pabilisco\n|raw|Jckked's rating: 1045 &rarr; <strong>1026</strong><br />(-19 for losing)\n|raw|pabilisco's rating: 1000 &rarr; <strong>1045</strong><br />(+45 for winning)\n|l|\u2606Jckked\n|player|p1|\n",
  "uploadtime": 1776105567,
  "views": 25,
  "formatid": "gen9championsvgc2026regma",
  "rating": 1026,
  "private": 0,
  "password": null
}