{
  "id": "gen9championsvgc2026regma-2585543133",
  "format": "[Gen 9 Champions] VGC 2026 Reg M-A",
  "players": [
    "alexzarded",
    "maltoys"
  ],
  "log": "|j|\u2606alexzarded\n|j|\u2606maltoys\n|t:|1776354466\n|gametype|doubles\n|player|p1|alexzarded|blackbelt|1115\n|player|p2|maltoys|cyclist-gen4|1045\n|gen|9\n|tier|[Gen 9 Champions] VGC 2026 Reg M-A\n|rated|\n|rule|Species Clause: Limit one of each Pok\u00e9mon\n|rule|Item Clause: Limit 1 of each item\n|clearpoke\n|poke|p1|Maushold-Four, L50|\n|poke|p1|Floette-Eternal, L50, F|\n|poke|p1|Garchomp, L50, M|\n|poke|p1|Talonflame, L50, M|\n|poke|p1|Rotom-Wash, L50|\n|poke|p1|Aegislash, L50, F|\n|poke|p2|Meganium, L50, F|\n|poke|p2|Pelipper, L50, M|\n|poke|p2|Basculegion, L50, M|\n|poke|p2|Dragonite, L50, M|\n|poke|p2|Archaludon, L50, F|\n|poke|p2|Aerodactyl, L50, F|\n|teampreview|4\n|inactive|Battle timer is ON: inactive players will automatically lose when time's up. (requested by alexzarded)\n|\n|t:|1776354500\n|teamsize|p1|4\n|teamsize|p2|4\n|start\n|switch|p1a: Talonflame|Talonflame, L50, M, shiny|100/100\n|switch|p1b: Garchomp|Garchomp, L50, M, shiny|100/100\n|switch|p2a: Pelipper|Pelipper, L50, M|100/100\n|switch|p2b: Archaludon|Archaludon, L50, F|100/100\n|-weather|RainDance|[from] ability: Drizzle|[of] p2a: Pelipper\n|turn|1\n|inactive|alexzarded has 30 seconds left.\n|inactive|maltoys has 30 seconds left.\n|\n|t:|1776354534\n|move|p2b: Archaludon|Protect|p2b: Archaludon\n|-singleturn|p2b: Archaludon|Protect\n|move|p1a: Talonflame|Tailwind|p1a: Talonflame\n|-sidestart|p1: alexzarded|move: Tailwind\n|move|p1b: Garchomp|Earthquake|p2a: Pelipper|[spread] \n|-activate|p2b: Archaludon|move: Protect\n|-immune|p1a: Talonflame\n|-immune|p2a: Pelipper\n|move|p2a: Pelipper|Tailwind|p2a: Pelipper\n|-sidestart|p2: maltoys|move: Tailwind\n|\n|-weather|RainDance|[upkeep]\n|upkeep\n|turn|2\n|inactive|alexzarded has 30 seconds left.\n|inactive|maltoys has 30 seconds left.\n|inactive|alexzarded has 20 seconds left.\n|inactive|maltoys has 20 seconds left.\n|inactive|maltoys has 15 seconds left.\n|\n|t:|1776354576\n|move|p1a: Talonflame|Acrobatics|p2b: Archaludon\n|-resisted|p2b: Archaludon|1\n|-damage|p2b: Archaludon|83/100\n|-ability|p2b: Archaludon|Stamina|boost\n|-boost|p2b: Archaludon|def|1\n|move|p1b: Garchomp|Stomping Tantrum|p2b: Archaludon\n|-supereffective|p2b: Archaludon|1\n|-damage|p2b: Archaludon|0 fnt\n|faint|p2b: Archaludon\n|move|p2a: Pelipper|Hurricane|p1b: Garchomp\n|-damage|p1b: Garchomp|63/100\n|-start|p1b: Garchomp|confusion\n|\n|-weather|RainDance|[upkeep]\n|upkeep\n|\n|t:|1776354590\n|switch|p2b: Basculegion|Basculegion, L50, M|100/100\n|turn|3\n|\n|t:|1776354615\n|switch|p1a: Maushold|Maushold-Four, L50, shiny|100/100\n|move|p2b: Basculegion|Liquidation|p1b: Garchomp\n|-damage|p1b: Garchomp|15/100\n|-damage|p2b: Basculegion|88/100|[from] ability: Rough Skin|[of] p1b: Garchomp\n|-activate|p1b: Garchomp|confusion\n|move|p1b: Garchomp|Stone Edge|p2a: Pelipper\n|-supereffective|p2a: Pelipper|1\n|-damage|p2a: Pelipper|23/100\n|-enditem|p2a: Pelipper|Sitrus Berry|[eat]\n|-heal|p2a: Pelipper|47/100|[from] item: Sitrus Berry\n|move|p2a: Pelipper|Weather Ball|p1a: Maushold\n|-damage|p1a: Maushold|38/100\n|\n|-weather|RainDance|[upkeep]\n|-heal|p2b: Basculegion|94/100|[from] item: Leftovers\n|upkeep\n|turn|4\n|inactive|alexzarded has 30 seconds left.\n|inactive|maltoys has 30 seconds left.\n|inactive|maltoys has 20 seconds left.\n|\n|t:|1776354651\n|move|p1a: Maushold|Protect|p1a: Maushold\n|-singleturn|p1a: Maushold|Protect\n|move|p2a: Pelipper|Protect|p2a: Pelipper\n|-singleturn|p2a: Pelipper|Protect\n|move|p2b: Basculegion|Flip Turn|p1b: Garchomp\n|-crit|p1b: Garchomp\n|-damage|p1b: Garchomp|0 fnt\n|-damage|p2b: Basculegion|82/100|[from] ability: Rough Skin|[of] p1b: Garchomp\n|faint|p1b: Garchomp\n|\n|t:|1776354662\n|switch|p2b: Meganium|Meganium, L50, F|100/100|[from] Flip Turn\n|\n|-weather|RainDance|[upkeep]\n|-sideend|p1: alexzarded|move: Tailwind\n|-sideend|p2: maltoys|move: Tailwind\n|upkeep\n|\n|t:|1776354672\n|switch|p1b: Floette|Floette-Eternal, L50, F|100/100\n|turn|5\n|\n|t:|1776354685\n|detailschange|p2b: Meganium|Meganium-Mega, L50, F\n|-mega|p2b: Meganium|Meganium|Meganiumite\n|move|p1a: Maushold|Follow Me|p1a: Maushold\n|-singleturn|p1a: Maushold|move: Follow Me\n|move|p2b: Meganium|Solar Beam||[still]\n|-prepare|p2b: Meganium|Solar Beam\n|-activate|p2b: Meganium|ability: Mega Sol\n|-anim|p2b: Meganium|Solar Beam|p1a: Maushold\n|-damage|p1a: Maushold|0 fnt\n|faint|p1a: Maushold\n|move|p1b: Floette|Calm Mind|p1b: Floette\n|-boost|p1b: Floette|spa|1\n|-boost|p1b: Floette|spd|1\n|move|p2a: Pelipper|Tailwind|p2a: Pelipper\n|-sidestart|p2: maltoys|move: Tailwind\n|\n|-weather|none\n|upkeep\n|\n|t:|1776354702\n|switch|p1a: Talonflame|Talonflame, L50, M, shiny|100/100\n|turn|6\n|\n|t:|1776354718\n|switch|p2a: Basculegion|Basculegion, L50, M|82/100\n|detailschange|p1b: Floette|Floette-Mega, L50, F\n|-mega|p1b: Floette|Floette|Floettite\n|-ability|p1b: Floette|Fairy Aura\n|move|p2b: Meganium|Protect|p2b: Meganium\n|-singleturn|p2b: Meganium|Protect\n|move|p1a: Talonflame|Protect|p1a: Talonflame\n|-singleturn|p1a: Talonflame|Protect\n|move|p1b: Floette|Dazzling Gleam|p2a: Basculegion|[spread] p2a\n|-activate|p2b: Meganium|move: Protect\n|-damage|p2a: Basculegion|0 fnt\n|faint|p2a: Basculegion\n|\n|upkeep\n|\n|t:|1776354734\n|switch|p2a: Pelipper|Pelipper, L50, M|47/100\n|-weather|RainDance|[from] ability: Drizzle|[of] p2a: Pelipper\n|turn|7\n|\n|t:|1776354754\n|move|p1a: Talonflame|Tailwind|p1a: Talonflame\n|-sidestart|p1: alexzarded|move: Tailwind\n|move|p2b: Meganium|Solar Beam||[still]\n|-prepare|p2b: Meganium|Solar Beam\n|-activate|p2b: Meganium|ability: Mega Sol\n|-anim|p2b: Meganium|Solar Beam|p1b: Floette\n|-damage|p1b: Floette|71/100\n|move|p1b: Floette|Dazzling Gleam|p2b: Meganium|[spread] p2a,p2b\n|-damage|p2a: Pelipper|0 fnt\n|-damage|p2b: Meganium|24/100\n|faint|p2a: Pelipper\n|\n|-weather|RainDance|[upkeep]\n|upkeep\n|turn|8\n|\n|t:|1776354778\n|move|p1a: Talonflame|Acrobatics|p2b: Meganium\n|-supereffective|p2b: Meganium|1\n|-damage|p2b: Meganium|0 fnt\n|faint|p2b: Meganium\n|\n|win|alexzarded\n|raw|alexzarded's rating: 1115 &rarr; <strong>1135</strong><br />(+20 for winning)\n|raw|maltoys's rating: 1045 &rarr; <strong>1032</strong><br />(-13 for losing)\n",
  "uploadtime": 1776354789,
  "views": 35,
  "formatid": "gen9championsvgc2026regma",
  "rating": 1032,
  "private": 0,
  "password": null
}