{
  "id": "gen9championsvgc2026regma-2586229234",
  "format": "[Gen 9 Champions] VGC 2026 Reg M-A",
  "players": [
    "fastfish550",
    "apexdesu"
  ],
  "log": "|j|\u2606fastfish550\n|j|\u2606apexdesu\n|t:|1776414977\n|gametype|doubles\n|player|p1|fastfish550|boarder|1040\n|player|p2|apexdesu|cowgirl|1135\n|gen|9\n|tier|[Gen 9 Champions] VGC 2026 Reg M-A\n|rated|\n|rule|Species Clause: Limit one of each Pok\u00e9mon\n|rule|Item Clause: Limit 1 of each item\n|clearpoke\n|poke|p1|Greninja-*, L50, M|\n|poke|p1|Lycanroc, L50, M|\n|poke|p1|Corviknight, L50, M|\n|poke|p1|Pelipper, L50, M|\n|poke|p1|Gardevoir, L50, M|\n|poke|p1|Basculegion, L50, M|\n|poke|p2|Ninetales-Alola, L50, F|\n|poke|p2|Crabominable, L50, M|\n|poke|p2|Camerupt, L50, M|\n|poke|p2|Incineroar, L50, F|\n|poke|p2|Farigiraf, L50, F|\n|poke|p2|Torkoal, L50, M|\n|teampreview|4\n|\n|t:|1776414996\n|teamsize|p1|4\n|teamsize|p2|4\n|start\n|switch|p1a: Corviknight|Corviknight, L50, M, shiny|100/100\n|switch|p1b: Gardevoir|Gardevoir, L50, M|100/100\n|switch|p2a: Incineroar|Incineroar, L50, F|100/100\n|switch|p2b: Farigiraf|Farigiraf, L50, F|100/100\n|-ability|p2a: Incineroar|Intimidate|boost\n|-ability|p1a: Corviknight|Mirror Armor\n|-unboost|p2a: Incineroar|atk|1\n|-unboost|p1b: Gardevoir|atk|1\n|turn|1\n|\n|t:|1776415036\n|move|p2a: Incineroar|Fake Out|p1b: Gardevoir\n|-damage|p1b: Gardevoir|86/100\n|cant|p1b: Gardevoir|flinch\n|move|p1a: Corviknight|Iron Defense|p1a: Corviknight\n|-boost|p1a: Corviknight|def|2\n|move|p2b: Farigiraf|Trick Room|p2b: Farigiraf\n|-fieldstart|move: Trick Room|[of] p2b: Farigiraf\n|\n|upkeep\n|turn|2\n|\n|t:|1776415070\n|switch|p2a: Camerupt|Camerupt, L50, M|100/100\n|detailschange|p1b: Gardevoir|Gardevoir-Mega, L50, M\n|-mega|p1b: Gardevoir|Gardevoir|Gardevoirite\n|move|p2b: Farigiraf|Thunder|p1b: Gardevoir\n|-damage|p1b: Gardevoir|61/100\n|move|p1a: Corviknight|Body Press|p2a: Camerupt\n|-damage|p2a: Camerupt|27/100\n|move|p1b: Gardevoir|Moonblast|p2b: Farigiraf\n|-damage|p2b: Farigiraf|39/100\n|-enditem|p2b: Farigiraf|Sitrus Berry|[eat]\n|-heal|p2b: Farigiraf|64/100|[from] item: Sitrus Berry\n|\n|upkeep\n|turn|3\n|\n|t:|1776415124\n|detailschange|p2a: Camerupt|Camerupt-Mega, L50, M\n|-mega|p2a: Camerupt|Camerupt|Cameruptite\n|move|p2a: Camerupt|Heat Wave|p1b: Gardevoir|[spread] p1a,p1b\n|-supereffective|p1a: Corviknight|1\n|-damage|p1a: Corviknight|0 fnt\n|-damage|p1b: Gardevoir|6/100\n|faint|p1a: Corviknight\n|move|p2b: Farigiraf|Thunder|p1b: Gardevoir\n|-damage|p1b: Gardevoir|0 fnt\n|faint|p1b: Gardevoir\n|\n|upkeep\n|\n|t:|1776415136\n|switch|p1a: Greninja|Greninja, L50, M|100/100\n|switch|p1b: Pelipper|Pelipper, L50, M|100/100\n|-weather|RainDance|[from] ability: Drizzle|[of] p1b: Pelipper\n|turn|4\n|\n|t:|1776415159\n|move|p2a: Camerupt|Rock Slide|p1b: Pelipper|[spread] p1a,p1b\n|-supereffective|p1b: Pelipper|1\n|-damage|p1a: Greninja|67/100\n|-damage|p1b: Pelipper|62/100\n|move|p2b: Farigiraf|Thunder|p1b: Pelipper\n|-supereffective|p1b: Pelipper|2\n|-damage|p1b: Pelipper|0 fnt\n|faint|p1b: Pelipper\n|move|p1a: Greninja|Surf|p2b: Farigiraf|[spread] p2a,p2b\n|-start|p1a: Greninja|typechange|Water|[from] ability: Protean\n|-supereffective|p2a: Camerupt|2\n|-damage|p2a: Camerupt|0 fnt\n|-damage|p2b: Farigiraf|15/100\n|faint|p2a: Camerupt\n|\n|-weather|RainDance|[upkeep]\n|upkeep\n|\n|t:|1776415175\n|switch|p2a: Incineroar|Incineroar, L50, F|100/100\n|-ability|p2a: Incineroar|Intimidate|boost\n|-unboost|p1a: Greninja|atk|1\n|turn|5\n|\n|t:|1776415185\n|move|p2a: Incineroar|Parting Shot|p1a: Greninja\n|-unboost|p1a: Greninja|atk|1\n|-unboost|p1a: Greninja|spa|1\n|\n|t:|1776415189\n|switch|p2a: Torkoal|Torkoal, L50, M|100/100|[from] Parting Shot\n|-weather|SunnyDay|[from] ability: Drought|[of] p2a: Torkoal\n|move|p2b: Farigiraf|Thunder|p1a: Greninja|[miss]\n|-miss|p2b: Farigiraf|p1a: Greninja\n|move|p1a: Greninja|Surf|p2b: Farigiraf|[spread] p2a,p2b\n|-supereffective|p2a: Torkoal|1\n|-damage|p2a: Torkoal|72/100\n|-damage|p2b: Farigiraf|3/100\n|\n|-weather|SunnyDay|[upkeep]\n|-fieldend|move: Trick Room\n|upkeep\n|turn|6\n|\n|t:|1776415209\n|move|p1a: Greninja|Surf|p2b: Farigiraf|[spread] p2a,p2b\n|-supereffective|p2a: Torkoal|1\n|-damage|p2a: Torkoal|47/100\n|-damage|p2b: Farigiraf|0 fnt\n|faint|p2b: Farigiraf\n|move|p2a: Torkoal|Earth Power|p1a: Greninja\n|-damage|p1a: Greninja|30/100\n|-unboost|p1a: Greninja|spd|1\n|\n|-weather|SunnyDay|[upkeep]\n|upkeep\n|\n|t:|1776415219\n|switch|p2b: Incineroar|Incineroar, L50, F|100/100\n|-ability|p2b: Incineroar|Intimidate|boost\n|-unboost|p1a: Greninja|atk|1\n|turn|7\n|\n|t:|1776415226\n|move|p2b: Incineroar|Fake Out|p1a: Greninja\n|-crit|p1a: Greninja\n|-damage|p1a: Greninja|0 fnt\n|faint|p1a: Greninja\n|\n|win|apexdesu\n|raw|fastfish550's rating: 1040 &rarr; <strong>1028</strong><br />(-12 for losing)\n|raw|apexdesu's rating: 1135 &rarr; <strong>1153</strong><br />(+18 for winning)\n|l|\u2606fastfish550\n|player|p1|\n",
  "uploadtime": 1776415232,
  "views": 22,
  "formatid": "gen9championsvgc2026regma",
  "rating": 1028,
  "private": 0,
  "password": null
}