{
  "id": "gen9championsvgc2026regma-2588147940",
  "format": "[Gen 9 Champions] VGC 2026 Reg M-A",
  "players": [
    "Cryotoxin\u2748",
    "Pakaan64"
  ],
  "log": "|j|\u2606Cryotoxin\u2748\n|j|\u2606Pakaan64\n|t:|1776609126\n|gametype|doubles\n|player|p1|Cryotoxin\u2748|morty-masters2|1091\n|player|p2|Pakaan64|265|1104\n|gen|9\n|tier|[Gen 9 Champions] VGC 2026 Reg M-A\n|rated|\n|rule|Species Clause: Limit one of each Pok\u00e9mon\n|rule|Item Clause: Limit 1 of each item\n|clearpoke\n|poke|p1|Charizard, L50, F|\n|poke|p1|Venusaur, L50, M|\n|poke|p1|Incineroar, L50, M|\n|poke|p1|Torkoal, L50, M|\n|poke|p1|Garchomp, L50, M|\n|poke|p1|Whimsicott, L50, F|\n|poke|p2|Hawlucha, L50, M|\n|poke|p2|Wyrdeer, L50, F|\n|poke|p2|Kingambit, L50, F, shiny|\n|poke|p2|Torkoal, L50, M|\n|poke|p2|Sinistcha, L50|\n|poke|p2|Incineroar, L50, F, shiny|\n|teampreview|4\n|inactive|Battle timer is ON: inactive players will automatically lose when time's up. (requested by Pakaan64)\n|inactive|Cryotoxin\u2748 also wants the timer to be on.\nCryotoxin\u2748 rejected open team sheets.\n|inactive|Cryotoxin\u2748 has 60 seconds left.\n|inactive|Pakaan64 has 60 seconds left.\n|\n|t:|1776609169\n|teamsize|p1|4\n|teamsize|p2|4\n|start\n|switch|p1a: Charizard|Charizard, L50, F|100/100\n|switch|p1b: Venusaur|Venusaur, L50, M|100/100\n|switch|p2a: Torkoal|Torkoal, L50, M|100/100\n|switch|p2b: Incineroar|Incineroar, L50, F, shiny|100/100\n|-ability|p2b: Incineroar|Intimidate|boost\n|-unboost|p1a: Charizard|atk|1\n|-unboost|p1b: Venusaur|atk|1\n|-weather|SunnyDay|[from] ability: Drought|[of] p2a: Torkoal\n|turn|1\n|\n|t:|1776609187\n|switch|p2b: Wyrdeer|Wyrdeer, L50, F|100/100\n|-ability|p2b: Wyrdeer|Intimidate|boost\n|-unboost|p1a: Charizard|atk|1\n|-unboost|p1b: Venusaur|atk|1\n|move|p1a: Charizard|Protect|p1a: Charizard\n|-singleturn|p1a: Charizard|Protect\n|move|p1b: Venusaur|Sleep Powder|p2b: Wyrdeer\n|-status|p2b: Wyrdeer|slp|[from] move: Sleep Powder\n|move|p2a: Torkoal|Shell Smash|p2a: Torkoal\n|-unboost|p2a: Torkoal|def|1\n|-unboost|p2a: Torkoal|spd|1\n|-boost|p2a: Torkoal|atk|2\n|-boost|p2a: Torkoal|spa|2\n|-boost|p2a: Torkoal|spe|2\n|\n|-weather|SunnyDay|[upkeep]\n|-damage|p1a: Charizard|88/100|[from] ability: Solar Power|[of] p1a: Charizard\n|upkeep\n|turn|2\n|inactive|Cryotoxin\u2748 has 30 seconds left.\n|\n|t:|1776609219\n|switch|p2b: Incineroar|Incineroar, L50, F, shiny|100/100\n|-ability|p2b: Incineroar|Intimidate|boost\n|-unboost|p1a: Charizard|atk|1\n|-unboost|p1b: Venusaur|atk|1\n|detailschange|p1a: Charizard|Charizard-Mega-Y, L50, F\n|-mega|p1a: Charizard|Charizard|Charizardite Y\n|move|p2a: Torkoal|Protect|p2a: Torkoal\n|-singleturn|p2a: Torkoal|Protect\n|move|p1b: Venusaur|Sleep Powder|p2a: Torkoal\n|-activate|p2a: Torkoal|move: Protect\n|move|p1a: Charizard|Scorching Sands|p2a: Torkoal\n|-activate|p2a: Torkoal|move: Protect\n|\n|-weather|SunnyDay|[upkeep]\n|upkeep\n|turn|3\n|\n|t:|1776609242\n|move|p2b: Incineroar|Fake Out|p1a: Charizard\n|-damage|p1a: Charizard|73/100\n|move|p1b: Venusaur|Sleep Powder|p2a: Torkoal\n|-status|p2a: Torkoal|slp|[from] move: Sleep Powder\n|cant|p1a: Charizard|flinch\n|cant|p2a: Torkoal|slp\n|\n|-weather|SunnyDay|[upkeep]\n|upkeep\n|turn|4\n|inactive|Pakaan64 has 30 seconds left.\n|\n|t:|1776609273\n|move|p1b: Venusaur|Earth Power|p2a: Torkoal\n|-supereffective|p2a: Torkoal|1\n|-damage|p2a: Torkoal|0 fnt\n|faint|p2a: Torkoal\n|move|p1a: Charizard|Scorching Sands|p2b: Incineroar\n|-supereffective|p2b: Incineroar|1\n|-enditem|p2b: Incineroar|Shuca Berry|[eat]\n|-enditem|p2b: Incineroar|Shuca Berry|[weaken]\n|-damage|p2b: Incineroar|80/100\n|move|p2b: Incineroar|Flare Blitz|p1b: Venusaur\n|-supereffective|p1b: Venusaur|1\n|-enditem|p1b: Venusaur|Focus Sash\n|-damage|p1b: Venusaur|1/100\n|-damage|p2b: Incineroar|54/100|[from] Recoil\n|\n|-weather|SunnyDay|[upkeep]\n|upkeep\n|\n|t:|1776609288\n|switch|p2a: Hawlucha|Hawlucha, L50, M|100/100\n|turn|5\n|inactive|Pakaan64 has 30 seconds left.\n|\n|t:|1776609318\n|switch|p2b: Wyrdeer|Wyrdeer, L50, F|100/100 slp\n|-ability|p2b: Wyrdeer|Intimidate|boost\n|-unboost|p1a: Charizard|atk|1\n|-unboost|p1b: Venusaur|atk|1\n|detailschange|p2a: Hawlucha|Hawlucha-Mega, L50, M\n|-mega|p2a: Hawlucha|Hawlucha|Hawluchanite\n|move|p2a: Hawlucha|Protect|p2a: Hawlucha\n|-singleturn|p2a: Hawlucha|Protect\n|move|p1b: Venusaur|Sleep Powder|p2a: Hawlucha\n|-activate|p2a: Hawlucha|move: Protect\n|move|p1a: Charizard|Scorching Sands|p2b: Wyrdeer\n|-damage|p2b: Wyrdeer|78/100 slp\n|\n|-weather|none\n|upkeep\n|turn|6\n|inactive|Cryotoxin\u2748 has 30 seconds left.\n|inactive|Pakaan64 has 30 seconds left.\n|\n|t:|1776609351\n|switch|p1a: Incineroar|Incineroar, L50, M|100/100\n|-ability|p1a: Incineroar|Intimidate|boost\n|-unboost|p2a: Hawlucha|atk|1\n|-unboost|p2b: Wyrdeer|atk|1\n|switch|p1b: Garchomp|Garchomp, L50, M|100/100\n|move|p2a: Hawlucha|High Jump Kick|p1a: Incineroar\n|-supereffective|p1a: Incineroar|1\n|-damage|p1a: Incineroar|11/100\n|-enditem|p1a: Incineroar|Sitrus Berry|[eat]\n|-heal|p1a: Incineroar|36/100|[from] item: Sitrus Berry\n|cant|p2b: Wyrdeer|slp\n|\n|upkeep\n|turn|7\n|\n|t:|1776609374\n|switch|p2a: Incineroar|Incineroar, L50, F, shiny|54/100\n|-ability|p2a: Incineroar|Intimidate|boost\n|-unboost|p1a: Incineroar|atk|1\n|-unboost|p1b: Garchomp|atk|1\n|move|p1a: Incineroar|Fake Out|p2a: Incineroar\n|-damage|p2a: Incineroar|47/100\n|move|p1b: Garchomp|Rock Slide|p2b: Wyrdeer|[spread] p2a\n|-miss|p1b: Garchomp|p2b: Wyrdeer\n|-supereffective|p2a: Incineroar|1\n|-damage|p2a: Incineroar|22/100\n|cant|p2b: Wyrdeer|slp\n|\n|upkeep\n|turn|8\n|inactive|Cryotoxin\u2748 has 30 seconds left.\n|inactive|Cryotoxin\u2748 has 20 seconds left.\n|inactive|Cryotoxin\u2748 has 15 seconds left.\n|inactive|Cryotoxin\u2748 has 10 seconds left.\n|inactive|Cryotoxin\u2748 has 5 seconds left.\n|\n|t:|1776609430\n|switch|p2b: Hawlucha|Hawlucha-Mega, L50, M|100/100\n|move|p1a: Incineroar|Fake Out||[still]\n|-hint|Fake Out only works on your first turn out.\n|-fail|p1a: Incineroar\n|move|p2a: Incineroar|Fake Out|p1b: Garchomp\n|-damage|p1b: Garchomp|90/100\n|-damage|p2a: Incineroar|10/100|[from] ability: Rough Skin|[of] p1b: Garchomp\n|cant|p1b: Garchomp|flinch\n|\n|upkeep\n|turn|9\n|inactive|Cryotoxin\u2748 has 30 seconds left.\n|\n|t:|1776609459\n|switch|p1a: Charizard|Charizard-Mega-Y, L50, F|73/100\n|-weather|SunnyDay|[from] ability: Drought|[of] p1a: Charizard\n|switch|p2a: Wyrdeer|Wyrdeer, L50, F|78/100 slp\n|-ability|p2a: Wyrdeer|Intimidate|boost\n|-unboost|p1a: Charizard|atk|1\n|-unboost|p1b: Garchomp|atk|1\n|move|p2b: Hawlucha|Entrainment|p2a: Wyrdeer\n|-ability|p2a: Wyrdeer|No Guard|Intimidate|[from] move: Entrainment|[of] p2b: Hawlucha\n|move|p1b: Garchomp|Earthquake|p2b: Hawlucha|[spread] p2a\n|-immune|p1a: Charizard\n|-immune|p2b: Hawlucha\n|-damage|p2a: Wyrdeer|55/100 slp\n|\n|-weather|SunnyDay|[upkeep]\n|upkeep\n|turn|10\n|inactive|Pakaan64 has 30 seconds left.\n|inactive|Cryotoxin\u2748 has 30 seconds left.\n|inactive|Pakaan64 has 20 seconds left.\n|\n|t:|1776609496\n|move|p2b: Hawlucha|Dual Wingbeat|p1a: Charizard\n|-damage|p1a: Charizard|42/100\n|-crit|p1a: Charizard\n|-damage|p1a: Charizard|0 fnt\n|faint|p1a: Charizard\n|-hitcount|p1: Charizard|2\n|move|p1b: Garchomp|Dragon Tail|p2b: Hawlucha\n|-damage|p2b: Hawlucha|81/100\n|drag|p2b: Incineroar|Incineroar, L50, F, shiny|10/100\n|-ability|p2b: Incineroar|Intimidate|boost\n|-unboost|p1b: Garchomp|atk|1\n|-curestatus|p2a: Wyrdeer|slp|[msg]\n|move|p2a: Wyrdeer|Trick Room|p2a: Wyrdeer\n|-fieldstart|move: Trick Room|[of] p2a: Wyrdeer\n|\n|-weather|SunnyDay|[upkeep]\n|upkeep\n|\n|t:|1776609502\n|switch|p1a: Incineroar|Incineroar, L50, M|36/100\n|-ability|p1a: Incineroar|Intimidate|boost\n|-unboost|p2a: Wyrdeer|atk|1\n|-unboost|p2b: Incineroar|atk|1\n|turn|11\n|\n|t:|1776609520\n|move|p2b: Incineroar|Fake Out|p1a: Incineroar\n|-damage|p1a: Incineroar|28/100\n|cant|p1a: Incineroar|flinch\n|move|p2a: Wyrdeer|Hypnosis|p1b: Garchomp\n|-status|p1b: Garchomp|slp|[from] move: Hypnosis\n|cant|p1b: Garchomp|slp\n|\n|-weather|SunnyDay|[upkeep]\n|upkeep\n|turn|12\n|inactive|Cryotoxin\u2748 has 30 seconds left.\n|inactive|Cryotoxin\u2748 has 20 seconds left.\n|\n|t:|1776609556\n|switch|p2a: Hawlucha|Hawlucha-Mega, L50, M|81/100\n|cant|p1b: Garchomp|slp\n|move|p2b: Incineroar|Parting Shot|p1b: Garchomp\n|-unboost|p1b: Garchomp|atk|1\n|-unboost|p1b: Garchomp|spa|1\n|\n|t:|1776609564\n|switch|p2b: Wyrdeer|Wyrdeer, L50, F|55/100|[from] Parting Shot\n|-ability|p2b: Wyrdeer|Intimidate|boost\n|-unboost|p1a: Incineroar|atk|1\n|-unboost|p1b: Garchomp|atk|1\n|move|p1a: Incineroar|Flare Blitz|p2a: Hawlucha\n|-damage|p2a: Hawlucha|22/100\n|-damage|p1a: Incineroar|13/100|[from] Recoil\n|\n|-weather|SunnyDay|[upkeep]\n|upkeep\n|turn|13\n|\n|t:|1776609586\n|switch|p1a: Venusaur|Venusaur, L50, M|1/100\n|switch|p2a: Incineroar|Incineroar, L50, F, shiny|10/100\n|-ability|p2a: Incineroar|Intimidate|boost\n|-unboost|p1a: Venusaur|atk|1\n|-unboost|p1b: Garchomp|atk|1\n|-curestatus|p1b: Garchomp|slp|[msg]\n|move|p1b: Garchomp|Protect|p1b: Garchomp\n|-singleturn|p1b: Garchomp|Protect\n|move|p2b: Wyrdeer|Psyshield Bash|p1b: Garchomp\n|-activate|p1b: Garchomp|move: Protect\n|\n|-weather|none\n|upkeep\n|turn|14\n|inactive|Cryotoxin\u2748 has 30 seconds left.\n|inactive|Pakaan64 has 30 seconds left.\n|inactive|Pakaan64 has 20 seconds left.\n|inactive|Pakaan64 has 15 seconds left.\n|inactive|Pakaan64 has 10 seconds left.\n|\n|t:|1776609633\n|switch|p1b: Incineroar|Incineroar, L50, M|13/100\n|-ability|p1b: Incineroar|Intimidate|boost\n|-unboost|p2a: Incineroar|atk|1\n|-unboost|p2b: Wyrdeer|atk|1\n|move|p2a: Incineroar|Parting Shot|p1b: Incineroar\n|-unboost|p1b: Incineroar|atk|1\n|-unboost|p1b: Incineroar|spa|1\n|\n|t:|1776609650\n|switch|p2a: Hawlucha|Hawlucha-Mega, L50, M|22/100|[from] Parting Shot\n|move|p2b: Wyrdeer|Hypnosis|p1b: Incineroar|[miss]\n|-miss|p2b: Wyrdeer|p1b: Incineroar\n|move|p1a: Venusaur|Sleep Powder|p2b: Wyrdeer\n|-status|p2b: Wyrdeer|slp|[from] move: Sleep Powder\n|\n|-fieldend|move: Trick Room\n|upkeep\n|turn|15\n|inactive|Cryotoxin\u2748 has 30 seconds left.\n|inactive|Pakaan64 has 30 seconds left.\n|inactive|Pakaan64 has 20 seconds left.\n|\n|t:|1776609690\n|switch|p2b: Incineroar|Incineroar, L50, F, shiny|10/100\n|-ability|p2b: Incineroar|Intimidate|boost\n|-unboost|p1a: Venusaur|atk|1\n|-unboost|p1b: Incineroar|atk|1\n|move|p2a: Hawlucha|Protect|p2a: Hawlucha\n|-singleturn|p2a: Hawlucha|Protect\n|move|p1b: Incineroar|Fake Out|p2a: Hawlucha\n|-activate|p2a: Hawlucha|move: Protect\n|move|p1a: Venusaur|Sludge Bomb|p2b: Incineroar\n|-damage|p2b: Incineroar|0 fnt\n|faint|p2b: Incineroar\n|\n|upkeep\n|inactive|Pakaan64 has 30 seconds left.\n|\n|t:|1776609702\n|switch|p2b: Wyrdeer|Wyrdeer, L50, F|55/100 slp\n|-ability|p2b: Wyrdeer|Intimidate|boost\n|-unboost|p1a: Venusaur|atk|1\n|-unboost|p1b: Incineroar|atk|1\n|turn|16\n|inactive|Pakaan64 has 30 seconds left this turn.\n|inactive|Pakaan64 has 20 seconds left.\n|inactive|Pakaan64 has 15 seconds left.\n|inactive|Pakaan64 has 10 seconds left.\n|\n|t:|1776609724\n|move|p2a: Hawlucha|High Jump Kick|p1b: Incineroar\n|-supereffective|p1b: Incineroar|1\n|-damage|p1b: Incineroar|0 fnt\n|faint|p1b: Incineroar\n|move|p1a: Venusaur|Sludge Bomb|p2a: Hawlucha\n|-damage|p2a: Hawlucha|0 fnt\n|faint|p2a: Hawlucha\n|cant|p2b: Wyrdeer|slp\n|\n|upkeep\n|\n|t:|1776609727\n|switch|p1b: Garchomp|Garchomp, L50, M|90/100\n|turn|17\n|inactive|Pakaan64 has 10 seconds left this turn.\n|inactive|Pakaan64 has 5 seconds left.\n|\n|t:|1776609744\n|move|p1b: Garchomp|Rock Slide|p2b: Wyrdeer\n|-damage|p2b: Wyrdeer|24/100 slp\n|move|p1a: Venusaur|Sludge Bomb|p2b: Wyrdeer\n|-damage|p2b: Wyrdeer|0 fnt\n|faint|p2b: Wyrdeer\n|\n|win|Cryotoxin\u2748\n|raw|Cryotoxin\u2748's rating: 1091 &rarr; <strong>1118</strong><br />(+27 for winning)\n|raw|Pakaan64's rating: 1104 &rarr; <strong>1078</strong><br />(-26 for losing)\n|l|\u2606Pakaan64\n|player|p2|\n",
  "uploadtime": 1776609754,
  "views": 6,
  "formatid": "gen9championsvgc2026regma",
  "rating": 1078,
  "private": 0,
  "password": null
}