{
  "id": "gen9championsvgc2026regma-2584950242",
  "format": "[Gen 9 Champions] VGC 2026 Reg M-A",
  "players": [
    "Amukhan",
    "thesavax3d"
  ],
  "log": "|j|\u2606Amukhan\n|j|\u2606thesavax3d\n|t:|1776297396\n|gametype|doubles\n|player|p1|Amukhan|ingo|1065\n|player|p2|thesavax3d|hilbert|1036\n|gen|9\n|tier|[Gen 9 Champions] VGC 2026 Reg M-A\n|rated|\n|rule|Species Clause: Limit one of each Pok\u00e9mon\n|rule|Item Clause: Limit 1 of each item\n|clearpoke\n|poke|p1|Whimsicott, L50, M|\n|poke|p1|Tyranitar, L50, M|\n|poke|p1|Garchomp, L50, F|\n|poke|p1|Basculegion, L50, M|\n|poke|p1|Glimmora, L50, M|\n|poke|p1|Corviknight, L50, M|\n|poke|p2|Drampa, L50, M|\n|poke|p2|Toxapex, L50, F|\n|poke|p2|Palafin, L50, M|\n|poke|p2|Krookodile, L50, M|\n|poke|p2|Farigiraf, L50, F|\n|poke|p2|Whimsicott, L50, F|\n|teampreview|4\n|inactive|Battle timer is ON: inactive players will automatically lose when time's up. (requested by thesavax3d)\n|inactive|Amukhan has 60 seconds left.\n|\n|t:|1776297448\n|teamsize|p1|4\n|teamsize|p2|4\n|start\n|switch|p1a: Tyranitar|Tyranitar, L50, M|100/100\n|switch|p1b: Glimmora|Glimmora, L50, M, shiny|100/100\n|switch|p2a: Soup-A-Fih|Palafin, L50, M, shiny|100/100\n|switch|p2b: Whimsicott|Whimsicott, L50, F, shiny|100/100\n|-weather|Sandstorm|[from] ability: Sand Stream|[of] p1a: Tyranitar\n|turn|1\n|inactive|Amukhan has 30 seconds left.\n|inactive|Amukhan has 20 seconds left.\n|\n|t:|1776297484\n|detailschange|p1b: Glimmora|Glimmora-Mega, L50, M, shiny\n|-mega|p1b: Glimmora|Glimmora|Glimmoranite\n|move|p2b: Whimsicott|Tailwind|p2b: Whimsicott\n|-sidestart|p2: thesavax3d|move: Tailwind\n|move|p2a: Soup-A-Fih|Flip Turn|p1a: Tyranitar\n|-supereffective|p1a: Tyranitar|1\n|-damage|p1a: Tyranitar|49/100\n|\n|t:|1776297500\n|detailschange|p2a: Soup-A-Fih|Palafin-Hero, L50, M, shiny\n|switch|p2a: Farigiraf|Farigiraf, L50, F|100/100|[from] Flip Turn\n|move|p1a: Tyranitar|Dragon Dance|p1a: Tyranitar\n|-boost|p1a: Tyranitar|atk|1\n|-boost|p1a: Tyranitar|spe|1\n|move|p1b: Glimmora|Sludge Bomb|p2a: Farigiraf\n|-damage|p2a: Farigiraf|35/100\n|-status|p2a: Farigiraf|psn\n|-enditem|p2a: Farigiraf|Sitrus Berry|[eat]\n|-heal|p2a: Farigiraf|60/100 psn|[from] item: Sitrus Berry\n|\n|-weather|Sandstorm|[upkeep]\n|-damage|p2b: Whimsicott|95/100|[from] Sandstorm\n|-damage|p2a: Farigiraf|54/100 psn|[from] Sandstorm\n|-damage|p2a: Farigiraf|42/100 psn|[from] psn\n|upkeep\n|turn|2\n|\n|t:|1776297523\n|move|p1a: Tyranitar|Protect|p1a: Tyranitar\n|-singleturn|p1a: Tyranitar|Protect\n|move|p2b: Whimsicott|Encore|p1a: Tyranitar\n|-activate|p1a: Tyranitar|move: Protect\n|move|p2a: Farigiraf|Dazzling Gleam|p1a: Tyranitar|[spread] p1b\n|-activate|p1a: Tyranitar|move: Protect\n|-resisted|p1b: Glimmora|1\n|-damage|p1b: Glimmora|95/100\n|move|p1b: Glimmora|Sludge Bomb|p2b: Whimsicott\n|-supereffective|p2b: Whimsicott|2\n|-damage|p2b: Whimsicott|0 fnt\n|faint|p2b: Whimsicott\n|\n|-weather|Sandstorm|[upkeep]\n|-damage|p2a: Farigiraf|36/100 psn|[from] Sandstorm\n|-damage|p2a: Farigiraf|24/100 psn|[from] psn\n|upkeep\n|\n|t:|1776297531\n|switch|p2b: Soup-A-Fih|Palafin-Hero, L50, M, shiny|100/100\n|-activate|p2b: Soup-A-Fih|ability: Zero to Hero\n|turn|3\n|inactive|Amukhan has 30 seconds left.\n|inactive|Amukhan has 20 seconds left.\n|inactive|Amukhan has 15 seconds left.\n|\n|t:|1776297573\n|move|p2a: Farigiraf|Helping Hand|p2b: Soup-A-Fih\n|-singleturn|p2b: Soup-A-Fih|Helping Hand|[of] p2a: Farigiraf\n|move|p1b: Glimmora|Spiky Shield|p1b: Glimmora\n|-singleturn|p1b: Glimmora|move: Protect\n|move|p2b: Soup-A-Fih|Jet Punch|p1b: Glimmora\n|-activate|p1b: Glimmora|move: Protect\n|-damage|p2b: Soup-A-Fih|88/100|[from] Spiky Shield|[of] p1b: Glimmora\n|move|p1a: Tyranitar|Rock Slide|p2b: Soup-A-Fih|[spread] p2a,p2b\n|-damage|p2a: Farigiraf|0 fnt\n|-damage|p2b: Soup-A-Fih|42/100\n|faint|p2a: Farigiraf\n|\n|-weather|Sandstorm|[upkeep]\n|-damage|p2b: Soup-A-Fih|36/100|[from] Sandstorm\n|upkeep\n|\n|t:|1776297587\n|switch|p2a: Krookodile|Krookodile, L50, M, shiny|100/100\n|-ability|p2a: Krookodile|Intimidate|boost\n|-unboost|p1a: Tyranitar|atk|1\n|-unboost|p1b: Glimmora|atk|1\n|turn|4\n|\n|t:|1776297608\n|switch|p1b: Corviknight|Corviknight, L50, M, shiny|100/100\n|move|p2b: Soup-A-Fih|Protect|p2b: Soup-A-Fih\n|-singleturn|p2b: Soup-A-Fih|Protect\n|move|p1a: Tyranitar|Protect|p1a: Tyranitar\n|-singleturn|p1a: Tyranitar|Protect\n|move|p2a: Krookodile|Earthquake|p1a: Tyranitar|[spread] \n|-activate|p2b: Soup-A-Fih|move: Protect\n|-activate|p1a: Tyranitar|move: Protect\n|-immune|p1b: Corviknight\n|\n|-weather|Sandstorm|[upkeep]\n|-damage|p2b: Soup-A-Fih|29/100|[from] Sandstorm\n|-sideend|p2: thesavax3d|move: Tailwind\n|upkeep\n|turn|5\n|inactive|Amukhan has 30 seconds left.\n|\n|t:|1776297640\n|switch|p1a: Basculegion|Basculegion, L50, M|100/100\n|move|p2b: Soup-A-Fih|Jet Punch|p1a: Basculegion\n|-resisted|p1a: Basculegion|1\n|-damage|p1a: Basculegion|71/100\n|move|p2a: Krookodile|Knock Off|p1b: Corviknight\n|-damage|p1b: Corviknight|59/100\n|-enditem|p1b: Corviknight|Leftovers|[from] move: Knock Off|[of] p2a: Krookodile\n|move|p1b: Corviknight|Drill Peck|p2b: Soup-A-Fih\n|-damage|p2b: Soup-A-Fih|0 fnt\n|faint|p2b: Soup-A-Fih\n|\n|-weather|none\n|upkeep\n|turn|6\n|\n|t:|1776297662\n|move|p1a: Basculegion|Wave Crash|p2a: Krookodile\n|-supereffective|p2a: Krookodile|1\n|-damage|p2a: Krookodile|0 fnt\n|faint|p2a: Krookodile\n|-damage|p1a: Basculegion|42/100|[from] Recoil\n|\n|win|Amukhan\n|raw|Amukhan's rating: 1065 &rarr; <strong>1093</strong><br />(+28 for winning)\n|raw|thesavax3d's rating: 1036 &rarr; <strong>1022</strong><br />(-14 for losing)\n|l|\u2606thesavax3d\n|player|p2|\n",
  "uploadtime": 1776297673,
  "views": 16,
  "formatid": "gen9championsvgc2026regma",
  "rating": 1022,
  "private": 0,
  "password": null
}