{
  "id": "gen9championsvgc2026regma-2585561124",
  "format": "[Gen 9 Champions] VGC 2026 Reg M-A",
  "players": [
    "hyrosh x",
    "Ramen Broth"
  ],
  "log": "|j|\u2606hyrosh x\n|j|\u2606Ramen Broth\n|t:|1776355616\n|gametype|doubles\n|player|p1|hyrosh x|benga|1255\n|player|p2|Ramen Broth|169|1328\n|gen|9\n|tier|[Gen 9 Champions] VGC 2026 Reg M-A\n|rated|\n|rule|Species Clause: Limit one of each Pok\u00e9mon\n|rule|Item Clause: Limit 1 of each item\n|clearpoke\n|poke|p1|Kangaskhan, L50, F|\n|poke|p1|Espathra, L50, F|\n|poke|p1|Vivillon-Fancy, L50, F|\n|poke|p1|Archaludon, L50, F|\n|poke|p1|Milotic, L50, F|\n|poke|p1|Incineroar, L50, M|\n|poke|p2|Talonflame, L50, M|\n|poke|p2|Aegislash, L50, F|\n|poke|p2|Milotic, L50, M|\n|poke|p2|Sneasler, L50, F|\n|poke|p2|Garchomp, L50, M|\n|poke|p2|Gardevoir, L50, F|\n|teampreview|4\n|inactive|Battle timer is ON: inactive players will automatically lose when time's up. (requested by Ramen Broth)\n|inactive|hyrosh x also wants the timer to be on.\n|inactive|hyrosh x has 60 seconds left.\n|inactive|Ramen Broth has 60 seconds left.\n|\n|t:|1776355677\n|teamsize|p1|4\n|teamsize|p2|4\n|start\n|switch|p1a: Kangaskhan|Kangaskhan, L50, F|100/100\n|switch|p1b: Vivillon|Vivillon-Fancy, L50, F, shiny|100/100\n|switch|p2a: Sneasler|Sneasler, L50, F|100/100\n|switch|p2b: Milotic|Milotic, L50, M|100/100\n|turn|1\n|\n|t:|1776355698\n|switch|p2b: Aegislash|Aegislash, L50, F|100/100\n|move|p1a: Kangaskhan|Fake Out|p2b: Aegislash\n|-resisted|p2b: Aegislash|1\n|-damage|p2b: Aegislash|95/100\n|move|p2a: Sneasler|Close Combat|p1a: Kangaskhan\n|-supereffective|p1a: Kangaskhan|1\n|-damage|p1a: Kangaskhan|0 fnt\n|-unboost|p2a: Sneasler|def|1\n|-unboost|p2a: Sneasler|spd|1\n|faint|p1a: Kangaskhan\n|move|p1b: Vivillon|Sleep Powder|p2a: Sneasler\n|-status|p2a: Sneasler|slp|[from] move: Sleep Powder\n|\n|upkeep\n|\n|t:|1776355707\n|switch|p1a: Espathra|Espathra, L50, F|100/100\n|turn|2\n|\n|t:|1776355723\n|cant|p2a: Sneasler|slp\n|move|p1b: Vivillon|Sleep Powder|p2b: Aegislash\n|-status|p2b: Aegislash|slp|[from] move: Sleep Powder\n|move|p1a: Espathra|Calm Mind|p1a: Espathra\n|-boost|p1a: Espathra|spa|1\n|-boost|p1a: Espathra|spd|1\n|cant|p2b: Aegislash|slp\n|\n|-ability|p1a: Espathra|Speed Boost|boost\n|-boost|p1a: Espathra|spe|1\n|upkeep\n|turn|3\n|\n|t:|1776355742\n|move|p1a: Espathra|Lumina Crash|p2a: Sneasler\n|-supereffective|p2a: Sneasler|2\n|-enditem|p2a: Sneasler|Focus Sash\n|-damage|p2a: Sneasler|1/100 slp\n|-unboost|p2a: Sneasler|spd|2\n|-curestatus|p2a: Sneasler|slp|[msg]\n|move|p2a: Sneasler|Dire Claw|p1a: Espathra\n|-damage|p1a: Espathra|56/100\n|move|p1b: Vivillon|Tailwind|p1b: Vivillon\n|-sidestart|p1: hyrosh x|move: Tailwind\n|cant|p2b: Aegislash|slp\n|\n|-ability|p1a: Espathra|Speed Boost|boost\n|-boost|p1a: Espathra|spe|1\n|upkeep\n|turn|4\n|\n|t:|1776355767\n|move|p2a: Sneasler|Protect|p2a: Sneasler\n|-singleturn|p2a: Sneasler|Protect\n|move|p1a: Espathra|Baton Pass|p1a: Espathra\n|\n|t:|1776355770\n|switch|p1a: Milotic|Milotic, L50, F|100/100|[from] Baton Pass\n|move|p1b: Vivillon|Pollen Puff|p2a: Sneasler\n|-activate|p2a: Sneasler|move: Protect\n|-curestatus|p2b: Aegislash|slp|[msg]\n|-formechange|p2b: Aegislash|Aegislash-Blade|\n|move|p2b: Aegislash|Shadow Ball|p1a: Milotic\n|-damage|p1a: Milotic|77/100\n|\n|upkeep\n|turn|5\n|inactive|Ramen Broth has 30 seconds left.\n|inactive|Ramen Broth has 20 seconds left.\n|inactive|Ramen Broth has 15 seconds left.\n|\n|t:|1776355810\n|switch|p2a: Milotic|Milotic, L50, M|100/100\n|-formechange|p2b: Aegislash|Aegislash|\n|move|p2b: Aegislash|King's Shield|p2b: Aegislash\n|-singleturn|p2b: Aegislash|Protect\n|move|p1a: Milotic|Coil|p1a: Milotic\n|-boost|p1a: Milotic|atk|1\n|-boost|p1a: Milotic|def|1\n|-boost|p1a: Milotic|accuracy|1\n|move|p1b: Vivillon|Pollen Puff|p2a: Milotic\n|-damage|p2a: Milotic|81/100\n|\n|-heal|p2a: Milotic|87/100|[from] item: Leftovers\n|upkeep\n|turn|6\n|\n|t:|1776355830\n|move|p1a: Milotic|Muddy Water|p2b: Aegislash|[spread] p2a,p2b\n|-resisted|p2a: Milotic|1\n|-damage|p2a: Milotic|74/100\n|-damage|p2b: Aegislash|63/100\n|move|p1b: Vivillon|Sleep Powder|p2a: Milotic\n|-status|p2a: Milotic|slp|[from] move: Sleep Powder\n|cant|p2a: Milotic|slp\n|-formechange|p2b: Aegislash|Aegislash-Blade|\n|move|p2b: Aegislash|Shadow Ball|p1a: Milotic\n|-damage|p1a: Milotic|55/100\n|\n|-heal|p2a: Milotic|80/100 slp|[from] item: Leftovers\n|-sideend|p1: hyrosh x|move: Tailwind\n|upkeep\n|turn|7\n|\n|t:|1776355846\n|move|p2b: Aegislash|Wide Guard|p2b: Aegislash\n|-singleturn|p2b: Aegislash|Wide Guard\n|move|p1a: Milotic|Muddy Water|p2a: Milotic|[spread] \n|-activate|p2a: Milotic|move: Wide Guard\n|-activate|p2b: Aegislash|move: Wide Guard\n|move|p1b: Vivillon|Pollen Puff|p1a: Milotic\n|-heal|p1a: Milotic|100/100\n|cant|p2a: Milotic|slp\n|\n|-heal|p2a: Milotic|86/100 slp|[from] item: Leftovers\n|upkeep\n|turn|8\n|\n|t:|1776355856\n|-formechange|p2b: Aegislash|Aegislash|\n|move|p2b: Aegislash|King's Shield|p2b: Aegislash\n|-singleturn|p2b: Aegislash|Protect\n|move|p1a: Milotic|Draining Kiss|p2a: Milotic\n|-crit|p2a: Milotic\n|-damage|p2a: Milotic|69/100 slp\n|move|p1b: Vivillon|Sleep Powder|p2b: Aegislash\n|-status|p2b: Aegislash|slp|[from] move: Sleep Powder\n|-curestatus|p2a: Milotic|slp|[msg]\n|move|p2a: Milotic|Ice Beam|p1b: Vivillon\n|-supereffective|p1b: Vivillon|1\n|-damage|p1b: Vivillon|34/100\n|\n|-heal|p2a: Milotic|75/100|[from] item: Leftovers\n|upkeep\n|turn|9\n|\n|t:|1776355869\n|cant|p2b: Aegislash|slp\n|move|p1a: Milotic|Muddy Water|p2b: Aegislash|[spread] p2a,p2b\n|-resisted|p2a: Milotic|1\n|-damage|p2a: Milotic|62/100\n|-damage|p2b: Aegislash|32/100 slp\n|-unboost|p2a: Milotic|accuracy|1\n|-ability|p2a: Milotic|Competitive|boost\n|-boost|p2a: Milotic|spa|2\n|-unboost|p2b: Aegislash|accuracy|1\n|move|p1b: Vivillon|Sleep Powder|p2a: Milotic\n|-status|p2a: Milotic|slp|[from] move: Sleep Powder\n|cant|p2a: Milotic|slp\n|\n|-heal|p2a: Milotic|68/100 slp|[from] item: Leftovers\n|upkeep\n|turn|10\n|\n|t:|1776355894\n|switch|p2b: Sneasler|Sneasler, L50, F|1/100\n|move|p1a: Milotic|Muddy Water|p2a: Milotic|[spread] p2a,p2b\n|-resisted|p2a: Milotic|1\n|-damage|p2a: Milotic|56/100 slp\n|-damage|p2b: Sneasler|0 fnt\n|faint|p2b: Sneasler\n|move|p1b: Vivillon|Tailwind|p1b: Vivillon\n|-sidestart|p1: hyrosh x|move: Tailwind\n|-curestatus|p2a: Milotic|slp|[msg]\n|move|p2a: Milotic|Scald|p1b: Vivillon|[miss]\n|-miss|p2a: Milotic|p1b: Vivillon\n|\n|-heal|p2a: Milotic|62/100|[from] item: Leftovers\n|upkeep\n|\n|t:|1776355898\n|switch|p2b: Gardevoir|Gardevoir, L50, F|100/100\n|turn|11\n|\n|t:|1776355912\n|detailschange|p2b: Gardevoir|Gardevoir-Mega, L50, F\n|-mega|p2b: Gardevoir|Gardevoir|Gardevoirite\n|move|p2b: Gardevoir|Protect|p2b: Gardevoir\n|-singleturn|p2b: Gardevoir|Protect\n|move|p1a: Milotic|Muddy Water|p2a: Milotic|[spread] p2a\n|-activate|p2b: Gardevoir|move: Protect\n|-resisted|p2a: Milotic|1\n|-damage|p2a: Milotic|50/100\n|-unboost|p2a: Milotic|accuracy|1\n|-ability|p2a: Milotic|Competitive|boost\n|-boost|p2a: Milotic|spa|2\n|move|p1b: Vivillon|Sleep Powder|p2a: Milotic\n|-status|p2a: Milotic|slp|[from] move: Sleep Powder\n|cant|p2a: Milotic|slp\n|\n|-heal|p2a: Milotic|56/100 slp|[from] item: Leftovers\n|upkeep\n|turn|12\n|\n|t:|1776355930\n|move|p1a: Milotic|Muddy Water|p2b: Gardevoir|[spread] p2a,p2b\n|-resisted|p2a: Milotic|1\n|-damage|p2a: Milotic|43/100 slp\n|-damage|p2b: Gardevoir|70/100\n|-unboost|p2a: Milotic|accuracy|1\n|-ability|p2a: Milotic|Competitive|boost\n|-boost|p2a: Milotic|spa|2\n|move|p1b: Vivillon|Sleep Powder|p2b: Gardevoir\n|-status|p2b: Gardevoir|slp|[from] move: Sleep Powder\n|cant|p2a: Milotic|slp\n|cant|p2b: Gardevoir|slp\n|\n|-heal|p2a: Milotic|49/100 slp|[from] item: Leftovers\n|upkeep\n|turn|13\n|\n|t:|1776355945\n|move|p1a: Milotic|Muddy Water|p2b: Gardevoir|[spread] p2a,p2b\n|-resisted|p2a: Milotic|1\n|-damage|p2a: Milotic|38/100 slp\n|-damage|p2b: Gardevoir|43/100 slp\n|move|p1b: Vivillon|Pollen Puff|p2b: Gardevoir\n|-damage|p2b: Gardevoir|19/100 slp\n|-curestatus|p2a: Milotic|slp|[msg]\n|move|p2a: Milotic|Scald|p1b: Vivillon\n|-damage|p1b: Vivillon|0 fnt\n|faint|p1b: Vivillon\n|cant|p2b: Gardevoir|slp\n|\n|-heal|p2a: Milotic|44/100|[from] item: Leftovers\n|-sideend|p1: hyrosh x|move: Tailwind\n|upkeep\n|\n|t:|1776355956\n|switch|p1b: Espathra|Espathra, L50, F|56/100\n|turn|14\n|\n|t:|1776355961\n|switch|p2a: Aegislash|Aegislash, L50, F|32/100 slp\n|-curestatus|p2b: Gardevoir|slp|[msg]\n|move|p2b: Gardevoir|Protect|p2b: Gardevoir\n|-singleturn|p2b: Gardevoir|Protect\n|move|p1a: Milotic|Muddy Water|p2b: Gardevoir|[spread] p2a\n|-activate|p2b: Gardevoir|move: Protect\n|-damage|p2a: Aegislash|5/100 slp\n|-unboost|p2a: Aegislash|accuracy|1\n|move|p1b: Espathra|Calm Mind|p1b: Espathra\n|-boost|p1b: Espathra|spa|1\n|-boost|p1b: Espathra|spd|1\n|\n|-ability|p1b: Espathra|Speed Boost|boost\n|-boost|p1b: Espathra|spe|1\n|upkeep\n|turn|15\n|\n|t:|1776355970\n|cant|p2a: Aegislash|slp\n|move|p1a: Milotic|Muddy Water|p2b: Gardevoir|[spread] p2a,p2b\n|-damage|p2a: Aegislash|0 fnt\n|-damage|p2b: Gardevoir|0 fnt\n|faint|p2a: Aegislash\n|faint|p2b: Gardevoir\n|move|p1b: Espathra|Calm Mind|p1b: Espathra\n|-boost|p1b: Espathra|spa|1\n|-boost|p1b: Espathra|spd|1\n|\n|-ability|p1b: Espathra|Speed Boost|boost\n|-boost|p1b: Espathra|spe|1\n|upkeep\n|c|\u2606Ramen Broth|gg\n|-message|Ramen Broth forfeited.\n|\n|win|hyrosh x\n|raw|hyrosh x's rating: 1255 &rarr; <strong>1285</strong><br />(+30 for winning)\n|raw|Ramen Broth's rating: 1328 &rarr; <strong>1304</strong><br />(-24 for losing)\n|l|\u2606Ramen Broth\n|player|p2|\n",
  "uploadtime": 1776355993,
  "views": 43,
  "formatid": "gen9championsvgc2026regma",
  "rating": 1285,
  "private": 0,
  "password": null
}