{
  "id": "gen9championsvgc2026regma-2587551534",
  "format": "[Gen 9 Champions] VGC 2026 Reg M-A",
  "players": [
    "stewpeed",
    "Lolligaggery"
  ],
  "log": "|j|\u2606stewpeed\n|j|\u2606Lolligaggery\n|t:|1776541569\n|gametype|doubles\n|player|p1|stewpeed|grimsley|1427\n|player|p2|Lolligaggery|pokemaniac|1507\n|gen|9\n|tier|[Gen 9 Champions] VGC 2026 Reg M-A\n|rated|\n|rule|Species Clause: Limit one of each Pok\u00e9mon\n|rule|Item Clause: Limit 1 of each item\n|clearpoke\n|poke|p1|Oranguru, L50, M|\n|poke|p1|Sinistcha, L50|\n|poke|p1|Incineroar, L50, M|\n|poke|p1|Crabominable, L50, M|\n|poke|p1|Primarina, L50, F|\n|poke|p1|Camerupt, L50, M|\n|poke|p2|Hydreigon, L50, M|\n|poke|p2|Garchomp, L50, M|\n|poke|p2|Rotom-Wash, L50|\n|poke|p2|Excadrill, L50, M|\n|poke|p2|Tyranitar, L50, M, shiny|\n|poke|p2|Milotic, L50, F|\n|teampreview|4\n|inactive|Battle timer is ON: inactive players will automatically lose when time's up. (requested by stewpeed)\n|\n|t:|1776541616\n|teamsize|p1|4\n|teamsize|p2|4\n|start\n|switch|p1a: Oranguru|Oranguru, L50, M|100/100\n|switch|p1b: Primarina|Primarina, L50, F|100/100\n|switch|p2a: Milotic|Milotic, L50, F|100/100\n|switch|p2b: Tyranitar|Tyranitar, L50, M, shiny|100/100\n|-weather|Sandstorm|[from] ability: Sand Stream|[of] p2b: Tyranitar\n|turn|1\n|\n|t:|1776541627\n|detailschange|p2b: Tyranitar|Tyranitar-Mega, L50, M, shiny\n|-mega|p2b: Tyranitar|Tyranitar|Tyranitarite\n|move|p1a: Oranguru|Protect|p1a: Oranguru\n|-singleturn|p1a: Oranguru|Protect\n|move|p2a: Milotic|Scald|p1a: Oranguru\n|-activate|p1a: Oranguru|move: Protect\n|move|p2b: Tyranitar|Knock Off|p1a: Oranguru\n|-activate|p1a: Oranguru|move: Protect\n|move|p1b: Primarina|Calm Mind|p1b: Primarina\n|-boost|p1b: Primarina|spa|1\n|-boost|p1b: Primarina|spd|1\n|\n|-weather|Sandstorm|[upkeep]\n|-damage|p2a: Milotic|95/100|[from] Sandstorm\n|-damage|p1b: Primarina|95/100|[from] Sandstorm\n|-damage|p1a: Oranguru|94/100|[from] Sandstorm\n|-heal|p2a: Milotic|100/100|[from] item: Leftovers\n|upkeep\n|turn|2\n|\n|t:|1776541643\n|move|p2a: Milotic|Scald|p1a: Oranguru\n|-damage|p1a: Oranguru|73/100\n|move|p2b: Tyranitar|Rock Slide|p1b: Primarina|[spread] p1a,p1b\n|-damage|p1a: Oranguru|42/100\n|-damage|p1b: Primarina|58/100\n|move|p1b: Primarina|Calm Mind|p1b: Primarina\n|-boost|p1b: Primarina|spa|1\n|-boost|p1b: Primarina|spd|1\n|move|p1a: Oranguru|Trick Room|p1a: Oranguru\n|-fieldstart|move: Trick Room|[of] p1a: Oranguru\n|\n|-weather|Sandstorm|[upkeep]\n|-damage|p1a: Oranguru|36/100|[from] Sandstorm\n|-damage|p1b: Primarina|52/100|[from] Sandstorm\n|-damage|p2a: Milotic|95/100|[from] Sandstorm\n|-heal|p2a: Milotic|100/100|[from] item: Leftovers\n|upkeep\n|turn|3\n|inactive|Lolligaggery has 30 seconds left.\n|\n|t:|1776541670\n|move|p2b: Tyranitar|Protect|p2b: Tyranitar\n|-singleturn|p2b: Tyranitar|Protect\n|move|p2a: Milotic|Protect|p2a: Milotic\n|-singleturn|p2a: Milotic|Protect\n|move|p1a: Oranguru|Instruct|p1b: Primarina\n|-singleturn|p1b: Primarina|move: Instruct|[of] p1a: Oranguru\n|move|p1b: Primarina|Calm Mind|p1b: Primarina\n|-boost|p1b: Primarina|spa|1\n|-boost|p1b: Primarina|spd|1\n|move|p1b: Primarina|Hyper Voice|p2a: Milotic|[spread] \n|-activate|p2a: Milotic|move: Protect\n|-activate|p2b: Tyranitar|move: Protect\n|\n|-weather|Sandstorm|[upkeep]\n|-damage|p1a: Oranguru|30/100|[from] Sandstorm\n|-damage|p1b: Primarina|46/100|[from] Sandstorm\n|-damage|p2a: Milotic|95/100|[from] Sandstorm\n|-heal|p2a: Milotic|100/100|[from] item: Leftovers\n|upkeep\n|turn|4\n|\n|t:|1776541691\n|switch|p2b: Hydreigon|Hydreigon, L50, M|100/100\n|move|p1a: Oranguru|Instruct|p1b: Primarina\n|-singleturn|p1b: Primarina|move: Instruct|[of] p1a: Oranguru\n|move|p1b: Primarina|Hyper Voice|p2b: Hydreigon|[spread] p2a,p2b\n|-resisted|p2a: Milotic|1\n|-resisted|p2b: Hydreigon|1\n|-damage|p2a: Milotic|74/100\n|-damage|p2b: Hydreigon|47/100\n|move|p1b: Primarina|Draining Kiss|p2a: Milotic\n|-damage|p2a: Milotic|40/100\n|-heal|p1b: Primarina|77/100|[from] drain|[of] p2a: Milotic\n|move|p2a: Milotic|Scald|p1b: Primarina\n|-resisted|p1b: Primarina|1\n|-damage|p1b: Primarina|72/100\n|\n|-weather|Sandstorm|[upkeep]\n|-damage|p1a: Oranguru|24/100|[from] Sandstorm\n|-damage|p1b: Primarina|67/100|[from] Sandstorm\n|-damage|p2a: Milotic|34/100|[from] Sandstorm\n|-damage|p2b: Hydreigon|42/100|[from] Sandstorm\n|-heal|p2a: Milotic|40/100|[from] item: Leftovers\n|upkeep\n|turn|5\n|inactive|Lolligaggery has 30 seconds left.\n|\n|t:|1776541722\n|move|p2a: Milotic|Protect|p2a: Milotic\n|-singleturn|p2a: Milotic|Protect\n|move|p2b: Hydreigon|Protect|p2b: Hydreigon\n|-singleturn|p2b: Hydreigon|Protect\n|move|p1a: Oranguru|Instruct|p1b: Primarina\n|-singleturn|p1b: Primarina|move: Instruct|[of] p1a: Oranguru\n|move|p1b: Primarina|Draining Kiss|p2a: Milotic\n|-activate|p2a: Milotic|move: Protect\n|move|p1b: Primarina|Draining Kiss|p2b: Hydreigon\n|-activate|p2b: Hydreigon|move: Protect\n|\n|-weather|none\n|-heal|p2a: Milotic|46/100|[from] item: Leftovers\n|upkeep\n|turn|6\n|inactive|Lolligaggery has 30 seconds left.\n|\n|t:|1776541750\n|switch|p2a: Tyranitar|Tyranitar-Mega, L50, M, shiny|100/100\n|-weather|Sandstorm|[from] ability: Sand Stream|[of] p2a: Tyranitar\n|switch|p2b: Excadrill|Excadrill, L50, M|100/100\n|move|p1a: Oranguru|Instruct|p1b: Primarina\n|-singleturn|p1b: Primarina|move: Instruct|[of] p1a: Oranguru\n|move|p1b: Primarina|Draining Kiss|p2b: Excadrill\n|-resisted|p2b: Excadrill|1\n|-damage|p2b: Excadrill|62/100\n|-heal|p1b: Primarina|98/100|[from] drain|[of] p2b: Excadrill\n|move|p1b: Primarina|Draining Kiss|p2a: Tyranitar\n|-supereffective|p2a: Tyranitar|1\n|-damage|p2a: Tyranitar|43/100\n|-heal|p1b: Primarina|100/100|[from] drain|[of] p2a: Tyranitar\n|\n|-weather|Sandstorm|[upkeep]\n|-damage|p1a: Oranguru|18/100|[from] Sandstorm\n|-damage|p1b: Primarina|95/100|[from] Sandstorm\n|-fieldend|move: Trick Room\n|upkeep\n|turn|7\n|\n|t:|1776541767\n|switch|p1a: Incineroar|Incineroar, L50, M|100/100\n|-ability|p1a: Incineroar|Intimidate|boost\n|-unboost|p2a: Tyranitar|atk|1\n|-unboost|p2b: Excadrill|atk|1\n|move|p1b: Primarina|Protect|p1b: Primarina\n|-singleturn|p1b: Primarina|Protect\n|move|p2b: Excadrill|Iron Head|p1b: Primarina\n|-activate|p1b: Primarina|move: Protect\n|move|p2a: Tyranitar|Rock Slide|p1b: Primarina|[spread] p1a\n|-activate|p1b: Primarina|move: Protect\n|-supereffective|p1a: Incineroar|1\n|-damage|p1a: Incineroar|59/100\n|\n|-weather|Sandstorm|[upkeep]\n|-damage|p1a: Incineroar|53/100|[from] Sandstorm\n|-damage|p1b: Primarina|89/100|[from] Sandstorm\n|upkeep\n|turn|8\n|j| Garderoar\n|\n|t:|1776541787\n|move|p2b: Excadrill|Protect|p2b: Excadrill\n|-singleturn|p2b: Excadrill|Protect\n|move|p2a: Tyranitar|Rock Slide|p1b: Primarina|[spread] p1a,p1b\n|-supereffective|p1a: Incineroar|1\n|-damage|p1a: Incineroar|8/100\n|-damage|p1b: Primarina|62/100\n|-enditem|p1a: Incineroar|Sitrus Berry|[eat]\n|-heal|p1a: Incineroar|33/100|[from] item: Sitrus Berry\n|move|p1a: Incineroar|Parting Shot|p2b: Excadrill\n|-activate|p2b: Excadrill|move: Protect\n|move|p1b: Primarina|Hyper Voice|p2a: Tyranitar|[spread] p2a\n|-activate|p2b: Excadrill|move: Protect\n|-supereffective|p2a: Tyranitar|1\n|-damage|p2a: Tyranitar|0 fnt\n|faint|p2a: Tyranitar\n|\n|-weather|Sandstorm|[upkeep]\n|-damage|p1b: Primarina|56/100|[from] Sandstorm\n|-damage|p1a: Incineroar|27/100|[from] Sandstorm\n|upkeep\n|l| Garderoar\n|\n|t:|1776541794\n|switch|p2a: Hydreigon|Hydreigon, L50, M|42/100\n|turn|9\n|\n|t:|1776541800\n|switch|p1a: Oranguru|Oranguru, L50, M|18/100\n|move|p1b: Primarina|Protect|p1b: Primarina\n|-singleturn|p1b: Primarina|Protect\n|move|p2b: Excadrill|Earthquake|p1a: Oranguru|[spread] p1a\n|-activate|p1b: Primarina|move: Protect\n|-immune|p2a: Hydreigon|[from] ability: Levitate\n|-damage|p1a: Oranguru|0 fnt\n|faint|p1a: Oranguru\n|move|p2a: Hydreigon|Dark Pulse|p1b: Primarina\n|-activate|p1b: Primarina|move: Protect\n|\n|-weather|Sandstorm|[upkeep]\n|-damage|p2a: Hydreigon|36/100|[from] Sandstorm\n|-damage|p1b: Primarina|50/100|[from] Sandstorm\n|upkeep\n|\n|t:|1776541807\n|switch|p1a: Incineroar|Incineroar, L50, M|27/100\n|-ability|p1a: Incineroar|Intimidate|boost\n|-unboost|p2a: Hydreigon|atk|1\n|-unboost|p2b: Excadrill|atk|1\n|turn|10\n|inactive|Lolligaggery has 30 seconds left.\n|\n|t:|1776541835\n|switch|p2b: Milotic|Milotic, L50, F|46/100\n|move|p2a: Hydreigon|Protect|p2a: Hydreigon\n|-singleturn|p2a: Hydreigon|Protect\n|move|p1a: Incineroar|Fake Out|p2b: Milotic\n|-damage|p2b: Milotic|35/100\n|move|p1b: Primarina|Draining Kiss|p2a: Hydreigon\n|-activate|p2a: Hydreigon|move: Protect\n|\n|-weather|none\n|-heal|p2b: Milotic|41/100|[from] item: Leftovers\n|upkeep\n|turn|11\n|\n|t:|1776541851\n|move|p2a: Hydreigon|Dark Pulse|p1b: Primarina\n|-resisted|p1b: Primarina|1\n|-damage|p1b: Primarina|43/100\n|move|p2b: Milotic|Scald|p1b: Primarina\n|-resisted|p1b: Primarina|1\n|-damage|p1b: Primarina|38/100\n|move|p1b: Primarina|Draining Kiss|p2b: Milotic\n|-damage|p2b: Milotic|10/100\n|-heal|p1b: Primarina|65/100|[from] drain|[of] p2b: Milotic\n|move|p1a: Incineroar|Parting Shot|p2a: Hydreigon\n|-unboost|p2a: Hydreigon|atk|1\n|-unboost|p2a: Hydreigon|spa|1\n|\n|t:|1776541863\n|switch|p1a: Crabominable|Crabominable, L50, M|100/100|[from] Parting Shot\n|\n|-heal|p2b: Milotic|16/100|[from] item: Leftovers\n|upkeep\n|turn|12\n|\n|t:|1776541875\n|move|p2b: Milotic|Protect|p2b: Milotic\n|-singleturn|p2b: Milotic|Protect\n|move|p1a: Crabominable|Protect|p1a: Crabominable\n|-singleturn|p1a: Crabominable|Protect\n|move|p2a: Hydreigon|Draco Meteor|p1a: Crabominable\n|-activate|p1a: Crabominable|move: Protect\n|move|p1b: Primarina|Draining Kiss|p2a: Hydreigon\n|-supereffective|p2a: Hydreigon|2\n|-damage|p2a: Hydreigon|0 fnt\n|-heal|p1b: Primarina|92/100|[from] drain|[of] p2a: Hydreigon\n|faint|p2a: Hydreigon\n|\n|-heal|p2b: Milotic|22/100|[from] item: Leftovers\n|upkeep\n|\n|t:|1776541879\n|switch|p2a: Excadrill|Excadrill, L50, M|62/100\n|turn|13\n|\n|t:|1776541893\n|switch|p1a: Incineroar|Incineroar, L50, M|27/100\n|-ability|p1a: Incineroar|Intimidate|boost\n|-unboost|p2a: Excadrill|atk|1\n|-unboost|p2b: Milotic|atk|1\n|-ability|p2b: Milotic|Competitive|boost\n|-boost|p2b: Milotic|spa|2\n|move|p2a: Excadrill|Rock Slide|p1a: Incineroar|[spread] p1a,p1b\n|-supereffective|p1a: Incineroar|1\n|-damage|p1a: Incineroar|2/100\n|-damage|p1b: Primarina|78/100\n|move|p2b: Milotic|Scald|p1a: Incineroar\n|-supereffective|p1a: Incineroar|1\n|-crit|p1a: Incineroar\n|-damage|p1a: Incineroar|0 fnt\n|faint|p1a: Incineroar\n|cant|p1b: Primarina|flinch\n|\n|-heal|p2b: Milotic|28/100|[from] item: Leftovers\n|upkeep\n|\n|t:|1776541901\n|switch|p1a: Crabominable|Crabominable, L50, M|100/100\n|turn|14\n|\n|t:|1776541914\n|move|p1a: Crabominable|Protect|p1a: Crabominable\n|-singleturn|p1a: Crabominable|Protect\n|move|p2a: Excadrill|Rock Slide|p1b: Primarina|[spread] p1b\n|-activate|p1a: Crabominable|move: Protect\n|-damage|p1b: Primarina|64/100\n|move|p2b: Milotic|Scald|p1a: Crabominable\n|-activate|p1a: Crabominable|move: Protect\n|move|p1b: Primarina|Hyper Voice|p2b: Milotic|[spread] p2a,p2b\n|-supereffective|p2a: Excadrill|1\n|-resisted|p2b: Milotic|1\n|-damage|p2a: Excadrill|0 fnt\n|-damage|p2b: Milotic|2/100\n|faint|p2a: Excadrill\n|\n|-heal|p2b: Milotic|8/100|[from] item: Leftovers\n|upkeep\n|turn|15\n|-message|Lolligaggery forfeited.\n|\n|win|stewpeed\n|raw|stewpeed's rating: 1427 &rarr; <strong>1452</strong><br />(+25 for winning)\n|raw|Lolligaggery's rating: 1507 &rarr; <strong>1482</strong><br />(-25 for losing)\n|l|\u2606Lolligaggery\n|player|p2|\n|l|\u2606stewpeed\n|player|p1|\n|j|\u2606stewpeed\n|player|p1|stewpeed|grimsley|\n|l|\u2606stewpeed\n|player|p1|\n",
  "uploadtime": 1776541949,
  "views": 24,
  "formatid": "gen9championsvgc2026regma",
  "rating": 1452,
  "private": 0,
  "password": null
}