{
  "id": "gen9championsvgc2026regma-2583526200",
  "format": "[Gen 9 Champions] VGC 2026 Reg M-A",
  "players": [
    "spreckz",
    "petasmash"
  ],
  "log": "|j|\u2606spreckz\n|j|\u2606petasmash\n|t:|1776181212\n|gametype|doubles\n|player|p1|spreckz|miku-ghost|1145\n|player|p2|petasmash|steven|1047\n|gen|9\n|tier|[Gen 9 Champions] VGC 2026 Reg M-A\n|rated|\n|rule|Species Clause: Limit one of each Pok\u00e9mon\n|rule|Item Clause: Limit 1 of each item\n|clearpoke\n|poke|p1|Golurk, L50|\n|poke|p1|Sinistcha, L50|\n|poke|p1|Torkoal, L50, M|\n|poke|p1|Incineroar, L50, M|\n|poke|p1|Hydreigon, L50, M|\n|poke|p1|Farigiraf, L50, M|\n|poke|p2|Liepard, L50, M|\n|poke|p2|Basculegion, L50, M|\n|poke|p2|Meganium, L50, M|\n|poke|p2|Sneasler, L50, F|\n|poke|p2|Froslass, L50, F|\n|poke|p2|Abomasnow, L50, M|\n|teampreview|4\n|c|\u2606petasmash|Glhf\n|inactive|Battle timer is ON: inactive players will automatically lose when time's up. (requested by petasmash)\n|inactive|spreckz has 60 seconds left.\n|\n|t:|1776181267\n|teamsize|p1|4\n|teamsize|p2|4\n|start\n|switch|p1a: Incineroar|Incineroar, L50, M|100/100\n|switch|p1b: Sinistcha|Sinistcha, L50|100/100\n|switch|p2a: Liepard|Liepard, L50, M|100/100\n|switch|p2b: Meganium|Meganium, L50, M|100/100\n|-ability|p1a: Incineroar|Intimidate|boost\n|-unboost|p2a: Liepard|atk|1\n|-unboost|p2b: Meganium|atk|1\n|turn|1\n|\n|t:|1776181284\n|switch|p2a: Froslass|Froslass, L50, F|100/100\n|detailschange|p2b: Meganium|Meganium-Mega, L50, M\n|-mega|p2b: Meganium|Meganium|Meganiumite\n|move|p1a: Incineroar|Fake Out|p2a: Froslass\n|-immune|p2a: Froslass\n|move|p2b: Meganium|Weather Ball|p1b: Sinistcha\n|-supereffective|p1b: Sinistcha|1\n|-damage|p1b: Sinistcha|0 fnt\n|faint|p1b: Sinistcha\n|\n|upkeep\n|\n|t:|1776181298\n|switch|p1b: Golurk|Golurk, L50, shiny|100/100\n|turn|2\n|\n|t:|1776181305\n|switch|p2b: Abomasnow|Abomasnow, L50, M|100/100\n|-weather|Snowscape|[from] ability: Snow Warning|[of] p2b: Abomasnow\n|detailschange|p1b: Golurk|Golurk-Mega, L50, shiny\n|-mega|p1b: Golurk|Golurk|Golurkite\n|move|p1b: Golurk|Protect|p1b: Golurk\n|-singleturn|p1b: Golurk|Protect\n|move|p2a: Froslass|Aurora Veil|p2a: Froslass\n|-sidestart|p2: petasmash|move: Aurora Veil\n|move|p1a: Incineroar|Flare Blitz|p2b: Abomasnow\n|-supereffective|p2b: Abomasnow|2\n|-damage|p2b: Abomasnow|0 fnt\n|faint|p2b: Abomasnow\n|-damage|p1a: Incineroar|68/100|[from] Recoil\n|\n|-weather|Snowscape|[upkeep]\n|upkeep\n|\n|t:|1776181323\n|switch|p2b: Meganium|Meganium-Mega, L50, M|100/100\n|turn|3\n|\n|t:|1776181332\n|move|p2a: Froslass|Destiny Bond|p2a: Froslass\n|-singlemove|p2a: Froslass|Destiny Bond\n|move|p2b: Meganium|Solar Beam||[still]\n|-prepare|p2b: Meganium|Solar Beam\n|-activate|p2b: Meganium|ability: Mega Sol\n|-anim|p2b: Meganium|Solar Beam|p1b: Golurk\n|-supereffective|p1b: Golurk|1\n|-damage|p1b: Golurk|0 fnt\n|faint|p1b: Golurk\n|move|p1a: Incineroar|Flare Blitz|p2b: Meganium\n|-supereffective|p2b: Meganium|1\n|-damage|p2b: Meganium|28/100\n|-damage|p1a: Incineroar|47/100|[from] Recoil\n|\n|-weather|Snowscape|[upkeep]\n|upkeep\n|\n|t:|1776181342\n|switch|p1b: Torkoal|Torkoal, L50, M, shiny|100/100\n|-weather|SunnyDay|[from] ability: Drought|[of] p1b: Torkoal\n|turn|4\n|\n|t:|1776181362\n|switch|p2a: Liepard|Liepard, L50, M|100/100\n|move|p2b: Meganium|Protect|p2b: Meganium\n|-singleturn|p2b: Meganium|Protect\n|move|p1a: Incineroar|Flare Blitz|p2a: Liepard\n|-enditem|p2a: Liepard|Focus Sash\n|-damage|p2a: Liepard|1/100\n|-damage|p1a: Incineroar|24/100|[from] Recoil\n|move|p1b: Torkoal|Heat Wave|p2b: Meganium|[spread] \n|-activate|p2b: Meganium|move: Protect\n|-miss|p1b: Torkoal|p2a: Liepard\n|\n|-weather|SunnyDay|[upkeep]\n|upkeep\n|turn|5\n|inactive|petasmash has 30 seconds left.\n|\n|t:|1776181391\n|move|p2a: Liepard|Fake Tears|p1b: Torkoal\n|-unboost|p1b: Torkoal|spd|2\n|move|p2b: Meganium|Solar Beam||[still]\n|-prepare|p2b: Meganium|Solar Beam\n|-anim|p2b: Meganium|Solar Beam|p1b: Torkoal\n|-resisted|p1b: Torkoal|1\n|-damage|p1b: Torkoal|2/100\n|move|p1a: Incineroar|Flare Blitz|p2b: Meganium\n|-supereffective|p2b: Meganium|1\n|-damage|p2b: Meganium|0 fnt\n|faint|p2b: Meganium\n|-damage|p1a: Incineroar|16/100|[from] Recoil\n|move|p1b: Torkoal|Heat Wave|p2a: Liepard\n|-damage|p2a: Liepard|0 fnt\n|faint|p2a: Liepard\n|\n|-weather|SunnyDay|[upkeep]\n|upkeep\n|\n|t:|1776181405\n|switch|p2b: Froslass|Froslass, L50, F|100/100\n|turn|6\n|\n|t:|1776181418\n|move|p2b: Froslass|Blizzard|p1a: Incineroar|[spread] p1a\n|-miss|p2b: Froslass|p1b: Torkoal\n|-resisted|p1a: Incineroar|1\n|-damage|p1a: Incineroar|1/100\n|move|p1a: Incineroar|Flare Blitz|p2b: Froslass\n|-supereffective|p2b: Froslass|1\n|-damage|p2b: Froslass|0 fnt\n|faint|p2b: Froslass\n|-damage|p1a: Incineroar|0 fnt|[from] Recoil\n|faint|p1a: Incineroar\n|\n|win|spreckz\n|raw|spreckz's rating: 1145 &rarr; <strong>1163</strong><br />(+18 for winning)\n|raw|petasmash's rating: 1047 &rarr; <strong>1035</strong><br />(-12 for losing)\n|c|\u2606spreckz|ggs\n",
  "uploadtime": 1776181429,
  "views": 11,
  "formatid": "gen9championsvgc2026regma",
  "rating": 1035,
  "private": 0,
  "password": null
}