{
  "id": "gen9championsvgc2026regma-2582650153",
  "format": "[Gen 9 Champions] VGC 2026 Reg M-A",
  "players": [
    "The hoe battle",
    "Sevaunn"
  ],
  "log": "|j|\u2606The hoe battle\n|j|\u2606Sevaunn\n|t:|1776104946\n|gametype|doubles\n|player|p1|The hoe battle|169|1173\n|player|p2|Sevaunn|hilbert|1251\n|gen|9\n|tier|[Gen 9 Champions] VGC 2026 Reg M-A\n|rated|\n|rule|Species Clause: Limit one of each Pok\u00e9mon\n|rule|Item Clause: Limit 1 of each item\n|clearpoke\n|poke|p1|Garchomp, L50, M|\n|poke|p1|Sneasler, L50, F|\n|poke|p1|Incineroar, L50, M|\n|poke|p1|Charizard, L50, F|\n|poke|p1|Venusaur, L50, F|\n|poke|p1|Rotom-Wash, L50|\n|poke|p2|Excadrill, L50, M|\n|poke|p2|Tyranitar, L50, M|\n|poke|p2|Dragonite, L50, M|\n|poke|p2|Raichu, L50, F|\n|poke|p2|Starmie, L50|\n|poke|p2|Rotom-Wash, L50|\n|teampreview|4\n|\n|t:|1776104972\n|teamsize|p1|4\n|teamsize|p2|4\n|start\n|switch|p1a: Garchomp|Garchomp, L50, M|100/100\n|switch|p1b: Rotom|Rotom-Wash, L50|100/100\n|switch|p2a: D.DAWG|Dragonite, L50, M|100/100\n|switch|p2b: ME PATAR|Starmie, L50, shiny|100/100\n|turn|1\n|inactive|Battle timer is ON: inactive players will automatically lose when time's up. (requested by The hoe battle)\n|inactive|Sevaunn has 60 seconds left.\n|\n|t:|1776105018\n|move|p2b: ME PATAR|Protect|p2b: ME PATAR\n|-singleturn|p2b: ME PATAR|Protect\n|move|p1a: Garchomp|Bulldoze|p2a: D.DAWG|[spread] \n|-activate|p2b: ME PATAR|move: Protect\n|-immune|p1b: Rotom|[from] ability: Levitate\n|-immune|p2a: D.DAWG\n|move|p1b: Rotom|Discharge|p2a: D.DAWG|[spread] p2a\n|-activate|p2b: ME PATAR|move: Protect\n|-immune|p1a: Garchomp\n|-damage|p2a: D.DAWG|69/100\n|-status|p2a: D.DAWG|par\n|move|p2a: D.DAWG|Tailwind|p2a: D.DAWG\n|-sidestart|p2: Sevaunn|move: Tailwind\n|\n|upkeep\n|turn|2\n|\n|t:|1776105031\n|move|p2b: ME PATAR|Ice Beam|p1a: Garchomp\n|-supereffective|p1a: Garchomp|2\n|-damage|p1a: Garchomp|0 fnt\n|faint|p1a: Garchomp\n|move|p1b: Rotom|Will-O-Wisp|p2b: ME PATAR\n|-status|p2b: ME PATAR|brn\n|move|p2a: D.DAWG|Dragon Dance|p2a: D.DAWG\n|-boost|p2a: D.DAWG|atk|1\n|-boost|p2a: D.DAWG|spe|1\n|\n|-damage|p2b: ME PATAR|95/100 brn|[from] brn\n|upkeep\n|\n|t:|1776105035\n|switch|p1a: Incineroar|Incineroar, L50, M|100/100\n|-ability|p1a: Incineroar|Intimidate|boost\n|-fail|p2a: D.DAWG|unboost|Attack|[from] ability: Inner Focus|[of] p2a: D.DAWG\n|-unboost|p2b: ME PATAR|atk|1\n|turn|3\n|\n|t:|1776105045\n|move|p2b: ME PATAR|Protect|p2b: ME PATAR\n|-singleturn|p2b: ME PATAR|Protect\n|move|p2a: D.DAWG|Dragon Claw|p1b: Rotom\n|-damage|p1b: Rotom|5/100\n|move|p1b: Rotom|Thunderbolt|p2a: D.DAWG\n|-damage|p2a: D.DAWG|24/100 par\n|move|p1a: Incineroar|Darkest Lariat|p2a: D.DAWG\n|-damage|p2a: D.DAWG|0 fnt\n|faint|p2a: D.DAWG\n|\n|-heal|p1b: Rotom|11/100|[from] item: Leftovers\n|-damage|p2b: ME PATAR|89/100 brn|[from] brn\n|upkeep\n|\n|t:|1776105051\n|switch|p2a: SANDASAURUS|Tyranitar, L50, M|100/100\n|-weather|Sandstorm|[from] ability: Sand Stream|[of] p2a: SANDASAURUS\n|turn|4\n|\n|t:|1776105063\n|move|p2b: ME PATAR|Flip Turn|p1a: Incineroar\n|-supereffective|p1a: Incineroar|1\n|-damage|p1a: Incineroar|91/100\n|inactive|Sevaunn has 30 seconds left.\n|inactive|Sevaunn has 20 seconds left.\n|inactive|Sevaunn has 15 seconds left.\n|\n|t:|1776105107\n|-curestatus|p2b: ME PATAR|brn|[from] ability: Natural Cure\n|switch|p2b: JOHN GOTTI|Rotom-Wash, L50, shiny|100/100|[from] Flip Turn\n|move|p2a: SANDASAURUS|Rock Slide|p1b: Rotom|[spread] p1a,p1b\n|-supereffective|p1a: Incineroar|1\n|-damage|p1a: Incineroar|29/100\n|-damage|p1b: Rotom|0 fnt\n|-enditem|p1a: Incineroar|Sitrus Berry|[eat]\n|-heal|p1a: Incineroar|53/100|[from] item: Sitrus Berry\n|faint|p1b: Rotom\n|cant|p1a: Incineroar|flinch\n|\n|-weather|Sandstorm|[upkeep]\n|-damage|p2b: JOHN GOTTI|95/100|[from] Sandstorm\n|-damage|p1a: Incineroar|48/100|[from] Sandstorm\n|-sideend|p2: Sevaunn|move: Tailwind\n|upkeep\n|\n|t:|1776105114\n|switch|p1b: Charizard|Charizard, L50, F|100/100\n|turn|5\n|\n|t:|1776105138\n|detailschange|p1b: Charizard|Charizard-Mega-Y, L50, F\n|-mega|p1b: Charizard|Charizard|Charizardite Y\n|-weather|SunnyDay|[from] ability: Drought|[of] p1b: Charizard\n|detailschange|p2a: SANDASAURUS|Tyranitar-Mega, L50, M\n|-mega|p2a: SANDASAURUS|Tyranitar|Tyranitarite\n|-weather|Sandstorm|[from] ability: Sand Stream|[of] p2a: SANDASAURUS\n|move|p1b: Charizard|Solar Beam||[still]\n|-prepare|p1b: Charizard|Solar Beam\n|move|p2a: SANDASAURUS|Rock Slide|p1a: Incineroar|[spread] p1a,p1b\n|-supereffective|p1a: Incineroar|1\n|-supereffective|p1b: Charizard|2\n|-damage|p1a: Incineroar|0 fnt\n|-damage|p1b: Charizard|0 fnt\n|faint|p1a: Incineroar\n|faint|p1b: Charizard\n|\n|win|Sevaunn\n|raw|The hoe battle's rating: 1173 &rarr; <strong>1154</strong><br />(-19 for losing)\n|raw|Sevaunn's rating: 1251 &rarr; <strong>1270</strong><br />(+19 for winning)\n",
  "uploadtime": 1776105150,
  "views": 17,
  "formatid": "gen9championsvgc2026regma",
  "rating": 1154,
  "private": 0,
  "password": null
}