{
  "id": "gen9championsvgc2026regma-2585947909",
  "format": "[Gen 9 Champions] VGC 2026 Reg M-A",
  "players": [
    "regitron 21",
    "mestreguto"
  ],
  "log": "|j|\u2606regitron 21\n|j|\u2606mestreguto\n|t:|1776384118\n|gametype|doubles\n|player|p1|regitron 21|n|1000\n|player|p2|mestreguto|2|1081\n|gen|9\n|tier|[Gen 9 Champions] VGC 2026 Reg M-A\n|rated|\n|rule|Species Clause: Limit one of each Pok\u00e9mon\n|rule|Item Clause: Limit 1 of each item\n|clearpoke\n|poke|p1|Blastoise, L50, M|\n|poke|p1|Sinistcha, L50|\n|poke|p1|Scizor, L50, F|\n|poke|p1|Pelipper, L50, M|\n|poke|p1|Basculegion, L50, M|\n|poke|p1|Incineroar, L50, F|\n|poke|p2|Charizard, L50, F|\n|poke|p2|Kingambit, L50, F|\n|poke|p2|Incineroar, L50, M|\n|poke|p2|Floette-Eternal, L50, F|\n|poke|p2|Aerodactyl, L50, M|\n|poke|p2|Sneasler, L50, M|\n|teampreview|4\n|c|\u2606regitron 21|hey good luck man\n|c|\u2606regitron 21|cool team\nregitron 21 has agreed to open team sheets.\n|\n|t:|1776384148\n|teamsize|p1|4\n|teamsize|p2|4\n|start\n|switch|p1a: Scizor|Scizor, L50, F|100/100\n|switch|p1b: Sinistcha|Sinistcha, L50|100/100\n|switch|p2a: Aerodactyl|Aerodactyl, L50, M|100/100\n|switch|p2b: Floette|Floette-Eternal, L50, F|100/100\n|-ability|p2a: Aerodactyl|Unnerve\n|turn|1\n|\n|t:|1776384168\n|detailschange|p2b: Floette|Floette-Mega, L50, F\n|-mega|p2b: Floette|Floette|Floettite\n|-ability|p2b: Floette|Fairy Aura\n|move|p2b: Floette|Protect|p2b: Floette\n|-singleturn|p2b: Floette|Protect\n|move|p2a: Aerodactyl|Tailwind|p2a: Aerodactyl\n|-sidestart|p2: mestreguto|move: Tailwind\n|move|p1a: Scizor|Swords Dance|p1a: Scizor\n|-boost|p1a: Scizor|atk|2\n|move|p1b: Sinistcha|Matcha Gotcha|p2b: Floette|[spread] p2a\n|-activate|p2b: Floette|move: Protect\n|-damage|p2a: Aerodactyl|64/100\n|\n|upkeep\n|turn|2\n|\n|t:|1776384188\n|detailschange|p1a: Scizor|Scizor-Mega, L50, F\n|-mega|p1a: Scizor|Scizor|Scizorite\n|move|p1a: Scizor|Bullet Punch|p2b: Floette\n|-supereffective|p2b: Floette|1\n|-damage|p2b: Floette|0 fnt\n|faint|p2b: Floette\n|move|p2a: Aerodactyl|Dual Wingbeat|p1a: Scizor\n|-damage|p1a: Scizor|83/100\n|-damage|p1a: Scizor|67/100\n|-hitcount|p1a: Scizor|2\n|move|p1b: Sinistcha|Strength Sap|p2a: Aerodactyl\n|-unboost|p2a: Aerodactyl|atk|1\n|\n|upkeep\n|\n|t:|1776384198\n|switch|p2b: Sneasler|Sneasler, L50, M|100/100\n|turn|3\n|\n|t:|1776384219\n|move|p2b: Sneasler|Fake Out|p1a: Scizor\n|-resisted|p1a: Scizor|1\n|-damage|p1a: Scizor|61/100\n|cant|p1a: Scizor|flinch\n|move|p2a: Aerodactyl|Dual Wingbeat|p1b: Sinistcha\n|-supereffective|p1b: Sinistcha|1\n|-damage|p1b: Sinistcha|79/100\n|-supereffective|p1b: Sinistcha|1\n|-damage|p1b: Sinistcha|58/100\n|-hitcount|p1b: Sinistcha|2\n|move|p1b: Sinistcha|Matcha Gotcha|p2a: Aerodactyl|[spread] p2a,p2b\n|-resisted|p2b: Sneasler|1\n|-damage|p2a: Aerodactyl|28/100\n|-heal|p1b: Sinistcha|73/100|[from] drain|[of] p2a: Aerodactyl\n|-damage|p2b: Sneasler|84/100\n|-heal|p1b: Sinistcha|81/100|[from] drain|[of] p2b: Sneasler\n|-status|p2a: Aerodactyl|brn\n|\n|-heal|p1b: Sinistcha|87/100|[from] item: Leftovers\n|-damage|p2a: Aerodactyl|22/100 brn|[from] brn\n|upkeep\n|turn|4\n|\n|t:|1776384241\n|switch|p2a: Kingambit|Kingambit, L50, F|100/100\n|move|p1a: Scizor|Bullet Punch|p2b: Sneasler\n|-damage|p2b: Sneasler|0 fnt\n|faint|p2b: Sneasler\n|move|p1b: Sinistcha|Matcha Gotcha|p2a: Kingambit\n|-resisted|p2a: Kingambit|1\n|-damage|p2a: Kingambit|83/100\n|-heal|p1b: Sinistcha|97/100|[from] drain|[of] p2a: Kingambit\n|-status|p2a: Kingambit|brn\n|\n|-heal|p1b: Sinistcha|100/100|[from] item: Leftovers\n|-damage|p2a: Kingambit|77/100 brn|[from] brn\n|-sideend|p2: mestreguto|move: Tailwind\n|upkeep\n|\n|t:|1776384251\n|switch|p2b: Aerodactyl|Aerodactyl, L50, M|22/100 brn\n|-ability|p2b: Aerodactyl|Unnerve\n|turn|5\n|\n|t:|1776384256\n|move|p2a: Kingambit|Protect|p2a: Kingambit\n|-singleturn|p2a: Kingambit|Protect\n|move|p2b: Aerodactyl|Tailwind|p2b: Aerodactyl\n|-sidestart|p2: mestreguto|move: Tailwind\n|move|p1a: Scizor|Close Combat|p2a: Kingambit\n|-activate|p2a: Kingambit|move: Protect\n|move|p1b: Sinistcha|Matcha Gotcha|p2a: Kingambit|[spread] p2b\n|-activate|p2a: Kingambit|move: Protect\n|-damage|p2b: Aerodactyl|0 fnt\n|faint|p2b: Aerodactyl\n|\n|-damage|p2a: Kingambit|72/100 brn|[from] brn\n|upkeep\n|turn|6\n|\n|t:|1776384270\n|move|p2a: Kingambit|Sucker Punch|p1a: Scizor\n|-damage|p1a: Scizor|40/100\n|move|p1a: Scizor|Close Combat|p2a: Kingambit\n|-supereffective|p2a: Kingambit|2\n|-damage|p2a: Kingambit|0 fnt\n|-unboost|p1a: Scizor|def|1\n|-unboost|p1a: Scizor|spd|1\n|faint|p2a: Kingambit\n|\n|win|regitron 21\n|raw|regitron 21's rating: 1000 &rarr; <strong>1049</strong><br />(+49 for winning)\n|raw|mestreguto's rating: 1081 &rarr; <strong>1054</strong><br />(-27 for losing)\n|c|\u2606mestreguto|gg\n|c|\u2606regitron 21|gg\n|c|\u2606regitron 21|cool team bud\n",
  "uploadtime": 1776384279,
  "views": 15,
  "formatid": "gen9championsvgc2026regma",
  "rating": 1049,
  "private": 0,
  "password": null
}