{
  "id": "gen9championsvgc2026regma-2580834961",
  "format": "[Gen 9 Champions] VGC 2026 Reg M-A",
  "players": [
    "PedrinhoURU",
    "ohaimiles"
  ],
  "log": "|j|\u2606PedrinhoURU\n|j|\u2606ohaimiles\n|t:|1775936342\n|gametype|doubles\n|player|p1|PedrinhoURU|arven-s|1108\n|player|p2|ohaimiles|266|1161\n|gen|9\n|tier|[Gen 9 Champions] VGC 2026 Reg M-A\n|rated|\n|rule|Species Clause: Limit one of each Pok\u00e9mon\n|rule|Item Clause: Limit 1 of each item\n|clearpoke\n|poke|p1|Arcanine, L50, F|\n|poke|p1|Rotom-Wash, L50|\n|poke|p1|Gardevoir, L50, M|\n|poke|p1|Garchomp, L50, F|\n|poke|p1|Sinistcha, L50|\n|poke|p1|Tyranitar, L50, F|\n|poke|p2|Froslass, L50, F|\n|poke|p2|Maushold-Four, L50|\n|poke|p2|Incineroar, L50, F|\n|poke|p2|Kingambit, L50, M|\n|poke|p2|Rotom-Heat, L50|\n|poke|p2|Empoleon, L50, M|\n|teampreview|4\nohaimiles has agreed to open team sheets.\nPedrinhoURU has agreed to open team sheets.\n|showteam|p1|Arcanine||SitrusBerry|Intimidate|FlareBlitz,Snarl,WillOWisp,Protect|||F|||50|]Rotom-Wash||ChoiceScarf|Levitate|HydroPump,Thunderbolt,Discharge,VoltSwitch||||||50|]Gardevoir||Gardevoirite|Telepathy|HyperVoice,Psyshock,TrickRoom,Protect|||M|||50|]Garchomp||WhiteHerb|RoughSkin|Earthquake,DragonClaw,StoneEdge,Protect|||F|||50|]Sinistcha||CobaBerry|Hospitality|MatchaGotcha,LifeDew,RagePowder,Protect||||||50|]Tyranitar||ChopleBerry|SandStream|RockSlide,KnockOff,LowKick,Protect|||F|||50|\n|showteam|p2|Froslass||Froslassite|SnowCloak|NastyPlot,Protect,Blizzard,ShadowBall|||F|||50|]Maushold-Four||FocusSash|FriendGuard|SuperFang,FollowMe,Protect,HelpingHand||||||50|]Incineroar||SitrusBerry|Intimidate|FakeOut,FlareBlitz,PartingShot,DarkestLariat|||F|||50|]Kingambit||BlackGlasses|Defiant|SuckerPunch,IronHead,Protect,KowtowCleave|||M|||50|]Rotom-Heat||ChoiceScarf|Levitate|Electroweb,VoltSwitch,Overheat,Thunderbolt||||||50|]Empoleon||Leftovers|Competitive|Snowscape,Protect,FlashCannon,HydroPump|||M|||50|\n|inactive|Battle timer is ON: inactive players will automatically lose when time's up. (requested by ohaimiles)\n|inactive|PedrinhoURU has 60 seconds left.\n|inactive|PedrinhoURU has 30 seconds left.\n|\n|t:|1775936451\n|teamsize|p1|4\n|teamsize|p2|4\n|start\n|switch|p1a: Arcanine|Arcanine, L50, F|100/100\n|switch|p1b: Rotom|Rotom-Wash, L50|100/100\n|switch|p2a: Empoleon|Empoleon, L50, M|100/100\n|switch|p2b: Froslass|Froslass, L50, F|100/100\n|-ability|p1a: Arcanine|Intimidate|boost\n|-unboost|p2a: Empoleon|atk|1\n|-ability|p2a: Empoleon|Competitive|boost\n|-boost|p2a: Empoleon|spa|2\n|-unboost|p2b: Froslass|atk|1\n|turn|1\n|inactive|PedrinhoURU has 30 seconds left.\n|inactive|ohaimiles has 30 seconds left.\n|inactive|PedrinhoURU has 20 seconds left.\n|inactive|ohaimiles has 20 seconds left.\n|inactive|PedrinhoURU has 15 seconds left.\n|inactive|ohaimiles has 15 seconds left.\n|inactive|ohaimiles has 10 seconds left.\n|\n|t:|1775936500\n|move|p2b: Froslass|Protect|p2b: Froslass\n|-singleturn|p2b: Froslass|Protect\n|move|p1a: Arcanine|Protect|p1a: Arcanine\n|-singleturn|p1a: Arcanine|Protect\n|move|p1b: Rotom|Thunderbolt|p2a: Empoleon\n|-supereffective|p2a: Empoleon|1\n|-damage|p2a: Empoleon|25/100\n|move|p2a: Empoleon|Hydro Pump|p1a: Arcanine\n|-activate|p1a: Arcanine|move: Protect\n|\n|-heal|p2a: Empoleon|31/100|[from] item: Leftovers\n|upkeep\n|turn|2\n|inactive|PedrinhoURU has 30 seconds left.\n|inactive|ohaimiles has 30 seconds left.\n|inactive|ohaimiles has 20 seconds left.\n|\n|t:|1775936540\n|switch|p2b: Incineroar|Incineroar, L50, F|100/100\n|-ability|p2b: Incineroar|Intimidate|boost\n|-unboost|p1a: Arcanine|atk|1\n|-unboost|p1b: Rotom|atk|1\n|switch|p2a: Maushold|Maushold-Four, L50|100/100\n|move|p1b: Rotom|Thunderbolt|p2a: Maushold\n|-damage|p2a: Maushold|45/100\n|move|p1a: Arcanine|Snarl|p2a: Maushold|[spread] p2a,p2b\n|-resisted|p2b: Incineroar|1\n|-damage|p2a: Maushold|34/100\n|-damage|p2b: Incineroar|98/100\n|-unboost|p2a: Maushold|spa|1\n|-unboost|p2b: Incineroar|spa|1\n|\n|upkeep\n|turn|3\n|inactive|ohaimiles has 30 seconds left.\n|inactive|PedrinhoURU has 30 seconds left.\n|inactive|ohaimiles has 20 seconds left.\n|inactive|ohaimiles has 15 seconds left.\n|inactive|PedrinhoURU has 20 seconds left.\n|inactive|ohaimiles has 10 seconds left.\n|\n|t:|1775936586\n|move|p1a: Arcanine|Protect|p1a: Arcanine\n|-singleturn|p1a: Arcanine|Protect\n|move|p2b: Incineroar|Fake Out|p1b: Rotom\n|-damage|p1b: Rotom|82/100\n|cant|p1b: Rotom|flinch\n|move|p2a: Maushold|Super Fang|p1a: Arcanine\n|-activate|p1a: Arcanine|move: Protect\n|\n|upkeep\n|turn|4\n|\n|t:|1775936607\n|switch|p1a: Gardevoir|Gardevoir, L50, M|100/100\n|move|p2a: Maushold|Helping Hand|p2b: Incineroar\n|-singleturn|p2b: Incineroar|Helping Hand|[of] p2a: Maushold\n|move|p1b: Rotom|Thunderbolt|p2a: Maushold\n|-damage|p2a: Maushold|0 fnt\n|faint|p2a: Maushold\n|move|p2b: Incineroar|Darkest Lariat|p1b: Rotom\n|-damage|p1b: Rotom|1/100\n|\n|upkeep\n|\n|t:|1775936626\n|switch|p2a: Empoleon|Empoleon, L50, M|31/100\n|turn|5\n|\n|t:|1775936638\n|move|p1a: Gardevoir|Protect|p1a: Gardevoir\n|-singleturn|p1a: Gardevoir|Protect\n|move|p2a: Empoleon|Protect|p2a: Empoleon\n|-singleturn|p2a: Empoleon|Protect\n|move|p1b: Rotom|Thunderbolt|p2a: Empoleon\n|-activate|p2a: Empoleon|move: Protect\n|move|p2b: Incineroar|Darkest Lariat|p1b: Rotom\n|-damage|p1b: Rotom|0 fnt\n|faint|p1b: Rotom\n|\n|-heal|p2a: Empoleon|37/100|[from] item: Leftovers\n|upkeep\n|\n|t:|1775936652\n|switch|p1b: Tyranitar|Tyranitar, L50, F|100/100\n|-weather|Sandstorm|[from] ability: Sand Stream|[of] p1b: Tyranitar\n|turn|6\n|\n|t:|1775936677\n|detailschange|p1a: Gardevoir|Gardevoir-Mega, L50, M\n|-mega|p1a: Gardevoir|Gardevoir|Gardevoirite\n|move|p1a: Gardevoir|Hyper Voice|p2b: Incineroar|[spread] p2a,p2b\n|-resisted|p2a: Empoleon|1\n|-crit|p2a: Empoleon\n|-damage|p2a: Empoleon|5/100\n|-damage|p2b: Incineroar|53/100\n|move|p2b: Incineroar|Parting Shot|p1b: Tyranitar\n|-unboost|p1b: Tyranitar|atk|1\n|-unboost|p1b: Tyranitar|spa|1\n|\n|t:|1775936683\n|switch|p2b: Froslass|Froslass, L50, F|100/100|[from] Parting Shot\n|move|p1b: Tyranitar|Low Kick|p2a: Empoleon\n|-supereffective|p2a: Empoleon|1\n|-damage|p2a: Empoleon|0 fnt\n|faint|p2a: Empoleon\n|\n|-weather|Sandstorm|[upkeep]\n|-damage|p2b: Froslass|94/100|[from] Sandstorm\n|-damage|p1a: Gardevoir|95/100|[from] Sandstorm\n|upkeep\n|\n|t:|1775936684\n|switch|p2a: Incineroar|Incineroar, L50, F|53/100\n|-ability|p2a: Incineroar|Intimidate|boost\n|-unboost|p1a: Gardevoir|atk|1\n|-unboost|p1b: Tyranitar|atk|1\n|turn|7\n|inactive|ohaimiles has 30 seconds left.\n|\n|t:|1775936719\n|switch|p1b: Arcanine|Arcanine, L50, F|100/100\n|-ability|p1b: Arcanine|Intimidate|boost\n|-unboost|p2a: Incineroar|atk|1\n|-unboost|p2b: Froslass|atk|1\n|move|p1a: Gardevoir|Protect|p1a: Gardevoir\n|-singleturn|p1a: Gardevoir|Protect\n|move|p2a: Incineroar|Fake Out|p1b: Arcanine\n|-damage|p1b: Arcanine|91/100\n|move|p2b: Froslass|Nasty Plot|p2b: Froslass\n|-boost|p2b: Froslass|spa|2\n|\n|-weather|Sandstorm|[upkeep]\n|-damage|p2b: Froslass|88/100|[from] Sandstorm\n|-damage|p1b: Arcanine|85/100|[from] Sandstorm\n|-damage|p1a: Gardevoir|89/100|[from] Sandstorm\n|-damage|p2a: Incineroar|47/100|[from] Sandstorm\n|-enditem|p2a: Incineroar|Sitrus Berry|[eat]\n|-heal|p2a: Incineroar|72/100|[from] item: Sitrus Berry\n|upkeep\n|turn|8\n|inactive|ohaimiles has 30 seconds left.\n|\n|t:|1775936749\n|move|p2b: Froslass|Shadow Ball|p1a: Gardevoir\n|-supereffective|p1a: Gardevoir|1\n|-damage|p1a: Gardevoir|0 fnt\n|faint|p1a: Gardevoir\n|move|p1b: Arcanine|Snarl|p2b: Froslass|[spread] p2a\n|-miss|p1b: Arcanine|p2b: Froslass\n|-resisted|p2a: Incineroar|1\n|-damage|p2a: Incineroar|68/100\n|-unboost|p2a: Incineroar|spa|1\n|move|p2a: Incineroar|Darkest Lariat|p1b: Arcanine\n|-damage|p1b: Arcanine|58/100\n|\n|-weather|Sandstorm|[upkeep]\n|-damage|p2b: Froslass|82/100|[from] Sandstorm\n|-damage|p1b: Arcanine|52/100|[from] Sandstorm\n|-damage|p2a: Incineroar|62/100|[from] Sandstorm\n|upkeep\n|\n|t:|1775936762\n|switch|p1a: Tyranitar|Tyranitar, L50, F|100/100\n|turn|9\n|inactive|ohaimiles has 30 seconds left.\n|\n|t:|1775936789\n|detailschange|p2b: Froslass|Froslass-Mega, L50, F\n|-mega|p2b: Froslass|Froslass|Froslassite\n|-weather|Snowscape|[from] ability: Snow Warning|[of] p2b: Froslass\n|move|p2b: Froslass|Blizzard|p1b: Arcanine|[spread] p1a,p1b\n|-resisted|p1b: Arcanine|1\n|-damage|p1a: Tyranitar|28/100\n|-damage|p1b: Arcanine|5/100\n|-status|p1a: Tyranitar|frz\n|-enditem|p1b: Arcanine|Sitrus Berry|[eat]\n|-heal|p1b: Arcanine|29/100|[from] item: Sitrus Berry\n|move|p1b: Arcanine|Flare Blitz|p2b: Froslass\n|-supereffective|p2b: Froslass|1\n|-damage|p2b: Froslass|0 fnt\n|faint|p2b: Froslass\n|-damage|p1b: Arcanine|10/100|[from] Recoil\n|move|p2a: Incineroar|Flare Blitz|p1a: Tyranitar\n|-resisted|p1a: Tyranitar|1\n|-damage|p1a: Tyranitar|14/100 frz\n|-curestatus|p1a: Tyranitar|frz|[msg]\n|-damage|p2a: Incineroar|58/100|[from] Recoil\n|move|p1a: Tyranitar|Rock Slide|p2a: Incineroar\n|-supereffective|p2a: Incineroar|1\n|-damage|p2a: Incineroar|0 fnt\n|faint|p2a: Incineroar\n|\n|win|PedrinhoURU\n|raw|PedrinhoURU's rating: 1108 &rarr; <strong>1137</strong><br />(+29 for winning)\n|raw|ohaimiles's rating: 1161 &rarr; <strong>1132</strong><br />(-29 for losing)\n|l|\u2606ohaimiles\n|player|p2|\n",
  "uploadtime": 1775936861,
  "views": 17,
  "formatid": "gen9championsvgc2026regma",
  "rating": 1132,
  "private": 0,
  "password": null
}