{
  "id": "gen9championsvgc2026regma-2588497852",
  "format": "[Gen 9 Champions] VGC 2026 Reg M-A",
  "players": [
    "thicc latina lover",
    "SmolivOilVGC"
  ],
  "log": "|j|\u2606thicc latina lover\n|j|\u2606SmolivOilVGC\n|t:|1776638947\n|gametype|doubles\n|player|p1|thicc latina lover|skyla|1425\n|player|p2|SmolivOilVGC|bianca-masters|1384\n|gen|9\n|tier|[Gen 9 Champions] VGC 2026 Reg M-A\n|rated|\n|rule|Species Clause: Limit one of each Pok\u00e9mon\n|rule|Item Clause: Limit 1 of each item\n|clearpoke\n|poke|p1|Venusaur, L50, F, shiny|\n|poke|p1|Pelipper, L50, M, shiny|\n|poke|p1|Basculegion, L50, M|\n|poke|p1|Archaludon, L50, M|\n|poke|p1|Sneasler, L50, M|\n|poke|p1|Incineroar, L50, M|\n|poke|p2|Sneasler, L50, M|\n|poke|p2|Incineroar, L50, F|\n|poke|p2|Sinistcha, L50|\n|poke|p2|Charizard, L50, F|\n|poke|p2|Basculegion-F, L50, F, shiny|\n|poke|p2|Ninetales-Alola, L50, F|\n|teampreview|4\n|\n|t:|1776638991\n|teamsize|p1|4\n|teamsize|p2|4\n|start\n|switch|p1a: Venusaur|Venusaur, L50, F, shiny|100/100\n|switch|p1b: Sneasler|Sneasler, L50, M|100/100\n|switch|p2a: Sneasler|Sneasler, L50, M|100/100\n|switch|p2b: Basculegend|Basculegion-F, L50, F, shiny|100/100\n|turn|1\n|\n|t:|1776639009\n|detailschange|p1a: Venusaur|Venusaur-Mega, L50, F, shiny\n|-mega|p1a: Venusaur|Venusaur|Venusaurite\n|move|p1b: Sneasler|Fake Out|p2a: Sneasler\n|-damage|p2a: Sneasler|77/100\n|move|p2b: Basculegend|Flip Turn|p1a: Venusaur\n|-resisted|p1a: Venusaur|1\n|-damage|p1a: Venusaur|91/100\n|\n|t:|1776639013\n|switch|p2b: Ninetales|Ninetales-Alola, L50, F|100/100|[from] Flip Turn\n|-weather|Snowscape|[from] ability: Snow Warning|[of] p2b: Ninetales\n|cant|p2a: Sneasler|flinch\n|move|p1a: Venusaur|Leech Seed|p2b: Ninetales\n|-start|p2b: Ninetales|move: Leech Seed\n|\n|-weather|Snowscape|[upkeep]\n|-damage|p2b: Ninetales|88/100|[from] Leech Seed|[of] p1a: Venusaur\n|-heal|p1a: Venusaur|100/100|[silent]\n|upkeep\n|turn|2\n|\n|t:|1776639027\n|move|p2b: Ninetales|Protect|p2b: Ninetales\n|-singleturn|p2b: Ninetales|Protect\n|move|p1b: Sneasler|Coaching|p1a: Venusaur\n|-boost|p1a: Venusaur|atk|1\n|-boost|p1a: Venusaur|def|1\n|move|p2a: Sneasler|Close Combat|p1b: Sneasler\n|-resisted|p1b: Sneasler|1\n|-damage|p1b: Sneasler|42/100\n|-unboost|p2a: Sneasler|def|1\n|-unboost|p2a: Sneasler|spd|1\n|-enditem|p2a: Sneasler|White Herb\n|-clearnegativeboost|p2a: Sneasler|[silent]\n|move|p1a: Venusaur|Sludge Bomb|p2b: Ninetales\n|-activate|p2b: Ninetales|move: Protect\n|\n|-weather|Snowscape|[upkeep]\n|-damage|p2b: Ninetales|76/100|[from] Leech Seed|[of] p1a: Venusaur\n|upkeep\n|turn|3\n|\n|t:|1776639047\n|switch|p1b: Basculegion|Basculegion, L50, M|100/100\n|move|p2a: Sneasler|Close Combat|p1b: Basculegion\n|-immune|p1b: Basculegion\n|move|p2b: Ninetales|Blizzard|p1a: Venusaur|[spread] p1a,p1b\n|-supereffective|p1a: Venusaur|1\n|-resisted|p1b: Basculegion|1\n|-damage|p1a: Venusaur|81/100\n|-damage|p1b: Basculegion|80/100\n|move|p1a: Venusaur|Sludge Bomb|p2b: Ninetales\n|-supereffective|p2b: Ninetales|1\n|-damage|p2b: Ninetales|0 fnt\n|faint|p2b: Ninetales\n|\n|-weather|Snowscape|[upkeep]\n|upkeep\n|\n|t:|1776639053\n|switch|p2b: Basculegend|Basculegion-F, L50, F, shiny|100/100\n|turn|4\n|\n|t:|1776639069\n|move|p2a: Sneasler|Dire Claw|p1a: Venusaur\n|-damage|p1a: Venusaur|56/100\n|-status|p1a: Venusaur|slp\n|move|p2b: Basculegend|Shadow Ball|p1b: Basculegion\n|-supereffective|p1b: Basculegion|1\n|-damage|p1b: Basculegion|0 fnt\n|faint|p1b: Basculegion\n|cant|p1a: Venusaur|slp\n|\n|-weather|Snowscape|[upkeep]\n|upkeep\n|\n|t:|1776639084\n|switch|p1b: Sneasler|Sneasler, L50, M|42/100\n|turn|5\n|\n|t:|1776639095\n|move|p1b: Sneasler|Fake Out|p2a: Sneasler\n|-damage|p2a: Sneasler|53/100\n|cant|p2a: Sneasler|flinch\n|move|p2b: Basculegend|Shadow Ball|p1a: Venusaur\n|-damage|p1a: Venusaur|28/100 slp\n|cant|p1a: Venusaur|slp\n|\n|-weather|none\n|upkeep\n|turn|6\n|\n|t:|1776639115\n|-curestatus|p1a: Venusaur|slp|[msg]\n|move|p1a: Venusaur|Protect|p1a: Venusaur\n|-singleturn|p1a: Venusaur|Protect\n|move|p2a: Sneasler|Rock Tomb|p1a: Venusaur\n|-activate|p1a: Venusaur|move: Protect\n|move|p2b: Basculegend|Shadow Ball|p1a: Venusaur\n|-activate|p1a: Venusaur|move: Protect\n|move|p1b: Sneasler|Dire Claw|p2b: Basculegend\n|-resisted|p2b: Basculegend|1\n|-damage|p2b: Basculegend|73/100\n|\n|upkeep\n|turn|7\n|\n|t:|1776639132\n|switch|p1a: Pelipper|Pelipper, L50, M, shiny|100/100\n|-weather|RainDance|[from] ability: Drizzle|[of] p1a: Pelipper\n|move|p2a: Sneasler|Dire Claw|p1b: Sneasler\n|-resisted|p1b: Sneasler|1\n|-damage|p1b: Sneasler|0 fnt\n|faint|p1b: Sneasler\n|move|p2b: Basculegend|Shadow Ball|p1a: Pelipper\n|-damage|p1a: Pelipper|26/100\n|\n|-weather|RainDance|[upkeep]\n|upkeep\n|\n|t:|1776639139\n|switch|p1b: Venusaur|Venusaur-Mega, L50, F, shiny|28/100\n|turn|8\n|\n|t:|1776639146\n|move|p2a: Sneasler|Dire Claw|p1a: Pelipper\n|-damage|p1a: Pelipper|0 fnt\n|faint|p1a: Pelipper\n|move|p2b: Basculegend|Shadow Ball|p1b: Venusaur\n|-damage|p1b: Venusaur|0 fnt\n|faint|p1b: Venusaur\n|\n|win|SmolivOilVGC\n|raw|thicc latina lover's rating: 1425 &rarr; <strong>1403</strong><br />(-22 for losing)\n|raw|SmolivOilVGC's rating: 1384 &rarr; <strong>1406</strong><br />(+22 for winning)\n",
  "uploadtime": 1776639146,
  "views": 9,
  "formatid": "gen9championsvgc2026regma",
  "rating": 1403,
  "private": 0,
  "password": null
}