{
  "id": "gen9championsvgc2026regma-2588780308",
  "format": "[Gen 9 Champions] VGC 2026 Reg M-A",
  "players": [
    "TimeforCHILLI",
    "tritri1403"
  ],
  "log": "|j|\u2606TimeforCHILLI\n|j|\u2606tritri1403\n|t:|1776669857\n|gametype|doubles\n|player|p1|TimeforCHILLI|caitlin|1117\n|player|p2|tritri1403|1|1209\n|gen|9\n|tier|[Gen 9 Champions] VGC 2026 Reg M-A\n|rated|\n|rule|Species Clause: Limit one of each Pok\u00e9mon\n|rule|Item Clause: Limit 1 of each item\n|clearpoke\n|poke|p1|Toxapex, L50, M|\n|poke|p1|Clefable, L50, F|\n|poke|p1|Scovillain, L50, M|\n|poke|p1|Glimmora, L50, F|\n|poke|p1|Mimikyu, L50, F|\n|poke|p1|Vanilluxe, L50, F|\n|poke|p2|Sneasler, L50, F|\n|poke|p2|Kingambit, L50, M|\n|poke|p2|Clefable, L50, F|\n|poke|p2|Delphox, L50, M|\n|poke|p2|Dragonite, L50, M|\n|poke|p2|Basculegion, L50, M|\n|teampreview|4\n|inactive|Battle timer is ON: inactive players will automatically lose when time's up. (requested by tritri1403)\n|inactive|TimeforCHILLI has 60 seconds left.\n|inactive|tritri1403 has 60 seconds left.\n|\n|t:|1776669914\n|teamsize|p1|4\n|teamsize|p2|4\n|start\n|switch|p1a: Glimmora|Glimmora, L50, F|100/100\n|switch|p1b: Scovillain|Scovillain, L50, M|100/100\n|switch|p2a: Sneasler|Sneasler, L50, F|100/100\n|switch|p2b: Basculegion|Basculegion, L50, M|100/100\n|turn|1\n|inactive|TimeforCHILLI has 30 seconds left.\n|inactive|tritri1403 has 30 seconds left.\n|inactive|TimeforCHILLI has 20 seconds left.\n|inactive|TimeforCHILLI has 15 seconds left.\n|\n|t:|1776669955\n|detailschange|p1b: Scovillain|Scovillain-Mega, L50, M\n|-mega|p1b: Scovillain|Scovillain|Scovillainite\n|move|p1a: Glimmora|Spiky Shield|p1a: Glimmora\n|-singleturn|p1a: Glimmora|move: Protect\n|move|p2b: Basculegion|Wave Crash|p1a: Glimmora\n|-activate|p1a: Glimmora|move: Protect\n|-damage|p2b: Basculegion|88/100|[from] Spiky Shield|[of] p1a: Glimmora\n|move|p2a: Sneasler|Dire Claw|p1b: Scovillain\n|-supereffective|p1b: Scovillain|1\n|-damage|p1b: Scovillain|12/100\n|-status|p2a: Sneasler|brn|[from] ability: Spicy Spray|[of] p1b: Scovillain\n|move|p1b: Scovillain|Leech Seed|p2b: Basculegion\n|-start|p2b: Basculegion|move: Leech Seed\n|\n|-damage|p2b: Basculegion|76/100|[from] Leech Seed|[of] p1b: Scovillain\n|-heal|p1b: Scovillain|26/100|[silent]\n|-damage|p2a: Sneasler|95/100 brn|[from] brn\n|upkeep\n|turn|2\n|\n|t:|1776669979\n|switch|p1a: Toxapex|Toxapex, L50, M|100/100\n|move|p1b: Scovillain|Protect|p1b: Scovillain\n|-singleturn|p1b: Scovillain|Protect\n|move|p2b: Basculegion|Wave Crash|p1a: Toxapex\n|-resisted|p1a: Toxapex|1\n|-damage|p1a: Toxapex|71/100\n|-damage|p2b: Basculegion|68/100|[from] Recoil\n|move|p2a: Sneasler|Close Combat|p1a: Toxapex\n|-resisted|p1a: Toxapex|1\n|-damage|p1a: Toxapex|58/100\n|-unboost|p2a: Sneasler|def|1\n|-unboost|p2a: Sneasler|spd|1\n|\n|-heal|p1a: Toxapex|64/100|[from] item: Leftovers\n|-damage|p2b: Basculegion|56/100|[from] Leech Seed|[of] p1b: Scovillain\n|-heal|p1b: Scovillain|40/100|[silent]\n|-damage|p2a: Sneasler|89/100 brn|[from] brn\n|upkeep\n|turn|3\n|inactive|TimeforCHILLI has 30 seconds left.\n|inactive|TimeforCHILLI has 20 seconds left.\n|inactive|TimeforCHILLI has 15 seconds left.\n|inactive|TimeforCHILLI has 10 seconds left.\n|\n|t:|1776670027\n|switch|p2b: Delphox|Delphox, L50, M|100/100\n|switch|p1b: Glimmora|Glimmora, L50, F|100/100\n|move|p2a: Sneasler|Dire Claw|p1b: Glimmora\n|-resisted|p1b: Glimmora|2\n|-damage|p1b: Glimmora|95/100\n|-status|p1b: Glimmora|par\n|-activate|p1b: Glimmora|ability: Toxic Debris\n|-sidestart|p2: tritri1403|move: Toxic Spikes\n|move|p1a: Toxapex|Recover|p1a: Toxapex\n|-heal|p1a: Toxapex|100/100\n|\n|-damage|p2a: Sneasler|83/100 brn|[from] brn\n|upkeep\n|turn|4\n|inactive|TimeforCHILLI has 30 seconds left.\n|inactive|tritri1403 has 30 seconds left.\n|\n|t:|1776670059\n|detailschange|p2b: Delphox|Delphox-Mega, L50, M\n|-mega|p2b: Delphox|Delphox|Delphoxite\n|move|p2b: Delphox|Protect|p2b: Delphox\n|-singleturn|p2b: Delphox|Protect\n|move|p2a: Sneasler|Close Combat|p1b: Glimmora\n|-damage|p1b: Glimmora|53/100 par\n|-unboost|p2a: Sneasler|def|1\n|-unboost|p2a: Sneasler|spd|1\n|-activate|p1b: Glimmora|ability: Toxic Debris\n|-sidestart|p2: tritri1403|move: Toxic Spikes\n|move|p1b: Glimmora|Mortal Spin|p2b: Delphox|[spread] p2a\n|-activate|p2b: Delphox|move: Protect\n|-resisted|p2a: Sneasler|1\n|-damage|p2a: Sneasler|75/100 brn\n|move|p1a: Toxapex|Liquidation|p2b: Delphox\n|-activate|p2b: Delphox|move: Protect\n|\n|-damage|p2a: Sneasler|70/100 brn|[from] brn\n|upkeep\n|turn|5\n|inactive|TimeforCHILLI has 30 seconds left.\n|inactive|tritri1403 has 30 seconds left.\n|inactive|TimeforCHILLI has 20 seconds left.\n|inactive|TimeforCHILLI has 15 seconds left.\n|\n|t:|1776670101\n|move|p2b: Delphox|Psychic|p1a: Toxapex\n|-supereffective|p1a: Toxapex|1\n|-damage|p1a: Toxapex|5/100\n|move|p2a: Sneasler|Close Combat|p1b: Glimmora\n|-damage|p1b: Glimmora|14/100 par\n|-unboost|p2a: Sneasler|def|1\n|-unboost|p2a: Sneasler|spd|1\n|move|p1b: Glimmora|Mortal Spin|p2a: Sneasler|[spread] p2a,p2b\n|-resisted|p2a: Sneasler|1\n|-damage|p2a: Sneasler|60/100 brn\n|-damage|p2b: Delphox|94/100\n|-status|p2b: Delphox|psn\n|move|p1a: Toxapex|Liquidation|p2b: Delphox\n|-supereffective|p2b: Delphox|1\n|-crit|p2b: Delphox\n|-damage|p2b: Delphox|0 fnt\n|faint|p2b: Delphox\n|\n|-heal|p1a: Toxapex|11/100|[from] item: Leftovers\n|-damage|p2a: Sneasler|55/100 brn|[from] brn\n|upkeep\n|\n|t:|1776670112\n|switch|p2b: Basculegion|Basculegion, L50, M|56/100\n|-status|p2b: Basculegion|tox\n|turn|6\n|inactive|TimeforCHILLI has 30 seconds left.\n|\n|t:|1776670142\n|switch|p1b: Anonymous M|Mimikyu, L50, F|100/100\n|move|p1a: Toxapex|Baneful Bunker|p1a: Toxapex\n|-singleturn|p1a: Toxapex|move: Protect\n|move|p2b: Basculegion|Last Respects|p1b: Anonymous M\n|-activate|p1b: Anonymous M|ability: Disguise\n|-damage|p1b: Anonymous M|100/100\n|detailschange|p1b: Anonymous M|Mimikyu-Busted, L50, F\n|-damage|p1b: Anonymous M|88/100|[from] pokemon: Mimikyu-Busted\n|move|p2a: Sneasler|Dire Claw|p1a: Toxapex\n|-activate|p1a: Toxapex|move: Protect\n|\n|-heal|p1a: Toxapex|16/100|[from] item: Leftovers\n|-damage|p2b: Basculegion|50/100 tox|[from] psn\n|-damage|p2a: Sneasler|49/100 brn|[from] brn\n|upkeep\n|turn|7\n|inactive|TimeforCHILLI has 30 seconds left.\n|inactive|TimeforCHILLI has 20 seconds left.\n|inactive|TimeforCHILLI has 15 seconds left.\n|inactive|TimeforCHILLI has 10 seconds left.\n|\n|t:|1776670191\n|switch|p1a: Glimmora|Glimmora, L50, F|14/100 par\n|move|p1b: Anonymous M|Shadow Sneak|p2b: Basculegion\n|-supereffective|p2b: Basculegion|1\n|-damage|p2b: Basculegion|9/100 tox\n|move|p2b: Basculegion|Last Respects|p1b: Anonymous M\n|-supereffective|p1b: Anonymous M|1\n|-damage|p1b: Anonymous M|0 fnt\n|faint|p1b: Anonymous M\n|move|p2a: Sneasler|Close Combat|p1a: Glimmora\n|-damage|p1a: Glimmora|0 fnt\n|-unboost|p2a: Sneasler|def|1\n|-unboost|p2a: Sneasler|spd|1\n|faint|p1a: Glimmora\n|\n|-damage|p2b: Basculegion|0 fnt|[from] psn\n|faint|p2b: Basculegion\n|-damage|p2a: Sneasler|43/100 brn|[from] brn\n|upkeep\n|\n|t:|1776670212\n|switch|p1a: Scovillain|Scovillain-Mega, L50, M|40/100\n|switch|p2b: Clefable|Clefable, L50, F|100/100\n|switch|p1b: Toxapex|Toxapex, L50, M|16/100\n|-status|p2b: Clefable|tox\n|turn|8\n|inactive|tritri1403 has 30 seconds left.\n|\n|t:|1776670246\n|move|p1a: Scovillain|Rage Powder|p1a: Scovillain\n|-singleturn|p1a: Scovillain|move: Rage Powder\n|move|p2b: Clefable|Follow Me|p2b: Clefable\n|-singleturn|p2b: Clefable|move: Follow Me\n|move|p2a: Sneasler|Close Combat|p1a: Scovillain\n|-damage|p1a: Scovillain|7/100\n|-unboost|p2a: Sneasler|def|1\n|-unboost|p2a: Sneasler|spd|1\n|move|p1b: Toxapex|Recover|p1b: Toxapex\n|-heal|p1b: Toxapex|67/100\n|\n|-heal|p1b: Toxapex|72/100|[from] item: Leftovers\n|-damage|p2b: Clefable|95/100 tox|[from] psn\n|-damage|p2a: Sneasler|37/100 brn|[from] brn\n|upkeep\n|turn|9\n|\n|t:|1776670265\n|move|p1a: Scovillain|Rage Powder|p1a: Scovillain\n|-singleturn|p1a: Scovillain|move: Rage Powder\n|move|p2b: Clefable|Follow Me|p2b: Clefable\n|-singleturn|p2b: Clefable|move: Follow Me\n|move|p2a: Sneasler|Close Combat|p1a: Scovillain\n|-damage|p1a: Scovillain|0 fnt\n|-unboost|p2a: Sneasler|def|1\n|-unboost|p2a: Sneasler|spd|1\n|faint|p1a: Scovillain\n|move|p1b: Toxapex|Recover|p1b: Toxapex\n|-heal|p1b: Toxapex|100/100\n|\n|-damage|p2b: Clefable|83/100 tox|[from] psn\n|-damage|p2a: Sneasler|31/100 brn|[from] brn\n|upkeep\n|turn|10\n|\n|t:|1776670284\n|move|p2b: Clefable|Follow Me|p2b: Clefable\n|-singleturn|p2b: Clefable|move: Follow Me\n|move|p2a: Sneasler|Dire Claw|p1b: Toxapex\n|-resisted|p1b: Toxapex|1\n|-damage|p1b: Toxapex|92/100\n|move|p1b: Toxapex|Poison Jab|p2b: Clefable\n|-supereffective|p2b: Clefable|1\n|-crit|p2b: Clefable\n|-damage|p2b: Clefable|7/100 tox\n|-enditem|p2b: Clefable|Sitrus Berry|[eat]\n|-heal|p2b: Clefable|32/100 tox|[from] item: Sitrus Berry\n|\n|-heal|p1b: Toxapex|98/100|[from] item: Leftovers\n|-damage|p2b: Clefable|14/100 tox|[from] psn\n|-damage|p2a: Sneasler|26/100 brn|[from] brn\n|upkeep\n|turn|11\n|\n|t:|1776670302\n|move|p2a: Sneasler|Protect|p2a: Sneasler\n|-singleturn|p2a: Sneasler|Protect\n|move|p2b: Clefable|Protect|p2b: Clefable\n|-singleturn|p2b: Clefable|Protect\n|move|p1b: Toxapex|Poison Jab|p2a: Sneasler\n|-activate|p2a: Sneasler|move: Protect\n|\n|-heal|p1b: Toxapex|100/100|[from] item: Leftovers\n|-damage|p2b: Clefable|0 fnt|[from] psn\n|faint|p2b: Clefable\n|-damage|p2a: Sneasler|20/100 brn|[from] brn\n|upkeep\n|turn|12\n|\n|t:|1776670319\n|move|p2a: Sneasler|Dire Claw|p1b: Toxapex\n|-resisted|p1b: Toxapex|1\n|-damage|p1b: Toxapex|93/100\n|move|p1b: Toxapex|Poison Jab|p2a: Sneasler\n|-resisted|p2a: Sneasler|1\n|-damage|p2a: Sneasler|0 fnt\n|faint|p2a: Sneasler\n|\n|win|TimeforCHILLI\n|raw|TimeforCHILLI's rating: 1117 &rarr; <strong>1148</strong><br />(+31 for winning)\n|raw|tritri1403's rating: 1209 &rarr; <strong>1178</strong><br />(-31 for losing)\n|l|\u2606tritri1403\n|player|p2|\n",
  "uploadtime": 1776670718,
  "views": 9,
  "formatid": "gen9championsvgc2026regma",
  "rating": 1148,
  "private": 0,
  "password": null
}