{
  "id": "gen9championsvgc2026regma-2580797656",
  "format": "[Gen 9 Champions] VGC 2026 Reg M-A",
  "players": [
    "Kibadda12345",
    "LostOnlyLost"
  ],
  "log": "|j|\u2606Kibadda12345\n|j|\u2606LostOnlyLost\n|t:|1775933295\n|gametype|doubles\n|player|p1|Kibadda12345|169|1000\n|player|p2|LostOnlyLost|pokemaniac|1069\n|gen|9\n|tier|[Gen 9 Champions] VGC 2026 Reg M-A\n|rated|\n|rule|Species Clause: Limit one of each Pok\u00e9mon\n|rule|Item Clause: Limit 1 of each item\n|clearpoke\n|poke|p1|Armarouge, L50, M|\n|poke|p1|Hydreigon, L50, F|\n|poke|p1|Dragonite, L50, M|\n|poke|p1|Excadrill, L50, F|\n|poke|p1|Hawlucha, L50, M|\n|poke|p1|Manectric, L50, F|\n|poke|p2|Rotom-Wash, L50|\n|poke|p2|Pelipper, L50, F|\n|poke|p2|Blastoise, L50, M|\n|poke|p2|Dragonite, L50, M|\n|poke|p2|Sneasler, L50, F|\n|poke|p2|Gengar, L50, F|\n|teampreview|4\n|inactive|Battle timer is ON: inactive players will automatically lose when time's up. (requested by LostOnlyLost)\n|\n|t:|1775933321\n|teamsize|p1|4\n|teamsize|p2|4\n|start\n|switch|p1a: Hydreigon|Hydreigon, L50, F|100/100\n|switch|p1b: Dragonite|Dragonite, L50, M|100/100\n|switch|p2a: Pelipper|Pelipper, L50, F|100/100\n|switch|p2b: Dragonite|Dragonite, L50, M|100/100\n|-weather|RainDance|[from] ability: Drizzle|[of] p2a: Pelipper\n|turn|1\n|\n|t:|1775933342\n|detailschange|p1b: Dragonite|Dragonite-Mega, L50, M\n|-mega|p1b: Dragonite|Dragonite|Dragoninite\n|detailschange|p2b: Dragonite|Dragonite-Mega, L50, M\n|-mega|p2b: Dragonite|Dragonite|Dragoninite\n|move|p1b: Dragonite|Ice Beam|p2b: Dragonite\n|-supereffective|p2b: Dragonite|2\n|-damage|p2b: Dragonite|40/100\n|-status|p2b: Dragonite|frz\n|move|p1a: Hydreigon|Tailwind|p1a: Hydreigon\n|-sidestart|p1: Kibadda12345|move: Tailwind\n|cant|p2b: Dragonite|frz\n|move|p2a: Pelipper|Tailwind|p2a: Pelipper\n|-sidestart|p2: LostOnlyLost|move: Tailwind\n|\n|-weather|RainDance|[upkeep]\n|upkeep\n|turn|2\n|inactive|LostOnlyLost has 30 seconds left.\n|\n|t:|1775933377\n|-curestatus|p2b: Dragonite|frz|[msg]\n|move|p2b: Dragonite|Protect|p2b: Dragonite\n|-singleturn|p2b: Dragonite|Protect\n|move|p1b: Dragonite|Dragon Cheer|p1a: Hydreigon\n|-start|p1a: Hydreigon|move: Dragon Cheer\n|move|p1a: Hydreigon|Draco Meteor|p2b: Dragonite\n|-activate|p2b: Dragonite|move: Protect\n|move|p2a: Pelipper|Hurricane|p1a: Hydreigon\n|-damage|p1a: Hydreigon|49/100\n|\n|-weather|RainDance|[upkeep]\n|upkeep\n|turn|3\n|\n|t:|1775933400\n|move|p1b: Dragonite|Ice Beam|p2b: Dragonite\n|-supereffective|p2b: Dragonite|2\n|-damage|p2b: Dragonite|0 fnt\n|faint|p2b: Dragonite\n|move|p1a: Hydreigon|Draco Meteor|p2a: Pelipper\n|-crit|p2a: Pelipper\n|-enditem|p2a: Pelipper|Focus Sash\n|-damage|p2a: Pelipper|1/100\n|-unboost|p1a: Hydreigon|spa|2\n|move|p2a: Pelipper|Hurricane|p1a: Hydreigon\n|-damage|p1a: Hydreigon|0 fnt\n|faint|p1a: Hydreigon\n|\n|-weather|RainDance|[upkeep]\n|upkeep\n|\n|t:|1775933413\n|switch|p1a: Hawlucha|Hawlucha, L50, M|100/100\n|switch|p2b: Sneasler|Sneasler, L50, F|100/100\n|turn|4\n|\n|t:|1775933428\n|move|p2a: Pelipper|Protect|p2a: Pelipper\n|-singleturn|p2a: Pelipper|Protect\n|move|p2b: Sneasler|Fake Out|p1b: Dragonite\n|-damage|p1b: Dragonite|93/100\n|cant|p1b: Dragonite|flinch\n|move|p1a: Hawlucha|Close Combat|p2a: Pelipper\n|-activate|p2a: Pelipper|move: Protect\n|\n|-weather|RainDance|[upkeep]\n|-sideend|p1: Kibadda12345|move: Tailwind\n|-sideend|p2: LostOnlyLost|move: Tailwind\n|upkeep\n|turn|5\n|\n|t:|1775933443\n|switch|p2a: Rotom|Rotom-Wash, L50|100/100\n|move|p2b: Sneasler|Dire Claw|p1b: Dragonite\n|-damage|p1b: Dragonite|52/100\n|-status|p1b: Dragonite|psn|[from] ability: Poison Touch|[of] p2b: Sneasler\n|move|p1b: Dragonite|Draco Meteor|p2b: Sneasler\n|-damage|p2b: Sneasler|0 fnt\n|-unboost|p1b: Dragonite|spa|2\n|faint|p2b: Sneasler\n|move|p1a: Hawlucha|Close Combat|p2a: Rotom\n|-damage|p2a: Rotom|39/100\n|-unboost|p1a: Hawlucha|def|1\n|-unboost|p1a: Hawlucha|spd|1\n|-enditem|p1a: Hawlucha|White Herb\n|-clearnegativeboost|p1a: Hawlucha|[silent]\n|\n|-weather|none\n|-heal|p2a: Rotom|45/100|[from] item: Leftovers\n|-damage|p1b: Dragonite|39/100 psn|[from] psn\n|upkeep\n|\n|t:|1775933462\n|switch|p2b: Pelipper|Pelipper, L50, F|1/100\n|-weather|RainDance|[from] ability: Drizzle|[of] p2b: Pelipper\n|turn|6\n|\n|t:|1775933480\n|switch|p1b: Manectric|Manectric, L50, F|100/100\n|move|p2b: Pelipper|Protect|p2b: Pelipper\n|-singleturn|p2b: Pelipper|Protect\n|move|p1a: Hawlucha|Acrobatics|p2b: Pelipper\n|-activate|p2b: Pelipper|move: Protect\n|move|p2a: Rotom|Hydro Pump|p1b: Manectric\n|-damage|p1b: Manectric|14/100\n|-enditem|p1b: Manectric|Sitrus Berry|[eat]\n|-heal|p1b: Manectric|39/100|[from] item: Sitrus Berry\n|\n|-weather|RainDance|[upkeep]\n|-heal|p2a: Rotom|51/100|[from] item: Leftovers\n|upkeep\n|turn|7\n|\n|t:|1775933502\n|move|p1a: Hawlucha|Acrobatics|p2b: Pelipper\n|-damage|p2b: Pelipper|0 fnt\n|faint|p2b: Pelipper\n|move|p1b: Manectric|Snarl|p2a: Rotom\n|-damage|p2a: Rotom|40/100\n|-unboost|p2a: Rotom|spa|1\n|move|p2a: Rotom|Hydro Pump|p1b: Manectric\n|-damage|p1b: Manectric|0 fnt\n|faint|p1b: Manectric\n|\n|-weather|RainDance|[upkeep]\n|-heal|p2a: Rotom|46/100|[from] item: Leftovers\n|upkeep\n|\n|t:|1775933512\n|switch|p1b: Dragonite|Dragonite-Mega, L50, M|39/100 psn\n|turn|8\n|\n|t:|1775933518\n|move|p2a: Rotom|Protect|p2a: Rotom\n|-singleturn|p2a: Rotom|Protect\n|move|p1a: Hawlucha|Close Combat|p2a: Rotom\n|-activate|p2a: Rotom|move: Protect\n|move|p1b: Dragonite|Draco Meteor|p2a: Rotom\n|-activate|p2a: Rotom|move: Protect\n|\n|-weather|RainDance|[upkeep]\n|-heal|p2a: Rotom|51/100|[from] item: Leftovers\n|-damage|p1b: Dragonite|27/100 psn|[from] psn\n|upkeep\n|turn|9\n|\n|t:|1775933529\n|move|p1a: Hawlucha|Close Combat|p2a: Rotom\n|-damage|p2a: Rotom|0 fnt\n|-unboost|p1a: Hawlucha|def|1\n|-unboost|p1a: Hawlucha|spd|1\n|faint|p2a: Rotom\n|\n|win|Kibadda12345\n|raw|Kibadda12345's rating: 1000 &rarr; <strong>1048</strong><br />(+48 for winning)\n|raw|LostOnlyLost's rating: 1069 &rarr; <strong>1045</strong><br />(-24 for losing)\n|l|\u2606LostOnlyLost\n|player|p2|\n",
  "uploadtime": 1775933543,
  "views": 12,
  "formatid": "gen9championsvgc2026regma",
  "rating": 1045,
  "private": 0,
  "password": null
}