{
  "id": "gen9championsvgc2026regma-2585150542",
  "format": "[Gen 9 Champions] VGC 2026 Reg M-A",
  "players": [
    "Jmoneyzzzzz",
    "Nemporor"
  ],
  "log": "|j|\u2606Jmoneyzzzzz\n|j|\u2606Nemporor\n|t:|1776317986\n|gametype|doubles\n|player|p1|Jmoneyzzzzz|170|1137\n|player|p2|Nemporor|2|1062\n|gen|9\n|tier|[Gen 9 Champions] VGC 2026 Reg M-A\n|rated|\n|rule|Species Clause: Limit one of each Pok\u00e9mon\n|rule|Item Clause: Limit 1 of each item\n|clearpoke\n|poke|p1|Hatterene, L50, F|\n|poke|p1|Oranguru, L50, F|\n|poke|p1|Golurk, L50|\n|poke|p1|Hydreigon, L50, M|\n|poke|p1|Araquanid, L50, F|\n|poke|p1|Drampa, L50, M|\n|poke|p2|Charizard, L50, F|\n|poke|p2|Sinistcha, L50|\n|poke|p2|Incineroar, L50, M|\n|poke|p2|Victreebel, L50, M|\n|poke|p2|Kingambit, L50, F|\n|poke|p2|Torkoal, L50, F|\n|teampreview|4\n|inactive|Battle timer is ON: inactive players will automatically lose when time's up. (requested by Nemporor)\nNemporor has agreed to open team sheets.\n|\n|t:|1776318040\n|teamsize|p1|4\n|teamsize|p2|4\n|start\n|switch|p1a: Oranguru|Oranguru, L50, F|100/100\n|switch|p1b: Araquanid|Araquanid, L50, F|100/100\n|switch|p2a: Charizard|Charizard, L50, F|100/100\n|switch|p2b: Incineroar|Incineroar, L50, M|100/100\n|-ability|p2b: Incineroar|Intimidate|boost\n|-unboost|p1a: Oranguru|atk|1\n|-unboost|p1b: Araquanid|atk|1\n|turn|1\n|\n|t:|1776318060\n|detailschange|p2a: Charizard|Charizard-Mega-Y, L50, F\n|-mega|p2a: Charizard|Charizard|Charizardite Y\n|-weather|SunnyDay|[from] ability: Drought|[of] p2a: Charizard\n|move|p1a: Oranguru|Protect|p1a: Oranguru\n|-singleturn|p1a: Oranguru|Protect\n|move|p1b: Araquanid|Protect|p1b: Araquanid\n|-singleturn|p1b: Araquanid|Protect\n|move|p2b: Incineroar|Fake Out|p1b: Araquanid\n|-activate|p1b: Araquanid|move: Protect\n|move|p2a: Charizard|Weather Ball|p1a: Oranguru\n|-activate|p1a: Oranguru|move: Protect\n|\n|-weather|SunnyDay|[upkeep]\n|upkeep\n|turn|2\n|inactive|Nemporor has 30 seconds left.\n|\n|t:|1776318085\n|switch|p2a: Victreebel|Victreebel, L50, M|100/100\n|move|p2b: Incineroar|Parting Shot|p1b: Araquanid\n|-unboost|p1b: Araquanid|atk|1\n|-unboost|p1b: Araquanid|spa|1\n|\n|t:|1776318093\n|switch|p2b: Charizard|Charizard-Mega-Y, L50, F|100/100|[from] Parting Shot\n|move|p1b: Araquanid|Surf|p2a: Victreebel|[spread] p2a,p2b\n|-activate|p1a: Oranguru|ability: Telepathy\n|-resisted|p2a: Victreebel|1\n|-supereffective|p2b: Charizard|1\n|-damage|p2a: Victreebel|90/100\n|-damage|p2b: Charizard|68/100\n|move|p1a: Oranguru|Trick Room|p1a: Oranguru\n|-fieldstart|move: Trick Room|[of] p1a: Oranguru\n|\n|-weather|SunnyDay|[upkeep]\n|upkeep\n|turn|3\n|\n|t:|1776318116\n|move|p1b: Araquanid|Surf|p2a: Victreebel|[spread] p2a,p2b\n|-activate|p1a: Oranguru|ability: Telepathy\n|-resisted|p2a: Victreebel|1\n|-supereffective|p2b: Charizard|1\n|-damage|p2a: Victreebel|79/100\n|-damage|p2b: Charizard|33/100\n|move|p1a: Oranguru|Instruct|p1b: Araquanid\n|-singleturn|p1b: Araquanid|move: Instruct|[of] p1a: Oranguru\n|move|p1b: Araquanid|Surf|p2b: Charizard|[spread] p2a,p2b\n|-activate|p1a: Oranguru|ability: Telepathy\n|-resisted|p2a: Victreebel|1\n|-supereffective|p2b: Charizard|1\n|-damage|p2a: Victreebel|67/100\n|-damage|p2b: Charizard|0 fnt\n|faint|p2b: Charizard\n|move|p2a: Victreebel|Sleep Powder|p1b: Araquanid\n|-status|p1b: Araquanid|slp|[from] move: Sleep Powder\n|\n|-weather|SunnyDay|[upkeep]\n|upkeep\n|\n|t:|1776318132\n|switch|p2b: Kingambit|Kingambit, L50, F|100/100\n|turn|4\n|inactive|Nemporor has 30 seconds left.\n|\n|t:|1776318158\n|cant|p1b: Araquanid|slp\n|move|p2b: Kingambit|Kowtow Cleave|p1a: Oranguru\n|-supereffective|p1a: Oranguru|1\n|-damage|p1a: Oranguru|11/100\n|move|p1a: Oranguru|Psychic|p2a: Victreebel\n|-supereffective|p2a: Victreebel|1\n|-damage|p2a: Victreebel|0 fnt\n|faint|p2a: Victreebel\n|\n|-weather|SunnyDay|[upkeep]\n|upkeep\n|\n|t:|1776318168\n|switch|p2a: Incineroar|Incineroar, L50, M|100/100\n|-ability|p2a: Incineroar|Intimidate|boost\n|-unboost|p1a: Oranguru|atk|1\n|-unboost|p1b: Araquanid|atk|1\n|turn|5\n|\n|t:|1776318195\n|cant|p1b: Araquanid|slp\n|move|p1a: Oranguru|Protect|p1a: Oranguru\n|-singleturn|p1a: Oranguru|Protect\n|move|p2a: Incineroar|Fake Out|p1a: Oranguru\n|-activate|p1a: Oranguru|move: Protect\n|move|p2b: Kingambit|Kowtow Cleave|p1b: Araquanid\n|-damage|p1b: Araquanid|48/100 slp\n|\n|-weather|none\n|upkeep\n|turn|6\n|\n|t:|1776318216\n|-curestatus|p1b: Araquanid|slp|[msg]\n|move|p1b: Araquanid|Surf|p2a: Incineroar|[spread] p2a,p2b\n|-activate|p1a: Oranguru|ability: Telepathy\n|-supereffective|p2a: Incineroar|1\n|-damage|p2a: Incineroar|38/100\n|-damage|p2b: Kingambit|66/100\n|-enditem|p2a: Incineroar|Sitrus Berry|[eat]\n|-heal|p2a: Incineroar|63/100|[from] item: Sitrus Berry\n|move|p2b: Kingambit|Kowtow Cleave|p1b: Araquanid\n|-damage|p1b: Araquanid|0 fnt\n|faint|p1b: Araquanid\n|move|p1a: Oranguru|Instruct|p1: Araquanid|[notarget]\n|-fail|p1a: Oranguru\n|move|p2a: Incineroar|Darkest Lariat|p1a: Oranguru\n|-supereffective|p1a: Oranguru|1\n|-damage|p1a: Oranguru|0 fnt\n|faint|p1a: Oranguru\n|\n|-fieldend|move: Trick Room\n|upkeep\n|\n|t:|1776318229\n|switch|p1a: Drampa|Drampa, L50, M|100/100\n|switch|p1b: Hydreigon|Hydreigon, L50, M|100/100\n|turn|7\n|\n|t:|1776318242\n|detailschange|p1a: Drampa|Drampa-Mega, L50, M\n|-mega|p1a: Drampa|Drampa|Drampanite\n|move|p2b: Kingambit|Protect|p2b: Kingambit\n|-singleturn|p2b: Kingambit|Protect\n|move|p1b: Hydreigon|Draco Meteor|p2a: Incineroar\n|-damage|p2a: Incineroar|2/100\n|-unboost|p1b: Hydreigon|spa|2\n|move|p2a: Incineroar|Darkest Lariat|p1a: Drampa\n|-damage|p1a: Drampa|58/100\n|move|p1a: Drampa|Earth Power|p2b: Kingambit\n|-activate|p2b: Kingambit|move: Protect\n|\n|upkeep\n|turn|8\n|inactive|Nemporor has 30 seconds left.\n|\n|t:|1776318274\n|move|p1a: Drampa|Protect|p1a: Drampa\n|-singleturn|p1a: Drampa|Protect\n|move|p2b: Kingambit|Sucker Punch||[still]\n|-fail|p2b: Kingambit\n|move|p1b: Hydreigon|Draco Meteor|p2a: Incineroar\n|-damage|p2a: Incineroar|0 fnt\n|-unboost|p1b: Hydreigon|spa|2\n|faint|p2a: Incineroar\n|\n|upkeep\n|turn|9\n|\n|t:|1776318288\n|move|p1a: Drampa|Protect||[still]\n|-fail|p1a: Drampa\n|move|p2b: Kingambit|Sucker Punch||[still]\n|-fail|p2b: Kingambit\n|move|p1b: Hydreigon|Draco Meteor|p2b: Kingambit\n|-resisted|p2b: Kingambit|1\n|-damage|p2b: Kingambit|56/100\n|-unboost|p1b: Hydreigon|spa|2\n|\n|upkeep\n|turn|10\n|c|\u2606Nemporor|gg\n|\n|t:|1776318303\n|move|p1a: Drampa|Protect|p1a: Drampa\n|-singleturn|p1a: Drampa|Protect\n|move|p1b: Hydreigon|Draco Meteor|p2b: Kingambit\n|-resisted|p2b: Kingambit|1\n|-damage|p2b: Kingambit|47/100\n|move|p2b: Kingambit|Iron Head|p1b: Hydreigon\n|-damage|p1b: Hydreigon|47/100\n|\n|upkeep\n|turn|11\n|\n|t:|1776318319\n|move|p1a: Drampa|Protect||[still]\n|-fail|p1a: Drampa\n|move|p1b: Hydreigon|Draco Meteor|p2b: Kingambit\n|-resisted|p2b: Kingambit|1\n|-damage|p2b: Kingambit|39/100\n|move|p2b: Kingambit|Iron Head|p1b: Hydreigon\n|-damage|p1b: Hydreigon|0 fnt\n|faint|p1b: Hydreigon\n|\n|upkeep\n|turn|12\n|\n|t:|1776318330\n|move|p2b: Kingambit|Sucker Punch|p1a: Drampa\n|-damage|p1a: Drampa|24/100\n|-ability|p1a: Drampa|Berserk|boost\n|-boost|p1a: Drampa|spa|1\n|move|p1a: Drampa|Earth Power|p2b: Kingambit\n|-supereffective|p2b: Kingambit|1\n|-damage|p2b: Kingambit|0 fnt\n|faint|p2b: Kingambit\n|\n|win|Jmoneyzzzzz\n|raw|Jmoneyzzzzz's rating: 1137 &rarr; <strong>1157</strong><br />(+20 for winning)\n|raw|Nemporor's rating: 1062 &rarr; <strong>1047</strong><br />(-15 for losing)\n|c|\u2606Nemporor|gg\n",
  "uploadtime": 1776318340,
  "views": 18,
  "formatid": "gen9championsvgc2026regma",
  "rating": 1047,
  "private": 0,
  "password": null
}