{
  "id": "gen9championsvgc2026regma-2582223865",
  "format": "[Gen 9 Champions] VGC 2026 Reg M-A",
  "players": [
    "Barber1",
    "MadJester98"
  ],
  "log": "|j|\u2606Barber1\n|j|\u2606MadJester98\n|t:|1776073216\n|gametype|doubles\n|player|p1|Barber1|cynthia-gen4|1156\n|player|p2|MadJester98|will|1199\n|gen|9\n|tier|[Gen 9 Champions] VGC 2026 Reg M-A\n|rated|\n|rule|Species Clause: Limit one of each Pok\u00e9mon\n|rule|Item Clause: Limit 1 of each item\n|clearpoke\n|poke|p1|Floette-Eternal, L50, F|\n|poke|p1|Sneasler, L50, M|\n|poke|p1|Kingambit, L50, F|\n|poke|p1|Aerodactyl, L50, M|\n|poke|p1|Maushold, L50|\n|poke|p1|Basculegion, L50, M|\n|poke|p2|Froslass, L50, F|\n|poke|p2|Sneasler, L50, F|\n|poke|p2|Garchomp, L50, M|\n|poke|p2|Kingambit, L50, M|\n|poke|p2|Aerodactyl, L50, F|\n|poke|p2|Rotom-Wash, L50|\n|teampreview|4\n|l|\u2606Barber1\n|player|p1|\n|inactive|Battle timer is ON: inactive players will automatically lose when time's up. (requested by MadJester98)\n|j|\u2606Barber1\n|inactive|Barber1 reconnected and has 65 seconds left.\n|player|p1|Barber1|cynthia-gen4|\n|inactive|Barber1 also wants the timer to be on.\n|inactive|Barber1 has 60 seconds left.\n|inactive|Barber1 has 30 seconds left.\n|inactive|Barber1 has 20 seconds left.\n|inactive|Barber1 has 15 seconds left.\n|\n|t:|1776073332\n|teamsize|p1|4\n|teamsize|p2|4\n|start\n|switch|p1a: Basculegion|Basculegion, L50, M|100/100\n|switch|p1b: Aerodactyl|Aerodactyl, L50, M|100/100\n|switch|p2a: Froslass|Froslass, L50, F|100/100\n|switch|p2b: Sneasler|Sneasler, L50, F|100/100\n|turn|1\n|inactive|Barber1 has 30 seconds left.\n|inactive|MadJester98 has 30 seconds left.\n|\n|t:|1776073362\n|detailschange|p2a: Froslass|Froslass-Mega, L50, F\n|-mega|p2a: Froslass|Froslass|Froslassite\n|-weather|Snowscape|[from] ability: Snow Warning|[of] p2a: Froslass\n|move|p1b: Aerodactyl|Protect|p1b: Aerodactyl\n|-singleturn|p1b: Aerodactyl|Protect\n|move|p2b: Sneasler|Fake Out|p1b: Aerodactyl\n|-activate|p1b: Aerodactyl|move: Protect\n|move|p1a: Basculegion|Flip Turn|p2b: Sneasler\n|-damage|p2b: Sneasler|50/100\n|\n|t:|1776073377\n|switch|p1a: Floette|Floette-Eternal, L50, F|100/100|[from] Flip Turn\n|move|p2a: Froslass|Blizzard|p1b: Aerodactyl|[spread] p1a\n|-activate|p1b: Aerodactyl|move: Protect\n|-damage|p1a: Floette|59/100\n|\n|-weather|Snowscape|[upkeep]\n|upkeep\n|turn|2\n|inactive|Barber1 has 30 seconds left.\n|inactive|MadJester98 has 30 seconds left.\n|inactive|Barber1 has 20 seconds left.\n|\n|t:|1776073414\n|switch|p1a: Kingambit|Kingambit, L50, F|100/100\n|move|p1b: Aerodactyl|Dual Wingbeat|p2b: Sneasler\n|-supereffective|p2b: Sneasler|1\n|-damage|p2b: Sneasler|0 fnt\n|faint|p2b: Sneasler\n|-hitcount|p2: Sneasler|1\n|move|p2a: Froslass|Blizzard|p1a: Kingambit|[spread] p1a,p1b\n|-resisted|p1a: Kingambit|1\n|-supereffective|p1b: Aerodactyl|1\n|-damage|p1a: Kingambit|76/100\n|-enditem|p1b: Aerodactyl|Focus Sash\n|-damage|p1b: Aerodactyl|1/100\n|\n|-weather|Snowscape|[upkeep]\n|upkeep\n|\n|t:|1776073427\n|switch|p2b: Garchomp|Garchomp, L50, M|100/100\n|turn|3\n|\n|t:|1776073436\n|move|p1a: Kingambit|Protect|p1a: Kingambit\n|-singleturn|p1a: Kingambit|Protect\n|move|p1b: Aerodactyl|Tailwind|p1b: Aerodactyl\n|-sidestart|p1: Barber1|move: Tailwind\n|move|p2a: Froslass|Aurora Veil|p2a: Froslass\n|-sidestart|p2: MadJester98|move: Aurora Veil\n|move|p2b: Garchomp|Substitute|p2b: Garchomp\n|-start|p2b: Garchomp|Substitute\n|-damage|p2b: Garchomp|76/100\n|\n|-weather|Snowscape|[upkeep]\n|upkeep\n|turn|4\n|\n|t:|1776073457\n|move|p2a: Froslass|Protect|p2a: Froslass\n|-singleturn|p2a: Froslass|Protect\n|move|p1b: Aerodactyl|Dual Wingbeat|p2b: Garchomp\n|-crit|p2b: Garchomp\n|-end|p2b: Garchomp|Substitute\n|-damage|p2b: Garchomp|63/100\n|-damage|p1b: Aerodactyl|0 fnt|[from] ability: Rough Skin|[of] p2b: Garchomp\n|faint|p1b: Aerodactyl\n|-hitcount|p2b: Garchomp|2\n|move|p2b: Garchomp|Earthquake|p1a: Kingambit|[spread] p1a\n|-activate|p2a: Froslass|move: Protect\n|-supereffective|p1a: Kingambit|1\n|-damage|p1a: Kingambit|5/100\n|move|p1a: Kingambit|Kowtow Cleave|p2a: Froslass\n|-activate|p2a: Froslass|move: Protect\n|\n|-weather|Snowscape|[upkeep]\n|upkeep\n|\n|t:|1776073462\n|switch|p1b: Floette|Floette-Eternal, L50, F|59/100\n|turn|5\n|inactive|MadJester98 has 30 seconds left.\n|\n|t:|1776073487\n|detailschange|p1b: Floette|Floette-Mega, L50, F\n|-mega|p1b: Floette|Floette|Floettite\n|-ability|p1b: Floette|Fairy Aura\n|move|p1a: Kingambit|Sucker Punch|p2a: Froslass\n|-supereffective|p2a: Froslass|1\n|-damage|p2a: Froslass|37/100\n|move|p1b: Floette|Dazzling Gleam|p2b: Garchomp|[spread] p2a,p2b\n|-supereffective|p2b: Garchomp|1\n|-damage|p2a: Froslass|0 fnt\n|-damage|p2b: Garchomp|0 fnt\n|faint|p2a: Froslass\n|faint|p2b: Garchomp\n|\n|-weather|none\n|upkeep\n|\n|t:|1776073498\n|switch|p2b: Kingambit|Kingambit, L50, M|100/100\n|turn|6\n|\n|t:|1776073518\n|move|p1b: Floette|Moonblast|p2b: Kingambit\n|-damage|p2b: Kingambit|45/100\n|move|p1a: Kingambit|Iron Head|p2b: Kingambit\n|-resisted|p2b: Kingambit|1\n|-damage|p2b: Kingambit|35/100\n|move|p2b: Kingambit|Iron Head|p1a: Kingambit\n|-resisted|p1a: Kingambit|1\n|-damage|p1a: Kingambit|0 fnt\n|faint|p1a: Kingambit\n|-end|p1a: Kingambit|fallenundefined|[silent]\n|\n|-sideend|p1: Barber1|move: Tailwind\n|upkeep\n|\n|t:|1776073526\n|switch|p1a: Basculegion|Basculegion, L50, M|100/100\n|turn|7\n|\n|t:|1776073538\n|move|p2b: Kingambit|Sucker Punch|p1a: Basculegion\n|-supereffective|p1a: Basculegion|1\n|-damage|p1a: Basculegion|0 fnt\n|faint|p1a: Basculegion\n|move|p1b: Floette|Moonblast|p2b: Kingambit\n|-damage|p2b: Kingambit|0 fnt\n|faint|p2b: Kingambit\n|\n|win|Barber1\n|raw|Barber1's rating: 1156 &rarr; <strong>1184</strong><br />(+28 for winning)\n|raw|MadJester98's rating: 1199 &rarr; <strong>1171</strong><br />(-28 for losing)\n|l|\u2606MadJester98\n|player|p2|\n",
  "uploadtime": 1776073550,
  "views": 12,
  "formatid": "gen9championsvgc2026regma",
  "rating": 1171,
  "private": 0,
  "password": null
}