{
  "id": "gen9championsvgc2026regma-2589481677",
  "format": "[Gen 9 Champions] VGC 2026 Reg M-A",
  "players": [
    "patobd",
    "jrdahn"
  ],
  "log": "|j|\u2606patobd\n|j|\u2606jrdahn\n|t:|1776726893\n|gametype|doubles\n|player|p1|patobd|dancer|1132\n|player|p2|jrdahn|101|1213\n|gen|9\n|tier|[Gen 9 Champions] VGC 2026 Reg M-A\n|rated|\n|rule|Species Clause: Limit one of each Pok\u00e9mon\n|rule|Item Clause: Limit 1 of each item\n|clearpoke\n|poke|p1|Tyranitar, L50, M|\n|poke|p1|Excadrill, L50, F|\n|poke|p1|Rotom-Wash, L50|\n|poke|p1|Dragapult, L50, F|\n|poke|p1|Corviknight, L50, F|\n|poke|p1|Arcanine, L50, F|\n|poke|p2|Scizor, L50, M|\n|poke|p2|Dragapult, L50, M|\n|poke|p2|Arcanine-Hisui, L50, M|\n|poke|p2|Pelipper, L50, M|\n|poke|p2|Basculegion, L50, M|\n|poke|p2|Sneasler, L50, M|\n|teampreview|4\n|\n|t:|1776726927\n|teamsize|p1|4\n|teamsize|p2|4\n|start\n|switch|p1a: Rotom|Rotom-Wash, L50|100/100\n|switch|p1b: Corviknight|Corviknight, L50, F|100/100\n|switch|p2a: Scizor|Scizor, L50, M|100/100\n|switch|p2b: Arcanine|Arcanine-Hisui, L50, M|100/100\n|-ability|p2b: Arcanine|Intimidate|boost\n|-unboost|p1a: Rotom|atk|1\n|-ability|p1b: Corviknight|Mirror Armor\n|-unboost|p2b: Arcanine|atk|1\n|turn|1\n|\n|t:|1776726953\n|switch|p2b: Basculegion|Basculegion, L50, M|100/100\n|detailschange|p2a: Scizor|Scizor-Mega, L50, M\n|-mega|p2a: Scizor|Scizor|Scizorite\n|move|p1a: Rotom|Hydro Pump|p2b: Basculegion|[miss]\n|-miss|p1a: Rotom|p2b: Basculegion\n|move|p2a: Scizor|Swords Dance|p2a: Scizor\n|-boost|p2a: Scizor|atk|2\n|move|p1b: Corviknight|Tailwind|p1b: Corviknight\n|-sidestart|p1: patobd|move: Tailwind\n|\n|upkeep\n|turn|2\n|\n|t:|1776726987\n|move|p2a: Scizor|Bullet Punch|p1a: Rotom\n|-resisted|p1a: Rotom|2\n|-damage|p1a: Rotom|83/100\n|move|p1a: Rotom|Will-O-Wisp|p2a: Scizor\n|-status|p2a: Scizor|brn\n|move|p1b: Corviknight|Brave Bird|p2a: Scizor\n|-damage|p2a: Scizor|75/100 brn\n|-damage|p1b: Corviknight|93/100|[from] Recoil\n|move|p2b: Basculegion|Wave Crash|p1a: Rotom\n|-resisted|p1a: Rotom|1\n|-damage|p1a: Rotom|44/100\n|-enditem|p1a: Rotom|Sitrus Berry|[eat]\n|-heal|p1a: Rotom|69/100|[from] item: Sitrus Berry\n|-damage|p2b: Basculegion|90/100|[from] Recoil\n|\n|-heal|p1b: Corviknight|99/100|[from] item: Leftovers\n|-damage|p2a: Scizor|68/100 brn|[from] brn\n|upkeep\n|turn|3\n|\n|t:|1776727061\n|switch|p2b: Arcanine|Arcanine-Hisui, L50, M|100/100\n|-ability|p2b: Arcanine|Intimidate|boost\n|-unboost|p1a: Rotom|atk|1\n|-ability|p1b: Corviknight|Mirror Armor\n|-unboost|p2b: Arcanine|atk|1\n|move|p1a: Rotom|Will-O-Wisp|p2b: Arcanine|[miss]\n|-miss|p1a: Rotom|p2b: Arcanine\n|move|p1b: Corviknight|Brave Bird|p2a: Scizor\n|-damage|p2a: Scizor|39/100 brn\n|-damage|p1b: Corviknight|91/100|[from] Recoil\n|move|p2a: Scizor|Bug Bite|p1a: Rotom\n|-damage|p1a: Rotom|13/100\n|\n|-heal|p1b: Corviknight|97/100|[from] item: Leftovers\n|-damage|p2a: Scizor|33/100 brn|[from] brn\n|upkeep\n|turn|4\n|\n|t:|1776727139\n|switch|p1a: Tyranitar|Tyranitar, L50, M|100/100\n|-weather|Sandstorm|[from] ability: Sand Stream|[of] p1a: Tyranitar\n|switch|p1b: Excadrill|Excadrill, L50, F|100/100\n|move|p2b: Arcanine|Extreme Speed|p1a: Tyranitar\n|-resisted|p1a: Tyranitar|1\n|-damage|p1a: Tyranitar|92/100\n|move|p2a: Scizor|Bug Bite|p1b: Excadrill\n|-resisted|p1b: Excadrill|1\n|-damage|p1b: Excadrill|63/100\n|\n|-weather|Sandstorm|[upkeep]\n|-damage|p2a: Scizor|27/100 brn|[from] brn\n|-sideend|p1: patobd|move: Tailwind\n|upkeep\n|turn|5\n|\n|t:|1776727167\n|switch|p2b: Pelipper|Pelipper, L50, M|100/100\n|-weather|RainDance|[from] ability: Drizzle|[of] p2b: Pelipper\n|move|p2a: Scizor|Bullet Punch|p1a: Tyranitar\n|-supereffective|p1a: Tyranitar|1\n|-damage|p1a: Tyranitar|26/100\n|move|p1b: Excadrill|High Horsepower|p2b: Pelipper\n|-immune|p2b: Pelipper\n|move|p1a: Tyranitar|Rock Slide|p2a: Scizor|[spread] p2a,p2b\n|-supereffective|p2b: Pelipper|1\n|-damage|p2a: Scizor|0 fnt\n|-damage|p2b: Pelipper|26/100\n|faint|p2a: Scizor\n|\n|-weather|RainDance|[upkeep]\n|upkeep\n|\n|t:|1776727173\n|switch|p2a: Arcanine|Arcanine-Hisui, L50, M|100/100\n|-ability|p2a: Arcanine|Intimidate|boost\n|-unboost|p1a: Tyranitar|atk|1\n|-unboost|p1b: Excadrill|atk|1\n|turn|6\n|\n|t:|1776727220\n|detailschange|p1a: Tyranitar|Tyranitar-Mega, L50, M\n|-mega|p1a: Tyranitar|Tyranitar|Tyranitarite\n|-weather|Sandstorm|[from] ability: Sand Stream|[of] p1a: Tyranitar\n|move|p1a: Tyranitar|Protect|p1a: Tyranitar\n|-singleturn|p1a: Tyranitar|Protect\n|move|p1b: Excadrill|Rock Slide|p2a: Arcanine|[spread] p2a,p2b\n|-supereffective|p2a: Arcanine|1\n|-supereffective|p2b: Pelipper|1\n|-damage|p2a: Arcanine|64/100\n|-damage|p2b: Pelipper|0 fnt\n|faint|p2b: Pelipper\n|cant|p2a: Arcanine|flinch\n|\n|-weather|Sandstorm|[upkeep]\n|upkeep\n|\n|t:|1776727230\n|switch|p2b: Basculegion|Basculegion, L50, M|90/100\n|turn|7\n|\n|t:|1776727270\n|move|p1b: Excadrill|Protect|p1b: Excadrill\n|-singleturn|p1b: Excadrill|Protect\n|move|p2b: Basculegion|Aqua Jet|p1b: Excadrill\n|-activate|p1b: Excadrill|move: Protect\n|move|p2a: Arcanine|Flare Blitz|p1a: Tyranitar\n|-resisted|p1a: Tyranitar|1\n|-damage|p1a: Tyranitar|9/100\n|-damage|p2a: Arcanine|58/100|[from] Recoil\n|move|p1a: Tyranitar|Crunch|p2b: Basculegion\n|-supereffective|p2b: Basculegion|1\n|-crit|p2b: Basculegion\n|-damage|p2b: Basculegion|0 fnt\n|faint|p2b: Basculegion\n|\n|-weather|Sandstorm|[upkeep]\n|upkeep\n|turn|8\n|\n|t:|1776727296\n|switch|p1a: Rotom|Rotom-Wash, L50|13/100\n|move|p1b: Excadrill|High Horsepower|p2a: Arcanine\n|-supereffective|p2a: Arcanine|2\n|-damage|p2a: Arcanine|0 fnt\n|faint|p2a: Arcanine\n|\n|win|patobd\n|raw|patobd's rating: 1132 &rarr; <strong>1163</strong><br />(+31 for winning)\n|raw|jrdahn's rating: 1213 &rarr; <strong>1182</strong><br />(-31 for losing)\n|l|\u2606jrdahn\n|player|p2|\n",
  "uploadtime": 1776727321,
  "views": 6,
  "formatid": "gen9championsvgc2026regma",
  "rating": 1163,
  "private": 0,
  "password": null
}