{
  "id": "gen9championsvgc2026regma-2584106305",
  "format": "[Gen 9 Champions] VGC 2026 Reg M-A",
  "players": [
    "ItzXeroo",
    "funny fish place!"
  ],
  "log": "|j|\u2606ItzXeroo\n|j|\u2606funny fish place!\n|t:|1776225789\n|gametype|doubles\n|player|p1|ItzXeroo|n|1212\n|player|p2|funny fish place!|guitarist|1141\n|gen|9\n|tier|[Gen 9 Champions] VGC 2026 Reg M-A\n|rated|\n|rule|Species Clause: Limit one of each Pok\u00e9mon\n|rule|Item Clause: Limit 1 of each item\n|clearpoke\n|poke|p1|Dragapult, L50, F|\n|poke|p1|Maushold, L50|\n|poke|p1|Kingambit, L50, M|\n|poke|p1|Charizard, L50, F|\n|poke|p1|Sneasler, L50, M|\n|poke|p1|Garchomp, L50, M|\n|poke|p2|Rotom-Heat, L50|\n|poke|p2|Sinistcha, L50|\n|poke|p2|Skarmory, L50, F|\n|poke|p2|Garchomp, L50, M|\n|poke|p2|Ninetales-Alola, L50, M|\n|poke|p2|Sneasler, L50, F|\n|teampreview|4\n|\n|t:|1776225842\n|teamsize|p1|4\n|teamsize|p2|4\n|start\n|switch|p1a: Dragapult|Dragapult, L50, F|100/100\n|switch|p1b: Sneasler|Sneasler, L50, M|100/100\n|switch|p2a: Skarmory|Skarmory, L50, F|100/100\n|switch|p2b: Garchomp|Garchomp, L50, M|100/100\n|turn|1\n|\n|t:|1776225869\n|switch|p1b: Maushold|Maushold, L50|100/100\n|move|p2b: Garchomp|Protect|p2b: Garchomp\n|-singleturn|p2b: Garchomp|Protect\n|move|p1a: Dragapult|Draco Meteor|p2b: Garchomp\n|-activate|p2b: Garchomp|move: Protect\n|move|p2a: Skarmory|Swords Dance|p2a: Skarmory\n|-boost|p2a: Skarmory|atk|2\n|\n|upkeep\n|turn|2\n|\n|t:|1776225888\n|switch|p2b: Ninetales|Ninetales-Alola, L50, M|100/100\n|-weather|Snowscape|[from] ability: Snow Warning|[of] p2b: Ninetales\n|move|p1a: Dragapult|Draco Meteor|p2b: Ninetales\n|-immune|p2b: Ninetales\n|move|p1b: Maushold|Encore|p2a: Skarmory\n|-start|p2a: Skarmory|Encore\n|move|p2a: Skarmory|Swords Dance|p2a: Skarmory\n|-boost|p2a: Skarmory|atk|2\n|\n|-weather|Snowscape|[upkeep]\n|upkeep\n|turn|3\n|\n|t:|1776225912\n|move|p1a: Dragapult|Will-O-Wisp|p2a: Skarmory\n|-status|p2a: Skarmory|brn\n|move|p1b: Maushold|Super Fang|p2a: Skarmory\n|-damage|p2a: Skarmory|51/100 brn\n|-ability|p2a: Skarmory|Weak Armor|boost\n|-unboost|p2a: Skarmory|def|1\n|-boost|p2a: Skarmory|spe|2\n|move|p2a: Skarmory|Swords Dance|p2a: Skarmory\n|-boost|p2a: Skarmory|atk|2\n|move|p2b: Ninetales|Icy Wind|p1b: Maushold|[spread] p1b\n|-miss|p2b: Ninetales|p1a: Dragapult\n|-damage|p1b: Maushold|75/100\n|-unboost|p1b: Maushold|spe|1\n|\n|-weather|Snowscape|[upkeep]\n|-damage|p2a: Skarmory|45/100 brn|[from] brn\n|upkeep\n|turn|4\n|\n|t:|1776225935\n|move|p1a: Dragapult|Shadow Ball|p2a: Skarmory\n|-damage|p2a: Skarmory|0 fnt\n|faint|p2a: Skarmory\n|move|p2b: Ninetales|Blizzard|p1a: Dragapult|[spread] p1a,p1b\n|-supereffective|p1a: Dragapult|1\n|-damage|p1a: Dragapult|13/100\n|-damage|p1b: Maushold|24/100\n|-status|p1b: Maushold|frz\n|-curestatus|p1b: Maushold|frz|[msg]\n|move|p1b: Maushold|Super Fang|p2b: Ninetales\n|-damage|p2b: Ninetales|50/100\n|\n|-weather|Snowscape|[upkeep]\n|upkeep\n|\n|t:|1776225948\n|switch|p2a: Sneasler|Sneasler, L50, F|100/100\n|turn|5\n|\n|t:|1776225962\n|move|p1b: Maushold|Protect|p1b: Maushold\n|-singleturn|p1b: Maushold|Protect\n|move|p2a: Sneasler|Fake Out|p1b: Maushold\n|-activate|p1b: Maushold|move: Protect\n|move|p1a: Dragapult|Psychic Fangs|p2a: Sneasler\n|-supereffective|p2a: Sneasler|2\n|-enditem|p2a: Sneasler|Focus Sash\n|-damage|p2a: Sneasler|1/100\n|move|p2b: Ninetales|Blizzard|p1a: Dragapult|[spread] p1a\n|-activate|p1b: Maushold|move: Protect\n|-supereffective|p1a: Dragapult|1\n|-damage|p1a: Dragapult|0 fnt\n|faint|p1a: Dragapult\n|\n|-weather|Snowscape|[upkeep]\n|upkeep\n|\n|t:|1776225976\n|switch|p1a: Sneasler|Sneasler, L50, M|100/100\n|turn|6\n|\n|t:|1776225999\n|switch|p1b: Charizard|Charizard, L50, F, shiny|100/100\n|move|p1a: Sneasler|Feint|p2a: Sneasler\n|-damage|p2a: Sneasler|0 fnt\n|faint|p2a: Sneasler\n|move|p2b: Ninetales|Icy Wind|p1b: Charizard|[spread] p1a,p1b\n|-crit|p1b: Charizard\n|-damage|p1a: Sneasler|76/100\n|-damage|p1b: Charizard|70/100\n|-unboost|p1a: Sneasler|spe|1\n|-unboost|p1b: Charizard|spe|1\n|\n|-weather|none\n|upkeep\n|\n|t:|1776226009\n|switch|p2a: Garchomp|Garchomp, L50, M|100/100\n|turn|7\n|\n|t:|1776226031\n|move|p1b: Charizard|Protect|p1b: Charizard\n|-singleturn|p1b: Charizard|Protect\n|move|p2b: Ninetales|Icy Wind|p1a: Sneasler|[spread] p1a\n|-activate|p1b: Charizard|move: Protect\n|-damage|p1a: Sneasler|51/100\n|-unboost|p1a: Sneasler|spe|1\n|move|p2a: Garchomp|Rock Slide|p1b: Charizard|[spread] p1a\n|-activate|p1b: Charizard|move: Protect\n|-resisted|p1a: Sneasler|1\n|-damage|p1a: Sneasler|34/100\n|move|p1a: Sneasler|Close Combat|p2b: Ninetales\n|-damage|p2b: Ninetales|0 fnt\n|-unboost|p1a: Sneasler|def|1\n|-unboost|p1a: Sneasler|spd|1\n|faint|p2b: Ninetales\n|\n|upkeep\n|turn|8\n|\n|t:|1776226065\n|detailschange|p1b: Charizard|Charizard-Mega-Y, L50, F, shiny\n|-mega|p1b: Charizard|Charizard|Charizardite Y\n|-weather|SunnyDay|[from] ability: Drought|[of] p1b: Charizard\n|move|p2a: Garchomp|Rock Slide|p1a: Sneasler|[spread] p1a,p1b\n|-resisted|p1a: Sneasler|1\n|-supereffective|p1b: Charizard|2\n|-damage|p1a: Sneasler|9/100\n|-damage|p1b: Charizard|0 fnt\n|faint|p1b: Charizard\n|move|p1a: Sneasler|Close Combat|p2a: Garchomp\n|-damage|p2a: Garchomp|35/100\n|-unboost|p1a: Sneasler|def|1\n|-unboost|p1a: Sneasler|spd|1\n|-damage|p1a: Sneasler|0 fnt|[from] ability: Rough Skin|[of] p2a: Garchomp\n|faint|p1a: Sneasler\n|\n|-weather|SunnyDay|[upkeep]\n|upkeep\n|\n|t:|1776226076\n|switch|p1b: Maushold|Maushold, L50|24/100\n|turn|9\n|c|\u2606funny fish place!|ggwp whatever you roll\n|\n|t:|1776226108\n|move|p1b: Maushold|Protect|p1b: Maushold\n|-singleturn|p1b: Maushold|Protect\n|move|p2a: Garchomp|Earthquake|p1b: Maushold\n|-activate|p1b: Maushold|move: Protect\n|\n|-weather|SunnyDay|[upkeep]\n|upkeep\n|turn|10\n|\n|t:|1776226118\n|move|p1b: Maushold|Encore|p2a: Garchomp\n|-start|p2a: Garchomp|Encore\n|move|p2a: Garchomp|Earthquake|p1b: Maushold\n|-damage|p1b: Maushold|0 fnt\n|faint|p1b: Maushold\n|\n|win|funny fish place!\n|raw|ItzXeroo's rating: 1212 &rarr; <strong>1182</strong><br />(-30 for losing)\n|raw|funny fish place!'s rating: 1141 &rarr; <strong>1171</strong><br />(+30 for winning)\n|l|\u2606ItzXeroo\n|player|p1|\n|c|\u2606funny fish place!|no bomb?\n",
  "uploadtime": 1776226127,
  "views": 18,
  "formatid": "gen9championsvgc2026regma",
  "rating": 1171,
  "private": 0,
  "password": null
}