{
  "id": "gen9championsvgc2026regma-2581070225",
  "format": "[Gen 9 Champions] VGC 2026 Reg M-A",
  "players": [
    "Kiryuri",
    "MrTestingPith"
  ],
  "log": "|j|\u2606Kiryuri\n|j|\u2606MrTestingPith\n|t:|1775957033\n|gametype|doubles\n|player|p1|Kiryuri|acetrainerf|1282\n|player|p2|MrTestingPith|266|1324\n|gen|9\n|tier|[Gen 9 Champions] VGC 2026 Reg M-A\n|rated|\n|rule|Species Clause: Limit one of each Pok\u00e9mon\n|rule|Item Clause: Limit 1 of each item\n|clearpoke\n|poke|p1|Corviknight, L50, F|\n|poke|p1|Gardevoir, L50, F|\n|poke|p1|Garchomp, L50, F|\n|poke|p1|Sinistcha, L50|\n|poke|p1|Dragonite, L50, F|\n|poke|p1|Sneasler, L50, F|\n|poke|p2|Sinistcha, L50|\n|poke|p2|Incineroar, L50, M|\n|poke|p2|Corviknight, L50, F|\n|poke|p2|Gardevoir, L50, F|\n|poke|p2|Garchomp, L50, F|\n|poke|p2|Rotom-Wash, L50|\n|teampreview|4\nKiryuri has agreed to open team sheets.\nMrTestingPith rejected open team sheets.\n|inactive|Battle timer is ON: inactive players will automatically lose when time's up. (requested by MrTestingPith)\n|inactive|Kiryuri has 60 seconds left.\n|\n|t:|1775957075\n|teamsize|p1|4\n|teamsize|p2|4\n|start\n|switch|p1a: Sneasler|Sneasler, L50, F, shiny|100/100\n|switch|p1b: Corviknight|Corviknight, L50, F, shiny|100/100\n|switch|p2a: Gardevoir|Gardevoir, L50, F|100/100\n|switch|p2b: Sinistcha|Sinistcha, L50|100/100\n|turn|1\n|\n|t:|1775957090\n|move|p2a: Gardevoir|Protect|p2a: Gardevoir\n|-singleturn|p2a: Gardevoir|Protect\n|move|p1a: Sneasler|Fake Out|p2a: Gardevoir\n|-activate|p2a: Gardevoir|move: Protect\n|move|p1b: Corviknight|Tailwind|p1b: Corviknight\n|-sidestart|p1: Kiryuri|move: Tailwind\n|move|p2b: Sinistcha|Trick Room|p2b: Sinistcha\n|-fieldstart|move: Trick Room|[of] p2b: Sinistcha\n|\n|upkeep\n|turn|2\n|\n|t:|1775957106\n|detailschange|p2a: Gardevoir|Gardevoir-Mega, L50, F\n|-mega|p2a: Gardevoir|Gardevoir|Gardevoirite\n|move|p2b: Sinistcha|Shadow Ball|p1a: Sneasler\n|-damage|p1a: Sneasler|54/100\n|move|p2a: Gardevoir|Hyper Voice|p1a: Sneasler|[spread] p1a,p1b\n|-resisted|p1b: Corviknight|1\n|-damage|p1a: Sneasler|0 fnt\n|-damage|p1b: Corviknight|77/100\n|faint|p1a: Sneasler\n|move|p1b: Corviknight|Iron Head|p2a: Gardevoir\n|-supereffective|p2a: Gardevoir|1\n|-damage|p2a: Gardevoir|20/100\n|\n|-heal|p1b: Corviknight|83/100|[from] item: Leftovers\n|upkeep\n|\n|t:|1775957119\n|switch|p1a: Sinistcha|Sinistcha, L50|100/100\n|-heal|p1b: Corviknight|100/100|[from] ability: Hospitality|[of] p1a: Sinistcha\n|turn|3\n|\n|t:|1775957128\n|switch|p2a: Incineroar|Incineroar, L50, M|100/100\n|-ability|p2a: Incineroar|Intimidate|boost\n|-unboost|p1a: Sinistcha|atk|1\n|-ability|p1b: Corviknight|Mirror Armor\n|-unboost|p2a: Incineroar|atk|1\n|move|p2b: Sinistcha|Shadow Ball|p1a: Sinistcha\n|-supereffective|p1a: Sinistcha|1\n|-damage|p1a: Sinistcha|40/100\n|move|p1b: Corviknight|Iron Head|p2a: Incineroar\n|-resisted|p2a: Incineroar|1\n|-damage|p2a: Incineroar|84/100\n|move|p1a: Sinistcha|Trick Room|p1a: Sinistcha\n|-fieldend|move: Trick Room\n|\n|upkeep\n|turn|4\n|inactive|MrTestingPith has 30 seconds left.\n|inactive|Kiryuri has 30 seconds left.\n|\n|t:|1775957161\n|move|p1a: Sinistcha|Rage Powder|p1a: Sinistcha\n|-singleturn|p1a: Sinistcha|move: Rage Powder\n|move|p1b: Corviknight|Brave Bird|p2b: Sinistcha\n|-supereffective|p2b: Sinistcha|1\n|-damage|p2b: Sinistcha|2/100\n|-damage|p1b: Corviknight|72/100|[from] Recoil\n|move|p2a: Incineroar|Flare Blitz|p1a: Sinistcha\n|-supereffective|p1a: Sinistcha|1\n|-enditem|p1a: Sinistcha|Occa Berry|[eat]\n|-enditem|p1a: Sinistcha|Occa Berry|[weaken]\n|-damage|p1a: Sinistcha|7/100\n|-damage|p2a: Incineroar|75/100|[from] Recoil\n|move|p2b: Sinistcha|Trick Room|p2b: Sinistcha\n|-fieldstart|move: Trick Room|[of] p2b: Sinistcha\n|\n|-heal|p2b: Sinistcha|8/100|[from] item: Leftovers\n|-heal|p1b: Corviknight|78/100|[from] item: Leftovers\n|-sideend|p1: Kiryuri|move: Tailwind\n|upkeep\n|turn|5\n|inactive|Kiryuri has 30 seconds left.\n|\n|t:|1775957191\n|move|p2a: Incineroar|Flare Blitz|p1b: Corviknight\n|-supereffective|p1b: Corviknight|1\n|-damage|p1b: Corviknight|4/100\n|-damage|p2a: Incineroar|50/100|[from] Recoil\n|move|p1b: Corviknight|Iron Head|p2b: Sinistcha\n|-damage|p2b: Sinistcha|0 fnt\n|faint|p2b: Sinistcha\n|move|p1a: Sinistcha|Life Dew|p1a: Sinistcha|[spread] p1a,p1b\n|-heal|p1a: Sinistcha|33/100\n|-heal|p1b: Corviknight|29/100\n|\n|-heal|p1b: Corviknight|35/100|[from] item: Leftovers\n|upkeep\n|\n|t:|1775957206\n|switch|p2b: Corviknight|Corviknight, L50, F|100/100\n|turn|6\n|\n|t:|1775957214\n|move|p1a: Sinistcha|Rage Powder|p1a: Sinistcha\n|-singleturn|p1a: Sinistcha|move: Rage Powder\n|move|p2a: Incineroar|Flare Blitz|p1a: Sinistcha\n|-supereffective|p1a: Sinistcha|1\n|-damage|p1a: Sinistcha|0 fnt\n|faint|p1a: Sinistcha\n|-damage|p2a: Incineroar|41/100|[from] Recoil\n|move|p1b: Corviknight|Roost|p1b: Corviknight\n|-heal|p1b: Corviknight|85/100\n|-singleturn|p1b: Corviknight|move: Roost\n|move|p2b: Corviknight|Iron Defense|p2b: Corviknight\n|-boost|p2b: Corviknight|def|2\n|\n|-heal|p1b: Corviknight|91/100|[from] item: Leftovers\n|upkeep\n|\n|t:|1775957227\n|switch|p1a: Gardevoir|Gardevoir, L50, F, shiny|100/100\n|turn|7\n|\n|t:|1775957242\n|detailschange|p1a: Gardevoir|Gardevoir-Mega, L50, F, shiny\n|-mega|p1a: Gardevoir|Gardevoir|Gardevoirite\n|move|p2a: Incineroar|Flare Blitz|p1b: Corviknight\n|-supereffective|p1b: Corviknight|1\n|-damage|p1b: Corviknight|20/100\n|-damage|p2a: Incineroar|17/100|[from] Recoil\n|move|p1b: Corviknight|Brave Bird|p2a: Incineroar\n|-damage|p2a: Incineroar|0 fnt\n|faint|p2a: Incineroar\n|-damage|p1b: Corviknight|15/100|[from] Recoil\n|move|p2b: Corviknight|Body Press|p1b: Corviknight\n|-damage|p1b: Corviknight|0 fnt\n|faint|p1b: Corviknight\n|move|p1a: Gardevoir|Hyper Voice|p2b: Corviknight\n|-resisted|p2b: Corviknight|1\n|-damage|p2b: Corviknight|70/100\n|\n|upkeep\n|\n|t:|1775957255\n|switch|p2a: Gardevoir|Gardevoir-Mega, L50, F|20/100\n|turn|8\n|\n|t:|1775957276\n|move|p2b: Corviknight|Roost|p2b: Corviknight\n|-heal|p2b: Corviknight|100/100\n|-singleturn|p2b: Corviknight|move: Roost\n|move|p2a: Gardevoir|Hyper Voice|p1a: Gardevoir\n|-damage|p1a: Gardevoir|47/100\n|move|p1a: Gardevoir|Hyper Voice|p2b: Corviknight|[spread] p2a,p2b\n|-crit|p2a: Gardevoir\n|-resisted|p2b: Corviknight|1\n|-damage|p2a: Gardevoir|0 fnt\n|-damage|p2b: Corviknight|80/100\n|faint|p2a: Gardevoir\n|\n|-fieldend|move: Trick Room\n|upkeep\n|turn|9\n|\n|t:|1775957291\n|move|p1a: Gardevoir|Psychic|p2b: Corviknight\n|-resisted|p2b: Corviknight|1\n|-damage|p2b: Corviknight|55/100\n|move|p2b: Corviknight|Tailwind|p2b: Corviknight\n|-sidestart|p2: MrTestingPith|move: Tailwind\n|\n|upkeep\n|turn|10\n|\n|t:|1775957302\n|move|p2b: Corviknight|Roost|p2b: Corviknight\n|-heal|p2b: Corviknight|100/100\n|-singleturn|p2b: Corviknight|move: Roost\n|move|p1a: Gardevoir|Hyper Voice|p2b: Corviknight\n|-resisted|p2b: Corviknight|1\n|-damage|p2b: Corviknight|72/100\n|\n|upkeep\n|turn|11\n|\n|t:|1775957310\n|move|p2b: Corviknight|Body Press|p1a: Gardevoir\n|-resisted|p1a: Gardevoir|2\n|-damage|p1a: Gardevoir|32/100\n|move|p1a: Gardevoir|Hyper Voice|p2b: Corviknight\n|-resisted|p2b: Corviknight|1\n|-damage|p2b: Corviknight|41/100\n|\n|upkeep\n|turn|12\n|\n|t:|1775957319\n|move|p2b: Corviknight|Roost|p2b: Corviknight\n|-heal|p2b: Corviknight|91/100\n|-singleturn|p2b: Corviknight|move: Roost\n|move|p1a: Gardevoir|Hyper Voice|p2b: Corviknight\n|-resisted|p2b: Corviknight|1\n|-damage|p2b: Corviknight|63/100\n|\n|-sideend|p2: MrTestingPith|move: Tailwind\n|upkeep\n|turn|13\n|\n|t:|1775957331\n|move|p1a: Gardevoir|Hyper Voice|p2b: Corviknight\n|-resisted|p2b: Corviknight|1\n|-damage|p2b: Corviknight|35/100\n|move|p2b: Corviknight|Tailwind|p2b: Corviknight\n|-sidestart|p2: MrTestingPith|move: Tailwind\n|\n|upkeep\n|turn|14\n|\n|t:|1775957337\n|move|p2b: Corviknight|Roost|p2b: Corviknight\n|-heal|p2b: Corviknight|85/100\n|-singleturn|p2b: Corviknight|move: Roost\n|move|p1a: Gardevoir|Hyper Voice|p2b: Corviknight\n|-resisted|p2b: Corviknight|1\n|-damage|p2b: Corviknight|56/100\n|\n|upkeep\n|turn|15\n|\n|t:|1775957348\n|move|p1a: Gardevoir|Protect|p1a: Gardevoir\n|-singleturn|p1a: Gardevoir|Protect\n|move|p2b: Corviknight|Body Press|p1a: Gardevoir\n|-activate|p1a: Gardevoir|move: Protect\n|\n|upkeep\n|turn|16\n|\n|t:|1775957353\n|move|p2b: Corviknight|Body Press|p1a: Gardevoir\n|-resisted|p1a: Gardevoir|2\n|-damage|p1a: Gardevoir|17/100\n|move|p1a: Gardevoir|Hyper Voice|p2b: Corviknight\n|-resisted|p2b: Corviknight|1\n|-damage|p2b: Corviknight|26/100\n|\n|-sideend|p2: MrTestingPith|move: Tailwind\n|upkeep\n|turn|17\n|\n|t:|1775957362\n|move|p1a: Gardevoir|Hyper Voice|p2b: Corviknight\n|-resisted|p2b: Corviknight|1\n|-damage|p2b: Corviknight|0 fnt\n|faint|p2b: Corviknight\n|\n|win|Kiryuri\n|raw|Kiryuri's rating: 1282 &rarr; <strong>1310</strong><br />(+28 for winning)\n|raw|MrTestingPith's rating: 1324 &rarr; <strong>1302</strong><br />(-22 for losing)\n|c|\u2606Kiryuri|gg\n|l|\u2606MrTestingPith\n|player|p2|\n",
  "uploadtime": 1775957378,
  "views": 28,
  "formatid": "gen9championsvgc2026regma",
  "rating": 1302,
  "private": 0,
  "password": null
}