{
  "id": "gen9championsvgc2026regma-2587879378",
  "format": "[Gen 9 Champions] VGC 2026 Reg M-A",
  "players": [
    "axelpogi13",
    "NoProblemAgency"
  ],
  "log": "|j|\u2606axelpogi13\n|j|\u2606NoProblemAgency\n|t:|1776573845\n|gametype|doubles\n|player|p1|axelpogi13|youngster-gen4dp|1106\n|player|p2|NoProblemAgency|red|1046\n|gen|9\n|tier|[Gen 9 Champions] VGC 2026 Reg M-A\n|rated|\n|rule|Species Clause: Limit one of each Pok\u00e9mon\n|rule|Item Clause: Limit 1 of each item\n|clearpoke\n|poke|p1|Excadrill, L50, M|\n|poke|p1|Tyranitar, L50, M|\n|poke|p1|Sinistcha, L50|\n|poke|p1|Floette-Eternal, L50, F|\n|poke|p1|Milotic, L50, M|\n|poke|p1|Aerodactyl, L50, F|\n|poke|p2|Gengar, L50, F|\n|poke|p2|Politoed, L50, M|\n|poke|p2|Basculegion, L50, M|\n|poke|p2|Archaludon, L50, F|\n|poke|p2|Incineroar, L50, M|\n|poke|p2|Sinistcha, L50|\n|teampreview|4\n|\n|t:|1776573878\n|teamsize|p1|4\n|teamsize|p2|4\n|start\n|switch|p1a: Aerodactyl|Aerodactyl, L50, F|100/100\n|switch|p1b: Excadrill|Excadrill, L50, M|100/100\n|switch|p2a: Gengar|Gengar, L50, F|100/100\n|switch|p2b: Basculegion|Basculegion, L50, M|100/100\n|-ability|p1a: Aerodactyl|Unnerve\n|turn|1\n|\n|t:|1776573899\n|switch|p2a: Incineroar|Incineroar, L50, M|100/100\n|-ability|p2a: Incineroar|Intimidate|boost\n|-unboost|p1a: Aerodactyl|atk|1\n|-unboost|p1b: Excadrill|atk|1\n|detailschange|p1b: Excadrill|Excadrill-Mega, L50, M\n|-mega|p1b: Excadrill|Excadrill|Excadrite\n|move|p1a: Aerodactyl|Tailwind|p1a: Aerodactyl\n|-sidestart|p1: axelpogi13|move: Tailwind\n|move|p1b: Excadrill|High Horsepower|p2a: Incineroar\n|-supereffective|p2a: Incineroar|1\n|-damage|p2a: Incineroar|41/100\n|move|p2b: Basculegion|Flip Turn|p1b: Excadrill\n|-supereffective|p1b: Excadrill|1\n|-damage|p1b: Excadrill|32/100\n|\n|t:|1776573913\n|switch|p2b: Politoed|Politoed, L50, M|100/100|[from] Flip Turn\n|-weather|RainDance|[from] ability: Drizzle|[of] p2b: Politoed\n|\n|-weather|RainDance|[upkeep]\n|upkeep\n|turn|2\n|\n|t:|1776573930\n|switch|p1b: Floette|Floette-Eternal, L50, F|100/100\n|move|p2a: Incineroar|Fake Out|p1a: Aerodactyl\n|-resisted|p1a: Aerodactyl|1\n|-damage|p1a: Aerodactyl|93/100\n|cant|p1a: Aerodactyl|flinch\n|move|p2b: Politoed|Muddy Water|p1b: Floette|[spread] p1a,p1b\n|-supereffective|p1a: Aerodactyl|1\n|-damage|p1a: Aerodactyl|7/100\n|-damage|p1b: Floette|71/100\n|-unboost|p1b: Floette|accuracy|1\n|\n|-weather|RainDance|[upkeep]\n|upkeep\n|turn|3\n|\n|t:|1776573960\n|move|p1a: Aerodactyl|Rock Slide|p2a: Incineroar|[spread] p2a,p2b\n|-supereffective|p2a: Incineroar|1\n|-crit|p2b: Politoed\n|-damage|p2a: Incineroar|17/100\n|-damage|p2b: Politoed|63/100\n|move|p1b: Floette|Moonblast|p2b: Politoed\n|-damage|p2b: Politoed|27/100\n|move|p2b: Politoed|Muddy Water|p1a: Aerodactyl|[spread] p1b\n|-miss|p2b: Politoed|p1a: Aerodactyl\n|-damage|p1b: Floette|40/100\n|move|p2a: Incineroar|Parting Shot|p1b: Floette\n|-unboost|p1b: Floette|atk|1\n|-unboost|p1b: Floette|spa|1\n|\n|t:|1776573967\n|switch|p2a: Gengar|Gengar, L50, F|100/100|[from] Parting Shot\n|\n|-weather|RainDance|[upkeep]\n|upkeep\n|turn|4\n|\n|t:|1776573989\n|switch|p2b: Incineroar|Incineroar, L50, M|17/100\n|-ability|p2b: Incineroar|Intimidate|boost\n|-unboost|p1a: Aerodactyl|atk|1\n|-unboost|p1b: Floette|atk|1\n|detailschange|p2a: Gengar|Gengar-Mega, L50, F\n|-mega|p2a: Gengar|Gengar|Gengarite\n|move|p2a: Gengar|Protect|p2a: Gengar\n|-singleturn|p2a: Gengar|Protect\n|move|p1a: Aerodactyl|Rock Slide|p2a: Gengar|[spread] p2b\n|-activate|p2a: Gengar|move: Protect\n|-supereffective|p2b: Incineroar|1\n|-damage|p2b: Incineroar|0 fnt\n|faint|p2b: Incineroar\n|move|p1b: Floette|Moonblast|p2a: Gengar\n|-activate|p2a: Gengar|move: Protect\n|\n|-weather|RainDance|[upkeep]\n|-sideend|p1: axelpogi13|move: Tailwind\n|upkeep\n|\n|t:|1776574007\n|switch|p2b: Basculegion|Basculegion, L50, M|100/100\n|turn|5\n|\n|t:|1776574018\n|move|p1b: Floette|Protect|p1b: Floette\n|-singleturn|p1b: Floette|Protect\n|move|p2b: Basculegion|Flip Turn|p1a: Aerodactyl\n|-supereffective|p1a: Aerodactyl|1\n|-damage|p1a: Aerodactyl|0 fnt\n|faint|p1a: Aerodactyl\n|\n|t:|1776574023\n|switch|p2b: Politoed|Politoed, L50, M|27/100|[from] Flip Turn\n|move|p2a: Gengar|Shadow Ball|p1b: Floette\n|-activate|p1b: Floette|move: Protect\n|\n|-weather|none\n|upkeep\n|\n|t:|1776574036\n|switch|p1a: Milotic|Milotic, L50, M|100/100\n|turn|6\n|\n|t:|1776574050\n|switch|p2b: Basculegion|Basculegion, L50, M|100/100\n|move|p2a: Gengar|Shadow Ball|p1b: Floette\n|-damage|p1b: Floette|4/100\n|-unboost|p1b: Floette|spd|1\n|move|p1b: Floette|Moonblast|p2b: Basculegion\n|-damage|p2b: Basculegion|65/100\n|move|p1a: Milotic|Scald|p2a: Gengar\n|-damage|p2a: Gengar|65/100\n|\n|upkeep\n|turn|7\n|\n|t:|1776574085\n|switch|p2a: Politoed|Politoed, L50, M|27/100\n|-weather|RainDance|[from] ability: Drizzle|[of] p2a: Politoed\n|move|p1b: Floette|Protect|p1b: Floette\n|-singleturn|p1b: Floette|Protect\n|move|p1a: Milotic|Protect|p1a: Milotic\n|-singleturn|p1a: Milotic|Protect\n|move|p2b: Basculegion|Flip Turn|p1b: Floette\n|-activate|p1b: Floette|move: Protect\n|\n|-weather|RainDance|[upkeep]\n|upkeep\n|turn|8\n|\n|t:|1776574111\n|move|p2b: Basculegion|Last Respects|p1a: Milotic\n|-damage|p1a: Milotic|41/100\n|move|p1b: Floette|Dazzling Gleam|p2a: Politoed|[spread] p2a,p2b\n|-damage|p2a: Politoed|12/100\n|-damage|p2b: Basculegion|41/100\n|move|p1a: Milotic|Scald|p2b: Basculegion\n|-resisted|p2b: Basculegion|1\n|-damage|p2b: Basculegion|15/100\n|move|p2a: Politoed|Muddy Water|p1b: Floette|[spread] p1a\n|-miss|p2a: Politoed|p1b: Floette\n|-resisted|p1a: Milotic|1\n|-damage|p1a: Milotic|28/100\n|\n|-weather|RainDance|[upkeep]\n|-heal|p1a: Milotic|34/100|[from] item: Leftovers\n|upkeep\n|turn|9\n|\n|t:|1776574132\n|move|p2b: Basculegion|Protect|p2b: Basculegion\n|-singleturn|p2b: Basculegion|Protect\n|move|p1a: Milotic|Protect|p1a: Milotic\n|-singleturn|p1a: Milotic|Protect\n|move|p1b: Floette|Dazzling Gleam|p2b: Basculegion|[spread] \n|-activate|p2b: Basculegion|move: Protect\n|-miss|p1b: Floette|p2a: Politoed\n|move|p2a: Politoed|Muddy Water|p1a: Milotic|[spread] p1b\n|-activate|p1a: Milotic|move: Protect\n|-damage|p1b: Floette|0 fnt\n|faint|p1b: Floette\n|\n|-weather|RainDance|[upkeep]\n|-heal|p1a: Milotic|40/100|[from] item: Leftovers\n|upkeep\n|\n|t:|1776574148\n|switch|p1b: Excadrill|Excadrill-Mega, L50, M|32/100\n|turn|10\n|\n|t:|1776574163\n|move|p2b: Basculegion|Last Respects|p1a: Milotic\n|-damage|p1a: Milotic|0 fnt\n|faint|p1a: Milotic\n|move|p1b: Excadrill|Rock Slide|p2a: Politoed|[spread] p2a,p2b\n|-damage|p2a: Politoed|0 fnt\n|-damage|p2b: Basculegion|0 fnt\n|faint|p2a: Politoed\n|faint|p2b: Basculegion\n|\n|-weather|RainDance|[upkeep]\n|upkeep\n|\n|t:|1776574172\n|switch|p2b: Gengar|Gengar-Mega, L50, F|65/100\n|turn|11\n|\n|t:|1776574181\n|move|p2b: Gengar|Shadow Ball|p1b: Excadrill\n|-damage|p1b: Excadrill|0 fnt\n|faint|p1b: Excadrill\n|\n|win|NoProblemAgency\n|raw|axelpogi13's rating: 1106 &rarr; <strong>1077</strong><br />(-29 for losing)\n|raw|NoProblemAgency's rating: 1046 &rarr; <strong>1085</strong><br />(+39 for winning)\n|l|\u2606axelpogi13\n|player|p1|\n",
  "uploadtime": 1776574194,
  "views": 9,
  "formatid": "gen9championsvgc2026regma",
  "rating": 1077,
  "private": 0,
  "password": null
}