{
  "id": "gen9championsvgc2026regma-2589552267",
  "format": "[Gen 9 Champions] VGC 2026 Reg M-A",
  "players": [
    "Spoofbit",
    "Asinine_Vgc"
  ],
  "log": "|j|\u2606Spoofbit\n|j|\u2606Asinine_Vgc\n|t:|1776733448\n|gametype|doubles\n|player|p1|Spoofbit|n|1120\n|player|p2|Asinine_Vgc|170|1114\n|gen|9\n|tier|[Gen 9 Champions] VGC 2026 Reg M-A\n|rated|\n|rule|Species Clause: Limit one of each Pok\u00e9mon\n|rule|Item Clause: Limit 1 of each item\n|clearpoke\n|poke|p1|Serperior, L50, F, shiny|\n|poke|p1|Primarina, L50, F|\n|poke|p1|Rotom-Heat, L50|\n|poke|p1|Golurk, L50, shiny|\n|poke|p1|Slowking-Galar, L50, F|\n|poke|p1|Crabominable, L50, M|\n|poke|p2|Incineroar, L50, M|\n|poke|p2|Hydreigon, L50, M|\n|poke|p2|Froslass, L50, F|\n|poke|p2|Sneasler, L50, M|\n|poke|p2|Sinistcha-Masterpiece, L50|\n|poke|p2|Primarina, L50, M|\n|teampreview|4\n|inactive|Battle timer is ON: inactive players will automatically lose when time's up. (requested by Spoofbit)\n|\n|t:|1776733477\n|teamsize|p1|4\n|teamsize|p2|4\n|start\n|switch|p1a: Primarina|Primarina, L50, F|100/100\n|switch|p1b: Slowking|Slowking-Galar, L50, F|100/100\n|switch|p2a: Froslass|Froslass, L50, F|100/100\n|switch|p2b: Incineroar|Incineroar, L50, M|100/100\n|-ability|p2b: Incineroar|Intimidate|boost\n|-unboost|p1a: Primarina|atk|1\n|-unboost|p1b: Slowking|atk|1\n|turn|1\n|l|\u2606Asinine_Vgc\n|inactive|Asinine_Vgc disconnected and has a minute to reconnect!\n|player|p2|\n|j|\u2606Asinine_Vgc\n|inactive|Asinine_Vgc reconnected and has 35 seconds left.\n|player|p2|Asinine_Vgc|170|\n|inactive|Asinine_Vgc has 30 seconds left.\n|inactive|Asinine_Vgc has 20 seconds left.\n|inactive|Asinine_Vgc has 15 seconds left.\n|inactive|Asinine_Vgc has 10 seconds left.\n|\n|t:|1776733524\n|switch|p2b: Sinistcha|Sinistcha-Masterpiece, L50|100/100\n|detailschange|p2a: Froslass|Froslass-Mega, L50, F\n|-mega|p2a: Froslass|Froslass|Froslassite\n|-weather|Snowscape|[from] ability: Snow Warning|[of] p2a: Froslass\n|move|p2a: Froslass|Aurora Veil|p2a: Froslass\n|-sidestart|p2: Asinine_Vgc|move: Aurora Veil\n|move|p1a: Primarina|Hyper Voice|p2a: Froslass|[spread] p2a,p2b\n|-resisted|p2b: Sinistcha|1\n|-damage|p2a: Froslass|68/100\n|-damage|p2b: Sinistcha|87/100\n|move|p1b: Slowking|Trick Room|p1b: Slowking\n|-fieldstart|move: Trick Room|[of] p1b: Slowking\n|\n|-weather|Snowscape|[upkeep]\n|upkeep\n|turn|2\n|inactive|Spoofbit has 30 seconds left.\n|inactive|Spoofbit has 20 seconds left.\n|\n|t:|1776733559\n|switch|p1a: Rotom|Rotom-Heat, L50|100/100\n|switch|p2a: Incineroar|Incineroar, L50, M|100/100\n|-ability|p2a: Incineroar|Intimidate|boost\n|-unboost|p1a: Rotom|atk|1\n|-unboost|p1b: Slowking|atk|1\n|move|p1b: Slowking|Psychic|p2a: Incineroar\n|-immune|p2a: Incineroar\n|move|p2b: Sinistcha|Shadow Ball|p1b: Slowking\n|-supereffective|p1b: Slowking|1\n|-damage|p1b: Slowking|47/100\n|\n|-weather|Snowscape|[upkeep]\n|upkeep\n|turn|3\n|inactive|Spoofbit has 30 seconds left.\n|\n|t:|1776733585\n|move|p2a: Incineroar|Fake Out|p1a: Rotom\n|-damage|p1a: Rotom|84/100\n|move|p1b: Slowking|Sludge Bomb|p2a: Incineroar\n|-damage|p2a: Incineroar|74/100\n|-status|p2a: Incineroar|psn\n|move|p2b: Sinistcha|Shadow Ball|p1b: Slowking\n|-supereffective|p1b: Slowking|1\n|-crit|p1b: Slowking\n|-damage|p1b: Slowking|0 fnt\n|faint|p1b: Slowking\n|cant|p1a: Rotom|flinch\n|\n|-weather|Snowscape|[upkeep]\n|-heal|p1a: Rotom|91/100|[from] item: Leftovers\n|-damage|p2a: Incineroar|62/100 psn|[from] psn\n|upkeep\n|\n|t:|1776733601\n|switch|p1b: Crabominable|Crabominable, L50, M|100/100\n|turn|4\n|\n|t:|1776733623\n|detailschange|p1b: Crabominable|Crabominable-Mega, L50, M\n|-mega|p1b: Crabominable|Crabominable|Crabominite\n|move|p2b: Sinistcha|Rage Powder|p2b: Sinistcha\n|-singleturn|p2b: Sinistcha|move: Rage Powder\n|move|p1b: Crabominable|Ice Hammer|p2b: Sinistcha\n|-supereffective|p2b: Sinistcha|1\n|-damage|p2b: Sinistcha|0 fnt\n|-unboost|p1b: Crabominable|spe|1\n|faint|p2b: Sinistcha\n|move|p2a: Incineroar|Parting Shot|p1b: Crabominable\n|-unboost|p1b: Crabominable|atk|1\n|-unboost|p1b: Crabominable|spa|1\n|\n|t:|1776733639\n|switch|p2a: Sneasler|Sneasler, L50, M|100/100|[from] Parting Shot\n|move|p1a: Rotom|Overheat|p2a: Sneasler|[miss]\n|-miss|p1a: Rotom|p2a: Sneasler\n|\n|-weather|Snowscape|[upkeep]\n|-heal|p1a: Rotom|97/100|[from] item: Leftovers\n|upkeep\n|\n|t:|1776733642\n|switch|p2b: Incineroar|Incineroar, L50, M|62/100 psn\n|-ability|p2b: Incineroar|Intimidate|boost\n|-unboost|p1a: Rotom|atk|1\n|-unboost|p1b: Crabominable|atk|1\n|turn|5\n|\n|t:|1776733666\n|switch|p1b: Primarina|Primarina, L50, F|100/100\n|move|p2a: Sneasler|Fake Out|p1b: Primarina\n|-damage|p1b: Primarina|81/100\n|move|p2b: Incineroar|Flare Blitz|p1b: Primarina\n|-resisted|p1b: Primarina|1\n|-damage|p1b: Primarina|42/100\n|-damage|p2b: Incineroar|51/100 psn|[from] Recoil\n|move|p1a: Rotom|Volt Switch|p2a: Sneasler\n|-damage|p2a: Sneasler|71/100\n|\n|t:|1776733678\n|switch|p1a: Crabominable|Crabominable-Mega, L50, M|100/100|[from] Volt Switch\n|\n|-weather|none\n|-damage|p2b: Incineroar|39/100 psn|[from] psn\n|-sideend|p2: Asinine_Vgc|move: Aurora Veil\n|-fieldend|move: Trick Room\n|upkeep\n|-enditem|p2b: Incineroar|Sitrus Berry|[eat]\n|-heal|p2b: Incineroar|63/100 psn|[from] item: Sitrus Berry\n|turn|6\n|inactive|Spoofbit has 30 seconds left.\n|inactive|Asinine_Vgc has 30 seconds left.\n|inactive|Spoofbit has 20 seconds left.\n|\n|t:|1776733720\n|move|p1b: Primarina|Protect|p1b: Primarina\n|-singleturn|p1b: Primarina|Protect\n|move|p2a: Sneasler|Dire Claw|p1b: Primarina\n|-activate|p1b: Primarina|move: Protect\n|move|p2b: Incineroar|Flare Blitz|p1a: Crabominable\n|-supereffective|p1a: Crabominable|1\n|-damage|p1a: Crabominable|13/100\n|-damage|p2b: Incineroar|38/100 psn|[from] Recoil\n|move|p1a: Crabominable|Ice Hammer|p2a: Sneasler\n|-crit|p2a: Sneasler\n|-damage|p2a: Sneasler|0 fnt\n|-unboost|p1a: Crabominable|spe|1\n|faint|p2a: Sneasler\n|\n|-damage|p2b: Incineroar|26/100 psn|[from] psn\n|upkeep\n|\n|t:|1776733724\n|switch|p2a: Froslass|Froslass-Mega, L50, F|68/100\n|-weather|Snowscape|[from] ability: Snow Warning|[of] p2a: Froslass\n|turn|7\n|\n|t:|1776733744\n|move|p1a: Crabominable|Protect|p1a: Crabominable\n|-singleturn|p1a: Crabominable|Protect\n|move|p2a: Froslass|Aurora Veil|p2a: Froslass\n|-sidestart|p2: Asinine_Vgc|move: Aurora Veil\n|move|p2b: Incineroar|Flare Blitz|p1a: Crabominable\n|-activate|p1a: Crabominable|move: Protect\n|move|p1b: Primarina|Hyper Voice|p2a: Froslass|[spread] p2a,p2b\n|-supereffective|p2b: Incineroar|1\n|-damage|p2a: Froslass|31/100\n|-damage|p2b: Incineroar|0 fnt\n|faint|p2b: Incineroar\n|\n|-weather|Snowscape|[upkeep]\n|upkeep\n|turn|8\n|inactive|Spoofbit has 30 seconds left.\n|\n|t:|1776733773\n|move|p2a: Froslass|Thunderbolt|p1b: Primarina\n|-supereffective|p1b: Primarina|1\n|-damage|p1b: Primarina|0 fnt\n|faint|p1b: Primarina\n|move|p1a: Crabominable|Iron Head|p2a: Froslass\n|-supereffective|p2a: Froslass|1\n|-damage|p2a: Froslass|0 fnt\n|faint|p2a: Froslass\n|\n|win|Spoofbit\n|raw|Spoofbit's rating: 1120 &rarr; <strong>1145</strong><br />(+25 for winning)\n|raw|Asinine_Vgc's rating: 1114 &rarr; <strong>1089</strong><br />(-25 for losing)\n|l|\u2606Asinine_Vgc\n|player|p2|\n",
  "uploadtime": 1776733810,
  "views": 6,
  "formatid": "gen9championsvgc2026regma",
  "rating": 1089,
  "private": 0,
  "password": null
}