{
  "id": "gen9championsvgc2026regma-2587030680",
  "format": "[Gen 9 Champions] VGC 2026 Reg M-A",
  "players": [
    "blackstarmie_br",
    "hashitashimaru"
  ],
  "log": "|j|\u2606blackstarmie_br\n|j|\u2606hashitashimaru\n|t:|1776483099\n|gametype|doubles\n|player|p1|blackstarmie_br|169|1207\n|player|p2|hashitashimaru|drayden|1224\n|gen|9\n|tier|[Gen 9 Champions] VGC 2026 Reg M-A\n|rated|\n|rule|Species Clause: Limit one of each Pok\u00e9mon\n|rule|Item Clause: Limit 1 of each item\n|clearpoke\n|poke|p1|Aegislash, L50, F|\n|poke|p1|Froslass, L50, F|\n|poke|p1|Lycanroc-Dusk, L50, M|\n|poke|p1|Sneasler, L50, F|\n|poke|p1|Aerodactyl, L50, F|\n|poke|p1|Decidueye-Hisui, L50, M|\n|poke|p2|Lopunny, L50, F|\n|poke|p2|Scizor, L50, F|\n|poke|p2|Arcanine-Hisui, L50, M|\n|poke|p2|Whimsicott, L50, F|\n|poke|p2|Gyarados, L50, F|\n|poke|p2|Venusaur, L50, M|\n|teampreview|4\n|inactive|Battle timer is ON: inactive players will automatically lose when time's up. (requested by blackstarmie_br)\n|\n|t:|1776483135\n|teamsize|p1|4\n|teamsize|p2|4\n|start\n|switch|p1a: Aerodactyl|Aerodactyl, L50, F|100/100\n|switch|p1b: Sneasler|Sneasler, L50, F|100/100\n|switch|p2a: Lopunny|Lopunny, L50, F, shiny|100/100\n|switch|p2b: Scizor|Scizor, L50, F|100/100\n|-ability|p1a: Aerodactyl|Unnerve\n|turn|1\n|\n|t:|1776483157\n|detailschange|p2a: Lopunny|Lopunny-Mega, L50, F, shiny\n|-mega|p2a: Lopunny|Lopunny|Lopunnite\n|move|p2a: Lopunny|Fake Out|p1b: Sneasler\n|-damage|p1b: Sneasler|61/100\n|move|p1a: Aerodactyl|Rock Slide|p2b: Scizor|[spread] p2b\n|-miss|p1a: Aerodactyl|p2a: Lopunny\n|-damage|p2b: Scizor|70/100\n|cant|p1b: Sneasler|flinch\n|move|p2b: Scizor|Focus Energy|p2b: Scizor\n|-start|p2b: Scizor|move: Focus Energy\n|\n|upkeep\n|turn|2\n|\n|t:|1776483176\n|switch|p2a: Gyarados|Gyarados, L50, F|100/100\n|-ability|p2a: Gyarados|Intimidate|boost\n|-unboost|p1a: Aerodactyl|atk|1\n|-unboost|p1b: Sneasler|atk|1\n|-enditem|p1b: Sneasler|White Herb\n|-clearnegativeboost|p1b: Sneasler|[silent]\n|move|p1b: Sneasler|Protect|p1b: Sneasler\n|-singleturn|p1b: Sneasler|Protect\n|move|p2b: Scizor|Bullet Punch|p1a: Aerodactyl\n|-supereffective|p1a: Aerodactyl|1\n|-crit|p1a: Aerodactyl\n|-enditem|p1a: Aerodactyl|Focus Sash\n|-damage|p1a: Aerodactyl|1/100\n|move|p1a: Aerodactyl|Tailwind|p1a: Aerodactyl\n|-sidestart|p1: blackstarmie_br|move: Tailwind\n|\n|upkeep\n|turn|3\n|inactive|hashitashimaru has 30 seconds left.\n|\n|t:|1776483206\n|move|p2b: Scizor|Bullet Punch|p1a: Aerodactyl\n|-supereffective|p1a: Aerodactyl|1\n|-crit|p1a: Aerodactyl\n|-damage|p1a: Aerodactyl|0 fnt\n|faint|p1a: Aerodactyl\n|move|p1b: Sneasler|Close Combat|p2b: Scizor\n|-damage|p2b: Scizor|0 fnt\n|-unboost|p1b: Sneasler|def|1\n|-unboost|p1b: Sneasler|spd|1\n|faint|p2b: Scizor\n|move|p2a: Gyarados|Dragon Dance|p2a: Gyarados\n|-boost|p2a: Gyarados|atk|1\n|-boost|p2a: Gyarados|spe|1\n|\n|upkeep\n|\n|t:|1776483220\n|switch|p1a: Froslass|Froslass, L50, F|100/100\n|switch|p2b: Lopunny|Lopunny-Mega, L50, F, shiny|100/100\n|turn|4\n|\n|t:|1776483236\n|move|p1a: Froslass|Protect|p1a: Froslass\n|-singleturn|p1a: Froslass|Protect\n|move|p2b: Lopunny|Fake Out|p1a: Froslass\n|-activate|p1a: Froslass|move: Protect\n|move|p1b: Sneasler|Close Combat|p2b: Lopunny\n|-supereffective|p2b: Lopunny|1\n|-damage|p2b: Lopunny|0 fnt\n|-unboost|p1b: Sneasler|def|1\n|-unboost|p1b: Sneasler|spd|1\n|faint|p2b: Lopunny\n|move|p2a: Gyarados|Waterfall|p1b: Sneasler\n|-damage|p1b: Sneasler|0 fnt\n|faint|p1b: Sneasler\n|\n|upkeep\n|\n|t:|1776483252\n|switch|p2b: Whimsicott|Whimsicott, L50, F, shiny|100/100\n|switch|p1b: Decidueye|Decidueye-Hisui, L50, M|100/100\n|turn|5\n|inactive|hashitashimaru has 30 seconds left.\n|inactive|hashitashimaru has 20 seconds left.\n|\n|t:|1776483287\n|detailschange|p1a: Froslass|Froslass-Mega, L50, F\n|-mega|p1a: Froslass|Froslass|Froslassite\n|-weather|Snowscape|[from] ability: Snow Warning|[of] p1a: Froslass\n|move|p2b: Whimsicott|Encore|p1a: Froslass\n|-start|p1a: Froslass|Encore\n|move|p1a: Froslass|Protect||[still]\n|-fail|p1a: Froslass\n|move|p1b: Decidueye|Leaf Blade|p2a: Gyarados\n|-damage|p2a: Gyarados|43/100\n|move|p2a: Gyarados|Waterfall|p1a: Froslass\n|-damage|p1a: Froslass|40/100\n|\n|-weather|Snowscape|[upkeep]\n|-sideend|p1: blackstarmie_br|move: Tailwind\n|upkeep\n|turn|6\n|-message|blackstarmie_br forfeited.\n|\n|win|hashitashimaru\n|raw|blackstarmie_br's rating: 1207 &rarr; <strong>1183</strong><br />(-24 for losing)\n|raw|hashitashimaru's rating: 1224 &rarr; <strong>1248</strong><br />(+24 for winning)\n|l|\u2606blackstarmie_br\n|player|p1|\n",
  "uploadtime": 1776483305,
  "views": 16,
  "formatid": "gen9championsvgc2026regma",
  "rating": 1183,
  "private": 0,
  "password": null
}