{
  "id": "gen9championsvgc2026regma-2582155245",
  "format": "[Gen 9 Champions] VGC 2026 Reg M-A",
  "players": [
    "OroRosaXIV",
    "mtheiaf"
  ],
  "log": "|j|\u2606OroRosaXIV\n|j|\u2606mtheiaf\n|t:|1776065087\n|gametype|doubles\n|player|p1|OroRosaXIV|cynthia|\n|player|p2|mtheiaf|psychicf-gen4|\n|gen|9\n|tier|[Gen 9 Champions] VGC 2026 Reg M-A\n|rule|Species Clause: Limit one of each Pok\u00e9mon\n|rule|Item Clause: Limit 1 of each item\n|clearpoke\n|poke|p1|Aerodactyl, L50, F|\n|poke|p1|Sinistcha, L50|\n|poke|p1|Ninetales-Alola, L50, M|\n|poke|p1|Glaceon, L50, F|\n|poke|p1|Greninja-*, L50, F|\n|poke|p1|Sneasler, L50, M|\n|poke|p2|Charizard, L50, M|\n|poke|p2|Venusaur, L50, F|\n|poke|p2|Sneasler, L50, F|\n|poke|p2|Tinkaton, L50, F|\n|poke|p2|Ditto, L50|\n|poke|p2|Kingambit, L50, M|\n|teampreview|4\nmtheiaf has agreed to open team sheets.\n|\n|t:|1776065133\n|teamsize|p1|4\n|teamsize|p2|4\n|start\n|switch|p1a: Aerodactyl|Aerodactyl, L50, F|100/100\n|switch|p1b: Sneasler|Sneasler, L50, M|100/100\n|switch|p2a: Charizard|Charizard, L50, M|100/100\n|switch|p2b: Sneasler|Sneasler, L50, F|100/100\n|-ability|p1b: Sneasler|Pressure\n|turn|1\n|\n|t:|1776065153\n|switch|p2a: Venusaur|Venusaur, L50, F|100/100\n|move|p1a: Aerodactyl|Protect|p1a: Aerodactyl\n|-singleturn|p1a: Aerodactyl|Protect\n|move|p1b: Sneasler|Protect|p1b: Sneasler\n|-singleturn|p1b: Sneasler|Protect\n|move|p2b: Sneasler|Fake Out|p1a: Aerodactyl\n|-activate|p1a: Aerodactyl|move: Protect\n|\n|upkeep\n|turn|2\n|j| tearamizuu\n|\n|t:|1776065182\n|detailschange|p1a: Aerodactyl|Aerodactyl-Mega, L50, F\n|-mega|p1a: Aerodactyl|Aerodactyl|Aerodactylite\n|move|p2a: Venusaur|Protect|p2a: Venusaur\n|-singleturn|p2a: Venusaur|Protect\n|move|p1a: Aerodactyl|Earthquake|p2a: Venusaur|[spread] p1b,p2b\n|-activate|p2a: Venusaur|move: Protect\n|-supereffective|p1b: Sneasler|1\n|-supereffective|p2b: Sneasler|1\n|-damage|p1b: Sneasler|8/100\n|-damage|p2b: Sneasler|18/100\n|move|p1b: Sneasler|Dire Claw|p2a: Venusaur\n|-activate|p2a: Venusaur|move: Protect\n|move|p2b: Sneasler|Night Slash|p1a: Aerodactyl\n|-damage|p1a: Aerodactyl|68/100\n|\n|upkeep\n|turn|3\n|c|\u2606mtheiaf|no item sneasler?\n|\n|t:|1776065221\n|switch|p2b: Ditto|Ditto, L50|100/100\n|-transform|p2b: Ditto|p1a: Aerodactyl|[from] ability: Imposter\n|switch|p2a: Charizard|Charizard, L50, M|100/100\n|move|p1a: Aerodactyl|Rock Slide|p2a: Charizard|[spread] p2a,p2b\n|-supereffective|p2a: Charizard|2\n|-supereffective|p2b: Ditto|1\n|-damage|p2a: Charizard|0 fnt\n|-damage|p2b: Ditto|18/100\n|faint|p2a: Charizard\n|move|p1b: Sneasler|Dire Claw|p2b: Ditto\n|-resisted|p2b: Ditto|1\n|-damage|p2b: Ditto|0 fnt\n|faint|p2b: Ditto\n|\n|upkeep\n|\n|t:|1776065231\n|switch|p2a: Venusaur|Venusaur, L50, F|100/100\n|switch|p2b: Sneasler|Sneasler, L50, F|18/100\n|turn|4\n|c|\u2606OroRosaXIV|Was that the craziest read of all time\n|c|\u2606mtheiaf|i guess bro\n|c|\u2606OroRosaXIV|Or what\n|\n|t:|1776065259\n|move|p1a: Aerodactyl|Earthquake|p2a: Venusaur|[spread] p1b,p2a,p2b\n|-supereffective|p1b: Sneasler|1\n|-supereffective|p2b: Sneasler|1\n|-damage|p1b: Sneasler|0 fnt\n|-damage|p2a: Venusaur|67/100\n|-damage|p2b: Sneasler|0 fnt\n|faint|p1b: Sneasler\n|faint|p2b: Sneasler\n|move|p2a: Venusaur|Sleep Powder|p1a: Aerodactyl\n|-status|p1a: Aerodactyl|slp|[from] move: Sleep Powder\n|\n|-heal|p2a: Venusaur|73/100|[from] item: Leftovers\n|upkeep\n|\n|t:|1776065265\n|switch|p1b: Ninetales|Ninetales-Alola, L50, M|100/100\n|-weather|Snowscape|[from] ability: Snow Warning|[of] p1b: Ninetales\n|turn|5\n|\n|t:|1776065277\n|cant|p1a: Aerodactyl|slp\n|move|p1b: Ninetales|Blizzard|p2a: Venusaur\n|-supereffective|p2a: Venusaur|1\n|-damage|p2a: Venusaur|0 fnt\n|faint|p2a: Venusaur\n|\n|win|OroRosaXIV\n|c|\u2606mtheiaf|gg\n|l|\u2606mtheiaf\n|player|p2|\n|c|\u2606OroRosaXIV|Gg\n",
  "uploadtime": 1776065304,
  "views": 13,
  "formatid": "gen9championsvgc2026regma",
  "rating": null,
  "private": 0,
  "password": null
}