{
  "id": "gen9championsvgc2026regma-2588784979",
  "format": "[Gen 9 Champions] VGC 2026 Reg M-A",
  "players": [
    "Cloudys",
    "mizutiga"
  ],
  "log": "|j|\u2606Cloudys\n|j|\u2606mizutiga\n|t:|1776670469\n|gametype|doubles\n|player|p1|Cloudys|bruno|1169\n|player|p2|mizutiga|266|1095\n|gen|9\n|tier|[Gen 9 Champions] VGC 2026 Reg M-A\n|rated|\n|rule|Species Clause: Limit one of each Pok\u00e9mon\n|rule|Item Clause: Limit 1 of each item\n|clearpoke\n|poke|p1|Ampharos, L50, M|\n|poke|p1|Incineroar, L50, M|\n|poke|p1|Sinistcha, L50|\n|poke|p1|Klefki, L50, M|\n|poke|p1|Camerupt, L50, F|\n|poke|p1|Maushold-Four, L50|\n|poke|p2|Serperior, L50, M, shiny|\n|poke|p2|Incineroar, L50, M|\n|poke|p2|Tauros-Paldea-Aqua, L50, M|\n|poke|p2|Pelipper, L50, F|\n|poke|p2|Dragonite, L50, M|\n|poke|p2|Milotic, L50, M|\n|teampreview|4\n|inactive|Battle timer is ON: inactive players will automatically lose when time's up. (requested by Cloudys)\n|\n|t:|1776670498\n|teamsize|p1|4\n|teamsize|p2|4\n|start\n|switch|p1a: Klefki|Klefki, L50, M|100/100\n|switch|p1b: Incineroar|Incineroar, L50, M|100/100\n|switch|p2a: Milotic|Milotic, L50, M|100/100\n|switch|p2b: Serperior|Serperior, L50, M, shiny|100/100\n|-ability|p1b: Incineroar|Intimidate|boost\n|-unboost|p2a: Milotic|atk|1\n|-ability|p2a: Milotic|Competitive|boost\n|-boost|p2a: Milotic|spa|2\n|-boost|p2b: Serperior|atk|1\n|turn|1\n|inactive|mizutiga has 30 seconds left.\n|\n|t:|1776670529\n|move|p2b: Serperior|Leech Seed|p1a: Klefki\n|-start|p1a: Klefki|move: Leech Seed\n|move|p2a: Milotic|Muddy Water|p1a: Klefki|[spread] p1b\n|-miss|p2a: Milotic|p1a: Klefki\n|-supereffective|p1b: Incineroar|1\n|-damage|p1b: Incineroar|8/100\n|move|p1b: Incineroar|Flare Blitz|p2b: Serperior\n|-supereffective|p2b: Serperior|1\n|-damage|p2b: Serperior|0 fnt\n|faint|p2b: Serperior\n|-damage|p1b: Incineroar|0 fnt|[from] Recoil\n|faint|p1b: Incineroar\n|move|p1a: Klefki|Trick Room|p1a: Klefki\n|-fieldstart|move: Trick Room|[of] p1a: Klefki\n|\n|upkeep\n|\n|t:|1776670541\n|switch|p1b: Camerupt|Camerupt, L50, F|100/100\n|switch|p2b: Pelipper|Pelipper, L50, F|100/100\n|-weather|RainDance|[from] ability: Drizzle|[of] p2b: Pelipper\n|turn|2\n|inactive|mizutiga has 30 seconds left.\n|\n|t:|1776670568\n|detailschange|p1b: Camerupt|Camerupt-Mega, L50, F\n|-mega|p1b: Camerupt|Camerupt|Cameruptite\n|move|p1a: Klefki|Sunny Day|p1a: Klefki\n|-weather|SunnyDay\n|move|p1b: Camerupt|Earth Power|p2a: Milotic\n|-damage|p2a: Milotic|51/100\n|move|p2b: Pelipper|Weather Ball|p1a: Klefki\n|-supereffective|p1a: Klefki|1\n|-damage|p1a: Klefki|33/100\n|move|p2a: Milotic|Muddy Water|p1b: Camerupt|[spread] p1a,p1b\n|-supereffective|p1b: Camerupt|2\n|-damage|p1a: Klefki|10/100\n|-damage|p1b: Camerupt|19/100\n|-unboost|p1a: Klefki|accuracy|1\n|\n|-weather|SunnyDay|[upkeep]\n|-heal|p2a: Milotic|57/100|[from] item: Leftovers\n|-damage|p1a: Klefki|0 fnt|[from] Leech Seed|[of] p2b: Pelipper\n|faint|p1a: Klefki\n|upkeep\n|\n|t:|1776670580\n|switch|p1a: Sinistcha|Sinistcha, L50|100/100\n|-heal|p1b: Camerupt|44/100|[from] ability: Hospitality|[of] p1a: Sinistcha\n|turn|3\n|inactive|mizutiga has 30 seconds left.\n|\n|t:|1776670614\n|move|p1b: Camerupt|Ancient Power|p2a: Milotic\n|-damage|p2a: Milotic|32/100\n|move|p1a: Sinistcha|Matcha Gotcha|p2a: Milotic|[spread] p2a,p2b\n|-supereffective|p2a: Milotic|1\n|-damage|p2a: Milotic|0 fnt\n|-damage|p2b: Pelipper|64/100\n|faint|p2a: Milotic\n|move|p2b: Pelipper|Weather Ball|p1a: Sinistcha\n|-supereffective|p1a: Sinistcha|1\n|-damage|p1a: Sinistcha|31/100\n|-enditem|p1a: Sinistcha|Sitrus Berry|[eat]\n|-heal|p1a: Sinistcha|56/100|[from] item: Sitrus Berry\n|\n|-weather|SunnyDay|[upkeep]\n|upkeep\n|\n|t:|1776670625\n|switch|p2a: Dragonite|Dragonite, L50, M|100/100\n|turn|4\n|\n|t:|1776670647\n|detailschange|p2a: Dragonite|Dragonite-Mega, L50, M\n|-mega|p2a: Dragonite|Dragonite|Dragoninite\n|move|p2a: Dragonite|Protect|p2a: Dragonite\n|-singleturn|p2a: Dragonite|Protect\n|move|p1b: Camerupt|Ancient Power|p2b: Pelipper\n|-supereffective|p2b: Pelipper|1\n|-damage|p2b: Pelipper|0 fnt\n|faint|p2b: Pelipper\n|move|p1a: Sinistcha|Life Dew|p1a: Sinistcha|[spread] p1a,p1b\n|-heal|p1a: Sinistcha|81/100\n|-heal|p1b: Camerupt|69/100\n|\n|-weather|SunnyDay|[upkeep]\n|upkeep\n|turn|5\n|\n|t:|1776670665\n|move|p1b: Camerupt|Ancient Power|p2a: Dragonite\n|-supereffective|p2a: Dragonite|1\n|-damage|p2a: Dragonite|76/100\n|move|p1a: Sinistcha|Shadow Ball|p2a: Dragonite\n|-damage|p2a: Dragonite|52/100\n|move|p2a: Dragonite|Draco Meteor|p1b: Camerupt\n|-damage|p1b: Camerupt|8/100\n|-unboost|p2a: Dragonite|spa|2\n|\n|-weather|SunnyDay|[upkeep]\n|-fieldend|move: Trick Room\n|upkeep\n|turn|6\n|\n|t:|1776670678\n|move|p1b: Camerupt|Protect|p1b: Camerupt\n|-singleturn|p1b: Camerupt|Protect\n|move|p2a: Dragonite|Draco Meteor|p1b: Camerupt\n|-activate|p1b: Camerupt|move: Protect\n|move|p1a: Sinistcha|Shadow Ball|p2a: Dragonite\n|-damage|p2a: Dragonite|25/100\n|\n|-weather|none\n|upkeep\n|turn|7\n|\n|t:|1776670687\n|move|p2a: Dragonite|Draco Meteor|p1b: Camerupt\n|-damage|p1b: Camerupt|0 fnt\n|-unboost|p2a: Dragonite|spa|2\n|faint|p1b: Camerupt\n|move|p1a: Sinistcha|Shadow Ball|p2a: Dragonite\n|-damage|p2a: Dragonite|1/100\n|\n|upkeep\n|turn|8\n|\n|t:|1776670691\n|move|p2a: Dragonite|Draco Meteor|p1a: Sinistcha\n|-damage|p1a: Sinistcha|56/100\n|-unboost|p2a: Dragonite|spa|2\n|move|p1a: Sinistcha|Shadow Ball|p2a: Dragonite\n|-damage|p2a: Dragonite|0 fnt\n|faint|p2a: Dragonite\n|\n|win|Cloudys\n|raw|Cloudys's rating: 1169 &rarr; <strong>1189</strong><br />(+20 for winning)\n|raw|mizutiga's rating: 1095 &rarr; <strong>1076</strong><br />(-19 for losing)\n",
  "uploadtime": 1776670694,
  "views": 12,
  "formatid": "gen9championsvgc2026regma",
  "rating": 1076,
  "private": 0,
  "password": null
}