{
  "id": "gen9championsvgc2026regma-2581287624",
  "format": "[Gen 9 Champions] VGC 2026 Reg M-A",
  "players": [
    "kingler86",
    "tastyfloop"
  ],
  "log": "|j|\u2606kingler86\n|j|\u2606tastyfloop\n|t:|1775981669\n|gametype|doubles\n|player|p1|kingler86|169|1259\n|player|p2|tastyfloop|265|1253\n|gen|9\n|tier|[Gen 9 Champions] VGC 2026 Reg M-A\n|rated|\n|rule|Species Clause: Limit one of each Pok\u00e9mon\n|rule|Item Clause: Limit 1 of each item\n|clearpoke\n|poke|p1|Charizard, L50, F|\n|poke|p1|Whimsicott, L50, F|\n|poke|p1|Garchomp, L50, M|\n|poke|p1|Farigiraf, L50, F|\n|poke|p1|Sneasler, L50, M|\n|poke|p1|Incineroar, L50, M|\n|poke|p2|Basculegion, L50, M|\n|poke|p2|Archaludon, L50, M|\n|poke|p2|Sinistcha, L50|\n|poke|p2|Pelipper, L50, F|\n|poke|p2|Gengar, L50, M|\n|poke|p2|Sneasler, L50, M|\n|teampreview|4\n|j| gE1xjZRtuhW2DdT0AK\n|inactive|Battle timer is ON: inactive players will automatically lose when time's up. (requested by kingler86)\n|inactive|kingler86 has 60 seconds left.\n|\n|t:|1775981732\n|teamsize|p1|4\n|teamsize|p2|4\n|start\n|switch|p1a: Charizard|Charizard, L50, F, shiny|100/100\n|switch|p1b: Whimsicott|Whimsicott, L50, F, shiny|100/100\n|switch|p2a: Sneasler|Sneasler, L50, M|100/100\n|switch|p2b: Gengar|Gengar, L50, M|100/100\n|turn|1\n|inactive|kingler86 has 30 seconds left.\n|inactive|tastyfloop has 30 seconds left.\n|inactive|tastyfloop has 20 seconds left.\n|inactive|tastyfloop has 15 seconds left.\n|\n|t:|1775981774\n|switch|p1a: Garchomp|Garchomp, L50, M, shiny|100/100\n|detailschange|p2b: Gengar|Gengar-Mega, L50, M\n|-mega|p2b: Gengar|Gengar|Gengarite\n|move|p2b: Gengar|Protect|p2b: Gengar\n|-singleturn|p2b: Gengar|Protect\n|move|p1b: Whimsicott|Tailwind|p1b: Whimsicott\n|-sidestart|p1: kingler86|move: Tailwind\n|move|p2a: Sneasler|Dire Claw|p1b: Whimsicott\n|-supereffective|p1b: Whimsicott|2\n|-enditem|p1b: Whimsicott|Focus Sash\n|-damage|p1b: Whimsicott|1/100\n|-status|p1b: Whimsicott|psn\n|\n|-damage|p1b: Whimsicott|0 fnt|[from] psn\n|faint|p1b: Whimsicott\n|upkeep\n|\n|t:|1775981789\n|switch|p1b: Charizard|Charizard, L50, F, shiny|100/100\n|turn|2\n|inactive|tastyfloop has 30 seconds left.\n|\n|t:|1775981816\n|switch|p2b: Archaludon|Archaludon, L50, M|100/100\n|detailschange|p1b: Charizard|Charizard-Mega-Y, L50, F, shiny\n|-mega|p1b: Charizard|Charizard|Charizardite Y\n|-weather|SunnyDay|[from] ability: Drought|[of] p1b: Charizard\n|move|p2a: Sneasler|Protect|p2a: Sneasler\n|-singleturn|p2a: Sneasler|Protect\n|move|p1a: Garchomp|Earthquake|p2a: Sneasler|[spread] p2b\n|-activate|p2a: Sneasler|move: Protect\n|-immune|p1b: Charizard\n|-supereffective|p2b: Archaludon|1\n|-damage|p2b: Archaludon|38/100\n|move|p1b: Charizard|Heat Wave|p2a: Sneasler|[spread] p2b\n|-activate|p2a: Sneasler|move: Protect\n|-damage|p2b: Archaludon|0 fnt\n|faint|p2b: Archaludon\n|\n|-weather|SunnyDay|[upkeep]\n|upkeep\n|\n|t:|1775981833\n|switch|p2b: Pelipper|Pelipper, L50, F|100/100\n|-weather|RainDance|[from] ability: Drizzle|[of] p2b: Pelipper\n|turn|3\n|inactive|kingler86 has 30 seconds left.\n|\n|t:|1775981861\n|switch|p1a: Incineroar|Incineroar, L50, M, shiny|100/100\n|-ability|p1a: Incineroar|Intimidate|boost\n|-unboost|p2a: Sneasler|atk|1\n|-unboost|p2b: Pelipper|atk|1\n|-enditem|p2a: Sneasler|White Herb\n|-clearnegativeboost|p2a: Sneasler|[silent]\n|move|p2a: Sneasler|Close Combat|p1a: Incineroar\n|-supereffective|p1a: Incineroar|1\n|-damage|p1a: Incineroar|0 fnt\n|-unboost|p2a: Sneasler|def|1\n|-unboost|p2a: Sneasler|spd|1\n|faint|p1a: Incineroar\n|move|p1b: Charizard|Air Slash|p2a: Sneasler\n|-supereffective|p2a: Sneasler|1\n|-damage|p2a: Sneasler|0 fnt\n|faint|p2a: Sneasler\n|move|p2b: Pelipper|Tailwind|p2b: Pelipper\n|-sidestart|p2: tastyfloop|move: Tailwind\n|\n|-weather|RainDance|[upkeep]\n|upkeep\n|\n|t:|1775981882\n|switch|p2a: Gengar|Gengar-Mega, L50, M|100/100\n|switch|p1a: Garchomp|Garchomp, L50, M, shiny|100/100\n|turn|4\n|inactive|kingler86 has 30 seconds left.\n|\n|t:|1775981913\n|move|p2b: Pelipper|Wide Guard|p2b: Pelipper\n|-singleturn|p2b: Pelipper|Wide Guard\n|move|p1a: Garchomp|Earthquake|p2a: Gengar|[spread] \n|-activate|p2a: Gengar|move: Wide Guard\n|-activate|p2b: Pelipper|move: Wide Guard\n|-immune|p1b: Charizard\n|move|p2a: Gengar|Sludge Bomb|p1b: Charizard\n|-crit|p1b: Charizard\n|-damage|p1b: Charizard|15/100\n|move|p1b: Charizard|Air Slash|p2b: Pelipper\n|-damage|p2b: Pelipper|12/100\n|\n|-weather|RainDance|[upkeep]\n|-sideend|p1: kingler86|move: Tailwind\n|upkeep\n|turn|5\n|\n|t:|1775981937\n|move|p1b: Charizard|Protect|p1b: Charizard\n|-singleturn|p1b: Charizard|Protect\n|move|p2a: Gengar|Shadow Ball|p1a: Garchomp\n|-damage|p1a: Garchomp|53/100\n|move|p2b: Pelipper|Hurricane|p1b: Charizard\n|-activate|p1b: Charizard|move: Protect\n|move|p1a: Garchomp|Earthquake|p2a: Gengar|[spread] p2a\n|-activate|p1b: Charizard|move: Protect\n|-immune|p2b: Pelipper\n|-supereffective|p2a: Gengar|1\n|-damage|p2a: Gengar|0 fnt\n|faint|p2a: Gengar\n|\n|-weather|RainDance|[upkeep]\n|upkeep\n|turn|6\n|c|\u2606tastyfloop|gg\n|inactive|kingler86 has 30 seconds left.\n|\n|t:|1775981966\n|move|p2b: Pelipper|Hurricane|p1b: Charizard\n|-damage|p1b: Charizard|0 fnt\n|faint|p1b: Charizard\n|move|p1a: Garchomp|Earthquake|p2b: Pelipper\n|-immune|p2b: Pelipper\n|\n|-weather|RainDance|[upkeep]\n|-sideend|p2: tastyfloop|move: Tailwind\n|upkeep\n|turn|7\n|-message|kingler86 forfeited.\n|\n|win|tastyfloop\n|raw|kingler86's rating: 1259 &rarr; <strong>1234</strong><br />(-25 for losing)\n|raw|tastyfloop's rating: 1253 &rarr; <strong>1278</strong><br />(+25 for winning)\n|l|\u2606kingler86\n|player|p1|\n",
  "uploadtime": 1775981984,
  "views": 23,
  "formatid": "gen9championsvgc2026regma",
  "rating": 1234,
  "private": 0,
  "password": null
}