{
  "id": "gen9championsvgc2026regma-2581362848",
  "format": "[Gen 9 Champions] VGC 2026 Reg M-A",
  "players": [
    "soulo333",
    "muri132435"
  ],
  "log": "|j|\u2606soulo333\n|j|\u2606muri132435\n|t:|1775991883\n|gametype|doubles\n|player|p1|soulo333|2|1000\n|player|p2|muri132435|265|1082\n|gen|9\n|tier|[Gen 9 Champions] VGC 2026 Reg M-A\n|rated|\n|rule|Species Clause: Limit one of each Pok\u00e9mon\n|rule|Item Clause: Limit 1 of each item\n|clearpoke\n|poke|p1|Charizard, L50, M|\n|poke|p1|Kingambit, L50, F|\n|poke|p1|Rotom-Wash, L50|\n|poke|p1|Sinistcha, L50|\n|poke|p1|Ninetales-Alola, L50, M|\n|poke|p1|Sneasler, L50, F|\n|poke|p2|Charizard, L50, M|\n|poke|p2|Whimsicott, L50, F|\n|poke|p2|Incineroar, L50, F|\n|poke|p2|Garchomp, L50, M|\n|poke|p2|Sneasler, L50, M|\n|poke|p2|Rotom-Wash, L50|\n|teampreview|4\n|\n|t:|1775991898\n|teamsize|p1|4\n|teamsize|p2|4\n|start\n|switch|p1a: Kingambit|Kingambit, L50, F|100/100\n|switch|p1b: Rotom|Rotom-Wash, L50|100/100\n|switch|p2a: Charizard|Charizard, L50, M|100/100\n|switch|p2b: Garchomp|Garchomp, L50, M|100/100\n|turn|1\n|\n|t:|1775991931\n|detailschange|p2a: Charizard|Charizard-Mega-Y, L50, M\n|-mega|p2a: Charizard|Charizard|Charizardite Y\n|-weather|SunnyDay|[from] ability: Drought|[of] p2a: Charizard\n|move|p1a: Kingambit|Protect|p1a: Kingambit\n|-singleturn|p1a: Kingambit|Protect\n|move|p2b: Garchomp|Earthquake|p1b: Rotom|[spread] \n|-activate|p1a: Kingambit|move: Protect\n|-immune|p2a: Charizard\n|-immune|p1b: Rotom|[from] ability: Levitate\n|move|p2a: Charizard|Heat Wave|p1b: Rotom|[spread] p1b\n|-activate|p1a: Kingambit|move: Protect\n|-resisted|p1b: Rotom|1\n|-damage|p1b: Rotom|72/100\n|move|p1b: Rotom|Volt Switch|p2a: Charizard\n|-supereffective|p2a: Charizard|1\n|-damage|p2a: Charizard|46/100\n|\n|t:|1775991949\n|switch|p1b: Ninetales|Ninetales-Alola, L50, M|100/100|[from] Volt Switch\n|-weather|Snowscape|[from] ability: Snow Warning|[of] p1b: Ninetales\n|\n|-weather|Snowscape|[upkeep]\n|upkeep\n|turn|2\n|\n|t:|1775991966\n|move|p2b: Garchomp|Earthquake|p1a: Kingambit|[spread] p1a,p1b\n|-immune|p2a: Charizard\n|-supereffective|p1a: Kingambit|1\n|-damage|p1a: Kingambit|41/100\n|-damage|p1b: Ninetales|58/100\n|move|p1b: Ninetales|Aurora Veil|p1b: Ninetales\n|-sidestart|p1: soulo333|move: Aurora Veil\n|move|p2a: Charizard|Heat Wave|p1b: Ninetales|[spread] p1a,p1b\n|-supereffective|p1a: Kingambit|1\n|-supereffective|p1b: Ninetales|1\n|-damage|p1a: Kingambit|0 fnt\n|-damage|p1b: Ninetales|0 fnt\n|faint|p1a: Kingambit\n|faint|p1b: Ninetales\n|\n|-weather|Snowscape|[upkeep]\n|upkeep\n|\n|t:|1775991973\n|switch|p1b: Charizard|Charizard, L50, M|100/100\n|switch|p1a: Rotom|Rotom-Wash, L50|72/100\n|turn|3\n|\n|t:|1775991992\n|switch|p2b: Rotom|Rotom-Wash, L50|100/100\n|move|p1b: Charizard|Dragon Dance|p1b: Charizard\n|-boost|p1b: Charizard|atk|1\n|-boost|p1b: Charizard|spe|1\n|move|p2a: Charizard|Solar Beam||[still]\n|-prepare|p2a: Charizard|Solar Beam\n|move|p1a: Rotom|Will-O-Wisp|p2b: Rotom\n|-status|p2b: Rotom|brn\n|\n|-weather|Snowscape|[upkeep]\n|-damage|p2b: Rotom|95/100 brn|[from] brn\n|upkeep\n|turn|4\n|\n|t:|1775992029\n|detailschange|p1b: Charizard|Charizard-Mega-X, L50, M\n|-mega|p1b: Charizard|Charizard|Charizardite X\n|move|p1b: Charizard|Dragon Claw|p2a: Charizard\n|-damage|p2a: Charizard|0 fnt\n|faint|p2a: Charizard\n|move|p2b: Rotom|Volt Switch|p1b: Charizard\n|-resisted|p1b: Charizard|1\n|-damage|p1b: Charizard|89/100\n|\n|t:|1775992039\n|switch|p2b: Garchomp|Garchomp, L50, M|100/100|[from] Volt Switch\n|move|p1a: Rotom|Thunderbolt|p2b: Garchomp\n|-immune|p2b: Garchomp\n|\n|-weather|Snowscape|[upkeep]\n|upkeep\n|\n|t:|1775992048\n|switch|p2a: Sneasler|Sneasler, L50, M|100/100\n|turn|5\n|\n|t:|1775992060\n|move|p1b: Charizard|Protect|p1b: Charizard\n|-singleturn|p1b: Charizard|Protect\n|move|p2a: Sneasler|Protect|p2a: Sneasler\n|-singleturn|p2a: Sneasler|Protect\n|move|p2b: Garchomp|Earthquake|p1b: Charizard|[spread] \n|-activate|p2a: Sneasler|move: Protect\n|-activate|p1b: Charizard|move: Protect\n|-immune|p1a: Rotom|[from] ability: Levitate\n|move|p1a: Rotom|Will-O-Wisp|p2b: Garchomp\n|-status|p2b: Garchomp|brn\n|\n|-weather|none\n|-damage|p2b: Garchomp|95/100 brn|[from] brn\n|upkeep\n|turn|6\n|\n|t:|1775992086\n|switch|p2a: Rotom|Rotom-Wash, L50|95/100 brn\n|move|p2b: Garchomp|Earthquake|p1a: Rotom|[spread] p1b\n|-immune|p2a: Rotom|[from] ability: Levitate\n|-immune|p1a: Rotom|[from] ability: Levitate\n|-supereffective|p1b: Charizard|1\n|-damage|p1b: Charizard|68/100\n|move|p1b: Charizard|Dragon Claw|p2a: Rotom\n|-damage|p2a: Rotom|20/100 brn\n|move|p1a: Rotom|Hydro Pump|p2b: Garchomp\n|-damage|p2b: Garchomp|49/100 brn\n|\n|-heal|p2a: Rotom|25/100 brn|[from] item: Leftovers\n|-damage|p2b: Garchomp|43/100 brn|[from] brn\n|-damage|p2a: Rotom|20/100 brn|[from] brn\n|-sideend|p1: soulo333|move: Aurora Veil\n|upkeep\n|turn|7\n|\n|t:|1775992111\n|move|p2b: Garchomp|Earthquake|p1a: Rotom|[spread] p1b\n|-immune|p2a: Rotom|[from] ability: Levitate\n|-immune|p1a: Rotom|[from] ability: Levitate\n|-supereffective|p1b: Charizard|1\n|-damage|p1b: Charizard|38/100\n|move|p1b: Charizard|Dragon Claw|p2b: Garchomp\n|-supereffective|p2b: Garchomp|1\n|-damage|p2b: Garchomp|0 fnt\n|-damage|p1b: Charizard|26/100|[from] ability: Rough Skin|[of] p2b: Garchomp\n|faint|p2b: Garchomp\n|move|p2a: Rotom|Hydro Pump|p1b: Charizard\n|-damage|p1b: Charizard|0 fnt\n|faint|p1b: Charizard\n|move|p1a: Rotom|Thunderbolt|p2a: Rotom\n|-damage|p2a: Rotom|0 fnt\n|faint|p2a: Rotom\n|\n|upkeep\n|\n|t:|1775992136\n|switch|p2b: Sneasler|Sneasler, L50, M|100/100\n|turn|8\n|\n|t:|1775992152\n|move|p2b: Sneasler|Fake Out|p1a: Rotom\n|-damage|p1a: Rotom|58/100\n|cant|p1a: Rotom|flinch\n|\n|upkeep\n|turn|9\n|\n|t:|1775992159\n|move|p2b: Sneasler|Close Combat|p1a: Rotom\n|-damage|p1a: Rotom|0 fnt\n|-unboost|p2b: Sneasler|def|1\n|-unboost|p2b: Sneasler|spd|1\n|faint|p1a: Rotom\n|\n|win|muri132435\n|raw|soulo333's rating: 1000 &rarr; <strong>1000</strong><br />(+0 for losing)\n|raw|muri132435's rating: 1082 &rarr; <strong>1103</strong><br />(+21 for winning)\n",
  "uploadtime": 1775992160,
  "views": 22,
  "formatid": "gen9championsvgc2026regma",
  "rating": 1000,
  "private": 0,
  "password": null
}