{
  "id": "gen9championsvgc2026regma-2582498309",
  "format": "[Gen 9 Champions] VGC 2026 Reg M-A",
  "players": [
    "Ehcinsicjrjxjsjf",
    "itsjustsomni"
  ],
  "log": "|j|\u2606Ehcinsicjrjxjsjf\n|j|\u2606itsjustsomni\n|t:|1776095530\n|gametype|doubles\n|player|p1|Ehcinsicjrjxjsjf|266|1097\n|player|p2|itsjustsomni|cyrus|1020\n|gen|9\n|tier|[Gen 9 Champions] VGC 2026 Reg M-A\n|rated|\n|rule|Species Clause: Limit one of each Pok\u00e9mon\n|rule|Item Clause: Limit 1 of each item\n|clearpoke\n|poke|p1|Gengar, L50, F|\n|poke|p1|Pelipper, L50, F|\n|poke|p1|Maushold, L50|\n|poke|p1|Incineroar, L50, F|\n|poke|p1|Sinistcha, L50|\n|poke|p1|Mudsdale, L50, M|\n|poke|p2|Charizard, L50, M|\n|poke|p2|Venusaur, L50, M|\n|poke|p2|Whimsicott, L50, M|\n|poke|p2|Incineroar, L50, F|\n|poke|p2|Gardevoir, L50, F|\n|poke|p2|Garchomp, L50, M|\n|teampreview|4\n|inactive|Battle timer is ON: inactive players will automatically lose when time's up. (requested by itsjustsomni)\n|inactive|Ehcinsicjrjxjsjf has 60 seconds left.\n|\n|t:|1776095568\n|teamsize|p1|4\n|teamsize|p2|4\n|start\n|switch|p1a: Gengar|Gengar, L50, F|100/100\n|switch|p1b: Sinistcha|Sinistcha, L50|100/100\n|switch|p2a: Incineroar|Incineroar, L50, F|100/100\n|switch|p2b: Charizard|Charizard, L50, M, shiny|100/100\n|-ability|p2a: Incineroar|Intimidate|boost\n|-unboost|p1a: Gengar|atk|1\n|-unboost|p1b: Sinistcha|atk|1\n|turn|1\n|inactive|Ehcinsicjrjxjsjf has 30 seconds left.\n|inactive|Ehcinsicjrjxjsjf has 20 seconds left.\n|inactive|Ehcinsicjrjxjsjf has 15 seconds left.\n|inactive|Ehcinsicjrjxjsjf has 10 seconds left.\n|\n|t:|1776095614\n|switch|p1b: Mudsdale|Mudsdale, L50, M|100/100\n|detailschange|p1a: Gengar|Gengar-Mega, L50, F\n|-mega|p1a: Gengar|Gengar|Gengarite\n|detailschange|p2b: Charizard|Charizard-Mega-Y, L50, M, shiny\n|-mega|p2b: Charizard|Charizard|Charizardite Y\n|-weather|SunnyDay|[from] ability: Drought|[of] p2b: Charizard\n|move|p1a: Gengar|Thunderbolt|p2b: Charizard\n|-supereffective|p2b: Charizard|1\n|-damage|p2b: Charizard|20/100\n|move|p2b: Charizard|Heat Wave|p1b: Mudsdale|[spread] p1b\n|-miss|p2b: Charizard|p1a: Gengar\n|-damage|p1b: Mudsdale|57/100\n|-status|p1b: Mudsdale|brn\n|-ability|p1b: Mudsdale|Stamina|boost\n|-boost|p1b: Mudsdale|def|1\n|move|p2a: Incineroar|Taunt|p1a: Gengar\n|-start|p1a: Gengar|move: Taunt\n|\n|-weather|SunnyDay|[upkeep]\n|-heal|p1b: Mudsdale|63/100 brn|[from] item: Leftovers\n|-damage|p1b: Mudsdale|57/100 brn|[from] brn\n|upkeep\n|turn|2\n|inactive|itsjustsomni has 30 seconds left.\n|inactive|itsjustsomni has 20 seconds left.\n|\n|t:|1776095653\n|switch|p1b: Pelipper|Pelipper, L50, F|100/100\n|-weather|RainDance|[from] ability: Drizzle|[of] p1b: Pelipper\n|move|p2b: Charizard|Protect|p2b: Charizard\n|-singleturn|p2b: Charizard|Protect\n|move|p1a: Gengar|Focus Blast|p2a: Incineroar\n|-supereffective|p2a: Incineroar|1\n|-damage|p2a: Incineroar|24/100\n|-enditem|p2a: Incineroar|Sitrus Berry|[eat]\n|-heal|p2a: Incineroar|49/100|[from] item: Sitrus Berry\n|move|p2a: Incineroar|Flare Blitz|p1a: Gengar\n|-damage|p1a: Gengar|60/100\n|-damage|p2a: Incineroar|40/100|[from] Recoil\n|\n|-weather|RainDance|[upkeep]\n|upkeep\n|turn|3\n|inactive|itsjustsomni has 30 seconds left.\n|inactive|itsjustsomni has 20 seconds left.\n|inactive|itsjustsomni has 15 seconds left.\n|inactive|itsjustsomni has 10 seconds left.\n|inactive|itsjustsomni has 5 seconds left.\n|\n|t:|1776095703\n|move|p1a: Gengar|Thunderbolt|p2b: Charizard\n|-supereffective|p2b: Charizard|1\n|-damage|p2b: Charizard|0 fnt\n|faint|p2b: Charizard\n|move|p1b: Pelipper|Chilling Water|p2a: Incineroar\n|-supereffective|p2a: Incineroar|1\n|-damage|p2a: Incineroar|0 fnt\n|faint|p2a: Incineroar\n|\n|-weather|RainDance|[upkeep]\n|upkeep\n|\n|t:|1776095710\n|switch|p2b: Venusaur|Venusaur, L50, M|100/100\n|switch|p2a: Whimsicott|Whimsicott, L50, M|100/100\n|turn|4\n|inactive|itsjustsomni has 30 seconds left.\n|\n|t:|1776095742\n|move|p2a: Whimsicott|Tailwind|p2a: Whimsicott\n|-sidestart|p2: itsjustsomni|move: Tailwind\n|move|p2b: Venusaur|Sleep Powder|p1a: Gengar\n|-status|p1a: Gengar|slp|[from] move: Sleep Powder\n|cant|p1a: Gengar|slp\n|move|p1b: Pelipper|Hurricane|p2b: Venusaur\n|-supereffective|p2b: Venusaur|1\n|-damage|p2b: Venusaur|0 fnt\n|faint|p2b: Venusaur\n|\n|-weather|RainDance|[upkeep]\n|-end|p1a: Gengar|move: Taunt\n|upkeep\n|turn|5\n|-message|itsjustsomni forfeited.\n|\n|win|Ehcinsicjrjxjsjf\n|raw|Ehcinsicjrjxjsjf's rating: 1097 &rarr; <strong>1117</strong><br />(+20 for winning)\n|raw|itsjustsomni's rating: 1020 &rarr; <strong>1010</strong><br />(-10 for losing)\n",
  "uploadtime": 1776095756,
  "views": 19,
  "formatid": "gen9championsvgc2026regma",
  "rating": 1010,
  "private": 0,
  "password": null
}