{
  "id": "gen9championsvgc2026regma-2583624317",
  "format": "[Gen 9 Champions] VGC 2026 Reg M-A",
  "players": [
    "chzao",
    "MommaGart"
  ],
  "log": "|j|\u2606chzao\n|j|\u2606MommaGart\n|t:|1776187225\n|gametype|doubles\n|player|p1|chzao|clay|1168\n|player|p2|MommaGart|hilda|1135\n|gen|9\n|tier|[Gen 9 Champions] VGC 2026 Reg M-A\n|rated|\n|rule|Species Clause: Limit one of each Pok\u00e9mon\n|rule|Item Clause: Limit 1 of each item\n|clearpoke\n|poke|p1|Politoed, L50, M|\n|poke|p1|Dragonite, L50, F|\n|poke|p1|Whimsicott, L50, M|\n|poke|p1|Lucario, L50, M|\n|poke|p1|Basculegion, L50, M|\n|poke|p1|Weavile, L50, M|\n|poke|p2|Tyranitar, L50, M|\n|poke|p2|Excadrill, L50, F|\n|poke|p2|Incineroar, L50, M|\n|poke|p2|Sinistcha, L50|\n|poke|p2|Azumarill, L50, F|\n|poke|p2|Venusaur, L50, F|\n|teampreview|4\n|inactive|Battle timer is ON: inactive players will automatically lose when time's up. (requested by chzao)\n|inactive|chzao has 60 seconds left.\n|inactive|MommaGart has 60 seconds left.\n|\n|t:|1776187282\n|teamsize|p1|4\n|teamsize|p2|4\n|start\n|switch|p1a: Basculegion|Basculegion, L50, M|100/100\n|switch|p1b: Weavile|Weavile, L50, M|100/100\n|switch|p2a: Wolfe's Incineroar|Incineroar, L50, M|100/100\n|switch|p2b: Sinistcha|Sinistcha, L50|100/100\n|-ability|p1b: Weavile|Pressure\n|-ability|p2a: Wolfe's Incineroar|Intimidate|boost\n|-unboost|p1a: Basculegion|atk|1\n|-unboost|p1b: Weavile|atk|1\n|turn|1\n|\n|t:|1776187306\n|move|p1b: Weavile|Fake Out|p2a: Wolfe's Incineroar\n|-damage|p2a: Wolfe's Incineroar|93/100\n|move|p1a: Basculegion|Flip Turn|p2a: Wolfe's Incineroar\n|-supereffective|p2a: Wolfe's Incineroar|1\n|-enditem|p2a: Wolfe's Incineroar|Passho Berry|[eat]\n|-enditem|p2a: Wolfe's Incineroar|Passho Berry|[weaken]\n|-damage|p2a: Wolfe's Incineroar|76/100\n|\n|t:|1776187317\n|switch|p1a: Lucario|Lucario, L50, M|100/100|[from] Flip Turn\n|cant|p2a: Wolfe's Incineroar|flinch\n|move|p2b: Sinistcha|Trick Room|p2b: Sinistcha\n|-fieldstart|move: Trick Room|[of] p2b: Sinistcha\n|\n|upkeep\n|turn|2\n|\n|t:|1776187341\n|switch|p1a: Politoed|Politoed, L50, M|100/100\n|-weather|RainDance|[from] ability: Drizzle|[of] p1a: Politoed\n|move|p2b: Sinistcha|Rage Powder|p2b: Sinistcha\n|-singleturn|p2b: Sinistcha|move: Rage Powder\n|move|p2a: Wolfe's Incineroar|Flare Blitz|p1b: Weavile\n|-supereffective|p1b: Weavile|1\n|-damage|p1b: Weavile|27/100\n|-damage|p2a: Wolfe's Incineroar|58/100|[from] Recoil\n|move|p1b: Weavile|Knock Off|p2b: Sinistcha\n|-supereffective|p2b: Sinistcha|1\n|-damage|p2b: Sinistcha|30/100\n|-enditem|p2b: Sinistcha|Sitrus Berry|[from] move: Knock Off|[of] p1b: Weavile\n|\n|-weather|RainDance|[upkeep]\n|upkeep\n|turn|3\n|\n|t:|1776187364\n|move|p2a: Wolfe's Incineroar|Parting Shot|p1b: Weavile\n|-unboost|p1b: Weavile|atk|1\n|-unboost|p1b: Weavile|spa|1\n|\n|t:|1776187367\n|switch|p2a: Doppelg\u00e4nger|Tyranitar, L50, M|100/100|[from] Parting Shot\n|-weather|Sandstorm|[from] ability: Sand Stream|[of] p2a: Doppelg\u00e4nger\n|move|p2b: Sinistcha|Matcha Gotcha|p1b: Weavile|[spread] p1a,p1b\n|-supereffective|p1a: Politoed|1\n|-damage|p1a: Politoed|54/100\n|-heal|p2b: Sinistcha|52/100|[from] drain|[of] p1a: Politoed\n|-damage|p1b: Weavile|0 fnt\n|-heal|p2b: Sinistcha|63/100|[from] drain|[of] p1b: Weavile\n|faint|p1b: Weavile\n|move|p1a: Politoed|Weather Ball|p2a: Doppelg\u00e4nger\n|-damage|p2a: Doppelg\u00e4nger|86/100\n|\n|-weather|Sandstorm|[upkeep]\n|-damage|p2b: Sinistcha|57/100|[from] Sandstorm\n|-damage|p1a: Politoed|48/100|[from] Sandstorm\n|-enditem|p1a: Politoed|Sitrus Berry|[eat]\n|-heal|p1a: Politoed|72/100|[from] item: Sitrus Berry\n|upkeep\n|\n|t:|1776187381\n|switch|p1b: Lucario|Lucario, L50, M|100/100\n|turn|4\n|\n|t:|1776187394\n|switch|p1a: Basculegion|Basculegion, L50, M|100/100\n|detailschange|p2a: Doppelg\u00e4nger|Tyranitar-Mega, L50, M\n|-mega|p2a: Doppelg\u00e4nger|Tyranitar|Tyranitarite\n|move|p1b: Lucario|Protect|p1b: Lucario\n|-singleturn|p1b: Lucario|Protect\n|move|p2b: Sinistcha|Matcha Gotcha|p1a: Basculegion|[spread] p1a\n|-activate|p1b: Lucario|move: Protect\n|-supereffective|p1a: Basculegion|1\n|-crit|p1a: Basculegion\n|-damage|p1a: Basculegion|12/100\n|-heal|p2b: Sinistcha|100/100|[from] drain|[of] p1a: Basculegion\n|move|p2a: Doppelg\u00e4nger|Low Kick|p1b: Lucario\n|-activate|p1b: Lucario|move: Protect\n|\n|-weather|Sandstorm|[upkeep]\n|-damage|p2b: Sinistcha|94/100|[from] Sandstorm\n|-damage|p1a: Basculegion|6/100|[from] Sandstorm\n|upkeep\n|turn|5\n|inactive|MommaGart has 30 seconds left.\n|inactive|MommaGart has 20 seconds left.\n|\n|t:|1776187433\n|detailschange|p1b: Lucario|Lucario-Mega, L50, M\n|-mega|p1b: Lucario|Lucario|Lucarionite\n|move|p1b: Lucario|Vacuum Wave|p2a: Doppelg\u00e4nger\n|-supereffective|p2a: Doppelg\u00e4nger|2\n|-damage|p2a: Doppelg\u00e4nger|23/100\n|move|p1a: Basculegion|Aqua Jet|p2a: Doppelg\u00e4nger\n|-supereffective|p2a: Doppelg\u00e4nger|1\n|-damage|p2a: Doppelg\u00e4nger|0 fnt\n|faint|p2a: Doppelg\u00e4nger\n|move|p2b: Sinistcha|Matcha Gotcha|p1a: Basculegion|[spread] p1a,p1b\n|-supereffective|p1a: Basculegion|1\n|-resisted|p1b: Lucario|1\n|-damage|p1a: Basculegion|0 fnt\n|-heal|p2b: Sinistcha|98/100|[from] drain|[of] p1a: Basculegion\n|-damage|p1b: Lucario|82/100\n|-heal|p2b: Sinistcha|100/100|[from] drain|[of] p1b: Lucario\n|faint|p1a: Basculegion\n|\n|-weather|Sandstorm|[upkeep]\n|-damage|p2b: Sinistcha|94/100|[from] Sandstorm\n|-fieldend|move: Trick Room\n|upkeep\n|\n|t:|1776187455\n|switch|p1a: Politoed|Politoed, L50, M|72/100\n|switch|p2a: Wolfe's Incineroar|Incineroar, L50, M|58/100\n|-weather|RainDance|[from] ability: Drizzle|[of] p1a: Politoed\n|-ability|p2a: Wolfe's Incineroar|Intimidate|boost\n|-unboost|p1a: Politoed|atk|1\n|-unboost|p1b: Lucario|atk|1\n|turn|6\n|\n|t:|1776187479\n|switch|p2b: Betrayal|Excadrill, L50, F|100/100\n|move|p1b: Lucario|Aura Sphere|p2a: Wolfe's Incineroar\n|-supereffective|p2a: Wolfe's Incineroar|1\n|-damage|p2a: Wolfe's Incineroar|0 fnt\n|faint|p2a: Wolfe's Incineroar\n|move|p1a: Politoed|Weather Ball|p2b: Betrayal\n|-supereffective|p2b: Betrayal|1\n|-enditem|p2b: Betrayal|Focus Sash\n|-damage|p2b: Betrayal|1/100\n|\n|-weather|RainDance|[upkeep]\n|upkeep\n|\n|t:|1776187491\n|switch|p2a: Sinistcha|Sinistcha, L50|94/100\n|-heal|p2b: Betrayal|26/100|[from] ability: Hospitality|[of] p2a: Sinistcha\n|turn|7\n|\n|t:|1776187499\n|move|p2a: Sinistcha|Rage Powder|p2a: Sinistcha\n|-singleturn|p2a: Sinistcha|move: Rage Powder\n|move|p1b: Lucario|Flash Cannon|p2a: Sinistcha\n|-damage|p2a: Sinistcha|44/100\n|move|p2b: Betrayal|High Horsepower|p1b: Lucario\n|-supereffective|p1b: Lucario|1\n|-damage|p1b: Lucario|0 fnt\n|faint|p1b: Lucario\n|move|p1a: Politoed|Weather Ball|p2a: Sinistcha\n|-resisted|p2a: Sinistcha|1\n|-damage|p2a: Sinistcha|17/100\n|\n|-weather|RainDance|[upkeep]\n|upkeep\n|turn|8\n|\n|t:|1776187521\n|move|p2b: Betrayal|High Horsepower|p1a: Politoed\n|-damage|p1a: Politoed|22/100\n|move|p1a: Politoed|Ice Beam|p2a: Sinistcha\n|-supereffective|p2a: Sinistcha|1\n|-damage|p2a: Sinistcha|0 fnt\n|faint|p2a: Sinistcha\n|\n|-weather|RainDance|[upkeep]\n|upkeep\n|turn|9\n|\n|t:|1776187531\n|move|p2b: Betrayal|High Horsepower|p1a: Politoed\n|-damage|p1a: Politoed|0 fnt\n|faint|p1a: Politoed\n|\n|win|MommaGart\n|raw|chzao's rating: 1168 &rarr; <strong>1141</strong><br />(-27 for losing)\n|raw|MommaGart's rating: 1135 &rarr; <strong>1162</strong><br />(+27 for winning)\n|l|\u2606chzao\n|player|p1|\n",
  "uploadtime": 1776187765,
  "views": 27,
  "formatid": "gen9championsvgc2026regma",
  "rating": 1141,
  "private": 0,
  "password": null
}