{
  "id": "gen9championsvgc2026regma-2587484673",
  "format": "[Gen 9 Champions] VGC 2026 Reg M-A",
  "players": [
    "Alltret",
    "ZJFoster"
  ],
  "log": "|j|\u2606Alltret\n|j|\u2606ZJFoster\n|t:|1776535752\n|gametype|doubles\n|player|p1|Alltret|dragontamer|1085\n|player|p2|ZJFoster|benga|1122\n|gen|9\n|tier|[Gen 9 Champions] VGC 2026 Reg M-A\n|rated|\n|rule|Species Clause: Limit one of each Pok\u00e9mon\n|rule|Item Clause: Limit 1 of each item\n|clearpoke\n|poke|p1|Meganium, L50, M|\n|poke|p1|Pelipper, L50, F|\n|poke|p1|Archaludon, L50, F|\n|poke|p1|Heliolisk, L50, M|\n|poke|p1|Tauros-Paldea-Aqua, L50, M|\n|poke|p1|Kangaskhan, L50, F|\n|poke|p2|Farigiraf, L50, M, shiny|\n|poke|p2|Slowbro-Galar, L50, M, shiny|\n|poke|p2|Aggron, L50, M, shiny|\n|poke|p2|Sylveon, L50, F, shiny|\n|poke|p2|Arcanine-Hisui, L50, F, shiny|\n|poke|p2|Sinistcha, L50, shiny|\n|teampreview|4\n|\n|t:|1776535778\n|teamsize|p1|4\n|teamsize|p2|4\n|start\n|switch|p1a: Pelipper|Pelipper, L50, F|100/100\n|switch|p1b: Archaludon|Archaludon, L50, F|100/100\n|switch|p2a: jun|Farigiraf, L50, M, shiny|100/100\n|switch|p2b: Mark Henry|Aggron, L50, M, shiny|100/100\n|-weather|RainDance|[from] ability: Drizzle|[of] p1a: Pelipper\n|turn|1\n|\n|t:|1776535799\n|detailschange|p2b: Mark Henry|Aggron-Mega, L50, M, shiny\n|-mega|p2b: Mark Henry|Aggron|Aggronite\n|move|p1b: Archaludon|Electro Shot||[still]\n|-prepare|p1b: Archaludon|Electro Shot\n|-boost|p1b: Archaludon|spa|1\n|-anim|p1b: Archaludon|Electro Shot|p2a: jun\n|-damage|p2a: jun|45/100\n|move|p1a: Pelipper|Weather Ball|p2a: jun\n|-damage|p2a: jun|0 fnt\n|faint|p2a: jun\n|move|p2b: Mark Henry|Iron Defense|p2b: Mark Henry\n|-boost|p2b: Mark Henry|def|2\n|\n|-weather|RainDance|[upkeep]\n|upkeep\n|\n|t:|1776535813\n|switch|p2a: Chai Tea|Sinistcha, L50, shiny|100/100\n|turn|2\n|\n|t:|1776535827\n|move|p1b: Archaludon|Draco Meteor|p2a: Chai Tea\n|-damage|p2a: Chai Tea|0 fnt\n|-unboost|p1b: Archaludon|spa|2\n|faint|p2a: Chai Tea\n|-enditem|p1b: Archaludon|White Herb\n|-clearnegativeboost|p1b: Archaludon|[silent]\n|move|p1a: Pelipper|Hurricane|p2b: Mark Henry\n|-resisted|p2b: Mark Henry|1\n|-damage|p2b: Mark Henry|82/100\n|move|p2b: Mark Henry|Iron Defense|p2b: Mark Henry\n|-boost|p2b: Mark Henry|def|2\n|\n|-weather|RainDance|[upkeep]\n|upkeep\n|\n|t:|1776535842\n|switch|p2a: MACH 5|Arcanine-Hisui, L50, F, shiny|100/100\n|turn|3\n|\n|t:|1776535856\n|move|p2a: MACH 5|Head Smash|p1a: Pelipper\n|-supereffective|p1a: Pelipper|1\n|-enditem|p1a: Pelipper|Focus Sash\n|-damage|p1a: Pelipper|1/100\n|move|p1b: Archaludon|Electro Shot||[still]\n|-prepare|p1b: Archaludon|Electro Shot\n|-boost|p1b: Archaludon|spa|1\n|-anim|p1b: Archaludon|Electro Shot|p2a: MACH 5\n|-damage|p2a: MACH 5|21/100\n|move|p1a: Pelipper|Tailwind|p1a: Pelipper\n|-sidestart|p1: Alltret|move: Tailwind\n|move|p2b: Mark Henry|Body Press|p1b: Archaludon\n|-supereffective|p1b: Archaludon|1\n|-ability|p1b: Archaludon|Sturdy\n|-damage|p1b: Archaludon|1/100\n|\n|-weather|RainDance|[upkeep]\n|upkeep\n|turn|4\n|\n|t:|1776535895\n|move|p1b: Archaludon|Electro Shot||[still]\n|-prepare|p1b: Archaludon|Electro Shot\n|-boost|p1b: Archaludon|spa|1\n|-anim|p1b: Archaludon|Electro Shot|p2a: MACH 5\n|-damage|p2a: MACH 5|0 fnt\n|faint|p2a: MACH 5\n|move|p1a: Pelipper|Weather Ball|p2b: Mark Henry\n|-damage|p2b: Mark Henry|34/100\n|move|p2b: Mark Henry|Body Press|p1b: Archaludon\n|-supereffective|p1b: Archaludon|1\n|-damage|p1b: Archaludon|0 fnt\n|faint|p1b: Archaludon\n|\n|-weather|RainDance|[upkeep]\n|upkeep\n|\n|t:|1776535904\n|switch|p1b: Meganium|Meganium, L50, M|100/100\n|turn|5\n|-message|ZJFoster forfeited.\n|\n|win|Alltret\n|raw|Alltret's rating: 1085 &rarr; <strong>1115</strong><br />(+30 for winning)\n|raw|ZJFoster's rating: 1122 &rarr; <strong>1094</strong><br />(-28 for losing)\n|l|\u2606ZJFoster\n|player|p2|\n",
  "uploadtime": 1776535911,
  "views": 20,
  "formatid": "gen9championsvgc2026regma",
  "rating": 1094,
  "private": 0,
  "password": null
}