{
  "id": "gen9championsvgc2026regma-2588491871",
  "format": "[Gen 9 Champions] VGC 2026 Reg M-A",
  "players": [
    "PerdidoPorLaVida",
    "Jhon pokemons"
  ],
  "log": "|j|\u2606PerdidoPorLaVida\n|j|\u2606Jhon pokemons\n|t:|1776638383\n|gametype|doubles\n|player|p1|PerdidoPorLaVida|az|1000\n|player|p2|Jhon pokemons|giovanni|1000\n|gen|9\n|tier|[Gen 9 Champions] VGC 2026 Reg M-A\n|rated|\n|rule|Species Clause: Limit one of each Pok\u00e9mon\n|rule|Item Clause: Limit 1 of each item\n|clearpoke\n|poke|p1|Primarina, L50, F|\n|poke|p1|Incineroar, L50, F|\n|poke|p1|Sneasler, L50, M|\n|poke|p1|Scizor, L50, F|\n|poke|p1|Archaludon, L50, F|\n|poke|p1|Pelipper, L50, M|\n|poke|p2|Ditto, L50|\n|poke|p2|Archaludon, L50, M|\n|poke|p2|Spiritomb, L50, M|\n|poke|p2|Camerupt, L50, M|\n|poke|p2|Clefable, L50, F|\n|poke|p2|Blastoise, L50, F|\n|teampreview|4\n|inactive|Battle timer is ON: inactive players will automatically lose when time's up. (requested by Jhon pokemons)\n|\n|t:|1776638435\n|teamsize|p1|4\n|teamsize|p2|4\n|start\n|switch|p1a: Primarina|Primarina, L50, F|100/100\n|switch|p1b: Sneasler|Sneasler, L50, M|100/100\n|switch|p2a: Ditto|Ditto, L50|100/100\n|switch|p2b: Blastoise|Blastoise, L50, F|100/100\n|-transform|p2a: Ditto|p1b: Sneasler|[from] ability: Imposter\n|turn|1\n|\n|t:|1776638451\n|move|p2a: Ditto|Fake Out|p1b: Sneasler\n|-damage|p1b: Sneasler|86/100\n|cant|p1b: Sneasler|flinch\n|move|p2b: Blastoise|Water Spout|p1a: Primarina|[spread] p1a,p1b\n|-resisted|p1a: Primarina|1\n|-damage|p1a: Primarina|83/100\n|-damage|p1b: Sneasler|21/100\n|move|p1a: Primarina|Calm Mind|p1a: Primarina\n|-boost|p1a: Primarina|spa|1\n|-boost|p1a: Primarina|spd|1\n|\n|-heal|p1a: Primarina|89/100|[from] item: Leftovers\n|upkeep\n|turn|2\n|inactive|PerdidoPorLaVida has 30 seconds left.\n|\n|t:|1776638480\n|move|p1b: Sneasler|Dire Claw|p2b: Blastoise\n|-damage|p2b: Blastoise|68/100\n|-status|p2b: Blastoise|par\n|move|p2a: Ditto|Close Combat|p1a: Primarina\n|-resisted|p1a: Primarina|1\n|-damage|p1a: Primarina|58/100\n|-unboost|p2a: Ditto|def|1\n|-unboost|p2a: Ditto|spd|1\n|move|p1a: Primarina|Calm Mind|p1a: Primarina\n|-boost|p1a: Primarina|spa|1\n|-boost|p1a: Primarina|spd|1\n|move|p2b: Blastoise|Water Spout|p1b: Sneasler|[spread] p1a,p1b\n|-resisted|p1a: Primarina|1\n|-damage|p1a: Primarina|52/100\n|-damage|p1b: Sneasler|0 fnt\n|faint|p1b: Sneasler\n|\n|-heal|p1a: Primarina|58/100|[from] item: Leftovers\n|upkeep\n|\n|t:|1776638498\n|switch|p1b: Pelipper|Pelipper, L50, M|100/100\n|-weather|RainDance|[from] ability: Drizzle|[of] p1b: Pelipper\n|turn|3\n|\n|t:|1776638515\n|move|p1a: Primarina|Protect|p1a: Primarina\n|-singleturn|p1a: Primarina|Protect\n|move|p2a: Ditto|Dire Claw|p1a: Primarina\n|-activate|p1a: Primarina|move: Protect\n|move|p1b: Pelipper|Tailwind|p1b: Pelipper\n|-sidestart|p1: PerdidoPorLaVida|move: Tailwind\n|move|p2b: Blastoise|Water Spout|p1b: Pelipper|[spread] p1b\n|-activate|p1a: Primarina|move: Protect\n|-resisted|p1b: Pelipper|1\n|-crit|p1b: Pelipper\n|-damage|p1b: Pelipper|34/100\n|\n|-weather|RainDance|[upkeep]\n|-heal|p2b: Blastoise|73/100 par|[from] ability: Rain Dish\n|-heal|p1a: Primarina|64/100|[from] item: Leftovers\n|upkeep\n|turn|4\n|inactive|PerdidoPorLaVida has 30 seconds left.\n|\n|t:|1776638546\n|switch|p2a: Archaludon|Archaludon, L50, M|100/100\n|move|p2b: Blastoise|Protect|p2b: Blastoise\n|-singleturn|p2b: Blastoise|Protect\n|move|p1b: Pelipper|Hurricane|p2a: Archaludon\n|-resisted|p2a: Archaludon|1\n|-crit|p2a: Archaludon\n|-damage|p2a: Archaludon|50/100\n|-start|p2a: Archaludon|confusion\n|-ability|p2a: Archaludon|Stamina|boost\n|-boost|p2a: Archaludon|def|1\n|move|p1a: Primarina|Hyper Voice|p2a: Archaludon|[spread] p2a\n|-activate|p2b: Blastoise|move: Protect\n|-resisted|p2a: Archaludon|1\n|-damage|p2a: Archaludon|0 fnt\n|faint|p2a: Archaludon\n|\n|-weather|RainDance|[upkeep]\n|-heal|p2b: Blastoise|79/100 par|[from] ability: Rain Dish\n|-heal|p1a: Primarina|69/100|[from] item: Leftovers\n|upkeep\n|\n|t:|1776638565\n|switch|p2a: Spiritomb|Spiritomb, L50, M|100/100\n|-ability|p2a: Spiritomb|Pressure\n|turn|5\n|\n|t:|1776638572\n|move|p1b: Pelipper|Hurricane|p2b: Blastoise\n|-damage|p2b: Blastoise|36/100 par\n|move|p1a: Primarina|Moonblast|p2a: Spiritomb\n|-supereffective|p2a: Spiritomb|1\n|-damage|p2a: Spiritomb|0 fnt\n|faint|p2a: Spiritomb\n|move|p2b: Blastoise|Water Spout|p1b: Pelipper|[spread] p1a,p1b\n|-resisted|p1a: Primarina|1\n|-crit|p1a: Primarina\n|-resisted|p1b: Pelipper|1\n|-damage|p1a: Primarina|56/100\n|-damage|p1b: Pelipper|12/100\n|\n|-weather|RainDance|[upkeep]\n|-heal|p2b: Blastoise|42/100 par|[from] ability: Rain Dish\n|-heal|p1a: Primarina|61/100|[from] item: Leftovers\n|upkeep\n|\n|t:|1776638586\n|switch|p2a: Ditto|Ditto, L50|100/100\n|-transform|p2a: Ditto|p1b: Pelipper|[from] ability: Imposter\n|turn|6\n|\n|t:|1776638601\n|move|p2a: Ditto|Protect|p2a: Ditto\n|-singleturn|p2a: Ditto|Protect\n|move|p1b: Pelipper|Hurricane|p2a: Ditto\n|-activate|p2a: Ditto|move: Protect\n|move|p1a: Primarina|Hyper Voice|p2a: Ditto|[spread] p2b\n|-activate|p2a: Ditto|move: Protect\n|-resisted|p2b: Blastoise|1\n|-damage|p2b: Blastoise|0 fnt\n|faint|p2b: Blastoise\n|\n|-weather|RainDance|[upkeep]\n|-heal|p1a: Primarina|67/100|[from] item: Leftovers\n|-sideend|p1: PerdidoPorLaVida|move: Tailwind\n|upkeep\n|turn|7\n|\n|t:|1776638613\n|move|p1b: Pelipper|Tailwind|p1b: Pelipper\n|-sidestart|p1: PerdidoPorLaVida|move: Tailwind\n|move|p1a: Primarina|Moonblast|p2a: Ditto\n|-damage|p2a: Ditto|0 fnt\n|faint|p2a: Ditto\n|\n|win|PerdidoPorLaVida\n",
  "uploadtime": 1776638387,
  "views": 7,
  "formatid": "gen9championsvgc2026regma",
  "rating": null,
  "private": 0,
  "password": null
}