{
  "id": "gen9championsvgc2026regma-2589385376",
  "format": "[Gen 9 Champions] VGC 2026 Reg M-A",
  "players": [
    "YoloHD02",
    "melon storme"
  ],
  "log": "|j|\u2606YoloHD02\n|j|\u2606melon storme\n|t:|1776718747\n|gametype|doubles\n|player|p1|YoloHD02|cynthia-gen4|1243\n|player|p2|melon storme|kieran-festival|1247\n|gen|9\n|tier|[Gen 9 Champions] VGC 2026 Reg M-A\n|rated|\n|rule|Species Clause: Limit one of each Pok\u00e9mon\n|rule|Item Clause: Limit 1 of each item\n|clearpoke\n|poke|p1|Pelipper, L50, M, shiny|\n|poke|p1|Sneasler, L50, M|\n|poke|p1|Basculegion, L50, M, shiny|\n|poke|p1|Sinistcha, L50|\n|poke|p1|Archaludon, L50, M|\n|poke|p1|Aggron, L50, M, shiny|\n|poke|p2|Scovillain, L50, M|\n|poke|p2|Conkeldurr, L50, F|\n|poke|p2|Aerodactyl, L50, F|\n|poke|p2|Farigiraf, L50, M|\n|poke|p2|Dragapult, L50, F|\n|poke|p2|Kingambit, L50, M|\n|teampreview|4\n|\n|t:|1776718784\n|teamsize|p1|4\n|teamsize|p2|4\n|start\n|switch|p1a: Basculegion|Basculegion, L50, M, shiny|100/100\n|switch|p1b: Aggron|Aggron, L50, M, shiny|100/100\n|switch|p2a: Aerodactyl|Aerodactyl, L50, F|100/100\n|switch|p2b: Scovillain|Scovillain, L50, M|100/100\n|-ability|p2a: Aerodactyl|Unnerve\n|turn|1\n|\n|t:|1776718805\n|detailschange|p2b: Scovillain|Scovillain-Mega, L50, M\n|-mega|p2b: Scovillain|Scovillain|Scovillainite\n|move|p1b: Aggron|Protect|p1b: Aggron\n|-singleturn|p1b: Aggron|Protect\n|move|p2a: Aerodactyl|Tailwind|p2a: Aerodactyl\n|-sidestart|p2: melon storme|move: Tailwind\n|move|p2b: Scovillain|Leech Seed|p1b: Aggron\n|-activate|p1b: Aggron|move: Protect\n|move|p1a: Basculegion|Flip Turn|p2a: Aerodactyl\n|-supereffective|p2a: Aerodactyl|1\n|-enditem|p2a: Aerodactyl|Focus Sash\n|-damage|p2a: Aerodactyl|1/100\n|\n|t:|1776718820\n|switch|p1a: Sinistcha|Sinistcha, L50|100/100|[from] Flip Turn\n|\n|upkeep\n|turn|2\n|\n|t:|1776718826\n|detailschange|p1b: Aggron|Aggron-Mega, L50, M, shiny\n|-mega|p1b: Aggron|Aggron|Aggronite\n|move|p1a: Sinistcha|Rage Powder|p1a: Sinistcha\n|-singleturn|p1a: Sinistcha|move: Rage Powder\n|move|p2a: Aerodactyl|Dual Wingbeat|p1a: Sinistcha\n|-supereffective|p1a: Sinistcha|1\n|-crit|p1a: Sinistcha\n|-damage|p1a: Sinistcha|57/100\n|-supereffective|p1a: Sinistcha|1\n|-damage|p1a: Sinistcha|25/100\n|-hitcount|p1a: Sinistcha|2\n|move|p2b: Scovillain|Leech Seed|p1b: Aggron\n|-start|p1b: Aggron|move: Leech Seed\n|move|p1b: Aggron|Iron Defense|p1b: Aggron\n|-boost|p1b: Aggron|def|2\n|\n|-damage|p1b: Aggron|88/100|[from] Leech Seed|[of] p2b: Scovillain\n|upkeep\n|turn|3\n|\n|t:|1776718850\n|switch|p1a: Pelipper|Pelipper, L50, M, shiny|100/100\n|-weather|RainDance|[from] ability: Drizzle|[of] p1a: Pelipper\n|move|p2a: Aerodactyl|Dual Wingbeat|p1a: Pelipper|[miss]\n|-miss|p2a: Aerodactyl|p1a: Pelipper\n|move|p2b: Scovillain|Flamethrower|p1b: Aggron\n|-supereffective|p1b: Aggron|1\n|-damage|p1b: Aggron|39/100\n|move|p1b: Aggron|Iron Defense|p1b: Aggron\n|-boost|p1b: Aggron|def|2\n|\n|-weather|RainDance|[upkeep]\n|-damage|p1b: Aggron|27/100|[from] Leech Seed|[of] p2b: Scovillain\n|upkeep\n|turn|4\n|\n|t:|1776718879\n|switch|p1a: Sinistcha|Sinistcha, L50|25/100\n|-heal|p1b: Aggron|52/100|[from] ability: Hospitality|[of] p1a: Sinistcha\n|move|p2a: Aerodactyl|Rock Slide|p1b: Aggron|[spread] p1a,p1b\n|-resisted|p1b: Aggron|1\n|-damage|p1a: Sinistcha|2/100\n|-damage|p1b: Aggron|49/100\n|move|p2b: Scovillain|Leech Seed|p1a: Sinistcha\n|-immune|p1a: Sinistcha\n|cant|p1b: Aggron|flinch\n|\n|-weather|RainDance|[upkeep]\n|-damage|p1b: Aggron|37/100|[from] Leech Seed|[of] p2b: Scovillain\n|-sideend|p2: melon storme|move: Tailwind\n|upkeep\n|turn|5\n|\n|t:|1776718900\n|switch|p1a: Pelipper|Pelipper, L50, M, shiny|100/100\n|move|p2a: Aerodactyl|Tailwind|p2a: Aerodactyl\n|-sidestart|p2: melon storme|move: Tailwind\n|move|p2b: Scovillain|Flamethrower|p1b: Aggron\n|-supereffective|p1b: Aggron|1\n|-damage|p1b: Aggron|0 fnt\n|faint|p1b: Aggron\n|\n|-weather|RainDance|[upkeep]\n|upkeep\n|\n|t:|1776718912\n|switch|p1b: Basculegion|Basculegion, L50, M, shiny|100/100\n|turn|6\n|\n|t:|1776718927\n|move|p2b: Scovillain|Rage Powder|p2b: Scovillain\n|-singleturn|p2b: Scovillain|move: Rage Powder\n|move|p2a: Aerodactyl|Rock Slide|p1b: Basculegion|[spread] p1a,p1b\n|-supereffective|p1a: Pelipper|1\n|-crit|p1b: Basculegion\n|-damage|p1a: Pelipper|35/100\n|-damage|p1b: Basculegion|53/100\n|move|p1b: Basculegion|Flip Turn|p2b: Scovillain\n|-damage|p2b: Scovillain|35/100\n|-status|p1b: Basculegion|brn|[from] ability: Spicy Spray|[of] p2b: Scovillain\n|\n|t:|1776718938\n|switch|p1b: Sinistcha|Sinistcha, L50|2/100|[from] Flip Turn\n|-heal|p1a: Pelipper|60/100|[from] ability: Hospitality|[of] p1b: Sinistcha\n|move|p1a: Pelipper|Tailwind|p1a: Pelipper\n|-sidestart|p1: YoloHD02|move: Tailwind\n|\n|-weather|RainDance|[upkeep]\n|upkeep\n|turn|7\n|\n|t:|1776718951\n|switch|p1a: Basculegion|Basculegion, L50, M, shiny|53/100 brn\n|move|p2a: Aerodactyl|Rock Slide|p1a: Basculegion|[spread] p1a,p1b\n|-damage|p1a: Basculegion|23/100 brn\n|-damage|p1b: Sinistcha|0 fnt\n|faint|p1b: Sinistcha\n|move|p2b: Scovillain|Flamethrower|p1a: Basculegion\n|-resisted|p1a: Basculegion|1\n|-damage|p1a: Basculegion|10/100 brn\n|\n|-weather|none\n|-damage|p1a: Basculegion|4/100 brn|[from] brn\n|upkeep\n|\n|t:|1776718964\n|switch|p1b: Pelipper|Pelipper, L50, M, shiny|60/100\n|-weather|RainDance|[from] ability: Drizzle|[of] p1b: Pelipper\n|turn|8\n|\n|t:|1776718973\n|move|p2a: Aerodactyl|Protect|p2a: Aerodactyl\n|-singleturn|p2a: Aerodactyl|Protect\n|move|p2b: Scovillain|Protect|p2b: Scovillain\n|-singleturn|p2b: Scovillain|Protect\n|move|p1a: Basculegion|Aqua Jet|p2a: Aerodactyl\n|-activate|p2a: Aerodactyl|move: Protect\n|move|p1b: Pelipper|Muddy Water|p2b: Scovillain|[spread] \n|-activate|p2a: Aerodactyl|move: Protect\n|-activate|p2b: Scovillain|move: Protect\n|\n|-weather|RainDance|[upkeep]\n|-damage|p1a: Basculegion|0 fnt|[from] brn\n|faint|p1a: Basculegion\n|-sideend|p2: melon storme|move: Tailwind\n|upkeep\n|turn|9\n|-message|YoloHD02 forfeited.\n|\n|win|melon storme\n|raw|YoloHD02's rating: 1243 &rarr; <strong>1218</strong><br />(-25 for losing)\n|raw|melon storme's rating: 1247 &rarr; <strong>1272</strong><br />(+25 for winning)\n|l|\u2606YoloHD02\n|player|p1|\n",
  "uploadtime": 1776718982,
  "views": 8,
  "formatid": "gen9championsvgc2026regma",
  "rating": 1218,
  "private": 0,
  "password": null
}