{
  "id": "gen9championsvgc2026regma-2587040835",
  "format": "[Gen 9 Champions] VGC 2026 Reg M-A",
  "players": [
    "w4toto",
    "terratron"
  ],
  "log": "|j|\u2606w4toto\n|j|\u2606terratron\n|t:|1776484263\n|gametype|doubles\n|player|p1|w4toto|volkner|1180\n|player|p2|terratron|bruno|1256\n|gen|9\n|tier|[Gen 9 Champions] VGC 2026 Reg M-A\n|rated|\n|rule|Species Clause: Limit one of each Pok\u00e9mon\n|rule|Item Clause: Limit 1 of each item\n|clearpoke\n|poke|p1|Ninetales-Alola, L50, F|\n|poke|p1|Garchomp, L50, M|\n|poke|p1|Corviknight, L50, M|\n|poke|p1|Sharpedo, L50, M|\n|poke|p1|Aerodactyl, L50, M|\n|poke|p1|Sneasler, L50, M|\n|poke|p2|Farigiraf, L50, F|\n|poke|p2|Corviknight, L50, M|\n|poke|p2|Tyranitar, L50, M|\n|poke|p2|Excadrill, L50, F|\n|poke|p2|Gyarados, L50, M|\n|poke|p2|Meganium, L50, M|\n|teampreview|4\n|inactive|Battle timer is ON: inactive players will automatically lose when time's up. (requested by w4toto)\n|inactive|terratron also wants the timer to be on.\n|inactive|w4toto has 60 seconds left.\n|\n|t:|1776484297\n|teamsize|p1|4\n|teamsize|p2|4\n|start\n|switch|p1a: Corviknight|Corviknight, L50, M|100/100\n|switch|p1b: Rocky Helmet|Garchomp, L50, M|100/100\n|switch|p2a: Excadrill|Excadrill, L50, F|100/100\n|switch|p2b: Tyranitar|Tyranitar, L50, M|100/100\n|-ability|p1a: Corviknight|Pressure\n|-weather|Sandstorm|[from] ability: Sand Stream|[of] p2b: Tyranitar\n|turn|1\n|inactive|terratron has 30 seconds left.\n|inactive|terratron has 20 seconds left.\n|inactive|terratron has 15 seconds left.\n|\n|t:|1776484338\n|switch|p2b: Farigiraf|Farigiraf, L50, F|100/100\n|move|p2a: Excadrill|Swords Dance|p2a: Excadrill\n|-boost|p2a: Excadrill|atk|2\n|move|p1b: Rocky Helmet|Earthquake|p2b: Farigiraf|[spread] p2a,p2b\n|-immune|p1a: Corviknight\n|-supereffective|p2a: Excadrill|1\n|-enditem|p2a: Excadrill|Focus Sash\n|-damage|p2a: Excadrill|1/100\n|-damage|p2b: Farigiraf|64/100\n|move|p1a: Corviknight|Iron Defense|p1a: Corviknight\n|-boost|p1a: Corviknight|def|2\n|\n|-weather|Sandstorm|[upkeep]\n|-damage|p2b: Farigiraf|58/100|[from] Sandstorm\n|upkeep\n|turn|2\n|raw|<div class=\"broadcast-red\"><b>The server is restarting soon.</b><br />Please finish your battles quickly. No new battles can be started until the server resets in a few minutes.</div>\n|inactive|staff also wants the timer to be on.\n|raw|<div class=\"broadcast-red\"><b>Moderated chat was set to +!</b><br />Only users of rank + and higher can talk.</div>\n|inactive|w4toto has 30 seconds left.\n|\n|t:|1776484365\n|move|p2a: Excadrill|Rock Slide|p1a: Corviknight|[spread] p1a,p1b\n|-resisted|p1b: Rocky Helmet|1\n|-damage|p1a: Corviknight|84/100\n|-damage|p1b: Rocky Helmet|80/100\n|move|p1b: Rocky Helmet|Earthquake|p2b: Farigiraf|[spread] p2a,p2b\n|-immune|p1a: Corviknight\n|-supereffective|p2a: Excadrill|1\n|-damage|p2a: Excadrill|0 fnt\n|-damage|p2b: Farigiraf|24/100\n|-enditem|p2b: Farigiraf|Sitrus Berry|[eat]\n|-heal|p2b: Farigiraf|49/100|[from] item: Sitrus Berry\n|faint|p2a: Excadrill\n|cant|p1a: Corviknight|flinch\n|move|p2b: Farigiraf|Trick Room|p2b: Farigiraf\n|-fieldstart|move: Trick Room|[of] p2b: Farigiraf\n|\n|-weather|Sandstorm|[upkeep]\n|-damage|p2b: Farigiraf|42/100|[from] Sandstorm\n|upkeep\n|\n|t:|1776484376\n|switch|p2a: Meganium|Meganium, L50, M|100/100\n|turn|3\n|\n|t:|1776484383\n|detailschange|p2a: Meganium|Meganium-Mega, L50, M\n|-mega|p2a: Meganium|Meganium|Meganiumite\n|move|p2b: Farigiraf|Ally Switch|p2b: Farigiraf\n|swap|p2b: Farigiraf|0|[from] move: Ally Switch\n|move|p1a: Corviknight|Brave Bird|p2a: Farigiraf\n|-damage|p2a: Farigiraf|12/100\n|-damage|p1a: Corviknight|73/100|[from] Recoil\n|move|p2b: Meganium|Weather Ball|p1a: Corviknight\n|-supereffective|p1a: Corviknight|1\n|-damage|p1a: Corviknight|0 fnt\n|faint|p1a: Corviknight\n|move|p1b: Rocky Helmet|Earthquake|p2b: Meganium|[spread] p2a,p2b\n|-resisted|p2b: Meganium|1\n|-damage|p2a: Farigiraf|0 fnt\n|-damage|p2b: Meganium|81/100\n|faint|p2a: Farigiraf\n|\n|-weather|Sandstorm|[upkeep]\n|-damage|p2b: Meganium|76/100|[from] Sandstorm\n|upkeep\n|\n|t:|1776484403\n|switch|p2a: Tyranitar|Tyranitar, L50, M|100/100\n|switch|p1a: Sharpedo|Sharpedo, L50, M|100/100\n|turn|4\n|inactive|w4toto has 30 seconds left.\n|\n|t:|1776484433\n|switch|p1b: Lana the Nail Tech|Sneasler, L50, M|100/100\n|detailschange|p1a: Sharpedo|Sharpedo-Mega, L50, M\n|-mega|p1a: Sharpedo|Sharpedo|Sharpedonite\n|move|p1a: Sharpedo|Protect|p1a: Sharpedo\n|-singleturn|p1a: Sharpedo|Protect\n|move|p2a: Tyranitar|Rock Slide|p1b: Lana the Nail Tech|[spread] p1b\n|-activate|p1a: Sharpedo|move: Protect\n|-resisted|p1b: Lana the Nail Tech|1\n|-damage|p1b: Lana the Nail Tech|72/100\n|move|p2b: Meganium|Dazzling Gleam|p1b: Lana the Nail Tech|[spread] p1b\n|-activate|p1a: Sharpedo|move: Protect\n|-damage|p1b: Lana the Nail Tech|28/100\n|\n|-weather|Sandstorm|[upkeep]\n|-damage|p2b: Meganium|70/100|[from] Sandstorm\n|-damage|p1a: Sharpedo|94/100|[from] Sandstorm\n|-damage|p1b: Lana the Nail Tech|22/100|[from] Sandstorm\n|upkeep\n|turn|5\n|inactive|w4toto has 30 seconds left.\n|inactive|w4toto has 20 seconds left.\n|\n|t:|1776484472\n|move|p1b: Lana the Nail Tech|Fake Out|p2b: Meganium\n|-damage|p2b: Meganium|54/100\n|move|p2a: Tyranitar|Rock Slide|p1a: Sharpedo|[spread] p1b\n|-miss|p2a: Tyranitar|p1a: Sharpedo\n|-resisted|p1b: Lana the Nail Tech|1\n|-damage|p1b: Lana the Nail Tech|0 fnt\n|faint|p1b: Lana the Nail Tech\n|cant|p2b: Meganium|flinch\n|move|p1a: Sharpedo|Liquidation|p2a: Tyranitar\n|-supereffective|p2a: Tyranitar|1\n|-damage|p2a: Tyranitar|21/100\n|-unboost|p2a: Tyranitar|def|1\n|\n|-weather|none\n|upkeep\n|\n|t:|1776484489\n|switch|p1b: Rocky Helmet|Garchomp, L50, M|80/100\n|turn|6\n|\n|t:|1776484497\n|move|p2a: Tyranitar|Curse|p2a: Tyranitar\n|-unboost|p2a: Tyranitar|spe|1\n|-boost|p2a: Tyranitar|atk|1\n|-boost|p2a: Tyranitar|def|1\n|move|p2b: Meganium|Dazzling Gleam|p1b: Rocky Helmet|[spread] p1a,p1b\n|-supereffective|p1a: Sharpedo|1\n|-supereffective|p1b: Rocky Helmet|1\n|-damage|p1a: Sharpedo|2/100\n|-damage|p1b: Rocky Helmet|5/100\n|move|p1a: Sharpedo|Liquidation|p2a: Tyranitar\n|-supereffective|p2a: Tyranitar|1\n|-damage|p2a: Tyranitar|0 fnt\n|faint|p2a: Tyranitar\n|move|p1b: Rocky Helmet|Iron Head|p2b: Meganium\n|-supereffective|p2b: Meganium|1\n|-crit|p2b: Meganium\n|-damage|p2b: Meganium|0 fnt\n|faint|p2b: Meganium\n|\n|win|w4toto\n|raw|w4toto's rating: 1180 &rarr; <strong>1208</strong><br />(+28 for winning)\n|raw|terratron's rating: 1226 &rarr; <strong>1198</strong><br />(-28 for losing)\n",
  "uploadtime": 1776484512,
  "views": 22,
  "formatid": "gen9championsvgc2026regma",
  "rating": 1198,
  "private": 0,
  "password": null
}