{
  "id": "gen9championsvgc2026regma-2585920974",
  "format": "[Gen 9 Champions] VGC 2026 Reg M-A",
  "players": [
    "Leader",
    "Wallisface"
  ],
  "log": "|j|\u2606Leader\n|j|\u2606Wallisface\n|t:|1776381613\n|gametype|doubles\n|player|p1|Leader|lucian|1048\n|player|p2|Wallisface|roxie|1064\n|gen|9\n|tier|[Gen 9 Champions] VGC 2026 Reg M-A\n|rated|\n|rule|Species Clause: Limit one of each Pok\u00e9mon\n|rule|Item Clause: Limit 1 of each item\n|clearpoke\n|poke|p1|Garchomp, L50, F|\n|poke|p1|Orthworm, L50, M|\n|poke|p1|Corviknight, L50, F|\n|poke|p1|Rotom-Wash, L50|\n|poke|p1|Hippowdon, L50, M|\n|poke|p1|Sinistcha-Masterpiece, L50|\n|poke|p2|Kleavor, L50, F|\n|poke|p2|Hippowdon, L50, M|\n|poke|p2|Gyarados, L50, F|\n|poke|p2|Glimmora, L50, M|\n|poke|p2|Venusaur, L50, F|\n|poke|p2|Arcanine, L50, M|\n|teampreview|4\n|inactive|Battle timer is ON: inactive players will automatically lose when time's up. (requested by Wallisface)\n|inactive|Leader has 60 seconds left.\n|\n|t:|1776381658\n|teamsize|p1|4\n|teamsize|p2|4\n|start\n|switch|p1a: Orthworm|Orthworm, L50, M|100/100\n|switch|p1b: Sinistcha|Sinistcha-Masterpiece, L50|100/100\n|switch|p2a: Glimmora|Glimmora, L50, M|100/100\n|switch|p2b: Venusaur|Venusaur, L50, F|100/100\n|turn|1\n|\n|t:|1776381672\n|detailschange|p2b: Venusaur|Venusaur-Mega, L50, F\n|-mega|p2b: Venusaur|Venusaur|Venusaurite\n|move|p1b: Sinistcha|Rage Powder|p1b: Sinistcha\n|-singleturn|p1b: Sinistcha|move: Rage Powder\n|move|p2a: Glimmora|Mortal Spin|p1a: Orthworm|[spread] p1b\n|-immune|p1a: Orthworm\n|-damage|p1b: Sinistcha|96/100\n|-status|p1b: Sinistcha|psn\n|move|p2b: Venusaur|Leech Seed|p1a: Orthworm\n|-start|p1a: Orthworm|move: Leech Seed\n|move|p1a: Orthworm|Sandstorm|p1a: Orthworm\n|-weather|Sandstorm\n|\n|-weather|Sandstorm|[upkeep]\n|-damage|p2b: Venusaur|95/100|[from] Sandstorm\n|-damage|p1b: Sinistcha|90/100 psn|[from] Sandstorm\n|-damage|p1a: Orthworm|88/100|[from] Leech Seed|[of] p2b: Venusaur\n|-heal|p2b: Venusaur|100/100|[silent]\n|-damage|p1b: Sinistcha|78/100 psn|[from] psn\n|upkeep\n|turn|2\n|inactive|Leader has 30 seconds left.\n|\n|t:|1776381699\n|switch|p1b: Rotom|Rotom-Wash, L50|100/100\n|move|p2a: Glimmora|Sludge Bomb|p1b: Rotom\n|-damage|p1b: Rotom|48/100\n|move|p2b: Venusaur|Giga Drain|p1a: Orthworm\n|-resisted|p1a: Orthworm|1\n|-damage|p1a: Orthworm|65/100\n|move|p1a: Orthworm|Shed Tail|p1a: Orthworm\n|-start|p1a: Orthworm|Substitute|[from] move: Shed Tail\n|-damage|p1a: Orthworm|15/100\n|-enditem|p1a: Orthworm|Sitrus Berry|[eat]\n|-heal|p1a: Orthworm|39/100|[from] item: Sitrus Berry\n|\n|t:|1776381713\n|switch|p1a: Garchomp|Garchomp, L50, F|100/100|[from] Shed Tail\n|\n|-weather|Sandstorm|[upkeep]\n|-damage|p1b: Rotom|42/100|[from] Sandstorm\n|-damage|p2b: Venusaur|95/100|[from] Sandstorm\n|upkeep\n|turn|3\n|\n|t:|1776381725\n|switch|p1b: Orthworm|Orthworm, L50, M|39/100\n|detailschange|p1a: Garchomp|Garchomp-Mega, L50, F\n|-mega|p1a: Garchomp|Garchomp|Garchompite\n|move|p1a: Garchomp|Earthquake|p2b: Venusaur|[spread] p2a,p2b\n|-heal|p1b: Orthworm|64/100|[from] ability: Earth Eater|[of] p1a: Garchomp\n|-supereffective|p2a: Glimmora|2\n|-crit|p2b: Venusaur\n|-enditem|p2a: Glimmora|Focus Sash\n|-damage|p2a: Glimmora|1/100\n|-damage|p2b: Venusaur|29/100\n|-activate|p2a: Glimmora|ability: Toxic Debris\n|-sidestart|p1: Leader|move: Toxic Spikes\n|move|p2a: Glimmora|Sludge Bomb|p1b: Orthworm\n|-immune|p1b: Orthworm\n|move|p2b: Venusaur|Giga Drain|p1a: Garchomp\n|-end|p1a: Garchomp|Substitute\n|-heal|p2b: Venusaur|41/100|[from] drain|[of] p1a: Garchomp\n|\n|-weather|Sandstorm|[upkeep]\n|-damage|p2b: Venusaur|35/100|[from] Sandstorm\n|upkeep\n|turn|4\n|inactive|Leader has 30 seconds left.\n|inactive|Wallisface has 30 seconds left.\n|inactive|Wallisface has 20 seconds left.\n|inactive|Wallisface has 15 seconds left.\n|inactive|Wallisface has 10 seconds left.\n|\n|t:|1776381773\n|switch|p1b: Rotom|Rotom-Wash, L50|42/100\n|move|p2b: Venusaur|Protect|p2b: Venusaur\n|-singleturn|p2b: Venusaur|Protect\n|move|p1a: Garchomp|Earthquake|p2a: Glimmora|[spread] p2a\n|-activate|p2b: Venusaur|move: Protect\n|-immune|p1b: Rotom|[from] ability: Levitate\n|-supereffective|p2a: Glimmora|2\n|-damage|p2a: Glimmora|0 fnt\n|-activate|p2a: Glimmora|ability: Toxic Debris\n|-sidestart|p1: Leader|move: Toxic Spikes\n|faint|p2a: Glimmora\n|\n|-weather|Sandstorm|[upkeep]\n|-damage|p1b: Rotom|37/100|[from] Sandstorm\n|-damage|p2b: Venusaur|29/100|[from] Sandstorm\n|upkeep\n|inactive|Wallisface has 30 seconds left.\n|\n|t:|1776381805\n|switch|p2a: Gyarados|Gyarados, L50, F|100/100\n|-ability|p2a: Gyarados|Intimidate|boost\n|-unboost|p1a: Garchomp|atk|1\n|-unboost|p1b: Rotom|atk|1\n|turn|5\n|\n|t:|1776381822\n|switch|p2b: Arcanine|Arcanine, L50, M|100/100\n|-ability|p2b: Arcanine|Intimidate|boost\n|-unboost|p1a: Garchomp|atk|1\n|-unboost|p1b: Rotom|atk|1\n|move|p1b: Rotom|Volt Switch|p2a: Gyarados\n|-supereffective|p2a: Gyarados|2\n|-damage|p2a: Gyarados|0 fnt\n|faint|p2a: Gyarados\n|\n|t:|1776381833\n|switch|p1b: Sinistcha|Sinistcha-Masterpiece, L50|78/100 psn|[from] Volt Switch\n|move|p1a: Garchomp|Rock Slide|p2b: Arcanine\n|-supereffective|p2b: Arcanine|1\n|-damage|p2b: Arcanine|55/100\n|\n|-weather|none\n|-damage|p1b: Sinistcha|66/100 psn|[from] psn\n|upkeep\n|-message|Wallisface forfeited.\n|\n|win|Leader\n|raw|Leader's rating: 1048 &rarr; <strong>1082</strong><br />(+34 for winning)\n|raw|Wallisface's rating: 1064 &rarr; <strong>1043</strong><br />(-21 for losing)\n|l|\u2606Wallisface\n|player|p2|\n",
  "uploadtime": 1776381847,
  "views": 15,
  "formatid": "gen9championsvgc2026regma",
  "rating": 1043,
  "private": 0,
  "password": null
}