{
  "id": "gen9championsvgc2026regma-2583073015",
  "format": "[Gen 9 Champions] VGC 2026 Reg M-A",
  "players": [
    "pokeveteran04",
    "ootama"
  ],
  "log": "|j|\u2606pokeveteran04\n|j|\u2606ootama\n|t:|1776138986\n|gametype|doubles\n|player|p1|pokeveteran04|red|\n|player|p2|ootama|2|\n|gen|9\n|tier|[Gen 9 Champions] VGC 2026 Reg M-A\n|rated|Tournament battle\n|rule|Species Clause: Limit one of each Pok\u00e9mon\n|rule|Item Clause: Limit 1 of each item\n|clearpoke\n|poke|p1|Charizard, L50, F|\n|poke|p1|Venusaur, L50, M|\n|poke|p1|Garchomp, L50, F|\n|poke|p1|Rotom-Wash, L50|\n|poke|p1|Sneasler, L50, F|\n|poke|p1|Incineroar, L50, F|\n|poke|p2|Tyranitar, L50, F|\n|poke|p2|Palafin, L50, M|\n|poke|p2|Excadrill, L50, M|\n|poke|p2|Garchomp, L50, M|\n|poke|p2|Incineroar, L50, M|\n|poke|p2|Whimsicott, L50, M|\n|teampreview|4\n|inactive|Battle timer is ON: inactive players will automatically lose when time's up. (requested by ootama)\n|j|@Radio Free C-Side\n|inactive|pokeveteran04 has 60 seconds left.\n|inactive|ootama has 60 seconds left.\n|c|\u2606pokeveteran04|oops\n|j| SpikeMike\n|inactive|ootama has 30 seconds left.\n|inactive|ootama has 20 seconds left.\n|\n|t:|1776139059\n|teamsize|p1|4\n|teamsize|p2|4\n|start\n|switch|p1a: Rotom|Rotom-Wash, L50|100/100\n|switch|p1b: Sneasler|Sneasler, L50, F|100/100\n|switch|p2a: Palafin|Palafin, L50, M|100/100\n|switch|p2b: Excadrill|Excadrill, L50, M|100/100\n|turn|1\n|inactive|pokeveteran04 has 30 seconds left.\n|inactive|ootama has 30 seconds left.\n|inactive|pokeveteran04 has 20 seconds left.\n|inactive|ootama has 20 seconds left.\n|inactive|ootama has 15 seconds left.\n|\n|t:|1776139100\n|move|p1b: Sneasler|Fake Out|p2b: Excadrill\n|-resisted|p2b: Excadrill|1\n|-damage|p2b: Excadrill|91/100\n|move|p2a: Palafin|Flip Turn|p1a: Rotom\n|-resisted|p1a: Rotom|1\n|-damage|p1a: Rotom|91/100\n|\n|t:|1776139113\n|detailschange|p2a: Palafin|Palafin-Hero, L50, M\n|switch|p2a: Tyranitar|Tyranitar, L50, F|100/100|[from] Flip Turn\n|-weather|Sandstorm|[from] ability: Sand Stream|[of] p2a: Tyranitar\n|cant|p2b: Excadrill|flinch\n|move|p1a: Rotom|Hydro Pump|p2b: Excadrill\n|-supereffective|p2b: Excadrill|1\n|-crit|p2b: Excadrill\n|-damage|p2b: Excadrill|0 fnt\n|faint|p2b: Excadrill\n|\n|-weather|Sandstorm|[upkeep]\n|-damage|p1b: Sneasler|95/100|[from] Sandstorm\n|-damage|p1a: Rotom|85/100|[from] Sandstorm\n|-heal|p1a: Rotom|91/100|[from] item: Leftovers\n|upkeep\n|\n|t:|1776139128\n|switch|p2b: Incineroar|Incineroar, L50, M|100/100\n|-ability|p2b: Incineroar|Intimidate|boost\n|-unboost|p1a: Rotom|atk|1\n|-unboost|p1b: Sneasler|atk|1\n|-enditem|p1b: Sneasler|White Herb\n|-clearnegativeboost|p1b: Sneasler|[silent]\n|turn|2\n|inactive|pokeveteran04 has 30 seconds left.\n|\n|t:|1776139155\n|switch|p1b: Garchomp|Garchomp, L50, F|100/100\n|detailschange|p2a: Tyranitar|Tyranitar-Mega, L50, F\n|-mega|p2a: Tyranitar|Tyranitar|Tyranitarite\n|move|p2b: Incineroar|Fake Out|p1b: Garchomp\n|-damage|p1b: Garchomp|90/100\n|-damage|p2b: Incineroar|88/100|[from] ability: Rough Skin|[of] p1b: Garchomp\n|move|p1a: Rotom|Will-O-Wisp|p2a: Tyranitar\n|-status|p2a: Tyranitar|brn\n|move|p2a: Tyranitar|Dragon Dance|p2a: Tyranitar\n|-boost|p2a: Tyranitar|atk|1\n|-boost|p2a: Tyranitar|spe|1\n|\n|-weather|Sandstorm|[upkeep]\n|-damage|p1a: Rotom|85/100|[from] Sandstorm\n|-damage|p2b: Incineroar|82/100|[from] Sandstorm\n|-heal|p1a: Rotom|91/100|[from] item: Leftovers\n|-damage|p2a: Tyranitar|95/100 brn|[from] brn\n|upkeep\n|turn|3\n|inactive|ootama has 30 seconds left.\n|\n|t:|1776139184\n|move|p2a: Tyranitar|Protect|p2a: Tyranitar\n|-singleturn|p2a: Tyranitar|Protect\n|move|p1b: Garchomp|Earthquake|p2a: Tyranitar|[spread] p2b\n|-activate|p2a: Tyranitar|move: Protect\n|-immune|p1a: Rotom|[from] ability: Levitate\n|-supereffective|p2b: Incineroar|1\n|-damage|p2b: Incineroar|0 fnt\n|faint|p2b: Incineroar\n|move|p1a: Rotom|Thunderbolt|p2a: Tyranitar\n|-activate|p2a: Tyranitar|move: Protect\n|\n|-weather|Sandstorm|[upkeep]\n|-damage|p1a: Rotom|85/100|[from] Sandstorm\n|-heal|p1a: Rotom|91/100|[from] item: Leftovers\n|-damage|p2a: Tyranitar|89/100 brn|[from] brn\n|upkeep\n|\n|t:|1776139198\n|switch|p2b: Palafin|Palafin-Hero, L50, M|100/100\n|-activate|p2b: Palafin|ability: Zero to Hero\n|turn|4\n|\n|t:|1776139221\n|move|p2b: Palafin|Wave Crash|p1b: Garchomp\n|-damage|p1b: Garchomp|22/100\n|-damage|p2b: Palafin|88/100|[from] ability: Rough Skin|[of] p1b: Garchomp\n|-damage|p2b: Palafin|64/100|[from] Recoil\n|move|p1b: Garchomp|Earthquake|p2a: Tyranitar|[spread] p2a,p2b\n|-immune|p1a: Rotom|[from] ability: Levitate\n|-supereffective|p2a: Tyranitar|1\n|-damage|p2a: Tyranitar|51/100 brn\n|-damage|p2b: Palafin|23/100\n|move|p2a: Tyranitar|Rock Slide|p1a: Rotom|[spread] p1a\n|-miss|p2a: Tyranitar|p1b: Garchomp\n|-damage|p1a: Rotom|72/100\n|cant|p1a: Rotom|flinch\n|\n|-weather|Sandstorm|[upkeep]\n|-damage|p2b: Palafin|17/100|[from] Sandstorm\n|-damage|p1a: Rotom|67/100|[from] Sandstorm\n|-heal|p1a: Rotom|72/100|[from] item: Leftovers\n|-damage|p2a: Tyranitar|45/100 brn|[from] brn\n|upkeep\n|turn|5\n|inactive|pokeveteran04 has 30 seconds left.\n|inactive|ootama has 30 seconds left.\n|inactive|pokeveteran04 has 20 seconds left.\n|inactive|ootama has 20 seconds left.\n|\n|t:|1776139261\n|switch|p1b: Incineroar|Incineroar, L50, F|100/100\n|-ability|p1b: Incineroar|Intimidate|boost\n|-unboost|p2a: Tyranitar|atk|1\n|-unboost|p2b: Palafin|atk|1\n|move|p2b: Palafin|Wave Crash|p1b: Incineroar\n|-supereffective|p1b: Incineroar|1\n|-damage|p1b: Incineroar|2/100\n|-enditem|p1b: Incineroar|Sitrus Berry|[eat]\n|-heal|p1b: Incineroar|27/100|[from] item: Sitrus Berry\n|-damage|p2b: Palafin|0 fnt|[from] Recoil\n|faint|p2b: Palafin\n|move|p2a: Tyranitar|Rock Slide|p1a: Rotom|[spread] p1a,p1b\n|-supereffective|p1b: Incineroar|1\n|-damage|p1a: Rotom|60/100\n|-damage|p1b: Incineroar|0 fnt\n|faint|p1b: Incineroar\n|move|p1a: Rotom|Thunderbolt|p2a: Tyranitar\n|-damage|p2a: Tyranitar|28/100 brn\n|\n|-weather|none\n|-heal|p1a: Rotom|66/100|[from] item: Leftovers\n|-damage|p2a: Tyranitar|22/100 brn|[from] brn\n|upkeep\n|\n|t:|1776139274\n|switch|p1b: Garchomp|Garchomp, L50, F|22/100\n|turn|6\n|inactive|pokeveteran04 has 30 seconds left.\n|inactive|pokeveteran04 has 20 seconds left.\n|inactive|pokeveteran04 has 15 seconds left.\n|inactive|pokeveteran04 has 10 seconds left.\n|inactive|pokeveteran04 has 5 seconds left.\n|\n|t:|1776139329\n|move|p1b: Garchomp|Earthquake|p2a: Tyranitar|[spread] p2a\n|-immune|p1a: Rotom|[from] ability: Levitate\n|-supereffective|p2a: Tyranitar|1\n|-damage|p2a: Tyranitar|0 fnt\n|faint|p2a: Tyranitar\n|\n|win|pokeveteran04\n|n|\u2606pokeveteran04|pokeveteran04\n|n|\u2606ootama|ootama\n|n|+Radio Free C-Side|radiofreecside\n|n| SpikeMike|spikemike\n",
  "uploadtime": 1776139330,
  "views": 11,
  "formatid": "gen9championsvgc2026regma",
  "rating": null,
  "private": 0,
  "password": null
}