{
  "id": "gen9championsvgc2026regma-2587723117",
  "format": "[Gen 9 Champions] VGC 2026 Reg M-A",
  "players": [
    "M4lignant Cheney",
    "messymylo"
  ],
  "log": "|j|\u2606M4lignant Cheney\n|j|\u2606messymylo\n|t:|1776557500\n|gametype|doubles\n|player|p1|M4lignant Cheney|teacher-gen2|1069\n|player|p2|messymylo|101|1117\n|gen|9\n|tier|[Gen 9 Champions] VGC 2026 Reg M-A\n|rated|\n|rule|Species Clause: Limit one of each Pok\u00e9mon\n|rule|Item Clause: Limit 1 of each item\n|clearpoke\n|poke|p1|Froslass, L50, F|\n|poke|p1|Garchomp, L50, F|\n|poke|p1|Whimsicott, L50, M|\n|poke|p1|Arcanine, L50, F|\n|poke|p1|Corviknight, L50, F|\n|poke|p1|Dragonite, L50, F|\n|poke|p2|Kangaskhan, L50, F|\n|poke|p2|Aegislash, L50, M, shiny|\n|poke|p2|Sylveon, L50, F, shiny|\n|poke|p2|Garchomp, L50, M|\n|poke|p2|Volcarona, L50, M, shiny|\n|poke|p2|Aerodactyl, L50, F|\n|teampreview|4\nM4lignant Cheney rejected open team sheets.\n|c|\u2606messymylo|glhf\n|c|\u2606M4lignant Cheney|u2\n|\n|t:|1776557550\n|teamsize|p1|4\n|teamsize|p2|4\n|start\n|switch|p1a: FreezeyMoneySniper|Froslass, L50, F|100/100\n|switch|p1b: LadyOfDNite|Dragonite, L50, F|100/100\n|switch|p2a: Aegislash|Aegislash, L50, M, shiny|100/100\n|switch|p2b: Aerodactyl|Aerodactyl, L50, F|100/100\n|turn|1\n|inactive|Battle timer is ON: inactive players will automatically lose when time's up. (requested by messymylo)\n|\n|t:|1776557569\n|switch|p1b: CrowCountry4OldMen|Corviknight, L50, F|100/100\n|detailschange|p1a: FreezeyMoneySniper|Froslass-Mega, L50, F\n|-mega|p1a: FreezeyMoneySniper|Froslass|Froslassite\n|-weather|Snowscape|[from] ability: Snow Warning|[of] p1a: FreezeyMoneySniper\n|move|p2b: Aerodactyl|Tailwind|p2b: Aerodactyl\n|-sidestart|p2: messymylo|move: Tailwind\n|move|p1a: FreezeyMoneySniper|Aurora Veil|p1a: FreezeyMoneySniper\n|-sidestart|p1: M4lignant Cheney|move: Aurora Veil\n|-formechange|p2a: Aegislash|Aegislash-Blade|\n|move|p2a: Aegislash|Poltergeist|p1b: CrowCountry4OldMen\n|-activate|p1b: CrowCountry4OldMen|move: Poltergeist|Leftovers\n|-damage|p1b: CrowCountry4OldMen|60/100\n|\n|-weather|Snowscape|[upkeep]\n|-heal|p1b: CrowCountry4OldMen|66/100|[from] item: Leftovers\n|upkeep\n|turn|2\n|\n|t:|1776557591\n|move|p2b: Aerodactyl|Rock Slide|p1a: FreezeyMoneySniper|[spread] p1a\n|-miss|p2b: Aerodactyl|p1b: CrowCountry4OldMen\n|-supereffective|p1a: FreezeyMoneySniper|1\n|-damage|p1a: FreezeyMoneySniper|68/100\n|move|p1a: FreezeyMoneySniper|Blizzard|p2a: Aegislash|[spread] p2a,p2b\n|-resisted|p2a: Aegislash|1\n|-supereffective|p2b: Aerodactyl|1\n|-damage|p2a: Aegislash|57/100\n|-enditem|p2b: Aerodactyl|Focus Sash\n|-damage|p2b: Aerodactyl|1/100\n|-status|p2a: Aegislash|frz\n|-status|p2b: Aerodactyl|frz\n|cant|p2a: Aegislash|frz\n|move|p1b: CrowCountry4OldMen|Bulk Up|p1b: CrowCountry4OldMen\n|-boost|p1b: CrowCountry4OldMen|atk|1\n|-boost|p1b: CrowCountry4OldMen|def|1\n|\n|-weather|Snowscape|[upkeep]\n|-heal|p1b: CrowCountry4OldMen|71/100|[from] item: Leftovers\n|upkeep\n|turn|3\n|c|\u2606messymylo|oh\n|c|\u2606M4lignant Cheney|neat\n|c|\u2606messymylo|lmfao\n|inactive|messymylo has 30 seconds left.\n|\n|t:|1776557620\n|cant|p2b: Aerodactyl|frz\n|move|p1a: FreezeyMoneySniper|Shadow Ball|p2a: Aegislash\n|-supereffective|p2a: Aegislash|1\n|-damage|p2a: Aegislash|0 fnt\n|faint|p2a: Aegislash\n|move|p1b: CrowCountry4OldMen|Iron Head|p2b: Aerodactyl\n|-supereffective|p2b: Aerodactyl|1\n|-damage|p2b: Aerodactyl|0 fnt\n|faint|p2b: Aerodactyl\n|\n|-weather|Snowscape|[upkeep]\n|-heal|p1b: CrowCountry4OldMen|77/100|[from] item: Leftovers\n|upkeep\n|\n|t:|1776557626\n|switch|p2b: Kangaskhan|Kangaskhan, L50, F|100/100\n|switch|p2a: Sylveon|Sylveon, L50, F, shiny|100/100\n|turn|4\n|\n|t:|1776557639\n|detailschange|p2b: Kangaskhan|Kangaskhan-Mega, L50, F\n|-mega|p2b: Kangaskhan|Kangaskhan|Kangaskhanite\n|move|p2a: Sylveon|Protect|p2a: Sylveon\n|-singleturn|p2a: Sylveon|Protect\n|move|p2b: Kangaskhan|Crunch|p1a: FreezeyMoneySniper\n|-supereffective|p1a: FreezeyMoneySniper|1\n|-damage|p1a: FreezeyMoneySniper|32/100\n|-supereffective|p1a: FreezeyMoneySniper|1\n|-damage|p1a: FreezeyMoneySniper|24/100\n|-hitcount|p1a: FreezeyMoneySniper|2\n|move|p1a: FreezeyMoneySniper|Blizzard|p2a: Sylveon|[spread] p2b\n|-activate|p2a: Sylveon|move: Protect\n|-damage|p2b: Kangaskhan|60/100\n|move|p1b: CrowCountry4OldMen|Iron Head|p2a: Sylveon\n|-activate|p2a: Sylveon|move: Protect\n|\n|-weather|Snowscape|[upkeep]\n|-heal|p1b: CrowCountry4OldMen|83/100|[from] item: Leftovers\n|-sideend|p2: messymylo|move: Tailwind\n|upkeep\n|turn|5\n|\n|t:|1776557661\n|move|p2a: Sylveon|Protect|p2a: Sylveon\n|-singleturn|p2a: Sylveon|Protect\n|move|p1a: FreezeyMoneySniper|Blizzard|p2b: Kangaskhan|[spread] p2b\n|-activate|p2a: Sylveon|move: Protect\n|-damage|p2b: Kangaskhan|19/100\n|-status|p2b: Kangaskhan|frz\n|cant|p2b: Kangaskhan|frz\n|move|p1b: CrowCountry4OldMen|Iron Head|p2a: Sylveon\n|-activate|p2a: Sylveon|move: Protect\n|\n|-weather|none\n|-heal|p1b: CrowCountry4OldMen|89/100|[from] item: Leftovers\n|-sideend|p1: M4lignant Cheney|move: Aurora Veil\n|upkeep\n|turn|6\n|c|\u2606M4lignant Cheney|no way\n|c|\u2606messymylo|do you live near a gas stationo\n|c|\u2606M4lignant Cheney|not reallt\n|\n|t:|1776557685\n|cant|p2b: Kangaskhan|frz\n|move|p2a: Sylveon|Quick Attack|p1a: FreezeyMoneySniper\n|-damage|p1a: FreezeyMoneySniper|0 fnt\n|faint|p1a: FreezeyMoneySniper\n|move|p1b: CrowCountry4OldMen|Iron Head|p2a: Sylveon\n|-supereffective|p2a: Sylveon|1\n|-damage|p2a: Sylveon|0 fnt\n|faint|p2a: Sylveon\n|\n|-heal|p1b: CrowCountry4OldMen|95/100|[from] item: Leftovers\n|upkeep\n|c|\u2606messymylo|if you do, go buy every lottery ticket they have right now\n|c|\u2606messymylo|hm.\n|\n|t:|1776557693\n|switch|p1a: LadyOfDNite|Dragonite, L50, F|100/100\n|turn|7\n|c|\u2606messymylo|u hit on 3 ten percent in a game\n|c|\u2606messymylo|you're chosen\n|\n|t:|1776557709\n|-curestatus|p2b: Kangaskhan|frz|[msg]\n|move|p2b: Kangaskhan|Protect|p2b: Kangaskhan\n|-singleturn|p2b: Kangaskhan|Protect\n|move|p1a: LadyOfDNite|Superpower|p2b: Kangaskhan\n|-activate|p2b: Kangaskhan|move: Protect\n|move|p1b: CrowCountry4OldMen|Brave Bird|p2b: Kangaskhan\n|-activate|p2b: Kangaskhan|move: Protect\n|\n|-heal|p1b: CrowCountry4OldMen|100/100|[from] item: Leftovers\n|upkeep\n|turn|8\n|c|\u2606M4lignant Cheney|or i spent it all now\n|c|\u2606M4lignant Cheney|and im gonna get struck by lightning\n|c|\u2606messymylo|that's how losers think\n|c|\u2606M4lignant Cheney|TRUE\n|\n|t:|1776557732\n|move|p2b: Kangaskhan|Protect||[still]\n|-fail|p2b: Kangaskhan\n|move|p1a: LadyOfDNite|Superpower|p2b: Kangaskhan\n|-supereffective|p2b: Kangaskhan|1\n|-damage|p2b: Kangaskhan|0 fnt\n|-unboost|p1a: LadyOfDNite|atk|1\n|-unboost|p1a: LadyOfDNite|def|1\n|faint|p2b: Kangaskhan\n|\n|win|M4lignant Cheney\n|raw|M4lignant Cheney's rating: 1069 &rarr; <strong>1103</strong><br />(+34 for winning)\n|raw|messymylo's rating: 1117 &rarr; <strong>1089</strong><br />(-28 for losing)\n|c|\u2606messymylo|hahahahahaha\n|c|\u2606messymylo|gg\n|c|\u2606M4lignant Cheney|gg i guess\n|c|\u2606messymylo|ohw ait yeah\n|c|\u2606messymylo|BG\n",
  "uploadtime": 1776557747,
  "views": 37,
  "formatid": "gen9championsvgc2026regma",
  "rating": 1089,
  "private": 0,
  "password": null
}