{
  "id": "gen9championsvgc2026regma-2586295739",
  "format": "[Gen 9 Champions] VGC 2026 Reg M-A",
  "players": [
    "SportyChief",
    "jzcool"
  ],
  "log": "|j|\u2606SportyChief\n|j|\u2606jzcool\n|t:|1776422425\n|gametype|doubles\n|player|p1|SportyChief|102|1022\n|player|p2|jzcool|mars|1000\n|gen|9\n|tier|[Gen 9 Champions] VGC 2026 Reg M-A\n|rated|\n|rule|Species Clause: Limit one of each Pok\u00e9mon\n|rule|Item Clause: Limit 1 of each item\n|clearpoke\n|poke|p1|Mr. Rime, L50, F|\n|poke|p1|Simisage, L50, M|\n|poke|p1|Florges, L50, F|\n|poke|p1|Froslass, L50, F|\n|poke|p1|Simipour, L50, F|\n|poke|p1|Simisear, L50, M|\n|poke|p2|Aerodactyl, L50, M|\n|poke|p2|Floette-Eternal, L50, F|\n|poke|p2|Incineroar, L50, F|\n|poke|p2|Maushold-Four, L50|\n|poke|p2|Kingambit, L50, F|\n|poke|p2|Basculegion, L50, M|\n|teampreview|4\n|inactive|Battle timer is ON: inactive players will automatically lose when time's up. (requested by SportyChief)\n|inactive|jzcool has 60 seconds left.\n|\n|t:|1776422457\n|teamsize|p1|4\n|teamsize|p2|4\n|start\n|switch|p1a: Mr. Rime|Mr. Rime, L50, F, shiny|100/100\n|switch|p1b: Froslass|Froslass, L50, F|100/100\n|switch|p2a: Floette|Floette-Eternal, L50, F|100/100\n|switch|p2b: Aerodactyl|Aerodactyl, L50, M|100/100\n|-ability|p2b: Aerodactyl|Unnerve\n|turn|1\n|inactive|SportyChief has 30 seconds left.\n|\n|t:|1776422486\n|detailschange|p1b: Froslass|Froslass-Mega, L50, F\n|-mega|p1b: Froslass|Froslass|Froslassite\n|-weather|Snowscape|[from] ability: Snow Warning|[of] p1b: Froslass\n|move|p2a: Floette|Protect|p2a: Floette\n|-singleturn|p2a: Floette|Protect\n|move|p2b: Aerodactyl|Tailwind|p2b: Aerodactyl\n|-sidestart|p2: jzcool|move: Tailwind\n|move|p1b: Froslass|Imprison|p1b: Froslass\n|-start|p1b: Froslass|move: Imprison\n|move|p1a: Mr. Rime|Calm Mind|p1a: Mr. Rime\n|-boost|p1a: Mr. Rime|spa|1\n|-boost|p1a: Mr. Rime|spd|1\n|\n|-weather|Snowscape|[upkeep]\n|upkeep\n|turn|2\n|inactive|SportyChief has 30 seconds left.\n|inactive|SportyChief has 20 seconds left.\n|\n|t:|1776422522\n|move|p2b: Aerodactyl|Rock Slide|p1b: Froslass|[spread] p1a,p1b\n|-supereffective|p1a: Mr. Rime|1\n|-supereffective|p1b: Froslass|1\n|-damage|p1a: Mr. Rime|70/100\n|-damage|p1b: Froslass|67/100\n|move|p2a: Floette|Calm Mind|p2a: Floette\n|-boost|p2a: Floette|spa|1\n|-boost|p2a: Floette|spd|1\n|move|p1b: Froslass|Confuse Ray|p2a: Floette\n|-start|p2a: Floette|confusion\n|cant|p1a: Mr. Rime|flinch\n|\n|-weather|Snowscape|[upkeep]\n|upkeep\n|turn|3\n|inactive|jzcool has 30 seconds left.\n|inactive|jzcool has 20 seconds left.\n|inactive|jzcool has 15 seconds left.\n|inactive|jzcool has 10 seconds left.\n|inactive|jzcool has 5 seconds left.\n|\n|t:|1776422578\n|move|p2b: Aerodactyl|Tailwind||[still]\n|-fail|p2b: Aerodactyl\n|-activate|p2a: Floette|confusion\n|-damage|p2a: Floette|91/100|[from] confusion\n|move|p1b: Froslass|Confuse Ray|p1a: Mr. Rime|[miss]\n|-miss|p1b: Froslass|p1a: Mr. Rime\n|move|p1a: Mr. Rime|Iron Defense|p1a: Mr. Rime\n|-boost|p1a: Mr. Rime|def|2\n|\n|-weather|Snowscape|[upkeep]\n|upkeep\n|turn|4\n|inactive|SportyChief has 30 seconds left.\n|inactive|jzcool has 30 seconds left.\n|inactive|jzcool has 20 seconds left.\n|inactive|jzcool has 15 seconds left.\n|inactive|jzcool has 10 seconds left.\n|\n|t:|1776422625\n|move|p2b: Aerodactyl|Rock Slide|p1a: Mr. Rime|[spread] p1a,p1b\n|-supereffective|p1a: Mr. Rime|1\n|-supereffective|p1b: Froslass|1\n|-damage|p1a: Mr. Rime|57/100\n|-damage|p1b: Froslass|37/100\n|-activate|p2a: Floette|confusion\n|move|p2a: Floette|Dazzling Gleam|p1b: Froslass|[spread] p1a,p1b\n|-damage|p1a: Mr. Rime|30/100\n|-damage|p1b: Froslass|0 fnt\n|faint|p1b: Froslass\n|move|p1a: Mr. Rime|Iron Defense|p1a: Mr. Rime\n|-boost|p1a: Mr. Rime|def|2\n|\n|-weather|Snowscape|[upkeep]\n|-sideend|p2: jzcool|move: Tailwind\n|upkeep\n|\n|t:|1776422637\n|switch|p1b: Florges|Florges, L50, F|100/100\n|turn|5\n|\n|t:|1776422647\n|detailschange|p2a: Floette|Floette-Mega, L50, F\n|-mega|p2a: Floette|Floette|Floettite\n|-ability|p2a: Floette|Fairy Aura\n|move|p2b: Aerodactyl|Rock Slide|p1b: Florges|[spread] p1a,p1b\n|-supereffective|p1a: Mr. Rime|1\n|-damage|p1a: Mr. Rime|19/100\n|-damage|p1b: Florges|84/100\n|-activate|p2a: Floette|confusion\n|-damage|p2a: Floette|81/100|[from] confusion\n|cant|p1b: Florges|flinch\n|move|p1a: Mr. Rime|Baton Pass|p1a: Mr. Rime\n|\n|t:|1776422657\n|switch|p1a: Simisage|Simisage, L50, M, shiny|100/100|[from] Baton Pass\n|\n|-weather|none\n|upkeep\n|turn|6\n|\n|t:|1776422675\n|move|p1a: Simisage|Fake Out|p2b: Aerodactyl\n|-resisted|p2b: Aerodactyl|1\n|-damage|p2b: Aerodactyl|93/100\n|cant|p2b: Aerodactyl|flinch\n|-end|p2a: Floette|confusion\n|move|p2a: Floette|Light of Ruin|p1a: Simisage\n|-damage|p1a: Simisage|0 fnt\n|faint|p1a: Simisage\n|-damage|p2a: Floette|31/100|[from] Recoil\n|move|p1b: Florges|Light Screen|p1b: Florges\n|-sidestart|p1: SportyChief|move: Light Screen\n|\n|upkeep\n|\n|t:|1776422686\n|switch|p1a: Mr. Rime|Mr. Rime, L50, F, shiny|19/100\n|turn|7\n|inactive|SportyChief has 30 seconds left.\n|inactive|SportyChief has 20 seconds left.\n|inactive|SportyChief has 15 seconds left.\n|inactive|SportyChief has 10 seconds left.\n|inactive|SportyChief has 5 seconds left.\n|\n|t:|1776422741\n|move|p2b: Aerodactyl|Rock Slide|p1b: Florges|[spread] p1a,p1b\n|-supereffective|p1a: Mr. Rime|1\n|-damage|p1a: Mr. Rime|0 fnt\n|-damage|p1b: Florges|66/100\n|faint|p1a: Mr. Rime\n|move|p2a: Floette|Dazzling Gleam|p1b: Florges\n|-damage|p1b: Florges|27/100\n|move|p1b: Florges|Grassy Terrain|p1b: Florges\n|-fieldstart|move: Grassy Terrain\n|\n|-heal|p2a: Floette|37/100|[from] Grassy Terrain\n|-heal|p1b: Florges|33/100|[from] Grassy Terrain\n|upkeep\n|turn|8\n|\n|t:|1776422763\n|move|p2b: Aerodactyl|Taunt|p1b: Florges\n|-start|p1b: Florges|move: Taunt\n|-enditem|p1b: Florges|Mental Herb\n|-end|p1b: Florges|move: Taunt\n|move|p2a: Floette|Light of Ruin|p1b: Florges\n|-damage|p1b: Florges|0 fnt\n|faint|p1b: Florges\n|-damage|p2a: Floette|17/100|[from] Recoil\n|\n|win|jzcool\n|raw|SportyChief's rating: 1022 &rarr; <strong>1008</strong><br />(-14 for losing)\n|raw|jzcool's rating: 1000 &rarr; <strong>1043</strong><br />(+43 for winning)\n|c|\u2606jzcool|gg\n|l|\u2606SportyChief\n|player|p1|\n",
  "uploadtime": 1776422806,
  "views": 23,
  "formatid": "gen9championsvgc2026regma",
  "rating": 1008,
  "private": 0,
  "password": null
}