{
  "id": "gen9championsvgc2026regma-2583973029",
  "format": "[Gen 9 Champions] VGC 2026 Reg M-A",
  "players": [
    "Poop Break",
    "Eclipseical"
  ],
  "log": "|j|\u2606Poop Break\n|j|\u2606Eclipseical\n|t:|1776213143\n|gametype|doubles\n|player|p1|Poop Break|1|1164\n|player|p2|Eclipseical|265|1129\n|gen|9\n|tier|[Gen 9 Champions] VGC 2026 Reg M-A\n|rated|\n|rule|Species Clause: Limit one of each Pok\u00e9mon\n|rule|Item Clause: Limit 1 of each item\n|clearpoke\n|poke|p1|Politoed, L50, M|\n|poke|p1|Meganium, L50, M|\n|poke|p1|Sinistcha, L50|\n|poke|p1|Mimikyu, L50, F|\n|poke|p1|Aegislash, L50, M|\n|poke|p1|Incineroar, L50, F|\n|poke|p2|Incineroar, L50, F|\n|poke|p2|Klefki, L50, F|\n|poke|p2|Pelipper, L50, F|\n|poke|p2|Garchomp, L50, F|\n|poke|p2|Dragonite, L50, M|\n|poke|p2|Palafin, L50, F|\n|teampreview|4\n|\n|t:|1776213167\n|teamsize|p1|4\n|teamsize|p2|4\n|start\n|switch|p1a: Mimikyu|Mimikyu, L50, F|100/100\n|switch|p1b: Sinistcha|Sinistcha, L50|100/100\n|switch|p2a: Incineroar|Incineroar, L50, F|100/100\n|switch|p2b: Klefki|Klefki, L50, F|100/100\n|-ability|p2a: Incineroar|Intimidate|boost\n|-unboost|p1a: Mimikyu|atk|1\n|-unboost|p1b: Sinistcha|atk|1\n|-enditem|p1a: Mimikyu|White Herb\n|-clearnegativeboost|p1a: Mimikyu|[silent]\n|turn|1\n|inactive|Battle timer is ON: inactive players will automatically lose when time's up. (requested by Poop Break)\n|\n|t:|1776213188\n|move|p1b: Sinistcha|Rage Powder|p1b: Sinistcha\n|-singleturn|p1b: Sinistcha|move: Rage Powder\n|move|p2b: Klefki|Light Screen|p2b: Klefki\n|-sidestart|p2: Eclipseical|move: Light Screen\n|move|p1a: Mimikyu|Swords Dance|p1a: Mimikyu\n|-boost|p1a: Mimikyu|atk|2\n|move|p2a: Incineroar|Flare Blitz|p1b: Sinistcha\n|-supereffective|p1b: Sinistcha|1\n|-damage|p1b: Sinistcha|35/100\n|-damage|p2a: Incineroar|82/100|[from] Recoil\n|\n|-heal|p1b: Sinistcha|42/100|[from] item: Leftovers\n|upkeep\n|turn|2\n|\n|t:|1776213211\n|move|p1b: Sinistcha|Rage Powder|p1b: Sinistcha\n|-singleturn|p1b: Sinistcha|move: Rage Powder\n|move|p2b: Klefki|Thunder Wave|p1b: Sinistcha\n|-status|p1b: Sinistcha|par\n|move|p2a: Incineroar|Flare Blitz|p1b: Sinistcha\n|-supereffective|p1b: Sinistcha|1\n|-damage|p1b: Sinistcha|0 fnt\n|faint|p1b: Sinistcha\n|-damage|p2a: Incineroar|70/100|[from] Recoil\n|move|p1a: Mimikyu|Trick Room|p1a: Mimikyu\n|-fieldstart|move: Trick Room|[of] p1a: Mimikyu\n|\n|upkeep\n|\n|t:|1776213224\n|switch|p1b: Meganium|Meganium, L50, M|100/100\n|turn|3\n|\n|t:|1776213235\n|switch|p2b: Palafin|Palafin, L50, F, shiny|100/100\n|detailschange|p1b: Meganium|Meganium-Mega, L50, M\n|-mega|p1b: Meganium|Meganium|Meganiumite\n|move|p2a: Incineroar|Flare Blitz|p1b: Meganium\n|-supereffective|p1b: Meganium|1\n|-damage|p1b: Meganium|19/100\n|-damage|p2a: Incineroar|45/100|[from] Recoil\n|-enditem|p2a: Incineroar|Sitrus Berry|[eat]\n|-heal|p2a: Incineroar|70/100|[from] item: Sitrus Berry\n|move|p1b: Meganium|Weather Ball|p2b: Palafin\n|-resisted|p2b: Palafin|1\n|-damage|p2b: Palafin|76/100\n|move|p1a: Mimikyu|Shadow Claw|p2b: Palafin\n|-crit|p2b: Palafin\n|-damage|p2b: Palafin|0 fnt\n|faint|p2b: Palafin\n|\n|upkeep\n|\n|t:|1776213252\n|switch|p2b: Dragonite|Dragonite, L50, M|100/100\n|turn|4\n|\n|t:|1776213262\n|detailschange|p2b: Dragonite|Dragonite-Mega, L50, M\n|-mega|p2b: Dragonite|Dragonite|Dragoninite\n|move|p1b: Meganium|Protect|p1b: Meganium\n|-singleturn|p1b: Meganium|Protect\n|move|p2b: Dragonite|Extreme Speed|p1b: Meganium\n|-activate|p1b: Meganium|move: Protect\n|move|p2a: Incineroar|Darkest Lariat|p1a: Mimikyu\n|-activate|p1a: Mimikyu|ability: Disguise\n|-damage|p1a: Mimikyu|100/100\n|detailschange|p1a: Mimikyu|Mimikyu-Busted, L50, F\n|-damage|p1a: Mimikyu|88/100|[from] pokemon: Mimikyu-Busted\n|move|p1a: Mimikyu|Play Rough|p2a: Incineroar\n|-damage|p2a: Incineroar|11/100\n|-unboost|p2a: Incineroar|atk|1\n|\n|upkeep\n|turn|5\n|inactive|Poop Break has 30 seconds left.\n|\n|t:|1776213292\n|move|p2b: Dragonite|Extreme Speed|p1b: Meganium\n|-damage|p1b: Meganium|2/100\n|move|p2a: Incineroar|Parting Shot|p1a: Mimikyu\n|-unboost|p1a: Mimikyu|atk|1\n|-unboost|p1a: Mimikyu|spa|1\n|\n|t:|1776213298\n|switch|p2a: Klefki|Klefki, L50, F|100/100|[from] Parting Shot\n|move|p1b: Meganium|Dazzling Gleam|p2b: Dragonite|[spread] p2a,p2b\n|-resisted|p2a: Klefki|1\n|-supereffective|p2b: Dragonite|1\n|-damage|p2a: Klefki|88/100\n|-damage|p2b: Dragonite|81/100\n|move|p1a: Mimikyu|Shadow Claw|p2a: Klefki\n|-damage|p2a: Klefki|35/100\n|\n|-sideend|p2: Eclipseical|move: Light Screen\n|upkeep\n|turn|6\n|\n|t:|1776213320\n|switch|p1b: Politoed|Politoed, L50, M|100/100\n|-weather|RainDance|[from] ability: Drizzle|[of] p1b: Politoed\n|move|p2b: Dragonite|Extreme Speed|p1b: Politoed\n|-damage|p1b: Politoed|78/100\n|move|p2a: Klefki|Light Screen|p2a: Klefki\n|-sidestart|p2: Eclipseical|move: Light Screen\n|move|p1a: Mimikyu|Play Rough|p2b: Dragonite\n|-supereffective|p2b: Dragonite|1\n|-damage|p2b: Dragonite|0 fnt\n|faint|p2b: Dragonite\n|\n|-weather|RainDance|[upkeep]\n|-fieldend|move: Trick Room\n|upkeep\n|\n|t:|1776213333\n|switch|p2b: Incineroar|Incineroar, L50, F|11/100\n|-ability|p2b: Incineroar|Intimidate|boost\n|-unboost|p1a: Mimikyu|atk|1\n|-unboost|p1b: Politoed|atk|1\n|turn|7\n|\n|t:|1776213352\n|move|p2b: Incineroar|Fake Out|p1b: Politoed\n|-damage|p1b: Politoed|65/100\n|move|p2a: Klefki|Thunder Wave|p1a: Mimikyu\n|-status|p1a: Mimikyu|par\n|cant|p1b: Politoed|flinch\n|move|p1a: Mimikyu|Shadow Claw|p2a: Klefki\n|-damage|p2a: Klefki|0 fnt\n|faint|p2a: Klefki\n|\n|-weather|RainDance|[upkeep]\n|upkeep\n|turn|8\n|\n|t:|1776213371\n|move|p1b: Politoed|Weather Ball|p2b: Incineroar\n|-supereffective|p2b: Incineroar|1\n|-damage|p2b: Incineroar|0 fnt\n|faint|p2b: Incineroar\n|\n|win|Poop Break\n|raw|Poop Break's rating: 1164 &rarr; <strong>1186</strong><br />(+22 for winning)\n|raw|Eclipseical's rating: 1129 &rarr; <strong>1107</strong><br />(-22 for losing)\n|l|\u2606Eclipseical\n|player|p2|\n",
  "uploadtime": 1776213526,
  "views": 21,
  "formatid": "gen9championsvgc2026regma",
  "rating": 1107,
  "private": 0,
  "password": null
}