{
  "id": "gen9championsvgc2026regma-2580378030",
  "format": "[Gen 9 Champions] VGC 2026 Reg M-A",
  "players": [
    "barnowi",
    "SaioSeli"
  ],
  "log": "|j|\u2606barnowi\n|j|\u2606SaioSeli\n|t:|1775887586\n|gametype|doubles\n|player|p1|barnowi|winona|1049\n|player|p2|SaioSeli|selene|1075\n|gen|9\n|tier|[Gen 9 Champions] VGC 2026 Reg M-A\n|rated|\n|rule|Species Clause: Limit one of each Pok\u00e9mon\n|rule|Item Clause: Limit 1 of each item\n|clearpoke\n|poke|p1|Decidueye-Hisui, L50, M|\n|poke|p1|Primarina, L50, F|\n|poke|p1|Incineroar, L50, F|\n|poke|p1|Corviknight, L50, M|\n|poke|p1|Dragonite, L50, F|\n|poke|p1|Sinistcha, L50|\n|poke|p2|Incineroar, L50, F|\n|poke|p2|Aerodactyl, L50, F|\n|poke|p2|Raichu, L50, F|\n|poke|p2|Sneasler, L50, M|\n|poke|p2|Charizard, L50, M|\n|poke|p2|Whimsicott, L50, M|\n|teampreview|4\n|inactive|Battle timer is ON: inactive players will automatically lose when time's up. (requested by barnowi)\n|inactive|SaioSeli has 60 seconds left.\n|\n|t:|1775887629\n|teamsize|p1|4\n|teamsize|p2|4\n|start\n|switch|p1a: Esunn|Incineroar, L50, F|100/100\n|switch|p1b: Syenite|Dragonite, L50, F, shiny|100/100\n|switch|p2a: Raichu|Raichu, L50, F|100/100\n|switch|p2b: Sneasler|Sneasler, L50, M|100/100\n|-ability|p1a: Esunn|Intimidate|boost\n|-unboost|p2a: Raichu|atk|1\n|-unboost|p2b: Sneasler|atk|1\n|-enditem|p2b: Sneasler|White Herb\n|-clearnegativeboost|p2b: Sneasler|[silent]\n|turn|1\n|\n|t:|1775887647\n|move|p1b: Syenite|Protect|p1b: Syenite\n|-singleturn|p1b: Syenite|Protect\n|move|p1a: Esunn|Fake Out|p2b: Sneasler\n|-damage|p2b: Sneasler|82/100\n|cant|p2b: Sneasler|flinch\n|move|p2a: Raichu|Dazzling Gleam|p1b: Syenite|[spread] p1a\n|-activate|p1b: Syenite|move: Protect\n|-damage|p1a: Esunn|88/100\n|\n|upkeep\n|turn|2\n|\n|t:|1775887665\n|detailschange|p1b: Syenite|Dragonite-Mega, L50, F, shiny\n|-mega|p1b: Syenite|Dragonite|Dragoninite\n|move|p2b: Sneasler|Protect|p2b: Sneasler\n|-singleturn|p2b: Sneasler|Protect\n|move|p2a: Raichu|Volt Switch|p1b: Syenite\n|-damage|p1b: Syenite|92/100\n|\n|t:|1775887672\n|switch|p2a: Incineroar|Incineroar, L50, F|100/100|[from] Volt Switch\n|-ability|p2a: Incineroar|Intimidate|boost\n|-unboost|p1a: Esunn|atk|1\n|-unboost|p1b: Syenite|atk|1\n|move|p1b: Syenite|Hurricane|p2b: Sneasler\n|-activate|p2b: Sneasler|move: Protect\n|move|p1a: Esunn|Flare Blitz|p2a: Incineroar\n|-resisted|p2a: Incineroar|1\n|-damage|p2a: Incineroar|85/100\n|-damage|p1a: Esunn|83/100|[from] Recoil\n|\n|upkeep\n|turn|3\n|\n|t:|1775887687\n|move|p1b: Syenite|Protect|p1b: Syenite\n|-singleturn|p1b: Syenite|Protect\n|move|p2a: Incineroar|Fake Out|p1b: Syenite\n|-activate|p1b: Syenite|move: Protect\n|move|p2b: Sneasler|Close Combat|p1a: Esunn\n|-supereffective|p1a: Esunn|1\n|-damage|p1a: Esunn|0 fnt\n|-unboost|p2b: Sneasler|def|1\n|-unboost|p2b: Sneasler|spd|1\n|faint|p1a: Esunn\n|\n|upkeep\n|\n|t:|1775887695\n|switch|p1a: Tonkee|Primarina, L50, F|100/100\n|turn|4\n|\n|t:|1775887708\n|move|p2b: Sneasler|Dire Claw|p1a: Tonkee\n|-supereffective|p1a: Tonkee|1\n|-damage|p1a: Tonkee|12/100\n|move|p1b: Syenite|Hurricane|p2b: Sneasler|[miss]\n|-miss|p1b: Syenite|p2b: Sneasler\n|move|p2a: Incineroar|Throat Chop|p1a: Tonkee\n|-resisted|p1a: Tonkee|1\n|-damage|p1a: Tonkee|0 fnt\n|faint|p1a: Tonkee\n|\n|upkeep\n|\n|t:|1775887717\n|switch|p1a: Damaya|Sinistcha, L50|100/100\n|-heal|p1b: Syenite|100/100|[from] ability: Hospitality|[of] p1a: Damaya\n|turn|5\n|\n|t:|1775887721\n|move|p1a: Damaya|Rage Powder|p1a: Damaya\n|-singleturn|p1a: Damaya|move: Rage Powder\n|move|p2b: Sneasler|Dire Claw|p1a: Damaya\n|-damage|p1a: Damaya|70/100\n|move|p1b: Syenite|Hurricane|p2b: Sneasler\n|-supereffective|p2b: Sneasler|1\n|-damage|p2b: Sneasler|0 fnt\n|faint|p2b: Sneasler\n|move|p2a: Incineroar|Throat Chop|p1a: Damaya\n|-supereffective|p1a: Damaya|1\n|-damage|p1a: Damaya|0 fnt\n|faint|p1a: Damaya\n|\n|upkeep\n|\n|t:|1775887723\n|switch|p2b: Charizard|Charizard, L50, M|100/100\n|turn|6\n|-message|barnowi forfeited.\n|\n|win|SaioSeli\n|raw|barnowi's rating: 1049 &rarr; <strong>1033</strong><br />(-16 for losing)\n|raw|SaioSeli's rating: 1075 &rarr; <strong>1102</strong><br />(+27 for winning)\n|l|\u2606barnowi\n|player|p1|\n",
  "uploadtime": 1775887748,
  "views": 12,
  "formatid": "gen9championsvgc2026regma",
  "rating": 1033,
  "private": 0,
  "password": null
}