{
  "id": "gen9championsvgc2026regma-2584346398",
  "format": "[Gen 9 Champions] VGC 2026 Reg M-A",
  "players": [
    "MvillMpersonality",
    "Thombom69"
  ],
  "log": "|j|\u2606MvillMpersonality\n|j|\u203dThombom69\n|t:|1776253509\n|gametype|doubles\n|player|p1|MvillMpersonality|pokemaniac|1249\n|player|p2|Thombom69|170|1157\n|gen|9\n|tier|[Gen 9 Champions] VGC 2026 Reg M-A\n|rated|\n|rule|Species Clause: Limit one of each Pok\u00e9mon\n|rule|Item Clause: Limit 1 of each item\n|clearpoke\n|poke|p1|Scovillain, L50, M|\n|poke|p1|Sinistcha, L50|\n|poke|p1|Gallade, L50, M|\n|poke|p1|Kingambit, L50, F|\n|poke|p1|Rhyperior, L50, F|\n|poke|p1|Primarina, L50, M|\n|poke|p2|Floette-Eternal, L50, F|\n|poke|p2|Gardevoir, L50, M|\n|poke|p2|Whimsicott, L50, M|\n|poke|p2|Typhlosion-Hisui, L50, M|\n|poke|p2|Incineroar, L50, M|\n|poke|p2|Sneasler, L50, F|\n|teampreview|4\n|inactive|Battle timer is ON: inactive players will automatically lose when time's up. (requested by Thombom69)\n|inactive|MvillMpersonality has 60 seconds left.\n|\n|t:|1776253540\n|teamsize|p1|4\n|teamsize|p2|4\n|start\n|switch|p1a: Kingambit|Kingambit, L50, F|100/100\n|switch|p1b: Scovillain|Scovillain, L50, M|100/100\n|switch|p2a: Floette|Floette-Eternal, L50, F|100/100\n|switch|p2b: Whimsicott|Whimsicott, L50, M|100/100\n|turn|1\n|\n|t:|1776253561\n|detailschange|p1b: Scovillain|Scovillain-Mega, L50, M\n|-mega|p1b: Scovillain|Scovillain|Scovillainite\n|move|p2a: Floette|Protect|p2a: Floette\n|-singleturn|p2a: Floette|Protect\n|move|p2b: Whimsicott|Tailwind|p2b: Whimsicott\n|-sidestart|p2: Thombom69|move: Tailwind\n|move|p1b: Scovillain|Overheat|p2b: Whimsicott|[miss]\n|-miss|p1b: Scovillain|p2b: Whimsicott\n|move|p1a: Kingambit|Iron Head|p2a: Floette\n|-activate|p2a: Floette|move: Protect\n|\n|upkeep\n|turn|2\n|c|\u2606MvillMpersonality|lovely haxx\n|c|\u2606MvillMpersonality|Wish I could play the game\n|inactive|MvillMpersonality has 30 seconds left.\n|inactive|Thombom69 has 30 seconds left.\n|inactive|Thombom69 has 20 seconds left.\n|\n|t:|1776253601\n|switch|p2b: Gardevoir|Gardevoir, L50, M|100/100\n|-ability|p2b: Gardevoir|Spicy Spray|Trace|[from] ability: Trace|[of] p1b: Scovillain\n|detailschange|p2a: Floette|Floette-Mega, L50, F\n|-mega|p2a: Floette|Floette|Floettite\n|-ability|p2a: Floette|Fairy Aura\n|move|p1b: Scovillain|Rage Powder|p1b: Scovillain\n|-singleturn|p1b: Scovillain|move: Rage Powder\n|move|p2a: Floette|Moonblast|p1b: Scovillain\n|-resisted|p1b: Scovillain|1\n|-crit|p1b: Scovillain\n|-damage|p1b: Scovillain|42/100\n|-status|p2a: Floette|brn|[from] ability: Spicy Spray|[of] p1b: Scovillain\n|move|p1a: Kingambit|Iron Head|p2a: Floette\n|-supereffective|p2a: Floette|1\n|-damage|p2a: Floette|1/100 brn\n|\n|-damage|p2a: Floette|0 fnt|[from] brn\n|faint|p2a: Floette\n|upkeep\n|c|\u2606MvillMpersonality|And a crit too just for good measure\n|inactive|Thombom69 has 30 seconds left.\n|\n|t:|1776253627\n|switch|p2a: Incineroar|Incineroar, L50, M|100/100\n|-ability|p2a: Incineroar|Intimidate|boost\n|-unboost|p1a: Kingambit|atk|1\n|-ability|p1a: Kingambit|Defiant|boost\n|-boost|p1a: Kingambit|atk|2\n|-unboost|p1b: Scovillain|atk|1\n|turn|3\n|\n|t:|1776253639\n|move|p1b: Scovillain|Protect|p1b: Scovillain\n|-singleturn|p1b: Scovillain|Protect\n|move|p1a: Kingambit|Protect|p1a: Kingambit\n|-singleturn|p1a: Kingambit|Protect\n|move|p2a: Incineroar|Fake Out|p1a: Kingambit\n|-activate|p1a: Kingambit|move: Protect\n|move|p2b: Gardevoir|Dazzling Gleam|p1b: Scovillain|[spread] \n|-activate|p1a: Kingambit|move: Protect\n|-activate|p1b: Scovillain|move: Protect\n|\n|upkeep\n|turn|4\n|\n|t:|1776253652\n|move|p1b: Scovillain|Rage Powder|p1b: Scovillain\n|-singleturn|p1b: Scovillain|move: Rage Powder\n|move|p2b: Gardevoir|Dazzling Gleam|p1a: Kingambit|[spread] p1a,p1b\n|-resisted|p1b: Scovillain|1\n|-damage|p1a: Kingambit|67/100\n|-damage|p1b: Scovillain|26/100\n|-status|p2b: Gardevoir|brn|[from] ability: Spicy Spray|[of] p1b: Scovillain\n|move|p2a: Incineroar|Flare Blitz|p1b: Scovillain\n|-damage|p1b: Scovillain|0 fnt\n|-immune|p2a: Incineroar\n|faint|p1b: Scovillain\n|-damage|p2a: Incineroar|93/100|[from] Recoil\n|move|p1a: Kingambit|Iron Head|p2b: Gardevoir\n|-supereffective|p2b: Gardevoir|1\n|-damage|p2b: Gardevoir|0 fnt\n|-status|p1a: Kingambit|brn|[from] ability: Spicy Spray|[of] p2b: Gardevoir\n|faint|p2b: Gardevoir\n|\n|-damage|p1a: Kingambit|61/100 brn|[from] brn\n|-sideend|p2: Thombom69|move: Tailwind\n|upkeep\n|inactive|MvillMpersonality has 30 seconds left.\n|\n|t:|1776253679\n|switch|p2b: Whimsicott|Whimsicott, L50, M|100/100\n|switch|p1b: Rhyperior|Rhyperior, L50, F|100/100\n|turn|5\n|-message|Thombom69 forfeited.\n|\n|win|MvillMpersonality\n|raw|MvillMpersonality's rating: 1249 &rarr; <strong>1268</strong><br />(+19 for winning)\n|raw|Thombom69's rating: 1157 &rarr; <strong>1138</strong><br />(-19 for losing)\n|l|\u203dThombom69\n|player|p2|\n",
  "uploadtime": 1776253810,
  "views": 23,
  "formatid": "gen9championsvgc2026regma",
  "rating": 1138,
  "private": 0,
  "password": null
}