{
  "id": "gen9championsvgc2026regma-2582139504",
  "format": "[Gen 9 Champions] VGC 2026 Reg M-A",
  "players": [
    "ray_game0",
    "ving_star"
  ],
  "log": "|j|\u2606ray_game0\n|j|\u2606ving_star\n|t:|1776063086\n|gametype|doubles\n|player|p1|ray_game0|hiker-gen4|1047\n|player|p2|ving_star|karen|1039\n|gen|9\n|tier|[Gen 9 Champions] VGC 2026 Reg M-A\n|rated|\n|rule|Species Clause: Limit one of each Pok\u00e9mon\n|rule|Item Clause: Limit 1 of each item\n|clearpoke\n|poke|p1|Whimsicott, L50, F|\n|poke|p1|Archaludon, L50, M|\n|poke|p1|Pelipper, L50, M|\n|poke|p1|Gourgeist-*, L50, M|\n|poke|p1|Charizard, L50, M|\n|poke|p1|Garchomp, L50, F|\n|poke|p2|Meganium, L50, F|\n|poke|p2|Pelipper, L50, F|\n|poke|p2|Archaludon, L50, F|\n|poke|p2|Basculegion, L50, M|\n|poke|p2|Incineroar, L50, M|\n|poke|p2|Sinistcha, L50|\n|teampreview|4\n|\n|t:|1776063126\n|teamsize|p1|4\n|teamsize|p2|4\n|start\n|switch|p1a: Whimsicott|Whimsicott, L50, F|100/100\n|switch|p1b: Gourgeist|Gourgeist, L50, M|100/100\n|switch|p2a: Archaludon|Archaludon, L50, F, shiny|100/100\n|switch|p2b: Incineroar|Incineroar, L50, M|100/100\n|-item|p2a: Archaludon|Leftovers|[from] ability: Frisk|[of] p1b: Gourgeist\n|-item|p2b: Incineroar|Quick Claw|[from] ability: Frisk|[of] p1b: Gourgeist\n|-ability|p2b: Incineroar|Intimidate|boost\n|-unboost|p1a: Whimsicott|atk|1\n|-unboost|p1b: Gourgeist|atk|1\n|turn|1\n|\n|t:|1776063189\n|move|p1a: Whimsicott|Protect|p1a: Whimsicott\n|-singleturn|p1a: Whimsicott|Protect\n|move|p1b: Gourgeist|Protect|p1b: Gourgeist\n|-singleturn|p1b: Gourgeist|Protect\n|move|p2a: Archaludon|Flash Cannon|p1a: Whimsicott\n|-activate|p1a: Whimsicott|move: Protect\n|move|p2b: Incineroar|Darkest Lariat|p1b: Gourgeist\n|-activate|p1b: Gourgeist|move: Protect\n|\n|upkeep\n|turn|2\n|\n|t:|1776063210\n|move|p1a: Whimsicott|Tailwind|p1a: Whimsicott\n|-sidestart|p1: ray_game0|move: Tailwind\n|move|p1b: Gourgeist|Explosion|p2b: Incineroar|[spread] p1a,p2a,p2b\n|-resisted|p2a: Archaludon|1\n|-damage|p1a: Whimsicott|53/100\n|-damage|p2a: Archaludon|85/100\n|-damage|p2b: Incineroar|59/100\n|-ability|p2a: Archaludon|Stamina|boost\n|-boost|p2a: Archaludon|def|1\n|faint|p1b: Gourgeist\n|move|p2a: Archaludon|Flash Cannon|p1a: Whimsicott\n|-supereffective|p1a: Whimsicott|1\n|-damage|p1a: Whimsicott|0 fnt\n|faint|p1a: Whimsicott\n|move|p2b: Incineroar|Darkest Lariat|p1: Whimsicott|[notarget]\n|-fail|p2b: Incineroar\n|\n|-heal|p2a: Archaludon|91/100|[from] item: Leftovers\n|upkeep\n|\n|t:|1776063223\n|switch|p1a: Charizard|Charizard, L50, M|100/100\n|switch|p1b: Garchomp|Garchomp, L50, F|100/100\n|turn|3\n|-activate|p2b: Incineroar|item: Quick Claw\n|\n|t:|1776063254\n|detailschange|p1a: Charizard|Charizard-Mega-Y, L50, M\n|-mega|p1a: Charizard|Charizard|Charizardite Y\n|-weather|SunnyDay|[from] ability: Drought|[of] p1a: Charizard\n|move|p2a: Archaludon|Protect|p2a: Archaludon\n|-singleturn|p2a: Archaludon|Protect\n|move|p2b: Incineroar|Parting Shot|p1b: Garchomp\n|-unboost|p1b: Garchomp|atk|1\n|-unboost|p1b: Garchomp|spa|1\n|\n|t:|1776063264\n|switch|p2b: Basculegion|Basculegion, L50, M, shiny|100/100|[from] Parting Shot\n|move|p1b: Garchomp|Earthquake|p2a: Archaludon|[spread] p2b\n|-activate|p2a: Archaludon|move: Protect\n|-immune|p1a: Charizard\n|-damage|p2b: Basculegion|66/100\n|move|p1a: Charizard|Heat Wave|p2b: Basculegion|[spread] p2b\n|-activate|p2a: Archaludon|move: Protect\n|-resisted|p2b: Basculegion|1\n|-damage|p2b: Basculegion|31/100\n|\n|-weather|SunnyDay|[upkeep]\n|-heal|p2a: Archaludon|97/100|[from] item: Leftovers\n|upkeep\n|turn|4\n|\n|t:|1776063294\n|switch|p2a: Incineroar|Incineroar, L50, M|59/100\n|-ability|p2a: Incineroar|Intimidate|boost\n|-unboost|p1a: Charizard|atk|1\n|-unboost|p1b: Garchomp|atk|1\n|move|p1b: Garchomp|Earthquake|p2a: Incineroar|[spread] p2a,p2b\n|-immune|p1a: Charizard\n|-supereffective|p2a: Incineroar|1\n|-damage|p2a: Incineroar|24/100\n|-damage|p2b: Basculegion|5/100\n|move|p1a: Charizard|Heat Wave|p2b: Basculegion|[spread] p2a,p2b\n|-resisted|p2a: Incineroar|1\n|-resisted|p2b: Basculegion|1\n|-damage|p2a: Incineroar|0 fnt\n|-damage|p2b: Basculegion|0 fnt\n|faint|p2a: Incineroar\n|faint|p2b: Basculegion\n|\n|-weather|SunnyDay|[upkeep]\n|upkeep\n|\n|t:|1776063311\n|switch|p2b: Meganium|Meganium, L50, F|100/100\n|switch|p2a: Archaludon|Archaludon, L50, F, shiny|97/100\n|turn|5\n|\n|t:|1776063337\n|detailschange|p2b: Meganium|Meganium-Mega, L50, F\n|-mega|p2b: Meganium|Meganium|Meganiumite\n|move|p1b: Garchomp|Earthquake|p2a: Archaludon|[spread] p2a,p2b\n|-immune|p1a: Charizard\n|-supereffective|p2a: Archaludon|1\n|-resisted|p2b: Meganium|1\n|-damage|p2a: Archaludon|70/100\n|-damage|p2b: Meganium|93/100\n|-ability|p2a: Archaludon|Stamina|boost\n|-boost|p2a: Archaludon|def|1\n|move|p1a: Charizard|Heat Wave|p2b: Meganium|[spread] p2b\n|-miss|p1a: Charizard|p2a: Archaludon\n|-supereffective|p2b: Meganium|1\n|-damage|p2b: Meganium|0 fnt\n|faint|p2b: Meganium\n|move|p2a: Archaludon|Dragon Pulse|p1a: Charizard\n|-damage|p1a: Charizard|55/100\n|\n|-weather|SunnyDay|[upkeep]\n|-heal|p2a: Archaludon|76/100|[from] item: Leftovers\n|-sideend|p1: ray_game0|move: Tailwind\n|upkeep\n|turn|6\n|\n|t:|1776063365\n|move|p1b: Garchomp|Earthquake|p2a: Archaludon|[spread] p2a\n|-immune|p1a: Charizard\n|-supereffective|p2a: Archaludon|1\n|-damage|p2a: Archaludon|57/100\n|-ability|p2a: Archaludon|Stamina|boost\n|-boost|p2a: Archaludon|def|1\n|move|p1a: Charizard|Weather Ball|p2a: Archaludon\n|-damage|p2a: Archaludon|0 fnt\n|faint|p2a: Archaludon\n|\n|win|ray_game0\n",
  "uploadtime": 1776063089,
  "views": 13,
  "formatid": "gen9championsvgc2026regma",
  "rating": null,
  "private": 0,
  "password": null
}