{
  "id": "gen9championsvgc2026regma-2588163670",
  "format": "[Gen 9 Champions] VGC 2026 Reg M-A",
  "players": [
    "juannandg",
    "Isidino"
  ],
  "log": "|j|\u2606juannandg\n|j|\u203dIsidino\n|t:|1776610563\n|gametype|doubles\n|player|p1|juannandg|1|1141\n|player|p2|Isidino|169|1115\n|gen|9\n|tier|[Gen 9 Champions] VGC 2026 Reg M-A\n|rated|\n|rule|Species Clause: Limit one of each Pok\u00e9mon\n|rule|Item Clause: Limit 1 of each item\n|clearpoke\n|poke|p1|Basculegion, L50, M|\n|poke|p1|Garchomp, L50, F|\n|poke|p1|Talonflame, L50, M|\n|poke|p1|Gardevoir, L50, F|\n|poke|p1|Maushold, L50|\n|poke|p1|Kingambit, L50, F|\n|poke|p2|Basculegion-F, L50, F, shiny|\n|poke|p2|Palafin, L50, M, shiny|\n|poke|p2|Pelipper, L50, F|\n|poke|p2|Sneasler, L50, M|\n|poke|p2|Sableye, L50, M, shiny|\n|poke|p2|Sharpedo, L50, M, shiny|\n|teampreview|4\n|inactive|Battle timer is ON: inactive players will automatically lose when time's up. (requested by Isidino)\n|inactive|juannandg has 60 seconds left.\n|inactive|juannandg has 30 seconds left.\n|\n|t:|1776610626\n|teamsize|p1|4\n|teamsize|p2|4\n|start\n|switch|p1a: Talonflame|Talonflame, L50, M|100/100\n|switch|p1b: Basculegion|Basculegion, L50, M|100/100\n|switch|p2a: Basculegion|Basculegion-F, L50, F, shiny|100/100\n|switch|p2b: Palafin|Palafin, L50, M, shiny|100/100\n|turn|1\n|\n|t:|1776610643\n|move|p1a: Talonflame|Protect|p1a: Talonflame\n|-singleturn|p1a: Talonflame|Protect\n|move|p1b: Basculegion|Last Respects|p2a: Basculegion\n|-supereffective|p2a: Basculegion|1\n|-damage|p2a: Basculegion|25/100\n|move|p2a: Basculegion|Muddy Water|p1a: Talonflame|[spread] \n|-activate|p1a: Talonflame|move: Protect\n|-miss|p2a: Basculegion|p1b: Basculegion\n|move|p2b: Palafin|Flip Turn|p1a: Talonflame\n|-activate|p1a: Talonflame|move: Protect\n|\n|upkeep\n|turn|2\n|inactive|juannandg has 30 seconds left.\n|inactive|juannandg has 20 seconds left.\n|\n|t:|1776610682\n|move|p2a: Basculegion|Protect|p2a: Basculegion\n|-singleturn|p2a: Basculegion|Protect\n|move|p1a: Talonflame|Acrobatics|p2b: Palafin\n|-damage|p2b: Palafin|55/100\n|move|p1b: Basculegion|Last Respects|p2a: Basculegion\n|-activate|p2a: Basculegion|move: Protect\n|move|p2b: Palafin|Flip Turn|p1a: Talonflame\n|-supereffective|p1a: Talonflame|1\n|-damage|p1a: Talonflame|21/100\n|\n|t:|1776610692\n|detailschange|p2b: Palafin|Palafin-Hero, L50, M, shiny\n|switch|p2b: Pelipper|Pelipper, L50, F|100/100|[from] Flip Turn\n|-weather|RainDance|[from] ability: Drizzle|[of] p2b: Pelipper\n|\n|-weather|RainDance|[upkeep]\n|upkeep\n|turn|3\n|\n|t:|1776610707\n|switch|p1b: Kingambit|Kingambit, L50, F|100/100\n|move|p2a: Basculegion|Muddy Water|p1a: Talonflame|[spread] p1a,p1b\n|-supereffective|p1a: Talonflame|1\n|-damage|p1a: Talonflame|0 fnt\n|-damage|p1b: Kingambit|56/100\n|-unboost|p1b: Kingambit|accuracy|1\n|-ability|p1b: Kingambit|Defiant|boost\n|-boost|p1b: Kingambit|atk|2\n|faint|p1a: Talonflame\n|move|p2b: Pelipper|Tailwind|p2b: Pelipper\n|-sidestart|p2: Isidino|move: Tailwind\n|\n|-weather|RainDance|[upkeep]\n|upkeep\n|\n|t:|1776610717\n|switch|p1a: Gardevoir|Gardevoir, L50, F|100/100\n|turn|4\n|\n|t:|1776610736\n|detailschange|p1a: Gardevoir|Gardevoir-Mega, L50, F\n|-mega|p1a: Gardevoir|Gardevoir|Gardevoirite\n|move|p2a: Basculegion|Protect|p2a: Basculegion\n|-singleturn|p2a: Basculegion|Protect\n|move|p1b: Kingambit|Sucker Punch|p2b: Pelipper\n|-damage|p2b: Pelipper|6/100\n|move|p2b: Pelipper|Hurricane|p1a: Gardevoir\n|-damage|p1a: Gardevoir|54/100\n|move|p1a: Gardevoir|Hyper Voice|p2b: Pelipper|[spread] p2b\n|-activate|p2a: Basculegion|move: Protect\n|-damage|p2b: Pelipper|0 fnt\n|faint|p2b: Pelipper\n|\n|-weather|RainDance|[upkeep]\n|upkeep\n|\n|t:|1776610748\n|switch|p2b: Palafin|Palafin-Hero, L50, M, shiny|55/100\n|-activate|p2b: Palafin|ability: Zero to Hero\n|turn|5\n|\n|t:|1776610760\n|switch|p2a: Sharpedo|Sharpedo, L50, M, shiny|100/100\n|move|p2b: Palafin|Jet Punch|p1a: Gardevoir\n|-damage|p1a: Gardevoir|0 fnt\n|faint|p1a: Gardevoir\n|move|p1b: Kingambit|Sucker Punch||[still]\n|-fail|p1b: Kingambit\n|\n|-weather|RainDance|[upkeep]\n|upkeep\n|\n|t:|1776610769\n|switch|p1a: Basculegion|Basculegion, L50, M|100/100\n|turn|6\n|inactive|juannandg has 30 seconds left.\n|\n|t:|1776610798\n|move|p2a: Sharpedo|Protect|p2a: Sharpedo\n|-singleturn|p2a: Sharpedo|Protect\n|move|p1b: Kingambit|Sucker Punch||[still]\n|-fail|p1b: Kingambit\n|move|p2b: Palafin|Close Combat|p1b: Kingambit\n|-supereffective|p1b: Kingambit|2\n|-enditem|p1b: Kingambit|Chople Berry|[eat]\n|-enditem|p1b: Kingambit|Chople Berry|[weaken]\n|-damage|p1b: Kingambit|0 fnt\n|-unboost|p2b: Palafin|def|1\n|-unboost|p2b: Palafin|spd|1\n|faint|p1b: Kingambit\n|move|p1a: Basculegion|Last Respects|p2b: Palafin\n|-damage|p2b: Palafin|0 fnt\n|faint|p2b: Palafin\n|\n|-weather|none\n|-sideend|p2: Isidino|move: Tailwind\n|-ability|p2a: Sharpedo|Speed Boost|boost\n|-boost|p2a: Sharpedo|spe|1\n|upkeep\n|\n|t:|1776610806\n|switch|p2b: Basculegion|Basculegion-F, L50, F, shiny|25/100\n|turn|7\n|\n|t:|1776610819\n|detailschange|p2a: Sharpedo|Sharpedo-Mega, L50, M, shiny\n|-mega|p2a: Sharpedo|Sharpedo|Sharpedonite\n|move|p2a: Sharpedo|Crunch|p1a: Basculegion\n|-supereffective|p1a: Basculegion|1\n|-damage|p1a: Basculegion|0 fnt\n|faint|p1a: Basculegion\n|\n|win|Isidino\n|raw|juannandg's rating: 1141 &rarr; <strong>1114</strong><br />(-27 for losing)\n|raw|Isidino's rating: 1115 &rarr; <strong>1142</strong><br />(+27 for winning)\n",
  "uploadtime": 1776610822,
  "views": 15,
  "formatid": "gen9championsvgc2026regma",
  "rating": 1114,
  "private": 0,
  "password": null
}