{
  "id": "gen9championsvgc2026regma-2585725047",
  "format": "[Gen 9 Champions] VGC 2026 Reg M-A",
  "players": [
    "Mortipherus",
    "MarsieHehe"
  ],
  "log": "|j|\u2606Mortipherus\n|j|\u2606MarsieHehe\n|t:|1776366277\n|gametype|doubles\n|player|p1|Mortipherus|biker-gen4|1079\n|player|p2|MarsieHehe|170|1130\n|gen|9\n|tier|[Gen 9 Champions] VGC 2026 Reg M-A\n|rated|\n|rule|Species Clause: Limit one of each Pok\u00e9mon\n|rule|Item Clause: Limit 1 of each item\n|clearpoke\n|poke|p1|Hydrapple, L50, M|\n|poke|p1|Garchomp, L50, F|\n|poke|p1|Whimsicott, L50, M|\n|poke|p1|Alakazam, L50, M|\n|poke|p1|Farigiraf, L50, F|\n|poke|p1|Kingambit, L50, F|\n|poke|p2|Froslass, L50, F|\n|poke|p2|Sneasler, L50, M|\n|poke|p2|Rotom-Frost, L50|\n|poke|p2|Garchomp, L50, F|\n|poke|p2|Maushold, L50|\n|poke|p2|Kingambit, L50, M|\n|teampreview|4\n|\n|t:|1776366302\n|teamsize|p1|4\n|teamsize|p2|4\n|start\n|switch|p1a: Alakazam|Alakazam, L50, M|100/100\n|switch|p1b: Kingambit|Kingambit, L50, F|100/100\n|switch|p2a: Garchomp|Garchomp, L50, F|100/100\n|switch|p2b: Maushold|Maushold, L50|100/100\n|turn|1\n|\n|t:|1776366322\n|detailschange|p1a: Alakazam|Alakazam-Mega, L50, M\n|-mega|p1a: Alakazam|Alakazam|Alakazite\n|-ability|p1a: Alakazam|Friend Guard|Trace|[from] ability: Trace|[of] p2b: Maushold\n|move|p2b: Maushold|Protect|p2b: Maushold\n|-singleturn|p2b: Maushold|Protect\n|move|p1b: Kingambit|Protect|p1b: Kingambit\n|-singleturn|p1b: Kingambit|Protect\n|move|p2a: Garchomp|Earthquake|p1b: Kingambit|[spread] p1a\n|-activate|p2b: Maushold|move: Protect\n|-activate|p1b: Kingambit|move: Protect\n|-damage|p1a: Alakazam|25/100\n|move|p1a: Alakazam|Focus Blast|p2b: Maushold\n|-activate|p2b: Maushold|move: Protect\n|\n|upkeep\n|turn|2\n|\n|t:|1776366349\n|switch|p2a: Rotom|Rotom-Frost, L50|100/100\n|switch|p2b: Froslass|Froslass, L50, F|100/100\n|switch|p1b: Garchomp|Garchomp, L50, F, shiny|100/100\n|move|p1a: Alakazam|Focus Blast|p2b: Froslass\n|-immune|p2b: Froslass\n|\n|upkeep\n|turn|3\n|\n|t:|1776366371\n|detailschange|p2b: Froslass|Froslass-Mega, L50, F\n|-mega|p2b: Froslass|Froslass|Froslassite\n|-weather|Snowscape|[from] ability: Snow Warning|[of] p2b: Froslass\n|move|p2b: Froslass|Protect|p2b: Froslass\n|-singleturn|p2b: Froslass|Protect\n|move|p1a: Alakazam|Focus Blast|p2a: Rotom\n|-supereffective|p2a: Rotom|1\n|-damage|p2a: Rotom|0 fnt\n|faint|p2a: Rotom\n|move|p1b: Garchomp|Iron Tail|p2b: Froslass\n|-activate|p2b: Froslass|move: Protect\n|\n|-weather|Snowscape|[upkeep]\n|upkeep\n|\n|t:|1776366384\n|switch|p2a: Maushold|Maushold, L50|100/100\n|turn|4\n|\n|t:|1776366403\n|move|p1a: Alakazam|Focus Blast|p2a: Maushold|[miss]\n|-miss|p1a: Alakazam|p2a: Maushold\n|move|p1b: Garchomp|Iron Tail|p2b: Froslass\n|-supereffective|p2b: Froslass|1\n|-damage|p2b: Froslass|39/100\n|move|p2b: Froslass|Blizzard|p1b: Garchomp|[spread] p1a,p1b\n|-supereffective|p1b: Garchomp|2\n|-damage|p1a: Alakazam|0 fnt\n|-damage|p1b: Garchomp|0 fnt\n|faint|p1a: Alakazam\n|faint|p1b: Garchomp\n|move|p2a: Maushold|Population Bomb|p1: Alakazam|[notarget]\n|-fail|p2a: Maushold\n|\n|-weather|Snowscape|[upkeep]\n|upkeep\n|\n|t:|1776366416\n|switch|p1a: Farigiraf|Farigiraf, L50, F|100/100\n|switch|p1b: Kingambit|Kingambit, L50, F|100/100\n|turn|5\n|\n|t:|1776366440\n|move|p2b: Froslass|Aurora Veil|p2b: Froslass\n|-sidestart|p2: MarsieHehe|move: Aurora Veil\n|move|p2a: Maushold|Population Bomb|p1a: Farigiraf\n|-damage|p1a: Farigiraf|94/100\n|-damage|p1a: Farigiraf|88/100\n|-damage|p1a: Farigiraf|82/100\n|-damage|p1a: Farigiraf|76/100\n|-damage|p1a: Farigiraf|70/100\n|-hitcount|p1a: Farigiraf|5\n|move|p1b: Kingambit|Swords Dance|p1b: Kingambit\n|-boost|p1b: Kingambit|atk|2\n|cant|p1a: Farigiraf|flinch\n|\n|-weather|Snowscape|[upkeep]\n|upkeep\n|turn|6\n|\n|t:|1776366462\n|move|p1a: Farigiraf|Ally Switch|p1a: Farigiraf\n|swap|p1a: Farigiraf|1|[from] move: Ally Switch\n|move|p2b: Froslass|Blizzard|p1a: Kingambit|[spread] p1a,p1b\n|-resisted|p1a: Kingambit|1\n|-damage|p1a: Kingambit|80/100\n|-damage|p1b: Farigiraf|38/100\n|move|p2a: Maushold|Population Bomb|p1a: Kingambit\n|-resisted|p1a: Kingambit|1\n|-damage|p1a: Kingambit|79/100\n|-resisted|p1a: Kingambit|1\n|-damage|p1a: Kingambit|77/100\n|-resisted|p1a: Kingambit|1\n|-damage|p1a: Kingambit|76/100\n|-resisted|p1a: Kingambit|1\n|-damage|p1a: Kingambit|74/100\n|-resisted|p1a: Kingambit|1\n|-damage|p1a: Kingambit|73/100\n|-resisted|p1a: Kingambit|1\n|-damage|p1a: Kingambit|72/100\n|-resisted|p1a: Kingambit|1\n|-crit|p1a: Kingambit\n|-damage|p1a: Kingambit|69/100\n|-resisted|p1a: Kingambit|1\n|-damage|p1a: Kingambit|67/100\n|-resisted|p1a: Kingambit|1\n|-damage|p1a: Kingambit|66/100\n|-resisted|p1a: Kingambit|1\n|-damage|p1a: Kingambit|64/100\n|-hitcount|p1a: Kingambit|10\n|move|p1a: Kingambit|Kowtow Cleave|p2b: Froslass\n|-supereffective|p2b: Froslass|1\n|-damage|p2b: Froslass|0 fnt\n|faint|p2b: Froslass\n|\n|-weather|Snowscape|[upkeep]\n|upkeep\n|\n|t:|1776366487\n|switch|p2b: Garchomp|Garchomp, L50, F|100/100\n|turn|7\n|\n|t:|1776366505\n|move|p2a: Maushold|Helping Hand|p2b: Garchomp\n|-singleturn|p2b: Garchomp|Helping Hand|[of] p2a: Maushold\n|move|p1a: Kingambit|Protect|p1a: Kingambit\n|-singleturn|p1a: Kingambit|Protect\n|move|p2b: Garchomp|Earthquake|p1b: Farigiraf|[spread] p2a,p1b\n|-activate|p1a: Kingambit|move: Protect\n|-damage|p2a: Maushold|49/100\n|-damage|p1b: Farigiraf|0 fnt\n|faint|p1b: Farigiraf\n|\n|-weather|none\n|upkeep\n|turn|8\n|\n|t:|1776366523\n|move|p2a: Maushold|Helping Hand|p2b: Garchomp\n|-singleturn|p2b: Garchomp|Helping Hand|[of] p2a: Maushold\n|move|p2b: Garchomp|Earthquake|p1a: Kingambit|[spread] p2a,p1a\n|-supereffective|p1a: Kingambit|1\n|-damage|p2a: Maushold|0 fnt\n|-damage|p1a: Kingambit|0 fnt\n|faint|p2a: Maushold\n|faint|p1a: Kingambit\n|\n|win|MarsieHehe\n|raw|Mortipherus's rating: 1079 &rarr; <strong>1060</strong><br />(-19 for losing)\n|raw|MarsieHehe's rating: 1130 &rarr; <strong>1151</strong><br />(+21 for winning)\n|l|\u2606MarsieHehe\n|player|p2|\n",
  "uploadtime": 1776366543,
  "views": 13,
  "formatid": "gen9championsvgc2026regma",
  "rating": 1060,
  "private": 0,
  "password": null
}