{
  "id": "gen9championsvgc2026regma-2581371464",
  "format": "[Gen 9 Champions] VGC 2026 Reg M-A",
  "players": [
    "Sinister Patron",
    "therealace2"
  ],
  "log": "|j|\u2606Sinister Patron\n|j|\u2606therealace2\n|t:|1775992977\n|gametype|doubles\n|player|p1|Sinister Patron|roxanne|1098\n|player|p2|therealace2|ethan|1147\n|gen|9\n|tier|[Gen 9 Champions] VGC 2026 Reg M-A\n|rated|\n|rule|Species Clause: Limit one of each Pok\u00e9mon\n|rule|Item Clause: Limit 1 of each item\n|clearpoke\n|poke|p1|Hydreigon, L50, M|\n|poke|p1|Golurk, L50|\n|poke|p1|Farigiraf, L50, F|\n|poke|p1|Starmie, L50|\n|poke|p1|Scizor, L50, M|\n|poke|p1|Sinistcha, L50|\n|poke|p2|Arcanine-Hisui, L50, F|\n|poke|p2|Whimsicott, L50, M|\n|poke|p2|Pelipper, L50, F|\n|poke|p2|Basculegion, L50, M|\n|poke|p2|Meganium, L50, M|\n|poke|p2|Lucario, L50, M|\n|teampreview|4\n|inactive|Battle timer is ON: inactive players will automatically lose when time's up. (requested by Sinister Patron)\n|inactive|therealace2 has 60 seconds left.\n|\n|t:|1775993016\n|teamsize|p1|4\n|teamsize|p2|4\n|start\n|switch|p1a: Scizor & Wet|Scizor, L50, M|100/100\n|switch|p1b: Farigiraf|Farigiraf, L50, F|100/100\n|switch|p2a: Lucario|Lucario, L50, M|100/100\n|switch|p2b: Whimsicott|Whimsicott, L50, M, shiny|100/100\n|turn|1\n|\n|t:|1775993037\n|detailschange|p2a: Lucario|Lucario-Mega, L50, M\n|-mega|p2a: Lucario|Lucario|Lucarionite\n|move|p2b: Whimsicott|Helping Hand|p2a: Lucario\n|-singleturn|p2a: Lucario|Helping Hand|[of] p2b: Whimsicott\n|move|p1a: Scizor & Wet|Bullet Punch|p2b: Whimsicott\n|-supereffective|p2b: Whimsicott|1\n|-enditem|p2b: Whimsicott|Focus Sash\n|-damage|p2b: Whimsicott|1/100\n|move|p2a: Lucario|Dark Pulse|p1b: Farigiraf\n|-supereffective|p1b: Farigiraf|1\n|-damage|p1b: Farigiraf|7/100\n|move|p1b: Farigiraf|Psychic|p2a: Lucario\n|-damage|p2a: Lucario|39/100\n|\n|upkeep\n|turn|2\n|inactive|Sinister Patron has 30 seconds left.\n|inactive|therealace2 has 30 seconds left.\n|\n|t:|1775993071\n|move|p2b: Whimsicott|Tailwind|p2b: Whimsicott\n|-sidestart|p2: therealace2|move: Tailwind\n|move|p1a: Scizor & Wet|Bullet Punch|p2a: Lucario\n|-resisted|p2a: Lucario|1\n|-damage|p2a: Lucario|15/100\n|move|p2a: Lucario|Aura Sphere|p1a: Scizor & Wet\n|-damage|p1a: Scizor & Wet|19/100\n|move|p1b: Farigiraf|Hyper Voice|p2b: Whimsicott|[spread] p2a,p2b\n|-resisted|p2a: Lucario|1\n|-damage|p2a: Lucario|0 fnt\n|-damage|p2b: Whimsicott|0 fnt\n|faint|p2a: Lucario\n|faint|p2b: Whimsicott\n|\n|upkeep\n|\n|t:|1775993085\n|switch|p2b: Arcanine|Arcanine-Hisui, L50, F, shiny|100/100\n|switch|p2a: Basculegion|Basculegion, L50, M, shiny|100/100\n|-ability|p2b: Arcanine|Intimidate|boost\n|-unboost|p1a: Scizor & Wet|atk|1\n|-unboost|p1b: Farigiraf|atk|1\n|turn|3\n|\n|t:|1775993103\n|move|p1a: Scizor & Wet|Protect|p1a: Scizor & Wet\n|-singleturn|p1a: Scizor & Wet|Protect\n|move|p2a: Basculegion|Last Respects|p1a: Scizor & Wet\n|-activate|p1a: Scizor & Wet|move: Protect\n|move|p2b: Arcanine|Flare Blitz|p1b: Farigiraf\n|-damage|p1b: Farigiraf|0 fnt\n|faint|p1b: Farigiraf\n|-damage|p2b: Arcanine|98/100|[from] Recoil\n|\n|upkeep\n|\n|t:|1775993117\n|switch|p1b: Starmie|Starmie, L50|100/100\n|turn|4\n|\n|t:|1775993125\n|move|p1b: Starmie|Protect|p1b: Starmie\n|-singleturn|p1b: Starmie|Protect\n|move|p2b: Arcanine|Extreme Speed|p1a: Scizor & Wet\n|-resisted|p1a: Scizor & Wet|1\n|-crit|p1a: Scizor & Wet\n|-damage|p1a: Scizor & Wet|0 fnt\n|faint|p1a: Scizor & Wet\n|move|p2a: Basculegion|Last Respects|p1b: Starmie\n|-activate|p1b: Starmie|move: Protect\n|\n|upkeep\n|\n|t:|1775993134\n|switch|p1a: Sinistcha|Sinistcha, L50|100/100\n|turn|5\n|\n|t:|1775993143\n|detailschange|p1b: Starmie|Starmie-Mega, L50\n|-mega|p1b: Starmie|Starmie|Starminite\n|move|p2a: Basculegion|Last Respects|p1b: Starmie\n|-supereffective|p1b: Starmie|1\n|-damage|p1b: Starmie|0 fnt\n|faint|p1b: Starmie\n|move|p2b: Arcanine|Flare Blitz|p1a: Sinistcha\n|-supereffective|p1a: Sinistcha|1\n|-damage|p1a: Sinistcha|0 fnt\n|faint|p1a: Sinistcha\n|-damage|p2b: Arcanine|63/100|[from] Recoil\n|\n|win|therealace2\n|raw|Sinister Patron's rating: 1098 &rarr; <strong>1077</strong><br />(-21 for losing)\n|raw|therealace2's rating: 1147 &rarr; <strong>1168</strong><br />(+21 for winning)\n|l|\u2606Sinister Patron\n|player|p1|\n",
  "uploadtime": 1775993160,
  "views": 24,
  "formatid": "gen9championsvgc2026regma",
  "rating": 1077,
  "private": 0,
  "password": null
}