{
  "id": "gen9championsvgc2026regma-2581494087",
  "format": "[Gen 9 Champions] VGC 2026 Reg M-A",
  "players": [
    "RazzvyBerry",
    "Animalprime1"
  ],
  "log": "|j|\u2606RazzvyBerry\n|j|\u2606Animalprime1\n|t:|1776005597\n|gametype|doubles\n|player|p1|RazzvyBerry|harlequin|1254\n|player|p2|Animalprime1|1|1158\n|gen|9\n|tier|[Gen 9 Champions] VGC 2026 Reg M-A\n|rated|\n|rule|Species Clause: Limit one of each Pok\u00e9mon\n|rule|Item Clause: Limit 1 of each item\n|clearpoke\n|poke|p1|Azumarill, L50, M|\n|poke|p1|Froslass, L50, F|\n|poke|p1|Sinistcha, L50|\n|poke|p1|Incineroar, L50, F|\n|poke|p1|Sneasler, L50, F|\n|poke|p1|Aerodactyl, L50, F|\n|poke|p2|Lucario, L50, M|\n|poke|p2|Pelipper, L50, M|\n|poke|p2|Liepard, L50, F|\n|poke|p2|Ampharos, L50, M|\n|poke|p2|Kingambit, L50, M|\n|poke|p2|Farigiraf, L50, F|\n|teampreview|4\n|inactive|Battle timer is ON: inactive players will automatically lose when time's up. (requested by Animalprime1)\n|\n|t:|1776005646\n|teamsize|p1|4\n|teamsize|p2|4\n|start\n|switch|p1a: Aerodactyl|Aerodactyl, L50, F|100/100\n|switch|p1b: Incineroar|Incineroar, L50, F|100/100\n|switch|p2a: Liepard|Liepard, L50, F|100/100\n|switch|p2b: Farigiraf|Farigiraf, L50, F|100/100\n|-ability|p1a: Aerodactyl|Unnerve\n|-ability|p1b: Incineroar|Intimidate|boost\n|-unboost|p2a: Liepard|atk|1\n|-unboost|p2b: Farigiraf|atk|1\n|turn|1\n|inactive|RazzvyBerry has 30 seconds left.\n|inactive|Animalprime1 has 30 seconds left.\n|inactive|RazzvyBerry has 20 seconds left.\n|inactive|Animalprime1 has 20 seconds left.\n|inactive|RazzvyBerry has 15 seconds left.\n|inactive|RazzvyBerry has 10 seconds left.\n|\n|t:|1776005693\n|detailschange|p1a: Aerodactyl|Aerodactyl-Mega, L50, F\n|-mega|p1a: Aerodactyl|Aerodactyl|Aerodactylite\n|move|p2a: Liepard|Fake Out|p1a: Aerodactyl\n|-resisted|p1a: Aerodactyl|1\n|-damage|p1a: Aerodactyl|96/100\n|cant|p1a: Aerodactyl|flinch\n|move|p2b: Farigiraf|Reflect|p2b: Farigiraf\n|-sidestart|p2: Animalprime1|Reflect\n|move|p1b: Incineroar|Darkest Lariat|p2b: Farigiraf\n|-supereffective|p2b: Farigiraf|1\n|-damage|p2b: Farigiraf|46/100\n|\n|upkeep\n|turn|2\n|inactive|RazzvyBerry has 30 seconds left.\n|inactive|RazzvyBerry has 20 seconds left.\n|\n|t:|1776005732\n|switch|p2a: Kingambit|Kingambit, L50, M|100/100\n|move|p1a: Aerodactyl|Taunt|p2b: Farigiraf\n|-start|p2b: Farigiraf|move: Taunt\n|-enditem|p2b: Farigiraf|Mental Herb\n|-end|p2b: Farigiraf|move: Taunt\n|move|p1b: Incineroar|Flare Blitz|p2a: Kingambit\n|-supereffective|p2a: Kingambit|1\n|-damage|p2a: Kingambit|33/100\n|-damage|p1b: Incineroar|78/100|[from] Recoil\n|move|p2b: Farigiraf|Trick Room|p2b: Farigiraf\n|-fieldstart|move: Trick Room|[of] p2b: Farigiraf\n|\n|-heal|p2a: Kingambit|39/100|[from] item: Leftovers\n|upkeep\n|turn|3\n|inactive|RazzvyBerry has 30 seconds left.\n|inactive|Animalprime1 has 30 seconds left.\n|inactive|RazzvyBerry has 20 seconds left.\n|\n|t:|1776005770\n|switch|p2b: Liepard|Liepard, L50, F|100/100\n|move|p2a: Kingambit|Iron Head|p1a: Aerodactyl\n|-supereffective|p1a: Aerodactyl|1\n|-damage|p1a: Aerodactyl|0 fnt\n|faint|p1a: Aerodactyl\n|move|p1b: Incineroar|Flare Blitz|p2a: Kingambit\n|-supereffective|p2a: Kingambit|1\n|-damage|p2a: Kingambit|0 fnt\n|faint|p2a: Kingambit\n|-damage|p1b: Incineroar|65/100|[from] Recoil\n|\n|upkeep\n|\n|t:|1776005794\n|switch|p2a: Ampharos|Ampharos, L50, M|100/100\n|switch|p1a: Azumarill|Azumarill, L50, M|100/100\n|turn|4\n|\n|t:|1776005817\n|detailschange|p2a: Ampharos|Ampharos-Mega, L50, M\n|-mega|p2a: Ampharos|Ampharos|Ampharosite\n|-ability|p2a: Ampharos|Mold Breaker\n|move|p1a: Azumarill|Protect|p1a: Azumarill\n|-singleturn|p1a: Azumarill|Protect\n|move|p2b: Liepard|Fake Out|p1b: Incineroar\n|-damage|p1b: Incineroar|54/100\n|move|p2a: Ampharos|Thunderbolt|p1a: Azumarill\n|-activate|p1a: Azumarill|move: Protect\n|cant|p1b: Incineroar|flinch\n|\n|upkeep\n|turn|5\n|inactive|RazzvyBerry has 30 seconds left.\n|inactive|Animalprime1 has 30 seconds left.\n|inactive|RazzvyBerry has 20 seconds left.\n|inactive|RazzvyBerry has 15 seconds left.\n|inactive|RazzvyBerry has 10 seconds left.\n|inactive|RazzvyBerry has 5 seconds left.\n|\n|t:|1776005868\n|switch|p2b: Farigiraf|Farigiraf, L50, F|46/100\n|move|p2a: Ampharos|Thunderbolt|p1a: Azumarill\n|-supereffective|p1a: Azumarill|1\n|-damage|p1a: Azumarill|0 fnt\n|faint|p1a: Azumarill\n|move|p1b: Incineroar|Parting Shot|p2a: Ampharos\n|-unboost|p2a: Ampharos|atk|1\n|-unboost|p2a: Ampharos|spa|1\n|\n|t:|1776005876\n|switch|p1b: Sneasler|Sneasler, L50, F|100/100|[from] Parting Shot\n|\n|-sideend|p2: Animalprime1|Reflect\n|upkeep\n|\n|t:|1776005880\n|switch|p1a: Incineroar|Incineroar, L50, F|54/100\n|-ability|p1a: Incineroar|Intimidate|boost\n|-unboost|p2a: Ampharos|atk|1\n|-unboost|p2b: Farigiraf|atk|1\n|turn|6\n|\n|t:|1776005902\n|move|p2a: Ampharos|Focus Blast|p1a: Incineroar|[miss]\n|-miss|p2a: Ampharos|p1a: Incineroar\n|move|p1a: Incineroar|Darkest Lariat|p2b: Farigiraf\n|-supereffective|p2b: Farigiraf|1\n|-damage|p2b: Farigiraf|0 fnt\n|faint|p2b: Farigiraf\n|move|p1b: Sneasler|Close Combat|p2a: Ampharos\n|-damage|p2a: Ampharos|46/100\n|-unboost|p1b: Sneasler|def|1\n|-unboost|p1b: Sneasler|spd|1\n|-enditem|p1b: Sneasler|White Herb\n|-clearnegativeboost|p1b: Sneasler|[silent]\n|\n|-fieldend|move: Trick Room\n|upkeep\n|\n|t:|1776005916\n|switch|p2b: Liepard|Liepard, L50, F|100/100\n|turn|7\n|\n|t:|1776005939\n|move|p1b: Sneasler|Protect|p1b: Sneasler\n|-singleturn|p1b: Sneasler|Protect\n|move|p2b: Liepard|Fake Out|p1b: Sneasler\n|-activate|p1b: Sneasler|move: Protect\n|move|p1a: Incineroar|Flare Blitz|p2b: Liepard\n|-enditem|p2b: Liepard|Focus Sash\n|-damage|p2b: Liepard|1/100\n|-damage|p1a: Incineroar|31/100|[from] Recoil\n|move|p2a: Ampharos|Focus Blast|p1a: Incineroar|[miss]\n|-miss|p2a: Ampharos|p1a: Incineroar\n|\n|upkeep\n|turn|8\n|-message|Animalprime1 forfeited.\n|\n|win|RazzvyBerry\n|raw|RazzvyBerry's rating: 1254 &rarr; <strong>1272</strong><br />(+18 for winning)\n|raw|Animalprime1's rating: 1158 &rarr; <strong>1140</strong><br />(-18 for losing)\n|l|\u2606Animalprime1\n|player|p2|\n|c|\u2606RazzvyBerry|Focus miss moment\n",
  "uploadtime": 1776005961,
  "views": 20,
  "formatid": "gen9championsvgc2026regma",
  "rating": 1140,
  "private": 0,
  "password": null
}