{
  "id": "gen9championsvgc2026regma-2581216871",
  "format": "[Gen 9 Champions] VGC 2026 Reg M-A",
  "players": [
    "The Burnted",
    "Iron Flapple"
  ],
  "log": "|j|\u2606The Burnted\n|j|\u2606Iron Flapple\n|t:|1775971978\n|gametype|doubles\n|player|p1|The Burnted|gambler|1071\n|player|p2|Iron Flapple|170|1143\n|gen|9\n|tier|[Gen 9 Champions] VGC 2026 Reg M-A\n|rated|\n|rule|Species Clause: Limit one of each Pok\u00e9mon\n|rule|Item Clause: Limit 1 of each item\n|clearpoke\n|poke|p1|Tauros-Paldea-Blaze, L50, M|\n|poke|p1|Rotom-Wash, L50|\n|poke|p1|Chimecho, L50, F|\n|poke|p1|Sneasler, L50, M|\n|poke|p1|Tyranitar, L50, F|\n|poke|p1|Clefable, L50, F|\n|poke|p2|Dragonite, L50, F|\n|poke|p2|Basculegion, L50, M|\n|poke|p2|Scizor, L50, F|\n|poke|p2|Sneasler, L50, F|\n|poke|p2|Archaludon, L50, F|\n|poke|p2|Politoed, L50, F|\n|teampreview|4\n|\n|t:|1775972008\n|teamsize|p1|4\n|teamsize|p2|4\n|start\n|switch|p1a: Rotom|Rotom-Wash, L50|100/100\n|switch|p1b: Chimecho|Chimecho, L50, F|100/100\n|switch|p2a: Sneasler|Sneasler, L50, F|100/100\n|switch|p2b: Scizor|Scizor, L50, F|100/100\n|turn|1\n|\n|t:|1775972087\n|switch|p1b: Tyranitar|Tyranitar, L50, F|100/100\n|-weather|Sandstorm|[from] ability: Sand Stream|[of] p1b: Tyranitar\n|detailschange|p2b: Scizor|Scizor-Mega, L50, F\n|-mega|p2b: Scizor|Scizor|Scizorite\n|move|p2a: Sneasler|Fake Out|p1b: Tyranitar\n|-resisted|p1b: Tyranitar|1\n|-damage|p1b: Tyranitar|95/100\n|move|p1a: Rotom|Electroweb|p2a: Sneasler|[spread] p2a,p2b\n|-damage|p2a: Sneasler|72/100\n|-damage|p2b: Scizor|81/100\n|-unboost|p2a: Sneasler|spe|1\n|-unboost|p2b: Scizor|spe|1\n|move|p2b: Scizor|Knock Off|p1b: Tyranitar\n|-resisted|p1b: Tyranitar|1\n|-damage|p1b: Tyranitar|79/100\n|-enditem|p1b: Tyranitar|Chople Berry|[from] move: Knock Off|[of] p2b: Scizor\n|\n|-weather|Sandstorm|[upkeep]\n|-damage|p1a: Rotom|95/100|[from] Sandstorm\n|-damage|p2a: Sneasler|66/100|[from] Sandstorm\n|upkeep\n|turn|2\n|\n|t:|1775972114\n|switch|p2a: Politoed|Politoed, L50, F|100/100\n|-weather|RainDance|[from] ability: Drizzle|[of] p2a: Politoed\n|move|p1a: Rotom|Electroweb|p2b: Scizor|[spread] p2a,p2b\n|-supereffective|p2a: Politoed|1\n|-damage|p2a: Politoed|64/100\n|-damage|p2b: Scizor|61/100\n|-unboost|p2a: Politoed|spe|1\n|-unboost|p2b: Scizor|spe|1\n|move|p1b: Tyranitar|Low Kick|p2b: Scizor\n|-damage|p2b: Scizor|34/100\n|move|p2b: Scizor|Close Combat|p1b: Tyranitar\n|-supereffective|p1b: Tyranitar|2\n|-damage|p1b: Tyranitar|0 fnt\n|-unboost|p2b: Scizor|def|1\n|-unboost|p2b: Scizor|spd|1\n|faint|p1b: Tyranitar\n|\n|-weather|RainDance|[upkeep]\n|-heal|p2a: Politoed|70/100|[from] item: Leftovers\n|upkeep\n|\n|t:|1775972128\n|switch|p1b: Chimecho|Chimecho, L50, F|100/100\n|turn|3\n|\n|t:|1775972144\n|move|p2a: Politoed|Helping Hand|p2b: Scizor\n|-singleturn|p2b: Scizor|Helping Hand|[of] p2a: Politoed\n|move|p1b: Chimecho|Protect|p1b: Chimecho\n|-singleturn|p1b: Chimecho|Protect\n|move|p1a: Rotom|Electroweb|p2a: Politoed|[spread] p2a,p2b\n|-supereffective|p2a: Politoed|1\n|-damage|p2a: Politoed|37/100\n|-damage|p2b: Scizor|1/100\n|-unboost|p2a: Politoed|spe|1\n|-unboost|p2b: Scizor|spe|1\n|move|p2b: Scizor|Knock Off|p1b: Chimecho\n|-activate|p1b: Chimecho|move: Protect\n|\n|-weather|RainDance|[upkeep]\n|-heal|p2a: Politoed|43/100|[from] item: Leftovers\n|upkeep\n|turn|4\n|\n|t:|1775972162\n|switch|p2b: Sneasler|Sneasler, L50, F|66/100\n|detailschange|p1b: Chimecho|Chimecho-Mega, L50, F\n|-mega|p1b: Chimecho|Chimecho|Chimechite\n|move|p2a: Politoed|Protect|p2a: Politoed\n|-singleturn|p2a: Politoed|Protect\n|move|p1a: Rotom|Electroweb|p2a: Politoed|[spread] p2b\n|-activate|p2a: Politoed|move: Protect\n|-crit|p2b: Sneasler\n|-damage|p2b: Sneasler|24/100\n|-unboost|p2b: Sneasler|spe|1\n|move|p1b: Chimecho|Calm Mind|p1b: Chimecho\n|-boost|p1b: Chimecho|spa|1\n|-boost|p1b: Chimecho|spd|1\n|\n|-weather|RainDance|[upkeep]\n|-heal|p2a: Politoed|49/100|[from] item: Leftovers\n|upkeep\n|turn|5\n|\n|t:|1775972200\n|move|p2b: Sneasler|Fake Out|p1a: Rotom\n|-damage|p1a: Rotom|78/100\n|cant|p1a: Rotom|flinch\n|move|p1b: Chimecho|Psychic|p2a: Politoed\n|-damage|p2a: Politoed|0 fnt\n|faint|p2a: Politoed\n|\n|-weather|RainDance|[upkeep]\n|upkeep\n|\n|t:|1775972207\n|switch|p2a: Archaludon|Archaludon, L50, F|100/100\n|turn|6\n|\n|t:|1775972215\n|switch|p2b: Scizor|Scizor-Mega, L50, F|1/100\n|move|p1a: Rotom|Electroweb|p2b: Scizor|[spread] p2a,p2b\n|-resisted|p2a: Archaludon|1\n|-damage|p2a: Archaludon|88/100\n|-damage|p2b: Scizor|0 fnt\n|-unboost|p2a: Archaludon|spe|1\n|-ability|p2a: Archaludon|Stamina|boost\n|-boost|p2a: Archaludon|def|1\n|faint|p2b: Scizor\n|move|p1b: Chimecho|Calm Mind|p1b: Chimecho\n|-boost|p1b: Chimecho|spa|1\n|-boost|p1b: Chimecho|spd|1\n|move|p2a: Archaludon|Electro Shot||[still]\n|-prepare|p2a: Archaludon|Electro Shot\n|-boost|p2a: Archaludon|spa|1\n|-anim|p2a: Archaludon|Electro Shot|p1a: Rotom\n|-damage|p1a: Rotom|0 fnt\n|faint|p1a: Rotom\n|\n|-weather|none\n|upkeep\n|\n|t:|1775972232\n|switch|p1a: Clefable|Clefable, L50, F, shiny|100/100\n|switch|p2b: Sneasler|Sneasler, L50, F|24/100\n|turn|7\n|\n|t:|1775972255\n|move|p2b: Sneasler|Dire Claw|p1a: Clefable\n|-supereffective|p1a: Clefable|1\n|-damage|p1a: Clefable|38/100\n|move|p1b: Chimecho|Psychic|p2b: Sneasler\n|-supereffective|p2b: Sneasler|2\n|-damage|p2b: Sneasler|0 fnt\n|faint|p2b: Sneasler\n|move|p1a: Clefable|Moonblast|p2a: Archaludon\n|-damage|p2a: Archaludon|48/100\n|-ability|p2a: Archaludon|Stamina|boost\n|-boost|p2a: Archaludon|def|1\n|move|p2a: Archaludon|Flash Cannon|p1a: Clefable\n|-supereffective|p1a: Clefable|1\n|-damage|p1a: Clefable|0 fnt\n|faint|p1a: Clefable\n|\n|upkeep\n|turn|8\n|\n|t:|1775972273\n|move|p1b: Chimecho|Psychic|p2a: Archaludon\n|-resisted|p2a: Archaludon|1\n|-damage|p2a: Archaludon|0 fnt\n|faint|p2a: Archaludon\n|\n|win|The Burnted\n|raw|The Burnted's rating: 1071 &rarr; <strong>1106</strong><br />(+35 for winning)\n|raw|Iron Flapple's rating: 1143 &rarr; <strong>1113</strong><br />(-30 for losing)\n|l|\u2606Iron Flapple\n|player|p2|\n",
  "uploadtime": 1775972279,
  "views": 13,
  "formatid": "gen9championsvgc2026regma",
  "rating": 1106,
  "private": 0,
  "password": null
}