{
  "id": "gen9championsvgc2026regma-2584332030",
  "format": "[Gen 9 Champions] VGC 2026 Reg M-A",
  "players": [
    "fangyusuhe",
    "393piplup"
  ],
  "log": "|j|\u2606fangyusuhe\n|j|\u2606393piplup\n|t:|1776252117\n|gametype|doubles\n|player|p1|fangyusuhe|dawn|1387\n|player|p2|393piplup|falkner|1409\n|gen|9\n|tier|[Gen 9 Champions] VGC 2026 Reg M-A\n|rated|\n|rule|Species Clause: Limit one of each Pok\u00e9mon\n|rule|Item Clause: Limit 1 of each item\n|clearpoke\n|poke|p1|Charizard, L50, F|\n|poke|p1|Sneasler, L50, F|\n|poke|p1|Garchomp, L50, M|\n|poke|p1|Incineroar, L50, M|\n|poke|p1|Whimsicott, L50, F|\n|poke|p1|Kingambit, L50, M|\n|poke|p2|Gyarados, L50, M|\n|poke|p2|Volcarona, L50, F|\n|poke|p2|Scizor, L50, M|\n|poke|p2|Altaria, L50, F|\n|poke|p2|Sneasler, L50, M|\n|poke|p2|Sylveon, L50, F|\n|teampreview|4\n|inactive|Battle timer is ON: inactive players will automatically lose when time's up. (requested by 393piplup)\n|\n|t:|1776252134\n|teamsize|p1|4\n|teamsize|p2|4\n|start\n|switch|p1a: Sneasler|Sneasler, L50, F|100/100\n|switch|p1b: Garchomp|Garchomp, L50, M|100/100\n|switch|p2a: Gyarados|Gyarados, L50, M, shiny|100/100\n|switch|p2b: Altaria|Altaria, L50, F|100/100\n|-ability|p2a: Gyarados|Intimidate|boost\n|-unboost|p1a: Sneasler|atk|1\n|-unboost|p1b: Garchomp|atk|1\n|-ability|p2b: Altaria|Cloud Nine\n|-enditem|p1a: Sneasler|White Herb\n|-clearnegativeboost|p1a: Sneasler|[silent]\n|turn|1\n|inactive|fangyusuhe has 30 seconds left.\n|\n|t:|1776252159\n|move|p2a: Gyarados|Protect|p2a: Gyarados\n|-singleturn|p2a: Gyarados|Protect\n|move|p1a: Sneasler|Dire Claw|p2b: Altaria\n|-damage|p2b: Altaria|53/100\n|-status|p2b: Altaria|psn\n|move|p1b: Garchomp|Rock Slide|p2a: Gyarados|[spread] p2b\n|-activate|p2a: Gyarados|move: Protect\n|-supereffective|p2b: Altaria|1\n|-damage|p2b: Altaria|28/100 psn\n|-enditem|p2b: Altaria|Sitrus Berry|[eat]\n|-heal|p2b: Altaria|53/100 psn|[from] item: Sitrus Berry\n|move|p2b: Altaria|Breaking Swipe|p1a: Sneasler|[spread] p1a,p1b\n|-supereffective|p1b: Garchomp|1\n|-enditem|p1b: Garchomp|Haban Berry|[eat]\n|-enditem|p1b: Garchomp|Haban Berry|[weaken]\n|-damage|p1a: Sneasler|80/100\n|-damage|p1b: Garchomp|89/100\n|-unboost|p1a: Sneasler|atk|1\n|-unboost|p1b: Garchomp|atk|1\n|-damage|p2b: Altaria|40/100 psn|[from] ability: Rough Skin|[of] p1b: Garchomp\n|\n|-damage|p2b: Altaria|28/100 psn|[from] psn\n|upkeep\n|turn|2\n|\n|t:|1776252181\n|move|p1a: Sneasler|Dire Claw|p2a: Gyarados\n|-damage|p2a: Gyarados|67/100\n|move|p1b: Garchomp|Dragon Claw|p2b: Altaria\n|-supereffective|p2b: Altaria|1\n|-damage|p2b: Altaria|0 fnt\n|faint|p2b: Altaria\n|move|p2a: Gyarados|Dragon Dance|p2a: Gyarados\n|-boost|p2a: Gyarados|atk|1\n|-boost|p2a: Gyarados|spe|1\n|\n|upkeep\n|\n|t:|1776252190\n|switch|p2b: Sylveon|Sylveon, L50, F|100/100\n|turn|3\n|\n|t:|1776252207\n|detailschange|p2a: Gyarados|Gyarados-Mega, L50, M, shiny\n|-mega|p2a: Gyarados|Gyarados|Gyaradosite\n|-ability|p2a: Gyarados|Mold Breaker\n|move|p2b: Sylveon|Detect|p2b: Sylveon\n|-singleturn|p2b: Sylveon|Protect\n|move|p1a: Sneasler|Dire Claw|p2b: Sylveon\n|-activate|p2b: Sylveon|move: Protect\n|move|p2a: Gyarados|Earthquake|p1b: Garchomp|[spread] p1a,p1b\n|-activate|p2b: Sylveon|move: Protect\n|-supereffective|p1a: Sneasler|1\n|-damage|p1a: Sneasler|0 fnt\n|-damage|p1b: Garchomp|51/100\n|faint|p1a: Sneasler\n|move|p1b: Garchomp|Rock Slide|p2b: Sylveon|[spread] p2a\n|-activate|p2b: Sylveon|move: Protect\n|-crit|p2a: Gyarados\n|-damage|p2a: Gyarados|42/100\n|\n|upkeep\n|\n|t:|1776252221\n|switch|p1a: Charizard|Charizard, L50, F|100/100\n|turn|4\n|\n|t:|1776252233\n|detailschange|p1a: Charizard|Charizard-Mega-Y, L50, F\n|-mega|p1a: Charizard|Charizard|Charizardite Y\n|-weather|SunnyDay|[from] ability: Drought|[of] p1a: Charizard\n|move|p2a: Gyarados|Protect|p2a: Gyarados\n|-singleturn|p2a: Gyarados|Protect\n|move|p1b: Garchomp|Rock Slide|p2b: Sylveon|[spread] \n|-activate|p2a: Gyarados|move: Protect\n|-miss|p1b: Garchomp|p2b: Sylveon\n|move|p1a: Charizard|Heat Wave|p2b: Sylveon|[spread] p2b\n|-activate|p2a: Gyarados|move: Protect\n|-damage|p2b: Sylveon|51/100\n|move|p2b: Sylveon|Hyper Voice|p1b: Garchomp|[spread] p1a,p1b\n|-resisted|p1a: Charizard|1\n|-supereffective|p1b: Garchomp|1\n|-damage|p1a: Charizard|78/100\n|-damage|p1b: Garchomp|0 fnt\n|faint|p1b: Garchomp\n|\n|-weather|SunnyDay|[upkeep]\n|upkeep\n|\n|t:|1776252242\n|switch|p1b: Kingambit|Kingambit, L50, M|100/100\n|turn|5\n|j| GalacticSpaceForce\n|\n|t:|1776252265\n|move|p1b: Kingambit|Sucker Punch|p2a: Gyarados\n|-resisted|p2a: Gyarados|1\n|-damage|p2a: Gyarados|22/100\n|move|p2a: Gyarados|Waterfall|p1a: Charizard\n|-supereffective|p1a: Charizard|1\n|-damage|p1a: Charizard|4/100\n|move|p1a: Charizard|Heat Wave|p2a: Gyarados|[spread] p2a,p2b\n|-resisted|p2a: Gyarados|1\n|-damage|p2a: Gyarados|0 fnt\n|-damage|p2b: Sylveon|0 fnt\n|faint|p2a: Gyarados\n|faint|p2b: Sylveon\n|\n|-weather|SunnyDay|[upkeep]\n|upkeep\n|\n|t:|1776252276\n|switch|p2b: Sneasler|Sneasler, L50, M|100/100\n|turn|6\n|\n|t:|1776252298\n|move|p1a: Charizard|Protect|p1a: Charizard\n|-singleturn|p1a: Charizard|Protect\n|move|p1b: Kingambit|Protect|p1b: Kingambit\n|-singleturn|p1b: Kingambit|Protect\n|move|p2b: Sneasler|Close Combat|p1b: Kingambit\n|-activate|p1b: Kingambit|move: Protect\n|\n|-weather|SunnyDay|[upkeep]\n|upkeep\n|turn|7\n|\n|t:|1776252307\n|move|p2b: Sneasler|Dire Claw|p1a: Charizard\n|-damage|p1a: Charizard|0 fnt\n|faint|p1a: Charizard\n|move|p1b: Kingambit|Kowtow Cleave|p2b: Sneasler\n|-resisted|p2b: Sneasler|1\n|-damage|p2b: Sneasler|49/100\n|\n|-weather|SunnyDay|[upkeep]\n|upkeep\n|turn|8\n|j| njxfnewnfw2\n|\n|t:|1776252319\n|move|p1b: Kingambit|Sucker Punch|p2b: Sneasler\n|-resisted|p2b: Sneasler|1\n|-damage|p2b: Sneasler|4/100\n|move|p2b: Sneasler|Close Combat|p1b: Kingambit\n|-supereffective|p1b: Kingambit|2\n|-damage|p1b: Kingambit|0 fnt\n|-unboost|p2b: Sneasler|def|1\n|-unboost|p2b: Sneasler|spd|1\n|faint|p1b: Kingambit\n|\n|win|393piplup\n|raw|fangyusuhe's rating: 1364 &rarr; <strong>1347</strong><br />(-17 for losing)\n|raw|393piplup's rating: 1409 &rarr; <strong>1426</strong><br />(+17 for winning)\n|l|\u2606fangyusuhe\n|player|p1|\n|l|\u2606393piplup\n|player|p2|\n|l| njxfnewnfw2\n",
  "uploadtime": 1776252371,
  "views": 34,
  "formatid": "gen9championsvgc2026regma",
  "rating": 1347,
  "private": 0,
  "password": null
}