{
  "id": "gen9championsvgc2026regma-2585105868",
  "format": "[Gen 9 Champions] VGC 2026 Reg M-A",
  "players": [
    "Terypagos",
    "enterprizeE"
  ],
  "log": "|j|\u2606Terypagos\n|j|\u2606enterprizeE\n|t:|1776312410\n|gametype|doubles\n|player|p1|Terypagos|turo-ai|1367\n|player|p2|enterprizeE|2|1499\n|gen|9\n|tier|[Gen 9 Champions] VGC 2026 Reg M-A\n|rated|\n|rule|Species Clause: Limit one of each Pok\u00e9mon\n|rule|Item Clause: Limit 1 of each item\n|clearpoke\n|poke|p1|Floette-Eternal, L50, F|\n|poke|p1|Aerodactyl, L50, F|\n|poke|p1|Garchomp, L50, F|\n|poke|p1|Incineroar, L50, F|\n|poke|p1|Basculegion, L50, M|\n|poke|p1|Sneasler, L50, F|\n|poke|p2|Dragonite, L50, M|\n|poke|p2|Archaludon, L50, F|\n|poke|p2|Pelipper, L50, M|\n|poke|p2|Sinistcha, L50|\n|poke|p2|Basculegion, L50, M|\n|poke|p2|Skarmory, L50, M|\n|teampreview|4\n|inactive|Battle timer is ON: inactive players will automatically lose when time's up. (requested by enterprizeE)\n|\n|t:|1776312441\n|teamsize|p1|4\n|teamsize|p2|4\n|start\n|switch|p1a: Basculegion|Basculegion, L50, M, shiny|100/100\n|switch|p1b: Aerodactyl|Aerodactyl, L50, F|100/100\n|switch|p2a: Skarmory|Skarmory, L50, M|100/100\n|switch|p2b: Basculegion|Basculegion, L50, M|100/100\n|-ability|p1b: Aerodactyl|Unnerve\n|turn|1\n|inactive|enterprizeE has 30 seconds left.\n|\n|t:|1776312468\n|detailschange|p2a: Skarmory|Skarmory-Mega, L50, M\n|-mega|p2a: Skarmory|Skarmory|Skarmorite\n|move|p1a: Basculegion|Wave Crash|p2a: Skarmory\n|-damage|p2a: Skarmory|31/100\n|-damage|p1a: Basculegion|80/100|[from] Recoil\n|move|p1b: Aerodactyl|Tailwind|p1b: Aerodactyl\n|-sidestart|p1: Terypagos|move: Tailwind\n|move|p2a: Skarmory|Iron Defense|p2a: Skarmory\n|-boost|p2a: Skarmory|def|2\n|move|p2b: Basculegion|Liquidation|p1a: Basculegion\n|-resisted|p1a: Basculegion|1\n|-damage|p1a: Basculegion|45/100\n|\n|upkeep\n|turn|2\n|inactive|enterprizeE has 30 seconds left.\n|\n|t:|1776312495\n|switch|p2b: Sinistcha|Sinistcha, L50|100/100\n|-heal|p2a: Skarmory|56/100|[from] ability: Hospitality|[of] p2b: Sinistcha\n|move|p1a: Basculegion|Wave Crash|p2a: Skarmory\n|-damage|p2a: Skarmory|15/100\n|-damage|p1a: Basculegion|33/100|[from] Recoil\n|move|p1b: Aerodactyl|Rock Slide|p2b: Sinistcha|[spread] p2a,p2b\n|-damage|p2a: Skarmory|3/100\n|-damage|p2b: Sinistcha|77/100\n|move|p2a: Skarmory|Iron Head|p1b: Aerodactyl\n|-supereffective|p1b: Aerodactyl|1\n|-enditem|p1b: Aerodactyl|Focus Sash\n|-damage|p1b: Aerodactyl|1/100\n|\n|upkeep\n|turn|3\n|\n|t:|1776312518\n|switch|p1a: Sneasler|Sneasler, L50, F, shiny|100/100\n|move|p1b: Aerodactyl|Rock Slide|p2b: Sinistcha|[spread] \n|-miss|p1b: Aerodactyl|p2a: Skarmory\n|-miss|p1b: Aerodactyl|p2b: Sinistcha\n|move|p2a: Skarmory|Brave Bird|p1a: Sneasler\n|-supereffective|p1a: Sneasler|1\n|-damage|p1a: Sneasler|0 fnt\n|faint|p1a: Sneasler\n|-damage|p2a: Skarmory|0 fnt|[from] Recoil\n|faint|p2a: Skarmory\n|move|p2b: Sinistcha|Trick Room|p2b: Sinistcha\n|-fieldstart|move: Trick Room|[of] p2b: Sinistcha\n|\n|upkeep\n|\n|t:|1776312531\n|switch|p2a: Basculegion|Basculegion, L50, M|100/100\n|switch|p1a: Floette|Floette-Eternal, L50, F|100/100\n|turn|4\n|\n|t:|1776312540\n|move|p1a: Floette|Protect|p1a: Floette\n|-singleturn|p1a: Floette|Protect\n|move|p1b: Aerodactyl|Protect|p1b: Aerodactyl\n|-singleturn|p1b: Aerodactyl|Protect\n|move|p2b: Sinistcha|Matcha Gotcha|p1a: Floette|[spread] \n|-activate|p1a: Floette|move: Protect\n|-activate|p1b: Aerodactyl|move: Protect\n|move|p2a: Basculegion|Liquidation|p1a: Floette\n|-activate|p1a: Floette|move: Protect\n|\n|-sideend|p1: Terypagos|move: Tailwind\n|upkeep\n|turn|5\n|\n|t:|1776312558\n|detailschange|p1a: Floette|Floette-Mega, L50, F\n|-mega|p1a: Floette|Floette|Floettite\n|-ability|p1a: Floette|Fairy Aura\n|move|p2b: Sinistcha|Matcha Gotcha|p1a: Floette|[spread] p1a,p1b\n|-damage|p1a: Floette|78/100\n|-heal|p2b: Sinistcha|86/100|[from] drain|[of] p1a: Floette\n|-damage|p1b: Aerodactyl|0 fnt\n|-heal|p2b: Sinistcha|87/100|[from] drain|[of] p1b: Aerodactyl\n|faint|p1b: Aerodactyl\n|move|p2a: Basculegion|Last Respects|p1a: Floette\n|-damage|p1a: Floette|0 fnt\n|faint|p1a: Floette\n|\n|upkeep\n|-message|Terypagos forfeited.\n|\n|win|enterprizeE\n|raw|Terypagos's rating: 1367 &rarr; <strong>1354</strong><br />(-13 for losing)\n|raw|enterprizeE's rating: 1499 &rarr; <strong>1512</strong><br />(+13 for winning)\n|l|\u2606Terypagos\n|player|p1|\n|l|\u2606enterprizeE\n|player|p2|\n|j|\u2606Terypagos\n|player|p1|Terypagos|turo-ai|\n",
  "uploadtime": 1776312577,
  "views": 48,
  "formatid": "gen9championsvgc2026regma",
  "rating": 1354,
  "private": 0,
  "password": null
}