{
  "id": "gen9championsvgc2026regma-2583422017",
  "format": "[Gen 9 Champions] VGC 2026 Reg M-A",
  "players": [
    "stepintheshadow",
    "Viral_Tomato"
  ],
  "log": "|j|\u2606stepintheshadow\n|j|\u2606Viral_Tomato\n|t:|1776174584\n|gametype|doubles\n|player|p1|stepintheshadow|266|1172\n|player|p2|Viral_Tomato|fantina|1225\n|gen|9\n|tier|[Gen 9 Champions] VGC 2026 Reg M-A\n|rated|\n|rule|Species Clause: Limit one of each Pok\u00e9mon\n|rule|Item Clause: Limit 1 of each item\n|clearpoke\n|poke|p1|Armarouge, L50, F|\n|poke|p1|Charizard, L50, F|\n|poke|p1|Hatterene, L50, F|\n|poke|p1|Orthworm, L50, F|\n|poke|p1|Venusaur, L50, F|\n|poke|p1|Garchomp, L50, F|\n|poke|p2|Incineroar, L50, F|\n|poke|p2|Whimsicott, L50, M|\n|poke|p2|Maushold-Four, L50|\n|poke|p2|Floette-Eternal, L50, F|\n|poke|p2|Basculegion, L50, M|\n|poke|p2|Tinkaton, L50, F|\n|teampreview|4\n|\n|t:|1776174618\n|teamsize|p1|4\n|teamsize|p2|4\n|start\n|switch|p1a: Charizard|Charizard, L50, F|100/100\n|switch|p1b: Armarouge|Armarouge, L50, F|100/100\n|switch|p2a: Peyton|Basculegion, L50, M|100/100\n|switch|p2b: CoughingBaby|Maushold-Four, L50|100/100\n|turn|1\n|\n|t:|1776174646\n|move|p2b: CoughingBaby|Protect|p2b: CoughingBaby\n|-singleturn|p2b: CoughingBaby|Protect\n|move|p1a: Charizard|Protect|p1a: Charizard\n|-singleturn|p1a: Charizard|Protect\n|move|p2a: Peyton|Wave Crash|p1a: Charizard\n|-activate|p1a: Charizard|move: Protect\n|move|p1b: Armarouge|Armor Cannon|p2b: CoughingBaby\n|-activate|p2b: CoughingBaby|move: Protect\n|\n|upkeep\n|turn|2\n|inactive|Battle timer is ON: inactive players will automatically lose when time's up. (requested by stepintheshadow)\n|\n|t:|1776174679\n|detailschange|p1a: Charizard|Charizard-Mega-Y, L50, F\n|-mega|p1a: Charizard|Charizard|Charizardite Y\n|-weather|SunnyDay|[from] ability: Drought|[of] p1a: Charizard\n|move|p2a: Peyton|Wave Crash|p1a: Charizard\n|-supereffective|p1a: Charizard|1\n|-damage|p1a: Charizard|9/100\n|-damage|p2a: Peyton|75/100|[from] Recoil\n|move|p2b: CoughingBaby|Taunt|p1b: Armarouge\n|-start|p1b: Armarouge|move: Taunt\n|move|p1a: Charizard|Solar Beam||[still]\n|-prepare|p1a: Charizard|Solar Beam\n|-anim|p1a: Charizard|Solar Beam|p2a: Peyton\n|-supereffective|p2a: Peyton|1\n|-damage|p2a: Peyton|2/100\n|move|p1b: Armarouge|Armor Cannon|p2b: CoughingBaby\n|-damage|p2b: CoughingBaby|0 fnt\n|-unboost|p1b: Armarouge|def|1\n|-unboost|p1b: Armarouge|spd|1\n|faint|p2b: CoughingBaby\n|\n|-weather|SunnyDay|[upkeep]\n|upkeep\n|\n|t:|1776174699\n|switch|p2b: HydrogenBomb|Floette-Eternal, L50, F|100/100\n|turn|3\n|\n|t:|1776174722\n|switch|p1b: Venusaur|Venusaur, L50, F|100/100\n|detailschange|p2b: HydrogenBomb|Floette-Mega, L50, F\n|-mega|p2b: HydrogenBomb|Floette|Floettite\n|-ability|p2b: HydrogenBomb|Fairy Aura\n|move|p1a: Charizard|Protect|p1a: Charizard\n|-singleturn|p1a: Charizard|Protect\n|move|p2a: Peyton|Wave Crash|p1a: Charizard\n|-activate|p1a: Charizard|move: Protect\n|move|p2b: HydrogenBomb|Calm Mind|p2b: HydrogenBomb\n|-boost|p2b: HydrogenBomb|spa|1\n|-boost|p2b: HydrogenBomb|spd|1\n|\n|-weather|SunnyDay|[upkeep]\n|upkeep\n|turn|4\n|\n|t:|1776174745\n|switch|p2a: Ball|Whimsicott, L50, M|100/100\n|move|p2b: HydrogenBomb|Protect|p2b: HydrogenBomb\n|-singleturn|p2b: HydrogenBomb|Protect\n|move|p1b: Venusaur|Sleep Powder|p2b: HydrogenBomb\n|-activate|p2b: HydrogenBomb|move: Protect\n|move|p1a: Charizard|Fire Blast|p2b: HydrogenBomb\n|-activate|p2b: HydrogenBomb|move: Protect\n|\n|-weather|SunnyDay|[upkeep]\n|upkeep\n|turn|5\n|\n|t:|1776174763\n|move|p1a: Charizard|Protect|p1a: Charizard\n|-singleturn|p1a: Charizard|Protect\n|move|p2a: Ball|Tailwind|p2a: Ball\n|-sidestart|p2: Viral_Tomato|move: Tailwind\n|move|p2b: HydrogenBomb|Dazzling Gleam|p1a: Charizard|[spread] p1b\n|-activate|p1a: Charizard|move: Protect\n|-resisted|p1b: Venusaur|1\n|-damage|p1b: Venusaur|66/100\n|move|p1b: Venusaur|Sleep Powder|p2b: HydrogenBomb\n|-status|p2b: HydrogenBomb|slp|[from] move: Sleep Powder\n|\n|-weather|SunnyDay|[upkeep]\n|-heal|p1b: Venusaur|72/100|[from] item: Leftovers\n|upkeep\n|turn|6\n|\n|t:|1776174783\n|cant|p2b: HydrogenBomb|slp\n|move|p2a: Ball|Encore|p1b: Venusaur\n|-start|p1b: Venusaur|Encore\n|move|p1b: Venusaur|Sleep Powder|p2a: Ball\n|-immune|p2a: Ball\n|move|p1a: Charizard|Heat Wave|p2b: HydrogenBomb|[spread] p2a,p2b\n|-supereffective|p2a: Ball|1\n|-enditem|p2a: Ball|Focus Sash\n|-damage|p2a: Ball|1/100\n|-damage|p2b: HydrogenBomb|64/100 slp\n|\n|-weather|none\n|-heal|p1b: Venusaur|78/100|[from] item: Leftovers\n|upkeep\n|turn|7\n|inactive|stepintheshadow has 30 seconds left.\n|inactive|Viral_Tomato has 30 seconds left.\n|\n|t:|1776174821\n|switch|p1a: Garchomp|Garchomp, L50, F|100/100\n|switch|p1b: Armarouge|Armarouge, L50, F|100/100\n|move|p2a: Ball|Moonblast|p1a: Garchomp\n|-supereffective|p1a: Garchomp|1\n|-damage|p1a: Garchomp|14/100\n|cant|p2b: HydrogenBomb|slp\n|\n|upkeep\n|turn|8\n|inactive|Viral_Tomato has 30 seconds left.\n|inactive|stepintheshadow has 30 seconds left.\n|inactive|Viral_Tomato has 20 seconds left.\n|inactive|Viral_Tomato has 15 seconds left.\n|\n|t:|1776174866\n|move|p2a: Ball|Protect|p2a: Ball\n|-singleturn|p2a: Ball|Protect\n|move|p1a: Garchomp|Protect|p1a: Garchomp\n|-singleturn|p1a: Garchomp|Protect\n|-curestatus|p2b: HydrogenBomb|slp|[msg]\n|move|p2b: HydrogenBomb|Dazzling Gleam|p1b: Armarouge|[spread] p1b\n|-activate|p1a: Garchomp|move: Protect\n|-resisted|p1b: Armarouge|1\n|-damage|p1b: Armarouge|65/100\n|move|p1b: Armarouge|Armor Cannon|p2b: HydrogenBomb\n|-damage|p2b: HydrogenBomb|15/100\n|-unboost|p1b: Armarouge|def|1\n|-unboost|p1b: Armarouge|spd|1\n|\n|-sideend|p2: Viral_Tomato|move: Tailwind\n|upkeep\n|turn|9\n|inactive|Viral_Tomato has 30 seconds left.\n|inactive|Viral_Tomato has 20 seconds left.\n|\n|t:|1776174906\n|move|p1b: Armarouge|Wide Guard|p1b: Armarouge\n|-singleturn|p1b: Armarouge|Wide Guard\n|move|p2a: Ball|Moonblast|p1a: Garchomp\n|-supereffective|p1a: Garchomp|1\n|-damage|p1a: Garchomp|0 fnt\n|faint|p1a: Garchomp\n|move|p2b: HydrogenBomb|Moonblast|p1b: Armarouge\n|-resisted|p1b: Armarouge|1\n|-damage|p1b: Armarouge|0 fnt\n|faint|p1b: Armarouge\n|\n|upkeep\n|inactive|stepintheshadow has 30 seconds left.\n|inactive|stepintheshadow has 20 seconds left.\n|inactive|stepintheshadow has 15 seconds left.\n|\n|t:|1776174947\n|switch|p1a: Charizard|Charizard-Mega-Y, L50, F|9/100\n|switch|p1b: Venusaur|Venusaur, L50, F|78/100\n|-weather|SunnyDay|[from] ability: Drought|[of] p1a: Charizard\n|turn|10\n|\n|t:|1776174960\n|move|p2a: Ball|Protect|p2a: Ball\n|-singleturn|p2a: Ball|Protect\n|move|p2b: HydrogenBomb|Protect|p2b: HydrogenBomb\n|-singleturn|p2b: HydrogenBomb|Protect\n|move|p1a: Charizard|Protect|p1a: Charizard\n|-singleturn|p1a: Charizard|Protect\n|move|p1b: Venusaur|Sludge Bomb|p2b: HydrogenBomb\n|-activate|p2b: HydrogenBomb|move: Protect\n|\n|-weather|SunnyDay|[upkeep]\n|-heal|p1b: Venusaur|84/100|[from] item: Leftovers\n|upkeep\n|turn|11\n|\n|t:|1776174977\n|move|p2a: Ball|Encore|p1a: Charizard\n|-start|p1a: Charizard|Encore\n|move|p1a: Charizard|Protect||[still]\n|-fail|p1a: Charizard\n|move|p1b: Venusaur|Sludge Bomb|p2b: HydrogenBomb\n|-supereffective|p2b: HydrogenBomb|1\n|-damage|p2b: HydrogenBomb|0 fnt\n|faint|p2b: HydrogenBomb\n|\n|-weather|SunnyDay|[upkeep]\n|-heal|p1b: Venusaur|90/100|[from] item: Leftovers\n|upkeep\n|\n|t:|1776174984\n|switch|p2b: Peyton|Basculegion, L50, M|2/100\n|turn|12\n|\n|t:|1776174991\n|move|p1a: Charizard|Protect|p1a: Charizard\n|-singleturn|p1a: Charizard|Protect\n|move|p2a: Ball|Tailwind|p2a: Ball\n|-sidestart|p2: Viral_Tomato|move: Tailwind\n|move|p2b: Peyton|Last Respects|p1b: Venusaur\n|-damage|p1b: Venusaur|0 fnt\n|faint|p1b: Venusaur\n|\n|-weather|SunnyDay|[upkeep]\n|upkeep\n|turn|13\n|-message|stepintheshadow forfeited.\n|\n|win|Viral_Tomato\n|raw|stepintheshadow's rating: 1172 &rarr; <strong>1151</strong><br />(-21 for losing)\n|raw|Viral_Tomato's rating: 1225 &rarr; <strong>1246</strong><br />(+21 for winning)\n|l|\u2606stepintheshadow\n|player|p1|\n",
  "uploadtime": 1776175011,
  "views": 25,
  "formatid": "gen9championsvgc2026regma",
  "rating": 1151,
  "private": 0,
  "password": null
}