{
  "id": "gen9championsvgc2026regma-2586759194",
  "format": "[Gen 9 Champions] VGC 2026 Reg M-A",
  "players": [
    "Carlos0711",
    "thedbeast777"
  ],
  "log": "|j|\u2606Carlos0711\n|j|\u2606thedbeast777\n|t:|1776457659\n|gametype|doubles\n|player|p1|Carlos0711|170|1089\n|player|p2|thedbeast777|169|1184\n|gen|9\n|tier|[Gen 9 Champions] VGC 2026 Reg M-A\n|rated|\n|rule|Species Clause: Limit one of each Pok\u00e9mon\n|rule|Item Clause: Limit 1 of each item\n|clearpoke\n|poke|p1|Maushold, L50|\n|poke|p1|Milotic, L50, F|\n|poke|p1|Garchomp, L50, M|\n|poke|p1|Charizard, L50, M|\n|poke|p1|Venusaur, L50, M|\n|poke|p1|Aegislash, L50, F|\n|poke|p2|Gengar, L50, M|\n|poke|p2|Incineroar, L50, F|\n|poke|p2|Sinistcha-Masterpiece, L50|\n|poke|p2|Kingambit, L50, M|\n|poke|p2|Kommo-o, L50, M|\n|poke|p2|Tyranitar, L50, F|\n|teampreview|4\nthedbeast777 has agreed to open team sheets.\n|\n|t:|1776457709\n|teamsize|p1|4\n|teamsize|p2|4\n|start\n|switch|p1a: Maushold|Maushold, L50|100/100\n|switch|p1b: Garchomp|Garchomp, L50, M|100/100\n|switch|p2a: Incineroar|Incineroar, L50, F|100/100\n|switch|p2b: Gengar|Gengar, L50, M|100/100\n|-ability|p2a: Incineroar|Intimidate|boost\n|-unboost|p1a: Maushold|atk|1\n|-unboost|p1b: Garchomp|atk|1\n|turn|1\n|inactive|Battle timer is ON: inactive players will automatically lose when time's up. (requested by thedbeast777)\n|\n|t:|1776457745\n|detailschange|p2b: Gengar|Gengar-Mega, L50, M\n|-mega|p2b: Gengar|Gengar|Gengarite\n|move|p2a: Incineroar|Fake Out|p1b: Garchomp\n|-damage|p1b: Garchomp|93/100\n|-damage|p2a: Incineroar|88/100|[from] ability: Rough Skin|[of] p1b: Garchomp\n|cant|p1b: Garchomp|flinch\n|move|p2b: Gengar|Perish Song|p2b: Gengar\n|-start|p1a: Maushold|perish3|[silent]\n|-start|p1b: Garchomp|perish3|[silent]\n|-start|p2a: Incineroar|perish3|[silent]\n|-start|p2b: Gengar|perish3|[silent]\n|-fieldactivate|move: Perish Song\n|move|p1a: Maushold|Taunt|p2b: Gengar\n|-start|p2b: Gengar|move: Taunt\n|\n|-start|p1b: Garchomp|perish3\n|-start|p2b: Gengar|perish3\n|-start|p1a: Maushold|perish3\n|-start|p2a: Incineroar|perish3\n|upkeep\n|turn|2\n|inactive|thedbeast777 has 30 seconds left.\n|inactive|thedbeast777 has 20 seconds left.\n|inactive|thedbeast777 has 15 seconds left.\n|\n|t:|1776457786\n|switch|p2b: Kommo-o|Kommo-o, L50, M|100/100\n|move|p1b: Garchomp|Stomping Tantrum|p2a: Incineroar\n|-supereffective|p2a: Incineroar|1\n|-enditem|p2a: Incineroar|Shuca Berry|[eat]\n|-enditem|p2a: Incineroar|Shuca Berry|[weaken]\n|-damage|p2a: Incineroar|44/100\n|move|p1a: Maushold|Beat Up|p2b: Kommo-o\n|-resisted|p2b: Kommo-o|1\n|-damage|p2b: Kommo-o|99/100\n|-resisted|p2b: Kommo-o|1\n|-damage|p2b: Kommo-o|99/100\n|-resisted|p2b: Kommo-o|1\n|-damage|p2b: Kommo-o|98/100\n|-resisted|p2b: Kommo-o|1\n|-damage|p2b: Kommo-o|98/100\n|-hitcount|p2b: Kommo-o|4\n|move|p2a: Incineroar|Parting Shot|p1b: Garchomp\n|-unboost|p1b: Garchomp|atk|1\n|-unboost|p1b: Garchomp|spa|1\n|\n|t:|1776457804\n|switch|p2a: Gengar|Gengar-Mega, L50, M|100/100|[from] Parting Shot\n|\n|-heal|p2b: Kommo-o|100/100|[from] item: Leftovers\n|-start|p1b: Garchomp|perish2\n|-start|p1a: Maushold|perish2\n|upkeep\n|turn|3\n|\n|t:|1776457814\n|switch|p2b: Incineroar|Incineroar, L50, F|44/100\n|-ability|p2b: Incineroar|Intimidate|boost\n|-unboost|p1a: Maushold|atk|1\n|-unboost|p1b: Garchomp|atk|1\n|move|p2a: Gengar|Protect|p2a: Gengar\n|-singleturn|p2a: Gengar|Protect\n|move|p1b: Garchomp|Stomping Tantrum|p2b: Incineroar\n|-supereffective|p2b: Incineroar|1\n|-damage|p2b: Incineroar|17/100\n|move|p1a: Maushold|Taunt|p2b: Incineroar\n|-start|p2b: Incineroar|move: Taunt\n|\n|-start|p1b: Garchomp|perish1\n|-start|p1a: Maushold|perish1\n|upkeep\n|turn|4\n|\n|t:|1776457837\n|switch|p2b: Kommo-o|Kommo-o, L50, M|100/100\n|move|p1b: Garchomp|Stomping Tantrum|p2b: Kommo-o\n|-damage|p2b: Kommo-o|86/100\n|move|p2a: Gengar|Substitute|p2a: Gengar\n|-start|p2a: Gengar|Substitute\n|-damage|p2a: Gengar|76/100\n|move|p1a: Maushold|Taunt|p2a: Gengar\n|-start|p2a: Gengar|move: Taunt\n|\n|-heal|p2b: Kommo-o|93/100|[from] item: Leftovers\n|-start|p1b: Garchomp|perish0\n|-start|p1a: Maushold|perish0\n|upkeep\n|faint|p1b: Garchomp\n|faint|p1a: Maushold\n|\n|t:|1776457851\n|switch|p1a: Milotic|Milotic, L50, F|100/100\n|switch|p1b: Aegislash|Aegislash, L50, F|100/100\n|turn|5\n|\n|t:|1776457863\n|move|p2b: Kommo-o|Protect|p2b: Kommo-o\n|-singleturn|p2b: Kommo-o|Protect\n|move|p2a: Gengar|Shadow Ball|p1b: Aegislash\n|-supereffective|p1b: Aegislash|1\n|-damage|p1b: Aegislash|23/100\n|move|p1a: Milotic|Scald|p2b: Kommo-o\n|-activate|p2b: Kommo-o|move: Protect\n|move|p1b: Aegislash|Swords Dance|p1b: Aegislash\n|-boost|p1b: Aegislash|atk|2\n|\n|-heal|p2b: Kommo-o|99/100|[from] item: Leftovers\n|upkeep\n|turn|6\n|\n|t:|1776457877\n|move|p1b: Aegislash|King's Shield|p1b: Aegislash\n|-singleturn|p1b: Aegislash|Protect\n|move|p2a: Gengar|Shadow Ball|p1b: Aegislash\n|-activate|p1b: Aegislash|move: Protect\n|move|p2b: Kommo-o|Clanging Scales|p1b: Aegislash|[spread] p1a\n|-activate|p1b: Aegislash|move: Protect\n|-damage|p1a: Milotic|73/100\n|-unboost|p2b: Kommo-o|def|1\n|move|p1a: Milotic|Icy Wind|p2b: Kommo-o|[spread] p2a,p2b\n|-activate|p2a: Gengar|move: Substitute|[damage]\n|-supereffective|p2b: Kommo-o|1\n|-damage|p2b: Kommo-o|77/100\n|-unboost|p2b: Kommo-o|spe|1\n|\n|-heal|p1a: Milotic|79/100|[from] item: Leftovers\n|-heal|p2b: Kommo-o|83/100|[from] item: Leftovers\n|upkeep\n|turn|7\n|\n|t:|1776457896\n|move|p2a: Gengar|Shadow Ball|p1b: Aegislash\n|-supereffective|p1b: Aegislash|1\n|-damage|p1b: Aegislash|0 fnt\n|faint|p1b: Aegislash\n|move|p1a: Milotic|Icy Wind|p2a: Gengar|[spread] p2a,p2b\n|-end|p2a: Gengar|Substitute\n|-supereffective|p2b: Kommo-o|1\n|-crit|p2b: Kommo-o\n|-damage|p2b: Kommo-o|52/100\n|-unboost|p2b: Kommo-o|spe|1\n|move|p2b: Kommo-o|Clanging Scales|p1a: Milotic\n|-crit|p1a: Milotic\n|-damage|p1a: Milotic|25/100\n|-unboost|p2b: Kommo-o|def|1\n|\n|-heal|p1a: Milotic|30/100|[from] item: Leftovers\n|-heal|p2b: Kommo-o|58/100|[from] item: Leftovers\n|-end|p2a: Gengar|move: Taunt\n|upkeep\n|turn|8\n|\n|t:|1776457914\n|move|p2a: Gengar|Shadow Ball|p1a: Milotic\n|-damage|p1a: Milotic|0 fnt\n|faint|p1a: Milotic\n|\n|win|thedbeast777\n|raw|Carlos0711's rating: 1089 &rarr; <strong>1072</strong><br />(-17 for losing)\n|raw|thedbeast777's rating: 1184 &rarr; <strong>1202</strong><br />(+18 for winning)\n|l|\u2606Carlos0711\n|player|p1|\n",
  "uploadtime": 1776457922,
  "views": 35,
  "formatid": "gen9championsvgc2026regma",
  "rating": 1072,
  "private": 0,
  "password": null
}