{
  "id": "gen9championsvgc2026regma-2586359358",
  "format": "[Gen 9 Champions] VGC 2026 Reg M-A",
  "players": [
    "Krisuerte",
    "emmesg"
  ],
  "log": "|j|\u2606Krisuerte\n|j|\u2606emmesg\n|t:|1776428610\n|gametype|doubles\n|player|p1|Krisuerte|102|1407\n|player|p2|emmesg|266|1463\n|gen|9\n|tier|[Gen 9 Champions] VGC 2026 Reg M-A\n|rated|\n|rule|Species Clause: Limit one of each Pok\u00e9mon\n|rule|Item Clause: Limit 1 of each item\n|clearpoke\n|poke|p1|Archaludon, L50, F|\n|poke|p1|Feraligatr, L50, F|\n|poke|p1|Pelipper, L50, M|\n|poke|p1|Scizor, L50, F|\n|poke|p1|Sneasler, L50, M|\n|poke|p1|Sinistcha-Masterpiece, L50|\n|poke|p2|Floette-Eternal, L50, F|\n|poke|p2|Talonflame, L50, M|\n|poke|p2|Garchomp, L50, F|\n|poke|p2|Sneasler, L50, M|\n|poke|p2|Basculegion, L50, M|\n|poke|p2|Maushold, L50|\n|teampreview|4\n|inactive|Battle timer is ON: inactive players will automatically lose when time's up. (requested by Krisuerte)\n|\n|t:|1776428655\n|teamsize|p1|4\n|teamsize|p2|4\n|start\n|switch|p1a: Pelipper|Pelipper, L50, M|100/100\n|switch|p1b: Archaludon|Archaludon, L50, F|100/100\n|switch|p2a: Talonflame|Talonflame, L50, M|100/100\n|switch|p2b: Basculegion|Basculegion, L50, M|100/100\n|-weather|RainDance|[from] ability: Drizzle|[of] p1a: Pelipper\n|turn|1\n|inactive|emmesg has 30 seconds left.\n|\n|t:|1776428683\n|move|p2a: Talonflame|Tailwind|p2a: Talonflame\n|-sidestart|p2: emmesg|move: Tailwind\n|move|p2b: Basculegion|Flip Turn|p1a: Pelipper\n|-resisted|p1a: Pelipper|1\n|-damage|p1a: Pelipper|60/100\n|\n|t:|1776428690\n|switch|p2b: Garchomp|Garchomp, L50, F|100/100|[from] Flip Turn\n|move|p1a: Pelipper|Weather Ball|p2a: Talonflame\n|-supereffective|p2a: Talonflame|1\n|-damage|p2a: Talonflame|0 fnt\n|faint|p2a: Talonflame\n|move|p1b: Archaludon|Electro Shot||[still]\n|-prepare|p1b: Archaludon|Electro Shot\n|-boost|p1b: Archaludon|spa|1\n|-anim|p1b: Archaludon|Electro Shot|p2b: Garchomp\n|-immune|p2b: Garchomp\n|\n|-weather|RainDance|[upkeep]\n|upkeep\n|\n|t:|1776428703\n|switch|p2a: Floette|Floette-Eternal, L50, F|100/100\n|turn|2\n|\n|t:|1776428730\n|detailschange|p2a: Floette|Floette-Mega, L50, F\n|-mega|p2a: Floette|Floette|Floettite\n|-ability|p2a: Floette|Fairy Aura\n|move|p1a: Pelipper|Protect|p1a: Pelipper\n|-singleturn|p1a: Pelipper|Protect\n|move|p1b: Archaludon|Protect|p1b: Archaludon\n|-singleturn|p1b: Archaludon|Protect\n|move|p2a: Floette|Dazzling Gleam|p1b: Archaludon|[spread] \n|-activate|p1a: Pelipper|move: Protect\n|-activate|p1b: Archaludon|move: Protect\n|move|p2b: Garchomp|Stomping Tantrum|p1b: Archaludon\n|-activate|p1b: Archaludon|move: Protect\n|\n|-weather|RainDance|[upkeep]\n|upkeep\n|turn|3\n|\n|t:|1776428753\n|switch|p1b: Sinistcha|Sinistcha-Masterpiece, L50|100/100\n|-heal|p1a: Pelipper|85/100|[from] ability: Hospitality|[of] p1b: Sinistcha\n|move|p2a: Floette|Moonblast|p1b: Sinistcha\n|-damage|p1b: Sinistcha|45/100\n|-enditem|p1b: Sinistcha|Sitrus Berry|[eat]\n|-heal|p1b: Sinistcha|70/100|[from] item: Sitrus Berry\n|move|p2b: Garchomp|Stomping Tantrum|p1b: Sinistcha\n|-resisted|p1b: Sinistcha|1\n|-damage|p1b: Sinistcha|51/100\n|move|p1a: Pelipper|Icy Wind|p2b: Garchomp|[spread] p2a,p2b\n|-supereffective|p2b: Garchomp|2\n|-damage|p2a: Floette|91/100\n|-damage|p2b: Garchomp|52/100\n|-unboost|p2a: Floette|spe|1\n|-unboost|p2b: Garchomp|spe|1\n|\n|-weather|RainDance|[upkeep]\n|upkeep\n|turn|4\n|inactive|Krisuerte has 30 seconds left.\n|\n|t:|1776428782\n|move|p1b: Sinistcha|Rage Powder|p1b: Sinistcha\n|-singleturn|p1b: Sinistcha|move: Rage Powder\n|move|p2a: Floette|Dazzling Gleam|p1a: Pelipper|[spread] p1a,p1b\n|-damage|p1a: Pelipper|17/100\n|-damage|p1b: Sinistcha|12/100\n|move|p2b: Garchomp|Rock Slide|p1a: Pelipper|[spread] p1a,p1b\n|-supereffective|p1a: Pelipper|1\n|-damage|p1a: Pelipper|0 fnt\n|-damage|p1b: Sinistcha|0 fnt\n|faint|p1a: Pelipper\n|faint|p1b: Sinistcha\n|\n|-weather|RainDance|[upkeep]\n|-sideend|p2: emmesg|move: Tailwind\n|upkeep\n|\n|t:|1776428797\n|switch|p1a: Archaludon|Archaludon, L50, F|100/100\n|switch|p1b: Feraligatr|Feraligatr, L50, F|100/100\n|turn|5\n|\n|t:|1776428819\n|detailschange|p1b: Feraligatr|Feraligatr-Mega, L50, F\n|-mega|p1b: Feraligatr|Feraligatr|Feraligite\n|move|p2a: Floette|Moonblast|p1a: Archaludon\n|-damage|p1a: Archaludon|28/100\n|-ability|p1a: Archaludon|Stamina|boost\n|-boost|p1a: Archaludon|def|1\n|move|p1a: Archaludon|Draco Meteor|p2b: Garchomp\n|-supereffective|p2b: Garchomp|1\n|-damage|p2b: Garchomp|0 fnt\n|-unboost|p1a: Archaludon|spa|2\n|faint|p2b: Garchomp\n|move|p1b: Feraligatr|Waterfall|p2a: Floette\n|-damage|p2a: Floette|0 fnt\n|faint|p2a: Floette\n|\n|-weather|none\n|-heal|p1a: Archaludon|35/100|[from] item: Leftovers\n|upkeep\n|\n|t:|1776428837\n|switch|p2a: Basculegion|Basculegion, L50, M|100/100\n|turn|6\n|\n|t:|1776428847\n|move|p2a: Basculegion|Last Respects|p1b: Feraligatr\n|-damage|p1b: Feraligatr|12/100\n|move|p1a: Archaludon|Draco Meteor|p2a: Basculegion\n|-crit|p2a: Basculegion\n|-damage|p2a: Basculegion|0 fnt\n|-unboost|p1a: Archaludon|spa|2\n|faint|p2a: Basculegion\n|\n|win|Krisuerte\n|raw|Krisuerte's rating: 1407 &rarr; <strong>1430</strong><br />(+23 for winning)\n|raw|emmesg's rating: 1463 &rarr; <strong>1440</strong><br />(-23 for losing)\n|l|\u2606emmesg\n|player|p2|\n",
  "uploadtime": 1776428867,
  "views": 53,
  "formatid": "gen9championsvgc2026regma",
  "rating": 1430,
  "private": 0,
  "password": null
}