{
  "id": "gen9championsvgc2026regma-2589481028",
  "format": "[Gen 9 Champions] VGC 2026 Reg M-A",
  "players": [
    "pipeei",
    "pedrohangares14"
  ],
  "log": "|j|\u2606pipeei\n|j|\u2606pedrohangares14\n|t:|1776726835\n|gametype|doubles\n|player|p1|pipeei|ingo|1275\n|player|p2|pedrohangares14|266|1250\n|gen|9\n|tier|[Gen 9 Champions] VGC 2026 Reg M-A\n|rated|\n|rule|Species Clause: Limit one of each Pok\u00e9mon\n|rule|Item Clause: Limit 1 of each item\n|clearpoke\n|poke|p1|Drampa, L50, M|\n|poke|p1|Farigiraf, L50, M|\n|poke|p1|Torkoal, L50, F|\n|poke|p1|Sinistcha, L50|\n|poke|p1|Incineroar, L50, F|\n|poke|p1|Aggron, L50, M|\n|poke|p2|Gengar, L50, F|\n|poke|p2|Politoed, L50, M|\n|poke|p2|Palafin, L50, F|\n|poke|p2|Sinistcha-Masterpiece, L50|\n|poke|p2|Incineroar, L50, M|\n|poke|p2|Archaludon, L50, F|\n|teampreview|4\n|inactive|Battle timer is ON: inactive players will automatically lose when time's up. (requested by pedrohangares14)\n|\n|t:|1776726860\n|teamsize|p1|4\n|teamsize|p2|4\n|start\n|switch|p1a: san diego|Farigiraf, L50, M|100/100\n|switch|p1b: wassupdiggitydogs|Drampa, L50, M|100/100\n|switch|p2a: Gengar|Gengar, L50, F|100/100\n|switch|p2b: Sinistcha|Sinistcha-Masterpiece, L50|100/100\n|turn|1\n|\n|t:|1776726872\n|detailschange|p2a: Gengar|Gengar-Mega, L50, F\n|-mega|p2a: Gengar|Gengar|Gengarite\n|detailschange|p1b: wassupdiggitydogs|Drampa-Mega, L50, M\n|-mega|p1b: wassupdiggitydogs|Drampa|Drampanite\n|move|p1a: san diego|Helping Hand|p1b: wassupdiggitydogs\n|-singleturn|p1b: wassupdiggitydogs|Helping Hand|[of] p1a: san diego\n|move|p2b: Sinistcha|Rage Powder|p2b: Sinistcha\n|-singleturn|p2b: Sinistcha|move: Rage Powder\n|move|p2a: Gengar|Perish Song|p2a: Gengar\n|-start|p1a: san diego|perish3|[silent]\n|-start|p1b: wassupdiggitydogs|perish3|[silent]\n|-start|p2a: Gengar|perish3|[silent]\n|-start|p2b: Sinistcha|perish3|[silent]\n|-fieldactivate|move: Perish Song\n|move|p1b: wassupdiggitydogs|Draco Meteor|p2b: Sinistcha\n|-damage|p2b: Sinistcha|0 fnt\n|-unboost|p1b: wassupdiggitydogs|spa|2\n|faint|p2b: Sinistcha\n|\n|-start|p2a: Gengar|perish3\n|-start|p1a: san diego|perish3\n|-start|p1b: wassupdiggitydogs|perish3\n|upkeep\n|\n|t:|1776726891\n|switch|p2b: Palafin|Palafin, L50, F|100/100\n|turn|2\n|\n|t:|1776726909\n|detailschange|p2b: Palafin|Palafin-Hero, L50, F\n|switch|p2b: Politoed|Politoed, L50, M|100/100\n|-weather|RainDance|[from] ability: Drizzle|[of] p2b: Politoed\n|move|p1a: san diego|Helping Hand|p1b: wassupdiggitydogs\n|-singleturn|p1b: wassupdiggitydogs|Helping Hand|[of] p1a: san diego\n|move|p2a: Gengar|Substitute|p2a: Gengar\n|-start|p2a: Gengar|Substitute\n|-damage|p2a: Gengar|76/100\n|move|p1b: wassupdiggitydogs|Draco Meteor|p2b: Politoed\n|-damage|p2b: Politoed|50/100\n|-unboost|p1b: wassupdiggitydogs|spa|2\n|\n|-weather|RainDance|[upkeep]\n|-heal|p2b: Politoed|56/100|[from] item: Leftovers\n|-start|p2a: Gengar|perish2\n|-start|p1a: san diego|perish2\n|-start|p1b: wassupdiggitydogs|perish2\n|upkeep\n|turn|3\n|\n|t:|1776726927\n|move|p2a: Gengar|Protect|p2a: Gengar\n|-singleturn|p2a: Gengar|Protect\n|move|p2b: Politoed|Protect|p2b: Politoed\n|-singleturn|p2b: Politoed|Protect\n|move|p1b: wassupdiggitydogs|Draco Meteor|p2b: Politoed\n|-activate|p2b: Politoed|move: Protect\n|move|p1a: san diego|Trick Room|p1a: san diego\n|-fieldstart|move: Trick Room|[of] p1a: san diego\n|\n|-weather|RainDance|[upkeep]\n|-heal|p2b: Politoed|62/100|[from] item: Leftovers\n|-start|p1b: wassupdiggitydogs|perish1\n|-start|p1a: san diego|perish1\n|-start|p2a: Gengar|perish1\n|upkeep\n|turn|4\n|\n|t:|1776726948\n|switch|p2a: Palafin|Palafin-Hero, L50, F|100/100\n|-activate|p2a: Palafin|ability: Zero to Hero\n|move|p2b: Politoed|Protect||[still]\n|-fail|p2b: Politoed\n|move|p1b: wassupdiggitydogs|Draco Meteor|p2b: Politoed\n|-damage|p2b: Politoed|38/100\n|-unboost|p1b: wassupdiggitydogs|spa|2\n|move|p1a: san diego|Twin Beam|p2a: Palafin\n|-damage|p2a: Palafin|83/100\n|-damage|p2a: Palafin|66/100\n|-hitcount|p2a: Palafin|2\n|\n|-weather|RainDance|[upkeep]\n|-heal|p2b: Politoed|44/100|[from] item: Leftovers\n|-start|p1b: wassupdiggitydogs|perish0\n|-start|p1a: san diego|perish0\n|faint|p1b: wassupdiggitydogs\n|faint|p1a: san diego\n|upkeep\n|\n|t:|1776726959\n|switch|p1b: NO GOOGLES ALLOWED|Sinistcha, L50|100/100\n|switch|p1a: winter>summer btw|Torkoal, L50, F|100/100\n|-weather|SunnyDay|[from] ability: Drought|[of] p1a: winter>summer btw\n|turn|5\n|\n|t:|1776726970\n|move|p2a: Palafin|Protect|p2a: Palafin\n|-singleturn|p2a: Palafin|Protect\n|move|p1a: winter>summer btw|Solar Beam||[still]\n|-prepare|p1a: winter>summer btw|Solar Beam\n|-anim|p1a: winter>summer btw|Solar Beam|p2a: Palafin\n|-activate|p2a: Palafin|move: Protect\n|move|p1b: NO GOOGLES ALLOWED|Matcha Gotcha|p2a: Palafin|[spread] p2b\n|-activate|p2a: Palafin|move: Protect\n|-supereffective|p2b: Politoed|1\n|-damage|p2b: Politoed|10/100\n|move|p2b: Politoed|Perish Song|p2b: Politoed\n|-start|p1a: winter>summer btw|perish3|[silent]\n|-start|p1b: NO GOOGLES ALLOWED|perish3|[silent]\n|-start|p2a: Palafin|perish3|[silent]\n|-start|p2b: Politoed|perish3|[silent]\n|-fieldactivate|move: Perish Song\n|\n|-weather|SunnyDay|[upkeep]\n|-heal|p2b: Politoed|16/100|[from] item: Leftovers\n|-start|p1a: winter>summer btw|perish3\n|-start|p1b: NO GOOGLES ALLOWED|perish3\n|-start|p2b: Politoed|perish3\n|-start|p2a: Palafin|perish3\n|upkeep\n|turn|6\n|\n|t:|1776726992\n|switch|p2a: Gengar|Gengar-Mega, L50, F|76/100\n|move|p2b: Politoed|Protect|p2b: Politoed\n|-singleturn|p2b: Politoed|Protect\n|move|p1a: winter>summer btw|Eruption|p2a: Gengar|[spread] p2a\n|-activate|p2b: Politoed|move: Protect\n|-damage|p2a: Gengar|0 fnt\n|faint|p2a: Gengar\n|move|p1b: NO GOOGLES ALLOWED|Matcha Gotcha|p2b: Politoed\n|-activate|p2b: Politoed|move: Protect\n|\n|-weather|SunnyDay|[upkeep]\n|-heal|p2b: Politoed|22/100|[from] item: Leftovers\n|-start|p1a: winter>summer btw|perish2\n|-start|p1b: NO GOOGLES ALLOWED|perish2\n|-start|p2b: Politoed|perish2\n|upkeep\n|\n|t:|1776727001\n|switch|p2a: Palafin|Palafin-Hero, L50, F|66/100\n|turn|7\n|\n|t:|1776727014\n|move|p2a: Palafin|Protect|p2a: Palafin\n|-singleturn|p2a: Palafin|Protect\n|move|p1a: winter>summer btw|Solar Beam||[still]\n|-prepare|p1a: winter>summer btw|Solar Beam\n|-anim|p1a: winter>summer btw|Solar Beam|p2b: Politoed\n|-supereffective|p2b: Politoed|1\n|-damage|p2b: Politoed|0 fnt\n|faint|p2b: Politoed\n|move|p1b: NO GOOGLES ALLOWED|Matcha Gotcha|p2a: Palafin\n|-activate|p2a: Palafin|move: Protect\n|\n|-weather|SunnyDay|[upkeep]\n|-start|p1a: winter>summer btw|perish1\n|-start|p1b: NO GOOGLES ALLOWED|perish1\n|-fieldend|move: Trick Room\n|upkeep\n|turn|8\n|\n|t:|1776727029\n|move|p2a: Palafin|Protect||[still]\n|-fail|p2a: Palafin\n|move|p1b: NO GOOGLES ALLOWED|Matcha Gotcha|p2a: Palafin\n|-supereffective|p2a: Palafin|1\n|-damage|p2a: Palafin|0 fnt\n|faint|p2a: Palafin\n|\n|win|pipeei\n|raw|pipeei's rating: 1275 &rarr; <strong>1298</strong><br />(+23 for winning)\n|raw|pedrohangares14's rating: 1250 &rarr; <strong>1227</strong><br />(-23 for losing)\n|l|\u2606pedrohangares14\n|player|p2|\n|c|\u2606pipeei|if u got that double protect i would have screamed\n",
  "uploadtime": 1776727051,
  "views": 27,
  "formatid": "gen9championsvgc2026regma",
  "rating": 1227,
  "private": 0,
  "password": null
}