{
  "id": "gen9championsvgc2026regma-2581392760",
  "format": "[Gen 9 Champions] VGC 2026 Reg M-A",
  "players": [
    "Anyashu",
    "Barber1"
  ],
  "log": "|j|\u2606Anyashu\n|j|\u2606Barber1\n|t:|1775995581\n|gametype|doubles\n|player|p1|Anyashu|170|1131\n|player|p2|Barber1|cynthia-gen4|1106\n|gen|9\n|tier|[Gen 9 Champions] VGC 2026 Reg M-A\n|rated|\n|rule|Species Clause: Limit one of each Pok\u00e9mon\n|rule|Item Clause: Limit 1 of each item\n|clearpoke\n|poke|p1|Floette-Eternal, L50, F|\n|poke|p1|Incineroar, L50, M|\n|poke|p1|Sinistcha, L50|\n|poke|p1|Sneasler, L50, M|\n|poke|p1|Zoroark-Hisui, L50, F|\n|poke|p1|Dragonite, L50, F|\n|poke|p2|Floette-Eternal, L50, F|\n|poke|p2|Incineroar, L50, M|\n|poke|p2|Garchomp, L50, M|\n|poke|p2|Kingambit, L50, M|\n|poke|p2|Sneasler, L50, F|\n|poke|p2|Delphox, L50, F|\n|teampreview|4\n|inactive|Battle timer is ON: inactive players will automatically lose when time's up. (requested by Barber1)\n|inactive|Barber1 has 60 seconds left.\n|\n|t:|1775995614\n|teamsize|p1|4\n|teamsize|p2|4\n|start\n|switch|p1a: Sneasler|Sneasler, L50, M|100/100\n|switch|p1b: Floette|Floette-Eternal, L50, F|100/100\n|switch|p2a: Sneasler|Sneasler, L50, F|100/100\n|switch|p2b: Delphox|Delphox, L50, F|100/100\n|turn|1\n|\n|t:|1775995634\n|switch|p1a: Dragonite|Dragonite, L50, F|100/100\n|detailschange|p2b: Delphox|Delphox-Mega, L50, F\n|-mega|p2b: Delphox|Delphox|Delphoxite\n|move|p2b: Delphox|Protect|p2b: Delphox\n|-singleturn|p2b: Delphox|Protect\n|move|p2a: Sneasler|Fake Out|p1b: Floette\n|-immune|p1b: Floette\n|move|p1b: Floette|Snarl|p2b: Delphox|[spread] p2a\n|-activate|p2b: Delphox|move: Protect\n|-resisted|p2a: Sneasler|1\n|-damage|p2a: Sneasler|91/100\n|-unboost|p2a: Sneasler|spa|1\n|-enditem|p2a: Sneasler|White Herb\n|-clearnegativeboost|p2a: Sneasler|[silent]\n|\n|upkeep\n|turn|2\n|inactive|Barber1 has 30 seconds left.\n|inactive|Anyashu has 30 seconds left.\n|inactive|Barber1 has 20 seconds left.\n|inactive|Barber1 has 15 seconds left.\n|inactive|Barber1 has 10 seconds left.\n|\n|t:|1775995682\n|move|p2a: Sneasler|Dire Claw|p1a: Dragonite\n|-damage|p1a: Dragonite|62/100\n|-status|p1a: Dragonite|psn\n|move|p1b: Floette|Snarl|p2a: Sneasler|[spread] p2a,p2b\n|-resisted|p2a: Sneasler|1\n|-supereffective|p2b: Delphox|1\n|-damage|p2a: Sneasler|82/100\n|-damage|p2b: Delphox|77/100\n|-unboost|p2a: Sneasler|spa|1\n|-unboost|p2b: Delphox|spa|1\n|move|p2b: Delphox|Flamethrower|p1a: Dragonite\n|-resisted|p1a: Dragonite|1\n|-damage|p1a: Dragonite|50/100 psn\n|move|p1a: Dragonite|Air Slash|p2a: Sneasler\n|-supereffective|p2a: Sneasler|1\n|-damage|p2a: Sneasler|4/100\n|\n|-damage|p1a: Dragonite|38/100 psn|[from] psn\n|upkeep\n|turn|3\n|inactive|Anyashu has 30 seconds left.\n|\n|t:|1775995710\n|switch|p1a: Sneasler|Sneasler, L50, M|100/100\n|move|p2a: Sneasler|Protect|p2a: Sneasler\n|-singleturn|p2a: Sneasler|Protect\n|move|p1b: Floette|Snarl|p2a: Sneasler|[spread] p2b\n|-activate|p2a: Sneasler|move: Protect\n|-supereffective|p2b: Delphox|1\n|-damage|p2b: Delphox|50/100\n|-unboost|p2b: Delphox|spa|1\n|move|p2b: Delphox|Psychic|p1a: Sneasler\n|-supereffective|p1a: Sneasler|2\n|-damage|p1a: Sneasler|0 fnt\n|faint|p1a: Sneasler\n|\n|upkeep\n|\n|t:|1775995731\n|switch|p1a: Floette|Floette-Eternal, L50, F|100/100\n|turn|4\n|\n|t:|1775995755\n|switch|p2b: Kingambit|Kingambit, L50, M|100/100\n|move|p1a: Floette|Protect|p1a: Floette\n|-singleturn|p1a: Floette|Protect\n|move|p2a: Sneasler|Dire Claw|p1a: Floette\n|-activate|p1a: Floette|move: Protect\n|move|p1b: Floette|Snarl|p2a: Sneasler|[spread] p2a,p2b\n|-resisted|p2a: Sneasler|1\n|-resisted|p2b: Kingambit|1\n|-damage|p2a: Sneasler|0 fnt\n|-damage|p2b: Kingambit|94/100\n|-unboost|p2b: Kingambit|spa|1\n|-ability|p2b: Kingambit|Defiant|boost\n|-boost|p2b: Kingambit|atk|2\n|faint|p2a: Sneasler\n|\n|upkeep\n|\n|t:|1775995765\n|switch|p2a: Delphox|Delphox-Mega, L50, F|50/100\n|turn|5\n|\n|t:|1775995781\n|detailschange|p1a: Floette|Floette-Mega, L50, F\n|-mega|p1a: Floette|Floette|Floettite\n|-ability|p1a: Floette|Fairy Aura\n|move|p2b: Kingambit|Sucker Punch|p1b: Floette\n|-supereffective|p1b: Floette|1\n|-damage|p1b: Floette|0 fnt\n|replace|p1b: Zoroark|Zoroark-Hisui, L50, F\n|-end|p1b: Zoroark|Illusion\n|faint|p1b: Zoroark\n|move|p2a: Delphox|Psychic|p1a: Floette\n|-damage|p1a: Floette|65/100\n|move|p1a: Floette|Light of Ruin|p2b: Kingambit\n|-damage|p2b: Kingambit|0 fnt\n|faint|p2b: Kingambit\n|-damage|p1a: Floette|10/100|[from] Recoil\n|\n|upkeep\n|\n|t:|1775995798\n|switch|p1b: Dragonite|Dragonite, L50, F|38/100 psn\n|switch|p2b: Incineroar|Incineroar, L50, M|100/100\n|-ability|p2b: Incineroar|Intimidate|boost\n|-unboost|p1a: Floette|atk|1\n|-fail|p1b: Dragonite|unboost|Attack|[from] ability: Inner Focus|[of] p1b: Dragonite\n|turn|6\n|\n|t:|1775995810\n|move|p1a: Floette|Protect|p1a: Floette\n|-singleturn|p1a: Floette|Protect\n|move|p2b: Incineroar|Fake Out|p1b: Dragonite\n|-damage|p1b: Dragonite|28/100 psn\n|move|p2a: Delphox|Psychic|p1a: Floette\n|-activate|p1a: Floette|move: Protect\n|move|p1b: Dragonite|Tailwind|p1b: Dragonite\n|-sidestart|p1: Anyashu|move: Tailwind\n|\n|-damage|p1b: Dragonite|16/100 psn|[from] psn\n|upkeep\n|turn|7\n|\n|t:|1775995829\n|move|p1a: Floette|Light of Ruin|p2b: Incineroar\n|-damage|p2b: Incineroar|17/100\n|-damage|p1a: Floette|0 fnt|[from] Recoil\n|faint|p1a: Floette\n|move|p1b: Dragonite|Draco Meteor|p2a: Delphox\n|-damage|p2a: Delphox|0 fnt\n|-unboost|p1b: Dragonite|spa|2\n|faint|p2a: Delphox\n|move|p2b: Incineroar|Darkest Lariat|p1b: Dragonite\n|-damage|p1b: Dragonite|0 fnt\n|faint|p1b: Dragonite\n|\n|win|Barber1\n|raw|Anyashu's rating: 1131 &rarr; <strong>1104</strong><br />(-27 for losing)\n|raw|Barber1's rating: 1106 &rarr; <strong>1133</strong><br />(+27 for winning)\n|l|\u2606Anyashu\n|player|p1|\n",
  "uploadtime": 1775995849,
  "views": 26,
  "formatid": "gen9championsvgc2026regma",
  "rating": 1104,
  "private": 0,
  "password": null
}