{
  "id": "gen9championsvgc2026regma-2581908963",
  "format": "[Gen 9 Champions] VGC 2026 Reg M-A",
  "players": [
    "PhpRyV",
    "skymin<3"
  ],
  "log": "|j|\u2606PhpRyV\n|j|\u2606skymin<3\n|html|<table width=\"100%\"><tr><td align=\"left\">PhpRyV</td><td align=\"right\">skymin&lt;3</tr><tr><td align=\"left\"><i class=\"fa fa-circle-o\"></i> <i class=\"fa fa-circle-o\"></i> </td><td align=\"right\"><i class=\"fa fa-circle-o\"></i> <i class=\"fa fa-circle-o\"></i> </tr></table>\n|uhtml|bestof|<h2><strong>Game 1</strong> of <a href=\"/game-bestof3-gen9championsvgc2026regma-2581908962\">a best-of-3</a></h2>\n|t:|1776038813\n|gametype|doubles\n|player|p1|PhpRyV|pokemonbreeder-gen4|\n|player|p2|skymin<3|#skymin3|\n|gen|9\n|tier|[Gen 9 Champions] VGC 2026 Reg M-A\n|rated|Tournament battle\n|rule|Species Clause: Limit one of each Pok\u00e9mon\n|rule|Item Clause: Limit 1 of each item\n|raw|<div class=\"infobox\"><details class=\"readmore\" open><summary><strong>2 custom rules:</strong></summary> Force Open Team Sheets, Best of = 3</details></div>\n|clearpoke\n|poke|p1|Charizard, L50, M|\n|poke|p1|Whimsicott, L50, F|\n|poke|p1|Incineroar, L50, M|\n|poke|p1|Sneasler, L50, F|\n|poke|p1|Garchomp, L50, M|\n|poke|p1|Maushold-Four, L50|\n|poke|p2|Garchomp, L50, M|\n|poke|p2|Delphox, L50, M|\n|poke|p2|Rotom-Wash, L50|\n|poke|p2|Sneasler, L50, F|\n|poke|p2|Aerodactyl, L50, F|\n|poke|p2|Kingambit, L50, F|\n|teampreview|4\n|showteam|p1|Charizard||CharizarditeY|SolarPower|HeatWave,AirSlash,SolarBeam,Protect|||M|||50|]Whimsicott||FairyFeather|Prankster|Tailwind,Encore,Moonblast,Protect|||F|||50|]Incineroar||SitrusBerry|Intimidate|FakeOut,ThroatChop,PartingShot,FlareBlitz|||M|||50|]Sneasler||WhiteHerb|Unburden|DireClaw,FakeOut,CloseCombat,Protect|||F|||50|]Garchomp||FocusSash|RoughSkin|Earthquake,Protect,RockSlide,DragonClaw|||M|||50|]Maushold-Four||MentalHerb|FriendGuard|Taunt,ThunderWave,FollowMe,HelpingHand||||||50|\n|showteam|p2|Garchomp||SoftSand|RoughSkin|Earthquake,DragonClaw,RockSlide,Protect|||M|||50|]Delphox||Delphoxite|Blaze|Encore,HeatWave,Psychic,Protect|||M|||50|]Rotom-Wash||ChoiceScarf|Levitate|HydroPump,Thunderbolt,WillOWisp,Electroweb||||||50|]Sneasler||MentalHerb|Unburden|CloseCombat,DireClaw,FakeOut,Protect|||F|||50|]Aerodactyl||FocusSash|Unnerve|DualWingbeat,RockSlide,Tailwind,Protect|||F|||50|]Kingambit||BlackGlasses|Defiant|IronHead,Protect,SuckerPunch,KowtowCleave|||F|||50|\n|j| 21Kieran\n|c|\u2606PhpRyV|glhf\n|c|\u2606PhpRyV|KIERAN?!?\n|j| blueberre\n|j| TotoGang\n|c| 21Kieran|yo\n|j| Tealnotsu\n|l| TotoGang\n|j| island pocket\n|\n|t:|1776038895\n|teamsize|p1|4\n|teamsize|p2|4\n|start\n|switch|p1a: Whimsicott|Whimsicott, L50, F|100/100\n|switch|p1b: Charizard|Charizard, L50, M, shiny|100/100\n|switch|p2a: Ruined Dragon|Aerodactyl, L50, F|100/100\n|switch|p2b: Consul D|Sneasler, L50, F|100/100\n|-ability|p2a: Ruined Dragon|Unnerve\n|turn|1\n|j| MaybeIllusion\n|l| 21Kieran\n|\n|t:|1776038951\n|move|p1a: Whimsicott|Protect|p1a: Whimsicott\n|-singleturn|p1a: Whimsicott|Protect\n|move|p1b: Charizard|Protect|p1b: Charizard\n|-singleturn|p1b: Charizard|Protect\n|move|p2b: Consul D|Fake Out|p1a: Whimsicott\n|-activate|p1a: Whimsicott|move: Protect\n|move|p2a: Ruined Dragon|Dual Wingbeat|p1a: Whimsicott\n|-activate|p1a: Whimsicott|move: Protect\n|\n|upkeep\n|turn|2\n|l| island pocket\n|\n|t:|1776038971\n|switch|p2b: Neon|Rotom-Wash, L50|100/100\n|detailschange|p1b: Charizard|Charizard-Mega-Y, L50, M, shiny\n|-mega|p1b: Charizard|Charizard|Charizardite Y\n|-weather|SunnyDay|[from] ability: Drought|[of] p1b: Charizard\n|move|p1a: Whimsicott|Tailwind|p1a: Whimsicott\n|-sidestart|p1: PhpRyV|move: Tailwind\n|move|p1b: Charizard|Solar Beam||[still]\n|-prepare|p1b: Charizard|Solar Beam\n|-anim|p1b: Charizard|Solar Beam|p2a: Ruined Dragon\n|-damage|p2a: Ruined Dragon|29/100\n|move|p2a: Ruined Dragon|Rock Slide|p1b: Charizard|[spread] p1a,p1b\n|-supereffective|p1b: Charizard|2\n|-damage|p1a: Whimsicott|70/100\n|-damage|p1b: Charizard|0 fnt\n|faint|p1b: Charizard\n|\n|-weather|SunnyDay|[upkeep]\n|upkeep\n|j| island pocket\n|\n|t:|1776038986\n|switch|p1b: Garchomp|Garchomp, L50, M|100/100\n|turn|3\n|j| Ducktile\n|\n|t:|1776038999\n|move|p2a: Ruined Dragon|Protect|p2a: Ruined Dragon\n|-singleturn|p2a: Ruined Dragon|Protect\n|move|p1b: Garchomp|Rock Slide|p2a: Ruined Dragon|[spread] p2b\n|-activate|p2a: Ruined Dragon|move: Protect\n|-damage|p2b: Neon|75/100\n|move|p1a: Whimsicott|Moonblast|p2b: Neon\n|-damage|p2b: Neon|20/100\n|move|p2b: Neon|Will-O-Wisp|p1b: Garchomp\n|-status|p1b: Garchomp|brn\n|\n|-weather|SunnyDay|[upkeep]\n|-damage|p1b: Garchomp|95/100 brn|[from] brn\n|upkeep\n|turn|4\n|\n|t:|1776039022\n|switch|p2a: Consul D|Sneasler, L50, F|100/100\n|move|p1a: Whimsicott|Encore||[still]\n|-fail|p1a: Whimsicott\n|move|p1b: Garchomp|Rock Slide|p2b: Neon|[spread] p2a,p2b\n|-resisted|p2a: Consul D|1\n|-crit|p2a: Consul D\n|-damage|p2a: Consul D|88/100\n|-damage|p2b: Neon|7/100\n|cant|p2b: Neon|flinch\n|\n|-weather|SunnyDay|[upkeep]\n|-damage|p1b: Garchomp|89/100 brn|[from] brn\n|upkeep\n|turn|5\n|\n|t:|1776039067\n|switch|p2a: Ruined Dragon|Aerodactyl, L50, F|29/100\n|-ability|p2a: Ruined Dragon|Unnerve\n|move|p1a: Whimsicott|Protect|p1a: Whimsicott\n|-singleturn|p1a: Whimsicott|Protect\n|move|p1b: Garchomp|Rock Slide|p2a: Ruined Dragon|[spread] p2a,p2b\n|-supereffective|p2a: Ruined Dragon|1\n|-damage|p2a: Ruined Dragon|0 fnt\n|-damage|p2b: Neon|0 fnt\n|faint|p2a: Ruined Dragon\n|faint|p2b: Neon\n|\n|-weather|SunnyDay|[upkeep]\n|-damage|p1b: Garchomp|83/100 brn|[from] brn\n|-sideend|p1: PhpRyV|move: Tailwind\n|upkeep\n|\n|t:|1776039069\n|switch|p2a: Eclipsa|Delphox, L50, M|100/100\n|switch|p2b: Consul D|Sneasler, L50, F|88/100\n|turn|6\n|j| aurora ltd\n|\n|t:|1776039094\n|detailschange|p2a: Eclipsa|Delphox-Mega, L50, M\n|-mega|p2a: Eclipsa|Delphox|Delphoxite\n|move|p1a: Whimsicott|Tailwind|p1a: Whimsicott\n|-sidestart|p1: PhpRyV|move: Tailwind\n|move|p1b: Garchomp|Earthquake|p2b: Consul D|[spread] p1a,p2b\n|-immune|p2a: Eclipsa|[from] ability: Levitate\n|-resisted|p1a: Whimsicott|1\n|-supereffective|p2b: Consul D|1\n|-damage|p1a: Whimsicott|59/100\n|-damage|p2b: Consul D|24/100\n|move|p2a: Eclipsa|Heat Wave|p1b: Garchomp|[spread] p1a,p1b\n|-supereffective|p1a: Whimsicott|1\n|-resisted|p1b: Garchomp|1\n|-damage|p1a: Whimsicott|0 fnt\n|-damage|p1b: Garchomp|47/100 brn\n|faint|p1a: Whimsicott\n|move|p2b: Consul D|Close Combat|p1b: Garchomp\n|-crit|p1b: Garchomp\n|-damage|p1b: Garchomp|0 fnt\n|-unboost|p2b: Consul D|def|1\n|-unboost|p2b: Consul D|spd|1\n|-damage|p2b: Consul D|12/100|[from] ability: Rough Skin|[of] p1b: Garchomp\n|faint|p1b: Garchomp\n|\n|-weather|none\n|upkeep\n|\n|t:|1776039104\n|switch|p1b: Sneasler|Sneasler, L50, F|100/100\n|turn|7\n|c|\u2606skymin<3|wait\n|c|\u2606skymin<3|why am i mental herb\n|c|\u2606skymin<3|LOL\n|c|\u2606PhpRyV|AH\n|c|\u2606PhpRyV|lmaoo\n|c| Tealnotsu|I made a joke of that earlier\n|c| Tealnotsu|bruh\n|c|\u2606PhpRyV|oh yeah I remember reading it\n|\n|t:|1776039139\n|move|p1b: Sneasler|Fake Out|p2b: Consul D\n|-damage|p2b: Consul D|0 fnt\n|faint|p2b: Consul D\n|move|p2a: Eclipsa|Psychic|p1b: Sneasler\n|-supereffective|p1b: Sneasler|2\n|-damage|p1b: Sneasler|0 fnt\n|faint|p1b: Sneasler\n|\n|win|skymin<3\n||skymin<3 is ready for game 2.\n||PhpRyV is ready for game 2.\n|uhtml|next|Next: <a href=\"/battle-gen9championsvgc2026regma-2581912649\"><strong>Game 2 of 3</strong></a>\n|l| Ducktile\n|l| MaybeIllusion\n|l| blueberre\n|l| Tealnotsu\n|l| island pocket\n|j| island pocket\n|j| 21Kieran\n",
  "uploadtime": 1776039464,
  "views": 11,
  "formatid": "gen9championsvgc2026regma",
  "rating": null,
  "private": 0,
  "password": null
}