{
  "id": "gen9championsvgc2026regma-2583597788",
  "format": "[Gen 9 Champions] VGC 2026 Reg M-A",
  "players": [
    "hallieberdly",
    "salvulcano24"
  ],
  "log": "|j|\u2606hallieberdly\n|j|\u2606salvulcano24\n|t:|1776185627\n|gametype|doubles\n|player|p1|hallieberdly|1|1164\n|player|p2|salvulcano24|pokemonbreederf|1205\n|gen|9\n|tier|[Gen 9 Champions] VGC 2026 Reg M-A\n|rated|\n|rule|Species Clause: Limit one of each Pok\u00e9mon\n|rule|Item Clause: Limit 1 of each item\n|clearpoke\n|poke|p1|Tyranitar, L50, M|\n|poke|p1|Garchomp, L50, F|\n|poke|p1|Floette-Eternal, L50, F|\n|poke|p1|Sneasler, L50, F|\n|poke|p1|Sinistcha, L50|\n|poke|p1|Decidueye-Hisui, L50, M|\n|poke|p2|Delphox, L50, F|\n|poke|p2|Garchomp, L50, F|\n|poke|p2|Rotom-Wash, L50|\n|poke|p2|Kingambit, L50, M|\n|poke|p2|Clefable, L50, F|\n|poke|p2|Aerodactyl, L50, F|\n|teampreview|4\nsalvulcano24 rejected open team sheets.\n|\n|t:|1776185666\n|teamsize|p1|4\n|teamsize|p2|4\n|start\n|switch|p1a: Sinistcha|Sinistcha, L50|100/100\n|switch|p1b: Floette|Floette-Eternal, L50, F|100/100\n|switch|p2a: Garchomp|Garchomp, L50, F|100/100\n|switch|p2b: Delphox|Delphox, L50, F|100/100\n|turn|1\n|\n|t:|1776185681\n|detailschange|p2b: Delphox|Delphox-Mega, L50, F\n|-mega|p2b: Delphox|Delphox|Delphoxite\n|detailschange|p1b: Floette|Floette-Mega, L50, F\n|-mega|p1b: Floette|Floette|Floettite\n|-ability|p1b: Floette|Fairy Aura\n|move|p1a: Sinistcha|Rage Powder|p1a: Sinistcha\n|-singleturn|p1a: Sinistcha|move: Rage Powder\n|move|p2a: Garchomp|Earthquake|p1b: Floette|[spread] p1a,p1b\n|-immune|p2b: Delphox|[from] ability: Levitate\n|-resisted|p1a: Sinistcha|1\n|-damage|p1a: Sinistcha|83/100\n|-damage|p1b: Floette|72/100\n|move|p2b: Delphox|Heat Wave|p1b: Floette|[spread] p1a,p1b\n|-supereffective|p1a: Sinistcha|1\n|-damage|p1a: Sinistcha|0 fnt\n|-damage|p1b: Floette|40/100\n|faint|p1a: Sinistcha\n|move|p1b: Floette|Calm Mind|p1b: Floette\n|-boost|p1b: Floette|spa|1\n|-boost|p1b: Floette|spd|1\n|\n|upkeep\n|\n|t:|1776185700\n|switch|p1a: Sneasler|Sneasler, L50, F|100/100\n|turn|2\n|\n|t:|1776185717\n|switch|p2a: Aerodactyl|Aerodactyl, L50, F|100/100\n|-ability|p2a: Aerodactyl|Unnerve\n|move|p2b: Delphox|Protect|p2b: Delphox\n|-singleturn|p2b: Delphox|Protect\n|move|p1a: Sneasler|Fake Out|p2a: Aerodactyl\n|-resisted|p2a: Aerodactyl|1\n|-damage|p2a: Aerodactyl|90/100\n|move|p1b: Floette|Dazzling Gleam|p2b: Delphox|[spread] p2a\n|-activate|p2b: Delphox|move: Protect\n|-damage|p2a: Aerodactyl|9/100\n|\n|upkeep\n|turn|3\n|\n|t:|1776185738\n|move|p2a: Aerodactyl|Wide Guard|p2a: Aerodactyl\n|-singleturn|p2a: Aerodactyl|Wide Guard\n|move|p2b: Delphox|Psychic|p1a: Sneasler\n|-supereffective|p1a: Sneasler|2\n|-damage|p1a: Sneasler|0 fnt\n|faint|p1a: Sneasler\n|move|p1b: Floette|Dazzling Gleam|p2b: Delphox|[spread] \n|-activate|p2a: Aerodactyl|move: Wide Guard\n|-activate|p2b: Delphox|move: Wide Guard\n|\n|upkeep\n|\n|t:|1776185743\n|switch|p1a: Garchomp|Garchomp, L50, F|100/100\n|turn|4\n|\n|t:|1776185773\n|move|p2b: Delphox|Protect|p2b: Delphox\n|-singleturn|p2b: Delphox|Protect\n|move|p1b: Floette|Protect|p1b: Floette\n|-singleturn|p1b: Floette|Protect\n|move|p2a: Aerodactyl|Tailwind|p2a: Aerodactyl\n|-sidestart|p2: salvulcano24|move: Tailwind\n|move|p1a: Garchomp|Rock Slide|p2b: Delphox|[spread] p2a\n|-activate|p2b: Delphox|move: Protect\n|-supereffective|p2a: Aerodactyl|1\n|-damage|p2a: Aerodactyl|0 fnt\n|faint|p2a: Aerodactyl\n|\n|upkeep\n|\n|t:|1776185785\n|switch|p2a: Kingambit|Kingambit, L50, M|100/100\n|turn|5\n|\n|t:|1776185803\n|move|p2b: Delphox|Psychic|p1a: Garchomp\n|-damage|p1a: Garchomp|57/100\n|-unboost|p1a: Garchomp|spd|1\n|move|p2a: Kingambit|Iron Head|p1b: Floette\n|-supereffective|p1b: Floette|1\n|-damage|p1b: Floette|0 fnt\n|faint|p1b: Floette\n|move|p1a: Garchomp|Swords Dance|p1a: Garchomp\n|-boost|p1a: Garchomp|atk|2\n|\n|upkeep\n|turn|6\n|\n|t:|1776185815\n|move|p2a: Kingambit|Sucker Punch|p1a: Garchomp\n|-damage|p1a: Garchomp|20/100\n|move|p2b: Delphox|Psychic|p1a: Garchomp\n|-damage|p1a: Garchomp|0 fnt\n|faint|p1a: Garchomp\n|\n|win|salvulcano24\n|raw|hallieberdly's rating: 1164 &rarr; <strong>1142</strong><br />(-22 for losing)\n|raw|salvulcano24's rating: 1205 &rarr; <strong>1227</strong><br />(+22 for winning)\n|l|\u2606hallieberdly\n|player|p1|\n",
  "uploadtime": 1776185823,
  "views": 27,
  "formatid": "gen9championsvgc2026regma",
  "rating": 1142,
  "private": 0,
  "password": null
}