{
  "id": "gen9championsvgc2026regma-2588532476",
  "format": "[Gen 9 Champions] VGC 2026 Reg M-A",
  "players": [
    "eevee1ynn",
    "nonexistnt"
  ],
  "log": "|j|\u2606eevee1ynn\n|j|\u2606nonexistnt\n|t:|1776642304\n|gametype|doubles\n|player|p1|eevee1ynn|lass-gen8|1315\n|player|p2|nonexistnt|veteran|1281\n|gen|9\n|tier|[Gen 9 Champions] VGC 2026 Reg M-A\n|rated|\n|rule|Species Clause: Limit one of each Pok\u00e9mon\n|rule|Item Clause: Limit 1 of each item\n|clearpoke\n|poke|p1|Gallade, L50, M|\n|poke|p1|Charizard, L50, F|\n|poke|p1|Garchomp, L50, F|\n|poke|p1|Incineroar, L50, F|\n|poke|p1|Whimsicott, L50, F|\n|poke|p1|Rotom-Wash, L50|\n|poke|p2|Tyranitar, L50, M|\n|poke|p2|Excadrill, L50, F|\n|poke|p2|Venusaur, L50, M|\n|poke|p2|Corviknight, L50, M|\n|poke|p2|Basculegion, L50, M|\n|poke|p2|Arcanine-Hisui, L50, F|\n|teampreview|4\n|\n|t:|1776642353\n|teamsize|p1|4\n|teamsize|p2|4\n|start\n|switch|p1a: Rotom|Rotom-Wash, L50|100/100\n|switch|p1b: Garchomp|Garchomp, L50, F|100/100\n|switch|p2a: Venusaur|Venusaur, L50, M|100/100\n|switch|p2b: Basculegion|Basculegion, L50, M|100/100\n|turn|1\n|inactive|Battle timer is ON: inactive players will automatically lose when time's up. (requested by nonexistnt)\n|\n|t:|1776642365\n|detailschange|p2a: Venusaur|Venusaur-Mega, L50, M\n|-mega|p2a: Venusaur|Venusaur|Venusaurite\n|move|p1a: Rotom|Volt Switch|p2b: Basculegion\n|-supereffective|p2b: Basculegion|1\n|-damage|p2b: Basculegion|33/100\n|\n|t:|1776642368\n|switch|p1a: Incineroar|Incineroar, L50, F|100/100|[from] Volt Switch\n|-ability|p1a: Incineroar|Intimidate|boost\n|-unboost|p2a: Venusaur|atk|1\n|-unboost|p2b: Basculegion|atk|1\n|move|p2b: Basculegion|Flip Turn|p1b: Garchomp\n|-damage|p1b: Garchomp|75/100\n|-damage|p2b: Basculegion|21/100|[from] ability: Rough Skin|[of] p1b: Garchomp\n|\n|t:|1776642378\n|switch|p2b: Arcanine|Arcanine-Hisui, L50, F|100/100|[from] Flip Turn\n|-ability|p2b: Arcanine|Intimidate|boost\n|-unboost|p1a: Incineroar|atk|1\n|-unboost|p1b: Garchomp|atk|1\n|-enditem|p1b: Garchomp|White Herb\n|-clearnegativeboost|p1b: Garchomp|[silent]\n|move|p1b: Garchomp|Swords Dance|p1b: Garchomp\n|-boost|p1b: Garchomp|atk|2\n|move|p2a: Venusaur|Giga Drain|p1a: Incineroar\n|-resisted|p1a: Incineroar|1\n|-damage|p1a: Incineroar|82/100\n|\n|upkeep\n|turn|2\n|\n|t:|1776642393\n|switch|p1a: Rotom|Rotom-Wash, L50|100/100\n|move|p2b: Arcanine|Protect|p2b: Arcanine\n|-singleturn|p2b: Arcanine|Protect\n|move|p2a: Venusaur|Protect|p2a: Venusaur\n|-singleturn|p2a: Venusaur|Protect\n|move|p1b: Garchomp|Earthquake|p2a: Venusaur|[spread] \n|-activate|p2a: Venusaur|move: Protect\n|-activate|p2b: Arcanine|move: Protect\n|-immune|p1a: Rotom|[from] ability: Levitate\n|\n|upkeep\n|turn|3\n|\n|t:|1776642413\n|move|p2b: Arcanine|Extreme Speed|p1b: Garchomp\n|-damage|p1b: Garchomp|45/100\n|-damage|p2b: Arcanine|88/100|[from] ability: Rough Skin|[of] p1b: Garchomp\n|move|p1a: Rotom|Volt Switch|p2a: Venusaur\n|-resisted|p2a: Venusaur|1\n|-damage|p2a: Venusaur|89/100\n|\n|t:|1776642418\n|switch|p1a: Incineroar|Incineroar, L50, F|82/100|[from] Volt Switch\n|-ability|p1a: Incineroar|Intimidate|boost\n|-unboost|p2a: Venusaur|atk|1\n|-unboost|p2b: Arcanine|atk|1\n|move|p1b: Garchomp|Earthquake|p2b: Arcanine|[spread] p1a,p2a,p2b\n|-supereffective|p1a: Incineroar|1\n|-supereffective|p2b: Arcanine|2\n|-damage|p1a: Incineroar|0 fnt\n|-damage|p2a: Venusaur|40/100\n|-damage|p2b: Arcanine|0 fnt\n|faint|p1a: Incineroar\n|faint|p2b: Arcanine\n|move|p2a: Venusaur|Giga Drain|p1b: Garchomp\n|-damage|p1b: Garchomp|11/100\n|-heal|p2a: Venusaur|58/100|[from] drain|[of] p1b: Garchomp\n|\n|upkeep\n|\n|t:|1776642438\n|switch|p2b: Basculegion|Basculegion, L50, M|21/100\n|switch|p1a: Rotom|Rotom-Wash, L50|100/100\n|turn|4\n|\n|t:|1776642450\n|move|p1b: Garchomp|Protect|p1b: Garchomp\n|-singleturn|p1b: Garchomp|Protect\n|move|p2b: Basculegion|Aqua Jet|p1b: Garchomp\n|-activate|p1b: Garchomp|move: Protect\n|move|p1a: Rotom|Volt Switch|p2b: Basculegion\n|-supereffective|p2b: Basculegion|1\n|-damage|p2b: Basculegion|0 fnt\n|faint|p2b: Basculegion\n|\n|t:|1776642455\n|switch|p1a: Gallade|Gallade, L50, M|100/100|[from] Volt Switch\n|move|p2a: Venusaur|Giga Drain|p1a: Gallade\n|-damage|p1a: Gallade|61/100\n|-heal|p2a: Venusaur|74/100|[from] drain|[of] p1a: Gallade\n|\n|upkeep\n|\n|t:|1776642464\n|switch|p2b: Tyranitar|Tyranitar, L50, M|100/100\n|-weather|Sandstorm|[from] ability: Sand Stream|[of] p2b: Tyranitar\n|turn|5\n|\n|t:|1776642483\n|detailschange|p1a: Gallade|Gallade-Mega, L50, M\n|-mega|p1a: Gallade|Gallade|Galladite\n|move|p1a: Gallade|Sacred Sword|p2b: Tyranitar\n|-supereffective|p2b: Tyranitar|2\n|-enditem|p2b: Tyranitar|Chople Berry|[eat]\n|-enditem|p2b: Tyranitar|Chople Berry|[weaken]\n|-damage|p2b: Tyranitar|25/100\n|move|p1b: Garchomp|Dragon Claw|p2a: Venusaur\n|-damage|p2a: Venusaur|21/100\n|move|p2a: Venusaur|Giga Drain|p1b: Garchomp\n|-damage|p1b: Garchomp|0 fnt\n|-heal|p2a: Venusaur|26/100|[from] drain|[of] p1b: Garchomp\n|faint|p1b: Garchomp\n|move|p2b: Tyranitar|Knock Off|p1a: Gallade\n|-damage|p1a: Gallade|17/100\n|\n|-weather|Sandstorm|[upkeep]\n|-damage|p1a: Gallade|11/100|[from] Sandstorm\n|-damage|p2a: Venusaur|20/100|[from] Sandstorm\n|upkeep\n|\n|t:|1776642491\n|switch|p1b: Rotom|Rotom-Wash, L50|100/100\n|turn|6\n|\n|t:|1776642504\n|move|p2b: Tyranitar|Protect|p2b: Tyranitar\n|-singleturn|p2b: Tyranitar|Protect\n|move|p1b: Rotom|Hydro Pump|p2b: Tyranitar\n|-activate|p2b: Tyranitar|move: Protect\n|move|p1a: Gallade|Psycho Cut|p2a: Venusaur\n|-supereffective|p2a: Venusaur|1\n|-damage|p2a: Venusaur|0 fnt\n|faint|p2a: Venusaur\n|\n|-weather|Sandstorm|[upkeep]\n|-damage|p1b: Rotom|95/100|[from] Sandstorm\n|-damage|p1a: Gallade|5/100|[from] Sandstorm\n|upkeep\n|turn|7\n|-message|nonexistnt forfeited.\n|\n|win|eevee1ynn\n|raw|eevee1ynn's rating: 1315 &rarr; <strong>1333</strong><br />(+18 for winning)\n|raw|nonexistnt's rating: 1281 &rarr; <strong>1258</strong><br />(-23 for losing)\n",
  "uploadtime": 1776642512,
  "views": 9,
  "formatid": "gen9championsvgc2026regma",
  "rating": 1258,
  "private": 0,
  "password": null
}