{
  "id": "gen9championsvgc2026regma-2581574891",
  "format": "[Gen 9 Champions] VGC 2026 Reg M-A",
  "players": [
    "Braute",
    "jewstein7"
  ],
  "log": "|j|\u2606Braute\n|j|\u2606jewstein7\n|t:|1776012153\n|gametype|doubles\n|player|p1|Braute|miku-fire|1161\n|player|p2|jewstein7|2|1069\n|gen|9\n|tier|[Gen 9 Champions] VGC 2026 Reg M-A\n|rated|\n|rule|Species Clause: Limit one of each Pok\u00e9mon\n|rule|Item Clause: Limit 1 of each item\n|clearpoke\n|poke|p1|Beedrill, L50, M|\n|poke|p1|Incineroar, L50, M|\n|poke|p1|Talonflame, L50, M|\n|poke|p1|Kingambit, L50, M|\n|poke|p1|Tyranitar, L50, F|\n|poke|p1|Excadrill, L50, M|\n|poke|p2|Goodra-Hisui, L50, F|\n|poke|p2|Aggron, L50, M|\n|poke|p2|Meganium, L50, M|\n|poke|p2|Incineroar, L50, M|\n|poke|p2|Farigiraf, L50, F|\n|poke|p2|Charizard, L50, M|\n|teampreview|4\n|inactive|Battle timer is ON: inactive players will automatically lose when time's up. (requested by Braute)\n|\n|t:|1776012176\n|teamsize|p1|4\n|teamsize|p2|4\n|start\n|switch|p1a: Beedrill|Beedrill, L50, M, shiny|100/100\n|switch|p1b: Kingambit|Kingambit, L50, M, shiny|100/100\n|switch|p2a: Farigiraf|Farigiraf, L50, F|100/100\n|switch|p2b: Aggron|Aggron, L50, M|100/100\n|turn|1\n|\n|t:|1776012188\n|detailschange|p1a: Beedrill|Beedrill-Mega, L50, M, shiny\n|-mega|p1a: Beedrill|Beedrill|Beedrillite\n|move|p2a: Farigiraf|Helping Hand|p2b: Aggron\n|-singleturn|p2b: Aggron|Helping Hand|[of] p2a: Farigiraf\n|move|p1a: Beedrill|Lunge|p2a: Farigiraf|[miss]\n|-miss|p1a: Beedrill|p2a: Farigiraf\n|move|p1b: Kingambit|Low Kick|p2b: Aggron\n|-supereffective|p2b: Aggron|2\n|-enditem|p2b: Aggron|Chople Berry|[eat]\n|-enditem|p2b: Aggron|Chople Berry|[weaken]\n|-damage|p2b: Aggron|46/100\n|move|p2b: Aggron|Rock Slide|p1b: Kingambit|[spread] p1a,p1b\n|-supereffective|p1a: Beedrill|1\n|-resisted|p1b: Kingambit|1\n|-damage|p1a: Beedrill|0 fnt\n|-damage|p1b: Kingambit|84/100\n|faint|p1a: Beedrill\n|\n|upkeep\n|\n|t:|1776012200\n|switch|p1a: Tyranitar|Tyranitar, L50, F|100/100\n|-weather|Sandstorm|[from] ability: Sand Stream|[of] p1a: Tyranitar\n|turn|2\n|\n|t:|1776012215\n|switch|p2b: Incineroar|Incineroar, L50, M|100/100\n|-ability|p2b: Incineroar|Intimidate|boost\n|-unboost|p1a: Tyranitar|atk|1\n|-unboost|p1b: Kingambit|atk|1\n|-ability|p1b: Kingambit|Defiant|boost\n|-boost|p1b: Kingambit|atk|2\n|move|p1a: Tyranitar|Knock Off|p2a: Farigiraf\n|-supereffective|p2a: Farigiraf|1\n|-damage|p2a: Farigiraf|44/100\n|-enditem|p2a: Farigiraf|Bright Powder|[from] move: Knock Off|[of] p1a: Tyranitar\n|move|p1b: Kingambit|Low Kick|p2b: Incineroar\n|-supereffective|p2b: Incineroar|1\n|-damage|p2b: Incineroar|33/100\n|-enditem|p2b: Incineroar|Sitrus Berry|[eat]\n|-heal|p2b: Incineroar|58/100|[from] item: Sitrus Berry\n|move|p2a: Farigiraf|Trick Room|p2a: Farigiraf\n|-fieldstart|move: Trick Room|[of] p2a: Farigiraf\n|\n|-weather|Sandstorm|[upkeep]\n|-damage|p2a: Farigiraf|38/100|[from] Sandstorm\n|-damage|p2b: Incineroar|52/100|[from] Sandstorm\n|upkeep\n|turn|3\n|inactive|jewstein7 has 30 seconds left.\n|\n|t:|1776012248\n|move|p1b: Kingambit|Kowtow Cleave|p2a: Farigiraf\n|-supereffective|p2a: Farigiraf|1\n|-damage|p2a: Farigiraf|0 fnt\n|faint|p2a: Farigiraf\n|move|p2b: Incineroar|Brick Break|p1a: Tyranitar\n|-supereffective|p1a: Tyranitar|2\n|-damage|p1a: Tyranitar|46/100\n|move|p1a: Tyranitar|Low Kick|p2b: Incineroar\n|-supereffective|p2b: Incineroar|1\n|-damage|p2b: Incineroar|20/100\n|\n|-weather|Sandstorm|[upkeep]\n|-damage|p2b: Incineroar|14/100|[from] Sandstorm\n|upkeep\n|\n|t:|1776012259\n|switch|p2a: Aggron|Aggron, L50, M|46/100\n|turn|4\n|\n|t:|1776012273\n|move|p1b: Kingambit|Sucker Punch|p2b: Incineroar\n|-resisted|p2b: Incineroar|1\n|-damage|p2b: Incineroar|0 fnt\n|faint|p2b: Incineroar\n|move|p2a: Aggron|Earthquake|p1b: Kingambit|[spread] p1a,p1b\n|-supereffective|p1a: Tyranitar|1\n|-supereffective|p1b: Kingambit|1\n|-damage|p1a: Tyranitar|14/100\n|-damage|p1b: Kingambit|49/100\n|move|p1a: Tyranitar|Low Kick|p2a: Aggron\n|-supereffective|p2a: Aggron|2\n|-damage|p2a: Aggron|0 fnt\n|faint|p2a: Aggron\n|\n|-weather|Sandstorm|[upkeep]\n|upkeep\n|\n|t:|1776012287\n|switch|p2b: Meganium|Meganium, L50, M|100/100\n|turn|5\n|\n|t:|1776012298\n|switch|p1a: Excadrill|Excadrill, L50, M|100/100\n|detailschange|p2b: Meganium|Meganium-Mega, L50, M\n|-mega|p2b: Meganium|Meganium|Meganiumite\n|move|p1b: Kingambit|Sucker Punch|p2b: Meganium\n|-resisted|p2b: Meganium|1\n|-damage|p2b: Meganium|72/100\n|move|p2b: Meganium|Dazzling Gleam|p1a: Excadrill|[spread] p1a,p1b\n|-resisted|p1a: Excadrill|1\n|-damage|p1a: Excadrill|75/100\n|-damage|p1b: Kingambit|18/100\n|\n|-weather|Sandstorm|[upkeep]\n|-damage|p2b: Meganium|66/100|[from] Sandstorm\n|upkeep\n|turn|6\n|\n|t:|1776012312\n|move|p1a: Excadrill|Protect|p1a: Excadrill\n|-singleturn|p1a: Excadrill|Protect\n|move|p1b: Kingambit|Sucker Punch|p2b: Meganium\n|-resisted|p2b: Meganium|1\n|-damage|p2b: Meganium|37/100\n|move|p2b: Meganium|Giga Drain|p1a: Excadrill\n|-activate|p1a: Excadrill|move: Protect\n|\n|-weather|none\n|-fieldend|move: Trick Room\n|upkeep\n|turn|7\n|\n|t:|1776012320\n|move|p1b: Kingambit|Sucker Punch|p2b: Meganium\n|-resisted|p2b: Meganium|1\n|-damage|p2b: Meganium|6/100\n|move|p1a: Excadrill|Iron Head|p2b: Meganium\n|-supereffective|p2b: Meganium|1\n|-damage|p2b: Meganium|0 fnt\n|faint|p2b: Meganium\n|\n|win|Braute\n|raw|Braute's rating: 1161 &rarr; <strong>1180</strong><br />(+19 for winning)\n|raw|jewstein7's rating: 1069 &rarr; <strong>1054</strong><br />(-15 for losing)\n",
  "uploadtime": 1776012320,
  "views": 40,
  "formatid": "gen9championsvgc2026regma",
  "rating": 1054,
  "private": 0,
  "password": null
}