{
  "id": "gen9championsvgc2026regma-2587089275",
  "format": "[Gen 9 Champions] VGC 2026 Reg M-A",
  "players": [
    "AzureChuck",
    "FlixlikesCharmanda"
  ],
  "log": "|j|\u2606AzureChuck\n|j|\u2606FlixlikesCharmanda\n|t:|1776491865\n|gametype|doubles\n|player|p1|AzureChuck|101|1067\n|player|p2|FlixlikesCharmanda|steven|1042\n|gen|9\n|tier|[Gen 9 Champions] VGC 2026 Reg M-A\n|rated|\n|rule|Species Clause: Limit one of each Pok\u00e9mon\n|rule|Item Clause: Limit 1 of each item\n|clearpoke\n|poke|p1|Gengar, L50, M|\n|poke|p1|Heliolisk, L50, F|\n|poke|p1|Maushold-Four, L50|\n|poke|p1|Corviknight, L50, F|\n|poke|p1|Whimsicott, L50, M|\n|poke|p1|Dragonite, L50, M|\n|poke|p2|Charizard, L50, M|\n|poke|p2|Whimsicott, L50, M|\n|poke|p2|Venusaur, L50, F|\n|poke|p2|Garchomp, L50, F|\n|poke|p2|Incineroar, L50, F|\n|poke|p2|Sneasler, L50, F|\n|teampreview|4\n|inactive|Battle timer is ON: inactive players will automatically lose when time's up. (requested by FlixlikesCharmanda)\n|inactive|AzureChuck also wants the timer to be on.\nFlixlikesCharmanda has agreed to open team sheets.\n|inactive|AzureChuck has 60 seconds left.\n|\n|t:|1776491926\n|teamsize|p1|4\n|teamsize|p2|4\n|start\n|switch|p1a: The Intel|Heliolisk, L50, F|100/100\n|switch|p1b: The Control|Whimsicott, L50, M|100/100\n|switch|p2a: Whimsicott|Whimsicott, L50, M|100/100\n|switch|p2b: Charizard|Charizard, L50, M|100/100\n|turn|1\n|\n|t:|1776491940\n|detailschange|p2b: Charizard|Charizard-Mega-Y, L50, M\n|-mega|p2b: Charizard|Charizard|Charizardite Y\n|-weather|SunnyDay|[from] ability: Drought|[of] p2b: Charizard\n|move|p2a: Whimsicott|Tailwind|p2a: Whimsicott\n|-sidestart|p2: FlixlikesCharmanda|move: Tailwind\n|move|p1b: The Control|Tailwind|p1b: The Control\n|-sidestart|p1: AzureChuck|move: Tailwind\n|move|p1a: The Intel|Electroweb|p2a: Whimsicott|[spread] p2a,p2b\n|-resisted|p2a: Whimsicott|1\n|-supereffective|p2b: Charizard|1\n|-damage|p2a: Whimsicott|86/100\n|-damage|p2b: Charizard|62/100\n|-unboost|p2a: Whimsicott|spe|1\n|-unboost|p2b: Charizard|spe|1\n|move|p2b: Charizard|Weather Ball|p1b: The Control\n|-supereffective|p1b: The Control|1\n|-enditem|p1b: The Control|Focus Sash\n|-damage|p1b: The Control|1/100\n|\n|-weather|SunnyDay|[upkeep]\n|-damage|p1a: The Intel|88/100|[from] ability: Dry Skin|[of] p1a: The Intel\n|upkeep\n|turn|2\n|inactive|AzureChuck has 30 seconds left.\n|inactive|FlixlikesCharmanda has 30 seconds left.\n|inactive|FlixlikesCharmanda has 20 seconds left.\n|\n|t:|1776491976\n|move|p1b: The Control|Encore|p2a: Whimsicott\n|-start|p2a: Whimsicott|Encore\n|move|p2a: Whimsicott|Tailwind||[still]\n|-fail|p2a: Whimsicott\n|move|p1a: The Intel|Shed Tail|p1a: The Intel\n|-start|p1a: The Intel|Substitute|[from] move: Shed Tail\n|-damage|p1a: The Intel|38/100\n|-enditem|p1a: The Intel|Sitrus Berry|[eat]\n|-heal|p1a: The Intel|62/100|[from] item: Sitrus Berry\n|\n|t:|1776491986\n|switch|p1a: The Hurt|Dragonite, L50, M|100/100|[from] Shed Tail\n|move|p2b: Charizard|Heat Wave|p1b: The Control|[spread] p1a,p1b\n|-resisted|p1a: The Hurt|1\n|-end|p1a: The Hurt|Substitute\n|-supereffective|p1b: The Control|1\n|-damage|p1b: The Control|0 fnt\n|faint|p1b: The Control\n|\n|-weather|SunnyDay|[upkeep]\n|upkeep\n|\n|t:|1776491997\n|switch|p1b: The Intel|Heliolisk, L50, F|62/100\n|turn|3\n|inactive|FlixlikesCharmanda has 30 seconds left.\n|\n|t:|1776492024\n|switch|p2a: Sneasler|Sneasler, L50, F|100/100\n|move|p1b: The Intel|Volt Switch|p2b: Charizard\n|-supereffective|p2b: Charizard|1\n|-damage|p2b: Charizard|0 fnt\n|faint|p2b: Charizard\n|\n|t:|1776492030\n|switch|p1b: Him.|Gengar, L50, M|100/100|[from] Volt Switch\n|move|p1a: The Hurt|Dragon Claw|p2a: Sneasler\n|-damage|p2a: Sneasler|24/100\n|\n|-weather|SunnyDay|[upkeep]\n|upkeep\n|\n|t:|1776492035\n|switch|p2b: Garchomp|Garchomp, L50, F|100/100\n|turn|4\n|\n|t:|1776492051\n|detailschange|p1b: Him.|Gengar-Mega, L50, M\n|-mega|p1b: Him.|Gengar|Gengarite\n|move|p1b: Him.|Protect|p1b: Him.\n|-singleturn|p1b: Him.|Protect\n|move|p2a: Sneasler|Fake Out|p1a: The Hurt\n|-damage|p1a: The Hurt|88/100\n|move|p1a: The Hurt|Extreme Speed|p2a: Sneasler\n|-damage|p2a: Sneasler|0 fnt\n|faint|p2a: Sneasler\n|move|p2b: Garchomp|Rock Slide|p1a: The Hurt|[spread] p1a\n|-activate|p1b: Him.|move: Protect\n|-supereffective|p1a: The Hurt|1\n|-damage|p1a: The Hurt|48/100\n|\n|-weather|SunnyDay|[upkeep]\n|-sideend|p1: AzureChuck|move: Tailwind\n|-sideend|p2: FlixlikesCharmanda|move: Tailwind\n|upkeep\n|\n|t:|1776492060\n|switch|p2a: Whimsicott|Whimsicott, L50, M|86/100\n|turn|5\n|\n|t:|1776492076\n|switch|p1b: The Intel|Heliolisk, L50, F|62/100\n|move|p1a: The Hurt|Extreme Speed|p2a: Whimsicott\n|-damage|p2a: Whimsicott|31/100\n|move|p2a: Whimsicott|Moonblast|p1a: The Hurt\n|-supereffective|p1a: The Hurt|1\n|-damage|p1a: The Hurt|0 fnt\n|faint|p1a: The Hurt\n|move|p2b: Garchomp|Earthquake|p1b: The Intel|[spread] p2a,p1b\n|-resisted|p2a: Whimsicott|1\n|-supereffective|p1b: The Intel|1\n|-damage|p2a: Whimsicott|0 fnt\n|-damage|p1b: The Intel|0 fnt\n|faint|p2a: Whimsicott\n|faint|p1b: The Intel\n|\n|-weather|none\n|upkeep\n|\n|t:|1776492090\n|switch|p1b: Him.|Gengar-Mega, L50, M|100/100\n|turn|6\n|\n|t:|1776492103\n|move|p1b: Him.|Icy Wind|p2b: Garchomp\n|-supereffective|p2b: Garchomp|2\n|-damage|p2b: Garchomp|0 fnt\n|faint|p2b: Garchomp\n|\n|win|AzureChuck\n|raw|AzureChuck's rating: 1067 &rarr; <strong>1095</strong><br />(+28 for winning)\n|raw|FlixlikesCharmanda's rating: 1042 &rarr; <strong>1027</strong><br />(-15 for losing)\n|l|\u2606FlixlikesCharmanda\n|player|p2|\n",
  "uploadtime": 1776492116,
  "views": 18,
  "formatid": "gen9championsvgc2026regma",
  "rating": 1027,
  "private": 0,
  "password": null
}