{
  "id": "gen9championsvgc2026regma-2581157302",
  "format": "[Gen 9 Champions] VGC 2026 Reg M-A",
  "players": [
    "munchlaxfan123",
    "Teik"
  ],
  "log": "|j|\u2606munchlaxfan123\n|j|\u2606Teik\n|t:|1775965425\n|gametype|doubles\n|player|p1|munchlaxfan123|unknown|1144\n|player|p2|Teik|byron|1129\n|gen|9\n|tier|[Gen 9 Champions] VGC 2026 Reg M-A\n|rated|\n|rule|Species Clause: Limit one of each Pok\u00e9mon\n|rule|Item Clause: Limit 1 of each item\n|clearpoke\n|poke|p1|Incineroar, L50, M|\n|poke|p1|Garchomp, L50, M|\n|poke|p1|Charizard, L50, F|\n|poke|p1|Kingambit, L50, M|\n|poke|p1|Whimsicott, L50, F|\n|poke|p1|Venusaur, L50, M|\n|poke|p2|Aggron, L50, F|\n|poke|p2|Araquanid, L50, F|\n|poke|p2|Sinistcha-Masterpiece, L50|\n|poke|p2|Farigiraf, L50, F|\n|poke|p2|Vanilluxe, L50, M|\n|poke|p2|Arcanine-Hisui, L50, F|\n|teampreview|4\nmunchlaxfan123 rejected open team sheets.\n|\n|t:|1775965482\n|teamsize|p1|4\n|teamsize|p2|4\n|start\n|switch|p1a: Kingambit|Kingambit, L50, M|100/100\n|switch|p1b: Garchomp|Garchomp, L50, M|100/100\n|switch|p2a: Araquanid|Araquanid, L50, F|100/100\n|switch|p2b: capucho|Farigiraf, L50, F|100/100\n|turn|1\n|\n|t:|1775965498\n|move|p2b: capucho|Protect|p2b: capucho\n|-singleturn|p2b: capucho|Protect\n|move|p1b: Garchomp|Dragon Claw|p2b: capucho\n|-activate|p2b: capucho|move: Protect\n|move|p1a: Kingambit|Kowtow Cleave|p2b: capucho\n|-activate|p2b: capucho|move: Protect\n|move|p2a: Araquanid|Liquidation|p1a: Kingambit\n|-damage|p1a: Kingambit|43/100\n|\n|upkeep\n|turn|2\n|inactive|Battle timer is ON: inactive players will automatically lose when time's up. (requested by munchlaxfan123)\n|\n|t:|1775965523\n|move|p1b: Garchomp|Dragon Claw|p2b: capucho\n|-damage|p2b: capucho|65/100\n|move|p1a: Kingambit|Kowtow Cleave|p2b: capucho\n|-supereffective|p2b: capucho|1\n|-damage|p2b: capucho|0 fnt\n|faint|p2b: capucho\n|move|p2a: Araquanid|Liquidation|p1a: Kingambit\n|-crit|p1a: Kingambit\n|-damage|p1a: Kingambit|0 fnt\n|faint|p1a: Kingambit\n|\n|upkeep\n|\n|t:|1775965538\n|switch|p2b: Vanilluxe|Vanilluxe, L50, M|100/100\n|switch|p1a: Incineroar|Incineroar, L50, M, shiny|100/100\n|-weather|Snowscape|[from] ability: Snow Warning|[of] p2b: Vanilluxe\n|-ability|p1a: Incineroar|Intimidate|boost\n|-unboost|p2a: Araquanid|atk|1\n|-unboost|p2b: Vanilluxe|atk|1\n|turn|3\n|\n|t:|1775965563\n|move|p1b: Garchomp|Protect|p1b: Garchomp\n|-singleturn|p1b: Garchomp|Protect\n|move|p1a: Incineroar|Fake Out|p2a: Araquanid\n|-damage|p2a: Araquanid|88/100\n|move|p2b: Vanilluxe|Aurora Veil|p2b: Vanilluxe\n|-sidestart|p2: Teik|move: Aurora Veil\n|cant|p2a: Araquanid|flinch\n|\n|-weather|Snowscape|[upkeep]\n|upkeep\n|turn|4\n|inactive|munchlaxfan123 has 30 seconds left.\n|\n|t:|1775965593\n|switch|p1b: Charizard|Charizard, L50, F, shiny|100/100\n|move|p2b: Vanilluxe|Blizzard|p1b: Charizard|[spread] p1a,p1b\n|-resisted|p1a: Incineroar|1\n|-damage|p1a: Incineroar|77/100\n|-damage|p1b: Charizard|29/100\n|move|p1a: Incineroar|Flare Blitz|p2b: Vanilluxe\n|-supereffective|p2b: Vanilluxe|1\n|-damage|p2b: Vanilluxe|44/100\n|-damage|p1a: Incineroar|60/100|[from] Recoil\n|move|p2a: Araquanid|Liquidation|p1a: Incineroar\n|-supereffective|p1a: Incineroar|1\n|-damage|p1a: Incineroar|0 fnt\n|faint|p1a: Incineroar\n|\n|-weather|Snowscape|[upkeep]\n|upkeep\n|\n|t:|1775965607\n|switch|p1a: Garchomp|Garchomp, L50, M|100/100\n|turn|5\n|\n|t:|1775965625\n|detailschange|p1b: Charizard|Charizard-Mega-Y, L50, F, shiny\n|-mega|p1b: Charizard|Charizard|Charizardite Y\n|-weather|SunnyDay|[from] ability: Drought|[of] p1b: Charizard\n|move|p1b: Charizard|Protect|p1b: Charizard\n|-singleturn|p1b: Charizard|Protect\n|move|p2b: Vanilluxe|Protect|p2b: Vanilluxe\n|-singleturn|p2b: Vanilluxe|Protect\n|move|p1a: Garchomp|Rock Slide|p2b: Vanilluxe|[spread] p2a\n|-activate|p2b: Vanilluxe|move: Protect\n|-supereffective|p2a: Araquanid|1\n|-damage|p2a: Araquanid|58/100\n|move|p2a: Araquanid|Liquidation|p1b: Charizard\n|-activate|p1b: Charizard|move: Protect\n|\n|-weather|SunnyDay|[upkeep]\n|upkeep\n|turn|6\n|\n|t:|1775965644\n|switch|p2b: Arcanine|Arcanine-Hisui, L50, F|100/100\n|move|p1a: Garchomp|Rock Slide|p2a: Araquanid|[spread] p2a,p2b\n|-supereffective|p2a: Araquanid|1\n|-supereffective|p2b: Arcanine|1\n|-damage|p2a: Araquanid|29/100\n|-damage|p2b: Arcanine|74/100\n|move|p1b: Charizard|Heat Wave|p2a: Araquanid|[spread] p2a,p2b\n|-resisted|p2b: Arcanine|2\n|-damage|p2a: Araquanid|8/100\n|-damage|p2b: Arcanine|62/100\n|cant|p2a: Araquanid|flinch\n|\n|-weather|SunnyDay|[upkeep]\n|upkeep\n|turn|7\n|inactive|munchlaxfan123 has 30 seconds left.\n|\n|t:|1775965671\n|move|p2a: Araquanid|Protect|p2a: Araquanid\n|-singleturn|p2a: Araquanid|Protect\n|move|p1a: Garchomp|Earthquake|p2b: Arcanine|[spread] p2b\n|-activate|p2a: Araquanid|move: Protect\n|-immune|p1b: Charizard\n|-supereffective|p2b: Arcanine|2\n|-damage|p2b: Arcanine|0 fnt\n|faint|p2b: Arcanine\n|move|p1b: Charizard|Dragon Pulse|p2a: Araquanid\n|-activate|p2a: Araquanid|move: Protect\n|\n|-weather|SunnyDay|[upkeep]\n|-sideend|p2: Teik|move: Aurora Veil\n|upkeep\n|\n|t:|1775965675\n|switch|p2b: Vanilluxe|Vanilluxe, L50, M|44/100\n|-weather|Snowscape|[from] ability: Snow Warning|[of] p2b: Vanilluxe\n|turn|8\n|\n|t:|1775965689\n|move|p1a: Garchomp|Rock Slide|p2b: Vanilluxe|[spread] p2b\n|-miss|p1a: Garchomp|p2a: Araquanid\n|-supereffective|p2b: Vanilluxe|1\n|-damage|p2b: Vanilluxe|13/100\n|move|p1b: Charizard|Heat Wave|p2a: Araquanid|[spread] p2a\n|-miss|p1b: Charizard|p2b: Vanilluxe\n|-damage|p2a: Araquanid|0 fnt\n|faint|p2a: Araquanid\n|move|p2b: Vanilluxe|Blizzard|p1b: Charizard|[spread] p1a,p1b\n|-supereffective|p1a: Garchomp|2\n|-damage|p1a: Garchomp|0 fnt\n|-damage|p1b: Charizard|0 fnt\n|faint|p1a: Garchomp\n|faint|p1b: Charizard\n|\n|win|Teik\n|raw|munchlaxfan123's rating: 1144 &rarr; <strong>1118</strong><br />(-26 for losing)\n|raw|Teik's rating: 1129 &rarr; <strong>1155</strong><br />(+26 for winning)\n|l|\u2606munchlaxfan123\n|player|p1|\n",
  "uploadtime": 1775965704,
  "views": 18,
  "formatid": "gen9championsvgc2026regma",
  "rating": 1118,
  "private": 0,
  "password": null
}