{
  "id": "gen9championsvgc2026regma-2586500590",
  "format": "[Gen 9 Champions] VGC 2026 Reg M-A",
  "players": [
    "Waleed96",
    "zigowski"
  ],
  "log": "|j|\u203dWaleed96\n|j|\u2606zigowski\n|t:|1776438984\n|gametype|doubles\n|player|p1|Waleed96|2|1109\n|player|p2|zigowski|266|1033\n|gen|9\n|tier|[Gen 9 Champions] VGC 2026 Reg M-A\n|rated|\n|rule|Species Clause: Limit one of each Pok\u00e9mon\n|rule|Item Clause: Limit 1 of each item\n|clearpoke\n|poke|p1|Froslass, L50, F|\n|poke|p1|Incineroar, L50, M|\n|poke|p1|Aerodactyl, L50, F|\n|poke|p1|Corviknight, L50, F|\n|poke|p1|Mr. Rime, L50, F|\n|poke|p1|Avalugg-Hisui, L50, F|\n|poke|p2|Kingambit, L50, M|\n|poke|p2|Incineroar, L50, M|\n|poke|p2|Sneasler, L50, F|\n|poke|p2|Garchomp, L50, M|\n|poke|p2|Tyranitar, L50, F|\n|poke|p2|Farigiraf, L50, F|\n|teampreview|4\n|\n|t:|1776438999\n|teamsize|p1|4\n|teamsize|p2|4\n|start\n|switch|p1a: Froslass|Froslass, L50, F|100/100\n|switch|p1b: Incineroar|Incineroar, L50, M|100/100\n|switch|p2a: Kingambit|Kingambit, L50, M, shiny|100/100\n|switch|p2b: Incineroar|Incineroar, L50, M|100/100\n|-ability|p2b: Incineroar|Intimidate|boost\n|-unboost|p1a: Froslass|atk|1\n|-unboost|p1b: Incineroar|atk|1\n|-ability|p1b: Incineroar|Intimidate|boost\n|-unboost|p2a: Kingambit|atk|1\n|-ability|p2a: Kingambit|Defiant|boost\n|-boost|p2a: Kingambit|atk|2\n|-unboost|p2b: Incineroar|atk|1\n|turn|1\n|\n|t:|1776439028\n|switch|p1a: Corviknight|Corviknight, L50, F|100/100\n|-ability|p1a: Corviknight|Unnerve\n|move|p2b: Incineroar|Fake Out|p1b: Incineroar\n|-damage|p1b: Incineroar|93/100\n|cant|p1b: Incineroar|flinch\n|move|p2a: Kingambit|Sucker Punch||[still]\n|-fail|p2a: Kingambit\n|\n|upkeep\n|turn|2\n|\n|t:|1776439073\n|move|p2b: Incineroar|Parting Shot|p1b: Incineroar\n|-unboost|p1b: Incineroar|atk|1\n|-unboost|p1b: Incineroar|spa|1\n|\n|t:|1776439077\n|switch|p2b: Tyranitar|Tyranitar, L50, F, shiny|100/100|[from] Parting Shot\n|-weather|Sandstorm|[from] ability: Sand Stream|[of] p2b: Tyranitar\n|move|p1a: Corviknight|Body Press|p2a: Kingambit\n|-supereffective|p2a: Kingambit|2\n|-damage|p2a: Kingambit|31/100\n|move|p1b: Incineroar|Parting Shot|p2b: Tyranitar\n|-unboost|p2b: Tyranitar|atk|1\n|-unboost|p2b: Tyranitar|spa|1\n|\n|t:|1776439091\n|switch|p1b: Mr. Rime|Mr. Rime, L50, F|100/100|[from] Parting Shot\n|move|p2a: Kingambit|Kowtow Cleave|p1a: Corviknight\n|-damage|p1a: Corviknight|37/100\n|\n|-weather|Sandstorm|[upkeep]\n|-damage|p1b: Mr. Rime|95/100|[from] Sandstorm\n|-heal|p1a: Corviknight|43/100|[from] item: Leftovers\n|upkeep\n|turn|3\n|\n|t:|1776439114\n|move|p1b: Mr. Rime|Protect|p1b: Mr. Rime\n|-singleturn|p1b: Mr. Rime|Protect\n|move|p2b: Tyranitar|Thunder Punch|p1a: Corviknight\n|-supereffective|p1a: Corviknight|1\n|-damage|p1a: Corviknight|18/100\n|move|p1a: Corviknight|Body Press|p2a: Kingambit\n|-supereffective|p2a: Kingambit|2\n|-damage|p2a: Kingambit|0 fnt\n|faint|p2a: Kingambit\n|\n|-weather|Sandstorm|[upkeep]\n|-damage|p1b: Mr. Rime|89/100|[from] Sandstorm\n|-heal|p1a: Corviknight|23/100|[from] item: Leftovers\n|upkeep\n|\n|t:|1776439127\n|switch|p2a: Incineroar|Incineroar, L50, M|100/100\n|-ability|p2a: Incineroar|Intimidate|boost\n|-unboost|p1a: Corviknight|atk|1\n|-unboost|p1b: Mr. Rime|atk|1\n|turn|4\n|\n|t:|1776439152\n|switch|p1a: Incineroar|Incineroar, L50, M|93/100\n|-ability|p1a: Incineroar|Intimidate|boost\n|-unboost|p2a: Incineroar|atk|1\n|-unboost|p2b: Tyranitar|atk|1\n|move|p2a: Incineroar|Fake Out|p1b: Mr. Rime\n|-damage|p1b: Mr. Rime|78/100\n|cant|p1b: Mr. Rime|flinch\n|move|p2b: Tyranitar|Thunder Punch|p1a: Incineroar\n|-damage|p1a: Incineroar|80/100\n|\n|-weather|Sandstorm|[upkeep]\n|-damage|p1b: Mr. Rime|72/100|[from] Sandstorm\n|-damage|p2a: Incineroar|95/100|[from] Sandstorm\n|-damage|p1a: Incineroar|74/100|[from] Sandstorm\n|-heal|p2a: Incineroar|100/100|[from] item: Leftovers\n|upkeep\n|turn|5\n|\n|t:|1776439184\n|move|p1a: Incineroar|Fake Out|p2a: Incineroar\n|-damage|p2a: Incineroar|86/100\n|move|p1b: Mr. Rime|Encore|p2b: Tyranitar\n|-start|p2b: Tyranitar|Encore\n|cant|p2a: Incineroar|flinch\n|move|p2b: Tyranitar|Thunder Punch|p1a: Incineroar\n|-damage|p1a: Incineroar|58/100\n|\n|-weather|Sandstorm|[upkeep]\n|-damage|p1b: Mr. Rime|66/100|[from] Sandstorm\n|-damage|p2a: Incineroar|80/100|[from] Sandstorm\n|-damage|p1a: Incineroar|52/100|[from] Sandstorm\n|-heal|p2a: Incineroar|86/100|[from] item: Leftovers\n|upkeep\n|turn|6\n|\n|t:|1776439212\n|move|p1b: Mr. Rime|Encore|p2a: Incineroar\n|-start|p2a: Incineroar|Encore\n|move|p2a: Incineroar|Fake Out||[still]\n|-hint|Fake Out only works on your first turn out.\n|-fail|p2a: Incineroar\n|move|p2b: Tyranitar|Thunder Punch|p1b: Mr. Rime\n|-damage|p1b: Mr. Rime|43/100\n|move|p1a: Incineroar|Parting Shot|p2b: Tyranitar\n|-unboost|p2b: Tyranitar|atk|1\n|-unboost|p2b: Tyranitar|spa|1\n|\n|t:|1776439225\n|switch|p1a: Froslass|Froslass, L50, F|100/100|[from] Parting Shot\n|\n|-weather|none\n|-heal|p2a: Incineroar|92/100|[from] item: Leftovers\n|upkeep\n|turn|7\n|\n|t:|1776439244\n|detailschange|p1a: Froslass|Froslass-Mega, L50, F\n|-mega|p1a: Froslass|Froslass|Froslassite\n|-weather|Snowscape|[from] ability: Snow Warning|[of] p1a: Froslass\n|move|p1a: Froslass|Nasty Plot|p1a: Froslass\n|-boost|p1a: Froslass|spa|2\n|move|p1b: Mr. Rime|Blizzard|p2b: Tyranitar|[spread] p2a,p2b\n|-resisted|p2a: Incineroar|1\n|-damage|p2a: Incineroar|77/100\n|-damage|p2b: Tyranitar|65/100\n|-activate|p2a: Incineroar|move: Struggle\n|move|p2a: Incineroar|Struggle|p1a: Froslass\n|-damage|p1a: Froslass|90/100\n|-damage|p2a: Incineroar|51/100|[from] recoil\n|move|p2b: Tyranitar|Thunder Punch|p1a: Froslass\n|-damage|p1a: Froslass|77/100\n|\n|-weather|Snowscape|[upkeep]\n|-heal|p1b: Mr. Rime|49/100|[from] ability: Ice Body\n|-heal|p2a: Incineroar|57/100|[from] item: Leftovers\n|-end|p2b: Tyranitar|Encore\n|upkeep\n|turn|8\n|\n|t:|1776439279\n|switch|p2a: Garchomp|Garchomp, L50, M|100/100\n|move|p1b: Mr. Rime|Helping Hand|p1a: Froslass\n|-singleturn|p1a: Froslass|Helping Hand|[of] p1b: Mr. Rime\n|move|p1a: Froslass|Blizzard|p2b: Tyranitar|[spread] p2a,p2b\n|-supereffective|p2a: Garchomp|2\n|-damage|p2a: Garchomp|0 fnt\n|-damage|p2b: Tyranitar|0 fnt\n|faint|p2a: Garchomp\n|faint|p2b: Tyranitar\n|\n|-weather|Snowscape|[upkeep]\n|-heal|p1b: Mr. Rime|55/100|[from] ability: Ice Body\n|upkeep\n|-message|zigowski forfeited.\n|l|\u2606zigowski\n|player|p2|\n|\n|win|Waleed96\n|raw|Waleed96's rating: 1109 &rarr; <strong>1129</strong><br />(+20 for winning)\n|raw|zigowski's rating: 1033 &rarr; <strong>1021</strong><br />(-12 for losing)\n",
  "uploadtime": 1776439323,
  "views": 21,
  "formatid": "gen9championsvgc2026regma",
  "rating": 1021,
  "private": 0,
  "password": null
}