{
  "id": "gen9championsvgc2026regma-2583666555",
  "format": "[Gen 9 Champions] VGC 2026 Reg M-A",
  "players": [
    "The Master Dex",
    "EkCantDrawLol"
  ],
  "log": "|j|\u2606The Master Dex\n|j|\u203dEkCantDrawLol\n|t:|1776189779\n|gametype|doubles\n|player|p1|The Master Dex|ingo|1195\n|player|p2|EkCantDrawLol|skierf|1111\n|gen|9\n|tier|[Gen 9 Champions] VGC 2026 Reg M-A\n|rated|\n|rule|Species Clause: Limit one of each Pok\u00e9mon\n|rule|Item Clause: Limit 1 of each item\n|clearpoke\n|poke|p1|Scovillain, L50, M|\n|poke|p1|Milotic, L50, F|\n|poke|p1|Aerodactyl, L50, F|\n|poke|p1|Sneasler, L50, M|\n|poke|p1|Scizor, L50, F|\n|poke|p1|Dragapult, L50, M|\n|poke|p2|Corviknight, L50, M|\n|poke|p2|Froslass, L50, F|\n|poke|p2|Garchomp, L50, F|\n|poke|p2|Rotom-Wash, L50|\n|poke|p2|Sneasler, L50, M|\n|poke|p2|Incineroar, L50, F|\n|teampreview|4\n|inactive|Battle timer is ON: inactive players will automatically lose when time's up. (requested by EkCantDrawLol)\n|\n|t:|1776189857\n|teamsize|p1|4\n|teamsize|p2|4\n|start\n|switch|p1a: Scovillain|Scovillain, L50, M|100/100\n|switch|p1b: Sneasler|Sneasler, L50, M|100/100\n|switch|p2a: Corviknight|Corviknight, L50, M|100/100\n|switch|p2b: Incineroar|Incineroar, L50, F, shiny|100/100\n|-ability|p2b: Incineroar|Intimidate|boost\n|-unboost|p1a: Scovillain|atk|1\n|-unboost|p1b: Sneasler|atk|1\n|-enditem|p1b: Sneasler|White Herb\n|-clearnegativeboost|p1b: Sneasler|[silent]\n|turn|1\n|\n|t:|1776189873\n|detailschange|p1a: Scovillain|Scovillain-Mega, L50, M\n|-mega|p1a: Scovillain|Scovillain|Scovillainite\n|move|p1b: Sneasler|Fake Out|p2b: Incineroar\n|-damage|p2b: Incineroar|85/100\n|cant|p2b: Incineroar|flinch\n|move|p1a: Scovillain|Flamethrower|p2a: Corviknight\n|-supereffective|p2a: Corviknight|1\n|-damage|p2a: Corviknight|21/100\n|move|p2a: Corviknight|Tailwind|p2a: Corviknight\n|-sidestart|p2: EkCantDrawLol|move: Tailwind\n|\n|upkeep\n|turn|2\n|inactive|The Master Dex has 30 seconds left.\n|inactive|EkCantDrawLol has 30 seconds left.\n|\n|t:|1776189919\n|switch|p2a: Rotom|Rotom-Wash, L50|100/100\n|move|p1a: Scovillain|Rage Powder|p1a: Scovillain\n|-singleturn|p1a: Scovillain|move: Rage Powder\n|move|p1b: Sneasler|Swords Dance|p1b: Sneasler\n|-boost|p1b: Sneasler|atk|2\n|move|p2b: Incineroar|Flare Blitz|p1a: Scovillain\n|-damage|p1a: Scovillain|49/100\n|-immune|p2b: Incineroar\n|-damage|p2b: Incineroar|71/100|[from] Recoil\n|\n|upkeep\n|turn|3\n|\n|t:|1776189932\n|move|p2a: Rotom|Hydro Pump|p1a: Scovillain\n|-damage|p1a: Scovillain|2/100\n|-status|p2a: Rotom|brn|[from] ability: Spicy Spray|[of] p1a: Scovillain\n|move|p1b: Sneasler|Close Combat|p2b: Incineroar\n|-supereffective|p2b: Incineroar|1\n|-damage|p2b: Incineroar|0 fnt\n|-unboost|p1b: Sneasler|def|1\n|-unboost|p1b: Sneasler|spd|1\n|faint|p2b: Incineroar\n|move|p1a: Scovillain|Leech Seed|p2a: Rotom\n|-start|p2a: Rotom|move: Leech Seed\n|\n|-damage|p2a: Rotom|89/100 brn|[from] Leech Seed|[of] p1a: Scovillain\n|-heal|p1a: Scovillain|11/100|[silent]\n|-damage|p2a: Rotom|83/100 brn|[from] brn\n|upkeep\n|\n|t:|1776189939\n|switch|p2b: Froslass|Froslass, L50, F|100/100\n|turn|4\n|\n|t:|1776189953\n|detailschange|p2b: Froslass|Froslass-Mega, L50, F\n|-mega|p2b: Froslass|Froslass|Froslassite\n|-weather|Snowscape|[from] ability: Snow Warning|[of] p2b: Froslass\n|move|p2a: Rotom|Hydro Pump|p1a: Scovillain\n|-damage|p1a: Scovillain|0 fnt\n|faint|p1a: Scovillain\n|move|p2b: Froslass|Blizzard|p1b: Sneasler\n|-damage|p1b: Sneasler|0 fnt\n|faint|p1b: Sneasler\n|\n|-weather|Snowscape|[upkeep]\n|-damage|p2a: Rotom|78/100 brn|[from] brn\n|-sideend|p2: EkCantDrawLol|move: Tailwind\n|upkeep\n|\n|t:|1776189965\n|switch|p1b: Dragapult|Dragapult, L50, M|100/100\n|switch|p1a: Scizor|Scizor, L50, F|100/100\n|turn|5\n|\n|t:|1776189978\n|move|p2a: Rotom|Hydro Pump|p1a: Scizor\n|-damage|p1a: Scizor|43/100\n|move|p1b: Dragapult|Hex|p2a: Rotom\n|-damage|p2a: Rotom|0 fnt\n|faint|p2a: Rotom\n|move|p2b: Froslass|Blizzard|p1a: Scizor|[spread] p1a,p1b\n|-resisted|p1a: Scizor|1\n|-supereffective|p1b: Dragapult|1\n|-damage|p1a: Scizor|17/100\n|-damage|p1b: Dragapult|0 fnt\n|faint|p1b: Dragapult\n|move|p1a: Scizor|Swords Dance|p1a: Scizor\n|-boost|p1a: Scizor|atk|2\n|\n|-weather|Snowscape|[upkeep]\n|upkeep\n|\n|t:|1776189988\n|switch|p2a: Corviknight|Corviknight, L50, M|21/100\n|turn|6\n|\n|t:|1776189993\n|move|p1a: Scizor|Bullet Punch|p2b: Froslass\n|-supereffective|p2b: Froslass|1\n|-damage|p2b: Froslass|0 fnt\n|faint|p2b: Froslass\n|move|p2a: Corviknight|Body Press|p1a: Scizor\n|-damage|p1a: Scizor|0 fnt\n|faint|p1a: Scizor\n|\n|win|EkCantDrawLol\n|raw|The Master Dex's rating: 1195 &rarr; <strong>1164</strong><br />(-31 for losing)\n|raw|EkCantDrawLol's rating: 1111 &rarr; <strong>1142</strong><br />(+31 for winning)\n|l|\u2606The Master Dex\n|player|p1|\n",
  "uploadtime": 1776189998,
  "views": 14,
  "formatid": "gen9championsvgc2026regma",
  "rating": 1142,
  "private": 0,
  "password": null
}