{
  "id": "gen9championsvgc2026regma-2582992642",
  "format": "[Gen 9 Champions] VGC 2026 Reg M-A",
  "players": [
    "roval2",
    "thssivoo"
  ],
  "log": "|j|\u2606roval2\n|j|\u2606thssivoo\n|t:|1776131499\n|gametype|doubles\n|player|p1|roval2|hiker-gen4|1135\n|player|p2|thssivoo|bugcatcher-gen4dp|1053\n|gen|9\n|tier|[Gen 9 Champions] VGC 2026 Reg M-A\n|rated|\n|rule|Species Clause: Limit one of each Pok\u00e9mon\n|rule|Item Clause: Limit 1 of each item\n|clearpoke\n|poke|p1|Venusaur, L50, F|\n|poke|p1|Talonflame, L50, M|\n|poke|p1|Aerodactyl, L50, F|\n|poke|p1|Milotic, L50, F|\n|poke|p1|Raichu, L50, F|\n|poke|p1|Maushold, L50|\n|poke|p2|Floette-Eternal, L50, F|\n|poke|p2|Pelipper, L50, M|\n|poke|p2|Sinistcha-Masterpiece, L50|\n|poke|p2|Archaludon, L50, M|\n|poke|p2|Incineroar, L50, M|\n|poke|p2|Basculegion, L50, M|\n|teampreview|4\n|inactive|Battle timer is ON: inactive players will automatically lose when time's up. (requested by roval2)\n|\n|t:|1776131524\n|teamsize|p1|4\n|teamsize|p2|4\n|start\n|switch|p1a: Venusaur|Venusaur, L50, F|100/100\n|switch|p1b: Talonflame|Talonflame, L50, M|100/100\n|switch|p2a: Incineroar|Incineroar, L50, M|100/100\n|switch|p2b: Pelipper|Pelipper, L50, M|100/100\n|-weather|RainDance|[from] ability: Drizzle|[of] p2b: Pelipper\n|-ability|p2a: Incineroar|Intimidate|boost\n|-unboost|p1a: Venusaur|atk|1\n|-unboost|p1b: Talonflame|atk|1\n|turn|1\n|inactive|thssivoo has 30 seconds left.\n|inactive|thssivoo has 20 seconds left.\n|inactive|thssivoo has 15 seconds left.\n|inactive|thssivoo has 10 seconds left.\n|\n|t:|1776131571\n|detailschange|p1a: Venusaur|Venusaur-Mega, L50, F\n|-mega|p1a: Venusaur|Venusaur|Venusaurite\n|move|p2a: Incineroar|Fake Out|p1a: Venusaur\n|-damage|p1a: Venusaur|91/100\n|move|p1b: Talonflame|Tailwind|p1b: Talonflame\n|-sidestart|p1: roval2|move: Tailwind\n|cant|p1a: Venusaur|flinch\n|move|p2b: Pelipper|Tailwind|p2b: Pelipper\n|-sidestart|p2: thssivoo|move: Tailwind\n|\n|-weather|RainDance|[upkeep]\n|upkeep\n|turn|2\n|inactive|roval2 has 30 seconds left.\n|\n|t:|1776131601\n|move|p1b: Talonflame|Dual Wingbeat|p2b: Pelipper\n|-damage|p2b: Pelipper|90/100\n|-damage|p2b: Pelipper|79/100\n|-hitcount|p2b: Pelipper|2\n|move|p2b: Pelipper|Hurricane|p1a: Venusaur\n|-supereffective|p1a: Venusaur|1\n|-damage|p1a: Venusaur|36/100\n|move|p2a: Incineroar|Parting Shot|p1a: Venusaur\n|-unboost|p1a: Venusaur|atk|1\n|-unboost|p1a: Venusaur|spa|1\n|\n|t:|1776131614\n|switch|p2a: Archaludon|Archaludon, L50, M|100/100|[from] Parting Shot\n|move|p1a: Venusaur|Sludge Bomb|p2b: Pelipper\n|-damage|p2b: Pelipper|33/100\n|\n|-weather|RainDance|[upkeep]\n|upkeep\n|turn|3\n|\n|t:|1776131630\n|move|p1a: Venusaur|Protect|p1a: Venusaur\n|-singleturn|p1a: Venusaur|Protect\n|move|p1b: Talonflame|U-turn|p2b: Pelipper\n|-resisted|p2b: Pelipper|1\n|-damage|p2b: Pelipper|27/100\n|\n|t:|1776131636\n|switch|p1b: Raichu|Raichu, L50, F|100/100|[from] U-turn\n|move|p2b: Pelipper|Hurricane|p1a: Venusaur\n|-activate|p1a: Venusaur|move: Protect\n|move|p2a: Archaludon|Electro Shot||[still]\n|-prepare|p2a: Archaludon|Electro Shot\n|-boost|p2a: Archaludon|spa|1\n|-anim|p2a: Archaludon|Electro Shot|p1b: Raichu\n|-ability|p1b: Raichu|Lightning Rod|boost\n|-boost|p1b: Raichu|spa|1\n|\n|-weather|RainDance|[upkeep]\n|upkeep\n|turn|4\n|inactive|thssivoo has 30 seconds left.\n|inactive|roval2 has 30 seconds left.\n|inactive|thssivoo has 20 seconds left.\n|\n|t:|1776131672\n|switch|p2b: Incineroar|Incineroar, L50, M|100/100\n|-ability|p2b: Incineroar|Intimidate|boost\n|-unboost|p1a: Venusaur|atk|1\n|-unboost|p1b: Raichu|atk|1\n|move|p1b: Raichu|Thunderbolt|p2b: Incineroar\n|-damage|p2b: Incineroar|49/100\n|-enditem|p2b: Incineroar|Sitrus Berry|[eat]\n|-heal|p2b: Incineroar|74/100|[from] item: Sitrus Berry\n|move|p2a: Archaludon|Draco Meteor|p1b: Raichu\n|-damage|p1b: Raichu|0 fnt\n|-unboost|p2a: Archaludon|spa|2\n|faint|p1b: Raichu\n|move|p1a: Venusaur|Leech Seed|p2a: Archaludon\n|-start|p2a: Archaludon|move: Leech Seed\n|\n|-weather|RainDance|[upkeep]\n|-damage|p2a: Archaludon|88/100|[from] Leech Seed|[of] p1a: Venusaur\n|-heal|p1a: Venusaur|50/100|[silent]\n|-sideend|p2: thssivoo|move: Tailwind\n|-sideend|p1: roval2|move: Tailwind\n|upkeep\n|\n|t:|1776131693\n|switch|p1b: Talonflame|Talonflame, L50, M|100/100\n|turn|5\n|\n|t:|1776131711\n|move|p1a: Venusaur|Protect|p1a: Venusaur\n|-singleturn|p1a: Venusaur|Protect\n|move|p2b: Incineroar|Fake Out|p1a: Venusaur\n|-activate|p1a: Venusaur|move: Protect\n|move|p1b: Talonflame|Tailwind|p1b: Talonflame\n|-sidestart|p1: roval2|move: Tailwind\n|move|p2a: Archaludon|Electro Shot||[still]\n|-prepare|p2a: Archaludon|Electro Shot\n|-boost|p2a: Archaludon|spa|1\n|-anim|p2a: Archaludon|Electro Shot|p1b: Talonflame\n|-supereffective|p1b: Talonflame|1\n|-enditem|p1b: Talonflame|Focus Sash\n|-damage|p1b: Talonflame|1/100\n|\n|-weather|none\n|-heal|p2a: Archaludon|94/100|[from] item: Leftovers\n|-damage|p2a: Archaludon|82/100|[from] Leech Seed|[of] p1a: Venusaur\n|-heal|p1a: Venusaur|63/100|[silent]\n|upkeep\n|turn|6\n|inactive|thssivoo has 30 seconds left.\n|\n|t:|1776131743\n|switch|p2b: Pelipper|Pelipper, L50, M|27/100\n|-weather|RainDance|[from] ability: Drizzle|[of] p2b: Pelipper\n|move|p1b: Talonflame|Flare Blitz|p2a: Archaludon\n|-damage|p2a: Archaludon|65/100\n|-status|p2a: Archaludon|brn\n|-ability|p2a: Archaludon|Stamina|boost\n|-boost|p2a: Archaludon|def|1\n|-damage|p1b: Talonflame|0 fnt|[from] Recoil\n|faint|p1b: Talonflame\n|move|p1a: Venusaur|Sludge Bomb|p2b: Pelipper\n|-damage|p2b: Pelipper|0 fnt\n|faint|p2b: Pelipper\n|move|p2a: Archaludon|Electro Shot||[still]\n|-prepare|p2a: Archaludon|Electro Shot\n|-boost|p2a: Archaludon|spa|1\n|-anim|p2a: Archaludon|Electro Shot|p1a: Venusaur\n|-resisted|p1a: Venusaur|1\n|-damage|p1a: Venusaur|38/100\n|\n|-weather|RainDance|[upkeep]\n|-heal|p2a: Archaludon|72/100 brn|[from] item: Leftovers\n|-damage|p2a: Archaludon|59/100 brn|[from] Leech Seed|[of] p1a: Venusaur\n|-heal|p1a: Venusaur|52/100|[silent]\n|-damage|p2a: Archaludon|53/100 brn|[from] brn\n|upkeep\n|\n|t:|1776131768\n|switch|p1b: Milotic|Milotic, L50, F|100/100\n|switch|p2b: Floette|Floette-Eternal, L50, F, shiny|100/100\n|turn|7\n|inactive|roval2 has 30 seconds left.\n|inactive|thssivoo has 30 seconds left.\n|\n|t:|1776131801\n|detailschange|p2b: Floette|Floette-Mega, L50, F, shiny\n|-mega|p2b: Floette|Floette|Floettite\n|-ability|p2b: Floette|Fairy Aura\n|move|p2b: Floette|Protect|p2b: Floette\n|-singleturn|p2b: Floette|Protect\n|move|p1b: Milotic|Scald|p2a: Archaludon\n|-resisted|p2a: Archaludon|1\n|-damage|p2a: Archaludon|24/100 brn\n|-ability|p2a: Archaludon|Stamina|boost\n|-boost|p2a: Archaludon|def|1\n|move|p1a: Venusaur|Sludge Bomb|p2b: Floette\n|-activate|p2b: Floette|move: Protect\n|move|p2a: Archaludon|Flash Cannon|p1a: Venusaur\n|-damage|p1a: Venusaur|6/100\n|\n|-weather|RainDance|[upkeep]\n|-heal|p2a: Archaludon|30/100 brn|[from] item: Leftovers\n|-damage|p2a: Archaludon|18/100 brn|[from] Leech Seed|[of] p1a: Venusaur\n|-heal|p1a: Venusaur|20/100|[silent]\n|-damage|p2a: Archaludon|12/100 brn|[from] brn\n|upkeep\n|turn|8\n|inactive|roval2 has 30 seconds left.\n|inactive|thssivoo has 30 seconds left.\n|inactive|thssivoo has 20 seconds left.\n|inactive|thssivoo has 15 seconds left.\n|inactive|thssivoo has 10 seconds left.\n|inactive|thssivoo has 5 seconds left.\n|c|\u2606roval2|Doble protect\n|\n|t:|1776131854\n|switch|p2b: Incineroar|Incineroar, L50, M|74/100\n|-ability|p2b: Incineroar|Intimidate|boost\n|-unboost|p1a: Venusaur|atk|1\n|-unboost|p1b: Milotic|atk|1\n|-ability|p1b: Milotic|Competitive|boost\n|-boost|p1b: Milotic|spa|2\n|move|p1b: Milotic|Scald|p2a: Archaludon\n|-resisted|p2a: Archaludon|1\n|-damage|p2a: Archaludon|0 fnt\n|faint|p2a: Archaludon\n|move|p1a: Venusaur|Sludge Bomb|p2b: Incineroar\n|-damage|p2b: Incineroar|40/100\n|-status|p2b: Incineroar|psn\n|\n|-weather|RainDance|[upkeep]\n|-damage|p2b: Incineroar|28/100 psn|[from] psn\n|-sideend|p1: roval2|move: Tailwind\n|upkeep\n|\n|t:|1776131869\n|switch|p2a: Floette|Floette-Mega, L50, F, shiny|100/100\n|-ability|p2a: Floette|Fairy Aura\n|turn|9\n|\n|t:|1776131892\n|move|p1a: Venusaur|Protect|p1a: Venusaur\n|-singleturn|p1a: Venusaur|Protect\n|move|p2b: Incineroar|Fake Out|p1b: Milotic\n|-damage|p1b: Milotic|88/100\n|move|p2a: Floette|Light of Ruin|p1a: Venusaur\n|-activate|p1a: Venusaur|move: Protect\n|cant|p1b: Milotic|flinch\n|\n|-weather|RainDance|[upkeep]\n|-heal|p1b: Milotic|94/100|[from] item: Leftovers\n|-damage|p2b: Incineroar|15/100 psn|[from] psn\n|upkeep\n|turn|10\n|inactive|thssivoo has 30 seconds left.\n|\n|t:|1776131920\n|move|p2b: Incineroar|Helping Hand|p2a: Floette\n|-singleturn|p2a: Floette|Helping Hand|[of] p2b: Incineroar\n|move|p2a: Floette|Dazzling Gleam|p1a: Venusaur|[spread] p1a,p1b\n|-resisted|p1a: Venusaur|1\n|-damage|p1a: Venusaur|0 fnt\n|-damage|p1b: Milotic|26/100\n|faint|p1a: Venusaur\n|move|p1b: Milotic|Scald|p2a: Floette\n|-damage|p2a: Floette|0 fnt\n|faint|p2a: Floette\n|\n|-weather|none\n|-heal|p1b: Milotic|32/100|[from] item: Leftovers\n|-damage|p2b: Incineroar|3/100 psn|[from] psn\n|upkeep\n|turn|11\n|c|\u2606roval2|Gg\n|-message|thssivoo forfeited.\n|\n|win|roval2\n|raw|roval2's rating: 1135 &rarr; <strong>1154</strong><br />(+19 for winning)\n|raw|thssivoo's rating: 1053 &rarr; <strong>1039</strong><br />(-14 for losing)\n|l|\u2606thssivoo\n|player|p2|\n",
  "uploadtime": 1776131954,
  "views": 26,
  "formatid": "gen9championsvgc2026regma",
  "rating": 1039,
  "private": 0,
  "password": null
}