{
  "id": "gen9championsvgc2026regma-2585753522",
  "format": "[Gen 9 Champions] VGC 2026 Reg M-A",
  "players": [
    "Pekokik",
    "ArepadeChorizard"
  ],
  "log": "|j|\u2606Pekokik\n|j|\u2606ArepadeChorizard\n|t:|1776368226\n|gametype|doubles\n|player|p1|Pekokik|scientist-gen4|1000\n|player|p2|ArepadeChorizard|102|1058\n|gen|9\n|tier|[Gen 9 Champions] VGC 2026 Reg M-A\n|rated|\n|rule|Species Clause: Limit one of each Pok\u00e9mon\n|rule|Item Clause: Limit 1 of each item\n|clearpoke\n|poke|p1|Blastoise, L50, M|\n|poke|p1|Sinistcha, L50|\n|poke|p1|Pelipper, L50, F|\n|poke|p1|Incineroar, L50, F|\n|poke|p1|Kingambit, L50, F|\n|poke|p1|Dragonite, L50, M|\n|poke|p2|Pelipper, L50, F|\n|poke|p2|Meganium, L50, F|\n|poke|p2|Gengar, L50, M|\n|poke|p2|Kingambit, L50, M|\n|poke|p2|Wyrdeer, L50, M|\n|poke|p2|Basculegion, L50, M|\n|teampreview|4\n|inactive|Battle timer is ON: inactive players will automatically lose when time's up. (requested by ArepadeChorizard)\n|inactive|Pekokik has 60 seconds left.\n|\n|t:|1776368274\n|teamsize|p1|4\n|teamsize|p2|4\n|start\n|switch|p1a: Incineroar|Incineroar, L50, F|100/100\n|switch|p1b: Pelipper|Pelipper, L50, F|100/100\n|switch|p2a: Wyrdeer|Wyrdeer, L50, M|100/100\n|switch|p2b: Kingambit|Kingambit, L50, M|100/100\n|-weather|RainDance|[from] ability: Drizzle|[of] p1b: Pelipper\n|-ability|p1a: Incineroar|Intimidate|boost\n|-unboost|p2a: Wyrdeer|atk|1\n|-unboost|p2b: Kingambit|atk|1\n|-ability|p2b: Kingambit|Defiant|boost\n|-boost|p2b: Kingambit|atk|2\n|-ability|p2a: Wyrdeer|Intimidate|boost\n|-unboost|p1a: Incineroar|atk|1\n|-unboost|p1b: Pelipper|atk|1\n|turn|1\n|inactive|Pekokik has 30 seconds left.\n|inactive|ArepadeChorizard has 30 seconds left.\n|inactive|ArepadeChorizard has 20 seconds left.\n|\n|t:|1776368310\n|move|p1a: Incineroar|Fake Out|p2b: Kingambit\n|-resisted|p2b: Kingambit|1\n|-damage|p2b: Kingambit|97/100\n|move|p1b: Pelipper|Tailwind|p1b: Pelipper\n|-sidestart|p1: Pekokik|move: Tailwind\n|move|p2a: Wyrdeer|Body Slam|p1a: Incineroar\n|-damage|p1a: Incineroar|80/100\n|cant|p2b: Kingambit|flinch\n|\n|-weather|RainDance|[upkeep]\n|upkeep\n|turn|2\n|inactive|Pekokik has 30 seconds left.\n|inactive|Pekokik has 20 seconds left.\n|inactive|Pekokik has 15 seconds left.\n|\n|t:|1776368353\n|move|p1b: Pelipper|Hurricane|p2b: Kingambit\n|-resisted|p2b: Kingambit|1\n|-damage|p2b: Kingambit|77/100\n|-start|p2b: Kingambit|confusion\n|move|p1a: Incineroar|Close Combat|p2a: Wyrdeer\n|-damage|p2a: Wyrdeer|73/100\n|-unboost|p1a: Incineroar|def|1\n|-unboost|p1a: Incineroar|spd|1\n|move|p2a: Wyrdeer|Body Slam|p1a: Incineroar\n|-damage|p1a: Incineroar|50/100\n|-enditem|p1a: Incineroar|Sitrus Berry|[eat]\n|-heal|p1a: Incineroar|75/100|[from] item: Sitrus Berry\n|-activate|p2b: Kingambit|confusion\n|move|p2b: Kingambit|Kowtow Cleave|p1b: Pelipper\n|-damage|p1b: Pelipper|12/100\n|\n|-weather|RainDance|[upkeep]\n|upkeep\n|turn|3\n|inactive|Pekokik has 30 seconds left.\n|inactive|ArepadeChorizard has 30 seconds left.\n|inactive|Pekokik has 20 seconds left.\n|inactive|Pekokik has 15 seconds left.\n|inactive|Pekokik has 10 seconds left.\n|inactive|ArepadeChorizard has 20 seconds left.\n|inactive|Pekokik has 5 seconds left.\n|inactive|ArepadeChorizard has 15 seconds left.\n|\n|t:|1776368408\n|move|p1b: Pelipper|Tailwind||[still]\n|-fail|p1b: Pelipper\n|move|p1a: Incineroar|Parting Shot|p2a: Wyrdeer\n|-unboost|p2a: Wyrdeer|atk|1\n|-unboost|p2a: Wyrdeer|spa|1\n|\n|t:|1776368420\n|switch|p1a: Dragonite|Dragonite, L50, M|100/100|[from] Parting Shot\n|move|p2a: Wyrdeer|Body Slam|p1a: Dragonite\n|-damage|p1a: Dragonite|93/100\n|-activate|p2b: Kingambit|confusion\n|move|p2b: Kingambit|Kowtow Cleave|p1b: Pelipper\n|-damage|p1b: Pelipper|0 fnt\n|faint|p1b: Pelipper\n|\n|-weather|RainDance|[upkeep]\n|upkeep\n|\n|t:|1776368430\n|switch|p1b: Incineroar|Incineroar, L50, F|75/100\n|-ability|p1b: Incineroar|Intimidate|boost\n|-unboost|p2a: Wyrdeer|atk|1\n|-unboost|p2b: Kingambit|atk|1\n|-ability|p2b: Kingambit|Defiant|boost\n|-boost|p2b: Kingambit|atk|2\n|turn|4\n|\n|t:|1776368454\n|detailschange|p1a: Dragonite|Dragonite-Mega, L50, M\n|-mega|p1a: Dragonite|Dragonite|Dragoninite\n|-activate|p2b: Kingambit|confusion\n|move|p2b: Kingambit|Protect|p2b: Kingambit\n|-singleturn|p2b: Kingambit|Protect\n|move|p1a: Dragonite|Draco Meteor|p2b: Kingambit\n|-activate|p2b: Kingambit|move: Protect\n|move|p1b: Incineroar|Close Combat|p2b: Kingambit\n|-activate|p2b: Kingambit|move: Protect\n|move|p2a: Wyrdeer|Thunder Wave|p1a: Dragonite\n|-status|p1a: Dragonite|par\n|\n|-weather|RainDance|[upkeep]\n|-sideend|p1: Pekokik|move: Tailwind\n|upkeep\n|turn|5\n|inactive|Pekokik has 30 seconds left.\n|inactive|ArepadeChorizard has 30 seconds left.\n|inactive|ArepadeChorizard has 20 seconds left.\n|inactive|ArepadeChorizard has 15 seconds left.\n|inactive|ArepadeChorizard has 10 seconds left.\n|\n|t:|1776368503\n|switch|p2b: Pelipper|Pelipper, L50, F|100/100\n|move|p1b: Incineroar|Close Combat|p2b: Pelipper\n|-resisted|p2b: Pelipper|1\n|-damage|p2b: Pelipper|77/100\n|-unboost|p1b: Incineroar|def|1\n|-unboost|p1b: Incineroar|spd|1\n|move|p2a: Wyrdeer|Thunder Wave|p1b: Incineroar\n|-status|p1b: Incineroar|par\n|move|p1a: Dragonite|Draco Meteor|p2b: Pelipper\n|-damage|p2b: Pelipper|0 fnt\n|-unboost|p1a: Dragonite|spa|2\n|faint|p2b: Pelipper\n|\n|-weather|none\n|upkeep\n|\n|t:|1776368525\n|switch|p2b: Meganium|Meganium, L50, F|100/100\n|turn|6\n|\n|t:|1776368550\n|switch|p2a: Kingambit|Kingambit, L50, M|77/100\n|detailschange|p2b: Meganium|Meganium-Mega, L50, F\n|-mega|p2b: Meganium|Meganium|Meganiumite\n|move|p2b: Meganium|Dazzling Gleam|p1b: Incineroar|[spread] p1a,p1b\n|-supereffective|p1a: Dragonite|1\n|-damage|p1a: Dragonite|41/100 par\n|-damage|p1b: Incineroar|21/100 par\n|move|p1a: Dragonite|Hurricane|p2b: Meganium\n|-supereffective|p2b: Meganium|1\n|-damage|p2b: Meganium|36/100\n|move|p1b: Incineroar|Parting Shot|p2b: Meganium\n|-unboost|p2b: Meganium|atk|1\n|-unboost|p2b: Meganium|spa|1\n|\n|t:|1776368564\n|switch|p1b: Sinistcha|Sinistcha, L50|100/100|[from] Parting Shot\n|-heal|p1a: Dragonite|66/100 par|[from] ability: Hospitality|[of] p1b: Sinistcha\n|\n|upkeep\n|turn|7\n|\n|t:|1776368579\n|move|p2b: Meganium|Protect|p2b: Meganium\n|-singleturn|p2b: Meganium|Protect\n|move|p1a: Dragonite|Extreme Speed|p2b: Meganium\n|-activate|p2b: Meganium|move: Protect\n|move|p1b: Sinistcha|Matcha Gotcha|p2b: Meganium|[spread] p2a\n|-activate|p2b: Meganium|move: Protect\n|-resisted|p2a: Kingambit|1\n|-damage|p2a: Kingambit|66/100\n|move|p2a: Kingambit|Kowtow Cleave|p1a: Dragonite\n|-damage|p1a: Dragonite|19/100 par\n|\n|upkeep\n|turn|8\n|\n|t:|1776368602\n|move|p1a: Dragonite|Protect|p1a: Dragonite\n|-singleturn|p1a: Dragonite|Protect\n|move|p2b: Meganium|Dazzling Gleam|p1b: Sinistcha|[spread] p1b\n|-activate|p1a: Dragonite|move: Protect\n|-damage|p1b: Sinistcha|79/100\n|move|p1b: Sinistcha|Matcha Gotcha|p2b: Meganium|[spread] p2a,p2b\n|-resisted|p2a: Kingambit|1\n|-resisted|p2b: Meganium|1\n|-damage|p2a: Kingambit|54/100\n|-heal|p1b: Sinistcha|85/100|[from] drain|[of] p2a: Kingambit\n|-damage|p2b: Meganium|24/100\n|-heal|p1b: Sinistcha|90/100|[from] drain|[of] p2b: Meganium\n|move|p2a: Kingambit|Kowtow Cleave|p1b: Sinistcha\n|-supereffective|p1b: Sinistcha|1\n|-damage|p1b: Sinistcha|0 fnt\n|faint|p1b: Sinistcha\n|\n|upkeep\n|\n|t:|1776368621\n|switch|p1b: Incineroar|Incineroar, L50, F|21/100 par\n|-ability|p1b: Incineroar|Intimidate|boost\n|-unboost|p2a: Kingambit|atk|1\n|-ability|p2a: Kingambit|Defiant|boost\n|-boost|p2a: Kingambit|atk|2\n|-unboost|p2b: Meganium|atk|1\n|turn|9\n|\n|t:|1776368634\n|move|p1a: Dragonite|Extreme Speed|p2b: Meganium\n|-damage|p2b: Meganium|5/100\n|move|p2b: Meganium|Dazzling Gleam|p1b: Incineroar|[spread] p1a,p1b\n|-supereffective|p1a: Dragonite|1\n|-damage|p1a: Dragonite|0 fnt\n|-damage|p1b: Incineroar|0 fnt\n|faint|p1a: Dragonite\n|faint|p1b: Incineroar\n|\n|win|ArepadeChorizard\n|raw|Pekokik's rating: 1000 &rarr; <strong>1000</strong><br />(+0 for losing)\n|raw|ArepadeChorizard's rating: 1058 &rarr; <strong>1084</strong><br />(+26 for winning)\n|c|\u2606ArepadeChorizard|Gg\n|l|\u2606Pekokik\n|player|p1|\n",
  "uploadtime": 1776368649,
  "views": 16,
  "formatid": "gen9championsvgc2026regma",
  "rating": 1000,
  "private": 0,
  "password": null
}