{
  "id": "gen9championsvgc2026regma-2587587461",
  "format": "[Gen 9 Champions] VGC 2026 Reg M-A",
  "players": [
    "florestantan",
    "HawaiiCookieCo"
  ],
  "log": "|j|\u2606florestantan\n|j|\u2606HawaiiCookieCo\n|t:|1776544703\n|gametype|doubles\n|player|p1|florestantan|pokemaniac|1074\n|player|p2|HawaiiCookieCo|swimmer-gen4dp|1172\n|gen|9\n|tier|[Gen 9 Champions] VGC 2026 Reg M-A\n|rated|\n|rule|Species Clause: Limit one of each Pok\u00e9mon\n|rule|Item Clause: Limit 1 of each item\n|clearpoke\n|poke|p1|Tinkaton, L50, F|\n|poke|p1|Meowstic, L50, M|\n|poke|p1|Wyrdeer, L50, F|\n|poke|p1|Conkeldurr, L50, F|\n|poke|p1|Reuniclus, L50, M|\n|poke|p1|Aggron, L50, F|\n|poke|p2|Delphox, L50, F|\n|poke|p2|Maushold, L50|\n|poke|p2|Tsareena, L50, F|\n|poke|p2|Basculegion, L50, M|\n|poke|p2|Dragonite, L50, F|\n|poke|p2|Tinkaton, L50, F|\n|teampreview|4\n|inactive|Battle timer is ON: inactive players will automatically lose when time's up. (requested by HawaiiCookieCo)\n|\n|t:|1776544728\n|teamsize|p1|4\n|teamsize|p2|4\n|start\n|switch|p1a: Meowstic|Meowstic, L50, M|100/100\n|switch|p1b: Reuniclus|Reuniclus, L50, M|100/100\n|switch|p2a: Delphox|Delphox, L50, F|100/100\n|switch|p2b: Maushold|Maushold, L50|100/100\n|turn|1\n|inactive|florestantan has 30 seconds left.\n|\n|t:|1776544754\n|switch|p2b: Tsareena|Tsareena, L50, F|100/100\n|move|p1a: Meowstic|Fake Out||[still]\n|cant|p2b: Tsareena|ability: Queenly Majesty|Fake Out|[of] p1a: Meowstic\n|move|p2a: Delphox|Encore|p1a: Meowstic\n|-start|p1a: Meowstic|Encore\n|move|p1b: Reuniclus|Trick Room|p1b: Reuniclus\n|-fieldstart|move: Trick Room|[of] p1b: Reuniclus\n|\n|upkeep\n|turn|2\n|inactive|florestantan has 30 seconds left.\n|\n|t:|1776544780\n|switch|p1a: Conkeldurr|Conkeldurr, L50, F|100/100\n|detailschange|p2a: Delphox|Delphox-Mega, L50, F\n|-mega|p2a: Delphox|Delphox|Delphoxite\n|move|p1b: Reuniclus|Shadow Ball|p2a: Delphox\n|-supereffective|p2a: Delphox|1\n|-damage|p2a: Delphox|45/100\n|move|p2b: Tsareena|Knock Off|p1b: Reuniclus\n|-supereffective|p1b: Reuniclus|1\n|-crit|p1b: Reuniclus\n|-damage|p1b: Reuniclus|0 fnt\n|-enditem|p1b: Reuniclus|Leftovers|[from] move: Knock Off|[of] p2b: Tsareena\n|faint|p1b: Reuniclus\n|move|p2a: Delphox|Heat Wave|p1a: Conkeldurr\n|-damage|p1a: Conkeldurr|35/100\n|\n|upkeep\n|\n|t:|1776544797\n|switch|p1b: Aggron|Aggron, L50, F|100/100\n|turn|3\n|\n|t:|1776544811\n|detailschange|p1b: Aggron|Aggron-Mega, L50, F\n|-mega|p1b: Aggron|Aggron|Aggronite\n|move|p2a: Delphox|Protect|p2a: Delphox\n|-singleturn|p2a: Delphox|Protect\n|move|p1a: Conkeldurr|Knock Off|p2a: Delphox\n|-activate|p2a: Delphox|move: Protect\n|move|p1b: Aggron|Iron Defense|p1b: Aggron\n|-boost|p1b: Aggron|def|2\n|move|p2b: Tsareena|Trop Kick|p1a: Conkeldurr\n|-damage|p1a: Conkeldurr|0 fnt\n|faint|p1a: Conkeldurr\n|\n|upkeep\n|\n|t:|1776544822\n|switch|p1a: Meowstic|Meowstic, L50, M|100/100\n|turn|4\n|\n|t:|1776544838\n|switch|p2a: Basculegion|Basculegion, L50, M|100/100\n|move|p1a: Meowstic|Light Screen|p1a: Meowstic\n|-sidestart|p1: florestantan|move: Light Screen\n|move|p1b: Aggron|Iron Defense|p1b: Aggron\n|-boost|p1b: Aggron|def|2\n|move|p2b: Tsareena|U-turn|p1a: Meowstic\n|-supereffective|p1a: Meowstic|1\n|-damage|p1a: Meowstic|37/100\n|\n|t:|1776544849\n|switch|p2b: Maushold|Maushold, L50|100/100|[from] U-turn\n|\n|upkeep\n|turn|5\n|\n|t:|1776544867\n|move|p2b: Maushold|Protect|p2b: Maushold\n|-singleturn|p2b: Maushold|Protect\n|move|p1a: Meowstic|Reflect|p1a: Meowstic\n|-sidestart|p1: florestantan|Reflect\n|move|p1b: Aggron|Iron Defense|p1b: Aggron\n|-boost|p1b: Aggron|def|2\n|move|p2a: Basculegion|Last Respects|p1a: Meowstic\n|-supereffective|p1a: Meowstic|1\n|-damage|p1a: Meowstic|0 fnt\n|faint|p1a: Meowstic\n|\n|-fieldend|move: Trick Room\n|upkeep\n|turn|6\n|\n|t:|1776544882\n|switch|p2a: Tsareena|Tsareena, L50, F|100/100\n|move|p2b: Maushold|Super Fang|p1b: Aggron\n|-damage|p1b: Aggron|51/100\n|move|p1b: Aggron|Body Press|p2b: Maushold\n|-supereffective|p2b: Maushold|1\n|-damage|p2b: Maushold|0 fnt\n|faint|p2b: Maushold\n|\n|upkeep\n|\n|t:|1776544891\n|switch|p2b: Basculegion|Basculegion, L50, M|100/100\n|turn|7\n|\n|t:|1776544902\n|move|p2b: Basculegion|Last Respects|p1b: Aggron\n|-damage|p1b: Aggron|45/100\n|move|p2a: Tsareena|Trop Kick|p1b: Aggron\n|-resisted|p1b: Aggron|1\n|-damage|p1b: Aggron|42/100\n|-unboost|p1b: Aggron|atk|1\n|move|p1b: Aggron|Body Press|p2a: Tsareena\n|-enditem|p2a: Tsareena|Focus Sash\n|-damage|p2a: Tsareena|1/100\n|\n|upkeep\n|turn|8\n|\n|t:|1776544923\n|move|p2b: Basculegion|Last Respects|p1b: Aggron\n|-damage|p1b: Aggron|36/100\n|move|p2a: Tsareena|Knock Off|p1b: Aggron\n|-damage|p1b: Aggron|34/100\n|move|p1b: Aggron|Body Press|p2a: Tsareena\n|-damage|p2a: Tsareena|0 fnt\n|faint|p2a: Tsareena\n|\n|-sideend|p1: florestantan|move: Light Screen\n|upkeep\n|\n|t:|1776544932\n|switch|p2a: Delphox|Delphox-Mega, L50, F|45/100\n|turn|9\n|\n|t:|1776544936\n|move|p2a: Delphox|Protect|p2a: Delphox\n|-singleturn|p2a: Delphox|Protect\n|move|p2b: Basculegion|Last Respects|p1b: Aggron\n|-damage|p1b: Aggron|26/100\n|move|p1b: Aggron|Body Press|p2a: Delphox\n|-activate|p2a: Delphox|move: Protect\n|\n|-sideend|p1: florestantan|Reflect\n|upkeep\n|turn|10\n|\n|t:|1776544949\n|move|p2b: Basculegion|Last Respects|p1b: Aggron\n|-damage|p1b: Aggron|15/100\n|move|p2a: Delphox|Heat Wave|p1b: Aggron\n|-supereffective|p1b: Aggron|1\n|-damage|p1b: Aggron|0 fnt\n|faint|p1b: Aggron\n|\n|win|HawaiiCookieCo\n|raw|florestantan's rating: 1074 &rarr; <strong>1059</strong><br />(-15 for losing)\n|raw|HawaiiCookieCo's rating: 1172 &rarr; <strong>1190</strong><br />(+18 for winning)\n|l|\u2606florestantan\n|player|p1|\n",
  "uploadtime": 1776544955,
  "views": 16,
  "formatid": "gen9championsvgc2026regma",
  "rating": 1059,
  "private": 0,
  "password": null
}