{
  "id": "gen9championsvgc2026regma-2581263092",
  "format": "[Gen 9 Champions] VGC 2026 Reg M-A",
  "players": [
    "Golurk365",
    "ant_jams"
  ],
  "log": "|j|\u2606Golurk365\n|j|\u2606ant_jams\n|t:|1775978112\n|gametype|doubles\n|player|p1|Golurk365|hugh|1097\n|player|p2|ant_jams|101|1086\n|gen|9\n|tier|[Gen 9 Champions] VGC 2026 Reg M-A\n|rated|\n|rule|Species Clause: Limit one of each Pok\u00e9mon\n|rule|Item Clause: Limit 1 of each item\n|clearpoke\n|poke|p1|Golurk, L50|\n|poke|p1|Farigiraf, L50, M|\n|poke|p1|Incineroar, L50, M|\n|poke|p1|Clefable, L50, F|\n|poke|p1|Arcanine-Hisui, L50, M|\n|poke|p1|Archaludon, L50, F|\n|poke|p2|Whimsicott, L50, M|\n|poke|p2|Zoroark-Hisui, L50, M|\n|poke|p2|Kingambit, L50, F|\n|poke|p2|Kleavor, L50, F|\n|poke|p2|Froslass, L50, F|\n|poke|p2|Oranguru, L50, M|\n|teampreview|4\n|inactive|Battle timer is ON: inactive players will automatically lose when time's up. (requested by ant_jams)\n|inactive|Golurk365 also wants the timer to be on.\n|inactive|Golurk365 has 60 seconds left.\n|inactive|ant_jams has 60 seconds left.\n|\n|t:|1775978161\n|teamsize|p1|4\n|teamsize|p2|4\n|start\n|switch|p1a: Arcanine|Arcanine-Hisui, L50, M|100/100\n|switch|p1b: Incineroar|Incineroar, L50, M|100/100\n|switch|p2a: Froslass|Froslass, L50, F|100/100\n|switch|p2b: Oranguru|Oranguru, L50, M|100/100\n|-ability|p1a: Arcanine|Intimidate|boost\n|-unboost|p2a: Froslass|atk|1\n|-fail|p2b: Oranguru|unboost|Attack|[from] ability: Inner Focus|[of] p2b: Oranguru\n|-ability|p1b: Incineroar|Intimidate|boost\n|-unboost|p2a: Froslass|atk|1\n|-fail|p2b: Oranguru|unboost|Attack|[from] ability: Inner Focus|[of] p2b: Oranguru\n|turn|1\n|inactive|Golurk365 has 30 seconds left.\n|inactive|Golurk365 has 20 seconds left.\n|\n|t:|1775978199\n|move|p1a: Arcanine|Heat Crash|p2a: Froslass\n|-damage|p2a: Froslass|44/100\n|replace|p2a: Zoroark|Zoroark-Hisui, L50, M, shiny\n|-end|p2a: Zoroark|Illusion\n|move|p2a: Zoroark|Bitter Malice|p1a: Arcanine\n|-damage|p1a: Arcanine|51/100\n|-unboost|p1a: Arcanine|atk|1\n|move|p2b: Oranguru|Instruct|p2a: Zoroark\n|-singleturn|p2a: Zoroark|move: Instruct|[of] p2b: Oranguru\n|move|p2a: Zoroark|Bitter Malice|p1a: Arcanine\n|-damage|p1a: Arcanine|0 fnt\n|faint|p1a: Arcanine\n|move|p1b: Incineroar|Parting Shot|p2a: Zoroark\n|-unboost|p2a: Zoroark|atk|1\n|-unboost|p2a: Zoroark|spa|1\n|\n|t:|1775978215\n|switch|p1b: Clefable|Clefable, L50, F|100/100|[from] Parting Shot\n|\n|upkeep\n|\n|t:|1775978222\n|switch|p1a: Incineroar|Incineroar, L50, M|100/100\n|-ability|p1a: Incineroar|Intimidate|boost\n|-unboost|p2a: Zoroark|atk|1\n|-fail|p2b: Oranguru|unboost|Attack|[from] ability: Inner Focus|[of] p2b: Oranguru\n|turn|2\n|inactive|ant_jams has 30 seconds left.\n|\n|t:|1775978250\n|switch|p2b: Kingambit|Kingambit, L50, F, shiny|100/100\n|move|p2a: Zoroark|Taunt|p1b: Clefable\n|-start|p1b: Clefable|move: Taunt\n|move|p1a: Incineroar|Darkest Lariat|p2b: Kingambit\n|-resisted|p2b: Kingambit|1\n|-damage|p2b: Kingambit|86/100\n|move|p1b: Clefable|Moonblast|p2a: Zoroark\n|-damage|p2a: Zoroark|0 fnt\n|faint|p2a: Zoroark\n|\n|upkeep\n|\n|t:|1775978263\n|switch|p2a: Oranguru|Oranguru, L50, M|100/100\n|turn|3\n|inactive|ant_jams has 30 seconds left.\n|\n|t:|1775978289\n|move|p2a: Oranguru|Encore|p1a: Incineroar\n|-start|p1a: Incineroar|Encore\n|move|p1a: Incineroar|Darkest Lariat|p2b: Kingambit\n|-resisted|p2b: Kingambit|1\n|-damage|p2b: Kingambit|72/100\n|move|p1b: Clefable|Moonblast|p2b: Kingambit\n|-damage|p2b: Kingambit|38/100\n|move|p2b: Kingambit|Low Kick|p1a: Incineroar\n|-supereffective|p1a: Incineroar|1\n|-enditem|p1a: Incineroar|Chople Berry|[eat]\n|-enditem|p1a: Incineroar|Chople Berry|[weaken]\n|-damage|p1a: Incineroar|70/100\n|\n|upkeep\n|turn|4\n|inactive|ant_jams has 30 seconds left.\n|inactive|ant_jams has 20 seconds left.\n|inactive|ant_jams has 15 seconds left.\n|inactive|ant_jams has 10 seconds left.\n|\n|t:|1775978339\n|move|p2a: Oranguru|Instruct|p2b: Kingambit\n|-singleturn|p2b: Kingambit|move: Instruct|[of] p2a: Oranguru\n|move|p2b: Kingambit|Low Kick|p1a: Incineroar\n|-supereffective|p1a: Incineroar|1\n|-damage|p1a: Incineroar|12/100\n|move|p1a: Incineroar|Darkest Lariat|p2b: Kingambit\n|-resisted|p2b: Kingambit|1\n|-damage|p2b: Kingambit|25/100\n|move|p1b: Clefable|Moonblast|p2b: Kingambit\n|-damage|p2b: Kingambit|0 fnt\n|faint|p2b: Kingambit\n|\n|-end|p1b: Clefable|move: Taunt\n|upkeep\n|\n|t:|1775978347\n|switch|p2b: Froslass|Froslass, L50, F|100/100\n|turn|5\n|inactive|Golurk365 has 30 seconds left.\n|\n|t:|1775978378\n|detailschange|p2b: Froslass|Froslass-Mega, L50, F\n|-mega|p2b: Froslass|Froslass|Froslassite\n|-weather|Snowscape|[from] ability: Snow Warning|[of] p2b: Froslass\n|move|p2b: Froslass|Blizzard|p1a: Incineroar|[spread] p1a,p1b\n|-resisted|p1a: Incineroar|1\n|-damage|p1a: Incineroar|0 fnt\n|-damage|p1b: Clefable|59/100\n|faint|p1a: Incineroar\n|move|p2a: Oranguru|Taunt|p1b: Clefable\n|-start|p1b: Clefable|move: Taunt\n|move|p1b: Clefable|Moonblast|p2b: Froslass\n|-damage|p2b: Froslass|60/100\n|\n|-weather|Snowscape|[upkeep]\n|upkeep\n|\n|t:|1775978385\n|switch|p1a: Golurk|Golurk, L50|100/100\n|turn|6\n|\n|t:|1775978398\n|detailschange|p1a: Golurk|Golurk-Mega, L50\n|-mega|p1a: Golurk|Golurk|Golurkite\n|move|p2b: Froslass|Chilling Water|p1a: Golurk\n|-supereffective|p1a: Golurk|1\n|-crit|p1a: Golurk\n|-damage|p1a: Golurk|50/100\n|-unboost|p1a: Golurk|atk|1\n|move|p2a: Oranguru|Foul Play|p1a: Golurk\n|-supereffective|p1a: Golurk|1\n|-damage|p1a: Golurk|6/100\n|move|p1b: Clefable|Moonblast|p2b: Froslass\n|-damage|p2b: Froslass|23/100\n|move|p1a: Golurk|Headlong Rush|p2b: Froslass\n|-damage|p2b: Froslass|0 fnt\n|-unboost|p1a: Golurk|def|1\n|-unboost|p1a: Golurk|spd|1\n|faint|p2b: Froslass\n|\n|-weather|Snowscape|[upkeep]\n|upkeep\n|turn|7\n|\n|t:|1775978416\n|move|p2a: Oranguru|Foul Play|p1a: Golurk\n|-supereffective|p1a: Golurk|1\n|-damage|p1a: Golurk|0 fnt\n|faint|p1a: Golurk\n|move|p1b: Clefable|Moonblast|p2a: Oranguru\n|-damage|p2a: Oranguru|76/100\n|-unboost|p2a: Oranguru|spa|1\n|\n|-weather|Snowscape|[upkeep]\n|-heal|p2a: Oranguru|82/100|[from] item: Leftovers\n|-end|p1b: Clefable|move: Taunt\n|upkeep\n|turn|8\n|\n|t:|1775978431\n|move|p2a: Oranguru|Foul Play|p1b: Clefable\n|-resisted|p1b: Clefable|1\n|-damage|p1b: Clefable|51/100\n|move|p1b: Clefable|Moonblast|p2a: Oranguru\n|-damage|p2a: Oranguru|54/100\n|\n|-weather|Snowscape|[upkeep]\n|-heal|p2a: Oranguru|60/100|[from] item: Leftovers\n|upkeep\n|turn|9\n|\n|t:|1775978440\n|move|p2a: Oranguru|Foul Play|p1b: Clefable\n|-resisted|p1b: Clefable|1\n|-damage|p1b: Clefable|43/100\n|move|p1b: Clefable|Moonblast|p2a: Oranguru\n|-damage|p2a: Oranguru|36/100\n|\n|-weather|none\n|-heal|p2a: Oranguru|42/100|[from] item: Leftovers\n|upkeep\n|turn|10\n|\n|t:|1775978448\n|move|p2a: Oranguru|Foul Play|p1b: Clefable\n|-resisted|p1b: Clefable|1\n|-damage|p1b: Clefable|34/100\n|move|p1b: Clefable|Moonblast|p2a: Oranguru\n|-damage|p2a: Oranguru|15/100\n|\n|-heal|p2a: Oranguru|21/100|[from] item: Leftovers\n|upkeep\n|turn|11\n|\n|t:|1775978460\n|move|p2a: Oranguru|Foul Play|p1b: Clefable\n|-resisted|p1b: Clefable|1\n|-damage|p1b: Clefable|25/100\n|move|p1b: Clefable|Moonblast|p2a: Oranguru\n|-damage|p2a: Oranguru|0 fnt\n|faint|p2a: Oranguru\n|\n|win|Golurk365\n|raw|Golurk365's rating: 1097 &rarr; <strong>1122</strong><br />(+25 for winning)\n|raw|ant_jams's rating: 1086 &rarr; <strong>1064</strong><br />(-22 for losing)\n|l|\u2606ant_jams\n|player|p2|\n",
  "uploadtime": 1775978471,
  "views": 10,
  "formatid": "gen9championsvgc2026regma",
  "rating": 1064,
  "private": 0,
  "password": null
}