{
  "id": "gen9championsvgc2026regma-2587364922",
  "format": "[Gen 9 Champions] VGC 2026 Reg M-A",
  "players": [
    "NicholasDousa",
    "trickroom meta"
  ],
  "log": "|j|\u2606NicholasDousa\n|j|\u2606trickroom meta\n|t:|1776525646\n|gametype|doubles\n|player|p1|NicholasDousa|brock|1264\n|player|p2|trickroom meta|1|1363\n|gen|9\n|tier|[Gen 9 Champions] VGC 2026 Reg M-A\n|rated|\n|rule|Species Clause: Limit one of each Pok\u00e9mon\n|rule|Item Clause: Limit 1 of each item\n|clearpoke\n|poke|p1|Aggron, L50, F|\n|poke|p1|Sinistcha, L50|\n|poke|p1|Incineroar, L50, F|\n|poke|p1|Dragonite, L50, F|\n|poke|p1|Basculegion, L50, M|\n|poke|p1|Pelipper, L50, M|\n|poke|p2|Milotic, L50, F|\n|poke|p2|Incineroar, L50, F|\n|poke|p2|Sneasler, L50, M|\n|poke|p2|Sinistcha, L50|\n|poke|p2|Garchomp, L50, M|\n|poke|p2|Aerodactyl, L50, M|\n|teampreview|4\n|inactive|Battle timer is ON: inactive players will automatically lose when time's up. (requested by NicholasDousa)\n|\n|t:|1776525683\n|teamsize|p1|4\n|teamsize|p2|4\n|start\n|switch|p1a: *Title Card*|Aggron, L50, F|100/100\n|switch|p1b: Incineroar|Incineroar, L50, F|100/100\n|switch|p2a: Incineroar|Incineroar, L50, F|100/100\n|switch|p2b: Aerodactyl|Aerodactyl, L50, M|100/100\n|-ability|p2b: Aerodactyl|Unnerve\n|-ability|p1b: Incineroar|Intimidate|boost\n|-unboost|p2a: Incineroar|atk|1\n|-unboost|p2b: Aerodactyl|atk|1\n|-ability|p2a: Incineroar|Intimidate|boost\n|-unboost|p1a: *Title Card*|atk|1\n|-unboost|p1b: Incineroar|atk|1\n|turn|1\n|inactive|trickroom meta has 30 seconds left.\n|\n|t:|1776525713\n|switch|p2b: Milotic|Milotic, L50, F|100/100\n|detailschange|p1a: *Title Card*|Aggron-Mega, L50, F\n|-mega|p1a: *Title Card*|Aggron|Aggronite\n|move|p2a: Incineroar|Fake Out|p1a: *Title Card*\n|-resisted|p1a: *Title Card*|1\n|-damage|p1a: *Title Card*|99/100\n|move|p1b: Incineroar|Parting Shot|p2a: Incineroar\n|-unboost|p2a: Incineroar|atk|1\n|-unboost|p2a: Incineroar|spa|1\n|\n|t:|1776525723\n|switch|p1b: Sinistcha|Sinistcha, L50|100/100|[from] Parting Shot\n|-heal|p1a: *Title Card*|100/100|[from] ability: Hospitality|[of] p1b: Sinistcha\n|cant|p1a: *Title Card*|flinch\n|\n|upkeep\n|turn|2\n|\n|t:|1776525740\n|move|p2b: Milotic|Scald|p1a: *Title Card*\n|-damage|p1a: *Title Card*|71/100\n|move|p2a: Incineroar|Flare Blitz|p1b: Sinistcha\n|-supereffective|p1b: Sinistcha|1\n|-damage|p1b: Sinistcha|62/100\n|-damage|p2a: Incineroar|90/100|[from] Recoil\n|move|p1a: *Title Card*|Iron Defense|p1a: *Title Card*\n|-boost|p1a: *Title Card*|def|2\n|move|p1b: Sinistcha|Trick Room|p1b: Sinistcha\n|-fieldstart|move: Trick Room|[of] p1b: Sinistcha\n|\n|upkeep\n|turn|3\n|\n|t:|1776525761\n|move|p1a: *Title Card*|Body Press|p2a: Incineroar\n|-supereffective|p2a: Incineroar|1\n|-enditem|p2a: Incineroar|Chople Berry|[eat]\n|-enditem|p2a: Incineroar|Chople Berry|[weaken]\n|-damage|p2a: Incineroar|31/100\n|move|p2a: Incineroar|Flare Blitz|p1b: Sinistcha\n|-supereffective|p1b: Sinistcha|1\n|-damage|p1b: Sinistcha|24/100\n|-damage|p2a: Incineroar|20/100|[from] Recoil\n|move|p1b: Sinistcha|Matcha Gotcha|p2a: Incineroar|[spread] p2a\n|-miss|p1b: Sinistcha|p2b: Milotic\n|-resisted|p2a: Incineroar|1\n|-damage|p2a: Incineroar|9/100\n|-heal|p1b: Sinistcha|30/100|[from] drain|[of] p2a: Incineroar\n|move|p2b: Milotic|Scald|p1a: *Title Card*\n|-crit|p1a: *Title Card*\n|-damage|p1a: *Title Card*|25/100\n|\n|upkeep\n|turn|4\n|\n|t:|1776525776\n|move|p1a: *Title Card*|Body Press|p2a: Incineroar\n|-supereffective|p2a: Incineroar|1\n|-damage|p2a: Incineroar|0 fnt\n|faint|p2a: Incineroar\n|move|p1b: Sinistcha|Matcha Gotcha|p2b: Milotic\n|-supereffective|p2b: Milotic|1\n|-damage|p2b: Milotic|52/100\n|-heal|p1b: Sinistcha|58/100|[from] drain|[of] p2b: Milotic\n|move|p2b: Milotic|Scald|p1a: *Title Card*\n|-damage|p1a: *Title Card*|0 fnt\n|faint|p1a: *Title Card*\n|\n|-heal|p2b: Milotic|58/100|[from] item: Leftovers\n|upkeep\n|\n|t:|1776525793\n|switch|p1a: Incineroar|Incineroar, L50, F|100/100\n|switch|p2a: Sneasler|Sneasler, L50, M|100/100\n|-ability|p1a: Incineroar|Intimidate|boost\n|-unboost|p2a: Sneasler|atk|1\n|-unboost|p2b: Milotic|atk|1\n|-ability|p2b: Milotic|Competitive|boost\n|-boost|p2b: Milotic|spa|2\n|-enditem|p2a: Sneasler|White Herb\n|-clearnegativeboost|p2a: Sneasler|[silent]\n|turn|5\n|\n|t:|1776525818\n|move|p1a: Incineroar|Fake Out|p2b: Milotic\n|-damage|p2b: Milotic|49/100\n|move|p1b: Sinistcha|Matcha Gotcha|p2b: Milotic|[spread] p2a,p2b\n|-resisted|p2a: Sneasler|1\n|-supereffective|p2b: Milotic|1\n|-damage|p2a: Sneasler|85/100\n|-heal|p1b: Sinistcha|65/100|[from] drain|[of] p2a: Sneasler\n|-damage|p2b: Milotic|13/100\n|-heal|p1b: Sinistcha|85/100|[from] drain|[of] p2b: Milotic\n|cant|p2b: Milotic|flinch\n|move|p2a: Sneasler|Throat Chop|p1b: Sinistcha\n|-supereffective|p1b: Sinistcha|1\n|-enditem|p1b: Sinistcha|Colbur Berry|[eat]\n|-enditem|p1b: Sinistcha|Colbur Berry|[weaken]\n|-damage|p1b: Sinistcha|61/100\n|-start|p1b: Sinistcha|Throat Chop|[silent]\n|\n|-heal|p2b: Milotic|19/100|[from] item: Leftovers\n|upkeep\n|turn|6\n|inactive|trickroom meta has 30 seconds left.\n|\n|t:|1776525844\n|switch|p1a: Basculegion|Basculegion, L50, M|100/100\n|move|p2b: Milotic|Protect|p2b: Milotic\n|-singleturn|p2b: Milotic|Protect\n|move|p1b: Sinistcha|Matcha Gotcha|p2b: Milotic|[spread] p2a\n|-activate|p2b: Milotic|move: Protect\n|-resisted|p2a: Sneasler|1\n|-damage|p2a: Sneasler|71/100\n|-heal|p1b: Sinistcha|68/100|[from] drain|[of] p2a: Sneasler\n|-status|p2a: Sneasler|brn\n|move|p2a: Sneasler|Dire Claw|p1b: Sinistcha\n|-damage|p1b: Sinistcha|50/100\n|-status|p1b: Sinistcha|par\n|\n|-heal|p2b: Milotic|25/100|[from] item: Leftovers\n|-damage|p2a: Sneasler|65/100 brn|[from] brn\n|-end|p1b: Sinistcha|Throat Chop|[silent]\n|-fieldend|move: Trick Room\n|upkeep\n|turn|7\n|inactive|trickroom meta has 30 seconds left.\n|inactive|NicholasDousa has 30 seconds left.\n|inactive|NicholasDousa has 20 seconds left.\n|inactive|NicholasDousa has 15 seconds left.\n|\n|t:|1776525890\n|switch|p1b: Incineroar|Incineroar, L50, F|100/100\n|-ability|p1b: Incineroar|Intimidate|boost\n|-unboost|p2a: Sneasler|atk|1\n|-unboost|p2b: Milotic|atk|1\n|-ability|p2b: Milotic|Competitive|boost\n|-boost|p2b: Milotic|spa|2\n|move|p2a: Sneasler|Throat Chop|p1b: Incineroar\n|-resisted|p1b: Incineroar|1\n|-damage|p1b: Incineroar|97/100\n|-start|p1b: Incineroar|Throat Chop|[silent]\n|move|p1a: Basculegion|Last Respects|p2b: Milotic\n|-crit|p2b: Milotic\n|-damage|p2b: Milotic|0 fnt\n|faint|p2b: Milotic\n|\n|-damage|p2a: Sneasler|59/100 brn|[from] brn\n|upkeep\n|\n|t:|1776525906\n|switch|p2b: Aerodactyl|Aerodactyl, L50, M|100/100\n|-ability|p2b: Aerodactyl|Unnerve\n|turn|8\n|\n|t:|1776525914\n|move|p2a: Sneasler|Protect|p2a: Sneasler\n|-singleturn|p2a: Sneasler|Protect\n|move|p2b: Aerodactyl|Protect|p2b: Aerodactyl\n|-singleturn|p2b: Aerodactyl|Protect\n|move|p1b: Incineroar|Fake Out|p2b: Aerodactyl\n|-activate|p2b: Aerodactyl|move: Protect\n|move|p1a: Basculegion|Last Respects|p2a: Sneasler\n|-activate|p2a: Sneasler|move: Protect\n|\n|-damage|p2a: Sneasler|53/100 brn|[from] brn\n|-end|p1b: Incineroar|Throat Chop|[silent]\n|upkeep\n|turn|9\n|\n|t:|1776525930\n|detailschange|p2b: Aerodactyl|Aerodactyl-Mega, L50, M\n|-mega|p2b: Aerodactyl|Aerodactyl|Aerodactylite\n|move|p2a: Sneasler|Throat Chop|p1a: Basculegion\n|-supereffective|p1a: Basculegion|1\n|-damage|p1a: Basculegion|76/100\n|-start|p1a: Basculegion|Throat Chop|[silent]\n|move|p2b: Aerodactyl|Dual Wingbeat|p1a: Basculegion\n|-damage|p1a: Basculegion|41/100\n|-crit|p1a: Basculegion\n|-damage|p1a: Basculegion|0 fnt\n|faint|p1a: Basculegion\n|-hitcount|p1: Basculegion|2\n|move|p1b: Incineroar|Flare Blitz|p2a: Sneasler\n|-damage|p2a: Sneasler|0 fnt\n|faint|p2a: Sneasler\n|-damage|p1b: Incineroar|82/100|[from] Recoil\n|\n|upkeep\n|\n|t:|1776525935\n|switch|p1a: Sinistcha|Sinistcha, L50|50/100 par\n|-heal|p1b: Incineroar|100/100|[from] ability: Hospitality|[of] p1a: Sinistcha\n|turn|10\n|\n|t:|1776525952\n|move|p2b: Aerodactyl|Dual Wingbeat|p1a: Sinistcha\n|-supereffective|p1a: Sinistcha|1\n|-damage|p1a: Sinistcha|0 fnt\n|faint|p1a: Sinistcha\n|-hitcount|p1: Sinistcha|1\n|move|p1b: Incineroar|Parting Shot|p2b: Aerodactyl\n|-unboost|p2b: Aerodactyl|atk|1\n|-unboost|p2b: Aerodactyl|spa|1\n|\n|upkeep\n|turn|11\n|\n|t:|1776525961\n|move|p2b: Aerodactyl|Rock Slide|p1b: Incineroar\n|-supereffective|p1b: Incineroar|1\n|-damage|p1b: Incineroar|53/100\n|move|p1b: Incineroar|Flare Blitz|p2b: Aerodactyl\n|-resisted|p2b: Aerodactyl|1\n|-damage|p2b: Aerodactyl|70/100\n|-damage|p1b: Incineroar|45/100|[from] Recoil\n|-enditem|p1b: Incineroar|Sitrus Berry|[eat]\n|-heal|p1b: Incineroar|70/100|[from] item: Sitrus Berry\n|\n|upkeep\n|turn|12\n|\n|t:|1776525971\n|move|p2b: Aerodactyl|Rock Slide|p1b: Incineroar\n|-supereffective|p1b: Incineroar|1\n|-damage|p1b: Incineroar|16/100\n|move|p1b: Incineroar|Flare Blitz|p2b: Aerodactyl\n|-resisted|p2b: Aerodactyl|1\n|-damage|p2b: Aerodactyl|39/100\n|-damage|p1b: Incineroar|8/100|[from] Recoil\n|\n|upkeep\n|turn|13\n|\n|t:|1776525980\n|move|p2b: Aerodactyl|Rock Slide|p1b: Incineroar\n|-supereffective|p1b: Incineroar|1\n|-damage|p1b: Incineroar|0 fnt\n|faint|p1b: Incineroar\n|\n|win|trickroom meta\n|raw|NicholasDousa's rating: 1264 &rarr; <strong>1246</strong><br />(-18 for losing)\n|raw|trickroom meta's rating: 1363 &rarr; <strong>1377</strong><br />(+14 for winning)\n|l|\u2606NicholasDousa\n|player|p1|\n|l|\u2606trickroom meta\n|player|p2|\n|j|\u2606trickroom meta\n|player|p2|trickroom meta|1|\n",
  "uploadtime": 1776526101,
  "views": 27,
  "formatid": "gen9championsvgc2026regma",
  "rating": 1246,
  "private": 0,
  "password": null
}