{
  "id": "gen9championsvgc2026regma-2583880058",
  "format": "[Gen 9 Champions] VGC 2026 Reg M-A",
  "players": [
    "Teior",
    "Nathan Bull AES"
  ],
  "log": "|j|\u2606Teior\n|j|\u2606Nathan Bull AES\n|t:|1776204973\n|gametype|doubles\n|player|p1|Teior|1|1000\n|player|p2|Nathan Bull AES|170|1040\n|gen|9\n|tier|[Gen 9 Champions] VGC 2026 Reg M-A\n|rated|\n|rule|Species Clause: Limit one of each Pok\u00e9mon\n|rule|Item Clause: Limit 1 of each item\n|clearpoke\n|poke|p1|Tinkaton, L50, F|\n|poke|p1|Sableye, L50, F|\n|poke|p1|Altaria, L50, F|\n|poke|p1|Talonflame, L50, F|\n|poke|p1|Gyarados, L50, M|\n|poke|p1|Meowscarada, L50, F|\n|poke|p2|Whimsicott, L50, F|\n|poke|p2|Incineroar, L50, F|\n|poke|p2|Torkoal, L50, F|\n|poke|p2|Klefki, L50, F|\n|poke|p2|Dragonite, L50, M|\n|poke|p2|Venusaur, L50, M|\n|teampreview|4\n|l|\u2606Teior\n|player|p1|\n|j|\u2606Teior\n|player|p1|Teior|1|\n|inactive|Battle timer is ON: inactive players will automatically lose when time's up. (requested by Nathan Bull AES)\nNathan Bull AES has agreed to open team sheets.\n|inactive|Teior has 60 seconds left.\n|\n|t:|1776205028\n|teamsize|p1|4\n|teamsize|p2|4\n|start\n|switch|p1a: Sableye|Sableye, L50, F|100/100\n|switch|p1b: Tinkaton|Tinkaton, L50, F, shiny|100/100\n|switch|p2a: Torkoal|Torkoal, L50, F|100/100\n|switch|p2b: Incineroar|Incineroar, L50, F|100/100\n|-ability|p2b: Incineroar|Intimidate|boost\n|-unboost|p1a: Sableye|atk|1\n|-fail|p1b: Tinkaton|unboost|Attack|[from] ability: Own Tempo|[of] p1b: Tinkaton\n|-weather|SunnyDay|[from] ability: Drought|[of] p2a: Torkoal\n|turn|1\n|inactive|Teior has 30 seconds left.\n|inactive|Teior has 20 seconds left.\n|inactive|Teior has 15 seconds left.\n|\n|t:|1776205071\n|switch|p1b: Altaria|Altaria, L50, F|100/100\n|-ability|p1b: Altaria|Cloud Nine\n|move|p2a: Torkoal|Helping Hand|p2b: Incineroar\n|-singleturn|p2b: Incineroar|Helping Hand|[of] p2a: Torkoal\n|move|p2b: Incineroar|Darkest Lariat|p1a: Sableye\n|-damage|p1a: Sableye|1/100\n|move|p1a: Sableye|Foul Play|p2a: Torkoal\n|-damage|p2a: Torkoal|83/100\n|\n|-weather|SunnyDay|[upkeep]\n|-heal|p2a: Torkoal|90/100|[from] item: Leftovers\n|upkeep\n|turn|2\n|inactive|Teior has 30 seconds left.\n|inactive|Teior has 20 seconds left.\n|inactive|Teior has 15 seconds left.\n|c|\u2606Nathan Bull AES|so close on sableye\n|inactive|Teior has 10 seconds left.\n|\n|t:|1776205116\n|switch|p1a: Talonflame|Talonflame, L50, F|100/100\n|detailschange|p1b: Altaria|Altaria-Mega, L50, F\n|-mega|p1b: Altaria|Altaria|Altarianite\n|move|p1b: Altaria|Draco Meteor|p2a: Torkoal\n|-damage|p2a: Torkoal|0 fnt\n|-unboost|p1b: Altaria|spa|2\n|faint|p2a: Torkoal\n|move|p2b: Incineroar|Parting Shot|p1b: Altaria\n|-unboost|p1b: Altaria|atk|1\n|-unboost|p1b: Altaria|spa|1\n|\n|t:|1776205128\n|switch|p2b: Dragonite|Dragonite, L50, M|100/100|[from] Parting Shot\n|\n|-weather|SunnyDay|[upkeep]\n|upkeep\n|\n|t:|1776205132\n|switch|p2a: Venusaur|Venusaur, L50, M|100/100\n|turn|3\n|\n|t:|1776205151\n|switch|p1b: Tinkaton|Tinkaton, L50, F, shiny|100/100\n|move|p1a: Talonflame|Brave Bird|p2a: Venusaur\n|-supereffective|p2a: Venusaur|1\n|-damage|p2a: Venusaur|0 fnt\n|faint|p2a: Venusaur\n|-damage|p1a: Talonflame|67/100|[from] Recoil\n|move|p2b: Dragonite|Thunderbolt|p1a: Talonflame\n|-supereffective|p1a: Talonflame|1\n|-damage|p1a: Talonflame|0 fnt\n|faint|p1a: Talonflame\n|\n|-weather|SunnyDay|[upkeep]\n|upkeep\n|\n|t:|1776205167\n|switch|p1a: Sableye|Sableye, L50, F|1/100\n|switch|p2a: Incineroar|Incineroar, L50, F|100/100\n|-ability|p2a: Incineroar|Intimidate|boost\n|-unboost|p1a: Sableye|atk|1\n|-fail|p1b: Tinkaton|unboost|Attack|[from] ability: Own Tempo|[of] p1b: Tinkaton\n|turn|4\n|inactive|Teior has 30 seconds left.\n|\n|t:|1776205199\n|move|p1a: Sableye|Swagger|p1b: Tinkaton\n|-boost|p1b: Tinkaton|atk|2\n|-immune|p1b: Tinkaton|confusion|[from] ability: Own Tempo\n|move|p2b: Dragonite|Thunderbolt|p1a: Sableye\n|-damage|p1a: Sableye|0 fnt\n|faint|p1a: Sableye\n|move|p1b: Tinkaton|Gigaton Hammer|p2a: Incineroar\n|-resisted|p2a: Incineroar|1\n|-damage|p2a: Incineroar|40/100\n|-enditem|p2a: Incineroar|Sitrus Berry|[eat]\n|-heal|p2a: Incineroar|65/100|[from] item: Sitrus Berry\n|move|p2a: Incineroar|Parting Shot|p1b: Tinkaton\n|-unboost|p1b: Tinkaton|atk|1\n|-unboost|p1b: Tinkaton|spa|1\n|\n|-weather|SunnyDay|[upkeep]\n|upkeep\n|\n|t:|1776205216\n|switch|p1a: Altaria|Altaria-Mega, L50, F|100/100\n|turn|5\n|inactive|Nathan Bull AES has 30 seconds left.\n|\n|t:|1776205248\n|move|p1a: Altaria|Protect|p1a: Altaria\n|-singleturn|p1a: Altaria|Protect\n|move|p2b: Dragonite|Thunderbolt|p1b: Tinkaton\n|-damage|p1b: Tinkaton|72/100\n|move|p1b: Tinkaton|Play Rough|p2b: Dragonite\n|-supereffective|p2b: Dragonite|1\n|-crit|p2b: Dragonite\n|-damage|p2b: Dragonite|0 fnt\n|faint|p2b: Dragonite\n|move|p2a: Incineroar|Flare Blitz|p1b: Tinkaton\n|-supereffective|p1b: Tinkaton|1\n|-damage|p1b: Tinkaton|0 fnt\n|faint|p1b: Tinkaton\n|-damage|p2a: Incineroar|43/100|[from] Recoil\n|\n|-weather|none\n|upkeep\n|turn|6\n|\n|t:|1776205267\n|move|p1a: Altaria|Draco Meteor|p2a: Incineroar\n|-damage|p2a: Incineroar|0 fnt\n|-unboost|p1a: Altaria|spa|2\n|faint|p2a: Incineroar\n|\n|win|Teior\n|raw|Teior's rating: 1000 &rarr; <strong>1045</strong><br />(+45 for winning)\n|raw|Nathan Bull AES's rating: 1040 &rarr; <strong>1022</strong><br />(-18 for losing)\n",
  "uploadtime": 1776205283,
  "views": 20,
  "formatid": "gen9championsvgc2026regma",
  "rating": 1022,
  "private": 0,
  "password": null
}