{
  "id": "gen9championsvgc2026regma-2585084985",
  "format": "[Gen 9 Champions] VGC 2026 Reg M-A",
  "players": [
    "ThusKindly1Scatter",
    "1%ofGamblers"
  ],
  "log": "|j|\u2606ThusKindly1Scatter\n|j|\u26061%ofGamblers\n|t:|1776310154\n|gametype|doubles\n|player|p1|ThusKindly1Scatter|miku-fairy|1222\n|player|p2|1%ofGamblers|101|1147\n|gen|9\n|tier|[Gen 9 Champions] VGC 2026 Reg M-A\n|rated|\n|rule|Species Clause: Limit one of each Pok\u00e9mon\n|rule|Item Clause: Limit 1 of each item\n|clearpoke\n|poke|p1|Froslass, L50, F|\n|poke|p1|Milotic, L50, F|\n|poke|p1|Whimsicott, L50, M|\n|poke|p1|Incineroar, L50, M|\n|poke|p1|Garchomp, L50, F|\n|poke|p1|Rotom-Frost, L50|\n|poke|p2|Gengar, L50, M|\n|poke|p2|Incineroar, L50, F|\n|poke|p2|Politoed, L50, M|\n|poke|p2|Whimsicott, L50, F|\n|poke|p2|Kangaskhan, L50, F|\n|poke|p2|Farigiraf, L50, M|\n|teampreview|4\n|\n|t:|1776310183\n|teamsize|p1|4\n|teamsize|p2|4\n|start\n|switch|p1a: Froslass|Froslass, L50, F|100/100\n|switch|p1b: Milotic|Milotic, L50, F|100/100\n|switch|p2a: Kangaskhan|Kangaskhan, L50, F|100/100\n|switch|p2b: Gengar|Gengar, L50, M|100/100\n|turn|1\n|\n|t:|1776310197\n|detailschange|p2b: Gengar|Gengar-Mega, L50, M\n|-mega|p2b: Gengar|Gengar|Gengarite\n|move|p1a: Froslass|Protect|p1a: Froslass\n|-singleturn|p1a: Froslass|Protect\n|move|p2a: Kangaskhan|Fake Out|p1a: Froslass\n|-activate|p1a: Froslass|move: Protect\n|move|p2b: Gengar|Perish Song|p2b: Gengar\n|-start|p1a: Froslass|perish3|[silent]\n|-start|p1b: Milotic|perish3|[silent]\n|-start|p2a: Kangaskhan|perish3|[silent]\n|-start|p2b: Gengar|perish3|[silent]\n|-fieldactivate|move: Perish Song\n|move|p1b: Milotic|Icy Wind|p2b: Gengar|[spread] p2a,p2b\n|-damage|p2a: Kangaskhan|84/100\n|-damage|p2b: Gengar|83/100\n|-unboost|p2a: Kangaskhan|spe|1\n|-unboost|p2b: Gengar|spe|1\n|\n|-start|p1a: Froslass|perish3\n|-start|p2b: Gengar|perish3\n|-start|p1b: Milotic|perish3\n|-start|p2a: Kangaskhan|perish3\n|upkeep\n|turn|2\n|\n|t:|1776310230\n|switch|p2a: Incineroar|Incineroar, L50, F|100/100\n|-ability|p2a: Incineroar|Intimidate|boost\n|-unboost|p1a: Froslass|atk|1\n|-unboost|p1b: Milotic|atk|1\n|-ability|p1b: Milotic|Competitive|boost\n|-boost|p1b: Milotic|spa|2\n|detailschange|p1a: Froslass|Froslass-Mega, L50, F\n|-mega|p1a: Froslass|Froslass|Froslassite\n|-weather|Snowscape|[from] ability: Snow Warning|[of] p1a: Froslass\n|move|p2b: Gengar|Protect|p2b: Gengar\n|-singleturn|p2b: Gengar|Protect\n|move|p1a: Froslass|Blizzard|p2b: Gengar|[spread] p2a\n|-activate|p2b: Gengar|move: Protect\n|-resisted|p2a: Incineroar|1\n|-damage|p2a: Incineroar|82/100\n|move|p1b: Milotic|Blizzard|p2a: Incineroar|[spread] p2a\n|-activate|p2b: Gengar|move: Protect\n|-resisted|p2a: Incineroar|1\n|-damage|p2a: Incineroar|62/100\n|\n|-weather|Snowscape|[upkeep]\n|-start|p1a: Froslass|perish2\n|-start|p2b: Gengar|perish2\n|-start|p1b: Milotic|perish2\n|upkeep\n|turn|3\n|\n|t:|1776310264\n|switch|p2b: Politoed|Politoed, L50, M|100/100\n|-weather|RainDance|[from] ability: Drizzle|[of] p2b: Politoed\n|move|p1a: Froslass|Shadow Ball|p2b: Politoed\n|-damage|p2b: Politoed|67/100\n|move|p1b: Milotic|Scald|p2a: Incineroar\n|-supereffective|p2a: Incineroar|1\n|-damage|p2a: Incineroar|0 fnt\n|faint|p2a: Incineroar\n|\n|-weather|RainDance|[upkeep]\n|-heal|p2b: Politoed|73/100|[from] item: Leftovers\n|-start|p1a: Froslass|perish1\n|-start|p1b: Milotic|perish1\n|upkeep\n|\n|t:|1776310280\n|switch|p2a: Gengar|Gengar-Mega, L50, M|83/100\n|turn|4\n|\n|t:|1776310292\n|move|p2a: Gengar|Protect|p2a: Gengar\n|-singleturn|p2a: Gengar|Protect\n|move|p1a: Froslass|Thunderbolt|p2b: Politoed\n|-supereffective|p2b: Politoed|1\n|-damage|p2b: Politoed|26/100\n|move|p1b: Milotic|Scald|p2a: Gengar\n|-activate|p2a: Gengar|move: Protect\n|move|p2b: Politoed|Perish Song|p2b: Politoed\n|-start|p2a: Gengar|perish3|[silent]\n|-start|p2b: Politoed|perish3|[silent]\n|-fieldactivate|move: Perish Song\n|\n|-weather|RainDance|[upkeep]\n|-heal|p2b: Politoed|32/100|[from] item: Leftovers\n|-start|p1a: Froslass|perish0\n|-start|p2a: Gengar|perish3\n|faint|p1a: Froslass\n|-start|p1b: Milotic|perish0\n|-start|p2b: Politoed|perish3\n|faint|p1b: Milotic\n|upkeep\n|\n|t:|1776310308\n|switch|p1a: Whimsicott|Whimsicott, L50, M|100/100\n|switch|p1b: Rotom|Rotom-Frost, L50|100/100\n|turn|5\n|\n|t:|1776310337\n|switch|p2a: Kangaskhan|Kangaskhan, L50, F|84/100\n|move|p2b: Politoed|Protect|p2b: Politoed\n|-singleturn|p2b: Politoed|Protect\n|move|p1a: Whimsicott|Tailwind|p1a: Whimsicott\n|-sidestart|p1: ThusKindly1Scatter|move: Tailwind\n|move|p1b: Rotom|Discharge|p2b: Politoed|[spread] p1a,p2a\n|-activate|p2b: Politoed|move: Protect\n|-resisted|p1a: Whimsicott|1\n|-damage|p1a: Whimsicott|79/100\n|-damage|p2a: Kangaskhan|54/100\n|-status|p1a: Whimsicott|par\n|\n|-weather|RainDance|[upkeep]\n|-heal|p2b: Politoed|39/100|[from] item: Leftovers\n|-start|p2b: Politoed|perish2\n|upkeep\n|turn|6\n|\n|t:|1776310369\n|move|p1a: Whimsicott|Protect|p1a: Whimsicott\n|-singleturn|p1a: Whimsicott|Protect\n|move|p2a: Kangaskhan|Fake Out|p1b: Rotom\n|-crit|p1b: Rotom\n|-damage|p1b: Rotom|60/100\n|cant|p1b: Rotom|flinch\n|move|p2b: Politoed|Perish Song|p2b: Politoed\n|-start|p1a: Whimsicott|perish3|[silent]\n|-start|p1b: Rotom|perish3|[silent]\n|-start|p2a: Kangaskhan|perish3|[silent]\n|-fieldactivate|move: Perish Song\n|\n|-weather|RainDance|[upkeep]\n|-heal|p2b: Politoed|45/100|[from] item: Leftovers\n|-start|p1b: Rotom|perish3\n|-start|p1a: Whimsicott|perish3\n|-start|p2a: Kangaskhan|perish3\n|-start|p2b: Politoed|perish1\n|upkeep\n|turn|7\n|\n|t:|1776310394\n|move|p2a: Kangaskhan|Protect|p2a: Kangaskhan\n|-singleturn|p2a: Kangaskhan|Protect\n|move|p1b: Rotom|Discharge|p2a: Kangaskhan|[spread] p1a,p2b\n|-activate|p2a: Kangaskhan|move: Protect\n|-resisted|p1a: Whimsicott|1\n|-supereffective|p2b: Politoed|1\n|-crit|p2b: Politoed\n|-damage|p1a: Whimsicott|58/100 par\n|-damage|p2b: Politoed|0 fnt\n|faint|p2b: Politoed\n|cant|p1a: Whimsicott|par\n|\n|-weather|none\n|-start|p1b: Rotom|perish2\n|-start|p1a: Whimsicott|perish2\n|-start|p2a: Kangaskhan|perish2\n|upkeep\n|\n|t:|1776310409\n|switch|p2b: Gengar|Gengar-Mega, L50, M|83/100\n|turn|8\n|-message|ThusKindly1Scatter forfeited.\n|\n|win|1%ofGamblers\n|raw|ThusKindly1Scatter's rating: 1222 &rarr; <strong>1192</strong><br />(-30 for losing)\n|raw|1%ofGamblers's rating: 1147 &rarr; <strong>1177</strong><br />(+30 for winning)\n|l|\u2606ThusKindly1Scatter\n|player|p1|\n",
  "uploadtime": 1776310424,
  "views": 38,
  "formatid": "gen9championsvgc2026regma",
  "rating": 1177,
  "private": 0,
  "password": null
}