{
  "id": "gen9championsvgc2026regma-2584858998",
  "format": "[Gen 9 Champions] VGC 2026 Reg M-A",
  "players": [
    "Destrock",
    "gengar0718"
  ],
  "log": "|j|\u2606Destrock\n|j|\u2606gengar0718\n|t:|1776289275\n|gametype|doubles\n|player|p1|Destrock|gentleman-gen4|1268\n|player|p2|gengar0718|sonia-masters|1181\n|gen|9\n|tier|[Gen 9 Champions] VGC 2026 Reg M-A\n|rated|\n|rule|Species Clause: Limit one of each Pok\u00e9mon\n|rule|Item Clause: Limit 1 of each item\n|clearpoke\n|poke|p1|Farigiraf, L50, M|\n|poke|p1|Incineroar, L50, M|\n|poke|p1|Kingambit, L50, F|\n|poke|p1|Hatterene, L50, F|\n|poke|p1|Torkoal, L50, M|\n|poke|p1|Charizard, L50, F|\n|poke|p2|Sneasler, L50, M|\n|poke|p2|Charizard, L50, M|\n|poke|p2|Typhlosion-Hisui, L50, M|\n|poke|p2|Rotom-Wash, L50|\n|poke|p2|Farigiraf, L50, F|\n|poke|p2|Kingambit, L50, F|\n|teampreview|4\ngengar0718 rejected open team sheets.\n|inactive|Battle timer is ON: inactive players will automatically lose when time's up. (requested by gengar0718)\n|\n|t:|1776289296\n|teamsize|p1|4\n|teamsize|p2|4\n|start\n|switch|p1a: Farigiraf|Farigiraf, L50, M|100/100\n|switch|p1b: Incineroar|Incineroar, L50, M|100/100\n|switch|p2a: Typhlosion|Typhlosion-Hisui, L50, M|100/100\n|switch|p2b: Charizard|Charizard, L50, M|100/100\n|-item|p1a: Farigiraf|Sitrus Berry|[from] ability: Frisk|[of] p2a: Typhlosion\n|-item|p1b: Incineroar|Shuca Berry|[from] ability: Frisk|[of] p2a: Typhlosion\n|-ability|p1b: Incineroar|Intimidate|boost\n|-unboost|p2a: Typhlosion|atk|1\n|-unboost|p2b: Charizard|atk|1\n|turn|1\n|\n|t:|1776289320\n|switch|p2b: Rotom|Rotom-Wash, L50|100/100\n|move|p1b: Incineroar|Fake Out|p2b: Rotom\n|-damage|p2b: Rotom|86/100\n|move|p2a: Typhlosion|Eruption|p1a: Farigiraf|[spread] p1a,p1b\n|-resisted|p1b: Incineroar|1\n|-damage|p1a: Farigiraf|55/100\n|-damage|p1b: Incineroar|74/100\n|move|p1a: Farigiraf|Trick Room|p1a: Farigiraf\n|-fieldstart|move: Trick Room|[of] p1a: Farigiraf\n|\n|upkeep\n|turn|2\n|\n|t:|1776289344\n|switch|p1a: Torkoal|Torkoal, L50, M|100/100\n|-weather|SunnyDay|[from] ability: Drought|[of] p1a: Torkoal\n|switch|p2a: Kingambit|Kingambit, L50, F|100/100\n|move|p1b: Incineroar|Darkest Lariat|p2a: Kingambit\n|-resisted|p2a: Kingambit|1\n|-damage|p2a: Kingambit|85/100\n|move|p2b: Rotom|Hydro Pump|p1b: Incineroar|[miss]\n|-miss|p2b: Rotom|p1b: Incineroar\n|\n|-weather|SunnyDay|[upkeep]\n|upkeep\n|turn|3\n|\n|t:|1776289369\n|move|p1a: Torkoal|Eruption|p2a: Kingambit|[spread] p2a,p2b\n|-supereffective|p2a: Kingambit|1\n|-resisted|p2b: Rotom|1\n|-damage|p2a: Kingambit|0 fnt\n|-damage|p2b: Rotom|36/100\n|-enditem|p2b: Rotom|Sitrus Berry|[eat]\n|-heal|p2b: Rotom|61/100|[from] item: Sitrus Berry\n|faint|p2a: Kingambit\n|move|p1b: Incineroar|Close Combat|p2b: Rotom\n|-crit|p2b: Rotom\n|-damage|p2b: Rotom|2/100\n|-unboost|p1b: Incineroar|def|1\n|-unboost|p1b: Incineroar|spd|1\n|move|p2b: Rotom|Hydro Pump|p1b: Incineroar\n|-supereffective|p1b: Incineroar|1\n|-damage|p1b: Incineroar|1/100\n|\n|-weather|SunnyDay|[upkeep]\n|upkeep\n|\n|t:|1776289383\n|switch|p2a: Charizard|Charizard, L50, M|100/100\n|turn|4\n|\n|t:|1776289401\n|detailschange|p2a: Charizard|Charizard-Mega-Y, L50, M\n|-mega|p2a: Charizard|Charizard|Charizardite Y\n|move|p1a: Torkoal|Eruption|p2a: Charizard|[spread] p2a,p2b\n|-resisted|p2a: Charizard|1\n|-resisted|p2b: Rotom|1\n|-damage|p2a: Charizard|61/100\n|-damage|p2b: Rotom|0 fnt\n|faint|p2b: Rotom\n|move|p1b: Incineroar|Darkest Lariat|p2a: Charizard\n|-damage|p2a: Charizard|14/100\n|move|p2a: Charizard|Heat Wave|p1b: Incineroar|[spread] p1a,p1b\n|-resisted|p1a: Torkoal|1\n|-resisted|p1b: Incineroar|1\n|-damage|p1a: Torkoal|58/100\n|-damage|p1b: Incineroar|0 fnt\n|faint|p1b: Incineroar\n|\n|-weather|SunnyDay|[upkeep]\n|upkeep\n|\n|t:|1776289414\n|switch|p1b: Hatterene|Hatterene, L50, F|100/100\n|switch|p2b: Typhlosion|Typhlosion-Hisui, L50, M|100/100\n|-item|p1a: Torkoal|Charcoal|[from] ability: Frisk|[of] p2b: Typhlosion\n|-item|p1b: Hatterene|Fairy Feather|[from] ability: Frisk|[of] p2b: Typhlosion\n|turn|5\n|\n|t:|1776289432\n|move|p2a: Charizard|Protect|p2a: Charizard\n|-singleturn|p2a: Charizard|Protect\n|move|p1a: Torkoal|Eruption|p2b: Typhlosion|[spread] p2b\n|-activate|p2a: Charizard|move: Protect\n|-resisted|p2b: Typhlosion|1\n|-damage|p2b: Typhlosion|68/100\n|move|p1b: Hatterene|Psychic|p2b: Typhlosion\n|-damage|p2b: Typhlosion|0 fnt\n|faint|p2b: Typhlosion\n|\n|-weather|SunnyDay|[upkeep]\n|-fieldend|move: Trick Room\n|upkeep\n|turn|6\n|inactive|gengar0718 has 30 seconds left.\n|-message|gengar0718 forfeited.\n|\n|win|Destrock\n|raw|Destrock's rating: 1268 &rarr; <strong>1287</strong><br />(+19 for winning)\n|raw|gengar0718's rating: 1181 &rarr; <strong>1162</strong><br />(-19 for losing)\n|l|\u2606Destrock\n|player|p1|\n",
  "uploadtime": 1776289484,
  "views": 28,
  "formatid": "gen9championsvgc2026regma",
  "rating": 1162,
  "private": 0,
  "password": null
}