{
  "id": "gen9championsvgc2026regma-2586389966",
  "format": "[Gen 9 Champions] VGC 2026 Reg M-A",
  "players": [
    "Zeedee",
    "Saco04"
  ],
  "log": "|j|\u2606Zeedee\n|j|\u2606Saco04\n|t:|1776431180\n|gametype|doubles\n|player|p1|Zeedee|tulip|1166\n|player|p2|Saco04|wallace|1065\n|gen|9\n|tier|[Gen 9 Champions] VGC 2026 Reg M-A\n|rated|\n|rule|Species Clause: Limit one of each Pok\u00e9mon\n|rule|Item Clause: Limit 1 of each item\n|clearpoke\n|poke|p1|Incineroar, L50, M|\n|poke|p1|Sneasler, L50, M|\n|poke|p1|Aggron, L50, F|\n|poke|p1|Sylveon, L50, F|\n|poke|p1|Rotom-Wash, L50|\n|poke|p1|Sinistcha, L50|\n|poke|p2|Pelipper, L50, M|\n|poke|p2|Milotic, L50, F|\n|poke|p2|Basculegion, L50, M|\n|poke|p2|Sinistcha, L50|\n|poke|p2|Raichu, L50, M|\n|poke|p2|Starmie, L50|\n|teampreview|4\n|inactive|Battle timer is ON: inactive players will automatically lose when time's up. (requested by Saco04)\nSaco04 has agreed to open team sheets.\n|\n|t:|1776431192\n|teamsize|p1|4\n|teamsize|p2|4\n|start\n|switch|p1a: Incineroar|Incineroar, L50, M|100/100\n|switch|p1b: Sylveon|Sylveon, L50, F, shiny|100/100\n|switch|p2a: Peecko|Pelipper, L50, M|100/100\n|switch|p2b: Milotic|Milotic, L50, F, shiny|100/100\n|-ability|p1a: Incineroar|Intimidate|boost\n|-unboost|p2a: Peecko|atk|1\n|-unboost|p2b: Milotic|atk|1\n|-ability|p2b: Milotic|Competitive|boost\n|-boost|p2b: Milotic|spa|2\n|-weather|RainDance|[from] ability: Drizzle|[of] p2a: Peecko\n|turn|1\n|\n|t:|1776431216\n|move|p1a: Incineroar|Fake Out|p2b: Milotic\n|-damage|p2b: Milotic|89/100\n|cant|p2b: Milotic|flinch\n|move|p2a: Peecko|Weather Ball|p1a: Incineroar\n|-supereffective|p1a: Incineroar|1\n|-damage|p1a: Incineroar|0 fnt\n|faint|p1a: Incineroar\n|move|p1b: Sylveon|Calm Mind|p1b: Sylveon\n|-boost|p1b: Sylveon|spa|1\n|-boost|p1b: Sylveon|spd|1\n|\n|-weather|RainDance|[upkeep]\n|-heal|p2b: Milotic|95/100|[from] item: Leftovers\n|upkeep\n|\n|t:|1776431229\n|switch|p1a: Sneasler|Sneasler, L50, M|100/100\n|turn|2\n|\n|t:|1776431238\n|move|p2a: Peecko|Helping Hand|p2b: Milotic\n|-singleturn|p2b: Milotic|Helping Hand|[of] p2a: Peecko\n|move|p1a: Sneasler|Fake Out|p2b: Milotic\n|-damage|p2b: Milotic|78/100\n|cant|p2b: Milotic|flinch\n|move|p1b: Sylveon|Calm Mind|p1b: Sylveon\n|-boost|p1b: Sylveon|spa|1\n|-boost|p1b: Sylveon|spd|1\n|\n|-weather|RainDance|[upkeep]\n|-heal|p2b: Milotic|84/100|[from] item: Leftovers\n|upkeep\n|turn|3\n|\n|t:|1776431253\n|move|p2a: Peecko|Helping Hand|p2b: Milotic\n|-singleturn|p2b: Milotic|Helping Hand|[of] p2a: Peecko\n|move|p1a: Sneasler|Close Combat|p2b: Milotic\n|-damage|p2b: Milotic|15/100\n|-unboost|p1a: Sneasler|def|1\n|-unboost|p1a: Sneasler|spd|1\n|-enditem|p1a: Sneasler|White Herb\n|-clearnegativeboost|p1a: Sneasler|[silent]\n|move|p2b: Milotic|Weather Ball|p1b: Sylveon\n|-damage|p1b: Sylveon|34/100\n|move|p1b: Sylveon|Hyper Voice|p2b: Milotic|[spread] p2a,p2b\n|-enditem|p2a: Peecko|Focus Sash\n|-damage|p2a: Peecko|1/100\n|-damage|p2b: Milotic|0 fnt\n|faint|p2b: Milotic\n|\n|-weather|RainDance|[upkeep]\n|upkeep\n|\n|t:|1776431267\n|switch|p2b: Starmie|Starmie, L50|100/100\n|turn|4\n|\n|t:|1776431272\n|switch|p1a: Sinistcha|Sinistcha, L50|100/100\n|-heal|p1b: Sylveon|59/100|[from] ability: Hospitality|[of] p1a: Sinistcha\n|switch|p2a: Sinistcha|Sinistcha, L50|100/100\n|detailschange|p2b: Starmie|Starmie-Mega, L50\n|-mega|p2b: Starmie|Starmie|Starminite\n|move|p1b: Sylveon|Protect|p1b: Sylveon\n|-singleturn|p1b: Sylveon|Protect\n|move|p2b: Starmie|Aqua Jet|p1b: Sylveon\n|-activate|p1b: Sylveon|move: Protect\n|\n|-weather|RainDance|[upkeep]\n|upkeep\n|turn|5\n|\n|t:|1776431286\n|move|p1a: Sinistcha|Rage Powder|p1a: Sinistcha\n|-singleturn|p1a: Sinistcha|move: Rage Powder\n|move|p2a: Sinistcha|Rage Powder|p2a: Sinistcha\n|-singleturn|p2a: Sinistcha|move: Rage Powder\n|move|p2b: Starmie|Liquidation|p1a: Sinistcha\n|-resisted|p1a: Sinistcha|1\n|-damage|p1a: Sinistcha|52/100\n|-unboost|p1a: Sinistcha|def|1\n|move|p1b: Sylveon|Hyper Voice|p2b: Starmie|[spread] p2a,p2b\n|-damage|p2a: Sinistcha|0 fnt\n|-damage|p2b: Starmie|0 fnt\n|faint|p2a: Sinistcha\n|faint|p2b: Starmie\n|\n|-weather|none\n|-heal|p1a: Sinistcha|58/100|[from] item: Leftovers\n|upkeep\n|inactive|Saco04 has 30 seconds left.\n|inactive|Saco04 has 20 seconds left.\n|-message|Saco04 forfeited.\n|\n|win|Zeedee\n|raw|Zeedee's rating: 1166 &rarr; <strong>1184</strong><br />(+18 for winning)\n|raw|Saco04's rating: 1065 &rarr; <strong>1051</strong><br />(-14 for losing)\n|l|\u2606Saco04\n|player|p2|\n",
  "uploadtime": 1776431362,
  "views": 22,
  "formatid": "gen9championsvgc2026regma",
  "rating": 1051,
  "private": 0,
  "password": null
}