{
  "id": "gen9championsvgc2026regma-2586547391",
  "format": "[Gen 9 Champions] VGC 2026 Reg M-A",
  "players": [
    "FORGEVGC",
    "trashgarbage"
  ],
  "log": "|j|\u2606FORGEVGC\n|j|\u2606trashgarbage\n|t:|1776442182\n|gametype|doubles\n|player|p1|FORGEVGC|red|1106\n|player|p2|trashgarbage|1|1169\n|gen|9\n|tier|[Gen 9 Champions] VGC 2026 Reg M-A\n|rated|\n|rule|Species Clause: Limit one of each Pok\u00e9mon\n|rule|Item Clause: Limit 1 of each item\n|clearpoke\n|poke|p1|Gengar, L50, M|\n|poke|p1|Sinistcha, L50|\n|poke|p1|Incineroar, L50, F|\n|poke|p1|Kommo-o, L50, M|\n|poke|p1|Primarina, L50, F|\n|poke|p1|Politoed, L50, M|\n|poke|p2|Delphox, L50, F|\n|poke|p2|Kommo-o, L50, F|\n|poke|p2|Sableye, L50, F|\n|poke|p2|Milotic, L50, M|\n|poke|p2|Excadrill, L50, M|\n|poke|p2|Espathra, L50, F|\n|teampreview|4\nFORGEVGC rejected open team sheets.\n|\n|t:|1776442202\n|teamsize|p1|4\n|teamsize|p2|4\n|start\n|switch|p1a: Gengar|Gengar, L50, M|100/100\n|switch|p1b: Kommo-o|Kommo-o, L50, M|100/100\n|switch|p2a: Sableye|Sableye, L50, F|100/100\n|switch|p2b: Espathra|Espathra, L50, F|100/100\n|turn|1\n|\n|t:|1776442229\n|detailschange|p1a: Gengar|Gengar-Mega, L50, M\n|-mega|p1a: Gengar|Gengar|Gengarite\n|move|p2b: Espathra|Protect|p2b: Espathra\n|-singleturn|p2b: Espathra|Protect\n|move|p2a: Sableye|Fake Out|p1b: Kommo-o\n|-damage|p1b: Kommo-o|95/100\n|move|p1a: Gengar|Shadow Ball|p2b: Espathra\n|-activate|p2b: Espathra|move: Protect\n|cant|p1b: Kommo-o|flinch\n|\n|-ability|p2b: Espathra|Speed Boost|boost\n|-boost|p2b: Espathra|spe|1\n|upkeep\n|turn|2\n|\n|t:|1776442245\n|move|p2a: Sableye|Gravity|p2a: Sableye\n|-fieldstart|move: Gravity\n|move|p2b: Espathra|Hypnosis|p1a: Gengar\n|-status|p1a: Gengar|slp|[from] move: Hypnosis\n|cant|p1a: Gengar|slp\n|move|p1b: Kommo-o|Clanging Scales|p2b: Espathra|[spread] p2a,p2b\n|-damage|p2a: Sableye|37/100\n|-damage|p2b: Espathra|49/100\n|-unboost|p1b: Kommo-o|def|1\n|\n|-ability|p2b: Espathra|Speed Boost|boost\n|-boost|p2b: Espathra|spe|1\n|upkeep\n|turn|3\n|\n|t:|1776442262\n|move|p2a: Sableye|Sunny Day|p2a: Sableye\n|-weather|SunnyDay\n|move|p2b: Espathra|Psychic Terrain|p2b: Espathra\n|-fieldstart|move: Psychic Terrain\n|-curestatus|p1a: Gengar|slp|[msg]\n|move|p1a: Gengar|Perish Song|p1a: Gengar\n|-start|p1a: Gengar|perish3|[silent]\n|-immune|p1b: Kommo-o|[from] ability: Soundproof\n|-start|p2a: Sableye|perish3|[silent]\n|-start|p2b: Espathra|perish3|[silent]\n|-fieldactivate|move: Perish Song\n|move|p1b: Kommo-o|Clanging Scales|p2b: Espathra|[spread] p2a,p2b\n|-damage|p2a: Sableye|0 fnt\n|-damage|p2b: Espathra|0 fnt\n|faint|p2a: Sableye\n|faint|p2b: Espathra\n|-unboost|p1b: Kommo-o|def|1\n|\n|-weather|SunnyDay|[upkeep]\n|-start|p1a: Gengar|perish3\n|upkeep\n|\n|t:|1776442275\n|switch|p2b: Milotic|Milotic, L50, M|100/100\n|switch|p2a: Delphox|Delphox, L50, F|100/100\n|turn|4\n|\n|t:|1776442297\n|detailschange|p2a: Delphox|Delphox-Mega, L50, F\n|-mega|p2a: Delphox|Delphox|Delphoxite\n|move|p2a: Delphox|Expanding Force|p1b: Kommo-o|[spread] p1a,p1b\n|-supereffective|p1a: Gengar|1\n|-supereffective|p1b: Kommo-o|1\n|-damage|p1a: Gengar|0 fnt\n|-damage|p1b: Kommo-o|0 fnt\n|faint|p1a: Gengar\n|faint|p1b: Kommo-o\n|move|p2b: Milotic|Scald|p1: Gengar|[notarget]\n|-fail|p2b: Milotic\n|\n|-weather|SunnyDay|[upkeep]\n|upkeep\n|\n|t:|1776442307\n|switch|p1a: Sinistcha|Sinistcha, L50|100/100\n|switch|p1b: Incineroar|Incineroar, L50, F|100/100\n|-ability|p1b: Incineroar|Intimidate|boost\n|-unboost|p2a: Delphox|atk|1\n|-unboost|p2b: Milotic|atk|1\n|-ability|p2b: Milotic|Competitive|boost\n|-boost|p2b: Milotic|spa|2\n|turn|5\n|-message|FORGEVGC forfeited.\n|\n|win|trashgarbage\n|raw|FORGEVGC's rating: 1106 &rarr; <strong>1085</strong><br />(-21 for losing)\n|raw|trashgarbage's rating: 1169 &rarr; <strong>1190</strong><br />(+21 for winning)\n|l|\u2606FORGEVGC\n|player|p1|\n",
  "uploadtime": 1776442333,
  "views": 17,
  "formatid": "gen9championsvgc2026regma",
  "rating": 1085,
  "private": 0,
  "password": null
}