{
  "id": "gen9championsvgc2026regma-2587895095",
  "format": "[Gen 9 Champions] VGC 2026 Reg M-A",
  "players": [
    "shangenb",
    "suc vat vk"
  ],
  "log": "|j|\u2606shangenb\n|j|\u2606suc vat vk\n|t:|1776575787\n|gametype|doubles\n|player|p1|shangenb|169|1313\n|player|p2|suc vat vk|kimonogirl|1289\n|gen|9\n|tier|[Gen 9 Champions] VGC 2026 Reg M-A\n|rated|\n|rule|Species Clause: Limit one of each Pok\u00e9mon\n|rule|Item Clause: Limit 1 of each item\n|clearpoke\n|poke|p1|Floette-Eternal, L50, F|\n|poke|p1|Garchomp, L50, M|\n|poke|p1|Sneasler, L50, F|\n|poke|p1|Basculegion-F, L50, F|\n|poke|p1|Aerodactyl, L50, F|\n|poke|p1|Incineroar, L50, F|\n|poke|p2|Charizard, L50, M, shiny|\n|poke|p2|Whimsicott, L50, F, shiny|\n|poke|p2|Garchomp, L50, F, shiny|\n|poke|p2|Incineroar, L50, M, shiny|\n|poke|p2|Sneasler, L50, M, shiny|\n|poke|p2|Aegislash, L50, M|\n|teampreview|4\n|inactive|Battle timer is ON: inactive players will automatically lose when time's up. (requested by shangenb)\n|\n|t:|1776575816\n|teamsize|p1|4\n|teamsize|p2|4\n|start\n|switch|p1a: Sneasler|Sneasler, L50, F|100/100\n|switch|p1b: Aerodactyl|Aerodactyl, L50, F|100/100\n|switch|p2a: Incineroar|Incineroar, L50, M, shiny|100/100\n|switch|p2b: Charizard|Charizard, L50, M, shiny|100/100\n|-ability|p1b: Aerodactyl|Unnerve\n|-ability|p2a: Incineroar|Intimidate|boost\n|-unboost|p1a: Sneasler|atk|1\n|-unboost|p1b: Aerodactyl|atk|1\n|-enditem|p1a: Sneasler|White Herb\n|-clearnegativeboost|p1a: Sneasler|[silent]\n|turn|1\n|inactive|shangenb has 30 seconds left.\n|\n|t:|1776575842\n|detailschange|p2b: Charizard|Charizard-Mega-Y, L50, M, shiny\n|-mega|p2b: Charizard|Charizard|Charizardite Y\n|-weather|SunnyDay|[from] ability: Drought|[of] p2b: Charizard\n|move|p1a: Sneasler|Fake Out|p2a: Incineroar\n|-damage|p2a: Incineroar|88/100\n|cant|p2a: Incineroar|flinch\n|move|p1b: Aerodactyl|Rock Slide|p2a: Incineroar|[spread] p2a,p2b\n|-supereffective|p2a: Incineroar|1\n|-supereffective|p2b: Charizard|2\n|-damage|p2a: Incineroar|58/100\n|-damage|p2b: Charizard|6/100\n|move|p2b: Charizard|Heat Wave|p1b: Aerodactyl|[spread] p1a,p1b\n|-resisted|p1b: Aerodactyl|1\n|-damage|p1a: Sneasler|7/100\n|-damage|p1b: Aerodactyl|50/100\n|-status|p1b: Aerodactyl|brn\n|\n|-weather|SunnyDay|[upkeep]\n|-damage|p1b: Aerodactyl|44/100 brn|[from] brn\n|upkeep\n|turn|2\n|\n|t:|1776575863\n|move|p2b: Charizard|Protect|p2b: Charizard\n|-singleturn|p2b: Charizard|Protect\n|move|p1a: Sneasler|Close Combat|p2a: Incineroar\n|-supereffective|p2a: Incineroar|1\n|-damage|p2a: Incineroar|0 fnt\n|-unboost|p1a: Sneasler|def|1\n|-unboost|p1a: Sneasler|spd|1\n|faint|p2a: Incineroar\n|move|p1b: Aerodactyl|Rock Slide|p2b: Charizard\n|-activate|p2b: Charizard|move: Protect\n|\n|-weather|SunnyDay|[upkeep]\n|-damage|p1b: Aerodactyl|38/100 brn|[from] brn\n|upkeep\n|\n|t:|1776575871\n|switch|p2a: Garchomp|Garchomp, L50, F, shiny|100/100\n|turn|3\n|\n|t:|1776575883\n|switch|p2b: Sneasler|Sneasler, L50, M, shiny|100/100\n|move|p1a: Sneasler|Dire Claw|p2b: Sneasler\n|-resisted|p2b: Sneasler|1\n|-damage|p2b: Sneasler|68/100\n|move|p2a: Garchomp|Rock Slide|p1b: Aerodactyl|[spread] p1a,p1b\n|-resisted|p1a: Sneasler|1\n|-supereffective|p1b: Aerodactyl|1\n|-damage|p1a: Sneasler|0 fnt\n|-damage|p1b: Aerodactyl|0 fnt\n|faint|p1a: Sneasler\n|faint|p1b: Aerodactyl\n|\n|-weather|SunnyDay|[upkeep]\n|upkeep\n|\n|t:|1776575898\n|switch|p1b: Garchomp|Garchomp, L50, M|100/100\n|switch|p1a: Floette|Floette-Eternal, L50, F|100/100\n|turn|4\n|\n|t:|1776575907\n|switch|p2a: Charizard|Charizard-Mega-Y, L50, M, shiny|6/100\n|move|p1a: Floette|Protect|p1a: Floette\n|-singleturn|p1a: Floette|Protect\n|move|p2b: Sneasler|Fake Out|p1a: Floette\n|-activate|p1a: Floette|move: Protect\n|move|p1b: Garchomp|Earthquake|p2a: Charizard|[spread] p2b\n|-activate|p1a: Floette|move: Protect\n|-immune|p2a: Charizard\n|-supereffective|p2b: Sneasler|1\n|-damage|p2b: Sneasler|0 fnt\n|faint|p2b: Sneasler\n|\n|-weather|SunnyDay|[upkeep]\n|upkeep\n|\n|t:|1776575911\n|switch|p2b: Garchomp|Garchomp, L50, F, shiny|100/100\n|turn|5\n|inactive|shangenb has 30 seconds left.\n|\n|t:|1776575940\n|detailschange|p1a: Floette|Floette-Mega, L50, F\n|-mega|p1a: Floette|Floette|Floettite\n|-ability|p1a: Floette|Fairy Aura\n|move|p2b: Garchomp|Earthquake|p1a: Floette|[spread] p1a,p1b\n|-immune|p2a: Charizard\n|-damage|p1a: Floette|51/100\n|-damage|p1b: Garchomp|60/100\n|move|p1b: Garchomp|Rock Slide|p2b: Garchomp|[spread] p2a,p2b\n|-supereffective|p2a: Charizard|2\n|-resisted|p2b: Garchomp|1\n|-damage|p2a: Charizard|0 fnt\n|-damage|p2b: Garchomp|90/100\n|faint|p2a: Charizard\n|move|p1a: Floette|Dazzling Gleam|p2b: Garchomp\n|-supereffective|p2b: Garchomp|1\n|-damage|p2b: Garchomp|0 fnt\n|faint|p2b: Garchomp\n|\n|win|shangenb\n|raw|shangenb's rating: 1313 &rarr; <strong>1332</strong><br />(+19 for winning)\n|raw|suc vat vk's rating: 1289 &rarr; <strong>1266</strong><br />(-23 for losing)\n|l|\u2606suc vat vk\n|player|p2|\n",
  "uploadtime": 1776575957,
  "views": 22,
  "formatid": "gen9championsvgc2026regma",
  "rating": 1266,
  "private": 0,
  "password": null
}