{
  "id": "gen9championsvgc2026regma-2585180394",
  "format": "[Gen 9 Champions] VGC 2026 Reg M-A",
  "players": [
    "Prohxy",
    "omgolisusername"
  ],
  "log": "|j|\u2606Prohxy\n|j|\u2606omgolisusername\n|t:|1776321791\n|gametype|doubles\n|player|p1|Prohxy|lorelei-lgpe|1099\n|player|p2|omgolisusername|fisherman-gen4|1046\n|gen|9\n|tier|[Gen 9 Champions] VGC 2026 Reg M-A\n|rated|\n|rule|Species Clause: Limit one of each Pok\u00e9mon\n|rule|Item Clause: Limit 1 of each item\n|clearpoke\n|poke|p1|Excadrill, L50, M|\n|poke|p1|Tauros-Paldea-Aqua, L50, M|\n|poke|p1|Goodra, L50, M|\n|poke|p1|Politoed, L50, F|\n|poke|p1|Altaria, L50, M|\n|poke|p1|Tsareena, L50, F|\n|poke|p2|Gallade, L50, M|\n|poke|p2|Whimsicott, L50, F|\n|poke|p2|Pelipper, L50, F|\n|poke|p2|Basculegion, L50, M|\n|poke|p2|Rotom-Wash, L50|\n|poke|p2|Garchomp, L50, F|\n|teampreview|4\n|inactive|Battle timer is ON: inactive players will automatically lose when time's up. (requested by Prohxy)\n|j| Kyxcs\nProhxy rejected open team sheets.\n|inactive|Prohxy has 60 seconds left.\n|\n|t:|1776321842\n|teamsize|p1|4\n|teamsize|p2|4\n|start\n|switch|p1a: Altaria|Altaria, L50, M, shiny|100/100\n|switch|p1b: Tsareena|Tsareena, L50, F, shiny|100/100\n|switch|p2a: Gallade|Gallade, L50, M|100/100\n|switch|p2b: Whimsicott|Whimsicott, L50, F|100/100\n|-ability|p1a: Altaria|Cloud Nine\n|turn|1\n|inactive|Prohxy has 30 seconds left.\n|l| Kyxcs\n|\n|t:|1776321871\n|detailschange|p2a: Gallade|Gallade-Mega, L50, M\n|-mega|p2a: Gallade|Gallade|Galladite\n|detailschange|p1a: Altaria|Altaria-Mega, L50, M, shiny\n|-mega|p1a: Altaria|Altaria|Altarianite\n|move|p2b: Whimsicott|Tailwind|p2b: Whimsicott\n|-sidestart|p2: omgolisusername|move: Tailwind\n|move|p2a: Gallade|Ice Punch|p1a: Altaria\n|-supereffective|p1a: Altaria|1\n|-damage|p1a: Altaria|34/100\n|move|p1a: Altaria|Tailwind|p1a: Altaria\n|-sidestart|p1: Prohxy|move: Tailwind\n|move|p1b: Tsareena|Trop Kick|p2a: Gallade\n|-damage|p2a: Gallade|45/100\n|-unboost|p2a: Gallade|atk|1\n|\n|upkeep\n|turn|2\n|inactive|Prohxy has 30 seconds left.\n|inactive|omgolisusername has 30 seconds left.\n|inactive|Prohxy has 20 seconds left.\n|inactive|Prohxy has 15 seconds left.\n|\n|t:|1776321915\n|switch|p1a: Tauros|Tauros-Paldea-Aqua, L50, M, shiny|100/100\n|move|p2b: Whimsicott|Encore||[still]\n|cant|p1b: Tsareena|ability: Queenly Majesty|Encore|[of] p2b: Whimsicott\n|move|p2a: Gallade|Ice Punch|p1b: Tsareena\n|-supereffective|p1b: Tsareena|1\n|-damage|p1b: Tsareena|63/100\n|move|p1b: Tsareena|U-turn|p2b: Whimsicott\n|-damage|p2b: Whimsicott|78/100\n|\n|t:|1776321929\n|switch|p1b: Altaria|Altaria-Mega, L50, M, shiny|34/100|[from] U-turn\n|\n|upkeep\n|turn|3\n|\n|t:|1776321946\n|switch|p2a: Basculegion|Basculegion, L50, M|100/100\n|switch|p2b: Rotom|Rotom-Wash, L50|100/100\n|move|p1a: Tauros|Iron Head|p2b: Rotom\n|-resisted|p2b: Rotom|2\n|-crit|p2b: Rotom\n|-damage|p2b: Rotom|87/100\n|move|p1b: Altaria|Hyper Voice|p2b: Rotom|[spread] p2a,p2b\n|-damage|p2a: Basculegion|56/100\n|-damage|p2b: Rotom|28/100\n|\n|upkeep\n|turn|4\n|inactive|Prohxy has 30 seconds left.\n|inactive|omgolisusername has 30 seconds left.\n|\n|t:|1776321979\n|switch|p1b: Tsareena|Tsareena, L50, F, shiny|63/100\n|move|p1a: Tauros|Iron Head|p2a: Basculegion\n|-resisted|p2a: Basculegion|1\n|-damage|p2a: Basculegion|39/100\n|move|p2b: Rotom|Discharge|p1b: Tsareena|[spread] p2a,p1a,p1b\n|-supereffective|p2a: Basculegion|1\n|-supereffective|p1a: Tauros|1\n|-resisted|p1b: Tsareena|1\n|-damage|p2a: Basculegion|0 fnt\n|-damage|p1a: Tauros|11/100\n|-damage|p1b: Tsareena|47/100\n|-status|p1a: Tauros|par\n|faint|p2a: Basculegion\n|\n|-sideend|p1: Prohxy|move: Tailwind\n|-sideend|p2: omgolisusername|move: Tailwind\n|upkeep\n|\n|t:|1776321996\n|switch|p2a: Whimsicott|Whimsicott, L50, F|78/100\n|turn|5\n|\n|t:|1776322009\n|move|p2a: Whimsicott|Tailwind|p2a: Whimsicott\n|-sidestart|p2: omgolisusername|move: Tailwind\n|move|p2b: Rotom|Discharge|p1b: Tsareena|[spread] p2a,p1a,p1b\n|-resisted|p2a: Whimsicott|1\n|-supereffective|p1a: Tauros|1\n|-resisted|p1b: Tsareena|1\n|-damage|p2a: Whimsicott|57/100\n|-damage|p1a: Tauros|0 fnt\n|-damage|p1b: Tsareena|32/100\n|faint|p1a: Tauros\n|move|p1b: Tsareena|Trop Kick|p2b: Rotom\n|-supereffective|p2b: Rotom|1\n|-damage|p2b: Rotom|0 fnt\n|faint|p2b: Rotom\n|\n|upkeep\n|\n|t:|1776322022\n|switch|p1a: Excadrill|Excadrill, L50, M, shiny|100/100\n|switch|p2b: Gallade|Gallade-Mega, L50, M|45/100\n|-ability|p1a: Excadrill|Mold Breaker\n|turn|6\n|inactive|Prohxy has 30 seconds left.\n|inactive|omgolisusername has 30 seconds left.\n|inactive|Prohxy has 20 seconds left.\n|inactive|Prohxy has 15 seconds left.\n|inactive|omgolisusername has 20 seconds left.\n|inactive|Prohxy has 10 seconds left.\n|\n|t:|1776322067\n|move|p2a: Whimsicott|Taunt||[still]\n|cant|p1b: Tsareena|ability: Queenly Majesty|Taunt|[of] p2a: Whimsicott\n|move|p2b: Gallade|Ice Punch|p1b: Tsareena\n|-supereffective|p1b: Tsareena|1\n|-damage|p1b: Tsareena|0 fnt\n|faint|p1b: Tsareena\n|move|p1a: Excadrill|Iron Head|p2a: Whimsicott\n|-supereffective|p2a: Whimsicott|1\n|-damage|p2a: Whimsicott|0 fnt\n|faint|p2a: Whimsicott\n|\n|upkeep\n|\n|t:|1776322077\n|switch|p1b: Altaria|Altaria-Mega, L50, M, shiny|34/100\n|turn|7\n|\n|t:|1776322100\n|move|p2b: Gallade|Close Combat|p1a: Excadrill\n|-supereffective|p1a: Excadrill|1\n|-enditem|p1a: Excadrill|Focus Sash\n|-damage|p1a: Excadrill|1/100\n|-unboost|p2b: Gallade|def|1\n|-unboost|p2b: Gallade|spd|1\n|move|p1a: Excadrill|Iron Head|p2b: Gallade\n|-damage|p2b: Gallade|0 fnt\n|faint|p2b: Gallade\n|\n|win|Prohxy\n|raw|Prohxy's rating: 1099 &rarr; <strong>1120</strong><br />(+21 for winning)\n|raw|omgolisusername's rating: 1046 &rarr; <strong>1032</strong><br />(-14 for losing)\n|l|\u2606omgolisusername\n|player|p2|\n",
  "uploadtime": 1776322117,
  "views": 17,
  "formatid": "gen9championsvgc2026regma",
  "rating": 1032,
  "private": 0,
  "password": null
}