{
  "id": "gen9championsvgc2026regma-2585831493",
  "format": "[Gen 9 Champions] VGC 2026 Reg M-A",
  "players": [
    "Lofus553",
    "XxSlayer717xX"
  ],
  "log": "|j|\u2606Lofus553\n|j|\u203dXxSlayer717xX\n|t:|1776373924\n|gametype|doubles\n|player|p1|Lofus553|170|1049\n|player|p2|XxSlayer717xX|102|1000\n|gen|9\n|tier|[Gen 9 Champions] VGC 2026 Reg M-A\n|rated|\n|rule|Species Clause: Limit one of each Pok\u00e9mon\n|rule|Item Clause: Limit 1 of each item\n|clearpoke\n|poke|p1|Sinistcha, L50|\n|poke|p1|Gengar, L50, F|\n|poke|p1|Whimsicott, L50, M|\n|poke|p1|Dragonite, L50, F|\n|poke|p1|Blastoise, L50, M|\n|poke|p1|Gardevoir, L50, M|\n|poke|p2|Starmie, L50|\n|poke|p2|Incineroar, L50, M|\n|poke|p2|Tyranitar, L50, M|\n|poke|p2|Farigiraf, L50, F|\n|poke|p2|Cofagrigus, L50, M|\n|poke|p2|Empoleon, L50, F|\n|teampreview|4\n|\n|t:|1776373961\n|teamsize|p1|4\n|teamsize|p2|4\n|start\n|switch|p1a: Gengar|Gengar, L50, F|100/100\n|switch|p1b: Gardevoir|Gardevoir, L50, M|100/100\n|switch|p2a: Starmie|Starmie, L50|100/100\n|switch|p2b: Cofagrigus|Cofagrigus, L50, M|100/100\n|-ability|p1b: Gardevoir|Illuminate|Trace|[from] ability: Trace|[of] p2a: Starmie\n|turn|1\n|\n|t:|1776373984\n|detailschange|p2a: Starmie|Starmie-Mega, L50\n|-mega|p2a: Starmie|Starmie|Starminite\n|move|p1b: Gardevoir|Moonblast|p2a: Starmie\n|-damage|p2a: Starmie|32/100\n|move|p2a: Starmie|Liquidation|p1a: Gengar\n|-enditem|p1a: Gengar|Focus Sash\n|-damage|p1a: Gengar|1/100\n|move|p1a: Gengar|Imprison|p1a: Gengar\n|-start|p1a: Gengar|move: Imprison\n|cant|p2b: Cofagrigus|move: Imprison|Shadow Ball\n|\n|upkeep\n|turn|2\n|\n|t:|1776374017\n|switch|p2a: Tyranitar|Tyranitar, L50, M|100/100\n|-weather|Sandstorm|[from] ability: Sand Stream|[of] p2a: Tyranitar\n|move|p1a: Gengar|Protect|p1a: Gengar\n|-singleturn|p1a: Gengar|Protect\n|move|p1b: Gardevoir|Moonblast|p2a: Tyranitar\n|-supereffective|p2a: Tyranitar|1\n|-damage|p2a: Tyranitar|41/100\n|move|p2b: Cofagrigus|Will-O-Wisp|p1a: Gengar\n|-activate|p1a: Gengar|move: Protect\n|\n|-weather|Sandstorm|[upkeep]\n|-damage|p1b: Gardevoir|94/100|[from] Sandstorm\n|-damage|p1a: Gengar|0 fnt|[from] Sandstorm\n|-damage|p2b: Cofagrigus|94/100|[from] Sandstorm\n|faint|p1a: Gengar\n|upkeep\n|\n|t:|1776374038\n|switch|p1a: Whimsicott|Whimsicott, L50, M|100/100\n|turn|3\n|\n|t:|1776374047\n|move|p2a: Tyranitar|Protect|p2a: Tyranitar\n|-singleturn|p2a: Tyranitar|Protect\n|move|p1a: Whimsicott|Encore|p2b: Cofagrigus\n|-start|p2b: Cofagrigus|Encore\n|move|p1b: Gardevoir|Moonblast|p2a: Tyranitar\n|-activate|p2a: Tyranitar|move: Protect\n|move|p2b: Cofagrigus|Will-O-Wisp|p1a: Whimsicott\n|-status|p1a: Whimsicott|brn\n|\n|-weather|Sandstorm|[upkeep]\n|-damage|p1b: Gardevoir|88/100|[from] Sandstorm\n|-damage|p1a: Whimsicott|95/100 brn|[from] Sandstorm\n|-damage|p2b: Cofagrigus|88/100|[from] Sandstorm\n|-damage|p1a: Whimsicott|89/100 brn|[from] brn\n|upkeep\n|turn|4\n|\n|t:|1776374069\n|switch|p2a: Incineroar|Incineroar, L50, M|100/100\n|-ability|p2a: Incineroar|Intimidate|boost\n|-unboost|p1a: Whimsicott|atk|1\n|-unboost|p1b: Gardevoir|atk|1\n|switch|p2b: Starmie|Starmie-Mega, L50|32/100\n|move|p1a: Whimsicott|Fake Tears|p2b: Starmie\n|-unboost|p2b: Starmie|spd|2\n|move|p1b: Gardevoir|Moonblast|p2a: Incineroar\n|-damage|p2a: Incineroar|56/100\n|\n|-weather|Sandstorm|[upkeep]\n|-damage|p1b: Gardevoir|82/100|[from] Sandstorm\n|-damage|p2b: Starmie|26/100|[from] Sandstorm\n|-damage|p1a: Whimsicott|83/100 brn|[from] Sandstorm\n|-damage|p2a: Incineroar|50/100|[from] Sandstorm\n|-enditem|p2a: Incineroar|Sitrus Berry|[eat]\n|-heal|p2a: Incineroar|75/100|[from] item: Sitrus Berry\n|-damage|p1a: Whimsicott|77/100 brn|[from] brn\n|upkeep\n|turn|5\n|\n|t:|1776374109\n|move|p2a: Incineroar|Fake Out|p1b: Gardevoir\n|-damage|p1b: Gardevoir|65/100\n|move|p1a: Whimsicott|Tailwind|p1a: Whimsicott\n|-sidestart|p1: Lofus553|move: Tailwind\n|cant|p1b: Gardevoir|flinch\n|move|p2b: Starmie|Ice Spinner|p1a: Whimsicott\n|-supereffective|p1a: Whimsicott|1\n|-damage|p1a: Whimsicott|0 fnt\n|faint|p1a: Whimsicott\n|\n|-weather|Sandstorm|[upkeep]\n|-damage|p1b: Gardevoir|58/100|[from] Sandstorm\n|-damage|p2b: Starmie|20/100|[from] Sandstorm\n|-damage|p2a: Incineroar|69/100|[from] Sandstorm\n|upkeep\n|\n|t:|1776374122\n|switch|p1a: Dragonite|Dragonite, L50, F|100/100\n|turn|6\n|\n|t:|1776374139\n|switch|p2b: Cofagrigus|Cofagrigus, L50, M|88/100\n|detailschange|p1a: Dragonite|Dragonite-Mega, L50, F\n|-mega|p1a: Dragonite|Dragonite|Dragoninite\n|move|p1b: Gardevoir|Moonblast|p2b: Cofagrigus|[miss]\n|-miss|p1b: Gardevoir|p2b: Cofagrigus\n|move|p1a: Dragonite|Air Slash|p2a: Incineroar\n|-damage|p2a: Incineroar|35/100\n|move|p2a: Incineroar|Parting Shot|p1b: Gardevoir\n|-unboost|p1b: Gardevoir|atk|1\n|-unboost|p1b: Gardevoir|spa|1\n|\n|t:|1776374153\n|switch|p2a: Starmie|Starmie-Mega, L50|20/100|[from] Parting Shot\n|\n|-weather|none\n|upkeep\n|turn|7\n|\n|t:|1776374169\n|move|p2a: Starmie|Protect|p2a: Starmie\n|-singleturn|p2a: Starmie|Protect\n|move|p1b: Gardevoir|Moonblast|p2b: Cofagrigus\n|-damage|p2b: Cofagrigus|52/100\n|move|p1a: Dragonite|Air Slash|p2a: Starmie\n|-activate|p2a: Starmie|move: Protect\n|move|p2b: Cofagrigus|Trick Room|p2b: Cofagrigus\n|-fieldstart|move: Trick Room|[of] p2b: Cofagrigus\n|\n|upkeep\n|turn|8\n|\n|t:|1776374196\n|move|p2b: Cofagrigus|Shadow Ball|p1b: Gardevoir\n|-supereffective|p1b: Gardevoir|1\n|-damage|p1b: Gardevoir|0 fnt\n|faint|p1b: Gardevoir\n|move|p2a: Starmie|Ice Spinner|p1a: Dragonite\n|-supereffective|p1a: Dragonite|2\n|-damage|p1a: Dragonite|22/100\n|move|p1a: Dragonite|Air Slash|p2a: Starmie\n|-damage|p2a: Starmie|0 fnt\n|faint|p2a: Starmie\n|\n|-sideend|p1: Lofus553|move: Tailwind\n|upkeep\n|\n|t:|1776374206\n|switch|p2a: Tyranitar|Tyranitar, L50, M|41/100\n|-weather|Sandstorm|[from] ability: Sand Stream|[of] p2a: Tyranitar\n|turn|9\n|\n|t:|1776374212\n|move|p2b: Cofagrigus|Will-O-Wisp|p1a: Dragonite\n|-status|p1a: Dragonite|brn\n|move|p2a: Tyranitar|Rock Slide|p1a: Dragonite\n|-supereffective|p1a: Dragonite|1\n|-damage|p1a: Dragonite|0 fnt\n|faint|p1a: Dragonite\n|\n|win|XxSlayer717xX\n|raw|Lofus553's rating: 1049 &rarr; <strong>1029</strong><br />(-20 for losing)\n|raw|XxSlayer717xX's rating: 1000 &rarr; <strong>1046</strong><br />(+46 for winning)\n",
  "uploadtime": 1776374222,
  "views": 20,
  "formatid": "gen9championsvgc2026regma",
  "rating": 1029,
  "private": 0,
  "password": null
}