{
  "id": "gen9championsvgc2026regma-2584316496",
  "format": "[Gen 9 Champions] VGC 2026 Reg M-A",
  "players": [
    "no_zoroark",
    "smp on whimsicott"
  ],
  "log": "|j|\u2606no_zoroark\n|j|\u2606smp on whimsicott\n|t:|1776250493\n|gametype|doubles\n|player|p1|no_zoroark|265|1210\n|player|p2|smp on whimsicott|artist-gen4|1134\n|gen|9\n|tier|[Gen 9 Champions] VGC 2026 Reg M-A\n|rated|\n|rule|Species Clause: Limit one of each Pok\u00e9mon\n|rule|Item Clause: Limit 1 of each item\n|clearpoke\n|poke|p1|Glimmora, L50, F|\n|poke|p1|Tyranitar, L50, M|\n|poke|p1|Mamoswine, L50, F|\n|poke|p1|Corviknight, L50, F|\n|poke|p1|Zoroark-Hisui, L50, M|\n|poke|p1|Umbreon, L50, M|\n|poke|p2|Floette-Eternal, L50, F|\n|poke|p2|Aegislash, L50, M|\n|poke|p2|Talonflame, L50, F|\n|poke|p2|Basculegion, L50, M|\n|poke|p2|Milotic, L50, F|\n|poke|p2|Garchomp, L50, M|\n|teampreview|4\n|\n|t:|1776250552\n|teamsize|p1|4\n|teamsize|p2|4\n|start\n|switch|p1a: Umbreon|Umbreon, L50, M, shiny|100/100\n|switch|p1b: Corviknight|Corviknight, L50, F|100/100\n|switch|p2a: Basculegion|Basculegion, L50, M|100/100\n|switch|p2b: Milotic|Milotic, L50, F|100/100\n|turn|1\n|\n|t:|1776250566\n|move|p2a: Basculegion|Flip Turn|p1a: Umbreon\n|-damage|p1a: Umbreon|67/100\n|\n|t:|1776250570\n|switch|p2a: Floette|Floette-Eternal, L50, F|100/100|[from] Flip Turn\n|move|p2b: Milotic|Scald|p1b: Corviknight\n|-damage|p1b: Corviknight|71/100\n|-status|p1b: Corviknight|brn\n|move|p1b: Corviknight|Bulk Up|p1b: Corviknight\n|-boost|p1b: Corviknight|atk|1\n|-boost|p1b: Corviknight|def|1\n|move|p1a: Umbreon|Yawn|p2b: Milotic\n|-start|p2b: Milotic|move: Yawn|[of] p1a: Umbreon\n|\n|-heal|p1a: Umbreon|73/100|[from] item: Leftovers\n|-damage|p1b: Corviknight|65/100 brn|[from] brn\n|upkeep\n|turn|2\n|\n|t:|1776250602\n|switch|p2b: Basculegion|Basculegion, L50, M|100/100\n|detailschange|p2a: Floette|Floette-Mega, L50, F\n|-mega|p2a: Floette|Floette|Floettite\n|-ability|p2a: Floette|Fairy Aura\n|move|p2a: Floette|Moonblast|p1a: Umbreon\n|-supereffective|p1a: Umbreon|1\n|-damage|p1a: Umbreon|0 fnt\n|faint|p1a: Umbreon\n|move|p1b: Corviknight|Iron Head|p2a: Floette\n|-supereffective|p2a: Floette|1\n|-damage|p2a: Floette|55/100\n|\n|-damage|p1b: Corviknight|59/100 brn|[from] brn\n|upkeep\n|\n|t:|1776250621\n|switch|p1a: Glimmora|Glimmora, L50, F, shiny|100/100\n|turn|3\n|\n|t:|1776250641\n|detailschange|p1a: Glimmora|Glimmora-Mega, L50, F, shiny\n|-mega|p1a: Glimmora|Glimmora|Glimmoranite\n|move|p2b: Basculegion|Wave Crash|p1b: Corviknight\n|-damage|p1b: Corviknight|13/100 brn\n|-enditem|p1b: Corviknight|Sitrus Berry|[eat]\n|-heal|p1b: Corviknight|38/100 brn|[from] item: Sitrus Berry\n|-damage|p2b: Basculegion|85/100|[from] Recoil\n|move|p1a: Glimmora|Sludge Bomb|p2a: Floette\n|-supereffective|p2a: Floette|1\n|-damage|p2a: Floette|0 fnt\n|faint|p2a: Floette\n|move|p1b: Corviknight|Iron Head|p2b: Basculegion\n|-resisted|p2b: Basculegion|1\n|-damage|p2b: Basculegion|71/100\n|\n|-damage|p1b: Corviknight|32/100 brn|[from] brn\n|upkeep\n|\n|t:|1776250659\n|switch|p2a: Milotic|Milotic, L50, F|100/100\n|turn|4\n|\n|t:|1776250681\n|move|p1a: Glimmora|Spiky Shield|p1a: Glimmora\n|-singleturn|p1a: Glimmora|move: Protect\n|move|p2b: Basculegion|Wave Crash|p1b: Corviknight\n|-damage|p1b: Corviknight|0 fnt\n|faint|p1b: Corviknight\n|-damage|p2b: Basculegion|60/100|[from] Recoil\n|move|p2a: Milotic|Scald|p1a: Glimmora\n|-activate|p1a: Glimmora|move: Protect\n|\n|upkeep\n|\n|t:|1776250692\n|switch|p1b: Mamoswine|Mamoswine, L50, F|100/100\n|turn|5\n|\n|t:|1776250713\n|move|p2b: Basculegion|Wave Crash|p1b: Mamoswine\n|-supereffective|p1b: Mamoswine|1\n|-damage|p1b: Mamoswine|0 fnt\n|faint|p1b: Mamoswine\n|-damage|p2b: Basculegion|28/100|[from] Recoil\n|move|p1a: Glimmora|Sludge Bomb|p2a: Milotic\n|-damage|p2a: Milotic|51/100\n|-status|p2a: Milotic|psn\n|move|p2a: Milotic|Scald|p1a: Glimmora\n|-supereffective|p1a: Glimmora|1\n|-damage|p1a: Glimmora|35/100\n|\n|-heal|p2a: Milotic|57/100 psn|[from] item: Leftovers\n|-damage|p2a: Milotic|45/100 psn|[from] psn\n|upkeep\n|turn|6\n|-message|no_zoroark forfeited.\n|\n|win|smp on whimsicott\n|raw|no_zoroark's rating: 1210 &rarr; <strong>1180</strong><br />(-30 for losing)\n|raw|smp on whimsicott's rating: 1134 &rarr; <strong>1164</strong><br />(+30 for winning)\n|l|\u2606no_zoroark\n|player|p1|\n",
  "uploadtime": 1776250724,
  "views": 25,
  "formatid": "gen9championsvgc2026regma",
  "rating": 1164,
  "private": 0,
  "password": null
}