{
  "id": "gen9championsvgc2026regma-2587383180",
  "format": "[Gen 9 Champions] VGC 2026 Reg M-A",
  "players": [
    "Tunderboltz",
    "Noobs_king42"
  ],
  "log": "|j|\u2606Tunderboltz\n|j|\u2606Noobs_king42\n|t:|1776527223\n|gametype|doubles\n|player|p1|Tunderboltz|drayton|1136\n|player|p2|Noobs_king42|acetrainer-gen4dp|1127\n|gen|9\n|tier|[Gen 9 Champions] VGC 2026 Reg M-A\n|rated|\n|rule|Species Clause: Limit one of each Pok\u00e9mon\n|rule|Item Clause: Limit 1 of each item\n|clearpoke\n|poke|p1|Archaludon, L50, M|\n|poke|p1|Garchomp, L50, M|\n|poke|p1|Gardevoir, L50, F, shiny|\n|poke|p1|Tyranitar, L50, M|\n|poke|p1|Aegislash, L50, M, shiny|\n|poke|p1|Talonflame, L50, M|\n|poke|p2|Starmie, L50|\n|poke|p2|Pelipper, L50, F|\n|poke|p2|Archaludon, L50, F|\n|poke|p2|Basculegion, L50, M|\n|poke|p2|Ceruledge, L50, M|\n|poke|p2|Excadrill, L50, F|\n|teampreview|4\n|inactive|Battle timer is ON: inactive players will automatically lose when time's up. (requested by Noobs_king42)\n|inactive|Tunderboltz also wants the timer to be on.\n|c|\u2606Tunderboltz|hf\n|inactive|Noobs_king42 has 60 seconds left.\n|inactive|Tunderboltz has 60 seconds left.\n|\n|t:|1776527275\n|teamsize|p1|4\n|teamsize|p2|4\n|start\n|switch|p1a: Fawkes|Talonflame, L50, M|100/100\n|switch|p1b: Talwer|Archaludon, L50, M|100/100\n|switch|p2a: Aurafarmer|Ceruledge, L50, M|100/100\n|switch|p2b: Tank|Archaludon, L50, F|100/100\n|turn|1\n|\n|t:|1776527294\n|move|p1a: Fawkes|Tailwind|p1a: Fawkes\n|-sidestart|p1: Tunderboltz|move: Tailwind\n|move|p1b: Talwer|Draco Meteor|p2b: Tank\n|-damage|p2b: Tank|11/100\n|-unboost|p1b: Talwer|spa|2\n|-ability|p2b: Tank|Stamina|boost\n|-boost|p2b: Tank|def|1\n|-enditem|p1b: Talwer|White Herb\n|-clearnegativeboost|p1b: Talwer|[silent]\n|move|p2a: Aurafarmer|Swords Dance|p2a: Aurafarmer\n|-boost|p2a: Aurafarmer|atk|2\n|move|p2b: Tank|Dragon Pulse|p1a: Fawkes\n|-damage|p1a: Fawkes|20/100\n|\n|-heal|p2b: Tank|17/100|[from] item: Leftovers\n|upkeep\n|turn|2\n|inactive|Tunderboltz has 30 seconds left.\n|inactive|Tunderboltz has 20 seconds left.\n|inactive|Noobs_king42 has 30 seconds left.\n|inactive|Tunderboltz has 15 seconds left.\n|inactive|Noobs_king42 has 20 seconds left.\n|\n|t:|1776527341\n|move|p2a: Aurafarmer|Shadow Sneak|p1a: Fawkes\n|-damage|p1a: Fawkes|0 fnt\n|faint|p1a: Fawkes\n|move|p1b: Talwer|Draco Meteor|p2a: Aurafarmer|[miss]\n|-miss|p1b: Talwer|p2a: Aurafarmer\n|move|p2b: Tank|Mirror Coat||[still]\n|-fail|p2b: Tank\n|\n|-heal|p2b: Tank|23/100|[from] item: Leftovers\n|upkeep\n|\n|t:|1776527345\n|switch|p1a: Vergil|Garchomp, L50, M|100/100\n|turn|3\n|c|\u2606Tunderboltz|peak....\n|inactive|Noobs_king42 has 30 seconds left.\n|\n|t:|1776527374\n|move|p1a: Vergil|Earthquake|p2a: Aurafarmer|[spread] p1b,p2a,p2b\n|-supereffective|p1b: Talwer|1\n|-crit|p1b: Talwer\n|-supereffective|p2a: Aurafarmer|1\n|-supereffective|p2b: Tank|1\n|-damage|p1b: Talwer|5/100\n|-enditem|p2a: Aurafarmer|Focus Sash\n|-damage|p2a: Aurafarmer|1/100\n|-damage|p2b: Tank|0 fnt\n|-ability|p1b: Talwer|Stamina|boost\n|-boost|p1b: Talwer|def|1\n|-ability|p2a: Aurafarmer|Weak Armor|boost\n|-unboost|p2a: Aurafarmer|def|1\n|-boost|p2a: Aurafarmer|spe|2\n|faint|p2b: Tank\n|move|p2a: Aurafarmer|Swords Dance|p2a: Aurafarmer\n|-boost|p2a: Aurafarmer|atk|2\n|move|p1b: Talwer|Draco Meteor|p2a: Aurafarmer\n|-damage|p2a: Aurafarmer|0 fnt\n|-unboost|p1b: Talwer|spa|2\n|faint|p2a: Aurafarmer\n|\n|upkeep\n|c|\u2606Tunderboltz|AH, I GET THE CRIT\n|\n|t:|1776527393\n|switch|p2a: >( .)|Basculegion, L50, M|100/100\n|switch|p2b: Hydrogen bomb|Starmie, L50|100/100\n|turn|4\n|inactive|Noobs_king42 has 30 seconds left.\n|\n|t:|1776527419\n|detailschange|p2b: Hydrogen bomb|Starmie-Mega, L50\n|-mega|p2b: Hydrogen bomb|Starmie|Starminite\n|move|p2a: >( .)|Aqua Jet|p1b: Talwer\n|-resisted|p1b: Talwer|1\n|-crit|p1b: Talwer\n|-damage|p1b: Talwer|0 fnt\n|faint|p1b: Talwer\n|move|p1a: Vergil|Outrage|p2b: Hydrogen bomb\n|-damage|p2b: Hydrogen bomb|25/100\n|move|p2b: Hydrogen bomb|Liquidation|p1a: Vergil|[miss]\n|-miss|p2b: Hydrogen bomb|p1a: Vergil\n|\n|-sideend|p1: Tunderboltz|move: Tailwind\n|upkeep\n|\n|t:|1776527425\n|switch|p1b: Omega|Tyranitar, L50, M|100/100\n|-weather|Sandstorm|[from] ability: Sand Stream|[of] p1b: Omega\n|turn|5\n|inactive|Noobs_king42 has 30 seconds left.\n|\n|t:|1776527453\n|move|p2b: Hydrogen bomb|Self-Destruct|p1b: Omega|[spread] p1b\n|-immune|p2a: >( .)\n|-miss|p2b: Hydrogen bomb|p1a: Vergil\n|-resisted|p1b: Omega|1\n|-damage|p1b: Omega|58/100\n|faint|p2b: Hydrogen bomb\n|move|p1a: Vergil|Outrage|p2a: >( .)|[from] lockedmove\n|-damage|p2a: >( .)|27/100\n|move|p2a: >( .)|Last Respects|p1b: Omega\n|-resisted|p1b: Omega|1\n|-damage|p1b: Omega|12/100\n|move|p1b: Omega|Knock Off|p2a: >( .)\n|-supereffective|p2a: >( .)|1\n|-damage|p2a: >( .)|0 fnt\n|-enditem|p2a: >( .)|Mystic Water|[from] move: Knock Off|[of] p1b: Omega\n|faint|p2a: >( .)\n|\n|win|Tunderboltz\n|raw|Tunderboltz's rating: 1136 &rarr; <strong>1160</strong><br />(+24 for winning)\n|raw|Noobs_king42's rating: 1127 &rarr; <strong>1103</strong><br />(-24 for losing)\n|c|\u2606Noobs_king42|gg\n|c|\u2606Tunderboltz|gg\n",
  "uploadtime": 1776527470,
  "views": 18,
  "formatid": "gen9championsvgc2026regma",
  "rating": 1103,
  "private": 0,
  "password": null
}