{
  "id": "gen9championsvgc2026regma-2589572270",
  "format": "[Gen 9 Champions] VGC 2026 Reg M-A",
  "players": [
    "duvay",
    "extragrizzly"
  ],
  "log": "|j|\u2606duvay\n|j|\u2606extragrizzly\n|t:|1776735291\n|gametype|doubles\n|player|p1|duvay|102|1202\n|player|p2|extragrizzly|byron|1177\n|gen|9\n|tier|[Gen 9 Champions] VGC 2026 Reg M-A\n|rated|\n|rule|Species Clause: Limit one of each Pok\u00e9mon\n|rule|Item Clause: Limit 1 of each item\n|clearpoke\n|poke|p1|Tyrantrum, L50, M|\n|poke|p1|Talonflame, L50, F|\n|poke|p1|Sinistcha, L50|\n|poke|p1|Milotic, L50, M|\n|poke|p1|Gardevoir, L50, M|\n|poke|p1|Sneasler, L50, M|\n|poke|p2|Lucario, L50, M, shiny|\n|poke|p2|Primarina, L50, F, shiny|\n|poke|p2|Aerodactyl, L50, M, shiny|\n|poke|p2|Sinistcha, L50|\n|poke|p2|Rotom-Heat, L50, shiny|\n|poke|p2|Garchomp, L50, F|\n|teampreview|4\n|inactive|Battle timer is ON: inactive players will automatically lose when time's up. (requested by duvay)\nduvay rejected open team sheets.\n|inactive|duvay has 60 seconds left.\n|inactive|extragrizzly has 60 seconds left.\n|\n|t:|1776735333\n|teamsize|p1|4\n|teamsize|p2|4\n|start\n|switch|p1a: Gardevoir|Gardevoir, L50, M|100/100\n|switch|p1b: Sneasler|Sneasler, L50, M|100/100\n|switch|p2a: Aerodactyl|Aerodactyl, L50, M, shiny|100/100\n|switch|p2b: Rotom|Rotom-Heat, L50, shiny|100/100\n|-ability|p2a: Aerodactyl|Unnerve\n|-ability|p1a: Gardevoir|Unnerve|Trace|[from] ability: Trace|[of] p2a: Aerodactyl\n|-ability|p1a: Gardevoir|Unnerve\n|turn|1\n|inactive|duvay has 30 seconds left.\n|inactive|duvay has 20 seconds left.\n|\n|t:|1776735372\n|detailschange|p1a: Gardevoir|Gardevoir-Mega, L50, M\n|-mega|p1a: Gardevoir|Gardevoir|Gardevoirite\n|move|p2a: Aerodactyl|Protect|p2a: Aerodactyl\n|-singleturn|p2a: Aerodactyl|Protect\n|move|p2b: Rotom|Trick|p1b: Sneasler\n|-activate|p2b: Rotom|move: Trick|[of] p1b: Sneasler\n|-item|p1b: Sneasler|Choice Scarf|[from] move: Trick\n|-item|p2b: Rotom|Focus Sash|[from] move: Trick\n|move|p1b: Sneasler|Dire Claw|p2b: Rotom\n|-damage|p2b: Rotom|45/100\n|-status|p2b: Rotom|psn|[from] ability: Poison Touch|[of] p1b: Sneasler\n|move|p1a: Gardevoir|Trick Room|p1a: Gardevoir\n|-fieldstart|move: Trick Room|[of] p1a: Gardevoir\n|\n|-damage|p2b: Rotom|32/100 psn|[from] psn\n|upkeep\n|turn|2\n|inactive|duvay has 30 seconds left.\n|\n|t:|1776735405\n|switch|p1b: Sinistcha|Sinistcha, L50|100/100\n|move|p1a: Gardevoir|Hyper Voice|p2b: Rotom|[spread] p2a,p2b\n|-crit|p2a: Aerodactyl\n|-resisted|p2b: Rotom|1\n|-enditem|p2a: Aerodactyl|Focus Sash\n|-damage|p2a: Aerodactyl|1/100\n|-damage|p2b: Rotom|0 fnt\n|faint|p2b: Rotom\n|move|p2a: Aerodactyl|Dual Wingbeat|p1b: Sinistcha\n|-supereffective|p1b: Sinistcha|1\n|-damage|p1b: Sinistcha|70/100\n|-supereffective|p1b: Sinistcha|1\n|-damage|p1b: Sinistcha|43/100\n|-hitcount|p1b: Sinistcha|2\n|\n|upkeep\n|\n|t:|1776735419\n|switch|p2b: Primarina|Primarina, L50, F, shiny|100/100\n|turn|3\n|\n|t:|1776735432\n|move|p2a: Aerodactyl|Protect|p2a: Aerodactyl\n|-singleturn|p2a: Aerodactyl|Protect\n|move|p2b: Primarina|Moonblast|p1b: Sinistcha\n|-damage|p1b: Sinistcha|0 fnt\n|faint|p1b: Sinistcha\n|move|p1a: Gardevoir|Hyper Voice|p2b: Primarina|[spread] p2b\n|-activate|p2a: Aerodactyl|move: Protect\n|-damage|p2b: Primarina|56/100\n|\n|upkeep\n|\n|t:|1776735441\n|switch|p1b: Milotic|Milotic, L50, M|100/100\n|turn|4\n|\n|t:|1776735450\n|switch|p2a: Lucario|Lucario, L50, M, shiny|100/100\n|move|p2b: Primarina|Protect|p2b: Primarina\n|-singleturn|p2b: Primarina|Protect\n|move|p1b: Milotic|Muddy Water|p2a: Lucario|[spread] p2a\n|-activate|p2b: Primarina|move: Protect\n|-damage|p2a: Lucario|49/100\n|move|p1a: Gardevoir|Hyper Voice|p2b: Primarina|[spread] p2a\n|-activate|p2b: Primarina|move: Protect\n|-damage|p2a: Lucario|0 fnt\n|faint|p2a: Lucario\n|\n|upkeep\n|\n|t:|1776735462\n|switch|p2a: Aerodactyl|Aerodactyl, L50, M, shiny|1/100\n|-ability|p2a: Aerodactyl|Unnerve\n|turn|5\n|\n|t:|1776735484\n|move|p2a: Aerodactyl|Protect|p2a: Aerodactyl\n|-singleturn|p2a: Aerodactyl|Protect\n|move|p2b: Primarina|Hyper Voice|p1b: Milotic|[spread] p1a,p1b\n|-resisted|p1b: Milotic|1\n|-damage|p1a: Gardevoir|59/100\n|-damage|p1b: Milotic|83/100\n|move|p1b: Milotic|Muddy Water|p2b: Primarina|[spread] p2b\n|-activate|p2a: Aerodactyl|move: Protect\n|-resisted|p2b: Primarina|1\n|-damage|p2b: Primarina|43/100\n|move|p1a: Gardevoir|Psychic|p2b: Primarina\n|-damage|p2b: Primarina|0 fnt\n|faint|p2b: Primarina\n|\n|-heal|p1b: Milotic|89/100|[from] item: Leftovers\n|-fieldend|move: Trick Room\n|upkeep\n|turn|6\n|\n|t:|1776735504\n|move|p2a: Aerodactyl|Rock Slide|p1b: Milotic|[spread] p1a,p1b\n|-crit|p1b: Milotic\n|-damage|p1a: Gardevoir|25/100\n|-damage|p1b: Milotic|50/100\n|cant|p1a: Gardevoir|flinch\n|cant|p1b: Milotic|flinch\n|\n|-heal|p1b: Milotic|56/100|[from] item: Leftovers\n|upkeep\n|turn|7\n|\n|t:|1776735520\n|move|p2a: Aerodactyl|Rock Slide|p1b: Milotic|[spread] p1a,p1b\n|-damage|p1a: Gardevoir|0 fnt\n|-damage|p1b: Milotic|30/100\n|faint|p1a: Gardevoir\n|cant|p1b: Milotic|flinch\n|\n|-heal|p1b: Milotic|36/100|[from] item: Leftovers\n|upkeep\n|\n|t:|1776735523\n|switch|p1a: Sneasler|Sneasler, L50, M|100/100\n|turn|8\n|\n|t:|1776735528\n|move|p2a: Aerodactyl|Protect|p2a: Aerodactyl\n|-singleturn|p2a: Aerodactyl|Protect\n|move|p1a: Sneasler|Fake Out|p2a: Aerodactyl\n|-activate|p2a: Aerodactyl|move: Protect\n|move|p1b: Milotic|Icy Wind|p2a: Aerodactyl\n|-activate|p2a: Aerodactyl|move: Protect\n|\n|-heal|p1b: Milotic|42/100|[from] item: Leftovers\n|upkeep\n|turn|9\n|\n|t:|1776735539\n|move|p1a: Sneasler|Fake Out||[still]\n|-hint|Fake Out only works on your first turn out.\n|-fail|p1a: Sneasler\n|move|p2a: Aerodactyl|Rock Slide|p1a: Sneasler|[spread] p1a,p1b\n|-resisted|p1a: Sneasler|1\n|-damage|p1a: Sneasler|81/100\n|-damage|p1b: Milotic|15/100\n|move|p1b: Milotic|Icy Wind|p2a: Aerodactyl\n|-supereffective|p2a: Aerodactyl|1\n|-damage|p2a: Aerodactyl|0 fnt\n|faint|p2a: Aerodactyl\n|\n|win|duvay\n|raw|duvay's rating: 1202 &rarr; <strong>1225</strong><br />(+23 for winning)\n|raw|extragrizzly's rating: 1177 &rarr; <strong>1154</strong><br />(-23 for losing)\n",
  "uploadtime": 1776735547,
  "views": 5,
  "formatid": "gen9championsvgc2026regma",
  "rating": 1154,
  "private": 0,
  "password": null
}