{
  "id": "gen9championsvgc2026regma-2584892934",
  "format": "[Gen 9 Champions] VGC 2026 Reg M-A",
  "players": [
    "shay710102",
    "weskees"
  ],
  "log": "|j|\u2606shay710102\n|j|\u2606weskees\n|t:|1776292154\n|gametype|doubles\n|player|p1|shay710102|170|1055\n|player|p2|weskees|102|1046\n|gen|9\n|tier|[Gen 9 Champions] VGC 2026 Reg M-A\n|rated|\n|rule|Species Clause: Limit one of each Pok\u00e9mon\n|rule|Item Clause: Limit 1 of each item\n|clearpoke\n|poke|p1|Arcanine, L50, M|\n|poke|p1|Rotom-Wash, L50|\n|poke|p1|Garchomp, L50, M|\n|poke|p1|Gardevoir, L50, M|\n|poke|p1|Sinistcha, L50|\n|poke|p1|Tyranitar, L50, F|\n|poke|p2|Blastoise, L50, M|\n|poke|p2|Garchomp, L50, M|\n|poke|p2|Kingambit, L50, F|\n|poke|p2|Pelipper, L50, F|\n|poke|p2|Sinistcha, L50|\n|poke|p2|Sneasler, L50, M|\n|teampreview|4\n|\n|t:|1776292203\n|teamsize|p1|4\n|teamsize|p2|4\n|start\n|switch|p1a: Arcanine|Arcanine, L50, M|100/100\n|switch|p1b: Garchomp|Garchomp, L50, M|100/100\n|switch|p2a: Kingambit|Kingambit, L50, F|100/100\n|switch|p2b: Blastoise|Blastoise, L50, M|100/100\n|-ability|p1a: Arcanine|Intimidate|boost\n|-unboost|p2a: Kingambit|atk|1\n|-ability|p2a: Kingambit|Defiant|boost\n|-boost|p2a: Kingambit|atk|2\n|-unboost|p2b: Blastoise|atk|1\n|turn|1\n|inactive|Battle timer is ON: inactive players will automatically lose when time's up. (requested by shay710102)\n|\n|t:|1776292270\n|detailschange|p2b: Blastoise|Blastoise-Mega, L50, M\n|-mega|p2b: Blastoise|Blastoise|Blastoisinite\n|move|p1a: Arcanine|Protect|p1a: Arcanine\n|-singleturn|p1a: Arcanine|Protect\n|move|p1b: Garchomp|Earthquake|p2b: Blastoise|[spread] p2a,p2b\n|-activate|p1a: Arcanine|move: Protect\n|-supereffective|p2a: Kingambit|1\n|-damage|p2a: Kingambit|43/100\n|-damage|p2b: Blastoise|61/100\n|move|p2b: Blastoise|Water Spout|p1a: Arcanine|[spread] p1b\n|-activate|p1a: Arcanine|move: Protect\n|-damage|p1b: Garchomp|59/100\n|move|p2a: Kingambit|Kowtow Cleave|p1b: Garchomp\n|-damage|p1b: Garchomp|0 fnt\n|-damage|p2a: Kingambit|30/100|[from] ability: Rough Skin|[of] p1b: Garchomp\n|faint|p1b: Garchomp\n|\n|upkeep\n|\n|t:|1776292278\n|switch|p1b: Tyranitar|Tyranitar, L50, F|100/100\n|-weather|Sandstorm|[from] ability: Sand Stream|[of] p1b: Tyranitar\n|turn|2\n|\n|t:|1776292296\n|switch|p2a: Pelipper|Pelipper, L50, F|100/100\n|-weather|RainDance|[from] ability: Drizzle|[of] p2a: Pelipper\n|move|p2b: Blastoise|Protect|p2b: Blastoise\n|-singleturn|p2b: Blastoise|Protect\n|move|p1a: Arcanine|Flare Blitz|p2b: Blastoise\n|-activate|p2b: Blastoise|move: Protect\n|move|p1b: Tyranitar|Rock Slide|p2a: Pelipper|[spread] p2a\n|-activate|p2b: Blastoise|move: Protect\n|-supereffective|p2a: Pelipper|1\n|-damage|p2a: Pelipper|15/100\n|\n|-weather|RainDance|[upkeep]\n|upkeep\n|turn|3\n|\n|t:|1776292314\n|detailschange|p1b: Tyranitar|Tyranitar-Mega, L50, F\n|-mega|p1b: Tyranitar|Tyranitar|Tyranitarite\n|-weather|Sandstorm|[from] ability: Sand Stream|[of] p1b: Tyranitar\n|move|p2a: Pelipper|Tailwind|p2a: Pelipper\n|-sidestart|p2: weskees|move: Tailwind\n|move|p2b: Blastoise|Water Spout|p1a: Arcanine|[spread] p1a,p1b\n|-supereffective|p1a: Arcanine|1\n|-supereffective|p1b: Tyranitar|1\n|-damage|p1a: Arcanine|8/100\n|-damage|p1b: Tyranitar|59/100\n|-enditem|p1a: Arcanine|Sitrus Berry|[eat]\n|-heal|p1a: Arcanine|33/100|[from] item: Sitrus Berry\n|move|p1a: Arcanine|Flare Blitz|p2a: Pelipper\n|-resisted|p2a: Pelipper|1\n|-damage|p2a: Pelipper|0 fnt\n|faint|p2a: Pelipper\n|-damage|p1a: Arcanine|29/100|[from] Recoil\n|move|p1b: Tyranitar|Knock Off|p2b: Blastoise\n|-damage|p2b: Blastoise|16/100\n|\n|-weather|Sandstorm|[upkeep]\n|-damage|p2b: Blastoise|10/100|[from] Sandstorm\n|-damage|p1a: Arcanine|23/100|[from] Sandstorm\n|upkeep\n|\n|t:|1776292337\n|switch|p2a: Garchomp|Garchomp, L50, M|100/100\n|turn|4\n|\n|t:|1776292341\n|move|p2b: Blastoise|Protect|p2b: Blastoise\n|-singleturn|p2b: Blastoise|Protect\n|move|p1b: Tyranitar|Protect|p1b: Tyranitar\n|-singleturn|p1b: Tyranitar|Protect\n|move|p2a: Garchomp|Earthquake|p1b: Tyranitar|[spread] p1a\n|-activate|p2b: Blastoise|move: Protect\n|-activate|p1b: Tyranitar|move: Protect\n|-supereffective|p1a: Arcanine|1\n|-damage|p1a: Arcanine|0 fnt\n|faint|p1a: Arcanine\n|\n|-weather|Sandstorm|[upkeep]\n|-damage|p2b: Blastoise|4/100|[from] Sandstorm\n|upkeep\n|\n|t:|1776292349\n|switch|p1a: Rotom|Rotom-Wash, L50|100/100\n|turn|5\n|inactive|weskees has 30 seconds left.\n|inactive|weskees has 20 seconds left.\n|inactive|weskees has 15 seconds left.\n|\n|t:|1776292389\n|move|p2a: Garchomp|Dragon Claw|p1b: Tyranitar\n|-damage|p1b: Tyranitar|33/100\n|move|p2b: Blastoise|Water Pulse|p1b: Tyranitar\n|-supereffective|p1b: Tyranitar|1\n|-damage|p1b: Tyranitar|0 fnt\n|faint|p1b: Tyranitar\n|move|p1a: Rotom|Discharge|p2b: Blastoise|[spread] p2b\n|-immune|p2a: Garchomp\n|-supereffective|p2b: Blastoise|1\n|-damage|p2b: Blastoise|0 fnt\n|faint|p2b: Blastoise\n|\n|-weather|Sandstorm|[upkeep]\n|-damage|p1a: Rotom|94/100|[from] Sandstorm\n|upkeep\n|\n|t:|1776292404\n|switch|p2b: Kingambit|Kingambit, L50, F|30/100\n|turn|6\n|-message|shay710102 forfeited.\n|\n|win|weskees\n|raw|shay710102's rating: 1055 &rarr; <strong>1036</strong><br />(-19 for losing)\n|raw|weskees's rating: 1046 &rarr; <strong>1080</strong><br />(+34 for winning)\n|l|\u2606shay710102\n|player|p1|\n",
  "uploadtime": 1776292418,
  "views": 17,
  "formatid": "gen9championsvgc2026regma",
  "rating": 1036,
  "private": 0,
  "password": null
}