{
  "id": "gen9championsvgc2026regma-2585401314",
  "format": "[Gen 9 Champions] VGC 2026 Reg M-A",
  "players": [
    "Eduhreisz",
    "Ocelotiano"
  ],
  "log": "|j|\u2606Eduhreisz\n|j|\u2606Ocelotiano\n|t:|1776344621\n|gametype|doubles\n|player|p1|Eduhreisz|burglar|1038\n|player|p2|Ocelotiano|riley|1000\n|gen|9\n|tier|[Gen 9 Champions] VGC 2026 Reg M-A\n|rated|\n|rule|Species Clause: Limit one of each Pok\u00e9mon\n|rule|Item Clause: Limit 1 of each item\n|clearpoke\n|poke|p1|Sneasler, L50, F|\n|poke|p1|Farigiraf, L50, F|\n|poke|p1|Golurk, L50|\n|poke|p1|Torkoal, L50, M|\n|poke|p1|Milotic, L50, M|\n|poke|p1|Oranguru, L50, M|\n|poke|p2|Floette-Eternal, L50, F|\n|poke|p2|Sneasler, L50, F|\n|poke|p2|Incineroar, L50, M|\n|poke|p2|Goodra-Hisui, L50, F|\n|poke|p2|Ninetales-Alola, L50, F|\n|poke|p2|Tyranitar, L50, M|\n|teampreview|4\nOcelotiano has agreed to open team sheets.\n|c|\u2606Ocelotiano|Hope you have fun!\n|\n|t:|1776344674\n|teamsize|p1|4\n|teamsize|p2|4\n|start\n|switch|p1a: Farigiraf|Farigiraf, L50, F|100/100\n|switch|p1b: Golurk|Golurk, L50|100/100\n|switch|p2a: Nina|Ninetales-Alola, L50, F|100/100\n|switch|p2b: Rand|Incineroar, L50, M|100/100\n|-weather|Snowscape|[from] ability: Snow Warning|[of] p2a: Nina\n|-ability|p2b: Rand|Intimidate|boost\n|-unboost|p1a: Farigiraf|atk|1\n|-unboost|p1b: Golurk|atk|1\n|turn|1\n|\n|t:|1776344700\n|detailschange|p1b: Golurk|Golurk-Mega, L50\n|-mega|p1b: Golurk|Golurk|Golurkite\n|move|p2b: Rand|Fake Out||[still]\n|cant|p1a: Farigiraf|ability: Armor Tail|Fake Out|[of] p2b: Rand\n|move|p2a: Nina|Aurora Veil|p2a: Nina\n|-sidestart|p2: Ocelotiano|move: Aurora Veil\n|move|p1b: Golurk|Earthquake|p2b: Rand|[spread] p1a,p2a,p2b\n|-supereffective|p2b: Rand|1\n|-damage|p1a: Farigiraf|69/100\n|-damage|p2a: Nina|78/100\n|-damage|p2b: Rand|64/100\n|move|p1a: Farigiraf|Trick Room|p1a: Farigiraf\n|-fieldstart|move: Trick Room|[of] p1a: Farigiraf\n|\n|-weather|Snowscape|[upkeep]\n|upkeep\n|turn|2\n|\n|t:|1776344735\n|move|p1a: Farigiraf|Helping Hand|p1b: Golurk\n|-singleturn|p1b: Golurk|Helping Hand|[of] p1a: Farigiraf\n|move|p1b: Golurk|Earthquake|p2a: Nina|[spread] p1a,p2a,p2b\n|-crit|p2a: Nina\n|-supereffective|p2b: Rand|1\n|-damage|p1a: Farigiraf|21/100\n|-damage|p2a: Nina|0 fnt\n|-damage|p2b: Rand|2/100\n|-enditem|p1a: Farigiraf|Sitrus Berry|[eat]\n|-heal|p1a: Farigiraf|45/100|[from] item: Sitrus Berry\n|faint|p2a: Nina\n|move|p2b: Rand|Will-O-Wisp|p1b: Golurk\n|-status|p1b: Golurk|brn\n|\n|-weather|Snowscape|[upkeep]\n|-damage|p1b: Golurk|94/100 brn|[from] brn\n|upkeep\n|\n|t:|1776344749\n|switch|p2a: Elaine|Floette-Eternal, L50, F|100/100\n|turn|3\n|\n|t:|1776344773\n|detailschange|p2a: Elaine|Floette-Mega, L50, F\n|-mega|p2a: Elaine|Floette|Floettite\n|-ability|p2a: Elaine|Fairy Aura\n|move|p2a: Elaine|Protect|p2a: Elaine\n|-singleturn|p2a: Elaine|Protect\n|move|p1b: Golurk|Poltergeist|p2a: Elaine\n|-activate|p2a: Elaine|move: Protect\n|move|p1a: Farigiraf|Hyper Voice|p2b: Rand|[spread] p2b\n|-activate|p2a: Elaine|move: Protect\n|-damage|p2b: Rand|0 fnt\n|faint|p2b: Rand\n|\n|-weather|Snowscape|[upkeep]\n|-damage|p1b: Golurk|88/100 brn|[from] brn\n|upkeep\n|\n|t:|1776344789\n|switch|p2b: Alan|Tyranitar, L50, M, shiny|100/100\n|-weather|Sandstorm|[from] ability: Sand Stream|[of] p2b: Alan\n|turn|4\n|\n|t:|1776344808\n|move|p1a: Farigiraf|Protect|p1a: Farigiraf\n|-singleturn|p1a: Farigiraf|Protect\n|move|p1b: Golurk|Earthquake|p2a: Elaine|[spread] p2a,p2b\n|-activate|p1a: Farigiraf|move: Protect\n|-supereffective|p2b: Alan|1\n|-damage|p2a: Elaine|87/100\n|-damage|p2b: Alan|80/100\n|move|p2b: Alan|Stealth Rock|p1a: Farigiraf\n|-sidestart|p1: Eduhreisz|move: Stealth Rock\n|move|p2a: Elaine|Light of Ruin|p1b: Golurk\n|-damage|p1b: Golurk|0 fnt\n|faint|p1b: Golurk\n|-damage|p2a: Elaine|30/100|[from] Recoil\n|\n|-weather|Sandstorm|[upkeep]\n|-damage|p1a: Farigiraf|39/100|[from] Sandstorm\n|-damage|p2a: Elaine|24/100|[from] Sandstorm\n|upkeep\n|\n|t:|1776344827\n|switch|p1b: Torkoal|Torkoal, L50, M|100/100\n|-damage|p1b: Torkoal|76/100|[from] Stealth Rock\n|-weather|SunnyDay|[from] ability: Drought|[of] p1b: Torkoal\n|turn|5\n|\n|t:|1776344845\n|switch|p1a: Oranguru|Oranguru, L50, M|100/100\n|-damage|p1a: Oranguru|88/100|[from] Stealth Rock\n|move|p1b: Torkoal|Protect|p1b: Torkoal\n|-singleturn|p1b: Torkoal|Protect\n|move|p2a: Elaine|Protect|p2a: Elaine\n|-singleturn|p2a: Elaine|Protect\n|move|p2b: Alan|Rock Slide|p1b: Torkoal|[spread] p1a\n|-activate|p1b: Torkoal|move: Protect\n|-damage|p1a: Oranguru|62/100\n|\n|-weather|SunnyDay|[upkeep]\n|-sideend|p2: Ocelotiano|move: Aurora Veil\n|-fieldend|move: Trick Room\n|upkeep\n|turn|6\n|\n|t:|1776344865\n|move|p1b: Torkoal|Protect||[still]\n|-fail|p1b: Torkoal\n|move|p2a: Elaine|Draining Kiss|p1a: Oranguru\n|-damage|p1a: Oranguru|30/100\n|-heal|p2a: Elaine|55/100|[from] drain|[of] p1a: Oranguru\n|move|p2b: Alan|Rock Slide|p1b: Torkoal|[spread] p1a\n|-miss|p2b: Alan|p1b: Torkoal\n|-crit|p1a: Oranguru\n|-damage|p1a: Oranguru|0 fnt\n|faint|p1a: Oranguru\n|\n|-weather|SunnyDay|[upkeep]\n|upkeep\n|\n|t:|1776344879\n|switch|p1a: Farigiraf|Farigiraf, L50, F|39/100\n|-damage|p1a: Farigiraf|27/100|[from] Stealth Rock\n|turn|7\n|\n|t:|1776344900\n|move|p2a: Elaine|Light of Ruin|p1b: Torkoal\n|-resisted|p1b: Torkoal|1\n|-damage|p1b: Torkoal|1/100\n|-damage|p2a: Elaine|12/100|[from] Recoil\n|move|p2b: Alan|Rock Slide|p1b: Torkoal|[spread] p1a,p1b\n|-supereffective|p1b: Torkoal|1\n|-damage|p1a: Farigiraf|0 fnt\n|-damage|p1b: Torkoal|0 fnt\n|faint|p1a: Farigiraf\n|faint|p1b: Torkoal\n|\n|win|Ocelotiano\n|raw|Eduhreisz's rating: 1038 &rarr; <strong>1021</strong><br />(-17 for losing)\n|raw|Ocelotiano's rating: 1000 &rarr; <strong>1044</strong><br />(+44 for winning)\n|c|\u2606Ocelotiano|gg\n|l|\u2606Ocelotiano\n|player|p2|\n",
  "uploadtime": 1776344920,
  "views": 24,
  "formatid": "gen9championsvgc2026regma",
  "rating": 1021,
  "private": 0,
  "password": null
}