{
  "id": "gen9championsvgc2026regma-2581759879",
  "format": "[Gen 9 Champions] VGC 2026 Reg M-A",
  "players": [
    "radstads",
    "Chien02"
  ],
  "log": "|j|\u2606radstads\n|j|\u2606Chien02\n|t:|1776026246\n|gametype|doubles\n|player|p1|radstads|102|1153\n|player|p2|Chien02|boarder|1258\n|gen|9\n|tier|[Gen 9 Champions] VGC 2026 Reg M-A\n|rated|\n|rule|Species Clause: Limit one of each Pok\u00e9mon\n|rule|Item Clause: Limit 1 of each item\n|clearpoke\n|poke|p1|Zoroark-Hisui, L50, M|\n|poke|p1|Maushold, L50|\n|poke|p1|Palafin, L50, M|\n|poke|p1|Gengar, L50, F|\n|poke|p1|Kommo-o, L50, F|\n|poke|p1|Altaria, L50, M|\n|poke|p2|Pelipper, L50, F|\n|poke|p2|Archaludon, L50, M|\n|poke|p2|Incineroar, L50, M|\n|poke|p2|Gengar, L50, F|\n|poke|p2|Greninja-*, L50, M|\n|poke|p2|Garchomp, L50, F|\n|teampreview|4\n|inactive|Battle timer is ON: inactive players will automatically lose when time's up. (requested by Chien02)\n|\n|t:|1776026296\n|teamsize|p1|4\n|teamsize|p2|4\n|start\n|switch|p1a: Kommo-o|Kommo-o, L50, F|100/100\n|switch|p1b: Gengar|Gengar, L50, F|100/100\n|switch|p2a: Pelipper|Pelipper, L50, F|100/100\n|switch|p2b: Archaludon|Archaludon, L50, M|100/100\n|-weather|RainDance|[from] ability: Drizzle|[of] p2a: Pelipper\n|turn|1\n|inactive|radstads has 30 seconds left.\n|\n|t:|1776026330\n|detailschange|p1b: Gengar|Gengar-Mega, L50, F\n|-mega|p1b: Gengar|Gengar|Gengarite\n|move|p1a: Kommo-o|Trick|p2a: Pelipper\n|-activate|p1a: Kommo-o|move: Trick|[of] p2a: Pelipper\n|-item|p2a: Pelipper|Choice Scarf|[from] move: Trick\n|-item|p1a: Kommo-o|Wacan Berry|[from] move: Trick\n|move|p1b: Gengar|Substitute|p1b: Gengar\n|-start|p1b: Gengar|Substitute\n|-damage|p1b: Gengar|76/100\n|move|p2b: Archaludon|Draco Meteor|p1a: Kommo-o\n|-damage|p1a: Kommo-o|0 fnt\n|-unboost|p2b: Archaludon|spa|2\n|replace|p1a: Zoroark|Zoroark-Hisui, L50, M\n|-end|p1a: Zoroark|Illusion\n|faint|p1a: Zoroark\n|move|p2a: Pelipper|Tailwind|p2a: Pelipper\n|-sidestart|p2: Chien02|move: Tailwind\n|\n|-weather|RainDance|[upkeep]\n|upkeep\n|\n|t:|1776026351\n|switch|p1a: Kommo-o|Kommo-o, L50, F|100/100\n|turn|2\n|\n|t:|1776026366\n|move|p2b: Archaludon|Draco Meteor|p1a: Kommo-o|[miss]\n|-miss|p2b: Archaludon|p1a: Kommo-o\n|move|p2a: Pelipper|Tailwind||[still]\n|-fail|p2a: Pelipper\n|move|p1b: Gengar|Shadow Ball|p2b: Archaludon\n|-damage|p2b: Archaludon|32/100\n|-ability|p2b: Archaludon|Stamina|boost\n|-boost|p2b: Archaludon|def|1\n|move|p1a: Kommo-o|Clangorous Soul|p1a: Kommo-o\n|-boost|p1a: Kommo-o|atk|1\n|-boost|p1a: Kommo-o|def|1\n|-boost|p1a: Kommo-o|spa|1\n|-boost|p1a: Kommo-o|spd|1\n|-boost|p1a: Kommo-o|spe|1\n|-damage|p1a: Kommo-o|68/100\n|\n|-weather|RainDance|[upkeep]\n|-heal|p2b: Archaludon|38/100|[from] item: Leftovers\n|-heal|p1a: Kommo-o|74/100|[from] item: Leftovers\n|upkeep\n|turn|3\n|c|\u2606Chien02|ngl, your strat so good\n|inactive|Chien02 has 30 seconds left.\n|\n|t:|1776026394\n|move|p1a: Kommo-o|Protect|p1a: Kommo-o\n|-singleturn|p1a: Kommo-o|Protect\n|move|p2b: Archaludon|Draco Meteor|p1a: Kommo-o\n|-activate|p1a: Kommo-o|move: Protect\n|move|p2a: Pelipper|Tailwind||[still]\n|-fail|p2a: Pelipper\n|move|p1b: Gengar|Shadow Ball|p2a: Pelipper\n|-damage|p2a: Pelipper|42/100\n|\n|-weather|RainDance|[upkeep]\n|-heal|p2b: Archaludon|44/100|[from] item: Leftovers\n|-heal|p1a: Kommo-o|79/100|[from] item: Leftovers\n|upkeep\n|turn|4\n|c|\u2606radstads|thank you geniunely i'm trying to fix some blind spots it's got still but it does SO good into setup teams\n|inactive|radstads has 30 seconds left.\n|c|\u2606Chien02|yes it is\n|inactive|radstads has 20 seconds left.\n|inactive|radstads has 15 seconds left.\n|inactive|radstads has 10 seconds left.\n|inactive|radstads has 5 seconds left.\n|\n|t:|1776026447\n|move|p1b: Gengar|Protect|p1b: Gengar\n|-singleturn|p1b: Gengar|Protect\n|move|p2b: Archaludon|Draco Meteor|p1a: Kommo-o\n|-supereffective|p1a: Kommo-o|1\n|-damage|p1a: Kommo-o|29/100\n|-unboost|p2b: Archaludon|spa|2\n|move|p2a: Pelipper|Tailwind||[still]\n|-fail|p2a: Pelipper\n|move|p1a: Kommo-o|Aura Sphere|p2b: Archaludon\n|-supereffective|p2b: Archaludon|1\n|-damage|p2b: Archaludon|0 fnt\n|faint|p2b: Archaludon\n|\n|-weather|RainDance|[upkeep]\n|-heal|p1a: Kommo-o|34/100|[from] item: Leftovers\n|-sideend|p2: Chien02|move: Tailwind\n|upkeep\n|\n|t:|1776026460\n|switch|p2b: Gengar|Gengar, L50, F|100/100\n|turn|5\n|\n|t:|1776026483\n|move|p1a: Kommo-o|Protect|p1a: Kommo-o\n|-singleturn|p1a: Kommo-o|Protect\n|move|p2b: Gengar|Protect|p2b: Gengar\n|-singleturn|p2b: Gengar|Protect\n|move|p1b: Gengar|Shadow Ball|p2b: Gengar\n|-activate|p2b: Gengar|move: Protect\n|move|p2a: Pelipper|Tailwind|p2a: Pelipper\n|-sidestart|p2: Chien02|move: Tailwind\n|\n|-weather|none\n|-heal|p1a: Kommo-o|40/100|[from] item: Leftovers\n|upkeep\n|turn|6\n|inactive|Chien02 has 30 seconds left.\n|\n|t:|1776026510\n|move|p2b: Gengar|Sludge Bomb|p1a: Kommo-o\n|-crit|p1a: Kommo-o\n|-damage|p1a: Kommo-o|0 fnt\n|faint|p1a: Kommo-o\n|move|p2a: Pelipper|Tailwind||[still]\n|-fail|p2a: Pelipper\n|move|p1b: Gengar|Shadow Ball|p2b: Gengar\n|-supereffective|p2b: Gengar|1\n|-damage|p2b: Gengar|0 fnt\n|faint|p2b: Gengar\n|\n|upkeep\n|\n|t:|1776026522\n|switch|p2b: Greninja|Greninja, L50, M|100/100\n|switch|p1a: Maushold|Maushold, L50|100/100\n|turn|7\n|\n|t:|1776026541\n|detailschange|p2b: Greninja|Greninja-Mega, L50, M\n|-mega|p2b: Greninja|Greninja|Greninjite\n|move|p2b: Greninja|Dark Pulse|p1a: Maushold\n|-start|p2b: Greninja|typechange|Dark|[from] ability: Protean\n|-damage|p1a: Maushold|39/100\n|move|p2a: Pelipper|Tailwind||[still]\n|-fail|p2a: Pelipper\n|move|p1b: Gengar|Shadow Ball|p2b: Greninja\n|-resisted|p2b: Greninja|1\n|-damage|p2b: Greninja|69/100\n|move|p1a: Maushold|Population Bomb|p2b: Greninja\n|-damage|p2b: Greninja|60/100\n|-damage|p2b: Greninja|52/100\n|-damage|p2b: Greninja|43/100\n|-damage|p2b: Greninja|34/100\n|-hitcount|p2b: Greninja|4\n|\n|upkeep\n|turn|8\n|inactive|radstads has 30 seconds left.\n|\n|t:|1776026567\n|move|p1a: Maushold|Helping Hand|p1b: Gengar\n|-singleturn|p1b: Gengar|Helping Hand|[of] p1a: Maushold\n|move|p2b: Greninja|Dark Pulse|p1a: Maushold\n|-damage|p1a: Maushold|0 fnt\n|faint|p1a: Maushold\n|move|p2a: Pelipper|Tailwind||[still]\n|-fail|p2a: Pelipper\n|move|p1b: Gengar|Shadow Ball|p2b: Greninja\n|-resisted|p2b: Greninja|1\n|-damage|p2b: Greninja|0 fnt\n|faint|p2b: Greninja\n|\n|-sideend|p2: Chien02|move: Tailwind\n|upkeep\n|turn|9\n|c|\u2606Chien02|gg man\n|-message|Chien02 forfeited.\n|\n|win|radstads\n|raw|radstads's rating: 1153 &rarr; <strong>1185</strong><br />(+32 for winning)\n|raw|Chien02's rating: 1258 &rarr; <strong>1226</strong><br />(-32 for losing)\n|l|\u2606Chien02\n|player|p2|\n|c|\u2606radstads|gg!\n",
  "uploadtime": 1776026583,
  "views": 13,
  "formatid": "gen9championsvgc2026regma",
  "rating": 1185,
  "private": 0,
  "password": null
}