{
  "id": "gen9championsvgc2026regma-2584596317",
  "format": "[Gen 9 Champions] VGC 2026 Reg M-A",
  "players": [
    "Flagbox",
    "Pegassin"
  ],
  "log": "|j|\u2606Flagbox\n|j|\u203dPegassin\n|t:|1776271077\n|gametype|doubles\n|player|p1|Flagbox|doubleteam|1103\n|player|p2|Pegassin|265|1135\n|gen|9\n|tier|[Gen 9 Champions] VGC 2026 Reg M-A\n|rated|\n|rule|Species Clause: Limit one of each Pok\u00e9mon\n|rule|Item Clause: Limit 1 of each item\n|clearpoke\n|poke|p1|Victreebel, L50, F|\n|poke|p1|Rotom-Wash, L50|\n|poke|p1|Tyranitar, L50, F|\n|poke|p1|Excadrill, L50, M|\n|poke|p1|Incineroar, L50, F|\n|poke|p1|Sinistcha, L50|\n|poke|p2|Floette-Eternal, L50, F|\n|poke|p2|Aerodactyl, L50, M|\n|poke|p2|Primarina, L50, F|\n|poke|p2|Maushold, L50|\n|poke|p2|Garchomp, L50, F|\n|poke|p2|Incineroar, L50, M|\n|teampreview|4\nPegassin has agreed to open team sheets.\n|\n|t:|1776271118\n|teamsize|p1|4\n|teamsize|p2|4\n|start\n|switch|p1a: Victreebel|Victreebel, L50, F|100/100\n|switch|p1b: Rotom|Rotom-Wash, L50|100/100\n|switch|p2a: Incineroar|Incineroar, L50, M|100/100\n|switch|p2b: Aerodactyl|Aerodactyl, L50, M|100/100\n|-ability|p2b: Aerodactyl|Unnerve\n|-ability|p2a: Incineroar|Intimidate|boost\n|-unboost|p1a: Victreebel|atk|1\n|-unboost|p1b: Rotom|atk|1\n|turn|1\n|inactive|Battle timer is ON: inactive players will automatically lose when time's up. (requested by Pegassin)\n|inactive|Flagbox has 60 seconds left.\n|\n|t:|1776271192\n|detailschange|p1a: Victreebel|Victreebel-Mega, L50, F\n|-mega|p1a: Victreebel|Victreebel|Victreebelite\n|move|p2a: Incineroar|Fake Out|p1b: Rotom\n|-damage|p1b: Rotom|81/100\n|cant|p1b: Rotom|flinch\n|move|p2b: Aerodactyl|Tailwind|p2b: Aerodactyl\n|-sidestart|p2: Pegassin|move: Tailwind\n|move|p1a: Victreebel|Sludge Bomb|p2a: Incineroar\n|-damage|p2a: Incineroar|65/100\n|\n|upkeep\n|turn|2\n|inactive|Flagbox has 30 seconds left.\n|inactive|Pegassin has 30 seconds left.\n|inactive|Flagbox has 20 seconds left.\n|inactive|Flagbox has 15 seconds left.\n|\n|t:|1776271237\n|move|p2b: Aerodactyl|Protect|p2b: Aerodactyl\n|-singleturn|p2b: Aerodactyl|Protect\n|move|p1b: Rotom|Hydro Pump|p2a: Incineroar\n|-supereffective|p2a: Incineroar|1\n|-damage|p2a: Incineroar|0 fnt\n|faint|p2a: Incineroar\n|move|p1a: Victreebel|Energy Ball|p2b: Aerodactyl\n|-activate|p2b: Aerodactyl|move: Protect\n|\n|upkeep\n|inactive|Pegassin has 30 seconds left.\n|\n|t:|1776271265\n|switch|p2a: Garchomp|Garchomp, L50, F|100/100\n|turn|3\n|inactive|Flagbox has 30 seconds left.\n|\n|t:|1776271292\n|move|p2b: Aerodactyl|Rock Slide|p1b: Rotom|[spread] p1a,p1b\n|-damage|p1a: Victreebel|80/100\n|-damage|p1b: Rotom|50/100\n|move|p2a: Garchomp|Dragon Claw|p1b: Rotom\n|-damage|p1b: Rotom|0 fnt\n|faint|p1b: Rotom\n|move|p1a: Victreebel|Energy Ball|p2b: Aerodactyl\n|-damage|p2b: Aerodactyl|42/100\n|\n|upkeep\n|\n|t:|1776271310\n|switch|p1b: Incineroar|Incineroar, L50, F|100/100\n|-ability|p1b: Incineroar|Intimidate|boost\n|-unboost|p2a: Garchomp|atk|1\n|-unboost|p2b: Aerodactyl|atk|1\n|-enditem|p2a: Garchomp|White Herb\n|-clearnegativeboost|p2a: Garchomp|[silent]\n|turn|4\n|inactive|Flagbox has 30 seconds left.\n|inactive|Flagbox has 20 seconds left.\n|inactive|Flagbox has 15 seconds left.\n|\n|t:|1776271354\n|switch|p1b: Sinistcha|Sinistcha, L50|100/100\n|-heal|p1a: Victreebel|100/100|[from] ability: Hospitality|[of] p1b: Sinistcha\n|move|p2b: Aerodactyl|Protect|p2b: Aerodactyl\n|-singleturn|p2b: Aerodactyl|Protect\n|move|p2a: Garchomp|Protect|p2a: Garchomp\n|-singleturn|p2a: Garchomp|Protect\n|move|p1a: Victreebel|Energy Ball|p2b: Aerodactyl\n|-activate|p2b: Aerodactyl|move: Protect\n|\n|-sideend|p2: Pegassin|move: Tailwind\n|upkeep\n|turn|5\n|inactive|Flagbox has 30 seconds left.\n|inactive|Pegassin has 30 seconds left.\n|\n|t:|1776271381\n|move|p2b: Aerodactyl|Tailwind|p2b: Aerodactyl\n|-sidestart|p2: Pegassin|move: Tailwind\n|move|p2a: Garchomp|Earthquake|p1a: Victreebel|[spread] p1a,p1b\n|-immune|p2b: Aerodactyl\n|-resisted|p1b: Sinistcha|1\n|-damage|p1a: Victreebel|73/100\n|-damage|p1b: Sinistcha|88/100\n|move|p1b: Sinistcha|Matcha Gotcha|p2b: Aerodactyl|[spread] p2a,p2b\n|-damage|p2a: Garchomp|74/100\n|-heal|p1b: Sinistcha|100/100|[from] drain|[of] p2a: Garchomp\n|-damage|p2b: Aerodactyl|10/100\n|move|p1a: Victreebel|Energy Ball|p2a: Garchomp\n|-damage|p2a: Garchomp|32/100\n|\n|upkeep\n|turn|6\n|inactive|Flagbox has 30 seconds left.\n|inactive|Flagbox has 20 seconds left.\n|\n|t:|1776271419\n|move|p2b: Aerodactyl|Dual Wingbeat|p1a: Victreebel\n|-supereffective|p1a: Victreebel|1\n|-damage|p1a: Victreebel|54/100\n|-supereffective|p1a: Victreebel|1\n|-damage|p1a: Victreebel|34/100\n|-hitcount|p1a: Victreebel|2\n|move|p2a: Garchomp|Earthquake|p1b: Sinistcha|[spread] p1a,p1b\n|-immune|p2b: Aerodactyl\n|-resisted|p1b: Sinistcha|1\n|-crit|p1b: Sinistcha\n|-damage|p1a: Victreebel|3/100\n|-damage|p1b: Sinistcha|79/100\n|move|p1b: Sinistcha|Matcha Gotcha|p2b: Aerodactyl|[spread] p2a\n|-miss|p1b: Sinistcha|p2b: Aerodactyl\n|-damage|p2a: Garchomp|5/100\n|-heal|p1b: Sinistcha|92/100|[from] drain|[of] p2a: Garchomp\n|move|p1a: Victreebel|Strength Sap|p2a: Garchomp\n|-unboost|p2a: Garchomp|atk|1\n|-heal|p1a: Victreebel|100/100\n|\n|-heal|p1b: Sinistcha|98/100|[from] item: Leftovers\n|upkeep\n|turn|7\n|inactive|Flagbox has 30 seconds left.\n|inactive|Pegassin has 30 seconds left.\n|inactiveoff|Battle timer is now OFF.\n|inactive|Battle timer is ON: inactive players will automatically lose when time's up. (requested by Flagbox)\n|\n|t:|1776271502\n|move|p1a: Victreebel|Protect|p1a: Victreebel\n|-singleturn|p1a: Victreebel|Protect\n|move|p2b: Aerodactyl|Dual Wingbeat|p1b: Sinistcha\n|-supereffective|p1b: Sinistcha|1\n|-damage|p1b: Sinistcha|80/100\n|-supereffective|p1b: Sinistcha|1\n|-damage|p1b: Sinistcha|62/100\n|-hitcount|p1b: Sinistcha|2\n|move|p2a: Garchomp|Dragon Claw|p1b: Sinistcha\n|-damage|p1b: Sinistcha|40/100\n|move|p1b: Sinistcha|Matcha Gotcha|p2a: Garchomp|[spread] p2a,p2b\n|-damage|p2a: Garchomp|0 fnt\n|-heal|p1b: Sinistcha|43/100|[from] drain|[of] p2a: Garchomp\n|-damage|p2b: Aerodactyl|0 fnt\n|-heal|p1b: Sinistcha|47/100|[from] drain|[of] p2b: Aerodactyl\n|faint|p2a: Garchomp\n|faint|p2b: Aerodactyl\n|\n|-heal|p1b: Sinistcha|53/100|[from] item: Leftovers\n|upkeep\n|\n|t:|1776271505\n|switch|p2b: Primarina|Primarina, L50, F|100/100\n|turn|8\n|inactive|Flagbox has 30 seconds left.\n|\n|t:|1776271532\n|move|p2b: Primarina|Moonblast|p1b: Sinistcha\n|-damage|p1b: Sinistcha|0 fnt\n|faint|p1b: Sinistcha\n|move|p1a: Victreebel|Energy Ball|p2b: Primarina\n|-supereffective|p2b: Primarina|1\n|-crit|p2b: Primarina\n|-damage|p2b: Primarina|0 fnt\n|faint|p2b: Primarina\n|\n|win|Flagbox\n|raw|Flagbox's rating: 1103 &rarr; <strong>1130</strong><br />(+27 for winning)\n|raw|Pegassin's rating: 1135 &rarr; <strong>1108</strong><br />(-27 for losing)\n",
  "uploadtime": 1776271532,
  "views": 19,
  "formatid": "gen9championsvgc2026regma",
  "rating": 1108,
  "private": 0,
  "password": null
}