{
  "id": "gen9championsvgc2026regma-2580405658",
  "format": "[Gen 9 Champions] VGC 2026 Reg M-A",
  "players": [
    "Charms_lol",
    "lolgz"
  ],
  "log": "|j|\u2606Charms_lol\n|j|\u2606lolgz\n|t:|1775891579\n|gametype|doubles\n|player|p1|Charms_lol|lillie-masters2|1000\n|player|p2|lolgz|266|1036\n|gen|9\n|tier|[Gen 9 Champions] VGC 2026 Reg M-A\n|rated|\n|rule|Species Clause: Limit one of each Pok\u00e9mon\n|rule|Item Clause: Limit 1 of each item\n|clearpoke\n|poke|p1|Torkoal, L50, M|\n|poke|p1|Delphox, L50, M|\n|poke|p1|Meowstic, L50, M|\n|poke|p1|Tauros-Paldea-Blaze, L50, M|\n|poke|p1|Dragapult, L50, F|\n|poke|p1|Incineroar, L50, M|\n|poke|p2|Charizard, L50, M|\n|poke|p2|Whimsicott, L50, F|\n|poke|p2|Basculegion, L50, M|\n|poke|p2|Farigiraf, L50, M|\n|poke|p2|Kangaskhan, L50, F|\n|poke|p2|Sneasler, L50, M|\n|teampreview|4\n|inactive|Battle timer is ON: inactive players will automatically lose when time's up. (requested by Charms_lol)\n|inactive|lolgz has 60 seconds left.\n|\n|t:|1775891658\n|teamsize|p1|4\n|teamsize|p2|4\n|start\n|switch|p1a: Delphox|Delphox, L50, M|100/100\n|switch|p1b: Incineroar|Incineroar, L50, M|100/100\n|switch|p2a: Whimsicott|Whimsicott, L50, F|100/100\n|switch|p2b: Basculegion|Basculegion, L50, M|100/100\n|-ability|p1b: Incineroar|Intimidate|boost\n|-unboost|p2a: Whimsicott|atk|1\n|-unboost|p2b: Basculegion|atk|1\n|turn|1\n|\n|t:|1775891670\n|detailschange|p1a: Delphox|Delphox-Mega, L50, M\n|-mega|p1a: Delphox|Delphox|Delphoxite\n|move|p1b: Incineroar|Fake Out|p2a: Whimsicott\n|-damage|p2a: Whimsicott|84/100\n|cant|p2a: Whimsicott|flinch\n|move|p1a: Delphox|Heat Wave|p2a: Whimsicott|[spread] p2a,p2b\n|-supereffective|p2a: Whimsicott|1\n|-resisted|p2b: Basculegion|1\n|-damage|p2a: Whimsicott|0 fnt\n|-damage|p2b: Basculegion|76/100\n|faint|p2a: Whimsicott\n|move|p2b: Basculegion|Wave Crash|p1a: Delphox\n|-supereffective|p1a: Delphox|1\n|-damage|p1a: Delphox|0 fnt\n|faint|p1a: Delphox\n|-damage|p2b: Basculegion|51/100|[from] Recoil\n|\n|upkeep\n|\n|t:|1775891685\n|switch|p1a: Torkoal|Torkoal, L50, M|100/100\n|switch|p2a: Sneasler|Sneasler, L50, M|100/100\n|-weather|SunnyDay|[from] ability: Drought|[of] p1a: Torkoal\n|turn|2\n|\n|t:|1775891698\n|move|p2a: Sneasler|Fake Out|p1a: Torkoal\n|-damage|p1a: Torkoal|89/100\n|move|p2b: Basculegion|Wave Crash|p1b: Incineroar\n|-supereffective|p1b: Incineroar|1\n|-damage|p1b: Incineroar|57/100\n|-damage|p2b: Basculegion|36/100|[from] Recoil\n|move|p1b: Incineroar|Darkest Lariat|p2b: Basculegion\n|-supereffective|p2b: Basculegion|1\n|-damage|p2b: Basculegion|0 fnt\n|faint|p2b: Basculegion\n|cant|p1a: Torkoal|flinch\n|\n|-weather|SunnyDay|[upkeep]\n|upkeep\n|\n|t:|1775891707\n|switch|p2b: Kangaskhan|Kangaskhan, L50, F|100/100\n|turn|3\n|\n|t:|1775891712\n|switch|p1b: Tauros|Tauros-Paldea-Blaze, L50, M|100/100\n|-ability|p1b: Tauros|Intimidate|boost\n|-unboost|p2a: Sneasler|atk|1\n|-fail|p2b: Kangaskhan|unboost|Attack|[from] ability: Scrappy|[of] p2b: Kangaskhan\n|-enditem|p2a: Sneasler|White Herb\n|-clearnegativeboost|p2a: Sneasler|[silent]\n|detailschange|p2b: Kangaskhan|Kangaskhan-Mega, L50, F\n|-mega|p2b: Kangaskhan|Kangaskhan|Kangaskhanite\n|move|p2b: Kangaskhan|Fake Out|p1a: Torkoal\n|-damage|p1a: Torkoal|71/100\n|-damage|p1a: Torkoal|67/100\n|-hitcount|p1a: Torkoal|2\n|move|p2a: Sneasler|Close Combat|p1b: Tauros\n|-damage|p1b: Tauros|37/100\n|-unboost|p2a: Sneasler|def|1\n|-unboost|p2a: Sneasler|spd|1\n|cant|p1a: Torkoal|flinch\n|\n|-weather|SunnyDay|[upkeep]\n|upkeep\n|turn|4\n|\n|t:|1775891736\n|switch|p1b: Incineroar|Incineroar, L50, M|57/100\n|-ability|p1b: Incineroar|Intimidate|boost\n|-unboost|p2a: Sneasler|atk|1\n|-unboost|p2b: Kangaskhan|atk|1\n|move|p2a: Sneasler|Close Combat|p1b: Incineroar\n|-supereffective|p1b: Incineroar|1\n|-damage|p1b: Incineroar|0 fnt\n|-unboost|p2a: Sneasler|def|1\n|-unboost|p2a: Sneasler|spd|1\n|faint|p1b: Incineroar\n|move|p2b: Kangaskhan|Double-Edge|p1a: Torkoal\n|-damage|p1a: Torkoal|35/100\n|-damage|p1a: Torkoal|28/100\n|-hitcount|p1a: Torkoal|2\n|-damage|p2b: Kangaskhan|88/100|[from] Recoil\n|move|p1a: Torkoal|Eruption|p2b: Kangaskhan|[spread] p2a,p2b\n|-damage|p2a: Sneasler|33/100\n|-damage|p2b: Kangaskhan|66/100\n|\n|-weather|SunnyDay|[upkeep]\n|upkeep\n|\n|t:|1775891743\n|switch|p1b: Tauros|Tauros-Paldea-Blaze, L50, M|37/100\n|-ability|p1b: Tauros|Intimidate|boost\n|-unboost|p2a: Sneasler|atk|1\n|-unboost|p2b: Kangaskhan|atk|1\n|turn|5\n|\n|t:|1775891757\n|move|p1b: Tauros|Protect|p1b: Tauros\n|-singleturn|p1b: Tauros|Protect\n|move|p2a: Sneasler|Close Combat|p1b: Tauros\n|-activate|p1b: Tauros|move: Protect\n|move|p2b: Kangaskhan|Double-Edge|p1a: Torkoal\n|-damage|p1a: Torkoal|0 fnt\n|faint|p1a: Torkoal\n|-hitcount|p1: Torkoal|1\n|-damage|p2b: Kangaskhan|58/100|[from] Recoil\n|\n|-weather|SunnyDay|[upkeep]\n|upkeep\n|turn|6\n|\n|t:|1775891780\n|move|p2b: Kangaskhan|Sucker Punch|p1b: Tauros\n|-resisted|p1b: Tauros|1\n|-damage|p1b: Tauros|32/100\n|-resisted|p1b: Tauros|1\n|-damage|p1b: Tauros|30/100\n|-hitcount|p1b: Tauros|2\n|move|p2a: Sneasler|Close Combat|p1b: Tauros\n|-damage|p1b: Tauros|0 fnt\n|-unboost|p2a: Sneasler|def|1\n|-unboost|p2a: Sneasler|spd|1\n|faint|p1b: Tauros\n|\n|win|lolgz\n|raw|Charms_lol's rating: 1000 &rarr; <strong>1000</strong><br />(+0 for losing)\n|raw|lolgz's rating: 1036 &rarr; <strong>1067</strong><br />(+31 for winning)\n",
  "uploadtime": 1775891780,
  "views": 17,
  "formatid": "gen9championsvgc2026regma",
  "rating": 1000,
  "private": 0,
  "password": null
}