{
  "id": "gen9championsvgc2026regma-2589536684",
  "format": "[Gen 9 Champions] VGC 2026 Reg M-A",
  "players": [
    "duvay",
    "benjitulio"
  ],
  "log": "|j|\u2606duvay\n|j|\u2606benjitulio\n|t:|1776731987\n|gametype|doubles\n|player|p1|duvay|102|1165\n|player|p2|benjitulio|wattson|1078\n|gen|9\n|tier|[Gen 9 Champions] VGC 2026 Reg M-A\n|rated|\n|rule|Species Clause: Limit one of each Pok\u00e9mon\n|rule|Item Clause: Limit 1 of each item\n|clearpoke\n|poke|p1|Tyrantrum, L50, F|\n|poke|p1|Talonflame, L50, M|\n|poke|p1|Sinistcha, L50|\n|poke|p1|Milotic, L50, M|\n|poke|p1|Gardevoir, L50, M|\n|poke|p1|Sneasler, L50, M|\n|poke|p2|Dragonite, L50, F|\n|poke|p2|Incineroar, L50, M|\n|poke|p2|Gyarados, L50, M|\n|poke|p2|Maushold-Four, L50|\n|poke|p2|Milotic, L50, M|\n|poke|p2|Whimsicott, L50, F|\n|teampreview|4\n|inactive|Battle timer is ON: inactive players will automatically lose when time's up. (requested by duvay)\nduvay rejected open team sheets.\n|inactive|duvay has 60 seconds left.\n|\n|t:|1776732046\n|teamsize|p1|4\n|teamsize|p2|4\n|start\n|switch|p1a: Milotic|Milotic, L50, M|100/100\n|switch|p1b: Gardevoir|Gardevoir, L50, M|100/100\n|switch|p2a: Dragonite|Dragonite, L50, F|100/100\n|switch|p2b: Maushold|Maushold-Four, L50|100/100\n|-ability|p1b: Gardevoir|Multiscale|Trace|[from] ability: Trace|[of] p2a: Dragonite\n|turn|1\n|\n|t:|1776732060\n|switch|p2a: Milotic|Milotic, L50, M|100/100\n|move|p2b: Maushold|Population Bomb|p1b: Gardevoir\n|-damage|p1b: Gardevoir|96/100\n|-damage|p1b: Gardevoir|85/100\n|-damage|p1b: Gardevoir|76/100\n|-damage|p1b: Gardevoir|66/100\n|-damage|p1b: Gardevoir|55/100\n|-damage|p1b: Gardevoir|46/100\n|-damage|p1b: Gardevoir|36/100\n|-damage|p1b: Gardevoir|27/100\n|-damage|p1b: Gardevoir|16/100\n|-damage|p1b: Gardevoir|6/100\n|-hitcount|p1b: Gardevoir|10\n|move|p1a: Milotic|Coil|p1a: Milotic\n|-boost|p1a: Milotic|atk|1\n|-boost|p1a: Milotic|def|1\n|-boost|p1a: Milotic|accuracy|1\n|move|p1b: Gardevoir|Trick Room|p1b: Gardevoir\n|-fieldstart|move: Trick Room|[of] p1b: Gardevoir\n|\n|upkeep\n|turn|2\n|inactive|duvay has 30 seconds left.\n|inactive|benjitulio has 30 seconds left.\n|\n|t:|1776732092\n|switch|p1b: Sinistcha|Sinistcha, L50|100/100\n|move|p1a: Milotic|Hypnosis|p2b: Maushold\n|-status|p2b: Maushold|slp|[from] move: Hypnosis\n|move|p2a: Milotic|Icy Wind|p1a: Milotic|[spread] p1a,p1b\n|-resisted|p1a: Milotic|1\n|-supereffective|p1b: Sinistcha|1\n|-damage|p1a: Milotic|95/100\n|-damage|p1b: Sinistcha|72/100\n|-unboost|p1a: Milotic|spe|1\n|-ability|p1a: Milotic|Competitive|boost\n|-boost|p1a: Milotic|spa|2\n|-unboost|p1b: Sinistcha|spe|1\n|cant|p2b: Maushold|slp\n|\n|-heal|p1a: Milotic|100/100|[from] item: Leftovers\n|upkeep\n|turn|3\n|\n|t:|1776732106\n|move|p1b: Sinistcha|Matcha Gotcha|p2a: Milotic|[spread] p2a\n|-miss|p1b: Sinistcha|p2b: Maushold\n|-supereffective|p2a: Milotic|1\n|-damage|p2a: Milotic|72/100\n|-heal|p1b: Sinistcha|88/100|[from] drain|[of] p2a: Milotic\n|move|p1a: Milotic|Muddy Water|p2b: Maushold|[spread] p2a,p2b\n|-resisted|p2a: Milotic|1\n|-damage|p2a: Milotic|54/100\n|-damage|p2b: Maushold|1/100 slp\n|-unboost|p2a: Milotic|accuracy|1\n|-ability|p2a: Milotic|Competitive|boost\n|-boost|p2a: Milotic|spa|2\n|move|p2a: Milotic|Ice Beam|p1b: Sinistcha\n|-supereffective|p1b: Sinistcha|1\n|-damage|p1b: Sinistcha|0 fnt\n|faint|p1b: Sinistcha\n|cant|p2b: Maushold|slp\n|\n|-heal|p2a: Milotic|60/100|[from] item: Leftovers\n|upkeep\n|\n|t:|1776732121\n|switch|p1b: Gardevoir|Gardevoir, L50, M|6/100\n|-ability|p1b: Gardevoir|Friend Guard|Trace|[from] ability: Trace|[of] p2b: Maushold\n|turn|4\n|\n|t:|1776732129\n|detailschange|p1b: Gardevoir|Gardevoir-Mega, L50, M\n|-mega|p1b: Gardevoir|Gardevoir|Gardevoirite\n|-curestatus|p2b: Maushold|slp|[msg]\n|move|p2b: Maushold|Follow Me|p2b: Maushold\n|-singleturn|p2b: Maushold|move: Follow Me\n|move|p1a: Milotic|Muddy Water|p2b: Maushold|[spread] p2a,p2b\n|-resisted|p2a: Milotic|1\n|-damage|p2a: Milotic|43/100\n|-damage|p2b: Maushold|0 fnt\n|faint|p2b: Maushold\n|move|p2a: Milotic|Scald|p1b: Gardevoir\n|-damage|p1b: Gardevoir|0 fnt\n|faint|p1b: Gardevoir\n|\n|-heal|p2a: Milotic|49/100|[from] item: Leftovers\n|upkeep\n|\n|t:|1776732144\n|switch|p1b: Sneasler|Sneasler, L50, M|100/100\n|switch|p2b: Whimsicott|Whimsicott, L50, F|100/100\n|turn|5\n|\n|t:|1776732160\n|move|p1b: Sneasler|Fake Out|p2b: Whimsicott\n|-damage|p2b: Whimsicott|78/100\n|cant|p2b: Whimsicott|flinch\n|move|p1a: Milotic|Hypnosis|p2a: Milotic\n|-status|p2a: Milotic|slp|[from] move: Hypnosis\n|cant|p2a: Milotic|slp\n|\n|-heal|p2a: Milotic|55/100 slp|[from] item: Leftovers\n|-fieldend|move: Trick Room\n|upkeep\n|turn|6\n|\n|t:|1776732176\n|move|p2b: Whimsicott|Tailwind|p2b: Whimsicott\n|-sidestart|p2: benjitulio|move: Tailwind\n|-curestatus|p2a: Milotic|slp|[msg]\n|move|p2a: Milotic|Scald|p1b: Sneasler\n|-enditem|p1b: Sneasler|Focus Sash\n|-damage|p1b: Sneasler|1/100\n|-status|p1b: Sneasler|brn\n|move|p1b: Sneasler|Dire Claw|p2b: Whimsicott\n|-supereffective|p2b: Whimsicott|2\n|-damage|p2b: Whimsicott|0 fnt\n|faint|p2b: Whimsicott\n|move|p1a: Milotic|Muddy Water|p2a: Milotic\n|-resisted|p2a: Milotic|1\n|-damage|p2a: Milotic|24/100\n|-unboost|p2a: Milotic|accuracy|1\n|-ability|p2a: Milotic|Competitive|boost\n|-boost|p2a: Milotic|spa|2\n|\n|-heal|p2a: Milotic|31/100|[from] item: Leftovers\n|-damage|p1b: Sneasler|0 fnt|[from] brn\n|faint|p1b: Sneasler\n|upkeep\n|\n|t:|1776732184\n|switch|p2b: Dragonite|Dragonite, L50, F|100/100\n|turn|7\n|\n|t:|1776732199\n|detailschange|p2b: Dragonite|Dragonite-Mega, L50, F\n|-mega|p2b: Dragonite|Dragonite|Dragoninite\n|move|p2b: Dragonite|Dragon Pulse|p1a: Milotic\n|-damage|p1a: Milotic|63/100\n|move|p2a: Milotic|Scald|p1a: Milotic\n|-resisted|p1a: Milotic|1\n|-damage|p1a: Milotic|22/100\n|-status|p1a: Milotic|brn\n|move|p1a: Milotic|Muddy Water|p2a: Milotic|[spread] p2a,p2b\n|-resisted|p2a: Milotic|1\n|-resisted|p2b: Dragonite|1\n|-damage|p2a: Milotic|8/100\n|-damage|p2b: Dragonite|87/100\n|\n|-heal|p2a: Milotic|14/100|[from] item: Leftovers\n|-heal|p1a: Milotic|28/100 brn|[from] item: Leftovers\n|-damage|p1a: Milotic|22/100 brn|[from] brn\n|upkeep\n|turn|8\n|\n|t:|1776732212\n|move|p2b: Dragonite|Dragon Pulse|p1a: Milotic\n|-damage|p1a: Milotic|0 fnt\n|faint|p1a: Milotic\n|\n|win|benjitulio\n|raw|duvay's rating: 1165 &rarr; <strong>1134</strong><br />(-31 for losing)\n|raw|benjitulio's rating: 1078 &rarr; <strong>1113</strong><br />(+35 for winning)\n",
  "uploadtime": 1776732213,
  "views": 4,
  "formatid": "gen9championsvgc2026regma",
  "rating": 1113,
  "private": 0,
  "password": null
}