{
  "id": "gen9championsvgc2026regma-2588531633",
  "format": "[Gen 9 Champions] VGC 2026 Reg M-A",
  "players": [
    "Spargoyle",
    "angelite_april"
  ],
  "log": "|j|\u2606Spargoyle\n|j|\u2606angelite_april\n|t:|1776642221\n|gametype|doubles\n|player|p1|Spargoyle|170|1000\n|player|p2|angelite_april|parasollady|1078\n|gen|9\n|tier|[Gen 9 Champions] VGC 2026 Reg M-A\n|rated|\n|rule|Species Clause: Limit one of each Pok\u00e9mon\n|rule|Item Clause: Limit 1 of each item\n|clearpoke\n|poke|p1|Decidueye-Hisui, L50, M|\n|poke|p1|Incineroar, L50, F|\n|poke|p1|Farigiraf, L50, F|\n|poke|p1|Golurk, L50|\n|poke|p1|Slowking, L50, M|\n|poke|p1|Empoleon, L50, M|\n|poke|p2|Lopunny, L50, M|\n|poke|p2|Basculegion, L50, M|\n|poke|p2|Pelipper, L50, M|\n|poke|p2|Archaludon, L50, M|\n|poke|p2|Sinistcha, L50|\n|poke|p2|Alcremie-Salted-Cream, L50, F|\n|teampreview|4\n|inactive|Battle timer is ON: inactive players will automatically lose when time's up. (requested by angelite_april)\n|c|\u2606angelite_april|Hi youtube\n|inactive|angelite_april has 60 seconds left.\n|c|\u2606Spargoyle|couldn't be me\n|c|\u2606Spargoyle|unless its your youtube\n|inactive|angelite_april has 30 seconds left.\n|\n|t:|1776642290\n|teamsize|p1|4\n|teamsize|p2|4\n|start\n|switch|p1a: Farigiraf|Farigiraf, L50, F|100/100\n|switch|p1b: Incineroar|Incineroar, L50, F|100/100\n|switch|p2a: Oracle|Sinistcha, L50|100/100\n|switch|p2b: Empress|Lopunny, L50, M|100/100\n|-ability|p1b: Incineroar|Intimidate|boost\n|-unboost|p2a: Oracle|atk|1\n|-unboost|p2b: Empress|atk|1\n|turn|1\n|inactive|angelite_april has 30 seconds left.\n|c|\u2606angelite_april|This team is givving youtube shorts \"Salty noobs crashes out when losing to mega glourk team epic sweep\"\n|inactive|angelite_april has 20 seconds left.\n|inactive|angelite_april has 15 seconds left.\n|inactive|angelite_april has 10 seconds left.\n|\n|t:|1776642337\n|move|p2b: Empress|Protect|p2b: Empress\n|-singleturn|p2b: Empress|Protect\n|move|p1b: Incineroar|Flare Blitz|p2a: Oracle\n|-supereffective|p2a: Oracle|1\n|-damage|p2a: Oracle|0 fnt\n|faint|p2a: Oracle\n|-damage|p1b: Incineroar|71/100|[from] Recoil\n|move|p1a: Farigiraf|Trick Room|p1a: Farigiraf\n|-fieldstart|move: Trick Room|[of] p1a: Farigiraf\n|\n|upkeep\n|\n|t:|1776642351\n|switch|p2a: Courrier|Pelipper, L50, M|100/100\n|-weather|RainDance|[from] ability: Drizzle|[of] p2a: Courrier\n|turn|2\n|\n|t:|1776642357\n|switch|p2b: Balterie|Basculegion, L50, M|100/100\n|move|p1a: Farigiraf|Hyper Voice|p2a: Courrier|[spread] p2a\n|-immune|p2b: Balterie\n|-damage|p2a: Courrier|35/100\n|move|p1b: Incineroar|Parting Shot|p2b: Balterie\n|-unboost|p2b: Balterie|atk|1\n|-unboost|p2b: Balterie|spa|1\n|\n|t:|1776642363\n|switch|p1b: Decidueye|Decidueye-Hisui, L50, M|100/100|[from] Parting Shot\n|move|p2a: Courrier|Weather Ball|p1b: Decidueye\n|-resisted|p1b: Decidueye|1\n|-damage|p1b: Decidueye|70/100\n|\n|-weather|RainDance|[upkeep]\n|upkeep\n|turn|3\n|inactive|angelite_april has 30 seconds left.\n|inactive|angelite_april has 20 seconds left.\n|inactive|angelite_april has 15 seconds left.\n|\n|t:|1776642405\n|switch|p2a: Empress|Lopunny, L50, M|100/100\n|move|p1a: Farigiraf|Hyper Voice|p2b: Balterie|[spread] p2a\n|-immune|p2b: Balterie\n|-damage|p2a: Empress|60/100\n|move|p1b: Decidueye|Leaf Blade|p2b: Balterie\n|-supereffective|p2b: Balterie|1\n|-damage|p2b: Balterie|0 fnt\n|faint|p2b: Balterie\n|\n|-weather|RainDance|[upkeep]\n|upkeep\n|\n|t:|1776642416\n|switch|p2b: Courrier|Pelipper, L50, M|35/100\n|turn|4\n|\n|t:|1776642428\n|move|p2b: Courrier|Protect|p2b: Courrier\n|-singleturn|p2b: Courrier|Protect\n|move|p2a: Empress|Protect|p2a: Empress\n|-singleturn|p2a: Empress|Protect\n|move|p1a: Farigiraf|Hyper Voice|p2a: Empress|[spread] \n|-activate|p2a: Empress|move: Protect\n|-activate|p2b: Courrier|move: Protect\n|move|p1b: Decidueye|Triple Arrows|p2a: Empress\n|-activate|p2a: Empress|move: Protect\n|\n|-weather|RainDance|[upkeep]\n|upkeep\n|turn|5\n|\n|t:|1776642442\n|detailschange|p2a: Empress|Lopunny-Mega, L50, M\n|-mega|p2a: Empress|Lopunny|Lopunnite\n|move|p2a: Empress|Protect|p2a: Empress\n|-singleturn|p2a: Empress|Protect\n|move|p1b: Decidueye|Triple Arrows|p2a: Empress\n|-activate|p2a: Empress|move: Protect\n|move|p1a: Farigiraf|Hyper Voice|p2a: Empress|[spread] p2b\n|-activate|p2a: Empress|move: Protect\n|-damage|p2b: Courrier|0 fnt\n|faint|p2b: Courrier\n|\n|-weather|RainDance|[upkeep]\n|-fieldend|move: Trick Room\n|upkeep\n|turn|6\n|-message|angelite_april forfeited.\n|\n|win|Spargoyle\n|raw|Spargoyle's rating: 1000 &rarr; <strong>1049</strong><br />(+49 for winning)\n|raw|angelite_april's rating: 1078 &rarr; <strong>1052</strong><br />(-26 for losing)\n|l|\u2606angelite_april\n|player|p2|\n",
  "uploadtime": 1776642464,
  "views": 21,
  "formatid": "gen9championsvgc2026regma",
  "rating": 1049,
  "private": 0,
  "password": null
}