{
  "id": "gen9championsvgc2026regma-2582978678",
  "format": "[Gen 9 Champions] VGC 2026 Reg M-A",
  "players": [
    "UnloshTheWash",
    "FantozziRagUgo"
  ],
  "log": "|j|\u203dUnloshTheWash\n|j|\u2606FantozziRagUgo\n|t:|1776130261\n|gametype|doubles\n|player|p1|UnloshTheWash|red|1300\n|player|p2|FantozziRagUgo|170|1291\n|gen|9\n|tier|[Gen 9 Champions] VGC 2026 Reg M-A\n|rated|\n|rule|Species Clause: Limit one of each Pok\u00e9mon\n|rule|Item Clause: Limit 1 of each item\n|clearpoke\n|poke|p1|Delphox, L50, F|\n|poke|p1|Mamoswine, L50, F|\n|poke|p1|Orthworm, L50, M|\n|poke|p1|Rotom-Wash, L50|\n|poke|p1|Maushold-Four, L50|\n|poke|p1|Sneasler, L50, M|\n|poke|p2|Tyranitar, L50, F|\n|poke|p2|Excadrill, L50, F|\n|poke|p2|Incineroar, L50, M|\n|poke|p2|Corviknight, L50, F|\n|poke|p2|Primarina, L50, M|\n|poke|p2|Sinistcha, L50|\n|teampreview|4\n|\n|t:|1776130301\n|teamsize|p1|4\n|teamsize|p2|4\n|start\n|switch|p1a: Mamoswine|Mamoswine, L50, F|100/100\n|switch|p1b: Orthworm|Orthworm, L50, M|100/100\n|switch|p2a: Excadrill|Excadrill, L50, F|100/100\n|switch|p2b: Corviknight|Corviknight, L50, F|100/100\n|turn|1\n|\n|t:|1776130325\n|move|p2a: Excadrill|Earthquake|p1b: Orthworm|[spread] p1a\n|-immune|p1b: Orthworm|[from] ability: Earth Eater\n|-immune|p2b: Corviknight\n|-damage|p1a: Mamoswine|51/100\n|move|p1a: Mamoswine|Earthquake|p2a: Excadrill|[spread] p2a\n|-immune|p1b: Orthworm|[from] ability: Earth Eater\n|-immune|p2b: Corviknight\n|-supereffective|p2a: Excadrill|1\n|-enditem|p2a: Excadrill|Focus Sash\n|-damage|p2a: Excadrill|1/100\n|move|p2b: Corviknight|Body Press|p1b: Orthworm\n|-supereffective|p1b: Orthworm|1\n|-damage|p1b: Orthworm|71/100\n|move|p1b: Orthworm|Body Press|p2a: Excadrill\n|-supereffective|p2a: Excadrill|1\n|-damage|p2a: Excadrill|0 fnt\n|faint|p2a: Excadrill\n|\n|upkeep\n|\n|t:|1776130344\n|switch|p2a: Sinistcha|Sinistcha, L50|100/100\n|turn|2\n|\n|t:|1776130361\n|move|p1a: Mamoswine|Icicle Crash|p2a: Sinistcha\n|-supereffective|p2a: Sinistcha|1\n|-damage|p2a: Sinistcha|31/100\n|move|p2b: Corviknight|Bulk Up|p2b: Corviknight\n|-boost|p2b: Corviknight|atk|1\n|-boost|p2b: Corviknight|def|1\n|move|p1b: Orthworm|Heavy Slam|p2a: Sinistcha\n|-damage|p2a: Sinistcha|2/100\n|cant|p2a: Sinistcha|flinch\n|\n|upkeep\n|turn|3\n|\n|t:|1776130381\n|switch|p2a: Tyranitar|Tyranitar, L50, F|100/100\n|-weather|Sandstorm|[from] ability: Sand Stream|[of] p2a: Tyranitar\n|move|p1a: Mamoswine|Earthquake|p2b: Corviknight|[spread] p2a\n|-heal|p1b: Orthworm|96/100|[from] ability: Earth Eater|[of] p1a: Mamoswine\n|-immune|p2b: Corviknight\n|-supereffective|p2a: Tyranitar|1\n|-damage|p2a: Tyranitar|24/100\n|move|p2b: Corviknight|Bulk Up|p2b: Corviknight\n|-boost|p2b: Corviknight|atk|1\n|-boost|p2b: Corviknight|def|1\n|move|p1b: Orthworm|Shed Tail|p1b: Orthworm\n|-start|p1b: Orthworm|Substitute|[from] move: Shed Tail\n|-damage|p1b: Orthworm|46/100\n|-enditem|p1b: Orthworm|Sitrus Berry|[eat]\n|-heal|p1b: Orthworm|71/100|[from] item: Sitrus Berry\n|\n|t:|1776130394\n|switch|p1b: Delphox|Delphox, L50, F|100/100|[from] Shed Tail\n|\n|-weather|Sandstorm|[upkeep]\n|-damage|p1b: Delphox|94/100|[from] Sandstorm\n|upkeep\n|turn|4\n|\n|t:|1776130404\n|detailschange|p1b: Delphox|Delphox-Mega, L50, F\n|-mega|p1b: Delphox|Delphox|Delphoxite\n|move|p2a: Tyranitar|Protect|p2a: Tyranitar\n|-singleturn|p2a: Tyranitar|Protect\n|move|p1b: Delphox|Nasty Plot|p1b: Delphox\n|-boost|p1b: Delphox|spa|2\n|move|p1a: Mamoswine|Earthquake|p2b: Corviknight|[spread] \n|-activate|p2a: Tyranitar|move: Protect\n|-immune|p1b: Delphox|[from] ability: Levitate\n|-immune|p2b: Corviknight\n|move|p2b: Corviknight|Body Press|p1a: Mamoswine\n|-supereffective|p1a: Mamoswine|1\n|-damage|p1a: Mamoswine|0 fnt\n|faint|p1a: Mamoswine\n|\n|-weather|Sandstorm|[upkeep]\n|-damage|p1b: Delphox|88/100|[from] Sandstorm\n|upkeep\n|\n|t:|1776130411\n|switch|p1a: Sneasler|Sneasler, L50, M|100/100\n|turn|5\n|\n|t:|1776130435\n|switch|p2a: Sinistcha|Sinistcha, L50|2/100\n|move|p1b: Delphox|Heat Wave|p2a: Sinistcha|[spread] p2a,p2b\n|-supereffective|p2a: Sinistcha|1\n|-supereffective|p2b: Corviknight|1\n|-damage|p2a: Sinistcha|0 fnt\n|-damage|p2b: Corviknight|0 fnt\n|faint|p2a: Sinistcha\n|faint|p2b: Corviknight\n|move|p1a: Sneasler|Close Combat|p2: Sinistcha|[notarget]\n|-fail|p1a: Sneasler\n|\n|-weather|Sandstorm|[upkeep]\n|-damage|p1b: Delphox|82/100|[from] Sandstorm\n|-damage|p1a: Sneasler|94/100|[from] Sandstorm\n|upkeep\n|-message|FantozziRagUgo forfeited.\n|\n|win|UnloshTheWash\n|raw|UnloshTheWash's rating: 1300 &rarr; <strong>1324</strong><br />(+24 for winning)\n|raw|FantozziRagUgo's rating: 1291 &rarr; <strong>1267</strong><br />(-24 for losing)\n|l|\u2606FantozziRagUgo\n|player|p2|\n",
  "uploadtime": 1776130443,
  "views": 34,
  "formatid": "gen9championsvgc2026regma",
  "rating": 1267,
  "private": 0,
  "password": null
}