{
  "id": "gen9championsvgc2026regma-2585186786",
  "format": "[Gen 9 Champions] VGC 2026 Reg M-A",
  "players": [
    "Forbranna",
    "lucio m"
  ],
  "log": "|j|\u2606Forbranna\n|j|\u2606lucio m\n|t:|1776322562\n|gametype|doubles\n|player|p1|Forbranna|265|1375\n|player|p2|lucio m|101|1361\n|gen|9\n|tier|[Gen 9 Champions] VGC 2026 Reg M-A\n|rated|\n|rule|Species Clause: Limit one of each Pok\u00e9mon\n|rule|Item Clause: Limit 1 of each item\n|clearpoke\n|poke|p1|Meganium, L50, F|\n|poke|p1|Tyranitar, L50, M|\n|poke|p1|Excadrill, L50, M|\n|poke|p1|Aegislash, L50, M|\n|poke|p1|Sinistcha, L50|\n|poke|p1|Talonflame, L50, M|\n|poke|p2|Charizard, L50, M|\n|poke|p2|Meganium, L50, F|\n|poke|p2|Corviknight, L50, F|\n|poke|p2|Garchomp, L50, F|\n|poke|p2|Gengar, L50, F|\n|poke|p2|Rotom-Wash, L50|\n|teampreview|4\n|inactive|Battle timer is ON: inactive players will automatically lose when time's up. (requested by Forbranna)\n|inactive|Forbranna has 60 seconds left.\n|\n|t:|1776322602\n|teamsize|p1|4\n|teamsize|p2|4\n|start\n|switch|p1a: Robespierre|Excadrill, L50, M, shiny|100/100\n|switch|p1b: Malcom X|Talonflame, L50, M, shiny|100/100\n|switch|p2a: Charizard|Charizard, L50, M|100/100\n|switch|p2b: Garchomp|Garchomp, L50, F|100/100\n|turn|1\n|\n|t:|1776322620\n|move|p2a: Charizard|Protect|p2a: Charizard\n|-singleturn|p2a: Charizard|Protect\n|move|p1b: Malcom X|Tailwind|p1b: Malcom X\n|-sidestart|p1: Forbranna|move: Tailwind\n|move|p1a: Robespierre|Rock Slide|p2b: Garchomp|[spread] p2b\n|-activate|p2a: Charizard|move: Protect\n|-resisted|p2b: Garchomp|1\n|-damage|p2b: Garchomp|90/100\n|cant|p2b: Garchomp|flinch\n|\n|upkeep\n|turn|2\n|\n|t:|1776322638\n|switch|p2a: Rotom|Rotom-Wash, L50|100/100\n|move|p1b: Malcom X|Will-O-Wisp|p2b: Garchomp\n|-status|p2b: Garchomp|brn\n|move|p1a: Robespierre|Rock Slide|p2a: Rotom|[spread] p2a,p2b\n|-crit|p2a: Rotom\n|-resisted|p2b: Garchomp|1\n|-damage|p2a: Rotom|64/100\n|-damage|p2b: Garchomp|78/100 brn\n|move|p2b: Garchomp|Rock Slide|p1a: Robespierre|[spread] p1a,p1b\n|-resisted|p1a: Robespierre|2\n|-supereffective|p1b: Malcom X|2\n|-damage|p1a: Robespierre|97/100\n|-damage|p1b: Malcom X|39/100\n|\n|-heal|p1b: Malcom X|44/100|[from] item: Leftovers\n|-damage|p2b: Garchomp|72/100 brn|[from] brn\n|upkeep\n|turn|3\n|inactive|Forbranna has 30 seconds left.\n|inactive|Forbranna has 20 seconds left.\n|inactive|Forbranna has 15 seconds left.\n|inactive|Forbranna has 10 seconds left.\n|\n|t:|1776322686\n|move|p1b: Malcom X|Dual Wingbeat|p2b: Garchomp\n|-damage|p2b: Garchomp|55/100 brn\n|-damage|p1b: Malcom X|32/100|[from] ability: Rough Skin|[of] p2b: Garchomp\n|-damage|p2b: Garchomp|37/100 brn\n|-damage|p1b: Malcom X|20/100|[from] ability: Rough Skin|[of] p2b: Garchomp\n|-hitcount|p2b: Garchomp|2\n|move|p1a: Robespierre|Earthquake|p2b: Garchomp|[spread] p2b\n|-immune|p1b: Malcom X\n|-immune|p2a: Rotom|[from] ability: Levitate\n|-damage|p2b: Garchomp|0 fnt\n|faint|p2b: Garchomp\n|move|p2a: Rotom|Will-O-Wisp|p1a: Robespierre|[miss]\n|-miss|p2a: Rotom|p1a: Robespierre\n|\n|-heal|p1b: Malcom X|26/100|[from] item: Leftovers\n|upkeep\n|\n|t:|1776322701\n|switch|p2b: Corviknight|Corviknight, L50, F|100/100\n|turn|4\n|\n|t:|1776322714\n|move|p1b: Malcom X|Will-O-Wisp|p2b: Corviknight\n|-status|p2b: Corviknight|brn\n|move|p1a: Robespierre|Rock Slide|p2a: Rotom|[spread] p2a,p2b\n|-damage|p2a: Rotom|42/100\n|-damage|p2b: Corviknight|85/100 brn\n|-enditem|p2a: Rotom|Sitrus Berry|[eat]\n|-heal|p2a: Rotom|67/100|[from] item: Sitrus Berry\n|cant|p2a: Rotom|flinch\n|cant|p2b: Corviknight|flinch\n|\n|-heal|p1b: Malcom X|31/100|[from] item: Leftovers\n|-heal|p2b: Corviknight|91/100 brn|[from] item: Leftovers\n|-damage|p2b: Corviknight|85/100 brn|[from] brn\n|-sideend|p1: Forbranna|move: Tailwind\n|upkeep\n|turn|5\n|c|\u2606lucio m|\uff1f\n|\n|t:|1776322734\n|move|p1b: Malcom X|Tailwind|p1b: Malcom X\n|-sidestart|p1: Forbranna|move: Tailwind\n|move|p1a: Robespierre|Rock Slide|p2a: Rotom|[spread] p2a,p2b\n|-damage|p2a: Rotom|42/100\n|-damage|p2b: Corviknight|70/100 brn\n|move|p2a: Rotom|Thunderbolt|p1b: Malcom X\n|-supereffective|p1b: Malcom X|1\n|-damage|p1b: Malcom X|0 fnt\n|faint|p1b: Malcom X\n|cant|p2b: Corviknight|flinch\n|\n|-heal|p2b: Corviknight|76/100 brn|[from] item: Leftovers\n|-damage|p2b: Corviknight|70/100 brn|[from] brn\n|upkeep\n|c|\u2606lucio m|\uff1f\n|\n|t:|1776322749\n|switch|p1b: Ivan IV|Tyranitar, L50, M, shiny|100/100\n|-weather|Sandstorm|[from] ability: Sand Stream|[of] p1b: Ivan IV\n|turn|6\n|\n|t:|1776322759\n|detailschange|p1b: Ivan IV|Tyranitar-Mega, L50, M, shiny\n|-mega|p1b: Ivan IV|Tyranitar|Tyranitarite\n|move|p1a: Robespierre|Rock Slide|p2a: Rotom|[spread] p2a,p2b\n|-damage|p2a: Rotom|18/100\n|-damage|p2b: Corviknight|56/100 brn\n|move|p1b: Ivan IV|Rock Slide|p2a: Rotom|[spread] p2a,p2b\n|-damage|p2a: Rotom|0 fnt\n|-damage|p2b: Corviknight|30/100 brn\n|faint|p2a: Rotom\n|cant|p2b: Corviknight|flinch\n|\n|-weather|Sandstorm|[upkeep]\n|-heal|p2b: Corviknight|36/100 brn|[from] item: Leftovers\n|-damage|p2b: Corviknight|30/100 brn|[from] brn\n|upkeep\n|\n|t:|1776322766\n|switch|p2a: Charizard|Charizard, L50, M|100/100\n|turn|7\n|\n|t:|1776322778\n|detailschange|p2a: Charizard|Charizard-Mega-Y, L50, M\n|-mega|p2a: Charizard|Charizard|Charizardite Y\n|-weather|SunnyDay|[from] ability: Drought|[of] p2a: Charizard\n|move|p2a: Charizard|Protect|p2a: Charizard\n|-singleturn|p2a: Charizard|Protect\n|move|p1a: Robespierre|Rock Slide|p2b: Corviknight|[spread] p2b\n|-activate|p2a: Charizard|move: Protect\n|-damage|p2b: Corviknight|16/100 brn\n|move|p1b: Ivan IV|Rock Slide|p2a: Charizard|[spread] p2b\n|-activate|p2a: Charizard|move: Protect\n|-damage|p2b: Corviknight|0 fnt\n|faint|p2b: Corviknight\n|\n|-weather|SunnyDay|[upkeep]\n|upkeep\n|turn|8\n|-message|lucio m forfeited.\n|\n|win|Forbranna\n|raw|Forbranna's rating: 1375 &rarr; <strong>1394</strong><br />(+19 for winning)\n|raw|lucio m's rating: 1361 &rarr; <strong>1342</strong><br />(-19 for losing)\n|l|\u2606lucio m\n|player|p2|\n|j|\u2606lucio m\n|player|p2|lucio m|101|\n",
  "uploadtime": 1776322788,
  "views": 35,
  "formatid": "gen9championsvgc2026regma",
  "rating": 1342,
  "private": 0,
  "password": null
}