{
  "id": "gen9championsvgc2026regma-2582455229",
  "format": "[Gen 9 Champions] VGC 2026 Reg M-A",
  "players": [
    "blookh",
    "lakhrahnaz"
  ],
  "log": "|j|\u2606blookh\n|j|\u2606lakhrahnaz\n|t:|1776092801\n|gametype|doubles\n|player|p1|blookh|265|\n|player|p2|lakhrahnaz|266|\n|gen|9\n|tier|[Gen 9 Champions] VGC 2026 Reg M-A\n|rule|Species Clause: Limit one of each Pok\u00e9mon\n|rule|Item Clause: Limit 1 of each item\n|clearpoke\n|poke|p1|Tyranitar, L50, M|\n|poke|p1|Excadrill, L50, M|\n|poke|p1|Incineroar, L50, F|\n|poke|p1|Rotom-Wash, L50|\n|poke|p1|Sinistcha, L50|\n|poke|p1|Sneasler, L50, F|\n|poke|p2|Gyarados, L50, F|\n|poke|p2|Sinistcha, L50|\n|poke|p2|Milotic, L50, M|\n|poke|p2|Clefable, L50, F|\n|poke|p2|Hydrapple, L50, M|\n|poke|p2|Basculegion, L50, M|\n|teampreview|4\n|\n|t:|1776092850\n|teamsize|p1|4\n|teamsize|p2|4\n|start\n|switch|p1a: Tyranitar|Tyranitar, L50, M|100/100\n|switch|p1b: Rotom|Rotom-Wash, L50|100/100\n|switch|p2a: Milotic|Milotic, L50, M|100/100\n|switch|p2b: Hydrapple|Hydrapple, L50, M|100/100\n|-weather|Sandstorm|[from] ability: Sand Stream|[of] p1a: Tyranitar\n|turn|1\n|\n|t:|1776092867\n|detailschange|p1a: Tyranitar|Tyranitar-Mega, L50, M\n|-mega|p1a: Tyranitar|Tyranitar|Tyranitarite\n|move|p1b: Rotom|Thunderbolt|p2a: Milotic\n|-supereffective|p2a: Milotic|1\n|-damage|p2a: Milotic|52/100\n|move|p2a: Milotic|Dragon Cheer|p2b: Hydrapple\n|-start|p2b: Hydrapple|move: Dragon Cheer\n|move|p1a: Tyranitar|Knock Off|p2a: Milotic\n|-crit|p2a: Milotic\n|-damage|p2a: Milotic|0 fnt\n|-enditem|p2a: Milotic|Leftovers|[from] move: Knock Off|[of] p1a: Tyranitar\n|faint|p2a: Milotic\n|move|p2b: Hydrapple|Leaf Storm|p1b: Rotom\n|-supereffective|p1b: Rotom|1\n|-crit|p1b: Rotom\n|-damage|p1b: Rotom|0 fnt\n|-unboost|p2b: Hydrapple|spa|2\n|faint|p1b: Rotom\n|\n|-weather|Sandstorm|[upkeep]\n|-damage|p2b: Hydrapple|94/100|[from] Sandstorm\n|upkeep\n|\n|t:|1776092889\n|switch|p1b: Excadrill|Excadrill, L50, M|100/100\n|switch|p2a: Clefable|Clefable, L50, F|100/100\n|turn|2\n|\n|t:|1776092899\n|detailschange|p2a: Clefable|Clefable-Mega, L50, F\n|-mega|p2a: Clefable|Clefable|Clefablite\n|move|p2a: Clefable|Protect|p2a: Clefable\n|-singleturn|p2a: Clefable|Protect\n|move|p1b: Excadrill|Iron Head|p2a: Clefable\n|-activate|p2a: Clefable|move: Protect\n|move|p1a: Tyranitar|Rock Slide|p2a: Clefable|[spread] p2b\n|-activate|p2a: Clefable|move: Protect\n|-damage|p2b: Hydrapple|62/100\n|move|p2b: Hydrapple|Earth Power|p1b: Excadrill\n|-supereffective|p1b: Excadrill|1\n|-crit|p1b: Excadrill\n|-enditem|p1b: Excadrill|Focus Sash\n|-damage|p1b: Excadrill|1/100\n|\n|-weather|Sandstorm|[upkeep]\n|-damage|p2a: Clefable|95/100|[from] Sandstorm\n|-damage|p2b: Hydrapple|56/100|[from] Sandstorm\n|upkeep\n|turn|3\n|\n|t:|1776092925\n|move|p1b: Excadrill|Iron Head|p2a: Clefable\n|-supereffective|p2a: Clefable|1\n|-damage|p2a: Clefable|34/100\n|move|p1a: Tyranitar|Rock Slide|p2a: Clefable|[spread] p2a,p2b\n|-supereffective|p2a: Clefable|1\n|-damage|p2a: Clefable|0 fnt\n|-damage|p2b: Hydrapple|28/100\n|faint|p2a: Clefable\n|move|p2b: Hydrapple|Leaf Storm|p1a: Tyranitar\n|-supereffective|p1a: Tyranitar|1\n|-crit|p1a: Tyranitar\n|-damage|p1a: Tyranitar|0 fnt\n|-unboost|p2b: Hydrapple|spa|2\n|faint|p1a: Tyranitar\n|\n|-weather|Sandstorm|[upkeep]\n|-damage|p2b: Hydrapple|22/100|[from] Sandstorm\n|upkeep\n|\n|t:|1776092939\n|switch|p1a: Sinistcha|Sinistcha, L50|100/100\n|switch|p2a: Basculegion|Basculegion, L50, M|100/100\n|-heal|p1b: Excadrill|26/100|[from] ability: Hospitality|[of] p1a: Sinistcha\n|turn|4\n|\n|t:|1776092965\n|move|p1b: Excadrill|Protect|p1b: Excadrill\n|-singleturn|p1b: Excadrill|Protect\n|move|p2a: Basculegion|Phantom Force||[still]\n|-prepare|p2a: Basculegion|Phantom Force\n|move|p1a: Sinistcha|Matcha Gotcha|p2b: Hydrapple|[spread] p2b\n|-miss|p1a: Sinistcha|p2a: Basculegion\n|-resisted|p2b: Hydrapple|2\n|-damage|p2b: Hydrapple|16/100\n|-status|p2b: Hydrapple|brn\n|move|p2b: Hydrapple|Draco Meteor|p1a: Sinistcha\n|-crit|p1a: Sinistcha\n|-damage|p1a: Sinistcha|0 fnt\n|-unboost|p2b: Hydrapple|spa|2\n|faint|p1a: Sinistcha\n|\n|-weather|Sandstorm|[upkeep]\n|-damage|p2a: Basculegion|94/100|[from] Sandstorm\n|-damage|p2b: Hydrapple|9/100 brn|[from] Sandstorm\n|-damage|p2b: Hydrapple|3/100 brn|[from] brn\n|upkeep\n|turn|5\n|\n|t:|1776092985\n|move|p1b: Excadrill|Protect||[still]\n|-fail|p1b: Excadrill\n|move|p2a: Basculegion|Phantom Force|p1b: Excadrill|[from] lockedmove\n|-damage|p1b: Excadrill|0 fnt\n|faint|p1b: Excadrill\n|\n|win|lakhrahnaz\n",
  "uploadtime": 1776092992,
  "views": 20,
  "formatid": "gen9championsvgc2026regma",
  "rating": null,
  "private": 0,
  "password": null
}