{
  "id": "gen9championsvgc2026regma-2581135693",
  "format": "[Gen 9 Champions] VGC 2026 Reg M-A",
  "players": [
    "daedae007",
    "XxThe17thLimexx"
  ],
  "log": "|j|\u2606daedae007\n|j|\u2606XxThe17thLimexx\n|t:|1775963304\n|gametype|doubles\n|player|p1|daedae007|265|1222\n|player|p2|XxThe17thLimexx|101|1284\n|gen|9\n|tier|[Gen 9 Champions] VGC 2026 Reg M-A\n|rated|\n|rule|Species Clause: Limit one of each Pok\u00e9mon\n|rule|Item Clause: Limit 1 of each item\n|clearpoke\n|poke|p1|Greninja-*, L50, M|\n|poke|p1|Kingambit, L50, F|\n|poke|p1|Kommo-o, L50, F|\n|poke|p1|Sinistcha-Masterpiece, L50|\n|poke|p1|Incineroar, L50, F|\n|poke|p1|Aerodactyl, L50, M|\n|poke|p2|Tyranitar, L50, M|\n|poke|p2|Sylveon, L50, F|\n|poke|p2|Farigiraf, L50, F|\n|poke|p2|Talonflame, L50, M|\n|poke|p2|Sinistcha, L50|\n|poke|p2|Blastoise, L50, F|\n|teampreview|4\nXxThe17thLimexx has agreed to open team sheets.\n|inactive|Battle timer is ON: inactive players will automatically lose when time's up. (requested by daedae007)\n|\n|t:|1775963362\n|teamsize|p1|4\n|teamsize|p2|4\n|start\n|switch|p1a: Kommo-o|Kommo-o, L50, F|100/100\n|switch|p1b: Sinistcha|Sinistcha-Masterpiece, L50|100/100\n|switch|p2a: Blastoise|Blastoise, L50, F|100/100\n|switch|p2b: Talonflame|Talonflame, L50, M|100/100\n|turn|1\n|\n|t:|1775963384\n|switch|p1b: Incineroar|Incineroar, L50, F|100/100\n|-ability|p1b: Incineroar|Intimidate|boost\n|-unboost|p2a: Blastoise|atk|1\n|-unboost|p2b: Talonflame|atk|1\n|move|p1a: Kommo-o|Protect|p1a: Kommo-o\n|-singleturn|p1a: Kommo-o|Protect\n|move|p2b: Talonflame|Flare Blitz|p1b: Incineroar\n|-resisted|p1b: Incineroar|1\n|-damage|p1b: Incineroar|86/100\n|-damage|p2b: Talonflame|94/100|[from] Recoil\n|move|p2a: Blastoise|Icy Wind|p1a: Kommo-o|[spread] p1b\n|-activate|p1a: Kommo-o|move: Protect\n|-resisted|p1b: Incineroar|1\n|-damage|p1b: Incineroar|82/100\n|-unboost|p1b: Incineroar|spe|1\n|\n|upkeep\n|turn|2\n|\n|t:|1775963405\n|move|p2b: Talonflame|Quick Guard|p2b: Talonflame\n|-singleturn|p2b: Talonflame|Quick Guard\n|move|p1b: Incineroar|Fake Out|p2a: Blastoise\n|-activate|p2a: Blastoise|move: Quick Guard\n|move|p2a: Blastoise|Icy Wind|p1b: Incineroar|[spread] p1a,p1b\n|-supereffective|p1a: Kommo-o|1\n|-resisted|p1b: Incineroar|1\n|-damage|p1a: Kommo-o|84/100\n|-damage|p1b: Incineroar|79/100\n|-unboost|p1a: Kommo-o|spe|1\n|-unboost|p1b: Incineroar|spe|1\n|move|p1a: Kommo-o|Clangorous Soul|p1a: Kommo-o\n|-boost|p1a: Kommo-o|atk|1\n|-boost|p1a: Kommo-o|def|1\n|-boost|p1a: Kommo-o|spa|1\n|-boost|p1a: Kommo-o|spd|1\n|-boost|p1a: Kommo-o|spe|1\n|-damage|p1a: Kommo-o|51/100\n|\n|-heal|p1a: Kommo-o|57/100|[from] item: Leftovers\n|upkeep\n|turn|3\n|\n|t:|1775963426\n|move|p1a: Kommo-o|Protect|p1a: Kommo-o\n|-singleturn|p1a: Kommo-o|Protect\n|move|p2b: Talonflame|Tailwind|p2b: Talonflame\n|-sidestart|p2: XxThe17thLimexx|move: Tailwind\n|move|p2a: Blastoise|Icy Wind|p1b: Incineroar|[spread] p1b\n|-activate|p1a: Kommo-o|move: Protect\n|-resisted|p1b: Incineroar|1\n|-damage|p1b: Incineroar|75/100\n|-unboost|p1b: Incineroar|spe|1\n|move|p1b: Incineroar|Parting Shot|p2b: Talonflame\n|-unboost|p2b: Talonflame|atk|1\n|-unboost|p2b: Talonflame|spa|1\n|\n|t:|1775963434\n|switch|p1b: Sinistcha|Sinistcha-Masterpiece, L50|100/100|[from] Parting Shot\n|-heal|p1a: Kommo-o|82/100|[from] ability: Hospitality|[of] p1b: Sinistcha\n|\n|-heal|p1a: Kommo-o|88/100|[from] item: Leftovers\n|upkeep\n|turn|4\n|\n|t:|1775963448\n|switch|p2b: Sylveon|Sylveon, L50, F|100/100\n|move|p2a: Blastoise|Icy Wind|p1b: Sinistcha|[spread] p1a,p1b\n|-supereffective|p1a: Kommo-o|1\n|-supereffective|p1b: Sinistcha|1\n|-damage|p1a: Kommo-o|78/100\n|-damage|p1b: Sinistcha|86/100\n|-unboost|p1a: Kommo-o|spe|1\n|-unboost|p1b: Sinistcha|spe|1\n|move|p1a: Kommo-o|Clanging Scales|p2b: Sylveon|[spread] p2a\n|-immune|p2b: Sylveon\n|-damage|p2a: Blastoise|53/100\n|-unboost|p1a: Kommo-o|def|1\n|move|p1b: Sinistcha|Trick Room|p1b: Sinistcha\n|-fieldstart|move: Trick Room|[of] p1b: Sinistcha\n|\n|-heal|p1a: Kommo-o|84/100|[from] item: Leftovers\n|upkeep\n|turn|5\n|inactive|XxThe17thLimexx has 30 seconds left.\n|\n|t:|1775963473\n|move|p1b: Sinistcha|Rage Powder|p1b: Sinistcha\n|-singleturn|p1b: Sinistcha|move: Rage Powder\n|move|p1a: Kommo-o|Aura Sphere|p2a: Blastoise\n|-damage|p2a: Blastoise|6/100\n|-enditem|p2a: Blastoise|Sitrus Berry|[eat]\n|-heal|p2a: Blastoise|31/100|[from] item: Sitrus Berry\n|move|p2b: Sylveon|Hyper Voice|p1b: Sinistcha|[spread] p1b\n|-immune|p1a: Kommo-o|[from] ability: Soundproof\n|-damage|p1b: Sinistcha|48/100\n|-enditem|p1b: Sinistcha|Sitrus Berry|[eat]\n|-heal|p1b: Sinistcha|73/100|[from] item: Sitrus Berry\n|move|p2a: Blastoise|Chilling Water|p1b: Sinistcha\n|-resisted|p1b: Sinistcha|1\n|-damage|p1b: Sinistcha|63/100\n|-unboost|p1b: Sinistcha|atk|1\n|\n|-heal|p1a: Kommo-o|91/100|[from] item: Leftovers\n|upkeep\n|turn|6\n|c|\u2606XxThe17thLimexx|Ruh roh\n|inactive|XxThe17thLimexx has 30 seconds left.\n|\n|t:|1775963505\n|move|p1b: Sinistcha|Rage Powder|p1b: Sinistcha\n|-singleturn|p1b: Sinistcha|move: Rage Powder\n|move|p1a: Kommo-o|Clanging Scales|p2b: Sylveon|[spread] p2a\n|-immune|p2b: Sylveon\n|-damage|p2a: Blastoise|0 fnt\n|faint|p2a: Blastoise\n|-unboost|p1a: Kommo-o|def|1\n|move|p2b: Sylveon|Yawn|p1b: Sinistcha\n|-start|p1b: Sinistcha|move: Yawn|[of] p2b: Sylveon\n|\n|-heal|p1a: Kommo-o|97/100|[from] item: Leftovers\n|-sideend|p2: XxThe17thLimexx|move: Tailwind\n|upkeep\n|\n|t:|1775963520\n|switch|p2a: Sinistcha|Sinistcha, L50|100/100\n|turn|7\n|\n|t:|1775963534\n|switch|p1b: Incineroar|Incineroar, L50, F|75/100\n|-ability|p1b: Incineroar|Intimidate|boost\n|-unboost|p2a: Sinistcha|atk|1\n|-unboost|p2b: Sylveon|atk|1\n|move|p1a: Kommo-o|Clanging Scales|p2b: Sylveon|[spread] p2a\n|-immune|p2b: Sylveon\n|-damage|p2a: Sinistcha|33/100\n|-unboost|p1a: Kommo-o|def|1\n|move|p2b: Sylveon|Yawn|p1a: Kommo-o\n|-start|p1a: Kommo-o|move: Yawn|[of] p2b: Sylveon\n|move|p2a: Sinistcha|Matcha Gotcha|p1b: Incineroar|[spread] p1a,p1b\n|-resisted|p1a: Kommo-o|1\n|-resisted|p1b: Incineroar|1\n|-damage|p1a: Kommo-o|86/100\n|-heal|p2a: Sinistcha|39/100|[from] drain|[of] p1a: Kommo-o\n|-damage|p1b: Incineroar|61/100\n|-heal|p2a: Sinistcha|47/100|[from] drain|[of] p1b: Incineroar\n|\n|-heal|p1a: Kommo-o|92/100|[from] item: Leftovers\n|-heal|p2a: Sinistcha|53/100|[from] item: Leftovers\n|upkeep\n|turn|8\n|inactive|XxThe17thLimexx has 30 seconds left.\n|inactive|daedae007 has 30 seconds left.\n|\n|t:|1775963576\n|switch|p1a: Sinistcha|Sinistcha-Masterpiece, L50|63/100\n|-heal|p1b: Incineroar|86/100|[from] ability: Hospitality|[of] p1a: Sinistcha\n|move|p2b: Sylveon|Protect|p2b: Sylveon\n|-singleturn|p2b: Sylveon|Protect\n|move|p2a: Sinistcha|Protect|p2a: Sinistcha\n|-singleturn|p2a: Sinistcha|Protect\n|move|p1b: Incineroar|Flare Blitz|p2a: Sinistcha\n|-activate|p2a: Sinistcha|move: Protect\n|\n|-heal|p2a: Sinistcha|59/100|[from] item: Leftovers\n|-fieldend|move: Trick Room\n|upkeep\n|turn|9\n|l|\u2606XxThe17thLimexx\n|inactive|XxThe17thLimexx disconnected and has a minute to reconnect!\n|player|p2|\n|j|\u2606XxThe17thLimexx\n|inactive|XxThe17thLimexx reconnected and has 45 seconds left.\n|player|p2|XxThe17thLimexx|101|\n|\n|t:|1775963601\n|move|p2a: Sinistcha|Shadow Ball|p1a: Sinistcha\n|-supereffective|p1a: Sinistcha|1\n|-damage|p1a: Sinistcha|0 fnt\n|faint|p1a: Sinistcha\n|move|p1b: Incineroar|Flare Blitz|p2a: Sinistcha\n|-supereffective|p2a: Sinistcha|1\n|-crit|p2a: Sinistcha\n|-damage|p2a: Sinistcha|0 fnt\n|faint|p2a: Sinistcha\n|-damage|p1b: Incineroar|69/100|[from] Recoil\n|move|p2b: Sylveon|Hyper Voice|p1b: Incineroar\n|-damage|p1b: Incineroar|15/100\n|\n|upkeep\n|\n|t:|1775963614\n|switch|p1a: Greninja|Greninja, L50, M|100/100\n|switch|p2a: Talonflame|Talonflame, L50, M|94/100\n|turn|10\n|\n|t:|1775963629\n|detailschange|p1a: Greninja|Greninja-Mega, L50, M\n|-mega|p1a: Greninja|Greninja|Greninjite\n|move|p1a: Greninja|Gunk Shot|p2b: Sylveon\n|-start|p1a: Greninja|typechange|Poison|[from] ability: Protean\n|-supereffective|p2b: Sylveon|1\n|-damage|p2b: Sylveon|0 fnt\n|faint|p2b: Sylveon\n|move|p2a: Talonflame|Tailwind|p2a: Talonflame\n|-sidestart|p2: XxThe17thLimexx|move: Tailwind\n|move|p1b: Incineroar|Parting Shot|p2a: Talonflame\n|-unboost|p2a: Talonflame|atk|1\n|-unboost|p2a: Talonflame|spa|1\n|\n|t:|1775963638\n|switch|p1b: Kommo-o|Kommo-o, L50, F|92/100|[from] Parting Shot\n|\n|-heal|p1b: Kommo-o|98/100|[from] item: Leftovers\n|upkeep\n|turn|11\n|c|\u2606XxThe17thLimexx|Gg\n|-message|XxThe17thLimexx forfeited.\n|\n|win|daedae007\n|raw|daedae007's rating: 1222 &rarr; <strong>1251</strong><br />(+29 for winning)\n|raw|XxThe17thLimexx's rating: 1284 &rarr; <strong>1255</strong><br />(-29 for losing)\n|l|\u2606XxThe17thLimexx\n|player|p2|\n",
  "uploadtime": 1775963663,
  "views": 34,
  "formatid": "gen9championsvgc2026regma",
  "rating": 1251,
  "private": 0,
  "password": null
}