{
  "id": "gen9championsvgc2026regma-2583222018",
  "format": "[Gen 9 Champions] VGC 2026 Reg M-A",
  "players": [
    "henitusec",
    "chaengluv"
  ],
  "log": "|j|\u2606henitusec\n|j|\u2606chaengluv\n|t:|1776156413\n|gametype|doubles\n|player|p1|henitusec|volo|1104\n|player|p2|chaengluv|169|1106\n|gen|9\n|tier|[Gen 9 Champions] VGC 2026 Reg M-A\n|rated|\n|rule|Species Clause: Limit one of each Pok\u00e9mon\n|rule|Item Clause: Limit 1 of each item\n|clearpoke\n|poke|p1|Gardevoir, L50, F|\n|poke|p1|Aegislash, L50, F|\n|poke|p1|Incineroar, L50, M|\n|poke|p1|Vivillon-Polar, L50, F|\n|poke|p1|Hydreigon, L50, M|\n|poke|p1|Tauros-Paldea-Aqua, L50, M|\n|poke|p2|Froslass, L50, F|\n|poke|p2|Rotom-Frost, L50|\n|poke|p2|Incineroar, L50, M|\n|poke|p2|Orthworm, L50, M|\n|poke|p2|Basculegion, L50, M|\n|poke|p2|Garchomp, L50, M|\n|teampreview|4\n|inactive|Battle timer is ON: inactive players will automatically lose when time's up. (requested by henitusec)\n|\n|t:|1776156441\n|teamsize|p1|4\n|teamsize|p2|4\n|start\n|switch|p1a: Gardevoir|Gardevoir, L50, F, shiny|100/100\n|switch|p1b: Incineroar|Incineroar, L50, M|100/100\n|switch|p2a: Incineroar|Incineroar, L50, M|100/100\n|switch|p2b: Orthworm|Orthworm, L50, M|100/100\n|-ability|p1a: Gardevoir|Earth Eater|Trace|[from] ability: Trace|[of] p2b: Orthworm\n|-ability|p1b: Incineroar|Intimidate|boost\n|-unboost|p2a: Incineroar|atk|1\n|-unboost|p2b: Orthworm|atk|1\n|-ability|p2a: Incineroar|Intimidate|boost\n|-unboost|p1a: Gardevoir|atk|1\n|-unboost|p1b: Incineroar|atk|1\n|turn|1\n|\n|t:|1776156458\n|detailschange|p1a: Gardevoir|Gardevoir-Mega, L50, F, shiny\n|-mega|p1a: Gardevoir|Gardevoir|Gardevoirite\n|move|p1b: Incineroar|Fake Out|p2b: Orthworm\n|-resisted|p2b: Orthworm|1\n|-damage|p2b: Orthworm|99/100\n|move|p2a: Incineroar|Fake Out|p1b: Incineroar\n|-damage|p1b: Incineroar|95/100\n|move|p1a: Gardevoir|Hyper Voice|p2a: Incineroar|[spread] p2a,p2b\n|-resisted|p2b: Orthworm|1\n|-damage|p2a: Incineroar|70/100\n|-damage|p2b: Orthworm|61/100\n|cant|p2b: Orthworm|flinch\n|\n|upkeep\n|turn|2\n|\n|t:|1776156478\n|move|p1a: Gardevoir|Hyper Voice|p2a: Incineroar|[spread] p2a,p2b\n|-crit|p2a: Incineroar\n|-resisted|p2b: Orthworm|1\n|-damage|p2a: Incineroar|17/100\n|-damage|p2b: Orthworm|23/100\n|-enditem|p2b: Orthworm|Sitrus Berry|[eat]\n|-heal|p2b: Orthworm|48/100|[from] item: Sitrus Berry\n|move|p1b: Incineroar|Flare Blitz|p2b: Orthworm\n|-supereffective|p2b: Orthworm|1\n|-damage|p2b: Orthworm|14/100\n|-damage|p1b: Incineroar|85/100|[from] Recoil\n|move|p2b: Orthworm|Heavy Slam|p1a: Gardevoir\n|-supereffective|p1a: Gardevoir|1\n|-damage|p1a: Gardevoir|38/100\n|move|p2a: Incineroar|Parting Shot|p1a: Gardevoir\n|-unboost|p1a: Gardevoir|atk|1\n|-unboost|p1a: Gardevoir|spa|1\n|\n|t:|1776156493\n|switch|p2a: Garchomp|Garchomp, L50, M|100/100|[from] Parting Shot\n|\n|upkeep\n|turn|3\n|\n|t:|1776156513\n|switch|p1a: Tauros|Tauros-Paldea-Aqua, L50, M|100/100\n|-ability|p1a: Tauros|Intimidate|boost\n|-unboost|p2a: Garchomp|atk|1\n|-unboost|p2b: Orthworm|atk|1\n|move|p2a: Garchomp|Earthquake|p1a: Tauros|[spread] p1a,p1b\n|-heal|p2b: Orthworm|39/100|[from] ability: Earth Eater|[of] p2a: Garchomp\n|-supereffective|p1b: Incineroar|1\n|-damage|p1a: Tauros|77/100\n|-damage|p1b: Incineroar|43/100\n|-enditem|p1b: Incineroar|Sitrus Berry|[eat]\n|-heal|p1b: Incineroar|68/100|[from] item: Sitrus Berry\n|move|p1b: Incineroar|Parting Shot|p2a: Garchomp\n|-unboost|p2a: Garchomp|atk|1\n|-unboost|p2a: Garchomp|spa|1\n|\n|t:|1776156530\n|switch|p1b: Gardevoir|Gardevoir-Mega, L50, F, shiny|38/100|[from] Parting Shot\n|move|p2b: Orthworm|Body Press|p1b: Gardevoir\n|-resisted|p1b: Gardevoir|2\n|-damage|p1b: Gardevoir|27/100\n|\n|upkeep\n|turn|4\n|inactive|chaengluv has 30 seconds left.\n|\n|t:|1776156559\n|move|p2a: Garchomp|Earthquake|p1b: Gardevoir|[spread] p1a,p1b\n|-heal|p2b: Orthworm|64/100|[from] ability: Earth Eater|[of] p2a: Garchomp\n|-damage|p1a: Tauros|60/100\n|-damage|p1b: Gardevoir|4/100\n|move|p1b: Gardevoir|Hyper Voice|p2b: Orthworm|[spread] p2a,p2b\n|-supereffective|p2a: Garchomp|1\n|-resisted|p2b: Orthworm|1\n|-enditem|p2a: Garchomp|Focus Sash\n|-damage|p2a: Garchomp|1/100\n|-damage|p2b: Orthworm|24/100\n|move|p1a: Tauros|Close Combat|p2b: Orthworm\n|-supereffective|p2b: Orthworm|1\n|-damage|p2b: Orthworm|0 fnt\n|-unboost|p1a: Tauros|def|1\n|-unboost|p1a: Tauros|spd|1\n|faint|p2b: Orthworm\n|\n|upkeep\n|\n|t:|1776156571\n|switch|p2b: Froslass|Froslass, L50, F|100/100\n|turn|5\n|\n|t:|1776156583\n|detailschange|p2b: Froslass|Froslass-Mega, L50, F\n|-mega|p2b: Froslass|Froslass|Froslassite\n|-weather|Snowscape|[from] ability: Snow Warning|[of] p2b: Froslass\n|move|p1a: Tauros|Aqua Jet|p2a: Garchomp\n|-damage|p2a: Garchomp|0 fnt\n|-damage|p1a: Tauros|47/100|[from] ability: Rough Skin|[of] p2a: Garchomp\n|faint|p2a: Garchomp\n|move|p2b: Froslass|Shadow Ball|p1a: Tauros\n|-damage|p1a: Tauros|0 fnt\n|faint|p1a: Tauros\n|move|p1b: Gardevoir|Future Sight|p2b: Froslass\n|-start|p1b: Gardevoir|move: Future Sight\n|\n|-weather|Snowscape|[upkeep]\n|upkeep\n|\n|t:|1776156598\n|switch|p2a: Incineroar|Incineroar, L50, M|17/100\n|switch|p1a: Incineroar|Incineroar, L50, M|68/100\n|-ability|p1a: Incineroar|Intimidate|boost\n|-unboost|p2a: Incineroar|atk|1\n|-unboost|p2b: Froslass|atk|1\n|-ability|p2a: Incineroar|Intimidate|boost\n|-unboost|p1a: Incineroar|atk|1\n|-unboost|p1b: Gardevoir|atk|1\n|turn|6\n|\n|t:|1776156612\n|move|p2a: Incineroar|Fake Out|p1a: Incineroar\n|-damage|p1a: Incineroar|62/100\n|move|p2b: Froslass|Blizzard|p1a: Incineroar|[spread] p1a,p1b\n|-resisted|p1a: Incineroar|1\n|-damage|p1a: Incineroar|41/100\n|-damage|p1b: Gardevoir|0 fnt\n|-status|p1a: Incineroar|frz\n|faint|p1b: Gardevoir\n|cant|p1a: Incineroar|flinch\n|\n|-weather|Snowscape|[upkeep]\n|upkeep\n|\n|t:|1776156617\n|switch|p1b: Aegislash|Aegislash, L50, F|100/100\n|turn|7\n|inactive|chaengluv has 30 seconds left.\n|inactive|henitusec has 30 seconds left.\n|\n|t:|1776156650\n|move|p1b: Aegislash|King's Shield|p1b: Aegislash\n|-singleturn|p1b: Aegislash|Protect\n|move|p2b: Froslass|Blizzard|p1b: Aegislash|[spread] p1a\n|-activate|p1b: Aegislash|move: Protect\n|-resisted|p1a: Incineroar|1\n|-damage|p1a: Incineroar|20/100 frz\n|-curestatus|p1a: Incineroar|frz|[from] move: Flare Blitz\n|move|p1a: Incineroar|Flare Blitz|p2b: Froslass\n|-supereffective|p2b: Froslass|1\n|-damage|p2b: Froslass|30/100\n|-damage|p1a: Incineroar|3/100|[from] Recoil\n|move|p2a: Incineroar|Darkest Lariat|p1a: Incineroar\n|-resisted|p1a: Incineroar|1\n|-damage|p1a: Incineroar|0 fnt\n|faint|p1a: Incineroar\n|\n|-weather|Snowscape|[upkeep]\n|-end|p2b: Froslass|move: Future Sight\n|-damage|p2b: Froslass|0 fnt\n|faint|p2b: Froslass\n|upkeep\n|turn|8\n|\n|t:|1776156675\n|-formechange|p1b: Aegislash|Aegislash-Blade|\n|move|p1b: Aegislash|Sacred Sword|p2a: Incineroar\n|-supereffective|p2a: Incineroar|1\n|-damage|p2a: Incineroar|0 fnt\n|faint|p2a: Incineroar\n|\n|win|henitusec\n|raw|henitusec's rating: 1104 &rarr; <strong>1129</strong><br />(+25 for winning)\n|raw|chaengluv's rating: 1106 &rarr; <strong>1081</strong><br />(-25 for losing)\n|l|\u2606chaengluv\n|player|p2|\n",
  "uploadtime": 1776156680,
  "views": 16,
  "formatid": "gen9championsvgc2026regma",
  "rating": 1081,
  "private": 0,
  "password": null
}