{
  "id": "gen9championsvgc2026regma-2585751189",
  "format": "[Gen 9 Champions] VGC 2026 Reg M-A",
  "players": [
    "Chef204",
    "jaffari epistani"
  ],
  "log": "|j|\u2606Chef204\n|j|\u2606jaffari epistani\n|t:|1776368066\n|gametype|doubles\n|player|p1|Chef204|cynthia-gen4|1150\n|player|p2|jaffari epistani|juan|1209\n|gen|9\n|tier|[Gen 9 Champions] VGC 2026 Reg M-A\n|rated|\n|rule|Species Clause: Limit one of each Pok\u00e9mon\n|rule|Item Clause: Limit 1 of each item\n|clearpoke\n|poke|p1|Delphox, L50, F|\n|poke|p1|Aerodactyl, L50, M|\n|poke|p1|Milotic, L50, F|\n|poke|p1|Garchomp, L50, M|\n|poke|p1|Archaludon, L50, M|\n|poke|p1|Tyranitar, L50, F|\n|poke|p2|Floette-Eternal, L50, F|\n|poke|p2|Sneasler, L50, F|\n|poke|p2|Basculegion, L50, M|\n|poke|p2|Aerodactyl, L50, F|\n|poke|p2|Sinistcha, L50|\n|poke|p2|Kangaskhan, L50, F|\n|teampreview|4\n|inactive|Battle timer is ON: inactive players will automatically lose when time's up. (requested by jaffari epistani)\n|inactive|Chef204 also wants the timer to be on.\n|inactive|Chef204 has 60 seconds left.\n|inactive|jaffari epistani has 60 seconds left.\n|\n|t:|1776368117\n|teamsize|p1|4\n|teamsize|p2|4\n|start\n|switch|p1a: Tyranitar|Tyranitar, L50, F|100/100\n|switch|p1b: Aerodactyl|Aerodactyl, L50, M|100/100\n|switch|p2a: Basculegion|Basculegion, L50, M|100/100\n|switch|p2b: Sneasler|Sneasler, L50, F|100/100\n|-ability|p1b: Aerodactyl|Unnerve\n|-weather|Sandstorm|[from] ability: Sand Stream|[of] p1a: Tyranitar\n|turn|1\n|\n|t:|1776368131\n|move|p1a: Tyranitar|Protect|p1a: Tyranitar\n|-singleturn|p1a: Tyranitar|Protect\n|move|p2a: Basculegion|Flip Turn|p1b: Aerodactyl\n|-supereffective|p1b: Aerodactyl|1\n|-enditem|p1b: Aerodactyl|Focus Sash\n|-damage|p1b: Aerodactyl|1/100\n|\n|t:|1776368145\n|switch|p2a: Sinistcha|Sinistcha, L50|100/100|[from] Flip Turn\n|move|p1b: Aerodactyl|Rock Slide|p2a: Sinistcha|[spread] p2a,p2b\n|-crit|p2a: Sinistcha\n|-resisted|p2b: Sneasler|1\n|-damage|p2a: Sinistcha|66/100\n|-damage|p2b: Sneasler|79/100\n|cant|p2b: Sneasler|flinch\n|\n|-weather|Sandstorm|[upkeep]\n|-damage|p2b: Sneasler|74/100|[from] Sandstorm\n|-damage|p2a: Sinistcha|60/100|[from] Sandstorm\n|upkeep\n|turn|2\n|inactive|jaffari epistani has 30 seconds left.\n|inactive|jaffari epistani has 20 seconds left.\n|inactive|jaffari epistani has 15 seconds left.\n|\n|t:|1776368193\n|detailschange|p1a: Tyranitar|Tyranitar-Mega, L50, F\n|-mega|p1a: Tyranitar|Tyranitar|Tyranitarite\n|move|p1b: Aerodactyl|Dual Wingbeat|p2b: Sneasler\n|-supereffective|p2b: Sneasler|1\n|-damage|p2b: Sneasler|13/100\n|-supereffective|p2b: Sneasler|1\n|-damage|p2b: Sneasler|0 fnt\n|faint|p2b: Sneasler\n|-hitcount|p2: Sneasler|2\n|move|p1a: Tyranitar|Knock Off|p2a: Sinistcha\n|-supereffective|p2a: Sinistcha|1\n|-damage|p2a: Sinistcha|0 fnt\n|-enditem|p2a: Sinistcha|Coba Berry|[from] move: Knock Off|[of] p1a: Tyranitar\n|faint|p2a: Sinistcha\n|\n|-weather|Sandstorm|[upkeep]\n|upkeep\n|\n|t:|1776368198\n|switch|p2b: Basculegion|Basculegion, L50, M|100/100\n|switch|p2a: Floette|Floette-Eternal, L50, F|100/100\n|turn|3\n|\n|t:|1776368219\n|detailschange|p2a: Floette|Floette-Mega, L50, F\n|-mega|p2a: Floette|Floette|Floettite\n|-ability|p2a: Floette|Fairy Aura\n|move|p1b: Aerodactyl|Protect|p1b: Aerodactyl\n|-singleturn|p1b: Aerodactyl|Protect\n|move|p2b: Basculegion|Last Respects|p1b: Aerodactyl\n|-activate|p1b: Aerodactyl|move: Protect\n|move|p2a: Floette|Calm Mind|p2a: Floette\n|-boost|p2a: Floette|spa|1\n|-boost|p2a: Floette|spd|1\n|move|p1a: Tyranitar|Knock Off|p2b: Basculegion\n|-supereffective|p2b: Basculegion|1\n|-damage|p2b: Basculegion|0 fnt\n|-enditem|p2b: Basculegion|Choice Scarf|[from] move: Knock Off|[of] p1a: Tyranitar\n|faint|p2b: Basculegion\n|\n|-weather|Sandstorm|[upkeep]\n|-damage|p2a: Floette|94/100|[from] Sandstorm\n|upkeep\n|turn|4\n|\n|t:|1776368236\n|move|p1b: Aerodactyl|Tailwind|p1b: Aerodactyl\n|-sidestart|p1: Chef204|move: Tailwind\n|move|p1a: Tyranitar|Rock Slide|p2a: Floette\n|-damage|p2a: Floette|44/100\n|move|p2a: Floette|Moonblast|p1a: Tyranitar\n|-supereffective|p1a: Tyranitar|1\n|-damage|p1a: Tyranitar|0 fnt\n|faint|p1a: Tyranitar\n|\n|-weather|Sandstorm|[upkeep]\n|-damage|p2a: Floette|38/100|[from] Sandstorm\n|upkeep\n|\n|t:|1776368247\n|switch|p1a: Archaludon|Archaludon, L50, M|100/100\n|turn|5\n|\n|t:|1776368253\n|move|p2a: Floette|Protect|p2a: Floette\n|-singleturn|p2a: Floette|Protect\n|move|p1b: Aerodactyl|Rock Slide|p2a: Floette\n|-activate|p2a: Floette|move: Protect\n|move|p1a: Archaludon|Flash Cannon|p2a: Floette\n|-activate|p2a: Floette|move: Protect\n|\n|-weather|none\n|upkeep\n|turn|6\n|\n|t:|1776368261\n|move|p1b: Aerodactyl|Dual Wingbeat|p2a: Floette\n|-damage|p2a: Floette|18/100\n|-damage|p2a: Floette|0 fnt\n|faint|p2a: Floette\n|-hitcount|p2: Floette|2\n|\n|win|Chef204\n|raw|Chef204's rating: 1150 &rarr; <strong>1179</strong><br />(+29 for winning)\n|raw|jaffari epistani's rating: 1209 &rarr; <strong>1180</strong><br />(-29 for losing)\n",
  "uploadtime": 1776368268,
  "views": 34,
  "formatid": "gen9championsvgc2026regma",
  "rating": 1179,
  "private": 0,
  "password": null
}