{
  "id": "gen9championsvgc2026regma-2580625804",
  "format": "[Gen 9 Champions] VGC 2026 Reg M-A",
  "players": [
    "miquellapolis",
    "BUJAZO"
  ],
  "log": "|j|\u2606miquellapolis\n|j|\u2606BUJAZO\n|t:|1775919230\n|gametype|doubles\n|player|p1|miquellapolis|clair|1063\n|player|p2|BUJAZO|veteran|1136\n|gen|9\n|tier|[Gen 9 Champions] VGC 2026 Reg M-A\n|rated|\n|rule|Species Clause: Limit one of each Pok\u00e9mon\n|rule|Item Clause: Limit 1 of each item\n|clearpoke\n|poke|p1|Charizard, L50, F|\n|poke|p1|Ninetales, L50, F|\n|poke|p1|Whimsicott, L50, F|\n|poke|p1|Delphox, L50, F|\n|poke|p1|Passimian, L50, M|\n|poke|p1|Garchomp, L50, F|\n|poke|p2|Froslass, L50, F|\n|poke|p2|Ninetales-Alola, L50, F|\n|poke|p2|Arcanine-Hisui, L50, M|\n|poke|p2|Kingambit, L50, F|\n|poke|p2|Sneasler, L50, M|\n|poke|p2|Rotom-Wash, L50|\n|teampreview|4\n|inactive|Battle timer is ON: inactive players will automatically lose when time's up. (requested by miquellapolis)\n|inactive|BUJAZO has 60 seconds left.\n|\n|t:|1775919263\n|teamsize|p1|4\n|teamsize|p2|4\n|start\n|switch|p1a: Delphox|Delphox, L50, F|100/100\n|switch|p1b: Whimsicott|Whimsicott, L50, F|100/100\n|switch|p2a: Froslass|Froslass, L50, F|100/100\n|switch|p2b: Sneasler|Sneasler, L50, M|100/100\n|turn|1\n|inactive|BUJAZO has 30 seconds left.\n|\n|t:|1775919291\n|detailschange|p2a: Froslass|Froslass-Mega, L50, F\n|-mega|p2a: Froslass|Froslass|Froslassite\n|-weather|Snowscape|[from] ability: Snow Warning|[of] p2a: Froslass\n|detailschange|p1a: Delphox|Delphox-Mega, L50, F\n|-mega|p1a: Delphox|Delphox|Delphoxite\n|move|p2b: Sneasler|Fake Out|p1b: Whimsicott\n|-damage|p1b: Whimsicott|79/100\n|cant|p1b: Whimsicott|flinch\n|move|p1a: Delphox|Heat Wave|p2b: Sneasler|[spread] p2a,p2b\n|-supereffective|p2a: Froslass|1\n|-damage|p2a: Froslass|0 fnt\n|-damage|p2b: Sneasler|39/100\n|faint|p2a: Froslass\n|\n|-weather|Snowscape|[upkeep]\n|upkeep\n|\n|t:|1775919301\n|switch|p2a: Arcanine|Arcanine-Hisui, L50, M|100/100\n|turn|2\n|\n|t:|1775919313\n|move|p1a: Delphox|Focus Blast|p2a: Arcanine|[miss]\n|-miss|p1a: Delphox|p2a: Arcanine\n|move|p2b: Sneasler|Coaching|p2a: Arcanine\n|-boost|p2a: Arcanine|atk|1\n|-boost|p2a: Arcanine|def|1\n|move|p1b: Whimsicott|Dazzling Gleam|p2a: Arcanine|[spread] p2a,p2b\n|-resisted|p2a: Arcanine|1\n|-damage|p2a: Arcanine|88/100\n|-damage|p2b: Sneasler|8/100\n|move|p2a: Arcanine|Head Smash|p1a: Delphox\n|-supereffective|p1a: Delphox|1\n|-damage|p1a: Delphox|0 fnt\n|faint|p1a: Delphox\n|\n|-weather|Snowscape|[upkeep]\n|upkeep\n|\n|t:|1775919330\n|switch|p1a: Garchomp|Garchomp, L50, F|100/100\n|turn|3\n|\n|t:|1775919336\n|move|p2a: Arcanine|Protect|p2a: Arcanine\n|-singleturn|p2a: Arcanine|Protect\n|move|p1b: Whimsicott|Tailwind|p1b: Whimsicott\n|-sidestart|p1: miquellapolis|move: Tailwind\n|move|p1a: Garchomp|Earthquake|p2a: Arcanine|[spread] p1b,p2b\n|-activate|p2a: Arcanine|move: Protect\n|-resisted|p1b: Whimsicott|1\n|-supereffective|p2b: Sneasler|1\n|-damage|p1b: Whimsicott|51/100\n|-damage|p2b: Sneasler|0 fnt\n|faint|p2b: Sneasler\n|\n|-weather|Snowscape|[upkeep]\n|upkeep\n|\n|t:|1775919341\n|switch|p2b: Ninetales|Ninetales-Alola, L50, F, shiny|100/100\n|turn|4\n|\n|t:|1775919364\n|move|p1a: Garchomp|Protect|p1a: Garchomp\n|-singleturn|p1a: Garchomp|Protect\n|move|p2a: Arcanine|Extreme Speed|p1a: Garchomp\n|-activate|p1a: Garchomp|move: Protect\n|move|p1b: Whimsicott|Dazzling Gleam|p2a: Arcanine|[spread] p2a,p2b\n|-resisted|p2a: Arcanine|1\n|-crit|p2a: Arcanine\n|-damage|p2a: Arcanine|66/100\n|-damage|p2b: Ninetales|72/100\n|move|p2b: Ninetales|Icy Wind|p1a: Garchomp|[spread] p1b\n|-activate|p1a: Garchomp|move: Protect\n|-supereffective|p1b: Whimsicott|1\n|-damage|p1b: Whimsicott|1/100\n|-unboost|p1b: Whimsicott|spe|1\n|\n|-weather|Snowscape|[upkeep]\n|upkeep\n|turn|5\n|inactive|miquellapolis has 30 seconds left.\n|\n|t:|1775919394\n|move|p2a: Arcanine|Protect|p2a: Arcanine\n|-singleturn|p2a: Arcanine|Protect\n|move|p1b: Whimsicott|Fake Tears|p2b: Ninetales\n|-unboost|p2b: Ninetales|spd|2\n|move|p1a: Garchomp|Earthquake|p2b: Ninetales|[spread] p1b,p2b\n|-activate|p2a: Arcanine|move: Protect\n|-resisted|p1b: Whimsicott|1\n|-damage|p1b: Whimsicott|0 fnt\n|-damage|p2b: Ninetales|30/100\n|faint|p1b: Whimsicott\n|move|p2b: Ninetales|Icy Wind|p1a: Garchomp\n|-supereffective|p1a: Garchomp|2\n|-damage|p1a: Garchomp|10/100\n|-unboost|p1a: Garchomp|spe|1\n|\n|-weather|none\n|upkeep\n|\n|t:|1775919406\n|switch|p1b: Ninetales|Ninetales, L50, F|100/100\n|-weather|SunnyDay|[from] ability: Drought|[of] p1b: Ninetales\n|turn|6\n|\n|t:|1775919415\n|move|p2a: Arcanine|Extreme Speed|p1a: Garchomp\n|-damage|p1a: Garchomp|0 fnt\n|-damage|p2a: Arcanine|53/100|[from] ability: Rough Skin|[of] p1a: Garchomp\n|faint|p1a: Garchomp\n|move|p1b: Ninetales|Heat Wave|p2b: Ninetales|[spread] p2a,p2b\n|-resisted|p2a: Arcanine|2\n|-supereffective|p2b: Ninetales|1\n|-damage|p2a: Arcanine|43/100\n|-damage|p2b: Ninetales|0 fnt\n|faint|p2b: Ninetales\n|\n|-weather|SunnyDay|[upkeep]\n|-sideend|p1: miquellapolis|move: Tailwind\n|upkeep\n|turn|7\n|\n|t:|1775919433\n|move|p1b: Ninetales|Heat Wave|p2a: Arcanine\n|-resisted|p2a: Arcanine|2\n|-damage|p2a: Arcanine|28/100\n|move|p2a: Arcanine|Head Smash|p1b: Ninetales\n|-supereffective|p1b: Ninetales|1\n|-enditem|p1b: Ninetales|Charti Berry|[eat]\n|-enditem|p1b: Ninetales|Charti Berry|[weaken]\n|-damage|p1b: Ninetales|0 fnt\n|faint|p1b: Ninetales\n|\n|win|BUJAZO\n|raw|miquellapolis's rating: 1063 &rarr; <strong>1048</strong><br />(-15 for losing)\n|raw|BUJAZO's rating: 1136 &rarr; <strong>1156</strong><br />(+20 for winning)\n|l|\u2606miquellapolis\n|player|p1|\n",
  "uploadtime": 1775919442,
  "views": 10,
  "formatid": "gen9championsvgc2026regma",
  "rating": 1048,
  "private": 0,
  "password": null
}