{
  "id": "gen9championsvgc2026regma-2587487913",
  "format": "[Gen 9 Champions] VGC 2026 Reg M-A",
  "players": [
    "salmonsalesman",
    "Pnjas"
  ],
  "log": "|j|\u203dsalmonsalesman\n|j|\u2606Pnjas\n|t:|1776536032\n|gametype|doubles\n|player|p1|salmonsalesman|fisherman-gen4|1347\n|player|p2|Pnjas|volkner|1345\n|gen|9\n|tier|[Gen 9 Champions] VGC 2026 Reg M-A\n|rated|\n|rule|Species Clause: Limit one of each Pok\u00e9mon\n|rule|Item Clause: Limit 1 of each item\n|clearpoke\n|poke|p1|Dragapult, L50, M|\n|poke|p1|Milotic, L50, F, shiny|\n|poke|p1|Sinistcha, L50|\n|poke|p1|Sneasler, L50, M|\n|poke|p1|Scizor, L50, F|\n|poke|p1|Pelipper, L50, F|\n|poke|p2|Delphox, L50, M|\n|poke|p2|Basculegion, L50, M|\n|poke|p2|Kingambit, L50, M|\n|poke|p2|Dragonite, L50, F|\n|poke|p2|Sneasler, L50, F|\n|poke|p2|Clefable, L50, M|\n|teampreview|4\n|j| Narcis5\n|l| Narcis5\n|inactive|Battle timer is ON: inactive players will automatically lose when time's up. (requested by salmonsalesman)\n|\n|t:|1776536108\n|teamsize|p1|4\n|teamsize|p2|4\n|start\n|switch|p1a: Dragapult|Dragapult, L50, M|100/100\n|switch|p1b: Sneasler|Sneasler, L50, M|100/100\n|switch|p2a: Clefable|Clefable, L50, M|100/100\n|switch|p2b: Delphox|Delphox, L50, M|100/100\n|turn|1\n|\n|t:|1776536126\n|move|p2b: Delphox|Protect|p2b: Delphox\n|-singleturn|p2b: Delphox|Protect\n|move|p1a: Dragapult|Phantom Force||[still]\n|-prepare|p1a: Dragapult|Phantom Force\n|move|p1b: Sneasler|Close Combat|p2a: Clefable\n|-resisted|p2a: Clefable|1\n|-damage|p2a: Clefable|68/100\n|-unboost|p1b: Sneasler|def|1\n|-unboost|p1b: Sneasler|spd|1\n|-enditem|p1b: Sneasler|White Herb\n|-clearnegativeboost|p1b: Sneasler|[silent]\n|move|p2a: Clefable|Moonblast|p1a: Dragapult|[miss]\n|-miss|p2a: Clefable|p1a: Dragapult\n|\n|upkeep\n|turn|2\n|inactive|Pnjas has 30 seconds left.\n|\n|t:|1776536161\n|detailschange|p2b: Delphox|Delphox-Mega, L50, M\n|-mega|p2b: Delphox|Delphox|Delphoxite\n|move|p2a: Clefable|Follow Me|p2a: Clefable\n|-singleturn|p2a: Clefable|move: Follow Me\n|move|p1b: Sneasler|Dire Claw|p2a: Clefable\n|-supereffective|p2a: Clefable|1\n|-damage|p2a: Clefable|0 fnt\n|faint|p2a: Clefable\n|move|p1a: Dragapult|Phantom Force|p2b: Delphox|[from] lockedmove\n|-supereffective|p2b: Delphox|1\n|-damage|p2b: Delphox|0 fnt\n|faint|p2b: Delphox\n|\n|upkeep\n|\n|t:|1776536171\n|switch|p2b: Basculegion|Basculegion, L50, M|100/100\n|switch|p2a: Kingambit|Kingambit, L50, M|100/100\n|turn|3\n|\n|t:|1776536185\n|move|p1b: Sneasler|Coaching|p1a: Dragapult\n|-boost|p1a: Dragapult|atk|1\n|-boost|p1a: Dragapult|def|1\n|move|p2b: Basculegion|Last Respects|p1b: Sneasler\n|-damage|p1b: Sneasler|0 fnt\n|faint|p1b: Sneasler\n|move|p1a: Dragapult|Phantom Force||[still]\n|-prepare|p1a: Dragapult|Phantom Force\n|move|p2a: Kingambit|Swords Dance|p2a: Kingambit\n|-boost|p2a: Kingambit|atk|2\n|\n|upkeep\n|\n|t:|1776536193\n|switch|p1b: Milotic|Milotic, L50, F, shiny|100/100\n|turn|4\n|\n|t:|1776536210\n|move|p2b: Basculegion|Last Respects|p1b: Milotic\n|-damage|p1b: Milotic|30/100\n|move|p1a: Dragapult|Phantom Force|p2b: Basculegion|[from] lockedmove\n|-supereffective|p2b: Basculegion|1\n|-damage|p2b: Basculegion|0 fnt\n|faint|p2b: Basculegion\n|move|p1b: Milotic|Scald|p2a: Kingambit\n|-damage|p2a: Kingambit|71/100\n|move|p2a: Kingambit|Kowtow Cleave|p1b: Milotic\n|-damage|p1b: Milotic|0 fnt\n|faint|p1b: Milotic\n|\n|upkeep\n|\n|t:|1776536222\n|switch|p1b: Scizor|Scizor, L50, F|100/100\n|turn|5\n|\n|t:|1776536233\n|detailschange|p1b: Scizor|Scizor-Mega, L50, F\n|-mega|p1b: Scizor|Scizor|Scizorite\n|move|p2a: Kingambit|Sucker Punch|p1b: Scizor\n|-damage|p1b: Scizor|32/100\n|move|p1a: Dragapult|Dragon Darts|p2a: Kingambit\n|-resisted|p2a: Kingambit|1\n|-damage|p2a: Kingambit|56/100\n|-anim|p1a: Dragapult|Dragon Darts|p2a: Kingambit\n|-resisted|p2a: Kingambit|1\n|-damage|p2a: Kingambit|41/100\n|move|p1b: Scizor|Bug Bite|p2a: Kingambit\n|-damage|p2a: Kingambit|0 fnt\n|faint|p2a: Kingambit\n|\n|win|salmonsalesman\n|raw|salmonsalesman's rating: 1347 &rarr; <strong>1367</strong><br />(+20 for winning)\n|raw|Pnjas's rating: 1345 &rarr; <strong>1325</strong><br />(-20 for losing)\n",
  "uploadtime": 1776536240,
  "views": 20,
  "formatid": "gen9championsvgc2026regma",
  "rating": 1325,
  "private": 0,
  "password": null
}