{
  "id": "gen9championsvgc2026regma-2584817640",
  "format": "[Gen 9 Champions] VGC 2026 Reg M-A",
  "players": [
    "isabellissima",
    "GringleBerry"
  ],
  "log": "|j|\u2606isabellissima\n|j|\u2606GringleBerry\n|t:|1776285911\n|gametype|doubles\n|player|p1|isabellissima|2|1098\n|player|p2|GringleBerry|169|1097\n|gen|9\n|tier|[Gen 9 Champions] VGC 2026 Reg M-A\n|rated|\n|rule|Species Clause: Limit one of each Pok\u00e9mon\n|rule|Item Clause: Limit 1 of each item\n|clearpoke\n|poke|p1|Incineroar, L50, M|\n|poke|p1|Gengar, L50, F|\n|poke|p1|Sneasler, L50, M|\n|poke|p1|Maushold-Four, L50|\n|poke|p1|Kommo-o, L50, F|\n|poke|p1|Politoed, L50, F|\n|poke|p2|Gallade, L50, M|\n|poke|p2|Maushold-Four, L50|\n|poke|p2|Aerodactyl, L50, M|\n|poke|p2|Archaludon, L50, M|\n|poke|p2|Incineroar, L50, F|\n|poke|p2|Meganium, L50, F|\n|teampreview|4\n|inactive|Battle timer is ON: inactive players will automatically lose when time's up. (requested by isabellissima)\n|\n|t:|1776285965\n|teamsize|p1|4\n|teamsize|p2|4\n|start\n|switch|p1a: Incineroar|Incineroar, L50, M, shiny|100/100\n|switch|p1b: Gengar|Gengar, L50, F, shiny|100/100\n|switch|p2a: Incineroar|Incineroar, L50, F|100/100\n|switch|p2b: Gallade|Gallade, L50, M|100/100\n|-ability|p2a: Incineroar|Intimidate|boost\n|-unboost|p1a: Incineroar|atk|1\n|-unboost|p1b: Gengar|atk|1\n|-ability|p1a: Incineroar|Intimidate|boost\n|-unboost|p2a: Incineroar|atk|1\n|-unboost|p2b: Gallade|atk|1\n|turn|1\n|inactive|isabellissima has 30 seconds left.\n|inactive|GringleBerry has 30 seconds left.\n|\n|t:|1776285994\n|detailschange|p1b: Gengar|Gengar-Mega, L50, F, shiny\n|-mega|p1b: Gengar|Gengar|Gengarite\n|detailschange|p2b: Gallade|Gallade-Mega, L50, M\n|-mega|p2b: Gallade|Gallade|Galladite\n|move|p1b: Gengar|Protect|p1b: Gengar\n|-singleturn|p1b: Gengar|Protect\n|move|p2a: Incineroar|Fake Out|p1a: Incineroar\n|-damage|p1a: Incineroar|95/100\n|move|p2b: Gallade|Zen Headbutt|p1b: Gengar\n|-activate|p1b: Gengar|move: Protect\n|cant|p1a: Incineroar|flinch\n|\n|upkeep\n|turn|2\n|inactive|isabellissima has 30 seconds left.\n|inactive|GringleBerry has 30 seconds left.\n|inactive|GringleBerry has 20 seconds left.\n|inactive|GringleBerry has 15 seconds left.\n|\n|t:|1776286035\n|move|p2b: Gallade|Zen Headbutt|p1b: Gengar\n|-supereffective|p1b: Gengar|1\n|-damage|p1b: Gengar|27/100\n|move|p1b: Gengar|Shadow Ball|p2b: Gallade\n|-supereffective|p2b: Gallade|1\n|-damage|p2b: Gallade|0 fnt\n|faint|p2b: Gallade\n|move|p2a: Incineroar|Throat Chop|p1b: Gengar\n|-supereffective|p1b: Gengar|1\n|-damage|p1b: Gengar|0 fnt\n|faint|p1b: Gengar\n|move|p1a: Incineroar|Throat Chop|p2a: Incineroar\n|-resisted|p2a: Incineroar|1\n|-damage|p2a: Incineroar|90/100\n|-start|p2a: Incineroar|Throat Chop|[silent]\n|\n|-heal|p2a: Incineroar|96/100|[from] item: Leftovers\n|upkeep\n|\n|t:|1776286057\n|switch|p2b: Archaludon|Archaludon, L50, M|100/100\n|switch|p1b: Sneasler|Sneasler, L50, M|100/100\n|turn|3\n|\n|t:|1776286078\n|move|p2b: Archaludon|Protect|p2b: Archaludon\n|-singleturn|p2b: Archaludon|Protect\n|move|p1b: Sneasler|Close Combat|p2a: Incineroar\n|-supereffective|p2a: Incineroar|1\n|-damage|p2a: Incineroar|0 fnt\n|-unboost|p1b: Sneasler|def|1\n|-unboost|p1b: Sneasler|spd|1\n|faint|p2a: Incineroar\n|-enditem|p1b: Sneasler|White Herb\n|-clearnegativeboost|p1b: Sneasler|[silent]\n|move|p1a: Incineroar|Throat Chop|p2b: Archaludon\n|-activate|p2b: Archaludon|move: Protect\n|\n|upkeep\n|\n|t:|1776286091\n|switch|p2a: Maushold|Maushold-Four, L50|100/100\n|turn|4\n|\n|t:|1776286108\n|switch|p1a: Maushold|Maushold-Four, L50|100/100\n|move|p1b: Sneasler|Close Combat|p2b: Archaludon\n|-supereffective|p2b: Archaludon|1\n|-damage|p2b: Archaludon|14/100\n|-unboost|p1b: Sneasler|def|1\n|-unboost|p1b: Sneasler|spd|1\n|-ability|p2b: Archaludon|Stamina|boost\n|-boost|p2b: Archaludon|def|1\n|-enditem|p2b: Archaludon|Sitrus Berry|[eat]\n|-heal|p2b: Archaludon|39/100|[from] item: Sitrus Berry\n|move|p2a: Maushold|Beat Up|p2b: Archaludon\n|-damage|p2b: Archaludon|38/100\n|-ability|p2b: Archaludon|Stamina|boost\n|-boost|p2b: Archaludon|def|1\n|-damage|p2b: Archaludon|38/100\n|-ability|p2b: Archaludon|Stamina|boost\n|-boost|p2b: Archaludon|def|1\n|-hitcount|p2b: Archaludon|2\n|move|p2b: Archaludon|Draco Meteor|p1b: Sneasler|[miss]\n|-miss|p2b: Archaludon|p1b: Sneasler\n|\n|upkeep\n|turn|5\n|inactive|isabellissima has 30 seconds left.\n|inactive|GringleBerry has 30 seconds left.\n|\n|t:|1776286142\n|move|p2b: Archaludon|Protect|p2b: Archaludon\n|-singleturn|p2b: Archaludon|Protect\n|move|p1b: Sneasler|Close Combat|p2a: Maushold\n|-supereffective|p2a: Maushold|1\n|-enditem|p2a: Maushold|Focus Sash\n|-damage|p2a: Maushold|1/100\n|-unboost|p1b: Sneasler|def|1\n|-unboost|p1b: Sneasler|spd|1\n|move|p2a: Maushold|Taunt|p1a: Maushold\n|-start|p1a: Maushold|move: Taunt\n|move|p1a: Maushold|Super Fang|p2b: Archaludon\n|-activate|p2b: Archaludon|move: Protect\n|\n|upkeep\n|turn|6\n|inactive|GringleBerry has 30 seconds left.\n|\n|t:|1776286169\n|switch|p1b: Incineroar|Incineroar, L50, M, shiny|95/100\n|-ability|p1b: Incineroar|Intimidate|boost\n|-unboost|p2a: Maushold|atk|1\n|-unboost|p2b: Archaludon|atk|1\n|move|p2a: Maushold|Protect|p2a: Maushold\n|-singleturn|p2a: Maushold|Protect\n|move|p1a: Maushold|Super Fang|p2a: Maushold\n|-activate|p2a: Maushold|move: Protect\n|move|p2b: Archaludon|Draco Meteor|p1b: Incineroar\n|-damage|p1b: Incineroar|41/100\n|-unboost|p2b: Archaludon|spa|2\n|-enditem|p1b: Incineroar|Sitrus Berry|[eat]\n|-heal|p1b: Incineroar|65/100|[from] item: Sitrus Berry\n|\n|upkeep\n|turn|7\n|-message|GringleBerry forfeited.\n|\n|win|isabellissima\n|raw|isabellissima's rating: 1098 &rarr; <strong>1123</strong><br />(+25 for winning)\n|raw|GringleBerry's rating: 1097 &rarr; <strong>1073</strong><br />(-24 for losing)\n|l|\u2606GringleBerry\n|player|p2|\n",
  "uploadtime": 1776286187,
  "views": 50,
  "formatid": "gen9championsvgc2026regma",
  "rating": 1073,
  "private": 0,
  "password": null
}