{
  "id": "gen9championsvgc2026regma-2583048163",
  "format": "[Gen 9 Champions] VGC 2026 Reg M-A",
  "players": [
    "ferenainexi",
    "sammyvv"
  ],
  "log": "|j|\u2606ferenainexi\n|j|\u2606sammyvv\n|t:|1776136523\n|gametype|doubles\n|player|p1|ferenainexi|scientistf|1050\n|player|p2|sammyvv|n|1048\n|gen|9\n|tier|[Gen 9 Champions] VGC 2026 Reg M-A\n|rated|\n|rule|Species Clause: Limit one of each Pok\u00e9mon\n|rule|Item Clause: Limit 1 of each item\n|clearpoke\n|poke|p1|Heracross, L50, M|\n|poke|p1|Vivillon, L50, M|\n|poke|p1|Kleavor, L50, M|\n|poke|p1|Clawitzer, L50, F|\n|poke|p1|Araquanid, L50, M|\n|poke|p1|Scizor, L50, M|\n|poke|p2|Abomasnow, L50, F|\n|poke|p2|Hatterene, L50, F|\n|poke|p2|Avalugg-Hisui, L50, M|\n|poke|p2|Kingambit, L50, F|\n|poke|p2|Milotic, L50, M|\n|poke|p2|Incineroar, L50, F|\n|teampreview|4\n|\n|t:|1776136543\n|teamsize|p1|4\n|teamsize|p2|4\n|start\n|switch|p1a: Vivillon|Vivillon, L50, M|100/100\n|switch|p1b: Kleavor|Kleavor, L50, M|100/100\n|switch|p2a: Abomasnow|Abomasnow, L50, F, shiny|100/100\n|switch|p2b: Hatterene|Hatterene, L50, F|100/100\n|-weather|Snowscape|[from] ability: Snow Warning|[of] p2a: Abomasnow\n|turn|1\n|\n|t:|1776136566\n|detailschange|p2a: Abomasnow|Abomasnow-Mega, L50, F, shiny\n|-mega|p2a: Abomasnow|Abomasnow|Abomasite\n|move|p2a: Abomasnow|Protect|p2a: Abomasnow\n|-singleturn|p2a: Abomasnow|Protect\n|move|p1a: Vivillon|Tailwind|p1a: Vivillon\n|-sidestart|p1: ferenainexi|move: Tailwind\n|move|p1b: Kleavor|Stone Axe|p2a: Abomasnow\n|-activate|p2a: Abomasnow|move: Protect\n|move|p2b: Hatterene|Trick Room|p2b: Hatterene\n|-fieldstart|move: Trick Room|[of] p2b: Hatterene\n|\n|-weather|Snowscape|[upkeep]\n|upkeep\n|turn|2\n|inactive|Battle timer is ON: inactive players will automatically lose when time's up. (requested by ferenainexi)\n|\n|t:|1776136605\n|switch|p2b: Avalugg|Avalugg-Hisui, L50, M|100/100\n|switch|p2a: Incineroar|Incineroar, L50, F, shiny|100/100\n|-ability|p2a: Incineroar|Intimidate|boost\n|-unboost|p1a: Vivillon|atk|1\n|-unboost|p1b: Kleavor|atk|1\n|move|p1b: Kleavor|Stone Axe|p2a: Incineroar\n|-supereffective|p2a: Incineroar|1\n|-damage|p2a: Incineroar|26/100\n|-sidestart|p2: sammyvv|move: Stealth Rock\n|-enditem|p2a: Incineroar|Sitrus Berry|[eat]\n|-heal|p2a: Incineroar|51/100|[from] item: Sitrus Berry\n|move|p1a: Vivillon|Hurricane|p2a: Incineroar\n|-damage|p2a: Incineroar|11/100\n|\n|-weather|Snowscape|[upkeep]\n|upkeep\n|turn|3\n|inactive|sammyvv has 30 seconds left.\n|inactive|ferenainexi has 30 seconds left.\n|\n|t:|1776136636\n|move|p1a: Vivillon|Protect|p1a: Vivillon\n|-singleturn|p1a: Vivillon|Protect\n|move|p2a: Incineroar|Fake Out|p1b: Kleavor\n|-resisted|p1b: Kleavor|1\n|-damage|p1b: Kleavor|96/100\n|move|p2b: Avalugg|Rock Slide|p1a: Vivillon|[spread] p1b\n|-activate|p1a: Vivillon|move: Protect\n|-supereffective|p1b: Kleavor|1\n|-damage|p1b: Kleavor|57/100\n|cant|p1b: Kleavor|flinch\n|\n|-weather|Snowscape|[upkeep]\n|upkeep\n|turn|4\n|\n|t:|1776136655\n|move|p2b: Avalugg|Rock Slide|p1a: Vivillon|[spread] p1a,p1b\n|-supereffective|p1a: Vivillon|2\n|-supereffective|p1b: Kleavor|1\n|-enditem|p1a: Vivillon|Focus Sash\n|-damage|p1a: Vivillon|1/100\n|-damage|p1b: Kleavor|16/100\n|move|p2a: Incineroar|Flare Blitz|p1b: Kleavor\n|-damage|p1b: Kleavor|0 fnt\n|faint|p1b: Kleavor\n|-damage|p2a: Incineroar|7/100|[from] Recoil\n|move|p1a: Vivillon|Sleep Powder|p2b: Avalugg\n|-status|p2b: Avalugg|slp|[from] move: Sleep Powder\n|\n|-weather|Snowscape|[upkeep]\n|-sideend|p1: ferenainexi|move: Tailwind\n|upkeep\n|\n|t:|1776136675\n|switch|p1b: Rajo|Scizor, L50, M|100/100\n|turn|5\n|\n|t:|1776136690\n|detailschange|p1b: Rajo|Scizor-Mega, L50, M\n|-mega|p1b: Rajo|Scizor|Scizorite\n|cant|p2b: Avalugg|slp\n|move|p2a: Incineroar|Flare Blitz|p1b: Rajo\n|-supereffective|p1b: Rajo|2\n|-damage|p1b: Rajo|0 fnt\n|faint|p1b: Rajo\n|-damage|p2a: Incineroar|0 fnt|[from] Recoil\n|faint|p2a: Incineroar\n|move|p1a: Vivillon|Hurricane|p2b: Avalugg\n|-resisted|p2b: Avalugg|1\n|-damage|p2b: Avalugg|78/100 slp\n|\n|-weather|none\n|-heal|p2b: Avalugg|84/100 slp|[from] item: Leftovers\n|-fieldend|move: Trick Room\n|upkeep\n|\n|t:|1776136711\n|switch|p1b: Clawitzer|Clawitzer, L50, F|100/100\n|switch|p2a: Hatterene|Hatterene, L50, F|100/100\n|-damage|p2a: Hatterene|89/100|[from] Stealth Rock\n|turn|6\n|\n|t:|1776136726\n|switch|p2b: Abomasnow|Abomasnow-Mega, L50, F, shiny|100/100\n|-damage|p2b: Abomasnow|76/100|[from] Stealth Rock\n|-weather|Snowscape|[from] ability: Snow Warning|[of] p2b: Abomasnow\n|move|p1a: Vivillon|Tailwind|p1a: Vivillon\n|-sidestart|p1: ferenainexi|move: Tailwind\n|move|p1b: Clawitzer|Aura Sphere|p2b: Abomasnow\n|-supereffective|p2b: Abomasnow|1\n|-damage|p2b: Abomasnow|14/100\n|move|p2a: Hatterene|Trick Room|p2a: Hatterene\n|-fieldstart|move: Trick Room|[of] p2a: Hatterene\n|\n|-weather|Snowscape|[upkeep]\n|upkeep\n|turn|7\n|inactive|ferenainexi has 30 seconds left.\n|-activate|p1b: Clawitzer|item: Quick Claw\n|\n|t:|1776136758\n|move|p2b: Abomasnow|Protect|p2b: Abomasnow\n|-singleturn|p2b: Abomasnow|Protect\n|move|p1a: Vivillon|Protect|p1a: Vivillon\n|-singleturn|p1a: Vivillon|Protect\n|move|p1b: Clawitzer|Aura Sphere|p2a: Hatterene\n|-resisted|p2a: Hatterene|2\n|-damage|p2a: Hatterene|79/100\n|move|p2a: Hatterene|Dazzling Gleam|p1b: Clawitzer|[spread] p1b\n|-activate|p1a: Vivillon|move: Protect\n|-damage|p1b: Clawitzer|80/100\n|\n|-weather|Snowscape|[upkeep]\n|upkeep\n|turn|8\n|-activate|p1b: Clawitzer|item: Quick Claw\n|\n|t:|1776136779\n|move|p1b: Clawitzer|Aura Sphere|p2b: Abomasnow\n|-supereffective|p2b: Abomasnow|1\n|-damage|p2b: Abomasnow|0 fnt\n|faint|p2b: Abomasnow\n|move|p2a: Hatterene|Heal Pulse|p2: Abomasnow|[notarget]\n|-fail|p2a: Hatterene\n|move|p1a: Vivillon|Sleep Powder|p2a: Hatterene\n|move|p2a: Hatterene|Sleep Powder|p1a: Vivillon|[from] ability: Magic Bounce|[miss]\n|-miss|p2a: Hatterene|p1a: Vivillon\n|\n|-weather|Snowscape|[upkeep]\n|upkeep\n|\n|t:|1776136794\n|switch|p2b: Avalugg|Avalugg-Hisui, L50, M|84/100 slp\n|-damage|p2b: Avalugg|59/100 slp|[from] Stealth Rock\n|turn|9\n|\n|t:|1776136808\n|move|p2a: Hatterene|Dazzling Gleam|p1b: Clawitzer|[spread] p1a,p1b\n|-damage|p1a: Vivillon|0 fnt\n|-damage|p1b: Clawitzer|59/100\n|faint|p1a: Vivillon\n|cant|p2b: Avalugg|slp\n|move|p1b: Clawitzer|Aura Sphere|p2b: Avalugg\n|-supereffective|p2b: Avalugg|2\n|-damage|p2b: Avalugg|0 fnt\n|faint|p2b: Avalugg\n|\n|-weather|Snowscape|[upkeep]\n|-sideend|p1: ferenainexi|move: Tailwind\n|upkeep\n|turn|10\n|\n|t:|1776136831\n|move|p2a: Hatterene|Dazzling Gleam|p1b: Clawitzer\n|-damage|p1b: Clawitzer|18/100\n|move|p1b: Clawitzer|Water Pulse|p2a: Hatterene\n|-crit|p2a: Hatterene\n|-damage|p2a: Hatterene|3/100\n|\n|-weather|none\n|-fieldend|move: Trick Room\n|upkeep\n|turn|11\n|-activate|p1b: Clawitzer|item: Quick Claw\n|\n|t:|1776136844\n|move|p1b: Clawitzer|Water Pulse|p2a: Hatterene\n|-damage|p2a: Hatterene|0 fnt\n|faint|p2a: Hatterene\n|\n|win|ferenainexi\n|raw|ferenainexi's rating: 1050 &rarr; <strong>1082</strong><br />(+32 for winning)\n|raw|sammyvv's rating: 1048 &rarr; <strong>1031</strong><br />(-17 for losing)\n|c|\u2606ferenainexi|QUICK CLAW\n|l|\u2606sammyvv\n|player|p2|\n",
  "uploadtime": 1776136857,
  "views": 13,
  "formatid": "gen9championsvgc2026regma",
  "rating": 1031,
  "private": 0,
  "password": null
}