{
  "id": "gen9championsvgc2026regma-2586556148",
  "format": "[Gen 9 Champions] VGC 2026 Reg M-A",
  "players": [
    "g7ez",
    "StinkyDuck"
  ],
  "log": "|j|\u2606g7ez\n|j|\u2606StinkyDuck\n|t:|1776442792\n|gametype|doubles\n|player|p1|g7ez|bugcatcher-gen4dp|1236\n|player|p2|StinkyDuck|169|1164\n|gen|9\n|tier|[Gen 9 Champions] VGC 2026 Reg M-A\n|rated|\n|rule|Species Clause: Limit one of each Pok\u00e9mon\n|rule|Item Clause: Limit 1 of each item\n|clearpoke\n|poke|p1|Pelipper, L50, F|\n|poke|p1|Meganium, L50, M|\n|poke|p1|Basculegion, L50, M|\n|poke|p1|Tinkaton, L50, F|\n|poke|p1|Archaludon, L50, M|\n|poke|p1|Lopunny, L50, M|\n|poke|p2|Scizor, L50, M|\n|poke|p2|Dragonite, L50, M|\n|poke|p2|Sneasler, L50, M|\n|poke|p2|Kingambit, L50, M|\n|poke|p2|Politoed, L50, M|\n|poke|p2|Meowscarada, L50, M|\n|teampreview|4\n|inactive|Battle timer is ON: inactive players will automatically lose when time's up. (requested by g7ez)\n|inactive|StinkyDuck has 60 seconds left.\n|\n|t:|1776442833\n|teamsize|p1|4\n|teamsize|p2|4\n|start\n|switch|p1a: Tinkaton|Tinkaton, L50, F|100/100\n|switch|p1b: Basculegion|Basculegion, L50, M|100/100\n|switch|p2a: Sneasler|Sneasler, L50, M|100/100\n|switch|p2b: Dragonite|Dragonite, L50, M|100/100\n|-ability|p1a: Tinkaton|Mold Breaker\n|turn|1\n|inactive|StinkyDuck has 30 seconds left.\n|\n|t:|1776442863\n|detailschange|p2b: Dragonite|Dragonite-Mega, L50, M\n|-mega|p2b: Dragonite|Dragonite|Dragoninite\n|move|p1a: Tinkaton|Fake Out|p2b: Dragonite\n|-damage|p2b: Dragonite|92/100\n|move|p1b: Basculegion|Wave Crash|p2a: Sneasler\n|-damage|p2a: Sneasler|0 fnt\n|faint|p2a: Sneasler\n|-damage|p1b: Basculegion|74/100|[from] Recoil\n|cant|p2b: Dragonite|flinch\n|\n|upkeep\n|\n|t:|1776442882\n|switch|p2a: Kingambit|Kingambit, L50, M|100/100\n|turn|2\n|\n|t:|1776442900\n|switch|p1b: Meganium|Meganium, L50, M|100/100\n|move|p1a: Tinkaton|Protect|p1a: Tinkaton\n|-singleturn|p1a: Tinkaton|Protect\n|move|p2a: Kingambit|Sucker Punch||[still]\n|-fail|p2a: Kingambit\n|move|p2b: Dragonite|Thunder|p1a: Tinkaton\n|-activate|p1a: Tinkaton|move: Protect\n|\n|upkeep\n|turn|3\n|inactive|g7ez has 30 seconds left.\n|inactive|g7ez has 20 seconds left.\n|inactive|g7ez has 15 seconds left.\n|\n|t:|1776442944\n|detailschange|p1b: Meganium|Meganium-Mega, L50, M\n|-mega|p1b: Meganium|Meganium|Meganiumite\n|move|p1a: Tinkaton|Encore|p2a: Kingambit\n|-start|p2a: Kingambit|Encore\n|move|p2a: Kingambit|Sucker Punch||[still]\n|-fail|p2a: Kingambit\n|move|p2b: Dragonite|Thunder|p1a: Tinkaton\n|-damage|p1a: Tinkaton|65/100\n|move|p1b: Meganium|Dazzling Gleam|p2b: Dragonite|[spread] p2a,p2b\n|-supereffective|p2b: Dragonite|1\n|-damage|p2a: Kingambit|66/100\n|-damage|p2b: Dragonite|33/100\n|\n|upkeep\n|turn|4\n|inactive|StinkyDuck has 30 seconds left.\n|inactive|g7ez has 30 seconds left.\n|\n|t:|1776442978\n|move|p1a: Tinkaton|Protect|p1a: Tinkaton\n|-singleturn|p1a: Tinkaton|Protect\n|move|p2a: Kingambit|Sucker Punch|p1b: Meganium\n|-resisted|p1b: Meganium|1\n|-damage|p1b: Meganium|80/100\n|move|p2b: Dragonite|Hurricane|p1b: Meganium|[miss]\n|-miss|p2b: Dragonite|p1b: Meganium\n|move|p1b: Meganium|Dazzling Gleam|p2b: Dragonite|[spread] p2a,p2b\n|-supereffective|p2b: Dragonite|1\n|-damage|p2a: Kingambit|30/100\n|-damage|p2b: Dragonite|0 fnt\n|faint|p2b: Dragonite\n|\n|upkeep\n|\n|t:|1776442986\n|switch|p2b: Meowscarada|Meowscarada, L50, M|100/100\n|turn|5\n|inactive|g7ez has 30 seconds left.\n|\n|t:|1776443016\n|switch|p1a: Pelipper|Pelipper, L50, F|100/100\n|-weather|RainDance|[from] ability: Drizzle|[of] p1a: Pelipper\n|move|p1b: Meganium|Protect|p1b: Meganium\n|-singleturn|p1b: Meganium|Protect\n|move|p2a: Kingambit|Sucker Punch||[still]\n|-fail|p2a: Kingambit\n|move|p2b: Meowscarada|Knock Off|p1a: Pelipper\n|-start|p2b: Meowscarada|typechange|Dark|[from] ability: Protean\n|-damage|p1a: Pelipper|55/100\n|-enditem|p1a: Pelipper|Sharp Beak|[from] move: Knock Off|[of] p2b: Meowscarada\n|\n|-weather|RainDance|[upkeep]\n|-end|p2a: Kingambit|Encore\n|upkeep\n|turn|6\n|inactive|StinkyDuck has 30 seconds left.\n|\n|t:|1776443043\n|move|p2b: Meowscarada|Knock Off|p1b: Meganium\n|-resisted|p1b: Meganium|1\n|-damage|p1b: Meganium|66/100\n|move|p1b: Meganium|Weather Ball|p2a: Kingambit\n|-supereffective|p2a: Kingambit|1\n|-damage|p2a: Kingambit|0 fnt\n|faint|p2a: Kingambit\n|move|p1a: Pelipper|Tailwind|p1a: Pelipper\n|-sidestart|p1: g7ez|move: Tailwind\n|\n|-weather|RainDance|[upkeep]\n|upkeep\n|turn|7\n|\n|t:|1776443064\n|move|p2b: Meowscarada|Knock Off|p1a: Pelipper\n|-damage|p1a: Pelipper|28/100\n|move|p1b: Meganium|Dazzling Gleam|p2b: Meowscarada\n|-supereffective|p2b: Meowscarada|1\n|-damage|p2b: Meowscarada|0 fnt\n|faint|p2b: Meowscarada\n|\n|win|g7ez\n|raw|g7ez's rating: 1236 &rarr; <strong>1256</strong><br />(+20 for winning)\n|raw|StinkyDuck's rating: 1164 &rarr; <strong>1144</strong><br />(-20 for losing)\n|l|\u2606StinkyDuck\n|player|p2|\n",
  "uploadtime": 1776443075,
  "views": 20,
  "formatid": "gen9championsvgc2026regma",
  "rating": 1144,
  "private": 0,
  "password": null
}