{
  "id": "gen9championsvgc2026regma-2588122550",
  "format": "[Gen 9 Champions] VGC 2026 Reg M-A",
  "players": [
    "rotembnmr",
    "henitusec"
  ],
  "log": "|j|\u2606rotembnmr\n|j|\u2606henitusec\n|t:|1776606686\n|gametype|doubles\n|player|p1|rotembnmr|red|1080\n|player|p2|henitusec|steven-masters|1113\n|gen|9\n|tier|[Gen 9 Champions] VGC 2026 Reg M-A\n|rated|\n|rule|Species Clause: Limit one of each Pok\u00e9mon\n|rule|Item Clause: Limit 1 of each item\n|clearpoke\n|poke|p1|Charizard, L50, F|\n|poke|p1|Venusaur, L50, F|\n|poke|p1|Incineroar, L50, F|\n|poke|p1|Garchomp, L50, M|\n|poke|p1|Milotic, L50, F|\n|poke|p1|Gardevoir, L50, F|\n|poke|p2|Froslass, L50, F|\n|poke|p2|Garchomp, L50, F|\n|poke|p2|Rotom-Frost, L50|\n|poke|p2|Empoleon, L50, M|\n|poke|p2|Incineroar, L50, F|\n|poke|p2|Kingambit, L50, F|\n|teampreview|4\n|inactive|Battle timer is ON: inactive players will automatically lose when time's up. (requested by rotembnmr)\n|inactive|henitusec also wants the timer to be on.\n|\n|t:|1776606701\n|teamsize|p1|4\n|teamsize|p2|4\n|start\n|switch|p1a: Charizard|Charizard, L50, F|100/100\n|switch|p1b: Venusaur|Venusaur, L50, F|100/100\n|switch|p2a: Incineroar|Incineroar, L50, F|100/100\n|switch|p2b: Froslass|Froslass, L50, F|100/100\n|-ability|p2a: Incineroar|Intimidate|boost\n|-unboost|p1a: Charizard|atk|1\n|-unboost|p1b: Venusaur|atk|1\n|turn|1\n|\n|t:|1776606717\n|detailschange|p1a: Charizard|Charizard-Mega-Y, L50, F\n|-mega|p1a: Charizard|Charizard|Charizardite Y\n|-weather|SunnyDay|[from] ability: Drought|[of] p1a: Charizard\n|detailschange|p2b: Froslass|Froslass-Mega, L50, F\n|-mega|p2b: Froslass|Froslass|Froslassite\n|-weather|Snowscape|[from] ability: Snow Warning|[of] p2b: Froslass\n|move|p1a: Charizard|Protect|p1a: Charizard\n|-singleturn|p1a: Charizard|Protect\n|move|p2a: Incineroar|Fake Out|p1b: Venusaur\n|-damage|p1b: Venusaur|87/100\n|move|p2b: Froslass|Blizzard|p1a: Charizard|[spread] p1b\n|-activate|p1a: Charizard|move: Protect\n|-supereffective|p1b: Venusaur|1\n|-damage|p1b: Venusaur|0 fnt\n|faint|p1b: Venusaur\n|\n|-weather|Snowscape|[upkeep]\n|upkeep\n|\n|t:|1776606732\n|switch|p1b: Milotic|Milotic, L50, F|100/100\n|turn|2\n|\n|t:|1776606746\n|switch|p1a: Garchomp|Garchomp, L50, M|100/100\n|move|p2b: Froslass|Blizzard|p1b: Milotic|[spread] p1a,p1b\n|-supereffective|p1a: Garchomp|2\n|-resisted|p1b: Milotic|1\n|-damage|p1a: Garchomp|0 fnt\n|-damage|p1b: Milotic|83/100\n|faint|p1a: Garchomp\n|move|p1b: Milotic|Scald|p2a: Incineroar\n|-supereffective|p2a: Incineroar|1\n|-damage|p2a: Incineroar|44/100\n|-enditem|p2a: Incineroar|Sitrus Berry|[eat]\n|-heal|p2a: Incineroar|69/100|[from] item: Sitrus Berry\n|move|p2a: Incineroar|Parting Shot|p1b: Milotic\n|-unboost|p1b: Milotic|atk|1\n|-ability|p1b: Milotic|Competitive|boost\n|-boost|p1b: Milotic|spa|2\n|-unboost|p1b: Milotic|spa|1\n|-ability|p1b: Milotic|Competitive|boost\n|-boost|p1b: Milotic|spa|2\n|\n|t:|1776606759\n|switch|p2a: Rotom|Rotom-Frost, L50|100/100|[from] Parting Shot\n|\n|-weather|Snowscape|[upkeep]\n|-heal|p1b: Milotic|89/100|[from] item: Leftovers\n|upkeep\n|\n|t:|1776606763\n|switch|p1a: Charizard|Charizard-Mega-Y, L50, F|100/100\n|-weather|SunnyDay|[from] ability: Drought|[of] p1a: Charizard\n|turn|3\n|\n|t:|1776606776\n|switch|p2b: Incineroar|Incineroar, L50, F|69/100\n|-ability|p2b: Incineroar|Intimidate|boost\n|-unboost|p1a: Charizard|atk|1\n|-unboost|p1b: Milotic|atk|1\n|-ability|p1b: Milotic|Competitive|boost\n|-boost|p1b: Milotic|spa|2\n|move|p2a: Rotom|Volt Switch|p1b: Milotic\n|-supereffective|p1b: Milotic|1\n|-damage|p1b: Milotic|42/100\n|\n|t:|1776606785\n|switch|p2a: Empoleon|Empoleon, L50, M|100/100|[from] Volt Switch\n|move|p1a: Charizard|Heat Wave|p2b: Incineroar|[spread] p2a,p2b\n|-resisted|p2b: Incineroar|1\n|-damage|p2a: Empoleon|40/100\n|-damage|p2b: Incineroar|38/100\n|move|p1b: Milotic|Scald|p2b: Incineroar\n|-supereffective|p2b: Incineroar|1\n|-damage|p2b: Incineroar|0 fnt\n|faint|p2b: Incineroar\n|\n|-weather|SunnyDay|[upkeep]\n|-heal|p1b: Milotic|48/100|[from] item: Leftovers\n|-heal|p2a: Empoleon|46/100|[from] item: Leftovers\n|upkeep\n|\n|t:|1776606794\n|switch|p2b: Froslass|Froslass-Mega, L50, F|100/100\n|-weather|Snowscape|[from] ability: Snow Warning|[of] p2b: Froslass\n|turn|4\n|\n|t:|1776606800\n|move|p2b: Froslass|Blizzard|p1b: Milotic|[spread] p1a,p1b\n|-resisted|p1b: Milotic|1\n|-crit|p1b: Milotic\n|-damage|p1a: Charizard|46/100\n|-damage|p1b: Milotic|21/100\n|move|p1a: Charizard|Heat Wave|p2b: Froslass|[spread] p2b\n|-miss|p1a: Charizard|p2a: Empoleon\n|-supereffective|p2b: Froslass|1\n|-crit|p2b: Froslass\n|-damage|p2b: Froslass|0 fnt\n|faint|p2b: Froslass\n|move|p1b: Milotic|Icy Wind|p2a: Empoleon\n|-resisted|p2a: Empoleon|2\n|-damage|p2a: Empoleon|37/100\n|-unboost|p2a: Empoleon|spe|1\n|-ability|p2a: Empoleon|Competitive|boost\n|-boost|p2a: Empoleon|spa|2\n|move|p2a: Empoleon|Grass Knot|p1b: Milotic\n|-supereffective|p1b: Milotic|1\n|-damage|p1b: Milotic|0 fnt\n|faint|p1b: Milotic\n|\n|-weather|Snowscape|[upkeep]\n|-heal|p2a: Empoleon|42/100|[from] item: Leftovers\n|upkeep\n|\n|t:|1776606818\n|switch|p2b: Rotom|Rotom-Frost, L50|100/100\n|turn|5\n|\n|t:|1776606823\n|move|p2b: Rotom|Thunderbolt|p1a: Charizard\n|-supereffective|p1a: Charizard|1\n|-damage|p1a: Charizard|0 fnt\n|faint|p1a: Charizard\n|\n|win|henitusec\n|raw|rotembnmr's rating: 1080 &rarr; <strong>1060</strong><br />(-20 for losing)\n|raw|henitusec's rating: 1113 &rarr; <strong>1136</strong><br />(+23 for winning)\n",
  "uploadtime": 1776606825,
  "views": 8,
  "formatid": "gen9championsvgc2026regma",
  "rating": 1060,
  "private": 0,
  "password": null
}