{
  "id": "gen9championsvgc2026regma-2581665852",
  "format": "[Gen 9 Champions] VGC 2026 Reg M-A",
  "players": [
    "Bigbro2022",
    "Blz4"
  ],
  "log": "|j|\u2606Bigbro2022\n|j|\u2606Blz4\n|t:|1776019126\n|gametype|doubles\n|player|p1|Bigbro2022|cynthia-gen4|1199\n|player|p2|Blz4|cynthia-gen4|1252\n|gen|9\n|tier|[Gen 9 Champions] VGC 2026 Reg M-A\n|rated|\n|rule|Species Clause: Limit one of each Pok\u00e9mon\n|rule|Item Clause: Limit 1 of each item\n|clearpoke\n|poke|p1|Floette-Eternal, L50, F|\n|poke|p1|Empoleon, L50, M|\n|poke|p1|Luxray, L50, M|\n|poke|p1|Gardevoir, L50, F|\n|poke|p1|Scovillain, L50, F|\n|poke|p1|Garchomp, L50, M|\n|poke|p2|Sableye, L50, M|\n|poke|p2|Gardevoir, L50, M|\n|poke|p2|Espathra, L50, M|\n|poke|p2|Milotic, L50, F|\n|poke|p2|Charizard, L50, F|\n|poke|p2|Garchomp, L50, F|\n|teampreview|4\n|inactive|Battle timer is ON: inactive players will automatically lose when time's up. (requested by Blz4)\n|\n|t:|1776019171\n|teamsize|p1|4\n|teamsize|p2|4\n|start\n|switch|p1a: Scovillain|Scovillain, L50, F|100/100\n|switch|p1b: Floette|Floette-Eternal, L50, F|100/100\n|switch|p2a: Sableye|Sableye, L50, M|100/100\n|switch|p2b: Milotic|Milotic, L50, F|100/100\n|turn|1\n|inactive|Bigbro2022 has 30 seconds left.\n|\n|t:|1776019199\n|detailschange|p1b: Floette|Floette-Mega, L50, F\n|-mega|p1b: Floette|Floette|Floettite\n|-ability|p1b: Floette|Fairy Aura\n|move|p2a: Sableye|Gravity|p2a: Sableye\n|-fieldstart|move: Gravity\n|move|p1a: Scovillain|Giga Drain|p2b: Milotic\n|-supereffective|p2b: Milotic|1\n|-damage|p2b: Milotic|62/100\n|move|p1b: Floette|Skill Swap|p2b: Milotic\n|-activate|p1b: Floette|Skill Swap|Competitive|Fairy Aura|[of] p2b: Milotic\n|-ability|p2b: Milotic|Fairy Aura\n|move|p2b: Milotic|Hypnosis|p1b: Floette\n|-status|p1b: Floette|slp|[from] move: Hypnosis\n|\n|-ability|p1a: Scovillain|Moody|boost\n|-boost|p1a: Scovillain|spe|2\n|-unboost|p1a: Scovillain|atk|1\n|upkeep\n|turn|2\n|inactive|Bigbro2022 has 30 seconds left.\n|\n|t:|1776019234\n|switch|p2a: Garchomp|Garchomp, L50, F|100/100\n|move|p1a: Scovillain|Giga Drain|p2b: Milotic\n|-supereffective|p2b: Milotic|1\n|-damage|p2b: Milotic|23/100\n|-enditem|p2b: Milotic|Sitrus Berry|[eat]\n|-heal|p2b: Milotic|48/100|[from] item: Sitrus Berry\n|cant|p1b: Floette|slp\n|move|p2b: Milotic|Hypnosis|p1a: Scovillain\n|-status|p1a: Scovillain|slp|[from] move: Hypnosis\n|\n|-ability|p1a: Scovillain|Moody|boost\n|-boost|p1a: Scovillain|atk|2\n|-unboost|p1a: Scovillain|spa|1\n|upkeep\n|turn|3\n|\n|t:|1776019253\n|cant|p1a: Scovillain|slp\n|move|p2a: Garchomp|Earthquake|p1a: Scovillain|[spread] p2b,p1a,p1b\n|-damage|p2b: Milotic|11/100\n|-damage|p1a: Scovillain|50/100 slp\n|-damage|p1b: Floette|60/100 slp\n|cant|p1b: Floette|slp\n|move|p2b: Milotic|Scald|p1b: Floette\n|-damage|p1b: Floette|35/100 slp\n|\n|-ability|p1a: Scovillain|Moody|boost\n|-boost|p1a: Scovillain|def|2\n|-unboost|p1a: Scovillain|spa|1\n|upkeep\n|turn|4\n|inactive|Bigbro2022 has 30 seconds left.\n|inactive|Bigbro2022 has 20 seconds left.\n|\n|t:|1776019290\n|switch|p1a: Luxray|Luxray, L50, M|100/100\n|-ability|p1a: Luxray|Intimidate|boost\n|-unboost|p2a: Garchomp|atk|1\n|-unboost|p2b: Milotic|atk|1\n|-enditem|p2a: Garchomp|White Herb\n|-clearnegativeboost|p2a: Garchomp|[silent]\n|move|p2b: Milotic|Protect|p2b: Milotic\n|-singleturn|p2b: Milotic|Protect\n|move|p2a: Garchomp|Earthquake|p1b: Floette|[spread] p1a,p1b\n|-activate|p2b: Milotic|move: Protect\n|-supereffective|p1a: Luxray|1\n|-damage|p1a: Luxray|0 fnt\n|-damage|p1b: Floette|0 fnt\n|faint|p1a: Luxray\n|faint|p1b: Floette\n|\n|upkeep\n|\n|t:|1776019310\n|switch|p1a: Garchomp|Garchomp, L50, M|100/100\n|switch|p1b: Scovillain|Scovillain, L50, F|50/100 slp\n|turn|5\n|\n|t:|1776019334\n|cant|p1b: Scovillain|slp\n|move|p1a: Garchomp|Earthquake|p2b: Milotic|[spread] p1b,p2a,p2b\n|-damage|p1b: Scovillain|0 fnt\n|-damage|p2a: Garchomp|68/100\n|-damage|p2b: Milotic|0 fnt\n|faint|p1b: Scovillain\n|faint|p2b: Milotic\n|move|p2a: Garchomp|Dragon Claw|p1a: Garchomp\n|-supereffective|p1a: Garchomp|1\n|-damage|p1a: Garchomp|23/100\n|-damage|p2a: Garchomp|56/100|[from] ability: Rough Skin|[of] p1a: Garchomp\n|\n|-fieldend|move: Gravity\n|upkeep\n|\n|t:|1776019345\n|switch|p2b: Sableye|Sableye, L50, M|100/100\n|turn|6\n|\n|t:|1776019354\n|move|p2b: Sableye|Fake Out|p1a: Garchomp\n|-damage|p1a: Garchomp|15/100\n|-damage|p2b: Sableye|88/100|[from] ability: Rough Skin|[of] p1a: Garchomp\n|cant|p1a: Garchomp|flinch\n|move|p2a: Garchomp|Dragon Claw|p1a: Garchomp\n|-supereffective|p1a: Garchomp|1\n|-damage|p1a: Garchomp|0 fnt\n|-damage|p2a: Garchomp|44/100|[from] ability: Rough Skin|[of] p1a: Garchomp\n|faint|p1a: Garchomp\n|\n|win|Blz4\n|raw|Bigbro2022's rating: 1199 &rarr; <strong>1178</strong><br />(-21 for losing)\n|raw|Blz4's rating: 1252 &rarr; <strong>1273</strong><br />(+21 for winning)\n|c|\u2606Blz4|Gg\n",
  "uploadtime": 1776019358,
  "views": 17,
  "formatid": "gen9championsvgc2026regma",
  "rating": 1178,
  "private": 0,
  "password": null
}