{
  "id": "gen9championsvgc2026regma-2587229391",
  "format": "[Gen 9 Champions] VGC 2026 Reg M-A",
  "players": [
    "soolers2test",
    "lolgz"
  ],
  "log": "|j|\u2606soolers2test\n|j|\u2606lolgz\n|t:|1776511863\n|gametype|doubles\n|player|p1|soolers2test|1|1214\n|player|p2|lolgz|dawn|1260\n|gen|9\n|tier|[Gen 9 Champions] VGC 2026 Reg M-A\n|rated|\n|rule|Species Clause: Limit one of each Pok\u00e9mon\n|rule|Item Clause: Limit 1 of each item\n|clearpoke\n|poke|p1|Torterra, L50, M|\n|poke|p1|Hippowdon, L50, F|\n|poke|p1|Incineroar, L50, M|\n|poke|p1|Gyarados, L50, M|\n|poke|p1|Banette, L50, M|\n|poke|p1|Empoleon, L50, M|\n|poke|p2|Charizard, L50, M|\n|poke|p2|Venusaur, L50, M|\n|poke|p2|Milotic, L50, M|\n|poke|p2|Incineroar, L50, M|\n|poke|p2|Garchomp, L50, M|\n|poke|p2|Gardevoir, L50, F|\n|teampreview|4\n|\n|t:|1776511880\n|teamsize|p1|4\n|teamsize|p2|4\n|start\n|switch|p1a: Empoleon|Empoleon, L50, M|100/100\n|switch|p1b: Banette|Banette, L50, M|100/100\n|switch|p2a: Charizard|Charizard, L50, M|100/100\n|switch|p2b: Venusaur|Venusaur, L50, M|100/100\n|turn|1\n|\n|t:|1776511908\n|detailschange|p2a: Charizard|Charizard-Mega-Y, L50, M\n|-mega|p2a: Charizard|Charizard|Charizardite Y\n|-weather|SunnyDay|[from] ability: Drought|[of] p2a: Charizard\n|move|p1a: Empoleon|Protect|p1a: Empoleon\n|-singleturn|p1a: Empoleon|Protect\n|move|p1b: Banette|Protect|p1b: Banette\n|-singleturn|p1b: Banette|Protect\n|move|p2b: Venusaur|Energy Ball|p1a: Empoleon\n|-activate|p1a: Empoleon|move: Protect\n|move|p2a: Charizard|Heat Wave|p1b: Banette|[spread] \n|-activate|p1a: Empoleon|move: Protect\n|-activate|p1b: Banette|move: Protect\n|\n|-weather|SunnyDay|[upkeep]\n|upkeep\n|turn|2\n|\n|t:|1776511925\n|detailschange|p1b: Banette|Banette-Mega, L50, M\n|-mega|p1b: Banette|Banette|Banettite\n|move|p1b: Banette|Disable|p2a: Charizard\n|-start|p2a: Charizard|Disable|Heat Wave\n|move|p2b: Venusaur|Sleep Powder|p1b: Banette\n|-status|p1b: Banette|slp|[from] move: Sleep Powder\n|cant|p2a: Charizard|Disable|Heat Wave\n|move|p1a: Empoleon|Ice Beam|p2b: Venusaur\n|-supereffective|p2b: Venusaur|1\n|-damage|p2b: Venusaur|28/100\n|\n|-weather|SunnyDay|[upkeep]\n|upkeep\n|turn|3\n|\n|t:|1776511942\n|switch|p1b: Hippowdon|Hippowdon, L50, F|100/100\n|-weather|Sandstorm|[from] ability: Sand Stream|[of] p1b: Hippowdon\n|move|p1a: Empoleon|Protect|p1a: Empoleon\n|-singleturn|p1a: Empoleon|Protect\n|move|p2a: Charizard|Solar Beam||[still]\n|-prepare|p2a: Charizard|Solar Beam\n|move|p2b: Venusaur|Energy Ball|p1a: Empoleon\n|-activate|p1a: Empoleon|move: Protect\n|\n|-weather|Sandstorm|[upkeep]\n|-damage|p2a: Charizard|95/100|[from] Sandstorm\n|-damage|p2b: Venusaur|22/100|[from] Sandstorm\n|upkeep\n|turn|4\n|\n|t:|1776511964\n|move|p2a: Charizard|Solar Beam|p1a: Empoleon|[from] lockedmove\n|-damage|p1a: Empoleon|75/100\n|move|p2b: Venusaur|Sleep Powder|p1a: Empoleon\n|-status|p1a: Empoleon|slp|[from] move: Sleep Powder\n|cant|p1a: Empoleon|slp\n|move|p1b: Hippowdon|Sand Tomb|p2b: Venusaur\n|-damage|p2b: Venusaur|5/100\n|-activate|p2b: Venusaur|move: Sand Tomb|[of] p1b: Hippowdon\n|\n|-weather|Sandstorm|[upkeep]\n|-damage|p2a: Charizard|89/100|[from] Sandstorm\n|-damage|p2b: Venusaur|0 fnt|[from] Sandstorm\n|faint|p2b: Venusaur\n|upkeep\n|\n|t:|1776511969\n|switch|p2b: Garchomp|Garchomp, L50, M|100/100\n|turn|5\n|\n|t:|1776511982\n|switch|p2a: Gardevoir|Gardevoir, L50, F|100/100\n|switch|p1a: Incineroar|Incineroar, L50, M|100/100\n|-ability|p1a: Incineroar|Intimidate|boost\n|-unboost|p2a: Gardevoir|atk|1\n|-unboost|p2b: Garchomp|atk|1\n|move|p2b: Garchomp|Earthquake|p1b: Hippowdon|[spread] p2a,p1a,p1b\n|-supereffective|p1a: Incineroar|1\n|-damage|p2a: Gardevoir|47/100\n|-damage|p1a: Incineroar|40/100\n|-damage|p1b: Hippowdon|79/100\n|move|p1b: Hippowdon|Sand Tomb|p2b: Garchomp\n|-damage|p2b: Garchomp|87/100\n|-activate|p2b: Garchomp|move: Sand Tomb|[of] p1b: Hippowdon\n|\n|-weather|Sandstorm|[upkeep]\n|-damage|p2a: Gardevoir|42/100|[from] Sandstorm\n|-damage|p1a: Incineroar|34/100|[from] Sandstorm\n|-heal|p1b: Hippowdon|85/100|[from] item: Leftovers\n|-damage|p2b: Garchomp|75/100|[from] move: Sand Tomb|[partiallytrapped]\n|upkeep\n|turn|6\n|\n|t:|1776512002\n|move|p1a: Incineroar|Fake Out|p2a: Gardevoir\n|-damage|p2a: Gardevoir|24/100\n|cant|p2a: Gardevoir|flinch\n|move|p2b: Garchomp|Earthquake|p1b: Hippowdon|[spread] p2a,p1a,p1b\n|-supereffective|p1a: Incineroar|1\n|-crit|p1a: Incineroar\n|-damage|p2a: Gardevoir|0 fnt\n|-damage|p1a: Incineroar|0 fnt\n|-damage|p1b: Hippowdon|62/100\n|faint|p2a: Gardevoir\n|faint|p1a: Incineroar\n|move|p1b: Hippowdon|Yawn|p2b: Garchomp\n|-start|p2b: Garchomp|move: Yawn|[of] p1b: Hippowdon\n|\n|-weather|Sandstorm|[upkeep]\n|-heal|p1b: Hippowdon|68/100|[from] item: Leftovers\n|-damage|p2b: Garchomp|63/100|[from] move: Sand Tomb|[partiallytrapped]\n|upkeep\n|\n|t:|1776512012\n|switch|p2a: Charizard|Charizard-Mega-Y, L50, M|89/100\n|switch|p1a: Banette|Banette-Mega, L50, M|100/100 slp\n|-weather|SunnyDay|[from] ability: Drought|[of] p2a: Charizard\n|turn|7\n|\n|t:|1776512027\n|switch|p1a: Empoleon|Empoleon, L50, M|75/100 slp\n|move|p1b: Hippowdon|Protect|p1b: Hippowdon\n|-singleturn|p1b: Hippowdon|Protect\n|move|p2b: Garchomp|Earthquake|p1a: Empoleon|[spread] p1a\n|-activate|p1b: Hippowdon|move: Protect\n|-immune|p2a: Charizard\n|-supereffective|p1a: Empoleon|1\n|-enditem|p1a: Empoleon|Shuca Berry|[eat]\n|-enditem|p1a: Empoleon|Shuca Berry|[weaken]\n|-damage|p1a: Empoleon|37/100 slp\n|move|p2a: Charizard|Heat Wave|p1a: Empoleon|[spread] p1a\n|-activate|p1b: Hippowdon|move: Protect\n|-damage|p1a: Empoleon|0 fnt\n|faint|p1a: Empoleon\n|\n|-weather|SunnyDay|[upkeep]\n|-heal|p1b: Hippowdon|74/100|[from] item: Leftovers\n|-damage|p2b: Garchomp|51/100|[from] move: Sand Tomb|[partiallytrapped]\n|-end|p2b: Garchomp|move: Yawn|[silent]\n|-status|p2b: Garchomp|slp\n|upkeep\n|\n|t:|1776512042\n|switch|p1a: Banette|Banette-Mega, L50, M|100/100 slp\n|turn|8\n|\n|t:|1776512053\n|cant|p1a: Banette|slp\n|cant|p2b: Garchomp|slp\n|move|p2a: Charizard|Heat Wave|p1b: Hippowdon|[spread] p1a\n|-miss|p2a: Charizard|p1b: Hippowdon\n|-damage|p1a: Banette|33/100 slp\n|move|p1b: Hippowdon|Sand Tomb|p2b: Garchomp|[miss]\n|-miss|p1b: Hippowdon|p2b: Garchomp\n|\n|-weather|SunnyDay|[upkeep]\n|-heal|p1b: Hippowdon|80/100|[from] item: Leftovers\n|-damage|p2b: Garchomp|39/100 slp|[from] move: Sand Tomb|[partiallytrapped]\n|upkeep\n|turn|9\n|\n|t:|1776512071\n|cant|p1a: Banette|slp\n|cant|p2b: Garchomp|slp\n|move|p2a: Charizard|Heat Wave|p1b: Hippowdon|[spread] p1a,p1b\n|-crit|p1a: Banette\n|-damage|p1a: Banette|0 fnt\n|-damage|p1b: Hippowdon|32/100\n|faint|p1a: Banette\n|move|p1b: Hippowdon|Sand Tomb|p2b: Garchomp\n|-damage|p2b: Garchomp|25/100 slp\n|\n|-weather|SunnyDay|[upkeep]\n|-heal|p1b: Hippowdon|38/100|[from] item: Leftovers\n|-damage|p2b: Garchomp|13/100 slp|[from] move: Sand Tomb|[partiallytrapped]\n|upkeep\n|turn|10\n|\n|t:|1776512081\n|move|p1b: Hippowdon|Protect|p1b: Hippowdon\n|-singleturn|p1b: Hippowdon|Protect\n|-curestatus|p2b: Garchomp|slp|[msg]\n|move|p2b: Garchomp|Earthquake|p1b: Hippowdon|[spread] \n|-activate|p1b: Hippowdon|move: Protect\n|-immune|p2a: Charizard\n|move|p2a: Charizard|Solar Beam||[still]\n|-prepare|p2a: Charizard|Solar Beam\n|-anim|p2a: Charizard|Solar Beam|p1b: Hippowdon\n|-activate|p1b: Hippowdon|move: Protect\n|\n|-weather|SunnyDay|[upkeep]\n|-heal|p1b: Hippowdon|44/100|[from] item: Leftovers\n|-end|p2b: Garchomp|Sand Tomb|[partiallytrapped]\n|upkeep\n|turn|11\n|-message|soolers2test forfeited.\n|\n|win|lolgz\n|raw|soolers2test's rating: 1214 &rarr; <strong>1192</strong><br />(-22 for losing)\n|raw|lolgz's rating: 1260 &rarr; <strong>1282</strong><br />(+22 for winning)\n",
  "uploadtime": 1776512089,
  "views": 12,
  "formatid": "gen9championsvgc2026regma",
  "rating": 1192,
  "private": 0,
  "password": null
}