{
  "id": "gen9championsvgc2026regma-2586036088",
  "format": "[Gen 9 Champions] VGC 2026 Reg M-A",
  "players": [
    "ClickingTubb",
    "SergiXtremespeed"
  ],
  "log": "|j|\u2606ClickingTubb\n|j|\u2606SergiXtremespeed\n|t:|1776392453\n|gametype|doubles\n|player|p1|ClickingTubb|170|1125\n|player|p2|SergiXtremespeed|102|1058\n|gen|9\n|tier|[Gen 9 Champions] VGC 2026 Reg M-A\n|rated|\n|rule|Species Clause: Limit one of each Pok\u00e9mon\n|rule|Item Clause: Limit 1 of each item\n|clearpoke\n|poke|p1|Palafin, L50, F|\n|poke|p1|Pelipper, L50, F|\n|poke|p1|Meganium, L50, F|\n|poke|p1|Garchomp, L50, F|\n|poke|p1|Rotom-Wash, L50|\n|poke|p1|Incineroar, L50, M|\n|poke|p2|Whimsicott, L50, F|\n|poke|p2|Typhlosion, L50, M|\n|poke|p2|Starmie, L50|\n|poke|p2|Aerodactyl, L50, M|\n|poke|p2|Farigiraf, L50, M|\n|poke|p2|Kingambit, L50, F|\n|teampreview|4\n|inactive|Battle timer is ON: inactive players will automatically lose when time's up. (requested by ClickingTubb)\n|inactive|SergiXtremespeed has 60 seconds left.\n|inactive|SergiXtremespeed has 30 seconds left.\n|inactive|SergiXtremespeed has 20 seconds left.\n|inactive|SergiXtremespeed has 15 seconds left.\n|inactive|SergiXtremespeed has 10 seconds left.\n|inactive|SergiXtremespeed has 5 seconds left.\n|\n|t:|1776392540\n|teamsize|p1|4\n|teamsize|p2|4\n|start\n|switch|p1a: Rotom|Rotom-Wash, L50, shiny|100/100\n|switch|p1b: Palafin|Palafin, L50, F|100/100\n|switch|p2a: Kingambit|Kingambit, L50, F|100/100\n|switch|p2b: Whimsicott|Whimsicott, L50, F|100/100\n|turn|1\n|inactive|ClickingTubb has 30 seconds left.\n|inactive|SergiXtremespeed has 30 seconds left.\n|\n|t:|1776392571\n|move|p2a: Kingambit|Protect|p2a: Kingambit\n|-singleturn|p2a: Kingambit|Protect\n|move|p1a: Rotom|Electroweb|p2b: Whimsicott|[spread] p2b\n|-activate|p2a: Kingambit|move: Protect\n|-resisted|p2b: Whimsicott|1\n|-damage|p2b: Whimsicott|86/100\n|-unboost|p2b: Whimsicott|spe|1\n|move|p1b: Palafin|Flip Turn|p2a: Kingambit\n|-activate|p2a: Kingambit|move: Protect\n|move|p2b: Whimsicott|Energy Ball|p1a: Rotom\n|-supereffective|p1a: Rotom|1\n|-damage|p1a: Rotom|15/100\n|\n|upkeep\n|turn|2\n|inactive|ClickingTubb has 30 seconds left.\n|inactive|SergiXtremespeed has 30 seconds left.\n|\n|t:|1776392602\n|move|p2b: Whimsicott|Tailwind|p2b: Whimsicott\n|-sidestart|p2: SergiXtremespeed|move: Tailwind\n|move|p2a: Kingambit|Sucker Punch|p1b: Palafin\n|-damage|p1b: Palafin|42/100\n|move|p1a: Rotom|Electroweb|p2a: Kingambit|[spread] \n|-miss|p1a: Rotom|p2a: Kingambit\n|-miss|p1a: Rotom|p2b: Whimsicott\n|move|p1b: Palafin|Flip Turn|p2a: Kingambit\n|-damage|p2a: Kingambit|78/100\n|\n|t:|1776392612\n|detailschange|p1b: Palafin|Palafin-Hero, L50, F\n|switch|p1b: Bagel|Garchomp, L50, F|100/100|[from] Flip Turn\n|\n|upkeep\n|turn|3\n|\n|t:|1776392625\n|switch|p2a: Farigiraf|Farigiraf, L50, M|100/100\n|move|p2b: Whimsicott|Energy Ball|p1a: Rotom\n|-supereffective|p1a: Rotom|1\n|-damage|p1a: Rotom|0 fnt\n|faint|p1a: Rotom\n|move|p1b: Bagel|Earthquake|p2b: Whimsicott|[spread] p2a,p2b\n|-resisted|p2b: Whimsicott|1\n|-damage|p2a: Farigiraf|65/100\n|-damage|p2b: Whimsicott|51/100\n|\n|upkeep\n|\n|t:|1776392636\n|switch|p1a: Pelipper|Pelipper, L50, F|100/100\n|-weather|RainDance|[from] ability: Drizzle|[of] p1a: Pelipper\n|turn|4\n|inactive|SergiXtremespeed has 30 seconds left.\n|\n|t:|1776392664\n|move|p2b: Whimsicott|Sunny Day|p2b: Whimsicott\n|-weather|SunnyDay\n|move|p1b: Bagel|Dragon Claw|p2a: Farigiraf\n|-damage|p2a: Farigiraf|31/100\n|-enditem|p2a: Farigiraf|Sitrus Berry|[eat]\n|-heal|p2a: Farigiraf|56/100|[from] item: Sitrus Berry\n|move|p2a: Farigiraf|Dazzling Gleam|p1a: Pelipper|[spread] p1a,p1b\n|-supereffective|p1b: Bagel|1\n|-damage|p1a: Pelipper|78/100\n|-damage|p1b: Bagel|65/100\n|move|p1a: Pelipper|Hurricane|p2b: Whimsicott|[miss]\n|-miss|p1a: Pelipper|p2b: Whimsicott\n|\n|-weather|SunnyDay|[upkeep]\n|-heal|p1a: Pelipper|84/100|[from] item: Leftovers\n|upkeep\n|turn|5\n|inactive|SergiXtremespeed has 30 seconds left.\n|\n|t:|1776392691\n|move|p1b: Bagel|Protect|p1b: Bagel\n|-singleturn|p1b: Bagel|Protect\n|move|p2b: Whimsicott|Moonblast|p1b: Bagel\n|-activate|p1b: Bagel|move: Protect\n|move|p2a: Farigiraf|Dazzling Gleam|p1a: Pelipper|[spread] p1a\n|-activate|p1b: Bagel|move: Protect\n|-damage|p1a: Pelipper|63/100\n|move|p1a: Pelipper|Weather Ball|p2b: Whimsicott\n|-supereffective|p2b: Whimsicott|1\n|-damage|p2b: Whimsicott|0 fnt\n|faint|p2b: Whimsicott\n|\n|-weather|SunnyDay|[upkeep]\n|-heal|p1a: Pelipper|69/100|[from] item: Leftovers\n|-sideend|p2: SergiXtremespeed|move: Tailwind\n|upkeep\n|inactive|SergiXtremespeed has 30 seconds left.\n|\n|t:|1776392717\n|switch|p2b: Typhlosion|Typhlosion, L50, M|100/100\n|turn|6\n|\n|t:|1776392733\n|move|p1a: Pelipper|Wide Guard|p1a: Pelipper\n|-singleturn|p1a: Pelipper|Wide Guard\n|move|p2b: Typhlosion|Solar Beam||[still]\n|-prepare|p2b: Typhlosion|Solar Beam\n|-anim|p2b: Typhlosion|Solar Beam|p1b: Bagel\n|-damage|p1b: Bagel|26/100\n|move|p1b: Bagel|Earthquake|p2a: Farigiraf|[spread] p2a,p2b\n|-activate|p1a: Pelipper|move: Wide Guard\n|-supereffective|p2b: Typhlosion|1\n|-damage|p2a: Farigiraf|19/100\n|-damage|p2b: Typhlosion|0 fnt\n|faint|p2b: Typhlosion\n|move|p2a: Farigiraf|Dazzling Gleam|p1b: Bagel|[spread] \n|-activate|p1a: Pelipper|move: Wide Guard\n|-activate|p1b: Bagel|move: Wide Guard\n|\n|-weather|SunnyDay|[upkeep]\n|-heal|p1a: Pelipper|75/100|[from] item: Leftovers\n|upkeep\n|\n|t:|1776392751\n|switch|p2b: Kingambit|Kingambit, L50, F|78/100\n|turn|7\n|\n|t:|1776392757\n|move|p1b: Bagel|Protect|p1b: Bagel\n|-singleturn|p1b: Bagel|Protect\n|move|p2a: Farigiraf|Protect|p2a: Farigiraf\n|-singleturn|p2a: Farigiraf|Protect\n|move|p2b: Kingambit|Sucker Punch||[still]\n|-fail|p2b: Kingambit\n|move|p1a: Pelipper|Weather Ball|p2a: Farigiraf\n|-activate|p2a: Farigiraf|move: Protect\n|\n|-weather|SunnyDay|[upkeep]\n|-heal|p1a: Pelipper|81/100|[from] item: Leftovers\n|upkeep\n|turn|8\n|\n|t:|1776392781\n|move|p1b: Bagel|Protect||[still]\n|-fail|p1b: Bagel\n|move|p2b: Kingambit|Sucker Punch||[still]\n|-fail|p2b: Kingambit\n|move|p1a: Pelipper|Weather Ball|p2a: Farigiraf\n|-damage|p2a: Farigiraf|0 fnt\n|faint|p2a: Farigiraf\n|\n|-weather|none\n|-heal|p1a: Pelipper|87/100|[from] item: Leftovers\n|upkeep\n|turn|9\n|inactive|SergiXtremespeed has 30 seconds left.\n|inactive|ClickingTubb has 30 seconds left.\n|\n|t:|1776392813\n|switch|p1a: Palafin|Palafin-Hero, L50, F|42/100\n|-activate|p1a: Palafin|ability: Zero to Hero\n|move|p1b: Bagel|Earthquake|p2b: Kingambit|[spread] p1a,p2b\n|-supereffective|p2b: Kingambit|1\n|-enditem|p2b: Kingambit|Shuca Berry|[eat]\n|-enditem|p2b: Kingambit|Shuca Berry|[weaken]\n|-damage|p1a: Palafin|0 fnt\n|-damage|p2b: Kingambit|43/100\n|faint|p1a: Palafin\n|move|p2b: Kingambit|Kowtow Cleave|p1b: Bagel\n|-damage|p1b: Bagel|0 fnt\n|faint|p1b: Bagel\n|\n|upkeep\n|\n|t:|1776392824\n|switch|p1b: Pelipper|Pelipper, L50, F|87/100\n|-weather|RainDance|[from] ability: Drizzle|[of] p1b: Pelipper\n|turn|10\n|\n|t:|1776392834\n|move|p2b: Kingambit|Sucker Punch|p1b: Pelipper\n|-damage|p1b: Pelipper|44/100\n|move|p1b: Pelipper|Weather Ball|p2b: Kingambit\n|-damage|p2b: Kingambit|0 fnt\n|faint|p2b: Kingambit\n|\n|win|ClickingTubb\n|raw|ClickingTubb's rating: 1125 &rarr; <strong>1145</strong><br />(+20 for winning)\n|raw|SergiXtremespeed's rating: 1058 &rarr; <strong>1043</strong><br />(-15 for losing)\n|l|\u2606SergiXtremespeed\n|player|p2|\n",
  "uploadtime": 1776393041,
  "views": 15,
  "formatid": "gen9championsvgc2026regma",
  "rating": 1043,
  "private": 0,
  "password": null
}