{
  "id": "gen9championsvgc2026regma-2587443698",
  "format": "[Gen 9 Champions] VGC 2026 Reg M-A",
  "players": [
    "ShaggyMetagross",
    "ifiend"
  ],
  "log": "|j|\u2606ShaggyMetagross\n|j|\u2606ifiend\n|t:|1776532276\n|gametype|doubles\n|player|p1|ShaggyMetagross|102|1180\n|player|p2|ifiend|2|1249\n|gen|9\n|tier|[Gen 9 Champions] VGC 2026 Reg M-A\n|rated|\n|rule|Species Clause: Limit one of each Pok\u00e9mon\n|rule|Item Clause: Limit 1 of each item\n|clearpoke\n|poke|p1|Meganium, L50, F|\n|poke|p1|Milotic, L50, M|\n|poke|p1|Aerodactyl, L50, F|\n|poke|p1|Kangaskhan, L50, F|\n|poke|p1|Aegislash, L50, F, shiny|\n|poke|p1|Weavile, L50, M, shiny|\n|poke|p2|Delphox, L50, M|\n|poke|p2|Basculegion, L50, M|\n|poke|p2|Clefable, L50, F|\n|poke|p2|Kingambit, L50, F|\n|poke|p2|Dragonite, L50, F|\n|poke|p2|Sneasler, L50, F|\n|teampreview|4\n|inactive|Battle timer is ON: inactive players will automatically lose when time's up. (requested by ifiend)\n|\n|t:|1776532326\n|teamsize|p1|4\n|teamsize|p2|4\n|start\n|switch|p1a: Aerodactyl|Aerodactyl, L50, F|100/100\n|switch|p1b: Milotic|Milotic, L50, M|100/100\n|switch|p2a: Kingambit|Kingambit, L50, F|100/100\n|switch|p2b: Sneasler|Sneasler, L50, F|100/100\n|-ability|p1a: Aerodactyl|Pressure\n|turn|1\n|inactive|ifiend has 30 seconds left.\n|\n|t:|1776532359\n|move|p2b: Sneasler|Fake Out|p1a: Aerodactyl\n|-resisted|p1a: Aerodactyl|1\n|-damage|p1a: Aerodactyl|88/100\n|cant|p1a: Aerodactyl|flinch\n|move|p1b: Milotic|Coil|p1b: Milotic\n|-boost|p1b: Milotic|atk|1\n|-boost|p1b: Milotic|def|1\n|-boost|p1b: Milotic|accuracy|1\n|move|p2a: Kingambit|Swords Dance|p2a: Kingambit\n|-boost|p2a: Kingambit|atk|2\n|\n|upkeep\n|turn|2\n|\n|t:|1776532384\n|move|p2a: Kingambit|Sucker Punch|p1b: Milotic\n|-damage|p1b: Milotic|37/100\n|move|p1a: Aerodactyl|Dual Wingbeat|p2b: Sneasler\n|-supereffective|p2b: Sneasler|1\n|-damage|p2b: Sneasler|33/100\n|-supereffective|p2b: Sneasler|1\n|-damage|p2b: Sneasler|0 fnt\n|faint|p2b: Sneasler\n|-hitcount|p2: Sneasler|2\n|move|p1b: Milotic|Scald|p2a: Kingambit\n|-damage|p2a: Kingambit|67/100\n|-status|p2a: Kingambit|brn\n|\n|-damage|p2a: Kingambit|61/100 brn|[from] brn\n|upkeep\n|\n|t:|1776532392\n|switch|p2b: Clefable|Clefable, L50, F|100/100\n|turn|3\n|\n|t:|1776532414\n|move|p1b: Milotic|Protect|p1b: Milotic\n|-singleturn|p1b: Milotic|Protect\n|move|p2b: Clefable|Follow Me|p2b: Clefable\n|-singleturn|p2b: Clefable|move: Follow Me\n|move|p1a: Aerodactyl|Tailwind|p1a: Aerodactyl\n|-sidestart|p1: ShaggyMetagross|move: Tailwind\n|move|p2a: Kingambit|Kowtow Cleave|p1b: Milotic\n|-activate|p1b: Milotic|move: Protect\n|\n|-damage|p2a: Kingambit|56/100 brn|[from] brn\n|upkeep\n|turn|4\n|inactive|ShaggyMetagross has 30 seconds left.\n|\n|t:|1776532444\n|move|p2a: Kingambit|Protect|p2a: Kingambit\n|-singleturn|p2a: Kingambit|Protect\n|move|p1a: Aerodactyl|Rock Slide|p2a: Kingambit|[spread] p2b\n|-activate|p2a: Kingambit|move: Protect\n|-damage|p2b: Clefable|81/100\n|move|p1b: Milotic|Coil|p1b: Milotic\n|-boost|p1b: Milotic|atk|1\n|-boost|p1b: Milotic|def|1\n|-boost|p1b: Milotic|accuracy|1\n|cant|p2b: Clefable|flinch\n|\n|-damage|p2a: Kingambit|50/100 brn|[from] brn\n|upkeep\n|turn|5\n|\n|t:|1776532467\n|move|p1b: Milotic|Protect|p1b: Milotic\n|-singleturn|p1b: Milotic|Protect\n|move|p2a: Kingambit|Sucker Punch|p1a: Aerodactyl\n|-damage|p1a: Aerodactyl|14/100\n|move|p1a: Aerodactyl|Rock Slide|p2b: Clefable|[spread] p2a,p2b\n|-resisted|p2a: Kingambit|1\n|-damage|p2a: Kingambit|41/100 brn\n|-damage|p2b: Clefable|59/100\n|move|p2b: Clefable|Moonblast|p1b: Milotic\n|-activate|p1b: Milotic|move: Protect\n|\n|-damage|p2a: Kingambit|35/100 brn|[from] brn\n|upkeep\n|turn|6\n|inactive|ShaggyMetagross has 30 seconds left.\n|\n|t:|1776532500\n|switch|p1b: Kangaskhan|Kangaskhan, L50, F|100/100\n|move|p1a: Aerodactyl|Protect|p1a: Aerodactyl\n|-singleturn|p1a: Aerodactyl|Protect\n|move|p2a: Kingambit|Protect|p2a: Kingambit\n|-singleturn|p2a: Kingambit|Protect\n|move|p2b: Clefable|Moonblast|p1a: Aerodactyl\n|-activate|p1a: Aerodactyl|move: Protect\n|\n|-damage|p2a: Kingambit|29/100 brn|[from] brn\n|-sideend|p1: ShaggyMetagross|move: Tailwind\n|upkeep\n|turn|7\n|\n|t:|1776532525\n|detailschange|p1b: Kangaskhan|Kangaskhan-Mega, L50, F\n|-mega|p1b: Kangaskhan|Kangaskhan|Kangaskhanite\n|move|p2a: Kingambit|Sucker Punch|p1b: Kangaskhan\n|-damage|p1b: Kangaskhan|62/100\n|move|p1a: Aerodactyl|Tailwind|p1a: Aerodactyl\n|-sidestart|p1: ShaggyMetagross|move: Tailwind\n|move|p1b: Kangaskhan|Double-Edge|p2b: Clefable\n|-damage|p2b: Clefable|11/100\n|-enditem|p2b: Clefable|Sitrus Berry|[eat]\n|-heal|p2b: Clefable|36/100|[from] item: Sitrus Berry\n|-damage|p2b: Clefable|24/100\n|-hitcount|p2b: Clefable|2\n|-damage|p1b: Kangaskhan|43/100|[from] Recoil\n|move|p2b: Clefable|Moonblast|p1a: Aerodactyl\n|-damage|p1a: Aerodactyl|0 fnt\n|faint|p1a: Aerodactyl\n|\n|-damage|p2a: Kingambit|24/100 brn|[from] brn\n|upkeep\n|\n|t:|1776532549\n|switch|p1a: Aegislash|Aegislash, L50, F, shiny|100/100\n|turn|8\n|\n|t:|1776532557\n|move|p1a: Aegislash|Protect|p1a: Aegislash\n|-singleturn|p1a: Aegislash|Protect\n|move|p2b: Clefable|Protect|p2b: Clefable\n|-singleturn|p2b: Clefable|Protect\n|move|p2a: Kingambit|Sucker Punch||[still]\n|-fail|p2a: Kingambit\n|move|p1b: Kangaskhan|Drain Punch|p2a: Kingambit\n|-supereffective|p2a: Kingambit|2\n|-damage|p2a: Kingambit|0 fnt\n|-heal|p1b: Kangaskhan|54/100|[from] drain|[of] p2a: Kingambit\n|faint|p2a: Kingambit\n|-hitcount|p2: Kingambit|1\n|\n|upkeep\n|\n|t:|1776532560\n|switch|p2a: Delphox|Delphox, L50, M|100/100\n|turn|9\n|inactive|ShaggyMetagross has 30 seconds left.\n|inactive|ShaggyMetagross has 20 seconds left.\n|\n|t:|1776532598\n|detailschange|p2a: Delphox|Delphox-Mega, L50, M\n|-mega|p2a: Delphox|Delphox|Delphoxite\n|move|p2b: Clefable|Follow Me|p2b: Clefable\n|-singleturn|p2b: Clefable|move: Follow Me\n|move|p1b: Kangaskhan|Double-Edge|p2b: Clefable\n|-damage|p2b: Clefable|0 fnt\n|faint|p2b: Clefable\n|-hitcount|p2: Clefable|1\n|-damage|p1b: Kangaskhan|47/100|[from] Recoil\n|-formechange|p1a: Aegislash|Aegislash-Blade|\n|move|p1a: Aegislash|Poltergeist|p2a: Delphox\n|-activate|p2a: Delphox|move: Poltergeist|Delphoxite\n|-supereffective|p2a: Delphox|1\n|-damage|p2a: Delphox|0 fnt\n|faint|p2a: Delphox\n|\n|win|ShaggyMetagross\n|raw|ShaggyMetagross's rating: 1180 &rarr; <strong>1210</strong><br />(+30 for winning)\n|raw|ifiend's rating: 1249 &rarr; <strong>1219</strong><br />(-30 for losing)\n|l|\u2606ifiend\n|player|p2|\n",
  "uploadtime": 1776532622,
  "views": 27,
  "formatid": "gen9championsvgc2026regma",
  "rating": 1210,
  "private": 0,
  "password": null
}