{
  "id": "gen9championsvgc2026regma-2588102587",
  "format": "[Gen 9 Champions] VGC 2026 Reg M-A",
  "players": [
    "Valloo MLA",
    "tvini222555"
  ],
  "log": "|j|\u2606Valloo MLA\n|j|\u2606tvini222555\n|t:|1776604535\n|gametype|doubles\n|player|p1|Valloo MLA|265|1354\n|player|p2|tvini222555|265|1254\n|gen|9\n|tier|[Gen 9 Champions] VGC 2026 Reg M-A\n|rated|\n|rule|Species Clause: Limit one of each Pok\u00e9mon\n|rule|Item Clause: Limit 1 of each item\n|clearpoke\n|poke|p1|Incineroar, L50, F|\n|poke|p1|Sinistcha, L50|\n|poke|p1|Aggron, L50, M|\n|poke|p1|Basculegion, L50, M|\n|poke|p1|Pelipper, L50, M|\n|poke|p1|Meganium, L50, F|\n|poke|p2|Feraligatr, L50, M|\n|poke|p2|Kangaskhan, L50, F|\n|poke|p2|Farigiraf, L50, M|\n|poke|p2|Rotom-Heat, L50|\n|poke|p2|Whimsicott, L50, M|\n|poke|p2|Sneasler, L50, M|\n|teampreview|4\n|inactive|Battle timer is ON: inactive players will automatically lose when time's up. (requested by Valloo MLA)\n|inactive|tvini222555 has 60 seconds left.\n|\n|t:|1776604592\n|teamsize|p1|4\n|teamsize|p2|4\n|start\n|switch|p1a: Aggron|Aggron, L50, M|100/100\n|switch|p1b: Incineroar|Incineroar, L50, F|100/100\n|switch|p2a: Rotom|Rotom-Heat, L50|100/100\n|switch|p2b: Kangaskhan|Kangaskhan, L50, F|100/100\n|-ability|p1b: Incineroar|Intimidate|boost\n|-unboost|p2a: Rotom|atk|1\n|-fail|p2b: Kangaskhan|unboost|Attack|[from] ability: Scrappy|[of] p2b: Kangaskhan\n|turn|1\n|\n|t:|1776604608\n|detailschange|p1a: Aggron|Aggron-Mega, L50, M\n|-mega|p1a: Aggron|Aggron|Aggronite\n|move|p2b: Kangaskhan|Fake Out|p1b: Incineroar\n|-damage|p1b: Incineroar|84/100\n|cant|p1b: Incineroar|flinch\n|move|p2a: Rotom|Will-O-Wisp|p1a: Aggron\n|-status|p1a: Aggron|brn\n|move|p1a: Aggron|Iron Defense|p1a: Aggron\n|-boost|p1a: Aggron|def|2\n|\n|-damage|p1a: Aggron|94/100 brn|[from] brn\n|upkeep\n|turn|2\n|\n|t:|1776604627\n|switch|p2a: Sneasler|Sneasler, L50, M|100/100\n|move|p1a: Aggron|Protect|p1a: Aggron\n|-singleturn|p1a: Aggron|Protect\n|move|p2b: Kangaskhan|Last Resort|p1b: Incineroar\n|-damage|p1b: Incineroar|32/100\n|-enditem|p1b: Incineroar|Sitrus Berry|[eat]\n|-heal|p1b: Incineroar|57/100|[from] item: Sitrus Berry\n|move|p1b: Incineroar|Parting Shot|p2a: Sneasler\n|-unboost|p2a: Sneasler|atk|1\n|-unboost|p2a: Sneasler|spa|1\n|\n|t:|1776604641\n|switch|p1b: Basculegion|Basculegion, L50, M|100/100|[from] Parting Shot\n|-enditem|p2a: Sneasler|White Herb\n|-clearnegativeboost|p2a: Sneasler|[silent]\n|\n|-damage|p1a: Aggron|88/100 brn|[from] brn\n|upkeep\n|turn|3\n|\n|t:|1776604654\n|move|p2a: Sneasler|Coaching|p2b: Kangaskhan\n|-boost|p2b: Kangaskhan|atk|1\n|-boost|p2b: Kangaskhan|def|1\n|move|p1b: Basculegion|Flip Turn|p2a: Sneasler\n|-damage|p2a: Sneasler|64/100\n|\n|t:|1776604657\n|switch|p1b: Incineroar|Incineroar, L50, F|57/100|[from] Flip Turn\n|-ability|p1b: Incineroar|Intimidate|boost\n|-unboost|p2a: Sneasler|atk|1\n|-fail|p2b: Kangaskhan|unboost|Attack|[from] ability: Scrappy|[of] p2b: Kangaskhan\n|move|p2b: Kangaskhan|Last Resort|p1b: Incineroar\n|-damage|p1b: Incineroar|0 fnt\n|faint|p1b: Incineroar\n|move|p1a: Aggron|Body Press|p2b: Kangaskhan\n|-supereffective|p2b: Kangaskhan|1\n|-damage|p2b: Kangaskhan|45/100\n|\n|-damage|p1a: Aggron|82/100 brn|[from] brn\n|upkeep\n|\n|t:|1776604660\n|switch|p1b: Sinistcha|Sinistcha, L50|100/100\n|-heal|p1a: Aggron|100/100 brn|[from] ability: Hospitality|[of] p1b: Sinistcha\n|turn|4\n|\n|t:|1776604681\n|move|p2a: Sneasler|Coaching|p2b: Kangaskhan\n|-boost|p2b: Kangaskhan|atk|1\n|-boost|p2b: Kangaskhan|def|1\n|move|p2b: Kangaskhan|Last Resort|p1b: Sinistcha\n|-damage|p1b: Sinistcha|0 fnt\n|faint|p1b: Sinistcha\n|move|p1a: Aggron|Iron Defense|p1a: Aggron\n|-boost|p1a: Aggron|def|2\n|\n|-damage|p1a: Aggron|94/100 brn|[from] brn\n|upkeep\n|\n|t:|1776604687\n|switch|p1b: Basculegion|Basculegion, L50, M|100/100\n|turn|5\n|\n|t:|1776604704\n|move|p2a: Sneasler|Coaching|p2b: Kangaskhan\n|-boost|p2b: Kangaskhan|atk|1\n|-boost|p2b: Kangaskhan|def|1\n|move|p1b: Basculegion|Wave Crash|p2b: Kangaskhan\n|-damage|p2b: Kangaskhan|9/100\n|-damage|p1b: Basculegion|89/100|[from] Recoil\n|move|p2b: Kangaskhan|Last Resort|p1b: Basculegion\n|-damage|p1b: Basculegion|0 fnt\n|faint|p1b: Basculegion\n|move|p1a: Aggron|Body Press|p2a: Sneasler\n|-resisted|p2a: Sneasler|1\n|-damage|p2a: Sneasler|37/100\n|\n|-damage|p1a: Aggron|88/100 brn|[from] brn\n|upkeep\n|turn|6\n|\n|t:|1776604726\n|move|p2a: Sneasler|Close Combat|p1a: Aggron\n|-supereffective|p1a: Aggron|1\n|-damage|p1a: Aggron|78/100 brn\n|-unboost|p2a: Sneasler|def|1\n|-unboost|p2a: Sneasler|spd|1\n|move|p2b: Kangaskhan|Last Resort|p1a: Aggron\n|-resisted|p1a: Aggron|1\n|-damage|p1a: Aggron|64/100 brn\n|move|p1a: Aggron|Body Press|p2b: Kangaskhan\n|-supereffective|p2b: Kangaskhan|1\n|-damage|p2b: Kangaskhan|0 fnt\n|faint|p2b: Kangaskhan\n|\n|-damage|p1a: Aggron|58/100 brn|[from] brn\n|upkeep\n|\n|t:|1776604743\n|switch|p2b: Rotom|Rotom-Heat, L50|100/100\n|turn|7\n|\n|t:|1776604754\n|switch|p2b: Whimsicott|Whimsicott, L50, M|100/100\n|move|p2a: Sneasler|Close Combat|p1a: Aggron\n|-supereffective|p1a: Aggron|1\n|-damage|p1a: Aggron|48/100 brn\n|-unboost|p2a: Sneasler|def|1\n|-unboost|p2a: Sneasler|spd|1\n|move|p1a: Aggron|Body Press|p2b: Whimsicott\n|-resisted|p2b: Whimsicott|1\n|-damage|p2b: Whimsicott|68/100\n|\n|-damage|p1a: Aggron|42/100 brn|[from] brn\n|upkeep\n|turn|8\n|-message|Valloo MLA forfeited.\n|\n|win|tvini222555\n|raw|Valloo MLA's rating: 1354 &rarr; <strong>1328</strong><br />(-26 for losing)\n|raw|tvini222555's rating: 1254 &rarr; <strong>1286</strong><br />(+32 for winning)\n|l|\u2606Valloo MLA\n|player|p1|\n",
  "uploadtime": 1776604773,
  "views": 19,
  "formatid": "gen9championsvgc2026regma",
  "rating": 1286,
  "private": 0,
  "password": null
}