{
  "id": "gen9championsvgc2026regma-2584899800",
  "format": "[Gen 9 Champions] VGC 2026 Reg M-A",
  "players": [
    "boneitis",
    "FlutterGainz"
  ],
  "log": "|j|\u2606boneitis\n|j|\u2606FlutterGainz\n|t:|1776292754\n|gametype|doubles\n|player|p1|boneitis|169|1314\n|player|p2|FlutterGainz|ninjaboy|1250\n|gen|9\n|tier|[Gen 9 Champions] VGC 2026 Reg M-A\n|rated|\n|rule|Species Clause: Limit one of each Pok\u00e9mon\n|rule|Item Clause: Limit 1 of each item\n|clearpoke\n|poke|p1|Starmie, L50|\n|poke|p1|Tsareena, L50, F|\n|poke|p1|Incineroar, L50, M|\n|poke|p1|Pelipper, L50, F|\n|poke|p1|Sneasler, L50, F|\n|poke|p1|Scizor, L50, F|\n|poke|p2|Gengar, L50, M|\n|poke|p2|Kangaskhan, L50, F|\n|poke|p2|Palafin, L50, F|\n|poke|p2|Incineroar, L50, F|\n|poke|p2|Kommo-o, L50, M|\n|poke|p2|Whimsicott, L50, M|\n|teampreview|4\n|\n|t:|1776292813\n|teamsize|p1|4\n|teamsize|p2|4\n|start\n|switch|p1a: Starmie|Starmie, L50|100/100\n|switch|p1b: Tsareena|Tsareena, L50, F|100/100\n|switch|p2a: Gengar|Gengar, L50, M|100/100\n|switch|p2b: Incineroar|Incineroar, L50, F|100/100\n|-ability|p2b: Incineroar|Intimidate|boost\n|-unboost|p1a: Starmie|atk|1\n|-unboost|p1b: Tsareena|atk|1\n|turn|1\n|\n|t:|1776292839\n|switch|p1a: Incineroar|Incineroar, L50, M|100/100\n|-ability|p1a: Incineroar|Intimidate|boost\n|-unboost|p2a: Gengar|atk|1\n|-unboost|p2b: Incineroar|atk|1\n|detailschange|p2a: Gengar|Gengar-Mega, L50, M\n|-mega|p2a: Gengar|Gengar|Gengarite\n|move|p2a: Gengar|Protect|p2a: Gengar\n|-singleturn|p2a: Gengar|Protect\n|move|p1b: Tsareena|U-turn|p2a: Gengar\n|-activate|p2a: Gengar|move: Protect\n|move|p2b: Incineroar|Darkest Lariat|p1a: Incineroar\n|-resisted|p1a: Incineroar|1\n|-damage|p1a: Incineroar|91/100\n|\n|upkeep\n|turn|2\n|\n|t:|1776292856\n|switch|p2a: Kommo-o|Kommo-o, L50, M|100/100\n|move|p1b: Tsareena|U-turn|p2a: Kommo-o\n|-resisted|p2a: Kommo-o|1\n|-damage|p2a: Kommo-o|94/100\n|\n|t:|1776292862\n|switch|p1b: Pelipper|Pelipper, L50, F|100/100|[from] U-turn\n|-weather|RainDance|[from] ability: Drizzle|[of] p1b: Pelipper\n|move|p2b: Incineroar|Parting Shot|p1b: Pelipper\n|-unboost|p1b: Pelipper|atk|1\n|-unboost|p1b: Pelipper|spa|1\n|\n|t:|1776292871\n|switch|p2b: Gengar|Gengar-Mega, L50, M|100/100|[from] Parting Shot\n|move|p1a: Incineroar|Darkest Lariat|p2a: Kommo-o\n|-resisted|p2a: Kommo-o|1\n|-damage|p2a: Kommo-o|81/100\n|\n|-weather|RainDance|[upkeep]\n|-heal|p2a: Kommo-o|87/100|[from] item: Leftovers\n|upkeep\n|turn|3\n|\n|t:|1776292910\n|switch|p2a: Incineroar|Incineroar, L50, F|100/100\n|-ability|p2a: Incineroar|Intimidate|boost\n|-unboost|p1a: Incineroar|atk|1\n|-unboost|p1b: Pelipper|atk|1\n|move|p2b: Gengar|Sludge Bomb|p1b: Pelipper\n|-damage|p1b: Pelipper|10/100\n|move|p1b: Pelipper|Hurricane|p2a: Incineroar\n|-damage|p2a: Incineroar|75/100\n|move|p1a: Incineroar|Parting Shot|p2b: Gengar\n|-unboost|p2b: Gengar|atk|1\n|-unboost|p2b: Gengar|spa|1\n|\n|t:|1776292916\n|switch|p1a: Tsareena|Tsareena, L50, F|100/100|[from] Parting Shot\n|\n|-weather|RainDance|[upkeep]\n|upkeep\n|turn|4\n|\n|t:|1776292935\n|move|p1a: Tsareena|Triple Axel|p2b: Gengar\n|-damage|p2b: Gengar|92/100\n|-damage|p2b: Gengar|74/100\n|-damage|p2b: Gengar|47/100\n|-hitcount|p2b: Gengar|3\n|move|p2b: Gengar|Sludge Bomb|p1a: Tsareena\n|-supereffective|p1a: Tsareena|1\n|-damage|p1a: Tsareena|25/100\n|-status|p1a: Tsareena|psn\n|move|p1b: Pelipper|Weather Ball|p2a: Incineroar\n|-supereffective|p2a: Incineroar|1\n|-damage|p2a: Incineroar|0 fnt\n|faint|p2a: Incineroar\n|\n|-weather|RainDance|[upkeep]\n|-damage|p1a: Tsareena|13/100 psn|[from] psn\n|upkeep\n|\n|t:|1776292951\n|switch|p2a: Whimsicott|Whimsicott, L50, M|100/100\n|turn|5\n|\n|t:|1776292963\n|move|p2a: Whimsicott|Protect|p2a: Whimsicott\n|-singleturn|p2a: Whimsicott|Protect\n|move|p2b: Gengar|Protect|p2b: Gengar\n|-singleturn|p2b: Gengar|Protect\n|move|p1a: Tsareena|Triple Axel|p2a: Whimsicott\n|-activate|p2a: Whimsicott|move: Protect\n|move|p1b: Pelipper|Weather Ball|p2b: Gengar\n|-activate|p2b: Gengar|move: Protect\n|\n|-weather|RainDance|[upkeep]\n|-damage|p1a: Tsareena|1/100 psn|[from] psn\n|upkeep\n|turn|6\n|\n|t:|1776292975\n|move|p2a: Whimsicott|Tailwind|p2a: Whimsicott\n|-sidestart|p2: FlutterGainz|move: Tailwind\n|move|p2b: Gengar|Icy Wind|p1b: Pelipper|[spread] p1a,p1b\n|-supereffective|p1a: Tsareena|1\n|-damage|p1a: Tsareena|0 fnt\n|-damage|p1b: Pelipper|0 fnt\n|faint|p1a: Tsareena\n|faint|p1b: Pelipper\n|\n|-weather|none\n|upkeep\n|\n|t:|1776292980\n|switch|p1a: Starmie|Starmie, L50|100/100\n|switch|p1b: Incineroar|Incineroar, L50, M|91/100\n|-ability|p1b: Incineroar|Intimidate|boost\n|-unboost|p2a: Whimsicott|atk|1\n|-unboost|p2b: Gengar|atk|1\n|turn|7\n|\n|t:|1776292996\n|detailschange|p1a: Starmie|Starmie-Mega, L50\n|-mega|p1a: Starmie|Starmie|Starminite\n|move|p2a: Whimsicott|Protect|p2a: Whimsicott\n|-singleturn|p2a: Whimsicott|Protect\n|move|p2b: Gengar|Protect|p2b: Gengar\n|-singleturn|p2b: Gengar|Protect\n|move|p1a: Starmie|Flip Turn|p2a: Whimsicott\n|-activate|p2a: Whimsicott|move: Protect\n|move|p1b: Incineroar|Darkest Lariat|p2b: Gengar\n|-activate|p2b: Gengar|move: Protect\n|\n|upkeep\n|turn|8\n|\n|t:|1776293010\n|switch|p2b: Kommo-o|Kommo-o, L50, M|87/100\n|move|p2a: Whimsicott|Encore|p1a: Starmie\n|-start|p1a: Starmie|Encore\n|move|p1a: Starmie|Flip Turn|p2b: Kommo-o\n|-resisted|p2b: Kommo-o|1\n|-damage|p2b: Kommo-o|66/100\n|move|p1b: Incineroar|Flare Blitz|p2b: Kommo-o\n|-resisted|p2b: Kommo-o|1\n|-damage|p2b: Kommo-o|46/100\n|-damage|p1b: Incineroar|85/100|[from] Recoil\n|\n|-heal|p2b: Kommo-o|52/100|[from] item: Leftovers\n|upkeep\n|turn|9\n|\n|t:|1776293024\n|move|p2a: Whimsicott|Moonblast|p1b: Incineroar\n|-damage|p1b: Incineroar|58/100\n|move|p2b: Kommo-o|Aura Sphere|p1b: Incineroar\n|-supereffective|p1b: Incineroar|1\n|-damage|p1b: Incineroar|4/100\n|-enditem|p1b: Incineroar|Sitrus Berry|[eat]\n|-heal|p1b: Incineroar|29/100|[from] item: Sitrus Berry\n|move|p1a: Starmie|Flip Turn|p2a: Whimsicott\n|-resisted|p2a: Whimsicott|1\n|-damage|p2a: Whimsicott|63/100\n|move|p1b: Incineroar|Flare Blitz|p2a: Whimsicott\n|-supereffective|p2a: Whimsicott|1\n|-damage|p2a: Whimsicott|0 fnt\n|faint|p2a: Whimsicott\n|-damage|p1b: Incineroar|15/100|[from] Recoil\n|\n|-heal|p2b: Kommo-o|58/100|[from] item: Leftovers\n|-sideend|p2: FlutterGainz|move: Tailwind\n|upkeep\n|\n|t:|1776293030\n|switch|p2a: Gengar|Gengar-Mega, L50, M|47/100\n|turn|10\n|\n|t:|1776293047\n|move|p2a: Gengar|Shadow Ball|p1a: Starmie\n|-supereffective|p1a: Starmie|1\n|-damage|p1a: Starmie|0 fnt\n|faint|p1a: Starmie\n|move|p2b: Kommo-o|Clanging Scales|p1b: Incineroar\n|-damage|p1b: Incineroar|0 fnt\n|faint|p1b: Incineroar\n|\n|win|FlutterGainz\n|raw|boneitis's rating: 1314 &rarr; <strong>1290</strong><br />(-24 for losing)\n|raw|FlutterGainz's rating: 1250 &rarr; <strong>1280</strong><br />(+30 for winning)\n|l|\u2606boneitis\n|player|p1|\n",
  "uploadtime": 1776293057,
  "views": 44,
  "formatid": "gen9championsvgc2026regma",
  "rating": 1280,
  "private": 0,
  "password": null
}