{
  "id": "gen9championsvgc2026regma-2582800807",
  "format": "[Gen 9 Champions] VGC 2026 Reg M-A",
  "players": [
    "albertito2005",
    "ScribbleScribble"
  ],
  "log": "|j|\u2606albertito2005\n|j|\u2606ScribbleScribble\n|t:|1776115116\n|gametype|doubles\n|player|p1|albertito2005|veteran|1437\n|player|p2|ScribbleScribble|mina-lgpe|1476\n|gen|9\n|tier|[Gen 9 Champions] VGC 2026 Reg M-A\n|rated|\n|rule|Species Clause: Limit one of each Pok\u00e9mon\n|rule|Item Clause: Limit 1 of each item\n|clearpoke\n|poke|p1|Rotom-Heat, L50|\n|poke|p1|Gyarados, L50, M|\n|poke|p1|Gengar, L50, F|\n|poke|p1|Excadrill, L50, M|\n|poke|p1|Corviknight, L50, F|\n|poke|p1|Tyranitar, L50, F|\n|poke|p2|Floette-Eternal, L50, F|\n|poke|p2|Sneasler, L50, M|\n|poke|p2|Aerodactyl, L50, M|\n|poke|p2|Garchomp, L50, M|\n|poke|p2|Kingambit, L50, M|\n|poke|p2|Basculegion, L50, M|\n|teampreview|4\n|inactive|Battle timer is ON: inactive players will automatically lose when time's up. (requested by ScribbleScribble)\n|inactive|albertito2005 has 60 seconds left.\n|\n|t:|1776115156\n|teamsize|p1|4\n|teamsize|p2|4\n|start\n|switch|p1a: Gengar|Gengar, L50, F|100/100\n|switch|p1b: Corviknight|Corviknight, L50, F|100/100\n|switch|p2a: Aerodactyl|Aerodactyl, L50, M|100/100\n|switch|p2b: Kingambit|Kingambit, L50, M|100/100\n|-ability|p2a: Aerodactyl|Unnerve\n|turn|1\n|\n|t:|1776115178\n|detailschange|p1a: Gengar|Gengar-Mega, L50, F\n|-mega|p1a: Gengar|Gengar|Gengarite\n|move|p1a: Gengar|Protect|p1a: Gengar\n|-singleturn|p1a: Gengar|Protect\n|move|p2a: Aerodactyl|Tailwind|p2a: Aerodactyl\n|-sidestart|p2: ScribbleScribble|move: Tailwind\n|move|p2b: Kingambit|Kowtow Cleave|p1b: Corviknight\n|-damage|p1b: Corviknight|49/100\n|move|p1b: Corviknight|Bulk Up|p1b: Corviknight\n|-boost|p1b: Corviknight|atk|1\n|-boost|p1b: Corviknight|def|1\n|\n|-heal|p1b: Corviknight|55/100|[from] item: Leftovers\n|upkeep\n|turn|2\n|\n|t:|1776115199\n|switch|p1a: Tyranitar|Tyranitar, L50, F|100/100\n|-weather|Sandstorm|[from] ability: Sand Stream|[of] p1a: Tyranitar\n|move|p2a: Aerodactyl|Rock Slide|p1b: Corviknight|[spread] p1a,p1b\n|-damage|p1a: Tyranitar|83/100\n|-damage|p1b: Corviknight|40/100\n|move|p2b: Kingambit|Kowtow Cleave|p1b: Corviknight\n|-damage|p1b: Corviknight|8/100\n|cant|p1b: Corviknight|flinch\n|\n|-weather|Sandstorm|[upkeep]\n|-heal|p1b: Corviknight|14/100|[from] item: Leftovers\n|upkeep\n|turn|3\n|inactive|albertito2005 has 30 seconds left.\n|\n|t:|1776115226\n|move|p2a: Aerodactyl|Rock Slide|p1b: Corviknight|[spread] p1b\n|-miss|p2a: Aerodactyl|p1a: Tyranitar\n|-damage|p1b: Corviknight|0 fnt\n|faint|p1b: Corviknight\n|move|p2b: Kingambit|Kowtow Cleave|p1a: Tyranitar\n|-resisted|p1a: Tyranitar|1\n|-damage|p1a: Tyranitar|62/100\n|move|p1a: Tyranitar|Low Kick|p2b: Kingambit\n|-supereffective|p2b: Kingambit|2\n|-damage|p2b: Kingambit|0 fnt\n|faint|p2b: Kingambit\n|\n|-weather|Sandstorm|[upkeep]\n|upkeep\n|\n|t:|1776115241\n|switch|p1b: Excadrill|Excadrill, L50, M|100/100\n|switch|p2b: Basculegion|Basculegion, L50, M|100/100\n|turn|4\n|\n|t:|1776115264\n|move|p2b: Basculegion|Flip Turn|p1a: Tyranitar\n|-supereffective|p1a: Tyranitar|1\n|-damage|p1a: Tyranitar|6/100\n|\n|t:|1776115267\n|switch|p2b: Sneasler|Sneasler, L50, M|100/100|[from] Flip Turn\n|move|p2a: Aerodactyl|Rock Slide|p1a: Tyranitar|[spread] p1a,p1b\n|-resisted|p1b: Excadrill|2\n|-damage|p1a: Tyranitar|0 fnt\n|-damage|p1b: Excadrill|92/100\n|faint|p1a: Tyranitar\n|move|p1b: Excadrill|Earthquake|p2a: Aerodactyl|[spread] p2b\n|-immune|p2a: Aerodactyl\n|-supereffective|p2b: Sneasler|1\n|-damage|p2b: Sneasler|0 fnt\n|faint|p2b: Sneasler\n|\n|-weather|Sandstorm|[upkeep]\n|-sideend|p2: ScribbleScribble|move: Tailwind\n|upkeep\n|\n|t:|1776115279\n|switch|p2b: Basculegion|Basculegion, L50, M|100/100\n|switch|p1a: Gengar|Gengar-Mega, L50, F|100/100\n|turn|5\n|\n|t:|1776115300\n|move|p1b: Excadrill|Rock Slide|p2a: Aerodactyl|[spread] p2a,p2b\n|-supereffective|p2a: Aerodactyl|1\n|-crit|p2a: Aerodactyl\n|-damage|p2a: Aerodactyl|1/100\n|-damage|p2b: Basculegion|72/100\n|cant|p2b: Basculegion|flinch\n|move|p2a: Aerodactyl|Tailwind|p2a: Aerodactyl\n|-sidestart|p2: ScribbleScribble|move: Tailwind\n|move|p1a: Gengar|Shadow Ball|p2b: Basculegion\n|-supereffective|p2b: Basculegion|1\n|-damage|p2b: Basculegion|0 fnt\n|faint|p2b: Basculegion\n|\n|-weather|Sandstorm|[upkeep]\n|-damage|p1a: Gengar|95/100|[from] Sandstorm\n|upkeep\n|turn|6\n|-message|ScribbleScribble forfeited.\n|\n|win|albertito2005\n|raw|albertito2005's rating: 1437 &rarr; <strong>1459</strong><br />(+22 for winning)\n|raw|ScribbleScribble's rating: 1476 &rarr; <strong>1454</strong><br />(-22 for losing)\n",
  "uploadtime": 1776115320,
  "views": 105,
  "formatid": "gen9championsvgc2026regma",
  "rating": 1454,
  "private": 0,
  "password": null
}