{
  "id": "gen9championsvgc2026regma-2584825621",
  "format": "[Gen 9 Champions] VGC 2026 Reg M-A",
  "players": [
    "WaluigiVGC",
    "LILSCOTTY11"
  ],
  "log": "|j|\u2606WaluigiVGC\n|j|\u2606LILSCOTTY11\n|t:|1776286555\n|gametype|doubles\n|player|p1|WaluigiVGC|101|1231\n|player|p2|LILSCOTTY11|101|1235\n|gen|9\n|tier|[Gen 9 Champions] VGC 2026 Reg M-A\n|rated|\n|rule|Species Clause: Limit one of each Pok\u00e9mon\n|rule|Item Clause: Limit 1 of each item\n|clearpoke\n|poke|p1|Sneasler, L50, M|\n|poke|p1|Aerodactyl, L50, F|\n|poke|p1|Basculegion, L50, M|\n|poke|p1|Incineroar, L50, F|\n|poke|p1|Floette-Eternal, L50, F|\n|poke|p1|Sinistcha, L50|\n|poke|p2|Dragonite, L50, F|\n|poke|p2|Basculegion, L50, M|\n|poke|p2|Kingambit, L50, M|\n|poke|p2|Sneasler, L50, M|\n|poke|p2|Delphox, L50, M|\n|poke|p2|Clefable, L50, F|\n|teampreview|4\n|\n|t:|1776286581\n|teamsize|p1|4\n|teamsize|p2|4\n|start\n|switch|p1a: Sneasler|Sneasler, L50, M|100/100\n|switch|p1b: Floette|Floette-Eternal, L50, F|100/100\n|switch|p2a: Basculegion|Basculegion, L50, M|100/100\n|switch|p2b: Sneasler|Sneasler, L50, M|100/100\n|turn|1\n|\n|t:|1776286597\n|detailschange|p1b: Floette|Floette-Mega, L50, F\n|-mega|p1b: Floette|Floette|Floettite\n|-ability|p1b: Floette|Fairy Aura\n|move|p2b: Sneasler|Fake Out|p1a: Sneasler\n|-damage|p1a: Sneasler|76/100\n|cant|p1a: Sneasler|flinch\n|move|p2a: Basculegion|Wave Crash|p1b: Floette\n|-damage|p1b: Floette|0 fnt\n|faint|p1b: Floette\n|-damage|p2a: Basculegion|73/100|[from] Recoil\n|\n|upkeep\n|\n|t:|1776286619\n|switch|p1b: Basculegion|Basculegion, L50, M|100/100\n|turn|2\n|\n|t:|1776286641\n|switch|p1a: Sinistcha|Sinistcha, L50|100/100\n|move|p1b: Basculegion|Wave Crash|p2b: Sneasler\n|-enditem|p2b: Sneasler|Focus Sash\n|-damage|p2b: Sneasler|1/100\n|-damage|p1b: Basculegion|74/100|[from] Recoil\n|move|p2b: Sneasler|Close Combat|p1a: Sinistcha\n|-immune|p1a: Sinistcha\n|move|p2a: Basculegion|Wave Crash|p1a: Sinistcha\n|-resisted|p1a: Sinistcha|1\n|-damage|p1a: Sinistcha|72/100\n|-damage|p2a: Basculegion|64/100|[from] Recoil\n|\n|upkeep\n|turn|3\n|\n|t:|1776286676\n|switch|p2a: Clefable|Clefable, L50, F|100/100\n|move|p2b: Sneasler|Protect|p2b: Sneasler\n|-singleturn|p2b: Sneasler|Protect\n|move|p1b: Basculegion|Wave Crash|p2a: Clefable\n|-damage|p2a: Clefable|36/100\n|-enditem|p2a: Clefable|Sitrus Berry|[eat]\n|-heal|p2a: Clefable|61/100|[from] item: Sitrus Berry\n|-damage|p1b: Basculegion|53/100|[from] Recoil\n|move|p1a: Sinistcha|Matcha Gotcha|p2a: Clefable|[spread] p2a\n|-activate|p2b: Sneasler|move: Protect\n|-damage|p2a: Clefable|37/100\n|-heal|p1a: Sinistcha|86/100|[from] drain|[of] p2a: Clefable\n|\n|upkeep\n|turn|4\n|\n|t:|1776286703\n|switch|p1b: Sneasler|Sneasler, L50, M|76/100\n|move|p2a: Clefable|Follow Me|p2a: Clefable\n|-singleturn|p2a: Clefable|move: Follow Me\n|move|p2b: Sneasler|Dire Claw|p1b: Sneasler\n|-resisted|p1b: Sneasler|1\n|-damage|p1b: Sneasler|42/100\n|move|p1a: Sinistcha|Matcha Gotcha|p2b: Sneasler|[spread] p2a,p2b\n|-resisted|p2b: Sneasler|1\n|-damage|p2a: Clefable|16/100\n|-heal|p1a: Sinistcha|98/100|[from] drain|[of] p2a: Clefable\n|-damage|p2b: Sneasler|0 fnt\n|-heal|p1a: Sinistcha|99/100|[from] drain|[of] p2b: Sneasler\n|faint|p2b: Sneasler\n|\n|upkeep\n|\n|t:|1776286719\n|switch|p2b: Delphox|Delphox, L50, M|100/100\n|turn|5\n|\n|t:|1776286738\n|detailschange|p2b: Delphox|Delphox-Mega, L50, M\n|-mega|p2b: Delphox|Delphox|Delphoxite\n|move|p1b: Sneasler|Protect|p1b: Sneasler\n|-singleturn|p1b: Sneasler|Protect\n|move|p2a: Clefable|Follow Me|p2a: Clefable\n|-singleturn|p2a: Clefable|move: Follow Me\n|move|p2b: Delphox|Heat Wave|p1a: Sinistcha|[spread] p1a\n|-activate|p1b: Sneasler|move: Protect\n|-supereffective|p1a: Sinistcha|1\n|-damage|p1a: Sinistcha|0 fnt\n|faint|p1a: Sinistcha\n|\n|upkeep\n|\n|t:|1776286750\n|switch|p1a: Basculegion|Basculegion, L50, M|53/100\n|turn|6\n|\n|t:|1776286780\n|move|p2a: Clefable|Follow Me|p2a: Clefable\n|-singleturn|p2a: Clefable|move: Follow Me\n|move|p1a: Basculegion|Last Respects|p2a: Clefable\n|-damage|p2a: Clefable|0 fnt\n|faint|p2a: Clefable\n|move|p2b: Delphox|Psychic|p1b: Sneasler\n|-supereffective|p1b: Sneasler|2\n|-damage|p1b: Sneasler|0 fnt\n|faint|p1b: Sneasler\n|\n|upkeep\n|\n|t:|1776286789\n|switch|p2a: Basculegion|Basculegion, L50, M|64/100\n|turn|7\n|\n|t:|1776286798\n|move|p1a: Basculegion|Last Respects|p2a: Basculegion\n|-supereffective|p2a: Basculegion|1\n|-damage|p2a: Basculegion|0 fnt\n|faint|p2a: Basculegion\n|move|p2b: Delphox|Psychic|p1a: Basculegion\n|-damage|p1a: Basculegion|0 fnt\n|faint|p1a: Basculegion\n|\n|win|LILSCOTTY11\n|raw|WaluigiVGC's rating: 1231 &rarr; <strong>1206</strong><br />(-25 for losing)\n|raw|LILSCOTTY11's rating: 1235 &rarr; <strong>1260</strong><br />(+25 for winning)\n|c|\u2606LILSCOTTY11|GG\n",
  "uploadtime": 1776286807,
  "views": 27,
  "formatid": "gen9championsvgc2026regma",
  "rating": 1206,
  "private": 0,
  "password": null
}