{
  "id": "gen9championsvgc2026regma-2581190238",
  "format": "[Gen 9 Champions] VGC 2026 Reg M-A",
  "players": [
    "Bman311",
    "Unskilled99"
  ],
  "log": "|j|\u2606Bman311\n|j|\u2606Unskilled99\n|t:|1775968898\n|gametype|doubles\n|player|p1|Bman311|266|\n|player|p2|Unskilled99|unknown|\n|gen|9\n|tier|[Gen 9 Champions] VGC 2026 Reg M-A\n|rated|Tournament battle\n|rule|Species Clause: Limit one of each Pok\u00e9mon\n|rule|Item Clause: Limit 1 of each item\n|clearpoke\n|poke|p1|Gengar, L50, F|\n|poke|p1|Incineroar, L50, F|\n|poke|p1|Sinistcha, L50|\n|poke|p1|Politoed, L50, F|\n|poke|p1|Archaludon, L50, M|\n|poke|p1|Sneasler, L50, F|\n|poke|p2|Floette-Eternal, L50, F|\n|poke|p2|Incineroar, L50, M|\n|poke|p2|Garchomp, L50, F|\n|poke|p2|Sneasler, L50, F|\n|poke|p2|Rotom-Wash, L50|\n|poke|p2|Sinistcha, L50|\n|teampreview|4\n|inactive|Battle timer is ON: inactive players will automatically lose when time's up. (requested by Bman311)\nBman311 has agreed to open team sheets.\nUnskilled99 has agreed to open team sheets.\n|showteam|p1|Gengar||Gengarite|CursedBody|ShadowBall,SludgeBomb,PerishSong,Protect|||F|||50|]Incineroar||ShucaBerry|Intimidate|FakeOut,ThroatChop,FlareBlitz,PartingShot|||F|||50|]Sinistcha||SitrusBerry|Hospitality|MatchaGotcha,RagePowder,LifeDew,TrickRoom||||||50|]Politoed||Leftovers|Drizzle|MuddyWater,IcyWind,PerishSong,Protect|||F|||50|]Archaludon||ChopleBerry|Stamina|ElectroShot,DracoMeteor,FlashCannon,Protect|||M|||50|]Sneasler||WhiteHerb|Unburden|FakeOut,CloseCombat,DireClaw,Protect|||F|||50|\n|showteam|p2|Floette-Eternal||Floettite|FlowerVeil|CalmMind,DazzlingGleam,Moonblast,Protect|||F|||50|]Incineroar||ChopleBerry|Intimidate|PartingShot,FlareBlitz,ThroatChop,FakeOut|||M|||50|]Garchomp||LumBerry|RoughSkin|StompingTantrum,RockSlide,Earthquake,Protect|||F|||50|]Sneasler||WhiteHerb|Unburden|Coaching,CloseCombat,FakeOut,DireClaw|||F|||50|]Rotom-Wash||SitrusBerry|Levitate|Electroweb,WillOWisp,VoltSwitch,Protect||||||50|]Sinistcha||MentalHerb|Hospitality|TrickRoom,RagePowder,MatchaGotcha,Protect||||||50|\n|inactive|Unskilled99 has 60 seconds left.\n|\n|t:|1775968952\n|teamsize|p1|4\n|teamsize|p2|4\n|start\n|switch|p1a: Gengar|Gengar, L50, F|100/100\n|switch|p1b: Sneasler|Sneasler, L50, F|100/100\n|switch|p2a: Sneasler|Sneasler, L50, F|100/100\n|switch|p2b: Garchomp|Garchomp, L50, F|100/100\n|turn|1\n|inactive|Bman311 has 30 seconds left.\n|\n|t:|1775968982\n|detailschange|p1a: Gengar|Gengar-Mega, L50, F\n|-mega|p1a: Gengar|Gengar|Gengarite\n|move|p1b: Sneasler|Fake Out|p2b: Garchomp\n|-damage|p2b: Garchomp|84/100\n|-damage|p1b: Sneasler|88/100|[from] ability: Rough Skin|[of] p2b: Garchomp\n|move|p1a: Gengar|Perish Song|p1a: Gengar\n|-start|p1a: Gengar|perish3|[silent]\n|-start|p1b: Sneasler|perish3|[silent]\n|-start|p2a: Sneasler|perish3|[silent]\n|-start|p2b: Garchomp|perish3|[silent]\n|-fieldactivate|move: Perish Song\n|move|p2a: Sneasler|Coaching|p2b: Garchomp\n|-boost|p2b: Garchomp|atk|1\n|-boost|p2b: Garchomp|def|1\n|cant|p2b: Garchomp|flinch\n|\n|-start|p1a: Gengar|perish3\n|-start|p2a: Sneasler|perish3\n|-start|p1b: Sneasler|perish3\n|-start|p2b: Garchomp|perish3\n|upkeep\n|turn|2\n|inactive|Unskilled99 has 30 seconds left.\n|\n|t:|1775969012\n|switch|p1b: Incineroar|Incineroar, L50, F|100/100\n|-ability|p1b: Incineroar|Intimidate|boost\n|-unboost|p2a: Sneasler|atk|1\n|-unboost|p2b: Garchomp|atk|1\n|-enditem|p2a: Sneasler|White Herb\n|-clearnegativeboost|p2a: Sneasler|[silent]\n|move|p1a: Gengar|Protect|p1a: Gengar\n|-singleturn|p1a: Gengar|Protect\n|move|p2a: Sneasler|Coaching|p2b: Garchomp\n|-boost|p2b: Garchomp|atk|1\n|-boost|p2b: Garchomp|def|1\n|move|p2b: Garchomp|Stomping Tantrum|p1b: Incineroar\n|-supereffective|p1b: Incineroar|1\n|-enditem|p1b: Incineroar|Shuca Berry|[eat]\n|-enditem|p1b: Incineroar|Shuca Berry|[weaken]\n|-damage|p1b: Incineroar|11/100\n|\n|-start|p2a: Sneasler|perish2\n|-start|p1a: Gengar|perish2\n|-start|p2b: Garchomp|perish2\n|upkeep\n|turn|3\n|inactive|Unskilled99 has 30 seconds left.\n|c|\u2606Unskilled99|ah damn it\n|inactive|Unskilled99 has 20 seconds left.\n|c|\u2606Unskilled99|maybe\n|inactive|Unskilled99 has 15 seconds left.\n|inactive|Unskilled99 has 10 seconds left.\n|c|\u2606Unskilled99|i will try soft sand sand set\n|inactive|Unskilled99 has 5 seconds left.\n|\n|t:|1775969065\n|switch|p1a: Sinistcha|Sinistcha, L50|100/100\n|-heal|p1b: Incineroar|36/100|[from] ability: Hospitality|[of] p1a: Sinistcha\n|move|p2a: Sneasler|Dire Claw|p1a: Sinistcha\n|-damage|p1a: Sinistcha|66/100\n|move|p2b: Garchomp|Earthquake|p1a: Sinistcha|[spread] p2a,p1a,p1b\n|-supereffective|p2a: Sneasler|1\n|-resisted|p1a: Sinistcha|1\n|-supereffective|p1b: Incineroar|1\n|-damage|p2a: Sneasler|0 fnt\n|-damage|p1a: Sinistcha|43/100\n|-damage|p1b: Incineroar|0 fnt\n|-enditem|p1a: Sinistcha|Sitrus Berry|[eat]\n|-heal|p1a: Sinistcha|67/100|[from] item: Sitrus Berry\n|faint|p2a: Sneasler\n|faint|p1b: Incineroar\n|\n|-start|p2b: Garchomp|perish1\n|upkeep\n|\n|t:|1775969088\n|switch|p2a: Floette|Floette-Eternal, L50, F|100/100\n|switch|p1b: Gengar|Gengar-Mega, L50, F|100/100\n|turn|4\n|\n|t:|1775969106\n|detailschange|p2a: Floette|Floette-Mega, L50, F\n|-mega|p2a: Floette|Floette|Floettite\n|-ability|p2a: Floette|Fairy Aura\n|move|p1b: Gengar|Protect|p1b: Gengar\n|-singleturn|p1b: Gengar|Protect\n|move|p2b: Garchomp|Stomping Tantrum|p1b: Gengar\n|-activate|p1b: Gengar|move: Protect\n|move|p2a: Floette|Calm Mind|p2a: Floette\n|-boost|p2a: Floette|spa|1\n|-boost|p2a: Floette|spd|1\n|move|p1a: Sinistcha|Matcha Gotcha|p2a: Floette|[spread] p2a,p2b\n|-damage|p2a: Floette|89/100\n|-heal|p1a: Sinistcha|74/100|[from] drain|[of] p2a: Floette\n|-damage|p2b: Garchomp|62/100\n|-heal|p1a: Sinistcha|85/100|[from] drain|[of] p2b: Garchomp\n|-status|p2a: Floette|brn\n|\n|-damage|p2a: Floette|83/100 brn|[from] brn\n|-start|p2b: Garchomp|perish0\n|faint|p2b: Garchomp\n|upkeep\n|\n|t:|1775969119\n|switch|p2b: Incineroar|Incineroar, L50, M|100/100\n|-ability|p2b: Incineroar|Intimidate|boost\n|-unboost|p1a: Sinistcha|atk|1\n|-unboost|p1b: Gengar|atk|1\n|turn|5\n|\n|t:|1775969126\n|move|p1a: Sinistcha|Rage Powder|p1a: Sinistcha\n|-singleturn|p1a: Sinistcha|move: Rage Powder\n|move|p1b: Gengar|Sludge Bomb|p2a: Floette\n|-supereffective|p2a: Floette|1\n|-damage|p2a: Floette|29/100 brn\n|move|p2a: Floette|Dazzling Gleam|p1b: Gengar|[spread] p1a,p1b\n|-resisted|p1b: Gengar|1\n|-damage|p1a: Sinistcha|17/100\n|-damage|p1b: Gengar|52/100\n|move|p2b: Incineroar|Throat Chop|p1a: Sinistcha\n|-supereffective|p1a: Sinistcha|1\n|-damage|p1a: Sinistcha|0 fnt\n|faint|p1a: Sinistcha\n|\n|-damage|p2a: Floette|23/100 brn|[from] brn\n|upkeep\n|\n|t:|1775969133\n|switch|p1a: Sneasler|Sneasler, L50, F|88/100\n|turn|6\n|\n|t:|1775969150\n|move|p2a: Floette|Protect|p2a: Floette\n|-singleturn|p2a: Floette|Protect\n|move|p1a: Sneasler|Fake Out|p2b: Incineroar\n|-damage|p2b: Incineroar|89/100\n|move|p1b: Gengar|Sludge Bomb|p2a: Floette\n|-activate|p2a: Floette|move: Protect\n|cant|p2b: Incineroar|flinch\n|\n|-damage|p2a: Floette|17/100 brn|[from] brn\n|upkeep\n|turn|7\n|\n|t:|1775969162\n|move|p1b: Gengar|Sludge Bomb|p2a: Floette\n|-supereffective|p2a: Floette|1\n|-damage|p2a: Floette|0 fnt\n|faint|p2a: Floette\n|move|p1a: Sneasler|Close Combat|p2b: Incineroar\n|-supereffective|p2b: Incineroar|1\n|-enditem|p2b: Incineroar|Chople Berry|[eat]\n|-enditem|p2b: Incineroar|Chople Berry|[weaken]\n|-damage|p2b: Incineroar|34/100\n|-unboost|p1a: Sneasler|def|1\n|-unboost|p1a: Sneasler|spd|1\n|-enditem|p1a: Sneasler|White Herb\n|-clearnegativeboost|p1a: Sneasler|[silent]\n|move|p2b: Incineroar|Flare Blitz|p1a: Sneasler\n|-damage|p1a: Sneasler|6/100\n|-damage|p2b: Incineroar|12/100|[from] Recoil\n|\n|upkeep\n|turn|8\n|\n|t:|1775969166\n|move|p1a: Sneasler|Close Combat|p2b: Incineroar\n|-supereffective|p2b: Incineroar|1\n|-damage|p2b: Incineroar|0 fnt\n|-unboost|p1a: Sneasler|def|1\n|-unboost|p1a: Sneasler|spd|1\n|faint|p2b: Incineroar\n|\n|win|Bman311\n|n|\u2606Bman311|bman311\n|n|\u2606Unskilled99|unskilled99\n|l|\u2606Unskilled99\n|player|p2|\n",
  "uploadtime": 1775969176,
  "views": 23,
  "formatid": "gen9championsvgc2026regma",
  "rating": null,
  "private": 0,
  "password": null
}