{
  "id": "gen9championsvgc2026regma-2582675330",
  "format": "[Gen 9 Champions] VGC 2026 Reg M-A",
  "players": [
    "Zugucapretta",
    "rivex750"
  ],
  "log": "|j|\u2606Zugucapretta\n|j|\u2606rivex750\n|t:|1776106534\n|gametype|doubles\n|player|p1|Zugucapretta|170|1095\n|player|p2|rivex750|169|1060\n|gen|9\n|tier|[Gen 9 Champions] VGC 2026 Reg M-A\n|rated|\n|rule|Species Clause: Limit one of each Pok\u00e9mon\n|rule|Item Clause: Limit 1 of each item\n|clearpoke\n|poke|p1|Meowscarada, L50, F|\n|poke|p1|Sneasler, L50, F|\n|poke|p1|Garchomp, L50, F|\n|poke|p1|Rotom-Heat, L50|\n|poke|p1|Primarina, L50, F|\n|poke|p1|Glimmora, L50, M|\n|poke|p2|Incineroar, L50, F|\n|poke|p2|Tyranitar, L50, M|\n|poke|p2|Excadrill, L50, F|\n|poke|p2|Sinistcha, L50|\n|poke|p2|Basculegion, L50, M|\n|poke|p2|Corviknight, L50, M|\n|teampreview|4\nrivex750 rejected open team sheets.\n|\n|t:|1776106595\n|teamsize|p1|4\n|teamsize|p2|4\n|start\n|switch|p1a: Primarina|Primarina, L50, F|100/100\n|switch|p1b: Rotom|Rotom-Heat, L50|100/100\n|switch|p2a: Tyranitar|Tyranitar, L50, M|100/100\n|switch|p2b: Excadrill|Excadrill, L50, F|100/100\n|-weather|Sandstorm|[from] ability: Sand Stream|[of] p2a: Tyranitar\n|turn|1\n|\n|t:|1776106632\n|detailschange|p2a: Tyranitar|Tyranitar-Mega, L50, M\n|-mega|p2a: Tyranitar|Tyranitar|Tyranitarite\n|move|p1b: Rotom|Helping Hand|p1a: Primarina\n|-singleturn|p1a: Primarina|Helping Hand|[of] p1b: Rotom\n|move|p2b: Excadrill|Iron Head|p1a: Primarina\n|-damage|p1a: Primarina|50/100\n|move|p2a: Tyranitar|Rock Slide|p1a: Primarina|[spread] p1a,p1b\n|-supereffective|p1b: Rotom|1\n|-damage|p1a: Primarina|6/100\n|-damage|p1b: Rotom|11/100\n|-enditem|p1b: Rotom|Sitrus Berry|[eat]\n|-heal|p1b: Rotom|36/100|[from] item: Sitrus Berry\n|move|p1a: Primarina|Hyper Voice|p2a: Tyranitar|[spread] p2a,p2b\n|-supereffective|p2a: Tyranitar|1\n|-supereffective|p2b: Excadrill|1\n|-damage|p2a: Tyranitar|33/100\n|-enditem|p2b: Excadrill|Focus Sash\n|-damage|p2b: Excadrill|1/100\n|\n|-weather|Sandstorm|[upkeep]\n|-damage|p1b: Rotom|30/100|[from] Sandstorm\n|-damage|p1a: Primarina|0 fnt|[from] Sandstorm\n|faint|p1a: Primarina\n|upkeep\n|\n|t:|1776106659\n|switch|p1a: Meowscarada|Meowscarada, L50, F|100/100\n|turn|2\n|\n|t:|1776106689\n|switch|p1b: Glimmora|Glimmora, L50, M|100/100\n|move|p2a: Tyranitar|Protect|p2a: Tyranitar\n|-singleturn|p2a: Tyranitar|Protect\n|move|p2b: Excadrill|Iron Head|p1b: Glimmora\n|-supereffective|p1b: Glimmora|1\n|-damage|p1b: Glimmora|0 fnt\n|-activate|p1b: Glimmora|ability: Toxic Debris\n|-sidestart|p2: rivex750|move: Toxic Spikes\n|faint|p1b: Glimmora\n|move|p1a: Meowscarada|Flower Trick|p2a: Tyranitar\n|-activate|p2a: Tyranitar|move: Protect\n|\n|-weather|Sandstorm|[upkeep]\n|-damage|p1a: Meowscarada|95/100|[from] Sandstorm\n|upkeep\n|\n|t:|1776106698\n|switch|p1b: Rotom|Rotom-Heat, L50|30/100\n|turn|3\n|c|\u2606Zugucapretta|Wow\n|\n|t:|1776106735\n|switch|p2a: Corviknight|Corviknight, L50, M|100/100\n|move|p1a: Meowscarada|Sucker Punch|p2b: Excadrill\n|-damage|p2b: Excadrill|0 fnt\n|faint|p2b: Excadrill\n|move|p1b: Rotom|Will-O-Wisp|p2a: Corviknight\n|-status|p2a: Corviknight|brn\n|\n|-weather|Sandstorm|[upkeep]\n|-damage|p1a: Meowscarada|89/100|[from] Sandstorm\n|-damage|p1b: Rotom|25/100|[from] Sandstorm\n|-damage|p2a: Corviknight|95/100 brn|[from] brn\n|upkeep\n|\n|t:|1776106751\n|switch|p2b: Sinistcha|Sinistcha, L50|100/100\n|-status|p2b: Sinistcha|psn\n|-heal|p2a: Corviknight|100/100 brn|[from] ability: Hospitality|[of] p2b: Sinistcha\n|turn|4\n|\n|t:|1776106775\n|move|p1a: Meowscarada|Protect|p1a: Meowscarada\n|-singleturn|p1a: Meowscarada|Protect\n|move|p2b: Sinistcha|Rage Powder|p2b: Sinistcha\n|-singleturn|p2b: Sinistcha|move: Rage Powder\n|move|p1b: Rotom|Overheat|p2b: Sinistcha\n|-supereffective|p2b: Sinistcha|1\n|-damage|p2b: Sinistcha|0 fnt\n|-unboost|p1b: Rotom|spa|2\n|faint|p2b: Sinistcha\n|move|p2a: Corviknight|Heavy Slam|p1b: Rotom\n|-resisted|p1b: Rotom|2\n|-damage|p1b: Rotom|20/100\n|\n|-weather|Sandstorm|[upkeep]\n|-damage|p1a: Meowscarada|83/100|[from] Sandstorm\n|-damage|p1b: Rotom|14/100|[from] Sandstorm\n|-damage|p2a: Corviknight|95/100 brn|[from] brn\n|upkeep\n|\n|t:|1776106789\n|switch|p2b: Tyranitar|Tyranitar-Mega, L50, M|33/100\n|-status|p2b: Tyranitar|psn\n|turn|5\n|\n|t:|1776106803\n|move|p2b: Tyranitar|Protect|p2b: Tyranitar\n|-singleturn|p2b: Tyranitar|Protect\n|move|p1a: Meowscarada|Flower Trick|p2b: Tyranitar\n|-activate|p2b: Tyranitar|move: Protect\n|move|p1b: Rotom|Overheat|p2a: Corviknight\n|-supereffective|p2a: Corviknight|1\n|-damage|p2a: Corviknight|46/100 brn\n|-unboost|p1b: Rotom|spa|2\n|-enditem|p2a: Corviknight|Sitrus Berry|[eat]\n|-heal|p2a: Corviknight|70/100 brn|[from] item: Sitrus Berry\n|move|p2a: Corviknight|Heavy Slam|p1b: Rotom\n|-resisted|p1b: Rotom|2\n|-damage|p1b: Rotom|9/100\n|\n|-weather|none\n|-damage|p2b: Tyranitar|21/100 psn|[from] psn\n|-damage|p2a: Corviknight|64/100 brn|[from] brn\n|upkeep\n|turn|6\n|\n|t:|1776106826\n|move|p1a: Meowscarada|Flower Trick|p2b: Tyranitar\n|-supereffective|p2b: Tyranitar|1\n|-crit|p2b: Tyranitar\n|-damage|p2b: Tyranitar|0 fnt\n|faint|p2b: Tyranitar\n|move|p1b: Rotom|Overheat|p2a: Corviknight\n|-supereffective|p2a: Corviknight|1\n|-damage|p2a: Corviknight|32/100 brn\n|-unboost|p1b: Rotom|spa|2\n|move|p2a: Corviknight|Body Press|p1a: Meowscarada\n|-supereffective|p1a: Meowscarada|1\n|-damage|p1a: Meowscarada|43/100\n|\n|-damage|p2a: Corviknight|27/100 brn|[from] brn\n|upkeep\n|turn|7\n|\n|t:|1776106845\n|move|p1a: Meowscarada|Triple Axel|p2a: Corviknight\n|-crit|p2a: Corviknight\n|-damage|p2a: Corviknight|19/100 brn\n|-damage|p2a: Corviknight|8/100 brn\n|-damage|p2a: Corviknight|0 fnt\n|faint|p2a: Corviknight\n|-hitcount|p2: Corviknight|3\n|\n|win|Zugucapretta\n|raw|Zugucapretta's rating: 1095 &rarr; <strong>1118</strong><br />(+23 for winning)\n|raw|rivex750's rating: 1060 &rarr; <strong>1043</strong><br />(-17 for losing)\n|l|\u2606rivex750\n|player|p2|\n|l|\u2606Zugucapretta\n|player|p1|\n|j|\u2606Zugucapretta\n|player|p1|Zugucapretta|170|\n",
  "uploadtime": 1776106852,
  "views": 28,
  "formatid": "gen9championsvgc2026regma",
  "rating": 1043,
  "private": 0,
  "password": null
}