{
  "id": "gen9championsvgc2026regma-2586731223",
  "format": "[Gen 9 Champions] VGC 2026 Reg M-A",
  "players": [
    "LesbianMawile",
    "Jokamenis"
  ],
  "log": "|j|\u2606LesbianMawile\n|j|\u2606Jokamenis\n|t:|1776455508\n|gametype|doubles\n|player|p1|LesbianMawile|rika|1209\n|player|p2|Jokamenis|102|1135\n|gen|9\n|tier|[Gen 9 Champions] VGC 2026 Reg M-A\n|rated|\n|rule|Species Clause: Limit one of each Pok\u00e9mon\n|rule|Item Clause: Limit 1 of each item\n|clearpoke\n|poke|p1|Crabominable, L50, F|\n|poke|p1|Tinkaton, L50, F|\n|poke|p1|Slowking, L50, F|\n|poke|p1|Sinistcha, L50|\n|poke|p1|Incineroar, L50, M|\n|poke|p1|Drampa, L50, F|\n|poke|p2|Scovillain, L50, M|\n|poke|p2|Dragapult, L50, M|\n|poke|p2|Sinistcha, L50|\n|poke|p2|Hawlucha, L50, F|\n|poke|p2|Arcanine-Hisui, L50, F|\n|poke|p2|Milotic, L50, M|\n|teampreview|4\n|c|\u2606LesbianMawile|is this the wolfe scovillain\n|c|\u2606Jokamenis|i haven't seen the wolfe scovillain\n|c|\u2606Jokamenis|when was that video\n|c|\u2606LesbianMawile|not a vid he's just posted abt hitting rank 1 with it\n|c|\u2606Jokamenis|oh shoot\n|c|\u2606Jokamenis|nah i just like scovillain\n|\n|t:|1776455595\n|teamsize|p1|4\n|teamsize|p2|4\n|start\n|switch|p1a: Incineroar|Incineroar, L50, M|100/100\n|switch|p1b: Slowking|Slowking, L50, F|100/100\n|switch|p2a: Scovillain|Scovillain, L50, M|100/100\n|switch|p2b: Dragapult|Dragapult, L50, M|100/100\n|-ability|p1a: Incineroar|Intimidate|boost\n|-unboost|p2a: Scovillain|atk|1\n|-fail|p2b: Dragapult|unboost|[from] ability: Clear Body|[of] p2b: Dragapult\n|turn|1\n|c|\u2606LesbianMawile|ohhhhhh i get it\n|\n|t:|1776455617\n|move|p2a: Scovillain|Protect|p2a: Scovillain\n|-singleturn|p2a: Scovillain|Protect\n|move|p1a: Incineroar|Fake Out|p2a: Scovillain\n|-activate|p2a: Scovillain|move: Protect\n|move|p2b: Dragapult|Phantom Force||[still]\n|-prepare|p2b: Dragapult|Phantom Force\n|move|p1b: Slowking|Trick Room|p1b: Slowking\n|-fieldstart|move: Trick Room|[of] p1b: Slowking\n|\n|-ability|p2a: Scovillain|Moody|boost\n|-boost|p2a: Scovillain|def|2\n|-unboost|p2a: Scovillain|spe|1\n|upkeep\n|turn|2\n|c|\u2606LesbianMawile|spicy extract clear body\n|c|\u2606Jokamenis|ye\n|c|\u2606Jokamenis|i did this with metagross in sv but he's not in the game :(\n|c|\u2606LesbianMawile|god i wish she was\n|c|\u2606LesbianMawile|i need mega floette's life to be worse\n|c|\u2606Jokamenis|fr\n|\n|t:|1776455687\n|switch|p2a: Arcanine|Arcanine-Hisui, L50, F|100/100\n|-ability|p2a: Arcanine|Intimidate|boost\n|-unboost|p1a: Incineroar|atk|1\n|-unboost|p1b: Slowking|atk|1\n|-prepare|p1b: Slowking|Chilly Reception|[premajor]\n|move|p1b: Slowking|Chilly Reception|p1b: Slowking\n|-weather|Snowscape\n|\n|t:|1776455693\n|switch|p1b: Crabominable|Crabominable, L50, F, shiny|100/100|[from] Chilly Reception\n|move|p1a: Incineroar|Flare Blitz|p2a: Arcanine\n|-resisted|p2a: Arcanine|2\n|-damage|p2a: Arcanine|92/100\n|-damage|p1a: Incineroar|98/100|[from] Recoil\n|move|p2b: Dragapult|Phantom Force|p1b: Crabominable|[from] lockedmove\n|-damage|p1b: Crabominable|67/100\n|\n|-weather|Snowscape|[upkeep]\n|upkeep\n|turn|3\n|\n|t:|1776455735\n|detailschange|p1b: Crabominable|Crabominable-Mega, L50, F, shiny\n|-mega|p1b: Crabominable|Crabominable|Crabominite\n|move|p2a: Arcanine|Protect|p2a: Arcanine\n|-singleturn|p2a: Arcanine|Protect\n|move|p2b: Dragapult|Protect|p2b: Dragapult\n|-singleturn|p2b: Dragapult|Protect\n|move|p1b: Crabominable|Drain Punch|p2a: Arcanine\n|-activate|p2a: Arcanine|move: Protect\n|move|p1a: Incineroar|Throat Chop|p2b: Dragapult\n|-activate|p2b: Dragapult|move: Protect\n|\n|-weather|Snowscape|[upkeep]\n|upkeep\n|turn|4\n|\n|t:|1776455758\n|switch|p2a: Sinistcha|Sinistcha, L50|100/100\n|switch|p2b: Scovillain|Scovillain, L50, M|100/100\n|move|p1b: Crabominable|Ice Hammer|p2b: Scovillain\n|-damage|p2b: Scovillain|0 fnt\n|-unboost|p1b: Crabominable|spe|1\n|faint|p2b: Scovillain\n|move|p1a: Incineroar|Parting Shot|p2a: Sinistcha\n|-unboost|p2a: Sinistcha|atk|1\n|-unboost|p2a: Sinistcha|spa|1\n|\n|t:|1776455771\n|switch|p1a: Sinistcha|Sinistcha, L50|100/100|[from] Parting Shot\n|-heal|p1b: Crabominable|92/100|[from] ability: Hospitality|[of] p1a: Sinistcha\n|\n|-weather|Snowscape|[upkeep]\n|upkeep\n|\n|t:|1776455780\n|switch|p2b: Arcanine|Arcanine-Hisui, L50, F|92/100\n|-ability|p2b: Arcanine|Intimidate|boost\n|-unboost|p1a: Sinistcha|atk|1\n|-unboost|p1b: Crabominable|atk|1\n|turn|5\n|\n|t:|1776455816\n|move|p1a: Sinistcha|Rage Powder|p1a: Sinistcha\n|-singleturn|p1a: Sinistcha|move: Rage Powder\n|move|p1b: Crabominable|Ice Hammer|p2a: Sinistcha\n|-supereffective|p2a: Sinistcha|1\n|-damage|p2a: Sinistcha|5/100\n|-unboost|p1b: Crabominable|spe|1\n|move|p2a: Sinistcha|Calm Mind|p2a: Sinistcha\n|-boost|p2a: Sinistcha|spa|1\n|-boost|p2a: Sinistcha|spd|1\n|move|p2b: Arcanine|Flare Blitz|p1a: Sinistcha\n|-supereffective|p1a: Sinistcha|1\n|-enditem|p1a: Sinistcha|Occa Berry|[eat]\n|-enditem|p1a: Sinistcha|Occa Berry|[weaken]\n|-damage|p1a: Sinistcha|50/100\n|-damage|p2b: Arcanine|76/100|[from] Recoil\n|\n|-weather|Snowscape|[upkeep]\n|-heal|p2a: Sinistcha|11/100|[from] item: Leftovers\n|-fieldend|move: Trick Room\n|upkeep\n|turn|6\n|\n|t:|1776455846\n|switch|p1a: Incineroar|Incineroar, L50, M|98/100\n|-ability|p1a: Incineroar|Intimidate|boost\n|-unboost|p2a: Sinistcha|atk|1\n|-unboost|p2b: Arcanine|atk|1\n|move|p2b: Arcanine|Flame Charge|p1b: Crabominable\n|-supereffective|p1b: Crabominable|1\n|-damage|p1b: Crabominable|73/100\n|-boost|p2b: Arcanine|spe|1\n|move|p2a: Sinistcha|Hex|p1a: Incineroar\n|-resisted|p1a: Incineroar|1\n|-damage|p1a: Incineroar|85/100\n|move|p1b: Crabominable|Drain Punch|p2b: Arcanine\n|-supereffective|p2b: Arcanine|1\n|-damage|p2b: Arcanine|0 fnt\n|-heal|p1b: Crabominable|100/100|[from] drain|[of] p2b: Arcanine\n|faint|p2b: Arcanine\n|\n|-weather|none\n|-heal|p2a: Sinistcha|17/100|[from] item: Leftovers\n|upkeep\n|\n|t:|1776455863\n|switch|p2b: Dragapult|Dragapult, L50, M|100/100\n|turn|7\n|\n|t:|1776455880\n|move|p1b: Crabominable|Protect|p1b: Crabominable\n|-singleturn|p1b: Crabominable|Protect\n|move|p2b: Dragapult|Dragon Darts|p1a: Incineroar\n|-damage|p1a: Incineroar|56/100\n|-anim|p2b: Dragapult|Dragon Darts|p1a: Incineroar\n|-damage|p1a: Incineroar|32/100\n|-enditem|p1a: Incineroar|Sitrus Berry|[eat]\n|-heal|p1a: Incineroar|56/100|[from] item: Sitrus Berry\n|move|p1a: Incineroar|Throat Chop|p2a: Sinistcha\n|-supereffective|p2a: Sinistcha|1\n|-damage|p2a: Sinistcha|0 fnt\n|faint|p2a: Sinistcha\n|\n|upkeep\n|turn|8\n|c|\u2606Jokamenis|gg\n|c|\u2606LesbianMawile|ggs\n|\n|t:|1776455897\n|move|p2b: Dragapult|Dragon Darts|p1b: Crabominable\n|-damage|p1b: Crabominable|77/100\n|-anim|p2b: Dragapult|Dragon Darts|p1a: Incineroar\n|-crit|p1a: Incineroar\n|-damage|p1a: Incineroar|18/100\n|move|p1a: Incineroar|Throat Chop|p2b: Dragapult\n|-supereffective|p2b: Dragapult|1\n|-damage|p2b: Dragapult|20/100\n|-start|p2b: Dragapult|Throat Chop|[silent]\n|move|p1b: Crabominable|Ice Hammer|p2b: Dragapult\n|-supereffective|p2b: Dragapult|1\n|-damage|p2b: Dragapult|0 fnt\n|-unboost|p1b: Crabominable|spe|1\n|faint|p2b: Dragapult\n|\n|win|LesbianMawile\n|raw|LesbianMawile's rating: 1209 &rarr; <strong>1229</strong><br />(+20 for winning)\n|raw|Jokamenis's rating: 1135 &rarr; <strong>1115</strong><br />(-20 for losing)\n",
  "uploadtime": 1776455912,
  "views": 36,
  "formatid": "gen9championsvgc2026regma",
  "rating": 1115,
  "private": 0,
  "password": null
}