{
  "id": "gen9championsvgc2026regma-2583943747",
  "format": "[Gen 9 Champions] VGC 2026 Reg M-A",
  "players": [
    "TehPinguen",
    "Radius9"
  ],
  "log": "|j|\u2606TehPinguen\n|j|\u2606Radius9\n|t:|1776210472\n|gametype|doubles\n|player|p1|TehPinguen|lady|1000\n|player|p2|Radius9|102|1058\n|gen|9\n|tier|[Gen 9 Champions] VGC 2026 Reg M-A\n|rated|\n|rule|Species Clause: Limit one of each Pok\u00e9mon\n|rule|Item Clause: Limit 1 of each item\n|clearpoke\n|poke|p1|Lopunny, L50, F|\n|poke|p1|Meowstic, L50, M|\n|poke|p1|Clefable, L50, M|\n|poke|p1|Garchomp, L50, M|\n|poke|p1|Orthworm, L50, M|\n|poke|p1|Whimsicott, L50, F|\n|poke|p2|Floette-Eternal, L50, F|\n|poke|p2|Maushold-Four, L50|\n|poke|p2|Glimmora, L50, F|\n|poke|p2|Talonflame, L50, M|\n|poke|p2|Corviknight, L50, F|\n|poke|p2|Garchomp, L50, F|\n|teampreview|4\n|inactive|Battle timer is ON: inactive players will automatically lose when time's up. (requested by TehPinguen)\n|\n|t:|1776210508\n|teamsize|p1|4\n|teamsize|p2|4\n|start\n|switch|p1a: Lopunny|Lopunny, L50, F|100/100\n|switch|p1b: Meowstic|Meowstic, L50, M|100/100\n|switch|p2a: Talonflame|Talonflame, L50, M|100/100\n|switch|p2b: Glimmora|Glimmora, L50, F|100/100\n|turn|1\n|inactive|Radius9 has 30 seconds left.\n|\n|t:|1776210534\n|detailschange|p1a: Lopunny|Lopunny-Mega, L50, F\n|-mega|p1a: Lopunny|Lopunny|Lopunnite\n|move|p2a: Talonflame|Protect|p2a: Talonflame\n|-singleturn|p2a: Talonflame|Protect\n|move|p1a: Lopunny|Fake Out|p2a: Talonflame\n|-activate|p2a: Talonflame|move: Protect\n|move|p1b: Meowstic|Gravity|p1b: Meowstic\n|-fieldstart|move: Gravity\n|move|p2b: Glimmora|Sludge Bomb|p1b: Meowstic\n|-damage|p1b: Meowstic|52/100\n|\n|upkeep\n|turn|2\n|inactive|TehPinguen has 30 seconds left.\n|inactive|Radius9 has 30 seconds left.\n|inactive|TehPinguen has 20 seconds left.\n|\n|t:|1776210569\n|switch|p1a: Orthworm|Orthworm, L50, M|100/100\n|move|p2a: Talonflame|Tailwind|p2a: Talonflame\n|-sidestart|p2: Radius9|move: Tailwind\n|move|p2b: Glimmora|Sludge Bomb|p1b: Meowstic\n|-crit|p1b: Meowstic\n|-damage|p1b: Meowstic|0 fnt\n|faint|p1b: Meowstic\n|\n|upkeep\n|\n|t:|1776210579\n|switch|p1b: Garchomp|Garchomp, L50, M|100/100\n|turn|3\n|\n|t:|1776210598\n|move|p2a: Talonflame|Flare Blitz|p1a: Orthworm\n|-supereffective|p1a: Orthworm|1\n|-damage|p1a: Orthworm|29/100\n|-enditem|p1a: Orthworm|Sitrus Berry|[eat]\n|-heal|p1a: Orthworm|54/100|[from] item: Sitrus Berry\n|-damage|p2a: Talonflame|73/100|[from] Recoil\n|move|p2b: Glimmora|Sludge Bomb|p1b: Garchomp\n|-resisted|p1b: Garchomp|1\n|-damage|p1b: Garchomp|75/100\n|move|p1b: Garchomp|Earthquake|p2a: Talonflame|[spread] p2a,p2b\n|-heal|p1a: Orthworm|79/100|[from] ability: Earth Eater|[of] p1b: Garchomp\n|-supereffective|p2a: Talonflame|1\n|-supereffective|p2b: Glimmora|2\n|-damage|p2a: Talonflame|0 fnt\n|-enditem|p2b: Glimmora|Focus Sash\n|-damage|p2b: Glimmora|1/100\n|-activate|p2b: Glimmora|ability: Toxic Debris\n|-sidestart|p1: TehPinguen|move: Toxic Spikes\n|faint|p2a: Talonflame\n|move|p1a: Orthworm|Iron Defense|p1a: Orthworm\n|-boost|p1a: Orthworm|def|2\n|\n|upkeep\n|\n|t:|1776210619\n|switch|p2a: Floette|Floette-Eternal, L50, F|100/100\n|turn|4\n|inactive|Radius9 has 30 seconds left.\n|\n|t:|1776210645\n|detailschange|p2a: Floette|Floette-Mega, L50, F\n|-mega|p2a: Floette|Floette|Floettite\n|-ability|p2a: Floette|Fairy Aura\n|move|p2a: Floette|Protect|p2a: Floette\n|-singleturn|p2a: Floette|Protect\n|move|p2b: Glimmora|Power Gem|p1a: Orthworm\n|-resisted|p1a: Orthworm|1\n|-damage|p1a: Orthworm|59/100\n|move|p1b: Garchomp|Earthquake|p2b: Glimmora|[spread] p2b\n|-activate|p2a: Floette|move: Protect\n|-heal|p1a: Orthworm|84/100|[from] ability: Earth Eater|[of] p1b: Garchomp\n|-supereffective|p2b: Glimmora|2\n|-damage|p2b: Glimmora|0 fnt\n|-activate|p2b: Glimmora|ability: Toxic Debris\n|-sidestart|p1: TehPinguen|move: Toxic Spikes\n|faint|p2b: Glimmora\n|move|p1a: Orthworm|Iron Head|p2a: Floette\n|-activate|p2a: Floette|move: Protect\n|\n|upkeep\n|\n|t:|1776210662\n|switch|p2b: Maushold|Maushold-Four, L50|100/100\n|turn|5\n|\n|t:|1776210671\n|move|p2b: Maushold|Follow Me|p2b: Maushold\n|-singleturn|p2b: Maushold|move: Follow Me\n|move|p2a: Floette|Dazzling Gleam|p1b: Garchomp|[spread] p1a,p1b\n|-resisted|p1a: Orthworm|1\n|-supereffective|p1b: Garchomp|1\n|-damage|p1a: Orthworm|59/100\n|-damage|p1b: Garchomp|0 fnt\n|faint|p1b: Garchomp\n|move|p1a: Orthworm|Body Press|p2b: Maushold\n|-supereffective|p2b: Maushold|1\n|-damage|p2b: Maushold|12/100\n|-enditem|p2b: Maushold|Sitrus Berry|[eat]\n|-heal|p2b: Maushold|37/100|[from] item: Sitrus Berry\n|\n|-sideend|p2: Radius9|move: Tailwind\n|-fieldend|move: Gravity\n|upkeep\n|\n|t:|1776210684\n|switch|p1b: Lopunny|Lopunny-Mega, L50, F|100/100\n|-status|p1b: Lopunny|tox\n|turn|6\n|\n|t:|1776210700\n|move|p1b: Lopunny|Fake Out|p2a: Floette\n|-crit|p2a: Floette\n|-damage|p2a: Floette|71/100\n|move|p2b: Maushold|Super Fang|p1a: Orthworm\n|-damage|p1a: Orthworm|30/100\n|cant|p2a: Floette|flinch\n|move|p1a: Orthworm|Body Press|p2b: Maushold\n|-supereffective|p2b: Maushold|1\n|-damage|p2b: Maushold|0 fnt\n|faint|p2b: Maushold\n|\n|-damage|p1b: Lopunny|95/100 tox|[from] psn\n|upkeep\n|turn|7\n|\n|t:|1776210721\n|move|p1b: Lopunny|Mega Kick|p2a: Floette\n|-damage|p2a: Floette|3/100\n|move|p2a: Floette|Dazzling Gleam|p1a: Orthworm|[spread] p1a,p1b\n|-resisted|p1a: Orthworm|1\n|-supereffective|p1b: Lopunny|1\n|-damage|p1a: Orthworm|4/100\n|-damage|p1b: Lopunny|0 fnt\n|faint|p1b: Lopunny\n|move|p1a: Orthworm|Iron Head|p2a: Floette\n|-supereffective|p2a: Floette|1\n|-damage|p2a: Floette|0 fnt\n|faint|p2a: Floette\n|\n|win|TehPinguen\n|raw|TehPinguen's rating: 1000 &rarr; <strong>1047</strong><br />(+47 for winning)\n|raw|Radius9's rating: 1058 &rarr; <strong>1036</strong><br />(-22 for losing)\n",
  "uploadtime": 1776210733,
  "views": 17,
  "formatid": "gen9championsvgc2026regma",
  "rating": 1036,
  "private": 0,
  "password": null
}