{
  "id": "gen9championsvgc2026regma-2580836469",
  "format": "[Gen 9 Champions] VGC 2026 Reg M-A",
  "players": [
    "that1person74",
    "alfre22"
  ],
  "log": "|j|\u2606that1person74\n|j|\u2606alfre22\n|t:|1775936461\n|gametype|doubles\n|player|p1|that1person74|lucas|1026\n|player|p2|alfre22|169|1043\n|gen|9\n|tier|[Gen 9 Champions] VGC 2026 Reg M-A\n|rated|\n|rule|Species Clause: Limit one of each Pok\u00e9mon\n|rule|Item Clause: Limit 1 of each item\n|clearpoke\n|poke|p1|Dragonite, L50, F|\n|poke|p1|Palafin, L50, F|\n|poke|p1|Whimsicott, L50, F|\n|poke|p1|Kingambit, L50, F|\n|poke|p1|Sneasler, L50, F|\n|poke|p1|Kangaskhan, L50, F|\n|poke|p2|Charizard, L50, M|\n|poke|p2|Venusaur, L50, F|\n|poke|p2|Incineroar, L50, M|\n|poke|p2|Whimsicott, L50, F|\n|poke|p2|Rotom-Wash, L50|\n|poke|p2|Garchomp, L50, M|\n|teampreview|4\n|inactive|Battle timer is ON: inactive players will automatically lose when time's up. (requested by alfre22)\n|inactive|that1person74 has 60 seconds left.\n|\n|t:|1775936492\n|teamsize|p1|4\n|teamsize|p2|4\n|start\n|switch|p1a: Whimsicott|Whimsicott, L50, F|100/100\n|switch|p1b: Palafin|Palafin, L50, F|100/100\n|switch|p2a: Rotom|Rotom-Wash, L50, shiny|100/100\n|switch|p2b: Whimsicott|Whimsicott, L50, F, shiny|100/100\n|turn|1\n|inactive|that1person74 has 30 seconds left.\n|\n|t:|1775936518\n|move|p2b: Whimsicott|Tailwind|p2b: Whimsicott\n|-sidestart|p2: alfre22|move: Tailwind\n|move|p1b: Palafin|Flip Turn|p2b: Whimsicott\n|-resisted|p2b: Whimsicott|1\n|-damage|p2b: Whimsicott|86/100\n|\n|t:|1775936525\n|detailschange|p1b: Palafin|Palafin-Hero, L50, F\n|switch|p1b: Kangaskhan|Kangaskhan, L50, F|100/100|[from] Flip Turn\n|move|p2a: Rotom|Will-O-Wisp|p1b: Kangaskhan\n|-status|p1b: Kangaskhan|brn\n|move|p1a: Whimsicott|Moonblast|p2a: Rotom\n|-crit|p2a: Rotom\n|-damage|p2a: Rotom|57/100\n|\n|-heal|p2a: Rotom|62/100|[from] item: Leftovers\n|-damage|p1b: Kangaskhan|94/100 brn|[from] brn\n|upkeep\n|turn|2\n|inactive|alfre22 has 30 seconds left.\n|\n|t:|1775936555\n|move|p2a: Rotom|Protect|p2a: Rotom\n|-singleturn|p2a: Rotom|Protect\n|move|p1b: Kangaskhan|Fake Out|p2b: Whimsicott\n|-damage|p2b: Whimsicott|71/100\n|cant|p2b: Whimsicott|flinch\n|move|p1a: Whimsicott|Moonblast|p2a: Rotom\n|-activate|p2a: Rotom|move: Protect\n|\n|-heal|p2a: Rotom|68/100|[from] item: Leftovers\n|-heal|p1b: Kangaskhan|100/100 brn|[from] item: Leftovers\n|-damage|p1b: Kangaskhan|94/100 brn|[from] brn\n|upkeep\n|turn|3\n|\n|t:|1775936577\n|move|p2b: Whimsicott|Encore|p1b: Kangaskhan\n|-start|p1b: Kangaskhan|Encore\n|move|p1b: Kangaskhan|Fake Out||[still]\n|-hint|Fake Out only works on your first turn out.\n|-fail|p1b: Kangaskhan\n|move|p2a: Rotom|Will-O-Wisp|p1b: Kangaskhan|[miss]\n|-miss|p2a: Rotom|p1b: Kangaskhan\n|move|p1a: Whimsicott|Moonblast|p2a: Rotom\n|-damage|p2a: Rotom|41/100\n|\n|-heal|p2a: Rotom|47/100|[from] item: Leftovers\n|-heal|p1b: Kangaskhan|100/100 brn|[from] item: Leftovers\n|-damage|p1b: Kangaskhan|94/100 brn|[from] brn\n|upkeep\n|turn|4\n|\n|t:|1775936595\n|switch|p1b: Palafin|Palafin-Hero, L50, F|100/100\n|-activate|p1b: Palafin|ability: Zero to Hero\n|move|p1a: Whimsicott|Tailwind|p1a: Whimsicott\n|-sidestart|p1: that1person74|move: Tailwind\n|move|p2b: Whimsicott|Moonblast|p1a: Whimsicott\n|-damage|p1a: Whimsicott|63/100\n|move|p2a: Rotom|Will-O-Wisp|p1b: Palafin\n|-status|p1b: Palafin|brn\n|\n|-heal|p2a: Rotom|53/100|[from] item: Leftovers\n|-damage|p1b: Palafin|94/100 brn|[from] brn\n|-sideend|p2: alfre22|move: Tailwind\n|upkeep\n|turn|5\n|inactive|alfre22 has 30 seconds left.\n|\n|t:|1775936622\n|move|p2a: Rotom|Protect|p2a: Rotom\n|-singleturn|p2a: Rotom|Protect\n|move|p2b: Whimsicott|Tailwind|p2b: Whimsicott\n|-sidestart|p2: alfre22|move: Tailwind\n|move|p1b: Palafin|Close Combat|p2a: Rotom\n|-activate|p2a: Rotom|move: Protect\n|move|p1a: Whimsicott|Moonblast|p2b: Whimsicott\n|-damage|p2b: Whimsicott|28/100\n|\n|-heal|p2a: Rotom|58/100|[from] item: Leftovers\n|-damage|p1b: Palafin|88/100 brn|[from] brn\n|upkeep\n|turn|6\n|\n|t:|1775936637\n|move|p1b: Palafin|Close Combat|p2a: Rotom\n|-damage|p2a: Rotom|34/100\n|-unboost|p1b: Palafin|def|1\n|-unboost|p1b: Palafin|spd|1\n|move|p2b: Whimsicott|Moonblast|p1b: Palafin\n|-damage|p1b: Palafin|32/100 brn\n|move|p1a: Whimsicott|Moonblast|p2b: Whimsicott\n|-damage|p2b: Whimsicott|0 fnt\n|faint|p2b: Whimsicott\n|move|p2a: Rotom|Thunderbolt|p1b: Palafin\n|-supereffective|p1b: Palafin|1\n|-damage|p1b: Palafin|0 fnt\n|faint|p1b: Palafin\n|\n|-heal|p2a: Rotom|40/100|[from] item: Leftovers\n|upkeep\n|\n|t:|1775936654\n|switch|p2b: Charizard|Charizard, L50, M|100/100\n|switch|p1b: Dragonite|Dragonite, L50, F|100/100\n|turn|7\n|\n|t:|1775936668\n|switch|p1a: Kangaskhan|Kangaskhan, L50, F|94/100 brn\n|detailschange|p2b: Charizard|Charizard-Mega-Y, L50, M\n|-mega|p2b: Charizard|Charizard|Charizardite Y\n|-weather|SunnyDay|[from] ability: Drought|[of] p2b: Charizard\n|detailschange|p1b: Dragonite|Dragonite-Mega, L50, F\n|-mega|p1b: Dragonite|Dragonite|Dragoninite\n|move|p2a: Rotom|Protect|p2a: Rotom\n|-singleturn|p2a: Rotom|Protect\n|move|p1b: Dragonite|Thunderbolt|p2a: Rotom\n|-activate|p2a: Rotom|move: Protect\n|move|p2b: Charizard|Heat Wave|p1a: Kangaskhan|[spread] p1a,p1b\n|-crit|p1a: Kangaskhan\n|-resisted|p1b: Dragonite|1\n|-damage|p1a: Kangaskhan|0 fnt\n|-damage|p1b: Dragonite|86/100\n|faint|p1a: Kangaskhan\n|\n|-weather|SunnyDay|[upkeep]\n|-heal|p2a: Rotom|46/100|[from] item: Leftovers\n|-sideend|p1: that1person74|move: Tailwind\n|upkeep\n|\n|t:|1775936685\n|switch|p1a: Whimsicott|Whimsicott, L50, F|63/100\n|turn|8\n|\n|t:|1775936700\n|move|p1a: Whimsicott|Helping Hand|p1b: Dragonite\n|-singleturn|p1b: Dragonite|Helping Hand|[of] p1a: Whimsicott\n|move|p2b: Charizard|Heat Wave|p1a: Whimsicott|[spread] p1a,p1b\n|-supereffective|p1a: Whimsicott|1\n|-resisted|p1b: Dragonite|1\n|-damage|p1a: Whimsicott|0 fnt\n|-damage|p1b: Dragonite|57/100\n|faint|p1a: Whimsicott\n|move|p2a: Rotom|Thunderbolt|p1b: Dragonite\n|-damage|p1b: Dragonite|16/100\n|move|p1b: Dragonite|Thunderbolt|p2b: Charizard\n|-supereffective|p2b: Charizard|1\n|-damage|p2b: Charizard|0 fnt\n|faint|p2b: Charizard\n|\n|-weather|SunnyDay|[upkeep]\n|-heal|p2a: Rotom|51/100|[from] item: Leftovers\n|-sideend|p2: alfre22|move: Tailwind\n|upkeep\n|\n|t:|1775936712\n|switch|p2b: Garchomp|Garchomp, L50, M, shiny|100/100\n|turn|9\n|\n|t:|1775936718\n|move|p2b: Garchomp|Dragon Claw|p1b: Dragonite\n|-supereffective|p1b: Dragonite|1\n|-damage|p1b: Dragonite|0 fnt\n|faint|p1b: Dragonite\n|\n|win|alfre22\n|raw|that1person74's rating: 1026 &rarr; <strong>1013</strong><br />(-13 for losing)\n|raw|alfre22's rating: 1043 &rarr; <strong>1075</strong><br />(+32 for winning)\n",
  "uploadtime": 1775936723,
  "views": 11,
  "formatid": "gen9championsvgc2026regma",
  "rating": 1013,
  "private": 0,
  "password": null
}