{
  "id": "gen9championsvgc2026regma-2587520596",
  "format": "[Gen 9 Champions] VGC 2026 Reg M-A",
  "players": [
    "Glengal",
    "rubenoj94"
  ],
  "log": "|j|\u2606Glengal\n|j|\u2606rubenoj94\n|t:|1776538875\n|gametype|doubles\n|player|p1|Glengal|ghetsis|1145\n|player|p2|rubenoj94|pokefan|1064\n|gen|9\n|tier|[Gen 9 Champions] VGC 2026 Reg M-A\n|rated|\n|rule|Species Clause: Limit one of each Pok\u00e9mon\n|rule|Item Clause: Limit 1 of each item\n|clearpoke\n|poke|p1|Charizard, L50, F|\n|poke|p1|Hydreigon, L50, F|\n|poke|p1|Kingambit, L50, M|\n|poke|p1|Venusaur, L50, F|\n|poke|p1|Milotic, L50, M|\n|poke|p1|Sneasler, L50, M|\n|poke|p2|Incineroar, L50, M|\n|poke|p2|Oranguru, L50, M|\n|poke|p2|Farigiraf, L50, M, shiny|\n|poke|p2|Crabominable, L50, M|\n|poke|p2|Sneasler, L50, F|\n|poke|p2|Camerupt, L50, F, shiny|\n|teampreview|4\n|inactive|Battle timer is ON: inactive players will automatically lose when time's up. (requested by Glengal)\n|\n|t:|1776538905\n|teamsize|p1|4\n|teamsize|p2|4\n|start\n|switch|p1a: Sneasler|Sneasler, L50, M|100/100\n|switch|p1b: Hydreigon|Hydreigon, L50, F|100/100\n|switch|p2a: Sneasler|Sneasler, L50, F|100/100\n|switch|p2b: Oranguru|Oranguru, L50, M|100/100\n|turn|1\n|\n|t:|1776538928\n|move|p2a: Sneasler|Protect|p2a: Sneasler\n|-singleturn|p2a: Sneasler|Protect\n|move|p1a: Sneasler|Fake Out|p2a: Sneasler\n|-activate|p2a: Sneasler|move: Protect\n|move|p1b: Hydreigon|Tailwind|p1b: Hydreigon\n|-sidestart|p1: Glengal|move: Tailwind\n|move|p2b: Oranguru|Trick Room|p2b: Oranguru\n|-fieldstart|move: Trick Room|[of] p2b: Oranguru\n|\n|upkeep\n|turn|2\n|\n|t:|1776538951\n|switch|p2b: Crabominable|Crabominable, L50, M|100/100\n|move|p2a: Sneasler|Coaching|p2b: Crabominable\n|-boost|p2b: Crabominable|atk|1\n|-boost|p2b: Crabominable|def|1\n|move|p1b: Hydreigon|Dark Pulse|p2b: Crabominable\n|-resisted|p2b: Crabominable|1\n|-damage|p2b: Crabominable|76/100\n|move|p1a: Sneasler|U-turn|p2b: Crabominable\n|-resisted|p2b: Crabominable|1\n|-damage|p2b: Crabominable|66/100\n|\n|t:|1776538961\n|switch|p1a: Charizard|Charizard, L50, F|100/100|[from] U-turn\n|\n|upkeep\n|turn|3\n|\n|t:|1776538975\n|detailschange|p2b: Crabominable|Crabominable-Mega, L50, M\n|-mega|p2b: Crabominable|Crabominable|Crabominite\n|detailschange|p1a: Charizard|Charizard-Mega-Y, L50, F\n|-mega|p1a: Charizard|Charizard|Charizardite Y\n|-weather|SunnyDay|[from] ability: Drought|[of] p1a: Charizard\n|move|p1b: Hydreigon|Protect|p1b: Hydreigon\n|-singleturn|p1b: Hydreigon|Protect\n|move|p1a: Charizard|Protect|p1a: Charizard\n|-singleturn|p1a: Charizard|Protect\n|move|p2b: Crabominable|Thunder Punch|p1a: Charizard\n|-activate|p1a: Charizard|move: Protect\n|move|p2a: Sneasler|Coaching|p2b: Crabominable\n|-boost|p2b: Crabominable|atk|1\n|-boost|p2b: Crabominable|def|1\n|\n|-weather|SunnyDay|[upkeep]\n|upkeep\n|turn|4\n|\n|t:|1776539000\n|switch|p2a: Oranguru|Oranguru, L50, M|100/100\n|switch|p1a: Sneasler|Sneasler, L50, M|100/100\n|move|p2b: Crabominable|Crabhammer|p1a: Sneasler\n|-damage|p1a: Sneasler|29/100\n|move|p1b: Hydreigon|Draco Meteor|p2b: Crabominable\n|-damage|p2b: Crabominable|13/100\n|-unboost|p1b: Hydreigon|spa|2\n|\n|-weather|SunnyDay|[upkeep]\n|-sideend|p1: Glengal|move: Tailwind\n|upkeep\n|turn|5\n|\n|t:|1776539022\n|switch|p2a: Farigiraf|Farigiraf, L50, M, shiny|100/100\n|move|p1b: Hydreigon|Protect|p1b: Hydreigon\n|-singleturn|p1b: Hydreigon|Protect\n|move|p1a: Sneasler|Fake Out||[still]\n|cant|p2a: Farigiraf|ability: Armor Tail|Fake Out|[of] p1a: Sneasler\n|move|p2b: Crabominable|Drain Punch|p1b: Hydreigon\n|-activate|p1b: Hydreigon|move: Protect\n|\n|-weather|SunnyDay|[upkeep]\n|-fieldend|move: Trick Room\n|upkeep\n|turn|6\n|\n|t:|1776539038\n|switch|p2b: Sneasler|Sneasler, L50, F|100/100\n|move|p1a: Sneasler|Dire Claw|p2b: Sneasler\n|-resisted|p2b: Sneasler|1\n|-damage|p2b: Sneasler|62/100\n|move|p1b: Hydreigon|Dark Pulse|p2a: Farigiraf\n|-supereffective|p2a: Farigiraf|1\n|-damage|p2a: Farigiraf|59/100\n|move|p2a: Farigiraf|Trick Room|p2a: Farigiraf\n|-fieldstart|move: Trick Room|[of] p2a: Farigiraf\n|\n|-weather|SunnyDay|[upkeep]\n|upkeep\n|turn|7\n|inactive|Glengal has 30 seconds left.\n|\n|t:|1776539065\n|switch|p2a: Oranguru|Oranguru, L50, M|100/100\n|switch|p2b: Crabominable|Crabominable-Mega, L50, M|13/100\n|move|p1b: Hydreigon|Dark Pulse|p2a: Oranguru\n|-supereffective|p2a: Oranguru|1\n|-damage|p2a: Oranguru|68/100\n|move|p1a: Sneasler|U-turn|p2a: Oranguru\n|-supereffective|p2a: Oranguru|1\n|-crit|p2a: Oranguru\n|-damage|p2a: Oranguru|2/100\n|\n|t:|1776539076\n|switch|p1a: Milotic|Milotic, L50, M|100/100|[from] U-turn\n|\n|-weather|none\n|upkeep\n|turn|8\n|\n|t:|1776539091\n|move|p1b: Hydreigon|Protect|p1b: Hydreigon\n|-singleturn|p1b: Hydreigon|Protect\n|move|p2b: Crabominable|Thunder Punch|p1a: Milotic\n|-supereffective|p1a: Milotic|1\n|-damage|p1a: Milotic|46/100\n|move|p2a: Oranguru|Instruct|p2b: Crabominable\n|-singleturn|p2b: Crabominable|move: Instruct|[of] p2a: Oranguru\n|move|p2b: Crabominable|Thunder Punch|p1a: Milotic\n|-supereffective|p1a: Milotic|1\n|-damage|p1a: Milotic|0 fnt\n|faint|p1a: Milotic\n|\n|upkeep\n|\n|t:|1776539101\n|switch|p1a: Sneasler|Sneasler, L50, M|29/100\n|turn|9\n|\n|t:|1776539123\n|move|p2b: Crabominable|Drain Punch|p1b: Hydreigon\n|-supereffective|p1b: Hydreigon|1\n|-enditem|p1b: Hydreigon|Focus Sash\n|-damage|p1b: Hydreigon|1/100\n|-heal|p2b: Crabominable|54/100|[from] drain|[of] p1b: Hydreigon\n|move|p2a: Oranguru|Psychic|p1a: Sneasler\n|-supereffective|p1a: Sneasler|2\n|-damage|p1a: Sneasler|0 fnt\n|faint|p1a: Sneasler\n|move|p1b: Hydreigon|Draco Meteor|p2a: Oranguru\n|-damage|p2a: Oranguru|0 fnt\n|-unboost|p1b: Hydreigon|spa|2\n|faint|p2a: Oranguru\n|\n|upkeep\n|\n|t:|1776539138\n|switch|p2a: Sneasler|Sneasler, L50, F|62/100\n|switch|p1a: Charizard|Charizard-Mega-Y, L50, F|100/100\n|-weather|SunnyDay|[from] ability: Drought|[of] p1a: Charizard\n|turn|10\n|\n|t:|1776539150\n|move|p1b: Hydreigon|Protect|p1b: Hydreigon\n|-singleturn|p1b: Hydreigon|Protect\n|move|p1a: Charizard|Protect|p1a: Charizard\n|-singleturn|p1a: Charizard|Protect\n|move|p2a: Sneasler|Fake Out|p1b: Hydreigon\n|-activate|p1b: Hydreigon|move: Protect\n|move|p2b: Crabominable|Crabhammer|p1a: Charizard\n|-activate|p1a: Charizard|move: Protect\n|\n|-weather|SunnyDay|[upkeep]\n|-fieldend|move: Trick Room\n|upkeep\n|turn|11\n|\n|t:|1776539169\n|switch|p2b: Farigiraf|Farigiraf, L50, M, shiny|59/100\n|move|p2a: Sneasler|Dire Claw|p1b: Hydreigon\n|-damage|p1b: Hydreigon|0 fnt\n|faint|p1b: Hydreigon\n|move|p1a: Charizard|Heat Wave|p2b: Farigiraf|[spread] p2a,p2b\n|-damage|p2a: Sneasler|0 fnt\n|-damage|p2b: Farigiraf|0 fnt\n|faint|p2a: Sneasler\n|faint|p2b: Farigiraf\n|\n|-weather|SunnyDay|[upkeep]\n|upkeep\n|\n|t:|1776539183\n|switch|p2b: Crabominable|Crabominable-Mega, L50, M|54/100\n|turn|12\n|c|\u2606Glengal|gg vro\n|c|\u2606Glengal|ggvro\n|\n|t:|1776539188\n|move|p1a: Charizard|Heat Wave|p2b: Crabominable\n|-supereffective|p2b: Crabominable|1\n|-damage|p2b: Crabominable|0 fnt\n|faint|p2b: Crabominable\n|\n|win|Glengal\n|raw|Glengal's rating: 1145 &rarr; <strong>1164</strong><br />(+19 for winning)\n|raw|rubenoj94's rating: 1064 &rarr; <strong>1049</strong><br />(-15 for losing)\n",
  "uploadtime": 1776539196,
  "views": 15,
  "formatid": "gen9championsvgc2026regma",
  "rating": 1049,
  "private": 0,
  "password": null
}