{
  "id": "gen9championsvgc2026regma-2585676568",
  "format": "[Gen 9 Champions] VGC 2026 Reg M-A",
  "players": [
    "Stirfry12",
    "Scrubby009"
  ],
  "log": "|j|\u2606Stirfry12\n|j|\u2606Scrubby009\n|t:|1776362966\n|gametype|doubles\n|player|p1|Stirfry12|102|1324\n|player|p2|Scrubby009|skyla|1369\n|gen|9\n|tier|[Gen 9 Champions] VGC 2026 Reg M-A\n|rated|\n|rule|Species Clause: Limit one of each Pok\u00e9mon\n|rule|Item Clause: Limit 1 of each item\n|clearpoke\n|poke|p1|Garchomp, L50, F|\n|poke|p1|Sneasler, L50, F|\n|poke|p1|Pelipper, L50, F|\n|poke|p1|Whimsicott, L50, M|\n|poke|p1|Archaludon, L50, F|\n|poke|p1|Greninja-*, L50, F|\n|poke|p2|Excadrill, L50, M|\n|poke|p2|Floette-Eternal, L50, F|\n|poke|p2|Rotom-Wash, L50|\n|poke|p2|Sinistcha, L50|\n|poke|p2|Sneasler, L50, F|\n|poke|p2|Tyranitar, L50, F|\n|teampreview|4\n|c|\u2606Scrubby009|glhf\n|\n|t:|1776362994\n|teamsize|p1|4\n|teamsize|p2|4\n|start\n|switch|p1a: Whimsicott|Whimsicott, L50, M|100/100\n|switch|p1b: Greninja|Greninja, L50, F|100/100\n|switch|p2a: $6 Apt Special|Rotom-Wash, L50|100/100\n|switch|p2b: Mean Girl Bully|Sneasler, L50, F|100/100\n|turn|1\n|\n|t:|1776363017\n|move|p1b: Greninja|Protect|p1b: Greninja\n|-start|p1b: Greninja|typechange|Normal|[from] ability: Protean\n|-singleturn|p1b: Greninja|Protect\n|move|p1a: Whimsicott|Tailwind|p1a: Whimsicott\n|-sidestart|p1: Stirfry12|move: Tailwind\n|move|p2b: Mean Girl Bully|Dire Claw|p1a: Whimsicott\n|-supereffective|p1a: Whimsicott|2\n|-enditem|p1a: Whimsicott|Focus Sash\n|-damage|p1a: Whimsicott|1/100\n|move|p2a: $6 Apt Special|Thunderbolt|p1b: Greninja\n|-activate|p1b: Greninja|move: Protect\n|\n|upkeep\n|turn|2\n|\n|t:|1776363076\n|detailschange|p1b: Greninja|Greninja-Mega, L50, F\n|-mega|p1b: Greninja|Greninja|Greninjite\n|move|p1b: Greninja|Dark Pulse|p2b: Mean Girl Bully\n|-start|p1b: Greninja|typechange|Dark|[from] ability: Protean\n|-resisted|p2b: Mean Girl Bully|1\n|-damage|p2b: Mean Girl Bully|66/100\n|move|p1a: Whimsicott|Dazzling Gleam|p2a: $6 Apt Special|[spread] p2a,p2b\n|-damage|p2a: $6 Apt Special|84/100\n|-damage|p2b: Mean Girl Bully|44/100\n|move|p2b: Mean Girl Bully|Close Combat|p1b: Greninja\n|-supereffective|p1b: Greninja|1\n|-damage|p1b: Greninja|0 fnt\n|-unboost|p2b: Mean Girl Bully|def|1\n|-unboost|p2b: Mean Girl Bully|spd|1\n|faint|p1b: Greninja\n|-enditem|p2b: Mean Girl Bully|White Herb\n|-clearnegativeboost|p2b: Mean Girl Bully|[silent]\n|move|p2a: $6 Apt Special|Thunderbolt|p1a: Whimsicott\n|-resisted|p1a: Whimsicott|1\n|-damage|p1a: Whimsicott|0 fnt\n|faint|p1a: Whimsicott\n|\n|-heal|p2a: $6 Apt Special|90/100|[from] item: Leftovers\n|upkeep\n|\n|t:|1776363103\n|switch|p1b: Pelipper|Pelipper, L50, F|100/100\n|switch|p1a: Sneasler|Sneasler, L50, F|100/100\n|-weather|RainDance|[from] ability: Drizzle|[of] p1b: Pelipper\n|turn|3\n|\n|t:|1776363135\n|move|p2b: Mean Girl Bully|Protect|p2b: Mean Girl Bully\n|-singleturn|p2b: Mean Girl Bully|Protect\n|move|p1a: Sneasler|Close Combat|p2a: $6 Apt Special\n|-damage|p2a: $6 Apt Special|32/100\n|-unboost|p1a: Sneasler|def|1\n|-unboost|p1a: Sneasler|spd|1\n|-enditem|p1a: Sneasler|White Herb\n|-clearnegativeboost|p1a: Sneasler|[silent]\n|move|p1b: Pelipper|Muddy Water|p2a: $6 Apt Special|[spread] p2a\n|-activate|p2b: Mean Girl Bully|move: Protect\n|-resisted|p2a: $6 Apt Special|1\n|-damage|p2a: $6 Apt Special|12/100\n|move|p2a: $6 Apt Special|Will-O-Wisp|p1a: Sneasler\n|-status|p1a: Sneasler|brn\n|\n|-weather|RainDance|[upkeep]\n|-heal|p2a: $6 Apt Special|19/100|[from] item: Leftovers\n|-damage|p1a: Sneasler|95/100 brn|[from] brn\n|upkeep\n|turn|4\n|\n|t:|1776363162\n|move|p2a: $6 Apt Special|Protect|p2a: $6 Apt Special\n|-singleturn|p2a: $6 Apt Special|Protect\n|move|p1a: Sneasler|Dire Claw|p2a: $6 Apt Special\n|-activate|p2a: $6 Apt Special|move: Protect\n|move|p2b: Mean Girl Bully|Dire Claw|p1b: Pelipper\n|-damage|p1b: Pelipper|40/100\n|-enditem|p1b: Pelipper|Sitrus Berry|[eat]\n|-heal|p1b: Pelipper|65/100|[from] item: Sitrus Berry\n|move|p1b: Pelipper|Hurricane|p2b: Mean Girl Bully\n|-supereffective|p2b: Mean Girl Bully|1\n|-damage|p2b: Mean Girl Bully|0 fnt\n|faint|p2b: Mean Girl Bully\n|\n|-weather|RainDance|[upkeep]\n|-heal|p2a: $6 Apt Special|25/100|[from] item: Leftovers\n|-damage|p1a: Sneasler|89/100 brn|[from] brn\n|-sideend|p1: Stirfry12|move: Tailwind\n|upkeep\n|\n|t:|1776363175\n|switch|p2b: Tea Time|Sinistcha, L50|100/100\n|-heal|p2a: $6 Apt Special|50/100|[from] ability: Hospitality|[of] p2b: Tea Time\n|turn|5\n|\n|t:|1776363188\n|move|p2b: Tea Time|Rage Powder|p2b: Tea Time\n|-singleturn|p2b: Tea Time|move: Rage Powder\n|move|p1a: Sneasler|Dire Claw|p2b: Tea Time\n|-damage|p2b: Tea Time|77/100\n|-status|p2b: Tea Time|psn|[from] ability: Poison Touch|[of] p1a: Sneasler\n|move|p1b: Pelipper|Hurricane|p2b: Tea Time\n|-supereffective|p2b: Tea Time|1\n|-damage|p2b: Tea Time|1/100 psn\n|-enditem|p2b: Tea Time|Sitrus Berry|[eat]\n|-heal|p2b: Tea Time|26/100 psn|[from] item: Sitrus Berry\n|move|p2a: $6 Apt Special|Thunderbolt|p1b: Pelipper\n|-supereffective|p1b: Pelipper|2\n|-damage|p1b: Pelipper|0 fnt\n|faint|p1b: Pelipper\n|\n|-weather|RainDance|[upkeep]\n|-heal|p2a: $6 Apt Special|56/100|[from] item: Leftovers\n|-damage|p2b: Tea Time|14/100 psn|[from] psn\n|-damage|p1a: Sneasler|83/100 brn|[from] brn\n|upkeep\n|turn|6\n|j| thatsaltyguy\n|\n|t:|1776363207\n|move|p2b: Tea Time|Rage Powder|p2b: Tea Time\n|-singleturn|p2b: Tea Time|move: Rage Powder\n|move|p1a: Sneasler|Dire Claw|p2b: Tea Time\n|-damage|p2b: Tea Time|0 fnt\n|faint|p2b: Tea Time\n|move|p2a: $6 Apt Special|Hydro Pump|p1a: Sneasler\n|-damage|p1a: Sneasler|0 fnt\n|faint|p1a: Sneasler\n|\n|win|Scrubby009\n|raw|Stirfry12's rating: 1324 &rarr; <strong>1307</strong><br />(-17 for losing)\n|raw|Scrubby009's rating: 1369 &rarr; <strong>1386</strong><br />(+17 for winning)\n|l|\u2606Stirfry12\n|player|p1|\n",
  "uploadtime": 1776363224,
  "views": 44,
  "formatid": "gen9championsvgc2026regma",
  "rating": 1307,
  "private": 0,
  "password": null
}