{
  "id": "gen9championsvgc2026regma-2589514871",
  "format": "[Gen 9 Champions] VGC 2026 Reg M-A",
  "players": [
    "sirsnipealot",
    "menenjoyer14"
  ],
  "log": "|j|\u2606sirsnipealot\n|j|\u2606menenjoyer14\n|t:|1776729951\n|gametype|doubles\n|player|p1|sirsnipealot|102|\n|player|p2|menenjoyer14|1|\n|gen|9\n|tier|[Gen 9 Champions] VGC 2026 Reg M-A\n|rule|Species Clause: Limit one of each Pok\u00e9mon\n|rule|Item Clause: Limit 1 of each item\n|clearpoke\n|poke|p1|Kingambit, L50, M|\n|poke|p1|Sneasler, L50, M|\n|poke|p1|Sinistcha, L50|\n|poke|p1|Pelipper, L50, F|\n|poke|p1|Archaludon, L50, F|\n|poke|p1|Meganium, L50, M|\n|poke|p2|Gardevoir, L50, M|\n|poke|p2|Basculegion, L50, M|\n|poke|p2|Sinistcha, L50|\n|poke|p2|Aerodactyl, L50, F|\n|poke|p2|Archaludon, L50, M|\n|poke|p2|Incineroar, L50, F|\n|teampreview|4\nmenenjoyer14 has agreed to open team sheets.\nsirsnipealot has agreed to open team sheets.\n|showteam|p1|Kingambit||ChopleBerry|Defiant|SuckerPunch,KowtowCleave,IronHead,Protect|||M|||50|]Sneasler||WhiteHerb|Unburden|FakeOut,DireClaw,CloseCombat,Protect|||M|||50|]Sinistcha||SitrusBerry|Hospitality|MatchaGotcha,LifeDew,StrengthSap,ShadowBall||||||50|]Pelipper||FocusSash|Drizzle|Hurricane,WeatherBall,Tailwind,Protect|||F|||50|]Archaludon||LumBerry|Sturdy|ElectroShot,FlashCannon,DracoMeteor,Protect|||F|||50|]Meganium||Meganiumite|LeafGuard|SolarBeam,DazzlingGleam,WeatherBall,Protect|||M|||50|\n|showteam|p2|Gardevoir||Gardevoirite|Synchronize|Psychic,HyperVoice,Protect,CalmMind|||M|||50|]Basculegion||ChoiceScarf|Adaptability|LastRespects,FlipTurn,WaveCrash,AquaJet|||M|||50|]Sinistcha||Leftovers|Hospitality|MatchaGotcha,LifeDew,RagePowder,StrengthSap||||||50|]Aerodactyl||Aerodactylite|RockHead|RockSlide,DualWingbeat,Tailwind,Protect|||F|||50|]Archaludon||LumBerry|Sturdy|Thunderbolt,FlashCannon,DragonPulse,Protect|||M|||50|]Incineroar||SitrusBerry|Intimidate|HelpingHand,PartingShot,FakeOut,FlareBlitz|||F|||50|\n|\n|t:|1776730077\n|teamsize|p1|4\n|teamsize|p2|4\n|start\n|switch|p1a: Pelipper|Pelipper, L50, F|100/100\n|switch|p1b: Meganium|Meganium, L50, M|100/100\n|switch|p2a: Archaludon|Archaludon, L50, M|100/100\n|switch|p2b: Aerodactyl|Aerodactyl, L50, F|100/100\n|-weather|RainDance|[from] ability: Drizzle|[of] p1a: Pelipper\n|turn|1\n|\n|t:|1776730106\n|detailschange|p2b: Aerodactyl|Aerodactyl-Mega, L50, F\n|-mega|p2b: Aerodactyl|Aerodactyl|Aerodactylite\n|detailschange|p1b: Meganium|Meganium-Mega, L50, M\n|-mega|p1b: Meganium|Meganium|Meganiumite\n|move|p1b: Meganium|Protect|p1b: Meganium\n|-singleturn|p1b: Meganium|Protect\n|move|p2b: Aerodactyl|Rock Slide|p1b: Meganium|[spread] p1a\n|-activate|p1b: Meganium|move: Protect\n|-supereffective|p1a: Pelipper|1\n|-damage|p1a: Pelipper|25/100\n|move|p2a: Archaludon|Thunderbolt|p1a: Pelipper\n|-supereffective|p1a: Pelipper|2\n|-damage|p1a: Pelipper|0 fnt\n|faint|p1a: Pelipper\n|\n|-weather|RainDance|[upkeep]\n|upkeep\n|\n|t:|1776730144\n|switch|p1a: Sneasler|Sneasler, L50, M|100/100\n|turn|2\n|\n|t:|1776730173\n|move|p2b: Aerodactyl|Protect|p2b: Aerodactyl\n|-singleturn|p2b: Aerodactyl|Protect\n|move|p2a: Archaludon|Protect|p2a: Archaludon\n|-singleturn|p2a: Archaludon|Protect\n|move|p1a: Sneasler|Fake Out|p2b: Aerodactyl\n|-activate|p2b: Aerodactyl|move: Protect\n|move|p1b: Meganium|Weather Ball|p2a: Archaludon\n|-activate|p2a: Archaludon|move: Protect\n|\n|-weather|RainDance|[upkeep]\n|upkeep\n|turn|3\n|\n|t:|1776730195\n|move|p2b: Aerodactyl|Dual Wingbeat|p1a: Sneasler\n|-supereffective|p1a: Sneasler|1\n|-damage|p1a: Sneasler|0 fnt\n|faint|p1a: Sneasler\n|-hitcount|p1: Sneasler|1\n|move|p2a: Archaludon|Flash Cannon|p1b: Meganium\n|-supereffective|p1b: Meganium|1\n|-damage|p1b: Meganium|29/100\n|-unboost|p1b: Meganium|spd|1\n|move|p1b: Meganium|Weather Ball|p2a: Archaludon\n|-damage|p2a: Archaludon|1/100\n|\n|-weather|RainDance|[upkeep]\n|upkeep\n|\n|t:|1776730206\n|switch|p1a: Archaludon|Archaludon, L50, F|100/100\n|turn|4\n|\n|t:|1776730224\n|move|p2b: Aerodactyl|Protect|p2b: Aerodactyl\n|-singleturn|p2b: Aerodactyl|Protect\n|move|p2a: Archaludon|Dragon Pulse|p1a: Archaludon\n|-damage|p1a: Archaludon|35/100\n|move|p1a: Archaludon|Electro Shot||[still]\n|-prepare|p1a: Archaludon|Electro Shot\n|-boost|p1a: Archaludon|spa|1\n|-anim|p1a: Archaludon|Electro Shot|p2b: Aerodactyl\n|-activate|p2b: Aerodactyl|move: Protect\n|move|p1b: Meganium|Dazzling Gleam|p2a: Archaludon|[spread] p2a\n|-activate|p2b: Aerodactyl|move: Protect\n|-damage|p2a: Archaludon|0 fnt\n|faint|p2a: Archaludon\n|\n|-weather|RainDance|[upkeep]\n|upkeep\n|\n|t:|1776730238\n|switch|p2a: Sinistcha|Sinistcha, L50|100/100\n|turn|5\n|\n|t:|1776730270\n|move|p2a: Sinistcha|Rage Powder|p2a: Sinistcha\n|-singleturn|p2a: Sinistcha|move: Rage Powder\n|move|p2b: Aerodactyl|Dual Wingbeat|p1a: Archaludon\n|-resisted|p1a: Archaludon|1\n|-damage|p1a: Archaludon|24/100\n|-resisted|p1a: Archaludon|1\n|-damage|p1a: Archaludon|13/100\n|-hitcount|p1a: Archaludon|2\n|move|p1a: Archaludon|Draco Meteor|p2a: Sinistcha\n|-damage|p2a: Sinistcha|4/100\n|-unboost|p1a: Archaludon|spa|2\n|move|p1b: Meganium|Weather Ball|p2a: Sinistcha\n|-supereffective|p2a: Sinistcha|1\n|-crit|p2a: Sinistcha\n|-damage|p2a: Sinistcha|0 fnt\n|faint|p2a: Sinistcha\n|\n|-weather|none\n|upkeep\n|\n|t:|1776730286\n|switch|p2a: Basculegion|Basculegion, L50, M|100/100\n|turn|6\n|-message|sirsnipealot forfeited.\n|\n|win|menenjoyer14\n",
  "uploadtime": 1776730291,
  "views": 5,
  "formatid": "gen9championsvgc2026regma",
  "rating": null,
  "private": 0,
  "password": null
}