{
  "id": "gen9championsvgc2026regma-2584643394",
  "format": "[Gen 9 Champions] VGC 2026 Reg M-A",
  "players": [
    "butterfreeIchooseU",
    "Crene"
  ],
  "log": "|j|\u2606butterfreeIchooseU\n|j|\u2606Crene\n|t:|1776274035\n|gametype|doubles\n|player|p1|butterfreeIchooseU|bugcatcher-gen4dp|1367\n|player|p2|Crene|erika|1448\n|gen|9\n|tier|[Gen 9 Champions] VGC 2026 Reg M-A\n|rated|\n|rule|Species Clause: Limit one of each Pok\u00e9mon\n|rule|Item Clause: Limit 1 of each item\n|clearpoke\n|poke|p1|Gengar, L50, F|\n|poke|p1|Incineroar, L50, F|\n|poke|p1|Whimsicott, L50, M|\n|poke|p1|Politoed, L50, F|\n|poke|p1|Archaludon, L50, M|\n|poke|p1|Aegislash, L50, M|\n|poke|p2|Kingambit, L50, M|\n|poke|p2|Sneasler, L50, F|\n|poke|p2|Basculegion, L50, M|\n|poke|p2|Garchomp, L50, M|\n|poke|p2|Delphox, L50, M|\n|poke|p2|Floette-Eternal, L50, F|\n|teampreview|4\n|inactive|Battle timer is ON: inactive players will automatically lose when time's up. (requested by Crene)\n|inactive|Crene has 60 seconds left.\n|\n|t:|1776274069\n|teamsize|p1|4\n|teamsize|p2|4\n|start\n|switch|p1a: Gengar|Gengar, L50, F|100/100\n|switch|p1b: Aegislash|Aegislash, L50, M|100/100\n|switch|p2a: Garchomp|Garchomp, L50, M|100/100\n|switch|p2b: Delphox|Delphox, L50, M|100/100\n|turn|1\n|inactive|butterfreeIchooseU has 30 seconds left.\n|\n|t:|1776274094\n|switch|p1a: Incineroar|Incineroar, L50, F|100/100\n|-ability|p1a: Incineroar|Intimidate|boost\n|-unboost|p2a: Garchomp|atk|1\n|-unboost|p2b: Delphox|atk|1\n|detailschange|p2b: Delphox|Delphox-Mega, L50, M\n|-mega|p2b: Delphox|Delphox|Delphoxite\n|move|p2b: Delphox|Heat Wave|p1b: Aegislash|[spread] p1a\n|-miss|p2b: Delphox|p1b: Aegislash\n|-resisted|p1a: Incineroar|1\n|-damage|p1a: Incineroar|82/100\n|move|p2a: Garchomp|Earthquake|p1b: Aegislash|[spread] p1a,p1b\n|-immune|p2b: Delphox|[from] ability: Levitate\n|-supereffective|p1a: Incineroar|1\n|-supereffective|p1b: Aegislash|1\n|-damage|p1a: Incineroar|40/100\n|-damage|p1b: Aegislash|57/100\n|-formechange|p1b: Aegislash|Aegislash-Blade|\n|move|p1b: Aegislash|Poltergeist|p2b: Delphox\n|-activate|p2b: Delphox|move: Poltergeist|Delphoxite\n|-supereffective|p2b: Delphox|1\n|-damage|p2b: Delphox|0 fnt\n|faint|p2b: Delphox\n|\n|upkeep\n|inactive|Crene has 30 seconds left.\n|\n|t:|1776274119\n|switch|p2b: Sneasler|Sneasler, L50, F|100/100\n|turn|2\n|inactive|butterfreeIchooseU has 30 seconds left.\n|\n|t:|1776274145\n|switch|p1a: Politoed|Politoed, L50, F|100/100\n|-weather|RainDance|[from] ability: Drizzle|[of] p1a: Politoed\n|move|p2b: Sneasler|Protect|p2b: Sneasler\n|-singleturn|p2b: Sneasler|Protect\n|-formechange|p1b: Aegislash|Aegislash|\n|move|p1b: Aegislash|King's Shield|p1b: Aegislash\n|-singleturn|p1b: Aegislash|Protect\n|move|p2a: Garchomp|Earthquake|p1a: Politoed|[spread] p1a\n|-activate|p2b: Sneasler|move: Protect\n|-activate|p1b: Aegislash|move: Protect\n|-damage|p1a: Politoed|78/100\n|\n|-weather|RainDance|[upkeep]\n|-heal|p1a: Politoed|84/100|[from] item: Leftovers\n|upkeep\n|turn|3\n|\n|t:|1776274163\n|switch|p1a: Incineroar|Incineroar, L50, F|40/100\n|-ability|p1a: Incineroar|Intimidate|boost\n|-unboost|p2a: Garchomp|atk|1\n|-unboost|p2b: Sneasler|atk|1\n|-enditem|p2b: Sneasler|White Herb\n|-clearnegativeboost|p2b: Sneasler|[silent]\n|move|p2b: Sneasler|Close Combat|p1a: Incineroar\n|-supereffective|p1a: Incineroar|1\n|-enditem|p1a: Incineroar|Chople Berry|[eat]\n|-enditem|p1a: Incineroar|Chople Berry|[weaken]\n|-damage|p1a: Incineroar|0 fnt\n|-unboost|p2b: Sneasler|def|1\n|-unboost|p2b: Sneasler|spd|1\n|faint|p1a: Incineroar\n|move|p2a: Garchomp|Earthquake|p1b: Aegislash|[spread] p2b,p1b\n|-supereffective|p2b: Sneasler|1\n|-supereffective|p1b: Aegislash|1\n|-crit|p1b: Aegislash\n|-damage|p2b: Sneasler|0 fnt\n|-damage|p1b: Aegislash|0 fnt\n|faint|p2b: Sneasler\n|faint|p1b: Aegislash\n|\n|-weather|RainDance|[upkeep]\n|upkeep\n|\n|t:|1776274182\n|switch|p2b: Kingambit|Kingambit, L50, M|100/100\n|switch|p1b: Politoed|Politoed, L50, F|84/100\n|switch|p1a: Gengar|Gengar, L50, F|100/100\n|turn|4\n|inactive|Crene has 30 seconds left.\n|\n|t:|1776274213\n|detailschange|p1a: Gengar|Gengar-Mega, L50, F\n|-mega|p1a: Gengar|Gengar|Gengarite\n|move|p2b: Kingambit|Protect|p2b: Kingambit\n|-singleturn|p2b: Kingambit|Protect\n|move|p1a: Gengar|Disable|p2a: Garchomp\n|-start|p2a: Garchomp|Disable|Earthquake\n|cant|p2a: Garchomp|Disable|Earthquake\n|move|p1b: Politoed|Perish Song|p1b: Politoed\n|-start|p1a: Gengar|perish3|[silent]\n|-start|p1b: Politoed|perish3|[silent]\n|-start|p2a: Garchomp|perish3|[silent]\n|-start|p2b: Kingambit|perish3|[silent]\n|-fieldactivate|move: Perish Song\n|\n|-weather|RainDance|[upkeep]\n|-heal|p1b: Politoed|90/100|[from] item: Leftovers\n|-start|p1a: Gengar|perish3\n|-start|p2a: Garchomp|perish3\n|-start|p1b: Politoed|perish3\n|-start|p2b: Kingambit|perish3\n|upkeep\n|turn|5\n|\n|t:|1776274238\n|move|p1a: Gengar|Protect|p1a: Gengar\n|-singleturn|p1a: Gengar|Protect\n|-activate|p2a: Garchomp|move: Struggle\n|move|p2a: Garchomp|Struggle|p1b: Politoed\n|-damage|p1b: Politoed|81/100\n|-damage|p2a: Garchomp|75/100|[from] recoil\n|move|p1b: Politoed|Weather Ball|p2b: Kingambit\n|-damage|p2b: Kingambit|47/100\n|move|p2b: Kingambit|Kowtow Cleave|p1a: Gengar\n|-activate|p1a: Gengar|move: Protect\n|\n|-weather|RainDance|[upkeep]\n|-heal|p1b: Politoed|87/100|[from] item: Leftovers\n|-start|p1a: Gengar|perish2\n|-start|p2a: Garchomp|perish2\n|-start|p1b: Politoed|perish2\n|-start|p2b: Kingambit|perish2\n|upkeep\n|turn|6\n|\n|t:|1776274262\n|move|p2b: Kingambit|Protect|p2b: Kingambit\n|-singleturn|p2b: Kingambit|Protect\n|move|p1a: Gengar|Disable|p2b: Kingambit\n|-activate|p2b: Kingambit|move: Protect\n|-activate|p2a: Garchomp|move: Struggle\n|move|p2a: Garchomp|Struggle|p1b: Politoed\n|-damage|p1b: Politoed|79/100\n|-damage|p2a: Garchomp|50/100|[from] recoil\n|move|p1b: Politoed|Weather Ball|p2b: Kingambit\n|-activate|p2b: Kingambit|move: Protect\n|\n|-weather|none\n|-heal|p1b: Politoed|85/100|[from] item: Leftovers\n|-start|p1a: Gengar|perish1\n|-start|p2a: Garchomp|perish1\n|-start|p1b: Politoed|perish1\n|-start|p2b: Kingambit|perish1\n|upkeep\n|turn|7\n|\n|t:|1776274285\n|move|p2b: Kingambit|Sucker Punch|p1a: Gengar\n|-supereffective|p1a: Gengar|1\n|-damage|p1a: Gengar|0 fnt\n|faint|p1a: Gengar\n|-activate|p2a: Garchomp|move: Struggle\n|move|p2a: Garchomp|Struggle|p1b: Politoed\n|-damage|p1b: Politoed|76/100\n|-damage|p2a: Garchomp|25/100|[from] recoil\n|move|p1b: Politoed|Weather Ball|p2b: Kingambit\n|-resisted|p2b: Kingambit|1\n|-damage|p2b: Kingambit|40/100\n|\n|-heal|p1b: Politoed|82/100|[from] item: Leftovers\n|-end|p2a: Garchomp|Disable\n|-start|p2a: Garchomp|perish0\n|-start|p1b: Politoed|perish0\n|-start|p2b: Kingambit|perish0\n|upkeep\n|faint|p2a: Garchomp\n|faint|p1b: Politoed\n|faint|p2b: Kingambit\n|\n|win|Crene\n|raw|butterfreeIchooseU's rating: 1367 &rarr; <strong>1352</strong><br />(-15 for losing)\n|raw|Crene's rating: 1448 &rarr; <strong>1463</strong><br />(+15 for winning)\n",
  "uploadtime": 1776274298,
  "views": 40,
  "formatid": "gen9championsvgc2026regma",
  "rating": 1352,
  "private": 0,
  "password": null
}