{
  "id": "gen9championsvgc2026regma-2584700271",
  "format": "[Gen 9 Champions] VGC 2026 Reg M-A",
  "players": [
    "swaig",
    "XenGg07"
  ],
  "log": "|j|\u2606swaig\n|j|\u2606XenGg07\n|t:|1776277653\n|gametype|doubles\n|player|p1|swaig|102|1237\n|player|p2|XenGg07|red|1229\n|gen|9\n|tier|[Gen 9 Champions] VGC 2026 Reg M-A\n|rated|\n|rule|Species Clause: Limit one of each Pok\u00e9mon\n|rule|Item Clause: Limit 1 of each item\n|clearpoke\n|poke|p1|Steelix, L50, F|\n|poke|p1|Mimikyu, L50, M|\n|poke|p1|Tyranitar, L50, F|\n|poke|p1|Incineroar, L50, F|\n|poke|p1|Lucario, L50, M|\n|poke|p1|Farigiraf, L50, M|\n|poke|p2|Tyranitar, L50, F|\n|poke|p2|Aegislash, L50, F|\n|poke|p2|Excadrill, L50, M|\n|poke|p2|Sinistcha-Masterpiece, L50|\n|poke|p2|Farigiraf, L50, F|\n|poke|p2|Rotom-Wash, L50|\n|teampreview|4\n|inactive|Battle timer is ON: inactive players will automatically lose when time's up. (requested by XenGg07)\n|inactive|swaig has 60 seconds left.\n|inactive|XenGg07 has 60 seconds left.\n|\n|t:|1776277692\n|teamsize|p1|4\n|teamsize|p2|4\n|start\n|switch|p1a: Incineroar|Incineroar, L50, F|100/100\n|switch|p1b: Farigiraf|Farigiraf, L50, M|100/100\n|switch|p2a: Sinistcha|Sinistcha-Masterpiece, L50|100/100\n|switch|p2b: Tyranitar|Tyranitar, L50, F|100/100\n|-weather|Sandstorm|[from] ability: Sand Stream|[of] p2b: Tyranitar\n|-ability|p1a: Incineroar|Intimidate|boost\n|-unboost|p2a: Sinistcha|atk|1\n|-unboost|p2b: Tyranitar|atk|1\n|turn|1\n|\n|t:|1776277708\n|switch|p2a: Rotom|Rotom-Wash, L50|100/100\n|detailschange|p2b: Tyranitar|Tyranitar-Mega, L50, F\n|-mega|p2b: Tyranitar|Tyranitar|Tyranitarite\n|move|p2b: Tyranitar|Rock Slide|p1a: Incineroar|[spread] \n|-miss|p2b: Tyranitar|p1a: Incineroar\n|-miss|p2b: Tyranitar|p1b: Farigiraf\n|move|p1a: Incineroar|Flare Blitz|p2a: Rotom\n|-resisted|p2a: Rotom|1\n|-damage|p2a: Rotom|71/100\n|-damage|p1a: Incineroar|93/100|[from] Recoil\n|move|p1b: Farigiraf|Trick Room|p1b: Farigiraf\n|-fieldstart|move: Trick Room|[of] p1b: Farigiraf\n|\n|-weather|Sandstorm|[upkeep]\n|-damage|p1a: Incineroar|87/100|[from] Sandstorm\n|-damage|p1b: Farigiraf|94/100|[from] Sandstorm\n|-damage|p2a: Rotom|65/100|[from] Sandstorm\n|upkeep\n|turn|2\n|\n|t:|1776277726\n|move|p1b: Farigiraf|Hyper Voice|p2b: Tyranitar|[spread] p2a,p2b\n|-resisted|p2b: Tyranitar|1\n|-damage|p2a: Rotom|44/100\n|-damage|p2b: Tyranitar|94/100\n|-enditem|p2a: Rotom|Sitrus Berry|[eat]\n|-heal|p2a: Rotom|69/100|[from] item: Sitrus Berry\n|move|p1a: Incineroar|Darkest Lariat|p2a: Rotom\n|-damage|p2a: Rotom|15/100\n|move|p2b: Tyranitar|Crunch|p1b: Farigiraf\n|-supereffective|p1b: Farigiraf|1\n|-damage|p1b: Farigiraf|22/100\n|move|p2a: Rotom|Hydro Pump|p1a: Incineroar\n|-supereffective|p1a: Incineroar|1\n|-damage|p1a: Incineroar|15/100\n|\n|-weather|Sandstorm|[upkeep]\n|-damage|p1b: Farigiraf|16/100|[from] Sandstorm\n|-damage|p1a: Incineroar|9/100|[from] Sandstorm\n|-damage|p2a: Rotom|9/100|[from] Sandstorm\n|upkeep\n|turn|3\n|\n|t:|1776277743\n|move|p2a: Rotom|Protect|p2a: Rotom\n|-singleturn|p2a: Rotom|Protect\n|move|p1a: Incineroar|Parting Shot|p2b: Tyranitar\n|-unboost|p2b: Tyranitar|atk|1\n|-unboost|p2b: Tyranitar|spa|1\n|\n|t:|1776277749\n|switch|p1a: Steelix|Steelix, L50, F|100/100|[from] Parting Shot\n|move|p1b: Farigiraf|Hyper Voice|p2a: Rotom|[spread] p2b\n|-activate|p2a: Rotom|move: Protect\n|-resisted|p2b: Tyranitar|1\n|-damage|p2b: Tyranitar|87/100\n|move|p2b: Tyranitar|Rock Slide|p1b: Farigiraf|[spread] p1b\n|-miss|p2b: Tyranitar|p1a: Steelix\n|-damage|p1b: Farigiraf|0 fnt\n|faint|p1b: Farigiraf\n|\n|-weather|Sandstorm|[upkeep]\n|-damage|p2a: Rotom|3/100|[from] Sandstorm\n|upkeep\n|\n|t:|1776277755\n|switch|p1b: Tyranitar|Tyranitar, L50, F|100/100\n|turn|4\n|\n|t:|1776277762\n|detailschange|p1a: Steelix|Steelix-Mega, L50, F\n|-mega|p1a: Steelix|Steelix|Steelixite\n|move|p1a: Steelix|Heavy Slam|p2b: Tyranitar\n|-supereffective|p2b: Tyranitar|1\n|-damage|p2b: Tyranitar|35/100\n|move|p1b: Tyranitar|Crunch|p2a: Rotom\n|-damage|p2a: Rotom|0 fnt\n|faint|p2a: Rotom\n|move|p2b: Tyranitar|Low Kick|p1b: Tyranitar\n|-supereffective|p1b: Tyranitar|2\n|-damage|p1b: Tyranitar|15/100\n|-enditem|p1b: Tyranitar|Sitrus Berry|[eat]\n|-heal|p1b: Tyranitar|40/100|[from] item: Sitrus Berry\n|\n|-weather|Sandstorm|[upkeep]\n|upkeep\n|\n|t:|1776277771\n|switch|p2a: Sinistcha|Sinistcha-Masterpiece, L50|100/100\n|-heal|p2b: Tyranitar|60/100|[from] ability: Hospitality|[of] p2a: Sinistcha\n|turn|5\n|\n|t:|1776277788\n|switch|p2b: Farigiraf|Farigiraf, L50, F|100/100\n|move|p1a: Steelix|High Horsepower|p2b: Farigiraf\n|-damage|p2b: Farigiraf|41/100\n|move|p1b: Tyranitar|Crunch|p2a: Sinistcha\n|-supereffective|p2a: Sinistcha|1\n|-damage|p2a: Sinistcha|25/100\n|move|p2a: Sinistcha|Matcha Gotcha|p1b: Tyranitar|[spread] p1a\n|-miss|p2a: Sinistcha|p1b: Tyranitar\n|-damage|p1a: Steelix|76/100\n|-heal|p2a: Sinistcha|38/100|[from] drain|[of] p1a: Steelix\n|\n|-weather|none\n|-heal|p2a: Sinistcha|44/100|[from] item: Leftovers\n|-fieldend|move: Trick Room\n|upkeep\n|turn|6\n|inactive|XenGg07 has 30 seconds left.\n|\n|t:|1776277815\n|move|p2a: Sinistcha|Matcha Gotcha|p1a: Steelix|[spread] p1a\n|-miss|p2a: Sinistcha|p1b: Tyranitar\n|-damage|p1a: Steelix|53/100\n|-heal|p2a: Sinistcha|56/100|[from] drain|[of] p1a: Steelix\n|move|p2b: Farigiraf|Hyper Voice|p1a: Steelix|[spread] p1a,p1b\n|-resisted|p1a: Steelix|1\n|-resisted|p1b: Tyranitar|1\n|-damage|p1a: Steelix|37/100\n|-damage|p1b: Tyranitar|26/100\n|move|p1b: Tyranitar|Crunch|p2b: Farigiraf\n|-supereffective|p2b: Farigiraf|1\n|-enditem|p2b: Farigiraf|Colbur Berry|[eat]\n|-enditem|p2b: Farigiraf|Colbur Berry|[weaken]\n|-damage|p2b: Farigiraf|0 fnt\n|faint|p2b: Farigiraf\n|move|p1a: Steelix|Heavy Slam|p2a: Sinistcha\n|-damage|p2a: Sinistcha|0 fnt\n|faint|p2a: Sinistcha\n|\n|upkeep\n|\n|t:|1776277833\n|switch|p2b: Tyranitar|Tyranitar-Mega, L50, F|60/100\n|-weather|Sandstorm|[from] ability: Sand Stream|[of] p2b: Tyranitar\n|turn|7\n|inactive|swaig has 30 seconds left.\n|\n|t:|1776277861\n|move|p2b: Tyranitar|Low Kick|p1a: Steelix\n|-supereffective|p1a: Steelix|1\n|-damage|p1a: Steelix|0 fnt\n|faint|p1a: Steelix\n|move|p1b: Tyranitar|Crunch|p2b: Tyranitar\n|-resisted|p2b: Tyranitar|1\n|-damage|p2b: Tyranitar|44/100\n|\n|-weather|Sandstorm|[upkeep]\n|upkeep\n|\n|t:|1776277863\n|switch|p1a: Incineroar|Incineroar, L50, F|9/100\n|-ability|p1a: Incineroar|Intimidate|boost\n|-unboost|p2b: Tyranitar|atk|1\n|turn|8\n|\n|t:|1776277869\n|move|p2b: Tyranitar|Protect|p2b: Tyranitar\n|-singleturn|p2b: Tyranitar|Protect\n|move|p1b: Tyranitar|Protect|p1b: Tyranitar\n|-singleturn|p1b: Tyranitar|Protect\n|move|p1a: Incineroar|Darkest Lariat|p2b: Tyranitar\n|-activate|p2b: Tyranitar|move: Protect\n|\n|-weather|Sandstorm|[upkeep]\n|-damage|p1a: Incineroar|3/100|[from] Sandstorm\n|upkeep\n|turn|9\n|\n|t:|1776277872\n|move|p1b: Tyranitar|Protect||[still]\n|-fail|p1b: Tyranitar\n|move|p2b: Tyranitar|Rock Slide|p1a: Incineroar|[spread] p1a,p1b\n|-supereffective|p1a: Incineroar|1\n|-damage|p1a: Incineroar|0 fnt\n|-damage|p1b: Tyranitar|5/100\n|faint|p1a: Incineroar\n|\n|-weather|Sandstorm|[upkeep]\n|upkeep\n|turn|10\n|\n|t:|1776277882\n|move|p2b: Tyranitar|Low Kick|p1b: Tyranitar\n|-supereffective|p1b: Tyranitar|2\n|-damage|p1b: Tyranitar|0 fnt\n|faint|p1b: Tyranitar\n|\n|win|XenGg07\n|raw|swaig's rating: 1237 &rarr; <strong>1211</strong><br />(-26 for losing)\n|raw|XenGg07's rating: 1229 &rarr; <strong>1255</strong><br />(+26 for winning)\n",
  "uploadtime": 1776277885,
  "views": 21,
  "formatid": "gen9championsvgc2026regma",
  "rating": 1211,
  "private": 0,
  "password": null
}