{
  "id": "gen9championsvgc2026regma-2589482872",
  "format": "[Gen 9 Champions] VGC 2026 Reg M-A",
  "players": [
    "scolipede44",
    "wackosacko"
  ],
  "log": "|j|\u2606scolipede44\n|j|\u2606wackosacko\n|t:|1776727004\n|gametype|doubles\n|player|p1|scolipede44|marshal|1111\n|player|p2|wackosacko|101|1043\n|gen|9\n|tier|[Gen 9 Champions] VGC 2026 Reg M-A\n|rated|\n|rule|Species Clause: Limit one of each Pok\u00e9mon\n|rule|Item Clause: Limit 1 of each item\n|clearpoke\n|poke|p1|Noivern, L50, F|\n|poke|p1|Dragapult, L50, F|\n|poke|p1|Incineroar, L50, F|\n|poke|p1|Lucario, L50, M|\n|poke|p1|Sinistcha, L50|\n|poke|p1|Milotic, L50, F|\n|poke|p2|Sinistcha, L50|\n|poke|p2|Alakazam, L50, M, shiny|\n|poke|p2|Milotic, L50, F|\n|poke|p2|Steelix, L50, M|\n|poke|p2|Sableye, L50, F|\n|poke|p2|Tyranitar, L50, F, shiny|\n|teampreview|4\n|inactive|Battle timer is ON: inactive players will automatically lose when time's up. (requested by wackosacko)\n|inactive|scolipede44 also wants the timer to be on.\n|\n|t:|1776727017\n|teamsize|p1|4\n|teamsize|p2|4\n|start\n|switch|p1a: Noivern|Noivern, L50, F|100/100\n|switch|p1b: Dragapult|Dragapult, L50, F|100/100\n|switch|p2a: Alakazam|Alakazam, L50, M, shiny|100/100\n|switch|p2b: Steelix|Steelix, L50, M|100/100\n|-item|p2a: Alakazam|Focus Sash|[from] ability: Frisk|[of] p1a: Noivern\n|-item|p2b: Steelix|Steelixite|[from] ability: Frisk|[of] p1a: Noivern\n|turn|1\n|\n|t:|1776727039\n|detailschange|p2b: Steelix|Steelix-Mega, L50, M\n|-mega|p2b: Steelix|Steelix|Steelixite\n|move|p1b: Dragapult|Shadow Ball|p2a: Alakazam\n|-supereffective|p2a: Alakazam|1\n|-enditem|p2a: Alakazam|Focus Sash\n|-damage|p2a: Alakazam|1/100\n|move|p1a: Noivern|Boomburst|p2a: Alakazam|[spread] p2a,p2b\n|-immune|p1b: Dragapult\n|-resisted|p2b: Steelix|1\n|-damage|p2a: Alakazam|0 fnt\n|-damage|p2b: Steelix|85/100\n|faint|p2a: Alakazam\n|move|p2b: Steelix|Dragon Dance|p2b: Steelix\n|-boost|p2b: Steelix|atk|1\n|-boost|p2b: Steelix|spe|1\n|\n|upkeep\n|\n|t:|1776727052\n|switch|p2a: Sableye|Sableye, L50, F|100/100\n|turn|2\n|\n|t:|1776727062\n|move|p2a: Sableye|Fake Out|p1a: Noivern\n|-damage|p1a: Noivern|90/100\n|move|p1b: Dragapult|Draco Meteor|p2b: Steelix\n|-resisted|p2b: Steelix|1\n|-damage|p2b: Steelix|55/100\n|-unboost|p1b: Dragapult|spa|2\n|cant|p1a: Noivern|flinch\n|move|p2b: Steelix|Dragon Dance|p2b: Steelix\n|-boost|p2b: Steelix|atk|1\n|-boost|p2b: Steelix|spe|1\n|\n|upkeep\n|turn|3\n|\n|t:|1776727081\n|switch|p1b: Incineroar|Incineroar, L50, F|100/100\n|-ability|p1b: Incineroar|Intimidate|boost\n|-unboost|p2a: Sableye|atk|1\n|-unboost|p2b: Steelix|atk|1\n|move|p2a: Sableye|Light Screen|p2a: Sableye\n|-sidestart|p2: wackosacko|move: Light Screen\n|move|p1a: Noivern|Tailwind|p1a: Noivern\n|-sidestart|p1: scolipede44|move: Tailwind\n|move|p2b: Steelix|Rock Slide|p1b: Incineroar|[spread] p1a\n|-miss|p2b: Steelix|p1b: Incineroar\n|-supereffective|p1a: Noivern|1\n|-damage|p1a: Noivern|16/100\n|\n|upkeep\n|turn|4\n|\n|t:|1776727099\n|move|p2a: Sableye|Reflect|p2a: Sableye\n|-sidestart|p2: wackosacko|Reflect\n|move|p1a: Noivern|Boomburst|p2a: Sableye|[spread] p1b,p2b\n|-immune|p2a: Sableye\n|-resisted|p2b: Steelix|1\n|-damage|p1b: Incineroar|80/100\n|-damage|p2b: Steelix|46/100\n|move|p1b: Incineroar|Flare Blitz|p2b: Steelix\n|-supereffective|p2b: Steelix|1\n|-damage|p2b: Steelix|19/100\n|-damage|p1b: Incineroar|72/100|[from] Recoil\n|move|p2b: Steelix|Rock Slide|p1a: Noivern|[spread] p1a,p1b\n|-supereffective|p1a: Noivern|1\n|-supereffective|p1b: Incineroar|1\n|-damage|p1a: Noivern|0 fnt\n|-damage|p1b: Incineroar|24/100\n|faint|p1a: Noivern\n|\n|upkeep\n|\n|t:|1776727112\n|switch|p1a: Dragapult|Dragapult, L50, F|100/100\n|turn|5\n|\n|t:|1776727132\n|switch|p2b: Tyranitar|Tyranitar, L50, F, shiny|100/100\n|-weather|Sandstorm|[from] ability: Sand Stream|[of] p2b: Tyranitar\n|move|p1a: Dragapult|Draco Meteor|p2a: Sableye\n|-damage|p2a: Sableye|46/100\n|-unboost|p1a: Dragapult|spa|2\n|move|p1b: Incineroar|Flare Blitz|p2b: Tyranitar\n|-resisted|p2b: Tyranitar|1\n|-damage|p2b: Tyranitar|87/100\n|-damage|p1b: Incineroar|20/100|[from] Recoil\n|move|p2a: Sableye|Snarl|p1b: Incineroar|[spread] p1a,p1b\n|-supereffective|p1a: Dragapult|1\n|-resisted|p1b: Incineroar|1\n|-damage|p1a: Dragapult|74/100\n|-damage|p1b: Incineroar|16/100\n|-unboost|p1b: Incineroar|spa|1\n|\n|-weather|Sandstorm|[upkeep]\n|-damage|p1a: Dragapult|67/100|[from] Sandstorm\n|-damage|p1b: Incineroar|10/100|[from] Sandstorm\n|-damage|p2a: Sableye|40/100|[from] Sandstorm\n|upkeep\n|turn|6\n|inactive|wackosacko has 30 seconds left.\n|\n|t:|1776727157\n|switch|p2a: Steelix|Steelix-Mega, L50, M|19/100\n|move|p1a: Dragapult|Protect|p1a: Dragapult\n|-singleturn|p1a: Dragapult|Protect\n|move|p1b: Incineroar|Parting Shot|p2b: Tyranitar\n|-unboost|p2b: Tyranitar|atk|1\n|-unboost|p2b: Tyranitar|spa|1\n|\n|t:|1776727161\n|switch|p1b: Lucario|Lucario, L50, M|100/100|[from] Parting Shot\n|move|p2b: Tyranitar|Knock Off|p1a: Dragapult\n|-activate|p1a: Dragapult|move: Protect\n|\n|-weather|Sandstorm|[upkeep]\n|-damage|p1a: Dragapult|61/100|[from] Sandstorm\n|-sideend|p1: scolipede44|move: Tailwind\n|upkeep\n|turn|7\n|\n|t:|1776727182\n|switch|p2a: Sableye|Sableye, L50, F|40/100\n|detailschange|p1b: Lucario|Lucario-Mega, L50, M\n|-mega|p1b: Lucario|Lucario|Lucarionite\n|move|p1a: Dragapult|Shadow Ball|p2a: Sableye\n|-damage|p2a: Sableye|21/100\n|move|p1b: Lucario|Close Combat|p2b: Tyranitar\n|-supereffective|p2b: Tyranitar|2\n|-enditem|p2b: Tyranitar|Chople Berry|[eat]\n|-enditem|p2b: Tyranitar|Chople Berry|[weaken]\n|-damage|p2b: Tyranitar|0 fnt\n|-unboost|p1b: Lucario|def|1\n|-unboost|p1b: Lucario|spd|1\n|faint|p2b: Tyranitar\n|\n|-weather|Sandstorm|[upkeep]\n|-damage|p1a: Dragapult|55/100|[from] Sandstorm\n|-damage|p2a: Sableye|15/100|[from] Sandstorm\n|-sideend|p2: wackosacko|move: Light Screen\n|upkeep\n|\n|t:|1776727197\n|switch|p2b: Steelix|Steelix-Mega, L50, M|19/100\n|turn|8\n|-message|wackosacko forfeited.\n|\n|win|scolipede44\n|raw|scolipede44's rating: 1111 &rarr; <strong>1131</strong><br />(+20 for winning)\n|raw|wackosacko's rating: 1043 &rarr; <strong>1030</strong><br />(-13 for losing)\n|l|\u2606wackosacko\n|player|p2|\n",
  "uploadtime": 1776727201,
  "views": 5,
  "formatid": "gen9championsvgc2026regma",
  "rating": 1030,
  "private": 0,
  "password": null
}