{
  "id": "gen9championsvgc2026regma-2584496405",
  "format": "[Gen 9 Champions] VGC 2026 Reg M-A",
  "players": [
    "smp on whimsicott",
    "Crene"
  ],
  "log": "|j|\u2606smp on whimsicott\n|j|\u2606Crene\n|t:|1776264707\n|gametype|doubles\n|player|p1|smp on whimsicott|artist-gen4|1356\n|player|p2|Crene|erika|1386\n|gen|9\n|tier|[Gen 9 Champions] VGC 2026 Reg M-A\n|rated|\n|rule|Species Clause: Limit one of each Pok\u00e9mon\n|rule|Item Clause: Limit 1 of each item\n|clearpoke\n|poke|p1|Floette-Eternal, L50, F|\n|poke|p1|Aegislash, L50, M|\n|poke|p1|Talonflame, L50, F|\n|poke|p1|Basculegion, L50, M|\n|poke|p1|Milotic, L50, F|\n|poke|p1|Garchomp, L50, M|\n|poke|p2|Kingambit, L50, M|\n|poke|p2|Sneasler, L50, M|\n|poke|p2|Basculegion, L50, M|\n|poke|p2|Garchomp, L50, M|\n|poke|p2|Delphox, L50, M|\n|poke|p2|Floette-Eternal, L50, F|\n|teampreview|4\n|inactive|Battle timer is ON: inactive players will automatically lose when time's up. (requested by Crene)\n|j| Bio_Hazz\n|inactive|smp on whimsicott has 60 seconds left.\n|inactive|Crene has 60 seconds left.\n|\n|t:|1776264760\n|teamsize|p1|4\n|teamsize|p2|4\n|start\n|switch|p1a: Garchomp|Garchomp, L50, M|100/100\n|switch|p1b: Milotic|Milotic, L50, F|100/100\n|switch|p2a: Sneasler|Sneasler, L50, M|100/100\n|switch|p2b: Garchomp|Garchomp, L50, M|100/100\n|turn|1\n|\n|t:|1776264780\n|move|p1a: Garchomp|Protect|p1a: Garchomp\n|-singleturn|p1a: Garchomp|Protect\n|move|p2a: Sneasler|Fake Out|p1b: Milotic\n|-damage|p1b: Milotic|89/100\n|move|p2b: Garchomp|Dragon Claw|p1a: Garchomp\n|-activate|p1a: Garchomp|move: Protect\n|cant|p1b: Milotic|flinch\n|\n|-heal|p1b: Milotic|95/100|[from] item: Leftovers\n|upkeep\n|turn|2\n|\n|t:|1776264801\n|switch|p1a: Floette|Floette-Eternal, L50, F|100/100\n|move|p2b: Garchomp|Dragon Claw|p1a: Floette\n|-immune|p1a: Floette\n|move|p2a: Sneasler|Close Combat|p1b: Milotic\n|-damage|p1b: Milotic|37/100\n|-unboost|p2a: Sneasler|def|1\n|-unboost|p2a: Sneasler|spd|1\n|-enditem|p2a: Sneasler|White Herb\n|-clearnegativeboost|p2a: Sneasler|[silent]\n|move|p1b: Milotic|Scald|p2a: Sneasler\n|-damage|p2a: Sneasler|54/100\n|-status|p2a: Sneasler|brn\n|\n|-heal|p1b: Milotic|43/100|[from] item: Leftovers\n|-damage|p2a: Sneasler|48/100 brn|[from] brn\n|upkeep\n|turn|3\n|\n|t:|1776264821\n|switch|p2b: Kingambit|Kingambit, L50, M|100/100\n|detailschange|p1a: Floette|Floette-Mega, L50, F\n|-mega|p1a: Floette|Floette|Floettite\n|-ability|p1a: Floette|Fairy Aura\n|move|p1a: Floette|Protect|p1a: Floette\n|-singleturn|p1a: Floette|Protect\n|move|p2a: Sneasler|Dire Claw|p1a: Floette\n|-activate|p1a: Floette|move: Protect\n|move|p1b: Milotic|Icy Wind|p2a: Sneasler|[spread] p2a,p2b\n|-resisted|p2b: Kingambit|1\n|-damage|p2a: Sneasler|34/100 brn\n|-damage|p2b: Kingambit|94/100\n|-unboost|p2a: Sneasler|spe|1\n|-unboost|p2b: Kingambit|spe|1\n|-ability|p2b: Kingambit|Defiant|boost\n|-boost|p2b: Kingambit|atk|2\n|\n|-heal|p1b: Milotic|49/100|[from] item: Leftovers\n|-damage|p2a: Sneasler|29/100 brn|[from] brn\n|upkeep\n|turn|4\n|inactive|Crene has 30 seconds left.\n|\n|t:|1776264855\n|switch|p1a: Garchomp|Garchomp, L50, M|100/100\n|move|p2a: Sneasler|Dire Claw|p1a: Garchomp\n|-resisted|p1a: Garchomp|1\n|-damage|p1a: Garchomp|91/100\n|-damage|p2a: Sneasler|16/100 brn|[from] ability: Rough Skin|[of] p1a: Garchomp\n|move|p1b: Milotic|Scald|p2b: Kingambit\n|-damage|p2b: Kingambit|60/100\n|-status|p2b: Kingambit|brn\n|move|p2b: Kingambit|Iron Head|p1a: Garchomp\n|-damage|p1a: Garchomp|48/100\n|-damage|p2b: Kingambit|47/100 brn|[from] ability: Rough Skin|[of] p1a: Garchomp\n|\n|-heal|p1b: Milotic|54/100|[from] item: Leftovers\n|-damage|p2a: Sneasler|11/100 brn|[from] brn\n|-damage|p2b: Kingambit|41/100 brn|[from] brn\n|upkeep\n|turn|5\n|\n|t:|1776264871\n|move|p1a: Garchomp|Protect|p1a: Garchomp\n|-singleturn|p1a: Garchomp|Protect\n|move|p2b: Kingambit|Sucker Punch||[still]\n|-fail|p2b: Kingambit\n|move|p2a: Sneasler|Close Combat|p1b: Milotic\n|-damage|p1b: Milotic|24/100\n|-unboost|p2a: Sneasler|def|1\n|-unboost|p2a: Sneasler|spd|1\n|move|p1b: Milotic|Life Dew|p1b: Milotic|[spread] p1a,p1b\n|-heal|p1a: Garchomp|73/100\n|-heal|p1b: Milotic|50/100\n|\n|-heal|p1b: Milotic|55/100|[from] item: Leftovers\n|-damage|p2a: Sneasler|5/100 brn|[from] brn\n|-damage|p2b: Kingambit|35/100 brn|[from] brn\n|upkeep\n|turn|6\n|inactive|smp on whimsicott has 30 seconds left.\n|\n|t:|1776264898\n|switch|p1a: Basculegion|Basculegion, L50, M|100/100\n|move|p2a: Sneasler|Close Combat|p1b: Milotic\n|-damage|p1b: Milotic|27/100\n|-unboost|p2a: Sneasler|def|1\n|-unboost|p2a: Sneasler|spd|1\n|move|p1b: Milotic|Scald|p2b: Kingambit\n|-damage|p2b: Kingambit|0 fnt\n|faint|p2b: Kingambit\n|\n|-heal|p1b: Milotic|33/100|[from] item: Leftovers\n|-damage|p2a: Sneasler|0 fnt|[from] brn\n|faint|p2a: Sneasler\n|upkeep\n|\n|t:|1776264904\n|switch|p2a: Floette|Floette-Eternal, L50, F, shiny|100/100\n|switch|p2b: Garchomp|Garchomp, L50, M|100/100\n|turn|7\n|\n|t:|1776264924\n|detailschange|p2a: Floette|Floette-Mega, L50, F, shiny\n|-mega|p2a: Floette|Floette|Floettite\n|-ability|p2a: Floette|Fairy Aura\n|move|p2b: Garchomp|Poison Jab|p1a: Basculegion\n|-resisted|p1a: Basculegion|1\n|-damage|p1a: Basculegion|83/100\n|move|p1a: Basculegion|Wave Crash|p2a: Floette\n|-damage|p2a: Floette|0 fnt\n|faint|p2a: Floette\n|-damage|p1a: Basculegion|57/100|[from] Recoil\n|move|p1b: Milotic|Icy Wind|p2b: Garchomp\n|-supereffective|p2b: Garchomp|2\n|-damage|p2b: Garchomp|35/100\n|-unboost|p2b: Garchomp|spe|1\n|\n|-heal|p1b: Milotic|39/100|[from] item: Leftovers\n|upkeep\n|turn|8\n|-message|Crene forfeited.\n|\n|win|smp on whimsicott\n|raw|smp on whimsicott's rating: 1356 &rarr; <strong>1378</strong><br />(+22 for winning)\n|raw|Crene's rating: 1386 &rarr; <strong>1364</strong><br />(-22 for losing)\n|l|\u2606Crene\n|player|p2|\n",
  "uploadtime": 1776264933,
  "views": 30,
  "formatid": "gen9championsvgc2026regma",
  "rating": 1364,
  "private": 0,
  "password": null
}