{
  "id": "gen9championsvgc2026regma-2581953396",
  "format": "[Gen 9 Champions] VGC 2026 Reg M-A",
  "players": [
    "Rigbert",
    "aBlackOnyxz"
  ],
  "log": "|j|\u2606Rigbert\n|j|\u2606aBlackOnyxz\n|t:|1776042816\n|gametype|doubles\n|player|p1|Rigbert|1|\n|player|p2|aBlackOnyxz|265|\n|gen|9\n|tier|[Gen 9 Champions] VGC 2026 Reg M-A\n|rated|Tournament battle\n|rule|Species Clause: Limit one of each Pok\u00e9mon\n|rule|Item Clause: Limit 1 of each item\n|clearpoke\n|poke|p1|Charizard, L50, F|\n|poke|p1|Sneasler, L50, M|\n|poke|p1|Farigiraf, L50, F|\n|poke|p1|Incineroar, L50, F|\n|poke|p1|Garchomp, L50, F|\n|poke|p1|Kingambit, L50, M|\n|poke|p2|Sneasler, L50, F|\n|poke|p2|Politoed, L50, M|\n|poke|p2|Snorlax, L50, M|\n|poke|p2|Basculegion, L50, M|\n|poke|p2|Meganium, L50, F|\n|poke|p2|Incineroar, L50, M|\n|teampreview|4\n|inactive|Battle timer is ON: inactive players will automatically lose when time's up. (requested by Rigbert)\n|j| yukki0207\n|j| TzelYT\n|j| coolguy58213\n|j| fuzzdawg\n|\n|t:|1776042845\n|teamsize|p1|4\n|teamsize|p2|4\n|start\n|switch|p1a: Charizard|Charizard, L50, F|100/100\n|switch|p1b: Kingambit|Kingambit, L50, M|100/100\n|switch|p2a: Politoed|Politoed, L50, M|100/100\n|switch|p2b: Basculegion|Basculegion, L50, M|100/100\n|-weather|RainDance|[from] ability: Drizzle|[of] p2a: Politoed\n|turn|1\n|c| coolguy58213|lets go onxz\n|j| aurora ltd\n|c| coolguy58213|im your biggest fan\n|\n|t:|1776042865\n|detailschange|p1a: Charizard|Charizard-Mega-Y, L50, F\n|-mega|p1a: Charizard|Charizard|Charizardite Y\n|-weather|SunnyDay|[from] ability: Drought|[of] p1a: Charizard\n|move|p2b: Basculegion|Aqua Jet|p1a: Charizard\n|-supereffective|p1a: Charizard|1\n|-damage|p1a: Charizard|72/100\n|move|p1b: Kingambit|Sucker Punch||[still]\n|-fail|p1b: Kingambit\n|move|p1a: Charizard|Solar Beam||[still]\n|-prepare|p1a: Charizard|Solar Beam\n|-anim|p1a: Charizard|Solar Beam|p2a: Politoed\n|-supereffective|p2a: Politoed|1\n|-damage|p2a: Politoed|9/100\n|move|p2a: Politoed|Rain Dance|p2a: Politoed\n|-weather|RainDance\n|\n|-weather|RainDance|[upkeep]\n|-heal|p2a: Politoed|15/100|[from] item: Leftovers\n|upkeep\n|turn|2\n|inactive|aBlackOnyxz has 30 seconds left.\n|\n|t:|1776042900\n|switch|p2a: Meganium|Meganium, L50, F|100/100\n|move|p1a: Charizard|Protect|p1a: Charizard\n|-singleturn|p1a: Charizard|Protect\n|move|p2b: Basculegion|Aqua Jet|p1a: Charizard\n|-activate|p1a: Charizard|move: Protect\n|move|p1b: Kingambit|Kowtow Cleave|p2b: Basculegion\n|-supereffective|p2b: Basculegion|1\n|-damage|p2b: Basculegion|0 fnt\n|faint|p2b: Basculegion\n|\n|-weather|RainDance|[upkeep]\n|upkeep\n|\n|t:|1776042913\n|switch|p2b: Sneasler|Sneasler, L50, F|100/100\n|turn|3\n|\n|t:|1776042925\n|switch|p1a: Garchomp|Garchomp, L50, F|100/100\n|detailschange|p2a: Meganium|Meganium-Mega, L50, F\n|-mega|p2a: Meganium|Meganium|Meganiumite\n|move|p2a: Meganium|Protect|p2a: Meganium\n|-singleturn|p2a: Meganium|Protect\n|move|p1b: Kingambit|Protect|p1b: Kingambit\n|-singleturn|p1b: Kingambit|Protect\n|move|p2b: Sneasler|Fake Out|p1a: Garchomp\n|-damage|p1a: Garchomp|87/100\n|-damage|p2b: Sneasler|88/100|[from] ability: Rough Skin|[of] p1a: Garchomp\n|\n|-weather|RainDance|[upkeep]\n|upkeep\n|turn|4\n|inactive|aBlackOnyxz has 30 seconds left.\n|j| knoxxzeta\n|inactive|aBlackOnyxz has 20 seconds left.\n|j| Husky12_d\n|\n|t:|1776042963\n|move|p1a: Garchomp|Stomping Tantrum|p2b: Sneasler\n|-supereffective|p2b: Sneasler|1\n|-damage|p2b: Sneasler|0 fnt\n|faint|p2b: Sneasler\n|move|p2a: Meganium|Solar Beam||[still]\n|-prepare|p2a: Meganium|Solar Beam\n|-activate|p2a: Meganium|ability: Mega Sol\n|-anim|p2a: Meganium|Solar Beam|p1a: Garchomp\n|-damage|p1a: Garchomp|2/100\n|move|p1b: Kingambit|Iron Head|p2a: Meganium\n|-supereffective|p2a: Meganium|1\n|-damage|p2a: Meganium|13/100\n|\n|-weather|RainDance|[upkeep]\n|upkeep\n|j| Teeam Rocket\n|\n|t:|1776042976\n|switch|p2b: Politoed|Politoed, L50, M|15/100\n|turn|5\n|\n|t:|1776042990\n|move|p2a: Meganium|Protect|p2a: Meganium\n|-singleturn|p2a: Meganium|Protect\n|move|p1b: Kingambit|Sucker Punch||[still]\n|-fail|p1b: Kingambit\n|move|p1a: Garchomp|Stomping Tantrum|p2b: Politoed\n|-damage|p2b: Politoed|0 fnt\n|faint|p2b: Politoed\n|\n|-weather|none\n|upkeep\n|turn|6\n|l| Husky12_d\n|\n|t:|1776043009\n|move|p1b: Kingambit|Sucker Punch|p2a: Meganium\n|-resisted|p2a: Meganium|1\n|-damage|p2a: Meganium|0 fnt\n|faint|p2a: Meganium\n|\n|win|Rigbert\n|n|\u2606Rigbert|rigbert\n|n|\u2606aBlackOnyxz|ablackonyxz\n|n| yukki0207|yukki0207\n|n| TzelYT|tzelyt\n|n| coolguy58213|coolguy58213\n|n| fuzzdawg|fuzzdawg\n|n| aurora ltd|auroraltd\n|n| knoxxzeta|knoxxzeta\n|n| Teeam Rocket|teeamrocket\n|c|\u2606aBlackOnyxz|Gg.\n|c|\u2606Rigbert|gg\n|l| knoxxzeta\n|c|\u2606aBlackOnyxz|I did not play that well.\n|l| TzelYT\n|l| yukki0207\n|l| fuzzdawg\n|l|\u2606aBlackOnyxz\n|player|p2|\n|l|\u2606Rigbert\n|player|p1|\n",
  "uploadtime": 1776043114,
  "views": 10,
  "formatid": "gen9championsvgc2026regma",
  "rating": null,
  "private": 0,
  "password": null
}