{
  "id": "gen9championsvgc2026regma-2588440304",
  "format": "[Gen 9 Champions] VGC 2026 Reg M-A",
  "players": [
    "A5h3r",
    "benis_cult"
  ],
  "log": "|j|\u2606A5h3r\n|j|\u2606benis_cult\n|t:|1776633727\n|gametype|doubles\n|player|p1|A5h3r|alder|\n|player|p2|benis_cult|iris|\n|gen|9\n|tier|[Gen 9 Champions] VGC 2026 Reg M-A\n|rule|Species Clause: Limit one of each Pok\u00e9mon\n|rule|Item Clause: Limit 1 of each item\n|clearpoke\n|poke|p1|Chandelure, L50, F, shiny|\n|poke|p1|Torkoal, L50, M|\n|poke|p1|Primarina, L50, F|\n|poke|p1|Kingambit, L50, M|\n|poke|p1|Venusaur, L50, M|\n|poke|p1|Vivillon-Sun, L50, M, shiny|\n|poke|p2|Delphox, L50, M|\n|poke|p2|Meowscarada, L50, M|\n|poke|p2|Talonflame, L50, M|\n|poke|p2|Milotic, L50, F|\n|poke|p2|Kangaskhan, L50, F|\n|poke|p2|Tyranitar, L50, F|\n|teampreview|4\n|c|\u2606benis_cult|Hm\n|c|\u2606A5h3r|lucifer-incarnate yes\n|\n|t:|1776633785\n|teamsize|p1|4\n|teamsize|p2|4\n|start\n|switch|p1a: Primarina|Primarina, L50, F|100/100\n|switch|p1b: Lucifer-Incarnate|Vivillon-Sun, L50, M, shiny|100/100\n|switch|p2a: Kangaskhan|Kangaskhan, L50, F|100/100\n|switch|p2b: Tyranitar|Tyranitar, L50, F|100/100\n|-weather|Sandstorm|[from] ability: Sand Stream|[of] p2b: Tyranitar\n|turn|1\n|c|\u2606benis_cult|Scared fuh my life\n|\n|t:|1776633821\n|move|p1b: Lucifer-Incarnate|Protect|p1b: Lucifer-Incarnate\n|-singleturn|p1b: Lucifer-Incarnate|Protect\n|move|p1a: Primarina|Protect|p1a: Primarina\n|-singleturn|p1a: Primarina|Protect\n|move|p2a: Kangaskhan|Fake Out|p1a: Primarina\n|-activate|p1a: Primarina|move: Protect\n|move|p2b: Tyranitar|Rock Slide|p1b: Lucifer-Incarnate|[spread] \n|-activate|p1a: Primarina|move: Protect\n|-activate|p1b: Lucifer-Incarnate|move: Protect\n|\n|-weather|Sandstorm|[upkeep]\n|-damage|p1b: Lucifer-Incarnate|95/100|[from] Sandstorm\n|-damage|p2a: Kangaskhan|94/100|[from] Sandstorm\n|-damage|p1a: Primarina|95/100|[from] Sandstorm\n|upkeep\n|turn|2\n|c|\u2606benis_cult|Mmmmm\n|c|\u2606A5h3r|i need it\n|c|\u2606A5h3r|pleaze\n|c|\u2606A5h3r|i have no family\n|c|\u2606A5h3r|please sar\n|\n|t:|1776633853\n|detailschange|p2a: Kangaskhan|Kangaskhan-Mega, L50, F\n|-mega|p2a: Kangaskhan|Kangaskhan|Kangaskhanite\n|move|p2a: Kangaskhan|Sucker Punch|p1a: Primarina\n|-resisted|p1a: Primarina|1\n|-damage|p1a: Primarina|83/100\n|-resisted|p1a: Primarina|1\n|-damage|p1a: Primarina|81/100\n|-hitcount|p1a: Primarina|2\n|move|p1b: Lucifer-Incarnate|Tailwind|p1b: Lucifer-Incarnate\n|-sidestart|p1: A5h3r|move: Tailwind\n|move|p1a: Primarina|Dazzling Gleam|p2a: Kangaskhan|[spread] p2a,p2b\n|-supereffective|p2b: Tyranitar|1\n|-damage|p2a: Kangaskhan|54/100\n|-damage|p2b: Tyranitar|51/100\n|move|p2b: Tyranitar|Rock Slide|p1a: Primarina|[spread] p1a,p1b\n|-supereffective|p1b: Lucifer-Incarnate|2\n|-damage|p1a: Primarina|52/100\n|-damage|p1b: Lucifer-Incarnate|0 fnt\n|faint|p1b: Lucifer-Incarnate\n|\n|-weather|Sandstorm|[upkeep]\n|-damage|p1a: Primarina|46/100|[from] Sandstorm\n|-damage|p2a: Kangaskhan|48/100|[from] Sandstorm\n|upkeep\n|\n|t:|1776633868\n|switch|p1b: Torkoal|Torkoal, L50, M|100/100\n|-weather|SunnyDay|[from] ability: Drought|[of] p1b: Torkoal\n|turn|3\n|c|\u2606benis_cult|No family he says\n|\n|t:|1776633896\n|move|p2a: Kangaskhan|Protect|p2a: Kangaskhan\n|-singleturn|p2a: Kangaskhan|Protect\n|move|p1a: Primarina|Dazzling Gleam|p2a: Kangaskhan|[spread] p2b\n|-activate|p2a: Kangaskhan|move: Protect\n|-supereffective|p2b: Tyranitar|1\n|-damage|p2b: Tyranitar|0 fnt\n|faint|p2b: Tyranitar\n|move|p1b: Torkoal|Weather Ball|p2a: Kangaskhan\n|-activate|p2a: Kangaskhan|move: Protect\n|\n|-weather|SunnyDay|[upkeep]\n|upkeep\n|c|\u2606benis_cult|Wayzzz\n|c|\u2606benis_cult|I thought I clda take that\n|c|\u2606benis_cult|But\n|c|\u2606benis_cult|Split shit\n|\n|t:|1776633925\n|switch|p2b: Talonflame|Talonflame, L50, M|100/100\n|turn|4\n|\n|t:|1776633938\n|switch|p1b: Chandelure|Chandelure, L50, F, shiny|100/100\n|move|p2b: Talonflame|Tailwind|p2b: Talonflame\n|-sidestart|p2: benis_cult|move: Tailwind\n|move|p2a: Kangaskhan|Last Resort|p1a: Primarina\n|-damage|p1a: Primarina|0 fnt\n|faint|p1a: Primarina\n|-hitcount|p1: Primarina|1\n|\n|-weather|SunnyDay|[upkeep]\n|upkeep\n|\n|t:|1776633947\n|switch|p1a: Torkoal|Torkoal, L50, M|100/100\n|turn|5\n|c|\u2606A5h3r|i lowk think i lost this\n|\n|t:|1776633991\n|detailschange|p1b: Chandelure|Chandelure-Mega, L50, F, shiny\n|-mega|p1b: Chandelure|Chandelure|Chandelurite\n|move|p2b: Talonflame|Brave Bird|p1a: Torkoal\n|-damage|p1a: Torkoal|65/100\n|-damage|p2b: Talonflame|87/100|[from] Recoil\n|move|p2a: Kangaskhan|Sucker Punch|p1b: Chandelure\n|-supereffective|p1b: Chandelure|1\n|-damage|p1b: Chandelure|53/100\n|-supereffective|p1b: Chandelure|1\n|-damage|p1b: Chandelure|42/100\n|-hitcount|p1b: Chandelure|2\n|move|p1b: Chandelure|Shadow Ball|p2b: Talonflame\n|-damage|p2b: Talonflame|4/100\n|move|p1a: Torkoal|Eruption|p2b: Talonflame|[spread] p2a,p2b\n|-resisted|p2b: Talonflame|1\n|-damage|p2a: Kangaskhan|0 fnt\n|-damage|p2b: Talonflame|0 fnt\n|faint|p2a: Kangaskhan\n|faint|p2b: Talonflame\n|\n|-weather|SunnyDay|[upkeep]\n|-sideend|p1: A5h3r|move: Tailwind\n|upkeep\n|c|\u2606benis_cult|Shiii\n|c|\u2606benis_cult|Gg\n|\n|t:|1776634014\n|switch|p2a: Meowscarada|Meowscarada, L50, M|100/100\n|turn|6\n|c|\u2606A5h3r|ig so\n|c|\u2606A5h3r|ggs\n|c|\u2606A5h3r|so you see\n|c|\u2606A5h3r|how i ate that\n|\n|t:|1776634036\n|move|p2a: Meowscarada|Knock Off|p1b: Chandelure\n|-start|p2a: Meowscarada|typechange|Dark|[from] ability: Protean\n|-supereffective|p1b: Chandelure|1\n|-damage|p1b: Chandelure|0 fnt\n|faint|p1b: Chandelure\n|move|p1a: Torkoal|Weather Ball|p2a: Meowscarada\n|-damage|p2a: Meowscarada|0 fnt\n|faint|p2a: Meowscarada\n|\n|win|A5h3r\n|c|\u2606benis_cult|Uh huh\n|c|\u2606A5h3r|tuff\n|c|\u2606benis_cult|Smh\n|c|\u2606A5h3r|!data mega chandelure\n|c|\u2606A5h3r|/raw <div class=\"message\"><ul class=\"utilichart\"><li class=\"result\"><span class=\"col numcol\">OU</span> <span class=\"col iconcol\"><psicon pokemon=\"chandeluremega\"/></span> <span class=\"col pokemonnamecol\" style=\"white-space:nowrap\"><a href=\"https://dex.pokemonshowdown.com/pokemon/chandeluremega\" target=\"_blank\">Chandelure-Mega</a></span> <span class=\"col typecol\"><img src=\"https://play.pokemonshowdown.com/sprites/types/Ghost.png\" alt=\"Ghost\" height=\"14\" width=\"32\"><img src=\"https://play.pokemonshowdown.com/sprites/types/Fire.png\" alt=\"Fire\" height=\"14\" width=\"32\"></span> <span style=\"float:left;min-height:26px\"><span class=\"col abilitycol\">Infiltrator</span><span class=\"col abilitycol\"></span></span><span style=\"float:left;min-height:26px\"><span class=\"col statcol\"><em>HP</em><br />60</span> <span class=\"col statcol\"><em>Atk</em><br />75</span> <span class=\"col statcol\"><em>Def</em><br />110</span> <span class=\"col statcol\"><em>SpA</em><br />175</span> <span class=\"col statcol\"><em>SpD</em><br />110</span> <span class=\"col statcol\"><em>Spe</em><br />90</span> <span class=\"col bstcol\"><em>BST<br />620</em></span> </span></li><li style=\"clear:both\"></li></ul></div>\n\n|c|\u2606benis_cult|Anyways\n|c|\u2606benis_cult|Gay\n|c|\u2606A5h3r|tuff\n|c|\u2606benis_cult|\ud83d\ude12\ud83d\ude12\n|c|\u2606benis_cult|Lemme go\n|c|\u2606benis_cult|Do my ting\n|c|\u2606benis_cult|Steupssss\n|c|\u2606A5h3r|type\n|l|\u2606A5h3r\n|player|p1|\n|j|\u2606A5h3r\n|player|p1|A5h3r|alder|\n",
  "uploadtime": 1776634080,
  "views": 9,
  "formatid": "gen9championsvgc2026regma",
  "rating": null,
  "private": 0,
  "password": null
}