{
  "id": "gen9championsvgc2026regma-2587186539",
  "format": "[Gen 9 Champions] VGC 2026 Reg M-A",
  "players": [
    "ElvisTek96",
    "TheBallistic1"
  ],
  "log": "|j|\u2606ElvisTek96\n|j|\u2606TheBallistic1\n|t:|1776506043\n|gametype|doubles\n|player|p1|ElvisTek96|170|1115\n|player|p2|TheBallistic1|colress|1098\n|gen|9\n|tier|[Gen 9 Champions] VGC 2026 Reg M-A\n|rated|\n|rule|Species Clause: Limit one of each Pok\u00e9mon\n|rule|Item Clause: Limit 1 of each item\n|clearpoke\n|poke|p1|Heracross, L50, M|\n|poke|p1|Aerodactyl, L50, F|\n|poke|p1|Milotic, L50, M|\n|poke|p1|Rotom-Heat, L50|\n|poke|p1|Sneasler, L50, M|\n|poke|p1|Kingambit, L50, M|\n|poke|p2|Floette-Eternal, L50, F|\n|poke|p2|Sneasler, L50, F|\n|poke|p2|Milotic, L50, F|\n|poke|p2|Incineroar, L50, M|\n|poke|p2|Sinistcha, L50|\n|poke|p2|Aerodactyl, L50, F|\n|teampreview|4\n|\n|t:|1776506074\n|teamsize|p1|4\n|teamsize|p2|4\n|start\n|switch|p1a: Heracross|Heracross, L50, M|100/100\n|switch|p1b: Milotic|Milotic, L50, M|100/100\n|switch|p2a: Sneasler|Sneasler, L50, F|100/100\n|switch|p2b: Aerodactyl|Aerodactyl, L50, F|100/100\n|-ability|p2b: Aerodactyl|Unnerve\n|turn|1\n|\n|t:|1776506094\n|detailschange|p1a: Heracross|Heracross-Mega, L50, M\n|-mega|p1a: Heracross|Heracross|Heracronite\n|move|p1a: Heracross|Protect|p1a: Heracross\n|-singleturn|p1a: Heracross|Protect\n|move|p2a: Sneasler|Fake Out|p1b: Milotic\n|-crit|p1b: Milotic\n|-damage|p1b: Milotic|79/100\n|move|p2b: Aerodactyl|Dual Wingbeat|p1a: Heracross\n|-activate|p1a: Heracross|move: Protect\n|cant|p1b: Milotic|flinch\n|\n|-heal|p1b: Milotic|85/100|[from] item: Leftovers\n|upkeep\n|turn|2\n|\n|t:|1776506109\n|switch|p1a: Kingambit|Kingambit, L50, M|100/100\n|move|p2b: Aerodactyl|Dual Wingbeat|p1a: Kingambit\n|-resisted|p1a: Kingambit|1\n|-damage|p1a: Kingambit|93/100\n|-resisted|p1a: Kingambit|1\n|-damage|p1a: Kingambit|85/100\n|-hitcount|p1a: Kingambit|2\n|move|p2a: Sneasler|Dire Claw|p1b: Milotic\n|-damage|p1b: Milotic|42/100\n|move|p1b: Milotic|Icy Wind|p2b: Aerodactyl|[spread] p2a,p2b\n|-supereffective|p2b: Aerodactyl|1\n|-damage|p2a: Sneasler|85/100\n|-damage|p2b: Aerodactyl|67/100\n|-unboost|p2a: Sneasler|spe|1\n|-unboost|p2b: Aerodactyl|spe|1\n|-enditem|p2a: Sneasler|White Herb\n|-clearnegativeboost|p2a: Sneasler|[silent]\n|\n|-heal|p1b: Milotic|48/100|[from] item: Leftovers\n|upkeep\n|turn|3\n|\n|t:|1776506149\n|move|p1a: Kingambit|Sucker Punch|p2a: Sneasler\n|-resisted|p2a: Sneasler|1\n|-damage|p2a: Sneasler|53/100\n|move|p2a: Sneasler|Close Combat|p1a: Kingambit\n|-supereffective|p1a: Kingambit|2\n|-damage|p1a: Kingambit|0 fnt\n|-unboost|p2a: Sneasler|def|1\n|-unboost|p2a: Sneasler|spd|1\n|faint|p1a: Kingambit\n|-end|p1a: Kingambit|fallenundefined|[silent]\n|move|p2b: Aerodactyl|Dual Wingbeat|p1b: Milotic\n|-damage|p1b: Milotic|32/100\n|-damage|p1b: Milotic|14/100\n|-hitcount|p1b: Milotic|2\n|move|p1b: Milotic|Scald|p2b: Aerodactyl\n|-supereffective|p2b: Aerodactyl|1\n|-damage|p2b: Aerodactyl|0 fnt\n|faint|p2b: Aerodactyl\n|\n|-heal|p1b: Milotic|20/100|[from] item: Leftovers\n|upkeep\n|\n|t:|1776506167\n|switch|p2b: Incineroar|Incineroar, L50, M|100/100\n|switch|p1a: Heracross|Heracross-Mega, L50, M|100/100\n|-ability|p2b: Incineroar|Intimidate|boost\n|-unboost|p1a: Heracross|atk|1\n|-unboost|p1b: Milotic|atk|1\n|-ability|p1b: Milotic|Competitive|boost\n|-boost|p1b: Milotic|spa|2\n|turn|4\n|\n|t:|1776506184\n|switch|p1a: Sneasler|Sneasler, L50, M|100/100\n|-ability|p1a: Sneasler|Pressure\n|move|p1b: Milotic|Protect|p1b: Milotic\n|-singleturn|p1b: Milotic|Protect\n|move|p2b: Incineroar|Fake Out|p1a: Sneasler\n|-damage|p1a: Sneasler|73/100\n|move|p2a: Sneasler|U-turn|p1b: Milotic\n|-activate|p1b: Milotic|move: Protect\n|\n|-heal|p1b: Milotic|26/100|[from] item: Leftovers\n|upkeep\n|turn|5\n|\n|t:|1776506203\n|switch|p2b: Sinistcha|Sinistcha, L50|100/100\n|-heal|p2a: Sneasler|78/100|[from] ability: Hospitality|[of] p2b: Sinistcha\n|move|p1a: Sneasler|Fake Out|p2a: Sneasler\n|-damage|p2a: Sneasler|38/100\n|cant|p2a: Sneasler|flinch\n|move|p1b: Milotic|Scald|p2b: Sinistcha\n|-resisted|p2b: Sinistcha|1\n|-damage|p2b: Sinistcha|67/100\n|\n|-heal|p1b: Milotic|32/100|[from] item: Leftovers\n|upkeep\n|turn|6\n|\n|t:|1776506221\n|switch|p2a: Incineroar|Incineroar, L50, M|100/100\n|-ability|p2a: Incineroar|Intimidate|boost\n|-unboost|p1a: Sneasler|atk|1\n|-unboost|p1b: Milotic|atk|1\n|-ability|p1b: Milotic|Competitive|boost\n|-boost|p1b: Milotic|spa|2\n|move|p1a: Sneasler|Close Combat|p2a: Incineroar\n|-supereffective|p2a: Incineroar|1\n|-damage|p2a: Incineroar|13/100\n|-unboost|p1a: Sneasler|def|1\n|-unboost|p1a: Sneasler|spd|1\n|-enditem|p2a: Incineroar|Sitrus Berry|[eat]\n|-heal|p2a: Incineroar|38/100|[from] item: Sitrus Berry\n|move|p1b: Milotic|Icy Wind|p2a: Incineroar|[spread] p2a,p2b\n|-resisted|p2a: Incineroar|1\n|-supereffective|p2b: Sinistcha|1\n|-damage|p2a: Incineroar|22/100\n|-damage|p2b: Sinistcha|0 fnt\n|-unboost|p2a: Incineroar|spe|1\n|faint|p2b: Sinistcha\n|\n|-heal|p1b: Milotic|37/100|[from] item: Leftovers\n|upkeep\n|\n|t:|1776506235\n|switch|p2b: Sneasler|Sneasler, L50, F|38/100\n|turn|7\n|\n|t:|1776506249\n|move|p2b: Sneasler|Fake Out|p1a: Sneasler\n|-damage|p1a: Sneasler|30/100\n|move|p2a: Incineroar|Fake Out|p1b: Milotic\n|-damage|p1b: Milotic|24/100\n|cant|p1a: Sneasler|flinch\n|cant|p1b: Milotic|flinch\n|\n|-heal|p1b: Milotic|30/100|[from] item: Leftovers\n|upkeep\n|turn|8\n|\n|t:|1776506263\n|move|p2b: Sneasler|Dire Claw|p1a: Sneasler\n|-resisted|p1a: Sneasler|1\n|-damage|p1a: Sneasler|0 fnt\n|faint|p1a: Sneasler\n|move|p1b: Milotic|Icy Wind|p2a: Incineroar|[spread] p2b\n|-miss|p1b: Milotic|p2a: Incineroar\n|-damage|p2b: Sneasler|0 fnt\n|faint|p2b: Sneasler\n|move|p2a: Incineroar|Darkest Lariat|p1b: Milotic\n|-damage|p1b: Milotic|0 fnt\n|faint|p1b: Milotic\n|\n|upkeep\n|\n|t:|1776506276\n|switch|p1a: Heracross|Heracross-Mega, L50, M|100/100\n|turn|9\n|\n|t:|1776506282\n|move|p1a: Heracross|Pin Missile|p2a: Incineroar\n|-damage|p2a: Incineroar|3/100\n|-damage|p2a: Incineroar|0 fnt\n|faint|p2a: Incineroar\n|-hitcount|p2: Incineroar|2\n|\n|win|ElvisTek96\n|raw|ElvisTek96's rating: 1115 &rarr; <strong>1139</strong><br />(+24 for winning)\n|raw|TheBallistic1's rating: 1098 &rarr; <strong>1075</strong><br />(-23 for losing)\n",
  "uploadtime": 1776506285,
  "views": 12,
  "formatid": "gen9championsvgc2026regma",
  "rating": 1075,
  "private": 0,
  "password": null
}