{
  "id": "gen9championsvgc2026regma-2589576634",
  "format": "[Gen 9 Champions] VGC 2026 Reg M-A",
  "players": [
    "lakhrahnaz",
    "kynzE_15"
  ],
  "log": "|j|\u2606lakhrahnaz\n|j|\u2606kynzE_15\n|t:|1776735695\n|gametype|doubles\n|player|p1|lakhrahnaz|266|1153\n|player|p2|kynzE_15|swimmer-gen4|1220\n|gen|9\n|tier|[Gen 9 Champions] VGC 2026 Reg M-A\n|rated|\n|rule|Species Clause: Limit one of each Pok\u00e9mon\n|rule|Item Clause: Limit 1 of each item\n|clearpoke\n|poke|p1|Meganium, L50, M|\n|poke|p1|Aerodactyl, L50, F|\n|poke|p1|Tauros-Paldea-Aqua, L50, M|\n|poke|p1|Archaludon, L50, M|\n|poke|p1|Typhlosion-Hisui, L50, M|\n|poke|p1|Kangaskhan, L50, F|\n|poke|p2|Sneasler, L50, M|\n|poke|p2|Tyranitar, L50, F|\n|poke|p2|Basculegion, L50, M|\n|poke|p2|Garchomp, L50, F|\n|poke|p2|Corviknight, L50, F|\n|poke|p2|Sinistcha, L50|\n|teampreview|4\nkynzE_15 rejected open team sheets.\n|\n|t:|1776735757\n|teamsize|p1|4\n|teamsize|p2|4\n|start\n|switch|p1a: Aerodactyl|Aerodactyl, L50, F|100/100\n|switch|p1b: Tauros|Tauros-Paldea-Aqua, L50, M|100/100\n|switch|p2a: Sneasler|Sneasler, L50, M|100/100\n|switch|p2b: Tyranitar|Tyranitar, L50, F|100/100\n|-ability|p1a: Aerodactyl|Unnerve\n|-ability|p1b: Tauros|Intimidate|boost\n|-unboost|p2a: Sneasler|atk|1\n|-unboost|p2b: Tyranitar|atk|1\n|-weather|Sandstorm|[from] ability: Sand Stream|[of] p2b: Tyranitar\n|-enditem|p2a: Sneasler|White Herb\n|-clearnegativeboost|p2a: Sneasler|[silent]\n|turn|1\n|\n|t:|1776735787\n|switch|p2b: Basculegion|Basculegion, L50, M|100/100\n|move|p1a: Aerodactyl|Protect|p1a: Aerodactyl\n|-singleturn|p1a: Aerodactyl|Protect\n|move|p2a: Sneasler|Fake Out|p1a: Aerodactyl\n|-activate|p1a: Aerodactyl|move: Protect\n|move|p1b: Tauros|Wave Crash|p2a: Sneasler\n|-damage|p2a: Sneasler|1/100\n|-damage|p1b: Tauros|67/100|[from] Recoil\n|\n|-weather|Sandstorm|[upkeep]\n|-damage|p2a: Sneasler|0 fnt|[from] Sandstorm\n|-damage|p1b: Tauros|61/100|[from] Sandstorm\n|-damage|p2b: Basculegion|94/100|[from] Sandstorm\n|faint|p2a: Sneasler\n|upkeep\n|\n|t:|1776735808\n|switch|p2a: Corviknight|Corviknight, L50, F|100/100\n|turn|2\n|\n|t:|1776735845\n|move|p1a: Aerodactyl|Tailwind|p1a: Aerodactyl\n|-sidestart|p1: lakhrahnaz|move: Tailwind\n|move|p1b: Tauros|Wave Crash|p2a: Corviknight\n|-damage|p2a: Corviknight|52/100\n|-damage|p1b: Tauros|39/100|[from] Recoil\n|move|p2b: Basculegion|Wave Crash|p1a: Aerodactyl\n|-supereffective|p1a: Aerodactyl|1\n|-enditem|p1a: Aerodactyl|Focus Sash\n|-damage|p1a: Aerodactyl|1/100\n|-damage|p2b: Basculegion|68/100|[from] Recoil\n|move|p2a: Corviknight|Bulk Up|p2a: Corviknight\n|-boost|p2a: Corviknight|atk|1\n|-boost|p2a: Corviknight|def|1\n|\n|-weather|Sandstorm|[upkeep]\n|-damage|p1b: Tauros|33/100|[from] Sandstorm\n|-damage|p2b: Basculegion|62/100|[from] Sandstorm\n|-heal|p2a: Corviknight|58/100|[from] item: Leftovers\n|upkeep\n|turn|3\n|\n|t:|1776735871\n|move|p2b: Basculegion|Aqua Jet|p1a: Aerodactyl\n|-supereffective|p1a: Aerodactyl|1\n|-damage|p1a: Aerodactyl|0 fnt\n|faint|p1a: Aerodactyl\n|move|p1b: Tauros|Wave Crash|p2a: Corviknight\n|-damage|p2a: Corviknight|23/100\n|-damage|p1b: Tauros|18/100|[from] Recoil\n|move|p2a: Corviknight|Roost|p2a: Corviknight\n|-heal|p2a: Corviknight|74/100\n|-singleturn|p2a: Corviknight|move: Roost\n|\n|-weather|Sandstorm|[upkeep]\n|-damage|p1b: Tauros|12/100|[from] Sandstorm\n|-damage|p2b: Basculegion|56/100|[from] Sandstorm\n|-heal|p2a: Corviknight|80/100|[from] item: Leftovers\n|upkeep\n|\n|t:|1776735887\n|switch|p1a: Meganium|Meganium, L50, M|100/100\n|turn|4\n|\n|t:|1776735909\n|detailschange|p1a: Meganium|Meganium-Mega, L50, M\n|-mega|p1a: Meganium|Meganium|Meganiumite\n|move|p1b: Tauros|Protect|p1b: Tauros\n|-singleturn|p1b: Tauros|Protect\n|move|p2b: Basculegion|Protect|p2b: Basculegion\n|-singleturn|p2b: Basculegion|Protect\n|move|p1a: Meganium|Weather Ball|p2a: Corviknight\n|-supereffective|p2a: Corviknight|1\n|-damage|p2a: Corviknight|0 fnt\n|faint|p2a: Corviknight\n|\n|-weather|Sandstorm|[upkeep]\n|-damage|p1b: Tauros|6/100|[from] Sandstorm\n|-damage|p1a: Meganium|95/100|[from] Sandstorm\n|-damage|p2b: Basculegion|50/100|[from] Sandstorm\n|upkeep\n|\n|t:|1776735923\n|switch|p2a: Tyranitar|Tyranitar, L50, F|100/100\n|turn|5\n|\n|t:|1776735938\n|detailschange|p2a: Tyranitar|Tyranitar-Mega, L50, F\n|-mega|p2a: Tyranitar|Tyranitar|Tyranitarite\n|move|p2b: Basculegion|Aqua Jet|p1b: Tauros\n|-resisted|p1b: Tauros|1\n|-crit|p1b: Tauros\n|-damage|p1b: Tauros|0 fnt\n|faint|p1b: Tauros\n|move|p1a: Meganium|Solar Beam||[still]\n|-prepare|p1a: Meganium|Solar Beam\n|-activate|p1a: Meganium|ability: Mega Sol\n|-anim|p1a: Meganium|Solar Beam|p2b: Basculegion\n|-supereffective|p2b: Basculegion|1\n|-damage|p2b: Basculegion|0 fnt\n|faint|p2b: Basculegion\n|move|p2a: Tyranitar|Ice Punch|p1a: Meganium\n|-supereffective|p1a: Meganium|1\n|-damage|p1a: Meganium|35/100\n|\n|-weather|none\n|-sideend|p1: lakhrahnaz|move: Tailwind\n|upkeep\n|\n|t:|1776735955\n|switch|p1b: Archaludon|Archaludon, L50, M|100/100\n|turn|6\n|\n|t:|1776735964\n|move|p1b: Archaludon|Steel Beam|p2a: Tyranitar\n|-supereffective|p2a: Tyranitar|1\n|-damage|p2a: Tyranitar|0 fnt\n|-damage|p1b: Archaludon|50/100|[from] steelbeam\n|faint|p2a: Tyranitar\n|\n|win|lakhrahnaz\n|raw|lakhrahnaz's rating: 1153 &rarr; <strong>1183</strong><br />(+30 for winning)\n|raw|kynzE_15's rating: 1220 &rarr; <strong>1190</strong><br />(-30 for losing)\n|l|\u2606kynzE_15\n|player|p2|\n",
  "uploadtime": 1776735975,
  "views": 3,
  "formatid": "gen9championsvgc2026regma",
  "rating": 1183,
  "private": 0,
  "password": null
}