{
  "id": "gen9championsvgc2026regma-2581295418",
  "format": "[Gen 9 Champions] VGC 2026 Reg M-A",
  "players": [
    "ossaketip",
    "iiApreachless"
  ],
  "log": "|j|\u2606ossaketip\n|j|\u2606iiApreachless\n|t:|1775982750\n|gametype|doubles\n|player|p1|ossaketip|fantina|1275\n|player|p2|iiApreachless|1|1371\n|gen|9\n|tier|[Gen 9 Champions] VGC 2026 Reg M-A\n|rated|\n|rule|Species Clause: Limit one of each Pok\u00e9mon\n|rule|Item Clause: Limit 1 of each item\n|clearpoke\n|poke|p1|Snorlax, L50, F|\n|poke|p1|Oranguru, L50, F|\n|poke|p1|Torkoal, L50, F|\n|poke|p1|Tyranitar, L50, F|\n|poke|p1|Excadrill, L50, F|\n|poke|p1|Gallade, L50, M|\n|poke|p2|Incineroar, L50, F|\n|poke|p2|Sneasler, L50, F|\n|poke|p2|Charizard, L50, M|\n|poke|p2|Whimsicott, L50, F|\n|poke|p2|Garchomp, L50, M|\n|poke|p2|Venusaur, L50, M|\n|teampreview|4\n|\n|t:|1775982782\n|teamsize|p1|4\n|teamsize|p2|4\n|start\n|switch|p1a: Snorlax|Snorlax, L50, F|100/100\n|switch|p1b: Oranguru|Oranguru, L50, F|100/100\n|switch|p2a: Garchomp|Garchomp, L50, M|100/100\n|switch|p2b: Charizard|Charizard, L50, M|100/100\n|turn|1\n|\n|t:|1775982798\n|detailschange|p2b: Charizard|Charizard-Mega-Y, L50, M\n|-mega|p2b: Charizard|Charizard|Charizardite Y\n|-weather|SunnyDay|[from] ability: Drought|[of] p2b: Charizard\n|move|p2a: Garchomp|Earthquake|p1a: Snorlax|[spread] p1a,p1b\n|-immune|p2b: Charizard\n|-damage|p1a: Snorlax|65/100\n|-damage|p1b: Oranguru|63/100\n|move|p2b: Charizard|Weather Ball|p1b: Oranguru\n|-damage|p1b: Oranguru|0 fnt\n|faint|p1b: Oranguru\n|move|p1a: Snorlax|Self-Destruct|p2b: Charizard|[spread] p2a,p2b\n|-damage|p2a: Garchomp|10/100\n|-damage|p2b: Charizard|0 fnt\n|faint|p1a: Snorlax\n|faint|p2b: Charizard\n|\n|-weather|SunnyDay|[upkeep]\n|upkeep\n|\n|t:|1775982817\n|switch|p2b: Incineroar|Incineroar, L50, F|100/100\n|switch|p1b: Gallade|Gallade, L50, M|100/100\n|switch|p1a: Tyranitar|Tyranitar, L50, F|100/100\n|-weather|Sandstorm|[from] ability: Sand Stream|[of] p1a: Tyranitar\n|-ability|p2b: Incineroar|Intimidate|boost\n|-unboost|p1a: Tyranitar|atk|1\n|-unboost|p1b: Gallade|atk|1\n|-enditem|p1b: Gallade|White Herb\n|-clearnegativeboost|p1b: Gallade|[silent]\n|turn|2\n|\n|t:|1775982834\n|switch|p2b: Whimsicott|Whimsicott, L50, F|100/100\n|move|p2a: Garchomp|Protect|p2a: Garchomp\n|-singleturn|p2a: Garchomp|Protect\n|move|p1a: Tyranitar|Rock Slide|p2b: Whimsicott|[spread] p2b\n|-activate|p2a: Garchomp|move: Protect\n|-damage|p2b: Whimsicott|81/100\n|move|p1b: Gallade|Trick Room|p1b: Gallade\n|-fieldstart|move: Trick Room|[of] p1b: Gallade\n|\n|-weather|Sandstorm|[upkeep]\n|-damage|p1b: Gallade|95/100|[from] Sandstorm\n|-damage|p2b: Whimsicott|75/100|[from] Sandstorm\n|upkeep\n|turn|3\n|j| gE1xjZRtuhW2DdT0AK\n|\n|t:|1775982851\n|switch|p2a: Incineroar|Incineroar, L50, F|100/100\n|-ability|p2a: Incineroar|Intimidate|boost\n|-unboost|p1a: Tyranitar|atk|1\n|-unboost|p1b: Gallade|atk|1\n|move|p2b: Whimsicott|Encore|p1b: Gallade\n|-start|p1b: Gallade|Encore\n|move|p1a: Tyranitar|Rock Slide|p2b: Whimsicott|[spread] p2a\n|-miss|p1a: Tyranitar|p2b: Whimsicott\n|-supereffective|p2a: Incineroar|1\n|-damage|p2a: Incineroar|74/100\n|move|p1b: Gallade|Trick Room|p1b: Gallade\n|-fieldend|move: Trick Room\n|\n|-weather|Sandstorm|[upkeep]\n|-damage|p2b: Whimsicott|69/100|[from] Sandstorm\n|-damage|p1b: Gallade|89/100|[from] Sandstorm\n|-damage|p2a: Incineroar|68/100|[from] Sandstorm\n|upkeep\n|turn|4\n|\n|t:|1775982870\n|detailschange|p1a: Tyranitar|Tyranitar-Mega, L50, F\n|-mega|p1a: Tyranitar|Tyranitar|Tyranitarite\n|move|p2b: Whimsicott|Sunny Day|p2b: Whimsicott\n|-weather|SunnyDay\n|move|p1a: Tyranitar|Rock Slide|p2a: Incineroar|[spread] p2a,p2b\n|-supereffective|p2a: Incineroar|1\n|-crit|p2a: Incineroar\n|-damage|p2a: Incineroar|0 fnt\n|-damage|p2b: Whimsicott|53/100\n|faint|p2a: Incineroar\n|move|p1b: Gallade|Trick Room|p1b: Gallade\n|-fieldstart|move: Trick Room|[of] p1b: Gallade\n|\n|-weather|SunnyDay|[upkeep]\n|upkeep\n|\n|t:|1775982882\n|switch|p2a: Garchomp|Garchomp, L50, M|10/100\n|turn|5\n|\n|t:|1775982891\n|move|p2a: Garchomp|Protect|p2a: Garchomp\n|-singleturn|p2a: Garchomp|Protect\n|move|p1a: Tyranitar|Ice Punch|p2b: Whimsicott\n|-supereffective|p2b: Whimsicott|1\n|-crit|p2b: Whimsicott\n|-damage|p2b: Whimsicott|0 fnt\n|faint|p2b: Whimsicott\n|move|p1b: Gallade|Trick Room|p1b: Gallade\n|-fieldend|move: Trick Room\n|\n|-weather|SunnyDay|[upkeep]\n|-end|p1b: Gallade|Encore\n|upkeep\n|turn|6\n|\n|t:|1775982901\n|move|p1b: Gallade|Wide Guard|p1b: Gallade\n|-singleturn|p1b: Gallade|Wide Guard\n|move|p2a: Garchomp|Earthquake|p1a: Tyranitar|[spread] \n|-activate|p1a: Tyranitar|move: Wide Guard\n|-activate|p1b: Gallade|move: Wide Guard\n|move|p1a: Tyranitar|Ice Punch|p2a: Garchomp\n|-supereffective|p2a: Garchomp|2\n|-damage|p2a: Garchomp|0 fnt\n|-damage|p1a: Tyranitar|88/100|[from] ability: Rough Skin|[of] p2a: Garchomp\n|faint|p2a: Garchomp\n|\n|win|ossaketip\n|raw|ossaketip's rating: 1275 &rarr; <strong>1307</strong><br />(+32 for winning)\n|raw|iiApreachless's rating: 1371 &rarr; <strong>1346</strong><br />(-25 for losing)\n|l|\u2606iiApreachless\n|player|p2|\n|l|\u2606ossaketip\n|player|p1|\n",
  "uploadtime": 1775982927,
  "views": 30,
  "formatid": "gen9championsvgc2026regma",
  "rating": 1307,
  "private": 0,
  "password": null
}