{
  "id": "gen9championsvgc2026regma-2582938846",
  "format": "[Gen 9 Champions] VGC 2026 Reg M-A",
  "players": [
    "vuclump",
    "UnloshTheWash"
  ],
  "log": "|j|\u2606vuclump\n|j|\u203dUnloshTheWash\n|t:|1776126742\n|gametype|doubles\n|player|p1|vuclump|preschooler|1166\n|player|p2|UnloshTheWash|red|1230\n|gen|9\n|tier|[Gen 9 Champions] VGC 2026 Reg M-A\n|rated|\n|rule|Species Clause: Limit one of each Pok\u00e9mon\n|rule|Item Clause: Limit 1 of each item\n|clearpoke\n|poke|p1|Sinistcha, L50|\n|poke|p1|Crabominable, L50, F|\n|poke|p1|Farigiraf, L50, M|\n|poke|p1|Maushold, L50|\n|poke|p1|Hatterene, L50, F|\n|poke|p1|Torkoal, L50, F|\n|poke|p2|Delphox, L50, F|\n|poke|p2|Mamoswine, L50, F|\n|poke|p2|Orthworm, L50, F|\n|poke|p2|Rotom-Wash, L50|\n|poke|p2|Maushold-Four, L50|\n|poke|p2|Sneasler, L50, M|\n|teampreview|4\n|\n|t:|1776126760\n|teamsize|p1|4\n|teamsize|p2|4\n|start\n|switch|p1a: Farigiraf|Farigiraf, L50, M|100/100\n|switch|p1b: Crabominable|Crabominable, L50, F|100/100\n|switch|p2a: Orthworm|Orthworm, L50, F|100/100\n|switch|p2b: Mamoswine|Mamoswine, L50, F|100/100\n|turn|1\n|inactive|Battle timer is ON: inactive players will automatically lose when time's up. (requested by vuclump)\n|\n|t:|1776126774\n|detailschange|p1b: Crabominable|Crabominable-Mega, L50, F\n|-mega|p1b: Crabominable|Crabominable|Crabominite\n|move|p1a: Farigiraf|Helping Hand|p1b: Crabominable\n|-singleturn|p1b: Crabominable|Helping Hand|[of] p1a: Farigiraf\n|move|p2b: Mamoswine|Earthquake|p1a: Farigiraf|[spread] p1a,p1b\n|-immune|p2a: Orthworm|[from] ability: Earth Eater\n|-damage|p1a: Farigiraf|55/100\n|-damage|p1b: Crabominable|71/100\n|move|p2a: Orthworm|Shed Tail|p2a: Orthworm\n|-start|p2a: Orthworm|Substitute|[from] move: Shed Tail\n|-damage|p2a: Orthworm|50/100\n|-enditem|p2a: Orthworm|Sitrus Berry|[eat]\n|-heal|p2a: Orthworm|75/100|[from] item: Sitrus Berry\n|\n|t:|1776126786\n|switch|p2a: Delphox|Delphox, L50, F|100/100|[from] Shed Tail\n|move|p1b: Crabominable|Drain Punch|p2a: Delphox\n|-resisted|p2a: Delphox|1\n|-end|p2a: Delphox|Substitute\n|-heal|p1b: Crabominable|82/100|[from] drain|[of] p2a: Delphox\n|\n|upkeep\n|turn|2\n|\n|t:|1776126797\n|switch|p1b: Sinistcha|Sinistcha, L50|100/100\n|-heal|p1a: Farigiraf|80/100|[from] ability: Hospitality|[of] p1b: Sinistcha\n|detailschange|p2a: Delphox|Delphox-Mega, L50, F\n|-mega|p2a: Delphox|Delphox|Delphoxite\n|move|p2a: Delphox|Heat Wave|p1b: Sinistcha|[spread] p1b\n|-miss|p2a: Delphox|p1a: Farigiraf\n|-supereffective|p1b: Sinistcha|1\n|-enditem|p1b: Sinistcha|Occa Berry|[eat]\n|-enditem|p1b: Sinistcha|Occa Berry|[weaken]\n|-damage|p1b: Sinistcha|59/100\n|move|p2b: Mamoswine|Earthquake|p1b: Sinistcha|[spread] p1a,p1b\n|-immune|p2a: Delphox|[from] ability: Levitate\n|-resisted|p1b: Sinistcha|1\n|-damage|p1a: Farigiraf|39/100\n|-damage|p1b: Sinistcha|45/100\n|move|p1a: Farigiraf|Trick Room|p1a: Farigiraf\n|-fieldstart|move: Trick Room|[of] p1a: Farigiraf\n|\n|upkeep\n|turn|3\n|\n|t:|1776126817\n|switch|p2a: Orthworm|Orthworm, L50, F|75/100\n|move|p2b: Mamoswine|Protect|p2b: Mamoswine\n|-singleturn|p2b: Mamoswine|Protect\n|move|p1a: Farigiraf|Psychic|p2a: Orthworm\n|-resisted|p2a: Orthworm|1\n|-damage|p2a: Orthworm|57/100\n|move|p1b: Sinistcha|Strength Sap|p2b: Mamoswine\n|-activate|p2b: Mamoswine|move: Protect\n|\n|upkeep\n|turn|4\n|\n|t:|1776126834\n|switch|p1a: Crabominable|Crabominable-Mega, L50, F|82/100\n|move|p1b: Sinistcha|Matcha Gotcha|p2b: Mamoswine|[spread] p2a\n|-miss|p1b: Sinistcha|p2b: Mamoswine\n|-resisted|p2a: Orthworm|1\n|-damage|p2a: Orthworm|43/100\n|-heal|p1b: Sinistcha|52/100|[from] drain|[of] p2a: Orthworm\n|move|p2a: Orthworm|Heavy Slam|p1b: Sinistcha\n|-damage|p1b: Sinistcha|27/100\n|move|p2b: Mamoswine|Earthquake|p1b: Sinistcha|[spread] p1a,p1b\n|-heal|p2a: Orthworm|68/100|[from] ability: Earth Eater|[of] p2b: Mamoswine\n|-resisted|p1b: Sinistcha|1\n|-damage|p1a: Crabominable|49/100\n|-damage|p1b: Sinistcha|13/100\n|\n|upkeep\n|turn|5\n|\n|t:|1776126858\n|move|p2a: Orthworm|Protect|p2a: Orthworm\n|-singleturn|p2a: Orthworm|Protect\n|move|p2b: Mamoswine|Protect|p2b: Mamoswine\n|-singleturn|p2b: Mamoswine|Protect\n|move|p1a: Crabominable|Drain Punch|p2a: Orthworm\n|-activate|p2a: Orthworm|move: Protect\n|move|p1b: Sinistcha|Strength Sap|p2b: Mamoswine\n|-activate|p2b: Mamoswine|move: Protect\n|\n|upkeep\n|turn|6\n|\n|t:|1776126872\n|switch|p2a: Delphox|Delphox-Mega, L50, F|100/100\n|switch|p2b: Maushold|Maushold-Four, L50|100/100\n|move|p1a: Crabominable|Drain Punch|p2b: Maushold\n|-supereffective|p2b: Maushold|1\n|-enditem|p2b: Maushold|Chople Berry|[eat]\n|-enditem|p2b: Maushold|Chople Berry|[weaken]\n|-damage|p2b: Maushold|44/100\n|-heal|p1a: Crabominable|75/100|[from] drain|[of] p2b: Maushold\n|move|p1b: Sinistcha|Strength Sap|p2a: Delphox\n|-unboost|p2a: Delphox|atk|1\n|-heal|p1b: Sinistcha|65/100\n|\n|-fieldend|move: Trick Room\n|upkeep\n|turn|7\n|\n|t:|1776126890\n|move|p1a: Crabominable|Protect|p1a: Crabominable\n|-singleturn|p1a: Crabominable|Protect\n|move|p2b: Maushold|Follow Me|p2b: Maushold\n|-singleturn|p2b: Maushold|move: Follow Me\n|move|p2a: Delphox|Heat Wave|p1b: Sinistcha|[spread] \n|-activate|p1a: Crabominable|move: Protect\n|-miss|p2a: Delphox|p1b: Sinistcha\n|move|p1b: Sinistcha|Trick Room|p1b: Sinistcha\n|-fieldstart|move: Trick Room|[of] p1b: Sinistcha\n|\n|upkeep\n|turn|8\n|\n|t:|1776126911\n|switch|p1b: Farigiraf|Farigiraf, L50, M|39/100\n|move|p2b: Maushold|Protect|p2b: Maushold\n|-singleturn|p2b: Maushold|Protect\n|move|p1a: Crabominable|Drain Punch|p2b: Maushold\n|-activate|p2b: Maushold|move: Protect\n|move|p2a: Delphox|Nasty Plot|p2a: Delphox\n|-boost|p2a: Delphox|spa|2\n|\n|upkeep\n|turn|9\n|\n|t:|1776126942\n|move|p1a: Crabominable|Protect|p1a: Crabominable\n|-singleturn|p1a: Crabominable|Protect\n|move|p2b: Maushold|Follow Me|p2b: Maushold\n|-singleturn|p2b: Maushold|move: Follow Me\n|move|p1b: Farigiraf|Psychic|p2b: Maushold\n|-damage|p2b: Maushold|8/100\n|move|p2a: Delphox|Heat Wave|p1a: Crabominable|[spread] p1b\n|-activate|p1a: Crabominable|move: Protect\n|-damage|p1b: Farigiraf|0 fnt\n|faint|p1b: Farigiraf\n|\n|upkeep\n|\n|t:|1776126960\n|switch|p1b: Torkoal|Torkoal, L50, F|100/100\n|-weather|SunnyDay|[from] ability: Drought|[of] p1b: Torkoal\n|turn|10\n|\n|t:|1776126975\n|move|p2b: Maushold|Protect|p2b: Maushold\n|-singleturn|p2b: Maushold|Protect\n|move|p2a: Delphox|Protect|p2a: Delphox\n|-singleturn|p2a: Delphox|Protect\n|move|p1b: Torkoal|Eruption|p2a: Delphox|[spread] \n|-activate|p2a: Delphox|move: Protect\n|-activate|p2b: Maushold|move: Protect\n|move|p1a: Crabominable|Ice Hammer|p2a: Delphox\n|-activate|p2a: Delphox|move: Protect\n|\n|-weather|SunnyDay|[upkeep]\n|upkeep\n|turn|11\n|\n|t:|1776126992\n|move|p2b: Maushold|Follow Me|p2b: Maushold\n|-singleturn|p2b: Maushold|move: Follow Me\n|move|p1b: Torkoal|Eruption|p2b: Maushold|[spread] p2a,p2b\n|-resisted|p2a: Delphox|1\n|-crit|p2b: Maushold\n|-damage|p2a: Delphox|72/100\n|-damage|p2b: Maushold|0 fnt\n|faint|p2b: Maushold\n|move|p1a: Crabominable|Ice Hammer|p2a: Delphox\n|-resisted|p2a: Delphox|1\n|-damage|p2a: Delphox|16/100\n|-unboost|p1a: Crabominable|spe|1\n|move|p2a: Delphox|Heat Wave|p1a: Crabominable|[spread] p1a,p1b\n|-supereffective|p1a: Crabominable|1\n|-resisted|p1b: Torkoal|1\n|-damage|p1a: Crabominable|0 fnt\n|-damage|p1b: Torkoal|23/100\n|faint|p1a: Crabominable\n|\n|-weather|SunnyDay|[upkeep]\n|-fieldend|move: Trick Room\n|upkeep\n|\n|t:|1776127002\n|switch|p2b: Mamoswine|Mamoswine, L50, F|100/100\n|switch|p1a: Sinistcha|Sinistcha, L50|65/100\n|-heal|p1b: Torkoal|47/100|[from] ability: Hospitality|[of] p1a: Sinistcha\n|turn|12\n|\n|t:|1776127008\n|move|p1b: Torkoal|Protect|p1b: Torkoal\n|-singleturn|p1b: Torkoal|Protect\n|move|p2a: Delphox|Psychic|p1a: Sinistcha\n|-damage|p1a: Sinistcha|0 fnt\n|faint|p1a: Sinistcha\n|move|p2b: Mamoswine|Earthquake|p1b: Torkoal|[spread] \n|-activate|p1b: Torkoal|move: Protect\n|-immune|p2a: Delphox|[from] ability: Levitate\n|\n|-weather|SunnyDay|[upkeep]\n|upkeep\n|turn|13\n|-message|vuclump forfeited.\n|\n|win|UnloshTheWash\n|raw|vuclump's rating: 1166 &rarr; <strong>1146</strong><br />(-20 for losing)\n|raw|UnloshTheWash's rating: 1230 &rarr; <strong>1250</strong><br />(+20 for winning)\n|l|\u2606vuclump\n|player|p1|\n",
  "uploadtime": 1776127015,
  "views": 20,
  "formatid": "gen9championsvgc2026regma",
  "rating": 1146,
  "private": 0,
  "password": null
}