{
  "id": "gen9championsvgc2026regma-2585780187",
  "format": "[Gen 9 Champions] VGC 2026 Reg M-A",
  "players": [
    "Yeatlover20",
    "benjiapollo"
  ],
  "log": "|j|\u2606Yeatlover20\n|j|\u2606benjiapollo\n|t:|1776370103\n|gametype|doubles\n|player|p1|Yeatlover20|2|1536\n|player|p2|benjiapollo|giovanni|1441\n|gen|9\n|tier|[Gen 9 Champions] VGC 2026 Reg M-A\n|rated|\n|rule|Species Clause: Limit one of each Pok\u00e9mon\n|rule|Item Clause: Limit 1 of each item\n|clearpoke\n|poke|p1|Pelipper, L50, F|\n|poke|p1|Farigiraf, L50, F|\n|poke|p1|Aegislash, L50, F|\n|poke|p1|Incineroar, L50, F|\n|poke|p1|Kingambit, L50, M|\n|poke|p1|Meganium, L50, M|\n|poke|p2|Basculegion, L50, M|\n|poke|p2|Charizard, L50, M|\n|poke|p2|Kingambit, L50, M|\n|poke|p2|Sneasler, L50, F|\n|poke|p2|Venusaur, L50, M|\n|poke|p2|Talonflame, L50, M|\n|teampreview|4\n|inactive|Battle timer is ON: inactive players will automatically lose when time's up. (requested by Yeatlover20)\n|\n|t:|1776370129\n|teamsize|p1|4\n|teamsize|p2|4\n|start\n|switch|p1a: Farigiraf|Farigiraf, L50, F, shiny|100/100\n|switch|p1b: Pelipper|Pelipper, L50, F, shiny|100/100\n|switch|p2a: Talonflame|Talonflame, L50, M|100/100\n|switch|p2b: Kingambit|Kingambit, L50, M|100/100\n|-weather|RainDance|[from] ability: Drizzle|[of] p1b: Pelipper\n|turn|1\n|j| sileshar\n|\n|t:|1776370156\n|move|p2a: Talonflame|Tailwind|p2a: Talonflame\n|-sidestart|p2: benjiapollo|move: Tailwind\n|move|p2b: Kingambit|Kowtow Cleave|p1a: Farigiraf\n|-supereffective|p1a: Farigiraf|1\n|-damage|p1a: Farigiraf|0 fnt\n|faint|p1a: Farigiraf\n|move|p1b: Pelipper|Weather Ball|p2b: Kingambit\n|-damage|p2b: Kingambit|32/100\n|\n|-weather|RainDance|[upkeep]\n|upkeep\n|\n|t:|1776370166\n|switch|p1a: Meganium|Meganium, L50, M, shiny|100/100\n|turn|2\n|j| GentleH\n|j| slqvit\n|\n|t:|1776370186\n|detailschange|p1a: Meganium|Meganium-Mega, L50, M, shiny\n|-mega|p1a: Meganium|Meganium|Meganiumite\n|move|p1a: Meganium|Protect|p1a: Meganium\n|-singleturn|p1a: Meganium|Protect\n|move|p2a: Talonflame|Brave Bird|p1a: Meganium\n|-activate|p1a: Meganium|move: Protect\n|move|p2b: Kingambit|Kowtow Cleave|p1b: Pelipper\n|-damage|p1b: Pelipper|37/100\n|move|p1b: Pelipper|Muddy Water|p2b: Kingambit|[spread] p2b\n|-miss|p1b: Pelipper|p2a: Talonflame\n|-damage|p2b: Kingambit|0 fnt\n|faint|p2b: Kingambit\n|\n|-weather|RainDance|[upkeep]\n|upkeep\n|\n|t:|1776370200\n|switch|p2b: Sneasler|Sneasler, L50, F|100/100\n|turn|3\n|l| GentleH\n|\n|t:|1776370211\n|switch|p1a: Incineroar|Incineroar, L50, F, shiny|100/100\n|-ability|p1a: Incineroar|Intimidate|boost\n|-unboost|p2a: Talonflame|atk|1\n|-unboost|p2b: Sneasler|atk|1\n|-enditem|p2b: Sneasler|White Herb\n|-clearnegativeboost|p2b: Sneasler|[silent]\n|move|p2a: Talonflame|Brave Bird|p1b: Pelipper\n|-damage|p1b: Pelipper|3/100\n|-damage|p2a: Talonflame|88/100|[from] Recoil\n|move|p2b: Sneasler|Dire Claw|p1a: Incineroar\n|-damage|p1a: Incineroar|59/100\n|move|p1b: Pelipper|Weather Ball|p2b: Sneasler\n|-damage|p2b: Sneasler|0 fnt\n|faint|p2b: Sneasler\n|\n|-weather|RainDance|[upkeep]\n|upkeep\n|l| slqvit\n|\n|t:|1776370226\n|switch|p2b: Charizard|Charizard, L50, M|100/100\n|turn|4\n|j| UltimatheoryPK\n|\n|t:|1776370250\n|switch|p1b: Meganium|Meganium-Mega, L50, M, shiny|100/100\n|detailschange|p2b: Charizard|Charizard-Mega-X, L50, M\n|-mega|p2b: Charizard|Charizard|Charizardite X\n|move|p2a: Talonflame|Quick Guard|p2a: Talonflame\n|-singleturn|p2a: Talonflame|Quick Guard\n|move|p2b: Charizard|Brick Break|p1a: Incineroar\n|-supereffective|p1a: Incineroar|1\n|-damage|p1a: Incineroar|0 fnt\n|faint|p1a: Incineroar\n|\n|-weather|RainDance|[upkeep]\n|-sideend|p2: benjiapollo|move: Tailwind\n|upkeep\n|\n|t:|1776370261\n|switch|p1a: Pelipper|Pelipper, L50, F, shiny|3/100\n|turn|5\n|\n|t:|1776370278\n|move|p2a: Talonflame|Brave Bird|p1a: Pelipper\n|-damage|p1a: Pelipper|0 fnt\n|faint|p1a: Pelipper\n|-damage|p2a: Talonflame|88/100|[from] Recoil\n|move|p2b: Charizard|Flare Blitz|p1b: Meganium\n|-supereffective|p1b: Meganium|1\n|-damage|p1b: Meganium|33/100\n|-damage|p2b: Charizard|73/100|[from] Recoil\n|move|p1b: Meganium|Dazzling Gleam|p2a: Talonflame|[spread] p2a,p2b\n|-resisted|p2a: Talonflame|1\n|-damage|p2a: Talonflame|58/100\n|-damage|p2b: Charizard|24/100\n|\n|-weather|none\n|upkeep\n|turn|6\n|\n|t:|1776370292\n|move|p2a: Talonflame|Brave Bird|p1b: Meganium\n|-supereffective|p1b: Meganium|1\n|-damage|p1b: Meganium|0 fnt\n|faint|p1b: Meganium\n|-damage|p2a: Talonflame|45/100|[from] Recoil\n|\n|win|benjiapollo\n|raw|Yeatlover20's rating: 1536 &rarr; <strong>1511</strong><br />(-25 for losing)\n|raw|benjiapollo's rating: 1441 &rarr; <strong>1466</strong><br />(+25 for winning)\n",
  "uploadtime": 1776370299,
  "views": 44,
  "formatid": "gen9championsvgc2026regma",
  "rating": 1466,
  "private": 0,
  "password": null
}