{
  "id": "gen9championsvgc2026regma-2584627611",
  "format": "[Gen 9 Champions] VGC 2026 Reg M-A",
  "players": [
    "turn9Protect",
    "TCDeltaYT"
  ],
  "log": "|j|\u2606turn9Protect\n|j|\u2606TCDeltaYT\n|t:|1776273043\n|gametype|doubles\n|player|p1|turn9Protect|iris|1112\n|player|p2|TCDeltaYT|miku-water|1056\n|gen|9\n|tier|[Gen 9 Champions] VGC 2026 Reg M-A\n|rated|\n|rule|Species Clause: Limit one of each Pok\u00e9mon\n|rule|Item Clause: Limit 1 of each item\n|clearpoke\n|poke|p1|Dedenne, L50, M|\n|poke|p1|Manectric, L50, F|\n|poke|p1|Pelipper, L50, F|\n|poke|p1|Meganium, L50, F|\n|poke|p1|Incineroar, L50, M|\n|poke|p1|Lucario, L50, M|\n|poke|p2|Charizard, L50, F|\n|poke|p2|Venusaur, L50, F|\n|poke|p2|Liepard, L50, F|\n|poke|p2|Scizor, L50, M|\n|poke|p2|Sneasler, L50, F|\n|poke|p2|Arcanine-Hisui, L50, F|\n|teampreview|4\n|inactive|Battle timer is ON: inactive players will automatically lose when time's up. (requested by turn9Protect)\nturn9Protect has agreed to open team sheets.\n|j| LUISUSV10\nTCDeltaYT rejected open team sheets.\n|l| LUISUSV10\n|inactive|turn9Protect has 60 seconds left.\n|\n|t:|1776273076\n|teamsize|p1|4\n|teamsize|p2|4\n|start\n|switch|p1a: Incineroar|Incineroar, L50, M|100/100\n|switch|p1b: Meganium|Meganium, L50, F|100/100\n|switch|p2a: TallMeowth|Sneasler, L50, F|100/100\n|switch|p2b: Scissor|Scizor, L50, M|100/100\n|-ability|p1a: Incineroar|Intimidate|boost\n|-unboost|p2a: TallMeowth|atk|1\n|-unboost|p2b: Scissor|atk|1\n|-enditem|p2a: TallMeowth|White Herb\n|-clearnegativeboost|p2a: TallMeowth|[silent]\n|turn|1\n|\n|t:|1776273094\n|switch|p1a: Pelipper|Pelipper, L50, F|100/100\n|-weather|RainDance|[from] ability: Drizzle|[of] p1a: Pelipper\n|detailschange|p1b: Meganium|Meganium-Mega, L50, F\n|-mega|p1b: Meganium|Meganium|Meganiumite\n|move|p1b: Meganium|Protect|p1b: Meganium\n|-singleturn|p1b: Meganium|Protect\n|move|p2a: TallMeowth|Close Combat|p1a: Pelipper\n|-resisted|p1a: Pelipper|1\n|-damage|p1a: Pelipper|69/100\n|-unboost|p2a: TallMeowth|def|1\n|-unboost|p2a: TallMeowth|spd|1\n|move|p2b: Scissor|Dual Wingbeat|p1b: Meganium\n|-activate|p1b: Meganium|move: Protect\n|\n|-weather|RainDance|[upkeep]\n|upkeep\n|turn|2\n|inactive|TCDeltaYT has 30 seconds left.\n|inactive|TCDeltaYT has 20 seconds left.\n|inactive|TCDeltaYT has 15 seconds left.\n|\n|t:|1776273136\n|switch|p1b: Incineroar|Incineroar, L50, M|100/100\n|-ability|p1b: Incineroar|Intimidate|boost\n|-unboost|p2a: TallMeowth|atk|1\n|-unboost|p2b: Scissor|atk|1\n|move|p2b: Scissor|Protect|p2b: Scissor\n|-singleturn|p2b: Scissor|Protect\n|move|p2a: TallMeowth|Dire Claw|p1b: Incineroar\n|-damage|p1b: Incineroar|71/100\n|move|p1a: Pelipper|Weather Ball|p2a: TallMeowth\n|-crit|p2a: TallMeowth\n|-damage|p2a: TallMeowth|0 fnt\n|faint|p2a: TallMeowth\n|\n|-weather|RainDance|[upkeep]\n|upkeep\n|\n|t:|1776273148\n|switch|p2a: THE GOAT|Charizard, L50, F, shiny|100/100\n|turn|3\n|\n|t:|1776273166\n|switch|p1a: Meganium|Meganium-Mega, L50, F|100/100\n|detailschange|p2a: THE GOAT|Charizard-Mega-Y, L50, F, shiny\n|-mega|p2a: THE GOAT|Charizard|Charizardite Y\n|-weather|SunnyDay|[from] ability: Drought|[of] p2a: THE GOAT\n|move|p1b: Incineroar|Fake Out|p2a: THE GOAT\n|-damage|p2a: THE GOAT|82/100\n|cant|p2a: THE GOAT|flinch\n|move|p2b: Scissor|Close Combat|p1b: Incineroar\n|-supereffective|p1b: Incineroar|1\n|-damage|p1b: Incineroar|27/100\n|-unboost|p2b: Scissor|def|1\n|-unboost|p2b: Scissor|spd|1\n|\n|-weather|SunnyDay|[upkeep]\n|upkeep\n|turn|4\n|\n|t:|1776273185\n|switch|p2a: Ur To Slow|Venusaur, L50, F, shiny|100/100\n|switch|p1b: Pelipper|Pelipper, L50, F|69/100\n|-weather|RainDance|[from] ability: Drizzle|[of] p1b: Pelipper\n|move|p2b: Scissor|Protect|p2b: Scissor\n|-singleturn|p2b: Scissor|Protect\n|move|p1a: Meganium|Weather Ball|p2b: Scissor\n|-activate|p2b: Scissor|move: Protect\n|\n|-weather|RainDance|[upkeep]\n|upkeep\n|turn|5\n|inactive|turn9Protect has 30 seconds left.\n|\n|t:|1776273216\n|switch|p2b: THE GOAT|Charizard-Mega-Y, L50, F, shiny|82/100\n|-weather|SunnyDay|[from] ability: Drought|[of] p2b: THE GOAT\n|switch|p1b: Incineroar|Incineroar, L50, M|27/100\n|-ability|p1b: Incineroar|Intimidate|boost\n|-unboost|p2a: Ur To Slow|atk|1\n|-unboost|p2b: THE GOAT|atk|1\n|move|p2a: Ur To Slow|Sludge Wave|p1a: Meganium|[spread] p2b,p1a,p1b\n|-supereffective|p1a: Meganium|2\n|-crit|p1b: Incineroar\n|-damage|p2b: THE GOAT|47/100\n|-damage|p1a: Meganium|0 fnt\n|-damage|p1b: Incineroar|0 fnt\n|faint|p1a: Meganium\n|faint|p1b: Incineroar\n|\n|-weather|SunnyDay|[upkeep]\n|upkeep\n|\n|t:|1776273231\n|switch|p1a: Pelipper|Pelipper, L50, F|69/100\n|switch|p1b: Lucario|Lucario, L50, M|100/100\n|-weather|RainDance|[from] ability: Drizzle|[of] p1a: Pelipper\n|turn|6\n|inactive|TCDeltaYT has 30 seconds left.\n|\n|t:|1776273257\n|switch|p2b: Scissor|Scizor, L50, M|100/100\n|move|p2a: Ur To Slow|Protect|p2a: Ur To Slow\n|-singleturn|p2a: Ur To Slow|Protect\n|move|p1b: Lucario|Swords Dance|p1b: Lucario\n|-boost|p1b: Lucario|atk|2\n|move|p1a: Pelipper|Hurricane|p2a: Ur To Slow\n|-activate|p2a: Ur To Slow|move: Protect\n|\n|-weather|RainDance|[upkeep]\n|upkeep\n|turn|7\n|\n|t:|1776273275\n|switch|p2b: THE GOAT|Charizard-Mega-Y, L50, F, shiny|47/100\n|-weather|SunnyDay|[from] ability: Drought|[of] p2b: THE GOAT\n|move|p2a: Ur To Slow|Weather Ball|p1b: Lucario\n|-supereffective|p1b: Lucario|1\n|-enditem|p1b: Lucario|Focus Sash\n|-damage|p1b: Lucario|1/100\n|move|p1b: Lucario|Earthquake|p2a: Ur To Slow|[spread] p2a\n|-immune|p1a: Pelipper\n|-immune|p2b: THE GOAT\n|-damage|p2a: Ur To Slow|36/100\n|-enditem|p2a: Ur To Slow|Sitrus Berry|[eat]\n|-heal|p2a: Ur To Slow|60/100|[from] item: Sitrus Berry\n|move|p1a: Pelipper|Weather Ball|p2b: THE GOAT\n|-resisted|p2b: THE GOAT|1\n|-damage|p2b: THE GOAT|21/100\n|\n|-weather|SunnyDay|[upkeep]\n|upkeep\n|turn|8\n|\n|t:|1776273299\n|move|p1b: Lucario|Extreme Speed|p2b: THE GOAT\n|-damage|p2b: THE GOAT|0 fnt\n|faint|p2b: THE GOAT\n|move|p2a: Ur To Slow|Weather Ball|p1b: Lucario\n|-supereffective|p1b: Lucario|1\n|-damage|p1b: Lucario|0 fnt\n|faint|p1b: Lucario\n|move|p1a: Pelipper|Hurricane|p2a: Ur To Slow|[miss]\n|-miss|p1a: Pelipper|p2a: Ur To Slow\n|\n|-weather|SunnyDay|[upkeep]\n|upkeep\n|\n|t:|1776273310\n|switch|p2b: Scissor|Scizor, L50, M|100/100\n|turn|9\n|\n|t:|1776273316\n|move|p2a: Ur To Slow|Sludge Wave|p1a: Pelipper|[spread] p1a\n|-immune|p2b: Scissor\n|-damage|p1a: Pelipper|24/100\n|-enditem|p1a: Pelipper|Sitrus Berry|[eat]\n|-heal|p1a: Pelipper|48/100|[from] item: Sitrus Berry\n|move|p2b: Scissor|Dual Wingbeat|p1a: Pelipper\n|-damage|p1a: Pelipper|23/100\n|-damage|p1a: Pelipper|0 fnt\n|faint|p1a: Pelipper\n|-hitcount|p1: Pelipper|2\n|\n|win|TCDeltaYT\n|raw|turn9Protect's rating: 1112 &rarr; <strong>1083</strong><br />(-29 for losing)\n|raw|TCDeltaYT's rating: 1056 &rarr; <strong>1093</strong><br />(+37 for winning)\n",
  "uploadtime": 1776273323,
  "views": 15,
  "formatid": "gen9championsvgc2026regma",
  "rating": 1083,
  "private": 0,
  "password": null
}