{
  "id": "gen9championsvgc2026regma-2583488384",
  "format": "[Gen 9 Champions] VGC 2026 Reg M-A",
  "players": [
    "Foxyluis07",
    "NINTAIL12"
  ],
  "log": "|j|\u2606Foxyluis07\n|j|\u2606NINTAIL12\n|t:|1776178843\n|gametype|doubles\n|player|p1|Foxyluis07|170|1128\n|player|p2|NINTAIL12|169|1133\n|gen|9\n|tier|[Gen 9 Champions] VGC 2026 Reg M-A\n|rated|\n|rule|Species Clause: Limit one of each Pok\u00e9mon\n|rule|Item Clause: Limit 1 of each item\n|clearpoke\n|poke|p1|Aegislash, L50, M|\n|poke|p1|Froslass, L50, F|\n|poke|p1|Incineroar, L50, F|\n|poke|p1|Sneasler, L50, F|\n|poke|p1|Rotom-Wash, L50|\n|poke|p1|Garchomp, L50, M|\n|poke|p2|Blastoise, L50, F|\n|poke|p2|Pelipper, L50, F|\n|poke|p2|Runerigus, L50, F|\n|poke|p2|Archaludon, L50, M|\n|poke|p2|Meganium, L50, F|\n|poke|p2|Sneasler, L50, M|\n|teampreview|4\n|\n|t:|1776178916\n|teamsize|p1|4\n|teamsize|p2|4\n|start\n|switch|p1a: Incineroar|Incineroar, L50, F|100/100\n|switch|p1b: Sneasler|Sneasler, L50, F|100/100\n|switch|p2a: Pelipper|Pelipper, L50, F|100/100\n|switch|p2b: Blastoise|Blastoise, L50, F|100/100\n|-weather|RainDance|[from] ability: Drizzle|[of] p2a: Pelipper\n|-ability|p1a: Incineroar|Intimidate|boost\n|-unboost|p2a: Pelipper|atk|1\n|-unboost|p2b: Blastoise|atk|1\n|turn|1\n|\n|t:|1776178944\n|detailschange|p2b: Blastoise|Blastoise-Mega, L50, F\n|-mega|p2b: Blastoise|Blastoise|Blastoisinite\n|move|p1a: Incineroar|Fake Out|p2a: Pelipper\n|-damage|p2a: Pelipper|88/100\n|move|p1b: Sneasler|Close Combat|p2b: Blastoise\n|-damage|p2b: Blastoise|49/100\n|-unboost|p1b: Sneasler|def|1\n|-unboost|p1b: Sneasler|spd|1\n|-enditem|p1b: Sneasler|White Herb\n|-clearnegativeboost|p1b: Sneasler|[silent]\n|move|p2b: Blastoise|Water Spout|p1a: Incineroar|[spread] p1a,p1b\n|-supereffective|p1a: Incineroar|1\n|-damage|p1a: Incineroar|7/100\n|-damage|p1b: Sneasler|43/100\n|cant|p2a: Pelipper|flinch\n|\n|-weather|RainDance|[upkeep]\n|upkeep\n|turn|2\n|\n|t:|1776179009\n|move|p2b: Blastoise|Protect|p2b: Blastoise\n|-singleturn|p2b: Blastoise|Protect\n|move|p1b: Sneasler|Dire Claw|p2a: Pelipper\n|-damage|p2a: Pelipper|50/100\n|-status|p2a: Pelipper|slp\n|-enditem|p2a: Pelipper|Sitrus Berry|[eat]\n|-heal|p2a: Pelipper|75/100 slp|[from] item: Sitrus Berry\n|cant|p2a: Pelipper|slp\n|move|p1a: Incineroar|Throat Chop|p2a: Pelipper\n|-damage|p2a: Pelipper|42/100 slp\n|-start|p2a: Pelipper|Throat Chop|[silent]\n|\n|-weather|RainDance|[upkeep]\n|upkeep\n|turn|3\n|\n|t:|1776179038\n|move|p1b: Sneasler|Close Combat|p2b: Blastoise\n|-damage|p2b: Blastoise|0 fnt\n|-unboost|p1b: Sneasler|def|1\n|-unboost|p1b: Sneasler|spd|1\n|faint|p2b: Blastoise\n|cant|p2a: Pelipper|slp\n|move|p1a: Incineroar|Throat Chop|p2a: Pelipper\n|-damage|p2a: Pelipper|9/100 slp\n|\n|-weather|RainDance|[upkeep]\n|-end|p2a: Pelipper|Throat Chop|[silent]\n|upkeep\n|\n|t:|1776179047\n|switch|p2b: Sneasler|Sneasler, L50, M|100/100\n|turn|4\n|\n|t:|1776179071\n|switch|p1b: Froslass|Froslass, L50, F|100/100\n|move|p2b: Sneasler|Fake Out|p1b: Froslass\n|-immune|p1b: Froslass\n|-curestatus|p2a: Pelipper|slp|[msg]\n|move|p2a: Pelipper|Tailwind|p2a: Pelipper\n|-sidestart|p2: NINTAIL12|move: Tailwind\n|move|p1a: Incineroar|Throat Chop|p2a: Pelipper\n|-damage|p2a: Pelipper|0 fnt\n|faint|p2a: Pelipper\n|\n|-weather|RainDance|[upkeep]\n|upkeep\n|\n|t:|1776179082\n|switch|p2a: Archaludon|Archaludon, L50, M|100/100\n|turn|5\n|\n|t:|1776179102\n|switch|p1a: Rotom|Rotom-Wash, L50|100/100\n|move|p2b: Sneasler|Close Combat|p1a: Rotom\n|-damage|p1a: Rotom|28/100\n|-unboost|p2b: Sneasler|def|1\n|-unboost|p2b: Sneasler|spd|1\n|-enditem|p2b: Sneasler|White Herb\n|-clearnegativeboost|p2b: Sneasler|[silent]\n|move|p2a: Archaludon|Flash Cannon|p1b: Froslass\n|-supereffective|p1b: Froslass|1\n|-damage|p1b: Froslass|0 fnt\n|faint|p1b: Froslass\n|\n|-weather|none\n|upkeep\n|\n|t:|1776179118\n|switch|p1b: Incineroar|Incineroar, L50, F|7/100\n|-ability|p1b: Incineroar|Intimidate|boost\n|-unboost|p2a: Archaludon|atk|1\n|-unboost|p2b: Sneasler|atk|1\n|turn|6\n|\n|t:|1776179136\n|move|p2b: Sneasler|Rock Slide|p1a: Rotom|[spread] p1a,p1b\n|-supereffective|p1b: Incineroar|1\n|-crit|p1b: Incineroar\n|-damage|p1a: Rotom|11/100\n|-damage|p1b: Incineroar|0 fnt\n|faint|p1b: Incineroar\n|move|p2a: Archaludon|Electro Shot||[still]\n|-prepare|p2a: Archaludon|Electro Shot\n|-boost|p2a: Archaludon|spa|1\n|move|p1a: Rotom|Electroweb|p2b: Sneasler|[spread] p2a,p2b\n|-resisted|p2a: Archaludon|1\n|-damage|p2a: Archaludon|91/100\n|-damage|p2b: Sneasler|75/100\n|-unboost|p2a: Archaludon|spe|1\n|-unboost|p2b: Sneasler|spe|1\n|-ability|p2a: Archaludon|Stamina|boost\n|-boost|p2a: Archaludon|def|1\n|\n|-heal|p2a: Archaludon|97/100|[from] item: Leftovers\n|upkeep\n|\n|t:|1776179153\n|switch|p1b: Sneasler|Sneasler, L50, F|43/100\n|turn|7\n|-message|Foxyluis07 forfeited.\n|\n|win|NINTAIL12\n|raw|Foxyluis07's rating: 1128 &rarr; <strong>1103</strong><br />(-25 for losing)\n|raw|NINTAIL12's rating: 1133 &rarr; <strong>1158</strong><br />(+25 for winning)\n|l|\u2606Foxyluis07\n|player|p1|\n",
  "uploadtime": 1776179231,
  "views": 29,
  "formatid": "gen9championsvgc2026regma",
  "rating": 1103,
  "private": 0,
  "password": null
}