{
  "id": "gen9championsvgc2026regma-2584891945",
  "format": "[Gen 9 Champions] VGC 2026 Reg M-A",
  "players": [
    "moxhi",
    "Gringo_Fuk"
  ],
  "log": "|j|\u2606moxhi\n|j|\u2606Gringo_Fuk\n|t:|1776292067\n|gametype|doubles\n|player|p1|moxhi|cynthia|1169\n|player|p2|Gringo_Fuk|clown|1142\n|gen|9\n|tier|[Gen 9 Champions] VGC 2026 Reg M-A\n|rated|\n|rule|Species Clause: Limit one of each Pok\u00e9mon\n|rule|Item Clause: Limit 1 of each item\n|clearpoke\n|poke|p1|Basculegion, L50, M|\n|poke|p1|Mamoswine, L50, F|\n|poke|p1|Aerodactyl, L50, M|\n|poke|p1|Delphox, L50, M|\n|poke|p1|Aegislash, L50, F|\n|poke|p1|Sneasler, L50, F|\n|poke|p2|Farigiraf, L50, M|\n|poke|p2|Crabominable, L50, F|\n|poke|p2|Drampa, L50, M|\n|poke|p2|Sinistcha-Masterpiece, L50|\n|poke|p2|Clawitzer, L50, F|\n|poke|p2|Bastiodon, L50, M|\n|teampreview|4\n|inactive|Battle timer is ON: inactive players will automatically lose when time's up. (requested by Gringo_Fuk)\n|inactive|moxhi has 60 seconds left.\n|inactive|moxhi has 30 seconds left.\n|inactive|moxhi has 20 seconds left.\n|\n|t:|1776292138\n|teamsize|p1|4\n|teamsize|p2|4\n|start\n|switch|p1a: Sneasler|Sneasler, L50, F|100/100\n|switch|p1b: Delphox|Delphox, L50, M|100/100\n|switch|p2a: Farigiraf|Farigiraf, L50, M|100/100\n|switch|p2b: Drampa|Drampa, L50, M, shiny|100/100\n|turn|1\n|\n|t:|1776292154\n|detailschange|p1b: Delphox|Delphox-Mega, L50, M\n|-mega|p1b: Delphox|Delphox|Delphoxite\n|detailschange|p2b: Drampa|Drampa-Mega, L50, M, shiny\n|-mega|p2b: Drampa|Drampa|Drampanite\n|move|p1b: Delphox|Heat Wave|p2b: Drampa|[spread] p2a,p2b\n|-resisted|p2b: Drampa|1\n|-damage|p2a: Farigiraf|60/100\n|-damage|p2b: Drampa|84/100\n|move|p1a: Sneasler|Throat Chop|p2a: Farigiraf\n|-supereffective|p2a: Farigiraf|1\n|-damage|p2a: Farigiraf|7/100\n|-start|p2a: Farigiraf|Throat Chop|[silent]\n|move|p2b: Drampa|Earth Power|p1a: Sneasler\n|-supereffective|p1a: Sneasler|1\n|-damage|p1a: Sneasler|4/100\n|-unboost|p1a: Sneasler|spd|1\n|move|p2a: Farigiraf|Trick Room|p2a: Farigiraf\n|-fieldstart|move: Trick Room|[of] p2a: Farigiraf\n|\n|upkeep\n|turn|2\n|\n|t:|1776292179\n|switch|p2a: Sinistcha|Sinistcha-Masterpiece, L50|100/100\n|-heal|p2b: Drampa|100/100|[from] ability: Hospitality|[of] p2a: Sinistcha\n|move|p1b: Delphox|Protect|p1b: Delphox\n|-singleturn|p1b: Delphox|Protect\n|move|p2b: Drampa|Hyper Voice|p1b: Delphox|[spread] p1a\n|-activate|p1b: Delphox|move: Protect\n|-damage|p1a: Sneasler|0 fnt\n|faint|p1a: Sneasler\n|\n|upkeep\n|\n|t:|1776292188\n|switch|p1a: Aegislash|Aegislash, L50, F|100/100\n|turn|3\n|\n|t:|1776292197\n|switch|p1b: Mamoswine|Mamoswine, L50, F|100/100\n|move|p2b: Drampa|Earth Power|p1a: Aegislash\n|-supereffective|p1a: Aegislash|1\n|-damage|p1a: Aegislash|29/100\n|move|p2a: Sinistcha|Shadow Ball|p1a: Aegislash\n|-supereffective|p1a: Aegislash|1\n|-damage|p1a: Aegislash|0 fnt\n|faint|p1a: Aegislash\n|\n|upkeep\n|\n|t:|1776292207\n|switch|p1a: Delphox|Delphox-Mega, L50, M|100/100\n|turn|4\n|\n|t:|1776292212\n|move|p2b: Drampa|Hyper Voice|p1a: Delphox|[spread] p1a,p1b\n|-damage|p1a: Delphox|54/100\n|-damage|p1b: Mamoswine|47/100\n|move|p2a: Sinistcha|Matcha Gotcha|p1a: Delphox|[spread] p1a,p1b\n|-resisted|p1a: Delphox|1\n|-supereffective|p1b: Mamoswine|1\n|-crit|p1b: Mamoswine\n|-damage|p1a: Delphox|41/100\n|-damage|p1b: Mamoswine|0 fnt\n|faint|p1b: Mamoswine\n|move|p1a: Delphox|Heat Wave|p2b: Drampa|[spread] p2a,p2b\n|-supereffective|p2a: Sinistcha|1\n|-resisted|p2b: Drampa|1\n|-damage|p2a: Sinistcha|16/100\n|-damage|p2b: Drampa|83/100\n|-enditem|p2a: Sinistcha|Sitrus Berry|[eat]\n|-heal|p2a: Sinistcha|40/100|[from] item: Sitrus Berry\n|\n|upkeep\n|turn|5\n|-message|moxhi forfeited.\n|\n|win|Gringo_Fuk\n|raw|moxhi's rating: 1169 &rarr; <strong>1142</strong><br />(-27 for losing)\n|raw|Gringo_Fuk's rating: 1142 &rarr; <strong>1169</strong><br />(+27 for winning)\n|l|\u2606moxhi\n|player|p1|\n",
  "uploadtime": 1776292229,
  "views": 23,
  "formatid": "gen9championsvgc2026regma",
  "rating": 1142,
  "private": 0,
  "password": null
}