{
  "id": "gen9championsvgc2026regma-2585814010",
  "format": "[Gen 9 Champions] VGC 2026 Reg M-A",
  "players": [
    "elementjoy",
    "TheCheckMatt"
  ],
  "log": "|j|\u2606elementjoy\n|j|\u2606TheCheckMatt\n|t:|1776372567\n|gametype|doubles\n|player|p1|elementjoy|101|1151\n|player|p2|TheCheckMatt|riley|1141\n|gen|9\n|tier|[Gen 9 Champions] VGC 2026 Reg M-A\n|rated|\n|rule|Species Clause: Limit one of each Pok\u00e9mon\n|rule|Item Clause: Limit 1 of each item\n|clearpoke\n|poke|p1|Sharpedo, L50, F|\n|poke|p1|Typhlosion-Hisui, L50, M|\n|poke|p1|Sinistcha, L50|\n|poke|p1|Incineroar, L50, M|\n|poke|p1|Farigiraf, L50, M|\n|poke|p1|Aerodactyl, L50, M|\n|poke|p2|Meganium, L50, M|\n|poke|p2|Pelipper, L50, F|\n|poke|p2|Basculegion, L50, M|\n|poke|p2|Sneasler, L50, F|\n|poke|p2|Archaludon, L50, F|\n|poke|p2|Rotom-Wash, L50|\n|teampreview|4\n|inactive|Battle timer is ON: inactive players will automatically lose when time's up. (requested by elementjoy)\n|inactive|elementjoy has 60 seconds left.\n|inactive|TheCheckMatt has 60 seconds left.\n|inactive|elementjoy has 30 seconds left.\n|inactive|elementjoy has 20 seconds left.\n|inactive|elementjoy has 15 seconds left.\n|inactive|elementjoy has 10 seconds left.\n|inactive|elementjoy has 5 seconds left.\n|\n|t:|1776372659\n|teamsize|p1|4\n|teamsize|p2|4\n|start\n|switch|p1a: Sharpedo|Sharpedo, L50, F|100/100\n|switch|p1b: Typhlosion|Typhlosion-Hisui, L50, M|100/100\n|switch|p2a: Basculegion|Basculegion, L50, M|100/100\n|switch|p2b: Sneasler|Sneasler, L50, F|100/100\n|-item|p2a: Basculegion|Choice Scarf|[from] ability: Frisk|[of] p1b: Typhlosion\n|-item|p2b: Sneasler|White Herb|[from] ability: Frisk|[of] p1b: Typhlosion\n|turn|1\n|inactive|elementjoy has 30 seconds left.\n|inactive|TheCheckMatt has 30 seconds left.\n|\n|t:|1776372688\n|switch|p1b: Sinistcha|Sinistcha, L50|100/100\n|move|p1a: Sharpedo|Protect|p1a: Sharpedo\n|-singleturn|p1a: Sharpedo|Protect\n|move|p2a: Basculegion|Flip Turn|p1b: Sinistcha\n|-resisted|p1b: Sinistcha|1\n|-damage|p1b: Sinistcha|83/100\n|\n|t:|1776372697\n|switch|p2a: Archaludon|Archaludon, L50, F|100/100|[from] Flip Turn\n|move|p2b: Sneasler|Close Combat|p1a: Sharpedo\n|-activate|p1a: Sharpedo|move: Protect\n|\n|-ability|p1a: Sharpedo|Speed Boost|boost\n|-boost|p1a: Sharpedo|spe|1\n|upkeep\n|turn|2\n|\n|t:|1776372714\n|switch|p2b: Pelipper|Pelipper, L50, F|100/100\n|-weather|RainDance|[from] ability: Drizzle|[of] p2b: Pelipper\n|detailschange|p1a: Sharpedo|Sharpedo-Mega, L50, F\n|-mega|p1a: Sharpedo|Sharpedo|Sharpedonite\n|move|p1b: Sinistcha|Rage Powder|p1b: Sinistcha\n|-singleturn|p1b: Sinistcha|move: Rage Powder\n|move|p1a: Sharpedo|Liquidation|p2b: Pelipper\n|-resisted|p2b: Pelipper|1\n|-damage|p2b: Pelipper|50/100\n|move|p2a: Archaludon|Electro Shot||[still]\n|-prepare|p2a: Archaludon|Electro Shot\n|-boost|p2a: Archaludon|spa|1\n|-anim|p2a: Archaludon|Electro Shot|p1b: Sinistcha\n|-resisted|p1b: Sinistcha|1\n|-damage|p1b: Sinistcha|53/100\n|\n|-weather|RainDance|[upkeep]\n|upkeep\n|turn|3\n|\n|t:|1776372738\n|move|p2b: Pelipper|Protect|p2b: Pelipper\n|-singleturn|p2b: Pelipper|Protect\n|move|p1b: Sinistcha|Rage Powder|p1b: Sinistcha\n|-singleturn|p1b: Sinistcha|move: Rage Powder\n|move|p1a: Sharpedo|Crunch|p2a: Archaludon\n|-damage|p2a: Archaludon|44/100\n|-ability|p2a: Archaludon|Stamina|boost\n|-boost|p2a: Archaludon|def|1\n|move|p2a: Archaludon|Dragon Pulse|p1b: Sinistcha\n|-damage|p1b: Sinistcha|0 fnt\n|faint|p1b: Sinistcha\n|\n|-weather|RainDance|[upkeep]\n|-heal|p2a: Archaludon|50/100|[from] item: Leftovers\n|upkeep\n|\n|t:|1776372749\n|switch|p1b: Incineroar|Incineroar, L50, M|100/100\n|-ability|p1b: Incineroar|Intimidate|boost\n|-unboost|p2a: Archaludon|atk|1\n|-unboost|p2b: Pelipper|atk|1\n|turn|4\n|\n|t:|1776372759\n|move|p2a: Archaludon|Protect|p2a: Archaludon\n|-singleturn|p2a: Archaludon|Protect\n|move|p1b: Incineroar|Fake Out|p2b: Pelipper\n|-damage|p2b: Pelipper|36/100\n|move|p1a: Sharpedo|Crunch|p2a: Archaludon\n|-activate|p2a: Archaludon|move: Protect\n|cant|p2b: Pelipper|flinch\n|\n|-weather|RainDance|[upkeep]\n|-heal|p2a: Archaludon|56/100|[from] item: Leftovers\n|upkeep\n|turn|5\n|\n|t:|1776372777\n|move|p1a: Sharpedo|Protect|p1a: Sharpedo\n|-singleturn|p1a: Sharpedo|Protect\n|move|p2b: Pelipper|Tailwind|p2b: Pelipper\n|-sidestart|p2: TheCheckMatt|move: Tailwind\n|move|p2a: Archaludon|Electro Shot||[still]\n|-prepare|p2a: Archaludon|Electro Shot\n|-boost|p2a: Archaludon|spa|1\n|-anim|p2a: Archaludon|Electro Shot|p1b: Incineroar\n|-damage|p1b: Incineroar|30/100\n|-enditem|p1b: Incineroar|Sitrus Berry|[eat]\n|-heal|p1b: Incineroar|54/100|[from] item: Sitrus Berry\n|move|p1b: Incineroar|Parting Shot|p2a: Archaludon\n|-unboost|p2a: Archaludon|atk|1\n|-unboost|p2a: Archaludon|spa|1\n|\n|t:|1776372788\n|switch|p1b: Typhlosion|Typhlosion-Hisui, L50, M|100/100|[from] Parting Shot\n|-item|p2a: Archaludon|Leftovers|[from] ability: Frisk|[of] p1b: Typhlosion\n|-item|p2b: Pelipper|Focus Sash|[from] ability: Frisk|[of] p1b: Typhlosion\n|\n|-weather|RainDance|[upkeep]\n|-heal|p2a: Archaludon|62/100|[from] item: Leftovers\n|upkeep\n|turn|6\n|\n|t:|1776372801\n|switch|p2b: Sneasler|Sneasler, L50, F|100/100\n|move|p1a: Sharpedo|Crunch|p2b: Sneasler\n|-resisted|p2b: Sneasler|1\n|-damage|p2b: Sneasler|41/100\n|move|p1b: Typhlosion|Shadow Ball|p2a: Archaludon\n|-damage|p2a: Archaludon|22/100\n|-ability|p2a: Archaludon|Stamina|boost\n|-boost|p2a: Archaludon|def|1\n|move|p2a: Archaludon|Electro Shot||[still]\n|-prepare|p2a: Archaludon|Electro Shot\n|-boost|p2a: Archaludon|spa|1\n|-anim|p2a: Archaludon|Electro Shot|p1a: Sharpedo\n|-supereffective|p1a: Sharpedo|1\n|-damage|p1a: Sharpedo|0 fnt\n|faint|p1a: Sharpedo\n|\n|-weather|none\n|-heal|p2a: Archaludon|28/100|[from] item: Leftovers\n|upkeep\n|\n|t:|1776372808\n|switch|p1a: Incineroar|Incineroar, L50, M|54/100\n|-ability|p1a: Incineroar|Intimidate|boost\n|-unboost|p2a: Archaludon|atk|1\n|-unboost|p2b: Sneasler|atk|1\n|-enditem|p2b: Sneasler|White Herb\n|-clearnegativeboost|p2b: Sneasler|[silent]\n|turn|7\n|\n|t:|1776372825\n|move|p2b: Sneasler|Upper Hand|p1a: Incineroar\n|-supereffective|p1a: Incineroar|1\n|-damage|p1a: Incineroar|0 fnt\n|faint|p1a: Incineroar\n|move|p1b: Typhlosion|Shadow Ball|p2b: Sneasler\n|-damage|p2b: Sneasler|0 fnt\n|faint|p2b: Sneasler\n|move|p2a: Archaludon|Dragon Pulse|p1b: Typhlosion\n|-damage|p1b: Typhlosion|0 fnt\n|faint|p1b: Typhlosion\n|\n|win|TheCheckMatt\n|raw|elementjoy's rating: 1151 &rarr; <strong>1125</strong><br />(-26 for losing)\n|raw|TheCheckMatt's rating: 1141 &rarr; <strong>1167</strong><br />(+26 for winning)\n|c|\u2606elementjoy|ggwp\n|c|\u2606TheCheckMatt|gg wp\n|l|\u2606elementjoy\n|player|p1|\n",
  "uploadtime": 1776372845,
  "views": 22,
  "formatid": "gen9championsvgc2026regma",
  "rating": 1125,
  "private": 0,
  "password": null
}