{
  "id": "gen9championsvgc2026regma-2588088523",
  "format": "[Gen 9 Champions] VGC 2026 Reg M-A",
  "players": [
    "oldarbladeborn",
    "DMX7Z"
  ],
  "log": "|j|\u2606oldarbladeborn\n|j|\u2606DMX7Z\n|t:|1776602938\n|gametype|doubles\n|player|p1|oldarbladeborn|101|1048\n|player|p2|DMX7Z|265|1043\n|gen|9\n|tier|[Gen 9 Champions] VGC 2026 Reg M-A\n|rated|\n|rule|Species Clause: Limit one of each Pok\u00e9mon\n|rule|Item Clause: Limit 1 of each item\n|clearpoke\n|poke|p1|Charizard, L50, M|\n|poke|p1|Whimsicott, L50, F|\n|poke|p1|Sneasler, L50, M|\n|poke|p1|Garchomp, L50, F|\n|poke|p1|Gyarados, L50, M|\n|poke|p1|Gengar, L50, F|\n|poke|p2|Hawlucha, L50, F|\n|poke|p2|Rotom-Wash, L50|\n|poke|p2|Garchomp, L50, M|\n|poke|p2|Aegislash, L50, M|\n|poke|p2|Skarmory, L50, M|\n|poke|p2|Ninetales-Alola, L50, M|\n|teampreview|4\n|inactive|Battle timer is ON: inactive players will automatically lose when time's up. (requested by oldarbladeborn)\n|inactive|oldarbladeborn has 60 seconds left.\n|\n|t:|1776602969\n|teamsize|p1|4\n|teamsize|p2|4\n|start\n|switch|p1a: Charizard|Charizard, L50, M|100/100\n|switch|p1b: Sneasler|Sneasler, L50, M|100/100\n|switch|p2a: Ninetales|Ninetales-Alola, L50, M|100/100\n|switch|p2b: Rotom|Rotom-Wash, L50|100/100\n|-weather|Snowscape|[from] ability: Snow Warning|[of] p2a: Ninetales\n|turn|1\n|\n|t:|1776602992\n|detailschange|p1a: Charizard|Charizard-Mega-Y, L50, M\n|-mega|p1a: Charizard|Charizard|Charizardite Y\n|-weather|SunnyDay|[from] ability: Drought|[of] p1a: Charizard\n|move|p1b: Sneasler|Feint|p2a: Ninetales\n|-damage|p2a: Ninetales|83/100\n|move|p2b: Rotom|Hydro Pump|p1a: Charizard\n|-supereffective|p1a: Charizard|1\n|-damage|p1a: Charizard|50/100\n|move|p2a: Ninetales|Extrasensory|p1b: Sneasler\n|-supereffective|p1b: Sneasler|2\n|-damage|p1b: Sneasler|0 fnt\n|faint|p1b: Sneasler\n|move|p1a: Charizard|Heat Wave|p2a: Ninetales|[spread] p2a,p2b\n|-supereffective|p2a: Ninetales|1\n|-resisted|p2b: Rotom|1\n|-damage|p2a: Ninetales|0 fnt\n|-damage|p2b: Rotom|59/100\n|faint|p2a: Ninetales\n|\n|-weather|SunnyDay|[upkeep]\n|upkeep\n|\n|t:|1776603013\n|switch|p1b: Whimsicott|Whimsicott, L50, F|100/100\n|switch|p2a: Hawlucha|Hawlucha, L50, F|100/100\n|turn|2\n|\n|t:|1776603029\n|detailschange|p2a: Hawlucha|Hawlucha-Mega, L50, F\n|-mega|p2a: Hawlucha|Hawlucha|Hawluchanite\n|move|p1a: Charizard|Protect|p1a: Charizard\n|-singleturn|p1a: Charizard|Protect\n|move|p1b: Whimsicott|Tailwind|p1b: Whimsicott\n|-sidestart|p1: oldarbladeborn|move: Tailwind\n|move|p2b: Rotom|Hydro Pump|p1a: Charizard\n|-activate|p1a: Charizard|move: Protect\n|move|p2a: Hawlucha|U-turn|p1b: Whimsicott\n|-damage|p1b: Whimsicott|70/100\n|\n|t:|1776603038\n|switch|p2a: Garchomp|Garchomp, L50, M|100/100|[from] U-turn\n|\n|-weather|SunnyDay|[upkeep]\n|upkeep\n|turn|3\n|\n|t:|1776603054\n|move|p1a: Charizard|Flamethrower|p2b: Rotom\n|-resisted|p2b: Rotom|1\n|-damage|p2b: Rotom|0 fnt\n|faint|p2b: Rotom\n|move|p1b: Whimsicott|Moonblast|p2a: Garchomp\n|-supereffective|p2a: Garchomp|1\n|-damage|p2a: Garchomp|41/100\n|move|p2a: Garchomp|Rock Slide|p1b: Whimsicott|[spread] p1a,p1b\n|-supereffective|p1a: Charizard|2\n|-damage|p1a: Charizard|0 fnt\n|-damage|p1b: Whimsicott|46/100\n|faint|p1a: Charizard\n|\n|-weather|SunnyDay|[upkeep]\n|upkeep\n|\n|t:|1776603066\n|switch|p1a: Garchomp|Garchomp, L50, F|100/100\n|switch|p2b: Hawlucha|Hawlucha-Mega, L50, F|100/100\n|turn|4\n|\n|t:|1776603077\n|move|p1a: Garchomp|Rock Slide|p2a: Garchomp|[spread] p2a,p2b\n|-resisted|p2a: Garchomp|1\n|-damage|p2a: Garchomp|31/100\n|-damage|p2b: Hawlucha|77/100\n|move|p1b: Whimsicott|Moonblast|p2b: Hawlucha\n|-supereffective|p2b: Hawlucha|1\n|-damage|p2b: Hawlucha|15/100\n|move|p2b: Hawlucha|High Jump Kick|p1a: Garchomp\n|-damage|p1a: Garchomp|25/100\n|-damage|p2b: Hawlucha|2/100|[from] ability: Rough Skin|[of] p1a: Garchomp\n|cant|p2a: Garchomp|flinch\n|\n|-weather|SunnyDay|[upkeep]\n|upkeep\n|turn|5\n|\n|t:|1776603096\n|move|p1a: Garchomp|Rock Slide|p2a: Garchomp|[spread] p2a,p2b\n|-resisted|p2a: Garchomp|1\n|-damage|p2a: Garchomp|20/100\n|-damage|p2b: Hawlucha|0 fnt\n|faint|p2b: Hawlucha\n|move|p1b: Whimsicott|Moonblast|p2a: Garchomp\n|-supereffective|p2a: Garchomp|1\n|-damage|p2a: Garchomp|0 fnt\n|faint|p2a: Garchomp\n|\n|win|oldarbladeborn\n|raw|oldarbladeborn's rating: 1048 &rarr; <strong>1080</strong><br />(+32 for winning)\n|raw|DMX7Z's rating: 1043 &rarr; <strong>1027</strong><br />(-16 for losing)\n|l|\u2606DMX7Z\n|player|p2|\n",
  "uploadtime": 1776603107,
  "views": 12,
  "formatid": "gen9championsvgc2026regma",
  "rating": 1027,
  "private": 0,
  "password": null
}