{
  "id": "gen9championsvgc2026regma-2583681354",
  "format": "[Gen 9 Champions] VGC 2026 Reg M-A",
  "players": [
    "Giftedyewsucks",
    "TTT x"
  ],
  "log": "|j|\u2606Giftedyewsucks\n|j|\u2606TTT x\n|html|<table width=\"100%\"><tr><td align=\"left\">Giftedyewsucks</td><td align=\"right\">TTT x</tr><tr><td align=\"left\"><i class=\"fa fa-circle\"></i> <i class=\"fa fa-circle-o\"></i> </td><td align=\"right\"><i class=\"fa fa-circle-o\"></i> <i class=\"fa fa-circle-o\"></i> </tr></table>\n|uhtml|bestof|<h2><strong>Game 2</strong> of <a href=\"/game-bestof3-gen9championsvgc2026regma-2583680083\">a best-of-3</a></h2>\n|t:|1776190695\n|gametype|doubles\n|player|p1|Giftedyewsucks|101|\n|player|p2|TTT x|#smogonxnpa2025draftee|\n|gen|9\n|tier|[Gen 9 Champions] VGC 2026 Reg M-A\n|rated|Tournament battle\n|rule|Species Clause: Limit one of each Pok\u00e9mon\n|rule|Item Clause: Limit 1 of each item\n|raw|<div class=\"infobox\"><details class=\"readmore\" open><summary><strong>2 custom rules:</strong></summary> Force Open Team Sheets, Best of = 3</details></div>\n|clearpoke\n|poke|p1|Kingambit, L50, F|\n|poke|p1|Sneasler, L50, M|\n|poke|p1|Delphox, L50, F|\n|poke|p1|Whimsicott, L50, M|\n|poke|p1|Garchomp, L50, F|\n|poke|p1|Rotom-Wash, L50|\n|poke|p2|Manectric, L50, M|\n|poke|p2|Archaludon, L50, F|\n|poke|p2|Sinistcha, L50|\n|poke|p2|Politoed, L50, F|\n|poke|p2|Scizor, L50, M|\n|poke|p2|Incineroar, L50, F|\n|teampreview|4\n|showteam|p1|Kingambit||BlackGlasses|Defiant|KowtowCleave,SuckerPunch,SwordsDance,Protect|||F|||50|]Sneasler||WhiteHerb|Unburden|DireClaw,CloseCombat,Protect,FakeOut|||M|||50|]Delphox||Delphoxite|Blaze|HeatWave,Psychic,Substitute,Protect|||F|||50|]Whimsicott||FocusSash|Prankster|Tailwind,SunnyDay,Moonblast,Protect|||M|||50|]Garchomp||ChoiceScarf|RoughSkin|Earthquake,StompingTantrum,RockSlide,DragonClaw|||F|||50|]Rotom-Wash||SitrusBerry|Levitate|Thunderbolt,HydroPump,WillOWisp,Protect||||||50|\n|showteam|p2|Manectric||Manectite|LightningRod|VoltSwitch,Snarl,LightScreen,Protect|||M|||50|]Archaludon||Leftovers|Stamina|ElectroShot,DragonPulse,FlashCannon,Protect|||F|||50|]Sinistcha||KasibBerry|Hospitality|MatchaGotcha,ShadowBall,RagePowder,Protect||||||50|]Politoed||SitrusBerry|Drizzle|WeatherBall,RainDance,Encore,Protect|||F|||50|]Scizor||Scizorite|Technician|BulletPunch,BugBite,SwordsDance,Protect|||M|||50|]Incineroar||ChopleBerry|Intimidate|FakeOut,FlareBlitz,WillOWisp,PartingShot|||F|||50|\n|j| LanternComic\n|\n|t:|1776190707\n|teamsize|p1|4\n|teamsize|p2|4\n|start\n|switch|p1a: Delphox|Delphox, L50, F|100/100\n|switch|p1b: Whimsicott|Whimsicott, L50, M, shiny|100/100\n|switch|p2a: Incineroar|Incineroar, L50, F|100/100\n|switch|p2b: Archaludon|Archaludon, L50, F|100/100\n|-ability|p2a: Incineroar|Intimidate|boost\n|-unboost|p1a: Delphox|atk|1\n|-unboost|p1b: Whimsicott|atk|1\n|turn|1\n|j|+skymin<3\n|\n|t:|1776190718\n|switch|p1b: Garchomp|Garchomp, L50, F|100/100\n|detailschange|p1a: Delphox|Delphox-Mega, L50, F\n|-mega|p1a: Delphox|Delphox|Delphoxite\n|move|p2a: Incineroar|Fake Out|p1a: Delphox\n|-damage|p1a: Delphox|86/100\n|cant|p1a: Delphox|flinch\n|move|p2b: Archaludon|Flash Cannon|p1b: Garchomp\n|-damage|p1b: Garchomp|62/100\n|\n|upkeep\n|turn|2\n|\n|t:|1776190736\n|switch|p2a: Politoed|Politoed, L50, F|100/100\n|-weather|RainDance|[from] ability: Drizzle|[of] p2a: Politoed\n|move|p1b: Garchomp|Earthquake|p2a: Politoed|[spread] p2a,p2b\n|-immune|p1a: Delphox|[from] ability: Levitate\n|-supereffective|p2b: Archaludon|1\n|-damage|p2a: Politoed|64/100\n|-damage|p2b: Archaludon|40/100\n|-ability|p2b: Archaludon|Stamina|boost\n|-boost|p2b: Archaludon|def|1\n|move|p1a: Delphox|Heat Wave|p2b: Archaludon|[spread] p2a,p2b\n|-resisted|p2a: Politoed|1\n|-damage|p2a: Politoed|57/100\n|-damage|p2b: Archaludon|21/100\n|-ability|p2b: Archaludon|Stamina|boost\n|-boost|p2b: Archaludon|def|1\n|move|p2b: Archaludon|Electro Shot||[still]\n|-prepare|p2b: Archaludon|Electro Shot\n|-boost|p2b: Archaludon|spa|1\n|-anim|p2b: Archaludon|Electro Shot|p1a: Delphox\n|-damage|p1a: Delphox|31/100\n|\n|-weather|RainDance|[upkeep]\n|-heal|p2b: Archaludon|27/100|[from] item: Leftovers\n|upkeep\n|turn|3\n|\n|t:|1776190751\n|switch|p2a: Incineroar|Incineroar, L50, F|100/100\n|-ability|p2a: Incineroar|Intimidate|boost\n|-unboost|p1a: Delphox|atk|1\n|-unboost|p1b: Garchomp|atk|1\n|move|p2b: Archaludon|Protect|p2b: Archaludon\n|-singleturn|p2b: Archaludon|Protect\n|move|p1b: Garchomp|Earthquake|p2b: Archaludon|[spread] p2a\n|-activate|p2b: Archaludon|move: Protect\n|-immune|p1a: Delphox|[from] ability: Levitate\n|-supereffective|p2a: Incineroar|1\n|-damage|p2a: Incineroar|43/100\n|move|p1a: Delphox|Psychic|p2a: Incineroar\n|-immune|p2a: Incineroar\n|\n|-weather|RainDance|[upkeep]\n|-heal|p2b: Archaludon|33/100|[from] item: Leftovers\n|upkeep\n|turn|4\n|\n|t:|1776190767\n|switch|p1a: Whimsicott|Whimsicott, L50, M, shiny|100/100\n|move|p2a: Incineroar|Fake Out|p1a: Whimsicott\n|-damage|p1a: Whimsicott|86/100\n|move|p1b: Garchomp|Earthquake|p2b: Archaludon|[spread] p1a,p2a,p2b\n|-resisted|p1a: Whimsicott|1\n|-supereffective|p2a: Incineroar|1\n|-supereffective|p2b: Archaludon|1\n|-damage|p1a: Whimsicott|66/100\n|-damage|p2a: Incineroar|0 fnt\n|-damage|p2b: Archaludon|8/100\n|-ability|p2b: Archaludon|Stamina|boost\n|-boost|p2b: Archaludon|def|1\n|faint|p2a: Incineroar\n|move|p2b: Archaludon|Flash Cannon|p1b: Garchomp\n|-damage|p1b: Garchomp|4/100\n|\n|-weather|RainDance|[upkeep]\n|-heal|p2b: Archaludon|15/100|[from] item: Leftovers\n|upkeep\n|\n|t:|1776190779\n|switch|p2a: Scizor|Scizor, L50, M|100/100\n|turn|5\n|\n|t:|1776190786\n|detailschange|p2a: Scizor|Scizor-Mega, L50, M\n|-mega|p2a: Scizor|Scizor|Scizorite\n|move|p2b: Archaludon|Protect|p2b: Archaludon\n|-singleturn|p2b: Archaludon|Protect\n|move|p1a: Whimsicott|Sunny Day|p1a: Whimsicott\n|-weather|SunnyDay\n|move|p2a: Scizor|Bullet Punch|p1a: Whimsicott\n|-supereffective|p1a: Whimsicott|1\n|-crit|p1a: Whimsicott\n|-damage|p1a: Whimsicott|0 fnt\n|faint|p1a: Whimsicott\n|move|p1b: Garchomp|Earthquake|p2a: Scizor|[spread] p2a\n|-activate|p2b: Archaludon|move: Protect\n|-damage|p2a: Scizor|80/100\n|\n|-weather|SunnyDay|[upkeep]\n|-heal|p2b: Archaludon|21/100|[from] item: Leftovers\n|upkeep\n|\n|t:|1776190810\n|switch|p1a: Delphox|Delphox-Mega, L50, F|31/100\n|turn|6\n|\n|t:|1776190824\n|switch|p1b: Sneasler|Sneasler, L50, M|100/100\n|move|p2b: Archaludon|Protect||[still]\n|-fail|p2b: Archaludon\n|move|p2a: Scizor|Bullet Punch|p1b: Sneasler\n|-damage|p1b: Sneasler|47/100\n|move|p1a: Delphox|Heat Wave|p2a: Scizor|[spread] p2a,p2b\n|-supereffective|p2a: Scizor|2\n|-damage|p2a: Scizor|0 fnt\n|-damage|p2b: Archaludon|0 fnt\n|faint|p2a: Scizor\n|faint|p2b: Archaludon\n|\n|-weather|SunnyDay|[upkeep]\n|upkeep\n|-message|TTT x forfeited.\n|\n|win|Giftedyewsucks\n|l|\u2606TTT x\n|player|p2|\n",
  "uploadtime": 1776190837,
  "views": 137,
  "formatid": "gen9championsvgc2026regma",
  "rating": null,
  "private": 0,
  "password": null
}