{
  "id": "gen9championsvgc2026regma-2581394300",
  "format": "[Gen 9 Champions] VGC 2026 Reg M-A",
  "players": [
    "soulo333",
    "watershuriken97"
  ],
  "log": "|j|\u2606soulo333\n|j|\u2606watershuriken97\n|t:|1775995763\n|gametype|doubles\n|player|p1|soulo333|2|1123\n|player|p2|watershuriken97|169|1039\n|gen|9\n|tier|[Gen 9 Champions] VGC 2026 Reg M-A\n|rated|\n|rule|Species Clause: Limit one of each Pok\u00e9mon\n|rule|Item Clause: Limit 1 of each item\n|clearpoke\n|poke|p1|Charizard, L50, M|\n|poke|p1|Kingambit, L50, F|\n|poke|p1|Rotom-Wash, L50|\n|poke|p1|Sinistcha, L50|\n|poke|p1|Ninetales-Alola, L50, F|\n|poke|p1|Sneasler, L50, F|\n|poke|p2|Sinistcha, L50|\n|poke|p2|Starmie, L50|\n|poke|p2|Farigiraf, L50, F|\n|poke|p2|Garchomp, L50, F|\n|poke|p2|Dragapult, L50, F|\n|poke|p2|Incineroar, L50, M|\n|teampreview|4\n|\n|t:|1775995791\n|teamsize|p1|4\n|teamsize|p2|4\n|start\n|switch|p1a: Kingambit|Kingambit, L50, F|100/100\n|switch|p1b: Rotom|Rotom-Wash, L50|100/100\n|switch|p2a: Starmie|Starmie, L50|100/100\n|switch|p2b: Farigiraf|Farigiraf, L50, F|100/100\n|turn|1\n|\n|t:|1775995808\n|switch|p2b: Incineroar|Incineroar, L50, M|100/100\n|-ability|p2b: Incineroar|Intimidate|boost\n|-unboost|p1a: Kingambit|atk|1\n|-ability|p1a: Kingambit|Defiant|boost\n|-boost|p1a: Kingambit|atk|2\n|-unboost|p1b: Rotom|atk|1\n|detailschange|p2a: Starmie|Starmie-Mega, L50\n|-mega|p2a: Starmie|Starmie|Starminite\n|move|p2a: Starmie|Skill Swap|p2b: Incineroar\n|-activate|p2a: Starmie|Skill Swap|||[of] p2b: Incineroar\n|-ability|p2a: Starmie|Intimidate|boost\n|-unboost|p1a: Kingambit|atk|1\n|-ability|p1a: Kingambit|Defiant|boost\n|-boost|p1a: Kingambit|atk|2\n|-unboost|p1b: Rotom|atk|1\n|move|p1b: Rotom|Volt Switch|p2b: Incineroar\n|-damage|p2b: Incineroar|75/100\n|\n|t:|1775995818\n|switch|p1b: Sinistcha|Sinistcha, L50|100/100|[from] Volt Switch\n|move|p1a: Kingambit|Kowtow Cleave|p2b: Incineroar\n|-resisted|p2b: Incineroar|1\n|-damage|p2b: Incineroar|32/100\n|\n|upkeep\n|turn|2\n|\n|t:|1775995831\n|switch|p2a: Sinistcha|Sinistcha, L50|100/100\n|-heal|p2b: Incineroar|56/100|[from] ability: Hospitality|[of] p2a: Sinistcha\n|move|p1b: Sinistcha|Rage Powder|p1b: Sinistcha\n|-singleturn|p1b: Sinistcha|move: Rage Powder\n|move|p2b: Incineroar|Drain Punch|p1b: Sinistcha\n|-immune|p1b: Sinistcha\n|move|p1a: Kingambit|Kowtow Cleave|p2b: Incineroar\n|-resisted|p2b: Incineroar|1\n|-damage|p2b: Incineroar|14/100\n|\n|upkeep\n|turn|3\n|\n|t:|1775995844\n|move|p2a: Sinistcha|Life Dew||[still]|[spread] p2a,p2b\n|-fail|p2a: Sinistcha|heal\n|-heal|p2b: Incineroar|40/100\n|move|p1b: Sinistcha|Matcha Gotcha|p2a: Sinistcha|[spread] p2a,p2b\n|-resisted|p2a: Sinistcha|1\n|-resisted|p2b: Incineroar|1\n|-damage|p2a: Sinistcha|88/100\n|-damage|p2b: Incineroar|30/100\n|move|p2b: Incineroar|Darkest Lariat|p1b: Sinistcha\n|-supereffective|p1b: Sinistcha|1\n|-damage|p1b: Sinistcha|0 fnt\n|faint|p1b: Sinistcha\n|-heal|p2b: Incineroar|41/100|[from] item: Shell Bell|[of] p1: Sinistcha\n|move|p1a: Kingambit|Kowtow Cleave|p2a: Sinistcha\n|-supereffective|p2a: Sinistcha|1\n|-damage|p2a: Sinistcha|0 fnt\n|faint|p2a: Sinistcha\n|\n|upkeep\n|\n|t:|1775995861\n|switch|p2a: Farigiraf|Farigiraf, L50, F|100/100\n|switch|p1b: Rotom|Rotom-Wash, L50|100/100\n|turn|4\n|\n|t:|1775995866\n|move|p2a: Farigiraf|Helping Hand|p2b: Incineroar\n|-singleturn|p2b: Incineroar|Helping Hand|[of] p2a: Farigiraf\n|move|p1b: Rotom|Thunderbolt|p2b: Incineroar\n|-damage|p2b: Incineroar|11/100\n|move|p2b: Incineroar|Darkest Lariat|p1b: Rotom\n|-damage|p1b: Rotom|0 fnt\n|faint|p1b: Rotom\n|-heal|p2b: Incineroar|21/100|[from] item: Shell Bell|[of] p1: Rotom\n|move|p1a: Kingambit|Kowtow Cleave|p2a: Farigiraf\n|-supereffective|p2a: Farigiraf|1\n|-damage|p2a: Farigiraf|0 fnt\n|faint|p2a: Farigiraf\n|\n|upkeep\n|\n|t:|1775995873\n|switch|p1b: Charizard|Charizard, L50, M|100/100\n|switch|p2a: Starmie|Starmie-Mega, L50|100/100\n|turn|5\n|\n|t:|1775995889\n|detailschange|p1b: Charizard|Charizard-Mega-X, L50, M\n|-mega|p1b: Charizard|Charizard|Charizardite X\n|move|p2a: Starmie|Scald|p1b: Charizard\n|-damage|p1b: Charizard|55/100\n|move|p1b: Charizard|Dragon Claw|p2b: Incineroar\n|-damage|p2b: Incineroar|0 fnt\n|faint|p2b: Incineroar\n|move|p1a: Kingambit|Kowtow Cleave|p2a: Starmie\n|-supereffective|p2a: Starmie|1\n|-damage|p2a: Starmie|0 fnt\n|faint|p2a: Starmie\n|\n|win|soulo333\n|raw|soulo333's rating: 1123 &rarr; <strong>1142</strong><br />(+19 for winning)\n|raw|watershuriken97's rating: 1039 &rarr; <strong>1027</strong><br />(-12 for losing)\n",
  "uploadtime": 1775995890,
  "views": 19,
  "formatid": "gen9championsvgc2026regma",
  "rating": 1027,
  "private": 0,
  "password": null
}