{
  "id": "gen9championsvgc2026regma-2582707525",
  "format": "[Gen 9 Champions] VGC 2026 Reg M-A",
  "players": [
    "Filipe 5x",
    "rajyesh1"
  ],
  "log": "|j|\u2606Filipe 5x\n|j|\u2606rajyesh1\n|t:|1776108642\n|gametype|doubles\n|player|p1|Filipe 5x|266|1000\n|player|p2|rajyesh1|lucas|1076\n|gen|9\n|tier|[Gen 9 Champions] VGC 2026 Reg M-A\n|rated|\n|rule|Species Clause: Limit one of each Pok\u00e9mon\n|rule|Item Clause: Limit 1 of each item\n|clearpoke\n|poke|p1|Incineroar, L50, M|\n|poke|p1|Sneasler, L50, M|\n|poke|p1|Kingambit, L50, M|\n|poke|p1|Garchomp, L50, M|\n|poke|p1|Tyrantrum, L50, M|\n|poke|p1|Blastoise, L50, M|\n|poke|p2|Charizard, L50, M|\n|poke|p2|Venusaur, L50, M|\n|poke|p2|Garchomp, L50, M|\n|poke|p2|Rotom-Wash, L50|\n|poke|p2|Sneasler, L50, M|\n|poke|p2|Incineroar, L50, M|\n|teampreview|4\n|inactive|Battle timer is ON: inactive players will automatically lose when time's up. (requested by rajyesh1)\n|inactive|rajyesh1 has 60 seconds left.\n|\n|t:|1776108701\n|teamsize|p1|4\n|teamsize|p2|4\n|start\n|switch|p1a: Sneasler|Sneasler, L50, M|100/100\n|switch|p1b: Garchomp|Garchomp, L50, M|100/100\n|switch|p2a: Charizard|Charizard, L50, M|100/100\n|switch|p2b: Venusaur|Venusaur, L50, M|100/100\n|turn|1\n|inactive|Filipe 5x has 30 seconds left.\n|\n|t:|1776108731\n|switch|p2b: Garchomp|Garchomp, L50, M|100/100\n|move|p2a: Charizard|Protect|p2a: Charizard\n|-singleturn|p2a: Charizard|Protect\n|move|p1a: Sneasler|Fake Out|p2a: Charizard\n|-activate|p2a: Charizard|move: Protect\n|move|p1b: Garchomp|Rock Slide|p2b: Garchomp|[spread] p2b\n|-activate|p2a: Charizard|move: Protect\n|-resisted|p2b: Garchomp|1\n|-damage|p2b: Garchomp|91/100\n|\n|upkeep\n|turn|2\n|inactive|Filipe 5x has 30 seconds left.\n|inactive|rajyesh1 has 30 seconds left.\n|\n|t:|1776108760\n|switch|p2a: Rotom|Rotom-Wash, L50|100/100\n|move|p2b: Garchomp|Earthquake|p1b: Garchomp|[spread] p1a,p1b\n|-immune|p2a: Rotom|[from] ability: Levitate\n|-supereffective|p1a: Sneasler|1\n|-damage|p1a: Sneasler|0 fnt\n|-damage|p1b: Garchomp|61/100\n|faint|p1a: Sneasler\n|move|p1b: Garchomp|Rock Slide|p2b: Garchomp|[spread] p2a,p2b\n|-resisted|p2b: Garchomp|1\n|-damage|p2a: Rotom|81/100\n|-damage|p2b: Garchomp|81/100\n|\n|-heal|p2a: Rotom|86/100|[from] item: Leftovers\n|upkeep\n|\n|t:|1776108767\n|switch|p1a: Blastoise|Blastoise, L50, M|100/100\n|turn|3\n|\n|t:|1776108780\n|detailschange|p1a: Blastoise|Blastoise-Mega, L50, M\n|-mega|p1a: Blastoise|Blastoise|Blastoisinite\n|move|p2b: Garchomp|Earthquake|p1b: Garchomp|[spread] p1a,p1b\n|-immune|p2a: Rotom|[from] ability: Levitate\n|-damage|p1a: Blastoise|67/100\n|-damage|p1b: Garchomp|21/100\n|move|p1b: Garchomp|Dragon Claw|p2a: Rotom\n|-damage|p2a: Rotom|46/100\n|move|p2a: Rotom|Thunderbolt|p1a: Blastoise\n|-supereffective|p1a: Blastoise|1\n|-damage|p1a: Blastoise|7/100\n|move|p1a: Blastoise|Dragon Pulse|p2b: Garchomp\n|-supereffective|p2b: Garchomp|1\n|-damage|p2b: Garchomp|0 fnt\n|faint|p2b: Garchomp\n|\n|-heal|p2a: Rotom|52/100|[from] item: Leftovers\n|upkeep\n|\n|t:|1776108794\n|switch|p2b: Charizard|Charizard, L50, M|100/100\n|turn|4\n|\n|t:|1776108812\n|detailschange|p2b: Charizard|Charizard-Mega-Y, L50, M\n|-mega|p2b: Charizard|Charizard|Charizardite Y\n|-weather|SunnyDay|[from] ability: Drought|[of] p2b: Charizard\n|move|p2b: Charizard|Heat Wave|p1b: Garchomp|[spread] p1a,p1b\n|-resisted|p1a: Blastoise|1\n|-resisted|p1b: Garchomp|1\n|-damage|p1a: Blastoise|0 fnt\n|-damage|p1b: Garchomp|0 fnt\n|faint|p1a: Blastoise\n|faint|p1b: Garchomp\n|move|p2a: Rotom|Will-O-Wisp|p1: Blastoise|[notarget]\n|-fail|p2a: Rotom\n|\n|-weather|SunnyDay|[upkeep]\n|-heal|p2a: Rotom|58/100|[from] item: Leftovers\n|upkeep\n|\n|t:|1776108829\n|switch|p1a: Incineroar|Incineroar, L50, M|100/100\n|-ability|p1a: Incineroar|Intimidate|boost\n|-unboost|p2a: Rotom|atk|1\n|-unboost|p2b: Charizard|atk|1\n|turn|5\n|\n|t:|1776108842\n|move|p1a: Incineroar|Fake Out|p2b: Charizard\n|-damage|p2b: Charizard|84/100\n|cant|p2b: Charizard|flinch\n|move|p2a: Rotom|Thunderbolt|p1a: Incineroar\n|-damage|p1a: Incineroar|69/100\n|-status|p1a: Incineroar|par\n|\n|-weather|SunnyDay|[upkeep]\n|-heal|p2a: Rotom|64/100|[from] item: Leftovers\n|upkeep\n|turn|6\n|\n|t:|1776108855\n|move|p2b: Charizard|Weather Ball|p1a: Incineroar\n|-resisted|p1a: Incineroar|1\n|-damage|p1a: Incineroar|28/100 par\n|-enditem|p1a: Incineroar|Sitrus Berry|[eat]\n|-heal|p1a: Incineroar|53/100 par|[from] item: Sitrus Berry\n|move|p2a: Rotom|Thunderbolt|p1a: Incineroar\n|-damage|p1a: Incineroar|22/100 par\n|move|p1a: Incineroar|Darkest Lariat|p2a: Rotom\n|-damage|p2a: Rotom|27/100\n|\n|-weather|SunnyDay|[upkeep]\n|-heal|p2a: Rotom|32/100|[from] item: Leftovers\n|upkeep\n|turn|7\n|\n|t:|1776108869\n|move|p2b: Charizard|Solar Beam||[still]\n|-prepare|p2b: Charizard|Solar Beam\n|-anim|p2b: Charizard|Solar Beam|p1a: Incineroar\n|-resisted|p1a: Incineroar|1\n|-damage|p1a: Incineroar|3/100 par\n|move|p2a: Rotom|Thunderbolt|p1a: Incineroar\n|-damage|p1a: Incineroar|0 fnt\n|faint|p1a: Incineroar\n|\n|win|rajyesh1\n|raw|Filipe 5x's rating: 1000 &rarr; <strong>1000</strong><br />(+0 for losing)\n|raw|rajyesh1's rating: 1076 &rarr; <strong>1098</strong><br />(+22 for winning)\n",
  "uploadtime": 1776108879,
  "views": 11,
  "formatid": "gen9championsvgc2026regma",
  "rating": 1000,
  "private": 0,
  "password": null
}