{
  "id": "gen9championsvgc2026regma-2588784322",
  "format": "[Gen 9 Champions] VGC 2026 Reg M-A",
  "players": [
    "w4toto",
    "JPRAR"
  ],
  "log": "|j|\u2606w4toto\n|j|\u2606JPRAR\n|t:|1776670383\n|gametype|doubles\n|player|p1|w4toto|volkner|1152\n|player|p2|JPRAR|266|1153\n|gen|9\n|tier|[Gen 9 Champions] VGC 2026 Reg M-A\n|rated|\n|rule|Species Clause: Limit one of each Pok\u00e9mon\n|rule|Item Clause: Limit 1 of each item\n|clearpoke\n|poke|p1|Zoroark-Hisui, L50, M, shiny|\n|poke|p1|Garchomp, L50, M|\n|poke|p1|Kingambit, L50, F|\n|poke|p1|Sneasler, L50, F|\n|poke|p1|Rotom-Wash, L50|\n|poke|p1|Lucario, L50, F|\n|poke|p2|Floette-Eternal, L50, F|\n|poke|p2|Incineroar, L50, F, shiny|\n|poke|p2|Pelipper, L50, M, shiny|\n|poke|p2|Sneasler, L50, F|\n|poke|p2|Sinistcha-Masterpiece, L50|\n|poke|p2|Garchomp, L50, M|\n|teampreview|4\n|inactive|Battle timer is ON: inactive players will automatically lose when time's up. (requested by w4toto)\n|inactive|w4toto has 60 seconds left.\n|\n|t:|1776670418\n|teamsize|p1|4\n|teamsize|p2|4\n|start\n|switch|p1a: Lucario|Lucario, L50, F|100/100\n|switch|p1b: Rotom|Rotom-Wash, L50|100/100\n|switch|p2a: Garchomp|Garchomp, L50, M|100/100\n|switch|p2b: Incineroar|Incineroar, L50, F, shiny|100/100\n|-ability|p2b: Incineroar|Intimidate|boost\n|-unboost|p1a: Lucario|atk|1\n|-unboost|p1b: Rotom|atk|1\n|turn|1\n|\n|t:|1776670437\n|move|p2b: Incineroar|Fake Out|p1b: Rotom\n|-damage|p1b: Rotom|88/100\n|move|p2a: Garchomp|Stomping Tantrum|p1a: Lucario\n|-damage|p1a: Lucario|16/100\n|replace|p1a: Zoroark|Zoroark-Hisui, L50, M, shiny\n|-end|p1a: Zoroark|Illusion\n|move|p1a: Zoroark|Icy Wind|p2b: Incineroar|[spread] p2a,p2b\n|-supereffective|p2a: Garchomp|2\n|-resisted|p2b: Incineroar|1\n|-damage|p2a: Garchomp|47/100\n|-damage|p2b: Incineroar|95/100\n|-unboost|p2a: Garchomp|spe|1\n|-unboost|p2b: Incineroar|spe|1\n|cant|p1b: Rotom|flinch\n|\n|-heal|p1b: Rotom|94/100|[from] item: Leftovers\n|upkeep\n|turn|2\n|\n|t:|1776670458\n|switch|p2a: Sneasler|Sneasler, L50, F|100/100\n|move|p1a: Zoroark|Icy Wind|p2b: Incineroar|[spread] p2a,p2b\n|-resisted|p2b: Incineroar|1\n|-damage|p2a: Sneasler|82/100\n|-damage|p2b: Incineroar|88/100\n|-unboost|p2a: Sneasler|spe|1\n|-unboost|p2b: Incineroar|spe|1\n|-enditem|p2a: Sneasler|White Herb\n|-clearnegativeboost|p2a: Sneasler|[silent]\n|move|p1b: Rotom|Hydro Pump|p2b: Incineroar|[miss]\n|-miss|p1b: Rotom|p2b: Incineroar\n|move|p2b: Incineroar|Flare Blitz|p1a: Zoroark\n|-damage|p1a: Zoroark|0 fnt\n|faint|p1a: Zoroark\n|-damage|p2b: Incineroar|85/100|[from] Recoil\n|\n|-heal|p1b: Rotom|99/100|[from] item: Leftovers\n|upkeep\n|\n|t:|1776670471\n|switch|p1a: Lana the Nail Tech|Sneasler, L50, F|100/100\n|turn|3\n|inactive|w4toto has 30 seconds left.\n|inactive|JPRAR has 30 seconds left.\n|\n|t:|1776670501\n|move|p2a: Sneasler|Fake Out|p1b: Rotom\n|-damage|p1b: Rotom|86/100\n|move|p1a: Lana the Nail Tech|Fake Out|p2a: Sneasler\n|-damage|p2a: Sneasler|56/100\n|cant|p1b: Rotom|flinch\n|move|p2b: Incineroar|Parting Shot|p1b: Rotom\n|-unboost|p1b: Rotom|atk|1\n|-unboost|p1b: Rotom|spa|1\n|\n|t:|1776670511\n|switch|p2b: Floette|Floette-Eternal, L50, F|100/100|[from] Parting Shot\n|\n|-heal|p1b: Rotom|92/100|[from] item: Leftovers\n|upkeep\n|turn|4\n|\n|t:|1776670528\n|move|p2b: Floette|Protect|p2b: Floette\n|-singleturn|p2b: Floette|Protect\n|move|p2a: Sneasler|Close Combat|p1b: Rotom\n|-damage|p1b: Rotom|32/100\n|-unboost|p2a: Sneasler|def|1\n|-unboost|p2a: Sneasler|spd|1\n|move|p1a: Lana the Nail Tech|Dire Claw|p2b: Floette\n|-activate|p2b: Floette|move: Protect\n|move|p1b: Rotom|Volt Switch|p2a: Sneasler\n|-damage|p2a: Sneasler|20/100\n|\n|t:|1776670537\n|switch|p1b: Lucario|Lucario, L50, F|100/100|[from] Volt Switch\n|\n|upkeep\n|turn|5\n|\n|t:|1776670546\n|switch|p2a: Incineroar|Incineroar, L50, F, shiny|85/100\n|-ability|p2a: Incineroar|Intimidate|boost\n|-unboost|p1a: Lana the Nail Tech|atk|1\n|-fail|p1b: Lucario|unboost|Attack|[from] ability: Inner Focus|[of] p1b: Lucario\n|-enditem|p1a: Lana the Nail Tech|White Herb\n|-clearnegativeboost|p1a: Lana the Nail Tech|[silent]\n|switch|p2b: Garchomp|Garchomp, L50, M|47/100\n|detailschange|p1b: Lucario|Lucario-Mega, L50, F\n|-mega|p1b: Lucario|Lucario|Lucarionite\n|move|p1b: Lucario|Vacuum Wave|p2a: Incineroar\n|-supereffective|p2a: Incineroar|1\n|-damage|p2a: Incineroar|27/100\n|-enditem|p2a: Incineroar|Sitrus Berry|[eat]\n|-heal|p2a: Incineroar|52/100|[from] item: Sitrus Berry\n|move|p1a: Lana the Nail Tech|Dire Claw|p2b: Garchomp\n|-resisted|p2b: Garchomp|1\n|-damage|p2b: Garchomp|24/100\n|-status|p2b: Garchomp|slp\n|-damage|p1a: Lana the Nail Tech|88/100|[from] ability: Rough Skin|[of] p2b: Garchomp\n|\n|upkeep\n|turn|6\n|\n|t:|1776670569\n|move|p2a: Incineroar|Fake Out|p1a: Lana the Nail Tech\n|-damage|p1a: Lana the Nail Tech|68/100\n|cant|p1a: Lana the Nail Tech|flinch\n|cant|p2b: Garchomp|slp\n|move|p1b: Lucario|Focus Blast|p2a: Incineroar\n|-supereffective|p2a: Incineroar|1\n|-damage|p2a: Incineroar|0 fnt\n|faint|p2a: Incineroar\n|\n|upkeep\n|\n|t:|1776670579\n|switch|p2a: Sneasler|Sneasler, L50, F|20/100\n|turn|7\n|\n|t:|1776670585\n|move|p1a: Lana the Nail Tech|Protect|p1a: Lana the Nail Tech\n|-singleturn|p1a: Lana the Nail Tech|Protect\n|move|p1b: Lucario|Protect|p1b: Lucario\n|-singleturn|p1b: Lucario|Protect\n|move|p2a: Sneasler|Fake Out|p1a: Lana the Nail Tech\n|-activate|p1a: Lana the Nail Tech|move: Protect\n|cant|p2b: Garchomp|slp\n|\n|upkeep\n|turn|8\n|\n|t:|1776670595\n|move|p1b: Lucario|Vacuum Wave|p2a: Sneasler\n|-resisted|p2a: Sneasler|1\n|-damage|p2a: Sneasler|0 fnt\n|faint|p2a: Sneasler\n|move|p1a: Lana the Nail Tech|Close Combat|p2b: Garchomp\n|-damage|p2b: Garchomp|0 fnt\n|-unboost|p1a: Lana the Nail Tech|def|1\n|-unboost|p1a: Lana the Nail Tech|spd|1\n|-damage|p1a: Lana the Nail Tech|56/100|[from] ability: Rough Skin|[of] p2b: Garchomp\n|faint|p2b: Garchomp\n|\n|upkeep\n|\n|t:|1776670601\n|switch|p2b: Floette|Floette-Eternal, L50, F|100/100\n|turn|9\n|\n|t:|1776670608\n|detailschange|p2b: Floette|Floette-Mega, L50, F\n|-mega|p2b: Floette|Floette|Floettite\n|-ability|p2b: Floette|Fairy Aura\n|move|p1a: Lana the Nail Tech|Dire Claw|p2b: Floette\n|-supereffective|p2b: Floette|1\n|-damage|p2b: Floette|0 fnt\n|faint|p2b: Floette\n|\n|win|w4toto\n|raw|w4toto's rating: 1152 &rarr; <strong>1177</strong><br />(+25 for winning)\n|raw|JPRAR's rating: 1153 &rarr; <strong>1128</strong><br />(-25 for losing)\n|l|\u2606JPRAR\n|player|p2|\n",
  "uploadtime": 1776670616,
  "views": 17,
  "formatid": "gen9championsvgc2026regma",
  "rating": 1128,
  "private": 0,
  "password": null
}