{
  "id": "gen9championsvgc2026regma-2586362485",
  "format": "[Gen 9 Champions] VGC 2026 Reg M-A",
  "players": [
    "zoidfarb",
    "NicholasDousa"
  ],
  "log": "|j|\u2606zoidfarb\n|j|\u2606NicholasDousa\n|t:|1776428883\n|gametype|doubles\n|player|p1|zoidfarb|102|1143\n|player|p2|NicholasDousa|brock|1227\n|gen|9\n|tier|[Gen 9 Champions] VGC 2026 Reg M-A\n|rated|\n|rule|Species Clause: Limit one of each Pok\u00e9mon\n|rule|Item Clause: Limit 1 of each item\n|clearpoke\n|poke|p1|Gengar, L50, M|\n|poke|p1|Incineroar, L50, M|\n|poke|p1|Whimsicott, L50, M|\n|poke|p1|Volcarona, L50, M|\n|poke|p1|Gardevoir, L50, F|\n|poke|p1|Rotom-Wash, L50|\n|poke|p2|Aggron, L50, F|\n|poke|p2|Sinistcha, L50|\n|poke|p2|Incineroar, L50, M|\n|poke|p2|Dragonite, L50, M|\n|poke|p2|Basculegion, L50, M|\n|poke|p2|Pelipper, L50, F|\n|teampreview|4\n|inactive|Battle timer is ON: inactive players will automatically lose when time's up. (requested by zoidfarb)\n|inactive|zoidfarb has 60 seconds left.\n|inactive|NicholasDousa has 60 seconds left.\n|inactive|zoidfarb has 30 seconds left.\n|inactive|zoidfarb has 20 seconds left.\n|inactive|zoidfarb has 15 seconds left.\n|inactive|zoidfarb has 10 seconds left.\n|inactive|zoidfarb has 5 seconds left.\n|\n|t:|1776428972\n|teamsize|p1|4\n|teamsize|p2|4\n|start\n|switch|p1a: Incineroar|Incineroar, L50, M|100/100\n|switch|p1b: Rotom|Rotom-Wash, L50|100/100\n|switch|p2a: Basculegion|Basculegion, L50, M|100/100\n|switch|p2b: Incineroar|Incineroar, L50, M|100/100\n|-ability|p2b: Incineroar|Intimidate|boost\n|-unboost|p1a: Incineroar|atk|1\n|-unboost|p1b: Rotom|atk|1\n|-ability|p1a: Incineroar|Intimidate|boost\n|-unboost|p2a: Basculegion|atk|1\n|-unboost|p2b: Incineroar|atk|1\n|turn|1\n|inactive|zoidfarb has 30 seconds left.\n|inactive|NicholasDousa has 30 seconds left.\n|inactive|NicholasDousa has 20 seconds left.\n|inactive|NicholasDousa has 15 seconds left.\n|-activate|p1b: Rotom|item: Quick Claw\n|\n|t:|1776429014\n|move|p1a: Incineroar|Fake Out|p2b: Incineroar\n|-damage|p2b: Incineroar|94/100\n|move|p1b: Rotom|Thunderbolt|p2a: Basculegion\n|-supereffective|p2a: Basculegion|1\n|-damage|p2a: Basculegion|0 fnt\n|faint|p2a: Basculegion\n|cant|p2b: Incineroar|flinch\n|\n|upkeep\n|inactive|NicholasDousa has 30 seconds left.\n|\n|t:|1776429048\n|switch|p2a: Aggron|Aggron, L50, F|100/100\n|turn|2\n|inactive|NicholasDousa has 30 seconds left.\n|\n|t:|1776429078\n|detailschange|p2a: Aggron|Aggron-Mega, L50, F\n|-mega|p2a: Aggron|Aggron|Aggronite\n|move|p2a: Aggron|Protect|p2a: Aggron\n|-singleturn|p2a: Aggron|Protect\n|move|p1b: Rotom|Will-O-Wisp|p2a: Aggron\n|-activate|p2a: Aggron|move: Protect\n|move|p2b: Incineroar|Parting Shot|p1b: Rotom\n|-unboost|p1b: Rotom|atk|1\n|-unboost|p1b: Rotom|spa|1\n|\n|t:|1776429091\n|switch|p2b: Sinistcha|Sinistcha, L50|100/100|[from] Parting Shot\n|move|p1a: Incineroar|Parting Shot|p2a: Aggron\n|-activate|p2a: Aggron|move: Protect\n|\n|upkeep\n|turn|3\n|\n|t:|1776429116\n|switch|p1b: Gengar|Gengar, L50, M|100/100\n|move|p2b: Sinistcha|Rage Powder|p2b: Sinistcha\n|-singleturn|p2b: Sinistcha|move: Rage Powder\n|move|p1a: Incineroar|Parting Shot|p2b: Sinistcha\n|-unboost|p2b: Sinistcha|atk|1\n|-unboost|p2b: Sinistcha|spa|1\n|\n|t:|1776429124\n|switch|p1a: Rotom|Rotom-Wash, L50|100/100|[from] Parting Shot\n|move|p2a: Aggron|Iron Defense|p2a: Aggron\n|-boost|p2a: Aggron|def|2\n|\n|upkeep\n|turn|4\n|inactive|zoidfarb has 30 seconds left.\n|-activate|p1a: Rotom|item: Quick Claw\n|\n|t:|1776429158\n|detailschange|p1b: Gengar|Gengar-Mega, L50, M\n|-mega|p1b: Gengar|Gengar|Gengarite\n|move|p2a: Aggron|Protect|p2a: Aggron\n|-singleturn|p2a: Aggron|Protect\n|move|p1a: Rotom|Will-O-Wisp|p2a: Aggron\n|-activate|p2a: Aggron|move: Protect\n|move|p1b: Gengar|Sludge Bomb|p2b: Sinistcha\n|-damage|p2b: Sinistcha|44/100\n|move|p2b: Sinistcha|Trick Room|p2b: Sinistcha\n|-fieldstart|move: Trick Room|[of] p2b: Sinistcha\n|\n|upkeep\n|turn|5\n|\n|t:|1776429180\n|move|p2a: Aggron|Body Press|p1a: Rotom\n|-damage|p1a: Rotom|12/100\n|move|p2b: Sinistcha|Matcha Gotcha|p1a: Rotom|[spread] p1a,p1b\n|-supereffective|p1a: Rotom|1\n|-resisted|p1b: Gengar|1\n|-damage|p1a: Rotom|0 fnt\n|-heal|p2b: Sinistcha|49/100|[from] drain|[of] p1a: Rotom\n|-damage|p1b: Gengar|90/100\n|-heal|p2b: Sinistcha|54/100|[from] drain|[of] p1b: Gengar\n|faint|p1a: Rotom\n|move|p1b: Gengar|Shadow Ball|p2b: Sinistcha\n|-supereffective|p2b: Sinistcha|1\n|-enditem|p2b: Sinistcha|Kasib Berry|[eat]\n|-enditem|p2b: Sinistcha|Kasib Berry|[weaken]\n|-damage|p2b: Sinistcha|10/100\n|\n|upkeep\n|\n|t:|1776429196\n|switch|p1a: Incineroar|Incineroar, L50, M|100/100\n|-ability|p1a: Incineroar|Intimidate|boost\n|-unboost|p2a: Aggron|atk|1\n|-unboost|p2b: Sinistcha|atk|1\n|turn|6\n|inactive|zoidfarb has 30 seconds left.\n|inactive|NicholasDousa has 30 seconds left.\n|inactive|zoidfarb has 20 seconds left.\n|\n|t:|1776429235\n|move|p1b: Gengar|Protect|p1b: Gengar\n|-singleturn|p1b: Gengar|Protect\n|move|p2b: Sinistcha|Rage Powder|p2b: Sinistcha\n|-singleturn|p2b: Sinistcha|move: Rage Powder\n|move|p2a: Aggron|Body Press|p1a: Incineroar\n|-supereffective|p1a: Incineroar|1\n|-damage|p1a: Incineroar|0 fnt\n|faint|p1a: Incineroar\n|\n|upkeep\n|\n|t:|1776429242\n|switch|p1a: Gardevoir|Gardevoir, L50, F|100/100\n|-ability|p1a: Gardevoir|Filter|Trace|[from] ability: Trace|[of] p2a: Aggron\n|turn|7\n|\n|t:|1776429263\n|move|p2a: Aggron|Heavy Slam|p1a: Gardevoir\n|-supereffective|p1a: Gardevoir|1\n|-damage|p1a: Gardevoir|11/100\n|move|p2b: Sinistcha|Matcha Gotcha|p1a: Gardevoir|[spread] p1a,p1b\n|-resisted|p1b: Gengar|1\n|-damage|p1a: Gardevoir|0 fnt\n|-heal|p2b: Sinistcha|14/100|[from] drain|[of] p1a: Gardevoir\n|-damage|p1b: Gengar|79/100\n|-heal|p2b: Sinistcha|18/100|[from] drain|[of] p1b: Gengar\n|faint|p1a: Gardevoir\n|move|p1b: Gengar|Shadow Ball|p2a: Aggron\n|-crit|p2a: Aggron\n|-damage|p2a: Aggron|34/100\n|\n|upkeep\n|turn|8\n|inactive|NicholasDousa has 30 seconds left.\n|\n|t:|1776429289\n|switch|p2b: Incineroar|Incineroar, L50, M|94/100\n|-ability|p2b: Incineroar|Intimidate|boost\n|-unboost|p1b: Gengar|atk|1\n|move|p2a: Aggron|Protect|p2a: Aggron\n|-singleturn|p2a: Aggron|Protect\n|move|p1b: Gengar|Protect||[still]\n|-fail|p1b: Gengar\n|\n|-fieldend|move: Trick Room\n|upkeep\n|turn|9\n|inactive|NicholasDousa has 30 seconds left.\n|\n|t:|1776429318\n|move|p1b: Gengar|Sludge Bomb|p2b: Incineroar\n|-damage|p2b: Incineroar|50/100\n|-status|p2b: Incineroar|psn\n|-enditem|p2b: Incineroar|Sitrus Berry|[eat]\n|-heal|p2b: Incineroar|75/100 psn|[from] item: Sitrus Berry\n|move|p2b: Incineroar|Flare Blitz|p1b: Gengar\n|-damage|p1b: Gengar|9/100\n|-damage|p2b: Incineroar|59/100 psn|[from] Recoil\n|move|p2a: Aggron|Heavy Slam|p1b: Gengar\n|-damage|p1b: Gengar|0 fnt\n|faint|p1b: Gengar\n|\n|win|NicholasDousa\n|raw|zoidfarb's rating: 1143 &rarr; <strong>1124</strong><br />(-19 for losing)\n|raw|NicholasDousa's rating: 1227 &rarr; <strong>1246</strong><br />(+19 for winning)\n|c|\u2606NicholasDousa|Gg\n|l|\u2606zoidfarb\n|player|p1|\n",
  "uploadtime": 1776429329,
  "views": 40,
  "formatid": "gen9championsvgc2026regma",
  "rating": 1124,
  "private": 0,
  "password": null
}