{
  "id": "gen9championsvgc2026regma-2582287249",
  "format": "[Gen 9 Champions] VGC 2026 Reg M-A",
  "players": [
    "LycheeEXE",
    "melmetal99"
  ],
  "log": "|j|\u2606LycheeEXE\n|j|\u2606melmetal99\n|t:|1776079982\n|gametype|doubles\n|player|p1|LycheeEXE|170|1108\n|player|p2|melmetal99|101|1145\n|gen|9\n|tier|[Gen 9 Champions] VGC 2026 Reg M-A\n|rated|\n|rule|Species Clause: Limit one of each Pok\u00e9mon\n|rule|Item Clause: Limit 1 of each item\n|clearpoke\n|poke|p1|Vivillon, L50, M|\n|poke|p1|Volcarona, L50, M|\n|poke|p1|Heracross, L50, M|\n|poke|p1|Scizor, L50, M|\n|poke|p1|Araquanid, L50, M|\n|poke|p1|Ariados, L50, F|\n|poke|p2|Blastoise, L50, F|\n|poke|p2|Sinistcha, L50|\n|poke|p2|Raichu, L50, M|\n|poke|p2|Incineroar, L50, M|\n|poke|p2|Kingambit, L50, M|\n|poke|p2|Hawlucha, L50, M|\n|teampreview|4\n|inactive|Battle timer is ON: inactive players will automatically lose when time's up. (requested by melmetal99)\n|inactive|LycheeEXE has 60 seconds left.\n|inactive|melmetal99 has 60 seconds left.\n|inactive|melmetal99 has 30 seconds left.\n|\n|t:|1776080044\n|teamsize|p1|4\n|teamsize|p2|4\n|start\n|switch|p1a: Heracross|Heracross, L50, M|100/100\n|switch|p1b: Vivillon|Vivillon, L50, M|100/100\n|switch|p2a: Blastoise|Blastoise, L50, F|100/100\n|switch|p2b: Incineroar|Incineroar, L50, M|100/100\n|-ability|p2b: Incineroar|Intimidate|boost\n|-unboost|p1a: Heracross|atk|1\n|-unboost|p1b: Vivillon|atk|1\n|turn|1\n|\n|t:|1776080056\n|detailschange|p2a: Blastoise|Blastoise-Mega, L50, F\n|-mega|p2a: Blastoise|Blastoise|Blastoisinite\n|move|p1a: Heracross|Upper Hand|p2b: Incineroar\n|-supereffective|p2b: Incineroar|1\n|-damage|p2b: Incineroar|55/100\n|cant|p2b: Incineroar|flinch\n|move|p1b: Vivillon|Sleep Powder|p2a: Blastoise\n|-status|p2a: Blastoise|slp|[from] move: Sleep Powder\n|cant|p2a: Blastoise|slp\n|\n|upkeep\n|turn|2\n|\n|t:|1776080081\n|detailschange|p1a: Heracross|Heracross-Mega, L50, M\n|-mega|p1a: Heracross|Heracross|Heracronite\n|move|p1b: Vivillon|Sleep Powder|p2b: Incineroar\n|-status|p2b: Incineroar|slp|[from] move: Sleep Powder\n|move|p1a: Heracross|Pin Missile|p2a: Blastoise\n|-damage|p2a: Blastoise|89/100 slp\n|-damage|p2a: Blastoise|77/100 slp\n|-damage|p2a: Blastoise|65/100 slp\n|-damage|p2a: Blastoise|54/100 slp\n|-damage|p2a: Blastoise|42/100 slp\n|-hitcount|p2a: Blastoise|5\n|cant|p2a: Blastoise|slp\n|cant|p2b: Incineroar|slp\n|\n|upkeep\n|turn|3\n|\n|t:|1776080096\n|switch|p1b: Volcarona|Volcarona, L50, M|100/100\n|switch|p2b: Sinistcha|Sinistcha, L50|100/100\n|-heal|p2a: Blastoise|67/100 slp|[from] ability: Hospitality|[of] p2b: Sinistcha\n|move|p1a: Heracross|Pin Missile|p2a: Blastoise\n|-damage|p2a: Blastoise|55/100 slp\n|-damage|p2a: Blastoise|41/100 slp\n|-damage|p2a: Blastoise|30/100 slp\n|-damage|p2a: Blastoise|18/100 slp\n|-damage|p2a: Blastoise|6/100 slp\n|-hitcount|p2a: Blastoise|5\n|-curestatus|p2a: Blastoise|slp|[msg]\n|move|p2a: Blastoise|Water Spout|p1a: Heracross|[spread] p1a,p1b\n|-supereffective|p1b: Volcarona|1\n|-damage|p1a: Heracross|97/100\n|-damage|p1b: Volcarona|93/100\n|\n|upkeep\n|turn|4\n|\n|t:|1776080120\n|move|p2b: Sinistcha|Rage Powder|p2b: Sinistcha\n|-singleturn|p2b: Sinistcha|move: Rage Powder\n|move|p1b: Volcarona|Giga Drain|p2b: Sinistcha\n|-resisted|p2b: Sinistcha|1\n|-damage|p2b: Sinistcha|85/100\n|-heal|p1b: Volcarona|100/100|[from] drain|[of] p2b: Sinistcha\n|move|p1a: Heracross|Pin Missile|p2b: Sinistcha\n|-damage|p2b: Sinistcha|76/100\n|-damage|p2b: Sinistcha|67/100\n|-damage|p2b: Sinistcha|58/100\n|-damage|p2b: Sinistcha|50/100\n|-damage|p2b: Sinistcha|42/100\n|-hitcount|p2b: Sinistcha|5\n|move|p2a: Blastoise|Shell Smash|p2a: Blastoise\n|-unboost|p2a: Blastoise|def|1\n|-unboost|p2a: Blastoise|spd|1\n|-boost|p2a: Blastoise|atk|2\n|-boost|p2a: Blastoise|spa|2\n|-boost|p2a: Blastoise|spe|2\n|\n|-heal|p2b: Sinistcha|48/100|[from] item: Leftovers\n|upkeep\n|turn|5\n|\n|t:|1776080130\n|move|p2a: Blastoise|Protect|p2a: Blastoise\n|-singleturn|p2a: Blastoise|Protect\n|move|p1b: Volcarona|Protect|p1b: Volcarona\n|-singleturn|p1b: Volcarona|Protect\n|move|p1a: Heracross|Earthquake|p2b: Sinistcha|[spread] p2b\n|-activate|p1b: Volcarona|move: Protect\n|-activate|p2a: Blastoise|move: Protect\n|-resisted|p2b: Sinistcha|1\n|-damage|p2b: Sinistcha|40/100\n|move|p2b: Sinistcha|Life Dew|p2b: Sinistcha|[spread] p2a,p2b\n|-heal|p2a: Blastoise|31/100\n|-heal|p2b: Sinistcha|66/100\n|\n|-heal|p2b: Sinistcha|72/100|[from] item: Leftovers\n|upkeep\n|turn|6\n|inactive|LycheeEXE has 30 seconds left.\n|inactive|melmetal99 has 30 seconds left.\n|\n|t:|1776080165\n|switch|p1a: Vivillon|Vivillon, L50, M|100/100\n|move|p2a: Blastoise|Aura Sphere|p1a: Vivillon\n|-resisted|p1a: Vivillon|2\n|-damage|p1a: Vivillon|65/100\n|move|p1b: Volcarona|Giga Drain|p2a: Blastoise\n|-supereffective|p2a: Blastoise|1\n|-crit|p2a: Blastoise\n|-damage|p2a: Blastoise|0 fnt\n|faint|p2a: Blastoise\n|move|p2b: Sinistcha|Life Dew|p2b: Sinistcha\n|-heal|p2b: Sinistcha|97/100\n|\n|-heal|p2b: Sinistcha|100/100|[from] item: Leftovers\n|upkeep\n|-message|melmetal99 forfeited.\n|\n|win|LycheeEXE\n|raw|LycheeEXE's rating: 1108 &rarr; <strong>1136</strong><br />(+28 for winning)\n|raw|melmetal99's rating: 1145 &rarr; <strong>1117</strong><br />(-28 for losing)\n|l|\u2606melmetal99\n|player|p2|\n",
  "uploadtime": 1776080181,
  "views": 16,
  "formatid": "gen9championsvgc2026regma",
  "rating": 1117,
  "private": 0,
  "password": null
}