{
  "id": "gen9championsvgc2026regma-2582632670",
  "format": "[Gen 9 Champions] VGC 2026 Reg M-A",
  "players": [
    "YonkoLouis",
    "frankdudu"
  ],
  "log": "|j|\u2606YonkoLouis\n|j|\u2606frankdudu\n|t:|1776103867\n|gametype|doubles\n|player|p1|YonkoLouis|steven|1050\n|player|p2|frankdudu|1|1000\n|gen|9\n|tier|[Gen 9 Champions] VGC 2026 Reg M-A\n|rated|\n|rule|Species Clause: Limit one of each Pok\u00e9mon\n|rule|Item Clause: Limit 1 of each item\n|clearpoke\n|poke|p1|Floette-Eternal, L50, F|\n|poke|p1|Whimsicott, L50, F|\n|poke|p1|Tyranitar, L50, F|\n|poke|p1|Excadrill, L50, F|\n|poke|p1|Primarina, L50, F|\n|poke|p1|Goodra-Hisui, L50, F|\n|poke|p2|Gengar, L50, M|\n|poke|p2|Whimsicott, L50, M|\n|poke|p2|Zoroark-Hisui, L50, F|\n|poke|p2|Incineroar, L50, F|\n|poke|p2|Politoed, L50, M|\n|poke|p2|Maushold, L50|\n|teampreview|4\n|\n|t:|1776103900\n|teamsize|p1|4\n|teamsize|p2|4\n|start\n|switch|p1a: Lil Xern|Floette-Eternal, L50, F|100/100\n|switch|p1b: LA FLAME|Whimsicott, L50, F, shiny|100/100\n|switch|p2a: Gengar|Gengar, L50, M|100/100\n|switch|p2b: Whimsicott|Whimsicott, L50, M|100/100\n|turn|1\n|inactive|Battle timer is ON: inactive players will automatically lose when time's up. (requested by frankdudu)\n|\n|t:|1776103947\n|detailschange|p1a: Lil Xern|Floette-Mega, L50, F\n|-mega|p1a: Lil Xern|Floette|Floettite\n|-ability|p1a: Lil Xern|Fairy Aura\n|detailschange|p2a: Gengar|Gengar-Mega, L50, M\n|-mega|p2a: Gengar|Gengar|Gengarite\n|move|p1b: LA FLAME|Tailwind|p1b: LA FLAME\n|-sidestart|p1: YonkoLouis|move: Tailwind\n|move|p1a: Lil Xern|Calm Mind|p1a: Lil Xern\n|-boost|p1a: Lil Xern|spa|1\n|-boost|p1a: Lil Xern|spd|1\n|move|p2b: Whimsicott|Trick|p1b: LA FLAME\n|-activate|p2b: Whimsicott|move: Trick|[of] p1b: LA FLAME\n|-item|p1b: LA FLAME|Choice Scarf|[from] move: Trick\n|-enditem|p2b: Whimsicott|Choice Scarf|[silent]|[from] move: Trick\n|move|p2a: Gengar|Sludge Bomb|p1a: Lil Xern\n|-supereffective|p1a: Lil Xern|1\n|-damage|p1a: Lil Xern|36/100\n|-status|p1a: Lil Xern|psn\n|\n|-damage|p1a: Lil Xern|24/100 psn|[from] psn\n|upkeep\n|turn|2\n|inactive|YonkoLouis has 30 seconds left.\n|inactive|YonkoLouis has 20 seconds left.\n|inactive|YonkoLouis has 15 seconds left.\n|inactive|frankdudu has 30 seconds left.\n|\n|t:|1776103990\n|move|p1b: LA FLAME|Helping Hand|p1a: Lil Xern\n|-singleturn|p1a: Lil Xern|Helping Hand|[of] p1b: LA FLAME\n|move|p2b: Whimsicott|Protect|p2b: Whimsicott\n|-singleturn|p2b: Whimsicott|Protect\n|move|p1a: Lil Xern|Psychic|p2a: Gengar\n|-supereffective|p2a: Gengar|1\n|-damage|p2a: Gengar|0 fnt\n|faint|p2a: Gengar\n|\n|-damage|p1a: Lil Xern|12/100 psn|[from] psn\n|upkeep\n|\n|t:|1776104006\n|switch|p2a: Politoed|Politoed, L50, M|100/100\n|-weather|RainDance|[from] ability: Drizzle|[of] p2a: Politoed\n|turn|3\n|inactive|YonkoLouis has 30 seconds left.\n|\n|t:|1776104035\n|switch|p2b: Whimsicott|Whimsicott, L50, M|100/100\n|move|p1b: LA FLAME|Helping Hand|p1a: Lil Xern\n|-singleturn|p1a: Lil Xern|Helping Hand|[of] p1b: LA FLAME\n|move|p2a: Politoed|Protect|p2a: Politoed\n|-singleturn|p2a: Politoed|Protect\n|move|p1a: Lil Xern|Dazzling Gleam|p2a: Politoed|[spread] p2b\n|-activate|p2a: Politoed|move: Protect\n|-enditem|p2b: Whimsicott|Focus Sash\n|-damage|p2b: Whimsicott|1/100\n|\n|-weather|RainDance|[upkeep]\n|-damage|p1a: Lil Xern|0 fnt|[from] psn\n|faint|p1a: Lil Xern\n|upkeep\n|\n|t:|1776104057\n|switch|p1a: Small Hand|Tyranitar, L50, F|100/100\n|-weather|Sandstorm|[from] ability: Sand Stream|[of] p1a: Small Hand\n|turn|4\n|j| NSteele\n|\n|t:|1776104080\n|move|p1b: LA FLAME|Helping Hand|p1a: Small Hand\n|-singleturn|p1a: Small Hand|Helping Hand|[of] p1b: LA FLAME\n|move|p2b: Whimsicott|Tailwind|p2b: Whimsicott\n|-sidestart|p2: frankdudu|move: Tailwind\n|move|p1a: Small Hand|Rock Slide|p2b: Whimsicott|[spread] p2a,p2b\n|-damage|p2a: Politoed|56/100\n|-damage|p2b: Whimsicott|0 fnt\n|faint|p2b: Whimsicott\n|cant|p2a: Politoed|flinch\n|\n|-weather|Sandstorm|[upkeep]\n|-damage|p1b: LA FLAME|95/100|[from] Sandstorm\n|-damage|p2a: Politoed|50/100|[from] Sandstorm\n|-enditem|p2a: Politoed|Sitrus Berry|[eat]\n|-heal|p2a: Politoed|75/100|[from] item: Sitrus Berry\n|-sideend|p1: YonkoLouis|move: Tailwind\n|upkeep\n|\n|t:|1776104092\n|switch|p2b: Zoroark|Zoroark-Hisui, L50, F|100/100\n|turn|5\n|-message|frankdudu forfeited.\n|\n|win|YonkoLouis\n|raw|YonkoLouis's rating: 1050 &rarr; <strong>1078</strong><br />(+28 for winning)\n|raw|frankdudu's rating: 1000 &rarr; <strong>1000</strong><br />(+0 for losing)\n|l|\u2606frankdudu\n|player|p2|\n|l| NSteele\n",
  "uploadtime": 1776104102,
  "views": 10,
  "formatid": "gen9championsvgc2026regma",
  "rating": 1000,
  "private": 0,
  "password": null
}