{
  "id": "gen9championsvgc2026regma-2586515560",
  "format": "[Gen 9 Champions] VGC 2026 Reg M-A",
  "players": [
    "1#MiraidonHater",
    "ihav0imag1nation"
  ],
  "log": "|j|\u26061#MiraidonHater\n|j|\u2606ihav0imag1nation\n|t:|1776439972\n|gametype|doubles\n|player|p1|1#MiraidonHater|1|1367\n|player|p2|ihav0imag1nation|2|1329\n|gen|9\n|tier|[Gen 9 Champions] VGC 2026 Reg M-A\n|rated|\n|rule|Species Clause: Limit one of each Pok\u00e9mon\n|rule|Item Clause: Limit 1 of each item\n|clearpoke\n|poke|p1|Gardevoir, L50, M|\n|poke|p1|Basculegion, L50, M|\n|poke|p1|Tsareena, L50, F|\n|poke|p1|Incineroar, L50, M|\n|poke|p1|Pelipper, L50, F|\n|poke|p1|Archaludon, L50, F|\n|poke|p2|Victreebel, L50, F|\n|poke|p2|Torkoal, L50, F|\n|poke|p2|Farigiraf, L50, M|\n|poke|p2|Dragonite, L50, F|\n|poke|p2|Garchomp, L50, F|\n|poke|p2|Sneasler, L50, M|\n|teampreview|4\n|\n|t:|1776439992\n|teamsize|p1|4\n|teamsize|p2|4\n|start\n|switch|p1a: Bishow|Gardevoir, L50, M|100/100\n|switch|p1b: Shark Crippler|Incineroar, L50, M|100/100\n|switch|p2a: Victreebel|Victreebel, L50, F|100/100\n|switch|p2b: Sneasler|Sneasler, L50, M|100/100\n|-ability|p1b: Shark Crippler|Intimidate|boost\n|-unboost|p2a: Victreebel|atk|1\n|-unboost|p2b: Sneasler|atk|1\n|turn|1\n|\n|t:|1776440010\n|switch|p1b: Tsareena|Tsareena, L50, F|100/100\n|detailschange|p1a: Bishow|Gardevoir-Mega, L50, M\n|-mega|p1a: Bishow|Gardevoir|Gardevoirite\n|detailschange|p2a: Victreebel|Victreebel-Mega, L50, F\n|-mega|p2a: Victreebel|Victreebel|Victreebelite\n|move|p2b: Sneasler|Fake Out||[still]\n|cant|p1b: Tsareena|ability: Queenly Majesty|Fake Out|[of] p2b: Sneasler\n|move|p1a: Bishow|Psychic|p2b: Sneasler\n|-supereffective|p2b: Sneasler|2\n|-enditem|p2b: Sneasler|Focus Sash\n|-damage|p2b: Sneasler|1/100\n|move|p2a: Victreebel|Sludge Bomb|p1a: Bishow\n|-supereffective|p1a: Bishow|1\n|-damage|p1a: Bishow|22/100\n|\n|upkeep\n|turn|2\n|j| porygon-epilepz\n|\n|t:|1776440035\n|switch|p1a: Shark Crippler|Incineroar, L50, M|100/100\n|-ability|p1a: Shark Crippler|Intimidate|boost\n|-unboost|p2a: Victreebel|atk|1\n|-unboost|p2b: Sneasler|atk|1\n|move|p2b: Sneasler|Dire Claw|p1a: Shark Crippler\n|-damage|p1a: Shark Crippler|83/100\n|move|p2a: Victreebel|Sludge Bomb|p1b: Tsareena\n|-supereffective|p1b: Tsareena|1\n|-damage|p1b: Tsareena|13/100\n|-status|p1b: Tsareena|psn\n|-enditem|p1b: Tsareena|Sitrus Berry|[eat]\n|-heal|p1b: Tsareena|38/100 psn|[from] item: Sitrus Berry\n|move|p1b: Tsareena|Triple Axel|p2a: Victreebel|[miss]\n|-miss|p1b: Tsareena|p2a: Victreebel\n|\n|-damage|p1b: Tsareena|26/100 psn|[from] psn\n|upkeep\n|turn|3\n|inactive|Battle timer is ON: inactive players will automatically lose when time's up. (requested by ihav0imag1nation)\n|\n|t:|1776440103\n|switch|p2b: Torkoal|Torkoal, L50, F|100/100\n|-weather|SunnyDay|[from] ability: Drought|[of] p2b: Torkoal\n|move|p1a: Shark Crippler|Fake Out|p2b: Torkoal\n|-damage|p2b: Torkoal|91/100\n|move|p2a: Victreebel|Sleep Powder|p1a: Shark Crippler\n|-status|p1a: Shark Crippler|slp|[from] move: Sleep Powder\n|move|p1b: Tsareena|Triple Axel|p2a: Victreebel\n|-supereffective|p2a: Victreebel|1\n|-damage|p2a: Victreebel|88/100\n|-supereffective|p2a: Victreebel|1\n|-damage|p2a: Victreebel|61/100\n|-supereffective|p2a: Victreebel|1\n|-damage|p2a: Victreebel|21/100\n|-hitcount|p2a: Victreebel|3\n|\n|-weather|SunnyDay|[upkeep]\n|-damage|p1b: Tsareena|13/100 psn|[from] psn\n|upkeep\n|turn|4\n|inactive|ihav0imag1nation has 30 seconds left.\n|\n|t:|1776440133\n|move|p2a: Victreebel|Sludge Bomb|p1a: Shark Crippler\n|-damage|p1a: Shark Crippler|35/100 slp\n|cant|p1a: Shark Crippler|slp\n|move|p1b: Tsareena|Trop Kick|p2b: Torkoal\n|-resisted|p2b: Torkoal|1\n|-damage|p2b: Torkoal|77/100\n|-unboost|p2b: Torkoal|atk|1\n|move|p2b: Torkoal|Heat Wave|p1b: Tsareena|[spread] p1a,p1b\n|-resisted|p1a: Shark Crippler|1\n|-supereffective|p1b: Tsareena|1\n|-damage|p1a: Shark Crippler|10/100 slp\n|-damage|p1b: Tsareena|0 fnt\n|faint|p1b: Tsareena\n|\n|-weather|SunnyDay|[upkeep]\n|upkeep\n|inactive|1#MiraidonHater has 30 seconds left.\n|inactive|1#MiraidonHater has 20 seconds left.\n|\n|t:|1776440171\n|switch|p1b: Bishow|Gardevoir-Mega, L50, M|22/100\n|turn|5\n|\n|t:|1776440187\n|switch|p1a: Pelipper|Pelipper, L50, F|100/100\n|-weather|RainDance|[from] ability: Drizzle|[of] p1a: Pelipper\n|move|p2b: Torkoal|Protect|p2b: Torkoal\n|-singleturn|p2b: Torkoal|Protect\n|move|p1b: Bishow|Hyper Voice|p2a: Victreebel|[spread] p2a\n|-activate|p2b: Torkoal|move: Protect\n|-resisted|p2a: Victreebel|1\n|-damage|p2a: Victreebel|0 fnt\n|-damage|p1b: Bishow|0 fnt|[from] ability: Innards Out|[of] p2a: Victreebel\n|faint|p2a: Victreebel\n|faint|p1b: Bishow\n|\n|-weather|RainDance|[upkeep]\n|upkeep\n|\n|t:|1776440209\n|switch|p1b: Shark Crippler|Incineroar, L50, M|10/100 slp\n|switch|p2a: Sneasler|Sneasler, L50, M|1/100\n|-ability|p1b: Shark Crippler|Intimidate|boost\n|-unboost|p2a: Sneasler|atk|1\n|-unboost|p2b: Torkoal|atk|1\n|turn|6\n|\n|t:|1776440223\n|switch|p2b: Garchomp|Garchomp, L50, F|100/100\n|move|p2a: Sneasler|Fake Out|p1a: Pelipper\n|-damage|p1a: Pelipper|87/100\n|cant|p1b: Shark Crippler|slp\n|cant|p1a: Pelipper|flinch\n|\n|-weather|RainDance|[upkeep]\n|upkeep\n|turn|7\n|\n|t:|1776440245\n|move|p2a: Sneasler|Coaching|p2b: Garchomp\n|-boost|p2b: Garchomp|atk|1\n|-boost|p2b: Garchomp|def|1\n|move|p2b: Garchomp|Rock Slide|p1a: Pelipper|[spread] p1a,p1b\n|-supereffective|p1a: Pelipper|1\n|-supereffective|p1b: Shark Crippler|1\n|-damage|p1a: Pelipper|6/100\n|-damage|p1b: Shark Crippler|0 fnt\n|faint|p1b: Shark Crippler\n|move|p1a: Pelipper|Weather Ball|p2b: Garchomp\n|-damage|p2b: Garchomp|35/100\n|\n|-weather|RainDance|[upkeep]\n|upkeep\n|turn|8\n|-message|1#MiraidonHater forfeited.\n|\n|win|ihav0imag1nation\n|raw|1#MiraidonHater's rating: 1367 &rarr; <strong>1345</strong><br />(-22 for losing)\n|raw|ihav0imag1nation's rating: 1329 &rarr; <strong>1351</strong><br />(+22 for winning)\n|l|\u26061#MiraidonHater\n|player|p1|\n|l|\u2606ihav0imag1nation\n|player|p2|\n",
  "uploadtime": 1776439974,
  "views": 34,
  "formatid": "gen9championsvgc2026regma",
  "rating": 1345,
  "private": 0,
  "password": null
}