{
  "id": "gen9championsvgc2026regma-2581110797",
  "format": "[Gen 9 Champions] VGC 2026 Reg M-A",
  "players": [
    "HeavyLobsterAlf",
    "williume"
  ],
  "log": "|j|\u203dHeavyLobsterAlf\n|j|\u2606williume\n|t:|1775960871\n|gametype|doubles\n|player|p1|HeavyLobsterAlf|phoebe-masters|1049\n|player|p2|williume|265|1084\n|gen|9\n|tier|[Gen 9 Champions] VGC 2026 Reg M-A\n|rated|\n|rule|Species Clause: Limit one of each Pok\u00e9mon\n|rule|Item Clause: Limit 1 of each item\n|clearpoke\n|poke|p1|Torkoal, L50, M|\n|poke|p1|Alakazam, L50, M|\n|poke|p1|Sinistcha, L50|\n|poke|p1|Floette-Eternal, L50, F|\n|poke|p1|Venusaur, L50, F|\n|poke|p1|Golurk, L50|\n|poke|p2|Delphox, L50, F|\n|poke|p2|Ninetales-Alola, L50, M|\n|poke|p2|Garchomp, L50, F|\n|poke|p2|Sneasler, L50, F|\n|poke|p2|Milotic, L50, M|\n|poke|p2|Maushold-Four, L50|\n|teampreview|4\nwilliume rejected open team sheets.\n|\n|t:|1775960895\n|teamsize|p1|4\n|teamsize|p2|4\n|start\n|switch|p1a: Torkoal|Torkoal, L50, M|100/100\n|switch|p1b: Alakazam|Alakazam, L50, M|100/100\n|switch|p2a: Delphox|Delphox, L50, F|100/100\n|switch|p2b: Maushold|Maushold-Four, L50, shiny|100/100\n|-weather|SunnyDay|[from] ability: Drought|[of] p1a: Torkoal\n|turn|1\n|\n|t:|1775960909\n|detailschange|p2a: Delphox|Delphox-Mega, L50, F\n|-mega|p2a: Delphox|Delphox|Delphoxite\n|move|p2a: Delphox|Substitute|p2a: Delphox\n|-start|p2a: Delphox|Substitute\n|-damage|p2a: Delphox|76/100\n|move|p1b: Alakazam|Speed Swap|p1a: Torkoal\n|-activate|p1b: Alakazam|move: Speed Swap|[of] p1a: Torkoal\n|move|p1a: Torkoal|Eruption|p2b: Maushold|[spread] p2a,p2b\n|-resisted|p2a: Delphox|1\n|-end|p2a: Delphox|Substitute\n|-damage|p2b: Maushold|0 fnt\n|faint|p2b: Maushold\n|\n|-weather|SunnyDay|[upkeep]\n|upkeep\n|\n|t:|1775960921\n|switch|p2b: Ninetales|Ninetales-Alola, L50, M|100/100\n|-weather|Snowscape|[from] ability: Snow Warning|[of] p2b: Ninetales\n|turn|2\n|\n|t:|1775960939\n|move|p2a: Delphox|Heat Wave|p1a: Torkoal|[spread] p1a,p1b\n|-resisted|p1a: Torkoal|1\n|-damage|p1a: Torkoal|73/100\n|-damage|p1b: Alakazam|39/100\n|move|p1a: Torkoal|Eruption|p2a: Delphox|[spread] p2a,p2b\n|-resisted|p2a: Delphox|1\n|-supereffective|p2b: Ninetales|1\n|-enditem|p2b: Ninetales|Occa Berry|[eat]\n|-enditem|p2b: Ninetales|Occa Berry|[weaken]\n|-damage|p2a: Delphox|59/100\n|-damage|p2b: Ninetales|57/100\n|move|p2b: Ninetales|Encore|p1b: Alakazam\n|-start|p1b: Alakazam|Encore\n|move|p1b: Alakazam|Speed Swap|p2a: Delphox\n|-activate|p1b: Alakazam|move: Speed Swap|[of] p2a: Delphox\n|\n|-weather|Snowscape|[upkeep]\n|upkeep\n|turn|3\n|\n|t:|1775960958\n|switch|p1b: Sinistcha|Sinistcha, L50|100/100\n|-heal|p1a: Torkoal|98/100|[from] ability: Hospitality|[of] p1b: Sinistcha\n|move|p1a: Torkoal|Protect|p1a: Torkoal\n|-singleturn|p1a: Torkoal|Protect\n|move|p2b: Ninetales|Icy Wind|p1a: Torkoal|[spread] p1b\n|-activate|p1a: Torkoal|move: Protect\n|-supereffective|p1b: Sinistcha|1\n|-damage|p1b: Sinistcha|70/100\n|-unboost|p1b: Sinistcha|spe|1\n|move|p2a: Delphox|Heat Wave|p1b: Sinistcha|[spread] p1b\n|-activate|p1a: Torkoal|move: Protect\n|-supereffective|p1b: Sinistcha|1\n|-enditem|p1b: Sinistcha|Occa Berry|[eat]\n|-enditem|p1b: Sinistcha|Occa Berry|[weaken]\n|-damage|p1b: Sinistcha|16/100\n|\n|-weather|Snowscape|[upkeep]\n|upkeep\n|turn|4\n|\n|t:|1775960977\n|switch|p1b: Floette|Floette-Eternal, L50, F|100/100\n|move|p1a: Torkoal|Eruption|p2a: Delphox|[spread] p2a,p2b\n|-resisted|p2a: Delphox|1\n|-supereffective|p2b: Ninetales|1\n|-damage|p2a: Delphox|37/100\n|-damage|p2b: Ninetales|0 fnt\n|faint|p2b: Ninetales\n|move|p2a: Delphox|Heat Wave|p1b: Floette|[spread] p1a,p1b\n|-resisted|p1a: Torkoal|1\n|-damage|p1a: Torkoal|72/100\n|-damage|p1b: Floette|58/100\n|\n|-weather|Snowscape|[upkeep]\n|upkeep\n|\n|t:|1775960988\n|switch|p2b: Garchomp|Garchomp, L50, F|100/100\n|turn|5\n|\n|t:|1775960996\n|detailschange|p1b: Floette|Floette-Mega, L50, F\n|-mega|p1b: Floette|Floette|Floettite\n|-ability|p1b: Floette|Fairy Aura\n|move|p2a: Delphox|Protect|p2a: Delphox\n|-singleturn|p2a: Delphox|Protect\n|move|p1a: Torkoal|Eruption|p2a: Delphox|[spread] p2b\n|-activate|p2a: Delphox|move: Protect\n|-resisted|p2b: Garchomp|1\n|-damage|p2b: Garchomp|76/100\n|move|p1b: Floette|Dazzling Gleam|p2a: Delphox|[spread] p2b\n|-activate|p2a: Delphox|move: Protect\n|-supereffective|p2b: Garchomp|1\n|-damage|p2b: Garchomp|0 fnt\n|faint|p2b: Garchomp\n|\n|-weather|Snowscape|[upkeep]\n|upkeep\n|turn|6\n|\n|t:|1775961015\n|move|p1a: Torkoal|Eruption|p2a: Delphox\n|-resisted|p2a: Delphox|1\n|-damage|p2a: Delphox|15/100\n|move|p1b: Floette|Light of Ruin|p2a: Delphox\n|-resisted|p2a: Delphox|1\n|-damage|p2a: Delphox|0 fnt\n|faint|p2a: Delphox\n|-damage|p1b: Floette|50/100|[from] Recoil\n|\n|win|HeavyLobsterAlf\n|raw|HeavyLobsterAlf's rating: 1049 &rarr; <strong>1085</strong><br />(+36 for winning)\n|raw|williume's rating: 1084 &rarr; <strong>1059</strong><br />(-25 for losing)\n|l|\u2606williume\n|player|p2|\n",
  "uploadtime": 1775961023,
  "views": 24,
  "formatid": "gen9championsvgc2026regma",
  "rating": 1059,
  "private": 0,
  "password": null
}