{
  "id": "gen9championsvgc2026regma-2586285565",
  "format": "[Gen 9 Champions] VGC 2026 Reg M-A",
  "players": [
    "balacobbaco",
    "benjiapollo"
  ],
  "log": "|j|\u2606balacobbaco\n|j|\u2606benjiapollo\n|t:|1776421319\n|gametype|doubles\n|player|p1|balacobbaco|2|1263\n|player|p2|benjiapollo|giovanni|1267\n|gen|9\n|tier|[Gen 9 Champions] VGC 2026 Reg M-A\n|rated|\n|rule|Species Clause: Limit one of each Pok\u00e9mon\n|rule|Item Clause: Limit 1 of each item\n|clearpoke\n|poke|p1|Kingambit, L50, F|\n|poke|p1|Incineroar, L50, M|\n|poke|p1|Froslass, L50, F|\n|poke|p1|Whimsicott, L50, F|\n|poke|p1|Jolteon, L50, F|\n|poke|p1|Manectric, L50, M|\n|poke|p2|Basculegion, L50, M|\n|poke|p2|Charizard, L50, M|\n|poke|p2|Kingambit, L50, M|\n|poke|p2|Sneasler, L50, F|\n|poke|p2|Venusaur, L50, F|\n|poke|p2|Talonflame, L50, M|\n|teampreview|4\n|\n|t:|1776421333\n|teamsize|p1|4\n|teamsize|p2|4\n|start\n|switch|p1a: Froslass|Froslass, L50, F|100/100\n|switch|p1b: Whimsicott|Whimsicott, L50, F|100/100\n|switch|p2a: Talonflame|Talonflame, L50, M|100/100\n|switch|p2b: Charizard|Charizard, L50, M|100/100\n|turn|1\n|inactive|Battle timer is ON: inactive players will automatically lose when time's up. (requested by benjiapollo)\n|\n|t:|1776421346\n|detailschange|p2b: Charizard|Charizard-Mega-X, L50, M\n|-mega|p2b: Charizard|Charizard|Charizardite X\n|move|p1a: Froslass|Protect|p1a: Froslass\n|-singleturn|p1a: Froslass|Protect\n|move|p2a: Talonflame|Tailwind|p2a: Talonflame\n|-sidestart|p2: benjiapollo|move: Tailwind\n|move|p1b: Whimsicott|Tailwind|p1b: Whimsicott\n|-sidestart|p1: balacobbaco|move: Tailwind\n|move|p2b: Charizard|Flare Blitz|p1a: Froslass\n|-activate|p1a: Froslass|move: Protect\n|\n|upkeep\n|turn|2\n|\n|t:|1776421369\n|detailschange|p1a: Froslass|Froslass-Mega, L50, F\n|-mega|p1a: Froslass|Froslass|Froslassite\n|-weather|Snowscape|[from] ability: Snow Warning|[of] p1a: Froslass\n|move|p2a: Talonflame|Flare Blitz|p1a: Froslass\n|-supereffective|p1a: Froslass|1\n|-damage|p1a: Froslass|38/100\n|-status|p1a: Froslass|brn\n|-damage|p2a: Talonflame|77/100|[from] Recoil\n|move|p1b: Whimsicott|Moonblast|p2b: Charizard\n|-damage|p2b: Charizard|55/100\n|move|p2b: Charizard|Flare Blitz|p1a: Froslass\n|-supereffective|p1a: Froslass|1\n|-damage|p1a: Froslass|0 fnt\n|faint|p1a: Froslass\n|-damage|p2b: Charizard|41/100|[from] Recoil\n|\n|-weather|Snowscape|[upkeep]\n|upkeep\n|\n|t:|1776421386\n|switch|p1a: Jolteon|Jolteon, L50, F|100/100\n|turn|3\n|\n|t:|1776421398\n|switch|p2b: Kingambit|Kingambit, L50, M|100/100\n|move|p1a: Jolteon|Alluring Voice|p2b: Kingambit\n|-damage|p2b: Kingambit|76/100\n|move|p2a: Talonflame|Flare Blitz|p1b: Whimsicott\n|-supereffective|p1b: Whimsicott|1\n|-damage|p1b: Whimsicott|0 fnt\n|faint|p1b: Whimsicott\n|-damage|p2a: Talonflame|42/100|[from] Recoil\n|\n|-weather|Snowscape|[upkeep]\n|upkeep\n|\n|t:|1776421406\n|switch|p1b: Manectric|Manectric, L50, M|100/100\n|turn|4\n|\n|t:|1776421426\n|move|p2b: Kingambit|Sucker Punch|p1b: Manectric\n|-damage|p1b: Manectric|17/100\n|move|p1a: Jolteon|Discharge|p2a: Talonflame|[spread] p2a,p2b\n|-ability|p1b: Manectric|Lightning Rod|boost\n|-boost|p1b: Manectric|spa|1\n|-supereffective|p2a: Talonflame|1\n|-damage|p2a: Talonflame|0 fnt\n|-damage|p2b: Kingambit|45/100\n|-status|p2b: Kingambit|par\n|faint|p2a: Talonflame\n|move|p1b: Manectric|Discharge|p2b: Kingambit|[spread] p2b\n|-immune|p1a: Jolteon|[from] ability: Volt Absorb\n|-damage|p2b: Kingambit|1/100 par\n|\n|-weather|Snowscape|[upkeep]\n|-sideend|p2: benjiapollo|move: Tailwind\n|-sideend|p1: balacobbaco|move: Tailwind\n|upkeep\n|\n|t:|1776421447\n|switch|p2a: Sneasler|Sneasler, L50, F|100/100\n|turn|5\n|\n|t:|1776421456\n|move|p1b: Manectric|Protect|p1b: Manectric\n|-singleturn|p1b: Manectric|Protect\n|move|p2a: Sneasler|Fake Out|p1a: Jolteon\n|-damage|p1a: Jolteon|73/100\n|move|p2b: Kingambit|Sucker Punch||[still]\n|-fail|p2b: Kingambit\n|cant|p1a: Jolteon|flinch\n|\n|-weather|Snowscape|[upkeep]\n|upkeep\n|turn|6\n|\n|t:|1776421471\n|move|p1b: Manectric|Protect||[still]\n|-fail|p1b: Manectric\n|move|p2b: Kingambit|Sucker Punch||[still]\n|-fail|p2b: Kingambit\n|move|p1a: Jolteon|Discharge|p2b: Kingambit|[spread] p2a,p2b\n|-ability|p1b: Manectric|Lightning Rod|boost\n|-boost|p1b: Manectric|spa|1\n|-damage|p2a: Sneasler|53/100\n|-damage|p2b: Kingambit|0 fnt\n|-status|p2a: Sneasler|par\n|faint|p2b: Kingambit\n|cant|p2a: Sneasler|par\n|\n|-weather|none\n|upkeep\n|\n|t:|1776421482\n|switch|p2b: Charizard|Charizard-Mega-X, L50, M|41/100\n|turn|7\n|\n|t:|1776421499\n|move|p1a: Jolteon|Alluring Voice|p2b: Charizard\n|-damage|p2b: Charizard|7/100\n|move|p2b: Charizard|Dragon Claw|p1a: Jolteon\n|-damage|p1a: Jolteon|0 fnt\n|faint|p1a: Jolteon\n|move|p1b: Manectric|Discharge|p2b: Charizard|[spread] p2a,p2b\n|-resisted|p2b: Charizard|1\n|-damage|p2a: Sneasler|0 fnt\n|-damage|p2b: Charizard|0 fnt\n|faint|p2a: Sneasler\n|faint|p2b: Charizard\n|\n|win|balacobbaco\n|raw|balacobbaco's rating: 1263 &rarr; <strong>1288</strong><br />(+25 for winning)\n|raw|benjiapollo's rating: 1267 &rarr; <strong>1242</strong><br />(-25 for losing)\n",
  "uploadtime": 1776421511,
  "views": 37,
  "formatid": "gen9championsvgc2026regma",
  "rating": 1242,
  "private": 0,
  "password": null
}