{
  "id": "gen9championsvgc2026regma-2585159126",
  "format": "[Gen 9 Champions] VGC 2026 Reg M-A",
  "players": [
    "sswaaaggg",
    "Hades_72"
  ],
  "log": "|j|\u2606sswaaaggg\n|j|\u2606Hades_72\n|t:|1776319104\n|gametype|doubles\n|player|p1|sswaaaggg|265|1141\n|player|p2|Hades_72|170|1125\n|gen|9\n|tier|[Gen 9 Champions] VGC 2026 Reg M-A\n|rated|\n|rule|Species Clause: Limit one of each Pok\u00e9mon\n|rule|Item Clause: Limit 1 of each item\n|clearpoke\n|poke|p1|Incineroar, L50, F|\n|poke|p1|Torkoal, L50, F|\n|poke|p1|Camerupt, L50, F|\n|poke|p1|Farigiraf, L50, M|\n|poke|p1|Primarina, L50, M|\n|poke|p1|Meganium, L50, F|\n|poke|p2|Froslass, L50, F|\n|poke|p2|Greninja-*, L50, M|\n|poke|p2|Sneasler, L50, M|\n|poke|p2|Sinistcha-Masterpiece, L50|\n|poke|p2|Tyranitar, L50, M|\n|poke|p2|Kingambit, L50, M|\n|teampreview|4\n|inactive|Battle timer is ON: inactive players will automatically lose when time's up. (requested by sswaaaggg)\n|\n|t:|1776319137\n|teamsize|p1|4\n|teamsize|p2|4\n|start\n|switch|p1a: Incineroar|Incineroar, L50, F|100/100\n|switch|p1b: Farigiraf|Farigiraf, L50, M|100/100\n|switch|p2a: Tyranitar|Tyranitar, L50, M|100/100\n|switch|p2b: Greninja|Greninja, L50, M|100/100\n|-weather|Sandstorm|[from] ability: Sand Stream|[of] p2a: Tyranitar\n|-ability|p1a: Incineroar|Intimidate|boost\n|-unboost|p2a: Tyranitar|atk|1\n|-unboost|p2b: Greninja|atk|1\n|turn|1\n|inactive|Hades_72 has 30 seconds left.\n|inactive|Hades_72 has 20 seconds left.\n|\n|t:|1776319174\n|move|p1a: Incineroar|Fake Out|p2b: Greninja\n|-damage|p2b: Greninja|78/100\n|cant|p2b: Greninja|flinch\n|move|p2a: Tyranitar|Rock Slide|p1b: Farigiraf|[spread] p1b\n|-miss|p2a: Tyranitar|p1a: Incineroar\n|-damage|p1b: Farigiraf|79/100\n|cant|p1b: Farigiraf|flinch\n|\n|-weather|Sandstorm|[upkeep]\n|-damage|p2b: Greninja|72/100|[from] Sandstorm\n|-damage|p1a: Incineroar|95/100|[from] Sandstorm\n|-damage|p1b: Farigiraf|73/100|[from] Sandstorm\n|upkeep\n|turn|2\n|inactive|sswaaaggg has 30 seconds left.\n|inactive|Hades_72 has 30 seconds left.\n|\n|t:|1776319209\n|move|p2b: Greninja|Extrasensory|p1b: Farigiraf\n|-start|p2b: Greninja|typechange|Psychic|[from] ability: Protean\n|-resisted|p1b: Farigiraf|1\n|-damage|p1b: Farigiraf|59/100\n|move|p2a: Tyranitar|Knock Off|p1b: Farigiraf\n|-supereffective|p1b: Farigiraf|1\n|-damage|p1b: Farigiraf|0 fnt\n|-enditem|p1b: Farigiraf|Mental Herb|[from] move: Knock Off|[of] p2a: Tyranitar\n|faint|p1b: Farigiraf\n|move|p1a: Incineroar|Parting Shot|p2a: Tyranitar\n|-unboost|p2a: Tyranitar|atk|1\n|-unboost|p2a: Tyranitar|spa|1\n|\n|t:|1776319218\n|switch|p1a: Camerupt|Camerupt, L50, F|100/100|[from] Parting Shot\n|\n|-weather|Sandstorm|[upkeep]\n|-damage|p2b: Greninja|66/100|[from] Sandstorm\n|upkeep\n|\n|t:|1776319222\n|switch|p1b: Incineroar|Incineroar, L50, F|95/100\n|-ability|p1b: Incineroar|Intimidate|boost\n|-unboost|p2a: Tyranitar|atk|1\n|-unboost|p2b: Greninja|atk|1\n|turn|3\n|inactive|sswaaaggg has 30 seconds left.\n|inactive|Hades_72 has 30 seconds left.\n|\n|t:|1776319254\n|detailschange|p1a: Camerupt|Camerupt-Mega, L50, F\n|-mega|p1a: Camerupt|Camerupt|Cameruptite\n|move|p1b: Incineroar|Fake Out|p2b: Greninja\n|-damage|p2b: Greninja|41/100\n|cant|p2b: Greninja|flinch\n|move|p2a: Tyranitar|High Horsepower|p1a: Camerupt\n|-supereffective|p1a: Camerupt|1\n|-damage|p1a: Camerupt|61/100\n|move|p1a: Camerupt|Earth Power|p2a: Tyranitar\n|-supereffective|p2a: Tyranitar|1\n|-damage|p2a: Tyranitar|13/100\n|\n|-weather|Sandstorm|[upkeep]\n|-damage|p2b: Greninja|35/100|[from] Sandstorm\n|-damage|p1b: Incineroar|89/100|[from] Sandstorm\n|upkeep\n|turn|4\n|inactive|sswaaaggg has 30 seconds left.\n|\n|t:|1776319281\n|switch|p1a: Torkoal|Torkoal, L50, F|100/100\n|-weather|SunnyDay|[from] ability: Drought|[of] p1a: Torkoal\n|move|p2a: Tyranitar|Protect|p2a: Tyranitar\n|-singleturn|p2a: Tyranitar|Protect\n|move|p2b: Greninja|Water Shuriken|p1a: Torkoal\n|-supereffective|p1a: Torkoal|1\n|-damage|p1a: Torkoal|95/100\n|-supereffective|p1a: Torkoal|1\n|-damage|p1a: Torkoal|90/100\n|-supereffective|p1a: Torkoal|1\n|-damage|p1a: Torkoal|84/100\n|-supereffective|p1a: Torkoal|1\n|-damage|p1a: Torkoal|79/100\n|-supereffective|p1a: Torkoal|1\n|-damage|p1a: Torkoal|73/100\n|-hitcount|p1a: Torkoal|5\n|move|p1b: Incineroar|Flare Blitz|p2b: Greninja\n|-damage|p2b: Greninja|0 fnt\n|faint|p2b: Greninja\n|-damage|p1b: Incineroar|79/100|[from] Recoil\n|\n|-weather|SunnyDay|[upkeep]\n|upkeep\n|\n|t:|1776319304\n|switch|p2b: Sneasler|Sneasler, L50, M|100/100\n|turn|5\n|\n|t:|1776319321\n|switch|p1b: Camerupt|Camerupt-Mega, L50, F|61/100\n|move|p1a: Torkoal|Protect|p1a: Torkoal\n|-singleturn|p1a: Torkoal|Protect\n|move|p2b: Sneasler|Close Combat|p1a: Torkoal\n|-activate|p1a: Torkoal|move: Protect\n|move|p2a: Tyranitar|Rock Slide|p1b: Camerupt|[spread] p1b\n|-activate|p1a: Torkoal|move: Protect\n|-damage|p1b: Camerupt|45/100\n|\n|-weather|SunnyDay|[upkeep]\n|upkeep\n|turn|6\n|inactive|sswaaaggg has 30 seconds left.\n|\n|t:|1776319356\n|move|p2b: Sneasler|Close Combat|p1a: Torkoal\n|-damage|p1a: Torkoal|20/100\n|-unboost|p2b: Sneasler|def|1\n|-unboost|p2b: Sneasler|spd|1\n|-status|p1a: Torkoal|psn|[from] ability: Poison Touch|[of] p2b: Sneasler\n|move|p2a: Tyranitar|Rock Slide|p1b: Camerupt|[spread] p1a,p1b\n|-supereffective|p1a: Torkoal|1\n|-damage|p1a: Torkoal|0 fnt\n|-damage|p1b: Camerupt|28/100\n|faint|p1a: Torkoal\n|move|p1b: Camerupt|Earth Power|p2b: Sneasler\n|-supereffective|p2b: Sneasler|1\n|-enditem|p2b: Sneasler|Focus Sash\n|-damage|p2b: Sneasler|1/100\n|\n|-weather|SunnyDay|[upkeep]\n|upkeep\n|\n|t:|1776319366\n|switch|p1a: Incineroar|Incineroar, L50, F|79/100\n|-ability|p1a: Incineroar|Intimidate|boost\n|-unboost|p2a: Tyranitar|atk|1\n|-unboost|p2b: Sneasler|atk|1\n|turn|7\n|inactive|Hades_72 has 30 seconds left.\n|inactive|Hades_72 has 20 seconds left.\n|\n|t:|1776319405\n|detailschange|p2a: Tyranitar|Tyranitar-Mega, L50, M\n|-mega|p2a: Tyranitar|Tyranitar|Tyranitarite\n|-weather|Sandstorm|[from] ability: Sand Stream|[of] p2a: Tyranitar\n|move|p2b: Sneasler|Protect|p2b: Sneasler\n|-singleturn|p2b: Sneasler|Protect\n|move|p2a: Tyranitar|Protect|p2a: Tyranitar\n|-singleturn|p2a: Tyranitar|Protect\n|move|p1a: Incineroar|Fake Out|p2a: Tyranitar\n|-activate|p2a: Tyranitar|move: Protect\n|move|p1b: Camerupt|Heat Wave|p2b: Sneasler|[spread] \n|-activate|p2a: Tyranitar|move: Protect\n|-activate|p2b: Sneasler|move: Protect\n|\n|-weather|Sandstorm|[upkeep]\n|-damage|p2b: Sneasler|0 fnt|[from] Sandstorm\n|-damage|p1a: Incineroar|73/100|[from] Sandstorm\n|faint|p2b: Sneasler\n|upkeep\n|\n|t:|1776319425\n|switch|p2b: Kingambit|Kingambit, L50, M|100/100\n|turn|8\n|inactive|sswaaaggg has 30 seconds left.\n|\n|t:|1776319452\n|move|p2b: Kingambit|Sucker Punch|p1b: Camerupt\n|-damage|p1b: Camerupt|0 fnt\n|faint|p1b: Camerupt\n|move|p2a: Tyranitar|Rock Slide|p1a: Incineroar\n|-supereffective|p1a: Incineroar|1\n|-damage|p1a: Incineroar|35/100\n|-enditem|p1a: Incineroar|Sitrus Berry|[eat]\n|-heal|p1a: Incineroar|60/100|[from] item: Sitrus Berry\n|move|p1a: Incineroar|Darkest Lariat|p2a: Tyranitar\n|-resisted|p2a: Tyranitar|1\n|-damage|p2a: Tyranitar|0 fnt\n|faint|p2a: Tyranitar\n|\n|-weather|Sandstorm|[upkeep]\n|-damage|p1a: Incineroar|54/100|[from] Sandstorm\n|upkeep\n|turn|9\n|\n|t:|1776319477\n|move|p2b: Kingambit|Protect|p2b: Kingambit\n|-singleturn|p2b: Kingambit|Protect\n|move|p1a: Incineroar|Flare Blitz|p2b: Kingambit\n|-activate|p2b: Kingambit|move: Protect\n|\n|-weather|Sandstorm|[upkeep]\n|-damage|p1a: Incineroar|48/100|[from] Sandstorm\n|upkeep\n|turn|10\n|\n|t:|1776319496\n|move|p1a: Incineroar|Flare Blitz|p2b: Kingambit\n|-supereffective|p2b: Kingambit|1\n|-damage|p2b: Kingambit|13/100\n|-damage|p1a: Incineroar|13/100|[from] Recoil\n|move|p2b: Kingambit|Swords Dance|p2b: Kingambit\n|-boost|p2b: Kingambit|atk|2\n|\n|-weather|Sandstorm|[upkeep]\n|-damage|p1a: Incineroar|7/100|[from] Sandstorm\n|upkeep\n|turn|11\n|\n|t:|1776319520\n|move|p2b: Kingambit|Sucker Punch|p1a: Incineroar\n|-resisted|p1a: Incineroar|1\n|-damage|p1a: Incineroar|0 fnt\n|faint|p1a: Incineroar\n|\n|win|Hades_72\n|raw|sswaaaggg's rating: 1141 &rarr; <strong>1115</strong><br />(-26 for losing)\n|raw|Hades_72's rating: 1125 &rarr; <strong>1151</strong><br />(+26 for winning)\n|l|\u2606sswaaaggg\n|player|p1|\n|l|\u2606Hades_72\n|player|p2|\n|j|\u2606Hades_72\n|player|p2|Hades_72|170|\n",
  "uploadtime": 1776320180,
  "views": 29,
  "formatid": "gen9championsvgc2026regma",
  "rating": 1115,
  "private": 0,
  "password": null
}