{
  "id": "gen9championsvgc2026regma-2581009248",
  "format": "[Gen 9 Champions] VGC 2026 Reg M-A",
  "players": [
    "FoulScowl",
    "bdb3000"
  ],
  "log": "|j|\u2606FoulScowl\n|j|\u2606bdb3000\n|t:|1775951320\n|gametype|doubles\n|player|p1|FoulScowl|grimsley|1073\n|player|p2|bdb3000|102|1000\n|gen|9\n|tier|[Gen 9 Champions] VGC 2026 Reg M-A\n|rated|\n|rule|Species Clause: Limit one of each Pok\u00e9mon\n|rule|Item Clause: Limit 1 of each item\n|clearpoke\n|poke|p1|Gyarados, L50, M|\n|poke|p1|Sinistcha-Masterpiece, L50|\n|poke|p1|Camerupt, L50, M|\n|poke|p1|Sneasler, L50, M|\n|poke|p1|Kingambit, L50, M|\n|poke|p1|Sylveon, L50, F|\n|poke|p2|Charizard, L50, M|\n|poke|p2|Whimsicott, L50, M|\n|poke|p2|Garchomp, L50, F|\n|poke|p2|Sneasler, L50, M|\n|poke|p2|Maushold, L50|\n|poke|p2|Incineroar, L50, F|\n|teampreview|4\nFoulScowl rejected open team sheets.\n|l|\u2606FoulScowl\n|player|p1|\n|j|\u2606FoulScowl\n|player|p1|FoulScowl|grimsley|\n|\n|t:|1775951369\n|teamsize|p1|4\n|teamsize|p2|4\n|start\n|switch|p1a: Sylveon|Sylveon, L50, F, shiny|100/100\n|switch|p1b: Sneasler|Sneasler, L50, M|100/100\n|switch|p2a: Charizard|Charizard, L50, M|100/100\n|switch|p2b: Maushold|Maushold, L50|100/100\n|turn|1\n|\n|t:|1775951393\n|detailschange|p2a: Charizard|Charizard-Mega-Y, L50, M\n|-mega|p2a: Charizard|Charizard|Charizardite Y\n|-weather|SunnyDay|[from] ability: Drought|[of] p2a: Charizard\n|move|p1b: Sneasler|Fake Out|p2a: Charizard\n|-damage|p2a: Charizard|88/100\n|move|p2b: Maushold|Follow Me|p2b: Maushold\n|-singleturn|p2b: Maushold|move: Follow Me\n|move|p1a: Sylveon|Hyper Voice|p2a: Charizard|[spread] p2a,p2b\n|-resisted|p2a: Charizard|1\n|-damage|p2a: Charizard|76/100\n|-damage|p2b: Maushold|52/100\n|cant|p2a: Charizard|flinch\n|\n|-weather|SunnyDay|[upkeep]\n|upkeep\n|turn|2\n|\n|t:|1775951411\n|move|p1b: Sneasler|Dire Claw|p2a: Charizard\n|-damage|p2a: Charizard|38/100\n|move|p1a: Sylveon|Hyper Voice|p2a: Charizard|[spread] p2a,p2b\n|-resisted|p2a: Charizard|1\n|-damage|p2a: Charizard|25/100\n|-damage|p2b: Maushold|0 fnt\n|faint|p2b: Maushold\n|move|p2a: Charizard|Heat Wave|p1a: Sylveon|[spread] p1b\n|-miss|p2a: Charizard|p1a: Sylveon\n|-damage|p1b: Sneasler|13/100\n|-status|p1b: Sneasler|brn\n|\n|-weather|SunnyDay|[upkeep]\n|-damage|p1b: Sneasler|7/100 brn|[from] brn\n|upkeep\n|\n|t:|1775951428\n|switch|p2b: Incineroar|Incineroar, L50, F|100/100\n|-ability|p2b: Incineroar|Intimidate|boost\n|-unboost|p1a: Sylveon|atk|1\n|-unboost|p1b: Sneasler|atk|1\n|-enditem|p1b: Sneasler|White Herb\n|-clearnegativeboost|p1b: Sneasler|[silent]\n|turn|3\n|\n|t:|1775951445\n|switch|p1b: Gyarados|Gyarados, L50, M|100/100\n|-ability|p1b: Gyarados|Intimidate|boost\n|-unboost|p2a: Charizard|atk|1\n|-unboost|p2b: Incineroar|atk|1\n|move|p2b: Incineroar|Fake Out|p1a: Sylveon\n|-damage|p1a: Sylveon|89/100\n|cant|p1a: Sylveon|flinch\n|move|p2a: Charizard|Weather Ball|p1a: Sylveon\n|-damage|p1a: Sylveon|10/100\n|\n|-weather|SunnyDay|[upkeep]\n|upkeep\n|turn|4\n|\n|t:|1775951464\n|move|p1a: Sylveon|Hyper Voice|p2b: Incineroar|[spread] p2a,p2b\n|-resisted|p2a: Charizard|1\n|-damage|p2a: Charizard|7/100\n|-damage|p2b: Incineroar|68/100\n|move|p2a: Charizard|Heat Wave|p1b: Gyarados|[spread] p1a,p1b\n|-resisted|p1b: Gyarados|1\n|-damage|p1a: Sylveon|0 fnt\n|-damage|p1b: Gyarados|70/100\n|faint|p1a: Sylveon\n|move|p1b: Gyarados|Dragon Dance|p1b: Gyarados\n|-boost|p1b: Gyarados|atk|1\n|-boost|p1b: Gyarados|spe|1\n|move|p2b: Incineroar|Parting Shot|p1b: Gyarados\n|-unboost|p1b: Gyarados|atk|1\n|-unboost|p1b: Gyarados|spa|1\n|\n|t:|1775951477\n|switch|p2b: Sneasler|Sneasler, L50, M|100/100|[from] Parting Shot\n|\n|-weather|SunnyDay|[upkeep]\n|upkeep\n|\n|t:|1775951485\n|switch|p1a: Sinistcha|Sinistcha-Masterpiece, L50|100/100\n|-heal|p1b: Gyarados|95/100|[from] ability: Hospitality|[of] p1a: Sinistcha\n|turn|5\n|\n|t:|1775951510\n|move|p1a: Sinistcha|Rage Powder|p1a: Sinistcha\n|-singleturn|p1a: Sinistcha|move: Rage Powder\n|move|p2b: Sneasler|Rock Tomb|p1a: Sinistcha\n|-damage|p1a: Sinistcha|79/100\n|-unboost|p1a: Sinistcha|spe|1\n|move|p1b: Gyarados|Waterfall|p2a: Charizard\n|-supereffective|p2a: Charizard|1\n|-damage|p2a: Charizard|0 fnt\n|faint|p2a: Charizard\n|\n|-weather|none\n|upkeep\n|\n|t:|1775951522\n|switch|p2a: Incineroar|Incineroar, L50, F|68/100\n|-ability|p2a: Incineroar|Intimidate|boost\n|-unboost|p1a: Sinistcha|atk|1\n|-unboost|p1b: Gyarados|atk|1\n|turn|6\n|\n|t:|1775951550\n|switch|p1b: Sneasler|Sneasler, L50, M|7/100 brn\n|move|p2b: Sneasler|Rock Tomb|p1b: Sneasler\n|-resisted|p1b: Sneasler|1\n|-damage|p1b: Sneasler|0 fnt\n|faint|p1b: Sneasler\n|move|p2a: Incineroar|Darkest Lariat|p1a: Sinistcha\n|-supereffective|p1a: Sinistcha|1\n|-damage|p1a: Sinistcha|7/100\n|-enditem|p1a: Sinistcha|Sitrus Berry|[eat]\n|-heal|p1a: Sinistcha|32/100|[from] item: Sitrus Berry\n|move|p1a: Sinistcha|Shadow Ball|p2b: Sneasler\n|-damage|p2b: Sneasler|50/100\n|\n|upkeep\n|\n|t:|1775951558\n|switch|p1b: Gyarados|Gyarados, L50, M|95/100\n|-ability|p1b: Gyarados|Intimidate|boost\n|-unboost|p2a: Incineroar|atk|1\n|-unboost|p2b: Sneasler|atk|1\n|-enditem|p2b: Sneasler|White Herb\n|-clearnegativeboost|p2b: Sneasler|[silent]\n|turn|7\n|\n|t:|1775951573\n|move|p2b: Sneasler|Protect|p2b: Sneasler\n|-singleturn|p2b: Sneasler|Protect\n|move|p1a: Sinistcha|Rage Powder|p1a: Sinistcha\n|-singleturn|p1a: Sinistcha|move: Rage Powder\n|move|p1b: Gyarados|Dragon Dance|p1b: Gyarados\n|-boost|p1b: Gyarados|atk|1\n|-boost|p1b: Gyarados|spe|1\n|move|p2a: Incineroar|Darkest Lariat|p1a: Sinistcha\n|-supereffective|p1a: Sinistcha|1\n|-damage|p1a: Sinistcha|0 fnt\n|faint|p1a: Sinistcha\n|\n|upkeep\n|turn|8\n|\n|t:|1775951590\n|detailschange|p1b: Gyarados|Gyarados-Mega, L50, M\n|-mega|p1b: Gyarados|Gyarados|Gyaradosite\n|-ability|p1b: Gyarados|Mold Breaker\n|move|p2b: Sneasler|Rock Tomb|p1b: Gyarados\n|-damage|p1b: Gyarados|77/100\n|-unboost|p1b: Gyarados|spe|1\n|move|p1b: Gyarados|Waterfall|p2a: Incineroar\n|-supereffective|p2a: Incineroar|1\n|-damage|p2a: Incineroar|0 fnt\n|faint|p2a: Incineroar\n|\n|upkeep\n|turn|9\n|\n|t:|1775951603\n|move|p2b: Sneasler|Close Combat|p1b: Gyarados\n|-supereffective|p1b: Gyarados|1\n|-damage|p1b: Gyarados|0 fnt\n|-unboost|p2b: Sneasler|def|1\n|-unboost|p2b: Sneasler|spd|1\n|faint|p1b: Gyarados\n|\n|win|bdb3000\n|raw|FoulScowl's rating: 1073 &rarr; <strong>1048</strong><br />(-25 for losing)\n|raw|bdb3000's rating: 1000 &rarr; <strong>1048</strong><br />(+48 for winning)\n|l|\u2606FoulScowl\n|player|p1|\n",
  "uploadtime": 1775951875,
  "views": 41,
  "formatid": "gen9championsvgc2026regma",
  "rating": 1048,
  "private": 0,
  "password": null
}