{
  "id": "gen9championsvgc2026regma-2588281934",
  "format": "[Gen 9 Champions] VGC 2026 Reg M-A",
  "players": [
    "Valvas",
    "cynbeballin"
  ],
  "log": "|j|\u2606Valvas\n|j|\u2606cynbeballin\n|t:|1776620714\n|gametype|doubles\n|player|p1|Valvas|veteran|1136\n|player|p2|cynbeballin|1|1087\n|gen|9\n|tier|[Gen 9 Champions] VGC 2026 Reg M-A\n|rated|\n|rule|Species Clause: Limit one of each Pok\u00e9mon\n|rule|Item Clause: Limit 1 of each item\n|clearpoke\n|poke|p1|Charizard, L50, M|\n|poke|p1|Milotic, L50, M|\n|poke|p1|Aegislash, L50, M, shiny|\n|poke|p1|Sneasler, L50, F|\n|poke|p1|Aerodactyl, L50, M, shiny|\n|poke|p1|Sylveon, L50, M, shiny|\n|poke|p2|Crabominable, L50, F|\n|poke|p2|Hatterene, L50, F|\n|poke|p2|Avalugg, L50, M|\n|poke|p2|Ninetales-Alola, L50, F|\n|poke|p2|Incineroar, L50, M|\n|poke|p2|Sinistcha, L50|\n|teampreview|4\n|inactive|Battle timer is ON: inactive players will automatically lose when time's up. (requested by Valvas)\ncynbeballin rejected open team sheets.\n|\n|t:|1776620745\n|teamsize|p1|4\n|teamsize|p2|4\n|start\n|switch|p1a: Sneasler|Sneasler, L50, F|100/100\n|switch|p1b: Aerodactyl|Aerodactyl, L50, M, shiny|100/100\n|switch|p2a: Hatterene|Hatterene, L50, F|100/100\n|switch|p2b: Ninetales|Ninetales-Alola, L50, F|100/100\n|-ability|p1b: Aerodactyl|Unnerve\n|-weather|Snowscape|[from] ability: Snow Warning|[of] p2b: Ninetales\n|turn|1\n|\n|t:|1776620767\n|move|p1a: Sneasler|Fake Out|p2b: Ninetales\n|-damage|p2b: Ninetales|88/100\n|-status|p2b: Ninetales|psn|[from] ability: Poison Touch|[of] p1a: Sneasler\n|move|p1b: Aerodactyl|Rock Slide|p2a: Hatterene|[spread] p2a,p2b\n|-supereffective|p2b: Ninetales|1\n|-damage|p2a: Hatterene|72/100\n|-damage|p2b: Ninetales|45/100 psn\n|cant|p2b: Ninetales|flinch\n|move|p2a: Hatterene|Trick Room|p2a: Hatterene\n|-fieldstart|move: Trick Room|[of] p2a: Hatterene\n|\n|-weather|Snowscape|[upkeep]\n|-damage|p2b: Ninetales|33/100 psn|[from] psn\n|upkeep\n|turn|2\n|\n|t:|1776620787\n|switch|p2a: Avalugg|Avalugg, L50, M|100/100\n|move|p2b: Ninetales|Aurora Veil|p2b: Ninetales\n|-sidestart|p2: cynbeballin|move: Aurora Veil\n|move|p1a: Sneasler|Dire Claw|p2a: Avalugg\n|-damage|p2a: Avalugg|92/100\n|-status|p2a: Avalugg|psn\n|move|p1b: Aerodactyl|Rock Slide|p2a: Avalugg|[spread] p2a,p2b\n|-supereffective|p2a: Avalugg|1\n|-supereffective|p2b: Ninetales|1\n|-damage|p2a: Avalugg|84/100 psn\n|-damage|p2b: Ninetales|3/100 psn\n|\n|-weather|Snowscape|[upkeep]\n|-damage|p2a: Avalugg|71/100 psn|[from] psn\n|-damage|p2b: Ninetales|0 fnt|[from] psn\n|faint|p2b: Ninetales\n|upkeep\n|\n|t:|1776620791\n|switch|p2b: Crabominable|Crabominable, L50, F|100/100\n|turn|3\n|inactive|Valvas has 30 seconds left.\n|\n|t:|1776620826\n|move|p1a: Sneasler|Protect|p1a: Sneasler\n|-singleturn|p1a: Sneasler|Protect\n|move|p1b: Aerodactyl|Protect|p1b: Aerodactyl\n|-singleturn|p1b: Aerodactyl|Protect\n|move|p2a: Avalugg|Frost Breath|p2b: Crabominable\n|-resisted|p2b: Crabominable|1\n|-crit|p2b: Crabominable\n|-damage|p2b: Crabominable|91/100\n|-setboost|p2b: Crabominable|atk|6|[from] ability: Anger Point\n|move|p2b: Crabominable|Rock Slide|p1a: Sneasler|[spread] \n|-activate|p1a: Sneasler|move: Protect\n|-activate|p1b: Aerodactyl|move: Protect\n|\n|-weather|Snowscape|[upkeep]\n|-damage|p2a: Avalugg|59/100 psn|[from] psn\n|upkeep\n|turn|4\n|\n|t:|1776620848\n|switch|p1a: Aegislash|Aegislash, L50, M, shiny|100/100\n|detailschange|p2b: Crabominable|Crabominable-Mega, L50, F\n|-mega|p2b: Crabominable|Crabominable|Crabominite\n|move|p2a: Avalugg|Wide Guard|p2a: Avalugg\n|-singleturn|p2a: Avalugg|Wide Guard\n|move|p2b: Crabominable|Rock Slide|p1b: Aerodactyl|[spread] p1a\n|-miss|p2b: Crabominable|p1b: Aerodactyl\n|-resisted|p1a: Aegislash|1\n|-damage|p1a: Aegislash|62/100\n|move|p1b: Aerodactyl|Rock Slide|p2a: Avalugg|[spread] \n|-activate|p2a: Avalugg|move: Wide Guard\n|-activate|p2b: Crabominable|move: Wide Guard\n|\n|-weather|Snowscape|[upkeep]\n|-damage|p2a: Avalugg|47/100 psn|[from] psn\n|upkeep\n|turn|5\n|\n|t:|1776620870\n|move|p1a: Aegislash|King's Shield|p1a: Aegislash\n|-singleturn|p1a: Aegislash|Protect\n|move|p1b: Aerodactyl|Protect|p1b: Aerodactyl\n|-singleturn|p1b: Aerodactyl|Protect\n|move|p2b: Crabominable|Rock Slide|p1a: Aegislash|[spread] \n|-activate|p1a: Aegislash|move: Protect\n|-activate|p1b: Aerodactyl|move: Protect\n|move|p2a: Avalugg|Chilling Water|p1b: Aerodactyl\n|-activate|p1b: Aerodactyl|move: Protect\n|\n|-weather|none\n|-damage|p2a: Avalugg|34/100 psn|[from] psn\n|-fieldend|move: Trick Room\n|upkeep\n|turn|6\n|\n|t:|1776620891\n|switch|p2a: Hatterene|Hatterene, L50, F|72/100\n|move|p2b: Crabominable|Mach Punch|p1b: Aerodactyl\n|-enditem|p1b: Aerodactyl|Focus Sash\n|-damage|p1b: Aerodactyl|1/100\n|move|p1b: Aerodactyl|Rock Slide|p2a: Hatterene|[spread] p2a,p2b\n|-crit|p2b: Crabominable\n|-damage|p2a: Hatterene|52/100\n|-damage|p2b: Crabominable|62/100\n|-formechange|p1a: Aegislash|Aegislash-Blade|\n|move|p1a: Aegislash|Poltergeist|p2b: Crabominable\n|-activate|p2b: Crabominable|move: Poltergeist|Crabominite\n|-damage|p2b: Crabominable|24/100\n|\n|-sideend|p2: cynbeballin|move: Aurora Veil\n|upkeep\n|turn|7\n|inactive|cynbeballin has 30 seconds left.\n|\n|t:|1776620925\n|move|p1a: Aegislash|Shadow Sneak|p2b: Crabominable\n|-damage|p2b: Crabominable|4/100\n|move|p2b: Crabominable|Mach Punch|p1b: Aerodactyl\n|-damage|p1b: Aerodactyl|0 fnt\n|faint|p1b: Aerodactyl\n|move|p2a: Hatterene|Shadow Ball|p1a: Aegislash\n|-supereffective|p1a: Aegislash|1\n|-damage|p1a: Aegislash|0 fnt\n|faint|p1a: Aegislash\n|\n|upkeep\n|\n|t:|1776620937\n|switch|p1b: Charizard|Charizard, L50, M|100/100\n|switch|p1a: Sneasler|Sneasler, L50, F|100/100\n|turn|8\n|\n|t:|1776620956\n|detailschange|p1b: Charizard|Charizard-Mega-X, L50, M\n|-mega|p1b: Charizard|Charizard|Charizardite X\n|move|p1b: Charizard|Protect|p1b: Charizard\n|-singleturn|p1b: Charizard|Protect\n|move|p2b: Crabominable|Protect|p2b: Crabominable\n|-singleturn|p2b: Crabominable|Protect\n|move|p1a: Sneasler|Fake Out|p2b: Crabominable\n|-activate|p2b: Crabominable|move: Protect\n|move|p2a: Hatterene|Trick Room|p2a: Hatterene\n|-fieldstart|move: Trick Room|[of] p2a: Hatterene\n|\n|upkeep\n|turn|9\n|\n|t:|1776620973\n|move|p2a: Hatterene|Psychic|p1a: Sneasler\n|-supereffective|p1a: Sneasler|2\n|-damage|p1a: Sneasler|0 fnt\n|faint|p1a: Sneasler\n|move|p2b: Crabominable|Earthquake|p1b: Charizard|[spread] p2a,p1b\n|-supereffective|p1b: Charizard|1\n|-damage|p2a: Hatterene|0 fnt\n|-damage|p1b: Charizard|0 fnt\n|faint|p2a: Hatterene\n|faint|p1b: Charizard\n|\n|win|cynbeballin\n|raw|Valvas's rating: 1136 &rarr; <strong>1107</strong><br />(-29 for losing)\n|raw|cynbeballin's rating: 1087 &rarr; <strong>1118</strong><br />(+31 for winning)\n",
  "uploadtime": 1776620976,
  "views": 17,
  "formatid": "gen9championsvgc2026regma",
  "rating": 1107,
  "private": 0,
  "password": null
}