{
  "id": "gen9championsvgc2026regma-2580986555",
  "format": "[Gen 9 Champions] VGC 2026 Reg M-A",
  "players": [
    "N1ko_c",
    "Mace0"
  ],
  "log": "|j|\u2606N1ko_c\n|j|\u2606Mace0\n|t:|1775949227\n|gametype|doubles\n|player|p1|N1ko_c|cynthia-gen4|1290\n|player|p2|Mace0|red-masters3|1316\n|gen|9\n|tier|[Gen 9 Champions] VGC 2026 Reg M-A\n|rated|\n|rule|Species Clause: Limit one of each Pok\u00e9mon\n|rule|Item Clause: Limit 1 of each item\n|clearpoke\n|poke|p1|Froslass, L50, F|\n|poke|p1|Primarina, L50, F|\n|poke|p1|Hydreigon, L50, F|\n|poke|p1|Aerodactyl, L50, F|\n|poke|p1|Sneasler, L50, M|\n|poke|p1|Sinistcha, L50|\n|poke|p2|Aerodactyl, L50, M|\n|poke|p2|Sneasler, L50, M|\n|poke|p2|Sinistcha, L50|\n|poke|p2|Tyranitar, L50, M|\n|poke|p2|Gyarados, L50, M|\n|poke|p2|Rotom-Heat, L50|\n|teampreview|4\n|inactive|Battle timer is ON: inactive players will automatically lose when time's up. (requested by Mace0)\n|j| gE1xjZRtuhW2DdT0AK\n|\n|t:|1775949261\n|teamsize|p1|4\n|teamsize|p2|4\n|start\n|switch|p1a: Froslass|Froslass, L50, F|100/100\n|switch|p1b: Aerodactyl|Aerodactyl, L50, F|100/100\n|switch|p2a: Aerodactyl|Aerodactyl, L50, M|100/100\n|switch|p2b: Sneasler|Sneasler, L50, M|100/100\n|-ability|p1b: Aerodactyl|Unnerve\n|-ability|p2a: Aerodactyl|Unnerve\n|turn|1\n|inactive|Mace0 has 30 seconds left.\n|\n|t:|1775949289\n|switch|p2b: Tyranitar|Tyranitar, L50, M|100/100\n|-weather|Sandstorm|[from] ability: Sand Stream|[of] p2b: Tyranitar\n|detailschange|p2a: Aerodactyl|Aerodactyl-Mega, L50, M\n|-mega|p2a: Aerodactyl|Aerodactyl|Aerodactylite\n|detailschange|p1a: Froslass|Froslass-Mega, L50, F\n|-mega|p1a: Froslass|Froslass|Froslassite\n|-weather|Snowscape|[from] ability: Snow Warning|[of] p1a: Froslass\n|move|p2a: Aerodactyl|Rock Slide|p1a: Froslass|[spread] p1a\n|-miss|p2a: Aerodactyl|p1b: Aerodactyl\n|-supereffective|p1a: Froslass|1\n|-damage|p1a: Froslass|42/100\n|move|p1b: Aerodactyl|Tailwind|p1b: Aerodactyl\n|-sidestart|p1: N1ko_c|move: Tailwind\n|cant|p1a: Froslass|flinch\n|\n|-weather|Snowscape|[upkeep]\n|upkeep\n|turn|2\n|inactive|N1ko_c has 30 seconds left.\n|\n|t:|1775949318\n|move|p2a: Aerodactyl|Protect|p2a: Aerodactyl\n|-singleturn|p2a: Aerodactyl|Protect\n|move|p1b: Aerodactyl|Rock Slide|p2b: Tyranitar|[spread] p2b\n|-activate|p2a: Aerodactyl|move: Protect\n|-damage|p2b: Tyranitar|75/100\n|move|p1a: Froslass|Blizzard|p2a: Aerodactyl|[spread] p2b\n|-activate|p2a: Aerodactyl|move: Protect\n|-damage|p2b: Tyranitar|25/100\n|move|p2b: Tyranitar|Rock Slide|p1b: Aerodactyl|[spread] p1a,p1b\n|-supereffective|p1a: Froslass|1\n|-supereffective|p1b: Aerodactyl|1\n|-crit|p1b: Aerodactyl\n|-damage|p1a: Froslass|0 fnt\n|-enditem|p1b: Aerodactyl|Focus Sash\n|-damage|p1b: Aerodactyl|1/100\n|faint|p1a: Froslass\n|\n|-weather|Snowscape|[upkeep]\n|upkeep\n|\n|t:|1775949333\n|switch|p1a: Primarina|Primarina, L50, F|100/100\n|turn|3\n|\n|t:|1775949339\n|switch|p2a: Sinistcha|Sinistcha, L50|100/100\n|-heal|p2b: Tyranitar|50/100|[from] ability: Hospitality|[of] p2a: Sinistcha\n|move|p1b: Aerodactyl|Rock Slide|p2a: Sinistcha|[spread] p2a,p2b\n|-damage|p2a: Sinistcha|78/100\n|-damage|p2b: Tyranitar|25/100\n|cant|p2b: Tyranitar|flinch\n|move|p1a: Primarina|Hyper Voice|p2b: Tyranitar|[spread] p2a,p2b\n|-resisted|p2a: Sinistcha|1\n|-crit|p2a: Sinistcha\n|-supereffective|p2b: Tyranitar|1\n|-damage|p2a: Sinistcha|53/100\n|-damage|p2b: Tyranitar|0 fnt\n|faint|p2b: Tyranitar\n|\n|-weather|Snowscape|[upkeep]\n|-heal|p2a: Sinistcha|59/100|[from] item: Leftovers\n|upkeep\n|\n|t:|1775949348\n|switch|p2b: Aerodactyl|Aerodactyl-Mega, L50, M|100/100\n|turn|4\n|\n|t:|1775949358\n|move|p1b: Aerodactyl|Wide Guard|p1b: Aerodactyl\n|-singleturn|p1b: Aerodactyl|Wide Guard\n|move|p2b: Aerodactyl|Tailwind|p2b: Aerodactyl\n|-sidestart|p2: Mace0|move: Tailwind\n|move|p2a: Sinistcha|Matcha Gotcha|p1a: Primarina|[spread] \n|-activate|p1a: Primarina|move: Wide Guard\n|-activate|p1b: Aerodactyl|move: Wide Guard\n|move|p1a: Primarina|Blizzard|p2a: Sinistcha|[spread] p2a,p2b\n|-supereffective|p2a: Sinistcha|1\n|-supereffective|p2b: Aerodactyl|1\n|-damage|p2a: Sinistcha|6/100\n|-damage|p2b: Aerodactyl|31/100\n|\n|-weather|Snowscape|[upkeep]\n|-heal|p2a: Sinistcha|12/100|[from] item: Leftovers\n|-sideend|p1: N1ko_c|move: Tailwind\n|upkeep\n|turn|5\n|\n|t:|1775949377\n|move|p1b: Aerodactyl|Wide Guard|p1b: Aerodactyl\n|-singleturn|p1b: Aerodactyl|Wide Guard\n|move|p2b: Aerodactyl|Dual Wingbeat|p1b: Aerodactyl\n|-resisted|p1b: Aerodactyl|1\n|-damage|p1b: Aerodactyl|0 fnt\n|faint|p1b: Aerodactyl\n|-hitcount|p1: Aerodactyl|1\n|move|p2a: Sinistcha|Matcha Gotcha|p1a: Primarina\n|-activate|p1a: Primarina|move: Wide Guard\n|move|p1a: Primarina|Blizzard|p2b: Aerodactyl|[spread] p2a,p2b\n|-supereffective|p2a: Sinistcha|1\n|-supereffective|p2b: Aerodactyl|1\n|-damage|p2a: Sinistcha|0 fnt\n|-damage|p2b: Aerodactyl|0 fnt\n|faint|p2a: Sinistcha\n|faint|p2b: Aerodactyl\n|\n|-weather|none\n|upkeep\n|\n|t:|1775949389\n|switch|p1b: Sneasler|Sneasler, L50, M|100/100\n|switch|p2a: Sneasler|Sneasler, L50, M|100/100\n|turn|6\n|\n|t:|1775949393\n|move|p2a: Sneasler|Protect|p2a: Sneasler\n|-singleturn|p2a: Sneasler|Protect\n|move|p1b: Sneasler|Fake Out|p2a: Sneasler\n|-activate|p2a: Sneasler|move: Protect\n|move|p1a: Primarina|Hyper Voice|p2a: Sneasler\n|-activate|p2a: Sneasler|move: Protect\n|\n|upkeep\n|turn|7\n|\n|t:|1775949403\n|move|p2a: Sneasler|Dire Claw|p1a: Primarina\n|-supereffective|p1a: Primarina|1\n|-damage|p1a: Primarina|3/100\n|move|p1b: Sneasler|Dire Claw|p2a: Sneasler\n|-resisted|p2a: Sneasler|1\n|-damage|p2a: Sneasler|66/100\n|-status|p2a: Sneasler|slp\n|move|p1a: Primarina|Moonblast|p2a: Sneasler\n|-damage|p2a: Sneasler|0 fnt\n|faint|p2a: Sneasler\n|\n|win|N1ko_c\n|raw|N1ko_c's rating: 1290 &rarr; <strong>1317</strong><br />(+27 for winning)\n|raw|Mace0's rating: 1316 &rarr; <strong>1295</strong><br />(-21 for losing)\n|l|\u2606Mace0\n|player|p2|\n|l|\u2606N1ko_c\n|player|p1|\n",
  "uploadtime": 1775949469,
  "views": 20,
  "formatid": "gen9championsvgc2026regma",
  "rating": 1295,
  "private": 0,
  "password": null
}