{
  "id": "gen9championsvgc2026regma-2581736971",
  "format": "[Gen 9 Champions] VGC 2026 Reg M-A",
  "players": [
    "khaoz x",
    "BlackRhino825"
  ],
  "log": "|j|\u2606khaoz x\n|j|\u2606BlackRhino825\n|t:|1776024510\n|gametype|doubles\n|player|p1|khaoz x|101|1136\n|player|p2|BlackRhino825|102|1091\n|gen|9\n|tier|[Gen 9 Champions] VGC 2026 Reg M-A\n|rated|\n|rule|Species Clause: Limit one of each Pok\u00e9mon\n|rule|Item Clause: Limit 1 of each item\n|clearpoke\n|poke|p1|Charizard, L50, M|\n|poke|p1|Garchomp, L50, F|\n|poke|p1|Venusaur, L50, F|\n|poke|p1|Whimsicott, L50, F|\n|poke|p1|Milotic, L50, F|\n|poke|p1|Sneasler, L50, M|\n|poke|p2|Drampa, L50, M|\n|poke|p2|Incineroar, L50, F|\n|poke|p2|Mimikyu, L50, F|\n|poke|p2|Basculegion, L50, M|\n|poke|p2|Clefable, L50, F|\n|poke|p2|Aerodactyl, L50, M|\n|teampreview|4\n|inactive|Battle timer is ON: inactive players will automatically lose when time's up. (requested by BlackRhino825)\nkhaoz x rejected open team sheets.\n|\n|t:|1776024535\n|teamsize|p1|4\n|teamsize|p2|4\n|start\n|switch|p1a: Whimsicott|Whimsicott, L50, F|100/100\n|switch|p1b: Milotic|Milotic, L50, F|100/100\n|switch|p2a: Incineroar|Incineroar, L50, F|100/100\n|switch|p2b: Mimikyu|Mimikyu, L50, F|100/100\n|-ability|p2a: Incineroar|Intimidate|boost\n|-unboost|p1a: Whimsicott|atk|1\n|-unboost|p1b: Milotic|atk|1\n|-ability|p1b: Milotic|Competitive|boost\n|-boost|p1b: Milotic|spa|2\n|turn|1\n|inactive|khaoz x has 30 seconds left.\n|\n|t:|1776024568\n|move|p2a: Incineroar|Fake Out|p1b: Milotic\n|-damage|p1b: Milotic|90/100\n|move|p1a: Whimsicott|Moonblast|p2a: Incineroar\n|-damage|p2a: Incineroar|68/100\n|-unboost|p2a: Incineroar|spa|1\n|cant|p1b: Milotic|flinch\n|move|p2b: Mimikyu|Trick Room|p2b: Mimikyu\n|-fieldstart|move: Trick Room|[of] p2b: Mimikyu\n|\n|-heal|p1b: Milotic|96/100|[from] item: Leftovers\n|upkeep\n|turn|2\n|\n|t:|1776024593\n|switch|p2b: Drampa|Drampa, L50, M|100/100\n|move|p1a: Whimsicott|Encore||[still]\n|-fail|p1a: Whimsicott\n|move|p1b: Milotic|Scald|p2a: Incineroar\n|-supereffective|p2a: Incineroar|1\n|-crit|p2a: Incineroar\n|-damage|p2a: Incineroar|0 fnt\n|faint|p2a: Incineroar\n|\n|-heal|p1b: Milotic|100/100|[from] item: Leftovers\n|upkeep\n|\n|t:|1776024607\n|switch|p2a: Clefable|Clefable, L50, F|100/100\n|turn|3\n|\n|t:|1776024627\n|detailschange|p2b: Drampa|Drampa-Mega, L50, M\n|-mega|p2b: Drampa|Drampa|Drampanite\n|move|p1b: Milotic|Protect|p1b: Milotic\n|-singleturn|p1b: Milotic|Protect\n|move|p2a: Clefable|Follow Me|p2a: Clefable\n|-singleturn|p2a: Clefable|move: Follow Me\n|move|p2b: Drampa|Hyper Voice|p1a: Whimsicott|[spread] p1a\n|-activate|p1b: Milotic|move: Protect\n|-damage|p1a: Whimsicott|23/100\n|move|p1a: Whimsicott|Moonblast|p2a: Clefable\n|-damage|p2a: Clefable|67/100\n|\n|-heal|p2a: Clefable|73/100|[from] item: Leftovers\n|upkeep\n|turn|4\n|inactive|khaoz x has 30 seconds left.\n|\n|t:|1776024662\n|move|p2b: Drampa|Calm Mind|p2b: Drampa\n|-boost|p2b: Drampa|spa|1\n|-boost|p2b: Drampa|spd|1\n|move|p2a: Clefable|Life Dew||[still]|[spread] p2a,p2b\n|-heal|p2a: Clefable|99/100\n|-fail|p2b: Drampa|heal\n|move|p1b: Milotic|Scald|p2a: Clefable\n|-damage|p2a: Clefable|44/100\n|-status|p2a: Clefable|brn\n|move|p1a: Whimsicott|Endeavor|p2a: Clefable\n|-damage|p2a: Clefable|16/100 brn\n|\n|-heal|p2a: Clefable|22/100 brn|[from] item: Leftovers\n|upkeep\n|turn|5\n|inactive|khaoz x has 30 seconds left.\n|inactive|BlackRhino825 has 30 seconds left.\n|\n|t:|1776024694\n|move|p1b: Milotic|Protect|p1b: Milotic\n|-singleturn|p1b: Milotic|Protect\n|move|p2a: Clefable|Follow Me|p2a: Clefable\n|-singleturn|p2a: Clefable|move: Follow Me\n|move|p1a: Whimsicott|Tailwind|p1a: Whimsicott\n|-sidestart|p1: khaoz x|move: Tailwind\n|move|p2b: Drampa|Hyper Voice|p1b: Milotic|[spread] p1a\n|-activate|p1b: Milotic|move: Protect\n|-damage|p1a: Whimsicott|0 fnt\n|faint|p1a: Whimsicott\n|\n|-heal|p2a: Clefable|28/100 brn|[from] item: Leftovers\n|-fieldend|move: Trick Room\n|upkeep\n|\n|t:|1776024713\n|switch|p1a: Garchomp|Garchomp, L50, F, shiny|100/100\n|turn|6\n|inactive|khaoz x has 30 seconds left.\n|inactive|BlackRhino825 has 30 seconds left.\n|\n|t:|1776024767\n|move|p2a: Clefable|Follow Me|p2a: Clefable\n|-singleturn|p2a: Clefable|move: Follow Me\n|move|p1a: Garchomp|Rock Slide|p2a: Clefable|[spread] p2a,p2b\n|-damage|p2a: Clefable|13/100 brn\n|-damage|p2b: Drampa|82/100\n|move|p1b: Milotic|Scald|p2a: Clefable\n|-damage|p2a: Clefable|0 fnt\n|faint|p2a: Clefable\n|move|p2b: Drampa|Hyper Voice|p1a: Garchomp|[spread] p1a,p1b\n|-damage|p1a: Garchomp|27/100\n|-damage|p1b: Milotic|59/100\n|\n|-heal|p1b: Milotic|65/100|[from] item: Leftovers\n|upkeep\n|\n|t:|1776024782\n|switch|p2a: Mimikyu|Mimikyu, L50, F|100/100\n|turn|7\n|inactive|khaoz x has 30 seconds left.\n|\n|t:|1776024815\n|move|p2b: Drampa|Protect|p2b: Drampa\n|-singleturn|p2b: Drampa|Protect\n|move|p1a: Garchomp|Dragon Claw|p2b: Drampa\n|-activate|p2b: Drampa|move: Protect\n|move|p1b: Milotic|Life Dew|p1b: Milotic|[spread] p1a,p1b\n|-heal|p1a: Garchomp|52/100\n|-heal|p1b: Milotic|90/100\n|move|p2a: Mimikyu|Trick Room|p2a: Mimikyu\n|-fieldstart|move: Trick Room|[of] p2a: Mimikyu\n|\n|-heal|p1b: Milotic|96/100|[from] item: Leftovers\n|upkeep\n|turn|8\n|inactive|BlackRhino825 has 30 seconds left.\n|\n|t:|1776024845\n|move|p1a: Garchomp|Protect|p1a: Garchomp\n|-singleturn|p1a: Garchomp|Protect\n|move|p2b: Drampa|Calm Mind|p2b: Drampa\n|-boost|p2b: Drampa|spa|1\n|-boost|p2b: Drampa|spd|1\n|move|p2a: Mimikyu|Will-O-Wisp|p1a: Garchomp\n|-activate|p1a: Garchomp|move: Protect\n|move|p1b: Milotic|Icy Wind|p2b: Drampa|[spread] p2a,p2b\n|-supereffective|p2b: Drampa|1\n|-activate|p2a: Mimikyu|ability: Disguise\n|-damage|p2a: Mimikyu|100/100\n|-damage|p2b: Drampa|64/100\n|-unboost|p2a: Mimikyu|spe|1\n|-unboost|p2b: Drampa|spe|1\n|detailschange|p2a: Mimikyu|Mimikyu-Busted, L50, F\n|-damage|p2a: Mimikyu|88/100|[from] pokemon: Mimikyu-Busted\n|\n|-heal|p1b: Milotic|100/100|[from] item: Leftovers\n|-sideend|p1: khaoz x|move: Tailwind\n|upkeep\n|turn|9\n|inactive|khaoz x has 30 seconds left.\n|inactive|khaoz x has 20 seconds left.\n|inactive|khaoz x has 15 seconds left.\n|inactive|khaoz x has 10 seconds left.\n|\n|t:|1776024891\n|switch|p1a: Charizard|Charizard, L50, M, shiny|100/100\n|move|p2b: Drampa|Hyper Voice|p1a: Charizard|[spread] p1a,p1b\n|-damage|p1a: Charizard|8/100\n|-damage|p1b: Milotic|49/100\n|move|p2a: Mimikyu|Play Rough|p1b: Milotic\n|-damage|p1b: Milotic|18/100\n|move|p1b: Milotic|Life Dew|p1b: Milotic|[spread] p1a,p1b\n|-heal|p1a: Charizard|33/100\n|-heal|p1b: Milotic|44/100\n|\n|-heal|p1b: Milotic|50/100|[from] item: Leftovers\n|upkeep\n|turn|10\n|\n|t:|1776024914\n|move|p1b: Milotic|Protect|p1b: Milotic\n|-singleturn|p1b: Milotic|Protect\n|move|p1a: Charizard|Protect|p1a: Charizard\n|-singleturn|p1a: Charizard|Protect\n|move|p2b: Drampa|Hyper Voice|p1a: Charizard|[spread] \n|-activate|p1a: Charizard|move: Protect\n|-activate|p1b: Milotic|move: Protect\n|move|p2a: Mimikyu|Play Rough|p1b: Milotic\n|-activate|p1b: Milotic|move: Protect\n|\n|-heal|p1b: Milotic|55/100|[from] item: Leftovers\n|upkeep\n|turn|11\n|inactive|BlackRhino825 has 30 seconds left.\n|\n|t:|1776024941\n|move|p2a: Mimikyu|Protect|p2a: Mimikyu\n|-singleturn|p2a: Mimikyu|Protect\n|move|p1b: Milotic|Protect||[still]\n|-fail|p1b: Milotic\n|move|p1a: Charizard|Protect||[still]\n|-fail|p1a: Charizard\n|move|p2b: Drampa|Hyper Voice|p1a: Charizard|[spread] p1a,p1b\n|-damage|p1a: Charizard|0 fnt\n|-damage|p1b: Milotic|8/100\n|faint|p1a: Charizard\n|\n|-heal|p1b: Milotic|14/100|[from] item: Leftovers\n|-fieldend|move: Trick Room\n|upkeep\n|\n|t:|1776024951\n|switch|p1a: Garchomp|Garchomp, L50, F, shiny|52/100\n|turn|12\n|inactive|khaoz x has 30 seconds left.\n|inactive|BlackRhino825 has 30 seconds left.\n|inactive|BlackRhino825 has 20 seconds left.\n|inactive|BlackRhino825 has 15 seconds left.\n|\n|t:|1776024994\n|move|p1a: Garchomp|Dragon Claw|p2b: Drampa\n|-supereffective|p2b: Drampa|1\n|-damage|p2b: Drampa|0 fnt\n|faint|p2b: Drampa\n|move|p1b: Milotic|Life Dew|p1b: Milotic|[spread] p1a,p1b\n|-heal|p1a: Garchomp|77/100\n|-heal|p1b: Milotic|39/100\n|move|p2a: Mimikyu|Will-O-Wisp|p1a: Garchomp|[miss]\n|-miss|p2a: Mimikyu|p1a: Garchomp\n|\n|-heal|p1b: Milotic|45/100|[from] item: Leftovers\n|upkeep\n|turn|13\n|-message|BlackRhino825 forfeited.\n|\n|win|khaoz x\n|raw|khaoz x's rating: 1136 &rarr; <strong>1158</strong><br />(+22 for winning)\n|raw|BlackRhino825's rating: 1091 &rarr; <strong>1070</strong><br />(-21 for losing)\n|l|\u2606BlackRhino825\n|player|p2|\n",
  "uploadtime": 1776025030,
  "views": 22,
  "formatid": "gen9championsvgc2026regma",
  "rating": 1070,
  "private": 0,
  "password": null
}