{
  "id": "gen9championsvgc2026regma-2581870076",
  "format": "[Gen 9 Champions] VGC 2026 Reg M-A",
  "players": [
    "Manthis",
    "TheTailwindEnjoyer"
  ],
  "log": "|j|\u2606Manthis\n|j|\u2606TheTailwindEnjoyer\n|t:|1776035322\n|gametype|doubles\n|player|p1|Manthis|1|1151\n|player|p2|TheTailwindEnjoyer|player-go|1149\n|gen|9\n|tier|[Gen 9 Champions] VGC 2026 Reg M-A\n|rated|\n|rule|Species Clause: Limit one of each Pok\u00e9mon\n|rule|Item Clause: Limit 1 of each item\n|clearpoke\n|poke|p1|Starmie, L50|\n|poke|p1|Basculegion, L50, M|\n|poke|p1|Pelipper, L50, M|\n|poke|p1|Dragonite, L50, M|\n|poke|p1|Aerodactyl, L50, M|\n|poke|p1|Rotom-Heat, L50|\n|poke|p2|Gengar, L50, M|\n|poke|p2|Basculegion, L50, M|\n|poke|p2|Typhlosion-Hisui, L50, M|\n|poke|p2|Whimsicott, L50, M|\n|poke|p2|Dragonite, L50, M|\n|poke|p2|Sneasler, L50, F|\n|teampreview|4\n|inactive|Battle timer is ON: inactive players will automatically lose when time's up. (requested by TheTailwindEnjoyer)\n|inactive|Manthis has 60 seconds left.\n|\n|t:|1776035364\n|teamsize|p1|4\n|teamsize|p2|4\n|start\n|switch|p1a: Dragonite|Dragonite, L50, M|100/100\n|switch|p1b: Rotom|Rotom-Heat, L50|100/100\n|switch|p2a: Gengar|Gengar, L50, M|100/100\n|switch|p2b: Whimsicott|Whimsicott, L50, M|100/100\n|turn|1\n|inactive|Manthis has 30 seconds left.\n|\n|t:|1776035394\n|detailschange|p1a: Dragonite|Dragonite-Mega, L50, M\n|-mega|p1a: Dragonite|Dragonite|Dragoninite\n|move|p2a: Gengar|Protect|p2a: Gengar\n|-singleturn|p2a: Gengar|Protect\n|move|p2b: Whimsicott|Tailwind|p2b: Whimsicott\n|-sidestart|p2: TheTailwindEnjoyer|move: Tailwind\n|move|p1b: Rotom|Volt Switch|p2a: Gengar\n|-activate|p2a: Gengar|move: Protect\n|move|p1a: Dragonite|Hurricane|p2a: Gengar\n|-activate|p2a: Gengar|move: Protect\n|\n|upkeep\n|turn|2\n|inactive|TheTailwindEnjoyer has 30 seconds left.\n|\n|t:|1776035423\n|detailschange|p2a: Gengar|Gengar-Mega, L50, M\n|-mega|p2a: Gengar|Gengar|Gengarite\n|move|p2b: Whimsicott|Fake Tears|p1b: Rotom\n|-unboost|p1b: Rotom|spd|2\n|move|p2a: Gengar|Sludge Bomb|p1b: Rotom\n|-damage|p1b: Rotom|0 fnt\n|faint|p1b: Rotom\n|move|p1a: Dragonite|Hurricane|p2b: Whimsicott\n|-supereffective|p2b: Whimsicott|1\n|-enditem|p2b: Whimsicott|Focus Sash\n|-damage|p2b: Whimsicott|1/100\n|\n|upkeep\n|\n|t:|1776035431\n|switch|p1b: Pelipper|Pelipper, L50, M|100/100\n|-weather|RainDance|[from] ability: Drizzle|[of] p1b: Pelipper\n|turn|3\n|inactive|TheTailwindEnjoyer has 30 seconds left.\n|\n|t:|1776035456\n|move|p2a: Gengar|Icy Wind|p1a: Dragonite|[spread] p1a,p1b\n|-supereffective|p1a: Dragonite|2\n|-damage|p1a: Dragonite|66/100\n|-damage|p1b: Pelipper|71/100\n|-unboost|p1a: Dragonite|spe|1\n|-unboost|p1b: Pelipper|spe|1\n|move|p2b: Whimsicott|Moonblast|p1a: Dragonite\n|-supereffective|p1a: Dragonite|1\n|-damage|p1a: Dragonite|0 fnt\n|faint|p1a: Dragonite\n|move|p1b: Pelipper|Weather Ball|p2b: Whimsicott\n|-resisted|p2b: Whimsicott|1\n|-crit|p2b: Whimsicott\n|-damage|p2b: Whimsicott|0 fnt\n|faint|p2b: Whimsicott\n|\n|-weather|RainDance|[upkeep]\n|upkeep\n|\n|t:|1776035464\n|switch|p2b: Basculegion|Basculegion, L50, M|100/100\n|switch|p1a: Basculegion|Basculegion, L50, M|100/100\n|turn|4\n|\n|t:|1776035472\n|move|p1a: Basculegion|Protect|p1a: Basculegion\n|-singleturn|p1a: Basculegion|Protect\n|move|p2a: Gengar|Shadow Ball|p1a: Basculegion\n|-activate|p1a: Basculegion|move: Protect\n|move|p2b: Basculegion|Last Respects|p1b: Pelipper\n|-damage|p1b: Pelipper|0 fnt\n|faint|p1b: Pelipper\n|\n|-weather|RainDance|[upkeep]\n|-sideend|p2: TheTailwindEnjoyer|move: Tailwind\n|upkeep\n|turn|5\n|\n|t:|1776035495\n|move|p1a: Basculegion|Last Respects|p2b: Basculegion\n|-supereffective|p2b: Basculegion|1\n|-damage|p2b: Basculegion|0 fnt\n|faint|p2b: Basculegion\n|move|p2a: Gengar|Shadow Ball|p1a: Basculegion\n|-supereffective|p1a: Basculegion|1\n|-damage|p1a: Basculegion|0 fnt\n|faint|p1a: Basculegion\n|\n|win|TheTailwindEnjoyer\n|raw|Manthis's rating: 1151 &rarr; <strong>1124</strong><br />(-27 for losing)\n|raw|TheTailwindEnjoyer's rating: 1119 &rarr; <strong>1146</strong><br />(+27 for winning)\n",
  "uploadtime": 1776035502,
  "views": 12,
  "formatid": "gen9championsvgc2026regma",
  "rating": 1124,
  "private": 0,
  "password": null
}