{
  "id": "gen9championsvgc2026regma-2581371106",
  "format": "[Gen 9 Champions] VGC 2026 Reg M-A",
  "players": [
    "tulivgc",
    "suibiandajiba"
  ],
  "log": "|j|\u2606tulivgc\n|j|\u2606suibiandajiba\n|t:|1775992931\n|gametype|doubles\n|player|p1|tulivgc|169|1320\n|player|p2|suibiandajiba|lady-gen4|1398\n|gen|9\n|tier|[Gen 9 Champions] VGC 2026 Reg M-A\n|rated|\n|rule|Species Clause: Limit one of each Pok\u00e9mon\n|rule|Item Clause: Limit 1 of each item\n|clearpoke\n|poke|p1|Camerupt, L50, M|\n|poke|p1|Farigiraf, L50, M|\n|poke|p1|Sneasler, L50, F|\n|poke|p1|Incineroar, L50, F|\n|poke|p1|Rotom-Wash, L50|\n|poke|p1|Dragapult, L50, F|\n|poke|p2|Gardevoir, L50, F|\n|poke|p2|Incineroar, L50, F|\n|poke|p2|Rotom-Wash, L50|\n|poke|p2|Garchomp, L50, F|\n|poke|p2|Corviknight, L50, F|\n|poke|p2|Sinistcha, L50|\n|teampreview|4\n|inactive|Battle timer is ON: inactive players will automatically lose when time's up. (requested by tulivgc)\n|inactive|tulivgc has 60 seconds left.\n|\n|t:|1775992970\n|teamsize|p1|4\n|teamsize|p2|4\n|start\n|switch|p1a: Incineroar|Incineroar, L50, F|100/100\n|switch|p1b: Farigiraf|Farigiraf, L50, M|100/100\n|switch|p2a: Garchomp|Garchomp, L50, F|100/100\n|switch|p2b: Rotom|Rotom-Wash, L50|100/100\n|-ability|p1a: Incineroar|Intimidate|boost\n|-unboost|p2a: Garchomp|atk|1\n|-unboost|p2b: Rotom|atk|1\n|turn|1\n|\n|t:|1775992983\n|move|p1a: Incineroar|Fake Out|p2a: Garchomp\n|-damage|p2a: Garchomp|90/100\n|-damage|p1a: Incineroar|88/100|[from] ability: Rough Skin|[of] p2a: Garchomp\n|move|p2b: Rotom|Volt Switch|p1a: Incineroar\n|-damage|p1a: Incineroar|64/100\n|\n|t:|1775992986\n|switch|p2b: Forever Queen|Gardevoir, L50, F, shiny|100/100|[from] Volt Switch\n|-ability|p2b: Forever Queen|Intimidate|Trace|[from] ability: Trace|[of] p1a: Incineroar\n|-ability|p2b: Forever Queen|Intimidate|boost\n|-unboost|p1a: Incineroar|atk|1\n|-unboost|p1b: Farigiraf|atk|1\n|cant|p2a: Garchomp|flinch\n|move|p1b: Farigiraf|Trick Room|p1b: Farigiraf\n|-fieldstart|move: Trick Room|[of] p1b: Farigiraf\n|\n|upkeep\n|turn|2\n|inactive|suibiandajiba has 30 seconds left.\n|\n|t:|1775993016\n|switch|p2a: Sinistcha|Sinistcha, L50|100/100\n|detailschange|p2b: Forever Queen|Gardevoir-Mega, L50, F, shiny\n|-mega|p2b: Forever Queen|Gardevoir|Gardevoirite\n|move|p1b: Farigiraf|Hyper Voice|p2a: Sinistcha|[spread] p2b\n|-immune|p2a: Sinistcha\n|-damage|p2b: Forever Queen|76/100\n|move|p1a: Incineroar|Flare Blitz|p2b: Forever Queen\n|-damage|p2b: Forever Queen|28/100\n|-damage|p1a: Incineroar|50/100|[from] Recoil\n|-enditem|p1a: Incineroar|Sitrus Berry|[eat]\n|-heal|p1a: Incineroar|75/100|[from] item: Sitrus Berry\n|move|p2b: Forever Queen|Calm Mind|p2b: Forever Queen\n|-boost|p2b: Forever Queen|spa|1\n|-boost|p2b: Forever Queen|spd|1\n|\n|upkeep\n|turn|3\n|inactive|suibiandajiba has 30 seconds left.\n|inactive|suibiandajiba has 20 seconds left.\n|\n|t:|1775993055\n|move|p2b: Forever Queen|Protect|p2b: Forever Queen\n|-singleturn|p2b: Forever Queen|Protect\n|move|p1b: Farigiraf|Hyper Voice|p2b: Forever Queen|[spread] \n|-activate|p2b: Forever Queen|move: Protect\n|-immune|p2a: Sinistcha\n|move|p1a: Incineroar|Flare Blitz|p2a: Sinistcha\n|-supereffective|p2a: Sinistcha|1\n|-damage|p2a: Sinistcha|56/100\n|-damage|p1a: Incineroar|62/100|[from] Recoil\n|move|p2a: Sinistcha|Trick Room|p2a: Sinistcha\n|-fieldend|move: Trick Room\n|\n|upkeep\n|turn|4\n|\n|t:|1775993064\n|move|p2a: Sinistcha|Rage Powder|p2a: Sinistcha\n|-singleturn|p2a: Sinistcha|move: Rage Powder\n|move|p2b: Forever Queen|Hyper Voice|p1b: Farigiraf|[spread] p1a,p1b\n|-crit|p1b: Farigiraf\n|-damage|p1a: Incineroar|0 fnt\n|-damage|p1b: Farigiraf|0 fnt\n|faint|p1a: Incineroar\n|faint|p1b: Farigiraf\n|\n|upkeep\n|\n|t:|1775993068\n|switch|p1a: Sneasler|Sneasler, L50, F|100/100\n|switch|p1b: Camerupt|Camerupt, L50, M|100/100\n|turn|5\n|inactive|suibiandajiba has 30 seconds left.\n|inactive|suibiandajiba has 20 seconds left.\n|inactive|suibiandajiba has 15 seconds left.\n|inactive|suibiandajiba has 10 seconds left.\n|inactive|suibiandajiba has 5 seconds left.\n|\n|t:|1775993119\n|detailschange|p1b: Camerupt|Camerupt-Mega, L50, M\n|-mega|p1b: Camerupt|Camerupt|Cameruptite\n|move|p1a: Sneasler|Fake Out|p2b: Forever Queen\n|-damage|p2b: Forever Queen|7/100\n|cant|p2b: Forever Queen|flinch\n|move|p2a: Sinistcha|Matcha Gotcha|p1b: Camerupt|[spread] p1a\n|-miss|p2a: Sinistcha|p1b: Camerupt\n|-resisted|p1a: Sneasler|1\n|-damage|p1a: Sneasler|84/100\n|-heal|p2a: Sinistcha|63/100|[from] drain|[of] p1a: Sneasler\n|move|p1b: Camerupt|Heat Wave|p2b: Forever Queen|[spread] p2a,p2b\n|-supereffective|p2a: Sinistcha|1\n|-damage|p2a: Sinistcha|0 fnt\n|-damage|p2b: Forever Queen|0 fnt\n|faint|p2a: Sinistcha\n|faint|p2b: Forever Queen\n|\n|upkeep\n|\n|t:|1775993123\n|switch|p2b: Garchomp|Garchomp, L50, F|90/100\n|switch|p2a: Rotom|Rotom-Wash, L50|100/100\n|turn|6\n|\n|t:|1775993136\n|move|p1a: Sneasler|Protect|p1a: Sneasler\n|-singleturn|p1a: Sneasler|Protect\n|move|p2a: Rotom|Hydro Pump|p1b: Camerupt\n|-supereffective|p1b: Camerupt|2\n|-damage|p1b: Camerupt|0 fnt\n|faint|p1b: Camerupt\n|move|p2b: Garchomp|Earthquake|p1a: Sneasler|[spread] \n|-activate|p1a: Sneasler|move: Protect\n|-immune|p2a: Rotom|[from] ability: Levitate\n|\n|upkeep\n|turn|7\n|\n|t:|1775993143\n|move|p2a: Rotom|Hydro Pump|p1a: Sneasler\n|-damage|p1a: Sneasler|20/100\n|move|p1a: Sneasler|Close Combat|p2b: Garchomp\n|-damage|p2b: Garchomp|27/100\n|-unboost|p1a: Sneasler|def|1\n|-unboost|p1a: Sneasler|spd|1\n|-damage|p1a: Sneasler|8/100|[from] ability: Rough Skin|[of] p2b: Garchomp\n|-enditem|p1a: Sneasler|White Herb\n|-clearnegativeboost|p1a: Sneasler|[silent]\n|move|p2b: Garchomp|Earthquake|p1a: Sneasler|[spread] p1a\n|-immune|p2a: Rotom|[from] ability: Levitate\n|-supereffective|p1a: Sneasler|1\n|-damage|p1a: Sneasler|0 fnt\n|faint|p1a: Sneasler\n|\n|win|suibiandajiba\n|raw|tulivgc's rating: 1320 &rarr; <strong>1304</strong><br />(-16 for losing)\n|raw|suibiandajiba's rating: 1398 &rarr; <strong>1414</strong><br />(+16 for winning)\n|l|\u2606tulivgc\n|player|p1|\n",
  "uploadtime": 1775993160,
  "views": 32,
  "formatid": "gen9championsvgc2026regma",
  "rating": 1304,
  "private": 0,
  "password": null
}