{
  "id": "gen9championsvgc2026regma-2580820178",
  "format": "[Gen 9 Champions] VGC 2026 Reg M-A",
  "players": [
    "Fluffy D Monkey",
    "CafeQuente8252"
  ],
  "log": "|j|\u2606Fluffy D Monkey\n|j|\u2606CafeQuente8252\n|t:|1775935118\n|gametype|doubles\n|player|p1|Fluffy D Monkey|265|1054\n|player|p2|CafeQuente8252|2|1075\n|gen|9\n|tier|[Gen 9 Champions] VGC 2026 Reg M-A\n|rated|\n|rule|Species Clause: Limit one of each Pok\u00e9mon\n|rule|Item Clause: Limit 1 of each item\n|clearpoke\n|poke|p1|Incineroar, L50, M|\n|poke|p1|Empoleon, L50, M|\n|poke|p1|Garchomp, L50, M|\n|poke|p1|Rotom-Wash, L50|\n|poke|p1|Charizard, L50, F|\n|poke|p1|Venusaur, L50, F|\n|poke|p2|Delphox, L50, F|\n|poke|p2|Incineroar, L50, M|\n|poke|p2|Garchomp, L50, F|\n|poke|p2|Farigiraf, L50, M|\n|poke|p2|Rotom-Mow, L50|\n|poke|p2|Clefable, L50, M|\n|teampreview|4\n|\n|t:|1775935176\n|teamsize|p1|4\n|teamsize|p2|4\n|start\n|switch|p1a: Empoleon|Empoleon, L50, M|100/100\n|switch|p1b: Incineroar|Incineroar, L50, M|100/100\n|switch|p2a: Zory|Delphox, L50, F, shiny|100/100\n|switch|p2b: Vernias|Clefable, L50, M|100/100\n|-ability|p1b: Incineroar|Intimidate|boost\n|-unboost|p2a: Zory|atk|1\n|-unboost|p2b: Vernias|atk|1\n|turn|1\n|-activate|p1a: Empoleon|item: Quick Claw\n|\n|t:|1775935200\n|switch|p1b: Rotom|Rotom-Wash, L50|100/100\n|detailschange|p2a: Zory|Delphox-Mega, L50, F, shiny\n|-mega|p2a: Zory|Delphox|Delphoxite\n|move|p2b: Vernias|Follow Me|p2b: Vernias\n|-singleturn|p2b: Vernias|move: Follow Me\n|move|p1a: Empoleon|Surf|p2b: Vernias|[spread] p1b,p2a,p2b\n|-resisted|p1b: Rotom|1\n|-supereffective|p2a: Zory|1\n|-damage|p1b: Rotom|85/100\n|-damage|p2a: Zory|37/100\n|-damage|p2b: Vernias|77/100\n|move|p2a: Zory|Calm Mind|p2a: Zory\n|-boost|p2a: Zory|spa|1\n|-boost|p2a: Zory|spd|1\n|\n|-heal|p2b: Vernias|83/100|[from] item: Leftovers\n|upkeep\n|turn|2\n|\n|t:|1775935229\n|switch|p2b: Cynthia|Garchomp, L50, F|100/100\n|move|p2a: Zory|Protect|p2a: Zory\n|-singleturn|p2a: Zory|Protect\n|move|p1b: Rotom|Volt Switch|p2a: Zory\n|-activate|p2a: Zory|move: Protect\n|move|p1a: Empoleon|Surf|p2b: Cynthia|[spread] p1b,p2b\n|-activate|p2a: Zory|move: Protect\n|-resisted|p1b: Rotom|1\n|-damage|p1b: Rotom|67/100\n|-damage|p2b: Cynthia|68/100\n|\n|upkeep\n|turn|3\n|\n|t:|1775935250\n|move|p2a: Zory|Heat Wave|p1b: Rotom|[spread] p1a,p1b\n|-resisted|p1b: Rotom|1\n|-damage|p1a: Empoleon|45/100\n|-damage|p1b: Rotom|35/100\n|-enditem|p1b: Rotom|Sitrus Berry|[eat]\n|-heal|p1b: Rotom|60/100|[from] item: Sitrus Berry\n|move|p2b: Cynthia|Earthquake|p1b: Rotom|[spread] p1a\n|-immune|p2a: Zory|[from] ability: Levitate\n|-immune|p1b: Rotom|[from] ability: Levitate\n|-supereffective|p1a: Empoleon|1\n|-damage|p1a: Empoleon|0 fnt\n|faint|p1a: Empoleon\n|move|p1b: Rotom|Will-O-Wisp|p2b: Cynthia\n|-status|p2b: Cynthia|brn\n|\n|-damage|p2b: Cynthia|62/100 brn|[from] brn\n|upkeep\n|\n|t:|1775935281\n|switch|p1a: Incineroar|Incineroar, L50, M|100/100\n|-ability|p1a: Incineroar|Intimidate|boost\n|-unboost|p2a: Zory|atk|1\n|-unboost|p2b: Cynthia|atk|1\n|turn|4\n|\n|t:|1775935299\n|switch|p2b: The Grass Reaper|Rotom-Mow, L50|100/100\n|move|p2a: Zory|Protect|p2a: Zory\n|-singleturn|p2a: Zory|Protect\n|move|p1a: Incineroar|Fake Out|p2a: Zory\n|-activate|p2a: Zory|move: Protect\n|move|p1b: Rotom|Volt Switch|p2b: The Grass Reaper\n|-resisted|p2b: The Grass Reaper|2\n|-damage|p2b: The Grass Reaper|95/100\n|\n|t:|1775935308\n|switch|p1b: Charizard|Charizard, L50, F|100/100|[from] Volt Switch\n|\n|upkeep\n|turn|5\n|\n|t:|1775935340\n|detailschange|p1b: Charizard|Charizard-Mega-Y, L50, F\n|-mega|p1b: Charizard|Charizard|Charizardite Y\n|-weather|SunnyDay|[from] ability: Drought|[of] p1b: Charizard\n|move|p2b: The Grass Reaper|Volt Switch|p1b: Charizard\n|-supereffective|p1b: Charizard|1\n|-damage|p1b: Charizard|45/100\n|\n|t:|1775935353\n|switch|p2b: Cynthia|Garchomp, L50, F|62/100 brn|[from] Volt Switch\n|move|p2a: Zory|Calm Mind|p2a: Zory\n|-boost|p2a: Zory|spa|1\n|-boost|p2a: Zory|spd|1\n|move|p1b: Charizard|Heat Wave|p2b: Cynthia|[spread] p2a,p2b\n|-resisted|p2a: Zory|1\n|-resisted|p2b: Cynthia|1\n|-damage|p2a: Zory|20/100\n|-damage|p2b: Cynthia|24/100 brn\n|move|p1a: Incineroar|Darkest Lariat|p2a: Zory\n|-supereffective|p2a: Zory|1\n|-damage|p2a: Zory|0 fnt\n|faint|p2a: Zory\n|\n|-weather|SunnyDay|[upkeep]\n|-damage|p2b: Cynthia|18/100 brn|[from] brn\n|upkeep\n|\n|t:|1775935375\n|switch|p2a: Vernias|Clefable, L50, M|83/100\n|turn|6\n|\n|t:|1775935399\n|move|p2a: Vernias|Helping Hand|p2b: Cynthia\n|-singleturn|p2b: Cynthia|Helping Hand|[of] p2a: Vernias\n|move|p2b: Cynthia|Rock Slide|p1a: Incineroar|[spread] p1a,p1b\n|-supereffective|p1a: Incineroar|1\n|-supereffective|p1b: Charizard|2\n|-damage|p1a: Incineroar|73/100\n|-damage|p1b: Charizard|0 fnt\n|faint|p1b: Charizard\n|move|p1a: Incineroar|Parting Shot|p2a: Vernias\n|-unboost|p2a: Vernias|atk|1\n|-unboost|p2a: Vernias|spa|1\n|\n|t:|1775935409\n|switch|p1a: Rotom|Rotom-Wash, L50|60/100|[from] Parting Shot\n|\n|-weather|SunnyDay|[upkeep]\n|-heal|p2a: Vernias|89/100|[from] item: Leftovers\n|-damage|p2b: Cynthia|12/100 brn|[from] brn\n|upkeep\n|\n|t:|1775935414\n|switch|p1b: Incineroar|Incineroar, L50, M|73/100\n|-ability|p1b: Incineroar|Intimidate|boost\n|-unboost|p2a: Vernias|atk|1\n|-unboost|p2b: Cynthia|atk|1\n|turn|7\n|\n|t:|1775935434\n|move|p2b: Cynthia|Protect|p2b: Cynthia\n|-singleturn|p2b: Cynthia|Protect\n|move|p1b: Incineroar|Fake Out|p2a: Vernias\n|-damage|p2a: Vernias|79/100\n|move|p1a: Rotom|Will-O-Wisp|p2a: Vernias|[miss]\n|-miss|p1a: Rotom|p2a: Vernias\n|cant|p2a: Vernias|flinch\n|\n|-weather|SunnyDay|[upkeep]\n|-heal|p1b: Incineroar|79/100|[from] item: Leftovers\n|-heal|p2a: Vernias|85/100|[from] item: Leftovers\n|-damage|p2b: Cynthia|6/100 brn|[from] brn\n|upkeep\n|turn|8\n|\n|t:|1775935458\n|move|p1a: Rotom|Protect|p1a: Rotom\n|-singleturn|p1a: Rotom|Protect\n|move|p2b: Cynthia|Earthquake|p1b: Incineroar|[spread] p2a,p1b\n|-activate|p1a: Rotom|move: Protect\n|-supereffective|p1b: Incineroar|1\n|-crit|p1b: Incineroar\n|-damage|p2a: Vernias|71/100\n|-damage|p1b: Incineroar|28/100\n|move|p2a: Vernias|Moonblast|p1b: Incineroar\n|-damage|p1b: Incineroar|13/100\n|move|p1b: Incineroar|Flare Blitz|p2a: Vernias\n|-damage|p2a: Vernias|13/100\n|-damage|p1b: Incineroar|0 fnt|[from] Recoil\n|faint|p1b: Incineroar\n|\n|-weather|SunnyDay|[upkeep]\n|-heal|p2a: Vernias|19/100|[from] item: Leftovers\n|-damage|p2b: Cynthia|0 fnt|[from] brn\n|faint|p2b: Cynthia\n|upkeep\n|\n|t:|1775935479\n|switch|p2b: The Grass Reaper|Rotom-Mow, L50|95/100\n|turn|9\n|\n|t:|1775935503\n|move|p2a: Vernias|Helping Hand|p2b: The Grass Reaper\n|-singleturn|p2b: The Grass Reaper|Helping Hand|[of] p2a: Vernias\n|move|p2b: The Grass Reaper|Leaf Storm|p1a: Rotom\n|-supereffective|p1a: Rotom|1\n|-damage|p1a: Rotom|0 fnt\n|-unboost|p2b: The Grass Reaper|spa|2\n|faint|p1a: Rotom\n|\n|win|CafeQuente8252\n|raw|Fluffy D Monkey's rating: 1054 &rarr; <strong>1037</strong><br />(-17 for losing)\n|raw|CafeQuente8252's rating: 1075 &rarr; <strong>1102</strong><br />(+27 for winning)\n",
  "uploadtime": 1775935521,
  "views": 11,
  "formatid": "gen9championsvgc2026regma",
  "rating": 1037,
  "private": 0,
  "password": null
}