{
  "id": "gen9championsvgc2026regma-2588383217",
  "format": "[Gen 9 Champions] VGC 2026 Reg M-A",
  "players": [
    "pokeOpposition",
    "Heartminn"
  ],
  "log": "|j|\u2606pokeOpposition\n|j|\u2606Heartminn\n|t:|1776628929\n|gametype|doubles\n|player|p1|pokeOpposition|kabu|1109\n|player|p2|Heartminn|gardenia|1049\n|gen|9\n|tier|[Gen 9 Champions] VGC 2026 Reg M-A\n|rated|\n|rule|Species Clause: Limit one of each Pok\u00e9mon\n|rule|Item Clause: Limit 1 of each item\n|clearpoke\n|poke|p1|Tinkaton, L50, F, shiny|\n|poke|p1|Starmie, L50, shiny|\n|poke|p1|Aerodactyl, L50, M, shiny|\n|poke|p1|Arcanine, L50, F, shiny|\n|poke|p1|Sinistcha-Masterpiece, L50, shiny|\n|poke|p1|Garchomp, L50, M, shiny|\n|poke|p2|Froslass, L50, F, shiny|\n|poke|p2|Klefki, L50, F|\n|poke|p2|Maushold-Four, L50|\n|poke|p2|Floette-Eternal, L50, F|\n|poke|p2|Sylveon, L50, M, shiny|\n|poke|p2|Toxapex, L50, F, shiny|\n|teampreview|4\n|inactive|Battle timer is ON: inactive players will automatically lose when time's up. (requested by Heartminn)\n|inactive|Heartminn has 60 seconds left.\n|\n|t:|1776628966\n|teamsize|p1|4\n|teamsize|p2|4\n|start\n|switch|p1a: Tinkaton|Tinkaton, L50, F, shiny|100/100\n|switch|p1b: Starmie|Starmie, L50, shiny|100/100\n|switch|p2a: britney|Toxapex, L50, F, shiny|100/100\n|switch|p2b: key jingling|Klefki, L50, F|100/100\n|turn|1\n|inactive|pokeOpposition has 30 seconds left.\n|inactive|pokeOpposition has 20 seconds left.\n|inactive|pokeOpposition has 15 seconds left.\n|inactive|pokeOpposition has 10 seconds left.\n|inactive|pokeOpposition has 5 seconds left.\n|\n|t:|1776629019\n|move|p2b: key jingling|Reflect|p2b: key jingling\n|-sidestart|p2: Heartminn|Reflect\n|move|p1b: Starmie|Skill Swap|p1a: Tinkaton\n|-activate|p1b: Starmie|Skill Swap|||[of] p1a: Tinkaton\n|move|p1a: Tinkaton|Stone Edge|p2a: britney\n|-crit|p2a: britney\n|-damage|p2a: britney|75/100\n|move|p2a: britney|Toxic|p1b: Starmie\n|-status|p1b: Starmie|tox\n|\n|-damage|p1b: Starmie|95/100 tox|[from] psn\n|upkeep\n|turn|2\n|\n|t:|1776629042\n|detailschange|p1b: Starmie|Starmie-Mega, L50, shiny\n|-mega|p1b: Starmie|Starmie|Starminite\n|move|p2b: key jingling|Thunder Wave|p1a: Tinkaton\n|-status|p1a: Tinkaton|par\n|move|p1b: Starmie|Psycho Cut|p2a: britney\n|-supereffective|p2a: britney|1\n|-damage|p2a: britney|18/100\n|-enditem|p2a: britney|Sitrus Berry|[eat]\n|-heal|p2a: britney|43/100|[from] item: Sitrus Berry\n|move|p1a: Tinkaton|Stone Edge|p2a: britney\n|-damage|p2a: britney|32/100\n|move|p2a: britney|Liquidation|p1a: Tinkaton\n|-damage|p1a: Tinkaton|77/100 par\n|-unboost|p1a: Tinkaton|def|1\n|\n|-damage|p1b: Starmie|83/100 tox|[from] psn\n|upkeep\n|turn|3\n|inactive|pokeOpposition has 30 seconds left.\n|\n|t:|1776629071\n|switch|p2a: trans pride|Sylveon, L50, M, shiny|100/100\n|move|p1b: Starmie|Skill Swap|p1a: Tinkaton\n|-activate|p1b: Starmie|Skill Swap|||[of] p1a: Tinkaton\n|move|p2b: key jingling|Foul Play|p1b: Starmie\n|-supereffective|p1b: Starmie|1\n|-damage|p1b: Starmie|16/100 tox\n|move|p1a: Tinkaton|Gigaton Hammer|p2b: key jingling\n|-damage|p2b: key jingling|15/100\n|\n|-damage|p1b: Starmie|0 fnt|[from] psn\n|faint|p1b: Starmie\n|upkeep\n|\n|t:|1776629089\n|switch|p1b: Garchomp|Garchomp, L50, M, shiny|100/100\n|turn|4\n|inactive|pokeOpposition has 30 seconds left.\n|\n|t:|1776629115\n|move|p1b: Garchomp|Stomping Tantrum|p2a: trans pride\n|-damage|p2a: trans pride|65/100\n|move|p2a: trans pride|Hyper Voice|p1a: Tinkaton|[spread] p1a,p1b\n|-resisted|p1a: Tinkaton|1\n|-supereffective|p1b: Garchomp|1\n|-damage|p1a: Tinkaton|57/100 par\n|-damage|p1b: Garchomp|5/100\n|move|p2b: key jingling|Foul Play|p1a: Tinkaton\n|-resisted|p1a: Tinkaton|1\n|-damage|p1a: Tinkaton|34/100 par\n|-enditem|p1a: Tinkaton|Sitrus Berry|[eat]\n|-heal|p1a: Tinkaton|59/100 par|[from] item: Sitrus Berry\n|move|p1a: Tinkaton|Stone Edge|p2a: trans pride\n|-damage|p2a: trans pride|19/100\n|\n|upkeep\n|turn|5\n|\n|t:|1776629135\n|move|p2a: trans pride|Quick Attack|p1b: Garchomp\n|-supereffective|p1b: Garchomp|1\n|-damage|p1b: Garchomp|0 fnt\n|-damage|p2a: trans pride|7/100|[from] ability: Rough Skin|[of] p1b: Garchomp\n|faint|p1b: Garchomp\n|move|p2b: key jingling|Light Screen|p2b: key jingling\n|-sidestart|p2: Heartminn|move: Light Screen\n|move|p1a: Tinkaton|Gigaton Hammer|p2a: trans pride\n|-supereffective|p2a: trans pride|1\n|-damage|p2a: trans pride|0 fnt\n|faint|p2a: trans pride\n|\n|-sideend|p2: Heartminn|Reflect\n|upkeep\n|\n|t:|1776629146\n|switch|p1b: Arcanine|Arcanine, L50, F, shiny|100/100\n|switch|p2a: britney|Toxapex, L50, F, shiny|65/100\n|-ability|p1b: Arcanine|Intimidate|boost\n|-unboost|p2a: britney|atk|1\n|-unboost|p2b: key jingling|atk|1\n|turn|6\n|inactive|pokeOpposition has 30 seconds left.\n|\n|t:|1776629179\n|move|p2b: key jingling|Reflect|p2b: key jingling\n|-sidestart|p2: Heartminn|Reflect\n|move|p1b: Arcanine|Wild Charge|p2a: britney\n|-supereffective|p2a: britney|1\n|-damage|p2a: britney|37/100\n|-damage|p1b: Arcanine|94/100|[from] Recoil\n|move|p1a: Tinkaton|Stone Edge|p2a: britney\n|-crit|p2a: britney\n|-damage|p2a: britney|0 fnt\n|faint|p2a: britney\n|\n|-heal|p1b: Arcanine|100/100|[from] item: Leftovers\n|upkeep\n|\n|t:|1776629192\n|switch|p2a: god|Floette-Eternal, L50, F|100/100\n|turn|7\n|\n|t:|1776629208\n|detailschange|p2a: god|Floette-Mega, L50, F\n|-mega|p2a: god|Floette|Floettite\n|-ability|p2a: god|Fairy Aura\n|move|p2b: key jingling|Thunder Wave|p1b: Arcanine\n|-status|p1b: Arcanine|par\n|move|p2a: god|Calm Mind|p2a: god\n|-boost|p2a: god|spa|1\n|-boost|p2a: god|spd|1\n|move|p1b: Arcanine|Flare Blitz|p2b: key jingling\n|-supereffective|p2b: key jingling|1\n|-damage|p2b: key jingling|0 fnt\n|faint|p2b: key jingling\n|-damage|p1b: Arcanine|96/100 par|[from] Recoil\n|move|p1a: Tinkaton|Gigaton Hammer|p2a: god\n|-supereffective|p2a: god|1\n|-damage|p2a: god|0 fnt\n|faint|p2a: god\n|\n|win|pokeOpposition\n|raw|pokeOpposition's rating: 1109 &rarr; <strong>1130</strong><br />(+21 for winning)\n|raw|Heartminn's rating: 1049 &rarr; <strong>1035</strong><br />(-14 for losing)\n|c|\u2606pokeOpposition|die.\n|l|\u2606Heartminn\n|player|p2|\n",
  "uploadtime": 1776629229,
  "views": 10,
  "formatid": "gen9championsvgc2026regma",
  "rating": 1035,
  "private": 0,
  "password": null
}