{
  "id": "gen9championsvgc2026regma-2583087446",
  "format": "[Gen 9 Champions] VGC 2026 Reg M-A",
  "players": [
    "Knoxtaro",
    "IdkImScared"
  ],
  "log": "|j|\u2606Knoxtaro\n|j|\u2606IdkImScared\n|t:|1776140526\n|gametype|doubles\n|player|p1|Knoxtaro|102|1172\n|player|p2|IdkImScared|workerice|1079\n|gen|9\n|tier|[Gen 9 Champions] VGC 2026 Reg M-A\n|rated|\n|rule|Species Clause: Limit one of each Pok\u00e9mon\n|rule|Item Clause: Limit 1 of each item\n|clearpoke\n|poke|p1|Crabominable, L50, F|\n|poke|p1|Hatterene, L50, F|\n|poke|p1|Farigiraf, L50, M|\n|poke|p1|Incineroar, L50, F|\n|poke|p1|Orthworm, L50, M|\n|poke|p1|Hydrapple, L50, M|\n|poke|p2|Floette-Eternal, L50, F|\n|poke|p2|Rotom-Wash, L50|\n|poke|p2|Incineroar, L50, F|\n|poke|p2|Aerodactyl, L50, M|\n|poke|p2|Kommo-o, L50, M|\n|poke|p2|Sinistcha, L50|\n|teampreview|4\n|\n|t:|1776140550\n|teamsize|p1|4\n|teamsize|p2|4\n|start\n|switch|p1a: Farigiraf|Farigiraf, L50, M|100/100\n|switch|p1b: Orthworm|Orthworm, L50, M|100/100\n|switch|p2a: Castle Bravo|Floette-Eternal, L50, F|100/100\n|switch|p2b: Maytag|Rotom-Wash, L50|100/100\n|turn|1\n|\n|t:|1776140574\n|detailschange|p2a: Castle Bravo|Floette-Mega, L50, F\n|-mega|p2a: Castle Bravo|Floette|Floettite\n|-ability|p2a: Castle Bravo|Fairy Aura\n|move|p2b: Maytag|Helping Hand|p2a: Castle Bravo\n|-singleturn|p2a: Castle Bravo|Helping Hand|[of] p2b: Maytag\n|move|p2a: Castle Bravo|Dazzling Gleam|p1a: Farigiraf|[spread] p1a,p1b\n|-resisted|p1b: Orthworm|1\n|-damage|p1a: Farigiraf|40/100\n|-damage|p1b: Orthworm|45/100\n|-enditem|p1b: Orthworm|Sitrus Berry|[eat]\n|-heal|p1b: Orthworm|69/100|[from] item: Sitrus Berry\n|move|p1b: Orthworm|Shed Tail|p1b: Orthworm\n|-start|p1b: Orthworm|Substitute|[from] move: Shed Tail\n|-damage|p1b: Orthworm|19/100\n|\n|t:|1776140581\n|switch|p1b: Crabominable|Crabominable, L50, F|100/100|[from] Shed Tail\n|move|p1a: Farigiraf|Trick Room|p1a: Farigiraf\n|-fieldstart|move: Trick Room|[of] p1a: Farigiraf\n|\n|upkeep\n|turn|2\n|\n|t:|1776140601\n|detailschange|p1b: Crabominable|Crabominable-Mega, L50, F\n|-mega|p1b: Crabominable|Crabominable|Crabominite\n|move|p2a: Castle Bravo|Protect|p2a: Castle Bravo\n|-singleturn|p2a: Castle Bravo|Protect\n|move|p1b: Crabominable|Ice Hammer|p2a: Castle Bravo\n|-activate|p2a: Castle Bravo|move: Protect\n|move|p1a: Farigiraf|Hyper Voice|p2a: Castle Bravo|[spread] p2b\n|-activate|p2a: Castle Bravo|move: Protect\n|-damage|p2b: Maytag|72/100\n|move|p2b: Maytag|Volt Switch|p1b: Crabominable\n|-end|p1b: Crabominable|Substitute\n|\n|t:|1776140621\n|switch|p2b: Sinistcha|Sinistcha, L50|100/100|[from] Volt Switch\n|\n|upkeep\n|turn|3\n|\n|t:|1776140630\n|move|p2b: Sinistcha|Rage Powder|p2b: Sinistcha\n|-singleturn|p2b: Sinistcha|move: Rage Powder\n|move|p1b: Crabominable|Ice Hammer|p2b: Sinistcha\n|-supereffective|p2b: Sinistcha|1\n|-damage|p2b: Sinistcha|0 fnt\n|-unboost|p1b: Crabominable|spe|1\n|faint|p2b: Sinistcha\n|move|p1a: Farigiraf|Psychic|p2a: Castle Bravo\n|-damage|p2a: Castle Bravo|78/100\n|move|p2a: Castle Bravo|Dazzling Gleam|p1b: Crabominable|[spread] p1a,p1b\n|-supereffective|p1b: Crabominable|1\n|-damage|p1a: Farigiraf|0 fnt\n|-damage|p1b: Crabominable|6/100\n|faint|p1a: Farigiraf\n|\n|upkeep\n|\n|t:|1776140642\n|switch|p1a: Hydrapple|Hydrapple, L50, M|100/100\n|switch|p2b: Joe Hendry|Incineroar, L50, F|100/100\n|-ability|p2b: Joe Hendry|Intimidate|boost\n|-unboost|p1a: Hydrapple|atk|1\n|-unboost|p1b: Crabominable|atk|1\n|turn|4\n|\n|t:|1776140659\n|switch|p2a: Maytag|Rotom-Wash, L50|72/100\n|move|p2b: Joe Hendry|Fake Out|p1b: Crabominable\n|-damage|p1b: Crabominable|0 fnt\n|faint|p1b: Crabominable\n|move|p1a: Hydrapple|Draco Meteor|p2b: Joe Hendry\n|-damage|p2b: Joe Hendry|40/100\n|-unboost|p1a: Hydrapple|spa|2\n|\n|upkeep\n|\n|t:|1776140662\n|switch|p1b: Orthworm|Orthworm, L50, M|19/100\n|turn|5\n|\n|t:|1776140675\n|move|p1a: Hydrapple|Energy Ball|p2a: Maytag\n|-supereffective|p2a: Maytag|1\n|-damage|p2a: Maytag|11/100\n|-enditem|p2a: Maytag|Sitrus Berry|[eat]\n|-heal|p2a: Maytag|36/100|[from] item: Sitrus Berry\n|move|p1b: Orthworm|Rock Slide|p2b: Joe Hendry|[spread] p2a,p2b\n|-supereffective|p2b: Joe Hendry|1\n|-damage|p2a: Maytag|22/100\n|-damage|p2b: Joe Hendry|19/100\n|move|p2b: Joe Hendry|Parting Shot|p1a: Hydrapple\n|-unboost|p1a: Hydrapple|atk|1\n|-unboost|p1a: Hydrapple|spa|1\n|-message|Knoxtaro forfeited.\n|\n|win|IdkImScared\n|raw|Knoxtaro's rating: 1172 &rarr; <strong>1140</strong><br />(-32 for losing)\n|raw|IdkImScared's rating: 1079 &rarr; <strong>1115</strong><br />(+36 for winning)\n|l|\u2606Knoxtaro\n|player|p1|\n",
  "uploadtime": 1776140692,
  "views": 29,
  "formatid": "gen9championsvgc2026regma",
  "rating": 1115,
  "private": 0,
  "password": null
}