{
  "id": "gen9championsvgc2026regma-2585762220",
  "format": "[Gen 9 Champions] VGC 2026 Reg M-A",
  "players": [
    "Zhi2",
    "Dogetrooper"
  ],
  "log": "|j|\u2606Zhi2\n|j|\u2606Dogetrooper\n|t:|1776368828\n|gametype|doubles\n|player|p1|Zhi2|1|1219\n|player|p2|Dogetrooper|169|1222\n|gen|9\n|tier|[Gen 9 Champions] VGC 2026 Reg M-A\n|rated|\n|rule|Species Clause: Limit one of each Pok\u00e9mon\n|rule|Item Clause: Limit 1 of each item\n|clearpoke\n|poke|p1|Pelipper, L50, M|\n|poke|p1|Blastoise, L50, F|\n|poke|p1|Starmie, L50|\n|poke|p1|Sinistcha, L50|\n|poke|p1|Kingambit, L50, F|\n|poke|p1|Garchomp, L50, M|\n|poke|p2|Gengar, L50, F|\n|poke|p2|Incineroar, L50, M|\n|poke|p2|Tinkaton, L50, F|\n|poke|p2|Hydrapple, L50, M|\n|poke|p2|Palafin, L50, M|\n|poke|p2|Sinistcha-Masterpiece, L50|\n|teampreview|4\n|inactive|Battle timer is ON: inactive players will automatically lose when time's up. (requested by Dogetrooper)\n|inactive|Dogetrooper has 60 seconds left.\n|\n|t:|1776368861\n|teamsize|p1|4\n|teamsize|p2|4\n|start\n|switch|p1a: Kingambit|Kingambit, L50, F|100/100\n|switch|p1b: Starmie|Starmie, L50|100/100\n|switch|p2a: Gengar|Gengar, L50, F|100/100\n|switch|p2b: Incineroar|Incineroar, L50, M|100/100\n|-ability|p2b: Incineroar|Intimidate|boost\n|-unboost|p1a: Kingambit|atk|1\n|-ability|p1a: Kingambit|Defiant|boost\n|-boost|p1a: Kingambit|atk|2\n|-unboost|p1b: Starmie|atk|1\n|turn|1\n|\n|t:|1776368887\n|switch|p1b: Garchomp|Garchomp, L50, M|100/100\n|detailschange|p2a: Gengar|Gengar-Mega, L50, F\n|-mega|p2a: Gengar|Gengar|Gengarite\n|move|p2b: Incineroar|Fake Out|p1a: Kingambit\n|-resisted|p1a: Kingambit|1\n|-damage|p1a: Kingambit|97/100\n|move|p2a: Gengar|Substitute|p2a: Gengar\n|-start|p2a: Gengar|Substitute\n|-damage|p2a: Gengar|76/100\n|cant|p1a: Kingambit|flinch\n|\n|upkeep\n|turn|2\n|inactive|Zhi2 has 30 seconds left.\n|inactive|Dogetrooper has 30 seconds left.\n|\n|t:|1776368914\n|move|p2a: Gengar|Protect|p2a: Gengar\n|-singleturn|p2a: Gengar|Protect\n|move|p1a: Kingambit|Sucker Punch||[still]\n|-fail|p1a: Kingambit\n|move|p1b: Garchomp|Earthquake|p2b: Incineroar|[spread] p1a,p2b\n|-activate|p2a: Gengar|move: Protect\n|-supereffective|p1a: Kingambit|1\n|-supereffective|p2b: Incineroar|1\n|-enditem|p2b: Incineroar|Shuca Berry|[eat]\n|-enditem|p2b: Incineroar|Shuca Berry|[weaken]\n|-damage|p1a: Kingambit|41/100\n|-damage|p2b: Incineroar|61/100\n|move|p2b: Incineroar|Parting Shot|p1b: Garchomp\n|-unboost|p1b: Garchomp|atk|1\n|-unboost|p1b: Garchomp|spa|1\n|\n|t:|1776368930\n|switch|p2b: Hydrapple|Hydrapple, L50, M|100/100|[from] Parting Shot\n|\n|upkeep\n|turn|3\n|\n|t:|1776368952\n|move|p1a: Kingambit|Protect|p1a: Kingambit\n|-singleturn|p1a: Kingambit|Protect\n|move|p1b: Garchomp|Earthquake|p2a: Gengar|[spread] p2a,p2b\n|-activate|p1a: Kingambit|move: Protect\n|-supereffective|p2a: Gengar|1\n|-end|p2a: Gengar|Substitute\n|-resisted|p2b: Hydrapple|1\n|-damage|p2b: Hydrapple|93/100\n|move|p2a: Gengar|Perish Song|p2a: Gengar\n|-start|p1a: Kingambit|perish3|[silent]\n|-start|p1b: Garchomp|perish3|[silent]\n|-start|p2a: Gengar|perish3|[silent]\n|-start|p2b: Hydrapple|perish3|[silent]\n|-fieldactivate|move: Perish Song\n|move|p2b: Hydrapple|Fickle Beam|p1b: Garchomp|[anim] Fickle Beam All Out\n|-activate|p2b: Hydrapple|move: Fickle Beam\n|-supereffective|p1b: Garchomp|1\n|-damage|p1b: Garchomp|0 fnt\n|faint|p1b: Garchomp\n|\n|-heal|p2b: Hydrapple|99/100|[from] item: Leftovers\n|-start|p2a: Gengar|perish3\n|-start|p1a: Kingambit|perish3\n|-start|p2b: Hydrapple|perish3\n|upkeep\n|\n|t:|1776368971\n|switch|p1b: Pelipper|Pelipper, L50, M|100/100\n|-weather|RainDance|[from] ability: Drizzle|[of] p1b: Pelipper\n|turn|4\n|\n|t:|1776368989\n|switch|p2a: Incineroar|Incineroar, L50, M|61/100\n|-ability|p2a: Incineroar|Intimidate|boost\n|-unboost|p1a: Kingambit|atk|1\n|-ability|p1a: Kingambit|Defiant|boost\n|-boost|p1a: Kingambit|atk|2\n|-unboost|p1b: Pelipper|atk|1\n|move|p1b: Pelipper|Hurricane|p2b: Hydrapple\n|-supereffective|p2b: Hydrapple|1\n|-damage|p2b: Hydrapple|28/100\n|move|p1a: Kingambit|Iron Head|p2a: Incineroar\n|-resisted|p2a: Incineroar|1\n|-damage|p2a: Incineroar|14/100\n|move|p2b: Hydrapple|Yawn|p1b: Pelipper\n|-start|p1b: Pelipper|move: Yawn|[of] p2b: Hydrapple\n|\n|-weather|RainDance|[upkeep]\n|-heal|p2b: Hydrapple|34/100|[from] item: Leftovers\n|-start|p1a: Kingambit|perish2\n|-start|p2b: Hydrapple|perish2\n|upkeep\n|turn|5\n|inactive|Zhi2 has 30 seconds left.\n|inactive|Dogetrooper has 30 seconds left.\n|inactive|Dogetrooper has 20 seconds left.\n|inactive|Dogetrooper has 15 seconds left.\n|\n|t:|1776369030\n|switch|p1a: Starmie|Starmie, L50|100/100\n|switch|p2b: Sinistcha|Sinistcha-Masterpiece, L50|100/100\n|-heal|p2a: Incineroar|39/100|[from] ability: Hospitality|[of] p2b: Sinistcha\n|move|p2a: Incineroar|Throat Chop|p1b: Pelipper\n|-damage|p1b: Pelipper|75/100\n|-start|p1b: Pelipper|Throat Chop|[silent]\n|move|p1b: Pelipper|U-turn|p2a: Incineroar\n|-damage|p2a: Incineroar|33/100\n|\n|t:|1776369043\n|switch|p1b: Kingambit|Kingambit, L50, F|41/100|[from] U-turn\n|\n|-weather|RainDance|[upkeep]\n|upkeep\n|turn|6\n|\n|t:|1776369061\n|detailschange|p1a: Starmie|Starmie-Mega, L50\n|-mega|p1a: Starmie|Starmie|Starminite\n|move|p2a: Incineroar|Protect|p2a: Incineroar\n|-singleturn|p2a: Incineroar|Protect\n|move|p1a: Starmie|Flip Turn|p2b: Sinistcha\n|-resisted|p2b: Sinistcha|1\n|-damage|p2b: Sinistcha|70/100\n|\n|t:|1776369068\n|switch|p1a: Pelipper|Pelipper, L50, M|75/100|[from] Flip Turn\n|move|p2b: Sinistcha|Matcha Gotcha|p1b: Kingambit|[spread] p1a,p1b\n|-resisted|p1b: Kingambit|1\n|-damage|p1a: Pelipper|42/100\n|-heal|p2b: Sinistcha|85/100|[from] drain|[of] p1a: Pelipper\n|-damage|p1b: Kingambit|29/100\n|-heal|p2b: Sinistcha|92/100|[from] drain|[of] p1b: Kingambit\n|-enditem|p1a: Pelipper|Sitrus Berry|[eat]\n|-heal|p1a: Pelipper|67/100|[from] item: Sitrus Berry\n|move|p1b: Kingambit|Brick Break|p2a: Incineroar\n|-activate|p2a: Incineroar|move: Protect\n|\n|-weather|RainDance|[upkeep]\n|upkeep\n|turn|7\n|inactive|Dogetrooper has 30 seconds left.\n|inactive|Dogetrooper has 20 seconds left.\n|inactive|Dogetrooper has 15 seconds left.\n|inactive|Dogetrooper has 10 seconds left.\n|inactive|Dogetrooper has 5 seconds left.\n|\n|t:|1776369119\n|move|p1a: Pelipper|Wide Guard|p1a: Pelipper\n|-singleturn|p1a: Pelipper|Wide Guard\n|move|p2b: Sinistcha|Rage Powder|p2b: Sinistcha\n|-singleturn|p2b: Sinistcha|move: Rage Powder\n|move|p2a: Incineroar|Parting Shot|p1a: Pelipper\n|-unboost|p1a: Pelipper|atk|1\n|-unboost|p1a: Pelipper|spa|1\n|\n|t:|1776369127\n|switch|p2a: Hydrapple|Hydrapple, L50, M|67/100|[from] Parting Shot\n|move|p1b: Kingambit|Iron Head|p2b: Sinistcha\n|-damage|p2b: Sinistcha|52/100\n|\n|-weather|RainDance|[upkeep]\n|-heal|p2a: Hydrapple|73/100|[from] item: Leftovers\n|upkeep\n|turn|8\n|\n|t:|1776369142\n|move|p2b: Sinistcha|Protect|p2b: Sinistcha\n|-singleturn|p2b: Sinistcha|Protect\n|move|p2a: Hydrapple|Protect|p2a: Hydrapple\n|-singleturn|p2a: Hydrapple|Protect\n|move|p1a: Pelipper|Hurricane|p2b: Sinistcha\n|-activate|p2b: Sinistcha|move: Protect\n|move|p1b: Kingambit|Iron Head|p2a: Hydrapple\n|-activate|p2a: Hydrapple|move: Protect\n|\n|-weather|none\n|-heal|p2a: Hydrapple|79/100|[from] item: Leftovers\n|upkeep\n|turn|9\n|\n|t:|1776369156\n|move|p2b: Sinistcha|Matcha Gotcha|p1a: Pelipper|[spread] p1b\n|-miss|p2b: Sinistcha|p1a: Pelipper\n|-resisted|p1b: Kingambit|1\n|-damage|p1b: Kingambit|16/100\n|-heal|p2b: Sinistcha|59/100|[from] drain|[of] p1b: Kingambit\n|move|p1a: Pelipper|U-turn|p2b: Sinistcha\n|-damage|p2b: Sinistcha|54/100\n|\n|t:|1776369164\n|switch|p1a: Starmie|Starmie-Mega, L50|100/100|[from] U-turn\n|move|p1b: Kingambit|Iron Head|p2b: Sinistcha\n|-damage|p2b: Sinistcha|9/100\n|-enditem|p2b: Sinistcha|Sitrus Berry|[eat]\n|-heal|p2b: Sinistcha|34/100|[from] item: Sitrus Berry\n|move|p2a: Hydrapple|Fickle Beam|p1b: Kingambit\n|-resisted|p1b: Kingambit|1\n|-damage|p1b: Kingambit|0 fnt\n|faint|p1b: Kingambit\n|\n|-heal|p2a: Hydrapple|85/100|[from] item: Leftovers\n|upkeep\n|\n|t:|1776369173\n|switch|p1b: Pelipper|Pelipper, L50, M|67/100\n|-weather|RainDance|[from] ability: Drizzle|[of] p1b: Pelipper\n|turn|10\n|\n|t:|1776369194\n|move|p2b: Sinistcha|Protect|p2b: Sinistcha\n|-singleturn|p2b: Sinistcha|Protect\n|move|p2a: Hydrapple|Protect|p2a: Hydrapple\n|-singleturn|p2a: Hydrapple|Protect\n|move|p1a: Starmie|Ice Spinner|p2b: Sinistcha\n|-activate|p2b: Sinistcha|move: Protect\n|move|p1b: Pelipper|Tailwind|p1b: Pelipper\n|-sidestart|p1: Zhi2|move: Tailwind\n|\n|-weather|RainDance|[upkeep]\n|-heal|p2a: Hydrapple|92/100|[from] item: Leftovers\n|upkeep\n|turn|11\n|inactive|Dogetrooper has 30 seconds left.\n|\n|t:|1776369220\n|switch|p2a: Incineroar|Incineroar, L50, M|33/100\n|-ability|p2a: Incineroar|Intimidate|boost\n|-unboost|p1a: Starmie|atk|1\n|-unboost|p1b: Pelipper|atk|1\n|move|p1a: Starmie|Ice Spinner|p2a: Incineroar\n|-resisted|p2a: Incineroar|1\n|-damage|p2a: Incineroar|19/100\n|move|p1b: Pelipper|Hurricane|p2b: Sinistcha\n|-supereffective|p2b: Sinistcha|1\n|-damage|p2b: Sinistcha|0 fnt\n|faint|p2b: Sinistcha\n|\n|-weather|RainDance|[upkeep]\n|upkeep\n|\n|t:|1776369239\n|switch|p2b: Hydrapple|Hydrapple, L50, M|100/100\n|turn|12\n|\n|t:|1776369253\n|move|p1a: Starmie|Protect|p1a: Starmie\n|-singleturn|p1a: Starmie|Protect\n|move|p2a: Incineroar|Fake Out|p1a: Starmie\n|-activate|p1a: Starmie|move: Protect\n|move|p1b: Pelipper|Hurricane|p2a: Incineroar\n|-damage|p2a: Incineroar|0 fnt\n|faint|p2a: Incineroar\n|move|p2b: Hydrapple|Yawn|p1b: Pelipper\n|-start|p1b: Pelipper|move: Yawn|[of] p2b: Hydrapple\n|\n|-weather|RainDance|[upkeep]\n|upkeep\n|\n|t:|1776369262\n|switch|p2a: Gengar|Gengar-Mega, L50, F|76/100\n|turn|13\n|\n|t:|1776369277\n|move|p2a: Gengar|Protect|p2a: Gengar\n|-singleturn|p2a: Gengar|Protect\n|move|p2b: Hydrapple|Protect|p2b: Hydrapple\n|-singleturn|p2b: Hydrapple|Protect\n|move|p1a: Starmie|Ice Spinner|p2b: Hydrapple\n|-activate|p2b: Hydrapple|move: Protect\n|move|p1b: Pelipper|Hurricane|p2a: Gengar\n|-activate|p2a: Gengar|move: Protect\n|\n|-weather|RainDance|[upkeep]\n|-end|p1b: Pelipper|move: Yawn|[silent]\n|-status|p1b: Pelipper|slp\n|-sideend|p1: Zhi2|move: Tailwind\n|upkeep\n|turn|14\n|\n|t:|1776369292\n|move|p2a: Gengar|Shadow Ball|p1a: Starmie\n|-supereffective|p1a: Starmie|1\n|-damage|p1a: Starmie|0 fnt\n|faint|p1a: Starmie\n|cant|p1b: Pelipper|slp\n|move|p2b: Hydrapple|Fickle Beam|p1b: Pelipper\n|-damage|p1b: Pelipper|23/100 slp\n|\n|-weather|none\n|upkeep\n|turn|15\n|\n|t:|1776369297\n|move|p2a: Gengar|Shadow Ball|p1b: Pelipper\n|-damage|p1b: Pelipper|0 fnt\n|faint|p1b: Pelipper\n|\n|win|Dogetrooper\n|raw|Zhi2's rating: 1219 &rarr; <strong>1194</strong><br />(-25 for losing)\n|raw|Dogetrooper's rating: 1222 &rarr; <strong>1247</strong><br />(+25 for winning)\n|l|\u2606Zhi2\n|player|p1|\n|j|\u2606Zhi2\n|player|p1|Zhi2|1|\n|l|\u2606Dogetrooper\n|player|p2|\n",
  "uploadtime": 1776369304,
  "views": 21,
  "formatid": "gen9championsvgc2026regma",
  "rating": 1194,
  "private": 0,
  "password": null
}