{
  "id": "gen9championsvgc2026regma-2589393907",
  "format": "[Gen 9 Champions] VGC 2026 Reg M-A",
  "players": [
    "WanderdRoad",
    "michaelgscott"
  ],
  "log": "|j|\u2606WanderdRoad\n|j|\u2606michaelgscott\n|t:|1776719399\n|gametype|doubles\n|player|p1|WanderdRoad|169|1000\n|player|p2|michaelgscott|veteran|1094\n|gen|9\n|tier|[Gen 9 Champions] VGC 2026 Reg M-A\n|rated|\n|rule|Species Clause: Limit one of each Pok\u00e9mon\n|rule|Item Clause: Limit 1 of each item\n|clearpoke\n|poke|p1|Aggron, L50, M|\n|poke|p1|Tyranitar, L50, F|\n|poke|p1|Garchomp, L50, F|\n|poke|p1|Incineroar, L50, M|\n|poke|p1|Primarina, L50, M, shiny|\n|poke|p1|Sinistcha, L50|\n|poke|p2|Talonflame, L50, M|\n|poke|p2|Kingambit, L50, M|\n|poke|p2|Jolteon, L50, F|\n|poke|p2|Blastoise, L50, M|\n|poke|p2|Sableye, L50, M|\n|poke|p2|Sinistcha, L50|\n|teampreview|4\n|inactive|Battle timer is ON: inactive players will automatically lose when time's up. (requested by michaelgscott)\n|\n|t:|1776719436\n|teamsize|p1|4\n|teamsize|p2|4\n|start\n|switch|p1a: Aggron|Aggron, L50, M|100/100\n|switch|p1b: Incineroar|Incineroar, L50, M|100/100\n|switch|p2a: Talonflame|Talonflame, L50, M|100/100\n|switch|p2b: Blastoise|Blastoise, L50, M|100/100\n|-ability|p1b: Incineroar|Intimidate|boost\n|-unboost|p2a: Talonflame|atk|1\n|-unboost|p2b: Blastoise|atk|1\n|turn|1\n|inactive|WanderdRoad has 30 seconds left.\n|\n|t:|1776719463\n|detailschange|p2b: Blastoise|Blastoise-Mega, L50, M\n|-mega|p2b: Blastoise|Blastoise|Blastoisinite\n|detailschange|p1a: Aggron|Aggron-Mega, L50, M\n|-mega|p1a: Aggron|Aggron|Aggronite\n|move|p2a: Talonflame|Protect|p2a: Talonflame\n|-singleturn|p2a: Talonflame|Protect\n|move|p2b: Blastoise|Protect|p2b: Blastoise\n|-singleturn|p2b: Blastoise|Protect\n|move|p1a: Aggron|Protect|p1a: Aggron\n|-singleturn|p1a: Aggron|Protect\n|move|p1b: Incineroar|Fake Out|p2b: Blastoise\n|-activate|p2b: Blastoise|move: Protect\n|\n|upkeep\n|turn|2\n|\n|t:|1776719487\n|move|p2a: Talonflame|Tailwind|p2a: Talonflame\n|-sidestart|p2: michaelgscott|move: Tailwind\n|move|p2b: Blastoise|Water Spout|p1b: Incineroar|[spread] p1a,p1b\n|-crit|p1a: Aggron\n|-supereffective|p1b: Incineroar|1\n|-damage|p1a: Aggron|0 fnt\n|-damage|p1b: Incineroar|0 fnt\n|faint|p1a: Aggron\n|faint|p1b: Incineroar\n|\n|upkeep\n|\n|t:|1776719495\n|switch|p1b: Primarina|Primarina, L50, M, shiny|100/100\n|switch|p1a: Tyranitar|Tyranitar, L50, F|100/100\n|-weather|Sandstorm|[from] ability: Sand Stream|[of] p1a: Tyranitar\n|turn|3\n|\n|t:|1776719510\n|switch|p2a: Kingambit|Kingambit, L50, M|100/100\n|move|p1b: Primarina|Protect|p1b: Primarina\n|-singleturn|p1b: Primarina|Protect\n|move|p2b: Blastoise|Water Spout|p1a: Tyranitar|[spread] p1a\n|-activate|p1b: Primarina|move: Protect\n|-supereffective|p1a: Tyranitar|1\n|-damage|p1a: Tyranitar|27/100\n|move|p1a: Tyranitar|Rock Slide|p2a: Kingambit|[spread] p2a,p2b\n|-resisted|p2a: Kingambit|1\n|-damage|p2a: Kingambit|89/100\n|-damage|p2b: Blastoise|71/100\n|\n|-weather|Sandstorm|[upkeep]\n|-damage|p2b: Blastoise|65/100|[from] Sandstorm\n|-damage|p1b: Primarina|95/100|[from] Sandstorm\n|-heal|p2a: Kingambit|95/100|[from] item: Leftovers\n|-heal|p1b: Primarina|100/100|[from] item: Leftovers\n|upkeep\n|turn|4\n|inactive|michaelgscott has 30 seconds left.\n|\n|t:|1776719535\n|move|p2b: Blastoise|Water Spout|p1a: Tyranitar|[spread] p1a,p1b\n|-supereffective|p1a: Tyranitar|1\n|-resisted|p1b: Primarina|1\n|-damage|p1a: Tyranitar|0 fnt\n|-damage|p1b: Primarina|84/100\n|faint|p1a: Tyranitar\n|move|p2a: Kingambit|Iron Head|p1b: Primarina\n|-damage|p1b: Primarina|29/100\n|move|p1b: Primarina|Moonblast|p2b: Blastoise\n|-damage|p2b: Blastoise|23/100\n|\n|-weather|Sandstorm|[upkeep]\n|-damage|p2b: Blastoise|18/100|[from] Sandstorm\n|-damage|p1b: Primarina|23/100|[from] Sandstorm\n|-heal|p2a: Kingambit|100/100|[from] item: Leftovers\n|-heal|p1b: Primarina|29/100|[from] item: Leftovers\n|upkeep\n|turn|5\n|\n|t:|1776719558\n|move|p2a: Kingambit|Sucker Punch|p1b: Primarina\n|-resisted|p1b: Primarina|1\n|-damage|p1b: Primarina|3/100\n|move|p2b: Blastoise|Dark Pulse|p1b: Primarina\n|-resisted|p1b: Primarina|1\n|-damage|p1b: Primarina|0 fnt\n|faint|p1b: Primarina\n|\n|win|michaelgscott\n|raw|WanderdRoad's rating: 1000 &rarr; <strong>1000</strong><br />(+0 for losing)\n|raw|michaelgscott's rating: 1094 &rarr; <strong>1113</strong><br />(+19 for winning)\n|l|\u2606WanderdRoad\n|player|p1|\n",
  "uploadtime": 1776719568,
  "views": 25,
  "formatid": "gen9championsvgc2026regma",
  "rating": 1000,
  "private": 0,
  "password": null
}