{
  "id": "gen9championsvgc2026regma-2583816984",
  "format": "[Gen 9 Champions] VGC 2026 Reg M-A",
  "players": [
    "YourBestieRae",
    "Mameon"
  ],
  "log": "|j|\u2606YourBestieRae\n|j|\u2606Mameon\n|t:|1776199985\n|gametype|doubles\n|player|p1|YourBestieRae|emma|1233\n|player|p2|Mameon|266|1191\n|gen|9\n|tier|[Gen 9 Champions] VGC 2026 Reg M-A\n|rated|\n|rule|Species Clause: Limit one of each Pok\u00e9mon\n|rule|Item Clause: Limit 1 of each item\n|clearpoke\n|poke|p1|Kommo-o, L50, F|\n|poke|p1|Gengar, L50, F|\n|poke|p1|Scizor, L50, M|\n|poke|p1|Sneasler, L50, M|\n|poke|p1|Incineroar, L50, F|\n|poke|p1|Gyarados, L50, F|\n|poke|p2|Charizard, L50, M|\n|poke|p2|Kingambit, L50, M|\n|poke|p2|Incineroar, L50, M|\n|poke|p2|Aerodactyl, L50, F|\n|poke|p2|Floette-Eternal, L50, F|\n|poke|p2|Sneasler, L50, M|\n|teampreview|4\n|inactive|Battle timer is ON: inactive players will automatically lose when time's up. (requested by YourBestieRae)\n|inactive|YourBestieRae has 60 seconds left.\n|inactive|Mameon has 60 seconds left.\n|inactive|YourBestieRae has 30 seconds left.\n|inactive|YourBestieRae has 20 seconds left.\n|\n|t:|1776200061\n|teamsize|p1|4\n|teamsize|p2|4\n|start\n|switch|p1a: Gengar|Gengar, L50, F|100/100\n|switch|p1b: Sneasler|Sneasler, L50, M|100/100\n|switch|p2a: Sneasler|Sneasler, L50, M|100/100\n|switch|p2b: Charizard|Charizard, L50, M|100/100\n|-ability|p1b: Sneasler|Pressure\n|turn|1\n|inactive|YourBestieRae has 30 seconds left.\n|inactive|YourBestieRae has 20 seconds left.\n|inactive|YourBestieRae has 15 seconds left.\n|\n|t:|1776200104\n|detailschange|p1a: Gengar|Gengar-Mega, L50, F\n|-mega|p1a: Gengar|Gengar|Gengarite\n|detailschange|p2b: Charizard|Charizard-Mega-Y, L50, M\n|-mega|p2b: Charizard|Charizard|Charizardite Y\n|-weather|SunnyDay|[from] ability: Drought|[of] p2b: Charizard\n|move|p1a: Gengar|Protect|p1a: Gengar\n|-singleturn|p1a: Gengar|Protect\n|move|p1b: Sneasler|Protect|p1b: Sneasler\n|-singleturn|p1b: Sneasler|Protect\n|move|p2a: Sneasler|Fake Out|p1b: Sneasler\n|-activate|p1b: Sneasler|move: Protect\n|move|p2b: Charizard|Heat Wave|p1a: Gengar|[spread] \n|-activate|p1a: Gengar|move: Protect\n|-activate|p1b: Sneasler|move: Protect\n|\n|-weather|SunnyDay|[upkeep]\n|upkeep\n|turn|2\n|\n|t:|1776200127\n|move|p1a: Gengar|Icy Wind|p2a: Sneasler|[spread] p2a,p2b\n|-damage|p2a: Sneasler|79/100\n|-damage|p2b: Charizard|84/100\n|-unboost|p2a: Sneasler|spe|1\n|-unboost|p2b: Charizard|spe|1\n|-enditem|p2a: Sneasler|White Herb\n|-clearnegativeboost|p2a: Sneasler|[silent]\n|move|p2a: Sneasler|Dire Claw|p1b: Sneasler\n|-resisted|p1b: Sneasler|1\n|-damage|p1b: Sneasler|67/100\n|move|p1b: Sneasler|Rock Tomb|p2b: Charizard\n|-supereffective|p2b: Charizard|2\n|-crit|p2b: Charizard\n|-damage|p2b: Charizard|0 fnt\n|faint|p2b: Charizard\n|\n|-weather|SunnyDay|[upkeep]\n|upkeep\n|inactive|Mameon has 30 seconds left.\n|inactive|Mameon has 20 seconds left.\n|inactive|Mameon has 15 seconds left.\n|inactive|Mameon has 10 seconds left.\n|\n|t:|1776200175\n|switch|p2b: Aerodactyl|Aerodactyl, L50, F|100/100\n|-ability|p2b: Aerodactyl|Unnerve\n|turn|3\n|\n|t:|1776200196\n|move|p2a: Sneasler|Dire Claw|p1a: Gengar\n|-resisted|p1a: Gengar|2\n|-damage|p1a: Gengar|85/100\n|move|p2b: Aerodactyl|Dual Wingbeat|p1b: Sneasler\n|-supereffective|p1b: Sneasler|1\n|-damage|p1b: Sneasler|5/100\n|-supereffective|p1b: Sneasler|1\n|-damage|p1b: Sneasler|0 fnt\n|faint|p1b: Sneasler\n|-hitcount|p1: Sneasler|2\n|move|p1a: Gengar|Shadow Ball|p2a: Sneasler\n|-damage|p2a: Sneasler|9/100\n|\n|-weather|SunnyDay|[upkeep]\n|upkeep\n|\n|t:|1776200218\n|switch|p1b: Scizor|Scizor, L50, M|100/100\n|turn|4\n|\n|t:|1776200242\n|move|p2a: Sneasler|Close Combat|p1b: Scizor\n|-damage|p1b: Scizor|34/100\n|-unboost|p2a: Sneasler|def|1\n|-unboost|p2a: Sneasler|spd|1\n|move|p2b: Aerodactyl|Rock Slide|p1b: Scizor|[spread] p1a,p1b\n|-damage|p1a: Gengar|48/100\n|-damage|p1b: Scizor|9/100\n|move|p1a: Gengar|Icy Wind|p2a: Sneasler|[spread] p2a,p2b\n|-supereffective|p2b: Aerodactyl|1\n|-damage|p2a: Sneasler|0 fnt\n|-damage|p2b: Aerodactyl|48/100\n|-unboost|p2b: Aerodactyl|spe|1\n|faint|p2a: Sneasler\n|cant|p1b: Scizor|flinch\n|\n|-weather|SunnyDay|[upkeep]\n|upkeep\n|\n|t:|1776200257\n|switch|p2a: Kingambit|Kingambit, L50, M|100/100\n|turn|5\n|\n|t:|1776200268\n|move|p2b: Aerodactyl|Protect|p2b: Aerodactyl\n|-singleturn|p2b: Aerodactyl|Protect\n|move|p1b: Scizor|Bullet Punch|p2b: Aerodactyl\n|-activate|p2b: Aerodactyl|move: Protect\n|move|p1a: Gengar|Shadow Ball|p2b: Aerodactyl\n|-activate|p2b: Aerodactyl|move: Protect\n|move|p2a: Kingambit|Kowtow Cleave|p1b: Scizor\n|-damage|p1b: Scizor|0 fnt\n|faint|p1b: Scizor\n|\n|-weather|none\n|upkeep\n|\n|t:|1776200271\n|switch|p1b: Kommo-o|Kommo-o, L50, F|100/100\n|turn|6\n|inactive|YourBestieRae has 30 seconds left.\n|\n|t:|1776200301\n|move|p1a: Gengar|Protect|p1a: Gengar\n|-singleturn|p1a: Gengar|Protect\n|move|p2a: Kingambit|Sucker Punch||[still]\n|-fail|p2a: Kingambit\n|move|p2b: Aerodactyl|Dual Wingbeat|p1b: Kommo-o\n|-supereffective|p1b: Kommo-o|1\n|-damage|p1b: Kommo-o|66/100\n|-supereffective|p1b: Kommo-o|1\n|-damage|p1b: Kommo-o|32/100\n|-hitcount|p1b: Kommo-o|2\n|move|p1b: Kommo-o|Aura Sphere|p2a: Kingambit\n|-supereffective|p2a: Kingambit|2\n|-damage|p2a: Kingambit|0 fnt\n|faint|p2a: Kingambit\n|\n|upkeep\n|turn|7\n|c|\u2606YourBestieRae|gg\n|inactive|Mameon has 30 seconds left.\n|\n|t:|1776200331\n|move|p1a: Gengar|Shadow Ball|p2b: Aerodactyl\n|-damage|p2b: Aerodactyl|0 fnt\n|-enditem|p1b: Kommo-o|Sitrus Berry|[eat]\n|-heal|p1b: Kommo-o|57/100|[from] item: Sitrus Berry\n|faint|p2b: Aerodactyl\n|\n|win|YourBestieRae\n|raw|YourBestieRae's rating: 1233 &rarr; <strong>1255</strong><br />(+22 for winning)\n|raw|Mameon's rating: 1191 &rarr; <strong>1169</strong><br />(-22 for losing)\n",
  "uploadtime": 1776200337,
  "views": 60,
  "formatid": "gen9championsvgc2026regma",
  "rating": 1169,
  "private": 0,
  "password": null
}