{
  "id": "gen9championsvgc2026regma-2583234268",
  "format": "[Gen 9 Champions] VGC 2026 Reg M-A",
  "players": [
    "idkwhattodo23",
    "SWAGSOLDIER08"
  ],
  "log": "|j|\u2606idkwhattodo23\n|j|\u2606SWAGSOLDIER08\n|t:|1776157771\n|gametype|doubles\n|player|p1|idkwhattodo23|red|1131\n|player|p2|SWAGSOLDIER08|dawn|1106\n|gen|9\n|tier|[Gen 9 Champions] VGC 2026 Reg M-A\n|rated|\n|rule|Species Clause: Limit one of each Pok\u00e9mon\n|rule|Item Clause: Limit 1 of each item\n|clearpoke\n|poke|p1|Maushold, L50|\n|poke|p1|Garchomp, L50, F|\n|poke|p1|Talonflame, L50, M|\n|poke|p1|Rotom-Wash, L50|\n|poke|p1|Aegislash, L50, M|\n|poke|p1|Floette-Eternal, L50, F|\n|poke|p2|Espathra, L50, F|\n|poke|p2|Incineroar, L50, M|\n|poke|p2|Glimmora, L50, M|\n|poke|p2|Excadrill, L50, M|\n|poke|p2|Ninetales-Alola, L50, F|\n|poke|p2|Bellibolt, L50, F|\n|teampreview|4\n|inactive|Battle timer is ON: inactive players will automatically lose when time's up. (requested by SWAGSOLDIER08)\n|\n|t:|1776157801\n|teamsize|p1|4\n|teamsize|p2|4\n|start\n|switch|p1a: Floette|Floette-Eternal, L50, F|100/100\n|switch|p1b: Maushold|Maushold, L50|100/100\n|switch|p2a: Espathra|Espathra, L50, F|100/100\n|switch|p2b: Incineroar|Incineroar, L50, M|100/100\n|-ability|p2b: Incineroar|Intimidate|boost\n|-unboost|p1a: Floette|atk|1\n|-unboost|p1b: Maushold|atk|1\n|turn|1\n|\n|t:|1776157810\n|move|p1b: Maushold|Protect|p1b: Maushold\n|-singleturn|p1b: Maushold|Protect\n|move|p2a: Espathra|Protect|p2a: Espathra\n|-singleturn|p2a: Espathra|Protect\n|move|p1a: Floette|Protect|p1a: Floette\n|-singleturn|p1a: Floette|Protect\n|move|p2b: Incineroar|Taunt|p1b: Maushold\n|-activate|p1b: Maushold|move: Protect\n|\n|-ability|p2a: Espathra|Speed Boost|boost\n|-boost|p2a: Espathra|spe|1\n|upkeep\n|turn|2\n|\n|t:|1776157832\n|detailschange|p1a: Floette|Floette-Mega, L50, F\n|-mega|p1a: Floette|Floette|Floettite\n|-ability|p1a: Floette|Fairy Aura\n|move|p1b: Maushold|Follow Me|p1b: Maushold\n|-singleturn|p1b: Maushold|move: Follow Me\n|move|p2a: Espathra|Dazzling Gleam|p1b: Maushold|[spread] p1a,p1b\n|-damage|p1a: Floette|87/100\n|-damage|p1b: Maushold|69/100\n|move|p1a: Floette|Calm Mind|p1a: Floette\n|-boost|p1a: Floette|spa|1\n|-boost|p1a: Floette|spd|1\n|move|p2b: Incineroar|Taunt|p1b: Maushold\n|-start|p1b: Maushold|move: Taunt\n|\n|-ability|p2a: Espathra|Speed Boost|boost\n|-boost|p2a: Espathra|spe|1\n|upkeep\n|turn|3\n|\n|t:|1776157850\n|move|p2a: Espathra|Protect|p2a: Espathra\n|-singleturn|p2a: Espathra|Protect\n|move|p1b: Maushold|Super Fang|p2a: Espathra\n|-activate|p2a: Espathra|move: Protect\n|move|p1a: Floette|Dazzling Gleam|p2a: Espathra|[spread] p2b\n|-activate|p2a: Espathra|move: Protect\n|-damage|p2b: Incineroar|50/100\n|move|p2b: Incineroar|Flare Blitz|p1a: Floette\n|-damage|p1a: Floette|46/100\n|-status|p1a: Floette|brn\n|-damage|p2b: Incineroar|38/100|[from] Recoil\n|\n|-damage|p1a: Floette|40/100 brn|[from] brn\n|-ability|p2a: Espathra|Speed Boost|boost\n|-boost|p2a: Espathra|spe|1\n|upkeep\n|turn|4\n|inactive|SWAGSOLDIER08 has 30 seconds left.\n|\n|t:|1776157881\n|move|p2a: Espathra|Baton Pass|p2a: Espathra\n|\n|t:|1776157884\n|switch|p2a: Glimmora|Glimmora, L50, M|100/100|[from] Baton Pass\n|move|p1b: Maushold|Super Fang|p2a: Glimmora|[miss]\n|-miss|p1b: Maushold|p2a: Glimmora\n|move|p1a: Floette|Dazzling Gleam|p2b: Incineroar|[spread] p2a,p2b\n|-resisted|p2a: Glimmora|1\n|-damage|p2a: Glimmora|54/100\n|-damage|p2b: Incineroar|0 fnt\n|faint|p2b: Incineroar\n|\n|-damage|p1a: Floette|34/100 brn|[from] brn\n|upkeep\n|\n|t:|1776157894\n|switch|p2b: Espathra|Espathra, L50, F|100/100\n|turn|5\n|\n|t:|1776157907\n|detailschange|p2a: Glimmora|Glimmora-Mega, L50, M\n|-mega|p2a: Glimmora|Glimmora|Glimmoranite\n|move|p2b: Espathra|Protect|p2b: Espathra\n|-singleturn|p2b: Espathra|Protect\n|move|p1a: Floette|Protect|p1a: Floette\n|-singleturn|p1a: Floette|Protect\n|move|p2a: Glimmora|Sludge Wave|p1a: Floette|[spread] p1b\n|-activate|p2b: Espathra|move: Protect\n|-activate|p1a: Floette|move: Protect\n|-damage|p1b: Maushold|0 fnt\n|faint|p1b: Maushold\n|\n|-damage|p1a: Floette|28/100 brn|[from] brn\n|-ability|p2b: Espathra|Speed Boost|boost\n|-boost|p2b: Espathra|spe|1\n|upkeep\n|\n|t:|1776157911\n|switch|p1b: Talonflame|Talonflame, L50, M|100/100\n|turn|6\n|inactive|SWAGSOLDIER08 has 30 seconds left.\n|\n|t:|1776157942\n|move|p2a: Glimmora|Spiky Shield|p2a: Glimmora\n|-singleturn|p2a: Glimmora|move: Protect\n|move|p1b: Talonflame|Acrobatics|p2a: Glimmora\n|-activate|p2a: Glimmora|move: Protect\n|-damage|p1b: Talonflame|88/100|[from] Spiky Shield|[of] p2a: Glimmora\n|move|p2b: Espathra|Psychic|p1b: Talonflame\n|-damage|p1b: Talonflame|22/100\n|move|p1a: Floette|Dazzling Gleam|p2a: Glimmora|[spread] p2b\n|-activate|p2a: Glimmora|move: Protect\n|-damage|p2b: Espathra|11/100\n|\n|-damage|p1a: Floette|22/100 brn|[from] brn\n|-ability|p2b: Espathra|Speed Boost|boost\n|-boost|p2b: Espathra|spe|1\n|upkeep\n|turn|7\n|\n|t:|1776157967\n|move|p2b: Espathra|Protect|p2b: Espathra\n|-singleturn|p2b: Espathra|Protect\n|move|p2a: Glimmora|Sludge Wave|p1a: Floette|[spread] p1a,p1b\n|-activate|p2b: Espathra|move: Protect\n|-supereffective|p1a: Floette|1\n|-damage|p1a: Floette|0 fnt\n|-damage|p1b: Talonflame|0 fnt\n|faint|p1a: Floette\n|faint|p1b: Talonflame\n|\n|-ability|p2b: Espathra|Speed Boost|boost\n|-boost|p2b: Espathra|spe|1\n|upkeep\n|\n|t:|1776157973\n|switch|p1a: Garchomp|Garchomp, L50, F|100/100\n|turn|8\n|\n|t:|1776157980\n|move|p2b: Espathra|Baton Pass|p2b: Espathra\n|\n|t:|1776157982\n|switch|p2b: Bellibolt|Bellibolt, L50, F|100/100|[from] Baton Pass\n|move|p2a: Glimmora|Dazzling Gleam|p1a: Garchomp\n|-supereffective|p1a: Garchomp|1\n|-damage|p1a: Garchomp|20/100\n|move|p1a: Garchomp|Earthquake|p2b: Bellibolt|[spread] p2a,p2b\n|-supereffective|p2a: Glimmora|2\n|-supereffective|p2b: Bellibolt|1\n|-damage|p2a: Glimmora|0 fnt\n|-damage|p2b: Bellibolt|14/100\n|-start|p2b: Bellibolt|Charge|Earthquake|[from] ability: Electromorphosis\n|faint|p2a: Glimmora\n|\n|-heal|p2b: Bellibolt|20/100|[from] item: Leftovers\n|upkeep\n|\n|t:|1776157991\n|switch|p2a: Espathra|Espathra, L50, F|11/100\n|turn|9\n|\n|t:|1776157995\n|move|p1a: Garchomp|Protect|p1a: Garchomp\n|-singleturn|p1a: Garchomp|Protect\n|move|p2a: Espathra|Protect|p2a: Espathra\n|-singleturn|p2a: Espathra|Protect\n|move|p2b: Bellibolt|Muddy Water|p1a: Garchomp\n|-activate|p1a: Garchomp|move: Protect\n|\n|-heal|p2b: Bellibolt|26/100|[from] item: Leftovers\n|-ability|p2a: Espathra|Speed Boost|boost\n|-boost|p2a: Espathra|spe|1\n|upkeep\n|turn|10\n|\n|t:|1776158002\n|move|p2a: Espathra|Psychic|p1a: Garchomp\n|-damage|p1a: Garchomp|0 fnt\n|faint|p1a: Garchomp\n|\n|win|SWAGSOLDIER08\n|raw|idkwhattodo23's rating: 1131 &rarr; <strong>1104</strong><br />(-27 for losing)\n|raw|SWAGSOLDIER08's rating: 1106 &rarr; <strong>1133</strong><br />(+27 for winning)\n|l|\u2606idkwhattodo23\n|player|p1|\n",
  "uploadtime": 1776158011,
  "views": 18,
  "formatid": "gen9championsvgc2026regma",
  "rating": 1104,
  "private": 0,
  "password": null
}