{
  "id": "gen9championsvgc2026regma-2588685616",
  "format": "[Gen 9 Champions] VGC 2026 Reg M-A",
  "players": [
    "adalove",
    "SugarTempest"
  ],
  "log": "|j|\u2606adalove\n|j|\u2606SugarTempest\n|t:|1776657597\n|gametype|doubles\n|player|p1|adalove|dragontamer|1276\n|player|p2|SugarTempest|cynthia|1214\n|gen|9\n|tier|[Gen 9 Champions] VGC 2026 Reg M-A\n|rated|\n|rule|Species Clause: Limit one of each Pok\u00e9mon\n|rule|Item Clause: Limit 1 of each item\n|clearpoke\n|poke|p1|Tyranitar, L50, F|\n|poke|p1|Excadrill, L50, F|\n|poke|p1|Corviknight, L50, M|\n|poke|p1|Garchomp, L50, M|\n|poke|p1|Primarina, L50, M|\n|poke|p1|Sinistcha, L50|\n|poke|p2|Lopunny, L50, F, shiny|\n|poke|p2|Meowscarada, L50, F, shiny|\n|poke|p2|Primarina, L50, F|\n|poke|p2|Klefki, L50, F|\n|poke|p2|Raichu, L50, F, shiny|\n|poke|p2|Scizor, L50, M|\n|teampreview|4\n|inactive|Battle timer is ON: inactive players will automatically lose when time's up. (requested by adalove)\n|inactive|adalove has 60 seconds left.\n|inactive|SugarTempest has 60 seconds left.\n|inactive|adalove has 30 seconds left.\n|\n|t:|1776657664\n|teamsize|p1|4\n|teamsize|p2|4\n|start\n|switch|p1a: The-Catalyst|Tyranitar, L50, F|100/100\n|switch|p1b: Throughput|Excadrill, L50, F|100/100\n|switch|p2a: Scizor|Scizor, L50, M|100/100\n|switch|p2b: Lopunny|Lopunny, L50, F, shiny|100/100\n|-weather|Sandstorm|[from] ability: Sand Stream|[of] p1a: The-Catalyst\n|turn|1\n|\n|t:|1776657686\n|switch|p1a: Defensive-Moat|Corviknight, L50, M|100/100\n|detailschange|p2b: Lopunny|Lopunny-Mega, L50, F, shiny\n|-mega|p2b: Lopunny|Lopunny|Lopunnite\n|move|p2b: Lopunny|Fake Out|p1b: Throughput\n|-resisted|p1b: Throughput|1\n|-damage|p1b: Throughput|86/100\n|cant|p1b: Throughput|flinch\n|move|p2a: Scizor|Tailwind|p2a: Scizor\n|-sidestart|p2: SugarTempest|move: Tailwind\n|\n|-weather|Sandstorm|[upkeep]\n|-damage|p2b: Lopunny|95/100|[from] Sandstorm\n|upkeep\n|turn|2\n|\n|t:|1776657709\n|switch|p2a: Primarina|Primarina, L50, F|100/100\n|move|p1b: Throughput|Protect|p1b: Throughput\n|-singleturn|p1b: Throughput|Protect\n|move|p2b: Lopunny|Close Combat|p1b: Throughput\n|-activate|p1b: Throughput|move: Protect\n|move|p1a: Defensive-Moat|Tailwind|p1a: Defensive-Moat\n|-sidestart|p1: adalove|move: Tailwind\n|\n|-weather|Sandstorm|[upkeep]\n|-damage|p2b: Lopunny|89/100|[from] Sandstorm\n|-damage|p2a: Primarina|95/100|[from] Sandstorm\n|upkeep\n|turn|3\n|\n|t:|1776657733\n|switch|p1b: Frictionless|Garchomp, L50, M|100/100\n|move|p2b: Lopunny|Protect|p2b: Lopunny\n|-singleturn|p2b: Lopunny|Protect\n|move|p2a: Primarina|Hyper Voice|p1b: Frictionless|[spread] p1a,p1b\n|-damage|p1a: Defensive-Moat|61/100\n|-damage|p1b: Frictionless|68/100\n|move|p1a: Defensive-Moat|Bulk Up|p1a: Defensive-Moat\n|-boost|p1a: Defensive-Moat|atk|1\n|-boost|p1a: Defensive-Moat|def|1\n|\n|-weather|Sandstorm|[upkeep]\n|-damage|p2b: Lopunny|84/100|[from] Sandstorm\n|-damage|p2a: Primarina|89/100|[from] Sandstorm\n|-heal|p1a: Defensive-Moat|68/100|[from] item: Leftovers\n|upkeep\n|turn|4\n|inactive|SugarTempest has 30 seconds left.\n|\n|t:|1776657765\n|move|p1b: Frictionless|Protect|p1b: Frictionless\n|-singleturn|p1b: Frictionless|Protect\n|move|p2b: Lopunny|Ice Punch|p1b: Frictionless\n|-activate|p1b: Frictionless|move: Protect\n|move|p2a: Primarina|Hyper Voice|p1b: Frictionless|[spread] p1a\n|-activate|p1b: Frictionless|move: Protect\n|-damage|p1a: Defensive-Moat|31/100\n|move|p1a: Defensive-Moat|Body Press|p2b: Lopunny\n|-supereffective|p2b: Lopunny|1\n|-damage|p2b: Lopunny|0 fnt\n|faint|p2b: Lopunny\n|\n|-weather|Sandstorm|[upkeep]\n|-damage|p2a: Primarina|83/100|[from] Sandstorm\n|-heal|p1a: Defensive-Moat|37/100|[from] item: Leftovers\n|-sideend|p2: SugarTempest|move: Tailwind\n|upkeep\n|\n|t:|1776657782\n|switch|p2b: Meowscarada|Meowscarada, L50, F, shiny|100/100\n|turn|5\n|\n|t:|1776657796\n|move|p2b: Meowscarada|Protect|p2b: Meowscarada\n|-singleturn|p2b: Meowscarada|Protect\n|move|p1b: Frictionless|Earthquake|p2a: Primarina|[spread] p2a\n|-activate|p2b: Meowscarada|move: Protect\n|-immune|p1a: Defensive-Moat\n|-damage|p2a: Primarina|31/100\n|-enditem|p2a: Primarina|Sitrus Berry|[eat]\n|-heal|p2a: Primarina|56/100|[from] item: Sitrus Berry\n|move|p1a: Defensive-Moat|Body Press|p2b: Meowscarada\n|-activate|p2b: Meowscarada|move: Protect\n|move|p2a: Primarina|Hyper Voice|p1b: Frictionless|[spread] p1a\n|-miss|p2a: Primarina|p1b: Frictionless\n|-damage|p1a: Defensive-Moat|3/100\n|\n|-weather|none\n|-heal|p1a: Defensive-Moat|9/100|[from] item: Leftovers\n|-sideend|p1: adalove|move: Tailwind\n|upkeep\n|turn|6\n|inactive|adalove has 30 seconds left.\n|inactive|adalove has 20 seconds left.\n|inactive|adalove has 15 seconds left.\n|inactive|adalove has 10 seconds left.\n|inactive|adalove has 5 seconds left.\n|\n|t:|1776657847\n|switch|p1a: Throughput|Excadrill, L50, F|86/100\n|move|p2b: Meowscarada|Flower Trick|p1b: Frictionless\n|-crit|p1b: Frictionless\n|-damage|p1b: Frictionless|17/100\n|move|p1b: Frictionless|Rock Slide|p2a: Primarina|[spread] p2a,p2b\n|-damage|p2a: Primarina|26/100\n|-damage|p2b: Meowscarada|67/100\n|move|p2a: Primarina|Hyper Voice|p1b: Frictionless|[spread] p1a,p1b\n|-supereffective|p1a: Throughput|1\n|-damage|p1a: Throughput|0 fnt\n|-damage|p1b: Frictionless|0 fnt\n|faint|p1a: Throughput\n|faint|p1b: Frictionless\n|\n|upkeep\n|\n|t:|1776657859\n|switch|p1a: The-Catalyst|Tyranitar, L50, F|100/100\n|switch|p1b: Defensive-Moat|Corviknight, L50, M|9/100\n|-weather|Sandstorm|[from] ability: Sand Stream|[of] p1a: The-Catalyst\n|turn|7\n|\n|t:|1776657882\n|move|p2a: Primarina|Protect|p2a: Primarina\n|-singleturn|p2a: Primarina|Protect\n|move|p1a: The-Catalyst|Protect|p1a: The-Catalyst\n|-singleturn|p1a: The-Catalyst|Protect\n|move|p2b: Meowscarada|Flower Trick|p1a: The-Catalyst\n|-activate|p1a: The-Catalyst|move: Protect\n|move|p1b: Defensive-Moat|Tailwind|p1b: Defensive-Moat\n|-sidestart|p1: adalove|move: Tailwind\n|\n|-weather|Sandstorm|[upkeep]\n|-damage|p2b: Meowscarada|61/100|[from] Sandstorm\n|-damage|p2a: Primarina|21/100|[from] Sandstorm\n|-heal|p1b: Defensive-Moat|16/100|[from] item: Leftovers\n|upkeep\n|turn|8\n|inactive|adalove has 30 seconds left.\n|\n|t:|1776657907\n|switch|p2a: Scizor|Scizor, L50, M|100/100\n|detailschange|p1a: The-Catalyst|Tyranitar-Mega, L50, F\n|-mega|p1a: The-Catalyst|Tyranitar|Tyranitarite\n|move|p2b: Meowscarada|Sucker Punch|p1b: Defensive-Moat\n|-damage|p1b: Defensive-Moat|0 fnt\n|faint|p1b: Defensive-Moat\n|move|p1a: The-Catalyst|Low Kick|p2b: Meowscarada\n|-supereffective|p2b: Meowscarada|1\n|-damage|p2b: Meowscarada|0 fnt\n|faint|p2b: Meowscarada\n|\n|-weather|Sandstorm|[upkeep]\n|upkeep\n|\n|t:|1776657917\n|switch|p2b: Primarina|Primarina, L50, F|21/100\n|turn|9\n|\n|t:|1776657927\n|move|p2b: Primarina|Protect|p2b: Primarina\n|-singleturn|p2b: Primarina|Protect\n|move|p1a: The-Catalyst|Rock Slide|p2a: Scizor|[spread] \n|-activate|p2b: Primarina|move: Protect\n|-miss|p1a: The-Catalyst|p2a: Scizor\n|move|p2a: Scizor|Tailwind|p2a: Scizor\n|-sidestart|p2: SugarTempest|move: Tailwind\n|\n|-weather|Sandstorm|[upkeep]\n|-damage|p2b: Primarina|15/100|[from] Sandstorm\n|upkeep\n|turn|10\n|\n|t:|1776657951\n|move|p2a: Scizor|Bullet Punch|p1a: The-Catalyst\n|-supereffective|p1a: The-Catalyst|1\n|-damage|p1a: The-Catalyst|67/100\n|move|p2b: Primarina|Moonblast|p1a: The-Catalyst\n|-supereffective|p1a: The-Catalyst|1\n|-damage|p1a: The-Catalyst|16/100\n|move|p1a: The-Catalyst|Rock Slide|p2a: Scizor|[spread] p2a,p2b\n|-damage|p2a: Scizor|57/100\n|-damage|p2b: Primarina|0 fnt\n|faint|p2b: Primarina\n|\n|-weather|Sandstorm|[upkeep]\n|-sideend|p1: adalove|move: Tailwind\n|upkeep\n|turn|11\n|\n|t:|1776657964\n|move|p2a: Scizor|Bullet Punch|p1a: The-Catalyst\n|-supereffective|p1a: The-Catalyst|1\n|-damage|p1a: The-Catalyst|0 fnt\n|faint|p1a: The-Catalyst\n|\n|win|SugarTempest\n|raw|adalove's rating: 1276 &rarr; <strong>1247</strong><br />(-29 for losing)\n|raw|SugarTempest's rating: 1214 &rarr; <strong>1243</strong><br />(+29 for winning)\n",
  "uploadtime": 1776657965,
  "views": 10,
  "formatid": "gen9championsvgc2026regma",
  "rating": 1243,
  "private": 0,
  "password": null
}