{
  "id": "gen9championsvgc2026regma-2588177993",
  "format": "[Gen 9 Champions] VGC 2026 Reg M-A",
  "players": [
    "SekonxTwo",
    "robervr"
  ],
  "log": "|j|\u2606SekonxTwo\n|j|\u2606robervr\n|t:|1776611832\n|gametype|doubles\n|player|p1|SekonxTwo|iris-gen5bw2|1123\n|player|p2|robervr|benga|1159\n|gen|9\n|tier|[Gen 9 Champions] VGC 2026 Reg M-A\n|rated|\n|rule|Species Clause: Limit one of each Pok\u00e9mon\n|rule|Item Clause: Limit 1 of each item\n|clearpoke\n|poke|p1|Pelipper, L50, M|\n|poke|p1|Starmie, L50|\n|poke|p1|Archaludon, L50, M|\n|poke|p1|Sneasler, L50, F|\n|poke|p1|Rotom-Wash, L50|\n|poke|p1|Sinistcha, L50|\n|poke|p2|Blastoise, L50, F|\n|poke|p2|Pelipper, L50, M|\n|poke|p2|Sinistcha, L50|\n|poke|p2|Sneasler, L50, F|\n|poke|p2|Garchomp, L50, F|\n|poke|p2|Kingambit, L50, M|\n|teampreview|4\n|inactive|Battle timer is ON: inactive players will automatically lose when time's up. (requested by SekonxTwo)\nSekonxTwo has agreed to open team sheets.\n|inactive|SekonxTwo has 60 seconds left.\n|inactive|SekonxTwo has 30 seconds left.\n|\n|t:|1776611902\n|teamsize|p1|4\n|teamsize|p2|4\n|start\n|switch|p1a: Sneasler|Sneasler, L50, F|100/100\n|switch|p1b: Rotom|Rotom-Wash, L50|100/100\n|switch|p2a: Sneasler|Sneasler, L50, F|100/100\n|switch|p2b: Garchomp|Garchomp, L50, F|100/100\n|turn|1\n|\n|t:|1776611914\n|move|p2a: Sneasler|Protect|p2a: Sneasler\n|-singleturn|p2a: Sneasler|Protect\n|move|p2b: Garchomp|Protect|p2b: Garchomp\n|-singleturn|p2b: Garchomp|Protect\n|move|p1a: Sneasler|Fake Out|p2b: Garchomp\n|-activate|p2b: Garchomp|move: Protect\n|move|p1b: Rotom|Will-O-Wisp|p2b: Garchomp\n|-activate|p2b: Garchomp|move: Protect\n|\n|upkeep\n|turn|2\n|\n|t:|1776611938\n|move|p1b: Rotom|Will-O-Wisp|p2b: Garchomp\n|-status|p2b: Garchomp|brn\n|-enditem|p2b: Garchomp|Lum Berry|[eat]\n|-curestatus|p2b: Garchomp|brn|[msg]\n|move|p2a: Sneasler|Dire Claw|p1b: Rotom\n|-damage|p1b: Rotom|52/100\n|-status|p1b: Rotom|slp\n|move|p1a: Sneasler|U-turn|p2b: Garchomp\n|-damage|p2b: Garchomp|78/100\n|-damage|p1a: Sneasler|88/100|[from] ability: Rough Skin|[of] p2b: Garchomp\n|\n|t:|1776611953\n|switch|p1a: Patrick|Starmie, L50|100/100|[from] U-turn\n|move|p2b: Garchomp|Dragon Claw|p1a: Patrick\n|-damage|p1a: Patrick|42/100\n|\n|upkeep\n|turn|3\n|\n|t:|1776611972\n|move|p1a: Patrick|Protect|p1a: Patrick\n|-singleturn|p1a: Patrick|Protect\n|cant|p1b: Rotom|slp\n|move|p2a: Sneasler|Close Combat|p1b: Rotom\n|-damage|p1b: Rotom|0 fnt\n|-unboost|p2a: Sneasler|def|1\n|-unboost|p2a: Sneasler|spd|1\n|faint|p1b: Rotom\n|-enditem|p2a: Sneasler|White Herb\n|-clearnegativeboost|p2a: Sneasler|[silent]\n|move|p2b: Garchomp|Rock Slide|p1a: Patrick\n|-activate|p1a: Patrick|move: Protect\n|\n|upkeep\n|\n|t:|1776611987\n|switch|p1b: Sneasler|Sneasler, L50, F|88/100\n|turn|4\n|\n|t:|1776612009\n|switch|p1b: Sinistcha|Sinistcha, L50|100/100\n|-heal|p1a: Patrick|66/100|[from] ability: Hospitality|[of] p1b: Sinistcha\n|detailschange|p1a: Patrick|Starmie-Mega, L50\n|-mega|p1a: Patrick|Starmie|Starminite\n|move|p2a: Sneasler|Protect|p2a: Sneasler\n|-singleturn|p2a: Sneasler|Protect\n|move|p2b: Garchomp|Protect|p2b: Garchomp\n|-singleturn|p2b: Garchomp|Protect\n|move|p1a: Patrick|Liquidation|p2a: Sneasler\n|-activate|p2a: Sneasler|move: Protect\n|\n|upkeep\n|turn|5\n|\n|t:|1776612034\n|move|p1b: Sinistcha|Rage Powder|p1b: Sinistcha\n|-singleturn|p1b: Sinistcha|move: Rage Powder\n|move|p2a: Sneasler|Dire Claw|p1b: Sinistcha\n|-damage|p1b: Sinistcha|54/100\n|move|p2b: Garchomp|Dragon Claw|p1b: Sinistcha\n|-damage|p1b: Sinistcha|10/100\n|move|p1a: Patrick|Zen Headbutt|p2a: Sneasler\n|-supereffective|p2a: Sneasler|2\n|-damage|p2a: Sneasler|0 fnt\n|faint|p2a: Sneasler\n|\n|upkeep\n|\n|t:|1776612043\n|switch|p2a: Sinistcha|Sinistcha, L50|100/100\n|-heal|p2b: Garchomp|100/100|[from] ability: Hospitality|[of] p2a: Sinistcha\n|turn|6\n|inactive|SekonxTwo has 30 seconds left.\n|\n|t:|1776612069\n|switch|p1b: Sneasler|Sneasler, L50, F|88/100\n|move|p1a: Patrick|Protect|p1a: Patrick\n|-singleturn|p1a: Patrick|Protect\n|move|p2b: Garchomp|Dragon Claw|p1a: Patrick\n|-activate|p1a: Patrick|move: Protect\n|move|p2a: Sinistcha|Matcha Gotcha|p1a: Patrick|[spread] p1b\n|-activate|p1a: Patrick|move: Protect\n|-resisted|p1b: Sneasler|1\n|-damage|p1b: Sneasler|71/100\n|\n|upkeep\n|turn|7\n|inactive|SekonxTwo has 30 seconds left.\n|inactive|SekonxTwo has 20 seconds left.\n|inactive|SekonxTwo has 15 seconds left.\n|inactive|SekonxTwo has 10 seconds left.\n|\n|t:|1776612114\n|move|p2b: Garchomp|Protect|p2b: Garchomp\n|-singleturn|p2b: Garchomp|Protect\n|move|p1b: Sneasler|U-turn|p2a: Sinistcha\n|-damage|p2a: Sinistcha|78/100\n|-status|p2a: Sinistcha|psn|[from] ability: Poison Touch|[of] p1b: Sneasler\n|l|\u2606SekonxTwo\n|inactive|SekonxTwo disconnected and has a minute to reconnect!\n|player|p1|\n|inactive|SekonxTwo has 30 seconds left.\n|l|\u2606robervr\n|inactive|robervr disconnected and has a minute to reconnect!\n|player|p2|\n|inactive|SekonxTwo has 20 seconds left.\n|inactive|SekonxTwo has 15 seconds left.\n|inactive|SekonxTwo has 10 seconds left.\n|inactive|SekonxTwo has 5 seconds left.\n|-message|SekonxTwo lost due to inactivity.\n|\n|win|robervr\n|raw|SekonxTwo's rating: 1123 &rarr; <strong>1101</strong><br />(-22 for losing)\n|raw|robervr's rating: 1159 &rarr; <strong>1181</strong><br />(+22 for winning)\n|j|\u2606SekonxTwo\n|player|p1|SekonxTwo|iris-gen5bw2|\n",
  "uploadtime": 1776612434,
  "views": 12,
  "formatid": "gen9championsvgc2026regma",
  "rating": 1101,
  "private": 0,
  "password": null
}