{
  "id": "gen9championsvgc2026regma-2585740067",
  "format": "[Gen 9 Champions] VGC 2026 Reg M-A",
  "players": [
    "roofslayer",
    "Veridis Quo Zurau"
  ],
  "log": "|j|\u2606roofslayer\n|j|\u2606Veridis Quo Zurau\n|t:|1776367301\n|gametype|doubles\n|player|p1|roofslayer|nate|1128\n|player|p2|Veridis Quo Zurau|bellelba|1195\n|gen|9\n|tier|[Gen 9 Champions] VGC 2026 Reg M-A\n|rated|\n|rule|Species Clause: Limit one of each Pok\u00e9mon\n|rule|Item Clause: Limit 1 of each item\n|clearpoke\n|poke|p1|Pelipper, L50, F|\n|poke|p1|Meganium, L50, F|\n|poke|p1|Archaludon, L50, F|\n|poke|p1|Farigiraf, L50, F|\n|poke|p1|Golurk, L50|\n|poke|p1|Hydreigon, L50, M|\n|poke|p2|Gardevoir, L50, F|\n|poke|p2|Typhlosion-Hisui, L50, F|\n|poke|p2|Espathra, L50, F|\n|poke|p2|Aegislash, L50, F|\n|poke|p2|Incineroar, L50, M|\n|poke|p2|Milotic, L50, F|\n|teampreview|4\n|inactive|Battle timer is ON: inactive players will automatically lose when time's up. (requested by Veridis Quo Zurau)\n|inactive|Veridis Quo Zurau has 60 seconds left.\n|\n|t:|1776367335\n|teamsize|p1|4\n|teamsize|p2|4\n|start\n|switch|p1a: Golurk|Golurk, L50|100/100\n|switch|p1b: Hydreigon|Hydreigon, L50, M|100/100\n|switch|p2a: Espathra|Espathra, L50, F|100/100\n|switch|p2b: Incineroar|Incineroar, L50, M|100/100\n|-ability|p2b: Incineroar|Intimidate|boost\n|-unboost|p1a: Golurk|atk|1\n|-unboost|p1b: Hydreigon|atk|1\n|turn|1\n|inactive|roofslayer has 30 seconds left.\n|\n|t:|1776367361\n|switch|p1a: Farigiraf|Farigiraf, L50, F|100/100\n|move|p2b: Incineroar|Fake Out||[still]\n|cant|p1a: Farigiraf|ability: Armor Tail|Fake Out|[of] p2b: Incineroar\n|move|p1b: Hydreigon|Rain Dance|p1b: Hydreigon\n|-weather|RainDance\n|move|p2a: Espathra|Calm Mind|p2a: Espathra\n|-boost|p2a: Espathra|spa|1\n|-boost|p2a: Espathra|spd|1\n|\n|-weather|RainDance|[upkeep]\n|-ability|p2a: Espathra|Speed Boost|boost\n|-boost|p2a: Espathra|spe|1\n|upkeep\n|turn|2\n|\n|t:|1776367375\n|switch|p1b: Archaludon|Archaludon, L50, F|100/100\n|move|p2a: Espathra|Protect|p2a: Espathra\n|-singleturn|p2a: Espathra|Protect\n|move|p2b: Incineroar|Darkest Lariat|p1a: Farigiraf\n|-supereffective|p1a: Farigiraf|1\n|-damage|p1a: Farigiraf|43/100\n|move|p1a: Farigiraf|Trick Room|p1a: Farigiraf\n|-fieldstart|move: Trick Room|[of] p1a: Farigiraf\n|\n|-weather|RainDance|[upkeep]\n|-ability|p2a: Espathra|Speed Boost|boost\n|-boost|p2a: Espathra|spe|1\n|upkeep\n|turn|3\n|\n|t:|1776367392\n|switch|p1a: Golurk|Golurk, L50|100/100\n|move|p2b: Incineroar|Darkest Lariat|p1a: Golurk\n|-supereffective|p1a: Golurk|1\n|-damage|p1a: Golurk|30/100\n|move|p1b: Archaludon|Draco Meteor|p2b: Incineroar\n|-crit|p2b: Incineroar\n|-damage|p2b: Incineroar|13/100\n|-unboost|p1b: Archaludon|spa|2\n|-enditem|p1b: Archaludon|White Herb\n|-clearnegativeboost|p1b: Archaludon|[silent]\n|move|p2a: Espathra|Baton Pass|p2a: Espathra\n|\n|t:|1776367408\n|switch|p2a: Gardevoir|Gardevoir, L50, F|100/100|[from] Baton Pass\n|-ability|p2a: Gardevoir|Iron Fist|Trace|[from] ability: Trace|[of] p1a: Golurk\n|\n|-weather|RainDance|[upkeep]\n|upkeep\n|turn|4\n|\n|t:|1776367419\n|detailschange|p1a: Golurk|Golurk-Mega, L50\n|-mega|p1a: Golurk|Golurk|Golurkite\n|detailschange|p2a: Gardevoir|Gardevoir-Mega, L50, F\n|-mega|p2a: Gardevoir|Gardevoir|Gardevoirite\n|move|p2a: Gardevoir|Protect|p2a: Gardevoir\n|-singleturn|p2a: Gardevoir|Protect\n|move|p1a: Golurk|Poltergeist|p2a: Gardevoir\n|-activate|p2a: Gardevoir|move: Protect\n|move|p2b: Incineroar|Darkest Lariat|p1a: Golurk\n|-supereffective|p1a: Golurk|1\n|-damage|p1a: Golurk|0 fnt\n|faint|p1a: Golurk\n|move|p1b: Archaludon|Electro Shot||[still]\n|-prepare|p1b: Archaludon|Electro Shot\n|-boost|p1b: Archaludon|spa|1\n|-anim|p1b: Archaludon|Electro Shot|p2b: Incineroar\n|-damage|p2b: Incineroar|0 fnt\n|faint|p2b: Incineroar\n|\n|-weather|RainDance|[upkeep]\n|upkeep\n|\n|t:|1776367441\n|switch|p1a: Farigiraf|Farigiraf, L50, F|43/100\n|switch|p2b: Milotic|Milotic, L50, F|100/100\n|turn|5\n|\n|t:|1776367457\n|move|p1a: Farigiraf|Ally Switch|p1a: Farigiraf\n|swap|p1a: Farigiraf|1|[from] move: Ally Switch\n|move|p2b: Milotic|Icy Wind|p1b: Farigiraf|[spread] p1a,p1b\n|-damage|p1a: Archaludon|90/100\n|-damage|p1b: Farigiraf|33/100\n|-unboost|p1a: Archaludon|spe|1\n|-unboost|p1b: Farigiraf|spe|1\n|-ability|p1a: Archaludon|Stamina|boost\n|-boost|p1a: Archaludon|def|1\n|move|p1a: Archaludon|Electro Shot||[still]\n|-prepare|p1a: Archaludon|Electro Shot\n|-boost|p1a: Archaludon|spa|1\n|-anim|p1a: Archaludon|Electro Shot|p2b: Milotic\n|-supereffective|p2b: Milotic|1\n|-damage|p2b: Milotic|0 fnt\n|faint|p2b: Milotic\n|move|p2a: Gardevoir|Hyper Voice|p1b: Farigiraf|[spread] p1a,p1b\n|-damage|p1a: Archaludon|0 fnt\n|-damage|p1b: Farigiraf|0 fnt\n|faint|p1a: Archaludon\n|faint|p1b: Farigiraf\n|\n|-weather|none\n|upkeep\n|\n|t:|1776367475\n|switch|p1b: Hydreigon|Hydreigon, L50, M|100/100\n|switch|p2b: Espathra|Espathra, L50, F|100/100\n|turn|6\n|-message|roofslayer forfeited.\n|\n|win|Veridis Quo Zurau\n|raw|roofslayer's rating: 1128 &rarr; <strong>1108</strong><br />(-20 for losing)\n|raw|Veridis Quo Zurau's rating: 1195 &rarr; <strong>1215</strong><br />(+20 for winning)\n|l|\u2606roofslayer\n|player|p1|\n",
  "uploadtime": 1776367657,
  "views": 18,
  "formatid": "gen9championsvgc2026regma",
  "rating": 1108,
  "private": 0,
  "password": null
}