{
  "id": "gen9championsvgc2026regma-2586033022",
  "format": "[Gen 9 Champions] VGC 2026 Reg M-A",
  "players": [
    "SkibiidGooner",
    "toxmyself"
  ],
  "log": "|j|\u2606SkibiidGooner\n|j|\u2606toxmyself\n|t:|1776392159\n|gametype|doubles\n|player|p1|SkibiidGooner|266|1123\n|player|p2|toxmyself|norman|1226\n|gen|9\n|tier|[Gen 9 Champions] VGC 2026 Reg M-A\n|rated|\n|rule|Species Clause: Limit one of each Pok\u00e9mon\n|rule|Item Clause: Limit 1 of each item\n|clearpoke\n|poke|p1|Charizard, L50, M|\n|poke|p1|Venusaur, L50, F|\n|poke|p1|Farigiraf, L50, M|\n|poke|p1|Incineroar, L50, F|\n|poke|p1|Sneasler, L50, M|\n|poke|p1|Archaludon, L50, M|\n|poke|p2|Charizard, L50, M|\n|poke|p2|Milotic, L50, F|\n|poke|p2|Aegislash, L50, M|\n|poke|p2|Sneasler, L50, F|\n|poke|p2|Aerodactyl, L50, F|\n|poke|p2|Sylveon, L50, M|\n|teampreview|4\n|inactive|Battle timer is ON: inactive players will automatically lose when time's up. (requested by toxmyself)\n|inactive|SkibiidGooner has 60 seconds left.\n|inactive|toxmyself has 60 seconds left.\n|\n|t:|1776392198\n|teamsize|p1|4\n|teamsize|p2|4\n|start\n|switch|p1a: Sneasler|Sneasler, L50, M|100/100\n|switch|p1b: Archaludon|Archaludon, L50, M|100/100\n|switch|p2a: Aerodactyl|Aerodactyl, L50, F|100/100\n|switch|p2b: Charizard|Charizard, L50, M|100/100\n|-ability|p2a: Aerodactyl|Unnerve\n|turn|1\n|\n|t:|1776392207\n|move|p2a: Aerodactyl|Protect|p2a: Aerodactyl\n|-singleturn|p2a: Aerodactyl|Protect\n|move|p1a: Sneasler|Fake Out|p2a: Aerodactyl\n|-activate|p2a: Aerodactyl|move: Protect\n|move|p2b: Charizard|Dragon Dance|p2b: Charizard\n|-boost|p2b: Charizard|atk|1\n|-boost|p2b: Charizard|spe|1\n|move|p1b: Archaludon|Thunderbolt|p2a: Aerodactyl\n|-activate|p2a: Aerodactyl|move: Protect\n|\n|upkeep\n|turn|2\n|inactive|toxmyself has 30 seconds left.\n|inactive|toxmyself has 20 seconds left.\n|inactive|toxmyself has 15 seconds left.\n|inactive|toxmyself has 10 seconds left.\n|\n|t:|1776392255\n|switch|p1b: Incineroar|Incineroar, L50, F|100/100\n|-ability|p1b: Incineroar|Intimidate|boost\n|-unboost|p2a: Aerodactyl|atk|1\n|-unboost|p2b: Charizard|atk|1\n|move|p2b: Charizard|Dragon Dance|p2b: Charizard\n|-boost|p2b: Charizard|atk|1\n|-boost|p2b: Charizard|spe|1\n|move|p2a: Aerodactyl|Dual Wingbeat|p1a: Sneasler\n|-supereffective|p1a: Sneasler|1\n|-damage|p1a: Sneasler|61/100\n|-supereffective|p1a: Sneasler|1\n|-damage|p1a: Sneasler|23/100\n|-hitcount|p1a: Sneasler|2\n|move|p1a: Sneasler|Dire Claw|p2b: Charizard\n|-damage|p2b: Charizard|49/100\n|\n|upkeep\n|turn|3\n|inactive|SkibiidGooner has 30 seconds left.\n|inactive|SkibiidGooner has 20 seconds left.\n|inactive|SkibiidGooner has 15 seconds left.\n|inactive|SkibiidGooner has 10 seconds left.\n|\n|t:|1776392302\n|move|p2b: Charizard|Protect|p2b: Charizard\n|-singleturn|p2b: Charizard|Protect\n|move|p2a: Aerodactyl|Protect|p2a: Aerodactyl\n|-singleturn|p2a: Aerodactyl|Protect\n|move|p1a: Sneasler|Protect|p1a: Sneasler\n|-singleturn|p1a: Sneasler|Protect\n|move|p1b: Incineroar|Parting Shot|p2b: Charizard\n|-activate|p2b: Charizard|move: Protect\n|\n|upkeep\n|turn|4\n|\n|t:|1776392322\n|switch|p1a: Archaludon|Archaludon, L50, M|100/100\n|move|p2b: Charizard|Dragon Claw|p1a: Archaludon\n|-damage|p1a: Archaludon|80/100\n|-ability|p1a: Archaludon|Stamina|boost\n|-boost|p1a: Archaludon|def|1\n|move|p2a: Aerodactyl|Tailwind|p2a: Aerodactyl\n|-sidestart|p2: toxmyself|move: Tailwind\n|move|p1b: Incineroar|Parting Shot|p2b: Charizard\n|-unboost|p2b: Charizard|atk|1\n|-unboost|p2b: Charizard|spa|1\n|\n|t:|1776392334\n|switch|p1b: Sneasler|Sneasler, L50, M|23/100|[from] Parting Shot\n|\n|upkeep\n|turn|5\n|\n|t:|1776392341\n|switch|p2b: Milotic|Milotic, L50, F|100/100\n|move|p1b: Sneasler|Fake Out|p2b: Milotic\n|-damage|p2b: Milotic|88/100\n|move|p2a: Aerodactyl|Dual Wingbeat|p1b: Sneasler\n|-supereffective|p1b: Sneasler|1\n|-damage|p1b: Sneasler|0 fnt\n|faint|p1b: Sneasler\n|-hitcount|p1: Sneasler|1\n|move|p1a: Archaludon|Thunderbolt|p2a: Aerodactyl\n|-supereffective|p2a: Aerodactyl|1\n|-damage|p2a: Aerodactyl|20/100\n|\n|-heal|p2b: Milotic|94/100|[from] item: Leftovers\n|upkeep\n|\n|t:|1776392357\n|switch|p1b: Incineroar|Incineroar, L50, F|100/100\n|-ability|p1b: Incineroar|Intimidate|boost\n|-unboost|p2a: Aerodactyl|atk|1\n|-unboost|p2b: Milotic|atk|1\n|-ability|p2b: Milotic|Competitive|boost\n|-boost|p2b: Milotic|spa|2\n|turn|6\n|\n|t:|1776392369\n|switch|p2a: Sneasler|Sneasler, L50, F|100/100\n|move|p2b: Milotic|Protect|p2b: Milotic\n|-singleturn|p2b: Milotic|Protect\n|move|p1b: Incineroar|Fake Out|p2a: Sneasler\n|-damage|p2a: Sneasler|82/100\n|move|p1a: Archaludon|Thunderbolt|p2b: Milotic\n|-activate|p2b: Milotic|move: Protect\n|\n|-heal|p2b: Milotic|100/100|[from] item: Leftovers\n|upkeep\n|turn|7\n|\n|t:|1776392387\n|switch|p1b: Charizard|Charizard, L50, M|100/100\n|move|p2a: Sneasler|Close Combat|p1a: Archaludon\n|-supereffective|p1a: Archaludon|1\n|-damage|p1a: Archaludon|17/100\n|-unboost|p2a: Sneasler|def|1\n|-unboost|p2a: Sneasler|spd|1\n|-ability|p1a: Archaludon|Stamina|boost\n|-boost|p1a: Archaludon|def|1\n|-enditem|p1a: Archaludon|Sitrus Berry|[eat]\n|-heal|p1a: Archaludon|42/100|[from] item: Sitrus Berry\n|-enditem|p2a: Sneasler|White Herb\n|-clearnegativeboost|p2a: Sneasler|[silent]\n|move|p2b: Milotic|Scald|p1b: Charizard\n|-supereffective|p1b: Charizard|1\n|-damage|p1b: Charizard|0 fnt\n|faint|p1b: Charizard\n|move|p1a: Archaludon|Thunderbolt|p2b: Milotic\n|-supereffective|p2b: Milotic|1\n|-damage|p2b: Milotic|59/100\n|-status|p2b: Milotic|par\n|\n|-heal|p2b: Milotic|65/100 par|[from] item: Leftovers\n|-sideend|p2: toxmyself|move: Tailwind\n|upkeep\n|\n|t:|1776392402\n|switch|p1b: Incineroar|Incineroar, L50, F|100/100\n|-ability|p1b: Incineroar|Intimidate|boost\n|-unboost|p2a: Sneasler|atk|1\n|-unboost|p2b: Milotic|atk|1\n|-ability|p2b: Milotic|Competitive|boost\n|-boost|p2b: Milotic|spa|2\n|turn|8\n|\n|t:|1776392416\n|move|p2a: Sneasler|Protect|p2a: Sneasler\n|-singleturn|p2a: Sneasler|Protect\n|move|p2b: Milotic|Protect|p2b: Milotic\n|-singleturn|p2b: Milotic|Protect\n|move|p1b: Incineroar|Fake Out|p2b: Milotic\n|-activate|p2b: Milotic|move: Protect\n|move|p1a: Archaludon|Thunderbolt|p2a: Sneasler\n|-activate|p2a: Sneasler|move: Protect\n|\n|-heal|p2b: Milotic|71/100 par|[from] item: Leftovers\n|upkeep\n|turn|9\n|\n|t:|1776392436\n|switch|p2a: Aerodactyl|Aerodactyl, L50, F|20/100\n|-ability|p2a: Aerodactyl|Unnerve\n|move|p1a: Archaludon|Protect|p1a: Archaludon\n|-singleturn|p1a: Archaludon|Protect\n|move|p1b: Incineroar|Parting Shot|p2a: Aerodactyl\n|-unboost|p2a: Aerodactyl|atk|1\n|-unboost|p2a: Aerodactyl|spa|1\n|move|p2b: Milotic|Scald|p1b: Incineroar\n|-supereffective|p1b: Incineroar|1\n|-damage|p1b: Incineroar|0 fnt\n|faint|p1b: Incineroar\n|\n|-heal|p2b: Milotic|78/100 par|[from] item: Leftovers\n|upkeep\n|turn|10\n|\n|t:|1776392454\n|move|p2a: Aerodactyl|Tailwind|p2a: Aerodactyl\n|-sidestart|p2: toxmyself|move: Tailwind\n|move|p1a: Archaludon|Thunderbolt|p2b: Milotic\n|-supereffective|p2b: Milotic|1\n|-damage|p2b: Milotic|37/100 par\n|move|p2b: Milotic|Recover|p2b: Milotic\n|-heal|p2b: Milotic|87/100 par\n|\n|-heal|p2b: Milotic|93/100 par|[from] item: Leftovers\n|upkeep\n|turn|11\n|\n|t:|1776392465\n|switch|p2a: Charizard|Charizard, L50, M|49/100\n|move|p1a: Archaludon|Thunderbolt|p2b: Milotic\n|-supereffective|p2b: Milotic|1\n|-damage|p2b: Milotic|53/100 par\n|move|p2b: Milotic|Scald|p1a: Archaludon\n|-resisted|p1a: Archaludon|1\n|-damage|p1a: Archaludon|0 fnt\n|faint|p1a: Archaludon\n|\n|win|toxmyself\n|raw|SkibiidGooner's rating: 1123 &rarr; <strong>1105</strong><br />(-18 for losing)\n|raw|toxmyself's rating: 1226 &rarr; <strong>1244</strong><br />(+18 for winning)\n",
  "uploadtime": 1776392465,
  "views": 16,
  "formatid": "gen9championsvgc2026regma",
  "rating": 1105,
  "private": 0,
  "password": null
}