{
  "id": "gen9championsvgc2026regma-2586013140",
  "format": "[Gen 9 Champions] VGC 2026 Reg M-A",
  "players": [
    "slypig",
    "bryantbullets"
  ],
  "log": "|j|\u2606slypig\n|j|\u2606bryantbullets\n|t:|1776390239\n|gametype|doubles\n|player|p1|slypig|guitarist-gen4|1146\n|player|p2|bryantbullets|265|1244\n|gen|9\n|tier|[Gen 9 Champions] VGC 2026 Reg M-A\n|rated|\n|rule|Species Clause: Limit one of each Pok\u00e9mon\n|rule|Item Clause: Limit 1 of each item\n|clearpoke\n|poke|p1|Charizard, L50, M|\n|poke|p1|Kingambit, L50, M|\n|poke|p1|Rotom-Wash, L50|\n|poke|p1|Sinistcha, L50|\n|poke|p1|Sneasler, L50, F|\n|poke|p1|Ninetales-Alola, L50, F|\n|poke|p2|Froslass, L50, F|\n|poke|p2|Palafin, L50, F|\n|poke|p2|Kingambit, L50, F|\n|poke|p2|Arcanine-Hisui, L50, M|\n|poke|p2|Sinistcha, L50|\n|poke|p2|Sneasler, L50, M|\n|teampreview|4\n|inactive|Battle timer is ON: inactive players will automatically lose when time's up. (requested by bryantbullets)\nslypig has agreed to open team sheets.\n|inactive|slypig has 60 seconds left.\n|inactive|bryantbullets has 60 seconds left.\n|\n|t:|1776390276\n|teamsize|p1|4\n|teamsize|p2|4\n|start\n|switch|p1a: Rotom|Rotom-Wash, L50|100/100\n|switch|p1b: Sinistcha|Sinistcha, L50|100/100\n|switch|p2a: Froslass|Froslass, L50, F|100/100\n|switch|p2b: Palafin|Palafin, L50, F|100/100\n|turn|1\n|inactive|slypig has 30 seconds left.\n|inactive|slypig has 20 seconds left.\n|inactive|slypig has 15 seconds left.\n|\n|t:|1776390318\n|detailschange|p2b: Palafin|Palafin-Hero, L50, F\n|switch|p2b: Arcanine|Arcanine-Hisui, L50, M|100/100\n|-ability|p2b: Arcanine|Intimidate|boost\n|-unboost|p1a: Rotom|atk|1\n|-unboost|p1b: Sinistcha|atk|1\n|switch|p1b: Kingambit|Kingambit, L50, M|100/100\n|detailschange|p2a: Froslass|Froslass-Mega, L50, F\n|-mega|p2a: Froslass|Froslass|Froslassite\n|-weather|Snowscape|[from] ability: Snow Warning|[of] p2a: Froslass\n|move|p2a: Froslass|Aurora Veil|p2a: Froslass\n|-sidestart|p2: bryantbullets|move: Aurora Veil\n|move|p1a: Rotom|Volt Switch|p2b: Arcanine\n|-damage|p2b: Arcanine|77/100\n|inactive|slypig has 30 seconds left.\n|inactive|slypig has 20 seconds left.\n|\n|t:|1776390356\n|switch|p1a: Charizard|Charizard, L50, M|100/100|[from] Volt Switch\n|\n|-weather|Snowscape|[upkeep]\n|upkeep\n|turn|2\n|inactive|slypig has 30 seconds left.\n|inactive|bryantbullets has 30 seconds left.\n|inactive|slypig has 20 seconds left.\n|inactive|bryantbullets has 20 seconds left.\n|inactive|bryantbullets has 15 seconds left.\n|\n|t:|1776390399\n|switch|p2a: Palafin|Palafin-Hero, L50, F|100/100\n|-activate|p2a: Palafin|ability: Zero to Hero\n|detailschange|p1a: Charizard|Charizard-Mega-X, L50, M\n|-mega|p1a: Charizard|Charizard|Charizardite X\n|move|p1a: Charizard|Protect|p1a: Charizard\n|-singleturn|p1a: Charizard|Protect\n|move|p2b: Arcanine|Rock Slide|p1b: Kingambit|[spread] p1b\n|-activate|p1a: Charizard|move: Protect\n|-resisted|p1b: Kingambit|1\n|-damage|p1b: Kingambit|90/100\n|move|p1b: Kingambit|Kowtow Cleave|p2b: Arcanine\n|-damage|p2b: Arcanine|32/100\n|\n|-weather|Snowscape|[upkeep]\n|upkeep\n|turn|3\n|inactive|bryantbullets has 30 seconds left.\n|inactive|slypig has 30 seconds left.\n|\n|t:|1776390435\n|switch|p1a: Sinistcha|Sinistcha, L50|100/100\n|-heal|p1b: Kingambit|100/100|[from] ability: Hospitality|[of] p1a: Sinistcha\n|switch|p1b: Rotom|Rotom-Wash, L50|100/100\n|move|p2a: Palafin|Wave Crash|p1a: Sinistcha\n|-resisted|p1a: Sinistcha|1\n|-damage|p1a: Sinistcha|70/100\n|-damage|p2a: Palafin|90/100|[from] Recoil\n|move|p2b: Arcanine|Flare Blitz|p1b: Rotom\n|-resisted|p1b: Rotom|1\n|-damage|p1b: Rotom|67/100\n|-damage|p2b: Arcanine|23/100|[from] Recoil\n|\n|-weather|Snowscape|[upkeep]\n|upkeep\n|turn|4\n|inactive|slypig has 30 seconds left.\n|inactive|bryantbullets has 30 seconds left.\n|inactive|slypig has 20 seconds left.\n|inactive|slypig has 15 seconds left.\n|inactive|slypig has 10 seconds left.\n|\n|t:|1776390480\n|switch|p1a: Charizard|Charizard-Mega-X, L50, M|100/100\n|move|p2a: Palafin|Close Combat|p1b: Rotom\n|-damage|p1b: Rotom|17/100\n|-unboost|p2a: Palafin|def|1\n|-unboost|p2a: Palafin|spd|1\n|-enditem|p1b: Rotom|Sitrus Berry|[eat]\n|-heal|p1b: Rotom|42/100|[from] item: Sitrus Berry\n|move|p2b: Arcanine|Rock Slide|p1b: Rotom|[spread] p1a\n|-miss|p2b: Arcanine|p1b: Rotom\n|-supereffective|p1a: Charizard|1\n|-damage|p1a: Charizard|55/100\n|move|p1b: Rotom|Hydro Pump|p2b: Arcanine|[miss]\n|-miss|p1b: Rotom|p2b: Arcanine\n|\n|-weather|Snowscape|[upkeep]\n|upkeep\n|turn|5\n|inactive|bryantbullets has 30 seconds left.\n|\n|t:|1776390514\n|switch|p1b: Sinistcha|Sinistcha, L50|70/100\n|-heal|p1a: Charizard|80/100|[from] ability: Hospitality|[of] p1b: Sinistcha\n|move|p1a: Charizard|Protect|p1a: Charizard\n|-singleturn|p1a: Charizard|Protect\n|move|p2b: Arcanine|Extreme Speed|p1a: Charizard\n|-activate|p1a: Charizard|move: Protect\n|move|p2a: Palafin|Jet Punch|p1a: Charizard\n|-activate|p1a: Charizard|move: Protect\n|\n|-weather|none\n|-sideend|p2: bryantbullets|move: Aurora Veil\n|upkeep\n|turn|6\n|inactive|slypig has 30 seconds left.\n|inactive|slypig has 20 seconds left.\n|inactive|slypig has 15 seconds left.\n|inactive|slypig has 10 seconds left.\n|inactive|slypig has 5 seconds left.\n|\n|t:|1776390568\n|switch|p2a: Sneasler|Sneasler, L50, M|100/100\n|switch|p1b: Kingambit|Kingambit, L50, M|100/100\n|move|p2b: Arcanine|Protect|p2b: Arcanine\n|-singleturn|p2b: Arcanine|Protect\n|move|p1a: Charizard|Dragon Claw|p2b: Arcanine\n|-activate|p2b: Arcanine|move: Protect\n|\n|upkeep\n|turn|7\n|inactive|slypig has 30 seconds left.\n|inactive|bryantbullets has 30 seconds left.\n|\n|t:|1776390598\n|move|p1b: Kingambit|Protect|p1b: Kingambit\n|-singleturn|p1b: Kingambit|Protect\n|move|p2a: Sneasler|Fake Out|p1a: Charizard\n|-damage|p1a: Charizard|67/100\n|move|p2b: Arcanine|Flare Blitz|p1b: Kingambit\n|-activate|p1b: Kingambit|move: Protect\n|cant|p1a: Charizard|flinch\n|\n|upkeep\n|turn|8\n|inactive|bryantbullets has 30 seconds left.\n|\n|t:|1776390628\n|move|p1b: Kingambit|Sucker Punch|p2b: Arcanine\n|-damage|p2b: Arcanine|0 fnt\n|faint|p2b: Arcanine\n|move|p2a: Sneasler|Close Combat|p1b: Kingambit\n|-supereffective|p1b: Kingambit|2\n|-enditem|p1b: Kingambit|Chople Berry|[eat]\n|-enditem|p1b: Kingambit|Chople Berry|[weaken]\n|-damage|p1b: Kingambit|10/100\n|-unboost|p2a: Sneasler|def|1\n|-unboost|p2a: Sneasler|spd|1\n|-enditem|p2a: Sneasler|White Herb\n|-clearnegativeboost|p2a: Sneasler|[silent]\n|move|p1a: Charizard|Dragon Dance|p1a: Charizard\n|-boost|p1a: Charizard|atk|1\n|-boost|p1a: Charizard|spe|1\n|\n|upkeep\n|\n|t:|1776390648\n|switch|p2b: Palafin|Palafin-Hero, L50, F|90/100\n|turn|9\n|\n|t:|1776390669\n|switch|p1b: Sinistcha|Sinistcha, L50|70/100\n|-heal|p1a: Charizard|92/100|[from] ability: Hospitality|[of] p1b: Sinistcha\n|move|p2b: Palafin|Jet Punch|p1b: Sinistcha\n|-resisted|p1b: Sinistcha|1\n|-damage|p1b: Sinistcha|54/100\n|move|p2a: Sneasler|Dire Claw|p1a: Charizard\n|-damage|p1a: Charizard|59/100\n|move|p1a: Charizard|Dragon Claw|p2b: Palafin\n|-damage|p2b: Palafin|13/100\n|\n|upkeep\n|turn|10\n|inactive|slypig has 30 seconds left.\n|\n|t:|1776390695\n|move|p2b: Palafin|Protect|p2b: Palafin\n|-singleturn|p2b: Palafin|Protect\n|move|p1b: Sinistcha|Rage Powder|p1b: Sinistcha\n|-singleturn|p1b: Sinistcha|move: Rage Powder\n|move|p2a: Sneasler|Dire Claw|p1b: Sinistcha\n|-damage|p1b: Sinistcha|20/100\n|move|p1a: Charizard|Dragon Claw|p2b: Palafin\n|-activate|p2b: Palafin|move: Protect\n|\n|upkeep\n|turn|11\n|inactive|slypig has 30 seconds left.\n|inactive|bryantbullets has 30 seconds left.\n|\n|t:|1776390723\n|switch|p1b: Kingambit|Kingambit, L50, M|10/100\n|move|p2b: Palafin|Jet Punch|p1a: Charizard\n|-damage|p1a: Charizard|22/100\n|move|p2a: Sneasler|Dire Claw|p1a: Charizard\n|-damage|p1a: Charizard|0 fnt\n|faint|p1a: Charizard\n|\n|upkeep\n|\n|t:|1776390747\n|switch|p1a: Rotom|Rotom-Wash, L50|42/100\n|turn|12\n|inactive|slypig has 30 seconds left.\n|\n|t:|1776390756\n|move|p2b: Palafin|Jet Punch|p1b: Kingambit\n|-damage|p1b: Kingambit|0 fnt\n|faint|p1b: Kingambit\n|move|p2a: Sneasler|Dire Claw|p1a: Rotom\n|-damage|p1a: Rotom|0 fnt\n|faint|p1a: Rotom\n|\n|upkeep\n|inactive|slypig has 30 seconds left this turn.\n|c|\u2606slypig|\\forfeit\n|inactive|slypig has 20 seconds left.\n|-message|slypig forfeited.\n|\n|win|bryantbullets\n|raw|slypig's rating: 1146 &rarr; <strong>1128</strong><br />(-18 for losing)\n|raw|bryantbullets's rating: 1244 &rarr; <strong>1262</strong><br />(+18 for winning)\n|l|\u2606bryantbullets\n|player|p2|\n",
  "uploadtime": 1776390779,
  "views": 16,
  "formatid": "gen9championsvgc2026regma",
  "rating": 1128,
  "private": 0,
  "password": null
}