{
  "id": "gen9championsvgc2026regma-2583617924",
  "format": "[Gen 9 Champions] VGC 2026 Reg M-A",
  "players": [
    "tsvcx",
    "AnotherAegislash"
  ],
  "log": "|j|\u2606tsvcx\n|j|\u2606AnotherAegislash\n|t:|1776186847\n|gametype|doubles\n|player|p1|tsvcx|102|1087\n|player|p2|AnotherAegislash|clerk-boss|1000\n|gen|9\n|tier|[Gen 9 Champions] VGC 2026 Reg M-A\n|rated|\n|rule|Species Clause: Limit one of each Pok\u00e9mon\n|rule|Item Clause: Limit 1 of each item\n|clearpoke\n|poke|p1|Delphox, L50, M|\n|poke|p1|Aerodactyl, L50, M|\n|poke|p1|Garchomp, L50, M|\n|poke|p1|Sneasler, L50, F|\n|poke|p1|Rotom-Wash, L50|\n|poke|p1|Whimsicott, L50, M|\n|poke|p2|Tyranitar, L50, M|\n|poke|p2|Garchomp, L50, M|\n|poke|p2|Aerodactyl, L50, F|\n|poke|p2|Glimmora, L50, M|\n|poke|p2|Aegislash, L50, F|\n|poke|p2|Incineroar, L50, M|\n|teampreview|4\n|inactive|Battle timer is ON: inactive players will automatically lose when time's up. (requested by tsvcx)\n|\n|t:|1776186878\n|teamsize|p1|4\n|teamsize|p2|4\n|start\n|switch|p1a: Sneasler|Sneasler, L50, F|100/100\n|switch|p1b: Rotom|Rotom-Wash, L50|100/100\n|switch|p2a: Aegislash|Aegislash, L50, F|100/100\n|switch|p2b: Tyranitar|Tyranitar, L50, M|100/100\n|-weather|Sandstorm|[from] ability: Sand Stream|[of] p2b: Tyranitar\n|turn|1\n|\n|t:|1776186891\n|move|p2b: Tyranitar|Protect|p2b: Tyranitar\n|-singleturn|p2b: Tyranitar|Protect\n|move|p1a: Sneasler|Fake Out|p2b: Tyranitar\n|-activate|p2b: Tyranitar|move: Protect\n|move|p1b: Rotom|Will-O-Wisp|p2a: Aegislash|[miss]\n|-miss|p1b: Rotom|p2a: Aegislash\n|move|p2a: Aegislash|Reflect|p2a: Aegislash\n|-sidestart|p2: AnotherAegislash|Reflect\n|\n|-weather|Sandstorm|[upkeep]\n|-damage|p1a: Sneasler|95/100|[from] Sandstorm\n|-damage|p1b: Rotom|95/100|[from] Sandstorm\n|upkeep\n|turn|2\n|inactive|AnotherAegislash has 30 seconds left.\n|\n|t:|1776186923\n|move|p1a: Sneasler|Close Combat|p2b: Tyranitar\n|-supereffective|p2b: Tyranitar|2\n|-damage|p2b: Tyranitar|0 fnt\n|-unboost|p1a: Sneasler|def|1\n|-unboost|p1a: Sneasler|spd|1\n|faint|p2b: Tyranitar\n|-enditem|p1a: Sneasler|White Herb\n|-clearnegativeboost|p1a: Sneasler|[silent]\n|move|p1b: Rotom|Will-O-Wisp|p2a: Aegislash\n|-status|p2a: Aegislash|brn\n|-formechange|p2a: Aegislash|Aegislash-Blade|\n|move|p2a: Aegislash|Shadow Ball|p1a: Sneasler\n|-damage|p1a: Sneasler|45/100\n|\n|-weather|Sandstorm|[upkeep]\n|-damage|p1a: Sneasler|39/100|[from] Sandstorm\n|-damage|p1b: Rotom|89/100|[from] Sandstorm\n|-damage|p2a: Aegislash|95/100 brn|[from] brn\n|upkeep\n|\n|t:|1776186944\n|switch|p2b: Glimmora|Glimmora, L50, M|100/100\n|turn|3\n|\n|t:|1776186966\n|move|p2b: Glimmora|Spiky Shield|p2b: Glimmora\n|-singleturn|p2b: Glimmora|move: Protect\n|move|p1a: Sneasler|Close Combat|p2b: Glimmora\n|-activate|p2b: Glimmora|move: Protect\n|-damage|p1a: Sneasler|27/100|[from] Spiky Shield|[of] p2b: Glimmora\n|move|p1b: Rotom|Electroweb|p2a: Aegislash|[spread] \n|-activate|p2b: Glimmora|move: Protect\n|-miss|p1b: Rotom|p2a: Aegislash\n|move|p2a: Aegislash|Shadow Ball|p1a: Sneasler\n|-crit|p1a: Sneasler\n|-damage|p1a: Sneasler|0 fnt\n|faint|p1a: Sneasler\n|\n|-weather|Sandstorm|[upkeep]\n|-damage|p1b: Rotom|83/100|[from] Sandstorm\n|-heal|p2a: Aegislash|100/100 brn|[from] item: Leftovers\n|-damage|p2a: Aegislash|95/100 brn|[from] brn\n|upkeep\n|\n|t:|1776186983\n|switch|p1a: Garchomp|Garchomp, L50, M|100/100\n|turn|4\n|\n|t:|1776186992\n|switch|p2b: Aerodactyl|Aerodactyl, L50, F|100/100\n|-ability|p2b: Aerodactyl|Unnerve\n|-formechange|p2a: Aegislash|Aegislash|\n|move|p2a: Aegislash|King's Shield|p2a: Aegislash\n|-singleturn|p2a: Aegislash|Protect\n|move|p1a: Garchomp|Earthquake|p2b: Aerodactyl|[spread] \n|-activate|p2a: Aegislash|move: Protect\n|-immune|p1b: Rotom|[from] ability: Levitate\n|-immune|p2b: Aerodactyl\n|move|p1b: Rotom|Electroweb|p2b: Aerodactyl|[spread] p2b\n|-activate|p2a: Aegislash|move: Protect\n|-supereffective|p2b: Aerodactyl|1\n|-damage|p2b: Aerodactyl|75/100\n|-unboost|p2b: Aerodactyl|spe|1\n|\n|-weather|Sandstorm|[upkeep]\n|-damage|p1b: Rotom|78/100|[from] Sandstorm\n|-heal|p2a: Aegislash|100/100 brn|[from] item: Leftovers\n|-damage|p2a: Aegislash|95/100 brn|[from] brn\n|upkeep\n|turn|5\n|inactive|AnotherAegislash has 30 seconds left.\n|\n|t:|1776187023\n|move|p1a: Garchomp|Earthquake|p2a: Aegislash|[spread] p2a\n|-immune|p1b: Rotom|[from] ability: Levitate\n|-immune|p2b: Aerodactyl\n|-supereffective|p2a: Aegislash|1\n|-damage|p2a: Aegislash|56/100 brn\n|move|p2b: Aerodactyl|Tailwind|p2b: Aerodactyl\n|-sidestart|p2: AnotherAegislash|move: Tailwind\n|-formechange|p2a: Aegislash|Aegislash-Blade|\n|move|p2a: Aegislash|Shadow Ball|p1a: Garchomp\n|-damage|p1a: Garchomp|56/100\n|-unboost|p1a: Garchomp|spd|1\n|move|p1b: Rotom|Volt Switch|p2b: Aerodactyl\n|-supereffective|p2b: Aerodactyl|1\n|-damage|p2b: Aerodactyl|26/100\n|\n|t:|1776187037\n|switch|p1b: Delphox|Delphox, L50, M|100/100|[from] Volt Switch\n|\n|-weather|none\n|-heal|p2a: Aegislash|62/100 brn|[from] item: Leftovers\n|-damage|p2a: Aegislash|56/100 brn|[from] brn\n|-sideend|p2: AnotherAegislash|Reflect\n|upkeep\n|turn|6\n|\n|t:|1776187048\n|switch|p1a: Rotom|Rotom-Wash, L50|78/100\n|move|p1b: Delphox|Protect|p1b: Delphox\n|-singleturn|p1b: Delphox|Protect\n|-formechange|p2a: Aegislash|Aegislash|\n|move|p2a: Aegislash|King's Shield|p2a: Aegislash\n|-singleturn|p2a: Aegislash|Protect\n|move|p2b: Aerodactyl|Rock Slide|p1a: Rotom|[spread] p1a\n|-activate|p1b: Delphox|move: Protect\n|-damage|p1a: Rotom|57/100\n|\n|-heal|p2a: Aegislash|62/100 brn|[from] item: Leftovers\n|-damage|p2a: Aegislash|56/100 brn|[from] brn\n|upkeep\n|turn|7\n|\n|t:|1776187070\n|switch|p1b: Garchomp|Garchomp, L50, M|56/100\n|move|p2b: Aerodactyl|Wide Guard|p2b: Aerodactyl\n|-singleturn|p2b: Aerodactyl|Wide Guard\n|move|p2a: Aegislash|Reflect|p2a: Aegislash\n|-sidestart|p2: AnotherAegislash|Reflect\n|move|p1a: Rotom|Volt Switch|p2b: Aerodactyl\n|-supereffective|p2b: Aerodactyl|1\n|-damage|p2b: Aerodactyl|0 fnt\n|faint|p2b: Aerodactyl\n|\n|t:|1776187089\n|switch|p1a: Delphox|Delphox, L50, M|100/100|[from] Volt Switch\n|\n|-heal|p2a: Aegislash|62/100 brn|[from] item: Leftovers\n|-damage|p2a: Aegislash|56/100 brn|[from] brn\n|upkeep\n|\n|t:|1776187095\n|switch|p2b: Glimmora|Glimmora, L50, M|100/100\n|turn|8\n|inactive|AnotherAegislash has 30 seconds left.\n|\n|t:|1776187120\n|detailschange|p2b: Glimmora|Glimmora-Mega, L50, M\n|-mega|p2b: Glimmora|Glimmora|Glimmoranite\n|move|p1a: Delphox|Protect|p1a: Delphox\n|-singleturn|p1a: Delphox|Protect\n|move|p2b: Glimmora|Power Gem|p1a: Delphox\n|-activate|p1a: Delphox|move: Protect\n|move|p1b: Garchomp|Earthquake|p2b: Glimmora|[spread] p2a,p2b\n|-activate|p1a: Delphox|move: Protect\n|-supereffective|p2a: Aegislash|1\n|-supereffective|p2b: Glimmora|2\n|-damage|p2a: Aegislash|15/100 brn\n|-damage|p2b: Glimmora|2/100\n|-formechange|p2a: Aegislash|Aegislash-Blade|\n|move|p2a: Aegislash|Shadow Ball|p1a: Delphox\n|-activate|p1a: Delphox|move: Protect\n|\n|-heal|p2a: Aegislash|21/100 brn|[from] item: Leftovers\n|-damage|p2a: Aegislash|15/100 brn|[from] brn\n|-sideend|p2: AnotherAegislash|move: Tailwind\n|upkeep\n|turn|9\n|\n|t:|1776187140\n|detailschange|p1a: Delphox|Delphox-Mega, L50, M\n|-mega|p1a: Delphox|Delphox|Delphoxite\n|-formechange|p2a: Aegislash|Aegislash|\n|move|p2a: Aegislash|King's Shield|p2a: Aegislash\n|-singleturn|p2a: Aegislash|Protect\n|move|p1b: Garchomp|Earthquake|p2a: Aegislash|[spread] p2b\n|-activate|p2a: Aegislash|move: Protect\n|-immune|p1a: Delphox|[from] ability: Levitate\n|-supereffective|p2b: Glimmora|2\n|-damage|p2b: Glimmora|0 fnt\n|faint|p2b: Glimmora\n|move|p1a: Delphox|Heat Wave|p2a: Aegislash\n|-activate|p2a: Aegislash|move: Protect\n|\n|-heal|p2a: Aegislash|21/100 brn|[from] item: Leftovers\n|-damage|p2a: Aegislash|15/100 brn|[from] brn\n|upkeep\n|turn|10\n|\n|t:|1776187155\n|move|p1b: Garchomp|Earthquake|p2a: Aegislash|[spread] p2a\n|-immune|p1a: Delphox|[from] ability: Levitate\n|-supereffective|p2a: Aegislash|1\n|-damage|p2a: Aegislash|0 fnt\n|faint|p2a: Aegislash\n|\n|win|tsvcx\n|raw|tsvcx's rating: 1087 &rarr; <strong>1107</strong><br />(+20 for winning)\n|raw|AnotherAegislash's rating: 1000 &rarr; <strong>1000</strong><br />(+0 for losing)\n|l|\u2606AnotherAegislash\n|player|p2|\n",
  "uploadtime": 1776187161,
  "views": 18,
  "formatid": "gen9championsvgc2026regma",
  "rating": 1000,
  "private": 0,
  "password": null
}