{
  "id": "gen9championsvgc2026regma-2586931533",
  "format": "[Gen 9 Champions] VGC 2026 Reg M-A",
  "players": [
    "mrguy888",
    "lacdaddy"
  ],
  "log": "|j|\u2606mrguy888\n|j|\u2606lacdaddy\n|t:|1776472998\n|gametype|doubles\n|player|p1|mrguy888|noland-gen3|1269\n|player|p2|lacdaddy|backersf|1268\n|gen|9\n|tier|[Gen 9 Champions] VGC 2026 Reg M-A\n|rated|\n|rule|Species Clause: Limit one of each Pok\u00e9mon\n|rule|Item Clause: Limit 1 of each item\n|clearpoke\n|poke|p1|Floette-Eternal, L50, F|\n|poke|p1|Aerodactyl, L50, M|\n|poke|p1|Tauros-Paldea-Aqua, L50, M|\n|poke|p1|Kangaskhan, L50, F|\n|poke|p1|Rotom-Heat, L50|\n|poke|p1|Aegislash, L50, M|\n|poke|p2|Kommo-o, L50, M|\n|poke|p2|Maushold-Four, L50|\n|poke|p2|Azumarill, L50, F|\n|poke|p2|Incineroar, L50, F|\n|poke|p2|Gengar, L50, F|\n|poke|p2|Whimsicott, L50, M|\n|teampreview|4\n|inactive|Battle timer is ON: inactive players will automatically lose when time's up. (requested by lacdaddy)\n|inactive|mrguy888 also wants the timer to be on.\n|\n|t:|1776473025\n|teamsize|p1|4\n|teamsize|p2|4\n|start\n|switch|p1a: Kangaskhan|Kangaskhan, L50, F|100/100\n|switch|p1b: Rotom|Rotom-Heat, L50|100/100\n|switch|p2a: Gengar|Gengar, L50, F, shiny|100/100\n|switch|p2b: Whimsicott|Whimsicott, L50, M, shiny|100/100\n|turn|1\n|inactive|mrguy888 has 30 seconds left.\n|inactive|lacdaddy has 30 seconds left.\n|\n|t:|1776473059\n|switch|p2b: Incineroar|Incineroar, L50, F, shiny|100/100\n|-ability|p2b: Incineroar|Intimidate|boost\n|-fail|p1a: Kangaskhan|unboost|Attack|[from] ability: Scrappy|[of] p1a: Kangaskhan\n|-unboost|p1b: Rotom|atk|1\n|detailschange|p2a: Gengar|Gengar-Mega, L50, F, shiny\n|-mega|p2a: Gengar|Gengar|Gengarite\n|move|p1a: Kangaskhan|Fake Out|p2b: Incineroar\n|-damage|p2b: Incineroar|83/100\n|move|p1b: Rotom|Overheat|p2b: Incineroar\n|-resisted|p2b: Incineroar|1\n|-damage|p2b: Incineroar|58/100\n|-unboost|p1b: Rotom|spa|2\n|move|p2a: Gengar|Icy Wind|p1a: Kangaskhan|[spread] p1a,p1b\n|-resisted|p1b: Rotom|1\n|-damage|p1a: Kangaskhan|82/100\n|-damage|p1b: Rotom|91/100\n|-unboost|p1a: Kangaskhan|spe|1\n|-unboost|p1b: Rotom|spe|1\n|\n|upkeep\n|turn|2\n|inactive|mrguy888 has 30 seconds left.\n|inactive|lacdaddy has 30 seconds left.\n|inactive|lacdaddy has 20 seconds left.\n|-activate|p2b: Incineroar|item: Quick Claw\n|\n|t:|1776473095\n|switch|p2a: Kommo-o|Kommo-o, L50, M|100/100\n|detailschange|p1a: Kangaskhan|Kangaskhan-Mega, L50, F\n|-mega|p1a: Kangaskhan|Kangaskhan|Kangaskhanite\n|move|p2b: Incineroar|Parting Shot|p1a: Kangaskhan\n|-unboost|p1a: Kangaskhan|atk|1\n|-unboost|p1a: Kangaskhan|spa|1\n|\n|t:|1776473101\n|switch|p2b: Gengar|Gengar-Mega, L50, F, shiny|100/100|[from] Parting Shot\n|move|p1b: Rotom|Overheat|p2a: Kommo-o\n|-resisted|p2a: Kommo-o|1\n|-crit|p2a: Kommo-o\n|-damage|p2a: Kommo-o|59/100\n|-unboost|p1b: Rotom|spa|2\n|move|p1a: Kangaskhan|Drain Punch|p2b: Gengar\n|-immune|p2b: Gengar\n|\n|-heal|p2a: Kommo-o|65/100|[from] item: Leftovers\n|upkeep\n|turn|3\n|inactive|lacdaddy has 30 seconds left.\n|\n|t:|1776473127\n|switch|p2b: Incineroar|Incineroar, L50, F, shiny|58/100\n|-ability|p2b: Incineroar|Intimidate|boost\n|-unboost|p1a: Kangaskhan|atk|1\n|-unboost|p1b: Rotom|atk|1\n|move|p1b: Rotom|Overheat|p2b: Incineroar\n|-resisted|p2b: Incineroar|1\n|-damage|p2b: Incineroar|49/100\n|-unboost|p1b: Rotom|spa|2\n|move|p2a: Kommo-o|Clangorous Soul|p2a: Kommo-o\n|-boost|p2a: Kommo-o|atk|1\n|-boost|p2a: Kommo-o|def|1\n|-boost|p2a: Kommo-o|spa|1\n|-boost|p2a: Kommo-o|spd|1\n|-boost|p2a: Kommo-o|spe|1\n|-damage|p2a: Kommo-o|32/100\n|move|p1a: Kangaskhan|Double-Edge|p2a: Kommo-o\n|-damage|p2a: Kommo-o|10/100\n|-damage|p2a: Kommo-o|5/100\n|-hitcount|p2a: Kommo-o|2\n|-damage|p1a: Kangaskhan|76/100|[from] Recoil\n|\n|-heal|p2a: Kommo-o|11/100|[from] item: Leftovers\n|upkeep\n|turn|4\n|inactive|lacdaddy has 30 seconds left.\n|inactive|lacdaddy has 20 seconds left.\n|\n|t:|1776473166\n|switch|p1b: Tauros|Tauros-Paldea-Aqua, L50, M|100/100\n|-ability|p1b: Tauros|Intimidate|boost\n|-unboost|p2a: Kommo-o|atk|1\n|-unboost|p2b: Incineroar|atk|1\n|switch|p1a: Aegislash|Aegislash, L50, M|100/100\n|move|p2b: Incineroar|Fake Out|p1a: Aegislash\n|-immune|p1a: Aegislash\n|move|p2a: Kommo-o|Clanging Scales|p1b: Tauros|[spread] p1a,p1b\n|-resisted|p1a: Aegislash|1\n|-damage|p1a: Aegislash|78/100\n|-damage|p1b: Tauros|2/100\n|-unboost|p2a: Kommo-o|def|1\n|\n|-heal|p2a: Kommo-o|17/100|[from] item: Leftovers\n|upkeep\n|turn|5\n|inactive|lacdaddy has 30 seconds left.\n|inactive|lacdaddy has 20 seconds left.\n|inactive|lacdaddy has 15 seconds left.\n|inactive|lacdaddy has 10 seconds left.\n|\n|t:|1776473213\n|switch|p2b: Gengar|Gengar-Mega, L50, F, shiny|100/100\n|-formechange|p1a: Aegislash|Aegislash-Blade|\n|move|p1a: Aegislash|Shadow Sneak|p2a: Kommo-o\n|-damage|p2a: Kommo-o|0 fnt\n|faint|p2a: Kommo-o\n|move|p1b: Tauros|Wave Crash|p2b: Gengar\n|-damage|p2b: Gengar|8/100\n|-damage|p1b: Tauros|0 fnt|[from] Recoil\n|faint|p1b: Tauros\n|\n|upkeep\n|\n|t:|1776473229\n|switch|p1b: Kangaskhan|Kangaskhan-Mega, L50, F|76/100\n|switch|p2a: Incineroar|Incineroar, L50, F, shiny|49/100\n|-ability|p2a: Incineroar|Intimidate|boost\n|-unboost|p1a: Aegislash|atk|1\n|-unboost|p1b: Kangaskhan|atk|1\n|turn|6\n|\n|t:|1776473246\n|switch|p2b: Whimsicott|Whimsicott, L50, M, shiny|100/100\n|move|p1b: Kangaskhan|Fake Out|p2a: Incineroar\n|-damage|p2a: Incineroar|34/100\n|-damage|p2a: Incineroar|31/100\n|-hitcount|p2a: Incineroar|2\n|move|p1a: Aegislash|Shadow Sneak|p2b: Whimsicott\n|-damage|p2b: Whimsicott|69/100\n|cant|p2a: Incineroar|flinch\n|\n|upkeep\n|turn|7\n|inactive|mrguy888 has 30 seconds left.\n|inactive|lacdaddy has 30 seconds left.\n|\n|t:|1776473276\n|switch|p1a: Rotom|Rotom-Heat, L50|91/100\n|switch|p2a: Gengar|Gengar-Mega, L50, F, shiny|8/100\n|move|p2b: Whimsicott|Encore|p1b: Kangaskhan\n|-start|p1b: Kangaskhan|Encore\n|move|p1b: Kangaskhan|Fake Out||[still]\n|-hint|Fake Out only works on your first turn out.\n|-fail|p1b: Kangaskhan\n|\n|upkeep\n|turn|8\n|inactive|mrguy888 has 30 seconds left.\n|inactive|lacdaddy has 30 seconds left.\n|\n|t:|1776473310\n|move|p2a: Gengar|Protect|p2a: Gengar\n|-singleturn|p2a: Gengar|Protect\n|move|p2b: Whimsicott|Tailwind|p2b: Whimsicott\n|-sidestart|p2: lacdaddy|move: Tailwind\n|move|p1a: Rotom|Volt Switch|p2a: Gengar\n|-activate|p2a: Gengar|move: Protect\n|-activate|p1b: Kangaskhan|move: Struggle\n|move|p1b: Kangaskhan|Struggle|p2a: Gengar\n|-activate|p2a: Gengar|move: Protect\n|\n|upkeep\n|turn|9\n|inactive|lacdaddy has 30 seconds left.\n|\n|t:|1776473336\n|move|p2a: Gengar|Sludge Bomb|p1a: Rotom\n|-damage|p1a: Rotom|31/100\n|-status|p1a: Rotom|psn\n|move|p2b: Whimsicott|Moonblast|p1a: Rotom\n|-resisted|p1a: Rotom|1\n|-crit|p1a: Rotom\n|-damage|p1a: Rotom|3/100 psn\n|move|p1a: Rotom|Volt Switch|p2a: Gengar\n|-damage|p2a: Gengar|0 fnt\n|faint|p2a: Gengar\n|\n|t:|1776473347\n|switch|p1a: Aegislash|Aegislash, L50, M|78/100|[from] Volt Switch\n|-activate|p1b: Kangaskhan|move: Struggle\n|move|p1b: Kangaskhan|Struggle|p2b: Whimsicott\n|-damage|p2b: Whimsicott|52/100\n|-crit|p2b: Whimsicott\n|-damage|p2b: Whimsicott|43/100\n|-hitcount|p2b: Whimsicott|2\n|-damage|p1b: Kangaskhan|51/100|[from] recoil\n|\n|-end|p1b: Kangaskhan|Encore\n|upkeep\n|\n|t:|1776473357\n|switch|p2a: Incineroar|Incineroar, L50, F, shiny|31/100\n|-ability|p2a: Incineroar|Intimidate|boost\n|-unboost|p1a: Aegislash|atk|1\n|-unboost|p1b: Kangaskhan|atk|1\n|turn|10\n|\n|t:|1776473378\n|switch|p1b: Rotom|Rotom-Heat, L50|3/100 psn\n|move|p2b: Whimsicott|Sunny Day|p2b: Whimsicott\n|-weather|SunnyDay\n|move|p2a: Incineroar|Flare Blitz|p1a: Aegislash\n|-supereffective|p1a: Aegislash|1\n|-damage|p1a: Aegislash|0 fnt\n|faint|p1a: Aegislash\n|-damage|p2a: Incineroar|10/100|[from] Recoil\n|\n|-weather|SunnyDay|[upkeep]\n|-damage|p1b: Rotom|0 fnt|[from] psn\n|faint|p1b: Rotom\n|upkeep\n|\n|t:|1776473389\n|switch|p1b: Kangaskhan|Kangaskhan-Mega, L50, F|51/100\n|turn|11\n|-activate|p2a: Incineroar|item: Quick Claw\n|\n|t:|1776473415\n|move|p2a: Incineroar|Flare Blitz|p1b: Kangaskhan\n|-damage|p1b: Kangaskhan|0 fnt\n|faint|p1b: Kangaskhan\n|-damage|p2a: Incineroar|0 fnt|[from] Recoil\n|faint|p2a: Incineroar\n|\n|win|lacdaddy\n|raw|mrguy888's rating: 1269 &rarr; <strong>1244</strong><br />(-25 for losing)\n|raw|lacdaddy's rating: 1268 &rarr; <strong>1293</strong><br />(+25 for winning)\n",
  "uploadtime": 1776473420,
  "views": 33,
  "formatid": "gen9championsvgc2026regma",
  "rating": 1244,
  "private": 0,
  "password": null
}