{
  "id": "gen9championsvgc2026regma-2583667399",
  "format": "[Gen 9 Champions] VGC 2026 Reg M-A",
  "players": [
    "shin-tv07",
    "Djwuhdu"
  ],
  "log": "|j|\u2606shin-tv07\n|j|\u2606Djwuhdu\n|t:|1776189830\n|gametype|doubles\n|player|p1|shin-tv07|twins-gen4dp|1113\n|player|p2|Djwuhdu|265|1033\n|gen|9\n|tier|[Gen 9 Champions] VGC 2026 Reg M-A\n|rated|\n|rule|Species Clause: Limit one of each Pok\u00e9mon\n|rule|Item Clause: Limit 1 of each item\n|clearpoke\n|poke|p1|Sneasler, L50, F|\n|poke|p1|Kingambit, L50, M|\n|poke|p1|Clefable, L50, F|\n|poke|p1|Delphox, L50, M|\n|poke|p1|Dragonite, L50, F|\n|poke|p1|Basculegion, L50, M|\n|poke|p2|Garchomp, L50, M|\n|poke|p2|Sinistcha, L50|\n|poke|p2|Lucario, L50, F|\n|poke|p2|Incineroar, L50, M|\n|poke|p2|Whimsicott, L50, M|\n|poke|p2|Dragonite, L50, M|\n|teampreview|4\n|inactive|Battle timer is ON: inactive players will automatically lose when time's up. (requested by Djwuhdu)\n|\n|t:|1776189872\n|teamsize|p1|4\n|teamsize|p2|4\n|start\n|switch|p1a: Sneasler|Sneasler, L50, F|100/100\n|switch|p1b: Kingambit|Kingambit, L50, M|100/100\n|switch|p2a: Whimsicott|Whimsicott, L50, M|100/100\n|switch|p2b: Lucario|Lucario, L50, F|100/100\n|turn|1\n|\n|t:|1776189896\n|move|p2b: Lucario|Protect|p2b: Lucario\n|-singleturn|p2b: Lucario|Protect\n|move|p1b: Kingambit|Protect|p1b: Kingambit\n|-singleturn|p1b: Kingambit|Protect\n|move|p2a: Whimsicott|Tailwind|p2a: Whimsicott\n|-sidestart|p2: Djwuhdu|move: Tailwind\n|move|p1a: Sneasler|Dire Claw|p2a: Whimsicott\n|-supereffective|p2a: Whimsicott|2\n|-enditem|p2a: Whimsicott|Focus Sash\n|-damage|p2a: Whimsicott|1/100\n|-status|p2a: Whimsicott|par\n|\n|upkeep\n|turn|2\n|\n|t:|1776189919\n|switch|p1b: Basculegion|Basculegion, L50, M|100/100\n|detailschange|p2b: Lucario|Lucario-Mega, L50, F\n|-mega|p2b: Lucario|Lucario|Lucarionite\n|move|p2a: Whimsicott|Encore|p1a: Sneasler\n|-start|p1a: Sneasler|Encore\n|move|p2b: Lucario|Close Combat|p1b: Basculegion\n|-immune|p1b: Basculegion\n|move|p1a: Sneasler|Dire Claw|p2b: Lucario\n|-immune|p2b: Lucario\n|\n|upkeep\n|turn|3\n|l|\u2606shin-tv07\n|inactive|shin-tv07 disconnected and has a minute to reconnect!\n|player|p1|\n|inactive|shin-tv07 has 30 seconds left.\n|j|\u2606shin-tv07\n|inactive|shin-tv07 reconnected and has 30 seconds left.\n|player|p1|shin-tv07|twins-gen4dp|\n|inactive|shin-tv07 has 20 seconds left.\n|inactive|shin-tv07 has 15 seconds left.\n|inactive|shin-tv07 has 10 seconds left.\n|\n|t:|1776189969\n|switch|p1a: Kingambit|Kingambit, L50, M|100/100\n|move|p2b: Lucario|Bullet Punch|p1b: Basculegion\n|-resisted|p1b: Basculegion|1\n|-damage|p1b: Basculegion|79/100\n|move|p1b: Basculegion|Aqua Jet|p2a: Whimsicott\n|-resisted|p2a: Whimsicott|1\n|-damage|p2a: Whimsicott|0 fnt\n|faint|p2a: Whimsicott\n|\n|upkeep\n|\n|t:|1776189978\n|switch|p2a: Incineroar|Incineroar, L50, M|100/100\n|turn|4\n|c|\u2606shin-tv07|BLAZE INCINEROAR?\n|\n|t:|1776190000\n|switch|p1b: Sneasler|Sneasler, L50, F|100/100\n|move|p1a: Kingambit|Protect|p1a: Kingambit\n|-singleturn|p1a: Kingambit|Protect\n|move|p2b: Lucario|Close Combat|p1a: Kingambit\n|-activate|p1a: Kingambit|move: Protect\n|move|p2a: Incineroar|Parting Shot|p1b: Sneasler\n|-unboost|p1b: Sneasler|atk|1\n|-unboost|p1b: Sneasler|spa|1\n|\n|t:|1776190006\n|switch|p2a: Garchomp|Garchomp, L50, M|100/100|[from] Parting Shot\n|\n|-sideend|p2: Djwuhdu|move: Tailwind\n|upkeep\n|turn|5\n|\n|t:|1776190023\n|move|p2b: Lucario|Protect|p2b: Lucario\n|-singleturn|p2b: Lucario|Protect\n|move|p1b: Sneasler|Fake Out|p2b: Lucario\n|-activate|p2b: Lucario|move: Protect\n|move|p2a: Garchomp|Earthquake|p1a: Kingambit|[spread] p1a,p1b\n|-activate|p2b: Lucario|move: Protect\n|-supereffective|p1a: Kingambit|1\n|-supereffective|p1b: Sneasler|1\n|-damage|p1a: Kingambit|32/100\n|-enditem|p1b: Sneasler|Focus Sash\n|-damage|p1b: Sneasler|1/100\n|move|p1a: Kingambit|Swords Dance|p1a: Kingambit\n|-boost|p1a: Kingambit|atk|2\n|\n|upkeep\n|turn|6\n|inactive|shin-tv07 has 30 seconds left.\n|\n|t:|1776190055\n|move|p2b: Lucario|Bullet Punch|p1b: Sneasler\n|-damage|p1b: Sneasler|0 fnt\n|faint|p1b: Sneasler\n|move|p1a: Kingambit|Sucker Punch||[still]\n|-fail|p1a: Kingambit\n|move|p2a: Garchomp|Earthquake|p1a: Kingambit|[spread] p2b,p1a\n|-supereffective|p2b: Lucario|1\n|-supereffective|p1a: Kingambit|1\n|-damage|p2b: Lucario|0 fnt\n|-damage|p1a: Kingambit|0 fnt\n|faint|p2b: Lucario\n|faint|p1a: Kingambit\n|\n|upkeep\n|\n|t:|1776190063\n|switch|p1b: Basculegion|Basculegion, L50, M|79/100\n|switch|p2b: Incineroar|Incineroar, L50, M|100/100\n|switch|p1a: Delphox|Delphox, L50, M|100/100\n|turn|7\n|\n|t:|1776190080\n|detailschange|p1a: Delphox|Delphox-Mega, L50, M\n|-mega|p1a: Delphox|Delphox|Delphoxite\n|move|p2b: Incineroar|Fake Out|p1a: Delphox\n|-damage|p1a: Delphox|80/100\n|move|p2a: Garchomp|Earthquake|p1b: Basculegion|[spread] p2b,p1b\n|-immune|p1a: Delphox|[from] ability: Levitate\n|-supereffective|p2b: Incineroar|1\n|-damage|p2b: Incineroar|13/100\n|-damage|p1b: Basculegion|28/100\n|-enditem|p2b: Incineroar|Sitrus Berry|[eat]\n|-heal|p2b: Incineroar|38/100|[from] item: Sitrus Berry\n|cant|p1a: Delphox|flinch\n|move|p1b: Basculegion|Wave Crash|p2b: Incineroar\n|-supereffective|p2b: Incineroar|1\n|-damage|p2b: Incineroar|0 fnt\n|faint|p2b: Incineroar\n|-damage|p1b: Basculegion|15/100|[from] Recoil\n|\n|upkeep\n|turn|8\n|-message|Djwuhdu forfeited.\n|\n|win|shin-tv07\n|raw|shin-tv07's rating: 1113 &rarr; <strong>1132</strong><br />(+19 for winning)\n|raw|Djwuhdu's rating: 1033 &rarr; <strong>1021</strong><br />(-12 for losing)\n|l|\u2606Djwuhdu\n|player|p2|\n|c|\u2606shin-tv07|blaze incineroar\n|c|\u2606shin-tv07|jesus\n",
  "uploadtime": 1776190104,
  "views": 14,
  "formatid": "gen9championsvgc2026regma",
  "rating": 1021,
  "private": 0,
  "password": null
}