{
  "id": "gen9championsvgc2026regma-2583299791",
  "format": "[Gen 9 Champions] VGC 2026 Reg M-A",
  "players": [
    "raykit123",
    "mangelpeirats"
  ],
  "log": "|j|\u2606raykit123\n|j|\u2606mangelpeirats\n|t:|1776164637\n|gametype|doubles\n|player|p1|raykit123|hilbert|1260\n|player|p2|mangelpeirats|102|1347\n|gen|9\n|tier|[Gen 9 Champions] VGC 2026 Reg M-A\n|rated|\n|rule|Species Clause: Limit one of each Pok\u00e9mon\n|rule|Item Clause: Limit 1 of each item\n|clearpoke\n|poke|p1|Meganium, L50, M|\n|poke|p1|Pelipper, L50, M|\n|poke|p1|Incineroar, L50, M|\n|poke|p1|Archaludon, L50, M|\n|poke|p1|Palafin, L50, M|\n|poke|p1|Sinistcha-Masterpiece, L50|\n|poke|p2|Gallade, L50, M|\n|poke|p2|Maushold, L50|\n|poke|p2|Kingambit, L50, M|\n|poke|p2|Aerodactyl, L50, F|\n|poke|p2|Arcanine, L50, F|\n|poke|p2|Milotic, L50, M|\n|teampreview|4\n|inactive|Battle timer is ON: inactive players will automatically lose when time's up. (requested by mangelpeirats)\n|\n|t:|1776164662\n|teamsize|p1|4\n|teamsize|p2|4\n|start\n|switch|p1a: Palafin|Palafin, L50, M, shiny|100/100\n|switch|p1b: Pelipper|Pelipper, L50, M, shiny|100/100\n|switch|p2a: Gallade|Gallade, L50, M|100/100\n|switch|p2b: Maushold|Maushold, L50|100/100\n|-weather|RainDance|[from] ability: Drizzle|[of] p1b: Pelipper\n|turn|1\n|inactive|raykit123 has 30 seconds left.\n|\n|t:|1776164691\n|detailschange|p1a: Palafin|Palafin-Hero, L50, M, shiny\n|switch|p1a: Incineroar|Incineroar, L50, M, shiny|100/100\n|-ability|p1a: Incineroar|Intimidate|boost\n|-unboost|p2a: Gallade|atk|1\n|-unboost|p2b: Maushold|atk|1\n|move|p2b: Maushold|Beat Up|p2a: Gallade\n|-damage|p2a: Gallade|98/100\n|-ability|p2a: Gallade|Justified|boost\n|-boost|p2a: Gallade|atk|1\n|-crit|p2a: Gallade\n|-damage|p2a: Gallade|94/100\n|-ability|p2a: Gallade|Justified|boost\n|-boost|p2a: Gallade|atk|1\n|-damage|p2a: Gallade|92/100\n|-ability|p2a: Gallade|Justified|boost\n|-boost|p2a: Gallade|atk|1\n|-damage|p2a: Gallade|90/100\n|-ability|p2a: Gallade|Justified|boost\n|-boost|p2a: Gallade|atk|1\n|-hitcount|p2a: Gallade|4\n|move|p2a: Gallade|Drain Punch|p1a: Incineroar\n|-supereffective|p1a: Incineroar|1\n|-damage|p1a: Incineroar|0 fnt\n|-heal|p2a: Gallade|100/100|[from] drain|[of] p1a: Incineroar\n|faint|p1a: Incineroar\n|move|p1b: Pelipper|Tailwind|p1b: Pelipper\n|-sidestart|p1: raykit123|move: Tailwind\n|\n|-weather|RainDance|[upkeep]\n|upkeep\n|\n|t:|1776164713\n|switch|p1a: Meganium|Meganium, L50, M, shiny|100/100\n|turn|2\n|\n|t:|1776164724\n|detailschange|p1a: Meganium|Meganium-Mega, L50, M, shiny\n|-mega|p1a: Meganium|Meganium|Meganiumite\n|detailschange|p2a: Gallade|Gallade-Mega, L50, M\n|-mega|p2a: Gallade|Gallade|Galladite\n|move|p2b: Maushold|Follow Me|p2b: Maushold\n|-singleturn|p2b: Maushold|move: Follow Me\n|move|p1b: Pelipper|Weather Ball|p2b: Maushold\n|-damage|p2b: Maushold|9/100\n|move|p1a: Meganium|Solar Beam||[still]\n|-prepare|p1a: Meganium|Solar Beam\n|-activate|p1a: Meganium|ability: Mega Sol\n|-anim|p1a: Meganium|Solar Beam|p2b: Maushold\n|-damage|p2b: Maushold|0 fnt\n|faint|p2b: Maushold\n|move|p2a: Gallade|Psycho Cut|p1a: Meganium\n|-damage|p1a: Meganium|13/100\n|\n|-weather|RainDance|[upkeep]\n|upkeep\n|\n|t:|1776164744\n|switch|p2b: Kingambit|Kingambit, L50, M|100/100\n|turn|3\n|\n|t:|1776164758\n|move|p2b: Kingambit|Sucker Punch|p1a: Meganium\n|-resisted|p1a: Meganium|1\n|-damage|p1a: Meganium|0 fnt\n|faint|p1a: Meganium\n|move|p1b: Pelipper|Weather Ball|p2b: Kingambit\n|-damage|p2b: Kingambit|24/100\n|move|p2a: Gallade|Drain Punch|p1b: Pelipper\n|-resisted|p1b: Pelipper|1\n|-damage|p1b: Pelipper|37/100\n|\n|-weather|RainDance|[upkeep]\n|upkeep\n|\n|t:|1776164765\n|switch|p1a: Palafin|Palafin-Hero, L50, M, shiny|100/100\n|-activate|p1a: Palafin|ability: Zero to Hero\n|turn|4\n|\n|t:|1776164785\n|move|p2a: Gallade|Protect|p2a: Gallade\n|-singleturn|p2a: Gallade|Protect\n|move|p2b: Kingambit|Protect|p2b: Kingambit\n|-singleturn|p2b: Kingambit|Protect\n|move|p1a: Palafin|Wave Crash|p2a: Gallade\n|-activate|p2a: Gallade|move: Protect\n|move|p1b: Pelipper|Weather Ball|p2b: Kingambit\n|-activate|p2b: Kingambit|move: Protect\n|\n|-weather|RainDance|[upkeep]\n|-sideend|p1: raykit123|move: Tailwind\n|upkeep\n|turn|5\n|\n|t:|1776164799\n|move|p2b: Kingambit|Sucker Punch|p1b: Pelipper\n|-damage|p1b: Pelipper|0 fnt\n|faint|p1b: Pelipper\n|move|p2a: Gallade|Drain Punch|p1a: Palafin\n|-damage|p1a: Palafin|0 fnt\n|faint|p1a: Palafin\n|\n|win|mangelpeirats\n|raw|raykit123's rating: 1260 &rarr; <strong>1241</strong><br />(-19 for losing)\n|raw|mangelpeirats's rating: 1347 &rarr; <strong>1362</strong><br />(+15 for winning)\n|l|\u2606raykit123\n|player|p1|\n",
  "uploadtime": 1776164826,
  "views": 39,
  "formatid": "gen9championsvgc2026regma",
  "rating": 1241,
  "private": 0,
  "password": null
}