{
  "id": "gen9championsvgc2026regma-2586803259",
  "format": "[Gen 9 Champions] VGC 2026 Reg M-A",
  "players": [
    "israel_rq",
    "eevee1995"
  ],
  "log": "|j|\u2606israel_rq\n|j|\u2606eevee1995\n|t:|1776461170\n|gametype|doubles\n|player|p1|israel_rq|2|1061\n|player|p2|eevee1995|pokekidf-gen8|1000\n|gen|9\n|tier|[Gen 9 Champions] VGC 2026 Reg M-A\n|rated|\n|rule|Species Clause: Limit one of each Pok\u00e9mon\n|rule|Item Clause: Limit 1 of each item\n|clearpoke\n|poke|p1|Golurk, L50|\n|poke|p1|Hatterene, L50, F|\n|poke|p1|Torkoal, L50, F|\n|poke|p1|Oranguru, L50, F|\n|poke|p1|Archaludon, L50, M|\n|poke|p1|Kingambit, L50, M|\n|poke|p2|Scovillain, L50, F|\n|poke|p2|Ninetales-Alola, L50, F|\n|poke|p2|Sneasler, L50, M|\n|poke|p2|Feraligatr, L50, M|\n|poke|p2|Hydrapple, L50, M|\n|poke|p2|Sableye, L50, M|\n|teampreview|4\n|inactive|Battle timer is ON: inactive players will automatically lose when time's up. (requested by eevee1995)\n|\n|t:|1776461199\n|teamsize|p1|4\n|teamsize|p2|4\n|start\n|switch|p1a: Hatterene|Hatterene, L50, F|100/100\n|switch|p1b: Kingambit|Kingambit, L50, M|100/100\n|switch|p2a: Snowy|Ninetales-Alola, L50, F, shiny|100/100\n|switch|p2b: The Hoenn Special|Scovillain, L50, F, shiny|100/100\n|-weather|Snowscape|[from] ability: Snow Warning|[of] p2a: Snowy\n|turn|1\n|\n|t:|1776461214\n|switch|p1b: Golurk|Golurk, L50|100/100\n|move|p2b: The Hoenn Special|Protect|p2b: The Hoenn Special\n|-singleturn|p2b: The Hoenn Special|Protect\n|move|p2a: Snowy|Aurora Veil|p2a: Snowy\n|-sidestart|p2: eevee1995|move: Aurora Veil\n|move|p1a: Hatterene|Trick Room|p1a: Hatterene\n|-fieldstart|move: Trick Room|[of] p1a: Hatterene\n|\n|-weather|Snowscape|[upkeep]\n|-ability|p2b: The Hoenn Special|Moody|boost\n|-boost|p2b: The Hoenn Special|atk|2\n|-unboost|p2b: The Hoenn Special|spa|1\n|upkeep\n|turn|2\n|inactive|israel_rq has 30 seconds left.\n|\n|t:|1776461242\n|detailschange|p1b: Golurk|Golurk-Mega, L50\n|-mega|p1b: Golurk|Golurk|Golurkite\n|move|p1a: Hatterene|Dazzling Gleam|p2a: Snowy|[spread] p2a,p2b\n|-resisted|p2b: The Hoenn Special|1\n|-damage|p2a: Snowy|78/100\n|-damage|p2b: The Hoenn Special|86/100\n|move|p1b: Golurk|Drain Punch|p2a: Snowy\n|-damage|p2a: Snowy|60/100\n|move|p2b: The Hoenn Special|Leech Seed|p1b: Golurk\n|-start|p1b: Golurk|move: Leech Seed\n|move|p2a: Snowy|Blizzard|p1b: Golurk|[spread] p1a,p1b\n|-supereffective|p1b: Golurk|1\n|-damage|p1a: Hatterene|74/100\n|-damage|p1b: Golurk|60/100\n|\n|-weather|Snowscape|[upkeep]\n|-damage|p1b: Golurk|47/100|[from] Leech Seed|[of] p2b: The Hoenn Special\n|-heal|p2b: The Hoenn Special|100/100|[silent]\n|-ability|p2b: The Hoenn Special|Moody|boost\n|-boost|p2b: The Hoenn Special|spd|2\n|-unboost|p2b: The Hoenn Special|atk|1\n|upkeep\n|turn|3\n|inactive|israel_rq has 30 seconds left.\n|\n|t:|1776461274\n|switch|p1b: Torkoal|Torkoal, L50, F|100/100\n|-weather|SunnyDay|[from] ability: Drought|[of] p1b: Torkoal\n|move|p2b: The Hoenn Special|Protect|p2b: The Hoenn Special\n|-singleturn|p2b: The Hoenn Special|Protect\n|move|p1a: Hatterene|Giga Drain|p2b: The Hoenn Special\n|-activate|p2b: The Hoenn Special|move: Protect\n|move|p2a: Snowy|Blizzard|p1b: Torkoal|[spread] p1a,p1b\n|-resisted|p1b: Torkoal|1\n|-damage|p1a: Hatterene|50/100\n|-damage|p1b: Torkoal|85/100\n|-enditem|p1a: Hatterene|Sitrus Berry|[eat]\n|-heal|p1a: Hatterene|75/100|[from] item: Sitrus Berry\n|\n|-weather|SunnyDay|[upkeep]\n|-ability|p2b: The Hoenn Special|Moody|boost\n|-boost|p2b: The Hoenn Special|spa|2\n|-unboost|p2b: The Hoenn Special|spe|1\n|upkeep\n|turn|4\n|\n|t:|1776461299\n|detailschange|p2b: The Hoenn Special|Scovillain-Mega, L50, F, shiny\n|-mega|p2b: The Hoenn Special|Scovillain|Scovillainite\n|move|p1b: Torkoal|Eruption|p2b: The Hoenn Special|[spread] p2a,p2b\n|-supereffective|p2a: Snowy|1\n|-damage|p2a: Snowy|0 fnt\n|-damage|p2b: The Hoenn Special|74/100\n|-immune|p1b: Torkoal\n|faint|p2a: Snowy\n|move|p1a: Hatterene|Dazzling Gleam|p2b: The Hoenn Special\n|-resisted|p2b: The Hoenn Special|1\n|-damage|p2b: The Hoenn Special|65/100\n|-status|p1a: Hatterene|brn|[from] ability: Spicy Spray|[of] p2b: The Hoenn Special\n|move|p2b: The Hoenn Special|Flamethrower|p1a: Hatterene\n|-damage|p1a: Hatterene|0 fnt\n|faint|p1a: Hatterene\n|\n|-weather|SunnyDay|[upkeep]\n|upkeep\n|\n|t:|1776461318\n|switch|p1a: Golurk|Golurk-Mega, L50|47/100\n|switch|p2a: Notch apple|Hydrapple, L50, M, shiny|100/100\n|turn|5\n|\n|t:|1776461339\n|move|p1b: Torkoal|Eruption|p2a: Notch apple|[spread] p2a,p2b\n|-damage|p2a: Notch apple|61/100\n|-damage|p2b: The Hoenn Special|41/100\n|-immune|p1b: Torkoal\n|move|p2a: Notch apple|Fickle Beam|p1b: Torkoal|[anim] Fickle Beam All Out\n|-activate|p2a: Notch apple|move: Fickle Beam\n|-damage|p1b: Torkoal|0 fnt\n|faint|p1b: Torkoal\n|move|p2b: The Hoenn Special|Leaf Storm|p1a: Golurk|[miss]\n|-miss|p2b: The Hoenn Special|p1a: Golurk\n|move|p1a: Golurk|Fire Punch|p2b: The Hoenn Special\n|-damage|p2b: The Hoenn Special|1/100\n|-status|p1a: Golurk|brn|[from] ability: Spicy Spray|[of] p2b: The Hoenn Special\n|\n|-weather|SunnyDay|[upkeep]\n|-heal|p2a: Notch apple|67/100|[from] item: Leftovers\n|-damage|p1a: Golurk|41/100 brn|[from] brn\n|-sideend|p2: eevee1995|move: Aurora Veil\n|-fieldend|move: Trick Room\n|upkeep\n|\n|t:|1776461359\n|switch|p1b: Kingambit|Kingambit, L50, M|100/100\n|turn|6\n|\n|t:|1776461372\n|move|p1a: Golurk|Fire Punch|p2a: Notch apple\n|-damage|p2a: Notch apple|47/100\n|move|p2b: The Hoenn Special|Leech Seed|p1a: Golurk\n|-start|p1a: Golurk|move: Leech Seed\n|move|p1b: Kingambit|Iron Head|p2a: Notch apple\n|-damage|p2a: Notch apple|13/100\n|move|p2a: Notch apple|Pollen Puff|p2b: The Hoenn Special\n|-heal|p2b: The Hoenn Special|51/100\n|\n|-weather|SunnyDay|[upkeep]\n|-heal|p2a: Notch apple|19/100|[from] item: Leftovers\n|-damage|p1a: Golurk|29/100 brn|[from] Leech Seed|[of] p2b: The Hoenn Special\n|-heal|p2b: The Hoenn Special|68/100|[silent]\n|-damage|p1a: Golurk|23/100 brn|[from] brn\n|upkeep\n|turn|7\n|\n|t:|1776461393\n|move|p1a: Golurk|Fire Punch|p2a: Notch apple\n|-damage|p2a: Notch apple|0 fnt\n|faint|p2a: Notch apple\n|move|p2b: The Hoenn Special|Flamethrower|p1b: Kingambit\n|-supereffective|p1b: Kingambit|1\n|-damage|p1b: Kingambit|0 fnt\n|faint|p1b: Kingambit\n|\n|-weather|none\n|-damage|p1a: Golurk|11/100 brn|[from] Leech Seed|[of] p2b: The Hoenn Special\n|-heal|p2b: The Hoenn Special|85/100|[silent]\n|-damage|p1a: Golurk|5/100 brn|[from] brn\n|upkeep\n|\n|t:|1776461397\n|switch|p2a: Punchy|Sneasler, L50, M, shiny|100/100\n|turn|8\n|c|\u2606eevee1995|gg\n|-message|israel_rq forfeited.\n|\n|win|eevee1995\n|raw|israel_rq's rating: 1061 &rarr; <strong>1039</strong><br />(-22 for losing)\n|raw|eevee1995's rating: 1000 &rarr; <strong>1047</strong><br />(+47 for winning)\n|l|\u2606israel_rq\n|player|p1|\n",
  "uploadtime": 1776461413,
  "views": 22,
  "formatid": "gen9championsvgc2026regma",
  "rating": 1039,
  "private": 0,
  "password": null
}