{
  "id": "gen9championsvgc2026regma-2585068121",
  "format": "[Gen 9 Champions] VGC 2026 Reg M-A",
  "players": [
    "StarkCoder3",
    "alex1075"
  ],
  "log": "|j|\u2606StarkCoder3\n|j|\u2606alex1075\n|t:|1776308488\n|gametype|doubles\n|player|p1|StarkCoder3|plasmagrunt|1090\n|player|p2|alex1075|lance|1030\n|gen|9\n|tier|[Gen 9 Champions] VGC 2026 Reg M-A\n|rated|\n|rule|Species Clause: Limit one of each Pok\u00e9mon\n|rule|Item Clause: Limit 1 of each item\n|clearpoke\n|poke|p1|Tyranitar, L50, M|\n|poke|p1|Glimmora, L50, M|\n|poke|p1|Aegislash, L50, M|\n|poke|p1|Garchomp, L50, M|\n|poke|p1|Gyarados, L50, M|\n|poke|p1|Rotom-Mow, L50|\n|poke|p2|Incineroar, L50, F|\n|poke|p2|Gengar, L50, M|\n|poke|p2|Kommo-o, L50, F|\n|poke|p2|Blastoise, L50, M|\n|poke|p2|Primarina, L50, M|\n|poke|p2|Altaria, L50, F|\n|teampreview|4\nalex1075 rejected open team sheets.\n|\n|t:|1776308517\n|teamsize|p1|4\n|teamsize|p2|4\n|start\n|switch|p1a: Tyranitar|Tyranitar, L50, M|100/100\n|switch|p1b: Glimmora|Glimmora, L50, M|100/100\n|switch|p2a: Incineroar|Incineroar, L50, F|100/100\n|switch|p2b: Gengar|Gengar, L50, M|100/100\n|-weather|Sandstorm|[from] ability: Sand Stream|[of] p1a: Tyranitar\n|-ability|p2a: Incineroar|Intimidate|boost\n|-unboost|p1a: Tyranitar|atk|1\n|-unboost|p1b: Glimmora|atk|1\n|turn|1\n|\n|t:|1776308534\n|detailschange|p2b: Gengar|Gengar-Mega, L50, M\n|-mega|p2b: Gengar|Gengar|Gengarite\n|move|p1a: Tyranitar|Protect|p1a: Tyranitar\n|-singleturn|p1a: Tyranitar|Protect\n|move|p2a: Incineroar|Fake Out|p1a: Tyranitar\n|-activate|p1a: Tyranitar|move: Protect\n|move|p2b: Gengar|Perish Song|p2b: Gengar\n|-start|p1a: Tyranitar|perish3|[silent]\n|-start|p1b: Glimmora|perish3|[silent]\n|-start|p2a: Incineroar|perish3|[silent]\n|-start|p2b: Gengar|perish3|[silent]\n|-fieldactivate|move: Perish Song\n|move|p1b: Glimmora|Power Gem|p2a: Incineroar\n|-supereffective|p2a: Incineroar|1\n|-damage|p2a: Incineroar|41/100\n|-enditem|p2a: Incineroar|Sitrus Berry|[eat]\n|-heal|p2a: Incineroar|66/100|[from] item: Sitrus Berry\n|\n|-weather|Sandstorm|[upkeep]\n|-damage|p2b: Gengar|95/100|[from] Sandstorm\n|-damage|p2a: Incineroar|60/100|[from] Sandstorm\n|-start|p2b: Gengar|perish3\n|-start|p1b: Glimmora|perish3\n|-start|p1a: Tyranitar|perish3\n|-start|p2a: Incineroar|perish3\n|upkeep\n|turn|2\n|\n|t:|1776308553\n|move|p2b: Gengar|Protect|p2b: Gengar\n|-singleturn|p2b: Gengar|Protect\n|move|p2a: Incineroar|Protect|p2a: Incineroar\n|-singleturn|p2a: Incineroar|Protect\n|move|p1b: Glimmora|Power Gem|p2a: Incineroar\n|-activate|p2a: Incineroar|move: Protect\n|move|p1a: Tyranitar|Crunch|p2b: Gengar\n|-activate|p2b: Gengar|move: Protect\n|\n|-weather|Sandstorm|[upkeep]\n|-damage|p2b: Gengar|89/100|[from] Sandstorm\n|-damage|p2a: Incineroar|54/100|[from] Sandstorm\n|-start|p2b: Gengar|perish2\n|-start|p1b: Glimmora|perish2\n|-start|p1a: Tyranitar|perish2\n|-start|p2a: Incineroar|perish2\n|upkeep\n|turn|3\n|\n|t:|1776308580\n|switch|p2b: Kommo-o|Kommo-o, L50, F|100/100\n|move|p1b: Glimmora|Earth Power|p2b: Kommo-o\n|-damage|p2b: Kommo-o|72/100\n|move|p1a: Tyranitar|Rock Slide|p2b: Kommo-o|[spread] p2a,p2b\n|-supereffective|p2a: Incineroar|1\n|-resisted|p2b: Kommo-o|1\n|-damage|p2a: Incineroar|18/100\n|-damage|p2b: Kommo-o|65/100\n|move|p2a: Incineroar|Parting Shot|p1b: Glimmora\n|-unboost|p1b: Glimmora|atk|1\n|-unboost|p1b: Glimmora|spa|1\n|\n|t:|1776308591\n|switch|p2a: Gengar|Gengar-Mega, L50, M|89/100|[from] Parting Shot\n|\n|-weather|Sandstorm|[upkeep]\n|-damage|p2a: Gengar|83/100|[from] Sandstorm\n|-damage|p2b: Kommo-o|59/100|[from] Sandstorm\n|-heal|p2b: Kommo-o|65/100|[from] item: Leftovers\n|-start|p1b: Glimmora|perish1\n|-start|p1a: Tyranitar|perish1\n|upkeep\n|turn|4\n|\n|t:|1776308608\n|move|p2a: Gengar|Protect|p2a: Gengar\n|-singleturn|p2a: Gengar|Protect\n|move|p2b: Kommo-o|Protect|p2b: Kommo-o\n|-singleturn|p2b: Kommo-o|Protect\n|move|p1b: Glimmora|Earth Power|p2a: Gengar\n|-activate|p2a: Gengar|move: Protect\n|move|p1a: Tyranitar|Ice Punch|p2b: Kommo-o\n|-activate|p2b: Kommo-o|move: Protect\n|\n|-weather|Sandstorm|[upkeep]\n|-damage|p2a: Gengar|77/100|[from] Sandstorm\n|-damage|p2b: Kommo-o|59/100|[from] Sandstorm\n|-heal|p2b: Kommo-o|65/100|[from] item: Leftovers\n|-start|p1b: Glimmora|perish0\n|-start|p1a: Tyranitar|perish0\n|faint|p1b: Glimmora\n|faint|p1a: Tyranitar\n|upkeep\n|\n|t:|1776308612\n|switch|p1b: Rotom|Rotom-Mow, L50|100/100\n|switch|p1a: Garchomp|Garchomp, L50, M|100/100\n|turn|5\n|\n|t:|1776308652\n|switch|p2b: Incineroar|Incineroar, L50, F|18/100\n|-ability|p2b: Incineroar|Intimidate|boost\n|-unboost|p1a: Garchomp|atk|1\n|-unboost|p1b: Rotom|atk|1\n|-enditem|p1b: Rotom|White Herb\n|-clearnegativeboost|p1b: Rotom|[silent]\n|detailschange|p1a: Garchomp|Garchomp-Mega, L50, M\n|-mega|p1a: Garchomp|Garchomp|Garchompite\n|move|p2a: Gengar|Perish Song|p2a: Gengar\n|-start|p1a: Garchomp|perish3|[silent]\n|-start|p1b: Rotom|perish3|[silent]\n|-start|p2a: Gengar|perish3|[silent]\n|-start|p2b: Incineroar|perish3|[silent]\n|-fieldactivate|move: Perish Song\n|move|p1a: Garchomp|Earthquake|p2b: Incineroar|[spread] p2a,p2b\n|-immune|p1b: Rotom|[from] ability: Levitate\n|-supereffective|p2a: Gengar|1\n|-supereffective|p2b: Incineroar|1\n|-damage|p2a: Gengar|0 fnt\n|-damage|p2b: Incineroar|0 fnt\n|faint|p2a: Gengar\n|faint|p2b: Incineroar\n|move|p1b: Rotom|Discharge|p1a: Garchomp\n|-immune|p1a: Garchomp\n|\n|-weather|none\n|-start|p1a: Garchomp|perish3\n|-start|p1b: Rotom|perish3\n|upkeep\n|\n|t:|1776308671\n|switch|p2a: Kommo-o|Kommo-o, L50, F|65/100\n|switch|p2b: Primarina|Primarina, L50, M|100/100\n|turn|6\n|\n|t:|1776308678\n|move|p2b: Primarina|Protect|p2b: Primarina\n|-singleturn|p2b: Primarina|Protect\n|move|p1a: Garchomp|Earthquake|p2a: Kommo-o|[spread] p2a\n|-activate|p2b: Primarina|move: Protect\n|-immune|p1b: Rotom|[from] ability: Levitate\n|-damage|p2a: Kommo-o|47/100\n|move|p1b: Rotom|Discharge|p2a: Kommo-o|[spread] p2a\n|-activate|p2b: Primarina|move: Protect\n|-immune|p1a: Garchomp\n|-resisted|p2a: Kommo-o|1\n|-damage|p2a: Kommo-o|33/100\n|move|p2a: Kommo-o|Iron Defense|p2a: Kommo-o\n|-boost|p2a: Kommo-o|def|2\n|\n|-heal|p2a: Kommo-o|40/100|[from] item: Leftovers\n|-start|p1a: Garchomp|perish2\n|-start|p1b: Rotom|perish2\n|upkeep\n|turn|7\n|\n|t:|1776308702\n|move|p2a: Kommo-o|Protect|p2a: Kommo-o\n|-singleturn|p2a: Kommo-o|Protect\n|move|p1a: Garchomp|Earthquake|p2b: Primarina|[spread] p2b\n|-activate|p2a: Kommo-o|move: Protect\n|-immune|p1b: Rotom|[from] ability: Levitate\n|-damage|p2b: Primarina|62/100\n|move|p1b: Rotom|Leaf Storm|p2b: Primarina\n|-supereffective|p2b: Primarina|1\n|-crit|p2b: Primarina\n|-damage|p2b: Primarina|0 fnt\n|-unboost|p1b: Rotom|spa|2\n|faint|p2b: Primarina\n|\n|-heal|p2a: Kommo-o|46/100|[from] item: Leftovers\n|-start|p1a: Garchomp|perish1\n|-start|p1b: Rotom|perish1\n|upkeep\n|turn|8\n|\n|t:|1776308721\n|move|p2a: Kommo-o|Protect||[still]\n|-fail|p2a: Kommo-o\n|move|p1a: Garchomp|Dragon Claw|p2a: Kommo-o\n|-supereffective|p2a: Kommo-o|1\n|-damage|p2a: Kommo-o|21/100\n|move|p1b: Rotom|Leaf Storm|p2a: Kommo-o\n|-resisted|p2a: Kommo-o|1\n|-damage|p2a: Kommo-o|7/100\n|-unboost|p1b: Rotom|spa|2\n|\n|-heal|p2a: Kommo-o|13/100|[from] item: Leftovers\n|-start|p1a: Garchomp|perish0\n|-start|p1b: Rotom|perish0\n|upkeep\n|faint|p1a: Garchomp\n|faint|p1b: Rotom\n|\n|win|alex1075\n|raw|StarkCoder3's rating: 1090 &rarr; <strong>1062</strong><br />(-28 for losing)\n|raw|alex1075's rating: 1030 &rarr; <strong>1072</strong><br />(+42 for winning)\n|l|\u2606StarkCoder3\n|player|p1|\n",
  "uploadtime": 1776308739,
  "views": 19,
  "formatid": "gen9championsvgc2026regma",
  "rating": 1062,
  "private": 0,
  "password": null
}