{
  "id": "gen9championsvgc2026regma-2588496153",
  "format": "[Gen 9 Champions] VGC 2026 Reg M-A",
  "players": [
    "RotomClip",
    "presiure"
  ],
  "log": "|j|\u2606RotomClip\n|j|\u2606presiure\n|t:|1776638785\n|gametype|doubles\n|player|p1|RotomClip|102|1000\n|player|p2|presiure|gambler|1000\n|gen|9\n|tier|[Gen 9 Champions] VGC 2026 Reg M-A\n|rated|\n|rule|Species Clause: Limit one of each Pok\u00e9mon\n|rule|Item Clause: Limit 1 of each item\n|clearpoke\n|poke|p1|Beedrill, L50, M|\n|poke|p1|Ninetales-Alola, L50, M|\n|poke|p1|Garchomp, L50, M|\n|poke|p1|Incineroar, L50, M|\n|poke|p1|Chesnaught, L50, M|\n|poke|p1|Rotom-Wash, L50|\n|poke|p2|Aurorus, L50, F, shiny|\n|poke|p2|Aegislash, L50, M, shiny|\n|poke|p2|Froslass, L50, F|\n|poke|p2|Empoleon, L50, F|\n|poke|p2|Volcarona, L50, F|\n|poke|p2|Farigiraf, L50, M|\n|teampreview|4\n|inactive|Battle timer is ON: inactive players will automatically lose when time's up. (requested by RotomClip)\nRotomClip rejected open team sheets.\n|\n|t:|1776638801\n|teamsize|p1|4\n|teamsize|p2|4\n|start\n|switch|p1a: Beedrill|Beedrill, L50, M|100/100\n|switch|p1b: Incineroar|Incineroar, L50, M|100/100\n|switch|p2a: Froslass|Froslass, L50, F|100/100\n|switch|p2b: Farigiraf|Farigiraf, L50, M|100/100\n|-ability|p1b: Incineroar|Intimidate|boost\n|-unboost|p2a: Froslass|atk|1\n|-unboost|p2b: Farigiraf|atk|1\n|turn|1\n|\n|t:|1776638809\n|detailschange|p2a: Froslass|Froslass-Mega, L50, F\n|-mega|p2a: Froslass|Froslass|Froslassite\n|-weather|Snowscape|[from] ability: Snow Warning|[of] p2a: Froslass\n|detailschange|p1a: Beedrill|Beedrill-Mega, L50, M\n|-mega|p1a: Beedrill|Beedrill|Beedrillite\n|move|p1a: Beedrill|Drill Run|p2b: Farigiraf\n|-crit|p2b: Farigiraf\n|-damage|p2b: Farigiraf|54/100\n|move|p2a: Froslass|Aurora Veil|p2a: Froslass\n|-sidestart|p2: presiure|move: Aurora Veil\n|move|p1b: Incineroar|Snarl|p2a: Froslass|[spread] p2a,p2b\n|-supereffective|p2a: Froslass|1\n|-supereffective|p2b: Farigiraf|1\n|-damage|p2a: Froslass|81/100\n|-damage|p2b: Farigiraf|43/100\n|-unboost|p2a: Froslass|spa|1\n|-unboost|p2b: Farigiraf|spa|1\n|move|p2b: Farigiraf|Trick Room|p2b: Farigiraf\n|-fieldstart|move: Trick Room|[of] p2b: Farigiraf\n|\n|-weather|Snowscape|[upkeep]\n|-heal|p2b: Farigiraf|49/100|[from] item: Leftovers\n|upkeep\n|turn|2\n|\n|t:|1776638826\n|switch|p2b: Empoleon|Empoleon, L50, F|100/100\n|switch|p2a: Aurorus|Aurorus, L50, F, shiny|100/100\n|move|p1b: Incineroar|Snarl|p2b: Empoleon|[spread] p2a,p2b\n|-crit|p2a: Aurorus\n|-damage|p2a: Aurorus|87/100\n|-damage|p2b: Empoleon|93/100\n|-unboost|p2a: Aurorus|spa|1\n|-unboost|p2b: Empoleon|spa|1\n|-ability|p2b: Empoleon|Competitive|boost\n|-boost|p2b: Empoleon|spa|2\n|move|p1a: Beedrill|Poison Jab|p2b: Empoleon\n|-immune|p2b: Empoleon\n|\n|-weather|Snowscape|[upkeep]\n|upkeep\n|turn|3\n|inactive|presiure has 30 seconds left.\n|\n|t:|1776638854\n|move|p2a: Aurorus|Hyper Beam|p1a: Beedrill|[miss]\n|-miss|p2a: Aurorus|p1a: Beedrill\n|move|p2b: Empoleon|Hydro Pump|p1a: Beedrill\n|-damage|p1a: Beedrill|0 fnt\n|faint|p1a: Beedrill\n|move|p1b: Incineroar|Overheat|p1: Beedrill|[notarget]\n|-fail|p1b: Incineroar\n|\n|-weather|Snowscape|[upkeep]\n|upkeep\n|\n|t:|1776638854\n|switch|p1a: Garchomp|Garchomp, L50, M|100/100\n|turn|4\n|\n|t:|1776638867\n|move|p2a: Aurorus|Hyper Voice|p1b: Incineroar|[spread] p1a,p1b\n|-supereffective|p1a: Garchomp|2\n|-resisted|p1b: Incineroar|1\n|-damage|p1a: Garchomp|0 fnt\n|-damage|p1b: Incineroar|89/100\n|faint|p1a: Garchomp\n|move|p2b: Empoleon|Hydro Pump|p1b: Incineroar\n|-supereffective|p1b: Incineroar|1\n|-damage|p1b: Incineroar|0 fnt\n|faint|p1b: Incineroar\n|\n|-weather|Snowscape|[upkeep]\n|upkeep\n|\n|t:|1776638867\n|switch|p1b: Chesnaught|Chesnaught, L50, M|100/100\n|turn|5\n|\n|t:|1776638881\n|move|p2a: Aurorus|Hyper Beam|p1b: Chesnaught\n|-supereffective|p1b: Chesnaught|1\n|-damage|p1b: Chesnaught|0 fnt\n|-mustrecharge|p2a: Aurorus\n|faint|p1b: Chesnaught\n|\n|win|presiure\n|raw|RotomClip's rating: 1000 &rarr; <strong>1000</strong><br />(+0 for losing)\n|raw|presiure's rating: 1000 &rarr; <strong>1040</strong><br />(+40 for winning)\n",
  "uploadtime": 1776638888,
  "views": 23,
  "formatid": "gen9championsvgc2026regma",
  "rating": 1000,
  "private": 0,
  "password": null
}