{
  "id": "gen9championsvgc2026regma-2586859839",
  "format": "[Gen 9 Champions] VGC 2026 Reg M-A",
  "players": [
    "SukunaCR",
    "penledzuu"
  ],
  "log": "|j|\u2606SukunaCR\n|j|\u2606penledzuu\n|t:|1776466077\n|gametype|doubles\n|player|p1|SukunaCR|101|1190\n|player|p2|penledzuu|ninjaboy|1147\n|gen|9\n|tier|[Gen 9 Champions] VGC 2026 Reg M-A\n|rated|\n|rule|Species Clause: Limit one of each Pok\u00e9mon\n|rule|Item Clause: Limit 1 of each item\n|clearpoke\n|poke|p1|Garchomp, L50, F|\n|poke|p1|Talonflame, L50, F|\n|poke|p1|Torkoal, L50, M|\n|poke|p1|Farigiraf, L50, M|\n|poke|p1|Venusaur, L50, F|\n|poke|p1|Rotom-Wash, L50|\n|poke|p2|Gengar, L50, F|\n|poke|p2|Gardevoir, L50, F|\n|poke|p2|Arcanine-Hisui, L50, M|\n|poke|p2|Charizard, L50, F|\n|poke|p2|Machamp, L50, F|\n|poke|p2|Sneasler, L50, M|\n|teampreview|4\n|inactive|Battle timer is ON: inactive players will automatically lose when time's up. (requested by penledzuu)\n|\n|t:|1776466107\n|teamsize|p1|4\n|teamsize|p2|4\n|start\n|switch|p1a: Garchomp|Garchomp, L50, F|100/100\n|switch|p1b: Talonflame|Talonflame, L50, F|100/100\n|switch|p2a: Gengar|Gengar, L50, F, shiny|100/100\n|switch|p2b: Sneasler|Sneasler, L50, M|100/100\n|turn|1\n|\n|t:|1776466124\n|move|p2b: Sneasler|Fake Out|p1b: Talonflame\n|-damage|p1b: Talonflame|78/100\n|cant|p1b: Talonflame|flinch\n|move|p2a: Gengar|Icy Wind|p1a: Garchomp|[spread] p1a,p1b\n|-supereffective|p1a: Garchomp|2\n|-damage|p1a: Garchomp|35/100\n|-damage|p1b: Talonflame|55/100\n|-unboost|p1a: Garchomp|spe|1\n|-unboost|p1b: Talonflame|spe|1\n|-enditem|p1a: Garchomp|White Herb\n|-clearnegativeboost|p1a: Garchomp|[silent]\n|move|p1a: Garchomp|Earthquake|p2b: Sneasler|[spread] p2a,p2b\n|-immune|p1b: Talonflame\n|-supereffective|p2a: Gengar|1\n|-supereffective|p2b: Sneasler|1\n|-enditem|p2a: Gengar|Focus Sash\n|-damage|p2a: Gengar|1/100\n|-damage|p2b: Sneasler|0 fnt\n|-start|p1a: Garchomp|Disable|Earthquake|[from] ability: Cursed Body|[of] p2a: Gengar\n|faint|p2b: Sneasler\n|\n|upkeep\n|\n|t:|1776466138\n|switch|p2b: Gardevoir|Gardevoir, L50, F|100/100\n|-ability|p2b: Gardevoir|Flame Body|Trace|[from] ability: Trace|[of] p1b: Talonflame\n|turn|2\n|\n|t:|1776466155\n|move|p2a: Gengar|Sludge Bomb|p1b: Talonflame\n|-damage|p1b: Talonflame|0 fnt\n|faint|p1b: Talonflame\n|move|p1a: Garchomp|Dragon Claw|p2a: Gengar\n|-damage|p2a: Gengar|0 fnt\n|faint|p2a: Gengar\n|move|p2b: Gardevoir|Moonblast|p1a: Garchomp\n|-supereffective|p1a: Garchomp|1\n|-damage|p1a: Garchomp|0 fnt\n|faint|p1a: Garchomp\n|\n|upkeep\n|\n|t:|1776466162\n|switch|p1b: Venusaur|Venusaur, L50, F|100/100\n|switch|p2a: Charizard|Charizard, L50, F, shiny|100/100\n|switch|p1a: Rotom|Rotom-Wash, L50|100/100\n|turn|3\n|\n|t:|1776466179\n|move|p1b: Venusaur|Protect|p1b: Venusaur\n|-singleturn|p1b: Venusaur|Protect\n|move|p2a: Charizard|Protect|p2a: Charizard\n|-singleturn|p2a: Charizard|Protect\n|move|p2b: Gardevoir|Mystical Fire|p1b: Venusaur\n|-activate|p1b: Venusaur|move: Protect\n|move|p1a: Rotom|Nasty Plot|p1a: Rotom\n|-boost|p1a: Rotom|spa|2\n|\n|upkeep\n|turn|4\n|\n|t:|1776466198\n|detailschange|p1b: Venusaur|Venusaur-Mega, L50, F\n|-mega|p1b: Venusaur|Venusaur|Venusaurite\n|detailschange|p2a: Charizard|Charizard-Mega-Y, L50, F, shiny\n|-mega|p2a: Charizard|Charizard|Charizardite Y\n|-weather|SunnyDay|[from] ability: Drought|[of] p2a: Charizard\n|move|p1b: Venusaur|Sludge Bomb|p2b: Gardevoir\n|-supereffective|p2b: Gardevoir|1\n|-damage|p2b: Gardevoir|8/100\n|-enditem|p2b: Gardevoir|Sitrus Berry|[eat]\n|-heal|p2b: Gardevoir|33/100|[from] item: Sitrus Berry\n|move|p2b: Gardevoir|Psychic|p1b: Venusaur\n|-supereffective|p1b: Venusaur|1\n|-damage|p1b: Venusaur|0 fnt\n|faint|p1b: Venusaur\n|move|p1a: Rotom|Hydro Pump|p2a: Charizard\n|-supereffective|p2a: Charizard|1\n|-damage|p2a: Charizard|26/100\n|move|p2a: Charizard|Heat Wave|p1a: Rotom\n|-resisted|p1a: Rotom|1\n|-damage|p1a: Rotom|43/100\n|\n|-weather|SunnyDay|[upkeep]\n|-heal|p1a: Rotom|49/100|[from] item: Leftovers\n|upkeep\n|turn|5\n|inactive|SukunaCR has 30 seconds left.\n|\n|t:|1776466224\n|move|p2b: Gardevoir|Moonblast|p1a: Rotom\n|-damage|p1a: Rotom|0 fnt\n|faint|p1a: Rotom\n|\n|win|penledzuu\n|raw|SukunaCR's rating: 1190 &rarr; <strong>1162</strong><br />(-28 for losing)\n|raw|penledzuu's rating: 1147 &rarr; <strong>1175</strong><br />(+28 for winning)\n",
  "uploadtime": 1776466228,
  "views": 27,
  "formatid": "gen9championsvgc2026regma",
  "rating": 1162,
  "private": 0,
  "password": null
}