{
  "id": "gen9championsvgc2026regma-2582990453",
  "format": "[Gen 9 Champions] VGC 2026 Reg M-A",
  "players": [
    "Cobalt6767",
    "mArio14eqrqtwt"
  ],
  "log": "|j|\u2606Cobalt6767\n|j|\u2606mArio14eqrqtwt\n|t:|1776131307\n|gametype|doubles\n|player|p1|Cobalt6767|2|1127\n|player|p2|mArio14eqrqtwt|sage|1134\n|gen|9\n|tier|[Gen 9 Champions] VGC 2026 Reg M-A\n|rated|\n|rule|Species Clause: Limit one of each Pok\u00e9mon\n|rule|Item Clause: Limit 1 of each item\n|clearpoke\n|poke|p1|Golurk, L50|\n|poke|p1|Runerigus, L50, F|\n|poke|p1|Reuniclus, L50, M|\n|poke|p1|Froslass, L50, F|\n|poke|p1|Rotom-Wash, L50|\n|poke|p1|Whimsicott, L50, F|\n|poke|p2|Incineroar, L50, F|\n|poke|p2|Rotom-Wash, L50|\n|poke|p2|Garchomp, L50, F|\n|poke|p2|Venusaur, L50, M|\n|poke|p2|Corviknight, L50, F|\n|poke|p2|Sneasler, L50, M|\n|teampreview|4\nCobalt6767 rejected open team sheets.\n|inactive|Battle timer is ON: inactive players will automatically lose when time's up. (requested by Cobalt6767)\n|\n|t:|1776131350\n|teamsize|p1|4\n|teamsize|p2|4\n|start\n|switch|p1a: Runerigus|Runerigus, L50, F, shiny|100/100\n|switch|p1b: Rotom|Rotom-Wash, L50, shiny|100/100\n|switch|p2a: Venusaur|Venusaur, L50, M|100/100\n|switch|p2b: Sneasler|Sneasler, L50, M|100/100\n|turn|1\n|inactive|Cobalt6767 has 30 seconds left.\n|inactive|Cobalt6767 has 20 seconds left.\n|inactive|Cobalt6767 has 15 seconds left.\n|inactive|Cobalt6767 has 10 seconds left.\n|inactive|Cobalt6767 has 5 seconds left.\n|\n|t:|1776131405\n|detailschange|p2a: Venusaur|Venusaur-Mega, L50, M\n|-mega|p2a: Venusaur|Venusaur|Venusaurite\n|move|p2b: Sneasler|Fake Out|p1b: Rotom\n|-damage|p1b: Rotom|86/100\n|move|p1a: Runerigus|Ally Switch|p1a: Runerigus\n|swap|p1a: Runerigus|1|[from] move: Ally Switch\n|move|p2a: Venusaur|Leech Seed|p1a: Rotom\n|-start|p1a: Rotom|move: Leech Seed\n|cant|p1a: Rotom|flinch\n|\n|-heal|p1a: Rotom|92/100|[from] item: Leftovers\n|-damage|p1a: Rotom|79/100|[from] Leech Seed|[of] p2a: Venusaur\n|upkeep\n|turn|2\n|\n|t:|1776131429\n|move|p2b: Sneasler|Protect|p2b: Sneasler\n|-singleturn|p2b: Sneasler|Protect\n|move|p2a: Venusaur|Leech Seed|p1b: Runerigus\n|-start|p1b: Runerigus|move: Leech Seed\n|move|p1a: Rotom|Volt Switch|p2b: Sneasler\n|-activate|p2b: Sneasler|move: Protect\n|move|p1b: Runerigus|Trick Room|p1b: Runerigus\n|-fieldstart|move: Trick Room|[of] p1b: Runerigus\n|\n|-heal|p1a: Rotom|85/100|[from] item: Leftovers\n|-damage|p1b: Runerigus|89/100|[from] Leech Seed|[of] p2a: Venusaur\n|-damage|p1a: Rotom|73/100|[from] Leech Seed|[of] p2a: Venusaur\n|upkeep\n|turn|3\n|inactive|Cobalt6767 has 30 seconds left.\n|inactive|mArio14eqrqtwt has 30 seconds left.\n|inactive|Cobalt6767 has 20 seconds left.\n|inactive|Cobalt6767 has 15 seconds left.\n|\n|t:|1776131471\n|switch|p1b: Reuniclus|Reuniclus, L50, M, shiny|100/100\n|switch|p2b: Incineroar|Incineroar, L50, F|100/100\n|-ability|p2b: Incineroar|Intimidate|boost\n|-unboost|p1a: Rotom|atk|1\n|-unboost|p1b: Reuniclus|atk|1\n|move|p1a: Rotom|Volt Switch|p2a: Venusaur\n|-resisted|p2a: Venusaur|1\n|-crit|p2a: Venusaur\n|-damage|p2a: Venusaur|84/100\n|\n|t:|1776131492\n|switch|p1a: Golurk|Golurk, L50, shiny|100/100|[from] Volt Switch\n|move|p2a: Venusaur|Sludge Bomb|p1a: Golurk\n|-resisted|p1a: Golurk|2\n|-damage|p1a: Golurk|90/100\n|\n|upkeep\n|turn|4\n|\n|t:|1776131511\n|detailschange|p1a: Golurk|Golurk-Mega, L50, shiny\n|-mega|p1a: Golurk|Golurk|Golurkite\n|move|p2b: Incineroar|Fake Out|p1a: Golurk\n|-immune|p1a: Golurk\n|move|p1b: Reuniclus|Psychic|p2a: Venusaur\n|-supereffective|p2a: Venusaur|1\n|-damage|p2a: Venusaur|23/100\n|move|p1a: Golurk|Headlong Rush|p2b: Incineroar\n|-supereffective|p2b: Incineroar|1\n|-damage|p2b: Incineroar|0 fnt\n|-unboost|p1a: Golurk|def|1\n|-unboost|p1a: Golurk|spd|1\n|faint|p2b: Incineroar\n|move|p2a: Venusaur|Giga Drain|p1a: Golurk\n|-supereffective|p1a: Golurk|1\n|-damage|p1a: Golurk|0 fnt\n|-heal|p2a: Venusaur|66/100|[from] drain|[of] p1a: Golurk\n|faint|p1a: Golurk\n|\n|upkeep\n|inactive|mArio14eqrqtwt has 30 seconds left.\n|\n|t:|1776131537\n|switch|p1a: Runerigus|Runerigus, L50, F, shiny|89/100\n|switch|p2b: Rotom|Rotom-Wash, L50|100/100\n|turn|5\n|\n|t:|1776131550\n|move|p2a: Venusaur|Protect|p2a: Venusaur\n|-singleturn|p2a: Venusaur|Protect\n|move|p1a: Runerigus|Ally Switch|p1a: Runerigus\n|swap|p1a: Runerigus|1|[from] move: Ally Switch\n|move|p1a: Reuniclus|Psychic|p2a: Venusaur\n|-activate|p2a: Venusaur|move: Protect\n|move|p2b: Rotom|Hydro Pump|p1a: Reuniclus\n|-damage|p1a: Reuniclus|63/100\n|\n|upkeep\n|turn|6\n|inactive|Cobalt6767 has 30 seconds left.\n|\n|t:|1776131577\n|move|p1b: Runerigus|Body Press|p2b: Rotom\n|-damage|p2b: Rotom|65/100\n|move|p1a: Reuniclus|Psychic|p2a: Venusaur\n|-supereffective|p2a: Venusaur|1\n|-damage|p2a: Venusaur|4/100\n|move|p2a: Venusaur|Leech Seed|p1a: Reuniclus\n|-start|p1a: Reuniclus|move: Leech Seed\n|move|p2b: Rotom|Hydro Pump|p1b: Runerigus\n|-supereffective|p1b: Runerigus|1\n|-damage|p1b: Runerigus|3/100\n|\n|-damage|p1a: Reuniclus|50/100|[from] Leech Seed|[of] p2a: Venusaur\n|-heal|p2a: Venusaur|17/100|[silent]\n|-fieldend|move: Trick Room\n|upkeep\n|turn|7\n|inactive|mArio14eqrqtwt has 30 seconds left.\n|inactive|mArio14eqrqtwt has 20 seconds left.\n|\n|t:|1776131612\n|move|p2a: Venusaur|Protect|p2a: Venusaur\n|-singleturn|p2a: Venusaur|Protect\n|move|p1b: Runerigus|Ally Switch|p1b: Runerigus\n|swap|p1b: Runerigus|0|[from] move: Ally Switch\n|move|p2b: Rotom|Hydro Pump|p1a: Runerigus|[miss]\n|-miss|p2b: Rotom|p1a: Runerigus\n|move|p1b: Reuniclus|Trick Room|p1b: Reuniclus\n|-fieldstart|move: Trick Room|[of] p1b: Reuniclus\n|\n|-damage|p1b: Reuniclus|38/100|[from] Leech Seed|[of] p2a: Venusaur\n|-heal|p2a: Venusaur|29/100|[silent]\n|upkeep\n|turn|8\n|inactive|Cobalt6767 has 30 seconds left.\n|\n|t:|1776131638\n|move|p2a: Venusaur|Protect||[still]\n|-fail|p2a: Venusaur\n|move|p1b: Reuniclus|Psychic|p2a: Venusaur\n|-supereffective|p2a: Venusaur|1\n|-damage|p2a: Venusaur|0 fnt\n|faint|p2a: Venusaur\n|move|p1a: Runerigus|Body Press|p2b: Rotom\n|-damage|p2b: Rotom|29/100\n|move|p2b: Rotom|Hydro Pump|p1a: Runerigus\n|-supereffective|p1a: Runerigus|1\n|-damage|p1a: Runerigus|0 fnt\n|faint|p1a: Runerigus\n|\n|upkeep\n|\n|t:|1776131653\n|switch|p1a: Rotom|Rotom-Wash, L50, shiny|73/100\n|switch|p2a: Sneasler|Sneasler, L50, M|100/100\n|turn|9\n|\n|t:|1776131669\n|move|p2a: Sneasler|Fake Out|p1a: Rotom\n|-damage|p1a: Rotom|58/100\n|move|p1b: Reuniclus|Psychic|p2b: Rotom\n|-damage|p2b: Rotom|0 fnt\n|faint|p2b: Rotom\n|cant|p1a: Rotom|flinch\n|\n|-heal|p1a: Rotom|64/100|[from] item: Leftovers\n|-damage|p1b: Reuniclus|25/100|[from] Leech Seed|[of] p2a: Sneasler\n|upkeep\n|turn|10\n|inactive|mArio14eqrqtwt has 30 seconds left.\n|\n|t:|1776131697\n|move|p2a: Sneasler|Protect|p2a: Sneasler\n|-singleturn|p2a: Sneasler|Protect\n|move|p1b: Reuniclus|Psychic|p2a: Sneasler\n|-activate|p2a: Sneasler|move: Protect\n|move|p1a: Rotom|Hydro Pump|p2a: Sneasler\n|-activate|p2a: Sneasler|move: Protect\n|\n|-heal|p1a: Rotom|70/100|[from] item: Leftovers\n|-damage|p1b: Reuniclus|13/100|[from] Leech Seed|[of] p2a: Sneasler\n|upkeep\n|turn|11\n|inactive|Cobalt6767 has 30 seconds left.\n|inactive|Cobalt6767 has 20 seconds left.\n|inactive|Cobalt6767 has 15 seconds left.\n|inactive|Cobalt6767 has 10 seconds left.\n|inactive|Cobalt6767 has 5 seconds left.\n|\n|t:|1776131752\n|move|p2a: Sneasler|Protect|p2a: Sneasler\n|-singleturn|p2a: Sneasler|Protect\n|move|p1a: Rotom|Hydro Pump|p2a: Sneasler\n|-activate|p2a: Sneasler|move: Protect\n|move|p1b: Reuniclus|Trick Room|p1b: Reuniclus\n|-fieldend|move: Trick Room\n|\n|-heal|p1a: Rotom|76/100|[from] item: Leftovers\n|-damage|p1b: Reuniclus|0 fnt|[from] Leech Seed|[of] p2a: Sneasler\n|faint|p1b: Reuniclus\n|upkeep\n|turn|12\n|inactive|Cobalt6767 has 30 seconds left.\n|inactive|mArio14eqrqtwt has 30 seconds left.\n|inactive|Cobalt6767 has 20 seconds left.\n|inactive|Cobalt6767 has 15 seconds left.\n|inactive|Cobalt6767 has 10 seconds left.\n|inactive|Cobalt6767 has 5 seconds left.\n|\n|t:|1776131807\n|move|p2a: Sneasler|Dire Claw|p1a: Rotom\n|-damage|p1a: Rotom|29/100\n|move|p1a: Rotom|Hydro Pump|p2a: Sneasler\n|-damage|p2a: Sneasler|39/100\n|\n|-heal|p1a: Rotom|35/100|[from] item: Leftovers\n|upkeep\n|turn|13\n|inactive|Cobalt6767 has 30 seconds left.\n|inactive|Cobalt6767 has 20 seconds left.\n|inactive|Cobalt6767 has 15 seconds left.\n|inactive|Cobalt6767 has 10 seconds left.\n|inactive|Cobalt6767 has 5 seconds left.\n|\n|t:|1776131862\n|move|p2a: Sneasler|Close Combat|p1a: Rotom\n|-damage|p1a: Rotom|0 fnt\n|-unboost|p2a: Sneasler|def|1\n|-unboost|p2a: Sneasler|spd|1\n|faint|p1a: Rotom\n|\n|win|mArio14eqrqtwt\n|raw|Cobalt6767's rating: 1149 &rarr; <strong>1123</strong><br />(-26 for losing)\n|raw|mArio14eqrqtwt's rating: 1134 &rarr; <strong>1160</strong><br />(+26 for winning)\n|c|\u2606mArio14eqrqtwt|Gg\n",
  "uploadtime": 1776131880,
  "views": 21,
  "formatid": "gen9championsvgc2026regma",
  "rating": 1123,
  "private": 0,
  "password": null
}