{
  "id": "gen9championsvgc2026regma-2586864305",
  "format": "[Gen 9 Champions] VGC 2026 Reg M-A",
  "players": [
    "vitor3561",
    "chessmate"
  ],
  "log": "|j|\u2606vitor3561\n|j|\u2606chessmate\n|t:|1776466483\n|gametype|doubles\n|player|p1|vitor3561|102|1074\n|player|p2|chessmate|n|1073\n|gen|9\n|tier|[Gen 9 Champions] VGC 2026 Reg M-A\n|rated|\n|rule|Species Clause: Limit one of each Pok\u00e9mon\n|rule|Item Clause: Limit 1 of each item\n|clearpoke\n|poke|p1|Heracross, L50, M|\n|poke|p1|Pelipper, L50, M|\n|poke|p1|Basculegion, L50, M|\n|poke|p1|Aegislash, L50, M|\n|poke|p1|Garchomp, L50, M|\n|poke|p1|Incineroar, L50, M|\n|poke|p2|Zoroark-Hisui, L50, F|\n|poke|p2|Starmie, L50|\n|poke|p2|Garchomp, L50, M|\n|poke|p2|Kingambit, L50, M|\n|poke|p2|Glimmora, L50, M|\n|poke|p2|Whimsicott, L50, M|\n|teampreview|4\n|inactive|Battle timer is ON: inactive players will automatically lose when time's up. (requested by vitor3561)\n|\n|t:|1776466565\n|teamsize|p1|4\n|teamsize|p2|4\n|start\n|switch|p1a: Pelipper|Pelipper, L50, M, shiny|100/100\n|switch|p1b: Incineroar|Incineroar, L50, M, shiny|100/100\n|switch|p2a: Whimsicott|Whimsicott, L50, M|100/100\n|switch|p2b: Hanenbow|Kingambit, L50, M, shiny|100/100\n|-weather|RainDance|[from] ability: Drizzle|[of] p1a: Pelipper\n|-ability|p1b: Incineroar|Intimidate|boost\n|-unboost|p2a: Whimsicott|atk|1\n|-unboost|p2b: Hanenbow|atk|1\n|-ability|p2b: Hanenbow|Defiant|boost\n|-boost|p2b: Hanenbow|atk|2\n|turn|1\n|\n|t:|1776466589\n|move|p1b: Incineroar|Fake Out|p2a: Whimsicott\n|-immune|p2a: Whimsicott\n|move|p2a: Whimsicott|Icy Wind|p1b: Incineroar|[spread] p1a,p1b\n|-resisted|p1b: Incineroar|1\n|-damage|p1a: Pelipper|82/100\n|-damage|p1b: Incineroar|94/100\n|-unboost|p1a: Pelipper|spe|1\n|-unboost|p1b: Incineroar|spe|1\n|move|p2b: Hanenbow|Kowtow Cleave|p1a: Pelipper\n|-damage|p1a: Pelipper|8/100\n|move|p1a: Pelipper|Tailwind|p1a: Pelipper\n|-sidestart|p1: vitor3561|move: Tailwind\n|\n|-weather|RainDance|[upkeep]\n|upkeep\n|turn|2\n|inactive|vitor3561 has 30 seconds left.\n|inactive|chessmate has 30 seconds left.\n|\n|t:|1776466620\n|move|p2a: Whimsicott|Protect|p2a: Whimsicott\n|-singleturn|p2a: Whimsicott|Protect\n|move|p1a: Pelipper|Protect|p1a: Pelipper\n|-singleturn|p1a: Pelipper|Protect\n|move|p1b: Incineroar|Throat Chop|p2a: Whimsicott\n|-activate|p2a: Whimsicott|move: Protect\n|move|p2b: Hanenbow|Kowtow Cleave|p1a: Pelipper\n|-activate|p1a: Pelipper|move: Protect\n|\n|-weather|RainDance|[upkeep]\n|upkeep\n|turn|3\n|inactive|chessmate has 30 seconds left.\n|\n|t:|1776466645\n|switch|p2a: Whimsicott|Whimsicott, L50, M|100/100\n|move|p2b: Hanenbow|Sucker Punch|p1a: Pelipper\n|-damage|p1a: Pelipper|0 fnt\n|faint|p1a: Pelipper\n|move|p1b: Incineroar|Flare Blitz|p2b: Hanenbow\n|-supereffective|p2b: Hanenbow|1\n|-damage|p2b: Hanenbow|60/100\n|-damage|p1b: Incineroar|80/100|[from] Recoil\n|\n|-weather|RainDance|[upkeep]\n|upkeep\n|\n|t:|1776466654\n|switch|p1a: Heracross|Heracross, L50, M|100/100\n|turn|4\n|\n|t:|1776466663\n|detailschange|p1a: Heracross|Heracross-Mega, L50, M\n|-mega|p1a: Heracross|Heracross|Heracronite\n|move|p2b: Hanenbow|Protect|p2b: Hanenbow\n|-singleturn|p2b: Hanenbow|Protect\n|move|p1a: Heracross|Pin Missile|p2a: Whimsicott\n|-crit|p2a: Whimsicott\n|-damage|p2a: Whimsicott|62/100\n|-damage|p2a: Whimsicott|33/100\n|-damage|p2a: Whimsicott|5/100\n|-damage|p2a: Whimsicott|0 fnt\n|faint|p2a: Whimsicott\n|-hitcount|p2: Whimsicott|4\n|move|p1b: Incineroar|Parting Shot|p2b: Hanenbow\n|-activate|p2b: Hanenbow|move: Protect\n|\n|-weather|RainDance|[upkeep]\n|-sideend|p1: vitor3561|move: Tailwind\n|upkeep\n|\n|t:|1776466679\n|switch|p2a: Starmie|Starmie, L50|100/100\n|turn|5\n|\n|t:|1776466694\n|switch|p2b: Hanenbow|Kingambit, L50, M, shiny|100/100\n|move|p2a: Starmie|Protect|p2a: Starmie\n|-singleturn|p2a: Starmie|Protect\n|move|p1a: Heracross|Bullet Seed|p2a: Starmie\n|-activate|p2a: Starmie|move: Protect\n|move|p1b: Incineroar|Parting Shot|p2a: Starmie\n|-activate|p2a: Starmie|move: Protect\n|\n|-weather|none\n|upkeep\n|turn|6\n|\n|t:|1776466708\n|detailschange|p2a: Starmie|Starmie-Mega, L50\n|-mega|p2a: Starmie|Starmie|Starminite\n|move|p2b: Hanenbow|Helping Hand|p2a: Starmie\n|-singleturn|p2a: Starmie|Helping Hand|[of] p2b: Hanenbow\n|move|p2a: Starmie|Self-Destruct|p1a: Heracross|[spread] p1a,p1b\n|-immune|p2b: Hanenbow\n|-damage|p1a: Heracross|0 fnt\n|-damage|p1b: Incineroar|0 fnt\n|faint|p2a: Starmie\n|faint|p1a: Heracross\n|faint|p1b: Incineroar\n|\n|upkeep\n|\n|t:|1776466718\n|switch|p2a: Hanenbow|Kingambit, L50, M, shiny|60/100\n|switch|p1a: Basculegion|Basculegion, L50, M, shiny|100/100\n|turn|7\n|\n|t:|1776466732\n|move|p2a: Hanenbow|Sucker Punch|p1a: Basculegion\n|-supereffective|p1a: Basculegion|1\n|-crit|p1a: Basculegion\n|-damage|p1a: Basculegion|0 fnt\n|faint|p1a: Basculegion\n|\n|win|chessmate\n|raw|vitor3561's rating: 1074 &rarr; <strong>1053</strong><br />(-21 for losing)\n|raw|chessmate's rating: 1073 &rarr; <strong>1102</strong><br />(+29 for winning)\n|l|\u2606vitor3561\n|player|p1|\n",
  "uploadtime": 1776466753,
  "views": 30,
  "formatid": "gen9championsvgc2026regma",
  "rating": 1053,
  "private": 0,
  "password": null
}