{
  "id": "gen9championsvgc2026regma-2584068416",
  "format": "[Gen 9 Champions] VGC 2026 Reg M-A",
  "players": [
    "Dess_O7",
    "pokemonyoyoplayer"
  ],
  "log": "|j|\u2606Dess_O7\n|j|\u2606pokemonyoyoplayer\n|t:|1776221938\n|gametype|doubles\n|player|p1|Dess_O7|170|1310\n|player|p2|pokemonyoyoplayer|265|1361\n|gen|9\n|tier|[Gen 9 Champions] VGC 2026 Reg M-A\n|rated|\n|rule|Species Clause: Limit one of each Pok\u00e9mon\n|rule|Item Clause: Limit 1 of each item\n|clearpoke\n|poke|p1|Archaludon, L50, M|\n|poke|p1|Lycanroc-Dusk, L50, F|\n|poke|p1|Milotic, L50, F|\n|poke|p1|Froslass, L50, F|\n|poke|p1|Farigiraf, L50, F|\n|poke|p1|Meganium, L50, F|\n|poke|p2|Sneasler, L50, F|\n|poke|p2|Kingambit, L50, M|\n|poke|p2|Aerodactyl, L50, M|\n|poke|p2|Gardevoir, L50, M|\n|poke|p2|Incineroar, L50, M|\n|poke|p2|Sinistcha, L50|\n|teampreview|4\n|j| MatuMonte\n|\n|t:|1776222008\n|teamsize|p1|4\n|teamsize|p2|4\n|start\n|switch|p1a: Milotic|Milotic, L50, F|100/100\n|switch|p1b: Meganium|Meganium, L50, F|100/100\n|switch|p2a: Gardevoir|Gardevoir, L50, M|100/100\n|switch|p2b: Kingambit|Kingambit, L50, M|100/100\n|-ability|p2a: Gardevoir|Overgrow|Trace|[from] ability: Trace|[of] p1b: Meganium\n|turn|1\n|inactive|Battle timer is ON: inactive players will automatically lose when time's up. (requested by Dess_O7)\n|inactive|Dess_O7 has 60 seconds left.\n|inactive|pokemonyoyoplayer has 60 seconds left.\n|\n|t:|1776222059\n|detailschange|p2a: Gardevoir|Gardevoir-Mega, L50, M\n|-mega|p2a: Gardevoir|Gardevoir|Gardevoirite\n|detailschange|p1b: Meganium|Meganium-Mega, L50, F\n|-mega|p1b: Meganium|Meganium|Meganiumite\n|move|p2a: Gardevoir|Hyper Voice|p1b: Meganium|[spread] p1a,p1b\n|-damage|p1a: Milotic|61/100\n|-damage|p1b: Meganium|59/100\n|move|p1a: Milotic|Icy Wind|p2b: Kingambit|[spread] p2a,p2b\n|-resisted|p2b: Kingambit|1\n|-damage|p2a: Gardevoir|90/100\n|-damage|p2b: Kingambit|95/100\n|-unboost|p2a: Gardevoir|spe|1\n|-unboost|p2b: Kingambit|spe|1\n|-ability|p2b: Kingambit|Defiant|boost\n|-boost|p2b: Kingambit|atk|2\n|move|p1b: Meganium|Weather Ball|p2b: Kingambit\n|-supereffective|p2b: Kingambit|1\n|-damage|p2b: Kingambit|0 fnt\n|faint|p2b: Kingambit\n|\n|-heal|p1a: Milotic|67/100|[from] item: Leftovers\n|upkeep\n|inactive|pokemonyoyoplayer has 30 seconds left.\n|\n|t:|1776222087\n|switch|p2b: Sinistcha|Sinistcha, L50|100/100\n|-heal|p2a: Gardevoir|100/100|[from] ability: Hospitality|[of] p2b: Sinistcha\n|turn|2\n|inactive|Dess_O7 has 30 seconds left.\n|inactive|pokemonyoyoplayer has 30 seconds left.\n|\n|t:|1776222118\n|switch|p2b: Incineroar|Incineroar, L50, M|100/100\n|-ability|p2b: Incineroar|Intimidate|boost\n|-unboost|p1a: Milotic|atk|1\n|-ability|p1a: Milotic|Competitive|boost\n|-boost|p1a: Milotic|spa|2\n|-unboost|p1b: Meganium|atk|1\n|move|p1a: Milotic|Icy Wind|p2b: Incineroar|[spread] p2a,p2b\n|-resisted|p2b: Incineroar|1\n|-damage|p2a: Gardevoir|80/100\n|-damage|p2b: Incineroar|90/100\n|-unboost|p2a: Gardevoir|spe|1\n|-unboost|p2b: Incineroar|spe|1\n|move|p1b: Meganium|Weather Ball|p2b: Incineroar\n|-resisted|p2b: Incineroar|1\n|-damage|p2b: Incineroar|63/100\n|move|p2a: Gardevoir|Hyper Voice|p1a: Milotic|[spread] p1a,p1b\n|-crit|p1b: Meganium\n|-damage|p1a: Milotic|30/100\n|-damage|p1b: Meganium|0 fnt\n|faint|p1b: Meganium\n|\n|-heal|p1a: Milotic|36/100|[from] item: Leftovers\n|upkeep\n|\n|t:|1776222139\n|switch|p1b: Lycanroc|Lycanroc-Dusk, L50, F|100/100\n|turn|3\n|\n|t:|1776222152\n|switch|p1b: Farigiraf|Farigiraf, L50, F|100/100\n|move|p2b: Incineroar|Fake Out||[still]\n|cant|p1b: Farigiraf|ability: Armor Tail|Fake Out|[of] p2b: Incineroar\n|move|p1a: Milotic|Muddy Water|p2b: Incineroar|[spread] p2a,p2b\n|-supereffective|p2b: Incineroar|1\n|-damage|p2a: Gardevoir|25/100\n|-damage|p2b: Incineroar|0 fnt\n|faint|p2b: Incineroar\n|move|p2a: Gardevoir|Trick Room|p2a: Gardevoir\n|-fieldstart|move: Trick Room|[of] p2a: Gardevoir\n|\n|-heal|p1a: Milotic|42/100|[from] item: Leftovers\n|upkeep\n|\n|t:|1776222161\n|switch|p2b: Sinistcha|Sinistcha, L50|100/100\n|-heal|p2a: Gardevoir|50/100|[from] ability: Hospitality|[of] p2b: Sinistcha\n|turn|4\n|\n|t:|1776222180\n|move|p1a: Milotic|Protect|p1a: Milotic\n|-singleturn|p1a: Milotic|Protect\n|move|p2a: Gardevoir|Hyper Voice|p1b: Farigiraf|[spread] p1b\n|-activate|p1a: Milotic|move: Protect\n|-damage|p1b: Farigiraf|49/100\n|-enditem|p1b: Farigiraf|Sitrus Berry|[eat]\n|-heal|p1b: Farigiraf|73/100|[from] item: Sitrus Berry\n|move|p2b: Sinistcha|Matcha Gotcha|p1b: Farigiraf|[spread] \n|-activate|p1a: Milotic|move: Protect\n|-miss|p2b: Sinistcha|p1b: Farigiraf\n|move|p1b: Farigiraf|Trick Room|p1b: Farigiraf\n|-fieldend|move: Trick Room\n|\n|-heal|p1a: Milotic|48/100|[from] item: Leftovers\n|upkeep\n|turn|5\n|inactive|Dess_O7 has 30 seconds left.\n|l| MatuMonte\n|\n|t:|1776222213\n|move|p1b: Farigiraf|Helping Hand|p1a: Milotic\n|-singleturn|p1a: Milotic|Helping Hand|[of] p1b: Farigiraf\n|move|p2a: Gardevoir|Protect|p2a: Gardevoir\n|-singleturn|p2a: Gardevoir|Protect\n|move|p1a: Milotic|Icy Wind|p2a: Gardevoir|[spread] p2b\n|-activate|p2a: Gardevoir|move: Protect\n|-supereffective|p2b: Sinistcha|1\n|-damage|p2b: Sinistcha|27/100\n|-unboost|p2b: Sinistcha|spe|1\n|-enditem|p2b: Sinistcha|Sitrus Berry|[eat]\n|-heal|p2b: Sinistcha|52/100|[from] item: Sitrus Berry\n|move|p2b: Sinistcha|Trick Room|p2b: Sinistcha\n|-fieldstart|move: Trick Room|[of] p2b: Sinistcha\n|\n|-heal|p1a: Milotic|54/100|[from] item: Leftovers\n|upkeep\n|turn|6\n|inactive|Dess_O7 has 30 seconds left.\n|inactive|pokemonyoyoplayer has 30 seconds left.\n|inactive|Dess_O7 has 20 seconds left.\n|inactive|Dess_O7 has 15 seconds left.\n|\n|t:|1776222258\n|move|p1a: Milotic|Protect|p1a: Milotic\n|-singleturn|p1a: Milotic|Protect\n|move|p2b: Sinistcha|Matcha Gotcha|p1a: Milotic|[spread] \n|-activate|p1a: Milotic|move: Protect\n|-miss|p2b: Sinistcha|p1b: Farigiraf\n|move|p2a: Gardevoir|Hyper Voice|p1a: Milotic|[spread] p1b\n|-activate|p1a: Milotic|move: Protect\n|-damage|p1b: Farigiraf|16/100\n|move|p1b: Farigiraf|Trick Room|p1b: Farigiraf\n|-fieldend|move: Trick Room\n|\n|-heal|p1a: Milotic|60/100|[from] item: Leftovers\n|upkeep\n|turn|7\n|inactive|pokemonyoyoplayer has 30 seconds left.\n|inactive|pokemonyoyoplayer has 20 seconds left.\n|inactive|pokemonyoyoplayer has 15 seconds left.\n|inactive|pokemonyoyoplayer has 10 seconds left.\n|\n|t:|1776222303\n|move|p1a: Milotic|Muddy Water|p2a: Gardevoir|[spread] p2b\n|-miss|p1a: Milotic|p2a: Gardevoir\n|-resisted|p2b: Sinistcha|1\n|-damage|p2b: Sinistcha|20/100\n|move|p1b: Farigiraf|Twin Beam|p2b: Sinistcha\n|-damage|p2b: Sinistcha|3/100\n|-damage|p2b: Sinistcha|0 fnt\n|faint|p2b: Sinistcha\n|-hitcount|p2: Sinistcha|2\n|move|p2a: Gardevoir|Hyper Voice|p1b: Farigiraf|[spread] p1a,p1b\n|-damage|p1a: Milotic|25/100\n|-damage|p1b: Farigiraf|0 fnt\n|faint|p1b: Farigiraf\n|\n|-heal|p1a: Milotic|31/100|[from] item: Leftovers\n|upkeep\n|\n|t:|1776222317\n|switch|p1b: Lycanroc|Lycanroc-Dusk, L50, F|100/100\n|turn|8\n|\n|t:|1776222326\n|move|p1b: Lycanroc|Iron Head|p2a: Gardevoir\n|-supereffective|p2a: Gardevoir|1\n|-damage|p2a: Gardevoir|0 fnt\n|faint|p2a: Gardevoir\n|\n|win|Dess_O7\n|raw|Dess_O7's rating: 1310 &rarr; <strong>1333</strong><br />(+23 for winning)\n|raw|pokemonyoyoplayer's rating: 1361 &rarr; <strong>1338</strong><br />(-23 for losing)\n|l|\u2606Dess_O7\n|player|p1|\n",
  "uploadtime": 1776222333,
  "views": 24,
  "formatid": "gen9championsvgc2026regma",
  "rating": 1333,
  "private": 0,
  "password": null
}