{
  "id": "gen9championsvgc2026regma-2587709459",
  "format": "[Gen 9 Champions] VGC 2026 Reg M-A",
  "players": [
    "dhyn964",
    "simpsongameplays"
  ],
  "log": "|j|\u2606dhyn964\n|j|\u2606simpsongameplays\n|t:|1776556134\n|gametype|doubles\n|player|p1|dhyn964|gamer-gen3|1090\n|player|p2|simpsongameplays|ingo|1000\n|gen|9\n|tier|[Gen 9 Champions] VGC 2026 Reg M-A\n|rated|\n|rule|Species Clause: Limit one of each Pok\u00e9mon\n|rule|Item Clause: Limit 1 of each item\n|clearpoke\n|poke|p1|Zoroark-Hisui, L50, F|\n|poke|p1|Froslass, L50, F|\n|poke|p1|Whimsicott, L50, M|\n|poke|p1|Incineroar, L50, M|\n|poke|p1|Kingambit, L50, F|\n|poke|p1|Bellibolt, L50, M, shiny|\n|poke|p2|Slurpuff, L50, F|\n|poke|p2|Torkoal, L50, F|\n|poke|p2|Garchomp, L50, F|\n|poke|p2|Reuniclus, L50, M|\n|poke|p2|Palafin, L50, F|\n|poke|p2|Camerupt, L50, M|\n|teampreview|4\n|inactive|Battle timer is ON: inactive players will automatically lose when time's up. (requested by simpsongameplays)\n|inactive|dhyn964 also wants the timer to be on.\n|c|\u2606simpsongameplays|Glhf\nsimpsongameplays rejected open team sheets.\n|\n|t:|1776556162\n|teamsize|p1|4\n|teamsize|p2|4\n|start\n|switch|p1a: Bellibolt|Bellibolt, L50, M, shiny|100/100\n|switch|p1b: Whimsicott|Whimsicott, L50, M|100/100\n|switch|p2a: Reuniclus|Reuniclus, L50, M|100/100\n|switch|p2b: Garchomp|Garchomp, L50, F|100/100\n|turn|1\n|\n|t:|1776556187\n|move|p1b: Whimsicott|Fake Tears|p2b: Garchomp\n|-unboost|p2b: Garchomp|spd|2\n|move|p1a: Bellibolt|Icy Wind|p2b: Garchomp|[spread] p2a,p2b\n|-supereffective|p2b: Garchomp|2\n|-damage|p2a: Reuniclus|88/100\n|-enditem|p2b: Garchomp|Focus Sash\n|-damage|p2b: Garchomp|1/100\n|-unboost|p2a: Reuniclus|spe|1\n|-unboost|p2b: Garchomp|spe|1\n|move|p2b: Garchomp|Spikes|p1b: Whimsicott\n|-sidestart|p1: dhyn964|Spikes\n|move|p2a: Reuniclus|Trick Room|p2a: Reuniclus\n|-fieldstart|move: Trick Room|[of] p2a: Reuniclus\n|\n|-heal|p2a: Reuniclus|94/100|[from] item: Leftovers\n|upkeep\n|turn|2\n|\n|t:|1776556208\n|switch|p2a: Camerupt|Camerupt, L50, M|100/100\n|switch|p2b: Torkoal|Torkoal, L50, F|100/100\n|-weather|SunnyDay|[from] ability: Drought|[of] p2b: Torkoal\n|move|p1b: Whimsicott|Encore||[still]\n|-fail|p1b: Whimsicott\n|move|p1a: Bellibolt|Hyper Voice|p2a: Camerupt|[spread] p2a,p2b\n|-damage|p2a: Camerupt|59/100\n|-damage|p2b: Torkoal|56/100\n|\n|-weather|SunnyDay|[upkeep]\n|upkeep\n|turn|3\n|inactive|dhyn964 has 30 seconds left.\n|\n|t:|1776556234\n|detailschange|p2a: Camerupt|Camerupt-Mega, L50, M\n|-mega|p2a: Camerupt|Camerupt|Cameruptite\n|move|p1b: Whimsicott|Fake Tears|p2b: Torkoal\n|-unboost|p2b: Torkoal|spd|2\n|move|p2a: Camerupt|Heat Wave|p1b: Whimsicott|[spread] p1a,p1b\n|-supereffective|p1b: Whimsicott|1\n|-enditem|p1a: Bellibolt|Focus Sash\n|-damage|p1a: Bellibolt|1/100\n|-damage|p1b: Whimsicott|0 fnt\n|replace|p1a: Zoroark|Zoroark-Hisui, L50, F\n|-end|p1a: Zoroark|Illusion\n|faint|p1b: Whimsicott\n|move|p2b: Torkoal|Eruption|p1a: Zoroark\n|-damage|p1a: Zoroark|0 fnt\n|faint|p1a: Zoroark\n|\n|-weather|SunnyDay|[upkeep]\n|upkeep\n|\n|t:|1776556242\n|switch|p1b: Bellibolt|Bellibolt, L50, M, shiny|100/100\n|switch|p1a: Incineroar|Incineroar, L50, M|100/100\n|-damage|p1b: Bellibolt|88/100|[from] Spikes\n|-damage|p1a: Incineroar|88/100|[from] Spikes\n|-ability|p1a: Incineroar|Intimidate|boost\n|-unboost|p2a: Camerupt|atk|1\n|-unboost|p2b: Torkoal|atk|1\n|turn|4\n|\n|t:|1776556257\n|move|p1a: Incineroar|Fake Out|p2a: Camerupt\n|-damage|p2a: Camerupt|44/100\n|cant|p2a: Camerupt|flinch\n|move|p2b: Torkoal|Eruption|p1a: Incineroar|[spread] p1a,p1b\n|-resisted|p1a: Incineroar|1\n|-damage|p1a: Incineroar|66/100\n|-damage|p1b: Bellibolt|42/100\n|-start|p1b: Bellibolt|Charge|Eruption|[from] ability: Electromorphosis\n|-enditem|p1b: Bellibolt|Sitrus Berry|[eat]\n|-heal|p1b: Bellibolt|67/100|[from] item: Sitrus Berry\n|move|p1b: Bellibolt|Muddy Water|p2b: Torkoal|[spread] p2a,p2b\n|-supereffective|p2a: Camerupt|2\n|-supereffective|p2b: Torkoal|1\n|-damage|p2a: Camerupt|5/100\n|-damage|p2b: Torkoal|1/100\n|-unboost|p2a: Camerupt|accuracy|1\n|\n|-weather|SunnyDay|[upkeep]\n|-heal|p1a: Incineroar|72/100|[from] item: Leftovers\n|upkeep\n|turn|5\n|inactive|dhyn964 has 30 seconds left.\n|inactive|dhyn964 has 20 seconds left.\n|inactive|dhyn964 has 15 seconds left.\n|\n|t:|1776556301\n|move|p2a: Camerupt|Earth Power|p1a: Incineroar|[miss]\n|-miss|p2a: Camerupt|p1a: Incineroar\n|move|p2b: Torkoal|Solar Beam||[still]\n|-prepare|p2b: Torkoal|Solar Beam\n|-anim|p2b: Torkoal|Solar Beam|p1b: Bellibolt\n|-damage|p1b: Bellibolt|34/100\n|-start|p1b: Bellibolt|Charge|Solar Beam|[from] ability: Electromorphosis\n|move|p1b: Bellibolt|Slack Off|p1b: Bellibolt\n|-heal|p1b: Bellibolt|84/100\n|move|p1a: Incineroar|Darkest Lariat|p2b: Torkoal\n|-damage|p2b: Torkoal|0 fnt\n|faint|p2b: Torkoal\n|\n|-weather|SunnyDay|[upkeep]\n|-heal|p1a: Incineroar|78/100|[from] item: Leftovers\n|-fieldend|move: Trick Room\n|upkeep\n|\n|t:|1776556308\n|switch|p2b: Garchomp|Garchomp, L50, F|1/100\n|turn|6\n|\n|t:|1776556325\n|move|p2b: Garchomp|Earthquake|p1b: Bellibolt|[spread] p2a,p1a,p1b\n|-supereffective|p2a: Camerupt|1\n|-supereffective|p1a: Incineroar|1\n|-supereffective|p1b: Bellibolt|1\n|-damage|p2a: Camerupt|0 fnt\n|-damage|p1a: Incineroar|9/100\n|-damage|p1b: Bellibolt|11/100\n|-start|p1b: Bellibolt|Charge|Earthquake|[from] ability: Electromorphosis\n|faint|p2a: Camerupt\n|move|p1a: Incineroar|Darkest Lariat|p2b: Garchomp\n|-damage|p2b: Garchomp|0 fnt\n|-damage|p1a: Incineroar|0 fnt|[from] ability: Rough Skin|[of] p2b: Garchomp\n|faint|p2b: Garchomp\n|faint|p1a: Incineroar\n|move|p1b: Bellibolt|Muddy Water|p2: Camerupt|[notarget]\n|-fail|p1b: Bellibolt\n|\n|-weather|none\n|upkeep\n|\n|t:|1776556330\n|switch|p2b: Reuniclus|Reuniclus, L50, M|94/100\n|turn|7\n|\n|t:|1776556335\n|move|p1b: Bellibolt|Slack Off|p1b: Bellibolt\n|-heal|p1b: Bellibolt|61/100\n|move|p2b: Reuniclus|Psychic|p1b: Bellibolt\n|-crit|p1b: Bellibolt\n|-damage|p1b: Bellibolt|0 fnt\n|faint|p1b: Bellibolt\n|\n|win|simpsongameplays\n|raw|dhyn964's rating: 1090 &rarr; <strong>1061</strong><br />(-29 for losing)\n|raw|simpsongameplays's rating: 1000 &rarr; <strong>1050</strong><br />(+50 for winning)\n|l|\u2606dhyn964\n|player|p1|\n",
  "uploadtime": 1776556342,
  "views": 28,
  "formatid": "gen9championsvgc2026regma",
  "rating": 1050,
  "private": 0,
  "password": null
}