{
  "id": "gen9championsvgc2026regma-2584315444",
  "format": "[Gen 9 Champions] VGC 2026 Reg M-A",
  "players": [
    "Lerry27",
    "Padhijesp"
  ],
  "log": "|j|\u2606Lerry27\n|j|\u2606Padhijesp\n|t:|1776250384\n|gametype|doubles\n|player|p1|Lerry27|brycen|1241\n|player|p2|Padhijesp|red|1333\n|gen|9\n|tier|[Gen 9 Champions] VGC 2026 Reg M-A\n|rated|\n|rule|Species Clause: Limit one of each Pok\u00e9mon\n|rule|Item Clause: Limit 1 of each item\n|clearpoke\n|poke|p1|Mimikyu, L50, F|\n|poke|p1|Sinistcha, L50|\n|poke|p1|Incineroar, L50, M|\n|poke|p1|Farigiraf, L50, M|\n|poke|p1|Golurk, L50|\n|poke|p1|Torkoal, L50, M|\n|poke|p2|Tyranitar, L50, M|\n|poke|p2|Excadrill, L50, F|\n|poke|p2|Incineroar, L50, M|\n|poke|p2|Rotom-Wash, L50|\n|poke|p2|Dragapult, L50, F|\n|poke|p2|Farigiraf, L50, M|\n|teampreview|4\n|inactive|Battle timer is ON: inactive players will automatically lose when time's up. (requested by Padhijesp)\n|\n|t:|1776250410\n|teamsize|p1|4\n|teamsize|p2|4\n|start\n|switch|p1a: Mimikyu|Mimikyu, L50, F|100/100\n|switch|p1b: Incineroar|Incineroar, L50, M, shiny|100/100\n|switch|p2a: Dragapult|Dragapult, L50, F, shiny|100/100\n|switch|p2b: Rotom|Rotom-Wash, L50, shiny|100/100\n|-ability|p1b: Incineroar|Intimidate|boost\n|-fail|p2a: Dragapult|unboost|[from] ability: Clear Body|[of] p2a: Dragapult\n|-unboost|p2b: Rotom|atk|1\n|turn|1\n|\n|t:|1776250419\n|move|p1b: Incineroar|Fake Out|p2b: Rotom\n|-damage|p2b: Rotom|84/100\n|cant|p2b: Rotom|flinch\n|move|p2a: Dragapult|U-turn|p1a: Mimikyu\n|-activate|p1a: Mimikyu|ability: Disguise\n|-damage|p1a: Mimikyu|100/100\n|detailschange|p1a: Mimikyu|Mimikyu-Busted, L50, F\n|-damage|p1a: Mimikyu|88/100|[from] pokemon: Mimikyu-Busted\n|\n|t:|1776250423\n|switch|p2a: Excadrill|Excadrill, L50, F, shiny|100/100|[from] U-turn\n|move|p1a: Mimikyu|Trick Room|p1a: Mimikyu\n|-fieldstart|move: Trick Room|[of] p1a: Mimikyu\n|\n|-heal|p1a: Mimikyu|94/100|[from] item: Leftovers\n|upkeep\n|turn|2\n|\n|t:|1776250442\n|move|p2a: Excadrill|Protect|p2a: Excadrill\n|-singleturn|p2a: Excadrill|Protect\n|move|p1b: Incineroar|Parting Shot|p2a: Excadrill\n|-activate|p2a: Excadrill|move: Protect\n|move|p1a: Mimikyu|Will-O-Wisp|p2a: Excadrill\n|-activate|p2a: Excadrill|move: Protect\n|move|p2b: Rotom|Hydro Pump|p1b: Incineroar\n|-supereffective|p1b: Incineroar|1\n|-damage|p1b: Incineroar|21/100\n|\n|-heal|p1a: Mimikyu|100/100|[from] item: Leftovers\n|upkeep\n|turn|3\n|\n|t:|1776250462\n|switch|p1b: Golurk|Golurk, L50, shiny|100/100\n|switch|p2a: Dragapult|Dragapult, L50, F, shiny|100/100\n|move|p1a: Mimikyu|Will-O-Wisp|p2a: Dragapult\n|-status|p2a: Dragapult|brn\n|move|p2b: Rotom|Hydro Pump|p1a: Mimikyu|[miss]\n|-miss|p2b: Rotom|p1a: Mimikyu\n|\n|-damage|p2a: Dragapult|94/100 brn|[from] brn\n|upkeep\n|turn|4\n|inactive|Lerry27 has 30 seconds left.\n|\n|t:|1776250496\n|detailschange|p1b: Golurk|Golurk-Mega, L50, shiny\n|-mega|p1b: Golurk|Golurk|Golurkite\n|move|p2a: Dragapult|Sucker Punch|p1b: Golurk\n|-supereffective|p1b: Golurk|1\n|-damage|p1b: Golurk|82/100\n|move|p1b: Golurk|Poltergeist|p2b: Rotom\n|-activate|p2b: Rotom|move: Poltergeist|Choice Scarf\n|-damage|p2b: Rotom|0 fnt\n|faint|p2b: Rotom\n|move|p1a: Mimikyu|Shadow Claw|p2a: Dragapult\n|-supereffective|p2a: Dragapult|1\n|-crit|p2a: Dragapult\n|-damage|p2a: Dragapult|0 fnt\n|faint|p2a: Dragapult\n|\n|upkeep\n|\n|t:|1776250507\n|switch|p2b: Excadrill|Excadrill, L50, F, shiny|100/100\n|switch|p2a: Tyranitar|Tyranitar, L50, M, shiny|100/100\n|-weather|Sandstorm|[from] ability: Sand Stream|[of] p2a: Tyranitar\n|turn|5\n|inactive|Lerry27 has 30 seconds left.\n|\n|t:|1776250538\n|move|p2a: Tyranitar|Protect|p2a: Tyranitar\n|-singleturn|p2a: Tyranitar|Protect\n|move|p1b: Golurk|High Horsepower|p2a: Tyranitar\n|-supereffective|p2a: Tyranitar|1\n|-ability|p1b: Golurk|Unseen Fist\n|-zbroken|p2a: Tyranitar\n|-damage|p2a: Tyranitar|70/100\n|move|p1a: Mimikyu|Will-O-Wisp|p2b: Excadrill\n|-status|p2b: Excadrill|brn\n|move|p2b: Excadrill|Iron Head|p1a: Mimikyu\n|-supereffective|p1a: Mimikyu|1\n|-damage|p1a: Mimikyu|44/100\n|\n|-weather|Sandstorm|[upkeep]\n|-damage|p1a: Mimikyu|38/100|[from] Sandstorm\n|-heal|p1a: Mimikyu|44/100|[from] item: Leftovers\n|-damage|p2b: Excadrill|95/100 brn|[from] brn\n|-fieldend|move: Trick Room\n|upkeep\n|turn|6\n|\n|t:|1776250558\n|switch|p1b: Sinistcha|Sinistcha, L50|100/100\n|-heal|p1a: Mimikyu|69/100|[from] ability: Hospitality|[of] p1b: Sinistcha\n|detailschange|p2a: Tyranitar|Tyranitar-Mega, L50, M, shiny\n|-mega|p2a: Tyranitar|Tyranitar|Tyranitarite\n|move|p2b: Excadrill|Iron Head|p1a: Mimikyu\n|-supereffective|p1a: Mimikyu|1\n|-damage|p1a: Mimikyu|10/100\n|move|p2a: Tyranitar|Knock Off|p1b: Sinistcha\n|-supereffective|p1b: Sinistcha|1\n|-damage|p1b: Sinistcha|0 fnt\n|-enditem|p1b: Sinistcha|Occa Berry|[from] move: Knock Off|[of] p2a: Tyranitar\n|faint|p1b: Sinistcha\n|move|p1a: Mimikyu|Will-O-Wisp|p2a: Tyranitar\n|-status|p2a: Tyranitar|brn\n|\n|-weather|Sandstorm|[upkeep]\n|-damage|p1a: Mimikyu|4/100|[from] Sandstorm\n|-heal|p1a: Mimikyu|10/100|[from] item: Leftovers\n|-damage|p2b: Excadrill|89/100 brn|[from] brn\n|-damage|p2a: Tyranitar|64/100 brn|[from] brn\n|upkeep\n|\n|t:|1776250579\n|switch|p1b: Incineroar|Incineroar, L50, M, shiny|21/100\n|-ability|p1b: Incineroar|Intimidate|boost\n|-unboost|p2a: Tyranitar|atk|1\n|-unboost|p2b: Excadrill|atk|1\n|turn|7\n|\n|t:|1776250595\n|move|p1b: Incineroar|Fake Out|p2b: Excadrill\n|-resisted|p2b: Excadrill|1\n|-damage|p2b: Excadrill|80/100 brn\n|cant|p2b: Excadrill|flinch\n|move|p2a: Tyranitar|Rock Slide|p1b: Incineroar|[spread] p1a,p1b\n|-supereffective|p1b: Incineroar|1\n|-damage|p1a: Mimikyu|0 fnt\n|-damage|p1b: Incineroar|0 fnt\n|faint|p1a: Mimikyu\n|faint|p1b: Incineroar\n|\n|-weather|Sandstorm|[upkeep]\n|-damage|p2b: Excadrill|74/100 brn|[from] brn\n|-damage|p2a: Tyranitar|58/100 brn|[from] brn\n|upkeep\n|\n|t:|1776250605\n|switch|p1a: Golurk|Golurk-Mega, L50, shiny|82/100\n|turn|8\n|\n|t:|1776250621\n|move|p2b: Excadrill|Iron Head|p1a: Golurk\n|-damage|p1a: Golurk|67/100\n|move|p2a: Tyranitar|Knock Off|p1a: Golurk\n|-supereffective|p1a: Golurk|1\n|-damage|p1a: Golurk|43/100\n|move|p1a: Golurk|High Horsepower|p2b: Excadrill\n|-supereffective|p2b: Excadrill|1\n|-damage|p2b: Excadrill|0 fnt\n|faint|p2b: Excadrill\n|\n|-weather|Sandstorm|[upkeep]\n|-damage|p2a: Tyranitar|51/100 brn|[from] brn\n|upkeep\n|turn|9\n|\n|t:|1776250634\n|move|p2a: Tyranitar|Knock Off|p1a: Golurk\n|-supereffective|p1a: Golurk|1\n|-damage|p1a: Golurk|15/100\n|move|p1a: Golurk|High Horsepower|p2a: Tyranitar\n|-supereffective|p2a: Tyranitar|1\n|-damage|p2a: Tyranitar|0 fnt\n|faint|p2a: Tyranitar\n|\n|win|Lerry27\n|raw|Lerry27's rating: 1241 &rarr; <strong>1272</strong><br />(+31 for winning)\n|raw|Padhijesp's rating: 1333 &rarr; <strong>1308</strong><br />(-25 for losing)\n|l|\u2606Padhijesp\n|player|p2|\n",
  "uploadtime": 1776250642,
  "views": 43,
  "formatid": "gen9championsvgc2026regma",
  "rating": 1272,
  "private": 0,
  "password": null
}