{
  "id": "gen9championsvgc2026regma-2585450200",
  "format": "[Gen 9 Champions] VGC 2026 Reg M-A",
  "players": [
    "sciosciabroro1",
    "coo1kid"
  ],
  "log": "|j|\u2606sciosciabroro1\n|j|\u2606coo1kid\n|t:|1776348110\n|gametype|doubles\n|player|p1|sciosciabroro1|170|1028\n|player|p2|coo1kid|hilbert|1082\n|gen|9\n|tier|[Gen 9 Champions] VGC 2026 Reg M-A\n|rated|\n|rule|Species Clause: Limit one of each Pok\u00e9mon\n|rule|Item Clause: Limit 1 of each item\n|clearpoke\n|poke|p1|Raichu, L50, F|\n|poke|p1|Delphox, L50, M|\n|poke|p1|Talonflame, L50, M|\n|poke|p1|Krookodile, L50, M|\n|poke|p1|Goodra, L50, M|\n|poke|p1|Tinkaton, L50, F|\n|poke|p2|Floette-Eternal, L50, F|\n|poke|p2|Whimsicott, L50, F|\n|poke|p2|Incineroar, L50, M|\n|poke|p2|Basculegion, L50, M|\n|poke|p2|Garchomp, L50, M|\n|poke|p2|Sinistcha-Masterpiece, L50|\n|teampreview|4\n|inactive|Battle timer is ON: inactive players will automatically lose when time's up. (requested by coo1kid)\n|inactive|sciosciabroro1 has 60 seconds left.\n|\n|t:|1776348142\n|teamsize|p1|4\n|teamsize|p2|4\n|start\n|switch|p1a: Krookodile|Krookodile, L50, M|100/100\n|switch|p1b: Tinkaton|Tinkaton, L50, F|100/100\n|switch|p2a: Floette|Floette-Eternal, L50, F|100/100\n|switch|p2b: Whimsicott|Whimsicott, L50, F|100/100\n|-ability|p1a: Krookodile|Intimidate|boost\n|-unboost|p2a: Floette|atk|1\n|-block|p2b: Whimsicott|ability: Flower Veil|[of] p2a: Floette\n|-ability|p1b: Tinkaton|Mold Breaker\n|turn|1\n|inactive|sciosciabroro1 has 30 seconds left.\n|inactive|coo1kid has 30 seconds left.\n|inactive|sciosciabroro1 has 20 seconds left.\n|\n|t:|1776348179\n|detailschange|p2a: Floette|Floette-Mega, L50, F\n|-mega|p2a: Floette|Floette|Floettite\n|-ability|p2a: Floette|Fairy Aura\n|move|p2a: Floette|Protect|p2a: Floette\n|-singleturn|p2a: Floette|Protect\n|move|p1b: Tinkaton|Fake Out|p2a: Floette\n|-activate|p2a: Floette|move: Protect\n|move|p2b: Whimsicott|Tailwind|p2b: Whimsicott\n|-sidestart|p2: coo1kid|move: Tailwind\n|move|p1a: Krookodile|Gunk Shot|p2b: Whimsicott\n|-supereffective|p2b: Whimsicott|2\n|-enditem|p2b: Whimsicott|Focus Sash\n|-damage|p2b: Whimsicott|1/100\n|\n|upkeep\n|turn|2\n|\n|t:|1776348200\n|switch|p1a: Talonflame|Talonflame, L50, M|100/100\n|move|p1b: Tinkaton|Protect|p1b: Tinkaton\n|-singleturn|p1b: Tinkaton|Protect\n|move|p2b: Whimsicott|Endeavor|p1b: Tinkaton\n|-activate|p1b: Tinkaton|move: Protect\n|move|p2a: Floette|Dazzling Gleam|p1b: Tinkaton|[spread] p1a\n|-activate|p1b: Tinkaton|move: Protect\n|-resisted|p1a: Talonflame|1\n|-damage|p1a: Talonflame|69/100\n|\n|upkeep\n|turn|3\n|\n|t:|1776348225\n|move|p2b: Whimsicott|Endeavor|p1b: Tinkaton\n|-damage|p1b: Tinkaton|1/100\n|move|p2a: Floette|Dazzling Gleam|p1a: Talonflame|[spread] p1a,p1b\n|-resisted|p1a: Talonflame|1\n|-resisted|p1b: Tinkaton|1\n|-damage|p1a: Talonflame|38/100\n|-damage|p1b: Tinkaton|0 fnt\n|faint|p1b: Tinkaton\n|move|p1a: Talonflame|Brave Bird|p2a: Floette\n|-damage|p2a: Floette|52/100\n|-damage|p1a: Talonflame|23/100|[from] Recoil\n|\n|upkeep\n|\n|t:|1776348238\n|switch|p1b: Krookodile|Krookodile, L50, M|100/100\n|-ability|p1b: Krookodile|Intimidate|boost\n|-unboost|p2a: Floette|atk|1\n|-unboost|p2b: Whimsicott|atk|1\n|turn|4\n|\n|t:|1776348252\n|move|p2b: Whimsicott|Endeavor|p1b: Krookodile\n|-damage|p1b: Krookodile|1/100\n|move|p2a: Floette|Dazzling Gleam|p1a: Talonflame|[spread] p1a,p1b\n|-resisted|p1a: Talonflame|1\n|-supereffective|p1b: Krookodile|1\n|-damage|p1a: Talonflame|0 fnt\n|-damage|p1b: Krookodile|0 fnt\n|faint|p1a: Talonflame\n|faint|p1b: Krookodile\n|\n|-sideend|p2: coo1kid|move: Tailwind\n|upkeep\n|\n|t:|1776348260\n|switch|p1a: Goodra|Goodra, L50, M, shiny|100/100\n|turn|5\n|-message|sciosciabroro1 forfeited.\n|\n|win|coo1kid\n|raw|sciosciabroro1's rating: 1028 &rarr; <strong>1016</strong><br />(-12 for losing)\n|raw|coo1kid's rating: 1082 &rarr; <strong>1105</strong><br />(+23 for winning)\n|l|\u2606sciosciabroro1\n|player|p1|\n",
  "uploadtime": 1776348267,
  "views": 25,
  "formatid": "gen9championsvgc2026regma",
  "rating": 1016,
  "private": 0,
  "password": null
}