{
  "id": "gen9championsvgc2026regma-2584756568",
  "format": "[Gen 9 Champions] VGC 2026 Reg M-A",
  "players": [
    "dededelete this03",
    "5kjrth"
  ],
  "log": "|j|\u2606dededelete this03\n|j|\u26065kjrth\n|t:|1776281459\n|gametype|doubles\n|player|p1|dededelete this03|clown|1081\n|player|p2|5kjrth|101|1044\n|gen|9\n|tier|[Gen 9 Champions] VGC 2026 Reg M-A\n|rated|\n|rule|Species Clause: Limit one of each Pok\u00e9mon\n|rule|Item Clause: Limit 1 of each item\n|clearpoke\n|poke|p1|Mimikyu, L50, M|\n|poke|p1|Crabominable, L50, M|\n|poke|p1|Ninetales-Alola, L50, F|\n|poke|p1|Sinistcha, L50|\n|poke|p1|Incineroar, L50, F|\n|poke|p1|Gengar, L50, M|\n|poke|p2|Gardevoir, L50, F|\n|poke|p2|Garchomp, L50, F|\n|poke|p2|Sneasler, L50, F|\n|poke|p2|Whimsicott, L50, F|\n|poke|p2|Kingambit, L50, F|\n|poke|p2|Milotic, L50, F|\n|teampreview|4\n|\n|t:|1776281508\n|teamsize|p1|4\n|teamsize|p2|4\n|start\n|switch|p1a: RichesToRags|Mimikyu, L50, M|100/100\n|switch|p1b: Hala|Crabominable, L50, M|100/100\n|switch|p2a: Kingambit|Kingambit, L50, F|100/100\n|switch|p2b: Sneasler|Sneasler, L50, F|100/100\n|turn|1\n|inactive|Battle timer is ON: inactive players will automatically lose when time's up. (requested by 5kjrth)\n|\n|t:|1776281528\n|detailschange|p1b: Hala|Crabominable-Mega, L50, M\n|-mega|p1b: Hala|Crabominable|Crabominite\n|move|p1b: Hala|Protect|p1b: Hala\n|-singleturn|p1b: Hala|Protect\n|move|p2b: Sneasler|Fake Out|p1b: Hala\n|-activate|p1b: Hala|move: Protect\n|move|p2a: Kingambit|Kowtow Cleave|p1a: RichesToRags\n|-activate|p1a: RichesToRags|ability: Disguise\n|-damage|p1a: RichesToRags|100/100\n|detailschange|p1a: RichesToRags|Mimikyu-Busted, L50, M\n|-damage|p1a: RichesToRags|88/100|[from] pokemon: Mimikyu-Busted\n|move|p1a: RichesToRags|Trick Room|p1a: RichesToRags\n|-fieldstart|move: Trick Room|[of] p1a: RichesToRags\n|\n|upkeep\n|turn|2\n|\n|t:|1776281546\n|move|p2a: Kingambit|Protect|p2a: Kingambit\n|-singleturn|p2a: Kingambit|Protect\n|move|p1b: Hala|Drain Punch|p2a: Kingambit\n|-activate|p2a: Kingambit|move: Protect\n|move|p1a: RichesToRags|Will-O-Wisp|p2b: Sneasler\n|-status|p2b: Sneasler|brn\n|move|p2b: Sneasler|Dire Claw|p1a: RichesToRags\n|-damage|p1a: RichesToRags|61/100\n|\n|-damage|p2b: Sneasler|95/100 brn|[from] brn\n|upkeep\n|turn|3\n|\n|t:|1776281566\n|switch|p2a: Diantha|Gardevoir, L50, F, shiny|100/100\n|-ability|p2a: Diantha|Iron Fist|Trace|[from] ability: Trace|[of] p1b: Hala\n|switch|p1a: Veyle|Ninetales-Alola, L50, F|100/100\n|-weather|Snowscape|[from] ability: Snow Warning|[of] p1a: Veyle\n|move|p1b: Hala|Drain Punch|p2a: Diantha\n|-resisted|p2a: Diantha|2\n|-damage|p2a: Diantha|75/100\n|move|p2b: Sneasler|Dire Claw|p1a: Veyle\n|-supereffective|p1a: Veyle|1\n|-enditem|p1a: Veyle|Kebia Berry|[eat]\n|-enditem|p1a: Veyle|Kebia Berry|[weaken]\n|-damage|p1a: Veyle|82/100\n|\n|-weather|Snowscape|[upkeep]\n|-damage|p2b: Sneasler|89/100 brn|[from] brn\n|upkeep\n|turn|4\n|\n|t:|1776281589\n|detailschange|p2a: Diantha|Gardevoir-Mega, L50, F, shiny\n|-mega|p2a: Diantha|Gardevoir|Gardevoirite\n|move|p1b: Hala|Ice Hammer|p2a: Diantha\n|-damage|p2a: Diantha|0 fnt\n|-unboost|p1b: Hala|spe|1\n|faint|p2a: Diantha\n|move|p1a: Veyle|Aurora Veil|p1a: Veyle\n|-sidestart|p1: dededelete this03|move: Aurora Veil\n|move|p2b: Sneasler|Dire Claw|p1a: Veyle\n|-supereffective|p1a: Veyle|1\n|-damage|p1a: Veyle|54/100\n|\n|-weather|Snowscape|[upkeep]\n|-damage|p2b: Sneasler|83/100 brn|[from] brn\n|upkeep\n|\n|t:|1776281603\n|switch|p2a: Cynthia|Garchomp, L50, F|100/100\n|turn|5\n|\n|t:|1776281627\n|move|p1b: Hala|Ice Hammer|p2a: Cynthia\n|-supereffective|p2a: Cynthia|2\n|-damage|p2a: Cynthia|0 fnt\n|-unboost|p1b: Hala|spe|1\n|-damage|p1b: Hala|88/100|[from] ability: Rough Skin|[of] p2a: Cynthia\n|faint|p2a: Cynthia\n|move|p1a: Veyle|Blizzard|p2b: Sneasler\n|-damage|p2b: Sneasler|40/100 brn\n|move|p2b: Sneasler|Close Combat|p1b: Hala\n|-supereffective|p1b: Hala|1\n|-damage|p1b: Hala|65/100\n|-unboost|p2b: Sneasler|def|1\n|-unboost|p2b: Sneasler|spd|1\n|-enditem|p2b: Sneasler|White Herb\n|-clearnegativeboost|p2b: Sneasler|[silent]\n|\n|-weather|Snowscape|[upkeep]\n|-damage|p2b: Sneasler|35/100 brn|[from] brn\n|-fieldend|move: Trick Room\n|upkeep\n|\n|t:|1776281643\n|switch|p2a: Kingambit|Kingambit, L50, F|100/100\n|turn|6\n|inactive|dededelete this03 has 30 seconds left.\n|\n|t:|1776281673\n|switch|p1a: RichesToRags|Mimikyu-Busted, L50, M|61/100\n|move|p1b: Hala|Protect|p1b: Hala\n|-singleturn|p1b: Hala|Protect\n|move|p2b: Sneasler|Close Combat|p1b: Hala\n|-activate|p1b: Hala|move: Protect\n|move|p2a: Kingambit|Kowtow Cleave|p1b: Hala\n|-activate|p1b: Hala|move: Protect\n|\n|-weather|Snowscape|[upkeep]\n|-damage|p2b: Sneasler|29/100 brn|[from] brn\n|upkeep\n|turn|7\n|\n|t:|1776281696\n|switch|p1b: Veyle|Ninetales-Alola, L50, F|54/100\n|move|p2b: Sneasler|Close Combat|p1b: Veyle\n|-damage|p1b: Veyle|37/100\n|-unboost|p2b: Sneasler|def|1\n|-unboost|p2b: Sneasler|spd|1\n|move|p2a: Kingambit|Kowtow Cleave|p1b: Veyle\n|-resisted|p1b: Veyle|1\n|-damage|p1b: Veyle|20/100\n|move|p1a: RichesToRags|Trick Room|p1a: RichesToRags\n|-fieldstart|move: Trick Room|[of] p1a: RichesToRags\n|\n|-weather|none\n|-damage|p2b: Sneasler|23/100 brn|[from] brn\n|upkeep\n|turn|8\n|\n|t:|1776281720\n|move|p2a: Kingambit|Swords Dance|p2a: Kingambit\n|-boost|p2a: Kingambit|atk|2\n|move|p1a: RichesToRags|Will-O-Wisp|p2a: Kingambit\n|-status|p2a: Kingambit|brn\n|move|p1b: Veyle|Blizzard|p2b: Sneasler|[spread] \n|-miss|p1b: Veyle|p2a: Kingambit\n|-miss|p1b: Veyle|p2b: Sneasler\n|move|p2b: Sneasler|Dire Claw|p1b: Veyle\n|-supereffective|p1b: Veyle|1\n|-damage|p1b: Veyle|0 fnt\n|faint|p1b: Veyle\n|\n|-damage|p2a: Kingambit|95/100 brn|[from] brn\n|-damage|p2b: Sneasler|17/100 brn|[from] brn\n|-sideend|p1: dededelete this03|move: Aurora Veil\n|upkeep\n|\n|t:|1776281735\n|switch|p1b: Hala|Crabominable-Mega, L50, M|65/100\n|turn|9\n|\n|t:|1776281745\n|move|p1b: Hala|Protect|p1b: Hala\n|-singleturn|p1b: Hala|Protect\n|move|p1a: RichesToRags|Shadow Sneak|p2b: Sneasler\n|-damage|p2b: Sneasler|0 fnt\n|faint|p2b: Sneasler\n|move|p2a: Kingambit|Kowtow Cleave|p1b: Hala\n|-activate|p1b: Hala|move: Protect\n|\n|-damage|p2a: Kingambit|89/100 brn|[from] brn\n|upkeep\n|turn|10\n|\n|t:|1776281758\n|move|p2a: Kingambit|Sucker Punch|p1b: Hala\n|-resisted|p1b: Hala|1\n|-damage|p1b: Hala|47/100\n|move|p1a: RichesToRags|Shadow Sneak|p2a: Kingambit\n|-resisted|p2a: Kingambit|1\n|-damage|p2a: Kingambit|83/100 brn\n|move|p1b: Hala|Drain Punch|p2a: Kingambit\n|-supereffective|p2a: Kingambit|2\n|-damage|p2a: Kingambit|0 fnt\n|-heal|p1b: Hala|85/100|[from] drain|[of] p2a: Kingambit\n|faint|p2a: Kingambit\n|\n|win|dededelete this03\n|raw|dededelete this03's rating: 1081 &rarr; <strong>1106</strong><br />(+25 for winning)\n|raw|5kjrth's rating: 1044 &rarr; <strong>1029</strong><br />(-15 for losing)\n",
  "uploadtime": 1776281769,
  "views": 17,
  "formatid": "gen9championsvgc2026regma",
  "rating": 1029,
  "private": 0,
  "password": null
}