{
  "id": "gen9championsvgc2026regma-2581849603",
  "format": "[Gen 9 Champions] VGC 2026 Reg M-A",
  "players": [
    "EmmaChePalle",
    "defiantvgc"
  ],
  "log": "|j|\u2606EmmaChePalle\n|j|\u2606defiantvgc\n|t:|1776033525\n|gametype|doubles\n|player|p1|EmmaChePalle|acetrainerf-gen4dp|\n|player|p2|defiantvgc|spark-casual|\n|gen|9\n|tier|[Gen 9 Champions] VGC 2026 Reg M-A\n|rated|Tournament battle\n|rule|Species Clause: Limit one of each Pok\u00e9mon\n|rule|Item Clause: Limit 1 of each item\n|clearpoke\n|poke|p1|Dragonite, L50, M|\n|poke|p1|Floette-Eternal, L50, F|\n|poke|p1|Jolteon, L50, M|\n|poke|p1|Garchomp, L50, M|\n|poke|p1|Sneasler, L50, F|\n|poke|p1|Basculegion, L50, M|\n|poke|p2|Glimmora, L50, M|\n|poke|p2|Incineroar, L50, F|\n|poke|p2|Kommo-o, L50, M|\n|poke|p2|Whimsicott, L50, F|\n|poke|p2|Ninetales-Alola, L50, F|\n|poke|p2|Rotom-Wash, L50|\n|teampreview|4\n|j| Rainpelt103\n|j| aurora ltd\nEmmaChePalle has agreed to open team sheets.\n|j| knoxxzeta\n|\n|t:|1776033584\n|teamsize|p1|4\n|teamsize|p2|4\n|start\n|switch|p1a: Sneasler|Sneasler, L50, F|100/100\n|switch|p1b: Basculegion|Basculegion, L50, M|100/100\n|switch|p2a: Rotom|Rotom-Wash, L50|100/100\n|switch|p2b: Whimsicott|Whimsicott, L50, F|100/100\n|turn|1\n|\n|t:|1776033606\n|move|p2b: Whimsicott|Protect|p2b: Whimsicott\n|-singleturn|p2b: Whimsicott|Protect\n|move|p1b: Basculegion|Flip Turn|p2b: Whimsicott\n|-activate|p2b: Whimsicott|move: Protect\n|move|p1a: Sneasler|Close Combat|p2a: Rotom\n|-damage|p2a: Rotom|24/100\n|-unboost|p1a: Sneasler|def|1\n|-unboost|p1a: Sneasler|spd|1\n|-enditem|p2a: Rotom|Sitrus Berry|[eat]\n|-heal|p2a: Rotom|49/100|[from] item: Sitrus Berry\n|-enditem|p1a: Sneasler|White Herb\n|-clearnegativeboost|p1a: Sneasler|[silent]\n|move|p2a: Rotom|Thunderbolt|p1b: Basculegion\n|-supereffective|p1b: Basculegion|1\n|-damage|p1b: Basculegion|23/100\n|\n|upkeep\n|turn|2\n|\n|t:|1776033625\n|move|p2a: Rotom|Protect|p2a: Rotom\n|-singleturn|p2a: Rotom|Protect\n|move|p2b: Whimsicott|Tailwind|p2b: Whimsicott\n|-sidestart|p2: defiantvgc|move: Tailwind\n|move|p1a: Sneasler|Dire Claw|p2b: Whimsicott\n|-supereffective|p2b: Whimsicott|2\n|-damage|p2b: Whimsicott|0 fnt\n|faint|p2b: Whimsicott\n|move|p1b: Basculegion|Flip Turn|p2a: Rotom\n|-activate|p2a: Rotom|move: Protect\n|\n|upkeep\n|\n|t:|1776033632\n|switch|p2b: Ninetales|Ninetales-Alola, L50, F|100/100\n|-weather|Snowscape|[from] ability: Snow Warning|[of] p2b: Ninetales\n|turn|3\n|\n|t:|1776033637\n|move|p2b: Ninetales|Icy Wind|p1a: Sneasler|[spread] p1a,p1b\n|-resisted|p1b: Basculegion|1\n|-damage|p1a: Sneasler|79/100\n|-damage|p1b: Basculegion|14/100\n|-unboost|p1a: Sneasler|spe|1\n|-unboost|p1b: Basculegion|spe|1\n|move|p2a: Rotom|Thunderbolt|p1b: Basculegion\n|-supereffective|p1b: Basculegion|1\n|-damage|p1b: Basculegion|0 fnt\n|faint|p1b: Basculegion\n|move|p1a: Sneasler|Dire Claw|p2b: Ninetales\n|-supereffective|p2b: Ninetales|1\n|-damage|p2b: Ninetales|11/100\n|\n|-weather|Snowscape|[upkeep]\n|upkeep\n|\n|t:|1776033650\n|switch|p1b: Dragonite|Dragonite, L50, M|100/100\n|turn|4\n|\n|t:|1776033669\n|move|p2b: Ninetales|Protect|p2b: Ninetales\n|-singleturn|p2b: Ninetales|Protect\n|move|p1b: Dragonite|Protect|p1b: Dragonite\n|-singleturn|p1b: Dragonite|Protect\n|move|p2a: Rotom|Hydro Pump|p1a: Sneasler\n|-damage|p1a: Sneasler|22/100\n|move|p1a: Sneasler|Dire Claw|p2b: Ninetales\n|-activate|p2b: Ninetales|move: Protect\n|\n|-weather|Snowscape|[upkeep]\n|upkeep\n|turn|5\n|\n|t:|1776033678\n|move|p2b: Ninetales|Blizzard|p1a: Sneasler|[spread] p1a,p1b\n|-supereffective|p1b: Dragonite|2\n|-damage|p1a: Sneasler|0 fnt\n|-damage|p1b: Dragonite|0 fnt\n|faint|p1a: Sneasler\n|faint|p1b: Dragonite\n|move|p2a: Rotom|Thunderbolt|p1: Sneasler|[notarget]\n|-fail|p2a: Rotom\n|\n|-weather|Snowscape|[upkeep]\n|-sideend|p2: defiantvgc|move: Tailwind\n|upkeep\n|\n|t:|1776033682\n|switch|p1b: Garchomp|Garchomp, L50, M|100/100\n|turn|6\n|\n|t:|1776033690\n|move|p2b: Ninetales|Blizzard|p1b: Garchomp\n|-supereffective|p1b: Garchomp|2\n|-enditem|p1b: Garchomp|Focus Sash\n|-damage|p1b: Garchomp|1/100\n|move|p1b: Garchomp|Rock Slide|p2b: Ninetales|[spread] p2a,p2b\n|-supereffective|p2b: Ninetales|1\n|-damage|p2a: Rotom|25/100\n|-damage|p2b: Ninetales|0 fnt\n|faint|p2b: Ninetales\n|move|p2a: Rotom|Will-O-Wisp|p1b: Garchomp\n|-status|p1b: Garchomp|brn\n|\n|-weather|Snowscape|[upkeep]\n|-damage|p1b: Garchomp|0 fnt|[from] brn\n|faint|p1b: Garchomp\n|\n|win|defiantvgc\n|n|\u2606EmmaChePalle|emmachepalle\n|n|\u2606defiantvgc|defiantvgc\n|n| Rainpelt103|rainpelt103\n|n| aurora ltd|auroraltd\n|n| knoxxzeta|knoxxzeta\n|l|\u2606defiantvgc\n|player|p2|\n|c|\u2606EmmaChePalle|gg\n|l| Rainpelt103\n",
  "uploadtime": 1776033712,
  "views": 8,
  "formatid": "gen9championsvgc2026regma",
  "rating": null,
  "private": 0,
  "password": null
}