{
  "id": "gen9championsvgc2026regma-2581434201",
  "format": "[Gen 9 Champions] VGC 2026 Reg M-A",
  "players": [
    "Mask4M",
    "whac"
  ],
  "log": "|j|\u2606Mask4M\n|j|\u2606whac\n|t:|1776000020\n|gametype|doubles\n|player|p1|Mask4M|102|1102\n|player|p2|whac|janitor|1114\n|gen|9\n|tier|[Gen 9 Champions] VGC 2026 Reg M-A\n|rated|\n|rule|Species Clause: Limit one of each Pok\u00e9mon\n|rule|Item Clause: Limit 1 of each item\n|clearpoke\n|poke|p1|Glimmora, L50, F|\n|poke|p1|Froslass, L50, F|\n|poke|p1|Sneasler, L50, M|\n|poke|p1|Incineroar, L50, F|\n|poke|p1|Whimsicott, L50, F|\n|poke|p1|Gyarados, L50, F|\n|poke|p2|Charizard, L50, M|\n|poke|p2|Venusaur, L50, M|\n|poke|p2|Incineroar, L50, F|\n|poke|p2|Sneasler, L50, M|\n|poke|p2|Garchomp, L50, F|\n|poke|p2|Rotom-Wash, L50|\n|teampreview|4\nMask4M has agreed to open team sheets.\nwhac rejected open team sheets.\n|\n|t:|1776000072\n|teamsize|p1|4\n|teamsize|p2|4\n|start\n|switch|p1a: Glimmora|Glimmora, L50, F|100/100\n|switch|p1b: Whimsicott|Whimsicott, L50, F|100/100\n|switch|p2a: Charizard|Charizard, L50, M|100/100\n|switch|p2b: Incineroar|Incineroar, L50, F|100/100\n|-ability|p2b: Incineroar|Intimidate|boost\n|-unboost|p1a: Glimmora|atk|1\n|-unboost|p1b: Whimsicott|atk|1\n|turn|1\n|\n|t:|1776000093\n|switch|p2a: Garchomp|Garchomp, L50, F|100/100\n|move|p1a: Glimmora|Spiky Shield|p1a: Glimmora\n|-singleturn|p1a: Glimmora|move: Protect\n|move|p1b: Whimsicott|Tailwind|p1b: Whimsicott\n|-sidestart|p1: Mask4M|move: Tailwind\n|move|p2b: Incineroar|Flare Blitz|p1b: Whimsicott\n|-supereffective|p1b: Whimsicott|1\n|-enditem|p1b: Whimsicott|Focus Sash\n|-damage|p1b: Whimsicott|1/100\n|-damage|p2b: Incineroar|73/100|[from] Recoil\n|\n|upkeep\n|turn|2\n|\n|t:|1776000132\n|switch|p1a: Gyarados|Gyarados, L50, F|100/100\n|-ability|p1a: Gyarados|Intimidate|boost\n|-unboost|p2a: Garchomp|atk|1\n|-unboost|p2b: Incineroar|atk|1\n|switch|p2b: Charizard|Charizard, L50, M|100/100\n|move|p1b: Whimsicott|Moonblast|p2a: Garchomp\n|-supereffective|p2a: Garchomp|1\n|-damage|p2a: Garchomp|14/100\n|move|p2a: Garchomp|Earthquake|p1b: Whimsicott|[spread] p1b\n|-immune|p2b: Charizard\n|-immune|p1a: Gyarados\n|-resisted|p1b: Whimsicott|1\n|-damage|p1b: Whimsicott|0 fnt\n|faint|p1b: Whimsicott\n|\n|upkeep\n|\n|t:|1776000150\n|switch|p1b: Glimmora|Glimmora, L50, F|100/100\n|turn|3\n|\n|t:|1776000177\n|switch|p2b: Venusaur|Venusaur, L50, M|100/100\n|move|p1b: Glimmora|Earth Power|p2a: Garchomp\n|-damage|p2a: Garchomp|0 fnt\n|faint|p2a: Garchomp\n|move|p1a: Gyarados|Waterfall|p2b: Venusaur\n|-resisted|p2b: Venusaur|1\n|-damage|p2b: Venusaur|83/100\n|\n|upkeep\n|\n|t:|1776000185\n|switch|p2a: Charizard|Charizard, L50, M|100/100\n|turn|4\n|\n|t:|1776000196\n|detailschange|p1b: Glimmora|Glimmora-Mega, L50, F\n|-mega|p1b: Glimmora|Glimmora|Glimmoranite\n|detailschange|p2a: Charizard|Charizard-Mega-Y, L50, M\n|-mega|p2a: Charizard|Charizard|Charizardite Y\n|-weather|SunnyDay|[from] ability: Drought|[of] p2a: Charizard\n|move|p2a: Charizard|Protect|p2a: Charizard\n|-singleturn|p2a: Charizard|Protect\n|move|p1b: Glimmora|Power Gem|p2a: Charizard\n|-activate|p2a: Charizard|move: Protect\n|move|p1a: Gyarados|Taunt|p2b: Venusaur\n|-start|p2b: Venusaur|move: Taunt\n|cant|p2b: Venusaur|move: Taunt|Sleep Powder\n|\n|-weather|SunnyDay|[upkeep]\n|-sideend|p1: Mask4M|move: Tailwind\n|upkeep\n|turn|5\n|c|\u2606whac|i forgot ab tailwindddd\n|c|\u2606Mask4M|unfort\n|\n|t:|1776000266\n|switch|p2b: Incineroar|Incineroar, L50, F|73/100\n|-ability|p2b: Incineroar|Intimidate|boost\n|-unboost|p1a: Gyarados|atk|1\n|-unboost|p1b: Glimmora|atk|1\n|move|p2a: Charizard|Protect||[still]\n|-fail|p2a: Charizard\n|move|p1a: Gyarados|Protect|p1a: Gyarados\n|-singleturn|p1a: Gyarados|Protect\n|move|p1b: Glimmora|Power Gem|p2a: Charizard\n|-supereffective|p2a: Charizard|2\n|-damage|p2a: Charizard|0 fnt\n|faint|p2a: Charizard\n|\n|-weather|SunnyDay|[upkeep]\n|upkeep\n|\n|t:|1776000278\n|switch|p2a: Venusaur|Venusaur, L50, M|83/100\n|turn|6\n|\n|t:|1776000290\n|move|p1b: Glimmora|Spiky Shield|p1b: Glimmora\n|-singleturn|p1b: Glimmora|move: Protect\n|move|p2b: Incineroar|Fake Out|p1a: Gyarados\n|-damage|p1a: Gyarados|91/100\n|move|p2a: Venusaur|Sleep Powder|p1b: Glimmora\n|-activate|p1b: Glimmora|move: Protect\n|cant|p1a: Gyarados|flinch\n|\n|-weather|SunnyDay|[upkeep]\n|-heal|p1a: Gyarados|97/100|[from] item: Leftovers\n|upkeep\n|turn|7\n|\n|t:|1776000304\n|switch|p1b: Froslass|Froslass, L50, F|100/100\n|move|p2a: Venusaur|Sleep Powder|p1b: Froslass|[miss]\n|-miss|p2a: Venusaur|p1b: Froslass\n|move|p2b: Incineroar|Darkest Lariat|p1a: Gyarados\n|-damage|p1a: Gyarados|67/100\n|move|p1a: Gyarados|Taunt|p2a: Venusaur\n|-start|p2a: Venusaur|move: Taunt\n|\n|-weather|SunnyDay|[upkeep]\n|-heal|p1a: Gyarados|73/100|[from] item: Leftovers\n|upkeep\n|turn|8\n|\n|t:|1776000327\n|move|p2a: Venusaur|Sludge Bomb|p1a: Gyarados\n|-damage|p1a: Gyarados|48/100\n|-status|p1a: Gyarados|psn\n|move|p1b: Froslass|Blizzard|p2b: Incineroar|[spread] p2a,p2b\n|-supereffective|p2a: Venusaur|1\n|-resisted|p2b: Incineroar|1\n|-damage|p2a: Venusaur|32/100\n|-damage|p2b: Incineroar|59/100\n|move|p2b: Incineroar|Darkest Lariat|p1b: Froslass\n|-supereffective|p1b: Froslass|1\n|-damage|p1b: Froslass|0 fnt\n|faint|p1b: Froslass\n|move|p1a: Gyarados|Waterfall|p2b: Incineroar\n|-supereffective|p2b: Incineroar|1\n|-damage|p2b: Incineroar|41/100\n|-enditem|p2b: Incineroar|Sitrus Berry|[eat]\n|-heal|p2b: Incineroar|65/100|[from] item: Sitrus Berry\n|\n|-weather|none\n|-heal|p1a: Gyarados|53/100 psn|[from] item: Leftovers\n|-damage|p1a: Gyarados|41/100 psn|[from] psn\n|upkeep\n|\n|t:|1776000337\n|switch|p1b: Glimmora|Glimmora-Mega, L50, F|100/100\n|turn|9\n|\n|t:|1776000375\n|move|p1b: Glimmora|Power Gem|p2a: Venusaur\n|-damage|p2a: Venusaur|0 fnt\n|faint|p2a: Venusaur\n|move|p2b: Incineroar|Darkest Lariat|p1b: Glimmora\n|-damage|p1b: Glimmora|64/100\n|move|p1a: Gyarados|Waterfall|p2b: Incineroar\n|-supereffective|p2b: Incineroar|1\n|-damage|p2b: Incineroar|21/100\n|\n|-heal|p1a: Gyarados|47/100 psn|[from] item: Leftovers\n|-damage|p1a: Gyarados|35/100 psn|[from] psn\n|upkeep\n|turn|10\n|c|\u2606whac|ggs\n|\n|t:|1776000384\n|move|p1b: Glimmora|Power Gem|p2b: Incineroar\n|-supereffective|p2b: Incineroar|1\n|-damage|p2b: Incineroar|0 fnt\n|faint|p2b: Incineroar\n|\n|win|Mask4M\n|raw|Mask4M's rating: 1102 &rarr; <strong>1128</strong><br />(+26 for winning)\n|raw|whac's rating: 1114 &rarr; <strong>1088</strong><br />(-26 for losing)\n|c|\u2606Mask4M|gg\n",
  "uploadtime": 1776000393,
  "views": 22,
  "formatid": "gen9championsvgc2026regma",
  "rating": 1088,
  "private": 0,
  "password": null
}