{
  "id": "gen9championsvgc2026regma-2585442078",
  "format": "[Gen 9 Champions] VGC 2026 Reg M-A",
  "players": [
    "Drcheems19",
    "ian12286252"
  ],
  "log": "|j|\u2606Drcheems19\n|j|\u2606ian12286252\n|t:|1776347566\n|gametype|doubles\n|player|p1|Drcheems19|169|1000\n|player|p2|ian12286252|pokemaniac|1040\n|gen|9\n|tier|[Gen 9 Champions] VGC 2026 Reg M-A\n|rated|\n|rule|Species Clause: Limit one of each Pok\u00e9mon\n|rule|Item Clause: Limit 1 of each item\n|clearpoke\n|poke|p1|Alakazam, L50, F|\n|poke|p1|Ceruledge, L50, F|\n|poke|p1|Altaria, L50, M|\n|poke|p1|Incineroar, L50, M|\n|poke|p1|Clefable, L50, F|\n|poke|p1|Dragapult, L50, M|\n|poke|p2|Aggron, L50, M|\n|poke|p2|Aerodactyl, L50, M|\n|poke|p2|Sinistcha, L50|\n|poke|p2|Sneasler, L50, M|\n|poke|p2|Tyranitar, L50, M|\n|poke|p2|Hydreigon, L50, M|\n|teampreview|4\n|inactive|Battle timer is ON: inactive players will automatically lose when time's up. (requested by Drcheems19)\nian12286252 rejected open team sheets.\n|\n|t:|1776347586\n|teamsize|p1|4\n|teamsize|p2|4\n|start\n|switch|p1a: Incineroar|Incineroar, L50, M|100/100\n|switch|p1b: Altaria|Altaria, L50, M|100/100\n|switch|p2a: Sinistcha|Sinistcha, L50, shiny|100/100\n|switch|p2b: Sneasler|Sneasler, L50, M, shiny|100/100\n|-ability|p1b: Altaria|Cloud Nine\n|turn|1\n|inactive|Drcheems19 has 30 seconds left.\n|\n|t:|1776347614\n|move|p2b: Sneasler|Fake Out|p1a: Incineroar\n|-damage|p1a: Incineroar|88/100\n|move|p1b: Altaria|Cotton Guard|p1b: Altaria\n|-boost|p1b: Altaria|def|3\n|cant|p1a: Incineroar|flinch\n|move|p2a: Sinistcha|Trick Room|p2a: Sinistcha\n|-fieldstart|move: Trick Room|[of] p2a: Sinistcha\n|\n|upkeep\n|turn|2\n|inactive|ian12286252 has 30 seconds left.\n|\n|t:|1776347645\n|switch|p2a: Tyranitar|Tyranitar, L50, M, shiny|100/100\n|-weather|Sandstorm|[from] ability: Sand Stream|[of] p2a: Tyranitar\n|move|p1a: Incineroar|Flare Blitz|p2a: Tyranitar\n|-resisted|p2a: Tyranitar|1\n|-damage|p2a: Tyranitar|75/100\n|-damage|p1a: Incineroar|79/100|[from] Recoil\n|move|p1b: Altaria|Will-O-Wisp|p2b: Sneasler\n|-status|p2b: Sneasler|brn\n|move|p2b: Sneasler|Close Combat|p1a: Incineroar\n|-supereffective|p1a: Incineroar|1\n|-damage|p1a: Incineroar|20/100\n|-unboost|p2b: Sneasler|def|1\n|-unboost|p2b: Sneasler|spd|1\n|-enditem|p1a: Incineroar|Sitrus Berry|[eat]\n|-heal|p1a: Incineroar|45/100|[from] item: Sitrus Berry\n|-enditem|p2b: Sneasler|White Herb\n|-clearnegativeboost|p2b: Sneasler|[silent]\n|\n|-weather|Sandstorm|[upkeep]\n|-damage|p2b: Sneasler|95/100 brn|[from] brn\n|upkeep\n|turn|3\n|inactive|Drcheems19 has 30 seconds left.\n|\n|t:|1776347672\n|switch|p2b: Aggron|Aggron, L50, M, shiny|100/100\n|move|p1a: Incineroar|Protect|p1a: Incineroar\n|-singleturn|p1a: Incineroar|Protect\n|move|p2a: Tyranitar|Rock Slide|p1a: Incineroar|[spread] p1b\n|-activate|p1a: Incineroar|move: Protect\n|-supereffective|p1b: Altaria|1\n|-damage|p1b: Altaria|82/100\n|move|p1b: Altaria|Will-O-Wisp|p2a: Tyranitar\n|-status|p2a: Tyranitar|brn\n|\n|-weather|Sandstorm|[upkeep]\n|-damage|p2a: Tyranitar|69/100 brn|[from] brn\n|upkeep\n|turn|4\n|inactive|ian12286252 has 30 seconds left.\n|inactive|ian12286252 has 20 seconds left.\n|\n|t:|1776347712\n|move|p2b: Aggron|Iron Defense|p2b: Aggron\n|-boost|p2b: Aggron|def|2\n|move|p1a: Incineroar|Bulk Up|p1a: Incineroar\n|-boost|p1a: Incineroar|atk|1\n|-boost|p1a: Incineroar|def|1\n|move|p2a: Tyranitar|Rock Slide|p1a: Incineroar|[spread] p1b\n|-miss|p2a: Tyranitar|p1a: Incineroar\n|-supereffective|p1b: Altaria|1\n|-damage|p1b: Altaria|72/100\n|move|p1b: Altaria|Will-O-Wisp|p2b: Aggron\n|-status|p2b: Aggron|brn\n|\n|-weather|Sandstorm|[upkeep]\n|-damage|p2b: Aggron|95/100 brn|[from] brn\n|-damage|p2a: Tyranitar|63/100 brn|[from] brn\n|upkeep\n|turn|5\n|inactive|Drcheems19 has 30 seconds left.\n|inactive|Drcheems19 has 20 seconds left.\n|inactive|Drcheems19 has 15 seconds left.\n|\n|t:|1776347752\n|detailschange|p2b: Aggron|Aggron-Mega, L50, M, shiny\n|-mega|p2b: Aggron|Aggron|Aggronite\n|move|p2b: Aggron|Body Press|p1a: Incineroar\n|-supereffective|p1a: Incineroar|1\n|-damage|p1a: Incineroar|0 fnt\n|faint|p1a: Incineroar\n|move|p2a: Tyranitar|Ice Punch|p1b: Altaria\n|-supereffective|p1b: Altaria|2\n|-damage|p1b: Altaria|53/100\n|move|p1b: Altaria|Dragon Pulse|p2a: Tyranitar\n|-damage|p2a: Tyranitar|40/100 brn\n|\n|-weather|Sandstorm|[upkeep]\n|-damage|p2b: Aggron|89/100 brn|[from] brn\n|-damage|p2a: Tyranitar|34/100 brn|[from] brn\n|-fieldend|move: Trick Room\n|upkeep\n|\n|t:|1776347763\n|switch|p1a: Alakazam|Alakazam, L50, F|100/100\n|turn|6\n|inactive|Drcheems19 has 30 seconds left.\n|\n|t:|1776347788\n|switch|p2a: Sinistcha|Sinistcha, L50, shiny|100/100\n|-heal|p2b: Aggron|100/100 brn|[from] ability: Hospitality|[of] p2a: Sinistcha\n|move|p1a: Alakazam|Protect|p1a: Alakazam\n|-singleturn|p1a: Alakazam|Protect\n|move|p1b: Altaria|Dragon Pulse|p2a: Sinistcha\n|-damage|p2a: Sinistcha|74/100\n|move|p2b: Aggron|Iron Defense|p2b: Aggron\n|-boost|p2b: Aggron|def|2\n|\n|-weather|none\n|-damage|p2b: Aggron|95/100 brn|[from] brn\n|upkeep\n|turn|7\n|\n|t:|1776347812\n|detailschange|p1a: Alakazam|Alakazam-Mega, L50, F\n|-mega|p1a: Alakazam|Alakazam|Alakazite\n|-ability|p1a: Alakazam|Hospitality|Trace|[from] ability: Trace|[of] p2a: Sinistcha\n|-heal|p1b: Altaria|78/100|[from] ability: Hospitality|[of] p1a: Alakazam\n|move|p2b: Aggron|Protect|p2b: Aggron\n|-singleturn|p2b: Aggron|Protect\n|move|p1a: Alakazam|Shadow Ball|p2a: Sinistcha\n|-supereffective|p2a: Sinistcha|1\n|-damage|p2a: Sinistcha|0 fnt\n|faint|p2a: Sinistcha\n|move|p1b: Altaria|Dragon Pulse|p2b: Aggron\n|-activate|p2b: Aggron|move: Protect\n|\n|-damage|p2b: Aggron|89/100 brn|[from] brn\n|upkeep\n|\n|t:|1776347833\n|switch|p2a: Tyranitar|Tyranitar, L50, M, shiny|34/100 brn\n|-weather|Sandstorm|[from] ability: Sand Stream|[of] p2a: Tyranitar\n|turn|8\n|inactive|Drcheems19 has 30 seconds left.\n|inactive|ian12286252 has 30 seconds left.\n|inactive|Drcheems19 has 20 seconds left.\n|inactive|Drcheems19 has 15 seconds left.\n|\n|t:|1776347874\n|move|p1a: Alakazam|Shadow Ball|p2b: Aggron\n|-damage|p2b: Aggron|53/100 brn\n|move|p1b: Altaria|Dragon Pulse|p2a: Tyranitar\n|-damage|p2a: Tyranitar|14/100 brn\n|move|p2a: Tyranitar|Knock Off|p1a: Alakazam\n|-supereffective|p1a: Alakazam|1\n|-damage|p1a: Alakazam|28/100\n|move|p2b: Aggron|Body Press|p1b: Altaria\n|-resisted|p1b: Altaria|1\n|-damage|p1b: Altaria|68/100\n|\n|-weather|Sandstorm|[upkeep]\n|-damage|p2a: Tyranitar|8/100 brn|[from] brn\n|-damage|p2b: Aggron|48/100 brn|[from] brn\n|upkeep\n|turn|9\n|-message|ian12286252 forfeited.\n|\n|win|Drcheems19\n|raw|Drcheems19's rating: 1000 &rarr; <strong>1045</strong><br />(+45 for winning)\n|raw|ian12286252's rating: 1040 &rarr; <strong>1022</strong><br />(-18 for losing)\n|l|\u2606ian12286252\n|player|p2|\n",
  "uploadtime": 1776347895,
  "views": 31,
  "formatid": "gen9championsvgc2026regma",
  "rating": 1022,
  "private": 0,
  "password": null
}