{
  "id": "gen9championsvgc2026regma-2581257059",
  "format": "[Gen 9 Champions] VGC 2026 Reg M-A",
  "players": [
    "radstads",
    "Matias Bluebaum"
  ],
  "log": "|j|\u2606radstads\n|j|\u2606Matias Bluebaum\n|t:|1775977251\n|gametype|doubles\n|player|p1|radstads|101|1013\n|player|p2|Matias Bluebaum|steven|1036\n|gen|9\n|tier|[Gen 9 Champions] VGC 2026 Reg M-A\n|rated|\n|rule|Species Clause: Limit one of each Pok\u00e9mon\n|rule|Item Clause: Limit 1 of each item\n|clearpoke\n|poke|p1|Zoroark-Hisui, L50, M|\n|poke|p1|Maushold, L50|\n|poke|p1|Blastoise, L50, M|\n|poke|p1|Gengar, L50, M|\n|poke|p1|Sneasler, L50, M|\n|poke|p1|Altaria, L50, F|\n|poke|p2|Typhlosion-Hisui, L50, F|\n|poke|p2|Torkoal, L50, F|\n|poke|p2|Venusaur, L50, M|\n|poke|p2|Dragonite, L50, M|\n|poke|p2|Weavile, L50, M|\n|poke|p2|Slowking, L50, F|\n|teampreview|4\n|\n|t:|1775977274\n|teamsize|p1|4\n|teamsize|p2|4\n|start\n|switch|p1a: Maushold|Maushold, L50|100/100\n|switch|p1b: Altaria|Altaria, L50, F|100/100\n|switch|p2a: Typhlosion|Typhlosion-Hisui, L50, F|100/100\n|switch|p2b: Torkoal|Torkoal, L50, F|100/100\n|-ability|p1b: Altaria|Cloud Nine\n|-weather|SunnyDay|[from] ability: Drought|[of] p2b: Torkoal\n|turn|1\n|\n|t:|1775977302\n|move|p2b: Torkoal|Helping Hand|p2a: Typhlosion\n|-singleturn|p2a: Typhlosion|Helping Hand|[of] p2b: Torkoal\n|move|p2a: Typhlosion|Eruption|p1b: Altaria|[spread] p1a,p1b\n|-resisted|p1b: Altaria|1\n|-damage|p1a: Maushold|0 fnt\n|-damage|p1b: Altaria|70/100\n|faint|p1a: Maushold\n|move|p1b: Altaria|Dragon Dance|p1b: Altaria\n|-boost|p1b: Altaria|atk|1\n|-boost|p1b: Altaria|spe|1\n|\n|-weather|SunnyDay|[upkeep]\n|upkeep\n|\n|t:|1775977316\n|switch|p1a: Blastoise|Blastoise, L50, M|100/100\n|turn|2\n|\n|t:|1775977327\n|switch|p2b: Venusaur|Venusaur, L50, M|100/100\n|move|p2a: Typhlosion|Eruption|p1a: Blastoise|[spread] p1a,p1b\n|-resisted|p1a: Blastoise|1\n|-crit|p1a: Blastoise\n|-resisted|p1b: Altaria|1\n|-damage|p1a: Blastoise|62/100\n|-damage|p1b: Altaria|42/100\n|move|p1b: Altaria|Dragon Dance|p1b: Altaria\n|-boost|p1b: Altaria|atk|1\n|-boost|p1b: Altaria|spe|1\n|move|p1a: Blastoise|Water Spout|p2a: Typhlosion|[spread] p2a,p2b\n|-supereffective|p2a: Typhlosion|1\n|-resisted|p2b: Venusaur|1\n|-damage|p2a: Typhlosion|19/100\n|-damage|p2b: Venusaur|86/100\n|\n|-weather|SunnyDay|[upkeep]\n|-heal|p2b: Venusaur|92/100|[from] item: Leftovers\n|-heal|p1a: Blastoise|67/100|[from] item: Leftovers\n|upkeep\n|turn|3\n|\n|t:|1775977359\n|detailschange|p1b: Altaria|Altaria-Mega, L50, F\n|-mega|p1b: Altaria|Altaria|Altarianite\n|move|p2a: Typhlosion|Eruption|p1b: Altaria|[spread] p1a,p1b\n|-resisted|p1a: Blastoise|1\n|-resisted|p1b: Altaria|1\n|-damage|p1a: Blastoise|56/100\n|-damage|p1b: Altaria|30/100\n|move|p2b: Venusaur|Sleep Powder|p1b: Altaria\n|-status|p1b: Altaria|slp|[from] move: Sleep Powder\n|cant|p1b: Altaria|slp\n|move|p1a: Blastoise|Ice Beam|p2b: Venusaur\n|-supereffective|p2b: Venusaur|1\n|-damage|p2b: Venusaur|41/100\n|\n|-weather|SunnyDay|[upkeep]\n|-heal|p2b: Venusaur|46/100|[from] item: Leftovers\n|-heal|p1a: Blastoise|62/100|[from] item: Leftovers\n|upkeep\n|turn|4\n|\n|t:|1775977386\n|switch|p2a: Dragonite|Dragonite, L50, M|100/100\n|move|p1a: Blastoise|Protect|p1a: Blastoise\n|-singleturn|p1a: Blastoise|Protect\n|move|p2b: Venusaur|Giga Drain|p1a: Blastoise\n|-activate|p1a: Blastoise|move: Protect\n|cant|p1b: Altaria|slp\n|\n|-weather|SunnyDay|[upkeep]\n|-heal|p2b: Venusaur|52/100|[from] item: Leftovers\n|-heal|p1a: Blastoise|67/100|[from] item: Leftovers\n|upkeep\n|turn|5\n|\n|t:|1775977423\n|detailschange|p2a: Dragonite|Dragonite-Mega, L50, M\n|-mega|p2a: Dragonite|Dragonite|Dragoninite\n|move|p2a: Dragonite|Extreme Speed|p1b: Altaria\n|-damage|p1b: Altaria|8/100 slp\n|-curestatus|p1b: Altaria|slp|[msg]\n|move|p1b: Altaria|Roost|p1b: Altaria\n|-heal|p1b: Altaria|58/100\n|-singleturn|p1b: Altaria|move: Roost\n|move|p2b: Venusaur|Giga Drain|p1a: Blastoise\n|-supereffective|p1a: Blastoise|1\n|-damage|p1a: Blastoise|8/100\n|-heal|p2b: Venusaur|77/100|[from] drain|[of] p1a: Blastoise\n|move|p1a: Blastoise|Ice Beam|p2a: Dragonite\n|-supereffective|p2a: Dragonite|2\n|-damage|p2a: Dragonite|53/100\n|\n|-weather|none\n|-heal|p2b: Venusaur|83/100|[from] item: Leftovers\n|-heal|p1a: Blastoise|13/100|[from] item: Leftovers\n|upkeep\n|turn|6\n|\n|t:|1775977467\n|move|p1a: Blastoise|Protect|p1a: Blastoise\n|-singleturn|p1a: Blastoise|Protect\n|move|p2a: Dragonite|Extreme Speed|p1a: Blastoise\n|-activate|p1a: Blastoise|move: Protect\n|move|p1b: Altaria|Play Rough|p2a: Dragonite\n|-supereffective|p2a: Dragonite|1\n|-damage|p2a: Dragonite|0 fnt\n|faint|p2a: Dragonite\n|move|p2b: Venusaur|Sludge Bomb|p1b: Altaria\n|-supereffective|p1b: Altaria|1\n|-damage|p1b: Altaria|0 fnt\n|faint|p1b: Altaria\n|\n|-heal|p2b: Venusaur|89/100|[from] item: Leftovers\n|-heal|p1a: Blastoise|19/100|[from] item: Leftovers\n|upkeep\n|\n|t:|1775977486\n|switch|p2a: Torkoal|Torkoal, L50, F|100/100\n|switch|p1b: Gengar|Gengar, L50, M|100/100\n|-weather|SunnyDay|[from] ability: Drought|[of] p2a: Torkoal\n|turn|7\n|\n|t:|1775977534\n|move|p2b: Venusaur|Giga Drain|p1a: Blastoise\n|-supereffective|p1a: Blastoise|1\n|-crit|p1a: Blastoise\n|-damage|p1a: Blastoise|0 fnt\n|-heal|p2b: Venusaur|97/100|[from] drain|[of] p1a: Blastoise\n|faint|p1a: Blastoise\n|move|p1b: Gengar|Icy Wind|p2b: Venusaur|[spread] p2a,p2b\n|-resisted|p2a: Torkoal|1\n|-supereffective|p2b: Venusaur|1\n|-crit|p2b: Venusaur\n|-damage|p2a: Torkoal|93/100\n|-damage|p2b: Venusaur|59/100\n|-unboost|p2a: Torkoal|spe|1\n|-unboost|p2b: Venusaur|spe|1\n|move|p2a: Torkoal|Heat Wave|p1b: Gengar\n|-damage|p1b: Gengar|5/100\n|-start|p2a: Torkoal|Disable|Heat Wave|[from] ability: Cursed Body|[of] p1b: Gengar\n|\n|-weather|SunnyDay|[upkeep]\n|-heal|p2b: Venusaur|65/100|[from] item: Leftovers\n|upkeep\n|turn|8\n|-message|radstads forfeited.\n|\n|win|Matias Bluebaum\n|raw|radstads's rating: 1013 &rarr; <strong>1002</strong><br />(-11 for losing)\n|raw|Matias Bluebaum's rating: 1036 &rarr; <strong>1068</strong><br />(+32 for winning)\n",
  "uploadtime": 1775977552,
  "views": 12,
  "formatid": "gen9championsvgc2026regma",
  "rating": 1002,
  "private": 0,
  "password": null
}