{
  "id": "gen9championsvgc2026regma-2580795040",
  "format": "[Gen 9 Champions] VGC 2026 Reg M-A",
  "players": [
    "ParaDeFofoca06",
    "BailoteoQueTeVeo"
  ],
  "log": "|j|\u2606ParaDeFofoca06\n|j|\u2606BailoteoQueTeVeo\n|t:|1775933084\n|gametype|doubles\n|player|p1|ParaDeFofoca06|170|1040\n|player|p2|BailoteoQueTeVeo|ninjaboy|1120\n|gen|9\n|tier|[Gen 9 Champions] VGC 2026 Reg M-A\n|rated|\n|rule|Species Clause: Limit one of each Pok\u00e9mon\n|rule|Item Clause: Limit 1 of each item\n|clearpoke\n|poke|p1|Froslass, L50, F|\n|poke|p1|Sneasler, L50, F|\n|poke|p1|Kingambit, L50, M|\n|poke|p1|Garchomp, L50, M|\n|poke|p1|Whimsicott, L50, M|\n|poke|p1|Milotic, L50, M|\n|poke|p2|Archaludon, L50, M|\n|poke|p2|Pelipper, L50, F|\n|poke|p2|Basculegion-F, L50, F|\n|poke|p2|Sinistcha, L50|\n|poke|p2|Dragonite, L50, F|\n|poke|p2|Sneasler, L50, F|\n|teampreview|4\n|\n|t:|1775933118\n|teamsize|p1|4\n|teamsize|p2|4\n|start\n|switch|p1a: Sneasler|Sneasler, L50, F|100/100\n|switch|p1b: Froslass|Froslass, L50, F|100/100\n|switch|p2a: Archaludon|Archaludon, L50, M, shiny|100/100\n|switch|p2b: ESPA\u00d1OL|Dragonite, L50, F, shiny|100/100\n|turn|1\n|\n|t:|1775933140\n|switch|p2b: Pelipper|Pelipper, L50, F|100/100\n|-weather|RainDance|[from] ability: Drizzle|[of] p2b: Pelipper\n|move|p1b: Froslass|Protect|p1b: Froslass\n|-singleturn|p1b: Froslass|Protect\n|move|p2a: Archaludon|Protect|p2a: Archaludon\n|-singleturn|p2a: Archaludon|Protect\n|move|p1a: Sneasler|Fake Out|p2b: Pelipper\n|-damage|p2b: Pelipper|80/100\n|\n|-weather|RainDance|[upkeep]\n|upkeep\n|turn|2\n|\n|t:|1775933172\n|detailschange|p1b: Froslass|Froslass-Mega, L50, F\n|-mega|p1b: Froslass|Froslass|Froslassite\n|-weather|Snowscape|[from] ability: Snow Warning|[of] p1b: Froslass\n|move|p1b: Froslass|Blizzard|p2b: Pelipper|[spread] p2a,p2b\n|-damage|p2a: Archaludon|55/100\n|-damage|p2b: Pelipper|3/100\n|-ability|p2a: Archaludon|Stamina|boost\n|-boost|p2a: Archaludon|def|1\n|move|p1a: Sneasler|Close Combat|p2a: Archaludon\n|-supereffective|p2a: Archaludon|1\n|-damage|p2a: Archaludon|0 fnt\n|-unboost|p1a: Sneasler|def|1\n|-unboost|p1a: Sneasler|spd|1\n|faint|p2a: Archaludon\n|-enditem|p1a: Sneasler|White Herb\n|-clearnegativeboost|p1a: Sneasler|[silent]\n|move|p2b: Pelipper|Hurricane|p1a: Sneasler\n|-supereffective|p1a: Sneasler|1\n|-damage|p1a: Sneasler|0 fnt\n|faint|p1a: Sneasler\n|\n|-weather|Snowscape|[upkeep]\n|upkeep\n|\n|t:|1775933208\n|switch|p1a: Kingambit|Kingambit, L50, M, shiny|100/100\n|switch|p2a: ESPA\u00d1OL|Dragonite, L50, F, shiny|100/100\n|turn|3\n|\n|t:|1775933221\n|switch|p2b: Sneasler|Sneasler, L50, F|100/100\n|detailschange|p2a: ESPA\u00d1OL|Dragonite-Mega, L50, F, shiny\n|-mega|p2a: ESPA\u00d1OL|Dragonite|Dragoninite\n|move|p1b: Froslass|Protect|p1b: Froslass\n|-singleturn|p1b: Froslass|Protect\n|move|p2a: ESPA\u00d1OL|Protect|p2a: ESPA\u00d1OL\n|-singleturn|p2a: ESPA\u00d1OL|Protect\n|move|p1a: Kingambit|Protect||[still]\n|-fail|p1a: Kingambit\n|\n|-weather|Snowscape|[upkeep]\n|upkeep\n|turn|4\n|\n|t:|1775933265\n|move|p1b: Froslass|Blizzard|p2b: Sneasler|[spread] p2a,p2b\n|-supereffective|p2a: ESPA\u00d1OL|2\n|-damage|p2a: ESPA\u00d1OL|21/100\n|-damage|p2b: Sneasler|49/100\n|move|p2b: Sneasler|Close Combat|p1a: Kingambit\n|-supereffective|p1a: Kingambit|2\n|-damage|p1a: Kingambit|0 fnt\n|-unboost|p2b: Sneasler|def|1\n|-unboost|p2b: Sneasler|spd|1\n|faint|p1a: Kingambit\n|-enditem|p2b: Sneasler|White Herb\n|-clearnegativeboost|p2b: Sneasler|[silent]\n|move|p2a: ESPA\u00d1OL|Tailwind|p2a: ESPA\u00d1OL\n|-sidestart|p2: BailoteoQueTeVeo|move: Tailwind\n|\n|-weather|Snowscape|[upkeep]\n|upkeep\n|\n|t:|1775933274\n|switch|p1a: Garchomp|Garchomp, L50, M|100/100\n|turn|5\n|\n|t:|1775933318\n|move|p2b: Sneasler|Throat Chop|p1a: Garchomp\n|-damage|p1a: Garchomp|73/100\n|-start|p1a: Garchomp|Throat Chop|[silent]\n|-damage|p2b: Sneasler|37/100|[from] ability: Rough Skin|[of] p1a: Garchomp\n|move|p2a: ESPA\u00d1OL|Dragon Pulse|p1a: Garchomp\n|-supereffective|p1a: Garchomp|1\n|-damage|p1a: Garchomp|0 fnt\n|faint|p1a: Garchomp\n|move|p1b: Froslass|Blizzard|p2a: ESPA\u00d1OL|[spread] p2a,p2b\n|-supereffective|p2a: ESPA\u00d1OL|2\n|-damage|p2a: ESPA\u00d1OL|0 fnt\n|-damage|p2b: Sneasler|0 fnt\n|faint|p2a: ESPA\u00d1OL\n|faint|p2b: Sneasler\n|\n|-weather|Snowscape|[upkeep]\n|upkeep\n|\n|t:|1775933332\n|switch|p2b: Pelipper|Pelipper, L50, F|3/100\n|-weather|RainDance|[from] ability: Drizzle|[of] p2b: Pelipper\n|turn|6\n|\n|t:|1775933348\n|move|p2b: Pelipper|Hurricane|p1b: Froslass\n|-damage|p1b: Froslass|43/100\n|-start|p1b: Froslass|confusion\n|-activate|p1b: Froslass|confusion\n|-damage|p1b: Froslass|30/100|[from] confusion\n|\n|-weather|RainDance|[upkeep]\n|upkeep\n|turn|7\n|c|\u2606ParaDeFofoca06|LOL\n|\n|t:|1775933372\n|move|p2b: Pelipper|Hurricane|p1b: Froslass\n|-damage|p1b: Froslass|0 fnt\n|faint|p1b: Froslass\n|\n|win|BailoteoQueTeVeo\n|raw|ParaDeFofoca06's rating: 1040 &rarr; <strong>1028</strong><br />(-12 for losing)\n|raw|BailoteoQueTeVeo's rating: 1120 &rarr; <strong>1139</strong><br />(+19 for winning)\n|l|\u2606BailoteoQueTeVeo\n|player|p2|\n",
  "uploadtime": 1775933379,
  "views": 18,
  "formatid": "gen9championsvgc2026regma",
  "rating": 1028,
  "private": 0,
  "password": null
}