{
  "id": "gen9championsvgc2026regma-2583238163",
  "format": "[Gen 9 Champions] VGC 2026 Reg M-A",
  "players": [
    "just aresia",
    "yoshient"
  ],
  "log": "|j|\u2606just aresia\n|j|\u2606yoshient\n|t:|1776158198\n|gametype|doubles\n|player|p1|just aresia|carmine|1077\n|player|p2|yoshient|pokefan|1014\n|gen|9\n|tier|[Gen 9 Champions] VGC 2026 Reg M-A\n|rated|\n|rule|Species Clause: Limit one of each Pok\u00e9mon\n|rule|Item Clause: Limit 1 of each item\n|clearpoke\n|poke|p1|Alakazam, L50, F|\n|poke|p1|Victreebel, L50, F|\n|poke|p1|Torkoal, L50, M|\n|poke|p1|Camerupt, L50, F|\n|poke|p1|Farigiraf, L50, F|\n|poke|p1|Weavile, L50, F|\n|poke|p2|Incineroar, L50, M|\n|poke|p2|Maushold-Four, L50|\n|poke|p2|Sinistcha, L50|\n|poke|p2|Archaludon, L50, F|\n|poke|p2|Pelipper, L50, M|\n|poke|p2|Floette-Eternal, L50, F|\n|teampreview|4\n|\n|t:|1776158281\n|teamsize|p1|4\n|teamsize|p2|4\n|start\n|switch|p1a: Torkoal|Torkoal, L50, M|100/100\n|switch|p1b: Victreebel|Victreebel, L50, F|100/100\n|switch|p2a: Pelipper|Pelipper, L50, M|100/100\n|switch|p2b: Archaludon|Archaludon, L50, F|100/100\n|-weather|RainDance|[from] ability: Drizzle|[of] p2a: Pelipper\n|-weather|SunnyDay|[from] ability: Drought|[of] p1a: Torkoal\n|turn|1\n|\n|t:|1776158303\n|move|p2b: Archaludon|Protect|p2b: Archaludon\n|-singleturn|p2b: Archaludon|Protect\n|move|p1b: Victreebel|Solar Beam||[still]\n|-prepare|p1b: Victreebel|Solar Beam\n|-anim|p1b: Victreebel|Solar Beam|p2a: Pelipper\n|-damage|p2a: Pelipper|0 fnt\n|faint|p2a: Pelipper\n|move|p1a: Torkoal|Eruption|p2b: Archaludon\n|-activate|p2b: Archaludon|move: Protect\n|\n|-weather|SunnyDay|[upkeep]\n|upkeep\n|c|\u2606just aresia|What\n|\n|t:|1776158317\n|switch|p2a: Floette|Floette-Eternal, L50, F|100/100\n|turn|2\n|c|\u2606just aresia|How\n|\n|t:|1776158347\n|detailschange|p2a: Floette|Floette-Mega, L50, F\n|-mega|p2a: Floette|Floette|Floettite\n|-ability|p2a: Floette|Fairy Aura\n|move|p2a: Floette|Protect|p2a: Floette\n|-singleturn|p2a: Floette|Protect\n|move|p1b: Victreebel|Sleep Powder|p2a: Floette\n|-activate|p2a: Floette|move: Protect\n|move|p2b: Archaludon|Draco Meteor|p1a: Torkoal\n|-damage|p1a: Torkoal|22/100\n|-unboost|p2b: Archaludon|spa|2\n|move|p1a: Torkoal|Weather Ball|p2b: Archaludon\n|-damage|p2b: Archaludon|41/100\n|-ability|p2b: Archaludon|Stamina|boost\n|-boost|p2b: Archaludon|def|1\n|\n|-weather|SunnyDay|[upkeep]\n|-heal|p2b: Archaludon|47/100|[from] item: Leftovers\n|upkeep\n|turn|3\n|\n|t:|1776158388\n|switch|p2a: Maushold|Maushold-Four, L50|100/100\n|move|p1a: Torkoal|Protect|p1a: Torkoal\n|-singleturn|p1a: Torkoal|Protect\n|move|p1b: Victreebel|Solar Beam||[still]\n|-prepare|p1b: Victreebel|Solar Beam\n|-anim|p1b: Victreebel|Solar Beam|p2a: Maushold\n|-damage|p2a: Maushold|24/100\n|move|p2b: Archaludon|Draco Meteor|p1a: Torkoal\n|-activate|p1a: Torkoal|move: Protect\n|\n|-weather|SunnyDay|[upkeep]\n|-heal|p2b: Archaludon|53/100|[from] item: Leftovers\n|upkeep\n|turn|4\n|\n|t:|1776158421\n|switch|p1a: Farigiraf|Farigiraf, L50, F|100/100\n|move|p1b: Victreebel|Weather Ball|p2b: Archaludon\n|-crit|p2b: Archaludon\n|-damage|p2b: Archaludon|7/100\n|-ability|p2b: Archaludon|Stamina|boost\n|-boost|p2b: Archaludon|def|1\n|move|p2a: Maushold|Taunt|p1b: Victreebel\n|-start|p1b: Victreebel|move: Taunt\n|move|p2b: Archaludon|Draco Meteor|p1a: Farigiraf\n|-damage|p1a: Farigiraf|71/100\n|-unboost|p2b: Archaludon|spa|2\n|\n|-weather|SunnyDay|[upkeep]\n|-heal|p2b: Archaludon|13/100|[from] item: Leftovers\n|upkeep\n|turn|5\n|\n|t:|1776158454\n|move|p2b: Archaludon|Protect|p2b: Archaludon\n|-singleturn|p2b: Archaludon|Protect\n|move|p1b: Victreebel|Solar Beam||[still]\n|-prepare|p1b: Victreebel|Solar Beam\n|-anim|p1b: Victreebel|Solar Beam|p2a: Maushold\n|-damage|p2a: Maushold|0 fnt\n|faint|p2a: Maushold\n|move|p1a: Farigiraf|Trick Room|p1a: Farigiraf\n|-fieldstart|move: Trick Room|[of] p1a: Farigiraf\n|\n|-weather|none\n|-heal|p2b: Archaludon|19/100|[from] item: Leftovers\n|upkeep\n|\n|t:|1776158466\n|switch|p2a: Floette|Floette-Mega, L50, F|100/100\n|-ability|p2a: Floette|Fairy Aura\n|turn|6\n|\n|t:|1776158513\n|detailschange|p1b: Victreebel|Victreebel-Mega, L50, F\n|-mega|p1b: Victreebel|Victreebel|Victreebelite\n|move|p1a: Farigiraf|Helping Hand|p1b: Victreebel\n|-singleturn|p1b: Victreebel|Helping Hand|[of] p1a: Farigiraf\n|move|p1b: Victreebel|Energy Ball|p2a: Floette\n|-damage|p2a: Floette|32/100\n|move|p2b: Archaludon|Flash Cannon|p1a: Farigiraf\n|-damage|p1a: Farigiraf|60/100\n|move|p2a: Floette|Calm Mind|p2a: Floette\n|-boost|p2a: Floette|spa|1\n|-boost|p2a: Floette|spd|1\n|\n|-heal|p2b: Archaludon|25/100|[from] item: Leftovers\n|upkeep\n|turn|7\n|\n|t:|1776158543\n|move|p2a: Floette|Protect|p2a: Floette\n|-singleturn|p2a: Floette|Protect\n|move|p1a: Farigiraf|Hyper Voice|p2b: Archaludon|[spread] p2b\n|-activate|p2a: Floette|move: Protect\n|-resisted|p2b: Archaludon|1\n|-damage|p2b: Archaludon|9/100\n|-ability|p2b: Archaludon|Stamina|boost\n|-boost|p2b: Archaludon|def|1\n|move|p1b: Victreebel|Energy Ball|p2a: Floette\n|-activate|p2a: Floette|move: Protect\n|move|p2b: Archaludon|Flash Cannon|p1b: Victreebel\n|-damage|p1b: Victreebel|89/100\n|\n|-heal|p2b: Archaludon|15/100|[from] item: Leftovers\n|-end|p1b: Victreebel|move: Taunt\n|upkeep\n|turn|8\n|\n|t:|1776158572\n|switch|p1a: Torkoal|Torkoal, L50, M|22/100\n|-weather|SunnyDay|[from] ability: Drought|[of] p1a: Torkoal\n|move|p1b: Victreebel|Weather Ball|p2b: Archaludon\n|-damage|p2b: Archaludon|0 fnt\n|faint|p2b: Archaludon\n|move|p2a: Floette|Draining Kiss|p1a: Torkoal\n|-resisted|p1a: Torkoal|1\n|-damage|p1a: Torkoal|0 fnt\n|-heal|p2a: Floette|52/100|[from] drain|[of] p1a: Torkoal\n|faint|p1a: Torkoal\n|\n|-weather|SunnyDay|[upkeep]\n|upkeep\n|\n|t:|1776158598\n|switch|p1a: Farigiraf|Farigiraf, L50, F|60/100\n|turn|9\n|inactive|Battle timer is ON: inactive players will automatically lose when time's up. (requested by yoshient)\n|\n|t:|1776158614\n|move|p1a: Farigiraf|Helping Hand|p1b: Victreebel\n|-singleturn|p1b: Victreebel|Helping Hand|[of] p1a: Farigiraf\n|move|p2a: Floette|Protect|p2a: Floette\n|-singleturn|p2a: Floette|Protect\n|move|p1b: Victreebel|Solar Beam||[still]\n|-prepare|p1b: Victreebel|Solar Beam\n|-anim|p1b: Victreebel|Solar Beam|p2a: Floette\n|-activate|p2a: Floette|move: Protect\n|\n|-weather|SunnyDay|[upkeep]\n|-fieldend|move: Trick Room\n|upkeep\n|turn|10\n|inactive|just aresia has 30 seconds left.\n|\n|t:|1776158641\n|move|p2a: Floette|Draining Kiss|p1a: Farigiraf\n|-damage|p1a: Farigiraf|0 fnt\n|-heal|p2a: Floette|100/100|[from] drain|[of] p1a: Farigiraf\n|faint|p1a: Farigiraf\n|move|p1b: Victreebel|Sleep Powder|p2a: Floette\n|-status|p2a: Floette|slp|[from] move: Sleep Powder\n|\n|-weather|SunnyDay|[upkeep]\n|upkeep\n|\n|t:|1776158644\n|switch|p1a: Alakazam|Alakazam, L50, F|100/100\n|turn|11\n|\n|t:|1776158658\n|move|p1a: Alakazam|Speed Swap|p1b: Victreebel\n|-activate|p1a: Alakazam|move: Speed Swap|[of] p1b: Victreebel\n|move|p1b: Victreebel|Solar Beam||[still]\n|-prepare|p1b: Victreebel|Solar Beam\n|-anim|p1b: Victreebel|Solar Beam|p2a: Floette\n|-damage|p2a: Floette|64/100 slp\n|cant|p2a: Floette|slp\n|\n|-weather|SunnyDay|[upkeep]\n|upkeep\n|turn|12\n|\n|t:|1776158671\n|move|p1b: Victreebel|Solar Beam||[still]\n|-prepare|p1b: Victreebel|Solar Beam\n|-anim|p1b: Victreebel|Solar Beam|p2a: Floette\n|-damage|p2a: Floette|23/100 slp\n|cant|p2a: Floette|slp\n|move|p1a: Alakazam|Psychic|p2a: Floette\n|-damage|p2a: Floette|0 fnt\n|faint|p2a: Floette\n|\n|win|just aresia\n|raw|just aresia's rating: 1077 &rarr; <strong>1100</strong><br />(+23 for winning)\n|raw|yoshient's rating: 1014 &rarr; <strong>1004</strong><br />(-10 for losing)\n|l|\u2606yoshient\n|player|p2|\n",
  "uploadtime": 1776158687,
  "views": 26,
  "formatid": "gen9championsvgc2026regma",
  "rating": 1004,
  "private": 0,
  "password": null
}