{
  "id": "gen9championsvgc2026regma-2582008022",
  "format": "[Gen 9 Champions] VGC 2026 Reg M-A",
  "players": [
    "houses3\u80e1\u841d\u535c\u4fa0",
    "Laztech"
  ],
  "log": "|j|\u2606houses3\u80e1\u841d\u535c\u4fa0\n|j|\u2606Laztech\n|t:|1776047846\n|gametype|doubles\n|player|p1|houses3\u80e1\u841d\u535c\u4fa0|2|1181\n|player|p2|Laztech|ethan|1152\n|gen|9\n|tier|[Gen 9 Champions] VGC 2026 Reg M-A\n|rated|\n|rule|Species Clause: Limit one of each Pok\u00e9mon\n|rule|Item Clause: Limit 1 of each item\n|clearpoke\n|poke|p1|Charizard, L50, F|\n|poke|p1|Sneasler, L50, M|\n|poke|p1|Basculegion, L50, M|\n|poke|p1|Garchomp, L50, F|\n|poke|p1|Incineroar, L50, M|\n|poke|p1|Venusaur, L50, M|\n|poke|p2|Archaludon, L50, M|\n|poke|p2|Pelipper, L50, M|\n|poke|p2|Basculegion, L50, M|\n|poke|p2|Sinistcha, L50|\n|poke|p2|Sneasler, L50, M|\n|poke|p2|Dragonite, L50, M|\n|teampreview|4\n|inactive|Battle timer is ON: inactive players will automatically lose when time's up. (requested by Laztech)\n|inactive|houses3\u80e1\u841d\u535c\u4fa0 has 60 seconds left.\n|\n|t:|1776047877\n|teamsize|p1|4\n|teamsize|p2|4\n|start\n|switch|p1a: Sneasler|Sneasler, L50, M|100/100\n|switch|p1b: Garchomp|Garchomp, L50, F|100/100\n|switch|p2a: Archaludon|Archaludon, L50, M, shiny|100/100\n|switch|p2b: Pelipper|Pelipper, L50, M|100/100\n|-weather|RainDance|[from] ability: Drizzle|[of] p2b: Pelipper\n|turn|1\n|j| TheCakeManiac\n|\n|t:|1776047899\n|move|p2a: Archaludon|Protect|p2a: Archaludon\n|-singleturn|p2a: Archaludon|Protect\n|move|p1a: Sneasler|Close Combat|p2a: Archaludon\n|-activate|p2a: Archaludon|move: Protect\n|move|p1b: Garchomp|Rock Slide|p2a: Archaludon|[spread] \n|-activate|p2a: Archaludon|move: Protect\n|-miss|p1b: Garchomp|p2b: Pelipper\n|move|p2b: Pelipper|Tailwind|p2b: Pelipper\n|-sidestart|p2: Laztech|move: Tailwind\n|\n|-weather|RainDance|[upkeep]\n|upkeep\n|turn|2\n|\n|t:|1776047919\n|move|p1a: Sneasler|Protect|p1a: Sneasler\n|-singleturn|p1a: Sneasler|Protect\n|move|p2b: Pelipper|Hurricane|p1a: Sneasler\n|-activate|p1a: Sneasler|move: Protect\n|move|p2a: Archaludon|Dragon Pulse|p1b: Garchomp\n|-supereffective|p1b: Garchomp|1\n|-enditem|p1b: Garchomp|Haban Berry|[eat]\n|-enditem|p1b: Garchomp|Haban Berry|[weaken]\n|-damage|p1b: Garchomp|63/100\n|move|p1b: Garchomp|Earthquake|p2b: Pelipper|[spread] p2a\n|-activate|p1a: Sneasler|move: Protect\n|-immune|p2b: Pelipper\n|-supereffective|p2a: Archaludon|1\n|-damage|p2a: Archaludon|45/100\n|-ability|p2a: Archaludon|Stamina|boost\n|-boost|p2a: Archaludon|def|1\n|\n|-weather|RainDance|[upkeep]\n|-heal|p2a: Archaludon|51/100|[from] item: Leftovers\n|upkeep\n|turn|3\n|inactive|houses3\u80e1\u841d\u535c\u4fa0 has 30 seconds left.\n|inactive|Laztech has 30 seconds left.\n|\n|t:|1776047952\n|switch|p1a: Incineroar|Incineroar, L50, M|100/100\n|-ability|p1a: Incineroar|Intimidate|boost\n|-unboost|p2a: Archaludon|atk|1\n|-unboost|p2b: Pelipper|atk|1\n|move|p2a: Archaludon|Protect|p2a: Archaludon\n|-singleturn|p2a: Archaludon|Protect\n|move|p1b: Garchomp|Protect|p1b: Garchomp\n|-singleturn|p1b: Garchomp|Protect\n|move|p2b: Pelipper|Hurricane|p1a: Incineroar\n|-damage|p1a: Incineroar|69/100\n|\n|-weather|RainDance|[upkeep]\n|-heal|p2a: Archaludon|57/100|[from] item: Leftovers\n|upkeep\n|turn|4\n|inactive|houses3\u80e1\u841d\u535c\u4fa0 has 30 seconds left.\n|\n|t:|1776047979\n|switch|p2b: Sinistcha|Sinistcha, L50|100/100\n|-heal|p2a: Archaludon|82/100|[from] ability: Hospitality|[of] p2b: Sinistcha\n|move|p2a: Archaludon|Electro Shot||[still]\n|-prepare|p2a: Archaludon|Electro Shot\n|-boost|p2a: Archaludon|spa|1\n|-anim|p2a: Archaludon|Electro Shot|p1a: Incineroar\n|-damage|p1a: Incineroar|22/100\n|-enditem|p1a: Incineroar|Sitrus Berry|[eat]\n|-heal|p1a: Incineroar|47/100|[from] item: Sitrus Berry\n|move|p1b: Garchomp|Dragon Claw|p2b: Sinistcha\n|-damage|p2b: Sinistcha|60/100\n|move|p1a: Incineroar|Throat Chop|p2b: Sinistcha\n|-supereffective|p2b: Sinistcha|1\n|-crit|p2b: Sinistcha\n|-damage|p2b: Sinistcha|0 fnt\n|faint|p2b: Sinistcha\n|\n|-weather|RainDance|[upkeep]\n|-heal|p2a: Archaludon|88/100|[from] item: Leftovers\n|-sideend|p2: Laztech|move: Tailwind\n|upkeep\n|\n|t:|1776047997\n|switch|p2b: Dragonite|Dragonite, L50, M, shiny|100/100\n|turn|5\n|\n|t:|1776048007\n|detailschange|p2b: Dragonite|Dragonite-Mega, L50, M, shiny\n|-mega|p2b: Dragonite|Dragonite|Dragoninite\n|move|p1b: Garchomp|Dragon Claw|p2b: Dragonite\n|-supereffective|p2b: Dragonite|1\n|-damage|p2b: Dragonite|66/100\n|move|p2b: Dragonite|Thunder|p1a: Incineroar\n|-damage|p1a: Incineroar|13/100\n|move|p2a: Archaludon|Dragon Pulse|p1b: Garchomp\n|-supereffective|p1b: Garchomp|1\n|-damage|p1b: Garchomp|0 fnt\n|faint|p1b: Garchomp\n|move|p1a: Incineroar|Parting Shot|p2b: Dragonite\n|-unboost|p2b: Dragonite|atk|1\n|-unboost|p2b: Dragonite|spa|1\n|\n|t:|1776048018\n|switch|p1a: Sneasler|Sneasler, L50, M|100/100|[from] Parting Shot\n|\n|-weather|none\n|-heal|p2a: Archaludon|94/100|[from] item: Leftovers\n|upkeep\n|\n|t:|1776048024\n|switch|p1b: Incineroar|Incineroar, L50, M|13/100\n|-ability|p1b: Incineroar|Intimidate|boost\n|-unboost|p2a: Archaludon|atk|1\n|-unboost|p2b: Dragonite|atk|1\n|turn|6\n|\n|t:|1776048038\n|switch|p2b: Pelipper|Pelipper, L50, M|100/100\n|-weather|RainDance|[from] ability: Drizzle|[of] p2b: Pelipper\n|move|p2a: Archaludon|Protect|p2a: Archaludon\n|-singleturn|p2a: Archaludon|Protect\n|move|p1a: Sneasler|Rock Slide|p2b: Pelipper|[spread] p2b\n|-activate|p2a: Archaludon|move: Protect\n|-supereffective|p2b: Pelipper|1\n|-damage|p2b: Pelipper|46/100\n|move|p1b: Incineroar|Parting Shot|p2b: Pelipper\n|-unboost|p2b: Pelipper|atk|1\n|-unboost|p2b: Pelipper|spa|1\n|\n|t:|1776048051\n|switch|p1b: Basculegion|Basculegion, L50, M|100/100|[from] Parting Shot\n|\n|-weather|RainDance|[upkeep]\n|-heal|p2a: Archaludon|99/100|[from] item: Leftovers\n|upkeep\n|turn|7\n|inactive|houses3\u80e1\u841d\u535c\u4fa0 has 30 seconds left.\n|\n|t:|1776048078\n|move|p1b: Basculegion|Last Respects|p2a: Archaludon\n|-damage|p2a: Archaludon|68/100\n|-ability|p2a: Archaludon|Stamina|boost\n|-boost|p2a: Archaludon|def|1\n|move|p1a: Sneasler|Close Combat|p2a: Archaludon\n|-supereffective|p2a: Archaludon|1\n|-damage|p2a: Archaludon|22/100\n|-unboost|p1a: Sneasler|def|1\n|-unboost|p1a: Sneasler|spd|1\n|-ability|p2a: Archaludon|Stamina|boost\n|-boost|p2a: Archaludon|def|1\n|-enditem|p1a: Sneasler|White Herb\n|-clearnegativeboost|p1a: Sneasler|[silent]\n|move|p2b: Pelipper|Tailwind|p2b: Pelipper\n|-sidestart|p2: Laztech|move: Tailwind\n|move|p2a: Archaludon|Electro Shot||[still]\n|-prepare|p2a: Archaludon|Electro Shot\n|-boost|p2a: Archaludon|spa|1\n|-anim|p2a: Archaludon|Electro Shot|p1b: Basculegion\n|-supereffective|p1b: Basculegion|1\n|-damage|p1b: Basculegion|0 fnt\n|faint|p1b: Basculegion\n|\n|-weather|RainDance|[upkeep]\n|-heal|p2a: Archaludon|28/100|[from] item: Leftovers\n|upkeep\n|\n|t:|1776048087\n|switch|p1b: Incineroar|Incineroar, L50, M|13/100\n|-ability|p1b: Incineroar|Intimidate|boost\n|-unboost|p2a: Archaludon|atk|1\n|-unboost|p2b: Pelipper|atk|1\n|turn|8\n|\n|t:|1776048110\n|move|p1b: Incineroar|Fake Out|p2b: Pelipper\n|-damage|p2b: Pelipper|31/100\n|move|p1a: Sneasler|Close Combat|p2a: Archaludon\n|-supereffective|p2a: Archaludon|1\n|-damage|p2a: Archaludon|0 fnt\n|-unboost|p1a: Sneasler|def|1\n|-unboost|p1a: Sneasler|spd|1\n|faint|p2a: Archaludon\n|cant|p2b: Pelipper|flinch\n|\n|-weather|RainDance|[upkeep]\n|upkeep\n|\n|t:|1776048119\n|switch|p2a: Dragonite|Dragonite-Mega, L50, M, shiny|66/100\n|turn|9\n|\n|t:|1776048125\n|move|p1a: Sneasler|Rock Slide|p2b: Pelipper|[spread] p2a,p2b\n|-supereffective|p2a: Dragonite|1\n|-supereffective|p2b: Pelipper|1\n|-damage|p2a: Dragonite|26/100\n|-damage|p2b: Pelipper|0 fnt\n|faint|p2b: Pelipper\n|cant|p2a: Dragonite|flinch\n|move|p1b: Incineroar|Throat Chop|p2a: Dragonite\n|-damage|p2a: Dragonite|0 fnt\n|faint|p2a: Dragonite\n|\n|win|houses3\u80e1\u841d\u535c\u4fa0\n|raw|houses3\u80e1\u841d\u535c\u4fa0's rating: 1181 &rarr; <strong>1204</strong><br />(+23 for winning)\n|raw|Laztech's rating: 1152 &rarr; <strong>1129</strong><br />(-23 for losing)\n",
  "uploadtime": 1776048136,
  "views": 16,
  "formatid": "gen9championsvgc2026regma",
  "rating": 1129,
  "private": 0,
  "password": null
}