{
  "id": "gen9championsvgc2026regma-2586434993",
  "format": "[Gen 9 Champions] VGC 2026 Reg M-A",
  "players": [
    "segretari4",
    "Poopoocacca"
  ],
  "log": "|j|\u2606segretari4\n|j|\u2606Poopoocacca\n|t:|1776434481\n|gametype|doubles\n|player|p1|segretari4|clerkf|1101\n|player|p2|Poopoocacca|2|1051\n|gen|9\n|tier|[Gen 9 Champions] VGC 2026 Reg M-A\n|rated|\n|rule|Species Clause: Limit one of each Pok\u00e9mon\n|rule|Item Clause: Limit 1 of each item\n|clearpoke\n|poke|p1|Pelipper, L50, M|\n|poke|p1|Manectric, L50, M|\n|poke|p1|Basculegion, L50, M|\n|poke|p1|Sinistcha, L50|\n|poke|p1|Sneasler, L50, M|\n|poke|p1|Incineroar, L50, M|\n|poke|p2|Starmie, L50|\n|poke|p2|Tyranitar, L50, F|\n|poke|p2|Excadrill, L50, M|\n|poke|p2|Dragapult, L50, F|\n|poke|p2|Aerodactyl, L50, M|\n|poke|p2|Milotic, L50, M|\n|teampreview|4\n|inactive|Battle timer is ON: inactive players will automatically lose when time's up. (requested by Poopoocacca)\nPoopoocacca rejected open team sheets.\n|inactive|segretari4 has 60 seconds left.\n|\n|t:|1776434522\n|teamsize|p1|4\n|teamsize|p2|4\n|start\n|switch|p1a: Incineroar|Incineroar, L50, M|100/100\n|switch|p1b: Basculegion|Basculegion, L50, M|100/100\n|switch|p2a: Tyranitar|Tyranitar, L50, F|100/100\n|switch|p2b: Excadrill|Excadrill, L50, M|100/100\n|-weather|Sandstorm|[from] ability: Sand Stream|[of] p2a: Tyranitar\n|-ability|p1a: Incineroar|Intimidate|boost\n|-unboost|p2a: Tyranitar|atk|1\n|-unboost|p2b: Excadrill|atk|1\n|turn|1\n|inactive|segretari4 has 30 seconds left.\n|inactive|Poopoocacca has 30 seconds left.\n|\n|t:|1776434551\n|switch|p1a: Pelipper|Pelipper, L50, M|100/100\n|-weather|RainDance|[from] ability: Drizzle|[of] p1a: Pelipper\n|move|p1b: Basculegion|Substitute|p1b: Basculegion\n|-start|p1b: Basculegion|Substitute\n|-damage|p1b: Basculegion|76/100\n|move|p2b: Excadrill|Rock Slide|p1a: Pelipper|[spread] p1a,p1b\n|-activate|p1b: Basculegion|move: Substitute|[damage]\n|-supereffective|p1a: Pelipper|1\n|-damage|p1a: Pelipper|65/100\n|move|p2a: Tyranitar|Dragon Dance|p2a: Tyranitar\n|-boost|p2a: Tyranitar|atk|1\n|-boost|p2a: Tyranitar|spe|1\n|\n|-weather|RainDance|[upkeep]\n|upkeep\n|turn|2\n|inactive|Poopoocacca has 30 seconds left.\n|\n|t:|1776434577\n|move|p1b: Basculegion|Wave Crash|p2a: Tyranitar\n|-supereffective|p2a: Tyranitar|1\n|-damage|p2a: Tyranitar|0 fnt\n|faint|p2a: Tyranitar\n|-damage|p1b: Basculegion|46/100|[from] Recoil\n|move|p2b: Excadrill|Rock Slide|p1b: Basculegion|[spread] p1b\n|-miss|p2b: Excadrill|p1a: Pelipper\n|-crit|p1b: Basculegion\n|-end|p1b: Basculegion|Substitute\n|move|p1a: Pelipper|U-turn|p2b: Excadrill\n|-resisted|p2b: Excadrill|1\n|-damage|p2b: Excadrill|95/100\n|\n|t:|1776434591\n|switch|p1a: Incineroar|Incineroar, L50, M|100/100|[from] U-turn\n|-ability|p1a: Incineroar|Intimidate|boost\n|-unboost|p2b: Excadrill|atk|1\n|\n|-weather|RainDance|[upkeep]\n|upkeep\n|\n|t:|1776434602\n|switch|p2a: Dragapult|Dragapult, L50, F|100/100\n|turn|3\n|inactive|segretari4 has 30 seconds left.\n|inactive|segretari4 has 20 seconds left.\n|\n|t:|1776434638\n|move|p1b: Basculegion|Protect|p1b: Basculegion\n|-singleturn|p1b: Basculegion|Protect\n|move|p2a: Dragapult|Shadow Ball|p1b: Basculegion\n|-activate|p1b: Basculegion|move: Protect\n|move|p2b: Excadrill|Rock Slide|p1b: Basculegion|[spread] p1a\n|-activate|p1b: Basculegion|move: Protect\n|-supereffective|p1a: Incineroar|1\n|-damage|p1a: Incineroar|78/100\n|move|p1a: Incineroar|Parting Shot|p2a: Dragapult\n|-unboost|p2a: Dragapult|atk|1\n|-unboost|p2a: Dragapult|spa|1\n|\n|t:|1776434652\n|switch|p1a: Sneasler|Sneasler, L50, M|100/100|[from] Parting Shot\n|\n|-weather|RainDance|[upkeep]\n|upkeep\n|turn|4\n|\n|t:|1776434661\n|move|p1b: Basculegion|Wave Crash|p2b: Excadrill\n|-supereffective|p2b: Excadrill|1\n|-damage|p2b: Excadrill|0 fnt\n|faint|p2b: Excadrill\n|-damage|p1b: Basculegion|17/100|[from] Recoil\n|move|p2a: Dragapult|Shadow Ball|p1b: Basculegion\n|-supereffective|p1b: Basculegion|1\n|-damage|p1b: Basculegion|0 fnt\n|faint|p1b: Basculegion\n|move|p1a: Sneasler|Swords Dance|p1a: Sneasler\n|-boost|p1a: Sneasler|atk|2\n|\n|-weather|RainDance|[upkeep]\n|upkeep\n|\n|t:|1776434675\n|switch|p1b: Incineroar|Incineroar, L50, M|78/100\n|switch|p2b: Starmie|Starmie, L50|100/100\n|-ability|p1b: Incineroar|Intimidate|boost\n|-unboost|p2a: Dragapult|atk|1\n|-unboost|p2b: Starmie|atk|1\n|turn|5\n|\n|t:|1776434688\n|detailschange|p2b: Starmie|Starmie-Mega, L50\n|-mega|p2b: Starmie|Starmie|Starminite\n|move|p1b: Incineroar|Fake Out|p2b: Starmie\n|-damage|p2b: Starmie|84/100\n|move|p2a: Dragapult|Shadow Ball|p1a: Sneasler\n|-damage|p1a: Sneasler|73/100\n|cant|p2b: Starmie|flinch\n|move|p1a: Sneasler|Dire Claw|p2a: Dragapult\n|-resisted|p2a: Dragapult|1\n|-damage|p2a: Dragapult|55/100\n|\n|-weather|none\n|upkeep\n|turn|6\n|inactive|segretari4 has 30 seconds left.\n|\n|t:|1776434715\n|move|p2a: Dragapult|Shadow Ball|p1a: Sneasler\n|-damage|p1a: Sneasler|47/100\n|-enditem|p1a: Sneasler|Sitrus Berry|[eat]\n|-heal|p1a: Sneasler|72/100|[from] item: Sitrus Berry\n|move|p1a: Sneasler|Dire Claw|p2b: Starmie\n|-damage|p2b: Starmie|1/100\n|-status|p2b: Starmie|par\n|move|p2b: Starmie|Self-Destruct|p1b: Incineroar|[spread] p1a,p1b\n|-immune|p2a: Dragapult\n|-damage|p1a: Sneasler|10/100\n|-damage|p1b: Incineroar|19/100\n|faint|p2b: Starmie\n|move|p1b: Incineroar|Throat Chop|p2a: Dragapult\n|-supereffective|p2a: Dragapult|1\n|-damage|p2a: Dragapult|0 fnt\n|faint|p2a: Dragapult\n|\n|win|segretari4\n|raw|segretari4's rating: 1101 &rarr; <strong>1122</strong><br />(+21 for winning)\n|raw|Poopoocacca's rating: 1051 &rarr; <strong>1036</strong><br />(-15 for losing)\n",
  "uploadtime": 1776434737,
  "views": 30,
  "formatid": "gen9championsvgc2026regma",
  "rating": 1036,
  "private": 0,
  "password": null
}