{
  "id": "gen9championsvgc2026regma-2585847525",
  "format": "[Gen 9 Champions] VGC 2026 Reg M-A",
  "players": [
    "sc1erotized",
    "ClassClownApple"
  ],
  "log": "|j|\u2606sc1erotized\n|j|\u2606ClassClownApple\n|t:|1776375198\n|gametype|doubles\n|player|p1|sc1erotized|worker|1125\n|player|p2|ClassClownApple|melony|1101\n|gen|9\n|tier|[Gen 9 Champions] VGC 2026 Reg M-A\n|rated|\n|rule|Species Clause: Limit one of each Pok\u00e9mon\n|rule|Item Clause: Limit 1 of each item\n|clearpoke\n|poke|p1|Heracross, L50, M|\n|poke|p1|Archaludon, L50, F|\n|poke|p1|Aerodactyl, L50, M|\n|poke|p1|Sinistcha, L50|\n|poke|p1|Delphox, L50, F|\n|poke|p1|Rotom-Wash, L50|\n|poke|p2|Hatterene, L50, F|\n|poke|p2|Pelipper, L50, M|\n|poke|p2|Kingambit, L50, M|\n|poke|p2|Crabominable, L50, M|\n|poke|p2|Farigiraf, L50, M|\n|poke|p2|Sinistcha, L50|\n|teampreview|4\nClassClownApple has agreed to open team sheets.\nsc1erotized rejected open team sheets.\n|inactive|Battle timer is ON: inactive players will automatically lose when time's up. (requested by sc1erotized)\n|inactive|ClassClownApple has 60 seconds left.\n|\n|t:|1776375271\n|teamsize|p1|4\n|teamsize|p2|4\n|start\n|switch|p1a: Bridget|Archaludon, L50, F, shiny|100/100\n|switch|p1b: Rephitition|Heracross, L50, M|100/100\n|switch|p2a: Farigiraf|Farigiraf, L50, M|100/100\n|switch|p2b: Crabominable|Crabominable, L50, M|100/100\n|turn|1\n|inactive|sc1erotized has 30 seconds left.\n|inactive|ClassClownApple has 30 seconds left.\n|\n|t:|1776375300\n|detailschange|p1b: Rephitition|Heracross-Mega, L50, M\n|-mega|p1b: Rephitition|Heracross|Heracronite\n|detailschange|p2b: Crabominable|Crabominable-Mega, L50, M\n|-mega|p2b: Crabominable|Crabominable|Crabominite\n|move|p1a: Bridget|Light Screen|p1a: Bridget\n|-sidestart|p1: sc1erotized|move: Light Screen\n|move|p1b: Rephitition|Pin Missile|p2a: Farigiraf\n|-supereffective|p2a: Farigiraf|1\n|-damage|p2a: Farigiraf|57/100\n|-supereffective|p2a: Farigiraf|1\n|-damage|p2a: Farigiraf|20/100\n|-enditem|p2a: Farigiraf|Sitrus Berry|[eat]\n|-heal|p2a: Farigiraf|45/100|[from] item: Sitrus Berry\n|-supereffective|p2a: Farigiraf|1\n|-damage|p2a: Farigiraf|5/100\n|-supereffective|p2a: Farigiraf|1\n|-damage|p2a: Farigiraf|0 fnt\n|faint|p2a: Farigiraf\n|-hitcount|p2: Farigiraf|4\n|move|p2b: Crabominable|Ice Punch|p1b: Rephitition\n|-damage|p1b: Rephitition|38/100\n|\n|upkeep\n|\n|t:|1776375320\n|switch|p2a: Hatterene|Hatterene, L50, F|100/100\n|turn|2\n|inactive|sc1erotized has 30 seconds left.\n|\n|t:|1776375354\n|move|p1b: Rephitition|Protect|p1b: Rephitition\n|-singleturn|p1b: Rephitition|Protect\n|move|p1a: Bridget|Flash Cannon|p2a: Hatterene\n|-supereffective|p2a: Hatterene|1\n|-damage|p2a: Hatterene|8/100\n|move|p2b: Crabominable|Drain Punch|p1a: Bridget\n|-supereffective|p1a: Bridget|1\n|-ability|p1a: Bridget|Sturdy\n|-damage|p1a: Bridget|1/100\n|move|p2a: Hatterene|Trick Room|p2a: Hatterene\n|-fieldstart|move: Trick Room|[of] p2a: Hatterene\n|\n|-heal|p2a: Hatterene|14/100|[from] item: Leftovers\n|upkeep\n|turn|3\n|inactive|sc1erotized has 30 seconds left.\n|inactive|sc1erotized has 20 seconds left.\n|inactive|sc1erotized has 15 seconds left.\n|inactive|sc1erotized has 10 seconds left.\n|inactive|sc1erotized has 5 seconds left.\n|\n|t:|1776375406\n|switch|p1a: Lil' Guy|Sinistcha, L50, shiny|100/100\n|-heal|p1b: Rephitition|62/100|[from] ability: Hospitality|[of] p1a: Lil' Guy\n|move|p2a: Hatterene|Dazzling Gleam|p1a: Lil' Guy|[spread] p1a,p1b\n|-supereffective|p1b: Rephitition|1\n|-damage|p1a: Lil' Guy|81/100\n|-damage|p1b: Rephitition|13/100\n|move|p2b: Crabominable|Ice Punch|p1b: Rephitition\n|-damage|p1b: Rephitition|0 fnt\n|faint|p1b: Rephitition\n|\n|-heal|p2a: Hatterene|20/100|[from] item: Leftovers\n|-heal|p1a: Lil' Guy|88/100|[from] item: Leftovers\n|upkeep\n|\n|t:|1776375430\n|switch|p1b: m/s^2|Aerodactyl, L50, M|100/100\n|turn|4\n|\n|t:|1776375453\n|switch|p2a: Sinistcha|Sinistcha, L50|100/100\n|move|p2b: Crabominable|Ice Punch|p1b: m/s^2\n|-supereffective|p1b: m/s^2|1\n|-enditem|p1b: m/s^2|Focus Sash\n|-damage|p1b: m/s^2|1/100\n|-status|p1b: m/s^2|frz\n|move|p1a: Lil' Guy|Matcha Gotcha|p2a: Sinistcha|[spread] p2a,p2b\n|-resisted|p2a: Sinistcha|1\n|-damage|p2a: Sinistcha|85/100\n|-heal|p1a: Lil' Guy|95/100|[from] drain|[of] p2a: Sinistcha\n|-damage|p2b: Crabominable|79/100\n|-heal|p1a: Lil' Guy|100/100|[from] drain|[of] p2b: Crabominable\n|-curestatus|p1b: m/s^2|frz|[msg]\n|move|p1b: m/s^2|Dual Wingbeat|p2b: Crabominable\n|-supereffective|p2b: Crabominable|1\n|-damage|p2b: Crabominable|50/100\n|-supereffective|p2b: Crabominable|1\n|-damage|p2b: Crabominable|17/100\n|-hitcount|p2b: Crabominable|2\n|\n|upkeep\n|turn|5\n|inactive|sc1erotized has 30 seconds left.\n|inactive|ClassClownApple has 30 seconds left.\n|\n|t:|1776375487\n|move|p1a: Lil' Guy|Rage Powder|p1a: Lil' Guy\n|-singleturn|p1a: Lil' Guy|move: Rage Powder\n|move|p2b: Crabominable|Ice Punch|p1a: Lil' Guy\n|-supereffective|p1a: Lil' Guy|1\n|-damage|p1a: Lil' Guy|0 fnt\n|faint|p1a: Lil' Guy\n|move|p2a: Sinistcha|Shadow Ball|p1b: m/s^2\n|-damage|p1b: m/s^2|0 fnt\n|faint|p1b: m/s^2\n|\n|-sideend|p1: sc1erotized|move: Light Screen\n|upkeep\n|\n|t:|1776375500\n|switch|p1a: Bridget|Archaludon, L50, F, shiny|1/100\n|turn|6\n|\n|t:|1776375517\n|move|p2b: Crabominable|Drain Punch|p1a: Bridget\n|-supereffective|p1a: Bridget|1\n|-damage|p1a: Bridget|0 fnt\n|-heal|p2b: Crabominable|18/100|[from] drain|[of] p1a: Bridget\n|faint|p1a: Bridget\n|\n|win|ClassClownApple\n|raw|sc1erotized's rating: 1125 &rarr; <strong>1098</strong><br />(-27 for losing)\n|raw|ClassClownApple's rating: 1101 &rarr; <strong>1128</strong><br />(+27 for winning)\n|c|\u2606sc1erotized|gg\n|c|\u2606ClassClownApple|ggs\n|l|\u2606sc1erotized\n|player|p1|\n",
  "uploadtime": 1776375527,
  "views": 23,
  "formatid": "gen9championsvgc2026regma",
  "rating": 1098,
  "private": 0,
  "password": null
}