{
  "id": "gen9championsvgc2026regma-2581636220",
  "format": "[Gen 9 Champions] VGC 2026 Reg M-A",
  "players": [
    "NEONxTOKYO",
    "gohivo"
  ],
  "log": "|j|\u2606NEONxTOKYO\n|j|\u2606gohivo\n|t:|1776016904\n|gametype|doubles\n|player|p1|NEONxTOKYO|unknown|1134\n|player|p2|gohivo|101|1051\n|gen|9\n|tier|[Gen 9 Champions] VGC 2026 Reg M-A\n|rated|\n|rule|Species Clause: Limit one of each Pok\u00e9mon\n|rule|Item Clause: Limit 1 of each item\n|clearpoke\n|poke|p1|Garchomp, L50, M|\n|poke|p1|Tyranitar, L50, M|\n|poke|p1|Excadrill, L50, F|\n|poke|p1|Corviknight, L50, F|\n|poke|p1|Rotom-Wash, L50|\n|poke|p1|Archaludon, L50, F|\n|poke|p2|Charizard, L50, M|\n|poke|p2|Incineroar, L50, M|\n|poke|p2|Whimsicott, L50, F|\n|poke|p2|Rotom-Wash, L50|\n|poke|p2|Ninetales-Alola, L50, F|\n|poke|p2|Sneasler, L50, F|\n|teampreview|4\n|inactive|Battle timer is ON: inactive players will automatically lose when time's up. (requested by gohivo)\ngohivo rejected open team sheets.\n|inactive|gohivo has 60 seconds left.\n|\n|t:|1776016948\n|teamsize|p1|4\n|teamsize|p2|4\n|start\n|switch|p1a: Tyranitar|Tyranitar, L50, M|100/100\n|switch|p1b: Excadrill|Excadrill, L50, F|100/100\n|switch|p2a: Charizard|Charizard, L50, M|100/100\n|switch|p2b: Whimsicott|Whimsicott, L50, F|100/100\n|-weather|Sandstorm|[from] ability: Sand Stream|[of] p1a: Tyranitar\n|turn|1\n|\n|t:|1776016969\n|switch|p2a: Incineroar|Incineroar, L50, M|100/100\n|-ability|p2a: Incineroar|Intimidate|boost\n|-unboost|p1a: Tyranitar|atk|1\n|-unboost|p1b: Excadrill|atk|1\n|detailschange|p1a: Tyranitar|Tyranitar-Mega, L50, M\n|-mega|p1a: Tyranitar|Tyranitar|Tyranitarite\n|move|p2b: Whimsicott|Sunny Day|p2b: Whimsicott\n|-weather|SunnyDay\n|move|p1b: Excadrill|Iron Head|p2b: Whimsicott\n|-supereffective|p2b: Whimsicott|1\n|-damage|p2b: Whimsicott|22/100\n|move|p1a: Tyranitar|Rock Slide|p2a: Incineroar|[spread] p2a,p2b\n|-supereffective|p2a: Incineroar|1\n|-damage|p2a: Incineroar|48/100\n|-damage|p2b: Whimsicott|0 fnt\n|faint|p2b: Whimsicott\n|\n|-weather|SunnyDay|[upkeep]\n|upkeep\n|\n|t:|1776016987\n|switch|p2b: Sneasler|Sneasler, L50, F|100/100\n|turn|2\n|inactive|gohivo has 30 seconds left.\n|\n|t:|1776017015\n|switch|p1a: Rotom|Rotom-Wash, L50|100/100\n|move|p1b: Excadrill|Protect|p1b: Excadrill\n|-singleturn|p1b: Excadrill|Protect\n|move|p2a: Incineroar|Fake Out|p1b: Excadrill\n|-activate|p1b: Excadrill|move: Protect\n|move|p2b: Sneasler|Dire Claw|p1a: Rotom\n|-damage|p1a: Rotom|49/100\n|-status|p1a: Rotom|slp\n|-enditem|p1a: Rotom|Sitrus Berry|[eat]\n|-heal|p1a: Rotom|74/100 slp|[from] item: Sitrus Berry\n|\n|-weather|SunnyDay|[upkeep]\n|upkeep\n|turn|3\n|inactive|NEONxTOKYO has 30 seconds left.\n|inactive|gohivo has 30 seconds left.\n|inactive|gohivo has 20 seconds left.\n|inactive|gohivo has 15 seconds left.\n|\n|t:|1776017060\n|switch|p1a: Tyranitar|Tyranitar-Mega, L50, M|100/100\n|-weather|Sandstorm|[from] ability: Sand Stream|[of] p1a: Tyranitar\n|move|p1b: Excadrill|High Horsepower|p2b: Sneasler\n|-supereffective|p2b: Sneasler|1\n|-damage|p2b: Sneasler|0 fnt\n|faint|p2b: Sneasler\n|move|p2a: Incineroar|Parting Shot|p1a: Tyranitar\n|-unboost|p1a: Tyranitar|atk|1\n|-unboost|p1a: Tyranitar|spa|1\n|\n|t:|1776017070\n|switch|p2a: Charizard|Charizard, L50, M|100/100|[from] Parting Shot\n|\n|-weather|Sandstorm|[upkeep]\n|-damage|p2a: Charizard|94/100|[from] Sandstorm\n|upkeep\n|\n|t:|1776017074\n|switch|p2b: Incineroar|Incineroar, L50, M|48/100\n|-ability|p2b: Incineroar|Intimidate|boost\n|-unboost|p1a: Tyranitar|atk|1\n|-unboost|p1b: Excadrill|atk|1\n|turn|4\n|\n|t:|1776017093\n|switch|p1b: Archaludon|Archaludon, L50, F|100/100\n|switch|p1a: Rotom|Rotom-Wash, L50|74/100 slp\n|detailschange|p2a: Charizard|Charizard-Mega-X, L50, M\n|-mega|p2a: Charizard|Charizard|Charizardite X\n|move|p2b: Incineroar|Fake Out|p1a: Rotom\n|-damage|p1a: Rotom|58/100 slp\n|move|p2a: Charizard|Dragon Dance|p2a: Charizard\n|-boost|p2a: Charizard|atk|1\n|-boost|p2a: Charizard|spe|1\n|\n|-weather|Sandstorm|[upkeep]\n|-damage|p2a: Charizard|88/100|[from] Sandstorm\n|-damage|p1a: Rotom|53/100 slp|[from] Sandstorm\n|-damage|p2b: Incineroar|42/100|[from] Sandstorm\n|upkeep\n|turn|5\n|inactive|NEONxTOKYO has 30 seconds left.\n|inactive|NEONxTOKYO has 20 seconds left.\n|\n|t:|1776017129\n|move|p2a: Charizard|Dragon Claw|p1b: Archaludon\n|-damage|p1b: Archaludon|41/100\n|-ability|p1b: Archaludon|Stamina|boost\n|-boost|p1b: Archaludon|def|1\n|cant|p1a: Rotom|slp\n|move|p1b: Archaludon|Draco Meteor|p2a: Charizard\n|-supereffective|p2a: Charizard|1\n|-damage|p2a: Charizard|0 fnt\n|-unboost|p1b: Archaludon|spa|2\n|faint|p2a: Charizard\n|move|p2b: Incineroar|Darkest Lariat|p1a: Rotom\n|-damage|p1a: Rotom|6/100 slp\n|\n|-weather|Sandstorm|[upkeep]\n|-damage|p1a: Rotom|0 fnt|[from] Sandstorm\n|-damage|p2b: Incineroar|36/100|[from] Sandstorm\n|faint|p1a: Rotom\n|upkeep\n|\n|t:|1776017144\n|switch|p1a: Excadrill|Excadrill, L50, F|100/100\n|turn|6\n|\n|t:|1776017166\n|move|p1a: Excadrill|High Horsepower|p2b: Incineroar\n|-supereffective|p2b: Incineroar|1\n|-damage|p2b: Incineroar|0 fnt\n|faint|p2b: Incineroar\n|\n|win|NEONxTOKYO\n|raw|NEONxTOKYO's rating: 1134 &rarr; <strong>1153</strong><br />(+19 for winning)\n|raw|gohivo's rating: 1051 &rarr; <strong>1037</strong><br />(-14 for losing)\n",
  "uploadtime": 1776017167,
  "views": 15,
  "formatid": "gen9championsvgc2026regma",
  "rating": 1037,
  "private": 0,
  "password": null
}