{
  "id": "gen9championsvgc2026regma-2584128055",
  "format": "[Gen 9 Champions] VGC 2026 Reg M-A",
  "players": [
    "MatthewElan",
    "goukipw"
  ],
  "log": "|j|\u2606MatthewElan\n|j|\u2606goukipw\n|t:|1776228251\n|gametype|doubles\n|player|p1|MatthewElan|lucas|1064\n|player|p2|goukipw|1|1111\n|gen|9\n|tier|[Gen 9 Champions] VGC 2026 Reg M-A\n|rated|\n|rule|Species Clause: Limit one of each Pok\u00e9mon\n|rule|Item Clause: Limit 1 of each item\n|clearpoke\n|poke|p1|Drampa, L50, F|\n|poke|p1|Sinistcha, L50|\n|poke|p1|Pelipper, L50, M|\n|poke|p1|Alakazam, L50, M|\n|poke|p1|Scizor, L50, F|\n|poke|p1|Basculegion, L50, M|\n|poke|p2|Tyranitar, L50, M|\n|poke|p2|Garchomp, L50, M|\n|poke|p2|Orthworm, L50, F|\n|poke|p2|Whimsicott, L50, M|\n|poke|p2|Incineroar, L50, F|\n|poke|p2|Sableye, L50, F|\n|teampreview|4\n|inactive|Battle timer is ON: inactive players will automatically lose when time's up. (requested by MatthewElan)\n|inactive|MatthewElan has 60 seconds left.\n|\n|t:|1776228307\n|teamsize|p1|4\n|teamsize|p2|4\n|start\n|switch|p1a: Scizor|Scizor, L50, F|100/100\n|switch|p1b: Pelipper|Pelipper, L50, M|100/100\n|switch|p2a: Tyranitar|Tyranitar, L50, M|100/100\n|switch|p2b: Sableye|Sableye, L50, F|100/100\n|-weather|RainDance|[from] ability: Drizzle|[of] p1b: Pelipper\n|-weather|Sandstorm|[from] ability: Sand Stream|[of] p2a: Tyranitar\n|turn|1\n|inactive|MatthewElan has 30 seconds left.\n|inactive|MatthewElan has 20 seconds left.\n|\n|t:|1776228345\n|move|p2b: Sableye|Fake Out|p1a: Scizor\n|-resisted|p1a: Scizor|1\n|-damage|p1a: Scizor|97/100\n|move|p1b: Pelipper|Tailwind|p1b: Pelipper\n|-sidestart|p1: MatthewElan|move: Tailwind\n|cant|p1a: Scizor|flinch\n|move|p2a: Tyranitar|Rock Slide|p1a: Scizor|[spread] p1a,p1b\n|-supereffective|p1b: Pelipper|1\n|-damage|p1a: Scizor|64/100\n|-damage|p1b: Pelipper|22/100\n|\n|-weather|Sandstorm|[upkeep]\n|-damage|p1b: Pelipper|16/100|[from] Sandstorm\n|-damage|p2b: Sableye|95/100|[from] Sandstorm\n|upkeep\n|turn|2\n|\n|t:|1776228359\n|switch|p1b: Sinistcha|Sinistcha, L50|100/100\n|-heal|p1a: Scizor|89/100|[from] ability: Hospitality|[of] p1b: Sinistcha\n|move|p2a: Tyranitar|Protect|p2a: Tyranitar\n|-singleturn|p2a: Tyranitar|Protect\n|move|p2b: Sableye|Will-O-Wisp|p1a: Scizor\n|-status|p1a: Scizor|brn\n|move|p1a: Scizor|Swords Dance|p1a: Scizor\n|-boost|p1a: Scizor|atk|2\n|\n|-weather|Sandstorm|[upkeep]\n|-damage|p1b: Sinistcha|95/100|[from] Sandstorm\n|-damage|p2b: Sableye|89/100|[from] Sandstorm\n|-damage|p1a: Scizor|83/100 brn|[from] brn\n|upkeep\n|turn|3\n|\n|t:|1776228380\n|switch|p2a: Incineroar|Incineroar, L50, F|100/100\n|-ability|p2a: Incineroar|Intimidate|boost\n|-unboost|p1a: Scizor|atk|1\n|-unboost|p1b: Sinistcha|atk|1\n|move|p1a: Scizor|Bullet Punch|p2a: Incineroar\n|-resisted|p2a: Incineroar|1\n|-damage|p2a: Incineroar|93/100\n|move|p2b: Sableye|Swagger|p2a: Incineroar\n|-boost|p2a: Incineroar|atk|2\n|-start|p2a: Incineroar|confusion\n|move|p1b: Sinistcha|Matcha Gotcha|p2a: Incineroar|[spread] p2a,p2b\n|-resisted|p2a: Incineroar|1\n|-damage|p2a: Incineroar|77/100\n|-heal|p1b: Sinistcha|100/100|[from] drain|[of] p2a: Incineroar\n|-damage|p2b: Sableye|41/100\n|\n|-weather|Sandstorm|[upkeep]\n|-damage|p1b: Sinistcha|95/100|[from] Sandstorm\n|-damage|p2a: Incineroar|71/100|[from] Sandstorm\n|-damage|p2b: Sableye|35/100|[from] Sandstorm\n|-damage|p1a: Scizor|77/100 brn|[from] brn\n|upkeep\n|turn|4\n|inactive|MatthewElan has 30 seconds left.\n|inactive|MatthewElan has 20 seconds left.\n|inactive|MatthewElan has 15 seconds left.\n|\n|t:|1776228421\n|switch|p2b: Whimsicott|Whimsicott, L50, M|100/100\n|move|p1b: Sinistcha|Rage Powder|p1b: Sinistcha\n|-singleturn|p1b: Sinistcha|move: Rage Powder\n|move|p1a: Scizor|Close Combat|p2a: Incineroar\n|-supereffective|p2a: Incineroar|1\n|-enditem|p2a: Incineroar|Chople Berry|[eat]\n|-enditem|p2a: Incineroar|Chople Berry|[weaken]\n|-damage|p2a: Incineroar|47/100\n|-unboost|p1a: Scizor|def|1\n|-unboost|p1a: Scizor|spd|1\n|-activate|p2a: Incineroar|confusion\n|-damage|p2a: Incineroar|32/100|[from] confusion\n|\n|-weather|Sandstorm|[upkeep]\n|-damage|p2b: Whimsicott|95/100|[from] Sandstorm\n|-damage|p1b: Sinistcha|89/100|[from] Sandstorm\n|-damage|p2a: Incineroar|26/100|[from] Sandstorm\n|-damage|p1a: Scizor|71/100 brn|[from] brn\n|-sideend|p1: MatthewElan|move: Tailwind\n|upkeep\n|turn|5\n|\n|t:|1776228441\n|switch|p1a: Pelipper|Pelipper, L50, M|16/100\n|-weather|RainDance|[from] ability: Drizzle|[of] p1a: Pelipper\n|move|p2b: Whimsicott|Tailwind|p2b: Whimsicott\n|-sidestart|p2: goukipw|move: Tailwind\n|-end|p2a: Incineroar|confusion\n|move|p2a: Incineroar|Flare Blitz|p1b: Sinistcha\n|-supereffective|p1b: Sinistcha|1\n|-damage|p1b: Sinistcha|4/100\n|-enditem|p1b: Sinistcha|Sitrus Berry|[eat]\n|-heal|p1b: Sinistcha|29/100|[from] item: Sitrus Berry\n|-damage|p2a: Incineroar|2/100|[from] Recoil\n|move|p1b: Sinistcha|Trick Room|p1b: Sinistcha\n|-fieldstart|move: Trick Room|[of] p1b: Sinistcha\n|\n|-weather|RainDance|[upkeep]\n|upkeep\n|turn|6\n|\n|t:|1776228465\n|switch|p1a: Scizor|Scizor, L50, F|71/100 brn\n|move|p2b: Whimsicott|Encore|p1b: Sinistcha\n|-start|p1b: Sinistcha|Encore\n|move|p2a: Incineroar|Flare Blitz|p1a: Scizor\n|-supereffective|p1a: Scizor|2\n|-damage|p1a: Scizor|0 fnt\n|faint|p1a: Scizor\n|-damage|p2a: Incineroar|0 fnt|[from] Recoil\n|faint|p2a: Incineroar\n|move|p1b: Sinistcha|Trick Room|p1b: Sinistcha\n|-fieldend|move: Trick Room\n|\n|-weather|RainDance|[upkeep]\n|upkeep\n|-message|MatthewElan forfeited.\n|\n|win|goukipw\n|raw|MatthewElan's rating: 1064 &rarr; <strong>1047</strong><br />(-17 for losing)\n|raw|goukipw's rating: 1111 &rarr; <strong>1133</strong><br />(+22 for winning)\n|l|\u2606MatthewElan\n|player|p1|\n",
  "uploadtime": 1776228479,
  "views": 16,
  "formatid": "gen9championsvgc2026regma",
  "rating": 1047,
  "private": 0,
  "password": null
}