{
  "id": "gen9championsvgc2026regma-2586448823",
  "format": "[Gen 9 Champions] VGC 2026 Reg M-A",
  "players": [
    "Rocket Bear",
    "jobidenkim1557"
  ],
  "log": "|j|\u203dRocket Bear\n|j|\u2606jobidenkim1557\n|t:|1776435422\n|gametype|doubles\n|player|p1|Rocket Bear|1|1266\n|player|p2|jobidenkim1557|265|1291\n|gen|9\n|tier|[Gen 9 Champions] VGC 2026 Reg M-A\n|rated|\n|rule|Species Clause: Limit one of each Pok\u00e9mon\n|rule|Item Clause: Limit 1 of each item\n|clearpoke\n|poke|p1|Gyarados, L50, F|\n|poke|p1|Garchomp, L50, M|\n|poke|p1|Charizard, L50, M|\n|poke|p1|Orthworm, L50, M|\n|poke|p1|Hydreigon, L50, M|\n|poke|p1|Sneasler, L50, M|\n|poke|p2|Incineroar, L50, F|\n|poke|p2|Rhyperior, L50, M|\n|poke|p2|Kangaskhan, L50, F|\n|poke|p2|Delphox, L50, M|\n|poke|p2|Sylveon, L50, M|\n|poke|p2|Sinistcha-Masterpiece, L50|\n|teampreview|4\n|\n|t:|1776435464\n|teamsize|p1|4\n|teamsize|p2|4\n|start\n|switch|p1a: Garchomp|Garchomp, L50, M|100/100\n|switch|p1b: Gyarados|Gyarados, L50, F|100/100\n|switch|p2a: Delphox|Delphox, L50, M|100/100\n|switch|p2b: Sylveon|Sylveon, L50, M|100/100\n|-ability|p1b: Gyarados|Intimidate|boost\n|-unboost|p2a: Delphox|atk|1\n|-unboost|p2b: Sylveon|atk|1\n|turn|1\n|\n|t:|1776435484\n|switch|p2a: Incineroar|Incineroar, L50, F|100/100\n|-ability|p2a: Incineroar|Intimidate|boost\n|-unboost|p1a: Garchomp|atk|1\n|-unboost|p1b: Gyarados|atk|1\n|move|p1a: Garchomp|Protect|p1a: Garchomp\n|-singleturn|p1a: Garchomp|Protect\n|move|p1b: Gyarados|Thunder Wave|p2a: Incineroar\n|-status|p2a: Incineroar|par\n|move|p2b: Sylveon|Hyper Voice|p1a: Garchomp|[spread] p1b\n|-activate|p1a: Garchomp|move: Protect\n|-damage|p1b: Gyarados|67/100\n|\n|upkeep\n|turn|2\n|\n|t:|1776435503\n|switch|p1a: Orthworm|Orthworm, L50, M|100/100\n|move|p2a: Incineroar|Fake Out|p1a: Orthworm\n|-resisted|p1a: Orthworm|1\n|-damage|p1a: Orthworm|98/100\n|move|p1b: Gyarados|Thunder Wave|p2b: Sylveon\n|-status|p2b: Sylveon|par\n|move|p2b: Sylveon|Hyper Voice|p1b: Gyarados|[spread] p1a,p1b\n|-resisted|p1a: Orthworm|1\n|-damage|p1a: Orthworm|58/100\n|-damage|p1b: Gyarados|29/100\n|-enditem|p1b: Gyarados|Sitrus Berry|[eat]\n|-heal|p1b: Gyarados|54/100|[from] item: Sitrus Berry\n|\n|-heal|p1a: Orthworm|64/100|[from] item: Leftovers\n|upkeep\n|turn|3\n|\n|t:|1776435527\n|move|p1b: Gyarados|Waterfall|p2b: Sylveon\n|-damage|p2b: Sylveon|73/100 par\n|move|p1a: Orthworm|Heavy Slam|p2b: Sylveon\n|-supereffective|p2b: Sylveon|1\n|-damage|p2b: Sylveon|0 fnt\n|faint|p2b: Sylveon\n|move|p2a: Incineroar|Flare Blitz|p1a: Orthworm\n|-supereffective|p1a: Orthworm|1\n|-damage|p1a: Orthworm|12/100\n|-damage|p2a: Incineroar|86/100 par|[from] Recoil\n|\n|-heal|p1a: Orthworm|18/100|[from] item: Leftovers\n|upkeep\n|\n|t:|1776435541\n|switch|p2b: Delphox|Delphox, L50, M|100/100\n|turn|4\n|\n|t:|1776435547\n|detailschange|p2b: Delphox|Delphox-Mega, L50, M\n|-mega|p2b: Delphox|Delphox|Delphoxite\n|move|p1a: Orthworm|Protect|p1a: Orthworm\n|-singleturn|p1a: Orthworm|Protect\n|move|p2b: Delphox|Psychic|p1b: Gyarados\n|-damage|p1b: Gyarados|18/100\n|move|p1b: Gyarados|Thunder Wave|p2b: Delphox\n|-status|p2b: Delphox|par\n|move|p2a: Incineroar|Flare Blitz|p1a: Orthworm\n|-activate|p1a: Orthworm|move: Protect\n|\n|-heal|p1a: Orthworm|24/100|[from] item: Leftovers\n|upkeep\n|turn|5\n|inactive|Battle timer is ON: inactive players will automatically lose when time's up. (requested by jobidenkim1557)\n|\n|t:|1776435573\n|switch|p1a: Hydreigon|Hydreigon, L50, M|100/100\n|move|p2b: Delphox|Protect|p2b: Delphox\n|-singleturn|p2b: Delphox|Protect\n|move|p1b: Gyarados|Waterfall|p2b: Delphox\n|-activate|p2b: Delphox|move: Protect\n|move|p2a: Incineroar|Flare Blitz|p1a: Hydreigon\n|-resisted|p1a: Hydreigon|1\n|-damage|p1a: Hydreigon|74/100\n|-damage|p2a: Incineroar|78/100 par|[from] Recoil\n|\n|upkeep\n|turn|6\n|\n|t:|1776435591\n|switch|p2b: Sinistcha|Sinistcha-Masterpiece, L50|100/100\n|-heal|p2a: Incineroar|100/100 par|[from] ability: Hospitality|[of] p2b: Sinistcha\n|move|p1a: Hydreigon|Dark Pulse|p2b: Sinistcha\n|-supereffective|p2b: Sinistcha|1\n|-damage|p2b: Sinistcha|6/100\n|-enditem|p2b: Sinistcha|Sitrus Berry|[eat]\n|-heal|p2b: Sinistcha|31/100|[from] item: Sitrus Berry\n|move|p1b: Gyarados|Waterfall|p2a: Incineroar\n|-supereffective|p2a: Incineroar|1\n|-enditem|p2a: Incineroar|Passho Berry|[eat]\n|-enditem|p2a: Incineroar|Passho Berry|[weaken]\n|-damage|p2a: Incineroar|85/100 par\n|move|p2a: Incineroar|Parting Shot|p1a: Hydreigon\n|-unboost|p1a: Hydreigon|atk|1\n|-unboost|p1a: Hydreigon|spa|1\n|\n|t:|1776435604\n|switch|p2a: Delphox|Delphox-Mega, L50, M|100/100 par|[from] Parting Shot\n|\n|upkeep\n|turn|7\n|\n|t:|1776435618\n|move|p1a: Hydreigon|Dark Pulse|p2a: Delphox\n|-supereffective|p2a: Delphox|1\n|-damage|p2a: Delphox|45/100 par\n|move|p2a: Delphox|Heat Wave|p1b: Gyarados|[spread] p1a,p1b\n|-resisted|p1a: Hydreigon|1\n|-resisted|p1b: Gyarados|1\n|-damage|p1a: Hydreigon|48/100\n|-damage|p1b: Gyarados|5/100\n|move|p1b: Gyarados|Thunder Wave|p2b: Sinistcha\n|-status|p2b: Sinistcha|par\n|move|p2b: Sinistcha|Matcha Gotcha|p1a: Hydreigon|[spread] p1b\n|-miss|p2b: Sinistcha|p1a: Hydreigon\n|-damage|p1b: Gyarados|0 fnt\n|-heal|p2b: Sinistcha|34/100 par|[from] drain|[of] p1b: Gyarados\n|faint|p1b: Gyarados\n|\n|upkeep\n|\n|t:|1776435642\n|switch|p1b: Garchomp|Garchomp, L50, M|100/100\n|turn|8\n|\n|t:|1776435650\n|move|p2b: Sinistcha|Rage Powder|p2b: Sinistcha\n|-singleturn|p2b: Sinistcha|move: Rage Powder\n|move|p1a: Hydreigon|Dark Pulse|p2b: Sinistcha\n|-supereffective|p2b: Sinistcha|1\n|-damage|p2b: Sinistcha|0 fnt\n|faint|p2b: Sinistcha\n|move|p1b: Garchomp|Dragon Claw|p2a: Delphox\n|-damage|p2a: Delphox|0 fnt\n|faint|p2a: Delphox\n|\n|upkeep\n|-message|jobidenkim1557 forfeited.\n|\n|win|Rocket Bear\n|raw|Rocket Bear's rating: 1266 &rarr; <strong>1293</strong><br />(+27 for winning)\n|raw|jobidenkim1557's rating: 1291 &rarr; <strong>1264</strong><br />(-27 for losing)\n|l|\u2606jobidenkim1557\n|player|p2|\n",
  "uploadtime": 1776435678,
  "views": 52,
  "formatid": "gen9championsvgc2026regma",
  "rating": 1264,
  "private": 0,
  "password": null
}