{
  "id": "gen9championsvgc2026regma-2582535419",
  "format": "[Gen 9 Champions] VGC 2026 Reg M-A",
  "players": [
    "coquito09",
    "ppyyy"
  ],
  "log": "|j|\u2606coquito09\n|j|\u2606ppyyy\n|t:|1776097872\n|gametype|doubles\n|player|p1|coquito09|bruno|\n|player|p2|ppyyy|elesa-gen5bw2|\n|gen|9\n|tier|[Gen 9 Champions] VGC 2026 Reg M-A\n|rated|Tournament battle\n|rule|Species Clause: Limit one of each Pok\u00e9mon\n|rule|Item Clause: Limit 1 of each item\n|raw|<div class=\"infobox\"><details class=\"readmore\" open><summary><strong>1 custom rule:</strong></summary> Force Open Team Sheets</details></div>\n|clearpoke\n|poke|p1|Basculegion, L50, M|\n|poke|p1|Whimsicott, L50, F|\n|poke|p1|Incineroar, L50, F|\n|poke|p1|Garchomp, L50, F|\n|poke|p1|Typhlosion-Hisui, L50, M|\n|poke|p1|Floette-Eternal, L50, F|\n|poke|p2|Floette-Eternal, L50, F|\n|poke|p2|Whimsicott, L50, F|\n|poke|p2|Tyranitar, L50, F|\n|poke|p2|Garchomp, L50, F|\n|poke|p2|Typhlosion-Hisui, L50, F|\n|poke|p2|Tsareena, L50, F|\n|teampreview|4\n|showteam|p1|Basculegion||ChoiceScarf|Adaptability|WaveCrash,LastRespects,FlipTurn,AquaJet|||M|||50|]Whimsicott||FocusSash|Prankster|Moonblast,SunnyDay,Tailwind,Encore|||F|||50|]Incineroar||SitrusBerry|Intimidate|FakeOut,PartingShot,FlareBlitz,ThroatChop|||F|||50|]Garchomp||WhiteHerb|RoughSkin|RockSlide,StompingTantrum,DragonClaw,Protect|||F|||50|]Typhlosion-Hisui||Charcoal|Blaze|Eruption,Protect,Overheat,ShadowBall|||M|||50|]Floette-Eternal||Floettite|FlowerVeil|DazzlingGleam,Moonblast,CalmMind,Protect|||F|||50|\n|showteam|p2|Floette-Eternal||Floettite|FlowerVeil|Moonblast,DazzlingGleam,LightofRuin,Protect|||F|||50|]Whimsicott||FocusSash|Prankster|Moonblast,FakeTears,Tailwind,Protect|||F|||50|]Tyranitar||ChopleBerry|SandStream|Assurance,RockSlide,IronHead,Protect|||F|||50|]Garchomp||SitrusBerry|SandVeil|StompingTantrum,DragonClaw,Substitute,Protect|||F|||50|]Typhlosion-Hisui||ChoiceScarf|Frisk|Eruption,ShadowBall,HeatWave,Overheat|||F|||50|]Tsareena||KebiaBerry|QueenlyMajesty|TropKick,LowKick,HelpingHand,Protect|||F|||50|\n|\n|t:|1776097933\n|teamsize|p1|4\n|teamsize|p2|4\n|start\n|switch|p1a: Whimsicott|Whimsicott, L50, F|100/100\n|switch|p1b: Basculegion|Basculegion, L50, M|100/100\n|switch|p2a: Floette|Floette-Eternal, L50, F, shiny|100/100\n|switch|p2b: Typhlosion|Typhlosion-Hisui, L50, F|100/100\n|-item|p1a: Whimsicott|Focus Sash|[from] ability: Frisk|[of] p2b: Typhlosion\n|-item|p1b: Basculegion|Choice Scarf|[from] ability: Frisk|[of] p2b: Typhlosion\n|turn|1\n|\n|t:|1776097952\n|detailschange|p2a: Floette|Floette-Mega, L50, F, shiny\n|-mega|p2a: Floette|Floette|Floettite\n|-ability|p2a: Floette|Fairy Aura\n|move|p1a: Whimsicott|Tailwind|p1a: Whimsicott\n|-sidestart|p1: coquito09|move: Tailwind\n|move|p1b: Basculegion|Flip Turn|p2b: Typhlosion\n|-supereffective|p2b: Typhlosion|1\n|-damage|p2b: Typhlosion|0 fnt\n|faint|p2b: Typhlosion\n|\n|t:|1776097963\n|switch|p1b: Floette|Floette-Eternal, L50, F|100/100|[from] Flip Turn\n|move|p2a: Floette|Dazzling Gleam|p1a: Whimsicott|[spread] p1a,p1b\n|-crit|p1a: Whimsicott\n|-enditem|p1a: Whimsicott|Focus Sash\n|-damage|p1a: Whimsicott|1/100\n|-damage|p1b: Floette|66/100\n|\n|upkeep\n|\n|t:|1776097965\n|switch|p2b: Whimsicott|Whimsicott, L50, F, shiny|100/100\n|turn|2\n|\n|t:|1776097983\n|switch|p1a: Basculegion|Basculegion, L50, M|100/100\n|detailschange|p1b: Floette|Floette-Mega, L50, F\n|-mega|p1b: Floette|Floette|Floettite\n|-ability|p1b: Floette|Fairy Aura\n|move|p2b: Whimsicott|Fake Tears|p1b: Floette\n|-unboost|p1b: Floette|spd|2\n|move|p1b: Floette|Moonblast|p2a: Floette\n|-damage|p2a: Floette|46/100\n|move|p2a: Floette|Dazzling Gleam|p1b: Floette|[spread] p1a,p1b\n|-damage|p1a: Basculegion|50/100\n|-damage|p1b: Floette|0 fnt\n|faint|p1b: Floette\n|\n|upkeep\n|\n|t:|1776098012\n|switch|p1b: Whimsicott|Whimsicott, L50, F|1/100\n|turn|3\n|\n|t:|1776098024\n|switch|p2a: Tyranitar|Tyranitar, L50, F|100/100\n|-weather|Sandstorm|[from] ability: Sand Stream|[of] p2a: Tyranitar\n|move|p2b: Whimsicott|Protect|p2b: Whimsicott\n|-singleturn|p2b: Whimsicott|Protect\n|move|p1b: Whimsicott|Encore|p2b: Whimsicott\n|-activate|p2b: Whimsicott|move: Protect\n|move|p1a: Basculegion|Flip Turn|p2a: Tyranitar\n|-supereffective|p2a: Tyranitar|1\n|-damage|p2a: Tyranitar|50/100\n|\n|t:|1776098031\n|switch|p1a: Garchomp|Garchomp, L50, F|100/100|[from] Flip Turn\n|\n|-weather|Sandstorm|[upkeep]\n|-damage|p1b: Whimsicott|0 fnt|[from] Sandstorm\n|-damage|p2b: Whimsicott|95/100|[from] Sandstorm\n|faint|p1b: Whimsicott\n|upkeep\n|\n|t:|1776098032\n|switch|p1b: Basculegion|Basculegion, L50, M|50/100\n|turn|4\n|\n|t:|1776098045\n|move|p2b: Whimsicott|Tailwind|p2b: Whimsicott\n|-sidestart|p2: ppyyy|move: Tailwind\n|move|p1b: Basculegion|Last Respects|p2b: Whimsicott\n|-damage|p2b: Whimsicott|0 fnt\n|faint|p2b: Whimsicott\n|move|p1a: Garchomp|Stomping Tantrum|p2a: Tyranitar\n|-supereffective|p2a: Tyranitar|1\n|-damage|p2a: Tyranitar|0 fnt\n|faint|p2a: Tyranitar\n|\n|-weather|Sandstorm|[upkeep]\n|-damage|p1b: Basculegion|44/100|[from] Sandstorm\n|-sideend|p1: coquito09|move: Tailwind\n|upkeep\n|\n|t:|1776098052\n|switch|p2b: Floette|Floette-Mega, L50, F, shiny|46/100\n|-ability|p2b: Floette|Fairy Aura\n|turn|5\n|\n|t:|1776098062\n|move|p2b: Floette|Dazzling Gleam|p1b: Basculegion|[spread] p1a,p1b\n|-supereffective|p1a: Garchomp|1\n|-damage|p1a: Garchomp|0 fnt\n|-damage|p1b: Basculegion|0 fnt\n|faint|p1a: Garchomp\n|faint|p1b: Basculegion\n|\n|win|ppyyy\n|n|\u2606coquito09|coquito09\n|n|\u2606ppyyy|ppyyy\n",
  "uploadtime": 1776098065,
  "views": 11,
  "formatid": "gen9championsvgc2026regma",
  "rating": null,
  "private": 0,
  "password": null
}