{
  "id": "gen9championsvgc2026regma-2584281671",
  "format": "[Gen 9 Champions] VGC 2026 Reg M-A",
  "players": [
    "Bio_Hazz",
    "paperization"
  ],
  "log": "|j|\u2606Bio_Hazz\n|j|\u2606paperization\n|t:|1776246727\n|gametype|doubles\n|player|p1|Bio_Hazz|lucas|1112\n|player|p2|paperization|iono-masters|1151\n|gen|9\n|tier|[Gen 9 Champions] VGC 2026 Reg M-A\n|rated|\n|rule|Species Clause: Limit one of each Pok\u00e9mon\n|rule|Item Clause: Limit 1 of each item\n|clearpoke\n|poke|p1|Crabominable, L50, M|\n|poke|p1|Slowking, L50, F|\n|poke|p1|Incineroar, L50, M|\n|poke|p1|Camerupt, L50, F|\n|poke|p1|Sneasler, L50, F|\n|poke|p1|Hatterene, L50, F|\n|poke|p2|Delphox, L50, M|\n|poke|p2|Incineroar, L50, F|\n|poke|p2|Whimsicott, L50, F|\n|poke|p2|Garchomp, L50, F|\n|poke|p2|Sneasler, L50, M|\n|poke|p2|Gardevoir, L50, F|\n|teampreview|4\n|inactive|Battle timer is ON: inactive players will automatically lose when time's up. (requested by paperization)\n|\n|t:|1776246752\n|teamsize|p1|4\n|teamsize|p2|4\n|start\n|switch|p1a: Slowking|Slowking, L50, F|100/100\n|switch|p1b: Incineroar|Incineroar, L50, M|100/100\n|switch|p2a: Gardevoir|Gardevoir, L50, F|100/100\n|switch|p2b: Incineroar|Incineroar, L50, F|100/100\n|-ability|p2b: Incineroar|Intimidate|boost\n|-fail|p1a: Slowking|unboost|Attack|[from] ability: Oblivious|[of] p1a: Slowking\n|-unboost|p1b: Incineroar|atk|1\n|-ability|p1b: Incineroar|Intimidate|boost\n|-unboost|p2a: Gardevoir|atk|1\n|-unboost|p2b: Incineroar|atk|1\n|turn|1\n|\n|t:|1776246770\n|detailschange|p2a: Gardevoir|Gardevoir-Mega, L50, F\n|-mega|p2a: Gardevoir|Gardevoir|Gardevoirite\n|move|p2b: Incineroar|Fake Out|p1a: Slowking\n|-damage|p1a: Slowking|95/100\n|move|p2a: Gardevoir|Moonblast|p1a: Slowking\n|-damage|p1a: Slowking|44/100\n|move|p1b: Incineroar|Flare Blitz|p2a: Gardevoir\n|-damage|p2a: Gardevoir|7/100\n|-damage|p1b: Incineroar|78/100|[from] Recoil\n|cant|p1a: Slowking|flinch\n|\n|upkeep\n|turn|2\n|inactive|Bio_Hazz has 30 seconds left.\n|\n|t:|1776246799\n|move|p2a: Gardevoir|Moonblast|p1a: Slowking\n|-damage|p1a: Slowking|0 fnt\n|faint|p1a: Slowking\n|move|p2b: Incineroar|Parting Shot|p1b: Incineroar\n|-unboost|p1b: Incineroar|atk|1\n|-unboost|p1b: Incineroar|spa|1\n|\n|t:|1776246807\n|switch|p2b: Sneasler|Sneasler, L50, M|100/100|[from] Parting Shot\n|move|p1b: Incineroar|Darkest Lariat|p2a: Gardevoir\n|-damage|p2a: Gardevoir|0 fnt\n|faint|p2a: Gardevoir\n|\n|upkeep\n|\n|t:|1776246811\n|switch|p2a: Incineroar|Incineroar, L50, F|100/100\n|switch|p1a: Camerupt|Camerupt, L50, F|100/100\n|-ability|p2a: Incineroar|Intimidate|boost\n|-unboost|p1a: Camerupt|atk|1\n|-unboost|p1b: Incineroar|atk|1\n|turn|3\n|\n|t:|1776246822\n|move|p1a: Camerupt|Protect|p1a: Camerupt\n|-singleturn|p1a: Camerupt|Protect\n|move|p2b: Sneasler|Close Combat|p1a: Camerupt\n|-activate|p1a: Camerupt|move: Protect\n|move|p2a: Incineroar|Parting Shot|p1b: Incineroar\n|-unboost|p1b: Incineroar|atk|1\n|-unboost|p1b: Incineroar|spa|1\n|\n|t:|1776246829\n|switch|p2a: Garchomp|Garchomp, L50, F|100/100|[from] Parting Shot\n|move|p1b: Incineroar|Parting Shot|p2b: Sneasler\n|-unboost|p2b: Sneasler|atk|1\n|-unboost|p2b: Sneasler|spa|1\n|\n|t:|1776246834\n|switch|p1b: Hatterene|Hatterene, L50, F|100/100|[from] Parting Shot\n|-enditem|p2b: Sneasler|White Herb\n|-clearnegativeboost|p2b: Sneasler|[silent]\n|\n|upkeep\n|turn|4\n|inactive|paperization has 30 seconds left.\n|\n|t:|1776246861\n|switch|p1a: Incineroar|Incineroar, L50, M|78/100\n|-ability|p1a: Incineroar|Intimidate|boost\n|-unboost|p2a: Garchomp|atk|1\n|-unboost|p2b: Sneasler|atk|1\n|move|p1b: Hatterene|Protect|p1b: Hatterene\n|-singleturn|p1b: Hatterene|Protect\n|move|p2b: Sneasler|Dire Claw|p1b: Hatterene\n|-activate|p1b: Hatterene|move: Protect\n|move|p2a: Garchomp|Stomping Tantrum|p1a: Incineroar\n|-supereffective|p1a: Incineroar|1\n|-damage|p1a: Incineroar|30/100\n|\n|upkeep\n|turn|5\n|\n|t:|1776246875\n|move|p1a: Incineroar|Fake Out|p2b: Sneasler\n|-damage|p2b: Sneasler|75/100\n|cant|p2b: Sneasler|flinch\n|move|p2a: Garchomp|Stomping Tantrum|p1b: Hatterene\n|-damage|p1b: Hatterene|69/100\n|move|p1b: Hatterene|Trick Room|p1b: Hatterene\n|-fieldstart|move: Trick Room|[of] p1b: Hatterene\n|\n|upkeep\n|turn|6\n|\n|t:|1776246884\n|move|p2b: Sneasler|Protect|p2b: Sneasler\n|-singleturn|p2b: Sneasler|Protect\n|move|p1b: Hatterene|Dazzling Gleam|p2a: Garchomp|[spread] p2a\n|-activate|p2b: Sneasler|move: Protect\n|-supereffective|p2a: Garchomp|1\n|-enditem|p2a: Garchomp|Focus Sash\n|-damage|p2a: Garchomp|1/100\n|move|p1a: Incineroar|Flare Blitz|p2b: Sneasler\n|-activate|p2b: Sneasler|move: Protect\n|move|p2a: Garchomp|Earthquake|p1a: Incineroar|[spread] p1a,p1b\n|-activate|p2b: Sneasler|move: Protect\n|-supereffective|p1a: Incineroar|1\n|-crit|p1a: Incineroar\n|-damage|p1a: Incineroar|0 fnt\n|-damage|p1b: Hatterene|41/100\n|faint|p1a: Incineroar\n|\n|upkeep\n|\n|t:|1776246892\n|switch|p1a: Camerupt|Camerupt, L50, F|100/100\n|turn|7\n|\n|t:|1776246902\n|switch|p2b: Incineroar|Incineroar, L50, F|100/100\n|-ability|p2b: Incineroar|Intimidate|boost\n|-unboost|p1a: Camerupt|atk|1\n|-unboost|p1b: Hatterene|atk|1\n|detailschange|p1a: Camerupt|Camerupt-Mega, L50, F\n|-mega|p1a: Camerupt|Camerupt|Cameruptite\n|move|p1a: Camerupt|Heat Wave|p2b: Incineroar|[spread] p2a,p2b\n|-resisted|p2a: Garchomp|1\n|-resisted|p2b: Incineroar|1\n|-damage|p2a: Garchomp|0 fnt\n|-damage|p2b: Incineroar|74/100\n|faint|p2a: Garchomp\n|move|p1b: Hatterene|Dazzling Gleam|p2b: Incineroar\n|-damage|p2b: Incineroar|20/100\n|\n|-heal|p2b: Incineroar|26/100|[from] item: Leftovers\n|upkeep\n|\n|t:|1776246912\n|switch|p2a: Sneasler|Sneasler, L50, M|75/100\n|turn|8\n|\n|t:|1776246921\n|move|p2b: Incineroar|Fake Out|p1a: Camerupt\n|-damage|p1a: Camerupt|90/100\n|cant|p1a: Camerupt|flinch\n|move|p1b: Hatterene|Dazzling Gleam|p2b: Incineroar|[spread] p2a,p2b\n|-damage|p2a: Sneasler|21/100\n|-damage|p2b: Incineroar|0 fnt\n|faint|p2b: Incineroar\n|move|p2a: Sneasler|Dire Claw|p1b: Hatterene\n|-supereffective|p1b: Hatterene|1\n|-damage|p1b: Hatterene|0 fnt\n|faint|p1b: Hatterene\n|\n|upkeep\n|turn|9\n|\n|t:|1776246929\n|move|p2a: Sneasler|Protect|p2a: Sneasler\n|-singleturn|p2a: Sneasler|Protect\n|move|p1a: Camerupt|Earth Power|p2a: Sneasler\n|-activate|p2a: Sneasler|move: Protect\n|\n|-fieldend|move: Trick Room\n|upkeep\n|turn|10\n|\n|t:|1776246940\n|move|p2a: Sneasler|Close Combat|p1a: Camerupt\n|-damage|p1a: Camerupt|24/100\n|-unboost|p2a: Sneasler|def|1\n|-unboost|p2a: Sneasler|spd|1\n|move|p1a: Camerupt|Earth Power|p2a: Sneasler\n|-supereffective|p2a: Sneasler|1\n|-damage|p2a: Sneasler|0 fnt\n|faint|p2a: Sneasler\n|\n|win|Bio_Hazz\n|raw|Bio_Hazz's rating: 1112 &rarr; <strong>1140</strong><br />(+28 for winning)\n|raw|paperization's rating: 1151 &rarr; <strong>1123</strong><br />(-28 for losing)\n",
  "uploadtime": 1776246943,
  "views": 28,
  "formatid": "gen9championsvgc2026regma",
  "rating": 1123,
  "private": 0,
  "password": null
}