{
  "id": "gen9championsvgc2026regma-2585789548",
  "format": "[Gen 9 Champions] VGC 2026 Reg M-A",
  "players": [
    "loklastaji",
    "Woocha"
  ],
  "log": "|j|\u2606loklastaji\n|j|\u2606Woocha\n|t:|1776370775\n|gametype|doubles\n|player|p1|loklastaji|265|1069\n|player|p2|Woocha|1|1130\n|gen|9\n|tier|[Gen 9 Champions] VGC 2026 Reg M-A\n|rated|\n|rule|Species Clause: Limit one of each Pok\u00e9mon\n|rule|Item Clause: Limit 1 of each item\n|clearpoke\n|poke|p1|Samurott-Hisui, L50, M|\n|poke|p1|Delphox, L50, F|\n|poke|p1|Tinkaton, L50, F|\n|poke|p1|Decidueye-Hisui, L50, F|\n|poke|p1|Dragonite, L50, M|\n|poke|p1|Farigiraf, L50, M|\n|poke|p2|Froslass, L50, F|\n|poke|p2|Aerodactyl, L50, F|\n|poke|p2|Incineroar, L50, M|\n|poke|p2|Meowstic, L50, M|\n|poke|p2|Sinistcha, L50|\n|poke|p2|Conkeldurr, L50, M|\n|teampreview|4\n|\n|t:|1776370813\n|teamsize|p1|4\n|teamsize|p2|4\n|start\n|switch|p1a: Tinkaton|Tinkaton, L50, F|100/100\n|switch|p1b: Samurott|Samurott-Hisui, L50, M|100/100\n|switch|p2a: Aerodactyl|Aerodactyl, L50, F|100/100\n|switch|p2b: Froslass|Froslass, L50, F|100/100\n|-ability|p2a: Aerodactyl|Unnerve\n|turn|1\n|\n|t:|1776370848\n|move|p2b: Froslass|Protect|p2b: Froslass\n|-singleturn|p2b: Froslass|Protect\n|move|p1a: Tinkaton|Fake Out|p2a: Aerodactyl\n|-resisted|p2a: Aerodactyl|1\n|-damage|p2a: Aerodactyl|93/100\n|cant|p2a: Aerodactyl|flinch\n|move|p1b: Samurott|Ceaseless Edge|p2b: Froslass\n|-activate|p2b: Froslass|move: Protect\n|\n|upkeep\n|turn|2\n|\n|t:|1776370876\n|switch|p2b: Incineroar|Incineroar, L50, M|100/100\n|-ability|p2b: Incineroar|Intimidate|boost\n|-fail|p1a: Tinkaton|unboost|Attack|[from] ability: Own Tempo|[of] p1a: Tinkaton\n|-unboost|p1b: Samurott|atk|1\n|-enditem|p1b: Samurott|White Herb\n|-clearnegativeboost|p1b: Samurott|[silent]\n|move|p2a: Aerodactyl|Dual Wingbeat|p1b: Samurott\n|-damage|p1b: Samurott|77/100\n|-damage|p1b: Samurott|55/100\n|-hitcount|p1b: Samurott|2\n|move|p1a: Tinkaton|Gigaton Hammer|p2a: Aerodactyl\n|-supereffective|p2a: Aerodactyl|1\n|-damage|p2a: Aerodactyl|0 fnt\n|faint|p2a: Aerodactyl\n|move|p1b: Samurott|Ceaseless Edge|p2b: Incineroar|[miss]\n|-miss|p1b: Samurott|p2b: Incineroar\n|\n|upkeep\n|\n|t:|1776370898\n|switch|p2a: Froslass|Froslass, L50, F|100/100\n|turn|3\n|\n|t:|1776370918\n|detailschange|p2a: Froslass|Froslass-Mega, L50, F\n|-mega|p2a: Froslass|Froslass|Froslassite\n|-weather|Snowscape|[from] ability: Snow Warning|[of] p2a: Froslass\n|move|p1a: Tinkaton|Protect|p1a: Tinkaton\n|-singleturn|p1a: Tinkaton|Protect\n|move|p2b: Incineroar|Fake Out|p1b: Samurott\n|-damage|p1b: Samurott|40/100\n|move|p2a: Froslass|Nasty Plot|p2a: Froslass\n|-boost|p2a: Froslass|spa|2\n|cant|p1b: Samurott|flinch\n|\n|-weather|Snowscape|[upkeep]\n|upkeep\n|turn|4\n|\n|t:|1776370943\n|switch|p1a: Delphox|Delphox, L50, F|100/100\n|move|p1b: Samurott|Sucker Punch|p2a: Froslass\n|-supereffective|p2a: Froslass|1\n|-damage|p2a: Froslass|32/100\n|move|p2a: Froslass|Blizzard|p1b: Samurott|[spread] p1a,p1b\n|-resisted|p1a: Delphox|1\n|-resisted|p1b: Samurott|1\n|-damage|p1a: Delphox|55/100\n|-damage|p1b: Samurott|0 fnt\n|faint|p1b: Samurott\n|move|p2b: Incineroar|Flare Blitz|p1a: Delphox\n|-resisted|p1a: Delphox|1\n|-damage|p1a: Delphox|18/100\n|-damage|p2b: Incineroar|92/100|[from] Recoil\n|\n|-weather|Snowscape|[upkeep]\n|upkeep\n|\n|t:|1776370971\n|switch|p1b: Decidueye|Decidueye-Hisui, L50, F|100/100\n|turn|5\n|\n|t:|1776370995\n|detailschange|p1a: Delphox|Delphox-Mega, L50, F\n|-mega|p1a: Delphox|Delphox|Delphoxite\n|move|p2a: Froslass|Protect|p2a: Froslass\n|-singleturn|p2a: Froslass|Protect\n|move|p1a: Delphox|Heat Wave|p2a: Froslass|[spread] p2b\n|-activate|p2a: Froslass|move: Protect\n|-resisted|p2b: Incineroar|1\n|-damage|p2b: Incineroar|73/100\n|move|p1b: Decidueye|Close Combat|p2b: Incineroar\n|-supereffective|p2b: Incineroar|1\n|-damage|p2b: Incineroar|0 fnt\n|-unboost|p1b: Decidueye|def|1\n|-unboost|p1b: Decidueye|spd|1\n|faint|p2b: Incineroar\n|\n|-weather|Snowscape|[upkeep]\n|upkeep\n|\n|t:|1776371008\n|switch|p2b: Sinistcha|Sinistcha, L50|100/100\n|-heal|p2a: Froslass|56/100|[from] ability: Hospitality|[of] p2b: Sinistcha\n|turn|6\n|\n|t:|1776371026\n|move|p2b: Sinistcha|Rage Powder|p2b: Sinistcha\n|-singleturn|p2b: Sinistcha|move: Rage Powder\n|move|p1a: Delphox|Heat Wave|p2a: Froslass|[spread] p2a,p2b\n|-supereffective|p2a: Froslass|1\n|-supereffective|p2b: Sinistcha|1\n|-damage|p2a: Froslass|0 fnt\n|-damage|p2b: Sinistcha|25/100\n|faint|p2a: Froslass\n|move|p1b: Decidueye|Close Combat|p2b: Sinistcha\n|-damage|p2b: Sinistcha|0 fnt\n|-unboost|p1b: Decidueye|def|1\n|-unboost|p1b: Decidueye|spd|1\n|faint|p2b: Sinistcha\n|\n|win|loklastaji\n|raw|loklastaji's rating: 1069 &rarr; <strong>1104</strong><br />(+35 for winning)\n|raw|Woocha's rating: 1130 &rarr; <strong>1101</strong><br />(-29 for losing)\n|l|\u2606Woocha\n|player|p2|\n",
  "uploadtime": 1776371039,
  "views": 26,
  "formatid": "gen9championsvgc2026regma",
  "rating": 1101,
  "private": 0,
  "password": null
}