{
  "id": "gen9championsvgc2026regma-2585971102",
  "format": "[Gen 9 Champions] VGC 2026 Reg M-A",
  "players": [
    "guim25",
    "sylent knight"
  ],
  "log": "|j|\u2606guim25\n|j|\u2606sylent knight\n|t:|1776386298\n|gametype|doubles\n|player|p1|guim25|will|1273\n|player|p2|sylent knight|266|1309\n|gen|9\n|tier|[Gen 9 Champions] VGC 2026 Reg M-A\n|rated|\n|rule|Species Clause: Limit one of each Pok\u00e9mon\n|rule|Item Clause: Limit 1 of each item\n|clearpoke\n|poke|p1|Gallade, L50, M|\n|poke|p1|Slowking-Galar, L50, M|\n|poke|p1|Sinistcha, L50|\n|poke|p1|Incineroar, L50, M|\n|poke|p1|Crabominable, L50, F|\n|poke|p1|Tinkaton, L50, F|\n|poke|p2|Meganium, L50, M|\n|poke|p2|Palafin, L50, F|\n|poke|p2|Dragonite, L50, F|\n|poke|p2|Araquanid, L50, F|\n|poke|p2|Sableye, L50, F|\n|poke|p2|Basculegion, L50, M|\n|teampreview|4\n|inactive|Battle timer is ON: inactive players will automatically lose when time's up. (requested by guim25)\n|inactive|sylent knight also wants the timer to be on.\n|\n|t:|1776386325\n|teamsize|p1|4\n|teamsize|p2|4\n|start\n|switch|p1a: Sinistcha|Sinistcha, L50|100/100\n|switch|p1b: Incineroar|Incineroar, L50, M|100/100\n|switch|p2a: Sableye|Sableye, L50, F|100/100\n|switch|p2b: Palafin|Palafin, L50, F|100/100\n|-ability|p1b: Incineroar|Intimidate|boost\n|-unboost|p2a: Sableye|atk|1\n|-unboost|p2b: Palafin|atk|1\n|turn|1\n|inactive|sylent knight has 30 seconds left.\n|inactive|sylent knight has 20 seconds left.\n|inactive|sylent knight has 15 seconds left.\n|inactive|sylent knight has 10 seconds left.\n|inactive|sylent knight has 5 seconds left.\n|\n|t:|1776386380\n|move|p1b: Incineroar|Fake Out|p2b: Palafin\n|-damage|p2b: Palafin|86/100\n|cant|p2b: Palafin|flinch\n|move|p2a: Sableye|Rain Dance|p2a: Sableye\n|-weather|RainDance\n|move|p1a: Sinistcha|Trick Room|p1a: Sinistcha\n|-fieldstart|move: Trick Room|[of] p1a: Sinistcha\n|\n|-weather|RainDance|[upkeep]\n|upkeep\n|turn|2\n|\n|t:|1776386400\n|detailschange|p2b: Palafin|Palafin-Hero, L50, F\n|switch|p2b: Dragonite|Dragonite, L50, F|100/100\n|move|p2a: Sableye|Quash|p1a: Sinistcha\n|-activate|p1a: Sinistcha|move: Quash\n|move|p1b: Incineroar|Darkest Lariat|p2b: Dragonite\n|-damage|p2b: Dragonite|61/100\n|move|p1a: Sinistcha|Matcha Gotcha|p2b: Dragonite|[spread] p2a,p2b\n|-resisted|p2b: Dragonite|2\n|-damage|p2a: Sableye|70/100\n|-damage|p2b: Dragonite|55/100\n|\n|-weather|RainDance|[upkeep]\n|-heal|p2a: Sableye|76/100|[from] item: Leftovers\n|upkeep\n|turn|3\n|inactive|guim25 has 30 seconds left.\n|inactive|guim25 has 20 seconds left.\n|\n|t:|1776386438\n|switch|p1b: Crabominable|Crabominable, L50, F|100/100\n|detailschange|p2b: Dragonite|Dragonite-Mega, L50, F\n|-mega|p2b: Dragonite|Dragonite|Dragoninite\n|move|p2a: Sableye|Quash|p1a: Sinistcha\n|-activate|p1a: Sinistcha|move: Quash\n|move|p2b: Dragonite|Hurricane|p1a: Sinistcha\n|-supereffective|p1a: Sinistcha|1\n|-damage|p1a: Sinistcha|0 fnt\n|faint|p1a: Sinistcha\n|\n|-weather|RainDance|[upkeep]\n|-heal|p2a: Sableye|81/100|[from] item: Leftovers\n|upkeep\n|\n|t:|1776386449\n|switch|p1a: Gallade|Gallade, L50, M, shiny|100/100\n|turn|4\n|\n|t:|1776386468\n|switch|p2b: Basculegion|Basculegion, L50, M|100/100\n|detailschange|p1b: Crabominable|Crabominable-Mega, L50, F\n|-mega|p1b: Crabominable|Crabominable|Crabominite\n|move|p2a: Sableye|Will-O-Wisp|p1a: Gallade\n|-status|p1a: Gallade|brn\n|move|p1b: Crabominable|Ice Punch|p2b: Basculegion\n|-resisted|p2b: Basculegion|1\n|-damage|p2b: Basculegion|65/100\n|move|p1a: Gallade|Shadow Claw|p2a: Sableye\n|-damage|p2a: Sableye|55/100\n|\n|-weather|RainDance|[upkeep]\n|-heal|p2a: Sableye|60/100|[from] item: Leftovers\n|-damage|p1a: Gallade|95/100 brn|[from] brn\n|upkeep\n|turn|5\n|inactive|sylent knight has 30 seconds left.\n|\n|t:|1776386495\n|switch|p1b: Incineroar|Incineroar, L50, M|100/100\n|-ability|p1b: Incineroar|Intimidate|boost\n|-unboost|p2a: Sableye|atk|1\n|-unboost|p2b: Basculegion|atk|1\n|-enditem|p2b: Basculegion|White Herb\n|-clearnegativeboost|p2b: Basculegion|[silent]\n|move|p2a: Sableye|Will-O-Wisp|p1b: Incineroar\n|-immune|p1b: Incineroar\n|move|p1a: Gallade|Leaf Blade|p2b: Basculegion\n|-supereffective|p2b: Basculegion|1\n|-crit|p2b: Basculegion\n|-damage|p2b: Basculegion|0 fnt\n|faint|p2b: Basculegion\n|\n|-weather|none\n|-heal|p2a: Sableye|66/100|[from] item: Leftovers\n|-damage|p1a: Gallade|89/100 brn|[from] brn\n|-fieldend|move: Trick Room\n|upkeep\n|\n|t:|1776386503\n|switch|p2b: Palafin|Palafin-Hero, L50, F|86/100\n|-activate|p2b: Palafin|ability: Zero to Hero\n|turn|6\n|\n|t:|1776386513\n|move|p1b: Incineroar|Fake Out|p2b: Palafin\n|-damage|p2b: Palafin|75/100\n|move|p2a: Sableye|Rain Dance|p2a: Sableye\n|-weather|RainDance\n|cant|p2b: Palafin|flinch\n|move|p1a: Gallade|Leaf Blade|p2b: Palafin\n|-supereffective|p2b: Palafin|1\n|-crit|p2b: Palafin\n|-damage|p2b: Palafin|4/100\n|\n|-weather|RainDance|[upkeep]\n|-heal|p2a: Sableye|72/100|[from] item: Leftovers\n|-damage|p1a: Gallade|84/100 brn|[from] brn\n|upkeep\n|turn|7\n|inactive|guim25 has 30 seconds left.\n|\n|t:|1776386542\n|switch|p1b: Crabominable|Crabominable-Mega, L50, F|100/100\n|switch|p2a: Dragonite|Dragonite-Mega, L50, F|55/100\n|move|p2b: Palafin|Wave Crash|p1b: Crabominable\n|-damage|p1b: Crabominable|0 fnt\n|faint|p1b: Crabominable\n|-damage|p2b: Palafin|0 fnt|[from] Recoil\n|faint|p2b: Palafin\n|move|p1a: Gallade|Leaf Blade|p2a: Dragonite\n|-resisted|p2a: Dragonite|2\n|-damage|p2a: Dragonite|50/100\n|\n|-weather|RainDance|[upkeep]\n|-damage|p1a: Gallade|78/100 brn|[from] brn\n|upkeep\n|\n|t:|1776386559\n|switch|p2b: Sableye|Sableye, L50, F|72/100\n|switch|p1b: Incineroar|Incineroar, L50, M|100/100\n|-ability|p1b: Incineroar|Intimidate|boost\n|-unboost|p2a: Dragonite|atk|1\n|-unboost|p2b: Sableye|atk|1\n|turn|8\n|\n|t:|1776386582\n|move|p1b: Incineroar|Fake Out|p2a: Dragonite\n|-damage|p2a: Dragonite|40/100\n|move|p2b: Sableye|Fake Out|p1b: Incineroar\n|-damage|p1b: Incineroar|95/100\n|cant|p2a: Dragonite|flinch\n|move|p1a: Gallade|Psycho Cut|p2a: Dragonite\n|-crit|p2a: Dragonite\n|-damage|p2a: Dragonite|5/100\n|\n|-weather|RainDance|[upkeep]\n|-heal|p2b: Sableye|78/100|[from] item: Leftovers\n|-damage|p1a: Gallade|73/100 brn|[from] brn\n|upkeep\n|turn|9\n|\n|t:|1776386600\n|move|p2b: Sableye|Quash|p1a: Gallade\n|-activate|p1a: Gallade|move: Quash\n|move|p2a: Dragonite|Hurricane|p1a: Gallade\n|-supereffective|p1a: Gallade|1\n|-damage|p1a: Gallade|0 fnt\n|faint|p1a: Gallade\n|move|p1b: Incineroar|Darkest Lariat|p2a: Dragonite\n|-damage|p2a: Dragonite|0 fnt\n|faint|p2a: Dragonite\n|\n|-weather|RainDance|[upkeep]\n|-heal|p2b: Sableye|83/100|[from] item: Leftovers\n|upkeep\n|turn|10\n|-message|sylent knight forfeited.\n|\n|win|guim25\n|raw|guim25's rating: 1273 &rarr; <strong>1301</strong><br />(+28 for winning)\n|raw|sylent knight's rating: 1309 &rarr; <strong>1287</strong><br />(-22 for losing)\n|l|\u2606sylent knight\n|player|p2|\n",
  "uploadtime": 1776386613,
  "views": 25,
  "formatid": "gen9championsvgc2026regma",
  "rating": 1287,
  "private": 0,
  "password": null
}