{
  "id": "gen9championsvgc2026regma-2586022822",
  "format": "[Gen 9 Champions] VGC 2026 Reg M-A",
  "players": [
    "Poyogobrr",
    "le noel\u2744"
  ],
  "log": "|j|\u2606Poyogobrr\n|j|\u2606le noel\u2744\n|t:|1776391178\n|gametype|doubles\n|player|p1|Poyogobrr|101|\n|player|p2|le noel\u2744|101|\n|gen|9\n|tier|[Gen 9 Champions] VGC 2026 Reg M-A\n|rule|Species Clause: Limit one of each Pok\u00e9mon\n|rule|Item Clause: Limit 1 of each item\n|clearpoke\n|poke|p1|Hawlucha, L50, M|\n|poke|p1|Garchomp, L50, M|\n|poke|p1|Tinkaton, L50, F|\n|poke|p1|Kingambit, L50, M|\n|poke|p1|Altaria, L50, F|\n|poke|p1|Rotom-Wash, L50|\n|poke|p2|Manectric, L50, F|\n|poke|p2|Garchomp, L50, F|\n|poke|p2|Ninetales-Alola, L50, F|\n|poke|p2|Talonflame, L50, F|\n|poke|p2|Primarina, L50, F|\n|poke|p2|Typhlosion-Hisui, L50, M|\n|teampreview|4\n|inactive|Battle timer is ON: inactive players will automatically lose when time's up. (requested by le noel\u2744)\n|\n|t:|1776391202\n|teamsize|p1|4\n|teamsize|p2|4\n|start\n|switch|p1a: Hawlucha|Hawlucha, L50, M|100/100\n|switch|p1b: Rotom|Rotom-Wash, L50|100/100\n|switch|p2a: Ninetales|Ninetales-Alola, L50, F|100/100\n|switch|p2b: Typhlosion|Typhlosion-Hisui, L50, M|100/100\n|-weather|Snowscape|[from] ability: Snow Warning|[of] p2a: Ninetales\n|-ability|p1a: Hawlucha|Mold Breaker\n|turn|1\n|\n|t:|1776391225\n|switch|p1b: Garchomp|Garchomp, L50, M|100/100\n|detailschange|p1a: Hawlucha|Hawlucha-Mega, L50, M\n|-mega|p1a: Hawlucha|Hawlucha|Hawluchanite\n|move|p2b: Typhlosion|Eruption|p1b: Garchomp|[spread] p1a,p1b\n|-resisted|p1b: Garchomp|1\n|-damage|p1a: Hawlucha|26/100\n|-damage|p1b: Garchomp|66/100\n|move|p2a: Ninetales|Blizzard|p1a: Hawlucha|[spread] p1a,p1b\n|-supereffective|p1a: Hawlucha|1\n|-supereffective|p1b: Garchomp|2\n|-damage|p1a: Hawlucha|0 fnt\n|-damage|p1b: Garchomp|0 fnt\n|faint|p1a: Hawlucha\n|faint|p1b: Garchomp\n|\n|-weather|Snowscape|[upkeep]\n|upkeep\n|\n|t:|1776391247\n|switch|p1a: Kingambit|Kingambit, L50, M|100/100\n|switch|p1b: Rotom|Rotom-Wash, L50|100/100\n|turn|2\n|inactive|Poyogobrr has 30 seconds left.\n|\n|t:|1776391274\n|switch|p2b: Primarina|Primarina, L50, F|100/100\n|move|p1b: Rotom|Protect|p1b: Rotom\n|-singleturn|p1b: Rotom|Protect\n|move|p2a: Ninetales|Aurora Veil|p2a: Ninetales\n|-sidestart|p2: le noel\u2744|move: Aurora Veil\n|move|p1a: Kingambit|Kowtow Cleave|p2b: Primarina\n|-resisted|p2b: Primarina|1\n|-damage|p2b: Primarina|77/100\n|\n|-weather|Snowscape|[upkeep]\n|-heal|p2b: Primarina|83/100|[from] item: Leftovers\n|upkeep\n|turn|3\n|\n|t:|1776391295\n|move|p2a: Ninetales|Blizzard|p1a: Kingambit|[spread] p1a,p1b\n|-resisted|p1a: Kingambit|1\n|-resisted|p1b: Rotom|1\n|-damage|p1a: Kingambit|87/100\n|-damage|p1b: Rotom|78/100\n|-status|p1b: Rotom|frz\n|cant|p1b: Rotom|frz\n|move|p2b: Primarina|Hyper Voice|p1b: Rotom|[spread] p1a,p1b\n|-resisted|p1b: Rotom|1\n|-damage|p1a: Kingambit|52/100\n|-damage|p1b: Rotom|55/100 frz\n|move|p1a: Kingambit|Guillotine|p2a: Ninetales|[miss]\n|-miss|p1a: Kingambit|p2a: Ninetales\n|\n|-weather|Snowscape|[upkeep]\n|-heal|p2b: Primarina|89/100|[from] item: Leftovers\n|upkeep\n|turn|4\n|\n|t:|1776391312\n|move|p2a: Ninetales|Blizzard|p1a: Kingambit|[spread] p1a,p1b\n|-resisted|p1a: Kingambit|1\n|-resisted|p1b: Rotom|1\n|-damage|p1a: Kingambit|38/100\n|-damage|p1b: Rotom|34/100 frz\n|cant|p1b: Rotom|frz\n|move|p2b: Primarina|Hyper Voice|p1a: Kingambit|[spread] p1a,p1b\n|-resisted|p1b: Rotom|1\n|-damage|p1a: Kingambit|6/100\n|-damage|p1b: Rotom|8/100 frz\n|move|p1a: Kingambit|Iron Head|p2a: Ninetales\n|-supereffective|p2a: Ninetales|2\n|-enditem|p2a: Ninetales|Focus Sash\n|-damage|p2a: Ninetales|1/100\n|\n|-weather|Snowscape|[upkeep]\n|-heal|p2b: Primarina|95/100|[from] item: Leftovers\n|upkeep\n|turn|5\n|\n|t:|1776391335\n|move|p1a: Kingambit|Sucker Punch|p2a: Ninetales\n|-resisted|p2a: Ninetales|1\n|-damage|p2a: Ninetales|0 fnt\n|faint|p2a: Ninetales\n|-curestatus|p1b: Rotom|frz|[msg]\n|move|p1b: Rotom|Thunderbolt|p2b: Primarina\n|-supereffective|p2b: Primarina|1\n|-damage|p2b: Primarina|43/100\n|move|p2b: Primarina|Hyper Voice|p1a: Kingambit|[spread] p1a,p1b\n|-resisted|p1b: Rotom|1\n|-damage|p1a: Kingambit|0 fnt\n|-damage|p1b: Rotom|0 fnt\n|faint|p1a: Kingambit\n|faint|p1b: Rotom\n|\n|win|le noel\u2744\n|l|\u2606Poyogobrr\n|player|p1|\n|l|\u2606le noel\u2744\n|player|p2|\n|j|\u2606le noel\u2744\n|player|p2|le noel\u2744|101|\n",
  "uploadtime": 1776391966,
  "views": 22,
  "formatid": "gen9championsvgc2026regma",
  "rating": null,
  "private": 0,
  "password": null
}