{
  "id": "gen9championsvgc2026regma-2585240983",
  "format": "[Gen 9 Champions] VGC 2026 Reg M-A",
  "players": [
    "Pinstress",
    "juniorsito"
  ],
  "log": "|j|\u2606Pinstress\n|j|\u2606juniorsito\n|t:|1776328908\n|gametype|doubles\n|player|p1|Pinstress|psychicf-gen4|1090\n|player|p2|juniorsito|266|1153\n|gen|9\n|tier|[Gen 9 Champions] VGC 2026 Reg M-A\n|rated|\n|rule|Species Clause: Limit one of each Pok\u00e9mon\n|rule|Item Clause: Limit 1 of each item\n|clearpoke\n|poke|p1|Floette-Eternal, L50, F|\n|poke|p1|Incineroar, L50, M|\n|poke|p1|Sinistcha-Masterpiece, L50|\n|poke|p1|Sneasler, L50, M|\n|poke|p1|Kingambit, L50, M|\n|poke|p1|Aerodactyl, L50, F|\n|poke|p2|Tsareena, L50, F|\n|poke|p2|Slowking-Galar, L50, M|\n|poke|p2|Crabominable, L50, F|\n|poke|p2|Incineroar, L50, F|\n|poke|p2|Camerupt, L50, M|\n|poke|p2|Farigiraf, L50, F|\n|teampreview|4\n|inactive|Battle timer is ON: inactive players will automatically lose when time's up. (requested by juniorsito)\n|\n|t:|1776328940\n|teamsize|p1|4\n|teamsize|p2|4\n|start\n|switch|p1a: Aerodactyl|Aerodactyl, L50, F|100/100\n|switch|p1b: Kingambit|Kingambit, L50, M|100/100\n|switch|p2a: Tsareena|Tsareena, L50, F|100/100\n|switch|p2b: Slowking|Slowking-Galar, L50, M|100/100\n|-ability|p1a: Aerodactyl|Unnerve\n|turn|1\n|\n|t:|1776328960\n|move|p1b: Kingambit|Protect|p1b: Kingambit\n|-singleturn|p1b: Kingambit|Protect\n|move|p1a: Aerodactyl|Tailwind|p1a: Aerodactyl\n|-sidestart|p1: Pinstress|move: Tailwind\n|move|p2a: Tsareena|High Jump Kick|p1b: Kingambit\n|-activate|p1b: Kingambit|move: Protect\n|-damage|p2a: Tsareena|50/100|[from] highjumpkick\n|move|p2b: Slowking|Trick Room|p2b: Slowking\n|-fieldstart|move: Trick Room|[of] p2b: Slowking\n|\n|-heal|p2a: Tsareena|57/100|[from] item: Leftovers\n|upkeep\n|turn|2\n|inactive|Pinstress has 30 seconds left.\n|\n|t:|1776328995\n|-prepare|p2b: Slowking|Chilly Reception|[premajor]\n|move|p2b: Slowking|Chilly Reception|p2b: Slowking\n|-weather|Snowscape\n|\n|t:|1776329000\n|switch|p2b: Crabominable|Crabominable, L50, F|100/100|[from] Chilly Reception\n|move|p2a: Tsareena|High Jump Kick|p1b: Kingambit|[miss]\n|-miss|p2a: Tsareena|p1b: Kingambit\n|-damage|p2a: Tsareena|7/100|[from] highjumpkick\n|move|p1b: Kingambit|Kowtow Cleave|p2b: Crabominable\n|-resisted|p2b: Crabominable|1\n|-damage|p2b: Crabominable|81/100\n|move|p1a: Aerodactyl|Dual Wingbeat|p2a: Tsareena\n|-supereffective|p2a: Tsareena|1\n|-damage|p2a: Tsareena|0 fnt\n|faint|p2a: Tsareena\n|-hitcount|p2: Tsareena|1\n|\n|-weather|Snowscape|[upkeep]\n|upkeep\n|\n|t:|1776329015\n|switch|p2a: Slowking|Slowking-Galar, L50, M|100/100\n|turn|3\n|inactive|juniorsito has 30 seconds left.\n|\n|t:|1776329043\n|detailschange|p2b: Crabominable|Crabominable-Mega, L50, F\n|-mega|p2b: Crabominable|Crabominable|Crabominite\n|move|p1b: Kingambit|Protect|p1b: Kingambit\n|-singleturn|p1b: Kingambit|Protect\n|move|p1a: Aerodactyl|Protect|p1a: Aerodactyl\n|-singleturn|p1a: Aerodactyl|Protect\n|move|p2a: Slowking|Psychic|p1a: Aerodactyl\n|-activate|p1a: Aerodactyl|move: Protect\n|move|p2b: Crabominable|Ice Hammer|p1a: Aerodactyl\n|-activate|p1a: Aerodactyl|move: Protect\n|\n|-weather|Snowscape|[upkeep]\n|upkeep\n|turn|4\n|inactive|Pinstress has 30 seconds left.\n|inactive|Pinstress has 20 seconds left.\n|\n|t:|1776329083\n|move|p2b: Crabominable|Mach Punch|p1b: Kingambit\n|-supereffective|p1b: Kingambit|2\n|-damage|p1b: Kingambit|11/100\n|move|p2a: Slowking|Psychic|p1a: Aerodactyl\n|-damage|p1a: Aerodactyl|43/100\n|move|p1b: Kingambit|Iron Head|p2b: Crabominable\n|-supereffective|p2b: Crabominable|1\n|-damage|p2b: Crabominable|39/100\n|move|p1a: Aerodactyl|Rock Slide|p2a: Slowking|[spread] p2a,p2b\n|-damage|p2a: Slowking|77/100\n|-damage|p2b: Crabominable|27/100\n|\n|-weather|Snowscape|[upkeep]\n|-sideend|p1: Pinstress|move: Tailwind\n|upkeep\n|turn|5\n|\n|t:|1776329102\n|move|p1b: Kingambit|Protect|p1b: Kingambit\n|-singleturn|p1b: Kingambit|Protect\n|move|p1a: Aerodactyl|Protect|p1a: Aerodactyl\n|-singleturn|p1a: Aerodactyl|Protect\n|move|p2b: Crabominable|Mach Punch|p1b: Kingambit\n|-activate|p1b: Kingambit|move: Protect\n|move|p2a: Slowking|Psychic|p1a: Aerodactyl\n|-activate|p1a: Aerodactyl|move: Protect\n|\n|-weather|Snowscape|[upkeep]\n|-fieldend|move: Trick Room\n|upkeep\n|turn|6\n|inactive|Pinstress has 30 seconds left.\n|inactive|Pinstress has 20 seconds left.\n|inactive|Pinstress has 15 seconds left.\n|\n|t:|1776329146\n|switch|p1a: Sneasler|Sneasler, L50, M|100/100\n|move|p1b: Kingambit|Sucker Punch|p2b: Crabominable\n|-resisted|p2b: Crabominable|1\n|-damage|p2b: Crabominable|14/100\n|move|p2b: Crabominable|Mach Punch|p1b: Kingambit\n|-supereffective|p1b: Kingambit|2\n|-damage|p1b: Kingambit|0 fnt\n|faint|p1b: Kingambit\n|move|p2a: Slowking|Trick Room|p2a: Slowking\n|-fieldstart|move: Trick Room|[of] p2a: Slowking\n|\n|-weather|none\n|upkeep\n|\n|t:|1776329158\n|switch|p1b: Floette|Floette-Eternal, L50, F|100/100\n|turn|7\n|\n|t:|1776329173\n|detailschange|p1b: Floette|Floette-Mega, L50, F\n|-mega|p1b: Floette|Floette|Floettite\n|-ability|p1b: Floette|Fairy Aura\n|move|p1a: Sneasler|Fake Out|p2b: Crabominable\n|-damage|p2b: Crabominable|5/100\n|move|p2a: Slowking|Psychic|p1a: Sneasler\n|-supereffective|p1a: Sneasler|2\n|-damage|p1a: Sneasler|0 fnt\n|faint|p1a: Sneasler\n|cant|p2b: Crabominable|flinch\n|move|p1b: Floette|Calm Mind|p1b: Floette\n|-boost|p1b: Floette|spa|1\n|-boost|p1b: Floette|spd|1\n|\n|upkeep\n|\n|t:|1776329185\n|switch|p1a: Aerodactyl|Aerodactyl, L50, F|43/100\n|-ability|p1a: Aerodactyl|Unnerve\n|turn|8\n|inactive|Pinstress has 30 seconds left.\n|\n|t:|1776329212\n|move|p2a: Slowking|Psychic|p1a: Aerodactyl\n|-damage|p1a: Aerodactyl|0 fnt\n|faint|p1a: Aerodactyl\n|move|p2b: Crabominable|Ice Hammer|p1b: Floette\n|-crit|p1b: Floette\n|-damage|p1b: Floette|3/100\n|-unboost|p2b: Crabominable|spe|1\n|move|p1b: Floette|Dazzling Gleam|p2b: Crabominable|[spread] p2a,p2b\n|-resisted|p2a: Slowking|1\n|-supereffective|p2b: Crabominable|1\n|-damage|p2a: Slowking|42/100\n|-damage|p2b: Crabominable|0 fnt\n|faint|p2b: Crabominable\n|\n|upkeep\n|\n|t:|1776329224\n|switch|p2b: Incineroar|Incineroar, L50, F|100/100\n|-ability|p2b: Incineroar|Intimidate|boost\n|-unboost|p1b: Floette|atk|1\n|turn|9\n|\n|t:|1776329234\n|move|p1b: Floette|Protect|p1b: Floette\n|-singleturn|p1b: Floette|Protect\n|move|p2b: Incineroar|Fake Out|p1b: Floette\n|-activate|p1b: Floette|move: Protect\n|move|p2a: Slowking|Sludge Bomb|p1b: Floette\n|-activate|p1b: Floette|move: Protect\n|\n|upkeep\n|turn|10\n|\n|t:|1776329249\n|move|p1b: Floette|Protect||[still]\n|-fail|p1b: Floette\n|move|p2a: Slowking|Sludge Bomb|p1b: Floette\n|-supereffective|p1b: Floette|1\n|-damage|p1b: Floette|0 fnt\n|faint|p1b: Floette\n|\n|win|juniorsito\n|raw|Pinstress's rating: 1090 &rarr; <strong>1071</strong><br />(-19 for losing)\n|raw|juniorsito's rating: 1153 &rarr; <strong>1174</strong><br />(+21 for winning)\n",
  "uploadtime": 1776329256,
  "views": 25,
  "formatid": "gen9championsvgc2026regma",
  "rating": 1071,
  "private": 0,
  "password": null
}