{
  "id": "gen9championsvgc2026regma-2582886880",
  "format": "[Gen 9 Champions] VGC 2026 Reg M-A",
  "players": [
    "Dy3axer",
    "guorongjia"
  ],
  "log": "|j|\u2606Dy3axer\n|j|\u2606guorongjia\n|t:|1776122126\n|gametype|doubles\n|player|p1|Dy3axer|101|1143\n|player|p2|guorongjia|miku-water|1208\n|gen|9\n|tier|[Gen 9 Champions] VGC 2026 Reg M-A\n|rated|\n|rule|Species Clause: Limit one of each Pok\u00e9mon\n|rule|Item Clause: Limit 1 of each item\n|clearpoke\n|poke|p1|Aggron, L50, F|\n|poke|p1|Farigiraf, L50, M|\n|poke|p1|Incineroar, L50, F|\n|poke|p1|Corviknight, L50, M|\n|poke|p1|Sinistcha, L50|\n|poke|p1|Rotom-Wash, L50|\n|poke|p2|Gengar, L50, F|\n|poke|p2|Incineroar, L50, F|\n|poke|p2|Sinistcha, L50|\n|poke|p2|Politoed, L50, F|\n|poke|p2|Basculegion, L50, M|\n|poke|p2|Sneasler, L50, M|\n|teampreview|4\n|inactive|Battle timer is ON: inactive players will automatically lose when time's up. (requested by guorongjia)\n|\n|t:|1776122147\n|teamsize|p1|4\n|teamsize|p2|4\n|start\n|switch|p1a: Farigiraf|Farigiraf, L50, M|100/100\n|switch|p1b: Rotom|Rotom-Wash, L50|100/100\n|switch|p2a: Gengar|Gengar, L50, F, shiny|100/100\n|switch|p2b: Sneasler|Sneasler, L50, M, shiny|100/100\n|turn|1\n|\n|t:|1776122163\n|detailschange|p2a: Gengar|Gengar-Mega, L50, F, shiny\n|-mega|p2a: Gengar|Gengar|Gengarite\n|move|p2a: Gengar|Sludge Bomb|p1b: Rotom\n|-damage|p1b: Rotom|41/100\n|move|p2b: Sneasler|Close Combat|p1b: Rotom\n|-damage|p1b: Rotom|0 fnt\n|-unboost|p2b: Sneasler|def|1\n|-unboost|p2b: Sneasler|spd|1\n|faint|p1b: Rotom\n|-enditem|p2b: Sneasler|White Herb\n|-clearnegativeboost|p2b: Sneasler|[silent]\n|move|p1a: Farigiraf|Trick Room|p1a: Farigiraf\n|-fieldstart|move: Trick Room|[of] p1a: Farigiraf\n|\n|upkeep\n|\n|t:|1776122179\n|switch|p1b: Incineroar|Incineroar, L50, F|100/100\n|-ability|p1b: Incineroar|Intimidate|boost\n|-unboost|p2a: Gengar|atk|1\n|-unboost|p2b: Sneasler|atk|1\n|turn|2\n|\n|t:|1776122199\n|switch|p2a: Incineroar|Incineroar, L50, F, shiny|100/100\n|-ability|p2a: Incineroar|Intimidate|boost\n|-unboost|p1a: Farigiraf|atk|1\n|-unboost|p1b: Incineroar|atk|1\n|switch|p2b: Sinistcha|Sinistcha, L50, shiny|100/100\n|move|p1b: Incineroar|Fake Out|p2b: Sinistcha\n|-immune|p2b: Sinistcha\n|move|p1a: Farigiraf|Psychic|p2a: Incineroar\n|-immune|p2a: Incineroar\n|\n|upkeep\n|turn|3\n|\n|t:|1776122221\n|switch|p1a: Aggron|Aggron, L50, F|100/100\n|move|p2b: Sinistcha|Protect|p2b: Sinistcha\n|-singleturn|p2b: Sinistcha|Protect\n|move|p2a: Incineroar|Parting Shot|p1b: Incineroar\n|-unboost|p1b: Incineroar|atk|1\n|-unboost|p1b: Incineroar|spa|1\n|\n|t:|1776122230\n|switch|p2a: Gengar|Gengar-Mega, L50, F, shiny|100/100|[from] Parting Shot\n|move|p1b: Incineroar|Flare Blitz|p2b: Sinistcha\n|-activate|p2b: Sinistcha|move: Protect\n|\n|upkeep\n|turn|4\n|l|\u2606Dy3axer\n|inactive|Dy3axer disconnected and has a minute to reconnect!\n|player|p1|\n|inactive|Dy3axer has 30 seconds left.\n|inactive|Dy3axer has 20 seconds left.\n|j|\u2606Dy3axer\n|inactive|Dy3axer reconnected and has 20 seconds left.\n|player|p1|Dy3axer|101|\n|inactive|Dy3axer has 15 seconds left.\n|inactive|Dy3axer has 10 seconds left.\n|inactive|Dy3axer has 5 seconds left.\n|\n|t:|1776122280\n|switch|p2b: Incineroar|Incineroar, L50, F, shiny|100/100\n|-ability|p2b: Incineroar|Intimidate|boost\n|-unboost|p1a: Aggron|atk|1\n|-unboost|p1b: Incineroar|atk|1\n|move|p2a: Gengar|Protect|p2a: Gengar\n|-singleturn|p2a: Gengar|Protect\n|move|p1a: Aggron|Iron Head|p2a: Gengar\n|-activate|p2a: Gengar|move: Protect\n|move|p1b: Incineroar|Throat Chop|p2b: Incineroar\n|-resisted|p2b: Incineroar|1\n|-damage|p2b: Incineroar|93/100\n|-start|p2b: Incineroar|Throat Chop|[silent]\n|\n|upkeep\n|turn|5\n|inactive|Dy3axer has 30 seconds left.\n|\n|t:|1776122311\n|switch|p2a: Sneasler|Sneasler, L50, M, shiny|100/100\n|move|p1a: Aggron|Rock Slide|p2b: Incineroar|[spread] p2b\n|-miss|p1a: Aggron|p2a: Sneasler\n|-supereffective|p2b: Incineroar|1\n|-damage|p2b: Incineroar|68/100\n|cant|p2b: Incineroar|flinch\n|move|p1b: Incineroar|Throat Chop|p2a: Sneasler\n|-resisted|p2a: Sneasler|1\n|-damage|p2a: Sneasler|87/100\n|-start|p2a: Sneasler|Throat Chop|[silent]\n|\n|-end|p2b: Incineroar|Throat Chop|[silent]\n|-fieldend|move: Trick Room\n|upkeep\n|turn|6\n|\n|t:|1776122333\n|switch|p1b: Farigiraf|Farigiraf, L50, M|100/100\n|detailschange|p1a: Aggron|Aggron-Mega, L50, F\n|-mega|p1a: Aggron|Aggron|Aggronite\n|move|p2a: Sneasler|Close Combat|p1a: Aggron\n|-supereffective|p1a: Aggron|1\n|-damage|p1a: Aggron|52/100\n|-unboost|p2a: Sneasler|def|1\n|-unboost|p2a: Sneasler|spd|1\n|move|p2b: Incineroar|Parting Shot|p1b: Farigiraf\n|-unboost|p1b: Farigiraf|atk|1\n|-unboost|p1b: Farigiraf|spa|1\n|\n|t:|1776122344\n|switch|p2b: Sinistcha|Sinistcha, L50, shiny|100/100|[from] Parting Shot\n|-heal|p2a: Sneasler|100/100|[from] ability: Hospitality|[of] p2b: Sinistcha\n|move|p1a: Aggron|Iron Defense|p1a: Aggron\n|-boost|p1a: Aggron|def|2\n|\n|-end|p2a: Sneasler|Throat Chop|[silent]\n|upkeep\n|turn|7\n|\n|t:|1776122361\n|move|p2a: Sneasler|U-turn|p1b: Farigiraf\n|-supereffective|p1b: Farigiraf|1\n|-damage|p1b: Farigiraf|45/100\n|\n|t:|1776122364\n|switch|p2a: Incineroar|Incineroar, L50, F, shiny|68/100|[from] U-turn\n|-ability|p2a: Incineroar|Intimidate|boost\n|-unboost|p1a: Aggron|atk|1\n|-unboost|p1b: Farigiraf|atk|1\n|move|p2b: Sinistcha|Matcha Gotcha|p1b: Farigiraf|[spread] p1a,p1b\n|-resisted|p1a: Aggron|1\n|-damage|p1a: Aggron|42/100\n|-damage|p1b: Farigiraf|21/100\n|move|p1b: Farigiraf|Psychic|p2a: Incineroar\n|-immune|p2a: Incineroar\n|move|p1a: Aggron|Iron Defense|p1a: Aggron\n|-boost|p1a: Aggron|def|2\n|\n|-heal|p1b: Farigiraf|27/100|[from] item: Leftovers\n|upkeep\n|turn|8\n|-message|Dy3axer forfeited.\n|\n|win|guorongjia\n|raw|Dy3axer's rating: 1143 &rarr; <strong>1123</strong><br />(-20 for losing)\n|raw|guorongjia's rating: 1208 &rarr; <strong>1228</strong><br />(+20 for winning)\n|l|\u2606Dy3axer\n|player|p1|\n",
  "uploadtime": 1776122383,
  "views": 15,
  "formatid": "gen9championsvgc2026regma",
  "rating": 1123,
  "private": 0,
  "password": null
}