{
  "id": "gen9championsvgc2026regma-2585867921",
  "format": "[Gen 9 Champions] VGC 2026 Reg M-A",
  "players": [
    "botscoot",
    "CBKreme"
  ],
  "log": "|j|\u2606botscoot\n|j|\u2606CBKreme\n|t:|1776376880\n|gametype|doubles\n|player|p1|botscoot|1|1081\n|player|p2|CBKreme|interviewers|1052\n|gen|9\n|tier|[Gen 9 Champions] VGC 2026 Reg M-A\n|rated|\n|rule|Species Clause: Limit one of each Pok\u00e9mon\n|rule|Item Clause: Limit 1 of each item\n|clearpoke\n|poke|p1|Politoed, L50, M|\n|poke|p1|Meganium, L50, F|\n|poke|p1|Basculegion, L50, M|\n|poke|p1|Archaludon, L50, F|\n|poke|p1|Toxicroak, L50, M|\n|poke|p1|Pelipper, L50, M|\n|poke|p2|Gardevoir, L50, F|\n|poke|p2|Ninetales-Alola, L50, F|\n|poke|p2|Froslass, L50, F|\n|poke|p2|Hatterene, L50, F|\n|poke|p2|Flapple, L50, F|\n|poke|p2|Gyarados, L50, M|\n|teampreview|4\n|inactive|Battle timer is ON: inactive players will automatically lose when time's up. (requested by CBKreme)\n|inactive|botscoot also wants the timer to be on.\n|\n|t:|1776376899\n|teamsize|p1|4\n|teamsize|p2|4\n|start\n|switch|p1a: Politoed|Politoed, L50, M|100/100\n|switch|p1b: Archaludon|Archaludon, L50, F|100/100\n|switch|p2a: Ninetales|Ninetales-Alola, L50, F|100/100\n|switch|p2b: Froslass|Froslass, L50, F, shiny|100/100\n|-weather|Snowscape|[from] ability: Snow Warning|[of] p2a: Ninetales\n|-weather|RainDance|[from] ability: Drizzle|[of] p1a: Politoed\n|turn|1\n|\n|t:|1776376919\n|detailschange|p2b: Froslass|Froslass-Mega, L50, F, shiny\n|-mega|p2b: Froslass|Froslass|Froslassite\n|-weather|Snowscape|[from] ability: Snow Warning|[of] p2b: Froslass\n|move|p2a: Ninetales|Aurora Veil|p2a: Ninetales\n|-sidestart|p2: CBKreme|move: Aurora Veil\n|move|p2b: Froslass|Thunderbolt|p1a: Politoed\n|-supereffective|p1a: Politoed|1\n|-damage|p1a: Politoed|43/100\n|move|p1b: Archaludon|Electro Shot||[still]\n|-prepare|p1b: Archaludon|Electro Shot\n|-boost|p1b: Archaludon|spa|1\n|move|p1a: Politoed|Weather Ball|p2b: Froslass\n|-resisted|p2b: Froslass|1\n|-damage|p2b: Froslass|91/100\n|\n|-weather|Snowscape|[upkeep]\n|upkeep\n|turn|2\n|\n|t:|1776376941\n|move|p2a: Ninetales|Disable|p1b: Archaludon\n|-start|p1b: Archaludon|Disable|Electro Shot\n|move|p2b: Froslass|Thunderbolt|p1a: Politoed\n|-supereffective|p1a: Politoed|1\n|-damage|p1a: Politoed|0 fnt\n|faint|p1a: Politoed\n|cant|p1b: Archaludon|Disable|Electro Shot\n|\n|-weather|Snowscape|[upkeep]\n|upkeep\n|\n|t:|1776376952\n|switch|p1a: Meganium|Meganium, L50, F|100/100\n|turn|3\n|inactive|CBKreme has 30 seconds left.\n|\n|t:|1776376981\n|detailschange|p1a: Meganium|Meganium-Mega, L50, F\n|-mega|p1a: Meganium|Meganium|Meganiumite\n|move|p2a: Ninetales|Encore|p1b: Archaludon\n|-start|p1b: Archaludon|Encore\n|move|p2b: Froslass|Blizzard|p1b: Archaludon|[spread] p1a,p1b\n|-supereffective|p1a: Meganium|1\n|-damage|p1a: Meganium|22/100\n|-damage|p1b: Archaludon|27/100\n|-ability|p1b: Archaludon|Stamina|boost\n|-boost|p1b: Archaludon|def|1\n|cant|p1b: Archaludon|Disable|Electro Shot\n|move|p1a: Meganium|Weather Ball|p2b: Froslass\n|-supereffective|p2b: Froslass|1\n|-damage|p2b: Froslass|3/100\n|\n|-weather|Snowscape|[upkeep]\n|upkeep\n|turn|4\n|inactive|botscoot has 30 seconds left.\n|\n|t:|1776377008\n|switch|p1b: Toxicroak|Toxicroak, L50, M|100/100\n|move|p2a: Ninetales|Disable|p1a: Meganium\n|-start|p1a: Meganium|Disable|Weather Ball\n|move|p2b: Froslass|Blizzard|p1b: Toxicroak|[spread] p1a,p1b\n|-supereffective|p1a: Meganium|1\n|-crit|p1a: Meganium\n|-damage|p1a: Meganium|0 fnt\n|-damage|p1b: Toxicroak|25/100\n|faint|p1a: Meganium\n|\n|-weather|Snowscape|[upkeep]\n|upkeep\n|inactive|botscoot has 30 seconds left.\n|\n|t:|1776377034\n|switch|p1a: Archaludon|Archaludon, L50, F|27/100\n|turn|5\n|\n|t:|1776377055\n|switch|p2a: Flapple|Flapple, L50, F, shiny|100/100\n|move|p1b: Toxicroak|Poison Jab|p2a: Flapple\n|-supereffective|p2a: Flapple|1\n|-damage|p2a: Flapple|39/100\n|-enditem|p2a: Flapple|Sitrus Berry|[eat]\n|-heal|p2a: Flapple|64/100|[from] item: Sitrus Berry\n|move|p2b: Froslass|Blizzard|p1a: Archaludon|[spread] p1a,p1b\n|-damage|p1a: Archaludon|0 fnt\n|-damage|p1b: Toxicroak|0 fnt\n|faint|p1a: Archaludon\n|faint|p1b: Toxicroak\n|\n|win|CBKreme\n|raw|botscoot's rating: 1081 &rarr; <strong>1057</strong><br />(-24 for losing)\n|raw|CBKreme's rating: 1052 &rarr; <strong>1087</strong><br />(+35 for winning)\n|l|\u2606botscoot\n|player|p1|\n",
  "uploadtime": 1776377072,
  "views": 16,
  "formatid": "gen9championsvgc2026regma",
  "rating": 1057,
  "private": 0,
  "password": null
}