{
  "id": "gen9championsvgc2026regma-2581973156",
  "format": "[Gen 9 Champions] VGC 2026 Reg M-A",
  "players": [
    "catball 1500",
    "Cecinasllanquihue"
  ],
  "log": "|j|\u2606catball 1500\n|j|\u2606Cecinasllanquihue\n|t:|1776044596\n|gametype|doubles\n|player|p1|catball 1500|roughneck|1088\n|player|p2|Cecinasllanquihue|169|1165\n|gen|9\n|tier|[Gen 9 Champions] VGC 2026 Reg M-A\n|rated|\n|rule|Species Clause: Limit one of each Pok\u00e9mon\n|rule|Item Clause: Limit 1 of each item\n|clearpoke\n|poke|p1|Scovillain, L50, M|\n|poke|p1|Aerodactyl, L50, F|\n|poke|p1|Kingambit, L50, F|\n|poke|p1|Rotom-Wash, L50|\n|poke|p1|Sinistcha, L50|\n|poke|p1|Sneasler, L50, F|\n|poke|p2|Tyranitar, L50, F|\n|poke|p2|Excadrill, L50, F|\n|poke|p2|Milotic, L50, M|\n|poke|p2|Corviknight, L50, F|\n|poke|p2|Incineroar, L50, F|\n|poke|p2|Trevenant, L50, F|\n|teampreview|4\n|inactive|Battle timer is ON: inactive players will automatically lose when time's up. (requested by catball 1500)\n|inactive|catball 1500 has 60 seconds left.\n|inactive|Cecinasllanquihue has 60 seconds left.\ncatball 1500 has agreed to open team sheets.\n|\n|t:|1776044636\n|teamsize|p1|4\n|teamsize|p2|4\n|start\n|switch|p1a: Kingambit|Kingambit, L50, F|100/100\n|switch|p1b: Rotom|Rotom-Wash, L50|100/100\n|switch|p2a: Tyranitar|Tyranitar, L50, F|100/100\n|switch|p2b: Excadrill|Excadrill, L50, F|100/100\n|-weather|Sandstorm|[from] ability: Sand Stream|[of] p2a: Tyranitar\n|turn|1\n|\n|t:|1776044660\n|switch|p2b: Trevenant|Trevenant, L50, F|100/100\n|move|p1b: Rotom|Hydro Pump|p2b: Trevenant\n|-resisted|p2b: Trevenant|1\n|-damage|p2b: Trevenant|79/100\n|move|p2a: Tyranitar|Low Kick|p1a: Kingambit\n|-supereffective|p1a: Kingambit|2\n|-damage|p1a: Kingambit|6/100\n|move|p1a: Kingambit|Iron Head|p2a: Tyranitar\n|-supereffective|p2a: Tyranitar|1\n|-damage|p2a: Tyranitar|34/100\n|\n|-weather|Sandstorm|[upkeep]\n|-damage|p1b: Rotom|95/100|[from] Sandstorm\n|-damage|p2b: Trevenant|73/100|[from] Sandstorm\n|upkeep\n|turn|2\n|inactive|Cecinasllanquihue has 30 seconds left.\n|\n|t:|1776044686\n|move|p2a: Tyranitar|Protect|p2a: Tyranitar\n|-singleturn|p2a: Tyranitar|Protect\n|move|p1a: Kingambit|Sucker Punch|p2b: Trevenant\n|-supereffective|p2b: Trevenant|1\n|-damage|p2b: Trevenant|0 fnt\n|faint|p2b: Trevenant\n|move|p1b: Rotom|Volt Switch|p2a: Tyranitar\n|-activate|p2a: Tyranitar|move: Protect\n|\n|-weather|Sandstorm|[upkeep]\n|-damage|p1b: Rotom|89/100|[from] Sandstorm\n|upkeep\n|\n|t:|1776044699\n|switch|p2b: Excadrill|Excadrill, L50, F|100/100\n|turn|3\n|\n|t:|1776044716\n|move|p1a: Kingambit|Sucker Punch|p2b: Excadrill\n|-damage|p2b: Excadrill|44/100\n|move|p2b: Excadrill|Iron Head|p1a: Kingambit\n|-resisted|p1a: Kingambit|1\n|-damage|p1a: Kingambit|0 fnt\n|faint|p1a: Kingambit\n|move|p1b: Rotom|Hydro Pump|p2b: Excadrill\n|-supereffective|p2b: Excadrill|1\n|-damage|p2b: Excadrill|0 fnt\n|faint|p2b: Excadrill\n|move|p2a: Tyranitar|Crunch|p1b: Rotom\n|-damage|p1b: Rotom|23/100\n|\n|-weather|Sandstorm|[upkeep]\n|-damage|p1b: Rotom|17/100|[from] Sandstorm\n|upkeep\n|\n|t:|1776044731\n|switch|p2b: Corviknight|Corviknight, L50, F|100/100\n|switch|p1a: Sneasler|Sneasler, L50, F|100/100\n|turn|4\n|\n|t:|1776044747\n|detailschange|p2a: Tyranitar|Tyranitar-Mega, L50, F\n|-mega|p2a: Tyranitar|Tyranitar|Tyranitarite\n|move|p1a: Sneasler|Fake Out|p2b: Corviknight\n|-resisted|p2b: Corviknight|1\n|-damage|p2b: Corviknight|95/100\n|move|p1b: Rotom|Volt Switch|p2b: Corviknight\n|-supereffective|p2b: Corviknight|1\n|-damage|p2b: Corviknight|47/100\n|\n|t:|1776044753\n|switch|p1b: Scovillain|Scovillain, L50, M|100/100|[from] Volt Switch\n|move|p2a: Tyranitar|Rock Slide|p1a: Sneasler|[spread] p1a,p1b\n|-resisted|p1a: Sneasler|1\n|-supereffective|p1b: Scovillain|1\n|-damage|p1a: Sneasler|70/100\n|-damage|p1b: Scovillain|6/100\n|cant|p2b: Corviknight|flinch\n|\n|-weather|Sandstorm|[upkeep]\n|-damage|p1a: Sneasler|64/100|[from] Sandstorm\n|-damage|p1b: Scovillain|0 fnt|[from] Sandstorm\n|faint|p1b: Scovillain\n|-heal|p2b: Corviknight|53/100|[from] item: Leftovers\n|upkeep\n|\n|t:|1776044760\n|switch|p1b: Rotom|Rotom-Wash, L50|17/100\n|turn|5\n|\n|t:|1776044773\n|move|p1a: Sneasler|Close Combat|p2a: Tyranitar\n|-supereffective|p2a: Tyranitar|2\n|-damage|p2a: Tyranitar|0 fnt\n|-unboost|p1a: Sneasler|def|1\n|-unboost|p1a: Sneasler|spd|1\n|faint|p2a: Tyranitar\n|move|p1b: Rotom|Volt Switch|p2b: Corviknight\n|-supereffective|p2b: Corviknight|1\n|-damage|p2b: Corviknight|8/100\n|move|p2b: Corviknight|Brave Bird|p1a: Sneasler\n|-supereffective|p1a: Sneasler|1\n|-damage|p1a: Sneasler|0 fnt\n|faint|p1a: Sneasler\n|-damage|p2b: Corviknight|0 fnt|[from] Recoil\n|faint|p2b: Corviknight\n|\n|win|catball 1500\n|raw|catball 1500's rating: 1088 &rarr; <strong>1121</strong><br />(+33 for winning)\n|raw|Cecinasllanquihue's rating: 1165 &rarr; <strong>1135</strong><br />(-30 for losing)\n|l|\u2606Cecinasllanquihue\n|player|p2|\n",
  "uploadtime": 1776044791,
  "views": 22,
  "formatid": "gen9championsvgc2026regma",
  "rating": 1121,
  "private": 0,
  "password": null
}