{
  "id": "gen9championsvgc2026regma-2587628902",
  "format": "[Gen 9 Champions] VGC 2026 Reg M-A",
  "players": [
    "sluggopeej",
    "try0000"
  ],
  "log": "|j|\u2606sluggopeej\n|j|\u2606try0000\n|t:|1776548414\n|gametype|doubles\n|player|p1|sluggopeej|102|1571\n|player|p2|try0000|veteran|1670\n|gen|9\n|tier|[Gen 9 Champions] VGC 2026 Reg M-A\n|rated|\n|rule|Species Clause: Limit one of each Pok\u00e9mon\n|rule|Item Clause: Limit 1 of each item\n|clearpoke\n|poke|p1|Meganium, L50, M|\n|poke|p1|Milotic, L50, F|\n|poke|p1|Kangaskhan, L50, F|\n|poke|p1|Aerodactyl, L50, M|\n|poke|p1|Sneasler, L50, F|\n|poke|p1|Typhlosion-Hisui, L50, M|\n|poke|p2|Gengar, L50, F|\n|poke|p2|Incineroar, L50, F|\n|poke|p2|Maushold-Four, L50|\n|poke|p2|Gardevoir, L50, F|\n|poke|p2|Kingambit, L50, M|\n|poke|p2|Ninetales-Alola, L50, F|\n|teampreview|4\n|inactive|Battle timer is ON: inactive players will automatically lose when time's up. (requested by try0000)\n|\n|t:|1776548442\n|teamsize|p1|4\n|teamsize|p2|4\n|start\n|switch|p1a: Aerodactyl|Aerodactyl, L50, M|100/100\n|switch|p1b: Typhlosion|Typhlosion-Hisui, L50, M|100/100\n|switch|p2a: Incineroar|Incineroar, L50, F|100/100\n|switch|p2b: Gengar|Gengar, L50, F|100/100\n|-ability|p1a: Aerodactyl|Unnerve\n|-item|p2a: Incineroar|Sitrus Berry|[from] ability: Frisk|[of] p1b: Typhlosion\n|-item|p2b: Gengar|Gengarite|[from] ability: Frisk|[of] p1b: Typhlosion\n|-ability|p2a: Incineroar|Intimidate|boost\n|-unboost|p1a: Aerodactyl|atk|1\n|-unboost|p1b: Typhlosion|atk|1\n|turn|1\n|inactive|sluggopeej has 30 seconds left.\n|inactive|sluggopeej has 20 seconds left.\n|inactive|sluggopeej has 15 seconds left.\n|inactive|sluggopeej has 10 seconds left.\n|inactive|sluggopeej has 5 seconds left.\n|\n|t:|1776548495\n|detailschange|p2b: Gengar|Gengar-Mega, L50, F\n|-mega|p2b: Gengar|Gengar|Gengarite\n|move|p1a: Aerodactyl|Protect|p1a: Aerodactyl\n|-singleturn|p1a: Aerodactyl|Protect\n|move|p2a: Incineroar|Fake Out|p1a: Aerodactyl\n|-activate|p1a: Aerodactyl|move: Protect\n|move|p1b: Typhlosion|Shadow Ball|p2b: Gengar\n|-supereffective|p2b: Gengar|1\n|-damage|p2b: Gengar|25/100\n|move|p2b: Gengar|Shadow Ball|p1b: Typhlosion\n|-supereffective|p1b: Typhlosion|1\n|-damage|p1b: Typhlosion|0 fnt\n|faint|p1b: Typhlosion\n|\n|upkeep\n|\n|t:|1776548512\n|switch|p1b: Kangaskhan|Kangaskhan, L50, F|100/100\n|turn|2\n|\n|t:|1776548526\n|detailschange|p1b: Kangaskhan|Kangaskhan-Mega, L50, F\n|-mega|p1b: Kangaskhan|Kangaskhan|Kangaskhanite\n|move|p2b: Gengar|Protect|p2b: Gengar\n|-singleturn|p2b: Gengar|Protect\n|move|p1b: Kangaskhan|Fake Out|p2a: Incineroar\n|-damage|p2a: Incineroar|85/100\n|-crit|p2a: Incineroar\n|-damage|p2a: Incineroar|79/100\n|-hitcount|p2a: Incineroar|2\n|move|p1a: Aerodactyl|Rock Slide|p2b: Gengar|[spread] p2a\n|-activate|p2b: Gengar|move: Protect\n|-supereffective|p2a: Incineroar|1\n|-damage|p2a: Incineroar|52/100\n|cant|p2a: Incineroar|flinch\n|\n|upkeep\n|turn|3\n|\n|t:|1776548545\n|switch|p2a: Maushold|Maushold-Four, L50|100/100\n|move|p1a: Aerodactyl|Rock Slide|p2b: Gengar|[spread] p2a,p2b\n|-damage|p2a: Maushold|80/100\n|-damage|p2b: Gengar|6/100\n|move|p2b: Gengar|Shadow Ball|p1a: Aerodactyl\n|-damage|p1a: Aerodactyl|37/100\n|move|p1b: Kangaskhan|Double-Edge|p2a: Maushold\n|-damage|p2a: Maushold|0 fnt\n|faint|p2a: Maushold\n|-hitcount|p2: Maushold|1\n|-damage|p1b: Kangaskhan|76/100|[from] Recoil\n|\n|upkeep\n|\n|t:|1776548560\n|switch|p2a: Incineroar|Incineroar, L50, F|52/100\n|-ability|p2a: Incineroar|Intimidate|boost\n|-unboost|p1a: Aerodactyl|atk|1\n|-unboost|p1b: Kangaskhan|atk|1\n|turn|4\n|inactive|sluggopeej has 30 seconds left.\n|inactive|sluggopeej has 20 seconds left.\n|inactive|sluggopeej has 15 seconds left.\n|inactive|sluggopeej has 10 seconds left.\n|inactive|sluggopeej has 5 seconds left.\n|\n|t:|1776548614\n|move|p2a: Incineroar|Fake Out|p1a: Aerodactyl\n|-resisted|p1a: Aerodactyl|1\n|-damage|p1a: Aerodactyl|29/100\n|move|p1b: Kangaskhan|Sucker Punch||[still]\n|-fail|p1b: Kangaskhan\n|cant|p1a: Aerodactyl|flinch\n|move|p2b: Gengar|Perish Song|p2b: Gengar\n|-start|p1a: Aerodactyl|perish3|[silent]\n|-start|p1b: Kangaskhan|perish3|[silent]\n|-start|p2a: Incineroar|perish3|[silent]\n|-start|p2b: Gengar|perish3|[silent]\n|-fieldactivate|move: Perish Song\n|\n|-start|p1a: Aerodactyl|perish3\n|-start|p2b: Gengar|perish3\n|-start|p1b: Kangaskhan|perish3\n|-start|p2a: Incineroar|perish3\n|upkeep\n|turn|5\n|\n|t:|1776548625\n|move|p2b: Gengar|Protect|p2b: Gengar\n|-singleturn|p2b: Gengar|Protect\n|move|p2a: Incineroar|Protect|p2a: Incineroar\n|-singleturn|p2a: Incineroar|Protect\n|move|p1a: Aerodactyl|Rock Slide|p2b: Gengar|[spread] \n|-activate|p2a: Incineroar|move: Protect\n|-activate|p2b: Gengar|move: Protect\n|move|p1b: Kangaskhan|Low Kick|p2a: Incineroar\n|-activate|p2a: Incineroar|move: Protect\n|\n|-start|p1a: Aerodactyl|perish2\n|-start|p2b: Gengar|perish2\n|-start|p1b: Kangaskhan|perish2\n|-start|p2a: Incineroar|perish2\n|upkeep\n|turn|6\n|\n|t:|1776548637\n|switch|p2b: Kingambit|Kingambit, L50, M|100/100\n|move|p1a: Aerodactyl|Rock Slide|p2b: Kingambit|[spread] p2a,p2b\n|-supereffective|p2a: Incineroar|1\n|-resisted|p2b: Kingambit|1\n|-damage|p2a: Incineroar|34/100\n|-damage|p2b: Kingambit|97/100\n|move|p1b: Kangaskhan|Low Kick|p2a: Incineroar\n|-supereffective|p2a: Incineroar|1\n|-damage|p2a: Incineroar|5/100\n|-supereffective|p2a: Incineroar|1\n|-damage|p2a: Incineroar|0 fnt\n|faint|p2a: Incineroar\n|-hitcount|p2: Incineroar|2\n|\n|-start|p1a: Aerodactyl|perish1\n|-start|p1b: Kangaskhan|perish1\n|upkeep\n|\n|t:|1776548643\n|switch|p2a: Gengar|Gengar-Mega, L50, F|6/100\n|turn|7\n|\n|t:|1776548649\n|move|p2a: Gengar|Protect|p2a: Gengar\n|-singleturn|p2a: Gengar|Protect\n|move|p2b: Kingambit|Protect|p2b: Kingambit\n|-singleturn|p2b: Kingambit|Protect\n|move|p1a: Aerodactyl|Tailwind|p1a: Aerodactyl\n|-sidestart|p1: sluggopeej|move: Tailwind\n|move|p1b: Kangaskhan|Low Kick|p2b: Kingambit\n|-activate|p2b: Kingambit|move: Protect\n|\n|-start|p1a: Aerodactyl|perish0\n|-start|p1b: Kangaskhan|perish0\n|faint|p1a: Aerodactyl\n|faint|p1b: Kangaskhan\n|upkeep\n|\n|t:|1776548653\n|switch|p1b: Sneasler|Sneasler, L50, F|100/100\n|turn|8\n|\n|t:|1776548672\n|move|p1b: Sneasler|Acrobatics|p2a: Gengar\n|-damage|p2a: Gengar|0 fnt\n|faint|p2a: Gengar\n|move|p2b: Kingambit|Kowtow Cleave|p1b: Sneasler\n|-resisted|p1b: Sneasler|1\n|-damage|p1b: Sneasler|70/100\n|\n|upkeep\n|turn|9\n|\n|t:|1776548680\n|move|p1b: Sneasler|Close Combat|p2b: Kingambit\n|-supereffective|p2b: Kingambit|2\n|-enditem|p2b: Kingambit|Chople Berry|[eat]\n|-enditem|p2b: Kingambit|Chople Berry|[weaken]\n|-damage|p2b: Kingambit|10/100\n|-unboost|p1b: Sneasler|def|1\n|-unboost|p1b: Sneasler|spd|1\n|-enditem|p1b: Sneasler|White Herb\n|-clearnegativeboost|p1b: Sneasler|[silent]\n|move|p2b: Kingambit|Kowtow Cleave|p1b: Sneasler\n|-resisted|p1b: Sneasler|1\n|-damage|p1b: Sneasler|42/100\n|\n|upkeep\n|turn|10\n|\n|t:|1776548691\n|move|p2b: Kingambit|Sucker Punch|p1b: Sneasler\n|-resisted|p1b: Sneasler|1\n|-damage|p1b: Sneasler|17/100\n|move|p1b: Sneasler|Close Combat|p2b: Kingambit\n|-supereffective|p2b: Kingambit|2\n|-damage|p2b: Kingambit|0 fnt\n|-unboost|p1b: Sneasler|def|1\n|-unboost|p1b: Sneasler|spd|1\n|faint|p2b: Kingambit\n|\n|win|sluggopeej\n|raw|sluggopeej's rating: 1571 &rarr; <strong>1597</strong><br />(+26 for winning)\n|raw|try0000's rating: 1670 &rarr; <strong>1644</strong><br />(-26 for losing)\n|l|\u2606try0000\n|player|p2|\n|l|\u2606sluggopeej\n|player|p1|\n",
  "uploadtime": 1776548712,
  "views": 31,
  "formatid": "gen9championsvgc2026regma",
  "rating": 1597,
  "private": 0,
  "password": null
}