{
  "id": "gen9championsvgc2026regma-2586574240",
  "format": "[Gen 9 Champions] VGC 2026 Reg M-A",
  "players": [
    "LyssanTM",
    "BroDontFuckWithMe"
  ],
  "log": "|j|\u2606LyssanTM\n|j|\u2606BroDontFuckWithMe\n|t:|1776444119\n|gametype|doubles\n|player|p1|LyssanTM|veteran|1269\n|player|p2|BroDontFuckWithMe|170|1310\n|gen|9\n|tier|[Gen 9 Champions] VGC 2026 Reg M-A\n|rated|\n|rule|Species Clause: Limit one of each Pok\u00e9mon\n|rule|Item Clause: Limit 1 of each item\n|clearpoke\n|poke|p1|Aegislash, L50, M|\n|poke|p1|Kangaskhan, L50, F|\n|poke|p1|Pelipper, L50, F|\n|poke|p1|Archaludon, L50, M|\n|poke|p1|Aerodactyl, L50, M|\n|poke|p1|Palafin, L50, F|\n|poke|p2|Starmie, L50|\n|poke|p2|Rotom-Heat, L50|\n|poke|p2|Excadrill, L50, F|\n|poke|p2|Sinistcha, L50|\n|poke|p2|Tyranitar, L50, F|\n|poke|p2|Gardevoir, L50, F|\n|teampreview|4\n|inactive|Battle timer is ON: inactive players will automatically lose when time's up. (requested by BroDontFuckWithMe)\n|\n|t:|1776444139\n|teamsize|p1|4\n|teamsize|p2|4\n|start\n|switch|p1a: Palafin|Palafin, L50, F, shiny|100/100\n|switch|p1b: Kangaskhan|Kangaskhan, L50, F|100/100\n|switch|p2a: Starmie|Starmie, L50|100/100\n|switch|p2b: Gardevoir|Gardevoir, L50, F|100/100\n|turn|1\n|\n|t:|1776444154\n|detailschange|p2a: Starmie|Starmie-Mega, L50\n|-mega|p2a: Starmie|Starmie|Starminite\n|detailschange|p1b: Kangaskhan|Kangaskhan-Mega, L50, F\n|-mega|p1b: Kangaskhan|Kangaskhan|Kangaskhanite\n|move|p1b: Kangaskhan|Fake Out|p2a: Starmie\n|-damage|p2a: Starmie|72/100\n|-damage|p2a: Starmie|65/100\n|-hitcount|p2a: Starmie|2\n|move|p1a: Palafin|Flip Turn|p2b: Gardevoir\n|-damage|p2b: Gardevoir|66/100\n|\n|t:|1776444162\n|detailschange|p1a: Palafin|Palafin-Hero, L50, F, shiny\n|switch|p1a: Archaludon|Archaludon, L50, M|100/100|[from] Flip Turn\n|move|p2b: Gardevoir|Dazzling Gleam|p1a: Archaludon|[spread] p1a,p1b\n|-damage|p1a: Archaludon|54/100\n|-damage|p1b: Kangaskhan|73/100\n|cant|p2a: Starmie|flinch\n|\n|-heal|p1a: Archaludon|60/100|[from] item: Leftovers\n|upkeep\n|turn|2\n|\n|t:|1776444171\n|switch|p2a: Sinistcha|Sinistcha, L50|100/100\n|-heal|p2b: Gardevoir|90/100|[from] ability: Hospitality|[of] p2a: Sinistcha\n|move|p1b: Kangaskhan|Sucker Punch||[still]\n|-fail|p1b: Kangaskhan\n|move|p2b: Gardevoir|Dazzling Gleam|p1a: Archaludon|[spread] p1a,p1b\n|-damage|p1a: Archaludon|15/100\n|-damage|p1b: Kangaskhan|49/100\n|move|p1a: Archaludon|Flash Cannon|p2b: Gardevoir\n|-supereffective|p2b: Gardevoir|1\n|-damage|p2b: Gardevoir|0 fnt\n|faint|p2b: Gardevoir\n|\n|-heal|p1a: Archaludon|21/100|[from] item: Leftovers\n|upkeep\n|\n|t:|1776444186\n|switch|p2b: Starmie|Starmie-Mega, L50|65/100\n|turn|3\n|\n|t:|1776444199\n|move|p2b: Starmie|Protect|p2b: Starmie\n|-singleturn|p2b: Starmie|Protect\n|move|p1b: Kangaskhan|Sucker Punch||[still]\n|-fail|p1b: Kangaskhan\n|move|p1a: Archaludon|Flash Cannon|p2a: Sinistcha\n|-damage|p2a: Sinistcha|63/100\n|move|p2a: Sinistcha|Matcha Gotcha|p1b: Kangaskhan|[spread] p1a,p1b\n|-resisted|p1a: Archaludon|2\n|-damage|p1a: Archaludon|12/100\n|-heal|p2a: Sinistcha|68/100|[from] drain|[of] p1a: Archaludon\n|-damage|p1b: Kangaskhan|27/100\n|-heal|p2a: Sinistcha|81/100|[from] drain|[of] p1b: Kangaskhan\n|-status|p1a: Archaludon|brn\n|\n|-heal|p1a: Archaludon|18/100 brn|[from] item: Leftovers\n|-heal|p2a: Sinistcha|87/100|[from] item: Leftovers\n|-damage|p1a: Archaludon|12/100 brn|[from] brn\n|upkeep\n|turn|4\n|\n|t:|1776444217\n|move|p1a: Archaludon|Protect|p1a: Archaludon\n|-singleturn|p1a: Archaludon|Protect\n|move|p2b: Starmie|Aqua Jet|p1a: Archaludon\n|-activate|p1a: Archaludon|move: Protect\n|move|p1b: Kangaskhan|Drain Punch|p2b: Starmie\n|-resisted|p2b: Starmie|1\n|-damage|p2b: Starmie|48/100\n|-heal|p1b: Kangaskhan|33/100|[from] drain|[of] p2b: Starmie\n|-resisted|p2b: Starmie|1\n|-crit|p2b: Starmie\n|-damage|p2b: Starmie|42/100\n|-heal|p1b: Kangaskhan|35/100|[from] drain|[of] p2b: Starmie\n|-hitcount|p2b: Starmie|2\n|move|p2a: Sinistcha|Strength Sap|p1b: Kangaskhan\n|-unboost|p1b: Kangaskhan|atk|1\n|-heal|p2a: Sinistcha|100/100\n|\n|-heal|p1a: Archaludon|18/100 brn|[from] item: Leftovers\n|-damage|p1a: Archaludon|12/100 brn|[from] brn\n|upkeep\n|turn|5\n|\n|t:|1776444238\n|move|p2a: Sinistcha|Rage Powder|p2a: Sinistcha\n|-singleturn|p2a: Sinistcha|move: Rage Powder\n|move|p2b: Starmie|Liquidation|p1a: Archaludon\n|-resisted|p1a: Archaludon|1\n|-damage|p1a: Archaludon|0 fnt\n|faint|p1a: Archaludon\n|move|p1b: Kangaskhan|Double-Edge|p2a: Sinistcha\n|-immune|p2a: Sinistcha\n|\n|upkeep\n|\n|t:|1776444243\n|switch|p1a: Pelipper|Pelipper, L50, F|100/100\n|-weather|RainDance|[from] ability: Drizzle|[of] p1a: Pelipper\n|turn|6\n|\n|t:|1776444259\n|switch|p2a: Rotom|Rotom-Heat, L50|100/100\n|move|p2b: Starmie|Zen Headbutt|p1a: Pelipper\n|-damage|p1a: Pelipper|29/100\n|-enditem|p1a: Pelipper|Sitrus Berry|[eat]\n|-heal|p1a: Pelipper|53/100|[from] item: Sitrus Berry\n|move|p1b: Kangaskhan|Double-Edge|p2b: Starmie\n|-damage|p2b: Starmie|0 fnt\n|faint|p2b: Starmie\n|-hitcount|p2: Starmie|1\n|-damage|p1b: Kangaskhan|26/100|[from] Recoil\n|move|p1a: Pelipper|Hurricane|p2a: Rotom\n|-resisted|p2a: Rotom|1\n|-damage|p2a: Rotom|79/100\n|-start|p2a: Rotom|confusion\n|\n|-weather|RainDance|[upkeep]\n|upkeep\n|\n|t:|1776444267\n|switch|p2b: Sinistcha|Sinistcha, L50|100/100\n|-heal|p2a: Rotom|100/100|[from] ability: Hospitality|[of] p2b: Sinistcha\n|turn|7\n|\n|t:|1776444276\n|move|p1a: Pelipper|Protect|p1a: Pelipper\n|-singleturn|p1a: Pelipper|Protect\n|-activate|p2a: Rotom|confusion\n|move|p2a: Rotom|Thunderbolt|p1a: Pelipper\n|-activate|p1a: Pelipper|move: Protect\n|move|p1b: Kangaskhan|Double-Edge|p2a: Rotom\n|-damage|p2a: Rotom|47/100\n|-enditem|p2a: Rotom|Sitrus Berry|[eat]\n|-heal|p2a: Rotom|72/100|[from] item: Sitrus Berry\n|-damage|p2a: Rotom|62/100\n|-hitcount|p2a: Rotom|2\n|-damage|p1b: Kangaskhan|11/100|[from] Recoil\n|move|p2b: Sinistcha|Matcha Gotcha|p1b: Kangaskhan|[spread] p1b\n|-activate|p1a: Pelipper|move: Protect\n|-damage|p1b: Kangaskhan|0 fnt\n|faint|p1b: Kangaskhan\n|\n|-weather|RainDance|[upkeep]\n|upkeep\n|\n|t:|1776444287\n|switch|p1b: Palafin|Palafin-Hero, L50, F, shiny|100/100\n|-activate|p1b: Palafin|ability: Zero to Hero\n|turn|8\n|\n|t:|1776444294\n|move|p2b: Sinistcha|Rage Powder|p2b: Sinistcha\n|-singleturn|p2b: Sinistcha|move: Rage Powder\n|move|p1b: Palafin|Wave Crash|p2b: Sinistcha\n|-resisted|p2b: Sinistcha|1\n|-damage|p2b: Sinistcha|50/100\n|-damage|p1b: Palafin|84/100|[from] Recoil\n|-activate|p2a: Rotom|confusion\n|move|p2a: Rotom|Thunderbolt|p1a: Pelipper\n|-supereffective|p1a: Pelipper|2\n|-damage|p1a: Pelipper|0 fnt\n|faint|p1a: Pelipper\n|\n|-weather|RainDance|[upkeep]\n|-heal|p2b: Sinistcha|57/100|[from] item: Leftovers\n|upkeep\n|turn|9\n|\n|t:|1776444307\n|-end|p2a: Rotom|confusion\n|move|p2a: Rotom|Protect|p2a: Rotom\n|-singleturn|p2a: Rotom|Protect\n|move|p1b: Palafin|Wave Crash|p2a: Rotom\n|-activate|p2a: Rotom|move: Protect\n|move|p2b: Sinistcha|Strength Sap|p1b: Palafin\n|-unboost|p1b: Palafin|atk|1\n|-heal|p2b: Sinistcha|100/100\n|\n|-weather|RainDance|[upkeep]\n|upkeep\n|turn|10\n|-message|LyssanTM forfeited.\n|\n|win|BroDontFuckWithMe\n|raw|LyssanTM's rating: 1269 &rarr; <strong>1247</strong><br />(-22 for losing)\n|raw|BroDontFuckWithMe's rating: 1310 &rarr; <strong>1328</strong><br />(+18 for winning)\n",
  "uploadtime": 1776444312,
  "views": 32,
  "formatid": "gen9championsvgc2026regma",
  "rating": 1247,
  "private": 0,
  "password": null
}