{
  "id": "gen9championsvgc2026regma-2587666956",
  "format": "[Gen 9 Champions] VGC 2026 Reg M-A",
  "players": [
    "fekzkkk",
    "nerox47"
  ],
  "log": "|j|\u2606fekzkkk\n|j|\u2606nerox47\n|t:|1776551946\n|gametype|doubles\n|player|p1|fekzkkk|101|1005\n|player|p2|nerox47|archer|1041\n|gen|9\n|tier|[Gen 9 Champions] VGC 2026 Reg M-A\n|rated|\n|rule|Species Clause: Limit one of each Pok\u00e9mon\n|rule|Item Clause: Limit 1 of each item\n|clearpoke\n|poke|p1|Scizor, L50, M|\n|poke|p1|Garchomp, L50, F|\n|poke|p1|Talonflame, L50, F|\n|poke|p1|Whimsicott, L50, M, shiny|\n|poke|p1|Umbreon, L50, F, shiny|\n|poke|p1|Meowstic, L50, M|\n|poke|p2|Feraligatr, L50, M|\n|poke|p2|Talonflame, L50, M|\n|poke|p2|Meowscarada, L50, F|\n|poke|p2|Gardevoir, L50, F, shiny|\n|poke|p2|Lucario, L50, M|\n|poke|p2|Scovillain, L50, M|\n|teampreview|4\n|inactive|Battle timer is ON: inactive players will automatically lose when time's up. (requested by nerox47)\n|\n|t:|1776551978\n|teamsize|p1|4\n|teamsize|p2|4\n|start\n|switch|p1a: Talonflame|Talonflame, L50, F|100/100\n|switch|p1b: Umbreon|Umbreon, L50, F, shiny|100/100\n|switch|p2a: Talonflame|Talonflame, L50, M|100/100\n|switch|p2b: Gardevoir|Gardevoir, L50, F, shiny|100/100\n|turn|1\n|\n|t:|1776552002\n|detailschange|p2b: Gardevoir|Gardevoir-Mega, L50, F, shiny\n|-mega|p2b: Gardevoir|Gardevoir|Gardevoirite\n|move|p2a: Talonflame|Tailwind|p2a: Talonflame\n|-sidestart|p2: nerox47|move: Tailwind\n|move|p2b: Gardevoir|Hyper Voice|p1a: Talonflame|[spread] p1a,p1b\n|-resisted|p1a: Talonflame|1\n|-supereffective|p1b: Umbreon|1\n|-damage|p1a: Talonflame|58/100\n|-damage|p1b: Umbreon|37/100\n|-enditem|p1b: Umbreon|Sitrus Berry|[eat]\n|-heal|p1b: Umbreon|62/100|[from] item: Sitrus Berry\n|move|p1a: Talonflame|U-turn|p2a: Talonflame\n|-resisted|p2a: Talonflame|2\n|-damage|p2a: Talonflame|93/100\n|\n|t:|1776552015\n|switch|p1a: Meowstic|Meowstic, L50, M|100/100|[from] U-turn\n|move|p1b: Umbreon|Foul Play|p2a: Talonflame\n|-damage|p2a: Talonflame|36/100\n|\n|upkeep\n|turn|2\n|\n|t:|1776552039\n|detailschange|p1a: Meowstic|Meowstic-M-Mega, L50, M\n|-mega|p1a: Meowstic|Meowstic|Meowsticite\n|-ability|p1a: Meowstic|Pixilate|Trace|[from] ability: Trace|[of] p2b: Gardevoir\n|move|p2a: Talonflame|Upper Hand||[still]\n|-fail|p2a: Talonflame\n|move|p2b: Gardevoir|Hyper Voice|p1b: Umbreon|[spread] p1a,p1b\n|-supereffective|p1b: Umbreon|1\n|-damage|p1a: Meowstic|41/100\n|-damage|p1b: Umbreon|0 fnt\n|faint|p1b: Umbreon\n|move|p1a: Meowstic|Dark Pulse|p2b: Gardevoir\n|-crit|p2b: Gardevoir\n|-damage|p2b: Gardevoir|58/100\n|\n|upkeep\n|\n|t:|1776552053\n|switch|p1b: Talonflame|Talonflame, L50, F|58/100\n|turn|3\n|\n|t:|1776552069\n|move|p2a: Talonflame|Protect|p2a: Talonflame\n|-singleturn|p2a: Talonflame|Protect\n|move|p2b: Gardevoir|Hyper Voice|p1a: Meowstic|[spread] p1a,p1b\n|-resisted|p1b: Talonflame|1\n|-damage|p1a: Meowstic|0 fnt\n|-damage|p1b: Talonflame|21/100\n|faint|p1a: Meowstic\n|move|p1b: Talonflame|Flare Blitz|p2b: Gardevoir\n|-damage|p2b: Gardevoir|0 fnt\n|faint|p2b: Gardevoir\n|-damage|p1b: Talonflame|3/100|[from] Recoil\n|\n|upkeep\n|\n|t:|1776552080\n|switch|p1a: Garchomp|Garchomp, L50, F|100/100\n|switch|p2b: Lucario|Lucario, L50, M|100/100\n|turn|4\n|\n|t:|1776552094\n|move|p2b: Lucario|Extreme Speed|p1b: Talonflame\n|-damage|p1b: Talonflame|0 fnt\n|faint|p1b: Talonflame\n|move|p2a: Talonflame|Flare Blitz|p1a: Garchomp\n|-resisted|p1a: Garchomp|1\n|-damage|p1a: Garchomp|80/100\n|-damage|p2a: Talonflame|24/100|[from] ability: Rough Skin|[of] p1a: Garchomp\n|-damage|p2a: Talonflame|15/100|[from] Recoil\n|move|p1a: Garchomp|Rock Slide|p2b: Lucario|[spread] p2a,p2b\n|-supereffective|p2a: Talonflame|2\n|-resisted|p2b: Lucario|2\n|-damage|p2a: Talonflame|0 fnt\n|-damage|p2b: Lucario|92/100\n|faint|p2a: Talonflame\n|\n|-sideend|p2: nerox47|move: Tailwind\n|upkeep\n|\n|t:|1776552107\n|switch|p2a: Meowscarada|Meowscarada, L50, F|100/100\n|turn|5\n|\n|t:|1776552118\n|move|p2a: Meowscarada|Play Rough|p1a: Garchomp\n|-start|p2a: Meowscarada|typechange|Fairy|[from] ability: Protean\n|-supereffective|p1a: Garchomp|1\n|-damage|p1a: Garchomp|0 fnt\n|-damage|p2a: Meowscarada|88/100|[from] ability: Rough Skin|[of] p1a: Garchomp\n|faint|p1a: Garchomp\n|\n|win|nerox47\n|raw|fekzkkk's rating: 1005 &rarr; <strong>1000</strong><br />(-5 for losing)\n|raw|nerox47's rating: 1041 &rarr; <strong>1071</strong><br />(+30 for winning)\n|l|\u2606fekzkkk\n|player|p1|\n",
  "uploadtime": 1776552128,
  "views": 10,
  "formatid": "gen9championsvgc2026regma",
  "rating": 1000,
  "private": 0,
  "password": null
}