{
  "id": "gen9championsvgc2026regma-2589481781",
  "format": "[Gen 9 Champions] VGC 2026 Reg M-A",
  "players": [
    "ultimathrash",
    "TRod63"
  ],
  "log": "|j|\u2606ultimathrash\n|j|\u2606TRod63\n|html|<table width=\"100%\"><tr><td align=\"left\">ultimathrash</td><td align=\"right\">TRod63</tr><tr><td align=\"left\"><i class=\"fa fa-circle\"></i> <i class=\"fa fa-circle-o\"></i> </td><td align=\"right\"><i class=\"fa fa-circle-o\"></i> <i class=\"fa fa-circle-o\"></i> </tr></table>\n|uhtml|bestof|<h2><strong>Game 2</strong> of <a href=\"/game-bestof3-gen9championsvgc2026regma-2589478797\">a best-of-3</a></h2>\n|t:|1776726902\n|gametype|doubles\n|player|p1|ultimathrash|bede|\n|player|p2|TRod63|169|\n|gen|9\n|tier|[Gen 9 Champions] VGC 2026 Reg M-A\n|rule|Species Clause: Limit one of each Pok\u00e9mon\n|rule|Item Clause: Limit 1 of each item\n|raw|<div class=\"infobox\"><details class=\"readmore\" open><summary><strong>1 custom rule:</strong></summary> Best of = 3</details></div>\n|clearpoke\n|poke|p1|Gengar, L50, M|\n|poke|p1|Sylveon, L50, M|\n|poke|p1|Excadrill, L50, F|\n|poke|p1|Talonflame, L50, M|\n|poke|p1|Samurott-Hisui, L50, F|\n|poke|p1|Weavile, L50, M|\n|poke|p2|Hatterene, L50, F|\n|poke|p2|Snorlax, L50, M|\n|poke|p2|Sinistcha, L50|\n|poke|p2|Dragonite, L50, F|\n|poke|p2|Espathra, L50, M|\n|poke|p2|Rotom-Heat, L50|\n|teampreview|4\nultimathrash rejected open team sheets.\n|j| Circular Qy\n|c|\u2606ultimathrash|hf\n|c|\u2606TRod63|hf\n|j| inakunana\n|\n|t:|1776726950\n|teamsize|p1|4\n|teamsize|p2|4\n|start\n|switch|p1a: Samurott|Samurott-Hisui, L50, F|100/100\n|switch|p1b: Weavile|Weavile, L50, M|100/100\n|switch|p2a: Hatterene|Hatterene, L50, F|100/100\n|switch|p2b: Snorlax|Snorlax, L50, M|100/100\n|-ability|p1b: Weavile|Pressure\n|turn|1\n|inactive|Battle timer is ON: inactive players will automatically lose when time's up. (requested by ultimathrash)\n|\n|t:|1776726980\n|move|p1b: Weavile|Low Kick|p2b: Snorlax\n|-supereffective|p2b: Snorlax|1\n|-damage|p2b: Snorlax|42/100\n|-enditem|p2b: Snorlax|Sitrus Berry|[eat]\n|-heal|p2b: Snorlax|67/100|[from] item: Sitrus Berry\n|move|p1a: Samurott|Sacred Sword|p2b: Snorlax\n|-supereffective|p2b: Snorlax|1\n|-crit|p2b: Snorlax\n|-damage|p2b: Snorlax|0 fnt\n|faint|p2b: Snorlax\n|move|p2a: Hatterene|Trick Room|p2a: Hatterene\n|-fieldstart|move: Trick Room|[of] p2a: Hatterene\n|\n|upkeep\n|\n|t:|1776726990\n|switch|p2b: Rotom|Rotom-Heat, L50|100/100\n|turn|2\n|\n|t:|1776727009\n|move|p2a: Hatterene|Dazzling Gleam|p1b: Weavile|[spread] p1a,p1b\n|-supereffective|p1a: Samurott|1\n|-supereffective|p1b: Weavile|1\n|-damage|p1a: Samurott|29/100\n|-damage|p1b: Weavile|26/100\n|move|p2b: Rotom|Thunderbolt|p1b: Weavile\n|-damage|p1b: Weavile|0 fnt\n|faint|p1b: Weavile\n|move|p1a: Samurott|Razor Shell|p2b: Rotom\n|-supereffective|p2b: Rotom|1\n|-damage|p2b: Rotom|0 fnt\n|faint|p2b: Rotom\n|\n|upkeep\n|l| inakunana\n|j| inakunana\n|\n|t:|1776727023\n|switch|p2b: Sinistcha|Sinistcha, L50|100/100\n|switch|p1b: Gengar|Gengar, L50, M|100/100\n|turn|3\n|\n|t:|1776727032\n|switch|p1a: Excadrill|Excadrill, L50, F|100/100\n|-ability|p1a: Excadrill|Mold Breaker\n|detailschange|p1b: Gengar|Gengar-Mega, L50, M\n|-mega|p1b: Gengar|Gengar|Gengarite\n|move|p2a: Hatterene|Dazzling Gleam|p1a: Excadrill|[spread] p1a,p1b\n|-resisted|p1a: Excadrill|1\n|-resisted|p1b: Gengar|1\n|-damage|p1a: Excadrill|85/100\n|-damage|p1b: Gengar|85/100\n|move|p2b: Sinistcha|Matcha Gotcha|p1b: Gengar|[spread] p1a,p1b\n|-resisted|p1b: Gengar|1\n|-damage|p1a: Excadrill|54/100\n|-damage|p1b: Gengar|69/100\n|move|p1b: Gengar|Sludge Bomb|p2a: Hatterene\n|-supereffective|p2a: Hatterene|1\n|-damage|p2a: Hatterene|10/100\n|\n|upkeep\n|turn|4\n|\n|t:|1776727050\n|move|p1b: Gengar|Protect|p1b: Gengar\n|-singleturn|p1b: Gengar|Protect\n|move|p2a: Hatterene|Dazzling Gleam|p1a: Excadrill|[spread] p1a\n|-activate|p1b: Gengar|move: Protect\n|-resisted|p1a: Excadrill|1\n|-damage|p1a: Excadrill|40/100\n|move|p2b: Sinistcha|Matcha Gotcha|p1b: Gengar|[spread] p1a\n|-activate|p1b: Gengar|move: Protect\n|-damage|p1a: Excadrill|10/100\n|move|p1a: Excadrill|Rock Slide|p2b: Sinistcha|[spread] p2a,p2b\n|-damage|p2a: Hatterene|0 fnt\n|-damage|p2b: Sinistcha|79/100\n|faint|p2a: Hatterene\n|\n|-heal|p2b: Sinistcha|86/100|[from] item: Leftovers\n|upkeep\n|turn|5\n|\n|t:|1776727067\n|move|p1a: Excadrill|Protect|p1a: Excadrill\n|-singleturn|p1a: Excadrill|Protect\n|move|p2b: Sinistcha|Matcha Gotcha|p1b: Gengar|[spread] p1b\n|-activate|p1a: Excadrill|move: Protect\n|-resisted|p1b: Gengar|1\n|-damage|p1b: Gengar|55/100\n|-heal|p2b: Sinistcha|92/100|[from] drain|[of] p1b: Gengar\n|-status|p1b: Gengar|brn\n|move|p1b: Gengar|Sludge Bomb|p2b: Sinistcha\n|-damage|p2b: Sinistcha|39/100\n|\n|-heal|p2b: Sinistcha|45/100|[from] item: Leftovers\n|-damage|p1b: Gengar|50/100 brn|[from] brn\n|-fieldend|move: Trick Room\n|upkeep\n|turn|6\n|\n|t:|1776727082\n|move|p1b: Gengar|Sludge Bomb|p2b: Sinistcha\n|-damage|p2b: Sinistcha|0 fnt\n|faint|p2b: Sinistcha\n|\n|win|ultimathrash\n|c|\u2606ultimathrash|gg\n|c|\u2606TRod63|ggs\n|l|\u2606TRod63\n|player|p2|\n|c|\u2606ultimathrash|my condolences about opportunist spathra\n|l| Circular Qy\n",
  "uploadtime": 1776727100,
  "views": 6,
  "formatid": "gen9championsvgc2026regma",
  "rating": null,
  "private": 0,
  "password": null
}