{
  "id": "gen9championsvgc2026regma-2587181015",
  "format": "[Gen 9 Champions] VGC 2026 Reg M-A",
  "players": [
    "Noobilio",
    "roofslayer"
  ],
  "log": "|j|\u2606Noobilio\n|j|\u2606roofslayer\n|t:|1776505261\n|gametype|doubles\n|player|p1|Noobilio|nurse|1349\n|player|p2|roofslayer|102|1282\n|gen|9\n|tier|[Gen 9 Champions] VGC 2026 Reg M-A\n|rated|\n|rule|Species Clause: Limit one of each Pok\u00e9mon\n|rule|Item Clause: Limit 1 of each item\n|clearpoke\n|poke|p1|Froslass, L50, F|\n|poke|p1|Palafin, L50, M|\n|poke|p1|Kingambit, L50, F|\n|poke|p1|Arcanine-Hisui, L50, M|\n|poke|p1|Sinistcha, L50|\n|poke|p1|Sneasler, L50, M|\n|poke|p2|Pelipper, L50, F|\n|poke|p2|Meganium, L50, M|\n|poke|p2|Archaludon, L50, M|\n|poke|p2|Farigiraf, L50, F|\n|poke|p2|Drampa, L50, F|\n|poke|p2|Incineroar, L50, M|\n|teampreview|4\n|\n|t:|1776505291\n|teamsize|p1|4\n|teamsize|p2|4\n|start\n|switch|p1a: Palafin|Palafin, L50, M|100/100\n|switch|p1b: Sneasler|Sneasler, L50, M|100/100\n|switch|p2a: Farigiraf|Farigiraf, L50, F|100/100\n|switch|p2b: Archaludon|Archaludon, L50, M|100/100\n|turn|1\n|\n|t:|1776505312\n|detailschange|p1a: Palafin|Palafin-Hero, L50, M\n|switch|p1a: Sinistcha|Sinistcha, L50|100/100\n|move|p2b: Archaludon|Protect|p2b: Archaludon\n|-singleturn|p2b: Archaludon|Protect\n|move|p1b: Sneasler|Dire Claw|p2a: Farigiraf\n|-damage|p2a: Farigiraf|67/100\n|-status|p2a: Farigiraf|psn\n|move|p2a: Farigiraf|Twin Beam|p1b: Sneasler\n|-supereffective|p1b: Sneasler|2\n|-damage|p1b: Sneasler|14/100\n|-supereffective|p1b: Sneasler|2\n|-damage|p1b: Sneasler|0 fnt\n|faint|p1b: Sneasler\n|-hitcount|p1: Sneasler|2\n|\n|-damage|p2a: Farigiraf|55/100 psn|[from] psn\n|upkeep\n|\n|t:|1776505325\n|switch|p1b: Palafin|Palafin-Hero, L50, M|100/100\n|-activate|p1b: Palafin|ability: Zero to Hero\n|turn|2\n|\n|t:|1776505338\n|switch|p2a: Pelipper|Pelipper, L50, F|100/100\n|-weather|RainDance|[from] ability: Drizzle|[of] p2a: Pelipper\n|move|p1b: Palafin|Close Combat|p2b: Archaludon\n|-supereffective|p2b: Archaludon|1\n|-crit|p2b: Archaludon\n|-damage|p2b: Archaludon|0 fnt\n|-unboost|p1b: Palafin|def|1\n|-unboost|p1b: Palafin|spd|1\n|faint|p2b: Archaludon\n|move|p1a: Sinistcha|Matcha Gotcha|p2a: Pelipper\n|-damage|p2a: Pelipper|69/100\n|\n|-weather|RainDance|[upkeep]\n|upkeep\n|\n|t:|1776505345\n|switch|p2b: Meganium|Meganium, L50, M|100/100\n|turn|3\n|\n|t:|1776505377\n|detailschange|p2b: Meganium|Meganium-Mega, L50, M\n|-mega|p2b: Meganium|Meganium|Meganiumite\n|move|p1a: Sinistcha|Rage Powder|p1a: Sinistcha\n|-singleturn|p1a: Sinistcha|move: Rage Powder\n|move|p1b: Palafin|Wave Crash|p2b: Meganium\n|-resisted|p2b: Meganium|1\n|-damage|p2b: Meganium|44/100\n|-damage|p1b: Palafin|84/100|[from] Recoil\n|move|p2b: Meganium|Solar Beam||[still]\n|-prepare|p2b: Meganium|Solar Beam\n|-activate|p2b: Meganium|ability: Mega Sol\n|-anim|p2b: Meganium|Solar Beam|p1b: Palafin\n|-supereffective|p1b: Palafin|1\n|-damage|p1b: Palafin|0 fnt\n|faint|p1b: Palafin\n|move|p2a: Pelipper|Hurricane|p1a: Sinistcha\n|-supereffective|p1a: Sinistcha|1\n|-damage|p1a: Sinistcha|33/100\n|-start|p1a: Sinistcha|confusion\n|-enditem|p1a: Sinistcha|Sitrus Berry|[eat]\n|-heal|p1a: Sinistcha|58/100|[from] item: Sitrus Berry\n|\n|-weather|RainDance|[upkeep]\n|upkeep\n|\n|t:|1776505391\n|switch|p1b: Froslass|Froslass, L50, F|100/100\n|turn|4\n|\n|t:|1776505400\n|switch|p2b: Farigiraf|Farigiraf, L50, F|55/100 psn\n|detailschange|p1b: Froslass|Froslass-Mega, L50, F\n|-mega|p1b: Froslass|Froslass|Froslassite\n|-weather|Snowscape|[from] ability: Snow Warning|[of] p1b: Froslass\n|move|p1b: Froslass|Blizzard|p2a: Pelipper|[spread] p2a,p2b\n|-damage|p2a: Pelipper|24/100\n|-damage|p2b: Farigiraf|8/100 psn\n|move|p2a: Pelipper|Tailwind|p2a: Pelipper\n|-sidestart|p2: roofslayer|move: Tailwind\n|-activate|p1a: Sinistcha|confusion\n|move|p1a: Sinistcha|Matcha Gotcha|p2a: Pelipper|[spread] p2a,p2b\n|-damage|p2a: Pelipper|0 fnt\n|-heal|p1a: Sinistcha|69/100|[from] drain|[of] p2a: Pelipper\n|-damage|p2b: Farigiraf|0 fnt\n|-heal|p1a: Sinistcha|74/100|[from] drain|[of] p2b: Farigiraf\n|faint|p2a: Pelipper\n|faint|p2b: Farigiraf\n|\n|-weather|Snowscape|[upkeep]\n|upkeep\n|\n|t:|1776505413\n|switch|p2b: Meganium|Meganium-Mega, L50, M|44/100\n|turn|5\n|\n|t:|1776505418\n|move|p1b: Froslass|Protect|p1b: Froslass\n|-singleturn|p1b: Froslass|Protect\n|move|p2b: Meganium|Weather Ball|p1b: Froslass\n|-activate|p1b: Froslass|move: Protect\n|-activate|p1a: Sinistcha|confusion\n|-damage|p1a: Sinistcha|69/100|[from] confusion\n|\n|-weather|Snowscape|[upkeep]\n|upkeep\n|turn|6\n|\n|t:|1776505443\n|move|p2b: Meganium|Weather Ball|p1b: Froslass\n|-supereffective|p1b: Froslass|1\n|-damage|p1b: Froslass|0 fnt\n|faint|p1b: Froslass\n|-activate|p1a: Sinistcha|confusion\n|move|p1a: Sinistcha|Life Dew|p1a: Sinistcha\n|-heal|p1a: Sinistcha|94/100\n|\n|-weather|Snowscape|[upkeep]\n|upkeep\n|turn|7\n|\n|t:|1776505453\n|move|p2b: Meganium|Weather Ball|p1a: Sinistcha\n|-supereffective|p1a: Sinistcha|1\n|-crit|p1a: Sinistcha\n|-damage|p1a: Sinistcha|0 fnt\n|faint|p1a: Sinistcha\n|\n|win|roofslayer\n|raw|Noobilio's rating: 1349 &rarr; <strong>1325</strong><br />(-24 for losing)\n|raw|roofslayer's rating: 1282 &rarr; <strong>1312</strong><br />(+30 for winning)\n|l|\u2606roofslayer\n|player|p2|\n",
  "uploadtime": 1776505466,
  "views": 24,
  "formatid": "gen9championsvgc2026regma",
  "rating": 1312,
  "private": 0,
  "password": null
}