{
  "id": "gen9championsvgc2026regma-2583816524",
  "format": "[Gen 9 Champions] VGC 2026 Reg M-A",
  "players": [
    "Janniknoa",
    "Kagetsuchi"
  ],
  "log": "|j|\u2606Janniknoa\n|j|\u2606Kagetsuchi\n|t:|1776199947\n|gametype|doubles\n|player|p1|Janniknoa|palmer|1219\n|player|p2|Kagetsuchi|iris|1139\n|gen|9\n|tier|[Gen 9 Champions] VGC 2026 Reg M-A\n|rated|\n|rule|Species Clause: Limit one of each Pok\u00e9mon\n|rule|Item Clause: Limit 1 of each item\n|clearpoke\n|poke|p1|Hawlucha, L50, F|\n|poke|p1|Snorlax, L50, F|\n|poke|p1|Sinistcha-Masterpiece, L50|\n|poke|p1|Tyranitar, L50, F|\n|poke|p1|Excadrill, L50, F|\n|poke|p1|Gengar, L50, F|\n|poke|p2|Lucario, L50, M|\n|poke|p2|Dragonite, L50, M|\n|poke|p2|Empoleon, L50, M|\n|poke|p2|Zoroark-Hisui, L50, M|\n|poke|p2|Hydreigon, L50, M|\n|poke|p2|Whimsicott, L50, M|\n|teampreview|4\n|inactive|Battle timer is ON: inactive players will automatically lose when time's up. (requested by Janniknoa)\n|\n|t:|1776199977\n|teamsize|p1|4\n|teamsize|p2|4\n|start\n|switch|p1a: Hawlucha|Hawlucha, L50, F, shiny|100/100\n|switch|p1b: Snorlax|Snorlax, L50, F, shiny|100/100\n|switch|p2a: Lucario|Lucario, L50, M|100/100\n|switch|p2b: Whimsicott|Whimsicott, L50, M|100/100\n|-ability|p1a: Hawlucha|Mold Breaker\n|turn|1\n|\n|t:|1776200000\n|detailschange|p1a: Hawlucha|Hawlucha-Mega, L50, F, shiny\n|-mega|p1a: Hawlucha|Hawlucha|Hawluchanite\n|move|p2b: Whimsicott|Tailwind|p2b: Whimsicott\n|-sidestart|p2: Kagetsuchi|move: Tailwind\n|move|p2a: Lucario|Close Combat|p1b: Snorlax\n|-supereffective|p1b: Snorlax|1\n|-damage|p1b: Snorlax|0 fnt\n|-unboost|p2a: Lucario|def|1\n|-unboost|p2a: Lucario|spd|1\n|faint|p1b: Snorlax\n|move|p1a: Hawlucha|Entrainment|p1: Snorlax|[notarget]\n|-fail|p1a: Hawlucha\n|\n|upkeep\n|\n|t:|1776200017\n|switch|p1b: Sinistcha|Sinistcha-Masterpiece, L50|100/100\n|turn|2\n|\n|t:|1776200028\n|switch|p1a: Tyranitar|Tyranitar, L50, F, shiny|100/100\n|-weather|Sandstorm|[from] ability: Sand Stream|[of] p1a: Tyranitar\n|move|p2b: Whimsicott|Beat Up|p2a: Lucario\n|-resisted|p2a: Lucario|1\n|-crit|p2a: Lucario\n|-damage|p2a: Lucario|96/100\n|-ability|p2a: Lucario|Justified|boost\n|-boost|p2a: Lucario|atk|1\n|-resisted|p2a: Lucario|1\n|-damage|p2a: Lucario|94/100\n|-ability|p2a: Lucario|Justified|boost\n|-boost|p2a: Lucario|atk|1\n|-resisted|p2a: Lucario|1\n|-damage|p2a: Lucario|91/100\n|-ability|p2a: Lucario|Justified|boost\n|-boost|p2a: Lucario|atk|1\n|-resisted|p2a: Lucario|1\n|-damage|p2a: Lucario|88/100\n|-ability|p2a: Lucario|Justified|boost\n|-boost|p2a: Lucario|atk|1\n|-hitcount|p2a: Lucario|4\n|move|p2a: Lucario|Stone Edge|p1a: Tyranitar\n|-damage|p1a: Tyranitar|20/100\n|move|p1b: Sinistcha|Trick Room|p1b: Sinistcha\n|-fieldstart|move: Trick Room|[of] p1b: Sinistcha\n|\n|-weather|Sandstorm|[upkeep]\n|-damage|p1b: Sinistcha|94/100|[from] Sandstorm\n|-damage|p2b: Whimsicott|95/100|[from] Sandstorm\n|upkeep\n|turn|3\n|inactive|Janniknoa has 30 seconds left.\n|inactive|Kagetsuchi has 30 seconds left.\n|inactive|Janniknoa has 20 seconds left.\n|inactive|Kagetsuchi has 20 seconds left.\n|\n|t:|1776200072\n|switch|p1b: Hawlucha|Hawlucha-Mega, L50, F, shiny|100/100\n|detailschange|p2a: Lucario|Lucario-Mega, L50, M\n|-mega|p2a: Lucario|Lucario|Lucarionite\n|move|p2a: Lucario|Bullet Punch|p1b: Hawlucha\n|-damage|p1b: Hawlucha|19/100\n|move|p1a: Tyranitar|Rock Slide|p2a: Lucario|[spread] p2b\n|-miss|p1a: Tyranitar|p2a: Lucario\n|-damage|p2b: Whimsicott|55/100\n|cant|p2b: Whimsicott|flinch\n|\n|-weather|Sandstorm|[upkeep]\n|-damage|p1b: Hawlucha|13/100|[from] Sandstorm\n|-damage|p2b: Whimsicott|49/100|[from] Sandstorm\n|upkeep\n|turn|4\n|\n|t:|1776200091\n|move|p2a: Lucario|Bullet Punch|p1b: Hawlucha\n|-damage|p1b: Hawlucha|0 fnt\n|faint|p1b: Hawlucha\n|move|p1a: Tyranitar|Rock Slide|p2a: Lucario|[spread] p2b\n|-miss|p1a: Tyranitar|p2a: Lucario\n|-damage|p2b: Whimsicott|9/100\n|move|p2b: Whimsicott|Dazzling Gleam|p1a: Tyranitar\n|-supereffective|p1a: Tyranitar|1\n|-damage|p1a: Tyranitar|0 fnt\n|faint|p1a: Tyranitar\n|\n|-weather|Sandstorm|[upkeep]\n|-damage|p2b: Whimsicott|3/100|[from] Sandstorm\n|-sideend|p2: Kagetsuchi|move: Tailwind\n|upkeep\n|\n|t:|1776200099\n|switch|p1b: Sinistcha|Sinistcha-Masterpiece, L50|94/100\n|turn|5\n|\n|t:|1776200111\n|move|p2a: Lucario|Bullet Punch|p1b: Sinistcha\n|-damage|p1b: Sinistcha|6/100\n|-enditem|p1b: Sinistcha|Sitrus Berry|[eat]\n|-heal|p1b: Sinistcha|31/100|[from] item: Sitrus Berry\n|move|p1b: Sinistcha|Matcha Gotcha|p2a: Lucario|[spread] p2a,p2b\n|-resisted|p2a: Lucario|1\n|-resisted|p2b: Whimsicott|1\n|-damage|p2a: Lucario|54/100\n|-heal|p1b: Sinistcha|46/100|[from] drain|[of] p2a: Lucario\n|-damage|p2b: Whimsicott|0 fnt\n|-heal|p1b: Sinistcha|47/100|[from] drain|[of] p2b: Whimsicott\n|faint|p2b: Whimsicott\n|\n|-weather|Sandstorm|[upkeep]\n|-damage|p1b: Sinistcha|41/100|[from] Sandstorm\n|upkeep\n|\n|t:|1776200121\n|switch|p2b: Empoleon|Empoleon, L50, M|100/100\n|turn|6\n|\n|t:|1776200125\n|move|p2a: Lucario|Bullet Punch|p1b: Sinistcha\n|-damage|p1b: Sinistcha|0 fnt\n|faint|p1b: Sinistcha\n|\n|win|Kagetsuchi\n|raw|Janniknoa's rating: 1219 &rarr; <strong>1188</strong><br />(-31 for losing)\n|raw|Kagetsuchi's rating: 1139 &rarr; <strong>1170</strong><br />(+31 for winning)\n|l|\u2606Janniknoa\n|player|p1|\n",
  "uploadtime": 1776200131,
  "views": 17,
  "formatid": "gen9championsvgc2026regma",
  "rating": 1170,
  "private": 0,
  "password": null
}