{
  "id": "gen9championsvgc2026regma-2588011072",
  "format": "[Gen 9 Champions] VGC 2026 Reg M-A",
  "players": [
    "MightyPeas",
    "Scaramouche_UwU6"
  ],
  "log": "|j|\u2606MightyPeas\n|j|\u2606Scaramouche_UwU6\n|t:|1776592598\n|gametype|doubles\n|player|p1|MightyPeas|artist-gen4|1092\n|player|p2|Scaramouche_UwU6|zinzolin|1192\n|gen|9\n|tier|[Gen 9 Champions] VGC 2026 Reg M-A\n|rated|\n|rule|Species Clause: Limit one of each Pok\u00e9mon\n|rule|Item Clause: Limit 1 of each item\n|clearpoke\n|poke|p1|Hydrapple, L50, F|\n|poke|p1|Crabominable, L50, M|\n|poke|p1|Oranguru, L50, F|\n|poke|p1|Sneasler, L50, M|\n|poke|p1|Kingambit, L50, F|\n|poke|p1|Torkoal, L50, M|\n|poke|p2|Starmie, L50, shiny|\n|poke|p2|Hydreigon, L50, M, shiny|\n|poke|p2|Aegislash, L50, M|\n|poke|p2|Ninetales-Alola, L50, F|\n|poke|p2|Sneasler, L50, M|\n|poke|p2|Maushold, L50|\n|teampreview|4\n|\n|t:|1776592631\n|teamsize|p1|4\n|teamsize|p2|4\n|start\n|switch|p1a: Oranguru|Oranguru, L50, F|100/100\n|switch|p1b: Crabominable|Crabominable, L50, M|100/100\n|switch|p2a: Starmie|Starmie, L50, shiny|100/100\n|switch|p2b: Maushold|Maushold, L50|100/100\n|turn|1\n|inactive|Battle timer is ON: inactive players will automatically lose when time's up. (requested by Scaramouche_UwU6)\n|\n|t:|1776592639\n|detailschange|p2a: Starmie|Starmie-Mega, L50, shiny\n|-mega|p2a: Starmie|Starmie|Starminite\n|move|p1b: Crabominable|Protect|p1b: Crabominable\n|-singleturn|p1b: Crabominable|Protect\n|move|p2b: Maushold|Super Fang|p1a: Oranguru\n|-damage|p1a: Oranguru|51/100\n|move|p2a: Starmie|Liquidation|p1a: Oranguru\n|-damage|p1a: Oranguru|0 fnt\n|faint|p1a: Oranguru\n|\n|upkeep\n|\n|t:|1776592653\n|switch|p1a: Torkoal|Torkoal, L50, M|100/100\n|-weather|SunnyDay|[from] ability: Drought|[of] p1a: Torkoal\n|turn|2\n|\n|t:|1776592665\n|detailschange|p1b: Crabominable|Crabominable-Mega, L50, M\n|-mega|p1b: Crabominable|Crabominable|Crabominite\n|move|p2b: Maushold|Super Fang|p1a: Torkoal\n|-damage|p1a: Torkoal|51/100\n|move|p2a: Starmie|Psycho Cut|p1b: Crabominable\n|-supereffective|p1b: Crabominable|1\n|-damage|p1b: Crabominable|2/100\n|move|p1b: Crabominable|Drain Punch|p2b: Maushold\n|-supereffective|p2b: Maushold|1\n|-enditem|p2b: Maushold|Chople Berry|[eat]\n|-enditem|p2b: Maushold|Chople Berry|[weaken]\n|-damage|p2b: Maushold|25/100\n|-heal|p1b: Crabominable|36/100|[from] drain|[of] p2b: Maushold\n|move|p1a: Torkoal|Eruption|p2b: Maushold|[spread] p2a,p2b\n|-resisted|p2a: Starmie|1\n|-damage|p2a: Starmie|83/100\n|-damage|p2b: Maushold|0 fnt\n|faint|p2b: Maushold\n|\n|-weather|SunnyDay|[upkeep]\n|upkeep\n|\n|t:|1776592673\n|switch|p2b: Gemma|Ninetales-Alola, L50, F|100/100\n|-weather|Snowscape|[from] ability: Snow Warning|[of] p2b: Gemma\n|turn|3\n|\n|t:|1776592692\n|move|p1b: Crabominable|Protect|p1b: Crabominable\n|-singleturn|p1b: Crabominable|Protect\n|move|p2b: Gemma|Moonblast|p1b: Crabominable\n|-activate|p1b: Crabominable|move: Protect\n|move|p2a: Starmie|Liquidation|p1a: Torkoal\n|-supereffective|p1a: Torkoal|1\n|-damage|p1a: Torkoal|0 fnt\n|faint|p1a: Torkoal\n|\n|-weather|Snowscape|[upkeep]\n|upkeep\n|\n|t:|1776592700\n|switch|p1a: Kingambit|Kingambit, L50, F|100/100\n|turn|4\n|\n|t:|1776592709\n|move|p2a: Starmie|Protect|p2a: Starmie\n|-singleturn|p2a: Starmie|Protect\n|move|p1a: Kingambit|Sucker Punch||[still]\n|-fail|p1a: Kingambit\n|move|p2b: Gemma|Aurora Veil|p2b: Gemma\n|-sidestart|p2: Scaramouche_UwU6|move: Aurora Veil\n|move|p1b: Crabominable|Drain Punch|p2a: Starmie\n|-activate|p2a: Starmie|move: Protect\n|\n|-weather|Snowscape|[upkeep]\n|upkeep\n|turn|5\n|\n|t:|1776592721\n|move|p1a: Kingambit|Sucker Punch|p2a: Starmie\n|-supereffective|p2a: Starmie|1\n|-damage|p2a: Starmie|14/100\n|move|p2b: Gemma|Moonblast|p1b: Crabominable\n|-supereffective|p1b: Crabominable|1\n|-damage|p1b: Crabominable|0 fnt\n|faint|p1b: Crabominable\n|move|p2a: Starmie|Liquidation|p1a: Kingambit\n|-damage|p1a: Kingambit|41/100\n|\n|-weather|Snowscape|[upkeep]\n|upkeep\n|turn|6\n|\n|t:|1776592732\n|move|p1a: Kingambit|Sucker Punch|p2a: Starmie\n|-supereffective|p2a: Starmie|1\n|-damage|p2a: Starmie|0 fnt\n|faint|p2a: Starmie\n|move|p2b: Gemma|Moonblast|p1a: Kingambit\n|-damage|p1a: Kingambit|2/100\n|\n|-weather|Snowscape|[upkeep]\n|upkeep\n|\n|t:|1776592734\n|switch|p2a: Hydreigon|Hydreigon, L50, M, shiny|100/100\n|turn|7\n|-message|MightyPeas forfeited.\n|\n|win|Scaramouche_UwU6\n|raw|MightyPeas's rating: 1092 &rarr; <strong>1075</strong><br />(-17 for losing)\n|raw|Scaramouche_UwU6's rating: 1192 &rarr; <strong>1210</strong><br />(+18 for winning)\n|l|\u2606MightyPeas\n|player|p1|\n",
  "uploadtime": 1776592763,
  "views": 11,
  "formatid": "gen9championsvgc2026regma",
  "rating": 1075,
  "private": 0,
  "password": null
}