{
  "id": "gen9championsvgc2026regma-2585813985",
  "format": "[Gen 9 Champions] VGC 2026 Reg M-A",
  "players": [
    "isovor",
    "NathanaelW19"
  ],
  "log": "|j|\u2606isovor\n|j|\u2606NathanaelW19\n|t:|1776372565\n|gametype|doubles\n|player|p1|isovor|102|1112\n|player|p2|NathanaelW19|dragontamer|1206\n|gen|9\n|tier|[Gen 9 Champions] VGC 2026 Reg M-A\n|rated|\n|rule|Species Clause: Limit one of each Pok\u00e9mon\n|rule|Item Clause: Limit 1 of each item\n|clearpoke\n|poke|p1|Blastoise, L50, F|\n|poke|p1|Farigiraf, L50, F|\n|poke|p1|Pelipper, L50, M|\n|poke|p1|Sinistcha-Masterpiece, L50|\n|poke|p1|Gengar, L50, F|\n|poke|p1|Aerodactyl, L50, F|\n|poke|p2|Glalie, L50, F|\n|poke|p2|Whimsicott, L50, F|\n|poke|p2|Kingambit, L50, M|\n|poke|p2|Hydreigon, L50, F|\n|poke|p2|Basculegion, L50, M|\n|poke|p2|Farigiraf, L50, F|\n|teampreview|4\n|inactive|Battle timer is ON: inactive players will automatically lose when time's up. (requested by NathanaelW19)\n|\n|t:|1776372580\n|teamsize|p1|4\n|teamsize|p2|4\n|start\n|switch|p1a: Blastoise|Blastoise, L50, F|100/100\n|switch|p1b: Farigiraf|Farigiraf, L50, F|100/100\n|switch|p2a: Bom|Glalie, L50, F, shiny|100/100\n|switch|p2b: Picker|Whimsicott, L50, F, shiny|100/100\n|turn|1\n|inactive|isovor has 30 seconds left.\n|inactive|isovor has 20 seconds left.\n|inactive|isovor has 15 seconds left.\n|inactive|isovor has 10 seconds left.\n|inactive|isovor has 5 seconds left.\n|\n|t:|1776372631\n|switch|p2b: MYNAMEISOZYMANDIAS|Kingambit, L50, M|100/100\n|move|p1a: Blastoise|Protect|p1a: Blastoise\n|-singleturn|p1a: Blastoise|Protect\n|move|p2a: Bom|Freeze-Dry|p1a: Blastoise\n|-activate|p1a: Blastoise|move: Protect\n|move|p1b: Farigiraf|Trick Room|p1b: Farigiraf\n|-fieldstart|move: Trick Room|[of] p1b: Farigiraf\n|\n|upkeep\n|turn|2\n|inactive|isovor has 30 seconds left.\n|\n|t:|1776372660\n|switch|p1a: Pelipper|Pelipper, L50, M|100/100\n|-weather|RainDance|[from] ability: Drizzle|[of] p1a: Pelipper\n|switch|p2a: Adrian|Hydreigon, L50, F|100/100\n|move|p1b: Farigiraf|Psychic|p2a: Adrian\n|-immune|p2a: Adrian\n|move|p2b: MYNAMEISOZYMANDIAS|Kowtow Cleave|p1a: Pelipper\n|-damage|p1a: Pelipper|52/100\n|\n|-weather|RainDance|[upkeep]\n|upkeep\n|turn|3\n|\n|t:|1776372679\n|switch|p1b: Blastoise|Blastoise, L50, F|100/100\n|move|p1a: Pelipper|Protect|p1a: Pelipper\n|-singleturn|p1a: Pelipper|Protect\n|move|p2b: MYNAMEISOZYMANDIAS|Kowtow Cleave|p1a: Pelipper\n|-activate|p1a: Pelipper|move: Protect\n|move|p2a: Adrian|Dark Pulse|p1a: Pelipper\n|-activate|p1a: Pelipper|move: Protect\n|\n|-weather|RainDance|[upkeep]\n|upkeep\n|turn|4\n|\n|t:|1776372695\n|move|p1b: Blastoise|Fake Out|p2b: MYNAMEISOZYMANDIAS\n|-resisted|p2b: MYNAMEISOZYMANDIAS|1\n|-damage|p2b: MYNAMEISOZYMANDIAS|97/100\n|cant|p2b: MYNAMEISOZYMANDIAS|flinch\n|move|p1a: Pelipper|Weather Ball|p2b: MYNAMEISOZYMANDIAS\n|-damage|p2b: MYNAMEISOZYMANDIAS|41/100\n|move|p2a: Adrian|Dark Pulse|p1a: Pelipper\n|-damage|p1a: Pelipper|0 fnt\n|faint|p1a: Pelipper\n|\n|-weather|RainDance|[upkeep]\n|upkeep\n|\n|t:|1776372709\n|switch|p1a: Sinistcha|Sinistcha-Masterpiece, L50|100/100\n|turn|5\n|\n|t:|1776372717\n|switch|p1a: Farigiraf|Farigiraf, L50, F|100/100\n|detailschange|p1b: Blastoise|Blastoise-Mega, L50, F\n|-mega|p1b: Blastoise|Blastoise|Blastoisinite\n|move|p2b: MYNAMEISOZYMANDIAS|Kowtow Cleave|p1a: Farigiraf\n|-supereffective|p1a: Farigiraf|1\n|-damage|p1a: Farigiraf|0 fnt\n|faint|p1a: Farigiraf\n|move|p1b: Blastoise|Water Spout|p2b: MYNAMEISOZYMANDIAS|[spread] p2a,p2b\n|-resisted|p2a: Adrian|1\n|-damage|p2a: Adrian|44/100\n|-damage|p2b: MYNAMEISOZYMANDIAS|0 fnt\n|faint|p2b: MYNAMEISOZYMANDIAS\n|move|p2a: Adrian|Dark Pulse|p1b: Blastoise\n|-damage|p1b: Blastoise|59/100\n|\n|-weather|RainDance|[upkeep]\n|-fieldend|move: Trick Room\n|upkeep\n|\n|t:|1776372730\n|switch|p2b: Bom|Glalie, L50, F, shiny|100/100\n|switch|p1a: Sinistcha|Sinistcha-Masterpiece, L50|100/100\n|-heal|p1b: Blastoise|84/100|[from] ability: Hospitality|[of] p1a: Sinistcha\n|turn|6\n|\n|t:|1776372734\n|detailschange|p2b: Bom|Glalie-Mega, L50, F, shiny\n|-mega|p2b: Bom|Glalie|Glalitite\n|move|p2a: Adrian|Protect|p2a: Adrian\n|-singleturn|p2a: Adrian|Protect\n|move|p1a: Sinistcha|Rage Powder|p1a: Sinistcha\n|-singleturn|p1a: Sinistcha|move: Rage Powder\n|move|p2b: Bom|Explosion|p1b: Blastoise|[spread] p1a,p1b\n|-activate|p2a: Adrian|move: Protect\n|-supereffective|p1a: Sinistcha|1\n|-resisted|p1b: Blastoise|1\n|-damage|p1a: Sinistcha|0 fnt\n|-damage|p1b: Blastoise|37/100\n|faint|p2b: Bom\n|faint|p1a: Sinistcha\n|move|p1b: Blastoise|Shell Smash|p1b: Blastoise\n|-unboost|p1b: Blastoise|def|1\n|-unboost|p1b: Blastoise|spd|1\n|-boost|p1b: Blastoise|atk|2\n|-boost|p1b: Blastoise|spa|2\n|-boost|p1b: Blastoise|spe|2\n|\n|-weather|none\n|upkeep\n|\n|t:|1776372746\n|switch|p2b: Picker|Whimsicott, L50, F, shiny|100/100\n|turn|7\n|\n|t:|1776372749\n|move|p2b: Picker|Tailwind|p2b: Picker\n|-sidestart|p2: NathanaelW19|move: Tailwind\n|move|p2a: Adrian|Dark Pulse|p1b: Blastoise\n|-damage|p1b: Blastoise|0 fnt\n|faint|p1b: Blastoise\n|\n|win|NathanaelW19\n|raw|isovor's rating: 1112 &rarr; <strong>1094</strong><br />(-18 for losing)\n|raw|NathanaelW19's rating: 1206 &rarr; <strong>1224</strong><br />(+18 for winning)\n|l|\u2606isovor\n|player|p1|\n",
  "uploadtime": 1776372757,
  "views": 14,
  "formatid": "gen9championsvgc2026regma",
  "rating": 1094,
  "private": 0,
  "password": null
}