{
  "id": "gen9championsvgc2026regma-2586801248",
  "format": "[Gen 9 Champions] VGC 2026 Reg M-A",
  "players": [
    "Mithozz",
    "IFDCOACH"
  ],
  "log": "|j|\u2606Mithozz\n|j|\u2606IFDCOACH\n|t:|1776461002\n|gametype|doubles\n|player|p1|Mithozz|hilbert|1131\n|player|p2|IFDCOACH|worker|1051\n|gen|9\n|tier|[Gen 9 Champions] VGC 2026 Reg M-A\n|rated|\n|rule|Species Clause: Limit one of each Pok\u00e9mon\n|rule|Item Clause: Limit 1 of each item\n|clearpoke\n|poke|p1|Meowstic, L50, M|\n|poke|p1|Venusaur, L50, F|\n|poke|p1|Torkoal, L50, M|\n|poke|p1|Milotic, L50, F|\n|poke|p1|Charizard, L50, M|\n|poke|p1|Typhlosion, L50, F|\n|poke|p2|Chesnaught, L50, F|\n|poke|p2|Pelipper, L50, M|\n|poke|p2|Basculegion, L50, M|\n|poke|p2|Crabominable, L50, F|\n|poke|p2|Slowking, L50, F|\n|poke|p2|Sneasler, L50, F|\n|teampreview|4\n|inactive|Battle timer is ON: inactive players will automatically lose when time's up. (requested by Mithozz)\n|inactive|IFDCOACH has 60 seconds left.\n|\n|t:|1776461045\n|teamsize|p1|4\n|teamsize|p2|4\n|start\n|switch|p1a: Charizard|Charizard, L50, M, shiny|100/100\n|switch|p1b: Typhlosion|Typhlosion, L50, F|100/100\n|switch|p2a: Slowking|Slowking, L50, F|100/100\n|switch|p2b: Sneasler|Sneasler, L50, F|100/100\n|turn|1\n|\n|t:|1776461062\n|detailschange|p1a: Charizard|Charizard-Mega-Y, L50, M, shiny\n|-mega|p1a: Charizard|Charizard|Charizardite Y\n|-weather|SunnyDay|[from] ability: Drought|[of] p1a: Charizard\n|move|p2b: Sneasler|Fake Out|p1b: Typhlosion\n|-damage|p1b: Typhlosion|80/100\n|cant|p1b: Typhlosion|flinch\n|move|p1a: Charizard|Solar Beam||[still]\n|-prepare|p1a: Charizard|Solar Beam\n|-anim|p1a: Charizard|Solar Beam|p2a: Slowking\n|-supereffective|p2a: Slowking|1\n|-crit|p2a: Slowking\n|-damage|p2a: Slowking|12/100\n|move|p2a: Slowking|Trick Room|p2a: Slowking\n|-fieldstart|move: Trick Room|[of] p2a: Slowking\n|\n|-weather|SunnyDay|[upkeep]\n|upkeep\n|turn|2\n|inactive|IFDCOACH has 30 seconds left.\n|\n|t:|1776461089\n|move|p2a: Slowking|Yawn|p1a: Charizard\n|-start|p1a: Charizard|move: Yawn|[of] p2a: Slowking\n|move|p1a: Charizard|Weather Ball|p2b: Sneasler\n|-enditem|p2b: Sneasler|Focus Sash\n|-damage|p2b: Sneasler|1/100\n|move|p1b: Typhlosion|Eruption|p2b: Sneasler|[spread] p2a,p2b\n|-resisted|p2a: Slowking|1\n|-damage|p2a: Slowking|0 fnt\n|-damage|p2b: Sneasler|0 fnt\n|faint|p2a: Slowking\n|faint|p2b: Sneasler\n|\n|-weather|SunnyDay|[upkeep]\n|upkeep\n|\n|t:|1776461098\n|switch|p2a: Pelipper|Pelipper, L50, M|100/100\n|switch|p2b: Basculegion|Basculegion, L50, M|100/100\n|-weather|RainDance|[from] ability: Drizzle|[of] p2a: Pelipper\n|turn|3\n|\n|t:|1776461113\n|switch|p1a: Torkoal|Torkoal, L50, M|100/100\n|-weather|SunnyDay|[from] ability: Drought|[of] p1a: Torkoal\n|move|p2a: Pelipper|Hurricane|p1b: Typhlosion\n|-damage|p1b: Typhlosion|22/100\n|-start|p1b: Typhlosion|confusion\n|move|p2b: Basculegion|Liquidation|p1a: Torkoal\n|-supereffective|p1a: Torkoal|1\n|-damage|p1a: Torkoal|67/100\n|-activate|p1b: Typhlosion|confusion\n|move|p1b: Typhlosion|Eruption|p2b: Basculegion|[spread] p2a,p2b\n|-resisted|p2a: Pelipper|1\n|-resisted|p2b: Basculegion|1\n|-damage|p2a: Pelipper|89/100\n|-damage|p2b: Basculegion|91/100\n|\n|-weather|SunnyDay|[upkeep]\n|upkeep\n|turn|4\n|inactive|Mithozz has 30 seconds left.\n|\n|t:|1776461146\n|move|p2a: Pelipper|Wide Guard|p2a: Pelipper\n|-singleturn|p2a: Pelipper|Wide Guard\n|move|p1a: Torkoal|Eruption|p2b: Basculegion|[spread] \n|-activate|p2a: Pelipper|move: Wide Guard\n|-activate|p2b: Basculegion|move: Wide Guard\n|move|p2b: Basculegion|Liquidation|p1a: Torkoal\n|-supereffective|p1a: Torkoal|1\n|-damage|p1a: Torkoal|32/100\n|-activate|p1b: Typhlosion|confusion\n|move|p1b: Typhlosion|Eruption|p2b: Basculegion|[spread] \n|-activate|p2a: Pelipper|move: Wide Guard\n|-activate|p2b: Basculegion|move: Wide Guard\n|\n|-weather|SunnyDay|[upkeep]\n|upkeep\n|turn|5\n|inactive|Mithozz has 30 seconds left.\n|-activate|p1a: Torkoal|item: Quick Claw\n|\n|t:|1776461176\n|switch|p1b: Venusaur|Venusaur, L50, F, shiny|100/100\n|move|p2b: Basculegion|Protect|p2b: Basculegion\n|-singleturn|p2b: Basculegion|Protect\n|move|p1a: Torkoal|Overheat|p2a: Pelipper\n|-resisted|p2a: Pelipper|1\n|-damage|p2a: Pelipper|36/100\n|-unboost|p1a: Torkoal|spa|2\n|-enditem|p2a: Pelipper|Sitrus Berry|[eat]\n|-heal|p2a: Pelipper|61/100|[from] item: Sitrus Berry\n|move|p2a: Pelipper|Tailwind|p2a: Pelipper\n|-sidestart|p2: IFDCOACH|move: Tailwind\n|\n|-weather|SunnyDay|[upkeep]\n|-fieldend|move: Trick Room\n|upkeep\n|turn|6\n|inactive|Mithozz has 30 seconds left.\n|inactive|IFDCOACH has 30 seconds left.\n|\n|t:|1776461204\n|move|p1a: Torkoal|Helping Hand|p1b: Venusaur\n|-singleturn|p1b: Venusaur|Helping Hand|[of] p1a: Torkoal\n|move|p2b: Basculegion|Last Respects|p1b: Venusaur\n|-damage|p1b: Venusaur|22/100\n|move|p1b: Venusaur|Giga Drain|p2b: Basculegion\n|-supereffective|p2b: Basculegion|1\n|-damage|p2b: Basculegion|6/100\n|-heal|p1b: Venusaur|75/100|[from] drain|[of] p2b: Basculegion\n|move|p2a: Pelipper|Hurricane|p1b: Venusaur|[miss]\n|-miss|p2a: Pelipper|p1b: Venusaur\n|\n|-weather|SunnyDay|[upkeep]\n|upkeep\n|turn|7\n|inactive|Mithozz has 30 seconds left.\n|inactive|Mithozz has 20 seconds left.\n|\n|t:|1776461242\n|move|p1a: Torkoal|Helping Hand|p1b: Venusaur\n|-singleturn|p1b: Venusaur|Helping Hand|[of] p1a: Torkoal\n|move|p2b: Basculegion|Protect|p2b: Basculegion\n|-singleturn|p2b: Basculegion|Protect\n|move|p1b: Venusaur|Giga Drain|p2a: Pelipper\n|-damage|p2a: Pelipper|12/100\n|-heal|p1b: Venusaur|100/100|[from] drain|[of] p2a: Pelipper\n|move|p2a: Pelipper|Hurricane|p1b: Venusaur|[miss]\n|-miss|p2a: Pelipper|p1b: Venusaur\n|\n|-weather|none\n|upkeep\n|turn|8\n|inactive|Mithozz has 30 seconds left.\n|\n|t:|1776461273\n|move|p2b: Basculegion|Last Respects|p1b: Venusaur\n|-damage|p1b: Venusaur|27/100\n|move|p2a: Pelipper|Hurricane|p1b: Venusaur\n|-supereffective|p1b: Venusaur|1\n|-damage|p1b: Venusaur|0 fnt\n|faint|p1b: Venusaur\n|move|p1a: Torkoal|Overheat|p2b: Basculegion\n|-resisted|p2b: Basculegion|1\n|-crit|p2b: Basculegion\n|-damage|p2b: Basculegion|0 fnt\n|-unboost|p1a: Torkoal|spa|2\n|faint|p2b: Basculegion\n|\n|-sideend|p2: IFDCOACH|move: Tailwind\n|upkeep\n|\n|t:|1776461281\n|switch|p1b: Charizard|Charizard-Mega-Y, L50, M, shiny|100/100\n|-weather|SunnyDay|[from] ability: Drought|[of] p1b: Charizard\n|turn|9\n|-message|IFDCOACH forfeited.\n|\n|win|Mithozz\n|raw|Mithozz's rating: 1131 &rarr; <strong>1150</strong><br />(+19 for winning)\n|raw|IFDCOACH's rating: 1051 &rarr; <strong>1037</strong><br />(-14 for losing)\n|l|\u2606IFDCOACH\n|player|p2|\n",
  "uploadtime": 1776461289,
  "views": 22,
  "formatid": "gen9championsvgc2026regma",
  "rating": 1037,
  "private": 0,
  "password": null
}