{
  "id": "gen9championsvgc2026regma-2584591648",
  "format": "[Gen 9 Champions] VGC 2026 Reg M-A",
  "players": [
    "KennarDH",
    "holadola"
  ],
  "log": "|j|\u2606KennarDH\n|j|\u2606holadola\n|t:|1776270786\n|gametype|doubles\n|player|p1|KennarDH|rocketgruntf|1129\n|player|p2|holadola|2|1086\n|gen|9\n|tier|[Gen 9 Champions] VGC 2026 Reg M-A\n|rated|\n|rule|Species Clause: Limit one of each Pok\u00e9mon\n|rule|Item Clause: Limit 1 of each item\n|clearpoke\n|poke|p1|Charizard, L50, F|\n|poke|p1|Milotic, L50, F|\n|poke|p1|Maushold-Four, L50|\n|poke|p1|Hawlucha, L50, M|\n|poke|p1|Vanilluxe, L50, M|\n|poke|p1|Hydrapple, L50, M|\n|poke|p2|Aggron, L50, F|\n|poke|p2|Sneasler, L50, M|\n|poke|p2|Sinistcha-Masterpiece, L50|\n|poke|p2|Farigiraf, L50, F|\n|poke|p2|Incineroar, L50, F|\n|poke|p2|Pelipper, L50, M|\n|teampreview|4\n|inactive|Battle timer is ON: inactive players will automatically lose when time's up. (requested by holadola)\n|\n|t:|1776270839\n|teamsize|p1|4\n|teamsize|p2|4\n|start\n|switch|p1a: Charizard|Charizard, L50, F|100/100\n|switch|p1b: Vanilluxe|Vanilluxe, L50, M|100/100\n|switch|p2a: Aggron|Aggron, L50, F|100/100\n|switch|p2b: Sneasler|Sneasler, L50, M|100/100\n|-weather|Snowscape|[from] ability: Snow Warning|[of] p1b: Vanilluxe\n|turn|1\n|\n|t:|1776270864\n|move|p1a: Charizard|Protect|p1a: Charizard\n|-singleturn|p1a: Charizard|Protect\n|move|p2b: Sneasler|Feint|p1a: Charizard\n|-activate|p1a: Charizard|move: Feint\n|-damage|p1a: Charizard|87/100\n|move|p1b: Vanilluxe|Blizzard|p2b: Sneasler|[spread] p2a,p2b\n|-resisted|p2a: Aggron|1\n|-damage|p2a: Aggron|78/100\n|-damage|p2b: Sneasler|62/100\n|-status|p2a: Aggron|frz\n|cant|p2a: Aggron|frz\n|\n|-weather|Snowscape|[upkeep]\n|upkeep\n|turn|2\n|\n|t:|1776270887\n|detailschange|p1a: Charizard|Charizard-Mega-X, L50, F\n|-mega|p1a: Charizard|Charizard|Charizardite X\n|-curestatus|p2a: Aggron|frz|[msg]\n|move|p2a: Aggron|Protect|p2a: Aggron\n|-singleturn|p2a: Aggron|Protect\n|move|p2b: Sneasler|Close Combat|p1b: Vanilluxe\n|-supereffective|p1b: Vanilluxe|1\n|-damage|p1b: Vanilluxe|9/100\n|-unboost|p2b: Sneasler|def|1\n|-unboost|p2b: Sneasler|spd|1\n|move|p1b: Vanilluxe|Blizzard|p2a: Aggron|[spread] p2b\n|-activate|p2a: Aggron|move: Protect\n|-damage|p2b: Sneasler|0 fnt\n|faint|p2b: Sneasler\n|move|p1a: Charizard|Dragon Dance|p1a: Charizard\n|-boost|p1a: Charizard|atk|1\n|-boost|p1a: Charizard|spe|1\n|\n|-weather|Snowscape|[upkeep]\n|upkeep\n|inactive|holadola has 30 seconds left.\n|\n|t:|1776270913\n|switch|p2b: Sinistcha|Sinistcha-Masterpiece, L50|100/100\n|-heal|p2a: Aggron|100/100|[from] ability: Hospitality|[of] p2b: Sinistcha\n|turn|3\n|\n|t:|1776270921\n|switch|p2b: Pelipper|Pelipper, L50, M|100/100\n|-weather|RainDance|[from] ability: Drizzle|[of] p2b: Pelipper\n|detailschange|p2a: Aggron|Aggron-Mega, L50, F\n|-mega|p2a: Aggron|Aggron|Aggronite\n|move|p1a: Charizard|Flare Blitz|p2b: Pelipper\n|-resisted|p2b: Pelipper|1\n|-damage|p2b: Pelipper|66/100\n|-damage|p1a: Charizard|76/100|[from] Recoil\n|move|p1b: Vanilluxe|Blizzard|p2b: Pelipper|[spread] p2b\n|-miss|p1b: Vanilluxe|p2a: Aggron\n|-damage|p2b: Pelipper|23/100\n|move|p2a: Aggron|Iron Defense|p2a: Aggron\n|-boost|p2a: Aggron|def|2\n|\n|-weather|RainDance|[upkeep]\n|upkeep\n|turn|4\n|inactive|holadola has 30 seconds left.\n|\n|t:|1776270947\n|switch|p1b: Milotic|Milotic, L50, F|100/100\n|move|p1a: Charizard|Protect|p1a: Charizard\n|-singleturn|p1a: Charizard|Protect\n|move|p2b: Pelipper|Wide Guard|p2b: Pelipper\n|-singleturn|p2b: Pelipper|Wide Guard\n|move|p2a: Aggron|Body Press|p1a: Charizard\n|-activate|p1a: Charizard|move: Protect\n|\n|-weather|RainDance|[upkeep]\n|upkeep\n|turn|5\n|\n|t:|1776270966\n|switch|p1b: Vanilluxe|Vanilluxe, L50, M|9/100\n|-weather|Snowscape|[from] ability: Snow Warning|[of] p1b: Vanilluxe\n|move|p1a: Charizard|Flare Blitz|p2a: Aggron\n|-supereffective|p2a: Aggron|1\n|-damage|p2a: Aggron|63/100\n|-damage|p1a: Charizard|64/100|[from] Recoil\n|move|p2b: Pelipper|Tailwind|p2b: Pelipper\n|-sidestart|p2: holadola|move: Tailwind\n|move|p2a: Aggron|Body Press|p1a: Charizard\n|-damage|p1a: Charizard|0 fnt\n|faint|p1a: Charizard\n|\n|-weather|Snowscape|[upkeep]\n|upkeep\n|\n|t:|1776270979\n|switch|p1a: Milotic|Milotic, L50, F|100/100\n|turn|6\n|\n|t:|1776270992\n|move|p2b: Pelipper|Wide Guard|p2b: Pelipper\n|-singleturn|p2b: Pelipper|Wide Guard\n|move|p1b: Vanilluxe|Freeze-Dry|p2b: Pelipper\n|-supereffective|p2b: Pelipper|2\n|-damage|p2b: Pelipper|0 fnt\n|faint|p2b: Pelipper\n|move|p2a: Aggron|Body Press|p1b: Vanilluxe\n|-supereffective|p1b: Vanilluxe|1\n|-damage|p1b: Vanilluxe|0 fnt\n|faint|p1b: Vanilluxe\n|move|p1a: Milotic|Scald|p2a: Aggron\n|-damage|p2a: Aggron|22/100\n|\n|-weather|Snowscape|[upkeep]\n|upkeep\n|\n|t:|1776271007\n|switch|p1b: Hydrapple|Hydrapple, L50, M|100/100\n|switch|p2b: Sinistcha|Sinistcha-Masterpiece, L50|100/100\n|-ability|p1b: Hydrapple|Supersweet Syrup\n|-unboost|p2a: Aggron|evasion|1\n|-unboost|p2b: Sinistcha|evasion|1\n|-heal|p2a: Aggron|47/100|[from] ability: Hospitality|[of] p2b: Sinistcha\n|turn|7\n|\n|t:|1776271026\n|move|p1a: Milotic|Protect|p1a: Milotic\n|-singleturn|p1a: Milotic|Protect\n|move|p2b: Sinistcha|Rage Powder|p2b: Sinistcha\n|-singleturn|p2b: Sinistcha|move: Rage Powder\n|move|p2a: Aggron|Body Press|p1a: Milotic\n|-activate|p1a: Milotic|move: Protect\n|move|p1b: Hydrapple|Fickle Beam|p2b: Sinistcha|[anim] Fickle Beam All Out\n|-activate|p1b: Hydrapple|move: Fickle Beam\n|-damage|p2b: Sinistcha|43/100\n|-enditem|p2b: Sinistcha|Sitrus Berry|[eat]\n|-heal|p2b: Sinistcha|68/100|[from] item: Sitrus Berry\n|\n|-weather|Snowscape|[upkeep]\n|upkeep\n|turn|8\n|inactive|holadola has 30 seconds left.\n|\n|t:|1776271053\n|move|p2b: Sinistcha|Matcha Gotcha|p1a: Milotic|[spread] p1a,p1b\n|-supereffective|p1a: Milotic|1\n|-resisted|p1b: Hydrapple|2\n|-damage|p1a: Milotic|62/100\n|-heal|p2b: Sinistcha|90/100|[from] drain|[of] p1a: Milotic\n|-damage|p1b: Hydrapple|96/100\n|-heal|p2b: Sinistcha|93/100|[from] drain|[of] p1b: Hydrapple\n|move|p2a: Aggron|Body Press|p1b: Hydrapple\n|-damage|p1b: Hydrapple|27/100\n|-enditem|p1b: Hydrapple|Sitrus Berry|[eat]\n|-heal|p1b: Hydrapple|52/100|[from] item: Sitrus Berry\n|move|p1a: Milotic|Scald|p2a: Aggron\n|-damage|p2a: Aggron|6/100\n|move|p1b: Hydrapple|Fickle Beam|p2b: Sinistcha\n|-damage|p2b: Sinistcha|65/100\n|\n|-weather|Snowscape|[upkeep]\n|-heal|p1a: Milotic|68/100|[from] item: Leftovers\n|-sideend|p2: holadola|move: Tailwind\n|upkeep\n|turn|9\n|inactive|KennarDH has 30 seconds left.\n|\n|t:|1776271083\n|move|p2a: Aggron|Protect|p2a: Aggron\n|-singleturn|p2a: Aggron|Protect\n|move|p1a: Milotic|Icy Wind|p2a: Aggron|[spread] p2b\n|-activate|p2a: Aggron|move: Protect\n|-supereffective|p2b: Sinistcha|1\n|-damage|p2b: Sinistcha|46/100\n|-unboost|p2b: Sinistcha|spe|1\n|move|p1b: Hydrapple|Giga Drain|p2a: Aggron\n|-activate|p2a: Aggron|move: Protect\n|move|p2b: Sinistcha|Trick Room|p2b: Sinistcha\n|-fieldstart|move: Trick Room|[of] p2b: Sinistcha\n|\n|-weather|none\n|-heal|p1a: Milotic|74/100|[from] item: Leftovers\n|upkeep\n|turn|10\n|\n|t:|1776271105\n|move|p1a: Milotic|Protect|p1a: Milotic\n|-singleturn|p1a: Milotic|Protect\n|move|p1b: Hydrapple|Fickle Beam|p2a: Aggron\n|-resisted|p2a: Aggron|1\n|-damage|p2a: Aggron|0 fnt\n|faint|p2a: Aggron\n|move|p2b: Sinistcha|Matcha Gotcha|p1b: Hydrapple|[spread] p1b\n|-activate|p1a: Milotic|move: Protect\n|-resisted|p1b: Hydrapple|2\n|-damage|p1b: Hydrapple|47/100\n|-heal|p2b: Sinistcha|49/100|[from] drain|[of] p1b: Hydrapple\n|\n|-heal|p1a: Milotic|80/100|[from] item: Leftovers\n|upkeep\n|turn|11\n|-message|holadola forfeited.\n|\n|win|KennarDH\n|raw|KennarDH's rating: 1129 &rarr; <strong>1151</strong><br />(+22 for winning)\n|raw|holadola's rating: 1086 &rarr; <strong>1066</strong><br />(-20 for losing)\n|l|\u2606holadola\n|player|p2|\n",
  "uploadtime": 1776271127,
  "views": 26,
  "formatid": "gen9championsvgc2026regma",
  "rating": 1066,
  "private": 0,
  "password": null
}