{
  "id": "gen9championsvgc2026regma-2584383671",
  "format": "[Gen 9 Champions] VGC 2026 Reg M-A",
  "players": [
    "kdjfalkcsd",
    "GWeather"
  ],
  "log": "|j|\u2606kdjfalkcsd\n|j|\u2606GWeather\n|t:|1776256773\n|gametype|doubles\n|player|p1|kdjfalkcsd|169|1088\n|player|p2|GWeather|n|1156\n|gen|9\n|tier|[Gen 9 Champions] VGC 2026 Reg M-A\n|rated|\n|rule|Species Clause: Limit one of each Pok\u00e9mon\n|rule|Item Clause: Limit 1 of each item\n|clearpoke\n|poke|p1|Alakazam, L50, F|\n|poke|p1|Meowstic, L50, M|\n|poke|p1|Incineroar, L50, F|\n|poke|p1|Chesnaught, L50, M|\n|poke|p1|Clefable, L50, M|\n|poke|p1|Empoleon, L50, M|\n|poke|p2|Kingambit, L50, M|\n|poke|p2|Garchomp, L50, M|\n|poke|p2|Tyranitar, L50, M|\n|poke|p2|Whimsicott, L50, M|\n|poke|p2|Scovillain, L50, F|\n|poke|p2|Sneasler, L50, M|\n|teampreview|4\n|inactive|Battle timer is ON: inactive players will automatically lose when time's up. (requested by GWeather)\n|\n|t:|1776256798\n|teamsize|p1|4\n|teamsize|p2|4\n|start\n|switch|p1a: Chesnaught|Chesnaught, L50, M|100/100\n|switch|p1b: Incineroar|Incineroar, L50, F|100/100\n|switch|p2a: Sneasler|Sneasler, L50, M|100/100\n|switch|p2b: Whimsicott|Whimsicott, L50, M|100/100\n|-ability|p1b: Incineroar|Intimidate|boost\n|-unboost|p2a: Sneasler|atk|1\n|-unboost|p2b: Whimsicott|atk|1\n|turn|1\n|\n|t:|1776256817\n|switch|p1a: Alakazam|Alakazam, L50, F|100/100\n|move|p2a: Sneasler|Fake Out|p1b: Incineroar\n|-damage|p1b: Incineroar|91/100\n|cant|p1b: Incineroar|flinch\n|move|p2b: Whimsicott|Tailwind|p2b: Whimsicott\n|-sidestart|p2: GWeather|move: Tailwind\n|\n|upkeep\n|turn|2\n|inactive|kdjfalkcsd has 30 seconds left.\n|\n|t:|1776256844\n|move|p2b: Whimsicott|Light Screen|p2b: Whimsicott\n|-sidestart|p2: GWeather|move: Light Screen\n|move|p2a: Sneasler|Close Combat|p1b: Incineroar\n|-supereffective|p1b: Incineroar|1\n|-damage|p1b: Incineroar|10/100\n|-unboost|p2a: Sneasler|def|1\n|-unboost|p2a: Sneasler|spd|1\n|-enditem|p1b: Incineroar|Sitrus Berry|[eat]\n|-heal|p1b: Incineroar|35/100|[from] item: Sitrus Berry\n|move|p1a: Alakazam|Expanding Force|p2a: Sneasler\n|-supereffective|p2a: Sneasler|2\n|-enditem|p2a: Sneasler|Focus Sash\n|-damage|p2a: Sneasler|1/100\n|move|p1b: Incineroar|Flare Blitz|p2a: Sneasler\n|-damage|p2a: Sneasler|0 fnt\n|faint|p2a: Sneasler\n|-damage|p1b: Incineroar|35/100|[from] Recoil\n|\n|upkeep\n|\n|t:|1776256865\n|switch|p2a: Garchomp|Garchomp, L50, M|100/100\n|turn|3\n|\n|t:|1776256870\n|switch|p1b: Chesnaught|Chesnaught, L50, M|100/100\n|move|p1a: Alakazam|Protect|p1a: Alakazam\n|-singleturn|p1a: Alakazam|Protect\n|move|p2a: Garchomp|Rock Slide|p1a: Alakazam|[spread] p1b\n|-activate|p1a: Alakazam|move: Protect\n|-resisted|p1b: Chesnaught|1\n|-damage|p1b: Chesnaught|92/100\n|move|p2b: Whimsicott|Moonblast|p1a: Alakazam\n|-activate|p1a: Alakazam|move: Protect\n|\n|upkeep\n|turn|4\n|\n|t:|1776256889\n|switch|p2a: Scovillain|Scovillain, L50, F|100/100\n|switch|p1a: Empoleon|Empoleon, L50, M|100/100\n|switch|p1b: Incineroar|Incineroar, L50, F|35/100\n|-ability|p1b: Incineroar|Intimidate|boost\n|-unboost|p2a: Scovillain|atk|1\n|-unboost|p2b: Whimsicott|atk|1\n|move|p2b: Whimsicott|Encore||[still]\n|-fail|p2b: Whimsicott\n|\n|-sideend|p2: GWeather|move: Tailwind\n|-ability|p2a: Scovillain|Moody|boost\n|-boost|p2a: Scovillain|spa|2\n|-unboost|p2a: Scovillain|atk|1\n|upkeep\n|turn|5\n|\n|t:|1776256914\n|move|p2a: Scovillain|Protect|p2a: Scovillain\n|-singleturn|p2a: Scovillain|Protect\n|move|p1b: Incineroar|Fake Out|p2b: Whimsicott\n|-damage|p2b: Whimsicott|84/100\n|cant|p2b: Whimsicott|flinch\n|move|p1a: Empoleon|Flash Cannon|p2b: Whimsicott\n|-supereffective|p2b: Whimsicott|1\n|-damage|p2b: Whimsicott|16/100\n|\n|-ability|p2a: Scovillain|Moody|boost\n|-boost|p2a: Scovillain|spa|2\n|-unboost|p2a: Scovillain|spd|1\n|upkeep\n|turn|6\n|\n|t:|1776256936\n|detailschange|p2a: Scovillain|Scovillain-Mega, L50, F\n|-mega|p2a: Scovillain|Scovillain|Scovillainite\n|move|p2b: Whimsicott|Tailwind|p2b: Whimsicott\n|-sidestart|p2: GWeather|move: Tailwind\n|move|p2a: Scovillain|Flamethrower|p1b: Incineroar\n|-resisted|p1b: Incineroar|1\n|-damage|p1b: Incineroar|0 fnt\n|faint|p1b: Incineroar\n|move|p1a: Empoleon|Hydro Pump|p2a: Scovillain\n|-damage|p2a: Scovillain|36/100\n|-status|p1a: Empoleon|brn|[from] ability: Spicy Spray|[of] p2a: Scovillain\n|\n|-damage|p1a: Empoleon|95/100 brn|[from] brn\n|-sideend|p2: GWeather|move: Light Screen\n|upkeep\n|\n|t:|1776256952\n|switch|p1b: Alakazam|Alakazam, L50, F|100/100\n|turn|7\n|inactive|GWeather has 30 seconds left.\n|inactive|GWeather has 20 seconds left.\n|\n|t:|1776256989\n|move|p2b: Whimsicott|Moonblast|p1a: Empoleon\n|-resisted|p1a: Empoleon|1\n|-damage|p1a: Empoleon|82/100 brn\n|-unboost|p1a: Empoleon|spa|1\n|-ability|p1a: Empoleon|Competitive|boost\n|-boost|p1a: Empoleon|spa|2\n|move|p2a: Scovillain|Flamethrower|p1a: Empoleon\n|-damage|p1a: Empoleon|0 fnt\n|faint|p1a: Empoleon\n|move|p1b: Alakazam|Expanding Force|p2a: Scovillain\n|-damage|p2a: Scovillain|0 fnt\n|-status|p1b: Alakazam|brn|[from] ability: Spicy Spray|[of] p2a: Scovillain\n|faint|p2a: Scovillain\n|\n|-damage|p1b: Alakazam|94/100 brn|[from] brn\n|upkeep\n|\n|t:|1776257003\n|switch|p2a: Garchomp|Garchomp, L50, M|100/100\n|switch|p1a: Chesnaught|Chesnaught, L50, M|92/100\n|turn|8\n|inactive|kdjfalkcsd has 30 seconds left.\n|inactive|GWeather has 30 seconds left.\n|\n|t:|1776257035\n|detailschange|p1a: Chesnaught|Chesnaught-Mega, L50, M\n|-mega|p1a: Chesnaught|Chesnaught|Chesnaughtite\n|move|p2a: Garchomp|Dragon Claw|p1b: Alakazam\n|-damage|p1b: Alakazam|0 fnt\n|faint|p1b: Alakazam\n|move|p2b: Whimsicott|Moonblast|p1a: Chesnaught\n|-supereffective|p1a: Chesnaught|1\n|-damage|p1a: Chesnaught|48/100\n|move|p1a: Chesnaught|Body Press|p2b: Whimsicott\n|-resisted|p2b: Whimsicott|1\n|-damage|p2b: Whimsicott|0 fnt\n|faint|p2b: Whimsicott\n|\n|upkeep\n|turn|9\n|\n|t:|1776257053\n|move|p2a: Garchomp|Dragon Claw|p1a: Chesnaught\n|-damage|p1a: Chesnaught|23/100\n|move|p1a: Chesnaught|Iron Defense|p1a: Chesnaught\n|-boost|p1a: Chesnaught|def|2\n|\n|-sideend|p2: GWeather|move: Tailwind\n|upkeep\n|turn|10\n|\n|t:|1776257058\n|move|p1a: Chesnaught|Spiky Shield|p1a: Chesnaught\n|-singleturn|p1a: Chesnaught|move: Protect\n|move|p2a: Garchomp|Dragon Claw|p1a: Chesnaught\n|-activate|p1a: Chesnaught|move: Protect\n|-damage|p2a: Garchomp|88/100|[from] Spiky Shield|[of] p1a: Chesnaught\n|\n|upkeep\n|turn|11\n|\n|t:|1776257065\n|move|p2a: Garchomp|Dragon Claw|p1a: Chesnaught\n|-damage|p1a: Chesnaught|12/100\n|move|p1a: Chesnaught|Body Press|p2a: Garchomp\n|-damage|p2a: Garchomp|4/100\n|\n|upkeep\n|turn|12\n|\n|t:|1776257071\n|move|p1a: Chesnaught|Spiky Shield|p1a: Chesnaught\n|-singleturn|p1a: Chesnaught|move: Protect\n|move|p2a: Garchomp|Dragon Claw|p2: Whimsicott|[notarget]\n|-fail|p2a: Garchomp\n|\n|upkeep\n|turn|13\n|\n|t:|1776257088\n|move|p1a: Chesnaught|Spiky Shield||[still]\n|-fail|p1a: Chesnaught\n|move|p2a: Garchomp|Dragon Claw|p1a: Chesnaught\n|-damage|p1a: Chesnaught|0 fnt\n|faint|p1a: Chesnaught\n|\n|win|GWeather\n|raw|kdjfalkcsd's rating: 1088 &rarr; <strong>1069</strong><br />(-19 for losing)\n|raw|GWeather's rating: 1156 &rarr; <strong>1176</strong><br />(+20 for winning)\n|c|\u2606GWeather|womp womp\n",
  "uploadtime": 1776257100,
  "views": 56,
  "formatid": "gen9championsvgc2026regma",
  "rating": 1069,
  "private": 0,
  "password": null
}