{
  "id": "gen9championsvgc2026regma-2585986070",
  "format": "[Gen 9 Champions] VGC 2026 Reg M-A",
  "players": [
    "koplus",
    "colfox"
  ],
  "log": "|j|\u2606koplus\n|j|\u203dcolfox\n|t:|1776387701\n|gametype|doubles\n|player|p1|koplus|102|1276\n|player|p2|colfox|1|1322\n|gen|9\n|tier|[Gen 9 Champions] VGC 2026 Reg M-A\n|rated|\n|rule|Species Clause: Limit one of each Pok\u00e9mon\n|rule|Item Clause: Limit 1 of each item\n|clearpoke\n|poke|p1|Sneasler, L50, F|\n|poke|p1|Talonflame, L50, M|\n|poke|p1|Gardevoir, L50, M|\n|poke|p1|Blastoise, L50, M|\n|poke|p1|Basculegion-F, L50, F|\n|poke|p1|Meowstic, L50, M|\n|poke|p2|Tyranitar, L50, F|\n|poke|p2|Excadrill, L50, F|\n|poke|p2|Dragapult, L50, F|\n|poke|p2|Milotic, L50, F|\n|poke|p2|Raichu, L50, M|\n|poke|p2|Scizor, L50, M|\n|teampreview|4\n|\n|t:|1776387745\n|teamsize|p1|4\n|teamsize|p2|4\n|start\n|switch|p1a: Meowstic|Meowstic, L50, M|100/100\n|switch|p1b: Basculegion|Basculegion-F, L50, F|100/100\n|switch|p2a: Raichu|Raichu, L50, M|100/100\n|switch|p2b: Dragapult|Dragapult, L50, F|100/100\n|turn|1\n|\n|t:|1776387765\n|move|p2a: Raichu|Protect|p2a: Raichu\n|-singleturn|p2a: Raichu|Protect\n|move|p1a: Meowstic|Fake Out|p2a: Raichu\n|-activate|p2a: Raichu|move: Protect\n|move|p1b: Basculegion|Shadow Ball|p2b: Dragapult\n|-supereffective|p2b: Dragapult|1\n|-damage|p2b: Dragapult|0 fnt\n|faint|p2b: Dragapult\n|\n|upkeep\n|\n|t:|1776387778\n|switch|p2b: Scizor|Scizor, L50, M|100/100\n|turn|2\n|l|\u203dcolfox\n|player|p2|\n|\n|t:|1776387878\n|detailschange|p2b: Scizor|Scizor-Mega, L50, M\n|-mega|p2b: Scizor|Scizor|Scizorite\n|move|p1a: Meowstic|Psychic Terrain|p1a: Meowstic\n|-fieldstart|move: Psychic Terrain\n|move|p1b: Basculegion|Shadow Ball|p2b: Scizor\n|-damage|p2b: Scizor|54/100\n|move|p2a: Raichu|Thunderbolt|p1b: Basculegion\n|-supereffective|p1b: Basculegion|1\n|-damage|p1b: Basculegion|0 fnt\n|faint|p1b: Basculegion\n|move|p2b: Scizor|Swords Dance|p2b: Scizor\n|-boost|p2b: Scizor|atk|2\n|\n|upkeep\n|j|\u203dcolfox\n|player|p2|colfox|1|\n|n|\u203dcolfox|colfox\n|\n|t:|1776387902\n|switch|p1b: Sneasler|Sneasler, L50, F|100/100\n|turn|3\n|\n|t:|1776387915\n|detailschange|p1a: Meowstic|Meowstic-M-Mega, L50, M\n|-mega|p1a: Meowstic|Meowstic|Meowsticite\n|-ability|p1a: Meowstic|Lightning Rod|Trace|[from] ability: Trace|[of] p2a: Raichu\n|move|p2b: Scizor|Protect|p2b: Scizor\n|-singleturn|p2b: Scizor|Protect\n|move|p1a: Meowstic|Expanding Force|p2a: Raichu|[spread] p2a\n|-activate|p2b: Scizor|move: Protect\n|-damage|p2a: Raichu|2/100\n|move|p1b: Sneasler|Close Combat|p2b: Scizor\n|-activate|p2b: Scizor|move: Protect\n|move|p2a: Raichu|Electroweb|p1a: Meowstic|[spread] \n|-ability|p1a: Meowstic|Lightning Rod|boost\n|-boost|p1a: Meowstic|spa|1\n|-miss|p2a: Raichu|p1b: Sneasler\n|\n|upkeep\n|turn|4\n|\n|t:|1776387936\n|move|p2a: Raichu|Protect|p2a: Raichu\n|-singleturn|p2a: Raichu|Protect\n|move|p1a: Meowstic|Expanding Force|p2b: Scizor|[spread] p2b\n|-activate|p2a: Raichu|move: Protect\n|-resisted|p2b: Scizor|1\n|-damage|p2b: Scizor|8/100\n|move|p1b: Sneasler|Close Combat|p2b: Scizor\n|-damage|p2b: Scizor|0 fnt\n|-unboost|p1b: Sneasler|def|1\n|-unboost|p1b: Sneasler|spd|1\n|faint|p2b: Scizor\n|\n|upkeep\n|\n|t:|1776387950\n|switch|p2b: Excadrill|Excadrill, L50, F|100/100\n|turn|5\n|-message|colfox forfeited.\n|\n|win|koplus\n|raw|koplus's rating: 1276 &rarr; <strong>1304</strong><br />(+28 for winning)\n|raw|colfox's rating: 1322 &rarr; <strong>1299</strong><br />(-23 for losing)\n|l|\u2606koplus\n|player|p1|\n",
  "uploadtime": 1776387971,
  "views": 42,
  "formatid": "gen9championsvgc2026regma",
  "rating": 1299,
  "private": 0,
  "password": null
}