{
  "id": "gen9championsvgc2026regma-2582175289",
  "format": "[Gen 9 Champions] VGC 2026 Reg M-A",
  "players": [
    "zac5224666",
    "Final_demand309"
  ],
  "log": "|j|\u2606zac5224666\n|j|\u2606Final_demand309\n|t:|1776067535\n|gametype|doubles\n|player|p1|zac5224666|1|1363\n|player|p2|Final_demand309|170|1311\n|gen|9\n|tier|[Gen 9 Champions] VGC 2026 Reg M-A\n|rated|\n|rule|Species Clause: Limit one of each Pok\u00e9mon\n|rule|Item Clause: Limit 1 of each item\n|clearpoke\n|poke|p1|Gengar, L50, F|\n|poke|p1|Corviknight, L50, F|\n|poke|p1|Incineroar, L50, F|\n|poke|p1|Milotic, L50, M|\n|poke|p1|Garchomp, L50, M|\n|poke|p1|Volcarona, L50, F|\n|poke|p2|Kangaskhan, L50, F|\n|poke|p2|Pelipper, L50, M|\n|poke|p2|Archaludon, L50, F|\n|poke|p2|Sinistcha, L50|\n|poke|p2|Kingambit, L50, F|\n|poke|p2|Basculegion, L50, M|\n|teampreview|4\n|inactive|Battle timer is ON: inactive players will automatically lose when time's up. (requested by Final_demand309)\n|j| CARtu348rjf90\n|inactive|zac5224666 has 60 seconds left.\n|inactive|Final_demand309 has 60 seconds left.\n|inactive|zac5224666 has 30 seconds left.\n|inactive|zac5224666 has 20 seconds left.\n|inactive|zac5224666 has 15 seconds left.\n|inactive|zac5224666 has 10 seconds left.\n|\n|t:|1776067617\n|teamsize|p1|4\n|teamsize|p2|4\n|start\n|switch|p1a: Corviknight|Corviknight, L50, F, shiny|100/100\n|switch|p1b: Incineroar|Incineroar, L50, F, shiny|100/100\n|switch|p2a: Kangaskhan|Kangaskhan, L50, F|100/100\n|switch|p2b: Sinistcha|Sinistcha, L50|100/100\n|-ability|p1b: Incineroar|Intimidate|boost\n|-fail|p2a: Kangaskhan|unboost|Attack|[from] ability: Scrappy|[of] p2a: Kangaskhan\n|-unboost|p2b: Sinistcha|atk|1\n|turn|1\n|inactive|zac5224666 has 30 seconds left.\n|inactive|Final_demand309 has 30 seconds left.\n|inactive|zac5224666 has 20 seconds left.\n|inactive|Final_demand309 has 20 seconds left.\n|inactive|zac5224666 has 15 seconds left.\n|inactive|Final_demand309 has 15 seconds left.\n|inactive|Final_demand309 has 10 seconds left.\n|inactive|Final_demand309 has 5 seconds left.\n|\n|t:|1776067669\n|switch|p1b: Gengar|Gengar, L50, F, shiny|100/100\n|detailschange|p2a: Kangaskhan|Kangaskhan-Mega, L50, F\n|-mega|p2a: Kangaskhan|Kangaskhan|Kangaskhanite\n|move|p2a: Kangaskhan|Low Kick|p1b: Gengar\n|-immune|p1b: Gengar\n|move|p2b: Sinistcha|Matcha Gotcha|p1a: Corviknight|[spread] \n|-miss|p2b: Sinistcha|p1a: Corviknight\n|-miss|p2b: Sinistcha|p1b: Gengar\n|move|p1a: Corviknight|Iron Defense|p1a: Corviknight\n|-boost|p1a: Corviknight|def|2\n|\n|upkeep\n|turn|2\n|inactive|zac5224666 has 30 seconds left.\n|\n|t:|1776067701\n|detailschange|p1b: Gengar|Gengar-Mega, L50, F, shiny\n|-mega|p1b: Gengar|Gengar|Gengarite\n|move|p2a: Kangaskhan|Sucker Punch|p1b: Gengar\n|-supereffective|p1b: Gengar|1\n|-damage|p1b: Gengar|43/100\n|-supereffective|p1b: Gengar|1\n|-damage|p1b: Gengar|28/100\n|-hitcount|p1b: Gengar|2\n|move|p1b: Gengar|Shadow Ball|p2b: Sinistcha\n|-supereffective|p2b: Sinistcha|1\n|-damage|p2b: Sinistcha|23/100\n|-unboost|p2b: Sinistcha|spd|1\n|-enditem|p2b: Sinistcha|Sitrus Berry|[eat]\n|-heal|p2b: Sinistcha|48/100|[from] item: Sitrus Berry\n|move|p1a: Corviknight|Tailwind|p1a: Corviknight\n|-sidestart|p1: zac5224666|move: Tailwind\n|move|p2b: Sinistcha|Trick Room|p2b: Sinistcha\n|-fieldstart|move: Trick Room|[of] p2b: Sinistcha\n|\n|upkeep\n|turn|3\n|inactive|zac5224666 has 30 seconds left.\n|inactive|Final_demand309 has 30 seconds left.\n|\n|t:|1776067730\n|switch|p2b: Kingambit|Kingambit, L50, F|100/100\n|switch|p1b: Incineroar|Incineroar, L50, F, shiny|100/100\n|-ability|p1b: Incineroar|Intimidate|boost\n|-unboost|p2a: Kangaskhan|atk|1\n|-unboost|p2b: Kingambit|atk|1\n|-ability|p2b: Kingambit|Defiant|boost\n|-boost|p2b: Kingambit|atk|2\n|move|p2a: Kangaskhan|Sucker Punch||[still]\n|-fail|p2a: Kangaskhan\n|move|p1a: Corviknight|Body Press|p2a: Kangaskhan\n|-supereffective|p2a: Kangaskhan|1\n|-damage|p2a: Kangaskhan|33/100\n|\n|upkeep\n|turn|4\n|inactive|zac5224666 has 30 seconds left.\n|inactive|Final_demand309 has 30 seconds left.\n|\n|t:|1776067759\n|switch|p2a: Basculegion|Basculegion, L50, M|100/100\n|move|p1b: Incineroar|Fake Out|p2a: Basculegion\n|-immune|p2a: Basculegion\n|move|p2b: Kingambit|Swords Dance|p2b: Kingambit\n|-boost|p2b: Kingambit|atk|2\n|move|p1a: Corviknight|Iron Defense|p1a: Corviknight\n|-boost|p1a: Corviknight|def|2\n|\n|upkeep\n|turn|5\n|inactive|zac5224666 has 30 seconds left.\n|\n|t:|1776067788\n|move|p2b: Kingambit|Kowtow Cleave|p1b: Incineroar\n|-resisted|p1b: Incineroar|1\n|-damage|p1b: Incineroar|34/100\n|move|p2a: Basculegion|Wave Crash|p1b: Incineroar\n|-supereffective|p1b: Incineroar|1\n|-damage|p1b: Incineroar|0 fnt\n|faint|p1b: Incineroar\n|-damage|p2a: Basculegion|89/100|[from] Recoil\n|move|p1a: Corviknight|Iron Defense|p1a: Corviknight\n|-boost|p1a: Corviknight|def|2\n|\n|-sideend|p1: zac5224666|move: Tailwind\n|upkeep\n|\n|t:|1776067807\n|switch|p1b: Gengar|Gengar-Mega, L50, F, shiny|28/100\n|turn|6\n|\n|t:|1776067829\n|move|p1b: Gengar|Protect|p1b: Gengar\n|-singleturn|p1b: Gengar|Protect\n|move|p2b: Kingambit|Sucker Punch|p1a: Corviknight\n|-damage|p1a: Corviknight|77/100\n|move|p1a: Corviknight|Body Press|p2b: Kingambit\n|-supereffective|p2b: Kingambit|2\n|-damage|p2b: Kingambit|0 fnt\n|faint|p2b: Kingambit\n|move|p2a: Basculegion|Wave Crash|p1a: Corviknight\n|-damage|p1a: Corviknight|62/100\n|-damage|p2a: Basculegion|84/100|[from] Recoil\n|\n|-fieldend|move: Trick Room\n|upkeep\n|inactive|Final_demand309 has 30 seconds left.\n|inactive|Final_demand309 has 20 seconds left.\n|\n|t:|1776067869\n|switch|p2b: Sinistcha|Sinistcha, L50|48/100\n|-heal|p2a: Basculegion|100/100|[from] ability: Hospitality|[of] p2b: Sinistcha\n|turn|7\n|\n|t:|1776067893\n|move|p1b: Gengar|Shadow Ball|p2a: Basculegion\n|-supereffective|p2a: Basculegion|1\n|-damage|p2a: Basculegion|6/100\n|move|p2a: Basculegion|Last Respects|p1b: Gengar\n|-supereffective|p1b: Gengar|1\n|-damage|p1b: Gengar|0 fnt\n|faint|p1b: Gengar\n|move|p2b: Sinistcha|Matcha Gotcha|p1a: Corviknight\n|-resisted|p1a: Corviknight|2\n|-damage|p1a: Corviknight|56/100\n|-heal|p2b: Sinistcha|52/100|[from] drain|[of] p1a: Corviknight\n|move|p1a: Corviknight|Roost|p1a: Corviknight\n|-heal|p1a: Corviknight|100/100\n|-singleturn|p1a: Corviknight|move: Roost\n|\n|upkeep\n|\n|t:|1776067908\n|switch|p1b: Milotic|Milotic, L50, M, shiny|100/100\n|turn|8\n|\n|t:|1776067928\n|move|p2a: Basculegion|Last Respects|p1b: Milotic\n|-damage|p1b: Milotic|57/100\n|move|p1b: Milotic|Ice Beam|p2b: Sinistcha\n|-supereffective|p2b: Sinistcha|1\n|-damage|p2b: Sinistcha|13/100\n|move|p2b: Sinistcha|Matcha Gotcha|p1a: Corviknight|[spread] p1a,p1b\n|-resisted|p1a: Corviknight|2\n|-supereffective|p1b: Milotic|1\n|-damage|p1a: Corviknight|96/100\n|-heal|p2b: Sinistcha|16/100|[from] drain|[of] p1a: Corviknight\n|-damage|p1b: Milotic|31/100\n|-heal|p2b: Sinistcha|31/100|[from] drain|[of] p1b: Milotic\n|move|p1a: Corviknight|Tailwind|p1a: Corviknight\n|-sidestart|p1: zac5224666|move: Tailwind\n|\n|-heal|p1b: Milotic|37/100|[from] item: Leftovers\n|upkeep\n|turn|9\n|inactive|zac5224666 has 30 seconds left.\n|inactive|Final_demand309 has 30 seconds left.\n|inactive|zac5224666 has 20 seconds left.\n|\n|t:|1776067967\n|move|p2b: Sinistcha|Rage Powder|p2b: Sinistcha\n|-singleturn|p2b: Sinistcha|move: Rage Powder\n|move|p1b: Milotic|Ice Beam|p2b: Sinistcha\n|-supereffective|p2b: Sinistcha|1\n|-damage|p2b: Sinistcha|0 fnt\n|faint|p2b: Sinistcha\n|move|p1a: Corviknight|Roost|p1a: Corviknight\n|-heal|p1a: Corviknight|100/100\n|-singleturn|p1a: Corviknight|move: Roost\n|move|p2a: Basculegion|Last Respects|p1b: Milotic\n|-damage|p1b: Milotic|0 fnt\n|faint|p1b: Milotic\n|\n|upkeep\n|\n|t:|1776067972\n|switch|p2b: Kangaskhan|Kangaskhan-Mega, L50, F|33/100\n|turn|10\n|\n|t:|1776067990\n|move|p2b: Kangaskhan|Fake Out|p1a: Corviknight\n|-resisted|p1a: Corviknight|1\n|-damage|p1a: Corviknight|98/100\n|-resisted|p1a: Corviknight|1\n|-damage|p1a: Corviknight|98/100\n|-hitcount|p1a: Corviknight|2\n|cant|p1a: Corviknight|flinch\n|move|p2a: Basculegion|Last Respects|p1a: Corviknight\n|-damage|p1a: Corviknight|81/100\n|\n|upkeep\n|turn|11\n|\n|t:|1776068003\n|move|p1a: Corviknight|Body Press|p2b: Kangaskhan\n|-supereffective|p2b: Kangaskhan|1\n|-damage|p2b: Kangaskhan|0 fnt\n|faint|p2b: Kangaskhan\n|move|p2a: Basculegion|Last Respects|p1a: Corviknight\n|-damage|p1a: Corviknight|62/100\n|\n|-sideend|p1: zac5224666|move: Tailwind\n|upkeep\n|turn|12\n|\n|t:|1776068012\n|move|p2a: Basculegion|Last Respects|p1a: Corviknight\n|-crit|p1a: Corviknight\n|-damage|p1a: Corviknight|0 fnt\n|faint|p1a: Corviknight\n|\n|win|Final_demand309\n|raw|zac5224666's rating: 1363 &rarr; <strong>1340</strong><br />(-23 for losing)\n|raw|Final_demand309's rating: 1311 &rarr; <strong>1334</strong><br />(+23 for winning)\n|l|\u2606zac5224666\n|player|p1|\n|l|\u2606Final_demand309\n|player|p2|\n",
  "uploadtime": 1776068126,
  "views": 21,
  "formatid": "gen9championsvgc2026regma",
  "rating": 1334,
  "private": 0,
  "password": null
}