{
  "id": "gen9championsvgc2026regma-2588039252",
  "format": "[Gen 9 Champions] VGC 2026 Reg M-A",
  "players": [
    "Zeromus87",
    "Sato9999Vier"
  ],
  "log": "|j|\u2606Zeromus87\n|j|\u2606Sato9999Vier\n|t:|1776596618\n|gametype|doubles\n|player|p1|Zeromus87|kimonogirl|1030\n|player|p2|Sato9999Vier|170|1000\n|gen|9\n|tier|[Gen 9 Champions] VGC 2026 Reg M-A\n|rated|\n|rule|Species Clause: Limit one of each Pok\u00e9mon\n|rule|Item Clause: Limit 1 of each item\n|clearpoke\n|poke|p1|Gardevoir, L50, M|\n|poke|p1|Garchomp, L50, F|\n|poke|p1|Primarina, L50, M|\n|poke|p1|Froslass, L50, F|\n|poke|p1|Kingambit, L50, M|\n|poke|p1|Sneasler, L50, F|\n|poke|p2|Gardevoir, L50, F, shiny|\n|poke|p2|Incineroar, L50, M, shiny|\n|poke|p2|Sinistcha, L50, shiny|\n|poke|p2|Garchomp, L50, M, shiny|\n|poke|p2|Aerodactyl, L50, M, shiny|\n|poke|p2|Kingambit, L50, M, shiny|\n|teampreview|4\n|\n|t:|1776596663\n|teamsize|p1|4\n|teamsize|p2|4\n|start\n|switch|p1a: Primarina|Primarina, L50, M|100/100\n|switch|p1b: Sneasler|Sneasler, L50, F|100/100\n|switch|p2a: Gardevoir|Gardevoir, L50, F, shiny|100/100\n|switch|p2b: Incineroar|Incineroar, L50, M, shiny|100/100\n|-ability|p2b: Incineroar|Intimidate|boost\n|-unboost|p1a: Primarina|atk|1\n|-unboost|p1b: Sneasler|atk|1\n|-enditem|p1b: Sneasler|White Herb\n|-clearnegativeboost|p1b: Sneasler|[silent]\n|turn|1\n|\n|t:|1776596696\n|detailschange|p2a: Gardevoir|Gardevoir-Mega, L50, F, shiny\n|-mega|p2a: Gardevoir|Gardevoir|Gardevoirite\n|move|p2a: Gardevoir|Protect|p2a: Gardevoir\n|-singleturn|p2a: Gardevoir|Protect\n|move|p1b: Sneasler|Fake Out|p2b: Incineroar\n|-damage|p2b: Incineroar|88/100\n|cant|p2b: Incineroar|flinch\n|move|p1a: Primarina|Hyper Voice|p2b: Incineroar|[spread] p2b\n|-activate|p2a: Gardevoir|move: Protect\n|-supereffective|p2b: Incineroar|1\n|-damage|p2b: Incineroar|1/100\n|\n|upkeep\n|turn|2\n|\n|t:|1776596728\n|switch|p2b: Kingambit|Kingambit, L50, M, shiny|100/100\n|move|p1b: Sneasler|Protect|p1b: Sneasler\n|-singleturn|p1b: Sneasler|Protect\n|move|p1a: Primarina|Hyper Voice|p2a: Gardevoir|[spread] p2a,p2b\n|-damage|p2a: Gardevoir|70/100\n|-damage|p2b: Kingambit|58/100\n|move|p2a: Gardevoir|Hyper Voice|p1a: Primarina|[spread] p1a\n|-activate|p1b: Sneasler|move: Protect\n|-damage|p1a: Primarina|40/100\n|\n|upkeep\n|turn|3\n|\n|t:|1776596756\n|move|p1b: Sneasler|Dire Claw|p2a: Gardevoir\n|-supereffective|p2a: Gardevoir|1\n|-damage|p2a: Gardevoir|0 fnt\n|faint|p2a: Gardevoir\n|move|p1a: Primarina|Hyper Voice|p2b: Kingambit\n|-damage|p2b: Kingambit|4/100\n|move|p2b: Kingambit|Iron Head|p1b: Sneasler\n|-damage|p1b: Sneasler|17/100\n|\n|upkeep\n|\n|t:|1776596769\n|switch|p2a: Sinistcha|Sinistcha, L50, shiny|100/100\n|-heal|p2b: Kingambit|29/100|[from] ability: Hospitality|[of] p2a: Sinistcha\n|turn|4\n|\n|t:|1776596781\n|move|p2b: Kingambit|Protect|p2b: Kingambit\n|-singleturn|p2b: Kingambit|Protect\n|move|p1b: Sneasler|Dire Claw|p2a: Sinistcha\n|-damage|p2a: Sinistcha|62/100\n|move|p1a: Primarina|Hyper Voice|p2b: Kingambit|[spread] p2a\n|-activate|p2b: Kingambit|move: Protect\n|-resisted|p2a: Sinistcha|1\n|-damage|p2a: Sinistcha|36/100\n|-enditem|p2a: Sinistcha|Sitrus Berry|[eat]\n|-heal|p2a: Sinistcha|61/100|[from] item: Sitrus Berry\n|move|p2a: Sinistcha|Matcha Gotcha|p1b: Sneasler|[spread] p1a,p1b\n|-supereffective|p1a: Primarina|1\n|-resisted|p1b: Sneasler|1\n|-damage|p1a: Primarina|0 fnt\n|-heal|p2a: Sinistcha|78/100|[from] drain|[of] p1a: Primarina\n|-damage|p1b: Sneasler|0 fnt\n|-heal|p2a: Sinistcha|85/100|[from] drain|[of] p1b: Sneasler\n|faint|p1a: Primarina\n|faint|p1b: Sneasler\n|\n|upkeep\n|\n|t:|1776596804\n|switch|p1b: Kingambit|Kingambit, L50, M|100/100\n|switch|p1a: Froslass|Froslass, L50, F|100/100\n|turn|5\n|\n|t:|1776596833\n|switch|p2a: Incineroar|Incineroar, L50, M, shiny|1/100\n|-ability|p2a: Incineroar|Intimidate|boost\n|-unboost|p1a: Froslass|atk|1\n|-unboost|p1b: Kingambit|atk|1\n|-ability|p1b: Kingambit|Defiant|boost\n|-boost|p1b: Kingambit|atk|2\n|detailschange|p1a: Froslass|Froslass-Mega, L50, F\n|-mega|p1a: Froslass|Froslass|Froslassite\n|-weather|Snowscape|[from] ability: Snow Warning|[of] p1a: Froslass\n|move|p1b: Kingambit|Sucker Punch|p2b: Kingambit\n|-resisted|p2b: Kingambit|1\n|-damage|p2b: Kingambit|4/100\n|move|p2b: Kingambit|Sucker Punch|p1a: Froslass\n|-supereffective|p1a: Froslass|1\n|-damage|p1a: Froslass|0 fnt\n|faint|p1a: Froslass\n|\n|-weather|Snowscape|[upkeep]\n|upkeep\n|turn|6\n|\n|t:|1776596873\n|move|p1b: Kingambit|Protect|p1b: Kingambit\n|-singleturn|p1b: Kingambit|Protect\n|move|p2b: Kingambit|Sucker Punch||[still]\n|-fail|p2b: Kingambit\n|move|p2a: Incineroar|Flare Blitz|p1b: Kingambit\n|-activate|p1b: Kingambit|move: Protect\n|\n|-weather|Snowscape|[upkeep]\n|upkeep\n|turn|7\n|\n|t:|1776596894\n|move|p1b: Kingambit|Sucker Punch|p2b: Kingambit\n|-resisted|p2b: Kingambit|1\n|-damage|p2b: Kingambit|0 fnt\n|faint|p2b: Kingambit\n|move|p2a: Incineroar|Flare Blitz|p1b: Kingambit\n|-supereffective|p1b: Kingambit|1\n|-enditem|p1b: Kingambit|Focus Sash\n|-damage|p1b: Kingambit|1/100\n|-damage|p2a: Incineroar|0 fnt|[from] Recoil\n|faint|p2a: Incineroar\n|\n|-weather|Snowscape|[upkeep]\n|upkeep\n|\n|t:|1776596911\n|switch|p2b: Sinistcha|Sinistcha, L50, shiny|85/100\n|turn|8\n|\n|t:|1776596918\n|move|p1b: Kingambit|Iron Head|p2b: Sinistcha\n|-damage|p2b: Sinistcha|22/100\n|move|p2b: Sinistcha|Matcha Gotcha|p1b: Kingambit|[miss]\n|-miss|p2b: Sinistcha|p1b: Kingambit\n|\n|-weather|Snowscape|[upkeep]\n|upkeep\n|turn|9\n|\n|t:|1776596930\n|move|p1b: Kingambit|Iron Head|p2b: Sinistcha\n|-damage|p2b: Sinistcha|0 fnt\n|faint|p2b: Sinistcha\n|\n|win|Zeromus87\n|raw|Zeromus87's rating: 1030 &rarr; <strong>1062</strong><br />(+32 for winning)\n|raw|Sato9999Vier's rating: 1000 &rarr; <strong>1000</strong><br />(+0 for losing)\n",
  "uploadtime": 1776596942,
  "views": 19,
  "formatid": "gen9championsvgc2026regma",
  "rating": 1000,
  "private": 0,
  "password": null
}