{
  "id": "gen9championsvgc2026regma-2585742690",
  "format": "[Gen 9 Champions] VGC 2026 Reg M-A",
  "players": [
    "Govek314",
    "EduarG4M3"
  ],
  "log": "|j|\u2606Govek314\n|j|\u2606EduarG4M3\n|t:|1776367479\n|gametype|doubles\n|player|p1|Govek314|266|1289\n|player|p2|EduarG4M3|nate|1342\n|gen|9\n|tier|[Gen 9 Champions] VGC 2026 Reg M-A\n|rated|\n|rule|Species Clause: Limit one of each Pok\u00e9mon\n|rule|Item Clause: Limit 1 of each item\n|clearpoke\n|poke|p1|Tyranitar, L50, M|\n|poke|p1|Excadrill, L50, M|\n|poke|p1|Meganium, L50, M|\n|poke|p1|Sneasler, L50, F|\n|poke|p1|Dragapult, L50, F|\n|poke|p1|Rotom-Wash, L50|\n|poke|p2|Charizard, L50, M|\n|poke|p2|Venusaur, L50, M|\n|poke|p2|Whimsicott, L50, F|\n|poke|p2|Garchomp, L50, M|\n|poke|p2|Incineroar, L50, F|\n|poke|p2|Basculegion, L50, M|\n|teampreview|4\n|inactive|Battle timer is ON: inactive players will automatically lose when time's up. (requested by EduarG4M3)\n|inactive|Govek314 has 60 seconds left.\n|\n|t:|1776367551\n|teamsize|p1|4\n|teamsize|p2|4\n|start\n|switch|p1a: Tyranitar|Tyranitar, L50, M|100/100\n|switch|p1b: Excadrill|Excadrill, L50, M|100/100\n|switch|p2a: Whimsicott|Whimsicott, L50, F, shiny|100/100\n|switch|p2b: Garchomp|Garchomp, L50, M|100/100\n|-weather|Sandstorm|[from] ability: Sand Stream|[of] p1a: Tyranitar\n|turn|1\n|inactive|Govek314 has 30 seconds left.\n|\n|t:|1776367585\n|switch|p1a: Rotom|Rotom-Wash, L50|100/100\n|move|p2a: Whimsicott|Tailwind|p2a: Whimsicott\n|-sidestart|p2: EduarG4M3|move: Tailwind\n|move|p2b: Garchomp|Earthquake|p1b: Excadrill|[spread] p2a,p1b\n|-immune|p1a: Rotom|[from] ability: Levitate\n|-resisted|p2a: Whimsicott|1\n|-supereffective|p1b: Excadrill|1\n|-damage|p2a: Whimsicott|75/100\n|-enditem|p1b: Excadrill|Focus Sash\n|-damage|p1b: Excadrill|1/100\n|move|p1b: Excadrill|Iron Head|p2a: Whimsicott\n|-supereffective|p2a: Whimsicott|1\n|-damage|p2a: Whimsicott|0 fnt\n|faint|p2a: Whimsicott\n|\n|-weather|Sandstorm|[upkeep]\n|-damage|p1a: Rotom|95/100|[from] Sandstorm\n|upkeep\n|\n|t:|1776367602\n|switch|p2a: Charizard|Charizard, L50, M, shiny|100/100\n|turn|2\n|inactive|Govek314 has 30 seconds left.\n|inactive|EduarG4M3 has 30 seconds left.\n|inactive|Govek314 has 20 seconds left.\n|inactive|Govek314 has 15 seconds left.\n|\n|t:|1776367649\n|move|p2a: Charizard|Protect|p2a: Charizard\n|-singleturn|p2a: Charizard|Protect\n|move|p2b: Garchomp|Rock Slide|p1b: Excadrill|[spread] p1a,p1b\n|-crit|p1a: Rotom\n|-resisted|p1b: Excadrill|2\n|-damage|p1a: Rotom|56/100\n|-damage|p1b: Excadrill|0 fnt\n|faint|p1b: Excadrill\n|cant|p1a: Rotom|flinch\n|\n|-weather|Sandstorm|[upkeep]\n|-damage|p2a: Charizard|95/100|[from] Sandstorm\n|-damage|p1a: Rotom|50/100|[from] Sandstorm\n|upkeep\n|\n|t:|1776367669\n|switch|p1b: Tyranitar|Tyranitar, L50, M|100/100\n|turn|3\n|\n|t:|1776367693\n|detailschange|p2a: Charizard|Charizard-Mega-Y, L50, M, shiny\n|-mega|p2a: Charizard|Charizard|Charizardite Y\n|-weather|SunnyDay|[from] ability: Drought|[of] p2a: Charizard\n|move|p1b: Tyranitar|Protect|p1b: Tyranitar\n|-singleturn|p1b: Tyranitar|Protect\n|move|p2b: Garchomp|Earthquake|p1a: Rotom|[spread] \n|-activate|p1b: Tyranitar|move: Protect\n|-immune|p2a: Charizard\n|-immune|p1a: Rotom|[from] ability: Levitate\n|move|p2a: Charizard|Solar Beam||[still]\n|-prepare|p2a: Charizard|Solar Beam\n|-anim|p2a: Charizard|Solar Beam|p1a: Rotom\n|-supereffective|p1a: Rotom|1\n|-damage|p1a: Rotom|0 fnt\n|faint|p1a: Rotom\n|\n|-weather|SunnyDay|[upkeep]\n|upkeep\n|\n|t:|1776367709\n|switch|p1a: Dragapult|Dragapult, L50, F|100/100\n|turn|4\n|\n|t:|1776367727\n|detailschange|p1b: Tyranitar|Tyranitar-Mega, L50, M\n|-mega|p1b: Tyranitar|Tyranitar|Tyranitarite\n|-weather|Sandstorm|[from] ability: Sand Stream|[of] p1b: Tyranitar\n|move|p1a: Dragapult|Protect|p1a: Dragapult\n|-singleturn|p1a: Dragapult|Protect\n|move|p2b: Garchomp|Earthquake|p1b: Tyranitar|[spread] p1b\n|-activate|p1a: Dragapult|move: Protect\n|-immune|p2a: Charizard\n|-supereffective|p1b: Tyranitar|1\n|-damage|p1b: Tyranitar|45/100\n|move|p2a: Charizard|Weather Ball|p1b: Tyranitar\n|-damage|p1b: Tyranitar|22/100\n|move|p1b: Tyranitar|Rock Slide|p2b: Garchomp|[spread] p2a,p2b\n|-supereffective|p2a: Charizard|2\n|-crit|p2a: Charizard\n|-resisted|p2b: Garchomp|1\n|-damage|p2a: Charizard|0 fnt\n|-damage|p2b: Garchomp|82/100\n|faint|p2a: Charizard\n|\n|-weather|Sandstorm|[upkeep]\n|-damage|p1a: Dragapult|94/100|[from] Sandstorm\n|-sideend|p2: EduarG4M3|move: Tailwind\n|upkeep\n|\n|t:|1776367740\n|switch|p2a: Basculegion|Basculegion, L50, M|100/100\n|turn|5\n|inactive|Govek314 has 30 seconds left.\n|\n|t:|1776367773\n|move|p1a: Dragapult|Dragon Darts|p2b: Garchomp\n|-supereffective|p2b: Garchomp|1\n|-damage|p2b: Garchomp|32/100\n|-anim|p1a: Dragapult|Dragon Darts|p2a: Basculegion\n|-damage|p2a: Basculegion|67/100\n|move|p2a: Basculegion|Last Respects|p1a: Dragapult\n|-supereffective|p1a: Dragapult|1\n|-damage|p1a: Dragapult|0 fnt\n|faint|p1a: Dragapult\n|move|p2b: Garchomp|Earthquake|p1b: Tyranitar|[spread] p2a,p1b\n|-supereffective|p1b: Tyranitar|1\n|-damage|p2a: Basculegion|14/100\n|-damage|p1b: Tyranitar|0 fnt\n|faint|p1b: Tyranitar\n|\n|win|EduarG4M3\n|raw|Govek314's rating: 1289 &rarr; <strong>1268</strong><br />(-21 for losing)\n|raw|EduarG4M3's rating: 1342 &rarr; <strong>1359</strong><br />(+17 for winning)\n|l|\u2606EduarG4M3\n|player|p2|\n",
  "uploadtime": 1776367793,
  "views": 24,
  "formatid": "gen9championsvgc2026regma",
  "rating": 1268,
  "private": 0,
  "password": null
}