{
  "id": "gen9championsvgc2026regma-2588169067",
  "format": "[Gen 9 Champions] VGC 2026 Reg M-A",
  "players": [
    "Kvaaan",
    "indigoops"
  ],
  "log": "|j|\u2606Kvaaan\n|j|\u2606indigoops\n|t:|1776611048\n|gametype|doubles\n|player|p1|Kvaaan|veteran|1055\n|player|p2|indigoops|clemont|1123\n|gen|9\n|tier|[Gen 9 Champions] VGC 2026 Reg M-A\n|rated|\n|rule|Species Clause: Limit one of each Pok\u00e9mon\n|rule|Item Clause: Limit 1 of each item\n|clearpoke\n|poke|p1|Altaria, L50, F, shiny|\n|poke|p1|Sinistcha, L50|\n|poke|p1|Incineroar, L50, F|\n|poke|p1|Aegislash, L50, F|\n|poke|p1|Rotom-Wash, L50|\n|poke|p1|Basculegion, L50, M|\n|poke|p2|Drampa, L50, M|\n|poke|p2|Sinistcha, L50|\n|poke|p2|Alakazam, L50, F|\n|poke|p2|Scizor, L50, M|\n|poke|p2|Basculegion, L50, M|\n|poke|p2|Pelipper, L50, M|\n|teampreview|4\n|inactive|Battle timer is ON: inactive players will automatically lose when time's up. (requested by indigoops)\n|inactive|Kvaaan has 60 seconds left.\n|inactive|indigoops has 60 seconds left.\n|inactive|indigoops has 30 seconds left.\n|inactive|indigoops has 20 seconds left.\n|\n|t:|1776611121\n|teamsize|p1|4\n|teamsize|p2|4\n|start\n|switch|p1a: Altaria|Altaria, L50, F, shiny|100/100\n|switch|p1b: Incineroar|Incineroar, L50, F|100/100\n|switch|p2a: Drampa|Drampa, L50, M|100/100\n|switch|p2b: Alakazam|Alakazam, L50, F|100/100\n|-ability|p1a: Altaria|Cloud Nine\n|-ability|p1b: Incineroar|Intimidate|boost\n|-unboost|p2a: Drampa|atk|1\n|-fail|p2b: Alakazam|unboost|Attack|[from] ability: Inner Focus|[of] p2b: Alakazam\n|-ability|p2a: Drampa|Cloud Nine\n|turn|1\n|inactive|indigoops has 30 seconds left.\n|\n|t:|1776611152\n|detailschange|p1a: Altaria|Altaria-Mega, L50, F, shiny\n|-mega|p1a: Altaria|Altaria|Altarianite\n|move|p2a: Drampa|Protect|p2a: Drampa\n|-singleturn|p2a: Drampa|Protect\n|move|p1a: Altaria|Hyper Voice|p2b: Alakazam|[spread] p2b\n|-activate|p2a: Drampa|move: Protect\n|-damage|p2b: Alakazam|58/100\n|move|p1b: Incineroar|Throat Chop|p2a: Drampa\n|-activate|p2a: Drampa|move: Protect\n|move|p2b: Alakazam|Trick Room|p2b: Alakazam\n|-fieldstart|move: Trick Room|[of] p2b: Alakazam\n|\n|upkeep\n|turn|2\n|inactive|indigoops has 30 seconds left.\n|inactive|indigoops has 20 seconds left.\n|inactive|indigoops has 15 seconds left.\n|inactive|indigoops has 10 seconds left.\n|inactive|indigoops has 5 seconds left.\n|\n|t:|1776611202\n|detailschange|p2a: Drampa|Drampa-Mega, L50, M\n|-mega|p2a: Drampa|Drampa|Drampanite\n|move|p2a: Drampa|Hyper Voice|p1a: Altaria|[spread] p1a,p1b\n|-damage|p1a: Altaria|62/100\n|-damage|p1b: Incineroar|66/100\n|move|p1b: Incineroar|Throat Chop|p2a: Drampa\n|-damage|p2a: Drampa|70/100\n|-start|p2a: Drampa|Throat Chop|[silent]\n|move|p1a: Altaria|Hyper Voice|p2b: Alakazam|[spread] p2a,p2b\n|-supereffective|p2a: Drampa|1\n|-damage|p2a: Drampa|10/100\n|-damage|p2b: Alakazam|17/100\n|-ability|p2a: Drampa|Berserk|boost\n|-boost|p2a: Drampa|spa|1\n|move|p2b: Alakazam|Speed Swap|p1b: Incineroar\n|-activate|p2b: Alakazam|move: Speed Swap|[of] p1b: Incineroar\n|\n|upkeep\n|turn|3\n|inactive|Kvaaan has 30 seconds left.\n|inactive|indigoops has 30 seconds left.\n|inactive|Kvaaan has 20 seconds left.\n|inactive|Kvaaan has 15 seconds left.\n|inactive|Kvaaan has 10 seconds left.\n|\n|t:|1776611250\n|move|p2a: Drampa|Protect|p2a: Drampa\n|-singleturn|p2a: Drampa|Protect\n|move|p2b: Alakazam|Light Screen|p2b: Alakazam\n|-sidestart|p2: indigoops|move: Light Screen\n|move|p1a: Altaria|Hyper Voice|p2b: Alakazam|[spread] p2b\n|-activate|p2a: Drampa|move: Protect\n|-damage|p2b: Alakazam|0 fnt\n|faint|p2b: Alakazam\n|move|p1b: Incineroar|Parting Shot|p2a: Drampa\n|-activate|p2a: Drampa|move: Protect\n|\n|-end|p2a: Drampa|Throat Chop|[silent]\n|upkeep\n|\n|t:|1776611263\n|switch|p2b: Pelipper|Pelipper, L50, M|100/100\n|-weather|RainDance|[from] ability: Drizzle|[of] p2b: Pelipper\n|turn|4\n|\n|t:|1776611283\n|switch|p1b: Rotom|Rotom-Wash, L50|100/100\n|move|p2a: Drampa|Hyper Voice|p1a: Altaria|[spread] p1a,p1b\n|-damage|p1a: Altaria|1/100\n|-damage|p1b: Rotom|31/100\n|move|p2b: Pelipper|Hurricane|p1a: Altaria\n|-damage|p1a: Altaria|0 fnt\n|faint|p1a: Altaria\n|\n|-weather|RainDance|[upkeep]\n|upkeep\n|\n|t:|1776611294\n|switch|p1a: Incineroar|Incineroar, L50, F|66/100\n|-ability|p1a: Incineroar|Intimidate|boost\n|-unboost|p2a: Drampa|atk|1\n|-unboost|p2b: Pelipper|atk|1\n|turn|5\n|inactive|indigoops has 30 seconds left.\n|inactive|indigoops has 20 seconds left.\n|inactive|indigoops has 15 seconds left.\n|inactive|indigoops has 10 seconds left.\n|\n|t:|1776611344\n|move|p2a: Drampa|Protect|p2a: Drampa\n|-singleturn|p2a: Drampa|Protect\n|move|p1a: Incineroar|Fake Out|p2b: Pelipper\n|-crit|p2b: Pelipper\n|-damage|p2b: Pelipper|81/100\n|cant|p2b: Pelipper|flinch\n|move|p1b: Rotom|Volt Switch|p2b: Pelipper\n|-supereffective|p2b: Pelipper|2\n|-damage|p2b: Pelipper|0 fnt\n|faint|p2b: Pelipper\n|\n|t:|1776611358\n|switch|p1b: Aegislash|Aegislash, L50, F|100/100|[from] Volt Switch\n|\n|-weather|RainDance|[upkeep]\n|-fieldend|move: Trick Room\n|upkeep\n|\n|t:|1776611363\n|switch|p2b: Basculegion|Basculegion, L50, M|100/100\n|turn|6\n|\n|t:|1776611388\n|move|p2b: Basculegion|Last Respects|p1b: Aegislash\n|-supereffective|p1b: Aegislash|1\n|-damage|p1b: Aegislash|0 fnt\n|faint|p1b: Aegislash\n|move|p1a: Incineroar|Throat Chop|p2b: Basculegion\n|-supereffective|p2b: Basculegion|1\n|-damage|p2b: Basculegion|27/100\n|-start|p2b: Basculegion|Throat Chop|[silent]\n|move|p2a: Drampa|Earth Power|p1a: Incineroar\n|-supereffective|p1a: Incineroar|1\n|-damage|p1a: Incineroar|0 fnt\n|faint|p1a: Incineroar\n|\n|-weather|RainDance|[upkeep]\n|upkeep\n|\n|t:|1776611399\n|switch|p1b: Rotom|Rotom-Wash, L50|31/100\n|turn|7\n|\n|t:|1776611415\n|move|p2b: Basculegion|Last Respects|p1b: Rotom\n|-damage|p1b: Rotom|0 fnt\n|faint|p1b: Rotom\n|\n|win|indigoops\n|raw|Kvaaan's rating: 1055 &rarr; <strong>1040</strong><br />(-15 for losing)\n|raw|indigoops's rating: 1123 &rarr; <strong>1143</strong><br />(+20 for winning)\n|l|\u2606Kvaaan\n|player|p1|\n|c|\u2606indigoops|Ggs\n",
  "uploadtime": 1776611427,
  "views": 11,
  "formatid": "gen9championsvgc2026regma",
  "rating": 1040,
  "private": 0,
  "password": null
}