{
  "id": "gen9championsvgc2026regma-2588385705",
  "format": "[Gen 9 Champions] VGC 2026 Reg M-A",
  "players": [
    "GameLurker69",
    "jbrlt"
  ],
  "log": "|j|\u2606GameLurker69\n|j|\u2606jbrlt\n|t:|1776629133\n|gametype|doubles\n|player|p1|GameLurker69|1|1000\n|player|p2|jbrlt|170|1050\n|gen|9\n|tier|[Gen 9 Champions] VGC 2026 Reg M-A\n|rated|\n|rule|Species Clause: Limit one of each Pok\u00e9mon\n|rule|Item Clause: Limit 1 of each item\n|clearpoke\n|poke|p1|Blastoise, L50, M, shiny|\n|poke|p1|Pelipper, L50, M|\n|poke|p1|Basculegion, L50, M|\n|poke|p1|Venusaur, L50, M|\n|poke|p1|Rotom-Wash, L50, shiny|\n|poke|p1|Sneasler, L50, F|\n|poke|p2|Aggron, L50, F|\n|poke|p2|Sinistcha, L50|\n|poke|p2|Sneasler, L50, F|\n|poke|p2|Tyranitar, L50, F|\n|poke|p2|Farigiraf, L50, F|\n|poke|p2|Incineroar, L50, M|\n|teampreview|4\n|inactive|Battle timer is ON: inactive players will automatically lose when time's up. (requested by jbrlt)\njbrlt rejected open team sheets.\n|inactive|GameLurker69 has 60 seconds left.\n|\n|t:|1776629232\n|teamsize|p1|4\n|teamsize|p2|4\n|start\n|switch|p1a: Pelipper|Pelipper, L50, M|100/100\n|switch|p1b: Basculegion|Basculegion, L50, M|100/100\n|switch|p2a: Aggron|Aggron, L50, F|100/100\n|switch|p2b: Sinistcha|Sinistcha, L50|100/100\n|-weather|RainDance|[from] ability: Drizzle|[of] p1a: Pelipper\n|turn|1\n|\n|t:|1776629255\n|detailschange|p2a: Aggron|Aggron-Mega, L50, F\n|-mega|p2a: Aggron|Aggron|Aggronite\n|move|p1b: Basculegion|Last Respects|p2b: Sinistcha\n|-supereffective|p2b: Sinistcha|1\n|-damage|p2b: Sinistcha|58/100\n|move|p1a: Pelipper|Hurricane|p2b: Sinistcha\n|-supereffective|p2b: Sinistcha|1\n|-damage|p2b: Sinistcha|0 fnt\n|faint|p2b: Sinistcha\n|move|p2a: Aggron|Iron Defense|p2a: Aggron\n|-boost|p2a: Aggron|def|2\n|\n|-weather|RainDance|[upkeep]\n|upkeep\n|\n|t:|1776629271\n|switch|p2b: Tyranitar|Tyranitar, L50, F|100/100\n|-weather|Sandstorm|[from] ability: Sand Stream|[of] p2b: Tyranitar\n|turn|2\n|inactive|GameLurker69 has 30 seconds left.\n|\n|t:|1776629297\n|switch|p1b: Sneasler|Sneasler, L50, F|100/100\n|switch|p2b: Farigiraf|Farigiraf, L50, F|100/100\n|move|p1a: Pelipper|Protect|p1a: Pelipper\n|-singleturn|p1a: Pelipper|Protect\n|move|p2a: Aggron|Iron Defense|p2a: Aggron\n|-boost|p2a: Aggron|def|2\n|\n|-weather|Sandstorm|[upkeep]\n|-damage|p1b: Sneasler|95/100|[from] Sandstorm\n|-damage|p1a: Pelipper|94/100|[from] Sandstorm\n|-damage|p2b: Farigiraf|94/100|[from] Sandstorm\n|upkeep\n|turn|3\n|inactive|GameLurker69 has 30 seconds left.\n|inactive|jbrlt has 30 seconds left.\n|\n|t:|1776629327\n|switch|p1a: Basculegion|Basculegion, L50, M|100/100\n|move|p1b: Sneasler|Close Combat|p2b: Farigiraf\n|-damage|p2b: Farigiraf|27/100\n|-unboost|p1b: Sneasler|def|1\n|-unboost|p1b: Sneasler|spd|1\n|-enditem|p1b: Sneasler|White Herb\n|-clearnegativeboost|p1b: Sneasler|[silent]\n|move|p2a: Aggron|Iron Defense|p2a: Aggron\n|-boost|p2a: Aggron|def|2\n|move|p2b: Farigiraf|Trick Room|p2b: Farigiraf\n|-fieldstart|move: Trick Room|[of] p2b: Farigiraf\n|\n|-weather|Sandstorm|[upkeep]\n|-damage|p2b: Farigiraf|21/100|[from] Sandstorm\n|-damage|p1a: Basculegion|94/100|[from] Sandstorm\n|-damage|p1b: Sneasler|89/100|[from] Sandstorm\n|upkeep\n|turn|4\n|\n|t:|1776629349\n|move|p2b: Farigiraf|Protect|p2b: Farigiraf\n|-singleturn|p2b: Farigiraf|Protect\n|move|p1b: Sneasler|Protect|p1b: Sneasler\n|-singleturn|p1b: Sneasler|Protect\n|move|p2a: Aggron|Heavy Slam|p1b: Sneasler\n|-activate|p1b: Sneasler|move: Protect\n|move|p1a: Basculegion|Flip Turn|p2b: Farigiraf\n|-activate|p2b: Farigiraf|move: Protect\n|\n|-weather|Sandstorm|[upkeep]\n|-damage|p2b: Farigiraf|15/100|[from] Sandstorm\n|-damage|p1a: Basculegion|88/100|[from] Sandstorm\n|-damage|p1b: Sneasler|83/100|[from] Sandstorm\n|upkeep\n|turn|5\n|inactive|jbrlt has 30 seconds left.\n|inactive|jbrlt has 20 seconds left.\n|\n|t:|1776629386\n|switch|p1b: Pelipper|Pelipper, L50, M|94/100\n|-weather|RainDance|[from] ability: Drizzle|[of] p1b: Pelipper\n|move|p2a: Aggron|Heavy Slam|p1b: Pelipper\n|-resisted|p1b: Pelipper|1\n|-damage|p1b: Pelipper|64/100\n|move|p2b: Farigiraf|Hyper Voice|p1b: Pelipper|[spread] p1b\n|-immune|p1a: Basculegion\n|-damage|p1b: Pelipper|28/100\n|move|p1a: Basculegion|Flip Turn|p2b: Farigiraf\n|-damage|p2b: Farigiraf|0 fnt\n|faint|p2b: Farigiraf\n|\n|t:|1776629403\n|switch|p1a: Sneasler|Sneasler, L50, F|83/100|[from] Flip Turn\n|\n|-weather|RainDance|[upkeep]\n|upkeep\n|\n|t:|1776629408\n|switch|p2b: Tyranitar|Tyranitar, L50, F|100/100\n|-weather|Sandstorm|[from] ability: Sand Stream|[of] p2b: Tyranitar\n|turn|6\n|inactive|jbrlt has 30 seconds left.\n|inactive|GameLurker69 has 30 seconds left.\n|\n|t:|1776629448\n|switch|p1b: Basculegion|Basculegion, L50, M|88/100\n|move|p1a: Sneasler|Fake Out|p2a: Aggron\n|-resisted|p2a: Aggron|1\n|-damage|p2a: Aggron|99/100\n|cant|p2a: Aggron|flinch\n|move|p2b: Tyranitar|Ice Punch|p1a: Sneasler\n|-damage|p1a: Sneasler|33/100\n|\n|-weather|Sandstorm|[upkeep]\n|-damage|p1a: Sneasler|27/100|[from] Sandstorm\n|-damage|p1b: Basculegion|82/100|[from] Sandstorm\n|upkeep\n|turn|7\n|inactive|GameLurker69 has 30 seconds left.\n|inactive|jbrlt has 30 seconds left.\n|\n|t:|1776629475\n|switch|p1b: Pelipper|Pelipper, L50, M|28/100\n|-weather|RainDance|[from] ability: Drizzle|[of] p1b: Pelipper\n|move|p2a: Aggron|Heavy Slam|p1a: Sneasler\n|-damage|p1a: Sneasler|0 fnt\n|faint|p1a: Sneasler\n|move|p2b: Tyranitar|Knock Off|p1b: Pelipper\n|-damage|p1b: Pelipper|0 fnt\n|-enditem|p1b: Pelipper|Focus Sash|[from] move: Knock Off|[of] p2b: Tyranitar\n|faint|p1b: Pelipper\n|\n|-weather|RainDance|[upkeep]\n|-fieldend|move: Trick Room\n|upkeep\n|\n|t:|1776629483\n|switch|p1a: Basculegion|Basculegion, L50, M|82/100\n|switch|p1b: Blastoise|Blastoise, L50, M, shiny|100/100\n|turn|8\n|inactive|GameLurker69 has 30 seconds left.\n|\n|t:|1776629514\n|detailschange|p1b: Blastoise|Blastoise-Mega, L50, M, shiny\n|-mega|p1b: Blastoise|Blastoise|Blastoisinite\n|move|p1a: Basculegion|Wave Crash|p2b: Tyranitar\n|-supereffective|p2b: Tyranitar|1\n|-damage|p2b: Tyranitar|0 fnt\n|faint|p2b: Tyranitar\n|-damage|p1a: Basculegion|47/100|[from] Recoil\n|move|p1b: Blastoise|Water Spout|p2a: Aggron\n|-damage|p2a: Aggron|0 fnt\n|faint|p2a: Aggron\n|\n|win|GameLurker69\n|raw|GameLurker69's rating: 1000 &rarr; <strong>1046</strong><br />(+46 for winning)\n|raw|jbrlt's rating: 1050 &rarr; <strong>1030</strong><br />(-20 for losing)\n|l|\u2606jbrlt\n|player|p2|\n",
  "uploadtime": 1776629529,
  "views": 19,
  "formatid": "gen9championsvgc2026regma",
  "rating": 1030,
  "private": 0,
  "password": null
}