{
  "id": "gen9championsvgc2026regma-2580552207",
  "format": "[Gen 9 Champions] VGC 2026 Reg M-A",
  "players": [
    "Alaskan_fisher",
    "420CatBug"
  ],
  "log": "|j|\u2606Alaskan_fisher\n|j|\u2606420CatBug\n|t:|1775912018\n|gametype|doubles\n|player|p1|Alaskan_fisher|1|1139\n|player|p2|420CatBug|blaine|1078\n|gen|9\n|tier|[Gen 9 Champions] VGC 2026 Reg M-A\n|rated|\n|rule|Species Clause: Limit one of each Pok\u00e9mon\n|rule|Item Clause: Limit 1 of each item\n|clearpoke\n|poke|p1|Charizard, L50, M|\n|poke|p1|Garchomp, L50, M|\n|poke|p1|Incineroar, L50, F|\n|poke|p1|Whimsicott, L50, F|\n|poke|p1|Rotom-Wash, L50|\n|poke|p1|Sneasler, L50, M|\n|poke|p2|Starmie, L50|\n|poke|p2|Kingambit, L50, F|\n|poke|p2|Sneasler, L50, M|\n|poke|p2|Sylveon, L50, F|\n|poke|p2|Incineroar, L50, M|\n|poke|p2|Sinistcha-Masterpiece, L50|\n|teampreview|4\nAlaskan_fisher has agreed to open team sheets.\n|inactive|Battle timer is ON: inactive players will automatically lose when time's up. (requested by Alaskan_fisher)\n|\n|t:|1775912083\n|teamsize|p1|4\n|teamsize|p2|4\n|start\n|switch|p1a: Charizard|Charizard, L50, M|100/100\n|switch|p1b: Whimsicott|Whimsicott, L50, F|100/100\n|switch|p2a: Kingambit|Kingambit, L50, F|100/100\n|switch|p2b: Sylveon|Sylveon, L50, F|100/100\n|turn|1\n|inactive|Alaskan_fisher has 30 seconds left.\n|inactive|420CatBug has 30 seconds left.\n|inactive|Alaskan_fisher has 20 seconds left.\n|\n|t:|1775912119\n|switch|p2a: Incineroar|Incineroar, L50, M|100/100\n|-ability|p2a: Incineroar|Intimidate|boost\n|-unboost|p1a: Charizard|atk|1\n|-unboost|p1b: Whimsicott|atk|1\n|detailschange|p1a: Charizard|Charizard-Mega-Y, L50, M\n|-mega|p1a: Charizard|Charizard|Charizardite Y\n|-weather|SunnyDay|[from] ability: Drought|[of] p1a: Charizard\n|move|p1b: Whimsicott|Tailwind|p1b: Whimsicott\n|-sidestart|p1: Alaskan_fisher|move: Tailwind\n|move|p1a: Charizard|Weather Ball|p2a: Incineroar\n|-resisted|p2a: Incineroar|1\n|-damage|p2a: Incineroar|56/100\n|move|p2b: Sylveon|Calm Mind|p2b: Sylveon\n|-boost|p2b: Sylveon|spa|1\n|-boost|p2b: Sylveon|spd|1\n|\n|-weather|SunnyDay|[upkeep]\n|upkeep\n|turn|2\n|inactive|Alaskan_fisher has 30 seconds left.\n|inactive|420CatBug has 30 seconds left.\n|\n|t:|1775912153\n|move|p2a: Incineroar|Fake Out|p1a: Charizard\n|-damage|p1a: Charizard|82/100\n|move|p1b: Whimsicott|Encore|p2b: Sylveon\n|-start|p2b: Sylveon|Encore\n|cant|p1a: Charizard|flinch\n|move|p2b: Sylveon|Calm Mind|p2b: Sylveon\n|-boost|p2b: Sylveon|spa|1\n|-boost|p2b: Sylveon|spd|1\n|\n|-weather|SunnyDay|[upkeep]\n|upkeep\n|turn|3\n|\n|t:|1775912171\n|move|p1a: Charizard|Weather Ball|p2a: Incineroar\n|-resisted|p2a: Incineroar|1\n|-damage|p2a: Incineroar|7/100\n|-enditem|p2a: Incineroar|Sitrus Berry|[eat]\n|-heal|p2a: Incineroar|32/100|[from] item: Sitrus Berry\n|move|p1b: Whimsicott|Moonblast|p2a: Incineroar\n|-damage|p2a: Incineroar|0 fnt\n|faint|p2a: Incineroar\n|move|p2b: Sylveon|Calm Mind|p2b: Sylveon\n|-boost|p2b: Sylveon|spa|1\n|-boost|p2b: Sylveon|spd|1\n|\n|-weather|SunnyDay|[upkeep]\n|upkeep\n|\n|t:|1775912186\n|switch|p2a: Kingambit|Kingambit, L50, F|100/100\n|turn|4\n|inactive|Alaskan_fisher has 30 seconds left.\n|\n|t:|1775912215\n|switch|p1b: Garchomp|Garchomp, L50, M|100/100\n|move|p2a: Kingambit|Sucker Punch|p1a: Charizard\n|-damage|p1a: Charizard|19/100\n|move|p1a: Charizard|Weather Ball|p2b: Sylveon\n|-damage|p2b: Sylveon|69/100\n|move|p2b: Sylveon|Calm Mind|p2b: Sylveon\n|-boost|p2b: Sylveon|spa|1\n|-boost|p2b: Sylveon|spd|1\n|\n|-weather|SunnyDay|[upkeep]\n|-end|p2b: Sylveon|Encore\n|-sideend|p1: Alaskan_fisher|move: Tailwind\n|upkeep\n|turn|5\n|inactive|Alaskan_fisher has 30 seconds left.\n|inactive|420CatBug has 30 seconds left.\n|inactive|Alaskan_fisher has 20 seconds left.\n|inactive|420CatBug has 20 seconds left.\n|inactive|420CatBug has 15 seconds left.\n|\n|t:|1775912257\n|move|p1a: Charizard|Protect|p1a: Charizard\n|-singleturn|p1a: Charizard|Protect\n|move|p2a: Kingambit|Sucker Punch||[still]\n|-fail|p2a: Kingambit\n|move|p1b: Garchomp|Earthquake|p2b: Sylveon|[spread] p2a,p2b\n|-activate|p1a: Charizard|move: Protect\n|-supereffective|p2a: Kingambit|1\n|-damage|p2a: Kingambit|41/100\n|-damage|p2b: Sylveon|28/100\n|move|p2b: Sylveon|Hyper Voice|p1b: Garchomp|[spread] p1b\n|-activate|p1a: Charizard|move: Protect\n|-supereffective|p1b: Garchomp|1\n|-damage|p1b: Garchomp|0 fnt\n|faint|p1b: Garchomp\n|\n|-weather|none\n|upkeep\n|\n|t:|1775912275\n|switch|p1b: Incineroar|Incineroar, L50, F|100/100\n|-ability|p1b: Incineroar|Intimidate|boost\n|-unboost|p2a: Kingambit|atk|1\n|-ability|p2a: Kingambit|Defiant|boost\n|-boost|p2a: Kingambit|atk|2\n|-unboost|p2b: Sylveon|atk|1\n|turn|6\n|inactive|Alaskan_fisher has 30 seconds left.\n|\n|t:|1775912301\n|switch|p1a: Whimsicott|Whimsicott, L50, F|100/100\n|move|p2b: Sylveon|Detect|p2b: Sylveon\n|-singleturn|p2b: Sylveon|Protect\n|move|p2a: Kingambit|Protect|p2a: Kingambit\n|-singleturn|p2a: Kingambit|Protect\n|move|p1b: Incineroar|Fake Out|p2b: Sylveon\n|-activate|p2b: Sylveon|move: Protect\n|\n|upkeep\n|turn|7\n|inactive|420CatBug has 30 seconds left.\n|\n|t:|1775912330\n|move|p1a: Whimsicott|Encore|p2b: Sylveon\n|-start|p2b: Sylveon|Encore\n|move|p2b: Sylveon|Detect||[still]\n|-fail|p2b: Sylveon\n|move|p1b: Incineroar|Flare Blitz|p2a: Kingambit\n|-supereffective|p2a: Kingambit|1\n|-damage|p2a: Kingambit|0 fnt\n|faint|p2a: Kingambit\n|-damage|p1b: Incineroar|87/100|[from] Recoil\n|\n|upkeep\n|\n|t:|1775912336\n|switch|p2a: Starmie|Starmie, L50|100/100\n|turn|8\n|\n|t:|1775912360\n|detailschange|p2a: Starmie|Starmie-Mega, L50\n|-mega|p2a: Starmie|Starmie|Starminite\n|move|p2b: Sylveon|Detect|p2b: Sylveon\n|-singleturn|p2b: Sylveon|Protect\n|move|p1a: Whimsicott|Tailwind|p1a: Whimsicott\n|-sidestart|p1: Alaskan_fisher|move: Tailwind\n|move|p2a: Starmie|Liquidation|p1b: Incineroar\n|-supereffective|p1b: Incineroar|1\n|-damage|p1b: Incineroar|0 fnt\n|faint|p1b: Incineroar\n|\n|upkeep\n|\n|t:|1775912369\n|switch|p1b: Charizard|Charizard-Mega-Y, L50, M|19/100\n|-weather|SunnyDay|[from] ability: Drought|[of] p1b: Charizard\n|turn|9\n|inactive|Alaskan_fisher has 30 seconds left.\n|inactive|420CatBug has 30 seconds left.\n|inactive|Alaskan_fisher has 20 seconds left.\n|\n|t:|1775912406\n|move|p1b: Charizard|Protect|p1b: Charizard\n|-singleturn|p1b: Charizard|Protect\n|move|p2b: Sylveon|Detect||[still]\n|-fail|p2b: Sylveon\n|move|p1a: Whimsicott|Encore|p2a: Starmie\n|-start|p2a: Starmie|Encore\n|move|p2a: Starmie|Liquidation|p1a: Whimsicott\n|-resisted|p1a: Whimsicott|1\n|-damage|p1a: Whimsicott|80/100\n|-unboost|p1a: Whimsicott|def|1\n|\n|-weather|SunnyDay|[upkeep]\n|-end|p2b: Sylveon|Encore\n|upkeep\n|turn|10\n|inactive|420CatBug has 30 seconds left.\n|\n|t:|1775912441\n|move|p2b: Sylveon|Helping Hand|p2a: Starmie\n|-singleturn|p2a: Starmie|Helping Hand|[of] p2b: Sylveon\n|move|p1a: Whimsicott|Encore|p2b: Sylveon\n|-start|p2b: Sylveon|Encore\n|move|p1b: Charizard|Solar Beam||[still]\n|-prepare|p1b: Charizard|Solar Beam\n|-anim|p1b: Charizard|Solar Beam|p2a: Starmie\n|-supereffective|p2a: Starmie|1\n|-damage|p2a: Starmie|0 fnt\n|faint|p2a: Starmie\n|\n|-weather|SunnyDay|[upkeep]\n|upkeep\n|turn|11\n|-message|420CatBug forfeited.\n|\n|win|Alaskan_fisher\n|raw|Alaskan_fisher's rating: 1139 &rarr; <strong>1160</strong><br />(+21 for winning)\n|raw|420CatBug's rating: 1078 &rarr; <strong>1060</strong><br />(-18 for losing)\n|l|\u2606420CatBug\n|player|p2|\n",
  "uploadtime": 1775912461,
  "views": 35,
  "formatid": "gen9championsvgc2026regma",
  "rating": 1060,
  "private": 0,
  "password": null
}