{
  "id": "gen9championsvgc2026regma-2588698955",
  "format": "[Gen 9 Champions] VGC 2026 Reg M-A",
  "players": [
    "knockoffgrim",
    "zapdos678"
  ],
  "log": "|j|\u2606knockoffgrim\n|j|\u2606zapdos678\n|t:|1776659137\n|gametype|doubles\n|player|p1|knockoffgrim|169|1073\n|player|p2|zapdos678|yellow|1044\n|gen|9\n|tier|[Gen 9 Champions] VGC 2026 Reg M-A\n|rated|\n|rule|Species Clause: Limit one of each Pok\u00e9mon\n|rule|Item Clause: Limit 1 of each item\n|clearpoke\n|poke|p1|Politoed, L50, F, shiny|\n|poke|p1|Goodra-Hisui, L50, M, shiny|\n|poke|p1|Basculegion, L50, M|\n|poke|p1|Sinistcha, L50, shiny|\n|poke|p1|Meganium, L50, F, shiny|\n|poke|p1|Araquanid, L50, F, shiny|\n|poke|p2|Skarmory, L50, M|\n|poke|p2|Politoed, L50, M|\n|poke|p2|Pelipper, L50, F|\n|poke|p2|Archaludon, L50, M|\n|poke|p2|Meganium, L50, M|\n|poke|p2|Garchomp, L50, M|\n|teampreview|4\n|inactive|Battle timer is ON: inactive players will automatically lose when time's up. (requested by knockoffgrim)\nknockoffgrim has agreed to open team sheets.\n|\n|t:|1776659167\n|teamsize|p1|4\n|teamsize|p2|4\n|start\n|switch|p1a: Gooup|Goodra-Hisui, L50, M, shiny|100/100\n|switch|p1b: Felicia|Sinistcha, L50, shiny|100/100\n|switch|p2a: Skarmory|Skarmory, L50, M|100/100\n|switch|p2b: Politoed|Politoed, L50, M|100/100\n|-weather|RainDance|[from] ability: Drizzle|[of] p2b: Politoed\n|turn|1\n|c|\u2606knockoffgrim|cant lie, never seen that before\n|inactive|knockoffgrim has 30 seconds left.\n|c|\u2606zapdos678|kek\n|c|\u2606knockoffgrim|have no clue how to check that\n|inactive|knockoffgrim has 20 seconds left.\n|c|\u2606zapdos678|what, skarm? or politoed\n|inactive|knockoffgrim has 15 seconds left.\n|c|\u2606knockoffgrim|the open sheet request thing\n|c|\u2606zapdos678|uh\n|inactive|knockoffgrim has 10 seconds left.\n|c|\u2606zapdos678|i have no idea what that is\n|\n|t:|1776659216\n|detailschange|p2a: Skarmory|Skarmory-Mega, L50, M\n|-mega|p2a: Skarmory|Skarmory|Skarmorite\n|move|p2a: Skarmory|Brave Bird|p1b: Felicia\n|-supereffective|p1b: Felicia|1\n|-enditem|p1b: Felicia|Focus Sash\n|-damage|p1b: Felicia|1/100\n|-damage|p2a: Skarmory|59/100|[from] Recoil\n|move|p2b: Politoed|Icy Wind|p1a: Gooup|[spread] p1a,p1b\n|-supereffective|p1b: Felicia|1\n|-damage|p1a: Gooup|94/100\n|-damage|p1b: Felicia|0 fnt\n|-unboost|p1a: Gooup|spe|1\n|faint|p1b: Felicia\n|move|p1a: Gooup|Curse|p1a: Gooup\n|-unboost|p1a: Gooup|spe|1\n|-boost|p1a: Gooup|atk|1\n|-boost|p1a: Gooup|def|1\n|\n|-weather|RainDance|[upkeep]\n|-heal|p1a: Gooup|99/100|[from] item: Leftovers\n|upkeep\n|c|\u2606knockoffgrim|f\n|inactive|knockoffgrim has 30 seconds left.\n|\n|t:|1776659246\n|switch|p1b: Annette|Araquanid, L50, F, shiny|100/100\n|turn|2\n|\n|t:|1776659257\n|move|p2a: Skarmory|Brave Bird|p1b: Annette\n|-supereffective|p1b: Annette|1\n|-damage|p1b: Annette|0 fnt\n|faint|p1b: Annette\n|-damage|p2a: Skarmory|25/100|[from] Recoil\n|move|p2b: Politoed|Encore|p1a: Gooup\n|-start|p1a: Gooup|Encore\n|move|p1a: Gooup|Curse|p1a: Gooup\n|-unboost|p1a: Gooup|spe|1\n|-boost|p1a: Gooup|atk|1\n|-boost|p1a: Gooup|def|1\n|\n|-weather|RainDance|[upkeep]\n|-heal|p1a: Gooup|100/100|[from] item: Leftovers\n|upkeep\n|\n|t:|1776659261\n|switch|p1b: Mini|Meganium, L50, F, shiny|100/100\n|turn|3\n|c|\u2606knockoffgrim|diabloical\n|\n|t:|1776659281\n|move|p2a: Skarmory|Brave Bird|p1b: Mini\n|-supereffective|p1b: Mini|1\n|-damage|p1b: Mini|0 fnt\n|faint|p1b: Mini\n|-damage|p2a: Skarmory|0 fnt|[from] Recoil\n|faint|p2a: Skarmory\n|move|p2b: Politoed|Muddy Water|p1a: Gooup|[miss]\n|-miss|p2b: Politoed|p1a: Gooup\n|move|p1a: Gooup|Curse|p1a: Gooup\n|-unboost|p1a: Gooup|spe|1\n|-boost|p1a: Gooup|atk|1\n|-boost|p1a: Gooup|def|1\n|\n|-weather|RainDance|[upkeep]\n|upkeep\n|\n|t:|1776659293\n|switch|p2a: Archaludon|Archaludon, L50, M|100/100\n|turn|4\n|\n|t:|1776659298\n|move|p2a: Archaludon|Substitute|p2a: Archaludon\n|-start|p2a: Archaludon|Substitute\n|-damage|p2a: Archaludon|76/100\n|move|p2b: Politoed|Muddy Water|p1a: Gooup\n|-resisted|p1a: Gooup|1\n|-damage|p1a: Gooup|86/100\n|move|p1a: Gooup|Curse|p1a: Gooup\n|-unboost|p1a: Gooup|spe|1\n|-boost|p1a: Gooup|atk|1\n|-boost|p1a: Gooup|def|1\n|\n|-weather|RainDance|[upkeep]\n|-heal|p1a: Gooup|91/100|[from] item: Leftovers\n|-end|p1a: Gooup|Encore\n|upkeep\n|turn|5\n|\n|t:|1776659314\n|move|p1a: Gooup|Protect|p1a: Gooup\n|-singleturn|p1a: Gooup|Protect\n|move|p2a: Archaludon|Electro Shot||[still]\n|-prepare|p2a: Archaludon|Electro Shot\n|-boost|p2a: Archaludon|spa|1\n|-anim|p2a: Archaludon|Electro Shot|p1a: Gooup\n|-activate|p1a: Gooup|move: Protect\n|move|p2b: Politoed|Encore|p1a: Gooup\n|-activate|p1a: Gooup|move: Protect\n|\n|-weather|none\n|-heal|p1a: Gooup|97/100|[from] item: Leftovers\n|upkeep\n|turn|6\n|\n|t:|1776659327\n|move|p2a: Archaludon|Electro Shot||[still]\n|-prepare|p2a: Archaludon|Electro Shot\n|-boost|p2a: Archaludon|spa|1\n|move|p2b: Politoed|Encore|p1a: Gooup\n|-start|p1a: Gooup|Encore\n|move|p1a: Gooup|Protect||[still]\n|-fail|p1a: Gooup\n|\n|-heal|p1a: Gooup|100/100|[from] item: Leftovers\n|upkeep\n|turn|7\n|\n|t:|1776659339\n|switch|p2b: Pelipper|Pelipper, L50, F|100/100\n|-weather|RainDance|[from] ability: Drizzle|[of] p2b: Pelipper\n|move|p1a: Gooup|Protect|p1a: Gooup\n|-singleturn|p1a: Gooup|Protect\n|move|p2a: Archaludon|Electro Shot|p1a: Gooup|[from] lockedmove\n|-activate|p1a: Gooup|move: Protect\n|\n|-weather|RainDance|[upkeep]\n|upkeep\n|turn|8\n|c|\u2606knockoffgrim|just rude man\n|\n|t:|1776659349\n|move|p1a: Gooup|Protect|p1a: Gooup\n|-singleturn|p1a: Gooup|Protect\n|move|p2a: Archaludon|Electro Shot||[still]\n|-prepare|p2a: Archaludon|Electro Shot\n|-boost|p2a: Archaludon|spa|1\n|-anim|p2a: Archaludon|Electro Shot|p1a: Gooup\n|-activate|p1a: Gooup|move: Protect\n|move|p2b: Pelipper|Hydro Pump|p1a: Gooup\n|-activate|p1a: Gooup|move: Protect\n|\n|-weather|RainDance|[upkeep]\n|-end|p1a: Gooup|Encore\n|upkeep\n|turn|9\n|\n|t:|1776659354\n|move|p2a: Archaludon|Electro Shot||[still]\n|-prepare|p2a: Archaludon|Electro Shot\n|-boost|p2a: Archaludon|spa|1\n|-anim|p2a: Archaludon|Electro Shot|p1a: Gooup\n|-resisted|p1a: Gooup|1\n|-damage|p1a: Gooup|48/100\n|move|p2b: Pelipper|Hydro Pump|p1a: Gooup\n|-resisted|p1a: Gooup|1\n|-damage|p1a: Gooup|19/100\n|move|p1a: Gooup|Gyro Ball|p2b: Pelipper\n|-resisted|p2b: Pelipper|1\n|-damage|p2b: Pelipper|40/100\n|\n|-weather|RainDance|[upkeep]\n|-heal|p1a: Gooup|25/100|[from] item: Leftovers\n|upkeep\n|turn|10\n|\n|t:|1776659366\n|move|p2a: Archaludon|Electro Shot||[still]\n|-prepare|p2a: Archaludon|Electro Shot\n|-boost|p2a: Archaludon|spa|1\n|-anim|p2a: Archaludon|Electro Shot|p1a: Gooup\n|-resisted|p1a: Gooup|1\n|-crit|p1a: Gooup\n|-damage|p1a: Gooup|0 fnt\n|faint|p1a: Gooup\n|\n|win|zapdos678\n|raw|knockoffgrim's rating: 1073 &rarr; <strong>1050</strong><br />(-23 for losing)\n|raw|zapdos678's rating: 1044 &rarr; <strong>1080</strong><br />(+36 for winning)\n|c|\u2606zapdos678|gg\n|c|\u2606knockoffgrim|gg, disgusting strategy good luck man\n|l|\u2606knockoffgrim\n|player|p1|\n",
  "uploadtime": 1776659394,
  "views": 11,
  "formatid": "gen9championsvgc2026regma",
  "rating": 1050,
  "private": 0,
  "password": null
}