{
  "id": "gen9championsvgc2026regma-2584206253",
  "format": "[Gen 9 Champions] VGC 2026 Reg M-A",
  "players": [
    "massan2580",
    "ScribbleScribble"
  ],
  "log": "|j|\u2606massan2580\n|j|\u2606ScribbleScribble\n|t:|1776238124\n|gametype|doubles\n|player|p1|massan2580|169|1543\n|player|p2|ScribbleScribble|mina-lgpe|1602\n|gen|9\n|tier|[Gen 9 Champions] VGC 2026 Reg M-A\n|rated|\n|rule|Species Clause: Limit one of each Pok\u00e9mon\n|rule|Item Clause: Limit 1 of each item\n|clearpoke\n|poke|p1|Floette-Eternal, L50, F|\n|poke|p1|Sneasler, L50, M|\n|poke|p1|Basculegion, L50, M|\n|poke|p1|Sylveon, L50, M|\n|poke|p1|Hydreigon, L50, F|\n|poke|p1|Talonflame, L50, M|\n|poke|p2|Floette-Eternal, L50, F|\n|poke|p2|Sneasler, L50, M|\n|poke|p2|Aerodactyl, L50, F|\n|poke|p2|Kingambit, L50, F|\n|poke|p2|Basculegion, L50, M|\n|poke|p2|Farigiraf, L50, F|\n|teampreview|4\n|inactive|Battle timer is ON: inactive players will automatically lose when time's up. (requested by ScribbleScribble)\n|j| nibabazhenduo\n|inactive|ScribbleScribble has 60 seconds left.\n|\n|t:|1776238169\n|teamsize|p1|4\n|teamsize|p2|4\n|start\n|switch|p1a: Talonflame|Talonflame, L50, M|100/100\n|switch|p1b: Floette|Floette-Eternal, L50, F|100/100\n|switch|p2a: Aerodactyl|Aerodactyl, L50, F|100/100\n|switch|p2b: Basculegion|Basculegion, L50, M|100/100\n|-ability|p2a: Aerodactyl|Unnerve\n|turn|1\n|\n|t:|1776238187\n|detailschange|p1b: Floette|Floette-Mega, L50, F\n|-mega|p1b: Floette|Floette|Floettite\n|-ability|p1b: Floette|Fairy Aura\n|move|p1a: Talonflame|Protect|p1a: Talonflame\n|-singleturn|p1a: Talonflame|Protect\n|move|p2b: Basculegion|Wave Crash|p1b: Floette\n|-damage|p1b: Floette|33/100\n|-damage|p2b: Basculegion|82/100|[from] Recoil\n|move|p2a: Aerodactyl|Tailwind|p2a: Aerodactyl\n|-sidestart|p2: ScribbleScribble|move: Tailwind\n|move|p1b: Floette|Moonblast|p2b: Basculegion\n|-damage|p2b: Basculegion|2/100\n|\n|upkeep\n|turn|2\n|j| Gwynn x Canari\n|inactive|massan2580 has 30 seconds left.\n|inactive|massan2580 has 20 seconds left.\n|\n|t:|1776238224\n|switch|p1b: Basculegion|Basculegion, L50, M|100/100\n|move|p1a: Talonflame|Tailwind|p1a: Talonflame\n|-sidestart|p1: massan2580|move: Tailwind\n|move|p2b: Basculegion|Wave Crash|p1b: Basculegion\n|-resisted|p1b: Basculegion|1\n|-damage|p1b: Basculegion|53/100\n|-damage|p2b: Basculegion|0 fnt|[from] Recoil\n|faint|p2b: Basculegion\n|move|p2a: Aerodactyl|Rock Slide|p1a: Talonflame|[spread] p1a,p1b\n|-supereffective|p1a: Talonflame|2\n|-enditem|p1a: Talonflame|Focus Sash\n|-damage|p1a: Talonflame|1/100\n|-damage|p1b: Basculegion|20/100\n|\n|upkeep\n|\n|t:|1776238243\n|switch|p2b: Kingambit|Kingambit, L50, F|100/100\n|turn|3\n|\n|t:|1776238254\n|move|p1b: Basculegion|Aqua Jet|p2a: Aerodactyl\n|-supereffective|p2a: Aerodactyl|1\n|-damage|p2a: Aerodactyl|19/100\n|move|p2a: Aerodactyl|Rock Slide|p1b: Basculegion|[spread] p1a,p1b\n|-supereffective|p1a: Talonflame|2\n|-damage|p1a: Talonflame|0 fnt\n|-damage|p1b: Basculegion|0 fnt\n|faint|p1a: Talonflame\n|faint|p1b: Basculegion\n|move|p2b: Kingambit|Kowtow Cleave|p1: Talonflame|[notarget]\n|-fail|p2b: Kingambit\n|\n|upkeep\n|\n|t:|1776238260\n|switch|p1a: Sneasler|Sneasler, L50, M|100/100\n|switch|p1b: Floette|Floette-Mega, L50, F|33/100\n|-ability|p1b: Floette|Fairy Aura\n|turn|4\n|\n|t:|1776238282\n|move|p2a: Aerodactyl|Rock Slide|p1a: Sneasler|[spread] p1a,p1b\n|-resisted|p1a: Sneasler|1\n|-damage|p1a: Sneasler|80/100\n|-damage|p1b: Floette|9/100\n|move|p1a: Sneasler|Close Combat|p2b: Kingambit\n|-supereffective|p2b: Kingambit|2\n|-damage|p2b: Kingambit|0 fnt\n|-unboost|p1a: Sneasler|def|1\n|-unboost|p1a: Sneasler|spd|1\n|faint|p2b: Kingambit\n|-enditem|p1a: Sneasler|White Herb\n|-clearnegativeboost|p1a: Sneasler|[silent]\n|cant|p1b: Floette|flinch\n|\n|-sideend|p2: ScribbleScribble|move: Tailwind\n|upkeep\n|\n|t:|1776238285\n|switch|p2b: Sneasler|Sneasler, L50, M|100/100\n|turn|5\n|inactive|massan2580 has 30 seconds left.\n|j| stefox\n|inactive|massan2580 has 20 seconds left.\n|\n|t:|1776238321\n|move|p1a: Sneasler|Protect|p1a: Sneasler\n|-singleturn|p1a: Sneasler|Protect\n|move|p2b: Sneasler|Fake Out|p1b: Floette\n|-damage|p1b: Floette|0 fnt\n|faint|p1b: Floette\n|move|p2a: Aerodactyl|Dual Wingbeat|p1a: Sneasler\n|-activate|p1a: Sneasler|move: Protect\n|\n|-sideend|p1: massan2580|move: Tailwind\n|upkeep\n|turn|6\n|-message|massan2580 forfeited.\n|\n|win|ScribbleScribble\n|raw|massan2580's rating: 1543 &rarr; <strong>1525</strong><br />(-18 for losing)\n|raw|ScribbleScribble's rating: 1576 &rarr; <strong>1594</strong><br />(+18 for winning)\n|l|\u2606massan2580\n|player|p1|\n",
  "uploadtime": 1776238330,
  "views": 96,
  "formatid": "gen9championsvgc2026regma",
  "rating": 1525,
  "private": 0,
  "password": null
}