{
  "id": "gen9championsvgc2026regma-2585844130",
  "format": "[Gen 9 Champions] VGC 2026 Reg M-A",
  "players": [
    "ArctozoltCult",
    "Vika_F44"
  ],
  "log": "|j|\u2606ArctozoltCult\n|j|\u2606Vika_F44\n|t:|1776374923\n|gametype|doubles\n|player|p1|ArctozoltCult|winona|1417\n|player|p2|Vika_F44|bianca|1355\n|gen|9\n|tier|[Gen 9 Champions] VGC 2026 Reg M-A\n|rated|\n|rule|Species Clause: Limit one of each Pok\u00e9mon\n|rule|Item Clause: Limit 1 of each item\n|clearpoke\n|poke|p1|Archaludon, L50, F|\n|poke|p1|Pelipper, L50, M|\n|poke|p1|Sneasler, L50, M|\n|poke|p1|Incineroar, L50, F|\n|poke|p1|Basculegion, L50, M|\n|poke|p1|Meganium, L50, M|\n|poke|p2|Raichu, L50, F|\n|poke|p2|Blastoise, L50, M|\n|poke|p2|Kingambit, L50, F|\n|poke|p2|Farigiraf, L50, M|\n|poke|p2|Sinistcha, L50|\n|poke|p2|Aerodactyl, L50, F|\n|teampreview|4\n|inactive|Battle timer is ON: inactive players will automatically lose when time's up. (requested by ArctozoltCult)\nVika_F44 has agreed to open team sheets.\n|inactive|Vika_F44 has 60 seconds left.\n|\n|t:|1776374965\n|teamsize|p1|4\n|teamsize|p2|4\n|start\n|switch|p1a: Pelipper|Pelipper, L50, M|100/100\n|switch|p1b: Basculegion|Basculegion, L50, M|100/100\n|switch|p2a: Farigiraf|Farigiraf, L50, M|100/100\n|switch|p2b: Blastoise|Blastoise, L50, M|100/100\n|-weather|RainDance|[from] ability: Drizzle|[of] p1a: Pelipper\n|turn|1\n|\n|t:|1776374979\n|detailschange|p2b: Blastoise|Blastoise-Mega, L50, M\n|-mega|p2b: Blastoise|Blastoise|Blastoisinite\n|move|p1b: Basculegion|Wave Crash|p2b: Blastoise\n|-resisted|p2b: Blastoise|1\n|-damage|p2b: Blastoise|50/100\n|-damage|p1b: Basculegion|85/100|[from] Recoil\n|move|p1a: Pelipper|Hurricane|p2b: Blastoise\n|-damage|p2b: Blastoise|10/100\n|-start|p2b: Blastoise|confusion\n|-activate|p2b: Blastoise|confusion\n|move|p2b: Blastoise|Dark Pulse|p1b: Basculegion\n|-supereffective|p1b: Basculegion|1\n|-damage|p1b: Basculegion|0 fnt\n|faint|p1b: Basculegion\n|move|p2a: Farigiraf|Trick Room|p2a: Farigiraf\n|-fieldstart|move: Trick Room|[of] p2a: Farigiraf\n|\n|-weather|RainDance|[upkeep]\n|upkeep\n|\n|t:|1776374994\n|switch|p1b: Meganium|Meganium, L50, M|100/100\n|turn|2\n|inactive|Vika_F44 has 30 seconds left.\n|\n|t:|1776375019\n|detailschange|p1b: Meganium|Meganium-Mega, L50, M\n|-mega|p1b: Meganium|Meganium|Meganiumite\n|-activate|p2b: Blastoise|confusion\n|move|p2b: Blastoise|Protect|p2b: Blastoise\n|-singleturn|p2b: Blastoise|Protect\n|move|p1a: Pelipper|Protect|p1a: Pelipper\n|-singleturn|p1a: Pelipper|Protect\n|move|p2a: Farigiraf|Psychic|p1b: Meganium\n|-damage|p1b: Meganium|78/100\n|move|p1b: Meganium|Dazzling Gleam|p2a: Farigiraf|[spread] p2a\n|-activate|p2b: Blastoise|move: Protect\n|-damage|p2a: Farigiraf|64/100\n|\n|-weather|RainDance|[upkeep]\n|upkeep\n|turn|3\n|\n|t:|1776375035\n|move|p2a: Farigiraf|Helping Hand|p2b: Blastoise\n|-singleturn|p2b: Blastoise|Helping Hand|[of] p2a: Farigiraf\n|move|p1b: Meganium|Protect|p1b: Meganium\n|-singleturn|p1b: Meganium|Protect\n|-activate|p2b: Blastoise|confusion\n|-damage|p2b: Blastoise|3/100|[from] confusion\n|move|p1a: Pelipper|Hurricane|p2b: Blastoise\n|-damage|p2b: Blastoise|0 fnt\n|faint|p2b: Blastoise\n|\n|-weather|RainDance|[upkeep]\n|upkeep\n|\n|t:|1776375045\n|switch|p2b: Raichu|Raichu, L50, F|100/100\n|turn|4\n|inactive|Vika_F44 has 30 seconds left.\n|\n|t:|1776375078\n|move|p1a: Pelipper|Protect|p1a: Pelipper\n|-singleturn|p1a: Pelipper|Protect\n|move|p2a: Farigiraf|Psychic|p1a: Pelipper\n|-activate|p1a: Pelipper|move: Protect\n|move|p1b: Meganium|Solar Beam||[still]\n|-prepare|p1b: Meganium|Solar Beam\n|-activate|p1b: Meganium|ability: Mega Sol\n|-anim|p1b: Meganium|Solar Beam|p2b: Raichu\n|-enditem|p2b: Raichu|Focus Sash\n|-damage|p2b: Raichu|1/100\n|move|p2b: Raichu|Endeavor|p1b: Meganium\n|-damage|p1b: Meganium|1/100\n|\n|-weather|RainDance|[upkeep]\n|upkeep\n|turn|5\n|inactive|Vika_F44 has 30 seconds left.\n|\n|t:|1776375109\n|move|p1b: Meganium|Protect|p1b: Meganium\n|-singleturn|p1b: Meganium|Protect\n|move|p2a: Farigiraf|Psychic|p1b: Meganium\n|-activate|p1b: Meganium|move: Protect\n|move|p1a: Pelipper|Weather Ball|p2b: Raichu\n|-damage|p2b: Raichu|0 fnt\n|faint|p2b: Raichu\n|\n|-weather|none\n|-fieldend|move: Trick Room\n|upkeep\n|\n|t:|1776375116\n|switch|p2b: Aerodactyl|Aerodactyl, L50, F|100/100\n|-ability|p2b: Aerodactyl|Unnerve\n|turn|6\n|\n|t:|1776375129\n|switch|p1a: Sneasler|Sneasler, L50, M|100/100\n|move|p2a: Farigiraf|Helping Hand|p2b: Aerodactyl\n|-singleturn|p2b: Aerodactyl|Helping Hand|[of] p2a: Farigiraf\n|move|p2b: Aerodactyl|Rock Slide|p1a: Sneasler|[spread] p1a,p1b\n|-resisted|p1a: Sneasler|1\n|-damage|p1a: Sneasler|70/100\n|-damage|p1b: Meganium|0 fnt\n|faint|p1b: Meganium\n|\n|upkeep\n|\n|t:|1776375138\n|switch|p1b: Pelipper|Pelipper, L50, M|100/100\n|-weather|RainDance|[from] ability: Drizzle|[of] p1b: Pelipper\n|turn|7\n|\n|t:|1776375160\n|move|p2b: Aerodactyl|Protect|p2b: Aerodactyl\n|-singleturn|p2b: Aerodactyl|Protect\n|move|p1a: Sneasler|Fake Out||[still]\n|cant|p2a: Farigiraf|ability: Armor Tail|Fake Out|[of] p1a: Sneasler\n|move|p1b: Pelipper|Weather Ball|p2b: Aerodactyl\n|-activate|p2b: Aerodactyl|move: Protect\n|move|p2a: Farigiraf|Psychic|p1b: Pelipper\n|-damage|p1b: Pelipper|41/100\n|\n|-weather|RainDance|[upkeep]\n|upkeep\n|turn|8\n|\n|t:|1776375172\n|move|p2b: Aerodactyl|Dual Wingbeat|p1a: Sneasler\n|-supereffective|p1a: Sneasler|1\n|-damage|p1a: Sneasler|9/100\n|-supereffective|p1a: Sneasler|1\n|-damage|p1a: Sneasler|0 fnt\n|faint|p1a: Sneasler\n|-hitcount|p1: Sneasler|2\n|move|p1b: Pelipper|Weather Ball|p2b: Aerodactyl\n|-supereffective|p2b: Aerodactyl|1\n|-damage|p2b: Aerodactyl|0 fnt\n|faint|p2b: Aerodactyl\n|move|p2a: Farigiraf|Psychic|p1b: Pelipper\n|-damage|p1b: Pelipper|0 fnt\n|faint|p1b: Pelipper\n|\n|win|Vika_F44\n|raw|ArctozoltCult's rating: 1417 &rarr; <strong>1393</strong><br />(-24 for losing)\n|raw|Vika_F44's rating: 1355 &rarr; <strong>1379</strong><br />(+24 for winning)\n|l|\u2606ArctozoltCult\n|player|p1|\n",
  "uploadtime": 1776375189,
  "views": 39,
  "formatid": "gen9championsvgc2026regma",
  "rating": 1379,
  "private": 0,
  "password": null
}