{
  "id": "gen9championsvgc2026regma-2581300268",
  "format": "[Gen 9 Champions] VGC 2026 Reg M-A",
  "players": [
    "MegVGC",
    "Centric07"
  ],
  "log": "|j|\u2606MegVGC\n|j|\u2606Centric07\n|t:|1775983430\n|gametype|doubles\n|player|p1|MegVGC|266|1311\n|player|p2|Centric07|hilda-wonderlauncher|1251\n|gen|9\n|tier|[Gen 9 Champions] VGC 2026 Reg M-A\n|rated|\n|rule|Species Clause: Limit one of each Pok\u00e9mon\n|rule|Item Clause: Limit 1 of each item\n|clearpoke\n|poke|p1|Glimmora, L50, F|\n|poke|p1|Delphox, L50, M|\n|poke|p1|Quaquaval, L50, F|\n|poke|p1|Hydreigon, L50, M|\n|poke|p1|Whimsicott, L50, M|\n|poke|p1|Venusaur, L50, M|\n|poke|p2|Pelipper, L50, M|\n|poke|p2|Archaludon, L50, M|\n|poke|p2|Incineroar, L50, M|\n|poke|p2|Farigiraf, L50, F|\n|poke|p2|Gengar, L50, M|\n|poke|p2|Sneasler, L50, M|\n|teampreview|4\n|inactive|Battle timer is ON: inactive players will automatically lose when time's up. (requested by MegVGC)\n|j| gE1xjZRtuhW2DdT0AK\n|inactive|Centric07 has 60 seconds left.\n|\n|t:|1775983465\n|teamsize|p1|4\n|teamsize|p2|4\n|start\n|switch|p1a: Hydreigon|Hydreigon, L50, M|100/100\n|switch|p1b: Venusaur|Venusaur, L50, M|100/100\n|switch|p2a: King|Incineroar, L50, M|100/100\n|switch|p2b: Sweetooth|Gengar, L50, M|100/100\n|-ability|p2a: King|Intimidate|boost\n|-unboost|p1a: Hydreigon|atk|1\n|-unboost|p1b: Venusaur|atk|1\n|turn|1\n|\n|t:|1775983477\n|detailschange|p2b: Sweetooth|Gengar-Mega, L50, M\n|-mega|p2b: Sweetooth|Gengar|Gengarite\n|move|p2a: King|Fake Out|p1a: Hydreigon\n|-damage|p1a: Hydreigon|83/100\n|move|p2b: Sweetooth|Perish Song|p2b: Sweetooth\n|-start|p1a: Hydreigon|perish3|[silent]\n|-start|p1b: Venusaur|perish3|[silent]\n|-start|p2a: King|perish3|[silent]\n|-start|p2b: Sweetooth|perish3|[silent]\n|-fieldactivate|move: Perish Song\n|cant|p1a: Hydreigon|flinch\n|move|p1b: Venusaur|Sleep Powder|p2b: Sweetooth\n|-status|p2b: Sweetooth|slp|[from] move: Sleep Powder\n|\n|-start|p2b: Sweetooth|perish3\n|-start|p1a: Hydreigon|perish3\n|-start|p1b: Venusaur|perish3\n|-start|p2a: King|perish3\n|upkeep\n|turn|2\n|\n|t:|1775983499\n|switch|p2b: Sneasler|Sneasler, L50, M|100/100\n|move|p1a: Hydreigon|Dark Pulse|p2b: Sneasler\n|-resisted|p2b: Sneasler|1\n|-damage|p2b: Sneasler|70/100\n|move|p1b: Venusaur|Sleep Powder|p2a: King|[miss]\n|-miss|p1b: Venusaur|p2a: King\n|move|p2a: King|Parting Shot|p1a: Hydreigon\n|-unboost|p1a: Hydreigon|atk|1\n|-unboost|p1a: Hydreigon|spa|1\n|\n|t:|1775983514\n|switch|p2a: Sweetooth|Gengar-Mega, L50, M|100/100 slp|[from] Parting Shot\n|\n|-heal|p2b: Sneasler|75/100|[from] item: Leftovers\n|-start|p1a: Hydreigon|perish2\n|-start|p1b: Venusaur|perish2\n|upkeep\n|turn|3\n|\n|t:|1775983537\n|cant|p2a: Sweetooth|slp\n|move|p2b: Sneasler|U-turn|p1a: Hydreigon\n|-supereffective|p1a: Hydreigon|1\n|-damage|p1a: Hydreigon|28/100\n|-status|p1a: Hydreigon|psn|[from] ability: Poison Touch|[of] p2b: Sneasler\n|\n|t:|1775983541\n|switch|p2b: King|Incineroar, L50, M|100/100|[from] U-turn\n|-ability|p2b: King|Intimidate|boost\n|-unboost|p1a: Hydreigon|atk|1\n|-unboost|p1b: Venusaur|atk|1\n|move|p1a: Hydreigon|Dark Pulse|p2a: Sweetooth\n|-supereffective|p2a: Sweetooth|1\n|-damage|p2a: Sweetooth|16/100 slp\n|move|p1b: Venusaur|Sleep Powder|p2b: King\n|-status|p2b: King|slp|[from] move: Sleep Powder\n|\n|-damage|p1a: Hydreigon|15/100 psn|[from] psn\n|-start|p1a: Hydreigon|perish1\n|-start|p1b: Venusaur|perish1\n|upkeep\n|turn|4\n|\n|t:|1775983558\n|-curestatus|p2a: Sweetooth|slp|[msg]\n|move|p2a: Sweetooth|Protect|p2a: Sweetooth\n|-singleturn|p2a: Sweetooth|Protect\n|cant|p2b: King|slp\n|move|p1a: Hydreigon|Dark Pulse|p2a: Sweetooth\n|-activate|p2a: Sweetooth|move: Protect\n|move|p1b: Venusaur|Leech Seed|p2b: King\n|-start|p2b: King|move: Leech Seed\n|\n|-damage|p2b: King|88/100 slp|[from] Leech Seed|[of] p1b: Venusaur\n|-damage|p1a: Hydreigon|3/100 psn|[from] psn\n|-start|p1a: Hydreigon|perish0\n|-start|p1b: Venusaur|perish0\n|faint|p1a: Hydreigon\n|faint|p1b: Venusaur\n|upkeep\n|\n|t:|1775983574\n|switch|p1a: Delphox|Delphox, L50, M|100/100\n|switch|p1b: Quaquaval|Quaquaval, L50, F|100/100\n|turn|5\n|\n|t:|1775983588\n|switch|p2b: Peeko|Pelipper, L50, M|100/100\n|-weather|RainDance|[from] ability: Drizzle|[of] p2b: Peeko\n|detailschange|p1a: Delphox|Delphox-Mega, L50, M\n|-mega|p1a: Delphox|Delphox|Delphoxite\n|move|p1b: Quaquaval|Aqua Step|p2b: Peeko\n|-resisted|p2b: Peeko|1\n|-damage|p2b: Peeko|65/100\n|-boost|p1b: Quaquaval|spe|1\n|move|p1a: Delphox|Psychic|p2a: Sweetooth\n|-supereffective|p2a: Sweetooth|1\n|-damage|p2a: Sweetooth|0 fnt\n|faint|p2a: Sweetooth\n|\n|-weather|RainDance|[upkeep]\n|upkeep\n|\n|t:|1775983601\n|switch|p2a: King|Incineroar, L50, M|88/100 slp\n|-ability|p2a: King|Intimidate|boost\n|-unboost|p1a: Delphox|atk|1\n|-unboost|p1b: Quaquaval|atk|1\n|turn|6\n|\n|t:|1775983613\n|cant|p2a: King|slp\n|move|p1b: Quaquaval|Aqua Step|p2b: Peeko\n|-resisted|p2b: Peeko|1\n|-damage|p2b: Peeko|40/100\n|-boost|p1b: Quaquaval|spe|1\n|move|p1a: Delphox|Psychic|p2b: Peeko\n|-damage|p2b: Peeko|0 fnt\n|faint|p2b: Peeko\n|\n|-weather|RainDance|[upkeep]\n|upkeep\n|\n|t:|1775983621\n|switch|p2b: Sneasler|Sneasler, L50, M|75/100\n|turn|7\n|\n|t:|1775983633\n|move|p2b: Sneasler|Fake Out|p1a: Delphox\n|-damage|p1a: Delphox|79/100\n|move|p1b: Quaquaval|Aqua Step|p2a: King\n|-supereffective|p2a: King|1\n|-damage|p2a: King|13/100 slp\n|-boost|p1b: Quaquaval|spe|1\n|-enditem|p2a: King|Sitrus Berry|[eat]\n|-heal|p2a: King|38/100 slp|[from] item: Sitrus Berry\n|cant|p1a: Delphox|flinch\n|-curestatus|p2a: King|slp|[msg]\n|move|p2a: King|Will-O-Wisp|p1b: Quaquaval\n|-status|p1b: Quaquaval|brn\n|\n|-weather|RainDance|[upkeep]\n|-heal|p2b: Sneasler|81/100|[from] item: Leftovers\n|-damage|p1b: Quaquaval|94/100 brn|[from] brn\n|upkeep\n|turn|8\n|\n|t:|1775983646\n|move|p1b: Quaquaval|Aqua Step|p2a: King\n|-supereffective|p2a: King|1\n|-damage|p2a: King|0 fnt\n|-boost|p1b: Quaquaval|spe|1\n|faint|p2a: King\n|-ability|p1b: Quaquaval|Moxie|boost\n|-boost|p1b: Quaquaval|atk|1\n|move|p1a: Delphox|Psychic|p2b: Sneasler\n|-supereffective|p2b: Sneasler|2\n|-damage|p2b: Sneasler|0 fnt\n|faint|p2b: Sneasler\n|\n|win|MegVGC\n|raw|MegVGC's rating: 1311 &rarr; <strong>1328</strong><br />(+17 for winning)\n|raw|Centric07's rating: 1251 &rarr; <strong>1230</strong><br />(-21 for losing)\n|l|\u2606Centric07\n|player|p2|\n|l|\u2606MegVGC\n|player|p1|\n",
  "uploadtime": 1775983678,
  "views": 23,
  "formatid": "gen9championsvgc2026regma",
  "rating": 1230,
  "private": 0,
  "password": null
}