{
  "id": "gen9championsvgc2026regma-2587345523",
  "format": "[Gen 9 Champions] VGC 2026 Reg M-A",
  "players": [
    "marugod97",
    "Bradcouch"
  ],
  "log": "|j|\u2606marugod97\n|j|\u2606Bradcouch\n|t:|1776523973\n|gametype|doubles\n|player|p1|marugod97|gambler|1083\n|player|p2|Bradcouch|clair|1142\n|gen|9\n|tier|[Gen 9 Champions] VGC 2026 Reg M-A\n|rated|\n|rule|Species Clause: Limit one of each Pok\u00e9mon\n|rule|Item Clause: Limit 1 of each item\n|clearpoke\n|poke|p1|Garchomp, L50, F, shiny|\n|poke|p1|Hippowdon, L50, F|\n|poke|p1|Aerodactyl, L50, F|\n|poke|p1|Archaludon, L50, F|\n|poke|p1|Froslass, L50, F|\n|poke|p1|Sneasler, L50, F, shiny|\n|poke|p2|Gengar, L50, F, shiny|\n|poke|p2|Politoed, L50, M|\n|poke|p2|Archaludon, L50, M|\n|poke|p2|Corviknight, L50, M|\n|poke|p2|Sneasler, L50, M|\n|poke|p2|Aggron, L50, M|\n|teampreview|4\n|inactive|Battle timer is ON: inactive players will automatically lose when time's up. (requested by marugod97)\n|\n|t:|1776523992\n|teamsize|p1|4\n|teamsize|p2|4\n|start\n|switch|p1a: Aerodactyl|Aerodactyl, L50, F|100/100\n|switch|p1b: Sneasler|Sneasler, L50, F, shiny|100/100\n|switch|p2a: Politoed|Politoed, L50, M|100/100\n|switch|p2b: Archaludon|Archaludon, L50, M|100/100\n|-ability|p1a: Aerodactyl|Unnerve\n|-weather|RainDance|[from] ability: Drizzle|[of] p2a: Politoed\n|turn|1\n|\n|t:|1776524012\n|move|p2b: Archaludon|Protect|p2b: Archaludon\n|-singleturn|p2b: Archaludon|Protect\n|move|p1a: Aerodactyl|Tailwind|p1a: Aerodactyl\n|-sidestart|p1: marugod97|move: Tailwind\n|move|p1b: Sneasler|Close Combat|p2b: Archaludon\n|-activate|p2b: Archaludon|move: Protect\n|move|p2a: Politoed|Weather Ball|p1a: Aerodactyl\n|-supereffective|p1a: Aerodactyl|1\n|-enditem|p1a: Aerodactyl|Focus Sash\n|-damage|p1a: Aerodactyl|1/100\n|\n|-weather|RainDance|[upkeep]\n|upkeep\n|turn|2\n|\n|t:|1776524033\n|move|p1a: Aerodactyl|Protect|p1a: Aerodactyl\n|-singleturn|p1a: Aerodactyl|Protect\n|move|p1b: Sneasler|Close Combat|p2b: Archaludon\n|-supereffective|p2b: Archaludon|1\n|-damage|p2b: Archaludon|0 fnt\n|-unboost|p1b: Sneasler|def|1\n|-unboost|p1b: Sneasler|spd|1\n|faint|p2b: Archaludon\n|-enditem|p1b: Sneasler|White Herb\n|-clearnegativeboost|p1b: Sneasler|[silent]\n|move|p2a: Politoed|Weather Ball|p1b: Sneasler\n|-crit|p1b: Sneasler\n|-damage|p1b: Sneasler|0 fnt\n|faint|p1b: Sneasler\n|\n|-weather|RainDance|[upkeep]\n|upkeep\n|\n|t:|1776524048\n|switch|p1b: Archaludon|Archaludon, L50, F|100/100\n|switch|p2b: Aggron|Aggron, L50, M|100/100\n|turn|3\n|\n|t:|1776524057\n|detailschange|p2b: Aggron|Aggron-Mega, L50, M\n|-mega|p2b: Aggron|Aggron|Aggronite\n|move|p1a: Aerodactyl|Rock Slide|p2b: Aggron|[spread] p2a,p2b\n|-resisted|p2b: Aggron|1\n|-damage|p2a: Politoed|72/100\n|-damage|p2b: Aggron|94/100\n|move|p1b: Archaludon|Focus Energy|p1b: Archaludon\n|-start|p1b: Archaludon|move: Focus Energy\n|cant|p2a: Politoed|flinch\n|cant|p2b: Aggron|flinch\n|\n|-weather|RainDance|[upkeep]\n|upkeep\n|turn|4\n|\n|t:|1776524075\n|move|p1a: Aerodactyl|Rock Slide|p2a: Politoed|[spread] p2b\n|-miss|p1a: Aerodactyl|p2a: Politoed\n|-resisted|p2b: Aggron|1\n|-damage|p2b: Aggron|89/100\n|move|p1b: Archaludon|Draco Meteor|p2b: Aggron\n|-resisted|p2b: Aggron|1\n|-crit|p2b: Aggron\n|-damage|p2b: Aggron|48/100\n|-unboost|p1b: Archaludon|spa|2\n|move|p2a: Politoed|Weather Ball|p1b: Archaludon\n|-resisted|p1b: Archaludon|1\n|-damage|p1b: Archaludon|75/100\n|-ability|p1b: Archaludon|Stamina|boost\n|-boost|p1b: Archaludon|def|1\n|move|p2b: Aggron|Body Press|p1b: Archaludon\n|-supereffective|p1b: Archaludon|1\n|-damage|p1b: Archaludon|39/100\n|-ability|p1b: Archaludon|Stamina|boost\n|-boost|p1b: Archaludon|def|1\n|\n|-weather|RainDance|[upkeep]\n|-sideend|p1: marugod97|move: Tailwind\n|upkeep\n|turn|5\n|\n|t:|1776524100\n|switch|p2a: Sneasler|Sneasler, L50, M|100/100\n|move|p1a: Aerodactyl|Rock Slide|p2b: Aggron|[spread] p2a,p2b\n|-resisted|p2a: Sneasler|1\n|-resisted|p2b: Aggron|1\n|-damage|p2a: Sneasler|84/100\n|-damage|p2b: Aggron|42/100\n|move|p1b: Archaludon|Draco Meteor|p2a: Sneasler\n|-crit|p2a: Sneasler\n|-damage|p2a: Sneasler|0 fnt\n|-unboost|p1b: Archaludon|spa|2\n|faint|p2a: Sneasler\n|cant|p2b: Aggron|flinch\n|\n|-weather|none\n|upkeep\n|\n|t:|1776524113\n|switch|p2a: Politoed|Politoed, L50, M|72/100\n|-weather|RainDance|[from] ability: Drizzle|[of] p2a: Politoed\n|turn|6\n|\n|t:|1776524120\n|move|p1a: Aerodactyl|Tailwind|p1a: Aerodactyl\n|-sidestart|p1: marugod97|move: Tailwind\n|move|p1b: Archaludon|Draco Meteor|p2a: Politoed\n|-crit|p2a: Politoed\n|-damage|p2a: Politoed|0 fnt\n|-unboost|p1b: Archaludon|spa|2\n|faint|p2a: Politoed\n|move|p2b: Aggron|Body Press|p1b: Archaludon\n|-supereffective|p1b: Archaludon|1\n|-damage|p1b: Archaludon|10/100\n|-ability|p1b: Archaludon|Stamina|boost\n|-boost|p1b: Archaludon|def|1\n|\n|-weather|RainDance|[upkeep]\n|upkeep\n|turn|7\n|-message|Bradcouch forfeited.\n|\n|win|marugod97\n|raw|marugod97's rating: 1083 &rarr; <strong>1115</strong><br />(+32 for winning)\n|raw|Bradcouch's rating: 1142 &rarr; <strong>1113</strong><br />(-29 for losing)\n|l|\u2606Bradcouch\n|player|p2|\n|l|\u2606marugod97\n|player|p1|\n|j|\u2606marugod97\n|player|p1|marugod97|gambler|\n",
  "uploadtime": 1776524273,
  "views": 15,
  "formatid": "gen9championsvgc2026regma",
  "rating": 1113,
  "private": 0,
  "password": null
}