{
  "id": "gen9championsvgc2026regma-2581079750",
  "format": "[Gen 9 Champions] VGC 2026 Reg M-A",
  "players": [
    "OddToaster",
    "felpolino2504"
  ],
  "log": "|j|\u2606OddToaster\n|j|\u2606felpolino2504\n|t:|1775957923\n|gametype|doubles\n|player|p1|OddToaster|clerkf|1139\n|player|p2|felpolino2504|265|1229\n|gen|9\n|tier|[Gen 9 Champions] VGC 2026 Reg M-A\n|rated|\n|rule|Species Clause: Limit one of each Pok\u00e9mon\n|rule|Item Clause: Limit 1 of each item\n|clearpoke\n|poke|p1|Charizard, L50, F|\n|poke|p1|Venusaur, L50, M|\n|poke|p1|Incineroar, L50, F|\n|poke|p1|Garchomp, L50, M|\n|poke|p1|Gardevoir, L50, M|\n|poke|p1|Rotom-Wash, L50|\n|poke|p2|Aerodactyl, L50, M|\n|poke|p2|Incineroar, L50, F|\n|poke|p2|Floette-Eternal, L50, F|\n|poke|p2|Basculegion, L50, M|\n|poke|p2|Garchomp, L50, F|\n|poke|p2|Sneasler, L50, F|\n|teampreview|4\n|inactive|Battle timer is ON: inactive players will automatically lose when time's up. (requested by felpolino2504)\n|\n|t:|1775957984\n|teamsize|p1|4\n|teamsize|p2|4\n|start\n|switch|p1a: Rotom|Rotom-Wash, L50|100/100\n|switch|p1b: Charizard|Charizard, L50, F|100/100\n|switch|p2a: Aerodactyl|Aerodactyl, L50, M, shiny|100/100\n|switch|p2b: Garchomp|Garchomp, L50, F|100/100\n|-ability|p2a: Aerodactyl|Unnerve\n|turn|1\n|\n|t:|1775958003\n|move|p1b: Charizard|Protect|p1b: Charizard\n|-singleturn|p1b: Charizard|Protect\n|move|p2a: Aerodactyl|Tailwind|p2a: Aerodactyl\n|-sidestart|p2: felpolino2504|move: Tailwind\n|move|p2b: Garchomp|Rock Slide|p1b: Charizard|[spread] p1a\n|-activate|p1b: Charizard|move: Protect\n|-damage|p1a: Rotom|81/100\n|move|p1a: Rotom|Will-O-Wisp|p2b: Garchomp\n|-status|p2b: Garchomp|brn\n|\n|-heal|p1a: Rotom|87/100|[from] item: Leftovers\n|-damage|p2b: Garchomp|94/100 brn|[from] brn\n|upkeep\n|turn|2\n|\n|t:|1775958027\n|switch|p1b: Garchomp|Garchomp, L50, M|100/100\n|move|p2a: Aerodactyl|Rock Slide|p1b: Garchomp|[spread] p1b\n|-miss|p2a: Aerodactyl|p1a: Rotom\n|-resisted|p1b: Garchomp|1\n|-damage|p1b: Garchomp|88/100\n|move|p2b: Garchomp|Rock Slide|p1b: Garchomp|[spread] p1a,p1b\n|-resisted|p1b: Garchomp|1\n|-damage|p1a: Rotom|79/100\n|-damage|p1b: Garchomp|84/100\n|move|p1a: Rotom|Will-O-Wisp|p2a: Aerodactyl\n|-status|p2a: Aerodactyl|brn\n|\n|-heal|p1a: Rotom|85/100|[from] item: Leftovers\n|-damage|p2a: Aerodactyl|95/100 brn|[from] brn\n|-damage|p2b: Garchomp|88/100 brn|[from] brn\n|upkeep\n|turn|3\n|inactive|felpolino2504 has 30 seconds left.\n|\n|t:|1775958056\n|switch|p2a: Floette|Floette-Eternal, L50, F|100/100\n|switch|p2b: Incineroar|Incineroar, L50, F, shiny|100/100\n|-ability|p2b: Incineroar|Intimidate|boost\n|-unboost|p1a: Rotom|atk|1\n|-unboost|p1b: Garchomp|atk|1\n|-enditem|p1b: Garchomp|White Herb\n|-clearnegativeboost|p1b: Garchomp|[silent]\n|switch|p1b: Incineroar|Incineroar, L50, F|100/100\n|-ability|p1b: Incineroar|Intimidate|boost\n|-unboost|p2a: Floette|atk|1\n|-unboost|p2b: Incineroar|atk|1\n|move|p1a: Rotom|Thunderbolt|p2a: Floette\n|-damage|p2a: Floette|65/100\n|\n|-heal|p1a: Rotom|90/100|[from] item: Leftovers\n|upkeep\n|turn|4\n|\n|t:|1775958080\n|switch|p1a: Charizard|Charizard, L50, F|100/100\n|detailschange|p2a: Floette|Floette-Mega, L50, F\n|-mega|p2a: Floette|Floette|Floettite\n|-ability|p2a: Floette|Fairy Aura\n|move|p2b: Incineroar|Fake Out|p1a: Charizard\n|-damage|p1a: Charizard|92/100\n|move|p1b: Incineroar|Fake Out|p2a: Floette\n|-damage|p2a: Floette|49/100\n|cant|p2a: Floette|flinch\n|\n|-sideend|p2: felpolino2504|move: Tailwind\n|upkeep\n|turn|5\n|inactive|felpolino2504 has 30 seconds left.\n|inactive|felpolino2504 has 20 seconds left.\n|inactive|felpolino2504 has 15 seconds left.\n|\n|t:|1775958120\n|move|p2b: Incineroar|Helping Hand|p2a: Floette\n|-singleturn|p2a: Floette|Helping Hand|[of] p2b: Incineroar\n|move|p1a: Charizard|Protect|p1a: Charizard\n|-singleturn|p1a: Charizard|Protect\n|move|p2a: Floette|Light of Ruin|p1a: Charizard\n|-activate|p1a: Charizard|move: Protect\n|move|p1b: Incineroar|Parting Shot|p2b: Incineroar\n|-unboost|p2b: Incineroar|atk|1\n|-unboost|p2b: Incineroar|spa|1\n|\n|t:|1775958125\n|switch|p1b: Rotom|Rotom-Wash, L50|90/100|[from] Parting Shot\n|\n|-heal|p1b: Rotom|96/100|[from] item: Leftovers\n|upkeep\n|turn|6\n|\n|t:|1775958146\n|detailschange|p1a: Charizard|Charizard-Mega-Y, L50, F\n|-mega|p1a: Charizard|Charizard|Charizardite Y\n|-weather|SunnyDay|[from] ability: Drought|[of] p1a: Charizard\n|move|p2a: Floette|Moonblast|p1a: Charizard\n|-resisted|p1a: Charizard|1\n|-damage|p1a: Charizard|54/100\n|move|p1a: Charizard|Weather Ball|p2a: Floette\n|-damage|p2a: Floette|0 fnt\n|faint|p2a: Floette\n|move|p1b: Rotom|Hydro Pump|p2b: Incineroar\n|-supereffective|p2b: Incineroar|1\n|-damage|p2b: Incineroar|70/100\n|move|p2b: Incineroar|Parting Shot|p1b: Rotom\n|-unboost|p1b: Rotom|atk|1\n|-unboost|p1b: Rotom|spa|1\n|\n|t:|1775958152\n|switch|p2b: Aerodactyl|Aerodactyl, L50, M, shiny|95/100 brn|[from] Parting Shot\n|-ability|p2b: Aerodactyl|Unnerve\n|\n|-weather|SunnyDay|[upkeep]\n|-heal|p1b: Rotom|100/100|[from] item: Leftovers\n|-damage|p2b: Aerodactyl|89/100 brn|[from] brn\n|upkeep\n|\n|t:|1775958158\n|switch|p2a: Garchomp|Garchomp, L50, F|88/100 brn\n|turn|7\n|\n|t:|1775958164\n|switch|p1a: Incineroar|Incineroar, L50, F|100/100\n|-ability|p1a: Incineroar|Intimidate|boost\n|-unboost|p2a: Garchomp|atk|1\n|-unboost|p2b: Aerodactyl|atk|1\n|move|p2b: Aerodactyl|Tailwind|p2b: Aerodactyl\n|-sidestart|p2: felpolino2504|move: Tailwind\n|move|p2a: Garchomp|Rock Slide|p1a: Incineroar|[spread] p1a,p1b\n|-supereffective|p1a: Incineroar|1\n|-damage|p1a: Incineroar|89/100\n|-damage|p1b: Rotom|95/100\n|cant|p1b: Rotom|flinch\n|\n|-weather|SunnyDay|[upkeep]\n|-heal|p1b: Rotom|100/100|[from] item: Leftovers\n|-damage|p2b: Aerodactyl|83/100 brn|[from] brn\n|-damage|p2a: Garchomp|82/100 brn|[from] brn\n|upkeep\n|turn|8\n|-message|felpolino2504 forfeited.\n|\n|win|OddToaster\n|raw|OddToaster's rating: 1139 &rarr; <strong>1170</strong><br />(+31 for winning)\n|raw|felpolino2504's rating: 1229 &rarr; <strong>1198</strong><br />(-31 for losing)\n|l|\u2606felpolino2504\n|player|p2|\n|c|\u2606OddToaster|gg\n",
  "uploadtime": 1775958305,
  "views": 12,
  "formatid": "gen9championsvgc2026regma",
  "rating": 1170,
  "private": 0,
  "password": null
}