{
  "id": "gen9championsvgc2026regma-2584604382",
  "format": "[Gen 9 Champions] VGC 2026 Reg M-A",
  "players": [
    "DryIceBros",
    "pokequimico"
  ],
  "log": "|j|\u2606DryIceBros\n|j|\u2606pokequimico\n|t:|1776271583\n|gametype|doubles\n|player|p1|DryIceBros|mars|1261\n|player|p2|pokequimico|lucas|1256\n|gen|9\n|tier|[Gen 9 Champions] VGC 2026 Reg M-A\n|rated|\n|rule|Species Clause: Limit one of each Pok\u00e9mon\n|rule|Item Clause: Limit 1 of each item\n|clearpoke\n|poke|p1|Crabominable, L50, F|\n|poke|p1|Farigiraf, L50, M|\n|poke|p1|Ninetales-Alola, L50, M|\n|poke|p1|Incineroar, L50, F|\n|poke|p1|Torkoal, L50, F|\n|poke|p1|Basculegion, L50, M|\n|poke|p2|Incineroar, L50, M|\n|poke|p2|Tyranitar, L50, M|\n|poke|p2|Excadrill, L50, F|\n|poke|p2|Corviknight, L50, M|\n|poke|p2|Kommo-o, L50, M|\n|poke|p2|Sinistcha, L50|\n|teampreview|4\nDryIceBros has agreed to open team sheets.\npokequimico rejected open team sheets.\n|\n|t:|1776271658\n|teamsize|p1|4\n|teamsize|p2|4\n|start\n|switch|p1a: Basculegion|Basculegion, L50, M|100/100\n|switch|p1b: Ninetales|Ninetales-Alola, L50, M|100/100\n|switch|p2a: Kommo-o|Kommo-o, L50, M|100/100\n|switch|p2b: Incineroar|Incineroar, L50, M|100/100\n|-weather|Snowscape|[from] ability: Snow Warning|[of] p1b: Ninetales\n|-ability|p2b: Incineroar|Intimidate|boost\n|-unboost|p1a: Basculegion|atk|1\n|-unboost|p1b: Ninetales|atk|1\n|turn|1\n|\n|t:|1776271676\n|switch|p1a: Farigiraf|Farigiraf, L50, M|100/100\n|switch|p2a: Tyranitar|Tyranitar, L50, M|100/100\n|-weather|Sandstorm|[from] ability: Sand Stream|[of] p2a: Tyranitar\n|move|p2b: Incineroar|Fake Out||[still]\n|cant|p1a: Farigiraf|ability: Armor Tail|Fake Out|[of] p2b: Incineroar\n|move|p1b: Ninetales|Aurora Veil||[still]\n|-fail|p1b: Ninetales\n|\n|-weather|Sandstorm|[upkeep]\n|-damage|p1b: Ninetales|94/100|[from] Sandstorm\n|-damage|p2b: Incineroar|94/100|[from] Sandstorm\n|-damage|p1a: Farigiraf|94/100|[from] Sandstorm\n|upkeep\n|turn|2\n|inactive|Battle timer is ON: inactive players will automatically lose when time's up. (requested by pokequimico)\n|\n|t:|1776271704\n|move|p1b: Ninetales|Encore|p2b: Incineroar\n|-start|p2b: Incineroar|Encore\n|move|p2b: Incineroar|Fake Out||[still]\n|cant|p1a: Farigiraf|ability: Armor Tail|Fake Out|[of] p2b: Incineroar\n|move|p2a: Tyranitar|Crunch|p1b: Ninetales\n|-resisted|p1b: Ninetales|1\n|-damage|p1b: Ninetales|59/100\n|move|p1a: Farigiraf|Trick Room|p1a: Farigiraf\n|-fieldstart|move: Trick Room|[of] p1a: Farigiraf\n|\n|-weather|Sandstorm|[upkeep]\n|-damage|p1a: Farigiraf|88/100|[from] Sandstorm\n|-damage|p2b: Incineroar|88/100|[from] Sandstorm\n|-damage|p1b: Ninetales|53/100|[from] Sandstorm\n|upkeep\n|turn|3\n|\n|t:|1776271721\n|switch|p2b: Excadrill|Excadrill, L50, F|100/100\n|switch|p1b: Crabominable|Crabominable, L50, F|100/100\n|move|p1a: Farigiraf|Hyper Voice|p2a: Tyranitar|[spread] p2a,p2b\n|-resisted|p2a: Tyranitar|1\n|-resisted|p2b: Excadrill|1\n|-damage|p2a: Tyranitar|93/100\n|-damage|p2b: Excadrill|83/100\n|move|p2a: Tyranitar|Crunch|p1a: Farigiraf\n|-supereffective|p1a: Farigiraf|1\n|-damage|p1a: Farigiraf|6/100\n|-enditem|p1a: Farigiraf|Sitrus Berry|[eat]\n|-heal|p1a: Farigiraf|31/100|[from] item: Sitrus Berry\n|\n|-weather|Sandstorm|[upkeep]\n|-damage|p1b: Crabominable|95/100|[from] Sandstorm\n|-damage|p1a: Farigiraf|25/100|[from] Sandstorm\n|upkeep\n|turn|4\n|inactive|pokequimico has 30 seconds left.\n|inactive|pokequimico has 20 seconds left.\n|inactive|pokequimico has 15 seconds left.\n|\n|t:|1776271765\n|switch|p1a: Ninetales|Ninetales-Alola, L50, M|53/100\n|-weather|Snowscape|[from] ability: Snow Warning|[of] p1a: Ninetales\n|switch|p2b: Incineroar|Incineroar, L50, M|88/100\n|-ability|p2b: Incineroar|Intimidate|boost\n|-unboost|p1a: Ninetales|atk|1\n|-fail|p1b: Crabominable|unboost|Attack|[from] ability: Hyper Cutter|[of] p1b: Crabominable\n|detailschange|p1b: Crabominable|Crabominable-Mega, L50, F\n|-mega|p1b: Crabominable|Crabominable|Crabominite\n|move|p2a: Tyranitar|Protect|p2a: Tyranitar\n|-singleturn|p2a: Tyranitar|Protect\n|move|p1b: Crabominable|Drain Punch|p2b: Incineroar\n|-supereffective|p2b: Incineroar|1\n|-damage|p2b: Incineroar|0 fnt\n|-heal|p1b: Crabominable|100/100|[from] drain|[of] p2b: Incineroar\n|faint|p2b: Incineroar\n|\n|-weather|Snowscape|[upkeep]\n|upkeep\n|\n|t:|1776271781\n|switch|p2b: Excadrill|Excadrill, L50, F|83/100\n|turn|5\n|\n|t:|1776271793\n|switch|p1a: Farigiraf|Farigiraf, L50, M|25/100\n|detailschange|p2a: Tyranitar|Tyranitar-Mega, L50, M\n|-mega|p2a: Tyranitar|Tyranitar|Tyranitarite\n|-weather|Sandstorm|[from] ability: Sand Stream|[of] p2a: Tyranitar\n|move|p1b: Crabominable|Drain Punch|p2b: Excadrill\n|-supereffective|p2b: Excadrill|1\n|-damage|p2b: Excadrill|0 fnt\n|faint|p2b: Excadrill\n|move|p2a: Tyranitar|Rock Slide|p1a: Farigiraf|[spread] p1a,p1b\n|-damage|p1a: Farigiraf|0 fnt\n|-damage|p1b: Crabominable|73/100\n|faint|p1a: Farigiraf\n|\n|-weather|Sandstorm|[upkeep]\n|-damage|p1b: Crabominable|67/100|[from] Sandstorm\n|upkeep\n|inactive|pokequimico has 30 seconds left.\n|inactive|pokequimico has 20 seconds left.\n|inactive|pokequimico has 15 seconds left.\n|\n|t:|1776271834\n|switch|p1a: Ninetales|Ninetales-Alola, L50, M|53/100\n|switch|p2b: Kommo-o|Kommo-o, L50, M|100/100\n|-weather|Snowscape|[from] ability: Snow Warning|[of] p1a: Ninetales\n|turn|6\n|\n|t:|1776271847\n|move|p2a: Tyranitar|Protect|p2a: Tyranitar\n|-singleturn|p2a: Tyranitar|Protect\n|move|p2b: Kommo-o|Protect|p2b: Kommo-o\n|-singleturn|p2b: Kommo-o|Protect\n|move|p1b: Crabominable|Drain Punch|p2a: Tyranitar\n|-activate|p2a: Tyranitar|move: Protect\n|move|p1a: Ninetales|Aurora Veil|p1a: Ninetales\n|-sidestart|p1: DryIceBros|move: Aurora Veil\n|\n|-weather|Snowscape|[upkeep]\n|-fieldend|move: Trick Room\n|upkeep\n|turn|7\n|\n|t:|1776271857\n|move|p1b: Crabominable|Mach Punch|p2a: Tyranitar\n|-supereffective|p2a: Tyranitar|2\n|-damage|p2a: Tyranitar|17/100\n|move|p1a: Ninetales|Blizzard|p2b: Kommo-o|[spread] p2a,p2b\n|-supereffective|p2b: Kommo-o|1\n|-damage|p2a: Tyranitar|0 fnt\n|-damage|p2b: Kommo-o|40/100\n|-enditem|p2b: Kommo-o|Sitrus Berry|[eat]\n|-heal|p2b: Kommo-o|65/100|[from] item: Sitrus Berry\n|faint|p2a: Tyranitar\n|move|p2b: Kommo-o|Aura Sphere|p1b: Crabominable\n|-supereffective|p1b: Crabominable|1\n|-damage|p1b: Crabominable|33/100\n|\n|-weather|Snowscape|[upkeep]\n|upkeep\n|turn|8\n|-message|pokequimico forfeited.\n|\n|win|DryIceBros\n|raw|DryIceBros's rating: 1261 &rarr; <strong>1286</strong><br />(+25 for winning)\n|raw|pokequimico's rating: 1256 &rarr; <strong>1231</strong><br />(-25 for losing)\n|l|\u2606pokequimico\n|player|p2|\n",
  "uploadtime": 1776271868,
  "views": 27,
  "formatid": "gen9championsvgc2026regma",
  "rating": 1231,
  "private": 0,
  "password": null
}