{
  "id": "gen9championsvgc2026regma-2580471830",
  "format": "[Gen 9 Champions] VGC 2026 Reg M-A",
  "players": [
    "ferenainexi",
    "a8sd7"
  ],
  "log": "|j|\u2606ferenainexi\n|j|\u2606a8sd7\n|t:|1775901576\n|gametype|doubles\n|player|p1|ferenainexi|scientistf|1033\n|player|p2|a8sd7|psychic-gen4|1025\n|gen|9\n|tier|[Gen 9 Champions] VGC 2026 Reg M-A\n|rated|\n|rule|Species Clause: Limit one of each Pok\u00e9mon\n|rule|Item Clause: Limit 1 of each item\n|clearpoke\n|poke|p1|Pinsir, L50, M|\n|poke|p1|Heracross, L50, F|\n|poke|p1|Vivillon, L50, F|\n|poke|p1|Orthworm, L50, F|\n|poke|p1|Kleavor, L50, F|\n|poke|p1|Clawitzer, L50, F|\n|poke|p2|Orthworm, L50, F|\n|poke|p2|Incineroar, L50, M|\n|poke|p2|Froslass, L50, F|\n|poke|p2|Basculegion, L50, M|\n|poke|p2|Rotom-Frost, L50|\n|poke|p2|Garchomp, L50, F|\n|teampreview|4\n|inactive|Battle timer is ON: inactive players will automatically lose when time's up. (requested by a8sd7)\n|inactive|ferenainexi has 60 seconds left.\n|inactive|a8sd7 has 60 seconds left.\n|\n|t:|1775901618\n|teamsize|p1|4\n|teamsize|p2|4\n|start\n|switch|p1a: Kleavor|Kleavor, L50, F|100/100\n|switch|p1b: Vivillon|Vivillon, L50, F|100/100\n|switch|p2a: Incineroar|Incineroar, L50, M|100/100\n|switch|p2b: Basculegion|Basculegion, L50, M|100/100\n|-ability|p2a: Incineroar|Intimidate|boost\n|-unboost|p1a: Kleavor|atk|1\n|-unboost|p1b: Vivillon|atk|1\n|turn|1\n|inactive|ferenainexi has 30 seconds left.\n|inactive|a8sd7 has 30 seconds left.\n|inactive|a8sd7 has 20 seconds left.\n|inactive|a8sd7 has 15 seconds left.\n|inactive|a8sd7 has 10 seconds left.\n|inactive|a8sd7 has 5 seconds left.\n|\n|t:|1775901673\n|move|p2a: Incineroar|Fake Out|p1a: Kleavor\n|-resisted|p1a: Kleavor|1\n|-damage|p1a: Kleavor|96/100\n|move|p2b: Basculegion|Wave Crash|p1b: Vivillon\n|-enditem|p1b: Vivillon|Focus Sash\n|-damage|p1b: Vivillon|1/100\n|-damage|p2b: Basculegion|75/100|[from] Recoil\n|move|p1b: Vivillon|Sleep Powder|p2b: Basculegion\n|-status|p2b: Basculegion|slp|[from] move: Sleep Powder\n|cant|p1a: Kleavor|flinch\n|\n|upkeep\n|turn|2\n|inactive|ferenainexi has 30 seconds left.\n|inactive|a8sd7 has 30 seconds left.\n|\n|t:|1775901702\n|move|p1b: Vivillon|Protect|p1b: Vivillon\n|-singleturn|p1b: Vivillon|Protect\n|cant|p2b: Basculegion|slp\n|move|p1a: Kleavor|Stone Axe|p2a: Incineroar\n|-supereffective|p2a: Incineroar|1\n|-damage|p2a: Incineroar|44/100\n|-sidestart|p2: a8sd7|move: Stealth Rock\n|move|p2a: Incineroar|Flare Blitz|p1b: Vivillon\n|-activate|p1b: Vivillon|move: Protect\n|\n|upkeep\n|turn|3\n|\n|t:|1775901719\n|-curestatus|p2b: Basculegion|slp|[msg]\n|move|p2b: Basculegion|Wave Crash|p1a: Kleavor\n|-supereffective|p1a: Kleavor|1\n|-damage|p1a: Kleavor|0 fnt\n|faint|p1a: Kleavor\n|-damage|p2b: Basculegion|51/100|[from] Recoil\n|move|p1b: Vivillon|Tailwind|p1b: Vivillon\n|-sidestart|p1: ferenainexi|move: Tailwind\n|move|p2a: Incineroar|Flare Blitz|p1b: Vivillon\n|-supereffective|p1b: Vivillon|1\n|-damage|p1b: Vivillon|0 fnt\n|faint|p1b: Vivillon\n|-damage|p2a: Incineroar|44/100|[from] Recoil\n|\n|upkeep\n|\n|t:|1775901730\n|switch|p1b: Clawitzer|Clawitzer, L50, F|100/100\n|switch|p1a: Sir Pin|Pinsir, L50, M|100/100\n|turn|4\n|-activate|p1b: Clawitzer|item: Quick Claw\n|\n|t:|1775901754\n|switch|p2a: Rotom|Rotom-Frost, L50|100/100\n|-damage|p2a: Rotom|76/100|[from] Stealth Rock\n|move|p1b: Clawitzer|Dark Pulse|p2b: Basculegion\n|-supereffective|p2b: Basculegion|1\n|-damage|p2b: Basculegion|0 fnt\n|faint|p2b: Basculegion\n|move|p1a: Sir Pin|Bind|p2a: Rotom\n|-damage|p2a: Rotom|71/100\n|-activate|p2a: Rotom|move: Bind|[of] p1a: Sir Pin\n|\n|-damage|p2a: Rotom|58/100|[from] move: Bind|[partiallytrapped]\n|upkeep\n|inactive|a8sd7 has 30 seconds left.\n|\n|t:|1775901786\n|switch|p2b: Incineroar|Incineroar, L50, M|44/100\n|-damage|p2b: Incineroar|19/100|[from] Stealth Rock\n|-ability|p2b: Incineroar|Intimidate|boost\n|-fail|p1a: Sir Pin|unboost|Attack|[from] ability: Hyper Cutter|[of] p1a: Sir Pin\n|-unboost|p1b: Clawitzer|atk|1\n|turn|5\n|\n|t:|1775901811\n|move|p2b: Incineroar|Fake Out|p1b: Clawitzer\n|-damage|p1b: Clawitzer|87/100\n|move|p1a: Sir Pin|Rock Slide|p2a: Rotom|[spread] p2a,p2b\n|-supereffective|p2a: Rotom|1\n|-supereffective|p2b: Incineroar|1\n|-damage|p2a: Rotom|24/100\n|-damage|p2b: Incineroar|0 fnt\n|faint|p2b: Incineroar\n|cant|p1b: Clawitzer|flinch\n|move|p2a: Rotom|Thunderbolt|p1b: Clawitzer\n|-supereffective|p1b: Clawitzer|1\n|-damage|p1b: Clawitzer|3/100\n|\n|-damage|p2a: Rotom|12/100|[from] move: Bind|[partiallytrapped]\n|upkeep\n|\n|t:|1775901822\n|switch|p2b: Froslass|Froslass, L50, F|100/100\n|-damage|p2b: Froslass|76/100|[from] Stealth Rock\n|turn|6\n|-activate|p1b: Clawitzer|item: Quick Claw\n|\n|t:|1775901836\n|detailschange|p2b: Froslass|Froslass-Mega, L50, F\n|-mega|p2b: Froslass|Froslass|Froslassite\n|-weather|Snowscape|[from] ability: Snow Warning|[of] p2b: Froslass\n|move|p1b: Clawitzer|Dark Pulse|p2b: Froslass\n|-supereffective|p2b: Froslass|1\n|-damage|p2b: Froslass|0 fnt\n|faint|p2b: Froslass\n|move|p1a: Sir Pin|Throat Chop|p2a: Rotom\n|-damage|p2a: Rotom|0 fnt\n|faint|p2a: Rotom\n|\n|win|ferenainexi\n|raw|ferenainexi's rating: 1033 &rarr; <strong>1066</strong><br />(+33 for winning)\n|raw|a8sd7's rating: 1013 &rarr; <strong>1002</strong><br />(-11 for losing)\n|l|\u2606a8sd7\n|player|p2|\n",
  "uploadtime": 1775901849,
  "views": 15,
  "formatid": "gen9championsvgc2026regma",
  "rating": 1002,
  "private": 0,
  "password": null
}