{
  "id": "gen9championsvgc2026regma-2586798946",
  "format": "[Gen 9 Champions] VGC 2026 Reg M-A",
  "players": [
    "Ongalabong",
    "HaizakiKun123"
  ],
  "log": "|j|\u2606Ongalabong\n|j|\u2606HaizakiKun123\n|t:|1776460813\n|gametype|doubles\n|player|p1|Ongalabong|benga|1230\n|player|p2|HaizakiKun123|102|1227\n|gen|9\n|tier|[Gen 9 Champions] VGC 2026 Reg M-A\n|rated|\n|rule|Species Clause: Limit one of each Pok\u00e9mon\n|rule|Item Clause: Limit 1 of each item\n|clearpoke\n|poke|p1|Crabominable, L50, F|\n|poke|p1|Farigiraf, L50, M|\n|poke|p1|Incineroar, L50, F|\n|poke|p1|Venusaur, L50, F|\n|poke|p1|Basculegion, L50, M|\n|poke|p1|Ninetales-Alola, L50, M|\n|poke|p2|Feraligatr, L50, F|\n|poke|p2|Sinistcha, L50|\n|poke|p2|Gardevoir, L50, M|\n|poke|p2|Pelipper, L50, M|\n|poke|p2|Incineroar, L50, F|\n|poke|p2|Archaludon, L50, F|\n|teampreview|4\n|\n|t:|1776460836\n|teamsize|p1|4\n|teamsize|p2|4\n|start\n|switch|p1a: Venusaur|Venusaur, L50, F|100/100\n|switch|p1b: Ninetales|Ninetales-Alola, L50, M|100/100\n|switch|p2a: Pelipper|Pelipper, L50, M|100/100\n|switch|p2b: Archaludon|Archaludon, L50, F|100/100\n|-weather|Snowscape|[from] ability: Snow Warning|[of] p1b: Ninetales\n|-weather|RainDance|[from] ability: Drizzle|[of] p2a: Pelipper\n|turn|1\n|\n|t:|1776460864\n|switch|p1b: Incineroar|Incineroar, L50, F|100/100\n|-ability|p1b: Incineroar|Intimidate|boost\n|-unboost|p2a: Pelipper|atk|1\n|-unboost|p2b: Archaludon|atk|1\n|detailschange|p1a: Venusaur|Venusaur-Mega, L50, F\n|-mega|p1a: Venusaur|Venusaur|Venusaurite\n|move|p2b: Archaludon|Flash Cannon|p1b: Incineroar\n|-resisted|p1b: Incineroar|1\n|-damage|p1b: Incineroar|85/100\n|move|p1a: Venusaur|Leech Seed|p2b: Archaludon\n|-start|p2b: Archaludon|move: Leech Seed\n|move|p2a: Pelipper|Hurricane|p1a: Venusaur\n|-supereffective|p1a: Venusaur|1\n|-damage|p1a: Venusaur|40/100\n|-start|p1a: Venusaur|confusion\n|\n|-weather|RainDance|[upkeep]\n|-damage|p2b: Archaludon|88/100|[from] Leech Seed|[of] p1a: Venusaur\n|-heal|p1a: Venusaur|51/100|[silent]\n|upkeep\n|turn|2\n|\n|t:|1776460886\n|switch|p2b: Incineroar|Incineroar, L50, F|100/100\n|-ability|p2b: Incineroar|Intimidate|boost\n|-unboost|p1a: Venusaur|atk|1\n|-unboost|p1b: Incineroar|atk|1\n|switch|p1b: Ninetales|Ninetales-Alola, L50, M|100/100\n|-weather|Snowscape|[from] ability: Snow Warning|[of] p1b: Ninetales\n|-activate|p1a: Venusaur|confusion\n|move|p1a: Venusaur|Protect|p1a: Venusaur\n|-singleturn|p1a: Venusaur|Protect\n|move|p2a: Pelipper|Muddy Water|p1b: Ninetales|[spread] p1b\n|-activate|p1a: Venusaur|move: Protect\n|-damage|p1b: Ninetales|70/100\n|\n|-weather|Snowscape|[upkeep]\n|upkeep\n|turn|3\n|\n|t:|1776460905\n|switch|p2a: Archaludon|Archaludon, L50, F|88/100\n|move|p2b: Incineroar|Fake Out|p1b: Ninetales\n|-damage|p1b: Ninetales|56/100\n|cant|p1b: Ninetales|flinch\n|-activate|p1a: Venusaur|confusion\n|-damage|p1a: Venusaur|46/100|[from] confusion\n|\n|-weather|Snowscape|[upkeep]\n|-heal|p2a: Archaludon|94/100|[from] item: Leftovers\n|upkeep\n|turn|4\n|inactive|Battle timer is ON: inactive players will automatically lose when time's up. (requested by Ongalabong)\n|\n|t:|1776460925\n|switch|p1b: Incineroar|Incineroar, L50, F|85/100\n|-ability|p1b: Incineroar|Intimidate|boost\n|-unboost|p2a: Archaludon|atk|1\n|-unboost|p2b: Incineroar|atk|1\n|switch|p2b: Pelipper|Pelipper, L50, M|100/100\n|-weather|RainDance|[from] ability: Drizzle|[of] p2b: Pelipper\n|move|p2a: Archaludon|Electro Shot||[still]\n|-prepare|p2a: Archaludon|Electro Shot\n|-boost|p2a: Archaludon|spa|1\n|-anim|p2a: Archaludon|Electro Shot|p1b: Incineroar\n|-damage|p1b: Incineroar|34/100\n|-enditem|p1b: Incineroar|Sitrus Berry|[eat]\n|-heal|p1b: Incineroar|58/100|[from] item: Sitrus Berry\n|-activate|p1a: Venusaur|confusion\n|move|p1a: Venusaur|Leech Seed|p2a: Archaludon\n|-start|p2a: Archaludon|move: Leech Seed\n|\n|-weather|RainDance|[upkeep]\n|-heal|p2a: Archaludon|99/100|[from] item: Leftovers\n|-damage|p2a: Archaludon|87/100|[from] Leech Seed|[of] p1a: Venusaur\n|-heal|p1a: Venusaur|57/100|[silent]\n|upkeep\n|turn|5\n|inactive|Ongalabong has 30 seconds left.\n|inactive|HaizakiKun123 has 30 seconds left.\n|\n|t:|1776460953\n|move|p1b: Incineroar|Fake Out|p2b: Pelipper\n|-damage|p2b: Pelipper|90/100\n|move|p2a: Archaludon|Draco Meteor|p1a: Venusaur\n|-damage|p1a: Venusaur|0 fnt\n|-unboost|p2a: Archaludon|spa|2\n|faint|p1a: Venusaur\n|cant|p2b: Pelipper|flinch\n|\n|-weather|RainDance|[upkeep]\n|-heal|p2a: Archaludon|93/100|[from] item: Leftovers\n|upkeep\n|\n|t:|1776460958\n|switch|p1a: Ninetales|Ninetales-Alola, L50, M|56/100\n|-weather|Snowscape|[from] ability: Snow Warning|[of] p1a: Ninetales\n|turn|6\n|\n|t:|1776460967\n|switch|p2a: Incineroar|Incineroar, L50, F|100/100\n|-ability|p2a: Incineroar|Intimidate|boost\n|-unboost|p1a: Ninetales|atk|1\n|-unboost|p1b: Incineroar|atk|1\n|move|p1a: Ninetales|Blizzard|p2b: Pelipper|[spread] p2a,p2b\n|-resisted|p2a: Incineroar|1\n|-damage|p2a: Incineroar|86/100\n|-damage|p2b: Pelipper|41/100\n|-status|p2b: Pelipper|frz\n|cant|p2b: Pelipper|frz\n|move|p1b: Incineroar|Parting Shot|p2b: Pelipper\n|-unboost|p2b: Pelipper|atk|1\n|-unboost|p2b: Pelipper|spa|1\n|\n|t:|1776460970\n|switch|p1b: Basculegion|Basculegion, L50, M|100/100|[from] Parting Shot\n|\n|-weather|Snowscape|[upkeep]\n|upkeep\n|turn|7\n|\n|t:|1776460984\n|move|p1b: Basculegion|Wave Crash|p2a: Incineroar\n|-supereffective|p2a: Incineroar|1\n|-damage|p2a: Incineroar|0 fnt\n|faint|p2a: Incineroar\n|-damage|p1b: Basculegion|76/100|[from] Recoil\n|move|p1a: Ninetales|Aurora Veil|p1a: Ninetales\n|-sidestart|p1: Ongalabong|move: Aurora Veil\n|cant|p2b: Pelipper|frz\n|\n|-weather|Snowscape|[upkeep]\n|upkeep\n|\n|t:|1776460993\n|switch|p2a: Archaludon|Archaludon, L50, F|93/100\n|turn|8\n|\n|t:|1776461016\n|switch|p1b: Incineroar|Incineroar, L50, F|58/100\n|-ability|p1b: Incineroar|Intimidate|boost\n|-unboost|p2a: Archaludon|atk|1\n|-unboost|p2b: Pelipper|atk|1\n|move|p1a: Ninetales|Blizzard|p2b: Pelipper|[spread] p2a,p2b\n|-damage|p2a: Archaludon|52/100\n|-damage|p2b: Pelipper|0 fnt\n|-ability|p2a: Archaludon|Stamina|boost\n|-boost|p2a: Archaludon|def|1\n|faint|p2b: Pelipper\n|move|p2a: Archaludon|Flash Cannon|p1a: Ninetales\n|-supereffective|p1a: Ninetales|2\n|-damage|p1a: Ninetales|0 fnt\n|faint|p1a: Ninetales\n|\n|-weather|Snowscape|[upkeep]\n|-heal|p2a: Archaludon|58/100|[from] item: Leftovers\n|upkeep\n|\n|t:|1776461038\n|switch|p1a: Basculegion|Basculegion, L50, M|76/100\n|switch|p2b: Gardevoir|Gardevoir, L50, M|100/100\n|-ability|p2b: Gardevoir|Adaptability|Trace|[from] ability: Trace|[of] p1a: Basculegion\n|turn|9\n|inactive|HaizakiKun123 has 30 seconds left.\n|\n|t:|1776461072\n|move|p2b: Gardevoir|Protect|p2b: Gardevoir\n|-singleturn|p2b: Gardevoir|Protect\n|move|p2a: Archaludon|Protect|p2a: Archaludon\n|-singleturn|p2a: Archaludon|Protect\n|move|p1a: Basculegion|Last Respects|p2b: Gardevoir\n|-activate|p2b: Gardevoir|move: Protect\n|move|p1b: Incineroar|Parting Shot|p2a: Archaludon\n|-activate|p2a: Archaludon|move: Protect\n|\n|-weather|Snowscape|[upkeep]\n|-heal|p2a: Archaludon|64/100|[from] item: Leftovers\n|upkeep\n|turn|10\n|inactive|HaizakiKun123 has 30 seconds left.\n|\n|t:|1776461102\n|detailschange|p2b: Gardevoir|Gardevoir-Mega, L50, M\n|-mega|p2b: Gardevoir|Gardevoir|Gardevoirite\n|move|p1a: Basculegion|Last Respects|p2b: Gardevoir\n|-supereffective|p2b: Gardevoir|1\n|-damage|p2b: Gardevoir|0 fnt\n|faint|p2b: Gardevoir\n|move|p2a: Archaludon|Electro Shot||[still]\n|-prepare|p2a: Archaludon|Electro Shot\n|-boost|p2a: Archaludon|spa|1\n|move|p1b: Incineroar|Parting Shot|p2a: Archaludon\n|-unboost|p2a: Archaludon|atk|1\n|-unboost|p2a: Archaludon|spa|1\n|\n|-weather|none\n|-heal|p2a: Archaludon|70/100|[from] item: Leftovers\n|upkeep\n|turn|11\n|\n|t:|1776461114\n|move|p1a: Basculegion|Last Respects|p2a: Archaludon\n|-damage|p2a: Archaludon|18/100\n|-ability|p2a: Archaludon|Stamina|boost\n|-boost|p2a: Archaludon|def|1\n|move|p2a: Archaludon|Electro Shot|p1a: Basculegion|[from] lockedmove\n|-supereffective|p1a: Basculegion|1\n|-damage|p1a: Basculegion|9/100\n|move|p1b: Incineroar|Flare Blitz|p2a: Archaludon\n|-damage|p2a: Archaludon|0 fnt\n|faint|p2a: Archaludon\n|-damage|p1b: Incineroar|53/100|[from] Recoil\n|\n|win|Ongalabong\n|raw|Ongalabong's rating: 1230 &rarr; <strong>1255</strong><br />(+25 for winning)\n|raw|HaizakiKun123's rating: 1227 &rarr; <strong>1202</strong><br />(-25 for losing)\n|l|\u2606HaizakiKun123\n|player|p2|\n",
  "uploadtime": 1776461135,
  "views": 31,
  "formatid": "gen9championsvgc2026regma",
  "rating": 1202,
  "private": 0,
  "password": null
}