{
  "id": "gen9championsvgc2026regma-2586224126",
  "format": "[Gen 9 Champions] VGC 2026 Reg M-A",
  "players": [
    "WGSGZM",
    "lucio m"
  ],
  "log": "|j|\u2606WGSGZM\n|j|\u2606lucio m\n|t:|1776414399\n|gametype|doubles\n|player|p1|WGSGZM|266|1149\n|player|p2|lucio m|265|1241\n|gen|9\n|tier|[Gen 9 Champions] VGC 2026 Reg M-A\n|rated|\n|rule|Species Clause: Limit one of each Pok\u00e9mon\n|rule|Item Clause: Limit 1 of each item\n|clearpoke\n|poke|p1|Skarmory, L50, M|\n|poke|p1|Pelipper, L50, F|\n|poke|p1|Garchomp, L50, M|\n|poke|p1|Kingambit, L50, M|\n|poke|p1|Sneasler, L50, F|\n|poke|p1|Palafin, L50, M|\n|poke|p2|Charizard, L50, F|\n|poke|p2|Corviknight, L50, F|\n|poke|p2|Gengar, L50, F|\n|poke|p2|Raichu, L50, F|\n|poke|p2|Zoroark-Hisui, L50, F|\n|poke|p2|Feraligatr, L50, F|\n|teampreview|4\n|inactive|Battle timer is ON: inactive players will automatically lose when time's up. (requested by lucio m)\n|inactive|WGSGZM has 60 seconds left.\n|\n|t:|1776414457\n|teamsize|p1|4\n|teamsize|p2|4\n|start\n|switch|p1a: Garchomp|Garchomp, L50, M|100/100\n|switch|p1b: Skarmory|Skarmory, L50, M|100/100\n|switch|p2a: Gengar|Gengar, L50, F|100/100\n|switch|p2b: Raichu|Raichu, L50, F|100/100\n|turn|1\n|inactive|lucio m has 30 seconds left.\n|\n|t:|1776414485\n|detailschange|p1b: Skarmory|Skarmory-Mega, L50, M\n|-mega|p1b: Skarmory|Skarmory|Skarmorite\n|move|p2b: Raichu|Icy Wind|p1b: Skarmory|[spread] p1a,p1b\n|-supereffective|p1a: Garchomp|2\n|-damage|p1a: Garchomp|46/100\n|-damage|p1b: Skarmory|80/100\n|-unboost|p1a: Garchomp|spe|1\n|-unboost|p1b: Skarmory|spe|1\n|move|p2a: Gengar|Shadow Ball|p1a: Garchomp\n|-damage|p1a: Garchomp|7/100\n|move|p1b: Skarmory|Iron Head|p2a: Gengar\n|-enditem|p2a: Gengar|Focus Sash\n|-damage|p2a: Gengar|1/100\n|move|p1a: Garchomp|Earthquake|p2b: Raichu|[spread] p2a,p2b\n|-immune|p1b: Skarmory\n|-supereffective|p2a: Gengar|1\n|-damage|p2a: Gengar|0 fnt\n|-damage|p2b: Raichu|27/100\n|replace|p2b: Zoroark|Zoroark-Hisui, L50, F\n|-end|p2b: Zoroark|Illusion\n|faint|p2a: Gengar\n|\n|upkeep\n|\n|t:|1776414503\n|switch|p2a: Raichu|Raichu, L50, F|100/100\n|turn|2\n|\n|t:|1776414515\n|move|p1b: Skarmory|Protect|p1b: Skarmory\n|-singleturn|p1b: Skarmory|Protect\n|move|p1a: Garchomp|Protect|p1a: Garchomp\n|-singleturn|p1a: Garchomp|Protect\n|move|p2b: Zoroark|Icy Wind|p1a: Garchomp|[spread] \n|-activate|p1a: Garchomp|move: Protect\n|-activate|p1b: Skarmory|move: Protect\n|move|p2a: Raichu|Thunderbolt|p1b: Skarmory\n|-activate|p1b: Skarmory|move: Protect\n|\n|upkeep\n|turn|3\n|\n|t:|1776414533\n|move|p2b: Zoroark|Icy Wind|p1a: Garchomp|[spread] p1a,p1b\n|-supereffective|p1a: Garchomp|2\n|-damage|p1a: Garchomp|0 fnt\n|-damage|p1b: Skarmory|60/100\n|-unboost|p1b: Skarmory|spe|1\n|faint|p1a: Garchomp\n|move|p2a: Raichu|Thunderbolt|p1b: Skarmory\n|-supereffective|p1b: Skarmory|1\n|-damage|p1b: Skarmory|0 fnt\n|faint|p1b: Skarmory\n|\n|upkeep\n|\n|t:|1776414540\n|switch|p1b: Sneasler|Sneasler, L50, F|100/100\n|switch|p1a: Pelipper|Pelipper, L50, F|100/100\n|-weather|RainDance|[from] ability: Drizzle|[of] p1a: Pelipper\n|turn|4\n|inactive|WGSGZM has 30 seconds left.\n|\n|t:|1776414566\n|move|p1b: Sneasler|Fake Out|p2a: Raichu\n|-damage|p2a: Raichu|66/100\n|move|p2b: Zoroark|Icy Wind|p1b: Sneasler|[spread] p1a,p1b\n|-damage|p1a: Pelipper|74/100\n|-damage|p1b: Sneasler|78/100\n|-unboost|p1a: Pelipper|spe|1\n|-unboost|p1b: Sneasler|spe|1\n|-enditem|p1b: Sneasler|White Herb\n|-clearnegativeboost|p1b: Sneasler|[silent]\n|cant|p2a: Raichu|flinch\n|move|p1a: Pelipper|Tailwind|p1a: Pelipper\n|-sidestart|p1: WGSGZM|move: Tailwind\n|\n|-weather|RainDance|[upkeep]\n|upkeep\n|turn|5\n|-message|WGSGZM forfeited.\n|\n|win|lucio m\n|raw|WGSGZM's rating: 1149 &rarr; <strong>1130</strong><br />(-19 for losing)\n|raw|lucio m's rating: 1241 &rarr; <strong>1260</strong><br />(+19 for winning)\n|l|\u2606WGSGZM\n|player|p1|\n",
  "uploadtime": 1776414584,
  "views": 17,
  "formatid": "gen9championsvgc2026regma",
  "rating": 1130,
  "private": 0,
  "password": null
}