{
  "id": "gen9championsvgc2026regma-2582199640",
  "format": "[Gen 9 Champions] VGC 2026 Reg M-A",
  "players": [
    "lolgz",
    "GKun1999"
  ],
  "log": "|j|\u2606lolgz\n|j|\u2606GKun1999\n|html|<table width=\"100%\"><tr><td align=\"left\">lolgz</td><td align=\"right\">GKun1999</tr><tr><td align=\"left\"><i class=\"fa fa-circle\"></i> <i class=\"fa fa-circle-o\"></i> </td><td align=\"right\"><i class=\"fa fa-circle-o\"></i> <i class=\"fa fa-circle\"></i> </tr></table>\n|uhtml|bestof|<h2><strong>Game 3</strong> of <a href=\"/game-bestof3-gen9championsvgc2026regma-2582194821\">a best-of-3</a></h2>\n|t:|1776070419\n|gametype|doubles\n|player|p1|lolgz|266|\n|player|p2|GKun1999|ghetsis-gen5bw|\n|gen|9\n|tier|[Gen 9 Champions] VGC 2026 Reg M-A\n|rated|Tournament battle\n|rule|Species Clause: Limit one of each Pok\u00e9mon\n|rule|Item Clause: Limit 1 of each item\n|raw|<div class=\"infobox\"><details class=\"readmore\" open><summary><strong>2 custom rules:</strong></summary> Force Open Team Sheets, Best of = 3</details></div>\n|clearpoke\n|poke|p1|Charizard, L50, M|\n|poke|p1|Whimsicott, L50, F|\n|poke|p1|Garchomp, L50, F|\n|poke|p1|Farigiraf, L50, F|\n|poke|p1|Sneasler, L50, F|\n|poke|p1|Floette-Eternal, L50, F|\n|poke|p2|Kangaskhan, L50, F|\n|poke|p2|Sneasler, L50, M|\n|poke|p2|Incineroar, L50, M|\n|poke|p2|Sinistcha, L50|\n|poke|p2|Froslass, L50, F|\n|poke|p2|Infernape, L50, M|\n|teampreview|4\n|showteam|p1|Charizard||CharizarditeY|SolarPower|WeatherBall,HeatWave,SolarBeam,Protect|||M|||50|]Whimsicott||FocusSash|Prankster|Moonblast,Tailwind,SunnyDay,Encore|||F|||50|]Garchomp||ChoiceScarf|RoughSkin|Earthquake,DragonClaw,RockSlide,StompingTantrum|||F|||50|]Farigiraf||SitrusBerry|ArmorTail|Psychic,HyperVoice,Imprison,TrickRoom|||F|||50|]Sneasler||WhiteHerb|Unburden|FakeOut,CloseCombat,DireClaw,ThroatChop|||F|||50|]Floette-Eternal||Floettite|FlowerVeil|DazzlingGleam,LightofRuin,Moonblast,Protect|||F|||50|\n|showteam|p2|Kangaskhan||Leftovers|InnerFocus|Substitute,DoubleEdge,Protect,DrainPunch|||F|||50|]Sneasler||WhiteHerb|Unburden|Coaching,CloseCombat,DireClaw,Protect|||M|||50|]Incineroar||SitrusBerry|Intimidate|PartingShot,FakeOut,FlareBlitz,DarkestLariat|||M|||50|]Sinistcha||OccaBerry|Hospitality|RagePowder,MatchaGotcha,StrengthSap,TrickRoom||||||50|]Froslass||Froslassite|CursedBody|AuroraVeil,Blizzard,Protect,ShadowBall|||F|||50|]Infernape||FocusSash|Blaze|Coaching,FakeOut,WillOWisp,AuraSphere|||M|||50|\n|inactive|Battle timer is ON: inactive players will automatically lose when time's up. (requested by GKun1999)\nGKun1999 has agreed to open team sheets.\n|\n|t:|1776070445\n|teamsize|p1|4\n|teamsize|p2|4\n|start\n|switch|p1a: Farigiraf|Farigiraf, L50, F|100/100\n|switch|p1b: Sneasler|Sneasler, L50, F|100/100\n|switch|p2a: Infernape|Infernape, L50, M|100/100\n|switch|p2b: Kangaskhan|Kangaskhan, L50, F, shiny|100/100\n|turn|1\n|\n|t:|1776070460\n|move|p2b: Kangaskhan|Protect|p2b: Kangaskhan\n|-singleturn|p2b: Kangaskhan|Protect\n|move|p1b: Sneasler|Fake Out|p2a: Infernape\n|-damage|p2a: Infernape|77/100\n|cant|p2a: Infernape|flinch\n|move|p1a: Farigiraf|Psychic|p2b: Kangaskhan\n|-activate|p2b: Kangaskhan|move: Protect\n|\n|upkeep\n|turn|2\n|\n|t:|1776070474\n|switch|p2b: Sinistcha|Sinistcha, L50|100/100\n|-heal|p2a: Infernape|100/100|[from] ability: Hospitality|[of] p2b: Sinistcha\n|move|p1b: Sneasler|Close Combat|p2b: Sinistcha\n|-immune|p2b: Sinistcha\n|move|p2a: Infernape|Will-O-Wisp|p1b: Sneasler\n|-status|p1b: Sneasler|brn\n|move|p1a: Farigiraf|Psychic|p2a: Infernape\n|-supereffective|p2a: Infernape|1\n|-enditem|p2a: Infernape|Focus Sash\n|-damage|p2a: Infernape|1/100\n|\n|-damage|p1b: Sneasler|95/100 brn|[from] brn\n|upkeep\n|turn|3\n|\n|t:|1776070498\n|switch|p2a: Incineroar|Incineroar, L50, M|100/100\n|-ability|p2a: Incineroar|Intimidate|boost\n|-unboost|p1a: Farigiraf|atk|1\n|-unboost|p1b: Sneasler|atk|1\n|-enditem|p1b: Sneasler|White Herb\n|-clearnegativeboost|p1b: Sneasler|[silent]\n|move|p1b: Sneasler|Dire Claw|p2b: Sinistcha\n|-damage|p2b: Sinistcha|80/100\n|-status|p2b: Sinistcha|slp\n|move|p1a: Farigiraf|Psychic|p2a: Incineroar\n|-immune|p2a: Incineroar\n|cant|p2b: Sinistcha|slp\n|\n|-damage|p1b: Sneasler|89/100 brn|[from] brn\n|upkeep\n|turn|4\n|\n|t:|1776070518\n|switch|p1b: Floette|Floette-Eternal, L50, F|100/100\n|move|p1a: Farigiraf|Psychic|p2b: Sinistcha\n|-damage|p2b: Sinistcha|43/100 slp\n|cant|p2b: Sinistcha|slp\n|move|p2a: Incineroar|Darkest Lariat|p1a: Farigiraf\n|-supereffective|p1a: Farigiraf|1\n|-damage|p1a: Farigiraf|34/100\n|-enditem|p1a: Farigiraf|Sitrus Berry|[eat]\n|-heal|p1a: Farigiraf|59/100|[from] item: Sitrus Berry\n|\n|upkeep\n|turn|5\n|\n|t:|1776070534\n|detailschange|p1b: Floette|Floette-Mega, L50, F\n|-mega|p1b: Floette|Floette|Floettite\n|-ability|p1b: Floette|Fairy Aura\n|move|p1b: Floette|Moonblast|p2a: Incineroar\n|-damage|p2a: Incineroar|38/100\n|-unboost|p2a: Incineroar|spa|1\n|-enditem|p2a: Incineroar|Sitrus Berry|[eat]\n|-heal|p2a: Incineroar|63/100|[from] item: Sitrus Berry\n|move|p1a: Farigiraf|Psychic|p2b: Sinistcha\n|-damage|p2b: Sinistcha|11/100 slp\n|move|p2a: Incineroar|Parting Shot|p1b: Floette\n|-unboost|p1b: Floette|atk|1\n|-unboost|p1b: Floette|spa|1\n|\n|t:|1776070547\n|switch|p2a: Kangaskhan|Kangaskhan, L50, F, shiny|100/100|[from] Parting Shot\n|-curestatus|p2b: Sinistcha|slp|[msg]\n|move|p2b: Sinistcha|Trick Room|p2b: Sinistcha\n|-fieldstart|move: Trick Room|[of] p2b: Sinistcha\n|\n|upkeep\n|turn|6\n|inactive|GKun1999 has 30 seconds left.\n|\n|t:|1776070579\n|switch|p2b: Incineroar|Incineroar, L50, M|63/100\n|-ability|p2b: Incineroar|Intimidate|boost\n|-unboost|p1a: Farigiraf|atk|1\n|-unboost|p1b: Floette|atk|1\n|switch|p1b: Garchomp|Garchomp, L50, F|100/100\n|move|p2a: Kangaskhan|Double-Edge|p1b: Garchomp\n|-damage|p1b: Garchomp|54/100\n|-damage|p2a: Kangaskhan|88/100|[from] ability: Rough Skin|[of] p1b: Garchomp\n|-damage|p2a: Kangaskhan|74/100|[from] Recoil\n|move|p1a: Farigiraf|Trick Room|p1a: Farigiraf\n|-fieldend|move: Trick Room\n|\n|-heal|p2a: Kangaskhan|80/100|[from] item: Leftovers\n|upkeep\n|turn|7\n|\n|t:|1776070600\n|move|p2a: Kangaskhan|Protect|p2a: Kangaskhan\n|-singleturn|p2a: Kangaskhan|Protect\n|move|p1b: Garchomp|Stomping Tantrum|p2b: Incineroar\n|-supereffective|p2b: Incineroar|1\n|-damage|p2b: Incineroar|6/100\n|move|p1a: Farigiraf|Psychic|p2a: Kangaskhan\n|-activate|p2a: Kangaskhan|move: Protect\n|move|p2b: Incineroar|Parting Shot|p1a: Farigiraf\n|-unboost|p1a: Farigiraf|atk|1\n|-unboost|p1a: Farigiraf|spa|1\n|\n|t:|1776070610\n|switch|p2b: Sinistcha|Sinistcha, L50|11/100|[from] Parting Shot\n|-heal|p2a: Kangaskhan|100/100|[from] ability: Hospitality|[of] p2b: Sinistcha\n|\n|upkeep\n|turn|8\n|\n|t:|1776070625\n|switch|p2b: Incineroar|Incineroar, L50, M|6/100\n|-ability|p2b: Incineroar|Intimidate|boost\n|-unboost|p1a: Farigiraf|atk|1\n|-unboost|p1b: Garchomp|atk|1\n|move|p1b: Garchomp|Stomping Tantrum|p2a: Kangaskhan\n|-damage|p2a: Kangaskhan|73/100\n|move|p2a: Kangaskhan|Substitute|p2a: Kangaskhan\n|-start|p2a: Kangaskhan|Substitute\n|-damage|p2a: Kangaskhan|48/100\n|move|p1a: Farigiraf|Psychic|p2b: Incineroar\n|-immune|p2b: Incineroar\n|\n|-heal|p2a: Kangaskhan|54/100|[from] item: Leftovers\n|upkeep\n|turn|9\n|inactive|GKun1999 has 30 seconds left.\n|\n|t:|1776070654\n|switch|p1a: Sneasler|Sneasler, L50, F|89/100 brn\n|move|p2a: Kangaskhan|Protect|p2a: Kangaskhan\n|-singleturn|p2a: Kangaskhan|Protect\n|move|p1b: Garchomp|Stomping Tantrum|p2a: Kangaskhan\n|-activate|p2a: Kangaskhan|move: Protect\n|move|p2b: Incineroar|Darkest Lariat|p1a: Sneasler\n|-resisted|p1a: Sneasler|1\n|-damage|p1a: Sneasler|60/100 brn\n|\n|-heal|p2a: Kangaskhan|60/100|[from] item: Leftovers\n|-damage|p1a: Sneasler|54/100 brn|[from] brn\n|upkeep\n|turn|10\n|\n|t:|1776070672\n|switch|p2b: Sinistcha|Sinistcha, L50|11/100\n|-heal|p2a: Kangaskhan|85/100|[from] ability: Hospitality|[of] p2b: Sinistcha\n|move|p1b: Garchomp|Stomping Tantrum|p2a: Kangaskhan\n|-end|p2a: Kangaskhan|Substitute\n|move|p1a: Sneasler|Dire Claw|p2b: Sinistcha\n|-damage|p2b: Sinistcha|0 fnt\n|faint|p2b: Sinistcha\n|move|p2a: Kangaskhan|Double-Edge|p1a: Sneasler\n|-damage|p1a: Sneasler|0 fnt\n|faint|p1a: Sneasler\n|-damage|p2a: Kangaskhan|71/100|[from] Recoil\n|\n|-heal|p2a: Kangaskhan|77/100|[from] item: Leftovers\n|upkeep\n|\n|t:|1776070687\n|switch|p1a: Floette|Floette-Mega, L50, F|100/100\n|switch|p2b: Incineroar|Incineroar, L50, M|6/100\n|-ability|p1a: Floette|Fairy Aura\n|-ability|p2b: Incineroar|Intimidate|boost\n|-unboost|p1a: Floette|atk|1\n|-unboost|p1b: Garchomp|atk|1\n|turn|11\n|\n|t:|1776070698\n|switch|p1b: Farigiraf|Farigiraf, L50, F|59/100\n|move|p2b: Incineroar|Fake Out||[still]\n|cant|p1b: Farigiraf|ability: Armor Tail|Fake Out|[of] p2b: Incineroar\n|move|p1a: Floette|Moonblast|p2a: Kangaskhan\n|-damage|p2a: Kangaskhan|6/100\n|move|p2a: Kangaskhan|Double-Edge|p1a: Floette\n|-damage|p1a: Floette|37/100\n|-damage|p2a: Kangaskhan|0 fnt|[from] Recoil\n|faint|p2a: Kangaskhan\n|\n|upkeep\n|\n|t:|1776070703\n|switch|p2a: Infernape|Infernape, L50, M|1/100\n|turn|12\n|\n|t:|1776070712\n|move|p1a: Floette|Protect|p1a: Floette\n|-singleturn|p1a: Floette|Protect\n|move|p2a: Infernape|Aura Sphere|p1b: Farigiraf\n|-damage|p1b: Farigiraf|30/100\n|move|p1b: Farigiraf|Hyper Voice|p2a: Infernape|[spread] p2a,p2b\n|-damage|p2a: Infernape|0 fnt\n|-damage|p2b: Incineroar|0 fnt\n|faint|p2a: Infernape\n|faint|p2b: Incineroar\n|\n|win|lolgz\n",
  "uploadtime": 1776070712,
  "views": 10,
  "formatid": "gen9championsvgc2026regma",
  "rating": null,
  "private": 0,
  "password": null
}