{
  "id": "gen9championsvgc2026regma-2582511960",
  "format": "[Gen 9 Champions] VGC 2026 Reg M-A",
  "players": [
    "BesameGuapo",
    "magentalamb"
  ],
  "log": "|j|\u2606BesameGuapo\n|j|\u2606magentalamb\n|t:|1776096402\n|gametype|doubles\n|player|p1|BesameGuapo|101|1112\n|player|p2|magentalamb|266|1027\n|gen|9\n|tier|[Gen 9 Champions] VGC 2026 Reg M-A\n|rated|\n|rule|Species Clause: Limit one of each Pok\u00e9mon\n|rule|Item Clause: Limit 1 of each item\n|clearpoke\n|poke|p1|Sneasler, L50, M|\n|poke|p1|Pelipper, L50, M|\n|poke|p1|Basculegion, L50, M|\n|poke|p1|Archaludon, L50, M|\n|poke|p1|Floette-Eternal, L50, F|\n|poke|p1|Kingambit, L50, F|\n|poke|p2|Froslass, L50, F|\n|poke|p2|Rotom-Frost, L50|\n|poke|p2|Garchomp, L50, F|\n|poke|p2|Incineroar, L50, M|\n|poke|p2|Orthworm, L50, M|\n|poke|p2|Primarina, L50, F|\n|teampreview|4\nBesameGuapo has agreed to open team sheets.\n|inactive|Battle timer is ON: inactive players will automatically lose when time's up. (requested by magentalamb)\n|inactive|BesameGuapo has 60 seconds left.\n|\n|t:|1776096473\n|teamsize|p1|4\n|teamsize|p2|4\n|start\n|switch|p1a: Sneasler|Sneasler, L50, M|100/100\n|switch|p1b: Floette|Floette-Eternal, L50, F|100/100\n|switch|p2a: Orthworm|Orthworm, L50, M|100/100\n|switch|p2b: Garchomp|Garchomp, L50, F|100/100\n|turn|1\n|\n|t:|1776096497\n|detailschange|p1b: Floette|Floette-Mega, L50, F\n|-mega|p1b: Floette|Floette|Floettite\n|-ability|p1b: Floette|Fairy Aura\n|move|p1a: Sneasler|Close Combat|p2a: Orthworm\n|-supereffective|p2a: Orthworm|1\n|-damage|p2a: Orthworm|18/100\n|-unboost|p1a: Sneasler|def|1\n|-unboost|p1a: Sneasler|spd|1\n|-enditem|p2a: Orthworm|Sitrus Berry|[eat]\n|-heal|p2a: Orthworm|43/100|[from] item: Sitrus Berry\n|-enditem|p1a: Sneasler|White Herb\n|-clearnegativeboost|p1a: Sneasler|[silent]\n|move|p2b: Garchomp|Earthquake|p1b: Floette|[spread] p1a,p1b\n|-heal|p2a: Orthworm|68/100|[from] ability: Earth Eater|[of] p2b: Garchomp\n|-supereffective|p1a: Sneasler|1\n|-damage|p1a: Sneasler|0 fnt\n|-damage|p1b: Floette|54/100\n|faint|p1a: Sneasler\n|move|p1b: Floette|Moonblast|p2b: Garchomp\n|-supereffective|p2b: Garchomp|1\n|-damage|p2b: Garchomp|0 fnt\n|faint|p2b: Garchomp\n|move|p2a: Orthworm|Shed Tail|p2a: Orthworm\n|-start|p2a: Orthworm|Substitute|[from] move: Shed Tail\n|-damage|p2a: Orthworm|18/100\n|\n|t:|1776096515\n|switch|p2a: Froslass|Froslass, L50, F|100/100|[from] Shed Tail\n|\n|upkeep\n|\n|t:|1776096521\n|switch|p1a: Kingambit|Kingambit, L50, F|100/100\n|switch|p2b: Rotom|Rotom-Frost, L50|100/100\n|turn|2\n|\n|t:|1776096538\n|detailschange|p2a: Froslass|Froslass-Mega, L50, F\n|-mega|p2a: Froslass|Froslass|Froslassite\n|-weather|Snowscape|[from] ability: Snow Warning|[of] p2a: Froslass\n|move|p1a: Kingambit|Protect|p1a: Kingambit\n|-singleturn|p1a: Kingambit|Protect\n|move|p2b: Rotom|Blizzard|p1a: Kingambit|[spread] p1b\n|-activate|p1a: Kingambit|move: Protect\n|-damage|p1b: Floette|24/100\n|move|p2a: Froslass|Blizzard|p1b: Floette|[spread] p1b\n|-activate|p1a: Kingambit|move: Protect\n|-damage|p1b: Floette|0 fnt\n|faint|p1b: Floette\n|\n|-weather|Snowscape|[upkeep]\n|upkeep\n|\n|t:|1776096552\n|switch|p1b: Pelipper|Pelipper, L50, M|100/100\n|-weather|RainDance|[from] ability: Drizzle|[of] p1b: Pelipper\n|turn|3\n|\n|t:|1776096568\n|switch|p2a: Orthworm|Orthworm, L50, M|18/100\n|move|p1b: Pelipper|Protect|p1b: Pelipper\n|-singleturn|p1b: Pelipper|Protect\n|move|p2b: Rotom|Blizzard|p1b: Pelipper|[spread] \n|-activate|p1b: Pelipper|move: Protect\n|-miss|p2b: Rotom|p1a: Kingambit\n|move|p1a: Kingambit|Kowtow Cleave|p2a: Orthworm\n|-damage|p2a: Orthworm|0 fnt\n|faint|p2a: Orthworm\n|\n|-weather|RainDance|[upkeep]\n|upkeep\n|\n|t:|1776096580\n|switch|p2a: Froslass|Froslass-Mega, L50, F|100/100\n|-weather|Snowscape|[from] ability: Snow Warning|[of] p2a: Froslass\n|turn|4\n|\n|t:|1776096603\n|move|p2b: Rotom|Blizzard|p1a: Kingambit|[spread] p1a,p1b\n|-resisted|p1a: Kingambit|1\n|-damage|p1a: Kingambit|83/100\n|-damage|p1b: Pelipper|47/100\n|move|p2a: Froslass|Aurora Veil|p2a: Froslass\n|-sidestart|p2: magentalamb|move: Aurora Veil\n|move|p1b: Pelipper|Muddy Water|p2a: Froslass|[spread] p2a,p2b\n|-damage|p2a: Froslass|81/100\n|-damage|p2b: Rotom|80/100\n|move|p1a: Kingambit|Kowtow Cleave|p2a: Froslass\n|-supereffective|p2a: Froslass|1\n|-damage|p2a: Froslass|15/100\n|\n|-weather|Snowscape|[upkeep]\n|upkeep\n|turn|5\n|\n|t:|1776096619\n|move|p1b: Pelipper|Protect|p1b: Pelipper\n|-singleturn|p1b: Pelipper|Protect\n|move|p1a: Kingambit|Sucker Punch|p2a: Froslass\n|-supereffective|p2a: Froslass|1\n|-damage|p2a: Froslass|0 fnt\n|faint|p2a: Froslass\n|move|p2b: Rotom|Blizzard|p1a: Kingambit|[spread] p1a\n|-activate|p1b: Pelipper|move: Protect\n|-resisted|p1a: Kingambit|1\n|-damage|p1a: Kingambit|64/100\n|-status|p1a: Kingambit|frz\n|\n|-weather|Snowscape|[upkeep]\n|upkeep\n|turn|6\n|\n|t:|1776096633\n|-curestatus|p1a: Kingambit|frz|[msg]\n|move|p1a: Kingambit|Protect|p1a: Kingambit\n|-singleturn|p1a: Kingambit|Protect\n|move|p2b: Rotom|Blizzard|p1b: Pelipper|[spread] p1b\n|-activate|p1a: Kingambit|move: Protect\n|-damage|p1b: Pelipper|0 fnt\n|faint|p1b: Pelipper\n|\n|-weather|Snowscape|[upkeep]\n|upkeep\n|turn|7\n|\n|t:|1776096646\n|move|p2b: Rotom|Blizzard|p1a: Kingambit\n|-resisted|p1a: Kingambit|1\n|-damage|p1a: Kingambit|39/100\n|-enditem|p1a: Kingambit|Sitrus Berry|[eat]\n|-heal|p1a: Kingambit|64/100|[from] item: Sitrus Berry\n|move|p1a: Kingambit|Iron Head|p2b: Rotom\n|-damage|p2b: Rotom|51/100\n|\n|-weather|Snowscape|[upkeep]\n|upkeep\n|turn|8\n|\n|t:|1776096655\n|move|p1a: Kingambit|Protect|p1a: Kingambit\n|-singleturn|p1a: Kingambit|Protect\n|move|p2b: Rotom|Blizzard|p1a: Kingambit\n|-activate|p1a: Kingambit|move: Protect\n|\n|-weather|none\n|-sideend|p2: magentalamb|move: Aurora Veil\n|upkeep\n|turn|9\n|\n|t:|1776096663\n|move|p2b: Rotom|Blizzard|p1a: Kingambit|[miss]\n|-miss|p2b: Rotom|p1a: Kingambit\n|move|p1a: Kingambit|Iron Head|p2b: Rotom\n|-damage|p2b: Rotom|0 fnt\n|faint|p2b: Rotom\n|\n|win|BesameGuapo\n|raw|BesameGuapo's rating: 1112 &rarr; <strong>1131</strong><br />(+19 for winning)\n|raw|magentalamb's rating: 1027 &rarr; <strong>1016</strong><br />(-11 for losing)\n|l|\u2606magentalamb\n|player|p2|\n|c|\u2606BesameGuapo|gg\n",
  "uploadtime": 1776096682,
  "views": 11,
  "formatid": "gen9championsvgc2026regma",
  "rating": 1016,
  "private": 0,
  "password": null
}