{
  "id": "gen9championsvgc2026regma-2583589242",
  "format": "[Gen 9 Champions] VGC 2026 Reg M-A",
  "players": [
    "1Neku",
    "Zhm/r"
  ],
  "log": "|j|\u26061Neku\n|j|\u2606Zhm/r\n|t:|1776185118\n|gametype|doubles\n|player|p1|1Neku|170|1132\n|player|p2|Zhm/r|clown|1196\n|gen|9\n|tier|[Gen 9 Champions] VGC 2026 Reg M-A\n|rated|\n|rule|Species Clause: Limit one of each Pok\u00e9mon\n|rule|Item Clause: Limit 1 of each item\n|clearpoke\n|poke|p1|Pelipper, L50, F|\n|poke|p1|Basculegion, L50, M|\n|poke|p1|Sinistcha, L50|\n|poke|p1|Archaludon, L50, F|\n|poke|p1|Sneasler, L50, M|\n|poke|p1|Dragonite, L50, M|\n|poke|p2|Aggron, L50, F|\n|poke|p2|Slowbro, L50, M|\n|poke|p2|Incineroar, L50, M|\n|poke|p2|Sinistcha, L50|\n|poke|p2|Garchomp, L50, F|\n|poke|p2|Meganium, L50, F|\n|teampreview|4\n|\n|t:|1776185157\n|teamsize|p1|4\n|teamsize|p2|4\n|start\n|switch|p1a: Pelipper|Pelipper, L50, F, shiny|100/100\n|switch|p1b: Basculegion|Basculegion, L50, M|100/100\n|switch|p2a: Aggron|Aggron, L50, F|100/100\n|switch|p2b: Slowbro|Slowbro, L50, M|100/100\n|-weather|RainDance|[from] ability: Drizzle|[of] p1a: Pelipper\n|turn|1\n|\n|t:|1776185182\n|detailschange|p2a: Aggron|Aggron-Mega, L50, F\n|-mega|p2a: Aggron|Aggron|Aggronite\n|move|p2b: Slowbro|Protect|p2b: Slowbro\n|-singleturn|p2b: Slowbro|Protect\n|move|p1b: Basculegion|Flip Turn|p2a: Aggron\n|-damage|p2a: Aggron|78/100\n|\n|t:|1776185214\n|switch|p1b: Sinistcha|Sinistcha, L50|100/100|[from] Flip Turn\n|move|p1a: Pelipper|Weather Ball|p2a: Aggron\n|-damage|p2a: Aggron|20/100\n|move|p2a: Aggron|Iron Defense|p2a: Aggron\n|-boost|p2a: Aggron|def|2\n|\n|-weather|RainDance|[upkeep]\n|upkeep\n|turn|2\n|inactive|Battle timer is ON: inactive players will automatically lose when time's up. (requested by 1Neku)\n|inactive|Zhm/r has 60 seconds left.\n|\n|t:|1776185265\n|switch|p2a: Sinistcha|Sinistcha, L50|100/100\n|move|p1a: Pelipper|Protect|p1a: Pelipper\n|-singleturn|p1a: Pelipper|Protect\n|move|p1b: Sinistcha|Matcha Gotcha|p2a: Sinistcha|[spread] p2a,p2b\n|-resisted|p2a: Sinistcha|1\n|-supereffective|p2b: Slowbro|1\n|-damage|p2a: Sinistcha|90/100\n|-damage|p2b: Slowbro|64/100\n|move|p2b: Slowbro|Trick Room|p2b: Slowbro\n|-fieldstart|move: Trick Room|[of] p2b: Slowbro\n|\n|-weather|RainDance|[upkeep]\n|-heal|p2b: Slowbro|70/100|[from] item: Leftovers\n|upkeep\n|turn|3\n|inactive|1Neku has 30 seconds left.\n|\n|t:|1776185291\n|switch|p1a: Dragonite|Dragonite, L50, M|100/100\n|move|p2b: Slowbro|Scald|p1b: Sinistcha\n|-resisted|p1b: Sinistcha|1\n|-damage|p1b: Sinistcha|79/100\n|-status|p1b: Sinistcha|brn\n|move|p2a: Sinistcha|Shadow Ball|p1b: Sinistcha\n|-supereffective|p1b: Sinistcha|1\n|-damage|p1b: Sinistcha|2/100 brn\n|-enditem|p1b: Sinistcha|Sitrus Berry|[eat]\n|-heal|p1b: Sinistcha|27/100 brn|[from] item: Sitrus Berry\n|move|p1b: Sinistcha|Trick Room|p1b: Sinistcha\n|-fieldend|move: Trick Room\n|\n|-weather|RainDance|[upkeep]\n|-heal|p2b: Slowbro|76/100|[from] item: Leftovers\n|-damage|p1b: Sinistcha|21/100 brn|[from] brn\n|upkeep\n|turn|4\n|inactive|1Neku has 30 seconds left.\n|inactive|Zhm/r has 30 seconds left.\n|inactive|Zhm/r has 20 seconds left.\n|inactive|Zhm/r has 15 seconds left.\n|inactive|Zhm/r has 10 seconds left.\n|\n|t:|1776185342\n|switch|p2a: Aggron|Aggron-Mega, L50, F|20/100\n|switch|p1b: Basculegion|Basculegion, L50, M|100/100\n|switch|p2b: Garchomp|Garchomp, L50, F|100/100\n|detailschange|p1a: Dragonite|Dragonite-Mega, L50, M\n|-mega|p1a: Dragonite|Dragonite|Dragoninite\n|move|p1a: Dragonite|Hurricane|p2a: Aggron\n|-resisted|p2a: Aggron|1\n|-damage|p2a: Aggron|0 fnt\n|faint|p2a: Aggron\n|\n|-weather|RainDance|[upkeep]\n|upkeep\n|\n|t:|1776185356\n|switch|p2a: Slowbro|Slowbro, L50, M|100/100\n|turn|5\n|\n|t:|1776185371\n|move|p1b: Basculegion|Flip Turn|p2b: Garchomp\n|-damage|p2b: Garchomp|50/100\n|\n|t:|1776185374\n|switch|p1b: Sinistcha|Sinistcha, L50|21/100 brn|[from] Flip Turn\n|move|p2b: Garchomp|Dragon Claw|p1a: Dragonite\n|-supereffective|p1a: Dragonite|1\n|-damage|p1a: Dragonite|59/100\n|move|p1a: Dragonite|Ice Beam|p2b: Garchomp\n|-supereffective|p2b: Garchomp|2\n|-damage|p2b: Garchomp|0 fnt\n|faint|p2b: Garchomp\n|move|p2a: Slowbro|Light Screen|p2a: Slowbro\n|-sidestart|p2: Zhm/r|move: Light Screen\n|\n|-weather|none\n|-damage|p1b: Sinistcha|15/100 brn|[from] brn\n|upkeep\n|\n|t:|1776185387\n|switch|p2b: Sinistcha|Sinistcha, L50|90/100\n|turn|6\n|\n|t:|1776185400\n|switch|p1b: Pelipper|Pelipper, L50, F, shiny|100/100\n|-weather|RainDance|[from] ability: Drizzle|[of] p1b: Pelipper\n|move|p1a: Dragonite|Hurricane|p2b: Sinistcha\n|-supereffective|p2b: Sinistcha|1\n|-damage|p2b: Sinistcha|11/100\n|-enditem|p2b: Sinistcha|Sitrus Berry|[eat]\n|-heal|p2b: Sinistcha|36/100|[from] item: Sitrus Berry\n|move|p2b: Sinistcha|Shadow Ball|p1a: Dragonite\n|-damage|p1a: Dragonite|33/100\n|move|p2a: Slowbro|Scald|p1a: Dragonite\n|-resisted|p1a: Dragonite|1\n|-damage|p1a: Dragonite|15/100\n|-status|p1a: Dragonite|brn\n|\n|-weather|RainDance|[upkeep]\n|-damage|p1a: Dragonite|9/100 brn|[from] brn\n|upkeep\n|turn|7\n|inactive|Zhm/r has 30 seconds left.\n|\n|t:|1776185433\n|move|p1a: Dragonite|Draco Meteor|p2a: Slowbro\n|-damage|p2a: Slowbro|60/100\n|-unboost|p1a: Dragonite|spa|2\n|move|p1b: Pelipper|Hurricane|p2b: Sinistcha\n|-supereffective|p2b: Sinistcha|1\n|-damage|p2b: Sinistcha|0 fnt\n|faint|p2b: Sinistcha\n|move|p2a: Slowbro|Trick Room|p2a: Slowbro\n|-fieldstart|move: Trick Room|[of] p2a: Slowbro\n|\n|-weather|RainDance|[upkeep]\n|-heal|p2a: Slowbro|66/100|[from] item: Leftovers\n|-damage|p1a: Dragonite|3/100 brn|[from] brn\n|upkeep\n|turn|8\n|\n|t:|1776185454\n|move|p2a: Slowbro|Protect|p2a: Slowbro\n|-singleturn|p2a: Slowbro|Protect\n|move|p1b: Pelipper|Hurricane|p2a: Slowbro\n|-activate|p2a: Slowbro|move: Protect\n|move|p1a: Dragonite|Hurricane|p2a: Slowbro\n|-activate|p2a: Slowbro|move: Protect\n|\n|-weather|RainDance|[upkeep]\n|-heal|p2a: Slowbro|72/100|[from] item: Leftovers\n|-damage|p1a: Dragonite|0 fnt|[from] brn\n|faint|p1a: Dragonite\n|upkeep\n|\n|t:|1776185470\n|switch|p1a: Basculegion|Basculegion, L50, M|100/100\n|turn|9\n|\n|t:|1776185483\n|move|p2a: Slowbro|Scald|p1b: Pelipper\n|-resisted|p1b: Pelipper|1\n|-damage|p1b: Pelipper|61/100\n|move|p1b: Pelipper|Hurricane|p2a: Slowbro\n|-damage|p2a: Slowbro|49/100\n|move|p1a: Basculegion|Last Respects|p2a: Slowbro\n|-supereffective|p2a: Slowbro|1\n|-damage|p2a: Slowbro|0 fnt\n|faint|p2a: Slowbro\n|\n|win|1Neku\n|raw|1Neku's rating: 1132 &rarr; <strong>1162</strong><br />(+30 for winning)\n|raw|Zhm&#x2f;r's rating: 1196 &rarr; <strong>1166</strong><br />(-30 for losing)\n|l|\u2606Zhm/r\n|player|p2|\n",
  "uploadtime": 1776185497,
  "views": 14,
  "formatid": "gen9championsvgc2026regma",
  "rating": 1162,
  "private": 0,
  "password": null
}