{
  "id": "gen9championsvgc2026regma-2581696164",
  "format": "[Gen 9 Champions] VGC 2026 Reg M-A",
  "players": [
    "M0CA",
    "powerthepower"
  ],
  "log": "|j|\u2606M0CA\n|j|\u2606powerthepower\n|t:|1776021419\n|gametype|doubles\n|player|p1|M0CA|blue-masters|1039\n|player|p2|powerthepower|2|1000\n|gen|9\n|tier|[Gen 9 Champions] VGC 2026 Reg M-A\n|rated|\n|rule|Species Clause: Limit one of each Pok\u00e9mon\n|rule|Item Clause: Limit 1 of each item\n|clearpoke\n|poke|p1|Floette-Eternal, L50, F|\n|poke|p1|Samurott-Hisui, L50, F|\n|poke|p1|Audino, L50, M|\n|poke|p1|Vivillon-Savanna, L50, F|\n|poke|p1|Hydreigon, L50, F|\n|poke|p1|Delphox, L50, F|\n|poke|p2|Aegislash, L50, M|\n|poke|p2|Dragapult, L50, M|\n|poke|p2|Gyarados, L50, M|\n|poke|p2|Incineroar, L50, F|\n|poke|p2|Lopunny, L50, M|\n|poke|p2|Talonflame, L50, M|\n|teampreview|4\npowerthepower has agreed to open team sheets.\n|\n|t:|1776021446\n|teamsize|p1|4\n|teamsize|p2|4\n|start\n|switch|p1a: Vivlos|Vivillon-Savanna, L50, F|100/100\n|switch|p1b: \u30b9\u30c8\u30a5\u30fc\u30d4\u30c3\u30c9|Samurott-Hisui, L50, F|100/100\n|switch|p2a: Lopunny|Lopunny, L50, M|100/100\n|switch|p2b: Talonflame|Talonflame, L50, M|100/100\n|turn|1\n|\n|t:|1776021471\n|detailschange|p2a: Lopunny|Lopunny-Mega, L50, M\n|-mega|p2a: Lopunny|Lopunny|Lopunnite\n|move|p1b: \u30b9\u30c8\u30a5\u30fc\u30d4\u30c3\u30c9|Protect|p1b: \u30b9\u30c8\u30a5\u30fc\u30d4\u30c3\u30c9\n|-singleturn|p1b: \u30b9\u30c8\u30a5\u30fc\u30d4\u30c3\u30c9|Protect\n|move|p2a: Lopunny|Fake Out|p1b: \u30b9\u30c8\u30a5\u30fc\u30d4\u30c3\u30c9\n|-activate|p1b: \u30b9\u30c8\u30a5\u30fc\u30d4\u30c3\u30c9|move: Protect\n|move|p2b: Talonflame|Taunt|p1a: Vivlos\n|-start|p1a: Vivlos|move: Taunt\n|cant|p1a: Vivlos|move: Taunt|Tailwind\n|\n|upkeep\n|turn|2\n|\n|t:|1776021485\n|switch|p1b: The Muppet Man|Hydreigon, L50, F|100/100\n|move|p2b: Talonflame|Tailwind|p2b: Talonflame\n|-sidestart|p2: powerthepower|move: Tailwind\n|move|p2a: Lopunny|Close Combat|p1b: The Muppet Man\n|-supereffective|p1b: The Muppet Man|1\n|-damage|p1b: The Muppet Man|0 fnt\n|-unboost|p2a: Lopunny|def|1\n|-unboost|p2a: Lopunny|spd|1\n|faint|p1b: The Muppet Man\n|move|p1a: Vivlos|Hurricane|p2a: Lopunny\n|-supereffective|p2a: Lopunny|1\n|-damage|p2a: Lopunny|0 fnt\n|faint|p2a: Lopunny\n|\n|upkeep\n|\n|t:|1776021500\n|switch|p2a: Dragapult|Dragapult, L50, M|100/100\n|switch|p1b: \u30b9\u30c8\u30a5\u30fc\u30d4\u30c3\u30c9|Samurott-Hisui, L50, F|100/100\n|turn|3\n|\n|t:|1776021508\n|move|p2b: Talonflame|Brave Bird|p1a: Vivlos\n|-supereffective|p1a: Vivlos|1\n|-enditem|p1a: Vivlos|Focus Sash\n|-damage|p1a: Vivlos|1/100\n|-damage|p2b: Talonflame|67/100|[from] Recoil\n|move|p2a: Dragapult|Reflect|p2a: Dragapult\n|-sidestart|p2: powerthepower|Reflect\n|move|p1a: Vivlos|Hurricane|p2b: Talonflame\n|-damage|p2b: Talonflame|0 fnt\n|faint|p2b: Talonflame\n|move|p1b: \u30b9\u30c8\u30a5\u30fc\u30d4\u30c3\u30c9|Ceaseless Edge|p2a: Dragapult|[miss]\n|-miss|p1b: \u30b9\u30c8\u30a5\u30fc\u30d4\u30c3\u30c9|p2a: Dragapult\n|\n|-end|p1a: Vivlos|move: Taunt\n|upkeep\n|\n|t:|1776021519\n|switch|p2b: Aegislash|Aegislash, L50, M|100/100\n|turn|4\n|\n|t:|1776021537\n|switch|p1a: Thug Seme|Audino, L50, M|100/100\n|move|p1b: \u30b9\u30c8\u30a5\u30fc\u30d4\u30c3\u30c9|Protect|p1b: \u30b9\u30c8\u30a5\u30fc\u30d4\u30c3\u30c9\n|-singleturn|p1b: \u30b9\u30c8\u30a5\u30fc\u30d4\u30c3\u30c9|Protect\n|move|p2a: Dragapult|Disable|p1b: \u30b9\u30c8\u30a5\u30fc\u30d4\u30c3\u30c9\n|-activate|p1b: \u30b9\u30c8\u30a5\u30fc\u30d4\u30c3\u30c9|move: Protect\n|-formechange|p2b: Aegislash|Aegislash-Blade|\n|move|p2b: Aegislash|Shadow Ball|p1a: Thug Seme\n|-immune|p1a: Thug Seme\n|\n|upkeep\n|turn|5\n|\n|t:|1776021585\n|detailschange|p1a: Thug Seme|Audino-Mega, L50, M\n|-mega|p1a: Thug Seme|Audino|Audinite\n|move|p2a: Dragapult|Draco Meteor|p1b: \u30b9\u30c8\u30a5\u30fc\u30d4\u30c3\u30c9\n|-damage|p1b: \u30b9\u30c8\u30a5\u30fc\u30d4\u30c3\u30c9|24/100\n|-unboost|p2a: Dragapult|spa|2\n|move|p2b: Aegislash|Flash Cannon|p1b: \u30b9\u30c8\u30a5\u30fc\u30d4\u30c3\u30c9\n|-resisted|p1b: \u30b9\u30c8\u30a5\u30fc\u30d4\u30c3\u30c9|1\n|-damage|p1b: \u30b9\u30c8\u30a5\u30fc\u30d4\u30c3\u30c9|0 fnt\n|faint|p1b: \u30b9\u30c8\u30a5\u30fc\u30d4\u30c3\u30c9\n|move|p1a: Thug Seme|Yawn|p2b: Aegislash\n|-start|p2b: Aegislash|move: Yawn|[of] p1a: Thug Seme\n|\n|-sideend|p2: powerthepower|move: Tailwind\n|upkeep\n|\n|t:|1776021595\n|switch|p1b: Vivlos|Vivillon-Savanna, L50, F|1/100\n|turn|6\n|\n|t:|1776021609\n|move|p1b: Vivlos|Protect|p1b: Vivlos\n|-singleturn|p1b: Vivlos|Protect\n|move|p2a: Dragapult|Draco Meteor|p1b: Vivlos\n|-activate|p1b: Vivlos|move: Protect\n|move|p2b: Aegislash|Flash Cannon|p1a: Thug Seme\n|-supereffective|p1a: Thug Seme|1\n|-damage|p1a: Thug Seme|43/100\n|move|p1a: Thug Seme|Dazzling Gleam|p2b: Aegislash|[spread] p2a,p2b\n|-supereffective|p2a: Dragapult|1\n|-enditem|p2a: Dragapult|Roseli Berry|[eat]\n|-enditem|p2a: Dragapult|Roseli Berry|[weaken]\n|-resisted|p2b: Aegislash|1\n|-damage|p2a: Dragapult|77/100\n|-damage|p2b: Aegislash|87/100\n|\n|-heal|p2b: Aegislash|93/100|[from] item: Leftovers\n|-end|p2b: Aegislash|move: Yawn|[silent]\n|-status|p2b: Aegislash|slp\n|upkeep\n|turn|7\n|\n|t:|1776021626\n|move|p2a: Dragapult|Draco Meteor|p1b: Vivlos\n|-damage|p1b: Vivlos|0 fnt\n|-unboost|p2a: Dragapult|spa|2\n|faint|p1b: Vivlos\n|cant|p2b: Aegislash|slp\n|move|p1a: Thug Seme|Dazzling Gleam|p2b: Aegislash|[spread] p2a,p2b\n|-supereffective|p2a: Dragapult|1\n|-resisted|p2b: Aegislash|1\n|-damage|p2a: Dragapult|25/100\n|-damage|p2b: Aegislash|80/100 slp\n|\n|-heal|p2b: Aegislash|86/100 slp|[from] item: Leftovers\n|-sideend|p2: powerthepower|Reflect\n|upkeep\n|turn|8\n|\n|t:|1776021638\n|move|p2a: Dragapult|Disable|p1a: Thug Seme\n|-start|p1a: Thug Seme|Disable|Dazzling Gleam\n|cant|p2b: Aegislash|slp\n|cant|p1a: Thug Seme|Disable|Dazzling Gleam\n|\n|-heal|p2b: Aegislash|92/100 slp|[from] item: Leftovers\n|upkeep\n|turn|9\n|\n|t:|1776021645\n|move|p2a: Dragapult|Light Screen|p2a: Dragapult\n|-sidestart|p2: powerthepower|move: Light Screen\n|-curestatus|p2b: Aegislash|slp|[msg]\n|move|p2b: Aegislash|Flash Cannon|p1a: Thug Seme\n|-supereffective|p1a: Thug Seme|1\n|-damage|p1a: Thug Seme|0 fnt\n|faint|p1a: Thug Seme\n|\n|win|powerthepower\n|raw|M0CA's rating: 1039 &rarr; <strong>1021</strong><br />(-18 for losing)\n|raw|powerthepower's rating: 1000 &rarr; <strong>1044</strong><br />(+44 for winning)\n|l|\u2606M0CA\n|player|p1|\n",
  "uploadtime": 1776021652,
  "views": 12,
  "formatid": "gen9championsvgc2026regma",
  "rating": 1021,
  "private": 0,
  "password": null
}