{
  "id": "gen9championsvgc2026regma-2580620127",
  "format": "[Gen 9 Champions] VGC 2026 Reg M-A",
  "players": [
    "starburst48763",
    "waiseng"
  ],
  "log": "|j|\u2606starburst48763\n|j|\u2606waiseng\n|t:|1775918733\n|gametype|doubles\n|player|p1|starburst48763|265|1272\n|player|p2|waiseng|giovanni|1384\n|gen|9\n|tier|[Gen 9 Champions] VGC 2026 Reg M-A\n|rated|\n|rule|Species Clause: Limit one of each Pok\u00e9mon\n|rule|Item Clause: Limit 1 of each item\n|clearpoke\n|poke|p1|Gardevoir, L50, M|\n|poke|p1|Incineroar, L50, F|\n|poke|p1|Sneasler, L50, F|\n|poke|p1|Sinistcha-Masterpiece, L50|\n|poke|p1|Rotom-Wash, L50|\n|poke|p1|Garchomp, L50, F|\n|poke|p2|Incineroar, L50, M|\n|poke|p2|Kingambit, L50, M|\n|poke|p2|Sinistcha, L50|\n|poke|p2|Sneasler, L50, F|\n|poke|p2|Starmie, L50|\n|poke|p2|Sylveon, L50, F|\n|teampreview|4\n|j| SagaSFull\n|\n|t:|1775918751\n|teamsize|p1|4\n|teamsize|p2|4\n|start\n|switch|p1a: Rotom|Rotom-Wash, L50|100/100\n|switch|p1b: Sneasler|Sneasler, L50, F|100/100\n|switch|p2a: Sneasler|Sneasler, L50, F|100/100\n|switch|p2b: Starmie|Starmie, L50|100/100\n|turn|1\n|\n|t:|1775918761\n|detailschange|p2b: Starmie|Starmie-Mega, L50\n|-mega|p2b: Starmie|Starmie|Starminite\n|move|p1b: Sneasler|Fake Out|p2b: Starmie\n|-crit|p2b: Starmie\n|-damage|p2b: Starmie|75/100\n|move|p2a: Sneasler|Coaching|p2b: Starmie\n|-boost|p2b: Starmie|atk|1\n|-boost|p2b: Starmie|def|1\n|cant|p2b: Starmie|flinch\n|move|p1a: Rotom|Will-O-Wisp|p2b: Starmie\n|-status|p2b: Starmie|brn\n|\n|-damage|p2b: Starmie|69/100 brn|[from] brn\n|upkeep\n|turn|2\n|inactive|Battle timer is ON: inactive players will automatically lose when time's up. (requested by waiseng)\n|\n|t:|1775918783\n|switch|p1b: Garchomp|Garchomp, L50, F|100/100\n|move|p2a: Sneasler|Coaching|p2b: Starmie\n|-boost|p2b: Starmie|atk|1\n|-boost|p2b: Starmie|def|1\n|move|p2b: Starmie|Zen Headbutt|p1a: Rotom\n|-damage|p1a: Rotom|22/100\n|move|p1a: Rotom|Thunderbolt|p2b: Starmie\n|-supereffective|p2b: Starmie|1\n|-damage|p2b: Starmie|0 fnt\n|faint|p2b: Starmie\n|\n|upkeep\n|\n|t:|1775918795\n|switch|p2b: Sinistcha|Sinistcha, L50|100/100\n|turn|3\n|\n|t:|1775918807\n|move|p1b: Garchomp|Dragon Claw|p2a: Sneasler\n|-damage|p2a: Sneasler|31/100\n|move|p2a: Sneasler|Rock Slide|p1a: Rotom|[spread] p1b\n|-miss|p2a: Sneasler|p1a: Rotom\n|-resisted|p1b: Garchomp|1\n|-damage|p1b: Garchomp|93/100\n|move|p1a: Rotom|Will-O-Wisp|p2a: Sneasler\n|-status|p2a: Sneasler|brn\n|move|p2b: Sinistcha|Matcha Gotcha|p1b: Garchomp|[spread] p1a,p1b\n|-supereffective|p1a: Rotom|1\n|-damage|p1a: Rotom|0 fnt\n|-damage|p1b: Garchomp|71/100\n|faint|p1a: Rotom\n|\n|-damage|p2a: Sneasler|25/100 brn|[from] brn\n|upkeep\n|\n|t:|1775918815\n|switch|p1a: Gardevoir|Gardevoir, L50, M|100/100\n|-ability|p1a: Gardevoir|Hospitality|Trace|[from] ability: Trace|[of] p2b: Sinistcha\n|-heal|p1b: Garchomp|96/100|[from] ability: Hospitality|[of] p1a: Gardevoir\n|turn|4\n|\n|t:|1775918833\n|detailschange|p1a: Gardevoir|Gardevoir-Mega, L50, M\n|-mega|p1a: Gardevoir|Gardevoir|Gardevoirite\n|move|p1b: Garchomp|Dragon Claw|p2b: Sinistcha\n|-damage|p2b: Sinistcha|61/100\n|move|p2a: Sneasler|Rock Slide|p1b: Garchomp|[spread] p1a\n|-miss|p2a: Sneasler|p1b: Garchomp\n|-damage|p1a: Gardevoir|89/100\n|move|p1a: Gardevoir|Hyper Voice|p2a: Sneasler|[spread] p2a,p2b\n|-damage|p2a: Sneasler|0 fnt\n|-damage|p2b: Sinistcha|20/100\n|faint|p2a: Sneasler\n|move|p2b: Sinistcha|Shadow Ball|p1a: Gardevoir\n|-supereffective|p1a: Gardevoir|1\n|-damage|p1a: Gardevoir|33/100\n|\n|-heal|p2b: Sinistcha|26/100|[from] item: Leftovers\n|upkeep\n|\n|t:|1775918845\n|switch|p2a: Incineroar|Incineroar, L50, M|100/100\n|-ability|p2a: Incineroar|Intimidate|boost\n|-unboost|p1a: Gardevoir|atk|1\n|-unboost|p1b: Garchomp|atk|1\n|turn|5\n|-message|waiseng forfeited.\n|\n|win|starburst48763\n|raw|starburst48763's rating: 1272 &rarr; <strong>1305</strong><br />(+33 for winning)\n|raw|waiseng's rating: 1384 &rarr; <strong>1358</strong><br />(-26 for losing)\n|l|\u2606waiseng\n|player|p2|\n",
  "uploadtime": 1775918852,
  "views": 78,
  "formatid": "gen9championsvgc2026regma",
  "rating": 1305,
  "private": 0,
  "password": null
}