{
  "id": "gen9championsvgc2026regma-2588849522",
  "format": "[Gen 9 Champions] VGC 2026 Reg M-A",
  "players": [
    "Sepinovi",
    "Dubreezus"
  ],
  "log": "|j|\u2606Sepinovi\n|j|\u2606Dubreezus\n|t:|1776678314\n|gametype|doubles\n|player|p1|Sepinovi|n|1059\n|player|p2|Dubreezus|1|1040\n|gen|9\n|tier|[Gen 9 Champions] VGC 2026 Reg M-A\n|rated|\n|rule|Species Clause: Limit one of each Pok\u00e9mon\n|rule|Item Clause: Limit 1 of each item\n|clearpoke\n|poke|p1|Incineroar, L50, F|\n|poke|p1|Milotic, L50, M|\n|poke|p1|Meganium, L50, F|\n|poke|p1|Dragonite, L50, M|\n|poke|p1|Tinkaton, L50, F|\n|poke|p1|Sneasler, L50, F|\n|poke|p2|Charizard, L50, M, shiny|\n|poke|p2|Sinistcha, L50, shiny|\n|poke|p2|Incineroar, L50, F, shiny|\n|poke|p2|Milotic, L50, M, shiny|\n|poke|p2|Aerodactyl, L50, M, shiny|\n|poke|p2|Mimikyu, L50, M, shiny|\n|teampreview|4\n|\n|t:|1776678348\n|teamsize|p1|4\n|teamsize|p2|4\n|start\n|switch|p1a: Incineroar|Incineroar, L50, F|100/100\n|switch|p1b: Milotic|Milotic, L50, M|100/100\n|switch|p2a: Aerodactyl|Aerodactyl, L50, M, shiny|100/100\n|switch|p2b: Mimikyu|Mimikyu, L50, M, shiny|100/100\n|-ability|p2a: Aerodactyl|Unnerve\n|-ability|p1a: Incineroar|Intimidate|boost\n|-unboost|p2a: Aerodactyl|atk|1\n|-unboost|p2b: Mimikyu|atk|1\n|turn|1\n|\n|t:|1776678368\n|move|p2a: Aerodactyl|Protect|p2a: Aerodactyl\n|-singleturn|p2a: Aerodactyl|Protect\n|move|p1b: Milotic|Protect|p1b: Milotic\n|-singleturn|p1b: Milotic|Protect\n|move|p2b: Mimikyu|Swords Dance|p2b: Mimikyu\n|-boost|p2b: Mimikyu|atk|2\n|move|p1a: Incineroar|Thunder Punch|p2a: Aerodactyl\n|-activate|p2a: Aerodactyl|move: Protect\n|\n|upkeep\n|turn|2\n|\n|t:|1776678386\n|move|p2a: Aerodactyl|Rock Slide|p1a: Incineroar|[spread] p1a,p1b\n|-supereffective|p1a: Incineroar|1\n|-damage|p1a: Incineroar|64/100\n|-damage|p1b: Milotic|87/100\n|move|p2b: Mimikyu|Play Rough|p1a: Incineroar|[miss]\n|-miss|p2b: Mimikyu|p1a: Incineroar\n|move|p1b: Milotic|Icy Wind|p2a: Aerodactyl|[spread] p2a\n|-miss|p1b: Milotic|p2b: Mimikyu\n|-supereffective|p2a: Aerodactyl|1\n|-damage|p2a: Aerodactyl|70/100\n|-unboost|p2a: Aerodactyl|spe|1\n|move|p1a: Incineroar|Thunder Punch|p2b: Mimikyu\n|-activate|p2b: Mimikyu|ability: Disguise\n|-damage|p2b: Mimikyu|100/100\n|-status|p2b: Mimikyu|par\n|detailschange|p2b: Mimikyu|Mimikyu-Busted, L50, M, shiny\n|-damage|p2b: Mimikyu|88/100 par|[from] pokemon: Mimikyu-Busted\n|\n|-heal|p1b: Milotic|93/100|[from] item: Leftovers\n|upkeep\n|turn|3\n|\n|t:|1776678414\n|move|p2a: Aerodactyl|Rock Slide|p1a: Incineroar|[spread] p1a,p1b\n|-supereffective|p1a: Incineroar|1\n|-damage|p1a: Incineroar|25/100\n|-damage|p1b: Milotic|78/100\n|move|p1b: Milotic|Scald|p2a: Aerodactyl\n|-supereffective|p2a: Aerodactyl|1\n|-damage|p2a: Aerodactyl|0 fnt\n|-enditem|p1a: Incineroar|Sitrus Berry|[eat]\n|-heal|p1a: Incineroar|50/100|[from] item: Sitrus Berry\n|faint|p2a: Aerodactyl\n|cant|p1a: Incineroar|flinch\n|move|p2b: Mimikyu|Play Rough|p1a: Incineroar\n|-damage|p1a: Incineroar|0 fnt\n|faint|p1a: Incineroar\n|\n|-heal|p1b: Milotic|84/100|[from] item: Leftovers\n|upkeep\n|\n|t:|1776678432\n|switch|p2a: Charizard|Charizard, L50, M, shiny|100/100\n|switch|p1a: Tinkaton|Tinkaton, L50, F|100/100\n|-ability|p1a: Tinkaton|Mold Breaker\n|turn|4\n|\n|t:|1776678450\n|move|p2a: Charizard|Protect|p2a: Charizard\n|-singleturn|p2a: Charizard|Protect\n|move|p2b: Mimikyu|Protect|p2b: Mimikyu\n|-singleturn|p2b: Mimikyu|Protect\n|move|p1a: Tinkaton|Gigaton Hammer|p2b: Mimikyu\n|-activate|p2b: Mimikyu|move: Protect\n|move|p1b: Milotic|Scald|p2a: Charizard\n|-activate|p2a: Charizard|move: Protect\n|\n|-heal|p1b: Milotic|90/100|[from] item: Leftovers\n|upkeep\n|turn|5\n|\n|t:|1776678498\n|detailschange|p2a: Charizard|Charizard-Mega-X, L50, M, shiny\n|-mega|p2a: Charizard|Charizard|Charizardite X\n|move|p2b: Mimikyu|Protect|p2b: Mimikyu\n|-singleturn|p2b: Mimikyu|Protect\n|move|p1a: Tinkaton|Fake Out||[still]\n|-hint|Fake Out only works on your first turn out.\n|-fail|p1a: Tinkaton\n|move|p2a: Charizard|Dragon Dance|p2a: Charizard\n|-boost|p2a: Charizard|atk|1\n|-boost|p2a: Charizard|spe|1\n|move|p1b: Milotic|Icy Wind|p2b: Mimikyu|[spread] p2a\n|-activate|p2b: Mimikyu|move: Protect\n|-damage|p2a: Charizard|89/100\n|-unboost|p2a: Charizard|spe|1\n|\n|-heal|p1b: Milotic|96/100|[from] item: Leftovers\n|upkeep\n|turn|6\n|\n|t:|1776678519\n|move|p1b: Milotic|Protect|p1b: Milotic\n|-singleturn|p1b: Milotic|Protect\n|move|p2b: Mimikyu|Shadow Sneak|p1a: Tinkaton\n|-damage|p1a: Tinkaton|57/100\n|move|p2a: Charizard|Flare Blitz|p1a: Tinkaton\n|-supereffective|p1a: Tinkaton|1\n|-damage|p1a: Tinkaton|0 fnt\n|faint|p1a: Tinkaton\n|-damage|p2a: Charizard|73/100|[from] Recoil\n|\n|-heal|p1b: Milotic|100/100|[from] item: Leftovers\n|upkeep\n|\n|t:|1776678532\n|switch|p1a: Sneasler|Sneasler, L50, F|100/100\n|turn|7\n|\n|t:|1776678542\n|move|p2a: Charizard|Protect|p2a: Charizard\n|-singleturn|p2a: Charizard|Protect\n|move|p1a: Sneasler|Protect|p1a: Sneasler\n|-singleturn|p1a: Sneasler|Protect\n|move|p2b: Mimikyu|Protect|p2b: Mimikyu\n|-singleturn|p2b: Mimikyu|Protect\n|move|p1b: Milotic|Scald|p2a: Charizard\n|-activate|p2a: Charizard|move: Protect\n|\n|upkeep\n|turn|8\n|\n|t:|1776678569\n|move|p2b: Mimikyu|Shadow Sneak|p1a: Sneasler\n|-damage|p1a: Sneasler|60/100\n|move|p2a: Charizard|Flare Blitz|p1a: Sneasler\n|-damage|p1a: Sneasler|0 fnt\n|faint|p1a: Sneasler\n|-damage|p2a: Charizard|57/100|[from] Recoil\n|move|p1b: Milotic|Scald|p2a: Charizard\n|-damage|p2a: Charizard|24/100\n|\n|upkeep\n|turn|9\n|\n|t:|1776678586\n|move|p1b: Milotic|Protect|p1b: Milotic\n|-singleturn|p1b: Milotic|Protect\n|move|p2a: Charizard|Dragon Claw|p1b: Milotic\n|-activate|p1b: Milotic|move: Protect\n|move|p2b: Mimikyu|Play Rough|p1b: Milotic\n|-activate|p1b: Milotic|move: Protect\n|\n|upkeep\n|turn|10\n|\n|t:|1776678598\n|move|p2a: Charizard|Protect|p2a: Charizard\n|-singleturn|p2a: Charizard|Protect\n|move|p1b: Milotic|Scald|p2a: Charizard\n|-activate|p2a: Charizard|move: Protect\n|cant|p2b: Mimikyu|par\n|\n|upkeep\n|turn|11\n|\n|t:|1776678609\n|move|p2a: Charizard|Dragon Claw|p1b: Milotic\n|-damage|p1b: Milotic|33/100\n|move|p1b: Milotic|Scald|p2a: Charizard\n|-damage|p2a: Charizard|0 fnt\n|faint|p2a: Charizard\n|cant|p2b: Mimikyu|par\n|\n|-heal|p1b: Milotic|39/100|[from] item: Leftovers\n|upkeep\n|\n|t:|1776678614\n|switch|p2a: Milotic|Milotic, L50, M, shiny|100/100\n|turn|12\n|\n|t:|1776678630\n|move|p2a: Milotic|Scald|p1b: Milotic\n|-resisted|p1b: Milotic|1\n|-crit|p1b: Milotic\n|-damage|p1b: Milotic|21/100\n|move|p1b: Milotic|Recover|p1b: Milotic\n|-heal|p1b: Milotic|71/100\n|move|p2b: Mimikyu|Play Rough|p1b: Milotic\n|-damage|p1b: Milotic|23/100\n|-unboost|p1b: Milotic|atk|1\n|-ability|p1b: Milotic|Competitive|boost\n|-boost|p1b: Milotic|spa|2\n|\n|-heal|p1b: Milotic|29/100|[from] item: Leftovers\n|upkeep\n|turn|13\n|\n|t:|1776678645\n|move|p2b: Mimikyu|Shadow Sneak|p1b: Milotic\n|-damage|p1b: Milotic|2/100\n|move|p2a: Milotic|Life Dew||[still]|[spread] p2a,p2b\n|-fail|p2a: Milotic|heal\n|-heal|p2b: Mimikyu|100/100 par\n|move|p1b: Milotic|Recover|p1b: Milotic\n|-heal|p1b: Milotic|52/100\n|\n|-heal|p1b: Milotic|58/100|[from] item: Leftovers\n|upkeep\n|turn|14\n|\n|t:|1776678657\n|move|p2a: Milotic|Scald|p1b: Milotic\n|-resisted|p1b: Milotic|1\n|-damage|p1b: Milotic|47/100\n|move|p1b: Milotic|Scald|p2b: Mimikyu\n|-damage|p2b: Mimikyu|16/100 par\n|move|p2b: Mimikyu|Swords Dance|p2b: Mimikyu\n|-boost|p2b: Mimikyu|atk|2\n|\n|-heal|p1b: Milotic|52/100|[from] item: Leftovers\n|upkeep\n|turn|15\n|\n|t:|1776678669\n|move|p2b: Mimikyu|Protect|p2b: Mimikyu\n|-singleturn|p2b: Mimikyu|Protect\n|move|p2a: Milotic|Life Dew||[still]|[spread] p2a,p2b\n|-fail|p2a: Milotic|heal\n|-heal|p2b: Mimikyu|41/100 par\n|move|p1b: Milotic|Icy Wind|p2b: Mimikyu|[spread] p2a\n|-activate|p2b: Mimikyu|move: Protect\n|-resisted|p2a: Milotic|1\n|-damage|p2a: Milotic|93/100\n|-unboost|p2a: Milotic|spe|1\n|-ability|p2a: Milotic|Competitive|boost\n|-boost|p2a: Milotic|spa|2\n|\n|-heal|p1b: Milotic|58/100|[from] item: Leftovers\n|-heal|p2a: Milotic|99/100|[from] item: Leftovers\n|upkeep\n|turn|16\n|\n|t:|1776678686\n|cant|p2b: Mimikyu|par\n|move|p1b: Milotic|Recover|p1b: Milotic\n|-heal|p1b: Milotic|100/100\n|move|p2a: Milotic|Scald|p1b: Milotic\n|-resisted|p1b: Milotic|1\n|-damage|p1b: Milotic|76/100\n|\n|-heal|p1b: Milotic|82/100|[from] item: Leftovers\n|-heal|p2a: Milotic|100/100|[from] item: Leftovers\n|upkeep\n|turn|17\n|\n|t:|1776678701\n|move|p2b: Mimikyu|Protect|p2b: Mimikyu\n|-singleturn|p2b: Mimikyu|Protect\n|move|p1b: Milotic|Scald|p2b: Mimikyu\n|-activate|p2b: Mimikyu|move: Protect\n|move|p2a: Milotic|Life Dew||[still]|[spread] p2a,p2b\n|-fail|p2a: Milotic|heal\n|-heal|p2b: Mimikyu|66/100 par\n|\n|-heal|p1b: Milotic|88/100|[from] item: Leftovers\n|upkeep\n|turn|18\n|\n|t:|1776678714\n|move|p2b: Mimikyu|Shadow Sneak|p1b: Milotic\n|-damage|p1b: Milotic|42/100\n|move|p1b: Milotic|Scald|p2b: Mimikyu\n|-damage|p2b: Mimikyu|0 fnt\n|faint|p2b: Mimikyu\n|move|p2a: Milotic|Scald|p1b: Milotic\n|-resisted|p1b: Milotic|1\n|-damage|p1b: Milotic|18/100\n|\n|-heal|p1b: Milotic|24/100|[from] item: Leftovers\n|upkeep\n|turn|19\n|\n|t:|1776678727\n|move|p1b: Milotic|Recover|p1b: Milotic\n|-heal|p1b: Milotic|74/100\n|move|p2a: Milotic|Scald|p1b: Milotic\n|-resisted|p1b: Milotic|1\n|-damage|p1b: Milotic|51/100\n|\n|-heal|p1b: Milotic|57/100|[from] item: Leftovers\n|upkeep\n|turn|20\n|\n|t:|1776678737\n|move|p1b: Milotic|Icy Wind|p2a: Milotic\n|-resisted|p2a: Milotic|1\n|-damage|p2a: Milotic|91/100\n|-unboost|p2a: Milotic|spe|1\n|-ability|p2a: Milotic|Competitive|boost\n|-boost|p2a: Milotic|spa|2\n|move|p2a: Milotic|Scald|p1b: Milotic\n|-resisted|p1b: Milotic|1\n|-damage|p1b: Milotic|20/100\n|\n|-heal|p1b: Milotic|26/100|[from] item: Leftovers\n|-heal|p2a: Milotic|97/100|[from] item: Leftovers\n|upkeep\n|turn|21\n|\n|t:|1776678750\n|move|p1b: Milotic|Recover|p1b: Milotic\n|-heal|p1b: Milotic|76/100\n|move|p2a: Milotic|Scald|p1b: Milotic\n|-resisted|p1b: Milotic|1\n|-damage|p1b: Milotic|41/100\n|-status|p1b: Milotic|brn\n|\n|-heal|p1b: Milotic|47/100 brn|[from] item: Leftovers\n|-heal|p2a: Milotic|100/100|[from] item: Leftovers\n|-damage|p1b: Milotic|41/100 brn|[from] brn\n|upkeep\n|turn|22\n|\n|t:|1776678765\n|move|p1b: Milotic|Scald|p2a: Milotic\n|-resisted|p2a: Milotic|1\n|-damage|p2a: Milotic|80/100\n|move|p2a: Milotic|Scald|p1b: Milotic\n|-resisted|p1b: Milotic|1\n|-damage|p1b: Milotic|4/100 brn\n|\n|-heal|p1b: Milotic|10/100 brn|[from] item: Leftovers\n|-heal|p2a: Milotic|86/100|[from] item: Leftovers\n|-damage|p1b: Milotic|4/100 brn|[from] brn\n|upkeep\n|turn|23\n|\n|t:|1776678777\n|move|p1b: Milotic|Recover|p1b: Milotic\n|-heal|p1b: Milotic|54/100 brn\n|move|p2a: Milotic|Scald|p1b: Milotic\n|-resisted|p1b: Milotic|1\n|-damage|p1b: Milotic|18/100 brn\n|\n|-heal|p1b: Milotic|24/100 brn|[from] item: Leftovers\n|-heal|p2a: Milotic|92/100|[from] item: Leftovers\n|-damage|p1b: Milotic|18/100 brn|[from] brn\n|upkeep\n|turn|24\n|\n|t:|1776678789\n|move|p1b: Milotic|Scald|p2a: Milotic\n|-resisted|p2a: Milotic|1\n|-damage|p2a: Milotic|69/100\n|move|p2a: Milotic|Scald|p1b: Milotic\n|-resisted|p1b: Milotic|1\n|-damage|p1b: Milotic|0 fnt\n|faint|p1b: Milotic\n|\n|win|Dubreezus\n|raw|Sepinovi's rating: 1059 &rarr; <strong>1039</strong><br />(-20 for losing)\n|raw|Dubreezus's rating: 1040 &rarr; <strong>1076</strong><br />(+36 for winning)\n|l|\u2606Sepinovi\n|player|p1|\n",
  "uploadtime": 1776678806,
  "views": 14,
  "formatid": "gen9championsvgc2026regma",
  "rating": 1039,
  "private": 0,
  "password": null
}