{
  "id": "gen9championsvgc2026regma-2584000144",
  "format": "[Gen 9 Champions] VGC 2026 Reg M-A",
  "players": [
    "MersusNoctus",
    "humungulous"
  ],
  "log": "|j|\u2606MersusNoctus\n|j|\u2606humungulous\n|t:|1776215565\n|gametype|doubles\n|player|p1|MersusNoctus|silver|1141\n|player|p2|humungulous|101|1139\n|gen|9\n|tier|[Gen 9 Champions] VGC 2026 Reg M-A\n|rated|\n|rule|Species Clause: Limit one of each Pok\u00e9mon\n|rule|Item Clause: Limit 1 of each item\n|clearpoke\n|poke|p1|Pelipper, L50, F|\n|poke|p1|Skarmory, L50, M|\n|poke|p1|Archaludon, L50, M|\n|poke|p1|Delphox, L50, F|\n|poke|p1|Gourgeist-*, L50, F|\n|poke|p1|Manectric, L50, M|\n|poke|p2|Sinistcha, L50|\n|poke|p2|Mudsdale, L50, M|\n|poke|p2|Conkeldurr, L50, M|\n|poke|p2|Drampa, L50, F|\n|poke|p2|Cofagrigus, L50, M|\n|poke|p2|Farigiraf, L50, F|\n|teampreview|4\n|inactive|Battle timer is ON: inactive players will automatically lose when time's up. (requested by humungulous)\n|inactive|humungulous has 60 seconds left.\n|l|\u2606MersusNoctus\n|inactive|MersusNoctus disconnected and has a minute to reconnect!\n|player|p1|\n|\n|t:|1776215604\n|teamsize|p1|4\n|teamsize|p2|4\n|start\n|switch|p1a: Manectric|Manectric, L50, M|100/100\n|switch|p1b: Pelipper|Pelipper, L50, F|100/100\n|switch|p2a: Cofagrigus|Cofagrigus, L50, M|100/100\n|switch|p2b: Mudsdale|Mudsdale, L50, M|100/100\n|-weather|RainDance|[from] ability: Drizzle|[of] p1b: Pelipper\n|turn|1\n|j|\u2606MersusNoctus\n|inactive|MersusNoctus reconnected and has 50 seconds left.\n|player|p1|MersusNoctus|silver|\n|\n|t:|1776215620\n|move|p2b: Mudsdale|Protect|p2b: Mudsdale\n|-singleturn|p2b: Mudsdale|Protect\n|move|p1a: Manectric|Switcheroo|p2a: Cofagrigus\n|-activate|p1a: Manectric|move: Trick|[of] p2a: Cofagrigus\n|-item|p2a: Cofagrigus|Choice Scarf|[from] move: Switcheroo\n|-item|p1a: Manectric|Spell Tag|[from] move: Switcheroo\n|move|p1b: Pelipper|Weather Ball|p2b: Mudsdale\n|-activate|p2b: Mudsdale|move: Protect\n|move|p2a: Cofagrigus|Trick Room|p2a: Cofagrigus\n|-fieldstart|move: Trick Room|[of] p2a: Cofagrigus\n|\n|-weather|RainDance|[upkeep]\n|upkeep\n|turn|2\n|inactive|humungulous has 30 seconds left.\n|\n|t:|1776215653\n|switch|p2a: Sinistcha|Sinistcha, L50|100/100\n|switch|p1a: Skarmory|Skarmory, L50, M|100/100\n|move|p2b: Mudsdale|High Horsepower|p1a: Skarmory\n|-immune|p1a: Skarmory\n|move|p1b: Pelipper|Weather Ball|p2b: Mudsdale\n|-supereffective|p2b: Mudsdale|1\n|-damage|p2b: Mudsdale|0 fnt\n|faint|p2b: Mudsdale\n|\n|-weather|RainDance|[upkeep]\n|upkeep\n|\n|t:|1776215658\n|switch|p2b: Drampa|Drampa, L50, F|100/100\n|-ability|p2b: Drampa|Cloud Nine\n|turn|3\n|inactive|humungulous has 30 seconds left.\n|\n|t:|1776215690\n|detailschange|p2b: Drampa|Drampa-Mega, L50, F\n|-mega|p2b: Drampa|Drampa|Drampanite\n|detailschange|p1a: Skarmory|Skarmory-Mega, L50, M\n|-mega|p1a: Skarmory|Skarmory|Skarmorite\n|move|p2b: Drampa|Calm Mind|p2b: Drampa\n|-boost|p2b: Drampa|spa|1\n|-boost|p2b: Drampa|spd|1\n|move|p2a: Sinistcha|Matcha Gotcha|p1a: Skarmory|[spread] p1a,p1b\n|-resisted|p1a: Skarmory|2\n|-damage|p1a: Skarmory|93/100\n|-damage|p1b: Pelipper|57/100\n|move|p1b: Pelipper|Hurricane|p2b: Drampa\n|-damage|p2b: Drampa|77/100\n|move|p1a: Skarmory|Iron Head|p2b: Drampa\n|-damage|p2b: Drampa|41/100\n|-ability|p2b: Drampa|Berserk|boost\n|-boost|p2b: Drampa|spa|1\n|\n|-weather|RainDance|[upkeep]\n|upkeep\n|turn|4\n|inactive|MersusNoctus has 30 seconds left.\n|inactive|humungulous has 30 seconds left.\n|\n|t:|1776215718\n|move|p2b: Drampa|Hyper Voice|p1b: Pelipper|[spread] p1a,p1b\n|-resisted|p1a: Skarmory|1\n|-damage|p1a: Skarmory|40/100\n|-damage|p1b: Pelipper|0 fnt\n|faint|p1b: Pelipper\n|move|p2a: Sinistcha|Life Dew||[still]|[spread] p2a,p2b\n|-fail|p2a: Sinistcha|heal\n|-heal|p2b: Drampa|66/100\n|move|p1a: Skarmory|Iron Head|p2b: Drampa\n|-damage|p2b: Drampa|30/100\n|-ability|p2b: Drampa|Berserk|boost\n|-boost|p2b: Drampa|spa|1\n|\n|-weather|RainDance|[upkeep]\n|upkeep\n|\n|t:|1776215730\n|switch|p1b: Archaludon|Archaludon, L50, M|100/100\n|turn|5\n|\n|t:|1776215751\n|move|p2b: Drampa|Hyper Voice|p1a: Skarmory|[spread] p1a,p1b\n|-resisted|p1a: Skarmory|1\n|-resisted|p1b: Archaludon|1\n|-damage|p1a: Skarmory|0 fnt\n|-damage|p1b: Archaludon|49/100\n|-ability|p1b: Archaludon|Stamina|boost\n|-boost|p1b: Archaludon|def|1\n|faint|p1a: Skarmory\n|move|p2a: Sinistcha|Life Dew||[still]|[spread] p2a,p2b\n|-fail|p2a: Sinistcha|heal\n|-heal|p2b: Drampa|55/100\n|move|p1b: Archaludon|Draco Meteor|p2b: Drampa\n|-supereffective|p2b: Drampa|1\n|-damage|p2b: Drampa|0 fnt\n|-unboost|p1b: Archaludon|spa|2\n|faint|p2b: Drampa\n|\n|-weather|none\n|-heal|p1b: Archaludon|55/100|[from] item: Leftovers\n|-fieldend|move: Trick Room\n|upkeep\n|\n|t:|1776215763\n|switch|p1a: Manectric|Manectric, L50, M|100/100\n|switch|p2b: Cofagrigus|Cofagrigus, L50, M|100/100\n|turn|6\n|inactive|humungulous has 30 seconds left.\n|\n|t:|1776215796\n|move|p1b: Archaludon|Protect|p1b: Archaludon\n|-singleturn|p1b: Archaludon|Protect\n|move|p1a: Manectric|Flamethrower|p2a: Sinistcha\n|-supereffective|p2a: Sinistcha|1\n|-crit|p2a: Sinistcha\n|-damage|p2a: Sinistcha|20/100\n|-enditem|p2a: Sinistcha|Sitrus Berry|[eat]\n|-heal|p2a: Sinistcha|44/100|[from] item: Sitrus Berry\n|move|p2a: Sinistcha|Matcha Gotcha|p1a: Manectric|[spread] p1a\n|-activate|p1b: Archaludon|move: Protect\n|-damage|p1a: Manectric|49/100\n|-heal|p2a: Sinistcha|66/100|[from] drain|[of] p1a: Manectric\n|move|p2b: Cofagrigus|Body Press|p1b: Archaludon\n|-activate|p1b: Archaludon|move: Protect\n|\n|-heal|p1b: Archaludon|61/100|[from] item: Leftovers\n|upkeep\n|turn|7\n|l|\u2606MersusNoctus\n|inactive|MersusNoctus disconnected and has a minute to reconnect!\n|player|p1|\n|j|\u2606MersusNoctus\n|inactive|MersusNoctus reconnected and has 45 seconds left.\n|player|p1|MersusNoctus|silver|\n|inactive|MersusNoctus has 30 seconds left.\n|inactive|MersusNoctus has 20 seconds left.\n|inactive|MersusNoctus has 15 seconds left.\n|\n|t:|1776215840\n|move|p1a: Manectric|Flamethrower|p2a: Sinistcha\n|-supereffective|p2a: Sinistcha|1\n|-damage|p2a: Sinistcha|12/100\n|move|p1b: Archaludon|Electro Shot||[still]\n|-prepare|p1b: Archaludon|Electro Shot\n|-boost|p1b: Archaludon|spa|1\n|move|p2a: Sinistcha|Matcha Gotcha|p1a: Manectric|[spread] p1a,p1b\n|-resisted|p1b: Archaludon|2\n|-damage|p1a: Manectric|0 fnt\n|-heal|p2a: Sinistcha|32/100|[from] drain|[of] p1a: Manectric\n|-damage|p1b: Archaludon|55/100\n|-heal|p2a: Sinistcha|35/100|[from] drain|[of] p1b: Archaludon\n|-ability|p1b: Archaludon|Stamina|boost\n|-boost|p1b: Archaludon|def|1\n|faint|p1a: Manectric\n|move|p2b: Cofagrigus|Body Press|p1b: Archaludon\n|-supereffective|p1b: Archaludon|1\n|-damage|p1b: Archaludon|31/100\n|-ability|p1b: Archaludon|Stamina|boost\n|-boost|p1b: Archaludon|def|1\n|\n|-heal|p1b: Archaludon|38/100|[from] item: Leftovers\n|upkeep\n|turn|8\n|inactive|humungulous has 30 seconds left.\n|\n|t:|1776215868\n|move|p1b: Archaludon|Electro Shot|p2b: Cofagrigus|[from] lockedmove\n|-damage|p2b: Cofagrigus|76/100\n|move|p2a: Sinistcha|Matcha Gotcha|p1b: Archaludon|[miss]\n|-miss|p2a: Sinistcha|p1b: Archaludon\n|move|p2b: Cofagrigus|Body Press|p1b: Archaludon\n|-supereffective|p1b: Archaludon|1\n|-damage|p1b: Archaludon|18/100\n|-ability|p1b: Archaludon|Stamina|boost\n|-boost|p1b: Archaludon|def|1\n|\n|-heal|p1b: Archaludon|24/100|[from] item: Leftovers\n|upkeep\n|turn|9\n|\n|t:|1776215880\n|move|p1b: Archaludon|Draco Meteor|p2a: Sinistcha\n|-damage|p2a: Sinistcha|0 fnt\n|-unboost|p1b: Archaludon|spa|2\n|faint|p2a: Sinistcha\n|move|p2b: Cofagrigus|Body Press|p1b: Archaludon\n|-supereffective|p1b: Archaludon|1\n|-damage|p1b: Archaludon|8/100\n|-ability|p1b: Archaludon|Stamina|boost\n|-boost|p1b: Archaludon|def|1\n|\n|-heal|p1b: Archaludon|14/100|[from] item: Leftovers\n|upkeep\n|turn|10\n|\n|t:|1776215889\n|move|p1b: Archaludon|Protect|p1b: Archaludon\n|-singleturn|p1b: Archaludon|Protect\n|move|p2b: Cofagrigus|Body Press|p1b: Archaludon\n|-activate|p1b: Archaludon|move: Protect\n|\n|-heal|p1b: Archaludon|20/100|[from] item: Leftovers\n|upkeep\n|turn|11\n|\n|t:|1776215897\n|move|p1b: Archaludon|Draco Meteor|p2b: Cofagrigus\n|-damage|p2b: Cofagrigus|52/100\n|-unboost|p1b: Archaludon|spa|2\n|move|p2b: Cofagrigus|Body Press|p1b: Archaludon\n|-supereffective|p1b: Archaludon|1\n|-damage|p1b: Archaludon|6/100\n|-ability|p1b: Archaludon|Stamina|boost\n|-boost|p1b: Archaludon|def|1\n|\n|-heal|p1b: Archaludon|12/100|[from] item: Leftovers\n|upkeep\n|turn|12\n|\n|t:|1776215904\n|move|p1b: Archaludon|Protect|p1b: Archaludon\n|-singleturn|p1b: Archaludon|Protect\n|move|p2b: Cofagrigus|Body Press|p1b: Archaludon\n|-activate|p1b: Archaludon|move: Protect\n|\n|-heal|p1b: Archaludon|18/100|[from] item: Leftovers\n|upkeep\n|turn|13\n|\n|t:|1776215913\n|move|p1b: Archaludon|Draco Meteor|p2b: Cofagrigus\n|-damage|p2b: Cofagrigus|34/100\n|-unboost|p1b: Archaludon|spa|1\n|move|p2b: Cofagrigus|Body Press|p1b: Archaludon\n|-supereffective|p1b: Archaludon|1\n|-damage|p1b: Archaludon|6/100\n|\n|-heal|p1b: Archaludon|12/100|[from] item: Leftovers\n|upkeep\n|turn|14\n|\n|t:|1776215920\n|move|p1b: Archaludon|Protect|p1b: Archaludon\n|-singleturn|p1b: Archaludon|Protect\n|move|p2b: Cofagrigus|Body Press|p1b: Archaludon\n|-activate|p1b: Archaludon|move: Protect\n|\n|-heal|p1b: Archaludon|18/100|[from] item: Leftovers\n|upkeep\n|turn|15\n|\n|t:|1776215928\n|move|p1b: Archaludon|Draco Meteor|p2b: Cofagrigus\n|-damage|p2b: Cofagrigus|20/100\n|move|p2b: Cofagrigus|Body Press|p1b: Archaludon\n|-supereffective|p1b: Archaludon|1\n|-damage|p1b: Archaludon|6/100\n|\n|-heal|p1b: Archaludon|12/100|[from] item: Leftovers\n|upkeep\n|turn|16\n|\n|t:|1776215932\n|move|p1b: Archaludon|Protect|p1b: Archaludon\n|-singleturn|p1b: Archaludon|Protect\n|move|p2b: Cofagrigus|Body Press|p1b: Archaludon\n|-activate|p1b: Archaludon|move: Protect\n|\n|-heal|p1b: Archaludon|18/100|[from] item: Leftovers\n|upkeep\n|turn|17\n|\n|t:|1776215935\n|move|p1b: Archaludon|Draco Meteor|p2b: Cofagrigus\n|-damage|p2b: Cofagrigus|7/100\n|move|p2b: Cofagrigus|Body Press|p1b: Archaludon\n|-supereffective|p1b: Archaludon|1\n|-damage|p1b: Archaludon|5/100\n|\n|-heal|p1b: Archaludon|11/100|[from] item: Leftovers\n|upkeep\n|turn|18\n|\n|t:|1776215944\n|move|p1b: Archaludon|Draco Meteor|p2b: Cofagrigus\n|-damage|p2b: Cofagrigus|0 fnt\n|faint|p2b: Cofagrigus\n|\n|win|MersusNoctus\n|raw|MersusNoctus's rating: 1141 &rarr; <strong>1166</strong><br />(+25 for winning)\n|raw|humungulous's rating: 1139 &rarr; <strong>1114</strong><br />(-25 for losing)\n|l|\u2606humungulous\n|player|p2|\n|c|\u2606MersusNoctus|Gg\n",
  "uploadtime": 1776215955,
  "views": 18,
  "formatid": "gen9championsvgc2026regma",
  "rating": 1114,
  "private": 0,
  "password": null
}