{
  "id": "gen9championsvgc2026regma-2585689511",
  "format": "[Gen 9 Champions] VGC 2026 Reg M-A",
  "players": [
    "Pegassin",
    "tartarinhamaruga"
  ],
  "log": "|j|\u203dPegassin\n|j|\u2606tartarinhamaruga\n|t:|1776363919\n|gametype|doubles\n|player|p1|Pegassin|169|1195\n|player|p2|tartarinhamaruga|cyclist|1171\n|gen|9\n|tier|[Gen 9 Champions] VGC 2026 Reg M-A\n|rated|\n|rule|Species Clause: Limit one of each Pok\u00e9mon\n|rule|Item Clause: Limit 1 of each item\n|clearpoke\n|poke|p1|Floette-Eternal, L50, F|\n|poke|p1|Aerodactyl, L50, F|\n|poke|p1|Primarina, L50, F|\n|poke|p1|Maushold, L50|\n|poke|p1|Garchomp, L50, M|\n|poke|p1|Incineroar, L50, F|\n|poke|p2|Charizard, L50, M|\n|poke|p2|Venusaur, L50, F|\n|poke|p2|Sableye, L50, F|\n|poke|p2|Archaludon, L50, F|\n|poke|p2|Basculegion, L50, M|\n|poke|p2|Sneasler, L50, F|\n|teampreview|4\n|inactive|Battle timer is ON: inactive players will automatically lose when time's up. (requested by tartarinhamaruga)\nPegassin rejected open team sheets.\n|inactive|tartarinhamaruga has 60 seconds left.\n|\n|t:|1776363954\n|teamsize|p1|4\n|teamsize|p2|4\n|start\n|switch|p1a: Maushold|Maushold, L50|100/100\n|switch|p1b: Aerodactyl|Aerodactyl, L50, F|100/100\n|switch|p2a: Sneasler|Sneasler, L50, F|100/100\n|switch|p2b: Basculegion|Basculegion, L50, M|100/100\n|-ability|p1b: Aerodactyl|Unnerve\n|turn|1\n|\n|t:|1776363976\n|move|p2a: Sneasler|Fake Out|p1b: Aerodactyl\n|-resisted|p1b: Aerodactyl|1\n|-damage|p1b: Aerodactyl|93/100\n|move|p1a: Maushold|Follow Me|p1a: Maushold\n|-singleturn|p1a: Maushold|move: Follow Me\n|cant|p1b: Aerodactyl|flinch\n|move|p2b: Basculegion|Flip Turn|p1a: Maushold\n|-damage|p1a: Maushold|62/100\n|\n|t:|1776363986\n|switch|p2b: Sableye|Sableye, L50, F|100/100|[from] Flip Turn\n|\n|upkeep\n|turn|2\n|\n|t:|1776363996\n|switch|p1a: Garchomp|Garchomp, L50, M|100/100\n|move|p2b: Sableye|Fake Out|p1b: Aerodactyl\n|-resisted|p1b: Aerodactyl|1\n|-damage|p1b: Aerodactyl|86/100\n|cant|p1b: Aerodactyl|flinch\n|move|p2a: Sneasler|Close Combat|p1b: Aerodactyl\n|-damage|p1b: Aerodactyl|0 fnt\n|-unboost|p2a: Sneasler|def|1\n|-unboost|p2a: Sneasler|spd|1\n|faint|p1b: Aerodactyl\n|\n|upkeep\n|\n|t:|1776364005\n|switch|p1b: Incineroar|Incineroar, L50, F|100/100\n|-ability|p1b: Incineroar|Intimidate|boost\n|-unboost|p2a: Sneasler|atk|1\n|-unboost|p2b: Sableye|atk|1\n|turn|3\n|\n|t:|1776364021\n|move|p2a: Sneasler|Protect|p2a: Sneasler\n|-singleturn|p2a: Sneasler|Protect\n|move|p1b: Incineroar|Fake Out|p2a: Sneasler\n|-activate|p2a: Sneasler|move: Protect\n|move|p2b: Sableye|Rain Dance|p2b: Sableye\n|-weather|RainDance\n|move|p1a: Garchomp|Earthquake|p2b: Sableye|[spread] p1b,p2b\n|-activate|p2a: Sneasler|move: Protect\n|-supereffective|p1b: Incineroar|1\n|-damage|p1b: Incineroar|31/100\n|-damage|p2b: Sableye|58/100\n|-enditem|p1b: Incineroar|Sitrus Berry|[eat]\n|-heal|p1b: Incineroar|56/100|[from] item: Sitrus Berry\n|\n|-weather|RainDance|[upkeep]\n|upkeep\n|turn|4\n|\n|t:|1776364048\n|switch|p2a: Basculegion|Basculegion, L50, M|100/100\n|move|p2b: Sableye|Thunder Wave|p1b: Incineroar\n|-hint|Since gen 7, Dark is immune to Prankster moves.\n|-immune|p1b: Incineroar\n|move|p1a: Garchomp|Stomping Tantrum|p2a: Basculegion\n|-damage|p2a: Basculegion|50/100\n|move|p1b: Incineroar|Throat Chop|p2a: Basculegion\n|-supereffective|p2a: Basculegion|1\n|-damage|p2a: Basculegion|0 fnt\n|faint|p2a: Basculegion\n|\n|-weather|RainDance|[upkeep]\n|upkeep\n|inactive|tartarinhamaruga has 30 seconds left.\n|\n|t:|1776364075\n|switch|p2a: Archaludon|Archaludon, L50, F|100/100\n|turn|5\n|inactive|Pegassin has 30 seconds left.\n|inactive|Pegassin has 20 seconds left.\n|inactive|Pegassin has 15 seconds left.\n|\n|t:|1776364117\n|move|p2b: Sableye|Rain Dance||[still]\n|-fail|p2b: Sableye\n|move|p1a: Garchomp|Stomping Tantrum|p2a: Archaludon\n|-supereffective|p2a: Archaludon|1\n|-damage|p2a: Archaludon|38/100\n|move|p2a: Archaludon|Draco Meteor|p1a: Garchomp\n|-supereffective|p1a: Garchomp|1\n|-damage|p1a: Garchomp|0 fnt\n|-unboost|p2a: Archaludon|spa|2\n|faint|p1a: Garchomp\n|-enditem|p2a: Archaludon|White Herb\n|-clearnegativeboost|p2a: Archaludon|[silent]\n|move|p1b: Incineroar|Parting Shot|p2a: Archaludon\n|-unboost|p2a: Archaludon|atk|1\n|-unboost|p2a: Archaludon|spa|1\n|\n|t:|1776364126\n|switch|p1b: Maushold|Maushold, L50|62/100|[from] Parting Shot\n|\n|-weather|RainDance|[upkeep]\n|upkeep\n|\n|t:|1776364128\n|switch|p1a: Incineroar|Incineroar, L50, F|56/100\n|-ability|p1a: Incineroar|Intimidate|boost\n|-unboost|p2a: Archaludon|atk|1\n|-unboost|p2b: Sableye|atk|1\n|turn|6\n|\n|t:|1776364150\n|move|p2a: Archaludon|Protect|p2a: Archaludon\n|-singleturn|p2a: Archaludon|Protect\n|move|p1a: Incineroar|Fake Out|p2a: Archaludon\n|-activate|p2a: Archaludon|move: Protect\n|move|p2b: Sableye|Thunder Wave|p1b: Maushold\n|-status|p1b: Maushold|par\n|-enditem|p1b: Maushold|Lum Berry|[eat]\n|-curestatus|p1b: Maushold|par|[msg]\n|move|p1b: Maushold|Super Fang|p2a: Archaludon\n|-activate|p2a: Archaludon|move: Protect\n|\n|-weather|RainDance|[upkeep]\n|upkeep\n|turn|7\n|inactive|tartarinhamaruga has 30 seconds left.\n|\n|t:|1776364179\n|move|p2b: Sableye|Thunder Wave|p1b: Maushold\n|-status|p1b: Maushold|par\n|move|p2a: Archaludon|Electro Shot||[still]\n|-prepare|p2a: Archaludon|Electro Shot\n|-boost|p2a: Archaludon|spa|1\n|-anim|p2a: Archaludon|Electro Shot|p1a: Incineroar\n|-damage|p1a: Incineroar|24/100\n|move|p1b: Maushold|Super Fang|p2a: Archaludon\n|-damage|p2a: Archaludon|20/100\n|move|p1a: Incineroar|Flare Blitz|p2a: Archaludon\n|-damage|p2a: Archaludon|0 fnt\n|faint|p2a: Archaludon\n|-damage|p1a: Incineroar|18/100|[from] Recoil\n|\n|-weather|none\n|upkeep\n|\n|t:|1776364182\n|switch|p2a: Sneasler|Sneasler, L50, F|100/100\n|turn|8\n|\n|t:|1776364199\n|move|p1b: Maushold|Helping Hand|p1a: Incineroar\n|-singleturn|p1a: Incineroar|Helping Hand|[of] p1b: Maushold\n|move|p2a: Sneasler|Fake Out|p1a: Incineroar\n|-damage|p1a: Incineroar|9/100\n|move|p2b: Sableye|Rain Dance|p2b: Sableye\n|-weather|RainDance\n|cant|p1a: Incineroar|flinch\n|\n|-weather|RainDance|[upkeep]\n|upkeep\n|turn|9\n|\n|t:|1776364221\n|move|p2b: Sableye|Rain Dance||[still]\n|-fail|p2b: Sableye\n|move|p2a: Sneasler|Close Combat|p1a: Incineroar\n|-supereffective|p1a: Incineroar|1\n|-damage|p1a: Incineroar|0 fnt\n|-unboost|p2a: Sneasler|def|1\n|-unboost|p2a: Sneasler|spd|1\n|faint|p1a: Incineroar\n|move|p1b: Maushold|Super Fang|p2a: Sneasler\n|-damage|p2a: Sneasler|51/100\n|\n|-weather|RainDance|[upkeep]\n|upkeep\n|turn|10\n|-message|Pegassin forfeited.\n|\n|win|tartarinhamaruga\n|raw|Pegassin's rating: 1195 &rarr; <strong>1168</strong><br />(-27 for losing)\n|raw|tartarinhamaruga's rating: 1171 &rarr; <strong>1198</strong><br />(+27 for winning)\n",
  "uploadtime": 1776364236,
  "views": 22,
  "formatid": "gen9championsvgc2026regma",
  "rating": 1168,
  "private": 0,
  "password": null
}