{
  "id": "gen9championsvgc2026regma-2587871166",
  "format": "[Gen 9 Champions] VGC 2026 Reg M-A",
  "players": [
    "Pacman_po",
    "coberdt"
  ],
  "log": "|j|\u2606Pacman_po\n|j|\u2606coberdt\n|t:|1776572874\n|gametype|doubles\n|player|p1|Pacman_po|ballguy|1225\n|player|p2|coberdt|lebanne|1244\n|gen|9\n|tier|[Gen 9 Champions] VGC 2026 Reg M-A\n|rated|\n|rule|Species Clause: Limit one of each Pok\u00e9mon\n|rule|Item Clause: Limit 1 of each item\n|clearpoke\n|poke|p1|Mr. Rime, L50, M, shiny|\n|poke|p1|Crabominable, L50, M, shiny|\n|poke|p1|Slowking-Galar, L50, M, shiny|\n|poke|p1|Kingambit, L50, M, shiny|\n|poke|p1|Primarina, L50, F, shiny|\n|poke|p1|Incineroar, L50, M, shiny|\n|poke|p2|Archaludon, L50, F|\n|poke|p2|Pelipper, L50, F|\n|poke|p2|Basculegion, L50, M|\n|poke|p2|Incineroar, L50, F|\n|poke|p2|Sneasler, L50, F|\n|poke|p2|Gengar, L50, F|\n|teampreview|4\n|inactive|Battle timer is ON: inactive players will automatically lose when time's up. (requested by Pacman_po)\ncoberdt has agreed to open team sheets.\n|inactive|coberdt has 60 seconds left.\n|\n|t:|1776572912\n|teamsize|p1|4\n|teamsize|p2|4\n|start\n|switch|p1a: Kingambit|Kingambit, L50, M, shiny|100/100\n|switch|p1b: Slowking|Slowking-Galar, L50, M, shiny|100/100\n|switch|p2a: Sneasler|Sneasler, L50, F|100/100\n|switch|p2b: Basculegion|Basculegion, L50, M|100/100\n|turn|1\n|\n|t:|1776572932\n|move|p1a: Kingambit|Protect|p1a: Kingambit\n|-singleturn|p1a: Kingambit|Protect\n|move|p2b: Basculegion|Flip Turn|p1b: Slowking\n|-damage|p1b: Slowking|70/100\n|\n|t:|1776572937\n|switch|p2b: Gengar|Gengar, L50, F|100/100|[from] Flip Turn\n|move|p2a: Sneasler|Close Combat|p1a: Kingambit\n|-activate|p1a: Kingambit|move: Protect\n|move|p1b: Slowking|Trick Room|p1b: Slowking\n|-fieldstart|move: Trick Room|[of] p1b: Slowking\n|\n|upkeep\n|turn|2\n|inactive|coberdt has 30 seconds left.\n|\n|t:|1776572965\n|switch|p2a: Incineroar|Incineroar, L50, F|100/100\n|-ability|p2a: Incineroar|Intimidate|boost\n|-unboost|p1a: Kingambit|atk|1\n|-ability|p1a: Kingambit|Defiant|boost\n|-boost|p1a: Kingambit|atk|2\n|-unboost|p1b: Slowking|atk|1\n|move|p2b: Gengar|Protect|p2b: Gengar\n|-singleturn|p2b: Gengar|Protect\n|move|p1b: Slowking|Psychic|p2a: Incineroar\n|-immune|p2a: Incineroar\n|move|p1a: Kingambit|Iron Head|p2a: Incineroar\n|-resisted|p2a: Incineroar|1\n|-damage|p2a: Incineroar|73/100\n|\n|upkeep\n|turn|3\n|inactive|coberdt has 30 seconds left.\n|\n|t:|1776572992\n|detailschange|p2b: Gengar|Gengar-Mega, L50, F\n|-mega|p2b: Gengar|Gengar|Gengarite\n|move|p1a: Kingambit|Protect|p1a: Kingambit\n|-singleturn|p1a: Kingambit|Protect\n|move|p2a: Incineroar|Fake Out|p1a: Kingambit\n|-activate|p1a: Kingambit|move: Protect\n|move|p1b: Slowking|Psychic|p2b: Gengar\n|-supereffective|p2b: Gengar|1\n|-damage|p2b: Gengar|13/100\n|move|p2b: Gengar|Shadow Ball|p1b: Slowking\n|-supereffective|p1b: Slowking|1\n|-damage|p1b: Slowking|3/100\n|\n|upkeep\n|turn|4\n|inactive|coberdt has 30 seconds left.\n|\n|t:|1776573020\n|move|p2b: Gengar|Protect|p2b: Gengar\n|-singleturn|p2b: Gengar|Protect\n|-prepare|p1b: Slowking|Chilly Reception|[premajor]\n|move|p1b: Slowking|Chilly Reception|p1b: Slowking\n|-weather|Snowscape\n|\n|t:|1776573026\n|switch|p1b: Crabominable|Crabominable, L50, M, shiny|100/100|[from] Chilly Reception\n|move|p1a: Kingambit|Low Kick|p2a: Incineroar\n|-supereffective|p2a: Incineroar|1\n|-damage|p2a: Incineroar|0 fnt\n|faint|p2a: Incineroar\n|\n|-weather|Snowscape|[upkeep]\n|upkeep\n|\n|t:|1776573032\n|switch|p2a: Sneasler|Sneasler, L50, F|100/100\n|turn|5\n|inactive|Pacman_po has 30 seconds left.\n|\n|t:|1776573060\n|detailschange|p1b: Crabominable|Crabominable-Mega, L50, M, shiny\n|-mega|p1b: Crabominable|Crabominable|Crabominite\n|move|p1a: Kingambit|Protect|p1a: Kingambit\n|-singleturn|p1a: Kingambit|Protect\n|move|p2a: Sneasler|Fake Out|p1b: Crabominable\n|-damage|p1b: Crabominable|93/100\n|cant|p1b: Crabominable|flinch\n|move|p2b: Gengar|Sludge Bomb|p1b: Crabominable\n|-damage|p1b: Crabominable|47/100\n|-status|p1b: Crabominable|psn\n|\n|-weather|Snowscape|[upkeep]\n|-damage|p1b: Crabominable|35/100 psn|[from] psn\n|-fieldend|move: Trick Room\n|upkeep\n|turn|6\n|\n|t:|1776573086\n|move|p2b: Gengar|Protect|p2b: Gengar\n|-singleturn|p2b: Gengar|Protect\n|move|p1a: Kingambit|Sucker Punch||[still]\n|-fail|p1a: Kingambit\n|move|p2a: Sneasler|Close Combat|p1a: Kingambit\n|-supereffective|p1a: Kingambit|2\n|-damage|p1a: Kingambit|0 fnt\n|-unboost|p2a: Sneasler|def|1\n|-unboost|p2a: Sneasler|spd|1\n|faint|p1a: Kingambit\n|-enditem|p2a: Sneasler|White Herb\n|-clearnegativeboost|p2a: Sneasler|[silent]\n|move|p1b: Crabominable|Ice Hammer|p2a: Sneasler\n|-damage|p2a: Sneasler|0 fnt\n|-unboost|p1b: Crabominable|spe|1\n|faint|p2a: Sneasler\n|\n|-weather|Snowscape|[upkeep]\n|-damage|p1b: Crabominable|23/100 psn|[from] psn\n|upkeep\n|\n|t:|1776573099\n|switch|p2a: Basculegion|Basculegion, L50, M|100/100\n|switch|p1a: Slowking|Slowking-Galar, L50, M, shiny|37/100\n|turn|7\n|\n|t:|1776573115\n|move|p2a: Basculegion|Last Respects|p1a: Slowking\n|-supereffective|p1a: Slowking|1\n|-damage|p1a: Slowking|0 fnt\n|faint|p1a: Slowking\n|move|p2b: Gengar|Sludge Bomb|p1b: Crabominable\n|-damage|p1b: Crabominable|0 fnt\n|faint|p1b: Crabominable\n|\n|-weather|Snowscape|[upkeep]\n|upkeep\n|\n|t:|1776573117\n|switch|p1b: Incineroar|Incineroar, L50, M, shiny|100/100\n|-ability|p1b: Incineroar|Intimidate|boost\n|-unboost|p2a: Basculegion|atk|1\n|-unboost|p2b: Gengar|atk|1\n|turn|8\n|\n|t:|1776573132\n|move|p2a: Basculegion|Last Respects|p1b: Incineroar\n|-resisted|p1b: Incineroar|1\n|-damage|p1b: Incineroar|72/100\n|move|p2b: Gengar|Sludge Bomb|p1b: Incineroar\n|-damage|p1b: Incineroar|30/100\n|-enditem|p1b: Incineroar|Sitrus Berry|[eat]\n|-heal|p1b: Incineroar|55/100|[from] item: Sitrus Berry\n|move|p1b: Incineroar|Throat Chop|p2b: Gengar\n|-supereffective|p2b: Gengar|1\n|-damage|p2b: Gengar|0 fnt\n|faint|p2b: Gengar\n|\n|-weather|none\n|upkeep\n|turn|9\n|\n|t:|1776573141\n|move|p2a: Basculegion|Last Respects|p1b: Incineroar\n|-resisted|p1b: Incineroar|1\n|-damage|p1b: Incineroar|19/100\n|move|p1b: Incineroar|Throat Chop|p2a: Basculegion\n|-supereffective|p2a: Basculegion|1\n|-damage|p2a: Basculegion|15/100\n|-start|p2a: Basculegion|Throat Chop|[silent]\n|\n|upkeep\n|turn|10\n|\n|t:|1776573148\n|move|p1b: Incineroar|Protect|p1b: Incineroar\n|-singleturn|p1b: Incineroar|Protect\n|move|p2a: Basculegion|Last Respects|p1b: Incineroar\n|-activate|p1b: Incineroar|move: Protect\n|\n|-end|p2a: Basculegion|Throat Chop|[silent]\n|upkeep\n|turn|11\n|\n|t:|1776573155\n|move|p2a: Basculegion|Last Respects|p1b: Incineroar\n|-resisted|p1b: Incineroar|1\n|-damage|p1b: Incineroar|0 fnt\n|faint|p1b: Incineroar\n|\n|win|coberdt\n|raw|Pacman_po's rating: 1225 &rarr; <strong>1201</strong><br />(-24 for losing)\n|raw|coberdt's rating: 1244 &rarr; <strong>1268</strong><br />(+24 for winning)\n|l|\u2606Pacman_po\n|player|p1|\n",
  "uploadtime": 1776573161,
  "views": 70,
  "formatid": "gen9championsvgc2026regma",
  "rating": 1201,
  "private": 0,
  "password": null
}