{
  "id": "gen9championsvgc2026regma-2586016367",
  "format": "[Gen 9 Champions] VGC 2026 Reg M-A",
  "players": [
    "joshferd",
    "Bgt Miler"
  ],
  "log": "|j|\u2606joshferd\n|j|\u2606Bgt Miler\n|t:|1776390549\n|gametype|doubles\n|player|p1|joshferd|2|1206\n|player|p2|Bgt Miler|brock|1254\n|gen|9\n|tier|[Gen 9 Champions] VGC 2026 Reg M-A\n|rated|\n|rule|Species Clause: Limit one of each Pok\u00e9mon\n|rule|Item Clause: Limit 1 of each item\n|clearpoke\n|poke|p1|Serperior, L50, F|\n|poke|p1|Tinkaton, L50, F|\n|poke|p1|Chimecho, L50, M|\n|poke|p1|Krookodile, L50, M|\n|poke|p1|Basculegion, L50, M|\n|poke|p1|Politoed, L50, F|\n|poke|p2|Aerodactyl, L50, M|\n|poke|p2|Incineroar, L50, F|\n|poke|p2|Charizard, L50, M|\n|poke|p2|Venusaur, L50, M|\n|poke|p2|Garchomp, L50, M|\n|poke|p2|Maushold-Four, L50|\n|teampreview|4\n|inactive|Battle timer is ON: inactive players will automatically lose when time's up. (requested by Bgt Miler)\nBgt Miler rejected open team sheets.\n|inactive|joshferd has 60 seconds left.\n|\n|t:|1776390596\n|teamsize|p1|4\n|teamsize|p2|4\n|start\n|switch|p1a: Tinkaton|Tinkaton, L50, F|100/100\n|switch|p1b: Chimecho|Chimecho, L50, M|100/100\n|switch|p2a: Charizard|Charizard, L50, M|100/100\n|switch|p2b: Maushold|Maushold-Four, L50|100/100\n|-ability|p1a: Tinkaton|Mold Breaker\n|turn|1\n|\n|t:|1776390615\n|move|p2a: Charizard|Protect|p2a: Charizard\n|-singleturn|p2a: Charizard|Protect\n|move|p1a: Tinkaton|Fake Out|p2a: Charizard\n|-activate|p2a: Charizard|move: Protect\n|move|p2b: Maushold|Taunt|p1b: Chimecho\n|-start|p1b: Chimecho|move: Taunt\n|cant|p1b: Chimecho|move: Taunt|Trick Room\n|\n|upkeep\n|turn|2\n|inactive|joshferd has 30 seconds left.\n|\n|t:|1776390642\n|switch|p1a: Basculegion|Basculegion, L50, M|100/100\n|detailschange|p2a: Charizard|Charizard-Mega-Y, L50, M\n|-mega|p2a: Charizard|Charizard|Charizardite Y\n|-weather|SunnyDay|[from] ability: Drought|[of] p2a: Charizard\n|detailschange|p1b: Chimecho|Chimecho-Mega, L50, M\n|-mega|p1b: Chimecho|Chimecho|Chimechite\n|move|p2b: Maushold|Follow Me|p2b: Maushold\n|-singleturn|p2b: Maushold|move: Follow Me\n|move|p2a: Charizard|Heat Wave|p1a: Basculegion|[spread] p1a,p1b\n|-resisted|p1a: Basculegion|1\n|-supereffective|p1b: Chimecho|1\n|-damage|p1a: Basculegion|67/100\n|-damage|p1b: Chimecho|0 fnt\n|faint|p1b: Chimecho\n|\n|-weather|SunnyDay|[upkeep]\n|upkeep\n|\n|t:|1776390648\n|switch|p1b: Politoed|Politoed, L50, F|100/100\n|-weather|RainDance|[from] ability: Drizzle|[of] p1b: Politoed\n|turn|3\n|inactive|Bgt Miler has 30 seconds left.\n|\n|t:|1776390681\n|move|p2b: Maushold|Follow Me|p2b: Maushold\n|-singleturn|p2b: Maushold|move: Follow Me\n|move|p1a: Basculegion|Flip Turn|p2b: Maushold\n|-damage|p2b: Maushold|16/100\n|\n|t:|1776390686\n|switch|p1a: Tinkaton|Tinkaton, L50, F|100/100|[from] Flip Turn\n|-ability|p1a: Tinkaton|Mold Breaker\n|move|p2a: Charizard|Heat Wave|p1b: Politoed|[spread] p1a\n|-miss|p2a: Charizard|p1b: Politoed\n|-supereffective|p1a: Tinkaton|1\n|-damage|p1a: Tinkaton|60/100\n|move|p1b: Politoed|Muddy Water|p2b: Maushold|[spread] p2a,p2b\n|-supereffective|p2a: Charizard|1\n|-damage|p2a: Charizard|13/100\n|-damage|p2b: Maushold|0 fnt\n|faint|p2b: Maushold\n|\n|-weather|RainDance|[upkeep]\n|upkeep\n|\n|t:|1776390696\n|switch|p2b: Garchomp|Garchomp, L50, M|100/100\n|turn|4\n|\n|t:|1776390717\n|switch|p2a: Venusaur|Venusaur, L50, M|100/100\n|move|p1a: Tinkaton|Feint|p2b: Garchomp\n|-damage|p2b: Garchomp|93/100\n|move|p2b: Garchomp|Rock Slide|p1a: Tinkaton|[spread] p1a,p1b\n|-resisted|p1a: Tinkaton|1\n|-damage|p1a: Tinkaton|47/100\n|-damage|p1b: Politoed|76/100\n|-enditem|p1a: Tinkaton|Sitrus Berry|[eat]\n|-heal|p1a: Tinkaton|72/100|[from] item: Sitrus Berry\n|move|p1b: Politoed|Ice Beam|p2b: Garchomp\n|-supereffective|p2b: Garchomp|2\n|-enditem|p2b: Garchomp|Yache Berry|[eat]\n|-enditem|p2b: Garchomp|Yache Berry|[weaken]\n|-damage|p2b: Garchomp|30/100\n|\n|-weather|RainDance|[upkeep]\n|upkeep\n|turn|5\n|inactive|joshferd has 30 seconds left.\n|inactive|Bgt Miler has 30 seconds left.\n|inactive|joshferd has 20 seconds left.\n|\n|t:|1776390758\n|switch|p1a: Basculegion|Basculegion, L50, M|67/100\n|move|p2a: Venusaur|Protect|p2a: Venusaur\n|-singleturn|p2a: Venusaur|Protect\n|move|p2b: Garchomp|Earthquake|p1b: Politoed|[spread] p1a,p1b\n|-activate|p2a: Venusaur|move: Protect\n|-damage|p1a: Basculegion|9/100\n|-damage|p1b: Politoed|32/100\n|move|p1b: Politoed|Weather Ball|p2a: Venusaur\n|-activate|p2a: Venusaur|move: Protect\n|\n|-weather|RainDance|[upkeep]\n|upkeep\n|turn|6\n|inactive|Bgt Miler has 30 seconds left.\n|\n|t:|1776390787\n|switch|p1a: Tinkaton|Tinkaton, L50, F|72/100\n|-ability|p1a: Tinkaton|Mold Breaker\n|move|p2b: Garchomp|Protect|p2b: Garchomp\n|-singleturn|p2b: Garchomp|Protect\n|move|p2a: Venusaur|Earth Power|p1a: Tinkaton\n|-supereffective|p1a: Tinkaton|1\n|-damage|p1a: Tinkaton|20/100\n|move|p1b: Politoed|Muddy Water|p2a: Venusaur|[spread] p2a\n|-activate|p2b: Garchomp|move: Protect\n|-resisted|p2a: Venusaur|1\n|-damage|p2a: Venusaur|70/100\n|-unboost|p2a: Venusaur|accuracy|1\n|\n|-weather|RainDance|[upkeep]\n|upkeep\n|turn|7\n|\n|t:|1776390809\n|switch|p2a: Charizard|Charizard-Mega-Y, L50, M|13/100\n|-weather|SunnyDay|[from] ability: Drought|[of] p2a: Charizard\n|move|p1a: Tinkaton|Fake Out|p2b: Garchomp\n|-damage|p2b: Garchomp|19/100\n|-damage|p1a: Tinkaton|8/100|[from] ability: Rough Skin|[of] p2b: Garchomp\n|cant|p2b: Garchomp|flinch\n|move|p1b: Politoed|Muddy Water|p2b: Garchomp|[spread] p2a,p2b\n|-supereffective|p2a: Charizard|1\n|-damage|p2a: Charizard|0 fnt\n|-damage|p2b: Garchomp|0 fnt\n|faint|p2a: Charizard\n|faint|p2b: Garchomp\n|\n|-weather|SunnyDay|[upkeep]\n|upkeep\n|\n|t:|1776390816\n|switch|p2b: Venusaur|Venusaur, L50, M|70/100\n|turn|8\n|-message|Bgt Miler forfeited.\n|\n|win|joshferd\n|raw|joshferd's rating: 1206 &rarr; <strong>1234</strong><br />(+28 for winning)\n|raw|Bgt Miler's rating: 1254 &rarr; <strong>1226</strong><br />(-28 for losing)\n|l|\u2606Bgt Miler\n|player|p2|\n",
  "uploadtime": 1776390827,
  "views": 38,
  "formatid": "gen9championsvgc2026regma",
  "rating": 1226,
  "private": 0,
  "password": null
}