{
  "id": "gen9championsvgc2026regma-2587645236",
  "format": "[Gen 9 Champions] VGC 2026 Reg M-A",
  "players": [
    "Ay.lucian",
    "Cartair"
  ],
  "log": "|j|\u2606Ay.lucian\n|j|\u2606Cartair\n|t:|1776549948\n|gametype|doubles\n|player|p1|Ay.lucian|hiker-gen4|1000\n|player|p2|Cartair|backpacker|1002\n|gen|9\n|tier|[Gen 9 Champions] VGC 2026 Reg M-A\n|rated|\n|rule|Species Clause: Limit one of each Pok\u00e9mon\n|rule|Item Clause: Limit 1 of each item\n|clearpoke\n|poke|p1|Sinistcha-Masterpiece, L50|\n|poke|p1|Primarina, L50, F|\n|poke|p1|Politoed, L50, F|\n|poke|p1|Meganium, L50, F|\n|poke|p1|Tyranitar, L50, M|\n|poke|p1|Ninetales-Alola, L50, M|\n|poke|p2|Toxicroak, L50, F|\n|poke|p2|Milotic, L50, M|\n|poke|p2|Whimsicott, L50, M|\n|poke|p2|Beartic, L50, M|\n|poke|p2|Pelipper, L50, F|\n|poke|p2|Clefable, L50, M|\n|teampreview|4\n|inactive|Battle timer is ON: inactive players will automatically lose when time's up. (requested by Ay.lucian)\n|inactive|Ay.lucian has 60 seconds left.\n|inactive|Cartair has 60 seconds left.\n|\n|t:|1776549985\n|teamsize|p1|4\n|teamsize|p2|4\n|start\n|switch|p1a: Sinistcha|Sinistcha-Masterpiece, L50|100/100\n|switch|p1b: Meganium|Meganium, L50, F|100/100\n|switch|p2a: Whimsicott|Whimsicott, L50, M|100/100\n|switch|p2b: Pelipper|Pelipper, L50, F|100/100\n|-weather|RainDance|[from] ability: Drizzle|[of] p2b: Pelipper\n|turn|1\n|inactive|Ay.lucian has 30 seconds left.\n|\n|t:|1776550017\n|switch|p1b: Tyranitar|Tyranitar, L50, M|100/100\n|-weather|Sandstorm|[from] ability: Sand Stream|[of] p1b: Tyranitar\n|move|p2a: Whimsicott|Tailwind|p2a: Whimsicott\n|-sidestart|p2: Cartair|move: Tailwind\n|move|p2b: Pelipper|Hurricane|p1b: Tyranitar|[miss]\n|-miss|p2b: Pelipper|p1b: Tyranitar\n|move|p1a: Sinistcha|Matcha Gotcha|p2a: Whimsicott|[spread] p2a,p2b\n|-resisted|p2a: Whimsicott|1\n|-damage|p2a: Whimsicott|81/100\n|-damage|p2b: Pelipper|67/100\n|\n|-weather|Sandstorm|[upkeep]\n|-damage|p2a: Whimsicott|75/100|[from] Sandstorm\n|-damage|p2b: Pelipper|61/100|[from] Sandstorm\n|-damage|p1a: Sinistcha|94/100|[from] Sandstorm\n|-heal|p1a: Sinistcha|100/100|[from] item: Leftovers\n|upkeep\n|turn|2\n|inactive|Ay.lucian has 30 seconds left.\n|inactive|Cartair has 30 seconds left.\n|\n|t:|1776550045\n|switch|p2b: Milotic|Milotic, L50, M|100/100\n|move|p1a: Sinistcha|Rage Powder|p1a: Sinistcha\n|-singleturn|p1a: Sinistcha|move: Rage Powder\n|move|p2a: Whimsicott|Leech Seed|p1b: Tyranitar\n|-hint|Since gen 7, Dark is immune to Prankster moves.\n|-immune|p1b: Tyranitar\n|move|p1b: Tyranitar|Dragon Dance|p1b: Tyranitar\n|-boost|p1b: Tyranitar|atk|1\n|-boost|p1b: Tyranitar|spe|1\n|\n|-weather|Sandstorm|[upkeep]\n|-damage|p2a: Whimsicott|69/100|[from] Sandstorm\n|-damage|p2b: Milotic|95/100|[from] Sandstorm\n|-damage|p1a: Sinistcha|94/100|[from] Sandstorm\n|-heal|p2b: Milotic|100/100|[from] item: Leftovers\n|-heal|p1a: Sinistcha|100/100|[from] item: Leftovers\n|upkeep\n|turn|3\n|inactive|Ay.lucian has 30 seconds left.\n|\n|t:|1776550072\n|switch|p2a: Pelipper|Pelipper, L50, F|61/100\n|-weather|RainDance|[from] ability: Drizzle|[of] p2a: Pelipper\n|move|p2b: Milotic|Surf|p1b: Tyranitar|[spread] p2a,p1a,p1b\n|-resisted|p2a: Pelipper|1\n|-resisted|p1a: Sinistcha|1\n|-supereffective|p1b: Tyranitar|1\n|-crit|p1b: Tyranitar\n|-damage|p2a: Pelipper|30/100\n|-damage|p1a: Sinistcha|74/100\n|-enditem|p1b: Tyranitar|Focus Sash\n|-damage|p1b: Tyranitar|1/100\n|move|p1b: Tyranitar|Crunch|p2b: Milotic\n|-damage|p2b: Milotic|45/100\n|move|p1a: Sinistcha|Matcha Gotcha|p2a: Pelipper|[spread] p2a,p2b\n|-supereffective|p2b: Milotic|1\n|-damage|p2a: Pelipper|0 fnt\n|-heal|p1a: Sinistcha|87/100|[from] drain|[of] p2a: Pelipper\n|-damage|p2b: Milotic|0 fnt\n|-heal|p1a: Sinistcha|100/100|[from] drain|[of] p2b: Milotic\n|faint|p2a: Pelipper\n|faint|p2b: Milotic\n|\n|-weather|RainDance|[upkeep]\n|upkeep\n|\n|t:|1776550094\n|switch|p2b: Whimsicott|Whimsicott, L50, M|69/100\n|switch|p2a: Beartic|Beartic, L50, M|100/100\n|turn|4\n|\n|t:|1776550112\n|switch|p1b: Primarina|Primarina, L50, F|100/100\n|move|p2a: Beartic|Aqua Jet|p1b: Primarina\n|-resisted|p1b: Primarina|1\n|-damage|p1b: Primarina|86/100\n|move|p2b: Whimsicott|Dazzling Gleam|p1b: Primarina|[spread] p1a,p1b\n|-damage|p1a: Sinistcha|81/100\n|-damage|p1b: Primarina|70/100\n|move|p1a: Sinistcha|Scald|p2a: Beartic\n|-damage|p2a: Beartic|53/100\n|\n|-weather|RainDance|[upkeep]\n|-heal|p1a: Sinistcha|87/100|[from] item: Leftovers\n|-sideend|p2: Cartair|move: Tailwind\n|upkeep\n|turn|5\n|-message|Cartair forfeited.\n|\n|win|Ay.lucian\n|raw|Ay.lucian's rating: 1000 &rarr; <strong>1040</strong><br />(+40 for winning)\n|raw|Cartair's rating: 1002 &rarr; <strong>1000</strong><br />(-2 for losing)\n|l|\u2606Cartair\n|player|p2|\n",
  "uploadtime": 1776550142,
  "views": 18,
  "formatid": "gen9championsvgc2026regma",
  "rating": 1000,
  "private": 0,
  "password": null
}