{
  "id": "gen9championsvgc2026regma-2584561350",
  "format": "[Gen 9 Champions] VGC 2026 Reg M-A",
  "players": [
    "labaladecos",
    "giubeppo"
  ],
  "log": "|j|\u2606labaladecos\n|j|\u2606giubeppo\n|t:|1776268859\n|gametype|doubles\n|player|p1|labaladecos|hugh|1223\n|player|p2|giubeppo|101|1317\n|gen|9\n|tier|[Gen 9 Champions] VGC 2026 Reg M-A\n|rated|\n|rule|Species Clause: Limit one of each Pok\u00e9mon\n|rule|Item Clause: Limit 1 of each item\n|clearpoke\n|poke|p1|Chesnaught, L50, F|\n|poke|p1|Sinistcha, L50|\n|poke|p1|Whimsicott, L50, F|\n|poke|p1|Clefable, L50, M|\n|poke|p1|Pelipper, L50, M|\n|poke|p1|Dragonite, L50, F|\n|poke|p2|Starmie, L50|\n|poke|p2|Pelipper, L50, M|\n|poke|p2|Archaludon, L50, M|\n|poke|p2|Sneasler, L50, F|\n|poke|p2|Sinistcha, L50|\n|poke|p2|Incineroar, L50, M|\n|teampreview|4\n|\n|t:|1776268893\n|teamsize|p1|4\n|teamsize|p2|4\n|start\n|switch|p1a: Chesnaught|Chesnaught, L50, F, shiny|100/100\n|switch|p1b: Clefable|Clefable, L50, M|100/100\n|switch|p2a: Starmie|Starmie, L50|100/100\n|switch|p2b: Sneasler|Sneasler, L50, F|100/100\n|turn|1\n|\n|t:|1776268929\n|detailschange|p2a: Starmie|Starmie-Mega, L50\n|-mega|p2a: Starmie|Starmie|Starminite\n|detailschange|p1a: Chesnaught|Chesnaught-Mega, L50, F, shiny\n|-mega|p1a: Chesnaught|Chesnaught|Chesnaughtite\n|move|p1a: Chesnaught|Spiky Shield|p1a: Chesnaught\n|-singleturn|p1a: Chesnaught|move: Protect\n|move|p2b: Sneasler|Fake Out|p1b: Clefable\n|-damage|p1b: Clefable|87/100\n|move|p2a: Starmie|Zen Headbutt|p1a: Chesnaught\n|-activate|p1a: Chesnaught|move: Protect\n|-damage|p2a: Starmie|89/100|[from] Spiky Shield|[of] p1a: Chesnaught\n|cant|p1b: Clefable|flinch\n|\n|-heal|p1b: Clefable|93/100|[from] item: Leftovers\n|upkeep\n|turn|2\n|\n|t:|1776268949\n|move|p1b: Clefable|Follow Me|p1b: Clefable\n|-singleturn|p1b: Clefable|move: Follow Me\n|move|p2b: Sneasler|Dire Claw|p1b: Clefable\n|-supereffective|p1b: Clefable|1\n|-damage|p1b: Clefable|15/100\n|move|p2a: Starmie|Liquidation|p1b: Clefable\n|-damage|p1b: Clefable|0 fnt\n|faint|p1b: Clefable\n|move|p1a: Chesnaught|Belly Drum|p1a: Chesnaught\n|-damage|p1a: Chesnaught|51/100\n|-setboost|p1a: Chesnaught|atk|6|[from] move: Belly Drum\n|\n|upkeep\n|\n|t:|1776268982\n|switch|p1b: Whimsicott|Whimsicott, L50, F|100/100\n|turn|3\n|\n|t:|1776269000\n|switch|p2a: Pelipper|Pelipper, L50, M|100/100\n|-weather|RainDance|[from] ability: Drizzle|[of] p2a: Pelipper\n|move|p1b: Whimsicott|Grassy Terrain|p1b: Whimsicott\n|-fieldstart|move: Grassy Terrain\n|move|p1a: Chesnaught|Grassy Glide|p2a: Pelipper\n|-damage|p2a: Pelipper|0 fnt\n|faint|p2a: Pelipper\n|move|p2b: Sneasler|Dire Claw|p1a: Chesnaught\n|-supereffective|p1a: Chesnaught|1\n|-damage|p1a: Chesnaught|4/100\n|\n|-weather|RainDance|[upkeep]\n|-heal|p1a: Chesnaught|10/100|[from] Grassy Terrain\n|upkeep\n|\n|t:|1776269019\n|switch|p2a: Starmie|Starmie-Mega, L50|89/100\n|turn|4\n|\n|t:|1776269062\n|move|p2a: Starmie|Protect|p2a: Starmie\n|-singleturn|p2a: Starmie|Protect\n|move|p1a: Chesnaught|Spiky Shield|p1a: Chesnaught\n|-singleturn|p1a: Chesnaught|move: Protect\n|move|p2b: Sneasler|Dire Claw|p1a: Chesnaught\n|-activate|p1a: Chesnaught|move: Protect\n|-damage|p2b: Sneasler|88/100|[from] Spiky Shield|[of] p1a: Chesnaught\n|move|p1b: Whimsicott|Trick Room|p1b: Whimsicott\n|-fieldstart|move: Trick Room|[of] p1b: Whimsicott\n|\n|-weather|RainDance|[upkeep]\n|-heal|p1a: Chesnaught|16/100|[from] Grassy Terrain\n|-heal|p2a: Starmie|95/100|[from] Grassy Terrain\n|-heal|p2b: Sneasler|94/100|[from] Grassy Terrain\n|upkeep\n|turn|5\n|\n|t:|1776269101\n|move|p1b: Whimsicott|Encore|p2a: Starmie\n|-start|p2a: Starmie|Encore\n|move|p2a: Starmie|Protect||[still]\n|-fail|p2a: Starmie\n|move|p1a: Chesnaught|Drain Punch|p2b: Sneasler\n|-resisted|p2b: Sneasler|1\n|-damage|p2b: Sneasler|0 fnt\n|-heal|p1a: Chesnaught|53/100|[from] drain|[of] p2b: Sneasler\n|faint|p2b: Sneasler\n|\n|-weather|RainDance|[upkeep]\n|-heal|p1a: Chesnaught|59/100|[from] Grassy Terrain\n|-heal|p2a: Starmie|100/100|[from] Grassy Terrain\n|upkeep\n|\n|t:|1776269104\n|switch|p2b: Archaludon|Archaludon, L50, M|100/100\n|turn|6\n|\n|t:|1776269143\n|switch|p1b: Sinistcha|Sinistcha, L50|100/100\n|-heal|p1a: Chesnaught|84/100|[from] ability: Hospitality|[of] p1b: Sinistcha\n|move|p2a: Starmie|Protect|p2a: Starmie\n|-singleturn|p2a: Starmie|Protect\n|move|p1a: Chesnaught|Drain Punch|p2b: Archaludon\n|-supereffective|p2b: Archaludon|1\n|-damage|p2b: Archaludon|0 fnt\n|-heal|p1a: Chesnaught|100/100|[from] drain|[of] p2b: Archaludon\n|faint|p2b: Archaludon\n|\n|-weather|RainDance|[upkeep]\n|upkeep\n|turn|7\n|-message|giubeppo forfeited.\n|\n|win|labaladecos\n|raw|labaladecos's rating: 1223 &rarr; <strong>1255</strong><br />(+32 for winning)\n|raw|giubeppo's rating: 1317 &rarr; <strong>1292</strong><br />(-25 for losing)\n|l|\u2606giubeppo\n|player|p2|\n",
  "uploadtime": 1776269156,
  "views": 25,
  "formatid": "gen9championsvgc2026regma",
  "rating": 1255,
  "private": 0,
  "password": null
}