{
  "id": "gen9championsvgc2026regma-2589403253",
  "format": "[Gen 9 Champions] VGC 2026 Reg M-A",
  "players": [
    "TheKingofGlers",
    "mong700"
  ],
  "log": "|j|\u2606TheKingofGlers\n|j|\u2606mong700\n|t:|1776720112\n|gametype|doubles\n|player|p1|TheKingofGlers|clair|1108\n|player|p2|mong700|cyrus|1157\n|gen|9\n|tier|[Gen 9 Champions] VGC 2026 Reg M-A\n|rated|\n|rule|Species Clause: Limit one of each Pok\u00e9mon\n|rule|Item Clause: Limit 1 of each item\n|clearpoke\n|poke|p1|Feraligatr, L50, M|\n|poke|p1|Pelipper, L50, F|\n|poke|p1|Torterra, L50, F|\n|poke|p1|Sinistcha-Masterpiece, L50|\n|poke|p1|Talonflame, L50, M|\n|poke|p1|Ariados, L50, M|\n|poke|p2|Incineroar, L50, F|\n|poke|p2|Pelipper, L50, F|\n|poke|p2|Starmie, L50|\n|poke|p2|Zoroark-Hisui, L50, M|\n|poke|p2|Sylveon, L50, F|\n|poke|p2|Garchomp, L50, F|\n|teampreview|4\n|inactive|Battle timer is ON: inactive players will automatically lose when time's up. (requested by TheKingofGlers)\n|inactive|TheKingofGlers has 60 seconds left.\n|inactive|mong700 has 60 seconds left.\n|\n|t:|1776720152\n|teamsize|p1|4\n|teamsize|p2|4\n|start\n|switch|p1a: Talonflame|Talonflame, L50, M|100/100\n|switch|p1b: Ariados|Ariados, L50, M|100/100\n|switch|p2a: Garchomp|Garchomp, L50, F|100/100\n|switch|p2b: Starmie|Starmie, L50|100/100\n|turn|1\n|\n|t:|1776720164\n|move|p1a: Talonflame|Tailwind|p1a: Talonflame\n|-sidestart|p1: TheKingofGlers|move: Tailwind\n|move|p2b: Starmie|Taunt|p1b: Ariados\n|-start|p1b: Ariados|move: Taunt\n|move|p2a: Garchomp|Rock Slide|p1b: Ariados|[spread] p1a,p1b\n|-supereffective|p1a: Talonflame|2\n|-supereffective|p1b: Ariados|1\n|-damage|p1a: Talonflame|0 fnt\n|-damage|p1b: Ariados|58/100\n|faint|p1a: Talonflame\n|cant|p1b: Ariados|move: Taunt|Sticky Web\n|\n|-heal|p1b: Ariados|64/100|[from] item: Leftovers\n|upkeep\n|\n|t:|1776720175\n|switch|p1a: Torterra|Torterra, L50, F|100/100\n|turn|2\n|\n|t:|1776720188\n|move|p1a: Torterra|Wood Hammer|p2a: Garchomp\n|-damage|p2a: Garchomp|48/100\n|-damage|p1a: Torterra|88/100|[from] ability: Rough Skin|[of] p2a: Garchomp\n|-damage|p1a: Torterra|71/100|[from] Recoil\n|move|p2b: Starmie|Icy Wind|p1b: Ariados|[spread] p1a,p1b\n|-supereffective|p1a: Torterra|2\n|-damage|p1a: Torterra|11/100\n|-damage|p1b: Ariados|50/100\n|-unboost|p1a: Torterra|spe|1\n|-unboost|p1b: Ariados|spe|1\n|-enditem|p1a: Torterra|White Herb\n|-clearnegativeboost|p1a: Torterra|[silent]\n|move|p2a: Garchomp|Rock Slide|p1a: Torterra|[spread] p1a,p1b\n|-resisted|p1a: Torterra|1\n|-supereffective|p1b: Ariados|1\n|-damage|p1a: Torterra|2/100\n|-damage|p1b: Ariados|2/100\n|cant|p1b: Ariados|flinch\n|\n|-heal|p1b: Ariados|8/100|[from] item: Leftovers\n|upkeep\n|turn|3\n|\n|t:|1776720216\n|switch|p1b: Sinistcha|Sinistcha-Masterpiece, L50|100/100\n|-heal|p1a: Torterra|27/100|[from] ability: Hospitality|[of] p1b: Sinistcha\n|move|p2a: Garchomp|Protect|p2a: Garchomp\n|-singleturn|p2a: Garchomp|Protect\n|move|p1a: Torterra|Wood Hammer|p2b: Starmie\n|-enditem|p2b: Starmie|Focus Sash\n|-damage|p2b: Starmie|1/100\n|replace|p2b: Zoroark|Zoroark-Hisui, L50, M\n|-end|p2b: Zoroark|Illusion\n|-damage|p1a: Torterra|5/100|[from] Recoil\n|move|p2b: Zoroark|Icy Wind|p1b: Sinistcha|[spread] p1a,p1b\n|-supereffective|p1a: Torterra|2\n|-supereffective|p1b: Sinistcha|1\n|-damage|p1a: Torterra|0 fnt\n|-damage|p1b: Sinistcha|74/100\n|-unboost|p1b: Sinistcha|spe|1\n|faint|p1a: Torterra\n|\n|upkeep\n|\n|t:|1776720227\n|switch|p1a: Ariados|Ariados, L50, M|8/100\n|turn|4\n|\n|t:|1776720244\n|move|p1b: Sinistcha|Rage Powder|p1b: Sinistcha\n|-singleturn|p1b: Sinistcha|move: Rage Powder\n|move|p2b: Zoroark|Taunt|p1b: Sinistcha\n|-start|p1b: Sinistcha|move: Taunt\n|move|p2a: Garchomp|Rock Slide|p1a: Ariados|[spread] p1a,p1b\n|-supereffective|p1a: Ariados|1\n|-damage|p1a: Ariados|0 fnt\n|-damage|p1b: Sinistcha|56/100\n|faint|p1a: Ariados\n|\n|-sideend|p1: TheKingofGlers|move: Tailwind\n|upkeep\n|turn|5\n|\n|t:|1776720264\n|move|p2b: Zoroark|Fake Tears|p1b: Sinistcha\n|-unboost|p1b: Sinistcha|spd|2\n|move|p2a: Garchomp|Dragon Claw|p1b: Sinistcha\n|-damage|p1b: Sinistcha|19/100\n|-enditem|p1b: Sinistcha|Sitrus Berry|[eat]\n|-heal|p1b: Sinistcha|44/100|[from] item: Sitrus Berry\n|move|p1b: Sinistcha|Matcha Gotcha|p2b: Zoroark|[spread] p2a\n|-miss|p1b: Sinistcha|p2b: Zoroark\n|-damage|p2a: Garchomp|20/100\n|-heal|p1b: Sinistcha|60/100|[from] drain|[of] p2a: Garchomp\n|\n|upkeep\n|turn|6\n|inactive|TheKingofGlers has 30 seconds left.\n|inactive|mong700 has 30 seconds left.\n|inactive|TheKingofGlers has 20 seconds left.\n|\n|t:|1776720300\n|move|p2b: Zoroark|Icy Wind|p1b: Sinistcha\n|-supereffective|p1b: Sinistcha|1\n|-damage|p1b: Sinistcha|0 fnt\n|faint|p1b: Sinistcha\n|\n|win|mong700\n|raw|TheKingofGlers's rating: 1108 &rarr; <strong>1087</strong><br />(-21 for losing)\n|raw|mong700's rating: 1157 &rarr; <strong>1178</strong><br />(+21 for winning)\n|l|\u2606TheKingofGlers\n|player|p1|\n",
  "uploadtime": 1776720316,
  "views": 4,
  "formatid": "gen9championsvgc2026regma",
  "rating": 1087,
  "private": 0,
  "password": null
}