{
  "id": "gen9championsvgc2026regma-2583019480",
  "format": "[Gen 9 Champions] VGC 2026 Reg M-A",
  "players": [
    "1xPIxR",
    "akechi_c"
  ],
  "log": "|j|\u26061xPIxR\n|j|\u2606akechi_c\n|t:|1776133894\n|gametype|doubles\n|player|p1|1xPIxR|red|1093\n|player|p2|akechi_c|2|1122\n|gen|9\n|tier|[Gen 9 Champions] VGC 2026 Reg M-A\n|rated|\n|rule|Species Clause: Limit one of each Pok\u00e9mon\n|rule|Item Clause: Limit 1 of each item\n|clearpoke\n|poke|p1|Ceruledge, L50, F|\n|poke|p1|Maushold-Four, L50|\n|poke|p1|Palafin, L50, M|\n|poke|p1|Sableye, L50, M|\n|poke|p1|Scizor, L50, M|\n|poke|p1|Charizard, L50, M|\n|poke|p2|Cofagrigus, L50, M|\n|poke|p2|Toxapex, L50, F|\n|poke|p2|Glimmora, L50, M|\n|poke|p2|Chesnaught, L50, F|\n|poke|p2|Scovillain, L50, M|\n|poke|p2|Rotom-Heat, L50|\n|teampreview|4\n|inactive|Battle timer is ON: inactive players will automatically lose when time's up. (requested by 1xPIxR)\n1xPIxR rejected open team sheets.\n|\n|t:|1776133921\n|teamsize|p1|4\n|teamsize|p2|4\n|start\n|switch|p1a: Maushold|Maushold-Four, L50|100/100\n|switch|p1b: Scizor|Scizor, L50, M|100/100\n|switch|p2a: Cofagrigus|Cofagrigus, L50, M|100/100\n|switch|p2b: Glimmora|Glimmora, L50, M|100/100\n|turn|1\n|\n|t:|1776133944\n|move|p1a: Maushold|Follow Me|p1a: Maushold\n|-singleturn|p1a: Maushold|move: Follow Me\n|move|p2b: Glimmora|Stealth Rock|p1a: Maushold\n|-sidestart|p1: 1xPIxR|move: Stealth Rock\n|move|p1b: Scizor|Swords Dance|p1b: Scizor\n|-boost|p1b: Scizor|atk|2\n|move|p2a: Cofagrigus|Body Press|p1a: Maushold\n|-supereffective|p1a: Maushold|1\n|-crit|p1a: Maushold\n|-damage|p1a: Maushold|0 fnt\n|faint|p1a: Maushold\n|\n|upkeep\n|\n|t:|1776133959\n|switch|p1a: Charizard|Charizard, L50, M|100/100\n|-damage|p1a: Charizard|51/100|[from] Stealth Rock\n|turn|2\n|inactive|akechi_c has 30 seconds left.\n|\n|t:|1776133988\n|detailschange|p1b: Scizor|Scizor-Mega, L50, M\n|-mega|p1b: Scizor|Scizor|Scizorite\n|move|p1b: Scizor|Bullet Punch|p2b: Glimmora\n|-supereffective|p2b: Glimmora|1\n|-enditem|p2b: Glimmora|Focus Sash\n|-damage|p2b: Glimmora|1/100\n|-activate|p2b: Glimmora|ability: Toxic Debris\n|-sidestart|p1: 1xPIxR|move: Toxic Spikes\n|move|p1a: Charizard|Heat Wave|p2a: Cofagrigus|[spread] p2a,p2b\n|-resisted|p2b: Glimmora|1\n|-damage|p2a: Cofagrigus|67/100\n|-damage|p2b: Glimmora|0 fnt\n|faint|p2b: Glimmora\n|move|p2a: Cofagrigus|Will-O-Wisp|p1b: Scizor\n|-status|p1b: Scizor|brn\n|\n|-heal|p2a: Cofagrigus|73/100|[from] item: Leftovers\n|-damage|p1b: Scizor|94/100 brn|[from] brn\n|upkeep\n|\n|t:|1776134000\n|switch|p2b: Toxapex|Toxapex, L50, F|100/100\n|turn|3\n|\n|t:|1776134020\n|move|p1a: Charizard|Overheat|p2a: Cofagrigus\n|-damage|p2a: Cofagrigus|10/100\n|-unboost|p1a: Charizard|spa|2\n|move|p1b: Scizor|Swords Dance|p1b: Scizor\n|-boost|p1b: Scizor|atk|2\n|move|p2b: Toxapex|Chilling Water|p1b: Scizor\n|-damage|p1b: Scizor|84/100 brn\n|-unboost|p1b: Scizor|atk|1\n|move|p2a: Cofagrigus|Body Press|p1b: Scizor\n|-damage|p1b: Scizor|58/100 brn\n|\n|-heal|p2a: Cofagrigus|16/100|[from] item: Leftovers\n|-damage|p1b: Scizor|52/100 brn|[from] brn\n|upkeep\n|turn|4\n|inactive|akechi_c has 30 seconds left.\n|inactive|akechi_c has 20 seconds left.\n|inactive|akechi_c has 15 seconds left.\n|\n|t:|1776134061\n|move|p1a: Charizard|Heat Wave|p2b: Toxapex|[spread] p2a,p2b\n|-resisted|p2b: Toxapex|1\n|-damage|p2a: Cofagrigus|0 fnt\n|-damage|p2b: Toxapex|95/100\n|faint|p2a: Cofagrigus\n|move|p1b: Scizor|Close Combat|p2b: Toxapex\n|-resisted|p2b: Toxapex|1\n|-damage|p2b: Toxapex|70/100\n|-unboost|p1b: Scizor|def|1\n|-unboost|p1b: Scizor|spd|1\n|move|p2b: Toxapex|Toxic|p1a: Charizard\n|-status|p1a: Charizard|tox\n|\n|-damage|p1a: Charizard|45/100 tox|[from] psn\n|-damage|p1b: Scizor|46/100 brn|[from] brn\n|upkeep\n|\n|t:|1776134072\n|switch|p2a: Rotom|Rotom-Heat, L50|100/100\n|turn|5\n|\n|t:|1776134088\n|move|p1a: Charizard|Helping Hand|p1b: Scizor\n|-singleturn|p1b: Scizor|Helping Hand|[of] p1a: Charizard\n|move|p2a: Rotom|Overheat|p1b: Scizor\n|-supereffective|p1b: Scizor|2\n|-damage|p1b: Scizor|0 fnt\n|-unboost|p2a: Rotom|spa|2\n|faint|p1b: Scizor\n|move|p2b: Toxapex|Recover|p2b: Toxapex\n|-heal|p2b: Toxapex|100/100\n|\n|-damage|p1a: Charizard|33/100 tox|[from] psn\n|upkeep\n|\n|t:|1776134094\n|switch|p1b: Ceruledge|Ceruledge, L50, F, shiny|100/100\n|-damage|p1b: Ceruledge|76/100|[from] Stealth Rock\n|-status|p1b: Ceruledge|psn\n|turn|6\n|\n|t:|1776134109\n|move|p1a: Charizard|Protect|p1a: Charizard\n|-singleturn|p1a: Charizard|Protect\n|move|p2a: Rotom|Overheat|p1a: Charizard\n|-activate|p1a: Charizard|move: Protect\n|move|p1b: Ceruledge|Solar Blade||[still]\n|-prepare|p1b: Ceruledge|Solar Blade\n|move|p2b: Toxapex|Chilling Water|p1b: Ceruledge\n|-supereffective|p1b: Ceruledge|1\n|-damage|p1b: Ceruledge|55/100 psn\n|-unboost|p1b: Ceruledge|atk|1\n|-enditem|p1b: Ceruledge|White Herb\n|-clearnegativeboost|p1b: Ceruledge|[silent]\n|\n|-damage|p1a: Charizard|15/100 tox|[from] psn\n|-damage|p1b: Ceruledge|43/100 psn|[from] psn\n|upkeep\n|turn|7\n|\n|t:|1776134128\n|move|p1a: Charizard|Helping Hand|p1b: Ceruledge\n|-singleturn|p1b: Ceruledge|Helping Hand|[of] p1a: Charizard\n|move|p2b: Toxapex|Baneful Bunker|p2b: Toxapex\n|-singleturn|p2b: Toxapex|move: Protect\n|move|p2a: Rotom|Overheat|p1a: Charizard\n|-resisted|p1a: Charizard|1\n|-damage|p1a: Charizard|0 fnt\n|-unboost|p2a: Rotom|spa|2\n|faint|p1a: Charizard\n|move|p1b: Ceruledge|Solar Blade|p2b: Toxapex|[from] lockedmove\n|-activate|p2b: Toxapex|move: Protect\n|\n|-damage|p1b: Ceruledge|31/100 psn|[from] psn\n|upkeep\n|turn|8\n|\n|t:|1776134145\n|move|p2a: Rotom|Overheat|p1b: Ceruledge\n|-start|p1b: Ceruledge|ability: Flash Fire\n|move|p1b: Ceruledge|Bitter Blade|p2b: Toxapex\n|-resisted|p2b: Toxapex|1\n|-damage|p2b: Toxapex|70/100\n|-heal|p1b: Ceruledge|44/100 psn|[from] drain|[of] p2b: Toxapex\n|move|p2b: Toxapex|Chilling Water|p1b: Ceruledge\n|-supereffective|p1b: Ceruledge|1\n|-damage|p1b: Ceruledge|21/100 psn\n|-unboost|p1b: Ceruledge|atk|1\n|\n|-damage|p1b: Ceruledge|9/100 psn|[from] psn\n|upkeep\n|turn|9\n|-message|1xPIxR forfeited.\n|\n|win|akechi_c\n|raw|1xPIxR's rating: 1093 &rarr; <strong>1071</strong><br />(-22 for losing)\n|raw|akechi_c's rating: 1122 &rarr; <strong>1145</strong><br />(+23 for winning)\n|l|\u26061xPIxR\n|player|p1|\n",
  "uploadtime": 1776134167,
  "views": 14,
  "formatid": "gen9championsvgc2026regma",
  "rating": 1071,
  "private": 0,
  "password": null
}