{
  "id": "gen9championsvgc2026regma-2583383917",
  "format": "[Gen 9 Champions] VGC 2026 Reg M-A",
  "players": [
    "heartbreaker7",
    "game a"
  ],
  "log": "|j|\u2606heartbreaker7\n|j|\u2606game a\n|t:|1776171888\n|gametype|doubles\n|player|p1|heartbreaker7|red-masters2|\n|player|p2|game a|skierf|\n|gen|9\n|tier|[Gen 9 Champions] VGC 2026 Reg M-A\n|rule|Species Clause: Limit one of each Pok\u00e9mon\n|rule|Item Clause: Limit 1 of each item\n|clearpoke\n|poke|p1|Incineroar, L50, M|\n|poke|p1|Gyarados, L50, M|\n|poke|p1|Venusaur, L50, F|\n|poke|p1|Alcremie-Rainbow-Swirl, L50, F|\n|poke|p1|Garchomp, L50, F|\n|poke|p1|Zoroark-Hisui, L50, M|\n|poke|p2|Glimmora, L50, F|\n|poke|p2|Skeledirge, L50, F|\n|poke|p2|Goodra, L50, M|\n|poke|p2|Vivillon-Garden, L50, M|\n|poke|p2|Alcremie, L50, F|\n|poke|p2|Samurott, L50, F|\n|teampreview|4\nheartbreaker7 rejected open team sheets.\n|\n|t:|1776171921\n|teamsize|p1|4\n|teamsize|p2|4\n|start\n|switch|p1a: Hercules|Incineroar, L50, M|100/100\n|switch|p1b: Hammerhead|Garchomp, L50, F|100/100\n|switch|p2a: Vivillon|Vivillon-Garden, L50, M|100/100\n|switch|p2b: Goodra|Goodra, L50, M|100/100\n|turn|1\n|\n|t:|1776171956\n|switch|p1a: Hercules|Incineroar, L50, M|100/100\n|-ability|p1a: Hercules|Intimidate|boost\n|-unboost|p2a: Vivillon|atk|1\n|-unboost|p2b: Goodra|atk|1\n|-enditem|p2a: Vivillon|White Herb\n|-clearnegativeboost|p2a: Vivillon|[silent]\n|move|p2b: Goodra|Protect|p2b: Goodra\n|-singleturn|p2b: Goodra|Protect\n|move|p1b: Hammerhead|Rock Slide|p2a: Vivillon|[spread] p2a\n|-activate|p2b: Goodra|move: Protect\n|-supereffective|p2a: Vivillon|2\n|-damage|p2a: Vivillon|0 fnt\n|faint|p2a: Vivillon\n|\n|upkeep\n|\n|t:|1776171969\n|switch|p2a: Samurott|Samurott, L50, F|100/100\n|turn|2\n|\n|t:|1776171980\n|move|p1a: Hercules|Fake Out|p2a: Samurott\n|-damage|p2a: Samurott|90/100\n|move|p1b: Hammerhead|Dragon Claw|p2b: Goodra\n|-supereffective|p2b: Goodra|1\n|-damage|p2b: Goodra|0 fnt\n|-ability|p2b: Goodra|Gooey\n|-unboost|p1b: Hammerhead|spe|1\n|faint|p2b: Goodra\n|cant|p2a: Samurott|flinch\n|\n|upkeep\n|\n|t:|1776171985\n|switch|p2b: Skeledirge|Skeledirge, L50, F|100/100\n|turn|3\n|\n|t:|1776171994\n|move|p2b: Skeledirge|Protect|p2b: Skeledirge\n|-singleturn|p2b: Skeledirge|Protect\n|move|p1a: Hercules|Protect|p1a: Hercules\n|-singleturn|p1a: Hercules|Protect\n|move|p1b: Hammerhead|Earthquake|p2b: Skeledirge|[spread] p2a\n|-activate|p1a: Hercules|move: Protect\n|-activate|p2b: Skeledirge|move: Protect\n|-damage|p2a: Samurott|49/100\n|move|p2a: Samurott|Sacred Sword|p1a: Hercules\n|-activate|p1a: Hercules|move: Protect\n|\n|upkeep\n|turn|4\n|\n|t:|1776172010\n|switch|p1a: Blitz|Gyarados, L50, M|100/100\n|-ability|p1a: Blitz|Intimidate|boost\n|-unboost|p2a: Samurott|atk|1\n|-unboost|p2b: Skeledirge|atk|1\n|move|p1b: Hammerhead|Earthquake|p2a: Samurott|[spread] p2a,p2b\n|-immune|p1a: Blitz\n|-supereffective|p2b: Skeledirge|1\n|-damage|p2a: Samurott|9/100\n|-damage|p2b: Skeledirge|28/100\n|-enditem|p2b: Skeledirge|Sitrus Berry|[eat]\n|-heal|p2b: Skeledirge|53/100|[from] item: Sitrus Berry\n|move|p2a: Samurott|Waterfall|p1b: Hammerhead\n|-crit|p1b: Hammerhead\n|-damage|p1b: Hammerhead|43/100\n|-damage|p2a: Samurott|0 fnt|[from] ability: Rough Skin|[of] p1b: Hammerhead\n|faint|p2a: Samurott\n|move|p2b: Skeledirge|Yawn|p1b: Hammerhead\n|-start|p1b: Hammerhead|move: Yawn|[of] p2b: Skeledirge\n|\n|upkeep\n|turn|5\n|\n|t:|1776172032\n|detailschange|p1a: Blitz|Gyarados-Mega, L50, M\n|-mega|p1a: Blitz|Gyarados|Gyaradosite\n|-ability|p1a: Blitz|Mold Breaker\n|move|p1b: Hammerhead|Protect|p1b: Hammerhead\n|-singleturn|p1b: Hammerhead|Protect\n|move|p1a: Blitz|Waterfall|p2b: Skeledirge\n|-supereffective|p2b: Skeledirge|1\n|-damage|p2b: Skeledirge|0 fnt\n|faint|p2b: Skeledirge\n|\n|win|heartbreaker7\n|l|\u2606game a\n|player|p2|\n",
  "uploadtime": 1776172042,
  "views": 23,
  "formatid": "gen9championsvgc2026regma",
  "rating": null,
  "private": 0,
  "password": null
}