{
  "id": "gen9championsvgc2026regma-2585571059",
  "format": "[Gen 9 Champions] VGC 2026 Reg M-A",
  "players": [
    "TheKoopaBoy",
    "assault111"
  ],
  "log": "|j|\u2606TheKoopaBoy\n|j|\u2606assault111\n|t:|1776356242\n|gametype|doubles\n|player|p1|TheKoopaBoy|blue|1319\n|player|p2|assault111|blue|1237\n|gen|9\n|tier|[Gen 9 Champions] VGC 2026 Reg M-A\n|rated|\n|rule|Species Clause: Limit one of each Pok\u00e9mon\n|rule|Item Clause: Limit 1 of each item\n|clearpoke\n|poke|p1|Farigiraf, L50, M|\n|poke|p1|Kingambit, L50, F|\n|poke|p1|Scovillain, L50, F|\n|poke|p1|Sneasler, L50, M|\n|poke|p1|Torkoal, L50, F|\n|poke|p1|Araquanid, L50, M|\n|poke|p2|Scizor, L50, F|\n|poke|p2|Hydreigon, L50, F|\n|poke|p2|Orthworm, L50, M|\n|poke|p2|Garchomp, L50, F|\n|poke|p2|Gardevoir, L50, F|\n|poke|p2|Incineroar, L50, F|\n|teampreview|4\n|inactive|Battle timer is ON: inactive players will automatically lose when time's up. (requested by TheKoopaBoy)\n|inactive|assault111 has 60 seconds left.\n|\n|t:|1776356301\n|teamsize|p1|4\n|teamsize|p2|4\n|start\n|switch|p1a: Farigiraf|Farigiraf, L50, M|100/100\n|switch|p1b: Sneasler|Sneasler, L50, M, shiny|100/100\n|switch|p2a: Garchomp|Garchomp, L50, F|100/100\n|switch|p2b: Gardevoir|Gardevoir, L50, F|100/100\n|turn|1\n|inactive|TheKoopaBoy has 30 seconds left.\n|\n|t:|1776356327\n|move|p1b: Sneasler|Fake Out|p2b: Gardevoir\n|-damage|p2b: Gardevoir|83/100\n|move|p2a: Garchomp|Earthquake|p1a: Farigiraf|[spread] p1a,p1b\n|-activate|p2b: Gardevoir|ability: Telepathy\n|-supereffective|p1b: Sneasler|1\n|-damage|p1a: Farigiraf|59/100\n|-damage|p1b: Sneasler|0 fnt\n|faint|p1b: Sneasler\n|cant|p2b: Gardevoir|flinch\n|move|p1a: Farigiraf|Trick Room|p1a: Farigiraf\n|-fieldstart|move: Trick Room|[of] p1a: Farigiraf\n|\n|upkeep\n|inactive|TheKoopaBoy has 30 seconds left.\n|\n|t:|1776356361\n|switch|p1b: Scovillain|Scovillain, L50, F|100/100\n|turn|2\n|\n|t:|1776356374\n|detailschange|p1b: Scovillain|Scovillain-Mega, L50, F\n|-mega|p1b: Scovillain|Scovillain|Scovillainite\n|move|p2b: Gardevoir|Helping Hand|p2a: Garchomp\n|-singleturn|p2a: Garchomp|Helping Hand|[of] p2b: Gardevoir\n|move|p1a: Farigiraf|Twin Beam|p2a: Garchomp\n|-damage|p2a: Garchomp|79/100\n|-damage|p2a: Garchomp|59/100\n|-hitcount|p2a: Garchomp|2\n|move|p1b: Scovillain|Leaf Storm|p2a: Garchomp\n|-damage|p2a: Garchomp|0 fnt\n|-unboost|p1b: Scovillain|spa|2\n|faint|p2a: Garchomp\n|\n|upkeep\n|\n|t:|1776356385\n|switch|p2a: Orthworm|Orthworm, L50, M|100/100\n|turn|3\n|inactive|assault111 has 30 seconds left.\n|\n|t:|1776356417\n|switch|p1a: Torkoal|Torkoal, L50, F|100/100\n|-weather|SunnyDay|[from] ability: Drought|[of] p1a: Torkoal\n|move|p2a: Orthworm|Coil|p2a: Orthworm\n|-boost|p2a: Orthworm|atk|1\n|-boost|p2a: Orthworm|def|1\n|-boost|p2a: Orthworm|accuracy|1\n|move|p1b: Scovillain|Overheat|p2a: Orthworm\n|-supereffective|p2a: Orthworm|1\n|-damage|p2a: Orthworm|0 fnt\n|-unboost|p1b: Scovillain|spa|2\n|faint|p2a: Orthworm\n|move|p2b: Gardevoir|Psychic|p1b: Scovillain\n|-damage|p1b: Scovillain|50/100\n|-status|p2b: Gardevoir|brn|[from] ability: Spicy Spray|[of] p1b: Scovillain\n|\n|-weather|SunnyDay|[upkeep]\n|-damage|p2b: Gardevoir|77/100 brn|[from] brn\n|upkeep\n|\n|t:|1776356426\n|switch|p2a: german spy|Hydreigon, L50, F|100/100\n|turn|4\n|\n|t:|1776356437\n|move|p2a: german spy|Protect|p2a: german spy\n|-singleturn|p2a: german spy|Protect\n|move|p1b: Scovillain|Rage Powder|p1b: Scovillain\n|-singleturn|p1b: Scovillain|move: Rage Powder\n|move|p1a: Torkoal|Eruption|p2b: Gardevoir|[spread] p2b\n|-activate|p2a: german spy|move: Protect\n|-damage|p2b: Gardevoir|0 fnt\n|faint|p2b: Gardevoir\n|\n|-weather|SunnyDay|[upkeep]\n|upkeep\n|turn|5\n|\n|t:|1776356453\n|move|p2a: german spy|Protect||[still]\n|-fail|p2a: german spy\n|move|p1b: Scovillain|Rage Powder|p1b: Scovillain\n|-singleturn|p1b: Scovillain|move: Rage Powder\n|move|p1a: Torkoal|Eruption|p2a: german spy\n|-resisted|p2a: german spy|1\n|-damage|p2a: german spy|29/100\n|\n|-weather|SunnyDay|[upkeep]\n|-fieldend|move: Trick Room\n|upkeep\n|turn|6\n|\n|t:|1776356462\n|move|p1b: Scovillain|Rage Powder|p1b: Scovillain\n|-singleturn|p1b: Scovillain|move: Rage Powder\n|move|p2a: german spy|Draco Meteor|p1b: Scovillain\n|-damage|p1b: Scovillain|0 fnt\n|-unboost|p2a: german spy|spa|2\n|-status|p2a: german spy|brn|[from] ability: Spicy Spray|[of] p1b: Scovillain\n|faint|p1b: Scovillain\n|move|p1a: Torkoal|Eruption|p2a: german spy\n|-resisted|p2a: german spy|1\n|-damage|p2a: german spy|0 fnt\n|faint|p2a: german spy\n|\n|win|TheKoopaBoy\n|raw|TheKoopaBoy's rating: 1319 &rarr; <strong>1334</strong><br />(+15 for winning)\n|raw|assault111's rating: 1237 &rarr; <strong>1218</strong><br />(-19 for losing)\n|l|\u2606assault111\n|player|p2|\n",
  "uploadtime": 1776356476,
  "views": 41,
  "formatid": "gen9championsvgc2026regma",
  "rating": 1218,
  "private": 0,
  "password": null
}