{
  "id": "gen9championsvgc2026regma-2585908902",
  "format": "[Gen 9 Champions] VGC 2026 Reg M-A",
  "players": [
    "rainingdown0",
    "Alembic"
  ],
  "log": "|j|\u2606rainingdown0\n|j|\u2606Alembic\n|t:|1776380492\n|gametype|doubles\n|player|p1|rainingdown0|waitress|1500\n|player|p2|Alembic|acetrainer-gen4dp|1488\n|gen|9\n|tier|[Gen 9 Champions] VGC 2026 Reg M-A\n|rated|\n|rule|Species Clause: Limit one of each Pok\u00e9mon\n|rule|Item Clause: Limit 1 of each item\n|clearpoke\n|poke|p1|Tyranitar, L50, M|\n|poke|p1|Excadrill, L50, F|\n|poke|p1|Talonflame, L50, M|\n|poke|p1|Sinistcha, L50|\n|poke|p1|Sneasler, L50, F|\n|poke|p1|Milotic, L50, F|\n|poke|p2|Floette-Eternal, L50, F|\n|poke|p2|Sneasler, L50, M|\n|poke|p2|Sinistcha, L50|\n|poke|p2|Incineroar, L50, F|\n|poke|p2|Pelipper, L50, F|\n|poke|p2|Archaludon, L50, M|\n|teampreview|4\n|inactive|Battle timer is ON: inactive players will automatically lose when time's up. (requested by Alembic)\n|inactive|rainingdown0 also wants the timer to be on.\n|\n|t:|1776380516\n|teamsize|p1|4\n|teamsize|p2|4\n|start\n|switch|p1a: Talonflame|Talonflame, L50, M|100/100\n|switch|p1b: Tyranitar|Tyranitar, L50, M|100/100\n|switch|p2a: Floette|Floette-Eternal, L50, F|100/100\n|switch|p2b: Sneasler|Sneasler, L50, M|100/100\n|-weather|Sandstorm|[from] ability: Sand Stream|[of] p1b: Tyranitar\n|turn|1\n|\n|t:|1776380535\n|detailschange|p2a: Floette|Floette-Mega, L50, F\n|-mega|p2a: Floette|Floette|Floettite\n|-ability|p2a: Floette|Fairy Aura\n|detailschange|p1b: Tyranitar|Tyranitar-Mega, L50, M\n|-mega|p1b: Tyranitar|Tyranitar|Tyranitarite\n|move|p1a: Talonflame|Upper Hand|p2b: Sneasler\n|-resisted|p2b: Sneasler|1\n|-damage|p2b: Sneasler|89/100\n|cant|p2b: Sneasler|flinch\n|move|p2a: Floette|Moonblast|p1b: Tyranitar\n|-supereffective|p1b: Tyranitar|1\n|-damage|p1b: Tyranitar|18/100\n|move|p1b: Tyranitar|Rock Slide|p2b: Sneasler|[spread] p2a\n|-miss|p1b: Tyranitar|p2b: Sneasler\n|-damage|p2a: Floette|52/100\n|\n|-weather|Sandstorm|[upkeep]\n|-damage|p1a: Talonflame|95/100|[from] Sandstorm\n|-damage|p2b: Sneasler|83/100|[from] Sandstorm\n|-damage|p2a: Floette|46/100|[from] Sandstorm\n|-heal|p1a: Talonflame|100/100|[from] item: Leftovers\n|upkeep\n|turn|2\n|inactive|rainingdown0 has 30 seconds left.\n|inactive|Alembic has 30 seconds left.\n|inactive|Alembic has 20 seconds left.\n|\n|t:|1776380573\n|switch|p2a: Archaludon|Archaludon, L50, M|100/100\n|move|p1b: Tyranitar|Protect|p1b: Tyranitar\n|-singleturn|p1b: Tyranitar|Protect\n|move|p1a: Talonflame|Tailwind|p1a: Talonflame\n|-sidestart|p1: rainingdown0|move: Tailwind\n|move|p2b: Sneasler|U-turn|p1b: Tyranitar\n|-activate|p1b: Tyranitar|move: Protect\n|\n|-weather|Sandstorm|[upkeep]\n|-damage|p1a: Talonflame|95/100|[from] Sandstorm\n|-damage|p2b: Sneasler|77/100|[from] Sandstorm\n|-heal|p1a: Talonflame|100/100|[from] item: Leftovers\n|upkeep\n|turn|3\n|\n|t:|1776380596\n|switch|p2b: Pelipper|Pelipper, L50, F|100/100\n|-weather|RainDance|[from] ability: Drizzle|[of] p2b: Pelipper\n|move|p1a: Talonflame|Brave Bird|p2b: Pelipper\n|-damage|p2b: Pelipper|68/100\n|-damage|p1a: Talonflame|91/100|[from] Recoil\n|move|p1b: Tyranitar|Knock Off|p2a: Archaludon\n|-damage|p2a: Archaludon|50/100\n|-ability|p2a: Archaludon|Stamina|boost\n|-boost|p2a: Archaludon|def|1\n|-enditem|p2a: Archaludon|Leftovers|[from] move: Knock Off|[of] p1b: Tyranitar\n|move|p2a: Archaludon|Electro Shot||[still]\n|-prepare|p2a: Archaludon|Electro Shot\n|-boost|p2a: Archaludon|spa|1\n|-anim|p2a: Archaludon|Electro Shot|p1a: Talonflame\n|-supereffective|p1a: Talonflame|1\n|-damage|p1a: Talonflame|0 fnt\n|faint|p1a: Talonflame\n|\n|-weather|RainDance|[upkeep]\n|upkeep\n|\n|t:|1776380617\n|switch|p1a: Sneasler|Sneasler, L50, F|100/100\n|turn|4\n|inactive|Alembic has 30 seconds left.\n|\n|t:|1776380657\n|switch|p1b: Excadrill|Excadrill, L50, F|100/100\n|switch|p2a: Sneasler|Sneasler, L50, M|77/100\n|move|p2b: Pelipper|Wide Guard|p2b: Pelipper\n|-singleturn|p2b: Pelipper|Wide Guard\n|move|p1a: Sneasler|Close Combat|p2a: Sneasler\n|-resisted|p2a: Sneasler|1\n|-damage|p2a: Sneasler|15/100\n|-unboost|p1a: Sneasler|def|1\n|-unboost|p1a: Sneasler|spd|1\n|-enditem|p1a: Sneasler|White Herb\n|-clearnegativeboost|p1a: Sneasler|[silent]\n|\n|-weather|RainDance|[upkeep]\n|upkeep\n|turn|5\n|\n|t:|1776380676\n|move|p1a: Sneasler|Protect|p1a: Sneasler\n|-singleturn|p1a: Sneasler|Protect\n|move|p1b: Excadrill|Protect|p1b: Excadrill\n|-singleturn|p1b: Excadrill|Protect\n|move|p2a: Sneasler|Fake Out|p1b: Excadrill\n|-activate|p1b: Excadrill|move: Protect\n|move|p2b: Pelipper|Tailwind|p2b: Pelipper\n|-sidestart|p2: Alembic|move: Tailwind\n|\n|-weather|RainDance|[upkeep]\n|-sideend|p1: rainingdown0|move: Tailwind\n|upkeep\n|turn|6\n|inactive|Alembic has 30 seconds left.\n|inactive|Alembic has 20 seconds left.\n|\n|t:|1776380716\n|switch|p1a: Tyranitar|Tyranitar-Mega, L50, M|18/100\n|-weather|Sandstorm|[from] ability: Sand Stream|[of] p1a: Tyranitar\n|move|p2a: Sneasler|Close Combat|p1b: Excadrill\n|-supereffective|p1b: Excadrill|1\n|-enditem|p1b: Excadrill|Focus Sash\n|-damage|p1b: Excadrill|1/100\n|-unboost|p2a: Sneasler|def|1\n|-unboost|p2a: Sneasler|spd|1\n|move|p1b: Excadrill|Iron Head|p2a: Sneasler\n|-damage|p2a: Sneasler|0 fnt\n|faint|p2a: Sneasler\n|move|p2b: Pelipper|Weather Ball|p1a: Tyranitar\n|-damage|p1a: Tyranitar|5/100\n|\n|-weather|Sandstorm|[upkeep]\n|-damage|p2b: Pelipper|62/100|[from] Sandstorm\n|upkeep\n|\n|t:|1776380728\n|switch|p2a: Floette|Floette-Mega, L50, F|46/100\n|-ability|p2a: Floette|Fairy Aura\n|turn|7\n|\n|t:|1776380740\n|switch|p2b: Archaludon|Archaludon, L50, M|50/100\n|move|p2a: Floette|Dazzling Gleam|p1b: Excadrill|[spread] p1a,p1b\n|-supereffective|p1a: Tyranitar|1\n|-crit|p1a: Tyranitar\n|-resisted|p1b: Excadrill|1\n|-damage|p1a: Tyranitar|0 fnt\n|-damage|p1b: Excadrill|0 fnt\n|faint|p1a: Tyranitar\n|faint|p1b: Excadrill\n|\n|-weather|Sandstorm|[upkeep]\n|-damage|p2a: Floette|40/100|[from] Sandstorm\n|upkeep\n|\n|t:|1776380752\n|switch|p1b: Sneasler|Sneasler, L50, F|100/100\n|turn|8\n|\n|t:|1776380759\n|move|p2a: Floette|Moonblast|p1b: Sneasler\n|-damage|p1b: Sneasler|1/100\n|move|p2b: Archaludon|Draco Meteor|p1b: Sneasler\n|-damage|p1b: Sneasler|0 fnt\n|-unboost|p2b: Archaludon|spa|2\n|faint|p1b: Sneasler\n|\n|win|Alembic\n|raw|rainingdown0's rating: 1500 &rarr; <strong>1479</strong><br />(-21 for losing)\n|raw|Alembic's rating: 1488 &rarr; <strong>1509</strong><br />(+21 for winning)\n|l|\u2606Alembic\n|player|p2|\n|l|\u2606rainingdown0\n|player|p1|\n",
  "uploadtime": 1776380886,
  "views": 39,
  "formatid": "gen9championsvgc2026regma",
  "rating": 1479,
  "private": 0,
  "password": null
}