{
  "id": "gen9championsvgc2026regma-2581309544",
  "format": "[Gen 9 Champions] VGC 2026 Reg M-A",
  "players": [
    "erezethan88",
    "Jkonek"
  ],
  "log": "|j|\u2606erezethan88\n|j|\u2606Jkonek\n|t:|1775984718\n|gametype|doubles\n|player|p1|erezethan88|169|1086\n|player|p2|Jkonek|bellelba|1078\n|gen|9\n|tier|[Gen 9 Champions] VGC 2026 Reg M-A\n|rated|\n|rule|Species Clause: Limit one of each Pok\u00e9mon\n|rule|Item Clause: Limit 1 of each item\n|clearpoke\n|poke|p1|Arcanine, L50, F|\n|poke|p1|Sneasler, L50, F|\n|poke|p1|Kingambit, L50, F|\n|poke|p1|Farigiraf, L50, F|\n|poke|p1|Froslass, L50, F|\n|poke|p1|Rotom-Frost, L50|\n|poke|p2|Froslass, L50, F|\n|poke|p2|Ninetales-Alola, L50, F|\n|poke|p2|Feraligatr, L50, F|\n|poke|p2|Whimsicott, L50, F|\n|poke|p2|Incineroar, L50, M|\n|poke|p2|Arcanine-Hisui, L50, F|\n|teampreview|4\n|\n|t:|1775984760\n|teamsize|p1|4\n|teamsize|p2|4\n|start\n|switch|p1a: Sneasler|Sneasler, L50, F|100/100\n|switch|p1b: Arcanine|Arcanine, L50, F|100/100\n|switch|p2a: Froslass|Froslass, L50, F, shiny|100/100\n|switch|p2b: Arcanine|Arcanine-Hisui, L50, F, shiny|100/100\n|-ability|p2b: Arcanine|Intimidate|boost\n|-unboost|p1a: Sneasler|atk|1\n|-unboost|p1b: Arcanine|atk|1\n|-ability|p1b: Arcanine|Intimidate|boost\n|-unboost|p2a: Froslass|atk|1\n|-unboost|p2b: Arcanine|atk|1\n|turn|1\n|\n|t:|1775984777\n|switch|p2a: Incineroar|Incineroar, L50, M, shiny|100/100\n|-ability|p2a: Incineroar|Intimidate|boost\n|-unboost|p1a: Sneasler|atk|1\n|-unboost|p1b: Arcanine|atk|1\n|move|p2b: Arcanine|Flare Blitz|p1a: Sneasler\n|-damage|p1a: Sneasler|37/100\n|-damage|p2b: Arcanine|81/100|[from] Recoil\n|move|p1a: Sneasler|Close Combat|p2b: Arcanine\n|-supereffective|p2b: Arcanine|1\n|-damage|p2b: Arcanine|0 fnt\n|-unboost|p1a: Sneasler|def|1\n|-unboost|p1a: Sneasler|spd|1\n|faint|p2b: Arcanine\n|move|p1b: Arcanine|Snarl|p2a: Incineroar|[miss]\n|-miss|p1b: Arcanine|p2a: Incineroar\n|\n|upkeep\n|\n|t:|1775984794\n|switch|p2b: Feraligatr|Feraligatr, L50, F, shiny|100/100\n|turn|2\n|\n|t:|1775984811\n|switch|p1a: Farigiraf|Farigiraf, L50, F|100/100\n|move|p1b: Arcanine|Protect|p1b: Arcanine\n|-singleturn|p1b: Arcanine|Protect\n|move|p2a: Incineroar|Fake Out||[still]\n|cant|p1a: Farigiraf|ability: Armor Tail|Fake Out|[of] p2a: Incineroar\n|move|p2b: Feraligatr|Liquidation|p1b: Arcanine\n|-activate|p1b: Arcanine|move: Protect\n|\n|upkeep\n|turn|3\n|\n|t:|1775984835\n|switch|p1b: Kingambit|Kingambit, L50, F|100/100\n|move|p2b: Feraligatr|Liquidation|p1b: Kingambit\n|-damage|p1b: Kingambit|63/100\n|move|p2a: Incineroar|Darkest Lariat|p1a: Farigiraf\n|-supereffective|p1a: Farigiraf|1\n|-damage|p1a: Farigiraf|24/100\n|-enditem|p1a: Farigiraf|Sitrus Berry|[eat]\n|-heal|p1a: Farigiraf|49/100|[from] item: Sitrus Berry\n|move|p1a: Farigiraf|Hyper Voice|p2b: Feraligatr|[spread] p2a,p2b\n|-damage|p2a: Incineroar|78/100\n|-damage|p2b: Feraligatr|67/100\n|\n|upkeep\n|turn|4\n|\n|t:|1775984859\n|detailschange|p2b: Feraligatr|Feraligatr-Mega, L50, F, shiny\n|-mega|p2b: Feraligatr|Feraligatr|Feraligite\n|move|p1a: Farigiraf|Protect|p1a: Farigiraf\n|-singleturn|p1a: Farigiraf|Protect\n|move|p2b: Feraligatr|Double-Edge|p1a: Farigiraf\n|-activate|p1a: Farigiraf|move: Protect\n|move|p2a: Incineroar|Flare Blitz|p1b: Kingambit\n|-supereffective|p1b: Kingambit|1\n|-damage|p1b: Kingambit|0 fnt\n|faint|p1b: Kingambit\n|-damage|p2a: Incineroar|57/100|[from] Recoil\n|\n|upkeep\n|\n|t:|1775984872\n|switch|p1b: Sneasler|Sneasler, L50, F|37/100\n|turn|5\n|\n|t:|1775984888\n|switch|p2a: Froslass|Froslass, L50, F, shiny|100/100\n|move|p1b: Sneasler|Close Combat|p2b: Feraligatr\n|-damage|p2b: Feraligatr|8/100\n|-unboost|p1b: Sneasler|def|1\n|-unboost|p1b: Sneasler|spd|1\n|move|p2b: Feraligatr|Liquidation|p1b: Sneasler\n|-damage|p1b: Sneasler|0 fnt\n|faint|p1b: Sneasler\n|move|p1a: Farigiraf|Psychic|p2b: Feraligatr\n|-damage|p2b: Feraligatr|0 fnt\n|faint|p2b: Feraligatr\n|\n|upkeep\n|\n|t:|1775984898\n|switch|p1b: Arcanine|Arcanine, L50, F|100/100\n|switch|p2b: Incineroar|Incineroar, L50, M, shiny|57/100\n|-ability|p1b: Arcanine|Intimidate|boost\n|-unboost|p2a: Froslass|atk|1\n|-unboost|p2b: Incineroar|atk|1\n|-ability|p2b: Incineroar|Intimidate|boost\n|-unboost|p1a: Farigiraf|atk|1\n|-unboost|p1b: Arcanine|atk|1\n|turn|6\n|\n|t:|1775984910\n|move|p2a: Froslass|Protect|p2a: Froslass\n|-singleturn|p2a: Froslass|Protect\n|move|p1b: Arcanine|Flare Blitz|p2a: Froslass\n|-activate|p2a: Froslass|move: Protect\n|move|p1a: Farigiraf|Hyper Voice|p2a: Froslass|[spread] p2b\n|-activate|p2a: Froslass|move: Protect\n|-damage|p2b: Incineroar|33/100\n|-enditem|p2b: Incineroar|Sitrus Berry|[eat]\n|-heal|p2b: Incineroar|57/100|[from] item: Sitrus Berry\n|move|p2b: Incineroar|Darkest Lariat|p1a: Farigiraf\n|-supereffective|p1a: Farigiraf|1\n|-damage|p1a: Farigiraf|0 fnt\n|faint|p1a: Farigiraf\n|\n|upkeep\n|turn|7\n|\n|t:|1775984927\n|move|p2a: Froslass|Shadow Ball|p1b: Arcanine\n|-damage|p1b: Arcanine|64/100\n|move|p1b: Arcanine|Flare Blitz|p2a: Froslass\n|-supereffective|p2a: Froslass|1\n|-damage|p2a: Froslass|0 fnt\n|faint|p2a: Froslass\n|-damage|p1b: Arcanine|40/100|[from] Recoil\n|move|p2b: Incineroar|Darkest Lariat|p1b: Arcanine\n|-damage|p1b: Arcanine|8/100\n|\n|-heal|p1b: Arcanine|14/100|[from] item: Leftovers\n|upkeep\n|turn|8\n|\n|t:|1775984945\n|move|p1b: Arcanine|Flare Blitz|p2b: Incineroar\n|-resisted|p2b: Incineroar|1\n|-damage|p2b: Incineroar|38/100\n|-damage|p1b: Arcanine|7/100|[from] Recoil\n|move|p2b: Incineroar|Darkest Lariat|p1b: Arcanine\n|-damage|p1b: Arcanine|0 fnt\n|faint|p1b: Arcanine\n|\n|win|Jkonek\n|raw|erezethan88's rating: 1086 &rarr; <strong>1063</strong><br />(-23 for losing)\n|raw|Jkonek's rating: 1078 &rarr; <strong>1107</strong><br />(+29 for winning)\n",
  "uploadtime": 1775984947,
  "views": 14,
  "formatid": "gen9championsvgc2026regma",
  "rating": 1063,
  "private": 0,
  "password": null
}