{
  "id": "gen9championsvgc2026regma-2585308915",
  "format": "[Gen 9 Champions] VGC 2026 Reg M-A",
  "players": [
    "Byakugan54321",
    "turo's assistant"
  ],
  "log": "|j|\u203dByakugan54321\n|j|\u2606turo's assistant\n|t:|1776336297\n|gametype|doubles\n|player|p1|Byakugan54321|170|1062\n|player|p2|turo's assistant|scientistf-gen6|1016\n|gen|9\n|tier|[Gen 9 Champions] VGC 2026 Reg M-A\n|rated|\n|rule|Species Clause: Limit one of each Pok\u00e9mon\n|rule|Item Clause: Limit 1 of each item\n|clearpoke\n|poke|p1|Meganium, L50, F|\n|poke|p1|Archaludon, L50, F|\n|poke|p1|Basculegion, L50, M|\n|poke|p1|Maushold, L50|\n|poke|p1|Politoed, L50, M|\n|poke|p1|Talonflame, L50, F|\n|poke|p2|Hatterene, L50, F|\n|poke|p2|Sinistcha, L50|\n|poke|p2|Floette-Eternal, L50, F|\n|poke|p2|Farigiraf, L50, M|\n|poke|p2|Golurk, L50|\n|poke|p2|Araquanid, L50, M|\n|teampreview|4\n|inactive|Battle timer is ON: inactive players will automatically lose when time's up. (requested by turo's assistant)\n|j| Pennys No.1 Fan\n|inactive|Byakugan54321 has 60 seconds left.\n|\n|t:|1776336333\n|teamsize|p1|4\n|teamsize|p2|4\n|start\n|switch|p1a: Politoed|Politoed, L50, M|100/100\n|switch|p1b: Archaludon|Archaludon, L50, F|100/100\n|switch|p2a: Marissa|Hatterene, L50, F|100/100\n|switch|p2b: Sinistcha|Sinistcha, L50|100/100\n|-weather|RainDance|[from] ability: Drizzle|[of] p1a: Politoed\n|turn|1\n|\n|t:|1776336351\n|switch|p1a: Maushold|Maushold, L50|100/100\n|move|p2b: Sinistcha|Rage Powder|p2b: Sinistcha\n|-singleturn|p2b: Sinistcha|move: Rage Powder\n|move|p1b: Archaludon|Electro Shot||[still]\n|-prepare|p1b: Archaludon|Electro Shot\n|-boost|p1b: Archaludon|spa|1\n|-anim|p1b: Archaludon|Electro Shot|p2b: Sinistcha\n|-resisted|p2b: Sinistcha|1\n|-damage|p2b: Sinistcha|60/100\n|move|p2a: Marissa|Trick Room|p2a: Marissa\n|-fieldstart|move: Trick Room|[of] p2a: Marissa\n|\n|-weather|RainDance|[upkeep]\n|upkeep\n|turn|2\n|\n|t:|1776336372\n|move|p2b: Sinistcha|Rage Powder|p2b: Sinistcha\n|-singleturn|p2b: Sinistcha|move: Rage Powder\n|move|p1a: Maushold|Follow Me|p1a: Maushold\n|-singleturn|p1a: Maushold|move: Follow Me\n|move|p2a: Marissa|Swords Dance|p2a: Marissa\n|-boost|p2a: Marissa|atk|2\n|move|p1b: Archaludon|Electro Shot||[still]\n|-prepare|p1b: Archaludon|Electro Shot\n|-boost|p1b: Archaludon|spa|1\n|-anim|p1b: Archaludon|Electro Shot|p2b: Sinistcha\n|-resisted|p2b: Sinistcha|1\n|-damage|p2b: Sinistcha|13/100\n|-enditem|p2b: Sinistcha|Sitrus Berry|[eat]\n|-heal|p2b: Sinistcha|38/100|[from] item: Sitrus Berry\n|\n|-weather|RainDance|[upkeep]\n|upkeep\n|turn|3\n|\n|t:|1776336395\n|move|p2a: Marissa|Play Rough|p1a: Maushold\n|-enditem|p1a: Maushold|Focus Sash\n|-damage|p1a: Maushold|1/100\n|move|p2b: Sinistcha|Matcha Gotcha|p1b: Archaludon|[spread] p1a,p1b\n|-resisted|p1b: Archaludon|2\n|-damage|p1a: Maushold|0 fnt\n|-heal|p2b: Sinistcha|38/100|[from] drain|[of] p1a: Maushold\n|-damage|p1b: Archaludon|92/100\n|-heal|p2b: Sinistcha|43/100|[from] drain|[of] p1b: Archaludon\n|-status|p1b: Archaludon|brn\n|faint|p1a: Maushold\n|move|p1b: Archaludon|Electro Shot||[still]\n|-prepare|p1b: Archaludon|Electro Shot\n|-boost|p1b: Archaludon|spa|1\n|-anim|p1b: Archaludon|Electro Shot|p2b: Sinistcha\n|-resisted|p2b: Sinistcha|1\n|-damage|p2b: Sinistcha|0 fnt\n|faint|p2b: Sinistcha\n|\n|-weather|RainDance|[upkeep]\n|-damage|p1b: Archaludon|86/100 brn|[from] brn\n|upkeep\n|\n|t:|1776336422\n|switch|p2b: Araquanid|Araquanid, L50, M|100/100\n|switch|p1a: Talonflame|Talonflame, L50, F|100/100\n|turn|4\n|inactive|Byakugan54321 has 30 seconds left.\n|\n|t:|1776336450\n|move|p1a: Talonflame|Hurricane|p2b: Araquanid\n|-supereffective|p2b: Araquanid|1\n|-damage|p2b: Araquanid|25/100\n|move|p2a: Marissa|Play Rough|p1b: Archaludon\n|-damage|p1b: Archaludon|12/100 brn\n|move|p2b: Araquanid|Liquidation|p1a: Talonflame\n|-supereffective|p1a: Talonflame|1\n|-damage|p1a: Talonflame|0 fnt\n|faint|p1a: Talonflame\n|move|p1b: Archaludon|Flash Cannon|p2a: Marissa\n|-supereffective|p2a: Marissa|1\n|-enditem|p2a: Marissa|Babiri Berry|[eat]\n|-enditem|p2a: Marissa|Babiri Berry|[weaken]\n|-damage|p2a: Marissa|1/100\n|\n|-weather|RainDance|[upkeep]\n|-damage|p1b: Archaludon|6/100 brn|[from] brn\n|upkeep\n|\n|t:|1776336465\n|switch|p1a: Politoed|Politoed, L50, M|100/100\n|turn|5\n|\n|t:|1776336477\n|move|p1b: Archaludon|Protect|p1b: Archaludon\n|-singleturn|p1b: Archaludon|Protect\n|move|p2a: Marissa|Power Whip|p1a: Politoed\n|-supereffective|p1a: Politoed|1\n|-damage|p1a: Politoed|0 fnt\n|faint|p1a: Politoed\n|move|p2b: Araquanid|Liquidation|p1b: Archaludon\n|-activate|p1b: Archaludon|move: Protect\n|\n|-weather|none\n|-damage|p1b: Archaludon|0 fnt|[from] brn\n|faint|p1b: Archaludon\n|\n|win|turo's assistant\n|raw|Byakugan54321's rating: 1062 &rarr; <strong>1040</strong><br />(-22 for losing)\n|raw|turo&apos;s assistant's rating: 1006 &rarr; <strong>1051</strong><br />(+45 for winning)\n",
  "uploadtime": 1776336481,
  "views": 21,
  "formatid": "gen9championsvgc2026regma",
  "rating": 1040,
  "private": 0,
  "password": null
}