{
  "id": "gen9championsvgc2026regma-2580810590",
  "format": "[Gen 9 Champions] VGC 2026 Reg M-A",
  "players": [
    "CabbageAgain",
    "bobbyshumurda"
  ],
  "log": "|j|\u2606CabbageAgain\n|j|\u2606bobbyshumurda\n|t:|1775934345\n|gametype|doubles\n|player|p1|CabbageAgain|miku-water|1000\n|player|p2|bobbyshumurda|1|1000\n|gen|9\n|tier|[Gen 9 Champions] VGC 2026 Reg M-A\n|rated|\n|rule|Species Clause: Limit one of each Pok\u00e9mon\n|rule|Item Clause: Limit 1 of each item\n|clearpoke\n|poke|p1|Lopunny, L50, F|\n|poke|p1|Aegislash, L50, M|\n|poke|p1|Garchomp, L50, F|\n|poke|p1|Talonflame, L50, F|\n|poke|p2|Clefable, L50, M|\n|poke|p2|Incineroar, L50, F|\n|poke|p2|Dragapult, L50, M|\n|poke|p2|Tyranitar, L50, F|\n|poke|p2|Corviknight, L50, M|\n|poke|p2|Sinistcha, L50|\n|teampreview|4\n|inactive|Battle timer is ON: inactive players will automatically lose when time's up. (requested by CabbageAgain)\n|inactive|CabbageAgain has 60 seconds left.\n|inactive|bobbyshumurda has 60 seconds left.\n|\n|t:|1775934394\n|teamsize|p1|4\n|teamsize|p2|4\n|start\n|switch|p1a: Lopunny|Lopunny, L50, F|100/100\n|switch|p1b: Talonflame|Talonflame, L50, F|100/100\n|switch|p2a: FollowMEEZ|Clefable, L50, M|100/100\n|switch|p2b: MetaSlave|Incineroar, L50, F|100/100\n|-ability|p2b: MetaSlave|Intimidate|boost\n|-unboost|p1a: Lopunny|atk|1\n|-unboost|p1b: Talonflame|atk|1\n|turn|1\n|inactive|bobbyshumurda has 30 seconds left.\n|inactive|bobbyshumurda has 20 seconds left.\n|inactive|bobbyshumurda has 15 seconds left.\n|inactive|bobbyshumurda has 10 seconds left.\n|inactive|bobbyshumurda has 5 seconds left.\n|\n|t:|1775934445\n|switch|p1b: Garchomp|Garchomp, L50, F|100/100\n|detailschange|p2a: FollowMEEZ|Clefable-Mega, L50, M\n|-mega|p2a: FollowMEEZ|Clefable|Clefablite\n|move|p2b: MetaSlave|Helping Hand|p2a: FollowMEEZ\n|-singleturn|p2a: FollowMEEZ|Helping Hand|[of] p2b: MetaSlave\n|move|p1a: Lopunny|Fake Out|p2b: MetaSlave\n|-damage|p2b: MetaSlave|90/100\n|move|p2a: FollowMEEZ|Moonblast|p1a: Lopunny\n|-damage|p1a: Lopunny|5/100\n|\n|upkeep\n|turn|2\n|inactive|CabbageAgain has 30 seconds left.\n|\n|t:|1775934484\n|switch|p1a: Talonflame|Talonflame, L50, F|100/100\n|move|p1b: Garchomp|Protect|p1b: Garchomp\n|-singleturn|p1b: Garchomp|Protect\n|move|p2a: FollowMEEZ|Moonblast|p1b: Garchomp\n|-activate|p1b: Garchomp|move: Protect\n|move|p2b: MetaSlave|Parting Shot|p1a: Talonflame\n|-unboost|p1a: Talonflame|atk|1\n|-unboost|p1a: Talonflame|spa|1\n|\n|t:|1775934502\n|switch|p2b: ButtonMash|Dragapult, L50, M|100/100|[from] Parting Shot\n|\n|upkeep\n|turn|3\n|\n|t:|1775934525\n|move|p2b: ButtonMash|Dragon Darts|p1b: Garchomp\n|-supereffective|p1b: Garchomp|1\n|-damage|p1b: Garchomp|48/100\n|-anim|p2b: ButtonMash|Dragon Darts|p1a: Talonflame\n|-damage|p1a: Talonflame|60/100\n|move|p1a: Talonflame|Tailwind|p1a: Talonflame\n|-sidestart|p1: CabbageAgain|move: Tailwind\n|move|p1b: Garchomp|Rock Slide|p2b: ButtonMash|[spread] p2a,p2b\n|-supereffective|p2a: FollowMEEZ|1\n|-damage|p2a: FollowMEEZ|68/100\n|-damage|p2b: ButtonMash|72/100\n|cant|p2a: FollowMEEZ|flinch\n|\n|upkeep\n|turn|4\n|\n|t:|1775934543\n|move|p1a: Talonflame|Acrobatics|p2a: FollowMEEZ\n|-damage|p2a: FollowMEEZ|47/100\n|move|p1b: Garchomp|Rock Slide|p2b: ButtonMash|[spread] p2a\n|-miss|p1b: Garchomp|p2b: ButtonMash\n|-supereffective|p2a: FollowMEEZ|1\n|-damage|p2a: FollowMEEZ|16/100\n|move|p2b: ButtonMash|Dragon Darts|p1b: Garchomp\n|-supereffective|p1b: Garchomp|1\n|-crit|p1b: Garchomp\n|-damage|p1b: Garchomp|0 fnt\n|-anim|p2b: ButtonMash|Dragon Darts|p1a: Talonflame\n|-damage|p1a: Talonflame|23/100\n|faint|p1b: Garchomp\n|move|p2a: FollowMEEZ|Cosmic Power|p2a: FollowMEEZ\n|-boost|p2a: FollowMEEZ|def|1\n|-boost|p2a: FollowMEEZ|spd|1\n|\n|upkeep\n|\n|t:|1775934563\n|switch|p1b: Aegislash|Aegislash, L50, M|100/100\n|turn|5\n|inactive|CabbageAgain has 30 seconds left.\n|inactive|bobbyshumurda has 30 seconds left.\n|inactive|CabbageAgain has 20 seconds left.\n|inactive|bobbyshumurda has 20 seconds left.\n|inactive|CabbageAgain has 15 seconds left.\n|inactive|bobbyshumurda has 15 seconds left.\n|inactive|CabbageAgain has 10 seconds left.\n|inactive|CabbageAgain has 5 seconds left.\n|\n|t:|1775934615\n|move|p1a: Talonflame|Acrobatics|p2a: FollowMEEZ\n|-damage|p2a: FollowMEEZ|1/100\n|move|p2b: ButtonMash|Dragon Darts|p1b: Aegislash\n|-resisted|p1b: Aegislash|1\n|-damage|p1b: Aegislash|90/100\n|-anim|p2b: ButtonMash|Dragon Darts|p1a: Talonflame\n|-crit|p1a: Talonflame\n|-damage|p1a: Talonflame|0 fnt\n|faint|p1a: Talonflame\n|-formechange|p1b: Aegislash|Aegislash-Blade|\n|move|p1b: Aegislash|Poltergeist|p2b: ButtonMash\n|-activate|p2b: ButtonMash|move: Poltergeist|Choice Scarf\n|-supereffective|p2b: ButtonMash|1\n|-damage|p2b: ButtonMash|0 fnt\n|faint|p2b: ButtonMash\n|move|p2a: FollowMEEZ|Moonblast|p1b: Aegislash\n|-resisted|p1b: Aegislash|1\n|-damage|p1b: Aegislash|45/100\n|\n|upkeep\n|\n|t:|1775934635\n|switch|p1a: Lopunny|Lopunny, L50, F|5/100\n|switch|p2b: Brutebonnet|Sinistcha, L50|100/100\n|-heal|p2a: FollowMEEZ|26/100|[from] ability: Hospitality|[of] p2b: Brutebonnet\n|turn|6\n|inactive|bobbyshumurda has 30 seconds left.\n|\n|t:|1775934661\n|detailschange|p1a: Lopunny|Lopunny-Mega, L50, F\n|-mega|p1a: Lopunny|Lopunny|Lopunnite\n|move|p2b: Brutebonnet|Rage Powder|p2b: Brutebonnet\n|-singleturn|p2b: Brutebonnet|move: Rage Powder\n|move|p1a: Lopunny|Close Combat|p2b: Brutebonnet\n|-damage|p2b: Brutebonnet|49/100\n|-unboost|p1a: Lopunny|def|1\n|-unboost|p1a: Lopunny|spd|1\n|-enditem|p2b: Brutebonnet|Sitrus Berry|[eat]\n|-heal|p2b: Brutebonnet|74/100|[from] item: Sitrus Berry\n|move|p1b: Aegislash|Iron Head|p2b: Brutebonnet\n|-damage|p2b: Brutebonnet|39/100\n|move|p2a: FollowMEEZ|Moonblast|p1b: Aegislash\n|-resisted|p1b: Aegislash|1\n|-damage|p1b: Aegislash|0 fnt\n|faint|p1b: Aegislash\n|\n|-sideend|p1: CabbageAgain|move: Tailwind\n|upkeep\n|turn|7\n|-message|CabbageAgain forfeited.\n|\n|win|bobbyshumurda\n|raw|CabbageAgain's rating: 1000 &rarr; <strong>1000</strong><br />(+0 for losing)\n|raw|bobbyshumurda's rating: 1000 &rarr; <strong>1040</strong><br />(+40 for winning)\n|l|\u2606CabbageAgain\n|player|p1|\n",
  "uploadtime": 1775934841,
  "views": 18,
  "formatid": "gen9championsvgc2026regma",
  "rating": 1000,
  "private": 0,
  "password": null
}