{
  "id": "gen9championsvgc2026regma-2582254595",
  "format": "[Gen 9 Champions] VGC 2026 Reg M-A",
  "players": [
    "Dippiedaan",
    "rayelrizz"
  ],
  "log": "|j|\u2606Dippiedaan\n|j|\u2606rayelrizz\n|t:|1776076607\n|gametype|doubles\n|player|p1|Dippiedaan|skyla|1040\n|player|p2|rayelrizz|170|1000\n|gen|9\n|tier|[Gen 9 Champions] VGC 2026 Reg M-A\n|rated|\n|rule|Species Clause: Limit one of each Pok\u00e9mon\n|rule|Item Clause: Limit 1 of each item\n|clearpoke\n|poke|p1|Floette-Eternal, L50, F|\n|poke|p1|Sinistcha, L50|\n|poke|p1|Incineroar, L50, M|\n|poke|p1|Pelipper, L50, F|\n|poke|p1|Palafin, L50, F|\n|poke|p1|Sneasler, L50, M|\n|poke|p2|Excadrill, L50, F|\n|poke|p2|Talonflame, L50, F|\n|poke|p2|Sneasler, L50, F|\n|poke|p2|Primarina, L50, M|\n|poke|p2|Sinistcha-Masterpiece, L50|\n|poke|p2|Incineroar, L50, F|\n|teampreview|4\n|\n|t:|1776076654\n|teamsize|p1|4\n|teamsize|p2|4\n|start\n|switch|p1a: Pelipper|Pelipper, L50, F|100/100\n|switch|p1b: Palafin|Palafin, L50, F|100/100\n|switch|p2a: Primarina|Primarina, L50, M, shiny|100/100\n|switch|p2b: Talonflame|Talonflame, L50, F, shiny|100/100\n|-weather|RainDance|[from] ability: Drizzle|[of] p1a: Pelipper\n|turn|1\n|\n|t:|1776076685\n|move|p2b: Talonflame|Will-O-Wisp|p1b: Palafin\n|-status|p1b: Palafin|brn\n|move|p1a: Pelipper|Tailwind|p1a: Pelipper\n|-sidestart|p1: Dippiedaan|move: Tailwind\n|move|p1b: Palafin|Flip Turn|p2a: Primarina\n|-resisted|p2a: Primarina|1\n|-damage|p2a: Primarina|90/100\n|\n|t:|1776076693\n|detailschange|p1b: Palafin|Palafin-Hero, L50, F\n|switch|p1b: Floette|Floette-Eternal, L50, F|100/100|[from] Flip Turn\n|move|p2a: Primarina|Calm Mind|p2a: Primarina\n|-boost|p2a: Primarina|spa|1\n|-boost|p2a: Primarina|spd|1\n|\n|-weather|RainDance|[upkeep]\n|-heal|p2a: Primarina|96/100|[from] item: Leftovers\n|upkeep\n|turn|2\n|\n|t:|1776076707\n|detailschange|p1b: Floette|Floette-Mega, L50, F\n|-mega|p1b: Floette|Floette|Floettite\n|-ability|p1b: Floette|Fairy Aura\n|move|p2b: Talonflame|Tailwind|p2b: Talonflame\n|-sidestart|p2: rayelrizz|move: Tailwind\n|move|p1a: Pelipper|Weather Ball|p2b: Talonflame\n|-supereffective|p2b: Talonflame|1\n|-enditem|p2b: Talonflame|Focus Sash\n|-damage|p2b: Talonflame|1/100\n|move|p1b: Floette|Calm Mind|p1b: Floette\n|-boost|p1b: Floette|spa|1\n|-boost|p1b: Floette|spd|1\n|move|p2a: Primarina|Calm Mind|p2a: Primarina\n|-boost|p2a: Primarina|spa|1\n|-boost|p2a: Primarina|spd|1\n|\n|-weather|RainDance|[upkeep]\n|-heal|p2a: Primarina|100/100|[from] item: Leftovers\n|upkeep\n|turn|3\n|\n|t:|1776076732\n|move|p2b: Talonflame|Brave Bird|p1b: Floette\n|-damage|p1b: Floette|57/100\n|-damage|p2b: Talonflame|0 fnt|[from] Recoil\n|faint|p2b: Talonflame\n|move|p1a: Pelipper|Weather Ball|p2a: Primarina\n|-resisted|p2a: Primarina|1\n|-damage|p2a: Primarina|87/100\n|move|p1b: Floette|Calm Mind|p1b: Floette\n|-boost|p1b: Floette|spa|1\n|-boost|p1b: Floette|spd|1\n|move|p2a: Primarina|Moonblast|p1b: Floette\n|-damage|p1b: Floette|20/100\n|\n|-weather|RainDance|[upkeep]\n|-heal|p2a: Primarina|93/100|[from] item: Leftovers\n|upkeep\n|\n|t:|1776076749\n|switch|p2b: Sneasler|Sneasler, L50, F|100/100\n|turn|4\n|\n|t:|1776076782\n|switch|p1a: Incineroar|Incineroar, L50, M, shiny|100/100\n|-ability|p1a: Incineroar|Intimidate|boost\n|-unboost|p2a: Primarina|atk|1\n|-unboost|p2b: Sneasler|atk|1\n|-enditem|p2b: Sneasler|White Herb\n|-clearnegativeboost|p2b: Sneasler|[silent]\n|move|p2b: Sneasler|Protect|p2b: Sneasler\n|-singleturn|p2b: Sneasler|Protect\n|move|p1b: Floette|Protect|p1b: Floette\n|-singleturn|p1b: Floette|Protect\n|move|p2a: Primarina|Calm Mind|p2a: Primarina\n|-boost|p2a: Primarina|spa|1\n|-boost|p2a: Primarina|spd|1\n|\n|-weather|RainDance|[upkeep]\n|-heal|p2a: Primarina|99/100|[from] item: Leftovers\n|-sideend|p1: Dippiedaan|move: Tailwind\n|upkeep\n|turn|5\n|\n|t:|1776076819\n|move|p2b: Sneasler|Protect||[still]\n|-fail|p2b: Sneasler\n|move|p1a: Incineroar|Fake Out|p2a: Primarina\n|-damage|p2a: Primarina|88/100\n|cant|p2a: Primarina|flinch\n|move|p1b: Floette|Moonblast|p2b: Sneasler\n|-crit|p2b: Sneasler\n|-damage|p2b: Sneasler|0 fnt\n|faint|p2b: Sneasler\n|\n|-weather|none\n|-heal|p2a: Primarina|94/100|[from] item: Leftovers\n|-sideend|p2: rayelrizz|move: Tailwind\n|upkeep\n|\n|t:|1776076833\n|switch|p2b: Sinistcha|Sinistcha-Masterpiece, L50|100/100\n|-heal|p2a: Primarina|100/100|[from] ability: Hospitality|[of] p2b: Sinistcha\n|turn|6\n|\n|t:|1776076844\n|move|p1b: Floette|Protect|p1b: Floette\n|-singleturn|p1b: Floette|Protect\n|move|p2b: Sinistcha|Life Dew||[still]|[still]|[spread] \n|-fail|p2a: Primarina|heal\n|-fail|p2b: Sinistcha|heal\n|move|p2a: Primarina|Hyper Voice|p1b: Floette|[spread] p1a\n|-activate|p1b: Floette|move: Protect\n|-supereffective|p1a: Incineroar|1\n|-damage|p1a: Incineroar|0 fnt\n|faint|p1a: Incineroar\n|\n|upkeep\n|\n|t:|1776076856\n|switch|p1a: Palafin|Palafin-Hero, L50, F|100/100 brn\n|-activate|p1a: Palafin|ability: Zero to Hero\n|turn|7\n|\n|t:|1776076874\n|move|p2b: Sinistcha|Rage Powder|p2b: Sinistcha\n|-singleturn|p2b: Sinistcha|move: Rage Powder\n|move|p1b: Floette|Moonblast|p2b: Sinistcha\n|-damage|p2b: Sinistcha|0 fnt\n|faint|p2b: Sinistcha\n|move|p1a: Palafin|Wave Crash|p2a: Primarina\n|-resisted|p2a: Primarina|1\n|-damage|p2a: Primarina|75/100\n|-damage|p1a: Palafin|93/100 brn|[from] Recoil\n|move|p2a: Primarina|Hyper Voice|p1a: Palafin|[spread] p1a,p1b\n|-resisted|p1a: Palafin|1\n|-damage|p1a: Palafin|60/100 brn\n|-damage|p1b: Floette|0 fnt\n|faint|p1b: Floette\n|\n|-heal|p2a: Primarina|81/100|[from] item: Leftovers\n|-damage|p1a: Palafin|55/100 brn|[from] brn\n|upkeep\n|\n|t:|1776076885\n|switch|p1b: Pelipper|Pelipper, L50, F|100/100\n|-weather|RainDance|[from] ability: Drizzle|[of] p1b: Pelipper\n|turn|8\n|\n|t:|1776076895\n|move|p2a: Primarina|Protect|p2a: Primarina\n|-singleturn|p2a: Primarina|Protect\n|move|p1b: Pelipper|Hurricane|p2a: Primarina\n|-activate|p2a: Primarina|move: Protect\n|move|p1a: Palafin|Wave Crash|p2a: Primarina\n|-activate|p2a: Primarina|move: Protect\n|\n|-weather|RainDance|[upkeep]\n|-heal|p2a: Primarina|87/100|[from] item: Leftovers\n|-damage|p1a: Palafin|49/100 brn|[from] brn\n|upkeep\n|turn|9\n|\n|t:|1776076908\n|move|p1b: Pelipper|Hurricane|p2a: Primarina\n|-damage|p2a: Primarina|71/100\n|-start|p2a: Primarina|confusion\n|move|p1a: Palafin|Wave Crash|p2a: Primarina\n|-resisted|p2a: Primarina|1\n|-damage|p2a: Primarina|33/100\n|-damage|p1a: Palafin|38/100 brn|[from] Recoil\n|-activate|p2a: Primarina|confusion\n|move|p2a: Primarina|Hyper Voice|p1b: Pelipper|[spread] p1a,p1b\n|-resisted|p1a: Palafin|1\n|-resisted|p1b: Pelipper|1\n|-damage|p1a: Palafin|0 fnt\n|-damage|p1b: Pelipper|5/100\n|faint|p1a: Palafin\n|\n|-weather|RainDance|[upkeep]\n|-heal|p2a: Primarina|39/100|[from] item: Leftovers\n|upkeep\n|turn|10\n|\n|t:|1776076925\n|-end|p2a: Primarina|confusion\n|move|p2a: Primarina|Protect|p2a: Primarina\n|-singleturn|p2a: Primarina|Protect\n|move|p1b: Pelipper|Hurricane|p2a: Primarina\n|-activate|p2a: Primarina|move: Protect\n|\n|-weather|RainDance|[upkeep]\n|-heal|p2a: Primarina|45/100|[from] item: Leftovers\n|upkeep\n|turn|11\n|\n|t:|1776076937\n|move|p1b: Pelipper|Hurricane|p2a: Primarina\n|-crit|p2a: Primarina\n|-damage|p2a: Primarina|0 fnt\n|faint|p2a: Primarina\n|\n|win|Dippiedaan\n|raw|Dippiedaan's rating: 1040 &rarr; <strong>1070</strong><br />(+30 for winning)\n|raw|rayelrizz's rating: 1000 &rarr; <strong>1000</strong><br />(+0 for losing)\n|l|\u2606rayelrizz\n|player|p2|\n|c|\u2606Dippiedaan|ggs\n|c|\u2606Dippiedaan|sorry\n",
  "uploadtime": 1776076950,
  "views": 22,
  "formatid": "gen9championsvgc2026regma",
  "rating": 1000,
  "private": 0,
  "password": null
}