{
  "id": "gen9championsvgc2026regma-2580563982",
  "format": "[Gen 9 Champions] VGC 2026 Reg M-A",
  "players": [
    "Yoruwx",
    "Roberfly"
  ],
  "log": "|j|\u2606Yoruwx\n|j|\u2606Roberfly\n|t:|1775913304\n|gametype|doubles\n|player|p1|Yoruwx|morty|1000\n|player|p2|Roberfly|rood|1031\n|gen|9\n|tier|[Gen 9 Champions] VGC 2026 Reg M-A\n|rated|\n|rule|Species Clause: Limit one of each Pok\u00e9mon\n|rule|Item Clause: Limit 1 of each item\n|clearpoke\n|poke|p1|Charizard, L50, F|\n|poke|p1|Venusaur, L50, M|\n|poke|p1|Whimsicott, L50, F|\n|poke|p1|Incineroar, L50, F|\n|poke|p1|Kingambit, L50, F|\n|poke|p1|Garchomp, L50, F|\n|poke|p2|Incineroar, L50, F|\n|poke|p2|Feraligatr, L50, M|\n|poke|p2|Sylveon, L50, F|\n|poke|p2|Sinistcha, L50|\n|poke|p2|Aerodactyl, L50, M|\n|poke|p2|Aegislash, L50, M|\n|teampreview|4\n|c|\u2606Yoruwx|glhf\n|inactive|Battle timer is ON: inactive players will automatically lose when time's up. (requested by Yoruwx)\n|\n|t:|1775913348\n|teamsize|p1|4\n|teamsize|p2|4\n|start\n|switch|p1a: Incineroar|Incineroar, L50, F|100/100\n|switch|p1b: Charizard|Charizard, L50, F|100/100\n|switch|p2a: Aerodactyl|Aerodactyl, L50, M|100/100\n|switch|p2b: Incineroar|Incineroar, L50, F|100/100\n|-ability|p2a: Aerodactyl|Unnerve\n|-ability|p2b: Incineroar|Intimidate|boost\n|-unboost|p1a: Incineroar|atk|1\n|-unboost|p1b: Charizard|atk|1\n|-ability|p1a: Incineroar|Intimidate|boost\n|-unboost|p2a: Aerodactyl|atk|1\n|-unboost|p2b: Incineroar|atk|1\n|turn|1\n|inactive|Roberfly has 30 seconds left.\n|\n|t:|1775913377\n|detailschange|p1b: Charizard|Charizard-Mega-Y, L50, F\n|-mega|p1b: Charizard|Charizard|Charizardite Y\n|-weather|SunnyDay|[from] ability: Drought|[of] p1b: Charizard\n|move|p1b: Charizard|Protect|p1b: Charizard\n|-singleturn|p1b: Charizard|Protect\n|move|p2b: Incineroar|Fake Out|p1a: Incineroar\n|-damage|p1a: Incineroar|94/100\n|cant|p1a: Incineroar|flinch\n|move|p2a: Aerodactyl|Rock Slide|p1b: Charizard|[spread] \n|-activate|p1b: Charizard|move: Protect\n|-miss|p2a: Aerodactyl|p1a: Incineroar\n|\n|-weather|SunnyDay|[upkeep]\n|upkeep\n|turn|2\n|inactive|Yoruwx has 30 seconds left.\n|inactive|Roberfly has 30 seconds left.\n|inactive|Yoruwx has 20 seconds left.\n|inactive|Yoruwx has 15 seconds left.\n|\n|t:|1775913418\n|switch|p1b: Venusaur|Venusaur, L50, M|100/100\n|move|p2a: Aerodactyl|Tailwind|p2a: Aerodactyl\n|-sidestart|p2: Roberfly|move: Tailwind\n|move|p2b: Incineroar|Parting Shot|p1b: Venusaur\n|-unboost|p1b: Venusaur|atk|1\n|-unboost|p1b: Venusaur|spa|1\n|\n|t:|1775913434\n|switch|p2b: Feraligatr|Feraligatr, L50, M|100/100|[from] Parting Shot\n|move|p1a: Incineroar|Parting Shot|p2a: Aerodactyl\n|-unboost|p2a: Aerodactyl|atk|1\n|-unboost|p2a: Aerodactyl|spa|1\n|\n|t:|1775913440\n|switch|p1a: Whimsicott|Whimsicott, L50, F|100/100|[from] Parting Shot\n|\n|-weather|SunnyDay|[upkeep]\n|upkeep\n|turn|3\n|\n|t:|1775913455\n|move|p2b: Feraligatr|Protect|p2b: Feraligatr\n|-singleturn|p2b: Feraligatr|Protect\n|move|p1a: Whimsicott|Encore|p2a: Aerodactyl\n|-start|p2a: Aerodactyl|Encore\n|move|p2a: Aerodactyl|Tailwind||[still]\n|-fail|p2a: Aerodactyl\n|move|p1b: Venusaur|Energy Ball|p2b: Feraligatr\n|-activate|p2b: Feraligatr|move: Protect\n|\n|-weather|SunnyDay|[upkeep]\n|upkeep\n|turn|4\n|\n|t:|1775913478\n|switch|p2a: Aegislash|Aegislash, L50, M|100/100\n|switch|p2b: Incineroar|Incineroar, L50, F|100/100\n|-ability|p2b: Incineroar|Intimidate|boost\n|-unboost|p1a: Whimsicott|atk|1\n|-unboost|p1b: Venusaur|atk|1\n|move|p1a: Whimsicott|Encore|p2b: Incineroar\n|-hint|Since gen 7, Dark is immune to Prankster moves.\n|-immune|p2b: Incineroar\n|move|p1b: Venusaur|Energy Ball|p2a: Aegislash\n|-resisted|p2a: Aegislash|1\n|-damage|p2a: Aegislash|88/100\n|\n|-weather|SunnyDay|[upkeep]\n|upkeep\n|turn|5\n|inactive|Roberfly has 30 seconds left.\n|inactive|Roberfly has 20 seconds left.\n|inactive|Roberfly has 15 seconds left.\n|\n|t:|1775913518\n|move|p1b: Venusaur|Protect|p1b: Venusaur\n|-singleturn|p1b: Venusaur|Protect\n|move|p1a: Whimsicott|Tailwind|p1a: Whimsicott\n|-sidestart|p1: Yoruwx|move: Tailwind\n|move|p2b: Incineroar|Flare Blitz|p1b: Venusaur\n|-activate|p1b: Venusaur|move: Protect\n|-formechange|p2a: Aegislash|Aegislash-Blade|\n|move|p2a: Aegislash|Iron Head|p1a: Whimsicott\n|-supereffective|p1a: Whimsicott|1\n|-enditem|p1a: Whimsicott|Focus Sash\n|-damage|p1a: Whimsicott|1/100\n|\n|-weather|none\n|-sideend|p2: Roberfly|move: Tailwind\n|upkeep\n|turn|6\n|inactive|Yoruwx has 30 seconds left.\n|inactive|Roberfly has 30 seconds left.\n|inactive|Roberfly has 20 seconds left.\n|\n|t:|1775913573\n|switch|p1a: Incineroar|Incineroar, L50, F|94/100\n|-ability|p1a: Incineroar|Intimidate|boost\n|-unboost|p2a: Aegislash|atk|1\n|-unboost|p2b: Incineroar|atk|1\n|-enditem|p2a: Aegislash|White Herb\n|-clearnegativeboost|p2a: Aegislash|[silent]\n|move|p2a: Aegislash|Shadow Sneak|p1a: Incineroar\n|-resisted|p1a: Incineroar|1\n|-damage|p1a: Incineroar|82/100\n|move|p1b: Venusaur|Earth Power|p2a: Aegislash\n|-supereffective|p2a: Aegislash|1\n|-damage|p2a: Aegislash|14/100\n|move|p2b: Incineroar|Parting Shot|p1b: Venusaur\n|-unboost|p1b: Venusaur|atk|1\n|-unboost|p1b: Venusaur|spa|1\n|inactive|Roberfly has 30 seconds left.\n|\n|t:|1775913600\n|switch|p2b: Feraligatr|Feraligatr, L50, M|100/100|[from] Parting Shot\n|\n|upkeep\n|turn|7\n|\n|t:|1775913616\n|switch|p1b: Charizard|Charizard-Mega-Y, L50, F|100/100\n|-weather|SunnyDay|[from] ability: Drought|[of] p1b: Charizard\n|switch|p2b: Incineroar|Incineroar, L50, F|100/100\n|-ability|p2b: Incineroar|Intimidate|boost\n|-unboost|p1a: Incineroar|atk|1\n|-unboost|p1b: Charizard|atk|1\n|move|p1a: Incineroar|Fake Out|p2b: Incineroar\n|-damage|p2b: Incineroar|92/100\n|move|p2a: Aegislash|Close Combat|p1a: Incineroar\n|-supereffective|p1a: Incineroar|1\n|-damage|p1a: Incineroar|3/100\n|-unboost|p2a: Aegislash|def|1\n|-unboost|p2a: Aegislash|spd|1\n|-enditem|p1a: Incineroar|Sitrus Berry|[eat]\n|-heal|p1a: Incineroar|28/100|[from] item: Sitrus Berry\n|\n|-weather|SunnyDay|[upkeep]\n|upkeep\n|turn|8\n|\n|t:|1775913641\n|switch|p2a: Aerodactyl|Aerodactyl, L50, M|100/100\n|-ability|p2a: Aerodactyl|Unnerve\n|move|p2b: Incineroar|Fake Out|p1b: Charizard\n|-damage|p1b: Charizard|86/100\n|cant|p1b: Charizard|flinch\n|move|p1a: Incineroar|Parting Shot|p2a: Aerodactyl\n|-unboost|p2a: Aerodactyl|atk|1\n|-unboost|p2a: Aerodactyl|spa|1\n|\n|t:|1775913654\n|switch|p1a: Venusaur|Venusaur, L50, M|100/100|[from] Parting Shot\n|\n|-weather|SunnyDay|[upkeep]\n|-sideend|p1: Yoruwx|move: Tailwind\n|upkeep\n|turn|9\n|\n|t:|1775913670\n|switch|p2a: Aegislash|Aegislash, L50, M|14/100\n|move|p1a: Venusaur|Earth Power|p2b: Incineroar\n|-supereffective|p2b: Incineroar|1\n|-enditem|p2b: Incineroar|Shuca Berry|[eat]\n|-enditem|p2b: Incineroar|Shuca Berry|[weaken]\n|-damage|p2b: Incineroar|68/100\n|move|p1b: Charizard|Dragon Pulse|p2a: Aegislash\n|-resisted|p2a: Aegislash|1\n|-damage|p2a: Aegislash|0 fnt\n|faint|p2a: Aegislash\n|move|p2b: Incineroar|Flare Blitz|p1a: Venusaur\n|-supereffective|p1a: Venusaur|1\n|-damage|p1a: Venusaur|0 fnt\n|faint|p1a: Venusaur\n|-damage|p2b: Incineroar|42/100|[from] Recoil\n|\n|-weather|SunnyDay|[upkeep]\n|upkeep\n|\n|t:|1775913685\n|switch|p1a: Whimsicott|Whimsicott, L50, F|1/100\n|switch|p2a: Aerodactyl|Aerodactyl, L50, M|100/100\n|-ability|p2a: Aerodactyl|Unnerve\n|turn|10\n|\n|t:|1775913692\n|move|p1b: Charizard|Protect|p1b: Charizard\n|-singleturn|p1b: Charizard|Protect\n|move|p1a: Whimsicott|Tailwind|p1a: Whimsicott\n|-sidestart|p1: Yoruwx|move: Tailwind\n|move|p2a: Aerodactyl|Tailwind|p2a: Aerodactyl\n|-sidestart|p2: Roberfly|move: Tailwind\n|move|p2b: Incineroar|Parting Shot|p1b: Charizard\n|-activate|p1b: Charizard|move: Protect\n|\n|-weather|SunnyDay|[upkeep]\n|upkeep\n|turn|11\n|inactive|Roberfly has 30 seconds left.\n|\n|t:|1775913720\n|switch|p1b: Incineroar|Incineroar, L50, F|28/100\n|-ability|p1b: Incineroar|Intimidate|boost\n|-unboost|p2a: Aerodactyl|atk|1\n|-unboost|p2b: Incineroar|atk|1\n|move|p2a: Aerodactyl|Protect|p2a: Aerodactyl\n|-singleturn|p2a: Aerodactyl|Protect\n|move|p1a: Whimsicott|Encore|p2a: Aerodactyl\n|-activate|p2a: Aerodactyl|move: Protect\n|move|p2b: Incineroar|Flare Blitz|p1a: Whimsicott\n|-supereffective|p1a: Whimsicott|1\n|-damage|p1a: Whimsicott|0 fnt\n|faint|p1a: Whimsicott\n|-damage|p2b: Incineroar|42/100|[from] Recoil\n|\n|-weather|none\n|upkeep\n|\n|t:|1775913733\n|switch|p1a: Charizard|Charizard-Mega-Y, L50, F|86/100\n|-weather|SunnyDay|[from] ability: Drought|[of] p1a: Charizard\n|turn|12\n|inactive|Roberfly has 30 seconds left.\n|\n|t:|1775913762\n|switch|p2a: Feraligatr|Feraligatr, L50, M|100/100\n|move|p1b: Incineroar|Fake Out|p2a: Feraligatr\n|-damage|p2a: Feraligatr|86/100\n|move|p1a: Charizard|Dragon Pulse|p2a: Feraligatr\n|-damage|p2a: Feraligatr|51/100\n|move|p2b: Incineroar|Parting Shot|p1a: Charizard\n|-unboost|p1a: Charizard|atk|1\n|-unboost|p1a: Charizard|spa|1\n|\n|t:|1775913770\n|switch|p2b: Aerodactyl|Aerodactyl, L50, M|100/100|[from] Parting Shot\n|-ability|p2b: Aerodactyl|Unnerve\n|\n|-weather|SunnyDay|[upkeep]\n|upkeep\n|turn|13\n|\n|t:|1775913788\n|detailschange|p2a: Feraligatr|Feraligatr-Mega, L50, M\n|-mega|p2a: Feraligatr|Feraligatr|Feraligite\n|move|p2b: Aerodactyl|Rock Slide|p1b: Incineroar|[spread] p1a,p1b\n|-supereffective|p1a: Charizard|2\n|-supereffective|p1b: Incineroar|1\n|-damage|p1a: Charizard|0 fnt\n|-damage|p1b: Incineroar|0 fnt\n|faint|p1a: Charizard\n|faint|p1b: Incineroar\n|\n|win|Roberfly\n|raw|Yoruwx's rating: 1000 &rarr; <strong>1000</strong><br />(+0 for losing)\n|raw|Roberfly's rating: 1031 &rarr; <strong>1063</strong><br />(+32 for winning)\n",
  "uploadtime": 1775913799,
  "views": 25,
  "formatid": "gen9championsvgc2026regma",
  "rating": 1000,
  "private": 0,
  "password": null
}