{
  "id": "gen9championsvgc2026regma-2588316232",
  "format": "[Gen 9 Champions] VGC 2026 Reg M-A",
  "players": [
    "Nijuo",
    "virgomanji"
  ],
  "log": "|j|\u2606Nijuo\n|j|\u2606virgomanji\n|t:|1776623500\n|gametype|doubles\n|player|p1|Nijuo|dragontamer|1159\n|player|p2|virgomanji|2|1059\n|gen|9\n|tier|[Gen 9 Champions] VGC 2026 Reg M-A\n|rated|\n|rule|Species Clause: Limit one of each Pok\u00e9mon\n|rule|Item Clause: Limit 1 of each item\n|clearpoke\n|poke|p1|Hawlucha, L50, M|\n|poke|p1|Whimsicott, L50, M|\n|poke|p1|Kingambit, L50, F|\n|poke|p1|Incineroar, L50, F|\n|poke|p1|Starmie, L50|\n|poke|p1|Heliolisk, L50, F|\n|poke|p2|Chandelure, L50, F|\n|poke|p2|Aerodactyl, L50, F|\n|poke|p2|Tauros-Paldea-Aqua, L50, M|\n|poke|p2|Clefable, L50, F|\n|poke|p2|Serperior, L50, M|\n|poke|p2|Garchomp, L50, F|\n|teampreview|4\n|\n|t:|1776623549\n|teamsize|p1|4\n|teamsize|p2|4\n|start\n|switch|p1a: Heliolisk|Heliolisk, L50, F|100/100\n|switch|p1b: Kingambit|Kingambit, L50, F|100/100\n|switch|p2a: Chandelure|Chandelure, L50, F|100/100\n|switch|p2b: Clefable|Clefable, L50, F|100/100\n|turn|1\n|\n|t:|1776623569\n|switch|p1b: Incineroar|Incineroar, L50, F|100/100\n|-ability|p1b: Incineroar|Intimidate|boost\n|-unboost|p2a: Chandelure|atk|1\n|-unboost|p2b: Clefable|atk|1\n|detailschange|p2a: Chandelure|Chandelure-Mega, L50, F\n|-mega|p2a: Chandelure|Chandelure|Chandelurite\n|move|p2b: Clefable|Follow Me|p2b: Clefable\n|-singleturn|p2b: Clefable|move: Follow Me\n|move|p1a: Heliolisk|Thunderbolt|p2b: Clefable\n|-damage|p2b: Clefable|60/100\n|move|p2a: Chandelure|Heat Wave|p1a: Heliolisk|[spread] p1a,p1b\n|-resisted|p1b: Incineroar|1\n|-damage|p1a: Heliolisk|42/100\n|-damage|p1b: Incineroar|83/100\n|\n|upkeep\n|turn|2\n|\n|t:|1776623592\n|switch|p2a: Garchomp|Garchomp, L50, F|100/100\n|move|p1a: Heliolisk|Thunderbolt|p2a: Garchomp\n|-immune|p2a: Garchomp\n|move|p1b: Incineroar|Parting Shot|p2a: Garchomp\n|-unboost|p2a: Garchomp|atk|1\n|-unboost|p2a: Garchomp|spa|1\n|\n|t:|1776623609\n|switch|p1b: Hawlucha|Hawlucha, L50, M|100/100|[from] Parting Shot\n|move|p2b: Clefable|Moonblast|p1a: Heliolisk\n|-damage|p1a: Heliolisk|0 fnt\n|faint|p1a: Heliolisk\n|\n|upkeep\n|\n|t:|1776623620\n|switch|p1a: Incineroar|Incineroar, L50, F|83/100\n|-ability|p1a: Incineroar|Intimidate|boost\n|-unboost|p2a: Garchomp|atk|1\n|-unboost|p2b: Clefable|atk|1\n|turn|3\n|\n|t:|1776623630\n|switch|p2a: Tauros|Tauros-Paldea-Aqua, L50, M|100/100\n|-ability|p2a: Tauros|Intimidate|boost\n|-unboost|p1a: Incineroar|atk|1\n|-unboost|p1b: Hawlucha|atk|1\n|detailschange|p1b: Hawlucha|Hawlucha-Mega, L50, M\n|-mega|p1b: Hawlucha|Hawlucha|Hawluchanite\n|move|p1a: Incineroar|Fake Out|p2a: Tauros\n|-damage|p2a: Tauros|92/100\n|move|p1b: Hawlucha|Brave Bird|p2b: Clefable\n|-damage|p2b: Clefable|3/100\n|-enditem|p2b: Clefable|Sitrus Berry|[eat]\n|-heal|p2b: Clefable|28/100|[from] item: Sitrus Berry\n|-damage|p1b: Hawlucha|80/100|[from] Recoil\n|move|p2b: Clefable|Moonblast|p1b: Hawlucha\n|-supereffective|p1b: Hawlucha|1\n|-damage|p1b: Hawlucha|18/100\n|\n|upkeep\n|turn|4\n|\n|t:|1776623664\n|move|p2b: Clefable|Follow Me|p2b: Clefable\n|-singleturn|p2b: Clefable|move: Follow Me\n|move|p2a: Tauros|Wave Crash|p1a: Incineroar\n|-supereffective|p1a: Incineroar|1\n|-damage|p1a: Incineroar|0 fnt\n|faint|p1a: Incineroar\n|-damage|p2a: Tauros|58/100|[from] Recoil\n|move|p1b: Hawlucha|Brave Bird|p2b: Clefable\n|-damage|p2b: Clefable|0 fnt\n|faint|p2b: Clefable\n|-damage|p1b: Hawlucha|9/100|[from] Recoil\n|\n|upkeep\n|\n|t:|1776623678\n|switch|p2b: Chandelure|Chandelure-Mega, L50, F|100/100\n|switch|p1a: Kingambit|Kingambit, L50, F|100/100\n|turn|5\n|\n|t:|1776623689\n|move|p1b: Hawlucha|Protect|p1b: Hawlucha\n|-singleturn|p1b: Hawlucha|Protect\n|move|p1a: Kingambit|Sucker Punch|p2b: Chandelure\n|-supereffective|p2b: Chandelure|1\n|-damage|p2b: Chandelure|0 fnt\n|faint|p2b: Chandelure\n|move|p2a: Tauros|Wave Crash|p1a: Kingambit\n|-damage|p1a: Kingambit|58/100\n|-damage|p2a: Tauros|40/100|[from] Recoil\n|\n|upkeep\n|\n|t:|1776623691\n|switch|p2b: Garchomp|Garchomp, L50, F|100/100\n|turn|6\n|\n|t:|1776623706\n|move|p2b: Garchomp|Protect|p2b: Garchomp\n|-singleturn|p2b: Garchomp|Protect\n|move|p1a: Kingambit|Protect|p1a: Kingambit\n|-singleturn|p1a: Kingambit|Protect\n|move|p2a: Tauros|Wave Crash|p1b: Hawlucha\n|-damage|p1b: Hawlucha|0 fnt\n|faint|p1b: Hawlucha\n|-damage|p2a: Tauros|37/100|[from] Recoil\n|\n|upkeep\n|turn|7\n|\n|t:|1776623721\n|move|p2a: Tauros|Wave Crash|p1a: Kingambit\n|-damage|p1a: Kingambit|15/100\n|-damage|p2a: Tauros|19/100|[from] Recoil\n|move|p2b: Garchomp|Earthquake|p1a: Kingambit|[spread] p2a,p1a\n|-supereffective|p1a: Kingambit|1\n|-damage|p2a: Tauros|0 fnt\n|-damage|p1a: Kingambit|0 fnt\n|faint|p2a: Tauros\n|faint|p1a: Kingambit\n|\n|win|virgomanji\n|raw|Nijuo's rating: 1159 &rarr; <strong>1127</strong><br />(-32 for losing)\n|raw|virgomanji's rating: 1059 &rarr; <strong>1099</strong><br />(+40 for winning)\n|l|\u2606virgomanji\n|player|p2|\n",
  "uploadtime": 1776623732,
  "views": 9,
  "formatid": "gen9championsvgc2026regma",
  "rating": 1099,
  "private": 0,
  "password": null
}