{
  "id": "gen9championsvgc2026regma-2587851481",
  "format": "[Gen 9 Champions] VGC 2026 Reg M-A",
  "players": [
    "Tubandchubb",
    "asubircomolaespuma"
  ],
  "log": "|j|\u2606Tubandchubb\n|j|\u203dasubircomolaespuma\n|t:|1776570633\n|gametype|doubles\n|player|p1|Tubandchubb|sordward-shielbert|1460\n|player|p2|asubircomolaespuma|102|1480\n|gen|9\n|tier|[Gen 9 Champions] VGC 2026 Reg M-A\n|rated|\n|rule|Species Clause: Limit one of each Pok\u00e9mon\n|rule|Item Clause: Limit 1 of each item\n|clearpoke\n|poke|p1|Chesnaught, L50, M|\n|poke|p1|Typhlosion-Hisui, L50, M|\n|poke|p1|Corviknight, L50, F|\n|poke|p1|Goodra-Hisui, L50, F|\n|poke|p1|Gyarados, L50, F|\n|poke|p1|Kangaskhan, L50, F|\n|poke|p2|Charizard, L50, F|\n|poke|p2|Rotom-Wash, L50|\n|poke|p2|Garchomp, L50, F|\n|poke|p2|Whimsicott, L50, F|\n|poke|p2|Aegislash, L50, M|\n|poke|p2|Sneasler, L50, F|\n|teampreview|4\n|inactive|Battle timer is ON: inactive players will automatically lose when time's up. (requested by Tubandchubb)\n|j| sammap\n|inactive|asubircomolaespuma has 60 seconds left.\n|\n|t:|1776570722\n|teamsize|p1|4\n|teamsize|p2|4\n|start\n|switch|p1a: Gyarados|Gyarados, L50, F|100/100\n|switch|p1b: Kangaskhan|Kangaskhan, L50, F|100/100\n|switch|p2a: Rotom|Rotom-Wash, L50|100/100\n|switch|p2b: Sneasler|Sneasler, L50, F|100/100\n|-ability|p1a: Gyarados|Intimidate|boost\n|-unboost|p2a: Rotom|atk|1\n|-unboost|p2b: Sneasler|atk|1\n|-enditem|p2b: Sneasler|White Herb\n|-clearnegativeboost|p2b: Sneasler|[silent]\n|turn|1\n|\n|t:|1776570746\n|move|p2b: Sneasler|Fake Out|p1b: Kangaskhan\n|-damage|p1b: Kangaskhan|87/100\n|cant|p1b: Kangaskhan|flinch\n|move|p1a: Gyarados|Waterfall|p2b: Sneasler\n|-damage|p2b: Sneasler|22/100\n|move|p2a: Rotom|Thunderbolt|p1a: Gyarados\n|-supereffective|p1a: Gyarados|2\n|-damage|p1a: Gyarados|0 fnt\n|faint|p1a: Gyarados\n|\n|upkeep\n|\n|t:|1776570759\n|switch|p1a: Chesnaught|Chesnaught, L50, M|100/100\n|turn|2\n|\n|t:|1776570771\n|switch|p1b: Typhlosion|Typhlosion-Hisui, L50, M|100/100\n|-item|p2a: Rotom|Sitrus Berry|[from] ability: Frisk|[of] p1b: Typhlosion\n|detailschange|p1a: Chesnaught|Chesnaught-Mega, L50, M\n|-mega|p1a: Chesnaught|Chesnaught|Chesnaughtite\n|move|p2b: Sneasler|Protect|p2b: Sneasler\n|-singleturn|p2b: Sneasler|Protect\n|move|p2a: Rotom|Will-O-Wisp|p1a: Chesnaught\n|-status|p1a: Chesnaught|brn\n|move|p1a: Chesnaught|Body Press|p2b: Sneasler\n|-activate|p2b: Sneasler|move: Protect\n|\n|-damage|p1a: Chesnaught|94/100 brn|[from] brn\n|upkeep\n|turn|3\n|\n|t:|1776570793\n|move|p2b: Sneasler|Dire Claw|p1a: Chesnaught\n|-supereffective|p1a: Chesnaught|1\n|-damage|p1a: Chesnaught|50/100 brn\n|move|p1b: Typhlosion|Shadow Ball|p2a: Rotom\n|-damage|p2a: Rotom|62/100\n|move|p2a: Rotom|Hydro Pump|p1b: Typhlosion\n|-supereffective|p1b: Typhlosion|1\n|-damage|p1b: Typhlosion|0 fnt\n|faint|p1b: Typhlosion\n|move|p1a: Chesnaught|Body Press|p2b: Sneasler\n|-resisted|p2b: Sneasler|1\n|-damage|p2b: Sneasler|1/100\n|\n|-damage|p1a: Chesnaught|44/100 brn|[from] brn\n|upkeep\n|\n|t:|1776570797\n|switch|p1b: Kangaskhan|Kangaskhan, L50, F|87/100\n|turn|4\n|\n|t:|1776570806\n|move|p2b: Sneasler|Protect|p2b: Sneasler\n|-singleturn|p2b: Sneasler|Protect\n|move|p1b: Kangaskhan|Fake Out|p2b: Sneasler\n|-activate|p2b: Sneasler|move: Protect\n|move|p2a: Rotom|Will-O-Wisp|p1b: Kangaskhan\n|-status|p1b: Kangaskhan|brn\n|move|p1a: Chesnaught|Leech Seed|p2a: Rotom\n|-start|p2a: Rotom|move: Leech Seed\n|\n|-damage|p2a: Rotom|50/100|[from] Leech Seed|[of] p1a: Chesnaught\n|-heal|p1a: Chesnaught|54/100 brn|[silent]\n|-damage|p1b: Kangaskhan|81/100 brn|[from] brn\n|-damage|p1a: Chesnaught|48/100 brn|[from] brn\n|upkeep\n|-enditem|p2a: Rotom|Sitrus Berry|[eat]\n|-heal|p2a: Rotom|74/100|[from] item: Sitrus Berry\n|turn|5\n|-message|Tubandchubb forfeited.\n|\n|win|asubircomolaespuma\n|raw|Tubandchubb's rating: 1460 &rarr; <strong>1441</strong><br />(-19 for losing)\n|raw|asubircomolaespuma's rating: 1480 &rarr; <strong>1499</strong><br />(+19 for winning)\n|l|\u2606Tubandchubb\n|player|p1|\n",
  "uploadtime": 1776571041,
  "views": 17,
  "formatid": "gen9championsvgc2026regma",
  "rating": 1441,
  "private": 0,
  "password": null
}