{
  "id": "gen9championsvgc2026regma-2580994812",
  "format": "[Gen 9 Champions] VGC 2026 Reg M-A",
  "players": [
    "CappyCappy",
    "Tank078"
  ],
  "log": "|j|\u2606CappyCappy\n|j|\u2606Tank078\n|t:|1775949986\n|gametype|doubles\n|player|p1|CappyCappy|miku-fairy|1020\n|player|p2|Tank078|2|1062\n|gen|9\n|tier|[Gen 9 Champions] VGC 2026 Reg M-A\n|rated|\n|rule|Species Clause: Limit one of each Pok\u00e9mon\n|rule|Item Clause: Limit 1 of each item\n|clearpoke\n|poke|p1|Archaludon, L50, M|\n|poke|p1|Sneasler, L50, M|\n|poke|p1|Whimsicott, L50, F|\n|poke|p1|Incineroar, L50, M|\n|poke|p1|Gallade, L50, M|\n|poke|p1|Tyranitar, L50, M|\n|poke|p2|Tyranitar, L50, F|\n|poke|p2|Excadrill, L50, M|\n|poke|p2|Gyarados, L50, F|\n|poke|p2|Sinistcha, L50|\n|poke|p2|Gardevoir, L50, F|\n|poke|p2|Rotom-Heat, L50|\n|teampreview|4\nCappyCappy rejected open team sheets.\n|inactive|Battle timer is ON: inactive players will automatically lose when time's up. (requested by CappyCappy)\n|inactive|CappyCappy has 60 seconds left.\n|\n|t:|1775950054\n|teamsize|p1|4\n|teamsize|p2|4\n|start\n|switch|p1a: Whimsicott|Whimsicott, L50, F|100/100\n|switch|p1b: Sneasler|Sneasler, L50, M|100/100\n|switch|p2a: Gardevoir|Gardevoir, L50, F|100/100\n|switch|p2b: Sinistcha|Sinistcha, L50|100/100\n|turn|1\n|inactive|CappyCappy has 30 seconds left.\n|\n|t:|1775950084\n|move|p2b: Sinistcha|Rage Powder|p2b: Sinistcha\n|-singleturn|p2b: Sinistcha|move: Rage Powder\n|move|p1b: Sneasler|Dire Claw|p2b: Sinistcha\n|-damage|p2b: Sinistcha|53/100\n|-status|p2b: Sinistcha|par\n|move|p1a: Whimsicott|Moonblast|p2a: Gardevoir\n|-damage|p2a: Gardevoir|74/100\n|move|p2a: Gardevoir|Psyshock|p1b: Sneasler\n|-supereffective|p1b: Sneasler|2\n|-damage|p1b: Sneasler|0 fnt\n|faint|p1b: Sneasler\n|\n|upkeep\n|\n|t:|1775950102\n|switch|p1b: Archaludon|Archaludon, L50, M|100/100\n|turn|2\n|\n|t:|1775950116\n|detailschange|p2a: Gardevoir|Gardevoir-Mega, L50, F\n|-mega|p2a: Gardevoir|Gardevoir|Gardevoirite\n|cant|p2b: Sinistcha|par\n|move|p1a: Whimsicott|Tailwind|p1a: Whimsicott\n|-sidestart|p1: CappyCappy|move: Tailwind\n|move|p1b: Archaludon|Flash Cannon|p2a: Gardevoir\n|-supereffective|p2a: Gardevoir|1\n|-damage|p2a: Gardevoir|0 fnt\n|faint|p2a: Gardevoir\n|\n|upkeep\n|\n|t:|1775950124\n|switch|p2a: Rotom|Rotom-Heat, L50|100/100\n|turn|3\n|inactive|CappyCappy has 30 seconds left.\n|inactive|CappyCappy has 20 seconds left.\n|\n|t:|1775950162\n|switch|p2b: Gyarados|Gyarados, L50, F|100/100\n|-ability|p2b: Gyarados|Intimidate|boost\n|-unboost|p1a: Whimsicott|atk|1\n|-unboost|p1b: Archaludon|atk|1\n|move|p1b: Archaludon|Draco Meteor|p2a: Rotom\n|-damage|p2a: Rotom|1/100\n|-unboost|p1b: Archaludon|spa|2\n|move|p1a: Whimsicott|Moonblast|p2b: Gyarados\n|-damage|p2b: Gyarados|78/100\n|move|p2a: Rotom|Overheat|p1b: Archaludon\n|-damage|p1b: Archaludon|14/100\n|-unboost|p2a: Rotom|spa|2\n|\n|-heal|p1b: Archaludon|20/100|[from] item: Leftovers\n|-heal|p2b: Gyarados|84/100|[from] item: Leftovers\n|upkeep\n|turn|4\n|\n|t:|1775950186\n|move|p1b: Archaludon|Draco Meteor|p2b: Gyarados\n|-damage|p2b: Gyarados|54/100\n|-unboost|p1b: Archaludon|spa|2\n|move|p1a: Whimsicott|Moonblast|p2a: Rotom\n|-resisted|p2a: Rotom|1\n|-damage|p2a: Rotom|0 fnt\n|faint|p2a: Rotom\n|move|p2b: Gyarados|Thunder Wave|p1b: Archaludon\n|-status|p1b: Archaludon|par\n|\n|-heal|p1b: Archaludon|26/100 par|[from] item: Leftovers\n|-heal|p2b: Gyarados|60/100|[from] item: Leftovers\n|upkeep\n|\n|t:|1775950190\n|switch|p2a: Sinistcha|Sinistcha, L50|53/100 par\n|-heal|p2b: Gyarados|85/100|[from] ability: Hospitality|[of] p2a: Sinistcha\n|turn|5\n|inactive|CappyCappy has 30 seconds left.\n|\n|t:|1775950215\n|switch|p1b: Gallade|Gallade, L50, M, shiny|100/100\n|move|p1a: Whimsicott|Moonblast|p2b: Gyarados\n|-damage|p2b: Gyarados|62/100\n|move|p2b: Gyarados|Waterfall|p1b: Gallade\n|-damage|p1b: Gallade|16/100\n|move|p2a: Sinistcha|Shadow Ball|p1b: Gallade\n|-supereffective|p1b: Gallade|1\n|-damage|p1b: Gallade|0 fnt\n|faint|p1b: Gallade\n|\n|-heal|p2b: Gyarados|68/100|[from] item: Leftovers\n|-sideend|p1: CappyCappy|move: Tailwind\n|upkeep\n|\n|t:|1775950224\n|switch|p1b: Archaludon|Archaludon, L50, M|26/100 par\n|turn|6\n|\n|t:|1775950236\n|move|p1a: Whimsicott|Tailwind|p1a: Whimsicott\n|-sidestart|p1: CappyCappy|move: Tailwind\n|move|p1b: Archaludon|Draco Meteor|p2b: Gyarados\n|-damage|p2b: Gyarados|4/100\n|-unboost|p1b: Archaludon|spa|2\n|move|p2b: Gyarados|Waterfall|p1b: Archaludon\n|-resisted|p1b: Archaludon|1\n|-damage|p1b: Archaludon|8/100 par\n|move|p2a: Sinistcha|Shadow Ball|p1b: Archaludon\n|-damage|p1b: Archaludon|0 fnt\n|faint|p1b: Archaludon\n|\n|-heal|p2b: Gyarados|10/100|[from] item: Leftovers\n|upkeep\n|turn|7\n|\n|t:|1775950248\n|move|p2b: Gyarados|Protect|p2b: Gyarados\n|-singleturn|p2b: Gyarados|Protect\n|move|p1a: Whimsicott|Moonblast|p2b: Gyarados\n|-activate|p2b: Gyarados|move: Protect\n|move|p2a: Sinistcha|Trick Room|p2a: Sinistcha\n|-fieldstart|move: Trick Room|[of] p2a: Sinistcha\n|\n|-heal|p2b: Gyarados|16/100|[from] item: Leftovers\n|upkeep\n|turn|8\n|\n|t:|1775950258\n|move|p2a: Sinistcha|Shadow Ball|p1a: Whimsicott\n|-damage|p1a: Whimsicott|54/100\n|move|p2b: Gyarados|Waterfall|p1a: Whimsicott\n|-resisted|p1a: Whimsicott|1\n|-damage|p1a: Whimsicott|31/100\n|move|p1a: Whimsicott|Moonblast|p2b: Gyarados\n|-damage|p2b: Gyarados|0 fnt\n|faint|p2b: Gyarados\n|\n|upkeep\n|turn|9\n|\n|t:|1775950270\n|move|p2a: Sinistcha|Shadow Ball|p1a: Whimsicott\n|-damage|p1a: Whimsicott|0 fnt\n|faint|p1a: Whimsicott\n|\n|win|Tank078\n|raw|CappyCappy's rating: 1020 &rarr; <strong>1009</strong><br />(-11 for losing)\n|raw|Tank078's rating: 1062 &rarr; <strong>1089</strong><br />(+27 for winning)\n",
  "uploadtime": 1775950271,
  "views": 10,
  "formatid": "gen9championsvgc2026regma",
  "rating": 1009,
  "private": 0,
  "password": null
}