{
  "id": "gen9championsvgc2026regma-2584141192",
  "format": "[Gen 9 Champions] VGC 2026 Reg M-A",
  "players": [
    "Samalamawahehek",
    "Prohxy"
  ],
  "log": "|j|\u2606Samalamawahehek\n|j|\u2606Prohxy\n|t:|1776229872\n|gametype|doubles\n|player|p1|Samalamawahehek|swimmer-gen4|1011\n|player|p2|Prohxy|lorelei-lgpe|1061\n|gen|9\n|tier|[Gen 9 Champions] VGC 2026 Reg M-A\n|rated|\n|rule|Species Clause: Limit one of each Pok\u00e9mon\n|rule|Item Clause: Limit 1 of each item\n|clearpoke\n|poke|p1|Milotic, L50, F|\n|poke|p1|Corviknight, L50, M|\n|poke|p1|Morpeko, L50, M|\n|poke|p1|Ninetales-Alola, L50, F|\n|poke|p1|Florges, L50, F|\n|poke|p1|Clawitzer, L50, F|\n|poke|p2|Manectric, L50, F|\n|poke|p2|Tauros-Paldea-Blaze, L50, M|\n|poke|p2|Politoed, L50, F|\n|poke|p2|Altaria, L50, M|\n|poke|p2|Basculegion, L50, M|\n|poke|p2|Tsareena, L50, F|\n|teampreview|4\n|inactive|Battle timer is ON: inactive players will automatically lose when time's up. (requested by Prohxy)\n|\n|t:|1776229891\n|teamsize|p1|4\n|teamsize|p2|4\n|start\n|switch|p1a: Milotic|Milotic, L50, F|100/100\n|switch|p1b: Ninetales|Ninetales-Alola, L50, F, shiny|100/100\n|switch|p2a: Altaria|Altaria, L50, M, shiny|100/100\n|switch|p2b: Tsareena|Tsareena, L50, F, shiny|100/100\n|-weather|Snowscape|[from] ability: Snow Warning|[of] p1b: Ninetales\n|-ability|p2a: Altaria|Cloud Nine\n|turn|1\n|inactive|Samalamawahehek has 30 seconds left.\n|inactive|Samalamawahehek has 20 seconds left.\n|\n|t:|1776229928\n|move|p1b: Ninetales|Nasty Plot|p1b: Ninetales\n|-boost|p1b: Ninetales|spa|2\n|move|p2a: Altaria|Tailwind|p2a: Altaria\n|-sidestart|p2: Prohxy|move: Tailwind\n|move|p2b: Tsareena|Trop Kick|p1a: Milotic\n|-supereffective|p1a: Milotic|1\n|-damage|p1a: Milotic|0 fnt\n|faint|p1a: Milotic\n|\n|-weather|Snowscape|[upkeep]\n|upkeep\n|\n|t:|1776229943\n|switch|p1a: Clawitzer|Clawitzer, L50, F|100/100\n|turn|2\n|\n|t:|1776229960\n|move|p1b: Ninetales|Helping Hand|p1a: Clawitzer\n|-singleturn|p1a: Clawitzer|Helping Hand|[of] p1b: Ninetales\n|move|p2a: Altaria|Heat Wave|p1b: Ninetales|[spread] p1a\n|-miss|p2a: Altaria|p1b: Ninetales\n|-resisted|p1a: Clawitzer|1\n|-damage|p1a: Clawitzer|89/100\n|move|p2b: Tsareena|Trop Kick|p1a: Clawitzer\n|-supereffective|p1a: Clawitzer|1\n|-damage|p1a: Clawitzer|0 fnt\n|faint|p1a: Clawitzer\n|\n|-weather|Snowscape|[upkeep]\n|upkeep\n|\n|t:|1776229974\n|switch|p1a: Morpeko|Morpeko, L50, M, shiny|100/100\n|turn|3\n|inactive|Prohxy has 30 seconds left.\n|inactive|Prohxy has 20 seconds left.\n|\n|t:|1776230012\n|detailschange|p2a: Altaria|Altaria-Mega, L50, M, shiny\n|-mega|p2a: Altaria|Altaria|Altarianite\n|move|p2a: Altaria|Hyper Voice|p1a: Morpeko|[spread] p1a,p1b\n|-supereffective|p1a: Morpeko|1\n|-enditem|p1a: Morpeko|Focus Sash\n|-damage|p1a: Morpeko|1/100\n|-damage|p1b: Ninetales|59/100\n|move|p2b: Tsareena|U-turn|p1a: Morpeko\n|-supereffective|p1a: Morpeko|1\n|-damage|p1a: Morpeko|0 fnt\n|faint|p1a: Morpeko\n|\n|t:|1776230025\n|switch|p2b: Politoed|Politoed, L50, F, shiny|100/100|[from] U-turn\n|-weather|RainDance|[from] ability: Drizzle|[of] p2b: Politoed\n|move|p1b: Ninetales|Freeze-Dry|p2b: Politoed\n|-supereffective|p2b: Politoed|1\n|-damage|p2b: Politoed|5/100\n|\n|-weather|RainDance|[upkeep]\n|upkeep\n|turn|4\n|\n|t:|1776230048\n|move|p2a: Altaria|Heat Wave|p1b: Ninetales\n|-supereffective|p1b: Ninetales|1\n|-damage|p1b: Ninetales|28/100\n|move|p2b: Politoed|Icy Wind|p1b: Ninetales\n|-resisted|p1b: Ninetales|1\n|-damage|p1b: Ninetales|22/100\n|-unboost|p1b: Ninetales|spe|1\n|move|p1b: Ninetales|Freeze-Dry|p2b: Politoed\n|-supereffective|p2b: Politoed|1\n|-damage|p2b: Politoed|0 fnt\n|faint|p2b: Politoed\n|\n|-weather|RainDance|[upkeep]\n|-sideend|p2: Prohxy|move: Tailwind\n|upkeep\n|\n|t:|1776230061\n|switch|p2b: Manectric|Manectric, L50, F, shiny|100/100\n|turn|5\n|\n|t:|1776230072\n|move|p2b: Manectric|Flamethrower|p1b: Ninetales\n|-supereffective|p1b: Ninetales|1\n|-damage|p1b: Ninetales|0 fnt\n|faint|p1b: Ninetales\n|\n|win|Prohxy\n|raw|Samalamawahehek's rating: 1011 &rarr; <strong>1001</strong><br />(-10 for losing)\n|raw|Prohxy's rating: 1061 &rarr; <strong>1087</strong><br />(+26 for winning)\n",
  "uploadtime": 1776230077,
  "views": 19,
  "formatid": "gen9championsvgc2026regma",
  "rating": 1001,
  "private": 0,
  "password": null
}