{
  "id": "gen9championsvgc2026regma-2580622677",
  "format": "[Gen 9 Champions] VGC 2026 Reg M-A",
  "players": [
    "AAACompanyBtw",
    "santhenix92"
  ],
  "log": "|j|\u2606AAACompanyBtw\n|j|\u2606santhenix92\n|t:|1775918960\n|gametype|doubles\n|player|p1|AAACompanyBtw|2|1120\n|player|p2|santhenix92|lance|1143\n|gen|9\n|tier|[Gen 9 Champions] VGC 2026 Reg M-A\n|rated|\n|rule|Species Clause: Limit one of each Pok\u00e9mon\n|rule|Item Clause: Limit 1 of each item\n|clearpoke\n|poke|p1|Incineroar, L50, F|\n|poke|p1|Pelipper, L50, F|\n|poke|p1|Basculegion, L50, M|\n|poke|p1|Mamoswine, L50, M|\n|poke|p1|Rotom-Wash, L50|\n|poke|p1|Dragonite, L50, M|\n|poke|p2|Garchomp, L50, F|\n|poke|p2|Delphox, L50, M|\n|poke|p2|Luxray, L50, M|\n|poke|p2|Torkoal, L50, M|\n|poke|p2|Scizor, L50, F|\n|poke|p2|Sneasler, L50, M|\n|teampreview|4\n|\n|t:|1775919026\n|teamsize|p1|4\n|teamsize|p2|4\n|start\n|switch|p1a: Pelipper|Pelipper, L50, F|100/100\n|switch|p1b: Basculegion|Basculegion, L50, M|100/100\n|switch|p2a: Scizor|Scizor, L50, F|100/100\n|switch|p2b: Luxray|Luxray, L50, M|100/100\n|-ability|p2b: Luxray|Intimidate|boost\n|-unboost|p1a: Pelipper|atk|1\n|-unboost|p1b: Basculegion|atk|1\n|-weather|RainDance|[from] ability: Drizzle|[of] p1a: Pelipper\n|turn|1\n|inactive|Battle timer is ON: inactive players will automatically lose when time's up. (requested by AAACompanyBtw)\n|\n|t:|1775919052\n|move|p1a: Pelipper|Protect|p1a: Pelipper\n|-singleturn|p1a: Pelipper|Protect\n|move|p1b: Basculegion|Flip Turn|p2a: Scizor\n|-damage|p2a: Scizor|63/100\n|\n|t:|1775919064\n|switch|p1b: Mamoswine|Mamoswine, L50, M|100/100|[from] Flip Turn\n|move|p2b: Luxray|Volt Switch|p1a: Pelipper\n|-activate|p1a: Pelipper|move: Protect\n|move|p2a: Scizor|Swords Dance|p2a: Scizor\n|-boost|p2a: Scizor|atk|2\n|\n|-weather|RainDance|[upkeep]\n|upkeep\n|turn|2\n|inactive|AAACompanyBtw has 30 seconds left.\n|inactive|santhenix92 has 30 seconds left.\n|\n|t:|1775919096\n|move|p2b: Luxray|Helping Hand|p2a: Scizor\n|-singleturn|p2a: Scizor|Helping Hand|[of] p2b: Luxray\n|move|p1b: Mamoswine|Protect|p1b: Mamoswine\n|-singleturn|p1b: Mamoswine|Protect\n|move|p2a: Scizor|Bullet Punch|p1b: Mamoswine\n|-activate|p1b: Mamoswine|move: Protect\n|move|p1a: Pelipper|Muddy Water|p2a: Scizor|[spread] p2b\n|-miss|p1a: Pelipper|p2a: Scizor\n|-crit|p2b: Luxray\n|-damage|p2b: Luxray|48/100\n|-unboost|p2b: Luxray|accuracy|1\n|-enditem|p2b: Luxray|Sitrus Berry|[eat]\n|-heal|p2b: Luxray|72/100|[from] item: Sitrus Berry\n|\n|-weather|RainDance|[upkeep]\n|upkeep\n|turn|3\n|\n|t:|1775919121\n|switch|p1b: Dragonite|Dragonite, L50, M|100/100\n|move|p2a: Scizor|Bullet Punch|p1b: Dragonite\n|-damage|p1b: Dragonite|31/100\n|move|p2b: Luxray|Volt Switch|p1a: Pelipper\n|-supereffective|p1a: Pelipper|2\n|-enditem|p1a: Pelipper|Focus Sash\n|-damage|p1a: Pelipper|1/100\n|\n|t:|1775919132\n|switch|p2b: Garchomp|Garchomp, L50, F|100/100|[from] Volt Switch\n|move|p1a: Pelipper|Hurricane|p2a: Scizor\n|-damage|p2a: Scizor|19/100\n|-start|p2a: Scizor|confusion\n|\n|-weather|RainDance|[upkeep]\n|upkeep\n|turn|4\n|\n|t:|1775919153\n|switch|p1a: Basculegion|Basculegion, L50, M|100/100\n|detailschange|p1b: Dragonite|Dragonite-Mega, L50, M\n|-mega|p1b: Dragonite|Dragonite|Dragoninite\n|move|p1b: Dragonite|Protect|p1b: Dragonite\n|-singleturn|p1b: Dragonite|Protect\n|-activate|p2a: Scizor|confusion\n|move|p2a: Scizor|Bullet Punch|p1b: Dragonite\n|-activate|p1b: Dragonite|move: Protect\n|move|p2b: Garchomp|Rock Slide|p1b: Dragonite|[spread] \n|-activate|p1b: Dragonite|move: Protect\n|-miss|p2b: Garchomp|p1a: Basculegion\n|\n|-weather|RainDance|[upkeep]\n|upkeep\n|turn|5\n|inactive|AAACompanyBtw has 30 seconds left.\n|\n|t:|1775919180\n|move|p1a: Basculegion|Aqua Jet|p2a: Scizor\n|-damage|p2a: Scizor|0 fnt\n|faint|p2a: Scizor\n|move|p2b: Garchomp|Rock Slide|p1a: Basculegion|[spread] p1a,p1b\n|-supereffective|p1b: Dragonite|1\n|-damage|p1a: Basculegion|74/100\n|-damage|p1b: Dragonite|0 fnt\n|faint|p1b: Dragonite\n|\n|-weather|none\n|upkeep\n|\n|t:|1775919198\n|switch|p1b: Mamoswine|Mamoswine, L50, M|100/100\n|switch|p2a: Luxray|Luxray, L50, M|72/100\n|-ability|p2a: Luxray|Intimidate|boost\n|-unboost|p1a: Basculegion|atk|1\n|-fail|p1b: Mamoswine|unboost|Attack|[from] ability: Oblivious|[of] p1b: Mamoswine\n|turn|6\n|\n|t:|1775919217\n|switch|p1a: Pelipper|Pelipper, L50, F|1/100\n|-weather|RainDance|[from] ability: Drizzle|[of] p1a: Pelipper\n|move|p2b: Garchomp|Protect|p2b: Garchomp\n|-singleturn|p2b: Garchomp|Protect\n|move|p1b: Mamoswine|Earthquake|p2b: Garchomp|[spread] p2a\n|-activate|p2b: Garchomp|move: Protect\n|-immune|p1a: Pelipper\n|-supereffective|p2a: Luxray|1\n|-damage|p2a: Luxray|0 fnt\n|faint|p2a: Luxray\n|\n|-weather|RainDance|[upkeep]\n|upkeep\n|\n|t:|1775919233\n|switch|p2a: Delphox|Delphox, L50, M|100/100\n|turn|7\n|inactive|AAACompanyBtw has 30 seconds left.\n|inactive|AAACompanyBtw has 20 seconds left.\n|\n|t:|1775919269\n|detailschange|p2a: Delphox|Delphox-Mega, L50, M\n|-mega|p2a: Delphox|Delphox|Delphoxite\n|move|p1a: Pelipper|Protect|p1a: Pelipper\n|-singleturn|p1a: Pelipper|Protect\n|move|p1b: Mamoswine|Ice Shard|p2b: Garchomp\n|-supereffective|p2b: Garchomp|2\n|-damage|p2b: Garchomp|4/100\n|move|p2a: Delphox|Psychic|p1b: Mamoswine\n|-damage|p1b: Mamoswine|36/100\n|move|p2b: Garchomp|Rock Slide|p1a: Pelipper|[spread] p1b\n|-activate|p1a: Pelipper|move: Protect\n|-damage|p1b: Mamoswine|13/100\n|\n|-weather|RainDance|[upkeep]\n|upkeep\n|turn|8\n|\n|t:|1775919289\n|move|p2b: Garchomp|Protect|p2b: Garchomp\n|-singleturn|p2b: Garchomp|Protect\n|move|p1b: Mamoswine|Protect|p1b: Mamoswine\n|-singleturn|p1b: Mamoswine|Protect\n|move|p2a: Delphox|Heat Wave|p1a: Pelipper|[spread] p1a\n|-activate|p1b: Mamoswine|move: Protect\n|-resisted|p1a: Pelipper|1\n|-damage|p1a: Pelipper|0 fnt\n|faint|p1a: Pelipper\n|\n|-weather|RainDance|[upkeep]\n|upkeep\n|\n|t:|1775919298\n|switch|p1a: Basculegion|Basculegion, L50, M|74/100\n|turn|9\n|\n|t:|1775919318\n|move|p2b: Garchomp|Protect||[still]\n|-fail|p2b: Garchomp\n|move|p1b: Mamoswine|Ice Shard|p2b: Garchomp\n|-supereffective|p2b: Garchomp|2\n|-damage|p2b: Garchomp|0 fnt\n|faint|p2b: Garchomp\n|move|p1a: Basculegion|Last Respects|p2a: Delphox\n|-supereffective|p2a: Delphox|1\n|-damage|p2a: Delphox|0 fnt\n|faint|p2a: Delphox\n|\n|win|AAACompanyBtw\n|raw|AAACompanyBtw's rating: 1120 &rarr; <strong>1147</strong><br />(+27 for winning)\n|raw|santhenix92's rating: 1143 &rarr; <strong>1116</strong><br />(-27 for losing)\n",
  "uploadtime": 1775919329,
  "views": 12,
  "formatid": "gen9championsvgc2026regma",
  "rating": 1116,
  "private": 0,
  "password": null
}