{
  "id": "gen9championsvgc2026regma-2588559280",
  "format": "[Gen 9 Champions] VGC 2026 Reg M-A",
  "players": [
    "lun4rspace",
    "kid_the_phantom"
  ],
  "log": "|j|\u2606lun4rspace\n|j|\u2606kid_the_phantom\n|t:|1776644933\n|gametype|doubles\n|player|p1|lun4rspace|266|1212\n|player|p2|kid_the_phantom|2|1164\n|gen|9\n|tier|[Gen 9 Champions] VGC 2026 Reg M-A\n|rated|\n|rule|Species Clause: Limit one of each Pok\u00e9mon\n|rule|Item Clause: Limit 1 of each item\n|clearpoke\n|poke|p1|Aerodactyl, L50, M|\n|poke|p1|Basculegion, L50, M|\n|poke|p1|Kommo-o, L50, M|\n|poke|p1|Scizor, L50, F|\n|poke|p1|Scovillain, L50, M|\n|poke|p1|Sneasler, L50, M|\n|poke|p2|Tyranitar, L50, M|\n|poke|p2|Excadrill, L50, F|\n|poke|p2|Milotic, L50, M|\n|poke|p2|Sneasler, L50, M|\n|poke|p2|Basculegion, L50, M|\n|poke|p2|Dragonite, L50, M|\n|teampreview|4\n|\n|t:|1776644965\n|teamsize|p1|4\n|teamsize|p2|4\n|start\n|switch|p1a: Scovillain|Scovillain, L50, M|100/100\n|switch|p1b: Sneasler|Sneasler, L50, M|100/100\n|switch|p2a: Milotic|Milotic, L50, M|100/100\n|switch|p2b: Dragonite|Dragonite, L50, M|100/100\n|turn|1\n|\n|t:|1776644989\n|switch|p1b: Basculegion|Basculegion, L50, M|100/100\n|detailschange|p2b: Dragonite|Dragonite-Mega, L50, M\n|-mega|p2b: Dragonite|Dragonite|Dragoninite\n|detailschange|p1a: Scovillain|Scovillain-Mega, L50, M\n|-mega|p1a: Scovillain|Scovillain|Scovillainite\n|move|p1a: Scovillain|Rage Powder|p1a: Scovillain\n|-singleturn|p1a: Scovillain|move: Rage Powder\n|move|p2b: Dragonite|Breaking Swipe|p1a: Scovillain|[spread] p1a,p1b\n|-crit|p1b: Basculegion\n|-damage|p1a: Scovillain|87/100\n|-damage|p1b: Basculegion|76/100\n|-unboost|p1a: Scovillain|atk|1\n|-unboost|p1b: Basculegion|atk|1\n|-status|p2b: Dragonite|brn|[from] ability: Spicy Spray|[of] p1a: Scovillain\n|move|p2a: Milotic|Icy Wind|p1b: Basculegion|[spread] p1a,p1b\n|-resisted|p1b: Basculegion|1\n|-damage|p1a: Scovillain|75/100\n|-damage|p1b: Basculegion|72/100\n|-unboost|p1a: Scovillain|spe|1\n|-unboost|p1b: Basculegion|spe|1\n|-status|p2a: Milotic|brn|[from] ability: Spicy Spray|[of] p1a: Scovillain\n|\n|-damage|p2b: Dragonite|94/100 brn|[from] brn\n|-damage|p2a: Milotic|94/100 brn|[from] brn\n|upkeep\n|turn|2\n|\n|t:|1776645020\n|move|p1a: Scovillain|Rage Powder|p1a: Scovillain\n|-singleturn|p1a: Scovillain|move: Rage Powder\n|move|p2b: Dragonite|Draco Meteor|p1a: Scovillain\n|-damage|p1a: Scovillain|0 fnt\n|-unboost|p2b: Dragonite|spa|2\n|faint|p1a: Scovillain\n|move|p2a: Milotic|Coil|p2a: Milotic\n|-boost|p2a: Milotic|atk|1\n|-boost|p2a: Milotic|def|1\n|-boost|p2a: Milotic|accuracy|1\n|move|p1b: Basculegion|Wave Crash|p2b: Dragonite\n|-resisted|p2b: Dragonite|1\n|-damage|p2b: Dragonite|73/100 brn\n|-damage|p1b: Basculegion|65/100|[from] Recoil\n|\n|-heal|p2a: Milotic|100/100 brn|[from] item: Leftovers\n|-damage|p2b: Dragonite|67/100 brn|[from] brn\n|-damage|p2a: Milotic|94/100 brn|[from] brn\n|upkeep\n|inactive|Battle timer is ON: inactive players will automatically lose when time's up. (requested by kid_the_phantom)\n|\n|t:|1776645056\n|switch|p1a: Kommo-o|Kommo-o, L50, M|100/100\n|turn|3\n|\n|t:|1776645068\n|move|p1a: Kommo-o|Clanging Scales|p2b: Dragonite|[spread] p2a,p2b\n|-supereffective|p2b: Dragonite|1\n|-damage|p2a: Milotic|69/100 brn\n|-damage|p2b: Dragonite|9/100 brn\n|-unboost|p1a: Kommo-o|def|1\n|move|p2b: Dragonite|Draco Meteor|p1a: Kommo-o\n|-supereffective|p1a: Kommo-o|1\n|-damage|p1a: Kommo-o|14/100\n|-unboost|p2b: Dragonite|spa|2\n|move|p2a: Milotic|Hypnosis|p1a: Kommo-o\n|-status|p1a: Kommo-o|slp|[from] move: Hypnosis\n|move|p1b: Basculegion|Last Respects|p2b: Dragonite\n|-damage|p2b: Dragonite|0 fnt\n|faint|p2b: Dragonite\n|\n|-heal|p1a: Kommo-o|20/100 slp|[from] item: Leftovers\n|-heal|p2a: Milotic|75/100 brn|[from] item: Leftovers\n|-damage|p2a: Milotic|69/100 brn|[from] brn\n|upkeep\n|\n|t:|1776645083\n|switch|p2b: Basculegion|Basculegion, L50, M|100/100\n|-ability|p2b: Basculegion|Mold Breaker\n|turn|4\n|inactive|lun4rspace has 30 seconds left.\n|\n|t:|1776645108\n|move|p2b: Basculegion|Last Respects|p1b: Basculegion\n|-supereffective|p1b: Basculegion|1\n|-damage|p1b: Basculegion|0 fnt\n|faint|p1b: Basculegion\n|cant|p1a: Kommo-o|slp\n|move|p2a: Milotic|Icy Wind|p1a: Kommo-o\n|-supereffective|p1a: Kommo-o|1\n|-damage|p1a: Kommo-o|0 fnt\n|faint|p1a: Kommo-o\n|\n|-heal|p2a: Milotic|75/100 brn|[from] item: Leftovers\n|-damage|p2a: Milotic|69/100 brn|[from] brn\n|upkeep\n|\n|t:|1776645127\n|switch|p1b: Sneasler|Sneasler, L50, M|100/100\n|turn|5\n|-message|lun4rspace forfeited.\n|\n|win|kid_the_phantom\n|raw|lun4rspace's rating: 1212 &rarr; <strong>1184</strong><br />(-28 for losing)\n|raw|kid_the_phantom's rating: 1164 &rarr; <strong>1192</strong><br />(+28 for winning)\n",
  "uploadtime": 1776645143,
  "views": 9,
  "formatid": "gen9championsvgc2026regma",
  "rating": 1184,
  "private": 0,
  "password": null
}