{
  "id": "gen9championsvgc2026regma-2584727868",
  "format": "[Gen 9 Champions] VGC 2026 Reg M-A",
  "players": [
    "kiwideterre",
    "spreckz"
  ],
  "log": "|j|\u2606kiwideterre\n|j|\u2606spreckz\n|t:|1776279450\n|gametype|doubles\n|player|p1|kiwideterre|101|1109\n|player|p2|spreckz|miku-ghost|1205\n|gen|9\n|tier|[Gen 9 Champions] VGC 2026 Reg M-A\n|rated|\n|rule|Species Clause: Limit one of each Pok\u00e9mon\n|rule|Item Clause: Limit 1 of each item\n|clearpoke\n|poke|p1|Raichu-Alola, L50, F|\n|poke|p1|Camerupt, L50, M|\n|poke|p1|Sinistcha-Masterpiece, L50|\n|poke|p1|Tauros-Paldea-Aqua, L50, M|\n|poke|p1|Corviknight, L50, M|\n|poke|p1|Glimmora, L50, F|\n|poke|p2|Drampa, L50, M|\n|poke|p2|Sinistcha, L50|\n|poke|p2|Kingambit, L50, M|\n|poke|p2|Incineroar, L50, M|\n|poke|p2|Farigiraf, L50, M|\n|poke|p2|Milotic, L50, F|\n|teampreview|4\n|\n|t:|1776279489\n|teamsize|p1|4\n|teamsize|p2|4\n|start\n|switch|p1a: Camerupt|Camerupt, L50, M|100/100\n|switch|p1b: Raichu|Raichu-Alola, L50, F|100/100\n|switch|p2a: Incineroar|Incineroar, L50, M|100/100\n|switch|p2b: Farigiraf|Farigiraf, L50, M, shiny|100/100\n|-ability|p2a: Incineroar|Intimidate|boost\n|-unboost|p1a: Camerupt|atk|1\n|-unboost|p1b: Raichu|atk|1\n|turn|1\n|\n|t:|1776279528\n|switch|p1b: Tauros|Tauros-Paldea-Aqua, L50, M|100/100\n|-ability|p1b: Tauros|Intimidate|boost\n|-unboost|p2a: Incineroar|atk|1\n|-unboost|p2b: Farigiraf|atk|1\n|move|p1a: Camerupt|Protect|p1a: Camerupt\n|-singleturn|p1a: Camerupt|Protect\n|move|p2a: Incineroar|Fake Out|p1a: Camerupt\n|-activate|p1a: Camerupt|move: Protect\n|move|p2b: Farigiraf|Trick Room|p2b: Farigiraf\n|-fieldstart|move: Trick Room|[of] p2b: Farigiraf\n|\n|upkeep\n|turn|2\n|\n|t:|1776279546\n|detailschange|p1a: Camerupt|Camerupt-Mega, L50, M\n|-mega|p1a: Camerupt|Camerupt|Cameruptite\n|move|p1a: Camerupt|Eruption|p2b: Farigiraf|[spread] p2a,p2b\n|-resisted|p2a: Incineroar|1\n|-damage|p2a: Incineroar|65/100\n|-damage|p2b: Farigiraf|35/100\n|move|p2b: Farigiraf|Psychic|p1b: Tauros\n|-supereffective|p1b: Tauros|1\n|-damage|p1b: Tauros|0 fnt\n|faint|p1b: Tauros\n|move|p2a: Incineroar|Parting Shot|p1a: Camerupt\n|-unboost|p1a: Camerupt|atk|1\n|-unboost|p1a: Camerupt|spa|1\n|\n|t:|1776279562\n|switch|p2a: Drampa|Drampa, L50, M, shiny|100/100|[from] Parting Shot\n|-ability|p2a: Drampa|Cloud Nine\n|\n|upkeep\n|\n|t:|1776279573\n|switch|p1b: Sinistcha|Sinistcha-Masterpiece, L50|100/100\n|turn|3\n|\n|t:|1776279604\n|detailschange|p2a: Drampa|Drampa-Mega, L50, M, shiny\n|-mega|p2a: Drampa|Drampa|Drampanite\n|move|p2b: Farigiraf|Helping Hand|p2a: Drampa\n|-singleturn|p2a: Drampa|Helping Hand|[of] p2b: Farigiraf\n|move|p1b: Sinistcha|Rage Powder|p1b: Sinistcha\n|-singleturn|p1b: Sinistcha|move: Rage Powder\n|move|p1a: Camerupt|Eruption|p2b: Farigiraf|[spread] p2a,p2b\n|-resisted|p2a: Drampa|1\n|-damage|p2a: Drampa|81/100\n|-damage|p2b: Farigiraf|0 fnt\n|faint|p2b: Farigiraf\n|move|p2a: Drampa|Draco Meteor|p1b: Sinistcha\n|-damage|p1b: Sinistcha|0 fnt\n|-unboost|p2a: Drampa|spa|2\n|faint|p1b: Sinistcha\n|\n|upkeep\n|\n|t:|1776279618\n|switch|p2b: Incineroar|Incineroar, L50, M|65/100\n|switch|p1b: Raichu|Raichu-Alola, L50, F|100/100\n|-ability|p2b: Incineroar|Intimidate|boost\n|-unboost|p1a: Camerupt|atk|1\n|-unboost|p1b: Raichu|atk|1\n|turn|4\n|\n|t:|1776279651\n|move|p1a: Camerupt|Earth Power|p2b: Incineroar\n|-supereffective|p2b: Incineroar|1\n|-damage|p2b: Incineroar|0 fnt\n|faint|p2b: Incineroar\n|move|p2a: Drampa|Hyper Voice|p1b: Raichu|[spread] p1a,p1b\n|-damage|p1a: Camerupt|80/100\n|-damage|p1b: Raichu|63/100\n|move|p1b: Raichu|Electroweb|p2a: Drampa\n|-resisted|p2a: Drampa|1\n|-damage|p2a: Drampa|71/100\n|-unboost|p2a: Drampa|spe|1\n|\n|upkeep\n|\n|t:|1776279660\n|switch|p2b: Sinistcha|Sinistcha, L50|100/100\n|-heal|p2a: Drampa|96/100|[from] ability: Hospitality|[of] p2b: Sinistcha\n|turn|5\n|\n|t:|1776279679\n|move|p2a: Drampa|Hyper Voice|p1b: Raichu|[spread] p1a,p1b\n|-damage|p1a: Camerupt|58/100\n|-damage|p1b: Raichu|29/100\n|move|p1a: Camerupt|Heat Wave|p2a: Drampa|[spread] p2a,p2b\n|-resisted|p2a: Drampa|1\n|-supereffective|p2b: Sinistcha|1\n|-crit|p2b: Sinistcha\n|-damage|p2a: Drampa|80/100\n|-damage|p2b: Sinistcha|0 fnt\n|faint|p2b: Sinistcha\n|move|p1b: Raichu|Psychic|p2a: Drampa\n|-damage|p2a: Drampa|49/100\n|-ability|p2a: Drampa|Berserk|boost\n|-boost|p2a: Drampa|spa|1\n|\n|-fieldend|move: Trick Room\n|upkeep\n|turn|6\n|c|\u2606kiwideterre|unlucky\n|\n|t:|1776279699\n|move|p1b: Raichu|Psychic|p2a: Drampa\n|-damage|p2a: Drampa|18/100\n|move|p1a: Camerupt|Heat Wave|p2a: Drampa|[miss]\n|-miss|p1a: Camerupt|p2a: Drampa\n|move|p2a: Drampa|Hyper Voice|p1b: Raichu|[spread] p1a,p1b\n|-crit|p1a: Camerupt\n|-damage|p1a: Camerupt|0 fnt\n|-damage|p1b: Raichu|0 fnt\n|faint|p1a: Camerupt\n|faint|p1b: Raichu\n|\n|win|spreckz\n|raw|kiwideterre's rating: 1109 &rarr; <strong>1091</strong><br />(-18 for losing)\n|raw|spreckz's rating: 1205 &rarr; <strong>1223</strong><br />(+18 for winning)\n|l|\u2606kiwideterre\n|player|p1|\n|c|\u2606spreckz|wow\n",
  "uploadtime": 1776279719,
  "views": 17,
  "formatid": "gen9championsvgc2026regma",
  "rating": 1091,
  "private": 0,
  "password": null
}