{
  "id": "gen9championsvgc2026regma-2583135107",
  "format": "[Gen 9 Champions] VGC 2026 Reg M-A",
  "players": [
    "Gorthax_SD",
    "faric"
  ],
  "log": "|j|\u2606Gorthax_SD\n|j|\u2606faric\n|t:|1776146249\n|gametype|doubles\n|player|p1|Gorthax_SD|lucas|1062\n|player|p2|faric|2|1130\n|gen|9\n|tier|[Gen 9 Champions] VGC 2026 Reg M-A\n|rated|\n|rule|Species Clause: Limit one of each Pok\u00e9mon\n|rule|Item Clause: Limit 1 of each item\n|clearpoke\n|poke|p1|Aerodactyl, L50, M|\n|poke|p1|Sinistcha, L50|\n|poke|p1|Palafin, L50, F|\n|poke|p1|Tyranitar, L50, M|\n|poke|p1|Floette-Eternal, L50, F|\n|poke|p1|Sneasler, L50, M|\n|poke|p2|Charizard, L50, F|\n|poke|p2|Garchomp, L50, M|\n|poke|p2|Rotom-Wash, L50|\n|poke|p2|Incineroar, L50, F|\n|poke|p2|Sneasler, L50, M|\n|poke|p2|Whimsicott, L50, M|\n|teampreview|4\n|inactive|Battle timer is ON: inactive players will automatically lose when time's up. (requested by faric)\n|inactive|Gorthax_SD has 60 seconds left.\n|\n|t:|1776146303\n|teamsize|p1|4\n|teamsize|p2|4\n|start\n|switch|p1a: Rodan|Aerodactyl, L50, M|100/100\n|switch|p1b: Sneasler|Sneasler, L50, M|100/100\n|switch|p2a: Incineroar|Incineroar, L50, F|100/100\n|switch|p2b: Rotom|Rotom-Wash, L50|100/100\n|-ability|p1a: Rodan|Unnerve\n|-ability|p2a: Incineroar|Intimidate|boost\n|-unboost|p1a: Rodan|atk|1\n|-unboost|p1b: Sneasler|atk|1\n|-enditem|p1b: Sneasler|White Herb\n|-clearnegativeboost|p1b: Sneasler|[silent]\n|turn|1\n|\n|t:|1776146319\n|move|p1b: Sneasler|Protect|p1b: Sneasler\n|-singleturn|p1b: Sneasler|Protect\n|move|p1a: Rodan|Protect|p1a: Rodan\n|-singleturn|p1a: Rodan|Protect\n|move|p2a: Incineroar|Fake Out|p1a: Rodan\n|-activate|p1a: Rodan|move: Protect\n|move|p2b: Rotom|Thunderbolt|p1a: Rodan\n|-activate|p1a: Rodan|move: Protect\n|\n|upkeep\n|turn|2\n|\n|t:|1776146340\n|switch|p2a: Sneasler|Sneasler, L50, M|100/100\n|move|p1b: Sneasler|Close Combat|p2a: Sneasler\n|-resisted|p2a: Sneasler|1\n|-damage|p2a: Sneasler|44/100\n|-unboost|p1b: Sneasler|def|1\n|-unboost|p1b: Sneasler|spd|1\n|move|p1a: Rodan|Tailwind|p1a: Rodan\n|-sidestart|p1: Gorthax_SD|move: Tailwind\n|move|p2b: Rotom|Thunderbolt|p1a: Rodan\n|-supereffective|p1a: Rodan|1\n|-enditem|p1a: Rodan|Focus Sash\n|-damage|p1a: Rodan|1/100\n|\n|upkeep\n|turn|3\n|\n|t:|1776146360\n|move|p1b: Sneasler|Protect|p1b: Sneasler\n|-singleturn|p1b: Sneasler|Protect\n|move|p1a: Rodan|Protect|p1a: Rodan\n|-singleturn|p1a: Rodan|Protect\n|move|p2a: Sneasler|Fake Out|p1a: Rodan\n|-activate|p1a: Rodan|move: Protect\n|move|p2b: Rotom|Volt Switch|p1b: Sneasler\n|-activate|p1b: Sneasler|move: Protect\n|\n|upkeep\n|turn|4\n|\n|t:|1776146381\n|move|p2a: Sneasler|Protect|p2a: Sneasler\n|-singleturn|p2a: Sneasler|Protect\n|move|p1b: Sneasler|Close Combat|p2b: Rotom\n|-damage|p2b: Rotom|29/100\n|-unboost|p1b: Sneasler|def|1\n|-unboost|p1b: Sneasler|spd|1\n|move|p1a: Rodan|Dual Wingbeat|p2a: Sneasler\n|-activate|p2a: Sneasler|move: Protect\n|move|p2b: Rotom|Volt Switch|p1b: Sneasler\n|-damage|p1b: Sneasler|11/100\n|\n|t:|1776146394\n|switch|p2b: Incineroar|Incineroar, L50, F|100/100|[from] Volt Switch\n|-ability|p2b: Incineroar|Intimidate|boost\n|-unboost|p1a: Rodan|atk|1\n|-unboost|p1b: Sneasler|atk|1\n|\n|upkeep\n|turn|5\n|\n|t:|1776146410\n|switch|p2a: Rotom|Rotom-Wash, L50|29/100\n|move|p1b: Sneasler|Protect|p1b: Sneasler\n|-singleturn|p1b: Sneasler|Protect\n|move|p1a: Rodan|Protect|p1a: Rodan\n|-singleturn|p1a: Rodan|Protect\n|move|p2b: Incineroar|Fake Out|p1b: Sneasler\n|-activate|p1b: Sneasler|move: Protect\n|\n|-heal|p2a: Rotom|35/100|[from] item: Leftovers\n|-sideend|p1: Gorthax_SD|move: Tailwind\n|upkeep\n|turn|6\n|\n|t:|1776146431\n|switch|p1b: Hedorah|Sinistcha, L50|100/100\n|-heal|p1a: Rodan|26/100|[from] ability: Hospitality|[of] p1b: Hedorah\n|move|p1a: Rodan|Tailwind|p1a: Rodan\n|-sidestart|p1: Gorthax_SD|move: Tailwind\n|move|p2a: Rotom|Volt Switch|p1a: Rodan\n|-supereffective|p1a: Rodan|1\n|-damage|p1a: Rodan|0 fnt\n|faint|p1a: Rodan\n|\n|t:|1776146442\n|switch|p2a: Sneasler|Sneasler, L50, M|44/100|[from] Volt Switch\n|move|p2b: Incineroar|Flare Blitz|p1b: Hedorah\n|-supereffective|p1b: Hedorah|1\n|-damage|p1b: Hedorah|5/100\n|-enditem|p1b: Hedorah|Sitrus Berry|[eat]\n|-heal|p1b: Hedorah|30/100|[from] item: Sitrus Berry\n|-damage|p2b: Incineroar|73/100|[from] Recoil\n|\n|upkeep\n|\n|t:|1776146459\n|switch|p1a: Sneasler|Sneasler, L50, M|11/100\n|turn|7\n|\n|t:|1776146478\n|move|p1a: Sneasler|Protect|p1a: Sneasler\n|-singleturn|p1a: Sneasler|Protect\n|move|p2a: Sneasler|Fake Out|p1a: Sneasler\n|-activate|p1a: Sneasler|move: Protect\n|move|p1b: Hedorah|Life Dew|p1b: Hedorah|[spread] p1a,p1b\n|-heal|p1a: Sneasler|37/100\n|-heal|p1b: Hedorah|55/100\n|move|p2b: Incineroar|Flare Blitz|p1b: Hedorah\n|-supereffective|p1b: Hedorah|1\n|-damage|p1b: Hedorah|0 fnt\n|faint|p1b: Hedorah\n|-damage|p2b: Incineroar|57/100|[from] Recoil\n|\n|upkeep\n|\n|t:|1776146494\n|switch|p1b: Godzilla|Tyranitar, L50, M, shiny|100/100\n|-weather|Sandstorm|[from] ability: Sand Stream|[of] p1b: Godzilla\n|turn|8\n|\n|t:|1776146510\n|switch|p2b: Rotom|Rotom-Wash, L50|35/100\n|move|p2a: Sneasler|Protect|p2a: Sneasler\n|-singleturn|p2a: Sneasler|Protect\n|move|p1a: Sneasler|Close Combat|p2b: Rotom\n|-damage|p2b: Rotom|0 fnt\n|-unboost|p1a: Sneasler|def|1\n|-unboost|p1a: Sneasler|spd|1\n|faint|p2b: Rotom\n|move|p1b: Godzilla|Low Kick|p2a: Sneasler\n|-activate|p2a: Sneasler|move: Protect\n|\n|-weather|Sandstorm|[upkeep]\n|-damage|p1a: Sneasler|31/100|[from] Sandstorm\n|-damage|p2a: Sneasler|39/100|[from] Sandstorm\n|upkeep\n|\n|t:|1776146518\n|switch|p2b: Incineroar|Incineroar, L50, F|57/100\n|-ability|p2b: Incineroar|Intimidate|boost\n|-unboost|p1a: Sneasler|atk|1\n|-unboost|p1b: Godzilla|atk|1\n|turn|9\n|\n|t:|1776146531\n|move|p1a: Sneasler|Protect|p1a: Sneasler\n|-singleturn|p1a: Sneasler|Protect\n|move|p1b: Godzilla|Protect|p1b: Godzilla\n|-singleturn|p1b: Godzilla|Protect\n|move|p2b: Incineroar|Fake Out|p1b: Godzilla\n|-activate|p1b: Godzilla|move: Protect\n|move|p2a: Sneasler|Close Combat|p1b: Godzilla\n|-activate|p1b: Godzilla|move: Protect\n|\n|-weather|Sandstorm|[upkeep]\n|-damage|p1a: Sneasler|25/100|[from] Sandstorm\n|-damage|p2a: Sneasler|33/100|[from] Sandstorm\n|-damage|p2b: Incineroar|51/100|[from] Sandstorm\n|-sideend|p1: Gorthax_SD|move: Tailwind\n|upkeep\n|turn|10\n|inactive|Gorthax_SD has 30 seconds left.\n|\n|t:|1776146557\n|detailschange|p1b: Godzilla|Tyranitar-Mega, L50, M, shiny\n|-mega|p1b: Godzilla|Tyranitar|Tyranitarite\n|move|p2a: Sneasler|Protect|p2a: Sneasler\n|-singleturn|p2a: Sneasler|Protect\n|move|p1a: Sneasler|Close Combat|p2b: Incineroar\n|-supereffective|p2b: Incineroar|1\n|-damage|p2b: Incineroar|0 fnt\n|-unboost|p1a: Sneasler|def|1\n|-unboost|p1a: Sneasler|spd|1\n|faint|p2b: Incineroar\n|move|p1b: Godzilla|Low Kick|p2a: Sneasler\n|-activate|p2a: Sneasler|move: Protect\n|\n|-weather|Sandstorm|[upkeep]\n|-damage|p2a: Sneasler|27/100|[from] Sandstorm\n|-damage|p1a: Sneasler|19/100|[from] Sandstorm\n|upkeep\n|\n|t:|1776146568\n|switch|p2b: Charizard|Charizard, L50, F|100/100\n|turn|11\n|\n|t:|1776146582\n|move|p2b: Charizard|Protect|p2b: Charizard\n|-singleturn|p2b: Charizard|Protect\n|move|p2a: Sneasler|Close Combat|p1b: Godzilla\n|-supereffective|p1b: Godzilla|2\n|-damage|p1b: Godzilla|0 fnt\n|-unboost|p2a: Sneasler|def|1\n|-unboost|p2a: Sneasler|spd|1\n|faint|p1b: Godzilla\n|-enditem|p2a: Sneasler|White Herb\n|-clearnegativeboost|p2a: Sneasler|[silent]\n|move|p1a: Sneasler|Dire Claw|p2b: Charizard\n|-activate|p2b: Charizard|move: Protect\n|\n|-weather|Sandstorm|[upkeep]\n|-damage|p2a: Sneasler|21/100|[from] Sandstorm\n|-damage|p2b: Charizard|95/100|[from] Sandstorm\n|-damage|p1a: Sneasler|13/100|[from] Sandstorm\n|upkeep\n|turn|12\n|-message|Gorthax_SD forfeited.\n|\n|win|faric\n|raw|Gorthax_SD's rating: 1062 &rarr; <strong>1046</strong><br />(-16 for losing)\n|raw|faric's rating: 1130 &rarr; <strong>1150</strong><br />(+20 for winning)\n|l|\u2606Gorthax_SD\n|player|p1|\n",
  "uploadtime": 1776146606,
  "views": 44,
  "formatid": "gen9championsvgc2026regma",
  "rating": 1046,
  "private": 0,
  "password": null
}