{
  "id": "gen9championsvgc2026regma-2587369428",
  "format": "[Gen 9 Champions] VGC 2026 Reg M-A",
  "players": [
    "riubven",
    "scizor slam"
  ],
  "log": "|j|\u2606riubven\n|j|\u2606scizor slam\n|t:|1776526030\n|gametype|doubles\n|player|p1|riubven|2|1066\n|player|p2|scizor slam|hilbert-wonderlauncher|1045\n|gen|9\n|tier|[Gen 9 Champions] VGC 2026 Reg M-A\n|rated|\n|rule|Species Clause: Limit one of each Pok\u00e9mon\n|rule|Item Clause: Limit 1 of each item\n|clearpoke\n|poke|p1|Milotic, L50, F|\n|poke|p1|Basculegion, L50, M|\n|poke|p1|Sneasler, L50, M|\n|poke|p1|Meganium, L50, F|\n|poke|p1|Pelipper, L50, F|\n|poke|p1|Sableye, L50, F|\n|poke|p2|Aegislash, L50, F|\n|poke|p2|Hawlucha, L50, M|\n|poke|p2|Zoroark-Hisui, L50, M|\n|poke|p2|Milotic, L50, M|\n|poke|p2|Drampa, L50, F, shiny|\n|poke|p2|Whimsicott, L50, F|\n|teampreview|4\nscizor slam rejected open team sheets.\n|inactive|Battle timer is ON: inactive players will automatically lose when time's up. (requested by riubven)\n|\n|t:|1776526073\n|teamsize|p1|4\n|teamsize|p2|4\n|start\n|switch|p1a: Meganium|Meganium, L50, F|100/100\n|switch|p1b: Sableye|Sableye, L50, F|100/100\n|switch|p2a: Iron Head!!!|Aegislash, L50, F|100/100\n|switch|p2b: Glixen|Whimsicott, L50, F|100/100\n|turn|1\n|inactive|scizor slam has 30 seconds left.\n|\n|t:|1776526103\n|detailschange|p1a: Meganium|Meganium-Mega, L50, F\n|-mega|p1a: Meganium|Meganium|Meganiumite\n|move|p1b: Sableye|Fake Out|p2b: Glixen\n|-immune|p2b: Glixen\n|move|p2b: Glixen|Bitter Malice|p1b: Sableye\n|-damage|p1b: Sableye|50/100\n|-unboost|p1b: Sableye|atk|1\n|move|p1a: Meganium|Weather Ball|p2a: Iron Head!!!\n|-supereffective|p2a: Iron Head!!!|1\n|-damage|p2a: Iron Head!!!|0 fnt\n|faint|p2a: Iron Head!!!\n|\n|upkeep\n|\n|t:|1776526122\n|switch|p2a: Glixen|Whimsicott, L50, F|100/100\n|turn|2\n|inactive|scizor slam has 30 seconds left.\n|\n|t:|1776526150\n|move|p2b: Glixen|Protect|p2b: Glixen\n|-singleturn|p2b: Glixen|Protect\n|move|p1b: Sableye|Rain Dance|p1b: Sableye\n|-weather|RainDance\n|move|p2a: Glixen|Dazzling Gleam|p1b: Sableye|[spread] p1a,p1b\n|-supereffective|p1b: Sableye|1\n|-damage|p1a: Meganium|80/100\n|-damage|p1b: Sableye|0 fnt\n|faint|p1b: Sableye\n|move|p1a: Meganium|Weather Ball|p2a: Glixen\n|-supereffective|p2a: Glixen|1\n|-damage|p2a: Glixen|0 fnt\n|faint|p2a: Glixen\n|\n|-weather|RainDance|[upkeep]\n|upkeep\n|\n|t:|1776526175\n|switch|p2a: Trauma Ray|Drampa, L50, F, shiny|100/100\n|switch|p1b: Sneasler|Sneasler, L50, M|100/100\n|-ability|p2a: Trauma Ray|Cloud Nine\n|turn|3\n|\n|t:|1776526193\n|detailschange|p2a: Trauma Ray|Drampa-Mega, L50, F, shiny\n|-mega|p2a: Trauma Ray|Drampa|Drampanite\n|move|p2b: Glixen|Psychic|p1b: Sneasler\n|-supereffective|p1b: Sneasler|2\n|-crit|p1b: Sneasler\n|-damage|p1b: Sneasler|0 fnt\n|faint|p1b: Sneasler\n|move|p1a: Meganium|Dazzling Gleam|p2a: Trauma Ray|[spread] p2a,p2b\n|-supereffective|p2a: Trauma Ray|1\n|-damage|p2a: Trauma Ray|29/100\n|-damage|p2b: Glixen|25/100\n|replace|p2b: Hot Fox|Zoroark-Hisui, L50, M\n|-end|p2b: Hot Fox|Illusion\n|-ability|p2a: Trauma Ray|Berserk|boost\n|-boost|p2a: Trauma Ray|spa|1\n|move|p2a: Trauma Ray|Hyper Voice|p1a: Meganium\n|-damage|p1a: Meganium|0 fnt\n|faint|p1a: Meganium\n|\n|-weather|RainDance|[upkeep]\n|upkeep\n|\n|t:|1776526208\n|switch|p1a: Pelipper|Pelipper, L50, F|100/100\n|turn|4\n|\n|t:|1776526222\n|move|p2b: Hot Fox|Psychic|p1a: Pelipper\n|-crit|p1a: Pelipper\n|-damage|p1a: Pelipper|26/100\n|move|p1a: Pelipper|Hurricane|p2a: Trauma Ray\n|-damage|p2a: Trauma Ray|0 fnt\n|faint|p2a: Trauma Ray\n|\n|-weather|RainDance|[upkeep]\n|upkeep\n|turn|5\n|\n|t:|1776526233\n|move|p2b: Hot Fox|Psychic|p1a: Pelipper\n|-damage|p1a: Pelipper|0 fnt\n|faint|p1a: Pelipper\n|\n|win|scizor slam\n|raw|riubven's rating: 1066 &rarr; <strong>1045</strong><br />(-21 for losing)\n|raw|scizor slam's rating: 1045 &rarr; <strong>1080</strong><br />(+35 for winning)\n|l|\u2606riubven\n|player|p1|\n|c|\u2606scizor slam|gg\n",
  "uploadtime": 1776526239,
  "views": 28,
  "formatid": "gen9championsvgc2026regma",
  "rating": 1045,
  "private": 0,
  "password": null
}