{
  "id": "gen9championsvgc2026regma-2582994979",
  "format": "[Gen 9 Champions] VGC 2026 Reg M-A",
  "players": [
    "Xiro11",
    "jyotsha"
  ],
  "log": "|j|\u2606Xiro11\n|j|\u2606jyotsha\n|t:|1776131706\n|gametype|doubles\n|player|p1|Xiro11|102|1127\n|player|p2|jyotsha|102|1111\n|gen|9\n|tier|[Gen 9 Champions] VGC 2026 Reg M-A\n|rated|\n|rule|Species Clause: Limit one of each Pok\u00e9mon\n|rule|Item Clause: Limit 1 of each item\n|clearpoke\n|poke|p1|Tyranitar, L50, M|\n|poke|p1|Incineroar, L50, F|\n|poke|p1|Gengar, L50, F|\n|poke|p1|Excadrill, L50, M|\n|poke|p1|Kommo-o, L50, M|\n|poke|p1|Sinistcha, L50|\n|poke|p2|Floette-Eternal, L50, F|\n|poke|p2|Sinistcha, L50|\n|poke|p2|Sableye, L50, M|\n|poke|p2|Aegislash, L50, M|\n|poke|p2|Primarina, L50, M|\n|poke|p2|Incineroar, L50, M|\n|teampreview|4\n|inactive|Battle timer is ON: inactive players will automatically lose when time's up. (requested by jyotsha)\n|inactive|Xiro11 has 60 seconds left.\n|inactive|Xiro11 has 30 seconds left.\n|\n|t:|1776131777\n|teamsize|p1|4\n|teamsize|p2|4\n|start\n|switch|p1a: Tyranitar|Tyranitar, L50, M|100/100\n|switch|p1b: Excadrill|Excadrill, L50, M|100/100\n|switch|p2a: Primarina|Primarina, L50, M|100/100\n|switch|p2b: Sableye|Sableye, L50, M|100/100\n|-weather|Sandstorm|[from] ability: Sand Stream|[of] p1a: Tyranitar\n|turn|1\n|inactive|Xiro11 has 30 seconds left.\n|inactive|Xiro11 has 20 seconds left.\n|\n|t:|1776131813\n|move|p2b: Sableye|Will-O-Wisp|p1a: Tyranitar\n|-hint|Since gen 7, Dark is immune to Prankster moves.\n|-immune|p1a: Tyranitar\n|move|p1b: Excadrill|Rock Slide|p2b: Sableye|[spread] p2a,p2b\n|-damage|p2a: Primarina|80/100\n|-damage|p2b: Sableye|74/100\n|move|p1a: Tyranitar|Rock Slide|p2b: Sableye|[spread] \n|-miss|p1a: Tyranitar|p2a: Primarina\n|-miss|p1a: Tyranitar|p2b: Sableye\n|move|p2a: Primarina|Hyper Voice|p1b: Excadrill|[spread] p1a,p1b\n|-supereffective|p1a: Tyranitar|1\n|-supereffective|p1b: Excadrill|1\n|-damage|p1a: Tyranitar|53/100\n|-damage|p1b: Excadrill|10/100\n|\n|-weather|Sandstorm|[upkeep]\n|-damage|p2a: Primarina|74/100|[from] Sandstorm\n|-damage|p2b: Sableye|68/100|[from] Sandstorm\n|-heal|p2a: Primarina|80/100|[from] item: Leftovers\n|upkeep\n|turn|2\n|\n|t:|1776131838\n|move|p2b: Sableye|Will-O-Wisp|p1b: Excadrill\n|-status|p1b: Excadrill|brn\n|move|p1b: Excadrill|Iron Head|p2a: Primarina\n|-damage|p2a: Primarina|58/100\n|move|p1a: Tyranitar|Rock Slide|p2a: Primarina|[spread] p2a\n|-miss|p1a: Tyranitar|p2b: Sableye\n|-damage|p2a: Primarina|30/100\n|move|p2a: Primarina|Calm Mind|p2a: Primarina\n|-boost|p2a: Primarina|spa|1\n|-boost|p2a: Primarina|spd|1\n|\n|-weather|Sandstorm|[upkeep]\n|-damage|p2a: Primarina|25/100|[from] Sandstorm\n|-damage|p2b: Sableye|62/100|[from] Sandstorm\n|-heal|p2a: Primarina|30/100|[from] item: Leftovers\n|-damage|p1b: Excadrill|4/100 brn|[from] brn\n|upkeep\n|turn|3\n|inactive|jyotsha has 30 seconds left.\n|\n|t:|1776131868\n|switch|p2b: Sinistcha|Sinistcha, L50|100/100\n|-heal|p2a: Primarina|55/100|[from] ability: Hospitality|[of] p2b: Sinistcha\n|move|p1b: Excadrill|Iron Head|p2a: Primarina\n|-damage|p2a: Primarina|31/100\n|move|p1a: Tyranitar|Rock Slide|p2b: Sinistcha|[spread] p2a,p2b\n|-damage|p2a: Primarina|4/100\n|-damage|p2b: Sinistcha|72/100\n|move|p2a: Primarina|Hyper Voice|p1a: Tyranitar|[spread] p1a,p1b\n|-supereffective|p1a: Tyranitar|1\n|-supereffective|p1b: Excadrill|1\n|-damage|p1a: Tyranitar|0 fnt\n|-damage|p1b: Excadrill|0 fnt\n|faint|p1a: Tyranitar\n|faint|p1b: Excadrill\n|\n|-weather|Sandstorm|[upkeep]\n|-damage|p2b: Sinistcha|66/100|[from] Sandstorm\n|-damage|p2a: Primarina|0 fnt|[from] Sandstorm\n|faint|p2a: Primarina\n|upkeep\n|\n|t:|1776131887\n|switch|p1b: Gengar|Gengar, L50, F|100/100\n|switch|p1a: Incineroar|Incineroar, L50, F|100/100\n|switch|p2a: Sableye|Sableye, L50, M|62/100\n|-ability|p1a: Incineroar|Intimidate|boost\n|-unboost|p2a: Sableye|atk|1\n|-unboost|p2b: Sinistcha|atk|1\n|turn|4\n|inactive|Xiro11 has 30 seconds left.\n|\n|t:|1776131922\n|detailschange|p1b: Gengar|Gengar-Mega, L50, F\n|-mega|p1b: Gengar|Gengar|Gengarite\n|move|p1b: Gengar|Protect|p1b: Gengar\n|-singleturn|p1b: Gengar|Protect\n|move|p2a: Sableye|Fake Out|p1a: Incineroar\n|-damage|p1a: Incineroar|97/100\n|cant|p1a: Incineroar|flinch\n|move|p2b: Sinistcha|Trick Room|p2b: Sinistcha\n|-fieldstart|move: Trick Room|[of] p2b: Sinistcha\n|\n|-weather|Sandstorm|[upkeep]\n|-damage|p2a: Sableye|57/100|[from] Sandstorm\n|-damage|p2b: Sinistcha|59/100|[from] Sandstorm\n|-damage|p1a: Incineroar|91/100|[from] Sandstorm\n|-damage|p1b: Gengar|94/100|[from] Sandstorm\n|upkeep\n|turn|5\n|\n|t:|1776131944\n|switch|p2b: Floette|Floette-Eternal, L50, F|100/100\n|move|p2a: Sableye|Encore|p1b: Gengar\n|-start|p1b: Gengar|Encore\n|move|p1b: Gengar|Protect||[still]\n|-fail|p1b: Gengar\n|move|p1a: Incineroar|Throat Chop|p2b: Floette\n|-resisted|p2b: Floette|1\n|-damage|p2b: Floette|84/100\n|-start|p2b: Floette|Throat Chop|[silent]\n|\n|-weather|none\n|upkeep\n|turn|6\n|-message|Xiro11 forfeited.\n|\n|win|jyotsha\n|raw|Xiro11's rating: 1127 &rarr; <strong>1101</strong><br />(-26 for losing)\n|raw|jyotsha's rating: 1111 &rarr; <strong>1137</strong><br />(+26 for winning)\n",
  "uploadtime": 1776131958,
  "views": 12,
  "formatid": "gen9championsvgc2026regma",
  "rating": 1101,
  "private": 0,
  "password": null
}