{
  "id": "gen9championsvgc2026regma-2580682362",
  "format": "[Gen 9 Champions] VGC 2026 Reg M-A",
  "players": [
    "lolgz",
    "claudiomannarano"
  ],
  "log": "|j|\u2606lolgz\n|j|\u2606claudiomannarano\n|t:|1775923912\n|gametype|doubles\n|player|p1|lolgz|265|1120\n|player|p2|claudiomannarano|drayden|1170\n|gen|9\n|tier|[Gen 9 Champions] VGC 2026 Reg M-A\n|rated|\n|rule|Species Clause: Limit one of each Pok\u00e9mon\n|rule|Item Clause: Limit 1 of each item\n|clearpoke\n|poke|p1|Charizard, L50, F|\n|poke|p1|Whimsicott, L50, F|\n|poke|p1|Basculegion, L50, M|\n|poke|p1|Farigiraf, L50, F|\n|poke|p1|Sneasler, L50, M|\n|poke|p1|Floette-Eternal, L50, F|\n|poke|p2|Incineroar, L50, M|\n|poke|p2|Sinistcha, L50|\n|poke|p2|Basculegion, L50, M|\n|poke|p2|Gengar, L50, F|\n|poke|p2|Kingambit, L50, F|\n|poke|p2|Kommo-o, L50, F|\n|teampreview|4\n|inactive|Battle timer is ON: inactive players will automatically lose when time's up. (requested by claudiomannarano)\n|\n|t:|1775923934\n|teamsize|p1|4\n|teamsize|p2|4\n|start\n|switch|p1a: Whimsicott|Whimsicott, L50, F|100/100\n|switch|p1b: Charizard|Charizard, L50, F|100/100\n|switch|p2a: Gengar|Gengar, L50, F|100/100\n|switch|p2b: Sinistcha|Sinistcha, L50|100/100\n|turn|1\n|\n|t:|1775923952\n|switch|p2b: Incineroar|Incineroar, L50, M|100/100\n|-ability|p2b: Incineroar|Intimidate|boost\n|-unboost|p1a: Whimsicott|atk|1\n|-unboost|p1b: Charizard|atk|1\n|detailschange|p2a: Gengar|Gengar-Mega, L50, F\n|-mega|p2a: Gengar|Gengar|Gengarite\n|detailschange|p1b: Charizard|Charizard-Mega-Y, L50, F\n|-mega|p1b: Charizard|Charizard|Charizardite Y\n|-weather|SunnyDay|[from] ability: Drought|[of] p1b: Charizard\n|move|p2a: Gengar|Perish Song|p2a: Gengar\n|-start|p1a: Whimsicott|perish3|[silent]\n|-start|p1b: Charizard|perish3|[silent]\n|-start|p2a: Gengar|perish3|[silent]\n|-start|p2b: Incineroar|perish3|[silent]\n|-fieldactivate|move: Perish Song\n|move|p1a: Whimsicott|Moonblast|p2a: Gengar\n|-resisted|p2a: Gengar|1\n|-damage|p2a: Gengar|81/100\n|move|p1b: Charizard|Heat Wave|p2b: Incineroar|[spread] p2a,p2b\n|-resisted|p2b: Incineroar|1\n|-damage|p2a: Gengar|12/100\n|-damage|p2b: Incineroar|75/100\n|\n|-weather|SunnyDay|[upkeep]\n|-start|p2a: Gengar|perish3\n|-start|p1a: Whimsicott|perish3\n|-start|p1b: Charizard|perish3\n|-start|p2b: Incineroar|perish3\n|upkeep\n|turn|2\n|\n|t:|1775923976\n|switch|p2b: Sinistcha|Sinistcha, L50|100/100\n|-heal|p2a: Gengar|37/100|[from] ability: Hospitality|[of] p2b: Sinistcha\n|move|p2a: Gengar|Protect|p2a: Gengar\n|-singleturn|p2a: Gengar|Protect\n|move|p1a: Whimsicott|Moonblast|p2a: Gengar\n|-activate|p2a: Gengar|move: Protect\n|move|p1b: Charizard|Heat Wave|p2a: Gengar|[spread] p2b\n|-activate|p2a: Gengar|move: Protect\n|-supereffective|p2b: Sinistcha|1\n|-damage|p2b: Sinistcha|0 fnt\n|faint|p2b: Sinistcha\n|\n|-weather|SunnyDay|[upkeep]\n|-start|p2a: Gengar|perish2\n|-start|p1a: Whimsicott|perish2\n|-start|p1b: Charizard|perish2\n|upkeep\n|\n|t:|1775923990\n|switch|p2b: Incineroar|Incineroar, L50, M|75/100\n|-ability|p2b: Incineroar|Intimidate|boost\n|-unboost|p1a: Whimsicott|atk|1\n|-unboost|p1b: Charizard|atk|1\n|turn|3\n|\n|t:|1775924012\n|move|p2b: Incineroar|Fake Out|p1b: Charizard\n|-damage|p1b: Charizard|85/100\n|move|p1a: Whimsicott|Encore|p2a: Gengar\n|-start|p2a: Gengar|Encore\n|move|p2a: Gengar|Protect||[still]\n|-fail|p2a: Gengar\n|cant|p1b: Charizard|flinch\n|\n|-weather|SunnyDay|[upkeep]\n|-start|p2a: Gengar|perish1\n|-start|p1a: Whimsicott|perish1\n|-start|p1b: Charizard|perish1\n|upkeep\n|turn|4\n|\n|t:|1775924035\n|move|p2a: Gengar|Protect|p2a: Gengar\n|-singleturn|p2a: Gengar|Protect\n|move|p2b: Incineroar|Protect|p2b: Incineroar\n|-singleturn|p2b: Incineroar|Protect\n|move|p1a: Whimsicott|Moonblast|p2b: Incineroar\n|-activate|p2b: Incineroar|move: Protect\n|move|p1b: Charizard|Heat Wave|p2b: Incineroar|[spread] \n|-activate|p2a: Gengar|move: Protect\n|-activate|p2b: Incineroar|move: Protect\n|\n|-weather|SunnyDay|[upkeep]\n|-start|p2a: Gengar|perish0\n|-start|p1a: Whimsicott|perish0\n|-start|p1b: Charizard|perish0\n|faint|p2a: Gengar\n|faint|p1a: Whimsicott\n|faint|p1b: Charizard\n|upkeep\n|\n|t:|1775924042\n|switch|p2a: Kingambit|Kingambit, L50, F|100/100\n|switch|p1a: Sneasler|Sneasler, L50, M|100/100\n|switch|p1b: Basculegion|Basculegion, L50, M|100/100\n|turn|5\n|\n|t:|1775924063\n|move|p2b: Incineroar|Protect|p2b: Incineroar\n|-singleturn|p2b: Incineroar|Protect\n|move|p2a: Kingambit|Protect|p2a: Kingambit\n|-singleturn|p2a: Kingambit|Protect\n|move|p1a: Sneasler|Fake Out|p2a: Kingambit\n|-activate|p2a: Kingambit|move: Protect\n|move|p1b: Basculegion|Wave Crash|p2b: Incineroar\n|-activate|p2b: Incineroar|move: Protect\n|\n|-weather|none\n|upkeep\n|turn|6\n|inactive|claudiomannarano has 30 seconds left.\n|\n|t:|1775924089\n|move|p2b: Incineroar|Protect||[still]\n|-fail|p2b: Incineroar\n|move|p1b: Basculegion|Wave Crash|p2b: Incineroar\n|-supereffective|p2b: Incineroar|1\n|-damage|p2b: Incineroar|0 fnt\n|faint|p2b: Incineroar\n|-damage|p1b: Basculegion|75/100|[from] Recoil\n|move|p1a: Sneasler|Close Combat|p2a: Kingambit\n|-supereffective|p2a: Kingambit|2\n|-enditem|p2a: Kingambit|Chople Berry|[eat]\n|-enditem|p2a: Kingambit|Chople Berry|[weaken]\n|-damage|p2a: Kingambit|0 fnt\n|-unboost|p1a: Sneasler|def|1\n|-unboost|p1a: Sneasler|spd|1\n|faint|p2a: Kingambit\n|\n|win|lolgz\n|raw|lolgz's rating: 1120 &rarr; <strong>1149</strong><br />(+29 for winning)\n|raw|claudiomannarano's rating: 1170 &rarr; <strong>1141</strong><br />(-29 for losing)\n",
  "uploadtime": 1775924089,
  "views": 12,
  "formatid": "gen9championsvgc2026regma",
  "rating": 1141,
  "private": 0,
  "password": null
}