{
  "id": "gen9championsvgc2026regma-2583558778",
  "format": "[Gen 9 Champions] VGC 2026 Reg M-A",
  "players": [
    "TheGovest",
    "Superbase5221"
  ],
  "log": "|j|\u2606TheGovest\n|j|\u2606Superbase5221\n|t:|1776183248\n|gametype|doubles\n|player|p1|TheGovest|iris-gen5bw2|1000\n|player|p2|Superbase5221|170|1000\n|gen|9\n|tier|[Gen 9 Champions] VGC 2026 Reg M-A\n|rated|\n|rule|Species Clause: Limit one of each Pok\u00e9mon\n|rule|Item Clause: Limit 1 of each item\n|clearpoke\n|poke|p1|Gengar, L50, F|\n|poke|p1|Garchomp, L50, F|\n|poke|p1|Tyranitar, L50, F|\n|poke|p1|Gyarados, L50, M|\n|poke|p1|Meowscarada, L50, F|\n|poke|p1|Incineroar, L50, M|\n|poke|p2|Altaria, L50, M|\n|poke|p2|Gengar, L50, M|\n|poke|p2|Tyranitar, L50, M|\n|poke|p2|Meowstic, L50, M|\n|poke|p2|Gyarados, L50, F|\n|poke|p2|Excadrill, L50, M|\n|teampreview|4\n|inactive|Battle timer is ON: inactive players will automatically lose when time's up. (requested by Superbase5221)\nSuperbase5221 has agreed to open team sheets.\n|\n|t:|1776183282\n|teamsize|p1|4\n|teamsize|p2|4\n|start\n|switch|p1a: Tyranitar|Tyranitar, L50, F, shiny|100/100\n|switch|p1b: Incineroar|Incineroar, L50, M|100/100\n|switch|p2a: Gengar|Gengar, L50, M|100/100\n|switch|p2b: Meowstic|Meowstic, L50, M|100/100\n|-weather|Sandstorm|[from] ability: Sand Stream|[of] p1a: Tyranitar\n|-ability|p1b: Incineroar|Intimidate|boost\n|-unboost|p2a: Gengar|atk|1\n|-unboost|p2b: Meowstic|atk|1\n|turn|1\n|\n|t:|1776183306\n|detailschange|p2a: Gengar|Gengar-Mega, L50, M\n|-mega|p2a: Gengar|Gengar|Gengarite\n|move|p2a: Gengar|Protect|p2a: Gengar\n|-singleturn|p2a: Gengar|Protect\n|move|p1a: Tyranitar|Protect|p1a: Tyranitar\n|-singleturn|p1a: Tyranitar|Protect\n|move|p2b: Meowstic|Fake Out|p1a: Tyranitar\n|-activate|p1a: Tyranitar|move: Protect\n|move|p1b: Incineroar|Fake Out|p2b: Meowstic\n|-damage|p2b: Meowstic|87/100\n|\n|-weather|Sandstorm|[upkeep]\n|-damage|p2a: Gengar|95/100|[from] Sandstorm\n|-damage|p2b: Meowstic|81/100|[from] Sandstorm\n|-damage|p1b: Incineroar|95/100|[from] Sandstorm\n|upkeep\n|turn|2\n|inactive|TheGovest has 30 seconds left.\n|inactive|Superbase5221 has 30 seconds left.\n|\n|t:|1776183338\n|move|p1b: Incineroar|Helping Hand|p1a: Tyranitar\n|-singleturn|p1a: Tyranitar|Helping Hand|[of] p1b: Incineroar\n|move|p2b: Meowstic|Rain Dance|p2b: Meowstic\n|-weather|RainDance\n|move|p2a: Gengar|Taunt|p1b: Incineroar\n|-start|p1b: Incineroar|move: Taunt\n|move|p1a: Tyranitar|Knock Off|p2b: Meowstic\n|-supereffective|p2b: Meowstic|1\n|-damage|p2b: Meowstic|0 fnt\n|-enditem|p2b: Meowstic|Mental Herb|[from] move: Knock Off|[of] p1a: Tyranitar\n|faint|p2b: Meowstic\n|\n|-weather|RainDance|[upkeep]\n|upkeep\n|\n|t:|1776183348\n|switch|p2b: Gyarados|Gyarados, L50, F|100/100\n|-ability|p2b: Gyarados|Intimidate|boost\n|-unboost|p1a: Tyranitar|atk|1\n|-unboost|p1b: Incineroar|atk|1\n|turn|3\n|\n|t:|1776183363\n|move|p2a: Gengar|Protect|p2a: Gengar\n|-singleturn|p2a: Gengar|Protect\n|move|p1a: Tyranitar|Protect|p1a: Tyranitar\n|-singleturn|p1a: Tyranitar|Protect\n|move|p2b: Gyarados|Earthquake|p1a: Tyranitar|[spread] p1b\n|-activate|p2a: Gengar|move: Protect\n|-activate|p1a: Tyranitar|move: Protect\n|-supereffective|p1b: Incineroar|1\n|-damage|p1b: Incineroar|52/100\n|move|p1b: Incineroar|Flare Blitz|p2a: Gengar\n|-activate|p2a: Gengar|move: Protect\n|\n|-weather|RainDance|[upkeep]\n|upkeep\n|turn|4\n|\n|t:|1776183385\n|switch|p2a: Altaria|Altaria, L50, M|100/100\n|-ability|p2a: Altaria|Cloud Nine\n|move|p2b: Gyarados|Waterfall|p1b: Incineroar\n|-supereffective|p1b: Incineroar|1\n|-crit|p1b: Incineroar\n|-damage|p1b: Incineroar|0 fnt\n|faint|p1b: Incineroar\n|move|p1a: Tyranitar|Knock Off|p2b: Gyarados\n|-damage|p2b: Gyarados|70/100\n|\n|-weather|RainDance|[upkeep]\n|upkeep\n|\n|t:|1776183406\n|switch|p1b: Meowscarada|Meowscarada, L50, F|100/100\n|turn|5\n|\n|t:|1776183418\n|switch|p1a: Garchomp|Garchomp, L50, F|100/100\n|move|p2b: Gyarados|Protect|p2b: Gyarados\n|-singleturn|p2b: Gyarados|Protect\n|move|p1b: Meowscarada|Triple Axel|p2a: Altaria\n|-start|p1b: Meowscarada|typechange|Ice|[from] ability: Protean\n|-supereffective|p2a: Altaria|2\n|-enditem|p2a: Altaria|Yache Berry|[eat]\n|-enditem|p2a: Altaria|Yache Berry|[weaken]\n|-damage|p2a: Altaria|83/100\n|-supereffective|p2a: Altaria|2\n|-damage|p2a: Altaria|18/100\n|-supereffective|p2a: Altaria|2\n|-damage|p2a: Altaria|0 fnt\n|faint|p2a: Altaria\n|-hitcount|p2: Altaria|3\n|\n|-weather|RainDance|[upkeep]\n|upkeep\n|\n|t:|1776183433\n|switch|p2a: Gengar|Gengar-Mega, L50, M|95/100\n|turn|6\n|\n|t:|1776183455\n|move|p1b: Meowscarada|Triple Axel|p2b: Gyarados|[miss]\n|-miss|p1b: Meowscarada|p2b: Gyarados\n|move|p2a: Gengar|Sludge Bomb|p1b: Meowscarada\n|-damage|p1b: Meowscarada|10/100\n|-status|p1b: Meowscarada|psn\n|move|p1a: Garchomp|Earthquake|p2b: Gyarados|[spread] p1b,p2a\n|-immune|p2b: Gyarados\n|-supereffective|p2a: Gengar|1\n|-damage|p1b: Meowscarada|0 fnt\n|-damage|p2a: Gengar|0 fnt\n|faint|p1b: Meowscarada\n|faint|p2a: Gengar\n|move|p2b: Gyarados|Waterfall|p1a: Garchomp\n|-damage|p1a: Garchomp|46/100\n|\n|-weather|none\n|upkeep\n|\n|t:|1776183460\n|switch|p1b: Tyranitar|Tyranitar, L50, F, shiny|100/100\n|-weather|Sandstorm|[from] ability: Sand Stream|[of] p1b: Tyranitar\n|turn|7\n|\n|t:|1776183479\n|detailschange|p1a: Garchomp|Garchomp-Mega, L50, F\n|-mega|p1a: Garchomp|Garchomp|Garchompite\n|move|p1a: Garchomp|Dragon Claw|p2b: Gyarados\n|-damage|p2b: Gyarados|1/100\n|move|p2b: Gyarados|Earthquake|p1b: Tyranitar|[spread] p1a,p1b\n|-crit|p1a: Garchomp\n|-supereffective|p1b: Tyranitar|1\n|-damage|p1a: Garchomp|14/100\n|-damage|p1b: Tyranitar|64/100\n|move|p1b: Tyranitar|Rock Slide|p2b: Gyarados\n|-supereffective|p2b: Gyarados|1\n|-damage|p2b: Gyarados|0 fnt\n|faint|p2b: Gyarados\n|\n|win|TheGovest\n|raw|TheGovest's rating: 1000 &rarr; <strong>1040</strong><br />(+40 for winning)\n|raw|Superbase5221's rating: 1000 &rarr; <strong>1000</strong><br />(+0 for losing)\n|l|\u2606Superbase5221\n|player|p2|\n",
  "uploadtime": 1776183546,
  "views": 15,
  "formatid": "gen9championsvgc2026regma",
  "rating": 1000,
  "private": 0,
  "password": null
}