{
  "id": "gen9championsvgc2026regma-2582483009",
  "format": "[Gen 9 Champions] VGC 2026 Reg M-A",
  "players": [
    "Cucaro Macaro",
    "Snowbten"
  ],
  "log": "|j|\u2606Cucaro Macaro\n|j|\u2606Snowbten\n|t:|1776094571\n|gametype|doubles\n|player|p1|Cucaro Macaro|giovanni|1053\n|player|p2|Snowbten|170|1041\n|gen|9\n|tier|[Gen 9 Champions] VGC 2026 Reg M-A\n|rated|\n|rule|Species Clause: Limit one of each Pok\u00e9mon\n|rule|Item Clause: Limit 1 of each item\n|clearpoke\n|poke|p1|Jolteon, L50, M|\n|poke|p1|Pelipper, L50, F|\n|poke|p1|Blastoise, L50, M|\n|poke|p1|Goodra-Hisui, L50, F|\n|poke|p1|Basculegion, L50, M|\n|poke|p1|Dragapult, L50, M|\n|poke|p2|Floette-Eternal, L50, F|\n|poke|p2|Incineroar, L50, M|\n|poke|p2|Sinistcha, L50|\n|poke|p2|Rotom-Wash, L50|\n|poke|p2|Garchomp, L50, F|\n|poke|p2|Hawlucha, L50, F|\n|teampreview|4\n|\n|t:|1776094604\n|teamsize|p1|4\n|teamsize|p2|4\n|start\n|switch|p1a: Pelipper|Pelipper, L50, F|100/100\n|switch|p1b: Goodra|Goodra-Hisui, L50, F|100/100\n|switch|p2a: Floette|Floette-Eternal, L50, F|100/100\n|switch|p2b: Incineroar|Incineroar, L50, M|100/100\n|-weather|RainDance|[from] ability: Drizzle|[of] p1a: Pelipper\n|-ability|p2b: Incineroar|Intimidate|boost\n|-unboost|p1a: Pelipper|atk|1\n|-unboost|p1b: Goodra|atk|1\n|turn|1\n|\n|t:|1776094627\n|move|p2a: Floette|Protect|p2a: Floette\n|-singleturn|p2a: Floette|Protect\n|move|p1a: Pelipper|Weather Ball|p2b: Incineroar\n|-supereffective|p2b: Incineroar|1\n|-damage|p2b: Incineroar|22/100\n|move|p2b: Incineroar|Parting Shot|p2a: Floette\n|-activate|p2a: Floette|move: Protect\n|move|p1b: Goodra|Iron Head|p2a: Floette\n|-activate|p2a: Floette|move: Protect\n|\n|-weather|RainDance|[upkeep]\n|upkeep\n|turn|2\n|\n|t:|1776094646\n|switch|p2b: Sinistcha|Sinistcha, L50|100/100\n|detailschange|p2a: Floette|Floette-Mega, L50, F\n|-mega|p2a: Floette|Floette|Floettite\n|-ability|p2a: Floette|Fairy Aura\n|move|p2a: Floette|Moonblast|p1b: Goodra\n|-damage|p1b: Goodra|60/100\n|move|p1a: Pelipper|Tailwind|p1a: Pelipper\n|-sidestart|p1: Cucaro Macaro|move: Tailwind\n|move|p1b: Goodra|Earthquake|p2a: Floette|[spread] p2a,p2b\n|-immune|p1a: Pelipper\n|-resisted|p2b: Sinistcha|1\n|-damage|p2a: Floette|85/100\n|-damage|p2b: Sinistcha|94/100\n|\n|-weather|RainDance|[upkeep]\n|-heal|p1b: Goodra|66/100|[from] item: Leftovers\n|upkeep\n|turn|3\n|\n|t:|1776094666\n|switch|p2a: Incineroar|Incineroar, L50, M|22/100\n|-ability|p2a: Incineroar|Intimidate|boost\n|-unboost|p1a: Pelipper|atk|1\n|-unboost|p1b: Goodra|atk|1\n|move|p2b: Sinistcha|Rage Powder|p2b: Sinistcha\n|-singleturn|p2b: Sinistcha|move: Rage Powder\n|move|p1a: Pelipper|Hurricane|p2b: Sinistcha\n|-supereffective|p2b: Sinistcha|1\n|-damage|p2b: Sinistcha|29/100\n|-enditem|p2b: Sinistcha|Sitrus Berry|[eat]\n|-heal|p2b: Sinistcha|54/100|[from] item: Sitrus Berry\n|move|p1b: Goodra|Iron Head|p2b: Sinistcha\n|-damage|p2b: Sinistcha|38/100\n|\n|-weather|RainDance|[upkeep]\n|-heal|p1b: Goodra|72/100|[from] item: Leftovers\n|upkeep\n|turn|4\n|\n|t:|1776094685\n|switch|p2b: Rotom|Rotom-Wash, L50|100/100\n|move|p2a: Incineroar|Fake Out|p1a: Pelipper\n|-damage|p1a: Pelipper|91/100\n|cant|p1a: Pelipper|flinch\n|move|p1b: Goodra|Thunder|p2a: Incineroar\n|-damage|p2a: Incineroar|4/100\n|\n|-weather|RainDance|[upkeep]\n|-heal|p1b: Goodra|78/100|[from] item: Leftovers\n|upkeep\n|turn|5\n|\n|t:|1776094716\n|switch|p1a: Blastoise|Blastoise, L50, M|100/100\n|move|p1b: Goodra|Thunder|p2a: Incineroar\n|-crit|p2a: Incineroar\n|-damage|p2a: Incineroar|0 fnt\n|faint|p2a: Incineroar\n|move|p2b: Rotom|Volt Switch|p1a: Blastoise\n|-supereffective|p1a: Blastoise|1\n|-damage|p1a: Blastoise|35/100\n|\n|t:|1776094729\n|switch|p2b: Sinistcha|Sinistcha, L50|38/100|[from] Volt Switch\n|\n|-weather|none\n|-heal|p1b: Goodra|84/100|[from] item: Leftovers\n|-sideend|p1: Cucaro Macaro|move: Tailwind\n|upkeep\n|\n|t:|1776094731\n|switch|p2a: Rotom|Rotom-Wash, L50|100/100\n|turn|6\n|\n|t:|1776094753\n|switch|p1b: Pelipper|Pelipper, L50, F|91/100\n|-weather|RainDance|[from] ability: Drizzle|[of] p1b: Pelipper\n|detailschange|p1a: Blastoise|Blastoise-Mega, L50, M\n|-mega|p1a: Blastoise|Blastoise|Blastoisinite\n|move|p1a: Blastoise|Protect|p1a: Blastoise\n|-singleturn|p1a: Blastoise|Protect\n|move|p2a: Rotom|Volt Switch|p1a: Blastoise\n|-activate|p1a: Blastoise|move: Protect\n|move|p2b: Sinistcha|Shadow Ball|p1b: Pelipper\n|-crit|p1b: Pelipper\n|-damage|p1b: Pelipper|25/100\n|\n|-weather|RainDance|[upkeep]\n|upkeep\n|turn|7\n|\n|t:|1776094774\n|move|p2a: Rotom|Volt Switch|p1a: Blastoise\n|-supereffective|p1a: Blastoise|1\n|-damage|p1a: Blastoise|0 fnt\n|faint|p1a: Blastoise\n|\n|t:|1776094776\n|switch|p2a: Floette|Floette-Mega, L50, F|85/100|[from] Volt Switch\n|-ability|p2a: Floette|Fairy Aura\n|move|p2b: Sinistcha|Matcha Gotcha|p1b: Pelipper\n|-damage|p1b: Pelipper|0 fnt\n|-heal|p2b: Sinistcha|49/100|[from] drain|[of] p1b: Pelipper\n|faint|p1b: Pelipper\n|\n|-weather|RainDance|[upkeep]\n|upkeep\n|\n|t:|1776094786\n|switch|p1a: Dragapult|Dragapult, L50, M|100/100\n|switch|p1b: Goodra|Goodra-Hisui, L50, F|84/100\n|turn|8\n|\n|t:|1776094798\n|move|p2b: Sinistcha|Rage Powder|p2b: Sinistcha\n|-singleturn|p2b: Sinistcha|move: Rage Powder\n|move|p1a: Dragapult|Dragon Darts|p2b: Sinistcha\n|-damage|p2b: Sinistcha|24/100\n|-anim|p1a: Dragapult|Dragon Darts|p2b: Sinistcha\n|-damage|p2b: Sinistcha|0 fnt\n|faint|p2b: Sinistcha\n|move|p2a: Floette|Moonblast|p1a: Dragapult\n|-supereffective|p1a: Dragapult|1\n|-damage|p1a: Dragapult|0 fnt\n|faint|p1a: Dragapult\n|move|p1b: Goodra|Iron Head|p2a: Floette\n|-supereffective|p2a: Floette|1\n|-damage|p2a: Floette|5/100\n|\n|-weather|RainDance|[upkeep]\n|-heal|p1b: Goodra|90/100|[from] item: Leftovers\n|upkeep\n|\n|t:|1776094808\n|switch|p2b: Rotom|Rotom-Wash, L50|100/100\n|turn|9\n|\n|t:|1776094817\n|move|p2a: Floette|Protect|p2a: Floette\n|-singleturn|p2a: Floette|Protect\n|move|p2b: Rotom|Will-O-Wisp|p1b: Goodra\n|-status|p1b: Goodra|brn\n|move|p1b: Goodra|Iron Head|p2a: Floette\n|-activate|p2a: Floette|move: Protect\n|\n|-weather|RainDance|[upkeep]\n|-heal|p1b: Goodra|96/100 brn|[from] item: Leftovers\n|-damage|p1b: Goodra|90/100 brn|[from] brn\n|upkeep\n|turn|10\n|-message|Cucaro Macaro forfeited.\n|\n|win|Snowbten\n|raw|Cucaro Macaro's rating: 1053 &rarr; <strong>1034</strong><br />(-19 for losing)\n|raw|Snowbten's rating: 1041 &rarr; <strong>1076</strong><br />(+35 for winning)\n|l|\u2606Cucaro Macaro\n|player|p1|\n",
  "uploadtime": 1776094831,
  "views": 9,
  "formatid": "gen9championsvgc2026regma",
  "rating": 1034,
  "private": 0,
  "password": null
}