{
  "id": "gen9championsvgc2026regma-2583911720",
  "format": "[Gen 9 Champions] VGC 2026 Reg M-A",
  "players": [
    "Astral Legionis",
    "Jakewater"
  ],
  "log": "|j|\u2606Astral Legionis\n|j|\u2606Jakewater\n|t:|1776207634\n|gametype|doubles\n|player|p1|Astral Legionis|1|1099\n|player|p2|Jakewater|blue|1131\n|gen|9\n|tier|[Gen 9 Champions] VGC 2026 Reg M-A\n|rated|\n|rule|Species Clause: Limit one of each Pok\u00e9mon\n|rule|Item Clause: Limit 1 of each item\n|clearpoke\n|poke|p1|Reuniclus, L50, M|\n|poke|p1|Archaludon, L50, F|\n|poke|p1|Pelipper, L50, F|\n|poke|p1|Sinistcha, L50|\n|poke|p1|Meganium, L50, M|\n|poke|p1|Incineroar, L50, F|\n|poke|p2|Meganium, L50, M|\n|poke|p2|Aerodactyl, L50, F|\n|poke|p2|Politoed, L50, M|\n|poke|p2|Gardevoir, L50, F|\n|poke|p2|Ditto, L50|\n|poke|p2|Tyranitar, L50, M|\n|teampreview|4\n|inactive|Battle timer is ON: inactive players will automatically lose when time's up. (requested by Jakewater)\n|\n|t:|1776207657\n|teamsize|p1|4\n|teamsize|p2|4\n|start\n|switch|p1a: nowhere to go|Sinistcha, L50|100/100\n|switch|p1b: jelly baby|Reuniclus, L50, M|100/100\n|switch|p2a: Meganium|Meganium, L50, M|100/100\n|switch|p2b: Aerodactyl|Aerodactyl, L50, F|100/100\n|turn|1\n|\n|t:|1776207674\n|detailschange|p2a: Meganium|Meganium-Mega, L50, M\n|-mega|p2a: Meganium|Meganium|Meganiumite\n|move|p2b: Aerodactyl|Dual Wingbeat|p1a: nowhere to go\n|-supereffective|p1a: nowhere to go|1\n|-damage|p1a: nowhere to go|67/100\n|-supereffective|p1a: nowhere to go|1\n|-crit|p1a: nowhere to go\n|-damage|p1a: nowhere to go|16/100\n|-hitcount|p1a: nowhere to go|2\n|move|p2a: Meganium|Weather Ball|p1a: nowhere to go\n|-supereffective|p1a: nowhere to go|1\n|-damage|p1a: nowhere to go|0 fnt\n|faint|p1a: nowhere to go\n|move|p1b: jelly baby|Calm Mind|p1b: jelly baby\n|-boost|p1b: jelly baby|spa|1\n|-boost|p1b: jelly baby|spd|1\n|\n|upkeep\n|\n|t:|1776207689\n|switch|p1a: chicken bone|Incineroar, L50, F|100/100\n|-ability|p1a: chicken bone|Intimidate|boost\n|-unboost|p2a: Meganium|atk|1\n|-unboost|p2b: Aerodactyl|atk|1\n|turn|2\n|\n|t:|1776207709\n|switch|p2b: Politoed|Politoed, L50, M|100/100\n|-weather|RainDance|[from] ability: Drizzle|[of] p2b: Politoed\n|move|p1a: chicken bone|Fake Out|p2a: Meganium\n|-damage|p2a: Meganium|91/100\n|cant|p2a: Meganium|flinch\n|move|p1b: jelly baby|Thunder|p2b: Politoed\n|-supereffective|p2b: Politoed|1\n|-damage|p2b: Politoed|0 fnt\n|faint|p2b: Politoed\n|\n|-weather|RainDance|[upkeep]\n|upkeep\n|\n|t:|1776207724\n|switch|p2b: Tyranitar|Tyranitar, L50, M|100/100\n|-weather|Sandstorm|[from] ability: Sand Stream|[of] p2b: Tyranitar\n|turn|3\n|\n|t:|1776207737\n|move|p2a: Meganium|Dazzling Gleam|p1b: jelly baby|[spread] p1a,p1b\n|-damage|p1a: chicken bone|69/100\n|-damage|p1b: jelly baby|77/100\n|move|p1a: chicken bone|Parting Shot|p2a: Meganium\n|-unboost|p2a: Meganium|atk|1\n|-unboost|p2a: Meganium|spa|1\n|\n|t:|1776207742\n|switch|p1a: roots pulled up|Meganium, L50, M|100/100|[from] Parting Shot\n|move|p2b: Tyranitar|Crunch|p1b: jelly baby\n|-supereffective|p1b: jelly baby|1\n|-damage|p1b: jelly baby|0 fnt\n|faint|p1b: jelly baby\n|\n|-weather|Sandstorm|[upkeep]\n|-damage|p1a: roots pulled up|95/100|[from] Sandstorm\n|-damage|p2a: Meganium|85/100|[from] Sandstorm\n|upkeep\n|\n|t:|1776207744\n|switch|p1b: chicken bone|Incineroar, L50, F|69/100\n|-ability|p1b: chicken bone|Intimidate|boost\n|-unboost|p2a: Meganium|atk|1\n|-unboost|p2b: Tyranitar|atk|1\n|turn|4\n|\n|t:|1776207760\n|detailschange|p1a: roots pulled up|Meganium-Mega, L50, M\n|-mega|p1a: roots pulled up|Meganium|Meganiumite\n|move|p1b: chicken bone|Fake Out|p2a: Meganium\n|-damage|p2a: Meganium|75/100\n|move|p1a: roots pulled up|Weather Ball|p2a: Meganium\n|-supereffective|p2a: Meganium|1\n|-damage|p2a: Meganium|0 fnt\n|faint|p2a: Meganium\n|move|p2b: Tyranitar|Earthquake|p1a: roots pulled up|[spread] p1a,p1b\n|-resisted|p1a: roots pulled up|1\n|-crit|p1a: roots pulled up\n|-supereffective|p1b: chicken bone|1\n|-enditem|p1b: chicken bone|Shuca Berry|[eat]\n|-enditem|p1b: chicken bone|Shuca Berry|[weaken]\n|-damage|p1a: roots pulled up|75/100\n|-damage|p1b: chicken bone|52/100\n|\n|-weather|Sandstorm|[upkeep]\n|-damage|p1a: roots pulled up|69/100|[from] Sandstorm\n|-damage|p1b: chicken bone|46/100|[from] Sandstorm\n|upkeep\n|\n|t:|1776207774\n|switch|p2a: Aerodactyl|Aerodactyl, L50, F|100/100\n|turn|5\n|\n|t:|1776207783\n|move|p2a: Aerodactyl|Dual Wingbeat|p1a: roots pulled up|[miss]\n|-miss|p2a: Aerodactyl|p1a: roots pulled up\n|move|p1a: roots pulled up|Solar Beam||[still]\n|-prepare|p1a: roots pulled up|Solar Beam\n|-activate|p1a: roots pulled up|ability: Mega Sol\n|-anim|p1a: roots pulled up|Solar Beam|p2b: Tyranitar\n|-supereffective|p2b: Tyranitar|1\n|-damage|p2b: Tyranitar|0 fnt\n|faint|p2b: Tyranitar\n|move|p1b: chicken bone|Parting Shot|p2a: Aerodactyl\n|-unboost|p2a: Aerodactyl|atk|1\n|-unboost|p2a: Aerodactyl|spa|1\n|\n|-weather|Sandstorm|[upkeep]\n|-damage|p1a: roots pulled up|63/100|[from] Sandstorm\n|-damage|p1b: chicken bone|40/100|[from] Sandstorm\n|upkeep\n|turn|6\n|\n|t:|1776207801\n|move|p2a: Aerodactyl|Dual Wingbeat|p1a: roots pulled up\n|-supereffective|p1a: roots pulled up|1\n|-damage|p1a: roots pulled up|40/100\n|-supereffective|p1a: roots pulled up|1\n|-damage|p1a: roots pulled up|16/100\n|-hitcount|p1a: roots pulled up|2\n|move|p1a: roots pulled up|Solar Beam||[still]\n|-prepare|p1a: roots pulled up|Solar Beam\n|-activate|p1a: roots pulled up|ability: Mega Sol\n|-anim|p1a: roots pulled up|Solar Beam|p2a: Aerodactyl\n|-damage|p2a: Aerodactyl|7/100\n|move|p1b: chicken bone|Throat Chop|p2a: Aerodactyl\n|-damage|p2a: Aerodactyl|0 fnt\n|faint|p2a: Aerodactyl\n|\n|win|Astral Legionis\n|raw|Astral Legionis's rating: 1099 &rarr; <strong>1126</strong><br />(+27 for winning)\n|raw|Jakewater's rating: 1131 &rarr; <strong>1104</strong><br />(-27 for losing)\n",
  "uploadtime": 1776207814,
  "views": 19,
  "formatid": "gen9championsvgc2026regma",
  "rating": 1104,
  "private": 0,
  "password": null
}