{
  "id": "gen9championsvgc2026regma-2588090346",
  "format": "[Gen 9 Champions] VGC 2026 Reg M-A",
  "players": [
    "Nero3456",
    "the same as here"
  ],
  "log": "|j|\u2606Nero3456\n|j|\u2606the same as here\n|t:|1776603142\n|gametype|doubles\n|player|p1|Nero3456|lucas|1313\n|player|p2|the same as here|janitor|1215\n|gen|9\n|tier|[Gen 9 Champions] VGC 2026 Reg M-A\n|rated|\n|rule|Species Clause: Limit one of each Pok\u00e9mon\n|rule|Item Clause: Limit 1 of each item\n|clearpoke\n|poke|p1|Politoed, L50, M|\n|poke|p1|Archaludon, L50, F|\n|poke|p1|Hydrapple, L50, M, shiny|\n|poke|p1|Blastoise, L50, F|\n|poke|p1|Corviknight, L50, F, shiny|\n|poke|p1|Oranguru, L50, M, shiny|\n|poke|p2|Floette-Eternal, L50, F|\n|poke|p2|Sinistcha, L50|\n|poke|p2|Incineroar, L50, M|\n|poke|p2|Gyarados, L50, M|\n|poke|p2|Garchomp, L50, F|\n|poke|p2|Glimmora, L50, F|\n|teampreview|4\n|inactive|Battle timer is ON: inactive players will automatically lose when time's up. (requested by Nero3456)\n|inactive|the same as here has 60 seconds left.\n|\n|t:|1776603187\n|teamsize|p1|4\n|teamsize|p2|4\n|start\n|switch|p1a: Blastoise|Blastoise, L50, F|100/100\n|switch|p1b: Corviknight|Corviknight, L50, F, shiny|100/100\n|switch|p2a: The difference|Incineroar, L50, M|100/100\n|switch|p2b: Problems|Sinistcha, L50|100/100\n|-ability|p2a: The difference|Intimidate|boost\n|-unboost|p1a: Blastoise|atk|1\n|-ability|p1b: Corviknight|Mirror Armor\n|-unboost|p2a: The difference|atk|1\n|turn|1\n|inactive|the same as here has 30 seconds left.\n|\n|t:|1776603220\n|move|p1a: Blastoise|Protect|p1a: Blastoise\n|-singleturn|p1a: Blastoise|Protect\n|move|p2a: The difference|Fake Out|p1a: Blastoise\n|-activate|p1a: Blastoise|move: Protect\n|move|p2b: Problems|Matcha Gotcha|p1a: Blastoise|[spread] p1b\n|-activate|p1a: Blastoise|move: Protect\n|-resisted|p1b: Corviknight|2\n|-damage|p1b: Corviknight|95/100\n|move|p1b: Corviknight|Tailwind|p1b: Corviknight\n|-sidestart|p1: Nero3456|move: Tailwind\n|\n|-heal|p1b: Corviknight|100/100|[from] item: Leftovers\n|upkeep\n|turn|2\n|\n|t:|1776603238\n|switch|p1b: Politoed|Politoed, L50, M|100/100\n|-weather|RainDance|[from] ability: Drizzle|[of] p1b: Politoed\n|switch|p2a: Piano|Garchomp, L50, F|100/100\n|detailschange|p1a: Blastoise|Blastoise-Mega, L50, F\n|-mega|p1a: Blastoise|Blastoise|Blastoisinite\n|move|p1a: Blastoise|Water Spout|p2b: Problems|[spread] p2a,p2b\n|-resisted|p2b: Problems|1\n|-damage|p2a: Piano|0 fnt\n|-damage|p2b: Problems|63/100\n|faint|p2a: Piano\n|move|p2b: Problems|Matcha Gotcha|p1b: Politoed|[spread] p1a,p1b\n|-supereffective|p1a: Blastoise|1\n|-supereffective|p1b: Politoed|1\n|-damage|p1a: Blastoise|62/100\n|-heal|p2b: Problems|83/100|[from] drain|[of] p1a: Blastoise\n|-damage|p1b: Politoed|61/100\n|-heal|p2b: Problems|100/100|[from] drain|[of] p1b: Politoed\n|-status|p1a: Blastoise|brn\n|\n|-weather|RainDance|[upkeep]\n|-damage|p1a: Blastoise|56/100 brn|[from] brn\n|upkeep\n|\n|t:|1776603258\n|switch|p2a: The difference|Incineroar, L50, M|100/100\n|-ability|p2a: The difference|Intimidate|boost\n|-unboost|p1a: Blastoise|atk|1\n|-unboost|p1b: Politoed|atk|1\n|turn|3\n|\n|t:|1776603275\n|switch|p1b: Archaludon|Archaludon, L50, F|100/100\n|move|p1a: Blastoise|Protect|p1a: Blastoise\n|-singleturn|p1a: Blastoise|Protect\n|move|p2b: Problems|Stun Spore|p1b: Archaludon|[miss]\n|-miss|p2b: Problems|p1b: Archaludon\n|move|p2a: The difference|Parting Shot|p1b: Archaludon\n|-unboost|p1b: Archaludon|atk|1\n|-unboost|p1b: Archaludon|spa|1\n|\n|t:|1776603285\n|switch|p2a: Mini Flutter Mane|Floette-Eternal, L50, F|100/100|[from] Parting Shot\n|\n|-weather|RainDance|[upkeep]\n|-damage|p1a: Blastoise|50/100 brn|[from] brn\n|upkeep\n|turn|4\n|\n|t:|1776603302\n|detailschange|p2a: Mini Flutter Mane|Floette-Mega, L50, F\n|-mega|p2a: Mini Flutter Mane|Floette|Floettite\n|-ability|p2a: Mini Flutter Mane|Fairy Aura\n|move|p2a: Mini Flutter Mane|Protect|p2a: Mini Flutter Mane\n|-singleturn|p2a: Mini Flutter Mane|Protect\n|move|p1b: Archaludon|Flash Cannon|p2a: Mini Flutter Mane\n|-activate|p2a: Mini Flutter Mane|move: Protect\n|move|p1a: Blastoise|Dark Pulse|p2b: Problems\n|-supereffective|p2b: Problems|1\n|-damage|p2b: Problems|21/100\n|-enditem|p2b: Problems|Sitrus Berry|[eat]\n|-heal|p2b: Problems|45/100|[from] item: Sitrus Berry\n|move|p2b: Problems|Stun Spore|p1b: Archaludon\n|-status|p1b: Archaludon|par\n|\n|-weather|RainDance|[upkeep]\n|-damage|p1a: Blastoise|44/100 brn|[from] brn\n|-sideend|p1: Nero3456|move: Tailwind\n|upkeep\n|turn|5\n|inactive|Nero3456 has 30 seconds left.\n|\n|t:|1776603329\n|switch|p1b: Corviknight|Corviknight, L50, F, shiny|100/100\n|move|p2a: Mini Flutter Mane|Dazzling Gleam|p1a: Blastoise|[spread] p1a,p1b\n|-resisted|p1b: Corviknight|1\n|-damage|p1a: Blastoise|0 fnt\n|-damage|p1b: Corviknight|77/100\n|faint|p1a: Blastoise\n|move|p2b: Problems|Hex|p1b: Corviknight\n|-damage|p1b: Corviknight|52/100\n|\n|-weather|RainDance|[upkeep]\n|-heal|p1b: Corviknight|58/100|[from] item: Leftovers\n|upkeep\n|\n|t:|1776603343\n|switch|p1a: Archaludon|Archaludon, L50, F|100/100 par\n|turn|6\n|\n|t:|1776603361\n|move|p2a: Mini Flutter Mane|Dazzling Gleam|p1a: Archaludon|[spread] p1a,p1b\n|-resisted|p1b: Corviknight|1\n|-damage|p1a: Archaludon|42/100 par\n|-damage|p1b: Corviknight|35/100\n|-ability|p1a: Archaludon|Stamina|boost\n|-boost|p1a: Archaludon|def|1\n|move|p2b: Problems|Stun Spore|p1b: Corviknight\n|-status|p1b: Corviknight|par\n|move|p1a: Archaludon|Electro Shot||[still]\n|-prepare|p1a: Archaludon|Electro Shot\n|-boost|p1a: Archaludon|spa|1\n|-anim|p1a: Archaludon|Electro Shot|p2b: Problems\n|-resisted|p2b: Problems|1\n|-damage|p2b: Problems|16/100\n|move|p1b: Corviknight|U-turn|p2b: Problems\n|-damage|p2b: Problems|0 fnt\n|faint|p2b: Problems\n|\n|t:|1776603375\n|switch|p1b: Politoed|Politoed, L50, M|61/100|[from] U-turn\n|\n|-weather|none\n|upkeep\n|\n|t:|1776603376\n|switch|p2b: The difference|Incineroar, L50, M|100/100\n|-ability|p2b: The difference|Intimidate|boost\n|-unboost|p1a: Archaludon|atk|1\n|-unboost|p1b: Politoed|atk|1\n|turn|7\n|\n|t:|1776603385\n|switch|p1b: Corviknight|Corviknight, L50, F, shiny|35/100 par\n|move|p1a: Archaludon|Protect|p1a: Archaludon\n|-singleturn|p1a: Archaludon|Protect\n|move|p2b: The difference|Fake Out|p1b: Corviknight\n|-resisted|p1b: Corviknight|1\n|-damage|p1b: Corviknight|32/100 par\n|move|p2a: Mini Flutter Mane|Dazzling Gleam|p1b: Corviknight|[spread] p1b\n|-activate|p1a: Archaludon|move: Protect\n|-resisted|p1b: Corviknight|1\n|-damage|p1b: Corviknight|9/100 par\n|\n|-heal|p1b: Corviknight|15/100 par|[from] item: Leftovers\n|upkeep\n|turn|8\n|\n|t:|1776603406\n|move|p2a: Mini Flutter Mane|Dazzling Gleam|p1a: Archaludon|[spread] p1a,p1b\n|-resisted|p1b: Corviknight|1\n|-damage|p1a: Archaludon|0 fnt\n|-damage|p1b: Corviknight|0 fnt\n|faint|p1a: Archaludon\n|faint|p1b: Corviknight\n|move|p2b: The difference|Throat Chop|p1: Archaludon|[notarget]\n|-fail|p2b: The difference\n|\n|upkeep\n|\n|t:|1776603410\n|switch|p1a: Politoed|Politoed, L50, M|61/100\n|-weather|RainDance|[from] ability: Drizzle|[of] p1a: Politoed\n|turn|9\n|\n|t:|1776603414\n|move|p2a: Mini Flutter Mane|Moonblast|p1a: Politoed\n|-damage|p1a: Politoed|3/100\n|-enditem|p1a: Politoed|Sitrus Berry|[eat]\n|-heal|p1a: Politoed|28/100|[from] item: Sitrus Berry\n|move|p1a: Politoed|Perish Song|p1a: Politoed\n|-start|p1a: Politoed|perish3|[silent]\n|-start|p2a: Mini Flutter Mane|perish3|[silent]\n|-start|p2b: The difference|perish3|[silent]\n|-fieldactivate|move: Perish Song\n|move|p2b: The difference|Throat Chop|p1a: Politoed\n|-damage|p1a: Politoed|0 fnt\n|faint|p1a: Politoed\n|\n|win|the same as here\n|raw|Nero3456's rating: 1313 &rarr; <strong>1288</strong><br />(-25 for losing)\n|raw|the same as here's rating: 1215 &rarr; <strong>1247</strong><br />(+32 for winning)\n|l|\u2606Nero3456\n|player|p1|\n",
  "uploadtime": 1776603423,
  "views": 13,
  "formatid": "gen9championsvgc2026regma",
  "rating": 1247,
  "private": 0,
  "password": null
}