{
  "id": "gen9championsvgc2026regma-2581828654",
  "format": "[Gen 9 Champions] VGC 2026 Reg M-A",
  "players": [
    "1munchkin",
    "HayatoU"
  ],
  "log": "|j|\u26061munchkin\n|j|\u2606HayatoU\n|t:|1776031756\n|gametype|doubles\n|player|p1|1munchkin|giovanni|1121\n|player|p2|HayatoU|lisia-masters|1201\n|gen|9\n|tier|[Gen 9 Champions] VGC 2026 Reg M-A\n|rated|\n|rule|Species Clause: Limit one of each Pok\u00e9mon\n|rule|Item Clause: Limit 1 of each item\n|clearpoke\n|poke|p1|Banette, L50, F|\n|poke|p1|Tyranitar, L50, M|\n|poke|p1|Aerodactyl, L50, M|\n|poke|p1|Excadrill, L50, M|\n|poke|p1|Rotom-Wash, L50|\n|poke|p1|Kommo-o, L50, M|\n|poke|p2|Meganium, L50, F|\n|poke|p2|Starmie, L50|\n|poke|p2|Archaludon, L50, F|\n|poke|p2|Maushold-Four, L50|\n|poke|p2|Pelipper, L50, M|\n|poke|p2|Incineroar, L50, M|\n|teampreview|4\n|\n|t:|1776031824\n|teamsize|p1|4\n|teamsize|p2|4\n|start\n|switch|p1a: Tyranitar|Tyranitar, L50, M|100/100\n|switch|p1b: Excadrill|Excadrill, L50, M|100/100\n|switch|p2a: Incineroar|Incineroar, L50, M|100/100\n|switch|p2b: Starmie|Starmie, L50|100/100\n|-ability|p2a: Incineroar|Intimidate|boost\n|-unboost|p1a: Tyranitar|atk|1\n|-unboost|p1b: Excadrill|atk|1\n|-weather|Sandstorm|[from] ability: Sand Stream|[of] p1a: Tyranitar\n|turn|1\n|\n|t:|1776031868\n|detailschange|p2b: Starmie|Starmie-Mega, L50\n|-mega|p2b: Starmie|Starmie|Starminite\n|move|p1b: Excadrill|Protect|p1b: Excadrill\n|-singleturn|p1b: Excadrill|Protect\n|move|p2a: Incineroar|Fake Out|p1b: Excadrill\n|-activate|p1b: Excadrill|move: Protect\n|move|p2b: Starmie|Liquidation|p1b: Excadrill\n|-activate|p1b: Excadrill|move: Protect\n|move|p1a: Tyranitar|Knock Off|p2b: Starmie\n|-supereffective|p2b: Starmie|1\n|-damage|p2b: Starmie|37/100\n|\n|-weather|Sandstorm|[upkeep]\n|-damage|p2b: Starmie|31/100|[from] Sandstorm\n|-damage|p2a: Incineroar|95/100|[from] Sandstorm\n|upkeep\n|turn|2\n|\n|t:|1776031886\n|move|p1b: Excadrill|Rock Slide|p2a: Incineroar|[spread] p2a,p2b\n|-supereffective|p2a: Incineroar|1\n|-damage|p2a: Incineroar|70/100\n|-damage|p2b: Starmie|14/100\n|move|p2b: Starmie|Liquidation|p1a: Tyranitar\n|-supereffective|p1a: Tyranitar|1\n|-damage|p1a: Tyranitar|0 fnt\n|faint|p1a: Tyranitar\n|move|p2a: Incineroar|Darkest Lariat|p1b: Excadrill\n|-damage|p1b: Excadrill|54/100\n|\n|-weather|Sandstorm|[upkeep]\n|-damage|p2b: Starmie|8/100|[from] Sandstorm\n|-damage|p2a: Incineroar|64/100|[from] Sandstorm\n|upkeep\n|\n|t:|1776031898\n|switch|p1a: Banette|Banette, L50, F|100/100\n|-item|p2a: Incineroar|Sitrus Berry|[from] ability: Frisk|[of] p1a: Banette\n|-item|p2b: Starmie|Starminite|[from] ability: Frisk|[of] p1a: Banette\n|turn|3\n|\n|t:|1776031918\n|switch|p2b: Meganium|Meganium, L50, F|100/100\n|detailschange|p1a: Banette|Banette-Mega, L50, F\n|-mega|p1a: Banette|Banette|Banettite\n|move|p1a: Banette|Shadow Sneak|p2b: Meganium\n|-damage|p2b: Meganium|66/100\n|move|p1b: Excadrill|High Horsepower|p2a: Incineroar\n|-supereffective|p2a: Incineroar|1\n|-damage|p2a: Incineroar|2/100\n|-enditem|p2a: Incineroar|Sitrus Berry|[eat]\n|-heal|p2a: Incineroar|27/100|[from] item: Sitrus Berry\n|move|p2a: Incineroar|Parting Shot|p1b: Excadrill\n|-unboost|p1b: Excadrill|atk|1\n|-unboost|p1b: Excadrill|spa|1\n|\n|t:|1776031931\n|switch|p2a: Maushold|Maushold-Four, L50|100/100|[from] Parting Shot\n|\n|-weather|Sandstorm|[upkeep]\n|-damage|p2a: Maushold|94/100|[from] Sandstorm\n|-damage|p2b: Meganium|60/100|[from] Sandstorm\n|-damage|p1a: Banette|95/100|[from] Sandstorm\n|-heal|p2a: Maushold|100/100|[from] item: Leftovers\n|upkeep\n|turn|4\n|\n|t:|1776031956\n|switch|p1b: Rotom|Rotom-Wash, L50|100/100\n|move|p2a: Maushold|Follow Me|p2a: Maushold\n|-singleturn|p2a: Maushold|move: Follow Me\n|move|p1a: Banette|Will-O-Wisp|p2a: Maushold|[miss]\n|-miss|p1a: Banette|p2a: Maushold\n|move|p2b: Meganium|Solar Beam||[still]\n|-prepare|p2b: Meganium|Solar Beam\n|\n|-weather|Sandstorm|[upkeep]\n|-damage|p2a: Maushold|94/100|[from] Sandstorm\n|-damage|p2b: Meganium|54/100|[from] Sandstorm\n|-damage|p1a: Banette|89/100|[from] Sandstorm\n|-damage|p1b: Rotom|95/100|[from] Sandstorm\n|-heal|p2a: Maushold|100/100|[from] item: Leftovers\n|upkeep\n|turn|5\n|\n|t:|1776031995\n|move|p2a: Maushold|Follow Me|p2a: Maushold\n|-singleturn|p2a: Maushold|move: Follow Me\n|move|p1a: Banette|Will-O-Wisp|p2a: Maushold\n|-status|p2a: Maushold|brn\n|move|p2b: Meganium|Solar Beam|p1b: Rotom|[from] lockedmove\n|-supereffective|p1b: Rotom|1\n|-damage|p1b: Rotom|34/100\n|-enditem|p1b: Rotom|Sitrus Berry|[eat]\n|-heal|p1b: Rotom|58/100|[from] item: Sitrus Berry\n|move|p1b: Rotom|Volt Switch|p2a: Maushold\n|-damage|p2a: Maushold|62/100 brn\n|\n|t:|1776032006\n|switch|p1b: Excadrill|Excadrill, L50, M|54/100|[from] Volt Switch\n|\n|-weather|none\n|-heal|p2a: Maushold|68/100 brn|[from] item: Leftovers\n|-damage|p2a: Maushold|62/100 brn|[from] brn\n|upkeep\n|turn|6\n|\n|t:|1776032029\n|switch|p2a: Incineroar|Incineroar, L50, M|27/100\n|-ability|p2a: Incineroar|Intimidate|boost\n|-unboost|p1a: Banette|atk|1\n|-unboost|p1b: Excadrill|atk|1\n|switch|p1a: Rotom|Rotom-Wash, L50|58/100\n|move|p1b: Excadrill|High Horsepower|p2a: Incineroar\n|-supereffective|p2a: Incineroar|1\n|-damage|p2a: Incineroar|0 fnt\n|faint|p2a: Incineroar\n|move|p2b: Meganium|Dazzling Gleam|p1a: Rotom|[spread] p1a,p1b\n|-resisted|p1b: Excadrill|1\n|-damage|p1a: Rotom|40/100\n|-damage|p1b: Excadrill|43/100\n|\n|upkeep\n|\n|t:|1776032042\n|switch|p2a: Starmie|Starmie-Mega, L50|8/100\n|turn|7\n|\n|t:|1776032082\n|move|p2a: Starmie|Liquidation|p1b: Excadrill\n|-supereffective|p1b: Excadrill|1\n|-damage|p1b: Excadrill|0 fnt\n|faint|p1b: Excadrill\n|move|p2b: Meganium|Weather Ball|p1a: Rotom\n|-damage|p1a: Rotom|24/100\n|move|p1a: Rotom|Thunderbolt|p2a: Starmie\n|-supereffective|p2a: Starmie|1\n|-damage|p2a: Starmie|0 fnt\n|faint|p2a: Starmie\n|\n|upkeep\n|\n|t:|1776032092\n|switch|p2a: Maushold|Maushold-Four, L50|62/100 brn\n|switch|p1b: Banette|Banette-Mega, L50, F|89/100\n|turn|8\n|\n|t:|1776032114\n|move|p2a: Maushold|Follow Me|p2a: Maushold\n|-singleturn|p2a: Maushold|move: Follow Me\n|move|p2b: Meganium|Solar Beam||[still]\n|-prepare|p2b: Meganium|Solar Beam\n|move|p1b: Banette|Poltergeist|p2a: Maushold\n|-immune|p2a: Maushold\n|move|p1a: Rotom|Thunderbolt|p2a: Maushold\n|-damage|p2a: Maushold|13/100 brn\n|\n|-heal|p2a: Maushold|19/100 brn|[from] item: Leftovers\n|-damage|p2a: Maushold|13/100 brn|[from] brn\n|upkeep\n|turn|9\n|\n|t:|1776032159\n|move|p2a: Maushold|Follow Me|p2a: Maushold\n|-singleturn|p2a: Maushold|move: Follow Me\n|move|p1b: Banette|Shadow Sneak|p2a: Maushold\n|-immune|p2a: Maushold\n|move|p2b: Meganium|Solar Beam|p1a: Rotom|[from] lockedmove\n|-supereffective|p1a: Rotom|1\n|-damage|p1a: Rotom|0 fnt\n|faint|p1a: Rotom\n|\n|-heal|p2a: Maushold|19/100 brn|[from] item: Leftovers\n|-damage|p2a: Maushold|13/100 brn|[from] brn\n|upkeep\n|turn|10\n|\n|t:|1776032178\n|move|p2a: Maushold|Follow Me|p2a: Maushold\n|-singleturn|p2a: Maushold|move: Follow Me\n|move|p1b: Banette|Will-O-Wisp|p2a: Maushold\n|-fail|p2a: Maushold|brn\n|move|p2b: Meganium|Synthesis|p2b: Meganium\n|-heal|p2b: Meganium|100/100\n|\n|-heal|p2a: Maushold|19/100 brn|[from] item: Leftovers\n|-damage|p2a: Maushold|13/100 brn|[from] brn\n|upkeep\n|turn|11\n|\n|t:|1776032193\n|move|p2a: Maushold|Follow Me|p2a: Maushold\n|-singleturn|p2a: Maushold|move: Follow Me\n|move|p1b: Banette|Will-O-Wisp|p2a: Maushold\n|-fail|p2a: Maushold|brn\n|move|p2b: Meganium|Solar Beam||[still]\n|-prepare|p2b: Meganium|Solar Beam\n|\n|-heal|p2a: Maushold|19/100 brn|[from] item: Leftovers\n|-damage|p2a: Maushold|13/100 brn|[from] brn\n|upkeep\n|turn|12\n|\n|t:|1776032205\n|move|p2a: Maushold|Follow Me|p2a: Maushold\n|-singleturn|p2a: Maushold|move: Follow Me\n|move|p1b: Banette|Will-O-Wisp|p2a: Maushold\n|-fail|p2a: Maushold|brn\n|move|p2b: Meganium|Solar Beam|p1b: Banette|[from] lockedmove\n|-damage|p1b: Banette|15/100\n|\n|-heal|p2a: Maushold|19/100 brn|[from] item: Leftovers\n|-damage|p2a: Maushold|13/100 brn|[from] brn\n|upkeep\n|turn|13\n|\n|t:|1776032217\n|move|p2a: Maushold|Follow Me|p2a: Maushold\n|-singleturn|p2a: Maushold|move: Follow Me\n|move|p1b: Banette|Will-O-Wisp|p2a: Maushold\n|-fail|p2a: Maushold|brn\n|move|p2b: Meganium|Solar Beam||[still]\n|-prepare|p2b: Meganium|Solar Beam\n|\n|-heal|p2a: Maushold|19/100 brn|[from] item: Leftovers\n|-damage|p2a: Maushold|13/100 brn|[from] brn\n|upkeep\n|turn|14\n|\n|t:|1776032225\n|move|p2a: Maushold|Follow Me|p2a: Maushold\n|-singleturn|p2a: Maushold|move: Follow Me\n|move|p1b: Banette|Destiny Bond|p1b: Banette\n|-singlemove|p1b: Banette|Destiny Bond\n|move|p2b: Meganium|Solar Beam|p1b: Banette|[from] lockedmove\n|-damage|p1b: Banette|0 fnt\n|faint|p1b: Banette\n|-activate|p1b: Banette|move: Destiny Bond\n|faint|p2b: Meganium\n|\n|win|HayatoU\n|raw|1munchkin's rating: 1121 &rarr; <strong>1102</strong><br />(-19 for losing)\n|raw|HayatoU's rating: 1201 &rarr; <strong>1220</strong><br />(+19 for winning)\n|l|\u26061munchkin\n|player|p1|\n",
  "uploadtime": 1776032248,
  "views": 16,
  "formatid": "gen9championsvgc2026regma",
  "rating": 1102,
  "private": 0,
  "password": null
}