{
  "id": "gen9championsvgc2026regma-2583408622",
  "format": "[Gen 9 Champions] VGC 2026 Reg M-A",
  "players": [
    "VariAble55",
    "Epolosos"
  ],
  "log": "|j|\u2606VariAble55\n|j|\u2606Epolosos\n|t:|1776173671\n|gametype|doubles\n|player|p1|VariAble55|dana|1028\n|player|p2|Epolosos|101|1070\n|gen|9\n|tier|[Gen 9 Champions] VGC 2026 Reg M-A\n|rated|\n|rule|Species Clause: Limit one of each Pok\u00e9mon\n|rule|Item Clause: Limit 1 of each item\n|clearpoke\n|poke|p1|Froslass, L50, F|\n|poke|p1|Incineroar, L50, M|\n|poke|p1|Sneasler, L50, F|\n|poke|p1|Empoleon, L50, F|\n|poke|p1|Chandelure, L50, F|\n|poke|p1|Ninetales-Alola, L50, M|\n|poke|p2|Glimmora, L50, F|\n|poke|p2|Incineroar, L50, F|\n|poke|p2|Whimsicott, L50, M|\n|poke|p2|Lopunny, L50, F|\n|poke|p2|Aegislash, L50, M|\n|poke|p2|Primarina, L50, M|\n|teampreview|4\n|inactive|Battle timer is ON: inactive players will automatically lose when time's up. (requested by VariAble55)\n|inactive|Epolosos has 60 seconds left.\n|inactive|Epolosos has 30 seconds left.\nVariAble55 rejected open team sheets.\n|inactive|Epolosos has 20 seconds left.\n|\n|t:|1776173746\n|teamsize|p1|4\n|teamsize|p2|4\n|start\n|switch|p1a: Empoleon|Empoleon, L50, F|100/100\n|switch|p1b: Chandelure|Chandelure, L50, F|100/100\n|switch|p2a: Lopunny|Lopunny, L50, F|100/100\n|switch|p2b: Aegislash|Aegislash, L50, M|100/100\n|turn|1\n|\n|t:|1776173763\n|detailschange|p1b: Chandelure|Chandelure-Mega, L50, F\n|-mega|p1b: Chandelure|Chandelure|Chandelurite\n|move|p1a: Empoleon|Protect|p1a: Empoleon\n|-singleturn|p1a: Empoleon|Protect\n|move|p2b: Aegislash|Wide Guard|p2b: Aegislash\n|-singleturn|p2b: Aegislash|Wide Guard\n|move|p2a: Lopunny|Close Combat|p1a: Empoleon\n|-activate|p1a: Empoleon|move: Protect\n|move|p1b: Chandelure|Substitute|p1b: Chandelure\n|-start|p1b: Chandelure|Substitute\n|-damage|p1b: Chandelure|76/100\n|\n|upkeep\n|turn|2\n|inactive|VariAble55 has 30 seconds left.\n|inactive|Epolosos has 30 seconds left.\n|\n|t:|1776173795\n|switch|p1a: Incineroar|Incineroar, L50, M|100/100\n|-ability|p1a: Incineroar|Intimidate|boost\n|-unboost|p2a: Lopunny|atk|1\n|-unboost|p2b: Aegislash|atk|1\n|move|p2a: Lopunny|Close Combat|p1a: Incineroar\n|-supereffective|p1a: Incineroar|1\n|-damage|p1a: Incineroar|65/100\n|-unboost|p2a: Lopunny|def|1\n|-unboost|p2a: Lopunny|spd|1\n|move|p1b: Chandelure|Shadow Ball|p2b: Aegislash\n|-supereffective|p2b: Aegislash|1\n|-damage|p2b: Aegislash|0 fnt\n|faint|p2b: Aegislash\n|\n|upkeep\n|\n|t:|1776173811\n|switch|p2b: Primarina|Primarina, L50, M|100/100\n|turn|3\n|\n|t:|1776173831\n|move|p2b: Primarina|Protect|p2b: Primarina\n|-singleturn|p2b: Primarina|Protect\n|move|p1a: Incineroar|Fake Out|p2b: Primarina\n|-activate|p2b: Primarina|move: Protect\n|move|p2a: Lopunny|Mach Punch|p1a: Incineroar|[miss]\n|-miss|p2a: Lopunny|p1a: Incineroar\n|move|p1b: Chandelure|Overheat|p2a: Lopunny|[miss]\n|-miss|p1b: Chandelure|p2a: Lopunny\n|\n|upkeep\n|turn|4\n|\n|t:|1776173851\n|move|p2a: Lopunny|Protect|p2a: Lopunny\n|-singleturn|p2a: Lopunny|Protect\n|move|p1b: Chandelure|Overheat|p2a: Lopunny\n|-activate|p2a: Lopunny|move: Protect\n|move|p2b: Primarina|Hyper Voice|p1a: Incineroar|[spread] p1a,p1b\n|-supereffective|p1a: Incineroar|1\n|-supereffective|p1b: Chandelure|1\n|-damage|p1a: Incineroar|2/100\n|-damage|p1b: Chandelure|0 fnt\n|faint|p1b: Chandelure\n|move|p1a: Incineroar|Parting Shot|p2b: Primarina\n|-unboost|p2b: Primarina|atk|1\n|-unboost|p2b: Primarina|spa|1\n|\n|t:|1776173863\n|switch|p1a: Sneasler|Sneasler, L50, F|100/100|[from] Parting Shot\n|\n|upkeep\n|\n|t:|1776173864\n|switch|p1b: Empoleon|Empoleon, L50, F|100/100\n|turn|5\n|\n|t:|1776173885\n|switch|p2a: Glimmora|Glimmora, L50, F|100/100\n|move|p1a: Sneasler|Dire Claw|p2b: Primarina\n|-supereffective|p2b: Primarina|1\n|-damage|p2b: Primarina|0 fnt\n|faint|p2b: Primarina\n|move|p1b: Empoleon|Hydro Pump|p2a: Glimmora|[miss]\n|-miss|p1b: Empoleon|p2a: Glimmora\n|\n|upkeep\n|\n|t:|1776173894\n|switch|p2b: Lopunny|Lopunny, L50, F|100/100\n|turn|6\n|\n|t:|1776173910\n|detailschange|p2b: Lopunny|Lopunny-Mega, L50, F\n|-mega|p2b: Lopunny|Lopunny|Lopunnite\n|move|p2a: Glimmora|Spiky Shield|p2a: Glimmora\n|-singleturn|p2a: Glimmora|move: Protect\n|move|p2b: Lopunny|Close Combat|p1b: Empoleon\n|-supereffective|p1b: Empoleon|1\n|-crit|p1b: Empoleon\n|-damage|p1b: Empoleon|0 fnt\n|-unboost|p2b: Lopunny|def|1\n|-unboost|p2b: Lopunny|spd|1\n|faint|p1b: Empoleon\n|move|p1a: Sneasler|Close Combat|p2b: Lopunny\n|-supereffective|p2b: Lopunny|1\n|-damage|p2b: Lopunny|0 fnt\n|-unboost|p1a: Sneasler|def|1\n|-unboost|p1a: Sneasler|spd|1\n|faint|p2b: Lopunny\n|\n|upkeep\n|\n|t:|1776173919\n|switch|p1b: Incineroar|Incineroar, L50, M|2/100\n|-ability|p1b: Incineroar|Intimidate|boost\n|-unboost|p2a: Glimmora|atk|1\n|turn|7\n|\n|t:|1776173930\n|move|p2a: Glimmora|Spiky Shield|p2a: Glimmora\n|-singleturn|p2a: Glimmora|move: Protect\n|move|p1b: Incineroar|Fake Out|p2a: Glimmora\n|-activate|p2a: Glimmora|move: Protect\n|-damage|p1b: Incineroar|0 fnt|[from] Spiky Shield|[of] p2a: Glimmora\n|faint|p1b: Incineroar\n|move|p1a: Sneasler|Close Combat|p2a: Glimmora\n|-activate|p2a: Glimmora|move: Protect\n|-damage|p1a: Sneasler|88/100|[from] Spiky Shield|[of] p2a: Glimmora\n|\n|upkeep\n|turn|8\n|\n|t:|1776173945\n|move|p1a: Sneasler|Close Combat|p2a: Glimmora\n|-crit|p2a: Glimmora\n|-damage|p2a: Glimmora|0 fnt\n|-unboost|p1a: Sneasler|def|1\n|-unboost|p1a: Sneasler|spd|1\n|-activate|p2a: Glimmora|ability: Toxic Debris\n|-sidestart|p1: VariAble55|move: Toxic Spikes\n|faint|p2a: Glimmora\n|\n|win|VariAble55\n|raw|VariAble55's rating: 1028 &rarr; <strong>1068</strong><br />(+40 for winning)\n|raw|Epolosos's rating: 1070 &rarr; <strong>1047</strong><br />(-23 for losing)\n|l|\u2606Epolosos\n|player|p2|\n",
  "uploadtime": 1776173951,
  "views": 14,
  "formatid": "gen9championsvgc2026regma",
  "rating": 1047,
  "private": 0,
  "password": null
}