{
  "id": "gen9championsvgc2026regma-2580752725",
  "format": "[Gen 9 Champions] VGC 2026 Reg M-A",
  "players": [
    "sammg",
    "try0000"
  ],
  "log": "|j|\u2606sammg\n|j|\u2606try0000\n|t:|1775929631\n|gametype|doubles\n|player|p1|sammg|101|1291\n|player|p2|try0000|veteran|1383\n|gen|9\n|tier|[Gen 9 Champions] VGC 2026 Reg M-A\n|rated|\n|rule|Species Clause: Limit one of each Pok\u00e9mon\n|rule|Item Clause: Limit 1 of each item\n|clearpoke\n|poke|p1|Maushold-Four, L50|\n|poke|p1|Floette-Eternal, L50, F|\n|poke|p1|Garchomp, L50, M|\n|poke|p1|Talonflame, L50, M|\n|poke|p1|Rotom-Wash, L50|\n|poke|p1|Aegislash, L50, F|\n|poke|p2|Heliolisk, L50, M|\n|poke|p2|Aegislash, L50, F|\n|poke|p2|Gardevoir, L50, M|\n|poke|p2|Sinistcha, L50|\n|poke|p2|Whimsicott, L50, F|\n|poke|p2|Gyarados, L50, M|\n|teampreview|4\n|inactive|Battle timer is ON: inactive players will automatically lose when time's up. (requested by sammg)\n|inactive|try0000 also wants the timer to be on.\n|inactive|sammg has 60 seconds left.\n|inactive|try0000 has 60 seconds left.\n|inactive|sammg has 30 seconds left.\n|inactive|sammg has 20 seconds left.\n|inactive|sammg has 15 seconds left.\n|inactive|sammg has 10 seconds left.\n|inactive|sammg has 5 seconds left.\n|\n|t:|1775929725\n|teamsize|p1|4\n|teamsize|p2|4\n|start\n|switch|p1a: Talonflame|Talonflame, L50, M|100/100\n|switch|p1b: Garchomp|Garchomp, L50, M|100/100\n|switch|p2a: Gyarados|Gyarados, L50, M|100/100\n|switch|p2b: Aegislash|Aegislash, L50, F|100/100\n|-ability|p2a: Gyarados|Intimidate|boost\n|-unboost|p1a: Talonflame|atk|1\n|-unboost|p1b: Garchomp|atk|1\n|turn|1\n|inactive|sammg has 30 seconds left.\n|\n|t:|1775929756\n|move|p1a: Talonflame|Protect|p1a: Talonflame\n|-singleturn|p1a: Talonflame|Protect\n|move|p1b: Garchomp|Stone Edge|p2a: Gyarados\n|-supereffective|p2a: Gyarados|1\n|-damage|p2a: Gyarados|49/100\n|move|p2a: Gyarados|Dragon Dance|p2a: Gyarados\n|-boost|p2a: Gyarados|atk|1\n|-boost|p2a: Gyarados|spe|1\n|-formechange|p2b: Aegislash|Aegislash-Blade|\n|move|p2b: Aegislash|Poltergeist||[still]\n|-fail|p2b: Aegislash\n|\n|upkeep\n|turn|2\n|\n|t:|1775929780\n|switch|p2b: Sinistcha|Sinistcha, L50|100/100\n|-heal|p2a: Gyarados|74/100|[from] ability: Hospitality|[of] p2b: Sinistcha\n|detailschange|p2a: Gyarados|Gyarados-Mega, L50, M\n|-mega|p2a: Gyarados|Gyarados|Gyaradosite\n|-ability|p2a: Gyarados|Mold Breaker\n|move|p1a: Talonflame|Tailwind|p1a: Talonflame\n|-sidestart|p1: sammg|move: Tailwind\n|move|p1b: Garchomp|Stone Edge|p2a: Gyarados\n|-damage|p2a: Gyarados|56/100\n|move|p2a: Gyarados|Waterfall|p1a: Talonflame\n|-supereffective|p1a: Talonflame|1\n|-damage|p1a: Talonflame|0 fnt\n|faint|p1a: Talonflame\n|\n|upkeep\n|\n|t:|1775929793\n|switch|p1a: Rotom|Rotom-Wash, L50|100/100\n|turn|3\n|\n|t:|1775929804\n|switch|p1b: Floette|Floette-Eternal, L50, F|100/100\n|move|p2a: Gyarados|Protect|p2a: Gyarados\n|-singleturn|p2a: Gyarados|Protect\n|move|p1a: Rotom|Thunderbolt|p2a: Gyarados\n|-activate|p2a: Gyarados|move: Protect\n|move|p2b: Sinistcha|Life Dew||[still]|[spread] p2a,p2b\n|-heal|p2a: Gyarados|81/100\n|-fail|p2b: Sinistcha|heal\n|\n|upkeep\n|turn|4\n|\n|t:|1775929828\n|detailschange|p1b: Floette|Floette-Mega, L50, F\n|-mega|p1b: Floette|Floette|Floettite\n|-ability|p1b: Floette|Fairy Aura\n|move|p1b: Floette|Protect|p1b: Floette\n|-singleturn|p1b: Floette|Protect\n|move|p1a: Rotom|Thunderbolt|p2a: Gyarados\n|-supereffective|p2a: Gyarados|1\n|-damage|p2a: Gyarados|22/100\n|move|p2a: Gyarados|Waterfall|p1b: Floette\n|-activate|p1b: Floette|move: Protect\n|move|p2b: Sinistcha|Matcha Gotcha|p1b: Floette|[spread] p1a\n|-activate|p1b: Floette|move: Protect\n|-supereffective|p1a: Rotom|1\n|-damage|p1a: Rotom|43/100\n|-status|p1a: Rotom|brn\n|-enditem|p1a: Rotom|Sitrus Berry|[eat]\n|-heal|p1a: Rotom|68/100 brn|[from] item: Sitrus Berry\n|\n|-damage|p1a: Rotom|62/100 brn|[from] brn\n|upkeep\n|turn|5\n|inactive|sammg has 30 seconds left.\n|inactive|try0000 has 30 seconds left.\n|\n|t:|1775929861\n|move|p2a: Gyarados|Protect|p2a: Gyarados\n|-singleturn|p2a: Gyarados|Protect\n|move|p1b: Floette|Calm Mind|p1b: Floette\n|-boost|p1b: Floette|spa|1\n|-boost|p1b: Floette|spd|1\n|move|p1a: Rotom|Volt Switch|p2b: Sinistcha\n|-resisted|p2b: Sinistcha|1\n|-damage|p2b: Sinistcha|85/100\n|\n|t:|1775929869\n|switch|p1a: Garchomp|Garchomp, L50, M|100/100|[from] Volt Switch\n|move|p2b: Sinistcha|Matcha Gotcha|p1a: Garchomp|[spread] p1a,p1b\n|-damage|p1a: Garchomp|71/100\n|-heal|p2b: Sinistcha|100/100|[from] drain|[of] p1a: Garchomp\n|-damage|p1b: Floette|87/100\n|-status|p1a: Garchomp|brn\n|\n|-damage|p1a: Garchomp|65/100 brn|[from] brn\n|-sideend|p1: sammg|move: Tailwind\n|upkeep\n|turn|6\n|inactive|sammg has 30 seconds left.\n|inactive|try0000 has 30 seconds left.\n|inactive|sammg has 20 seconds left.\n|\n|t:|1775929906\n|move|p2b: Sinistcha|Rage Powder|p2b: Sinistcha\n|-singleturn|p2b: Sinistcha|move: Rage Powder\n|move|p2a: Gyarados|Waterfall|p1b: Floette\n|-damage|p1b: Floette|16/100\n|move|p1a: Garchomp|Stomping Tantrum|p2b: Sinistcha\n|-resisted|p2b: Sinistcha|1\n|-damage|p2b: Sinistcha|90/100\n|cant|p1b: Floette|flinch\n|\n|-damage|p1a: Garchomp|59/100 brn|[from] brn\n|upkeep\n|turn|7\n|inactive|sammg has 30 seconds left.\n|\n|t:|1775929932\n|move|p1b: Floette|Protect|p1b: Floette\n|-singleturn|p1b: Floette|Protect\n|move|p2a: Gyarados|Waterfall|p1a: Garchomp\n|-damage|p1a: Garchomp|0 fnt\n|-damage|p2a: Gyarados|9/100|[from] ability: Rough Skin|[of] p1a: Garchomp\n|faint|p1a: Garchomp\n|move|p2b: Sinistcha|Life Dew|p2b: Sinistcha|[spread] p2a,p2b\n|-heal|p2a: Gyarados|35/100\n|-heal|p2b: Sinistcha|100/100\n|\n|upkeep\n|\n|t:|1775929939\n|switch|p1a: Rotom|Rotom-Wash, L50|62/100 brn\n|turn|8\n|\n|t:|1775929951\n|move|p1a: Rotom|Helping Hand|p1b: Floette\n|-singleturn|p1b: Floette|Helping Hand|[of] p1a: Rotom\n|move|p2b: Sinistcha|Rage Powder|p2b: Sinistcha\n|-singleturn|p2b: Sinistcha|move: Rage Powder\n|move|p2a: Gyarados|Waterfall|p1b: Floette\n|-damage|p1b: Floette|0 fnt\n|faint|p1b: Floette\n|\n|-damage|p1a: Rotom|57/100 brn|[from] brn\n|upkeep\n|turn|9\n|-message|sammg forfeited.\n|\n|win|try0000\n|raw|sammg's rating: 1291 &rarr; <strong>1272</strong><br />(-19 for losing)\n|raw|try0000's rating: 1383 &rarr; <strong>1398</strong><br />(+15 for winning)\n|l|\u2606sammg\n|player|p1|\n|l|\u2606try0000\n|player|p2|\n",
  "uploadtime": 1775929963,
  "views": 66,
  "formatid": "gen9championsvgc2026regma",
  "rating": 1272,
  "private": 0,
  "password": null
}