{
  "id": "gen9championsvgc2026regma-2587839883",
  "format": "[Gen 9 Champions] VGC 2026 Reg M-A",
  "players": [
    "MentalArtichoke1",
    "aaradox"
  ],
  "log": "|j|\u2606MentalArtichoke1\n|j|\u2606aaradox\n|t:|1776569379\n|gametype|doubles\n|player|p1|MentalArtichoke1|skyla|\n|player|p2|aaradox|veteran|\n|gen|9\n|tier|[Gen 9 Champions] VGC 2026 Reg M-A\n|rule|Species Clause: Limit one of each Pok\u00e9mon\n|rule|Item Clause: Limit 1 of each item\n|clearpoke\n|poke|p1|Charizard, L50, F, shiny|\n|poke|p1|Venusaur, L50, F, shiny|\n|poke|p1|Garchomp, L50, M, shiny|\n|poke|p1|Rotom-Wash, L50, shiny|\n|poke|p1|Sneasler, L50, M, shiny|\n|poke|p1|Incineroar, L50, M, shiny|\n|poke|p2|Scovillain, L50, F|\n|poke|p2|Primarina, L50, F, shiny|\n|poke|p2|Aerodactyl, L50, F|\n|poke|p2|Garchomp, L50, F|\n|poke|p2|Sneasler, L50, F, shiny|\n|poke|p2|Sinistcha, L50|\n|teampreview|4\n|\n|t:|1776569433\n|teamsize|p1|4\n|teamsize|p2|4\n|start\n|switch|p1a: Charizard|Charizard, L50, F, shiny|100/100\n|switch|p1b: Venusaur|Venusaur, L50, F, shiny|100/100\n|switch|p2a: Taylor Swift|Aerodactyl, L50, F|100/100\n|switch|p2b: Doja Cat|Scovillain, L50, F|100/100\n|-ability|p2a: Taylor Swift|Unnerve\n|turn|1\n|\n|t:|1776569461\n|detailschange|p1a: Charizard|Charizard-Mega-Y, L50, F, shiny\n|-mega|p1a: Charizard|Charizard|Charizardite Y\n|-weather|SunnyDay|[from] ability: Drought|[of] p1a: Charizard\n|move|p2b: Doja Cat|Protect|p2b: Doja Cat\n|-singleturn|p2b: Doja Cat|Protect\n|move|p1b: Venusaur|Sleep Powder|p2a: Taylor Swift|[miss]\n|-miss|p1b: Venusaur|p2a: Taylor Swift\n|move|p2a: Taylor Swift|Tailwind|p2a: Taylor Swift\n|-sidestart|p2: aaradox|move: Tailwind\n|move|p1a: Charizard|Weather Ball|p2b: Doja Cat\n|-activate|p2b: Doja Cat|move: Protect\n|\n|-weather|SunnyDay|[upkeep]\n|-ability|p2b: Doja Cat|Moody|boost\n|-boost|p2b: Doja Cat|spe|2\n|-unboost|p2b: Doja Cat|spa|1\n|upkeep\n|turn|2\n|\n|t:|1776569490\n|switch|p2a: Kali Uchis|Primarina, L50, F, shiny|100/100\n|detailschange|p2b: Doja Cat|Scovillain-Mega, L50, F\n|-mega|p2b: Doja Cat|Scovillain|Scovillainite\n|move|p1b: Venusaur|Protect|p1b: Venusaur\n|-singleturn|p1b: Venusaur|Protect\n|move|p2b: Doja Cat|Leech Seed|p1a: Charizard\n|-start|p1a: Charizard|move: Leech Seed\n|move|p1a: Charizard|Heat Wave|p2b: Doja Cat|[spread] p2a,p2b\n|-resisted|p2a: Kali Uchis|1\n|-damage|p2a: Kali Uchis|70/100\n|-damage|p2b: Doja Cat|32/100\n|-immune|p1a: Charizard\n|\n|-weather|SunnyDay|[upkeep]\n|-heal|p2a: Kali Uchis|76/100|[from] item: Leftovers\n|-damage|p1a: Charizard|88/100|[from] Leech Seed|[of] p2b: Doja Cat\n|-heal|p2b: Doja Cat|44/100|[silent]\n|upkeep\n|turn|3\n|\n|t:|1776569532\n|move|p2b: Doja Cat|Protect|p2b: Doja Cat\n|-singleturn|p2b: Doja Cat|Protect\n|move|p2a: Kali Uchis|Protect|p2a: Kali Uchis\n|-singleturn|p2a: Kali Uchis|Protect\n|move|p1b: Venusaur|Leaf Storm|p2a: Kali Uchis\n|-activate|p2a: Kali Uchis|move: Protect\n|move|p1a: Charizard|Heat Wave|p2a: Kali Uchis|[spread] \n|-activate|p2a: Kali Uchis|move: Protect\n|-activate|p2b: Doja Cat|move: Protect\n|\n|-weather|SunnyDay|[upkeep]\n|-heal|p2a: Kali Uchis|82/100|[from] item: Leftovers\n|-damage|p1a: Charizard|76/100|[from] Leech Seed|[of] p2b: Doja Cat\n|-heal|p2b: Doja Cat|55/100|[silent]\n|upkeep\n|turn|4\n|j| masterdr6sh\n|\n|t:|1776569574\n|switch|p2a: Maria|Garchomp, L50, F|100/100\n|move|p2b: Doja Cat|Rage Powder|p2b: Doja Cat\n|-singleturn|p2b: Doja Cat|move: Rage Powder\n|move|p1b: Venusaur|Sludge Bomb|p2b: Doja Cat\n|-supereffective|p2b: Doja Cat|1\n|-damage|p2b: Doja Cat|0 fnt\n|-status|p1b: Venusaur|brn|[from] ability: Spicy Spray|[of] p2b: Doja Cat\n|faint|p2b: Doja Cat\n|move|p1a: Charizard|Solar Beam||[still]\n|-prepare|p1a: Charizard|Solar Beam\n|-anim|p1a: Charizard|Solar Beam|p2a: Maria\n|-damage|p2a: Maria|50/100\n|\n|-weather|SunnyDay|[upkeep]\n|-damage|p1b: Venusaur|95/100 brn|[from] brn\n|-sideend|p2: aaradox|move: Tailwind\n|upkeep\n|\n|t:|1776569589\n|switch|p2b: Taylor Swift|Aerodactyl, L50, F|100/100\n|-ability|p2b: Taylor Swift|Unnerve\n|turn|5\n|\n|t:|1776569615\n|move|p2a: Maria|Protect|p2a: Maria\n|-singleturn|p2a: Maria|Protect\n|move|p1a: Charizard|Protect|p1a: Charizard\n|-singleturn|p1a: Charizard|Protect\n|move|p1b: Venusaur|Sleep Powder|p2b: Taylor Swift\n|-status|p2b: Taylor Swift|slp|[from] move: Sleep Powder\n|cant|p2b: Taylor Swift|slp\n|\n|-weather|none\n|-damage|p1a: Charizard|63/100|[from] Leech Seed|[of] p2b: Taylor Swift\n|-damage|p1b: Venusaur|89/100 brn|[from] brn\n|upkeep\n|turn|6\n|\n|t:|1776569640\n|cant|p2b: Taylor Swift|slp\n|move|p2a: Maria|Rock Slide|p1a: Charizard|[spread] p1a\n|-miss|p2a: Maria|p1b: Venusaur\n|-supereffective|p1a: Charizard|2\n|-damage|p1a: Charizard|0 fnt\n|faint|p1a: Charizard\n|move|p1b: Venusaur|Leaf Storm|p2b: Taylor Swift\n|-damage|p2b: Taylor Swift|11/100 slp\n|-unboost|p1b: Venusaur|spa|2\n|\n|-damage|p1b: Venusaur|83/100 brn|[from] brn\n|upkeep\n|\n|t:|1776569647\n|switch|p1a: Sneasler|Sneasler, L50, M, shiny|100/100\n|turn|7\n|\n|t:|1776569667\n|move|p2a: Maria|Protect|p2a: Maria\n|-singleturn|p2a: Maria|Protect\n|move|p1a: Sneasler|Fake Out|p2b: Taylor Swift\n|-resisted|p2b: Taylor Swift|1\n|-damage|p2b: Taylor Swift|0 fnt\n|faint|p2b: Taylor Swift\n|move|p1b: Venusaur|Leaf Storm|p2a: Maria\n|-activate|p2a: Maria|move: Protect\n|\n|-damage|p1b: Venusaur|77/100 brn|[from] brn\n|upkeep\n|\n|t:|1776569676\n|switch|p2b: Kali Uchis|Primarina, L50, F, shiny|82/100\n|turn|8\n|\n|t:|1776569697\n|move|p2b: Kali Uchis|Protect|p2b: Kali Uchis\n|-singleturn|p2b: Kali Uchis|Protect\n|move|p1a: Sneasler|Dire Claw|p2b: Kali Uchis\n|-activate|p2b: Kali Uchis|move: Protect\n|move|p2a: Maria|Earthquake|p1a: Sneasler|[spread] p1a,p1b\n|-activate|p2b: Kali Uchis|move: Protect\n|-supereffective|p1a: Sneasler|1\n|-damage|p1a: Sneasler|0 fnt\n|-damage|p1b: Venusaur|29/100 brn\n|faint|p1a: Sneasler\n|move|p1b: Venusaur|Sleep Powder|p2a: Maria|[miss]\n|-miss|p1b: Venusaur|p2a: Maria\n|\n|-heal|p2b: Kali Uchis|89/100|[from] item: Leftovers\n|-damage|p1b: Venusaur|23/100 brn|[from] brn\n|upkeep\n|\n|t:|1776569709\n|switch|p1a: Garchomp|Garchomp, L50, M, shiny|100/100\n|turn|9\n|\n|t:|1776569746\n|move|p2a: Maria|Protect|p2a: Maria\n|-singleturn|p2a: Maria|Protect\n|move|p1a: Garchomp|Dragon Claw|p2a: Maria\n|-activate|p2a: Maria|move: Protect\n|move|p1b: Venusaur|Leaf Storm|p2b: Kali Uchis|[miss]\n|-miss|p1b: Venusaur|p2b: Kali Uchis\n|move|p2b: Kali Uchis|Moonblast|p1a: Garchomp\n|-supereffective|p1a: Garchomp|1\n|-damage|p1a: Garchomp|0 fnt\n|faint|p1a: Garchomp\n|\n|-heal|p2b: Kali Uchis|95/100|[from] item: Leftovers\n|-damage|p1b: Venusaur|17/100 brn|[from] brn\n|upkeep\n|turn|10\n|\n|t:|1776569765\n|move|p2a: Maria|Dragon Claw|p1b: Venusaur\n|-damage|p1b: Venusaur|0 fnt\n|faint|p1b: Venusaur\n|\n|win|aaradox\n",
  "uploadtime": 1776569771,
  "views": 10,
  "formatid": "gen9championsvgc2026regma",
  "rating": null,
  "private": 0,
  "password": null
}