{
  "id": "gen9championsvgc2026regma-2588865613",
  "format": "[Gen 9 Champions] VGC 2026 Reg M-A",
  "players": [
    "Mameon",
    "hugaario"
  ],
  "log": "|j|\u2606Mameon\n|j|\u2606hugaario\n|t:|1776680182\n|gametype|doubles\n|player|p1|Mameon|265|1395\n|player|p2|hugaario|lucas-gen4pt|1483\n|gen|9\n|tier|[Gen 9 Champions] VGC 2026 Reg M-A\n|rated|\n|rule|Species Clause: Limit one of each Pok\u00e9mon\n|rule|Item Clause: Limit 1 of each item\n|clearpoke\n|poke|p1|Charizard, L50, M|\n|poke|p1|Kingambit, L50, F|\n|poke|p1|Incineroar, L50, M|\n|poke|p1|Aerodactyl, L50, F|\n|poke|p1|Floette-Eternal, L50, F|\n|poke|p1|Sneasler, L50, M|\n|poke|p2|Whimsicott, L50, M|\n|poke|p2|Arcanine, L50, M|\n|poke|p2|Maushold, L50|\n|poke|p2|Farigiraf, L50, M|\n|poke|p2|Floette-Eternal, L50, F|\n|poke|p2|Gallade, L50, M|\n|teampreview|4\n|j| POSDE\n|inactive|Battle timer is ON: inactive players will automatically lose when time's up. (requested by Mameon)\n|\n|t:|1776680220\n|teamsize|p1|4\n|teamsize|p2|4\n|start\n|switch|p1a: Charizard|Charizard, L50, M|100/100\n|switch|p1b: Aerodactyl|Aerodactyl, L50, F|100/100\n|switch|p2a: Whimsicott|Whimsicott, L50, M|100/100\n|switch|p2b: Arcanine|Arcanine, L50, M|100/100\n|-ability|p1b: Aerodactyl|Unnerve\n|turn|1\n|\n|t:|1776680239\n|detailschange|p1a: Charizard|Charizard-Mega-Y, L50, M\n|-mega|p1a: Charizard|Charizard|Charizardite Y\n|-weather|SunnyDay|[from] ability: Drought|[of] p1a: Charizard\n|move|p1b: Aerodactyl|Tailwind|p1b: Aerodactyl\n|-sidestart|p1: Mameon|move: Tailwind\n|move|p1a: Charizard|Heat Wave|p2b: Arcanine|[spread] p2a,p2b\n|-supereffective|p2a: Whimsicott|1\n|-resisted|p2b: Arcanine|1\n|-enditem|p2a: Whimsicott|Focus Sash\n|-damage|p2a: Whimsicott|1/100\n|-damage|p2b: Arcanine|65/100\n|move|p2a: Whimsicott|Beat Up|p2b: Arcanine\n|-damage|p2b: Arcanine|63/100\n|-ability|p2b: Arcanine|Justified|boost\n|-boost|p2b: Arcanine|atk|1\n|-damage|p2b: Arcanine|60/100\n|-ability|p2b: Arcanine|Justified|boost\n|-boost|p2b: Arcanine|atk|1\n|-damage|p2b: Arcanine|58/100\n|-ability|p2b: Arcanine|Justified|boost\n|-boost|p2b: Arcanine|atk|1\n|-damage|p2b: Arcanine|56/100\n|-ability|p2b: Arcanine|Justified|boost\n|-boost|p2b: Arcanine|atk|1\n|-hitcount|p2b: Arcanine|4\n|move|p2b: Arcanine|Thunder Fang|p1a: Charizard\n|-supereffective|p1a: Charizard|1\n|-damage|p1a: Charizard|0 fnt\n|faint|p1a: Charizard\n|\n|-weather|SunnyDay|[upkeep]\n|upkeep\n|inactive|Mameon has 30 seconds left.\n|\n|t:|1776680266\n|switch|p1a: Incineroar|Incineroar, L50, M|100/100\n|-ability|p1a: Incineroar|Intimidate|boost\n|-unboost|p2a: Whimsicott|atk|1\n|-unboost|p2b: Arcanine|atk|1\n|turn|2\n|\n|t:|1776680273\n|move|p2a: Whimsicott|Protect|p2a: Whimsicott\n|-singleturn|p2a: Whimsicott|Protect\n|move|p2b: Arcanine|Protect|p2b: Arcanine\n|-singleturn|p2b: Arcanine|Protect\n|move|p1a: Incineroar|Fake Out|p2a: Whimsicott\n|-activate|p2a: Whimsicott|move: Protect\n|move|p1b: Aerodactyl|Rock Slide|p2b: Arcanine|[spread] \n|-activate|p2a: Whimsicott|move: Protect\n|-activate|p2b: Arcanine|move: Protect\n|\n|-weather|SunnyDay|[upkeep]\n|upkeep\n|turn|3\n|inactive|hugaario has 30 seconds left.\n|\n|t:|1776680299\n|move|p2b: Arcanine|Extreme Speed|p1a: Incineroar\n|-damage|p1a: Incineroar|47/100\n|move|p2a: Whimsicott|Tailwind|p2a: Whimsicott\n|-sidestart|p2: hugaario|move: Tailwind\n|move|p1b: Aerodactyl|Rock Slide|p2a: Whimsicott|[spread] p2a\n|-miss|p1b: Aerodactyl|p2b: Arcanine\n|-crit|p2a: Whimsicott\n|-damage|p2a: Whimsicott|0 fnt\n|faint|p2a: Whimsicott\n|move|p1a: Incineroar|Throat Chop|p2b: Arcanine\n|-damage|p2b: Arcanine|24/100\n|-start|p2b: Arcanine|Throat Chop|[silent]\n|-ability|p2b: Arcanine|Justified|boost\n|-boost|p2b: Arcanine|atk|1\n|\n|-weather|SunnyDay|[upkeep]\n|upkeep\n|\n|t:|1776680305\n|switch|p2a: Maushold|Maushold, L50|100/100\n|turn|4\n|\n|t:|1776680324\n|move|p2b: Arcanine|Protect|p2b: Arcanine\n|-singleturn|p2b: Arcanine|Protect\n|move|p1b: Aerodactyl|Rock Slide|p2a: Maushold|[spread] p2a\n|-activate|p2b: Arcanine|move: Protect\n|-damage|p2a: Maushold|77/100\n|move|p2a: Maushold|Super Fang|p1b: Aerodactyl\n|-damage|p1b: Aerodactyl|51/100\n|move|p1a: Incineroar|Throat Chop|p2a: Maushold\n|-damage|p2a: Maushold|45/100\n|-start|p2a: Maushold|Throat Chop|[silent]\n|\n|-weather|SunnyDay|[upkeep]\n|-end|p2b: Arcanine|Throat Chop|[silent]\n|-sideend|p1: Mameon|move: Tailwind\n|upkeep\n|turn|5\n|\n|t:|1776680343\n|move|p1b: Aerodactyl|Protect|p1b: Aerodactyl\n|-singleturn|p1b: Aerodactyl|Protect\n|move|p2a: Maushold|Follow Me|p2a: Maushold\n|-singleturn|p2a: Maushold|move: Follow Me\n|move|p2b: Arcanine|Temper Flare|p1b: Aerodactyl\n|-activate|p1b: Aerodactyl|move: Protect\n|move|p1a: Incineroar|Flare Blitz|p2a: Maushold\n|-damage|p2a: Maushold|0 fnt\n|faint|p2a: Maushold\n|-damage|p1a: Incineroar|34/100|[from] Recoil\n|\n|-weather|none\n|upkeep\n|\n|t:|1776680345\n|switch|p2a: Floette|Floette-Eternal, L50, F|100/100\n|turn|6\n|\n|t:|1776680369\n|detailschange|p2a: Floette|Floette-Mega, L50, F\n|-mega|p2a: Floette|Floette|Floettite\n|-ability|p2a: Floette|Fairy Aura\n|move|p2a: Floette|Dazzling Gleam|p1b: Aerodactyl|[spread] p1a,p1b\n|-damage|p1a: Incineroar|0 fnt\n|-damage|p1b: Aerodactyl|0 fnt\n|faint|p1a: Incineroar\n|faint|p1b: Aerodactyl\n|move|p2b: Arcanine|Temper Flare|p1: Incineroar|[notarget]\n|-fail|p2b: Arcanine\n|\n|-sideend|p2: hugaario|move: Tailwind\n|upkeep\n|\n|t:|1776680381\n|switch|p1b: Kingambit|Kingambit, L50, F|100/100\n|turn|7\n|\n|t:|1776680388\n|move|p1b: Kingambit|Sucker Punch|p2b: Arcanine\n|-damage|p2b: Arcanine|0 fnt\n|faint|p2b: Arcanine\n|move|p2a: Floette|Light of Ruin|p1b: Kingambit\n|-damage|p1b: Kingambit|0 fnt\n|faint|p1b: Kingambit\n|-damage|p2a: Floette|37/100|[from] Recoil\n|\n|win|hugaario\n|raw|Mameon's rating: 1395 &rarr; <strong>1380</strong><br />(-15 for losing)\n|raw|hugaario's rating: 1483 &rarr; <strong>1498</strong><br />(+15 for winning)\n",
  "uploadtime": 1776680391,
  "views": 8,
  "formatid": "gen9championsvgc2026regma",
  "rating": 1380,
  "private": 0,
  "password": null
}