{
  "id": "gen9championsvgc2026regma-2587638332",
  "format": "[Gen 9 Champions] VGC 2026 Reg M-A",
  "players": [
    "DAVID867",
    "capacete5"
  ],
  "log": "|j|\u2606DAVID867\n|j|\u2606capacete5\n|t:|1776549295\n|gametype|doubles\n|player|p1|DAVID867|102|\n|player|p2|capacete5|byron|\n|gen|9\n|tier|[Gen 9 Champions] VGC 2026 Reg M-A\n|rule|Species Clause: Limit one of each Pok\u00e9mon\n|rule|Item Clause: Limit 1 of each item\n|clearpoke\n|poke|p1|Charizard, L50, F|\n|poke|p1|Venusaur, L50, F|\n|poke|p1|Milotic, L50, M|\n|poke|p1|Garchomp, L50, F|\n|poke|p1|Kingambit, L50, F|\n|poke|p1|Sinistcha, L50|\n|poke|p2|Ampharos, L50, M|\n|poke|p2|Aerodactyl, L50, M|\n|poke|p2|Pelipper, L50, F|\n|poke|p2|Farigiraf, L50, M|\n|poke|p2|Garchomp, L50, M|\n|poke|p2|Kingambit, L50, F|\n|teampreview|4\n|inactive|Battle timer is ON: inactive players will automatically lose when time's up. (requested by capacete5)\ncapacete5 has agreed to open team sheets.\nDAVID867 has agreed to open team sheets.\n|showteam|p1|Charizard||CharizarditeY|Blaze|HeatWave,Overheat,Protect,SolarBeam|||F|||50|]Venusaur||FocusSash|Chlorophyll|EnergyBall,SleepPowder,SludgeBomb,Protect|||F|||50|]Milotic||Leftovers|Competitive|Protect,Scald,Recover,IcyWind|||M|||50|]Garchomp||ChoiceScarf|RoughSkin|Earthquake,RockSlide,DragonClaw,PoisonJab|||F|||50|]Kingambit||BlackGlasses|Defiant|IronHead,SuckerPunch,Protect,SwordsDance|||F|||50|]Sinistcha||SitrusBerry|Hospitality|MatchaGotcha,LifeDew,TrickRoom,RagePowder||||||50|\n|showteam|p2|Ampharos||Ampharosite|Static|Thunder,DragonPulse,VoltSwitch,Protect|||M|||50|]Aerodactyl||Aerodactylite|RockHead|DualWingbeat,Earthquake,Protect,RockSlide|||M|||50|]Pelipper||FocusSash|Drizzle|WeatherBall,WideGuard,Tailwind,Hurricane|||F|||50|]Farigiraf||MentalHerb|ArmorTail|Psychic,TrickRoom,Protect,HelpingHand|||M|||50|]Garchomp||ChoiceScarf|RoughSkin|DragonClaw,RockSlide,Earthquake,Bulldoze|||M|||50|]Kingambit||BlackGlasses|Defiant|SuckerPunch,KowtowCleave,SwordsDance,Protect|||F|||50|\n|inactive|DAVID867 has 60 seconds left.\n|inactive|capacete5 has 60 seconds left.\n|inactive|capacete5 has 30 seconds left.\n|inactive|capacete5 has 20 seconds left.\n|\n|t:|1776549371\n|teamsize|p1|4\n|teamsize|p2|4\n|start\n|switch|p1a: Charizard|Charizard, L50, F|100/100\n|switch|p1b: Garchomp|Garchomp, L50, F|100/100\n|switch|p2a: Aerodactyl|Aerodactyl, L50, M|100/100\n|switch|p2b: Garchomp|Garchomp, L50, M|100/100\n|turn|1\n|inactive|DAVID867 has 30 seconds left.\n|inactive|DAVID867 has 20 seconds left.\n|inactive|DAVID867 has 15 seconds left.\n|\n|t:|1776549412\n|switch|p1a: Sinistcha|Sinistcha, L50|100/100\n|detailschange|p2a: Aerodactyl|Aerodactyl-Mega, L50, M\n|-mega|p2a: Aerodactyl|Aerodactyl|Aerodactylite\n|move|p1b: Garchomp|Rock Slide|p2a: Aerodactyl|[spread] p2a,p2b\n|-supereffective|p2a: Aerodactyl|1\n|-resisted|p2b: Garchomp|1\n|-damage|p2a: Aerodactyl|43/100\n|-damage|p2b: Garchomp|91/100\n|move|p2a: Aerodactyl|Rock Slide|p1b: Garchomp|[spread] p1a,p1b\n|-resisted|p1b: Garchomp|1\n|-damage|p1a: Sinistcha|68/100\n|-damage|p1b: Garchomp|84/100\n|move|p2b: Garchomp|Rock Slide|p1b: Garchomp|[spread] p1a,p1b\n|-resisted|p1b: Garchomp|1\n|-damage|p1a: Sinistcha|50/100\n|-damage|p1b: Garchomp|74/100\n|-enditem|p1a: Sinistcha|Sitrus Berry|[eat]\n|-heal|p1a: Sinistcha|75/100|[from] item: Sitrus Berry\n|\n|upkeep\n|turn|2\n|inactive|DAVID867 has 30 seconds left.\n|\n|t:|1776549445\n|switch|p2a: Kingambit|Kingambit, L50, F|100/100\n|move|p1b: Garchomp|Rock Slide|p2b: Garchomp|[spread] p2a,p2b\n|-resisted|p2a: Kingambit|1\n|-resisted|p2b: Garchomp|1\n|-damage|p2a: Kingambit|92/100\n|-damage|p2b: Garchomp|81/100\n|move|p2b: Garchomp|Rock Slide|p1b: Garchomp|[spread] p1a,p1b\n|-resisted|p1b: Garchomp|1\n|-damage|p1a: Sinistcha|53/100\n|-damage|p1b: Garchomp|64/100\n|move|p1a: Sinistcha|Matcha Gotcha|p2b: Garchomp|[spread] p2a,p2b\n|-resisted|p2a: Kingambit|1\n|-damage|p2a: Kingambit|80/100\n|-heal|p1a: Sinistcha|61/100|[from] drain|[of] p2a: Kingambit\n|-damage|p2b: Garchomp|59/100\n|-heal|p1a: Sinistcha|74/100|[from] drain|[of] p2b: Garchomp\n|-status|p2b: Garchomp|brn\n|\n|-damage|p2b: Garchomp|53/100 brn|[from] brn\n|upkeep\n|turn|3\n|inactive|DAVID867 has 30 seconds left.\n|inactive|capacete5 has 30 seconds left.\n|inactive|DAVID867 has 20 seconds left.\n|inactive|DAVID867 has 15 seconds left.\n|\n|t:|1776549489\n|switch|p1b: Kingambit|Kingambit, L50, F|100/100\n|move|p1a: Sinistcha|Rage Powder|p1a: Sinistcha\n|-singleturn|p1a: Sinistcha|move: Rage Powder\n|move|p2b: Garchomp|Rock Slide|p1b: Kingambit|[spread] p1a,p1b\n|-crit|p1a: Sinistcha\n|-resisted|p1b: Kingambit|1\n|-damage|p1a: Sinistcha|58/100\n|-damage|p1b: Kingambit|96/100\n|move|p2a: Kingambit|Swords Dance|p2a: Kingambit\n|-boost|p2a: Kingambit|atk|2\n|\n|-damage|p2b: Garchomp|47/100 brn|[from] brn\n|upkeep\n|turn|4\n|inactive|DAVID867 has 30 seconds left.\n|inactive|capacete5 has 30 seconds left.\n|inactive|capacete5 has 20 seconds left.\n|inactive|capacete5 has 15 seconds left.\n|\n|t:|1776549534\n|switch|p1b: Garchomp|Garchomp, L50, F|64/100\n|move|p2b: Garchomp|Rock Slide|p1a: Sinistcha|[spread] p1a,p1b\n|-resisted|p1b: Garchomp|1\n|-damage|p1a: Sinistcha|49/100\n|-damage|p1b: Garchomp|59/100\n|move|p1a: Sinistcha|Matcha Gotcha|p2b: Garchomp|[spread] p2a,p2b\n|-resisted|p2a: Kingambit|1\n|-damage|p2a: Kingambit|68/100\n|-heal|p1a: Sinistcha|56/100|[from] drain|[of] p2a: Kingambit\n|-damage|p2b: Garchomp|21/100 brn\n|-heal|p1a: Sinistcha|70/100|[from] drain|[of] p2b: Garchomp\n|-status|p2a: Kingambit|brn\n|move|p2a: Kingambit|Kowtow Cleave|p1a: Sinistcha\n|-supereffective|p1a: Sinistcha|1\n|-damage|p1a: Sinistcha|0 fnt\n|faint|p1a: Sinistcha\n|\n|-damage|p2b: Garchomp|16/100 brn|[from] brn\n|-damage|p2a: Kingambit|62/100 brn|[from] brn\n|upkeep\n|\n|t:|1776549554\n|switch|p1a: Charizard|Charizard, L50, F|100/100\n|turn|5\n|\n|t:|1776549568\n|detailschange|p1a: Charizard|Charizard-Mega-Y, L50, F\n|-mega|p1a: Charizard|Charizard|Charizardite Y\n|-weather|SunnyDay|[from] ability: Drought|[of] p1a: Charizard\n|move|p2a: Kingambit|Protect|p2a: Kingambit\n|-singleturn|p2a: Kingambit|Protect\n|move|p1b: Garchomp|Earthquake|p2b: Garchomp|[spread] p2b\n|-activate|p2a: Kingambit|move: Protect\n|-immune|p1a: Charizard\n|-damage|p2b: Garchomp|0 fnt\n|faint|p2b: Garchomp\n|move|p1a: Charizard|Heat Wave|p2a: Kingambit\n|-activate|p2a: Kingambit|move: Protect\n|\n|-weather|SunnyDay|[upkeep]\n|-damage|p2a: Kingambit|57/100 brn|[from] brn\n|upkeep\n|\n|t:|1776549584\n|switch|p2b: Pelipper|Pelipper, L50, F|100/100\n|-weather|RainDance|[from] ability: Drizzle|[of] p2b: Pelipper\n|turn|6\n|inactive|capacete5 has 30 seconds left.\n|\n|t:|1776549613\n|switch|p1a: Kingambit|Kingambit, L50, F|96/100\n|move|p2b: Pelipper|Wide Guard|p2b: Pelipper\n|-singleturn|p2b: Pelipper|Wide Guard\n|move|p2a: Kingambit|Sucker Punch||[still]\n|-fail|p2a: Kingambit\n|move|p1b: Garchomp|Earthquake|p2b: Pelipper|[spread] p1a\n|-activate|p2a: Kingambit|move: Wide Guard\n|-activate|p2b: Pelipper|move: Wide Guard\n|-supereffective|p1a: Kingambit|1\n|-damage|p1a: Kingambit|32/100\n|\n|-weather|RainDance|[upkeep]\n|-damage|p2a: Kingambit|51/100 brn|[from] brn\n|upkeep\n|turn|7\n|inactive|DAVID867 has 30 seconds left.\n|inactive|capacete5 has 30 seconds left.\n|\n|t:|1776549643\n|switch|p2b: Aerodactyl|Aerodactyl-Mega, L50, M|43/100\n|move|p1a: Kingambit|Protect|p1a: Kingambit\n|-singleturn|p1a: Kingambit|Protect\n|move|p2a: Kingambit|Sucker Punch|p1b: Garchomp\n|-damage|p1b: Garchomp|9/100\n|-damage|p2a: Kingambit|39/100 brn|[from] ability: Rough Skin|[of] p1b: Garchomp\n|move|p1b: Garchomp|Earthquake|p2a: Kingambit|[spread] p2a\n|-activate|p1a: Kingambit|move: Protect\n|-immune|p2b: Aerodactyl\n|-supereffective|p2a: Kingambit|1\n|-damage|p2a: Kingambit|0 fnt\n|faint|p2a: Kingambit\n|\n|-weather|RainDance|[upkeep]\n|upkeep\n|\n|t:|1776549659\n|switch|p2a: Pelipper|Pelipper, L50, F|100/100\n|turn|8\n|inactive|DAVID867 has 30 seconds left.\n|\n|t:|1776549695\n|switch|p1b: Charizard|Charizard-Mega-Y, L50, F|100/100\n|-weather|SunnyDay|[from] ability: Drought|[of] p1b: Charizard\n|move|p1a: Kingambit|Sucker Punch|p2b: Aerodactyl\n|-damage|p2b: Aerodactyl|0 fnt\n|faint|p2b: Aerodactyl\n|move|p2a: Pelipper|Weather Ball|p1a: Kingambit\n|-supereffective|p1a: Kingambit|1\n|-damage|p1a: Kingambit|0 fnt\n|faint|p1a: Kingambit\n|\n|-weather|SunnyDay|[upkeep]\n|upkeep\n|\n|t:|1776549706\n|switch|p1a: Garchomp|Garchomp, L50, F|9/100\n|turn|9\n|\n|t:|1776549726\n|move|p1a: Garchomp|Rock Slide|p2a: Pelipper\n|-supereffective|p2a: Pelipper|1\n|-damage|p2a: Pelipper|20/100\n|move|p1b: Charizard|Solar Beam||[still]\n|-prepare|p1b: Charizard|Solar Beam\n|-anim|p1b: Charizard|Solar Beam|p2a: Pelipper\n|-damage|p2a: Pelipper|0 fnt\n|faint|p2a: Pelipper\n|\n|win|DAVID867\n",
  "uploadtime": 1776549727,
  "views": 10,
  "formatid": "gen9championsvgc2026regma",
  "rating": null,
  "private": 0,
  "password": null
}