{
  "id": "gen9championsvgc2026regma-2588890427",
  "format": "[Gen 9 Champions] VGC 2026 Reg M-A",
  "players": [
    "papingolo",
    "NoMoreRegFAgain"
  ],
  "log": "|j|\u2606papingolo\n|j|\u2606NoMoreRegFAgain\n|t:|1776682910\n|gametype|doubles\n|player|p1|papingolo|shadowtriad|1313\n|player|p2|NoMoreRegFAgain|li|1243\n|gen|9\n|tier|[Gen 9 Champions] VGC 2026 Reg M-A\n|rated|\n|rule|Species Clause: Limit one of each Pok\u00e9mon\n|rule|Item Clause: Limit 1 of each item\n|clearpoke\n|poke|p1|Dragonite, L50, M, shiny|\n|poke|p1|Pelipper, L50, M|\n|poke|p1|Kingambit, L50, M, shiny|\n|poke|p1|Sneasler, L50, M, shiny|\n|poke|p1|Basculegion, L50, M|\n|poke|p1|Sinistcha, L50|\n|poke|p2|Aerodactyl, L50, M|\n|poke|p2|Floette-Eternal, L50, F|\n|poke|p2|Incineroar, L50, M, shiny|\n|poke|p2|Sinistcha-Masterpiece, L50|\n|poke|p2|Charizard, L50, M, shiny|\n|poke|p2|Garchomp, L50, M, shiny|\n|teampreview|4\n|inactive|Battle timer is ON: inactive players will automatically lose when time's up. (requested by NoMoreRegFAgain)\npapingolo rejected open team sheets.\n|\n|t:|1776682939\n|teamsize|p1|4\n|teamsize|p2|4\n|start\n|switch|p1a: Sneasler|Sneasler, L50, M, shiny|100/100\n|switch|p1b: Dragonite|Dragonite, L50, M, shiny|100/100\n|switch|p2a: Floette|Floette-Eternal, L50, F|100/100\n|switch|p2b: Incineroar|Incineroar, L50, M, shiny|100/100\n|-ability|p2b: Incineroar|Intimidate|boost\n|-unboost|p1a: Sneasler|atk|1\n|-fail|p1b: Dragonite|unboost|Attack|[from] ability: Inner Focus|[of] p1b: Dragonite\n|-enditem|p1a: Sneasler|White Herb\n|-clearnegativeboost|p1a: Sneasler|[silent]\n|turn|1\n|\n|t:|1776682956\n|switch|p2b: Sinistcha|Sinistcha-Masterpiece, L50|100/100\n|move|p2a: Floette|Protect|p2a: Floette\n|-singleturn|p2a: Floette|Protect\n|move|p1a: Sneasler|Fake Out|p2a: Floette\n|-activate|p2a: Floette|move: Protect\n|move|p1b: Dragonite|Tailwind|p1b: Dragonite\n|-sidestart|p1: papingolo|move: Tailwind\n|\n|upkeep\n|turn|2\n|\n|t:|1776682969\n|move|p1b: Dragonite|Protect|p1b: Dragonite\n|-singleturn|p1b: Dragonite|Protect\n|move|p2b: Sinistcha|Rage Powder|p2b: Sinistcha\n|-singleturn|p2b: Sinistcha|move: Rage Powder\n|move|p1a: Sneasler|Dire Claw|p2b: Sinistcha\n|-crit|p2b: Sinistcha\n|-damage|p2b: Sinistcha|38/100\n|move|p2a: Floette|Calm Mind|p2a: Floette\n|-boost|p2a: Floette|spa|1\n|-boost|p2a: Floette|spd|1\n|\n|upkeep\n|turn|3\n|\n|t:|1776682984\n|switch|p1b: Pelipper|Pelipper, L50, M|100/100\n|-weather|RainDance|[from] ability: Drizzle|[of] p1b: Pelipper\n|switch|p2b: Incineroar|Incineroar, L50, M, shiny|100/100\n|-ability|p2b: Incineroar|Intimidate|boost\n|-unboost|p1a: Sneasler|atk|1\n|-unboost|p1b: Pelipper|atk|1\n|move|p2a: Floette|Protect|p2a: Floette\n|-singleturn|p2a: Floette|Protect\n|move|p1a: Sneasler|Dire Claw|p2b: Incineroar\n|-damage|p2b: Incineroar|78/100\n|-status|p2b: Incineroar|psn\n|-enditem|p2b: Incineroar|Lum Berry|[eat]\n|-curestatus|p2b: Incineroar|psn|[msg]\n|\n|-weather|RainDance|[upkeep]\n|upkeep\n|turn|4\n|\n|t:|1776683007\n|switch|p1a: Basculegion|Basculegion, L50, M|100/100\n|switch|p2b: Sinistcha|Sinistcha-Masterpiece, L50|38/100\n|move|p1b: Pelipper|Protect|p1b: Pelipper\n|-singleturn|p1b: Pelipper|Protect\n|move|p2a: Floette|Dazzling Gleam|p1a: Basculegion|[spread] p1a\n|-activate|p1b: Pelipper|move: Protect\n|-damage|p1a: Basculegion|47/100\n|\n|-weather|RainDance|[upkeep]\n|-sideend|p1: papingolo|move: Tailwind\n|upkeep\n|turn|5\n|\n|t:|1776683028\n|move|p1b: Pelipper|Wide Guard|p1b: Pelipper\n|-singleturn|p1b: Pelipper|Wide Guard\n|move|p2b: Sinistcha|Rage Powder|p2b: Sinistcha\n|-singleturn|p2b: Sinistcha|move: Rage Powder\n|move|p1a: Basculegion|Wave Crash|p2b: Sinistcha\n|-resisted|p2b: Sinistcha|1\n|-damage|p2b: Sinistcha|0 fnt\n|faint|p2b: Sinistcha\n|-damage|p1a: Basculegion|36/100|[from] Recoil\n|move|p2a: Floette|Draining Kiss|p1b: Pelipper\n|-damage|p1b: Pelipper|41/100\n|\n|-weather|RainDance|[upkeep]\n|upkeep\n|\n|t:|1776683035\n|switch|p2b: Charizard|Charizard, L50, M, shiny|100/100\n|turn|6\n|\n|t:|1776683047\n|switch|p2b: Incineroar|Incineroar, L50, M, shiny|78/100\n|-ability|p2b: Incineroar|Intimidate|boost\n|-unboost|p1a: Basculegion|atk|1\n|-unboost|p1b: Pelipper|atk|1\n|switch|p1b: Sneasler|Sneasler, L50, M, shiny|100/100\n|move|p1a: Basculegion|Protect|p1a: Basculegion\n|-singleturn|p1a: Basculegion|Protect\n|move|p2a: Floette|Draining Kiss|p1a: Basculegion\n|-activate|p1a: Basculegion|move: Protect\n|\n|-weather|RainDance|[upkeep]\n|upkeep\n|turn|7\n|inactive|papingolo has 30 seconds left.\n|\n|t:|1776683076\n|switch|p1a: Dragonite|Dragonite, L50, M, shiny|100/100\n|switch|p2b: Charizard|Charizard, L50, M, shiny|100/100\n|move|p2a: Floette|Protect|p2a: Floette\n|-singleturn|p2a: Floette|Protect\n|move|p1b: Sneasler|Fake Out|p2b: Charizard\n|-damage|p2b: Charizard|81/100\n|\n|-weather|none\n|upkeep\n|turn|8\n|inactive|NoMoreRegFAgain has 30 seconds left.\n|inactive|papingolo has 30 seconds left.\n|inactive|NoMoreRegFAgain has 20 seconds left.\n|\n|t:|1776683119\n|switch|p2b: Incineroar|Incineroar, L50, M, shiny|78/100\n|-ability|p2b: Incineroar|Intimidate|boost\n|-fail|p1a: Dragonite|unboost|Attack|[from] ability: Inner Focus|[of] p1a: Dragonite\n|-unboost|p1b: Sneasler|atk|1\n|detailschange|p1a: Dragonite|Dragonite-Mega, L50, M, shiny\n|-mega|p1a: Dragonite|Dragonite|Dragoninite\n|move|p1b: Sneasler|Dire Claw|p2a: Floette\n|-supereffective|p2a: Floette|1\n|-damage|p2a: Floette|23/100\n|-status|p2a: Floette|slp\n|move|p1a: Dragonite|Tailwind|p1a: Dragonite\n|-sidestart|p1: papingolo|move: Tailwind\n|cant|p2a: Floette|slp\n|\n|upkeep\n|turn|9\n|-message|NoMoreRegFAgain forfeited.\n|\n|win|papingolo\n|raw|papingolo's rating: 1313 &rarr; <strong>1329</strong><br />(+16 for winning)\n|raw|NoMoreRegFAgain's rating: 1243 &rarr; <strong>1223</strong><br />(-20 for losing)\n",
  "uploadtime": 1776683135,
  "views": 9,
  "formatid": "gen9championsvgc2026regma",
  "rating": 1223,
  "private": 0,
  "password": null
}