{
  "id": "gen9championsvgc2026regma-2587562489",
  "format": "[Gen 9 Champions] VGC 2026 Reg M-A",
  "players": [
    "florestantan",
    "MrCesar24"
  ],
  "log": "|j|\u2606florestantan\n|j|\u2606MrCesar24\n|t:|1776542512\n|gametype|doubles\n|player|p1|florestantan|pokemaniac|1097\n|player|p2|MrCesar24|265|1163\n|gen|9\n|tier|[Gen 9 Champions] VGC 2026 Reg M-A\n|rated|\n|rule|Species Clause: Limit one of each Pok\u00e9mon\n|rule|Item Clause: Limit 1 of each item\n|clearpoke\n|poke|p1|Tinkaton, L50, F|\n|poke|p1|Meowstic, L50, M|\n|poke|p1|Sneasler, L50, M|\n|poke|p1|Wyrdeer, L50, F|\n|poke|p1|Reuniclus, L50, F|\n|poke|p1|Emboar, L50, F|\n|poke|p2|Pelipper, L50, M, shiny|\n|poke|p2|Archaludon, L50, M|\n|poke|p2|Manectric, L50, F|\n|poke|p2|Basculegion, L50, M|\n|poke|p2|Incineroar, L50, M|\n|poke|p2|Sinistcha-Masterpiece, L50|\n|teampreview|4\n|\n|t:|1776542566\n|teamsize|p1|4\n|teamsize|p2|4\n|start\n|switch|p1a: Meowstic|Meowstic, L50, M|100/100\n|switch|p1b: Wyrdeer|Wyrdeer, L50, F|100/100\n|switch|p2a: Incineroar|Incineroar, L50, M|100/100\n|switch|p2b: Basculegion|Basculegion, L50, M|100/100\n|-ability|p2a: Incineroar|Intimidate|boost\n|-unboost|p1a: Meowstic|atk|1\n|-unboost|p1b: Wyrdeer|atk|1\n|-ability|p1b: Wyrdeer|Intimidate|boost\n|-unboost|p2a: Incineroar|atk|1\n|-unboost|p2b: Basculegion|atk|1\n|turn|1\n|\n|t:|1776542602\n|move|p2a: Incineroar|Fake Out|p1b: Wyrdeer\n|-damage|p1b: Wyrdeer|92/100\n|move|p1a: Meowstic|Reflect|p1a: Meowstic\n|-sidestart|p1: florestantan|Reflect\n|move|p2b: Basculegion|Last Respects|p1a: Meowstic\n|-supereffective|p1a: Meowstic|1\n|-damage|p1a: Meowstic|74/100\n|cant|p1b: Wyrdeer|flinch\n|\n|upkeep\n|turn|2\n|\n|t:|1776542626\n|move|p1a: Meowstic|Psychic Terrain|p1a: Meowstic\n|-fieldstart|move: Psychic Terrain\n|move|p2b: Basculegion|Aqua Jet|p1a: Meowstic\n|-activate|p1a: Meowstic|move: Psychic Terrain\n|move|p2a: Incineroar|Parting Shot|p1b: Wyrdeer\n|-unboost|p1b: Wyrdeer|atk|1\n|-unboost|p1b: Wyrdeer|spa|1\n|\n|t:|1776542636\n|switch|p2a: Sinistcha|Sinistcha-Masterpiece, L50|100/100|[from] Parting Shot\n|move|p1b: Wyrdeer|Trick Room|p1b: Wyrdeer\n|-fieldstart|move: Trick Room|[of] p1b: Wyrdeer\n|\n|upkeep\n|turn|3\n|\n|t:|1776542659\n|switch|p2b: Incineroar|Incineroar, L50, M|100/100\n|-ability|p2b: Incineroar|Intimidate|boost\n|-unboost|p1a: Meowstic|atk|1\n|-unboost|p1b: Wyrdeer|atk|1\n|switch|p1a: Reuniclus|Reuniclus, L50, F|100/100\n|move|p1b: Wyrdeer|Curse|p1b: Wyrdeer\n|-unboost|p1b: Wyrdeer|spe|1\n|-boost|p1b: Wyrdeer|atk|1\n|-boost|p1b: Wyrdeer|def|1\n|move|p2a: Sinistcha|Matcha Gotcha|p1b: Wyrdeer|[spread] p1a,p1b\n|-damage|p1a: Reuniclus|75/100\n|-damage|p1b: Wyrdeer|65/100\n|\n|-heal|p1a: Reuniclus|80/100|[from] item: Leftovers\n|upkeep\n|turn|4\n|\n|t:|1776542685\n|switch|p1b: Emboar|Emboar, L50, F|100/100\n|move|p1a: Reuniclus|Focus Blast|p2b: Incineroar\n|-supereffective|p2b: Incineroar|1\n|-damage|p2b: Incineroar|6/100\n|-enditem|p2b: Incineroar|Sitrus Berry|[eat]\n|-heal|p2b: Incineroar|31/100|[from] item: Sitrus Berry\n|move|p2a: Sinistcha|Shadow Ball|p1a: Reuniclus\n|-supereffective|p1a: Reuniclus|1\n|-damage|p1a: Reuniclus|8/100\n|move|p2b: Incineroar|Throat Chop|p1b: Emboar\n|-resisted|p1b: Emboar|1\n|-damage|p1b: Emboar|89/100\n|-start|p1b: Emboar|Throat Chop|[silent]\n|\n|-heal|p1a: Reuniclus|14/100|[from] item: Leftovers\n|upkeep\n|turn|5\n|\n|t:|1776542712\n|switch|p1a: Wyrdeer|Wyrdeer, L50, F|65/100\n|-ability|p1a: Wyrdeer|Intimidate|boost\n|-unboost|p2a: Sinistcha|atk|1\n|-unboost|p2b: Incineroar|atk|1\n|switch|p2b: Basculegion|Basculegion, L50, M|100/100\n|detailschange|p1b: Emboar|Emboar-Mega, L50, F\n|-mega|p1b: Emboar|Emboar|Emboarite\n|-ability|p1b: Emboar|Mold Breaker\n|move|p1b: Emboar|Heat Crash|p2a: Sinistcha\n|-supereffective|p2a: Sinistcha|1\n|-damage|p2a: Sinistcha|0 fnt\n|faint|p2a: Sinistcha\n|\n|-end|p1b: Emboar|Throat Chop|[silent]\n|-sideend|p1: florestantan|Reflect\n|upkeep\n|\n|t:|1776542730\n|switch|p2a: Incineroar|Incineroar, L50, M|31/100\n|-ability|p2a: Incineroar|Intimidate|boost\n|-unboost|p1a: Wyrdeer|atk|1\n|-unboost|p1b: Emboar|atk|1\n|turn|6\n|\n|t:|1776542763\n|move|p1a: Wyrdeer|Psyshield Bash|p2b: Basculegion\n|-damage|p2b: Basculegion|60/100\n|-boost|p1a: Wyrdeer|def|1\n|move|p1b: Emboar|Hammer Arm|p2a: Incineroar\n|-supereffective|p2a: Incineroar|1\n|-damage|p2a: Incineroar|0 fnt\n|-unboost|p1b: Emboar|spe|1\n|faint|p2a: Incineroar\n|move|p2b: Basculegion|Wave Crash|p1b: Emboar\n|-supereffective|p1b: Emboar|1\n|-damage|p1b: Emboar|0 fnt\n|faint|p1b: Emboar\n|-damage|p2b: Basculegion|32/100|[from] Recoil\n|\n|-fieldend|move: Trick Room\n|-fieldend|move: Psychic Terrain\n|upkeep\n|\n|t:|1776542779\n|switch|p2a: Manectric|Manectric, L50, F|100/100\n|switch|p1b: Meowstic|Meowstic, L50, M|74/100\n|turn|7\n|\n|t:|1776542801\n|move|p1b: Meowstic|Fake Out|p2a: Manectric\n|-damage|p2a: Manectric|91/100\n|cant|p2a: Manectric|flinch\n|move|p2b: Basculegion|Last Respects|p1b: Meowstic\n|-supereffective|p1b: Meowstic|1\n|-damage|p1b: Meowstic|0 fnt\n|faint|p1b: Meowstic\n|move|p1a: Wyrdeer|Trick Room|p1a: Wyrdeer\n|-fieldstart|move: Trick Room|[of] p1a: Wyrdeer\n|\n|upkeep\n|\n|t:|1776542810\n|switch|p1b: Reuniclus|Reuniclus, L50, F|47/100\n|turn|8\n|\n|t:|1776542835\n|detailschange|p2a: Manectric|Manectric-Mega, L50, F\n|-mega|p2a: Manectric|Manectric|Manectite\n|-ability|p2a: Manectric|Intimidate|boost\n|-unboost|p1a: Wyrdeer|atk|1\n|-unboost|p1b: Reuniclus|atk|1\n|move|p2b: Basculegion|Aqua Jet|p1b: Reuniclus\n|-damage|p1b: Reuniclus|20/100\n|move|p1b: Reuniclus|Expanding Force|p2b: Basculegion\n|-damage|p2b: Basculegion|0 fnt\n|faint|p2b: Basculegion\n|move|p1a: Wyrdeer|Psyshield Bash|p2a: Manectric\n|-damage|p2a: Manectric|58/100\n|-boost|p1a: Wyrdeer|def|1\n|move|p2a: Manectric|Snarl|p1a: Wyrdeer|[spread] p1a,p1b\n|-supereffective|p1a: Wyrdeer|1\n|-supereffective|p1b: Reuniclus|1\n|-damage|p1a: Wyrdeer|30/100\n|-damage|p1b: Reuniclus|0 fnt\n|-unboost|p1a: Wyrdeer|spa|1\n|faint|p1b: Reuniclus\n|\n|upkeep\n|turn|9\n|\n|t:|1776542860\n|move|p1a: Wyrdeer|Psyshield Bash|p2a: Manectric\n|-damage|p2a: Manectric|24/100\n|-boost|p1a: Wyrdeer|def|1\n|move|p2a: Manectric|Thunder|p1a: Wyrdeer\n|-damage|p1a: Wyrdeer|0 fnt\n|faint|p1a: Wyrdeer\n|\n|win|MrCesar24\n|raw|florestantan's rating: 1097 &rarr; <strong>1077</strong><br />(-20 for losing)\n|raw|MrCesar24's rating: 1163 &rarr; <strong>1183</strong><br />(+20 for winning)\n|l|\u2606florestantan\n|player|p1|\n",
  "uploadtime": 1776543101,
  "views": 15,
  "formatid": "gen9championsvgc2026regma",
  "rating": 1077,
  "private": 0,
  "password": null
}