{
  "id": "gen9championsvgc2026regma-2583420216",
  "format": "[Gen 9 Champions] VGC 2026 Reg M-A",
  "players": [
    "Riczi",
    "Mareastra"
  ],
  "log": "|j|\u2606Riczi\n|j|\u2606Mareastra\n|t:|1776174460\n|gametype|doubles\n|player|p1|Riczi|101|1271\n|player|p2|Mareastra|clair|1304\n|gen|9\n|tier|[Gen 9 Champions] VGC 2026 Reg M-A\n|rated|\n|rule|Species Clause: Limit one of each Pok\u00e9mon\n|rule|Item Clause: Limit 1 of each item\n|clearpoke\n|poke|p1|Farigiraf, L50, M|\n|poke|p1|Kingambit, L50, F|\n|poke|p1|Basculegion, L50, M|\n|poke|p1|Arcanine-Hisui, L50, M|\n|poke|p1|Abomasnow, L50, M|\n|poke|p1|Sneasler, L50, M|\n|poke|p2|Tyranitar, L50, M|\n|poke|p2|Excadrill, L50, F|\n|poke|p2|Milotic, L50, M|\n|poke|p2|Aegislash, L50, F|\n|poke|p2|Meowscarada, L50, M|\n|poke|p2|Sneasler, L50, F|\n|teampreview|4\n|inactive|Battle timer is ON: inactive players will automatically lose when time's up. (requested by Mareastra)\n|\n|t:|1776174490\n|teamsize|p1|4\n|teamsize|p2|4\n|start\n|switch|p1a: Sneasler|Sneasler, L50, M|100/100\n|switch|p1b: Basculegion|Basculegion, L50, M|100/100\n|switch|p2a: Sekhmet|Sneasler, L50, F, shiny|100/100\n|switch|p2b: J\u00f6rmungandr|Milotic, L50, M, shiny|100/100\n|turn|1\n|\n|t:|1776174508\n|move|p1a: Sneasler|Protect|p1a: Sneasler\n|-singleturn|p1a: Sneasler|Protect\n|move|p2a: Sekhmet|Fake Out|p1a: Sneasler\n|-activate|p1a: Sneasler|move: Protect\n|move|p1b: Basculegion|Wave Crash|p2a: Sekhmet\n|-damage|p2a: Sekhmet|10/100\n|-damage|p1b: Basculegion|76/100|[from] Recoil\n|move|p2b: J\u00f6rmungandr|Scald|p1a: Sneasler\n|-activate|p1a: Sneasler|move: Protect\n|\n|upkeep\n|turn|2\n|\n|t:|1776174522\n|move|p1b: Basculegion|Wave Crash|p2a: Sekhmet\n|-damage|p2a: Sekhmet|0 fnt\n|faint|p2a: Sekhmet\n|-damage|p1b: Basculegion|74/100|[from] Recoil\n|move|p1a: Sneasler|Dire Claw|p2b: J\u00f6rmungandr\n|-crit|p2b: J\u00f6rmungandr\n|-damage|p2b: J\u00f6rmungandr|45/100\n|-status|p2b: J\u00f6rmungandr|psn\n|-enditem|p2b: J\u00f6rmungandr|Sitrus Berry|[eat]\n|-heal|p2b: J\u00f6rmungandr|70/100 psn|[from] item: Sitrus Berry\n|move|p2b: J\u00f6rmungandr|Scald|p1a: Sneasler\n|-damage|p1a: Sneasler|58/100\n|\n|-damage|p2b: J\u00f6rmungandr|58/100 psn|[from] psn\n|upkeep\n|\n|t:|1776174528\n|switch|p2a: Ereshkigal|Excadrill, L50, F, shiny|100/100\n|turn|3\n|\n|t:|1776174550\n|switch|p2b: Abaddon|Tyranitar, L50, M, shiny|100/100\n|-weather|Sandstorm|[from] ability: Sand Stream|[of] p2b: Abaddon\n|move|p1a: Sneasler|Protect|p1a: Sneasler\n|-singleturn|p1a: Sneasler|Protect\n|move|p2a: Ereshkigal|High Horsepower|p1b: Basculegion\n|-damage|p1b: Basculegion|5/100\n|move|p1b: Basculegion|Wave Crash|p2a: Ereshkigal\n|-supereffective|p2a: Ereshkigal|1\n|-enditem|p2a: Ereshkigal|Focus Sash\n|-damage|p2a: Ereshkigal|1/100\n|-damage|p1b: Basculegion|0 fnt|[from] Recoil\n|faint|p1b: Basculegion\n|\n|-weather|Sandstorm|[upkeep]\n|-damage|p1a: Sneasler|52/100|[from] Sandstorm\n|upkeep\n|\n|t:|1776174563\n|switch|p1b: Arcanine|Arcanine-Hisui, L50, M|100/100\n|-ability|p1b: Arcanine|Intimidate|boost\n|-unboost|p2a: Ereshkigal|atk|1\n|-unboost|p2b: Abaddon|atk|1\n|turn|4\n|\n|t:|1776174587\n|switch|p2b: J\u00f6rmungandr|Milotic, L50, M, shiny|58/100 psn\n|move|p1b: Arcanine|Extreme Speed|p2a: Ereshkigal\n|-resisted|p2a: Ereshkigal|1\n|-damage|p2a: Ereshkigal|0 fnt\n|faint|p2a: Ereshkigal\n|move|p1a: Sneasler|Close Combat|p2b: J\u00f6rmungandr\n|-damage|p2b: J\u00f6rmungandr|10/100 psn\n|-unboost|p1a: Sneasler|def|1\n|-unboost|p1a: Sneasler|spd|1\n|\n|-weather|Sandstorm|[upkeep]\n|-damage|p1a: Sneasler|46/100|[from] Sandstorm\n|-damage|p2b: J\u00f6rmungandr|4/100 psn|[from] Sandstorm\n|-damage|p2b: J\u00f6rmungandr|0 fnt|[from] psn\n|faint|p2b: J\u00f6rmungandr\n|upkeep\n|\n|t:|1776174589\n|switch|p2b: Abaddon|Tyranitar, L50, M, shiny|100/100\n|turn|5\n|-message|Mareastra forfeited.\n|\n|win|Riczi\n|raw|Riczi's rating: 1271 &rarr; <strong>1298</strong><br />(+27 for winning)\n|raw|Mareastra's rating: 1304 &rarr; <strong>1282</strong><br />(-22 for losing)\n|l|\u2606Mareastra\n|player|p2|\n",
  "uploadtime": 1776174599,
  "views": 34,
  "formatid": "gen9championsvgc2026regma",
  "rating": 1282,
  "private": 0,
  "password": null
}