{
  "id": "gen9championsvgc2026regma-2585099968",
  "format": "[Gen 9 Champions] VGC 2026 Reg M-A",
  "players": [
    "Granny Pie",
    "minjaneb"
  ],
  "log": "|j|\u2606Granny Pie\n|j|\u2606minjaneb\n|t:|1776311742\n|gametype|doubles\n|player|p1|Granny Pie|medium|1112\n|player|p2|minjaneb|1|1107\n|gen|9\n|tier|[Gen 9 Champions] VGC 2026 Reg M-A\n|rated|\n|rule|Species Clause: Limit one of each Pok\u00e9mon\n|rule|Item Clause: Limit 1 of each item\n|clearpoke\n|poke|p1|Tyranitar, L50, M|\n|poke|p1|Aerodactyl, L50, M|\n|poke|p1|Garchomp, L50, M|\n|poke|p1|Excadrill, L50, M|\n|poke|p1|Meganium, L50, M|\n|poke|p1|Milotic, L50, F|\n|poke|p2|Froslass, L50, F|\n|poke|p2|Rotom-Frost, L50|\n|poke|p2|Milotic, L50, F|\n|poke|p2|Whimsicott, L50, M|\n|poke|p2|Scizor, L50, F|\n|poke|p2|Arcanine-Hisui, L50, M|\n|teampreview|4\n|inactive|Battle timer is ON: inactive players will automatically lose when time's up. (requested by Granny Pie)\n|inactive|minjaneb has 60 seconds left.\n|\n|t:|1776311798\n|teamsize|p1|4\n|teamsize|p2|4\n|start\n|switch|p1a: Aerodactyl|Aerodactyl, L50, M|100/100\n|switch|p1b: Garchomp|Garchomp, L50, M|100/100\n|switch|p2a: Froslass|Froslass, L50, F|100/100\n|switch|p2b: Whimsicott|Whimsicott, L50, M|100/100\n|-ability|p1a: Aerodactyl|Unnerve\n|turn|1\n|inactive|Granny Pie has 30 seconds left.\n|\n|t:|1776311828\n|detailschange|p2a: Froslass|Froslass-Mega, L50, F\n|-mega|p2a: Froslass|Froslass|Froslassite\n|-weather|Snowscape|[from] ability: Snow Warning|[of] p2a: Froslass\n|move|p1a: Aerodactyl|Protect|p1a: Aerodactyl\n|-singleturn|p1a: Aerodactyl|Protect\n|move|p2b: Whimsicott|Tailwind|p2b: Whimsicott\n|-sidestart|p2: minjaneb|move: Tailwind\n|move|p2a: Froslass|Blizzard|p1b: Garchomp|[spread] p1b\n|-activate|p1a: Aerodactyl|move: Protect\n|-supereffective|p1b: Garchomp|2\n|-damage|p1b: Garchomp|0 fnt\n|faint|p1b: Garchomp\n|\n|-weather|Snowscape|[upkeep]\n|upkeep\n|\n|t:|1776311837\n|switch|p1b: Tyranitar|Tyranitar, L50, M|100/100\n|-weather|Sandstorm|[from] ability: Sand Stream|[of] p1b: Tyranitar\n|turn|2\n|\n|t:|1776311861\n|switch|p1a: Meganium|Meganium, L50, M|100/100\n|move|p2a: Froslass|Protect|p2a: Froslass\n|-singleturn|p2a: Froslass|Protect\n|move|p2b: Whimsicott|U-turn|p1b: Tyranitar\n|-supereffective|p1b: Tyranitar|1\n|-crit|p1b: Tyranitar\n|-damage|p1b: Tyranitar|75/100\n|\n|t:|1776311873\n|switch|p2b: Scizor|Scizor, L50, F|100/100|[from] U-turn\n|move|p1b: Tyranitar|Rock Slide|p2a: Froslass|[spread] p2b\n|-activate|p2a: Froslass|move: Protect\n|-damage|p2b: Scizor|62/100\n|\n|-weather|Sandstorm|[upkeep]\n|-damage|p2a: Froslass|94/100|[from] Sandstorm\n|-damage|p1a: Meganium|95/100|[from] Sandstorm\n|upkeep\n|turn|3\n|inactive|Granny Pie has 30 seconds left.\n|inactive|minjaneb has 30 seconds left.\n|\n|t:|1776311905\n|switch|p2a: Whimsicott|Whimsicott, L50, M|100/100\n|detailschange|p1a: Meganium|Meganium-Mega, L50, M\n|-mega|p1a: Meganium|Meganium|Meganiumite\n|move|p1b: Tyranitar|Protect|p1b: Tyranitar\n|-singleturn|p1b: Tyranitar|Protect\n|move|p2b: Scizor|Close Combat|p1b: Tyranitar\n|-activate|p1b: Tyranitar|move: Protect\n|move|p1a: Meganium|Weather Ball|p2a: Whimsicott\n|-supereffective|p2a: Whimsicott|1\n|-enditem|p2a: Whimsicott|Focus Sash\n|-damage|p2a: Whimsicott|1/100\n|\n|-weather|Sandstorm|[upkeep]\n|-damage|p2a: Whimsicott|0 fnt|[from] Sandstorm\n|-damage|p1a: Meganium|89/100|[from] Sandstorm\n|faint|p2a: Whimsicott\n|upkeep\n|\n|t:|1776311922\n|switch|p2a: Froslass|Froslass-Mega, L50, F|94/100\n|-weather|Snowscape|[from] ability: Snow Warning|[of] p2a: Froslass\n|turn|4\n|\n|t:|1776311941\n|switch|p1b: Aerodactyl|Aerodactyl, L50, M|100/100\n|-ability|p1b: Aerodactyl|Unnerve\n|move|p1a: Meganium|Protect|p1a: Meganium\n|-singleturn|p1a: Meganium|Protect\n|move|p2a: Froslass|Blizzard|p1a: Meganium|[spread] p1b\n|-activate|p1a: Meganium|move: Protect\n|-supereffective|p1b: Aerodactyl|1\n|-damage|p1b: Aerodactyl|0 fnt\n|faint|p1b: Aerodactyl\n|move|p2b: Scizor|Close Combat|p1a: Meganium\n|-activate|p1a: Meganium|move: Protect\n|\n|-weather|Snowscape|[upkeep]\n|-sideend|p2: minjaneb|move: Tailwind\n|upkeep\n|\n|t:|1776311954\n|switch|p1b: Tyranitar|Tyranitar, L50, M|75/100\n|-weather|Sandstorm|[from] ability: Sand Stream|[of] p1b: Tyranitar\n|turn|5\n|inactive|minjaneb has 30 seconds left.\n|\n|t:|1776311980\n|move|p2a: Froslass|Blizzard|p1a: Meganium|[spread] \n|-miss|p2a: Froslass|p1a: Meganium\n|-miss|p2a: Froslass|p1b: Tyranitar\n|move|p1a: Meganium|Weather Ball|p2b: Scizor\n|-supereffective|p2b: Scizor|2\n|-damage|p2b: Scizor|0 fnt\n|faint|p2b: Scizor\n|move|p1b: Tyranitar|Rock Slide|p2a: Froslass\n|-supereffective|p2a: Froslass|1\n|-damage|p2a: Froslass|0 fnt\n|faint|p2a: Froslass\n|\n|-weather|Sandstorm|[upkeep]\n|-damage|p1a: Meganium|83/100|[from] Sandstorm\n|upkeep\n|\n|t:|1776311996\n|switch|p2b: Milotic|Milotic, L50, F|100/100\n|turn|6\n|\n|t:|1776312005\n|move|p1a: Meganium|Solar Beam||[still]\n|-prepare|p1a: Meganium|Solar Beam\n|-activate|p1a: Meganium|ability: Mega Sol\n|-anim|p1a: Meganium|Solar Beam|p2b: Milotic\n|-supereffective|p2b: Milotic|1\n|-damage|p2b: Milotic|0 fnt\n|faint|p2b: Milotic\n|\n|win|Granny Pie\n|raw|Granny Pie's rating: 1112 &rarr; <strong>1137</strong><br />(+25 for winning)\n|raw|minjaneb's rating: 1107 &rarr; <strong>1082</strong><br />(-25 for losing)\n",
  "uploadtime": 1776312009,
  "views": 23,
  "formatid": "gen9championsvgc2026regma",
  "rating": 1082,
  "private": 0,
  "password": null
}