{
  "id": "gen9championsvgc2026regma-2585498066",
  "format": "[Gen 9 Champions] VGC 2026 Reg M-A",
  "players": [
    "Arthuro145",
    "Future Alice haver"
  ],
  "log": "|j|\u2606Arthuro145\n|j|\u2606Future Alice haver\n|t:|1776351573\n|gametype|doubles\n|player|p1|Arthuro145|1|1071\n|player|p2|Future Alice haver|kimonogirl|1000\n|gen|9\n|tier|[Gen 9 Champions] VGC 2026 Reg M-A\n|rated|\n|rule|Species Clause: Limit one of each Pok\u00e9mon\n|rule|Item Clause: Limit 1 of each item\n|clearpoke\n|poke|p1|Slowking, L50, M|\n|poke|p1|Farigiraf, L50, M|\n|poke|p1|Abomasnow, L50, F|\n|poke|p1|Crabominable, L50, M|\n|poke|p1|Maushold-Four, L50|\n|poke|p1|Araquanid, L50, F|\n|poke|p2|Charizard, L50, M|\n|poke|p2|Venusaur, L50, M|\n|poke|p2|Orthworm, L50, F|\n|poke|p2|Garchomp, L50, F|\n|poke|p2|Maushold, L50|\n|poke|p2|Milotic, L50, M|\n|teampreview|4\nFuture Alice haver rejected open team sheets.\n|inactive|Battle timer is ON: inactive players will automatically lose when time's up. (requested by Arthuro145)\n|inactive|Future Alice haver has 60 seconds left.\n|\n|t:|1776351624\n|teamsize|p1|4\n|teamsize|p2|4\n|start\n|switch|p1a: Slowking|Slowking, L50, M|100/100\n|switch|p1b: Farigiraf|Farigiraf, L50, M|100/100\n|switch|p2a: Charizard|Charizard, L50, M|100/100\n|switch|p2b: Venusaur|Venusaur, L50, M|100/100\n|turn|1\n|\n|t:|1776351646\n|detailschange|p2a: Charizard|Charizard-Mega-Y, L50, M\n|-mega|p2a: Charizard|Charizard|Charizardite Y\n|-weather|SunnyDay|[from] ability: Drought|[of] p2a: Charizard\n|move|p2b: Venusaur|Solar Beam||[still]\n|-prepare|p2b: Venusaur|Solar Beam\n|-anim|p2b: Venusaur|Solar Beam|p1a: Slowking\n|-supereffective|p1a: Slowking|1\n|-damage|p1a: Slowking|10/100\n|move|p2a: Charizard|Overheat|p1b: Farigiraf\n|-damage|p1b: Farigiraf|0 fnt\n|-unboost|p2a: Charizard|spa|2\n|faint|p1b: Farigiraf\n|-prepare|p1a: Slowking|Chilly Reception|[premajor]\n|move|p1a: Slowking|Chilly Reception|p1a: Slowking\n|-weather|Snowscape\n|\n|t:|1776351660\n|switch|p1a: Crabominable|Crabominable, L50, M|100/100|[from] Chilly Reception\n|\n|-weather|Snowscape|[upkeep]\n|upkeep\n|\n|t:|1776351662\n|switch|p1b: Araquanid|Araquanid, L50, F|100/100\n|turn|2\n|\n|t:|1776351679\n|switch|p2a: Orthworm|Orthworm, L50, F|100/100\n|switch|p1b: Slowking|Slowking, L50, M|44/100\n|detailschange|p1a: Crabominable|Crabominable-Mega, L50, M\n|-mega|p1a: Crabominable|Crabominable|Crabominite\n|move|p2b: Venusaur|Protect|p2b: Venusaur\n|-singleturn|p2b: Venusaur|Protect\n|move|p1a: Crabominable|Ice Hammer|p2b: Venusaur\n|-activate|p2b: Venusaur|move: Protect\n|\n|-weather|Snowscape|[upkeep]\n|upkeep\n|turn|3\n|\n|t:|1776351702\n|switch|p2a: Charizard|Charizard-Mega-Y, L50, M|100/100\n|-weather|SunnyDay|[from] ability: Drought|[of] p2a: Charizard\n|move|p2b: Venusaur|Solar Beam||[still]\n|-prepare|p2b: Venusaur|Solar Beam\n|-anim|p2b: Venusaur|Solar Beam|p1b: Slowking\n|-supereffective|p1b: Slowking|1\n|-damage|p1b: Slowking|0 fnt\n|faint|p1b: Slowking\n|move|p1a: Crabominable|Ice Hammer|p2b: Venusaur\n|-supereffective|p2b: Venusaur|1\n|-damage|p2b: Venusaur|0 fnt\n|-unboost|p1a: Crabominable|spe|1\n|faint|p2b: Venusaur\n|\n|-weather|SunnyDay|[upkeep]\n|upkeep\n|\n|t:|1776351718\n|switch|p2b: Maushold|Maushold, L50|100/100\n|switch|p1b: Araquanid|Araquanid, L50, F|100/100\n|turn|4\n|\n|t:|1776351727\n|move|p1a: Crabominable|Protect|p1a: Crabominable\n|-singleturn|p1a: Crabominable|Protect\n|move|p2b: Maushold|Follow Me|p2b: Maushold\n|-singleturn|p2b: Maushold|move: Follow Me\n|move|p2a: Charizard|Heat Wave|p1a: Crabominable|[spread] p1b\n|-activate|p1a: Crabominable|move: Protect\n|-damage|p1b: Araquanid|76/100\n|move|p1b: Araquanid|Liquidation|p2b: Maushold\n|-damage|p2b: Maushold|55/100\n|\n|-weather|SunnyDay|[upkeep]\n|upkeep\n|turn|5\n|\n|t:|1776351741\n|move|p1a: Crabominable|Mach Punch|p2b: Maushold\n|-supereffective|p2b: Maushold|1\n|-enditem|p2b: Maushold|Chople Berry|[eat]\n|-enditem|p2b: Maushold|Chople Berry|[weaken]\n|-damage|p2b: Maushold|14/100\n|move|p2b: Maushold|Encore|p1a: Crabominable\n|-start|p1a: Crabominable|Encore\n|move|p2a: Charizard|Heat Wave|p1a: Crabominable|[spread] p1a,p1b\n|-supereffective|p1a: Crabominable|1\n|-damage|p1a: Crabominable|9/100\n|-damage|p1b: Araquanid|52/100\n|move|p1b: Araquanid|Liquidation|p2a: Charizard\n|-supereffective|p2a: Charizard|1\n|-damage|p2a: Charizard|34/100\n|\n|-weather|SunnyDay|[upkeep]\n|upkeep\n|turn|6\n|\n|t:|1776351755\n|move|p2b: Maushold|Follow Me|p2b: Maushold\n|-singleturn|p2b: Maushold|move: Follow Me\n|move|p1a: Crabominable|Mach Punch|p2b: Maushold\n|-supereffective|p2b: Maushold|1\n|-damage|p2b: Maushold|0 fnt\n|faint|p2b: Maushold\n|move|p2a: Charizard|Heat Wave|p1a: Crabominable|[spread] p1b\n|-miss|p2a: Charizard|p1a: Crabominable\n|-damage|p1b: Araquanid|26/100\n|move|p1b: Araquanid|Liquidation|p2a: Charizard\n|-supereffective|p2a: Charizard|1\n|-damage|p2a: Charizard|0 fnt\n|faint|p2a: Charizard\n|\n|-weather|SunnyDay|[upkeep]\n|upkeep\n|\n|t:|1776351765\n|switch|p2a: Orthworm|Orthworm, L50, F|100/100\n|turn|7\n|\n|t:|1776351779\n|move|p1a: Crabominable|Mach Punch|p2a: Orthworm\n|-supereffective|p2a: Orthworm|1\n|-damage|p2a: Orthworm|65/100\n|move|p2a: Orthworm|Body Press|p1a: Crabominable\n|-supereffective|p1a: Crabominable|1\n|-damage|p1a: Crabominable|0 fnt\n|faint|p1a: Crabominable\n|move|p1b: Araquanid|Liquidation|p2a: Orthworm\n|-damage|p2a: Orthworm|45/100\n|-enditem|p2a: Orthworm|Sitrus Berry|[eat]\n|-heal|p2a: Orthworm|69/100|[from] item: Sitrus Berry\n|\n|-weather|none\n|upkeep\n|turn|8\n|\n|t:|1776351792\n|move|p2a: Orthworm|Body Press|p1b: Araquanid\n|-resisted|p1b: Araquanid|1\n|-damage|p1b: Araquanid|8/100\n|move|p1b: Araquanid|Liquidation|p2a: Orthworm\n|-crit|p2a: Orthworm\n|-damage|p2a: Orthworm|8/100\n|\n|upkeep\n|turn|9\n|-message|Arthuro145 forfeited.\n|\n|win|Future Alice haver\n|raw|Arthuro145's rating: 1071 &rarr; <strong>1046</strong><br />(-25 for losing)\n|raw|Future Alice haver's rating: 1000 &rarr; <strong>1048</strong><br />(+48 for winning)\n|l|\u2606Arthuro145\n|player|p1|\n",
  "uploadtime": 1776351807,
  "views": 22,
  "formatid": "gen9championsvgc2026regma",
  "rating": 1046,
  "private": 0,
  "password": null
}