{
  "id": "gen9championsvgc2026regma-2583385850",
  "format": "[Gen 9 Champions] VGC 2026 Reg M-A",
  "players": [
    "mmesmerizer",
    "G3N13"
  ],
  "log": "|j|\u2606mmesmerizer\n|j|\u2606G3N13\n|t:|1776172029\n|gametype|doubles\n|player|p1|mmesmerizer|n|1090\n|player|p2|G3N13|n|1052\n|gen|9\n|tier|[Gen 9 Champions] VGC 2026 Reg M-A\n|rated|\n|rule|Species Clause: Limit one of each Pok\u00e9mon\n|rule|Item Clause: Limit 1 of each item\n|clearpoke\n|poke|p1|Excadrill, L50, F|\n|poke|p1|Incineroar, L50, F|\n|poke|p1|Rotom-Wash, L50|\n|poke|p1|Sneasler, L50, M|\n|poke|p1|Sinistcha, L50|\n|poke|p1|Aerodactyl, L50, M|\n|poke|p2|Incineroar, L50, M|\n|poke|p2|Farigiraf, L50, M|\n|poke|p2|Torkoal, L50, M|\n|poke|p2|Gardevoir, L50, F|\n|poke|p2|Sinistcha, L50|\n|poke|p2|Corviknight, L50, M|\n|teampreview|4\n|inactive|Battle timer is ON: inactive players will automatically lose when time's up. (requested by mmesmerizer)\nmmesmerizer has agreed to open team sheets.\n|inactive|G3N13 has 60 seconds left.\n|inactive|G3N13 has 30 seconds left.\n|\n|t:|1776172100\n|teamsize|p1|4\n|teamsize|p2|4\n|start\n|switch|p1a: matcha latte|Sinistcha, L50|100/100\n|switch|p1b: \"yo mama so fat\"|Incineroar, L50, F, shiny|100/100\n|switch|p2a: Sinistcha|Sinistcha, L50|100/100\n|switch|p2b: Corviknight|Corviknight, L50, M, shiny|100/100\n|-ability|p2b: Corviknight|Unnerve\n|-ability|p1b: \"yo mama so fat\"|Intimidate|boost\n|-unboost|p2a: Sinistcha|atk|1\n|-unboost|p2b: Corviknight|atk|1\n|turn|1\n|\n|t:|1776172126\n|switch|p2a: Incineroar|Incineroar, L50, M, shiny|100/100\n|-ability|p2a: Incineroar|Intimidate|boost\n|-unboost|p1a: matcha latte|atk|1\n|-unboost|p1b: \"yo mama so fat\"|atk|1\n|move|p1a: matcha latte|Imprison|p1a: matcha latte\n|-start|p1a: matcha latte|move: Imprison\n|move|p2b: Corviknight|Brave Bird|p1a: matcha latte\n|-supereffective|p1a: matcha latte|1\n|-damage|p1a: matcha latte|52/100\n|-damage|p2b: Corviknight|85/100|[from] Recoil\n|move|p1b: \"yo mama so fat\"|Parting Shot|p2b: Corviknight\n|-unboost|p2b: Corviknight|atk|1\n|-unboost|p2b: Corviknight|spa|1\n|\n|t:|1776172131\n|switch|p1b: Scrotom|Rotom-Wash, L50, shiny|100/100|[from] Parting Shot\n|\n|upkeep\n|turn|2\n|\n|t:|1776172155\n|switch|p1a: \"yo mama so fat\"|Incineroar, L50, F, shiny|100/100\n|-ability|p1a: \"yo mama so fat\"|Intimidate|boost\n|-unboost|p2a: Incineroar|atk|1\n|-unboost|p2b: Corviknight|atk|1\n|move|p1b: Scrotom|Protect|p1b: Scrotom\n|-singleturn|p1b: Scrotom|Protect\n|move|p2a: Incineroar|Fake Out|p1b: Scrotom\n|-activate|p1b: Scrotom|move: Protect\n|move|p2b: Corviknight|Brave Bird|p1a: \"yo mama so fat\"\n|-damage|p1a: \"yo mama so fat\"|83/100\n|-damage|p2b: Corviknight|79/100|[from] Recoil\n|\n|upkeep\n|turn|3\n|\n|t:|1776172170\n|switch|p2b: Gardevoir|Gardevoir, L50, F, shiny|100/100\n|-ability|p2b: Gardevoir|Levitate|Trace|[from] ability: Trace|[of] p1b: Scrotom\n|move|p1b: Scrotom|Will-O-Wisp|p2b: Gardevoir\n|-status|p2b: Gardevoir|brn\n|move|p1a: \"yo mama so fat\"|Flare Blitz|p2a: Incineroar\n|-resisted|p2a: Incineroar|1\n|-damage|p2a: Incineroar|77/100\n|-damage|p1a: \"yo mama so fat\"|76/100|[from] Recoil\n|move|p2a: Incineroar|Parting Shot|p1b: Scrotom\n|-unboost|p1b: Scrotom|atk|1\n|-unboost|p1b: Scrotom|spa|1\n|\n|t:|1776172191\n|switch|p2a: Sinistcha|Sinistcha, L50|100/100|[from] Parting Shot\n|\n|-damage|p2b: Gardevoir|95/100 brn|[from] brn\n|upkeep\n|turn|4\n|\n|t:|1776172198\n|switch|p1b: matcha latte|Sinistcha, L50|52/100\n|-heal|p1a: \"yo mama so fat\"|100/100|[from] ability: Hospitality|[of] p1b: matcha latte\n|switch|p2a: Incineroar|Incineroar, L50, M, shiny|77/100\n|-ability|p2a: Incineroar|Intimidate|boost\n|-unboost|p1a: \"yo mama so fat\"|atk|1\n|-unboost|p1b: matcha latte|atk|1\n|detailschange|p2b: Gardevoir|Gardevoir-Mega, L50, F, shiny\n|-mega|p2b: Gardevoir|Gardevoir|Gardevoirite\n|move|p1a: \"yo mama so fat\"|Throat Chop|p2a: Incineroar\n|-resisted|p2a: Incineroar|1\n|-damage|p2a: Incineroar|68/100\n|-start|p2a: Incineroar|Throat Chop|[silent]\n|move|p2b: Gardevoir|Trick Room|p2b: Gardevoir\n|-fieldstart|move: Trick Room|[of] p2b: Gardevoir\n|\n|-heal|p2a: Incineroar|74/100|[from] item: Leftovers\n|-damage|p2b: Gardevoir|89/100 brn|[from] brn\n|upkeep\n|turn|5\n|\n|t:|1776172222\n|move|p2a: Incineroar|Fake Out|p1a: \"yo mama so fat\"\n|-damage|p1a: \"yo mama so fat\"|90/100\n|cant|p1a: \"yo mama so fat\"|flinch\n|move|p1b: matcha latte|Matcha Gotcha|p2a: Incineroar|[spread] p2a,p2b\n|-resisted|p2a: Incineroar|1\n|-damage|p2a: Incineroar|64/100\n|-heal|p1b: matcha latte|58/100|[from] drain|[of] p2a: Incineroar\n|-damage|p2b: Gardevoir|66/100 brn\n|-heal|p1b: matcha latte|68/100|[from] drain|[of] p2b: Gardevoir\n|move|p2b: Gardevoir|Hyper Voice|p1a: \"yo mama so fat\"|[spread] p1a,p1b\n|-crit|p1a: \"yo mama so fat\"\n|-damage|p1a: \"yo mama so fat\"|28/100\n|-damage|p1b: matcha latte|8/100\n|-enditem|p1a: \"yo mama so fat\"|Sitrus Berry|[eat]\n|-heal|p1a: \"yo mama so fat\"|53/100|[from] item: Sitrus Berry\n|\n|-heal|p2a: Incineroar|69/100|[from] item: Leftovers\n|-damage|p2b: Gardevoir|60/100 brn|[from] brn\n|-end|p2a: Incineroar|Throat Chop|[silent]\n|upkeep\n|turn|6\n|\n|t:|1776172246\n|move|p2a: Incineroar|Parting Shot|p1a: \"yo mama so fat\"\n|-unboost|p1a: \"yo mama so fat\"|atk|1\n|-unboost|p1a: \"yo mama so fat\"|spa|1\n|\n|t:|1776172252\n|switch|p2a: Sinistcha|Sinistcha, L50|100/100|[from] Parting Shot\n|-heal|p2b: Gardevoir|84/100 brn|[from] ability: Hospitality|[of] p2a: Sinistcha\n|move|p1a: \"yo mama so fat\"|Throat Chop|p2b: Gardevoir\n|-damage|p2b: Gardevoir|64/100 brn\n|-start|p2b: Gardevoir|Throat Chop|[silent]\n|move|p1b: matcha latte|Imprison|p1b: matcha latte\n|-start|p1b: matcha latte|move: Imprison\n|cant|p2b: Gardevoir|move: Throat Chop\n|\n|-damage|p2b: Gardevoir|59/100 brn|[from] brn\n|upkeep\n|turn|7\n|\n|t:|1776172276\n|switch|p2a: Incineroar|Incineroar, L50, M, shiny|69/100\n|-ability|p2a: Incineroar|Intimidate|boost\n|-unboost|p1a: \"yo mama so fat\"|atk|1\n|-unboost|p1b: matcha latte|atk|1\n|move|p1a: \"yo mama so fat\"|Parting Shot|p2b: Gardevoir\n|-unboost|p2b: Gardevoir|atk|1\n|-unboost|p2b: Gardevoir|spa|1\n|\n|t:|1776172282\n|switch|p1a: Scrotom|Rotom-Wash, L50, shiny|100/100|[from] Parting Shot\n|move|p1b: matcha latte|Matcha Gotcha|p2a: Incineroar|[spread] p2a,p2b\n|-resisted|p2a: Incineroar|1\n|-damage|p2a: Incineroar|60/100\n|-heal|p1b: matcha latte|13/100|[from] drain|[of] p2a: Incineroar\n|-damage|p2b: Gardevoir|39/100 brn\n|-heal|p1b: matcha latte|22/100|[from] drain|[of] p2b: Gardevoir\n|move|p2b: Gardevoir|Psychic|p1b: matcha latte\n|-damage|p1b: matcha latte|0 fnt\n|faint|p1b: matcha latte\n|\n|-heal|p2a: Incineroar|66/100|[from] item: Leftovers\n|-damage|p2b: Gardevoir|33/100 brn|[from] brn\n|-end|p2b: Gardevoir|Throat Chop|[silent]\n|upkeep\n|\n|t:|1776172286\n|switch|p1b: \"yo mama so fat\"|Incineroar, L50, F, shiny|53/100\n|-ability|p1b: \"yo mama so fat\"|Intimidate|boost\n|-unboost|p2a: Incineroar|atk|1\n|-unboost|p2b: Gardevoir|atk|1\n|turn|8\n|\n|t:|1776172306\n|switch|p2a: Sinistcha|Sinistcha, L50|100/100\n|-heal|p2b: Gardevoir|57/100 brn|[from] ability: Hospitality|[of] p2a: Sinistcha\n|move|p1a: Scrotom|Protect|p1a: Scrotom\n|-singleturn|p1a: Scrotom|Protect\n|move|p1b: \"yo mama so fat\"|Parting Shot|p2b: Gardevoir\n|-unboost|p2b: Gardevoir|atk|1\n|-unboost|p2b: Gardevoir|spa|1\n|\n|t:|1776172308\n|switch|p1b: gurren lagann|Excadrill, L50, F, shiny|100/100|[from] Parting Shot\n|-ability|p1b: gurren lagann|Mold Breaker\n|move|p2b: Gardevoir|Hyper Voice|p1a: Scrotom|[spread] p1b\n|-activate|p1a: Scrotom|move: Protect\n|-resisted|p1b: gurren lagann|1\n|-damage|p1b: gurren lagann|84/100\n|\n|-damage|p2b: Gardevoir|51/100 brn|[from] brn\n|-fieldend|move: Trick Room\n|upkeep\n|turn|9\n|inactive|G3N13 has 30 seconds left.\n|\n|t:|1776172338\n|switch|p2b: Corviknight|Corviknight, L50, M, shiny|79/100\n|-ability|p2b: Corviknight|Unnerve\n|detailschange|p1b: gurren lagann|Excadrill-Mega, L50, F, shiny\n|-mega|p1b: gurren lagann|Excadrill|Excadrite\n|move|p1b: gurren lagann|Iron Head|p2b: Corviknight\n|-resisted|p2b: Corviknight|1\n|-damage|p2b: Corviknight|55/100\n|move|p1a: Scrotom|Hydro Pump|p2b: Corviknight\n|-damage|p2b: Corviknight|16/100\n|move|p2a: Sinistcha|Matcha Gotcha|p1b: gurren lagann|[spread] p1a,p1b\n|-supereffective|p1a: Scrotom|1\n|-damage|p1a: Scrotom|46/100\n|-damage|p1b: gurren lagann|51/100\n|-status|p1a: Scrotom|brn\n|\n|-heal|p1a: Scrotom|51/100 brn|[from] item: Leftovers\n|-damage|p1a: Scrotom|46/100 brn|[from] brn\n|upkeep\n|turn|10\n|inactive|G3N13 has 30 seconds left.\n|\n|t:|1776172365\n|move|p2a: Sinistcha|Rage Powder|p2a: Sinistcha\n|-singleturn|p2a: Sinistcha|move: Rage Powder\n|move|p1b: gurren lagann|Iron Head|p2a: Sinistcha\n|-damage|p2a: Sinistcha|64/100\n|move|p1a: Scrotom|Hydro Pump|p2a: Sinistcha|[miss]\n|-miss|p1a: Scrotom|p2a: Sinistcha\n|move|p2b: Corviknight|Roost|p2b: Corviknight\n|-heal|p2b: Corviknight|66/100\n|-singleturn|p2b: Corviknight|move: Roost\n|\n|-heal|p1a: Scrotom|51/100 brn|[from] item: Leftovers\n|-damage|p1a: Scrotom|46/100 brn|[from] brn\n|upkeep\n|turn|11\n|\n|t:|1776172386\n|switch|p2a: Incineroar|Incineroar, L50, M, shiny|66/100\n|-ability|p2a: Incineroar|Intimidate|boost\n|-unboost|p1a: Scrotom|atk|1\n|-unboost|p1b: gurren lagann|atk|1\n|move|p1b: gurren lagann|Rock Slide|p2a: Incineroar|[spread] p2a,p2b\n|-supereffective|p2a: Incineroar|1\n|-damage|p2a: Incineroar|37/100\n|-damage|p2b: Corviknight|52/100\n|move|p1a: Scrotom|Thunderbolt|p2b: Corviknight\n|-supereffective|p2b: Corviknight|1\n|-damage|p2b: Corviknight|0 fnt\n|faint|p2b: Corviknight\n|\n|-heal|p1a: Scrotom|51/100 brn|[from] item: Leftovers\n|-heal|p2a: Incineroar|43/100|[from] item: Leftovers\n|-damage|p1a: Scrotom|46/100 brn|[from] brn\n|upkeep\n|\n|t:|1776172406\n|switch|p2b: Sinistcha|Sinistcha, L50|64/100\n|-heal|p2a: Incineroar|68/100|[from] ability: Hospitality|[of] p2b: Sinistcha\n|turn|12\n|\n|t:|1776172411\n|move|p2a: Incineroar|Fake Out|p1b: gurren lagann\n|-resisted|p1b: gurren lagann|1\n|-damage|p1b: gurren lagann|46/100\n|cant|p1b: gurren lagann|flinch\n|move|p1a: Scrotom|Hydro Pump|p2a: Incineroar\n|-supereffective|p2a: Incineroar|1\n|-damage|p2a: Incineroar|0 fnt\n|faint|p2a: Incineroar\n|move|p2b: Sinistcha|Matcha Gotcha|p1a: Scrotom|[spread] p1a,p1b\n|-supereffective|p1a: Scrotom|1\n|-damage|p1a: Scrotom|0 fnt\n|-heal|p2b: Sinistcha|87/100|[from] drain|[of] p1a: Scrotom\n|-damage|p1b: gurren lagann|7/100\n|-heal|p2b: Sinistcha|100/100|[from] drain|[of] p1b: gurren lagann\n|faint|p1a: Scrotom\n|\n|upkeep\n|\n|t:|1776172429\n|switch|p1a: \"yo mama so fat\"|Incineroar, L50, F, shiny|53/100\n|switch|p2a: Gardevoir|Gardevoir-Mega, L50, F, shiny|51/100 brn\n|-ability|p1a: \"yo mama so fat\"|Intimidate|boost\n|-unboost|p2a: Gardevoir|atk|1\n|-unboost|p2b: Sinistcha|atk|1\n|turn|13\n|\n|t:|1776172436\n|move|p1b: gurren lagann|Protect|p1b: gurren lagann\n|-singleturn|p1b: gurren lagann|Protect\n|move|p2b: Sinistcha|Rage Powder|p2b: Sinistcha\n|-singleturn|p2b: Sinistcha|move: Rage Powder\n|move|p2a: Gardevoir|Hyper Voice|p1a: \"yo mama so fat\"|[spread] p1a\n|-activate|p1b: gurren lagann|move: Protect\n|-damage|p1a: \"yo mama so fat\"|11/100\n|move|p1a: \"yo mama so fat\"|Parting Shot|p2b: Sinistcha\n|-unboost|p2b: Sinistcha|atk|1\n|-unboost|p2b: Sinistcha|spa|1\n|\n|-damage|p2a: Gardevoir|46/100 brn|[from] brn\n|upkeep\n|turn|14\n|\n|t:|1776172450\n|move|p2b: Sinistcha|Rage Powder|p2b: Sinistcha\n|-singleturn|p2b: Sinistcha|move: Rage Powder\n|move|p1b: gurren lagann|Rock Slide|p2b: Sinistcha|[spread] p2a,p2b\n|-damage|p2a: Gardevoir|24/100 brn\n|-damage|p2b: Sinistcha|88/100\n|cant|p2a: Gardevoir|flinch\n|move|p1a: \"yo mama so fat\"|Throat Chop|p2b: Sinistcha\n|-supereffective|p2b: Sinistcha|1\n|-damage|p2b: Sinistcha|42/100\n|-start|p2b: Sinistcha|Throat Chop|[silent]\n|-enditem|p2b: Sinistcha|Sitrus Berry|[eat]\n|-heal|p2b: Sinistcha|66/100|[from] item: Sitrus Berry\n|\n|-damage|p2a: Gardevoir|18/100 brn|[from] brn\n|upkeep\n|turn|15\n|\n|t:|1776172472\n|move|p1b: gurren lagann|Protect|p1b: gurren lagann\n|-singleturn|p1b: gurren lagann|Protect\n|move|p2b: Sinistcha|Rage Powder|p2b: Sinistcha\n|-singleturn|p2b: Sinistcha|move: Rage Powder\n|move|p2a: Gardevoir|Hyper Voice|p1b: gurren lagann|[spread] p1a\n|-activate|p1b: gurren lagann|move: Protect\n|-damage|p1a: \"yo mama so fat\"|0 fnt\n|faint|p1a: \"yo mama so fat\"\n|\n|-damage|p2a: Gardevoir|12/100 brn|[from] brn\n|-end|p2b: Sinistcha|Throat Chop|[silent]\n|upkeep\n|turn|16\n|\n|t:|1776172493\n|move|p1b: gurren lagann|Rock Slide|p2a: Gardevoir|[spread] p2a,p2b\n|-damage|p2a: Gardevoir|0 fnt\n|-damage|p2b: Sinistcha|54/100\n|faint|p2a: Gardevoir\n|cant|p2b: Sinistcha|flinch\n|\n|upkeep\n|turn|17\n|\n|t:|1776172501\n|move|p1b: gurren lagann|Iron Head|p2b: Sinistcha\n|-damage|p2b: Sinistcha|27/100\n|move|p2b: Sinistcha|Shadow Ball|p1b: gurren lagann\n|-damage|p1b: gurren lagann|0 fnt\n|faint|p1b: gurren lagann\n|\n|win|G3N13\n|raw|mmesmerizer's rating: 1090 &rarr; <strong>1064</strong><br />(-26 for losing)\n|raw|G3N13's rating: 1052 &rarr; <strong>1088</strong><br />(+36 for winning)\n|l|\u2606mmesmerizer\n|player|p1|\n",
  "uploadtime": 1776172513,
  "views": 16,
  "formatid": "gen9championsvgc2026regma",
  "rating": 1064,
  "private": 0,
  "password": null
}