{
  "id": "gen9championsvgc2026regma-2589542754",
  "format": "[Gen 9 Champions] VGC 2026 Reg M-A",
  "players": [
    "alkdfe",
    "ziketon"
  ],
  "log": "|j|\u2606alkdfe\n|j|\u2606ziketon\n|t:|1776732550\n|gametype|doubles\n|player|p1|alkdfe|elesa|1149\n|player|p2|ziketon|policeman|1143\n|gen|9\n|tier|[Gen 9 Champions] VGC 2026 Reg M-A\n|rated|\n|rule|Species Clause: Limit one of each Pok\u00e9mon\n|rule|Item Clause: Limit 1 of each item\n|clearpoke\n|poke|p1|Charizard, L50, M|\n|poke|p1|Sneasler, L50, M|\n|poke|p1|Milotic, L50, F|\n|poke|p1|Garchomp, L50, M|\n|poke|p1|Incineroar, L50, M|\n|poke|p1|Venusaur, L50, F|\n|poke|p2|Kingambit, L50, F|\n|poke|p2|Garchomp, L50, F|\n|poke|p2|Rotom-Wash, L50|\n|poke|p2|Talonflame, L50, F|\n|poke|p2|Maushold, L50|\n|poke|p2|Gardevoir, L50, F, shiny|\n|teampreview|4\n|inactive|Battle timer is ON: inactive players will automatically lose when time's up. (requested by ziketon)\n|inactive|alkdfe has 60 seconds left.\n|\n|t:|1776732626\n|teamsize|p1|4\n|teamsize|p2|4\n|start\n|switch|p1a: Charizard|Charizard, L50, M|100/100\n|switch|p1b: Venusaur|Venusaur, L50, F|100/100\n|switch|p2a: Talonflame|Talonflame, L50, F|100/100\n|switch|p2b: Garchomp|Garchomp, L50, F|100/100\n|turn|1\n|inactive|alkdfe has 30 seconds left.\n|inactive|ziketon has 30 seconds left.\n|\n|t:|1776732659\n|detailschange|p1a: Charizard|Charizard-Mega-Y, L50, M\n|-mega|p1a: Charizard|Charizard|Charizardite Y\n|-weather|SunnyDay|[from] ability: Drought|[of] p1a: Charizard\n|move|p1a: Charizard|Protect|p1a: Charizard\n|-singleturn|p1a: Charizard|Protect\n|move|p2a: Talonflame|Tailwind|p2a: Talonflame\n|-sidestart|p2: ziketon|move: Tailwind\n|move|p2b: Garchomp|Rock Slide|p1a: Charizard|[spread] p1b\n|-activate|p1a: Charizard|move: Protect\n|-damage|p1b: Venusaur|73/100\n|move|p1b: Venusaur|Sleep Powder|p2b: Garchomp\n|-status|p2b: Garchomp|slp|[from] move: Sleep Powder\n|\n|-weather|SunnyDay|[upkeep]\n|upkeep\n|turn|2\n|inactive|alkdfe has 30 seconds left.\n|inactive|ziketon has 30 seconds left.\n|\n|t:|1776732698\n|switch|p1b: Garchomp|Garchomp, L50, M|100/100\n|move|p2a: Talonflame|Protect|p2a: Talonflame\n|-singleturn|p2a: Talonflame|Protect\n|cant|p2b: Garchomp|slp\n|move|p1a: Charizard|Heat Wave|p2a: Talonflame|[spread] p2b\n|-activate|p2a: Talonflame|move: Protect\n|-resisted|p2b: Garchomp|1\n|-damage|p2b: Garchomp|67/100 slp\n|\n|-weather|SunnyDay|[upkeep]\n|upkeep\n|turn|3\n|\n|t:|1776732721\n|switch|p2a: Rotom|Rotom-Wash, L50|100/100\n|switch|p1a: Milotic|Milotic, L50, F|100/100\n|cant|p2b: Garchomp|slp\n|move|p1b: Garchomp|Dragon Claw|p2b: Garchomp\n|-supereffective|p2b: Garchomp|1\n|-enditem|p2b: Garchomp|Haban Berry|[eat]\n|-enditem|p2b: Garchomp|Haban Berry|[weaken]\n|-damage|p2b: Garchomp|25/100 slp\n|-damage|p1b: Garchomp|88/100|[from] ability: Rough Skin|[of] p2b: Garchomp\n|\n|-weather|SunnyDay|[upkeep]\n|upkeep\n|turn|4\n|inactive|alkdfe has 30 seconds left.\n|\n|t:|1776732751\n|switch|p1b: Venusaur|Venusaur, L50, F|73/100\n|-curestatus|p2b: Garchomp|slp|[msg]\n|move|p2b: Garchomp|Protect|p2b: Garchomp\n|-singleturn|p2b: Garchomp|Protect\n|move|p2a: Rotom|Will-O-Wisp|p1b: Venusaur\n|-status|p1b: Venusaur|brn\n|move|p1a: Milotic|Coil|p1a: Milotic\n|-boost|p1a: Milotic|atk|1\n|-boost|p1a: Milotic|def|1\n|-boost|p1a: Milotic|accuracy|1\n|\n|-weather|SunnyDay|[upkeep]\n|-damage|p1b: Venusaur|67/100 brn|[from] brn\n|-sideend|p2: ziketon|move: Tailwind\n|upkeep\n|turn|5\n|\n|t:|1776732774\n|switch|p2b: Maushold|Maushold, L50|100/100\n|move|p1b: Venusaur|Energy Ball|p2a: Rotom\n|-supereffective|p2a: Rotom|1\n|-damage|p2a: Rotom|35/100\n|-enditem|p2a: Rotom|Sitrus Berry|[eat]\n|-heal|p2a: Rotom|60/100|[from] item: Sitrus Berry\n|move|p2a: Rotom|Thunderbolt|p1a: Milotic\n|-supereffective|p1a: Milotic|1\n|-damage|p1a: Milotic|50/100\n|-status|p1a: Milotic|par\n|move|p1a: Milotic|Muddy Water|p2a: Rotom|[spread] p2a,p2b\n|-resisted|p2a: Rotom|1\n|-damage|p2a: Rotom|55/100\n|-damage|p2b: Maushold|87/100\n|-unboost|p2b: Maushold|accuracy|1\n|\n|-weather|none\n|-heal|p1a: Milotic|56/100 par|[from] item: Leftovers\n|-damage|p1b: Venusaur|62/100 brn|[from] brn\n|upkeep\n|turn|6\n|inactive|alkdfe has 30 seconds left.\n|inactive|ziketon has 30 seconds left.\n|inactive|ziketon has 20 seconds left.\n|\n|t:|1776732819\n|switch|p1a: Charizard|Charizard-Mega-Y, L50, M|100/100\n|-weather|SunnyDay|[from] ability: Drought|[of] p1a: Charizard\n|move|p2b: Maushold|Follow Me|p2b: Maushold\n|-singleturn|p2b: Maushold|move: Follow Me\n|move|p1b: Venusaur|Energy Ball|p2b: Maushold\n|-damage|p2b: Maushold|30/100\n|move|p2a: Rotom|Thunderbolt|p1a: Charizard\n|-supereffective|p1a: Charizard|1\n|-damage|p1a: Charizard|29/100\n|\n|-weather|SunnyDay|[upkeep]\n|-damage|p1b: Venusaur|56/100 brn|[from] brn\n|upkeep\n|turn|7\n|inactive|ziketon has 30 seconds left.\n|inactive|ziketon has 20 seconds left.\n|inactive|ziketon has 15 seconds left.\n|inactive|ziketon has 10 seconds left.\n|\n|t:|1776732864\n|move|p1b: Venusaur|Sludge Bomb|p2b: Maushold\n|-damage|p2b: Maushold|0 fnt\n|faint|p2b: Maushold\n|move|p1a: Charizard|Solar Beam||[still]\n|-prepare|p1a: Charizard|Solar Beam\n|-anim|p1a: Charizard|Solar Beam|p2a: Rotom\n|-supereffective|p2a: Rotom|1\n|-damage|p2a: Rotom|0 fnt\n|faint|p2a: Rotom\n|\n|-weather|SunnyDay|[upkeep]\n|-damage|p1b: Venusaur|50/100 brn|[from] brn\n|upkeep\n|\n|t:|1776732873\n|switch|p2b: Garchomp|Garchomp, L50, F|25/100\n|switch|p2a: Talonflame|Talonflame, L50, F|100/100\n|turn|8\n|\n|t:|1776732896\n|switch|p1b: Garchomp|Garchomp, L50, M|88/100\n|move|p1a: Charizard|Protect|p1a: Charizard\n|-singleturn|p1a: Charizard|Protect\n|move|p2a: Talonflame|Acrobatics|p1b: Garchomp\n|-damage|p1b: Garchomp|56/100\n|-damage|p2a: Talonflame|88/100|[from] ability: Rough Skin|[of] p1b: Garchomp\n|move|p2b: Garchomp|Rock Slide|p1a: Charizard|[spread] p1b\n|-activate|p1a: Charizard|move: Protect\n|-resisted|p1b: Garchomp|1\n|-damage|p1b: Garchomp|48/100\n|-enditem|p1b: Garchomp|Sitrus Berry|[eat]\n|-heal|p1b: Garchomp|72/100|[from] item: Sitrus Berry\n|\n|-weather|SunnyDay|[upkeep]\n|upkeep\n|turn|9\n|\n|t:|1776732923\n|switch|p1a: Milotic|Milotic, L50, F|56/100 par\n|move|p2b: Garchomp|Protect|p2b: Garchomp\n|-singleturn|p2b: Garchomp|Protect\n|move|p2a: Talonflame|Acrobatics|p1a: Milotic\n|-damage|p1a: Milotic|27/100 par\n|move|p1b: Garchomp|Dragon Claw|p2b: Garchomp\n|-activate|p2b: Garchomp|move: Protect\n|\n|-weather|SunnyDay|[upkeep]\n|-heal|p1a: Milotic|33/100 par|[from] item: Leftovers\n|upkeep\n|turn|10\n|\n|t:|1776732942\n|move|p2a: Talonflame|Acrobatics|p1a: Milotic\n|-damage|p1a: Milotic|1/100 par\n|move|p1b: Garchomp|Dragon Claw|p2b: Garchomp\n|-supereffective|p2b: Garchomp|1\n|-damage|p2b: Garchomp|0 fnt\n|-damage|p1b: Garchomp|60/100|[from] ability: Rough Skin|[of] p2b: Garchomp\n|faint|p2b: Garchomp\n|move|p1a: Milotic|Recover|p1a: Milotic\n|-heal|p1a: Milotic|52/100 par\n|\n|-weather|none\n|-heal|p1a: Milotic|58/100 par|[from] item: Leftovers\n|upkeep\n|turn|11\n|-message|ziketon forfeited.\n|\n|win|alkdfe\n|raw|alkdfe's rating: 1149 &rarr; <strong>1174</strong><br />(+25 for winning)\n|raw|ziketon's rating: 1143 &rarr; <strong>1118</strong><br />(-25 for losing)\n|l|\u2606ziketon\n|player|p2|\n",
  "uploadtime": 1776732959,
  "views": 12,
  "formatid": "gen9championsvgc2026regma",
  "rating": 1118,
  "private": 0,
  "password": null
}