{
  "id": "gen9championsvgc2026regma-2587659764",
  "format": "[Gen 9 Champions] VGC 2026 Reg M-A",
  "players": [
    "gonegeb",
    "Ninjutsu7"
  ],
  "log": "|j|\u2606gonegeb\n|j|\u2606Ninjutsu7\n|t:|1776551281\n|gametype|doubles\n|player|p1|gonegeb|corbeau|1161\n|player|p2|Ninjutsu7|ghetsis|1109\n|gen|9\n|tier|[Gen 9 Champions] VGC 2026 Reg M-A\n|rated|\n|rule|Species Clause: Limit one of each Pok\u00e9mon\n|rule|Item Clause: Limit 1 of each item\n|clearpoke\n|poke|p1|Lucario, L50, M|\n|poke|p1|Umbreon, L50, M, shiny|\n|poke|p1|Arcanine, L50, F, shiny|\n|poke|p1|Ceruledge, L50, M|\n|poke|p1|Corviknight, L50, M|\n|poke|p1|Whimsicott, L50, F, shiny|\n|poke|p2|Whimsicott, L50, M|\n|poke|p2|Tyranitar, L50, M|\n|poke|p2|Excadrill, L50, F|\n|poke|p2|Sneasler, L50, F|\n|poke|p2|Kingambit, L50, M|\n|poke|p2|Heliolisk, L50, F|\n|teampreview|4\n|\n|t:|1776551307\n|teamsize|p1|4\n|teamsize|p2|4\n|start\n|switch|p1a: Nuumite|Corviknight, L50, M|100/100\n|switch|p1b: Luna|Whimsicott, L50, F, shiny|100/100\n|switch|p2a: Whimsicott|Whimsicott, L50, M|100/100\n|switch|p2b: Sneasler|Sneasler, L50, F|100/100\n|-ability|p1a: Nuumite|Pressure\n|turn|1\n|\n|t:|1776551321\n|move|p2a: Whimsicott|Tailwind|p2a: Whimsicott\n|-sidestart|p2: Ninjutsu7|move: Tailwind\n|move|p1b: Luna|Taunt|p2a: Whimsicott\n|-start|p2a: Whimsicott|move: Taunt\n|move|p2b: Sneasler|Dire Claw|p1b: Luna\n|-supereffective|p1b: Luna|2\n|-damage|p1b: Luna|0 fnt\n|faint|p1b: Luna\n|move|p1a: Nuumite|Bulk Up|p1a: Nuumite\n|-boost|p1a: Nuumite|atk|1\n|-boost|p1a: Nuumite|def|1\n|\n|upkeep\n|\n|t:|1776551329\n|switch|p1b: Anubis|Lucario, L50, M|100/100\n|turn|2\n|\n|t:|1776551343\n|switch|p1b: Obsidian|Ceruledge, L50, M|100/100\n|move|p2b: Sneasler|Close Combat|p1b: Obsidian\n|-immune|p1b: Obsidian\n|move|p2a: Whimsicott|Moonblast|p1b: Obsidian\n|-resisted|p1b: Obsidian|1\n|-damage|p1b: Obsidian|91/100\n|-unboost|p1b: Obsidian|spa|1\n|move|p1a: Nuumite|Bulk Up|p1a: Nuumite\n|-boost|p1a: Nuumite|atk|1\n|-boost|p1a: Nuumite|def|1\n|\n|upkeep\n|turn|3\n|\n|t:|1776551359\n|move|p2b: Sneasler|Dire Claw|p1b: Obsidian\n|-resisted|p1b: Obsidian|1\n|-damage|p1b: Obsidian|68/100\n|move|p2a: Whimsicott|Moonblast|p1a: Nuumite\n|-resisted|p1a: Nuumite|1\n|-damage|p1a: Nuumite|89/100\n|move|p1b: Obsidian|Bulk Up|p1b: Obsidian\n|-boost|p1b: Obsidian|atk|1\n|-boost|p1b: Obsidian|def|1\n|move|p1a: Nuumite|Brave Bird|p2b: Sneasler\n|-supereffective|p2b: Sneasler|1\n|-damage|p2b: Sneasler|0 fnt\n|faint|p2b: Sneasler\n|-damage|p1a: Nuumite|63/100|[from] Recoil\n|\n|upkeep\n|\n|t:|1776551371\n|switch|p2b: Tyranitar|Tyranitar, L50, M|100/100\n|-weather|Sandstorm|[from] ability: Sand Stream|[of] p2b: Tyranitar\n|turn|4\n|\n|t:|1776551381\n|move|p1b: Obsidian|Protect|p1b: Obsidian\n|-singleturn|p1b: Obsidian|Protect\n|move|p2a: Whimsicott|Moonblast|p1b: Obsidian\n|-activate|p1b: Obsidian|move: Protect\n|move|p2b: Tyranitar|Knock Off|p1b: Obsidian\n|-activate|p1b: Obsidian|move: Protect\n|move|p1a: Nuumite|Body Press|p2b: Tyranitar\n|-supereffective|p2b: Tyranitar|2\n|-damage|p2b: Tyranitar|0 fnt\n|faint|p2b: Tyranitar\n|\n|-weather|Sandstorm|[upkeep]\n|-damage|p2a: Whimsicott|95/100|[from] Sandstorm\n|-damage|p1b: Obsidian|62/100|[from] Sandstorm\n|-end|p2a: Whimsicott|move: Taunt\n|-sideend|p2: Ninjutsu7|move: Tailwind\n|upkeep\n|\n|t:|1776551384\n|switch|p2b: Excadrill|Excadrill, L50, F|100/100\n|turn|5\n|\n|t:|1776551401\n|move|p2a: Whimsicott|Encore|p1b: Obsidian\n|-start|p1b: Obsidian|Encore\n|move|p1b: Obsidian|Protect||[still]\n|-fail|p1b: Obsidian\n|move|p2b: Excadrill|Rock Slide|p1a: Nuumite|[spread] p1a,p1b\n|-supereffective|p1b: Obsidian|1\n|-damage|p1a: Nuumite|55/100\n|-damage|p1b: Obsidian|30/100\n|cant|p1a: Nuumite|flinch\n|\n|-weather|Sandstorm|[upkeep]\n|-damage|p2a: Whimsicott|89/100|[from] Sandstorm\n|-damage|p1b: Obsidian|24/100|[from] Sandstorm\n|upkeep\n|turn|6\n|\n|t:|1776551417\n|move|p1b: Obsidian|Protect|p1b: Obsidian\n|-singleturn|p1b: Obsidian|Protect\n|move|p2b: Excadrill|Rock Slide|p1b: Obsidian|[spread] p1a\n|-activate|p1b: Obsidian|move: Protect\n|-damage|p1a: Nuumite|47/100\n|move|p2a: Whimsicott|Moonblast|p1a: Nuumite\n|-resisted|p1a: Nuumite|1\n|-damage|p1a: Nuumite|37/100\n|move|p1a: Nuumite|Body Press|p2b: Excadrill\n|-supereffective|p2b: Excadrill|1\n|-damage|p2b: Excadrill|0 fnt\n|faint|p2b: Excadrill\n|\n|-weather|Sandstorm|[upkeep]\n|-damage|p2a: Whimsicott|83/100|[from] Sandstorm\n|-damage|p1b: Obsidian|18/100|[from] Sandstorm\n|upkeep\n|turn|7\n|c|\u2606Ninjutsu7|gg\n|-message|Ninjutsu7 forfeited.\n|\n|win|gonegeb\n|raw|gonegeb's rating: 1161 &rarr; <strong>1182</strong><br />(+21 for winning)\n|raw|Ninjutsu7's rating: 1109 &rarr; <strong>1088</strong><br />(-21 for losing)\n|l|\u2606Ninjutsu7\n|player|p2|\n",
  "uploadtime": 1776551434,
  "views": 11,
  "formatid": "gen9championsvgc2026regma",
  "rating": 1088,
  "private": 0,
  "password": null
}