{
  "id": "gen9championsvgc2026regma-2588938167",
  "format": "[Gen 9 Champions] VGC 2026 Reg M-A",
  "players": [
    "hitheredave",
    "henitusec"
  ],
  "log": "|j|\u2606hitheredave\n|j|\u2606henitusec\n|t:|1776687684\n|gametype|doubles\n|player|p1|hitheredave|elesa|1000\n|player|p2|henitusec|steven-masters|1055\n|gen|9\n|tier|[Gen 9 Champions] VGC 2026 Reg M-A\n|rated|\n|rule|Species Clause: Limit one of each Pok\u00e9mon\n|rule|Item Clause: Limit 1 of each item\n|clearpoke\n|poke|p1|Feraligatr, L50, F|\n|poke|p1|Sinistcha-Masterpiece, L50|\n|poke|p1|Talonflame, L50, F|\n|poke|p1|Sneasler, L50, F|\n|poke|p1|Gardevoir, L50, F|\n|poke|p1|Kingambit, L50, M|\n|poke|p2|Delphox, L50, F|\n|poke|p2|Basculegion, L50, M|\n|poke|p2|Clefable, L50, F|\n|poke|p2|Kingambit, L50, M|\n|poke|p2|Dragonite, L50, F|\n|poke|p2|Sneasler, L50, M|\n|teampreview|4\n|inactive|Battle timer is ON: inactive players will automatically lose when time's up. (requested by henitusec)\nhenitusec rejected open team sheets.\n|inactive|hitheredave has 60 seconds left.\n|\n|t:|1776687717\n|teamsize|p1|4\n|teamsize|p2|4\n|start\n|switch|p1a: Feraligatr|Feraligatr, L50, F|100/100\n|switch|p1b: Talonflame|Talonflame, L50, F|100/100\n|switch|p2a: Clefable|Clefable, L50, F|100/100\n|switch|p2b: Delphox|Delphox, L50, F|100/100\n|turn|1\n|inactive|henitusec has 30 seconds left.\n|inactive|henitusec has 20 seconds left.\n|inactive|henitusec has 15 seconds left.\n|\n|t:|1776687758\n|detailschange|p2b: Delphox|Delphox-Mega, L50, F\n|-mega|p2b: Delphox|Delphox|Delphoxite\n|detailschange|p1a: Feraligatr|Feraligatr-Mega, L50, F\n|-mega|p1a: Feraligatr|Feraligatr|Feraligite\n|move|p2a: Clefable|Follow Me|p2a: Clefable\n|-singleturn|p2a: Clefable|move: Follow Me\n|move|p1b: Talonflame|Tailwind|p1b: Talonflame\n|-sidestart|p1: hitheredave|move: Tailwind\n|move|p1a: Feraligatr|Liquidation|p2a: Clefable\n|-damage|p2a: Clefable|63/100\n|move|p2b: Delphox|Heat Wave|p1a: Feraligatr|[spread] p1a,p1b\n|-resisted|p1a: Feraligatr|2\n|-resisted|p1b: Talonflame|1\n|-damage|p1a: Feraligatr|90/100\n|-damage|p1b: Talonflame|70/100\n|\n|upkeep\n|turn|2\n|\n|t:|1776687778\n|move|p2a: Clefable|Follow Me|p2a: Clefable\n|-singleturn|p2a: Clefable|move: Follow Me\n|move|p1b: Talonflame|Brave Bird|p2a: Clefable\n|-damage|p2a: Clefable|29/100\n|-enditem|p2a: Clefable|Sitrus Berry|[eat]\n|-heal|p2a: Clefable|53/100|[from] item: Sitrus Berry\n|-damage|p1b: Talonflame|55/100|[from] Recoil\n|move|p1a: Feraligatr|Liquidation|p2a: Clefable\n|-damage|p2a: Clefable|16/100\n|move|p2b: Delphox|Psychic|p1b: Talonflame\n|-damage|p1b: Talonflame|0 fnt\n|faint|p1b: Talonflame\n|\n|upkeep\n|\n|t:|1776687794\n|switch|p1b: Sneasler|Sneasler, L50, F|100/100\n|turn|3\n|\n|t:|1776687800\n|move|p2b: Delphox|Protect|p2b: Delphox\n|-singleturn|p2b: Delphox|Protect\n|move|p2a: Clefable|Protect|p2a: Clefable\n|-singleturn|p2a: Clefable|Protect\n|move|p1b: Sneasler|Fake Out|p2a: Clefable\n|-activate|p2a: Clefable|move: Protect\n|move|p1a: Feraligatr|Liquidation|p2b: Delphox\n|-activate|p2b: Delphox|move: Protect\n|\n|upkeep\n|turn|4\n|\n|t:|1776687813\n|move|p2a: Clefable|Follow Me|p2a: Clefable\n|-singleturn|p2a: Clefable|move: Follow Me\n|move|p1b: Sneasler|Dire Claw|p2a: Clefable\n|-supereffective|p2a: Clefable|1\n|-crit|p2a: Clefable\n|-damage|p2a: Clefable|0 fnt\n|faint|p2a: Clefable\n|move|p1a: Feraligatr|Liquidation|p2b: Delphox\n|-supereffective|p2b: Delphox|1\n|-damage|p2b: Delphox|0 fnt\n|faint|p2b: Delphox\n|\n|-sideend|p1: hitheredave|move: Tailwind\n|upkeep\n|\n|t:|1776687822\n|switch|p2b: Basculegion|Basculegion, L50, M|100/100\n|switch|p2a: Sneasler|Sneasler, L50, M|100/100\n|turn|5\n|\n|t:|1776687845\n|move|p2a: Sneasler|Fake Out|p1a: Feraligatr\n|-damage|p1a: Feraligatr|78/100\n|move|p2b: Basculegion|Last Respects|p1a: Feraligatr\n|-damage|p1a: Feraligatr|0 fnt\n|faint|p1a: Feraligatr\n|move|p1b: Sneasler|Dire Claw|p2a: Sneasler\n|-resisted|p2a: Sneasler|1\n|-damage|p2a: Sneasler|60/100\n|\n|upkeep\n|\n|t:|1776687854\n|switch|p1a: Sinistcha|Sinistcha-Masterpiece, L50|100/100\n|turn|6\n|\n|t:|1776687868\n|move|p2b: Basculegion|Last Respects|p1b: Sneasler\n|-enditem|p1b: Sneasler|Focus Sash\n|-damage|p1b: Sneasler|1/100\n|move|p2a: Sneasler|Dire Claw|p1a: Sinistcha\n|-crit|p1a: Sinistcha\n|-damage|p1a: Sinistcha|44/100\n|-status|p1a: Sinistcha|par\n|-enditem|p1a: Sinistcha|Sitrus Berry|[eat]\n|-heal|p1a: Sinistcha|69/100 par|[from] item: Sitrus Berry\n|move|p1b: Sneasler|Dire Claw|p2b: Basculegion\n|-resisted|p2b: Basculegion|1\n|-damage|p2b: Basculegion|72/100\n|-status|p2b: Basculegion|psn\n|move|p1a: Sinistcha|Matcha Gotcha|p2b: Basculegion|[spread] p2a,p2b\n|-resisted|p2a: Sneasler|1\n|-supereffective|p2b: Basculegion|1\n|-damage|p2a: Sneasler|44/100\n|-heal|p1a: Sinistcha|76/100 par|[from] drain|[of] p2a: Sneasler\n|-damage|p2b: Basculegion|16/100 psn\n|-heal|p1a: Sinistcha|100/100 par|[from] drain|[of] p2b: Basculegion\n|-status|p2a: Sneasler|brn\n|\n|-damage|p2b: Basculegion|4/100 psn|[from] psn\n|-damage|p2a: Sneasler|38/100 brn|[from] brn\n|upkeep\n|turn|7\n|inactive|hitheredave has 30 seconds left.\n|\n|t:|1776687898\n|move|p2b: Basculegion|Last Respects|p1a: Sinistcha\n|-supereffective|p1a: Sinistcha|1\n|-damage|p1a: Sinistcha|0 fnt\n|faint|p1a: Sinistcha\n|move|p2a: Sneasler|Dire Claw|p1b: Sneasler\n|-resisted|p1b: Sneasler|1\n|-damage|p1b: Sneasler|0 fnt\n|faint|p1b: Sneasler\n|\n|win|henitusec\n|raw|hitheredave's rating: 1000 &rarr; <strong>1000</strong><br />(+0 for losing)\n|raw|henitusec's rating: 1055 &rarr; <strong>1082</strong><br />(+27 for winning)\n|l|\u2606hitheredave\n|player|p1|\n",
  "uploadtime": 1776687904,
  "views": 9,
  "formatid": "gen9championsvgc2026regma",
  "rating": 1000,
  "private": 0,
  "password": null
}