{
  "id": "gen9championsvgc2026regma-2586138841",
  "format": "[Gen 9 Champions] VGC 2026 Reg M-A",
  "players": [
    "VELA47",
    "AndreHero007"
  ],
  "log": "|j|\u203dVELA47\n|j|\u2606AndreHero007\n|t:|1776403845\n|gametype|doubles\n|player|p1|VELA47|lucas|1079\n|player|p2|AndreHero007|101|1094\n|gen|9\n|tier|[Gen 9 Champions] VGC 2026 Reg M-A\n|rated|\n|rule|Species Clause: Limit one of each Pok\u00e9mon\n|rule|Item Clause: Limit 1 of each item\n|clearpoke\n|poke|p1|Hawlucha, L50, M|\n|poke|p1|Excadrill, L50, M|\n|poke|p1|Tyranitar, L50, M|\n|poke|p1|Whimsicott, L50, F|\n|poke|p1|Incineroar, L50, M|\n|poke|p1|Clefable, L50, F|\n|poke|p2|Snorlax, L50, F|\n|poke|p2|Luxray, L50, F|\n|poke|p2|Clefable, L50, F|\n|poke|p2|Tyranitar, L50, F|\n|poke|p2|Corviknight, L50, F|\n|poke|p2|Ditto, L50|\n|teampreview|4\n|\n|t:|1776403875\n|teamsize|p1|4\n|teamsize|p2|4\n|start\n|switch|p1a: Hawlucha|Hawlucha, L50, M|100/100\n|switch|p1b: Excadrill|Excadrill, L50, M|100/100\n|switch|p2a: Snorlax|Snorlax, L50, F|100/100\n|switch|p2b: Tyranitar|Tyranitar, L50, F|100/100\n|-weather|Sandstorm|[from] ability: Sand Stream|[of] p2b: Tyranitar\n|turn|1\n|\n|t:|1776403910\n|detailschange|p1a: Hawlucha|Hawlucha-Mega, L50, M\n|-mega|p1a: Hawlucha|Hawlucha|Hawluchanite\n|move|p2b: Tyranitar|Rock Slide|p1b: Excadrill|[spread] p1a,p1b\n|-resisted|p1b: Excadrill|2\n|-damage|p1a: Hawlucha|71/100\n|-damage|p1b: Excadrill|91/100\n|move|p1a: Hawlucha|Entrainment|p1b: Excadrill\n|-ability|p1b: Excadrill|No Guard|Sand Force|[from] move: Entrainment|[of] p1a: Hawlucha\n|move|p1b: Excadrill|Horn Drill|p2b: Tyranitar\n|-damage|p2b: Tyranitar|0 fnt\n|faint|p2b: Tyranitar\n|-ohko\n|move|p2a: Snorlax|Body Slam|p1a: Hawlucha\n|-damage|p1a: Hawlucha|26/100\n|\n|-weather|Sandstorm|[upkeep]\n|-damage|p1a: Hawlucha|20/100|[from] Sandstorm\n|-damage|p2a: Snorlax|94/100|[from] Sandstorm\n|upkeep\n|\n|t:|1776403930\n|switch|p2b: Ditto|Ditto, L50|100/100\n|-transform|p2b: Ditto|p1a: Hawlucha|[from] ability: Imposter\n|turn|2\n|\n|t:|1776403952\n|move|p2b: Ditto|Protect|p2b: Ditto\n|-singleturn|p2b: Ditto|Protect\n|move|p1a: Hawlucha|Protect|p1a: Hawlucha\n|-singleturn|p1a: Hawlucha|Protect\n|move|p1b: Excadrill|Horn Drill|p2b: Ditto\n|-activate|p2b: Ditto|move: Protect\n|move|p2a: Snorlax|Body Slam|p1a: Hawlucha\n|-activate|p1a: Hawlucha|move: Protect\n|\n|-weather|Sandstorm|[upkeep]\n|-damage|p2b: Ditto|95/100|[from] Sandstorm\n|-damage|p1a: Hawlucha|14/100|[from] Sandstorm\n|-damage|p2a: Snorlax|88/100|[from] Sandstorm\n|upkeep\n|turn|3\n|\n|t:|1776403999\n|switch|p2b: Clefable|Clefable, L50, F|100/100\n|move|p1a: Hawlucha|High Jump Kick|p2a: Snorlax\n|-supereffective|p2a: Snorlax|1\n|-damage|p2a: Snorlax|8/100\n|-enditem|p2a: Snorlax|Sitrus Berry|[eat]\n|-heal|p2a: Snorlax|33/100|[from] item: Sitrus Berry\n|move|p1b: Excadrill|Horn Drill|p2b: Clefable\n|-damage|p2b: Clefable|0 fnt\n|-start|p1b: Excadrill|Attract|[from] ability: Cute Charm|[of] p2b: Clefable\n|faint|p2b: Clefable\n|-ohko\n|-end|p1b: Excadrill|Attract|[silent]\n|move|p2a: Snorlax|Body Slam|p1a: Hawlucha\n|-damage|p1a: Hawlucha|0 fnt\n|faint|p1a: Hawlucha\n|\n|-weather|Sandstorm|[upkeep]\n|-damage|p2a: Snorlax|27/100|[from] Sandstorm\n|upkeep\n|\n|t:|1776404023\n|switch|p1a: Whimsicott|Whimsicott, L50, F|100/100\n|switch|p2b: Ditto|Ditto, L50|95/100\n|-transform|p2b: Ditto|p1a: Whimsicott|[from] ability: Imposter\n|turn|4\n|\n|t:|1776404039\n|move|p1a: Whimsicott|Tailwind|p1a: Whimsicott\n|-sidestart|p1: VELA47|move: Tailwind\n|move|p2b: Ditto|Tailwind|p2b: Ditto\n|-sidestart|p2: AndreHero007|move: Tailwind\n|move|p1b: Excadrill|Horn Drill|p2b: Ditto\n|-damage|p2b: Ditto|0 fnt\n|faint|p2b: Ditto\n|-ohko\n|move|p2a: Snorlax|Rest|p2a: Snorlax\n|-status|p2a: Snorlax|slp|[from] move: Rest\n|-heal|p2a: Snorlax|100/100 slp|[silent]\n|\n|-weather|Sandstorm|[upkeep]\n|-damage|p1a: Whimsicott|95/100|[from] Sandstorm\n|-damage|p2a: Snorlax|94/100 slp|[from] Sandstorm\n|upkeep\n|turn|5\n|\n|t:|1776404057\n|move|p1a: Whimsicott|Moonblast|p2a: Snorlax\n|-damage|p2a: Snorlax|76/100 slp\n|move|p1b: Excadrill|Horn Drill|p2a: Snorlax\n|-damage|p2a: Snorlax|0 fnt\n|faint|p2a: Snorlax\n|-ohko\n|\n|win|VELA47\n|raw|VELA47's rating: 1079 &rarr; <strong>1108</strong><br />(+29 for winning)\n|raw|AndreHero007's rating: 1094 &rarr; <strong>1069</strong><br />(-25 for losing)\n|l|\u2606AndreHero007\n|player|p2|\n",
  "uploadtime": 1776404066,
  "views": 22,
  "formatid": "gen9championsvgc2026regma",
  "rating": 1069,
  "private": 0,
  "password": null
}