{
  "id": "gen9championsvgc2026regma-2588891569",
  "format": "[Gen 9 Champions] VGC 2026 Reg M-A",
  "players": [
    "potanco",
    "Zapdos79"
  ],
  "log": "|j|\u2606potanco\n|j|\u2606Zapdos79\n|t:|1776683036\n|gametype|doubles\n|player|p1|potanco|caitlin|1142\n|player|p2|Zapdos79|flannery|1223\n|gen|9\n|tier|[Gen 9 Champions] VGC 2026 Reg M-A\n|rated|\n|rule|Species Clause: Limit one of each Pok\u00e9mon\n|rule|Item Clause: Limit 1 of each item\n|clearpoke\n|poke|p1|Reuniclus, L50, M|\n|poke|p1|Maushold, L50|\n|poke|p1|Floette-Eternal, L50, F|\n|poke|p1|Aerodactyl, L50, F|\n|poke|p1|Sinistcha-Masterpiece, L50|\n|poke|p1|Scovillain, L50, F|\n|poke|p2|Tyranitar, L50, F|\n|poke|p2|Basculegion, L50, M|\n|poke|p2|Excadrill, L50, F|\n|poke|p2|Meganium, L50, M|\n|poke|p2|Farigiraf, L50, M|\n|poke|p2|Incineroar, L50, M|\n|teampreview|4\n|\n|t:|1776683126\n|teamsize|p1|4\n|teamsize|p2|4\n|start\n|switch|p1a: Floette|Floette-Eternal, L50, F|100/100\n|switch|p1b: Sinistcha|Sinistcha-Masterpiece, L50|100/100\n|switch|p2a: Tyranitar|Tyranitar, L50, F|100/100\n|switch|p2b: Incineroar|Incineroar, L50, M|100/100\n|-weather|Sandstorm|[from] ability: Sand Stream|[of] p2a: Tyranitar\n|-ability|p2b: Incineroar|Intimidate|boost\n|-unboost|p1a: Floette|atk|1\n|-block|p1b: Sinistcha|ability: Flower Veil|[of] p1a: Floette\n|turn|1\n|inactive|Battle timer is ON: inactive players will automatically lose when time's up. (requested by Zapdos79)\n|\n|t:|1776683159\n|detailschange|p1a: Floette|Floette-Mega, L50, F\n|-mega|p1a: Floette|Floette|Floettite\n|-ability|p1a: Floette|Fairy Aura\n|move|p1a: Floette|Protect|p1a: Floette\n|-singleturn|p1a: Floette|Protect\n|move|p2a: Tyranitar|Knock Off|p1b: Sinistcha\n|-supereffective|p1b: Sinistcha|1\n|-damage|p1b: Sinistcha|5/100\n|-enditem|p1b: Sinistcha|Occa Berry|[from] move: Knock Off|[of] p2a: Tyranitar\n|move|p1b: Sinistcha|Matcha Gotcha|p2b: Incineroar|[spread] p2a,p2b\n|-supereffective|p2a: Tyranitar|1\n|-resisted|p2b: Incineroar|1\n|-damage|p2a: Tyranitar|59/100\n|-heal|p1b: Sinistcha|30/100|[from] drain|[of] p2a: Tyranitar\n|-damage|p2b: Incineroar|86/100\n|-heal|p1b: Sinistcha|40/100|[from] drain|[of] p2b: Incineroar\n|move|p2b: Incineroar|Parting Shot|p1a: Floette\n|-activate|p1a: Floette|move: Protect\n|\n|-weather|Sandstorm|[upkeep]\n|-damage|p1a: Floette|95/100|[from] Sandstorm\n|-damage|p1b: Sinistcha|34/100|[from] Sandstorm\n|-damage|p2b: Incineroar|80/100|[from] Sandstorm\n|upkeep\n|turn|2\n|inactive|Zapdos79 has 30 seconds left.\n|\n|t:|1776683189\n|move|p1a: Floette|Dazzling Gleam|p2a: Tyranitar|[spread] p2a,p2b\n|-supereffective|p2a: Tyranitar|1\n|-damage|p2a: Tyranitar|0 fnt\n|-damage|p2b: Incineroar|28/100\n|-enditem|p2b: Incineroar|Sitrus Berry|[eat]\n|-heal|p2b: Incineroar|52/100|[from] item: Sitrus Berry\n|faint|p2a: Tyranitar\n|move|p1b: Sinistcha|Life Dew|p1b: Sinistcha|[spread] p1a,p1b\n|-heal|p1a: Floette|100/100\n|-heal|p1b: Sinistcha|59/100\n|move|p2b: Incineroar|Flare Blitz|p1a: Floette\n|-damage|p1a: Floette|10/100\n|-damage|p2b: Incineroar|30/100|[from] Recoil\n|\n|-weather|Sandstorm|[upkeep]\n|-damage|p1a: Floette|4/100|[from] Sandstorm\n|-damage|p1b: Sinistcha|53/100|[from] Sandstorm\n|-damage|p2b: Incineroar|24/100|[from] Sandstorm\n|upkeep\n|\n|t:|1776683203\n|switch|p2a: Meganium|Meganium, L50, M|100/100\n|turn|3\n|\n|t:|1776683225\n|switch|p1a: Aerodactyl|Aerodactyl, L50, F|100/100\n|-ability|p1a: Aerodactyl|Unnerve\n|switch|p2b: Excadrill|Excadrill, L50, F|100/100\n|detailschange|p2a: Meganium|Meganium-Mega, L50, M\n|-mega|p2a: Meganium|Meganium|Meganiumite\n|move|p2a: Meganium|Weather Ball|p1b: Sinistcha\n|-supereffective|p1b: Sinistcha|1\n|-damage|p1b: Sinistcha|0 fnt\n|faint|p1b: Sinistcha\n|\n|-weather|Sandstorm|[upkeep]\n|-damage|p2a: Meganium|95/100|[from] Sandstorm\n|upkeep\n|\n|t:|1776683238\n|switch|p1b: Floette|Floette-Mega, L50, F|4/100\n|-ability|p1b: Floette|Fairy Aura\n|turn|4\n|inactive|Zapdos79 has 30 seconds left.\n|\n|t:|1776683269\n|switch|p1b: Maushold|Maushold, L50|100/100\n|move|p2b: Excadrill|Rock Slide|p1b: Maushold|[spread] p1a\n|-miss|p2b: Excadrill|p1b: Maushold\n|-supereffective|p1a: Aerodactyl|1\n|-damage|p1a: Aerodactyl|53/100\n|move|p1a: Aerodactyl|Tailwind|p1a: Aerodactyl\n|-sidestart|p1: potanco|move: Tailwind\n|move|p2a: Meganium|Dazzling Gleam|p1a: Aerodactyl|[spread] p1a,p1b\n|-crit|p1b: Maushold\n|-damage|p1a: Aerodactyl|13/100\n|-damage|p1b: Maushold|16/100\n|\n|-weather|Sandstorm|[upkeep]\n|-damage|p1b: Maushold|10/100|[from] Sandstorm\n|-damage|p2a: Meganium|89/100|[from] Sandstorm\n|upkeep\n|turn|5\n|inactive|Zapdos79 has 30 seconds left.\n|\n|t:|1776683297\n|move|p1b: Maushold|Protect|p1b: Maushold\n|-singleturn|p1b: Maushold|Protect\n|move|p1a: Aerodactyl|Dual Wingbeat|p2b: Excadrill\n|-resisted|p2b: Excadrill|1\n|-damage|p2b: Excadrill|87/100\n|-resisted|p2b: Excadrill|1\n|-damage|p2b: Excadrill|74/100\n|-hitcount|p2b: Excadrill|2\n|move|p2b: Excadrill|Iron Head|p1b: Maushold\n|-activate|p1b: Maushold|move: Protect\n|move|p2a: Meganium|Dazzling Gleam|p1a: Aerodactyl|[spread] p1a\n|-activate|p1b: Maushold|move: Protect\n|-damage|p1a: Aerodactyl|0 fnt\n|faint|p1a: Aerodactyl\n|\n|-weather|none\n|upkeep\n|\n|t:|1776683309\n|switch|p1a: Floette|Floette-Mega, L50, F|4/100\n|-ability|p1a: Floette|Fairy Aura\n|turn|6\n|\n|t:|1776683319\n|switch|p2b: Incineroar|Incineroar, L50, M|24/100\n|-ability|p2b: Incineroar|Intimidate|boost\n|-unboost|p1a: Floette|atk|1\n|-unboost|p1b: Maushold|atk|1\n|move|p1b: Maushold|Follow Me|p1b: Maushold\n|-singleturn|p1b: Maushold|move: Follow Me\n|move|p1a: Floette|Dazzling Gleam|p2a: Meganium|[spread] p2a,p2b\n|-damage|p2a: Meganium|36/100\n|-damage|p2b: Incineroar|0 fnt\n|faint|p2b: Incineroar\n|move|p2a: Meganium|Dazzling Gleam|p1a: Floette|[spread] p1a,p1b\n|-damage|p1a: Floette|0 fnt\n|-damage|p1b: Maushold|0 fnt\n|faint|p1a: Floette\n|faint|p1b: Maushold\n|\n|win|Zapdos79\n|raw|potanco's rating: 1142 &rarr; <strong>1123</strong><br />(-19 for losing)\n|raw|Zapdos79's rating: 1223 &rarr; <strong>1242</strong><br />(+19 for winning)\n|c|\u2606Zapdos79|gg\n",
  "uploadtime": 1776683333,
  "views": 9,
  "formatid": "gen9championsvgc2026regma",
  "rating": 1123,
  "private": 0,
  "password": null
}