{
  "id": "gen9championsvgc2026regma-2581385692",
  "format": "[Gen 9 Champions] VGC 2026 Reg M-A",
  "players": [
    "Mr shoey",
    "DXDirectorscut"
  ],
  "log": "|j|\u2606Mr shoey\n|j|\u2606DXDirectorscut\n|t:|1775994727\n|gametype|doubles\n|player|p1|Mr shoey|169|1188\n|player|p2|DXDirectorscut|skyla|1221\n|gen|9\n|tier|[Gen 9 Champions] VGC 2026 Reg M-A\n|rated|\n|rule|Species Clause: Limit one of each Pok\u00e9mon\n|rule|Item Clause: Limit 1 of each item\n|clearpoke\n|poke|p1|Floette-Eternal, L50, F|\n|poke|p1|Sinistcha, L50|\n|poke|p1|Kingambit, L50, M|\n|poke|p1|Milotic, L50, F|\n|poke|p1|Whimsicott, L50, F|\n|poke|p1|Delphox, L50, F|\n|poke|p2|Sneasler, L50, F|\n|poke|p2|Whimsicott, L50, M|\n|poke|p2|Floette-Eternal, L50, F|\n|poke|p2|Garchomp, L50, M|\n|poke|p2|Chandelure, L50, M|\n|poke|p2|Farigiraf, L50, M|\n|teampreview|4\n|inactive|Battle timer is ON: inactive players will automatically lose when time's up. (requested by Mr shoey)\n|inactive|Mr shoey has 60 seconds left.\n|\n|t:|1775994772\n|teamsize|p1|4\n|teamsize|p2|4\n|start\n|switch|p1a: Delphox|Delphox, L50, F|100/100\n|switch|p1b: Milotic|Milotic, L50, F|100/100\n|switch|p2a: Whimsicott|Whimsicott, L50, M|100/100\n|switch|p2b: Sneasler|Sneasler, L50, F|100/100\n|turn|1\n|\n|t:|1775994797\n|detailschange|p1a: Delphox|Delphox-Mega, L50, F\n|-mega|p1a: Delphox|Delphox|Delphoxite\n|move|p2a: Whimsicott|Tailwind|p2a: Whimsicott\n|-sidestart|p2: DXDirectorscut|move: Tailwind\n|move|p2b: Sneasler|U-turn|p1a: Delphox\n|-crit|p1a: Delphox\n|-damage|p1a: Delphox|43/100\n|\n|t:|1775994810\n|switch|p2b: Garchomp|Garchomp, L50, M|100/100|[from] U-turn\n|move|p1a: Delphox|Heat Wave|p2a: Whimsicott|[spread] p2b\n|-miss|p1a: Delphox|p2a: Whimsicott\n|-resisted|p2b: Garchomp|1\n|-damage|p2b: Garchomp|77/100\n|-status|p2b: Garchomp|brn\n|move|p1b: Milotic|Icy Wind|p2a: Whimsicott|[spread] p2a,p2b\n|-supereffective|p2a: Whimsicott|1\n|-supereffective|p2b: Garchomp|2\n|-damage|p2a: Whimsicott|73/100\n|-damage|p2b: Garchomp|34/100 brn\n|-unboost|p2a: Whimsicott|spe|1\n|-unboost|p2b: Garchomp|spe|1\n|\n|-damage|p2b: Garchomp|28/100 brn|[from] brn\n|upkeep\n|turn|2\n|\n|t:|1775994832\n|move|p1a: Delphox|Protect|p1a: Delphox\n|-singleturn|p1a: Delphox|Protect\n|move|p2b: Garchomp|Dragon Claw|p1a: Delphox\n|-activate|p1a: Delphox|move: Protect\n|move|p2a: Whimsicott|Dazzling Gleam|p1b: Milotic|[spread] p1b\n|-activate|p1a: Delphox|move: Protect\n|-damage|p1b: Milotic|82/100\n|move|p1b: Milotic|Icy Wind|p2b: Garchomp|[spread] p2a,p2b\n|-supereffective|p2a: Whimsicott|1\n|-supereffective|p2b: Garchomp|2\n|-damage|p2a: Whimsicott|44/100\n|-damage|p2b: Garchomp|0 fnt\n|-unboost|p2a: Whimsicott|spe|1\n|faint|p2b: Garchomp\n|\n|-heal|p1b: Milotic|88/100|[from] item: Leftovers\n|upkeep\n|\n|t:|1775994848\n|switch|p2b: Floette|Floette-Eternal, L50, F|100/100\n|turn|3\n|\n|t:|1775994858\n|switch|p1a: Sinistcha|Sinistcha, L50|100/100\n|-heal|p1b: Milotic|100/100|[from] ability: Hospitality|[of] p1a: Sinistcha\n|detailschange|p2b: Floette|Floette-Mega, L50, F\n|-mega|p2b: Floette|Floette|Floettite\n|-ability|p2b: Floette|Fairy Aura\n|move|p2a: Whimsicott|Protect|p2a: Whimsicott\n|-singleturn|p2a: Whimsicott|Protect\n|move|p2b: Floette|Dazzling Gleam|p1b: Milotic|[spread] p1a,p1b\n|-damage|p1a: Sinistcha|56/100\n|-damage|p1b: Milotic|66/100\n|move|p1b: Milotic|Icy Wind|p2b: Floette|[spread] p2b\n|-activate|p2a: Whimsicott|move: Protect\n|-damage|p2b: Floette|92/100\n|-unboost|p2b: Floette|spe|1\n|\n|-heal|p1b: Milotic|72/100|[from] item: Leftovers\n|upkeep\n|turn|4\n|inactive|DXDirectorscut has 30 seconds left.\n|\n|t:|1775994889\n|switch|p2a: Sneasler|Sneasler, L50, F|100/100\n|move|p2b: Floette|Dazzling Gleam|p1a: Sinistcha|[spread] p1a,p1b\n|-damage|p1a: Sinistcha|5/100\n|-damage|p1b: Milotic|35/100\n|-enditem|p1a: Sinistcha|Sitrus Berry|[eat]\n|-heal|p1a: Sinistcha|30/100|[from] item: Sitrus Berry\n|move|p1b: Milotic|Icy Wind|p2a: Sneasler|[spread] p2a,p2b\n|-damage|p2a: Sneasler|87/100\n|-damage|p2b: Floette|83/100\n|-unboost|p2a: Sneasler|spe|1\n|-unboost|p2b: Floette|spe|1\n|move|p1a: Sinistcha|Matcha Gotcha|p2b: Floette|[spread] p2a\n|-miss|p1a: Sinistcha|p2b: Floette\n|-resisted|p2a: Sneasler|1\n|-damage|p2a: Sneasler|70/100\n|-heal|p1a: Sinistcha|38/100|[from] drain|[of] p2a: Sneasler\n|-status|p2a: Sneasler|brn\n|\n|-heal|p1b: Milotic|41/100|[from] item: Leftovers\n|-damage|p2a: Sneasler|64/100 brn|[from] brn\n|-sideend|p2: DXDirectorscut|move: Tailwind\n|upkeep\n|turn|5\n|inactive|Mr shoey has 30 seconds left.\n|inactive|DXDirectorscut has 30 seconds left.\n|\n|t:|1775994921\n|move|p2a: Sneasler|U-turn|p1a: Sinistcha\n|-damage|p1a: Sinistcha|26/100\n|\n|t:|1775994923\n|switch|p2a: Whimsicott|Whimsicott, L50, M|44/100|[from] U-turn\n|move|p1b: Milotic|Icy Wind|p2b: Floette|[spread] p2a,p2b\n|-supereffective|p2a: Whimsicott|1\n|-damage|p2a: Whimsicott|18/100\n|-damage|p2b: Floette|74/100\n|-unboost|p2a: Whimsicott|spe|1\n|-unboost|p2b: Floette|spe|1\n|move|p1a: Sinistcha|Life Dew|p1a: Sinistcha|[spread] p1a,p1b\n|-heal|p1a: Sinistcha|51/100\n|-heal|p1b: Milotic|66/100\n|move|p2b: Floette|Dazzling Gleam|p1b: Milotic|[spread] p1a,p1b\n|-damage|p1a: Sinistcha|0 fnt\n|-damage|p1b: Milotic|27/100\n|faint|p1a: Sinistcha\n|\n|-heal|p1b: Milotic|33/100|[from] item: Leftovers\n|upkeep\n|\n|t:|1775994939\n|switch|p1a: Delphox|Delphox-Mega, L50, F|43/100\n|turn|6\n|\n|t:|1775994951\n|switch|p2b: Sneasler|Sneasler, L50, F|64/100 brn\n|move|p2a: Whimsicott|Tailwind|p2a: Whimsicott\n|-sidestart|p2: DXDirectorscut|move: Tailwind\n|move|p1a: Delphox|Heat Wave|p2b: Sneasler|[spread] p2a,p2b\n|-supereffective|p2a: Whimsicott|1\n|-damage|p2a: Whimsicott|0 fnt\n|-damage|p2b: Sneasler|10/100 brn\n|faint|p2a: Whimsicott\n|move|p1b: Milotic|Life Dew|p1b: Milotic|[spread] p1a,p1b\n|-heal|p1a: Delphox|68/100\n|-heal|p1b: Milotic|58/100\n|\n|-heal|p1b: Milotic|64/100|[from] item: Leftovers\n|-damage|p2b: Sneasler|4/100 brn|[from] brn\n|upkeep\n|\n|t:|1775994965\n|switch|p2a: Floette|Floette-Mega, L50, F|74/100\n|-ability|p2a: Floette|Fairy Aura\n|turn|7\n|\n|t:|1775994979\n|move|p1a: Delphox|Protect|p1a: Delphox\n|-singleturn|p1a: Delphox|Protect\n|move|p1b: Milotic|Protect|p1b: Milotic\n|-singleturn|p1b: Milotic|Protect\n|move|p2b: Sneasler|Close Combat|p1a: Delphox\n|-activate|p1a: Delphox|move: Protect\n|move|p2a: Floette|Dazzling Gleam|p1a: Delphox|[spread] \n|-activate|p1a: Delphox|move: Protect\n|-activate|p1b: Milotic|move: Protect\n|\n|-heal|p1b: Milotic|70/100|[from] item: Leftovers\n|-damage|p2b: Sneasler|0 fnt|[from] brn\n|faint|p2b: Sneasler\n|upkeep\n|turn|8\n|\n|t:|1775994994\n|switch|p1a: Floette|Floette-Eternal, L50, F|100/100\n|move|p2a: Floette|Draining Kiss|p1b: Milotic\n|-crit|p1b: Milotic\n|-damage|p1b: Milotic|21/100\n|-heal|p2a: Floette|100/100|[from] drain|[of] p1b: Milotic\n|move|p1b: Milotic|Icy Wind|p2a: Floette\n|-damage|p2a: Floette|88/100\n|-unboost|p2a: Floette|spe|1\n|\n|-heal|p1b: Milotic|27/100|[from] item: Leftovers\n|upkeep\n|turn|9\n|\n|t:|1775995007\n|move|p1b: Milotic|Protect|p1b: Milotic\n|-singleturn|p1b: Milotic|Protect\n|move|p2a: Floette|Draining Kiss|p1b: Milotic\n|-activate|p1b: Milotic|move: Protect\n|move|p1a: Floette|Calm Mind|p1a: Floette\n|-boost|p1a: Floette|spa|1\n|-boost|p1a: Floette|spd|1\n|\n|-heal|p1b: Milotic|33/100|[from] item: Leftovers\n|-sideend|p2: DXDirectorscut|move: Tailwind\n|upkeep\n|turn|10\n|-message|DXDirectorscut forfeited.\n|\n|win|Mr shoey\n|raw|Mr shoey's rating: 1188 &rarr; <strong>1215</strong><br />(+27 for winning)\n|raw|DXDirectorscut's rating: 1221 &rarr; <strong>1194</strong><br />(-27 for losing)\n|l|\u2606DXDirectorscut\n|player|p2|\n",
  "uploadtime": 1775995030,
  "views": 33,
  "formatid": "gen9championsvgc2026regma",
  "rating": 1194,
  "private": 0,
  "password": null
}