{
  "id": "gen9championsvgc2026regma-2587934759",
  "format": "[Gen 9 Champions] VGC 2026 Reg M-A",
  "players": [
    "sockperson",
    "vincy18"
  ],
  "log": "|j|\u2606sockperson\n|j|\u2606vincy18\n|t:|1776581297\n|gametype|doubles\n|player|p1|sockperson|barry|1412\n|player|p2|vincy18|will|1477\n|gen|9\n|tier|[Gen 9 Champions] VGC 2026 Reg M-A\n|rated|\n|rule|Species Clause: Limit one of each Pok\u00e9mon\n|rule|Item Clause: Limit 1 of each item\n|clearpoke\n|poke|p1|Vaporeon, L50, F|\n|poke|p1|Jolteon, L50, F|\n|poke|p1|Flareon, L50, M|\n|poke|p1|Espeon, L50, M|\n|poke|p1|Umbreon, L50, F|\n|poke|p1|Sylveon, L50, M|\n|poke|p2|Delphox, L50, F|\n|poke|p2|Milotic, L50, M|\n|poke|p2|Incineroar, L50, M|\n|poke|p2|Sinistcha, L50|\n|poke|p2|Sneasler, L50, F|\n|poke|p2|Kingambit, L50, M|\n|teampreview|4\n|inactive|Battle timer is ON: inactive players will automatically lose when time's up. (requested by vincy18)\nvincy18 has agreed to open team sheets.\n|inactive|vincy18 has 60 seconds left.\n|inactive|vincy18 has 30 seconds left.\n|\n|t:|1776581367\n|teamsize|p1|4\n|teamsize|p2|4\n|start\n|switch|p1a: Espeon|Espeon, L50, M|100/100\n|switch|p1b: Vaporeon|Vaporeon, L50, F|100/100\n|switch|p2a: Sneasler|Sneasler, L50, F|100/100\n|switch|p2b: Delphox|Delphox, L50, F|100/100\n|turn|1\n|\n|t:|1776581385\n|switch|p2a: Kingambit|Kingambit, L50, M|100/100\n|detailschange|p2b: Delphox|Delphox-Mega, L50, F\n|-mega|p2b: Delphox|Delphox|Delphoxite\n|move|p2b: Delphox|Nasty Plot|p2b: Delphox\n|-boost|p2b: Delphox|spa|2\n|move|p1b: Vaporeon|Scald|p2b: Delphox\n|-supereffective|p2b: Delphox|1\n|-damage|p2b: Delphox|50/100\n|move|p1a: Espeon|Trick Room|p1a: Espeon\n|-fieldstart|move: Trick Room|[of] p1a: Espeon\n|\n|upkeep\n|turn|2\n|\n|t:|1776581401\n|move|p1a: Espeon|Detect|p1a: Espeon\n|-singleturn|p1a: Espeon|Protect\n|move|p2b: Delphox|Protect|p2b: Delphox\n|-singleturn|p2b: Delphox|Protect\n|move|p2a: Kingambit|Kowtow Cleave|p1b: Vaporeon\n|-damage|p1b: Vaporeon|61/100\n|move|p1b: Vaporeon|Yawn|p2a: Kingambit\n|-start|p2a: Kingambit|move: Yawn|[of] p1b: Vaporeon\n|\n|upkeep\n|turn|3\n|\n|t:|1776581421\n|switch|p2a: Sinistcha|Sinistcha, L50|100/100\n|-heal|p2b: Delphox|75/100|[from] ability: Hospitality|[of] p2a: Sinistcha\n|switch|p1a: Umbreon|Umbreon, L50, F|100/100\n|move|p1b: Vaporeon|Scald|p2b: Delphox\n|-supereffective|p2b: Delphox|1\n|-damage|p2b: Delphox|23/100\n|move|p2b: Delphox|Psychic|p1b: Vaporeon\n|-damage|p1b: Vaporeon|0 fnt\n|faint|p1b: Vaporeon\n|\n|upkeep\n|\n|t:|1776581424\n|switch|p1b: Sylveon|Sylveon, L50, M|100/100\n|turn|4\n|\n|t:|1776581439\n|move|p2b: Delphox|Protect|p2b: Delphox\n|-singleturn|p2b: Delphox|Protect\n|move|p1b: Sylveon|Hyper Voice|p2a: Sinistcha|[spread] p2a\n|-activate|p2b: Delphox|move: Protect\n|-damage|p2a: Sinistcha|50/100\n|move|p1a: Umbreon|Snarl|p2a: Sinistcha|[spread] p2a\n|-activate|p2b: Delphox|move: Protect\n|-supereffective|p2a: Sinistcha|1\n|-damage|p2a: Sinistcha|26/100\n|-unboost|p2a: Sinistcha|spa|1\n|move|p2a: Sinistcha|Matcha Gotcha|p1a: Umbreon|[spread] p1a,p1b\n|-damage|p1a: Umbreon|89/100\n|-heal|p2a: Sinistcha|33/100|[from] drain|[of] p1a: Umbreon\n|-damage|p1b: Sylveon|89/100\n|-heal|p2a: Sinistcha|40/100|[from] drain|[of] p1b: Sylveon\n|-status|p1b: Sylveon|brn\n|\n|-heal|p1a: Umbreon|95/100|[from] item: Leftovers\n|-damage|p1b: Sylveon|83/100 brn|[from] brn\n|upkeep\n|turn|5\n|j| ShenKeNO13\n|\n|t:|1776581459\n|switch|p2b: Sneasler|Sneasler, L50, F|100/100\n|move|p1b: Sylveon|Hyper Voice|p2b: Sneasler|[spread] p2a,p2b\n|-damage|p2a: Sinistcha|0 fnt\n|-damage|p2b: Sneasler|49/100\n|faint|p2a: Sinistcha\n|move|p1a: Umbreon|Snarl|p2b: Sneasler\n|-resisted|p2b: Sneasler|1\n|-damage|p2b: Sneasler|41/100\n|-unboost|p2b: Sneasler|spa|1\n|-enditem|p2b: Sneasler|White Herb\n|-clearnegativeboost|p2b: Sneasler|[silent]\n|\n|-heal|p1a: Umbreon|100/100|[from] item: Leftovers\n|-damage|p1b: Sylveon|77/100 brn|[from] brn\n|-fieldend|move: Trick Room\n|upkeep\n|\n|t:|1776581468\n|switch|p2a: Kingambit|Kingambit, L50, M|100/100\n|turn|6\n|\n|t:|1776581486\n|move|p2b: Sneasler|Dire Claw|p1b: Sylveon\n|-supereffective|p1b: Sylveon|1\n|-damage|p1b: Sylveon|0 fnt\n|faint|p1b: Sylveon\n|move|p1a: Umbreon|Foul Play|p2b: Sneasler\n|-resisted|p2b: Sneasler|1\n|-damage|p2b: Sneasler|12/100\n|move|p2a: Kingambit|Kowtow Cleave|p1a: Umbreon\n|-resisted|p1a: Umbreon|1\n|-damage|p1a: Umbreon|85/100\n|\n|-heal|p1a: Umbreon|91/100|[from] item: Leftovers\n|upkeep\n|\n|t:|1776581489\n|switch|p1b: Espeon|Espeon, L50, M|100/100\n|turn|7\n|\n|t:|1776581503\n|move|p2a: Kingambit|Sucker Punch|p1b: Espeon\n|-supereffective|p1b: Espeon|1\n|-enditem|p1b: Espeon|Colbur Berry|[eat]\n|-enditem|p1b: Espeon|Colbur Berry|[weaken]\n|-damage|p1b: Espeon|58/100\n|move|p2b: Sneasler|Close Combat|p1a: Umbreon\n|-supereffective|p1a: Umbreon|1\n|-damage|p1a: Umbreon|16/100\n|-unboost|p2b: Sneasler|def|1\n|-unboost|p2b: Sneasler|spd|1\n|move|p1b: Espeon|Psyshock|p2b: Sneasler\n|-supereffective|p2b: Sneasler|2\n|-damage|p2b: Sneasler|0 fnt\n|faint|p2b: Sneasler\n|move|p1a: Umbreon|Yawn|p2a: Kingambit\n|-start|p2a: Kingambit|move: Yawn|[of] p1a: Umbreon\n|\n|-heal|p1a: Umbreon|22/100|[from] item: Leftovers\n|upkeep\n|\n|t:|1776581510\n|switch|p2b: Delphox|Delphox-Mega, L50, F|23/100\n|turn|8\n|\n|t:|1776581514\n|move|p1b: Espeon|Detect|p1b: Espeon\n|-singleturn|p1b: Espeon|Protect\n|move|p2a: Kingambit|Sucker Punch||[still]\n|-fail|p2a: Kingambit\n|move|p2b: Delphox|Heat Wave|p1a: Umbreon|[spread] p1a\n|-activate|p1b: Espeon|move: Protect\n|-damage|p1a: Umbreon|0 fnt\n|faint|p1a: Umbreon\n|\n|-end|p2a: Kingambit|move: Yawn|[silent]\n|-status|p2a: Kingambit|slp\n|upkeep\n|turn|9\n|l| ShenKeNO13\n|-message|sockperson forfeited.\n|\n|win|vincy18\n|raw|sockperson's rating: 1412 &rarr; <strong>1396</strong><br />(-16 for losing)\n|raw|vincy18's rating: 1477 &rarr; <strong>1493</strong><br />(+16 for winning)\n|l|\u2606sockperson\n|player|p1|\n|l|\u2606vincy18\n|player|p2|\n",
  "uploadtime": 1776581529,
  "views": 13,
  "formatid": "gen9championsvgc2026regma",
  "rating": 1396,
  "private": 0,
  "password": null
}