{
  "id": "gen9championsvgc2026regma-2581008782",
  "format": "[Gen 9 Champions] VGC 2026 Reg M-A",
  "players": [
    "aloevm",
    "CowboyMini"
  ],
  "log": "|j|\u2606aloevm\n|j|\u2606CowboyMini\n|html|<table width=\"100%\"><tr><td align=\"left\">aloevm</td><td align=\"right\">CowboyMini</tr><tr><td align=\"left\"><i class=\"fa fa-circle\"></i> <i class=\"fa fa-circle-o\"></i> </td><td align=\"right\"><i class=\"fa fa-circle-o\"></i> <i class=\"fa fa-circle-o\"></i> </tr></table>\n|uhtml|bestof|<h2><strong>Game 2</strong> of <a href=\"/game-bestof3-gen9championsvgc2026regma-2581005857\">a best-of-3</a></h2>\n|t:|1775951278\n|gametype|doubles\n|player|p1|aloevm|101|\n|player|p2|CowboyMini|idol|\n|gen|9\n|tier|[Gen 9 Champions] VGC 2026 Reg M-A\n|rule|Species Clause: Limit one of each Pok\u00e9mon\n|rule|Item Clause: Limit 1 of each item\n|raw|<div class=\"infobox\"><details class=\"readmore\" open><summary><strong>1 custom rule:</strong></summary> Best of = 3</details></div>\n|clearpoke\n|poke|p1|Incineroar, L50, M|\n|poke|p1|Gengar, L50, F|\n|poke|p1|Sinistcha, L50|\n|poke|p1|Kingambit, L50, F|\n|poke|p1|Tyranitar, L50, M|\n|poke|p1|Kommo-o, L50, M|\n|poke|p2|Kangaskhan, L50, F|\n|poke|p2|Sinistcha, L50|\n|poke|p2|Garchomp, L50, F|\n|poke|p2|Rotom-Wash, L50|\n|poke|p2|Lucario, L50, F|\n|poke|p2|Incineroar, L50, M|\n|teampreview|4\nCowboyMini has agreed to open team sheets.\n|\n|t:|1775951302\n|teamsize|p1|4\n|teamsize|p2|4\n|start\n|switch|p1a: Incineroar|Incineroar, L50, M|100/100\n|switch|p1b: Gengar|Gengar, L50, F|100/100\n|switch|p2a: Mama Roach|Kangaskhan, L50, F, shiny|100/100\n|switch|p2b: Big Chomp|Garchomp, L50, F|100/100\n|-ability|p1a: Incineroar|Intimidate|boost\n|-fail|p2a: Mama Roach|unboost|Attack|[from] ability: Scrappy|[of] p2a: Mama Roach\n|-unboost|p2b: Big Chomp|atk|1\n|-enditem|p2b: Big Chomp|White Herb\n|-clearnegativeboost|p2b: Big Chomp|[silent]\n|turn|1\n|\n|t:|1775951317\n|detailschange|p1b: Gengar|Gengar-Mega, L50, F\n|-mega|p1b: Gengar|Gengar|Gengarite\n|move|p2a: Mama Roach|Fake Out|p1b: Gengar\n|-damage|p1b: Gengar|78/100\n|move|p1a: Incineroar|Fake Out|p2b: Big Chomp\n|-damage|p2b: Big Chomp|90/100\n|-damage|p1a: Incineroar|88/100|[from] ability: Rough Skin|[of] p2b: Big Chomp\n|cant|p1b: Gengar|flinch\n|cant|p2b: Big Chomp|flinch\n|\n|upkeep\n|turn|2\n|\n|t:|1775951343\n|switch|p1a: Tyranitar|Tyranitar, L50, M|100/100\n|-weather|Sandstorm|[from] ability: Sand Stream|[of] p1a: Tyranitar\n|move|p1b: Gengar|Protect|p1b: Gengar\n|-singleturn|p1b: Gengar|Protect\n|move|p2b: Big Chomp|Rock Slide|p1b: Gengar|[spread] p1a\n|-activate|p1b: Gengar|move: Protect\n|-damage|p1a: Tyranitar|81/100\n|move|p2a: Mama Roach|Last Resort|p1b: Gengar\n|-activate|p1b: Gengar|move: Protect\n|\n|-weather|Sandstorm|[upkeep]\n|-damage|p1b: Gengar|72/100|[from] Sandstorm\n|-damage|p2a: Mama Roach|95/100|[from] Sandstorm\n|upkeep\n|turn|3\n|\n|t:|1775951364\n|switch|p1b: Incineroar|Incineroar, L50, M|88/100\n|-ability|p1b: Incineroar|Intimidate|boost\n|-fail|p2a: Mama Roach|unboost|Attack|[from] ability: Scrappy|[of] p2a: Mama Roach\n|-unboost|p2b: Big Chomp|atk|1\n|move|p1a: Tyranitar|Ice Punch|p2b: Big Chomp\n|-supereffective|p2b: Big Chomp|2\n|-damage|p2b: Big Chomp|0 fnt\n|-damage|p1a: Tyranitar|69/100|[from] ability: Rough Skin|[of] p2b: Big Chomp\n|faint|p2b: Big Chomp\n|move|p2a: Mama Roach|Last Resort|p1b: Incineroar\n|-damage|p1b: Incineroar|29/100\n|\n|-weather|Sandstorm|[upkeep]\n|-damage|p2a: Mama Roach|89/100|[from] Sandstorm\n|-damage|p1b: Incineroar|23/100|[from] Sandstorm\n|upkeep\n|\n|t:|1775951377\n|switch|p2b: Rotom-EVIL|Rotom-Wash, L50, shiny|100/100\n|turn|4\n|\n|t:|1775951388\n|switch|p1a: Sinistcha|Sinistcha, L50|100/100\n|-heal|p1b: Incineroar|48/100|[from] ability: Hospitality|[of] p1a: Sinistcha\n|move|p1b: Incineroar|Fake Out|p2a: Mama Roach\n|-crit|p2a: Mama Roach\n|-damage|p2a: Mama Roach|72/100\n|move|p2b: Rotom-EVIL|Hydro Pump|p1a: Sinistcha|[miss]\n|-miss|p2b: Rotom-EVIL|p1a: Sinistcha\n|cant|p2a: Mama Roach|flinch\n|\n|-weather|Sandstorm|[upkeep]\n|-damage|p2b: Rotom-EVIL|95/100|[from] Sandstorm\n|-damage|p2a: Mama Roach|66/100|[from] Sandstorm\n|-damage|p1a: Sinistcha|94/100|[from] Sandstorm\n|-damage|p1b: Incineroar|42/100|[from] Sandstorm\n|upkeep\n|turn|5\n|\n|t:|1775951412\n|switch|p2a: Evil Matcha|Sinistcha, L50|100/100\n|-heal|p2b: Rotom-EVIL|100/100|[from] ability: Hospitality|[of] p2a: Evil Matcha\n|move|p2b: Rotom-EVIL|Hydro Pump|p1b: Incineroar\n|-supereffective|p1b: Incineroar|1\n|-damage|p1b: Incineroar|0 fnt\n|faint|p1b: Incineroar\n|move|p1a: Sinistcha|Matcha Gotcha|p2a: Evil Matcha|[spread] p2a,p2b\n|-resisted|p2a: Evil Matcha|1\n|-supereffective|p2b: Rotom-EVIL|1\n|-damage|p2a: Evil Matcha|90/100\n|-heal|p1a: Sinistcha|99/100|[from] drain|[of] p2a: Evil Matcha\n|-damage|p2b: Rotom-EVIL|35/100\n|-heal|p1a: Sinistcha|100/100|[from] drain|[of] p2b: Rotom-EVIL\n|-status|p2b: Rotom-EVIL|brn\n|\n|-weather|Sandstorm|[upkeep]\n|-damage|p2b: Rotom-EVIL|29/100 brn|[from] Sandstorm\n|-damage|p2a: Evil Matcha|84/100|[from] Sandstorm\n|-damage|p1a: Sinistcha|94/100|[from] Sandstorm\n|-heal|p2a: Evil Matcha|90/100|[from] item: Leftovers\n|-damage|p2b: Rotom-EVIL|24/100 brn|[from] brn\n|upkeep\n|\n|t:|1775951435\n|switch|p1b: Gengar|Gengar-Mega, L50, F|72/100\n|turn|6\n|\n|t:|1775951453\n|move|p2b: Rotom-EVIL|Hydro Pump|p1b: Gengar\n|-damage|p1b: Gengar|16/100\n|move|p1b: Gengar|Substitute|p1b: Gengar\n|-fail|p1b: Gengar|move: Substitute|[weak]\n|move|p2a: Evil Matcha|Life Dew|p2a: Evil Matcha|[spread] p2a,p2b\n|-heal|p2a: Evil Matcha|100/100\n|-heal|p2b: Rotom-EVIL|49/100 brn\n|move|p1a: Sinistcha|Matcha Gotcha|p2b: Rotom-EVIL|[spread] p2a,p2b\n|-resisted|p2a: Evil Matcha|1\n|-supereffective|p2b: Rotom-EVIL|1\n|-damage|p2a: Evil Matcha|90/100\n|-heal|p1a: Sinistcha|99/100|[from] drain|[of] p2a: Evil Matcha\n|-damage|p2b: Rotom-EVIL|0 fnt\n|-heal|p1a: Sinistcha|100/100|[from] drain|[of] p2b: Rotom-EVIL\n|faint|p2b: Rotom-EVIL\n|\n|-weather|none\n|-heal|p2a: Evil Matcha|97/100|[from] item: Leftovers\n|upkeep\n|\n|t:|1775951471\n|switch|p2b: Mama Roach|Kangaskhan, L50, F, shiny|66/100\n|turn|7\n|\n|t:|1775951486\n|move|p1b: Gengar|Protect|p1b: Gengar\n|-singleturn|p1b: Gengar|Protect\n|move|p2b: Mama Roach|Fake Out|p1a: Sinistcha\n|-damage|p1a: Sinistcha|82/100\n|cant|p1a: Sinistcha|flinch\n|move|p2a: Evil Matcha|Matcha Gotcha|p1a: Sinistcha|[spread] p1a\n|-activate|p1b: Gengar|move: Protect\n|-resisted|p1a: Sinistcha|1\n|-damage|p1a: Sinistcha|72/100\n|-heal|p2a: Evil Matcha|100/100|[from] drain|[of] p1a: Sinistcha\n|\n|upkeep\n|turn|8\n|\n|t:|1775951509\n|move|p1a: Sinistcha|Rage Powder|p1a: Sinistcha\n|-singleturn|p1a: Sinistcha|move: Rage Powder\n|move|p1b: Gengar|Perish Song|p1b: Gengar\n|-start|p1a: Sinistcha|perish3|[silent]\n|-start|p1b: Gengar|perish3|[silent]\n|-start|p2a: Evil Matcha|perish3|[silent]\n|-start|p2b: Mama Roach|perish3|[silent]\n|-fieldactivate|move: Perish Song\n|move|p2b: Mama Roach|Last Resort|p1a: Sinistcha\n|-damage|p1a: Sinistcha|16/100\n|-enditem|p1a: Sinistcha|Sitrus Berry|[eat]\n|-heal|p1a: Sinistcha|41/100|[from] item: Sitrus Berry\n|move|p2a: Evil Matcha|Matcha Gotcha|p1a: Sinistcha|[spread] p1a,p1b\n|-resisted|p1a: Sinistcha|1\n|-resisted|p1b: Gengar|1\n|-damage|p1a: Sinistcha|30/100\n|-damage|p1b: Gengar|2/100\n|\n|-start|p1b: Gengar|perish3\n|-start|p2b: Mama Roach|perish3\n|-start|p1a: Sinistcha|perish3\n|-start|p2a: Evil Matcha|perish3\n|upkeep\n|turn|9\n|\n|t:|1775951527\n|move|p1b: Gengar|Protect|p1b: Gengar\n|-singleturn|p1b: Gengar|Protect\n|move|p1a: Sinistcha|Protect|p1a: Sinistcha\n|-singleturn|p1a: Sinistcha|Protect\n|move|p2b: Mama Roach|Last Resort|p1a: Sinistcha\n|-activate|p1a: Sinistcha|move: Protect\n|move|p2a: Evil Matcha|Matcha Gotcha|p1b: Gengar|[spread] \n|-activate|p1a: Sinistcha|move: Protect\n|-activate|p1b: Gengar|move: Protect\n|\n|-start|p1b: Gengar|perish2\n|-start|p2b: Mama Roach|perish2\n|-start|p2a: Evil Matcha|perish2\n|-start|p1a: Sinistcha|perish2\n|upkeep\n|turn|10\n|c|\u2606CowboyMini|ggs\n|c|\u2606aloevm|ggs\n|\n|t:|1775951547\n|move|p1a: Sinistcha|Rage Powder|p1a: Sinistcha\n|-singleturn|p1a: Sinistcha|move: Rage Powder\n|move|p1b: Gengar|Shadow Ball|p2a: Evil Matcha\n|-supereffective|p2a: Evil Matcha|1\n|-damage|p2a: Evil Matcha|18/100\n|move|p2b: Mama Roach|Last Resort|p1a: Sinistcha\n|-damage|p1a: Sinistcha|0 fnt\n|faint|p1a: Sinistcha\n|move|p2a: Evil Matcha|Matcha Gotcha|p1b: Gengar\n|-resisted|p1b: Gengar|1\n|-damage|p1b: Gengar|0 fnt\n|-heal|p2a: Evil Matcha|19/100|[from] drain|[of] p1b: Gengar\n|faint|p1b: Gengar\n|\n|-heal|p2a: Evil Matcha|25/100|[from] item: Leftovers\n|-start|p2b: Mama Roach|perish1\n|-start|p2a: Evil Matcha|perish1\n|upkeep\n|\n|t:|1775951562\n|switch|p1b: Tyranitar|Tyranitar, L50, M|69/100\n|-weather|Sandstorm|[from] ability: Sand Stream|[of] p1b: Tyranitar\n|turn|11\n|\n|t:|1775951572\n|detailschange|p2b: Mama Roach|Kangaskhan-Mega, L50, F, shiny\n|-mega|p2b: Mama Roach|Kangaskhan|Kangaskhanite\n|move|p1b: Tyranitar|Ice Punch|p2a: Evil Matcha\n|-supereffective|p2a: Evil Matcha|1\n|-damage|p2a: Evil Matcha|0 fnt\n|faint|p2a: Evil Matcha\n|move|p2b: Mama Roach|Last Resort|p1b: Tyranitar\n|-resisted|p1b: Tyranitar|1\n|-damage|p1b: Tyranitar|34/100\n|-resisted|p1b: Tyranitar|1\n|-damage|p1b: Tyranitar|25/100\n|-hitcount|p1b: Tyranitar|2\n|\n|-weather|Sandstorm|[upkeep]\n|-damage|p2b: Mama Roach|60/100|[from] Sandstorm\n|-start|p2b: Mama Roach|perish0\n|upkeep\n|faint|p2b: Mama Roach\n|\n|win|aloevm\n|c|\u2606CowboyMini|can you send message?\n",
  "uploadtime": 1775951657,
  "views": 13,
  "formatid": "gen9championsvgc2026regma",
  "rating": null,
  "private": 0,
  "password": null
}