{
  "id": "gen9championsvgc2026regma-2584561808",
  "format": "[Gen 9 Champions] VGC 2026 Reg M-A",
  "players": [
    "alvarriderr",
    "rafael00kl"
  ],
  "log": "|j|\u2606alvarriderr\n|j|\u2606rafael00kl\n|t:|1776268888\n|gametype|doubles\n|player|p1|alvarriderr|hilbert-wonderlauncher|1127\n|player|p2|rafael00kl|ruinmaniac|1206\n|gen|9\n|tier|[Gen 9 Champions] VGC 2026 Reg M-A\n|rated|\n|rule|Species Clause: Limit one of each Pok\u00e9mon\n|rule|Item Clause: Limit 1 of each item\n|clearpoke\n|poke|p1|Hawlucha, L50, M|\n|poke|p1|Excadrill, L50, M|\n|poke|p1|Tyranitar, L50, M|\n|poke|p1|Sinistcha, L50|\n|poke|p1|Rotom-Wash, L50|\n|poke|p1|Volcarona, L50, F|\n|poke|p2|Floette-Eternal, L50, F|\n|poke|p2|Orthworm, L50, F|\n|poke|p2|Garchomp, L50, M|\n|poke|p2|Sinistcha-Masterpiece, L50|\n|poke|p2|Maushold-Four, L50|\n|poke|p2|Volcarona, L50, F|\n|teampreview|4\nrafael00kl rejected open team sheets.\n|inactive|Battle timer is ON: inactive players will automatically lose when time's up. (requested by rafael00kl)\n|\n|t:|1776268949\n|teamsize|p1|4\n|teamsize|p2|4\n|start\n|switch|p1a: Hawlucha|Hawlucha, L50, M|100/100\n|switch|p1b: Excadrill|Excadrill, L50, M|100/100\n|switch|p2a: Orthworm|Orthworm, L50, F|100/100\n|switch|p2b: Garchomp|Garchomp, L50, M|100/100\n|turn|1\n|inactive|rafael00kl has 30 seconds left.\n|\n|t:|1776268976\n|detailschange|p1a: Hawlucha|Hawlucha-Mega, L50, M\n|-mega|p1a: Hawlucha|Hawlucha|Hawluchanite\n|move|p1a: Hawlucha|Entrainment|p2a: Orthworm\n|-ability|p2a: Orthworm|No Guard|Earth Eater|[from] move: Entrainment|[of] p1a: Hawlucha\n|move|p2b: Garchomp|Earthquake|p1b: Excadrill|[spread] p2a,p1b\n|-immune|p1a: Hawlucha\n|-supereffective|p2a: Orthworm|1\n|-supereffective|p1b: Excadrill|1\n|-damage|p2a: Orthworm|42/100\n|-enditem|p1b: Excadrill|Focus Sash\n|-damage|p1b: Excadrill|1/100\n|-enditem|p2a: Orthworm|Sitrus Berry|[eat]\n|-heal|p2a: Orthworm|67/100|[from] item: Sitrus Berry\n|move|p1b: Excadrill|Earthquake|p2a: Orthworm|[spread] p2a,p2b\n|-immune|p1a: Hawlucha\n|-supereffective|p2a: Orthworm|1\n|-damage|p2a: Orthworm|9/100\n|-damage|p2b: Garchomp|58/100\n|move|p2a: Orthworm|Body Press|p1b: Excadrill\n|-supereffective|p1b: Excadrill|1\n|-damage|p1b: Excadrill|0 fnt\n|faint|p1b: Excadrill\n|\n|upkeep\n|inactive|alvarriderr has 30 seconds left.\n|\n|t:|1776269001\n|switch|p1b: Volcarona|Volcarona, L50, F|100/100\n|turn|2\n|\n|t:|1776269021\n|switch|p2a: Volcarona|Volcarona, L50, F|100/100\n|move|p1a: Hawlucha|Rock Tomb|p2b: Garchomp\n|-resisted|p2b: Garchomp|1\n|-damage|p2b: Garchomp|49/100\n|-unboost|p2b: Garchomp|spe|1\n|move|p1b: Volcarona|Heat Wave|p2a: Volcarona|[spread] p2a,p2b\n|-resisted|p2b: Garchomp|1\n|-damage|p2a: Volcarona|64/100\n|-damage|p2b: Garchomp|29/100\n|move|p2b: Garchomp|Rock Slide|p1a: Hawlucha|[spread] p1a\n|-miss|p2b: Garchomp|p1b: Volcarona\n|-damage|p1a: Hawlucha|80/100\n|\n|upkeep\n|turn|3\n|inactive|alvarriderr has 30 seconds left.\n|\n|t:|1776269053\n|move|p2a: Volcarona|Rage Powder|p2a: Volcarona\n|-singleturn|p2a: Volcarona|move: Rage Powder\n|move|p1a: Hawlucha|Rock Tomb|p2a: Volcarona\n|-supereffective|p2a: Volcarona|2\n|-damage|p2a: Volcarona|0 fnt\n|faint|p2a: Volcarona\n|move|p1b: Volcarona|Bug Buzz|p2b: Garchomp\n|-damage|p2b: Garchomp|0 fnt\n|faint|p2b: Garchomp\n|\n|upkeep\n|\n|t:|1776269063\n|switch|p2b: Orthworm|Orthworm, L50, F|9/100\n|switch|p2a: Floette|Floette-Eternal, L50, F|100/100\n|turn|4\n|\n|t:|1776269084\n|move|p1a: Hawlucha|Rock Tomb|p2a: Floette\n|-damage|p2a: Floette|71/100\n|-unboost|p2a: Floette|spe|1\n|move|p1b: Volcarona|Heat Wave|p2b: Orthworm|[spread] p2a,p2b\n|-supereffective|p2b: Orthworm|1\n|-damage|p2a: Floette|36/100\n|-damage|p2b: Orthworm|0 fnt\n|faint|p2b: Orthworm\n|move|p2a: Floette|Dazzling Gleam|p1a: Hawlucha|[spread] p1a,p1b\n|-supereffective|p1a: Hawlucha|1\n|-resisted|p1b: Volcarona|1\n|-damage|p1a: Hawlucha|8/100\n|-damage|p1b: Volcarona|82/100\n|\n|upkeep\n|turn|5\n|-message|rafael00kl forfeited.\n|\n|win|alvarriderr\n|raw|alvarriderr's rating: 1127 &rarr; <strong>1158</strong><br />(+31 for winning)\n|raw|rafael00kl's rating: 1206 &rarr; <strong>1175</strong><br />(-31 for losing)\n|l|\u2606rafael00kl\n|player|p2|\n|c|\u2606alvarriderr|gg\n",
  "uploadtime": 1776269110,
  "views": 32,
  "formatid": "gen9championsvgc2026regma",
  "rating": 1158,
  "private": 0,
  "password": null
}