{
  "id": "gen9championsvgc2026regma-2585693176",
  "format": "[Gen 9 Champions] VGC 2026 Reg M-A",
  "players": [
    "Bursumu",
    "oiuhgfvgbhjk"
  ],
  "log": "|j|\u2606Bursumu\n|j|\u2606oiuhgfvgbhjk\n|t:|1776364152\n|gametype|doubles\n|player|p1|Bursumu|102|1132\n|player|p2|oiuhgfvgbhjk|schoolkid-gen4|1051\n|gen|9\n|tier|[Gen 9 Champions] VGC 2026 Reg M-A\n|rated|\n|rule|Species Clause: Limit one of each Pok\u00e9mon\n|rule|Item Clause: Limit 1 of each item\n|clearpoke\n|poke|p1|Froslass, L50, F|\n|poke|p1|Sneasler, L50, F|\n|poke|p1|Garchomp, L50, F|\n|poke|p1|Milotic, L50, M|\n|poke|p1|Talonflame, L50, M|\n|poke|p1|Gardevoir, L50, F|\n|poke|p2|Snorlax, L50, F|\n|poke|p2|Sinistcha, L50|\n|poke|p2|Farigiraf, L50, M|\n|poke|p2|Kingambit, L50, M|\n|poke|p2|Blastoise, L50, F|\n|poke|p2|Lucario, L50, F|\n|teampreview|4\n|inactive|Battle timer is ON: inactive players will automatically lose when time's up. (requested by Bursumu)\n|inactive|Bursumu has 60 seconds left.\n|inactive|oiuhgfvgbhjk has 60 seconds left.\n|\n|t:|1776364194\n|teamsize|p1|4\n|teamsize|p2|4\n|start\n|switch|p1a: Gardevoir|Gardevoir, L50, F|100/100\n|switch|p1b: Garchomp|Garchomp, L50, F|100/100\n|switch|p2a: Farigiraf|Farigiraf, L50, M, shiny|100/100\n|switch|p2b: Blastoise|Blastoise, L50, F|100/100\n|turn|1\n|\n|t:|1776364211\n|move|p2b: Blastoise|Fake Out|p1b: Garchomp\n|-damage|p1b: Garchomp|93/100\n|-damage|p2b: Blastoise|88/100|[from] ability: Rough Skin|[of] p1b: Garchomp\n|cant|p1b: Garchomp|flinch\n|move|p1a: Gardevoir|Moonblast|p2b: Blastoise\n|-damage|p2b: Blastoise|47/100\n|move|p2a: Farigiraf|Trick Room|p2a: Farigiraf\n|-fieldstart|move: Trick Room|[of] p2a: Farigiraf\n|\n|upkeep\n|turn|2\n|inactive|Bursumu has 30 seconds left.\n|inactive|oiuhgfvgbhjk has 30 seconds left.\n|\n|t:|1776364242\n|switch|p2a: Sinistcha|Sinistcha, L50|100/100\n|-heal|p2b: Blastoise|72/100|[from] ability: Hospitality|[of] p2a: Sinistcha\n|detailschange|p2b: Blastoise|Blastoise-Mega, L50, F\n|-mega|p2b: Blastoise|Blastoise|Blastoisinite\n|move|p2b: Blastoise|Water Spout|p1b: Garchomp|[spread] p1a,p1b\n|-damage|p1a: Gardevoir|50/100\n|-damage|p1b: Garchomp|48/100\n|move|p1a: Gardevoir|Moonblast|p2a: Sinistcha\n|-damage|p2a: Sinistcha|57/100\n|move|p1b: Garchomp|Earthquake|p2b: Blastoise|[spread] p2a,p2b\n|-activate|p1a: Gardevoir|ability: Telepathy\n|-resisted|p2a: Sinistcha|1\n|-damage|p2a: Sinistcha|42/100\n|-damage|p2b: Blastoise|41/100\n|\n|upkeep\n|turn|3\n|inactive|Bursumu has 30 seconds left.\n|inactive|oiuhgfvgbhjk has 30 seconds left.\n|inactive|oiuhgfvgbhjk has 20 seconds left.\n|\n|t:|1776364282\n|move|p1a: Gardevoir|Protect|p1a: Gardevoir\n|-singleturn|p1a: Gardevoir|Protect\n|move|p1b: Garchomp|Protect|p1b: Garchomp\n|-singleturn|p1b: Garchomp|Protect\n|move|p2b: Blastoise|Water Pulse|p1a: Gardevoir\n|-activate|p1a: Gardevoir|move: Protect\n|move|p2a: Sinistcha|Matcha Gotcha|p1b: Garchomp|[spread] \n|-activate|p1a: Gardevoir|move: Protect\n|-activate|p1b: Garchomp|move: Protect\n|\n|upkeep\n|turn|4\n|\n|t:|1776364295\n|move|p2b: Blastoise|Water Pulse|p1b: Garchomp\n|-damage|p1b: Garchomp|0 fnt\n|faint|p1b: Garchomp\n|move|p2a: Sinistcha|Matcha Gotcha|p1a: Gardevoir\n|-damage|p1a: Gardevoir|14/100\n|-heal|p2a: Sinistcha|57/100|[from] drain|[of] p1a: Gardevoir\n|-status|p1a: Gardevoir|brn\n|move|p1a: Gardevoir|Moonblast|p2a: Sinistcha\n|-damage|p2a: Sinistcha|14/100\n|\n|-damage|p1a: Gardevoir|8/100 brn|[from] brn\n|upkeep\n|\n|t:|1776364303\n|switch|p1b: Froslass|Froslass, L50, F|100/100\n|turn|5\n|\n|t:|1776364312\n|switch|p2a: Farigiraf|Farigiraf, L50, M, shiny|100/100\n|move|p1b: Froslass|Protect|p1b: Froslass\n|-singleturn|p1b: Froslass|Protect\n|move|p2b: Blastoise|Dark Pulse|p1b: Froslass\n|-activate|p1b: Froslass|move: Protect\n|move|p1a: Gardevoir|Moonblast|p2a: Farigiraf\n|-damage|p2a: Farigiraf|54/100\n|-unboost|p2a: Farigiraf|spa|1\n|\n|-damage|p1a: Gardevoir|2/100 brn|[from] brn\n|-fieldend|move: Trick Room\n|upkeep\n|turn|6\n|\n|t:|1776364323\n|switch|p2b: Sinistcha|Sinistcha, L50|14/100\n|-heal|p2a: Farigiraf|79/100|[from] ability: Hospitality|[of] p2b: Sinistcha\n|detailschange|p1b: Froslass|Froslass-Mega, L50, F\n|-mega|p1b: Froslass|Froslass|Froslassite\n|-weather|Snowscape|[from] ability: Snow Warning|[of] p1b: Froslass\n|move|p1b: Froslass|Blizzard|p2a: Farigiraf|[spread] p2a,p2b\n|-supereffective|p2b: Sinistcha|1\n|-damage|p2a: Farigiraf|36/100\n|-damage|p2b: Sinistcha|0 fnt\n|faint|p2b: Sinistcha\n|move|p1a: Gardevoir|Moonblast|p2a: Farigiraf\n|-damage|p2a: Farigiraf|0 fnt\n|faint|p2a: Farigiraf\n|\n|-weather|Snowscape|[upkeep]\n|-damage|p1a: Gardevoir|0 fnt|[from] brn\n|faint|p1a: Gardevoir\n|upkeep\n|\n|t:|1776364333\n|switch|p1a: Milotic|Milotic, L50, M|100/100\n|switch|p2b: Snorlax|Snorlax, L50, F|100/100\n|switch|p2a: Blastoise|Blastoise-Mega, L50, F|41/100\n|turn|7\n|\n|t:|1776364352\n|move|p1b: Froslass|Aurora Veil|p1b: Froslass\n|-sidestart|p1: Bursumu|move: Aurora Veil\n|move|p1a: Milotic|Coil|p1a: Milotic\n|-boost|p1a: Milotic|atk|1\n|-boost|p1a: Milotic|def|1\n|-boost|p1a: Milotic|accuracy|1\n|move|p2a: Blastoise|Dark Pulse|p1b: Froslass\n|-supereffective|p1b: Froslass|1\n|-damage|p1b: Froslass|30/100\n|move|p2b: Snorlax|Belly Drum|p2b: Snorlax\n|-damage|p2b: Snorlax|50/100\n|-setboost|p2b: Snorlax|atk|6|[from] move: Belly Drum\n|-enditem|p2b: Snorlax|Sitrus Berry|[eat]\n|-heal|p2b: Snorlax|75/100|[from] item: Sitrus Berry\n|\n|-weather|Snowscape|[upkeep]\n|upkeep\n|turn|8\n|\n|t:|1776364372\n|move|p1b: Froslass|Shadow Ball|p2a: Blastoise\n|-damage|p2a: Blastoise|4/100\n|move|p1a: Milotic|Hypnosis|p2b: Snorlax|[miss]\n|-miss|p1a: Milotic|p2b: Snorlax\n|move|p2a: Blastoise|Dark Pulse|p1b: Froslass\n|-supereffective|p1b: Froslass|1\n|-damage|p1b: Froslass|0 fnt\n|faint|p1b: Froslass\n|move|p2b: Snorlax|Body Slam|p1a: Milotic\n|-damage|p1a: Milotic|35/100\n|\n|-weather|Snowscape|[upkeep]\n|-heal|p1a: Milotic|41/100|[from] item: Leftovers\n|upkeep\n|turn|9\n|\n|t:|1776364385\n|move|p1a: Milotic|Hypnosis|p2b: Snorlax\n|-status|p2b: Snorlax|slp|[from] move: Hypnosis\n|move|p2a: Blastoise|Dark Pulse|p1a: Milotic\n|-damage|p1a: Milotic|19/100\n|cant|p2b: Snorlax|slp\n|\n|-weather|Snowscape|[upkeep]\n|-heal|p1a: Milotic|25/100|[from] item: Leftovers\n|upkeep\n|turn|10\n|\n|t:|1776364391\n|move|p1a: Milotic|Scald|p2a: Blastoise\n|-resisted|p2a: Blastoise|1\n|-damage|p2a: Blastoise|0 fnt\n|faint|p2a: Blastoise\n|cant|p2b: Snorlax|slp\n|\n|-weather|none\n|-heal|p1a: Milotic|31/100|[from] item: Leftovers\n|upkeep\n|turn|11\n|\n|t:|1776364396\n|move|p1a: Milotic|Coil|p1a: Milotic\n|-boost|p1a: Milotic|atk|1\n|-boost|p1a: Milotic|def|1\n|-boost|p1a: Milotic|accuracy|1\n|-curestatus|p2b: Snorlax|slp|[msg]\n|move|p2b: Snorlax|Body Slam|p1a: Milotic\n|-damage|p1a: Milotic|0 fnt\n|faint|p1a: Milotic\n|\n|win|oiuhgfvgbhjk\n|raw|Bursumu's rating: 1132 &rarr; <strong>1101</strong><br />(-31 for losing)\n|raw|oiuhgfvgbhjk's rating: 1051 &rarr; <strong>1091</strong><br />(+40 for winning)\n|l|\u2606Bursumu\n|player|p1|\n",
  "uploadtime": 1776364409,
  "views": 15,
  "formatid": "gen9championsvgc2026regma",
  "rating": 1091,
  "private": 0,
  "password": null
}