{
  "id": "gen9championsvgc2026regma-2587451225",
  "format": "[Gen 9 Champions] VGC 2026 Reg M-A",
  "players": [
    "Dazed Project",
    "BoiledB"
  ],
  "log": "|j|\u2606Dazed Project\n|j|\u2606BoiledB\n|t:|1776532920\n|gametype|doubles\n|player|p1|Dazed Project|102|1000\n|player|p2|BoiledB|roark|1067\n|gen|9\n|tier|[Gen 9 Champions] VGC 2026 Reg M-A\n|rated|\n|rule|Species Clause: Limit one of each Pok\u00e9mon\n|rule|Item Clause: Limit 1 of each item\n|clearpoke\n|poke|p1|Pelipper, L50, M|\n|poke|p1|Abomasnow, L50, F|\n|poke|p1|Manectric, L50, F|\n|poke|p1|Incineroar, L50, F|\n|poke|p1|Orthworm, L50, F|\n|poke|p1|Jolteon, L50, F|\n|poke|p2|Venusaur, L50, F|\n|poke|p2|Torkoal, L50, F|\n|poke|p2|Incineroar, L50, M|\n|poke|p2|Farigiraf, L50, M|\n|poke|p2|Tyrantrum, L50, M|\n|poke|p2|Sylveon, L50, M|\n|teampreview|4\nBoiledB has agreed to open team sheets.\n|inactive|Battle timer is ON: inactive players will automatically lose when time's up. (requested by Dazed Project)\n|inactive|BoiledB has 60 seconds left.\n|\n|t:|1776532959\n|teamsize|p1|4\n|teamsize|p2|4\n|start\n|switch|p1a: Jolteon|Jolteon, L50, F|100/100\n|switch|p1b: Manectric|Manectric, L50, F|100/100\n|switch|p2a: Farigiraf|Farigiraf, L50, M|100/100\n|switch|p2b: Incineroar|Incineroar, L50, M|100/100\n|-ability|p2b: Incineroar|Intimidate|boost\n|-unboost|p1a: Jolteon|atk|1\n|-unboost|p1b: Manectric|atk|1\n|turn|1\n|inactive|Dazed Project has 30 seconds left.\n|inactive|BoiledB has 30 seconds left.\n|inactive|Dazed Project has 20 seconds left.\n|\n|t:|1776532995\n|move|p1a: Jolteon|Protect|p1a: Jolteon\n|-singleturn|p1a: Jolteon|Protect\n|move|p1b: Manectric|Protect|p1b: Manectric\n|-singleturn|p1b: Manectric|Protect\n|move|p2b: Incineroar|Fake Out|p1a: Jolteon\n|-activate|p1a: Jolteon|move: Protect\n|move|p2a: Farigiraf|Trick Room|p2a: Farigiraf\n|-fieldstart|move: Trick Room|[of] p2a: Farigiraf\n|\n|upkeep\n|turn|2\n|\n|t:|1776533011\n|switch|p1b: Pelipper|Pelipper, L50, M|100/100\n|-weather|RainDance|[from] ability: Drizzle|[of] p1b: Pelipper\n|switch|p1a: Incineroar|Incineroar, L50, F|100/100\n|-ability|p1a: Incineroar|Intimidate|boost\n|-unboost|p2a: Farigiraf|atk|1\n|-unboost|p2b: Incineroar|atk|1\n|move|p2b: Incineroar|Parting Shot|p1b: Pelipper\n|-unboost|p1b: Pelipper|atk|1\n|-unboost|p1b: Pelipper|spa|1\n|\n|t:|1776533025\n|switch|p2b: Tyrantrum|Tyrantrum, L50, M|100/100|[from] Parting Shot\n|move|p2a: Farigiraf|Sunny Day|p2a: Farigiraf\n|-weather|SunnyDay\n|\n|-weather|SunnyDay|[upkeep]\n|upkeep\n|turn|3\n|\n|t:|1776533048\n|move|p2a: Farigiraf|Thunderbolt|p1b: Pelipper\n|-supereffective|p1b: Pelipper|2\n|-damage|p1b: Pelipper|0 fnt\n|faint|p1b: Pelipper\n|move|p1a: Incineroar|Will-O-Wisp|p2b: Tyrantrum\n|-status|p2b: Tyrantrum|brn\n|-enditem|p2b: Tyrantrum|Lum Berry|[eat]\n|-curestatus|p2b: Tyrantrum|brn|[msg]\n|move|p2b: Tyrantrum|Head Smash|p1a: Incineroar\n|-supereffective|p1a: Incineroar|1\n|-damage|p1a: Incineroar|0 fnt\n|faint|p1a: Incineroar\n|\n|-weather|SunnyDay|[upkeep]\n|upkeep\n|\n|t:|1776533064\n|switch|p1a: Manectric|Manectric, L50, F|100/100\n|switch|p1b: Jolteon|Jolteon, L50, F|100/100\n|turn|4\n|\n|t:|1776533074\n|switch|p2a: Venusaur|Venusaur, L50, F|100/100\n|move|p1a: Manectric|Protect|p1a: Manectric\n|-singleturn|p1a: Manectric|Protect\n|move|p1b: Jolteon|Protect|p1b: Jolteon\n|-singleturn|p1b: Jolteon|Protect\n|move|p2b: Tyrantrum|Head Smash|p1a: Manectric\n|-activate|p1a: Manectric|move: Protect\n|\n|-weather|SunnyDay|[upkeep]\n|upkeep\n|turn|5\n|inactive|Dazed Project has 30 seconds left.\n|\n|t:|1776533105\n|detailschange|p2a: Venusaur|Venusaur-Mega, L50, F\n|-mega|p2a: Venusaur|Venusaur|Venusaurite\n|detailschange|p1a: Manectric|Manectric-Mega, L50, F\n|-mega|p1a: Manectric|Manectric|Manectite\n|-ability|p1a: Manectric|Intimidate|boost\n|-unboost|p2a: Venusaur|atk|1\n|-unboost|p2b: Tyrantrum|atk|1\n|move|p2b: Tyrantrum|Head Smash|p1a: Manectric\n|-damage|p1a: Manectric|26/100\n|move|p2a: Venusaur|Earth Power|p1b: Jolteon\n|-supereffective|p1b: Jolteon|1\n|-damage|p1b: Jolteon|6/100\n|move|p1b: Jolteon|Weather Ball|p2a: Venusaur\n|-supereffective|p2a: Venusaur|1\n|-damage|p2a: Venusaur|62/100\n|move|p1a: Manectric|Discharge|p2a: Venusaur|[spread] p2a,p2b\n|-heal|p1b: Jolteon|31/100|[from] ability: Volt Absorb|[of] p1a: Manectric\n|-resisted|p2a: Venusaur|1\n|-resisted|p2b: Tyrantrum|1\n|-damage|p2a: Venusaur|49/100\n|-damage|p2b: Tyrantrum|75/100\n|\n|-weather|SunnyDay|[upkeep]\n|-fieldend|move: Trick Room\n|upkeep\n|turn|6\n|inactive|Dazed Project has 30 seconds left.\n|inactive|BoiledB has 30 seconds left.\n|inactive|Dazed Project has 20 seconds left.\n|\n|t:|1776533145\n|move|p1a: Manectric|Discharge|p2a: Venusaur|[spread] p2a,p2b\n|-heal|p1b: Jolteon|55/100|[from] ability: Volt Absorb|[of] p1a: Manectric\n|-resisted|p2a: Venusaur|1\n|-resisted|p2b: Tyrantrum|1\n|-damage|p2a: Venusaur|36/100\n|-damage|p2b: Tyrantrum|45/100\n|move|p1b: Jolteon|Weather Ball|p2a: Venusaur\n|-supereffective|p2a: Venusaur|1\n|-damage|p2a: Venusaur|0 fnt\n|faint|p2a: Venusaur\n|move|p2b: Tyrantrum|Dragon Claw|p1a: Manectric\n|-damage|p1a: Manectric|0 fnt\n|faint|p1a: Manectric\n|\n|-weather|none\n|upkeep\n|\n|t:|1776533159\n|switch|p2a: Incineroar|Incineroar, L50, M|100/100\n|-ability|p2a: Incineroar|Intimidate|boost\n|-unboost|p1b: Jolteon|atk|1\n|turn|7\n|\n|t:|1776533171\n|move|p1b: Jolteon|Protect|p1b: Jolteon\n|-singleturn|p1b: Jolteon|Protect\n|move|p2a: Incineroar|Fake Out|p1b: Jolteon\n|-activate|p1b: Jolteon|move: Protect\n|move|p2b: Tyrantrum|Dragon Claw|p1b: Jolteon\n|-activate|p1b: Jolteon|move: Protect\n|\n|upkeep\n|turn|8\n|\n|t:|1776533188\n|move|p1b: Jolteon|Discharge|p2b: Tyrantrum|[spread] p2a,p2b\n|-resisted|p2b: Tyrantrum|1\n|-damage|p2a: Incineroar|78/100\n|-damage|p2b: Tyrantrum|17/100\n|move|p2b: Tyrantrum|Dragon Claw|p1b: Jolteon\n|-damage|p1b: Jolteon|0 fnt\n|faint|p1b: Jolteon\n|\n|win|BoiledB\n|raw|Dazed Project's rating: 1000 &rarr; <strong>1000</strong><br />(+0 for losing)\n|raw|BoiledB's rating: 1067 &rarr; <strong>1091</strong><br />(+24 for winning)\n",
  "uploadtime": 1776533200,
  "views": 19,
  "formatid": "gen9championsvgc2026regma",
  "rating": 1000,
  "private": 0,
  "password": null
}