{
  "id": "gen9championsvgc2026regma-2586719085",
  "format": "[Gen 9 Champions] VGC 2026 Reg M-A",
  "players": [
    "BLMO",
    "tomy1234566"
  ],
  "log": "|j|\u2606BLMO\n|j|\u2606tomy1234566\n|t:|1776454601\n|gametype|doubles\n|player|p1|BLMO|265|1129\n|player|p2|tomy1234566|1|1154\n|gen|9\n|tier|[Gen 9 Champions] VGC 2026 Reg M-A\n|rated|\n|rule|Species Clause: Limit one of each Pok\u00e9mon\n|rule|Item Clause: Limit 1 of each item\n|clearpoke\n|poke|p1|Pelipper, L50, F|\n|poke|p1|Scizor, L50, F|\n|poke|p1|Basculegion, L50, M|\n|poke|p1|Sableye, L50, M|\n|poke|p1|Incineroar, L50, F|\n|poke|p1|Sneasler, L50, F|\n|poke|p2|Slowbro, L50, M|\n|poke|p2|Sinistcha, L50|\n|poke|p2|Incineroar, L50, M|\n|poke|p2|Farigiraf, L50, M|\n|poke|p2|Abomasnow, L50, F|\n|poke|p2|Absol, L50, M|\n|teampreview|4\n|inactive|Battle timer is ON: inactive players will automatically lose when time's up. (requested by tomy1234566)\n|\n|t:|1776454626\n|teamsize|p1|4\n|teamsize|p2|4\n|start\n|switch|p1a: Sneasler|Sneasler, L50, F|100/100\n|switch|p1b: Sableye|Sableye, L50, M|100/100\n|switch|p2a: Slowbro|Slowbro, L50, M|100/100\n|switch|p2b: Incineroar|Incineroar, L50, M|100/100\n|-ability|p2b: Incineroar|Intimidate|boost\n|-unboost|p1a: Sneasler|atk|1\n|-unboost|p1b: Sableye|atk|1\n|turn|1\n|inactive|BLMO has 30 seconds left.\n|\n|t:|1776454659\n|switch|p2b: Farigiraf|Farigiraf, L50, M|100/100\n|detailschange|p2a: Slowbro|Slowbro-Mega, L50, M\n|-mega|p2a: Slowbro|Slowbro|Slowbronite\n|move|p1a: Sneasler|Fake Out|p2b: Farigiraf\n|-damage|p2b: Farigiraf|93/100\n|move|p1b: Sableye|Light Screen|p1b: Sableye\n|-sidestart|p1: BLMO|move: Light Screen\n|move|p2a: Slowbro|Iron Defense|p2a: Slowbro\n|-boost|p2a: Slowbro|def|2\n|\n|upkeep\n|turn|2\n|inactive|BLMO has 30 seconds left.\n|inactive|BLMO has 20 seconds left.\n|inactive|BLMO has 15 seconds left.\n|inactive|BLMO has 10 seconds left.\n|inactive|BLMO has 5 seconds left.\n|\n|t:|1776454710\n|switch|p1a: Scizor|Scizor, L50, F|100/100\n|move|p1b: Sableye|Will-O-Wisp|p2a: Slowbro\n|-status|p2a: Slowbro|brn\n|move|p2b: Farigiraf|Psychic|p1a: Scizor\n|-resisted|p1a: Scizor|1\n|-damage|p1a: Scizor|87/100\n|move|p2a: Slowbro|Iron Defense|p2a: Slowbro\n|-boost|p2a: Slowbro|def|2\n|\n|-damage|p2a: Slowbro|95/100 brn|[from] brn\n|upkeep\n|turn|3\n|inactive|BLMO has 30 seconds left.\n|\n|t:|1776454742\n|switch|p2b: Incineroar|Incineroar, L50, M|100/100\n|-ability|p2b: Incineroar|Intimidate|boost\n|-unboost|p1a: Scizor|atk|1\n|-unboost|p1b: Sableye|atk|1\n|detailschange|p1a: Scizor|Scizor-Mega, L50, F\n|-mega|p1a: Scizor|Scizor|Scizorite\n|move|p1a: Scizor|Swords Dance|p1a: Scizor\n|-boost|p1a: Scizor|atk|2\n|move|p1b: Sableye|Foul Play|p2b: Incineroar\n|-resisted|p2b: Incineroar|1\n|-damage|p2b: Incineroar|84/100\n|move|p2a: Slowbro|Iron Defense|p2a: Slowbro\n|-boost|p2a: Slowbro|def|2\n|\n|-heal|p2b: Incineroar|90/100|[from] item: Leftovers\n|-damage|p2a: Slowbro|89/100 brn|[from] brn\n|upkeep\n|turn|4\n|inactive|BLMO has 30 seconds left.\n|\n|t:|1776454770\n|move|p1a: Scizor|Protect|p1a: Scizor\n|-singleturn|p1a: Scizor|Protect\n|move|p2b: Incineroar|Flare Blitz|p1b: Sableye\n|-damage|p1b: Sableye|37/100\n|-damage|p2b: Incineroar|74/100|[from] Recoil\n|move|p1b: Sableye|Foul Play|p2b: Incineroar\n|-resisted|p2b: Incineroar|1\n|-damage|p2b: Incineroar|58/100\n|move|p2a: Slowbro|Body Press|p1a: Scizor\n|-activate|p1a: Scizor|move: Protect\n|\n|-heal|p2b: Incineroar|64/100|[from] item: Leftovers\n|-damage|p2a: Slowbro|83/100 brn|[from] brn\n|upkeep\n|turn|5\n|inactive|BLMO has 30 seconds left.\n|\n|t:|1776454801\n|move|p1b: Sableye|Disable|p2a: Slowbro\n|-start|p2a: Slowbro|Disable|Body Press\n|move|p1a: Scizor|Bug Bite|p2a: Slowbro\n|-supereffective|p2a: Slowbro|1\n|-damage|p2a: Slowbro|61/100 brn\n|move|p2b: Incineroar|Flare Blitz|p1b: Sableye\n|-damage|p1b: Sableye|0 fnt\n|faint|p1b: Sableye\n|-damage|p2b: Incineroar|54/100|[from] Recoil\n|cant|p2a: Slowbro|Disable|Body Press\n|\n|-heal|p2b: Incineroar|60/100|[from] item: Leftovers\n|-damage|p2a: Slowbro|55/100 brn|[from] brn\n|-sideend|p1: BLMO|move: Light Screen\n|upkeep\n|\n|t:|1776454823\n|switch|p1b: Pelipper|Pelipper, L50, F|100/100\n|-weather|RainDance|[from] ability: Drizzle|[of] p1b: Pelipper\n|turn|6\n|\n|t:|1776454835\n|switch|p2b: Sinistcha|Sinistcha, L50|100/100\n|-heal|p2a: Slowbro|80/100 brn|[from] ability: Hospitality|[of] p2b: Sinistcha\n|move|p1b: Pelipper|Hurricane|p2a: Slowbro\n|-damage|p2a: Slowbro|44/100 brn\n|move|p1a: Scizor|Bug Bite|p2b: Sinistcha\n|-damage|p2b: Sinistcha|33/100\n|-enditem|p2b: Sinistcha|Sitrus Berry|[from] stealeat|[move] Bug Bite|[of] p1a: Scizor\n|-heal|p1a: Scizor|100/100|[from] item: Sitrus Berry\n|move|p2a: Slowbro|Slack Off|p2a: Slowbro\n|-heal|p2a: Slowbro|94/100 brn\n|\n|-weather|RainDance|[upkeep]\n|-damage|p2a: Slowbro|88/100 brn|[from] brn\n|upkeep\n|turn|7\n|\n|t:|1776454854\n|move|p2b: Sinistcha|Rage Powder|p2b: Sinistcha\n|-singleturn|p2b: Sinistcha|move: Rage Powder\n|move|p1b: Pelipper|Hurricane|p2b: Sinistcha\n|-supereffective|p2b: Sinistcha|1\n|-damage|p2b: Sinistcha|0 fnt\n|faint|p2b: Sinistcha\n|move|p1a: Scizor|Bug Bite|p2a: Slowbro\n|-supereffective|p2a: Slowbro|1\n|-damage|p2a: Slowbro|63/100 brn\n|move|p2a: Slowbro|Amnesia|p2a: Slowbro\n|-boost|p2a: Slowbro|spd|2\n|\n|-weather|RainDance|[upkeep]\n|-damage|p2a: Slowbro|57/100 brn|[from] brn\n|upkeep\n|\n|t:|1776454858\n|switch|p2b: Incineroar|Incineroar, L50, M|60/100\n|-ability|p2b: Incineroar|Intimidate|boost\n|-unboost|p1a: Scizor|atk|1\n|-unboost|p1b: Pelipper|atk|1\n|turn|8\n|\n|t:|1776454881\n|move|p2b: Incineroar|Fake Out|p1b: Pelipper\n|-damage|p1b: Pelipper|87/100\n|cant|p1b: Pelipper|flinch\n|move|p1a: Scizor|Bug Bite|p2b: Incineroar\n|-damage|p2b: Incineroar|8/100\n|move|p2a: Slowbro|Slack Off|p2a: Slowbro\n|-heal|p2a: Slowbro|100/100 brn\n|\n|-weather|RainDance|[upkeep]\n|-heal|p2b: Incineroar|14/100|[from] item: Leftovers\n|-damage|p2a: Slowbro|95/100 brn|[from] brn\n|-end|p2a: Slowbro|Disable\n|upkeep\n|turn|9\n|inactive|BLMO has 30 seconds left.\n|\n|t:|1776454913\n|move|p1b: Pelipper|Hurricane|p2a: Slowbro\n|-damage|p2a: Slowbro|78/100 brn\n|move|p1a: Scizor|Bug Bite|p2b: Incineroar\n|-damage|p2b: Incineroar|0 fnt\n|faint|p2b: Incineroar\n|move|p2a: Slowbro|Body Press|p1a: Scizor\n|-damage|p1a: Scizor|57/100\n|\n|-weather|RainDance|[upkeep]\n|-damage|p2a: Slowbro|72/100 brn|[from] brn\n|upkeep\n|\n|t:|1776454928\n|switch|p2b: Farigiraf|Farigiraf, L50, M|93/100\n|turn|10\n|\n|t:|1776454943\n|move|p2b: Farigiraf|Protect|p2b: Farigiraf\n|-singleturn|p2b: Farigiraf|Protect\n|move|p1b: Pelipper|Hurricane|p2a: Slowbro\n|-damage|p2a: Slowbro|54/100 brn\n|-start|p2a: Slowbro|confusion\n|move|p1a: Scizor|Bug Bite|p2b: Farigiraf\n|-activate|p2b: Farigiraf|move: Protect\n|-activate|p2a: Slowbro|confusion\n|move|p2a: Slowbro|Amnesia|p2a: Slowbro\n|-boost|p2a: Slowbro|spd|2\n|\n|-weather|none\n|-damage|p2a: Slowbro|48/100 brn|[from] brn\n|upkeep\n|turn|11\n|\n|t:|1776454965\n|move|p1b: Pelipper|Hurricane|p2a: Slowbro\n|-damage|p2a: Slowbro|36/100 brn\n|move|p1a: Scizor|Bug Bite|p2b: Farigiraf\n|-supereffective|p2b: Farigiraf|1\n|-damage|p2b: Farigiraf|5/100\n|-enditem|p2b: Farigiraf|Colbur Berry|[from] stealeat|[move] Bug Bite|[of] p1a: Scizor\n|-activate|p2a: Slowbro|confusion\n|move|p2a: Slowbro|Slack Off|p2a: Slowbro\n|-heal|p2a: Slowbro|86/100 brn\n|move|p2b: Farigiraf|Trick Room|p2b: Farigiraf\n|-fieldstart|move: Trick Room|[of] p2b: Farigiraf\n|\n|-damage|p2a: Slowbro|80/100 brn|[from] brn\n|upkeep\n|turn|12\n|inactive|BLMO has 30 seconds left.\n|inactive|tomy1234566 has 30 seconds left.\n|\n|t:|1776454997\n|move|p1a: Scizor|Protect|p1a: Scizor\n|-singleturn|p1a: Scizor|Protect\n|-activate|p2a: Slowbro|confusion\n|move|p2a: Slowbro|Amnesia|p2a: Slowbro\n|-boost|p2a: Slowbro|spd|2\n|move|p2b: Farigiraf|Psychic|p1b: Pelipper\n|-damage|p1b: Pelipper|22/100\n|move|p1b: Pelipper|Weather Ball|p2b: Farigiraf\n|-crit|p2b: Farigiraf\n|-damage|p2b: Farigiraf|0 fnt\n|faint|p2b: Farigiraf\n|\n|-damage|p2a: Slowbro|74/100 brn|[from] brn\n|upkeep\n|turn|13\n|inactive|BLMO has 30 seconds left.\n|inactive|BLMO has 20 seconds left.\n|inactive|BLMO has 15 seconds left.\n|\n|t:|1776455042\n|-end|p2a: Slowbro|confusion\n|move|p2a: Slowbro|Body Press|p1b: Pelipper\n|-resisted|p1b: Pelipper|1\n|-damage|p1b: Pelipper|0 fnt\n|faint|p1b: Pelipper\n|move|p1a: Scizor|Bug Bite|p2a: Slowbro\n|-supereffective|p2a: Slowbro|1\n|-damage|p2a: Slowbro|58/100 brn\n|\n|-damage|p2a: Slowbro|52/100 brn|[from] brn\n|upkeep\n|\n|t:|1776455056\n|switch|p1b: Sneasler|Sneasler, L50, F|100/100\n|turn|14\n|\n|t:|1776455066\n|move|p1b: Sneasler|Fake Out|p2a: Slowbro\n|-damage|p2a: Slowbro|50/100 brn\n|cant|p2a: Slowbro|flinch\n|move|p1a: Scizor|Swords Dance|p1a: Scizor\n|-boost|p1a: Scizor|atk|2\n|\n|-damage|p2a: Slowbro|44/100 brn|[from] brn\n|upkeep\n|turn|15\n|inactive|BLMO has 30 seconds left.\n|inactive|BLMO has 20 seconds left.\n|inactive|BLMO has 15 seconds left.\n|inactive|BLMO has 10 seconds left.\n|\n|t:|1776455106\n|move|p1a: Scizor|Protect|p1a: Scizor\n|-singleturn|p1a: Scizor|Protect\n|move|p2a: Slowbro|Slack Off|p2a: Slowbro\n|-heal|p2a: Slowbro|94/100 brn\n|move|p1b: Sneasler|Coaching|p1a: Scizor\n|-boost|p1a: Scizor|atk|1\n|-boost|p1a: Scizor|def|1\n|\n|-damage|p2a: Slowbro|88/100 brn|[from] brn\n|-fieldend|move: Trick Room\n|upkeep\n|turn|16\n|inactive|BLMO has 10 seconds left this turn.\n|inactive|BLMO has 5 seconds left.\n|-message|BLMO lost due to inactivity.\n|\n|win|tomy1234566\n|raw|BLMO's rating: 1129 &rarr; <strong>1106</strong><br />(-23 for losing)\n|raw|tomy1234566's rating: 1154 &rarr; <strong>1177</strong><br />(+23 for winning)\n|l|\u2606BLMO\n|player|p1|\n",
  "uploadtime": 1776455125,
  "views": 35,
  "formatid": "gen9championsvgc2026regma",
  "rating": 1106,
  "private": 0,
  "password": null
}