{
  "id": "gen9championsvgc2026regma-2587934629",
  "format": "[Gen 9 Champions] VGC 2026 Reg M-A",
  "players": [
    "BenjaZap",
    "Amflame555"
  ],
  "log": "|j|\u2606BenjaZap\n|j|\u2606Amflame555\n|t:|1776581277\n|gametype|doubles\n|player|p1|BenjaZap|silver|1000\n|player|p2|Amflame555|backersf|1006\n|gen|9\n|tier|[Gen 9 Champions] VGC 2026 Reg M-A\n|rated|\n|rule|Species Clause: Limit one of each Pok\u00e9mon\n|rule|Item Clause: Limit 1 of each item\n|clearpoke\n|poke|p1|Glimmora, L50, M|\n|poke|p1|Kommo-o, L50, F|\n|poke|p1|Whimsicott, L50, M|\n|poke|p1|Kingambit, L50, F|\n|poke|p1|Sneasler, L50, M|\n|poke|p1|Primarina, L50, F|\n|poke|p2|Starmie, L50|\n|poke|p2|Sneasler, L50, M|\n|poke|p2|Aegislash, L50, M|\n|poke|p2|Incineroar, L50, F|\n|poke|p2|Chesnaught, L50, M|\n|poke|p2|Mimikyu, L50, F|\n|teampreview|4\n|inactive|Battle timer is ON: inactive players will automatically lose when time's up. (requested by Amflame555)\n|inactive|BenjaZap has 60 seconds left.\n|\n|t:|1776581319\n|teamsize|p1|4\n|teamsize|p2|4\n|start\n|switch|p1a: Kingambit|Kingambit, L50, F|100/100\n|switch|p1b: Sneasler|Sneasler, L50, M|100/100\n|switch|p2a: Starmie|Starmie, L50|100/100\n|switch|p2b: Sneasler|Sneasler, L50, M|100/100\n|turn|1\n|\n|t:|1776581334\n|move|p2a: Starmie|Protect|p2a: Starmie\n|-singleturn|p2a: Starmie|Protect\n|move|p1b: Sneasler|Fake Out|p2b: Sneasler\n|-damage|p2b: Sneasler|71/100\n|cant|p2b: Sneasler|flinch\n|move|p1a: Kingambit|Kowtow Cleave|p2b: Sneasler\n|-resisted|p2b: Sneasler|1\n|-damage|p2b: Sneasler|24/100\n|\n|upkeep\n|turn|2\n|\n|t:|1776581352\n|detailschange|p2a: Starmie|Starmie-Mega, L50\n|-mega|p2a: Starmie|Starmie|Starminite\n|move|p1a: Kingambit|Protect|p1a: Kingambit\n|-singleturn|p1a: Kingambit|Protect\n|move|p2a: Starmie|Liquidation|p1b: Sneasler\n|-damage|p1b: Sneasler|0 fnt\n|faint|p1b: Sneasler\n|move|p2b: Sneasler|Close Combat|p1a: Kingambit\n|-activate|p1a: Kingambit|move: Protect\n|\n|upkeep\n|\n|t:|1776581361\n|switch|p1b: Primarina|Primarina, L50, F|100/100\n|turn|3\n|\n|t:|1776581372\n|move|p2a: Starmie|Protect|p2a: Starmie\n|-singleturn|p2a: Starmie|Protect\n|move|p1a: Kingambit|Sucker Punch|p2b: Sneasler\n|-resisted|p2b: Sneasler|1\n|-damage|p2b: Sneasler|0 fnt\n|faint|p2b: Sneasler\n|move|p1b: Primarina|Moonblast|p2a: Starmie\n|-activate|p2a: Starmie|move: Protect\n|\n|upkeep\n|\n|t:|1776581383\n|switch|p2b: Aegislash|Aegislash, L50, M|100/100\n|turn|4\n|\n|t:|1776581408\n|move|p1a: Kingambit|Protect|p1a: Kingambit\n|-singleturn|p1a: Kingambit|Protect\n|move|p2a: Starmie|Liquidation|p1a: Kingambit\n|-activate|p1a: Kingambit|move: Protect\n|move|p1b: Primarina|Moonblast|p2a: Starmie\n|-damage|p2a: Starmie|41/100\n|-formechange|p2b: Aegislash|Aegislash-Blade|\n|move|p2b: Aegislash|Poltergeist|p1b: Primarina\n|-activate|p1b: Primarina|move: Poltergeist|Leftovers\n|-damage|p1b: Primarina|25/100\n|\n|-heal|p1b: Primarina|31/100|[from] item: Leftovers\n|upkeep\n|turn|5\n|\n|t:|1776581426\n|switch|p2a: Spicy cheeto|Incineroar, L50, F|100/100\n|-ability|p2a: Spicy cheeto|Intimidate|boost\n|-unboost|p1a: Kingambit|atk|1\n|-ability|p1a: Kingambit|Defiant|boost\n|-boost|p1a: Kingambit|atk|2\n|-unboost|p1b: Primarina|atk|1\n|move|p1a: Kingambit|Sucker Punch||[still]\n|-fail|p1a: Kingambit\n|move|p1b: Primarina|Hyper Voice|p2b: Aegislash|[spread] p2a,p2b\n|-supereffective|p2a: Spicy cheeto|1\n|-damage|p2a: Spicy cheeto|29/100\n|-damage|p2b: Aegislash|32/100\n|move|p2b: Aegislash|Sacred Sword|p1a: Kingambit\n|-supereffective|p1a: Kingambit|2\n|-damage|p1a: Kingambit|0 fnt\n|faint|p1a: Kingambit\n|\n|-heal|p1b: Primarina|37/100|[from] item: Leftovers\n|-heal|p2b: Aegislash|38/100|[from] item: Leftovers\n|upkeep\n|\n|t:|1776581439\n|switch|p1a: Kommo-o|Kommo-o, L50, F|100/100\n|turn|6\n|\n|t:|1776581451\n|move|p1a: Kommo-o|Protect|p1a: Kommo-o\n|-singleturn|p1a: Kommo-o|Protect\n|move|p1b: Primarina|Protect|p1b: Primarina\n|-singleturn|p1b: Primarina|Protect\n|-formechange|p2b: Aegislash|Aegislash|\n|move|p2b: Aegislash|King's Shield|p2b: Aegislash\n|-singleturn|p2b: Aegislash|Protect\n|move|p2a: Spicy cheeto|Fake Out|p1b: Primarina\n|-activate|p1b: Primarina|move: Protect\n|\n|-heal|p1b: Primarina|43/100|[from] item: Leftovers\n|-heal|p2b: Aegislash|44/100|[from] item: Leftovers\n|upkeep\n|turn|7\n|\n|t:|1776581471\n|move|p1a: Kommo-o|Clanging Scales|p2b: Aegislash|[spread] p2a,p2b\n|-resisted|p2b: Aegislash|1\n|-damage|p2a: Spicy cheeto|0 fnt\n|-damage|p2b: Aegislash|27/100\n|faint|p2a: Spicy cheeto\n|-unboost|p1a: Kommo-o|def|1\n|move|p1b: Primarina|Hyper Voice|p2b: Aegislash\n|-damage|p2b: Aegislash|0 fnt\n|faint|p2b: Aegislash\n|\n|-heal|p1b: Primarina|49/100|[from] item: Leftovers\n|upkeep\n|\n|t:|1776581484\n|switch|p2a: Starmie|Starmie-Mega, L50|41/100\n|turn|8\n|\n|t:|1776581496\n|move|p2a: Starmie|Self-Destruct|p1b: Primarina|[spread] p1a,p1b\n|-damage|p1a: Kommo-o|0 fnt\n|-damage|p1b: Primarina|0 fnt\n|faint|p2a: Starmie\n|faint|p1a: Kommo-o\n|faint|p1b: Primarina\n|\n|win|BenjaZap\n|raw|BenjaZap's rating: 1000 &rarr; <strong>1041</strong><br />(+41 for winning)\n|raw|Amflame555's rating: 1006 &rarr; <strong>1000</strong><br />(-6 for losing)\n",
  "uploadtime": 1776581515,
  "views": 7,
  "formatid": "gen9championsvgc2026regma",
  "rating": 1000,
  "private": 0,
  "password": null
}