{
  "id": "gen9championsvgc2026regma-2580634352",
  "format": "[Gen 9 Champions] VGC 2026 Reg M-A",
  "players": [
    "Johnson the Goon",
    "nextxenp"
  ],
  "log": "|j|\u2606Johnson the Goon\n|j|\u2606nextxenp\n|t:|1775919981\n|gametype|doubles\n|player|p1|Johnson the Goon|biker-gen4|1128\n|player|p2|nextxenp|skier|1115\n|gen|9\n|tier|[Gen 9 Champions] VGC 2026 Reg M-A\n|rated|\n|rule|Species Clause: Limit one of each Pok\u00e9mon\n|rule|Item Clause: Limit 1 of each item\n|clearpoke\n|poke|p1|Delphox, L50, F|\n|poke|p1|Garchomp, L50, M|\n|poke|p1|Farigiraf, L50, F|\n|poke|p1|Sneasler, L50, M|\n|poke|p1|Whimsicott, L50, M|\n|poke|p1|Rotom-Wash, L50|\n|poke|p2|Gengar, L50, F|\n|poke|p2|Incineroar, L50, M|\n|poke|p2|Sinistcha, L50|\n|poke|p2|Kingambit, L50, M|\n|poke|p2|Tyranitar, L50, F|\n|poke|p2|Kommo-o, L50, F|\n|teampreview|4\n|\n|t:|1775920012\n|teamsize|p1|4\n|teamsize|p2|4\n|start\n|switch|p1a: Delphox|Delphox, L50, F|100/100\n|switch|p1b: Whimsicott|Whimsicott, L50, M|100/100\n|switch|p2a: Gengar|Gengar, L50, F|100/100\n|switch|p2b: Incineroar|Incineroar, L50, M|100/100\n|-ability|p2b: Incineroar|Intimidate|boost\n|-unboost|p1a: Delphox|atk|1\n|-unboost|p1b: Whimsicott|atk|1\n|turn|1\n|\n|t:|1775920044\n|switch|p1b: Farigiraf|Farigiraf, L50, F|100/100\n|detailschange|p1a: Delphox|Delphox-Mega, L50, F\n|-mega|p1a: Delphox|Delphox|Delphoxite\n|detailschange|p2a: Gengar|Gengar-Mega, L50, F\n|-mega|p2a: Gengar|Gengar|Gengarite\n|move|p2b: Incineroar|Fake Out||[still]\n|cant|p1b: Farigiraf|ability: Armor Tail|Fake Out|[of] p2b: Incineroar\n|move|p1a: Delphox|Psychic|p2a: Gengar\n|-supereffective|p2a: Gengar|1\n|-damage|p2a: Gengar|0 fnt\n|faint|p2a: Gengar\n|\n|upkeep\n|\n|t:|1775920062\n|switch|p2a: Kommo-o|Kommo-o, L50, F|100/100\n|turn|2\n|\n|t:|1775920078\n|move|p1a: Delphox|Psychic|p2a: Kommo-o\n|-supereffective|p2a: Kommo-o|1\n|-damage|p2a: Kommo-o|0 fnt\n|faint|p2a: Kommo-o\n|move|p1b: Farigiraf|Psychic|p2b: Incineroar\n|-immune|p2b: Incineroar\n|move|p2b: Incineroar|Throat Chop|p1a: Delphox\n|-supereffective|p1a: Delphox|1\n|-damage|p1a: Delphox|6/100\n|-start|p1a: Delphox|Throat Chop|[silent]\n|\n|upkeep\n|\n|t:|1775920087\n|switch|p2a: Sinistcha|Sinistcha, L50|100/100\n|turn|3\n|\n|t:|1775920099\n|switch|p1b: Sneasler|Sneasler, L50, M|100/100\n|move|p1a: Delphox|Protect|p1a: Delphox\n|-singleturn|p1a: Delphox|Protect\n|move|p2a: Sinistcha|Protect|p2a: Sinistcha\n|-singleturn|p2a: Sinistcha|Protect\n|move|p2b: Incineroar|Throat Chop|p1a: Delphox\n|-activate|p1a: Delphox|move: Protect\n|\n|-end|p1a: Delphox|Throat Chop|[silent]\n|upkeep\n|turn|4\n|\n|t:|1775920122\n|switch|p1a: Whimsicott|Whimsicott, L50, M|100/100\n|move|p1b: Sneasler|Fake Out|p2b: Incineroar\n|-damage|p2b: Incineroar|87/100\n|move|p2a: Sinistcha|Matcha Gotcha|p1a: Whimsicott|[spread] p1a,p1b\n|-resisted|p1a: Whimsicott|1\n|-resisted|p1b: Sneasler|1\n|-damage|p1a: Whimsicott|80/100\n|-damage|p1b: Sneasler|84/100\n|cant|p2b: Incineroar|flinch\n|\n|upkeep\n|turn|5\n|\n|t:|1775920142\n|move|p1a: Whimsicott|Taunt|p2a: Sinistcha\n|-start|p2a: Sinistcha|move: Taunt\n|move|p1b: Sneasler|Close Combat|p2b: Incineroar\n|-supereffective|p2b: Incineroar|1\n|-damage|p2b: Incineroar|0 fnt\n|-unboost|p1b: Sneasler|def|1\n|-unboost|p1b: Sneasler|spd|1\n|faint|p2b: Incineroar\n|move|p2a: Sinistcha|Matcha Gotcha|p1a: Whimsicott|[spread] p1a,p1b\n|-resisted|p1a: Whimsicott|1\n|-resisted|p1b: Sneasler|1\n|-damage|p1a: Whimsicott|59/100\n|-damage|p1b: Sneasler|58/100\n|\n|upkeep\n|turn|6\n|\n|t:|1775920157\n|move|p1b: Sneasler|Dire Claw|p2a: Sinistcha\n|-damage|p2a: Sinistcha|63/100\n|move|p1a: Whimsicott|Moonblast|p2a: Sinistcha\n|-damage|p2a: Sinistcha|28/100\n|-unboost|p2a: Sinistcha|spa|1\n|-enditem|p2a: Sinistcha|Sitrus Berry|[eat]\n|-heal|p2a: Sinistcha|53/100|[from] item: Sitrus Berry\n|move|p2a: Sinistcha|Matcha Gotcha|p1b: Sneasler|[spread] p1a,p1b\n|-resisted|p1a: Whimsicott|1\n|-resisted|p1b: Sneasler|1\n|-damage|p1a: Whimsicott|46/100\n|-heal|p2a: Sinistcha|58/100|[from] drain|[of] p1a: Whimsicott\n|-damage|p1b: Sneasler|41/100\n|-heal|p2a: Sinistcha|66/100|[from] drain|[of] p1b: Sneasler\n|-status|p1a: Whimsicott|brn\n|-status|p1b: Sneasler|brn\n|\n|-damage|p1b: Sneasler|36/100 brn|[from] brn\n|-damage|p1a: Whimsicott|40/100 brn|[from] brn\n|upkeep\n|turn|7\n|\n|t:|1775920178\n|move|p1b: Sneasler|Dire Claw|p2a: Sinistcha\n|-damage|p2a: Sinistcha|46/100\n|move|p1a: Whimsicott|Moonblast|p2a: Sinistcha\n|-damage|p2a: Sinistcha|14/100\n|move|p2a: Sinistcha|Matcha Gotcha|p1b: Sneasler|[spread] p1a,p1b\n|-resisted|p1a: Whimsicott|1\n|-resisted|p1b: Sneasler|1\n|-damage|p1a: Whimsicott|28/100 brn\n|-heal|p2a: Sinistcha|19/100|[from] drain|[of] p1a: Whimsicott\n|-damage|p1b: Sneasler|20/100 brn\n|-heal|p2a: Sinistcha|26/100|[from] drain|[of] p1b: Sneasler\n|\n|-damage|p1b: Sneasler|15/100 brn|[from] brn\n|-damage|p1a: Whimsicott|22/100 brn|[from] brn\n|-end|p2a: Sinistcha|move: Taunt\n|upkeep\n|turn|8\n|c|\u2606Johnson the Goon|gg\n|\n|t:|1775920196\n|move|p2a: Sinistcha|Protect|p2a: Sinistcha\n|-singleturn|p2a: Sinistcha|Protect\n|move|p1a: Whimsicott|Taunt|p2a: Sinistcha\n|-activate|p2a: Sinistcha|move: Protect\n|move|p1b: Sneasler|Dire Claw|p2a: Sinistcha\n|-activate|p2a: Sinistcha|move: Protect\n|\n|-damage|p1b: Sneasler|9/100 brn|[from] brn\n|-damage|p1a: Whimsicott|16/100 brn|[from] brn\n|upkeep\n|turn|9\n|\n|t:|1775920208\n|move|p1b: Sneasler|Dire Claw|p2a: Sinistcha\n|-damage|p2a: Sinistcha|7/100\n|move|p1a: Whimsicott|Moonblast|p2a: Sinistcha\n|-damage|p2a: Sinistcha|0 fnt\n|faint|p2a: Sinistcha\n|\n|win|Johnson the Goon\n|raw|Johnson the Goon's rating: 1128 &rarr; <strong>1152</strong><br />(+24 for winning)\n|raw|nextxenp's rating: 1115 &rarr; <strong>1091</strong><br />(-24 for losing)\n|l|\u2606Johnson the Goon\n|player|p1|\n",
  "uploadtime": 1775920259,
  "views": 29,
  "formatid": "gen9championsvgc2026regma",
  "rating": 1091,
  "private": 0,
  "password": null
}