{
  "id": "gen9championsvgc2026regma-2583891574",
  "format": "[Gen 9 Champions] VGC 2026 Reg M-A",
  "players": [
    "sneaky lago",
    "RolandGT"
  ],
  "log": "|j|\u2606sneaky lago\n|j|\u2606RolandGT\n|t:|1776205940\n|gametype|doubles\n|player|p1|sneaky lago|rood|1107\n|player|p2|RolandGT|veteran|1089\n|gen|9\n|tier|[Gen 9 Champions] VGC 2026 Reg M-A\n|rated|\n|rule|Species Clause: Limit one of each Pok\u00e9mon\n|rule|Item Clause: Limit 1 of each item\n|clearpoke\n|poke|p1|Incineroar, L50, M|\n|poke|p1|Farigiraf, L50, F|\n|poke|p1|Golurk, L50|\n|poke|p1|Sneasler, L50, F|\n|poke|p1|Torkoal, L50, M|\n|poke|p1|Venusaur, L50, M|\n|poke|p2|Roserade, L50, F|\n|poke|p2|Lucario, L50, M|\n|poke|p2|Maushold, L50|\n|poke|p2|Quaquaval, L50, M|\n|poke|p2|Farigiraf, L50, M|\n|poke|p2|Alakazam, L50, F|\n|teampreview|4\n|inactive|Battle timer is ON: inactive players will automatically lose when time's up. (requested by RolandGT)\n|inactive|sneaky lago has 60 seconds left.\n|inactive|RolandGT has 60 seconds left.\n|\n|t:|1776206001\n|teamsize|p1|4\n|teamsize|p2|4\n|start\n|switch|p1a: Farigiraf|Farigiraf, L50, F|100/100\n|switch|p1b: Incineroar|Incineroar, L50, M|100/100\n|switch|p2a: Maushold|Maushold, L50|100/100\n|switch|p2b: Roserade|Roserade, L50, F, shiny|100/100\n|-ability|p1b: Incineroar|Intimidate|boost\n|-unboost|p2a: Maushold|atk|1\n|-unboost|p2b: Roserade|atk|1\n|turn|1\n|\n|t:|1776206018\n|switch|p2b: Farigiraf|Farigiraf, L50, M|100/100\n|move|p2a: Maushold|Rain Dance|p2a: Maushold\n|-weather|RainDance\n|move|p1b: Incineroar|Flare Blitz|p2b: Farigiraf\n|-damage|p2b: Farigiraf|82/100\n|-status|p2b: Farigiraf|brn\n|-damage|p1b: Incineroar|94/100|[from] Recoil\n|move|p1a: Farigiraf|Trick Room|p1a: Farigiraf\n|-fieldstart|move: Trick Room|[of] p1a: Farigiraf\n|\n|-weather|RainDance|[upkeep]\n|-damage|p2b: Farigiraf|75/100 brn|[from] brn\n|upkeep\n|turn|2\n|inactive|sneaky lago has 30 seconds left.\n|\n|t:|1776206049\n|move|p1a: Farigiraf|Helping Hand|p1b: Incineroar\n|-singleturn|p1b: Incineroar|Helping Hand|[of] p1a: Farigiraf\n|move|p2b: Farigiraf|Hyper Voice|p1a: Farigiraf|[spread] p1a,p1b\n|-damage|p1a: Farigiraf|63/100\n|-damage|p1b: Incineroar|68/100\n|move|p1b: Incineroar|Throat Chop|p2b: Farigiraf\n|-supereffective|p2b: Farigiraf|1\n|-damage|p2b: Farigiraf|0 fnt\n|faint|p2b: Farigiraf\n|move|p2a: Maushold|Rain Dance||[still]\n|-fail|p2a: Maushold\n|\n|-weather|RainDance|[upkeep]\n|-heal|p1a: Farigiraf|70/100|[from] item: Leftovers\n|upkeep\n|\n|t:|1776206062\n|switch|p2b: Lucario|Lucario, L50, M, shiny|100/100\n|turn|3\n|\n|t:|1776206073\n|switch|p2a: Roserade|Roserade, L50, F, shiny|100/100\n|detailschange|p2b: Lucario|Lucario-Mega, L50, M, shiny\n|-mega|p2b: Lucario|Lucario|Lucarionite\n|move|p1a: Farigiraf|Helping Hand|p1b: Incineroar\n|-singleturn|p1b: Incineroar|Helping Hand|[of] p1a: Farigiraf\n|move|p1b: Incineroar|Flare Blitz|p2b: Lucario\n|-supereffective|p2b: Lucario|1\n|-damage|p2b: Lucario|4/100\n|-damage|p1b: Incineroar|44/100|[from] Recoil\n|-enditem|p1b: Incineroar|Sitrus Berry|[eat]\n|-heal|p1b: Incineroar|69/100|[from] item: Sitrus Berry\n|move|p2b: Lucario|Drain Punch|p1b: Incineroar\n|-supereffective|p1b: Incineroar|1\n|-damage|p1b: Incineroar|0 fnt\n|-heal|p2b: Lucario|50/100|[from] drain|[of] p1b: Incineroar\n|faint|p1b: Incineroar\n|\n|-weather|RainDance|[upkeep]\n|-heal|p1a: Farigiraf|76/100|[from] item: Leftovers\n|upkeep\n|\n|t:|1776206093\n|switch|p1b: Venusaur|Venusaur, L50, M|100/100\n|turn|4\n|\n|t:|1776206110\n|detailschange|p1b: Venusaur|Venusaur-Mega, L50, M\n|-mega|p1b: Venusaur|Venusaur|Venusaurite\n|move|p2b: Lucario|Protect|p2b: Lucario\n|-singleturn|p2b: Lucario|Protect\n|move|p1a: Farigiraf|Psychic|p2a: Roserade\n|-supereffective|p2a: Roserade|1\n|-damage|p2a: Roserade|18/100\n|move|p2a: Roserade|Extrasensory|p1b: Venusaur\n|-supereffective|p1b: Venusaur|1\n|-damage|p1b: Venusaur|45/100\n|move|p1b: Venusaur|Earth Power|p2b: Lucario\n|-activate|p2b: Lucario|move: Protect\n|\n|-weather|RainDance|[upkeep]\n|-heal|p1a: Farigiraf|82/100|[from] item: Leftovers\n|-heal|p2a: Roserade|24/100|[from] item: Leftovers\n|upkeep\n|turn|5\n|\n|t:|1776206126\n|switch|p2b: Maushold|Maushold, L50|100/100\n|move|p2a: Roserade|Protect|p2a: Roserade\n|-singleturn|p2a: Roserade|Protect\n|move|p1a: Farigiraf|Psychic|p2a: Roserade\n|-activate|p2a: Roserade|move: Protect\n|move|p1b: Venusaur|Earth Power|p2b: Maushold\n|-damage|p2b: Maushold|56/100\n|\n|-weather|none\n|-heal|p1a: Farigiraf|88/100|[from] item: Leftovers\n|-heal|p2a: Roserade|30/100|[from] item: Leftovers\n|-fieldend|move: Trick Room\n|upkeep\n|turn|6\n|inactive|sneaky lago has 30 seconds left.\n|\n|t:|1776206152\n|move|p1b: Venusaur|Protect|p1b: Venusaur\n|-singleturn|p1b: Venusaur|Protect\n|move|p2b: Maushold|Follow Me|p2b: Maushold\n|-singleturn|p2b: Maushold|move: Follow Me\n|move|p2a: Roserade|Sleep Powder|p1a: Farigiraf|[miss]\n|-miss|p2a: Roserade|p1a: Farigiraf\n|move|p1a: Farigiraf|Trick Room|p1a: Farigiraf\n|-fieldstart|move: Trick Room|[of] p1a: Farigiraf\n|\n|-heal|p1a: Farigiraf|94/100|[from] item: Leftovers\n|-heal|p2a: Roserade|36/100|[from] item: Leftovers\n|upkeep\n|turn|7\n|\n|t:|1776206172\n|move|p2b: Maushold|Follow Me|p2b: Maushold\n|-singleturn|p2b: Maushold|move: Follow Me\n|move|p1a: Farigiraf|Hyper Voice|p2a: Roserade|[spread] p2a,p2b\n|-damage|p2a: Roserade|14/100\n|-damage|p2b: Maushold|24/100\n|move|p2a: Roserade|Extrasensory|p1b: Venusaur\n|-supereffective|p1b: Venusaur|1\n|-damage|p1b: Venusaur|0 fnt\n|faint|p1b: Venusaur\n|\n|-heal|p1a: Farigiraf|100/100|[from] item: Leftovers\n|-heal|p2a: Roserade|20/100|[from] item: Leftovers\n|upkeep\n|\n|t:|1776206182\n|switch|p1b: Sneasler|Sneasler, L50, F|100/100\n|turn|8\n|\n|t:|1776206212\n|switch|p2a: Lucario|Lucario-Mega, L50, M, shiny|50/100\n|move|p1b: Sneasler|Fake Out|p2a: Lucario\n|-resisted|p2a: Lucario|1\n|-damage|p2a: Lucario|43/100\n|move|p2b: Maushold|Follow Me|p2b: Maushold\n|-singleturn|p2b: Maushold|move: Follow Me\n|move|p1a: Farigiraf|Hyper Voice|p2b: Maushold|[spread] p2a,p2b\n|-resisted|p2a: Lucario|1\n|-damage|p2a: Lucario|30/100\n|-damage|p2b: Maushold|0 fnt\n|faint|p2b: Maushold\n|\n|upkeep\n|\n|t:|1776206223\n|switch|p2b: Roserade|Roserade, L50, F, shiny|20/100\n|turn|9\n|\n|t:|1776206235\n|move|p2b: Roserade|Protect|p2b: Roserade\n|-singleturn|p2b: Roserade|Protect\n|move|p1a: Farigiraf|Psychic|p2b: Roserade\n|-activate|p2b: Roserade|move: Protect\n|move|p2a: Lucario|Drain Punch|p1a: Farigiraf\n|-damage|p1a: Farigiraf|63/100\n|-heal|p2a: Lucario|58/100|[from] drain|[of] p1a: Farigiraf\n|move|p1b: Sneasler|Close Combat|p2a: Lucario\n|-supereffective|p2a: Lucario|1\n|-damage|p2a: Lucario|0 fnt\n|-unboost|p1b: Sneasler|def|1\n|-unboost|p1b: Sneasler|spd|1\n|faint|p2a: Lucario\n|-enditem|p1b: Sneasler|White Herb\n|-clearnegativeboost|p1b: Sneasler|[silent]\n|\n|-heal|p1a: Farigiraf|70/100|[from] item: Leftovers\n|-heal|p2b: Roserade|26/100|[from] item: Leftovers\n|upkeep\n|turn|10\n|\n|t:|1776206257\n|move|p1a: Farigiraf|Psychic|p2b: Roserade\n|-supereffective|p2b: Roserade|1\n|-damage|p2b: Roserade|0 fnt\n|faint|p2b: Roserade\n|\n|win|sneaky lago\n|raw|sneaky lago's rating: 1107 &rarr; <strong>1131</strong><br />(+24 for winning)\n|raw|RolandGT's rating: 1089 &rarr; <strong>1067</strong><br />(-22 for losing)\n",
  "uploadtime": 1776206352,
  "views": 28,
  "formatid": "gen9championsvgc2026regma",
  "rating": 1067,
  "private": 0,
  "password": null
}