{
  "id": "gen9championsvgc2026regma-2588622973",
  "format": "[Gen 9 Champions] VGC 2026 Reg M-A",
  "players": [
    "KuroiRyu1122",
    "nngf\u9b3c\u8749\u4fa0"
  ],
  "log": "|j|\u2606KuroiRyu1122\n|j|\u2606nngf\u9b3c\u8749\u4fa0\n|t:|1776651095\n|gametype|doubles\n|player|p1|KuroiRyu1122|1|1286\n|player|p2|nngf\u9b3c\u8749\u4fa0|bugsy|1285\n|gen|9\n|tier|[Gen 9 Champions] VGC 2026 Reg M-A\n|rated|\n|rule|Species Clause: Limit one of each Pok\u00e9mon\n|rule|Item Clause: Limit 1 of each item\n|clearpoke\n|poke|p1|Feraligatr, L50, F, shiny|\n|poke|p1|Talonflame, L50, M, shiny|\n|poke|p1|Sinistcha, L50, shiny|\n|poke|p1|Kingambit, L50, M, shiny|\n|poke|p1|Sneasler, L50, M, shiny|\n|poke|p1|Gardevoir, L50, M, shiny|\n|poke|p2|Sinistcha, L50|\n|poke|p2|Ampharos, L50, F|\n|poke|p2|Kangaskhan, L50, F|\n|poke|p2|Basculegion, L50, M|\n|poke|p2|Politoed, L50, F|\n|poke|p2|Whimsicott, L50, M|\n|teampreview|4\n|inactive|Battle timer is ON: inactive players will automatically lose when time's up. (requested by KuroiRyu1122)\n|inactive|KuroiRyu1122 has 60 seconds left.\n|inactive|nngf\u9b3c\u8749\u4fa0 has 60 seconds left.\n|\n|t:|1776651150\n|teamsize|p1|4\n|teamsize|p2|4\n|start\n|switch|p1a: Feraligatr|Feraligatr, L50, F, shiny|100/100\n|switch|p1b: Sinistcha|Sinistcha, L50, shiny|100/100\n|switch|p2a: Whimsicott|Whimsicott, L50, M|100/100\n|switch|p2b: Kangaskhan|Kangaskhan, L50, F|100/100\n|turn|1\n|\n|t:|1776651168\n|move|p1a: Feraligatr|Protect|p1a: Feraligatr\n|-singleturn|p1a: Feraligatr|Protect\n|move|p2b: Kangaskhan|Fake Out|p1b: Sinistcha\n|-damage|p1b: Sinistcha|87/100\n|move|p2a: Whimsicott|Tailwind|p2a: Whimsicott\n|-sidestart|p2: nngf\u9b3c\u8749\u4fa0|move: Tailwind\n|cant|p1b: Sinistcha|flinch\n|\n|upkeep\n|turn|2\n|\n|t:|1776651182\n|switch|p1a: Kingambit|Kingambit, L50, M, shiny|100/100\n|move|p2a: Whimsicott|Encore|p1a: Kingambit\n|-hint|Since gen 7, Dark is immune to Prankster moves.\n|-immune|p1a: Kingambit\n|move|p2b: Kangaskhan|Last Resort|p1b: Sinistcha\n|-damage|p1b: Sinistcha|40/100\n|-enditem|p1b: Sinistcha|Sitrus Berry|[eat]\n|-heal|p1b: Sinistcha|65/100|[from] item: Sitrus Berry\n|move|p1b: Sinistcha|Matcha Gotcha|p2b: Kangaskhan|[spread] p2a,p2b\n|-resisted|p2a: Whimsicott|1\n|-damage|p2a: Whimsicott|86/100\n|-heal|p1b: Sinistcha|71/100|[from] drain|[of] p2a: Whimsicott\n|-damage|p2b: Kangaskhan|77/100\n|-heal|p1b: Sinistcha|85/100|[from] drain|[of] p2b: Kangaskhan\n|\n|upkeep\n|turn|3\n|\n|t:|1776651204\n|move|p2a: Whimsicott|Moonblast|p1a: Kingambit\n|-damage|p1a: Kingambit|74/100\n|move|p2b: Kangaskhan|Last Resort|p1b: Sinistcha\n|-damage|p1b: Sinistcha|38/100\n|move|p1a: Kingambit|Iron Head|p2a: Whimsicott\n|-supereffective|p2a: Whimsicott|1\n|-damage|p2a: Whimsicott|0 fnt\n|faint|p2a: Whimsicott\n|move|p1b: Sinistcha|Trick Room|p1b: Sinistcha\n|-fieldstart|move: Trick Room|[of] p1b: Sinistcha\n|\n|-heal|p1a: Kingambit|80/100|[from] item: Leftovers\n|upkeep\n|\n|t:|1776651212\n|switch|p2a: Politoed|Politoed, L50, F|100/100\n|-weather|RainDance|[from] ability: Drizzle|[of] p2a: Politoed\n|turn|4\n|\n|t:|1776651225\n|move|p2a: Politoed|Protect|p2a: Politoed\n|-singleturn|p2a: Politoed|Protect\n|move|p1a: Kingambit|Kowtow Cleave|p2b: Kangaskhan\n|-damage|p2b: Kangaskhan|22/100\n|move|p1b: Sinistcha|Matcha Gotcha|p2b: Kangaskhan|[spread] \n|-activate|p2a: Politoed|move: Protect\n|-miss|p1b: Sinistcha|p2b: Kangaskhan\n|move|p2b: Kangaskhan|Last Resort|p1b: Sinistcha\n|-crit|p1b: Sinistcha\n|-damage|p1b: Sinistcha|0 fnt\n|faint|p1b: Sinistcha\n|\n|-weather|RainDance|[upkeep]\n|-heal|p1a: Kingambit|86/100|[from] item: Leftovers\n|-sideend|p2: nngf\u9b3c\u8749\u4fa0|move: Tailwind\n|upkeep\n|c|\u2606KuroiRyu1122|dude\n|\n|t:|1776651238\n|switch|p1b: Feraligatr|Feraligatr, L50, F, shiny|100/100\n|turn|5\n|\n|t:|1776651257\n|detailschange|p1b: Feraligatr|Feraligatr-Mega, L50, F, shiny\n|-mega|p1b: Feraligatr|Feraligatr|Feraligite\n|detailschange|p2b: Kangaskhan|Kangaskhan-Mega, L50, F\n|-mega|p2b: Kangaskhan|Kangaskhan|Kangaskhanite\n|move|p1a: Kingambit|Kowtow Cleave|p2b: Kangaskhan\n|-damage|p2b: Kangaskhan|0 fnt\n|faint|p2b: Kangaskhan\n|move|p2a: Politoed|Weather Ball|p1a: Kingambit\n|-damage|p1a: Kingambit|37/100\n|move|p1b: Feraligatr|Double-Edge|p2a: Politoed\n|-damage|p2a: Politoed|8/100\n|-enditem|p2a: Politoed|Sitrus Berry|[eat]\n|-heal|p2a: Politoed|32/100|[from] item: Sitrus Berry\n|-damage|p1b: Feraligatr|66/100|[from] Recoil\n|\n|-weather|RainDance|[upkeep]\n|-heal|p1a: Kingambit|43/100|[from] item: Leftovers\n|upkeep\n|\n|t:|1776651273\n|switch|p2b: Basculegion|Basculegion, L50, M|100/100\n|turn|6\n|\n|t:|1776651278\n|move|p1a: Kingambit|Sucker Punch|p2b: Basculegion\n|-supereffective|p2b: Basculegion|1\n|-damage|p2b: Basculegion|3/100\n|move|p2a: Politoed|Weather Ball|p1a: Kingambit\n|-damage|p1a: Kingambit|0 fnt\n|faint|p1a: Kingambit\n|move|p1b: Feraligatr|Double-Edge|p2a: Politoed\n|-damage|p2a: Politoed|0 fnt\n|faint|p2a: Politoed\n|-damage|p1b: Feraligatr|53/100|[from] Recoil\n|move|p2b: Basculegion|Last Respects|p1b: Feraligatr\n|-damage|p1b: Feraligatr|0 fnt\n|faint|p1b: Feraligatr\n|\n|-weather|RainDance|[upkeep]\n|upkeep\n|c|\u2606KuroiRyu1122|fuck rng\n|\n|t:|1776651291\n|switch|p1b: Sneasler|Sneasler, L50, M, shiny|100/100\n|turn|7\n|\n|t:|1776651295\n|move|p1b: Sneasler|Dire Claw|p2b: Basculegion\n|-resisted|p2b: Basculegion|1\n|-damage|p2b: Basculegion|0 fnt\n|faint|p2b: Basculegion\n|\n|win|KuroiRyu1122\n|raw|KuroiRyu1122's rating: 1286 &rarr; <strong>1311</strong><br />(+25 for winning)\n|raw|nngf\u9b3c\u8749\u4fa0's rating: 1285 &rarr; <strong>1260</strong><br />(-25 for losing)\n",
  "uploadtime": 1776651299,
  "views": 35,
  "formatid": "gen9championsvgc2026regma",
  "rating": 1260,
  "private": 0,
  "password": null
}