{
  "id": "gen9championsvgc2026regma-2588297587",
  "format": "[Gen 9 Champions] VGC 2026 Reg M-A",
  "players": [
    "dawod",
    "loyalgame"
  ],
  "log": "|j|\u2606dawod\n|j|\u2606loyalgame\n|t:|1776621984\n|gametype|doubles\n|player|p1|dawod|crasherwake|1284\n|player|p2|loyalgame|102|1333\n|gen|9\n|tier|[Gen 9 Champions] VGC 2026 Reg M-A\n|rated|\n|rule|Species Clause: Limit one of each Pok\u00e9mon\n|rule|Item Clause: Limit 1 of each item\n|clearpoke\n|poke|p1|Scovillain, L50, M|\n|poke|p1|Incineroar, L50, F|\n|poke|p1|Farigiraf, L50, M|\n|poke|p1|Gallade, L50, M|\n|poke|p1|Kingambit, L50, F|\n|poke|p1|Pelipper, L50, M|\n|poke|p2|Starmie, L50, shiny|\n|poke|p2|Pelipper, L50, F, shiny|\n|poke|p2|Scizor, L50, M, shiny|\n|poke|p2|Garchomp, L50, M, shiny|\n|poke|p2|Sneasler, L50, M, shiny|\n|poke|p2|Ampharos, L50, F, shiny|\n|teampreview|4\n|\n|t:|1776622003\n|teamsize|p1|4\n|teamsize|p2|4\n|start\n|switch|p1a: Farigiraf|Farigiraf, L50, M|100/100\n|switch|p1b: Scovillain|Scovillain, L50, M|100/100\n|switch|p2a: Pelipper|Pelipper, L50, F, shiny|100/100\n|switch|p2b: Sneasler|Sneasler, L50, M, shiny|100/100\n|-weather|RainDance|[from] ability: Drizzle|[of] p2a: Pelipper\n|turn|1\n|\n|t:|1776622023\n|move|p1b: Scovillain|Protect|p1b: Scovillain\n|-singleturn|p1b: Scovillain|Protect\n|move|p2b: Sneasler|Poison Jab|p1a: Farigiraf\n|-damage|p1a: Farigiraf|55/100\n|move|p2a: Pelipper|Hurricane|p1b: Scovillain\n|-activate|p1b: Scovillain|move: Protect\n|move|p1a: Farigiraf|Trick Room|p1a: Farigiraf\n|-fieldstart|move: Trick Room|[of] p1a: Farigiraf\n|\n|-weather|RainDance|[upkeep]\n|-ability|p1b: Scovillain|Moody|boost\n|-boost|p1b: Scovillain|spd|2\n|-unboost|p1b: Scovillain|spa|1\n|upkeep\n|turn|2\n|inactive|Battle timer is ON: inactive players will automatically lose when time's up. (requested by loyalgame)\n|\n|t:|1776622039\n|detailschange|p1b: Scovillain|Scovillain-Mega, L50, M\n|-mega|p1b: Scovillain|Scovillain|Scovillainite\n|move|p2b: Sneasler|Protect|p2b: Sneasler\n|-singleturn|p2b: Sneasler|Protect\n|move|p1b: Scovillain|Rage Powder|p1b: Scovillain\n|-singleturn|p1b: Scovillain|move: Rage Powder\n|move|p1a: Farigiraf|Nasty Plot|p1a: Farigiraf\n|-boost|p1a: Farigiraf|spa|2\n|move|p2a: Pelipper|Hurricane|p1b: Scovillain\n|-supereffective|p1b: Scovillain|1\n|-damage|p1b: Scovillain|52/100\n|-status|p2a: Pelipper|brn|[from] ability: Spicy Spray|[of] p1b: Scovillain\n|\n|-weather|RainDance|[upkeep]\n|-damage|p2a: Pelipper|95/100 brn|[from] brn\n|upkeep\n|turn|3\n|inactive|loyalgame has 30 seconds left.\n|\n|t:|1776622065\n|switch|p2b: Garchomp|Garchomp, L50, M, shiny|100/100\n|move|p2a: Pelipper|Protect|p2a: Pelipper\n|-singleturn|p2a: Pelipper|Protect\n|move|p1b: Scovillain|Rage Powder|p1b: Scovillain\n|-singleturn|p1b: Scovillain|move: Rage Powder\n|move|p1a: Farigiraf|Nasty Plot|p1a: Farigiraf\n|-boost|p1a: Farigiraf|spa|2\n|\n|-weather|RainDance|[upkeep]\n|-damage|p2a: Pelipper|89/100 brn|[from] brn\n|upkeep\n|turn|4\n|\n|t:|1776622088\n|move|p2b: Garchomp|Protect|p2b: Garchomp\n|-singleturn|p2b: Garchomp|Protect\n|move|p1a: Farigiraf|Hyper Voice|p2a: Pelipper|[spread] p2a\n|-activate|p2b: Garchomp|move: Protect\n|-damage|p2a: Pelipper|0 fnt\n|faint|p2a: Pelipper\n|move|p1b: Scovillain|Leaf Storm|p2b: Garchomp\n|-activate|p2b: Garchomp|move: Protect\n|\n|-weather|RainDance|[upkeep]\n|upkeep\n|\n|t:|1776622106\n|switch|p2a: Sneasler|Sneasler, L50, M, shiny|100/100\n|turn|5\n|\n|t:|1776622119\n|move|p2a: Sneasler|Protect|p2a: Sneasler\n|-singleturn|p2a: Sneasler|Protect\n|move|p1b: Scovillain|Rage Powder|p1b: Scovillain\n|-singleturn|p1b: Scovillain|move: Rage Powder\n|move|p1a: Farigiraf|Hyper Voice|p2a: Sneasler|[spread] p2b\n|-activate|p2a: Sneasler|move: Protect\n|-damage|p2b: Garchomp|4/100\n|move|p2b: Garchomp|Earthquake|p1b: Scovillain|[spread] p1a,p1b\n|-activate|p2a: Sneasler|move: Protect\n|-damage|p1a: Farigiraf|0 fnt\n|-damage|p1b: Scovillain|1/100\n|-status|p2b: Garchomp|brn|[from] ability: Spicy Spray|[of] p1b: Scovillain\n|faint|p1a: Farigiraf\n|\n|-weather|none\n|-damage|p2b: Garchomp|0 fnt|[from] brn\n|faint|p2b: Garchomp\n|-fieldend|move: Trick Room\n|upkeep\n|\n|t:|1776622138\n|switch|p2b: Starmie|Starmie, L50, shiny|100/100\n|switch|p1a: Gallade|Gallade, L50, M|100/100\n|turn|6\n|\n|t:|1776622154\n|detailschange|p2b: Starmie|Starmie-Mega, L50, shiny\n|-mega|p2b: Starmie|Starmie|Starminite\n|move|p1b: Scovillain|Rage Powder|p1b: Scovillain\n|-singleturn|p1b: Scovillain|move: Rage Powder\n|move|p2a: Sneasler|Poison Jab|p1b: Scovillain\n|-supereffective|p1b: Scovillain|1\n|-damage|p1b: Scovillain|0 fnt\n|-status|p2a: Sneasler|brn|[from] ability: Spicy Spray|[of] p1b: Scovillain\n|faint|p1b: Scovillain\n|move|p2b: Starmie|Psycho Cut|p1a: Gallade\n|-damage|p1a: Gallade|12/100\n|move|p1a: Gallade|Psycho Cut|p2a: Sneasler\n|-supereffective|p2a: Sneasler|2\n|-damage|p2a: Sneasler|0 fnt\n|faint|p2a: Sneasler\n|\n|upkeep\n|\n|t:|1776622167\n|switch|p1b: Incineroar|Incineroar, L50, F|100/100\n|-ability|p1b: Incineroar|Intimidate|boost\n|-unboost|p2b: Starmie|atk|1\n|turn|7\n|\n|t:|1776622187\n|move|p2b: Starmie|Protect|p2b: Starmie\n|-singleturn|p2b: Starmie|Protect\n|move|p1b: Incineroar|Fake Out|p2b: Starmie\n|-activate|p2b: Starmie|move: Protect\n|move|p1a: Gallade|Trick Room|p1a: Gallade\n|-fieldstart|move: Trick Room|[of] p1a: Gallade\n|\n|upkeep\n|turn|8\n|\n|t:|1776622199\n|move|p2b: Starmie|Aqua Jet|p1a: Gallade\n|-damage|p1a: Gallade|0 fnt\n|faint|p1a: Gallade\n|move|p1b: Incineroar|Darkest Lariat|p2b: Starmie\n|-supereffective|p2b: Starmie|1\n|-damage|p2b: Starmie|0 fnt\n|faint|p2b: Starmie\n|\n|win|dawod\n|raw|dawod's rating: 1284 &rarr; <strong>1313</strong><br />(+29 for winning)\n|raw|loyalgame's rating: 1333 &rarr; <strong>1310</strong><br />(-23 for losing)\n|c|\u2606dawod|ggs\n",
  "uploadtime": 1776622208,
  "views": 13,
  "formatid": "gen9championsvgc2026regma",
  "rating": 1310,
  "private": 0,
  "password": null
}