{
  "id": "gen9championsvgc2026regma-2589510945",
  "format": "[Gen 9 Champions] VGC 2026 Reg M-A",
  "players": [
    "crauli94",
    "the-NIEL"
  ],
  "log": "|j|\u2606crauli94\n|j|\u2606the-NIEL\n|t:|1776729584\n|gametype|doubles\n|player|p1|crauli94|170|1171\n|player|p2|the-NIEL|gambler|1129\n|gen|9\n|tier|[Gen 9 Champions] VGC 2026 Reg M-A\n|rated|\n|rule|Species Clause: Limit one of each Pok\u00e9mon\n|rule|Item Clause: Limit 1 of each item\n|clearpoke\n|poke|p1|Glimmora, L50, M|\n|poke|p1|Corviknight, L50, F|\n|poke|p1|Ninetales-Alola, L50, M|\n|poke|p1|Basculegion, L50, M|\n|poke|p1|Kangaskhan, L50, F|\n|poke|p1|Dragonite, L50, F|\n|poke|p2|Charizard, L50, M|\n|poke|p2|Whimsicott, L50, F|\n|poke|p2|Garchomp, L50, M|\n|poke|p2|Aerodactyl, L50, F|\n|poke|p2|Sneasler, L50, F|\n|poke|p2|Milotic, L50, M|\n|teampreview|4\ncrauli94 rejected open team sheets.\n|\n|t:|1776729632\n|teamsize|p1|4\n|teamsize|p2|4\n|start\n|switch|p1a: Kangaskhan|Kangaskhan, L50, F|100/100\n|switch|p1b: Dragonite|Dragonite, L50, F|100/100\n|switch|p2a: Whimsicott|Whimsicott, L50, F|100/100\n|switch|p2b: Charizard|Charizard, L50, M|100/100\n|turn|1\n|\n|t:|1776729664\n|move|p2a: Whimsicott|Protect|p2a: Whimsicott\n|-singleturn|p2a: Whimsicott|Protect\n|move|p2b: Charizard|Protect|p2b: Charizard\n|-singleturn|p2b: Charizard|Protect\n|move|p1a: Kangaskhan|Fake Out|p2a: Whimsicott\n|-activate|p2a: Whimsicott|move: Protect\n|move|p1b: Dragonite|Tailwind|p1b: Dragonite\n|-sidestart|p1: crauli94|move: Tailwind\n|\n|upkeep\n|turn|2\n|\n|t:|1776729697\n|detailschange|p2b: Charizard|Charizard-Mega-Y, L50, M\n|-mega|p2b: Charizard|Charizard|Charizardite Y\n|-weather|SunnyDay|[from] ability: Drought|[of] p2b: Charizard\n|move|p2a: Whimsicott|Tailwind|p2a: Whimsicott\n|-sidestart|p2: the-NIEL|move: Tailwind\n|move|p2b: Charizard|Weather Ball|p1a: Kangaskhan\n|-damage|p1a: Kangaskhan|0 fnt\n|faint|p1a: Kangaskhan\n|move|p1b: Dragonite|Scale Shot|p2b: Charizard\n|-damage|p2b: Charizard|79/100\n|-damage|p2b: Charizard|59/100\n|-hitcount|p2b: Charizard|2\n|-unboost|p1b: Dragonite|def|1\n|-boost|p1b: Dragonite|spe|1\n|-enditem|p1b: Dragonite|White Herb\n|-clearnegativeboost|p1b: Dragonite|[silent]\n|\n|-weather|SunnyDay|[upkeep]\n|upkeep\n|\n|t:|1776729708\n|switch|p1a: Ninetales|Ninetales-Alola, L50, M|100/100\n|-weather|Snowscape|[from] ability: Snow Warning|[of] p1a: Ninetales\n|turn|3\n|\n|t:|1776729739\n|move|p2b: Charizard|Protect|p2b: Charizard\n|-singleturn|p2b: Charizard|Protect\n|move|p1b: Dragonite|Scale Shot|p2b: Charizard\n|-activate|p2b: Charizard|move: Protect\n|move|p1a: Ninetales|Blizzard|p2b: Charizard|[spread] p2a\n|-activate|p2b: Charizard|move: Protect\n|-supereffective|p2a: Whimsicott|1\n|-damage|p2a: Whimsicott|20/100\n|-enditem|p2a: Whimsicott|Sitrus Berry|[eat]\n|-heal|p2a: Whimsicott|44/100|[from] item: Sitrus Berry\n|move|p2a: Whimsicott|Moonblast|p1b: Dragonite\n|-supereffective|p1b: Dragonite|1\n|-damage|p1b: Dragonite|69/100\n|\n|-weather|Snowscape|[upkeep]\n|upkeep\n|turn|4\n|\n|t:|1776729785\n|switch|p2b: Sneasler|Sneasler, L50, F|100/100\n|move|p2a: Whimsicott|Protect|p2a: Whimsicott\n|-singleturn|p2a: Whimsicott|Protect\n|move|p1b: Dragonite|Scale Shot|p2b: Sneasler\n|-crit|p2b: Sneasler\n|-damage|p2b: Sneasler|65/100\n|-damage|p2b: Sneasler|41/100\n|-damage|p2b: Sneasler|19/100\n|-damage|p2b: Sneasler|0 fnt\n|faint|p2b: Sneasler\n|-hitcount|p2: Sneasler|4\n|-unboost|p1b: Dragonite|def|1\n|-boost|p1b: Dragonite|spe|1\n|move|p1a: Ninetales|Blizzard|p2a: Whimsicott\n|-activate|p2a: Whimsicott|move: Protect\n|\n|-weather|Snowscape|[upkeep]\n|-sideend|p1: crauli94|move: Tailwind\n|upkeep\n|\n|t:|1776729807\n|switch|p2b: Aerodactyl|Aerodactyl, L50, F|100/100\n|-ability|p2b: Aerodactyl|Unnerve\n|turn|5\n|\n|t:|1776729822\n|move|p2b: Aerodactyl|Rock Slide|p1b: Dragonite|[spread] p1a,p1b\n|-supereffective|p1a: Ninetales|1\n|-supereffective|p1b: Dragonite|1\n|-damage|p1a: Ninetales|50/100\n|-damage|p1b: Dragonite|0 fnt\n|faint|p1b: Dragonite\n|move|p2a: Whimsicott|Moonblast|p1a: Ninetales\n|-damage|p1a: Ninetales|20/100\n|cant|p1a: Ninetales|flinch\n|\n|-weather|Snowscape|[upkeep]\n|-sideend|p2: the-NIEL|move: Tailwind\n|upkeep\n|\n|t:|1776729832\n|switch|p1b: Basculegion|Basculegion, L50, M|100/100\n|turn|6\n|\n|t:|1776729863\n|move|p2a: Whimsicott|Tailwind|p2a: Whimsicott\n|-sidestart|p2: the-NIEL|move: Tailwind\n|move|p2b: Aerodactyl|Rock Slide|p1a: Ninetales|[spread] p1a,p1b\n|-supereffective|p1a: Ninetales|1\n|-damage|p1a: Ninetales|0 fnt\n|-damage|p1b: Basculegion|70/100\n|faint|p1a: Ninetales\n|move|p1b: Basculegion|Last Respects|p2b: Aerodactyl\n|-enditem|p2b: Aerodactyl|Focus Sash\n|-damage|p2b: Aerodactyl|1/100\n|\n|-weather|Snowscape|[upkeep]\n|upkeep\n|turn|7\n|\n|t:|1776729894\n|move|p2b: Aerodactyl|Protect|p2b: Aerodactyl\n|-singleturn|p2b: Aerodactyl|Protect\n|move|p2a: Whimsicott|Moonblast|p1b: Basculegion\n|-crit|p1b: Basculegion\n|-damage|p1b: Basculegion|22/100\n|move|p1b: Basculegion|Last Respects|p2b: Aerodactyl\n|-activate|p2b: Aerodactyl|move: Protect\n|\n|-weather|none\n|upkeep\n|turn|8\n|j| YisusNube\n|\n|t:|1776730006\n|move|p2b: Aerodactyl|Dual Wingbeat|p1b: Basculegion\n|-damage|p1b: Basculegion|0 fnt\n|faint|p1b: Basculegion\n|-hitcount|p1: Basculegion|1\n|\n|win|the-NIEL\n",
  "uploadtime": 1776729995,
  "views": 2,
  "formatid": "gen9championsvgc2026regma",
  "rating": null,
  "private": 0,
  "password": null
}