{
  "id": "gen9championsvgc2026regma-2585786192",
  "format": "[Gen 9 Champions] VGC 2026 Reg M-A",
  "players": [
    "buibuiz",
    "darkest_contender"
  ],
  "log": "|j|\u2606buibuiz\n|j|\u2606darkest_contender\n|t:|1776370531\n|gametype|doubles\n|player|p1|buibuiz|cheren-gen5bw2|1198\n|player|p2|darkest_contender|cynthia-masters3|1231\n|gen|9\n|tier|[Gen 9 Champions] VGC 2026 Reg M-A\n|rated|\n|rule|Species Clause: Limit one of each Pok\u00e9mon\n|rule|Item Clause: Limit 1 of each item\n|clearpoke\n|poke|p1|Cofagrigus, L50, F|\n|poke|p1|Sinistcha, L50|\n|poke|p1|Incineroar, L50, M|\n|poke|p1|Primarina, L50, F|\n|poke|p1|Kingambit, L50, F|\n|poke|p1|Conkeldurr, L50, M|\n|poke|p2|Charizard, L50, M|\n|poke|p2|Aegislash, L50, M|\n|poke|p2|Whimsicott, L50, F|\n|poke|p2|Garchomp, L50, M|\n|poke|p2|Incineroar, L50, M|\n|poke|p2|Torkoal, L50, M|\n|teampreview|4\n|inactive|Battle timer is ON: inactive players will automatically lose when time's up. (requested by buibuiz)\n|inactive|buibuiz has 60 seconds left.\n|\n|t:|1776370584\n|teamsize|p1|4\n|teamsize|p2|4\n|start\n|switch|p1a: Cofagrigus|Cofagrigus, L50, F|100/100\n|switch|p1b: Incineroar|Incineroar, L50, M|100/100\n|switch|p2a: Garchomp|Garchomp, L50, M|100/100\n|switch|p2b: Aegislash|Aegislash, L50, M, shiny|100/100\n|-ability|p1b: Incineroar|Intimidate|boost\n|-unboost|p2a: Garchomp|atk|1\n|-unboost|p2b: Aegislash|atk|1\n|turn|1\n|inactive|darkest_contender has 30 seconds left.\n|\n|t:|1776370615\n|move|p2a: Garchomp|Rock Slide|p1a: Cofagrigus|[spread] p1a,p1b\n|-supereffective|p1b: Incineroar|1\n|-damage|p1a: Cofagrigus|91/100\n|-damage|p1b: Incineroar|77/100\n|-formechange|p2b: Aegislash|Aegislash-Blade|\n|move|p2b: Aegislash|Poltergeist|p1a: Cofagrigus\n|-activate|p1a: Cofagrigus|move: Poltergeist|Mental Herb\n|-supereffective|p1a: Cofagrigus|1\n|-damage|p1a: Cofagrigus|44/100\n|cant|p1b: Incineroar|flinch\n|move|p1a: Cofagrigus|Trick Room|p1a: Cofagrigus\n|-fieldstart|move: Trick Room|[of] p1a: Cofagrigus\n|\n|upkeep\n|turn|2\n|inactive|buibuiz has 30 seconds left.\n|\n|t:|1776370642\n|-formechange|p2b: Aegislash|Aegislash|\n|move|p2b: Aegislash|King's Shield|p2b: Aegislash\n|-singleturn|p2b: Aegislash|Protect\n|move|p1a: Cofagrigus|Ally Switch|p1a: Cofagrigus\n|swap|p1a: Cofagrigus|1|[from] move: Ally Switch\n|move|p1a: Incineroar|Parting Shot|p2b: Aegislash\n|-unboost|p2b: Aegislash|atk|1\n|-unboost|p2b: Aegislash|spa|1\n|\n|t:|1776370650\n|switch|p1a: Kingambit|Kingambit, L50, F|100/100|[from] Parting Shot\n|move|p2a: Garchomp|Rock Slide|p1b: Cofagrigus|[spread] p1a,p1b\n|-resisted|p1a: Kingambit|1\n|-damage|p1a: Kingambit|95/100\n|-damage|p1b: Cofagrigus|36/100\n|\n|upkeep\n|turn|3\n|\n|t:|1776370664\n|move|p1b: Cofagrigus|Will-O-Wisp|p2a: Garchomp\n|-status|p2a: Garchomp|brn\n|move|p1a: Kingambit|Kowtow Cleave|p2b: Aegislash\n|-supereffective|p2b: Aegislash|1\n|-damage|p2b: Aegislash|5/100\n|-formechange|p2b: Aegislash|Aegislash-Blade|\n|move|p2b: Aegislash|Poltergeist|p1b: Cofagrigus\n|-activate|p1b: Cofagrigus|move: Poltergeist|Mental Herb\n|-supereffective|p1b: Cofagrigus|1\n|-damage|p1b: Cofagrigus|0 fnt\n|faint|p1b: Cofagrigus\n|move|p2a: Garchomp|Rock Slide|p1a: Kingambit\n|-resisted|p1a: Kingambit|1\n|-damage|p1a: Kingambit|91/100\n|\n|-damage|p2a: Garchomp|94/100 brn|[from] brn\n|upkeep\n|\n|t:|1776370682\n|switch|p1b: Primarina|Primarina, L50, F|100/100\n|turn|4\n|\n|t:|1776370705\n|-formechange|p2b: Aegislash|Aegislash|\n|move|p2b: Aegislash|King's Shield|p2b: Aegislash\n|-singleturn|p2b: Aegislash|Protect\n|move|p1a: Kingambit|Kowtow Cleave|p2a: Garchomp\n|-damage|p2a: Garchomp|39/100 brn\n|-damage|p1a: Kingambit|79/100|[from] ability: Rough Skin|[of] p2a: Garchomp\n|move|p1b: Primarina|Moonblast|p2a: Garchomp\n|-supereffective|p2a: Garchomp|1\n|-damage|p2a: Garchomp|0 fnt\n|faint|p2a: Garchomp\n|\n|upkeep\n|\n|t:|1776370714\n|switch|p2a: Torkoal|Torkoal, L50, M|100/100\n|-weather|SunnyDay|[from] ability: Drought|[of] p2a: Torkoal\n|turn|5\n|inactive|buibuiz has 30 seconds left.\n|\n|t:|1776370741\n|move|p1a: Kingambit|Protect|p1a: Kingambit\n|-singleturn|p1a: Kingambit|Protect\n|move|p2a: Torkoal|Eruption|p1b: Primarina|[spread] p1b\n|-activate|p1a: Kingambit|move: Protect\n|-resisted|p1b: Primarina|1\n|-damage|p1b: Primarina|60/100\n|-formechange|p2b: Aegislash|Aegislash-Blade|\n|move|p2b: Aegislash|Poltergeist|p1b: Primarina\n|-activate|p1b: Primarina|move: Poltergeist|Leftovers\n|-damage|p1b: Primarina|28/100\n|move|p1b: Primarina|Hyper Voice|p2b: Aegislash|[spread] p2a,p2b\n|-supereffective|p2a: Torkoal|1\n|-damage|p2a: Torkoal|53/100\n|-damage|p2b: Aegislash|0 fnt\n|faint|p2b: Aegislash\n|\n|-weather|SunnyDay|[upkeep]\n|-heal|p1b: Primarina|33/100|[from] item: Leftovers\n|-fieldend|move: Trick Room\n|upkeep\n|\n|t:|1776370753\n|switch|p2b: Charizard|Charizard, L50, M|100/100\n|turn|6\n|\n|t:|1776370766\n|detailschange|p2b: Charizard|Charizard-Mega-Y, L50, M\n|-mega|p2b: Charizard|Charizard|Charizardite Y\n|move|p1a: Kingambit|Sucker Punch|p2b: Charizard\n|-damage|p2b: Charizard|30/100\n|move|p2b: Charizard|Heat Wave|p1b: Primarina|[spread] p1b\n|-miss|p2b: Charizard|p1a: Kingambit\n|-resisted|p1b: Primarina|1\n|-damage|p1b: Primarina|5/100\n|move|p1b: Primarina|Hyper Voice|p2a: Torkoal|[spread] p2a,p2b\n|-supereffective|p2a: Torkoal|1\n|-crit|p2a: Torkoal\n|-supereffective|p2b: Charizard|1\n|-damage|p2a: Torkoal|0 fnt\n|-damage|p2b: Charizard|0 fnt\n|faint|p2a: Torkoal\n|faint|p2b: Charizard\n|\n|win|buibuiz\n|raw|buibuiz's rating: 1198 &rarr; <strong>1225</strong><br />(+27 for winning)\n|raw|darkest_contender's rating: 1231 &rarr; <strong>1204</strong><br />(-27 for losing)\n|l|\u2606darkest_contender\n|player|p2|\n",
  "uploadtime": 1776370795,
  "views": 26,
  "formatid": "gen9championsvgc2026regma",
  "rating": 1204,
  "private": 0,
  "password": null
}