{
  "id": "gen9championsvgc2026regma-2589558938",
  "format": "[Gen 9 Champions] VGC 2026 Reg M-A",
  "players": [
    "salmonsalesman",
    "Ranmados"
  ],
  "log": "|j|\u203dsalmonsalesman\n|j|\u2606Ranmados\n|t:|1776734066\n|gametype|doubles\n|player|p1|salmonsalesman|fisherman-gen4|1316\n|player|p2|Ranmados|coin|1400\n|gen|9\n|tier|[Gen 9 Champions] VGC 2026 Reg M-A\n|rated|\n|rule|Species Clause: Limit one of each Pok\u00e9mon\n|rule|Item Clause: Limit 1 of each item\n|clearpoke\n|poke|p1|Pelipper, L50, M|\n|poke|p1|Sinistcha, L50|\n|poke|p1|Gyarados, L50, F|\n|poke|p1|Scizor, L50, F|\n|poke|p1|Sneasler, L50, M|\n|poke|p1|Milotic, L50, F, shiny|\n|poke|p2|Zoroark-Hisui, L50, F|\n|poke|p2|Kangaskhan, L50, F|\n|poke|p2|Charizard, L50, M|\n|poke|p2|Garchomp, L50, F|\n|poke|p2|Kingambit, L50, F|\n|poke|p2|Aerodactyl, L50, M|\n|teampreview|4\n|inactive|Battle timer is ON: inactive players will automatically lose when time's up. (requested by salmonsalesman)\n|\n|t:|1776734109\n|teamsize|p1|4\n|teamsize|p2|4\n|start\n|switch|p1a: Gyarados|Gyarados, L50, F|100/100\n|switch|p1b: Milotic|Milotic, L50, F, shiny|100/100\n|switch|p2a: Kingambit|Kingambit, L50, F|100/100\n|switch|p2b: Aerodactyl|Aerodactyl, L50, M|100/100\n|-ability|p2b: Aerodactyl|Unnerve\n|-ability|p1a: Gyarados|Intimidate|boost\n|-unboost|p2a: Kingambit|atk|1\n|-ability|p2a: Kingambit|Defiant|boost\n|-boost|p2a: Kingambit|atk|2\n|-unboost|p2b: Aerodactyl|atk|1\n|turn|1\n|\n|t:|1776734131\n|detailschange|p1a: Gyarados|Gyarados-Mega, L50, F\n|-mega|p1a: Gyarados|Gyarados|Gyaradosite\n|-ability|p1a: Gyarados|Mold Breaker\n|move|p2b: Aerodactyl|Tailwind|p2b: Aerodactyl\n|-sidestart|p2: Ranmados|move: Tailwind\n|move|p2a: Kingambit|Kowtow Cleave|p1a: Gyarados\n|-resisted|p1a: Gyarados|1\n|-crit|p1a: Gyarados\n|-damage|p1a: Gyarados|51/100\n|move|p1a: Gyarados|Waterfall|p2b: Aerodactyl\n|-supereffective|p2b: Aerodactyl|1\n|-damage|p2b: Aerodactyl|0 fnt\n|faint|p2b: Aerodactyl\n|move|p1b: Milotic|Dragon Tail|p2a: Kingambit\n|-resisted|p2a: Kingambit|1\n|-damage|p2a: Kingambit|96/100\n|drag|p2a: Charizard|Charizard, L50, M|100/100\n|\n|upkeep\n|\n|t:|1776734155\n|switch|p2b: Kingambit|Kingambit, L50, F|100/100\n|turn|2\n|\n|t:|1776734175\n|detailschange|p2a: Charizard|Charizard-Mega-Y, L50, M\n|-mega|p2a: Charizard|Charizard|Charizardite Y\n|-weather|SunnyDay|[from] ability: Drought|[of] p2a: Charizard\n|move|p1a: Gyarados|Protect|p1a: Gyarados\n|-singleturn|p1a: Gyarados|Protect\n|move|p2b: Kingambit|Hyper Voice|p1a: Gyarados|[spread] p1b\n|-activate|p1a: Gyarados|move: Protect\n|-damage|p1b: Milotic|75/100\n|move|p2a: Charizard|Solar Beam||[still]\n|-prepare|p2a: Charizard|Solar Beam\n|-anim|p2a: Charizard|Solar Beam|p1b: Milotic\n|-supereffective|p1b: Milotic|1\n|-damage|p1b: Milotic|11/100\n|move|p1b: Milotic|Scald|p2b: Kingambit\n|-damage|p2b: Kingambit|73/100\n|replace|p2b: Zoroark|Zoroark-Hisui, L50, F\n|-end|p2b: Zoroark|Illusion\n|\n|-weather|SunnyDay|[upkeep]\n|-heal|p1b: Milotic|17/100|[from] item: Leftovers\n|upkeep\n|turn|3\n|\n|t:|1776734191\n|switch|p1b: Pelipper|Pelipper, L50, M|100/100\n|-weather|RainDance|[from] ability: Drizzle|[of] p1b: Pelipper\n|move|p2b: Zoroark|Hyper Voice|p1b: Pelipper|[spread] p1a,p1b\n|-damage|p1a: Gyarados|24/100\n|-damage|p1b: Pelipper|43/100\n|move|p2a: Charizard|Weather Ball|p1a: Gyarados\n|-resisted|p1a: Gyarados|1\n|-damage|p1a: Gyarados|1/100\n|move|p1a: Gyarados|Crunch|p2b: Zoroark\n|-supereffective|p2b: Zoroark|1\n|-crit|p2b: Zoroark\n|-damage|p2b: Zoroark|0 fnt\n|faint|p2b: Zoroark\n|\n|-weather|RainDance|[upkeep]\n|upkeep\n|\n|t:|1776734194\n|switch|p2b: Kingambit|Kingambit, L50, F|96/100\n|turn|4\n|\n|t:|1776734204\n|move|p1a: Gyarados|Protect|p1a: Gyarados\n|-singleturn|p1a: Gyarados|Protect\n|move|p1b: Pelipper|Protect|p1b: Pelipper\n|-singleturn|p1b: Pelipper|Protect\n|move|p2a: Charizard|Heat Wave|p1a: Gyarados|[spread] \n|-activate|p1a: Gyarados|move: Protect\n|-activate|p1b: Pelipper|move: Protect\n|move|p2b: Kingambit|Kowtow Cleave|p1b: Pelipper\n|-activate|p1b: Pelipper|move: Protect\n|\n|-weather|RainDance|[upkeep]\n|-sideend|p2: Ranmados|move: Tailwind\n|upkeep\n|turn|5\n|\n|t:|1776734227\n|switch|p1b: Sinistcha|Sinistcha, L50|100/100\n|-heal|p1a: Gyarados|26/100|[from] ability: Hospitality|[of] p1b: Sinistcha\n|move|p2a: Charizard|Weather Ball|p1a: Gyarados\n|-resisted|p1a: Gyarados|1\n|-damage|p1a: Gyarados|2/100\n|move|p1a: Gyarados|Dragon Dance|p1a: Gyarados\n|-boost|p1a: Gyarados|atk|1\n|-boost|p1a: Gyarados|spe|1\n|move|p2b: Kingambit|Kowtow Cleave|p1b: Sinistcha\n|-supereffective|p1b: Sinistcha|1\n|-damage|p1b: Sinistcha|32/100\n|-enditem|p1b: Sinistcha|Sitrus Berry|[eat]\n|-heal|p1b: Sinistcha|57/100|[from] item: Sitrus Berry\n|\n|-weather|RainDance|[upkeep]\n|upkeep\n|turn|6\n|\n|t:|1776734242\n|move|p1a: Gyarados|Protect|p1a: Gyarados\n|-singleturn|p1a: Gyarados|Protect\n|move|p2a: Charizard|Protect|p2a: Charizard\n|-singleturn|p2a: Charizard|Protect\n|move|p2b: Kingambit|Kowtow Cleave|p1b: Sinistcha\n|-supereffective|p1b: Sinistcha|1\n|-damage|p1b: Sinistcha|0 fnt\n|faint|p1b: Sinistcha\n|\n|-weather|RainDance|[upkeep]\n|upkeep\n|-message|salmonsalesman forfeited.\n|\n|win|Ranmados\n|raw|salmonsalesman's rating: 1316 &rarr; <strong>1301</strong><br />(-15 for losing)\n|raw|Ranmados's rating: 1400 &rarr; <strong>1415</strong><br />(+15 for winning)\n|l|\u203dsalmonsalesman\n|player|p1|\n",
  "uploadtime": 1776734257,
  "views": 3,
  "formatid": "gen9championsvgc2026regma",
  "rating": 1301,
  "private": 0,
  "password": null
}