{
  "id": "gen9championsvgc2026regma-2586122223",
  "format": "[Gen 9 Champions] VGC 2026 Reg M-A",
  "players": [
    "stonewallceo",
    "CramsFather"
  ],
  "log": "|j|\u2606stonewallceo\n|j|\u2606CramsFather\n|t:|1776401663\n|gametype|doubles\n|player|p1|stonewallceo|biker-gen4|1139\n|player|p2|CramsFather|169|1122\n|gen|9\n|tier|[Gen 9 Champions] VGC 2026 Reg M-A\n|rated|\n|rule|Species Clause: Limit one of each Pok\u00e9mon\n|rule|Item Clause: Limit 1 of each item\n|clearpoke\n|poke|p1|Crabominable, L50, M|\n|poke|p1|Sinistcha, L50|\n|poke|p1|Empoleon, L50, M|\n|poke|p1|Aerodactyl, L50, F|\n|poke|p1|Maushold, L50|\n|poke|p1|Incineroar, L50, M|\n|poke|p2|Chimecho, L50, M|\n|poke|p2|Incineroar, L50, F|\n|poke|p2|Milotic, L50, M|\n|poke|p2|Sableye, L50, M|\n|poke|p2|Sinistcha, L50|\n|poke|p2|Mamoswine, L50, M|\n|teampreview|4\n|inactive|Battle timer is ON: inactive players will automatically lose when time's up. (requested by CramsFather)\n|inactive|stonewallceo has 60 seconds left.\n|inactive|CramsFather has 30 seconds left.\n|\n|t:|1776401730\n|teamsize|p1|4\n|teamsize|p2|4\n|start\n|switch|p1a: Empoleon|Empoleon, L50, M|100/100\n|switch|p1b: Aerodactyl|Aerodactyl, L50, F|100/100\n|switch|p2a: Sableye|Sableye, L50, M|100/100\n|switch|p2b: Chimecho|Chimecho, L50, M|100/100\n|-ability|p1b: Aerodactyl|Unnerve\n|turn|1\n|\n|t:|1776401751\n|detailschange|p2b: Chimecho|Chimecho-Mega, L50, M\n|-mega|p2b: Chimecho|Chimecho|Chimechite\n|move|p2a: Sableye|Fake Out|p1a: Empoleon\n|-resisted|p1a: Empoleon|1\n|-damage|p1a: Empoleon|96/100\n|move|p1b: Aerodactyl|Tailwind|p1b: Aerodactyl\n|-sidestart|p1: stonewallceo|move: Tailwind\n|cant|p1a: Empoleon|flinch\n|move|p2b: Chimecho|Cosmic Power|p2b: Chimecho\n|-boost|p2b: Chimecho|def|1\n|-boost|p2b: Chimecho|spd|1\n|\n|upkeep\n|turn|2\n|\n|t:|1776401775\n|move|p2a: Sableye|Light Screen|p2a: Sableye\n|-sidestart|p2: CramsFather|move: Light Screen\n|move|p1b: Aerodactyl|Rock Slide|p2b: Chimecho|[spread] p2b\n|-miss|p1b: Aerodactyl|p2a: Sableye\n|-resisted|p2b: Chimecho|1\n|-damage|p2b: Chimecho|91/100\n|move|p1a: Empoleon|Steel Beam|p2a: Sableye\n|-damage|p2a: Sableye|37/100\n|-damage|p1a: Empoleon|46/100|[from] steelbeam\n|move|p2b: Chimecho|Cosmic Power|p2b: Chimecho\n|-boost|p2b: Chimecho|def|1\n|-boost|p2b: Chimecho|spd|1\n|\n|upkeep\n|turn|3\n|inactive|stonewallceo has 30 seconds left.\n|\n|t:|1776401802\n|switch|p2a: Milotic|Milotic, L50, M|100/100\n|move|p1b: Aerodactyl|Rock Slide|p2a: Milotic|[spread] p2a,p2b\n|-resisted|p2b: Chimecho|1\n|-damage|p2a: Milotic|66/100\n|-damage|p2b: Chimecho|84/100\n|move|p1a: Empoleon|Flash Cannon|p2b: Chimecho\n|-resisted|p2b: Chimecho|1\n|-damage|p2b: Chimecho|79/100\n|move|p2b: Chimecho|Stored Power|p1b: Aerodactyl\n|-damage|p1b: Aerodactyl|20/100\n|\n|-heal|p2a: Milotic|72/100|[from] item: Leftovers\n|upkeep\n|turn|4\n|\n|t:|1776401825\n|move|p1b: Aerodactyl|Protect|p1b: Aerodactyl\n|-singleturn|p1b: Aerodactyl|Protect\n|move|p1a: Empoleon|Steel Beam|p2a: Milotic\n|-resisted|p2a: Milotic|1\n|-damage|p2a: Milotic|50/100\n|-damage|p1a: Empoleon|0 fnt|[from] steelbeam\n|faint|p1a: Empoleon\n|move|p2a: Milotic|Scald|p1b: Aerodactyl\n|-activate|p1b: Aerodactyl|move: Protect\n|move|p2b: Chimecho|Cosmic Power|p2b: Chimecho\n|-boost|p2b: Chimecho|def|1\n|-boost|p2b: Chimecho|spd|1\n|\n|-heal|p2a: Milotic|56/100|[from] item: Leftovers\n|-sideend|p1: stonewallceo|move: Tailwind\n|upkeep\n|\n|t:|1776401839\n|switch|p1a: Crabominable|Crabominable, L50, M|100/100\n|turn|5\n|\n|t:|1776401854\n|detailschange|p1a: Crabominable|Crabominable-Mega, L50, M\n|-mega|p1a: Crabominable|Crabominable|Crabominite\n|move|p2a: Milotic|Protect|p2a: Milotic\n|-singleturn|p2a: Milotic|Protect\n|move|p1b: Aerodactyl|Tailwind|p1b: Aerodactyl\n|-sidestart|p1: stonewallceo|move: Tailwind\n|move|p1a: Crabominable|Close Combat|p2b: Chimecho\n|-damage|p2b: Chimecho|50/100\n|-unboost|p1a: Crabominable|def|1\n|-unboost|p1a: Crabominable|spd|1\n|move|p2b: Chimecho|Stored Power|p1a: Crabominable\n|-supereffective|p1a: Crabominable|1\n|-damage|p1a: Crabominable|0 fnt\n|faint|p1a: Crabominable\n|\n|-heal|p2a: Milotic|62/100|[from] item: Leftovers\n|upkeep\n|\n|t:|1776401868\n|switch|p1a: Maushold|Maushold, L50|100/100\n|turn|6\n|-message|stonewallceo forfeited.\n|\n|win|CramsFather\n|raw|stonewallceo's rating: 1139 &rarr; <strong>1113</strong><br />(-26 for losing)\n|raw|CramsFather's rating: 1122 &rarr; <strong>1148</strong><br />(+26 for winning)\n|l|\u2606stonewallceo\n|player|p1|\n",
  "uploadtime": 1776401880,
  "views": 19,
  "formatid": "gen9championsvgc2026regma",
  "rating": 1113,
  "private": 0,
  "password": null
}