{
  "id": "gen9championsvgc2026regma-2588736504",
  "format": "[Gen 9 Champions] VGC 2026 Reg M-A",
  "players": [
    "Askurmommy",
    "Absback910"
  ],
  "log": "|j|\u2606Askurmommy\n|j|\u2606Absback910\n|t:|1776663930\n|gametype|doubles\n|player|p1|Askurmommy|101|1292\n|player|p2|Absback910|2|1367\n|gen|9\n|tier|[Gen 9 Champions] VGC 2026 Reg M-A\n|rated|\n|rule|Species Clause: Limit one of each Pok\u00e9mon\n|rule|Item Clause: Limit 1 of each item\n|clearpoke\n|poke|p1|Ninetales-Alola, L50, F|\n|poke|p1|Glimmora, L50, F|\n|poke|p1|Incineroar, L50, F|\n|poke|p1|Kommo-o, L50, F|\n|poke|p1|Sinistcha, L50|\n|poke|p1|Basculegion, L50, M|\n|poke|p2|Charizard, L50, M|\n|poke|p2|Whimsicott, L50, M|\n|poke|p2|Milotic, L50, F|\n|poke|p2|Sneasler, L50, F|\n|poke|p2|Farigiraf, L50, F|\n|poke|p2|Aegislash, L50, F|\n|teampreview|4\n|inactive|Battle timer is ON: inactive players will automatically lose when time's up. (requested by Absback910)\n|inactive|Askurmommy also wants the timer to be on.\n|inactive|Askurmommy has 60 seconds left.\n|inactive|Askurmommy has 30 seconds left.\n|\n|t:|1776663995\n|teamsize|p1|4\n|teamsize|p2|4\n|start\n|switch|p1a: Glimmora|Glimmora, L50, F|100/100\n|switch|p1b: Kommo-o|Kommo-o, L50, F|100/100\n|switch|p2a: Charizard|Charizard, L50, M|100/100\n|switch|p2b: Sneasler|Sneasler, L50, F|100/100\n|turn|1\n|inactive|Absback910 has 30 seconds left.\n|inactive|Absback910 has 20 seconds left.\n|\n|t:|1776664031\n|switch|p1a: Basculegion|Basculegion, L50, M|100/100\n|detailschange|p2a: Charizard|Charizard-Mega-X, L50, M\n|-mega|p2a: Charizard|Charizard|Charizardite X\n|move|p2a: Charizard|Protect|p2a: Charizard\n|-singleturn|p2a: Charizard|Protect\n|move|p2b: Sneasler|Fake Out|p1b: Kommo-o\n|-damage|p1b: Kommo-o|87/100\n|cant|p1b: Kommo-o|flinch\n|\n|upkeep\n|turn|2\n|\n|t:|1776664054\n|switch|p2a: Whimsicott|Whimsicott, L50, M|100/100\n|move|p2b: Sneasler|Close Combat|p1b: Kommo-o\n|-damage|p1b: Kommo-o|20/100\n|-unboost|p2b: Sneasler|def|1\n|-unboost|p2b: Sneasler|spd|1\n|-enditem|p2b: Sneasler|White Herb\n|-clearnegativeboost|p2b: Sneasler|[silent]\n|move|p1b: Kommo-o|Clanging Scales|p2b: Sneasler|[spread] p2b\n|-immune|p2a: Whimsicott\n|-damage|p2b: Sneasler|37/100\n|-unboost|p1b: Kommo-o|def|1\n|move|p1a: Basculegion|Wave Crash|p2a: Whimsicott\n|-resisted|p2a: Whimsicott|1\n|-damage|p2a: Whimsicott|35/100\n|-damage|p1a: Basculegion|87/100|[from] Recoil\n|\n|upkeep\n|turn|3\n|inactive|Absback910 has 30 seconds left.\n|\n|t:|1776664086\n|switch|p1b: Sinistcha|Sinistcha, L50|100/100\n|-heal|p1a: Basculegion|100/100|[from] ability: Hospitality|[of] p1b: Sinistcha\n|move|p2a: Whimsicott|Tailwind|p2a: Whimsicott\n|-sidestart|p2: Absback910|move: Tailwind\n|move|p1a: Basculegion|Aqua Jet|p2b: Sneasler\n|-damage|p2b: Sneasler|0 fnt\n|faint|p2b: Sneasler\n|\n|upkeep\n|\n|t:|1776664098\n|switch|p2b: Charizard|Charizard-Mega-X, L50, M|100/100\n|turn|4\n|\n|t:|1776664104\n|move|p1b: Sinistcha|Rage Powder|p1b: Sinistcha\n|-singleturn|p1b: Sinistcha|move: Rage Powder\n|move|p2a: Whimsicott|Encore|p1a: Basculegion\n|-start|p1a: Basculegion|Encore\n|move|p1a: Basculegion|Aqua Jet|p2b: Charizard\n|-damage|p2b: Charizard|74/100\n|move|p2b: Charizard|Dragon Dance|p2b: Charizard\n|-boost|p2b: Charizard|atk|1\n|-boost|p2b: Charizard|spe|1\n|\n|upkeep\n|turn|5\n|\n|t:|1776664122\n|switch|p1a: Kommo-o|Kommo-o, L50, F|20/100\n|move|p1b: Sinistcha|Protect|p1b: Sinistcha\n|-singleturn|p1b: Sinistcha|Protect\n|move|p2a: Whimsicott|Encore|p1b: Sinistcha\n|-activate|p1b: Sinistcha|move: Protect\n|move|p2b: Charizard|Dragon Claw|p1a: Kommo-o\n|-supereffective|p1a: Kommo-o|1\n|-damage|p1a: Kommo-o|0 fnt\n|faint|p1a: Kommo-o\n|\n|upkeep\n|\n|t:|1776664125\n|switch|p1a: Basculegion|Basculegion, L50, M|100/100\n|turn|6\n|inactive|Absback910 has 30 seconds left.\n|\n|t:|1776664158\n|move|p2b: Charizard|Protect|p2b: Charizard\n|-singleturn|p2b: Charizard|Protect\n|move|p1b: Sinistcha|Rage Powder|p1b: Sinistcha\n|-singleturn|p1b: Sinistcha|move: Rage Powder\n|move|p2a: Whimsicott|Moonblast|p1a: Basculegion\n|-damage|p1a: Basculegion|65/100\n|move|p1a: Basculegion|Wave Crash|p2b: Charizard\n|-activate|p2b: Charizard|move: Protect\n|\n|-sideend|p2: Absback910|move: Tailwind\n|upkeep\n|turn|7\n|inactive|Absback910 has 30 seconds left.\n|\n|t:|1776664188\n|move|p1b: Sinistcha|Rage Powder|p1b: Sinistcha\n|-singleturn|p1b: Sinistcha|move: Rage Powder\n|move|p2a: Whimsicott|Tailwind|p2a: Whimsicott\n|-sidestart|p2: Absback910|move: Tailwind\n|move|p2b: Charizard|Flare Blitz|p1b: Sinistcha\n|-supereffective|p1b: Sinistcha|1\n|-enditem|p1b: Sinistcha|Focus Sash\n|-damage|p1b: Sinistcha|1/100\n|-damage|p2b: Charizard|43/100|[from] Recoil\n|move|p1a: Basculegion|Wave Crash|p2b: Charizard\n|-damage|p2b: Charizard|0 fnt\n|faint|p2b: Charizard\n|-damage|p1a: Basculegion|53/100|[from] Recoil\n|\n|upkeep\n|\n|t:|1776664202\n|switch|p2b: Milotic|Milotic, L50, F|100/100\n|turn|8\n|inactive|Askurmommy has 30 seconds left.\n|\n|t:|1776664229\n|move|p1a: Basculegion|Protect|p1a: Basculegion\n|-singleturn|p1a: Basculegion|Protect\n|move|p2a: Whimsicott|Moonblast|p1a: Basculegion\n|-activate|p1a: Basculegion|move: Protect\n|move|p2b: Milotic|Scald|p1a: Basculegion\n|-activate|p1a: Basculegion|move: Protect\n|move|p1b: Sinistcha|Matcha Gotcha|p2a: Whimsicott|[spread] p2a,p2b\n|-resisted|p2a: Whimsicott|1\n|-crit|p2a: Whimsicott\n|-supereffective|p2b: Milotic|1\n|-damage|p2a: Whimsicott|0 fnt\n|-heal|p1b: Sinistcha|15/100|[from] drain|[of] p2a: Whimsicott\n|-damage|p2b: Milotic|56/100\n|-heal|p1b: Sinistcha|40/100|[from] drain|[of] p2b: Milotic\n|-status|p2b: Milotic|brn\n|faint|p2a: Whimsicott\n|\n|-heal|p2b: Milotic|62/100 brn|[from] item: Leftovers\n|-damage|p2b: Milotic|56/100 brn|[from] brn\n|upkeep\n|turn|9\n|\n|t:|1776664252\n|move|p1b: Sinistcha|Protect|p1b: Sinistcha\n|-singleturn|p1b: Sinistcha|Protect\n|move|p2b: Milotic|Icy Wind|p1a: Basculegion|[spread] p1a\n|-activate|p1b: Sinistcha|move: Protect\n|-resisted|p1a: Basculegion|1\n|-damage|p1a: Basculegion|48/100\n|-unboost|p1a: Basculegion|spe|1\n|-enditem|p1a: Basculegion|Sitrus Berry|[eat]\n|-heal|p1a: Basculegion|72/100|[from] item: Sitrus Berry\n|move|p1a: Basculegion|Last Respects|p2b: Milotic\n|-damage|p2b: Milotic|0 fnt\n|faint|p2b: Milotic\n|\n|win|Askurmommy\n|raw|Askurmommy's rating: 1292 &rarr; <strong>1322</strong><br />(+30 for winning)\n|raw|Absback910's rating: 1367 &rarr; <strong>1343</strong><br />(-24 for losing)\n|l|\u2606Absback910\n|player|p2|\n",
  "uploadtime": 1776664302,
  "views": 14,
  "formatid": "gen9championsvgc2026regma",
  "rating": 1322,
  "private": 0,
  "password": null
}