{
  "id": "gen9championsvgc2026regma-2582255150",
  "format": "[Gen 9 Champions] VGC 2026 Reg M-A",
  "players": [
    "amo minha mulher",
    "Angelillolobulillo"
  ],
  "log": "|j|\u2606amo minha mulher\n|j|\u2606Angelillolobulillo\n|t:|1776076666\n|gametype|doubles\n|player|p1|amo minha mulher|skyla|1055\n|player|p2|Angelillolobulillo|1|1045\n|gen|9\n|tier|[Gen 9 Champions] VGC 2026 Reg M-A\n|rated|\n|rule|Species Clause: Limit one of each Pok\u00e9mon\n|rule|Item Clause: Limit 1 of each item\n|clearpoke\n|poke|p1|Golurk, L50|\n|poke|p1|Incineroar, L50, M|\n|poke|p1|Weavile, L50, M|\n|poke|p1|Slowbro, L50, M|\n|poke|p1|Mimikyu, L50, F|\n|poke|p1|Aegislash, L50, M|\n|poke|p2|Garchomp, L50, M|\n|poke|p2|Tyranitar, L50, M|\n|poke|p2|Incineroar, L50, M|\n|poke|p2|Whimsicott, L50, M|\n|poke|p2|Orthworm, L50, F|\n|poke|p2|Rotom-Wash, L50|\n|teampreview|4\namo minha mulher has agreed to open team sheets.\n|\n|t:|1776076737\n|teamsize|p1|4\n|teamsize|p2|4\n|start\n|switch|p1a: Slowbro|Slowbro, L50, M|100/100\n|switch|p1b: Incineroar|Incineroar, L50, M|100/100\n|switch|p2a: Rotom|Rotom-Wash, L50|100/100\n|switch|p2b: Orthworm|Orthworm, L50, F|100/100\n|-ability|p1b: Incineroar|Intimidate|boost\n|-unboost|p2a: Rotom|atk|1\n|-unboost|p2b: Orthworm|atk|1\n|turn|1\n|\n|t:|1776076779\n|move|p1b: Incineroar|Fake Out|p2a: Rotom\n|-crit|p2a: Rotom\n|-damage|p2a: Rotom|77/100\n|cant|p2a: Rotom|flinch\n|move|p2b: Orthworm|Shed Tail|p2b: Orthworm\n|-start|p2b: Orthworm|Substitute|[from] move: Shed Tail\n|-damage|p2b: Orthworm|50/100\n|\n|t:|1776076787\n|switch|p2b: Garchomp|Garchomp, L50, M, shiny|100/100|[from] Shed Tail\n|move|p1a: Slowbro|Trick Room|p1a: Slowbro\n|-fieldstart|move: Trick Room|[of] p1a: Slowbro\n|\n|upkeep\n|turn|2\n|\n|t:|1776076812\n|detailschange|p2b: Garchomp|Garchomp-Mega, L50, M, shiny\n|-mega|p2b: Garchomp|Garchomp|Garchompite\n|move|p1a: Slowbro|Ice Beam|p2b: Garchomp\n|-supereffective|p2b: Garchomp|2\n|-end|p2b: Garchomp|Substitute\n|move|p1b: Incineroar|Parting Shot|p2a: Rotom\n|-unboost|p2a: Rotom|atk|1\n|-unboost|p2a: Rotom|spa|1\n|inactive|Battle timer is ON: inactive players will automatically lose when time's up. (requested by Angelillolobulillo)\n|\n|t:|1776076827\n|switch|p1b: Weavile|Weavile, L50, M|100/100|[from] Parting Shot\n|-ability|p1b: Weavile|Pressure\n|move|p2a: Rotom|Volt Switch|p1a: Slowbro\n|-supereffective|p1a: Slowbro|1\n|-damage|p1a: Slowbro|38/100\n|-enditem|p1a: Slowbro|Sitrus Berry|[eat]\n|-heal|p1a: Slowbro|63/100|[from] item: Sitrus Berry\n|\n|t:|1776076835\n|switch|p2a: Tyranitar|Tyranitar, L50, M|100/100|[from] Volt Switch\n|-weather|Sandstorm|[from] ability: Sand Stream|[of] p2a: Tyranitar\n|move|p2b: Garchomp|Earthquake|p1a: Slowbro|[spread] p2a,p1a,p1b\n|-supereffective|p2a: Tyranitar|1\n|-damage|p2a: Tyranitar|0 fnt\n|-damage|p1a: Slowbro|4/100\n|-enditem|p1b: Weavile|Focus Sash\n|-damage|p1b: Weavile|1/100\n|faint|p2a: Tyranitar\n|\n|-weather|Sandstorm|[upkeep]\n|-damage|p1a: Slowbro|0 fnt|[from] Sandstorm\n|-damage|p1b: Weavile|0 fnt|[from] Sandstorm\n|faint|p1a: Slowbro\n|faint|p1b: Weavile\n|upkeep\n|\n|t:|1776076848\n|switch|p1a: Golurk|Golurk, L50|100/100\n|switch|p2a: Orthworm|Orthworm, L50, F|50/100\n|switch|p1b: Incineroar|Incineroar, L50, M|100/100\n|-ability|p1b: Incineroar|Intimidate|boost\n|-unboost|p2a: Orthworm|atk|1\n|-unboost|p2b: Garchomp|atk|1\n|turn|3\n|inactive|amo minha mulher has 30 seconds left.\n|inactive|Angelillolobulillo has 30 seconds left.\n|inactive|Angelillolobulillo has 20 seconds left.\n|inactive|Angelillolobulillo has 15 seconds left.\n|inactive|Angelillolobulillo has 10 seconds left.\n|inactive|Angelillolobulillo has 5 seconds left.\n|\n|t:|1776076902\n|detailschange|p1a: Golurk|Golurk-Mega, L50\n|-mega|p1a: Golurk|Golurk|Golurkite\n|move|p2b: Garchomp|Protect|p2b: Garchomp\n|-singleturn|p2b: Garchomp|Protect\n|move|p1a: Golurk|Ice Punch|p2b: Garchomp\n|-supereffective|p2b: Garchomp|2\n|-ability|p1a: Golurk|Unseen Fist\n|-zbroken|p2b: Garchomp\n|-damage|p2b: Garchomp|74/100\n|move|p2a: Orthworm|Heavy Slam|p1a: Golurk\n|-damage|p1a: Golurk|92/100\n|move|p1b: Incineroar|Flare Blitz|p2a: Orthworm\n|-supereffective|p2a: Orthworm|1\n|-damage|p2a: Orthworm|0 fnt\n|faint|p2a: Orthworm\n|-damage|p1b: Incineroar|84/100|[from] Recoil\n|\n|-weather|Sandstorm|[upkeep]\n|-damage|p1b: Incineroar|78/100|[from] Sandstorm\n|upkeep\n|\n|t:|1776076924\n|switch|p2a: Rotom|Rotom-Wash, L50|77/100\n|turn|4\n|inactive|Angelillolobulillo has 30 seconds left.\n|\n|t:|1776076952\n|move|p2b: Garchomp|Protect||[still]\n|-fail|p2b: Garchomp\n|move|p1a: Golurk|Ice Punch|p2b: Garchomp\n|-supereffective|p2b: Garchomp|2\n|-damage|p2b: Garchomp|0 fnt\n|faint|p2b: Garchomp\n|move|p1b: Incineroar|Darkest Lariat|p2a: Rotom\n|-damage|p2a: Rotom|14/100\n|move|p2a: Rotom|Shadow Ball|p1a: Golurk\n|-supereffective|p1a: Golurk|1\n|-damage|p1a: Golurk|46/100\n|\n|-weather|Sandstorm|[upkeep]\n|-damage|p1b: Incineroar|72/100|[from] Sandstorm\n|-damage|p2a: Rotom|8/100|[from] Sandstorm\n|upkeep\n|turn|5\n|\n|t:|1776076967\n|move|p1a: Golurk|Ice Punch|p2a: Rotom\n|-resisted|p2a: Rotom|1\n|-damage|p2a: Rotom|0 fnt\n|faint|p2a: Rotom\n|\n|win|amo minha mulher\n|raw|amo minha mulher's rating: 1055 &rarr; <strong>1086</strong><br />(+31 for winning)\n|raw|Angelillolobulillo's rating: 1045 &rarr; <strong>1029</strong><br />(-16 for losing)\n",
  "uploadtime": 1776076973,
  "views": 24,
  "formatid": "gen9championsvgc2026regma",
  "rating": 1029,
  "private": 0,
  "password": null
}