{
  "id": "gen9championsvgc2026regma-2587236401",
  "format": "[Gen 9 Champions] VGC 2026 Reg M-A",
  "players": [
    "kqami",
    "soapeggs"
  ],
  "log": "|j|\u2606kqami\n|j|\u2606soapeggs\n|t:|1776512737\n|gametype|doubles\n|player|p1|kqami|steven|1168\n|player|p2|soapeggs|101|1244\n|gen|9\n|tier|[Gen 9 Champions] VGC 2026 Reg M-A\n|rated|\n|rule|Species Clause: Limit one of each Pok\u00e9mon\n|rule|Item Clause: Limit 1 of each item\n|clearpoke\n|poke|p1|Tyranitar, L50, M|\n|poke|p1|Aerodactyl, L50, M|\n|poke|p1|Sinistcha, L50|\n|poke|p1|Garchomp, L50, M|\n|poke|p1|Milotic, L50, F, shiny|\n|poke|p1|Maushold-Four, L50|\n|poke|p2|Sinistcha, L50|\n|poke|p2|Sneasler, L50, M|\n|poke|p2|Archaludon, L50, F|\n|poke|p2|Basculegion, L50, M|\n|poke|p2|Pelipper, L50, M|\n|poke|p2|Blastoise, L50, F|\n|teampreview|4\n|inactive|Battle timer is ON: inactive players will automatically lose when time's up. (requested by kqami)\n|inactive|soapeggs has 60 seconds left.\n|\n|t:|1776512770\n|teamsize|p1|4\n|teamsize|p2|4\n|start\n|switch|p1a: Tyranitar|Tyranitar, L50, M|100/100\n|switch|p1b: Aerodactyl|Aerodactyl, L50, M|100/100\n|switch|p2a: Sneasler|Sneasler, L50, M|100/100\n|switch|p2b: Blastoise|Blastoise, L50, F|100/100\n|-ability|p1b: Aerodactyl|Unnerve\n|-weather|Sandstorm|[from] ability: Sand Stream|[of] p1a: Tyranitar\n|turn|1\n|inactive|kqami has 30 seconds left.\n|\n|t:|1776512803\n|detailschange|p2b: Blastoise|Blastoise-Mega, L50, F\n|-mega|p2b: Blastoise|Blastoise|Blastoisinite\n|move|p2a: Sneasler|Fake Out|p1b: Aerodactyl\n|-resisted|p1b: Aerodactyl|1\n|-damage|p1b: Aerodactyl|88/100\n|cant|p1b: Aerodactyl|flinch\n|move|p1a: Tyranitar|Rock Slide|p2b: Blastoise|[spread] p2a,p2b\n|-resisted|p2a: Sneasler|1\n|-damage|p2a: Sneasler|73/100\n|-damage|p2b: Blastoise|75/100\n|move|p2b: Blastoise|Shell Smash|p2b: Blastoise\n|-unboost|p2b: Blastoise|def|1\n|-unboost|p2b: Blastoise|spd|1\n|-boost|p2b: Blastoise|atk|2\n|-boost|p2b: Blastoise|spa|2\n|-boost|p2b: Blastoise|spe|2\n|\n|-weather|Sandstorm|[upkeep]\n|-damage|p2b: Blastoise|69/100|[from] Sandstorm\n|-damage|p2a: Sneasler|68/100|[from] Sandstorm\n|upkeep\n|turn|2\n|\n|t:|1776512827\n|switch|p2a: Pelipper|Pelipper, L50, M|100/100\n|-weather|RainDance|[from] ability: Drizzle|[of] p2a: Pelipper\n|detailschange|p1a: Tyranitar|Tyranitar-Mega, L50, M\n|-mega|p1a: Tyranitar|Tyranitar|Tyranitarite\n|-weather|Sandstorm|[from] ability: Sand Stream|[of] p1a: Tyranitar\n|move|p2b: Blastoise|Water Spout|p1b: Aerodactyl|[spread] p1a,p1b\n|-supereffective|p1a: Tyranitar|1\n|-supereffective|p1b: Aerodactyl|1\n|-damage|p1a: Tyranitar|0 fnt\n|-damage|p1b: Aerodactyl|0 fnt\n|faint|p1a: Tyranitar\n|faint|p1b: Aerodactyl\n|\n|-weather|Sandstorm|[upkeep]\n|-damage|p2b: Blastoise|63/100|[from] Sandstorm\n|-damage|p2a: Pelipper|95/100|[from] Sandstorm\n|upkeep\n|\n|t:|1776512836\n|switch|p1b: Milotic|Milotic, L50, F, shiny|100/100\n|switch|p1a: Sinistcha|Sinistcha, L50|100/100\n|turn|3\n|\n|t:|1776512852\n|switch|p2a: Sneasler|Sneasler, L50, M|68/100\n|move|p2b: Blastoise|Protect|p2b: Blastoise\n|-singleturn|p2b: Blastoise|Protect\n|move|p1b: Milotic|Ice Beam|p2a: Sneasler\n|-damage|p2a: Sneasler|31/100\n|move|p1a: Sinistcha|Matcha Gotcha|p2a: Sneasler|[spread] p2a\n|-activate|p2b: Blastoise|move: Protect\n|-resisted|p2a: Sneasler|1\n|-damage|p2a: Sneasler|8/100\n|\n|-weather|Sandstorm|[upkeep]\n|-damage|p2b: Blastoise|57/100|[from] Sandstorm\n|-damage|p2a: Sneasler|2/100|[from] Sandstorm\n|-damage|p1b: Milotic|95/100|[from] Sandstorm\n|-damage|p1a: Sinistcha|94/100|[from] Sandstorm\n|-heal|p1b: Milotic|100/100|[from] item: Leftovers\n|upkeep\n|turn|4\n|\n|t:|1776512875\n|move|p2b: Blastoise|Shell Smash|p2b: Blastoise\n|-unboost|p2b: Blastoise|def|1\n|-unboost|p2b: Blastoise|spd|1\n|-boost|p2b: Blastoise|atk|2\n|-boost|p2b: Blastoise|spa|2\n|-boost|p2b: Blastoise|spe|2\n|move|p2a: Sneasler|Fling|p2b: Blastoise\n|-damage|p2b: Blastoise|49/100\n|-clearnegativeboost|p2b: Blastoise|[silent]\n|-enditem|p2a: Sneasler|White Herb|[from] move: Fling\n|move|p1b: Milotic|Scald|p2b: Blastoise\n|-resisted|p2b: Blastoise|1\n|-damage|p2b: Blastoise|34/100\n|-status|p2b: Blastoise|brn\n|move|p1a: Sinistcha|Matcha Gotcha|p2b: Blastoise|[spread] p2a,p2b\n|-resisted|p2a: Sneasler|1\n|-supereffective|p2b: Blastoise|1\n|-damage|p2a: Sneasler|0 fnt\n|-heal|p1a: Sinistcha|95/100|[from] drain|[of] p2a: Sneasler\n|-damage|p2b: Blastoise|0 fnt\n|-heal|p1a: Sinistcha|100/100|[from] drain|[of] p2b: Blastoise\n|faint|p2a: Sneasler\n|faint|p2b: Blastoise\n|\n|-weather|Sandstorm|[upkeep]\n|-damage|p1b: Milotic|95/100|[from] Sandstorm\n|-damage|p1a: Sinistcha|94/100|[from] Sandstorm\n|-heal|p1b: Milotic|100/100|[from] item: Leftovers\n|upkeep\n|\n|t:|1776512894\n|switch|p2a: Pelipper|Pelipper, L50, M|95/100\n|switch|p2b: Archaludon|Archaludon, L50, F|100/100\n|-weather|RainDance|[from] ability: Drizzle|[of] p2a: Pelipper\n|turn|5\n|inactive|kqami has 30 seconds left.\n|\n|t:|1776512924\n|move|p2a: Pelipper|Tailwind|p2a: Pelipper\n|-sidestart|p2: soapeggs|move: Tailwind\n|move|p2b: Archaludon|Electro Shot||[still]\n|-prepare|p2b: Archaludon|Electro Shot\n|-boost|p2b: Archaludon|spa|1\n|-anim|p2b: Archaludon|Electro Shot|p1a: Sinistcha\n|-resisted|p1a: Sinistcha|1\n|-damage|p1a: Sinistcha|54/100\n|move|p1b: Milotic|Ice Beam|p2a: Pelipper\n|-damage|p2a: Pelipper|45/100\n|move|p1a: Sinistcha|Shadow Ball|p2a: Pelipper\n|-damage|p2a: Pelipper|0 fnt\n|faint|p2a: Pelipper\n|\n|-weather|RainDance|[upkeep]\n|upkeep\n|turn|6\n|\n|t:|1776512943\n|move|p1b: Milotic|Protect|p1b: Milotic\n|-singleturn|p1b: Milotic|Protect\n|move|p1a: Sinistcha|Protect|p1a: Sinistcha\n|-singleturn|p1a: Sinistcha|Protect\n|move|p2b: Archaludon|Electro Shot||[still]\n|-prepare|p2b: Archaludon|Electro Shot\n|-boost|p2b: Archaludon|spa|1\n|-anim|p2b: Archaludon|Electro Shot|p1b: Milotic\n|-activate|p1b: Milotic|move: Protect\n|\n|-weather|RainDance|[upkeep]\n|upkeep\n|turn|7\n|\n|t:|1776512961\n|move|p1b: Milotic|Protect|p1b: Milotic\n|-singleturn|p1b: Milotic|Protect\n|move|p2b: Archaludon|Electro Shot||[still]\n|-prepare|p2b: Archaludon|Electro Shot\n|-boost|p2b: Archaludon|spa|1\n|-anim|p2b: Archaludon|Electro Shot|p1b: Milotic\n|-activate|p1b: Milotic|move: Protect\n|move|p1a: Sinistcha|Shadow Ball|p2b: Archaludon\n|-crit|p2b: Archaludon\n|-damage|p2b: Archaludon|27/100\n|-ability|p2b: Archaludon|Stamina|boost\n|-boost|p2b: Archaludon|def|1\n|\n|-weather|RainDance|[upkeep]\n|-heal|p2b: Archaludon|33/100|[from] item: Leftovers\n|upkeep\n|turn|8\n|c|\u2606soapeggs|wow\n|\n|t:|1776512984\n|move|p2b: Archaludon|Electro Shot||[still]\n|-prepare|p2b: Archaludon|Electro Shot\n|-boost|p2b: Archaludon|spa|1\n|-anim|p2b: Archaludon|Electro Shot|p1b: Milotic\n|-supereffective|p1b: Milotic|1\n|-damage|p1b: Milotic|0 fnt\n|faint|p1b: Milotic\n|move|p1a: Sinistcha|Shadow Ball|p2b: Archaludon\n|-damage|p2b: Archaludon|0 fnt\n|faint|p2b: Archaludon\n|\n|win|kqami\n|raw|kqami's rating: 1168 &rarr; <strong>1198</strong><br />(+30 for winning)\n|raw|soapeggs's rating: 1244 &rarr; <strong>1214</strong><br />(-30 for losing)\n|c|\u2606kqami|gg\n|c|\u2606soapeggs|maybe get a lottery ticket\n|c|\u2606kqami|maybe\n|l|\u2606kqami\n|player|p1|\n",
  "uploadtime": 1776513049,
  "views": 19,
  "formatid": "gen9championsvgc2026regma",
  "rating": 1198,
  "private": 0,
  "password": null
}