{
  "id": "gen9championsvgc2026regma-2587649612",
  "format": "[Gen 9 Champions] VGC 2026 Reg M-A",
  "players": [
    "Rworwo",
    "FernandaXP"
  ],
  "log": "|j|\u2606Rworwo\n|j|\u2606FernandaXP\n|t:|1776550347\n|gametype|doubles\n|player|p1|Rworwo|pokefan|1412\n|player|p2|FernandaXP|boarder|1404\n|gen|9\n|tier|[Gen 9 Champions] VGC 2026 Reg M-A\n|rated|\n|rule|Species Clause: Limit one of each Pok\u00e9mon\n|rule|Item Clause: Limit 1 of each item\n|clearpoke\n|poke|p1|Ampharos, L50, F, shiny|\n|poke|p1|Farigiraf, L50, M, shiny|\n|poke|p1|Basculegion, L50, M, shiny|\n|poke|p1|Lucario, L50, F, shiny|\n|poke|p1|Pelipper, L50, F, shiny|\n|poke|p1|Clefable, L50, M, shiny|\n|poke|p2|Pelipper, L50, M|\n|poke|p2|Archaludon, L50, F|\n|poke|p2|Sneasler, L50, M|\n|poke|p2|Sinistcha, L50|\n|poke|p2|Drampa, L50, M|\n|poke|p2|Scizor, L50, F|\n|teampreview|4\n|inactive|Battle timer is ON: inactive players will automatically lose when time's up. (requested by Rworwo)\n|inactive|Rworwo has 60 seconds left.\n|inactive|FernandaXP has 60 seconds left.\n|\n|t:|1776550390\n|teamsize|p1|4\n|teamsize|p2|4\n|start\n|switch|p1a: Lucario|Lucario, L50, F, shiny|100/100\n|switch|p1b: Farigiraf|Farigiraf, L50, M, shiny|100/100\n|switch|p2a: Scizor|Scizor, L50, F|100/100\n|switch|p2b: Sneasler|Sneasler, L50, M|100/100\n|turn|1\n|\n|t:|1776550410\n|detailschange|p2a: Scizor|Scizor-Mega, L50, F\n|-mega|p2a: Scizor|Scizor|Scizorite\n|move|p1a: Lucario|Protect|p1a: Lucario\n|-singleturn|p1a: Lucario|Protect\n|move|p2b: Sneasler|Close Combat|p1a: Lucario\n|-activate|p1a: Lucario|move: Protect\n|move|p2a: Scizor|Swords Dance|p2a: Scizor\n|-boost|p2a: Scizor|atk|2\n|move|p1b: Farigiraf|Psychic|p2b: Sneasler\n|-supereffective|p2b: Sneasler|2\n|-damage|p2b: Sneasler|0 fnt\n|faint|p2b: Sneasler\n|\n|upkeep\n|\n|t:|1776550424\n|switch|p2b: Pelipper|Pelipper, L50, M|100/100\n|-weather|RainDance|[from] ability: Drizzle|[of] p2b: Pelipper\n|turn|2\n|inactive|Rworwo has 30 seconds left.\n|\n|t:|1776550453\n|detailschange|p1a: Lucario|Lucario-Mega, L50, F, shiny\n|-mega|p1a: Lucario|Lucario|Lucarionite\n|move|p1b: Farigiraf|Helping Hand|p1a: Lucario\n|-singleturn|p1a: Lucario|Helping Hand|[of] p1b: Farigiraf\n|move|p1a: Lucario|Aura Sphere|p2a: Scizor\n|-crit|p2a: Scizor\n|-damage|p2a: Scizor|0 fnt\n|faint|p2a: Scizor\n|move|p2b: Pelipper|Tailwind|p2b: Pelipper\n|-sidestart|p2: FernandaXP|move: Tailwind\n|\n|-weather|RainDance|[upkeep]\n|upkeep\n|\n|t:|1776550462\n|switch|p2a: Archaludon|Archaludon, L50, F|100/100\n|turn|3\n|\n|t:|1776550481\n|move|p1a: Lucario|Protect|p1a: Lucario\n|-singleturn|p1a: Lucario|Protect\n|move|p2b: Pelipper|Hurricane|p1a: Lucario\n|-activate|p1a: Lucario|move: Protect\n|move|p2a: Archaludon|Electro Shot||[still]\n|-prepare|p2a: Archaludon|Electro Shot\n|-boost|p2a: Archaludon|spa|1\n|-anim|p2a: Archaludon|Electro Shot|p1a: Lucario\n|-activate|p1a: Lucario|move: Protect\n|move|p1b: Farigiraf|Psychic|p2a: Archaludon\n|-resisted|p2a: Archaludon|1\n|-damage|p2a: Archaludon|78/100\n|-ability|p2a: Archaludon|Stamina|boost\n|-boost|p2a: Archaludon|def|1\n|\n|-weather|RainDance|[upkeep]\n|-heal|p2a: Archaludon|84/100|[from] item: Leftovers\n|upkeep\n|turn|4\n|\n|t:|1776550499\n|switch|p1a: Clefable|Clefable, L50, M, shiny|100/100\n|move|p2b: Pelipper|Hurricane|p1b: Farigiraf\n|-damage|p1b: Farigiraf|62/100\n|move|p2a: Archaludon|Electro Shot||[still]\n|-prepare|p2a: Archaludon|Electro Shot\n|-boost|p2a: Archaludon|spa|1\n|-anim|p2a: Archaludon|Electro Shot|p1a: Clefable\n|-damage|p1a: Clefable|60/100\n|move|p1b: Farigiraf|Psychic|p2a: Archaludon\n|-resisted|p2a: Archaludon|1\n|-damage|p2a: Archaludon|61/100\n|-ability|p2a: Archaludon|Stamina|boost\n|-boost|p2a: Archaludon|def|1\n|\n|-weather|RainDance|[upkeep]\n|-heal|p2a: Archaludon|67/100|[from] item: Leftovers\n|-heal|p1a: Clefable|66/100|[from] item: Leftovers\n|upkeep\n|turn|5\n|\n|t:|1776550522\n|move|p2b: Pelipper|Hurricane|p1a: Clefable\n|-damage|p1a: Clefable|33/100\n|-start|p1a: Clefable|confusion\n|move|p2a: Archaludon|Flash Cannon|p1b: Farigiraf\n|-damage|p1b: Farigiraf|0 fnt\n|faint|p1b: Farigiraf\n|-activate|p1a: Clefable|confusion\n|-damage|p1a: Clefable|26/100|[from] confusion\n|\n|-weather|RainDance|[upkeep]\n|-heal|p2a: Archaludon|73/100|[from] item: Leftovers\n|-heal|p1a: Clefable|32/100|[from] item: Leftovers\n|-sideend|p2: FernandaXP|move: Tailwind\n|upkeep\n|\n|t:|1776550531\n|switch|p1b: Lucario|Lucario-Mega, L50, F, shiny|100/100\n|turn|6\n|\n|t:|1776550545\n|move|p2a: Archaludon|Protect|p2a: Archaludon\n|-singleturn|p2a: Archaludon|Protect\n|-activate|p1a: Clefable|confusion\n|move|p1a: Clefable|Follow Me|p1a: Clefable\n|-singleturn|p1a: Clefable|move: Follow Me\n|move|p1b: Lucario|Aura Sphere|p2a: Archaludon\n|-activate|p2a: Archaludon|move: Protect\n|move|p2b: Pelipper|Tailwind|p2b: Pelipper\n|-sidestart|p2: FernandaXP|move: Tailwind\n|\n|-weather|none\n|-heal|p2a: Archaludon|79/100|[from] item: Leftovers\n|-heal|p1a: Clefable|38/100|[from] item: Leftovers\n|upkeep\n|turn|7\n|\n|t:|1776550566\n|-activate|p1a: Clefable|confusion\n|move|p1a: Clefable|Follow Me|p1a: Clefable\n|-singleturn|p1a: Clefable|move: Follow Me\n|move|p2b: Pelipper|Hurricane|p1a: Clefable|[miss]\n|-miss|p2b: Pelipper|p1a: Clefable\n|move|p2a: Archaludon|Flash Cannon|p1a: Clefable\n|-supereffective|p1a: Clefable|1\n|-damage|p1a: Clefable|0 fnt\n|faint|p1a: Clefable\n|move|p1b: Lucario|Aura Sphere|p2a: Archaludon\n|-supereffective|p2a: Archaludon|1\n|-damage|p2a: Archaludon|0 fnt\n|faint|p2a: Archaludon\n|\n|upkeep\n|\n|t:|1776550579\n|switch|p1a: Basculegion|Basculegion, L50, M, shiny|100/100\n|turn|8\n|\n|t:|1776550589\n|move|p2b: Pelipper|Protect|p2b: Pelipper\n|-singleturn|p2b: Pelipper|Protect\n|move|p1a: Basculegion|Last Respects|p2b: Pelipper\n|-activate|p2b: Pelipper|move: Protect\n|move|p1b: Lucario|Flash Cannon|p2b: Pelipper\n|-activate|p2b: Pelipper|move: Protect\n|\n|upkeep\n|turn|9\n|\n|t:|1776550595\n|move|p2b: Pelipper|Hurricane|p1b: Lucario\n|-damage|p1b: Lucario|39/100\n|move|p1a: Basculegion|Last Respects|p2b: Pelipper\n|-enditem|p2b: Pelipper|Focus Sash\n|-damage|p2b: Pelipper|1/100\n|move|p1b: Lucario|Flash Cannon|p2b: Pelipper\n|-resisted|p2b: Pelipper|1\n|-damage|p2b: Pelipper|0 fnt\n|faint|p2b: Pelipper\n|\n|win|Rworwo\n|raw|Rworwo's rating: 1412 &rarr; <strong>1432</strong><br />(+20 for winning)\n|raw|FernandaXP's rating: 1404 &rarr; <strong>1384</strong><br />(-20 for losing)\n",
  "uploadtime": 1776550603,
  "views": 16,
  "formatid": "gen9championsvgc2026regma",
  "rating": 1384,
  "private": 0,
  "password": null
}