{
  "id": "gen9championsvgc2026regma-2583585500",
  "format": "[Gen 9 Champions] VGC 2026 Reg M-A",
  "players": [
    "arijankonac",
    "AlexWB"
  ],
  "log": "|j|\u2606arijankonac\n|j|\u2606AlexWB\n|t:|1776184892\n|gametype|doubles\n|player|p1|arijankonac|lucas|1087\n|player|p2|AlexWB|265|1000\n|gen|9\n|tier|[Gen 9 Champions] VGC 2026 Reg M-A\n|rated|\n|rule|Species Clause: Limit one of each Pok\u00e9mon\n|rule|Item Clause: Limit 1 of each item\n|clearpoke\n|poke|p1|Sneasler, L50, M|\n|poke|p1|Dragonite, L50, M|\n|poke|p1|Ceruledge, L50, M|\n|poke|p1|Whimsicott, L50, F|\n|poke|p1|Charizard, L50, M|\n|poke|p1|Incineroar, L50, M|\n|poke|p2|Charizard, L50, M|\n|poke|p2|Venusaur, L50, M|\n|poke|p2|Garchomp, L50, F|\n|poke|p2|Whimsicott, L50, F|\n|poke|p2|Incineroar, L50, F|\n|poke|p2|Raichu, L50, F|\n|teampreview|4\n|inactive|Battle timer is ON: inactive players will automatically lose when time's up. (requested by arijankonac)\narijankonac rejected open team sheets.\n|inactive|AlexWB has 60 seconds left.\n|\n|t:|1776184937\n|teamsize|p1|4\n|teamsize|p2|4\n|start\n|switch|p1a: Sneasler|Sneasler, L50, M|100/100\n|switch|p1b: Dragonite|Dragonite, L50, M|100/100\n|switch|p2a: Whimsicott|Whimsicott, L50, F|100/100\n|switch|p2b: Charizard|Charizard, L50, M|100/100\n|-ability|p1a: Sneasler|Pressure\n|turn|1\n|\n|t:|1776184957\n|move|p1a: Sneasler|Fake Out|p2a: Whimsicott\n|-damage|p2a: Whimsicott|84/100\n|cant|p2a: Whimsicott|flinch\n|move|p2b: Charizard|Heat Wave|p1a: Sneasler|[spread] p1a,p1b\n|-resisted|p1b: Dragonite|1\n|-damage|p1a: Sneasler|56/100\n|-damage|p1b: Dragonite|94/100\n|move|p1b: Dragonite|Tailwind|p1b: Dragonite\n|-sidestart|p1: arijankonac|move: Tailwind\n|\n|upkeep\n|turn|2\n|\n|t:|1776184985\n|switch|p1b: Ceruledge|Ceruledge, L50, M, shiny|100/100\n|move|p2b: Charizard|Protect|p2b: Charizard\n|-singleturn|p2b: Charizard|Protect\n|move|p1a: Sneasler|Dire Claw|p2a: Whimsicott\n|-supereffective|p2a: Whimsicott|2\n|-damage|p2a: Whimsicott|0 fnt\n|faint|p2a: Whimsicott\n|\n|upkeep\n|c|\u2606arijankonac|OUT PLAYED\n|\n|t:|1776184997\n|switch|p2a: Incineroar|Incineroar, L50, F|100/100\n|-ability|p2a: Incineroar|Intimidate|boost\n|-unboost|p1a: Sneasler|atk|1\n|-unboost|p1b: Ceruledge|atk|1\n|-enditem|p1a: Sneasler|White Herb\n|-clearnegativeboost|p1a: Sneasler|[silent]\n|turn|3\n|\n|t:|1776185006\n|detailschange|p2b: Charizard|Charizard-Mega-Y, L50, M\n|-mega|p2b: Charizard|Charizard|Charizardite Y\n|-weather|SunnyDay|[from] ability: Drought|[of] p2b: Charizard\n|move|p1a: Sneasler|Protect|p1a: Sneasler\n|-singleturn|p1a: Sneasler|Protect\n|move|p2a: Incineroar|Fake Out|p1a: Sneasler\n|-activate|p1a: Sneasler|move: Protect\n|move|p1b: Ceruledge|Swords Dance|p1b: Ceruledge\n|-boost|p1b: Ceruledge|atk|2\n|move|p2b: Charizard|Heat Wave|p1b: Ceruledge|[spread] p1b\n|-activate|p1a: Sneasler|move: Protect\n|-resisted|p1b: Ceruledge|1\n|-damage|p1b: Ceruledge|62/100\n|\n|-weather|SunnyDay|[upkeep]\n|upkeep\n|turn|4\n|inactive|AlexWB has 30 seconds left.\n|inactive|AlexWB has 20 seconds left.\n|inactive|AlexWB has 15 seconds left.\n|inactive|arijankonac has 30 seconds left.\n|inactive|AlexWB has 10 seconds left.\n|\n|t:|1776185055\n|move|p2b: Charizard|Protect|p2b: Charizard\n|-singleturn|p2b: Charizard|Protect\n|move|p1a: Sneasler|Close Combat|p2a: Incineroar\n|-supereffective|p2a: Incineroar|1\n|-damage|p2a: Incineroar|0 fnt\n|-unboost|p1a: Sneasler|def|1\n|-unboost|p1a: Sneasler|spd|1\n|faint|p2a: Incineroar\n|move|p1b: Ceruledge|Poltergeist|p2b: Charizard\n|-activate|p2b: Charizard|move: Protect\n|\n|-weather|SunnyDay|[upkeep]\n|-sideend|p1: arijankonac|move: Tailwind\n|upkeep\n|inactive|AlexWB has 30 seconds left.\n|inactive|AlexWB has 20 seconds left.\n|c|\u2606arijankonac|zzzzzzzzzzz\n|c|\u2606arijankonac|u dont know me son\n|inactive|AlexWB has 15 seconds left.\n|inactive|AlexWB has 10 seconds left.\n|c|\u2606arijankonac|too ez\n|inactive|AlexWB has 5 seconds left.\n|\n|t:|1776185110\n|switch|p2a: Raichu|Raichu, L50, F|100/100\n|turn|5\n|inactive|AlexWB has 30 seconds left.\n|inactive|AlexWB has 20 seconds left.\n|inactive|AlexWB has 15 seconds left.\n|c|\u2606arijankonac|stalling wont help u\n|c|\u2606arijankonac|i wont quit\n|inactive|AlexWB has 10 seconds left.\n|n|!arijankonac|arijankonac\n|inactive|AlexWB has 5 seconds left.\n|\n|t:|1776185167\n|switch|p1a: Dragonite|Dragonite, L50, M|94/100\n|switch|p1b: Charizard|Charizard, L50, M|100/100\n|move|p2b: Charizard|Flamethrower|p1b: Charizard\n|-resisted|p1b: Charizard|1\n|-damage|p1b: Charizard|44/100\n|move|p2a: Raichu|Thunderbolt|p1a: Dragonite\n|-damage|p1a: Dragonite|61/100\n|\n|-weather|SunnyDay|[upkeep]\n|upkeep\n|turn|6\n|inactive|AlexWB has 30 seconds left.\n|inactive|AlexWB has 20 seconds left.\n|inactive|AlexWB has 15 seconds left.\n|inactive|AlexWB has 10 seconds left.\n|inactive|AlexWB has 5 seconds left.\n|\n|t:|1776185222\n|detailschange|p1b: Charizard|Charizard-Mega-Y, L50, M\n|-mega|p1b: Charizard|Charizard|Charizardite Y\n|move|p1b: Charizard|Protect|p1b: Charizard\n|-singleturn|p1b: Charizard|Protect\n|move|p1a: Dragonite|Protect|p1a: Dragonite\n|-singleturn|p1a: Dragonite|Protect\n|move|p2b: Charizard|Flamethrower|p1b: Charizard\n|-activate|p1b: Charizard|move: Protect\n|move|p2a: Raichu|Thunderbolt|p1a: Dragonite\n|-activate|p1a: Dragonite|move: Protect\n|\n|-weather|SunnyDay|[upkeep]\n|upkeep\n|turn|7\n|inactive|AlexWB has 30 seconds left.\n|inactive|AlexWB has 20 seconds left.\n|inactive|AlexWB has 15 seconds left.\n|inactive|AlexWB has 10 seconds left.\n|inactive|AlexWB has 5 seconds left.\n|\n|t:|1776185277\n|move|p2b: Charizard|Flamethrower|p1a: Dragonite|[miss]\n|-miss|p2b: Charizard|p1a: Dragonite\n|move|p1b: Charizard|Weather Ball|p2a: Raichu\n|-damage|p2a: Raichu|0 fnt\n|faint|p2a: Raichu\n|move|p1a: Dragonite|Tailwind|p1a: Dragonite\n|-sidestart|p1: arijankonac|move: Tailwind\n|\n|-weather|none\n|upkeep\n|turn|8\n|inactive|arijankonac has 30 seconds left.\n|inactive|AlexWB has 30 seconds left.\n|inactive|AlexWB has 20 seconds left.\n|inactive|AlexWB has 15 seconds left.\n|inactive|AlexWB has 10 seconds left.\n|inactive|AlexWB has 5 seconds left.\n|\n|t:|1776185335\n|move|p1b: Charizard|Heat Wave|p2b: Charizard\n|-resisted|p2b: Charizard|1\n|-crit|p2b: Charizard\n|-damage|p2b: Charizard|55/100\n|move|p1a: Dragonite|Draco Meteor|p2b: Charizard\n|-damage|p2b: Charizard|0 fnt\n|-unboost|p1a: Dragonite|spa|2\n|faint|p2b: Charizard\n|\n|win|arijankonac\n",
  "uploadtime": 1776185159,
  "views": 11,
  "formatid": "gen9championsvgc2026regma",
  "rating": null,
  "private": 0,
  "password": null
}