{
  "id": "gen9championsvgc2026regma-2584534185",
  "format": "[Gen 9 Champions] VGC 2026 Reg M-A",
  "players": [
    "thed3mo",
    "theilldigi"
  ],
  "log": "|j|\u2606thed3mo\n|j|\u2606theilldigi\n|t:|1776267138\n|gametype|doubles\n|player|p1|thed3mo|gentleman-gen4|1072\n|player|p2|theilldigi|170|1077\n|gen|9\n|tier|[Gen 9 Champions] VGC 2026 Reg M-A\n|rated|\n|rule|Species Clause: Limit one of each Pok\u00e9mon\n|rule|Item Clause: Limit 1 of each item\n|clearpoke\n|poke|p1|Sinistcha, L50|\n|poke|p1|Incineroar, L50, M|\n|poke|p1|Slowbro, L50, F|\n|poke|p1|Meowstic, L50, M|\n|poke|p1|Aerodactyl, L50, M|\n|poke|p1|Kingambit, L50, F|\n|poke|p2|Meganium, L50, F|\n|poke|p2|Archaludon, L50, M|\n|poke|p2|Aerodactyl, L50, F|\n|poke|p2|Tauros-Paldea-Aqua, L50, M|\n|poke|p2|Typhlosion-Hisui, L50, F|\n|poke|p2|Kangaskhan, L50, F|\n|teampreview|4\n|inactive|Battle timer is ON: inactive players will automatically lose when time's up. (requested by thed3mo)\n|c|\u2606thed3mo|hi wolfe\n|inactive|thed3mo has 60 seconds left.\n|inactive|theilldigi has 60 seconds left.\n|c|\u2606theilldigi|i had to guess the evs so don't worry too much\n|c|\u2606theilldigi|also: I'm bad\n|inactive|theilldigi has 30 seconds left.\n|\n|t:|1776267208\n|teamsize|p1|4\n|teamsize|p2|4\n|start\n|switch|p1a: Meowstic|Meowstic, L50, M|100/100\n|switch|p1b: Incineroar|Incineroar, L50, M|100/100\n|switch|p2a: Kangaskhan|Kangaskhan, L50, F|100/100\n|switch|p2b: Aerodactyl|Aerodactyl, L50, F, shiny|100/100\n|-ability|p2b: Aerodactyl|Unnerve\n|-ability|p1b: Incineroar|Intimidate|boost\n|-fail|p2a: Kangaskhan|unboost|Attack|[from] ability: Inner Focus|[of] p2a: Kangaskhan\n|-unboost|p2b: Aerodactyl|atk|1\n|turn|1\n|inactive|theilldigi has 30 seconds left.\n|\n|t:|1776267243\n|detailschange|p2a: Kangaskhan|Kangaskhan-Mega, L50, F\n|-mega|p2a: Kangaskhan|Kangaskhan|Kangaskhanite\n|move|p2a: Kangaskhan|Fake Out|p1b: Incineroar\n|-damage|p1b: Incineroar|81/100\n|-damage|p1b: Incineroar|76/100\n|-hitcount|p1b: Incineroar|2\n|cant|p1b: Incineroar|flinch\n|move|p1a: Meowstic|Thunder Wave|p2a: Kangaskhan\n|-status|p2a: Kangaskhan|par\n|move|p2b: Aerodactyl|Tailwind|p2b: Aerodactyl\n|-sidestart|p2: theilldigi|move: Tailwind\n|\n|upkeep\n|turn|2\n|\n|t:|1776267261\n|move|p1a: Meowstic|Thunder Wave|p2b: Aerodactyl\n|-status|p2b: Aerodactyl|par\n|move|p2a: Kangaskhan|Sucker Punch||[still]\n|-fail|p2a: Kangaskhan\n|move|p2b: Aerodactyl|Rock Slide|p1a: Meowstic|[spread] p1a,p1b\n|-supereffective|p1b: Incineroar|1\n|-damage|p1a: Meowstic|75/100\n|-damage|p1b: Incineroar|46/100\n|cant|p1b: Incineroar|flinch\n|\n|upkeep\n|turn|3\n|inactive|theilldigi has 30 seconds left.\n|\n|t:|1776267289\n|switch|p2b: Tauros|Tauros-Paldea-Aqua, L50, M, shiny|100/100\n|-enditem|p1b: Incineroar|Sitrus Berry|[eat]\n|-heal|p1b: Incineroar|70/100|[from] item: Sitrus Berry\n|-ability|p2b: Tauros|Intimidate|boost\n|-unboost|p1a: Meowstic|atk|1\n|-unboost|p1b: Incineroar|atk|1\n|switch|p1a: Sinistcha|Sinistcha, L50|100/100\n|-heal|p1b: Incineroar|95/100|[from] ability: Hospitality|[of] p1a: Sinistcha\n|move|p2a: Kangaskhan|Low Kick|p1b: Incineroar\n|-supereffective|p1b: Incineroar|1\n|-damage|p1b: Incineroar|42/100\n|-supereffective|p1b: Incineroar|1\n|-damage|p1b: Incineroar|30/100\n|-hitcount|p1b: Incineroar|2\n|move|p1b: Incineroar|Parting Shot|p2a: Kangaskhan\n|-unboost|p2a: Kangaskhan|atk|1\n|-unboost|p2a: Kangaskhan|spa|1\n|\n|t:|1776267310\n|switch|p1b: Meowstic|Meowstic, L50, M|75/100|[from] Parting Shot\n|\n|upkeep\n|turn|4\n|\n|t:|1776267329\n|move|p2b: Tauros|Protect|p2b: Tauros\n|-singleturn|p2b: Tauros|Protect\n|move|p1a: Sinistcha|Protect|p1a: Sinistcha\n|-singleturn|p1a: Sinistcha|Protect\n|move|p1b: Meowstic|Thunder Wave|p2b: Tauros\n|-activate|p2b: Tauros|move: Protect\n|move|p2a: Kangaskhan|Sucker Punch||[still]\n|-fail|p2a: Kangaskhan\n|\n|-sideend|p2: theilldigi|move: Tailwind\n|upkeep\n|turn|5\n|\n|t:|1776267344\n|switch|p2b: Aerodactyl|Aerodactyl, L50, F, shiny|100/100 par\n|-ability|p2b: Aerodactyl|Unnerve\n|move|p1b: Meowstic|Thunder Wave|p2b: Aerodactyl\n|-fail|p2b: Aerodactyl|par\n|move|p1a: Sinistcha|Matcha Gotcha|p2b: Aerodactyl|[spread] p2a,p2b\n|-damage|p2a: Kangaskhan|83/100 par\n|-damage|p2b: Aerodactyl|68/100 par\n|cant|p2a: Kangaskhan|par\n|\n|upkeep\n|turn|6\n|inactive|thed3mo has 30 seconds left.\n|\n|t:|1776267374\n|switch|p1b: Incineroar|Incineroar, L50, M|30/100\n|-ability|p1b: Incineroar|Intimidate|boost\n|-unboost|p2a: Kangaskhan|atk|1\n|-unboost|p2b: Aerodactyl|atk|1\n|move|p2b: Aerodactyl|Dual Wingbeat|p1a: Sinistcha\n|-supereffective|p1a: Sinistcha|1\n|-damage|p1a: Sinistcha|83/100\n|-supereffective|p1a: Sinistcha|1\n|-crit|p1a: Sinistcha\n|-damage|p1a: Sinistcha|48/100\n|-hitcount|p1a: Sinistcha|2\n|move|p1a: Sinistcha|Matcha Gotcha|p2b: Aerodactyl|[spread] p2a,p2b\n|-crit|p2a: Kangaskhan\n|-damage|p2a: Kangaskhan|59/100 par\n|-heal|p1a: Sinistcha|61/100|[from] drain|[of] p2a: Kangaskhan\n|-damage|p2b: Aerodactyl|36/100 par\n|-heal|p1a: Sinistcha|75/100|[from] drain|[of] p2b: Aerodactyl\n|move|p2a: Kangaskhan|Double-Edge|p1b: Incineroar\n|-damage|p1b: Incineroar|4/100\n|-damage|p1b: Incineroar|0 fnt\n|faint|p1b: Incineroar\n|-hitcount|p1: Incineroar|2\n|-damage|p2a: Kangaskhan|49/100 par|[from] Recoil\n|\n|-heal|p1a: Sinistcha|81/100|[from] item: Leftovers\n|upkeep\n|inactive|thed3mo has 30 seconds left.\n|\n|t:|1776267400\n|switch|p1b: Slowbro|Slowbro, L50, F|100/100\n|turn|7\n|inactive|theilldigi has 30 seconds left.\n|\n|t:|1776267433\n|detailschange|p1b: Slowbro|Slowbro-Mega, L50, F\n|-mega|p1b: Slowbro|Slowbro|Slowbronite\n|move|p1b: Slowbro|Protect|p1b: Slowbro\n|-singleturn|p1b: Slowbro|Protect\n|move|p2a: Kangaskhan|Sucker Punch||[still]\n|-fail|p2a: Kangaskhan\n|move|p2b: Aerodactyl|Tailwind|p2b: Aerodactyl\n|-sidestart|p2: theilldigi|move: Tailwind\n|move|p1a: Sinistcha|Trick Room|p1a: Sinistcha\n|-fieldstart|move: Trick Room|[of] p1a: Sinistcha\n|\n|-heal|p1a: Sinistcha|88/100|[from] item: Leftovers\n|upkeep\n|turn|8\n|\n|t:|1776267449\n|move|p2b: Aerodactyl|Protect|p2b: Aerodactyl\n|-singleturn|p2b: Aerodactyl|Protect\n|move|p2a: Kangaskhan|Sucker Punch|p1b: Slowbro\n|-supereffective|p1b: Slowbro|1\n|-damage|p1b: Slowbro|91/100\n|-supereffective|p1b: Slowbro|1\n|-damage|p1b: Slowbro|89/100\n|-hitcount|p1b: Slowbro|2\n|move|p1b: Slowbro|Body Press|p2a: Kangaskhan\n|-supereffective|p2a: Kangaskhan|1\n|-damage|p2a: Kangaskhan|0 fnt\n|faint|p2a: Kangaskhan\n|move|p1a: Sinistcha|Matcha Gotcha|p2b: Aerodactyl\n|-activate|p2b: Aerodactyl|move: Protect\n|\n|-heal|p1a: Sinistcha|94/100|[from] item: Leftovers\n|upkeep\n|\n|t:|1776267453\n|switch|p2a: Tauros|Tauros-Paldea-Aqua, L50, M, shiny|100/100\n|-ability|p2a: Tauros|Intimidate|boost\n|-unboost|p1a: Sinistcha|atk|1\n|-unboost|p1b: Slowbro|atk|1\n|turn|9\n|\n|t:|1776267473\n|move|p2a: Tauros|Protect|p2a: Tauros\n|-singleturn|p2a: Tauros|Protect\n|move|p1b: Slowbro|Expanding Force|p2a: Tauros\n|-activate|p2a: Tauros|move: Protect\n|move|p1a: Sinistcha|Matcha Gotcha|p2b: Aerodactyl|[spread] p2b\n|-activate|p2a: Tauros|move: Protect\n|-damage|p2b: Aerodactyl|5/100 par\n|-heal|p1a: Sinistcha|100/100|[from] drain|[of] p2b: Aerodactyl\n|move|p2b: Aerodactyl|Dual Wingbeat|p1a: Sinistcha\n|-supereffective|p1a: Sinistcha|1\n|-crit|p1a: Sinistcha\n|-damage|p1a: Sinistcha|62/100\n|-supereffective|p1a: Sinistcha|1\n|-damage|p1a: Sinistcha|44/100\n|-hitcount|p1a: Sinistcha|2\n|\n|-heal|p1a: Sinistcha|50/100|[from] item: Leftovers\n|upkeep\n|turn|10\n|\n|t:|1776267492\n|move|p2a: Tauros|Aqua Jet|p1a: Sinistcha\n|-resisted|p1a: Sinistcha|1\n|-damage|p1a: Sinistcha|43/100\n|move|p1b: Slowbro|Expanding Force|p2a: Tauros\n|-supereffective|p2a: Tauros|1\n|-damage|p2a: Tauros|4/100\n|move|p1a: Sinistcha|Matcha Gotcha|p2b: Aerodactyl|[spread] p2a,p2b\n|-supereffective|p2a: Tauros|1\n|-damage|p2a: Tauros|0 fnt\n|-heal|p1a: Sinistcha|44/100|[from] drain|[of] p2a: Tauros\n|-damage|p2b: Aerodactyl|0 fnt\n|-heal|p1a: Sinistcha|47/100|[from] drain|[of] p2b: Aerodactyl\n|faint|p2a: Tauros\n|faint|p2b: Aerodactyl\n|\n|-heal|p1a: Sinistcha|53/100|[from] item: Leftovers\n|-sideend|p2: theilldigi|move: Tailwind\n|upkeep\n|c|\u2606theilldigi|gg\n|-message|theilldigi forfeited.\n|\n|win|thed3mo\n",
  "uploadtime": 1776267140,
  "views": 20,
  "formatid": "gen9championsvgc2026regma",
  "rating": null,
  "private": 0,
  "password": null
}