{
  "id": "gen9championsvgc2026regma-2587536963",
  "format": "[Gen 9 Champions] VGC 2026 Reg M-A",
  "players": [
    "goobsheistmaster67",
    "ub student"
  ],
  "log": "|j|\u2606goobsheistmaster67\n|j|\u2606ub student\n|t:|1776540297\n|gametype|doubles\n|player|p1|goobsheistmaster67|bugcatcher-gen4dp|1464\n|player|p2|ub student|101|1433\n|gen|9\n|tier|[Gen 9 Champions] VGC 2026 Reg M-A\n|rated|\n|rule|Species Clause: Limit one of each Pok\u00e9mon\n|rule|Item Clause: Limit 1 of each item\n|clearpoke\n|poke|p1|Floette-Eternal, L50, F|\n|poke|p1|Delphox, L50, M|\n|poke|p1|Kingambit, L50, M|\n|poke|p1|Garchomp, L50, F|\n|poke|p1|Basculegion, L50, M|\n|poke|p1|Sinistcha, L50|\n|poke|p2|Floette-Eternal, L50, F|\n|poke|p2|Talonflame, L50, M|\n|poke|p2|Basculegion, L50, M|\n|poke|p2|Garchomp, L50, M|\n|poke|p2|Rotom-Wash, L50|\n|poke|p2|Kingambit, L50, M|\n|teampreview|4\n|inactive|Battle timer is ON: inactive players will automatically lose when time's up. (requested by ub student)\n|inactive|ub student has 60 seconds left.\n|inactive|goobsheistmaster67 has 60 seconds left.\n|\n|t:|1776540349\n|teamsize|p1|4\n|teamsize|p2|4\n|start\n|switch|p1a: Floette|Floette-Eternal, L50, F|100/100\n|switch|p1b: Garchomp|Garchomp, L50, F|100/100\n|switch|p2a: Talonflame|Talonflame, L50, M|100/100\n|switch|p2b: Garchomp|Garchomp, L50, M|100/100\n|turn|1\n|\n|t:|1776540361\n|detailschange|p1a: Floette|Floette-Mega, L50, F\n|-mega|p1a: Floette|Floette|Floettite\n|-ability|p1a: Floette|Fairy Aura\n|move|p2b: Garchomp|Protect|p2b: Garchomp\n|-singleturn|p2b: Garchomp|Protect\n|move|p2a: Talonflame|Tailwind|p2a: Talonflame\n|-sidestart|p2: ub student|move: Tailwind\n|move|p1b: Garchomp|Rock Slide|p2a: Talonflame|[spread] p2a\n|-activate|p2b: Garchomp|move: Protect\n|-supereffective|p2a: Talonflame|2\n|-enditem|p2a: Talonflame|Focus Sash\n|-damage|p2a: Talonflame|1/100\n|move|p1a: Floette|Dazzling Gleam|p2a: Talonflame|[spread] p2a\n|-activate|p2b: Garchomp|move: Protect\n|-resisted|p2a: Talonflame|1\n|-damage|p2a: Talonflame|0 fnt\n|faint|p2a: Talonflame\n|\n|upkeep\n|\n|t:|1776540378\n|switch|p2a: Basculegion|Basculegion, L50, M|100/100\n|turn|2\n|\n|t:|1776540383\n|move|p1a: Floette|Protect|p1a: Floette\n|-singleturn|p1a: Floette|Protect\n|move|p2a: Basculegion|Flip Turn|p1a: Floette\n|-activate|p1a: Floette|move: Protect\n|move|p2b: Garchomp|Dragon Claw|p1b: Garchomp\n|-supereffective|p1b: Garchomp|1\n|-damage|p1b: Garchomp|14/100\n|-damage|p2b: Garchomp|88/100|[from] ability: Rough Skin|[of] p1b: Garchomp\n|move|p1b: Garchomp|Earthquake|p2a: Basculegion|[spread] p2a,p2b\n|-activate|p1a: Floette|move: Protect\n|-damage|p2a: Basculegion|54/100\n|-damage|p2b: Garchomp|52/100\n|\n|upkeep\n|turn|3\n|\n|t:|1776540397\n|switch|p1a: Sinistcha|Sinistcha, L50|100/100\n|-heal|p1b: Garchomp|39/100|[from] ability: Hospitality|[of] p1a: Sinistcha\n|move|p1b: Garchomp|Protect|p1b: Garchomp\n|-singleturn|p1b: Garchomp|Protect\n|move|p2a: Basculegion|Flip Turn|p1a: Sinistcha\n|-resisted|p1a: Sinistcha|1\n|-damage|p1a: Sinistcha|83/100\n|\n|t:|1776540403\n|switch|p2a: Rotom|Rotom-Wash, L50|100/100|[from] Flip Turn\n|move|p2b: Garchomp|Earthquake|p1a: Sinistcha|[spread] p1a\n|-activate|p1b: Garchomp|move: Protect\n|-immune|p2a: Rotom|[from] ability: Levitate\n|-resisted|p1a: Sinistcha|1\n|-damage|p1a: Sinistcha|61/100\n|\n|upkeep\n|turn|4\n|\n|t:|1776540416\n|move|p2b: Garchomp|Dragon Claw|p1a: Sinistcha\n|-damage|p1a: Sinistcha|25/100\n|-enditem|p1a: Sinistcha|Sitrus Berry|[eat]\n|-heal|p1a: Sinistcha|50/100|[from] item: Sitrus Berry\n|move|p2a: Rotom|Will-O-Wisp|p1b: Garchomp\n|-status|p1b: Garchomp|brn\n|move|p1b: Garchomp|Dragon Claw|p2b: Garchomp\n|-supereffective|p2b: Garchomp|1\n|-damage|p2b: Garchomp|17/100\n|-damage|p1b: Garchomp|27/100 brn|[from] ability: Rough Skin|[of] p2b: Garchomp\n|move|p1a: Sinistcha|Matcha Gotcha|p2a: Rotom|[spread] p2a\n|-miss|p1a: Sinistcha|p2b: Garchomp\n|-supereffective|p2a: Rotom|1\n|-damage|p2a: Rotom|47/100\n|-heal|p1a: Sinistcha|74/100|[from] drain|[of] p2a: Rotom\n|-enditem|p2a: Rotom|Sitrus Berry|[eat]\n|-heal|p2a: Rotom|72/100|[from] item: Sitrus Berry\n|\n|-damage|p1b: Garchomp|21/100 brn|[from] brn\n|-sideend|p2: ub student|move: Tailwind\n|upkeep\n|turn|5\n|inactive|ub student has 30 seconds left.\n|\n|t:|1776540442\n|move|p2a: Rotom|Protect|p2a: Rotom\n|-singleturn|p2a: Rotom|Protect\n|move|p1b: Garchomp|Dragon Claw|p2b: Garchomp\n|-supereffective|p2b: Garchomp|1\n|-damage|p2b: Garchomp|0 fnt\n|-damage|p1b: Garchomp|9/100 brn|[from] ability: Rough Skin|[of] p2b: Garchomp\n|faint|p2b: Garchomp\n|move|p1a: Sinistcha|Matcha Gotcha|p2a: Rotom\n|-activate|p2a: Rotom|move: Protect\n|\n|-damage|p1b: Garchomp|3/100 brn|[from] brn\n|upkeep\n|\n|t:|1776540446\n|switch|p2b: Basculegion|Basculegion, L50, M|54/100\n|turn|6\n|\n|t:|1776540457\n|move|p2b: Basculegion|Last Respects|p1a: Sinistcha\n|-supereffective|p1a: Sinistcha|1\n|-damage|p1a: Sinistcha|0 fnt\n|faint|p1a: Sinistcha\n|move|p1b: Garchomp|Rock Slide|p2a: Rotom|[spread] p2a\n|-miss|p1b: Garchomp|p2b: Basculegion\n|-crit|p2a: Rotom\n|-damage|p2a: Rotom|57/100\n|move|p2a: Rotom|Hydro Pump|p1b: Garchomp\n|-damage|p1b: Garchomp|0 fnt\n|faint|p1b: Garchomp\n|\n|upkeep\n|\n|t:|1776540461\n|switch|p1b: Floette|Floette-Mega, L50, F|100/100\n|switch|p1a: Basculegion|Basculegion, L50, M|100/100\n|-ability|p1b: Floette|Fairy Aura\n|turn|7\n|\n|t:|1776540477\n|move|p1a: Basculegion|Last Respects|p2a: Rotom\n|-damage|p2a: Rotom|0 fnt\n|faint|p2a: Rotom\n|move|p2b: Basculegion|Last Respects|p1b: Floette\n|-damage|p1b: Floette|0 fnt\n|faint|p1b: Floette\n|\n|upkeep\n|turn|8\n|\n|t:|1776540484\n|move|p2b: Basculegion|Last Respects|p1a: Basculegion\n|-supereffective|p1a: Basculegion|1\n|-damage|p1a: Basculegion|0 fnt\n|faint|p1a: Basculegion\n|\n|win|ub student\n|raw|goobsheistmaster67's rating: 1464 &rarr; <strong>1442</strong><br />(-22 for losing)\n|raw|ub student's rating: 1433 &rarr; <strong>1455</strong><br />(+22 for winning)\n|l|\u2606goobsheistmaster67\n|player|p1|\n|l|\u2606ub student\n|player|p2|\n",
  "uploadtime": 1776540627,
  "views": 22,
  "formatid": "gen9championsvgc2026regma",
  "rating": 1442,
  "private": 0,
  "password": null
}