{
  "id": "gen9championsvgc2026regma-2582727308",
  "format": "[Gen 9 Champions] VGC 2026 Reg M-A",
  "players": [
    "wsrtertjzse5z",
    "thecynikyt"
  ],
  "log": "|j|\u2606wsrtertjzse5z\n|j|\u2606thecynikyt\n|t:|1776109954\n|gametype|doubles\n|player|p1|wsrtertjzse5z|hilda-wonderlauncher|1072\n|player|p2|thecynikyt|alder|1063\n|gen|9\n|tier|[Gen 9 Champions] VGC 2026 Reg M-A\n|rated|\n|rule|Species Clause: Limit one of each Pok\u00e9mon\n|rule|Item Clause: Limit 1 of each item\n|clearpoke\n|poke|p1|Vivillon, L50, F|\n|poke|p1|Froslass, L50, F|\n|poke|p1|Alcremie, L50, F|\n|poke|p1|Aegislash, L50, F|\n|poke|p1|Dragonite, L50, M|\n|poke|p1|Serperior, L50, M|\n|poke|p2|Gallade, L50, M|\n|poke|p2|Whimsicott, L50, F|\n|poke|p2|Zoroark-Hisui, L50, F|\n|poke|p2|Archaludon, L50, F|\n|poke|p2|Meganium, L50, M|\n|poke|p2|Rotom-Wash, L50|\n|teampreview|4\n|inactive|Battle timer is ON: inactive players will automatically lose when time's up. (requested by thecynikyt)\n|inactive|thecynikyt has 60 seconds left.\n|\n|t:|1776109996\n|teamsize|p1|4\n|teamsize|p2|4\n|start\n|switch|p1a: Vivillon|Vivillon, L50, F|100/100\n|switch|p1b: Froslass|Froslass, L50, F|100/100\n|switch|p2a: Whimsicott|Whimsicott, L50, F|100/100\n|switch|p2b: Archaludon|Archaludon, L50, F|100/100\n|turn|1\n|inactive|wsrtertjzse5z has 30 seconds left.\n|\n|t:|1776110023\n|detailschange|p1b: Froslass|Froslass-Mega, L50, F\n|-mega|p1b: Froslass|Froslass|Froslassite\n|-weather|Snowscape|[from] ability: Snow Warning|[of] p1b: Froslass\n|move|p2a: Whimsicott|Tailwind|p2a: Whimsicott\n|-sidestart|p2: thecynikyt|move: Tailwind\n|move|p2b: Archaludon|Bitter Malice|p1b: Froslass\n|-supereffective|p1b: Froslass|1\n|-damage|p1b: Froslass|11/100\n|-unboost|p1b: Froslass|atk|1\n|move|p1b: Froslass|Aurora Veil|p1b: Froslass\n|-sidestart|p1: wsrtertjzse5z|move: Aurora Veil\n|move|p1a: Vivillon|Hurricane|p2a: Whimsicott\n|-supereffective|p2a: Whimsicott|1\n|-damage|p2a: Whimsicott|0 fnt\n|faint|p2a: Whimsicott\n|\n|-weather|Snowscape|[upkeep]\n|upkeep\n|\n|t:|1776110036\n|switch|p2a: Meganium|Meganium, L50, M|100/100\n|turn|2\n|inactive|thecynikyt has 30 seconds left.\n|\n|t:|1776110067\n|detailschange|p2a: Meganium|Meganium-Mega, L50, M\n|-mega|p2a: Meganium|Meganium|Meganiumite\n|move|p2b: Archaludon|Icy Wind|p1a: Vivillon|[spread] p1a,p1b\n|-supereffective|p1a: Vivillon|1\n|-crit|p1a: Vivillon\n|-resisted|p1b: Froslass|1\n|-damage|p1a: Vivillon|11/100\n|-damage|p1b: Froslass|5/100\n|-unboost|p1a: Vivillon|spe|1\n|-unboost|p1b: Froslass|spe|1\n|move|p2a: Meganium|Weather Ball|p1a: Vivillon\n|-supereffective|p1a: Vivillon|1\n|-damage|p1a: Vivillon|0 fnt\n|faint|p1a: Vivillon\n|move|p1b: Froslass|Blizzard|p2a: Meganium|[spread] p2a,p2b\n|-supereffective|p2a: Meganium|1\n|-damage|p2a: Meganium|0 fnt\n|-enditem|p2b: Archaludon|Focus Sash\n|-damage|p2b: Archaludon|1/100\n|replace|p2b: Zoroark|Zoroark-Hisui, L50, F\n|-end|p2b: Zoroark|Illusion\n|faint|p2a: Meganium\n|\n|-weather|Snowscape|[upkeep]\n|upkeep\n|\n|t:|1776110088\n|switch|p1a: Aegislash|Aegislash, L50, F|100/100\n|switch|p2a: Archaludon|Archaludon, L50, F|100/100\n|turn|3\n|\n|t:|1776110123\n|move|p2b: Zoroark|Bitter Malice|p1a: Aegislash\n|-supereffective|p1a: Aegislash|1\n|-damage|p1a: Aegislash|51/100\n|-unboost|p1a: Aegislash|atk|1\n|move|p2a: Archaludon|Flash Cannon|p1b: Froslass\n|-supereffective|p1b: Froslass|1\n|-damage|p1b: Froslass|0 fnt\n|faint|p1b: Froslass\n|-formechange|p1a: Aegislash|Aegislash-Blade|\n|move|p1a: Aegislash|Poltergeist|p2a: Archaludon\n|-activate|p2a: Archaludon|move: Poltergeist|Leftovers\n|-damage|p2a: Archaludon|55/100\n|-ability|p2a: Archaludon|Stamina|boost\n|-boost|p2a: Archaludon|def|1\n|\n|-weather|Snowscape|[upkeep]\n|-heal|p2a: Archaludon|61/100|[from] item: Leftovers\n|upkeep\n|\n|t:|1776110138\n|switch|p1b: Serperior|Serperior, L50, M|100/100\n|turn|4\n|\n|t:|1776110159\n|-formechange|p1a: Aegislash|Aegislash|\n|move|p1a: Aegislash|King's Shield|p1a: Aegislash\n|-singleturn|p1a: Aegislash|Protect\n|move|p2b: Zoroark|Pain Split|p1b: Serperior\n|-sethp|p1b: Serperior|50/100|[from] move: Pain Split|[silent]\n|-sethp|p2b: Zoroark|59/100|[from] move: Pain Split\n|move|p2a: Archaludon|Dragon Pulse|p1b: Serperior\n|-damage|p1b: Serperior|13/100\n|move|p1b: Serperior|Leech Seed|p2a: Archaludon\n|-start|p2a: Archaludon|move: Leech Seed\n|\n|-weather|Snowscape|[upkeep]\n|-heal|p2a: Archaludon|67/100|[from] item: Leftovers\n|-damage|p2a: Archaludon|55/100|[from] Leech Seed|[of] p1b: Serperior\n|-heal|p1b: Serperior|26/100|[silent]\n|-sideend|p2: thecynikyt|move: Tailwind\n|upkeep\n|turn|5\n|inactive|wsrtertjzse5z has 30 seconds left.\n|\n|t:|1776110191\n|move|p1b: Serperior|Protect|p1b: Serperior\n|-singleturn|p1b: Serperior|Protect\n|move|p2b: Zoroark|Bitter Malice|p1a: Aegislash\n|-supereffective|p1a: Aegislash|1\n|-damage|p1a: Aegislash|0 fnt\n|faint|p1a: Aegislash\n|move|p2a: Archaludon|Dragon Pulse|p1b: Serperior\n|-activate|p1b: Serperior|move: Protect\n|\n|-weather|none\n|-heal|p2a: Archaludon|61/100|[from] item: Leftovers\n|-damage|p2a: Archaludon|49/100|[from] Leech Seed|[of] p1b: Serperior\n|-heal|p1b: Serperior|39/100|[silent]\n|-sideend|p1: wsrtertjzse5z|move: Aurora Veil\n|upkeep\n|turn|6\n|\n|t:|1776110206\n|move|p1b: Serperior|Knock Off|p2b: Zoroark\n|-supereffective|p2b: Zoroark|1\n|-damage|p2b: Zoroark|10/100\n|move|p2b: Zoroark|Hyper Voice|p1b: Serperior\n|-damage|p1b: Serperior|0 fnt\n|faint|p1b: Serperior\n|\n|win|thecynikyt\n|raw|wsrtertjzse5z's rating: 1072 &rarr; <strong>1051</strong><br />(-21 for losing)\n|raw|thecynikyt's rating: 1063 &rarr; <strong>1094</strong><br />(+31 for winning)\n",
  "uploadtime": 1776110211,
  "views": 16,
  "formatid": "gen9championsvgc2026regma",
  "rating": 1051,
  "private": 0,
  "password": null
}