{
  "id": "gen9championsvgc2026regma-2587932766",
  "format": "[Gen 9 Champions] VGC 2026 Reg M-A",
  "players": [
    "Marspiter",
    "flunglikeahorse"
  ],
  "log": "|j|\u2606Marspiter\n|j|\u2606flunglikeahorse\n|t:|1776580999\n|gametype|doubles\n|player|p1|Marspiter|steven|1394\n|player|p2|flunglikeahorse|lysandre-masters|1473\n|gen|9\n|tier|[Gen 9 Champions] VGC 2026 Reg M-A\n|rated|\n|rule|Species Clause: Limit one of each Pok\u00e9mon\n|rule|Item Clause: Limit 1 of each item\n|clearpoke\n|poke|p1|Scizor, L50, F|\n|poke|p1|Basculegion, L50, M|\n|poke|p1|Sneasler, L50, M|\n|poke|p1|Archaludon, L50, F|\n|poke|p1|Pelipper, L50, F|\n|poke|p1|Dragonite, L50, F|\n|poke|p2|Sneasler, L50, M|\n|poke|p2|Basculegion, L50, M|\n|poke|p2|Kingambit, L50, F|\n|poke|p2|Pelipper, L50, F|\n|poke|p2|Blastoise, L50, F|\n|poke|p2|Sinistcha, L50|\n|teampreview|4\n|\n|t:|1776581047\n|teamsize|p1|4\n|teamsize|p2|4\n|start\n|switch|p1a: Sneasler|Sneasler, L50, M|100/100\n|switch|p1b: Archaludon|Archaludon, L50, F|100/100\n|switch|p2a: Basculegion|Basculegion, L50, M|100/100\n|switch|p2b: Blastoise|Blastoise, L50, F|100/100\n|turn|1\n|\n|t:|1776581074\n|detailschange|p2b: Blastoise|Blastoise-Mega, L50, F\n|-mega|p2b: Blastoise|Blastoise|Blastoisinite\n|move|p1a: Sneasler|Fake Out|p2b: Blastoise\n|-damage|p2b: Blastoise|88/100\n|move|p2a: Basculegion|Flip Turn|p1a: Sneasler\n|-damage|p1a: Sneasler|42/100\n|\n|t:|1776581081\n|switch|p2a: Sneasler|Sneasler, L50, M|100/100|[from] Flip Turn\n|cant|p2b: Blastoise|flinch\n|move|p1b: Archaludon|Dragon Pulse|p2a: Sneasler\n|-damage|p2a: Sneasler|50/100\n|\n|upkeep\n|turn|2\n|\n|t:|1776581103\n|move|p1b: Archaludon|Protect|p1b: Archaludon\n|-singleturn|p1b: Archaludon|Protect\n|move|p2a: Sneasler|Fake Out|p1a: Sneasler\n|-damage|p1a: Sneasler|20/100\n|cant|p1a: Sneasler|flinch\n|move|p2b: Blastoise|Shell Smash|p2b: Blastoise\n|-unboost|p2b: Blastoise|def|1\n|-unboost|p2b: Blastoise|spd|1\n|-boost|p2b: Blastoise|atk|2\n|-boost|p2b: Blastoise|spa|2\n|-boost|p2b: Blastoise|spe|2\n|\n|upkeep\n|turn|3\n|\n|t:|1776581124\n|switch|p1a: Dragonite|Dragonite, L50, F|100/100\n|move|p2b: Blastoise|Water Spout|p1b: Archaludon|[spread] p1a,p1b\n|-resisted|p1a: Dragonite|1\n|-resisted|p1b: Archaludon|1\n|-crit|p1b: Archaludon\n|-damage|p1a: Dragonite|79/100\n|-damage|p1b: Archaludon|17/100\n|-ability|p1b: Archaludon|Stamina|boost\n|-boost|p1b: Archaludon|def|1\n|move|p2a: Sneasler|Close Combat|p1b: Archaludon\n|-supereffective|p1b: Archaludon|1\n|-enditem|p1b: Archaludon|Chople Berry|[eat]\n|-enditem|p1b: Archaludon|Chople Berry|[weaken]\n|-damage|p1b: Archaludon|0 fnt\n|-unboost|p2a: Sneasler|def|1\n|-unboost|p2a: Sneasler|spd|1\n|faint|p1b: Archaludon\n|-enditem|p2a: Sneasler|White Herb\n|-clearnegativeboost|p2a: Sneasler|[silent]\n|\n|upkeep\n|\n|t:|1776581142\n|switch|p1b: Sneasler|Sneasler, L50, M|20/100\n|turn|4\n|\n|t:|1776581161\n|detailschange|p1a: Dragonite|Dragonite-Mega, L50, F\n|-mega|p1a: Dragonite|Dragonite|Dragoninite\n|move|p2a: Sneasler|Protect|p2a: Sneasler\n|-singleturn|p2a: Sneasler|Protect\n|move|p2b: Blastoise|Protect|p2b: Blastoise\n|-singleturn|p2b: Blastoise|Protect\n|move|p1b: Sneasler|Fake Out|p2b: Blastoise\n|-activate|p2b: Blastoise|move: Protect\n|move|p1a: Dragonite|Tailwind|p1a: Dragonite\n|-sidestart|p1: Marspiter|move: Tailwind\n|\n|upkeep\n|turn|5\n|\n|t:|1776581191\n|switch|p2b: Basculegion|Basculegion, L50, M|100/100\n|move|p1b: Sneasler|Protect|p1b: Sneasler\n|-singleturn|p1b: Sneasler|Protect\n|move|p2a: Sneasler|Dire Claw|p1a: Dragonite\n|-damage|p1a: Dragonite|41/100\n|-status|p1a: Dragonite|psn\n|move|p1a: Dragonite|Draco Meteor|p2b: Basculegion\n|-crit|p2b: Basculegion\n|-damage|p2b: Basculegion|0 fnt\n|-unboost|p1a: Dragonite|spa|2\n|faint|p2b: Basculegion\n|\n|-damage|p1a: Dragonite|29/100 psn|[from] psn\n|upkeep\n|\n|t:|1776581205\n|switch|p2b: Kingambit|Kingambit, L50, F|100/100\n|turn|6\n|\n|t:|1776581218\n|move|p2b: Kingambit|Sucker Punch|p1b: Sneasler\n|-resisted|p1b: Sneasler|1\n|-damage|p1b: Sneasler|0 fnt\n|faint|p1b: Sneasler\n|move|p2a: Sneasler|Dire Claw|p1a: Dragonite\n|-damage|p1a: Dragonite|0 fnt\n|faint|p1a: Dragonite\n|\n|upkeep\n|-message|Marspiter forfeited.\n|\n|win|flunglikeahorse\n|raw|Marspiter's rating: 1394 &rarr; <strong>1378</strong><br />(-16 for losing)\n|raw|flunglikeahorse's rating: 1473 &rarr; <strong>1489</strong><br />(+16 for winning)\n|l|\u2606Marspiter\n|player|p1|\n|l|\u2606flunglikeahorse\n|player|p2|\n",
  "uploadtime": 1776581241,
  "views": 13,
  "formatid": "gen9championsvgc2026regma",
  "rating": 1378,
  "private": 0,
  "password": null
}