{
  "id": "gen9championsvgc2026regma-2588531848",
  "format": "[Gen 9 Champions] VGC 2026 Reg M-A",
  "players": [
    "Atrabilogie",
    "dr. chai"
  ],
  "log": "|j|\u2606Atrabilogie\n|j|\u2606dr. chai\n|t:|1776642242\n|gametype|doubles\n|player|p1|Atrabilogie|170|1112\n|player|p2|dr. chai|dahlia|1094\n|gen|9\n|tier|[Gen 9 Champions] VGC 2026 Reg M-A\n|rated|\n|rule|Species Clause: Limit one of each Pok\u00e9mon\n|rule|Item Clause: Limit 1 of each item\n|clearpoke\n|poke|p1|Gliscor, L50, F, shiny|\n|poke|p1|Rotom-Heat, L50, shiny|\n|poke|p1|Krookodile, L50, F, shiny|\n|poke|p1|Jolteon, L50, M|\n|poke|p1|Delphox, L50, F|\n|poke|p1|Raichu, L50, M, shiny|\n|poke|p2|Charizard, L50, F, shiny|\n|poke|p2|Whimsicott, L50, M|\n|poke|p2|Typhlosion-Hisui, L50, M|\n|poke|p2|Venusaur, L50, M|\n|poke|p2|Arcanine-Hisui, L50, M|\n|poke|p2|Sneasler, L50, M|\n|teampreview|4\n|inactive|Battle timer is ON: inactive players will automatically lose when time's up. (requested by dr. chai)\nAtrabilogie has agreed to open team sheets.\ndr. chai rejected open team sheets.\n|inactive|Atrabilogie has 60 seconds left.\n|inactive|Atrabilogie has 30 seconds left.\n|inactive|Atrabilogie has 20 seconds left.\n|inactive|Atrabilogie has 15 seconds left.\n|inactive|Atrabilogie has 10 seconds left.\n|\n|t:|1776642323\n|teamsize|p1|4\n|teamsize|p2|4\n|start\n|switch|p1a: Jolteon|Jolteon, L50, M|100/100\n|switch|p1b: Raichu|Raichu, L50, M, shiny|100/100\n|switch|p2a: Charizard|Charizard, L50, F, shiny|100/100\n|switch|p2b: Venusaur|Venusaur, L50, M|100/100\n|turn|1\n|inactive|dr. chai has 30 seconds left.\n|inactive|dr. chai has 20 seconds left.\n|\n|t:|1776642359\n|detailschange|p2a: Charizard|Charizard-Mega-Y, L50, F, shiny\n|-mega|p2a: Charizard|Charizard|Charizardite Y\n|-weather|SunnyDay|[from] ability: Drought|[of] p2a: Charizard\n|move|p2a: Charizard|Protect|p2a: Charizard\n|-singleturn|p2a: Charizard|Protect\n|move|p2b: Venusaur|Sleep Powder|p1a: Jolteon\n|-status|p1a: Jolteon|slp|[from] move: Sleep Powder\n|cant|p1a: Jolteon|slp\n|move|p1b: Raichu|Discharge|p2b: Venusaur|[spread] p2b\n|-activate|p2a: Charizard|move: Protect\n|-immune|p1a: Jolteon|[from] ability: Volt Absorb\n|-resisted|p2b: Venusaur|1\n|-damage|p2b: Venusaur|90/100\n|\n|-weather|SunnyDay|[upkeep]\n|upkeep\n|turn|2\n|inactive|Atrabilogie has 30 seconds left.\n|inactive|Atrabilogie has 20 seconds left.\n|inactive|Atrabilogie has 15 seconds left.\n|\n|t:|1776642400\n|switch|p1a: Delphox|Delphox, L50, F|100/100\n|switch|p2a: Whimsicott|Whimsicott, L50, M|100/100\n|move|p1b: Raichu|Protect|p1b: Raichu\n|-singleturn|p1b: Raichu|Protect\n|move|p2b: Venusaur|Sludge Bomb|p1b: Raichu\n|-activate|p1b: Raichu|move: Protect\n|\n|-weather|SunnyDay|[upkeep]\n|upkeep\n|turn|3\n|\n|t:|1776642424\n|detailschange|p1a: Delphox|Delphox-Mega, L50, F\n|-mega|p1a: Delphox|Delphox|Delphoxite\n|move|p2a: Whimsicott|Tailwind|p2a: Whimsicott\n|-sidestart|p2: dr. chai|move: Tailwind\n|move|p2b: Venusaur|Sleep Powder|p1a: Delphox\n|-status|p1a: Delphox|slp|[from] move: Sleep Powder\n|cant|p1a: Delphox|slp\n|move|p1b: Raichu|Dazzling Gleam|p2a: Whimsicott|[spread] p2a,p2b\n|-resisted|p2b: Venusaur|1\n|-damage|p2a: Whimsicott|73/100\n|-damage|p2b: Venusaur|82/100\n|\n|-weather|SunnyDay|[upkeep]\n|upkeep\n|turn|4\n|c|\u2606Atrabilogie|what about sleep clause ?\n|c|\u2606Atrabilogie|wtf ?\n|c|\u2606dr. chai|not in doubles\n|inactive|Atrabilogie has 30 seconds left.\n|\n|t:|1776642450\n|move|p2b: Venusaur|Sludge Bomb|p1b: Raichu\n|-damage|p1b: Raichu|52/100\n|move|p2a: Whimsicott|Moonblast|p1b: Raichu\n|-damage|p1b: Raichu|0 fnt\n|faint|p1b: Raichu\n|cant|p1a: Delphox|slp\n|\n|-weather|SunnyDay|[upkeep]\n|upkeep\n|c|\u2606Atrabilogie|fucking bullshit\n|c|\u2606Atrabilogie|keep on spamming sleep\n|c|\u2606Atrabilogie|fucking normy\n|\n|t:|1776642474\n|switch|p1b: Jolteon|Jolteon, L50, M|100/100 slp\n|turn|5\n|c|\u2606dr. chai|run a lum berry\n|\n|t:|1776642485\n|switch|p2a: Typhlosion|Typhlosion-Hisui, L50, M|100/100\n|-item|p1a: Delphox|Delphoxite|[from] ability: Frisk|[of] p2a: Typhlosion\n|-item|p1b: Jolteon|Magnet|[from] ability: Frisk|[of] p2a: Typhlosion\n|move|p2b: Venusaur|Sludge Bomb|p1a: Delphox\n|-damage|p1a: Delphox|68/100 slp\n|-curestatus|p1a: Delphox|slp|[msg]\n|move|p1a: Delphox|Heat Wave|p2a: Typhlosion|[spread] p2a,p2b\n|-resisted|p2a: Typhlosion|1\n|-supereffective|p2b: Venusaur|1\n|-damage|p2a: Typhlosion|58/100\n|-damage|p2b: Venusaur|0 fnt\n|faint|p2b: Venusaur\n|cant|p1b: Jolteon|slp\n|\n|-weather|none\n|upkeep\n|\n|t:|1776642488\n|switch|p2b: Charizard|Charizard-Mega-Y, L50, F, shiny|100/100\n|-weather|SunnyDay|[from] ability: Drought|[of] p2b: Charizard\n|turn|6\n|inactive|Atrabilogie has 30 seconds left.\n|inactive|Atrabilogie has 20 seconds left.\n|inactive|Atrabilogie has 15 seconds left.\n|\n|t:|1776642532\n|move|p1a: Delphox|Protect|p1a: Delphox\n|-singleturn|p1a: Delphox|Protect\n|move|p2a: Typhlosion|Eruption|p1a: Delphox|[spread] p1b\n|-activate|p1a: Delphox|move: Protect\n|-damage|p1b: Jolteon|32/100 slp\n|move|p2b: Charizard|Heat Wave|p1a: Delphox|[spread] p1b\n|-activate|p1a: Delphox|move: Protect\n|-damage|p1b: Jolteon|0 fnt\n|faint|p1b: Jolteon\n|\n|-weather|SunnyDay|[upkeep]\n|-sideend|p2: dr. chai|move: Tailwind\n|upkeep\n|\n|t:|1776642542\n|switch|p1b: Gliscor|Gliscor, L50, F, shiny|100/100\n|turn|7\n|inactive|Atrabilogie has 30 seconds left.\n|inactive|Atrabilogie has 20 seconds left.\n|inactive|Atrabilogie has 15 seconds left.\n|inactive|Atrabilogie has 10 seconds left.\n|\n|t:|1776642588\n|move|p2a: Typhlosion|Eruption|p1a: Delphox|[spread] p1a,p1b\n|-resisted|p1a: Delphox|1\n|-damage|p1a: Delphox|45/100\n|-damage|p1b: Gliscor|41/100\n|move|p1a: Delphox|Heat Wave|p2b: Charizard|[spread] p2b\n|-miss|p1a: Delphox|p2a: Typhlosion\n|-resisted|p2b: Charizard|1\n|-damage|p2b: Charizard|72/100\n|move|p2b: Charizard|Heat Wave|p1b: Gliscor|[spread] p1a,p1b\n|-resisted|p1a: Delphox|1\n|-damage|p1a: Delphox|10/100\n|-damage|p1b: Gliscor|0 fnt\n|faint|p1b: Gliscor\n|\n|-weather|SunnyDay|[upkeep]\n|upkeep\n|turn|8\n|c|\u2606Atrabilogie|yeah sure\n|c|\u2606dr. chai|u can also have a grass type\n|inactive|Atrabilogie has 30 seconds left.\n|c|\u2606Atrabilogie|good job winning through hax and embarrassing spam\n|inactive|Atrabilogie has 20 seconds left.\n|c|\u2606dr. chai|u can also run rain or sand\n|\n|t:|1776642628\n|move|p1a: Delphox|Protect|p1a: Delphox\n|-singleturn|p1a: Delphox|Protect\n|move|p2a: Typhlosion|Eruption|p1a: Delphox\n|-activate|p1a: Delphox|move: Protect\n|move|p2b: Charizard|Heat Wave|p1a: Delphox\n|-activate|p1a: Delphox|move: Protect\n|\n|-weather|SunnyDay|[upkeep]\n|upkeep\n|turn|9\n|c|\u2606dr. chai|prankster taunt users\n|\n|t:|1776642641\n|move|p2a: Typhlosion|Eruption|p1a: Delphox\n|-resisted|p1a: Delphox|1\n|-damage|p1a: Delphox|0 fnt\n|faint|p1a: Delphox\n|\n|win|dr. chai\n",
  "uploadtime": 1776642456,
  "views": 5,
  "formatid": "gen9championsvgc2026regma",
  "rating": null,
  "private": 0,
  "password": null
}