{
  "id": "gen9championsvgc2026regma-2584432107",
  "format": "[Gen 9 Champions] VGC 2026 Reg M-A",
  "players": [
    "noahguyvgc",
    "Lioxim"
  ],
  "log": "|j|\u2606noahguyvgc\n|j|\u2606Lioxim\n|t:|1776260452\n|gametype|doubles\n|player|p1|noahguyvgc|roxie|1334\n|player|p2|Lioxim|266|1233\n|gen|9\n|tier|[Gen 9 Champions] VGC 2026 Reg M-A\n|rated|\n|rule|Species Clause: Limit one of each Pok\u00e9mon\n|rule|Item Clause: Limit 1 of each item\n|clearpoke\n|poke|p1|Floette-Eternal, L50, F|\n|poke|p1|Incineroar, L50, M|\n|poke|p1|Sinistcha, L50|\n|poke|p1|Aerodactyl, L50, F|\n|poke|p1|Maushold, L50|\n|poke|p1|Basculegion, L50, M|\n|poke|p2|Tyranitar, L50, F|\n|poke|p2|Rotom-Wash, L50|\n|poke|p2|Garchomp, L50, M|\n|poke|p2|Corviknight, L50, M|\n|poke|p2|Sinistcha, L50|\n|poke|p2|Sneasler, L50, F|\n|teampreview|4\n|inactive|Battle timer is ON: inactive players will automatically lose when time's up. (requested by noahguyvgc)\n|inactive|Lioxim has 60 seconds left.\n|\n|t:|1776260512\n|teamsize|p1|4\n|teamsize|p2|4\n|start\n|switch|p1a: Floette|Floette-Eternal, L50, F|100/100\n|switch|p1b: Aerodactyl|Aerodactyl, L50, F|100/100\n|switch|p2a: Sneasler|Sneasler, L50, F|100/100\n|switch|p2b: Rotom|Rotom-Wash, L50|100/100\n|-ability|p1b: Aerodactyl|Unnerve\n|turn|1\n|\n|t:|1776260531\n|move|p1b: Aerodactyl|Protect|p1b: Aerodactyl\n|-singleturn|p1b: Aerodactyl|Protect\n|move|p1a: Floette|Protect|p1a: Floette\n|-singleturn|p1a: Floette|Protect\n|move|p2a: Sneasler|Fake Out|p1a: Floette\n|-activate|p1a: Floette|move: Protect\n|move|p2b: Rotom|Volt Switch|p1b: Aerodactyl\n|-activate|p1b: Aerodactyl|move: Protect\n|\n|upkeep\n|turn|2\n|\n|t:|1776260549\n|switch|p1a: Maushold|Maushold, L50|100/100\n|move|p1b: Aerodactyl|Dual Wingbeat|p2a: Sneasler\n|-supereffective|p2a: Sneasler|1\n|-damage|p2a: Sneasler|64/100\n|-supereffective|p2a: Sneasler|1\n|-damage|p2a: Sneasler|28/100\n|-hitcount|p2a: Sneasler|2\n|move|p2a: Sneasler|Dire Claw|p1a: Maushold\n|-crit|p1a: Maushold\n|-damage|p1a: Maushold|50/100\n|move|p2b: Rotom|Electroweb|p1a: Maushold|[spread] p1a,p1b\n|-supereffective|p1b: Aerodactyl|1\n|-damage|p1a: Maushold|24/100\n|-damage|p1b: Aerodactyl|59/100\n|-unboost|p1a: Maushold|spe|1\n|-unboost|p1b: Aerodactyl|spe|1\n|\n|upkeep\n|turn|3\n|inactive|Lioxim has 30 seconds left.\n|\n|t:|1776260575\n|move|p1a: Maushold|Follow Me|p1a: Maushold\n|-singleturn|p1a: Maushold|move: Follow Me\n|move|p2a: Sneasler|Close Combat|p1a: Maushold\n|-supereffective|p1a: Maushold|1\n|-enditem|p1a: Maushold|Chople Berry|[eat]\n|-enditem|p1a: Maushold|Chople Berry|[weaken]\n|-damage|p1a: Maushold|0 fnt\n|-unboost|p2a: Sneasler|def|1\n|-unboost|p2a: Sneasler|spd|1\n|faint|p1a: Maushold\n|-enditem|p2a: Sneasler|White Herb\n|-clearnegativeboost|p2a: Sneasler|[silent]\n|move|p1b: Aerodactyl|Tailwind|p1b: Aerodactyl\n|-sidestart|p1: noahguyvgc|move: Tailwind\n|move|p2b: Rotom|Volt Switch|p1b: Aerodactyl\n|-supereffective|p1b: Aerodactyl|1\n|-damage|p1b: Aerodactyl|0 fnt\n|faint|p1b: Aerodactyl\n|inactive|Lioxim has 30 seconds left.\n|\n|t:|1776260606\n|switch|p2b: Tyranitar|Tyranitar, L50, F|100/100|[from] Volt Switch\n|-weather|Sandstorm|[from] ability: Sand Stream|[of] p2b: Tyranitar\n|\n|-weather|Sandstorm|[upkeep]\n|-damage|p2a: Sneasler|22/100|[from] Sandstorm\n|upkeep\n|\n|t:|1776260609\n|switch|p1b: Floette|Floette-Eternal, L50, F|100/100\n|switch|p1a: Basculegion|Basculegion, L50, M|100/100\n|turn|4\n|\n|t:|1776260618\n|detailschange|p1b: Floette|Floette-Mega, L50, F\n|-mega|p1b: Floette|Floette|Floettite\n|-ability|p1b: Floette|Fairy Aura\n|move|p2a: Sneasler|Protect|p2a: Sneasler\n|-singleturn|p2a: Sneasler|Protect\n|move|p1a: Basculegion|Last Respects|p2a: Sneasler\n|-activate|p2a: Sneasler|move: Protect\n|move|p1b: Floette|Moonblast|p2b: Tyranitar\n|-supereffective|p2b: Tyranitar|1\n|-damage|p2b: Tyranitar|0 fnt\n|faint|p2b: Tyranitar\n|\n|-weather|Sandstorm|[upkeep]\n|-damage|p1a: Basculegion|94/100|[from] Sandstorm\n|-damage|p2a: Sneasler|16/100|[from] Sandstorm\n|-damage|p1b: Floette|94/100|[from] Sandstorm\n|upkeep\n|\n|t:|1776260633\n|switch|p2b: Garchomp|Garchomp, L50, M|100/100\n|turn|5\n|inactive|Lioxim has 30 seconds left.\n|\n|t:|1776260659\n|switch|p2a: Rotom|Rotom-Wash, L50|100/100\n|move|p1a: Basculegion|Last Respects|p2a: Rotom\n|-damage|p2a: Rotom|0 fnt\n|faint|p2a: Rotom\n|move|p1b: Floette|Moonblast|p2b: Garchomp\n|-supereffective|p2b: Garchomp|1\n|-damage|p2b: Garchomp|0 fnt\n|faint|p2b: Garchomp\n|\n|-weather|Sandstorm|[upkeep]\n|-damage|p1a: Basculegion|88/100|[from] Sandstorm\n|-damage|p1b: Floette|88/100|[from] Sandstorm\n|upkeep\n|\n|t:|1776260667\n|switch|p2a: Sneasler|Sneasler, L50, F|16/100\n|turn|6\n|-message|Lioxim forfeited.\n|\n|win|noahguyvgc\n|raw|noahguyvgc's rating: 1334 &rarr; <strong>1348</strong><br />(+14 for winning)\n|raw|Lioxim's rating: 1233 &rarr; <strong>1215</strong><br />(-18 for losing)\n|l|\u2606Lioxim\n|player|p2|\n",
  "uploadtime": 1776260673,
  "views": 49,
  "formatid": "gen9championsvgc2026regma",
  "rating": 1215,
  "private": 0,
  "password": null
}