{
  "id": "gen9championsvgc2026regma-2583724060",
  "format": "[Gen 9 Champions] VGC 2026 Reg M-A",
  "players": [
    "aquapikachu812",
    "thepeasent"
  ],
  "log": "|j|\u2606aquapikachu812\n|j|\u2606thepeasent\n|t:|1776193368\n|gametype|doubles\n|player|p1|aquapikachu812|swimmerf|1221\n|player|p2|thepeasent|gloria-dojo|1288\n|gen|9\n|tier|[Gen 9 Champions] VGC 2026 Reg M-A\n|rated|\n|rule|Species Clause: Limit one of each Pok\u00e9mon\n|rule|Item Clause: Limit 1 of each item\n|clearpoke\n|poke|p1|Floette-Eternal, L50, F|\n|poke|p1|Kingambit, L50, F|\n|poke|p1|Delphox, L50, F|\n|poke|p1|Incineroar, L50, M|\n|poke|p1|Sneasler, L50, M|\n|poke|p1|Garchomp, L50, F|\n|poke|p2|Glimmora, L50, F|\n|poke|p2|Tyranitar, L50, F|\n|poke|p2|Excadrill, L50, F|\n|poke|p2|Milotic, L50, F|\n|poke|p2|Sneasler, L50, M|\n|poke|p2|Rotom-Wash, L50|\n|teampreview|4\n|inactive|Battle timer is ON: inactive players will automatically lose when time's up. (requested by thepeasent)\n|inactive|aquapikachu812 has 60 seconds left.\n|\n|t:|1776193423\n|teamsize|p1|4\n|teamsize|p2|4\n|start\n|switch|p1a: Sneasler|Sneasler, L50, M|100/100\n|switch|p1b: Garchomp|Garchomp, L50, F|100/100\n|switch|p2a: Glimmora|Glimmora, L50, F|100/100\n|switch|p2b: Milotic|Milotic, L50, F|100/100\n|turn|1\n|\n|t:|1776193436\n|move|p1a: Sneasler|Protect|p1a: Sneasler\n|-singleturn|p1a: Sneasler|Protect\n|move|p2a: Glimmora|Spiky Shield|p2a: Glimmora\n|-singleturn|p2a: Glimmora|move: Protect\n|move|p1b: Garchomp|Earthquake|p2b: Milotic|[spread] p2b\n|-activate|p1a: Sneasler|move: Protect\n|-activate|p2a: Glimmora|move: Protect\n|-damage|p2b: Milotic|71/100\n|move|p2b: Milotic|Icy Wind|p1b: Garchomp|[spread] p1b\n|-activate|p1a: Sneasler|move: Protect\n|-supereffective|p1b: Garchomp|2\n|-damage|p1b: Garchomp|61/100\n|-unboost|p1b: Garchomp|spe|1\n|\n|-heal|p2b: Milotic|77/100|[from] item: Leftovers\n|upkeep\n|turn|2\n|inactive|aquapikachu812 has 30 seconds left.\n|\n|t:|1776193468\n|detailschange|p2a: Glimmora|Glimmora-Mega, L50, F\n|-mega|p2a: Glimmora|Glimmora|Glimmoranite\n|move|p1b: Garchomp|Protect|p1b: Garchomp\n|-singleturn|p1b: Garchomp|Protect\n|move|p1a: Sneasler|Close Combat|p2b: Milotic\n|-damage|p2b: Milotic|23/100\n|-unboost|p1a: Sneasler|def|1\n|-unboost|p1a: Sneasler|spd|1\n|-enditem|p1a: Sneasler|White Herb\n|-clearnegativeboost|p1a: Sneasler|[silent]\n|move|p2a: Glimmora|Earth Power|p1a: Sneasler\n|-supereffective|p1a: Sneasler|1\n|-damage|p1a: Sneasler|4/100\n|move|p2b: Milotic|Icy Wind|p1b: Garchomp|[spread] p1a\n|-activate|p1b: Garchomp|move: Protect\n|-damage|p1a: Sneasler|0 fnt\n|faint|p1a: Sneasler\n|\n|-heal|p2b: Milotic|29/100|[from] item: Leftovers\n|upkeep\n|\n|t:|1776193485\n|switch|p1a: Delphox|Delphox, L50, F|100/100\n|turn|3\n|inactive|thepeasent has 30 seconds left.\n|\n|t:|1776193511\n|detailschange|p1a: Delphox|Delphox-Mega, L50, F\n|-mega|p1a: Delphox|Delphox|Delphoxite\n|move|p1a: Delphox|Psychic|p2a: Glimmora\n|-supereffective|p2a: Glimmora|1\n|-damage|p2a: Glimmora|0 fnt\n|faint|p2a: Glimmora\n|move|p2b: Milotic|Muddy Water|p1b: Garchomp|[spread] p1a,p1b\n|-supereffective|p1a: Delphox|1\n|-damage|p1a: Delphox|59/100\n|-damage|p1b: Garchomp|39/100\n|-unboost|p1b: Garchomp|accuracy|1\n|-enditem|p1b: Garchomp|Sitrus Berry|[eat]\n|-heal|p1b: Garchomp|63/100|[from] item: Sitrus Berry\n|move|p1b: Garchomp|Earthquake|p2b: Milotic|[spread] \n|-immune|p1a: Delphox|[from] ability: Levitate\n|-miss|p1b: Garchomp|p2b: Milotic\n|\n|-heal|p2b: Milotic|35/100|[from] item: Leftovers\n|upkeep\n|\n|t:|1776193530\n|switch|p2a: Tyranitar|Tyranitar, L50, F, shiny|100/100\n|-weather|Sandstorm|[from] ability: Sand Stream|[of] p2a: Tyranitar\n|turn|4\n|\n|t:|1776193543\n|move|p1a: Delphox|Protect|p1a: Delphox\n|-singleturn|p1a: Delphox|Protect\n|move|p2b: Milotic|Muddy Water|p1a: Delphox|[spread] \n|-activate|p1a: Delphox|move: Protect\n|-miss|p2b: Milotic|p1b: Garchomp\n|move|p1b: Garchomp|Earthquake|p2a: Tyranitar|[spread] p2a,p2b\n|-activate|p1a: Delphox|move: Protect\n|-supereffective|p2a: Tyranitar|1\n|-damage|p2a: Tyranitar|46/100\n|-damage|p2b: Milotic|6/100\n|move|p2a: Tyranitar|Rock Slide|p1b: Garchomp|[spread] p1b\n|-activate|p1a: Delphox|move: Protect\n|-resisted|p1b: Garchomp|1\n|-damage|p1b: Garchomp|51/100\n|\n|-weather|Sandstorm|[upkeep]\n|-damage|p1a: Delphox|53/100|[from] Sandstorm\n|-damage|p2b: Milotic|0 fnt|[from] Sandstorm\n|faint|p2b: Milotic\n|upkeep\n|\n|t:|1776193545\n|switch|p2b: Sneasler|Sneasler, L50, M|100/100\n|turn|5\n|inactive|aquapikachu812 has 30 seconds left.\n|inactive|aquapikachu812 has 20 seconds left.\n|inactive|aquapikachu812 has 15 seconds left.\n|inactive|aquapikachu812 has 10 seconds left.\n|\n|t:|1776193594\n|switch|p1a: Kingambit|Kingambit, L50, F, shiny|100/100\n|move|p2b: Sneasler|Fake Out|p1a: Kingambit\n|-resisted|p1a: Kingambit|1\n|-damage|p1a: Kingambit|96/100\n|move|p1b: Garchomp|Dragon Claw|p2a: Tyranitar\n|-damage|p2a: Tyranitar|16/100\n|move|p2a: Tyranitar|Rock Slide|p1b: Garchomp|[spread] p1a,p1b\n|-resisted|p1a: Kingambit|1\n|-resisted|p1b: Garchomp|1\n|-damage|p1a: Kingambit|85/100\n|-damage|p1b: Garchomp|37/100\n|\n|-weather|Sandstorm|[upkeep]\n|-damage|p2b: Sneasler|95/100|[from] Sandstorm\n|upkeep\n|turn|6\n|\n|t:|1776193617\n|move|p1a: Kingambit|Protect|p1a: Kingambit\n|-singleturn|p1a: Kingambit|Protect\n|move|p2b: Sneasler|Close Combat|p1b: Garchomp\n|-damage|p1b: Garchomp|0 fnt\n|-unboost|p2b: Sneasler|def|1\n|-unboost|p2b: Sneasler|spd|1\n|-damage|p2b: Sneasler|83/100|[from] ability: Rough Skin|[of] p1b: Garchomp\n|faint|p1b: Garchomp\n|-enditem|p2b: Sneasler|White Herb\n|-clearnegativeboost|p2b: Sneasler|[silent]\n|move|p2a: Tyranitar|Low Kick|p1a: Kingambit\n|-activate|p1a: Kingambit|move: Protect\n|\n|-weather|Sandstorm|[upkeep]\n|-damage|p2b: Sneasler|77/100|[from] Sandstorm\n|upkeep\n|\n|t:|1776193631\n|switch|p1b: Delphox|Delphox-Mega, L50, F|53/100\n|turn|7\n|\n|t:|1776193646\n|move|p1a: Kingambit|Sucker Punch|p2a: Tyranitar\n|-resisted|p2a: Tyranitar|1\n|-damage|p2a: Tyranitar|0 fnt\n|faint|p2a: Tyranitar\n|move|p2b: Sneasler|Dire Claw|p1b: Delphox\n|-damage|p1b: Delphox|7/100\n|-status|p1b: Delphox|par\n|move|p1b: Delphox|Psychic|p2b: Sneasler\n|-supereffective|p2b: Sneasler|2\n|-damage|p2b: Sneasler|0 fnt\n|faint|p2b: Sneasler\n|\n|win|aquapikachu812\n|raw|aquapikachu812's rating: 1221 &rarr; <strong>1251</strong><br />(+30 for winning)\n|raw|thepeasent's rating: 1288 &rarr; <strong>1258</strong><br />(-30 for losing)\n",
  "uploadtime": 1776193654,
  "views": 61,
  "formatid": "gen9championsvgc2026regma",
  "rating": 1251,
  "private": 0,
  "password": null
}