{
  "id": "gen9championsvgc2026regma-2584134553",
  "format": "[Gen 9 Champions] VGC 2026 Reg M-A",
  "players": [
    "Missed Ledgedash",
    "siunhanech"
  ],
  "log": "|j|\u2606Missed Ledgedash\n|j|\u2606siunhanech\n|t:|1776229036\n|gametype|doubles\n|player|p1|Missed Ledgedash|juan-gen3|1213\n|player|p2|siunhanech|cynthia-gen4|1277\n|gen|9\n|tier|[Gen 9 Champions] VGC 2026 Reg M-A\n|rated|\n|rule|Species Clause: Limit one of each Pok\u00e9mon\n|rule|Item Clause: Limit 1 of each item\n|clearpoke\n|poke|p1|Incineroar, L50, M|\n|poke|p1|Gengar, L50, M|\n|poke|p1|Gyarados, L50, M|\n|poke|p1|Tyranitar, L50, F|\n|poke|p1|Sneasler, L50, M|\n|poke|p1|Excadrill, L50, F|\n|poke|p2|Blastoise, L50, M|\n|poke|p2|Sableye, L50, F|\n|poke|p2|Basculegion, L50, M|\n|poke|p2|Sneasler, L50, F|\n|poke|p2|Sinistcha, L50|\n|poke|p2|Rotom-Wash, L50|\n|teampreview|4\n|inactive|Battle timer is ON: inactive players will automatically lose when time's up. (requested by siunhanech)\n|inactive|Missed Ledgedash has 60 seconds left.\n|inactive|siunhanech has 60 seconds left.\n|\n|t:|1776229092\n|teamsize|p1|4\n|teamsize|p2|4\n|start\n|switch|p1a: Gengar|Gengar, L50, M|100/100\n|switch|p1b: Incineroar|Incineroar, L50, M|100/100\n|switch|p2a: Sinh vi\u00ean|Sableye, L50, F|100/100\n|switch|p2b: C\u00e1 ch\u00e9p r\u00e1n|Basculegion, L50, M, shiny|100/100\n|-ability|p1b: Incineroar|Intimidate|boost\n|-unboost|p2a: Sinh vi\u00ean|atk|1\n|-unboost|p2b: C\u00e1 ch\u00e9p r\u00e1n|atk|1\n|turn|1\n|\n|t:|1776229109\n|detailschange|p1a: Gengar|Gengar-Mega, L50, M\n|-mega|p1a: Gengar|Gengar|Gengarite\n|move|p2a: Sinh vi\u00ean|Rain Dance|p2a: Sinh vi\u00ean\n|-weather|RainDance\n|move|p2b: C\u00e1 ch\u00e9p r\u00e1n|Wave Crash|p1a: Gengar\n|-damage|p1a: Gengar|12/100\n|-damage|p2b: C\u00e1 ch\u00e9p r\u00e1n|76/100|[from] Recoil\n|move|p1a: Gengar|Shadow Ball|p2b: C\u00e1 ch\u00e9p r\u00e1n\n|-supereffective|p2b: C\u00e1 ch\u00e9p r\u00e1n|1\n|-damage|p2b: C\u00e1 ch\u00e9p r\u00e1n|0 fnt\n|faint|p2b: C\u00e1 ch\u00e9p r\u00e1n\n|move|p1b: Incineroar|Throat Chop|p2a: Sinh vi\u00ean\n|-damage|p2a: Sinh vi\u00ean|66/100\n|-start|p2a: Sinh vi\u00ean|Throat Chop|[silent]\n|\n|-weather|RainDance|[upkeep]\n|upkeep\n|\n|t:|1776229131\n|switch|p2b: B\u1eafn t\u00f9m lum|Blastoise, L50, M|100/100\n|turn|2\n|\n|t:|1776229144\n|detailschange|p2b: B\u1eafn t\u00f9m lum|Blastoise-Mega, L50, M\n|-mega|p2b: B\u1eafn t\u00f9m lum|Blastoise|Blastoisinite\n|move|p2a: Sinh vi\u00ean|Disable|p1a: Gengar\n|-start|p1a: Gengar|Disable|Shadow Ball\n|move|p1a: Gengar|Perish Song|p1a: Gengar\n|-start|p1a: Gengar|perish3|[silent]\n|-start|p1b: Incineroar|perish3|[silent]\n|-start|p2a: Sinh vi\u00ean|perish3|[silent]\n|-start|p2b: B\u1eafn t\u00f9m lum|perish3|[silent]\n|-fieldactivate|move: Perish Song\n|move|p2b: B\u1eafn t\u00f9m lum|Shell Smash|p2b: B\u1eafn t\u00f9m lum\n|-unboost|p2b: B\u1eafn t\u00f9m lum|def|1\n|-unboost|p2b: B\u1eafn t\u00f9m lum|spd|1\n|-boost|p2b: B\u1eafn t\u00f9m lum|atk|2\n|-boost|p2b: B\u1eafn t\u00f9m lum|spa|2\n|-boost|p2b: B\u1eafn t\u00f9m lum|spe|2\n|move|p1b: Incineroar|Parting Shot|p2b: B\u1eafn t\u00f9m lum\n|-unboost|p2b: B\u1eafn t\u00f9m lum|atk|1\n|-unboost|p2b: B\u1eafn t\u00f9m lum|spa|1\n|\n|t:|1776229157\n|switch|p1b: Tyranitar|Tyranitar, L50, F|100/100|[from] Parting Shot\n|-weather|Sandstorm|[from] ability: Sand Stream|[of] p1b: Tyranitar\n|\n|-weather|Sandstorm|[upkeep]\n|-damage|p2b: B\u1eafn t\u00f9m lum|95/100|[from] Sandstorm\n|-damage|p1a: Gengar|5/100|[from] Sandstorm\n|-damage|p2a: Sinh vi\u00ean|60/100|[from] Sandstorm\n|-end|p2a: Sinh vi\u00ean|Throat Chop|[silent]\n|-start|p2b: B\u1eafn t\u00f9m lum|perish3\n|-start|p1a: Gengar|perish3\n|-start|p2a: Sinh vi\u00ean|perish3\n|upkeep\n|turn|3\n|\n|t:|1776229166\n|switch|p1a: Incineroar|Incineroar, L50, M|100/100\n|-ability|p1a: Incineroar|Intimidate|boost\n|-unboost|p2a: Sinh vi\u00ean|atk|1\n|-unboost|p2b: B\u1eafn t\u00f9m lum|atk|1\n|move|p2a: Sinh vi\u00ean|Rain Dance|p2a: Sinh vi\u00ean\n|-weather|RainDance\n|move|p2b: B\u1eafn t\u00f9m lum|Water Spout|p1b: Tyranitar|[spread] p1a,p1b\n|-supereffective|p1a: Incineroar|1\n|-supereffective|p1b: Tyranitar|1\n|-damage|p1a: Incineroar|0 fnt\n|-damage|p1b: Tyranitar|0 fnt\n|faint|p1a: Incineroar\n|faint|p1b: Tyranitar\n|\n|-weather|RainDance|[upkeep]\n|-start|p2b: B\u1eafn t\u00f9m lum|perish2\n|-start|p2a: Sinh vi\u00ean|perish2\n|upkeep\n|\n|t:|1776229175\n|switch|p1b: Gyarados|Gyarados, L50, M|100/100\n|switch|p1a: Gengar|Gengar-Mega, L50, M|5/100\n|-ability|p1b: Gyarados|Intimidate|boost\n|-unboost|p2a: Sinh vi\u00ean|atk|1\n|-unboost|p2b: B\u1eafn t\u00f9m lum|atk|1\n|turn|4\n|l|\u2606siunhanech\n|inactive|siunhanech disconnected and has a minute to reconnect!\n|player|p2|\n|inactive|siunhanech has 30 seconds left.\n|j|\u2606siunhanech\n|inactive|siunhanech reconnected and has 30 seconds left.\n|player|p2|siunhanech|cynthia-gen4|\n|inactive|siunhanech has 20 seconds left.\n|inactive|siunhanech has 15 seconds left.\n|inactive|siunhanech has 10 seconds left.\n|inactive|siunhanech has 5 seconds left.\n|\n|t:|1776229237\n|move|p1a: Gengar|Protect|p1a: Gengar\n|-singleturn|p1a: Gengar|Protect\n|move|p2a: Sinh vi\u00ean|Rain Dance||[still]\n|-fail|p2a: Sinh vi\u00ean\n|move|p2b: B\u1eafn t\u00f9m lum|Water Spout|p1a: Gengar|[spread] p1b\n|-activate|p1a: Gengar|move: Protect\n|-resisted|p1b: Gyarados|1\n|-damage|p1b: Gyarados|32/100\n|-enditem|p1b: Gyarados|Sitrus Berry|[eat]\n|-heal|p1b: Gyarados|57/100|[from] item: Sitrus Berry\n|move|p1b: Gyarados|Thunder Wave|p2b: B\u1eafn t\u00f9m lum\n|-status|p2b: B\u1eafn t\u00f9m lum|par\n|\n|-weather|RainDance|[upkeep]\n|-start|p2b: B\u1eafn t\u00f9m lum|perish1\n|-start|p2a: Sinh vi\u00ean|perish1\n|upkeep\n|turn|5\n|\n|t:|1776229252\n|move|p2a: Sinh vi\u00ean|Encore|p1a: Gengar\n|-start|p1a: Gengar|Encore\n|move|p1a: Gengar|Protect||[still]\n|-fail|p1a: Gengar\n|move|p1b: Gyarados|Waterfall|p2b: B\u1eafn t\u00f9m lum\n|-resisted|p2b: B\u1eafn t\u00f9m lum|1\n|-damage|p2b: B\u1eafn t\u00f9m lum|59/100 par\n|cant|p2b: B\u1eafn t\u00f9m lum|flinch\n|\n|-weather|RainDance|[upkeep]\n|-start|p2b: B\u1eafn t\u00f9m lum|perish0\n|-start|p2a: Sinh vi\u00ean|perish0\n|upkeep\n|faint|p2b: B\u1eafn t\u00f9m lum\n|faint|p2a: Sinh vi\u00ean\n|\n|t:|1776229260\n|switch|p2b: Tr\u00e0 t\u1eeb tay|Sinistcha, L50|100/100\n|turn|6\n|\n|t:|1776229277\n|move|p1a: Gengar|Protect|p1a: Gengar\n|-singleturn|p1a: Gengar|Protect\n|move|p1b: Gyarados|Waterfall|p2b: Tr\u00e0 t\u1eeb tay\n|-resisted|p2b: Tr\u00e0 t\u1eeb tay|1\n|-damage|p2b: Tr\u00e0 t\u1eeb tay|77/100\n|move|p2b: Tr\u00e0 t\u1eeb tay|Matcha Gotcha|p1a: Gengar|[spread] p1b\n|-activate|p1a: Gengar|move: Protect\n|-damage|p1b: Gyarados|32/100\n|-heal|p2b: Tr\u00e0 t\u1eeb tay|90/100|[from] drain|[of] p1b: Gyarados\n|\n|-weather|RainDance|[upkeep]\n|upkeep\n|turn|7\n|\n|t:|1776229289\n|move|p1a: Gengar|Protect||[still]\n|-fail|p1a: Gengar\n|move|p1b: Gyarados|Thunder Wave|p2b: Tr\u00e0 t\u1eeb tay\n|-status|p2b: Tr\u00e0 t\u1eeb tay|par\n|move|p2b: Tr\u00e0 t\u1eeb tay|Matcha Gotcha|p1a: Gengar|[spread] p1a,p1b\n|-resisted|p1a: Gengar|1\n|-damage|p1a: Gengar|0 fnt\n|-heal|p2b: Tr\u00e0 t\u1eeb tay|93/100 par|[from] drain|[of] p1a: Gengar\n|-damage|p1b: Gyarados|8/100\n|-heal|p2b: Tr\u00e0 t\u1eeb tay|100/100 par|[from] drain|[of] p1b: Gyarados\n|faint|p1a: Gengar\n|\n|-weather|none\n|upkeep\n|turn|8\n|\n|t:|1776229300\n|move|p1b: Gyarados|Waterfall|p2b: Tr\u00e0 t\u1eeb tay\n|-resisted|p2b: Tr\u00e0 t\u1eeb tay|1\n|-damage|p2b: Tr\u00e0 t\u1eeb tay|84/100 par\n|move|p2b: Tr\u00e0 t\u1eeb tay|Matcha Gotcha|p1b: Gyarados\n|-damage|p1b: Gyarados|0 fnt\n|-heal|p2b: Tr\u00e0 t\u1eeb tay|88/100 par|[from] drain|[of] p1b: Gyarados\n|faint|p1b: Gyarados\n|\n|win|siunhanech\n|raw|Missed Ledgedash's rating: 1213 &rarr; <strong>1193</strong><br />(-20 for losing)\n|raw|siunhanech's rating: 1277 &rarr; <strong>1297</strong><br />(+20 for winning)\n|l|\u2606Missed Ledgedash\n|player|p1|\n",
  "uploadtime": 1776229300,
  "views": 22,
  "formatid": "gen9championsvgc2026regma",
  "rating": 1193,
  "private": 0,
  "password": null
}