{
  "id": "gen9championsvgc2026regma-2581645707",
  "format": "[Gen 9 Champions] VGC 2026 Reg M-A",
  "players": [
    "DavidTIS",
    "MagicJin1"
  ],
  "log": "|j|\u2606DavidTIS\n|j|\u2606MagicJin1\n|t:|1776017610\n|gametype|doubles\n|player|p1|DavidTIS|volkner|1152\n|player|p2|MagicJin1|102|1248\n|gen|9\n|tier|[Gen 9 Champions] VGC 2026 Reg M-A\n|rated|\n|rule|Species Clause: Limit one of each Pok\u00e9mon\n|rule|Item Clause: Limit 1 of each item\n|clearpoke\n|poke|p1|Garganacl, L50, M|\n|poke|p1|Mimikyu, L50, M|\n|poke|p1|Chimecho, L50, F|\n|poke|p1|Slowbro, L50, F|\n|poke|p1|Lucario, L50, F|\n|poke|p1|Drampa, L50, M|\n|poke|p2|Charizard, L50, M|\n|poke|p2|Venusaur, L50, M|\n|poke|p2|Garchomp, L50, F|\n|poke|p2|Rotom-Wash, L50|\n|poke|p2|Sneasler, L50, M|\n|poke|p2|Incineroar, L50, M|\n|teampreview|4\n|inactive|Battle timer is ON: inactive players will automatically lose when time's up. (requested by MagicJin1)\n|inactive|DavidTIS also wants the timer to be on.\n|\n|t:|1776017628\n|teamsize|p1|4\n|teamsize|p2|4\n|start\n|switch|p1a: Garganacl|Garganacl, L50, M|100/100\n|switch|p1b: Mimikyu|Mimikyu, L50, M|100/100\n|switch|p2a: Charizard|Charizard, L50, M|100/100\n|switch|p2b: Venusaur|Venusaur, L50, M|100/100\n|turn|1\n|\n|t:|1776017643\n|detailschange|p2a: Charizard|Charizard-Mega-Y, L50, M\n|-mega|p2a: Charizard|Charizard|Charizardite Y\n|-weather|SunnyDay|[from] ability: Drought|[of] p2a: Charizard\n|move|p2a: Charizard|Protect|p2a: Charizard\n|-singleturn|p2a: Charizard|Protect\n|move|p1a: Garganacl|Protect|p1a: Garganacl\n|-singleturn|p1a: Garganacl|Protect\n|move|p2b: Venusaur|Sleep Powder|p1b: Mimikyu\n|-status|p1b: Mimikyu|slp|[from] move: Sleep Powder\n|cant|p1b: Mimikyu|slp\n|\n|-weather|SunnyDay|[upkeep]\n|upkeep\n|turn|2\n|\n|t:|1776017659\n|move|p2b: Venusaur|Sludge Bomb|p1b: Mimikyu\n|-activate|p1b: Mimikyu|ability: Disguise\n|-damage|p1b: Mimikyu|100/100 slp\n|detailschange|p1b: Mimikyu|Mimikyu-Busted, L50, M\n|-damage|p1b: Mimikyu|88/100 slp|[from] pokemon: Mimikyu-Busted\n|move|p2a: Charizard|Heat Wave|p1b: Mimikyu|[spread] p1a,p1b\n|-resisted|p1a: Garganacl|1\n|-crit|p1a: Garganacl\n|-damage|p1a: Garganacl|50/100\n|-damage|p1b: Mimikyu|18/100 slp\n|-enditem|p1b: Mimikyu|Sitrus Berry|[eat]\n|-heal|p1b: Mimikyu|43/100 slp|[from] item: Sitrus Berry\n|move|p1a: Garganacl|Rock Slide|p2b: Venusaur|[spread] p2a,p2b\n|-supereffective|p2a: Charizard|2\n|-damage|p2a: Charizard|0 fnt\n|-damage|p2b: Venusaur|66/100\n|faint|p2a: Charizard\n|cant|p1b: Mimikyu|slp\n|\n|-weather|SunnyDay|[upkeep]\n|upkeep\n|\n|t:|1776017675\n|switch|p2a: Incineroar|Incineroar, L50, M|100/100\n|-ability|p2a: Incineroar|Intimidate|boost\n|-fail|p1a: Garganacl|unboost|[from] ability: Clear Body|[of] p1a: Garganacl\n|-unboost|p1b: Mimikyu|atk|1\n|turn|3\n|\n|t:|1776017698\n|switch|p1b: Chimecho|Chimecho, L50, F|100/100\n|move|p1a: Garganacl|Protect|p1a: Garganacl\n|-singleturn|p1a: Garganacl|Protect\n|move|p2a: Incineroar|Fake Out|p1a: Garganacl\n|-activate|p1a: Garganacl|move: Protect\n|move|p2b: Venusaur|Sludge Bomb|p1b: Chimecho\n|-damage|p1b: Chimecho|52/100\n|\n|-weather|SunnyDay|[upkeep]\n|upkeep\n|turn|4\n|\n|t:|1776017713\n|detailschange|p1b: Chimecho|Chimecho-Mega, L50, F\n|-mega|p1b: Chimecho|Chimecho|Chimechite\n|move|p2b: Venusaur|Leaf Storm|p1a: Garganacl\n|-supereffective|p1a: Garganacl|1\n|-damage|p1a: Garganacl|0 fnt\n|-unboost|p2b: Venusaur|spa|2\n|faint|p1a: Garganacl\n|move|p2a: Incineroar|Flare Blitz|p1b: Chimecho\n|-supereffective|p1b: Chimecho|1\n|-damage|p1b: Chimecho|0 fnt\n|faint|p1b: Chimecho\n|-damage|p2a: Incineroar|88/100|[from] Recoil\n|\n|-weather|SunnyDay|[upkeep]\n|upkeep\n|\n|t:|1776017723\n|switch|p1b: Mimikyu|Mimikyu-Busted, L50, M|43/100 slp\n|switch|p1a: Slowbro|Slowbro, L50, F|100/100\n|turn|5\n|\n|t:|1776017735\n|move|p2b: Venusaur|Sleep Powder|p1a: Slowbro\n|-status|p1a: Slowbro|slp|[from] move: Sleep Powder\n|move|p2a: Incineroar|Darkest Lariat|p1b: Mimikyu\n|-damage|p1b: Mimikyu|0 fnt\n|faint|p1b: Mimikyu\n|cant|p1a: Slowbro|slp\n|\n|-weather|none\n|upkeep\n|turn|6\n|\n|t:|1776017747\n|move|p2b: Venusaur|Leaf Storm|p1a: Slowbro\n|-supereffective|p1a: Slowbro|1\n|-damage|p1a: Slowbro|31/100 slp\n|-unboost|p2b: Venusaur|spa|2\n|move|p2a: Incineroar|Darkest Lariat|p1a: Slowbro\n|-supereffective|p1a: Slowbro|1\n|-damage|p1a: Slowbro|0 fnt\n|faint|p1a: Slowbro\n|\n|win|MagicJin1\n|raw|DavidTIS's rating: 1152 &rarr; <strong>1134</strong><br />(-18 for losing)\n|raw|MagicJin1's rating: 1248 &rarr; <strong>1266</strong><br />(+18 for winning)\n",
  "uploadtime": 1776017750,
  "views": 20,
  "formatid": "gen9championsvgc2026regma",
  "rating": 1134,
  "private": 0,
  "password": null
}