{
  "id": "gen9championsvgc2026regma-2582909937",
  "format": "[Gen 9 Champions] VGC 2026 Reg M-A",
  "players": [
    "KogaAF1219",
    "Haha_Young"
  ],
  "log": "|j|\u2606KogaAF1219\n|j|\u2606Haha_Young\n|t:|1776124148\n|gametype|doubles\n|player|p1|KogaAF1219|koga|1250\n|player|p2|Haha_Young|170|1221\n|gen|9\n|tier|[Gen 9 Champions] VGC 2026 Reg M-A\n|rated|\n|rule|Species Clause: Limit one of each Pok\u00e9mon\n|rule|Item Clause: Limit 1 of each item\n|clearpoke\n|poke|p1|Torkoal, L50, F|\n|poke|p1|Rotom-Fan, L50|\n|poke|p1|Excadrill, L50, M|\n|poke|p1|Venusaur, L50, M|\n|poke|p1|Dragapult, L50, F|\n|poke|p1|Incineroar, L50, M|\n|poke|p2|Gengar, L50, F|\n|poke|p2|Incineroar, L50, M|\n|poke|p2|Tyranitar, L50, F|\n|poke|p2|Kingambit, L50, F|\n|poke|p2|Sinistcha, L50|\n|poke|p2|Kommo-o, L50, M|\n|teampreview|4\n|inactive|Battle timer is ON: inactive players will automatically lose when time's up. (requested by Haha_Young)\n|inactive|Haha_Young has 60 seconds left.\nKogaAF1219 has agreed to open team sheets.\n|\n|t:|1776124203\n|teamsize|p1|4\n|teamsize|p2|4\n|start\n|switch|p1a: Rotom|Rotom-Fan, L50|100/100\n|switch|p1b: Excadrill|Excadrill, L50, M|100/100\n|switch|p2a: Incineroar|Incineroar, L50, M|100/100\n|switch|p2b: Gengar|Gengar, L50, F|100/100\n|-ability|p1b: Excadrill|Mold Breaker\n|-ability|p2a: Incineroar|Intimidate|boost\n|-unboost|p1a: Rotom|atk|1\n|-unboost|p1b: Excadrill|atk|1\n|turn|1\n|inactive|Haha_Young has 30 seconds left.\n|\n|t:|1776124236\n|detailschange|p2b: Gengar|Gengar-Mega, L50, F\n|-mega|p2b: Gengar|Gengar|Gengarite\n|move|p2a: Incineroar|Fake Out|p1b: Excadrill\n|-resisted|p1b: Excadrill|1\n|-damage|p1b: Excadrill|94/100\n|move|p1a: Rotom|Volt Switch|p2a: Incineroar\n|-crit|p2a: Incineroar\n|-damage|p2a: Incineroar|71/100\n|\n|t:|1776124244\n|switch|p1a: Dragapult|Dragapult, L50, F|100/100|[from] Volt Switch\n|move|p2b: Gengar|Perish Song|p2b: Gengar\n|-start|p1a: Dragapult|perish3|[silent]\n|-start|p1b: Excadrill|perish3|[silent]\n|-start|p2a: Incineroar|perish3|[silent]\n|-start|p2b: Gengar|perish3|[silent]\n|-fieldactivate|move: Perish Song\n|cant|p1b: Excadrill|flinch\n|\n|-start|p1a: Dragapult|perish3\n|-start|p2b: Gengar|perish3\n|-start|p1b: Excadrill|perish3\n|-start|p2a: Incineroar|perish3\n|upkeep\n|turn|2\n|\n|t:|1776124263\n|move|p2b: Gengar|Protect|p2b: Gengar\n|-singleturn|p2b: Gengar|Protect\n|move|p1a: Dragapult|Hydro Pump|p2a: Incineroar|[miss]\n|-miss|p1a: Dragapult|p2a: Incineroar\n|move|p1b: Excadrill|Earthquake|p2a: Incineroar|[spread] p1a,p2a\n|-activate|p2b: Gengar|move: Protect\n|-supereffective|p2a: Incineroar|1\n|-enditem|p2a: Incineroar|Shuca Berry|[eat]\n|-enditem|p2a: Incineroar|Shuca Berry|[weaken]\n|-damage|p1a: Dragapult|67/100\n|-damage|p2a: Incineroar|49/100\n|move|p2a: Incineroar|Parting Shot|p1b: Excadrill\n|-unboost|p1b: Excadrill|atk|1\n|-unboost|p1b: Excadrill|spa|1\n|inactive|Haha_Young has 30 seconds left.\n|\n|t:|1776124289\n|switch|p2a: Tyranitar|Tyranitar, L50, F|100/100|[from] Parting Shot\n|-weather|Sandstorm|[from] ability: Sand Stream|[of] p2a: Tyranitar\n|\n|-weather|Sandstorm|[upkeep]\n|-damage|p1a: Dragapult|61/100|[from] Sandstorm\n|-damage|p2b: Gengar|94/100|[from] Sandstorm\n|-start|p1a: Dragapult|perish2\n|-start|p2b: Gengar|perish2\n|-start|p1b: Excadrill|perish2\n|upkeep\n|turn|3\n|\n|t:|1776124304\n|switch|p2b: Incineroar|Incineroar, L50, M|49/100\n|-ability|p2b: Incineroar|Intimidate|boost\n|-fail|p1a: Dragapult|unboost|[from] ability: Clear Body|[of] p1a: Dragapult\n|-unboost|p1b: Excadrill|atk|1\n|move|p1a: Dragapult|Shadow Ball|p2b: Incineroar\n|-resisted|p2b: Incineroar|1\n|-damage|p2b: Incineroar|34/100\n|move|p2a: Tyranitar|Rock Slide|p1b: Excadrill|[spread] p1a,p1b\n|-resisted|p1b: Excadrill|2\n|-damage|p1a: Dragapult|16/100\n|-damage|p1b: Excadrill|83/100\n|move|p1b: Excadrill|Iron Head|p2a: Tyranitar\n|-supereffective|p2a: Tyranitar|1\n|-damage|p2a: Tyranitar|67/100\n|\n|-weather|Sandstorm|[upkeep]\n|-damage|p1a: Dragapult|10/100|[from] Sandstorm\n|-damage|p2b: Incineroar|28/100|[from] Sandstorm\n|-start|p1a: Dragapult|perish1\n|-start|p1b: Excadrill|perish1\n|upkeep\n|turn|4\n|\n|t:|1776124327\n|switch|p1a: Rotom|Rotom-Fan, L50|100/100\n|switch|p1b: Incineroar|Incineroar, L50, M|100/100\n|-ability|p1b: Incineroar|Intimidate|boost\n|-unboost|p2a: Tyranitar|atk|1\n|-unboost|p2b: Incineroar|atk|1\n|move|p2a: Tyranitar|Rock Slide|p1a: Rotom|[spread] p1a,p1b\n|-supereffective|p1a: Rotom|1\n|-supereffective|p1b: Incineroar|1\n|-damage|p1a: Rotom|61/100\n|-damage|p1b: Incineroar|61/100\n|move|p2b: Incineroar|Parting Shot|p1b: Incineroar\n|-unboost|p1b: Incineroar|atk|1\n|-unboost|p1b: Incineroar|spa|1\n|\n|t:|1776124345\n|switch|p2b: Gengar|Gengar-Mega, L50, F|94/100|[from] Parting Shot\n|\n|-weather|Sandstorm|[upkeep]\n|-damage|p1a: Rotom|55/100|[from] Sandstorm\n|-damage|p2b: Gengar|88/100|[from] Sandstorm\n|-damage|p1b: Incineroar|55/100|[from] Sandstorm\n|upkeep\n|turn|5\n|\n|t:|1776124359\n|switch|p2a: Incineroar|Incineroar, L50, M|28/100\n|-ability|p2a: Incineroar|Intimidate|boost\n|-unboost|p1a: Rotom|atk|1\n|-unboost|p1b: Incineroar|atk|1\n|move|p2b: Gengar|Protect|p2b: Gengar\n|-singleturn|p2b: Gengar|Protect\n|move|p1a: Rotom|Volt Switch|p2a: Incineroar\n|-crit|p2a: Incineroar\n|-damage|p2a: Incineroar|0 fnt\n|faint|p2a: Incineroar\n|\n|t:|1776124371\n|switch|p1a: Dragapult|Dragapult, L50, F|10/100|[from] Volt Switch\n|move|p1b: Incineroar|Close Combat|p2b: Gengar\n|-activate|p2b: Gengar|move: Protect\n|\n|-weather|Sandstorm|[upkeep]\n|-damage|p1a: Dragapult|4/100|[from] Sandstorm\n|-damage|p2b: Gengar|82/100|[from] Sandstorm\n|-damage|p1b: Incineroar|49/100|[from] Sandstorm\n|upkeep\n|\n|t:|1776124380\n|switch|p2a: Tyranitar|Tyranitar, L50, F|67/100\n|turn|6\n|\n|t:|1776124395\n|switch|p1a: Excadrill|Excadrill, L50, M|83/100\n|-ability|p1a: Excadrill|Mold Breaker\n|switch|p2b: Kommo-o|Kommo-o, L50, M|100/100\n|move|p2a: Tyranitar|Rock Slide|p1b: Incineroar|[spread] p1a,p1b\n|-resisted|p1a: Excadrill|2\n|-supereffective|p1b: Incineroar|1\n|-damage|p1a: Excadrill|73/100\n|-damage|p1b: Incineroar|0 fnt\n|faint|p1b: Incineroar\n|\n|-weather|none\n|upkeep\n|\n|t:|1776124408\n|switch|p1b: Rotom|Rotom-Fan, L50|55/100\n|turn|7\n|inactive|Haha_Young has 30 seconds left.\n|\n|t:|1776124433\n|move|p2b: Kommo-o|Protect|p2b: Kommo-o\n|-singleturn|p2b: Kommo-o|Protect\n|move|p1b: Rotom|Discharge|p2a: Tyranitar|[spread] p2a\n|-activate|p2b: Kommo-o|move: Protect\n|-immune|p1a: Excadrill\n|-damage|p2a: Tyranitar|45/100\n|move|p2a: Tyranitar|Rock Slide|p1b: Rotom|[spread] p1a,p1b\n|-resisted|p1a: Excadrill|2\n|-supereffective|p1b: Rotom|1\n|-damage|p1a: Excadrill|64/100\n|-damage|p1b: Rotom|0 fnt\n|faint|p1b: Rotom\n|move|p1a: Excadrill|Earthquake|p2b: Kommo-o|[spread] p2a\n|-activate|p2b: Kommo-o|move: Protect\n|-supereffective|p2a: Tyranitar|1\n|-damage|p2a: Tyranitar|0 fnt\n|faint|p2a: Tyranitar\n|\n|upkeep\n|\n|t:|1776124449\n|switch|p1b: Dragapult|Dragapult, L50, F|4/100\n|switch|p2a: Gengar|Gengar-Mega, L50, F|82/100\n|turn|8\n|inactive|Haha_Young has 30 seconds left.\n|inactive|Haha_Young has 20 seconds left.\n|\n|t:|1776124488\n|move|p2a: Gengar|Protect|p2a: Gengar\n|-singleturn|p2a: Gengar|Protect\n|move|p1b: Dragapult|Draco Meteor|p2b: Kommo-o\n|-supereffective|p2b: Kommo-o|1\n|-crit|p2b: Kommo-o\n|-damage|p2b: Kommo-o|0 fnt\n|-unboost|p1b: Dragapult|spa|2\n|faint|p2b: Kommo-o\n|move|p1a: Excadrill|Rock Slide|p2a: Gengar\n|-activate|p2a: Gengar|move: Protect\n|\n|upkeep\n|turn|9\n|\n|t:|1776124512\n|move|p1b: Dragapult|Shadow Ball|p2a: Gengar\n|-supereffective|p2a: Gengar|1\n|-damage|p2a: Gengar|37/100\n|move|p2a: Gengar|Substitute|p2a: Gengar\n|-start|p2a: Gengar|Substitute\n|-damage|p2a: Gengar|13/100\n|move|p1a: Excadrill|Rock Slide|p2a: Gengar\n|-end|p2a: Gengar|Substitute\n|\n|upkeep\n|turn|10\n|-message|Haha_Young forfeited.\n|\n|win|KogaAF1219\n|raw|KogaAF1219's rating: 1250 &rarr; <strong>1273</strong><br />(+23 for winning)\n|raw|Haha_Young's rating: 1221 &rarr; <strong>1198</strong><br />(-23 for losing)\n|l|\u2606Haha_Young\n|player|p2|\n",
  "uploadtime": 1776124530,
  "views": 18,
  "formatid": "gen9championsvgc2026regma",
  "rating": 1198,
  "private": 0,
  "password": null
}