{
  "id": "gen9championsvgc2026regma-2581856983",
  "format": "[Gen 9 Champions] VGC 2026 Reg M-A",
  "players": [
    "relaxedtomato53",
    "Morrocan AXL BLAZE"
  ],
  "log": "|j|\u2606relaxedtomato53\n|j|\u2606Morrocan AXL BLAZE\n|t:|1776034162\n|gametype|doubles\n|player|p1|relaxedtomato53|bugcatcher-gen4dp|1045\n|player|p2|Morrocan AXL BLAZE|nate|1064\n|gen|9\n|tier|[Gen 9 Champions] VGC 2026 Reg M-A\n|rated|\n|rule|Species Clause: Limit one of each Pok\u00e9mon\n|rule|Item Clause: Limit 1 of each item\n|clearpoke\n|poke|p1|Charizard, L50, F|\n|poke|p1|Garchomp, L50, F|\n|poke|p1|Whimsicott, L50, F|\n|poke|p1|Sneasler, L50, F|\n|poke|p1|Incineroar, L50, F|\n|poke|p1|Venusaur, L50, F|\n|poke|p2|Dragapult, L50, M|\n|poke|p2|Whimsicott, L50, M|\n|poke|p2|Incineroar, L50, M|\n|poke|p2|Lopunny, L50, M|\n|poke|p2|Clefable, L50, M|\n|poke|p2|Sinistcha, L50|\n|teampreview|4\nMorrocan AXL BLAZE has agreed to open team sheets.\n|\n|t:|1776034196\n|teamsize|p1|4\n|teamsize|p2|4\n|start\n|switch|p1a: Incineroar|Incineroar, L50, F|100/100\n|switch|p1b: Venusaur|Venusaur, L50, F|100/100\n|switch|p2a: Dragapult|Dragapult, L50, M, shiny|100/100\n|switch|p2b: Clefable|Clefable, L50, M|100/100\n|-ability|p1a: Incineroar|Intimidate|boost\n|-fail|p2a: Dragapult|unboost|[from] ability: Clear Body|[of] p2a: Dragapult\n|-unboost|p2b: Clefable|atk|1\n|turn|1\n|\n|t:|1776034229\n|move|p2a: Dragapult|Dragon Dance|p2a: Dragapult\n|-boost|p2a: Dragapult|atk|1\n|-boost|p2a: Dragapult|spe|1\n|move|p1a: Incineroar|Taunt|p2a: Dragapult\n|-start|p2a: Dragapult|move: Taunt\n|move|p1b: Venusaur|Sludge Bomb|p2b: Clefable\n|-supereffective|p2b: Clefable|1\n|-damage|p2b: Clefable|33/100\n|-status|p2b: Clefable|psn\n|move|p2b: Clefable|Thunder Wave|p1b: Venusaur\n|-status|p1b: Venusaur|par\n|\n|-heal|p2b: Clefable|39/100 psn|[from] item: Leftovers\n|-damage|p2b: Clefable|27/100 psn|[from] psn\n|upkeep\n|turn|2\n|\n|t:|1776034253\n|move|p2b: Clefable|Follow Me|p2b: Clefable\n|-singleturn|p2b: Clefable|move: Follow Me\n|move|p2a: Dragapult|Dragon Darts|p1a: Incineroar\n|-damage|p1a: Incineroar|60/100\n|-anim|p2a: Dragapult|Dragon Darts|p1a: Incineroar\n|-damage|p1a: Incineroar|17/100\n|move|p1a: Incineroar|Parting Shot|p2b: Clefable\n|-unboost|p2b: Clefable|atk|1\n|-unboost|p2b: Clefable|spa|1\n|\n|t:|1776034265\n|switch|p1a: Whimsicott|Whimsicott, L50, F|100/100|[from] Parting Shot\n|move|p1b: Venusaur|Sludge Bomb|p2b: Clefable\n|-supereffective|p2b: Clefable|1\n|-damage|p2b: Clefable|0 fnt\n|faint|p2b: Clefable\n|\n|upkeep\n|\n|t:|1776034270\n|switch|p2b: Lopunny|Lopunny, L50, M, shiny|100/100\n|turn|3\n|\n|t:|1776034281\n|detailschange|p2b: Lopunny|Lopunny-Mega, L50, M, shiny\n|-mega|p2b: Lopunny|Lopunny|Lopunnite\n|move|p1a: Whimsicott|Tailwind|p1a: Whimsicott\n|-sidestart|p1: relaxedtomato53|move: Tailwind\n|move|p2a: Dragapult|Dragon Darts|p1b: Venusaur\n|-damage|p1b: Venusaur|54/100 par\n|-anim|p2a: Dragapult|Dragon Darts|p1b: Venusaur\n|-damage|p1b: Venusaur|7/100 par\n|move|p2b: Lopunny|Swords Dance|p2b: Lopunny\n|-boost|p2b: Lopunny|atk|2\n|move|p1b: Venusaur|Sleep Powder|p2a: Dragapult\n|-status|p2a: Dragapult|slp|[from] move: Sleep Powder\n|\n|upkeep\n|turn|4\n|\n|t:|1776034306\n|cant|p2a: Dragapult|slp\n|move|p1a: Whimsicott|Dazzling Gleam|p2a: Dragapult|[spread] p2a,p2b\n|-supereffective|p2a: Dragapult|1\n|-supereffective|p2b: Lopunny|1\n|-damage|p2a: Dragapult|39/100 slp\n|-damage|p2b: Lopunny|47/100\n|move|p2b: Lopunny|Double Hit|p1a: Whimsicott\n|-damage|p1a: Whimsicott|57/100\n|-damage|p1a: Whimsicott|16/100\n|-hitcount|p1a: Whimsicott|2\n|move|p1b: Venusaur|Sludge Bomb|p2b: Lopunny\n|-damage|p2b: Lopunny|8/100\n|\n|-end|p2a: Dragapult|move: Taunt\n|upkeep\n|turn|5\n|-message|Morrocan AXL BLAZE forfeited.\n|\n|win|relaxedtomato53\n|raw|relaxedtomato53's rating: 1045 &rarr; <strong>1080</strong><br />(+35 for winning)\n|raw|Morrocan AXL BLAZE's rating: 1064 &rarr; <strong>1043</strong><br />(-21 for losing)\n",
  "uploadtime": 1776034327,
  "views": 10,
  "formatid": "gen9championsvgc2026regma",
  "rating": 1043,
  "private": 0,
  "password": null
}