{
  "id": "gen9championsvgc2026regma-2588299619",
  "format": "[Gen 9 Champions] VGC 2026 Reg M-A",
  "players": [
    "Danievania",
    "Disfrazdetigre"
  ],
  "log": "|j|\u2606Danievania\n|j|\u2606Disfrazdetigre\n|t:|1776622152\n|gametype|doubles\n|player|p1|Danievania|byron|1529\n|player|p2|Disfrazdetigre|102|1521\n|gen|9\n|tier|[Gen 9 Champions] VGC 2026 Reg M-A\n|rated|\n|rule|Species Clause: Limit one of each Pok\u00e9mon\n|rule|Item Clause: Limit 1 of each item\n|clearpoke\n|poke|p1|Starmie, L50, shiny|\n|poke|p1|Sneasler, L50, F, shiny|\n|poke|p1|Sinistcha, L50|\n|poke|p1|Kingambit, L50, M|\n|poke|p1|Rotom-Heat, L50|\n|poke|p1|Garchomp, L50, F, shiny|\n|poke|p2|Scizor, L50, F|\n|poke|p2|Milotic, L50, F|\n|poke|p2|Medicham, L50, F|\n|poke|p2|Arcanine-Hisui, L50, F|\n|poke|p2|Sableye, L50, F|\n|poke|p2|Hydreigon, L50, M|\n|teampreview|4\n|j| suibiandajiba\n|l| suibiandajiba\n|inactive|Battle timer is ON: inactive players will automatically lose when time's up. (requested by Disfrazdetigre)\nDisfrazdetigre rejected open team sheets.\n|\n|t:|1776622203\n|teamsize|p1|4\n|teamsize|p2|4\n|start\n|switch|p1a: Mega Slop|Starmie, L50, shiny|100/100\n|switch|p1b: Sneasler|Sneasler, L50, F, shiny|100/100\n|switch|p2a: Ashnard|Hydreigon, L50, M|100/100\n|switch|p2b: Ashera|Medicham, L50, F|100/100\n|turn|1\n|j| crosschampion\n|inactive|Disfrazdetigre has 30 seconds left.\n|inactive|Disfrazdetigre has 20 seconds left.\n|inactive|Disfrazdetigre has 15 seconds left.\n|j| RedCharonKnight\n|inactive|Disfrazdetigre has 10 seconds left.\n|\n|t:|1776622249\n|detailschange|p2b: Ashera|Medicham-Mega, L50, F\n|-mega|p2b: Ashera|Medicham|Medichamite\n|move|p1a: Mega Slop|Protect|p1a: Mega Slop\n|-singleturn|p1a: Mega Slop|Protect\n|move|p2b: Ashera|Fake Out|p1a: Mega Slop\n|-activate|p1a: Mega Slop|move: Protect\n|move|p1b: Sneasler|Close Combat|p2a: Ashnard\n|-supereffective|p2a: Ashnard|1\n|-enditem|p2a: Ashnard|Chople Berry|[eat]\n|-enditem|p2a: Ashnard|Chople Berry|[weaken]\n|-damage|p2a: Ashnard|32/100\n|-unboost|p1b: Sneasler|def|1\n|-unboost|p1b: Sneasler|spd|1\n|move|p2a: Ashnard|Dark Pulse|p1a: Mega Slop\n|-activate|p1a: Mega Slop|move: Protect\n|\n|upkeep\n|turn|2\n|inactive|Danievania has 30 seconds left.\n|j| suibiandajiba\n|l| suibiandajiba\n|inactive|Danievania has 20 seconds left.\n|\n|t:|1776622285\n|detailschange|p1a: Mega Slop|Starmie-Mega, L50, shiny\n|-mega|p1a: Mega Slop|Starmie|Starminite\n|move|p1b: Sneasler|Coaching|p1a: Mega Slop\n|-boost|p1a: Mega Slop|atk|1\n|-boost|p1a: Mega Slop|def|1\n|move|p1a: Mega Slop|Liquidation|p2a: Ashnard\n|-resisted|p2a: Ashnard|1\n|-damage|p2a: Ashnard|0 fnt\n|faint|p2a: Ashnard\n|move|p2b: Ashera|Trick Room|p2b: Ashera\n|-fieldstart|move: Trick Room|[of] p2b: Ashera\n|\n|upkeep\n|\n|t:|1776622295\n|switch|p2a: Tibarn|Scizor, L50, F|100/100\n|turn|3\n|inactive|Danievania has 30 seconds left.\n|\n|t:|1776622321\n|move|p1a: Mega Slop|Protect|p1a: Mega Slop\n|-singleturn|p1a: Mega Slop|Protect\n|move|p2a: Tibarn|Bug Bite|p1a: Mega Slop\n|-activate|p1a: Mega Slop|move: Protect\n|move|p2b: Ashera|Poison Jab|p1a: Mega Slop\n|-activate|p1a: Mega Slop|move: Protect\n|move|p1b: Sneasler|Close Combat|p2a: Tibarn\n|-damage|p2a: Tibarn|36/100\n|-unboost|p1b: Sneasler|def|1\n|-unboost|p1b: Sneasler|spd|1\n|\n|upkeep\n|turn|4\n|j| hazima\n|l| hazima\n|j| RedPlaysVGC\n|inactive|Danievania has 30 seconds left.\n|inactive|Danievania has 20 seconds left.\n|\n|t:|1776622361\n|switch|p1a: Garchomp|Garchomp, L50, F, shiny|100/100\n|move|p2a: Tibarn|Bug Bite|p1a: Garchomp\n|-damage|p1a: Garchomp|50/100\n|-damage|p2a: Tibarn|23/100|[from] ability: Rough Skin|[of] p1a: Garchomp\n|move|p2b: Ashera|Close Combat|p1a: Garchomp\n|-damage|p1a: Garchomp|0 fnt\n|-unboost|p2b: Ashera|def|1\n|-unboost|p2b: Ashera|spd|1\n|-damage|p2b: Ashera|89/100|[from] ability: Rough Skin|[of] p1a: Garchomp\n|faint|p1a: Garchomp\n|move|p1b: Sneasler|Close Combat|p2a: Tibarn\n|-damage|p2a: Tibarn|0 fnt\n|-unboost|p1b: Sneasler|def|1\n|-unboost|p1b: Sneasler|spd|1\n|faint|p2a: Tibarn\n|\n|upkeep\n|\n|t:|1776622385\n|switch|p2a: Leanne|Milotic, L50, F|100/100\n|switch|p1a: Sinistcha|Sinistcha, L50|100/100\n|turn|5\n|\n|t:|1776622394\n|move|p1b: Sneasler|Protect|p1b: Sneasler\n|-singleturn|p1b: Sneasler|Protect\n|move|p2a: Leanne|Ice Beam|p1a: Sinistcha\n|-supereffective|p1a: Sinistcha|1\n|-damage|p1a: Sinistcha|62/100\n|-status|p1a: Sinistcha|frz\n|move|p2b: Ashera|Poison Jab|p1a: Sinistcha\n|-crit|p1a: Sinistcha\n|-damage|p1a: Sinistcha|0 fnt\n|faint|p1a: Sinistcha\n|\n|upkeep\n|\n|t:|1776622404\n|switch|p1a: Mega Slop|Starmie-Mega, L50, shiny|100/100\n|turn|6\n|\n|t:|1776622416\n|move|p2a: Leanne|Scald|p1b: Sneasler\n|-damage|p1b: Sneasler|2/100\n|move|p2b: Ashera|Poison Jab|p1b: Sneasler\n|-resisted|p1b: Sneasler|1\n|-damage|p1b: Sneasler|0 fnt\n|faint|p1b: Sneasler\n|move|p1a: Mega Slop|Liquidation|p2b: Ashera\n|-damage|p2b: Ashera|0 fnt\n|faint|p2b: Ashera\n|\n|-fieldend|move: Trick Room\n|upkeep\n|turn|7\n|\n|t:|1776622429\n|move|p1a: Mega Slop|Psycho Cut|p2a: Leanne\n|-damage|p2a: Leanne|47/100\n|-enditem|p2a: Leanne|Sitrus Berry|[eat]\n|-heal|p2a: Leanne|72/100|[from] item: Sitrus Berry\n|move|p2a: Leanne|Scald|p1a: Mega Slop\n|-resisted|p1a: Mega Slop|1\n|-damage|p1a: Mega Slop|84/100\n|-status|p1a: Mega Slop|brn\n|\n|-damage|p1a: Mega Slop|79/100 brn|[from] brn\n|upkeep\n|turn|8\n|\n|t:|1776622438\n|move|p1a: Mega Slop|Psycho Cut|p2a: Leanne\n|-crit|p2a: Leanne\n|-damage|p2a: Leanne|32/100\n|move|p2a: Leanne|Recover|p2a: Leanne\n|-heal|p2a: Leanne|82/100\n|\n|-damage|p1a: Mega Slop|73/100 brn|[from] brn\n|upkeep\n|turn|9\n|\n|t:|1776622444\n|move|p1a: Mega Slop|Psycho Cut|p2a: Leanne\n|-damage|p2a: Leanne|55/100\n|move|p2a: Leanne|Recover|p2a: Leanne\n|-heal|p2a: Leanne|100/100\n|\n|-damage|p1a: Mega Slop|67/100 brn|[from] brn\n|upkeep\n|turn|10\n|\n|t:|1776622448\n|move|p1a: Mega Slop|Psycho Cut|p2a: Leanne\n|-damage|p2a: Leanne|76/100\n|move|p2a: Leanne|Scald|p1a: Mega Slop\n|-resisted|p1a: Mega Slop|1\n|-damage|p1a: Mega Slop|49/100 brn\n|\n|-damage|p1a: Mega Slop|44/100 brn|[from] brn\n|upkeep\n|turn|11\n|\n|t:|1776622455\n|move|p1a: Mega Slop|Psycho Cut|p2a: Leanne\n|-damage|p2a: Leanne|52/100\n|move|p2a: Leanne|Recover|p2a: Leanne\n|-heal|p2a: Leanne|100/100\n|\n|-damage|p1a: Mega Slop|38/100 brn|[from] brn\n|upkeep\n|turn|12\n|c|\u2606Danievania|\ud83e\udd19\ud83c\udffb\n|-message|Danievania forfeited.\n|\n|win|Disfrazdetigre\n|raw|Danievania's rating: 1529 &rarr; <strong>1509</strong><br />(-20 for losing)\n|raw|Disfrazdetigre's rating: 1521 &rarr; <strong>1541</strong><br />(+20 for winning)\n|l|\u2606Danievania\n|player|p1|\n",
  "uploadtime": 1776622478,
  "views": 18,
  "formatid": "gen9championsvgc2026regma",
  "rating": 1509,
  "private": 0,
  "password": null
}