{
  "id": "gen9championsvgc2026regma-2584882861",
  "format": "[Gen 9 Champions] VGC 2026 Reg M-A",
  "players": [
    "kikiindo",
    "meow509"
  ],
  "log": "|j|\u2606kikiindo\n|j|\u2606meow509\n|t:|1776291284\n|gametype|doubles\n|player|p1|kikiindo|elio|1119\n|player|p2|meow509|lance|1120\n|gen|9\n|tier|[Gen 9 Champions] VGC 2026 Reg M-A\n|rated|\n|rule|Species Clause: Limit one of each Pok\u00e9mon\n|rule|Item Clause: Limit 1 of each item\n|clearpoke\n|poke|p1|Gengar, L50, M|\n|poke|p1|Clefable, L50, M|\n|poke|p1|Aegislash, L50, F|\n|poke|p1|Incineroar, L50, M|\n|poke|p1|Charizard, L50, M|\n|poke|p1|Leafeon, L50, M|\n|poke|p2|Incineroar, L50, M|\n|poke|p2|Orthworm, L50, F|\n|poke|p2|Garchomp, L50, F|\n|poke|p2|Avalugg-Hisui, L50, M|\n|poke|p2|Froslass, L50, F|\n|poke|p2|Delphox, L50, M|\n|teampreview|4\n|inactive|Battle timer is ON: inactive players will automatically lose when time's up. (requested by meow509)\n|\n|t:|1776291309\n|teamsize|p1|4\n|teamsize|p2|4\n|start\n|switch|p1a: Incineroar|Incineroar, L50, M|100/100\n|switch|p1b: Charizard|Charizard, L50, M|100/100\n|switch|p2a: Anarkist|Incineroar, L50, M, shiny|100/100\n|switch|p2b: Communist|Orthworm, L50, F|100/100\n|-ability|p2a: Anarkist|Intimidate|boost\n|-unboost|p1a: Incineroar|atk|1\n|-unboost|p1b: Charizard|atk|1\n|-ability|p1a: Incineroar|Intimidate|boost\n|-unboost|p2a: Anarkist|atk|1\n|-unboost|p2b: Communist|atk|1\n|turn|1\n|\n|t:|1776291332\n|detailschange|p1b: Charizard|Charizard-Mega-Y, L50, M\n|-mega|p1b: Charizard|Charizard|Charizardite Y\n|-weather|SunnyDay|[from] ability: Drought|[of] p1b: Charizard\n|move|p1a: Incineroar|Fake Out|p2a: Anarkist\n|-damage|p2a: Anarkist|93/100\n|cant|p2a: Anarkist|flinch\n|move|p1b: Charizard|Heat Wave|p2b: Communist|[spread] p2a,p2b\n|-resisted|p2a: Anarkist|1\n|-supereffective|p2b: Communist|1\n|-damage|p2a: Anarkist|64/100\n|-damage|p2b: Communist|0 fnt\n|faint|p2b: Communist\n|\n|-weather|SunnyDay|[upkeep]\n|upkeep\n|\n|t:|1776291347\n|switch|p2b: Earthquake!!!!!|Garchomp, L50, F, shiny|100/100\n|turn|2\n|\n|t:|1776291365\n|move|p1b: Charizard|Protect|p1b: Charizard\n|-singleturn|p1b: Charizard|Protect\n|move|p2b: Earthquake!!!!!|Dragon Claw|p1b: Charizard\n|-activate|p1b: Charizard|move: Protect\n|move|p2a: Anarkist|Throat Chop|p1b: Charizard\n|-activate|p1b: Charizard|move: Protect\n|move|p1a: Incineroar|Darkest Lariat|p2b: Earthquake!!!!!\n|-damage|p2b: Earthquake!!!!!|73/100\n|-damage|p1a: Incineroar|88/100|[from] ability: Rough Skin|[of] p2b: Earthquake!!!!!\n|\n|-weather|SunnyDay|[upkeep]\n|upkeep\n|turn|3\n|inactive|kikiindo has 30 seconds left.\n|\n|t:|1776291400\n|switch|p1b: Clefable|Clefable, L50, M|100/100\n|move|p2b: Earthquake!!!!!|Dragon Claw|p1b: Clefable\n|-immune|p1b: Clefable\n|move|p2a: Anarkist|Parting Shot|p1b: Clefable\n|-unboost|p1b: Clefable|atk|1\n|-unboost|p1b: Clefable|spa|1\n|\n|t:|1776291409\n|switch|p2a: Lv 20 evoker Mage|Delphox, L50, M, shiny|100/100|[from] Parting Shot\n|move|p1a: Incineroar|Flare Blitz|p2a: Lv 20 evoker Mage\n|-resisted|p2a: Lv 20 evoker Mage|1\n|-damage|p2a: Lv 20 evoker Mage|52/100\n|-damage|p1a: Incineroar|74/100|[from] Recoil\n|\n|-weather|SunnyDay|[upkeep]\n|upkeep\n|turn|4\n|\n|t:|1776291427\n|detailschange|p2a: Lv 20 evoker Mage|Delphox-Mega, L50, M, shiny\n|-mega|p2a: Lv 20 evoker Mage|Delphox|Delphoxite\n|move|p1b: Clefable|Follow Me|p1b: Clefable\n|-singleturn|p1b: Clefable|move: Follow Me\n|move|p2a: Lv 20 evoker Mage|Heat Wave|p1a: Incineroar|[spread] p1a,p1b\n|-resisted|p1a: Incineroar|1\n|-damage|p1a: Incineroar|32/100\n|-damage|p1b: Clefable|51/100\n|-enditem|p1a: Incineroar|Sitrus Berry|[eat]\n|-heal|p1a: Incineroar|57/100|[from] item: Sitrus Berry\n|move|p2b: Earthquake!!!!!|Earthquake|p1a: Incineroar|[spread] p1a,p1b\n|-immune|p2a: Lv 20 evoker Mage|[from] ability: Levitate\n|-supereffective|p1a: Incineroar|1\n|-damage|p1a: Incineroar|0 fnt\n|-damage|p1b: Clefable|8/100\n|faint|p1a: Incineroar\n|\n|-weather|SunnyDay|[upkeep]\n|-heal|p1b: Clefable|14/100|[from] item: Leftovers\n|upkeep\n|inactive|kikiindo has 30 seconds left.\n|\n|t:|1776291456\n|switch|p1a: Aegislash|Aegislash, L50, F|100/100\n|turn|5\n|-activate|p1a: Aegislash|item: Quick Claw\n|\n|t:|1776291473\n|move|p1b: Clefable|Helping Hand|p1a: Aegislash\n|-singleturn|p1a: Aegislash|Helping Hand|[of] p1b: Clefable\n|-formechange|p1a: Aegislash|Aegislash-Blade|\n|move|p1a: Aegislash|Shadow Sneak|p2a: Lv 20 evoker Mage\n|-supereffective|p2a: Lv 20 evoker Mage|1\n|-damage|p2a: Lv 20 evoker Mage|0 fnt\n|faint|p2a: Lv 20 evoker Mage\n|move|p2b: Earthquake!!!!!|Earthquake|p1a: Aegislash|[spread] p1a,p1b\n|-supereffective|p1a: Aegislash|1\n|-damage|p1a: Aegislash|0 fnt\n|-damage|p1b: Clefable|0 fnt\n|faint|p1a: Aegislash\n|faint|p1b: Clefable\n|\n|-weather|none\n|upkeep\n|\n|t:|1776291488\n|switch|p2a: Anarkist|Incineroar, L50, M, shiny|64/100\n|switch|p1a: Charizard|Charizard-Mega-Y, L50, M|100/100\n|-weather|SunnyDay|[from] ability: Drought|[of] p1a: Charizard\n|-ability|p2a: Anarkist|Intimidate|boost\n|-unboost|p1a: Charizard|atk|1\n|turn|6\n|\n|t:|1776291503\n|move|p2a: Anarkist|Fake Out|p1a: Charizard\n|-damage|p1a: Charizard|82/100\n|cant|p1a: Charizard|flinch\n|move|p2b: Earthquake!!!!!|Swords Dance|p2b: Earthquake!!!!!\n|-boost|p2b: Earthquake!!!!!|atk|2\n|\n|-weather|SunnyDay|[upkeep]\n|upkeep\n|turn|7\n|\n|t:|1776291516\n|move|p1a: Charizard|Dragon Pulse|p2b: Earthquake!!!!!\n|-supereffective|p2b: Earthquake!!!!!|1\n|-damage|p2b: Earthquake!!!!!|4/100\n|move|p2b: Earthquake!!!!!|Dragon Claw|p1a: Charizard\n|-damage|p1a: Charizard|0 fnt\n|faint|p1a: Charizard\n|\n|win|meow509\n|raw|kikiindo's rating: 1097 &rarr; <strong>1074</strong><br />(-23 for losing)\n|raw|meow509's rating: 1120 &rarr; <strong>1143</strong><br />(+23 for winning)\n",
  "uploadtime": 1776291529,
  "views": 28,
  "formatid": "gen9championsvgc2026regma",
  "rating": 1074,
  "private": 0,
  "password": null
}