{
  "id": "gen9championsvgc2026regma-2583918313",
  "format": "[Gen 9 Champions] VGC 2026 Reg M-A",
  "players": [
    "chabezoid",
    "MelloJelloLol"
  ],
  "log": "|j|\u2606chabezoid\n|j|\u203dMelloJelloLol\n|t:|1776208218\n|gametype|doubles\n|player|p1|chabezoid|medium|1169\n|player|p2|MelloJelloLol|rosa|1266\n|gen|9\n|tier|[Gen 9 Champions] VGC 2026 Reg M-A\n|rated|\n|rule|Species Clause: Limit one of each Pok\u00e9mon\n|rule|Item Clause: Limit 1 of each item\n|clearpoke\n|poke|p1|Delphox, L50, F|\n|poke|p1|Kingambit, L50, F|\n|poke|p1|Rotom-Wash, L50|\n|poke|p1|Sinistcha, L50|\n|poke|p1|Sneasler, L50, M|\n|poke|p1|Garchomp, L50, F|\n|poke|p2|Gengar, L50, M|\n|poke|p2|Incineroar, L50, F|\n|poke|p2|Whimsicott, L50, M|\n|poke|p2|Sinistcha, L50|\n|poke|p2|Kommo-o, L50, M|\n|poke|p2|Politoed, L50, F|\n|teampreview|4\n|\n|t:|1776208260\n|teamsize|p1|4\n|teamsize|p2|4\n|start\n|switch|p1a: Sneasler|Sneasler, L50, M|100/100\n|switch|p1b: Delphox|Delphox, L50, F|100/100\n|switch|p2a: Gengar|Gengar, L50, M, shiny|100/100\n|switch|p2b: Politoed|Politoed, L50, F|100/100\n|-weather|RainDance|[from] ability: Drizzle|[of] p2b: Politoed\n|turn|1\n|\n|t:|1776208291\n|detailschange|p1b: Delphox|Delphox-Mega, L50, F\n|-mega|p1b: Delphox|Delphox|Delphoxite\n|detailschange|p2a: Gengar|Gengar-Mega, L50, M, shiny\n|-mega|p2a: Gengar|Gengar|Gengarite\n|move|p1b: Delphox|Protect|p1b: Delphox\n|-singleturn|p1b: Delphox|Protect\n|move|p2a: Gengar|Protect|p2a: Gengar\n|-singleturn|p2a: Gengar|Protect\n|move|p2b: Politoed|Protect|p2b: Politoed\n|-singleturn|p2b: Politoed|Protect\n|move|p1a: Sneasler|Close Combat|p2b: Politoed\n|-activate|p2b: Politoed|move: Protect\n|\n|-weather|RainDance|[upkeep]\n|upkeep\n|turn|2\n|\n|t:|1776208331\n|switch|p2a: Incineroar|Incineroar, L50, F|100/100\n|-ability|p2a: Incineroar|Intimidate|boost\n|-unboost|p1a: Sneasler|atk|1\n|-unboost|p1b: Delphox|atk|1\n|move|p1b: Delphox|Psychic|p2a: Incineroar\n|-immune|p2a: Incineroar\n|move|p1a: Sneasler|Close Combat|p2b: Politoed\n|-damage|p2b: Politoed|55/100\n|-unboost|p1a: Sneasler|def|1\n|-unboost|p1a: Sneasler|spd|1\n|move|p2b: Politoed|Weather Ball|p1b: Delphox\n|-supereffective|p1b: Delphox|1\n|-damage|p1b: Delphox|0 fnt\n|faint|p1b: Delphox\n|\n|-weather|RainDance|[upkeep]\n|-heal|p2b: Politoed|61/100|[from] item: Leftovers\n|upkeep\n|\n|t:|1776208351\n|switch|p1b: Rotom|Rotom-Wash, L50|100/100\n|turn|3\n|\n|t:|1776208385\n|switch|p1a: Kingambit|Kingambit, L50, F|100/100\n|switch|p2b: Gengar|Gengar-Mega, L50, M, shiny|100/100\n|move|p2a: Incineroar|Fake Out|p1b: Rotom\n|-damage|p1b: Rotom|90/100\n|cant|p1b: Rotom|flinch\n|\n|-weather|RainDance|[upkeep]\n|upkeep\n|turn|4\n|\n|t:|1776208410\n|switch|p2a: Sinistcha|Sinistcha, L50|100/100\n|move|p2b: Gengar|Protect|p2b: Gengar\n|-singleturn|p2b: Gengar|Protect\n|move|p1b: Rotom|Volt Switch|p2a: Sinistcha\n|-resisted|p2a: Sinistcha|1\n|-damage|p2a: Sinistcha|87/100\n|\n|t:|1776208419\n|switch|p1b: Sneasler|Sneasler, L50, M|100/100|[from] Volt Switch\n|move|p1a: Kingambit|Kowtow Cleave|p2b: Gengar\n|-activate|p2b: Gengar|move: Protect\n|\n|-weather|RainDance|[upkeep]\n|upkeep\n|turn|5\n|\n|t:|1776208435\n|move|p2a: Sinistcha|Rage Powder|p2a: Sinistcha\n|-singleturn|p2a: Sinistcha|move: Rage Powder\n|move|p2b: Gengar|Disable|p1a: Kingambit\n|-start|p1a: Kingambit|Disable|Kowtow Cleave\n|move|p1b: Sneasler|Dire Claw|p2a: Sinistcha\n|-damage|p2a: Sinistcha|48/100\n|cant|p1a: Kingambit|Disable|Kowtow Cleave\n|\n|-weather|none\n|upkeep\n|turn|6\n|\n|t:|1776208464\n|move|p2b: Gengar|Perish Song|p2b: Gengar\n|-start|p1a: Kingambit|perish3|[silent]\n|-start|p1b: Sneasler|perish3|[silent]\n|-start|p2a: Sinistcha|perish3|[silent]\n|-start|p2b: Gengar|perish3|[silent]\n|-fieldactivate|move: Perish Song\n|move|p1b: Sneasler|Dire Claw|p2a: Sinistcha\n|-damage|p2a: Sinistcha|11/100\n|move|p2a: Sinistcha|Matcha Gotcha|p1b: Sneasler|[spread] p1a\n|-miss|p2a: Sinistcha|p1b: Sneasler\n|-resisted|p1a: Kingambit|1\n|-damage|p1a: Kingambit|89/100\n|-heal|p2a: Sinistcha|17/100|[from] drain|[of] p1a: Kingambit\n|move|p1a: Kingambit|Swords Dance|p1a: Kingambit\n|-boost|p1a: Kingambit|atk|2\n|\n|-start|p2b: Gengar|perish3\n|-start|p1b: Sneasler|perish3\n|-start|p2a: Sinistcha|perish3\n|-start|p1a: Kingambit|perish3\n|upkeep\n|turn|7\n|\n|t:|1776208503\n|move|p2b: Gengar|Disable|p1b: Sneasler\n|-start|p1b: Sneasler|Disable|Dire Claw\n|cant|p1b: Sneasler|Disable|Dire Claw\n|move|p2a: Sinistcha|Matcha Gotcha|p1a: Kingambit|[spread] p1a,p1b\n|-resisted|p1a: Kingambit|1\n|-resisted|p1b: Sneasler|1\n|-damage|p1a: Kingambit|76/100\n|-heal|p2a: Sinistcha|25/100|[from] drain|[of] p1a: Kingambit\n|-damage|p1b: Sneasler|85/100\n|-heal|p2a: Sinistcha|31/100|[from] drain|[of] p1b: Sneasler\n|move|p1a: Kingambit|Swords Dance|p1a: Kingambit\n|-boost|p1a: Kingambit|atk|2\n|\n|-start|p2b: Gengar|perish2\n|-start|p1b: Sneasler|perish2\n|-start|p2a: Sinistcha|perish2\n|-start|p1a: Kingambit|perish2\n|upkeep\n|turn|8\n|\n|t:|1776208554\n|move|p2b: Gengar|Protect|p2b: Gengar\n|-singleturn|p2b: Gengar|Protect\n|move|p2a: Sinistcha|Rage Powder|p2a: Sinistcha\n|-singleturn|p2a: Sinistcha|move: Rage Powder\n|move|p1a: Kingambit|Sucker Punch||[still]\n|-fail|p1a: Kingambit\n|move|p1b: Sneasler|Close Combat|p2a: Sinistcha\n|-immune|p2a: Sinistcha\n|\n|-end|p1a: Kingambit|Disable\n|-start|p2b: Gengar|perish1\n|-start|p1b: Sneasler|perish1\n|-start|p2a: Sinistcha|perish1\n|-start|p1a: Kingambit|perish1\n|upkeep\n|turn|9\n|inactive|Battle timer is ON: inactive players will automatically lose when time's up. (requested by MelloJelloLol)\n|\n|t:|1776208588\n|switch|p2b: Incineroar|Incineroar, L50, F|100/100\n|-ability|p2b: Incineroar|Intimidate|boost\n|-unboost|p1a: Kingambit|atk|1\n|-ability|p1a: Kingambit|Defiant|boost\n|-boost|p1a: Kingambit|atk|2\n|-unboost|p1b: Sneasler|atk|1\n|move|p2a: Sinistcha|Rage Powder|p2a: Sinistcha\n|-singleturn|p2a: Sinistcha|move: Rage Powder\n|move|p1b: Sneasler|Close Combat|p2a: Sinistcha\n|-immune|p2a: Sinistcha\n|move|p1a: Kingambit|Kowtow Cleave|p2a: Sinistcha\n|-supereffective|p2a: Sinistcha|1\n|-enditem|p2a: Sinistcha|Colbur Berry|[eat]\n|-enditem|p2a: Sinistcha|Colbur Berry|[weaken]\n|-damage|p2a: Sinistcha|0 fnt\n|faint|p2a: Sinistcha\n|\n|-start|p1b: Sneasler|perish0\n|-start|p1a: Kingambit|perish0\n|upkeep\n|faint|p1b: Sneasler\n|faint|p1a: Kingambit\n|\n|t:|1776208609\n|switch|p1b: Rotom|Rotom-Wash, L50|90/100\n|switch|p2a: Gengar|Gengar-Mega, L50, M, shiny|100/100\n|turn|10\n|-message|chabezoid forfeited.\n|\n|win|MelloJelloLol\n|raw|chabezoid's rating: 1169 &rarr; <strong>1151</strong><br />(-18 for losing)\n|raw|MelloJelloLol's rating: 1266 &rarr; <strong>1284</strong><br />(+18 for winning)\n|l|\u2606chabezoid\n|player|p1|\n",
  "uploadtime": 1776208623,
  "views": 19,
  "formatid": "gen9championsvgc2026regma",
  "rating": 1151,
  "private": 0,
  "password": null
}