{
  "id": "gen9championsvgc2026regma-2587801862",
  "format": "[Gen 9 Champions] VGC 2026 Reg M-A",
  "players": [
    "ub student",
    "bamdoot"
  ],
  "log": "|j|\u2606ub student\n|j|\u2606bamdoot\n|t:|1776565442\n|gametype|doubles\n|player|p1|ub student|101|1476\n|player|p2|bamdoot|265|1514\n|gen|9\n|tier|[Gen 9 Champions] VGC 2026 Reg M-A\n|rated|\n|rule|Species Clause: Limit one of each Pok\u00e9mon\n|rule|Item Clause: Limit 1 of each item\n|clearpoke\n|poke|p1|Floette-Eternal, L50, F|\n|poke|p1|Talonflame, L50, F|\n|poke|p1|Basculegion, L50, M|\n|poke|p1|Garchomp, L50, F|\n|poke|p1|Rotom-Wash, L50|\n|poke|p1|Kingambit, L50, F|\n|poke|p2|Whimsicott, L50, F|\n|poke|p2|Chandelure, L50, F|\n|poke|p2|Charizard, L50, M|\n|poke|p2|Garchomp, L50, M|\n|poke|p2|Rotom-Wash, L50|\n|poke|p2|Aegislash, L50, F|\n|teampreview|4\n|inactive|Battle timer is ON: inactive players will automatically lose when time's up. (requested by ub student)\n|inactive|ub student has 60 seconds left.\n|inactive|bamdoot has 60 seconds left.\n|inactive|bamdoot has 30 seconds left.\n|inactive|bamdoot has 20 seconds left.\n|inactive|bamdoot has 15 seconds left.\n|\n|t:|1776565526\n|teamsize|p1|4\n|teamsize|p2|4\n|start\n|switch|p1a: Talonflame|Talonflame, L50, F|100/100\n|switch|p1b: Garchomp|Garchomp, L50, F|100/100\n|switch|p2a: Garchomp|Garchomp, L50, M|100/100\n|switch|p2b: Rotom|Rotom-Wash, L50|100/100\n|turn|1\n|inactive|bamdoot has 30 seconds left.\n|inactive|bamdoot has 20 seconds left.\n|\n|t:|1776565563\n|move|p1a: Talonflame|Tailwind|p1a: Talonflame\n|-sidestart|p1: ub student|move: Tailwind\n|move|p1b: Garchomp|Dragon Claw|p2a: Garchomp\n|-supereffective|p2a: Garchomp|1\n|-damage|p2a: Garchomp|12/100\n|-damage|p1b: Garchomp|88/100|[from] ability: Rough Skin|[of] p2a: Garchomp\n|move|p2a: Garchomp|Dragon Claw|p1b: Garchomp\n|-supereffective|p1b: Garchomp|1\n|-damage|p1b: Garchomp|12/100\n|-damage|p2a: Garchomp|0 fnt|[from] ability: Rough Skin|[of] p1b: Garchomp\n|faint|p2a: Garchomp\n|move|p2b: Rotom|Hydro Pump|p1a: Talonflame|[miss]\n|-miss|p2b: Rotom|p1a: Talonflame\n|\n|upkeep\n|\n|t:|1776565578\n|switch|p2a: Aegislash|Aegislash, L50, F|100/100\n|turn|2\n|\n|t:|1776565589\n|move|p1a: Talonflame|Protect|p1a: Talonflame\n|-singleturn|p1a: Talonflame|Protect\n|move|p2a: Aegislash|King's Shield|p2a: Aegislash\n|-singleturn|p2a: Aegislash|Protect\n|move|p1b: Garchomp|Earthquake|p2b: Rotom|[spread] \n|-activate|p1a: Talonflame|move: Protect\n|-activate|p2a: Aegislash|move: Protect\n|-immune|p2b: Rotom|[from] ability: Levitate\n|move|p2b: Rotom|Hydro Pump|p1a: Talonflame\n|-activate|p1a: Talonflame|move: Protect\n|\n|upkeep\n|turn|3\n|\n|t:|1776565608\n|switch|p2a: Charizard|Charizard, L50, M|100/100\n|move|p1a: Talonflame|Feint|p2b: Rotom\n|-damage|p2b: Rotom|92/100\n|move|p1b: Garchomp|Earthquake|p2a: Charizard|[spread] \n|-immune|p1a: Talonflame\n|-immune|p2a: Charizard\n|-immune|p2b: Rotom|[from] ability: Levitate\n|move|p2b: Rotom|Hydro Pump|p1a: Talonflame\n|-supereffective|p1a: Talonflame|1\n|-enditem|p1a: Talonflame|Focus Sash\n|-damage|p1a: Talonflame|1/100\n|\n|upkeep\n|turn|4\n|inactive|bamdoot has 30 seconds left.\n|\n|t:|1776565640\n|switch|p2a: Aegislash|Aegislash, L50, F|100/100\n|move|p1a: Talonflame|Protect|p1a: Talonflame\n|-singleturn|p1a: Talonflame|Protect\n|move|p1b: Garchomp|Rock Slide|p2a: Aegislash|[spread] p2a,p2b\n|-resisted|p2a: Aegislash|1\n|-damage|p2a: Aegislash|92/100\n|-damage|p2b: Rotom|69/100\n|cant|p2b: Rotom|flinch\n|\n|-heal|p2a: Aegislash|98/100|[from] item: Leftovers\n|-sideend|p1: ub student|move: Tailwind\n|upkeep\n|turn|5\n|\n|t:|1776565660\n|-formechange|p2a: Aegislash|Aegislash-Blade|\n|move|p2a: Aegislash|Shadow Sneak|p1b: Garchomp\n|-crit|p1b: Garchomp\n|-damage|p1b: Garchomp|0 fnt\n|-damage|p2a: Aegislash|86/100|[from] ability: Rough Skin|[of] p1b: Garchomp\n|faint|p1b: Garchomp\n|move|p1a: Talonflame|Tailwind|p1a: Talonflame\n|-sidestart|p1: ub student|move: Tailwind\n|move|p2b: Rotom|Thunderbolt|p1a: Talonflame\n|-supereffective|p1a: Talonflame|1\n|-crit|p1a: Talonflame\n|-damage|p1a: Talonflame|0 fnt\n|faint|p1a: Talonflame\n|\n|-heal|p2a: Aegislash|92/100|[from] item: Leftovers\n|upkeep\n|\n|t:|1776565670\n|switch|p1a: Kingambit|Kingambit, L50, F|100/100\n|switch|p1b: Basculegion|Basculegion, L50, M|100/100\n|turn|6\n|\n|t:|1776565692\n|-formechange|p2a: Aegislash|Aegislash|\n|move|p2a: Aegislash|King's Shield|p2a: Aegislash\n|-singleturn|p2a: Aegislash|Protect\n|move|p1b: Basculegion|Last Respects|p2b: Rotom\n|-damage|p2b: Rotom|0 fnt\n|faint|p2b: Rotom\n|move|p1a: Kingambit|Kowtow Cleave|p2a: Aegislash\n|-activate|p2a: Aegislash|move: Protect\n|-unboost|p1a: Kingambit|atk|1\n|-ability|p1a: Kingambit|Defiant|boost\n|-boost|p1a: Kingambit|atk|2\n|\n|-heal|p2a: Aegislash|98/100|[from] item: Leftovers\n|upkeep\n|\n|t:|1776565704\n|switch|p2b: Charizard|Charizard, L50, M|100/100\n|turn|7\n|\n|t:|1776565726\n|detailschange|p2b: Charizard|Charizard-Mega-Y, L50, M\n|-mega|p2b: Charizard|Charizard|Charizardite Y\n|-weather|SunnyDay|[from] ability: Drought|[of] p2b: Charizard\n|move|p1b: Basculegion|Last Respects|p2b: Charizard\n|-damage|p2b: Charizard|0 fnt\n|faint|p2b: Charizard\n|move|p1a: Kingambit|Kowtow Cleave|p2a: Aegislash\n|-supereffective|p2a: Aegislash|1\n|-damage|p2a: Aegislash|0 fnt\n|faint|p2a: Aegislash\n|\n|win|ub student\n|raw|ub student's rating: 1476 &rarr; <strong>1498</strong><br />(+22 for winning)\n|raw|bamdoot's rating: 1514 &rarr; <strong>1492</strong><br />(-22 for losing)\n|l|\u2606bamdoot\n|player|p2|\n|l|\u2606ub student\n|player|p1|\n",
  "uploadtime": 1776565818,
  "views": 14,
  "formatid": "gen9championsvgc2026regma",
  "rating": 1492,
  "private": 0,
  "password": null
}