{
  "id": "gen9championsvgc2026regma-2582762435",
  "format": "[Gen 9 Champions] VGC 2026 Reg M-A",
  "players": [
    "mochaduke",
    "yuriimon"
  ],
  "log": "|j|\u2606mochaduke\n|j|\u2606yuriimon\n|t:|1776112338\n|gametype|doubles\n|player|p1|mochaduke|2|1094\n|player|p2|yuriimon|waitress-gen4|1061\n|gen|9\n|tier|[Gen 9 Champions] VGC 2026 Reg M-A\n|rated|\n|rule|Species Clause: Limit one of each Pok\u00e9mon\n|rule|Item Clause: Limit 1 of each item\n|clearpoke\n|poke|p1|Dragonite, L50, F|\n|poke|p1|Arcanine-Hisui, L50, F|\n|poke|p1|Pelipper, L50, F|\n|poke|p1|Rotom-Wash, L50|\n|poke|p1|Whimsicott, L50, F|\n|poke|p1|Scizor, L50, M|\n|poke|p2|Feraligatr, L50, M|\n|poke|p2|Talonflame, L50, F|\n|poke|p2|Sneasler, L50, F|\n|poke|p2|Mimikyu, L50, F|\n|poke|p2|Camerupt, L50, M|\n|poke|p2|Kingambit, L50, M|\n|teampreview|4\n|inactive|Battle timer is ON: inactive players will automatically lose when time's up. (requested by yuriimon)\n|inactive|mochaduke has 60 seconds left.\n|\n|t:|1776112379\n|teamsize|p1|4\n|teamsize|p2|4\n|start\n|switch|p1a: Whimsicott|Whimsicott, L50, F|100/100\n|switch|p1b: Rotom|Rotom-Wash, L50|100/100\n|switch|p2a: Talonflame|Talonflame, L50, F|100/100\n|switch|p2b: Mimikyu|Mimikyu, L50, F|100/100\n|turn|1\n|\n|t:|1776112400\n|move|p2a: Talonflame|Dual Wingbeat|p1a: Whimsicott\n|-supereffective|p1a: Whimsicott|1\n|-damage|p1a: Whimsicott|60/100\n|-supereffective|p1a: Whimsicott|1\n|-damage|p1a: Whimsicott|14/100\n|-hitcount|p1a: Whimsicott|2\n|move|p1a: Whimsicott|Taunt|p2b: Mimikyu\n|-start|p2b: Mimikyu|move: Taunt\n|-enditem|p2b: Mimikyu|Mental Herb\n|-end|p2b: Mimikyu|move: Taunt\n|move|p1b: Rotom|Volt Switch|p2a: Talonflame\n|-supereffective|p2a: Talonflame|1\n|-damage|p2a: Talonflame|14/100\n|\n|t:|1776112419\n|switch|p1b: Pelipper|Pelipper, L50, F|100/100|[from] Volt Switch\n|-weather|RainDance|[from] ability: Drizzle|[of] p1b: Pelipper\n|move|p2b: Mimikyu|Trick Room|p2b: Mimikyu\n|-fieldstart|move: Trick Room|[of] p2b: Mimikyu\n|\n|-weather|RainDance|[upkeep]\n|upkeep\n|turn|2\n|inactive|mochaduke has 30 seconds left.\n|\n|t:|1776112451\n|switch|p1a: Rotom|Rotom-Wash, L50|100/100\n|move|p2b: Mimikyu|Sunny Day|p2b: Mimikyu\n|-weather|SunnyDay\n|move|p1b: Pelipper|Chilling Water|p2a: Talonflame\n|-supereffective|p2a: Talonflame|1\n|-damage|p2a: Talonflame|0 fnt\n|faint|p2a: Talonflame\n|\n|-weather|SunnyDay|[upkeep]\n|upkeep\n|\n|t:|1776112457\n|switch|p2a: Camerupt|Camerupt, L50, M|100/100\n|turn|3\n|\n|t:|1776112474\n|detailschange|p2a: Camerupt|Camerupt-Mega, L50, M\n|-mega|p2a: Camerupt|Camerupt|Cameruptite\n|move|p2a: Camerupt|Eruption|p1b: Pelipper|[spread] p1a,p1b\n|-resisted|p1a: Rotom|1\n|-resisted|p1b: Pelipper|1\n|-damage|p1a: Rotom|64/100\n|-damage|p1b: Pelipper|11/100\n|move|p2b: Mimikyu|Play Rough|p1a: Rotom\n|-damage|p1a: Rotom|23/100\n|move|p1a: Rotom|Will-O-Wisp|p2a: Camerupt\n|-immune|p2a: Camerupt\n|move|p1b: Pelipper|Chilling Water|p2a: Camerupt\n|-supereffective|p2a: Camerupt|2\n|-damage|p2a: Camerupt|40/100\n|-unboost|p2a: Camerupt|atk|1\n|\n|-weather|SunnyDay|[upkeep]\n|-heal|p1a: Rotom|29/100|[from] item: Leftovers\n|upkeep\n|turn|4\n|inactive|yuriimon has 30 seconds left.\n|\n|t:|1776112499\n|move|p1a: Rotom|Protect|p1a: Rotom\n|-singleturn|p1a: Rotom|Protect\n|move|p2b: Mimikyu|Shadow Sneak|p1b: Pelipper\n|-damage|p1b: Pelipper|0 fnt\n|faint|p1b: Pelipper\n|move|p2a: Camerupt|Eruption|p1a: Rotom\n|-activate|p1a: Rotom|move: Protect\n|\n|-weather|SunnyDay|[upkeep]\n|-heal|p1a: Rotom|34/100|[from] item: Leftovers\n|upkeep\n|\n|t:|1776112513\n|switch|p1b: Scizor|Scizor, L50, M|100/100\n|turn|5\n|\n|t:|1776112536\n|detailschange|p1b: Scizor|Scizor-Mega, L50, M\n|-mega|p1b: Scizor|Scizor|Scizorite\n|move|p1b: Scizor|Bullet Punch|p2a: Camerupt\n|-resisted|p2a: Camerupt|1\n|-damage|p2a: Camerupt|21/100\n|move|p2a: Camerupt|Eruption|p1a: Rotom|[spread] p1a,p1b\n|-resisted|p1a: Rotom|1\n|-supereffective|p1b: Scizor|2\n|-damage|p1a: Rotom|27/100\n|-damage|p1b: Scizor|0 fnt\n|faint|p1b: Scizor\n|move|p2b: Mimikyu|Play Rough|p1a: Rotom\n|-damage|p1a: Rotom|0 fnt\n|faint|p1a: Rotom\n|\n|-weather|SunnyDay|[upkeep]\n|-fieldend|move: Trick Room\n|upkeep\n|inactive|mochaduke has 30 seconds left.\n|\n|t:|1776112566\n|switch|p1a: Whimsicott|Whimsicott, L50, F|14/100\n|turn|6\n|-message|mochaduke forfeited.\n|\n|win|yuriimon\n|raw|mochaduke's rating: 1094 &rarr; <strong>1068</strong><br />(-26 for losing)\n|raw|yuriimon's rating: 1061 &rarr; <strong>1095</strong><br />(+34 for winning)\n|l|\u2606mochaduke\n|player|p1|\n",
  "uploadtime": 1776112571,
  "views": 18,
  "formatid": "gen9championsvgc2026regma",
  "rating": 1068,
  "private": 0,
  "password": null
}