{
  "id": "gen9championsvgc2026regma-2586714507",
  "format": "[Gen 9 Champions] VGC 2026 Reg M-A",
  "players": [
    "YetAnotherDodo",
    "Marshadow27"
  ],
  "log": "|j|\u2606YetAnotherDodo\n|j|\u2606Marshadow27\n|t:|1776454261\n|gametype|doubles\n|player|p1|YetAnotherDodo|miku-flying|1303\n|player|p2|Marshadow27|blue-gen3champion|1323\n|gen|9\n|tier|[Gen 9 Champions] VGC 2026 Reg M-A\n|rated|\n|rule|Species Clause: Limit one of each Pok\u00e9mon\n|rule|Item Clause: Limit 1 of each item\n|clearpoke\n|poke|p1|Floette-Eternal, L50, F|\n|poke|p1|Incineroar, L50, F|\n|poke|p1|Sneasler, L50, M|\n|poke|p1|Garchomp, L50, F|\n|poke|p1|Basculegion, L50, M|\n|poke|p1|Aerodactyl, L50, F|\n|poke|p2|Starmie, L50|\n|poke|p2|Weavile, L50, M|\n|poke|p2|Whimsicott, L50, M|\n|poke|p2|Kingambit, L50, F|\n|poke|p2|Incineroar, L50, M|\n|poke|p2|Hawlucha, L50, F|\n|teampreview|4\nYetAnotherDodo has agreed to open team sheets.\n|inactive|Battle timer is ON: inactive players will automatically lose when time's up. (requested by YetAnotherDodo)\n|\n|t:|1776454295\n|teamsize|p1|4\n|teamsize|p2|4\n|start\n|switch|p1a: Incineroar|Incineroar, L50, F|100/100\n|switch|p1b: Sneasler|Sneasler, L50, M|100/100\n|switch|p2a: Starmie|Starmie, L50|100/100\n|switch|p2b: Weavile|Weavile, L50, M|100/100\n|-ability|p2b: Weavile|Pressure\n|-ability|p1a: Incineroar|Intimidate|boost\n|-unboost|p2a: Starmie|atk|1\n|-unboost|p2b: Weavile|atk|1\n|-enditem|p2b: Weavile|White Herb\n|-clearnegativeboost|p2b: Weavile|[silent]\n|turn|1\n|\n|t:|1776454314\n|switch|p2a: Incineroar|Incineroar, L50, M|100/100\n|-ability|p2a: Incineroar|Intimidate|boost\n|-unboost|p1a: Incineroar|atk|1\n|-unboost|p1b: Sneasler|atk|1\n|-enditem|p1b: Sneasler|White Herb\n|-clearnegativeboost|p1b: Sneasler|[silent]\n|move|p2b: Weavile|Fake Out|p1b: Sneasler\n|-damage|p1b: Sneasler|75/100\n|move|p1a: Incineroar|Fake Out|p2a: Incineroar\n|-damage|p2a: Incineroar|95/100\n|cant|p1b: Sneasler|flinch\n|\n|upkeep\n|turn|2\n|inactive|Marshadow27 has 30 seconds left.\n|inactive|Marshadow27 has 20 seconds left.\n|\n|t:|1776454353\n|move|p1b: Sneasler|Protect|p1b: Sneasler\n|-singleturn|p1b: Sneasler|Protect\n|move|p2a: Incineroar|Fake Out|p1b: Sneasler\n|-activate|p1b: Sneasler|move: Protect\n|move|p2b: Weavile|Knock Off|p1a: Incineroar\n|-resisted|p1a: Incineroar|1\n|-damage|p1a: Incineroar|74/100\n|-enditem|p1a: Incineroar|Sitrus Berry|[from] move: Knock Off|[of] p2b: Weavile\n|move|p1a: Incineroar|Flare Blitz|p2b: Weavile\n|-supereffective|p2b: Weavile|1\n|-damage|p2b: Weavile|1/100\n|-damage|p1a: Incineroar|50/100|[from] Recoil\n|\n|upkeep\n|turn|3\n|inactive|Marshadow27 has 30 seconds left.\n|\n|t:|1776454379\n|switch|p2a: Whimsicott|Whimsicott, L50, M|100/100\n|move|p1b: Sneasler|Close Combat|p2a: Whimsicott\n|-resisted|p2a: Whimsicott|1\n|-damage|p2a: Whimsicott|65/100\n|-unboost|p1b: Sneasler|def|1\n|-unboost|p1b: Sneasler|spd|1\n|move|p2b: Weavile|Low Kick|p1a: Incineroar\n|-supereffective|p1a: Incineroar|1\n|-damage|p1a: Incineroar|0 fnt\n|faint|p1a: Incineroar\n|\n|upkeep\n|\n|t:|1776454398\n|switch|p1a: Floette|Floette-Eternal, L50, F|100/100\n|turn|4\n|\n|t:|1776454410\n|detailschange|p1a: Floette|Floette-Mega, L50, F\n|-mega|p1a: Floette|Floette|Floettite\n|-ability|p1a: Floette|Fairy Aura\n|move|p2a: Whimsicott|Tailwind|p2a: Whimsicott\n|-sidestart|p2: Marshadow27|move: Tailwind\n|move|p1b: Sneasler|Dire Claw|p2a: Whimsicott\n|-supereffective|p2a: Whimsicott|2\n|-damage|p2a: Whimsicott|0 fnt\n|faint|p2a: Whimsicott\n|move|p2b: Weavile|Ice Spinner|p1a: Floette\n|-damage|p1a: Floette|43/100\n|move|p1a: Floette|Dazzling Gleam|p2b: Weavile\n|-supereffective|p2b: Weavile|1\n|-damage|p2b: Weavile|0 fnt\n|faint|p2b: Weavile\n|\n|upkeep\n|\n|t:|1776454418\n|switch|p2a: Starmie|Starmie, L50|100/100\n|switch|p2b: Incineroar|Incineroar, L50, M|95/100\n|-ability|p2b: Incineroar|Intimidate|boost\n|-unboost|p1a: Floette|atk|1\n|-unboost|p1b: Sneasler|atk|1\n|turn|5\n|\n|t:|1776454431\n|detailschange|p2a: Starmie|Starmie-Mega, L50\n|-mega|p2a: Starmie|Starmie|Starminite\n|move|p1b: Sneasler|Protect|p1b: Sneasler\n|-singleturn|p1b: Sneasler|Protect\n|move|p1a: Floette|Protect|p1a: Floette\n|-singleturn|p1a: Floette|Protect\n|move|p2b: Incineroar|Fake Out|p1b: Sneasler\n|-activate|p1b: Sneasler|move: Protect\n|move|p2a: Starmie|Liquidation|p1a: Floette\n|-activate|p1a: Floette|move: Protect\n|\n|upkeep\n|turn|6\n|inactive|YetAnotherDodo has 30 seconds left.\n|inactive|YetAnotherDodo has 20 seconds left.\n|\n|t:|1776454468\n|move|p2a: Starmie|Liquidation|p1b: Sneasler\n|-damage|p1b: Sneasler|0 fnt\n|faint|p1b: Sneasler\n|move|p2b: Incineroar|Flare Blitz|p1a: Floette\n|-damage|p1a: Floette|0 fnt\n|faint|p1a: Floette\n|-damage|p2b: Incineroar|84/100|[from] Recoil\n|\n|upkeep\n|\n|t:|1776454474\n|switch|p1b: Basculegion|Basculegion, L50, M|100/100\n|turn|7\n|c|\u2606YetAnotherDodo|speed tie ;-;\n|c|\u2606Marshadow27|jolly?\n|c|\u2606YetAnotherDodo|ye\n|c|\u2606Marshadow27|sad\n|inactive|Marshadow27 has 30 seconds left.\n|c|\u2606Marshadow27|i always adamant\n|inactive|Marshadow27 has 20 seconds left.\n|c|\u2606Marshadow27|because the speed tie and prefer dmg\n|\n|t:|1776454513\n|move|p2a: Starmie|Skill Swap|p2b: Incineroar\n|-activate|p2a: Starmie|Skill Swap|||[of] p2b: Incineroar\n|-ability|p2a: Starmie|Intimidate|boost\n|-unboost|p1b: Basculegion|atk|1\n|move|p1b: Basculegion|Last Respects|p2a: Starmie\n|-supereffective|p2a: Starmie|1\n|-damage|p2a: Starmie|0 fnt\n|faint|p2a: Starmie\n|move|p2b: Incineroar|Throat Chop|p1b: Basculegion\n|-supereffective|p1b: Basculegion|1\n|-damage|p1b: Basculegion|0 fnt\n|faint|p1b: Basculegion\n|\n|win|Marshadow27\n|raw|YetAnotherDodo's rating: 1303 &rarr; <strong>1284</strong><br />(-19 for losing)\n|raw|Marshadow27's rating: 1323 &rarr; <strong>1342</strong><br />(+19 for winning)\n|c|\u2606YetAnotherDodo|gg\n|c|\u2606Marshadow27|gg\n|l|\u2606YetAnotherDodo\n|player|p1|\n",
  "uploadtime": 1776454539,
  "views": 44,
  "formatid": "gen9championsvgc2026regma",
  "rating": 1284,
  "private": 0,
  "password": null
}