{
  "id": "gen9championsvgc2026regma-2584443671",
  "format": "[Gen 9 Champions] VGC 2026 Reg M-A",
  "players": [
    "incinefraude",
    "siunhanech"
  ],
  "log": "|j|\u2606incinefraude\n|j|\u2606siunhanech\n|t:|1776261259\n|gametype|doubles\n|player|p1|incinefraude|265|1251\n|player|p2|siunhanech|266|1321\n|gen|9\n|tier|[Gen 9 Champions] VGC 2026 Reg M-A\n|rated|\n|rule|Species Clause: Limit one of each Pok\u00e9mon\n|rule|Item Clause: Limit 1 of each item\n|clearpoke\n|poke|p1|Tyranitar, L50, F|\n|poke|p1|Arcanine-Hisui, L50, F|\n|poke|p1|Sinistcha, L50|\n|poke|p1|Kingambit, L50, M|\n|poke|p1|Corviknight, L50, M|\n|poke|p1|Sneasler, L50, F|\n|poke|p2|Kangaskhan, L50, F|\n|poke|p2|Archaludon, L50, F|\n|poke|p2|Aerodactyl, L50, F|\n|poke|p2|Meganium, L50, F|\n|poke|p2|Tauros-Paldea-Aqua, L50, M|\n|poke|p2|Typhlosion-Hisui, L50, M|\n|teampreview|4\n|inactive|Battle timer is ON: inactive players will automatically lose when time's up. (requested by siunhanech)\n|\n|t:|1776261296\n|teamsize|p1|4\n|teamsize|p2|4\n|start\n|switch|p1a: Kingambit|Kingambit, L50, M|100/100\n|switch|p1b: Sinistcha|Sinistcha, L50|100/100\n|switch|p2a: Megaynium|Meganium, L50, F|100/100\n|switch|p2b: B\u1eafn tung t\u00f3e|Typhlosion-Hisui, L50, M|100/100\n|-item|p1a: Kingambit|Chople Berry|[from] ability: Frisk|[of] p2b: B\u1eafn tung t\u00f3e\n|-item|p1b: Sinistcha|Focus Sash|[from] ability: Frisk|[of] p2b: B\u1eafn tung t\u00f3e\n|turn|1\n|inactive|incinefraude has 30 seconds left.\n|\n|t:|1776261325\n|switch|p1b: Sneasler|Sneasler, L50, F|100/100\n|detailschange|p2a: Megaynium|Meganium-Mega, L50, F\n|-mega|p2a: Megaynium|Meganium|Meganiumite\n|move|p1a: Kingambit|Sucker Punch|p2b: B\u1eafn tung t\u00f3e\n|-supereffective|p2b: B\u1eafn tung t\u00f3e|1\n|-damage|p2b: B\u1eafn tung t\u00f3e|0 fnt\n|faint|p2b: B\u1eafn tung t\u00f3e\n|move|p2a: Megaynium|Weather Ball|p1a: Kingambit\n|-supereffective|p1a: Kingambit|1\n|-damage|p1a: Kingambit|0 fnt\n|faint|p1a: Kingambit\n|\n|upkeep\n|\n|t:|1776261337\n|switch|p2b: Kh\u1ee7ng long bay|Aerodactyl, L50, F|100/100\n|switch|p1a: Tyranitar|Tyranitar, L50, F|100/100\n|-ability|p2b: Kh\u1ee7ng long bay|Unnerve\n|-weather|Sandstorm|[from] ability: Sand Stream|[of] p1a: Tyranitar\n|turn|2\n|inactive|incinefraude has 30 seconds left.\n|inactive|incinefraude has 20 seconds left.\n|\n|t:|1776261375\n|switch|p1a: Sinistcha|Sinistcha, L50|100/100\n|move|p2b: Kh\u1ee7ng long bay|Protect|p2b: Kh\u1ee7ng long bay\n|-singleturn|p2b: Kh\u1ee7ng long bay|Protect\n|move|p2a: Megaynium|Protect|p2a: Megaynium\n|-singleturn|p2a: Megaynium|Protect\n|move|p1b: Sneasler|Fake Out|p2b: Kh\u1ee7ng long bay\n|-activate|p2b: Kh\u1ee7ng long bay|move: Protect\n|\n|-weather|Sandstorm|[upkeep]\n|-damage|p1b: Sneasler|95/100|[from] Sandstorm\n|-damage|p2a: Megaynium|95/100|[from] Sandstorm\n|-damage|p1a: Sinistcha|94/100|[from] Sandstorm\n|upkeep\n|turn|3\n|\n|t:|1776261390\n|move|p1a: Sinistcha|Rage Powder|p1a: Sinistcha\n|-singleturn|p1a: Sinistcha|move: Rage Powder\n|move|p2b: Kh\u1ee7ng long bay|Dual Wingbeat|p1a: Sinistcha\n|-supereffective|p1a: Sinistcha|1\n|-damage|p1a: Sinistcha|61/100\n|-supereffective|p1a: Sinistcha|1\n|-damage|p1a: Sinistcha|24/100\n|-hitcount|p1a: Sinistcha|2\n|move|p1b: Sneasler|Dire Claw|p2a: Megaynium\n|-supereffective|p2a: Megaynium|2\n|-damage|p2a: Megaynium|0 fnt\n|faint|p2a: Megaynium\n|\n|-weather|Sandstorm|[upkeep]\n|-damage|p1b: Sneasler|89/100|[from] Sandstorm\n|-damage|p1a: Sinistcha|17/100|[from] Sandstorm\n|upkeep\n|\n|t:|1776261399\n|switch|p2a: Tr\u00f4n l\u1ea7u|Tauros-Paldea-Aqua, L50, M|100/100\n|-ability|p2a: Tr\u00f4n l\u1ea7u|Intimidate|boost\n|-unboost|p1a: Sinistcha|atk|1\n|-unboost|p1b: Sneasler|atk|1\n|-enditem|p1b: Sneasler|White Herb\n|-clearnegativeboost|p1b: Sneasler|[silent]\n|turn|4\n|\n|t:|1776261423\n|move|p1b: Sneasler|Close Combat|p2a: Tr\u00f4n l\u1ea7u\n|-damage|p2a: Tr\u00f4n l\u1ea7u|29/100\n|-unboost|p1b: Sneasler|def|1\n|-unboost|p1b: Sneasler|spd|1\n|move|p2b: Kh\u1ee7ng long bay|Tailwind|p2b: Kh\u1ee7ng long bay\n|-sidestart|p2: siunhanech|move: Tailwind\n|move|p2a: Tr\u00f4n l\u1ea7u|Wave Crash|p1a: Sinistcha\n|-resisted|p1a: Sinistcha|1\n|-damage|p1a: Sinistcha|0 fnt\n|faint|p1a: Sinistcha\n|-damage|p2a: Tr\u00f4n l\u1ea7u|22/100|[from] Recoil\n|\n|-weather|Sandstorm|[upkeep]\n|-damage|p1b: Sneasler|83/100|[from] Sandstorm\n|-damage|p2a: Tr\u00f4n l\u1ea7u|16/100|[from] Sandstorm\n|upkeep\n|\n|t:|1776261435\n|switch|p1a: Tyranitar|Tyranitar, L50, F|100/100\n|turn|5\n|\n|t:|1776261447\n|detailschange|p1a: Tyranitar|Tyranitar-Mega, L50, F\n|-mega|p1a: Tyranitar|Tyranitar|Tyranitarite\n|move|p1b: Sneasler|Protect|p1b: Sneasler\n|-singleturn|p1b: Sneasler|Protect\n|move|p2b: Kh\u1ee7ng long bay|Dual Wingbeat|p1b: Sneasler\n|-activate|p1b: Sneasler|move: Protect\n|move|p2a: Tr\u00f4n l\u1ea7u|Close Combat|p1a: Tyranitar\n|-supereffective|p1a: Tyranitar|2\n|-damage|p1a: Tyranitar|0 fnt\n|-unboost|p2a: Tr\u00f4n l\u1ea7u|def|1\n|-unboost|p2a: Tr\u00f4n l\u1ea7u|spd|1\n|faint|p1a: Tyranitar\n|-enditem|p2a: Tr\u00f4n l\u1ea7u|White Herb\n|-clearnegativeboost|p2a: Tr\u00f4n l\u1ea7u|[silent]\n|\n|-weather|Sandstorm|[upkeep]\n|-damage|p1b: Sneasler|78/100|[from] Sandstorm\n|-damage|p2a: Tr\u00f4n l\u1ea7u|10/100|[from] Sandstorm\n|upkeep\n|turn|6\n|\n|t:|1776261465\n|move|p2b: Kh\u1ee7ng long bay|Dual Wingbeat|p1b: Sneasler\n|-supereffective|p1b: Sneasler|1\n|-damage|p1b: Sneasler|0 fnt\n|faint|p1b: Sneasler\n|-hitcount|p1: Sneasler|1\n|\n|win|siunhanech\n|raw|incinefraude's rating: 1251 &rarr; <strong>1231</strong><br />(-20 for losing)\n|raw|siunhanech's rating: 1321 &rarr; <strong>1337</strong><br />(+16 for winning)\n",
  "uploadtime": 1776261468,
  "views": 31,
  "formatid": "gen9championsvgc2026regma",
  "rating": 1231,
  "private": 0,
  "password": null
}