{
  "id": "gen9championsvgc2026regma-2585046855",
  "format": "[Gen 9 Champions] VGC 2026 Reg M-A",
  "players": [
    "Kingtu",
    "Proto7716"
  ],
  "log": "|j|\u2606Kingtu\n|j|\u2606Proto7716\n|t:|1776306463\n|gametype|doubles\n|player|p1|Kingtu|169|1152\n|player|p2|Proto7716|swimmerf-gen4dp|1217\n|gen|9\n|tier|[Gen 9 Champions] VGC 2026 Reg M-A\n|rated|\n|rule|Species Clause: Limit one of each Pok\u00e9mon\n|rule|Item Clause: Limit 1 of each item\n|clearpoke\n|poke|p1|Garchomp, L50, M|\n|poke|p1|Liepard, L50, M|\n|poke|p1|Dragonite, L50, M|\n|poke|p1|Sinistcha, L50|\n|poke|p1|Empoleon, L50, M|\n|poke|p1|Rotom-Wash, L50|\n|poke|p2|Aggron, L50, F|\n|poke|p2|Pelipper, L50, M|\n|poke|p2|Sinistcha, L50|\n|poke|p2|Incineroar, L50, M|\n|poke|p2|Sneasler, L50, M|\n|poke|p2|Basculegion-F, L50, F|\n|teampreview|4\n|inactive|Battle timer is ON: inactive players will automatically lose when time's up. (requested by Proto7716)\n|inactive|Proto7716 has 60 seconds left.\n|\n|t:|1776306497\n|teamsize|p1|4\n|teamsize|p2|4\n|start\n|switch|p1a: Empoleon|Empoleon, L50, M|100/100\n|switch|p1b: Liepard|Liepard, L50, M|100/100\n|switch|p2a: Aggron|Aggron, L50, F|100/100\n|switch|p2b: Sneasler|Sneasler, L50, M|100/100\n|turn|1\n|\n|t:|1776306519\n|detailschange|p2a: Aggron|Aggron-Mega, L50, F\n|-mega|p2a: Aggron|Aggron|Aggronite\n|move|p1b: Liepard|Fake Out|p2b: Sneasler\n|-damage|p2b: Sneasler|86/100\n|cant|p2b: Sneasler|flinch\n|move|p2a: Aggron|Iron Defense|p2a: Aggron\n|-boost|p2a: Aggron|def|2\n|move|p1a: Empoleon|Air Slash|p2b: Sneasler\n|-supereffective|p2b: Sneasler|1\n|-damage|p2b: Sneasler|13/100\n|\n|upkeep\n|turn|2\n|\n|t:|1776306536\n|move|p1b: Liepard|Rain Dance|p1b: Liepard\n|-weather|RainDance\n|move|p1a: Empoleon|Aqua Jet|p2b: Sneasler\n|-damage|p2b: Sneasler|0 fnt\n|faint|p2b: Sneasler\n|move|p2a: Aggron|Body Press|p1b: Liepard\n|-supereffective|p1b: Liepard|1\n|-crit|p1b: Liepard\n|-enditem|p1b: Liepard|Focus Sash\n|-damage|p1b: Liepard|1/100\n|\n|-weather|RainDance|[upkeep]\n|upkeep\n|\n|t:|1776306547\n|switch|p2b: Sinistcha|Sinistcha, L50|100/100\n|turn|3\n|inactive|Kingtu has 30 seconds left.\n|\n|t:|1776306577\n|move|p1b: Liepard|Snarl|p2b: Sinistcha|[spread] p2a,p2b\n|-crit|p2a: Aggron\n|-supereffective|p2b: Sinistcha|1\n|-damage|p2a: Aggron|80/100\n|-damage|p2b: Sinistcha|67/100\n|-unboost|p2a: Aggron|spa|1\n|-unboost|p2b: Sinistcha|spa|1\n|move|p2b: Sinistcha|Matcha Gotcha|p1a: Empoleon|[spread] p1a,p1b\n|-damage|p1a: Empoleon|83/100\n|-heal|p2b: Sinistcha|76/100|[from] drain|[of] p1a: Empoleon\n|-damage|p1b: Liepard|0 fnt\n|-heal|p2b: Sinistcha|77/100|[from] drain|[of] p1b: Liepard\n|faint|p1b: Liepard\n|move|p2a: Aggron|Body Press|p1a: Empoleon\n|-supereffective|p1a: Empoleon|1\n|-enditem|p1a: Empoleon|Chople Berry|[eat]\n|-enditem|p1a: Empoleon|Chople Berry|[weaken]\n|-damage|p1a: Empoleon|5/100\n|move|p1a: Empoleon|Hydro Pump|p2a: Aggron\n|-damage|p2a: Aggron|12/100\n|\n|-weather|RainDance|[upkeep]\n|upkeep\n|\n|t:|1776306598\n|switch|p1b: Garchomp|Garchomp, L50, M|100/100\n|turn|4\n|\n|t:|1776306607\n|switch|p2b: Basculegion|Basculegion-F, L50, F|100/100\n|move|p2a: Aggron|Protect|p2a: Aggron\n|-singleturn|p2a: Aggron|Protect\n|move|p1b: Garchomp|Earthquake|p2a: Aggron|[spread] p1a,p2b\n|-activate|p2a: Aggron|move: Protect\n|-supereffective|p1a: Empoleon|1\n|-damage|p1a: Empoleon|0 fnt\n|-damage|p2b: Basculegion|60/100\n|faint|p1a: Empoleon\n|\n|-weather|RainDance|[upkeep]\n|upkeep\n|\n|t:|1776306610\n|switch|p1a: Dragonite|Dragonite, L50, M|100/100\n|turn|5\n|\n|t:|1776306626\n|switch|p2b: Sinistcha|Sinistcha, L50|77/100\n|-heal|p2a: Aggron|37/100|[from] ability: Hospitality|[of] p2b: Sinistcha\n|detailschange|p1a: Dragonite|Dragonite-Mega, L50, M\n|-mega|p1a: Dragonite|Dragonite|Dragoninite\n|move|p1b: Garchomp|Earthquake|p2b: Sinistcha|[spread] p2a,p2b\n|-immune|p1a: Dragonite\n|-supereffective|p2a: Aggron|1\n|-resisted|p2b: Sinistcha|1\n|-damage|p2a: Aggron|24/100\n|-damage|p2b: Sinistcha|60/100\n|move|p1a: Dragonite|Thunder|p2b: Sinistcha\n|-resisted|p2b: Sinistcha|1\n|-damage|p2b: Sinistcha|39/100\n|-status|p2b: Sinistcha|par\n|move|p2a: Aggron|Body Press|p1b: Garchomp\n|-damage|p1b: Garchomp|34/100\n|-damage|p2a: Aggron|12/100|[from] ability: Rough Skin|[of] p1b: Garchomp\n|\n|-weather|RainDance|[upkeep]\n|upkeep\n|turn|6\n|inactive|Kingtu has 30 seconds left.\n|inactive|Proto7716 has 30 seconds left.\n|inactive|Proto7716 has 20 seconds left.\n|inactive|Proto7716 has 15 seconds left.\n|inactive|Proto7716 has 10 seconds left.\n|inactive|Proto7716 has 5 seconds left.\n|\n|t:|1776306677\n|move|p2a: Aggron|Protect|p2a: Aggron\n|-singleturn|p2a: Aggron|Protect\n|move|p1b: Garchomp|Earthquake|p2b: Sinistcha|[spread] p2b\n|-activate|p2a: Aggron|move: Protect\n|-immune|p1a: Dragonite\n|-resisted|p2b: Sinistcha|1\n|-damage|p2b: Sinistcha|24/100 par\n|move|p1a: Dragonite|Tailwind|p1a: Dragonite\n|-sidestart|p1: Kingtu|move: Tailwind\n|move|p2b: Sinistcha|Trick Room|p2b: Sinistcha\n|-fieldstart|move: Trick Room|[of] p2b: Sinistcha\n|\n|-weather|none\n|upkeep\n|turn|7\n|\n|t:|1776306698\n|move|p2b: Sinistcha|Rage Powder|p2b: Sinistcha\n|-singleturn|p2b: Sinistcha|move: Rage Powder\n|move|p2a: Aggron|Body Press|p1b: Garchomp\n|-damage|p1b: Garchomp|0 fnt\n|-damage|p2a: Aggron|0 fnt|[from] ability: Rough Skin|[of] p1b: Garchomp\n|faint|p1b: Garchomp\n|faint|p2a: Aggron\n|move|p1a: Dragonite|Thunder|p2b: Sinistcha\n|-resisted|p2b: Sinistcha|1\n|-damage|p2b: Sinistcha|2/100 par\n|\n|upkeep\n|\n|t:|1776306709\n|switch|p2a: Basculegion|Basculegion-F, L50, F|60/100\n|turn|8\n|\n|t:|1776306717\n|move|p1a: Dragonite|Protect|p1a: Dragonite\n|-singleturn|p1a: Dragonite|Protect\n|move|p2b: Sinistcha|Rage Powder|p2b: Sinistcha\n|-singleturn|p2b: Sinistcha|move: Rage Powder\n|move|p2a: Basculegion|Last Respects|p1a: Dragonite\n|-activate|p1a: Dragonite|move: Protect\n|\n|upkeep\n|turn|9\n|\n|t:|1776306726\n|move|p2b: Sinistcha|Rage Powder|p2b: Sinistcha\n|-singleturn|p2b: Sinistcha|move: Rage Powder\n|move|p2a: Basculegion|Last Respects|p1a: Dragonite\n|-damage|p1a: Dragonite|67/100\n|move|p1a: Dragonite|Thunder|p2b: Sinistcha|[miss]\n|-miss|p1a: Dragonite|p2b: Sinistcha\n|\n|-sideend|p1: Kingtu|move: Tailwind\n|upkeep\n|turn|10\n|\n|t:|1776306744\n|move|p2b: Sinistcha|Rage Powder|p2b: Sinistcha\n|-singleturn|p2b: Sinistcha|move: Rage Powder\n|move|p1a: Dragonite|Thunder|p2b: Sinistcha\n|-resisted|p2b: Sinistcha|1\n|-damage|p2b: Sinistcha|0 fnt\n|faint|p2b: Sinistcha\n|move|p2a: Basculegion|Last Respects|p1a: Dragonite\n|-damage|p1a: Dragonite|0 fnt\n|faint|p1a: Dragonite\n|\n|win|Proto7716\n|raw|Kingtu's rating: 1177 &rarr; <strong>1155</strong><br />(-22 for losing)\n|raw|Proto7716's rating: 1217 &rarr; <strong>1239</strong><br />(+22 for winning)\n|l|\u2606Kingtu\n|player|p1|\n|l|\u2606Proto7716\n|player|p2|\n|j|\u2606Proto7716\n|player|p2|Proto7716|swimmerf-gen4dp|\n",
  "uploadtime": 1776306792,
  "views": 21,
  "formatid": "gen9championsvgc2026regma",
  "rating": 1155,
  "private": 0,
  "password": null
}