{
  "id": "gen9championsvgc2026regma-2588123624",
  "format": "[Gen 9 Champions] VGC 2026 Reg M-A",
  "players": [
    "Gulptubus",
    "Christ7797"
  ],
  "log": "|j|\u2606Gulptubus\n|j|\u2606Christ7797\n|t:|1776606797\n|gametype|doubles\n|player|p1|Gulptubus|pokemonranger-gen4|1111\n|player|p2|Christ7797|red|1162\n|gen|9\n|tier|[Gen 9 Champions] VGC 2026 Reg M-A\n|rated|\n|rule|Species Clause: Limit one of each Pok\u00e9mon\n|rule|Item Clause: Limit 1 of each item\n|clearpoke\n|poke|p1|Aerodactyl, L50, F|\n|poke|p1|Tyranitar, L50, M|\n|poke|p1|Garchomp, L50, F|\n|poke|p1|Orthworm, L50, F|\n|poke|p1|Rotom-Wash, L50|\n|poke|p1|Sneasler, L50, F|\n|poke|p2|Azumarill, L50, F|\n|poke|p2|Maushold-Four, L50, shiny|\n|poke|p2|Garchomp, L50, M|\n|poke|p2|Incineroar, L50, M|\n|poke|p2|Manectric, L50, M|\n|poke|p2|Snorlax, L50, M, shiny|\n|teampreview|4\n|inactive|Battle timer is ON: inactive players will automatically lose when time's up. (requested by Christ7797)\n|inactive|Gulptubus has 60 seconds left.\n|inactive|Gulptubus has 30 seconds left.\n|\n|t:|1776606874\n|teamsize|p1|4\n|teamsize|p2|4\n|start\n|switch|p1a: Sneasler|Sneasler, L50, F|100/100\n|switch|p1b: Orthworm|Orthworm, L50, F|100/100\n|switch|p2a: Cuatro|Maushold-Four, L50, shiny|100/100\n|switch|p2b: Pepi|Azumarill, L50, F|100/100\n|turn|1\n|\n|t:|1776606892\n|move|p1a: Sneasler|Fake Out|p2b: Pepi\n|-damage|p2b: Pepi|88/100\n|move|p2a: Cuatro|Encore|p1a: Sneasler\n|-start|p1a: Sneasler|Encore\n|move|p1b: Orthworm|Shed Tail|p1b: Orthworm\n|-start|p1b: Orthworm|Substitute|[from] move: Shed Tail\n|-damage|p1b: Orthworm|50/100\n|-enditem|p1b: Orthworm|Sitrus Berry|[eat]\n|-heal|p1b: Orthworm|75/100|[from] item: Sitrus Berry\n|\n|t:|1776606908\n|switch|p1b: Garchomp|Garchomp, L50, F|100/100|[from] Shed Tail\n|cant|p2b: Pepi|flinch\n|\n|upkeep\n|turn|2\n|inactive|Gulptubus has 30 seconds left.\n|\n|t:|1776606935\n|switch|p1a: Orthworm|Orthworm, L50, F|75/100\n|move|p2a: Cuatro|Follow Me|p2a: Cuatro\n|-singleturn|p2a: Cuatro|move: Follow Me\n|move|p1b: Garchomp|Earthquake|p2a: Cuatro|[spread] p2a,p2b\n|-heal|p1a: Orthworm|99/100|[from] ability: Earth Eater|[of] p1b: Garchomp\n|-crit|p2a: Cuatro\n|-damage|p2a: Cuatro|29/100\n|-damage|p2b: Pepi|60/100\n|move|p2b: Pepi|Ice Spinner|p1b: Garchomp\n|-supereffective|p1b: Garchomp|2\n|-end|p1b: Garchomp|Substitute\n|\n|upkeep\n|turn|3\n|\n|t:|1776606953\n|move|p2a: Cuatro|Super Fang|p1a: Orthworm\n|-damage|p1a: Orthworm|50/100\n|move|p1b: Garchomp|Earthquake|p2b: Pepi|[spread] p2a,p2b\n|-heal|p1a: Orthworm|75/100|[from] ability: Earth Eater|[of] p1b: Garchomp\n|-crit|p2b: Pepi\n|-damage|p2a: Cuatro|0 fnt\n|-damage|p2b: Pepi|15/100\n|-enditem|p2b: Pepi|Sitrus Berry|[eat]\n|-heal|p2b: Pepi|40/100|[from] item: Sitrus Berry\n|faint|p2a: Cuatro\n|move|p1a: Orthworm|Heavy Slam|p2b: Pepi\n|-damage|p2b: Pepi|4/100\n|move|p2b: Pepi|Ice Spinner|p1b: Garchomp\n|-supereffective|p1b: Garchomp|2\n|-crit|p1b: Garchomp\n|-damage|p1b: Garchomp|0 fnt\n|faint|p1b: Garchomp\n|\n|upkeep\n|\n|t:|1776606972\n|switch|p2a: Milo|Manectric, L50, M|100/100\n|switch|p1b: Sneasler|Sneasler, L50, F|100/100\n|turn|4\n|\n|t:|1776606984\n|detailschange|p2a: Milo|Manectric-Mega, L50, M\n|-mega|p2a: Milo|Manectric|Manectite\n|-ability|p2a: Milo|Intimidate|boost\n|-unboost|p1a: Orthworm|atk|1\n|-unboost|p1b: Sneasler|atk|1\n|-enditem|p1b: Sneasler|White Herb\n|-clearnegativeboost|p1b: Sneasler|[silent]\n|move|p1b: Sneasler|Fake Out|p2a: Milo\n|-damage|p2a: Milo|76/100\n|move|p2b: Pepi|Aqua Jet|p1b: Sneasler\n|-damage|p1b: Sneasler|57/100\n|cant|p2a: Milo|flinch\n|move|p1a: Orthworm|Heavy Slam|p2b: Pepi\n|-damage|p2b: Pepi|0 fnt\n|faint|p2b: Pepi\n|\n|upkeep\n|\n|t:|1776606998\n|switch|p2b: Pececillo|Garchomp, L50, M|100/100\n|turn|5\n|inactive|Christ7797 has 30 seconds left.\n|\n|t:|1776607024\n|move|p1b: Sneasler|Close Combat|p2a: Milo\n|-damage|p2a: Milo|0 fnt\n|-unboost|p1b: Sneasler|def|1\n|-unboost|p1b: Sneasler|spd|1\n|faint|p2a: Milo\n|move|p2b: Pececillo|Dragon Claw|p1a: Orthworm\n|-resisted|p1a: Orthworm|1\n|-damage|p1a: Orthworm|58/100\n|move|p1a: Orthworm|Shed Tail|p1a: Orthworm\n|-start|p1a: Orthworm|Substitute|[from] move: Shed Tail\n|-damage|p1a: Orthworm|8/100\n|\n|t:|1776607033\n|switch|p1a: Tyranitar|Tyranitar, L50, M|100/100|[from] Shed Tail\n|-weather|Sandstorm|[from] ability: Sand Stream|[of] p1a: Tyranitar\n|\n|-weather|Sandstorm|[upkeep]\n|-damage|p1b: Sneasler|51/100|[from] Sandstorm\n|upkeep\n|turn|6\n|-message|Christ7797 forfeited.\n|\n|win|Gulptubus\n|raw|Gulptubus's rating: 1111 &rarr; <strong>1140</strong><br />(+29 for winning)\n|raw|Christ7797's rating: 1162 &rarr; <strong>1133</strong><br />(-29 for losing)\n|l|\u2606Christ7797\n|player|p2|\n",
  "uploadtime": 1776607041,
  "views": 7,
  "formatid": "gen9championsvgc2026regma",
  "rating": 1133,
  "private": 0,
  "password": null
}