{
  "id": "gen9championsvgc2026regma-2583161341",
  "format": "[Gen 9 Champions] VGC 2026 Reg M-A",
  "players": [
    "KevtroGameplays",
    "zack3475"
  ],
  "log": "|j|\u2606KevtroGameplays\n|j|\u2606zack3475\n|t:|1776149483\n|gametype|doubles\n|player|p1|KevtroGameplays|101|1120\n|player|p2|zack3475|170|1092\n|gen|9\n|tier|[Gen 9 Champions] VGC 2026 Reg M-A\n|rated|\n|rule|Species Clause: Limit one of each Pok\u00e9mon\n|rule|Item Clause: Limit 1 of each item\n|clearpoke\n|poke|p1|Incineroar, L50, M|\n|poke|p1|Araquanid, L50, F|\n|poke|p1|Sinistcha, L50|\n|poke|p1|Corviknight, L50, M|\n|poke|p1|Dragapult, L50, F|\n|poke|p1|Manectric, L50, M|\n|poke|p2|Sneasler, L50, M|\n|poke|p2|Froslass, L50, F|\n|poke|p2|Whimsicott, L50, F|\n|poke|p2|Garchomp, L50, F|\n|poke|p2|Milotic, L50, M|\n|poke|p2|Kingambit, L50, M|\n|teampreview|4\n|inactive|Battle timer is ON: inactive players will automatically lose when time's up. (requested by zack3475)\n|\n|t:|1776149517\n|teamsize|p1|4\n|teamsize|p2|4\n|start\n|switch|p1a: Araquanid|Araquanid, L50, F|100/100\n|switch|p1b: Manectric|Manectric, L50, M|100/100\n|switch|p2a: Froslass|Froslass, L50, F|100/100\n|switch|p2b: Milotic|Milotic, L50, M|100/100\n|turn|1\n|inactive|KevtroGameplays has 30 seconds left.\n|\n|t:|1776149548\n|detailschange|p2a: Froslass|Froslass-Mega, L50, F\n|-mega|p2a: Froslass|Froslass|Froslassite\n|-weather|Snowscape|[from] ability: Snow Warning|[of] p2a: Froslass\n|move|p2b: Milotic|Protect|p2b: Milotic\n|-singleturn|p2b: Milotic|Protect\n|move|p1a: Araquanid|Wide Guard|p1a: Araquanid\n|-singleturn|p1a: Araquanid|Wide Guard\n|move|p2a: Froslass|Blizzard|p1b: Manectric|[spread] \n|-activate|p1a: Araquanid|move: Wide Guard\n|-activate|p1b: Manectric|move: Wide Guard\n|move|p1b: Manectric|Volt Switch|p2a: Froslass\n|-damage|p2a: Froslass|61/100\n|\n|t:|1776149562\n|switch|p1b: Dragapult|Dragapult, L50, F|100/100|[from] Volt Switch\n|\n|-weather|Snowscape|[upkeep]\n|upkeep\n|turn|2\n|\n|t:|1776149580\n|move|p2a: Froslass|Protect|p2a: Froslass\n|-singleturn|p2a: Froslass|Protect\n|move|p1b: Dragapult|Phantom Force||[still]\n|-prepare|p1b: Dragapult|Phantom Force\n|move|p2b: Milotic|Blizzard|p1a: Araquanid|[spread] p1a\n|-miss|p2b: Milotic|p1b: Dragapult\n|-resisted|p1a: Araquanid|1\n|-damage|p1a: Araquanid|93/100\n|move|p1a: Araquanid|Sticky Web|p2a: Froslass\n|-sidestart|p2: zack3475|move: Sticky Web\n|\n|-weather|Snowscape|[upkeep]\n|upkeep\n|turn|3\n|\n|t:|1776149594\n|switch|p2a: Kingambit|Kingambit, L50, M|100/100\n|-activate|p2a: Kingambit|move: Sticky Web\n|-unboost|p2a: Kingambit|spe|1\n|move|p1a: Araquanid|Wide Guard|p1a: Araquanid\n|-singleturn|p1a: Araquanid|Wide Guard\n|move|p1b: Dragapult|Phantom Force|p2a: Kingambit|[from] lockedmove\n|-resisted|p2a: Kingambit|1\n|-damage|p2a: Kingambit|84/100\n|move|p2b: Milotic|Blizzard|p1b: Dragapult|[spread] \n|-activate|p1a: Araquanid|move: Wide Guard\n|-activate|p1b: Dragapult|move: Wide Guard\n|\n|-weather|Snowscape|[upkeep]\n|upkeep\n|turn|4\n|\n|t:|1776149619\n|move|p1a: Araquanid|Wide Guard|p1a: Araquanid\n|-singleturn|p1a: Araquanid|Wide Guard\n|move|p1b: Dragapult|Will-O-Wisp|p2a: Kingambit\n|-status|p2a: Kingambit|brn\n|move|p2b: Milotic|Scald|p1a: Araquanid\n|-resisted|p1a: Araquanid|1\n|-crit|p1a: Araquanid\n|-damage|p1a: Araquanid|76/100\n|move|p2a: Kingambit|Iron Head|p1b: Dragapult\n|-damage|p1b: Dragapult|67/100\n|\n|-weather|Snowscape|[upkeep]\n|-damage|p2a: Kingambit|78/100 brn|[from] brn\n|upkeep\n|turn|5\n|\n|t:|1776149640\n|switch|p1b: Corviknight|Corviknight, L50, M|100/100\n|move|p2b: Milotic|Scald|p1a: Araquanid\n|-resisted|p1a: Araquanid|1\n|-damage|p1a: Araquanid|66/100\n|move|p1a: Araquanid|Liquidation|p2a: Kingambit\n|-damage|p2a: Kingambit|27/100 brn\n|-unboost|p2a: Kingambit|def|1\n|move|p2a: Kingambit|Kowtow Cleave|p1b: Corviknight\n|-damage|p1b: Corviknight|85/100\n|\n|-weather|none\n|-heal|p1b: Corviknight|91/100|[from] item: Leftovers\n|-damage|p2a: Kingambit|21/100 brn|[from] brn\n|upkeep\n|turn|6\n|\n|t:|1776149662\n|move|p2b: Milotic|Scald|p1a: Araquanid\n|-resisted|p1a: Araquanid|1\n|-crit|p1a: Araquanid\n|-damage|p1a: Araquanid|52/100\n|move|p1b: Corviknight|Bulk Up|p1b: Corviknight\n|-boost|p1b: Corviknight|atk|1\n|-boost|p1b: Corviknight|def|1\n|move|p1a: Araquanid|Leech Life|p2b: Milotic\n|-damage|p2b: Milotic|77/100\n|-heal|p1a: Araquanid|66/100|[from] drain|[of] p2b: Milotic\n|move|p2a: Kingambit|Iron Head|p1a: Araquanid\n|-resisted|p1a: Araquanid|1\n|-damage|p1a: Araquanid|53/100\n|\n|-heal|p2b: Milotic|83/100|[from] item: Leftovers\n|-heal|p1b: Corviknight|97/100|[from] item: Leftovers\n|-damage|p2a: Kingambit|15/100 brn|[from] brn\n|upkeep\n|turn|7\n|\n|t:|1776149685\n|move|p2b: Milotic|Blizzard|p1a: Araquanid|[spread] p1a,p1b\n|-resisted|p1a: Araquanid|1\n|-damage|p1a: Araquanid|47/100\n|-damage|p1b: Corviknight|79/100\n|move|p1b: Corviknight|Bulk Up|p1b: Corviknight\n|-boost|p1b: Corviknight|atk|1\n|-boost|p1b: Corviknight|def|1\n|move|p1a: Araquanid|Leech Life|p2b: Milotic\n|-damage|p2b: Milotic|59/100\n|-heal|p1a: Araquanid|61/100|[from] drain|[of] p2b: Milotic\n|move|p2a: Kingambit|Kowtow Cleave|p1a: Araquanid\n|-damage|p1a: Araquanid|36/100\n|\n|-heal|p2b: Milotic|65/100|[from] item: Leftovers\n|-heal|p1b: Corviknight|85/100|[from] item: Leftovers\n|-damage|p2a: Kingambit|10/100 brn|[from] brn\n|upkeep\n|turn|8\n|\n|t:|1776149708\n|move|p2b: Milotic|Scald|p1a: Araquanid\n|-resisted|p1a: Araquanid|1\n|-damage|p1a: Araquanid|25/100\n|move|p1b: Corviknight|Brave Bird|p2b: Milotic\n|-damage|p2b: Milotic|5/100\n|-damage|p1b: Corviknight|65/100|[from] Recoil\n|move|p1a: Araquanid|Leech Life|p2b: Milotic\n|-damage|p2b: Milotic|0 fnt\n|-heal|p1a: Araquanid|28/100|[from] drain|[of] p2b: Milotic\n|faint|p2b: Milotic\n|move|p2a: Kingambit|Kowtow Cleave|p1a: Araquanid\n|-damage|p1a: Araquanid|1/100\n|\n|-heal|p1b: Corviknight|71/100|[from] item: Leftovers\n|-damage|p2a: Kingambit|4/100 brn|[from] brn\n|upkeep\n|\n|t:|1776149725\n|switch|p2b: Froslass|Froslass-Mega, L50, F|61/100\n|-activate|p2b: Froslass|move: Sticky Web\n|-unboost|p2b: Froslass|spe|1\n|-weather|Snowscape|[from] ability: Snow Warning|[of] p2b: Froslass\n|turn|9\n|\n|t:|1776149737\n|move|p2b: Froslass|Protect|p2b: Froslass\n|-singleturn|p2b: Froslass|Protect\n|move|p1a: Araquanid|Wide Guard|p1a: Araquanid\n|-singleturn|p1a: Araquanid|Wide Guard\n|move|p1b: Corviknight|Brave Bird|p2b: Froslass\n|-activate|p2b: Froslass|move: Protect\n|move|p2a: Kingambit|Kowtow Cleave|p1a: Araquanid\n|-damage|p1a: Araquanid|0 fnt\n|faint|p1a: Araquanid\n|\n|-weather|Snowscape|[upkeep]\n|-heal|p1b: Corviknight|77/100|[from] item: Leftovers\n|-damage|p2a: Kingambit|0 fnt|[from] brn\n|faint|p2a: Kingambit\n|-end|p2a: Kingambit|fallenundefined|[silent]\n|upkeep\n|\n|t:|1776149748\n|switch|p2a: Garchomp|Garchomp, L50, F|100/100\n|switch|p1a: Manectric|Manectric, L50, M|100/100\n|-activate|p2a: Garchomp|move: Sticky Web\n|-unboost|p2a: Garchomp|spe|1\n|turn|10\n|\n|t:|1776149770\n|detailschange|p1a: Manectric|Manectric-Mega, L50, M\n|-mega|p1a: Manectric|Manectric|Manectite\n|-ability|p1a: Manectric|Intimidate|boost\n|-unboost|p2a: Garchomp|atk|1\n|-unboost|p2b: Froslass|atk|1\n|move|p1a: Manectric|Protect|p1a: Manectric\n|-singleturn|p1a: Manectric|Protect\n|move|p2a: Garchomp|Stomping Tantrum|p1a: Manectric\n|-activate|p1a: Manectric|move: Protect\n|move|p2b: Froslass|Blizzard|p1b: Corviknight|[spread] p1b\n|-activate|p1a: Manectric|move: Protect\n|-damage|p1b: Corviknight|36/100\n|move|p1b: Corviknight|Brave Bird|p2b: Froslass\n|-damage|p2b: Froslass|0 fnt\n|faint|p2b: Froslass\n|-damage|p1b: Corviknight|22/100|[from] Recoil\n|\n|-weather|Snowscape|[upkeep]\n|-heal|p1b: Corviknight|28/100|[from] item: Leftovers\n|upkeep\n|turn|11\n|\n|t:|1776149793\n|switch|p1a: Dragapult|Dragapult, L50, F|67/100\n|move|p2a: Garchomp|Stomping Tantrum|p1a: Dragapult\n|-damage|p1a: Dragapult|30/100\n|move|p1b: Corviknight|Roost|p1b: Corviknight\n|-heal|p1b: Corviknight|78/100\n|-singleturn|p1b: Corviknight|move: Roost\n|\n|-weather|Snowscape|[upkeep]\n|-heal|p1b: Corviknight|84/100|[from] item: Leftovers\n|upkeep\n|turn|12\n|-message|zack3475 forfeited.\n|\n|win|KevtroGameplays\n|raw|KevtroGameplays's rating: 1120 &rarr; <strong>1143</strong><br />(+23 for winning)\n|raw|zack3475's rating: 1092 &rarr; <strong>1070</strong><br />(-22 for losing)\n|l|\u2606zack3475\n|player|p2|\n",
  "uploadtime": 1776149812,
  "views": 33,
  "formatid": "gen9championsvgc2026regma",
  "rating": 1070,
  "private": 0,
  "password": null
}