{
  "id": "gen9championsvgc2026regma-2585673225",
  "format": "[Gen 9 Champions] VGC 2026 Reg M-A",
  "players": [
    "isabellissima",
    "trexarmsgamer"
  ],
  "log": "|j|\u2606isabellissima\n|j|\u2606trexarmsgamer\n|t:|1776362745\n|gametype|doubles\n|player|p1|isabellissima|2|1180\n|player|p2|trexarmsgamer|preschooler|1250\n|gen|9\n|tier|[Gen 9 Champions] VGC 2026 Reg M-A\n|rated|\n|rule|Species Clause: Limit one of each Pok\u00e9mon\n|rule|Item Clause: Limit 1 of each item\n|clearpoke\n|poke|p1|Incineroar, L50, F|\n|poke|p1|Gengar, L50, F|\n|poke|p1|Sneasler, L50, F|\n|poke|p1|Maushold-Four, L50|\n|poke|p1|Kommo-o, L50, M|\n|poke|p1|Politoed, L50, M|\n|poke|p2|Excadrill, L50, F|\n|poke|p2|Tyranitar, L50, F|\n|poke|p2|Corviknight, L50, M|\n|poke|p2|Primarina, L50, M|\n|poke|p2|Incineroar, L50, M|\n|poke|p2|Sinistcha, L50|\n|teampreview|4\n|inactive|Battle timer is ON: inactive players will automatically lose when time's up. (requested by isabellissima)\n|\n|t:|1776362783\n|teamsize|p1|4\n|teamsize|p2|4\n|start\n|switch|p1a: Incineroar|Incineroar, L50, F, shiny|100/100\n|switch|p1b: Gengar|Gengar, L50, F, shiny|100/100\n|switch|p2a: Tyranitar|Tyranitar, L50, F|100/100\n|switch|p2b: Excadrill|Excadrill, L50, F|100/100\n|-weather|Sandstorm|[from] ability: Sand Stream|[of] p2a: Tyranitar\n|-ability|p1a: Incineroar|Intimidate|boost\n|-unboost|p2a: Tyranitar|atk|1\n|-unboost|p2b: Excadrill|atk|1\n|turn|1\n|\n|t:|1776362803\n|switch|p2b: Sinistcha|Sinistcha, L50|100/100\n|detailschange|p1b: Gengar|Gengar-Mega, L50, F, shiny\n|-mega|p1b: Gengar|Gengar|Gengarite\n|detailschange|p2a: Tyranitar|Tyranitar-Mega, L50, F\n|-mega|p2a: Tyranitar|Tyranitar|Tyranitarite\n|move|p1a: Incineroar|Fake Out|p2b: Sinistcha\n|-immune|p2b: Sinistcha\n|move|p1b: Gengar|Perish Song|p1b: Gengar\n|-start|p1a: Incineroar|perish3|[silent]\n|-start|p1b: Gengar|perish3|[silent]\n|-start|p2a: Tyranitar|perish3|[silent]\n|-start|p2b: Sinistcha|perish3|[silent]\n|-fieldactivate|move: Perish Song\n|move|p2a: Tyranitar|Crunch|p1b: Gengar\n|-supereffective|p1b: Gengar|1\n|-damage|p1b: Gengar|27/100\n|\n|-weather|Sandstorm|[upkeep]\n|-damage|p1b: Gengar|21/100|[from] Sandstorm\n|-damage|p2b: Sinistcha|94/100|[from] Sandstorm\n|-damage|p1a: Incineroar|95/100|[from] Sandstorm\n|-start|p1b: Gengar|perish3\n|-start|p2a: Tyranitar|perish3\n|-start|p2b: Sinistcha|perish3\n|-start|p1a: Incineroar|perish3\n|upkeep\n|turn|2\n|\n|t:|1776362828\n|move|p1b: Gengar|Protect|p1b: Gengar\n|-singleturn|p1b: Gengar|Protect\n|move|p1a: Incineroar|Protect|p1a: Incineroar\n|-singleturn|p1a: Incineroar|Protect\n|move|p2a: Tyranitar|Rock Slide|p1b: Gengar|[spread] \n|-activate|p1a: Incineroar|move: Protect\n|-activate|p1b: Gengar|move: Protect\n|move|p2b: Sinistcha|Trick Room|p2b: Sinistcha\n|-fieldstart|move: Trick Room|[of] p2b: Sinistcha\n|\n|-weather|Sandstorm|[upkeep]\n|-damage|p1a: Incineroar|89/100|[from] Sandstorm\n|-damage|p2b: Sinistcha|88/100|[from] Sandstorm\n|-damage|p1b: Gengar|15/100|[from] Sandstorm\n|-start|p1a: Incineroar|perish2\n|-start|p2b: Sinistcha|perish2\n|-start|p2a: Tyranitar|perish2\n|-start|p1b: Gengar|perish2\n|upkeep\n|turn|3\n|\n|t:|1776362847\n|switch|p2b: Primarina|Primarina, L50, M|100/100\n|switch|p1b: Politoed|Politoed, L50, M, shiny|100/100\n|-weather|RainDance|[from] ability: Drizzle|[of] p1b: Politoed\n|move|p1a: Incineroar|Parting Shot|p2a: Tyranitar\n|-unboost|p2a: Tyranitar|atk|1\n|-unboost|p2a: Tyranitar|spa|1\n|\n|t:|1776362856\n|switch|p1a: Gengar|Gengar-Mega, L50, F, shiny|15/100|[from] Parting Shot\n|move|p2a: Tyranitar|Rock Slide|p1a: Gengar|[spread] p1a,p1b\n|-damage|p1a: Gengar|0 fnt\n|-damage|p1b: Politoed|86/100\n|faint|p1a: Gengar\n|\n|-weather|RainDance|[upkeep]\n|-heal|p1b: Politoed|92/100|[from] item: Leftovers\n|-start|p2a: Tyranitar|perish1\n|upkeep\n|\n|t:|1776362862\n|switch|p1a: Incineroar|Incineroar, L50, F, shiny|89/100\n|-ability|p1a: Incineroar|Intimidate|boost\n|-unboost|p2a: Tyranitar|atk|1\n|-unboost|p2b: Primarina|atk|1\n|turn|4\n|\n|t:|1776362876\n|switch|p2a: Sinistcha|Sinistcha, L50|88/100\n|move|p1a: Incineroar|Throat Chop|p2b: Primarina\n|-resisted|p2b: Primarina|1\n|-damage|p2b: Primarina|81/100\n|-start|p2b: Primarina|Throat Chop|[silent]\n|move|p1b: Politoed|Encore||[still]\n|-fail|p1b: Politoed\n|cant|p2b: Primarina|move: Throat Chop\n|\n|-weather|RainDance|[upkeep]\n|-heal|p1b: Politoed|98/100|[from] item: Leftovers\n|upkeep\n|turn|5\n|\n|t:|1776362889\n|switch|p2b: Tyranitar|Tyranitar-Mega, L50, F|100/100\n|-weather|Sandstorm|[from] ability: Sand Stream|[of] p2b: Tyranitar\n|move|p1a: Incineroar|Throat Chop|p2a: Sinistcha\n|-supereffective|p2a: Sinistcha|1\n|-damage|p2a: Sinistcha|43/100\n|-start|p2a: Sinistcha|Throat Chop|[silent]\n|-enditem|p2a: Sinistcha|Sitrus Berry|[eat]\n|-heal|p2a: Sinistcha|68/100|[from] item: Sitrus Berry\n|move|p2a: Sinistcha|Matcha Gotcha|p1b: Politoed|[spread] p1b\n|-miss|p2a: Sinistcha|p1a: Incineroar\n|-supereffective|p1b: Politoed|1\n|-damage|p1b: Politoed|59/100\n|-heal|p2a: Sinistcha|90/100|[from] drain|[of] p1b: Politoed\n|move|p1b: Politoed|Encore||[still]\n|-fail|p1b: Politoed\n|\n|-weather|Sandstorm|[upkeep]\n|-damage|p1a: Incineroar|83/100|[from] Sandstorm\n|-damage|p2a: Sinistcha|83/100|[from] Sandstorm\n|-damage|p1b: Politoed|53/100|[from] Sandstorm\n|-heal|p1b: Politoed|59/100|[from] item: Leftovers\n|upkeep\n|turn|6\n|\n|t:|1776362909\n|move|p1b: Politoed|Protect|p1b: Politoed\n|-singleturn|p1b: Politoed|Protect\n|move|p1a: Incineroar|Parting Shot|p2b: Tyranitar\n|-unboost|p2b: Tyranitar|atk|1\n|-unboost|p2b: Tyranitar|spa|1\n|\n|t:|1776362915\n|switch|p1a: Sneasler|Sneasler, L50, F|100/100|[from] Parting Shot\n|move|p2a: Sinistcha|Matcha Gotcha|p1a: Sneasler|[spread] p1a\n|-activate|p1b: Politoed|move: Protect\n|-resisted|p1a: Sneasler|1\n|-damage|p1a: Sneasler|85/100\n|-heal|p2a: Sinistcha|91/100|[from] drain|[of] p1a: Sneasler\n|move|p2b: Tyranitar|Rock Slide|p1b: Politoed|[spread] \n|-activate|p1b: Politoed|move: Protect\n|-miss|p2b: Tyranitar|p1a: Sneasler\n|\n|-weather|Sandstorm|[upkeep]\n|-damage|p2a: Sinistcha|85/100|[from] Sandstorm\n|-damage|p1b: Politoed|53/100|[from] Sandstorm\n|-damage|p1a: Sneasler|79/100|[from] Sandstorm\n|-heal|p1b: Politoed|59/100|[from] item: Leftovers\n|-end|p2a: Sinistcha|Throat Chop|[silent]\n|-fieldend|move: Trick Room\n|upkeep\n|turn|7\n|inactive|isabellissima has 30 seconds left.\n|inactive|trexarmsgamer has 30 seconds left.\n|\n|t:|1776362946\n|switch|p2b: Excadrill|Excadrill, L50, F|100/100\n|switch|p1b: Incineroar|Incineroar, L50, F, shiny|83/100\n|-ability|p1b: Incineroar|Intimidate|boost\n|-unboost|p2a: Sinistcha|atk|1\n|-unboost|p2b: Excadrill|atk|1\n|move|p2a: Sinistcha|Rage Powder|p2a: Sinistcha\n|-singleturn|p2a: Sinistcha|move: Rage Powder\n|move|p1a: Sneasler|Dire Claw|p2a: Sinistcha\n|-damage|p2a: Sinistcha|50/100\n|\n|-weather|Sandstorm|[upkeep]\n|-damage|p1a: Sneasler|73/100|[from] Sandstorm\n|-damage|p2a: Sinistcha|44/100|[from] Sandstorm\n|-damage|p1b: Incineroar|77/100|[from] Sandstorm\n|upkeep\n|turn|8\n|\n|t:|1776362968\n|switch|p2a: Tyranitar|Tyranitar-Mega, L50, F|100/100\n|move|p2b: Excadrill|Protect|p2b: Excadrill\n|-singleturn|p2b: Excadrill|Protect\n|move|p1b: Incineroar|Fake Out|p2b: Excadrill\n|-activate|p2b: Excadrill|move: Protect\n|move|p1a: Sneasler|Close Combat|p2b: Excadrill\n|-activate|p2b: Excadrill|move: Protect\n|\n|-weather|Sandstorm|[upkeep]\n|-damage|p1a: Sneasler|67/100|[from] Sandstorm\n|-damage|p1b: Incineroar|71/100|[from] Sandstorm\n|upkeep\n|turn|9\n|\n|t:|1776362986\n|switch|p1a: Politoed|Politoed, L50, M, shiny|59/100\n|-weather|RainDance|[from] ability: Drizzle|[of] p1a: Politoed\n|switch|p2a: Sinistcha|Sinistcha, L50|44/100\n|move|p2b: Excadrill|Earthquake|p1a: Politoed|[spread] p2a,p1a,p1b\n|-resisted|p2a: Sinistcha|1\n|-supereffective|p1b: Incineroar|1\n|-damage|p2a: Sinistcha|33/100\n|-damage|p1a: Politoed|36/100\n|-damage|p1b: Incineroar|28/100\n|-enditem|p1b: Incineroar|Sitrus Berry|[eat]\n|-heal|p1b: Incineroar|53/100|[from] item: Sitrus Berry\n|move|p1b: Incineroar|Parting Shot|p2a: Sinistcha\n|-unboost|p2a: Sinistcha|atk|1\n|-unboost|p2a: Sinistcha|spa|1\n|\n|t:|1776363000\n|switch|p1b: Sneasler|Sneasler, L50, F|67/100|[from] Parting Shot\n|\n|-weather|RainDance|[upkeep]\n|-heal|p1a: Politoed|42/100|[from] item: Leftovers\n|upkeep\n|turn|10\n|\n|t:|1776363032\n|switch|p1a: Incineroar|Incineroar, L50, F, shiny|53/100\n|-ability|p1a: Incineroar|Intimidate|boost\n|-unboost|p2a: Sinistcha|atk|1\n|-unboost|p2b: Excadrill|atk|1\n|move|p2b: Excadrill|Protect|p2b: Excadrill\n|-singleturn|p2b: Excadrill|Protect\n|move|p1b: Sneasler|Close Combat|p2a: Sinistcha\n|-immune|p2a: Sinistcha\n|move|p2a: Sinistcha|Matcha Gotcha|p1b: Sneasler|[spread] p1a,p1b\n|-resisted|p1a: Incineroar|1\n|-resisted|p1b: Sneasler|1\n|-damage|p1a: Incineroar|46/100\n|-heal|p2a: Sinistcha|37/100|[from] drain|[of] p1a: Incineroar\n|-damage|p1b: Sneasler|57/100\n|-heal|p2a: Sinistcha|43/100|[from] drain|[of] p1b: Sneasler\n|-status|p1b: Sneasler|brn\n|\n|-weather|RainDance|[upkeep]\n|-damage|p1b: Sneasler|51/100 brn|[from] brn\n|upkeep\n|turn|11\n|inactive|isabellissima has 30 seconds left.\n|inactive|trexarmsgamer has 30 seconds left.\n|inactive|trexarmsgamer has 20 seconds left.\n|\n|t:|1776363075\n|switch|p2b: Primarina|Primarina, L50, M|81/100\n|switch|p2a: Tyranitar|Tyranitar-Mega, L50, F|100/100\n|-weather|Sandstorm|[from] ability: Sand Stream|[of] p2a: Tyranitar\n|move|p1b: Sneasler|Close Combat|p2b: Primarina\n|-resisted|p2b: Primarina|1\n|-damage|p2b: Primarina|61/100\n|-unboost|p1b: Sneasler|def|1\n|-unboost|p1b: Sneasler|spd|1\n|-enditem|p1b: Sneasler|White Herb\n|-clearnegativeboost|p1b: Sneasler|[silent]\n|move|p1a: Incineroar|Throat Chop|p2a: Tyranitar\n|-resisted|p2a: Tyranitar|1\n|-damage|p2a: Tyranitar|92/100\n|-start|p2a: Tyranitar|Throat Chop|[silent]\n|\n|-weather|Sandstorm|[upkeep]\n|-damage|p1b: Sneasler|45/100 brn|[from] Sandstorm\n|-damage|p2b: Primarina|55/100|[from] Sandstorm\n|-damage|p1a: Incineroar|40/100|[from] Sandstorm\n|-damage|p1b: Sneasler|39/100 brn|[from] brn\n|upkeep\n|turn|12\n|inactive|trexarmsgamer has 30 seconds left.\n|\n|t:|1776363107\n|switch|p1a: Politoed|Politoed, L50, M, shiny|42/100\n|-weather|RainDance|[from] ability: Drizzle|[of] p1a: Politoed\n|move|p1b: Sneasler|Close Combat|p2a: Tyranitar\n|-supereffective|p2a: Tyranitar|2\n|-damage|p2a: Tyranitar|6/100\n|-unboost|p1b: Sneasler|def|1\n|-unboost|p1b: Sneasler|spd|1\n|move|p2a: Tyranitar|Rock Slide|p1a: Politoed|[spread] p1a,p1b\n|-resisted|p1b: Sneasler|1\n|-crit|p1b: Sneasler\n|-damage|p1a: Politoed|13/100\n|-damage|p1b: Sneasler|0 fnt\n|faint|p1b: Sneasler\n|move|p2b: Primarina|Hyper Voice|p1a: Politoed\n|-resisted|p1a: Politoed|1\n|-damage|p1a: Politoed|0 fnt\n|faint|p1a: Politoed\n|\n|-weather|RainDance|[upkeep]\n|-end|p2a: Tyranitar|Throat Chop|[silent]\n|upkeep\n|\n|t:|1776363126\n|switch|p1a: Incineroar|Incineroar, L50, F, shiny|40/100\n|-ability|p1a: Incineroar|Intimidate|boost\n|-unboost|p2a: Tyranitar|atk|1\n|-unboost|p2b: Primarina|atk|1\n|turn|13\n|-message|isabellissima forfeited.\n|\n|win|trexarmsgamer\n|raw|isabellissima's rating: 1180 &rarr; <strong>1160</strong><br />(-20 for losing)\n|raw|trexarmsgamer's rating: 1250 &rarr; <strong>1270</strong><br />(+20 for winning)\n",
  "uploadtime": 1776363131,
  "views": 39,
  "formatid": "gen9championsvgc2026regma",
  "rating": 1160,
  "private": 0,
  "password": null
}