{
  "id": "gen9championsvgc2026regma-2585401884",
  "format": "[Gen 9 Champions] VGC 2026 Reg M-A",
  "players": [
    "Munchlaxxxed",
    "Curemenso"
  ],
  "log": "|j|\u2606Munchlaxxxed\n|j|\u2606Curemenso\n|t:|1776344668\n|gametype|doubles\n|player|p1|Munchlaxxxed|265|1323\n|player|p2|Curemenso|ethan|1311\n|gen|9\n|tier|[Gen 9 Champions] VGC 2026 Reg M-A\n|rated|\n|rule|Species Clause: Limit one of each Pok\u00e9mon\n|rule|Item Clause: Limit 1 of each item\n|clearpoke\n|poke|p1|Aerodactyl, L50, F|\n|poke|p1|Charizard, L50, M|\n|poke|p1|Venusaur, L50, M|\n|poke|p1|Aegislash, L50, F|\n|poke|p1|Sneasler, L50, F|\n|poke|p1|Milotic, L50, F|\n|poke|p2|Espathra, L50, F|\n|poke|p2|Floette-Eternal, L50, F|\n|poke|p2|Sinistcha, L50|\n|poke|p2|Maushold, L50|\n|poke|p2|Kommo-o, L50, F|\n|poke|p2|Sneasler, L50, F|\n|teampreview|4\n|inactive|Battle timer is ON: inactive players will automatically lose when time's up. (requested by Curemenso)\n|j| TempAccount720\n|\n|t:|1776344685\n|teamsize|p1|4\n|teamsize|p2|4\n|start\n|switch|p1a: Sneasler|Sneasler, L50, F|100/100\n|switch|p1b: Aegislash|Aegislash, L50, F|100/100\n|switch|p2a: Espathra|Espathra, L50, F|100/100\n|switch|p2b: Sneasler|Sneasler, L50, F|100/100\n|turn|1\n|inactive|Curemenso has 30 seconds left.\n|\n|t:|1776344710\n|move|p2b: Sneasler|Fake Out|p1a: Sneasler\n|-damage|p1a: Sneasler|76/100\n|cant|p1a: Sneasler|flinch\n|move|p2a: Espathra|Calm Mind|p2a: Espathra\n|-boost|p2a: Espathra|spa|1\n|-boost|p2a: Espathra|spd|1\n|-formechange|p1b: Aegislash|Aegislash-Blade|\n|move|p1b: Aegislash|Poltergeist|p2b: Sneasler\n|-activate|p2b: Sneasler|move: Poltergeist|White Herb\n|-damage|p2b: Sneasler|0 fnt\n|faint|p2b: Sneasler\n|\n|-ability|p2a: Espathra|Speed Boost|boost\n|-boost|p2a: Espathra|spe|1\n|upkeep\n|\n|t:|1776344725\n|switch|p2b: Kommo-o|Kommo-o, L50, F|100/100\n|turn|2\n|\n|t:|1776344742\n|move|p2a: Espathra|Lumina Crash|p1a: Sneasler\n|-supereffective|p1a: Sneasler|2\n|-damage|p1a: Sneasler|0 fnt\n|faint|p1a: Sneasler\n|move|p2b: Kommo-o|Clangorous Soul|p2b: Kommo-o\n|-boost|p2b: Kommo-o|atk|1\n|-boost|p2b: Kommo-o|def|1\n|-boost|p2b: Kommo-o|spa|1\n|-boost|p2b: Kommo-o|spd|1\n|-boost|p2b: Kommo-o|spe|1\n|-damage|p2b: Kommo-o|68/100\n|move|p1b: Aegislash|Poltergeist|p2a: Espathra\n|-activate|p2a: Espathra|move: Poltergeist|Focus Sash\n|-supereffective|p2a: Espathra|1\n|-enditem|p2a: Espathra|Focus Sash\n|-damage|p2a: Espathra|1/100\n|\n|-heal|p2b: Kommo-o|73/100|[from] item: Leftovers\n|-ability|p2a: Espathra|Speed Boost|boost\n|-boost|p2a: Espathra|spe|1\n|upkeep\n|\n|t:|1776344753\n|switch|p1a: Aerodactyl|Aerodactyl, L50, F|100/100\n|turn|3\n|\n|t:|1776344765\n|move|p2a: Espathra|Protect|p2a: Espathra\n|-singleturn|p2a: Espathra|Protect\n|move|p1b: Aegislash|Shadow Sneak|p2a: Espathra\n|-activate|p2a: Espathra|move: Protect\n|move|p1a: Aerodactyl|Tailwind|p1a: Aerodactyl\n|-sidestart|p1: Munchlaxxxed|move: Tailwind\n|move|p2b: Kommo-o|Clanging Scales|p1b: Aegislash|[spread] p1a,p1b\n|-resisted|p1b: Aegislash|1\n|-damage|p1a: Aerodactyl|15/100\n|-damage|p1b: Aegislash|49/100\n|-unboost|p2b: Kommo-o|def|1\n|\n|-heal|p2b: Kommo-o|79/100|[from] item: Leftovers\n|-ability|p2a: Espathra|Speed Boost|boost\n|-boost|p2a: Espathra|spe|1\n|upkeep\n|turn|4\n|\n|t:|1776344785\n|move|p1b: Aegislash|Shadow Sneak|p2a: Espathra\n|-supereffective|p2a: Espathra|1\n|-damage|p2a: Espathra|0 fnt\n|faint|p2a: Espathra\n|move|p1a: Aerodactyl|Dual Wingbeat|p2b: Kommo-o\n|-supereffective|p2b: Kommo-o|1\n|-damage|p2b: Kommo-o|48/100\n|-supereffective|p2b: Kommo-o|1\n|-damage|p2b: Kommo-o|15/100\n|-hitcount|p2b: Kommo-o|2\n|move|p2b: Kommo-o|Clanging Scales|p1a: Aerodactyl|[spread] p1a,p1b\n|-resisted|p1b: Aegislash|1\n|-damage|p1a: Aerodactyl|0 fnt\n|-damage|p1b: Aegislash|0 fnt\n|faint|p1a: Aerodactyl\n|faint|p1b: Aegislash\n|-unboost|p2b: Kommo-o|def|1\n|\n|-heal|p2b: Kommo-o|20/100|[from] item: Leftovers\n|upkeep\n|\n|t:|1776344799\n|switch|p2a: Floette|Floette-Eternal, L50, F|100/100\n|switch|p1b: Charizard|Charizard, L50, M|100/100\n|turn|5\n|\n|t:|1776344811\n|detailschange|p1b: Charizard|Charizard-Mega-Y, L50, M\n|-mega|p1b: Charizard|Charizard|Charizardite Y\n|-weather|SunnyDay|[from] ability: Drought|[of] p1b: Charizard\n|detailschange|p2a: Floette|Floette-Mega, L50, F\n|-mega|p2a: Floette|Floette|Floettite\n|-ability|p2a: Floette|Fairy Aura\n|move|p2b: Kommo-o|Protect|p2b: Kommo-o\n|-singleturn|p2b: Kommo-o|Protect\n|move|p1b: Charizard|Heat Wave|p2b: Kommo-o|[spread] p2a\n|-activate|p2b: Kommo-o|move: Protect\n|-damage|p2a: Floette|54/100\n|-status|p2a: Floette|brn\n|move|p2a: Floette|Moonblast|p1b: Charizard\n|-resisted|p1b: Charizard|1\n|-damage|p1b: Charizard|68/100\n|\n|-weather|SunnyDay|[upkeep]\n|-heal|p2b: Kommo-o|26/100|[from] item: Leftovers\n|-damage|p2a: Floette|47/100 brn|[from] brn\n|upkeep\n|turn|6\n|inactive|Curemenso has 30 seconds left.\n|inactive|Curemenso has 20 seconds left.\n|inactive|Curemenso has 15 seconds left.\n|inactive|Curemenso has 10 seconds left.\n|inactive|Curemenso has 5 seconds left.\n|\n|t:|1776344866\n|move|p2b: Kommo-o|Protect||[still]\n|-fail|p2b: Kommo-o\n|move|p2a: Floette|Protect|p2a: Floette\n|-singleturn|p2a: Floette|Protect\n|move|p1b: Charizard|Heat Wave|p2b: Kommo-o|[spread] \n|-activate|p2a: Floette|move: Protect\n|-miss|p1b: Charizard|p2b: Kommo-o\n|\n|-weather|SunnyDay|[upkeep]\n|-heal|p2b: Kommo-o|32/100|[from] item: Leftovers\n|-damage|p2a: Floette|41/100 brn|[from] brn\n|-sideend|p1: Munchlaxxxed|move: Tailwind\n|upkeep\n|turn|7\n|\n|t:|1776344884\n|move|p2b: Kommo-o|Clanging Scales|p1b: Charizard\n|-damage|p1b: Charizard|0 fnt\n|faint|p1b: Charizard\n|\n|win|Curemenso\n|raw|Munchlaxxxed's rating: 1323 &rarr; <strong>1302</strong><br />(-21 for losing)\n|raw|Curemenso's rating: 1311 &rarr; <strong>1332</strong><br />(+21 for winning)\n",
  "uploadtime": 1776344885,
  "views": 26,
  "formatid": "gen9championsvgc2026regma",
  "rating": 1302,
  "private": 0,
  "password": null
}