{
  "id": "gen9championsvgc2026regma-2586552875",
  "format": "[Gen 9 Champions] VGC 2026 Reg M-A",
  "players": [
    "campeondelfitness",
    "supermonst"
  ],
  "log": "|j|\u2606campeondelfitness\n|j|\u2606supermonst\n|t:|1776442571\n|gametype|doubles\n|player|p1|campeondelfitness|swimmer|1235\n|player|p2|supermonst|benga|1262\n|gen|9\n|tier|[Gen 9 Champions] VGC 2026 Reg M-A\n|rated|\n|rule|Species Clause: Limit one of each Pok\u00e9mon\n|rule|Item Clause: Limit 1 of each item\n|clearpoke\n|poke|p1|Tyranitar, L50, F|\n|poke|p1|Garchomp, L50, M|\n|poke|p1|Heliolisk, L50, M|\n|poke|p1|Rotom-Heat, L50|\n|poke|p1|Orthworm, L50, F|\n|poke|p1|Aerodactyl, L50, M|\n|poke|p2|Primarina, L50, F|\n|poke|p2|Froslass, L50, F|\n|poke|p2|Maushold-Four, L50|\n|poke|p2|Incineroar, L50, M|\n|poke|p2|Sneasler, L50, M|\n|poke|p2|Meowscarada, L50, M|\n|teampreview|4\n|inactive|Battle timer is ON: inactive players will automatically lose when time's up. (requested by supermonst)\n|inactive|campeondelfitness also wants the timer to be on.\n|\n|t:|1776442593\n|teamsize|p1|4\n|teamsize|p2|4\n|start\n|switch|p1a: Aerodactyl|Aerodactyl, L50, M|100/100\n|switch|p1b: Orthworm|Orthworm, L50, F|100/100\n|switch|p2a: Froslass|Froslass, L50, F|100/100\n|switch|p2b: Sneasler|Sneasler, L50, M|100/100\n|-ability|p1a: Aerodactyl|Unnerve\n|turn|1\n|inactive|campeondelfitness has 30 seconds left.\n|inactive|supermonst has 30 seconds left.\n|inactive|campeondelfitness has 20 seconds left.\n|inactive|campeondelfitness has 15 seconds left.\n|\n|t:|1776442633\n|switch|p2a: Primarina|Primarina, L50, F|100/100\n|move|p1a: Aerodactyl|Wide Guard|p1a: Aerodactyl\n|-singleturn|p1a: Aerodactyl|Wide Guard\n|move|p2b: Sneasler|Fake Out|p1b: Orthworm\n|-resisted|p1b: Orthworm|1\n|-damage|p1b: Orthworm|97/100\n|cant|p1b: Orthworm|flinch\n|\n|-heal|p1b: Orthworm|100/100|[from] item: Leftovers\n|upkeep\n|turn|2\n|\n|t:|1776442650\n|move|p1a: Aerodactyl|Dual Wingbeat|p2b: Sneasler\n|-supereffective|p2b: Sneasler|1\n|-damage|p2b: Sneasler|30/100\n|-supereffective|p2b: Sneasler|1\n|-damage|p2b: Sneasler|0 fnt\n|faint|p2b: Sneasler\n|-hitcount|p2: Sneasler|2\n|move|p2a: Primarina|Hyper Voice|p1a: Aerodactyl|[spread] p1a,p1b\n|-supereffective|p1a: Aerodactyl|1\n|-damage|p1a: Aerodactyl|0 fnt\n|-damage|p1b: Orthworm|47/100\n|faint|p1a: Aerodactyl\n|move|p1b: Orthworm|Iron Head|p2a: Primarina\n|-damage|p2a: Primarina|68/100\n|\n|-heal|p2a: Primarina|74/100|[from] item: Leftovers\n|-heal|p1b: Orthworm|54/100|[from] item: Leftovers\n|upkeep\n|\n|t:|1776442671\n|switch|p1a: Tyranitar|Tyranitar, L50, F|100/100\n|switch|p2b: Froslass|Froslass, L50, F|100/100\n|-weather|Sandstorm|[from] ability: Sand Stream|[of] p1a: Tyranitar\n|turn|3\n|inactive|campeondelfitness has 30 seconds left.\n|inactive|campeondelfitness has 20 seconds left.\n|inactive|campeondelfitness has 15 seconds left.\n|inactive|campeondelfitness has 10 seconds left.\n|inactive|campeondelfitness has 5 seconds left.\n|\n|t:|1776442723\n|move|p2b: Froslass|Protect|p2b: Froslass\n|-singleturn|p2b: Froslass|Protect\n|move|p2a: Primarina|Protect|p2a: Primarina\n|-singleturn|p2a: Primarina|Protect\n|move|p1b: Orthworm|Iron Head|p2a: Primarina\n|-activate|p2a: Primarina|move: Protect\n|move|p1a: Tyranitar|Knock Off|p2a: Primarina\n|-activate|p2a: Primarina|move: Protect\n|\n|-weather|Sandstorm|[upkeep]\n|-damage|p2b: Froslass|94/100|[from] Sandstorm\n|-damage|p2a: Primarina|68/100|[from] Sandstorm\n|-heal|p2a: Primarina|74/100|[from] item: Leftovers\n|-heal|p1b: Orthworm|60/100|[from] item: Leftovers\n|upkeep\n|turn|4\n|inactive|campeondelfitness has 30 seconds left.\n|\n|t:|1776442753\n|detailschange|p2b: Froslass|Froslass-Mega, L50, F\n|-mega|p2b: Froslass|Froslass|Froslassite\n|-weather|Snowscape|[from] ability: Snow Warning|[of] p2b: Froslass\n|move|p2b: Froslass|Aurora Veil|p2b: Froslass\n|-sidestart|p2: supermonst|move: Aurora Veil\n|move|p2a: Primarina|Hyper Voice|p1a: Tyranitar|[spread] p1a,p1b\n|-supereffective|p1a: Tyranitar|1\n|-damage|p1a: Tyranitar|42/100\n|-damage|p1b: Orthworm|2/100\n|move|p1b: Orthworm|Iron Head|p2b: Froslass\n|-supereffective|p2b: Froslass|1\n|-damage|p2b: Froslass|59/100\n|move|p1a: Tyranitar|Knock Off|p2b: Froslass\n|-supereffective|p2b: Froslass|1\n|-damage|p2b: Froslass|20/100\n|\n|-weather|Snowscape|[upkeep]\n|-heal|p2a: Primarina|80/100|[from] item: Leftovers\n|-heal|p1b: Orthworm|8/100|[from] item: Leftovers\n|upkeep\n|turn|5\n|inactive|campeondelfitness has 30 seconds left.\n|\n|t:|1776442783\n|move|p2b: Froslass|Icy Wind|p1a: Tyranitar|[spread] p1a,p1b\n|-resisted|p1b: Orthworm|1\n|-damage|p1a: Tyranitar|24/100\n|-damage|p1b: Orthworm|0 fnt\n|-unboost|p1a: Tyranitar|spe|1\n|faint|p1b: Orthworm\n|move|p2a: Primarina|Hyper Voice|p1a: Tyranitar\n|-supereffective|p1a: Tyranitar|1\n|-damage|p1a: Tyranitar|0 fnt\n|faint|p1a: Tyranitar\n|\n|-weather|Snowscape|[upkeep]\n|-heal|p2a: Primarina|86/100|[from] item: Leftovers\n|upkeep\n|-message|campeondelfitness forfeited.\n|\n|win|supermonst\n|raw|campeondelfitness's rating: 1235 &rarr; <strong>1212</strong><br />(-23 for losing)\n|raw|supermonst's rating: 1262 &rarr; <strong>1285</strong><br />(+23 for winning)\n",
  "uploadtime": 1776442803,
  "views": 54,
  "formatid": "gen9championsvgc2026regma",
  "rating": 1212,
  "private": 0,
  "password": null
}