{
  "id": "gen9championsvgc2026regma-2582680137",
  "format": "[Gen 9 Champions] VGC 2026 Reg M-A",
  "players": [
    "NessunoCiao",
    "kirbydirby22"
  ],
  "log": "|j|\u2606NessunoCiao\n|j|\u2606kirbydirby22\n|t:|1776106848\n|gametype|doubles\n|player|p1|NessunoCiao|hilbert-wonderlauncher|1114\n|player|p2|kirbydirby22|iris-gen5bw2|1061\n|gen|9\n|tier|[Gen 9 Champions] VGC 2026 Reg M-A\n|rated|\n|rule|Species Clause: Limit one of each Pok\u00e9mon\n|rule|Item Clause: Limit 1 of each item\n|clearpoke\n|poke|p1|Politoed, L50, M|\n|poke|p1|Archaludon, L50, M|\n|poke|p1|Basculegion, L50, M|\n|poke|p1|Gengar, L50, M|\n|poke|p1|Incineroar, L50, F|\n|poke|p1|Sinistcha-Masterpiece, L50|\n|poke|p2|Azumarill, L50, M|\n|poke|p2|Politoed, L50, F|\n|poke|p2|Chimecho, L50, M|\n|poke|p2|Tinkaton, L50, F|\n|poke|p2|Alcremie-Ruby-Cream, L50, F|\n|poke|p2|Starmie, L50|\n|teampreview|4\n|inactive|Battle timer is ON: inactive players will automatically lose when time's up. (requested by kirbydirby22)\n|\n|t:|1776106891\n|teamsize|p1|4\n|teamsize|p2|4\n|start\n|switch|p1a: Politoed|Politoed, L50, M, shiny|100/100\n|switch|p1b: Gengar|Gengar, L50, M, shiny|100/100\n|switch|p2a: Tinkaton|Tinkaton, L50, F|100/100\n|switch|p2b: Starmie|Starmie, L50|100/100\n|-weather|RainDance|[from] ability: Drizzle|[of] p1a: Politoed\n|turn|1\n|inactive|kirbydirby22 has 30 seconds left.\n|\n|t:|1776106920\n|detailschange|p2b: Starmie|Starmie-Mega, L50\n|-mega|p2b: Starmie|Starmie|Starminite\n|detailschange|p1b: Gengar|Gengar-Mega, L50, M, shiny\n|-mega|p1b: Gengar|Gengar|Gengarite\n|move|p1b: Gengar|Protect|p1b: Gengar\n|-singleturn|p1b: Gengar|Protect\n|move|p1a: Politoed|Protect|p1a: Politoed\n|-singleturn|p1a: Politoed|Protect\n|move|p2b: Starmie|Skill Swap|p2a: Tinkaton\n|-activate|p2b: Starmie|Skill Swap|||[of] p2a: Tinkaton\n|move|p2a: Tinkaton|Rock Slide|p1b: Gengar|[spread] \n|-activate|p1a: Politoed|move: Protect\n|-activate|p1b: Gengar|move: Protect\n|\n|-weather|RainDance|[upkeep]\n|upkeep\n|turn|2\n|inactive|NessunoCiao has 30 seconds left.\n|\n|t:|1776106948\n|move|p1b: Gengar|Shadow Ball|p2a: Tinkaton\n|-damage|p2a: Tinkaton|53/100\n|move|p2b: Starmie|Reflect|p2b: Starmie\n|-sidestart|p2: kirbydirby22|Reflect\n|move|p2a: Tinkaton|Rock Slide|p1a: Politoed|[spread] p1a,p1b\n|-damage|p1a: Politoed|66/100\n|-damage|p1b: Gengar|66/100\n|cant|p1a: Politoed|flinch\n|\n|-weather|RainDance|[upkeep]\n|-heal|p2a: Tinkaton|59/100|[from] item: Leftovers\n|upkeep\n|turn|3\n|inactive|NessunoCiao has 30 seconds left.\n|inactive|kirbydirby22 has 30 seconds left.\n|\n|t:|1776106980\n|move|p2a: Tinkaton|Protect|p2a: Tinkaton\n|-singleturn|p2a: Tinkaton|Protect\n|move|p1b: Gengar|Disable|p2a: Tinkaton\n|-activate|p2a: Tinkaton|move: Protect\n|move|p2b: Starmie|Zen Headbutt|p1b: Gengar\n|-supereffective|p1b: Gengar|1\n|-damage|p1b: Gengar|0 fnt\n|faint|p1b: Gengar\n|move|p1a: Politoed|Perish Song|p1a: Politoed\n|-start|p1a: Politoed|perish3|[silent]\n|-start|p2a: Tinkaton|perish3|[silent]\n|-start|p2b: Starmie|perish3|[silent]\n|-fieldactivate|move: Perish Song\n|\n|-weather|RainDance|[upkeep]\n|-heal|p2a: Tinkaton|65/100|[from] item: Leftovers\n|-start|p2b: Starmie|perish3\n|-start|p2a: Tinkaton|perish3\n|-start|p1a: Politoed|perish3\n|upkeep\n|\n|t:|1776106997\n|switch|p1b: Basculegion|Basculegion, L50, M, shiny|100/100\n|turn|4\n|inactive|NessunoCiao has 30 seconds left.\n|inactive|NessunoCiao has 20 seconds left.\n|inactive|NessunoCiao has 15 seconds left.\n|\n|t:|1776107040\n|move|p1a: Politoed|Protect|p1a: Politoed\n|-singleturn|p1a: Politoed|Protect\n|move|p1b: Basculegion|Wave Crash|p2a: Tinkaton\n|-damage|p2a: Tinkaton|0 fnt\n|faint|p2a: Tinkaton\n|-damage|p1b: Basculegion|83/100|[from] Recoil\n|move|p2b: Starmie|Flip Turn|p1b: Basculegion\n|-resisted|p1b: Basculegion|1\n|-damage|p1b: Basculegion|58/100\n|\n|t:|1776107054\n|switch|p2b: Azumarill|Azumarill, L50, M|100/100|[from] Flip Turn\n|\n|-weather|RainDance|[upkeep]\n|-start|p1a: Politoed|perish2\n|upkeep\n|\n|t:|1776107059\n|switch|p2a: Alcremie|Alcremie-Ruby-Cream, L50, F|100/100\n|turn|5\n|inactive|NessunoCiao has 30 seconds left.\n|\n|t:|1776107084\n|switch|p1a: Incineroar|Incineroar, L50, F, shiny|100/100\n|-ability|p1a: Incineroar|Intimidate|boost\n|-unboost|p2a: Alcremie|atk|1\n|-unboost|p2b: Azumarill|atk|1\n|move|p1b: Basculegion|Wave Crash|p2a: Alcremie\n|-damage|p2a: Alcremie|0 fnt\n|faint|p2a: Alcremie\n|-damage|p1b: Basculegion|29/100|[from] Recoil\n|move|p2b: Azumarill|Play Rough|p1b: Basculegion\n|-damage|p1b: Basculegion|4/100\n|\n|-weather|none\n|upkeep\n|\n|t:|1776107098\n|switch|p2a: Starmie|Starmie-Mega, L50|100/100\n|turn|6\n|inactive|NessunoCiao has 30 seconds left.\n|\n|t:|1776107124\n|switch|p1a: Politoed|Politoed, L50, M, shiny|66/100\n|-weather|RainDance|[from] ability: Drizzle|[of] p1a: Politoed\n|move|p1b: Basculegion|Last Respects|p2a: Starmie\n|-supereffective|p2a: Starmie|1\n|-damage|p2a: Starmie|8/100\n|move|p2a: Starmie|Skill Swap|p2b: Azumarill\n|-activate|p2a: Starmie|Skill Swap|||[of] p2b: Azumarill\n|move|p2b: Azumarill|Belly Drum|p2b: Azumarill\n|-damage|p2b: Azumarill|51/100\n|-setboost|p2b: Azumarill|atk|6|[from] move: Belly Drum\n|\n|-weather|RainDance|[upkeep]\n|-sideend|p2: kirbydirby22|Reflect\n|upkeep\n|turn|7\n|inactive|NessunoCiao has 30 seconds left.\n|inactive|kirbydirby22 has 30 seconds left.\n|inactive|kirbydirby22 has 20 seconds left.\n|\n|t:|1776107163\n|move|p1b: Basculegion|Protect|p1b: Basculegion\n|-singleturn|p1b: Basculegion|Protect\n|move|p2b: Azumarill|Aqua Jet|p1b: Basculegion\n|-activate|p1b: Basculegion|move: Protect\n|move|p2a: Starmie|Reflect|p2a: Starmie\n|-sidestart|p2: kirbydirby22|Reflect\n|move|p1a: Politoed|Perish Song|p1a: Politoed\n|-start|p1a: Politoed|perish3|[silent]\n|-start|p1b: Basculegion|perish3|[silent]\n|-start|p2a: Starmie|perish3|[silent]\n|-start|p2b: Azumarill|perish3|[silent]\n|-fieldactivate|move: Perish Song\n|\n|-weather|RainDance|[upkeep]\n|-start|p1b: Basculegion|perish3\n|-start|p2a: Starmie|perish3\n|-start|p1a: Politoed|perish3\n|-start|p2b: Azumarill|perish3\n|upkeep\n|turn|8\n|inactive|NessunoCiao has 30 seconds left.\n|inactive|NessunoCiao has 20 seconds left.\n|inactive|NessunoCiao has 15 seconds left.\n|\n|t:|1776107206\n|move|p1a: Politoed|Protect|p1a: Politoed\n|-singleturn|p1a: Politoed|Protect\n|move|p2b: Azumarill|Aqua Jet|p1b: Basculegion\n|-resisted|p1b: Basculegion|1\n|-damage|p1b: Basculegion|0 fnt\n|faint|p1b: Basculegion\n|move|p2a: Starmie|Zen Headbutt|p1a: Politoed\n|-activate|p1a: Politoed|move: Protect\n|\n|-weather|RainDance|[upkeep]\n|-start|p2a: Starmie|perish2\n|-start|p1a: Politoed|perish2\n|-start|p2b: Azumarill|perish2\n|upkeep\n|\n|t:|1776107218\n|switch|p1b: Incineroar|Incineroar, L50, F, shiny|100/100\n|-ability|p1b: Incineroar|Intimidate|boost\n|-unboost|p2a: Starmie|atk|1\n|-unboost|p2b: Azumarill|atk|1\n|turn|9\n|inactive|NessunoCiao has 30 seconds left.\n|inactive|NessunoCiao has 20 seconds left.\n|inactive|NessunoCiao has 15 seconds left.\n|inactive|NessunoCiao has 10 seconds left.\n|\n|t:|1776107277\n|move|p1b: Incineroar|Protect|p1b: Incineroar\n|-singleturn|p1b: Incineroar|Protect\n|move|p2b: Azumarill|Aqua Jet|p1b: Incineroar\n|-activate|p1b: Incineroar|move: Protect\n|move|p2a: Starmie|Zen Headbutt|p1a: Politoed\n|-damage|p1a: Politoed|40/100\n|-enditem|p1a: Politoed|Sitrus Berry|[eat]\n|-heal|p1a: Politoed|65/100|[from] item: Sitrus Berry\n|cant|p1a: Politoed|flinch\n|\n|-weather|RainDance|[upkeep]\n|-start|p2a: Starmie|perish1\n|-start|p1a: Politoed|perish1\n|-start|p2b: Azumarill|perish1\n|upkeep\n|turn|10\n|inactive|NessunoCiao has 30 seconds left.\n|inactive|NessunoCiao has 20 seconds left.\n|inactive|NessunoCiao has 15 seconds left.\n|inactive|NessunoCiao has 10 seconds left.\n|\n|t:|1776107323\n|move|p1b: Incineroar|Protect||[still]\n|-fail|p1b: Incineroar\n|move|p2b: Azumarill|Aqua Jet|p1b: Incineroar\n|-supereffective|p1b: Incineroar|1\n|-damage|p1b: Incineroar|0 fnt\n|faint|p1b: Incineroar\n|move|p2a: Starmie|Zen Headbutt|p1a: Politoed\n|-damage|p1a: Politoed|38/100\n|move|p1a: Politoed|Weather Ball|p2b: Azumarill\n|-resisted|p2b: Azumarill|1\n|-damage|p2b: Azumarill|27/100\n|-enditem|p2b: Azumarill|Sitrus Berry|[eat]\n|-heal|p2b: Azumarill|51/100|[from] item: Sitrus Berry\n|\n|-weather|none\n|-start|p2a: Starmie|perish0\n|-start|p1a: Politoed|perish0\n|-start|p2b: Azumarill|perish0\n|faint|p2a: Starmie\n|faint|p1a: Politoed\n|faint|p2b: Azumarill\n|\n|win|kirbydirby22\n|raw|NessunoCiao's rating: 1114 &rarr; <strong>1085</strong><br />(-29 for losing)\n|raw|kirbydirby22's rating: 1061 &rarr; <strong>1097</strong><br />(+36 for winning)\n",
  "uploadtime": 1776107342,
  "views": 26,
  "formatid": "gen9championsvgc2026regma",
  "rating": 1085,
  "private": 0,
  "password": null
}