{
  "id": "gen9championsvgc2026regma-2587640642",
  "format": "[Gen 9 Champions] VGC 2026 Reg M-A",
  "players": [
    "stoicone",
    "Plaweh"
  ],
  "log": "|j|\u2606stoicone\n|j|\u2606Plaweh\n|t:|1776549508\n|gametype|doubles\n|player|p1|stoicone|169|1095\n|player|p2|Plaweh|elesa|1158\n|gen|9\n|tier|[Gen 9 Champions] VGC 2026 Reg M-A\n|rated|\n|rule|Species Clause: Limit one of each Pok\u00e9mon\n|rule|Item Clause: Limit 1 of each item\n|clearpoke\n|poke|p1|Feraligatr, L50, F|\n|poke|p1|Aerodactyl, L50, M|\n|poke|p1|Raichu, L50, M|\n|poke|p1|Incineroar, L50, M|\n|poke|p1|Sinistcha, L50|\n|poke|p1|Orthworm, L50, F|\n|poke|p2|Scovillain, L50, M|\n|poke|p2|Incineroar, L50, F|\n|poke|p2|Farigiraf, L50, F|\n|poke|p2|Gallade, L50, M|\n|poke|p2|Kingambit, L50, F|\n|poke|p2|Pelipper, L50, F|\n|teampreview|4\n|inactive|Battle timer is ON: inactive players will automatically lose when time's up. (requested by Plaweh)\n|\n|t:|1776549541\n|teamsize|p1|4\n|teamsize|p2|4\n|start\n|switch|p1a: Incineroar|Incineroar, L50, M|100/100\n|switch|p1b: Sinistcha|Sinistcha, L50|100/100\n|switch|p2a: Farigiraf|Farigiraf, L50, F|100/100\n|switch|p2b: Incineroar|Incineroar, L50, F|100/100\n|-ability|p1a: Incineroar|Intimidate|boost\n|-unboost|p2a: Farigiraf|atk|1\n|-unboost|p2b: Incineroar|atk|1\n|-ability|p2b: Incineroar|Intimidate|boost\n|-unboost|p1a: Incineroar|atk|1\n|-unboost|p1b: Sinistcha|atk|1\n|-enditem|p2b: Incineroar|White Herb\n|-clearnegativeboost|p2b: Incineroar|[silent]\n|turn|1\n|inactive|stoicone has 30 seconds left.\n|\n|t:|1776549570\n|move|p2b: Incineroar|Fake Out|p1b: Sinistcha\n|-immune|p1b: Sinistcha\n|move|p1b: Sinistcha|Stun Spore|p2b: Incineroar|[miss]\n|-miss|p1b: Sinistcha|p2b: Incineroar\n|move|p1a: Incineroar|Darkest Lariat|p2a: Farigiraf\n|-supereffective|p2a: Farigiraf|1\n|-damage|p2a: Farigiraf|58/100\n|move|p2a: Farigiraf|Trick Room|p2a: Farigiraf\n|-fieldstart|move: Trick Room|[of] p2a: Farigiraf\n|\n|upkeep\n|turn|2\n|inactive|stoicone has 30 seconds left.\n|inactive|Plaweh has 30 seconds left.\n|\n|t:|1776549600\n|move|p2a: Farigiraf|Psychic|p1b: Sinistcha\n|-damage|p1b: Sinistcha|50/100\n|move|p2b: Incineroar|Close Combat|p1a: Incineroar\n|-supereffective|p1a: Incineroar|1\n|-damage|p1a: Incineroar|35/100\n|-unboost|p2b: Incineroar|def|1\n|-unboost|p2b: Incineroar|spd|1\n|move|p1a: Incineroar|Darkest Lariat|p2a: Farigiraf\n|-supereffective|p2a: Farigiraf|1\n|-damage|p2a: Farigiraf|13/100\n|-enditem|p2a: Farigiraf|Sitrus Berry|[eat]\n|-heal|p2a: Farigiraf|37/100|[from] item: Sitrus Berry\n|move|p1b: Sinistcha|Stun Spore|p2b: Incineroar\n|-status|p2b: Incineroar|par\n|\n|-heal|p1b: Sinistcha|56/100|[from] item: Leftovers\n|upkeep\n|turn|3\n|inactive|stoicone has 30 seconds left.\n|\n|t:|1776549631\n|move|p2b: Incineroar|Close Combat|p1a: Incineroar\n|-supereffective|p1a: Incineroar|1\n|-damage|p1a: Incineroar|0 fnt\n|-unboost|p2b: Incineroar|def|1\n|-unboost|p2b: Incineroar|spd|1\n|faint|p1a: Incineroar\n|move|p2a: Farigiraf|Psychic|p1b: Sinistcha\n|-damage|p1b: Sinistcha|11/100\n|-unboost|p1b: Sinistcha|spd|1\n|move|p1b: Sinistcha|Strength Sap|p2b: Incineroar\n|-unboost|p2b: Incineroar|atk|1\n|-heal|p1b: Sinistcha|100/100\n|\n|upkeep\n|\n|t:|1776549648\n|switch|p1a: Feraligatr|Feraligatr, L50, F|100/100\n|turn|4\n|inactive|stoicone has 30 seconds left.\n|\n|t:|1776549677\n|switch|p2b: Scovillain|Scovillain, L50, M|100/100\n|switch|p1b: Aerodactyl|Aerodactyl, L50, M|100/100\n|-ability|p1b: Aerodactyl|Unnerve\n|detailschange|p1a: Feraligatr|Feraligatr-Mega, L50, F\n|-mega|p1a: Feraligatr|Feraligatr|Feraligite\n|move|p2a: Farigiraf|Psychic|p1a: Feraligatr\n|-damage|p1a: Feraligatr|53/100\n|move|p1a: Feraligatr|Waterfall|p2b: Scovillain\n|-damage|p2b: Scovillain|41/100\n|\n|-ability|p2b: Scovillain|Moody|boost\n|-boost|p2b: Scovillain|spa|2\n|-unboost|p2b: Scovillain|def|1\n|upkeep\n|turn|5\n|inactive|stoicone has 30 seconds left.\n|inactive|Plaweh has 30 seconds left.\n|\n|t:|1776549710\n|detailschange|p2b: Scovillain|Scovillain-Mega, L50, M\n|-mega|p2b: Scovillain|Scovillain|Scovillainite\n|move|p1a: Feraligatr|Protect|p1a: Feraligatr\n|-singleturn|p1a: Feraligatr|Protect\n|move|p1b: Aerodactyl|Protect|p1b: Aerodactyl\n|-singleturn|p1b: Aerodactyl|Protect\n|move|p2a: Farigiraf|Hyper Voice|p1b: Aerodactyl|[spread] \n|-activate|p1a: Feraligatr|move: Protect\n|-activate|p1b: Aerodactyl|move: Protect\n|move|p2b: Scovillain|Leaf Storm|p1a: Feraligatr\n|-activate|p1a: Feraligatr|move: Protect\n|\n|-fieldend|move: Trick Room\n|upkeep\n|turn|6\n|\n|t:|1776549732\n|move|p2b: Scovillain|Rage Powder|p2b: Scovillain\n|-singleturn|p2b: Scovillain|move: Rage Powder\n|move|p1b: Aerodactyl|Tailwind|p1b: Aerodactyl\n|-sidestart|p1: stoicone|move: Tailwind\n|move|p1a: Feraligatr|Waterfall|p2b: Scovillain\n|-damage|p2b: Scovillain|0 fnt\n|-status|p1a: Feraligatr|brn|[from] ability: Spicy Spray|[of] p2b: Scovillain\n|faint|p2b: Scovillain\n|move|p2a: Farigiraf|Trick Room|p2a: Farigiraf\n|-fieldstart|move: Trick Room|[of] p2a: Farigiraf\n|\n|-damage|p1a: Feraligatr|47/100 brn|[from] brn\n|upkeep\n|inactive|Plaweh has 30 seconds left.\n|\n|t:|1776549758\n|switch|p2b: Gallade|Gallade, L50, M|100/100\n|turn|7\n|\n|t:|1776549778\n|move|p2a: Farigiraf|Hyper Voice|p1b: Aerodactyl|[spread] p1a,p1b\n|-resisted|p1b: Aerodactyl|1\n|-damage|p1a: Feraligatr|7/100 brn\n|-damage|p1b: Aerodactyl|77/100\n|move|p2b: Gallade|Psycho Cut|p1b: Aerodactyl\n|-damage|p1b: Aerodactyl|0 fnt\n|faint|p1b: Aerodactyl\n|move|p1a: Feraligatr|Double-Edge|p2a: Farigiraf\n|-damage|p2a: Farigiraf|0 fnt\n|faint|p2a: Farigiraf\n|-damage|p1a: Feraligatr|0 fnt|[from] Recoil\n|faint|p1a: Feraligatr\n|\n|upkeep\n|\n|t:|1776549797\n|switch|p2a: Incineroar|Incineroar, L50, F|100/100 par\n|switch|p1a: Sinistcha|Sinistcha, L50|100/100\n|-ability|p2a: Incineroar|Intimidate|boost\n|-unboost|p1a: Sinistcha|atk|1\n|turn|8\n|-message|stoicone forfeited.\n|\n|win|Plaweh\n|raw|stoicone's rating: 1095 &rarr; <strong>1075</strong><br />(-20 for losing)\n|raw|Plaweh's rating: 1158 &rarr; <strong>1179</strong><br />(+21 for winning)\n|l|\u2606stoicone\n|player|p1|\n",
  "uploadtime": 1776549810,
  "views": 12,
  "formatid": "gen9championsvgc2026regma",
  "rating": 1075,
  "private": 0,
  "password": null
}