{
  "id": "gen9championsvgc2026regma-2586840743",
  "format": "[Gen 9 Champions] VGC 2026 Reg M-A",
  "players": [
    "BobothytheIII",
    "RBG_LOL"
  ],
  "log": "|j|\u2606BobothytheIII\n|j|\u2606RBG_LOL\n|t:|1776464364\n|gametype|doubles\n|player|p1|BobothytheIII|youngster-gen4dp|1013\n|player|p2|RBG_LOL|ghetsis-gen5bw|1087\n|gen|9\n|tier|[Gen 9 Champions] VGC 2026 Reg M-A\n|rated|\n|rule|Species Clause: Limit one of each Pok\u00e9mon\n|rule|Item Clause: Limit 1 of each item\n|clearpoke\n|poke|p1|Sableye, L50, M|\n|poke|p1|Gengar, L50, M|\n|poke|p1|Arcanine-Hisui, L50, M|\n|poke|p1|Flapple, L50, M|\n|poke|p1|Maushold-Four, L50|\n|poke|p1|Dragonite, L50, F|\n|poke|p2|Garchomp, L50, M|\n|poke|p2|Froslass, L50, F|\n|poke|p2|Sneasler, L50, M|\n|poke|p2|Kingambit, L50, M|\n|poke|p2|Talonflame, L50, M|\n|poke|p2|Milotic, L50, F|\n|teampreview|4\nBobothytheIII rejected open team sheets.\n|\n|t:|1776464407\n|teamsize|p1|4\n|teamsize|p2|4\n|start\n|switch|p1a: Sableye|Sableye, L50, M|100/100\n|switch|p1b: Gengar|Gengar, L50, M|100/100\n|switch|p2a: Kingambit|Kingambit, L50, M|100/100\n|switch|p2b: Sneasler|Sneasler, L50, M|100/100\n|turn|1\n|\n|t:|1776464422\n|move|p2b: Sneasler|Protect|p2b: Sneasler\n|-singleturn|p2b: Sneasler|Protect\n|move|p1a: Sableye|Gravity|p1a: Sableye\n|-fieldstart|move: Gravity\n|move|p1b: Gengar|Hypnosis|p2a: Kingambit\n|-status|p2a: Kingambit|slp|[from] move: Hypnosis\n|cant|p2a: Kingambit|slp\n|\n|upkeep\n|turn|2\n|\n|t:|1776464446\n|switch|p1b: Maushold|Maushold-Four, L50|100/100\n|move|p1a: Sableye|Will-O-Wisp|p2b: Sneasler\n|-status|p2b: Sneasler|brn\n|move|p2b: Sneasler|Dire Claw|p1a: Sableye\n|-resisted|p1a: Sableye|1\n|-crit|p1a: Sableye\n|-damage|p1a: Sableye|77/100\n|cant|p2a: Kingambit|slp\n|\n|-damage|p2b: Sneasler|95/100 brn|[from] brn\n|upkeep\n|turn|3\n|\n|t:|1776464463\n|move|p1a: Sableye|Quash|p2b: Sneasler\n|-activate|p2b: Sneasler|move: Quash\n|move|p1b: Maushold|Tidy Up|p1b: Maushold\n|-boost|p1b: Maushold|atk|1\n|-boost|p1b: Maushold|spe|1\n|-curestatus|p2a: Kingambit|slp|[msg]\n|move|p2a: Kingambit|Kowtow Cleave|p1a: Sableye\n|-damage|p1a: Sableye|0 fnt\n|faint|p1a: Sableye\n|move|p2b: Sneasler|Close Combat|p1b: Maushold\n|-supereffective|p1b: Maushold|1\n|-damage|p1b: Maushold|8/100\n|-unboost|p2b: Sneasler|def|1\n|-unboost|p2b: Sneasler|spd|1\n|-enditem|p2b: Sneasler|White Herb\n|-clearnegativeboost|p2b: Sneasler|[silent]\n|\n|-damage|p2b: Sneasler|89/100 brn|[from] brn\n|upkeep\n|\n|t:|1776464484\n|switch|p1a: Gengar|Gengar, L50, M|100/100\n|turn|4\n|\n|t:|1776464498\n|switch|p2b: Talonflame|Talonflame, L50, M, shiny|100/100\n|move|p1b: Maushold|Protect|p1b: Maushold\n|-singleturn|p1b: Maushold|Protect\n|move|p2a: Kingambit|Protect|p2a: Kingambit\n|-singleturn|p2a: Kingambit|Protect\n|move|p1a: Gengar|Hypnosis|p2a: Kingambit\n|-activate|p2a: Kingambit|move: Protect\n|\n|upkeep\n|turn|5\n|\n|t:|1776464521\n|switch|p2a: Sneasler|Sneasler, L50, M|89/100 brn\n|move|p1b: Maushold|Population Bomb|p2b: Talonflame\n|-damage|p2b: Talonflame|74/100\n|-damage|p2b: Talonflame|50/100\n|-damage|p2b: Talonflame|24/100\n|-damage|p2b: Talonflame|0 fnt\n|-status|p1b: Maushold|brn|[from] ability: Flame Body|[of] p2b: Talonflame\n|faint|p2b: Talonflame\n|-hitcount|p2: Talonflame|4\n|move|p1a: Gengar|Hypnosis||[still]\n|-fail|p1a: Gengar\n|\n|-damage|p1b: Maushold|2/100 brn|[from] brn\n|-damage|p2a: Sneasler|83/100 brn|[from] brn\n|-fieldend|move: Gravity\n|upkeep\n|\n|t:|1776464531\n|switch|p2b: Froslass|Froslass, L50, F|100/100\n|turn|6\n|\n|t:|1776464551\n|switch|p1b: Arcanine|Arcanine-Hisui, L50, M|100/100\n|detailschange|p2b: Froslass|Froslass-Mega, L50, F\n|-mega|p2b: Froslass|Froslass|Froslassite\n|-weather|Snowscape|[from] ability: Snow Warning|[of] p2b: Froslass\n|move|p2b: Froslass|Protect|p2b: Froslass\n|-singleturn|p2b: Froslass|Protect\n|move|p2a: Sneasler|Dire Claw|p1a: Gengar\n|-resisted|p1a: Gengar|2\n|-damage|p1a: Gengar|91/100\n|move|p1a: Gengar|Hex|p2a: Sneasler\n|-damage|p2a: Sneasler|0 fnt\n|faint|p2a: Sneasler\n|\n|-weather|Snowscape|[upkeep]\n|upkeep\n|\n|t:|1776464565\n|switch|p2a: Kingambit|Kingambit, L50, M|100/100\n|turn|7\n|\n|t:|1776464583\n|move|p1a: Gengar|Protect|p1a: Gengar\n|-singleturn|p1a: Gengar|Protect\n|move|p2a: Kingambit|Protect|p2a: Kingambit\n|-singleturn|p2a: Kingambit|Protect\n|move|p1b: Arcanine|Flare Blitz|p2a: Kingambit\n|-activate|p2a: Kingambit|move: Protect\n|move|p2b: Froslass|Shadow Ball|p1b: Arcanine\n|-damage|p1b: Arcanine|37/100\n|-unboost|p1b: Arcanine|spd|1\n|\n|-weather|Snowscape|[upkeep]\n|upkeep\n|turn|8\n|\n|t:|1776464600\n|move|p2a: Kingambit|Sucker Punch|p1b: Arcanine\n|-damage|p1b: Arcanine|0 fnt\n|faint|p1b: Arcanine\n|move|p1a: Gengar|Hex|p2b: Froslass\n|-supereffective|p2b: Froslass|1\n|-damage|p2b: Froslass|12/100\n|move|p2b: Froslass|Shadow Ball|p1a: Gengar\n|-supereffective|p1a: Gengar|1\n|-damage|p1a: Gengar|0 fnt\n|faint|p1a: Gengar\n|\n|-weather|Snowscape|[upkeep]\n|upkeep\n|\n|t:|1776464614\n|switch|p1a: Maushold|Maushold-Four, L50|2/100 brn\n|turn|9\n|\n|t:|1776464621\n|move|p1a: Maushold|Protect|p1a: Maushold\n|-singleturn|p1a: Maushold|Protect\n|move|p2b: Froslass|Protect|p2b: Froslass\n|-singleturn|p2b: Froslass|Protect\n|move|p2a: Kingambit|Sucker Punch||[still]\n|-fail|p2a: Kingambit\n|\n|-weather|Snowscape|[upkeep]\n|-damage|p1a: Maushold|0 fnt|[from] brn\n|faint|p1a: Maushold\n|\n|win|RBG_LOL\n|raw|BobothytheIII's rating: 1013 &rarr; <strong>1004</strong><br />(-9 for losing)\n|raw|RBG_LOL's rating: 1087 &rarr; <strong>1108</strong><br />(+21 for winning)\n",
  "uploadtime": 1776464627,
  "views": 21,
  "formatid": "gen9championsvgc2026regma",
  "rating": 1004,
  "private": 0,
  "password": null
}