{
  "id": "gen9championsvgc2026regma-2581995167",
  "format": "[Gen 9 Champions] VGC 2026 Reg M-A",
  "players": [
    "Russo150",
    "tindall65"
  ],
  "log": "|j|\u2606Russo150\n|j|\u2606tindall65\n|t:|1776046622\n|gametype|doubles\n|player|p1|Russo150|unknown|1081\n|player|p2|tindall65|ranmaru-conquest|1105\n|gen|9\n|tier|[Gen 9 Champions] VGC 2026 Reg M-A\n|rated|\n|rule|Species Clause: Limit one of each Pok\u00e9mon\n|rule|Item Clause: Limit 1 of each item\n|clearpoke\n|poke|p1|Incineroar, L50, F|\n|poke|p1|Dragapult, L50, M|\n|poke|p1|Whimsicott, L50, M|\n|poke|p1|Floette-Eternal, L50, F|\n|poke|p1|Sneasler, L50, M|\n|poke|p1|Hawlucha, L50, F|\n|poke|p2|Alcremie, L50, F|\n|poke|p2|Garchomp, L50, M|\n|poke|p2|Delphox, L50, F|\n|poke|p2|Rotom-Wash, L50|\n|poke|p2|Farigiraf, L50, F|\n|poke|p2|Talonflame, L50, M|\n|teampreview|4\n|inactive|Battle timer is ON: inactive players will automatically lose when time's up. (requested by Russo150)\n|\n|t:|1776046665\n|teamsize|p1|4\n|teamsize|p2|4\n|start\n|switch|p1a: Incineroar|Incineroar, L50, F, shiny|100/100\n|switch|p1b: Whimsicott|Whimsicott, L50, M|100/100\n|switch|p2a: Talonflame|Talonflame, L50, M|100/100\n|switch|p2b: Garchomp|Garchomp, L50, M|100/100\n|-ability|p1a: Incineroar|Intimidate|boost\n|-unboost|p2a: Talonflame|atk|1\n|-unboost|p2b: Garchomp|atk|1\n|turn|1\n|\n|t:|1776046689\n|switch|p2b: Farigiraf|Farigiraf, L50, F|100/100\n|move|p1a: Incineroar|Fake Out||[still]\n|cant|p2b: Farigiraf|ability: Armor Tail|Fake Out|[of] p1a: Incineroar\n|move|p1b: Whimsicott|Taunt||[still]\n|cant|p2b: Farigiraf|ability: Armor Tail|Taunt|[of] p1b: Whimsicott\n|move|p2a: Talonflame|Tailwind|p2a: Talonflame\n|-sidestart|p2: tindall65|move: Tailwind\n|\n|upkeep\n|turn|2\n|inactive|tindall65 has 30 seconds left.\n|\n|t:|1776046715\n|move|p1b: Whimsicott|Tailwind|p1b: Whimsicott\n|-sidestart|p1: Russo150|move: Tailwind\n|move|p2a: Talonflame|Dual Wingbeat|p1b: Whimsicott\n|-supereffective|p1b: Whimsicott|1\n|-damage|p1b: Whimsicott|69/100\n|-supereffective|p1b: Whimsicott|1\n|-damage|p1b: Whimsicott|38/100\n|-hitcount|p1b: Whimsicott|2\n|move|p2b: Farigiraf|Hyper Voice|p1b: Whimsicott|[spread] p1a,p1b\n|-damage|p1a: Incineroar|72/100\n|-damage|p1b: Whimsicott|0 fnt\n|faint|p1b: Whimsicott\n|move|p1a: Incineroar|Darkest Lariat|p2b: Farigiraf\n|-supereffective|p2b: Farigiraf|1\n|-enditem|p2b: Farigiraf|Colbur Berry|[eat]\n|-enditem|p2b: Farigiraf|Colbur Berry|[weaken]\n|-damage|p2b: Farigiraf|70/100\n|\n|upkeep\n|\n|t:|1776046734\n|switch|p1b: Floette|Floette-Eternal, L50, F, shiny|100/100\n|turn|3\n|inactive|tindall65 has 30 seconds left.\n|\n|t:|1776046767\n|detailschange|p1b: Floette|Floette-Mega, L50, F, shiny\n|-mega|p1b: Floette|Floette|Floettite\n|-ability|p1b: Floette|Fairy Aura\n|move|p2a: Talonflame|Protect|p2a: Talonflame\n|-singleturn|p2a: Talonflame|Protect\n|move|p1b: Floette|Calm Mind|p1b: Floette\n|-boost|p1b: Floette|spa|1\n|-boost|p1b: Floette|spd|1\n|move|p2b: Farigiraf|Hyper Voice|p1a: Incineroar|[spread] p1a,p1b\n|-damage|p1a: Incineroar|45/100\n|-damage|p1b: Floette|84/100\n|-enditem|p1a: Incineroar|Sitrus Berry|[eat]\n|-heal|p1a: Incineroar|70/100|[from] item: Sitrus Berry\n|move|p1a: Incineroar|Darkest Lariat|p2b: Farigiraf\n|-supereffective|p2b: Farigiraf|1\n|-damage|p2b: Farigiraf|6/100\n|\n|upkeep\n|turn|4\n|inactive|tindall65 has 30 seconds left.\n|\n|t:|1776046797\n|switch|p2a: Delphox|Delphox, L50, F|100/100\n|move|p1b: Floette|Protect|p1b: Floette\n|-singleturn|p1b: Floette|Protect\n|move|p2b: Farigiraf|Hyper Voice|p1a: Incineroar|[spread] p1a\n|-activate|p1b: Floette|move: Protect\n|-damage|p1a: Incineroar|44/100\n|move|p1a: Incineroar|Darkest Lariat|p2b: Farigiraf\n|-supereffective|p2b: Farigiraf|1\n|-damage|p2b: Farigiraf|0 fnt\n|faint|p2b: Farigiraf\n|\n|-sideend|p2: tindall65|move: Tailwind\n|upkeep\n|\n|t:|1776046805\n|switch|p2b: Garchomp|Garchomp, L50, M|100/100\n|turn|5\n|\n|t:|1776046819\n|move|p1a: Incineroar|Helping Hand|p1b: Floette\n|-singleturn|p1b: Floette|Helping Hand|[of] p1a: Incineroar\n|move|p2b: Garchomp|Protect|p2b: Garchomp\n|-singleturn|p2b: Garchomp|Protect\n|move|p2a: Delphox|Protect|p2a: Delphox\n|-singleturn|p2a: Delphox|Protect\n|move|p1b: Floette|Dazzling Gleam|p2b: Garchomp|[spread] \n|-activate|p2a: Delphox|move: Protect\n|-activate|p2b: Garchomp|move: Protect\n|\n|-sideend|p1: Russo150|move: Tailwind\n|upkeep\n|turn|6\n|inactive|tindall65 has 30 seconds left.\n|\n|t:|1776046850\n|detailschange|p2a: Delphox|Delphox-Mega, L50, F\n|-mega|p2a: Delphox|Delphox|Delphoxite\n|move|p1a: Incineroar|Helping Hand|p1b: Floette\n|-singleturn|p1b: Floette|Helping Hand|[of] p1a: Incineroar\n|move|p2a: Delphox|Psychic|p1b: Floette\n|-damage|p1b: Floette|51/100\n|move|p2b: Garchomp|Earthquake|p1a: Incineroar|[spread] p1a,p1b\n|-immune|p2a: Delphox|[from] ability: Levitate\n|-supereffective|p1a: Incineroar|1\n|-crit|p1b: Floette\n|-damage|p1a: Incineroar|0 fnt\n|-damage|p1b: Floette|0 fnt\n|faint|p1a: Incineroar\n|faint|p1b: Floette\n|\n|upkeep\n|-message|Russo150 forfeited.\n|\n|win|tindall65\n|raw|Russo150's rating: 1081 &rarr; <strong>1060</strong><br />(-21 for losing)\n|raw|tindall65's rating: 1105 &rarr; <strong>1128</strong><br />(+23 for winning)\n|l|\u2606Russo150\n|player|p1|\n",
  "uploadtime": 1776046865,
  "views": 17,
  "formatid": "gen9championsvgc2026regma",
  "rating": 1060,
  "private": 0,
  "password": null
}