{
  "id": "gen9championsvgc2026regma-2581932114",
  "format": "[Gen 9 Champions] VGC 2026 Reg M-A",
  "players": [
    "mimiquiu01",
    "Gloryrush"
  ],
  "log": "|j|\u2606mimiquiu01\n|j|\u2606Gloryrush\n|t:|1776040905\n|gametype|doubles\n|player|p1|mimiquiu01|102|1200\n|player|p2|Gloryrush|169|1286\n|gen|9\n|tier|[Gen 9 Champions] VGC 2026 Reg M-A\n|rated|\n|rule|Species Clause: Limit one of each Pok\u00e9mon\n|rule|Item Clause: Limit 1 of each item\n|clearpoke\n|poke|p1|Garchomp, L50, M|\n|poke|p1|Froslass, L50, F|\n|poke|p1|Sinistcha, L50|\n|poke|p1|Pelipper, L50, M|\n|poke|p1|Primarina, L50, M|\n|poke|p1|Incineroar, L50, F|\n|poke|p2|Froslass, L50, F|\n|poke|p2|Aggron, L50, F|\n|poke|p2|Sneasler, L50, F|\n|poke|p2|Tyranitar, L50, M|\n|poke|p2|Milotic, L50, F|\n|poke|p2|Kommo-o, L50, F|\n|teampreview|4\n|\n|t:|1776040959\n|teamsize|p1|4\n|teamsize|p2|4\n|start\n|switch|p1a: Primarina|Primarina, L50, M|100/100\n|switch|p1b: Froslass|Froslass, L50, F|100/100\n|switch|p2a: Kommo-o|Kommo-o, L50, F|100/100\n|switch|p2b: Milotic|Milotic, L50, F|100/100\n|turn|1\n|\n|t:|1776040974\n|move|p1b: Froslass|Protect|p1b: Froslass\n|-singleturn|p1b: Froslass|Protect\n|move|p2a: Kommo-o|Flamethrower|p1b: Froslass\n|-activate|p1b: Froslass|move: Protect\n|move|p2b: Milotic|Scald|p1b: Froslass\n|-activate|p1b: Froslass|move: Protect\n|move|p1a: Primarina|Moonblast|p2a: Kommo-o\n|-supereffective|p2a: Kommo-o|2\n|-damage|p2a: Kommo-o|0 fnt\n|faint|p2a: Kommo-o\n|\n|upkeep\n|c|\u2606Gloryrush|Oh I forgot it was fairy lol\n|\n|t:|1776040991\n|switch|p2a: Aggron|Aggron, L50, F|100/100\n|turn|2\n|\n|t:|1776041010\n|switch|p1b: Pelipper|Pelipper, L50, M|100/100\n|-weather|RainDance|[from] ability: Drizzle|[of] p1b: Pelipper\n|detailschange|p2a: Aggron|Aggron-Mega, L50, F\n|-mega|p2a: Aggron|Aggron|Aggronite\n|move|p2b: Milotic|Scald|p1b: Pelipper\n|-resisted|p1b: Pelipper|1\n|-damage|p1b: Pelipper|68/100\n|move|p1a: Primarina|Hyper Voice|p2a: Aggron|[spread] p2a,p2b\n|-resisted|p2b: Milotic|1\n|-damage|p2a: Aggron|53/100\n|-damage|p2b: Milotic|78/100\n|move|p2a: Aggron|Heavy Slam|p1a: Primarina\n|-damage|p1a: Primarina|34/100\n|\n|-weather|RainDance|[upkeep]\n|-heal|p2b: Milotic|84/100|[from] item: Leftovers\n|-heal|p1a: Primarina|40/100|[from] item: Leftovers\n|upkeep\n|turn|3\n|\n|t:|1776041044\n|switch|p2b: Tyranitar|Tyranitar, L50, M|100/100\n|-weather|Sandstorm|[from] ability: Sand Stream|[of] p2b: Tyranitar\n|move|p1b: Pelipper|Hurricane|p2b: Tyranitar\n|-resisted|p2b: Tyranitar|1\n|-damage|p2b: Tyranitar|89/100\n|move|p1a: Primarina|Hyper Voice|p2a: Aggron|[spread] p2a,p2b\n|-supereffective|p2b: Tyranitar|1\n|-damage|p2a: Aggron|19/100\n|-damage|p2b: Tyranitar|44/100\n|move|p2a: Aggron|Thunder Punch|p1a: Primarina\n|-supereffective|p1a: Primarina|1\n|-damage|p1a: Primarina|0 fnt\n|faint|p1a: Primarina\n|\n|-weather|Sandstorm|[upkeep]\n|-damage|p1b: Pelipper|62/100|[from] Sandstorm\n|upkeep\n|\n|t:|1776041058\n|switch|p1a: Froslass|Froslass, L50, F|100/100\n|turn|4\n|\n|t:|1776041069\n|detailschange|p1a: Froslass|Froslass-Mega, L50, F\n|-mega|p1a: Froslass|Froslass|Froslassite\n|-weather|Snowscape|[from] ability: Snow Warning|[of] p1a: Froslass\n|move|p1a: Froslass|Blizzard|p2a: Aggron|[spread] p2a,p2b\n|-resisted|p2a: Aggron|1\n|-damage|p2a: Aggron|0 fnt\n|-damage|p2b: Tyranitar|5/100\n|faint|p2a: Aggron\n|move|p1b: Pelipper|Weather Ball|p2b: Tyranitar\n|-damage|p2b: Tyranitar|0 fnt\n|faint|p2b: Tyranitar\n|\n|-weather|Snowscape|[upkeep]\n|upkeep\n|\n|t:|1776041078\n|switch|p2b: Milotic|Milotic, L50, F|84/100\n|turn|5\n|\n|t:|1776041092\n|switch|p1b: Incineroar|Incineroar, L50, F|100/100\n|-ability|p1b: Incineroar|Intimidate|boost\n|-unboost|p2b: Milotic|atk|1\n|-ability|p2b: Milotic|Competitive|boost\n|-boost|p2b: Milotic|spa|2\n|move|p1a: Froslass|Protect|p1a: Froslass\n|-singleturn|p1a: Froslass|Protect\n|move|p2b: Milotic|Scald|p1a: Froslass\n|-activate|p1a: Froslass|move: Protect\n|\n|-weather|Snowscape|[upkeep]\n|-heal|p2b: Milotic|90/100|[from] item: Leftovers\n|upkeep\n|turn|6\n|\n|t:|1776041107\n|move|p2b: Milotic|Protect|p2b: Milotic\n|-singleturn|p2b: Milotic|Protect\n|move|p1b: Incineroar|Fake Out|p2b: Milotic\n|-activate|p2b: Milotic|move: Protect\n|move|p1a: Froslass|Aurora Veil|p1a: Froslass\n|-sidestart|p1: mimiquiu01|move: Aurora Veil\n|\n|-weather|Snowscape|[upkeep]\n|-heal|p2b: Milotic|96/100|[from] item: Leftovers\n|upkeep\n|turn|7\n|\n|t:|1776041120\n|move|p1a: Froslass|Shadow Ball|p2b: Milotic\n|-damage|p2b: Milotic|62/100\n|move|p2b: Milotic|Recover|p2b: Milotic\n|-heal|p2b: Milotic|100/100\n|move|p1b: Incineroar|Darkest Lariat|p2b: Milotic\n|-damage|p2b: Milotic|71/100\n|\n|-weather|Snowscape|[upkeep]\n|-heal|p2b: Milotic|77/100|[from] item: Leftovers\n|upkeep\n|turn|8\n|\n|t:|1776041139\n|move|p2b: Milotic|Protect|p2b: Milotic\n|-singleturn|p2b: Milotic|Protect\n|move|p1a: Froslass|Shadow Ball|p2b: Milotic\n|-activate|p2b: Milotic|move: Protect\n|move|p1b: Incineroar|Darkest Lariat|p2b: Milotic\n|-activate|p2b: Milotic|move: Protect\n|\n|-weather|none\n|-heal|p2b: Milotic|83/100|[from] item: Leftovers\n|upkeep\n|turn|9\n|\n|t:|1776041167\n|switch|p1b: Pelipper|Pelipper, L50, M|62/100\n|-weather|RainDance|[from] ability: Drizzle|[of] p1b: Pelipper\n|move|p1a: Froslass|Shadow Ball|p2b: Milotic\n|-damage|p2b: Milotic|48/100\n|move|p2b: Milotic|Scald|p1a: Froslass\n|-damage|p1a: Froslass|28/100\n|\n|-weather|RainDance|[upkeep]\n|-heal|p2b: Milotic|54/100|[from] item: Leftovers\n|upkeep\n|turn|10\n|\n|t:|1776041185\n|move|p2b: Milotic|Protect|p2b: Milotic\n|-singleturn|p2b: Milotic|Protect\n|move|p1a: Froslass|Shadow Ball|p2b: Milotic\n|-activate|p2b: Milotic|move: Protect\n|move|p1b: Pelipper|Hurricane|p2b: Milotic\n|-activate|p2b: Milotic|move: Protect\n|\n|-weather|RainDance|[upkeep]\n|-heal|p2b: Milotic|60/100|[from] item: Leftovers\n|-sideend|p1: mimiquiu01|move: Aurora Veil\n|upkeep\n|turn|11\n|\n|t:|1776041201\n|move|p1b: Pelipper|Protect|p1b: Pelipper\n|-singleturn|p1b: Pelipper|Protect\n|move|p1a: Froslass|Shadow Ball|p2b: Milotic\n|-damage|p2b: Milotic|29/100\n|move|p2b: Milotic|Recover|p2b: Milotic\n|-heal|p2b: Milotic|79/100\n|\n|-weather|RainDance|[upkeep]\n|-heal|p2b: Milotic|85/100|[from] item: Leftovers\n|upkeep\n|turn|12\n|\n|t:|1776041218\n|move|p1a: Froslass|Shadow Ball|p2b: Milotic\n|-damage|p2b: Milotic|50/100\n|move|p2b: Milotic|Scald|p1a: Froslass\n|-damage|p1a: Froslass|0 fnt\n|faint|p1a: Froslass\n|move|p1b: Pelipper|Hurricane|p2b: Milotic\n|-damage|p2b: Milotic|24/100\n|\n|-weather|RainDance|[upkeep]\n|-heal|p2b: Milotic|30/100|[from] item: Leftovers\n|upkeep\n|\n|t:|1776041227\n|switch|p1a: Incineroar|Incineroar, L50, F|100/100\n|-ability|p1a: Incineroar|Intimidate|boost\n|-unboost|p2b: Milotic|atk|1\n|-ability|p2b: Milotic|Competitive|boost\n|-boost|p2b: Milotic|spa|2\n|turn|13\n|\n|t:|1776041233\n|move|p2b: Milotic|Protect|p2b: Milotic\n|-singleturn|p2b: Milotic|Protect\n|move|p1a: Incineroar|Fake Out|p2b: Milotic\n|-activate|p2b: Milotic|move: Protect\n|move|p1b: Pelipper|Hurricane|p2b: Milotic\n|-activate|p2b: Milotic|move: Protect\n|\n|-weather|none\n|-heal|p2b: Milotic|36/100|[from] item: Leftovers\n|upkeep\n|turn|14\n|\n|t:|1776041244\n|move|p2b: Milotic|Recover|p2b: Milotic\n|-heal|p2b: Milotic|86/100\n|move|p1b: Pelipper|Hurricane|p2b: Milotic\n|-damage|p2b: Milotic|61/100\n|move|p1a: Incineroar|Darkest Lariat|p2b: Milotic\n|-damage|p2b: Milotic|34/100\n|\n|-heal|p2b: Milotic|40/100|[from] item: Leftovers\n|upkeep\n|turn|15\n|\n|t:|1776041261\n|move|p2b: Milotic|Recover|p2b: Milotic\n|-heal|p2b: Milotic|90/100\n|move|p1b: Pelipper|Hurricane|p2b: Milotic\n|-damage|p2b: Milotic|63/100\n|move|p1a: Incineroar|Darkest Lariat|p2b: Milotic\n|-damage|p2b: Milotic|35/100\n|\n|-heal|p2b: Milotic|41/100|[from] item: Leftovers\n|upkeep\n|turn|16\n|\n|t:|1776041276\n|move|p2b: Milotic|Scald|p1a: Incineroar\n|-supereffective|p1a: Incineroar|1\n|-damage|p1a: Incineroar|0 fnt\n|faint|p1a: Incineroar\n|move|p1b: Pelipper|Hurricane|p2b: Milotic\n|-damage|p2b: Milotic|15/100\n|\n|-heal|p2b: Milotic|21/100|[from] item: Leftovers\n|upkeep\n|turn|17\n|\n|t:|1776041320\n|move|p2b: Milotic|Protect|p2b: Milotic\n|-singleturn|p2b: Milotic|Protect\n|move|p1b: Pelipper|Hurricane|p2b: Milotic\n|-activate|p2b: Milotic|move: Protect\n|\n|-heal|p2b: Milotic|27/100|[from] item: Leftovers\n|upkeep\n|turn|18\n|\n|t:|1776041327\n|move|p2b: Milotic|Recover|p2b: Milotic\n|-heal|p2b: Milotic|77/100\n|move|p1b: Pelipper|Hurricane|p2b: Milotic\n|-damage|p2b: Milotic|48/100\n|-start|p2b: Milotic|confusion\n|\n|-heal|p2b: Milotic|54/100|[from] item: Leftovers\n|upkeep\n|turn|19\n|\n|t:|1776041338\n|-activate|p2b: Milotic|confusion\n|move|p2b: Milotic|Recover|p2b: Milotic\n|-heal|p2b: Milotic|100/100\n|move|p1b: Pelipper|Hurricane|p2b: Milotic|[miss]\n|-miss|p1b: Pelipper|p2b: Milotic\n|\n|upkeep\n|turn|20\n|-message|mimiquiu01 forfeited.\n|\n|win|Gloryrush\n|raw|mimiquiu01's rating: 1200 &rarr; <strong>1181</strong><br />(-19 for losing)\n|raw|Gloryrush's rating: 1286 &rarr; <strong>1305</strong><br />(+19 for winning)\n|l|\u2606mimiquiu01\n|player|p1|\n",
  "uploadtime": 1776041352,
  "views": 22,
  "formatid": "gen9championsvgc2026regma",
  "rating": 1181,
  "private": 0,
  "password": null
}