{
  "id": "gen9championsvgc2026regma-2583644673",
  "format": "[Gen 9 Champions] VGC 2026 Reg M-A",
  "players": [
    "Kimiwombat",
    "hmdive"
  ],
  "log": "|j|\u2606Kimiwombat\n|j|\u2606hmdive\n|t:|1776188435\n|gametype|doubles\n|player|p1|Kimiwombat|101|1176\n|player|p2|hmdive|1|1106\n|gen|9\n|tier|[Gen 9 Champions] VGC 2026 Reg M-A\n|rated|\n|rule|Species Clause: Limit one of each Pok\u00e9mon\n|rule|Item Clause: Limit 1 of each item\n|clearpoke\n|poke|p1|Glimmora, L50, F|\n|poke|p1|Whimsicott, L50, M|\n|poke|p1|Garchomp, L50, M|\n|poke|p1|Rotom-Wash, L50|\n|poke|p1|Incineroar, L50, M|\n|poke|p1|Corviknight, L50, F|\n|poke|p2|Delphox, L50, F|\n|poke|p2|Farigiraf, L50, F|\n|poke|p2|Drampa, L50, M|\n|poke|p2|Sinistcha, L50|\n|poke|p2|Primarina, L50, M|\n|poke|p2|Incineroar, L50, M|\n|teampreview|4\n|inactive|Battle timer is ON: inactive players will automatically lose when time's up. (requested by hmdive)\n|l|\u2606hmdive\n|inactive|hmdive disconnected and has a minute to reconnect!\n|player|p2|\n|inactive|Kimiwombat has 60 seconds left.\n|\n|t:|1776188478\n|teamsize|p1|4\n|teamsize|p2|4\n|start\n|switch|p1a: Incineroar|Incineroar, L50, M|100/100\n|switch|p1b: Rotom|Rotom-Wash, L50|100/100\n|switch|p2a: Incineroar|Incineroar, L50, M|100/100\n|switch|p2b: Farigiraf|Farigiraf, L50, F, shiny|100/100\n|-ability|p2a: Incineroar|Intimidate|boost\n|-unboost|p1a: Incineroar|atk|1\n|-unboost|p1b: Rotom|atk|1\n|-ability|p1a: Incineroar|Intimidate|boost\n|-unboost|p2a: Incineroar|atk|1\n|-unboost|p2b: Farigiraf|atk|1\n|-enditem|p2a: Incineroar|White Herb\n|-clearnegativeboost|p2a: Incineroar|[silent]\n|turn|1\n|j|\u2606hmdive\n|inactive|hmdive reconnected and has 50 seconds left.\n|player|p2|hmdive|1|\n|\n|t:|1776188495\n|move|p1b: Rotom|Helping Hand|p1a: Incineroar\n|-singleturn|p1a: Incineroar|Helping Hand|[of] p1b: Rotom\n|move|p2a: Incineroar|Fake Out|p1a: Incineroar\n|-damage|p1a: Incineroar|89/100\n|cant|p1a: Incineroar|flinch\n|move|p2b: Farigiraf|Trick Room|p2b: Farigiraf\n|-fieldstart|move: Trick Room|[of] p2b: Farigiraf\n|\n|upkeep\n|turn|2\n|\n|t:|1776188515\n|move|p2b: Farigiraf|Hyper Voice|p1a: Incineroar|[spread] p1a,p1b\n|-damage|p1a: Incineroar|69/100\n|-damage|p1b: Rotom|70/100\n|move|p2a: Incineroar|Parting Shot|p1a: Incineroar\n|-unboost|p1a: Incineroar|atk|1\n|-unboost|p1a: Incineroar|spa|1\n|\n|t:|1776188525\n|switch|p2a: Drampa|Drampa, L50, M, shiny|100/100|[from] Parting Shot\n|move|p1a: Incineroar|Throat Chop|p2b: Farigiraf\n|-supereffective|p2b: Farigiraf|1\n|-damage|p2b: Farigiraf|76/100\n|-start|p2b: Farigiraf|Throat Chop|[silent]\n|move|p1b: Rotom|Hydro Pump|p2a: Drampa|[miss]\n|-miss|p1b: Rotom|p2a: Drampa\n|\n|upkeep\n|turn|3\n|inactive|Kimiwombat has 30 seconds left.\n|inactive|Kimiwombat has 20 seconds left.\n|inactive|Kimiwombat has 15 seconds left.\n|\n|t:|1776188567\n|detailschange|p2a: Drampa|Drampa-Mega, L50, M, shiny\n|-mega|p2a: Drampa|Drampa|Drampanite\n|move|p2a: Drampa|Earth Power|p1a: Incineroar\n|-supereffective|p1a: Incineroar|1\n|-damage|p1a: Incineroar|6/100\n|-enditem|p1a: Incineroar|Sitrus Berry|[eat]\n|-heal|p1a: Incineroar|31/100|[from] item: Sitrus Berry\n|move|p2b: Farigiraf|Psychic|p1b: Rotom\n|-damage|p1b: Rotom|22/100\n|move|p1a: Incineroar|Parting Shot|p2a: Drampa\n|-unboost|p2a: Drampa|atk|1\n|-unboost|p2a: Drampa|spa|1\n|\n|t:|1776188578\n|switch|p1a: Corviknight|Corviknight, L50, F|100/100|[from] Parting Shot\n|move|p1b: Rotom|Hydro Pump|p2a: Drampa\n|-resisted|p2a: Drampa|1\n|-damage|p2a: Drampa|79/100\n|\n|-end|p2b: Farigiraf|Throat Chop|[silent]\n|upkeep\n|turn|4\n|\n|t:|1776188598\n|switch|p2b: Incineroar|Incineroar, L50, M|100/100\n|-ability|p2b: Incineroar|Intimidate|boost\n|-ability|p1a: Corviknight|Mirror Armor\n|-unboost|p2b: Incineroar|atk|1\n|-unboost|p1b: Rotom|atk|1\n|move|p1b: Rotom|Helping Hand|p1a: Corviknight\n|-singleturn|p1a: Corviknight|Helping Hand|[of] p1b: Rotom\n|move|p2a: Drampa|Hyper Voice|p1a: Corviknight|[spread] p1a,p1b\n|-resisted|p1a: Corviknight|1\n|-damage|p1a: Corviknight|88/100\n|-damage|p1b: Rotom|0 fnt\n|faint|p1b: Rotom\n|move|p1a: Corviknight|Body Press|p2a: Drampa\n|-supereffective|p2a: Drampa|1\n|-damage|p2a: Drampa|24/100\n|-ability|p2a: Drampa|Berserk|boost\n|-boost|p2a: Drampa|spa|1\n|\n|-heal|p1a: Corviknight|94/100|[from] item: Leftovers\n|upkeep\n|\n|t:|1776188618\n|switch|p1b: Incineroar|Incineroar, L50, M|31/100\n|-ability|p1b: Incineroar|Intimidate|boost\n|-unboost|p2a: Drampa|atk|1\n|-unboost|p2b: Incineroar|atk|1\n|turn|5\n|\n|t:|1776188632\n|switch|p2b: Farigiraf|Farigiraf, L50, F, shiny|76/100\n|move|p1b: Incineroar|Fake Out||[still]\n|cant|p2b: Farigiraf|ability: Armor Tail|Fake Out|[of] p1b: Incineroar\n|move|p2a: Drampa|Earth Power|p1b: Incineroar\n|-supereffective|p1b: Incineroar|1\n|-damage|p1b: Incineroar|0 fnt\n|faint|p1b: Incineroar\n|move|p1a: Corviknight|Bulk Up|p1a: Corviknight\n|-boost|p1a: Corviknight|atk|1\n|-boost|p1a: Corviknight|def|1\n|\n|-heal|p1a: Corviknight|99/100|[from] item: Leftovers\n|-fieldend|move: Trick Room\n|upkeep\n|\n|t:|1776188644\n|switch|p1b: Glimmora|Glimmora, L50, F|100/100\n|turn|6\n|inactive|hmdive has 30 seconds left.\n|\n|t:|1776188676\n|detailschange|p1b: Glimmora|Glimmora-Mega, L50, F\n|-mega|p1b: Glimmora|Glimmora|Glimmoranite\n|move|p2a: Drampa|Protect|p2a: Drampa\n|-singleturn|p2a: Drampa|Protect\n|move|p1b: Glimmora|Sludge Wave|p2a: Drampa|[spread] p2b\n|-activate|p2a: Drampa|move: Protect\n|-immune|p1a: Corviknight\n|-damage|p2b: Farigiraf|23/100\n|move|p1a: Corviknight|Body Press|p2b: Farigiraf\n|-damage|p2b: Farigiraf|0 fnt\n|faint|p2b: Farigiraf\n|\n|-heal|p1a: Corviknight|100/100|[from] item: Leftovers\n|upkeep\n|\n|t:|1776188688\n|switch|p2b: Incineroar|Incineroar, L50, M|100/100\n|-ability|p2b: Incineroar|Intimidate|boost\n|-ability|p1a: Corviknight|Mirror Armor\n|-unboost|p2b: Incineroar|atk|1\n|-unboost|p1b: Glimmora|atk|1\n|turn|7\n|\n|t:|1776188712\n|switch|p2b: Primarina|Primarina, L50, M|100/100\n|move|p1b: Glimmora|Spiky Shield|p1b: Glimmora\n|-singleturn|p1b: Glimmora|move: Protect\n|move|p1a: Corviknight|Body Press|p2a: Drampa\n|-supereffective|p2a: Drampa|1\n|-damage|p2a: Drampa|0 fnt\n|faint|p2a: Drampa\n|\n|upkeep\n|\n|t:|1776188719\n|switch|p2a: Incineroar|Incineroar, L50, M|100/100\n|-ability|p2a: Incineroar|Intimidate|boost\n|-ability|p1a: Corviknight|Mirror Armor\n|-unboost|p2a: Incineroar|atk|1\n|-unboost|p1b: Glimmora|atk|1\n|turn|8\n|\n|t:|1776188737\n|move|p1b: Glimmora|Spiky Shield||[still]\n|-fail|p1b: Glimmora\n|move|p2a: Incineroar|Fake Out|p1b: Glimmora\n|-resisted|p1b: Glimmora|1\n|-damage|p1b: Glimmora|96/100\n|move|p1a: Corviknight|Brave Bird|p2b: Primarina\n|-damage|p2b: Primarina|15/100\n|-damage|p1a: Corviknight|75/100|[from] Recoil\n|move|p2b: Primarina|Hyper Voice|p1b: Glimmora|[spread] p1a,p1b\n|-supereffective|p1b: Glimmora|1\n|-damage|p1a: Corviknight|42/100\n|-damage|p1b: Glimmora|11/100\n|\n|-heal|p1a: Corviknight|48/100|[from] item: Leftovers\n|-heal|p2b: Primarina|21/100|[from] item: Leftovers\n|upkeep\n|turn|9\n|\n|t:|1776188756\n|move|p1b: Glimmora|Sludge Wave|p2a: Incineroar|[spread] p2a,p2b\n|-immune|p1a: Corviknight\n|-supereffective|p2b: Primarina|1\n|-damage|p2a: Incineroar|44/100\n|-damage|p2b: Primarina|0 fnt\n|faint|p2b: Primarina\n|move|p1a: Corviknight|Body Press|p2a: Incineroar\n|-supereffective|p2a: Incineroar|1\n|-damage|p2a: Incineroar|0 fnt\n|faint|p2a: Incineroar\n|\n|win|Kimiwombat\n|raw|Kimiwombat's rating: 1176 &rarr; <strong>1196</strong><br />(+20 for winning)\n|raw|hmdive's rating: 1106 &rarr; <strong>1086</strong><br />(-20 for losing)\n|l|\u2606hmdive\n|player|p2|\n",
  "uploadtime": 1776188783,
  "views": 21,
  "formatid": "gen9championsvgc2026regma",
  "rating": 1086,
  "private": 0,
  "password": null
}