{
  "id": "gen9championsvgc2026regma-2581013335",
  "format": "[Gen 9 Champions] VGC 2026 Reg M-A",
  "players": [
    "Fawktard",
    "superboy245"
  ],
  "log": "|j|\u2606Fawktard\n|j|\u2606superboy245\n|t:|1775951713\n|gametype|doubles\n|player|p1|Fawktard|hilbert-wonderlauncher|1125\n|player|p2|superboy245|buck|1157\n|gen|9\n|tier|[Gen 9 Champions] VGC 2026 Reg M-A\n|rated|\n|rule|Species Clause: Limit one of each Pok\u00e9mon\n|rule|Item Clause: Limit 1 of each item\n|clearpoke\n|poke|p1|Blastoise, L50, M|\n|poke|p1|Maushold-Four, L50|\n|poke|p1|Sneasler, L50, M|\n|poke|p1|Incineroar, L50, F|\n|poke|p1|Sinistcha, L50|\n|poke|p1|Garchomp, L50, F|\n|poke|p2|Crabominable, L50, M|\n|poke|p2|Torkoal, L50, M|\n|poke|p2|Farigiraf, L50, F|\n|poke|p2|Incineroar, L50, F|\n|poke|p2|Hydrapple, L50, F|\n|poke|p2|Drampa, L50, M|\n|teampreview|4\nsuperboy245 rejected open team sheets.\n|\n|t:|1775951734\n|teamsize|p1|4\n|teamsize|p2|4\n|start\n|switch|p1a: Mia from Moscrop|Blastoise, L50, M|100/100\n|switch|p1b: Incineroar|Incineroar, L50, F|100/100\n|switch|p2a: Incineroar|Incineroar, L50, F|100/100\n|switch|p2b: Farigiraf|Farigiraf, L50, F|100/100\n|-ability|p1b: Incineroar|Intimidate|boost\n|-unboost|p2a: Incineroar|atk|1\n|-unboost|p2b: Farigiraf|atk|1\n|-ability|p2a: Incineroar|Intimidate|boost\n|-unboost|p1a: Mia from Moscrop|atk|1\n|-unboost|p1b: Incineroar|atk|1\n|turn|1\n|\n|t:|1775951744\n|detailschange|p1a: Mia from Moscrop|Blastoise-Mega, L50, M\n|-mega|p1a: Mia from Moscrop|Blastoise|Blastoisinite\n|move|p1b: Incineroar|Fake Out||[still]\n|cant|p2b: Farigiraf|ability: Armor Tail|Fake Out|[of] p1b: Incineroar\n|move|p2a: Incineroar|Fake Out|p1a: Mia from Moscrop\n|-damage|p1a: Mia from Moscrop|90/100\n|cant|p1a: Mia from Moscrop|flinch\n|move|p2b: Farigiraf|Trick Room|p2b: Farigiraf\n|-fieldstart|move: Trick Room|[of] p2b: Farigiraf\n|\n|upkeep\n|turn|2\n|\n|t:|1775951763\n|move|p2b: Farigiraf|Psychic|p1a: Mia from Moscrop\n|-damage|p1a: Mia from Moscrop|52/100\n|move|p2a: Incineroar|Parting Shot|p1a: Mia from Moscrop\n|-unboost|p1a: Mia from Moscrop|atk|1\n|-unboost|p1a: Mia from Moscrop|spa|1\n|\n|t:|1775951768\n|switch|p2a: Drampa|Drampa, L50, M|100/100|[from] Parting Shot\n|move|p1b: Incineroar|Parting Shot|p2a: Drampa\n|-unboost|p2a: Drampa|atk|1\n|-unboost|p2a: Drampa|spa|1\n|\n|t:|1775951779\n|switch|p1b: Maushold|Maushold-Four, L50|100/100|[from] Parting Shot\n|move|p1a: Mia from Moscrop|Dark Pulse|p2b: Farigiraf\n|-supereffective|p2b: Farigiraf|1\n|-damage|p2b: Farigiraf|49/100\n|\n|upkeep\n|turn|3\n|\n|t:|1775951793\n|detailschange|p2a: Drampa|Drampa-Mega, L50, M\n|-mega|p2a: Drampa|Drampa|Drampanite\n|move|p1b: Maushold|Follow Me|p1b: Maushold\n|-singleturn|p1b: Maushold|move: Follow Me\n|move|p2a: Drampa|Hyper Voice|p1a: Mia from Moscrop|[spread] p1a,p1b\n|-damage|p1a: Mia from Moscrop|27/100\n|-damage|p1b: Maushold|58/100\n|move|p2b: Farigiraf|Hyper Voice|p1a: Mia from Moscrop|[spread] p1a,p1b\n|-damage|p1a: Mia from Moscrop|4/100\n|-damage|p1b: Maushold|18/100\n|move|p1a: Mia from Moscrop|Dark Pulse|p2b: Farigiraf\n|-supereffective|p2b: Farigiraf|1\n|-damage|p2b: Farigiraf|4/100\n|\n|upkeep\n|turn|4\n|\n|t:|1775951815\n|switch|p2b: Torkoal|Torkoal, L50, M|100/100\n|-weather|SunnyDay|[from] ability: Drought|[of] p2b: Torkoal\n|move|p2a: Drampa|Hyper Voice|p1a: Mia from Moscrop|[spread] p1a,p1b\n|-damage|p1a: Mia from Moscrop|0 fnt\n|-damage|p1b: Maushold|0 fnt\n|faint|p1a: Mia from Moscrop\n|faint|p1b: Maushold\n|\n|-weather|SunnyDay|[upkeep]\n|upkeep\n|\n|t:|1775951827\n|switch|p1a: Sneasler|Sneasler, L50, M|100/100\n|switch|p1b: Incineroar|Incineroar, L50, F|100/100\n|-ability|p1b: Incineroar|Intimidate|boost\n|-unboost|p2a: Drampa|atk|1\n|-unboost|p2b: Torkoal|atk|1\n|turn|5\n|\n|t:|1775951838\n|switch|p2b: Farigiraf|Farigiraf, L50, F|4/100\n|move|p1b: Incineroar|Fake Out||[still]\n|cant|p2b: Farigiraf|ability: Armor Tail|Fake Out|[of] p1b: Incineroar\n|move|p1a: Sneasler|Fake Out||[still]\n|cant|p2b: Farigiraf|ability: Armor Tail|Fake Out|[of] p1a: Sneasler\n|move|p2a: Drampa|Hyper Voice|p1a: Sneasler|[spread] p1a,p1b\n|-damage|p1a: Sneasler|58/100\n|-damage|p1b: Incineroar|73/100\n|\n|-weather|SunnyDay|[upkeep]\n|-fieldend|move: Trick Room\n|upkeep\n|turn|6\n|\n|t:|1775951853\n|move|p2a: Drampa|Protect|p2a: Drampa\n|-singleturn|p2a: Drampa|Protect\n|move|p1a: Sneasler|Close Combat|p2a: Drampa\n|-activate|p2a: Drampa|move: Protect\n|move|p1b: Incineroar|Darkest Lariat|p2b: Farigiraf\n|-supereffective|p2b: Farigiraf|1\n|-damage|p2b: Farigiraf|0 fnt\n|faint|p2b: Farigiraf\n|\n|-weather|SunnyDay|[upkeep]\n|upkeep\n|\n|t:|1775951859\n|switch|p2b: Incineroar|Incineroar, L50, F|100/100\n|-ability|p2b: Incineroar|Intimidate|boost\n|-unboost|p1a: Sneasler|atk|1\n|-unboost|p1b: Incineroar|atk|1\n|-enditem|p1a: Sneasler|White Herb\n|-clearnegativeboost|p1a: Sneasler|[silent]\n|turn|7\n|\n|t:|1775951879\n|move|p1a: Sneasler|Close Combat|p2b: Incineroar\n|-supereffective|p2b: Incineroar|1\n|-damage|p2b: Incineroar|0 fnt\n|-unboost|p1a: Sneasler|def|1\n|-unboost|p1a: Sneasler|spd|1\n|faint|p2b: Incineroar\n|move|p1b: Incineroar|Parting Shot|p2a: Drampa\n|-unboost|p2a: Drampa|atk|1\n|-unboost|p2a: Drampa|spa|1\n|move|p2a: Drampa|Hyper Voice|p1b: Incineroar|[spread] p1a,p1b\n|-damage|p1a: Sneasler|10/100\n|-damage|p1b: Incineroar|56/100\n|\n|-weather|SunnyDay|[upkeep]\n|upkeep\n|\n|t:|1775951884\n|switch|p2b: Torkoal|Torkoal, L50, M|100/100\n|turn|8\n|\n|t:|1775951909\n|move|p2a: Drampa|Protect|p2a: Drampa\n|-singleturn|p2a: Drampa|Protect\n|move|p1a: Sneasler|Close Combat|p2b: Torkoal\n|-damage|p2b: Torkoal|51/100\n|-unboost|p1a: Sneasler|def|1\n|-unboost|p1a: Sneasler|spd|1\n|move|p1b: Incineroar|Darkest Lariat|p2b: Torkoal\n|-damage|p2b: Torkoal|31/100\n|move|p2b: Torkoal|Eruption|p1a: Sneasler|[spread] p1a,p1b\n|-resisted|p1b: Incineroar|1\n|-damage|p1a: Sneasler|0 fnt\n|-damage|p1b: Incineroar|45/100\n|-enditem|p1b: Incineroar|Sitrus Berry|[eat]\n|-heal|p1b: Incineroar|70/100|[from] item: Sitrus Berry\n|faint|p1a: Sneasler\n|\n|-weather|none\n|upkeep\n|turn|9\n|\n|t:|1775951926\n|move|p1b: Incineroar|Darkest Lariat|p2b: Torkoal\n|-damage|p2b: Torkoal|11/100\n|move|p2a: Drampa|Hyper Voice|p1b: Incineroar\n|-damage|p1b: Incineroar|45/100\n|move|p2b: Torkoal|Heat Wave|p1b: Incineroar\n|-resisted|p1b: Incineroar|1\n|-crit|p1b: Incineroar\n|-damage|p1b: Incineroar|15/100\n|\n|upkeep\n|turn|10\n|c|\u2606superboy245|Gg\n|c|\u2606Fawktard|gg\n|\n|t:|1775951935\n|move|p2b: Torkoal|Protect|p2b: Torkoal\n|-singleturn|p2b: Torkoal|Protect\n|move|p1b: Incineroar|Darkest Lariat|p2b: Torkoal\n|-activate|p2b: Torkoal|move: Protect\n|move|p2a: Drampa|Hyper Voice|p1b: Incineroar\n|-damage|p1b: Incineroar|0 fnt\n|faint|p1b: Incineroar\n|\n|win|superboy245\n|raw|Fawktard's rating: 1125 &rarr; <strong>1102</strong><br />(-23 for losing)\n|raw|superboy245's rating: 1157 &rarr; <strong>1180</strong><br />(+23 for winning)\n",
  "uploadtime": 1775951939,
  "views": 20,
  "formatid": "gen9championsvgc2026regma",
  "rating": 1102,
  "private": 0,
  "password": null
}