{
  "id": "gen9championsvgc2026regma-2582673391",
  "format": "[Gen 9 Champions] VGC 2026 Reg M-A",
  "players": [
    "sirae",
    "torrmentor20"
  ],
  "log": "|j|\u2606sirae\n|j|\u2606torrmentor20\n|t:|1776106414\n|gametype|doubles\n|player|p1|sirae|caitlin|1204\n|player|p2|torrmentor20|volo|1125\n|gen|9\n|tier|[Gen 9 Champions] VGC 2026 Reg M-A\n|rated|\n|rule|Species Clause: Limit one of each Pok\u00e9mon\n|rule|Item Clause: Limit 1 of each item\n|clearpoke\n|poke|p1|Floette-Eternal, L50, F|\n|poke|p1|Sylveon, L50, F|\n|poke|p1|Tyranitar, L50, F|\n|poke|p1|Excadrill, L50, F|\n|poke|p1|Sableye, L50, F|\n|poke|p1|Incineroar, L50, F|\n|poke|p2|Delphox, L50, M|\n|poke|p2|Raichu, L50, F|\n|poke|p2|Kingambit, L50, F|\n|poke|p2|Ampharos, L50, F|\n|poke|p2|Sneasler, L50, M|\n|poke|p2|Gengar, L50, F|\n|teampreview|4\n|inactive|Battle timer is ON: inactive players will automatically lose when time's up. (requested by sirae)\n|\n|t:|1776106437\n|teamsize|p1|4\n|teamsize|p2|4\n|start\n|switch|p1a: 1# Best pokemon|Incineroar, L50, F|100/100\n|switch|p1b: Just this once|Floette-Eternal, L50, F|100/100\n|switch|p2a: Raichu|Raichu, L50, F|100/100\n|switch|p2b: Ampharos|Ampharos, L50, F|100/100\n|-ability|p1a: 1# Best pokemon|Intimidate|boost\n|-unboost|p2a: Raichu|atk|1\n|-unboost|p2b: Ampharos|atk|1\n|turn|1\n|\n|t:|1776106448\n|detailschange|p1b: Just this once|Floette-Mega, L50, F\n|-mega|p1b: Just this once|Floette|Floettite\n|-ability|p1b: Just this once|Fairy Aura\n|move|p1b: Just this once|Protect|p1b: Just this once\n|-singleturn|p1b: Just this once|Protect\n|move|p2a: Raichu|Fake Out|p1a: 1# Best pokemon\n|-damage|p1a: 1# Best pokemon|95/100\n|cant|p1a: 1# Best pokemon|flinch\n|move|p2b: Ampharos|Discharge|p1b: Just this once|[spread] p1a\n|-activate|p1b: Just this once|move: Protect\n|-ability|p2a: Raichu|Lightning Rod|boost\n|-boost|p2a: Raichu|spa|1\n|-crit|p1a: 1# Best pokemon\n|-damage|p1a: 1# Best pokemon|38/100\n|\n|upkeep\n|turn|2\n|inactive|torrmentor20 has 30 seconds left.\n|\n|t:|1776106482\n|switch|p1a: Fastest mon|Excadrill, L50, F|100/100\n|move|p2a: Raichu|Dazzling Gleam|p1b: Just this once|[spread] p1a,p1b\n|-resisted|p1a: Fastest mon|1\n|-damage|p1a: Fastest mon|80/100\n|-damage|p1b: Just this once|74/100\n|move|p1b: Just this once|Moonblast|p2a: Raichu\n|-enditem|p2a: Raichu|Focus Sash\n|-damage|p2a: Raichu|1/100\n|move|p2b: Ampharos|Discharge|p1a: Fastest mon|[spread] p1b\n|-ability|p2a: Raichu|Lightning Rod|boost\n|-boost|p2a: Raichu|spa|1\n|-immune|p1a: Fastest mon\n|-damage|p1b: Just this once|41/100\n|\n|upkeep\n|turn|3\n|inactive|torrmentor20 has 30 seconds left.\n|inactive|torrmentor20 has 20 seconds left.\n|inactive|torrmentor20 has 15 seconds left.\n|\n|t:|1776106523\n|switch|p1b: the exception OU|Tyranitar, L50, F|100/100\n|-weather|Sandstorm|[from] ability: Sand Stream|[of] p1b: the exception OU\n|move|p1a: Fastest mon|Earthquake|p2a: Raichu|[spread] p1b,p2a,p2b\n|-supereffective|p1b: the exception OU|1\n|-supereffective|p2a: Raichu|1\n|-supereffective|p2b: Ampharos|1\n|-damage|p1b: the exception OU|39/100\n|-damage|p2a: Raichu|0 fnt\n|-damage|p2b: Ampharos|15/100\n|faint|p2a: Raichu\n|move|p2b: Ampharos|Power Gem|p1b: the exception OU\n|-damage|p1b: the exception OU|23/100\n|\n|-weather|Sandstorm|[upkeep]\n|-damage|p2b: Ampharos|9/100|[from] Sandstorm\n|upkeep\n|\n|t:|1776106534\n|switch|p2a: Delphox|Delphox, L50, M|100/100\n|turn|4\n|\n|t:|1776106553\n|detailschange|p2a: Delphox|Delphox-Mega, L50, M\n|-mega|p2a: Delphox|Delphox|Delphoxite\n|move|p1a: Fastest mon|Shadow Claw|p2a: Delphox\n|-supereffective|p2a: Delphox|1\n|-crit|p2a: Delphox\n|-damage|p2a: Delphox|0 fnt\n|faint|p2a: Delphox\n|move|p1b: the exception OU|Knock Off|p2b: Ampharos\n|-damage|p2b: Ampharos|0 fnt\n|-enditem|p2b: Ampharos|Magnet|[from] move: Knock Off|[of] p1b: the exception OU\n|faint|p2b: Ampharos\n|\n|-weather|Sandstorm|[upkeep]\n|upkeep\n|\n|t:|1776106561\n|switch|p2b: Sneasler|Sneasler, L50, M|100/100\n|turn|5\n|\n|t:|1776106575\n|switch|p1b: 1# Best pokemon|Incineroar, L50, F|38/100\n|-ability|p1b: 1# Best pokemon|Intimidate|boost\n|-unboost|p2b: Sneasler|atk|1\n|move|p1a: Fastest mon|Protect|p1a: Fastest mon\n|-singleturn|p1a: Fastest mon|Protect\n|move|p2b: Sneasler|U-turn|p1b: 1# Best pokemon\n|-damage|p1b: 1# Best pokemon|22/100\n|\n|-weather|Sandstorm|[upkeep]\n|-damage|p2b: Sneasler|95/100|[from] Sandstorm\n|-damage|p1b: 1# Best pokemon|16/100|[from] Sandstorm\n|upkeep\n|turn|6\n|\n|t:|1776106587\n|move|p2b: Sneasler|Protect|p2b: Sneasler\n|-singleturn|p2b: Sneasler|Protect\n|move|p1b: 1# Best pokemon|Fake Out|p2b: Sneasler\n|-activate|p2b: Sneasler|move: Protect\n|move|p1a: Fastest mon|Earthquake|p2b: Sneasler|[spread] p1b\n|-activate|p2b: Sneasler|move: Protect\n|-supereffective|p1b: 1# Best pokemon|1\n|-damage|p1b: 1# Best pokemon|0 fnt\n|faint|p1b: 1# Best pokemon\n|\n|-weather|Sandstorm|[upkeep]\n|-damage|p2b: Sneasler|89/100|[from] Sandstorm\n|upkeep\n|\n|t:|1776106591\n|switch|p1b: the exception OU|Tyranitar, L50, F|23/100\n|turn|7\n|\n|t:|1776106602\n|move|p1b: the exception OU|Protect|p1b: the exception OU\n|-singleturn|p1b: the exception OU|Protect\n|move|p1a: Fastest mon|Earthquake|p2b: Sneasler|[spread] p2b\n|-activate|p1b: the exception OU|move: Protect\n|-supereffective|p2b: Sneasler|1\n|-enditem|p2b: Sneasler|Shuca Berry|[eat]\n|-enditem|p2b: Sneasler|Shuca Berry|[weaken]\n|-damage|p2b: Sneasler|15/100\n|move|p2b: Sneasler|U-turn|p1b: the exception OU\n|-activate|p1b: the exception OU|move: Protect\n|\n|-weather|none\n|upkeep\n|turn|8\n|\n|t:|1776106624\n|move|p2b: Sneasler|U-turn|p1b: the exception OU\n|-supereffective|p1b: the exception OU|1\n|-damage|p1b: the exception OU|0 fnt\n|faint|p1b: the exception OU\n|move|p1a: Fastest mon|Iron Head|p2b: Sneasler\n|-damage|p2b: Sneasler|0 fnt\n|faint|p2b: Sneasler\n|\n|win|sirae\n|raw|sirae's rating: 1204 &rarr; <strong>1223</strong><br />(+19 for winning)\n|raw|torrmentor20's rating: 1125 &rarr; <strong>1106</strong><br />(-19 for losing)\n|l|\u2606torrmentor20\n|player|p2|\n",
  "uploadtime": 1776106633,
  "views": 17,
  "formatid": "gen9championsvgc2026regma",
  "rating": 1106,
  "private": 0,
  "password": null
}