{
  "id": "gen9championsvgc2026regma-2581175282",
  "format": "[Gen 9 Champions] VGC 2026 Reg M-A",
  "players": [
    "zac5224666",
    "Suspenceful"
  ],
  "log": "|j|\u2606zac5224666\n|j|\u2606Suspenceful\n|t:|1775967285\n|gametype|doubles\n|player|p1|zac5224666|102|1108\n|player|p2|Suspenceful|2|1026\n|gen|9\n|tier|[Gen 9 Champions] VGC 2026 Reg M-A\n|rated|\n|rule|Species Clause: Limit one of each Pok\u00e9mon\n|rule|Item Clause: Limit 1 of each item\n|clearpoke\n|poke|p1|Froslass, L50, F|\n|poke|p1|Corviknight, L50, M|\n|poke|p1|Incineroar, L50, M|\n|poke|p1|Milotic, L50, F|\n|poke|p1|Garchomp, L50, F|\n|poke|p1|Volcarona, L50, F|\n|poke|p2|Meganium, L50, M|\n|poke|p2|Basculegion, L50, M|\n|poke|p2|Talonflame, L50, M|\n|poke|p2|Archaludon, L50, F|\n|poke|p2|Pelipper, L50, F|\n|poke|p2|Maushold, L50|\n|teampreview|4\n|inactive|Battle timer is ON: inactive players will automatically lose when time's up. (requested by Suspenceful)\n|\n|t:|1775967321\n|teamsize|p1|4\n|teamsize|p2|4\n|start\n|switch|p1a: Incineroar|Incineroar, L50, M, shiny|100/100\n|switch|p1b: Milotic|Milotic, L50, F, shiny|100/100\n|switch|p2a: Archaludon|Archaludon, L50, F|100/100\n|switch|p2b: Pelipper|Pelipper, L50, F|100/100\n|-weather|RainDance|[from] ability: Drizzle|[of] p2b: Pelipper\n|-ability|p1a: Incineroar|Intimidate|boost\n|-unboost|p2a: Archaludon|atk|1\n|-unboost|p2b: Pelipper|atk|1\n|-enditem|p2a: Archaludon|White Herb\n|-clearnegativeboost|p2a: Archaludon|[silent]\n|turn|1\n|inactive|zac5224666 has 30 seconds left.\n|\n|t:|1775967350\n|move|p2a: Archaludon|Protect|p2a: Archaludon\n|-singleturn|p2a: Archaludon|Protect\n|move|p1a: Incineroar|Fake Out|p2a: Archaludon\n|-activate|p2a: Archaludon|move: Protect\n|move|p2b: Pelipper|Weather Ball|p1a: Incineroar\n|-supereffective|p1a: Incineroar|1\n|-damage|p1a: Incineroar|0 fnt\n|faint|p1a: Incineroar\n|move|p1b: Milotic|Icy Wind|p2a: Archaludon|[spread] p2b\n|-activate|p2a: Archaludon|move: Protect\n|-damage|p2b: Pelipper|85/100\n|-unboost|p2b: Pelipper|spe|1\n|\n|-weather|RainDance|[upkeep]\n|upkeep\n|\n|t:|1775967363\n|switch|p1a: Corviknight|Corviknight, L50, M, shiny|100/100\n|turn|2\n|\n|t:|1775967375\n|move|p2a: Archaludon|Electro Shot||[still]\n|-prepare|p2a: Archaludon|Electro Shot\n|-boost|p2a: Archaludon|spa|1\n|-anim|p2a: Archaludon|Electro Shot|p1b: Milotic\n|-supereffective|p1b: Milotic|1\n|-damage|p1b: Milotic|22/100\n|move|p1b: Milotic|Icy Wind|p2a: Archaludon|[spread] p2a,p2b\n|-damage|p2a: Archaludon|86/100\n|-damage|p2b: Pelipper|69/100\n|-unboost|p2a: Archaludon|spe|1\n|-unboost|p2b: Pelipper|spe|1\n|move|p1a: Corviknight|Tailwind|p1a: Corviknight\n|-sidestart|p1: zac5224666|move: Tailwind\n|move|p2b: Pelipper|Weather Ball|p1a: Corviknight\n|-damage|p1a: Corviknight|44/100\n|-enditem|p1a: Corviknight|Sitrus Berry|[eat]\n|-heal|p1a: Corviknight|69/100|[from] item: Sitrus Berry\n|\n|-weather|RainDance|[upkeep]\n|-heal|p1b: Milotic|28/100|[from] item: Leftovers\n|upkeep\n|turn|3\n|\n|t:|1775967398\n|move|p1b: Milotic|Recover|p1b: Milotic\n|-heal|p1b: Milotic|78/100\n|move|p1a: Corviknight|Body Press|p2a: Archaludon\n|-supereffective|p2a: Archaludon|1\n|-damage|p2a: Archaludon|53/100\n|move|p2a: Archaludon|Electro Shot||[still]\n|-prepare|p2a: Archaludon|Electro Shot\n|-boost|p2a: Archaludon|spa|1\n|-anim|p2a: Archaludon|Electro Shot|p1a: Corviknight\n|-supereffective|p1a: Corviknight|1\n|-damage|p1a: Corviknight|0 fnt\n|faint|p1a: Corviknight\n|move|p2b: Pelipper|Hurricane|p1b: Milotic\n|-damage|p1b: Milotic|48/100\n|\n|-weather|RainDance|[upkeep]\n|-heal|p1b: Milotic|54/100|[from] item: Leftovers\n|upkeep\n|\n|t:|1775967413\n|switch|p1a: Froslass|Froslass, L50, F, shiny|100/100\n|turn|4\n|\n|t:|1775967423\n|detailschange|p1a: Froslass|Froslass-Mega, L50, F, shiny\n|-mega|p1a: Froslass|Froslass|Froslassite\n|-weather|Snowscape|[from] ability: Snow Warning|[of] p1a: Froslass\n|move|p2b: Pelipper|Wide Guard|p2b: Pelipper\n|-singleturn|p2b: Pelipper|Wide Guard\n|move|p1a: Froslass|Blizzard|p2b: Pelipper|[spread] \n|-activate|p2a: Archaludon|move: Wide Guard\n|-activate|p2b: Pelipper|move: Wide Guard\n|move|p1b: Milotic|Recover|p1b: Milotic\n|-heal|p1b: Milotic|100/100\n|move|p2a: Archaludon|Flash Cannon|p1a: Froslass\n|-supereffective|p1a: Froslass|1\n|-damage|p1a: Froslass|0 fnt\n|faint|p1a: Froslass\n|\n|-weather|Snowscape|[upkeep]\n|upkeep\n|turn|5\n|inactive|Suspenceful has 30 seconds left.\n|\n|t:|1775967449\n|switch|p2b: Meganium|Meganium, L50, M|100/100\n|move|p1b: Milotic|Icy Wind|p2a: Archaludon|[spread] p2a,p2b\n|-supereffective|p2b: Meganium|1\n|-damage|p2a: Archaludon|38/100\n|-damage|p2b: Meganium|81/100\n|-unboost|p2a: Archaludon|spe|1\n|-unboost|p2b: Meganium|spe|1\n|move|p2a: Archaludon|Flash Cannon|p1b: Milotic\n|-resisted|p1b: Milotic|1\n|-crit|p1b: Milotic\n|-damage|p1b: Milotic|65/100\n|\n|-weather|Snowscape|[upkeep]\n|-heal|p1b: Milotic|71/100|[from] item: Leftovers\n|-sideend|p1: zac5224666|move: Tailwind\n|upkeep\n|turn|6\n|\n|t:|1775967468\n|switch|p2b: Pelipper|Pelipper, L50, F|69/100\n|-weather|RainDance|[from] ability: Drizzle|[of] p2b: Pelipper\n|move|p1b: Milotic|Scald|p2b: Pelipper\n|-resisted|p2b: Pelipper|1\n|-damage|p2b: Pelipper|31/100\n|move|p2a: Archaludon|Electro Shot||[still]\n|-prepare|p2a: Archaludon|Electro Shot\n|-boost|p2a: Archaludon|spa|1\n|-anim|p2a: Archaludon|Electro Shot|p1b: Milotic\n|-supereffective|p1b: Milotic|1\n|-damage|p1b: Milotic|0 fnt\n|faint|p1b: Milotic\n|\n|win|Suspenceful\n|raw|zac5224666's rating: 1108 &rarr; <strong>1077</strong><br />(-31 for losing)\n|raw|Suspenceful's rating: 1026 &rarr; <strong>1070</strong><br />(+44 for winning)\n",
  "uploadtime": 1775967478,
  "views": 12,
  "formatid": "gen9championsvgc2026regma",
  "rating": 1070,
  "private": 0,
  "password": null
}