{
  "id": "gen9championsvgc2026regma-2587798814",
  "format": "[Gen 9 Champions] VGC 2026 Reg M-A",
  "players": [
    "Twishts",
    "bassv991"
  ],
  "log": "|j|\u2606Twishts\n|j|\u2606bassv991\n|t:|1776565134\n|gametype|doubles\n|player|p1|Twishts|policeman-gen4|1474\n|player|p2|bassv991|266|1519\n|gen|9\n|tier|[Gen 9 Champions] VGC 2026 Reg M-A\n|rated|\n|rule|Species Clause: Limit one of each Pok\u00e9mon\n|rule|Item Clause: Limit 1 of each item\n|clearpoke\n|poke|p1|Aerodactyl, L50, F|\n|poke|p1|Garchomp, L50, M|\n|poke|p1|Milotic, L50, F|\n|poke|p1|Floette-Eternal, L50, F|\n|poke|p1|Incineroar, L50, F|\n|poke|p1|Scizor, L50, M|\n|poke|p2|Gengar, L50, M|\n|poke|p2|Sneasler, L50, M|\n|poke|p2|Pelipper, L50, F|\n|poke|p2|Basculegion, L50, M|\n|poke|p2|Scovillain, L50, M|\n|poke|p2|Kingambit, L50, F|\n|teampreview|4\n|j| Autismic2\n|j| visael mk. II\n|inactive|Battle timer is ON: inactive players will automatically lose when time's up. (requested by Twishts)\nTwishts rejected open team sheets.\n|l| Autismic2\n|\n|t:|1776565191\n|teamsize|p1|4\n|teamsize|p2|4\n|start\n|switch|p1a: Aerodactyl|Aerodactyl, L50, F|100/100\n|switch|p1b: Garchomp|Garchomp, L50, M|100/100\n|switch|p2a: Pelipper|Pelipper, L50, F|100/100\n|switch|p2b: Basculegion|Basculegion, L50, M|100/100\n|-ability|p1a: Aerodactyl|Unnerve\n|-weather|RainDance|[from] ability: Drizzle|[of] p2a: Pelipper\n|turn|1\n|\n|t:|1776565216\n|move|p2b: Basculegion|Wave Crash|p1b: Garchomp\n|-damage|p1b: Garchomp|0 fnt\n|-damage|p2b: Basculegion|88/100|[from] ability: Rough Skin|[of] p1b: Garchomp\n|faint|p1b: Garchomp\n|-damage|p2b: Basculegion|61/100|[from] Recoil\n|move|p1a: Aerodactyl|Tailwind|p1a: Aerodactyl\n|-sidestart|p1: Twishts|move: Tailwind\n|move|p2a: Pelipper|Tailwind|p2a: Pelipper\n|-sidestart|p2: bassv991|move: Tailwind\n|\n|-weather|RainDance|[upkeep]\n|upkeep\n|\n|t:|1776565227\n|switch|p1b: Incineroar|Incineroar, L50, F|100/100\n|-ability|p1b: Incineroar|Intimidate|boost\n|-unboost|p2a: Pelipper|atk|1\n|-unboost|p2b: Basculegion|atk|1\n|turn|2\n|\n|t:|1776565248\n|move|p2b: Basculegion|Wave Crash|p1b: Incineroar\n|-supereffective|p1b: Incineroar|1\n|-damage|p1b: Incineroar|0 fnt\n|faint|p1b: Incineroar\n|-damage|p2b: Basculegion|32/100|[from] Recoil\n|move|p1a: Aerodactyl|Rock Slide|p2b: Basculegion|[spread] p2a,p2b\n|-supereffective|p2a: Pelipper|1\n|-crit|p2a: Pelipper\n|-damage|p2a: Pelipper|32/100\n|-damage|p2b: Basculegion|3/100\n|cant|p2a: Pelipper|flinch\n|\n|-weather|RainDance|[upkeep]\n|upkeep\n|\n|t:|1776565258\n|switch|p1b: Floette|Floette-Eternal, L50, F|100/100\n|turn|3\n|inactive|bassv991 has 30 seconds left.\n|\n|t:|1776565292\n|detailschange|p1b: Floette|Floette-Mega, L50, F\n|-mega|p1b: Floette|Floette|Floettite\n|-ability|p1b: Floette|Fairy Aura\n|move|p1b: Floette|Protect|p1b: Floette\n|-singleturn|p1b: Floette|Protect\n|move|p2b: Basculegion|Aqua Jet|p1a: Aerodactyl\n|-supereffective|p1a: Aerodactyl|1\n|-damage|p1a: Aerodactyl|20/100\n|move|p1a: Aerodactyl|Rock Slide|p2b: Basculegion|[spread] p2a,p2b\n|-supereffective|p2a: Pelipper|1\n|-crit|p2a: Pelipper\n|-damage|p2a: Pelipper|0 fnt\n|-damage|p2b: Basculegion|0 fnt\n|faint|p2a: Pelipper\n|faint|p2b: Basculegion\n|\n|-weather|RainDance|[upkeep]\n|upkeep\n|\n|t:|1776565310\n|switch|p2b: Kingambit|Kingambit, L50, F|100/100\n|switch|p2a: Gengar|Gengar, L50, M|100/100\n|turn|4\n|inactive|Twishts has 30 seconds left.\n|\n|t:|1776565335\n|detailschange|p2a: Gengar|Gengar-Mega, L50, M\n|-mega|p2a: Gengar|Gengar|Gengarite\n|move|p1a: Aerodactyl|Rock Slide|p2b: Kingambit|[spread] p2a,p2b\n|-resisted|p2b: Kingambit|1\n|-damage|p2a: Gengar|75/100\n|-damage|p2b: Kingambit|90/100\n|move|p2a: Gengar|Sludge Bomb|p1b: Floette\n|-supereffective|p1b: Floette|1\n|-damage|p1b: Floette|18/100\n|-status|p1b: Floette|psn\n|move|p1b: Floette|Moonblast|p2b: Kingambit\n|-damage|p2b: Kingambit|19/100\n|-unboost|p2b: Kingambit|spa|1\n|-ability|p2b: Kingambit|Defiant|boost\n|-boost|p2b: Kingambit|atk|2\n|move|p2b: Kingambit|Iron Head|p1b: Floette\n|-supereffective|p1b: Floette|1\n|-damage|p1b: Floette|0 fnt\n|faint|p1b: Floette\n|\n|-weather|RainDance|[upkeep]\n|-sideend|p1: Twishts|move: Tailwind\n|-sideend|p2: bassv991|move: Tailwind\n|upkeep\n|turn|5\n|inactive|bassv991 has 30 seconds left.\n|\n|t:|1776565362\n|move|p2b: Kingambit|Sucker Punch|p1a: Aerodactyl\n|-damage|p1a: Aerodactyl|0 fnt\n|faint|p1a: Aerodactyl\n|\n|win|bassv991\n|raw|Twishts's rating: 1474 &rarr; <strong>1457</strong><br />(-17 for losing)\n|raw|bassv991's rating: 1519 &rarr; <strong>1536</strong><br />(+17 for winning)\n|l|\u2606Twishts\n|player|p1|\n|l| visael mk. II\n|l|\u2606bassv991\n|player|p2|\n",
  "uploadtime": 1776565379,
  "views": 17,
  "formatid": "gen9championsvgc2026regma",
  "rating": 1457,
  "private": 0,
  "password": null
}