{
  "id": "gen9championsvgc2026regma-2584539962",
  "format": "[Gen 9 Champions] VGC 2026 Reg M-A",
  "players": [
    "FedVGC",
    "dwsdws"
  ],
  "log": "|j|\u2606FedVGC\n|j|\u2606dwsdws\n|t:|1776267503\n|gametype|doubles\n|player|p1|FedVGC|266|1136\n|player|p2|dwsdws|hilbert|1104\n|gen|9\n|tier|[Gen 9 Champions] VGC 2026 Reg M-A\n|rated|\n|rule|Species Clause: Limit one of each Pok\u00e9mon\n|rule|Item Clause: Limit 1 of each item\n|clearpoke\n|poke|p1|Froslass, L50, F|\n|poke|p1|Sneasler, L50, F|\n|poke|p1|Arcanine-Hisui, L50, M|\n|poke|p1|Sinistcha, L50|\n|poke|p1|Aerodactyl, L50, F|\n|poke|p1|Sylveon, L50, M|\n|poke|p2|Floette-Eternal, L50, F|\n|poke|p2|Maushold, L50|\n|poke|p2|Kommo-o, L50, M|\n|poke|p2|Rotom-Wash, L50|\n|poke|p2|Sinistcha, L50|\n|poke|p2|Kingambit, L50, F|\n|teampreview|4\n|\n|t:|1776267534\n|teamsize|p1|4\n|teamsize|p2|4\n|start\n|switch|p1a: Sneasler|Sneasler, L50, F|100/100\n|switch|p1b: Aerodactyl|Aerodactyl, L50, F|100/100\n|switch|p2a: Rotom|Rotom-Wash, L50|100/100\n|switch|p2b: Floette|Floette-Eternal, L50, F|100/100\n|turn|1\n|\n|t:|1776267557\n|move|p2b: Floette|Protect|p2b: Floette\n|-singleturn|p2b: Floette|Protect\n|move|p1a: Sneasler|Fake Out|p2a: Rotom\n|-crit|p2a: Rotom\n|-damage|p2a: Rotom|72/100\n|cant|p2a: Rotom|flinch\n|move|p1b: Aerodactyl|Tailwind|p1b: Aerodactyl\n|-sidestart|p1: FedVGC|move: Tailwind\n|\n|upkeep\n|turn|2\n|\n|t:|1776267579\n|switch|p2b: Maushold|Maushold, L50|100/100\n|move|p1b: Aerodactyl|Rock Slide|p2a: Rotom|[spread] p2a,p2b\n|-damage|p2a: Rotom|52/100\n|-damage|p2b: Maushold|75/100\n|move|p1a: Sneasler|Close Combat|p2b: Maushold\n|-supereffective|p2b: Maushold|1\n|-enditem|p2b: Maushold|Chople Berry|[eat]\n|-enditem|p2b: Maushold|Chople Berry|[weaken]\n|-damage|p2b: Maushold|5/100\n|-unboost|p1a: Sneasler|def|1\n|-unboost|p1a: Sneasler|spd|1\n|-enditem|p1a: Sneasler|White Herb\n|-clearnegativeboost|p1a: Sneasler|[silent]\n|move|p2a: Rotom|Thunderbolt|p1a: Sneasler\n|-damage|p1a: Sneasler|46/100\n|\n|upkeep\n|turn|3\n|\n|t:|1776267598\n|move|p2b: Maushold|Protect|p2b: Maushold\n|-singleturn|p2b: Maushold|Protect\n|move|p1a: Sneasler|Dire Claw|p2a: Rotom\n|-damage|p2a: Rotom|7/100\n|move|p1b: Aerodactyl|Rock Slide|p2b: Maushold|[spread] p2a\n|-activate|p2b: Maushold|move: Protect\n|-damage|p2a: Rotom|0 fnt\n|faint|p2a: Rotom\n|\n|upkeep\n|\n|t:|1776267605\n|switch|p2a: Kingambit|Kingambit, L50, F|100/100\n|turn|4\n|\n|t:|1776267619\n|move|p1a: Sneasler|Protect|p1a: Sneasler\n|-singleturn|p1a: Sneasler|Protect\n|move|p1b: Aerodactyl|Rock Slide|p2b: Maushold|[spread] p2a,p2b\n|-resisted|p2a: Kingambit|1\n|-crit|p2b: Maushold\n|-damage|p2a: Kingambit|94/100\n|-damage|p2b: Maushold|0 fnt\n|faint|p2b: Maushold\n|cant|p2a: Kingambit|flinch\n|\n|-sideend|p1: FedVGC|move: Tailwind\n|upkeep\n|\n|t:|1776267623\n|switch|p2b: Floette|Floette-Eternal, L50, F|100/100\n|turn|5\n|\n|t:|1776267633\n|detailschange|p2b: Floette|Floette-Mega, L50, F\n|-mega|p2b: Floette|Floette|Floettite\n|-ability|p2b: Floette|Fairy Aura\n|move|p2a: Kingambit|Sucker Punch|p1a: Sneasler\n|-resisted|p1a: Sneasler|1\n|-damage|p1a: Sneasler|5/100\n|move|p1a: Sneasler|Dire Claw|p2b: Floette\n|-supereffective|p2b: Floette|1\n|-damage|p2b: Floette|3/100\n|move|p1b: Aerodactyl|Tailwind|p1b: Aerodactyl\n|-sidestart|p1: FedVGC|move: Tailwind\n|move|p2b: Floette|Calm Mind|p2b: Floette\n|-boost|p2b: Floette|spa|1\n|-boost|p2b: Floette|spd|1\n|\n|upkeep\n|turn|6\n|\n|t:|1776267651\n|move|p2b: Floette|Protect|p2b: Floette\n|-singleturn|p2b: Floette|Protect\n|move|p1a: Sneasler|Close Combat|p2a: Kingambit\n|-supereffective|p2a: Kingambit|2\n|-damage|p2a: Kingambit|0 fnt\n|-unboost|p1a: Sneasler|def|1\n|-unboost|p1a: Sneasler|spd|1\n|faint|p2a: Kingambit\n|move|p1b: Aerodactyl|Rock Slide|p2b: Floette\n|-activate|p2b: Floette|move: Protect\n|\n|upkeep\n|turn|7\n|-message|dwsdws forfeited.\n|\n|win|FedVGC\n|raw|FedVGC's rating: 1136 &rarr; <strong>1159</strong><br />(+23 for winning)\n|raw|dwsdws's rating: 1104 &rarr; <strong>1081</strong><br />(-23 for losing)\n|l|\u2606dwsdws\n|player|p2|\n",
  "uploadtime": 1776267664,
  "views": 29,
  "formatid": "gen9championsvgc2026regma",
  "rating": 1081,
  "private": 0,
  "password": null
}