{
  "id": "gen9championsvgc2026regma-2584245185",
  "format": "[Gen 9 Champions] VGC 2026 Reg M-A",
  "players": [
    "Niko highway",
    "azumarillsky"
  ],
  "log": "|j|\u2606Niko highway\n|j|\u2606azumarillsky\n|t:|1776242635\n|gametype|doubles\n|player|p1|Niko highway|1|1390\n|player|p2|azumarillsky|2|1477\n|gen|9\n|tier|[Gen 9 Champions] VGC 2026 Reg M-A\n|rated|\n|rule|Species Clause: Limit one of each Pok\u00e9mon\n|rule|Item Clause: Limit 1 of each item\n|clearpoke\n|poke|p1|Incineroar, L50, M|\n|poke|p1|Conkeldurr, L50, M|\n|poke|p1|Sinistcha, L50|\n|poke|p1|Cofagrigus, L50, M|\n|poke|p1|Drampa, L50, M|\n|poke|p1|Aegislash, L50, M|\n|poke|p2|Banette, L50, F|\n|poke|p2|Scizor, L50, M|\n|poke|p2|Primarina, L50, M|\n|poke|p2|Basculegion, L50, M|\n|poke|p2|Archaludon, L50, F|\n|poke|p2|Pelipper, L50, F|\n|teampreview|4\n|\n|t:|1776242687\n|teamsize|p1|4\n|teamsize|p2|4\n|start\n|switch|p1a: Incineroar|Incineroar, L50, M|100/100\n|switch|p1b: Cofagrigus|Cofagrigus, L50, M|100/100\n|switch|p2a: Pelipper|Pelipper, L50, F|100/100\n|switch|p2b: Primarina|Primarina, L50, M|100/100\n|-weather|RainDance|[from] ability: Drizzle|[of] p2a: Pelipper\n|-ability|p1a: Incineroar|Intimidate|boost\n|-unboost|p2a: Pelipper|atk|1\n|-unboost|p2b: Primarina|atk|1\n|turn|1\n|inactive|Battle timer is ON: inactive players will automatically lose when time's up. (requested by azumarillsky)\n|\n|t:|1776242714\n|switch|p2b: Archaludon|Archaludon, L50, F|100/100\n|move|p1a: Incineroar|Fake Out|p2b: Archaludon\n|-resisted|p2b: Archaludon|1\n|-damage|p2b: Archaludon|95/100\n|-ability|p2b: Archaludon|Stamina|boost\n|-boost|p2b: Archaludon|def|1\n|move|p2a: Pelipper|Weather Ball|p1a: Incineroar\n|-supereffective|p1a: Incineroar|1\n|-damage|p1a: Incineroar|0 fnt\n|faint|p1a: Incineroar\n|move|p1b: Cofagrigus|Trick Room|p1b: Cofagrigus\n|-fieldstart|move: Trick Room|[of] p1b: Cofagrigus\n|\n|-weather|RainDance|[upkeep]\n|-heal|p2b: Archaludon|100/100|[from] item: Leftovers\n|upkeep\n|\n|t:|1776242723\n|switch|p1a: Drampa|Drampa, L50, M|100/100\n|-ability|p1a: Drampa|Cloud Nine\n|turn|2\n|\n|t:|1776242739\n|move|p2b: Archaludon|Protect|p2b: Archaludon\n|-singleturn|p2b: Archaludon|Protect\n|move|p1b: Cofagrigus|Shadow Ball|p2b: Archaludon\n|-activate|p2b: Archaludon|move: Protect\n|move|p1a: Drampa|Dragon Pulse|p2b: Archaludon\n|-activate|p2b: Archaludon|move: Protect\n|move|p2a: Pelipper|Weather Ball|p1b: Cofagrigus\n|-immune|p1b: Cofagrigus\n|\n|-weather|RainDance|[upkeep]\n|upkeep\n|turn|3\n|\n|t:|1776242761\n|move|p2a: Pelipper|Helping Hand|p2b: Archaludon\n|-singleturn|p2b: Archaludon|Helping Hand|[of] p2a: Pelipper\n|move|p1b: Cofagrigus|Shadow Ball|p2b: Archaludon\n|-damage|p2b: Archaludon|70/100\n|-unboost|p2b: Archaludon|spd|1\n|-ability|p2b: Archaludon|Stamina|boost\n|-boost|p2b: Archaludon|def|1\n|move|p1a: Drampa|Hyper Voice|p2b: Archaludon|[spread] p2a,p2b\n|-resisted|p2b: Archaludon|1\n|-damage|p2a: Pelipper|33/100\n|-damage|p2b: Archaludon|31/100\n|-ability|p2b: Archaludon|Stamina|boost\n|-boost|p2b: Archaludon|def|1\n|move|p2b: Archaludon|Dragon Pulse|p1a: Drampa\n|-supereffective|p1a: Drampa|1\n|-damage|p1a: Drampa|0 fnt\n|faint|p1a: Drampa\n|\n|-weather|RainDance|[upkeep]\n|-heal|p2b: Archaludon|38/100|[from] item: Leftovers\n|upkeep\n|\n|t:|1776242766\n|switch|p1a: Sinistcha|Sinistcha, L50|100/100\n|turn|4\n|inactive|azumarillsky has 30 seconds left.\n|\n|t:|1776242797\n|switch|p2a: Primarina|Primarina, L50, M|100/100\n|switch|p2b: Scizor|Scizor, L50, M|100/100\n|move|p1b: Cofagrigus|Shadow Ball|p2b: Scizor\n|-damage|p2b: Scizor|68/100\n|move|p1a: Sinistcha|Shadow Ball|p2a: Primarina\n|-damage|p2a: Primarina|58/100\n|\n|-weather|RainDance|[upkeep]\n|upkeep\n|turn|5\n|\n|t:|1776242811\n|switch|p2a: Archaludon|Archaludon, L50, F|38/100\n|move|p2b: Scizor|Protect|p2b: Scizor\n|-singleturn|p2b: Scizor|Protect\n|move|p1b: Cofagrigus|Trick Room|p1b: Cofagrigus\n|-fieldend|move: Trick Room\n|move|p1a: Sinistcha|Trick Room|p1a: Sinistcha\n|-fieldstart|move: Trick Room|[of] p1a: Sinistcha\n|\n|-weather|none\n|-heal|p2a: Archaludon|44/100|[from] item: Leftovers\n|upkeep\n|turn|6\n|\n|t:|1776242830\n|switch|p2a: Pelipper|Pelipper, L50, F|33/100\n|-weather|RainDance|[from] ability: Drizzle|[of] p2a: Pelipper\n|detailschange|p2b: Scizor|Scizor-Mega, L50, M\n|-mega|p2b: Scizor|Scizor|Scizorite\n|move|p1b: Cofagrigus|Will-O-Wisp|p2b: Scizor\n|-status|p2b: Scizor|brn\n|move|p1a: Sinistcha|Shadow Ball|p2a: Pelipper\n|-damage|p2a: Pelipper|0 fnt\n|faint|p2a: Pelipper\n|move|p2b: Scizor|Bug Bite|p1a: Sinistcha\n|-damage|p1a: Sinistcha|72/100\n|-enditem|p1a: Sinistcha|Colbur Berry|[from] stealeat|[move] Bug Bite|[of] p2b: Scizor\n|\n|-weather|RainDance|[upkeep]\n|-damage|p2b: Scizor|62/100 brn|[from] brn\n|upkeep\n|\n|t:|1776242845\n|switch|p2a: Archaludon|Archaludon, L50, F|44/100\n|turn|7\n|\n|t:|1776242855\n|move|p2b: Scizor|Protect|p2b: Scizor\n|-singleturn|p2b: Scizor|Protect\n|move|p2a: Archaludon|Protect|p2a: Archaludon\n|-singleturn|p2a: Archaludon|Protect\n|move|p1b: Cofagrigus|Shadow Ball|p2b: Scizor\n|-activate|p2b: Scizor|move: Protect\n|move|p1a: Sinistcha|Shadow Ball|p2a: Archaludon\n|-activate|p2a: Archaludon|move: Protect\n|\n|-weather|RainDance|[upkeep]\n|-heal|p2a: Archaludon|50/100|[from] item: Leftovers\n|-damage|p2b: Scizor|56/100 brn|[from] brn\n|upkeep\n|turn|8\n|\n|t:|1776242870\n|switch|p2a: Primarina|Primarina, L50, M|58/100\n|move|p1b: Cofagrigus|Shadow Ball|p2a: Primarina\n|-damage|p2a: Primarina|28/100\n|move|p1a: Sinistcha|Shadow Ball|p2a: Primarina\n|-damage|p2a: Primarina|0 fnt\n|faint|p2a: Primarina\n|move|p2b: Scizor|Dual Wingbeat|p1a: Sinistcha|[miss]\n|-miss|p2b: Scizor|p1a: Sinistcha\n|\n|-weather|RainDance|[upkeep]\n|-damage|p2b: Scizor|51/100 brn|[from] brn\n|upkeep\n|\n|t:|1776242882\n|switch|p2a: Archaludon|Archaludon, L50, F|50/100\n|turn|9\n|\n|t:|1776242897\n|move|p2b: Scizor|Dual Wingbeat|p1a: Sinistcha\n|-supereffective|p1a: Sinistcha|1\n|-damage|p1a: Sinistcha|48/100\n|-supereffective|p1a: Sinistcha|1\n|-damage|p1a: Sinistcha|24/100\n|-hitcount|p1a: Sinistcha|2\n|move|p2a: Archaludon|Flash Cannon|p1a: Sinistcha\n|-damage|p1a: Sinistcha|0 fnt\n|faint|p1a: Sinistcha\n|move|p1b: Cofagrigus|Trick Room|p1b: Cofagrigus\n|-fieldend|move: Trick Room\n|\n|-weather|RainDance|[upkeep]\n|-heal|p2a: Archaludon|56/100|[from] item: Leftovers\n|-damage|p2b: Scizor|45/100 brn|[from] brn\n|upkeep\n|turn|10\n|\n|t:|1776242917\n|move|p2a: Archaludon|Electro Shot||[still]\n|-prepare|p2a: Archaludon|Electro Shot\n|-boost|p2a: Archaludon|spa|1\n|-anim|p2a: Archaludon|Electro Shot|p1b: Cofagrigus\n|-damage|p1b: Cofagrigus|44/100\n|move|p2b: Scizor|Dual Wingbeat|p1b: Cofagrigus\n|-damage|p1b: Cofagrigus|35/100\n|-activate|p1b: Cofagrigus|ability: Mummy|p2b: Scizor|[ability] Technician\n|-damage|p1b: Cofagrigus|30/100\n|-hitcount|p1b: Cofagrigus|2\n|move|p1b: Cofagrigus|Body Press|p2a: Archaludon\n|-supereffective|p2a: Archaludon|1\n|-damage|p2a: Archaludon|15/100\n|-ability|p2a: Archaludon|Stamina|boost\n|-boost|p2a: Archaludon|def|1\n|\n|-weather|none\n|-heal|p2a: Archaludon|21/100|[from] item: Leftovers\n|-heal|p1b: Cofagrigus|36/100|[from] item: Leftovers\n|-damage|p2b: Scizor|39/100 brn|[from] brn\n|upkeep\n|turn|11\n|\n|t:|1776242939\n|move|p2a: Archaludon|Dragon Pulse|p1b: Cofagrigus\n|-damage|p1b: Cofagrigus|0 fnt\n|faint|p1b: Cofagrigus\n|\n|win|azumarillsky\n|raw|Niko highway's rating: 1390 &rarr; <strong>1375</strong><br />(-15 for losing)\n|raw|azumarillsky's rating: 1477 &rarr; <strong>1492</strong><br />(+15 for winning)\n|l|\u2606azumarillsky\n|player|p2|\n",
  "uploadtime": 1776242946,
  "views": 46,
  "formatid": "gen9championsvgc2026regma",
  "rating": 1375,
  "private": 0,
  "password": null
}