{
  "id": "gen9championsvgc2026regma-2582344460",
  "format": "[Gen 9 Champions] VGC 2026 Reg M-A",
  "players": [
    "vindland",
    "jasonrfry"
  ],
  "log": "|j|\u2606vindland\n|j|\u2606jasonrfry\n|t:|1776085074\n|gametype|doubles\n|player|p1|vindland|n|1139\n|player|p2|jasonrfry|169|1124\n|gen|9\n|tier|[Gen 9 Champions] VGC 2026 Reg M-A\n|rated|\n|rule|Species Clause: Limit one of each Pok\u00e9mon\n|rule|Item Clause: Limit 1 of each item\n|clearpoke\n|poke|p1|Starmie, L50|\n|poke|p1|Kingambit, L50, M|\n|poke|p1|Jolteon, L50, M|\n|poke|p1|Pelipper, L50, M|\n|poke|p1|Sneasler, L50, F|\n|poke|p1|Sinistcha-Masterpiece, L50|\n|poke|p2|Mimikyu, L50, F|\n|poke|p2|Meganium, L50, F|\n|poke|p2|Primarina, L50, F|\n|poke|p2|Sneasler, L50, M|\n|poke|p2|Torkoal, L50, F|\n|poke|p2|Kingambit, L50, M|\n|teampreview|4\n|\n|t:|1776085108\n|teamsize|p1|4\n|teamsize|p2|4\n|start\n|switch|p1a: Starmie|Starmie, L50|100/100\n|switch|p1b: Sneasler|Sneasler, L50, F|100/100\n|switch|p2a: Mimikyu|Mimikyu, L50, F, shiny|100/100\n|switch|p2b: Sneasler|Sneasler, L50, M|100/100\n|-ability|p1b: Sneasler|Pressure\n|turn|1\n|\n|t:|1776085131\n|detailschange|p1a: Starmie|Starmie-Mega, L50\n|-mega|p1a: Starmie|Starmie|Starminite\n|move|p2b: Sneasler|Fake Out|p1b: Sneasler\n|-crit|p1b: Sneasler\n|-damage|p1b: Sneasler|68/100\n|-immune|p1b: Sneasler\n|cant|p1b: Sneasler|flinch\n|move|p1a: Starmie|Aqua Jet|p2a: Mimikyu\n|-activate|p2a: Mimikyu|ability: Disguise\n|-damage|p2a: Mimikyu|100/100\n|detailschange|p2a: Mimikyu|Mimikyu-Busted, L50, F, shiny\n|-damage|p2a: Mimikyu|88/100|[from] pokemon: Mimikyu-Busted\n|move|p2a: Mimikyu|Trick Room|p2a: Mimikyu\n|-fieldstart|move: Trick Room|[of] p2a: Mimikyu\n|\n|upkeep\n|turn|2\n|\n|t:|1776085153\n|move|p2a: Mimikyu|Will-O-Wisp|p1a: Starmie\n|-status|p1a: Starmie|brn\n|move|p2b: Sneasler|Close Combat|p1b: Sneasler\n|-resisted|p1b: Sneasler|1\n|-damage|p1b: Sneasler|23/100\n|-unboost|p2b: Sneasler|def|1\n|-unboost|p2b: Sneasler|spd|1\n|-enditem|p2b: Sneasler|White Herb\n|-clearnegativeboost|p2b: Sneasler|[silent]\n|move|p1b: Sneasler|Coaching|p1a: Starmie\n|-boost|p1a: Starmie|atk|1\n|-boost|p1a: Starmie|def|1\n|move|p1a: Starmie|Zen Headbutt|p2b: Sneasler\n|-supereffective|p2b: Sneasler|2\n|-damage|p2b: Sneasler|0 fnt\n|faint|p2b: Sneasler\n|\n|-damage|p1a: Starmie|95/100 brn|[from] brn\n|upkeep\n|\n|t:|1776085162\n|switch|p2b: Kingambit|Kingambit, L50, M|100/100\n|turn|3\n|\n|t:|1776085186\n|move|p1a: Starmie|Protect|p1a: Starmie\n|-singleturn|p1a: Starmie|Protect\n|move|p2b: Kingambit|Kowtow Cleave|p1b: Sneasler\n|-resisted|p1b: Sneasler|1\n|-damage|p1b: Sneasler|0 fnt\n|faint|p1b: Sneasler\n|move|p2a: Mimikyu|Curse|p1a: Starmie\n|-start|p1a: Starmie|Curse|[of] p2a: Mimikyu\n|-damage|p2a: Mimikyu|38/100\n|\n|-damage|p1a: Starmie|89/100 brn|[from] brn\n|-damage|p1a: Starmie|64/100 brn|[from] Curse\n|upkeep\n|\n|t:|1776085196\n|switch|p1b: Pelipper|Pelipper, L50, M|100/100\n|-weather|RainDance|[from] ability: Drizzle|[of] p1b: Pelipper\n|turn|4\n|\n|t:|1776085206\n|switch|p1b: Kingambit|Kingambit, L50, M|100/100\n|move|p2b: Kingambit|Protect|p2b: Kingambit\n|-singleturn|p2b: Kingambit|Protect\n|move|p2a: Mimikyu|Curse|p1b: Kingambit\n|-start|p1b: Kingambit|Curse|[of] p2a: Mimikyu\n|-damage|p2a: Mimikyu|0 fnt\n|faint|p2a: Mimikyu\n|move|p1a: Starmie|Liquidation|p2b: Kingambit\n|-activate|p2b: Kingambit|move: Protect\n|\n|-weather|RainDance|[upkeep]\n|-damage|p1a: Starmie|58/100 brn|[from] brn\n|-damage|p1b: Kingambit|76/100|[from] Curse\n|-damage|p1a: Starmie|33/100 brn|[from] Curse\n|upkeep\n|\n|t:|1776085219\n|switch|p2a: Meganium|Meganium, L50, F|100/100\n|turn|5\n|\n|t:|1776085236\n|detailschange|p2a: Meganium|Meganium-Mega, L50, F\n|-mega|p2a: Meganium|Meganium|Meganiumite\n|move|p1a: Starmie|Protect|p1a: Starmie\n|-singleturn|p1a: Starmie|Protect\n|move|p2b: Kingambit|Low Kick|p1b: Kingambit\n|-supereffective|p1b: Kingambit|2\n|-damage|p1b: Kingambit|0 fnt\n|faint|p1b: Kingambit\n|move|p2a: Meganium|Solar Beam||[still]\n|-prepare|p2a: Meganium|Solar Beam\n|-activate|p2a: Meganium|ability: Mega Sol\n|-anim|p2a: Meganium|Solar Beam|p1a: Starmie\n|-activate|p1a: Starmie|move: Protect\n|\n|-weather|RainDance|[upkeep]\n|-damage|p1a: Starmie|28/100 brn|[from] brn\n|-damage|p1a: Starmie|3/100 brn|[from] Curse\n|-fieldend|move: Trick Room\n|upkeep\n|\n|t:|1776085244\n|switch|p1b: Pelipper|Pelipper, L50, M|100/100\n|turn|6\n|\n|t:|1776085255\n|move|p2a: Meganium|Protect|p2a: Meganium\n|-singleturn|p2a: Meganium|Protect\n|move|p2b: Kingambit|Protect|p2b: Kingambit\n|-singleturn|p2b: Kingambit|Protect\n|move|p1a: Starmie|Liquidation|p2b: Kingambit\n|-activate|p2b: Kingambit|move: Protect\n|move|p1b: Pelipper|Hurricane|p2a: Meganium\n|-activate|p2a: Meganium|move: Protect\n|\n|-weather|RainDance|[upkeep]\n|-damage|p1a: Starmie|0 fnt|[from] brn\n|faint|p1a: Starmie\n|upkeep\n|turn|7\n|-message|vindland forfeited.\n|\n|win|jasonrfry\n|raw|vindland's rating: 1139 &rarr; <strong>1113</strong><br />(-26 for losing)\n|raw|jasonrfry's rating: 1124 &rarr; <strong>1150</strong><br />(+26 for winning)\n|l|\u2606vindland\n|player|p1|\n",
  "uploadtime": 1776085443,
  "views": 11,
  "formatid": "gen9championsvgc2026regma",
  "rating": 1113,
  "private": 0,
  "password": null
}