{
  "id": "gen9championsvgc2026regma-2586377836",
  "format": "[Gen 9 Champions] VGC 2026 Reg M-A",
  "players": [
    "livanddeath",
    "loong001"
  ],
  "log": "|j|\u2606livanddeath\n|j|\u2606loong001\n|t:|1776430193\n|gametype|doubles\n|player|p1|livanddeath|caitlin|1260\n|player|p2|loong001|170|1350\n|gen|9\n|tier|[Gen 9 Champions] VGC 2026 Reg M-A\n|rated|\n|rule|Species Clause: Limit one of each Pok\u00e9mon\n|rule|Item Clause: Limit 1 of each item\n|clearpoke\n|poke|p1|Gardevoir, L50, M|\n|poke|p1|Gyarados, L50, M|\n|poke|p1|Delphox, L50, M|\n|poke|p1|Garchomp, L50, F|\n|poke|p1|Aegislash, L50, M|\n|poke|p1|Vivillon-Marine, L50, M|\n|poke|p2|Manectric, L50, M|\n|poke|p2|Corviknight, L50, M|\n|poke|p2|Pelipper, L50, F|\n|poke|p2|Basculegion, L50, M|\n|poke|p2|Archaludon, L50, F|\n|poke|p2|Kommo-o, L50, M|\n|teampreview|4\n|inactive|Battle timer is ON: inactive players will automatically lose when time's up. (requested by loong001)\n|inactive|livanddeath has 60 seconds left.\n|inactive|loong001 has 60 seconds left.\n|\n|t:|1776430240\n|teamsize|p1|4\n|teamsize|p2|4\n|start\n|switch|p1a: Gardevoir|Gardevoir, L50, M|100/100\n|switch|p1b: Garchomp|Garchomp, L50, F|100/100\n|switch|p2a: Manectric|Manectric, L50, M|100/100\n|switch|p2b: Basculegion|Basculegion, L50, M|100/100\n|turn|1\n|inactive|livanddeath has 30 seconds left.\n|inactive|loong001 has 30 seconds left.\n|inactive|livanddeath has 20 seconds left.\n|inactive|loong001 has 20 seconds left.\n|inactive|livanddeath has 15 seconds left.\n|inactive|loong001 has 15 seconds left.\n|inactive|loong001 has 10 seconds left.\n|\n|t:|1776430289\n|detailschange|p2a: Manectric|Manectric-Mega, L50, M\n|-mega|p2a: Manectric|Manectric|Manectite\n|-ability|p2a: Manectric|Intimidate|boost\n|-unboost|p1a: Gardevoir|atk|1\n|-unboost|p1b: Garchomp|atk|1\n|move|p1a: Gardevoir|Icy Wind|p2a: Manectric|[spread] p2a,p2b\n|-resisted|p2b: Basculegion|1\n|-damage|p2a: Manectric|81/100\n|-damage|p2b: Basculegion|93/100\n|-unboost|p2a: Manectric|spe|1\n|-unboost|p2b: Basculegion|spe|1\n|move|p2a: Manectric|Snarl|p1b: Garchomp|[spread] p1a,p1b\n|-damage|p1a: Gardevoir|86/100\n|-damage|p1b: Garchomp|86/100\n|-unboost|p1a: Gardevoir|spa|1\n|-unboost|p1b: Garchomp|spa|1\n|move|p2b: Basculegion|Wave Crash|p1a: Gardevoir\n|-damage|p1a: Gardevoir|0 fnt\n|faint|p1a: Gardevoir\n|-damage|p2b: Basculegion|73/100|[from] Recoil\n|move|p1b: Garchomp|Earthquake|p2a: Manectric|[spread] p2a,p2b\n|-supereffective|p2a: Manectric|1\n|-damage|p2a: Manectric|22/100\n|-damage|p2b: Basculegion|42/100\n|\n|upkeep\n|\n|t:|1776430310\n|switch|p1a: Gyarados|Gyarados, L50, M|100/100\n|-ability|p1a: Gyarados|Intimidate|boost\n|-unboost|p2a: Manectric|atk|1\n|-unboost|p2b: Basculegion|atk|1\n|turn|2\n|inactive|livanddeath has 30 seconds left.\n|\n|t:|1776430344\n|switch|p2b: Pelipper|Pelipper, L50, F|100/100\n|-weather|RainDance|[from] ability: Drizzle|[of] p2b: Pelipper\n|move|p2a: Manectric|Protect|p2a: Manectric\n|-singleturn|p2a: Manectric|Protect\n|move|p1a: Gyarados|Waterfall|p2b: Pelipper\n|-resisted|p2b: Pelipper|1\n|-damage|p2b: Pelipper|55/100\n|move|p1b: Garchomp|Earthquake|p2b: Pelipper|[spread] \n|-activate|p2a: Manectric|move: Protect\n|-immune|p1a: Gyarados\n|-immune|p2b: Pelipper\n|\n|-weather|RainDance|[upkeep]\n|upkeep\n|turn|3\n|inactive|livanddeath has 30 seconds left.\n|inactive|loong001 has 30 seconds left.\n|\n|t:|1776430377\n|switch|p2a: Kommo-o|Kommo-o, L50, M|100/100\n|detailschange|p1a: Gyarados|Gyarados-Mega, L50, M\n|-mega|p1a: Gyarados|Gyarados|Gyaradosite\n|-ability|p1a: Gyarados|Mold Breaker\n|move|p1a: Gyarados|Waterfall|p2b: Pelipper\n|-resisted|p2b: Pelipper|1\n|-damage|p2b: Pelipper|0 fnt\n|faint|p2b: Pelipper\n|move|p1b: Garchomp|Stomping Tantrum|p2a: Kommo-o\n|-damage|p2a: Kommo-o|56/100\n|\n|-weather|RainDance|[upkeep]\n|upkeep\n|\n|t:|1776430395\n|switch|p2b: Basculegion|Basculegion, L50, M|42/100\n|turn|4\n|\n|t:|1776430413\n|move|p1b: Garchomp|Protect|p1b: Garchomp\n|-singleturn|p1b: Garchomp|Protect\n|move|p2b: Basculegion|Wave Crash|p1b: Garchomp\n|-activate|p1b: Garchomp|move: Protect\n|move|p2a: Kommo-o|Clangorous Soul|p2a: Kommo-o\n|-boost|p2a: Kommo-o|atk|1\n|-boost|p2a: Kommo-o|def|1\n|-boost|p2a: Kommo-o|spa|1\n|-boost|p2a: Kommo-o|spd|1\n|-boost|p2a: Kommo-o|spe|1\n|-damage|p2a: Kommo-o|23/100\n|-enditem|p2a: Kommo-o|Sitrus Berry|[eat]\n|-heal|p2a: Kommo-o|48/100|[from] item: Sitrus Berry\n|move|p1a: Gyarados|Earthquake|p2a: Kommo-o|[spread] p2a,p2b\n|-activate|p1b: Garchomp|move: Protect\n|-damage|p2a: Kommo-o|28/100\n|-damage|p2b: Basculegion|5/100\n|\n|-weather|RainDance|[upkeep]\n|upkeep\n|turn|5\n|inactive|livanddeath has 30 seconds left.\n|inactive|loong001 has 30 seconds left.\n|inactive|livanddeath has 20 seconds left.\n|inactive|livanddeath has 15 seconds left.\n|inactive|livanddeath has 10 seconds left.\n|\n|t:|1776430458\n|switch|p1a: Aegislash|Aegislash, L50, M|100/100\n|move|p2a: Kommo-o|Clanging Scales|p1a: Aegislash|[spread] p1a,p1b\n|-resisted|p1a: Aegislash|1\n|-supereffective|p1b: Garchomp|1\n|-damage|p1a: Aegislash|80/100\n|-damage|p1b: Garchomp|0 fnt\n|faint|p1b: Garchomp\n|-unboost|p2a: Kommo-o|def|1\n|move|p2b: Basculegion|Wave Crash|p1a: Aegislash\n|-damage|p1a: Aegislash|0 fnt\n|faint|p1a: Aegislash\n|-damage|p2b: Basculegion|0 fnt|[from] Recoil\n|faint|p2b: Basculegion\n|\n|-weather|RainDance|[upkeep]\n|upkeep\n|\n|t:|1776430473\n|switch|p2b: Manectric|Manectric-Mega, L50, M|22/100\n|switch|p1b: Gyarados|Gyarados-Mega, L50, M|100/100\n|-ability|p2b: Manectric|Intimidate|boost\n|-unboost|p1b: Gyarados|atk|1\n|-ability|p1b: Gyarados|Mold Breaker\n|turn|6\n|\n|t:|1776430483\n|move|p2b: Manectric|Thunderbolt|p1b: Gyarados\n|-supereffective|p1b: Gyarados|1\n|-damage|p1b: Gyarados|29/100\n|move|p2a: Kommo-o|Clanging Scales|p1b: Gyarados\n|-damage|p1b: Gyarados|0 fnt\n|faint|p1b: Gyarados\n|\n|win|loong001\n|raw|livanddeath's rating: 1260 &rarr; <strong>1241</strong><br />(-19 for losing)\n|raw|loong001's rating: 1350 &rarr; <strong>1365</strong><br />(+15 for winning)\n|l|\u2606livanddeath\n|player|p1|\n",
  "uploadtime": 1776430492,
  "views": 39,
  "formatid": "gen9championsvgc2026regma",
  "rating": 1241,
  "private": 0,
  "password": null
}