{
  "id": "gen9championsvgc2026regma-2584406672",
  "format": "[Gen 9 Champions] VGC 2026 Reg M-A",
  "players": [
    "Sharkhy_",
    "n3rx1s"
  ],
  "log": "|j|\u2606Sharkhy_\n|j|\u2606n3rx1s\n|t:|1776258608\n|gametype|doubles\n|player|p1|Sharkhy_|2|1090\n|player|p2|n3rx1s|265|1047\n|gen|9\n|tier|[Gen 9 Champions] VGC 2026 Reg M-A\n|rated|\n|rule|Species Clause: Limit one of each Pok\u00e9mon\n|rule|Item Clause: Limit 1 of each item\n|clearpoke\n|poke|p1|Charizard, L50, F|\n|poke|p1|Maushold-Four, L50|\n|poke|p1|Sneasler, L50, M|\n|poke|p1|Dragapult, L50, M|\n|poke|p1|Kingambit, L50, F|\n|poke|p1|Garchomp, L50, F|\n|poke|p2|Gengar, L50, F|\n|poke|p2|Incineroar, L50, M|\n|poke|p2|Whimsicott, L50, F|\n|poke|p2|Sneasler, L50, M|\n|poke|p2|Rotom-Heat, L50|\n|poke|p2|Sylveon, L50, M|\n|teampreview|4\n|inactive|Battle timer is ON: inactive players will automatically lose when time's up. (requested by n3rx1s)\n|inactive|Sharkhy_ has 60 seconds left.\n|inactive|n3rx1s has 60 seconds left.\n|\n|t:|1776258656\n|teamsize|p1|4\n|teamsize|p2|4\n|start\n|switch|p1a: Sneasler|Sneasler, L50, M|100/100\n|switch|p1b: Kingambit|Kingambit, L50, F|100/100\n|switch|p2a: Whimsicott|Whimsicott, L50, F|100/100\n|switch|p2b: Rotom|Rotom-Heat, L50|100/100\n|turn|1\n|\n|t:|1776258672\n|move|p1a: Sneasler|Feint|p2a: Whimsicott\n|-damage|p2a: Whimsicott|90/100\n|move|p2a: Whimsicott|Tailwind|p2a: Whimsicott\n|-sidestart|p2: n3rx1s|move: Tailwind\n|move|p2b: Rotom|Overheat|p1b: Kingambit\n|-supereffective|p1b: Kingambit|1\n|-damage|p1b: Kingambit|0 fnt\n|-unboost|p2b: Rotom|spa|2\n|faint|p1b: Kingambit\n|\n|upkeep\n|\n|t:|1776258689\n|switch|p1b: Charizard|Charizard, L50, F|100/100\n|turn|2\n|\n|t:|1776258711\n|detailschange|p1b: Charizard|Charizard-Mega-Y, L50, F\n|-mega|p1b: Charizard|Charizard|Charizardite Y\n|-weather|SunnyDay|[from] ability: Drought|[of] p1b: Charizard\n|move|p2a: Whimsicott|Encore|p1a: Sneasler\n|-start|p1a: Sneasler|Encore\n|move|p1a: Sneasler|Feint|p2a: Whimsicott\n|-damage|p2a: Whimsicott|80/100\n|move|p2b: Rotom|Volt Switch|p1b: Charizard\n|-supereffective|p1b: Charizard|1\n|-damage|p1b: Charizard|71/100\n|\n|t:|1776258724\n|switch|p2b: Sylveon|Sylveon, L50, M|100/100|[from] Volt Switch\n|move|p1b: Charizard|Heat Wave|p2a: Whimsicott|[spread] p2a,p2b\n|-supereffective|p2a: Whimsicott|1\n|-damage|p2a: Whimsicott|0 fnt\n|-damage|p2b: Sylveon|54/100\n|faint|p2a: Whimsicott\n|\n|-weather|SunnyDay|[upkeep]\n|upkeep\n|\n|t:|1776258732\n|switch|p2a: Rotom|Rotom-Heat, L50|100/100\n|turn|3\n|\n|t:|1776258742\n|switch|p1a: Maushold|Maushold-Four, L50|100/100\n|move|p2a: Rotom|Thunderbolt|p1b: Charizard\n|-supereffective|p1b: Charizard|1\n|-damage|p1b: Charizard|12/100\n|move|p2b: Sylveon|Hyper Voice|p1b: Charizard|[spread] p1a,p1b\n|-resisted|p1b: Charizard|1\n|-damage|p1a: Maushold|36/100\n|-damage|p1b: Charizard|0 fnt\n|faint|p1b: Charizard\n|\n|-weather|SunnyDay|[upkeep]\n|upkeep\n|\n|t:|1776258752\n|switch|p1b: Sneasler|Sneasler, L50, M|100/100\n|turn|4\n|\n|t:|1776258764\n|move|p1a: Maushold|Protect|p1a: Maushold\n|-singleturn|p1a: Maushold|Protect\n|move|p1b: Sneasler|Fake Out|p2a: Rotom\n|-damage|p2a: Rotom|85/100\n|cant|p2a: Rotom|flinch\n|move|p2b: Sylveon|Hyper Voice|p1a: Maushold|[spread] p1b\n|-activate|p1a: Maushold|move: Protect\n|-damage|p1b: Sneasler|50/100\n|\n|-weather|SunnyDay|[upkeep]\n|-heal|p2a: Rotom|91/100|[from] item: Leftovers\n|-sideend|p2: n3rx1s|move: Tailwind\n|upkeep\n|turn|5\n|inactive|Sharkhy_ has 30 seconds left.\n|inactive|Sharkhy_ has 20 seconds left.\n|inactive|Sharkhy_ has 15 seconds left.\n|\n|t:|1776258807\n|move|p1a: Maushold|Follow Me|p1a: Maushold\n|-singleturn|p1a: Maushold|move: Follow Me\n|move|p1b: Sneasler|Dire Claw|p2b: Sylveon\n|-supereffective|p2b: Sylveon|1\n|-damage|p2b: Sylveon|0 fnt\n|faint|p2b: Sylveon\n|move|p2a: Rotom|Overheat|p1a: Maushold\n|-damage|p1a: Maushold|0 fnt\n|-unboost|p2a: Rotom|spa|2\n|faint|p1a: Maushold\n|\n|-weather|SunnyDay|[upkeep]\n|-heal|p2a: Rotom|97/100|[from] item: Leftovers\n|upkeep\n|inactive|n3rx1s has 30 seconds left.\n|inactive|n3rx1s has 20 seconds left.\n|inactive|n3rx1s has 15 seconds left.\n|inactive|n3rx1s has 10 seconds left.\n|inactive|n3rx1s has 5 seconds left.\n|\n|t:|1776258862\n|switch|p2b: Gengar|Gengar, L50, F|100/100\n|turn|6\n|inactive|n3rx1s has 30 seconds left.\n|inactive|n3rx1s has 20 seconds left.\n|inactive|n3rx1s has 15 seconds left.\n|inactive|n3rx1s has 10 seconds left.\n|inactive|n3rx1s has 5 seconds left.\n|\n|t:|1776258917\n|move|p1b: Sneasler|Close Combat|p2a: Rotom\n|-damage|p2a: Rotom|25/100\n|-unboost|p1b: Sneasler|def|1\n|-unboost|p1b: Sneasler|spd|1\n|move|p2b: Gengar|Perish Song|p2b: Gengar\n|-start|p1b: Sneasler|perish3|[silent]\n|-start|p2a: Rotom|perish3|[silent]\n|-start|p2b: Gengar|perish3|[silent]\n|-fieldactivate|move: Perish Song\n|move|p2a: Rotom|Overheat|p1b: Sneasler\n|-damage|p1b: Sneasler|0 fnt\n|-unboost|p2a: Rotom|spa|2\n|faint|p1b: Sneasler\n|\n|win|n3rx1s\n|raw|Sharkhy_'s rating: 1090 &rarr; <strong>1064</strong><br />(-26 for losing)\n|raw|n3rx1s's rating: 1047 &rarr; <strong>1084</strong><br />(+37 for winning)\n",
  "uploadtime": 1776258930,
  "views": 33,
  "formatid": "gen9championsvgc2026regma",
  "rating": 1064,
  "private": 0,
  "password": null
}