{
  "id": "gen9championsvgc2026regma-2586773480",
  "format": "[Gen 9 Champions] VGC 2026 Reg M-A",
  "players": [
    "Btonator",
    "Quaza15"
  ],
  "log": "|j|\u2606Btonator\n|j|\u2606Quaza15\n|t:|1776458785\n|gametype|doubles\n|player|p1|Btonator|veteran|1307\n|player|p2|Quaza15|ruinmaniac|1349\n|gen|9\n|tier|[Gen 9 Champions] VGC 2026 Reg M-A\n|rated|\n|rule|Species Clause: Limit one of each Pok\u00e9mon\n|rule|Item Clause: Limit 1 of each item\n|clearpoke\n|poke|p1|Gengar, L50, M|\n|poke|p1|Charizard, L50, F|\n|poke|p1|Sneasler, L50, F|\n|poke|p1|Whimsicott, L50, F|\n|poke|p1|Kingambit, L50, F|\n|poke|p1|Garchomp, L50, M|\n|poke|p2|Aerodactyl, L50, F|\n|poke|p2|Garchomp, L50, F|\n|poke|p2|Mamoswine, L50, M|\n|poke|p2|Charizard, L50, M|\n|poke|p2|Kingambit, L50, F|\n|poke|p2|Rotom-Wash, L50|\n|teampreview|4\n|\n|t:|1776458836\n|teamsize|p1|4\n|teamsize|p2|4\n|start\n|switch|p1a: Sneasler|Sneasler, L50, F|100/100\n|switch|p1b: Garchomp|Garchomp, L50, M|100/100\n|switch|p2a: Garchomp|Garchomp, L50, F|100/100\n|switch|p2b: Aerodactyl|Aerodactyl, L50, F|100/100\n|-ability|p2b: Aerodactyl|Unnerve\n|turn|1\n|\n|t:|1776458848\n|move|p2b: Aerodactyl|Protect|p2b: Aerodactyl\n|-singleturn|p2b: Aerodactyl|Protect\n|move|p1a: Sneasler|Fake Out|p2b: Aerodactyl\n|-activate|p2b: Aerodactyl|move: Protect\n|move|p1b: Garchomp|Rock Slide|p2a: Garchomp|[spread] p2a\n|-activate|p2b: Aerodactyl|move: Protect\n|-resisted|p2a: Garchomp|1\n|-damage|p2a: Garchomp|91/100\n|cant|p2a: Garchomp|flinch\n|\n|upkeep\n|turn|2\n|\n|t:|1776458857\n|move|p2a: Garchomp|Protect|p2a: Garchomp\n|-singleturn|p2a: Garchomp|Protect\n|move|p1b: Garchomp|Rock Slide|p2b: Aerodactyl|[spread] p2b\n|-activate|p2a: Garchomp|move: Protect\n|-supereffective|p2b: Aerodactyl|1\n|-damage|p2b: Aerodactyl|26/100\n|cant|p2b: Aerodactyl|flinch\n|move|p1a: Sneasler|Close Combat|p2b: Aerodactyl\n|-damage|p2b: Aerodactyl|0 fnt\n|-unboost|p1a: Sneasler|def|1\n|-unboost|p1a: Sneasler|spd|1\n|faint|p2b: Aerodactyl\n|-enditem|p1a: Sneasler|White Herb\n|-clearnegativeboost|p1a: Sneasler|[silent]\n|\n|upkeep\n|c|\u2606Quaza15|oh\n|\n|t:|1776458866\n|switch|p2b: Mamoswine|Mamoswine, L50, M|100/100\n|turn|3\n|c|\u2606Btonator|oh srry\n|c|\u2606Btonator|got kinda lucky there\n|c|\u2606Quaza15|its ok i didnt wanna win anyway\n|\n|t:|1776458880\n|switch|p1b: Kingambit|Kingambit, L50, F|100/100\n|move|p1a: Sneasler|Close Combat|p2b: Mamoswine\n|-supereffective|p2b: Mamoswine|1\n|-damage|p2b: Mamoswine|0 fnt\n|-unboost|p1a: Sneasler|def|1\n|-unboost|p1a: Sneasler|spd|1\n|faint|p2b: Mamoswine\n|move|p2a: Garchomp|Dragon Claw|p1a: Sneasler\n|-damage|p1a: Sneasler|0 fnt\n|faint|p1a: Sneasler\n|\n|upkeep\n|\n|t:|1776458898\n|switch|p1a: Garchomp|Garchomp, L50, M|100/100\n|switch|p2b: Charizard|Charizard, L50, M|100/100\n|turn|4\n|\n|t:|1776458913\n|move|p2b: Charizard|Protect|p2b: Charizard\n|-singleturn|p2b: Charizard|Protect\n|move|p1a: Garchomp|Rock Slide|p2a: Garchomp|[spread] p2a\n|-activate|p2b: Charizard|move: Protect\n|-resisted|p2a: Garchomp|1\n|-damage|p2a: Garchomp|81/100\n|cant|p2a: Garchomp|flinch\n|move|p1b: Kingambit|Kowtow Cleave|p2a: Garchomp\n|-damage|p2a: Garchomp|30/100\n|-damage|p1b: Kingambit|88/100|[from] ability: Rough Skin|[of] p2a: Garchomp\n|-enditem|p2a: Garchomp|Sitrus Berry|[eat]\n|-heal|p2a: Garchomp|55/100|[from] item: Sitrus Berry\n|\n|upkeep\n|turn|5\n|c|\u2606Btonator|dude...\n|c|\u2606Btonator|sorry\n|\n|t:|1776458932\n|detailschange|p2b: Charizard|Charizard-Mega-Y, L50, M\n|-mega|p2b: Charizard|Charizard|Charizardite Y\n|-weather|SunnyDay|[from] ability: Drought|[of] p2b: Charizard\n|move|p1a: Garchomp|Rock Slide|p2a: Garchomp|[spread] p2a,p2b\n|-resisted|p2a: Garchomp|1\n|-supereffective|p2b: Charizard|2\n|-damage|p2a: Garchomp|45/100\n|-damage|p2b: Charizard|0 fnt\n|faint|p2b: Charizard\n|move|p2a: Garchomp|Dragon Claw|p1a: Garchomp\n|-supereffective|p1a: Garchomp|1\n|-damage|p1a: Garchomp|13/100\n|-damage|p2a: Garchomp|32/100|[from] ability: Rough Skin|[of] p1a: Garchomp\n|move|p1b: Kingambit|Kowtow Cleave|p2a: Garchomp\n|-damage|p2a: Garchomp|0 fnt\n|-damage|p1b: Kingambit|76/100|[from] ability: Rough Skin|[of] p2a: Garchomp\n|faint|p2a: Garchomp\n|\n|win|Btonator\n|raw|Btonator's rating: 1307 &rarr; <strong>1329</strong><br />(+22 for winning)\n|raw|Quaza15's rating: 1349 &rarr; <strong>1327</strong><br />(-22 for losing)\n|c|\u2606Quaza15|...\n|c|\u2606Quaza15|like\n|c|\u2606Btonator|i feel bad\n|c|\u2606Btonator|that's not a way to win\n|c|\u2606Quaza15|well congrats on the elo lol\n|c|\u2606Quaza15|its fine rng is in this game\n|c|\u2606Quaza15|was gonna happen eventually\n|c|\u2606Btonator|ye i know\n|c|\u2606Btonator|had happened to me before\n|c|\u2606Quaza15|its happened to me more often than one would think\n|c|\u2606Btonator|it sucks\n",
  "uploadtime": 1776458933,
  "views": 65,
  "formatid": "gen9championsvgc2026regma",
  "rating": 1327,
  "private": 0,
  "password": null
}