{
  "id": "gen9championsvgc2026regma-2580600203",
  "format": "[Gen 9 Champions] VGC 2026 Reg M-A",
  "players": [
    "rusbi",
    "disciple of blahaj"
  ],
  "log": "|j|\u2606rusbi\n|j|\u2606disciple of blahaj\n|t:|1775916911\n|gametype|doubles\n|player|p1|rusbi|ghetsis|1029\n|player|p2|disciple of blahaj|mina-lgpe|1045\n|gen|9\n|tier|[Gen 9 Champions] VGC 2026 Reg M-A\n|rated|\n|rule|Species Clause: Limit one of each Pok\u00e9mon\n|rule|Item Clause: Limit 1 of each item\n|clearpoke\n|poke|p1|Pelipper, L50, M|\n|poke|p1|Starmie, L50|\n|poke|p1|Archaludon, L50, M|\n|poke|p1|Basculegion, L50, M|\n|poke|p1|Whimsicott, L50, F|\n|poke|p1|Incineroar, L50, F|\n|poke|p2|Floette-Eternal, L50, F|\n|poke|p2|Aegislash, L50, M|\n|poke|p2|Mimikyu, L50, F|\n|poke|p2|Incineroar, L50, F|\n|poke|p2|Maushold-Four, L50|\n|poke|p2|Rotom-Wash, L50|\n|teampreview|4\n|inactive|Battle timer is ON: inactive players will automatically lose when time's up. (requested by rusbi)\n|\n|t:|1775916940\n|teamsize|p1|4\n|teamsize|p2|4\n|start\n|switch|p1a: \u00d3scar|Archaludon, L50, M|100/100\n|switch|p1b: Gaviota|Pelipper, L50, M|100/100\n|switch|p2a: Mimikyu|Mimikyu, L50, F|100/100\n|switch|p2b: Rotom|Rotom-Wash, L50|100/100\n|-weather|RainDance|[from] ability: Drizzle|[of] p1b: Gaviota\n|turn|1\n|\n|t:|1775916961\n|move|p1a: \u00d3scar|Electro Shot||[still]\n|-prepare|p1a: \u00d3scar|Electro Shot\n|-boost|p1a: \u00d3scar|spa|1\n|-anim|p1a: \u00d3scar|Electro Shot|p2a: Mimikyu\n|-activate|p2a: Mimikyu|ability: Disguise\n|-damage|p2a: Mimikyu|100/100\n|detailschange|p2a: Mimikyu|Mimikyu-Busted, L50, F\n|-damage|p2a: Mimikyu|88/100|[from] pokemon: Mimikyu-Busted\n|move|p2b: Rotom|Volt Switch|p1b: Gaviota\n|-supereffective|p1b: Gaviota|2\n|-enditem|p1b: Gaviota|Focus Sash\n|-damage|p1b: Gaviota|1/100\n|\n|t:|1775916978\n|switch|p2b: Floette|Floette-Eternal, L50, F|100/100|[from] Volt Switch\n|move|p1b: Gaviota|Tailwind|p1b: Gaviota\n|-sidestart|p1: rusbi|move: Tailwind\n|move|p2a: Mimikyu|Trick Room|p2a: Mimikyu\n|-fieldstart|move: Trick Room|[of] p2a: Mimikyu\n|\n|-weather|RainDance|[upkeep]\n|upkeep\n|turn|2\n|\n|t:|1775916993\n|detailschange|p2b: Floette|Floette-Mega, L50, F\n|-mega|p2b: Floette|Floette|Floettite\n|-ability|p2b: Floette|Fairy Aura\n|move|p2a: Mimikyu|Play Rough|p1b: Gaviota\n|-damage|p1b: Gaviota|0 fnt\n|faint|p1b: Gaviota\n|move|p2b: Floette|Calm Mind|p2b: Floette\n|-boost|p2b: Floette|spa|1\n|-boost|p2b: Floette|spd|1\n|move|p1a: \u00d3scar|Flash Cannon|p2b: Floette\n|-supereffective|p2b: Floette|1\n|-damage|p2b: Floette|34/100\n|\n|-weather|RainDance|[upkeep]\n|upkeep\n|\n|t:|1775917011\n|switch|p1b: Patricio|Starmie, L50|100/100\n|turn|3\n|\n|t:|1775917021\n|detailschange|p1b: Patricio|Starmie-Mega, L50\n|-mega|p1b: Patricio|Starmie|Starminite\n|move|p2a: Mimikyu|Play Rough|p1a: \u00d3scar\n|-damage|p1a: \u00d3scar|69/100\n|-ability|p1a: \u00d3scar|Stamina|boost\n|-boost|p1a: \u00d3scar|def|1\n|move|p2b: Floette|Draining Kiss|p1a: \u00d3scar\n|-damage|p1a: \u00d3scar|0 fnt\n|-heal|p2b: Floette|85/100|[from] drain|[of] p1a: \u00d3scar\n|faint|p1a: \u00d3scar\n|move|p1b: Patricio|Waterfall|p2b: Floette\n|-damage|p2b: Floette|0 fnt\n|faint|p2b: Floette\n|\n|-weather|RainDance|[upkeep]\n|upkeep\n|\n|t:|1775917035\n|switch|p2b: Rotom|Rotom-Wash, L50|100/100\n|switch|p1a: At\u00fan|Basculegion, L50, M|100/100\n|turn|4\n|\n|t:|1775917046\n|move|p2b: Rotom|Thunderbolt|p1b: Patricio\n|-supereffective|p1b: Patricio|1\n|-damage|p1b: Patricio|7/100\n|move|p2a: Mimikyu|Will-O-Wisp|p1a: At\u00fan\n|-status|p1a: At\u00fan|brn\n|move|p1b: Patricio|Psycho Cut|p2b: Rotom\n|-damage|p2b: Rotom|32/100\n|-enditem|p2b: Rotom|Sitrus Berry|[eat]\n|-heal|p2b: Rotom|57/100|[from] item: Sitrus Berry\n|move|p1a: At\u00fan|Wave Crash|p2a: Mimikyu\n|-damage|p2a: Mimikyu|30/100\n|-damage|p1a: At\u00fan|86/100 brn|[from] Recoil\n|\n|-weather|RainDance|[upkeep]\n|-damage|p1a: At\u00fan|80/100 brn|[from] brn\n|-sideend|p1: rusbi|move: Tailwind\n|upkeep\n|turn|5\n|inactive|rusbi has 30 seconds left.\n|\n|t:|1775917073\n|move|p2b: Rotom|Thunderbolt|p1a: At\u00fan\n|-supereffective|p1a: At\u00fan|1\n|-damage|p1a: At\u00fan|0 fnt\n|faint|p1a: At\u00fan\n|move|p2a: Mimikyu|Curse|p1b: Patricio\n|-start|p1b: Patricio|Curse|[of] p2a: Mimikyu\n|-damage|p2a: Mimikyu|0 fnt\n|faint|p2a: Mimikyu\n|move|p1b: Patricio|Psycho Cut|p2b: Rotom\n|-damage|p2b: Rotom|0 fnt\n|faint|p2b: Rotom\n|\n|-weather|none\n|-damage|p1b: Patricio|0 fnt|[from] Curse\n|faint|p1b: Patricio\n|\n|win|disciple of blahaj\n|raw|rusbi's rating: 1029 &rarr; <strong>1015</strong><br />(-14 for losing)\n|raw|disciple of blahaj's rating: 1045 &rarr; <strong>1077</strong><br />(+32 for winning)\n|l|\u2606rusbi\n|player|p1|\n",
  "uploadtime": 1775917092,
  "views": 9,
  "formatid": "gen9championsvgc2026regma",
  "rating": 1015,
  "private": 0,
  "password": null
}