{
  "id": "gen9championsvgc2026regma-2588332248",
  "format": "[Gen 9 Champions] VGC 2026 Reg M-A",
  "players": [
    "KarmicPines2002",
    "imnoob2"
  ],
  "log": "|j|\u2606KarmicPines2002\n|j|\u2606imnoob2\n|t:|1776624807\n|gametype|doubles\n|player|p1|KarmicPines2002|102|1229\n|player|p2|imnoob2|169|1307\n|gen|9\n|tier|[Gen 9 Champions] VGC 2026 Reg M-A\n|rated|\n|rule|Species Clause: Limit one of each Pok\u00e9mon\n|rule|Item Clause: Limit 1 of each item\n|clearpoke\n|poke|p1|Sneasler, L50, F|\n|poke|p1|Basculegion, L50, M|\n|poke|p1|Aerodactyl, L50, M|\n|poke|p1|Archaludon, L50, F|\n|poke|p1|Scovillain, L50, F|\n|poke|p1|Pelipper, L50, F|\n|poke|p2|Ninetales-Alola, L50, M|\n|poke|p2|Froslass, L50, F|\n|poke|p2|Arcanine-Hisui, L50, M|\n|poke|p2|Archaludon, L50, M|\n|poke|p2|Glimmora, L50, M|\n|poke|p2|Gyarados, L50, M|\n|teampreview|4\n|inactive|Battle timer is ON: inactive players will automatically lose when time's up. (requested by KarmicPines2002)\n|inactive|imnoob2 has 60 seconds left.\n|\n|t:|1776624841\n|teamsize|p1|4\n|teamsize|p2|4\n|start\n|switch|p1a: Scovillain|Scovillain, L50, F|100/100\n|switch|p1b: Basculegion|Basculegion, L50, M|100/100\n|switch|p2a: Archaludon|Archaludon, L50, M|100/100\n|switch|p2b: Ninetales|Ninetales-Alola, L50, M|100/100\n|-weather|Snowscape|[from] ability: Snow Warning|[of] p2b: Ninetales\n|turn|1\n|inactive|KarmicPines2002 has 30 seconds left.\n|inactive|KarmicPines2002 has 20 seconds left.\n|inactive|KarmicPines2002 has 15 seconds left.\n|inactive|KarmicPines2002 has 10 seconds left.\n|\n|t:|1776624889\n|detailschange|p1a: Scovillain|Scovillain-Mega, L50, F\n|-mega|p1a: Scovillain|Scovillain|Scovillainite\n|move|p1b: Basculegion|Protect|p1b: Basculegion\n|-singleturn|p1b: Basculegion|Protect\n|move|p2b: Ninetales|Aurora Veil|p2b: Ninetales\n|-sidestart|p2: imnoob2|move: Aurora Veil\n|move|p2a: Archaludon|Thunderbolt|p1b: Basculegion\n|-activate|p1b: Basculegion|move: Protect\n|move|p1a: Scovillain|Overheat|p2a: Archaludon\n|-damage|p2a: Archaludon|41/100\n|-unboost|p1a: Scovillain|spa|2\n|\n|-weather|Snowscape|[upkeep]\n|upkeep\n|turn|2\n|\n|t:|1776624913\n|switch|p1b: Archaludon|Archaludon, L50, F|100/100\n|move|p1a: Scovillain|Rage Powder|p1a: Scovillain\n|-singleturn|p1a: Scovillain|move: Rage Powder\n|move|p2b: Ninetales|Blizzard|p1b: Archaludon|[spread] p1a,p1b\n|-damage|p1a: Scovillain|73/100\n|-damage|p1b: Archaludon|55/100\n|-status|p2b: Ninetales|brn|[from] ability: Spicy Spray|[of] p1a: Scovillain\n|move|p2a: Archaludon|Flash Cannon|p1a: Scovillain\n|-resisted|p1a: Scovillain|1\n|-damage|p1a: Scovillain|51/100\n|-status|p2a: Archaludon|brn|[from] ability: Spicy Spray|[of] p1a: Scovillain\n|\n|-weather|Snowscape|[upkeep]\n|-damage|p2b: Ninetales|94/100 brn|[from] brn\n|-damage|p2a: Archaludon|35/100 brn|[from] brn\n|upkeep\n|turn|3\n|inactive|KarmicPines2002 has 30 seconds left.\n|\n|t:|1776624941\n|move|p1b: Archaludon|Draco Meteor|p2a: Archaludon\n|-damage|p2a: Archaludon|0 fnt\n|-unboost|p1b: Archaludon|spa|2\n|faint|p2a: Archaludon\n|move|p2b: Ninetales|Icy Wind|p1a: Scovillain|[spread] p1a,p1b\n|-damage|p1a: Scovillain|37/100\n|-damage|p1b: Archaludon|30/100\n|-unboost|p1a: Scovillain|spe|1\n|-unboost|p1b: Archaludon|spe|1\n|move|p1a: Scovillain|Leech Seed|p2b: Ninetales\n|-start|p2b: Ninetales|move: Leech Seed\n|\n|-weather|Snowscape|[upkeep]\n|-damage|p2b: Ninetales|82/100 brn|[from] Leech Seed|[of] p1a: Scovillain\n|-heal|p1a: Scovillain|48/100|[silent]\n|-damage|p2b: Ninetales|76/100 brn|[from] brn\n|upkeep\n|inactive|imnoob2 has 30 seconds left.\n|\n|t:|1776624968\n|switch|p2a: Arcanine|Arcanine-Hisui, L50, M|100/100\n|turn|4\n|\n|t:|1776624990\n|switch|p1b: Pelipper|Pelipper, L50, F|100/100\n|-weather|RainDance|[from] ability: Drizzle|[of] p1b: Pelipper\n|move|p1a: Scovillain|Protect|p1a: Scovillain\n|-singleturn|p1a: Scovillain|Protect\n|move|p2a: Arcanine|Rock Slide|p1a: Scovillain|[spread] p1b\n|-activate|p1a: Scovillain|move: Protect\n|-supereffective|p1b: Pelipper|1\n|-damage|p1b: Pelipper|50/100\n|-enditem|p1b: Pelipper|Sitrus Berry|[eat]\n|-heal|p1b: Pelipper|75/100|[from] item: Sitrus Berry\n|move|p2b: Ninetales|Blizzard|p1b: Pelipper|[spread] p1b\n|-activate|p1a: Scovillain|move: Protect\n|-damage|p1b: Pelipper|35/100\n|\n|-weather|RainDance|[upkeep]\n|-damage|p2b: Ninetales|64/100 brn|[from] Leech Seed|[of] p1a: Scovillain\n|-heal|p1a: Scovillain|58/100|[silent]\n|-damage|p2b: Ninetales|58/100 brn|[from] brn\n|upkeep\n|turn|5\n|inactive|KarmicPines2002 has 30 seconds left.\n|\n|t:|1776625022\n|move|p1b: Pelipper|Wide Guard|p1b: Pelipper\n|-singleturn|p1b: Pelipper|Wide Guard\n|move|p2a: Arcanine|Rock Slide|p1b: Pelipper|[spread] \n|-activate|p1a: Scovillain|move: Wide Guard\n|-activate|p1b: Pelipper|move: Wide Guard\n|move|p2b: Ninetales|Icy Wind|p1a: Scovillain|[spread] \n|-activate|p1a: Scovillain|move: Wide Guard\n|-activate|p1b: Pelipper|move: Wide Guard\n|move|p1a: Scovillain|Leech Seed|p2a: Arcanine\n|-start|p2a: Arcanine|move: Leech Seed\n|\n|-weather|RainDance|[upkeep]\n|-damage|p2a: Arcanine|88/100|[from] Leech Seed|[of] p1a: Scovillain\n|-heal|p1a: Scovillain|71/100|[silent]\n|-damage|p2b: Ninetales|46/100 brn|[from] Leech Seed|[of] p1a: Scovillain\n|-heal|p1a: Scovillain|81/100|[silent]\n|-damage|p2b: Ninetales|40/100 brn|[from] brn\n|-sideend|p2: imnoob2|move: Aurora Veil\n|upkeep\n|turn|6\n|inactive|KarmicPines2002 has 30 seconds left.\n|\n|t:|1776625055\n|switch|p2a: Froslass|Froslass, L50, F|100/100\n|move|p1a: Scovillain|Protect|p1a: Scovillain\n|-singleturn|p1a: Scovillain|Protect\n|move|p2b: Ninetales|Blizzard|p1a: Scovillain|[spread] p1b\n|-activate|p1a: Scovillain|move: Protect\n|-damage|p1b: Pelipper|0 fnt\n|faint|p1b: Pelipper\n|\n|-weather|RainDance|[upkeep]\n|-damage|p2b: Ninetales|28/100 brn|[from] Leech Seed|[of] p1a: Scovillain\n|-heal|p1a: Scovillain|92/100|[silent]\n|-damage|p2b: Ninetales|22/100 brn|[from] brn\n|upkeep\n|\n|t:|1776625074\n|switch|p1b: Archaludon|Archaludon, L50, F|30/100\n|turn|7\n|\n|t:|1776625084\n|switch|p1a: Basculegion|Basculegion, L50, M|100/100\n|move|p2a: Froslass|Protect|p2a: Froslass\n|-singleturn|p2a: Froslass|Protect\n|move|p1b: Archaludon|Flash Cannon|p2a: Froslass\n|-activate|p2a: Froslass|move: Protect\n|move|p2b: Ninetales|Blizzard|p1a: Basculegion|[spread] p1a,p1b\n|-resisted|p1a: Basculegion|1\n|-damage|p1a: Basculegion|80/100\n|-damage|p1b: Archaludon|0 fnt\n|faint|p1b: Archaludon\n|\n|-weather|RainDance|[upkeep]\n|-damage|p2b: Ninetales|10/100 brn|[from] Leech Seed|[of] p1a: Basculegion\n|-heal|p1a: Basculegion|90/100|[silent]\n|-damage|p2b: Ninetales|4/100 brn|[from] brn\n|upkeep\n|\n|t:|1776625101\n|switch|p1b: Scovillain|Scovillain-Mega, L50, F|92/100\n|turn|8\n|inactive|imnoob2 has 30 seconds left.\n|\n|t:|1776625128\n|switch|p2a: Arcanine|Arcanine-Hisui, L50, M|88/100\n|move|p1a: Basculegion|Last Respects|p2a: Arcanine\n|-crit|p2a: Arcanine\n|-damage|p2a: Arcanine|0 fnt\n|faint|p2a: Arcanine\n|move|p2b: Ninetales|Icy Wind|p1b: Scovillain|[spread] p1a,p1b\n|-resisted|p1a: Basculegion|1\n|-damage|p1a: Basculegion|80/100\n|-damage|p1b: Scovillain|76/100\n|-unboost|p1a: Basculegion|spe|1\n|-unboost|p1b: Scovillain|spe|1\n|move|p1b: Scovillain|Overheat|p2b: Ninetales|[miss]\n|-miss|p1b: Scovillain|p2b: Ninetales\n|\n|-weather|none\n|-damage|p2b: Ninetales|0 fnt|[from] Leech Seed|[of] p1a: Basculegion\n|-heal|p1a: Basculegion|84/100|[silent]\n|faint|p2b: Ninetales\n|upkeep\n|\n|t:|1776625144\n|switch|p2a: Froslass|Froslass, L50, F|100/100\n|turn|9\n|c|\u2606imnoob2|Lol the miss\n|\n|t:|1776625163\n|detailschange|p2a: Froslass|Froslass-Mega, L50, F\n|-mega|p2a: Froslass|Froslass|Froslassite\n|-weather|Snowscape|[from] ability: Snow Warning|[of] p2a: Froslass\n|move|p1b: Scovillain|Rage Powder|p1b: Scovillain\n|-singleturn|p1b: Scovillain|move: Rage Powder\n|move|p2a: Froslass|Shadow Ball|p1b: Scovillain\n|-damage|p1b: Scovillain|37/100\n|-status|p2a: Froslass|brn|[from] ability: Spicy Spray|[of] p1b: Scovillain\n|move|p1a: Basculegion|Last Respects|p2a: Froslass\n|-supereffective|p2a: Froslass|1\n|-damage|p2a: Froslass|0 fnt\n|faint|p2a: Froslass\n|\n|win|KarmicPines2002\n|raw|KarmicPines2002's rating: 1229 &rarr; <strong>1260</strong><br />(+31 for winning)\n|raw|imnoob2's rating: 1307 &rarr; <strong>1283</strong><br />(-24 for losing)\n|l|\u2606imnoob2\n|player|p2|\n",
  "uploadtime": 1776625182,
  "views": 10,
  "formatid": "gen9championsvgc2026regma",
  "rating": 1260,
  "private": 0,
  "password": null
}