{
  "id": "gen9championsvgc2026regma-2588102637",
  "format": "[Gen 9 Champions] VGC 2026 Reg M-A",
  "players": [
    "Gontzal4237",
    "Luisao Mata Nub"
  ],
  "log": "|j|\u2606Gontzal4237\n|j|\u2606Luisao Mata Nub\n|t:|1776604541\n|gametype|doubles\n|player|p1|Gontzal4237|veteran|1317\n|player|p2|Luisao Mata Nub|ghetsis-gen5bw|1340\n|gen|9\n|tier|[Gen 9 Champions] VGC 2026 Reg M-A\n|rated|\n|rule|Species Clause: Limit one of each Pok\u00e9mon\n|rule|Item Clause: Limit 1 of each item\n|clearpoke\n|poke|p1|Archaludon, L50, F|\n|poke|p1|Garchomp, L50, F|\n|poke|p1|Basculegion, L50, M, shiny|\n|poke|p1|Floette-Eternal, L50, F|\n|poke|p1|Pelipper, L50, F|\n|poke|p1|Sinistcha, L50|\n|poke|p2|Scovillain, L50, M|\n|poke|p2|Sneasler, L50, M|\n|poke|p2|Garchomp, L50, M|\n|poke|p2|Aerodactyl, L50, M|\n|poke|p2|Sinistcha-Masterpiece, L50|\n|poke|p2|Primarina, L50, M|\n|teampreview|4\n|inactive|Battle timer is ON: inactive players will automatically lose when time's up. (requested by Luisao Mata Nub)\n|inactive|Gontzal4237 has 60 seconds left.\n|\n|t:|1776604601\n|teamsize|p1|4\n|teamsize|p2|4\n|start\n|switch|p1a: Archaludon|Archaludon, L50, F|100/100\n|switch|p1b: Pelipper|Pelipper, L50, F|100/100\n|switch|p2a: Scovillain|Scovillain, L50, M|100/100\n|switch|p2b: Sneasler|Sneasler, L50, M|100/100\n|-weather|RainDance|[from] ability: Drizzle|[of] p1b: Pelipper\n|turn|1\n|\n|t:|1776604624\n|detailschange|p2a: Scovillain|Scovillain-Mega, L50, M\n|-mega|p2a: Scovillain|Scovillain|Scovillainite\n|move|p2b: Sneasler|Protect|p2b: Sneasler\n|-singleturn|p2b: Sneasler|Protect\n|move|p1b: Pelipper|Protect|p1b: Pelipper\n|-singleturn|p1b: Pelipper|Protect\n|move|p1a: Archaludon|Dragon Pulse|p2a: Scovillain\n|-damage|p2a: Scovillain|57/100\n|-status|p1a: Archaludon|brn|[from] ability: Spicy Spray|[of] p2a: Scovillain\n|move|p2a: Scovillain|Leech Seed|p1a: Archaludon\n|-start|p1a: Archaludon|move: Leech Seed\n|\n|-weather|RainDance|[upkeep]\n|-damage|p1a: Archaludon|88/100 brn|[from] Leech Seed|[of] p2a: Scovillain\n|-heal|p2a: Scovillain|71/100|[silent]\n|-damage|p1a: Archaludon|82/100 brn|[from] brn\n|upkeep\n|turn|2\n|inactive|Gontzal4237 has 30 seconds left.\n|\n|t:|1776604650\n|switch|p1a: Basculegion|Basculegion, L50, M, shiny|100/100\n|move|p2a: Scovillain|Rage Powder|p2a: Scovillain\n|-singleturn|p2a: Scovillain|move: Rage Powder\n|move|p2b: Sneasler|Close Combat|p1a: Basculegion\n|-immune|p1a: Basculegion\n|move|p1b: Pelipper|Hurricane|p2a: Scovillain\n|-supereffective|p2a: Scovillain|1\n|-damage|p2a: Scovillain|0 fnt\n|-status|p1b: Pelipper|brn|[from] ability: Spicy Spray|[of] p2a: Scovillain\n|faint|p2a: Scovillain\n|\n|-weather|RainDance|[upkeep]\n|-damage|p1b: Pelipper|95/100 brn|[from] brn\n|upkeep\n|\n|t:|1776604662\n|switch|p2a: Primarina|Primarina, L50, M|100/100\n|turn|3\n|\n|t:|1776604679\n|move|p2b: Sneasler|Protect|p2b: Sneasler\n|-singleturn|p2b: Sneasler|Protect\n|move|p1a: Basculegion|Wave Crash|p2b: Sneasler\n|-activate|p2b: Sneasler|move: Protect\n|move|p2a: Primarina|Moonblast|p1a: Basculegion\n|-damage|p1a: Basculegion|41/100\n|move|p1b: Pelipper|Tailwind|p1b: Pelipper\n|-sidestart|p1: Gontzal4237|move: Tailwind\n|\n|-weather|RainDance|[upkeep]\n|-damage|p1b: Pelipper|89/100 brn|[from] brn\n|upkeep\n|turn|4\n|\n|t:|1776604700\n|switch|p2b: Aerodactyl|Aerodactyl, L50, M|100/100\n|-ability|p2b: Aerodactyl|Unnerve\n|switch|p1b: Archaludon|Archaludon, L50, F|82/100 brn\n|move|p1a: Basculegion|Wave Crash|p2b: Aerodactyl\n|-supereffective|p2b: Aerodactyl|1\n|-enditem|p2b: Aerodactyl|Focus Sash\n|-damage|p2b: Aerodactyl|1/100\n|-damage|p1a: Basculegion|15/100|[from] Recoil\n|move|p2a: Primarina|Hyper Voice|p1a: Basculegion|[spread] p1a,p1b\n|-resisted|p1a: Basculegion|1\n|-resisted|p1b: Archaludon|1\n|-damage|p1a: Basculegion|0 fnt\n|-damage|p1b: Archaludon|55/100 brn\n|-ability|p1b: Archaludon|Stamina|boost\n|-boost|p1b: Archaludon|def|1\n|faint|p1a: Basculegion\n|\n|-weather|RainDance|[upkeep]\n|-damage|p1b: Archaludon|49/100 brn|[from] brn\n|upkeep\n|\n|t:|1776604716\n|switch|p1a: Floette|Floette-Eternal, L50, F|100/100\n|turn|5\n|\n|t:|1776604730\n|detailschange|p1a: Floette|Floette-Mega, L50, F\n|-mega|p1a: Floette|Floette|Floettite\n|-ability|p1a: Floette|Fairy Aura\n|move|p2b: Aerodactyl|Protect|p2b: Aerodactyl\n|-singleturn|p2b: Aerodactyl|Protect\n|move|p2a: Primarina|Protect|p2a: Primarina\n|-singleturn|p2a: Primarina|Protect\n|move|p1a: Floette|Dazzling Gleam|p2a: Primarina|[spread] \n|-activate|p2a: Primarina|move: Protect\n|-activate|p2b: Aerodactyl|move: Protect\n|move|p1b: Archaludon|Electro Shot||[still]\n|-prepare|p1b: Archaludon|Electro Shot\n|-boost|p1b: Archaludon|spa|1\n|-anim|p1b: Archaludon|Electro Shot|p2a: Primarina\n|-activate|p2a: Primarina|move: Protect\n|\n|-weather|none\n|-damage|p1b: Archaludon|43/100 brn|[from] brn\n|upkeep\n|turn|6\n|inactive|Luisao Mata Nub has 30 seconds left.\n|\n|t:|1776604756\n|move|p2b: Aerodactyl|Protect|p2b: Aerodactyl\n|-singleturn|p2b: Aerodactyl|Protect\n|move|p2a: Primarina|Protect|p2a: Primarina\n|-singleturn|p2a: Primarina|Protect\n|move|p1a: Floette|Dazzling Gleam|p2b: Aerodactyl|[spread] \n|-activate|p2a: Primarina|move: Protect\n|-activate|p2b: Aerodactyl|move: Protect\n|move|p1b: Archaludon|Flash Cannon|p2a: Primarina\n|-activate|p2a: Primarina|move: Protect\n|\n|-damage|p1b: Archaludon|37/100 brn|[from] brn\n|-sideend|p1: Gontzal4237|move: Tailwind\n|upkeep\n|turn|7\n|c|\u2606Gontzal4237|is this real\n|\n|t:|1776604780\n|move|p2b: Aerodactyl|Tailwind|p2b: Aerodactyl\n|-sidestart|p2: Luisao Mata Nub|move: Tailwind\n|move|p2a: Primarina|Moonblast|p1b: Archaludon\n|-damage|p1b: Archaludon|0 fnt\n|faint|p1b: Archaludon\n|move|p1a: Floette|Dazzling Gleam|p2b: Aerodactyl|[spread] p2a,p2b\n|-damage|p2a: Primarina|52/100\n|-damage|p2b: Aerodactyl|0 fnt\n|faint|p2b: Aerodactyl\n|\n|upkeep\n|\n|t:|1776604792\n|switch|p2b: Sneasler|Sneasler, L50, M|100/100\n|switch|p1b: Pelipper|Pelipper, L50, F|89/100 brn\n|-weather|RainDance|[from] ability: Drizzle|[of] p1b: Pelipper\n|turn|8\n|\n|t:|1776604811\n|move|p2b: Sneasler|Protect|p2b: Sneasler\n|-singleturn|p2b: Sneasler|Protect\n|move|p2a: Primarina|Moonblast|p1b: Pelipper\n|-damage|p1b: Pelipper|27/100 brn\n|move|p1a: Floette|Dazzling Gleam|p2b: Sneasler|[spread] p2a\n|-activate|p2b: Sneasler|move: Protect\n|-damage|p2a: Primarina|6/100\n|move|p1b: Pelipper|Hurricane|p2b: Sneasler\n|-activate|p2b: Sneasler|move: Protect\n|\n|-weather|RainDance|[upkeep]\n|-damage|p1b: Pelipper|21/100 brn|[from] brn\n|upkeep\n|turn|9\n|\n|t:|1776604828\n|move|p2b: Sneasler|Dire Claw|p1a: Floette\n|-supereffective|p1a: Floette|1\n|-damage|p1a: Floette|0 fnt\n|faint|p1a: Floette\n|move|p2a: Primarina|Hyper Voice|p1b: Pelipper\n|-resisted|p1b: Pelipper|1\n|-damage|p1b: Pelipper|0 fnt\n|faint|p1b: Pelipper\n|\n|win|Luisao Mata Nub\n|raw|Gontzal4237's rating: 1317 &rarr; <strong>1298</strong><br />(-19 for losing)\n|raw|Luisao Mata Nub's rating: 1340 &rarr; <strong>1359</strong><br />(+19 for winning)\n|l|\u2606Luisao Mata Nub\n|player|p2|\n",
  "uploadtime": 1776604854,
  "views": 20,
  "formatid": "gen9championsvgc2026regma",
  "rating": 1298,
  "private": 0,
  "password": null
}