{
  "id": "gen9championsvgc2026regma-2584211602",
  "format": "[Gen 9 Champions] VGC 2026 Reg M-A",
  "players": [
    "colfox",
    "Noko220200"
  ],
  "log": "|j|\u203dcolfox\n|j|\u2606Noko220200\n|t:|1776238754\n|gametype|doubles\n|player|p1|colfox|2|1109\n|player|p2|Noko220200|170|1071\n|gen|9\n|tier|[Gen 9 Champions] VGC 2026 Reg M-A\n|rated|\n|rule|Species Clause: Limit one of each Pok\u00e9mon\n|rule|Item Clause: Limit 1 of each item\n|clearpoke\n|poke|p1|Sylveon, L50, F|\n|poke|p1|Garchomp, L50, F|\n|poke|p1|Milotic, L50, M|\n|poke|p1|Ninetales, L50, F|\n|poke|p1|Raichu, L50, M|\n|poke|p1|Scizor, L50, F|\n|poke|p2|Dragonite, L50, M|\n|poke|p2|Archaludon, L50, F|\n|poke|p2|Pelipper, L50, F|\n|poke|p2|Sinistcha-Masterpiece, L50|\n|poke|p2|Incineroar, L50, F|\n|poke|p2|Scizor, L50, M|\n|teampreview|4\n|\n|t:|1776238779\n|teamsize|p1|4\n|teamsize|p2|4\n|start\n|switch|p1a: Milotic|Milotic, L50, M|100/100\n|switch|p1b: Raichu|Raichu, L50, M|100/100\n|switch|p2a: Incineroar|Incineroar, L50, F, shiny|100/100\n|switch|p2b: Archaludon|Archaludon, L50, F, shiny|100/100\n|-ability|p2a: Incineroar|Intimidate|boost\n|-unboost|p1a: Milotic|atk|1\n|-ability|p1a: Milotic|Competitive|boost\n|-boost|p1a: Milotic|spa|2\n|-unboost|p1b: Raichu|atk|1\n|turn|1\n|inactive|Battle timer is ON: inactive players will automatically lose when time's up. (requested by Noko220200)\n|\n|t:|1776238799\n|switch|p2a: Pelipper|Pelipper, L50, F, shiny|100/100\n|-weather|RainDance|[from] ability: Drizzle|[of] p2a: Pelipper\n|move|p1b: Raichu|Fake Out|p2a: Pelipper\n|-damage|p2a: Pelipper|93/100\n|move|p2b: Archaludon|Electro Shot||[still]\n|-activate|p1b: Raichu|ability: Lightning Rod\n|-prepare|p2b: Archaludon|Electro Shot\n|-boost|p2b: Archaludon|spa|1\n|-anim|p2b: Archaludon|Electro Shot|p1b: Raichu\n|-ability|p1b: Raichu|Lightning Rod|boost\n|-boost|p1b: Raichu|spa|1\n|move|p1a: Milotic|Scald|p2a: Pelipper\n|-resisted|p2a: Pelipper|1\n|-damage|p2a: Pelipper|0 fnt\n|faint|p2a: Pelipper\n|\n|-weather|RainDance|[upkeep]\n|upkeep\n|\n|t:|1776238815\n|switch|p2a: Dragonite|Dragonite, L50, M, shiny|100/100\n|turn|2\n|\n|t:|1776238829\n|detailschange|p2a: Dragonite|Dragonite-Mega, L50, M, shiny\n|-mega|p2a: Dragonite|Dragonite|Dragoninite\n|move|p2a: Dragonite|Protect|p2a: Dragonite\n|-singleturn|p2a: Dragonite|Protect\n|move|p1b: Raichu|Electroweb|p2a: Dragonite|[spread] p2b\n|-activate|p2a: Dragonite|move: Protect\n|-resisted|p2b: Archaludon|1\n|-damage|p2b: Archaludon|84/100\n|-unboost|p2b: Archaludon|spe|1\n|-ability|p2b: Archaludon|Stamina|boost\n|-boost|p2b: Archaludon|def|1\n|move|p1a: Milotic|Icy Wind|p2a: Dragonite|[spread] p2b\n|-activate|p2a: Dragonite|move: Protect\n|-damage|p2b: Archaludon|56/100\n|-unboost|p2b: Archaludon|spe|1\n|-ability|p2b: Archaludon|Stamina|boost\n|-boost|p2b: Archaludon|def|1\n|move|p2b: Archaludon|Draco Meteor|p1b: Raichu\n|-damage|p1b: Raichu|0 fnt\n|-unboost|p2b: Archaludon|spa|2\n|faint|p1b: Raichu\n|\n|-weather|RainDance|[upkeep]\n|upkeep\n|\n|t:|1776238853\n|switch|p1b: Ninetales|Ninetales, L50, F|100/100\n|-weather|SunnyDay|[from] ability: Drought|[of] p1b: Ninetales\n|turn|3\n|\n|t:|1776238868\n|move|p1b: Ninetales|Protect|p1b: Ninetales\n|-singleturn|p1b: Ninetales|Protect\n|move|p2a: Dragonite|Thunder|p1a: Milotic\n|-supereffective|p1a: Milotic|1\n|-enditem|p1a: Milotic|Wacan Berry|[eat]\n|-enditem|p1a: Milotic|Wacan Berry|[weaken]\n|-damage|p1a: Milotic|70/100\n|-status|p1a: Milotic|par\n|move|p2b: Archaludon|Draco Meteor|p1a: Milotic\n|-damage|p1a: Milotic|31/100 par\n|-unboost|p2b: Archaludon|spa|2\n|cant|p1a: Milotic|par\n|\n|-weather|SunnyDay|[upkeep]\n|upkeep\n|turn|4\n|inactive|Noko220200 has 30 seconds left.\n|\n|t:|1776238896\n|switch|p2b: Incineroar|Incineroar, L50, F, shiny|100/100\n|-ability|p2b: Incineroar|Intimidate|boost\n|-unboost|p1a: Milotic|atk|1\n|-ability|p1a: Milotic|Competitive|boost\n|-boost|p1a: Milotic|spa|2\n|-unboost|p1b: Ninetales|atk|1\n|cant|p1a: Milotic|par\n|move|p1b: Ninetales|Heat Wave|p2b: Incineroar|[spread] p2a,p2b\n|-resisted|p2a: Dragonite|1\n|-resisted|p2b: Incineroar|1\n|-damage|p2a: Dragonite|92/100\n|-damage|p2b: Incineroar|83/100\n|-status|p2a: Dragonite|brn\n|move|p2a: Dragonite|Thunder|p1a: Milotic|[miss]\n|-miss|p2a: Dragonite|p1a: Milotic\n|\n|-weather|SunnyDay|[upkeep]\n|-damage|p2a: Dragonite|86/100 brn|[from] brn\n|upkeep\n|turn|5\n|inactive|colfox has 30 seconds left.\n|\n|t:|1776238931\n|switch|p1b: Garchomp|Garchomp, L50, F|100/100\n|move|p2b: Incineroar|Fake Out|p1b: Garchomp\n|-damage|p1b: Garchomp|88/100\n|-damage|p2b: Incineroar|70/100|[from] ability: Rough Skin|[of] p1b: Garchomp\n|move|p2a: Dragonite|Thunder|p1a: Milotic|[miss]\n|-miss|p2a: Dragonite|p1a: Milotic\n|cant|p1a: Milotic|par\n|\n|-weather|SunnyDay|[upkeep]\n|-damage|p2a: Dragonite|80/100 brn|[from] brn\n|upkeep\n|turn|6\n|inactive|Noko220200 has 30 seconds left.\n|\n|t:|1776238959\n|move|p1b: Garchomp|Dragon Claw|p2a: Dragonite\n|-supereffective|p2a: Dragonite|1\n|-damage|p2a: Dragonite|8/100 brn\n|move|p2a: Dragonite|Draco Meteor|p1b: Garchomp\n|-supereffective|p1b: Garchomp|1\n|-enditem|p1b: Garchomp|Haban Berry|[eat]\n|-enditem|p1b: Garchomp|Haban Berry|[weaken]\n|-damage|p1b: Garchomp|9/100\n|-unboost|p2a: Dragonite|spa|2\n|move|p2b: Incineroar|Parting Shot|p1b: Garchomp\n|-unboost|p1b: Garchomp|atk|1\n|-unboost|p1b: Garchomp|spa|1\n|\n|t:|1776238963\n|switch|p2b: Archaludon|Archaludon, L50, F, shiny|56/100|[from] Parting Shot\n|cant|p1a: Milotic|par\n|\n|-weather|SunnyDay|[upkeep]\n|-damage|p2a: Dragonite|2/100 brn|[from] brn\n|upkeep\n|turn|7\n|\n|t:|1776238985\n|switch|p1b: Ninetales|Ninetales, L50, F|100/100\n|move|p2a: Dragonite|Protect|p2a: Dragonite\n|-singleturn|p2a: Dragonite|Protect\n|move|p1a: Milotic|Protect|p1a: Milotic\n|-singleturn|p1a: Milotic|Protect\n|move|p2b: Archaludon|Flash Cannon|p1b: Ninetales\n|-resisted|p1b: Ninetales|1\n|-damage|p1b: Ninetales|77/100\n|\n|-weather|none\n|-damage|p2a: Dragonite|0 fnt|[from] brn\n|faint|p2a: Dragonite\n|upkeep\n|-message|Noko220200 forfeited.\n|\n|win|colfox\n|raw|colfox's rating: 1109 &rarr; <strong>1131</strong><br />(+22 for winning)\n|raw|Noko220200's rating: 1071 &rarr; <strong>1053</strong><br />(-18 for losing)\n|l|\u2606Noko220200\n|player|p2|\n",
  "uploadtime": 1776239012,
  "views": 39,
  "formatid": "gen9championsvgc2026regma",
  "rating": 1053,
  "private": 0,
  "password": null
}