{
  "id": "gen9championsvgc2026regma-2589381937",
  "format": "[Gen 9 Champions] VGC 2026 Reg M-A",
  "players": [
    "trial fada",
    "taxo0"
  ],
  "log": "|j|\u2606trial fada\n|j|\u2606taxo0\n|t:|1776718490\n|gametype|doubles\n|player|p1|trial fada|265|1119\n|player|p2|taxo0|psychic-gen4|1099\n|gen|9\n|tier|[Gen 9 Champions] VGC 2026 Reg M-A\n|rated|\n|rule|Species Clause: Limit one of each Pok\u00e9mon\n|rule|Item Clause: Limit 1 of each item\n|clearpoke\n|poke|p1|Alakazam, L50, M, shiny|\n|poke|p1|Meowstic-F, L50, F|\n|poke|p1|Espathra, L50, M|\n|poke|p1|Medicham, L50, F, shiny|\n|poke|p1|Farigiraf, L50, F, shiny|\n|poke|p1|Gallade, L50, M, shiny|\n|poke|p2|Gardevoir, L50, F, shiny|\n|poke|p2|Sinistcha, L50|\n|poke|p2|Talonflame, L50, M, shiny|\n|poke|p2|Milotic, L50, F, shiny|\n|poke|p2|Aegislash, L50, F|\n|poke|p2|Krookodile, L50, M|\n|teampreview|4\n|\n|t:|1776718523\n|teamsize|p1|4\n|teamsize|p2|4\n|start\n|switch|p1a: Gallade|Gallade, L50, M, shiny|100/100\n|switch|p1b: Espathra|Espathra, L50, M|100/100\n|switch|p2a: Krookodile|Krookodile, L50, M|100/100\n|switch|p2b: Talonflame|Talonflame, L50, M, shiny|100/100\n|-ability|p2a: Krookodile|Intimidate|boost\n|-unboost|p1a: Gallade|atk|1\n|-unboost|p1b: Espathra|atk|1\n|-enditem|p1a: Gallade|White Herb\n|-clearnegativeboost|p1a: Gallade|[silent]\n|turn|1\n|\n|t:|1776718536\n|move|p1b: Espathra|Protect|p1b: Espathra\n|-singleturn|p1b: Espathra|Protect\n|move|p2a: Krookodile|Protect|p2a: Krookodile\n|-singleturn|p2a: Krookodile|Protect\n|move|p2b: Talonflame|Tailwind|p2b: Talonflame\n|-sidestart|p2: taxo0|move: Tailwind\n|move|p1a: Gallade|Sacred Sword|p2a: Krookodile\n|-activate|p2a: Krookodile|move: Protect\n|\n|-ability|p1b: Espathra|Speed Boost|boost\n|-boost|p1b: Espathra|spe|1\n|upkeep\n|turn|2\n|\n|t:|1776718556\n|switch|p2b: Aegislash|Aegislash, L50, F|100/100\n|switch|p1a: Farigiraf|Farigiraf, L50, F, shiny|100/100\n|move|p1b: Espathra|Calm Mind|p1b: Espathra\n|-boost|p1b: Espathra|spa|1\n|-boost|p1b: Espathra|spd|1\n|move|p2a: Krookodile|Knock Off|p1a: Farigiraf\n|-supereffective|p1a: Farigiraf|1\n|-damage|p1a: Farigiraf|4/100\n|-enditem|p1a: Farigiraf|Sitrus Berry|[from] move: Knock Off|[of] p2a: Krookodile\n|\n|-ability|p1b: Espathra|Speed Boost|boost\n|-boost|p1b: Espathra|spe|1\n|upkeep\n|turn|3\n|\n|t:|1776718579\n|move|p1b: Espathra|Protect|p1b: Espathra\n|-singleturn|p1b: Espathra|Protect\n|move|p2b: Aegislash|King's Shield|p2b: Aegislash\n|-singleturn|p2b: Aegislash|Protect\n|move|p2a: Krookodile|Earthquake|p1b: Espathra|[spread] p1a\n|-activate|p2b: Aegislash|move: Protect\n|-activate|p1b: Espathra|move: Protect\n|-damage|p1a: Farigiraf|0 fnt\n|faint|p1a: Farigiraf\n|\n|-ability|p1b: Espathra|Speed Boost|boost\n|-boost|p1b: Espathra|spe|1\n|upkeep\n|\n|t:|1776718597\n|switch|p1a: Meowstic|Meowstic-F, L50, F|100/100\n|turn|4\n|\n|t:|1776718611\n|switch|p2a: Vanitas|Gardevoir, L50, F, shiny|100/100\n|-ability|p2a: Vanitas|Competitive|Trace|[from] ability: Trace|[of] p1a: Meowstic\n|detailschange|p1a: Meowstic|Meowstic-F-Mega, L50, F\n|-mega|p1a: Meowstic|Meowstic|Meowsticite\n|-ability|p1a: Meowstic|Competitive|Trace|[from] ability: Trace|[of] p2a: Vanitas\n|move|p1a: Meowstic|Protect|p1a: Meowstic\n|-singleturn|p1a: Meowstic|Protect\n|move|p1b: Espathra|Stored Power|p2b: Aegislash\n|-resisted|p2b: Aegislash|1\n|-damage|p2b: Aegislash|63/100\n|-formechange|p2b: Aegislash|Aegislash-Blade|\n|move|p2b: Aegislash|Poltergeist|p1b: Espathra\n|-activate|p1b: Espathra|move: Poltergeist|Leftovers\n|-supereffective|p1b: Espathra|1\n|-damage|p1b: Espathra|0 fnt\n|faint|p1b: Espathra\n|\n|-sideend|p2: taxo0|move: Tailwind\n|upkeep\n|\n|t:|1776718626\n|switch|p1b: Gallade|Gallade, L50, M, shiny|100/100\n|turn|5\n|\n|t:|1776718644\n|detailschange|p2a: Vanitas|Gardevoir-Mega, L50, F, shiny\n|-mega|p2a: Vanitas|Gardevoir|Gardevoirite\n|move|p1a: Meowstic|Alluring Voice|p2a: Vanitas\n|-damage|p2a: Vanitas|78/100\n|move|p1b: Gallade|Shadow Claw|p2b: Aegislash\n|-supereffective|p2b: Aegislash|1\n|-damage|p2b: Aegislash|0 fnt\n|faint|p2b: Aegislash\n|move|p2a: Vanitas|Trick Room|p2a: Vanitas\n|-fieldstart|move: Trick Room|[of] p2a: Vanitas\n|\n|upkeep\n|\n|t:|1776718653\n|switch|p2b: Krookodile|Krookodile, L50, M|100/100\n|-ability|p2b: Krookodile|Intimidate|boost\n|-unboost|p1a: Meowstic|atk|1\n|-ability|p1a: Meowstic|Competitive|boost\n|-boost|p1a: Meowstic|spa|2\n|-unboost|p1b: Gallade|atk|1\n|turn|6\n|\n|t:|1776718664\n|move|p1a: Meowstic|Protect|p1a: Meowstic\n|-singleturn|p1a: Meowstic|Protect\n|move|p2b: Krookodile|Knock Off|p1a: Meowstic\n|-activate|p1a: Meowstic|move: Protect\n|move|p2a: Vanitas|Hyper Voice|p1a: Meowstic|[spread] p1b\n|-activate|p1a: Meowstic|move: Protect\n|-supereffective|p1b: Gallade|1\n|-damage|p1b: Gallade|0 fnt\n|faint|p1b: Gallade\n|\n|upkeep\n|turn|7\n|\n|t:|1776718677\n|move|p1a: Meowstic|Protect||[still]\n|-fail|p1a: Meowstic\n|move|p2b: Krookodile|Knock Off|p1a: Meowstic\n|-supereffective|p1a: Meowstic|1\n|-damage|p1a: Meowstic|0 fnt\n|faint|p1a: Meowstic\n|\n|win|taxo0\n|raw|trial fada's rating: 1119 &rarr; <strong>1093</strong><br />(-26 for losing)\n|raw|taxo0's rating: 1099 &rarr; <strong>1126</strong><br />(+27 for winning)\n|l|\u2606trial fada\n|player|p1|\n",
  "uploadtime": 1776718684,
  "views": 22,
  "formatid": "gen9championsvgc2026regma",
  "rating": 1093,
  "private": 0,
  "password": null
}