{
  "id": "gen9championsvgc2026regma-2584256718",
  "format": "[Gen 9 Champions] VGC 2026 Reg M-A",
  "players": [
    "Theoo.it",
    "dkapflzksh"
  ],
  "log": "|j|\u2606Theoo.it\n|j|\u2606dkapflzksh\n|t:|1776243957\n|gametype|doubles\n|player|p1|Theoo.it|2|1418\n|player|p2|dkapflzksh|scientist-gen4dp|1418\n|gen|9\n|tier|[Gen 9 Champions] VGC 2026 Reg M-A\n|rated|\n|rule|Species Clause: Limit one of each Pok\u00e9mon\n|rule|Item Clause: Limit 1 of each item\n|clearpoke\n|poke|p1|Dragonite, L50, M|\n|poke|p1|Scizor, L50, F|\n|poke|p1|Gyarados, L50, M|\n|poke|p1|Glimmora, L50, F|\n|poke|p1|Meowscarada, L50, F|\n|poke|p1|Typhlosion-Hisui, L50, F|\n|poke|p2|Pelipper, L50, F|\n|poke|p2|Basculegion, L50, M|\n|poke|p2|Dragonite, L50, F|\n|poke|p2|Archaludon, L50, M|\n|poke|p2|Sableye, L50, M|\n|poke|p2|Sinistcha-Masterpiece, L50|\n|teampreview|4\n|\n|t:|1776243980\n|teamsize|p1|4\n|teamsize|p2|4\n|start\n|switch|p1a: Typhlosion|Typhlosion-Hisui, L50, F|100/100\n|switch|p1b: Meowscarada|Meowscarada, L50, F|100/100\n|switch|p2a: Sableye|Sableye, L50, M|100/100\n|switch|p2b: Archaludon|Archaludon, L50, M, shiny|100/100\n|turn|1\n|inactive|Battle timer is ON: inactive players will automatically lose when time's up. (requested by Theoo.it)\n|\n|t:|1776244004\n|move|p2b: Archaludon|Protect|p2b: Archaludon\n|-singleturn|p2b: Archaludon|Protect\n|move|p2a: Sableye|Rain Dance|p2a: Sableye\n|-weather|RainDance\n|move|p1a: Typhlosion|Eruption|p2a: Sableye|[spread] p2a\n|-activate|p2b: Archaludon|move: Protect\n|-damage|p2a: Sableye|64/100\n|move|p1b: Meowscarada|Flower Trick|p2a: Sableye\n|-start|p1b: Meowscarada|typechange|Grass|[from] ability: Protean\n|-crit|p2a: Sableye\n|-damage|p2a: Sableye|0 fnt\n|faint|p2a: Sableye\n|\n|-weather|RainDance|[upkeep]\n|upkeep\n|\n|t:|1776244020\n|switch|p2a: Basculegion|Basculegion, L50, M, shiny|100/100\n|turn|2\n|\n|t:|1776244035\n|switch|p1a: Scizor|Scizor, L50, F|100/100\n|move|p2a: Basculegion|Flip Turn|p1b: Meowscarada\n|-resisted|p1b: Meowscarada|1\n|-damage|p1b: Meowscarada|63/100\n|\n|t:|1776244040\n|switch|p2a: Sinistcha|Sinistcha-Masterpiece, L50|100/100|[from] Flip Turn\n|move|p1b: Meowscarada|Flower Trick|p2a: Sinistcha\n|-resisted|p2a: Sinistcha|1\n|-crit|p2a: Sinistcha\n|-damage|p2a: Sinistcha|76/100\n|move|p2b: Archaludon|Electro Shot||[still]\n|-prepare|p2b: Archaludon|Electro Shot\n|-boost|p2b: Archaludon|spa|1\n|-anim|p2b: Archaludon|Electro Shot|p1a: Scizor\n|-damage|p1a: Scizor|25/100\n|\n|-weather|RainDance|[upkeep]\n|-heal|p1a: Scizor|31/100|[from] item: Leftovers\n|upkeep\n|turn|3\n|inactive|Theoo.it has 30 seconds left.\n|inactive|dkapflzksh has 30 seconds left.\n|\n|t:|1776244073\n|move|p2a: Sinistcha|Rage Powder|p2a: Sinistcha\n|-singleturn|p2a: Sinistcha|move: Rage Powder\n|move|p1b: Meowscarada|U-turn|p2a: Sinistcha\n|-damage|p2a: Sinistcha|53/100\n|\n|t:|1776244080\n|switch|p1b: Typhlosion|Typhlosion-Hisui, L50, F|100/100|[from] U-turn\n|move|p2b: Archaludon|Electro Shot||[still]\n|-prepare|p2b: Archaludon|Electro Shot\n|-boost|p2b: Archaludon|spa|1\n|-anim|p2b: Archaludon|Electro Shot|p1a: Scizor\n|-damage|p1a: Scizor|0 fnt\n|faint|p1a: Scizor\n|\n|-weather|RainDance|[upkeep]\n|upkeep\n|\n|t:|1776244092\n|switch|p1a: Glimmora|Glimmora, L50, F|100/100\n|turn|4\n|\n|t:|1776244116\n|switch|p2a: Basculegion|Basculegion, L50, M, shiny|100/100\n|detailschange|p1a: Glimmora|Glimmora-Mega, L50, F\n|-mega|p1a: Glimmora|Glimmora|Glimmoranite\n|move|p2b: Archaludon|Protect|p2b: Archaludon\n|-singleturn|p2b: Archaludon|Protect\n|move|p1b: Typhlosion|Shadow Ball|p2a: Basculegion\n|-supereffective|p2a: Basculegion|1\n|-damage|p2a: Basculegion|4/100\n|move|p1a: Glimmora|Earth Power|p2b: Archaludon\n|-activate|p2b: Archaludon|move: Protect\n|\n|-weather|RainDance|[upkeep]\n|upkeep\n|turn|5\n|inactive|dkapflzksh has 30 seconds left.\n|inactive|Theoo.it has 30 seconds left.\n|inactive|dkapflzksh has 20 seconds left.\n|inactive|dkapflzksh has 15 seconds left.\n|inactive|dkapflzksh has 10 seconds left.\n|inactive|dkapflzksh has 5 seconds left.\n|\n|t:|1776244168\n|switch|p1b: Meowscarada|Meowscarada, L50, F|63/100\n|move|p1a: Glimmora|Spiky Shield|p1a: Glimmora\n|-singleturn|p1a: Glimmora|move: Protect\n|move|p2a: Basculegion|Liquidation|p1a: Glimmora\n|-activate|p1a: Glimmora|move: Protect\n|-damage|p2a: Basculegion|0 fnt|[from] Spiky Shield|[of] p1a: Glimmora\n|faint|p2a: Basculegion\n|move|p2b: Archaludon|Electro Shot||[still]\n|-prepare|p2b: Archaludon|Electro Shot\n|-boost|p2b: Archaludon|spa|1\n|-anim|p2b: Archaludon|Electro Shot|p1b: Meowscarada\n|-resisted|p1b: Meowscarada|1\n|-damage|p1b: Meowscarada|0 fnt\n|faint|p1b: Meowscarada\n|\n|-weather|none\n|upkeep\n|inactive|dkapflzksh has 30 seconds left.\n|\n|t:|1776244194\n|switch|p1b: Typhlosion|Typhlosion-Hisui, L50, F|100/100\n|switch|p2a: Sinistcha|Sinistcha-Masterpiece, L50|53/100\n|turn|6\n|-message|dkapflzksh forfeited.\n|\n|win|Theoo.it\n|raw|Theoo.it's rating: 1418 &rarr; <strong>1438</strong><br />(+20 for winning)\n|raw|dkapflzksh's rating: 1418 &rarr; <strong>1398</strong><br />(-20 for losing)\n",
  "uploadtime": 1776244202,
  "views": 53,
  "formatid": "gen9championsvgc2026regma",
  "rating": 1398,
  "private": 0,
  "password": null
}