{
  "id": "gen9championsvgc2026regma-2585908662",
  "format": "[Gen 9 Champions] VGC 2026 Reg M-A",
  "players": [
    "bluejayx2",
    "newbie999999"
  ],
  "log": "|j|\u203dbluejayx2\n|j|\u2606newbie999999\n|t:|1776380470\n|gametype|doubles\n|player|p1|bluejayx2|marley|1071\n|player|p2|newbie999999|170|1000\n|gen|9\n|tier|[Gen 9 Champions] VGC 2026 Reg M-A\n|rated|\n|rule|Species Clause: Limit one of each Pok\u00e9mon\n|rule|Item Clause: Limit 1 of each item\n|clearpoke\n|poke|p1|Pinsir, L50, F|\n|poke|p1|Clefable, L50, F|\n|poke|p1|Absol, L50, F|\n|poke|p1|Charizard, L50, F|\n|poke|p1|Politoed, L50, F|\n|poke|p1|Sableye, L50, F|\n|poke|p2|Hawlucha, L50, M|\n|poke|p2|Krookodile, L50, M|\n|poke|p2|Golurk, L50|\n|poke|p2|Sinistcha, L50|\n|poke|p2|Gliscor, L50, M|\n|poke|p2|Sandaconda, L50, M|\n|teampreview|4\n|inactive|Battle timer is ON: inactive players will automatically lose when time's up. (requested by bluejayx2)\n|\n|t:|1776380489\n|teamsize|p1|4\n|teamsize|p2|4\n|start\n|switch|p1a: Sableye|Sableye, L50, F, shiny|100/100\n|switch|p1b: Charizard|Charizard, L50, F, shiny|100/100\n|switch|p2a: Sinistcha|Sinistcha, L50, shiny|100/100\n|switch|p2b: Gliscor|Gliscor, L50, M, shiny|100/100\n|turn|1\n|inactive|newbie999999 has 30 seconds left.\n|\n|t:|1776380523\n|move|p1a: Sableye|Fake Out|p2b: Gliscor\n|-damage|p2b: Gliscor|94/100\n|move|p2a: Sinistcha|Rage Powder|p2a: Sinistcha\n|-singleturn|p2a: Sinistcha|move: Rage Powder\n|move|p1b: Charizard|Heat Wave|p2a: Sinistcha|[spread] p2a,p2b\n|-supereffective|p2a: Sinistcha|1\n|-damage|p2a: Sinistcha|22/100\n|-damage|p2b: Gliscor|45/100\n|-status|p2a: Sinistcha|brn\n|cant|p2b: Gliscor|flinch\n|\n|-damage|p2a: Sinistcha|16/100 brn|[from] brn\n|upkeep\n|turn|2\n|inactive|bluejayx2 has 30 seconds left.\n|\n|t:|1776380549\n|move|p1a: Sableye|Encore|p2a: Sinistcha\n|-start|p2a: Sinistcha|Encore\n|-enditem|p2a: Sinistcha|Mental Herb\n|-end|p2a: Sinistcha|Encore\n|move|p1b: Charizard|Heat Wave|p2b: Gliscor|[spread] p2b\n|-miss|p1b: Charizard|p2a: Sinistcha\n|-damage|p2b: Gliscor|2/100\n|move|p2b: Gliscor|Mud-Slap|p1b: Charizard\n|-immune|p1b: Charizard\n|move|p2a: Sinistcha|Matcha Gotcha|p1b: Charizard|[spread] p1a,p1b\n|-resisted|p1b: Charizard|2\n|-damage|p1a: Sableye|75/100\n|-heal|p2a: Sinistcha|27/100 brn|[from] drain|[of] p1a: Sableye\n|-damage|p1b: Charizard|93/100\n|-heal|p2a: Sinistcha|30/100 brn|[from] drain|[of] p1b: Charizard\n|\n|-damage|p2a: Sinistcha|24/100 brn|[from] brn\n|upkeep\n|turn|3\n|\n|t:|1776380572\n|move|p2a: Sinistcha|Rage Powder|p2a: Sinistcha\n|-singleturn|p2a: Sinistcha|move: Rage Powder\n|move|p1b: Charizard|Heat Wave|p2b: Gliscor|[spread] p2b\n|-miss|p1b: Charizard|p2a: Sinistcha\n|-crit|p2b: Gliscor\n|-damage|p2b: Gliscor|0 fnt\n|faint|p2b: Gliscor\n|move|p1a: Sableye|Foul Play|p2a: Sinistcha\n|-supereffective|p2a: Sinistcha|1\n|-damage|p2a: Sinistcha|0 fnt\n|faint|p2a: Sinistcha\n|\n|upkeep\n|\n|t:|1776380584\n|switch|p2b: Golurk|Golurk, L50, shiny|100/100\n|switch|p2a: Sandaconda|Sandaconda, L50, M, shiny|100/100\n|turn|4\n|\n|t:|1776380595\n|move|p2b: Golurk|Protect|p2b: Golurk\n|-singleturn|p2b: Golurk|Protect\n|move|p1b: Charizard|Heat Wave|p2a: Sandaconda|[spread] p2a\n|-activate|p2b: Golurk|move: Protect\n|-damage|p2a: Sandaconda|60/100\n|move|p2a: Sandaconda|Sandstorm|p2a: Sandaconda\n|-weather|Sandstorm\n|move|p1a: Sableye|Foul Play|p2b: Golurk\n|-activate|p2b: Golurk|move: Protect\n|\n|-weather|Sandstorm|[upkeep]\n|-damage|p1b: Charizard|88/100|[from] Sandstorm\n|-damage|p1a: Sableye|69/100|[from] Sandstorm\n|upkeep\n|turn|5\n|\n|t:|1776380620\n|detailschange|p2b: Golurk|Golurk-Mega, L50, shiny\n|-mega|p2b: Golurk|Golurk|Golurkite\n|move|p1a: Sableye|Sunny Day|p1a: Sableye\n|-weather|SunnyDay\n|move|p1b: Charizard|Heat Wave|p2a: Sandaconda|[spread] p2a,p2b\n|-damage|p2a: Sandaconda|0 fnt\n|-damage|p2b: Golurk|18/100\n|faint|p2a: Sandaconda\n|move|p2b: Golurk|Dynamic Punch|p1b: Charizard\n|-resisted|p1b: Charizard|1\n|-damage|p1b: Charizard|57/100\n|-start|p1b: Charizard|confusion\n|\n|-weather|SunnyDay|[upkeep]\n|-damage|p1b: Charizard|44/100|[from] ability: Solar Power|[of] p1b: Charizard\n|upkeep\n|turn|6\n|-message|newbie999999 forfeited.\n|\n|win|bluejayx2\n|raw|bluejayx2's rating: 1071 &rarr; <strong>1094</strong><br />(+23 for winning)\n|raw|newbie999999's rating: 1000 &rarr; <strong>1000</strong><br />(+0 for losing)\n|l|\u2606newbie999999\n|player|p2|\n",
  "uploadtime": 1776380640,
  "views": 17,
  "formatid": "gen9championsvgc2026regma",
  "rating": 1000,
  "private": 0,
  "password": null
}