{
  "id": "gen9championsvgc2026regma-2584549582",
  "format": "[Gen 9 Champions] VGC 2026 Reg M-A",
  "players": [
    "heroisemcalssa",
    "justwonder"
  ],
  "log": "|j|\u2606heroisemcalssa\n|j|\u2606justwonder\n|t:|1776268104\n|gametype|doubles\n|player|p1|heroisemcalssa|swimmer|1155\n|player|p2|justwonder|pokemaniac|1158\n|gen|9\n|tier|[Gen 9 Champions] VGC 2026 Reg M-A\n|rated|\n|rule|Species Clause: Limit one of each Pok\u00e9mon\n|rule|Item Clause: Limit 1 of each item\n|clearpoke\n|poke|p1|Aggron, L50, F|\n|poke|p1|Sableye, L50, F|\n|poke|p1|Pelipper, L50, F|\n|poke|p1|Milotic, L50, M|\n|poke|p1|Gyarados, L50, M|\n|poke|p1|Oranguru, L50, F|\n|poke|p2|Armarouge, L50, M|\n|poke|p2|Glimmora, L50, F|\n|poke|p2|Garchomp, L50, M|\n|poke|p2|Primarina, L50, M|\n|poke|p2|Sinistcha, L50|\n|poke|p2|Sneasler, L50, F|\n|teampreview|4\n|inactive|Battle timer is ON: inactive players will automatically lose when time's up. (requested by justwonder)\n|\n|t:|1776268170\n|teamsize|p1|4\n|teamsize|p2|4\n|start\n|switch|p1a: Milotic|Milotic, L50, M|100/100\n|switch|p1b: Oranguru|Oranguru, L50, F|100/100\n|switch|p2a: Garchomp|Garchomp, L50, M|100/100\n|switch|p2b: Sinistcha|Sinistcha, L50|100/100\n|turn|1\n|\n|t:|1776268195\n|move|p2a: Garchomp|Earthquake|p1b: Oranguru|[spread] p2b,p1a,p1b\n|-resisted|p2b: Sinistcha|1\n|-damage|p2b: Sinistcha|85/100\n|-damage|p1a: Milotic|69/100\n|-damage|p1b: Oranguru|68/100\n|move|p1a: Milotic|Icy Wind|p2b: Sinistcha|[spread] p2a,p2b\n|-supereffective|p2a: Garchomp|2\n|-enditem|p2a: Garchomp|Yache Berry|[eat]\n|-enditem|p2a: Garchomp|Yache Berry|[weaken]\n|-supereffective|p2b: Sinistcha|1\n|-damage|p2a: Garchomp|82/100\n|-damage|p2b: Sinistcha|62/100\n|-unboost|p2a: Garchomp|spe|1\n|-unboost|p2b: Sinistcha|spe|1\n|move|p1b: Oranguru|Instruct|p1a: Milotic\n|-singleturn|p1a: Milotic|move: Instruct|[of] p1b: Oranguru\n|move|p1a: Milotic|Icy Wind|p2b: Sinistcha|[spread] p2a,p2b\n|-supereffective|p2a: Garchomp|2\n|-supereffective|p2b: Sinistcha|1\n|-damage|p2a: Garchomp|43/100\n|-damage|p2b: Sinistcha|37/100\n|-unboost|p2a: Garchomp|spe|1\n|-unboost|p2b: Sinistcha|spe|1\n|move|p2b: Sinistcha|Trick Room|p2b: Sinistcha\n|-fieldstart|move: Trick Room|[of] p2b: Sinistcha\n|\n|upkeep\n|turn|2\n|inactive|heroisemcalssa has 30 seconds left.\n|inactive|justwonder has 30 seconds left.\n|inactive|heroisemcalssa has 20 seconds left.\n|inactive|heroisemcalssa has 15 seconds left.\n|\n|t:|1776268240\n|move|p2b: Sinistcha|Life Dew|p2b: Sinistcha|[spread] p2a,p2b\n|-heal|p2a: Garchomp|68/100\n|-heal|p2b: Sinistcha|62/100\n|move|p2a: Garchomp|Rock Slide|p1b: Oranguru|[spread] p1a,p1b\n|-damage|p1a: Milotic|52/100\n|-damage|p1b: Oranguru|53/100\n|move|p1b: Oranguru|Instruct|p1a: Milotic\n|-singleturn|p1a: Milotic|move: Instruct|[of] p1b: Oranguru\n|move|p1a: Milotic|Icy Wind|p2b: Sinistcha|[spread] p2a,p2b\n|-supereffective|p2a: Garchomp|2\n|-supereffective|p2b: Sinistcha|1\n|-damage|p2a: Garchomp|33/100\n|-damage|p2b: Sinistcha|40/100\n|-unboost|p2a: Garchomp|spe|1\n|-unboost|p2b: Sinistcha|spe|1\n|move|p1a: Milotic|Icy Wind|p2b: Sinistcha|[spread] p2a,p2b\n|-supereffective|p2a: Garchomp|2\n|-supereffective|p2b: Sinistcha|1\n|-damage|p2a: Garchomp|0 fnt\n|-damage|p2b: Sinistcha|15/100\n|-unboost|p2b: Sinistcha|spe|1\n|faint|p2a: Garchomp\n|\n|upkeep\n|\n|t:|1776268260\n|switch|p2a: Primarina|Primarina, L50, M|100/100\n|turn|3\n|\n|t:|1776268283\n|move|p2b: Sinistcha|Matcha Gotcha|p1b: Oranguru|[spread] p1a,p1b\n|-supereffective|p1a: Milotic|1\n|-damage|p1a: Milotic|14/100\n|-heal|p2b: Sinistcha|37/100|[from] drain|[of] p1a: Milotic\n|-damage|p1b: Oranguru|34/100\n|-heal|p2b: Sinistcha|48/100|[from] drain|[of] p1b: Oranguru\n|-status|p1a: Milotic|brn\n|move|p1b: Oranguru|Hyper Voice|p2b: Sinistcha|[spread] p2a\n|-immune|p2b: Sinistcha\n|-damage|p2a: Primarina|81/100\n|move|p2a: Primarina|Dazzling Gleam|p1a: Milotic|[spread] p1a,p1b\n|-damage|p1a: Milotic|0 fnt\n|-damage|p1b: Oranguru|5/100\n|faint|p1a: Milotic\n|\n|upkeep\n|\n|t:|1776268303\n|switch|p1a: Aggron|Aggron, L50, F|100/100\n|turn|4\n|\n|t:|1776268319\n|detailschange|p1a: Aggron|Aggron-Mega, L50, F\n|-mega|p1a: Aggron|Aggron|Aggronite\n|move|p2b: Sinistcha|Life Dew|p2b: Sinistcha|[spread] p2a,p2b\n|-heal|p2a: Primarina|100/100\n|-heal|p2b: Sinistcha|73/100\n|move|p1a: Aggron|Iron Defense|p1a: Aggron\n|-boost|p1a: Aggron|def|2\n|move|p2a: Primarina|Hyper Voice|p1a: Aggron|[spread] p1a,p1b\n|-damage|p1a: Aggron|42/100\n|-damage|p1b: Oranguru|0 fnt\n|faint|p1b: Oranguru\n|\n|upkeep\n|\n|t:|1776268332\n|switch|p1b: Pelipper|Pelipper, L50, F|100/100\n|-weather|RainDance|[from] ability: Drizzle|[of] p1b: Pelipper\n|turn|5\n|\n|t:|1776268349\n|move|p1b: Pelipper|Wide Guard|p1b: Pelipper\n|-singleturn|p1b: Pelipper|Wide Guard\n|move|p2b: Sinistcha|Matcha Gotcha|p1b: Pelipper|[spread] \n|-activate|p1a: Aggron|move: Wide Guard\n|-activate|p1b: Pelipper|move: Wide Guard\n|move|p1a: Aggron|Heavy Slam|p2a: Primarina\n|-damage|p2a: Primarina|10/100\n|move|p2a: Primarina|Hyper Voice|p1b: Pelipper|[spread] \n|-activate|p1a: Aggron|move: Wide Guard\n|-activate|p1b: Pelipper|move: Wide Guard\n|\n|-weather|RainDance|[upkeep]\n|-fieldend|move: Trick Room\n|upkeep\n|turn|6\n|inactive|heroisemcalssa has 30 seconds left.\n|inactive|justwonder has 30 seconds left.\n|inactive|heroisemcalssa has 20 seconds left.\n|inactive|justwonder has 20 seconds left.\n|inactive|heroisemcalssa has 15 seconds left.\n|\n|t:|1776268392\n|move|p1b: Pelipper|Tailwind|p1b: Pelipper\n|-sidestart|p1: heroisemcalssa|move: Tailwind\n|move|p1a: Aggron|Heavy Slam|p2a: Primarina\n|-damage|p2a: Primarina|0 fnt\n|faint|p2a: Primarina\n|move|p2b: Sinistcha|Trick Room|p2b: Sinistcha\n|-fieldstart|move: Trick Room|[of] p2b: Sinistcha\n|\n|-weather|RainDance|[upkeep]\n|upkeep\n|\n|t:|1776268399\n|switch|p2a: Armarouge|Armarouge, L50, M, shiny|100/100\n|turn|7\n|inactive|heroisemcalssa has 30 seconds left.\n|\n|t:|1776268425\n|move|p1a: Aggron|Protect|p1a: Aggron\n|-singleturn|p1a: Aggron|Protect\n|move|p2b: Sinistcha|Matcha Gotcha|p1a: Aggron|[spread] p1b\n|-activate|p1a: Aggron|move: Protect\n|-damage|p1b: Pelipper|63/100\n|-heal|p2b: Sinistcha|91/100|[from] drain|[of] p1b: Pelipper\n|-status|p1b: Pelipper|brn\n|move|p2a: Armarouge|Armor Cannon|p1a: Aggron\n|-activate|p1a: Aggron|move: Protect\n|move|p1b: Pelipper|Weather Ball|p2a: Armarouge\n|-supereffective|p2a: Armarouge|1\n|-damage|p2a: Armarouge|0 fnt\n|faint|p2a: Armarouge\n|\n|-weather|RainDance|[upkeep]\n|-damage|p1b: Pelipper|57/100 brn|[from] brn\n|upkeep\n|turn|8\n|inactive|heroisemcalssa has 30 seconds left.\n|\n|t:|1776268455\n|move|p2b: Sinistcha|Shadow Ball|p1a: Aggron\n|-damage|p1a: Aggron|3/100\n|move|p1a: Aggron|Heavy Slam|p2b: Sinistcha\n|-damage|p2b: Sinistcha|40/100\n|move|p1b: Pelipper|Hurricane|p2b: Sinistcha\n|-supereffective|p2b: Sinistcha|1\n|-damage|p2b: Sinistcha|0 fnt\n|faint|p2b: Sinistcha\n|\n|win|heroisemcalssa\n|raw|heroisemcalssa's rating: 1155 &rarr; <strong>1180</strong><br />(+25 for winning)\n|raw|justwonder's rating: 1158 &rarr; <strong>1133</strong><br />(-25 for losing)\n|l|\u2606justwonder\n|player|p2|\n",
  "uploadtime": 1776268469,
  "views": 42,
  "formatid": "gen9championsvgc2026regma",
  "rating": 1133,
  "private": 0,
  "password": null
}