{
  "id": "gen9championsvgc2026regma-2585988973",
  "format": "[Gen 9 Champions] VGC 2026 Reg M-A",
  "players": [
    "MvillMpersonality",
    "JasmineThia"
  ],
  "log": "|j|\u2606MvillMpersonality\n|j|\u2606JasmineThia\n|t:|1776387977\n|gametype|doubles\n|player|p1|MvillMpersonality|pokemaniac|1204\n|player|p2|JasmineThia|selene-masters2|1212\n|gen|9\n|tier|[Gen 9 Champions] VGC 2026 Reg M-A\n|rated|\n|rule|Species Clause: Limit one of each Pok\u00e9mon\n|rule|Item Clause: Limit 1 of each item\n|clearpoke\n|poke|p1|Scovillain, L50, F|\n|poke|p1|Sinistcha, L50|\n|poke|p1|Hatterene, L50, F|\n|poke|p1|Kingambit, L50, F|\n|poke|p1|Rhyperior, L50, M|\n|poke|p1|Tyranitar, L50, M|\n|poke|p2|Kangaskhan, L50, F|\n|poke|p2|Primarina, L50, M|\n|poke|p2|Aegislash, L50, M|\n|poke|p2|Dragonite, L50, M|\n|poke|p2|Farigiraf, L50, F|\n|poke|p2|Volcarona, L50, F|\n|teampreview|4\n|inactive|Battle timer is ON: inactive players will automatically lose when time's up. (requested by JasmineThia)\n|\n|t:|1776388000\n|teamsize|p1|4\n|teamsize|p2|4\n|start\n|switch|p1a: Scovillain|Scovillain, L50, F|100/100\n|switch|p1b: Hatterene|Hatterene, L50, F|100/100\n|switch|p2a: Kangaskhan|Kangaskhan, L50, F|100/100\n|switch|p2b: Farigiraf|Farigiraf, L50, F|100/100\n|turn|1\n|inactive|MvillMpersonality has 30 seconds left.\n|inactive|JasmineThia has 30 seconds left.\n|\n|t:|1776388039\n|detailschange|p2a: Kangaskhan|Kangaskhan-Mega, L50, F\n|-mega|p2a: Kangaskhan|Kangaskhan|Kangaskhanite\n|detailschange|p1a: Scovillain|Scovillain-Mega, L50, F\n|-mega|p1a: Scovillain|Scovillain|Scovillainite\n|move|p2b: Farigiraf|Helping Hand|p2a: Kangaskhan\n|-singleturn|p2a: Kangaskhan|Helping Hand|[of] p2b: Farigiraf\n|move|p1b: Hatterene|Protect|p1b: Hatterene\n|-singleturn|p1b: Hatterene|Protect\n|move|p2a: Kangaskhan|Fake Out|p1b: Hatterene\n|-activate|p1b: Hatterene|move: Protect\n|move|p1a: Scovillain|Overheat|p2b: Farigiraf\n|-damage|p2b: Farigiraf|48/100\n|-unboost|p1a: Scovillain|spa|2\n|\n|upkeep\n|turn|2\n|\n|t:|1776388055\n|switch|p2a: Volcarona|Volcarona, L50, F|100/100\n|move|p1a: Scovillain|Rage Powder|p1a: Scovillain\n|-singleturn|p1a: Scovillain|move: Rage Powder\n|move|p2b: Farigiraf|Imprison|p2b: Farigiraf\n|-start|p2b: Farigiraf|move: Imprison\n|cant|p1b: Hatterene|move: Imprison|Trick Room\n|\n|upkeep\n|turn|3\n|inactive|MvillMpersonality has 30 seconds left.\n|\n|t:|1776388085\n|switch|p1a: Rhyperior|Rhyperior, L50, M|100/100\n|switch|p1b: Tyranitar|Tyranitar, L50, M|100/100\n|-weather|Sandstorm|[from] ability: Sand Stream|[of] p1b: Tyranitar\n|move|p2a: Volcarona|Quiver Dance|p2a: Volcarona\n|-boost|p2a: Volcarona|spa|1\n|-boost|p2a: Volcarona|spd|1\n|-boost|p2a: Volcarona|spe|1\n|move|p2b: Farigiraf|Psychic|p1b: Tyranitar\n|-immune|p1b: Tyranitar\n|\n|-weather|Sandstorm|[upkeep]\n|-damage|p2a: Volcarona|95/100|[from] Sandstorm\n|-damage|p2b: Farigiraf|41/100|[from] Sandstorm\n|upkeep\n|turn|4\n|\n|t:|1776388101\n|switch|p2b: Kangaskhan|Kangaskhan-Mega, L50, F|100/100\n|move|p2a: Volcarona|Giga Drain|p1a: Rhyperior\n|-supereffective|p1a: Rhyperior|2\n|-damage|p1a: Rhyperior|23/100\n|-heal|p2a: Volcarona|100/100|[from] drain|[of] p1a: Rhyperior\n|move|p1b: Tyranitar|Rock Slide|p2a: Volcarona|[spread] p2a,p2b\n|-supereffective|p2a: Volcarona|2\n|-enditem|p2a: Volcarona|Charti Berry|[eat]\n|-enditem|p2a: Volcarona|Charti Berry|[weaken]\n|-damage|p2a: Volcarona|40/100\n|-damage|p2b: Kangaskhan|76/100\n|move|p1a: Rhyperior|Rock Slide|p2a: Volcarona|[spread] p2a\n|-miss|p1a: Rhyperior|p2b: Kangaskhan\n|-supereffective|p2a: Volcarona|2\n|-damage|p2a: Volcarona|0 fnt\n|faint|p2a: Volcarona\n|\n|-weather|Sandstorm|[upkeep]\n|-damage|p2b: Kangaskhan|70/100|[from] Sandstorm\n|upkeep\n|\n|t:|1776388106\n|switch|p2a: Primarina|Primarina, L50, M|100/100\n|turn|5\n|inactive|MvillMpersonality has 30 seconds left.\n|\n|t:|1776388137\n|switch|p1a: Scovillain|Scovillain-Mega, L50, F|100/100\n|move|p1b: Tyranitar|Protect|p1b: Tyranitar\n|-singleturn|p1b: Tyranitar|Protect\n|move|p2b: Kangaskhan|Low Kick|p1b: Tyranitar\n|-activate|p1b: Tyranitar|move: Protect\n|move|p2a: Primarina|Hyper Voice|p1a: Scovillain|[spread] p1a\n|-activate|p1b: Tyranitar|move: Protect\n|-damage|p1a: Scovillain|65/100\n|-status|p2a: Primarina|brn|[from] ability: Spicy Spray|[of] p1a: Scovillain\n|\n|-weather|Sandstorm|[upkeep]\n|-damage|p2b: Kangaskhan|64/100|[from] Sandstorm\n|-damage|p1a: Scovillain|60/100|[from] Sandstorm\n|-damage|p2a: Primarina|95/100 brn|[from] Sandstorm\n|-damage|p2a: Primarina|89/100 brn|[from] brn\n|upkeep\n|turn|6\n|inactive|MvillMpersonality has 30 seconds left.\n|inactive|MvillMpersonality has 20 seconds left.\n|inactive|JasmineThia has 30 seconds left.\n|\n|t:|1776388176\n|move|p1a: Scovillain|Rage Powder|p1a: Scovillain\n|-singleturn|p1a: Scovillain|move: Rage Powder\n|move|p2b: Kangaskhan|Low Kick|p1a: Scovillain\n|-damage|p1a: Scovillain|47/100\n|-status|p2b: Kangaskhan|brn|[from] ability: Spicy Spray|[of] p1a: Scovillain\n|-damage|p1a: Scovillain|46/100\n|-hitcount|p1a: Scovillain|2\n|move|p2a: Primarina|Hyper Voice|p1a: Scovillain|[spread] p1a,p1b\n|-supereffective|p1b: Tyranitar|1\n|-damage|p1a: Scovillain|10/100\n|-damage|p1b: Tyranitar|56/100\n|move|p1b: Tyranitar|Rock Slide|p2a: Primarina|[spread] p2a,p2b\n|-damage|p2a: Primarina|60/100 brn\n|-damage|p2b: Kangaskhan|41/100 brn\n|\n|-weather|Sandstorm|[upkeep]\n|-damage|p2b: Kangaskhan|35/100 brn|[from] Sandstorm\n|-damage|p1a: Scovillain|4/100|[from] Sandstorm\n|-damage|p2a: Primarina|54/100 brn|[from] Sandstorm\n|-damage|p2b: Kangaskhan|29/100 brn|[from] brn\n|-damage|p2a: Primarina|48/100 brn|[from] brn\n|upkeep\n|turn|7\n|\n|t:|1776388198\n|move|p1b: Tyranitar|Protect|p1b: Tyranitar\n|-singleturn|p1b: Tyranitar|Protect\n|move|p2b: Kangaskhan|Low Kick|p1b: Tyranitar\n|-activate|p1b: Tyranitar|move: Protect\n|move|p1a: Scovillain|Leaf Storm|p2a: Primarina\n|-supereffective|p2a: Primarina|1\n|-damage|p2a: Primarina|0 fnt\n|-unboost|p1a: Scovillain|spa|2\n|faint|p2a: Primarina\n|\n|-weather|none\n|-damage|p2b: Kangaskhan|23/100 brn|[from] brn\n|upkeep\n|-message|JasmineThia forfeited.\n|\n|win|MvillMpersonality\n|raw|MvillMpersonality's rating: 1204 &rarr; <strong>1230</strong><br />(+26 for winning)\n|raw|JasmineThia's rating: 1212 &rarr; <strong>1186</strong><br />(-26 for losing)\n|l|\u2606JasmineThia\n|player|p2|\n",
  "uploadtime": 1776388221,
  "views": 19,
  "formatid": "gen9championsvgc2026regma",
  "rating": 1186,
  "private": 0,
  "password": null
}