{
  "id": "gen9championsvgc2026regma-2589539247",
  "format": "[Gen 9 Champions] VGC 2026 Reg M-A",
  "players": [
    "Phvddzbj",
    "klemto"
  ],
  "log": "|j|\u2606Phvddzbj\n|j|\u2606klemto\n|t:|1776732222\n|gametype|doubles\n|player|p1|Phvddzbj|psychic-gen4|1026\n|player|p2|klemto|170|1060\n|gen|9\n|tier|[Gen 9 Champions] VGC 2026 Reg M-A\n|rated|\n|rule|Species Clause: Limit one of each Pok\u00e9mon\n|rule|Item Clause: Limit 1 of each item\n|clearpoke\n|poke|p1|Audino, L50, F|\n|poke|p1|Torkoal, L50, M|\n|poke|p1|Farigiraf, L50, F|\n|poke|p1|Whimsicott, L50, M|\n|poke|p1|Floette-Eternal, L50, F|\n|poke|p1|Gengar, L50, M|\n|poke|p2|Toxicroak, L50, F|\n|poke|p2|Ninetales-Alola, L50, M, shiny|\n|poke|p2|Crabominable, L50, M|\n|poke|p2|Meowscarada, L50, F|\n|poke|p2|Ceruledge, L50, F|\n|poke|p2|Mr. Rime, L50, M|\n|teampreview|4\n|inactive|Battle timer is ON: inactive players will automatically lose when time's up. (requested by Phvddzbj)\n|inactive|Phvddzbj has 60 seconds left.\n|\n|t:|1776732267\n|teamsize|p1|4\n|teamsize|p2|4\n|start\n|switch|p1a: Audino|Audino, L50, F|100/100\n|switch|p1b: Torkoal|Torkoal, L50, M|100/100\n|switch|p2a: Ninetales|Ninetales-Alola, L50, M, shiny|100/100\n|switch|p2b: Mr. Rime|Mr. Rime, L50, M|100/100\n|-weather|Snowscape|[from] ability: Snow Warning|[of] p2a: Ninetales\n|-weather|SunnyDay|[from] ability: Drought|[of] p1b: Torkoal\n|turn|1\n|inactive|klemto has 30 seconds left.\n|\n|t:|1776732294\n|move|p2a: Ninetales|Dazzling Gleam|p1b: Torkoal|[spread] p1a,p1b\n|-resisted|p1b: Torkoal|1\n|-damage|p1a: Audino|84/100\n|-damage|p1b: Torkoal|86/100\n|move|p2b: Mr. Rime|Teeter Dance|p1b: Torkoal|[spread] p2a,p1a,p1b\n|-start|p2a: Ninetales|confusion\n|-start|p1a: Audino|confusion\n|-start|p1b: Torkoal|confusion\n|-activate|p1a: Audino|confusion\n|move|p1a: Audino|Simple Beam|p1b: Torkoal\n|-ability|p1b: Torkoal|Simple|Drought|[from] move: Simple Beam\n|-activate|p1b: Torkoal|confusion\n|move|p1b: Torkoal|Shell Smash|p1b: Torkoal\n|-unboost|p1b: Torkoal|def|2\n|-unboost|p1b: Torkoal|spd|2\n|-boost|p1b: Torkoal|atk|4\n|-boost|p1b: Torkoal|spa|4\n|-boost|p1b: Torkoal|spe|4\n|\n|-weather|SunnyDay|[upkeep]\n|upkeep\n|turn|2\n|inactive|Phvddzbj has 30 seconds left.\n|inactive|klemto has 30 seconds left.\n|\n|t:|1776732324\n|-activate|p1a: Audino|confusion\n|move|p1a: Audino|Helping Hand|p1b: Torkoal\n|-singleturn|p1b: Torkoal|Helping Hand|[of] p1a: Audino\n|-activate|p1b: Torkoal|confusion\n|move|p1b: Torkoal|Heat Wave|p2b: Mr. Rime|[spread] p2a,p2b\n|-supereffective|p2a: Ninetales|1\n|-supereffective|p2b: Mr. Rime|1\n|-enditem|p2a: Ninetales|Focus Sash\n|-damage|p2a: Ninetales|1/100\n|-damage|p2b: Mr. Rime|0 fnt\n|faint|p2b: Mr. Rime\n|-activate|p2a: Ninetales|confusion\n|move|p2a: Ninetales|Encore|p1b: Torkoal\n|-start|p1b: Torkoal|Encore\n|\n|-weather|SunnyDay|[upkeep]\n|upkeep\n|\n|t:|1776732335\n|switch|p2b: Ceruledge|Ceruledge, L50, F|100/100\n|turn|3\n|\n|t:|1776732365\n|switch|p1a: Farigiraf|Farigiraf, L50, F|100/100\n|-activate|p1b: Torkoal|confusion\n|move|p1b: Torkoal|Heat Wave|p2b: Ceruledge|[spread] p2a\n|-start|p2b: Ceruledge|ability: Flash Fire\n|-supereffective|p2a: Ninetales|1\n|-damage|p2a: Ninetales|0 fnt\n|faint|p2a: Ninetales\n|move|p2b: Ceruledge|Bitter Blade|p1a: Farigiraf\n|-damage|p1a: Farigiraf|37/100\n|-enditem|p1a: Farigiraf|Sitrus Berry|[eat]\n|-heal|p1a: Farigiraf|62/100|[from] item: Sitrus Berry\n|\n|-weather|SunnyDay|[upkeep]\n|upkeep\n|\n|t:|1776732377\n|switch|p2a: Crabominable|Crabominable, L50, M|100/100\n|turn|4\n|\n|t:|1776732389\n|detailschange|p2a: Crabominable|Crabominable-Mega, L50, M\n|-mega|p2a: Crabominable|Crabominable|Crabominite\n|move|p2a: Crabominable|Mach Punch||[still]\n|cant|p1a: Farigiraf|ability: Armor Tail|Mach Punch|[of] p2a: Crabominable\n|-activate|p1b: Torkoal|confusion\n|move|p1b: Torkoal|Heat Wave|p2a: Crabominable|[spread] p2a\n|-immune|p2b: Ceruledge|[from] ability: Flash Fire\n|-supereffective|p2a: Crabominable|1\n|-damage|p2a: Crabominable|0 fnt\n|faint|p2a: Crabominable\n|move|p2b: Ceruledge|Bitter Blade|p1a: Farigiraf\n|-damage|p1a: Farigiraf|0 fnt\n|faint|p1a: Farigiraf\n|\n|-weather|SunnyDay|[upkeep]\n|upkeep\n|\n|t:|1776732402\n|switch|p1a: Whimsicott|Whimsicott, L50, M|100/100\n|turn|5\n|\n|t:|1776732419\n|move|p1a: Whimsicott|Encore|p2b: Ceruledge\n|-start|p2b: Ceruledge|Encore\n|-activate|p2b: Ceruledge|item: Quick Claw\n|move|p2b: Ceruledge|Bitter Blade|p1a: Whimsicott\n|-supereffective|p1a: Whimsicott|1\n|-enditem|p1a: Whimsicott|Focus Sash\n|-damage|p1a: Whimsicott|1/100\n|-end|p1b: Torkoal|confusion\n|move|p1b: Torkoal|Heat Wave|p2b: Ceruledge\n|-immune|p2b: Ceruledge|[from] ability: Flash Fire\n|\n|-weather|none\n|-end|p1b: Torkoal|Encore\n|upkeep\n|turn|6\n|\n|t:|1776732431\n|move|p1a: Whimsicott|Tailwind|p1a: Whimsicott\n|-sidestart|p1: Phvddzbj|move: Tailwind\n|move|p1b: Torkoal|Earth Power|p2b: Ceruledge\n|-supereffective|p2b: Ceruledge|1\n|-damage|p2b: Ceruledge|0 fnt\n|faint|p2b: Ceruledge\n|\n|win|Phvddzbj\n|raw|Phvddzbj's rating: 1026 &rarr; <strong>1066</strong><br />(+40 for winning)\n|raw|klemto's rating: 1060 &rarr; <strong>1039</strong><br />(-21 for losing)\n|l|\u2606klemto\n|player|p2|\n",
  "uploadtime": 1776732442,
  "views": 8,
  "formatid": "gen9championsvgc2026regma",
  "rating": 1039,
  "private": 0,
  "password": null
}