{
  "id": "gen9championsvgc2026regma-2582630486",
  "format": "[Gen 9 Champions] VGC 2026 Reg M-A",
  "players": [
    "L_Yami_H",
    "delefes"
  ],
  "log": "|j|\u2606L_Yami_H\n|j|\u2606delefes\n|t:|1776103731\n|gametype|doubles\n|player|p1|L_Yami_H|ghetsis|1093\n|player|p2|delefes|101|1000\n|gen|9\n|tier|[Gen 9 Champions] VGC 2026 Reg M-A\n|rated|\n|rule|Species Clause: Limit one of each Pok\u00e9mon\n|rule|Item Clause: Limit 1 of each item\n|clearpoke\n|poke|p1|Sableye, L50, M|\n|poke|p1|Victreebel, L50, F|\n|poke|p1|Farigiraf, L50, M|\n|poke|p1|Araquanid, L50, F|\n|poke|p1|Arcanine, L50, M|\n|poke|p1|Raichu, L50, M|\n|poke|p2|Drampa, L50, F|\n|poke|p2|Primarina, L50, M|\n|poke|p2|Farigiraf, L50, F|\n|poke|p2|Goodra-Hisui, L50, M|\n|poke|p2|Conkeldurr, L50, F|\n|poke|p2|Incineroar, L50, M|\n|teampreview|4\n|\n|t:|1776103775\n|teamsize|p1|4\n|teamsize|p2|4\n|start\n|switch|p1a: Pippins|Raichu, L50, M|100/100\n|switch|p1b: Gabu|Arcanine, L50, M|100/100\n|switch|p2a: Farigiraf|Farigiraf, L50, F|100/100\n|switch|p2b: Goodra|Goodra-Hisui, L50, M|100/100\n|-ability|p1b: Gabu|Intimidate|boost\n|-unboost|p2a: Farigiraf|atk|1\n|-unboost|p2b: Goodra|atk|1\n|turn|1\n|\n|t:|1776103789\n|move|p1a: Pippins|Nuzzle|p2a: Farigiraf\n|-damage|p2a: Farigiraf|95/100\n|-status|p2a: Farigiraf|par\n|move|p1b: Gabu|Snarl|p2b: Goodra|[spread] p2a,p2b\n|-supereffective|p2a: Farigiraf|1\n|-enditem|p2a: Farigiraf|Colbur Berry|[eat]\n|-enditem|p2a: Farigiraf|Colbur Berry|[weaken]\n|-damage|p2a: Farigiraf|87/100 par\n|-damage|p2b: Goodra|95/100\n|-unboost|p2a: Farigiraf|spa|1\n|-unboost|p2b: Goodra|spa|1\n|move|p2b: Goodra|Curse|p2b: Goodra\n|-unboost|p2b: Goodra|spe|1\n|-boost|p2b: Goodra|atk|1\n|-boost|p2b: Goodra|def|1\n|cant|p2a: Farigiraf|par\n|\n|-heal|p2b: Goodra|100/100|[from] item: Leftovers\n|upkeep\n|turn|2\n|\n|t:|1776103807\n|move|p1a: Pippins|Volt Switch|p2a: Farigiraf\n|-damage|p2a: Farigiraf|68/100 par\n|\n|t:|1776103813\n|switch|p1a: Baret|Victreebel, L50, F, shiny|100/100|[from] Volt Switch\n|move|p1b: Gabu|Will-O-Wisp|p2b: Goodra\n|-status|p2b: Goodra|brn\n|move|p2b: Goodra|Curse|p2b: Goodra\n|-unboost|p2b: Goodra|spe|1\n|-boost|p2b: Goodra|atk|1\n|-boost|p2b: Goodra|def|1\n|move|p2a: Farigiraf|Trick Room|p2a: Farigiraf\n|-fieldstart|move: Trick Room|[of] p2a: Farigiraf\n|\n|-damage|p2b: Goodra|95/100 brn|[from] brn\n|upkeep\n|turn|3\n|\n|t:|1776103836\n|detailschange|p1a: Baret|Victreebel-Mega, L50, F, shiny\n|-mega|p1a: Baret|Victreebel|Victreebelite\n|move|p2a: Farigiraf|Wish|p2a: Farigiraf\n|move|p2b: Goodra|Stomping Tantrum|p1b: Gabu\n|-supereffective|p1b: Gabu|1\n|-damage|p1b: Gabu|77/100\n|move|p1a: Baret|Giga Drain|p2a: Farigiraf\n|-damage|p2a: Farigiraf|35/100 par\n|move|p1b: Gabu|Snarl|p2a: Farigiraf|[spread] p2a,p2b\n|-supereffective|p2a: Farigiraf|1\n|-damage|p2a: Farigiraf|19/100 par\n|-damage|p2b: Goodra|88/100 brn\n|-unboost|p2a: Farigiraf|spa|1\n|-unboost|p2b: Goodra|spa|1\n|\n|-heal|p2b: Goodra|94/100 brn|[from] item: Leftovers\n|-damage|p2b: Goodra|88/100 brn|[from] brn\n|upkeep\n|turn|4\n|\n|t:|1776103864\n|move|p2a: Farigiraf|Protect|p2a: Farigiraf\n|-singleturn|p2a: Farigiraf|Protect\n|move|p1a: Baret|Giga Drain|p2b: Goodra\n|-resisted|p2b: Goodra|2\n|-damage|p2b: Goodra|83/100 brn\n|move|p1b: Gabu|Heat Wave|p2b: Goodra|[spread] p2b\n|-activate|p2a: Farigiraf|move: Protect\n|-damage|p2b: Goodra|68/100 brn\n|move|p2b: Goodra|Dragon Tail|p1a: Baret\n|-damage|p1a: Baret|82/100\n|drag|p1a: Weeber|Araquanid, L50, F|100/100\n|\n|-heal|p2a: Farigiraf|68/100 par|[from] move: Wish|[wisher] Farigiraf\n|-heal|p2b: Goodra|74/100 brn|[from] item: Leftovers\n|-damage|p2b: Goodra|68/100 brn|[from] brn\n|upkeep\n|turn|5\n|\n|t:|1776103882\n|move|p2a: Farigiraf|Wish|p2a: Farigiraf\n|move|p1a: Weeber|Leech Life|p2a: Farigiraf\n|-supereffective|p2a: Farigiraf|1\n|-damage|p2a: Farigiraf|14/100 par\n|move|p1b: Gabu|Snarl|p2b: Goodra|[spread] p2a,p2b\n|-supereffective|p2a: Farigiraf|1\n|-damage|p2a: Farigiraf|0 fnt\n|-damage|p2b: Goodra|63/100 brn\n|-unboost|p2b: Goodra|spa|1\n|faint|p2a: Farigiraf\n|move|p2b: Goodra|Dragon Tail|p1a: Weeber\n|-damage|p1a: Weeber|85/100\n|drag|p1a: Baret|Victreebel-Mega, L50, F, shiny|82/100\n|\n|-heal|p2b: Goodra|68/100 brn|[from] item: Leftovers\n|-damage|p2b: Goodra|63/100 brn|[from] brn\n|upkeep\n|\n|t:|1776103890\n|switch|p2a: Conkeldurr|Conkeldurr, L50, F|100/100\n|turn|6\n|inactive|Battle timer is ON: inactive players will automatically lose when time's up. (requested by L_Yami_H)\n|\n|t:|1776103915\n|move|p2a: Conkeldurr|Fire Punch|p1a: Baret\n|-supereffective|p1a: Baret|1\n|-damage|p1a: Baret|0 fnt\n|-damage|p2a: Conkeldurr|20/100|[from] ability: Innards Out|[of] p1a: Baret\n|faint|p1a: Baret\n|move|p1b: Gabu|Heat Wave|p2a: Conkeldurr|[spread] p2b\n|-miss|p1b: Gabu|p2a: Conkeldurr\n|-damage|p2b: Goodra|49/100 brn\n|move|p2b: Goodra|Dragon Tail|p1b: Gabu\n|-damage|p1b: Gabu|62/100\n|drag|p1b: Weeber|Araquanid, L50, F|85/100\n|\n|-heal|p2a: Conkeldurr|77/100|[from] move: Wish|[wisher] Farigiraf\n|-heal|p2b: Goodra|55/100 brn|[from] item: Leftovers\n|-heal|p1b: Weeber|91/100|[from] item: Leftovers\n|-damage|p2b: Goodra|49/100 brn|[from] brn\n|-fieldend|move: Trick Room\n|upkeep\n|\n|t:|1776103933\n|switch|p1a: Gabu|Arcanine, L50, M|62/100\n|-ability|p1a: Gabu|Intimidate|boost\n|-unboost|p2a: Conkeldurr|atk|1\n|-unboost|p2b: Goodra|atk|1\n|turn|7\n|\n|t:|1776103941\n|move|p1a: Gabu|Heat Wave|p2b: Goodra|[spread] p2a,p2b\n|-crit|p2a: Conkeldurr\n|-damage|p2a: Conkeldurr|31/100\n|-damage|p2b: Goodra|34/100 brn\n|move|p1b: Weeber|Liquidation|p2a: Conkeldurr\n|-damage|p2a: Conkeldurr|0 fnt\n|faint|p2a: Conkeldurr\n|move|p2b: Goodra|Stomping Tantrum|p1a: Gabu\n|-supereffective|p1a: Gabu|1\n|-crit|p1a: Gabu\n|-damage|p1a: Gabu|39/100\n|-enditem|p1a: Gabu|Sitrus Berry|[eat]\n|-heal|p1a: Gabu|63/100|[from] item: Sitrus Berry\n|\n|-heal|p1b: Weeber|96/100|[from] item: Leftovers\n|-heal|p2b: Goodra|40/100 brn|[from] item: Leftovers\n|-damage|p2b: Goodra|34/100 brn|[from] brn\n|upkeep\n|\n|t:|1776103944\n|switch|p2a: Drampa|Drampa, L50, F|100/100\n|turn|8\n|\n|t:|1776103957\n|detailschange|p2a: Drampa|Drampa-Mega, L50, F\n|-mega|p2a: Drampa|Drampa|Drampanite\n|move|p1a: Gabu|Snarl|p2a: Drampa|[spread] p2a,p2b\n|-damage|p2a: Drampa|91/100\n|-damage|p2b: Goodra|29/100 brn\n|-unboost|p2a: Drampa|spa|1\n|-unboost|p2b: Goodra|spa|1\n|move|p1b: Weeber|Liquidation|p2a: Drampa\n|-resisted|p2a: Drampa|1\n|-damage|p2a: Drampa|60/100\n|move|p2a: Drampa|Hyper Voice|p1a: Gabu|[spread] p1a,p1b\n|-damage|p1a: Gabu|36/100\n|-damage|p1b: Weeber|74/100\n|move|p2b: Goodra|Dragon Tail|p1b: Weeber\n|-damage|p1b: Weeber|62/100\n|drag|p1b: Pippins|Raichu, L50, M|100/100\n|\n|-heal|p2b: Goodra|35/100 brn|[from] item: Leftovers\n|-damage|p2b: Goodra|29/100 brn|[from] brn\n|upkeep\n|turn|9\n|\n|t:|1776103975\n|move|p1b: Pippins|Fake Out|p2a: Drampa\n|-damage|p2a: Drampa|52/100\n|move|p1a: Gabu|Snarl|p2a: Drampa|[spread] p2a,p2b\n|-damage|p2a: Drampa|43/100\n|-damage|p2b: Goodra|23/100 brn\n|-unboost|p2a: Drampa|spa|1\n|-unboost|p2b: Goodra|spa|1\n|-ability|p2a: Drampa|Berserk|boost\n|-boost|p2a: Drampa|spa|1\n|cant|p2a: Drampa|flinch\n|move|p2b: Goodra|Dragon Tail|p1b: Pippins|[miss]\n|-miss|p2b: Goodra|p1b: Pippins\n|\n|-heal|p2b: Goodra|29/100 brn|[from] item: Leftovers\n|-damage|p2b: Goodra|23/100 brn|[from] brn\n|upkeep\n|turn|10\n|l|\u2606delefes\n|inactive|delefes disconnected and has a minute to reconnect!\n|player|p2|\n|inactive|delefes has 30 seconds left.\n|inactive|delefes has 20 seconds left.\n|inactive|delefes has 15 seconds left.\n|inactive|delefes has 10 seconds left.\n|inactive|delefes has 5 seconds left.\n|-message|delefes lost due to inactivity.\n|\n|win|L_Yami_H\n|raw|L_Yami_H's rating: 1093 &rarr; <strong>1112</strong><br />(+19 for winning)\n|raw|delefes's rating: 1000 &rarr; <strong>1000</strong><br />(+0 for losing)\n",
  "uploadtime": 1776104070,
  "views": 22,
  "formatid": "gen9championsvgc2026regma",
  "rating": 1000,
  "private": 0,
  "password": null
}