{
  "id": "gen9championsvgc2026regma-2585443761",
  "format": "[Gen 9 Champions] VGC 2026 Reg M-A",
  "players": [
    "CoffeeMoffee",
    "wepetmose"
  ],
  "log": "|j|\u2606CoffeeMoffee\n|j|\u2606wepetmose\n|t:|1776347679\n|gametype|doubles\n|player|p1|CoffeeMoffee|scientist|1138\n|player|p2|wepetmose|red|1232\n|gen|9\n|tier|[Gen 9 Champions] VGC 2026 Reg M-A\n|rated|\n|rule|Species Clause: Limit one of each Pok\u00e9mon\n|rule|Item Clause: Limit 1 of each item\n|clearpoke\n|poke|p1|Floette-Eternal, L50, F|\n|poke|p1|Kingambit, L50, F|\n|poke|p1|Garchomp, L50, M|\n|poke|p1|Incineroar, L50, M|\n|poke|p1|Rotom-Wash, L50|\n|poke|p1|Sinistcha, L50|\n|poke|p2|Froslass, L50, F|\n|poke|p2|Whimsicott, L50, F|\n|poke|p2|Sneasler, L50, F|\n|poke|p2|Delphox, L50, F|\n|poke|p2|Goodra-Hisui, L50, F|\n|poke|p2|Primarina, L50, M|\n|teampreview|4\n|inactive|Battle timer is ON: inactive players will automatically lose when time's up. (requested by CoffeeMoffee)\n|inactive|CoffeeMoffee has 60 seconds left.\n|\n|t:|1776347723\n|teamsize|p1|4\n|teamsize|p2|4\n|start\n|switch|p1a: Rotom|Rotom-Wash, L50, shiny|100/100\n|switch|p1b: Sinistcha|Sinistcha, L50, shiny|100/100\n|switch|p2a: Froslass|Froslass, L50, F, shiny|100/100\n|switch|p2b: Whimsicott|Whimsicott, L50, F, shiny|100/100\n|turn|1\n|inactive|CoffeeMoffee has 30 seconds left.\n|\n|t:|1776347751\n|switch|p1b: Kingambit|Kingambit, L50, F, shiny|100/100\n|detailschange|p2a: Froslass|Froslass-Mega, L50, F, shiny\n|-mega|p2a: Froslass|Froslass|Froslassite\n|-weather|Snowscape|[from] ability: Snow Warning|[of] p2a: Froslass\n|move|p2b: Whimsicott|Tailwind|p2b: Whimsicott\n|-sidestart|p2: wepetmose|move: Tailwind\n|move|p2a: Froslass|Aurora Veil|p2a: Froslass\n|-sidestart|p2: wepetmose|move: Aurora Veil\n|move|p1a: Rotom|Electroweb|p2a: Froslass|[spread] p2a,p2b\n|-resisted|p2b: Whimsicott|1\n|-damage|p2a: Froslass|82/100\n|-damage|p2b: Whimsicott|89/100\n|-unboost|p2a: Froslass|spe|1\n|-unboost|p2b: Whimsicott|spe|1\n|\n|-weather|Snowscape|[upkeep]\n|upkeep\n|turn|2\n|inactive|CoffeeMoffee has 30 seconds left.\n|inactive|wepetmose has 30 seconds left.\n|inactive|CoffeeMoffee has 20 seconds left.\n|inactive|wepetmose has 20 seconds left.\n|inactive|CoffeeMoffee has 15 seconds left.\n|inactive|CoffeeMoffee has 10 seconds left.\n|\n|t:|1776347798\n|switch|p2a: Delphox|Delphox, L50, F, shiny|100/100\n|move|p2b: Whimsicott|Energy Ball|p1a: Rotom\n|-supereffective|p1a: Rotom|1\n|-damage|p1a: Rotom|15/100\n|move|p1a: Rotom|Electroweb|p2a: Delphox|[spread] p2a,p2b\n|-resisted|p2b: Whimsicott|1\n|-damage|p2a: Delphox|85/100\n|-damage|p2b: Whimsicott|78/100\n|-unboost|p2a: Delphox|spe|1\n|-unboost|p2b: Whimsicott|spe|1\n|move|p1b: Kingambit|Iron Head|p2b: Whimsicott\n|-supereffective|p2b: Whimsicott|1\n|-damage|p2b: Whimsicott|0 fnt\n|faint|p2b: Whimsicott\n|\n|-weather|Snowscape|[upkeep]\n|upkeep\n|\n|t:|1776347816\n|switch|p2b: Froslass|Froslass-Mega, L50, F, shiny|82/100\n|turn|3\n|inactive|CoffeeMoffee has 30 seconds left.\n|\n|t:|1776347851\n|move|p1b: Kingambit|Sucker Punch|p2a: Delphox\n|-supereffective|p2a: Delphox|1\n|-damage|p2a: Delphox|0 fnt\n|faint|p2a: Delphox\n|move|p2b: Froslass|Blizzard|p1b: Kingambit|[spread] p1a,p1b\n|-resisted|p1a: Rotom|1\n|-resisted|p1b: Kingambit|1\n|-damage|p1a: Rotom|0 fnt\n|-damage|p1b: Kingambit|79/100\n|faint|p1a: Rotom\n|\n|-weather|Snowscape|[upkeep]\n|upkeep\n|\n|t:|1776347864\n|switch|p2a: Primarina|Primarina, L50, M, shiny|100/100\n|switch|p1a: Floette|Floette-Eternal, L50, F|100/100\n|turn|4\n|inactive|CoffeeMoffee has 30 seconds left.\n|\n|t:|1776347898\n|detailschange|p1a: Floette|Floette-Mega, L50, F\n|-mega|p1a: Floette|Floette|Floettite\n|-ability|p1a: Floette|Fairy Aura\n|move|p2b: Froslass|Protect|p2b: Froslass\n|-singleturn|p2b: Froslass|Protect\n|move|p1b: Kingambit|Protect|p1b: Kingambit\n|-singleturn|p1b: Kingambit|Protect\n|move|p2a: Primarina|Hyper Voice|p1b: Kingambit|[spread] p1a\n|-activate|p1b: Kingambit|move: Protect\n|-damage|p1a: Floette|73/100\n|move|p1a: Floette|Calm Mind|p1a: Floette\n|-boost|p1a: Floette|spa|1\n|-boost|p1a: Floette|spd|1\n|\n|-weather|Snowscape|[upkeep]\n|-sideend|p2: wepetmose|move: Tailwind\n|upkeep\n|turn|5\n|\n|t:|1776347923\n|move|p1b: Kingambit|Sucker Punch|p2b: Froslass\n|-supereffective|p2b: Froslass|1\n|-damage|p2b: Froslass|7/100\n|move|p2b: Froslass|Blizzard|p1b: Kingambit|[spread] p1a,p1b\n|-crit|p1a: Floette\n|-resisted|p1b: Kingambit|1\n|-damage|p1a: Floette|28/100\n|-damage|p1b: Kingambit|58/100\n|move|p1a: Floette|Moonblast|p2a: Primarina\n|-damage|p2a: Primarina|35/100\n|move|p2a: Primarina|Blizzard|p1a: Floette|[spread] p1a,p1b\n|-resisted|p1b: Kingambit|1\n|-damage|p1a: Floette|13/100\n|-damage|p1b: Kingambit|45/100\n|-status|p1b: Kingambit|frz\n|\n|-weather|none\n|-heal|p2a: Primarina|41/100|[from] item: Leftovers\n|-sideend|p2: wepetmose|move: Aurora Veil\n|upkeep\n|turn|6\n|inactive|CoffeeMoffee has 30 seconds left.\n|\n|t:|1776347949\n|move|p2b: Froslass|Protect|p2b: Froslass\n|-singleturn|p2b: Froslass|Protect\n|move|p1a: Floette|Protect|p1a: Floette\n|-singleturn|p1a: Floette|Protect\n|cant|p1b: Kingambit|frz\n|move|p2a: Primarina|Life Dew|p2a: Primarina|[spread] p2a,p2b\n|-heal|p2a: Primarina|66/100\n|-heal|p2b: Froslass|32/100\n|\n|-heal|p2a: Primarina|72/100|[from] item: Leftovers\n|upkeep\n|turn|7\n|\n|t:|1776347972\n|switch|p1a: Sinistcha|Sinistcha, L50, shiny|100/100\n|-heal|p1b: Kingambit|70/100 frz|[from] ability: Hospitality|[of] p1a: Sinistcha\n|cant|p1b: Kingambit|frz\n|move|p2b: Froslass|Shadow Ball|p1a: Sinistcha\n|-supereffective|p1a: Sinistcha|1\n|-damage|p1a: Sinistcha|16/100\n|-enditem|p1a: Sinistcha|Sitrus Berry|[eat]\n|-heal|p1a: Sinistcha|41/100|[from] item: Sitrus Berry\n|move|p2a: Primarina|Hyper Voice|p1b: Kingambit|[spread] p1a,p1b\n|-resisted|p1a: Sinistcha|1\n|-damage|p1a: Sinistcha|23/100\n|-damage|p1b: Kingambit|35/100 frz\n|\n|-heal|p2a: Primarina|78/100|[from] item: Leftovers\n|upkeep\n|turn|8\n|inactive|CoffeeMoffee has 30 seconds left.\n|inactive|wepetmose has 30 seconds left.\n|\n|t:|1776348003\n|-curestatus|p1b: Kingambit|frz|[msg]\n|move|p1b: Kingambit|Protect|p1b: Kingambit\n|-singleturn|p1b: Kingambit|Protect\n|move|p2b: Froslass|Blizzard|p1a: Sinistcha|[spread] p1a\n|-activate|p1b: Kingambit|move: Protect\n|-supereffective|p1a: Sinistcha|1\n|-damage|p1a: Sinistcha|0 fnt\n|faint|p1a: Sinistcha\n|move|p2a: Primarina|Hyper Voice|p1b: Kingambit\n|-activate|p1b: Kingambit|move: Protect\n|\n|-heal|p2a: Primarina|84/100|[from] item: Leftovers\n|upkeep\n|\n|t:|1776348014\n|switch|p1a: Floette|Floette-Mega, L50, F|13/100\n|-ability|p1a: Floette|Fairy Aura\n|turn|9\n|inactive|CoffeeMoffee has 30 seconds left.\n|\n|t:|1776348042\n|move|p2b: Froslass|Protect|p2b: Froslass\n|-singleturn|p2b: Froslass|Protect\n|move|p1b: Kingambit|Sucker Punch|p2a: Primarina\n|-resisted|p2a: Primarina|1\n|-damage|p2a: Primarina|49/100\n|move|p1a: Floette|Moonblast|p2a: Primarina\n|-damage|p2a: Primarina|0 fnt\n|faint|p2a: Primarina\n|\n|upkeep\n|turn|10\n|\n|t:|1776348057\n|move|p1a: Floette|Protect|p1a: Floette\n|-singleturn|p1a: Floette|Protect\n|move|p1b: Kingambit|Sucker Punch|p2b: Froslass\n|-supereffective|p2b: Froslass|1\n|-damage|p2b: Froslass|0 fnt\n|faint|p2b: Froslass\n|\n|win|CoffeeMoffee\n|raw|CoffeeMoffee's rating: 1138 &rarr; <strong>1170</strong><br />(+32 for winning)\n|raw|wepetmose's rating: 1232 &rarr; <strong>1200</strong><br />(-32 for losing)\n",
  "uploadtime": 1776348066,
  "views": 35,
  "formatid": "gen9championsvgc2026regma",
  "rating": 1170,
  "private": 0,
  "password": null
}