{
  "id": "gen9championsvgc2026regma-2581759374",
  "format": "[Gen 9 Champions] VGC 2026 Reg M-A",
  "players": [
    "pokebizness",
    "SimMikaze"
  ],
  "log": "|j|\u2606pokebizness\n|j|\u2606SimMikaze\n|t:|1776026206\n|gametype|doubles\n|player|p1|pokebizness|firebreather|1340\n|player|p2|SimMikaze|miku-ghost|1270\n|gen|9\n|tier|[Gen 9 Champions] VGC 2026 Reg M-A\n|rated|\n|rule|Species Clause: Limit one of each Pok\u00e9mon\n|rule|Item Clause: Limit 1 of each item\n|clearpoke\n|poke|p1|Glimmora, L50, F|\n|poke|p1|Whimsicott, L50, F|\n|poke|p1|Volcarona, L50, F|\n|poke|p1|Tyranitar, L50, F|\n|poke|p1|Corviknight, L50, F|\n|poke|p1|Garchomp, L50, F|\n|poke|p2|Hawlucha, L50, M|\n|poke|p2|Snorlax, L50, M|\n|poke|p2|Floette-Eternal, L50, F|\n|poke|p2|Incineroar, L50, M|\n|poke|p2|Sinistcha, L50|\n|poke|p2|Basculegion, L50, M|\n|teampreview|4\n|inactive|Battle timer is ON: inactive players will automatically lose when time's up. (requested by pokebizness)\n|inactive|pokebizness has 60 seconds left.\n|inactive|SimMikaze has 60 seconds left.\n|\n|t:|1776026252\n|teamsize|p1|4\n|teamsize|p2|4\n|start\n|switch|p1a: Glimmora|Glimmora, L50, F|100/100\n|switch|p1b: Whimsicott|Whimsicott, L50, F|100/100\n|switch|p2a: Hawlucha|Hawlucha, L50, M|100/100\n|switch|p2b: Snorlax|Snorlax, L50, M|100/100\n|turn|1\n|\n|t:|1776026269\n|detailschange|p2a: Hawlucha|Hawlucha-Mega, L50, M\n|-mega|p2a: Hawlucha|Hawlucha|Hawluchanite\n|move|p1a: Glimmora|Spiky Shield|p1a: Glimmora\n|-singleturn|p1a: Glimmora|move: Protect\n|move|p1b: Whimsicott|Tailwind|p1b: Whimsicott\n|-sidestart|p1: pokebizness|move: Tailwind\n|move|p2a: Hawlucha|Entrainment|p2b: Snorlax\n|-ability|p2b: Snorlax|No Guard|Thick Fat|[from] move: Entrainment|[of] p2a: Hawlucha\n|move|p2b: Snorlax|Fissure|p1a: Glimmora\n|-activate|p1a: Glimmora|move: Protect\n|\n|upkeep\n|turn|2\n|inactive|pokebizness has 30 seconds left.\n|inactive|SimMikaze has 30 seconds left.\n|inactive|SimMikaze has 20 seconds left.\n|\n|t:|1776026304\n|detailschange|p1a: Glimmora|Glimmora-Mega, L50, F\n|-mega|p1a: Glimmora|Glimmora|Glimmoranite\n|move|p1b: Whimsicott|Moonblast|p2a: Hawlucha\n|-supereffective|p2a: Hawlucha|1\n|-damage|p2a: Hawlucha|27/100\n|move|p1a: Glimmora|Sludge Bomb|p2a: Hawlucha\n|-crit|p2a: Hawlucha\n|-damage|p2a: Hawlucha|0 fnt\n|faint|p2a: Hawlucha\n|move|p2b: Snorlax|Fissure|p1a: Glimmora\n|-damage|p1a: Glimmora|0 fnt\n|faint|p1a: Glimmora\n|-ohko\n|\n|upkeep\n|\n|t:|1776026317\n|switch|p2a: Incineroar|Incineroar, L50, M, shiny|100/100\n|switch|p1a: Corviknight|Corviknight, L50, F|100/100\n|-ability|p2a: Incineroar|Intimidate|boost\n|-ability|p1a: Corviknight|Mirror Armor\n|-unboost|p2a: Incineroar|atk|1\n|-unboost|p1b: Whimsicott|atk|1\n|turn|3\n|\n|t:|1776026331\n|switch|p1b: Garchomp|Garchomp, L50, F|100/100\n|move|p2a: Incineroar|Fake Out|p1b: Garchomp\n|-damage|p1b: Garchomp|93/100\n|-damage|p2a: Incineroar|88/100|[from] ability: Rough Skin|[of] p1b: Garchomp\n|move|p1a: Corviknight|Bulk Up|p1a: Corviknight\n|-boost|p1a: Corviknight|atk|1\n|-boost|p1a: Corviknight|def|1\n|move|p2b: Snorlax|Fissure|p1b: Garchomp\n|-damage|p1b: Garchomp|0 fnt\n|faint|p1b: Garchomp\n|-ohko\n|\n|upkeep\n|\n|t:|1776026348\n|switch|p1b: Whimsicott|Whimsicott, L50, F|100/100\n|turn|4\n|inactive|pokebizness has 30 seconds left.\n|inactive|SimMikaze has 30 seconds left.\n|inactive|pokebizness has 20 seconds left.\n|\n|t:|1776026384\n|move|p1b: Whimsicott|Moonblast|p2a: Incineroar\n|-damage|p2a: Incineroar|64/100\n|move|p1a: Corviknight|Bulk Up|p1a: Corviknight\n|-boost|p1a: Corviknight|atk|1\n|-boost|p1a: Corviknight|def|1\n|move|p2a: Incineroar|Flare Blitz|p1b: Whimsicott\n|-supereffective|p1b: Whimsicott|1\n|-damage|p1b: Whimsicott|12/100\n|-damage|p2a: Incineroar|44/100|[from] Recoil\n|move|p2b: Snorlax|Fissure|p1b: Whimsicott\n|-damage|p1b: Whimsicott|0 fnt\n|faint|p1b: Whimsicott\n|-ohko\n|\n|-sideend|p1: pokebizness|move: Tailwind\n|upkeep\n|turn|5\n|inactive|SimMikaze has 30 seconds left.\n|\n|t:|1776026415\n|move|p1a: Corviknight|Body Press|p2b: Snorlax\n|-supereffective|p2b: Snorlax|1\n|-damage|p2b: Snorlax|55/100\n|move|p2a: Incineroar|Parting Shot|p1a: Corviknight\n|-ability|p1a: Corviknight|Mirror Armor\n|-unboost|p2a: Incineroar|atk|1\n|-ability|p1a: Corviknight|Mirror Armor\n|-unboost|p2a: Incineroar|spa|1\n|\n|t:|1776026418\n|switch|p2a: Sinistcha|Sinistcha, L50, shiny|100/100|[from] Parting Shot\n|-heal|p2b: Snorlax|80/100|[from] ability: Hospitality|[of] p2a: Sinistcha\n|move|p2b: Snorlax|Smack Down|p1a: Corviknight\n|-damage|p1a: Corviknight|95/100\n|-start|p1a: Corviknight|Smack Down\n|\n|-heal|p1a: Corviknight|100/100|[from] item: Leftovers\n|-heal|p2b: Snorlax|86/100|[from] item: Leftovers\n|upkeep\n|turn|6\n|inactive|pokebizness has 30 seconds left.\n|\n|t:|1776026445\n|move|p2a: Sinistcha|Rage Powder|p2a: Sinistcha\n|-singleturn|p2a: Sinistcha|move: Rage Powder\n|move|p1a: Corviknight|Body Press|p2a: Sinistcha\n|-immune|p2a: Sinistcha\n|move|p2b: Snorlax|Fissure|p1a: Corviknight\n|-damage|p1a: Corviknight|0 fnt\n|faint|p1a: Corviknight\n|-ohko\n|\n|win|SimMikaze\n|raw|pokebizness's rating: 1340 &rarr; <strong>1316</strong><br />(-24 for losing)\n|raw|SimMikaze's rating: 1270 &rarr; <strong>1300</strong><br />(+30 for winning)\n|l|\u2606pokebizness\n|player|p1|\n",
  "uploadtime": 1776026447,
  "views": 34,
  "formatid": "gen9championsvgc2026regma",
  "rating": 1300,
  "private": 0,
  "password": null
}