{
  "id": "gen9championsvgc2026regma-2585350137",
  "format": "[Gen 9 Champions] VGC 2026 Reg M-A",
  "players": [
    "AnonFY",
    "KRASIC90"
  ],
  "log": "|j|\u2606AnonFY\n|j|\u2606KRASIC90\n|t:|1776340317\n|gametype|doubles\n|player|p1|AnonFY|265|1139\n|player|p2|KRASIC90|2|1188\n|gen|9\n|tier|[Gen 9 Champions] VGC 2026 Reg M-A\n|rated|\n|rule|Species Clause: Limit one of each Pok\u00e9mon\n|rule|Item Clause: Limit 1 of each item\n|clearpoke\n|poke|p1|Incineroar, L50, F|\n|poke|p1|Sinistcha, L50|\n|poke|p1|Talonflame, L50, M|\n|poke|p1|Kingambit, L50, F|\n|poke|p1|Floette-Eternal, L50, F|\n|poke|p1|Garchomp, L50, F|\n|poke|p2|Charizard, L50, F|\n|poke|p2|Milotic, L50, M|\n|poke|p2|Sylveon, L50, M|\n|poke|p2|Whimsicott, L50, M|\n|poke|p2|Farigiraf, L50, F|\n|poke|p2|Typhlosion-Hisui, L50, M|\n|teampreview|4\n|\n|t:|1776340360\n|teamsize|p1|4\n|teamsize|p2|4\n|start\n|switch|p1a: Talonflame|Talonflame, L50, M|100/100\n|switch|p1b: Garchomp|Garchomp, L50, F|100/100\n|switch|p2a: Charizard|Charizard, L50, F|100/100\n|switch|p2b: Farigiraf|Farigiraf, L50, F|100/100\n|turn|1\n|inactive|Battle timer is ON: inactive players will automatically lose when time's up. (requested by KRASIC90)\n|inactive|AnonFY also wants the timer to be on.\n|\n|t:|1776340387\n|switch|p1a: Kingambit|Kingambit, L50, F|100/100\n|switch|p2a: Whimsicott|Whimsicott, L50, M|100/100\n|move|p1b: Garchomp|Rock Slide|p2a: Whimsicott|[spread] p2a,p2b\n|-damage|p2a: Whimsicott|69/100\n|-damage|p2b: Farigiraf|78/100\n|cant|p2b: Farigiraf|flinch\n|\n|upkeep\n|turn|2\n|\n|t:|1776340406\n|move|p2a: Whimsicott|Tailwind|p2a: Whimsicott\n|-sidestart|p2: KRASIC90|move: Tailwind\n|move|p1b: Garchomp|Rock Slide|p2a: Whimsicott|[spread] p2a,p2b\n|-damage|p2a: Whimsicott|40/100\n|-damage|p2b: Farigiraf|55/100\n|cant|p2b: Farigiraf|flinch\n|move|p1a: Kingambit|Kowtow Cleave|p2b: Farigiraf\n|-supereffective|p2b: Farigiraf|1\n|-damage|p2b: Farigiraf|0 fnt\n|faint|p2b: Farigiraf\n|\n|upkeep\n|\n|t:|1776340420\n|switch|p2b: Typhlosion|Typhlosion-Hisui, L50, M|100/100\n|turn|3\n|\n|t:|1776340431\n|switch|p1b: Talonflame|Talonflame, L50, M|100/100\n|move|p1a: Kingambit|Protect|p1a: Kingambit\n|-singleturn|p1a: Kingambit|Protect\n|move|p2b: Typhlosion|Eruption|p1b: Talonflame|[spread] p1b\n|-activate|p1a: Kingambit|move: Protect\n|-resisted|p1b: Talonflame|1\n|-damage|p1b: Talonflame|60/100\n|move|p2a: Whimsicott|Moonblast|p1b: Talonflame\n|-resisted|p1b: Talonflame|1\n|-damage|p1b: Talonflame|31/100\n|\n|upkeep\n|turn|4\n|inactive|KRASIC90 has 30 seconds left.\n|\n|t:|1776340463\n|move|p1a: Kingambit|Sucker Punch|p2b: Typhlosion\n|-supereffective|p2b: Typhlosion|1\n|-damage|p2b: Typhlosion|0 fnt\n|faint|p2b: Typhlosion\n|move|p2a: Whimsicott|Moonblast|p1a: Kingambit\n|-damage|p1a: Kingambit|68/100\n|move|p1b: Talonflame|Tailwind|p1b: Talonflame\n|-sidestart|p1: AnonFY|move: Tailwind\n|\n|upkeep\n|\n|t:|1776340473\n|switch|p2b: Charizard|Charizard, L50, F|100/100\n|turn|5\n|\n|t:|1776340482\n|detailschange|p2b: Charizard|Charizard-Mega-X, L50, F\n|-mega|p2b: Charizard|Charizard|Charizardite X\n|move|p1a: Kingambit|Protect|p1a: Kingambit\n|-singleturn|p1a: Kingambit|Protect\n|move|p1b: Talonflame|Dual Wingbeat|p2a: Whimsicott\n|-supereffective|p2a: Whimsicott|1\n|-damage|p2a: Whimsicott|0 fnt\n|faint|p2a: Whimsicott\n|-hitcount|p2: Whimsicott|1\n|move|p2b: Charizard|Flare Blitz|p1a: Kingambit\n|-activate|p1a: Kingambit|move: Protect\n|\n|-sideend|p2: KRASIC90|move: Tailwind\n|upkeep\n|turn|6\n|-message|KRASIC90 forfeited.\n|\n|win|AnonFY\n|raw|AnonFY's rating: 1139 &rarr; <strong>1168</strong><br />(+29 for winning)\n|raw|KRASIC90's rating: 1188 &rarr; <strong>1159</strong><br />(-29 for losing)\n|l|\u2606KRASIC90\n|player|p2|\n",
  "uploadtime": 1776340509,
  "views": 22,
  "formatid": "gen9championsvgc2026regma",
  "rating": 1159,
  "private": 0,
  "password": null
}