{
  "id": "gen9championsvgc2026regma-2585058140",
  "format": "[Gen 9 Champions] VGC 2026 Reg M-A",
  "players": [
    "Sfayne",
    "Missed Ledgedash"
  ],
  "log": "|j|\u2606Sfayne\n|j|\u2606Missed Ledgedash\n|t:|1776307519\n|gametype|doubles\n|player|p1|Sfayne|101|1208\n|player|p2|Missed Ledgedash|juan-gen3|1216\n|gen|9\n|tier|[Gen 9 Champions] VGC 2026 Reg M-A\n|rated|\n|rule|Species Clause: Limit one of each Pok\u00e9mon\n|rule|Item Clause: Limit 1 of each item\n|clearpoke\n|poke|p1|Vivillon, L50, F|\n|poke|p1|Floette-Eternal, L50, F|\n|poke|p1|Incineroar, L50, F|\n|poke|p1|Kingambit, L50, M|\n|poke|p1|Sneasler, L50, M|\n|poke|p1|Farigiraf, L50, M|\n|poke|p2|Incineroar, L50, M|\n|poke|p2|Gengar, L50, M|\n|poke|p2|Gyarados, L50, M|\n|poke|p2|Tyranitar, L50, M|\n|poke|p2|Sneasler, L50, F|\n|poke|p2|Excadrill, L50, M|\n|teampreview|4\n|\n|t:|1776307563\n|teamsize|p1|4\n|teamsize|p2|4\n|start\n|switch|p1a: Vivillon|Vivillon, L50, F|100/100\n|switch|p1b: Incineroar|Incineroar, L50, F|100/100\n|switch|p2a: Gengar|Gengar, L50, M|100/100\n|switch|p2b: Sneasler|Sneasler, L50, F|100/100\n|-ability|p1b: Incineroar|Intimidate|boost\n|-unboost|p2a: Gengar|atk|1\n|-unboost|p2b: Sneasler|atk|1\n|-enditem|p2b: Sneasler|White Herb\n|-clearnegativeboost|p2b: Sneasler|[silent]\n|turn|1\n|\n|t:|1776307591\n|detailschange|p2a: Gengar|Gengar-Mega, L50, M\n|-mega|p2a: Gengar|Gengar|Gengarite\n|move|p2a: Gengar|Protect|p2a: Gengar\n|-singleturn|p2a: Gengar|Protect\n|move|p2b: Sneasler|Close Combat|p1b: Incineroar\n|-supereffective|p1b: Incineroar|1\n|-damage|p1b: Incineroar|0 fnt\n|-unboost|p2b: Sneasler|def|1\n|-unboost|p2b: Sneasler|spd|1\n|faint|p1b: Incineroar\n|move|p1a: Vivillon|Sleep Powder|p2a: Gengar\n|-activate|p2a: Gengar|move: Protect\n|\n|upkeep\n|\n|t:|1776307604\n|switch|p1b: Sneasler|Sneasler, L50, M|100/100\n|turn|2\n|\n|t:|1776307622\n|switch|p2b: Tyranitar|Tyranitar, L50, M|100/100\n|-weather|Sandstorm|[from] ability: Sand Stream|[of] p2b: Tyranitar\n|move|p1a: Vivillon|Sleep Powder|p2a: Gengar\n|-status|p2a: Gengar|slp|[from] move: Sleep Powder\n|cant|p2a: Gengar|slp\n|move|p1b: Sneasler|Close Combat|p2b: Tyranitar\n|-supereffective|p2b: Tyranitar|2\n|-damage|p2b: Tyranitar|0 fnt\n|-unboost|p1b: Sneasler|def|1\n|-unboost|p1b: Sneasler|spd|1\n|faint|p2b: Tyranitar\n|\n|-weather|Sandstorm|[upkeep]\n|-damage|p1a: Vivillon|95/100|[from] Sandstorm\n|-damage|p2a: Gengar|94/100 slp|[from] Sandstorm\n|-damage|p1b: Sneasler|95/100|[from] Sandstorm\n|upkeep\n|\n|t:|1776307639\n|switch|p2b: Excadrill|Excadrill, L50, M|100/100\n|turn|3\n|\n|t:|1776307676\n|move|p2b: Excadrill|Rock Slide|p1a: Vivillon|[spread] p1a\n|-miss|p2b: Excadrill|p1b: Sneasler\n|-supereffective|p1a: Vivillon|2\n|-damage|p1a: Vivillon|0 fnt\n|faint|p1a: Vivillon\n|cant|p2a: Gengar|slp\n|move|p1b: Sneasler|Close Combat|p2b: Excadrill\n|-supereffective|p2b: Excadrill|1\n|-enditem|p2b: Excadrill|Focus Sash\n|-damage|p2b: Excadrill|1/100\n|-unboost|p1b: Sneasler|def|1\n|-unboost|p1b: Sneasler|spd|1\n|\n|-weather|Sandstorm|[upkeep]\n|-damage|p2a: Gengar|88/100 slp|[from] Sandstorm\n|-damage|p1b: Sneasler|89/100|[from] Sandstorm\n|upkeep\n|\n|t:|1776307690\n|switch|p1a: Floette|Floette-Eternal, L50, F|100/100\n|turn|4\n|\n|t:|1776307700\n|detailschange|p1a: Floette|Floette-Mega, L50, F\n|-mega|p1a: Floette|Floette|Floettite\n|-ability|p1a: Floette|Fairy Aura\n|move|p1b: Sneasler|Protect|p1b: Sneasler\n|-singleturn|p1b: Sneasler|Protect\n|move|p2b: Excadrill|Iron Head|p1a: Floette\n|-supereffective|p1a: Floette|1\n|-damage|p1a: Floette|4/100\n|-curestatus|p2a: Gengar|slp|[msg]\n|move|p2a: Gengar|Shadow Ball|p1b: Sneasler\n|-activate|p1b: Sneasler|move: Protect\n|move|p1a: Floette|Dazzling Gleam|p2a: Gengar|[spread] p2a,p2b\n|-resisted|p2a: Gengar|1\n|-resisted|p2b: Excadrill|1\n|-damage|p2a: Gengar|60/100\n|-damage|p2b: Excadrill|0 fnt\n|faint|p2b: Excadrill\n|\n|-weather|Sandstorm|[upkeep]\n|-damage|p2a: Gengar|54/100|[from] Sandstorm\n|-damage|p1b: Sneasler|83/100|[from] Sandstorm\n|-damage|p1a: Floette|0 fnt|[from] Sandstorm\n|faint|p1a: Floette\n|upkeep\n|\n|t:|1776307714\n|switch|p2b: Sneasler|Sneasler, L50, F|100/100\n|turn|5\n|\n|t:|1776307721\n|move|p2b: Sneasler|Fake Out|p1b: Sneasler\n|-damage|p1b: Sneasler|37/100\n|move|p2a: Gengar|Shadow Ball|p1b: Sneasler\n|-damage|p1b: Sneasler|0 fnt\n|faint|p1b: Sneasler\n|\n|win|Missed Ledgedash\n|raw|Sfayne's rating: 1208 &rarr; <strong>1184</strong><br />(-24 for losing)\n|raw|Missed Ledgedash's rating: 1216 &rarr; <strong>1240</strong><br />(+24 for winning)\n",
  "uploadtime": 1776307722,
  "views": 18,
  "formatid": "gen9championsvgc2026regma",
  "rating": 1184,
  "private": 0,
  "password": null
}