{
  "id": "gen9championsvgc2026regma-2583040203",
  "format": "[Gen 9 Champions] VGC 2026 Reg M-A",
  "players": [
    "NitocrisAnub",
    "Whatever0512"
  ],
  "log": "|j|\u2606NitocrisAnub\n|j|\u2606Whatever0512\n|t:|1776135786\n|gametype|doubles\n|player|p1|NitocrisAnub|dahlia|1068\n|player|p2|Whatever0512|170|1057\n|gen|9\n|tier|[Gen 9 Champions] VGC 2026 Reg M-A\n|rated|\n|rule|Species Clause: Limit one of each Pok\u00e9mon\n|rule|Item Clause: Limit 1 of each item\n|clearpoke\n|poke|p1|Charizard, L50, M|\n|poke|p1|Whimsicott, L50, F|\n|poke|p1|Venusaur, L50, F|\n|poke|p1|Garchomp, L50, M|\n|poke|p1|Sneasler, L50, F|\n|poke|p1|Kingambit, L50, F|\n|poke|p2|Gengar, L50, F|\n|poke|p2|Incineroar, L50, M|\n|poke|p2|Kommo-o, L50, M|\n|poke|p2|Sinistcha, L50|\n|poke|p2|Politoed, L50, F|\n|poke|p2|Corviknight, L50, M|\n|teampreview|4\n|inactive|Battle timer is ON: inactive players will automatically lose when time's up. (requested by NitocrisAnub)\n|\n|t:|1776135828\n|teamsize|p1|4\n|teamsize|p2|4\n|start\n|switch|p1a: Charizard|Charizard, L50, M, shiny|100/100\n|switch|p1b: Venusaur|Venusaur, L50, F|100/100\n|switch|p2a: Gengar|Gengar, L50, F|100/100\n|switch|p2b: Incineroar|Incineroar, L50, M|100/100\n|-ability|p2b: Incineroar|Intimidate|boost\n|-unboost|p1a: Charizard|atk|1\n|-unboost|p1b: Venusaur|atk|1\n|turn|1\n|\n|t:|1776135850\n|detailschange|p2a: Gengar|Gengar-Mega, L50, F\n|-mega|p2a: Gengar|Gengar|Gengarite\n|move|p1a: Charizard|Protect|p1a: Charizard\n|-singleturn|p1a: Charizard|Protect\n|move|p2b: Incineroar|Fake Out|p1b: Venusaur\n|-damage|p1b: Venusaur|86/100\n|move|p2a: Gengar|Sludge Bomb|p1b: Venusaur\n|-damage|p1b: Venusaur|41/100\n|cant|p1b: Venusaur|flinch\n|\n|upkeep\n|turn|2\n|inactive|NitocrisAnub has 30 seconds left.\n|inactive|Whatever0512 has 30 seconds left.\n|inactive|NitocrisAnub has 20 seconds left.\n|\n|t:|1776135886\n|detailschange|p1a: Charizard|Charizard-Mega-Y, L50, M, shiny\n|-mega|p1a: Charizard|Charizard|Charizardite Y\n|-weather|SunnyDay|[from] ability: Drought|[of] p1a: Charizard\n|move|p2a: Gengar|Protect|p2a: Gengar\n|-singleturn|p2a: Gengar|Protect\n|move|p1b: Venusaur|Sludge Bomb|p2b: Incineroar\n|-damage|p2b: Incineroar|58/100\n|-status|p2b: Incineroar|psn\n|move|p1a: Charizard|Heat Wave|p2b: Incineroar|[spread] p2b\n|-activate|p2a: Gengar|move: Protect\n|-resisted|p2b: Incineroar|1\n|-damage|p2b: Incineroar|34/100 psn\n|-enditem|p2b: Incineroar|Sitrus Berry|[eat]\n|-heal|p2b: Incineroar|59/100 psn|[from] item: Sitrus Berry\n|move|p2b: Incineroar|Flare Blitz|p1b: Venusaur\n|-supereffective|p1b: Venusaur|1\n|-damage|p1b: Venusaur|0 fnt\n|faint|p1b: Venusaur\n|-damage|p2b: Incineroar|49/100 psn|[from] Recoil\n|\n|-weather|SunnyDay|[upkeep]\n|-damage|p2b: Incineroar|36/100 psn|[from] psn\n|upkeep\n|\n|t:|1776135906\n|switch|p1b: Sneasler|Sneasler, L50, F|100/100\n|turn|3\n|\n|t:|1776135923\n|switch|p2b: Politoed|Politoed, L50, F|100/100\n|-weather|RainDance|[from] ability: Drizzle|[of] p2b: Politoed\n|move|p1b: Sneasler|Fake Out|p2b: Politoed\n|-damage|p2b: Politoed|81/100\n|move|p2a: Gengar|Will-O-Wisp|p1b: Sneasler\n|-status|p1b: Sneasler|brn\n|move|p1a: Charizard|Scorching Sands|p2a: Gengar\n|-supereffective|p2a: Gengar|1\n|-damage|p2a: Gengar|35/100\n|\n|-weather|RainDance|[upkeep]\n|-damage|p1b: Sneasler|95/100 brn|[from] brn\n|upkeep\n|turn|4\n|inactive|NitocrisAnub has 30 seconds left.\n|inactive|Whatever0512 has 30 seconds left.\n|\n|t:|1776135951\n|switch|p2a: Corviknight|Corviknight, L50, M|100/100\n|move|p1a: Charizard|Protect|p1a: Charizard\n|-singleturn|p1a: Charizard|Protect\n|move|p2b: Politoed|Weather Ball|p1a: Charizard\n|-activate|p1a: Charizard|move: Protect\n|move|p1b: Sneasler|Close Combat|p2b: Politoed\n|-damage|p2b: Politoed|34/100\n|-unboost|p1b: Sneasler|def|1\n|-unboost|p1b: Sneasler|spd|1\n|\n|-weather|RainDance|[upkeep]\n|-damage|p1b: Sneasler|89/100 brn|[from] brn\n|upkeep\n|turn|5\n|\n|t:|1776135977\n|switch|p2b: Gengar|Gengar-Mega, L50, F|35/100\n|switch|p1a: Garchomp|Garchomp, L50, M|100/100\n|move|p1b: Sneasler|Close Combat|p2b: Gengar\n|-immune|p2b: Gengar\n|move|p2a: Corviknight|Iron Head|p1b: Sneasler\n|-damage|p1b: Sneasler|11/100 brn\n|\n|-weather|RainDance|[upkeep]\n|-damage|p1b: Sneasler|6/100 brn|[from] brn\n|upkeep\n|turn|6\n|inactive|Whatever0512 has 30 seconds left.\n|\n|t:|1776136007\n|move|p2b: Gengar|Protect|p2b: Gengar\n|-singleturn|p2b: Gengar|Protect\n|move|p1b: Sneasler|Close Combat|p2a: Corviknight\n|-damage|p2a: Corviknight|72/100\n|-unboost|p1b: Sneasler|def|1\n|-unboost|p1b: Sneasler|spd|1\n|move|p1a: Garchomp|Rock Slide|p2b: Gengar|[spread] p2a\n|-activate|p2b: Gengar|move: Protect\n|-damage|p2a: Corviknight|50/100\n|move|p2a: Corviknight|Tailwind|p2a: Corviknight\n|-sidestart|p2: Whatever0512|move: Tailwind\n|\n|-weather|RainDance|[upkeep]\n|-damage|p1b: Sneasler|0 fnt|[from] brn\n|faint|p1b: Sneasler\n|upkeep\n|\n|t:|1776136019\n|switch|p1b: Charizard|Charizard-Mega-Y, L50, M, shiny|100/100\n|-weather|SunnyDay|[from] ability: Drought|[of] p1b: Charizard\n|turn|7\n|\n|t:|1776136031\n|move|p2b: Gengar|Sludge Bomb|p1b: Charizard\n|-damage|p1b: Charizard|50/100\n|move|p2a: Corviknight|Brave Bird|p1b: Charizard\n|-damage|p1b: Charizard|0 fnt\n|faint|p1b: Charizard\n|-damage|p2a: Corviknight|37/100|[from] Recoil\n|move|p1a: Garchomp|Rock Slide|p2b: Gengar|[spread] p2a,p2b\n|-damage|p2a: Corviknight|13/100\n|-damage|p2b: Gengar|5/100\n|\n|-weather|SunnyDay|[upkeep]\n|upkeep\n|turn|8\n|\n|t:|1776136047\n|switch|p2a: Incineroar|Incineroar, L50, M|36/100 psn\n|-ability|p2a: Incineroar|Intimidate|boost\n|-unboost|p1a: Garchomp|atk|1\n|move|p2b: Gengar|Will-O-Wisp|p1a: Garchomp\n|-status|p1a: Garchomp|brn\n|move|p1a: Garchomp|Rock Slide|p2b: Gengar|[spread] p2a,p2b\n|-supereffective|p2a: Incineroar|1\n|-damage|p2a: Incineroar|23/100 psn\n|-damage|p2b: Gengar|0 fnt\n|faint|p2b: Gengar\n|\n|-weather|SunnyDay|[upkeep]\n|-damage|p2a: Incineroar|10/100 psn|[from] psn\n|-damage|p1a: Garchomp|95/100 brn|[from] brn\n|upkeep\n|\n|t:|1776136057\n|switch|p2b: Politoed|Politoed, L50, F|34/100\n|-weather|RainDance|[from] ability: Drizzle|[of] p2b: Politoed\n|turn|9\n|inactive|NitocrisAnub has 30 seconds left.\n|\n|t:|1776136083\n|move|p2a: Incineroar|Fake Out|p1a: Garchomp\n|-damage|p1a: Garchomp|84/100 brn\n|move|p2b: Politoed|Ice Beam|p1a: Garchomp\n|-supereffective|p1a: Garchomp|2\n|-damage|p1a: Garchomp|0 fnt\n|faint|p1a: Garchomp\n|\n|win|Whatever0512\n|raw|NitocrisAnub's rating: 1068 &rarr; <strong>1047</strong><br />(-21 for losing)\n|raw|Whatever0512's rating: 1057 &rarr; <strong>1089</strong><br />(+32 for winning)\n|l|\u2606NitocrisAnub\n|player|p1|\n|j|\u2606NitocrisAnub\n|player|p1|NitocrisAnub|dahlia|\n",
  "uploadtime": 1776136099,
  "views": 25,
  "formatid": "gen9championsvgc2026regma",
  "rating": 1047,
  "private": 0,
  "password": null
}