{
  "id": "gen9championsvgc2026regma-2584360705",
  "format": "[Gen 9 Champions] VGC 2026 Reg M-A",
  "players": [
    "Matfirer",
    "KirmpiBeLike"
  ],
  "log": "|j|\u2606Matfirer\n|j|\u2606KirmpiBeLike\n|t:|1776254825\n|gametype|doubles\n|player|p1|Matfirer|psychic|1000\n|player|p2|KirmpiBeLike|cheren-gen5bw2|1047\n|gen|9\n|tier|[Gen 9 Champions] VGC 2026 Reg M-A\n|rated|\n|rule|Species Clause: Limit one of each Pok\u00e9mon\n|rule|Item Clause: Limit 1 of each item\n|clearpoke\n|poke|p1|Maushold-Four, L50|\n|poke|p1|Sneasler, L50, F|\n|poke|p1|Aerodactyl, L50, F|\n|poke|p1|Floette-Eternal, L50, F|\n|poke|p1|Incineroar, L50, M|\n|poke|p1|Basculegion, L50, M|\n|poke|p2|Tyranitar, L50, F|\n|poke|p2|Garchomp, L50, M|\n|poke|p2|Aegislash, L50, F|\n|poke|p2|Rotom-Wash, L50|\n|poke|p2|Meganium, L50, M|\n|poke|p2|Talonflame, L50, M|\n|teampreview|4\n|\n|t:|1776254849\n|teamsize|p1|4\n|teamsize|p2|4\n|start\n|switch|p1a: Aerodactyl|Aerodactyl, L50, F|100/100\n|switch|p1b: Incineroar|Incineroar, L50, M|100/100\n|switch|p2a: Talonflame|Talonflame, L50, M, shiny|100/100\n|switch|p2b: Garchomp|Garchomp, L50, M|100/100\n|-ability|p1a: Aerodactyl|Unnerve\n|-ability|p1b: Incineroar|Intimidate|boost\n|-unboost|p2a: Talonflame|atk|1\n|-unboost|p2b: Garchomp|atk|1\n|turn|1\n|\n|t:|1776254877\n|move|p2a: Talonflame|Protect|p2a: Talonflame\n|-singleturn|p2a: Talonflame|Protect\n|move|p1b: Incineroar|Fake Out|p2a: Talonflame\n|-activate|p2a: Talonflame|move: Protect\n|move|p2b: Garchomp|Stone Edge|p1a: Aerodactyl\n|-supereffective|p1a: Aerodactyl|1\n|-crit|p1a: Aerodactyl\n|-enditem|p1a: Aerodactyl|Focus Sash\n|-damage|p1a: Aerodactyl|1/100\n|move|p1a: Aerodactyl|Rock Slide|p2b: Garchomp|[spread] p2b\n|-activate|p2a: Talonflame|move: Protect\n|-resisted|p2b: Garchomp|1\n|-damage|p2b: Garchomp|87/100\n|\n|upkeep\n|turn|2\n|\n|t:|1776254902\n|move|p2a: Talonflame|Tailwind|p2a: Talonflame\n|-sidestart|p2: KirmpiBeLike|move: Tailwind\n|move|p2b: Garchomp|Stone Edge|p1a: Aerodactyl|[miss]\n|-miss|p2b: Garchomp|p1a: Aerodactyl\n|move|p1a: Aerodactyl|Tailwind|p1a: Aerodactyl\n|-sidestart|p1: Matfirer|move: Tailwind\n|move|p1b: Incineroar|Parting Shot|p2b: Garchomp\n|-unboost|p2b: Garchomp|atk|1\n|-unboost|p2b: Garchomp|spa|1\n|\n|t:|1776254919\n|switch|p1b: Sneasler|Sneasler, L50, F|100/100|[from] Parting Shot\n|\n|upkeep\n|turn|3\n|\n|t:|1776254940\n|move|p2a: Talonflame|Brave Bird|p1b: Sneasler\n|-supereffective|p1b: Sneasler|1\n|-damage|p1b: Sneasler|1/100\n|-damage|p2a: Talonflame|67/100|[from] Recoil\n|move|p2b: Garchomp|Stone Edge|p1a: Aerodactyl\n|-supereffective|p1a: Aerodactyl|1\n|-damage|p1a: Aerodactyl|0 fnt\n|faint|p1a: Aerodactyl\n|move|p1b: Sneasler|Close Combat|p2b: Garchomp\n|-damage|p2b: Garchomp|22/100\n|-unboost|p1b: Sneasler|def|1\n|-unboost|p1b: Sneasler|spd|1\n|-enditem|p1b: Sneasler|White Herb\n|-clearnegativeboost|p1b: Sneasler|[silent]\n|\n|upkeep\n|\n|t:|1776254952\n|switch|p1a: Basculegion|Basculegion, L50, M|100/100\n|turn|4\n|\n|t:|1776254979\n|move|p1b: Sneasler|Dire Claw|p2a: Talonflame\n|-damage|p2a: Talonflame|0 fnt\n|faint|p2a: Talonflame\n|move|p2b: Garchomp|Stone Edge|p1a: Basculegion\n|-damage|p1a: Basculegion|77/100\n|move|p1a: Basculegion|Last Respects|p2b: Garchomp\n|-damage|p2b: Garchomp|0 fnt\n|faint|p2b: Garchomp\n|\n|upkeep\n|inactive|Battle timer is ON: inactive players will automatically lose when time's up. (requested by Matfirer)\n|inactive|KirmpiBeLike has 60 seconds left.\n|inactive|KirmpiBeLike has 30 seconds left.\n|inactive|KirmpiBeLike has 20 seconds left.\n|inactive|KirmpiBeLike has 15 seconds left.\n|inactive|KirmpiBeLike has 10 seconds left.\n|inactive|KirmpiBeLike has 5 seconds left.\n|\n|t:|1776255117\n|switch|p2a: Rotom|Rotom-Wash, L50, shiny|100/100\n|switch|p2b: Aegislash|Aegislash, L50, F, shiny|100/100\n|turn|5\n|inactive|Matfirer has 30 seconds left.\n|inactive|KirmpiBeLike has 30 seconds left.\n|inactive|Matfirer has 20 seconds left.\n|inactive|KirmpiBeLike has 20 seconds left.\n|inactive|Matfirer has 15 seconds left.\n|inactive|KirmpiBeLike has 15 seconds left.\n|inactive|Matfirer has 10 seconds left.\n|inactive|KirmpiBeLike has 10 seconds left.\n|inactive|Matfirer has 5 seconds left.\n|inactive|KirmpiBeLike has 5 seconds left.\n|\n|t:|1776255173\n|move|p2b: Aegislash|Wide Guard|p2b: Aegislash\n|-singleturn|p2b: Aegislash|Wide Guard\n|move|p1a: Basculegion|Aqua Jet|p2a: Rotom\n|-resisted|p2a: Rotom|1\n|-damage|p2a: Rotom|79/100\n|move|p1b: Sneasler|Close Combat|p2a: Rotom\n|-crit|p2a: Rotom\n|-damage|p2a: Rotom|0 fnt\n|-unboost|p1b: Sneasler|def|1\n|-unboost|p1b: Sneasler|spd|1\n|faint|p2a: Rotom\n|\n|-sideend|p2: KirmpiBeLike|move: Tailwind\n|-sideend|p1: Matfirer|move: Tailwind\n|upkeep\n|turn|6\n|inactive|KirmpiBeLike has 30 seconds left.\n|n|\u2606KirmpiBeLike@!|kirmpibelike\n|inactive|KirmpiBeLike has 20 seconds left.\n|inactive|KirmpiBeLike has 15 seconds left.\n|inactive|KirmpiBeLike has 10 seconds left.\n|inactive|KirmpiBeLike has 5 seconds left.\n|\n|t:|1776255228\n|switch|p1a: Incineroar|Incineroar, L50, M|100/100\n|-ability|p1a: Incineroar|Intimidate|boost\n|-unboost|p2b: Aegislash|atk|1\n|move|p1b: Sneasler|Protect|p1b: Sneasler\n|-singleturn|p1b: Sneasler|Protect\n|move|p2b: Aegislash|Wide Guard||[still]\n|-fail|p2b: Aegislash\n|\n|upkeep\n|turn|7\n|inactive|Matfirer has 30 seconds left.\n|inactive|KirmpiBeLike has 30 seconds left.\n|inactive|Matfirer has 20 seconds left.\n|inactive|KirmpiBeLike has 20 seconds left.\n|inactive|Matfirer has 15 seconds left.\n|inactive|KirmpiBeLike has 15 seconds left.\n|inactive|Matfirer has 10 seconds left.\n|inactive|KirmpiBeLike has 10 seconds left.\n|inactive|KirmpiBeLike has 5 seconds left.\n|inactive|Matfirer has 5 seconds left.\n|\n|t:|1776255285\n|move|p1b: Sneasler|Protect||[still]\n|-fail|p1b: Sneasler\n|move|p2b: Aegislash|Wide Guard|p2b: Aegislash\n|-singleturn|p2b: Aegislash|Wide Guard\n|move|p1a: Incineroar|Flare Blitz|p2b: Aegislash\n|-supereffective|p2b: Aegislash|1\n|-damage|p2b: Aegislash|9/100\n|-damage|p1a: Incineroar|80/100|[from] Recoil\n|\n|upkeep\n|turn|8\n|inactive|KirmpiBeLike has 30 seconds left.\n|inactive|KirmpiBeLike has 20 seconds left.\n|inactive|KirmpiBeLike has 15 seconds left.\n|inactive|KirmpiBeLike has 10 seconds left.\n|inactive|KirmpiBeLike has 5 seconds left.\n|\n|t:|1776255341\n|switch|p1b: Basculegion|Basculegion, L50, M|77/100\n|move|p2b: Aegislash|Wide Guard|p2b: Aegislash\n|-singleturn|p2b: Aegislash|Wide Guard\n|move|p1a: Incineroar|Flare Blitz|p2b: Aegislash\n|-supereffective|p2b: Aegislash|1\n|-damage|p2b: Aegislash|0 fnt\n|faint|p2b: Aegislash\n|-damage|p1a: Incineroar|78/100|[from] Recoil\n|\n|win|Matfirer\n|raw|Matfirer's rating: 1000 &rarr; <strong>1045</strong><br />(+45 for winning)\n|raw|KirmpiBeLike's rating: 1047 &rarr; <strong>1028</strong><br />(-19 for losing)\n",
  "uploadtime": 1776255467,
  "views": 35,
  "formatid": "gen9championsvgc2026regma",
  "rating": 1028,
  "private": 0,
  "password": null
}