{
  "id": "gen9championsvgc2026regma-2587299116",
  "format": "[Gen 9 Champions] VGC 2026 Reg M-A",
  "players": [
    "Bhjuddre",
    "irisirisiris"
  ],
  "log": "|j|\u2606Bhjuddre\n|j|\u2606irisirisiris\n|t:|1776519684\n|gametype|doubles\n|player|p1|Bhjuddre|1|1191\n|player|p2|irisirisiris|169|1144\n|gen|9\n|tier|[Gen 9 Champions] VGC 2026 Reg M-A\n|rated|\n|rule|Species Clause: Limit one of each Pok\u00e9mon\n|rule|Item Clause: Limit 1 of each item\n|clearpoke\n|poke|p1|Charizard, L50, F|\n|poke|p1|Whimsicott, L50, F|\n|poke|p1|Venusaur, L50, F|\n|poke|p1|Milotic, L50, M|\n|poke|p1|Dragonite, L50, F|\n|poke|p1|Scizor, L50, M, shiny|\n|poke|p2|Lopunny, L50, M|\n|poke|p2|Maushold-Four, L50|\n|poke|p2|Tyranitar, L50, M|\n|poke|p2|Delphox, L50, F|\n|poke|p2|Excadrill, L50, M|\n|poke|p2|Dragonite, L50, F|\n|teampreview|4\n|inactive|Battle timer is ON: inactive players will automatically lose when time's up. (requested by Bhjuddre)\n|\n|t:|1776519708\n|teamsize|p1|4\n|teamsize|p2|4\n|start\n|switch|p1a: Milotic|Milotic, L50, M|100/100\n|switch|p1b: Whimsicott|Whimsicott, L50, F|100/100\n|switch|p2a: Dragonite|Dragonite, L50, F|100/100\n|switch|p2b: Lopunny|Lopunny, L50, M|100/100\n|turn|1\n|inactive|Bhjuddre has 30 seconds left.\n|inactive|Bhjuddre has 20 seconds left.\n|\n|t:|1776519747\n|detailschange|p2b: Lopunny|Lopunny-Mega, L50, M\n|-mega|p2b: Lopunny|Lopunny|Lopunnite\n|move|p2b: Lopunny|Fake Out|p1a: Milotic\n|-damage|p1a: Milotic|80/100\n|move|p1b: Whimsicott|Tailwind|p1b: Whimsicott\n|-sidestart|p1: Bhjuddre|move: Tailwind\n|cant|p1a: Milotic|flinch\n|move|p2a: Dragonite|Tailwind|p2a: Dragonite\n|-sidestart|p2: irisirisiris|move: Tailwind\n|\n|-heal|p1a: Milotic|86/100|[from] item: Leftovers\n|upkeep\n|turn|2\n|\n|t:|1776519771\n|switch|p2b: Tyranitar|Tyranitar, L50, M|100/100\n|-weather|Sandstorm|[from] ability: Sand Stream|[of] p2b: Tyranitar\n|move|p1b: Whimsicott|Moonblast|p2b: Tyranitar\n|-supereffective|p2b: Tyranitar|1\n|-damage|p2b: Tyranitar|51/100\n|move|p2a: Dragonite|Iron Head|p1b: Whimsicott\n|-supereffective|p1b: Whimsicott|1\n|-damage|p1b: Whimsicott|19/100\n|move|p1a: Milotic|Ice Beam|p2a: Dragonite\n|-supereffective|p2a: Dragonite|2\n|-crit|p2a: Dragonite\n|-damage|p2a: Dragonite|0 fnt\n|faint|p2a: Dragonite\n|\n|-weather|Sandstorm|[upkeep]\n|-damage|p1b: Whimsicott|13/100|[from] Sandstorm\n|-damage|p1a: Milotic|80/100|[from] Sandstorm\n|-heal|p1a: Milotic|86/100|[from] item: Leftovers\n|upkeep\n|\n|t:|1776519785\n|switch|p2a: Lopunny|Lopunny-Mega, L50, M|100/100\n|turn|3\n|\n|t:|1776519803\n|move|p1b: Whimsicott|Protect|p1b: Whimsicott\n|-singleturn|p1b: Whimsicott|Protect\n|move|p2a: Lopunny|Close Combat|p1a: Milotic\n|-damage|p1a: Milotic|20/100\n|-unboost|p2a: Lopunny|def|1\n|-unboost|p2a: Lopunny|spd|1\n|move|p2b: Tyranitar|Rock Slide|p1b: Whimsicott|[spread] p1a\n|-activate|p1b: Whimsicott|move: Protect\n|-damage|p1a: Milotic|0 fnt\n|faint|p1a: Milotic\n|\n|-weather|Sandstorm|[upkeep]\n|-damage|p2a: Lopunny|95/100|[from] Sandstorm\n|-damage|p1b: Whimsicott|7/100|[from] Sandstorm\n|upkeep\n|\n|t:|1776519820\n|switch|p1a: Charizard|Charizard, L50, F|100/100\n|turn|4\n|\n|t:|1776519835\n|switch|p1b: Scizor|Scizor, L50, M, shiny|100/100\n|detailschange|p1a: Charizard|Charizard-Mega-Y, L50, F\n|-mega|p1a: Charizard|Charizard|Charizardite Y\n|-weather|SunnyDay|[from] ability: Drought|[of] p1a: Charizard\n|move|p2a: Lopunny|Protect|p2a: Lopunny\n|-singleturn|p2a: Lopunny|Protect\n|move|p2b: Tyranitar|Rock Slide|p1b: Scizor|[spread] p1a\n|-miss|p2b: Tyranitar|p1b: Scizor\n|-supereffective|p1a: Charizard|2\n|-damage|p1a: Charizard|0 fnt\n|faint|p1a: Charizard\n|\n|-weather|SunnyDay|[upkeep]\n|-sideend|p2: irisirisiris|move: Tailwind\n|-sideend|p1: Bhjuddre|move: Tailwind\n|upkeep\n|inactive|Bhjuddre has 30 seconds left.\n|\n|t:|1776519861\n|switch|p1a: Whimsicott|Whimsicott, L50, F|7/100\n|turn|5\n|\n|t:|1776519871\n|move|p1a: Whimsicott|Tailwind|p1a: Whimsicott\n|-sidestart|p1: Bhjuddre|move: Tailwind\n|move|p1b: Scizor|Bullet Punch|p2b: Tyranitar\n|-supereffective|p2b: Tyranitar|1\n|-damage|p2b: Tyranitar|0 fnt\n|faint|p2b: Tyranitar\n|move|p2a: Lopunny|Encore|p1a: Whimsicott\n|-start|p1a: Whimsicott|Encore\n|\n|-weather|SunnyDay|[upkeep]\n|upkeep\n|\n|t:|1776519880\n|switch|p2b: Excadrill|Excadrill, L50, M|100/100\n|turn|6\n|\n|t:|1776519890\n|move|p1a: Whimsicott|Tailwind||[still]\n|-fail|p1a: Whimsicott\n|move|p2a: Lopunny|Close Combat|p1b: Scizor\n|-damage|p1b: Scizor|27/100\n|-unboost|p2a: Lopunny|def|1\n|-unboost|p2a: Lopunny|spd|1\n|move|p1b: Scizor|Close Combat|p2b: Excadrill\n|-supereffective|p2b: Excadrill|1\n|-damage|p2b: Excadrill|0 fnt\n|-unboost|p1b: Scizor|def|1\n|-unboost|p1b: Scizor|spd|1\n|faint|p2b: Excadrill\n|\n|-weather|SunnyDay|[upkeep]\n|upkeep\n|turn|7\n|\n|t:|1776519906\n|move|p1b: Scizor|Protect|p1b: Scizor\n|-singleturn|p1b: Scizor|Protect\n|move|p1a: Whimsicott|Tailwind||[still]\n|-fail|p1a: Whimsicott\n|move|p2a: Lopunny|Close Combat|p1b: Scizor\n|-activate|p1b: Scizor|move: Protect\n|\n|-weather|SunnyDay|[upkeep]\n|upkeep\n|turn|8\n|\n|t:|1776519925\n|move|p1a: Whimsicott|Tailwind||[still]\n|-fail|p1a: Whimsicott\n|move|p1b: Scizor|Bullet Punch|p2a: Lopunny\n|-damage|p2a: Lopunny|6/100\n|move|p2a: Lopunny|Close Combat|p1b: Scizor\n|-damage|p1b: Scizor|0 fnt\n|-unboost|p2a: Lopunny|def|1\n|-unboost|p2a: Lopunny|spd|1\n|faint|p1b: Scizor\n|\n|-weather|none\n|-end|p1a: Whimsicott|Encore\n|-sideend|p1: Bhjuddre|move: Tailwind\n|upkeep\n|turn|9\n|\n|t:|1776519936\n|move|p2a: Lopunny|Close Combat|p1a: Whimsicott\n|-resisted|p1a: Whimsicott|1\n|-damage|p1a: Whimsicott|0 fnt\n|-unboost|p2a: Lopunny|def|1\n|-unboost|p2a: Lopunny|spd|1\n|faint|p1a: Whimsicott\n|\n|win|irisirisiris\n|raw|Bhjuddre's rating: 1191 &rarr; <strong>1163</strong><br />(-28 for losing)\n|raw|irisirisiris's rating: 1144 &rarr; <strong>1172</strong><br />(+28 for winning)\n|l|\u2606Bhjuddre\n|player|p1|\n|c|\u2606irisirisiris|Gg\n",
  "uploadtime": 1776519964,
  "views": 19,
  "formatid": "gen9championsvgc2026regma",
  "rating": 1163,
  "private": 0,
  "password": null
}