{
  "id": "gen9championsvgc2026regma-2587159523",
  "format": "[Gen 9 Champions] VGC 2026 Reg M-A",
  "players": [
    "Pokeventurer",
    "everlol"
  ],
  "log": "|j|\u2606Pokeventurer\n|j|\u2606everlol\n|t:|1776502148\n|gametype|doubles\n|player|p1|Pokeventurer|265|1472\n|player|p2|everlol|2|1500\n|gen|9\n|tier|[Gen 9 Champions] VGC 2026 Reg M-A\n|rated|\n|rule|Species Clause: Limit one of each Pok\u00e9mon\n|rule|Item Clause: Limit 1 of each item\n|clearpoke\n|poke|p1|Talonflame, L50, M|\n|poke|p1|Kingambit, L50, M|\n|poke|p1|Garchomp, L50, M|\n|poke|p1|Basculegion, L50, M|\n|poke|p1|Floette-Eternal, L50, F|\n|poke|p1|Pelipper, L50, F|\n|poke|p2|Sneasler, L50, F|\n|poke|p2|Whimsicott, L50, M|\n|poke|p2|Floette-Eternal, L50, F|\n|poke|p2|Kingambit, L50, F|\n|poke|p2|Garchomp, L50, M|\n|poke|p2|Charizard, L50, F|\n|teampreview|4\n|inactive|Battle timer is ON: inactive players will automatically lose when time's up. (requested by Pokeventurer)\n|inactive|everlol has 60 seconds left.\n|\n|t:|1776502200\n|teamsize|p1|4\n|teamsize|p2|4\n|start\n|switch|p1a: Garchomp|Garchomp, L50, M|100/100\n|switch|p1b: Talonflame|Talonflame, L50, M|100/100\n|switch|p2a: Sneasler|Sneasler, L50, F|100/100\n|switch|p2b: Garchomp|Garchomp, L50, M|100/100\n|turn|1\n|\n|t:|1776502215\n|move|p1b: Talonflame|Upper Hand|p2a: Sneasler\n|-resisted|p2a: Sneasler|1\n|-damage|p2a: Sneasler|86/100\n|cant|p2a: Sneasler|flinch\n|move|p2b: Garchomp|Rock Slide|p1a: Garchomp|[spread] p1a,p1b\n|-resisted|p1a: Garchomp|1\n|-supereffective|p1b: Talonflame|2\n|-damage|p1a: Garchomp|90/100\n|-damage|p1b: Talonflame|0 fnt\n|faint|p1b: Talonflame\n|move|p1a: Garchomp|Earthquake|p2b: Garchomp|[spread] p2a,p2b\n|-supereffective|p2a: Sneasler|1\n|-crit|p2b: Garchomp\n|-damage|p2a: Sneasler|0 fnt\n|-damage|p2b: Garchomp|31/100\n|faint|p2a: Sneasler\n|\n|upkeep\n|\n|t:|1776502230\n|switch|p1b: Basculegion|Basculegion, L50, M|100/100\n|switch|p2a: Whimsicott|Whimsicott, L50, M|100/100\n|turn|2\n|\n|t:|1776502241\n|move|p2a: Whimsicott|Encore|p1a: Garchomp\n|-start|p1a: Garchomp|Encore\n|move|p2b: Garchomp|Rock Slide|p1b: Basculegion|[spread] p1a,p1b\n|-resisted|p1a: Garchomp|1\n|-crit|p1b: Basculegion\n|-damage|p1a: Garchomp|78/100\n|-damage|p1b: Basculegion|62/100\n|move|p1b: Basculegion|Last Respects|p2a: Whimsicott\n|-damage|p2a: Whimsicott|11/100\n|move|p1a: Garchomp|Earthquake|p2b: Garchomp|[spread] p1b,p2a,p2b\n|-resisted|p2a: Whimsicott|1\n|-damage|p1b: Basculegion|9/100\n|-damage|p2a: Whimsicott|0 fnt\n|-damage|p2b: Garchomp|0 fnt\n|faint|p2a: Whimsicott\n|faint|p2b: Garchomp\n|\n|upkeep\n|\n|t:|1776502254\n|switch|p2b: Floette|Floette-Eternal, L50, F|100/100\n|turn|3\n|\n|t:|1776502259\n|switch|p1b: Floette|Floette-Eternal, L50, F|100/100\n|move|p2b: Floette|Protect|p2b: Floette\n|-singleturn|p2b: Floette|Protect\n|move|p1a: Garchomp|Earthquake|p2b: Floette|[spread] p1b\n|-activate|p2b: Floette|move: Protect\n|-damage|p1b: Floette|45/100\n|\n|upkeep\n|turn|4\n|\n|t:|1776502269\n|detailschange|p2b: Floette|Floette-Mega, L50, F\n|-mega|p2b: Floette|Floette|Floettite\n|-ability|p2b: Floette|Fairy Aura\n|detailschange|p1b: Floette|Floette-Mega, L50, F\n|-mega|p1b: Floette|Floette|Floettite\n|-ability|p1b: Floette|Fairy Aura\n|move|p1b: Floette|Protect|p1b: Floette\n|-singleturn|p1b: Floette|Protect\n|move|p2b: Floette|Dazzling Gleam|p1b: Floette|[spread] p1a\n|-activate|p1b: Floette|move: Protect\n|-supereffective|p1a: Garchomp|1\n|-damage|p1a: Garchomp|0 fnt\n|faint|p1a: Garchomp\n|\n|upkeep\n|\n|t:|1776502280\n|switch|p1a: Basculegion|Basculegion, L50, M|9/100\n|turn|5\n|\n|t:|1776502285\n|move|p1a: Basculegion|Last Respects|p2b: Floette\n|-damage|p2b: Floette|0 fnt\n|faint|p2b: Floette\n|\n|win|Pokeventurer\n|raw|Pokeventurer's rating: 1472 &rarr; <strong>1494</strong><br />(+22 for winning)\n|raw|everlol's rating: 1500 &rarr; <strong>1478</strong><br />(-22 for losing)\n|l|\u2606everlol\n|player|p2|\n|l|\u2606Pokeventurer\n|player|p1|\n",
  "uploadtime": 1776502289,
  "views": 29,
  "formatid": "gen9championsvgc2026regma",
  "rating": 1478,
  "private": 0,
  "password": null
}