{
  "id": "gen9championsvgc2026regma-2586783970",
  "format": "[Gen 9 Champions] VGC 2026 Reg M-A",
  "players": [
    "EpicPedros",
    "pipeei"
  ],
  "log": "|j|\u2606EpicPedros\n|j|\u2606pipeei\n|t:|1776459614\n|gametype|doubles\n|player|p1|EpicPedros|steven|1047\n|player|p2|pipeei|ingo|1106\n|gen|9\n|tier|[Gen 9 Champions] VGC 2026 Reg M-A\n|rated|\n|rule|Species Clause: Limit one of each Pok\u00e9mon\n|rule|Item Clause: Limit 1 of each item\n|clearpoke\n|poke|p1|Primarina, L50, F|\n|poke|p1|Farigiraf, L50, M|\n|poke|p1|Aggron, L50, F|\n|poke|p1|Meganium, L50, F|\n|poke|p1|Sneasler, L50, F|\n|poke|p1|Armarouge, L50, F|\n|poke|p2|Froslass, L50, F|\n|poke|p2|Ninetales-Alola, L50, F|\n|poke|p2|Garchomp, L50, F|\n|poke|p2|Corviknight, L50, F|\n|poke|p2|Basculegion, L50, M|\n|poke|p2|Pelipper, L50, F|\n|teampreview|4\n|inactive|Battle timer is ON: inactive players will automatically lose when time's up. (requested by EpicPedros)\nEpicPedros rejected open team sheets.\n|\n|t:|1776459645\n|teamsize|p1|4\n|teamsize|p2|4\n|start\n|switch|p1a: Farigiraf|Farigiraf, L50, M|100/100\n|switch|p1b: Armarouge|Armarouge, L50, F|100/100\n|switch|p2a: Pelipper|Pelipper, L50, F|100/100\n|switch|p2b: Garchomp|Garchomp, L50, F|100/100\n|-weather|RainDance|[from] ability: Drizzle|[of] p2a: Pelipper\n|turn|1\n|\n|t:|1776459659\n|switch|p1b: Meganium|Meganium, L50, F|100/100\n|move|p2b: Garchomp|Rock Slide|p1b: Meganium|[spread] p1a,p1b\n|-damage|p1a: Farigiraf|78/100\n|-damage|p1b: Meganium|77/100\n|move|p2a: Pelipper|Weather Ball|p1b: Meganium\n|-resisted|p1b: Meganium|1\n|-damage|p1b: Meganium|48/100\n|move|p1a: Farigiraf|Trick Room|p1a: Farigiraf\n|-fieldstart|move: Trick Room|[of] p1a: Farigiraf\n|\n|-weather|RainDance|[upkeep]\n|upkeep\n|turn|2\n|\n|t:|1776459673\n|move|p1a: Farigiraf|Expanding Force|p2b: Garchomp\n|-damage|p2b: Garchomp|63/100\n|move|p1b: Meganium|Dazzling Gleam|p2a: Pelipper|[spread] p2a,p2b\n|-supereffective|p2b: Garchomp|1\n|-damage|p2a: Pelipper|73/100\n|-damage|p2b: Garchomp|24/100\n|move|p2a: Pelipper|Hurricane|p1b: Meganium\n|-supereffective|p1b: Meganium|1\n|-damage|p1b: Meganium|0 fnt\n|faint|p1b: Meganium\n|move|p2b: Garchomp|Rock Slide|p1a: Farigiraf\n|-damage|p1a: Farigiraf|49/100\n|\n|-weather|RainDance|[upkeep]\n|upkeep\n|\n|t:|1776459684\n|switch|p1b: Aggron|Aggron, L50, F|100/100\n|turn|3\n|\n|t:|1776459693\n|detailschange|p1b: Aggron|Aggron-Mega, L50, F\n|-mega|p1b: Aggron|Aggron|Aggronite\n|move|p1b: Aggron|Ice Punch|p2b: Garchomp\n|-supereffective|p2b: Garchomp|2\n|-damage|p2b: Garchomp|0 fnt\n|faint|p2b: Garchomp\n|move|p1a: Farigiraf|Expanding Force|p2a: Pelipper\n|-damage|p2a: Pelipper|24/100\n|-enditem|p2a: Pelipper|Sitrus Berry|[eat]\n|-heal|p2a: Pelipper|49/100|[from] item: Sitrus Berry\n|move|p2a: Pelipper|Weather Ball|p1b: Aggron\n|-damage|p1b: Aggron|20/100\n|\n|-weather|RainDance|[upkeep]\n|upkeep\n|\n|t:|1776459707\n|switch|p2b: Basculegion|Basculegion, L50, M|100/100\n|turn|4\n|\n|t:|1776459730\n|move|p2a: Pelipper|Protect|p2a: Pelipper\n|-singleturn|p2a: Pelipper|Protect\n|move|p1b: Aggron|Heavy Slam|p2b: Basculegion\n|-resisted|p2b: Basculegion|1\n|-damage|p2b: Basculegion|67/100\n|move|p1a: Farigiraf|Expanding Force|p2a: Pelipper\n|-activate|p2a: Pelipper|move: Protect\n|move|p2b: Basculegion|Wave Crash|p1a: Farigiraf\n|-damage|p1a: Farigiraf|0 fnt\n|faint|p1a: Farigiraf\n|-damage|p2b: Basculegion|48/100|[from] Recoil\n|\n|-weather|RainDance|[upkeep]\n|upkeep\n|\n|t:|1776459734\n|switch|p1a: Armarouge|Armarouge, L50, F|100/100\n|turn|5\n|\n|t:|1776459744\n|move|p2b: Basculegion|Aqua Jet|p1b: Aggron\n|-damage|p1b: Aggron|3/100\n|move|p1b: Aggron|Ice Punch|p2a: Pelipper\n|-damage|p2a: Pelipper|11/100\n|move|p1a: Armarouge|Dark Pulse|p2b: Basculegion\n|-supereffective|p2b: Basculegion|1\n|-damage|p2b: Basculegion|0 fnt\n|faint|p2b: Basculegion\n|move|p2a: Pelipper|Weather Ball|p1a: Armarouge\n|-supereffective|p1a: Armarouge|1\n|-damage|p1a: Armarouge|0 fnt\n|faint|p1a: Armarouge\n|\n|-weather|none\n|-fieldend|move: Trick Room\n|upkeep\n|\n|t:|1776459753\n|switch|p2b: Froslass|Froslass, L50, F|100/100\n|turn|6\n|\n|t:|1776459760\n|detailschange|p2b: Froslass|Froslass-Mega, L50, F\n|-mega|p2b: Froslass|Froslass|Froslassite\n|-weather|Snowscape|[from] ability: Snow Warning|[of] p2b: Froslass\n|move|p1b: Aggron|Protect|p1b: Aggron\n|-singleturn|p1b: Aggron|Protect\n|move|p2b: Froslass|Thunderbolt|p1b: Aggron\n|-activate|p1b: Aggron|move: Protect\n|move|p2a: Pelipper|Weather Ball|p1b: Aggron\n|-activate|p1b: Aggron|move: Protect\n|\n|-weather|Snowscape|[upkeep]\n|upkeep\n|turn|7\n|\n|t:|1776459776\n|move|p2b: Froslass|Thunderbolt|p1b: Aggron\n|-damage|p1b: Aggron|0 fnt\n|faint|p1b: Aggron\n|\n|win|pipeei\n|raw|EpicPedros's rating: 1047 &rarr; <strong>1033</strong><br />(-14 for losing)\n|raw|pipeei's rating: 1106 &rarr; <strong>1127</strong><br />(+21 for winning)\n",
  "uploadtime": 1776459782,
  "views": 37,
  "formatid": "gen9championsvgc2026regma",
  "rating": 1033,
  "private": 0,
  "password": null
}