{
  "id": "gen9championsvgc2026regma-2580586963",
  "format": "[Gen 9 Champions] VGC 2026 Reg M-A",
  "players": [
    "zeranogamer147",
    "joymaxxing"
  ],
  "log": "|j|\u2606zeranogamer147\n|j|\u2606joymaxxing\n|t:|1775915631\n|gametype|doubles\n|player|p1|zeranogamer147|2|1189\n|player|p2|joymaxxing|elesa|1188\n|gen|9\n|tier|[Gen 9 Champions] VGC 2026 Reg M-A\n|rated|\n|rule|Species Clause: Limit one of each Pok\u00e9mon\n|rule|Item Clause: Limit 1 of each item\n|clearpoke\n|poke|p1|Charizard, L50, F|\n|poke|p1|Venusaur, L50, M|\n|poke|p1|Garchomp, L50, M|\n|poke|p1|Gardevoir, L50, F|\n|poke|p1|Milotic, L50, M|\n|poke|p1|Incineroar, L50, M|\n|poke|p2|Lopunny, L50, F|\n|poke|p2|Milotic, L50, F|\n|poke|p2|Tsareena, L50, F|\n|poke|p2|Incineroar, L50, M|\n|poke|p2|Dragapult, L50, F|\n|poke|p2|Farigiraf, L50, F|\n|teampreview|4\n|\n|t:|1775915662\n|teamsize|p1|4\n|teamsize|p2|4\n|start\n|switch|p1a: Venusaur|Venusaur, L50, M|100/100\n|switch|p1b: Charizard|Charizard, L50, F|100/100\n|switch|p2a: Lopunny|Lopunny, L50, F|100/100\n|switch|p2b: Dragapult|Dragapult, L50, F, shiny|100/100\n|turn|1\n|l|\u2606joymaxxing\n|player|p2|\n|j|\u2606joymaxxing\n|player|p2|joymaxxing|elesa|\n|inactive|Battle timer is ON: inactive players will automatically lose when time's up. (requested by zeranogamer147)\n|\n|t:|1775915707\n|detailschange|p2a: Lopunny|Lopunny-Mega, L50, F\n|-mega|p2a: Lopunny|Lopunny|Lopunnite\n|detailschange|p1b: Charizard|Charizard-Mega-Y, L50, F\n|-mega|p1b: Charizard|Charizard|Charizardite Y\n|-weather|SunnyDay|[from] ability: Drought|[of] p1b: Charizard\n|move|p1b: Charizard|Protect|p1b: Charizard\n|-singleturn|p1b: Charizard|Protect\n|move|p2a: Lopunny|Fake Out|p1a: Venusaur\n|-damage|p1a: Venusaur|71/100\n|cant|p1a: Venusaur|flinch\n|move|p2b: Dragapult|Shadow Ball|p1a: Venusaur\n|-damage|p1a: Venusaur|30/100\n|-unboost|p1a: Venusaur|spd|1\n|\n|-weather|SunnyDay|[upkeep]\n|upkeep\n|turn|2\n|l|\u2606joymaxxing\n|inactive|joymaxxing disconnected and has a minute to reconnect!\n|player|p2|\n|j|\u2606joymaxxing\n|inactive|joymaxxing reconnected.\n|player|p2|joymaxxing|elesa|\n|inactive|zeranogamer147 has 30 seconds left.\n|\n|t:|1775915737\n|move|p2a: Lopunny|Protect|p2a: Lopunny\n|-singleturn|p2a: Lopunny|Protect\n|move|p1a: Venusaur|Sleep Powder|p2b: Dragapult\n|-status|p2b: Dragapult|slp|[from] move: Sleep Powder\n|cant|p2b: Dragapult|slp\n|move|p1b: Charizard|Overheat|p2a: Lopunny\n|-activate|p2a: Lopunny|move: Protect\n|\n|-weather|SunnyDay|[upkeep]\n|upkeep\n|turn|3\n|\n|t:|1775915748\n|switch|p2a: Milotic|Milotic, L50, F|100/100\n|move|p1a: Venusaur|Sludge Bomb|p2a: Milotic\n|-damage|p2a: Milotic|72/100\n|cant|p2b: Dragapult|slp\n|move|p1b: Charizard|Heat Wave|p2a: Milotic|[spread] p2a,p2b\n|-resisted|p2a: Milotic|1\n|-resisted|p2b: Dragapult|1\n|-damage|p2a: Milotic|49/100\n|-damage|p2b: Dragapult|54/100 slp\n|\n|-weather|SunnyDay|[upkeep]\n|-heal|p2a: Milotic|54/100|[from] item: Leftovers\n|upkeep\n|turn|4\n|\n|t:|1775915766\n|move|p1a: Venusaur|Leaf Storm|p2a: Milotic\n|-supereffective|p2a: Milotic|1\n|-damage|p2a: Milotic|0 fnt\n|-unboost|p1a: Venusaur|spa|2\n|faint|p2a: Milotic\n|-curestatus|p2b: Dragapult|slp|[msg]\n|move|p2b: Dragapult|Shadow Ball|p1a: Venusaur\n|-damage|p1a: Venusaur|0 fnt\n|faint|p1a: Venusaur\n|move|p1b: Charizard|Overheat|p2b: Dragapult|[miss]\n|-miss|p1b: Charizard|p2b: Dragapult\n|\n|-weather|SunnyDay|[upkeep]\n|upkeep\n|\n|t:|1775915773\n|switch|p1a: Gardevoir|Gardevoir, L50, F|100/100\n|switch|p2a: Lopunny|Lopunny-Mega, L50, F|100/100\n|-ability|p1a: Gardevoir|Scrappy|Trace|[from] ability: Trace|[of] p2a: Lopunny\n|turn|5\n|\n|t:|1775915791\n|move|p1b: Charizard|Protect|p1b: Charizard\n|-singleturn|p1b: Charizard|Protect\n|move|p2a: Lopunny|Fake Out|p1a: Gardevoir\n|-damage|p1a: Gardevoir|65/100\n|cant|p1a: Gardevoir|flinch\n|move|p2b: Dragapult|Shadow Ball|p1a: Gardevoir\n|-supereffective|p1a: Gardevoir|1\n|-damage|p1a: Gardevoir|0 fnt\n|faint|p1a: Gardevoir\n|\n|-weather|none\n|upkeep\n|\n|t:|1775915795\n|switch|p1a: Garchomp|Garchomp, L50, M|100/100\n|turn|6\n|\n|t:|1775915808\n|move|p1a: Garchomp|Protect|p1a: Garchomp\n|-singleturn|p1a: Garchomp|Protect\n|move|p2b: Dragapult|Draco Meteor|p1a: Garchomp\n|-activate|p1a: Garchomp|move: Protect\n|move|p2a: Lopunny|Giga Impact|p1b: Charizard\n|-damage|p1b: Charizard|0 fnt\n|-mustrecharge|p2a: Lopunny\n|faint|p1b: Charizard\n|\n|upkeep\n|turn|7\n|-message|zeranogamer147 forfeited.\n|\n|win|joymaxxing\n|raw|zeranogamer147's rating: 1189 &rarr; <strong>1164</strong><br />(-25 for losing)\n|raw|joymaxxing's rating: 1188 &rarr; <strong>1213</strong><br />(+25 for winning)\n|l|\u2606zeranogamer147\n|player|p1|\n",
  "uploadtime": 1775915819,
  "views": 26,
  "formatid": "gen9championsvgc2026regma",
  "rating": 1164,
  "private": 0,
  "password": null
}