{
  "id": "gen9championsvgc2026regma-2585513582",
  "format": "[Gen 9 Champions] VGC 2026 Reg M-A",
  "players": [
    "kanan_yozora",
    "UriaOfFlames"
  ],
  "log": "|j|\u2606kanan_yozora\n|j|\u2606UriaOfFlames\n|t:|1776352592\n|gametype|doubles\n|player|p1|kanan_yozora|1|1092\n|player|p2|UriaOfFlames|101|1009\n|gen|9\n|tier|[Gen 9 Champions] VGC 2026 Reg M-A\n|rated|\n|rule|Species Clause: Limit one of each Pok\u00e9mon\n|rule|Item Clause: Limit 1 of each item\n|clearpoke\n|poke|p1|Pinsir, L50, F|\n|poke|p1|Sinistcha, L50|\n|poke|p1|Raichu, L50, F|\n|poke|p1|Sableye, L50, F|\n|poke|p1|Basculegion-F, L50, F|\n|poke|p1|Kingambit, L50, F|\n|poke|p2|Aggron, L50, M|\n|poke|p2|Dragonite, L50, M|\n|poke|p2|Incineroar, L50, F|\n|poke|p2|Pelipper, L50, M|\n|poke|p2|Basculegion, L50, M|\n|poke|p2|Sinistcha, L50|\n|teampreview|4\nUriaOfFlames rejected open team sheets.\n|inactive|Battle timer is ON: inactive players will automatically lose when time's up. (requested by UriaOfFlames)\n|\n|t:|1776352661\n|teamsize|p1|4\n|teamsize|p2|4\n|start\n|switch|p1a: Kingambit|Kingambit, L50, F|100/100\n|switch|p1b: Raichu|Raichu, L50, F|100/100\n|switch|p2a: Pelipper|Pelipper, L50, M|100/100\n|switch|p2b: Incineroar|Incineroar, L50, F|100/100\n|-weather|RainDance|[from] ability: Drizzle|[of] p2a: Pelipper\n|-ability|p2b: Incineroar|Intimidate|boost\n|-unboost|p1a: Kingambit|atk|1\n|-ability|p1a: Kingambit|Defiant|boost\n|-boost|p1a: Kingambit|atk|2\n|-unboost|p1b: Raichu|atk|1\n|turn|1\n|inactive|kanan_yozora has 30 seconds left.\n|inactive|UriaOfFlames has 30 seconds left.\n|\n|t:|1776352696\n|move|p2a: Pelipper|Protect|p2a: Pelipper\n|-singleturn|p2a: Pelipper|Protect\n|move|p1b: Raichu|Fake Out|p2b: Incineroar\n|-damage|p2b: Incineroar|96/100\n|cant|p2b: Incineroar|flinch\n|move|p1a: Kingambit|Kowtow Cleave|p2a: Pelipper\n|-activate|p2a: Pelipper|move: Protect\n|\n|-weather|RainDance|[upkeep]\n|upkeep\n|turn|2\n|\n|t:|1776352718\n|move|p1a: Kingambit|Protect|p1a: Kingambit\n|-singleturn|p1a: Kingambit|Protect\n|move|p1b: Raichu|Volt Switch|p2a: Pelipper\n|-supereffective|p2a: Pelipper|2\n|-enditem|p2a: Pelipper|Focus Sash\n|-damage|p2a: Pelipper|1/100\n|\n|t:|1776352728\n|switch|p1b: Basculegion|Basculegion-F, L50, F|100/100|[from] Volt Switch\n|move|p2a: Pelipper|Tailwind|p2a: Pelipper\n|-sidestart|p2: UriaOfFlames|move: Tailwind\n|move|p2b: Incineroar|Parting Shot|p1b: Basculegion\n|-unboost|p1b: Basculegion|atk|1\n|-unboost|p1b: Basculegion|spa|1\n|\n|t:|1776352744\n|switch|p2b: Aggron|Aggron, L50, M|100/100|[from] Parting Shot\n|\n|-weather|RainDance|[upkeep]\n|upkeep\n|turn|3\n|inactive|kanan_yozora has 30 seconds left.\n|\n|t:|1776352770\n|detailschange|p2b: Aggron|Aggron-Mega, L50, M\n|-mega|p2b: Aggron|Aggron|Aggronite\n|move|p2a: Pelipper|Protect|p2a: Pelipper\n|-singleturn|p2a: Pelipper|Protect\n|move|p1a: Kingambit|Sucker Punch||[still]\n|-fail|p1a: Kingambit\n|move|p1b: Basculegion|Muddy Water|p2b: Aggron|[spread] p2b\n|-activate|p2a: Pelipper|move: Protect\n|-damage|p2b: Aggron|62/100\n|move|p2b: Aggron|Body Press|p1a: Kingambit\n|-supereffective|p1a: Kingambit|2\n|-damage|p1a: Kingambit|0 fnt\n|faint|p1a: Kingambit\n|\n|-weather|RainDance|[upkeep]\n|upkeep\n|\n|t:|1776352785\n|switch|p1a: Pinsir|Pinsir, L50, F|100/100\n|turn|4\n|\n|t:|1776352801\n|detailschange|p1a: Pinsir|Pinsir-Mega, L50, F\n|-mega|p1a: Pinsir|Pinsir|Pinsirite\n|move|p1a: Pinsir|Protect|p1a: Pinsir\n|-singleturn|p1a: Pinsir|Protect\n|move|p2a: Pelipper|Hurricane|p1a: Pinsir\n|-activate|p1a: Pinsir|move: Protect\n|move|p1b: Basculegion|Muddy Water|p2b: Aggron|[spread] p2a,p2b\n|-resisted|p2a: Pelipper|1\n|-damage|p2a: Pelipper|0 fnt\n|-damage|p2b: Aggron|28/100\n|faint|p2a: Pelipper\n|move|p2b: Aggron|Iron Defense|p2b: Aggron\n|-boost|p2b: Aggron|def|2\n|\n|-weather|RainDance|[upkeep]\n|upkeep\n|\n|t:|1776352820\n|switch|p2a: Incineroar|Incineroar, L50, F|96/100\n|-ability|p2a: Incineroar|Intimidate|boost\n|-unboost|p1a: Pinsir|atk|1\n|-unboost|p1b: Basculegion|atk|1\n|turn|5\n|\n|t:|1776352837\n|switch|p1a: Raichu|Raichu, L50, F|100/100\n|move|p2a: Incineroar|Fake Out|p1a: Raichu\n|-damage|p1a: Raichu|80/100\n|move|p1b: Basculegion|Muddy Water|p2a: Incineroar|[spread] p2a,p2b\n|-supereffective|p2a: Incineroar|1\n|-damage|p2a: Incineroar|26/100\n|-damage|p2b: Aggron|0 fnt\n|-enditem|p2a: Incineroar|Sitrus Berry|[eat]\n|-heal|p2a: Incineroar|51/100|[from] item: Sitrus Berry\n|faint|p2b: Aggron\n|\n|-weather|none\n|-sideend|p2: UriaOfFlames|move: Tailwind\n|upkeep\n|\n|t:|1776352850\n|switch|p2b: Basculegion|Basculegion, L50, M|100/100\n|turn|6\n|inactive|UriaOfFlames has 30 seconds left.\n|\n|t:|1776352876\n|switch|p1b: Pinsir|Pinsir-Mega, L50, F|100/100\n|move|p2b: Basculegion|Last Respects|p1b: Pinsir\n|-damage|p1b: Pinsir|33/100\n|move|p1a: Raichu|Nuzzle|p2b: Basculegion\n|-supereffective|p2b: Basculegion|1\n|-damage|p2b: Basculegion|82/100\n|-status|p2b: Basculegion|par\n|move|p2a: Incineroar|Flare Blitz|p1a: Raichu\n|-damage|p1a: Raichu|0 fnt\n|faint|p1a: Raichu\n|-damage|p2a: Incineroar|34/100|[from] Recoil\n|\n|upkeep\n|\n|t:|1776352889\n|switch|p1a: Basculegion|Basculegion-F, L50, F|100/100\n|turn|7\n|\n|t:|1776352900\n|move|p1a: Basculegion|Shadow Ball|p2b: Basculegion\n|-supereffective|p2b: Basculegion|1\n|-damage|p2b: Basculegion|0 fnt\n|faint|p2b: Basculegion\n|move|p1b: Pinsir|Storm Throw|p2a: Incineroar\n|-supereffective|p2a: Incineroar|1\n|-crit|p2a: Incineroar\n|-damage|p2a: Incineroar|0 fnt\n|faint|p2a: Incineroar\n|\n|win|kanan_yozora\n|raw|kanan_yozora's rating: 1092 &rarr; <strong>1112</strong><br />(+20 for winning)\n|raw|UriaOfFlames's rating: 1009 &rarr; <strong>1000</strong><br />(-9 for losing)\n|l|\u2606UriaOfFlames\n|player|p2|\n",
  "uploadtime": 1776353015,
  "views": 23,
  "formatid": "gen9championsvgc2026regma",
  "rating": 1000,
  "private": 0,
  "password": null
}