{
  "id": "gen9championsvgc2026regma-2587516359",
  "format": "[Gen 9 Champions] VGC 2026 Reg M-A",
  "players": [
    "Haruko123",
    "FortniteTuesday"
  ],
  "log": "|j|\u2606Haruko123\n|j|\u2606FortniteTuesday\n|t:|1776538496\n|gametype|doubles\n|player|p1|Haruko123|nate|1040\n|player|p2|FortniteTuesday|burgh-masters|1079\n|gen|9\n|tier|[Gen 9 Champions] VGC 2026 Reg M-A\n|rated|\n|rule|Species Clause: Limit one of each Pok\u00e9mon\n|rule|Item Clause: Limit 1 of each item\n|clearpoke\n|poke|p1|Delphox, L50, M, shiny|\n|poke|p1|Basculegion, L50, M|\n|poke|p1|Aerodactyl, L50, M|\n|poke|p1|Sneasler, L50, M|\n|poke|p1|Garchomp, L50, F|\n|poke|p1|Kingambit, L50, F|\n|poke|p2|Gengar, L50, F|\n|poke|p2|Incineroar, L50, M|\n|poke|p2|Farigiraf, L50, M|\n|poke|p2|Whimsicott, L50, M|\n|poke|p2|Milotic, L50, M|\n|poke|p2|Kommo-o, L50, M|\n|teampreview|4\n|inactive|Battle timer is ON: inactive players will automatically lose when time's up. (requested by FortniteTuesday)\n|\n|t:|1776538526\n|teamsize|p1|4\n|teamsize|p2|4\n|start\n|switch|p1a: Sneasler|Sneasler, L50, M|100/100\n|switch|p1b: Aerodactyl|Aerodactyl, L50, M|100/100\n|switch|p2a: Kommo-o|Kommo-o, L50, M|100/100\n|switch|p2b: Milotic|Milotic, L50, M|100/100\n|-ability|p1b: Aerodactyl|Unnerve\n|turn|1\n|\n|t:|1776538547\n|move|p2a: Kommo-o|Protect|p2a: Kommo-o\n|-singleturn|p2a: Kommo-o|Protect\n|move|p1a: Sneasler|Fake Out|p2a: Kommo-o\n|-activate|p2a: Kommo-o|move: Protect\n|move|p1b: Aerodactyl|Tailwind|p1b: Aerodactyl\n|-sidestart|p1: Haruko123|move: Tailwind\n|move|p2b: Milotic|Icy Wind|p1b: Aerodactyl|[spread] p1a,p1b\n|-supereffective|p1b: Aerodactyl|1\n|-damage|p1a: Sneasler|87/100\n|-damage|p1b: Aerodactyl|66/100\n|-unboost|p1a: Sneasler|spe|1\n|-unboost|p1b: Aerodactyl|spe|1\n|-enditem|p1a: Sneasler|White Herb\n|-clearnegativeboost|p1a: Sneasler|[silent]\n|\n|upkeep\n|turn|2\n|inactive|Haruko123 has 30 seconds left.\n|inactive|Haruko123 has 20 seconds left.\n|\n|t:|1776538583\n|switch|p2a: Incineroar|Incineroar, L50, M|100/100\n|-ability|p2a: Incineroar|Intimidate|boost\n|-unboost|p1a: Sneasler|atk|1\n|-unboost|p1b: Aerodactyl|atk|1\n|move|p1a: Sneasler|Dire Claw|p2b: Milotic\n|-damage|p2b: Milotic|72/100\n|move|p1b: Aerodactyl|Dual Wingbeat|p2a: Incineroar\n|-damage|p2a: Incineroar|88/100\n|-damage|p2a: Incineroar|77/100\n|-hitcount|p2a: Incineroar|2\n|move|p2b: Milotic|Icy Wind|p1b: Aerodactyl|[spread] p1a,p1b\n|-supereffective|p1b: Aerodactyl|1\n|-damage|p1a: Sneasler|71/100\n|-damage|p1b: Aerodactyl|33/100\n|-unboost|p1a: Sneasler|spe|1\n|-unboost|p1b: Aerodactyl|spe|1\n|\n|-heal|p2b: Milotic|78/100|[from] item: Leftovers\n|upkeep\n|turn|3\n|inactive|Haruko123 has 30 seconds left.\n|\n|t:|1776538612\n|switch|p1b: Basculegion|Basculegion, L50, M|100/100\n|move|p1a: Sneasler|Protect|p1a: Sneasler\n|-singleturn|p1a: Sneasler|Protect\n|move|p2a: Incineroar|Fake Out|p1a: Sneasler\n|-activate|p1a: Sneasler|move: Protect\n|move|p2b: Milotic|Life Dew|p2b: Milotic|[spread] p2a,p2b\n|-heal|p2a: Incineroar|100/100\n|-heal|p2b: Milotic|100/100\n|\n|upkeep\n|turn|4\n|inactive|Haruko123 has 30 seconds left.\n|\n|t:|1776538643\n|switch|p2a: Kommo-o|Kommo-o, L50, M|100/100\n|move|p1a: Sneasler|Close Combat|p2a: Kommo-o\n|-damage|p2a: Kommo-o|55/100\n|-unboost|p1a: Sneasler|def|1\n|-unboost|p1a: Sneasler|spd|1\n|move|p1b: Basculegion|Flip Turn|p2a: Kommo-o\n|-resisted|p2a: Kommo-o|1\n|-damage|p2a: Kommo-o|37/100\n|\n|t:|1776538659\n|switch|p1b: Aerodactyl|Aerodactyl, L50, M|33/100|[from] Flip Turn\n|-ability|p1b: Aerodactyl|Unnerve\n|move|p2b: Milotic|Icy Wind|p1b: Aerodactyl|[spread] p1a,p1b\n|-supereffective|p1b: Aerodactyl|1\n|-damage|p1a: Sneasler|50/100\n|-damage|p1b: Aerodactyl|1/100\n|-unboost|p1a: Sneasler|spe|1\n|-unboost|p1b: Aerodactyl|spe|1\n|\n|-sideend|p1: Haruko123|move: Tailwind\n|upkeep\n|turn|5\n|inactive|FortniteTuesday has 30 seconds left.\n|inactive|FortniteTuesday has 20 seconds left.\n|\n|t:|1776538697\n|switch|p1a: Basculegion|Basculegion, L50, M|100/100\n|move|p2a: Kommo-o|Protect|p2a: Kommo-o\n|-singleturn|p2a: Kommo-o|Protect\n|move|p1b: Aerodactyl|Tailwind|p1b: Aerodactyl\n|-sidestart|p1: Haruko123|move: Tailwind\n|move|p2b: Milotic|Life Dew||[still]|[spread] p2a,p2b\n|-heal|p2a: Kommo-o|62/100\n|-fail|p2b: Milotic|heal\n|\n|upkeep\n|turn|6\n|inactive|Haruko123 has 30 seconds left.\n|\n|t:|1776538729\n|switch|p2b: Incineroar|Incineroar, L50, M|100/100\n|-ability|p2b: Incineroar|Intimidate|boost\n|-unboost|p1a: Basculegion|atk|1\n|-unboost|p1b: Aerodactyl|atk|1\n|move|p1a: Basculegion|Flip Turn|p2a: Kommo-o\n|-resisted|p2a: Kommo-o|1\n|-damage|p2a: Kommo-o|49/100\n|\n|t:|1776538737\n|switch|p1a: Delphox|Delphox, L50, M, shiny|100/100|[from] Flip Turn\n|move|p1b: Aerodactyl|Dual Wingbeat|p2a: Kommo-o\n|-supereffective|p2a: Kommo-o|1\n|-damage|p2a: Kommo-o|25/100\n|-supereffective|p2a: Kommo-o|1\n|-damage|p2a: Kommo-o|2/100\n|-hitcount|p2a: Kommo-o|2\n|move|p2a: Kommo-o|Clanging Scales|p1a: Delphox|[spread] p1a,p1b\n|-damage|p1a: Delphox|52/100\n|-damage|p1b: Aerodactyl|0 fnt\n|faint|p1b: Aerodactyl\n|-unboost|p2a: Kommo-o|def|1\n|\n|upkeep\n|\n|t:|1776538752\n|switch|p1b: Basculegion|Basculegion, L50, M|100/100\n|turn|7\n|\n|t:|1776538773\n|switch|p2b: Milotic|Milotic, L50, M|100/100\n|detailschange|p1a: Delphox|Delphox-Mega, L50, M, shiny\n|-mega|p1a: Delphox|Delphox|Delphoxite\n|move|p1b: Basculegion|Flip Turn|p2b: Milotic\n|-resisted|p2b: Milotic|1\n|-damage|p2b: Milotic|81/100\n|\n|t:|1776538781\n|switch|p1b: Sneasler|Sneasler, L50, M|50/100|[from] Flip Turn\n|move|p1a: Delphox|Heat Wave|p2a: Kommo-o|[spread] p2b\n|-miss|p1a: Delphox|p2a: Kommo-o\n|-resisted|p2b: Milotic|1\n|-damage|p2b: Milotic|66/100\n|move|p2a: Kommo-o|Clanging Scales|p1b: Sneasler|[spread] p1a,p1b\n|-damage|p1a: Delphox|9/100\n|-damage|p1b: Sneasler|0 fnt\n|faint|p1b: Sneasler\n|-unboost|p2a: Kommo-o|def|1\n|\n|-heal|p2b: Milotic|72/100|[from] item: Leftovers\n|upkeep\n|\n|t:|1776538796\n|switch|p1b: Basculegion|Basculegion, L50, M|100/100\n|turn|8\n|inactive|Haruko123 has 30 seconds left.\n|\n|t:|1776538826\n|switch|p2a: Incineroar|Incineroar, L50, M|100/100\n|-ability|p2a: Incineroar|Intimidate|boost\n|-unboost|p1a: Delphox|atk|1\n|-unboost|p1b: Basculegion|atk|1\n|move|p2b: Milotic|Protect|p2b: Milotic\n|-singleturn|p2b: Milotic|Protect\n|move|p1b: Basculegion|Wave Crash|p2a: Incineroar\n|-supereffective|p2a: Incineroar|1\n|-damage|p2a: Incineroar|8/100\n|-enditem|p2a: Incineroar|Sitrus Berry|[eat]\n|-heal|p2a: Incineroar|33/100|[from] item: Sitrus Berry\n|-damage|p1b: Basculegion|69/100|[from] Recoil\n|move|p1a: Delphox|Heat Wave|p2a: Incineroar|[spread] p2a\n|-activate|p2b: Milotic|move: Protect\n|-resisted|p2a: Incineroar|1\n|-damage|p2a: Incineroar|15/100\n|\n|-heal|p2b: Milotic|78/100|[from] item: Leftovers\n|-sideend|p1: Haruko123|move: Tailwind\n|upkeep\n|turn|9\n|inactive|Haruko123 has 30 seconds left.\n|\n|t:|1776538859\n|switch|p2a: Kommo-o|Kommo-o, L50, M|2/100\n|move|p1b: Basculegion|Wave Crash|p2a: Kommo-o\n|-resisted|p2a: Kommo-o|1\n|-damage|p2a: Kommo-o|0 fnt\n|faint|p2a: Kommo-o\n|-damage|p1b: Basculegion|69/100|[from] Recoil\n|move|p1a: Delphox|Heat Wave|p2b: Milotic\n|-resisted|p2b: Milotic|1\n|-damage|p2b: Milotic|57/100\n|move|p2b: Milotic|Icy Wind|p1a: Delphox|[spread] p1b\n|-miss|p2b: Milotic|p1a: Delphox\n|-resisted|p1b: Basculegion|1\n|-damage|p1b: Basculegion|63/100\n|-unboost|p1b: Basculegion|spe|1\n|\n|-heal|p2b: Milotic|63/100|[from] item: Leftovers\n|upkeep\n|\n|t:|1776538873\n|switch|p2a: Incineroar|Incineroar, L50, M|15/100\n|-ability|p2a: Incineroar|Intimidate|boost\n|-unboost|p1a: Delphox|atk|1\n|-unboost|p1b: Basculegion|atk|1\n|turn|10\n|\n|t:|1776538884\n|move|p1a: Delphox|Psyshock|p2b: Milotic\n|-damage|p2b: Milotic|22/100\n|move|p1b: Basculegion|Wave Crash|p2a: Incineroar\n|-supereffective|p2a: Incineroar|1\n|-damage|p2a: Incineroar|0 fnt\n|faint|p2a: Incineroar\n|-damage|p1b: Basculegion|57/100|[from] Recoil\n|move|p2b: Milotic|Scald|p1a: Delphox\n|-supereffective|p1a: Delphox|1\n|-damage|p1a: Delphox|0 fnt\n|faint|p1a: Delphox\n|\n|-heal|p2b: Milotic|28/100|[from] item: Leftovers\n|upkeep\n|\n|t:|1776538889\n|switch|p2a: Gengar|Gengar, L50, F|100/100\n|turn|11\n|\n|t:|1776538903\n|detailschange|p2a: Gengar|Gengar-Mega, L50, F\n|-mega|p2a: Gengar|Gengar|Gengarite\n|move|p2a: Gengar|Shadow Ball|p1b: Basculegion\n|-supereffective|p1b: Basculegion|1\n|-crit|p1b: Basculegion\n|-damage|p1b: Basculegion|0 fnt\n|faint|p1b: Basculegion\n|\n|win|FortniteTuesday\n|raw|Haruko123's rating: 1040 &rarr; <strong>1026</strong><br />(-14 for losing)\n|raw|FortniteTuesday's rating: 1079 &rarr; <strong>1104</strong><br />(+25 for winning)\n|l|\u2606FortniteTuesday\n|player|p2|\n",
  "uploadtime": 1776538914,
  "views": 11,
  "formatid": "gen9championsvgc2026regma",
  "rating": 1026,
  "private": 0,
  "password": null
}