{
  "id": "gen9championsvgc2026regma-2588054383",
  "format": "[Gen 9 Champions] VGC 2026 Reg M-A",
  "players": [
    "razorsharp01",
    "seteee"
  ],
  "log": "|j|\u2606razorsharp01\n|j|\u2606seteee\n|t:|1776598687\n|gametype|doubles\n|player|p1|razorsharp01|170|1000\n|player|p2|seteee|266|1045\n|gen|9\n|tier|[Gen 9 Champions] VGC 2026 Reg M-A\n|rated|\n|rule|Species Clause: Limit one of each Pok\u00e9mon\n|rule|Item Clause: Limit 1 of each item\n|clearpoke\n|poke|p1|Gengar, L50, M|\n|poke|p1|Garganacl, L50, M|\n|poke|p1|Hydreigon, L50, F|\n|poke|p1|Ditto, L50|\n|poke|p1|Floette-Eternal, L50, F|\n|poke|p1|Milotic, L50, M|\n|poke|p2|Aerodactyl, L50, F|\n|poke|p2|Aegislash, L50, F|\n|poke|p2|Incineroar, L50, M|\n|poke|p2|Charizard, L50, M|\n|poke|p2|Milotic, L50, M|\n|poke|p2|Jolteon, L50, F|\n|teampreview|4\nrazorsharp01 has agreed to open team sheets.\n|\n|t:|1776598734\n|teamsize|p1|4\n|teamsize|p2|4\n|start\n|switch|p1a: Gengar|Gengar, L50, M|100/100\n|switch|p1b: Garganacl|Garganacl, L50, M|100/100\n|switch|p2a: Aerodactyl|Aerodactyl, L50, F|100/100\n|switch|p2b: Jolteon|Jolteon, L50, F|100/100\n|-ability|p2a: Aerodactyl|Unnerve\n|turn|1\n|inactive|Battle timer is ON: inactive players will automatically lose when time's up. (requested by seteee)\n|inactive|seteee has 60 seconds left.\n|\n|t:|1776598770\n|move|p1a: Gengar|Protect|p1a: Gengar\n|-singleturn|p1a: Gengar|Protect\n|move|p2a: Aerodactyl|Tailwind|p2a: Aerodactyl\n|-sidestart|p2: seteee|move: Tailwind\n|move|p2b: Jolteon|Thunderbolt|p1a: Gengar\n|-activate|p1a: Gengar|move: Protect\n|move|p1b: Garganacl|Iron Defense|p1b: Garganacl\n|-boost|p1b: Garganacl|def|2\n|\n|upkeep\n|turn|2\n|\n|t:|1776598794\n|switch|p1a: Hydreigon|Hydreigon, L50, F|100/100\n|move|p2a: Aerodactyl|Dual Wingbeat|p1a: Hydreigon|[miss]\n|-miss|p2a: Aerodactyl|p1a: Hydreigon\n|move|p2b: Jolteon|Thunderbolt|p1a: Hydreigon\n|-resisted|p1a: Hydreigon|1\n|-damage|p1a: Hydreigon|69/100\n|move|p1b: Garganacl|Salt Cure|p2a: Aerodactyl\n|-supereffective|p2a: Aerodactyl|1\n|-damage|p2a: Aerodactyl|60/100\n|-start|p2a: Aerodactyl|Salt Cure\n|\n|-damage|p2a: Aerodactyl|55/100|[from] Salt Cure\n|upkeep\n|turn|3\n|inactive|razorsharp01 has 30 seconds left.\n|\n|t:|1776598821\n|switch|p2a: Milotic|Milotic, L50, M|100/100\n|move|p2b: Jolteon|Protect|p2b: Jolteon\n|-singleturn|p2b: Jolteon|Protect\n|move|p1a: Hydreigon|Focus Energy|p1a: Hydreigon\n|-start|p1a: Hydreigon|move: Focus Energy\n|move|p1b: Garganacl|Salt Cure|p2b: Jolteon\n|-activate|p2b: Jolteon|move: Protect\n|\n|upkeep\n|turn|4\n|j| melonqt\n|\n|t:|1776598845\n|switch|p2b: Aegislash|Aegislash, L50, F|100/100\n|move|p1a: Hydreigon|Protect|p1a: Hydreigon\n|-singleturn|p1a: Hydreigon|Protect\n|move|p1b: Garganacl|Protect|p1b: Garganacl\n|-singleturn|p1b: Garganacl|Protect\n|move|p2a: Milotic|Ice Beam|p1a: Hydreigon\n|-activate|p1a: Hydreigon|move: Protect\n|\n|-sideend|p2: seteee|move: Tailwind\n|upkeep\n|turn|5\n|inactive|razorsharp01 has 30 seconds left.\n|inactive|seteee has 30 seconds left.\n|\n|t:|1776598879\n|move|p1a: Hydreigon|Draco Meteor|p2a: Milotic\n|-crit|p2a: Milotic\n|-damage|p2a: Milotic|43/100\n|-unboost|p1a: Hydreigon|spa|2\n|move|p2a: Milotic|Scald|p1b: Garganacl\n|-supereffective|p1b: Garganacl|1\n|-damage|p1b: Garganacl|43/100\n|-formechange|p2b: Aegislash|Aegislash-Blade|\n|move|p2b: Aegislash|Close Combat|p1a: Hydreigon\n|-supereffective|p1a: Hydreigon|1\n|-damage|p1a: Hydreigon|0 fnt\n|-unboost|p2b: Aegislash|def|1\n|-unboost|p2b: Aegislash|spd|1\n|faint|p1a: Hydreigon\n|-enditem|p2b: Aegislash|White Herb\n|-clearnegativeboost|p2b: Aegislash|[silent]\n|move|p1b: Garganacl|Body Press|p2a: Milotic\n|-damage|p2a: Milotic|0 fnt\n|faint|p2a: Milotic\n|\n|-heal|p1b: Garganacl|48/100|[from] item: Leftovers\n|upkeep\n|inactive|razorsharp01 has 30 seconds left.\n|\n|t:|1776598907\n|switch|p1a: Gengar|Gengar, L50, M|100/100\n|switch|p2a: Jolteon|Jolteon, L50, F|100/100\n|turn|6\n|inactive|seteee has 30 seconds left.\n|\n|t:|1776598932\n|detailschange|p1a: Gengar|Gengar-Mega, L50, M\n|-mega|p1a: Gengar|Gengar|Gengarite\n|-formechange|p2b: Aegislash|Aegislash|\n|move|p2b: Aegislash|King's Shield|p2b: Aegislash\n|-singleturn|p2b: Aegislash|Protect\n|move|p1a: Gengar|Shadow Ball|p2b: Aegislash\n|-activate|p2b: Aegislash|move: Protect\n|move|p2a: Jolteon|Thunderbolt|p1b: Garganacl\n|-damage|p1b: Garganacl|4/100\n|move|p1b: Garganacl|Body Press|p2a: Jolteon\n|-damage|p2a: Jolteon|0 fnt\n|faint|p2a: Jolteon\n|\n|-heal|p1b: Garganacl|10/100|[from] item: Leftovers\n|upkeep\n|\n|t:|1776598946\n|switch|p2a: Aerodactyl|Aerodactyl, L50, F|55/100\n|-ability|p2a: Aerodactyl|Unnerve\n|turn|7\n|\n|t:|1776598962\n|-formechange|p2b: Aegislash|Aegislash-Blade|\n|move|p2b: Aegislash|Shadow Sneak|p1a: Gengar\n|-supereffective|p1a: Gengar|1\n|-damage|p1a: Gengar|15/100\n|move|p1a: Gengar|Shadow Ball|p2b: Aegislash\n|-supereffective|p2b: Aegislash|1\n|-damage|p2b: Aegislash|0 fnt\n|faint|p2b: Aegislash\n|move|p2a: Aerodactyl|Rock Slide|p1a: Gengar|[spread] p1a,p1b\n|-damage|p1a: Gengar|0 fnt\n|-damage|p1b: Garganacl|2/100\n|faint|p1a: Gengar\n|move|p1b: Garganacl|Salt Cure|p2a: Aerodactyl\n|-supereffective|p2a: Aerodactyl|1\n|-damage|p2a: Aerodactyl|16/100\n|-start|p2a: Aerodactyl|Salt Cure\n|\n|-heal|p1b: Garganacl|8/100|[from] item: Leftovers\n|-damage|p2a: Aerodactyl|10/100|[from] Salt Cure\n|upkeep\n|\n|t:|1776598982\n|switch|p1a: Floette|Floette-Eternal, L50, F|100/100\n|turn|8\n|-message|seteee forfeited.\n|\n|win|razorsharp01\n|raw|razorsharp01's rating: 1000 &rarr; <strong>1045</strong><br />(+45 for winning)\n|raw|seteee's rating: 1045 &rarr; <strong>1026</strong><br />(-19 for losing)\n|l|\u2606seteee\n|player|p2|\n",
  "uploadtime": 1776598993,
  "views": 13,
  "formatid": "gen9championsvgc2026regma",
  "rating": 1026,
  "private": 0,
  "password": null
}