{
  "id": "gen9championsvgc2026regma-2581602906",
  "format": "[Gen 9 Champions] VGC 2026 Reg M-A",
  "players": [
    "cafupro",
    "Noah666666"
  ],
  "log": "|j|\u2606cafupro\n|j|\u2606Noah666666\n|t:|1776014354\n|gametype|doubles\n|player|p1|cafupro|roxie|1078\n|player|p2|Noah666666|gentleman|1000\n|gen|9\n|tier|[Gen 9 Champions] VGC 2026 Reg M-A\n|rated|\n|rule|Species Clause: Limit one of each Pok\u00e9mon\n|rule|Item Clause: Limit 1 of each item\n|clearpoke\n|poke|p1|Archaludon, L50, F|\n|poke|p1|Pelipper, L50, F|\n|poke|p1|Basculegion, L50, M|\n|poke|p1|Gengar, L50, F|\n|poke|p1|Floette-Eternal, L50, F|\n|poke|p1|Kingambit, L50, M|\n|poke|p2|Reuniclus, L50, M|\n|poke|p2|Torkoal, L50, F|\n|poke|p2|Golurk, L50|\n|poke|p2|Incineroar, L50, M|\n|poke|p2|Kingambit, L50, M|\n|poke|p2|Clefable, L50, F|\n|teampreview|4\n|\n|t:|1776014390\n|teamsize|p1|4\n|teamsize|p2|4\n|start\n|switch|p1a: Kingambit|Kingambit, L50, M, shiny|100/100\n|switch|p1b: Gengar|Gengar, L50, F, shiny|100/100\n|switch|p2a: Clefable|Clefable, L50, F|100/100\n|switch|p2b: Reuniclus|Reuniclus, L50, M|100/100\n|turn|1\n|inactive|Battle timer is ON: inactive players will automatically lose when time's up. (requested by Noah666666)\n|\n|t:|1776014412\n|move|p2a: Clefable|Follow Me|p2a: Clefable\n|-singleturn|p2a: Clefable|move: Follow Me\n|move|p1b: Gengar|Sludge Bomb|p2a: Clefable\n|-supereffective|p2a: Clefable|1\n|-damage|p2a: Clefable|16/100\n|move|p1a: Kingambit|Kowtow Cleave|p2a: Clefable\n|-resisted|p2a: Clefable|1\n|-damage|p2a: Clefable|0 fnt\n|faint|p2a: Clefable\n|move|p2b: Reuniclus|Trick Room|p2b: Reuniclus\n|-fieldstart|move: Trick Room|[of] p2b: Reuniclus\n|\n|upkeep\n|\n|t:|1776014424\n|switch|p2a: Golurk|Golurk, L50|100/100\n|turn|2\n|inactive|Noah666666 has 30 seconds left.\n|\n|t:|1776014458\n|detailschange|p2a: Golurk|Golurk-Mega, L50\n|-mega|p2a: Golurk|Golurk|Golurkite\n|move|p1a: Kingambit|Protect|p1a: Kingambit\n|-singleturn|p1a: Kingambit|Protect\n|move|p2b: Reuniclus|Expanding Force|p1b: Gengar\n|-supereffective|p1b: Gengar|1\n|-damage|p1b: Gengar|0 fnt\n|faint|p1b: Gengar\n|move|p2a: Golurk|Headlong Rush|p1a: Kingambit\n|-supereffective|p1a: Kingambit|1\n|-ability|p2a: Golurk|Unseen Fist\n|-zbroken|p1a: Kingambit\n|-damage|p1a: Kingambit|71/100\n|-unboost|p2a: Golurk|def|1\n|-unboost|p2a: Golurk|spd|1\n|\n|upkeep\n|\n|t:|1776014467\n|switch|p1b: Floette|Floette-Eternal, L50, F|100/100\n|turn|3\n|\n|t:|1776014481\n|switch|p1a: Pelipper|Pelipper, L50, F, shiny|100/100\n|-weather|RainDance|[from] ability: Drizzle|[of] p1a: Pelipper\n|detailschange|p1b: Floette|Floette-Mega, L50, F\n|-mega|p1b: Floette|Floette|Floettite\n|-ability|p1b: Floette|Fairy Aura\n|move|p2b: Reuniclus|Expanding Force|p1b: Floette\n|-damage|p1b: Floette|70/100\n|move|p2a: Golurk|Headlong Rush|p1b: Floette\n|-damage|p1b: Floette|0 fnt\n|-unboost|p2a: Golurk|def|1\n|-unboost|p2a: Golurk|spd|1\n|faint|p1b: Floette\n|\n|-weather|RainDance|[upkeep]\n|upkeep\n|\n|t:|1776014491\n|switch|p1b: Kingambit|Kingambit, L50, M, shiny|71/100\n|turn|4\n|\n|t:|1776014510\n|move|p1b: Kingambit|Sucker Punch|p2b: Reuniclus\n|-supereffective|p2b: Reuniclus|1\n|-enditem|p2b: Reuniclus|Focus Sash\n|-damage|p2b: Reuniclus|1/100\n|move|p2b: Reuniclus|Expanding Force|p1a: Pelipper\n|-damage|p1a: Pelipper|18/100\n|move|p2a: Golurk|Headlong Rush|p1b: Kingambit\n|-supereffective|p1b: Kingambit|1\n|-damage|p1b: Kingambit|0 fnt\n|-unboost|p2a: Golurk|def|1\n|-unboost|p2a: Golurk|spd|1\n|faint|p1b: Kingambit\n|move|p1a: Pelipper|Weather Ball|p2a: Golurk\n|-supereffective|p2a: Golurk|1\n|-damage|p2a: Golurk|0 fnt\n|faint|p2a: Golurk\n|\n|-weather|RainDance|[upkeep]\n|upkeep\n|\n|t:|1776014525\n|switch|p2a: Kingambit|Kingambit, L50, M|100/100\n|turn|5\n|-message|cafupro forfeited.\n|\n|win|Noah666666\n|raw|cafupro's rating: 1078 &rarr; <strong>1052</strong><br />(-26 for losing)\n|raw|Noah666666's rating: 1000 &rarr; <strong>1049</strong><br />(+49 for winning)\n|l|\u2606cafupro\n|player|p1|\n",
  "uploadtime": 1776014539,
  "views": 25,
  "formatid": "gen9championsvgc2026regma",
  "rating": 1049,
  "private": 0,
  "password": null
}