{
  "id": "gen9championsvgc2026regma-2588900379",
  "format": "[Gen 9 Champions] VGC 2026 Reg M-A",
  "players": [
    "ghyfd567",
    "Adr1anTV"
  ],
  "log": "|j|\u2606ghyfd567\n|j|\u2606Adr1anTV\n|t:|1776683970\n|gametype|doubles\n|player|p1|ghyfd567|wattson|1000\n|player|p2|Adr1anTV|misty|1089\n|gen|9\n|tier|[Gen 9 Champions] VGC 2026 Reg M-A\n|rated|\n|rule|Species Clause: Limit one of each Pok\u00e9mon\n|rule|Item Clause: Limit 1 of each item\n|clearpoke\n|poke|p1|Scovillain, L50, M|\n|poke|p1|Hatterene, L50, F|\n|poke|p1|Archaludon, L50, F|\n|poke|p1|Pelipper, L50, M|\n|poke|p1|Torkoal, L50, M|\n|poke|p1|Basculegion, L50, M|\n|poke|p2|Gardevoir, L50, F, shiny|\n|poke|p2|Aerodactyl, L50, F|\n|poke|p2|Incineroar, L50, F|\n|poke|p2|Milotic, L50, F, shiny|\n|poke|p2|Garchomp, L50, M|\n|poke|p2|Manectric, L50, M, shiny|\n|teampreview|4\n|inactive|Battle timer is ON: inactive players will automatically lose when time's up. (requested by ghyfd567)\nghyfd567 has agreed to open team sheets.\nAdr1anTV has agreed to open team sheets.\n|showteam|p1|Scovillain||Scovillainite|Chlorophyll|RagePowder,Protect,Overheat,LeafStorm|||M|||50|]Hatterene||FairyFeather|MagicBounce|DazzlingGleam,Psychic,MysticalFire,TrickRoom|||F|||50|]Archaludon||Leftovers|Stamina|DragonPulse,ElectroShot,FlashCannon,Protect|||F|||50|]Pelipper||FocusSash|Drizzle|WeatherBall,Hurricane,Tailwind,Protect|||M|||50|]Torkoal||Charcoal|Drought|Eruption,WeatherBall,EarthPower,Protect|||M|||50|]Basculegion||ChoiceScarf|Adaptability|WaveCrash,LastRespects,AquaJet,FlipTurn|||M|||50|\n|showteam|p2|Gardevoir||Gardevoirite|Trace|HyperVoice,PsychicNoise,TrickRoom,Protect|||F|||50|]Aerodactyl||FocusSash|Unnerve|Tailwind,RockSlide,DualWingbeat,Protect|||F|||50|]Incineroar||SitrusBerry|Intimidate|FakeOut,FlareBlitz,PartingShot,Protect|||F|||50|]Milotic||MysticWater|Competitive|Scald,IceBeam,Recover,Protect|||F|||50|]Garchomp||ChoiceScarf|RoughSkin|RockSlide,StompingTantrum,DragonClaw,IronHead|||M|||50|]Manectric||Manectite|LightningRod|Snarl,Thunderbolt,VoltSwitch,Protect|||M|||50|\n|\n|t:|1776683999\n|teamsize|p1|4\n|teamsize|p2|4\n|start\n|switch|p1a: Scovillain|Scovillain, L50, M|100/100\n|switch|p1b: Hatterene|Hatterene, L50, F|100/100\n|switch|p2a: Aerodactyl|Aerodactyl, L50, F|100/100\n|switch|p2b: Gardevoir|Gardevoir, L50, F, shiny|100/100\n|-ability|p2a: Aerodactyl|Unnerve\n|-ability|p2b: Gardevoir|Chlorophyll|Trace|[from] ability: Trace|[of] p1a: Scovillain\n|turn|1\n|\n|t:|1776684018\n|detailschange|p2b: Gardevoir|Gardevoir-Mega, L50, F, shiny\n|-mega|p2b: Gardevoir|Gardevoir|Gardevoirite\n|detailschange|p1a: Scovillain|Scovillain-Mega, L50, M\n|-mega|p1a: Scovillain|Scovillain|Scovillainite\n|move|p1a: Scovillain|Rage Powder|p1a: Scovillain\n|-singleturn|p1a: Scovillain|move: Rage Powder\n|move|p2a: Aerodactyl|Tailwind|p2a: Aerodactyl\n|-sidestart|p2: Adr1anTV|move: Tailwind\n|move|p2b: Gardevoir|Trick Room|p2b: Gardevoir\n|-fieldstart|move: Trick Room|[of] p2b: Gardevoir\n|move|p1b: Hatterene|Trick Room|p1b: Hatterene\n|-fieldend|move: Trick Room\n|\n|upkeep\n|turn|2\n|\n|t:|1776684035\n|move|p1a: Scovillain|Rage Powder|p1a: Scovillain\n|-singleturn|p1a: Scovillain|move: Rage Powder\n|move|p2a: Aerodactyl|Rock Slide|p1b: Hatterene|[spread] p1a,p1b\n|-supereffective|p1a: Scovillain|1\n|-damage|p1a: Scovillain|52/100\n|-damage|p1b: Hatterene|73/100\n|-status|p2a: Aerodactyl|brn|[from] ability: Spicy Spray|[of] p1a: Scovillain\n|move|p2b: Gardevoir|Hyper Voice|p1b: Hatterene|[spread] p1a,p1b\n|-resisted|p1a: Scovillain|1\n|-damage|p1a: Scovillain|25/100\n|-damage|p1b: Hatterene|12/100\n|-status|p2b: Gardevoir|brn|[from] ability: Spicy Spray|[of] p1a: Scovillain\n|move|p1b: Hatterene|Trick Room|p1b: Hatterene\n|-fieldstart|move: Trick Room|[of] p1b: Hatterene\n|\n|-damage|p2b: Gardevoir|95/100 brn|[from] brn\n|-damage|p2a: Aerodactyl|95/100 brn|[from] brn\n|upkeep\n|turn|3\n|inactive|ghyfd567 has 30 seconds left.\n|\n|t:|1776684061\n|switch|p2b: Milotic|Milotic, L50, F, shiny|100/100\n|move|p1b: Hatterene|Dazzling Gleam|p2b: Milotic|[spread] p2a,p2b\n|-crit|p2b: Milotic\n|-damage|p2a: Aerodactyl|37/100 brn\n|-damage|p2b: Milotic|55/100\n|move|p1a: Scovillain|Overheat|p2b: Milotic\n|-resisted|p2b: Milotic|1\n|-damage|p2b: Milotic|33/100\n|-unboost|p1a: Scovillain|spa|2\n|move|p2a: Aerodactyl|Rock Slide|p1a: Scovillain|[spread] p1b\n|-miss|p2a: Aerodactyl|p1a: Scovillain\n|-damage|p1b: Hatterene|0 fnt\n|faint|p1b: Hatterene\n|\n|-damage|p2a: Aerodactyl|32/100 brn|[from] brn\n|upkeep\n|\n|t:|1776684079\n|switch|p1b: Torkoal|Torkoal, L50, M|100/100\n|-weather|SunnyDay|[from] ability: Drought|[of] p1b: Torkoal\n|turn|4\n|\n|t:|1776684085\n|move|p2a: Aerodactyl|Protect|p2a: Aerodactyl\n|-singleturn|p2a: Aerodactyl|Protect\n|move|p1a: Scovillain|Rage Powder|p1a: Scovillain\n|-singleturn|p1a: Scovillain|move: Rage Powder\n|move|p1b: Torkoal|Eruption|p2b: Milotic|[spread] p2b\n|-activate|p2a: Aerodactyl|move: Protect\n|-resisted|p2b: Milotic|1\n|-damage|p2b: Milotic|0 fnt\n|faint|p2b: Milotic\n|\n|-weather|SunnyDay|[upkeep]\n|-damage|p2a: Aerodactyl|26/100 brn|[from] brn\n|-sideend|p2: Adr1anTV|move: Tailwind\n|upkeep\n|\n|t:|1776684095\n|switch|p2b: Gardevoir|Gardevoir-Mega, L50, F, shiny|95/100 brn\n|turn|5\n|\n|t:|1776684102\n|move|p2a: Aerodactyl|Protect||[still]\n|-fail|p2a: Aerodactyl\n|move|p1b: Torkoal|Eruption|p2a: Aerodactyl|[spread] p2a,p2b\n|-resisted|p2a: Aerodactyl|1\n|-damage|p2a: Aerodactyl|0 fnt\n|-damage|p2b: Gardevoir|32/100 brn\n|faint|p2a: Aerodactyl\n|move|p1a: Scovillain|Overheat|p2b: Gardevoir\n|-damage|p2b: Gardevoir|0 fnt\n|-unboost|p1a: Scovillain|spa|2\n|faint|p2b: Gardevoir\n|\n|-weather|SunnyDay|[upkeep]\n|upkeep\n|\n|t:|1776684112\n|switch|p2b: Garchomp|Garchomp, L50, M|100/100\n|turn|6\n|-message|Adr1anTV forfeited.\n|\n|win|ghyfd567\n|raw|ghyfd567's rating: 1000 &rarr; <strong>1050</strong><br />(+50 for winning)\n|raw|Adr1anTV's rating: 1089 &rarr; <strong>1060</strong><br />(-29 for losing)\n",
  "uploadtime": 1776684116,
  "views": 10,
  "formatid": "gen9championsvgc2026regma",
  "rating": 1050,
  "private": 0,
  "password": null
}