{
  "id": "gen9championsvgc2026regma-2582434041",
  "format": "[Gen 9 Champions] VGC 2026 Reg M-A",
  "players": [
    "colfox",
    "MegaArmarougeWhen"
  ],
  "log": "|j|\u2606colfox\n|j|\u2606MegaArmarougeWhen\n|t:|1776091419\n|gametype|doubles\n|player|p1|colfox|265|1144\n|player|p2|MegaArmarougeWhen|102|1241\n|gen|9\n|tier|[Gen 9 Champions] VGC 2026 Reg M-A\n|rated|\n|rule|Species Clause: Limit one of each Pok\u00e9mon\n|rule|Item Clause: Limit 1 of each item\n|clearpoke\n|poke|p1|Ninetales, L50, M|\n|poke|p1|Dragonite, L50, F|\n|poke|p1|Sylveon, L50, M|\n|poke|p1|Milotic, L50, F|\n|poke|p1|Delphox, L50, F|\n|poke|p1|Garchomp, L50, F|\n|poke|p2|Torkoal, L50, M|\n|poke|p2|Venusaur, L50, M|\n|poke|p2|Sneasler, L50, M|\n|poke|p2|Incineroar, L50, M|\n|poke|p2|Gardevoir, L50, M|\n|poke|p2|Rotom-Wash, L50|\n|teampreview|4\n|\n|t:|1776091454\n|teamsize|p1|4\n|teamsize|p2|4\n|start\n|switch|p1a: Milotic|Milotic, L50, F|100/100\n|switch|p1b: Delphox|Delphox, L50, F|100/100\n|switch|p2a: Gardevoir|Gardevoir, L50, M|100/100\n|switch|p2b: Rotom|Rotom-Wash, L50|100/100\n|-ability|p2a: Gardevoir|Competitive|Trace|[from] ability: Trace|[of] p1a: Milotic\n|turn|1\n|\n|t:|1776091483\n|detailschange|p1b: Delphox|Delphox-Mega, L50, F\n|-mega|p1b: Delphox|Delphox|Delphoxite\n|detailschange|p2a: Gardevoir|Gardevoir-Mega, L50, M\n|-mega|p2a: Gardevoir|Gardevoir|Gardevoirite\n|move|p1b: Delphox|Protect|p1b: Delphox\n|-singleturn|p1b: Delphox|Protect\n|move|p2b: Rotom|Volt Switch|p1b: Delphox\n|-activate|p1b: Delphox|move: Protect\n|move|p2a: Gardevoir|Hyper Voice|p1b: Delphox|[spread] p1a\n|-activate|p1b: Delphox|move: Protect\n|-damage|p1a: Milotic|60/100\n|move|p1a: Milotic|Scald|p2a: Gardevoir\n|-damage|p2a: Gardevoir|65/100\n|\n|-heal|p1a: Milotic|66/100|[from] item: Leftovers\n|upkeep\n|turn|2\n|\n|t:|1776091508\n|switch|p1b: Sylveon|Sylveon, L50, M|100/100\n|move|p2b: Rotom|Volt Switch|p1b: Sylveon\n|-crit|p1b: Sylveon\n|-damage|p1b: Sylveon|61/100\n|\n|t:|1776091513\n|switch|p2b: Venusaur|Venusaur, L50, M|100/100|[from] Volt Switch\n|move|p2a: Gardevoir|Hyper Voice|p1b: Sylveon|[spread] p1a,p1b\n|-damage|p1a: Milotic|26/100\n|-damage|p1b: Sylveon|25/100\n|move|p1a: Milotic|Scald|p2a: Gardevoir\n|-crit|p2a: Gardevoir\n|-damage|p2a: Gardevoir|12/100\n|-status|p2a: Gardevoir|brn\n|\n|-heal|p1a: Milotic|32/100|[from] item: Leftovers\n|-damage|p2a: Gardevoir|6/100 brn|[from] brn\n|upkeep\n|turn|3\n|\n|t:|1776091542\n|move|p1a: Milotic|Protect|p1a: Milotic\n|-singleturn|p1a: Milotic|Protect\n|move|p1b: Sylveon|Protect|p1b: Sylveon\n|-singleturn|p1b: Sylveon|Protect\n|move|p2a: Gardevoir|Hyper Voice|p1a: Milotic|[spread] \n|-activate|p1a: Milotic|move: Protect\n|-activate|p1b: Sylveon|move: Protect\n|move|p2b: Venusaur|Sleep Powder|p1a: Milotic\n|-activate|p1a: Milotic|move: Protect\n|\n|-heal|p1a: Milotic|38/100|[from] item: Leftovers\n|-damage|p2a: Gardevoir|0 fnt|[from] brn\n|faint|p2a: Gardevoir\n|upkeep\n|\n|t:|1776091548\n|switch|p2a: Torkoal|Torkoal, L50, M|100/100\n|-weather|SunnyDay|[from] ability: Drought|[of] p2a: Torkoal\n|turn|4\n|\n|t:|1776091573\n|switch|p1b: Garchomp|Garchomp, L50, F|100/100\n|move|p2b: Venusaur|Sludge Bomb|p1b: Garchomp\n|-resisted|p1b: Garchomp|1\n|-damage|p1b: Garchomp|78/100\n|move|p1a: Milotic|Recover|p1a: Milotic\n|-heal|p1a: Milotic|88/100\n|move|p2a: Torkoal|Heat Wave|p1b: Garchomp|[spread] p1a,p1b\n|-resisted|p1a: Milotic|1\n|-resisted|p1b: Garchomp|1\n|-damage|p1a: Milotic|69/100\n|-damage|p1b: Garchomp|47/100\n|\n|-weather|SunnyDay|[upkeep]\n|-heal|p1a: Milotic|75/100|[from] item: Leftovers\n|upkeep\n|turn|5\n|\n|t:|1776091602\n|move|p1a: Milotic|Protect|p1a: Milotic\n|-singleturn|p1a: Milotic|Protect\n|move|p2b: Venusaur|Giga Drain|p1a: Milotic\n|-activate|p1a: Milotic|move: Protect\n|move|p1b: Garchomp|Rock Slide|p2a: Torkoal|[spread] p2b\n|-miss|p1b: Garchomp|p2a: Torkoal\n|-damage|p2b: Venusaur|72/100\n|move|p2a: Torkoal|Weather Ball|p1b: Garchomp\n|-resisted|p1b: Garchomp|1\n|-damage|p1b: Garchomp|4/100\n|\n|-weather|SunnyDay|[upkeep]\n|-heal|p1a: Milotic|81/100|[from] item: Leftovers\n|upkeep\n|turn|6\n|\n|t:|1776091637\n|move|p2b: Venusaur|Giga Drain|p1a: Milotic\n|-supereffective|p1a: Milotic|1\n|-damage|p1a: Milotic|27/100\n|-heal|p2b: Venusaur|100/100|[from] drain|[of] p1a: Milotic\n|move|p1b: Garchomp|Dragon Claw|p2a: Torkoal\n|-damage|p2a: Torkoal|70/100\n|move|p1a: Milotic|Scald|p2a: Torkoal\n|-supereffective|p2a: Torkoal|1\n|-damage|p2a: Torkoal|18/100\n|move|p2a: Torkoal|Heat Wave|p1b: Garchomp|[spread] p1a,p1b\n|-resisted|p1a: Milotic|1\n|-resisted|p1b: Garchomp|1\n|-damage|p1a: Milotic|6/100\n|-damage|p1b: Garchomp|0 fnt\n|faint|p1b: Garchomp\n|\n|-weather|SunnyDay|[upkeep]\n|-heal|p1a: Milotic|12/100|[from] item: Leftovers\n|upkeep\n|\n|t:|1776091658\n|switch|p1b: Delphox|Delphox-Mega, L50, F|100/100\n|turn|7\n|\n|t:|1776091669\n|move|p2a: Torkoal|Protect|p2a: Torkoal\n|-singleturn|p2a: Torkoal|Protect\n|move|p2b: Venusaur|Sleep Powder|p1b: Delphox\n|-status|p1b: Delphox|slp|[from] move: Sleep Powder\n|cant|p1b: Delphox|slp\n|move|p1a: Milotic|Recover|p1a: Milotic\n|-heal|p1a: Milotic|62/100\n|\n|-weather|SunnyDay|[upkeep]\n|-heal|p1a: Milotic|68/100|[from] item: Leftovers\n|upkeep\n|turn|8\n|\n|t:|1776091695\n|switch|p2a: Rotom|Rotom-Wash, L50|100/100\n|move|p2b: Venusaur|Sludge Bomb|p1b: Delphox\n|-damage|p1b: Delphox|56/100 slp\n|cant|p1b: Delphox|slp\n|move|p1a: Milotic|Icy Wind|p2a: Rotom|[spread] p2a,p2b\n|-resisted|p2a: Rotom|1\n|-supereffective|p2b: Venusaur|1\n|-damage|p2a: Rotom|92/100\n|-damage|p2b: Venusaur|71/100\n|-unboost|p2a: Rotom|spe|1\n|-unboost|p2b: Venusaur|spe|1\n|\n|-weather|none\n|-heal|p1a: Milotic|74/100|[from] item: Leftovers\n|upkeep\n|turn|9\n|\n|t:|1776091720\n|-curestatus|p1b: Delphox|slp|[msg]\n|move|p1b: Delphox|Psychic|p2a: Rotom\n|-damage|p2a: Rotom|21/100\n|move|p2a: Rotom|Hydro Pump|p1b: Delphox\n|-supereffective|p1b: Delphox|1\n|-damage|p1b: Delphox|0 fnt\n|faint|p1b: Delphox\n|move|p1a: Milotic|Icy Wind|p2b: Venusaur|[spread] p2a,p2b\n|-resisted|p2a: Rotom|1\n|-supereffective|p2b: Venusaur|1\n|-damage|p2a: Rotom|12/100\n|-damage|p2b: Venusaur|42/100\n|-unboost|p2a: Rotom|spe|1\n|-unboost|p2b: Venusaur|spe|1\n|move|p2b: Venusaur|Giga Drain|p1a: Milotic\n|-supereffective|p1a: Milotic|1\n|-damage|p1a: Milotic|17/100\n|-heal|p2b: Venusaur|78/100|[from] drain|[of] p1a: Milotic\n|\n|-heal|p1a: Milotic|23/100|[from] item: Leftovers\n|upkeep\n|\n|t:|1776091740\n|switch|p1b: Sylveon|Sylveon, L50, M|25/100\n|turn|10\n|\n|t:|1776091753\n|switch|p2b: Torkoal|Torkoal, L50, M|18/100\n|-weather|SunnyDay|[from] ability: Drought|[of] p2b: Torkoal\n|move|p2a: Rotom|Hydro Pump|p1b: Sylveon\n|-damage|p1b: Sylveon|7/100\n|move|p1a: Milotic|Recover|p1a: Milotic\n|-heal|p1a: Milotic|73/100\n|move|p1b: Sylveon|Hyper Voice|p2b: Torkoal|[spread] p2a,p2b\n|-resisted|p2b: Torkoal|1\n|-damage|p2a: Rotom|0 fnt\n|-damage|p2b: Torkoal|0 fnt\n|faint|p2a: Rotom\n|faint|p2b: Torkoal\n|\n|-weather|SunnyDay|[upkeep]\n|-heal|p1a: Milotic|79/100|[from] item: Leftovers\n|upkeep\n|\n|t:|1776091759\n|switch|p2b: Venusaur|Venusaur, L50, M|78/100\n|turn|11\n|\n|t:|1776091798\n|move|p1b: Sylveon|Protect|p1b: Sylveon\n|-singleturn|p1b: Sylveon|Protect\n|move|p2b: Venusaur|Giga Drain|p1b: Sylveon\n|-activate|p1b: Sylveon|move: Protect\n|move|p1a: Milotic|Icy Wind|p2b: Venusaur\n|-supereffective|p2b: Venusaur|1\n|-damage|p2b: Venusaur|36/100\n|-unboost|p2b: Venusaur|spe|1\n|\n|-weather|SunnyDay|[upkeep]\n|-heal|p1a: Milotic|85/100|[from] item: Leftovers\n|upkeep\n|turn|12\n|\n|t:|1776091814\n|move|p1b: Sylveon|Helping Hand|p1a: Milotic\n|-singleturn|p1a: Milotic|Helping Hand|[of] p1b: Sylveon\n|move|p2b: Venusaur|Giga Drain|p1b: Sylveon\n|-damage|p1b: Sylveon|0 fnt\n|-heal|p2b: Venusaur|41/100|[from] drain|[of] p1b: Sylveon\n|faint|p1b: Sylveon\n|move|p1a: Milotic|Icy Wind|p2b: Venusaur\n|-supereffective|p2b: Venusaur|1\n|-damage|p2b: Venusaur|0 fnt\n|faint|p2b: Venusaur\n|\n|win|colfox\n|raw|colfox's rating: 1144 &rarr; <strong>1176</strong><br />(+32 for winning)\n|raw|MegaArmarougeWhen's rating: 1241 &rarr; <strong>1209</strong><br />(-32 for losing)\n|l|\u2606MegaArmarougeWhen\n|player|p2|\n",
  "uploadtime": 1776091831,
  "views": 24,
  "formatid": "gen9championsvgc2026regma",
  "rating": 1176,
  "private": 0,
  "password": null
}