{
  "id": "gen9championsvgc2026regma-2582205950",
  "format": "[Gen 9 Champions] VGC 2026 Reg M-A",
  "players": [
    "Guiding Quem",
    "Ifalciacomesback"
  ],
  "log": "|j|\u2606Guiding Quem\n|j|\u2606Ifalciacomesback\n|t:|1776071167\n|gametype|doubles\n|player|p1|Guiding Quem|cynthia-masters4|1270\n|player|p2|Ifalciacomesback|266|1249\n|gen|9\n|tier|[Gen 9 Champions] VGC 2026 Reg M-A\n|rated|\n|rule|Species Clause: Limit one of each Pok\u00e9mon\n|rule|Item Clause: Limit 1 of each item\n|clearpoke\n|poke|p1|Floette-Eternal, L50, F|\n|poke|p1|Maushold, L50|\n|poke|p1|Garchomp, L50, F|\n|poke|p1|Talonflame, L50, F|\n|poke|p1|Rotom-Wash, L50|\n|poke|p1|Aegislash, L50, F|\n|poke|p2|Floette-Eternal, L50, F|\n|poke|p2|Incineroar, L50, M|\n|poke|p2|Sinistcha, L50|\n|poke|p2|Basculegion, L50, M|\n|poke|p2|Pelipper, L50, F|\n|poke|p2|Sneasler, L50, F|\n|teampreview|4\n|inactive|Battle timer is ON: inactive players will automatically lose when time's up. (requested by Guiding Quem)\n|inactive|Ifalciacomesback has 60 seconds left.\n|\n|t:|1776071246\n|teamsize|p1|4\n|teamsize|p2|4\n|start\n|switch|p1a: Floette|Floette-Eternal, L50, F|100/100\n|switch|p1b: Maushold|Maushold, L50|100/100\n|switch|p2a: Sneasler|Sneasler, L50, F|100/100\n|switch|p2b: Basculegion|Basculegion, L50, M|100/100\n|turn|1\n|\n|t:|1776071264\n|switch|p2b: Incineroar|Incineroar, L50, M|100/100\n|-ability|p2b: Incineroar|Intimidate|boost\n|-unboost|p1a: Floette|atk|1\n|-unboost|p1b: Maushold|atk|1\n|move|p1b: Maushold|Protect|p1b: Maushold\n|-singleturn|p1b: Maushold|Protect\n|move|p1a: Floette|Protect|p1a: Floette\n|-singleturn|p1a: Floette|Protect\n|move|p2a: Sneasler|Dire Claw|p1a: Floette\n|-activate|p1a: Floette|move: Protect\n|\n|upkeep\n|turn|2\n|inactive|Guiding Quem has 30 seconds left.\n|\n|t:|1776071294\n|detailschange|p1a: Floette|Floette-Mega, L50, F\n|-mega|p1a: Floette|Floette|Floettite\n|-ability|p1a: Floette|Fairy Aura\n|move|p2b: Incineroar|Fake Out|p1b: Maushold\n|-damage|p1b: Maushold|87/100\n|cant|p1b: Maushold|flinch\n|move|p2a: Sneasler|Close Combat|p1b: Maushold\n|-supereffective|p1b: Maushold|1\n|-damage|p1b: Maushold|0 fnt\n|-unboost|p2a: Sneasler|def|1\n|-unboost|p2a: Sneasler|spd|1\n|faint|p1b: Maushold\n|-enditem|p2a: Sneasler|White Herb\n|-clearnegativeboost|p2a: Sneasler|[silent]\n|move|p1a: Floette|Dazzling Gleam|p2a: Sneasler|[spread] p2a,p2b\n|-damage|p2a: Sneasler|27/100\n|-damage|p2b: Incineroar|61/100\n|\n|upkeep\n|\n|t:|1776071303\n|switch|p1b: Talonflame|Talonflame, L50, F|100/100\n|turn|3\n|c|\u2606Ifalciacomesback|Playing reclessly ok\n|inactive|Ifalciacomesback has 30 seconds left.\n|inactive|Ifalciacomesback has 20 seconds left.\n|\n|t:|1776071340\n|switch|p2a: Floette|Floette-Eternal, L50, F|100/100\n|move|p1b: Talonflame|Tailwind|p1b: Talonflame\n|-sidestart|p1: Guiding Quem|move: Tailwind\n|move|p1a: Floette|Dazzling Gleam|p2a: Floette|[spread] p2a,p2b\n|-damage|p2a: Floette|57/100\n|-damage|p2b: Incineroar|22/100\n|-enditem|p2b: Incineroar|Sitrus Berry|[eat]\n|-heal|p2b: Incineroar|47/100|[from] item: Sitrus Berry\n|move|p2b: Incineroar|Parting Shot|p1a: Floette\n|-unboost|p1a: Floette|atk|1\n|-unboost|p1a: Floette|spa|1\n|\n|t:|1776071352\n|switch|p2b: Basculegion|Basculegion, L50, M|100/100|[from] Parting Shot\n|\n|upkeep\n|turn|4\n|c|\u2606Guiding Quem|you dont see the light like i do\n|\n|t:|1776071371\n|detailschange|p2a: Floette|Floette-Mega, L50, F\n|-mega|p2a: Floette|Floette|Floettite\n|-ability|p2a: Floette|Fairy Aura\n|move|p1b: Talonflame|Flare Blitz|p2a: Floette\n|-damage|p2a: Floette|18/100\n|-damage|p1b: Talonflame|86/100|[from] Recoil\n|move|p1a: Floette|Dazzling Gleam|p2b: Basculegion|[spread] p2a,p2b\n|-crit|p2b: Basculegion\n|-damage|p2a: Floette|0 fnt\n|-damage|p2b: Basculegion|16/100\n|faint|p2a: Floette\n|move|p2b: Basculegion|Wave Crash|p1b: Talonflame\n|-supereffective|p1b: Talonflame|1\n|-damage|p1b: Talonflame|0 fnt\n|faint|p1b: Talonflame\n|-damage|p2b: Basculegion|0 fnt|[from] Recoil\n|faint|p2b: Basculegion\n|\n|upkeep\n|c|\u2606Guiding Quem|gg\n|c|\u2606Ifalciacomesback|Losing turn 2 is the light\n|inactive|Ifalciacomesback has 30 seconds left.\n|c|\u2606Ifalciacomesback|Nah you ass bro\n|c|\u2606Guiding Quem|you got cooked lil bro\n|inactive|Ifalciacomesback has 20 seconds left.\n|inactive|Ifalciacomesback has 15 seconds left.\n|c|\u2606Guiding Quem|i started doing dances on yo shi\n|inactive|Ifalciacomesback has 10 seconds left.\n|c|\u2606Guiding Quem|u got emoted on and still talking shi\n|c|\u2606Ifalciacomesback|Poor little guy\n|inactive|Ifalciacomesback has 5 seconds left.\n|c|\u2606Guiding Quem|gg\n|\n|t:|1776071426\n|switch|p1b: Rotom|Rotom-Wash, L50|100/100\n|switch|p2b: Sneasler|Sneasler, L50, F|27/100\n|switch|p2a: Incineroar|Incineroar, L50, M|47/100\n|-ability|p2a: Incineroar|Intimidate|boost\n|-unboost|p1a: Floette|atk|1\n|-unboost|p1b: Rotom|atk|1\n|turn|5\n|c|\u2606Ifalciacomesback|Nonsense move\n|-message|Ifalciacomesback forfeited.\n|\n|win|Guiding Quem\n|raw|Guiding Quem's rating: 1270 &rarr; <strong>1293</strong><br />(+23 for winning)\n|raw|Ifalciacomesback's rating: 1249 &rarr; <strong>1226</strong><br />(-23 for losing)\n|l|\u2606Ifalciacomesback\n|player|p2|\n|c|\u2606Guiding Quem|ifalciacomesback\n",
  "uploadtime": 1776071490,
  "views": 23,
  "formatid": "gen9championsvgc2026regma",
  "rating": 1226,
  "private": 0,
  "password": null
}