{
  "id": "gen9championsvgc2026regma-2585365475",
  "format": "[Gen 9 Champions] VGC 2026 Reg M-A",
  "players": [
    "Lyoi",
    "afagfaf"
  ],
  "log": "|j|\u2606Lyoi\n|j|\u2606afagfaf\n|t:|1776341684\n|gametype|doubles\n|player|p1|Lyoi|miku-ghost|1000\n|player|p2|afagfaf|pokemaniac|1000\n|gen|9\n|tier|[Gen 9 Champions] VGC 2026 Reg M-A\n|rated|\n|rule|Species Clause: Limit one of each Pok\u00e9mon\n|rule|Item Clause: Limit 1 of each item\n|clearpoke\n|poke|p1|Sneasler, L50, F|\n|poke|p1|Pelipper, L50, F|\n|poke|p1|Archaludon, L50, F|\n|poke|p1|Starmie, L50|\n|poke|p1|Garchomp, L50, M|\n|poke|p1|Sinistcha, L50|\n|poke|p2|Charizard, L50, M|\n|poke|p2|Heliolisk, L50, F|\n|poke|p2|Sinistcha, L50|\n|poke|p2|Mudsdale, L50, F|\n|poke|p2|Ninetales, L50, M|\n|poke|p2|Leafeon, L50, M|\n|teampreview|4\n|\n|t:|1776341729\n|teamsize|p1|4\n|teamsize|p2|4\n|start\n|switch|p1a: Sneasler|Sneasler, L50, F|100/100\n|switch|p1b: Starmie|Starmie, L50|100/100\n|switch|p2a: Charizard|Charizard, L50, M|100/100\n|switch|p2b: Leafeon|Leafeon, L50, M|100/100\n|turn|1\n|\n|t:|1776341768\n|detailschange|p1b: Starmie|Starmie-Mega, L50\n|-mega|p1b: Starmie|Starmie|Starminite\n|move|p2a: Charizard|Protect|p2a: Charizard\n|-singleturn|p2a: Charizard|Protect\n|move|p2b: Leafeon|Protect|p2b: Leafeon\n|-singleturn|p2b: Leafeon|Protect\n|move|p1b: Starmie|Psycho Cut|p2b: Leafeon\n|-activate|p2b: Leafeon|move: Protect\n|move|p1a: Sneasler|Coaching|p1b: Starmie\n|-boost|p1b: Starmie|atk|1\n|-boost|p1b: Starmie|def|1\n|\n|upkeep\n|turn|2\n|\n|t:|1776341789\n|detailschange|p2a: Charizard|Charizard-Mega-Y, L50, M\n|-mega|p2a: Charizard|Charizard|Charizardite Y\n|-weather|SunnyDay|[from] ability: Drought|[of] p2a: Charizard\n|move|p2b: Leafeon|Solar Blade||[still]\n|-prepare|p2b: Leafeon|Solar Blade\n|-anim|p2b: Leafeon|Solar Blade|p1b: Starmie\n|-supereffective|p1b: Starmie|1\n|-damage|p1b: Starmie|0 fnt\n|faint|p1b: Starmie\n|move|p1a: Sneasler|Dire Claw|p2b: Leafeon\n|-supereffective|p2b: Leafeon|1\n|-crit|p2b: Leafeon\n|-enditem|p2b: Leafeon|Focus Sash\n|-damage|p2b: Leafeon|1/100\n|move|p2a: Charizard|Air Slash|p1a: Sneasler|[miss]\n|-miss|p2a: Charizard|p1a: Sneasler\n|\n|-weather|SunnyDay|[upkeep]\n|upkeep\n|\n|t:|1776341812\n|switch|p1b: Sinistcha|Sinistcha, L50|100/100\n|turn|3\n|\n|t:|1776341839\n|move|p2b: Leafeon|Aerial Ace|p1a: Sneasler\n|-supereffective|p1a: Sneasler|1\n|-damage|p1a: Sneasler|32/100\n|move|p1a: Sneasler|Dire Claw|p2a: Charizard\n|-damage|p2a: Charizard|39/100\n|move|p2a: Charizard|Heat Wave|p1a: Sneasler|[spread] p1b\n|-miss|p2a: Charizard|p1a: Sneasler\n|-supereffective|p1b: Sinistcha|1\n|-damage|p1b: Sinistcha|0 fnt\n|faint|p1b: Sinistcha\n|\n|-weather|SunnyDay|[upkeep]\n|upkeep\n|\n|t:|1776341847\n|switch|p1b: Garchomp|Garchomp, L50, M|100/100\n|turn|4\n|\n|t:|1776341857\n|move|p2b: Leafeon|Solar Blade||[still]\n|-prepare|p2b: Leafeon|Solar Blade\n|-anim|p2b: Leafeon|Solar Blade|p1b: Garchomp\n|-damage|p1b: Garchomp|40/100\n|-damage|p2b: Leafeon|0 fnt|[from] ability: Rough Skin|[of] p1b: Garchomp\n|faint|p2b: Leafeon\n|move|p1b: Garchomp|Rock Slide|p2a: Charizard\n|-supereffective|p2a: Charizard|2\n|-damage|p2a: Charizard|0 fnt\n|faint|p2a: Charizard\n|move|p1a: Sneasler|Dire Claw|p2: Charizard|[notarget]\n|-fail|p1a: Sneasler\n|\n|-weather|SunnyDay|[upkeep]\n|upkeep\n|\n|t:|1776341870\n|switch|p2a: Heliolisk|Heliolisk, L50, F|100/100\n|switch|p2b: Ninetales|Ninetales, L50, M|100/100\n|turn|5\n|\n|t:|1776341879\n|move|p1b: Garchomp|Rock Slide|p2a: Heliolisk|[spread] p2a\n|-miss|p1b: Garchomp|p2b: Ninetales\n|-damage|p2a: Heliolisk|52/100\n|move|p2a: Heliolisk|Hyper Voice|p1b: Garchomp|[spread] p1a,p1b\n|-damage|p1a: Sneasler|0 fnt\n|-damage|p1b: Garchomp|0 fnt\n|faint|p1a: Sneasler\n|faint|p1b: Garchomp\n|-heal|p2a: Heliolisk|63/100|[from] item: Shell Bell|[of] p1: Garchomp\n|\n|win|afagfaf\n|raw|Lyoi's rating: 1000 &rarr; <strong>1000</strong><br />(+0 for losing)\n|raw|afagfaf's rating: 1000 &rarr; <strong>1040</strong><br />(+40 for winning)\n",
  "uploadtime": 1776341879,
  "views": 21,
  "formatid": "gen9championsvgc2026regma",
  "rating": 1000,
  "private": 0,
  "password": null
}