{
  "id": "gen9championsvgc2026regma-2581416396",
  "format": "[Gen 9 Champions] VGC 2026 Reg M-A",
  "players": [
    "iceman5687",
    "ryankun26"
  ],
  "log": "|j|\u2606iceman5687\n|j|\u2606ryankun26\n|t:|1775998208\n|gametype|doubles\n|player|p1|iceman5687|266|1112\n|player|p2|ryankun26|hilda|1135\n|gen|9\n|tier|[Gen 9 Champions] VGC 2026 Reg M-A\n|rated|\n|rule|Species Clause: Limit one of each Pok\u00e9mon\n|rule|Item Clause: Limit 1 of each item\n|clearpoke\n|poke|p1|Feraligatr, L50, M|\n|poke|p1|Whimsicott, L50, F|\n|poke|p1|Aegislash, L50, M|\n|poke|p1|Incineroar, L50, M|\n|poke|p1|Basculegion, L50, M|\n|poke|p1|Sinistcha, L50|\n|poke|p2|Talonflame, L50, F|\n|poke|p2|Glimmora, L50, M|\n|poke|p2|Tsareena, L50, F|\n|poke|p2|Gyarados, L50, F|\n|poke|p2|Clefable, L50, F|\n|poke|p2|Hydreigon, L50, M|\n|teampreview|4\n|inactive|Battle timer is ON: inactive players will automatically lose when time's up. (requested by ryankun26)\n|inactive|ryankun26 has 60 seconds left.\n|inactive|ryankun26 has 30 seconds left.\n|\n|t:|1775998270\n|teamsize|p1|4\n|teamsize|p2|4\n|start\n|switch|p1a: Basculegion|Basculegion, L50, M|100/100\n|switch|p1b: Whimsicott|Whimsicott, L50, F|100/100\n|switch|p2a: Gyarados|Gyarados, L50, F|100/100\n|switch|p2b: Hydreigon|Hydreigon, L50, M|100/100\n|-ability|p2a: Gyarados|Intimidate|boost\n|-unboost|p1a: Basculegion|atk|1\n|-unboost|p1b: Whimsicott|atk|1\n|turn|1\n|\n|t:|1775998292\n|move|p2b: Hydreigon|Protect|p2b: Hydreigon\n|-singleturn|p2b: Hydreigon|Protect\n|move|p1b: Whimsicott|Light Screen|p1b: Whimsicott\n|-sidestart|p1: iceman5687|move: Light Screen\n|move|p1a: Basculegion|Flip Turn|p2b: Hydreigon\n|-activate|p2b: Hydreigon|move: Protect\n|move|p2a: Gyarados|Thunder Wave|p1b: Whimsicott\n|-status|p1b: Whimsicott|par\n|\n|upkeep\n|turn|2\n|\n|t:|1775998314\n|move|p1b: Whimsicott|Tailwind|p1b: Whimsicott\n|-sidestart|p1: iceman5687|move: Tailwind\n|move|p1a: Basculegion|Flip Turn|p2b: Hydreigon\n|-resisted|p2b: Hydreigon|1\n|-damage|p2b: Hydreigon|85/100\n|\n|t:|1775998320\n|switch|p1a: Feraligatr|Feraligatr, L50, M|100/100|[from] Flip Turn\n|move|p2b: Hydreigon|Dark Pulse|p1a: Feraligatr\n|-damage|p1a: Feraligatr|69/100\n|move|p2a: Gyarados|Waterfall|p1a: Feraligatr\n|-resisted|p1a: Feraligatr|1\n|-damage|p1a: Feraligatr|48/100\n|\n|upkeep\n|turn|3\n|\n|t:|1775998344\n|switch|p1b: Incineroar|Incineroar, L50, M|100/100\n|-ability|p1b: Incineroar|Intimidate|boost\n|-unboost|p2a: Gyarados|atk|1\n|-unboost|p2b: Hydreigon|atk|1\n|move|p1a: Feraligatr|Protect|p1a: Feraligatr\n|-singleturn|p1a: Feraligatr|Protect\n|move|p2b: Hydreigon|Protect|p2b: Hydreigon\n|-singleturn|p2b: Hydreigon|Protect\n|move|p2a: Gyarados|Thunder Wave|p1a: Feraligatr\n|-activate|p1a: Feraligatr|move: Protect\n|\n|upkeep\n|turn|4\n|\n|t:|1775998365\n|switch|p2b: Talonflame|Talonflame, L50, F|100/100\n|detailschange|p1a: Feraligatr|Feraligatr-Mega, L50, M\n|-mega|p1a: Feraligatr|Feraligatr|Feraligite\n|move|p1b: Incineroar|Fake Out|p2a: Gyarados\n|-damage|p2a: Gyarados|87/100\n|move|p1a: Feraligatr|Dragon Dance|p1a: Feraligatr\n|-boost|p1a: Feraligatr|atk|1\n|-boost|p1a: Feraligatr|spe|1\n|cant|p2a: Gyarados|flinch\n|\n|-heal|p2a: Gyarados|94/100|[from] item: Leftovers\n|upkeep\n|turn|5\n|\n|t:|1775998385\n|switch|p2b: Hydreigon|Hydreigon, L50, M|85/100\n|move|p1a: Feraligatr|Liquidation|p2b: Hydreigon\n|-resisted|p2b: Hydreigon|1\n|-damage|p2b: Hydreigon|41/100\n|-unboost|p2b: Hydreigon|def|1\n|move|p1b: Incineroar|Parting Shot|p2a: Gyarados\n|-unboost|p2a: Gyarados|atk|1\n|-unboost|p2a: Gyarados|spa|1\n|\n|t:|1775998392\n|switch|p1b: Whimsicott|Whimsicott, L50, F|100/100 par|[from] Parting Shot\n|move|p2a: Gyarados|Thunder Wave|p1a: Feraligatr\n|-status|p1a: Feraligatr|par\n|\n|-heal|p2a: Gyarados|99/100|[from] item: Leftovers\n|-sideend|p1: iceman5687|move: Light Screen\n|-sideend|p1: iceman5687|move: Tailwind\n|upkeep\n|turn|6\n|\n|t:|1775998413\n|switch|p2a: Talonflame|Talonflame, L50, F|100/100\n|move|p1b: Whimsicott|Tailwind|p1b: Whimsicott\n|-sidestart|p1: iceman5687|move: Tailwind\n|move|p1a: Feraligatr|Liquidation|p2b: Hydreigon\n|-resisted|p2b: Hydreigon|1\n|-damage|p2b: Hydreigon|0 fnt\n|faint|p2b: Hydreigon\n|\n|upkeep\n|\n|t:|1775998423\n|switch|p2b: Glimmora|Glimmora, L50, M|100/100\n|turn|7\n|\n|t:|1775998436\n|detailschange|p2b: Glimmora|Glimmora-Mega, L50, M\n|-mega|p2b: Glimmora|Glimmora|Glimmoranite\n|move|p2a: Talonflame|Tailwind|p2a: Talonflame\n|-sidestart|p2: ryankun26|move: Tailwind\n|move|p1b: Whimsicott|Light Screen|p1b: Whimsicott\n|-sidestart|p1: iceman5687|move: Light Screen\n|move|p2b: Glimmora|Sludge Bomb|p1a: Feraligatr\n|-damage|p1a: Feraligatr|0 fnt\n|faint|p1a: Feraligatr\n|\n|upkeep\n|\n|t:|1775998444\n|switch|p1a: Basculegion|Basculegion, L50, M|100/100\n|turn|8\n|inactive|ryankun26 has 30 seconds left.\n|inactive|ryankun26 has 20 seconds left.\n|\n|t:|1775998481\n|switch|p2b: Gyarados|Gyarados, L50, F|99/100\n|-ability|p2b: Gyarados|Intimidate|boost\n|-unboost|p1a: Basculegion|atk|1\n|-unboost|p1b: Whimsicott|atk|1\n|move|p1b: Whimsicott|Protect|p1b: Whimsicott\n|-singleturn|p1b: Whimsicott|Protect\n|move|p2a: Talonflame|Protect|p2a: Talonflame\n|-singleturn|p2a: Talonflame|Protect\n|move|p1a: Basculegion|Flip Turn|p2a: Talonflame\n|-activate|p2a: Talonflame|move: Protect\n|\n|-heal|p2b: Gyarados|100/100|[from] item: Leftovers\n|upkeep\n|turn|9\n|\n|t:|1775998502\n|move|p1b: Whimsicott|Protect||[still]\n|-fail|p1b: Whimsicott\n|move|p2a: Talonflame|Dual Wingbeat|p1b: Whimsicott\n|-supereffective|p1b: Whimsicott|1\n|-damage|p1b: Whimsicott|61/100 par\n|-supereffective|p1b: Whimsicott|1\n|-damage|p1b: Whimsicott|24/100 par\n|-hitcount|p1b: Whimsicott|2\n|move|p1a: Basculegion|Flip Turn|p2a: Talonflame\n|-supereffective|p2a: Talonflame|1\n|-damage|p2a: Talonflame|12/100\n|\n|t:|1775998511\n|switch|p1a: Incineroar|Incineroar, L50, M|100/100|[from] Flip Turn\n|-ability|p1a: Incineroar|Intimidate|boost\n|-unboost|p2a: Talonflame|atk|1\n|-unboost|p2b: Gyarados|atk|1\n|move|p2b: Gyarados|Waterfall|p1a: Incineroar\n|-supereffective|p1a: Incineroar|1\n|-damage|p1a: Incineroar|49/100\n|-enditem|p1a: Incineroar|Sitrus Berry|[eat]\n|-heal|p1a: Incineroar|74/100|[from] item: Sitrus Berry\n|\n|-sideend|p1: iceman5687|move: Tailwind\n|upkeep\n|turn|10\n|\n|t:|1775998532\n|move|p2a: Talonflame|Protect|p2a: Talonflame\n|-singleturn|p2a: Talonflame|Protect\n|move|p2b: Gyarados|Protect|p2b: Gyarados\n|-singleturn|p2b: Gyarados|Protect\n|move|p1a: Incineroar|Fake Out|p2a: Talonflame\n|-activate|p2a: Talonflame|move: Protect\n|move|p1b: Whimsicott|Endeavor|p2b: Gyarados\n|-activate|p2b: Gyarados|move: Protect\n|\n|-sideend|p2: ryankun26|move: Tailwind\n|upkeep\n|turn|11\n|\n|t:|1775998553\n|switch|p2b: Glimmora|Glimmora-Mega, L50, M|100/100\n|move|p1b: Whimsicott|Tailwind|p1b: Whimsicott\n|-sidestart|p1: iceman5687|move: Tailwind\n|move|p2a: Talonflame|Dual Wingbeat|p1b: Whimsicott\n|-supereffective|p1b: Whimsicott|1\n|-damage|p1b: Whimsicott|0 fnt\n|faint|p1b: Whimsicott\n|-hitcount|p1: Whimsicott|1\n|move|p1a: Incineroar|Darkest Lariat|p2a: Talonflame\n|-damage|p2a: Talonflame|0 fnt\n|faint|p2a: Talonflame\n|\n|-sideend|p1: iceman5687|move: Light Screen\n|upkeep\n|\n|t:|1775998564\n|switch|p2a: Gyarados|Gyarados, L50, F|100/100\n|switch|p1b: Basculegion|Basculegion, L50, M|100/100\n|-ability|p2a: Gyarados|Intimidate|boost\n|-unboost|p1a: Incineroar|atk|1\n|-unboost|p1b: Basculegion|atk|1\n|turn|12\n|\n|t:|1775998581\n|move|p2b: Glimmora|Spiky Shield|p2b: Glimmora\n|-singleturn|p2b: Glimmora|move: Protect\n|move|p1b: Basculegion|Last Respects|p2a: Gyarados\n|-damage|p2a: Gyarados|28/100\n|move|p1a: Incineroar|Darkest Lariat|p2a: Gyarados\n|-damage|p2a: Gyarados|0 fnt\n|faint|p2a: Gyarados\n|\n|upkeep\n|turn|13\n|\n|t:|1775998599\n|move|p1b: Basculegion|Last Respects|p2b: Glimmora\n|-damage|p2b: Glimmora|31/100\n|move|p2b: Glimmora|Power Gem|p1a: Incineroar\n|-supereffective|p1a: Incineroar|1\n|-damage|p1a: Incineroar|0 fnt\n|faint|p1a: Incineroar\n|\n|upkeep\n|turn|14\n|\n|t:|1775998615\n|move|p2b: Glimmora|Spiky Shield|p2b: Glimmora\n|-singleturn|p2b: Glimmora|move: Protect\n|move|p1b: Basculegion|Last Respects|p2b: Glimmora\n|-activate|p2b: Glimmora|move: Protect\n|\n|-sideend|p1: iceman5687|move: Tailwind\n|upkeep\n|turn|15\n|\n|t:|1775998629\n|move|p1b: Basculegion|Last Respects|p2b: Glimmora\n|-damage|p2b: Glimmora|0 fnt\n|faint|p2b: Glimmora\n|\n|win|iceman5687\n|raw|iceman5687's rating: 1112 &rarr; <strong>1139</strong><br />(+27 for winning)\n|raw|ryankun26's rating: 1135 &rarr; <strong>1108</strong><br />(-27 for losing)\n",
  "uploadtime": 1775998629,
  "views": 21,
  "formatid": "gen9championsvgc2026regma",
  "rating": 1108,
  "private": 0,
  "password": null
}