{
  "id": "gen9championsvgc2026regma-2583727036",
  "format": "[Gen 9 Champions] VGC 2026 Reg M-A",
  "players": [
    "hatsune p2",
    "ClownInChampions"
  ],
  "log": "|j|\u2606hatsune p2\n|j|\u2606ClownInChampions\n|t:|1776193567\n|gametype|doubles\n|player|p1|hatsune p2|miku-fairy|\n|player|p2|ClownInChampions|clown|\n|gen|9\n|tier|[Gen 9 Champions] VGC 2026 Reg M-A\n|rated|Tournament battle\n|rule|Species Clause: Limit one of each Pok\u00e9mon\n|rule|Item Clause: Limit 1 of each item\n|raw|<div class=\"infobox\"><details class=\"readmore\" open><summary><strong>1 custom rule:</strong></summary> Force Open Team Sheets</details></div>\n|clearpoke\n|poke|p1|Crabominable, L50, F|\n|poke|p1|Farigiraf, L50, M|\n|poke|p1|Drampa, L50, F|\n|poke|p1|Araquanid, L50, F|\n|poke|p1|Rotom-Heat, L50|\n|poke|p1|Slowking-Galar, L50, M|\n|poke|p2|Incineroar, L50, M|\n|poke|p2|Aerodactyl, L50, F|\n|poke|p2|Floette-Eternal, L50, F|\n|poke|p2|Sinistcha, L50|\n|poke|p2|Tyranitar, L50, M|\n|poke|p2|Basculegion, L50, M|\n|teampreview|4\n|showteam|p1|Crabominable||Crabominite|HyperCutter|DrainPunch,IceHammer,RockSlide,Protect|||F|||50|]Farigiraf||MentalHerb|ArmorTail|Psyshock,TrickRoom,HelpingHand,LightScreen|||M|||50|]Drampa||Leftovers|CloudNine|CalmMind,DragonPulse,HeatWave,Protect|||F|||50|]Araquanid||WhiteHerb|WaterBubble|Liquidation,LeechLife,WideGuard,Protect|||F|||50|]Rotom-Heat||SitrusBerry|Levitate|VoltSwitch,Overheat,EerieImpulse,Thunderbolt||||||50|]Slowking-Galar||ColburBerry|Regenerator|ChillyReception,TrickRoom,SludgeBomb,PsychicNoise|||M|||50|\n|showteam|p2|Incineroar||SitrusBerry|Intimidate|FakeOut,FlareBlitz,DarkestLariat,PartingShot|||M|||50|]Aerodactyl||FocusSash|Unnerve|RockSlide,Taunt,Tailwind,Protect|||F|||50|]Floette-Eternal||Floettite|FlowerVeil|LightofRuin,DazzlingGleam,CalmMind,Protect|||F|||50|]Sinistcha||MentalHerb|Hospitality|MatchaGotcha,StrengthSap,RagePowder,LifeDew||||||50|]Tyranitar||Tyranitarite|SandStream|RockSlide,KnockOff,HeavySlam,Protect|||M|||50|]Basculegion||ChoiceScarf|Adaptability|LastRespects,WaveCrash,FlipTurn,AquaJet|||M|||50|\n|c|\u2606ClownInChampions|hf\n|c|\u2606hatsune p2|GLHF\n|\n|t:|1776193630\n|teamsize|p1|4\n|teamsize|p2|4\n|start\n|switch|p1a: Crabominable|Crabominable, L50, F|100/100\n|switch|p1b: Farigiraf|Farigiraf, L50, M|100/100\n|switch|p2a: Tyranitar|Tyranitar, L50, M|100/100\n|switch|p2b: Incineroar|Incineroar, L50, M|100/100\n|-weather|Sandstorm|[from] ability: Sand Stream|[of] p2a: Tyranitar\n|-ability|p2b: Incineroar|Intimidate|boost\n|-fail|p1a: Crabominable|unboost|Attack|[from] ability: Hyper Cutter|[of] p1a: Crabominable\n|-unboost|p1b: Farigiraf|atk|1\n|turn|1\n|\n|t:|1776193640\n|switch|p1b: Slowking|Slowking-Galar, L50, M|100/100\n|detailschange|p2a: Tyranitar|Tyranitar-Mega, L50, M\n|-mega|p2a: Tyranitar|Tyranitar|Tyranitarite\n|detailschange|p1a: Crabominable|Crabominable-Mega, L50, F\n|-mega|p1a: Crabominable|Crabominable|Crabominite\n|move|p2a: Tyranitar|Knock Off|p1b: Slowking\n|-supereffective|p1b: Slowking|1\n|-enditem|p1b: Slowking|Colbur Berry|[eat]\n|-enditem|p1b: Slowking|Colbur Berry|[weaken]\n|-damage|p1b: Slowking|41/100\n|move|p2b: Incineroar|Flare Blitz|p1a: Crabominable\n|-supereffective|p1a: Crabominable|1\n|-damage|p1a: Crabominable|2/100\n|-damage|p2b: Incineroar|68/100|[from] Recoil\n|move|p1a: Crabominable|Drain Punch|p2a: Tyranitar\n|-supereffective|p2a: Tyranitar|2\n|-crit|p2a: Tyranitar\n|-damage|p2a: Tyranitar|0 fnt\n|-heal|p1a: Crabominable|49/100|[from] drain|[of] p2a: Tyranitar\n|faint|p2a: Tyranitar\n|\n|-weather|Sandstorm|[upkeep]\n|-damage|p2b: Incineroar|62/100|[from] Sandstorm\n|-damage|p1a: Crabominable|43/100|[from] Sandstorm\n|-damage|p1b: Slowking|35/100|[from] Sandstorm\n|upkeep\n|\n|t:|1776193656\n|switch|p2a: Basculegion|Basculegion, L50, M|100/100\n|turn|2\n|\n|t:|1776193666\n|move|p1a: Crabominable|Protect|p1a: Crabominable\n|-singleturn|p1a: Crabominable|Protect\n|move|p2a: Basculegion|Flip Turn|p1b: Slowking\n|-damage|p1b: Slowking|0 fnt\n|faint|p1b: Slowking\n|\n|t:|1776193670\n|switch|p2a: Aerodactyl|Aerodactyl, L50, F|100/100|[from] Flip Turn\n|-ability|p2a: Aerodactyl|Unnerve\n|move|p2b: Incineroar|Flare Blitz|p1a: Crabominable\n|-activate|p1a: Crabominable|move: Protect\n|\n|-weather|Sandstorm|[upkeep]\n|-damage|p2b: Incineroar|56/100|[from] Sandstorm\n|-damage|p1a: Crabominable|37/100|[from] Sandstorm\n|upkeep\n|\n|t:|1776193677\n|switch|p1b: Farigiraf|Farigiraf, L50, M|100/100\n|turn|3\n|\n|t:|1776193691\n|move|p2a: Aerodactyl|Rock Slide|p1b: Farigiraf|[spread] p1a\n|-miss|p2a: Aerodactyl|p1b: Farigiraf\n|-crit|p1a: Crabominable\n|-damage|p1a: Crabominable|10/100\n|move|p2b: Incineroar|Darkest Lariat|p1b: Farigiraf\n|-supereffective|p1b: Farigiraf|1\n|-damage|p1b: Farigiraf|24/100\n|cant|p1a: Crabominable|flinch\n|move|p1b: Farigiraf|Trick Room|p1b: Farigiraf\n|-fieldstart|move: Trick Room|[of] p1b: Farigiraf\n|\n|-weather|Sandstorm|[upkeep]\n|-damage|p1a: Crabominable|4/100|[from] Sandstorm\n|-damage|p1b: Farigiraf|18/100|[from] Sandstorm\n|-damage|p2b: Incineroar|50/100|[from] Sandstorm\n|-enditem|p2b: Incineroar|Sitrus Berry|[eat]\n|-heal|p2b: Incineroar|75/100|[from] item: Sitrus Berry\n|upkeep\n|turn|4\n|\n|t:|1776193703\n|move|p2a: Aerodactyl|Protect|p2a: Aerodactyl\n|-singleturn|p2a: Aerodactyl|Protect\n|move|p1a: Crabominable|Drain Punch|p2b: Incineroar\n|-supereffective|p2b: Incineroar|1\n|-damage|p2b: Incineroar|0 fnt\n|-heal|p1a: Crabominable|41/100|[from] drain|[of] p2b: Incineroar\n|faint|p2b: Incineroar\n|move|p1b: Farigiraf|Psyshock|p2a: Aerodactyl\n|-activate|p2a: Aerodactyl|move: Protect\n|\n|-weather|Sandstorm|[upkeep]\n|-damage|p1a: Crabominable|35/100|[from] Sandstorm\n|-damage|p1b: Farigiraf|13/100|[from] Sandstorm\n|upkeep\n|\n|t:|1776193707\n|switch|p2b: Basculegion|Basculegion, L50, M|100/100\n|turn|5\n|\n|t:|1776193722\n|move|p1a: Crabominable|Drain Punch|p2a: Aerodactyl\n|-damage|p2a: Aerodactyl|1/100\n|-heal|p1a: Crabominable|74/100|[from] drain|[of] p2a: Aerodactyl\n|move|p1b: Farigiraf|Psyshock|p2a: Aerodactyl\n|-damage|p2a: Aerodactyl|0 fnt\n|faint|p2a: Aerodactyl\n|move|p2b: Basculegion|Wave Crash|p1a: Crabominable\n|-damage|p1a: Crabominable|8/100\n|-damage|p2b: Basculegion|78/100|[from] Recoil\n|\n|-weather|none\n|upkeep\n|turn|6\n|c|\u2606hatsune p2|gg\n|\n|t:|1776193731\n|move|p1a: Crabominable|Ice Hammer|p2b: Basculegion\n|-resisted|p2b: Basculegion|1\n|-damage|p2b: Basculegion|27/100\n|-unboost|p1a: Crabominable|spe|1\n|move|p1b: Farigiraf|Psyshock|p2b: Basculegion\n|-damage|p2b: Basculegion|0 fnt\n|faint|p2b: Basculegion\n|\n|win|hatsune p2\n|n|\u2606hatsune p2|hatsunep2\n|n|\u2606ClownInChampions|clowninchampions\n|c|\u2606ClownInChampions|gg\n",
  "uploadtime": 1776193734,
  "views": 16,
  "formatid": "gen9championsvgc2026regma",
  "rating": null,
  "private": 0,
  "password": null
}