{
  "id": "gen9championsvgc2026regma-2584681563",
  "format": "[Gen 9 Champions] VGC 2026 Reg M-A",
  "players": [
    "Log_is_ham",
    "lookout mudd"
  ],
  "log": "|j|\u2606Log_is_ham\n|j|\u2606lookout mudd\n|t:|1776276449\n|gametype|doubles\n|player|p1|Log_is_ham|266|1000\n|player|p2|lookout mudd|steven-gen6|1073\n|gen|9\n|tier|[Gen 9 Champions] VGC 2026 Reg M-A\n|rated|\n|rule|Species Clause: Limit one of each Pok\u00e9mon\n|rule|Item Clause: Limit 1 of each item\n|clearpoke\n|poke|p1|Ceruledge, L50, F|\n|poke|p1|Maushold-Four, L50|\n|poke|p1|Aerodactyl, L50, F|\n|poke|p1|Beedrill, L50, F|\n|poke|p1|Alakazam, L50, M|\n|poke|p1|Meowstic, L50, M|\n|poke|p2|Tyranitar, L50, F|\n|poke|p2|Excadrill, L50, F|\n|poke|p2|Sinistcha-Masterpiece, L50|\n|poke|p2|Alakazam, L50, M|\n|poke|p2|Camerupt, L50, M|\n|poke|p2|Primarina, L50, F|\n|teampreview|4\n|\n|t:|1776276483\n|teamsize|p1|4\n|teamsize|p2|4\n|start\n|switch|p1a: Beedrill|Beedrill, L50, F|100/100\n|switch|p1b: Maushold|Maushold-Four, L50|100/100\n|switch|p2a: Camerupt|Camerupt, L50, M|100/100\n|switch|p2b: Alakazam|Alakazam, L50, M|100/100\n|turn|1\n|\n|t:|1776276506\n|detailschange|p1a: Beedrill|Beedrill-Mega, L50, F\n|-mega|p1a: Beedrill|Beedrill|Beedrillite\n|detailschange|p2a: Camerupt|Camerupt-Mega, L50, M\n|-mega|p2a: Camerupt|Camerupt|Cameruptite\n|move|p1b: Maushold|Follow Me|p1b: Maushold\n|-singleturn|p1b: Maushold|move: Follow Me\n|move|p1a: Beedrill|U-turn|p2b: Alakazam\n|-supereffective|p2b: Alakazam|1\n|-damage|p2b: Alakazam|0 fnt\n|faint|p2b: Alakazam\n|\n|t:|1776276517\n|switch|p1a: Meowstic|Meowstic, L50, M|100/100|[from] U-turn\n|move|p2a: Camerupt|Eruption|p1b: Maushold|[spread] p1a,p1b\n|-damage|p1a: Meowstic|60/100\n|-damage|p1b: Maushold|8/100\n|-enditem|p1b: Maushold|Sitrus Berry|[eat]\n|-heal|p1b: Maushold|33/100|[from] item: Sitrus Berry\n|\n|upkeep\n|\n|t:|1776276544\n|switch|p2b: Sinistcha|Sinistcha-Masterpiece, L50|100/100\n|turn|2\n|\n|t:|1776276565\n|move|p2a: Camerupt|Protect|p2a: Camerupt\n|-singleturn|p2a: Camerupt|Protect\n|move|p1b: Maushold|Super Fang|p2a: Camerupt\n|-activate|p2a: Camerupt|move: Protect\n|move|p1a: Meowstic|Psychic|p2a: Camerupt\n|-activate|p2a: Camerupt|move: Protect\n|move|p2b: Sinistcha|Trick Room|p2b: Sinistcha\n|-fieldstart|move: Trick Room|[of] p2b: Sinistcha\n|\n|upkeep\n|turn|3\n|\n|t:|1776276579\n|move|p2a: Camerupt|Eruption|p1a: Meowstic|[spread] p1a,p1b\n|-damage|p1a: Meowstic|21/100\n|-damage|p1b: Maushold|0 fnt\n|faint|p1b: Maushold\n|move|p2b: Sinistcha|Matcha Gotcha|p1a: Meowstic\n|-damage|p1a: Meowstic|0 fnt\n|faint|p1a: Meowstic\n|\n|upkeep\n|\n|t:|1776276589\n|switch|p1a: Aerodactyl|Aerodactyl, L50, F|100/100\n|switch|p1b: Beedrill|Beedrill-Mega, L50, F|100/100\n|-ability|p1a: Aerodactyl|Unnerve\n|turn|4\n|\n|t:|1776276598\n|move|p1b: Beedrill|Protect|p1b: Beedrill\n|-singleturn|p1b: Beedrill|Protect\n|move|p2a: Camerupt|Eruption|p1a: Aerodactyl|[spread] p1a\n|-activate|p1b: Beedrill|move: Protect\n|-resisted|p1a: Aerodactyl|1\n|-damage|p1a: Aerodactyl|53/100\n|move|p2b: Sinistcha|Matcha Gotcha|p1b: Beedrill|[spread] p1a\n|-activate|p1b: Beedrill|move: Protect\n|-crit|p1a: Aerodactyl\n|-damage|p1a: Aerodactyl|0 fnt\n|faint|p1a: Aerodactyl\n|\n|upkeep\n|turn|5\n|-message|Log_is_ham forfeited.\n|\n|win|lookout mudd\n|raw|Log_is_ham's rating: 1000 &rarr; <strong>1000</strong><br />(+0 for losing)\n|raw|lookout mudd's rating: 1073 &rarr; <strong>1096</strong><br />(+23 for winning)\n|l|\u2606Log_is_ham\n|player|p1|\n",
  "uploadtime": 1776276617,
  "views": 33,
  "formatid": "gen9championsvgc2026regma",
  "rating": 1000,
  "private": 0,
  "password": null
}