{
  "id": "gen9championsvgc2026regma-2586443202",
  "format": "[Gen 9 Champions] VGC 2026 Reg M-A",
  "players": [
    "Rizalynn",
    "Romanisonfire"
  ],
  "log": "|j|\u2606Rizalynn\n|j|\u2606Romanisonfire\n|t:|1776435044\n|gametype|doubles\n|player|p1|Rizalynn|cheryl|1134\n|player|p2|Romanisonfire|1|1182\n|gen|9\n|tier|[Gen 9 Champions] VGC 2026 Reg M-A\n|rated|\n|rule|Species Clause: Limit one of each Pok\u00e9mon\n|rule|Item Clause: Limit 1 of each item\n|clearpoke\n|poke|p1|Aggron, L50, M|\n|poke|p1|Basculegion, L50, M|\n|poke|p1|Pelipper, L50, F|\n|poke|p1|Sinistcha, L50|\n|poke|p1|Incineroar, L50, M|\n|poke|p1|Dragonite, L50, M|\n|poke|p2|Snorlax, L50, F|\n|poke|p2|Sinistcha-Masterpiece, L50|\n|poke|p2|Incineroar, L50, F|\n|poke|p2|Altaria, L50, M|\n|poke|p2|Conkeldurr, L50, F|\n|poke|p2|Milotic, L50, F|\n|teampreview|4\nRizalynn rejected open team sheets.\n|inactive|Battle timer is ON: inactive players will automatically lose when time's up. (requested by Rizalynn)\n|inactive|Romanisonfire has 60 seconds left.\n|\n|t:|1776435091\n|teamsize|p1|4\n|teamsize|p2|4\n|start\n|switch|p1a: THE WALL|Aggron, L50, M|100/100\n|switch|p1b: Wolfey|Incineroar, L50, M|100/100\n|switch|p2a: Snorlax|Snorlax, L50, F|100/100\n|switch|p2b: Incineroar|Incineroar, L50, F|100/100\n|-ability|p2b: Incineroar|Intimidate|boost\n|-unboost|p1a: THE WALL|atk|1\n|-unboost|p1b: Wolfey|atk|1\n|-ability|p1b: Wolfey|Intimidate|boost\n|-unboost|p2a: Snorlax|atk|1\n|-unboost|p2b: Incineroar|atk|1\n|turn|1\n|\n|t:|1776435115\n|detailschange|p1a: THE WALL|Aggron-Mega, L50, M\n|-mega|p1a: THE WALL|Aggron|Aggronite\n|move|p2b: Incineroar|Fake Out|p1b: Wolfey\n|-damage|p1b: Wolfey|93/100\n|cant|p1b: Wolfey|flinch\n|move|p1a: THE WALL|Iron Defense|p1a: THE WALL\n|-boost|p1a: THE WALL|def|2\n|move|p2a: Snorlax|Belly Drum|p2a: Snorlax\n|-damage|p2a: Snorlax|51/100\n|-setboost|p2a: Snorlax|atk|6|[from] move: Belly Drum\n|\n|-heal|p2a: Snorlax|57/100|[from] item: Leftovers\n|upkeep\n|turn|2\n|inactive|Romanisonfire has 30 seconds left.\n|\n|t:|1776435148\n|switch|p2b: Sinistcha|Sinistcha-Masterpiece, L50|100/100\n|-heal|p2a: Snorlax|81/100|[from] ability: Hospitality|[of] p2b: Sinistcha\n|switch|p1b: Fih|Basculegion, L50, M|100/100\n|move|p2a: Snorlax|Protect|p2a: Snorlax\n|-singleturn|p2a: Snorlax|Protect\n|move|p1a: THE WALL|Body Press|p2a: Snorlax\n|-activate|p2a: Snorlax|move: Protect\n|\n|-heal|p2a: Snorlax|87/100|[from] item: Leftovers\n|upkeep\n|turn|3\n|\n|t:|1776435169\n|move|p2b: Sinistcha|Rage Powder|p2b: Sinistcha\n|-singleturn|p2b: Sinistcha|move: Rage Powder\n|move|p1b: Fih|Last Respects|p2b: Sinistcha\n|-supereffective|p2b: Sinistcha|1\n|-damage|p2b: Sinistcha|53/100\n|move|p1a: THE WALL|Iron Defense|p1a: THE WALL\n|-boost|p1a: THE WALL|def|2\n|move|p2a: Snorlax|High Horsepower|p1b: Fih\n|-damage|p1b: Fih|0 fnt\n|faint|p1b: Fih\n|\n|-heal|p2a: Snorlax|93/100|[from] item: Leftovers\n|upkeep\n|\n|t:|1776435183\n|switch|p1b: Wolfey|Incineroar, L50, M|93/100\n|-ability|p1b: Wolfey|Intimidate|boost\n|-unboost|p2a: Snorlax|atk|1\n|-unboost|p2b: Sinistcha|atk|1\n|turn|4\n|\n|t:|1776435191\n|switch|p2b: Incineroar|Incineroar, L50, F|100/100\n|-ability|p2b: Incineroar|Intimidate|boost\n|-unboost|p1a: THE WALL|atk|1\n|-unboost|p1b: Wolfey|atk|1\n|move|p2a: Snorlax|Protect|p2a: Snorlax\n|-singleturn|p2a: Snorlax|Protect\n|move|p1b: Wolfey|Flare Blitz|p2b: Incineroar\n|-resisted|p2b: Incineroar|1\n|-damage|p2b: Incineroar|83/100\n|-damage|p1b: Wolfey|88/100|[from] Recoil\n|move|p1a: THE WALL|Body Press|p2a: Snorlax\n|-activate|p2a: Snorlax|move: Protect\n|\n|-heal|p2a: Snorlax|99/100|[from] item: Leftovers\n|upkeep\n|turn|5\n|\n|t:|1776435211\n|switch|p1b: Booze|Sinistcha, L50|100/100\n|move|p2b: Incineroar|Fake Out|p1a: THE WALL\n|-resisted|p1a: THE WALL|1\n|-damage|p1a: THE WALL|99/100\n|cant|p1a: THE WALL|flinch\n|move|p2a: Snorlax|Body Slam|p1b: Booze\n|-immune|p1b: Booze\n|\n|-heal|p2a: Snorlax|100/100|[from] item: Leftovers\n|upkeep\n|turn|6\n|\n|t:|1776435225\n|switch|p2b: Sinistcha|Sinistcha-Masterpiece, L50|53/100\n|move|p2a: Snorlax|Protect|p2a: Snorlax\n|-singleturn|p2a: Snorlax|Protect\n|move|p1b: Booze|Life Dew||[still]|[spread] p1a,p1b\n|-heal|p1a: THE WALL|100/100\n|-fail|p1b: Booze|heal\n|move|p1a: THE WALL|Body Press|p2a: Snorlax\n|-activate|p2a: Snorlax|move: Protect\n|\n|upkeep\n|turn|7\n|\n|t:|1776435241\n|move|p2b: Sinistcha|Rage Powder|p2b: Sinistcha\n|-singleturn|p2b: Sinistcha|move: Rage Powder\n|move|p1b: Booze|Matcha Gotcha|p2b: Sinistcha|[spread] p2a,p2b\n|-resisted|p2b: Sinistcha|1\n|-damage|p2a: Snorlax|86/100\n|-damage|p2b: Sinistcha|42/100\n|-status|p2b: Sinistcha|brn\n|move|p1a: THE WALL|Iron Defense|p1a: THE WALL\n|-boost|p1a: THE WALL|def|2\n|move|p2a: Snorlax|High Horsepower|p1b: Booze\n|-resisted|p1b: Booze|1\n|-damage|p1b: Booze|59/100\n|\n|-heal|p2a: Snorlax|92/100|[from] item: Leftovers\n|-damage|p2b: Sinistcha|35/100 brn|[from] brn\n|upkeep\n|turn|8\n|inactive|Romanisonfire has 30 seconds left.\n|\n|t:|1776435269\n|move|p2a: Snorlax|Protect|p2a: Snorlax\n|-singleturn|p2a: Snorlax|Protect\n|move|p2b: Sinistcha|Shadow Ball|p1b: Booze\n|-supereffective|p1b: Booze|1\n|-damage|p1b: Booze|7/100\n|-enditem|p1b: Booze|Sitrus Berry|[eat]\n|-heal|p1b: Booze|32/100|[from] item: Sitrus Berry\n|move|p1b: Booze|Life Dew||[still]|[spread] p1a,p1b\n|-fail|p1a: THE WALL|heal\n|-heal|p1b: Booze|56/100\n|move|p1a: THE WALL|Heavy Slam|p2b: Sinistcha\n|-damage|p2b: Sinistcha|8/100 brn\n|\n|-heal|p2a: Snorlax|98/100|[from] item: Leftovers\n|-damage|p2b: Sinistcha|2/100 brn|[from] brn\n|upkeep\n|turn|9\n|inactive|Romanisonfire has 30 seconds left.\n|\n|t:|1776435302\n|switch|p1b: Wolfey|Incineroar, L50, M|88/100\n|-ability|p1b: Wolfey|Intimidate|boost\n|-unboost|p2a: Snorlax|atk|1\n|-unboost|p2b: Sinistcha|atk|1\n|move|p1a: THE WALL|Body Press|p2a: Snorlax\n|-supereffective|p2a: Snorlax|1\n|-damage|p2a: Snorlax|0 fnt\n|faint|p2a: Snorlax\n|move|p2b: Sinistcha|Trick Room|p2b: Sinistcha\n|-fieldstart|move: Trick Room|[of] p2b: Sinistcha\n|\n|-damage|p2b: Sinistcha|0 fnt|[from] brn\n|faint|p2b: Sinistcha\n|upkeep\n|\n|t:|1776435315\n|switch|p2a: Milotic|Milotic, L50, F|100/100\n|switch|p2b: Incineroar|Incineroar, L50, F|83/100\n|-ability|p2b: Incineroar|Intimidate|boost\n|-unboost|p1a: THE WALL|atk|1\n|-unboost|p1b: Wolfey|atk|1\n|turn|10\n|\n|t:|1776435327\n|move|p1a: THE WALL|Protect|p1a: THE WALL\n|-singleturn|p1a: THE WALL|Protect\n|move|p1b: Wolfey|Fake Out|p2a: Milotic\n|-damage|p2a: Milotic|92/100\n|move|p2b: Incineroar|Fake Out|p1a: THE WALL\n|-activate|p1a: THE WALL|move: Protect\n|cant|p2a: Milotic|flinch\n|\n|upkeep\n|turn|11\n|inactive|Romanisonfire has 30 seconds left.\n|\n|t:|1776435355\n|move|p1a: THE WALL|Body Press|p2a: Milotic\n|-damage|p2a: Milotic|0 fnt\n|faint|p2a: Milotic\n|move|p1b: Wolfey|Taunt|p2b: Incineroar\n|-start|p2b: Incineroar|move: Taunt\n|move|p2b: Incineroar|Darkest Lariat|p1a: THE WALL\n|-damage|p1a: THE WALL|80/100\n|\n|upkeep\n|turn|12\n|-message|Romanisonfire forfeited.\n|\n|win|Rizalynn\n|raw|Rizalynn's rating: 1134 &rarr; <strong>1162</strong><br />(+28 for winning)\n|raw|Romanisonfire's rating: 1182 &rarr; <strong>1154</strong><br />(-28 for losing)\n|l|\u2606Romanisonfire\n|player|p2|\n",
  "uploadtime": 1776435376,
  "views": 25,
  "formatid": "gen9championsvgc2026regma",
  "rating": 1154,
  "private": 0,
  "password": null
}