{
  "id": "gen9championsvgc2026regma-2585857387",
  "format": "[Gen 9 Champions] VGC 2026 Reg M-A",
  "players": [
    "Jerry Judewong",
    "Pasmar"
  ],
  "log": "|j|\u2606Jerry Judewong\n|j|\u2606Pasmar\n|t:|1776375993\n|gametype|doubles\n|player|p1|Jerry Judewong|hilbert|1188\n|player|p2|Pasmar|265|1215\n|gen|9\n|tier|[Gen 9 Champions] VGC 2026 Reg M-A\n|rated|\n|rule|Species Clause: Limit one of each Pok\u00e9mon\n|rule|Item Clause: Limit 1 of each item\n|clearpoke\n|poke|p1|Hydrapple, L50, M|\n|poke|p1|Dragapult, L50, M|\n|poke|p1|Incineroar, L50, F|\n|poke|p1|Kommo-o, L50, M|\n|poke|p1|Sinistcha, L50|\n|poke|p1|Chimecho, L50, M|\n|poke|p2|Blastoise, L50, M|\n|poke|p2|Sneasler, L50, F|\n|poke|p2|Sinistcha-Masterpiece, L50|\n|poke|p2|Garchomp, L50, F|\n|poke|p2|Incineroar, L50, M|\n|poke|p2|Talonflame, L50, F|\n|teampreview|4\n|inactive|Battle timer is ON: inactive players will automatically lose when time's up. (requested by Pasmar)\n|inactive|Jerry Judewong has 60 seconds left.\n|\n|t:|1776376031\n|teamsize|p1|4\n|teamsize|p2|4\n|start\n|switch|p1a: Sinistcha|Sinistcha, L50|100/100\n|switch|p1b: Chimecho|Chimecho, L50, M|100/100\n|switch|p2a: Talonflame|Talonflame, L50, F|100/100\n|switch|p2b: Blastoise|Blastoise, L50, M|100/100\n|turn|1\n|\n|t:|1776376053\n|detailschange|p2b: Blastoise|Blastoise-Mega, L50, M\n|-mega|p2b: Blastoise|Blastoise|Blastoisinite\n|detailschange|p1b: Chimecho|Chimecho-Mega, L50, M\n|-mega|p1b: Chimecho|Chimecho|Chimechite\n|move|p2b: Blastoise|Protect|p2b: Blastoise\n|-singleturn|p2b: Blastoise|Protect\n|move|p2a: Talonflame|Dual Wingbeat|p1a: Sinistcha\n|-supereffective|p1a: Sinistcha|1\n|-damage|p1a: Sinistcha|67/100\n|-supereffective|p1a: Sinistcha|1\n|-damage|p1a: Sinistcha|32/100\n|-hitcount|p1a: Sinistcha|2\n|move|p1b: Chimecho|Calm Mind|p1b: Chimecho\n|-boost|p1b: Chimecho|spa|1\n|-boost|p1b: Chimecho|spd|1\n|move|p1a: Sinistcha|Trick Room|p1a: Sinistcha\n|-fieldstart|move: Trick Room|[of] p1a: Sinistcha\n|\n|upkeep\n|turn|2\n|inactive|Pasmar has 30 seconds left.\n|inactive|Pasmar has 20 seconds left.\n|\n|t:|1776376090\n|switch|p1a: Incineroar|Incineroar, L50, F|100/100\n|-ability|p1a: Incineroar|Intimidate|boost\n|-unboost|p2a: Talonflame|atk|1\n|-unboost|p2b: Blastoise|atk|1\n|switch|p2b: Sinistcha|Sinistcha-Masterpiece, L50|100/100\n|move|p2a: Talonflame|Dual Wingbeat|p1a: Incineroar\n|-damage|p1a: Incineroar|91/100\n|-damage|p1a: Incineroar|82/100\n|-hitcount|p1a: Incineroar|2\n|move|p1b: Chimecho|Psychic|p2b: Sinistcha\n|-damage|p2b: Sinistcha|23/100\n|-enditem|p2b: Sinistcha|Sitrus Berry|[eat]\n|-heal|p2b: Sinistcha|48/100|[from] item: Sitrus Berry\n|\n|upkeep\n|turn|3\n|inactive|Jerry Judewong has 30 seconds left.\n|\n|t:|1776376115\n|move|p1a: Incineroar|Fake Out|p2a: Talonflame\n|-crit|p2a: Talonflame\n|-damage|p2a: Talonflame|76/100\n|cant|p2a: Talonflame|flinch\n|move|p1b: Chimecho|Psychic|p2b: Sinistcha\n|-damage|p2b: Sinistcha|0 fnt\n|faint|p2b: Sinistcha\n|\n|upkeep\n|\n|t:|1776376127\n|switch|p2b: Sneasler|Sneasler, L50, F|100/100\n|turn|4\n|\n|t:|1776376146\n|move|p1b: Chimecho|Protect|p1b: Chimecho\n|-singleturn|p1b: Chimecho|Protect\n|move|p2b: Sneasler|Fake Out|p1b: Chimecho\n|-activate|p1b: Chimecho|move: Protect\n|move|p1a: Incineroar|Parting Shot|p2a: Talonflame\n|-unboost|p2a: Talonflame|atk|1\n|-unboost|p2a: Talonflame|spa|1\n|\n|t:|1776376155\n|switch|p1a: Sinistcha|Sinistcha, L50|32/100|[from] Parting Shot\n|move|p2a: Talonflame|Dual Wingbeat|p1a: Sinistcha\n|-supereffective|p1a: Sinistcha|1\n|-damage|p1a: Sinistcha|15/100\n|-supereffective|p1a: Sinistcha|1\n|-damage|p1a: Sinistcha|0 fnt\n|faint|p1a: Sinistcha\n|-hitcount|p1: Sinistcha|2\n|\n|upkeep\n|\n|t:|1776376168\n|switch|p1a: Kommo-o|Kommo-o, L50, M|100/100\n|turn|5\n|\n|t:|1776376181\n|move|p2b: Sneasler|Protect|p2b: Sneasler\n|-singleturn|p2b: Sneasler|Protect\n|move|p1b: Chimecho|Psychic|p2b: Sneasler\n|-activate|p2b: Sneasler|move: Protect\n|move|p1a: Kommo-o|Clangorous Soul|p1a: Kommo-o\n|-boost|p1a: Kommo-o|atk|1\n|-boost|p1a: Kommo-o|def|1\n|-boost|p1a: Kommo-o|spa|1\n|-boost|p1a: Kommo-o|spd|1\n|-boost|p1a: Kommo-o|spe|1\n|-damage|p1a: Kommo-o|68/100\n|move|p2a: Talonflame|Tailwind|p2a: Talonflame\n|-sidestart|p2: Pasmar|move: Tailwind\n|\n|-fieldend|move: Trick Room\n|upkeep\n|turn|6\n|\n|t:|1776376200\n|switch|p2a: Blastoise|Blastoise-Mega, L50, M|100/100\n|switch|p1b: Incineroar|Incineroar, L50, F|82/100\n|-ability|p1b: Incineroar|Intimidate|boost\n|-unboost|p2a: Blastoise|atk|1\n|-unboost|p2b: Sneasler|atk|1\n|-enditem|p2b: Sneasler|White Herb\n|-clearnegativeboost|p2b: Sneasler|[silent]\n|move|p1a: Kommo-o|Protect|p1a: Kommo-o\n|-singleturn|p1a: Kommo-o|Protect\n|move|p2b: Sneasler|Dire Claw|p1b: Incineroar\n|-damage|p1b: Incineroar|48/100\n|-status|p1b: Incineroar|par\n|-enditem|p1b: Incineroar|Sitrus Berry|[eat]\n|-heal|p1b: Incineroar|72/100 par|[from] item: Sitrus Berry\n|\n|upkeep\n|turn|7\n|inactive|Jerry Judewong has 30 seconds left.\n|inactive|Pasmar has 30 seconds left.\n|\n|t:|1776376229\n|move|p2a: Blastoise|Protect|p2a: Blastoise\n|-singleturn|p2a: Blastoise|Protect\n|move|p1b: Incineroar|Fake Out|p2b: Sneasler\n|-damage|p2b: Sneasler|81/100\n|cant|p2b: Sneasler|flinch\n|move|p1a: Kommo-o|Clanging Scales|p2b: Sneasler|[spread] p2b\n|-activate|p2a: Blastoise|move: Protect\n|-damage|p2b: Sneasler|0 fnt\n|faint|p2b: Sneasler\n|-unboost|p1a: Kommo-o|def|1\n|\n|upkeep\n|\n|t:|1776376240\n|switch|p2b: Talonflame|Talonflame, L50, F|76/100\n|turn|8\n|\n|t:|1776376256\n|move|p1a: Kommo-o|Protect|p1a: Kommo-o\n|-singleturn|p1a: Kommo-o|Protect\n|move|p2b: Talonflame|Rain Dance|p2b: Talonflame\n|-weather|RainDance\n|move|p2a: Blastoise|Water Spout|p1a: Kommo-o|[spread] p1b\n|-activate|p1a: Kommo-o|move: Protect\n|-supereffective|p1b: Incineroar|1\n|-crit|p1b: Incineroar\n|-damage|p1b: Incineroar|0 fnt\n|faint|p1b: Incineroar\n|\n|-weather|RainDance|[upkeep]\n|-sideend|p2: Pasmar|move: Tailwind\n|upkeep\n|\n|t:|1776376268\n|switch|p1b: Chimecho|Chimecho-Mega, L50, M|100/100\n|turn|9\n|\n|t:|1776376279\n|move|p1a: Kommo-o|Clanging Scales|p2a: Blastoise|[spread] p2a,p2b\n|-damage|p2a: Blastoise|38/100\n|-damage|p2b: Talonflame|0 fnt\n|faint|p2b: Talonflame\n|-unboost|p1a: Kommo-o|def|1\n|move|p2a: Blastoise|Water Spout|p1a: Kommo-o|[spread] p1a,p1b\n|-resisted|p1a: Kommo-o|1\n|-damage|p1a: Kommo-o|56/100\n|-damage|p1b: Chimecho|72/100\n|move|p1b: Chimecho|Calm Mind|p1b: Chimecho\n|-boost|p1b: Chimecho|spa|1\n|-boost|p1b: Chimecho|spd|1\n|\n|-weather|RainDance|[upkeep]\n|upkeep\n|turn|10\n|-message|Pasmar forfeited.\n|\n|win|Jerry Judewong\n|raw|Jerry Judewong's rating: 1188 &rarr; <strong>1215</strong><br />(+27 for winning)\n|raw|Pasmar's rating: 1215 &rarr; <strong>1188</strong><br />(-27 for losing)\n|l|\u2606Pasmar\n|player|p2|\n",
  "uploadtime": 1776376296,
  "views": 16,
  "formatid": "gen9championsvgc2026regma",
  "rating": 1188,
  "private": 0,
  "password": null
}