{
  "id": "gen9championsvgc2026regma-2582037052",
  "format": "[Gen 9 Champions] VGC 2026 Reg M-A",
  "players": [
    "Kamusito98",
    "BlazeForte"
  ],
  "log": "|j|\u2606Kamusito98\n|j|\u2606BlazeForte\n|t:|1776050657\n|gametype|doubles\n|player|p1|Kamusito98|2|1027\n|player|p2|BlazeForte|169|1045\n|gen|9\n|tier|[Gen 9 Champions] VGC 2026 Reg M-A\n|rated|\n|rule|Species Clause: Limit one of each Pok\u00e9mon\n|rule|Item Clause: Limit 1 of each item\n|clearpoke\n|poke|p1|Golurk, L50|\n|poke|p1|Sinistcha, L50|\n|poke|p1|Farigiraf, L50, F|\n|poke|p1|Tyranitar, L50, M|\n|poke|p1|Primarina, L50, F|\n|poke|p1|Conkeldurr, L50, F|\n|poke|p2|Tyranitar, L50, F|\n|poke|p2|Excadrill, L50, M|\n|poke|p2|Incineroar, L50, M|\n|poke|p2|Meowscarada, L50, M|\n|poke|p2|Starmie, L50|\n|poke|p2|Skarmory, L50, F|\n|teampreview|4\n|\n|t:|1776050689\n|teamsize|p1|4\n|teamsize|p2|4\n|start\n|switch|p1a: Farigiraf|Farigiraf, L50, F|100/100\n|switch|p1b: Conkeldurr|Conkeldurr, L50, F|100/100\n|switch|p2a: Gojira|Tyranitar, L50, F|100/100\n|switch|p2b: Shadowcat|Incineroar, L50, M|100/100\n|-weather|Sandstorm|[from] ability: Sand Stream|[of] p2a: Gojira\n|-ability|p2b: Shadowcat|Intimidate|boost\n|-unboost|p1a: Farigiraf|atk|1\n|-unboost|p1b: Conkeldurr|atk|1\n|turn|1\n|\n|t:|1776050727\n|switch|p2a: Corvi-lite|Skarmory, L50, F|100/100\n|move|p1a: Farigiraf|Protect|p1a: Farigiraf\n|-singleturn|p1a: Farigiraf|Protect\n|move|p2b: Shadowcat|Darkest Lariat|p1a: Farigiraf\n|-activate|p1a: Farigiraf|move: Protect\n|move|p1b: Conkeldurr|Drain Punch|p2b: Shadowcat\n|-supereffective|p2b: Shadowcat|1\n|-damage|p2b: Shadowcat|23/100\n|-enditem|p2b: Shadowcat|Sitrus Berry|[eat]\n|-heal|p2b: Shadowcat|48/100|[from] item: Sitrus Berry\n|\n|-weather|Sandstorm|[upkeep]\n|-damage|p2b: Shadowcat|42/100|[from] Sandstorm\n|-damage|p1a: Farigiraf|95/100|[from] Sandstorm\n|-damage|p1b: Conkeldurr|94/100|[from] Sandstorm\n|upkeep\n|turn|2\n|\n|t:|1776050754\n|move|p2a: Corvi-lite|Tailwind|p2a: Corvi-lite\n|-sidestart|p2: BlazeForte|move: Tailwind\n|move|p2b: Shadowcat|Darkest Lariat|p1a: Farigiraf\n|-supereffective|p1a: Farigiraf|1\n|-damage|p1a: Farigiraf|36/100\n|move|p1b: Conkeldurr|Drain Punch|p2b: Shadowcat\n|-supereffective|p2b: Shadowcat|1\n|-damage|p2b: Shadowcat|0 fnt\n|-heal|p1b: Conkeldurr|100/100|[from] drain|[of] p2b: Shadowcat\n|faint|p2b: Shadowcat\n|move|p1a: Farigiraf|Trick Room|p1a: Farigiraf\n|-fieldstart|move: Trick Room|[of] p1a: Farigiraf\n|\n|-weather|Sandstorm|[upkeep]\n|-damage|p1b: Conkeldurr|94/100|[from] Sandstorm\n|-damage|p1a: Farigiraf|30/100|[from] Sandstorm\n|upkeep\n|\n|t:|1776050767\n|switch|p2b: Gojira|Tyranitar, L50, F|100/100\n|turn|3\n|\n|t:|1776050799\n|move|p2b: Gojira|Protect|p2b: Gojira\n|-singleturn|p2b: Gojira|Protect\n|move|p1b: Conkeldurr|Thunder Punch|p2a: Corvi-lite\n|-supereffective|p2a: Corvi-lite|1\n|-crit|p2a: Corvi-lite\n|-damage|p2a: Corvi-lite|20/100\n|move|p1a: Farigiraf|Hyper Voice|p2b: Gojira|[spread] p2a\n|-activate|p2b: Gojira|move: Protect\n|-resisted|p2a: Corvi-lite|1\n|-damage|p2a: Corvi-lite|1/100\n|move|p2a: Corvi-lite|Brave Bird|p1b: Conkeldurr\n|-supereffective|p1b: Conkeldurr|1\n|-damage|p1b: Conkeldurr|29/100\n|-damage|p2a: Corvi-lite|0 fnt|[from] Recoil\n|faint|p2a: Corvi-lite\n|\n|-weather|Sandstorm|[upkeep]\n|-damage|p1b: Conkeldurr|22/100|[from] Sandstorm\n|-damage|p1a: Farigiraf|24/100|[from] Sandstorm\n|upkeep\n|c|\u2606BlazeForte|ouch\n|\n|t:|1776050815\n|switch|p2a: Earthshaker|Excadrill, L50, M|100/100\n|turn|4\n|l|\u2606Kamusito98\n|player|p1|\n|inactive|Battle timer is ON: inactive players will automatically lose when time's up. (requested by BlazeForte)\n|j|\u2606Kamusito98\n|inactive|Kamusito98 reconnected and has 70 seconds left.\n|player|p1|Kamusito98|2|\n|inactive|Kamusito98 has 60 seconds left.\n|\n|t:|1776050902\n|detailschange|p2b: Gojira|Tyranitar-Mega, L50, F\n|-mega|p2b: Gojira|Tyranitar|Tyranitarite\n|move|p2a: Earthshaker|Protect|p2a: Earthshaker\n|-singleturn|p2a: Earthshaker|Protect\n|move|p1b: Conkeldurr|Drain Punch|p2b: Gojira\n|-supereffective|p2b: Gojira|2\n|-damage|p2b: Gojira|0 fnt\n|-heal|p1b: Conkeldurr|71/100|[from] drain|[of] p2b: Gojira\n|faint|p2b: Gojira\n|move|p1a: Farigiraf|Foul Play|p2a: Earthshaker\n|-activate|p2a: Earthshaker|move: Protect\n|\n|-weather|Sandstorm|[upkeep]\n|-damage|p1b: Conkeldurr|65/100|[from] Sandstorm\n|-damage|p1a: Farigiraf|19/100|[from] Sandstorm\n|upkeep\n|turn|5\n|inactive|BlazeForte has 30 seconds left.\n|-message|BlazeForte forfeited.\n|\n|win|Kamusito98\n|raw|Kamusito98's rating: 1027 &rarr; <strong>1065</strong><br />(+38 for winning)\n|raw|BlazeForte's rating: 1045 &rarr; <strong>1027</strong><br />(-18 for losing)\n|l|\u2606BlazeForte\n|player|p2|\n",
  "uploadtime": 1776050939,
  "views": 9,
  "formatid": "gen9championsvgc2026regma",
  "rating": 1027,
  "private": 0,
  "password": null
}