{
  "id": "gen9championsvgc2026regma-2582689047",
  "format": "[Gen 9 Champions] VGC 2026 Reg M-A",
  "players": [
    "prstn1025",
    "totorotrainer10"
  ],
  "log": "|j|\u2606prstn1025\n|j|\u2606totorotrainer10\n|t:|1776107425\n|gametype|doubles\n|player|p1|prstn1025|101|1046\n|player|p2|totorotrainer10|1|1143\n|gen|9\n|tier|[Gen 9 Champions] VGC 2026 Reg M-A\n|rated|\n|rule|Species Clause: Limit one of each Pok\u00e9mon\n|rule|Item Clause: Limit 1 of each item\n|clearpoke\n|poke|p1|Arcanine, L50, M|\n|poke|p1|Dragapult, L50, F|\n|poke|p1|Gallade, L50, M|\n|poke|p1|Gardevoir, L50, F|\n|poke|p1|Drampa, L50, F|\n|poke|p1|Aerodactyl, L50, M|\n|poke|p2|Sneasler, L50, F|\n|poke|p2|Whimsicott, L50, F|\n|poke|p2|Rotom-Wash, L50|\n|poke|p2|Incineroar, L50, M|\n|poke|p2|Dragonite, L50, M|\n|poke|p2|Corviknight, L50, F|\n|teampreview|4\n|\n|t:|1776107465\n|teamsize|p1|4\n|teamsize|p2|4\n|start\n|switch|p1a: Arcanine|Arcanine, L50, M|100/100\n|switch|p1b: Dragapult|Dragapult, L50, F|100/100\n|switch|p2a: Corviknight|Corviknight, L50, F|100/100\n|switch|p2b: Incineroar|Incineroar, L50, M|100/100\n|-ability|p1a: Arcanine|Intimidate|boost\n|-ability|p2a: Corviknight|Mirror Armor\n|-unboost|p1a: Arcanine|atk|1\n|-unboost|p2b: Incineroar|atk|1\n|-ability|p2b: Incineroar|Intimidate|boost\n|-unboost|p1a: Arcanine|atk|1\n|-fail|p1b: Dragapult|unboost|[from] ability: Clear Body|[of] p1b: Dragapult\n|turn|1\n|\n|t:|1776107493\n|switch|p1a: Aerodactyl|Aerodactyl, L50, M|100/100\n|-ability|p1a: Aerodactyl|Unnerve\n|move|p2b: Incineroar|Fake Out|p1a: Aerodactyl\n|-resisted|p1a: Aerodactyl|1\n|-damage|p1a: Aerodactyl|95/100\n|move|p1b: Dragapult|Will-O-Wisp|p2a: Corviknight|[miss]\n|-miss|p1b: Dragapult|p2a: Corviknight\n|move|p2a: Corviknight|Bulk Up|p2a: Corviknight\n|-boost|p2a: Corviknight|atk|1\n|-boost|p2a: Corviknight|def|1\n|\n|upkeep\n|turn|2\n|\n|t:|1776107511\n|move|p2a: Corviknight|Protect|p2a: Corviknight\n|-singleturn|p2a: Corviknight|Protect\n|move|p1b: Dragapult|Will-O-Wisp|p2a: Corviknight\n|-activate|p2a: Corviknight|move: Protect\n|move|p1a: Aerodactyl|Rock Slide|p2a: Corviknight|[spread] \n|-activate|p2a: Corviknight|move: Protect\n|-miss|p1a: Aerodactyl|p2b: Incineroar\n|move|p2b: Incineroar|Throat Chop|p1b: Dragapult\n|-supereffective|p1b: Dragapult|1\n|-damage|p1b: Dragapult|38/100\n|-start|p1b: Dragapult|Throat Chop|[silent]\n|\n|-heal|p1b: Dragapult|44/100|[from] item: Leftovers\n|upkeep\n|turn|3\n|\n|t:|1776107537\n|switch|p1b: Arcanine|Arcanine, L50, M|100/100\n|-ability|p1b: Arcanine|Intimidate|boost\n|-ability|p2a: Corviknight|Mirror Armor\n|-unboost|p1b: Arcanine|atk|1\n|-unboost|p2b: Incineroar|atk|1\n|move|p1a: Aerodactyl|Rock Slide|p2a: Corviknight|[spread] p2b\n|-miss|p1a: Aerodactyl|p2a: Corviknight\n|-supereffective|p2b: Incineroar|1\n|-damage|p2b: Incineroar|58/100\n|move|p2a: Corviknight|Body Press|p1a: Aerodactyl\n|-damage|p1a: Aerodactyl|39/100\n|cant|p2b: Incineroar|flinch\n|\n|upkeep\n|turn|4\n|\n|t:|1776107558\n|move|p1a: Aerodactyl|Rock Slide|p2b: Incineroar|[spread] p2b\n|-miss|p1a: Aerodactyl|p2a: Corviknight\n|-supereffective|p2b: Incineroar|1\n|-damage|p2b: Incineroar|15/100\n|move|p1b: Arcanine|Will-O-Wisp|p2a: Corviknight|[miss]\n|-miss|p1b: Arcanine|p2a: Corviknight\n|move|p2a: Corviknight|Bulk Up|p2a: Corviknight\n|-boost|p2a: Corviknight|atk|1\n|-boost|p2a: Corviknight|def|1\n|move|p2b: Incineroar|Parting Shot|p1a: Aerodactyl\n|-unboost|p1a: Aerodactyl|atk|1\n|-unboost|p1a: Aerodactyl|spa|1\n|\n|t:|1776107572\n|switch|p2b: Rotom|Rotom-Wash, L50|100/100|[from] Parting Shot\n|\n|upkeep\n|turn|5\n|\n|t:|1776107592\n|move|p1b: Arcanine|Protect|p1b: Arcanine\n|-singleturn|p1b: Arcanine|Protect\n|move|p2a: Corviknight|Protect|p2a: Corviknight\n|-singleturn|p2a: Corviknight|Protect\n|move|p1a: Aerodactyl|Rock Slide|p2a: Corviknight|[spread] p2b\n|-activate|p2a: Corviknight|move: Protect\n|-crit|p2b: Rotom\n|-damage|p2b: Rotom|62/100\n|move|p2b: Rotom|Thunderbolt|p1a: Aerodactyl\n|-supereffective|p1a: Aerodactyl|1\n|-damage|p1a: Aerodactyl|0 fnt\n|faint|p1a: Aerodactyl\n|\n|-heal|p2b: Rotom|68/100|[from] item: Leftovers\n|upkeep\n|\n|t:|1776107606\n|switch|p1a: Dragapult|Dragapult, L50, F|44/100\n|turn|6\n|\n|t:|1776107625\n|move|p1a: Dragapult|Beat Up|p1b: Arcanine\n|-damage|p1b: Arcanine|95/100\n|-damage|p1b: Arcanine|90/100\n|-damage|p1b: Arcanine|87/100\n|-hitcount|p1b: Arcanine|3\n|move|p1b: Arcanine|Flare Blitz|p2a: Corviknight\n|-supereffective|p2a: Corviknight|1\n|-damage|p2a: Corviknight|74/100\n|-damage|p1b: Arcanine|78/100|[from] Recoil\n|move|p2b: Rotom|Hydro Pump|p1b: Arcanine\n|-supereffective|p1b: Arcanine|1\n|-damage|p1b: Arcanine|0 fnt\n|faint|p1b: Arcanine\n|move|p2a: Corviknight|Iron Head|p1a: Dragapult\n|-damage|p1a: Dragapult|0 fnt\n|faint|p1a: Dragapult\n|\n|-heal|p2b: Rotom|73/100|[from] item: Leftovers\n|upkeep\n|-message|prstn1025 forfeited.\n|\n|win|totorotrainer10\n|raw|prstn1025's rating: 1046 &rarr; <strong>1034</strong><br />(-12 for losing)\n|raw|totorotrainer10's rating: 1143 &rarr; <strong>1161</strong><br />(+18 for winning)\n|l|\u2606prstn1025\n|player|p1|\n",
  "uploadtime": 1776107646,
  "views": 13,
  "formatid": "gen9championsvgc2026regma",
  "rating": 1034,
  "private": 0,
  "password": null
}