{
  "id": "gen9championsvgc2026regma-2581493449",
  "format": "[Gen 9 Champions] VGC 2026 Reg M-A",
  "players": [
    "meepacman",
    "1357dunsparce"
  ],
  "log": "|j|\u2606meepacman\n|j|\u26061357dunsparce\n|t:|1776005543\n|gametype|doubles\n|player|p1|meepacman|265|1402\n|player|p2|1357dunsparce|nate|1325\n|gen|9\n|tier|[Gen 9 Champions] VGC 2026 Reg M-A\n|rated|\n|rule|Species Clause: Limit one of each Pok\u00e9mon\n|rule|Item Clause: Limit 1 of each item\n|clearpoke\n|poke|p1|Tyranitar, L50, F|\n|poke|p1|Kommo-o, L50, M|\n|poke|p1|Sableye, L50, M|\n|poke|p1|Sinistcha, L50|\n|poke|p1|Chimecho, L50, F|\n|poke|p1|Sneasler, L50, F|\n|poke|p2|Floette-Eternal, L50, F|\n|poke|p2|Garchomp, L50, F|\n|poke|p2|Aerodactyl, L50, M|\n|poke|p2|Incineroar, L50, M|\n|poke|p2|Sneasler, L50, M|\n|poke|p2|Basculegion, L50, M|\n|teampreview|4\n|\n|t:|1776005577\n|teamsize|p1|4\n|teamsize|p2|4\n|start\n|switch|p1a: Chimecho|Chimecho, L50, F, shiny|100/100\n|switch|p1b: Sableye|Sableye, L50, M|100/100\n|switch|p2a: Incineroar|Incineroar, L50, M|100/100\n|switch|p2b: Floette|Floette-Eternal, L50, F|100/100\n|-ability|p2a: Incineroar|Intimidate|boost\n|-unboost|p1a: Chimecho|atk|1\n|-unboost|p1b: Sableye|atk|1\n|turn|1\n|\n|t:|1776005598\n|switch|p1a: Sneasler|Sneasler, L50, F|100/100\n|detailschange|p2b: Floette|Floette-Mega, L50, F\n|-mega|p2b: Floette|Floette|Floettite\n|-ability|p2b: Floette|Fairy Aura\n|move|p2a: Incineroar|Fake Out|p1a: Sneasler\n|-crit|p1a: Sneasler\n|-damage|p1a: Sneasler|69/100\n|move|p1b: Sableye|Light Screen|p1b: Sableye\n|-sidestart|p1: meepacman|move: Light Screen\n|move|p2b: Floette|Dazzling Gleam|p1b: Sableye|[spread] p1a,p1b\n|-supereffective|p1b: Sableye|1\n|-enditem|p1b: Sableye|Roseli Berry|[eat]\n|-enditem|p1b: Sableye|Roseli Berry|[weaken]\n|-damage|p1a: Sneasler|26/100\n|-damage|p1b: Sableye|69/100\n|\n|upkeep\n|turn|2\n|j| Kozakmh\n|\n|t:|1776005623\n|switch|p2b: Garchomp|Garchomp, L50, F|100/100\n|switch|p2a: Basculegion|Basculegion, L50, M|100/100\n|switch|p1b: Sinistcha|Sinistcha, L50, shiny|100/100\n|-heal|p1a: Sneasler|51/100|[from] ability: Hospitality|[of] p1b: Sinistcha\n|move|p1a: Sneasler|Close Combat|p2a: Basculegion\n|-immune|p2a: Basculegion\n|\n|upkeep\n|turn|3\n|\n|t:|1776005651\n|switch|p1a: Chimecho|Chimecho, L50, F, shiny|100/100\n|move|p2a: Basculegion|Last Respects|p1b: Sinistcha\n|-supereffective|p1b: Sinistcha|1\n|-damage|p1b: Sinistcha|53/100\n|move|p2b: Garchomp|Stomping Tantrum|p1a: Chimecho\n|-immune|p1a: Chimecho|[from] ability: Levitate\n|move|p1b: Sinistcha|Matcha Gotcha|p2a: Basculegion|[spread] p2a,p2b\n|-supereffective|p2a: Basculegion|1\n|-damage|p2a: Basculegion|42/100\n|-heal|p1b: Sinistcha|85/100|[from] drain|[of] p2a: Basculegion\n|-damage|p2b: Garchomp|74/100\n|-heal|p1b: Sinistcha|99/100|[from] drain|[of] p2b: Garchomp\n|\n|upkeep\n|turn|4\n|\n|t:|1776005672\n|switch|p2a: Incineroar|Incineroar, L50, M|100/100\n|-ability|p2a: Incineroar|Intimidate|boost\n|-unboost|p1a: Chimecho|atk|1\n|-unboost|p1b: Sinistcha|atk|1\n|switch|p2b: Floette|Floette-Mega, L50, F|100/100\n|-ability|p2b: Floette|Fairy Aura\n|detailschange|p1a: Chimecho|Chimecho-Mega, L50, F, shiny\n|-mega|p1a: Chimecho|Chimecho|Chimechite\n|move|p1b: Sinistcha|Matcha Gotcha|p2b: Floette|[spread] p2a,p2b\n|-resisted|p2a: Incineroar|1\n|-damage|p2a: Incineroar|90/100\n|-heal|p1b: Sinistcha|100/100|[from] drain|[of] p2a: Incineroar\n|-damage|p2b: Floette|82/100\n|move|p1a: Chimecho|Boomburst|p2a: Incineroar|[spread] p2a,p2b\n|-immune|p1b: Sinistcha\n|-crit|p2a: Incineroar\n|-damage|p2a: Incineroar|37/100\n|-damage|p2b: Floette|47/100\n|-enditem|p2a: Incineroar|Sitrus Berry|[eat]\n|-heal|p2a: Incineroar|62/100|[from] item: Sitrus Berry\n|\n|upkeep\n|turn|5\n|\n|t:|1776005702\n|move|p1b: Sinistcha|Rage Powder|p1b: Sinistcha\n|-singleturn|p1b: Sinistcha|move: Rage Powder\n|move|p2b: Floette|Moonblast|p1b: Sinistcha\n|-damage|p1b: Sinistcha|39/100\n|-enditem|p1b: Sinistcha|Sitrus Berry|[eat]\n|-heal|p1b: Sinistcha|64/100|[from] item: Sitrus Berry\n|move|p1a: Chimecho|Flash Cannon|p2b: Floette\n|-supereffective|p2b: Floette|1\n|-crit|p2b: Floette\n|-damage|p2b: Floette|0 fnt\n|faint|p2b: Floette\n|move|p2a: Incineroar|Darkest Lariat|p1b: Sinistcha\n|-supereffective|p1b: Sinistcha|1\n|-damage|p1b: Sinistcha|7/100\n|\n|-sideend|p1: meepacman|move: Light Screen\n|upkeep\n|j| RadioSilent\n|l| RadioSilent\n|\n|t:|1776005709\n|switch|p2b: Basculegion|Basculegion, L50, M|42/100\n|turn|6\n|\n|t:|1776005746\n|move|p1b: Sinistcha|Rage Powder|p1b: Sinistcha\n|-singleturn|p1b: Sinistcha|move: Rage Powder\n|move|p2b: Basculegion|Flip Turn|p1b: Sinistcha\n|-resisted|p1b: Sinistcha|1\n|-damage|p1b: Sinistcha|0 fnt\n|faint|p1b: Sinistcha\n|\n|t:|1776005749\n|switch|p2b: Garchomp|Garchomp, L50, F|74/100|[from] Flip Turn\n|move|p1a: Chimecho|Shadow Ball|p2b: Garchomp\n|-damage|p2b: Garchomp|44/100\n|-unboost|p2b: Garchomp|spd|1\n|move|p2a: Incineroar|Darkest Lariat|p1a: Chimecho\n|-supereffective|p1a: Chimecho|1\n|-damage|p1a: Chimecho|27/100\n|\n|upkeep\n|\n|t:|1776005757\n|switch|p1b: Sneasler|Sneasler, L50, F|51/100\n|turn|7\n|\n|t:|1776005780\n|switch|p2a: Basculegion|Basculegion, L50, M|42/100\n|move|p2b: Garchomp|Protect|p2b: Garchomp\n|-singleturn|p2b: Garchomp|Protect\n|move|p1b: Sneasler|Close Combat|p2b: Garchomp\n|-activate|p2b: Garchomp|move: Protect\n|move|p1a: Chimecho|Shadow Ball|p2a: Basculegion\n|-supereffective|p2a: Basculegion|1\n|-damage|p2a: Basculegion|0 fnt\n|faint|p2a: Basculegion\n|\n|upkeep\n|\n|t:|1776005782\n|switch|p2a: Incineroar|Incineroar, L50, M|62/100\n|-ability|p2a: Incineroar|Intimidate|boost\n|-unboost|p1a: Chimecho|atk|1\n|-unboost|p1b: Sneasler|atk|1\n|turn|8\n|j| Junglebolt\n|l| Junglebolt\n|j| Junglebolt\n|l| Junglebolt\n|\n|t:|1776005793\n|switch|p1a: Sableye|Sableye, L50, M|69/100\n|move|p1b: Sneasler|Protect|p1b: Sneasler\n|-singleturn|p1b: Sneasler|Protect\n|move|p2a: Incineroar|Fake Out|p1b: Sneasler\n|-activate|p1b: Sneasler|move: Protect\n|move|p2b: Garchomp|Dragon Claw|p1a: Sableye\n|-damage|p1a: Sableye|11/100\n|\n|upkeep\n|turn|9\n|\n|t:|1776005806\n|move|p1a: Sableye|Reflect|p1a: Sableye\n|-sidestart|p1: meepacman|Reflect\n|move|p1b: Sneasler|Close Combat|p2a: Incineroar\n|-supereffective|p2a: Incineroar|1\n|-damage|p2a: Incineroar|0 fnt\n|-unboost|p1b: Sneasler|def|1\n|-unboost|p1b: Sneasler|spd|1\n|faint|p2a: Incineroar\n|move|p2b: Garchomp|Earthquake|p1a: Sableye|[spread] p1a,p1b\n|-supereffective|p1b: Sneasler|1\n|-damage|p1a: Sableye|0 fnt\n|-damage|p1b: Sneasler|0 fnt\n|faint|p1a: Sableye\n|faint|p1b: Sneasler\n|\n|upkeep\n|\n|t:|1776005813\n|switch|p1b: Chimecho|Chimecho-Mega, L50, F, shiny|27/100\n|turn|10\n|\n|t:|1776005816\n|move|p2b: Garchomp|Protect|p2b: Garchomp\n|-singleturn|p2b: Garchomp|Protect\n|move|p1b: Chimecho|Flash Cannon|p2b: Garchomp\n|-activate|p2b: Garchomp|move: Protect\n|\n|upkeep\n|turn|11\n|\n|t:|1776005821\n|move|p2b: Garchomp|Dragon Claw|p1b: Chimecho\n|-resisted|p1b: Chimecho|1\n|-damage|p1b: Chimecho|14/100\n|move|p1b: Chimecho|Flash Cannon|p2b: Garchomp\n|-damage|p2b: Garchomp|0 fnt\n|faint|p2b: Garchomp\n|\n|win|meepacman\n|raw|meepacman's rating: 1402 &rarr; <strong>1418</strong><br />(+16 for winning)\n|raw|1357dunsparce's rating: 1325 &rarr; <strong>1309</strong><br />(-16 for losing)\n|c|\u26061357dunsparce|gg ig\n|l|\u26061357dunsparce\n|player|p2|\n",
  "uploadtime": 1776005832,
  "views": 25,
  "formatid": "gen9championsvgc2026regma",
  "rating": 1309,
  "private": 0,
  "password": null
}