{
  "id": "gen9championsvgc2026regma-2586665974",
  "format": "[Gen 9 Champions] VGC 2026 Reg M-A",
  "players": [
    "tusssk",
    "ODK2"
  ],
  "log": "|j|\u2606tusssk\n|j|\u2606ODK2\n|t:|1776450510\n|gametype|doubles\n|player|p1|tusssk|koga|1250\n|player|p2|ODK2|jasmine-gen2|1306\n|gen|9\n|tier|[Gen 9 Champions] VGC 2026 Reg M-A\n|rated|\n|rule|Species Clause: Limit one of each Pok\u00e9mon\n|rule|Item Clause: Limit 1 of each item\n|clearpoke\n|poke|p1|Whimsicott, L50, M|\n|poke|p1|Incineroar, L50, M|\n|poke|p1|Glimmora, L50, M|\n|poke|p1|Basculegion, L50, M|\n|poke|p1|Chesnaught, L50, M|\n|poke|p1|Ninetales-Alola, L50, M|\n|poke|p2|Chandelure, L50, F|\n|poke|p2|Corviknight, L50, M|\n|poke|p2|Milotic, L50, M|\n|poke|p2|Whimsicott, L50, F|\n|poke|p2|Meganium, L50, F|\n|poke|p2|Dragapult, L50, M|\n|teampreview|4\n|\n|t:|1776450552\n|teamsize|p1|4\n|teamsize|p2|4\n|start\n|switch|p1a: Basculegion|Basculegion, L50, M|100/100\n|switch|p1b: Ninetales|Ninetales-Alola, L50, M|100/100\n|switch|p2a: Milotic|Milotic, L50, M|100/100\n|switch|p2b: Chandelure|Chandelure, L50, F|100/100\n|-weather|Snowscape|[from] ability: Snow Warning|[of] p1b: Ninetales\n|turn|1\n|inactive|Battle timer is ON: inactive players will automatically lose when time's up. (requested by tusssk)\n|inactive|tusssk has 60 seconds left.\n|\n|t:|1776450589\n|detailschange|p2b: Chandelure|Chandelure-Mega, L50, F\n|-mega|p2b: Chandelure|Chandelure|Chandelurite\n|move|p1b: Ninetales|Protect|p1b: Ninetales\n|-singleturn|p1b: Ninetales|Protect\n|move|p2b: Chandelure|Protect|p2b: Chandelure\n|-singleturn|p2b: Chandelure|Protect\n|move|p1a: Basculegion|Wave Crash|p2b: Chandelure\n|-activate|p2b: Chandelure|move: Protect\n|move|p2a: Milotic|Scald|p1a: Basculegion\n|-resisted|p1a: Basculegion|1\n|-damage|p1a: Basculegion|81/100\n|\n|-weather|Snowscape|[upkeep]\n|upkeep\n|turn|2\n|\n|t:|1776450613\n|switch|p2b: Whimsicott|Whimsicott, L50, F|100/100\n|move|p1a: Basculegion|Wave Crash|p2a: Milotic\n|-resisted|p2a: Milotic|1\n|-damage|p2a: Milotic|69/100\n|-damage|p1a: Basculegion|71/100|[from] Recoil\n|move|p1b: Ninetales|Encore||[still]\n|-fail|p1b: Ninetales\n|move|p2a: Milotic|Icy Wind|p1a: Basculegion|[spread] p1a,p1b\n|-resisted|p1a: Basculegion|1\n|-resisted|p1b: Ninetales|1\n|-damage|p1a: Basculegion|64/100\n|-damage|p1b: Ninetales|94/100\n|-unboost|p1a: Basculegion|spe|1\n|-unboost|p1b: Ninetales|spe|1\n|\n|-weather|Snowscape|[upkeep]\n|-heal|p2a: Milotic|75/100|[from] item: Leftovers\n|upkeep\n|turn|3\n|inactive|tusssk has 30 seconds left.\n|\n|t:|1776450645\n|switch|p1a: Glimmora|Glimmora, L50, M|100/100\n|switch|p1b: Chesnaught|Chesnaught, L50, M, shiny|100/100\n|move|p2b: Whimsicott|Encore||[still]\n|-fail|p2b: Whimsicott\n|move|p2a: Milotic|Icy Wind|p1a: Glimmora|[spread] p1a,p1b\n|-crit|p1a: Glimmora\n|-supereffective|p1b: Chesnaught|1\n|-damage|p1a: Glimmora|79/100\n|-damage|p1b: Chesnaught|70/100\n|-unboost|p1a: Glimmora|spe|1\n|-unboost|p1b: Chesnaught|spe|1\n|\n|-weather|Snowscape|[upkeep]\n|-heal|p2a: Milotic|81/100|[from] item: Leftovers\n|upkeep\n|turn|4\n|inactive|ODK2 has 30 seconds left.\n|\n|t:|1776450673\n|detailschange|p1a: Glimmora|Glimmora-Mega, L50, M\n|-mega|p1a: Glimmora|Glimmora|Glimmoranite\n|move|p2b: Whimsicott|Protect|p2b: Whimsicott\n|-singleturn|p2b: Whimsicott|Protect\n|move|p2a: Milotic|Protect|p2a: Milotic\n|-singleturn|p2a: Milotic|Protect\n|move|p1b: Chesnaught|Spiky Shield|p1b: Chesnaught\n|-singleturn|p1b: Chesnaught|move: Protect\n|move|p1a: Glimmora|Sludge Wave|p2a: Milotic|[spread] \n|-activate|p1b: Chesnaught|move: Protect\n|-activate|p2a: Milotic|move: Protect\n|-activate|p2b: Whimsicott|move: Protect\n|\n|-weather|Snowscape|[upkeep]\n|-heal|p2a: Milotic|87/100|[from] item: Leftovers\n|upkeep\n|turn|5\n|\n|t:|1776450687\n|switch|p1b: Basculegion|Basculegion, L50, M|64/100\n|move|p2b: Whimsicott|Moonblast|p1b: Basculegion\n|-damage|p1b: Basculegion|21/100\n|move|p1a: Glimmora|Sludge Wave|p2a: Milotic|[spread] p1b,p2a,p2b\n|-resisted|p1b: Basculegion|1\n|-supereffective|p2b: Whimsicott|2\n|-damage|p1b: Basculegion|0 fnt\n|-damage|p2a: Milotic|47/100\n|-enditem|p2b: Whimsicott|Focus Sash\n|-damage|p2b: Whimsicott|1/100\n|faint|p1b: Basculegion\n|move|p2a: Milotic|Icy Wind|p1a: Glimmora\n|-damage|p1a: Glimmora|62/100\n|-unboost|p1a: Glimmora|spe|1\n|\n|-weather|none\n|-heal|p2a: Milotic|52/100|[from] item: Leftovers\n|upkeep\n|\n|t:|1776450701\n|switch|p1b: Ninetales|Ninetales-Alola, L50, M|94/100\n|-weather|Snowscape|[from] ability: Snow Warning|[of] p1b: Ninetales\n|turn|6\n|\n|t:|1776450720\n|move|p2a: Milotic|Protect|p2a: Milotic\n|-singleturn|p2a: Milotic|Protect\n|move|p2b: Whimsicott|Encore|p1a: Glimmora\n|-start|p1a: Glimmora|Encore\n|move|p1b: Ninetales|Blizzard|p2a: Milotic|[spread] p2b\n|-activate|p2a: Milotic|move: Protect\n|-supereffective|p2b: Whimsicott|1\n|-damage|p2b: Whimsicott|0 fnt\n|faint|p2b: Whimsicott\n|move|p1a: Glimmora|Sludge Wave|p2a: Milotic|[spread] p1b\n|-activate|p2a: Milotic|move: Protect\n|-supereffective|p1b: Ninetales|1\n|-damage|p1b: Ninetales|0 fnt\n|faint|p1b: Ninetales\n|\n|-weather|Snowscape|[upkeep]\n|-heal|p2a: Milotic|58/100|[from] item: Leftovers\n|upkeep\n|\n|t:|1776450733\n|switch|p1b: Chesnaught|Chesnaught, L50, M, shiny|70/100\n|switch|p2b: Corviknight|Corviknight, L50, M|100/100\n|turn|7\n|-message|tusssk forfeited.\n|\n|win|ODK2\n|raw|tusssk's rating: 1250 &rarr; <strong>1229</strong><br />(-21 for losing)\n|raw|ODK2's rating: 1306 &rarr; <strong>1323</strong><br />(+17 for winning)\n|l|\u2606tusssk\n|player|p1|\n",
  "uploadtime": 1776450743,
  "views": 41,
  "formatid": "gen9championsvgc2026regma",
  "rating": 1229,
  "private": 0,
  "password": null
}