{
  "id": "gen9championsvgc2026regma-2583382744",
  "format": "[Gen 9 Champions] VGC 2026 Reg M-A",
  "players": [
    "Sweep931",
    "rugshaker"
  ],
  "log": "|j|\u2606Sweep931\n|j|\u2606rugshaker\n|t:|1776171800\n|gametype|doubles\n|player|p1|Sweep931|101|1229\n|player|p2|rugshaker|lillie-z|1177\n|gen|9\n|tier|[Gen 9 Champions] VGC 2026 Reg M-A\n|rated|\n|rule|Species Clause: Limit one of each Pok\u00e9mon\n|rule|Item Clause: Limit 1 of each item\n|clearpoke\n|poke|p1|Delphox, L50, M|\n|poke|p1|Kingambit, L50, M|\n|poke|p1|Clefable, L50, M|\n|poke|p1|Sneasler, L50, F|\n|poke|p1|Basculegion, L50, M|\n|poke|p1|Glimmora, L50, F|\n|poke|p2|Hawlucha, L50, M|\n|poke|p2|Excadrill, L50, M|\n|poke|p2|Whimsicott, L50, M|\n|poke|p2|Gengar, L50, M|\n|poke|p2|Incineroar, L50, F|\n|poke|p2|Vanilluxe, L50, F|\n|teampreview|4\n|\n|t:|1776171822\n|teamsize|p1|4\n|teamsize|p2|4\n|start\n|switch|p1a: Delphox|Delphox, L50, M|100/100\n|switch|p1b: Clefable|Clefable, L50, M|100/100\n|switch|p2a: Whimsicott|Whimsicott, L50, M|100/100\n|switch|p2b: Hawlucha|Hawlucha, L50, M|100/100\n|-ability|p2b: Hawlucha|Mold Breaker\n|turn|1\n|\n|t:|1776171840\n|detailschange|p1a: Delphox|Delphox-Mega, L50, M\n|-mega|p1a: Delphox|Delphox|Delphoxite\n|move|p1b: Clefable|Helping Hand|p1a: Delphox\n|-singleturn|p1a: Delphox|Helping Hand|[of] p1b: Clefable\n|move|p2b: Hawlucha|Protect|p2b: Hawlucha\n|-singleturn|p2b: Hawlucha|Protect\n|move|p2a: Whimsicott|Tailwind|p2a: Whimsicott\n|-sidestart|p2: rugshaker|move: Tailwind\n|move|p1a: Delphox|Heat Wave|p2b: Hawlucha|[spread] p2a\n|-activate|p2b: Hawlucha|move: Protect\n|-supereffective|p2a: Whimsicott|1\n|-damage|p2a: Whimsicott|0 fnt\n|faint|p2a: Whimsicott\n|\n|upkeep\n|\n|t:|1776171851\n|switch|p2a: Vanilluxe|Vanilluxe, L50, F|100/100\n|-weather|Snowscape|[from] ability: Snow Warning|[of] p2a: Vanilluxe\n|turn|2\n|\n|t:|1776171864\n|detailschange|p2b: Hawlucha|Hawlucha-Mega, L50, M\n|-mega|p2b: Hawlucha|Hawlucha|Hawluchanite\n|move|p1b: Clefable|Follow Me|p1b: Clefable\n|-singleturn|p1b: Clefable|move: Follow Me\n|move|p2b: Hawlucha|Entrainment|p1b: Clefable\n|-ability|p1b: Clefable|No Guard|Unaware|[from] move: Entrainment|[of] p2b: Hawlucha\n|move|p2a: Vanilluxe|Sheer Cold|p1b: Clefable\n|-damage|p1b: Clefable|0 fnt\n|faint|p1b: Clefable\n|-ohko\n|move|p1a: Delphox|Heat Wave|p2b: Hawlucha|[spread] p2a,p2b\n|-supereffective|p2a: Vanilluxe|1\n|-damage|p2a: Vanilluxe|26/100\n|-damage|p2b: Hawlucha|44/100\n|\n|-weather|Snowscape|[upkeep]\n|-heal|p2a: Vanilluxe|32/100|[from] item: Leftovers\n|upkeep\n|\n|t:|1776171884\n|switch|p1b: Basculegion|Basculegion, L50, M|100/100\n|turn|3\n|\n|t:|1776171907\n|move|p1b: Basculegion|Aqua Jet|p2a: Vanilluxe\n|-damage|p2a: Vanilluxe|9/100\n|move|p2b: Hawlucha|Entrainment|p2a: Vanilluxe\n|-ability|p2a: Vanilluxe|No Guard|Snow Warning|[from] move: Entrainment|[of] p2b: Hawlucha\n|move|p2a: Vanilluxe|Sheer Cold|p1a: Delphox\n|-damage|p1a: Delphox|0 fnt\n|faint|p1a: Delphox\n|-ohko\n|\n|-weather|Snowscape|[upkeep]\n|-heal|p2a: Vanilluxe|15/100|[from] item: Leftovers\n|upkeep\n|\n|t:|1776171918\n|switch|p1a: Sneasler|Sneasler, L50, F|100/100\n|turn|4\n|\n|t:|1776171929\n|switch|p2a: Gengar|Gengar, L50, M|100/100\n|move|p1a: Sneasler|Fake Out|p2b: Hawlucha\n|-damage|p2b: Hawlucha|25/100\n|move|p1b: Basculegion|Aqua Jet|p2a: Gengar\n|-damage|p2a: Gengar|51/100\n|cant|p2b: Hawlucha|flinch\n|\n|-weather|Snowscape|[upkeep]\n|-sideend|p2: rugshaker|move: Tailwind\n|upkeep\n|turn|5\n|\n|t:|1776171948\n|move|p2b: Hawlucha|Protect|p2b: Hawlucha\n|-singleturn|p2b: Hawlucha|Protect\n|move|p1a: Sneasler|Protect|p1a: Sneasler\n|-singleturn|p1a: Sneasler|Protect\n|move|p1b: Basculegion|Aqua Jet|p2b: Hawlucha\n|-activate|p2b: Hawlucha|move: Protect\n|move|p2a: Gengar|Disable|p1b: Basculegion\n|-start|p1b: Basculegion|Disable|Aqua Jet\n|\n|-weather|Snowscape|[upkeep]\n|upkeep\n|turn|6\n|\n|t:|1776171987\n|-activate|p1b: Basculegion|move: Struggle\n|move|p1b: Basculegion|Struggle|p2b: Hawlucha\n|-damage|p2b: Hawlucha|6/100\n|-damage|p1b: Basculegion|75/100|[from] recoil\n|move|p2b: Hawlucha|Dual Wingbeat|p1a: Sneasler\n|-supereffective|p1a: Sneasler|1\n|-damage|p1a: Sneasler|23/100\n|-supereffective|p1a: Sneasler|1\n|-crit|p1a: Sneasler\n|-damage|p1a: Sneasler|0 fnt\n|faint|p1a: Sneasler\n|-hitcount|p1: Sneasler|2\n|move|p2a: Gengar|Shadow Ball|p1b: Basculegion\n|-supereffective|p1b: Basculegion|1\n|-damage|p1b: Basculegion|0 fnt\n|faint|p1b: Basculegion\n|\n|win|rugshaker\n|raw|Sweep931's rating: 1229 &rarr; <strong>1200</strong><br />(-29 for losing)\n|raw|rugshaker's rating: 1177 &rarr; <strong>1206</strong><br />(+29 for winning)\n|l|\u2606Sweep931\n|player|p1|\n",
  "uploadtime": 1776172007,
  "views": 20,
  "formatid": "gen9championsvgc2026regma",
  "rating": 1200,
  "private": 0,
  "password": null
}