{
  "id": "gen9championsvgc2026regma-2583337274",
  "format": "[Gen 9 Champions] VGC 2026 Reg M-A",
  "players": [
    "soler cs sity",
    "OscarGoro"
  ],
  "log": "|j|\u2606soler cs sity\n|j|\u2606OscarGoro\n|t:|1776168123\n|gametype|doubles\n|player|p1|soler cs sity|266|\n|player|p2|OscarGoro|169|\n|gen|9\n|tier|[Gen 9 Champions] VGC 2026 Reg M-A\n|rule|Species Clause: Limit one of each Pok\u00e9mon\n|rule|Item Clause: Limit 1 of each item\n|clearpoke\n|poke|p1|Rotom-Wash, L50|\n|poke|p1|Garchomp, L50, F|\n|poke|p1|Sableye, L50, M|\n|poke|p1|Tyranitar, L50, M|\n|poke|p1|Hydrapple, L50, F|\n|poke|p1|Steelix, L50, F|\n|poke|p2|Victreebel, L50, F|\n|poke|p2|Garchomp, L50, M|\n|poke|p2|Incineroar, L50, F|\n|poke|p2|Corviknight, L50, F|\n|poke|p2|Typhlosion-Hisui, L50, M|\n|poke|p2|Whimsicott, L50, M|\n|teampreview|4\n|\n|t:|1776168175\n|teamsize|p1|4\n|teamsize|p2|4\n|start\n|switch|p1a: Rotom|Rotom-Wash, L50|100/100\n|switch|p1b: Sableye|Sableye, L50, M|100/100\n|switch|p2a: Victreebel|Victreebel, L50, F|100/100\n|switch|p2b: Incineroar|Incineroar, L50, F|100/100\n|-ability|p2b: Incineroar|Intimidate|boost\n|-unboost|p1a: Rotom|atk|1\n|-unboost|p1b: Sableye|atk|1\n|turn|1\n|\n|t:|1776168206\n|switch|p1b: Tyranitar|Tyranitar, L50, M|100/100\n|-weather|Sandstorm|[from] ability: Sand Stream|[of] p1b: Tyranitar\n|detailschange|p2a: Victreebel|Victreebel-Mega, L50, F\n|-mega|p2a: Victreebel|Victreebel|Victreebelite\n|move|p2b: Incineroar|Fake Out|p1a: Rotom\n|-damage|p1a: Rotom|83/100\n|cant|p1a: Rotom|flinch\n|move|p2a: Victreebel|Sleep Powder|p1b: Tyranitar|[miss]\n|-miss|p2a: Victreebel|p1b: Tyranitar\n|\n|-weather|Sandstorm|[upkeep]\n|-damage|p1a: Rotom|78/100|[from] Sandstorm\n|-damage|p2a: Victreebel|95/100|[from] Sandstorm\n|-damage|p2b: Incineroar|95/100|[from] Sandstorm\n|upkeep\n|turn|2\n|\n|t:|1776168227\n|switch|p2b: Corviknight|Corviknight, L50, F|100/100\n|move|p1a: Rotom|Volt Switch|p2b: Corviknight\n|-supereffective|p2b: Corviknight|1\n|-damage|p2b: Corviknight|54/100\n|\n|t:|1776168233\n|switch|p1a: Garchomp|Garchomp, L50, F|100/100|[from] Volt Switch\n|move|p1b: Tyranitar|Rock Slide|p2a: Victreebel|[spread] p2a\n|-miss|p1b: Tyranitar|p2b: Corviknight\n|-damage|p2a: Victreebel|64/100\n|move|p2a: Victreebel|Energy Ball|p1a: Garchomp\n|-damage|p1a: Garchomp|38/100\n|\n|-weather|Sandstorm|[upkeep]\n|-damage|p2a: Victreebel|58/100|[from] Sandstorm\n|-heal|p2b: Corviknight|60/100|[from] item: Leftovers\n|upkeep\n|turn|3\n|\n|t:|1776168258\n|detailschange|p1a: Garchomp|Garchomp-Mega, L50, F\n|-mega|p1a: Garchomp|Garchomp|Garchompite\n|move|p2b: Corviknight|Protect|p2b: Corviknight\n|-singleturn|p2b: Corviknight|Protect\n|move|p1a: Garchomp|Rock Slide|p2b: Corviknight|[spread] p2a\n|-activate|p2b: Corviknight|move: Protect\n|-damage|p2a: Victreebel|22/100\n|move|p1b: Tyranitar|Rock Slide|p2b: Corviknight|[spread] p2a\n|-activate|p2b: Corviknight|move: Protect\n|-damage|p2a: Victreebel|0 fnt\n|-damage|p1b: Tyranitar|77/100|[from] ability: Innards Out|[of] p2a: Victreebel\n|faint|p2a: Victreebel\n|\n|-weather|Sandstorm|[upkeep]\n|-heal|p2b: Corviknight|65/100|[from] item: Leftovers\n|upkeep\n|\n|t:|1776168274\n|switch|p2a: Incineroar|Incineroar, L50, F|95/100\n|-ability|p2a: Incineroar|Intimidate|boost\n|-unboost|p1a: Garchomp|atk|1\n|-unboost|p1b: Tyranitar|atk|1\n|turn|4\n|\n|t:|1776168293\n|switch|p1a: Rotom|Rotom-Wash, L50|78/100\n|move|p1b: Tyranitar|Protect|p1b: Tyranitar\n|-singleturn|p1b: Tyranitar|Protect\n|move|p2a: Incineroar|Fake Out|p1a: Rotom\n|-damage|p1a: Rotom|60/100\n|move|p2b: Corviknight|Iron Defense|p2b: Corviknight\n|-boost|p2b: Corviknight|def|2\n|\n|-weather|Sandstorm|[upkeep]\n|-damage|p1a: Rotom|55/100|[from] Sandstorm\n|-damage|p2a: Incineroar|89/100|[from] Sandstorm\n|-heal|p2b: Corviknight|71/100|[from] item: Leftovers\n|upkeep\n|turn|5\n|\n|t:|1776168316\n|switch|p1b: Sableye|Sableye, L50, M|100/100\n|move|p2b: Corviknight|Protect|p2b: Corviknight\n|-singleturn|p2b: Corviknight|Protect\n|move|p1a: Rotom|Discharge|p2b: Corviknight|[spread] p1b,p2a\n|-activate|p2b: Corviknight|move: Protect\n|-damage|p1b: Sableye|58/100\n|-damage|p2a: Incineroar|66/100\n|move|p2a: Incineroar|Darkest Lariat|p1a: Rotom\n|-damage|p1a: Rotom|4/100\n|\n|-weather|none\n|-heal|p2b: Corviknight|77/100|[from] item: Leftovers\n|upkeep\n|turn|6\n|\n|t:|1776168346\n|move|p1b: Sableye|Gravity|p1b: Sableye\n|-fieldstart|move: Gravity\n|move|p1a: Rotom|Discharge|p2a: Incineroar|[spread] p1b,p2a,p2b\n|-supereffective|p2b: Corviknight|1\n|-damage|p1b: Sableye|12/100\n|-damage|p2a: Incineroar|44/100\n|-damage|p2b: Corviknight|39/100\n|-status|p2a: Incineroar|par\n|move|p2b: Corviknight|Iron Defense|p2b: Corviknight\n|-boost|p2b: Corviknight|def|2\n|move|p2a: Incineroar|Darkest Lariat|p1b: Sableye\n|-damage|p1b: Sableye|0 fnt\n|faint|p1b: Sableye\n|\n|-heal|p2b: Corviknight|45/100|[from] item: Leftovers\n|upkeep\n|\n|t:|1776168358\n|switch|p1b: Garchomp|Garchomp-Mega, L50, F|38/100\n|turn|7\n|\n|t:|1776168374\n|switch|p2a: Typhlosion|Typhlosion-Hisui, L50, M|100/100\n|-item|p1a: Rotom|Choice Scarf|[from] ability: Frisk|[of] p2a: Typhlosion\n|-item|p1b: Garchomp|Garchompite|[from] ability: Frisk|[of] p2a: Typhlosion\n|move|p2b: Corviknight|Protect|p2b: Corviknight\n|-singleturn|p2b: Corviknight|Protect\n|move|p1a: Rotom|Discharge|p2a: Typhlosion|[spread] p2a\n|-activate|p2b: Corviknight|move: Protect\n|-immune|p1b: Garchomp\n|-damage|p2a: Typhlosion|66/100\n|move|p1b: Garchomp|Earthquake|p2a: Typhlosion|[spread] p1a,p2a\n|-activate|p2b: Corviknight|move: Protect\n|-supereffective|p1a: Rotom|1\n|-supereffective|p2a: Typhlosion|1\n|-damage|p1a: Rotom|0 fnt\n|-damage|p2a: Typhlosion|0 fnt\n|faint|p1a: Rotom\n|faint|p2a: Typhlosion\n|\n|-heal|p2b: Corviknight|51/100|[from] item: Leftovers\n|upkeep\n|\n|t:|1776168396\n|switch|p2a: Incineroar|Incineroar, L50, F|44/100 par\n|switch|p1a: Tyranitar|Tyranitar, L50, M|77/100\n|-weather|Sandstorm|[from] ability: Sand Stream|[of] p1a: Tyranitar\n|-ability|p2a: Incineroar|Intimidate|boost\n|-unboost|p1a: Tyranitar|atk|1\n|-unboost|p1b: Garchomp|atk|1\n|turn|8\n|\n|t:|1776168414\n|move|p1b: Garchomp|Protect|p1b: Garchomp\n|-singleturn|p1b: Garchomp|Protect\n|move|p1a: Tyranitar|Protect|p1a: Tyranitar\n|-singleturn|p1a: Tyranitar|Protect\n|move|p2a: Incineroar|Fake Out|p1b: Garchomp\n|-activate|p1b: Garchomp|move: Protect\n|move|p2b: Corviknight|Iron Defense|p2b: Corviknight\n|-boost|p2b: Corviknight|def|2\n|\n|-weather|Sandstorm|[upkeep]\n|-damage|p2a: Incineroar|38/100 par|[from] Sandstorm\n|-heal|p2b: Corviknight|57/100|[from] item: Leftovers\n|upkeep\n|turn|9\n|\n|t:|1776168442\n|move|p1b: Garchomp|Earthquake|p2a: Incineroar|[spread] p1a,p2a,p2b\n|-supereffective|p1a: Tyranitar|1\n|-enditem|p1a: Tyranitar|Shuca Berry|[eat]\n|-enditem|p1a: Tyranitar|Shuca Berry|[weaken]\n|-supereffective|p2a: Incineroar|1\n|-supereffective|p2b: Corviknight|1\n|-damage|p1a: Tyranitar|40/100\n|-damage|p2a: Incineroar|0 fnt\n|-damage|p2b: Corviknight|38/100\n|faint|p2a: Incineroar\n|move|p1a: Tyranitar|Rock Slide|p2b: Corviknight\n|-damage|p2b: Corviknight|32/100\n|move|p2b: Corviknight|Body Press|p1b: Garchomp\n|-damage|p1b: Garchomp|0 fnt\n|faint|p1b: Garchomp\n|\n|-weather|Sandstorm|[upkeep]\n|-heal|p2b: Corviknight|38/100|[from] item: Leftovers\n|upkeep\n|turn|10\n|\n|t:|1776168457\n|move|p2b: Corviknight|Protect|p2b: Corviknight\n|-singleturn|p2b: Corviknight|Protect\n|move|p1a: Tyranitar|Rock Slide|p2b: Corviknight\n|-activate|p2b: Corviknight|move: Protect\n|\n|-weather|Sandstorm|[upkeep]\n|-heal|p2b: Corviknight|44/100|[from] item: Leftovers\n|-fieldend|move: Gravity\n|upkeep\n|turn|11\n|\n|t:|1776168467\n|move|p1a: Tyranitar|Rock Slide|p2b: Corviknight\n|-damage|p2b: Corviknight|38/100\n|move|p2b: Corviknight|Body Press|p1a: Tyranitar\n|-supereffective|p1a: Tyranitar|2\n|-damage|p1a: Tyranitar|0 fnt\n|faint|p1a: Tyranitar\n|\n|win|OscarGoro\n|l|\u2606soler cs sity\n|player|p1|\n",
  "uploadtime": 1776168486,
  "views": 18,
  "formatid": "gen9championsvgc2026regma",
  "rating": null,
  "private": 0,
  "password": null
}