{
  "id": "gen9championsvgc2026regma-2588561565",
  "format": "[Gen 9 Champions] VGC 2026 Reg M-A",
  "players": [
    "soulo333",
    "pokemacholives"
  ],
  "log": "|j|\u2606soulo333\n|j|\u2606pokemacholives\n|t:|1776645158\n|gametype|doubles\n|player|p1|soulo333|102|1223\n|player|p2|pokemacholives|preschoolerf|1290\n|gen|9\n|tier|[Gen 9 Champions] VGC 2026 Reg M-A\n|rated|\n|rule|Species Clause: Limit one of each Pok\u00e9mon\n|rule|Item Clause: Limit 1 of each item\n|clearpoke\n|poke|p1|Charizard, L50, F|\n|poke|p1|Sneasler, L50, M|\n|poke|p1|Sinistcha, L50|\n|poke|p1|Incineroar, L50, F|\n|poke|p1|Milotic, L50, F|\n|poke|p1|Tyranitar, L50, M|\n|poke|p2|Torkoal, L50, F|\n|poke|p2|Primarina, L50, F|\n|poke|p2|Farigiraf, L50, F|\n|poke|p2|Sinistcha, L50|\n|poke|p2|Drampa, L50, M|\n|poke|p2|Scizor, L50, F|\n|teampreview|4\n|inactive|Battle timer is ON: inactive players will automatically lose when time's up. (requested by pokemacholives)\n|\n|t:|1776645190\n|teamsize|p1|4\n|teamsize|p2|4\n|start\n|switch|p1a: Incineroar|Incineroar, L50, F|100/100\n|switch|p1b: Sneasler|Sneasler, L50, M|100/100\n|switch|p2a: Primarina|Primarina, L50, F|100/100\n|switch|p2b: Farigiraf|Farigiraf, L50, F|100/100\n|-ability|p1a: Incineroar|Intimidate|boost\n|-unboost|p2a: Primarina|atk|1\n|-unboost|p2b: Farigiraf|atk|1\n|turn|1\n|\n|t:|1776645204\n|move|p2a: Primarina|Protect|p2a: Primarina\n|-singleturn|p2a: Primarina|Protect\n|move|p1b: Sneasler|Close Combat|p2b: Farigiraf\n|-damage|p2b: Farigiraf|54/100\n|-unboost|p1b: Sneasler|def|1\n|-unboost|p1b: Sneasler|spd|1\n|-enditem|p1b: Sneasler|White Herb\n|-clearnegativeboost|p1b: Sneasler|[silent]\n|move|p1a: Incineroar|Throat Chop|p2b: Farigiraf\n|-supereffective|p2b: Farigiraf|1\n|-damage|p2b: Farigiraf|5/100\n|-start|p2b: Farigiraf|Throat Chop|[silent]\n|move|p2b: Farigiraf|Trick Room|p2b: Farigiraf\n|-fieldstart|move: Trick Room|[of] p2b: Farigiraf\n|\n|upkeep\n|turn|2\n|inactive|soulo333 has 30 seconds left.\n|\n|t:|1776645233\n|switch|p1a: Milotic|Milotic, L50, F|100/100\n|move|p2a: Primarina|Calm Mind|p2a: Primarina\n|-boost|p2a: Primarina|spa|1\n|-boost|p2a: Primarina|spd|1\n|move|p2b: Farigiraf|Reflect|p2b: Farigiraf\n|-sidestart|p2: pokemacholives|Reflect\n|move|p1b: Sneasler|Dire Claw|p2a: Primarina\n|-supereffective|p2a: Primarina|1\n|-damage|p2a: Primarina|30/100\n|-status|p2a: Primarina|psn\n|\n|-heal|p2a: Primarina|36/100 psn|[from] item: Leftovers\n|-damage|p2a: Primarina|23/100 psn|[from] psn\n|-end|p2b: Farigiraf|Throat Chop|[silent]\n|upkeep\n|turn|3\n|inactive|pokemacholives has 30 seconds left.\n|\n|t:|1776645259\n|switch|p1b: Incineroar|Incineroar, L50, F|100/100\n|-ability|p1b: Incineroar|Intimidate|boost\n|-unboost|p2a: Primarina|atk|1\n|-unboost|p2b: Farigiraf|atk|1\n|move|p2a: Primarina|Hyper Voice|p1a: Milotic|[spread] p1a,p1b\n|-resisted|p1a: Milotic|1\n|-supereffective|p1b: Incineroar|1\n|-damage|p1a: Milotic|81/100\n|-damage|p1b: Incineroar|6/100\n|-enditem|p1b: Incineroar|Sitrus Berry|[eat]\n|-heal|p1b: Incineroar|31/100|[from] item: Sitrus Berry\n|move|p2b: Farigiraf|Light Screen|p2b: Farigiraf\n|-sidestart|p2: pokemacholives|move: Light Screen\n|move|p1a: Milotic|Scald|p2a: Primarina\n|-resisted|p2a: Primarina|1\n|-damage|p2a: Primarina|18/100 psn\n|\n|-heal|p2a: Primarina|24/100 psn|[from] item: Leftovers\n|-heal|p1a: Milotic|87/100|[from] item: Leftovers\n|-damage|p2a: Primarina|12/100 psn|[from] psn\n|upkeep\n|turn|4\n|inactive|pokemacholives has 30 seconds left.\n|\n|t:|1776645291\n|switch|p1b: Sneasler|Sneasler, L50, M|100/100\n|move|p2a: Primarina|Moonblast|p1a: Milotic\n|-damage|p1a: Milotic|34/100\n|move|p2b: Farigiraf|Hyper Voice|p1b: Sneasler|[spread] p1a,p1b\n|-damage|p1a: Milotic|19/100\n|-damage|p1b: Sneasler|67/100\n|move|p1a: Milotic|Icy Wind|p2b: Farigiraf|[spread] p2a,p2b\n|-resisted|p2a: Primarina|1\n|-damage|p2a: Primarina|10/100 psn\n|-damage|p2b: Farigiraf|0 fnt\n|-unboost|p2a: Primarina|spe|1\n|faint|p2b: Farigiraf\n|\n|-heal|p2a: Primarina|16/100 psn|[from] item: Leftovers\n|-heal|p1a: Milotic|25/100|[from] item: Leftovers\n|-damage|p2a: Primarina|4/100 psn|[from] psn\n|upkeep\n|\n|t:|1776645316\n|switch|p2b: Sinistcha|Sinistcha, L50|100/100\n|-heal|p2a: Primarina|28/100 psn|[from] ability: Hospitality|[of] p2b: Sinistcha\n|turn|5\n|\n|t:|1776645326\n|move|p1b: Sneasler|Fake Out|p2a: Primarina\n|-damage|p2a: Primarina|17/100 psn\n|cant|p2a: Primarina|flinch\n|move|p2b: Sinistcha|Matcha Gotcha|p1b: Sneasler|[spread] p1a,p1b\n|-supereffective|p1a: Milotic|1\n|-resisted|p1b: Sneasler|1\n|-crit|p1b: Sneasler\n|-damage|p1a: Milotic|0 fnt\n|-damage|p1b: Sneasler|36/100\n|faint|p1a: Milotic\n|\n|-heal|p2a: Primarina|23/100 psn|[from] item: Leftovers\n|-damage|p2a: Primarina|11/100 psn|[from] psn\n|-fieldend|move: Trick Room\n|upkeep\n|\n|t:|1776645335\n|switch|p1a: Tyranitar|Tyranitar, L50, M|100/100\n|-weather|Sandstorm|[from] ability: Sand Stream|[of] p1a: Tyranitar\n|turn|6\n|\n|t:|1776645357\n|detailschange|p1a: Tyranitar|Tyranitar-Mega, L50, M\n|-mega|p1a: Tyranitar|Tyranitar|Tyranitarite\n|move|p1b: Sneasler|Dire Claw|p2b: Sinistcha\n|-crit|p2b: Sinistcha\n|-damage|p2b: Sinistcha|42/100\n|move|p1a: Tyranitar|Rock Slide|p2b: Sinistcha|[spread] p2a,p2b\n|-damage|p2a: Primarina|0 fnt\n|-damage|p2b: Sinistcha|19/100\n|faint|p2a: Primarina\n|move|p2b: Sinistcha|Trick Room|p2b: Sinistcha\n|-fieldstart|move: Trick Room|[of] p2b: Sinistcha\n|\n|-weather|Sandstorm|[upkeep]\n|-damage|p2b: Sinistcha|13/100|[from] Sandstorm\n|-damage|p1b: Sneasler|31/100|[from] Sandstorm\n|-sideend|p2: pokemacholives|Reflect\n|upkeep\n|\n|t:|1776645366\n|switch|p2a: Drampa|Drampa, L50, M|100/100\n|-ability|p2a: Drampa|Cloud Nine\n|turn|7\n|\n|t:|1776645382\n|switch|p1b: Incineroar|Incineroar, L50, F|31/100\n|-ability|p1b: Incineroar|Intimidate|boost\n|-unboost|p2a: Drampa|atk|1\n|-unboost|p2b: Sinistcha|atk|1\n|detailschange|p2a: Drampa|Drampa-Mega, L50, M\n|-mega|p2a: Drampa|Drampa|Drampanite\n|move|p2b: Sinistcha|Rage Powder|p2b: Sinistcha\n|-singleturn|p2b: Sinistcha|move: Rage Powder\n|move|p2a: Drampa|Calm Mind|p2a: Drampa\n|-boost|p2a: Drampa|spa|1\n|-boost|p2a: Drampa|spd|1\n|move|p1a: Tyranitar|Crunch|p2b: Sinistcha\n|-supereffective|p2b: Sinistcha|1\n|-damage|p2b: Sinistcha|0 fnt\n|faint|p2b: Sinistcha\n|\n|-weather|Sandstorm|[upkeep]\n|-damage|p2a: Drampa|95/100|[from] Sandstorm\n|-damage|p1b: Incineroar|25/100|[from] Sandstorm\n|-sideend|p2: pokemacholives|move: Light Screen\n|upkeep\n|turn|8\n|\n|t:|1776645396\n|move|p1b: Incineroar|Fake Out|p2a: Drampa\n|-damage|p2a: Drampa|83/100\n|cant|p2a: Drampa|flinch\n|move|p1a: Tyranitar|Crunch|p2a: Drampa\n|-damage|p2a: Drampa|38/100\n|-unboost|p2a: Drampa|def|1\n|-ability|p2a: Drampa|Berserk|boost\n|-boost|p2a: Drampa|spa|1\n|\n|-weather|Sandstorm|[upkeep]\n|-damage|p2a: Drampa|32/100|[from] Sandstorm\n|-damage|p1b: Incineroar|19/100|[from] Sandstorm\n|upkeep\n|turn|9\n|\n|t:|1776645410\n|move|p2a: Drampa|Hyper Voice|p1a: Tyranitar|[spread] p1a,p1b\n|-resisted|p1a: Tyranitar|1\n|-damage|p1a: Tyranitar|77/100\n|-damage|p1b: Incineroar|0 fnt\n|faint|p1b: Incineroar\n|move|p1a: Tyranitar|Crunch|p2a: Drampa\n|-damage|p2a: Drampa|0 fnt\n|faint|p2a: Drampa\n|\n|win|soulo333\n|raw|soulo333's rating: 1223 &rarr; <strong>1253</strong><br />(+30 for winning)\n|raw|pokemacholives's rating: 1290 &rarr; <strong>1260</strong><br />(-30 for losing)\n",
  "uploadtime": 1776645410,
  "views": 9,
  "formatid": "gen9championsvgc2026regma",
  "rating": 1253,
  "private": 0,
  "password": null
}