{
  "id": "gen9championsvgc2026regma-2581584703",
  "format": "[Gen 9 Champions] VGC 2026 Reg M-A",
  "players": [
    "MrTimtendo",
    "Puppygirl Autumn"
  ],
  "log": "|j|\u2606MrTimtendo\n|j|\u2606Puppygirl Autumn\n|t:|1776012920\n|gametype|doubles\n|player|p1|MrTimtendo|ethan|1154\n|player|p2|Puppygirl Autumn|dawn-gen4pt|1180\n|gen|9\n|tier|[Gen 9 Champions] VGC 2026 Reg M-A\n|rated|\n|rule|Species Clause: Limit one of each Pok\u00e9mon\n|rule|Item Clause: Limit 1 of each item\n|clearpoke\n|poke|p1|Delphox, L50, M|\n|poke|p1|Garchomp, L50, M|\n|poke|p1|Orthworm, L50, M|\n|poke|p1|Aerodactyl, L50, M|\n|poke|p1|Rotom-Wash, L50|\n|poke|p1|Farigiraf, L50, F|\n|poke|p2|Crabominable, L50, F|\n|poke|p2|Slowbro-Galar, L50, F|\n|poke|p2|Incineroar, L50, F|\n|poke|p2|Rotom-Wash, L50|\n|poke|p2|Kingambit, L50, F|\n|poke|p2|Drampa, L50, F|\n|teampreview|4\n|inactive|Battle timer is ON: inactive players will automatically lose when time's up. (requested by MrTimtendo)\n|inactive|MrTimtendo has 60 seconds left.\n|inactive|Puppygirl Autumn has 60 seconds left.\n|\n|t:|1776012983\n|teamsize|p1|4\n|teamsize|p2|4\n|start\n|switch|p1a: Farigiraf|Farigiraf, L50, F|100/100\n|switch|p1b: Orthworm|Orthworm, L50, M|100/100\n|switch|p2a: Slowbro|Slowbro-Galar, L50, F|100/100\n|switch|p2b: Incineroar|Incineroar, L50, F|100/100\n|-ability|p2b: Incineroar|Intimidate|boost\n|-unboost|p1a: Farigiraf|atk|1\n|-unboost|p1b: Orthworm|atk|1\n|turn|1\n|\n|t:|1776013008\n|move|p1a: Farigiraf|Imprison|p1a: Farigiraf\n|-start|p1a: Farigiraf|move: Imprison\n|move|p1b: Orthworm|Body Press|p2b: Incineroar\n|-supereffective|p2b: Incineroar|1\n|-damage|p2b: Incineroar|40/100\n|move|p2b: Incineroar|Flare Blitz|p1b: Orthworm\n|-supereffective|p1b: Orthworm|1\n|-damage|p1b: Orthworm|8/100\n|-enditem|p1b: Orthworm|Sitrus Berry|[eat]\n|-heal|p1b: Orthworm|33/100|[from] item: Sitrus Berry\n|-damage|p2b: Incineroar|14/100|[from] Recoil\n|cant|p2a: Slowbro|move: Imprison|Trick Room\n|\n|upkeep\n|turn|2\n|inactive|MrTimtendo has 30 seconds left.\n|inactive|Puppygirl Autumn has 30 seconds left.\n|\n|t:|1776013041\n|switch|p1b: Delphox|Delphox, L50, M|100/100\n|move|p1a: Farigiraf|Hyper Voice|p2a: Slowbro|[spread] p2a,p2b\n|-damage|p2a: Slowbro|57/100\n|-damage|p2b: Incineroar|0 fnt\n|faint|p2b: Incineroar\n|move|p2a: Slowbro|Shell Side Arm|p1a: Farigiraf|[anim] Shell Side Arm Special\n|-damage|p1a: Farigiraf|48/100\n|-hint|Special Shell Side Arm\n|\n|upkeep\n|\n|t:|1776013051\n|switch|p2b: Drampa|Drampa, L50, F|100/100\n|turn|3\n|\n|t:|1776013070\n|detailschange|p1b: Delphox|Delphox-Mega, L50, M\n|-mega|p1b: Delphox|Delphox|Delphoxite\n|detailschange|p2b: Drampa|Drampa-Mega, L50, F\n|-mega|p2b: Drampa|Drampa|Drampanite\n|move|p1b: Delphox|Psyshock|p2a: Slowbro\n|-damage|p2a: Slowbro|10/100\n|move|p1a: Farigiraf|Hyper Voice|p2b: Drampa|[spread] p2a,p2b\n|-damage|p2a: Slowbro|0 fnt\n|-damage|p2b: Drampa|69/100\n|faint|p2a: Slowbro\n|move|p2b: Drampa|Calm Mind|p2b: Drampa\n|-boost|p2b: Drampa|spa|1\n|-boost|p2b: Drampa|spd|1\n|\n|upkeep\n|\n|t:|1776013084\n|switch|p2a: Kingambit|Kingambit, L50, F|100/100\n|turn|4\n|\n|t:|1776013109\n|move|p1a: Farigiraf|Ally Switch|p1a: Farigiraf\n|swap|p1a: Farigiraf|1|[from] move: Ally Switch\n|move|p2a: Kingambit|Sucker Punch||[still]\n|cant|p1b: Farigiraf|ability: Armor Tail|Sucker Punch|[of] p2a: Kingambit\n|move|p1a: Delphox|Encore|p2b: Drampa\n|-start|p2b: Drampa|Encore\n|move|p2b: Drampa|Calm Mind|p2b: Drampa\n|-boost|p2b: Drampa|spa|1\n|-boost|p2b: Drampa|spd|1\n|\n|upkeep\n|turn|5\n|inactive|MrTimtendo has 30 seconds left.\n|\n|t:|1776013136\n|move|p1a: Delphox|Encore|p2a: Kingambit\n|-start|p2a: Kingambit|Encore\n|move|p2a: Kingambit|Sucker Punch||[still]\n|cant|p1b: Farigiraf|ability: Armor Tail|Sucker Punch|[of] p2a: Kingambit\n|move|p1b: Farigiraf|Hyper Voice|p2a: Kingambit|[spread] p2a,p2b\n|-resisted|p2a: Kingambit|1\n|-damage|p2a: Kingambit|85/100\n|-damage|p2b: Drampa|54/100\n|move|p2b: Drampa|Calm Mind|p2b: Drampa\n|-boost|p2b: Drampa|spa|1\n|-boost|p2b: Drampa|spd|1\n|\n|upkeep\n|turn|6\n|\n|t:|1776013155\n|move|p2a: Kingambit|Sucker Punch||[still]\n|cant|p1b: Farigiraf|ability: Armor Tail|Sucker Punch|[of] p2a: Kingambit\n|move|p1a: Delphox|Psyshock|p2b: Drampa\n|-damage|p2b: Drampa|13/100\n|-ability|p2b: Drampa|Berserk|boost\n|-boost|p2b: Drampa|spa|1\n|move|p1b: Farigiraf|Hyper Voice|p2a: Kingambit|[spread] p2a,p2b\n|-resisted|p2a: Kingambit|1\n|-damage|p2a: Kingambit|68/100\n|-damage|p2b: Drampa|1/100\n|move|p2b: Drampa|Calm Mind|p2b: Drampa\n|-boost|p2b: Drampa|spa|1\n|-boost|p2b: Drampa|spd|1\n|\n|-end|p2b: Drampa|Encore\n|upkeep\n|turn|7\n|-message|Puppygirl Autumn forfeited.\n|\n|win|MrTimtendo\n|raw|MrTimtendo's rating: 1154 &rarr; <strong>1181</strong><br />(+27 for winning)\n|raw|Puppygirl Autumn's rating: 1180 &rarr; <strong>1153</strong><br />(-27 for losing)\n|l|\u2606Puppygirl Autumn\n|player|p2|\n",
  "uploadtime": 1776013171,
  "views": 31,
  "formatid": "gen9championsvgc2026regma",
  "rating": 1153,
  "private": 0,
  "password": null
}