{
  "id": "gen9championsvgc2026regma-2586599453",
  "format": "[Gen 9 Champions] VGC 2026 Reg M-A",
  "players": [
    "williamsr1990",
    "DylanNoPancakes"
  ],
  "log": "|j|\u2606williamsr1990\n|j|\u2606DylanNoPancakes\n|t:|1776445880\n|gametype|doubles\n|player|p1|williamsr1990|benga|1074\n|player|p2|DylanNoPancakes|265|1081\n|gen|9\n|tier|[Gen 9 Champions] VGC 2026 Reg M-A\n|rated|\n|rule|Species Clause: Limit one of each Pok\u00e9mon\n|rule|Item Clause: Limit 1 of each item\n|clearpoke\n|poke|p1|Serperior, L50, M|\n|poke|p1|Primarina, L50, M|\n|poke|p1|Aerodactyl, L50, F|\n|poke|p1|Sinistcha, L50|\n|poke|p1|Krookodile, L50, F|\n|poke|p1|Oranguru, L50, M|\n|poke|p2|Pelipper, L50, M|\n|poke|p2|Basculegion, L50, M|\n|poke|p2|Incineroar, L50, M|\n|poke|p2|Sinistcha, L50|\n|poke|p2|Glalie, L50, M|\n|poke|p2|Sneasler, L50, F|\n|teampreview|4\n|inactive|Battle timer is ON: inactive players will automatically lose when time's up. (requested by DylanNoPancakes)\n|\n|t:|1776445908\n|teamsize|p1|4\n|teamsize|p2|4\n|start\n|switch|p1a: Serperior|Serperior, L50, M|100/100\n|switch|p1b: Oranguru|Oranguru, L50, M|100/100\n|switch|p2a: Pelipper|Pelipper, L50, M|100/100\n|switch|p2b: Sneasler|Sneasler, L50, F|100/100\n|-weather|RainDance|[from] ability: Drizzle|[of] p2a: Pelipper\n|turn|1\n|\n|t:|1776445923\n|move|p1a: Serperior|Protect|p1a: Serperior\n|-singleturn|p1a: Serperior|Protect\n|move|p2b: Sneasler|Fake Out|p1b: Oranguru\n|-damage|p1b: Oranguru|86/100\n|move|p2a: Pelipper|Weather Ball|p1b: Oranguru\n|-damage|p1b: Oranguru|35/100\n|-enditem|p1b: Oranguru|Sitrus Berry|[eat]\n|-heal|p1b: Oranguru|59/100|[from] item: Sitrus Berry\n|move|p1b: Oranguru|Expanding Force|p2b: Sneasler\n|-supereffective|p2b: Sneasler|2\n|-damage|p2b: Sneasler|0 fnt\n|faint|p2b: Sneasler\n|\n|-weather|RainDance|[upkeep]\n|upkeep\n|\n|t:|1776445937\n|switch|p2b: Basculegion|Basculegion, L50, M|100/100\n|turn|2\n|inactive|williamsr1990 has 30 seconds left.\n|\n|t:|1776445972\n|move|p2b: Basculegion|Wave Crash|p1b: Oranguru\n|-damage|p1b: Oranguru|0 fnt\n|faint|p1b: Oranguru\n|-damage|p2b: Basculegion|81/100|[from] Recoil\n|move|p1a: Serperior|Leaf Storm|p2b: Basculegion\n|-supereffective|p2b: Basculegion|1\n|-damage|p2b: Basculegion|0 fnt\n|-boost|p1a: Serperior|spa|2\n|faint|p2b: Basculegion\n|move|p2a: Pelipper|Tailwind|p2a: Pelipper\n|-sidestart|p2: DylanNoPancakes|move: Tailwind\n|\n|-weather|RainDance|[upkeep]\n|upkeep\n|inactive|williamsr1990 has 30 seconds left.\n|\n|t:|1776446007\n|switch|p2b: Glalie|Glalie, L50, M|100/100\n|switch|p1b: Sinistcha|Sinistcha, L50|100/100\n|turn|3\n|inactive|DylanNoPancakes has 30 seconds left.\n|\n|t:|1776446041\n|detailschange|p2b: Glalie|Glalie-Mega, L50, M\n|-mega|p2b: Glalie|Glalie|Glalitite\n|move|p1a: Serperior|Protect|p1a: Serperior\n|-singleturn|p1a: Serperior|Protect\n|move|p2b: Glalie|Body Slam|p1a: Serperior\n|-activate|p1a: Serperior|move: Protect\n|move|p2a: Pelipper|Hurricane|p1b: Sinistcha\n|-supereffective|p1b: Sinistcha|1\n|-damage|p1b: Sinistcha|18/100\n|-start|p1b: Sinistcha|confusion\n|-activate|p1b: Sinistcha|confusion\n|-damage|p1b: Sinistcha|12/100|[from] confusion\n|\n|-weather|RainDance|[upkeep]\n|-heal|p1b: Sinistcha|18/100|[from] item: Leftovers\n|upkeep\n|turn|4\n|inactive|williamsr1990 has 30 seconds left.\n|inactive|williamsr1990 has 20 seconds left.\n|inactive|williamsr1990 has 15 seconds left.\n|inactive|williamsr1990 has 10 seconds left.\n|inactive|williamsr1990 has 5 seconds left.\n|\n|t:|1776446097\n|move|p2b: Glalie|Body Slam|p1a: Serperior\n|-supereffective|p1a: Serperior|1\n|-damage|p1a: Serperior|0 fnt\n|faint|p1a: Serperior\n|move|p2a: Pelipper|Hurricane|p1b: Sinistcha\n|-supereffective|p1b: Sinistcha|1\n|-damage|p1b: Sinistcha|0 fnt\n|faint|p1b: Sinistcha\n|\n|-weather|RainDance|[upkeep]\n|upkeep\n|inactive|williamsr1990 has 30 seconds left.\n|\n|t:|1776446127\n|switch|p1a: Aerodactyl|Aerodactyl, L50, F|100/100\n|turn|5\n|\n|t:|1776446135\n|detailschange|p1a: Aerodactyl|Aerodactyl-Mega, L50, F\n|-mega|p1a: Aerodactyl|Aerodactyl|Aerodactylite\n|move|p1a: Aerodactyl|Protect|p1a: Aerodactyl\n|-singleturn|p1a: Aerodactyl|Protect\n|move|p2b: Glalie|Body Slam|p1a: Aerodactyl\n|-activate|p1a: Aerodactyl|move: Protect\n|move|p2a: Pelipper|Weather Ball|p1a: Aerodactyl\n|-activate|p1a: Aerodactyl|move: Protect\n|\n|-weather|none\n|-sideend|p2: DylanNoPancakes|move: Tailwind\n|upkeep\n|turn|6\n|\n|t:|1776446157\n|move|p1a: Aerodactyl|Rock Slide|p2b: Glalie|[spread] p2a,p2b\n|-supereffective|p2a: Pelipper|1\n|-supereffective|p2b: Glalie|1\n|-damage|p2a: Pelipper|17/100\n|-damage|p2b: Glalie|8/100\n|move|p2b: Glalie|Body Slam|p1a: Aerodactyl\n|-supereffective|p1a: Aerodactyl|1\n|-damage|p1a: Aerodactyl|1/100\n|-status|p1a: Aerodactyl|par\n|cant|p2a: Pelipper|flinch\n|\n|upkeep\n|turn|7\n|\n|t:|1776446174\n|move|p2b: Glalie|Body Slam|p1a: Aerodactyl\n|-supereffective|p1a: Aerodactyl|1\n|-damage|p1a: Aerodactyl|0 fnt\n|faint|p1a: Aerodactyl\n|\n|win|DylanNoPancakes\n|raw|williamsr1990's rating: 1074 &rarr; <strong>1053</strong><br />(-21 for losing)\n|raw|DylanNoPancakes's rating: 1081 &rarr; <strong>1108</strong><br />(+27 for winning)\n",
  "uploadtime": 1776446178,
  "views": 35,
  "formatid": "gen9championsvgc2026regma",
  "rating": 1053,
  "private": 0,
  "password": null
}