{
  "id": "gen9championsvgc2026regma-2588694380",
  "format": "[Gen 9 Champions] VGC 2026 Reg M-A",
  "players": [
    "HyperRes",
    "Snog2273"
  ],
  "log": "|j|\u2606HyperRes\n|j|\u2606Snog2273\n|t:|1776658606\n|gametype|doubles\n|player|p1|HyperRes|miku-ground|1369\n|player|p2|Snog2273|scientist-gen4|1364\n|gen|9\n|tier|[Gen 9 Champions] VGC 2026 Reg M-A\n|rated|\n|rule|Species Clause: Limit one of each Pok\u00e9mon\n|rule|Item Clause: Limit 1 of each item\n|clearpoke\n|poke|p1|Charizard, L50, M|\n|poke|p1|Venusaur, L50, M|\n|poke|p1|Blastoise, L50, F|\n|poke|p1|Kingambit, L50, F|\n|poke|p1|Sinistcha, L50|\n|poke|p1|Farigiraf, L50, M|\n|poke|p2|Heliolisk, L50, M|\n|poke|p2|Charizard, L50, M|\n|poke|p2|Garchomp, L50, M|\n|poke|p2|Vivillon-Marine, L50, F, shiny|\n|poke|p2|Aegislash, L50, M, shiny|\n|poke|p2|Sneasler, L50, M, shiny|\n|teampreview|4\n|inactive|Battle timer is ON: inactive players will automatically lose when time's up. (requested by Snog2273)\n|inactive|HyperRes also wants the timer to be on.\nSnog2273 has agreed to open team sheets.\n|inactive|Snog2273 has 60 seconds left.\nHyperRes rejected open team sheets.\n|\n|t:|1776658661\n|teamsize|p1|4\n|teamsize|p2|4\n|start\n|switch|p1a: Blastoise|Blastoise, L50, F|100/100\n|switch|p1b: Farigiraf|Farigiraf, L50, M|100/100\n|switch|p2a: Bobimbly T.|Heliolisk, L50, M|100/100\n|switch|p2b: King Garthrecule|Sneasler, L50, M, shiny|100/100\n|turn|1\n|\n|t:|1776658681\n|detailschange|p1a: Blastoise|Blastoise-Mega, L50, F\n|-mega|p1a: Blastoise|Blastoise|Blastoisinite\n|move|p1a: Blastoise|Fake Out|p2a: Bobimbly T.\n|-damage|p2a: Bobimbly T.|85/100\n|cant|p2a: Bobimbly T.|flinch\n|move|p2b: King Garthrecule|Close Combat|p1b: Farigiraf\n|-damage|p1b: Farigiraf|54/100\n|-unboost|p2b: King Garthrecule|def|1\n|-unboost|p2b: King Garthrecule|spd|1\n|-enditem|p2b: King Garthrecule|White Herb\n|-clearnegativeboost|p2b: King Garthrecule|[silent]\n|move|p1b: Farigiraf|Trick Room|p1b: Farigiraf\n|-fieldstart|move: Trick Room|[of] p1b: Farigiraf\n|\n|upkeep\n|turn|2\n|\n|t:|1776658702\n|switch|p1a: Sinistcha|Sinistcha, L50|100/100\n|-heal|p1b: Farigiraf|79/100|[from] ability: Hospitality|[of] p1a: Sinistcha\n|move|p1b: Farigiraf|Psychic|p2b: King Garthrecule\n|-supereffective|p2b: King Garthrecule|2\n|-damage|p2b: King Garthrecule|0 fnt\n|faint|p2b: King Garthrecule\n|move|p2a: Bobimbly T.|Volt Switch|p1a: Sinistcha\n|-resisted|p1a: Sinistcha|1\n|-damage|p1a: Sinistcha|85/100\n|\n|t:|1776658712\n|switch|p2a: Dent Yunkletrip Jr|Aegislash, L50, M, shiny|100/100|[from] Volt Switch\n|\n|upkeep\n|\n|t:|1776658714\n|switch|p2b: Scriffle Hunt x2|Charizard, L50, M|100/100\n|turn|3\n|\n|t:|1776658737\n|detailschange|p2b: Scriffle Hunt x2|Charizard-Mega-Y, L50, M\n|-mega|p2b: Scriffle Hunt x2|Charizard|Charizardite Y\n|-weather|SunnyDay|[from] ability: Drought|[of] p2b: Scriffle Hunt x2\n|move|p1a: Sinistcha|Rage Powder|p1a: Sinistcha\n|-singleturn|p1a: Sinistcha|move: Rage Powder\n|-formechange|p2a: Dent Yunkletrip Jr|Aegislash-Blade|\n|move|p2a: Dent Yunkletrip Jr|Iron Head|p1a: Sinistcha\n|-damage|p1a: Sinistcha|46/100\n|move|p1b: Farigiraf|Rain Dance|p1b: Farigiraf\n|-weather|RainDance\n|move|p2b: Scriffle Hunt x2|Heat Wave|p1b: Farigiraf|[spread] p1a,p1b\n|-supereffective|p1a: Sinistcha|1\n|-damage|p1a: Sinistcha|8/100\n|-damage|p1b: Farigiraf|59/100\n|\n|-weather|RainDance|[upkeep]\n|upkeep\n|turn|4\n|\n|t:|1776658762\n|switch|p2b: Bobimbly T.|Heliolisk, L50, M|85/100\n|-formechange|p2a: Dent Yunkletrip Jr|Aegislash|\n|move|p2a: Dent Yunkletrip Jr|King's Shield|p2a: Dent Yunkletrip Jr\n|-singleturn|p2a: Dent Yunkletrip Jr|Protect\n|move|p1b: Farigiraf|Psychic|p2b: Bobimbly T.\n|-damage|p2b: Bobimbly T.|47/100\n|move|p1a: Sinistcha|Matcha Gotcha|p2b: Bobimbly T.|[spread] p2b\n|-activate|p2a: Dent Yunkletrip Jr|move: Protect\n|-damage|p2b: Bobimbly T.|18/100\n|-heal|p1a: Sinistcha|21/100|[from] drain|[of] p2b: Bobimbly T.\n|\n|-weather|RainDance|[upkeep]\n|upkeep\n|turn|5\n|inactive|HyperRes has 30 seconds left.\n|\n|t:|1776658788\n|-formechange|p2a: Dent Yunkletrip Jr|Aegislash-Blade|\n|move|p2a: Dent Yunkletrip Jr|Iron Head|p1b: Farigiraf\n|-damage|p1b: Farigiraf|20/100\n|-enditem|p1b: Farigiraf|Sitrus Berry|[eat]\n|-heal|p1b: Farigiraf|45/100|[from] item: Sitrus Berry\n|cant|p1b: Farigiraf|flinch\n|move|p1a: Sinistcha|Matcha Gotcha|p2b: Bobimbly T.|[spread] p2a,p2b\n|-resisted|p2a: Dent Yunkletrip Jr|1\n|-damage|p2a: Dent Yunkletrip Jr|80/100\n|-heal|p1a: Sinistcha|31/100|[from] drain|[of] p2a: Dent Yunkletrip Jr\n|-damage|p2b: Bobimbly T.|0 fnt\n|-heal|p1a: Sinistcha|40/100|[from] drain|[of] p2b: Bobimbly T.\n|faint|p2b: Bobimbly T.\n|\n|-weather|RainDance|[upkeep]\n|-fieldend|move: Trick Room\n|upkeep\n|\n|t:|1776658792\n|switch|p2b: Scriffle Hunt x2|Charizard-Mega-Y, L50, M|100/100\n|-weather|SunnyDay|[from] ability: Drought|[of] p2b: Scriffle Hunt x2\n|turn|6\n|\n|t:|1776658813\n|move|p1a: Sinistcha|Rage Powder|p1a: Sinistcha\n|-singleturn|p1a: Sinistcha|move: Rage Powder\n|move|p2b: Scriffle Hunt x2|Heat Wave|p1b: Farigiraf|[spread] p1a,p1b\n|-supereffective|p1a: Sinistcha|1\n|-damage|p1a: Sinistcha|0 fnt\n|-damage|p1b: Farigiraf|0 fnt\n|faint|p1a: Sinistcha\n|faint|p1b: Farigiraf\n|move|p2a: Dent Yunkletrip Jr|Poltergeist|p1: Sinistcha|[notarget]\n|-fail|p2a: Dent Yunkletrip Jr\n|\n|-weather|SunnyDay|[upkeep]\n|upkeep\n|\n|t:|1776658818\n|switch|p1a: Kingambit|Kingambit, L50, F|100/100\n|switch|p1b: Blastoise|Blastoise-Mega, L50, F|100/100\n|turn|7\n|\n|t:|1776658843\n|move|p2b: Scriffle Hunt x2|Protect|p2b: Scriffle Hunt x2\n|-singleturn|p2b: Scriffle Hunt x2|Protect\n|move|p1a: Kingambit|Sucker Punch||[still]\n|-fail|p1a: Kingambit\n|move|p1b: Blastoise|Water Pulse|p2b: Scriffle Hunt x2\n|-activate|p2b: Scriffle Hunt x2|move: Protect\n|move|p2a: Dent Yunkletrip Jr|Poltergeist|p1b: Blastoise|[miss]\n|-miss|p2a: Dent Yunkletrip Jr|p1b: Blastoise\n|\n|-weather|SunnyDay|[upkeep]\n|upkeep\n|turn|8\n|\n|t:|1776658857\n|-formechange|p2a: Dent Yunkletrip Jr|Aegislash|\n|move|p2a: Dent Yunkletrip Jr|King's Shield|p2a: Dent Yunkletrip Jr\n|-singleturn|p2a: Dent Yunkletrip Jr|Protect\n|move|p1a: Kingambit|Sucker Punch|p2b: Scriffle Hunt x2\n|-damage|p2b: Scriffle Hunt x2|47/100\n|move|p2b: Scriffle Hunt x2|Heat Wave|p1a: Kingambit|[spread] p1a,p1b\n|-supereffective|p1a: Kingambit|1\n|-resisted|p1b: Blastoise|1\n|-damage|p1a: Kingambit|0 fnt\n|-damage|p1b: Blastoise|74/100\n|faint|p1a: Kingambit\n|move|p1b: Blastoise|Water Pulse|p2b: Scriffle Hunt x2\n|-supereffective|p2b: Scriffle Hunt x2|1\n|-damage|p2b: Scriffle Hunt x2|4/100\n|\n|-weather|SunnyDay|[upkeep]\n|upkeep\n|turn|9\n|\n|t:|1776658870\n|move|p2b: Scriffle Hunt x2|Roost|p2b: Scriffle Hunt x2\n|-heal|p2b: Scriffle Hunt x2|54/100\n|-singleturn|p2b: Scriffle Hunt x2|move: Roost\n|move|p1b: Blastoise|Dark Pulse|p2a: Dent Yunkletrip Jr\n|-supereffective|p2a: Dent Yunkletrip Jr|1\n|-damage|p2a: Dent Yunkletrip Jr|5/100\n|-formechange|p2a: Dent Yunkletrip Jr|Aegislash-Blade|\n|move|p2a: Dent Yunkletrip Jr|Poltergeist|p1b: Blastoise\n|-activate|p1b: Blastoise|move: Poltergeist|Blastoisinite\n|-damage|p1b: Blastoise|16/100\n|\n|-weather|SunnyDay|[upkeep]\n|upkeep\n|turn|10\n|\n|t:|1776658889\n|move|p2b: Scriffle Hunt x2|Air Slash|p1b: Blastoise\n|-damage|p1b: Blastoise|0 fnt\n|faint|p1b: Blastoise\n|\n|win|Snog2273\n|raw|HyperRes's rating: 1369 &rarr; <strong>1349</strong><br />(-20 for losing)\n|raw|Snog2273's rating: 1364 &rarr; <strong>1384</strong><br />(+20 for winning)\n|l|\u2606HyperRes\n|player|p1|\n",
  "uploadtime": 1776658916,
  "views": 17,
  "formatid": "gen9championsvgc2026regma",
  "rating": 1349,
  "private": 0,
  "password": null
}