{
  "id": "gen9championsvgc2026regma-2584550241",
  "format": "[Gen 9 Champions] VGC 2026 Reg M-A",
  "players": [
    "ChronicNikos",
    "Shirokage#68"
  ],
  "log": "|j|\u2606ChronicNikos\n|j|\u2606Shirokage#68\n|t:|1776268146\n|gametype|doubles\n|player|p1|ChronicNikos|cynthia-gen4|1282\n|player|p2|Shirokage#68|266|1263\n|gen|9\n|tier|[Gen 9 Champions] VGC 2026 Reg M-A\n|rated|\n|rule|Species Clause: Limit one of each Pok\u00e9mon\n|rule|Item Clause: Limit 1 of each item\n|clearpoke\n|poke|p1|Gengar, L50, F|\n|poke|p1|Incineroar, L50, M|\n|poke|p1|Tsareena, L50, F|\n|poke|p1|Politoed, L50, M|\n|poke|p1|Archaludon, L50, F|\n|poke|p1|Basculegion, L50, M|\n|poke|p2|Meganium, L50, F|\n|poke|p2|Pelipper, L50, M|\n|poke|p2|Farigiraf, L50, F|\n|poke|p2|Kingambit, L50, F|\n|poke|p2|Basculegion, L50, M|\n|poke|p2|Sneasler, L50, F|\n|teampreview|4\nChronicNikos rejected open team sheets.\n|\n|t:|1776268202\n|teamsize|p1|4\n|teamsize|p2|4\n|start\n|switch|p1a: AllThingsMustDie|Gengar, L50, F, shiny|100/100\n|switch|p1b: Mettle|Archaludon, L50, F|100/100\n|switch|p2a: Meganium|Meganium, L50, F|100/100\n|switch|p2b: Kingambit|Kingambit, L50, F|100/100\n|turn|1\n|inactive|Battle timer is ON: inactive players will automatically lose when time's up. (requested by ChronicNikos)\n|inactive|ChronicNikos has 60 seconds left.\n|\n|t:|1776268241\n|switch|p1a: Time2SayGB|Politoed, L50, M|100/100\n|-weather|RainDance|[from] ability: Drizzle|[of] p1a: Time2SayGB\n|detailschange|p2a: Meganium|Meganium-Mega, L50, F\n|-mega|p2a: Meganium|Meganium|Meganiumite\n|move|p2b: Kingambit|Sucker Punch||[still]\n|-fail|p2b: Kingambit\n|move|p1b: Mettle|Electro Shot||[still]\n|-prepare|p1b: Mettle|Electro Shot\n|-boost|p1b: Mettle|spa|1\n|-anim|p1b: Mettle|Electro Shot|p2b: Kingambit\n|-damage|p2b: Kingambit|34/100\n|move|p2a: Meganium|Weather Ball|p1b: Mettle\n|-damage|p1b: Mettle|6/100\n|\n|-weather|RainDance|[upkeep]\n|upkeep\n|turn|2\n|inactive|ChronicNikos has 30 seconds left.\n|inactive|Shirokage#68 has 30 seconds left.\n|inactive|ChronicNikos has 20 seconds left.\n|inactive|Shirokage#68 has 20 seconds left.\n|inactive|ChronicNikos has 15 seconds left.\n|inactive|Shirokage#68 has 15 seconds left.\n|inactive|Shirokage#68 has 10 seconds left.\n|\n|t:|1776268290\n|move|p2b: Kingambit|Sucker Punch|p1b: Mettle\n|-damage|p1b: Mettle|0 fnt\n|faint|p1b: Mettle\n|move|p2a: Meganium|Solar Beam||[still]\n|-prepare|p2a: Meganium|Solar Beam\n|-activate|p2a: Meganium|ability: Mega Sol\n|-anim|p2a: Meganium|Solar Beam|p1a: Time2SayGB\n|-supereffective|p1a: Time2SayGB|1\n|-damage|p1a: Time2SayGB|3/100\n|move|p1a: Time2SayGB|Ice Beam|p2a: Meganium\n|-supereffective|p2a: Meganium|1\n|-damage|p2a: Meganium|60/100\n|-status|p2a: Meganium|frz\n|\n|-weather|RainDance|[upkeep]\n|-heal|p1a: Time2SayGB|9/100|[from] item: Leftovers\n|upkeep\n|\n|t:|1776268314\n|switch|p1b: GambolShroud|Tsareena, L50, F|100/100\n|turn|3\n|inactive|Shirokage#68 has 30 seconds left.\n|\n|t:|1776268341\n|move|p2b: Kingambit|Sucker Punch||[still]\n|cant|p1b: GambolShroud|ability: Queenly Majesty|Sucker Punch|[of] p2b: Kingambit\n|cant|p2a: Meganium|frz\n|move|p1b: GambolShroud|Triple Axel|p2a: Meganium|[miss]\n|-miss|p1b: GambolShroud|p2a: Meganium\n|move|p1a: Time2SayGB|Weather Ball|p2b: Kingambit\n|-damage|p2b: Kingambit|0 fnt\n|faint|p2b: Kingambit\n|\n|-weather|RainDance|[upkeep]\n|-heal|p1a: Time2SayGB|15/100|[from] item: Leftovers\n|upkeep\n|\n|t:|1776268363\n|switch|p2b: Sneasler|Sneasler, L50, F|100/100\n|turn|4\n|\n|t:|1776268376\n|switch|p1a: AllThingsMustDie|Gengar, L50, F, shiny|100/100\n|move|p1b: GambolShroud|Protect|p1b: GambolShroud\n|-singleturn|p1b: GambolShroud|Protect\n|move|p2b: Sneasler|Dire Claw|p1b: GambolShroud\n|-activate|p1b: GambolShroud|move: Protect\n|cant|p2a: Meganium|frz\n|\n|-weather|RainDance|[upkeep]\n|upkeep\n|turn|5\n|inactive|ChronicNikos has 30 seconds left.\n|inactive|Shirokage#68 has 30 seconds left.\n|inactive|ChronicNikos has 20 seconds left.\n|\n|t:|1776268415\n|detailschange|p1a: AllThingsMustDie|Gengar-Mega, L50, F, shiny\n|-mega|p1a: AllThingsMustDie|Gengar|Gengarite\n|move|p1a: AllThingsMustDie|Shadow Ball|p2b: Sneasler\n|-damage|p2b: Sneasler|37/100\n|-unboost|p2b: Sneasler|spd|1\n|-enditem|p2b: Sneasler|White Herb\n|-clearnegativeboost|p2b: Sneasler|[silent]\n|move|p2b: Sneasler|Dire Claw|p1b: GambolShroud\n|-supereffective|p1b: GambolShroud|1\n|-enditem|p1b: GambolShroud|Focus Sash\n|-damage|p1b: GambolShroud|1/100\n|-status|p1b: GambolShroud|slp\n|-curestatus|p2a: Meganium|frz|[msg]\n|move|p2a: Meganium|Solar Beam||[still]\n|-prepare|p2a: Meganium|Solar Beam\n|-activate|p2a: Meganium|ability: Mega Sol\n|-anim|p2a: Meganium|Solar Beam|p1a: AllThingsMustDie\n|-resisted|p1a: AllThingsMustDie|1\n|-damage|p1a: AllThingsMustDie|60/100\n|cant|p1b: GambolShroud|slp\n|\n|-weather|none\n|upkeep\n|turn|6\n|inactive|ChronicNikos has 30 seconds left.\n|inactive|Shirokage#68 has 30 seconds left.\n|inactive|ChronicNikos has 20 seconds left.\n|inactive|Shirokage#68 has 20 seconds left.\n|\n|t:|1776268453\n|move|p2b: Sneasler|Dire Claw|p1b: GambolShroud\n|-supereffective|p1b: GambolShroud|1\n|-damage|p1b: GambolShroud|0 fnt\n|faint|p1b: GambolShroud\n|move|p1a: AllThingsMustDie|Sludge Bomb|p2a: Meganium\n|-supereffective|p2a: Meganium|2\n|-damage|p2a: Meganium|0 fnt\n|faint|p2a: Meganium\n|\n|upkeep\n|\n|t:|1776268461\n|switch|p2a: Farigiraf|Farigiraf, L50, F|100/100\n|switch|p1b: Time2SayGB|Politoed, L50, M|15/100\n|-weather|RainDance|[from] ability: Drizzle|[of] p1b: Time2SayGB\n|turn|7\n|\n|t:|1776268481\n|move|p1b: Time2SayGB|Protect|p1b: Time2SayGB\n|-singleturn|p1b: Time2SayGB|Protect\n|move|p2b: Sneasler|Dire Claw|p1b: Time2SayGB\n|-activate|p1b: Time2SayGB|move: Protect\n|move|p1a: AllThingsMustDie|Shadow Ball|p2b: Sneasler\n|-damage|p2b: Sneasler|0 fnt\n|faint|p2b: Sneasler\n|move|p2a: Farigiraf|Psychic|p1a: AllThingsMustDie\n|-supereffective|p1a: AllThingsMustDie|1\n|-damage|p1a: AllThingsMustDie|0 fnt\n|faint|p1a: AllThingsMustDie\n|\n|-weather|RainDance|[upkeep]\n|-heal|p1b: Time2SayGB|21/100|[from] item: Leftovers\n|upkeep\n|turn|8\n|\n|t:|1776268501\n|move|p1b: Time2SayGB|Weather Ball|p2a: Farigiraf\n|-damage|p2a: Farigiraf|50/100\n|move|p2a: Farigiraf|Psychic|p1b: Time2SayGB\n|-damage|p1b: Time2SayGB|0 fnt\n|faint|p1b: Time2SayGB\n|\n|win|Shirokage#68\n|raw|ChronicNikos's rating: 1282 &rarr; <strong>1256</strong><br />(-26 for losing)\n|raw|Shirokage#68's rating: 1263 &rarr; <strong>1289</strong><br />(+26 for winning)\n",
  "uploadtime": 1776268508,
  "views": 57,
  "formatid": "gen9championsvgc2026regma",
  "rating": 1256,
  "private": 0,
  "password": null
}