{
  "id": "gen9championsvgc2026regma-2584621738",
  "format": "[Gen 9 Champions] VGC 2026 Reg M-A",
  "players": [
    "g7ez",
    "chogi_an"
  ],
  "log": "|j|\u2606g7ez\n|j|\u2606chogi_an\n|t:|1776272672\n|gametype|doubles\n|player|p1|g7ez|bugcatcher-gen4dp|1142\n|player|p2|chogi_an|marlon|1131\n|gen|9\n|tier|[Gen 9 Champions] VGC 2026 Reg M-A\n|rated|\n|rule|Species Clause: Limit one of each Pok\u00e9mon\n|rule|Item Clause: Limit 1 of each item\n|clearpoke\n|poke|p1|Kangaskhan, L50, F|\n|poke|p1|Aerodactyl, L50, F|\n|poke|p1|Milotic, L50, F|\n|poke|p1|Sableye, L50, F|\n|poke|p1|Sinistcha-Masterpiece, L50|\n|poke|p1|Orthworm, L50, F|\n|poke|p2|Charizard, L50, M|\n|poke|p2|Pelipper, L50, M|\n|poke|p2|Heliolisk, L50, M|\n|poke|p2|Sneasler, L50, F|\n|poke|p2|Garchomp, L50, F|\n|poke|p2|Archaludon, L50, F|\n|teampreview|4\n|inactive|Battle timer is ON: inactive players will automatically lose when time's up. (requested by chogi_an)\n|inactive|g7ez has 60 seconds left.\n|\n|t:|1776272733\n|teamsize|p1|4\n|teamsize|p2|4\n|start\n|switch|p1a: Sableye|Sableye, L50, F|100/100\n|switch|p1b: Aerodactyl|Aerodactyl, L50, F|100/100\n|switch|p2a: Heliolisk|Heliolisk, L50, M|100/100\n|switch|p2b: Charizard|Charizard, L50, M|100/100\n|-ability|p1b: Aerodactyl|Unnerve\n|turn|1\n|inactive|g7ez has 30 seconds left.\n|\n|t:|1776272762\n|move|p2b: Charizard|Protect|p2b: Charizard\n|-singleturn|p2b: Charizard|Protect\n|move|p1a: Sableye|Fake Out|p2b: Charizard\n|-activate|p2b: Charizard|move: Protect\n|move|p1b: Aerodactyl|Rock Slide|p2a: Heliolisk|[spread] p2a\n|-activate|p2b: Charizard|move: Protect\n|-damage|p2a: Heliolisk|31/100\n|cant|p2a: Heliolisk|flinch\n|\n|upkeep\n|turn|2\n|\n|t:|1776272791\n|detailschange|p2b: Charizard|Charizard-Mega-Y, L50, M\n|-mega|p2b: Charizard|Charizard|Charizardite Y\n|-weather|SunnyDay|[from] ability: Drought|[of] p2b: Charizard\n|move|p1a: Sableye|Encore|p2b: Charizard\n|-start|p2b: Charizard|Encore\n|move|p2b: Charizard|Protect||[still]\n|-fail|p2b: Charizard\n|move|p1b: Aerodactyl|Tailwind|p1b: Aerodactyl\n|-sidestart|p1: g7ez|move: Tailwind\n|move|p2a: Heliolisk|Glare|p1b: Aerodactyl\n|-status|p1b: Aerodactyl|par\n|\n|-weather|SunnyDay|[upkeep]\n|-damage|p2a: Heliolisk|18/100|[from] ability: Solar Power|[of] p2a: Heliolisk\n|upkeep\n|turn|3\n|\n|t:|1776272815\n|switch|p1b: Kangaskhan|Kangaskhan, L50, F|100/100\n|switch|p2b: Garchomp|Garchomp, L50, F|100/100\n|move|p1a: Sableye|Sucker Punch|p2a: Heliolisk\n|-damage|p2a: Heliolisk|0 fnt\n|faint|p2a: Heliolisk\n|\n|-weather|SunnyDay|[upkeep]\n|upkeep\n|\n|t:|1776272824\n|switch|p2a: Sneasler|Sneasler, L50, F|100/100\n|turn|4\n|\n|t:|1776272843\n|switch|p1a: Aerodactyl|Aerodactyl, L50, F|100/100 par\n|-ability|p1a: Aerodactyl|Unnerve\n|detailschange|p1b: Kangaskhan|Kangaskhan-Mega, L50, F\n|-mega|p1b: Kangaskhan|Kangaskhan|Kangaskhanite\n|move|p2b: Garchomp|Helping Hand|p2a: Sneasler\n|-singleturn|p2a: Sneasler|Helping Hand|[of] p2b: Garchomp\n|move|p1b: Kangaskhan|Fake Out|p2a: Sneasler\n|-damage|p2a: Sneasler|66/100\n|-damage|p2a: Sneasler|58/100\n|-hitcount|p2a: Sneasler|2\n|cant|p2a: Sneasler|flinch\n|\n|-weather|SunnyDay|[upkeep]\n|upkeep\n|turn|5\n|\n|t:|1776272866\n|switch|p1a: Sableye|Sableye, L50, F|100/100\n|move|p2b: Garchomp|Helping Hand|p2a: Sneasler\n|-singleturn|p2a: Sneasler|Helping Hand|[of] p2b: Garchomp\n|move|p1b: Kangaskhan|Ice Punch|p2b: Garchomp\n|-supereffective|p2b: Garchomp|2\n|-damage|p2b: Garchomp|5/100\n|-damage|p1b: Kangaskhan|88/100|[from] ability: Rough Skin|[of] p2b: Garchomp\n|-supereffective|p2b: Garchomp|2\n|-damage|p2b: Garchomp|0 fnt\n|-damage|p1b: Kangaskhan|76/100|[from] ability: Rough Skin|[of] p2b: Garchomp\n|faint|p2b: Garchomp\n|-hitcount|p2: Garchomp|2\n|move|p2a: Sneasler|Close Combat|p1b: Kangaskhan\n|-supereffective|p1b: Kangaskhan|1\n|-damage|p1b: Kangaskhan|0 fnt\n|-unboost|p2a: Sneasler|def|1\n|-unboost|p2a: Sneasler|spd|1\n|faint|p1b: Kangaskhan\n|\n|-weather|SunnyDay|[upkeep]\n|-sideend|p1: g7ez|move: Tailwind\n|upkeep\n|\n|t:|1776272890\n|switch|p2b: Charizard|Charizard-Mega-Y, L50, M|100/100\n|switch|p1b: Aerodactyl|Aerodactyl, L50, F|100/100 par\n|-ability|p1b: Aerodactyl|Unnerve\n|turn|6\n|\n|t:|1776272906\n|move|p1a: Sableye|Rain Dance|p1a: Sableye\n|-weather|RainDance\n|move|p2a: Sneasler|Close Combat|p1b: Aerodactyl\n|-damage|p1b: Aerodactyl|0 fnt\n|-unboost|p2a: Sneasler|def|1\n|-unboost|p2a: Sneasler|spd|1\n|faint|p1b: Aerodactyl\n|move|p2b: Charizard|Solar Beam||[still]\n|-prepare|p2b: Charizard|Solar Beam\n|\n|-weather|RainDance|[upkeep]\n|upkeep\n|\n|t:|1776272916\n|switch|p1b: Milotic|Milotic, L50, F|100/100\n|turn|7\n|\n|t:|1776272929\n|move|p1a: Sableye|Sucker Punch|p2a: Sneasler\n|-resisted|p2a: Sneasler|1\n|-damage|p2a: Sneasler|8/100\n|-enditem|p2a: Sneasler|Sitrus Berry|[eat]\n|-heal|p2a: Sneasler|32/100|[from] item: Sitrus Berry\n|move|p2a: Sneasler|Close Combat|p1b: Milotic\n|-damage|p1b: Milotic|8/100\n|-unboost|p2a: Sneasler|def|1\n|-unboost|p2a: Sneasler|spd|1\n|move|p1b: Milotic|Weather Ball|p2b: Charizard\n|-supereffective|p2b: Charizard|1\n|-damage|p2b: Charizard|0 fnt\n|faint|p2b: Charizard\n|\n|-weather|RainDance|[upkeep]\n|upkeep\n|turn|8\n|\n|t:|1776272954\n|move|p1a: Sableye|Sucker Punch|p2a: Sneasler\n|-resisted|p2a: Sneasler|1\n|-damage|p2a: Sneasler|0 fnt\n|faint|p2a: Sneasler\n|\n|win|g7ez\n|raw|g7ez's rating: 1142 &rarr; <strong>1166</strong><br />(+24 for winning)\n|raw|chogi_an's rating: 1131 &rarr; <strong>1107</strong><br />(-24 for losing)\n|l|\u2606chogi_an\n|player|p2|\n",
  "uploadtime": 1776272964,
  "views": 19,
  "formatid": "gen9championsvgc2026regma",
  "rating": 1107,
  "private": 0,
  "password": null
}