{
  "id": "gen9championsvgc2026regma-2587312224",
  "format": "[Gen 9 Champions] VGC 2026 Reg M-A",
  "players": [
    "keatas",
    "spiralstars182"
  ],
  "log": "|j|\u2606keatas\n|j|\u2606spiralstars182\n|t:|1776520943\n|gametype|doubles\n|player|p1|keatas|101|1000\n|player|p2|spiralstars182|nurse|1101\n|gen|9\n|tier|[Gen 9 Champions] VGC 2026 Reg M-A\n|rated|\n|rule|Species Clause: Limit one of each Pok\u00e9mon\n|rule|Item Clause: Limit 1 of each item\n|clearpoke\n|poke|p1|Greninja, L50, F|\n|poke|p1|Hydrapple, L50, F|\n|poke|p1|Aggron, L50, M|\n|poke|p1|Oranguru, L50, M|\n|poke|p1|Archaludon, L50, M|\n|poke|p1|Cofagrigus, L50, M|\n|poke|p2|Charizard, L50, F|\n|poke|p2|Venusaur, L50, F|\n|poke|p2|Garchomp, L50, F|\n|poke|p2|Rotom-Wash, L50|\n|poke|p2|Whimsicott, L50, F|\n|poke|p2|Incineroar, L50, F|\n|teampreview|4\n|\n|t:|1776520975\n|teamsize|p1|4\n|teamsize|p2|4\n|start\n|switch|p1a: Aggron|Aggron, L50, M|100/100\n|switch|p1b: Oranguru|Oranguru, L50, M|100/100\n|switch|p2a: Whimsicott|Whimsicott, L50, F|100/100\n|switch|p2b: Incineroar|Incineroar, L50, F|100/100\n|-ability|p2b: Incineroar|Intimidate|boost\n|-unboost|p1a: Aggron|atk|1\n|-unboost|p1b: Oranguru|atk|1\n|turn|1\n|\n|t:|1776520999\n|detailschange|p1a: Aggron|Aggron-Mega, L50, M\n|-mega|p1a: Aggron|Aggron|Aggronite\n|move|p2b: Incineroar|Fake Out|p1b: Oranguru\n|-damage|p1b: Oranguru|86/100\n|move|p2a: Whimsicott|Moonblast|p1b: Oranguru\n|-damage|p1b: Oranguru|53/100\n|cant|p1b: Oranguru|flinch\n|move|p1a: Aggron|Rock Slide|p2a: Whimsicott|[spread] p2a,p2b\n|-supereffective|p2b: Incineroar|1\n|-damage|p2a: Whimsicott|86/100\n|-damage|p2b: Incineroar|80/100\n|\n|-heal|p2b: Incineroar|86/100|[from] item: Leftovers\n|upkeep\n|turn|2\n|\n|t:|1776521024\n|move|p2a: Whimsicott|Protect|p2a: Whimsicott\n|-singleturn|p2a: Whimsicott|Protect\n|move|p2b: Incineroar|Throat Chop|p1b: Oranguru\n|-supereffective|p1b: Oranguru|1\n|-enditem|p1b: Oranguru|Colbur Berry|[eat]\n|-enditem|p1b: Oranguru|Colbur Berry|[weaken]\n|-damage|p1b: Oranguru|7/100\n|-start|p1b: Oranguru|Throat Chop|[silent]\n|move|p1b: Oranguru|Light Screen|p1b: Oranguru\n|-sidestart|p1: keatas|move: Light Screen\n|move|p1a: Aggron|Body Press|p2b: Incineroar\n|-supereffective|p2b: Incineroar|1\n|-damage|p2b: Incineroar|7/100\n|\n|-heal|p2b: Incineroar|13/100|[from] item: Leftovers\n|upkeep\n|turn|3\n|\n|t:|1776521054\n|move|p2a: Whimsicott|Encore|p1b: Oranguru\n|-start|p1b: Oranguru|Encore\n|move|p2b: Incineroar|Parting Shot|p1a: Aggron\n|-unboost|p1a: Aggron|atk|1\n|-unboost|p1a: Aggron|spa|1\n|\n|t:|1776521060\n|switch|p2b: Venusaur|Venusaur, L50, F|100/100|[from] Parting Shot\n|move|p1b: Oranguru|Light Screen||[still]\n|-fail|p1b: Oranguru\n|move|p1a: Aggron|Rock Slide|p2b: Venusaur|[spread] p2a,p2b\n|-damage|p2a: Whimsicott|75/100\n|-damage|p2b: Venusaur|88/100\n|\n|-end|p1b: Oranguru|Throat Chop|[silent]\n|upkeep\n|turn|4\n|\n|t:|1776521080\n|switch|p2a: Charizard|Charizard, L50, F|100/100\n|move|p2b: Venusaur|Sleep Powder|p1a: Aggron\n|-status|p1a: Aggron|slp|[from] move: Sleep Powder\n|move|p1b: Oranguru|Light Screen||[still]\n|-fail|p1b: Oranguru\n|cant|p1a: Aggron|slp\n|\n|upkeep\n|turn|5\n|\n|t:|1776521099\n|switch|p1b: Cofagrigus|Cofagrigus, L50, M|100/100\n|detailschange|p2a: Charizard|Charizard-Mega-Y, L50, F\n|-mega|p2a: Charizard|Charizard|Charizardite Y\n|-weather|SunnyDay|[from] ability: Drought|[of] p2a: Charizard\n|move|p2b: Venusaur|Sludge Bomb|p1b: Cofagrigus\n|-resisted|p1b: Cofagrigus|1\n|-damage|p1b: Cofagrigus|86/100\n|move|p2a: Charizard|Heat Wave|p1b: Cofagrigus|[spread] p1a,p1b\n|-supereffective|p1a: Aggron|1\n|-crit|p1a: Aggron\n|-damage|p1a: Aggron|0 fnt\n|-damage|p1b: Cofagrigus|48/100\n|-enditem|p1b: Cofagrigus|Sitrus Berry|[eat]\n|-heal|p1b: Cofagrigus|73/100|[from] item: Sitrus Berry\n|faint|p1a: Aggron\n|\n|-weather|SunnyDay|[upkeep]\n|upkeep\n|\n|t:|1776521118\n|switch|p1a: Oranguru|Oranguru, L50, M|7/100\n|turn|6\n|\n|t:|1776521132\n|move|p2b: Venusaur|Sludge Bomb|p1a: Oranguru\n|-damage|p1a: Oranguru|0 fnt\n|faint|p1a: Oranguru\n|move|p2a: Charizard|Heat Wave|p1b: Cofagrigus\n|-damage|p1b: Cofagrigus|22/100\n|move|p1b: Cofagrigus|Destiny Bond|p1b: Cofagrigus\n|-singlemove|p1b: Cofagrigus|Destiny Bond\n|\n|-weather|SunnyDay|[upkeep]\n|-sideend|p1: keatas|move: Light Screen\n|upkeep\n|\n|t:|1776521144\n|switch|p1a: Archaludon|Archaludon, L50, M|100/100\n|turn|7\n|\n|t:|1776521157\n|move|p1a: Archaludon|Protect|p1a: Archaludon\n|-singleturn|p1a: Archaludon|Protect\n|move|p2b: Venusaur|Sleep Powder|p1a: Archaludon\n|-activate|p1a: Archaludon|move: Protect\n|move|p2a: Charizard|Weather Ball|p1a: Archaludon\n|-activate|p1a: Archaludon|move: Protect\n|move|p1b: Cofagrigus|Will-O-Wisp|p2b: Venusaur\n|-status|p2b: Venusaur|brn\n|\n|-weather|SunnyDay|[upkeep]\n|-damage|p2b: Venusaur|82/100 brn|[from] brn\n|upkeep\n|turn|8\n|\n|t:|1776521179\n|move|p2b: Venusaur|Leaf Storm|p1b: Cofagrigus\n|-damage|p1b: Cofagrigus|0 fnt\n|-unboost|p2b: Venusaur|spa|2\n|faint|p1b: Cofagrigus\n|move|p2a: Charizard|Weather Ball|p1a: Archaludon\n|-damage|p1a: Archaludon|0 fnt\n|faint|p1a: Archaludon\n|\n|win|spiralstars182\n|raw|keatas's rating: 1000 &rarr; <strong>1000</strong><br />(+0 for losing)\n|raw|spiralstars182's rating: 1101 &rarr; <strong>1119</strong><br />(+18 for winning)\n|l|\u2606keatas\n|player|p1|\n",
  "uploadtime": 1776521191,
  "views": 13,
  "formatid": "gen9championsvgc2026regma",
  "rating": 1000,
  "private": 0,
  "password": null
}