{
  "id": "gen9championsvgc2026regma-2586138565",
  "format": "[Gen 9 Champions] VGC 2026 Reg M-A",
  "players": [
    "yejahbdd",
    "ScorpioRat"
  ],
  "log": "|j|\u2606yejahbdd\n|j|\u2606ScorpioRat\n|t:|1776403803\n|gametype|doubles\n|player|p1|yejahbdd|265|1101\n|player|p2|ScorpioRat|1|1059\n|gen|9\n|tier|[Gen 9 Champions] VGC 2026 Reg M-A\n|rated|\n|rule|Species Clause: Limit one of each Pok\u00e9mon\n|rule|Item Clause: Limit 1 of each item\n|clearpoke\n|poke|p1|Dragapult, L50, F|\n|poke|p1|Lucario, L50, F|\n|poke|p1|Aerodactyl, L50, M|\n|poke|p1|Hatterene, L50, F|\n|poke|p1|Araquanid, L50, F|\n|poke|p1|Volcarona, L50, F|\n|poke|p2|Emboar, L50, F|\n|poke|p2|Crabominable, L50, F|\n|poke|p2|Whimsicott, L50, F|\n|poke|p2|Farigiraf, L50, M|\n|poke|p2|Incineroar, L50, M|\n|poke|p2|Venusaur, L50, F|\n|teampreview|4\n|inactive|Battle timer is ON: inactive players will automatically lose when time's up. (requested by yejahbdd)\n|\n|t:|1776403832\n|teamsize|p1|4\n|teamsize|p2|4\n|start\n|switch|p1a: Aerodactyl|Aerodactyl, L50, M|100/100\n|switch|p1b: Lucario|Lucario, L50, F|100/100\n|switch|p2a: Farigiraf|Farigiraf, L50, M|100/100\n|switch|p2b: Incineroar|Incineroar, L50, M|100/100\n|-ability|p1a: Aerodactyl|Unnerve\n|-ability|p2b: Incineroar|Intimidate|boost\n|-unboost|p1a: Aerodactyl|atk|1\n|-fail|p1b: Lucario|unboost|Attack|[from] ability: Inner Focus|[of] p1b: Lucario\n|turn|1\n|\n|t:|1776403850\n|detailschange|p1b: Lucario|Lucario-Mega, L50, F\n|-mega|p1b: Lucario|Lucario|Lucarionite\n|move|p1b: Lucario|Upper Hand||[still]\n|cant|p2a: Farigiraf|ability: Armor Tail|Upper Hand|[of] p1b: Lucario\n|move|p2b: Incineroar|Fake Out|p1a: Aerodactyl\n|-resisted|p1a: Aerodactyl|1\n|-damage|p1a: Aerodactyl|91/100\n|cant|p1a: Aerodactyl|flinch\n|move|p2a: Farigiraf|Trick Room|p2a: Farigiraf\n|-fieldstart|move: Trick Room|[of] p2a: Farigiraf\n|\n|upkeep\n|turn|2\n|\n|t:|1776403870\n|move|p1b: Lucario|Protect|p1b: Lucario\n|-singleturn|p1b: Lucario|Protect\n|move|p2a: Farigiraf|Thunderbolt|p1a: Aerodactyl\n|-supereffective|p1a: Aerodactyl|1\n|-damage|p1a: Aerodactyl|9/100\n|move|p2b: Incineroar|Parting Shot|p1b: Lucario\n|-activate|p1b: Lucario|move: Protect\n|move|p1a: Aerodactyl|Rock Slide|p2b: Incineroar|[spread] p2a,p2b\n|-supereffective|p2b: Incineroar|1\n|-damage|p2a: Farigiraf|82/100\n|-damage|p2b: Incineroar|70/100\n|\n|upkeep\n|turn|3\n|\n|t:|1776403891\n|move|p2a: Farigiraf|Hyper Voice|p1a: Aerodactyl|[spread] p1a,p1b\n|-resisted|p1a: Aerodactyl|1\n|-resisted|p1b: Lucario|1\n|-damage|p1a: Aerodactyl|0 fnt\n|-damage|p1b: Lucario|71/100\n|faint|p1a: Aerodactyl\n|move|p2b: Incineroar|Temper Flare|p1b: Lucario\n|-supereffective|p1b: Lucario|1\n|-damage|p1b: Lucario|0 fnt\n|faint|p1b: Lucario\n|\n|upkeep\n|\n|t:|1776403899\n|switch|p1b: Hatterene|Hatterene, L50, F|100/100\n|switch|p1a: Volcarona|Volcarona, L50, F|100/100\n|turn|4\n|\n|t:|1776403916\n|move|p1b: Hatterene|Dazzling Gleam|p2b: Incineroar|[spread] p2a,p2b\n|-damage|p2a: Farigiraf|48/100\n|-damage|p2b: Incineroar|36/100\n|-enditem|p2b: Incineroar|Sitrus Berry|[eat]\n|-heal|p2b: Incineroar|60/100|[from] item: Sitrus Berry\n|move|p2b: Incineroar|Darkest Lariat|p1b: Hatterene\n|-damage|p1b: Hatterene|50/100\n|move|p2a: Farigiraf|Hyper Voice|p1a: Volcarona|[spread] p1a,p1b\n|-damage|p1a: Volcarona|65/100\n|-damage|p1b: Hatterene|17/100\n|move|p1a: Volcarona|Heat Wave|p2a: Farigiraf|[spread] p2a,p2b\n|-resisted|p2b: Incineroar|1\n|-crit|p2b: Incineroar\n|-damage|p2a: Farigiraf|0 fnt\n|-damage|p2b: Incineroar|29/100\n|faint|p2a: Farigiraf\n|\n|upkeep\n|\n|t:|1776403936\n|switch|p2a: Crabominable|Crabominable, L50, F|100/100\n|turn|5\n|\n|t:|1776403949\n|move|p1a: Volcarona|Protect|p1a: Volcarona\n|-singleturn|p1a: Volcarona|Protect\n|move|p1b: Hatterene|Dazzling Gleam|p2b: Incineroar|[spread] p2a,p2b\n|-supereffective|p2a: Crabominable|1\n|-damage|p2a: Crabominable|14/100\n|-damage|p2b: Incineroar|0 fnt\n|faint|p2b: Incineroar\n|move|p2a: Crabominable|Rock Slide|p1b: Hatterene|[spread] p1b\n|-activate|p1a: Volcarona|move: Protect\n|-damage|p1b: Hatterene|0 fnt\n|faint|p1b: Hatterene\n|\n|-heal|p2a: Crabominable|20/100|[from] item: Leftovers\n|-fieldend|move: Trick Room\n|upkeep\n|\n|t:|1776403962\n|switch|p2b: Emboar|Emboar, L50, F|100/100\n|turn|6\n|\n|t:|1776403977\n|detailschange|p2b: Emboar|Emboar-Mega, L50, F\n|-mega|p2b: Emboar|Emboar|Emboarite\n|-ability|p2b: Emboar|Mold Breaker\n|move|p1a: Volcarona|Heat Wave|p2b: Emboar|[spread] p2a,p2b\n|-supereffective|p2a: Crabominable|1\n|-resisted|p2b: Emboar|1\n|-damage|p2a: Crabominable|0 fnt\n|-damage|p2b: Emboar|84/100\n|faint|p2a: Crabominable\n|move|p2b: Emboar|Flare Blitz|p1a: Volcarona\n|-damage|p1a: Volcarona|0 fnt\n|faint|p1a: Volcarona\n|-damage|p2b: Emboar|68/100|[from] Recoil\n|\n|win|ScorpioRat\n|raw|yejahbdd's rating: 1101 &rarr; <strong>1073</strong><br />(-28 for losing)\n|raw|ScorpioRat's rating: 1059 &rarr; <strong>1094</strong><br />(+35 for winning)\n|l|\u2606yejahbdd\n|player|p1|\n|c|\u2606ScorpioRat|gg\n",
  "uploadtime": 1776403990,
  "views": 16,
  "formatid": "gen9championsvgc2026regma",
  "rating": 1073,
  "private": 0,
  "password": null
}