{
  "id": "gen9championsvgc2026regma-2584738066",
  "format": "[Gen 9 Champions] VGC 2026 Reg M-A",
  "players": [
    "Bryhonic",
    "JCMT"
  ],
  "log": "|j|\u2606Bryhonic\n|j|\u2606JCMT\n|t:|1776280168\n|gametype|doubles\n|player|p1|Bryhonic|harlequin|1077\n|player|p2|JCMT|harlequin|1114\n|gen|9\n|tier|[Gen 9 Champions] VGC 2026 Reg M-A\n|rated|\n|rule|Species Clause: Limit one of each Pok\u00e9mon\n|rule|Item Clause: Limit 1 of each item\n|clearpoke\n|poke|p1|Meganium, L50, M|\n|poke|p1|Krookodile, L50, M|\n|poke|p1|Archaludon, L50, M|\n|poke|p1|Politoed, L50, F|\n|poke|p1|Gengar, L50, M|\n|poke|p1|Altaria, L50, F|\n|poke|p2|Glimmora, L50, F|\n|poke|p2|Ditto, L50|\n|poke|p2|Maushold-Four, L50|\n|poke|p2|Aegislash, L50, F|\n|poke|p2|Kangaskhan, L50, F|\n|poke|p2|Sylveon, L50, M|\n|teampreview|4\n|inactive|Battle timer is ON: inactive players will automatically lose when time's up. (requested by JCMT)\n|c|\u2606JCMT|glhf\nJCMT has agreed to open team sheets.\n|c|\u2606Bryhonic|glhf x2 <3\n|inactive|JCMT has 60 seconds left.\n|\n|t:|1776280220\n|teamsize|p1|4\n|teamsize|p2|4\n|start\n|switch|p1a: Archaludon|Archaludon, L50, M, shiny|100/100\n|switch|p1b: Politoed|Politoed, L50, F, shiny|100/100\n|switch|p2a: Ditto|Ditto, L50|100/100\n|switch|p2b: Aegislash|Aegislash, L50, F|100/100\n|-weather|RainDance|[from] ability: Drizzle|[of] p1b: Politoed\n|-transform|p2a: Ditto|p1b: Politoed|[from] ability: Imposter\n|turn|1\n|inactive|JCMT has 30 seconds left.\n|inactive|Bryhonic has 30 seconds left.\n|\n|t:|1776280253\n|move|p2a: Ditto|Protect|p2a: Ditto\n|-singleturn|p2a: Ditto|Protect\n|move|p1a: Archaludon|Electro Shot||[still]\n|-prepare|p1a: Archaludon|Electro Shot\n|-boost|p1a: Archaludon|spa|1\n|-anim|p1a: Archaludon|Electro Shot|p2a: Ditto\n|-activate|p2a: Ditto|move: Protect\n|move|p1b: Politoed|Weather Ball|p2b: Aegislash\n|-damage|p2b: Aegislash|57/100\n|-formechange|p2b: Aegislash|Aegislash-Blade|\n|move|p2b: Aegislash|Close Combat|p1a: Archaludon\n|-supereffective|p1a: Archaludon|1\n|-damage|p1a: Archaludon|27/100\n|-unboost|p2b: Aegislash|def|1\n|-unboost|p2b: Aegislash|spd|1\n|-ability|p1a: Archaludon|Stamina|boost\n|-boost|p1a: Archaludon|def|1\n|-enditem|p2b: Aegislash|White Herb\n|-clearnegativeboost|p2b: Aegislash|[silent]\n|\n|-weather|RainDance|[upkeep]\n|upkeep\n|turn|2\n|inactive|Bryhonic has 30 seconds left.\n|\n|t:|1776280281\n|switch|p1a: Gengar|Gengar, L50, M, shiny|100/100\n|switch|p2a: Glimmora|Glimmora, L50, F, shiny|100/100\n|-formechange|p2b: Aegislash|Aegislash|\n|move|p2b: Aegislash|King's Shield|p2b: Aegislash\n|-singleturn|p2b: Aegislash|Protect\n|move|p1b: Politoed|Weather Ball|p2b: Aegislash\n|-activate|p2b: Aegislash|move: Protect\n|\n|-weather|RainDance|[upkeep]\n|upkeep\n|turn|3\n|inactive|Bryhonic has 30 seconds left.\n|inactive|JCMT has 30 seconds left.\n|\n|t:|1776280316\n|switch|p1a: Archaludon|Archaludon, L50, M, shiny|27/100\n|detailschange|p2a: Glimmora|Glimmora-Mega, L50, F, shiny\n|-mega|p2a: Glimmora|Glimmora|Glimmoranite\n|move|p2a: Glimmora|Protect|p2a: Glimmora\n|-singleturn|p2a: Glimmora|Protect\n|move|p1b: Politoed|Weather Ball|p2a: Glimmora\n|-activate|p2a: Glimmora|move: Protect\n|-formechange|p2b: Aegislash|Aegislash-Blade|\n|move|p2b: Aegislash|Shadow Claw|p1a: Archaludon\n|-damage|p1a: Archaludon|0 fnt\n|faint|p1a: Archaludon\n|\n|-weather|RainDance|[upkeep]\n|upkeep\n|inactive|Bryhonic has 30 seconds left.\n|\n|t:|1776280343\n|switch|p1a: Meganium|Meganium, L50, M|100/100\n|turn|4\n|\n|t:|1776280355\n|switch|p2a: Sylveon|Sylveon, L50, M, shiny|100/100\n|detailschange|p1a: Meganium|Meganium-Mega, L50, M\n|-mega|p1a: Meganium|Meganium|Meganiumite\n|-formechange|p2b: Aegislash|Aegislash|\n|move|p2b: Aegislash|King's Shield|p2b: Aegislash\n|-singleturn|p2b: Aegislash|Protect\n|move|p1b: Politoed|Psychic|p2a: Sylveon\n|-damage|p2a: Sylveon|84/100\n|-unboost|p2a: Sylveon|spd|1\n|move|p1a: Meganium|Weather Ball|p2b: Aegislash\n|-activate|p2b: Aegislash|move: Protect\n|\n|-weather|RainDance|[upkeep]\n|upkeep\n|turn|5\n|inactive|JCMT has 30 seconds left.\n|\n|t:|1776280381\n|switch|p2b: Ditto|Ditto, L50|100/100\n|-transform|p2b: Ditto|p1a: Meganium|[from] ability: Imposter\n|move|p2a: Sylveon|Protect|p2a: Sylveon\n|-singleturn|p2a: Sylveon|Protect\n|move|p1b: Politoed|Weather Ball|p2a: Sylveon\n|-activate|p2a: Sylveon|move: Protect\n|move|p1a: Meganium|Weather Ball|p2b: Ditto\n|-supereffective|p2b: Ditto|1\n|-enditem|p2b: Ditto|Focus Sash\n|-damage|p2b: Ditto|1/100\n|\n|-weather|none\n|upkeep\n|turn|6\n|inactive|JCMT has 30 seconds left.\n|\n|t:|1776280413\n|switch|p1b: Gengar|Gengar, L50, M, shiny|100/100\n|switch|p2b: Glimmora|Glimmora-Mega, L50, F, shiny|100/100\n|move|p1a: Meganium|Dazzling Gleam|p2a: Sylveon|[spread] p2a,p2b\n|-crit|p2a: Sylveon\n|-resisted|p2b: Glimmora|1\n|-damage|p2a: Sylveon|32/100\n|-damage|p2b: Glimmora|79/100\n|move|p2a: Sylveon|Mystical Fire|p1a: Meganium\n|-supereffective|p1a: Meganium|1\n|-damage|p1a: Meganium|60/100\n|-unboost|p1a: Meganium|spa|1\n|\n|upkeep\n|turn|7\n|inactive|JCMT has 30 seconds left.\n|inactive|Bryhonic has 30 seconds left.\n|\n|t:|1776280444\n|switch|p1a: Politoed|Politoed, L50, F, shiny|100/100\n|-weather|RainDance|[from] ability: Drizzle|[of] p1a: Politoed\n|switch|p2a: Aegislash|Aegislash, L50, F|57/100\n|move|p2b: Glimmora|Sludge Bomb|p1a: Politoed\n|-damage|p1a: Politoed|30/100\n|-status|p1a: Politoed|psn\n|move|p1b: Gengar|Thunder|p2b: Glimmora\n|-damage|p2b: Glimmora|30/100\n|\n|-weather|RainDance|[upkeep]\n|-damage|p1a: Politoed|18/100 psn|[from] psn\n|upkeep\n|turn|8\n|inactive|Bryhonic has 30 seconds left.\n|\n|t:|1776280479\n|switch|p1b: Meganium|Meganium-Mega, L50, M|60/100\n|move|p2b: Glimmora|Protect|p2b: Glimmora\n|-singleturn|p2b: Glimmora|Protect\n|move|p1a: Politoed|Protect|p1a: Politoed\n|-singleturn|p1a: Politoed|Protect\n|-formechange|p2a: Aegislash|Aegislash-Blade|\n|move|p2a: Aegislash|Shadow Claw|p1b: Meganium\n|-damage|p1b: Meganium|21/100\n|\n|-weather|RainDance|[upkeep]\n|-damage|p1a: Politoed|6/100 psn|[from] psn\n|upkeep\n|turn|9\n|inactive|Bryhonic has 30 seconds left.\n|inactive|JCMT has 30 seconds left.\n|\n|t:|1776280513\n|switch|p2b: Ditto|Ditto, L50|1/100\n|-transform|p2b: Ditto|p1a: Politoed|[from] ability: Imposter\n|-formechange|p2a: Aegislash|Aegislash|\n|move|p2a: Aegislash|King's Shield|p2a: Aegislash\n|-singleturn|p2a: Aegislash|Protect\n|move|p1a: Politoed|Psychic|p2b: Ditto\n|-damage|p2b: Ditto|0 fnt\n|faint|p2b: Ditto\n|move|p1b: Meganium|Synthesis|p1b: Meganium\n|-heal|p1b: Meganium|88/100\n|\n|-weather|RainDance|[upkeep]\n|-damage|p1a: Politoed|0 fnt|[from] psn\n|faint|p1a: Politoed\n|upkeep\n|\n|t:|1776280527\n|switch|p1a: Gengar|Gengar, L50, M, shiny|100/100\n|switch|p2b: Glimmora|Glimmora-Mega, L50, F, shiny|30/100\n|turn|10\n|\n|t:|1776280545\n|move|p2b: Glimmora|Sludge Bomb|p1b: Meganium\n|-supereffective|p1b: Meganium|2\n|-damage|p1b: Meganium|0 fnt\n|faint|p1b: Meganium\n|move|p1a: Gengar|Shadow Ball|p2a: Aegislash\n|-supereffective|p2a: Aegislash|1\n|-damage|p2a: Aegislash|0 fnt\n|faint|p2a: Aegislash\n|\n|-weather|RainDance|[upkeep]\n|upkeep\n|\n|t:|1776280553\n|switch|p2a: Sylveon|Sylveon, L50, M, shiny|32/100\n|turn|11\n|\n|t:|1776280563\n|move|p2a: Sylveon|Quick Attack|p1a: Gengar\n|-resisted|p1a: Gengar|1\n|-damage|p1a: Gengar|88/100\n|-start|p2a: Sylveon|Disable|Quick Attack|[from] ability: Cursed Body|[of] p1a: Gengar\n|move|p2b: Glimmora|Earth Power|p1a: Gengar\n|-supereffective|p1a: Gengar|1\n|-damage|p1a: Gengar|0 fnt\n|faint|p1a: Gengar\n|\n|win|JCMT\n|raw|Bryhonic's rating: 1077 &rarr; <strong>1058</strong><br />(-19 for losing)\n|raw|JCMT's rating: 1114 &rarr; <strong>1136</strong><br />(+22 for winning)\n|c|\u2606JCMT|ggwp\n|c|\u2606Bryhonic|gg\n|l|\u2606Bryhonic\n|player|p1|\n",
  "uploadtime": 1776280573,
  "views": 23,
  "formatid": "gen9championsvgc2026regma",
  "rating": 1058,
  "private": 0,
  "password": null
}