{
  "id": "gen9championsvgc2026regma-2581735061",
  "format": "[Gen 9 Champions] VGC 2026 Reg M-A",
  "players": [
    "frequency420",
    "Faloman"
  ],
  "log": "|j|\u2606frequency420\n|j|\u2606Faloman\n|t:|1776024364\n|gametype|doubles\n|player|p1|frequency420|cynthia-gen4|1000\n|player|p2|Faloman|lucas|1008\n|gen|9\n|tier|[Gen 9 Champions] VGC 2026 Reg M-A\n|rated|\n|rule|Species Clause: Limit one of each Pok\u00e9mon\n|rule|Item Clause: Limit 1 of each item\n|clearpoke\n|poke|p1|Drampa, L50, M|\n|poke|p1|Hatterene, L50, F|\n|poke|p1|Kingambit, L50, F|\n|poke|p1|Slowking-Galar, L50, F|\n|poke|p1|Alcremie, L50, F|\n|poke|p1|Torterra, L50, M|\n|poke|p2|Excadrill, L50, M|\n|poke|p2|Milotic, L50, F|\n|poke|p2|Conkeldurr, L50, F|\n|poke|p2|Rotom-Wash, L50|\n|poke|p2|Whimsicott, L50, M|\n|poke|p2|Incineroar, L50, F|\n|teampreview|4\n|inactive|Battle timer is ON: inactive players will automatically lose when time's up. (requested by frequency420)\nfrequency420 has agreed to open team sheets.\n|inactive|frequency420 has 60 seconds left.\n|\n|t:|1776024395\n|teamsize|p1|4\n|teamsize|p2|4\n|start\n|switch|p1a: Slowking|Slowking-Galar, L50, F, shiny|100/100\n|switch|p1b: Drampa|Drampa, L50, M, shiny|100/100\n|switch|p2a: Excadrill|Excadrill, L50, M|100/100\n|switch|p2b: Incineroar|Incineroar, L50, F|100/100\n|-ability|p2a: Excadrill|Mold Breaker\n|-ability|p2b: Incineroar|Intimidate|boost\n|-unboost|p1a: Slowking|atk|1\n|-unboost|p1b: Drampa|atk|1\n|-clearboost|p1b: Drampa|[from] ability: Curious Medicine|[of] p1a: Slowking\n|turn|1\n|inactive|Faloman has 30 seconds left.\n|inactive|Faloman has 20 seconds left.\n|\n|t:|1776024433\n|switch|p1a: Hatterene|Hatterene, L50, F, shiny|100/100\n|detailschange|p2a: Excadrill|Excadrill-Mega, L50, M\n|-mega|p2a: Excadrill|Excadrill|Excadrite\n|detailschange|p1b: Drampa|Drampa-Mega, L50, M, shiny\n|-mega|p1b: Drampa|Drampa|Drampanite\n|move|p1b: Drampa|Protect|p1b: Drampa\n|-singleturn|p1b: Drampa|Protect\n|move|p2b: Incineroar|Fake Out|p1a: Hatterene\n|-damage|p1a: Hatterene|85/100\n|move|p2a: Excadrill|High Horsepower|p1b: Drampa|[miss]\n|-miss|p2a: Excadrill|p1b: Drampa\n|\n|upkeep\n|turn|2\n|inactive|Faloman has 30 seconds left.\n|inactive|Faloman has 20 seconds left.\n|\n|t:|1776024468\n|switch|p1b: Torterra|Torterra, L50, M, shiny|100/100\n|move|p2a: Excadrill|Iron Head|p1a: Hatterene\n|-supereffective|p1a: Hatterene|1\n|-damage|p1a: Hatterene|0 fnt\n|faint|p1a: Hatterene\n|move|p2b: Incineroar|Throat Chop|p1b: Torterra\n|-damage|p1b: Torterra|72/100\n|-start|p1b: Torterra|Throat Chop|[silent]\n|\n|upkeep\n|\n|t:|1776024481\n|switch|p1a: Slowking|Slowking-Galar, L50, F, shiny|100/100\n|-clearboost|p1b: Torterra|[from] ability: Curious Medicine|[of] p1a: Slowking\n|turn|3\n|inactive|Faloman has 30 seconds left.\n|\n|t:|1776024512\n|move|p2a: Excadrill|Protect|p2a: Excadrill\n|-singleturn|p2a: Excadrill|Protect\n|move|p2b: Incineroar|Throat Chop|p1a: Slowking\n|-supereffective|p1a: Slowking|1\n|-damage|p1a: Slowking|26/100\n|-start|p1a: Slowking|Throat Chop|[silent]\n|move|p1b: Torterra|High Horsepower|p2a: Excadrill\n|-activate|p2a: Excadrill|move: Protect\n|move|p1a: Slowking|Trick Room|p1a: Slowking\n|-fieldstart|move: Trick Room|[of] p1a: Slowking\n|\n|-heal|p1a: Slowking|32/100|[from] item: Leftovers\n|-end|p1b: Torterra|Throat Chop|[silent]\n|upkeep\n|turn|4\n|inactive|Faloman has 30 seconds left.\n|\n|t:|1776024540\n|switch|p2a: Whimsicott|Whimsicott, L50, M|100/100\n|move|p1a: Slowking|Sludge Bomb|p2b: Incineroar\n|-damage|p2b: Incineroar|67/100\n|move|p1b: Torterra|High Horsepower|p2a: Whimsicott\n|-resisted|p2a: Whimsicott|1\n|-damage|p2a: Whimsicott|72/100\n|move|p2b: Incineroar|Flare Blitz|p1b: Torterra\n|-supereffective|p1b: Torterra|1\n|-damage|p1b: Torterra|0 fnt\n|faint|p1b: Torterra\n|-damage|p2b: Incineroar|41/100|[from] Recoil\n|-enditem|p2b: Incineroar|Sitrus Berry|[eat]\n|-heal|p2b: Incineroar|66/100|[from] item: Sitrus Berry\n|\n|-heal|p1a: Slowking|38/100|[from] item: Leftovers\n|-end|p1a: Slowking|Throat Chop|[silent]\n|upkeep\n|\n|t:|1776024544\n|switch|p1b: Drampa|Drampa-Mega, L50, M, shiny|100/100\n|turn|5\n|inactive|Faloman has 30 seconds left.\n|\n|t:|1776024575\n|move|p1a: Slowking|Sludge Bomb|p2a: Whimsicott\n|-supereffective|p2a: Whimsicott|2\n|-damage|p2a: Whimsicott|0 fnt\n|faint|p2a: Whimsicott\n|move|p1b: Drampa|Calm Mind|p1b: Drampa\n|-boost|p1b: Drampa|spa|1\n|-boost|p1b: Drampa|spd|1\n|move|p2b: Incineroar|Throat Chop|p1a: Slowking\n|-supereffective|p1a: Slowking|1\n|-damage|p1a: Slowking|0 fnt\n|faint|p1a: Slowking\n|\n|upkeep\n|\n|t:|1776024596\n|switch|p2a: Excadrill|Excadrill-Mega, L50, M|100/100\n|turn|6\n|\n|t:|1776024617\n|move|p1b: Drampa|Hyper Voice|p2a: Excadrill|[spread] p2a,p2b\n|-resisted|p2a: Excadrill|1\n|-damage|p2a: Excadrill|51/100\n|-damage|p2b: Incineroar|7/100\n|move|p2b: Incineroar|Throat Chop|p1b: Drampa\n|-damage|p1b: Drampa|71/100\n|-start|p1b: Drampa|Throat Chop|[silent]\n|move|p2a: Excadrill|High Horsepower|p1b: Drampa\n|-damage|p1b: Drampa|17/100\n|-ability|p1b: Drampa|Berserk|boost\n|-boost|p1b: Drampa|spa|1\n|\n|upkeep\n|turn|7\n|-message|frequency420 forfeited.\n|\n|win|Faloman\n|raw|frequency420's rating: 1000 &rarr; <strong>1000</strong><br />(+0 for losing)\n|raw|Faloman's rating: 1008 &rarr; <strong>1046</strong><br />(+38 for winning)\n|l|\u2606frequency420\n|player|p1|\n",
  "uploadtime": 1776024646,
  "views": 13,
  "formatid": "gen9championsvgc2026regma",
  "rating": 1000,
  "private": 0,
  "password": null
}