{
  "id": "gen9championsvgc2026regma-2585399118",
  "format": "[Gen 9 Champions] VGC 2026 Reg M-A",
  "players": [
    "GabsFenix",
    "ttgffi"
  ],
  "log": "|j|\u2606GabsFenix\n|j|\u2606ttgffi\n|t:|1776344446\n|gametype|doubles\n|player|p1|GabsFenix|169|1091\n|player|p2|ttgffi|1|1024\n|gen|9\n|tier|[Gen 9 Champions] VGC 2026 Reg M-A\n|rated|\n|rule|Species Clause: Limit one of each Pok\u00e9mon\n|rule|Item Clause: Limit 1 of each item\n|clearpoke\n|poke|p1|Glimmora, L50, M|\n|poke|p1|Maushold, L50|\n|poke|p1|Talonflame, L50, M|\n|poke|p1|Garchomp, L50, M|\n|poke|p1|Floette-Eternal, L50, F|\n|poke|p1|Corviknight, L50, M|\n|poke|p2|Gyarados, L50, F|\n|poke|p2|Torterra, L50, M|\n|poke|p2|Skarmory, L50, F|\n|poke|p2|Hydreigon, L50, F|\n|poke|p2|Gardevoir, L50, F|\n|poke|p2|Rhyperior, L50, F|\n|teampreview|4\n|\n|t:|1776344464\n|teamsize|p1|4\n|teamsize|p2|4\n|start\n|switch|p1a: Talonflame|Talonflame, L50, M|100/100\n|switch|p1b: Floette|Floette-Eternal, L50, F|100/100\n|switch|p2a: Skarmory|Skarmory, L50, F|100/100\n|switch|p2b: Torterra|Torterra, L50, M|100/100\n|turn|1\n|\n|t:|1776344485\n|switch|p1b: Maushold|Maushold, L50|100/100\n|move|p1a: Talonflame|Tailwind|p1a: Talonflame\n|-sidestart|p1: GabsFenix|move: Tailwind\n|move|p2a: Skarmory|Tailwind|p2a: Skarmory\n|-sidestart|p2: ttgffi|move: Tailwind\n|move|p2b: Torterra|Iron Head|p1b: Maushold\n|-damage|p1b: Maushold|78/100\n|\n|upkeep\n|turn|2\n|\n|t:|1776344507\n|move|p1b: Maushold|Follow Me|p1b: Maushold\n|-singleturn|p1b: Maushold|move: Follow Me\n|move|p1a: Talonflame|Flare Blitz|p2a: Skarmory\n|-supereffective|p2a: Skarmory|1\n|-damage|p2a: Skarmory|12/100\n|-damage|p1a: Talonflame|71/100|[from] Recoil\n|move|p2a: Skarmory|Body Press|p1b: Maushold\n|-supereffective|p1b: Maushold|1\n|-damage|p1b: Maushold|31/100\n|-enditem|p1b: Maushold|Sitrus Berry|[eat]\n|-heal|p1b: Maushold|56/100|[from] item: Sitrus Berry\n|move|p2b: Torterra|Body Press|p1b: Maushold\n|-supereffective|p1b: Maushold|1\n|-damage|p1b: Maushold|24/100\n|\n|upkeep\n|turn|3\n|\n|t:|1776344540\n|switch|p2b: Gyarados|Gyarados, L50, F|100/100\n|move|p1a: Talonflame|Brave Bird|p2b: Gyarados\n|-damage|p2b: Gyarados|23/100\n|-damage|p1a: Talonflame|40/100|[from] Recoil\n|move|p1b: Maushold|Super Fang|p2a: Skarmory\n|-damage|p2a: Skarmory|6/100\n|move|p2a: Skarmory|Body Press|p1b: Maushold\n|-supereffective|p1b: Maushold|1\n|-damage|p1b: Maushold|0 fnt\n|faint|p1b: Maushold\n|\n|upkeep\n|\n|t:|1776344545\n|switch|p1b: Floette|Floette-Eternal, L50, F|100/100\n|turn|4\n|\n|t:|1776344573\n|detailschange|p1b: Floette|Floette-Mega, L50, F\n|-mega|p1b: Floette|Floette|Floettite\n|-ability|p1b: Floette|Fairy Aura\n|detailschange|p2b: Gyarados|Gyarados-Mega, L50, F\n|-mega|p2b: Gyarados|Gyarados|Gyaradosite\n|-ability|p2b: Gyarados|Mold Breaker\n|move|p1a: Talonflame|Flare Blitz|p2a: Skarmory\n|-supereffective|p2a: Skarmory|1\n|-damage|p2a: Skarmory|0 fnt\n|faint|p2a: Skarmory\n|-damage|p1a: Talonflame|39/100|[from] Recoil\n|move|p1b: Floette|Moonblast|p2b: Gyarados\n|-supereffective|p2b: Gyarados|1\n|-damage|p2b: Gyarados|0 fnt\n|faint|p2b: Gyarados\n|\n|-sideend|p1: GabsFenix|move: Tailwind\n|-sideend|p2: ttgffi|move: Tailwind\n|upkeep\n|\n|t:|1776344593\n|switch|p2b: Hydreigon|Hydreigon, L50, F|100/100\n|switch|p2a: Torterra|Torterra, L50, M|100/100\n|turn|5\n|\n|t:|1776344614\n|move|p1a: Talonflame|Tailwind|p1a: Talonflame\n|-sidestart|p1: GabsFenix|move: Tailwind\n|move|p1b: Floette|Dazzling Gleam|p2b: Hydreigon|[spread] p2a,p2b\n|-supereffective|p2b: Hydreigon|2\n|-damage|p2a: Torterra|54/100\n|-enditem|p2b: Hydreigon|Focus Sash\n|-damage|p2b: Hydreigon|1/100\n|move|p2b: Hydreigon|Hyper Voice|p1b: Floette|[spread] p1a,p1b\n|-damage|p1a: Talonflame|2/100\n|-damage|p1b: Floette|82/100\n|move|p2a: Torterra|Iron Head|p1b: Floette\n|-supereffective|p1b: Floette|1\n|-damage|p1b: Floette|19/100\n|\n|-heal|p2a: Torterra|60/100|[from] item: Leftovers\n|upkeep\n|turn|6\n|\n|t:|1776344636\n|move|p1a: Talonflame|Brave Bird|p2a: Torterra\n|-supereffective|p2a: Torterra|1\n|-damage|p2a: Torterra|0 fnt\n|faint|p2a: Torterra\n|-damage|p1a: Talonflame|0 fnt|[from] Recoil\n|faint|p1a: Talonflame\n|move|p1b: Floette|Dazzling Gleam|p2b: Hydreigon\n|-supereffective|p2b: Hydreigon|2\n|-damage|p2b: Hydreigon|0 fnt\n|faint|p2b: Hydreigon\n|\n|win|GabsFenix\n|raw|GabsFenix's rating: 1091 &rarr; <strong>1112</strong><br />(+21 for winning)\n|raw|ttgffi's rating: 1024 &rarr; <strong>1013</strong><br />(-11 for losing)\n",
  "uploadtime": 1776344647,
  "views": 21,
  "formatid": "gen9championsvgc2026regma",
  "rating": 1013,
  "private": 0,
  "password": null
}