{
  "id": "gen9championsvgc2026regma-2584754362",
  "format": "[Gen 9 Champions] VGC 2026 Reg M-A",
  "players": [
    "Gerad33",
    "sun goes wrong"
  ],
  "log": "|j|\u2606Gerad33\n|j|\u2606sun goes wrong\n|t:|1776281304\n|gametype|doubles\n|player|p1|Gerad33|hoopster|1030\n|player|p2|sun goes wrong|1|1058\n|gen|9\n|tier|[Gen 9 Champions] VGC 2026 Reg M-A\n|rated|\n|rule|Species Clause: Limit one of each Pok\u00e9mon\n|rule|Item Clause: Limit 1 of each item\n|clearpoke\n|poke|p1|Charizard, L50, F|\n|poke|p1|Maushold-Four, L50|\n|poke|p1|Sneasler, L50, F|\n|poke|p1|Dragapult, L50, F|\n|poke|p1|Kingambit, L50, F|\n|poke|p1|Garchomp, L50, M|\n|poke|p2|Dragapult, L50, F|\n|poke|p2|Primarina, L50, M|\n|poke|p2|Sylveon, L50, M|\n|poke|p2|Drampa, L50, M|\n|poke|p2|Sinistcha-Masterpiece, L50|\n|poke|p2|Incineroar, L50, M|\n|teampreview|4\n|\n|t:|1776281334\n|teamsize|p1|4\n|teamsize|p2|4\n|start\n|switch|p1a: Sneasler|Sneasler, L50, F, shiny|100/100\n|switch|p1b: Kingambit|Kingambit, L50, F|100/100\n|switch|p2a: Drampa|Drampa, L50, M|100/100\n|switch|p2b: Dragapult|Dragapult, L50, F|100/100\n|turn|1\n|\n|t:|1776281354\n|move|p2a: Drampa|Protect|p2a: Drampa\n|-singleturn|p2a: Drampa|Protect\n|move|p1a: Sneasler|Fake Out|p2a: Drampa\n|-activate|p2a: Drampa|move: Protect\n|move|p2b: Dragapult|Draco Meteor|p1a: Sneasler\n|-damage|p1a: Sneasler|25/100\n|-unboost|p2b: Dragapult|spa|2\n|move|p1b: Kingambit|Kowtow Cleave|p2b: Dragapult\n|-supereffective|p2b: Dragapult|1\n|-damage|p2b: Dragapult|0 fnt\n|faint|p2b: Dragapult\n|\n|upkeep\n|\n|t:|1776281366\n|switch|p2b: Incineroar|Incineroar, L50, M|100/100\n|-ability|p2b: Incineroar|Intimidate|boost\n|-unboost|p1a: Sneasler|atk|1\n|-unboost|p1b: Kingambit|atk|1\n|-ability|p1b: Kingambit|Defiant|boost\n|-boost|p1b: Kingambit|atk|2\n|turn|2\n|\n|t:|1776281387\n|detailschange|p2a: Drampa|Drampa-Mega, L50, M\n|-mega|p2a: Drampa|Drampa|Drampanite\n|move|p1a: Sneasler|Fake Out||[still]\n|-hint|Fake Out only works on your first turn out.\n|-fail|p1a: Sneasler\n|move|p2b: Incineroar|Fake Out|p1a: Sneasler\n|-damage|p1a: Sneasler|2/100\n|move|p1b: Kingambit|Kowtow Cleave|p2a: Drampa\n|-damage|p2a: Drampa|14/100\n|-ability|p2a: Drampa|Berserk|boost\n|-boost|p2a: Drampa|spa|1\n|move|p2a: Drampa|Hyper Voice|p1a: Sneasler|[spread] p1a,p1b\n|-resisted|p1b: Kingambit|1\n|-crit|p1b: Kingambit\n|-damage|p1a: Sneasler|0 fnt\n|-damage|p1b: Kingambit|51/100\n|faint|p1a: Sneasler\n|\n|upkeep\n|\n|t:|1776281391\n|switch|p1a: Maushold|Maushold-Four, L50|100/100\n|turn|3\n|\n|t:|1776281405\n|move|p2a: Drampa|Protect|p2a: Drampa\n|-singleturn|p2a: Drampa|Protect\n|move|p1a: Maushold|Follow Me|p1a: Maushold\n|-singleturn|p1a: Maushold|move: Follow Me\n|move|p1b: Kingambit|Sucker Punch||[still]\n|-fail|p1b: Kingambit\n|move|p2b: Incineroar|Flare Blitz|p1a: Maushold\n|-damage|p1a: Maushold|18/100\n|-damage|p2b: Incineroar|73/100|[from] Recoil\n|\n|upkeep\n|turn|4\n|\n|t:|1776281430\n|move|p1a: Maushold|Encore|p2a: Drampa\n|-start|p2a: Drampa|Encore\n|move|p2a: Drampa|Protect|p2a: Drampa\n|-singleturn|p2a: Drampa|Protect\n|move|p2b: Incineroar|Flare Blitz|p1b: Kingambit\n|-supereffective|p1b: Kingambit|1\n|-damage|p1b: Kingambit|0 fnt\n|faint|p1b: Kingambit\n|-damage|p2b: Incineroar|55/100|[from] Recoil\n|\n|upkeep\n|\n|t:|1776281437\n|switch|p1b: Charizard|Charizard, L50, F, shiny|100/100\n|turn|5\n|\n|t:|1776281448\n|detailschange|p1b: Charizard|Charizard-Mega-Y, L50, F, shiny\n|-mega|p1b: Charizard|Charizard|Charizardite Y\n|-weather|SunnyDay|[from] ability: Drought|[of] p1b: Charizard\n|move|p1a: Maushold|Protect|p1a: Maushold\n|-singleturn|p1a: Maushold|Protect\n|move|p2a: Drampa|Protect||[still]\n|-fail|p2a: Drampa\n|move|p1b: Charizard|Heat Wave|p2a: Drampa|[spread] p2a,p2b\n|-resisted|p2a: Drampa|1\n|-resisted|p2b: Incineroar|1\n|-damage|p2a: Drampa|0 fnt\n|-damage|p2b: Incineroar|21/100\n|faint|p2a: Drampa\n|move|p2b: Incineroar|Parting Shot|p1b: Charizard\n|-unboost|p1b: Charizard|atk|1\n|-unboost|p1b: Charizard|spa|1\n|\n|t:|1776281463\n|switch|p2b: Primarina|Primarina, L50, M|100/100|[from] Parting Shot\n|\n|-weather|SunnyDay|[upkeep]\n|upkeep\n|\n|t:|1776281464\n|switch|p2a: Incineroar|Incineroar, L50, M|21/100\n|-ability|p2a: Incineroar|Intimidate|boost\n|-unboost|p1a: Maushold|atk|1\n|-unboost|p1b: Charizard|atk|1\n|turn|6\n|\n|t:|1776281481\n|move|p2a: Incineroar|Fake Out|p1b: Charizard\n|-damage|p1b: Charizard|87/100\n|move|p1a: Maushold|Encore|p2a: Incineroar\n|-start|p2a: Incineroar|Encore\n|cant|p1b: Charizard|flinch\n|move|p2b: Primarina|Hyper Voice|p1a: Maushold|[spread] p1a,p1b\n|-supereffective|p1b: Charizard|1\n|-damage|p1a: Maushold|0 fnt\n|-damage|p1b: Charizard|60/100\n|faint|p1a: Maushold\n|\n|-weather|SunnyDay|[upkeep]\n|upkeep\n|turn|7\n|\n|t:|1776281495\n|move|p2b: Primarina|Protect|p2b: Primarina\n|-singleturn|p2b: Primarina|Protect\n|move|p2a: Incineroar|Fake Out||[still]\n|-hint|Fake Out only works on your first turn out.\n|-fail|p2a: Incineroar\n|move|p1b: Charizard|Solar Beam||[still]\n|-prepare|p1b: Charizard|Solar Beam\n|-anim|p1b: Charizard|Solar Beam|p2b: Primarina\n|-activate|p2b: Primarina|move: Protect\n|\n|-weather|SunnyDay|[upkeep]\n|upkeep\n|turn|8\n|\n|t:|1776281506\n|move|p1b: Charizard|Solar Beam||[still]\n|-prepare|p1b: Charizard|Solar Beam\n|-anim|p1b: Charizard|Solar Beam|p2b: Primarina\n|-supereffective|p2b: Primarina|1\n|-damage|p2b: Primarina|48/100\n|-activate|p2a: Incineroar|move: Struggle\n|move|p2a: Incineroar|Struggle|p1b: Charizard\n|-damage|p1b: Charizard|39/100\n|-damage|p2a: Incineroar|0 fnt|[from] recoil\n|faint|p2a: Incineroar\n|move|p2b: Primarina|Hyper Voice|p1b: Charizard\n|-supereffective|p1b: Charizard|1\n|-damage|p1b: Charizard|0 fnt\n|faint|p1b: Charizard\n|\n|win|sun goes wrong\n|raw|Gerad33's rating: 1030 &rarr; <strong>1017</strong><br />(-13 for losing)\n|raw|sun goes wrong's rating: 1058 &rarr; <strong>1087</strong><br />(+29 for winning)\n|l|\u2606Gerad33\n|player|p1|\n",
  "uploadtime": 1776281518,
  "views": 31,
  "formatid": "gen9championsvgc2026regma",
  "rating": 1017,
  "private": 0,
  "password": null
}