{
  "id": "gen9championsvgc2026regma-2580342410",
  "format": "[Gen 9 Champions] VGC 2026 Reg M-A",
  "players": [
    "bl4ze4444",
    "xythas"
  ],
  "log": "|j|\u2606bl4ze4444\n|j|\u2606xythas\n|t:|1775882804\n|gametype|doubles\n|player|p1|bl4ze4444|steven|1080\n|player|p2|xythas|169|1111\n|gen|9\n|tier|[Gen 9 Champions] VGC 2026 Reg M-A\n|rated|\n|rule|Species Clause: Limit one of each Pok\u00e9mon\n|rule|Item Clause: Limit 1 of each item\n|clearpoke\n|poke|p1|Froslass, L50, F|\n|poke|p1|Kingambit, L50, M|\n|poke|p1|Whimsicott, L50, F|\n|poke|p1|Arcanine-Hisui, L50, M|\n|poke|p1|Garchomp, L50, F|\n|poke|p1|Rotom-Wash, L50|\n|poke|p2|Pinsir, L50, M|\n|poke|p2|Aerodactyl, L50, M|\n|poke|p2|Rotom-Wash, L50|\n|poke|p2|Aegislash, L50, F|\n|poke|p2|Garchomp, L50, F|\n|poke|p2|Froslass, L50, F|\n|teampreview|4\n|inactive|Battle timer is ON: inactive players will automatically lose when time's up. (requested by xythas)\n|inactive|xythas has 60 seconds left.\n|inactive|bl4ze4444 has 60 seconds left.\n|inactive|xythas has 30 seconds left.\n|\n|t:|1775882873\n|teamsize|p1|4\n|teamsize|p2|4\n|start\n|switch|p1a: Froslass|Froslass, L50, F|100/100\n|switch|p1b: Whimsicott|Whimsicott, L50, F|100/100\n|switch|p2a: Froslass|Froslass, L50, F|100/100\n|switch|p2b: Garchomp|Garchomp, L50, F|100/100\n|turn|1\n|inactive|bl4ze4444 has 30 seconds left.\n|inactive|xythas has 30 seconds left.\n|inactive|xythas has 20 seconds left.\n|\n|t:|1775882911\n|detailschange|p2a: Froslass|Froslass-Mega, L50, F\n|-mega|p2a: Froslass|Froslass|Froslassite\n|-weather|Snowscape|[from] ability: Snow Warning|[of] p2a: Froslass\n|move|p1b: Whimsicott|Protect|p1b: Whimsicott\n|-singleturn|p1b: Whimsicott|Protect\n|move|p1a: Froslass|Protect|p1a: Froslass\n|-singleturn|p1a: Froslass|Protect\n|move|p2b: Garchomp|Rock Slide|p1a: Froslass|[spread] \n|-activate|p1a: Froslass|move: Protect\n|-activate|p1b: Whimsicott|move: Protect\n|move|p2a: Froslass|Aurora Veil|p2a: Froslass\n|-sidestart|p2: xythas|move: Aurora Veil\n|\n|-weather|Snowscape|[upkeep]\n|upkeep\n|turn|2\n|inactive|xythas has 30 seconds left.\n|\n|t:|1775882938\n|switch|p2b: Aegislash|Aegislash, L50, F|100/100\n|detailschange|p1a: Froslass|Froslass-Mega, L50, F\n|-mega|p1a: Froslass|Froslass|Froslassite\n|move|p1b: Whimsicott|Tailwind|p1b: Whimsicott\n|-sidestart|p1: bl4ze4444|move: Tailwind\n|move|p1a: Froslass|Shadow Ball|p2a: Froslass\n|-supereffective|p2a: Froslass|1\n|-damage|p2a: Froslass|35/100\n|move|p2a: Froslass|Shadow Ball|p1a: Froslass\n|-supereffective|p1a: Froslass|1\n|-damage|p1a: Froslass|0 fnt\n|faint|p1a: Froslass\n|\n|-weather|Snowscape|[upkeep]\n|upkeep\n|\n|t:|1775882961\n|switch|p1a: Arcanine|Arcanine-Hisui, L50, M|100/100\n|-ability|p1a: Arcanine|Intimidate|boost\n|-unboost|p2a: Froslass|atk|1\n|-unboost|p2b: Aegislash|atk|1\n|turn|3\n|inactive|xythas has 30 seconds left.\n|inactive|xythas has 20 seconds left.\n|\n|t:|1775882998\n|switch|p2a: Garchomp|Garchomp, L50, F|100/100\n|move|p1b: Whimsicott|Protect|p1b: Whimsicott\n|-singleturn|p1b: Whimsicott|Protect\n|move|p1a: Arcanine|Flare Blitz|p2a: Garchomp\n|-resisted|p2a: Garchomp|1\n|-damage|p2a: Garchomp|82/100\n|-status|p2a: Garchomp|brn\n|-damage|p1a: Arcanine|88/100|[from] ability: Rough Skin|[of] p2a: Garchomp\n|-damage|p1a: Arcanine|82/100|[from] Recoil\n|-formechange|p2b: Aegislash|Aegislash-Blade|\n|move|p2b: Aegislash|Flash Cannon|p1a: Arcanine\n|-damage|p1a: Arcanine|23/100\n|\n|-weather|Snowscape|[upkeep]\n|-damage|p2a: Garchomp|76/100 brn|[from] brn\n|upkeep\n|turn|4\n|inactive|bl4ze4444 has 30 seconds left.\n|inactive|bl4ze4444 has 20 seconds left.\n|inactive|bl4ze4444 has 15 seconds left.\n|\n|t:|1775883041\n|move|p1b: Whimsicott|Encore|p2b: Aegislash\n|-start|p2b: Aegislash|Encore\n|move|p1a: Arcanine|Flare Blitz|p2b: Aegislash\n|-supereffective|p2b: Aegislash|1\n|-damage|p2b: Aegislash|0 fnt\n|faint|p2b: Aegislash\n|-damage|p1a: Arcanine|0 fnt|[from] Recoil\n|faint|p1a: Arcanine\n|move|p2a: Garchomp|Rock Slide|p1b: Whimsicott|[miss]\n|-miss|p2a: Garchomp|p1b: Whimsicott\n|\n|-weather|Snowscape|[upkeep]\n|-damage|p2a: Garchomp|70/100 brn|[from] brn\n|upkeep\n|\n|t:|1775883057\n|switch|p1a: Rotom|Rotom-Wash, L50|100/100\n|switch|p2b: Aerodactyl|Aerodactyl, L50, M|100/100\n|-ability|p2b: Aerodactyl|Unnerve\n|turn|5\n|inactive|bl4ze4444 has 30 seconds left.\n|\n|t:|1775883087\n|switch|p2a: Froslass|Froslass-Mega, L50, F|35/100\n|move|p1b: Whimsicott|Moonblast|p2b: Aerodactyl\n|-damage|p2b: Aerodactyl|65/100\n|move|p1a: Rotom|Hydro Pump|p2b: Aerodactyl|[miss]\n|-miss|p1a: Rotom|p2b: Aerodactyl\n|move|p2b: Aerodactyl|Tailwind|p2b: Aerodactyl\n|-sidestart|p2: xythas|move: Tailwind\n|\n|-weather|none\n|-sideend|p1: bl4ze4444|move: Tailwind\n|-sideend|p2: xythas|move: Aurora Veil\n|upkeep\n|turn|6\n|inactive|bl4ze4444 has 30 seconds left.\n|inactive|xythas has 30 seconds left.\n|\n|t:|1775883121\n|switch|p2b: Garchomp|Garchomp, L50, F|70/100 brn\n|move|p1b: Whimsicott|Tailwind|p1b: Whimsicott\n|-sidestart|p1: bl4ze4444|move: Tailwind\n|move|p2a: Froslass|Shadow Ball|p1a: Rotom\n|-damage|p1a: Rotom|52/100\n|-unboost|p1a: Rotom|spd|1\n|move|p1a: Rotom|Thunderbolt|p2a: Froslass\n|-damage|p2a: Froslass|0 fnt\n|faint|p2a: Froslass\n|\n|-damage|p2b: Garchomp|64/100 brn|[from] brn\n|upkeep\n|\n|t:|1775883133\n|switch|p2a: Aerodactyl|Aerodactyl, L50, M|65/100\n|-ability|p2a: Aerodactyl|Unnerve\n|turn|7\n|\n|t:|1775883148\n|move|p2b: Garchomp|Dragon Claw|p1a: Rotom\n|-crit|p1a: Rotom\n|-damage|p1a: Rotom|21/100\n|move|p2a: Aerodactyl|Rock Slide|p1b: Whimsicott|[spread] p1a,p1b\n|-damage|p1a: Rotom|0 fnt\n|-damage|p1b: Whimsicott|65/100\n|faint|p1a: Rotom\n|cant|p1b: Whimsicott|flinch\n|\n|-damage|p2b: Garchomp|58/100 brn|[from] brn\n|upkeep\n|turn|8\n|\n|t:|1775883165\n|move|p1b: Whimsicott|Protect|p1b: Whimsicott\n|-singleturn|p1b: Whimsicott|Protect\n|move|p2b: Garchomp|Dragon Claw|p1b: Whimsicott\n|-activate|p1b: Whimsicott|move: Protect\n|move|p2a: Aerodactyl|Dual Wingbeat|p1b: Whimsicott\n|-activate|p1b: Whimsicott|move: Protect\n|\n|-damage|p2b: Garchomp|52/100 brn|[from] brn\n|-sideend|p2: xythas|move: Tailwind\n|upkeep\n|turn|9\n|\n|t:|1775883177\n|move|p1b: Whimsicott|Moonblast|p2a: Aerodactyl\n|-crit|p2a: Aerodactyl\n|-damage|p2a: Aerodactyl|0 fnt\n|faint|p2a: Aerodactyl\n|move|p2b: Garchomp|Dragon Claw|p1b: Whimsicott\n|-immune|p1b: Whimsicott\n|\n|-damage|p2b: Garchomp|46/100 brn|[from] brn\n|-sideend|p1: bl4ze4444|move: Tailwind\n|upkeep\n|turn|10\n|-message|xythas forfeited.\n|\n|win|bl4ze4444\n|raw|bl4ze4444's rating: 1080 &rarr; <strong>1110</strong><br />(+30 for winning)\n|raw|xythas's rating: 1111 &rarr; <strong>1084</strong><br />(-27 for losing)\n|l|\u2606xythas\n|player|p2|\n",
  "uploadtime": 1775883199,
  "views": 11,
  "formatid": "gen9championsvgc2026regma",
  "rating": 1084,
  "private": 0,
  "password": null
}