{
  "id": "gen9championsvgc2026regma-2589558606",
  "format": "[Gen 9 Champions] VGC 2026 Reg M-A",
  "players": [
    "Ch.6 WeatherReport",
    "guioguoguo"
  ],
  "log": "|j|\u2606Ch.6 WeatherReport\n|j|\u2606guioguoguo\n|t:|1776734036\n|gametype|doubles\n|player|p1|Ch.6 WeatherReport|interviewers|1279\n|player|p2|guioguoguo|266|1200\n|gen|9\n|tier|[Gen 9 Champions] VGC 2026 Reg M-A\n|rated|\n|rule|Species Clause: Limit one of each Pok\u00e9mon\n|rule|Item Clause: Limit 1 of each item\n|clearpoke\n|poke|p1|Sneasler, L50, M|\n|poke|p1|Golurk, L50, shiny|\n|poke|p1|Farigiraf, L50, F|\n|poke|p1|Torkoal, L50, F, shiny|\n|poke|p1|Incineroar, L50, M|\n|poke|p1|Venusaur, L50, M, shiny|\n|poke|p2|Excadrill, L50, F, shiny|\n|poke|p2|Hawlucha, L50, F, shiny|\n|poke|p2|Tyranitar, L50, F, shiny|\n|poke|p2|Espathra, L50, F, shiny|\n|poke|p2|Sinistcha, L50, shiny|\n|poke|p2|Incineroar, L50, F, shiny|\n|teampreview|4\nguioguoguo rejected open team sheets.\n|inactive|Battle timer is ON: inactive players will automatically lose when time's up. (requested by guioguoguo)\n|inactive|Ch.6 WeatherReport has 60 seconds left.\n|\n|t:|1776734120\n|teamsize|p1|4\n|teamsize|p2|4\n|start\n|switch|p1a: Sneasler|Sneasler, L50, M|100/100\n|switch|p1b: Venusaur|Venusaur, L50, M, shiny|100/100\n|switch|p2a: Excadrill|Excadrill, L50, F, shiny|100/100\n|switch|p2b: Hawlucha|Hawlucha, L50, F, shiny|100/100\n|-ability|p2b: Hawlucha|Mold Breaker\n|turn|1\n|\n|t:|1776734143\n|detailschange|p2b: Hawlucha|Hawlucha-Mega, L50, F, shiny\n|-mega|p2b: Hawlucha|Hawlucha|Hawluchanite\n|move|p1a: Sneasler|Fake Out|p2b: Hawlucha\n|-damage|p2b: Hawlucha|83/100\n|cant|p2b: Hawlucha|flinch\n|move|p1b: Venusaur|Sleep Powder|p2a: Excadrill\n|-status|p2a: Excadrill|slp|[from] move: Sleep Powder\n|cant|p2a: Excadrill|slp\n|\n|upkeep\n|turn|2\n|\n|t:|1776734166\n|switch|p1b: Farigiraf|Farigiraf, L50, F|100/100\n|move|p1a: Sneasler|Close Combat|p2a: Excadrill\n|-supereffective|p2a: Excadrill|1\n|-damage|p2a: Excadrill|6/100 slp\n|-unboost|p1a: Sneasler|def|1\n|-unboost|p1a: Sneasler|spd|1\n|-enditem|p1a: Sneasler|White Herb\n|-clearnegativeboost|p1a: Sneasler|[silent]\n|move|p2b: Hawlucha|Dual Wingbeat|p1a: Sneasler\n|-supereffective|p1a: Sneasler|1\n|-damage|p1a: Sneasler|23/100\n|-supereffective|p1a: Sneasler|1\n|-damage|p1a: Sneasler|0 fnt\n|faint|p1a: Sneasler\n|-hitcount|p1: Sneasler|2\n|-curestatus|p2a: Excadrill|slp|[msg]\n|move|p2a: Excadrill|Stomping Tantrum|p1b: Farigiraf\n|-damage|p1b: Farigiraf|44/100\n|-enditem|p1b: Farigiraf|Sitrus Berry|[eat]\n|-heal|p1b: Farigiraf|68/100|[from] item: Sitrus Berry\n|\n|upkeep\n|\n|t:|1776734190\n|switch|p1a: Venusaur|Venusaur, L50, M, shiny|100/100\n|turn|3\n|inactive|guioguoguo has 30 seconds left.\n|\n|t:|1776734224\n|move|p1a: Venusaur|Protect|p1a: Venusaur\n|-singleturn|p1a: Venusaur|Protect\n|move|p2a: Excadrill|Protect|p2a: Excadrill\n|-singleturn|p2a: Excadrill|Protect\n|move|p2b: Hawlucha|Dual Wingbeat|p1a: Venusaur\n|-activate|p1a: Venusaur|move: Protect\n|move|p1b: Farigiraf|Trick Room|p1b: Farigiraf\n|-fieldstart|move: Trick Room|[of] p1b: Farigiraf\n|\n|upkeep\n|turn|4\n|\n|t:|1776734247\n|move|p1b: Farigiraf|Hyper Voice|p2b: Hawlucha|[spread] p2a,p2b\n|-resisted|p2a: Excadrill|1\n|-damage|p2a: Excadrill|0 fnt\n|-damage|p2b: Hawlucha|50/100\n|faint|p2a: Excadrill\n|move|p1a: Venusaur|Sleep Powder|p2b: Hawlucha\n|-status|p2b: Hawlucha|slp|[from] move: Sleep Powder\n|cant|p2b: Hawlucha|slp\n|\n|upkeep\n|\n|t:|1776734260\n|switch|p2a: Sinistcha|Sinistcha, L50, shiny|100/100\n|-heal|p2b: Hawlucha|75/100 slp|[from] ability: Hospitality|[of] p2a: Sinistcha\n|turn|5\n|\n|t:|1776734272\n|switch|p1b: Torkoal|Torkoal, L50, F, shiny|100/100\n|-weather|SunnyDay|[from] ability: Drought|[of] p1b: Torkoal\n|cant|p2b: Hawlucha|slp\n|move|p2a: Sinistcha|Matcha Gotcha|p1a: Venusaur|[spread] p1a,p1b\n|-resisted|p1a: Venusaur|2\n|-resisted|p1b: Torkoal|1\n|-damage|p1a: Venusaur|93/100\n|-damage|p1b: Torkoal|82/100\n|move|p1a: Venusaur|Sludge Bomb|p2a: Sinistcha\n|-damage|p2a: Sinistcha|43/100\n|\n|-weather|SunnyDay|[upkeep]\n|upkeep\n|turn|6\n|\n|t:|1776734286\n|switch|p1a: Farigiraf|Farigiraf, L50, F|68/100\n|move|p1b: Torkoal|Eruption|p2b: Hawlucha|[spread] p2a,p2b\n|-supereffective|p2a: Sinistcha|1\n|-damage|p2a: Sinistcha|0 fnt\n|-damage|p2b: Hawlucha|0 fnt\n|faint|p2a: Sinistcha\n|faint|p2b: Hawlucha\n|\n|-weather|SunnyDay|[upkeep]\n|upkeep\n|\n|t:|1776734296\n|switch|p2a: Espathra|Espathra, L50, F, shiny|100/100\n|turn|7\n|\n|t:|1776734306\n|move|p2a: Espathra|Protect|p2a: Espathra\n|-singleturn|p2a: Espathra|Protect\n|move|p1b: Torkoal|Eruption|p2a: Espathra\n|-activate|p2a: Espathra|move: Protect\n|move|p1a: Farigiraf|Hyper Voice|p2a: Espathra\n|-activate|p2a: Espathra|move: Protect\n|\n|-weather|SunnyDay|[upkeep]\n|-fieldend|move: Trick Room\n|-ability|p2a: Espathra|Speed Boost|boost\n|-boost|p2a: Espathra|spe|1\n|upkeep\n|turn|8\n|\n|t:|1776734323\n|move|p1b: Torkoal|Protect|p1b: Torkoal\n|-singleturn|p1b: Torkoal|Protect\n|move|p2a: Espathra|Calm Mind|p2a: Espathra\n|-boost|p2a: Espathra|spa|1\n|-boost|p2a: Espathra|spd|1\n|move|p1a: Farigiraf|Trick Room|p1a: Farigiraf\n|-fieldstart|move: Trick Room|[of] p1a: Farigiraf\n|\n|-weather|SunnyDay|[upkeep]\n|-ability|p2a: Espathra|Speed Boost|boost\n|-boost|p2a: Espathra|spe|1\n|upkeep\n|turn|9\n|inactive|Ch.6 WeatherReport has 30 seconds left.\n|\n|t:|1776734353\n|move|p1a: Farigiraf|Helping Hand|p1b: Torkoal\n|-singleturn|p1b: Torkoal|Helping Hand|[of] p1a: Farigiraf\n|move|p1b: Torkoal|Eruption|p2a: Espathra\n|-damage|p2a: Espathra|0 fnt\n|faint|p2a: Espathra\n|\n|win|Ch.6 WeatherReport\n|raw|Ch.6 WeatherReport's rating: 1279 &rarr; <strong>1298</strong><br />(+19 for winning)\n|raw|guioguoguo's rating: 1200 &rarr; <strong>1181</strong><br />(-19 for losing)\n",
  "uploadtime": 1776734357,
  "views": 4,
  "formatid": "gen9championsvgc2026regma",
  "rating": 1181,
  "private": 0,
  "password": null
}