{
  "id": "gen9championsvgc2026regma-2584215142",
  "format": "[Gen 9 Champions] VGC 2026 Reg M-A",
  "players": [
    "pokemonyoyoplayer",
    "ScribbleScribble"
  ],
  "log": "|j|\u2606pokemonyoyoplayer\n|j|\u2606ScribbleScribble\n|t:|1776239168\n|gametype|doubles\n|player|p1|pokemonyoyoplayer|170|1389\n|player|p2|ScribbleScribble|mina-lgpe|1505\n|gen|9\n|tier|[Gen 9 Champions] VGC 2026 Reg M-A\n|rated|\n|rule|Species Clause: Limit one of each Pok\u00e9mon\n|rule|Item Clause: Limit 1 of each item\n|clearpoke\n|poke|p1|Sneasler, L50, F|\n|poke|p1|Kingambit, L50, F|\n|poke|p1|Aerodactyl, L50, F|\n|poke|p1|Gardevoir, L50, M|\n|poke|p1|Incineroar, L50, F|\n|poke|p1|Sinistcha, L50|\n|poke|p2|Floette-Eternal, L50, F|\n|poke|p2|Sneasler, L50, F|\n|poke|p2|Aerodactyl, L50, F|\n|poke|p2|Kingambit, L50, F|\n|poke|p2|Basculegion, L50, M|\n|poke|p2|Farigiraf, L50, F|\n|teampreview|4\n|inactive|Battle timer is ON: inactive players will automatically lose when time's up. (requested by ScribbleScribble)\n|inactive|pokemonyoyoplayer has 60 seconds left.\n|\n|t:|1776239214\n|teamsize|p1|4\n|teamsize|p2|4\n|start\n|switch|p1a: Kingambit|Kingambit, L50, F|100/100\n|switch|p1b: Aerodactyl|Aerodactyl, L50, F|100/100\n|switch|p2a: Aerodactyl|Aerodactyl, L50, F|100/100\n|switch|p2b: Sneasler|Sneasler, L50, F|100/100\n|-ability|p1b: Aerodactyl|Unnerve\n|-ability|p2a: Aerodactyl|Unnerve\n|turn|1\n|inactive|pokemonyoyoplayer has 30 seconds left.\n|inactive|ScribbleScribble has 30 seconds left.\n|\n|t:|1776239243\n|switch|p1a: Sinistcha|Sinistcha, L50|100/100\n|move|p2a: Aerodactyl|Tailwind|p2a: Aerodactyl\n|-sidestart|p2: ScribbleScribble|move: Tailwind\n|move|p2b: Sneasler|Close Combat|p1a: Sinistcha\n|-immune|p1a: Sinistcha\n|move|p1b: Aerodactyl|Dual Wingbeat|p2b: Sneasler\n|-supereffective|p2b: Sneasler|1\n|-damage|p2b: Sneasler|51/100\n|-supereffective|p2b: Sneasler|1\n|-damage|p2b: Sneasler|1/100\n|-hitcount|p2b: Sneasler|2\n|\n|upkeep\n|turn|2\n|\n|t:|1776239267\n|move|p2a: Aerodactyl|Dual Wingbeat|p1a: Sinistcha\n|-supereffective|p1a: Sinistcha|1\n|-damage|p1a: Sinistcha|66/100\n|-supereffective|p1a: Sinistcha|1\n|-damage|p1a: Sinistcha|32/100\n|-hitcount|p1a: Sinistcha|2\n|move|p2b: Sneasler|Dire Claw|p1a: Sinistcha\n|-damage|p1a: Sinistcha|0 fnt\n|faint|p1a: Sinistcha\n|move|p1b: Aerodactyl|Dual Wingbeat|p2a: Aerodactyl\n|-resisted|p2a: Aerodactyl|1\n|-damage|p2a: Aerodactyl|89/100\n|-resisted|p2a: Aerodactyl|1\n|-damage|p2a: Aerodactyl|79/100\n|-hitcount|p2a: Aerodactyl|2\n|\n|upkeep\n|\n|t:|1776239289\n|switch|p1a: Gardevoir|Gardevoir, L50, M|100/100\n|-ability|p1a: Gardevoir|Unburden|Trace|[from] ability: Trace|[of] p2b: Sneasler\n|turn|3\n|\n|t:|1776239295\n|detailschange|p1a: Gardevoir|Gardevoir-Mega, L50, M\n|-mega|p1a: Gardevoir|Gardevoir|Gardevoirite\n|move|p1a: Gardevoir|Protect|p1a: Gardevoir\n|-singleturn|p1a: Gardevoir|Protect\n|move|p2a: Aerodactyl|Rock Slide|p1a: Gardevoir|[spread] p1b\n|-activate|p1a: Gardevoir|move: Protect\n|-supereffective|p1b: Aerodactyl|1\n|-damage|p1b: Aerodactyl|19/100\n|move|p2b: Sneasler|Dire Claw|p1a: Gardevoir\n|-activate|p1a: Gardevoir|move: Protect\n|move|p1b: Aerodactyl|Tailwind|p1b: Aerodactyl\n|-sidestart|p1: pokemonyoyoplayer|move: Tailwind\n|\n|upkeep\n|turn|4\n|j| silkracing\n|\n|t:|1776239320\n|move|p2a: Aerodactyl|Rock Slide|p1a: Gardevoir|[spread] p1a,p1b\n|-supereffective|p1b: Aerodactyl|1\n|-damage|p1a: Gardevoir|64/100\n|-damage|p1b: Aerodactyl|0 fnt\n|faint|p1b: Aerodactyl\n|move|p2b: Sneasler|Close Combat|p1a: Gardevoir\n|-resisted|p1a: Gardevoir|2\n|-damage|p1a: Gardevoir|38/100\n|-unboost|p2b: Sneasler|def|1\n|-unboost|p2b: Sneasler|spd|1\n|-enditem|p2b: Sneasler|White Herb\n|-clearnegativeboost|p2b: Sneasler|[silent]\n|cant|p1a: Gardevoir|flinch\n|\n|-sideend|p2: ScribbleScribble|move: Tailwind\n|upkeep\n|\n|t:|1776239333\n|switch|p1b: Kingambit|Kingambit, L50, F|100/100\n|turn|5\n|inactive|ScribbleScribble has 30 seconds left.\n|\n|t:|1776239361\n|move|p2b: Sneasler|Protect|p2b: Sneasler\n|-singleturn|p2b: Sneasler|Protect\n|move|p1a: Gardevoir|Hyper Voice|p2b: Sneasler|[spread] p2a\n|-activate|p2b: Sneasler|move: Protect\n|-damage|p2a: Aerodactyl|8/100\n|move|p2a: Aerodactyl|Tailwind|p2a: Aerodactyl\n|-sidestart|p2: ScribbleScribble|move: Tailwind\n|move|p1b: Kingambit|Iron Head|p2a: Aerodactyl\n|-supereffective|p2a: Aerodactyl|1\n|-damage|p2a: Aerodactyl|0 fnt\n|faint|p2a: Aerodactyl\n|\n|upkeep\n|\n|t:|1776239370\n|switch|p2a: Floette|Floette-Eternal, L50, F|100/100\n|turn|6\n|l| silkracing\n|\n|t:|1776239389\n|detailschange|p2a: Floette|Floette-Mega, L50, F\n|-mega|p2a: Floette|Floette|Floettite\n|-ability|p2a: Floette|Fairy Aura\n|move|p1b: Kingambit|Protect|p1b: Kingambit\n|-singleturn|p1b: Kingambit|Protect\n|move|p2b: Sneasler|Close Combat|p1b: Kingambit\n|-activate|p1b: Kingambit|move: Protect\n|move|p2a: Floette|Dazzling Gleam|p1a: Gardevoir|[spread] p1a\n|-activate|p1b: Kingambit|move: Protect\n|-crit|p1a: Gardevoir\n|-damage|p1a: Gardevoir|0 fnt\n|faint|p1a: Gardevoir\n|\n|-sideend|p1: pokemonyoyoplayer|move: Tailwind\n|upkeep\n|turn|7\n|\n|t:|1776239405\n|move|p1b: Kingambit|Sucker Punch|p2a: Floette\n|-resisted|p2a: Floette|1\n|-damage|p2a: Floette|69/100\n|move|p2b: Sneasler|Close Combat|p1b: Kingambit\n|-supereffective|p1b: Kingambit|2\n|-damage|p1b: Kingambit|0 fnt\n|-unboost|p2b: Sneasler|def|1\n|-unboost|p2b: Sneasler|spd|1\n|faint|p1b: Kingambit\n|\n|win|ScribbleScribble\n|raw|pokemonyoyoplayer's rating: 1389 &rarr; <strong>1375</strong><br />(-14 for losing)\n|raw|ScribbleScribble's rating: 1492 &rarr; <strong>1506</strong><br />(+14 for winning)\n",
  "uploadtime": 1776239416,
  "views": 65,
  "formatid": "gen9championsvgc2026regma",
  "rating": 1375,
  "private": 0,
  "password": null
}