{
  "id": "gen9championsvgc2026regma-2580531464",
  "format": "[Gen 9 Champions] VGC 2026 Reg M-A",
  "players": [
    "Nulim",
    "yuriimon"
  ],
  "log": "|j|\u203dNulim\n|j|\u2606yuriimon\n|t:|1775909538\n|gametype|doubles\n|player|p1|Nulim|170|1000\n|player|p2|yuriimon|waitress-gen4|1064\n|gen|9\n|tier|[Gen 9 Champions] VGC 2026 Reg M-A\n|rated|\n|rule|Species Clause: Limit one of each Pok\u00e9mon\n|rule|Item Clause: Limit 1 of each item\n|clearpoke\n|poke|p1|Delphox, L50, M|\n|poke|p1|Floette-Eternal, L50, F|\n|poke|p1|Incineroar, L50, F|\n|poke|p1|Aerodactyl, L50, M|\n|poke|p1|Maushold, L50|\n|poke|p1|Garchomp, L50, F|\n|poke|p2|Feraligatr, L50, M|\n|poke|p2|Gallade, L50, M|\n|poke|p2|Politoed, L50, M|\n|poke|p2|Raichu, L50, F|\n|poke|p2|Arcanine-Hisui, L50, F|\n|poke|p2|Clefable, L50, F|\n|teampreview|4\n|inactive|Battle timer is ON: inactive players will automatically lose when time's up. (requested by yuriimon)\nNulim rejected open team sheets.\n|inactive|Nulim has 60 seconds left.\n|inactive|yuriimon has 60 seconds left.\n|inactive|Nulim has 30 seconds left.\n|\n|t:|1775909607\n|teamsize|p1|4\n|teamsize|p2|4\n|start\n|switch|p1a: Floette|Floette-Eternal, L50, F|100/100\n|switch|p1b: Maushold|Maushold, L50|100/100\n|switch|p2a: Raichu|Raichu, L50, F|100/100\n|switch|p2b: Gallade|Gallade, L50, M|100/100\n|turn|1\n|inactive|Nulim has 30 seconds left.\n|\n|t:|1775909632\n|move|p2a: Raichu|Fake Out|p1a: Floette\n|-damage|p1a: Floette|90/100\n|move|p1b: Maushold|Follow Me|p1b: Maushold\n|-singleturn|p1b: Maushold|move: Follow Me\n|cant|p1a: Floette|flinch\n|move|p2b: Gallade|Trick Room|p2b: Gallade\n|-fieldstart|move: Trick Room|[of] p2b: Gallade\n|\n|upkeep\n|turn|2\n|\n|t:|1775909651\n|switch|p2b: Arcanine|Arcanine-Hisui, L50, F|100/100\n|move|p1b: Maushold|Follow Me|p1b: Maushold\n|-singleturn|p1b: Maushold|move: Follow Me\n|move|p1a: Floette|Calm Mind|p1a: Floette\n|-boost|p1a: Floette|spa|1\n|-boost|p1a: Floette|spd|1\n|move|p2a: Raichu|Volt Switch|p1b: Maushold\n|-damage|p1b: Maushold|72/100\n|\n|t:|1775909661\n|switch|p2a: Gallade|Gallade, L50, M|100/100|[from] Volt Switch\n|\n|upkeep\n|turn|3\n|\n|t:|1775909678\n|detailschange|p1a: Floette|Floette-Mega, L50, F\n|-mega|p1a: Floette|Floette|Floettite\n|-ability|p1a: Floette|Fairy Aura\n|move|p1b: Maushold|Follow Me|p1b: Maushold\n|-singleturn|p1b: Maushold|move: Follow Me\n|move|p2a: Gallade|Sacred Sword|p1b: Maushold\n|-supereffective|p1b: Maushold|1\n|-enditem|p1b: Maushold|Chople Berry|[eat]\n|-enditem|p1b: Maushold|Chople Berry|[weaken]\n|-damage|p1b: Maushold|0 fnt\n|faint|p1b: Maushold\n|move|p2b: Arcanine|Head Smash|p1a: Floette\n|-damage|p1a: Floette|0 fnt\n|faint|p1a: Floette\n|\n|upkeep\n|\n|t:|1775909691\n|switch|p1b: Garchomp|Garchomp, L50, F|100/100\n|switch|p1a: Incineroar|Incineroar, L50, F|100/100\n|-ability|p1a: Incineroar|Intimidate|boost\n|-unboost|p2a: Gallade|atk|1\n|-unboost|p2b: Arcanine|atk|1\n|-enditem|p2b: Arcanine|White Herb\n|-clearnegativeboost|p2b: Arcanine|[silent]\n|turn|4\n|inactive|Nulim has 30 seconds left.\n|\n|t:|1775909718\n|move|p2b: Arcanine|Protect|p2b: Arcanine\n|-singleturn|p2b: Arcanine|Protect\n|move|p2a: Gallade|Wide Guard|p2a: Gallade\n|-singleturn|p2a: Gallade|Wide Guard\n|move|p1a: Incineroar|Fake Out|p2a: Gallade\n|-damage|p2a: Gallade|80/100\n|move|p1b: Garchomp|Rock Slide|p2a: Gallade|[spread] \n|-activate|p2a: Gallade|move: Wide Guard\n|-activate|p2b: Arcanine|move: Wide Guard\n|\n|upkeep\n|turn|5\n|\n|t:|1775909738\n|move|p2a: Gallade|Wide Guard|p2a: Gallade\n|-singleturn|p2a: Gallade|Wide Guard\n|move|p1a: Incineroar|Throat Chop|p2a: Gallade\n|-damage|p2a: Gallade|27/100\n|-start|p2a: Gallade|Throat Chop|[silent]\n|move|p2b: Arcanine|Head Smash|p1a: Incineroar\n|-supereffective|p1a: Incineroar|1\n|-damage|p1a: Incineroar|0 fnt\n|faint|p1a: Incineroar\n|move|p1b: Garchomp|Earthquake|p2b: Arcanine|[spread] \n|-activate|p2a: Gallade|move: Wide Guard\n|-activate|p2b: Arcanine|move: Wide Guard\n|\n|-fieldend|move: Trick Room\n|upkeep\n|turn|6\n|\n|t:|1775909755\n|switch|p2b: Feraligatr|Feraligatr, L50, M|100/100\n|move|p2a: Gallade|Wide Guard|p2a: Gallade\n|-singleturn|p2a: Gallade|Wide Guard\n|move|p1b: Garchomp|Dragon Claw|p2a: Gallade\n|-damage|p2a: Gallade|0 fnt\n|faint|p2a: Gallade\n|\n|upkeep\n|\n|t:|1775909762\n|switch|p2a: Raichu|Raichu, L50, F|100/100\n|turn|7\n|\n|t:|1775909768\n|detailschange|p2b: Feraligatr|Feraligatr-Mega, L50, M\n|-mega|p2b: Feraligatr|Feraligatr|Feraligite\n|move|p1b: Garchomp|Protect|p1b: Garchomp\n|-singleturn|p1b: Garchomp|Protect\n|move|p2a: Raichu|Fake Out|p1b: Garchomp\n|-activate|p1b: Garchomp|move: Protect\n|move|p2b: Feraligatr|Body Slam|p1b: Garchomp\n|-activate|p1b: Garchomp|move: Protect\n|\n|upkeep\n|turn|8\n|\n|t:|1775909787\n|switch|p2a: Arcanine|Arcanine-Hisui, L50, F|100/100\n|move|p1b: Garchomp|Dragon Claw|p2b: Feraligatr\n|-supereffective|p2b: Feraligatr|1\n|-damage|p2b: Feraligatr|25/100\n|move|p2b: Feraligatr|Body Slam|p1b: Garchomp\n|-supereffective|p1b: Garchomp|1\n|-damage|p1b: Garchomp|0 fnt\n|-damage|p2b: Feraligatr|13/100|[from] ability: Rough Skin|[of] p1b: Garchomp\n|faint|p1b: Garchomp\n|\n|win|yuriimon\n|raw|Nulim's rating: 1000 &rarr; <strong>1000</strong><br />(+0 for losing)\n|raw|yuriimon's rating: 1064 &rarr; <strong>1089</strong><br />(+25 for winning)\n|l|\u203dNulim\n|player|p1|\n|c|\u2606yuriimon|gg\n",
  "uploadtime": 1775909801,
  "views": 18,
  "formatid": "gen9championsvgc2026regma",
  "rating": 1000,
  "private": 0,
  "password": null
}