{
  "id": "gen9championsvgc2026regma-2580700727",
  "format": "[Gen 9 Champions] VGC 2026 Reg M-A",
  "players": [
    "WhiteBoySharia",
    "Airro"
  ],
  "log": "|j|\u2606WhiteBoySharia\n|j|\u2606Airro\n|t:|1775925392\n|gametype|doubles\n|player|p1|WhiteBoySharia|kieran|1140\n|player|p2|Airro|266|1050\n|gen|9\n|tier|[Gen 9 Champions] VGC 2026 Reg M-A\n|rated|\n|rule|Species Clause: Limit one of each Pok\u00e9mon\n|rule|Item Clause: Limit 1 of each item\n|clearpoke\n|poke|p1|Incineroar, L50, M|\n|poke|p1|Charizard, L50, M|\n|poke|p1|Venusaur, L50, F|\n|poke|p1|Whimsicott, L50, F|\n|poke|p1|Archaludon, L50, M|\n|poke|p1|Garchomp, L50, F|\n|poke|p2|Sinistcha, L50|\n|poke|p2|Garchomp, L50, M|\n|poke|p2|Incineroar, L50, F|\n|poke|p2|Glimmora, L50, M|\n|poke|p2|Tinkaton, L50, F|\n|poke|p2|Charizard, L50, F|\n|teampreview|4\n|inactive|Battle timer is ON: inactive players will automatically lose when time's up. (requested by WhiteBoySharia)\n|inactive|Airro has 60 seconds left.\n|\n|t:|1775925447\n|teamsize|p1|4\n|teamsize|p2|4\n|start\n|switch|p1a: Charizard|Charizard, L50, M|100/100\n|switch|p1b: Venusaur|Venusaur, L50, F|100/100\n|switch|p2a: Glimmora|Glimmora, L50, M|100/100\n|switch|p2b: Tinkaton|Tinkaton, L50, F|100/100\n|-ability|p2b: Tinkaton|Mold Breaker\n|turn|1\n|\n|t:|1775925467\n|detailschange|p2a: Glimmora|Glimmora-Mega, L50, M\n|-mega|p2a: Glimmora|Glimmora|Glimmoranite\n|move|p1a: Charizard|Protect|p1a: Charizard\n|-singleturn|p1a: Charizard|Protect\n|move|p1b: Venusaur|Protect|p1b: Venusaur\n|-singleturn|p1b: Venusaur|Protect\n|move|p2b: Tinkaton|Fake Out|p1b: Venusaur\n|-activate|p1b: Venusaur|move: Protect\n|move|p2a: Glimmora|Power Gem|p1a: Charizard\n|-activate|p1a: Charizard|move: Protect\n|\n|upkeep\n|turn|2\n|\n|t:|1775925486\n|detailschange|p1a: Charizard|Charizard-Mega-Y, L50, M\n|-mega|p1a: Charizard|Charizard|Charizardite Y\n|-weather|SunnyDay|[from] ability: Drought|[of] p1a: Charizard\n|move|p2a: Glimmora|Spiky Shield|p2a: Glimmora\n|-singleturn|p2a: Glimmora|move: Protect\n|move|p1b: Venusaur|Sleep Powder|p2a: Glimmora\n|-activate|p2a: Glimmora|move: Protect\n|move|p1a: Charizard|Heat Wave|p2b: Tinkaton|[spread] \n|-activate|p2a: Glimmora|move: Protect\n|-miss|p1a: Charizard|p2b: Tinkaton\n|move|p2b: Tinkaton|Knock Off|p1b: Venusaur\n|-damage|p1b: Venusaur|75/100\n|-enditem|p1b: Venusaur|Focus Sash|[from] move: Knock Off|[of] p2b: Tinkaton\n|\n|-weather|SunnyDay|[upkeep]\n|upkeep\n|turn|3\n|inactive|WhiteBoySharia has 30 seconds left.\n|\n|t:|1775925512\n|switch|p2a: Incineroar|Incineroar, L50, F|100/100\n|-ability|p2a: Incineroar|Intimidate|boost\n|-unboost|p1a: Charizard|atk|1\n|-unboost|p1b: Venusaur|atk|1\n|move|p2b: Tinkaton|Protect|p2b: Tinkaton\n|-singleturn|p2b: Tinkaton|Protect\n|move|p1b: Venusaur|Sleep Powder|p2a: Incineroar|[miss]\n|-miss|p1b: Venusaur|p2a: Incineroar\n|move|p1a: Charizard|Heat Wave|p2b: Tinkaton|[spread] p2a\n|-activate|p2b: Tinkaton|move: Protect\n|-resisted|p2a: Incineroar|1\n|-damage|p2a: Incineroar|74/100\n|\n|-weather|SunnyDay|[upkeep]\n|upkeep\n|turn|4\n|inactive|WhiteBoySharia has 30 seconds left.\n|inactive|Airro has 30 seconds left.\n|\n|t:|1775925544\n|switch|p2b: Glimmora|Glimmora-Mega, L50, M|100/100\n|move|p1b: Venusaur|Sleep Powder|p2b: Glimmora|[miss]\n|-miss|p1b: Venusaur|p2b: Glimmora\n|move|p1a: Charizard|Heat Wave|p2a: Incineroar|[spread] p2a,p2b\n|-resisted|p2a: Incineroar|1\n|-resisted|p2b: Glimmora|1\n|-damage|p2a: Incineroar|47/100\n|-damage|p2b: Glimmora|63/100\n|move|p2a: Incineroar|Parting Shot|p1a: Charizard\n|-unboost|p1a: Charizard|atk|1\n|-unboost|p1a: Charizard|spa|1\n|\n|t:|1775925558\n|switch|p2a: Tinkaton|Tinkaton, L50, F|100/100|[from] Parting Shot\n|-ability|p2a: Tinkaton|Mold Breaker\n|\n|-weather|SunnyDay|[upkeep]\n|upkeep\n|turn|5\n|\n|t:|1775925579\n|switch|p1a: Incineroar|Incineroar, L50, M|100/100\n|-ability|p1a: Incineroar|Intimidate|boost\n|-unboost|p2a: Tinkaton|atk|1\n|-unboost|p2b: Glimmora|atk|1\n|move|p2a: Tinkaton|Helping Hand|p2b: Glimmora\n|-singleturn|p2b: Glimmora|Helping Hand|[of] p2a: Tinkaton\n|move|p1b: Venusaur|Protect|p1b: Venusaur\n|-singleturn|p1b: Venusaur|Protect\n|move|p2b: Glimmora|Sludge Wave|p1b: Venusaur|[spread] p1a\n|-activate|p1b: Venusaur|move: Protect\n|-immune|p2a: Tinkaton\n|-damage|p1a: Incineroar|42/100\n|-enditem|p1a: Incineroar|Sitrus Berry|[eat]\n|-heal|p1a: Incineroar|67/100|[from] item: Sitrus Berry\n|\n|-weather|SunnyDay|[upkeep]\n|upkeep\n|turn|6\n|inactive|Airro has 30 seconds left.\n|\n|t:|1775925604\n|switch|p2b: Incineroar|Incineroar, L50, F|47/100\n|-ability|p2b: Incineroar|Intimidate|boost\n|-unboost|p1a: Incineroar|atk|1\n|-unboost|p1b: Venusaur|atk|1\n|move|p2a: Tinkaton|Protect|p2a: Tinkaton\n|-singleturn|p2a: Tinkaton|Protect\n|move|p1b: Venusaur|Sleep Powder|p2b: Incineroar\n|-status|p2b: Incineroar|slp|[from] move: Sleep Powder\n|move|p1a: Incineroar|Flare Blitz|p2a: Tinkaton\n|-activate|p2a: Tinkaton|move: Protect\n|\n|-weather|none\n|upkeep\n|turn|7\n|\n|t:|1775925626\n|switch|p1a: Charizard|Charizard-Mega-Y, L50, M|100/100\n|-weather|SunnyDay|[from] ability: Drought|[of] p1a: Charizard\n|move|p1b: Venusaur|Sleep Powder|p2a: Tinkaton\n|-status|p2a: Tinkaton|slp|[from] move: Sleep Powder\n|cant|p2a: Tinkaton|slp\n|cant|p2b: Incineroar|slp\n|\n|-weather|SunnyDay|[upkeep]\n|upkeep\n|turn|8\n|\n|t:|1775925641\n|cant|p2a: Tinkaton|slp\n|move|p1b: Venusaur|Weather Ball|p2a: Tinkaton\n|-supereffective|p2a: Tinkaton|1\n|-damage|p2a: Tinkaton|8/100 slp\n|-enditem|p2a: Tinkaton|Sitrus Berry|[eat]\n|-heal|p2a: Tinkaton|33/100 slp|[from] item: Sitrus Berry\n|move|p1a: Charizard|Scorching Sands|p2b: Incineroar\n|-supereffective|p2b: Incineroar|1\n|-damage|p2b: Incineroar|0 fnt\n|faint|p2b: Incineroar\n|\n|-weather|SunnyDay|[upkeep]\n|upkeep\n|\n|t:|1775925646\n|switch|p2b: Garchomp|Garchomp, L50, M|100/100\n|turn|9\n|\n|t:|1775925666\n|-curestatus|p2a: Tinkaton|slp|[msg]\n|move|p2a: Tinkaton|Protect|p2a: Tinkaton\n|-singleturn|p2a: Tinkaton|Protect\n|move|p1b: Venusaur|Sleep Powder|p2b: Garchomp\n|-status|p2b: Garchomp|slp|[from] move: Sleep Powder\n|cant|p2b: Garchomp|slp\n|move|p1a: Charizard|Heat Wave|p2a: Tinkaton|[spread] p2b\n|-activate|p2a: Tinkaton|move: Protect\n|-resisted|p2b: Garchomp|1\n|-damage|p2b: Garchomp|68/100 slp\n|\n|-weather|SunnyDay|[upkeep]\n|upkeep\n|turn|10\n|\n|t:|1775925682\n|move|p1b: Venusaur|Solar Beam||[still]\n|-prepare|p1b: Venusaur|Solar Beam\n|-anim|p1b: Venusaur|Solar Beam|p2b: Garchomp\n|-damage|p2b: Garchomp|6/100 slp\n|cant|p2b: Garchomp|slp\n|move|p1a: Charizard|Heat Wave|p2b: Garchomp|[spread] p2a,p2b\n|-supereffective|p2a: Tinkaton|1\n|-resisted|p2b: Garchomp|1\n|-damage|p2a: Tinkaton|0 fnt\n|-damage|p2b: Garchomp|0 fnt\n|faint|p2a: Tinkaton\n|faint|p2b: Garchomp\n|\n|-weather|SunnyDay|[upkeep]\n|upkeep\n|\n|t:|1775925689\n|switch|p2a: Glimmora|Glimmora-Mega, L50, M|63/100\n|turn|11\n|\n|t:|1775925697\n|switch|p1a: Incineroar|Incineroar, L50, M|67/100\n|-ability|p1a: Incineroar|Intimidate|boost\n|-unboost|p2a: Glimmora|atk|1\n|move|p1b: Venusaur|Sleep Powder|p2a: Glimmora\n|-status|p2a: Glimmora|slp|[from] move: Sleep Powder\n|cant|p2a: Glimmora|slp\n|\n|-weather|none\n|upkeep\n|turn|12\n|l|\u2606Airro\n|inactive|Airro disconnected and has a minute to reconnect!\n|player|p2|\n|inactive|Airro has 30 seconds left.\n|inactive|Airro has 20 seconds left.\n|inactive|Airro has 15 seconds left.\n|inactive|Airro has 10 seconds left.\n|inactive|Airro has 5 seconds left.\n|-message|Airro lost due to inactivity.\n|\n|win|WhiteBoySharia\n|raw|WhiteBoySharia's rating: 1140 &rarr; <strong>1159</strong><br />(+19 for winning)\n|raw|Airro's rating: 1050 &rarr; <strong>1037</strong><br />(-13 for losing)\n",
  "uploadtime": 1775925784,
  "views": 12,
  "formatid": "gen9championsvgc2026regma",
  "rating": 1037,
  "private": 0,
  "password": null
}