{
  "id": "gen9championsvgc2026regma-2582049248",
  "format": "[Gen 9 Champions] VGC 2026 Reg M-A",
  "players": [
    "sthh",
    "ToranVGC"
  ],
  "log": "|j|\u2606sthh\n|j|\u2606ToranVGC\n|t:|1776051894\n|gametype|doubles\n|player|p1|sthh|1|1219\n|player|p2|ToranVGC|supernerd|1168\n|gen|9\n|tier|[Gen 9 Champions] VGC 2026 Reg M-A\n|rated|\n|rule|Species Clause: Limit one of each Pok\u00e9mon\n|rule|Item Clause: Limit 1 of each item\n|clearpoke\n|poke|p1|Gengar, L50, M|\n|poke|p1|Whimsicott, L50, M|\n|poke|p1|Farigiraf, L50, M|\n|poke|p1|Dragapult, L50, M|\n|poke|p1|Sneasler, L50, M|\n|poke|p1|Tyranitar, L50, F|\n|poke|p2|Cofagrigus, L50, F|\n|poke|p2|Scovillain, L50, F|\n|poke|p2|Primarina, L50, F|\n|poke|p2|Kangaskhan, L50, F|\n|poke|p2|Sneasler, L50, M|\n|poke|p2|Aerodactyl, L50, M|\n|teampreview|4\n|inactive|Battle timer is ON: inactive players will automatically lose when time's up. (requested by sthh)\n|inactive|ToranVGC has 60 seconds left.\n|j| uioyhgtz\n|c| uioyhgtz|look in other chat plz certain plater\n|c| uioyhgtz|*player\n|inactive|ToranVGC has 30 seconds left.\n|inactive|ToranVGC has 20 seconds left.\n|inactive|ToranVGC has 15 seconds left.\n|l| uioyhgtz\n|inactive|ToranVGC has 10 seconds left.\n|inactive|ToranVGC has 5 seconds left.\n|\n|t:|1776051999\n|teamsize|p1|4\n|teamsize|p2|4\n|start\n|switch|p1a: Sneasler|Sneasler, L50, M|100/100\n|switch|p1b: Whimsicott|Whimsicott, L50, M|100/100\n|switch|p2a: Kangaskhan|Kangaskhan, L50, F|100/100\n|switch|p2b: Cofagrigus|Cofagrigus, L50, F|100/100\n|turn|1\n|\n|t:|1776052023\n|switch|p2a: Scovillain|Scovillain, L50, F|100/100\n|move|p1a: Sneasler|Fake Out|p2a: Scovillain\n|-damage|p2a: Scovillain|80/100\n|move|p1b: Whimsicott|Tailwind|p1b: Whimsicott\n|-sidestart|p1: sthh|move: Tailwind\n|move|p2b: Cofagrigus|Trick Room|p2b: Cofagrigus\n|-fieldstart|move: Trick Room|[of] p2b: Cofagrigus\n|\n|-ability|p2a: Scovillain|Moody|boost\n|-boost|p2a: Scovillain|atk|2\n|-unboost|p2a: Scovillain|spd|1\n|upkeep\n|turn|2\n|inactive|ToranVGC has 30 seconds left.\n|inactive|ToranVGC has 20 seconds left.\n|inactiveoff|Battle timer is now OFF.\n|\n|t:|1776052075\n|switch|p2b: Primarina|Primarina, L50, F|100/100\n|detailschange|p2a: Scovillain|Scovillain-Mega, L50, F\n|-mega|p2a: Scovillain|Scovillain|Scovillainite\n|move|p1b: Whimsicott|Fake Tears|p2b: Primarina\n|-unboost|p2b: Primarina|spd|2\n|move|p2a: Scovillain|Flamethrower|p1a: Sneasler\n|-damage|p1a: Sneasler|43/100\n|move|p1a: Sneasler|Dire Claw|p2a: Scovillain\n|-supereffective|p2a: Scovillain|1\n|-damage|p2a: Scovillain|0 fnt\n|-status|p1a: Sneasler|brn|[from] ability: Spicy Spray|[of] p2a: Scovillain\n|faint|p2a: Scovillain\n|\n|-damage|p1a: Sneasler|37/100 brn|[from] brn\n|upkeep\n|\n|t:|1776052093\n|switch|p2a: Kangaskhan|Kangaskhan, L50, F|100/100\n|turn|3\n|\n|t:|1776052100\n|move|p1a: Sneasler|Protect|p1a: Sneasler\n|-singleturn|p1a: Sneasler|Protect\n|move|p2b: Primarina|Hyper Voice|p1a: Sneasler|[spread] p1b\n|-activate|p1a: Sneasler|move: Protect\n|-resisted|p1b: Whimsicott|1\n|-damage|p1b: Whimsicott|76/100\n|move|p2a: Kangaskhan|Double-Edge|p1b: Whimsicott\n|-damage|p1b: Whimsicott|0 fnt\n|faint|p1b: Whimsicott\n|-damage|p2a: Kangaskhan|84/100|[from] Recoil\n|\n|-damage|p1a: Sneasler|32/100 brn|[from] brn\n|upkeep\n|\n|t:|1776052111\n|switch|p1b: Gengar|Gengar, L50, M, shiny|100/100\n|turn|4\n|\n|t:|1776052117\n|move|p1b: Gengar|Protect|p1b: Gengar\n|-singleturn|p1b: Gengar|Protect\n|move|p2b: Primarina|Hyper Voice|p1b: Gengar|[spread] p1a\n|-activate|p1b: Gengar|move: Protect\n|-damage|p1a: Sneasler|0 fnt\n|faint|p1a: Sneasler\n|move|p2a: Kangaskhan|Double-Edge|p1b: Gengar\n|-activate|p1b: Gengar|move: Protect\n|\n|-sideend|p1: sthh|move: Tailwind\n|upkeep\n|\n|t:|1776052123\n|switch|p1a: Dragapult|Dragapult, L50, M|100/100\n|turn|5\n|\n|t:|1776052139\n|detailschange|p1b: Gengar|Gengar-Mega, L50, M, shiny\n|-mega|p1b: Gengar|Gengar|Gengarite\n|move|p2b: Primarina|Hyper Voice|p1b: Gengar|[spread] p1a,p1b\n|-resisted|p1a: Dragapult|1\n|-damage|p1a: Dragapult|79/100\n|-damage|p1b: Gengar|51/100\n|move|p2a: Kangaskhan|Double-Edge|p1b: Gengar\n|-damage|p1b: Gengar|0 fnt\n|faint|p1b: Gengar\n|-damage|p2a: Kangaskhan|74/100|[from] Recoil\n|move|p1a: Dragapult|Dragon Dance|p1a: Dragapult\n|-boost|p1a: Dragapult|atk|1\n|-boost|p1a: Dragapult|spe|1\n|\n|-fieldend|move: Trick Room\n|upkeep\n|turn|6\n|c|\u2606ToranVGC|ggs\n|\n|t:|1776052157\n|move|p2a: Kangaskhan|Sucker Punch|p1a: Dragapult\n|-supereffective|p1a: Dragapult|1\n|-damage|p1a: Dragapult|30/100\n|move|p1a: Dragapult|Phantom Force||[still]\n|-prepare|p1a: Dragapult|Phantom Force\n|move|p2b: Primarina|Moonblast|p1a: Dragapult|[miss]\n|-miss|p2b: Primarina|p1a: Dragapult\n|\n|upkeep\n|turn|7\n|\n|t:|1776052165\n|move|p1a: Dragapult|Phantom Force|p2b: Primarina|[from] lockedmove\n|-damage|p2b: Primarina|21/100\n|-enditem|p2b: Primarina|Sitrus Berry|[eat]\n|-heal|p2b: Primarina|46/100|[from] item: Sitrus Berry\n|move|p2a: Kangaskhan|Double-Edge|p1a: Dragapult\n|-damage|p1a: Dragapult|0 fnt\n|faint|p1a: Dragapult\n|-damage|p2a: Kangaskhan|66/100|[from] Recoil\n|\n|win|ToranVGC\n|raw|sthh's rating: 1219 &rarr; <strong>1190</strong><br />(-29 for losing)\n|raw|ToranVGC's rating: 1168 &rarr; <strong>1197</strong><br />(+29 for winning)\n|l|\u2606sthh\n|player|p1|\n",
  "uploadtime": 1776052169,
  "views": 17,
  "formatid": "gen9championsvgc2026regma",
  "rating": 1190,
  "private": 0,
  "password": null
}