{
  "id": "gen9championsvgc2026regma-2589514277",
  "format": "[Gen 9 Champions] VGC 2026 Reg M-A",
  "players": [
    "iswearitisntme",
    "cammellio"
  ],
  "log": "|j|\u2606iswearitisntme\n|j|\u2606cammellio\n|t:|1776729897\n|gametype|doubles\n|player|p1|iswearitisntme|1|1138\n|player|p2|cammellio|169|1124\n|gen|9\n|tier|[Gen 9 Champions] VGC 2026 Reg M-A\n|rated|\n|rule|Species Clause: Limit one of each Pok\u00e9mon\n|rule|Item Clause: Limit 1 of each item\n|clearpoke\n|poke|p1|Venusaur, L50, F|\n|poke|p1|Tyranitar, L50, M|\n|poke|p1|Aerodactyl, L50, F|\n|poke|p1|Dragonite, L50, F|\n|poke|p1|Incineroar, L50, F|\n|poke|p1|Rotom-Wash, L50|\n|poke|p2|Beedrill, L50, F|\n|poke|p2|Aerodactyl, L50, M|\n|poke|p2|Sylveon, L50, M|\n|poke|p2|Primarina, L50, M|\n|poke|p2|Incineroar, L50, F|\n|poke|p2|Garchomp, L50, M|\n|teampreview|4\n|inactive|Battle timer is ON: inactive players will automatically lose when time's up. (requested by cammellio)\n|inactive|cammellio has 60 seconds left.\n|\n|t:|1776729943\n|teamsize|p1|4\n|teamsize|p2|4\n|start\n|switch|p1a: Tyranitar|Tyranitar, L50, M|100/100\n|switch|p1b: Aerodactyl|Aerodactyl, L50, F|100/100\n|switch|p2a: Aerodactyl|Aerodactyl, L50, M|100/100\n|switch|p2b: Incineroar|Incineroar, L50, F|100/100\n|-ability|p1b: Aerodactyl|Unnerve\n|-ability|p2a: Aerodactyl|Unnerve\n|-ability|p2b: Incineroar|Intimidate|boost\n|-unboost|p1a: Tyranitar|atk|1\n|-unboost|p1b: Aerodactyl|atk|1\n|-weather|Sandstorm|[from] ability: Sand Stream|[of] p1a: Tyranitar\n|turn|1\n|inactive|iswearitisntme has 30 seconds left.\n|\n|t:|1776729972\n|detailschange|p2a: Aerodactyl|Aerodactyl-Mega, L50, M\n|-mega|p2a: Aerodactyl|Aerodactyl|Aerodactylite\n|move|p2b: Incineroar|Fake Out|p1b: Aerodactyl\n|-resisted|p1b: Aerodactyl|1\n|-damage|p1b: Aerodactyl|92/100\n|move|p2a: Aerodactyl|Tailwind|p2a: Aerodactyl\n|-sidestart|p2: cammellio|move: Tailwind\n|cant|p1b: Aerodactyl|flinch\n|move|p1a: Tyranitar|Rock Slide|p2a: Aerodactyl|[spread] p2a,p2b\n|-supereffective|p2a: Aerodactyl|1\n|-crit|p2a: Aerodactyl\n|-supereffective|p2b: Incineroar|1\n|-damage|p2a: Aerodactyl|0 fnt\n|-damage|p2b: Incineroar|61/100\n|faint|p2a: Aerodactyl\n|\n|-weather|Sandstorm|[upkeep]\n|-damage|p2b: Incineroar|55/100|[from] Sandstorm\n|upkeep\n|\n|t:|1776729994\n|switch|p2a: Primarina|Primarina, L50, M|100/100\n|turn|2\n|inactive|iswearitisntme has 30 seconds left.\n|\n|t:|1776730022\n|move|p1b: Aerodactyl|Tailwind|p1b: Aerodactyl\n|-sidestart|p1: iswearitisntme|move: Tailwind\n|move|p2b: Incineroar|Parting Shot|p1a: Tyranitar\n|-unboost|p1a: Tyranitar|atk|1\n|-unboost|p1a: Tyranitar|spa|1\n|\n|t:|1776730028\n|switch|p2b: Garchomp|Garchomp, L50, M|100/100|[from] Parting Shot\n|move|p1a: Tyranitar|Rock Slide|p2a: Primarina|[spread] p2a,p2b\n|-resisted|p2b: Garchomp|1\n|-damage|p2a: Primarina|79/100\n|-damage|p2b: Garchomp|92/100\n|cant|p2a: Primarina|flinch\n|\n|-weather|Sandstorm|[upkeep]\n|-damage|p2a: Primarina|73/100|[from] Sandstorm\n|-heal|p2a: Primarina|79/100|[from] item: Leftovers\n|upkeep\n|turn|3\n|\n|t:|1776730051\n|move|p1b: Aerodactyl|Iron Head|p2a: Primarina\n|-damage|p2a: Primarina|60/100\n|move|p2b: Garchomp|Rock Slide|p1a: Tyranitar|[spread] p1a,p1b\n|-supereffective|p1b: Aerodactyl|1\n|-damage|p1a: Tyranitar|84/100\n|-damage|p1b: Aerodactyl|31/100\n|move|p1a: Tyranitar|Ice Punch|p2b: Garchomp\n|-supereffective|p2b: Garchomp|2\n|-damage|p2b: Garchomp|35/100\n|-damage|p1a: Tyranitar|72/100|[from] ability: Rough Skin|[of] p2b: Garchomp\n|cant|p2a: Primarina|flinch\n|\n|-weather|Sandstorm|[upkeep]\n|-damage|p2a: Primarina|54/100|[from] Sandstorm\n|-heal|p2a: Primarina|60/100|[from] item: Leftovers\n|upkeep\n|turn|4\n|c|\u2606cammellio|This is so stupid\n|inactive|iswearitisntme has 30 seconds left.\n|inactive|cammellio has 30 seconds left.\n|c|\u2606cammellio|I flinch more nowadays more than ever\n|inactive|cammellio has 20 seconds left.\n|inactive|cammellio has 15 seconds left.\n|\n|t:|1776730092\n|switch|p1a: Rotom|Rotom-Wash, L50|100/100\n|move|p2b: Garchomp|Protect|p2b: Garchomp\n|-singleturn|p2b: Garchomp|Protect\n|move|p1b: Aerodactyl|Rock Slide|p2a: Primarina|[spread] p2a\n|-activate|p2b: Garchomp|move: Protect\n|-damage|p2a: Primarina|40/100\n|cant|p2a: Primarina|flinch\n|\n|-weather|Sandstorm|[upkeep]\n|-damage|p1a: Rotom|95/100|[from] Sandstorm\n|-damage|p2a: Primarina|34/100|[from] Sandstorm\n|-heal|p2a: Primarina|40/100|[from] item: Leftovers\n|-sideend|p2: cammellio|move: Tailwind\n|upkeep\n|turn|5\n|c|\u2606cammellio|Wtf yo\n|inactive|iswearitisntme has 30 seconds left.\n|inactive|cammellio has 30 seconds left.\n|inactive|iswearitisntme has 20 seconds left.\n|inactive|iswearitisntme has 15 seconds left.\n|inactive|iswearitisntme has 10 seconds left.\n|inactive|iswearitisntme has 5 seconds left.\n|\n|t:|1776730147\n|switch|p2a: Incineroar|Incineroar, L50, F|55/100\n|-ability|p2a: Incineroar|Intimidate|boost\n|-unboost|p1a: Rotom|atk|1\n|-unboost|p1b: Aerodactyl|atk|1\n|move|p1b: Aerodactyl|Tailwind||[still]\n|-fail|p1b: Aerodactyl\n|move|p1a: Rotom|Volt Switch|p2a: Incineroar\n|-damage|p2a: Incineroar|32/100\n|l|\u2606iswearitisntme\n|inactive|iswearitisntme disconnected and has a minute to reconnect!\n|player|p1|\n|inactive|iswearitisntme has 30 seconds left.\n|inactive|iswearitisntme has 20 seconds left.\n|c|\u2606cammellio|They really want you to rank up\n|inactive|iswearitisntme has 15 seconds left.\n|c|\u2606cammellio|Hurry and reconnect\n|inactive|iswearitisntme has 10 seconds left.\n|inactive|iswearitisntme has 5 seconds left.\n|-message|iswearitisntme lost due to inactivity.\n|\n|win|cammellio\n|raw|iswearitisntme's rating: 1138 &rarr; <strong>1112</strong><br />(-26 for losing)\n|raw|cammellio's rating: 1124 &rarr; <strong>1150</strong><br />(+26 for winning)\n",
  "uploadtime": 1776730209,
  "views": 5,
  "formatid": "gen9championsvgc2026regma",
  "rating": 1112,
  "private": 0,
  "password": null
}