{
  "id": "gen9championsvgc2026regma-2580380950",
  "format": "[Gen 9 Champions] VGC 2026 Reg M-A",
  "players": [
    "noobtoilet1040",
    "SaioSeli"
  ],
  "log": "|j|\u2606noobtoilet1040\n|j|\u2606SaioSeli\n|t:|1775888003\n|gametype|doubles\n|player|p1|noobtoilet1040|barry|1042\n|player|p2|SaioSeli|selene|1082\n|gen|9\n|tier|[Gen 9 Champions] VGC 2026 Reg M-A\n|rated|\n|rule|Species Clause: Limit one of each Pok\u00e9mon\n|rule|Item Clause: Limit 1 of each item\n|clearpoke\n|poke|p1|Vaporeon, L50, M|\n|poke|p1|Jolteon, L50, M|\n|poke|p1|Flareon, L50, M|\n|poke|p1|Espeon, L50, F|\n|poke|p1|Umbreon, L50, M|\n|poke|p1|Sylveon, L50, M|\n|poke|p2|Incineroar, L50, F|\n|poke|p2|Aerodactyl, L50, F|\n|poke|p2|Raichu, L50, F|\n|poke|p2|Sneasler, L50, M|\n|poke|p2|Charizard, L50, F|\n|poke|p2|Whimsicott, L50, M|\n|teampreview|4\n|c|\u2606SaioSeli|what the extreme eevoboost\n|inactive|Battle timer is ON: inactive players will automatically lose when time's up. (requested by noobtoilet1040)\n|\n|t:|1775888045\n|teamsize|p1|4\n|teamsize|p2|4\n|start\n|switch|p1a: Espeon|Espeon, L50, F|100/100\n|switch|p1b: Flareon|Flareon, L50, M|100/100\n|switch|p2a: Sneasler|Sneasler, L50, M|100/100\n|switch|p2b: Raichu|Raichu, L50, F|100/100\n|turn|1\n|\n|t:|1775888061\n|switch|p2a: Incineroar|Incineroar, L50, F|100/100\n|-ability|p2a: Incineroar|Intimidate|boost\n|-unboost|p1a: Espeon|atk|1\n|-unboost|p1b: Flareon|atk|1\n|move|p1a: Espeon|Detect|p1a: Espeon\n|-singleturn|p1a: Espeon|Protect\n|move|p1b: Flareon|Detect|p1b: Flareon\n|-singleturn|p1b: Flareon|Protect\n|move|p2b: Raichu|Fake Out|p1a: Espeon\n|-activate|p1a: Espeon|move: Protect\n|\n|upkeep\n|turn|2\n|\n|t:|1775888073\n|move|p2a: Incineroar|Fake Out|p1b: Flareon\n|-damage|p1b: Flareon|78/100\n|move|p2b: Raichu|Volt Switch|p1a: Espeon\n|-damage|p1a: Espeon|77/100\n|\n|t:|1775888075\n|switch|p2b: Charizard|Charizard, L50, F|100/100|[from] Volt Switch\n|cant|p1b: Flareon|flinch\n|move|p1a: Espeon|Trick Room|p1a: Espeon\n|-fieldstart|move: Trick Room|[of] p1a: Espeon\n|\n|upkeep\n|turn|3\n|\n|t:|1775888089\n|move|p1a: Espeon|Helping Hand|p1b: Flareon\n|-singleturn|p1b: Flareon|Helping Hand|[of] p1a: Espeon\n|move|p1b: Flareon|Flare Blitz|p2b: Charizard\n|-resisted|p2b: Charizard|1\n|-damage|p2b: Charizard|54/100\n|-damage|p1b: Flareon|65/100|[from] Recoil\n|move|p2a: Incineroar|Throat Chop|p1a: Espeon\n|-supereffective|p1a: Espeon|1\n|-enditem|p1a: Espeon|Colbur Berry|[eat]\n|-enditem|p1a: Espeon|Colbur Berry|[weaken]\n|-damage|p1a: Espeon|37/100\n|-start|p1a: Espeon|Throat Chop|[silent]\n|move|p2b: Charizard|Scorching Sands|p1b: Flareon\n|-supereffective|p1b: Flareon|1\n|-enditem|p1b: Flareon|Shuca Berry|[eat]\n|-enditem|p1b: Flareon|Shuca Berry|[weaken]\n|-damage|p1b: Flareon|45/100\n|\n|upkeep\n|turn|4\n|\n|t:|1775888101\n|switch|p1a: Umbreon|Umbreon, L50, M|100/100\n|move|p1b: Flareon|Superpower|p2a: Incineroar\n|-supereffective|p2a: Incineroar|1\n|-enditem|p2a: Incineroar|Chople Berry|[eat]\n|-enditem|p2a: Incineroar|Chople Berry|[weaken]\n|-damage|p2a: Incineroar|68/100\n|-unboost|p1b: Flareon|atk|1\n|-unboost|p1b: Flareon|def|1\n|move|p2a: Incineroar|Throat Chop|p1a: Umbreon\n|-resisted|p1a: Umbreon|1\n|-damage|p1a: Umbreon|88/100\n|-start|p1a: Umbreon|Throat Chop|[silent]\n|move|p2b: Charizard|Scorching Sands|p1b: Flareon\n|-supereffective|p1b: Flareon|1\n|-damage|p1b: Flareon|2/100\n|\n|-heal|p1a: Umbreon|94/100|[from] item: Leftovers\n|upkeep\n|turn|5\n|\n|t:|1775888112\n|move|p2b: Charizard|Protect|p2b: Charizard\n|-singleturn|p2b: Charizard|Protect\n|move|p1b: Flareon|Superpower|p2a: Incineroar\n|-supereffective|p2a: Incineroar|1\n|-damage|p2a: Incineroar|19/100\n|-unboost|p1b: Flareon|atk|1\n|-unboost|p1b: Flareon|def|1\n|move|p1a: Umbreon|Foul Play|p2b: Charizard\n|-activate|p2b: Charizard|move: Protect\n|move|p2a: Incineroar|Drain Punch|p1a: Umbreon\n|-supereffective|p1a: Umbreon|1\n|-damage|p1a: Umbreon|63/100\n|-heal|p2a: Incineroar|37/100|[from] drain|[of] p1a: Umbreon\n|\n|-heal|p1a: Umbreon|69/100|[from] item: Leftovers\n|-end|p1a: Umbreon|Throat Chop|[silent]\n|upkeep\n|turn|6\n|inactive|SaioSeli has 30 seconds left.\n|inactive|SaioSeli has 20 seconds left.\n|inactive|SaioSeli has 15 seconds left.\n|inactive|SaioSeli has 10 seconds left.\n|\n|t:|1775888157\n|switch|p1b: Espeon|Espeon, L50, F|37/100\n|switch|p2a: Sneasler|Sneasler, L50, M|100/100\n|detailschange|p2b: Charizard|Charizard-Mega-Y, L50, F\n|-mega|p2b: Charizard|Charizard|Charizardite Y\n|-weather|SunnyDay|[from] ability: Drought|[of] p2b: Charizard\n|move|p1a: Umbreon|Foul Play|p2b: Charizard\n|-damage|p2b: Charizard|14/100\n|move|p2b: Charizard|Heat Wave|p1a: Umbreon|[spread] p1a,p1b\n|-damage|p1a: Umbreon|22/100\n|-damage|p1b: Espeon|0 fnt\n|faint|p1b: Espeon\n|\n|-weather|SunnyDay|[upkeep]\n|-heal|p1a: Umbreon|28/100|[from] item: Leftovers\n|-fieldend|move: Trick Room\n|upkeep\n|\n|t:|1775888161\n|switch|p1b: Flareon|Flareon, L50, M|2/100\n|turn|7\n|\n|t:|1775888175\n|move|p1b: Flareon|Quick Attack|p2b: Charizard\n|-damage|p2b: Charizard|0 fnt\n|faint|p2b: Charizard\n|move|p2a: Sneasler|Close Combat|p1a: Umbreon\n|-supereffective|p1a: Umbreon|1\n|-damage|p1a: Umbreon|0 fnt\n|-unboost|p2a: Sneasler|def|1\n|-unboost|p2a: Sneasler|spd|1\n|faint|p1a: Umbreon\n|-enditem|p2a: Sneasler|White Herb\n|-clearnegativeboost|p2a: Sneasler|[silent]\n|\n|-weather|SunnyDay|[upkeep]\n|upkeep\n|\n|t:|1775888180\n|switch|p2b: Raichu|Raichu, L50, F|100/100\n|switch|p1a: Sylveon|Sylveon, L50, M|100/100\n|turn|8\n|\n|t:|1775888186\n|move|p2b: Raichu|Fake Out|p1b: Flareon\n|-damage|p1b: Flareon|0 fnt\n|faint|p1b: Flareon\n|move|p2a: Sneasler|Dire Claw|p1a: Sylveon\n|-supereffective|p1a: Sylveon|1\n|-damage|p1a: Sylveon|17/100\n|move|p1a: Sylveon|Hyper Voice|p2b: Raichu|[spread] p2a,p2b\n|-damage|p2a: Sneasler|42/100\n|-damage|p2b: Raichu|36/100\n|\n|-weather|SunnyDay|[upkeep]\n|upkeep\n|turn|9\n|-message|noobtoilet1040 forfeited.\n|\n|win|SaioSeli\n|raw|noobtoilet1040's rating: 1042 &rarr; <strong>1028</strong><br />(-14 for losing)\n|raw|SaioSeli's rating: 1082 &rarr; <strong>1107</strong><br />(+25 for winning)\n|l|\u2606noobtoilet1040\n|player|p1|\n",
  "uploadtime": 1775888195,
  "views": 21,
  "formatid": "gen9championsvgc2026regma",
  "rating": 1028,
  "private": 0,
  "password": null
}