{
  "id": "gen9championsvgc2026regma-2582599642",
  "format": "[Gen 9 Champions] VGC 2026 Reg M-A",
  "players": [
    "itastelikeiron",
    "LKBZS"
  ],
  "log": "|j|\u2606itastelikeiron\n|j|\u2606LKBZS\n|t:|1776101836\n|gametype|doubles\n|player|p1|itastelikeiron|infielder|1257\n|player|p2|LKBZS|n|1263\n|gen|9\n|tier|[Gen 9 Champions] VGC 2026 Reg M-A\n|rated|\n|rule|Species Clause: Limit one of each Pok\u00e9mon\n|rule|Item Clause: Limit 1 of each item\n|clearpoke\n|poke|p1|Glimmora, L50, M|\n|poke|p1|Basculegion, L50, M|\n|poke|p1|Whimsicott, L50, F|\n|poke|p1|Incineroar, L50, M|\n|poke|p1|Dragonite, L50, F|\n|poke|p1|Ninetales-Alola, L50, F|\n|poke|p2|Froslass, L50, F|\n|poke|p2|Kingambit, L50, M|\n|poke|p2|Gyarados, L50, F|\n|poke|p2|Primarina, L50, M|\n|poke|p2|Raichu, L50, M|\n|poke|p2|Incineroar, L50, M|\n|teampreview|4\n|\n|t:|1776101860\n|teamsize|p1|4\n|teamsize|p2|4\n|start\n|switch|p1a: Glimmora|Glimmora, L50, M|100/100\n|switch|p1b: Whimsicott|Whimsicott, L50, F|100/100\n|switch|p2a: Froslass|Froslass, L50, F|100/100\n|switch|p2b: Kingambit|Kingambit, L50, M|100/100\n|turn|1\n|\n|t:|1776101877\n|detailschange|p1a: Glimmora|Glimmora-Mega, L50, M\n|-mega|p1a: Glimmora|Glimmora|Glimmoranite\n|move|p2a: Froslass|Protect|p2a: Froslass\n|-singleturn|p2a: Froslass|Protect\n|move|p1b: Whimsicott|Light Screen|p1b: Whimsicott\n|-sidestart|p1: itastelikeiron|move: Light Screen\n|move|p1a: Glimmora|Power Gem|p2a: Froslass\n|-activate|p2a: Froslass|move: Protect\n|move|p2b: Kingambit|Iron Head|p1a: Glimmora\n|-supereffective|p1a: Glimmora|1\n|-damage|p1a: Glimmora|14/100\n|\n|upkeep\n|turn|2\n|\n|t:|1776101893\n|detailschange|p2a: Froslass|Froslass-Mega, L50, F\n|-mega|p2a: Froslass|Froslass|Froslassite\n|-weather|Snowscape|[from] ability: Snow Warning|[of] p2a: Froslass\n|move|p1b: Whimsicott|Encore|p2a: Froslass\n|-start|p2a: Froslass|Encore\n|move|p2a: Froslass|Protect||[still]\n|-fail|p2a: Froslass\n|move|p2b: Kingambit|Sucker Punch|p1a: Glimmora\n|-damage|p1a: Glimmora|0 fnt\n|faint|p1a: Glimmora\n|\n|-weather|Snowscape|[upkeep]\n|upkeep\n|\n|t:|1776101900\n|switch|p1a: Dragonite|Dragonite, L50, F|100/100\n|turn|3\n|\n|t:|1776101908\n|switch|p2a: Incineroar|Incineroar, L50, M|100/100\n|-ability|p2a: Incineroar|Intimidate|boost\n|-unboost|p1a: Dragonite|atk|1\n|-unboost|p1b: Whimsicott|atk|1\n|switch|p2b: Gyarados|Gyarados, L50, F, shiny|100/100\n|-ability|p2b: Gyarados|Intimidate|boost\n|-unboost|p1a: Dragonite|atk|1\n|-unboost|p1b: Whimsicott|atk|1\n|move|p1b: Whimsicott|Moonblast|p2a: Incineroar\n|-crit|p2a: Incineroar\n|-damage|p2a: Incineroar|65/100\n|-unboost|p2a: Incineroar|spa|1\n|move|p1a: Dragonite|Low Kick|p2b: Gyarados\n|-resisted|p2b: Gyarados|1\n|-damage|p2b: Gyarados|90/100\n|\n|-weather|Snowscape|[upkeep]\n|-heal|p2b: Gyarados|96/100|[from] item: Leftovers\n|upkeep\n|turn|4\n|\n|t:|1776101930\n|switch|p1a: Basculegion|Basculegion, L50, M|100/100\n|move|p2a: Incineroar|Fake Out|p1b: Whimsicott\n|-damage|p1b: Whimsicott|89/100\n|cant|p1b: Whimsicott|flinch\n|move|p2b: Gyarados|Thunder Wave|p1a: Basculegion\n|-status|p1a: Basculegion|par\n|\n|-weather|Snowscape|[upkeep]\n|-heal|p2b: Gyarados|100/100|[from] item: Leftovers\n|upkeep\n|turn|5\n|\n|t:|1776101945\n|move|p1b: Whimsicott|Moonblast|p2b: Gyarados\n|-damage|p2b: Gyarados|75/100\n|-unboost|p2b: Gyarados|spa|1\n|move|p2b: Gyarados|Power Whip|p1a: Basculegion\n|-supereffective|p1a: Basculegion|1\n|-damage|p1a: Basculegion|17/100 par\n|move|p1a: Basculegion|Flip Turn|p2a: Incineroar\n|-supereffective|p2a: Incineroar|1\n|-damage|p2a: Incineroar|0 fnt\n|faint|p2a: Incineroar\n|\n|t:|1776101953\n|switch|p1a: Dragonite|Dragonite, L50, F|100/100|[from] Flip Turn\n|\n|-weather|Snowscape|[upkeep]\n|-heal|p2b: Gyarados|81/100|[from] item: Leftovers\n|-sideend|p1: itastelikeiron|move: Light Screen\n|upkeep\n|\n|t:|1776101957\n|switch|p2a: Froslass|Froslass-Mega, L50, F|100/100\n|turn|6\n|\n|t:|1776101962\n|switch|p2b: Kingambit|Kingambit, L50, M|100/100\n|move|p1a: Dragonite|Protect|p1a: Dragonite\n|-singleturn|p1a: Dragonite|Protect\n|move|p1b: Whimsicott|Light Screen|p1b: Whimsicott\n|-sidestart|p1: itastelikeiron|move: Light Screen\n|move|p2a: Froslass|Blizzard|p1a: Dragonite|[spread] p1b\n|-activate|p1a: Dragonite|move: Protect\n|-supereffective|p1b: Whimsicott|1\n|-damage|p1b: Whimsicott|12/100\n|-status|p1b: Whimsicott|frz\n|\n|-weather|none\n|upkeep\n|turn|7\n|\n|t:|1776101977\n|cant|p1b: Whimsicott|frz\n|move|p2b: Kingambit|Sucker Punch|p1a: Dragonite\n|-damage|p1a: Dragonite|75/100\n|move|p2a: Froslass|Blizzard|p1b: Whimsicott|[spread] p1a,p1b\n|-supereffective|p1a: Dragonite|2\n|-crit|p1a: Dragonite\n|-supereffective|p1b: Whimsicott|1\n|-damage|p1a: Dragonite|0 fnt\n|-damage|p1b: Whimsicott|0 fnt\n|faint|p1a: Dragonite\n|faint|p1b: Whimsicott\n|\n|upkeep\n|\n|t:|1776101982\n|switch|p1b: Basculegion|Basculegion, L50, M|17/100 par\n|turn|8\n|-message|itastelikeiron forfeited.\n|\n|win|LKBZS\n|raw|itastelikeiron's rating: 1257 &rarr; <strong>1232</strong><br />(-25 for losing)\n|raw|LKBZS's rating: 1263 &rarr; <strong>1288</strong><br />(+25 for winning)\n",
  "uploadtime": 1776101989,
  "views": 35,
  "formatid": "gen9championsvgc2026regma",
  "rating": 1232,
  "private": 0,
  "password": null
}