{
  "id": "gen9championsvgc2026regma-2584089923",
  "format": "[Gen 9 Champions] VGC 2026 Reg M-A",
  "players": [
    "evilkyatt",
    "Cabin6"
  ],
  "log": "|j|\u2606evilkyatt\n|j|\u2606Cabin6\n|t:|1776224056\n|gametype|doubles\n|player|p1|evilkyatt|scientist-gen4dp|1350\n|player|p2|Cabin6|roxie|1431\n|gen|9\n|tier|[Gen 9 Champions] VGC 2026 Reg M-A\n|rated|\n|rule|Species Clause: Limit one of each Pok\u00e9mon\n|rule|Item Clause: Limit 1 of each item\n|clearpoke\n|poke|p1|Aggron, L50, M|\n|poke|p1|Rotom-Wash, L50|\n|poke|p1|Sinistcha-Masterpiece, L50|\n|poke|p1|Incineroar, L50, F|\n|poke|p1|Clefable, L50, M|\n|poke|p1|Pelipper, L50, F|\n|poke|p2|Delphox, L50, F|\n|poke|p2|Kingambit, L50, F|\n|poke|p2|Sneasler, L50, M|\n|poke|p2|Dragonite, L50, M|\n|poke|p2|Clefable, L50, F|\n|poke|p2|Basculegion, L50, M|\n|teampreview|4\n|inactive|Battle timer is ON: inactive players will automatically lose when time's up. (requested by evilkyatt)\n|\n|t:|1776224086\n|teamsize|p1|4\n|teamsize|p2|4\n|start\n|switch|p1a: Aggron|Aggron, L50, M|100/100\n|switch|p1b: Clefable|Clefable, L50, M|100/100\n|switch|p2a: Basculegion|Basculegion, L50, M|100/100\n|switch|p2b: Foxpii's Aura|Delphox, L50, F|100/100\n|turn|1\n|\n|t:|1776224100\n|detailschange|p2b: Foxpii's Aura|Delphox-Mega, L50, F\n|-mega|p2b: Foxpii's Aura|Delphox|Delphoxite\n|detailschange|p1a: Aggron|Aggron-Mega, L50, M\n|-mega|p1a: Aggron|Aggron|Aggronite\n|move|p2a: Basculegion|Flip Turn|p1a: Aggron\n|-damage|p1a: Aggron|82/100\n|\n|t:|1776224109\n|switch|p2a: Abdur's Aura|Sneasler, L50, M|100/100|[from] Flip Turn\n|move|p2b: Foxpii's Aura|Substitute|p2b: Foxpii's Aura\n|-start|p2b: Foxpii's Aura|Substitute\n|-damage|p2b: Foxpii's Aura|76/100\n|move|p1b: Clefable|Light Screen|p1b: Clefable\n|-sidestart|p1: evilkyatt|move: Light Screen\n|move|p1a: Aggron|Iron Defense|p1a: Aggron\n|-boost|p1a: Aggron|def|2\n|\n|upkeep\n|turn|2\n|\n|t:|1776224133\n|switch|p1b: Incineroar|Incineroar, L50, F|100/100\n|-ability|p1b: Incineroar|Intimidate|boost\n|-unboost|p2a: Abdur's Aura|atk|1\n|-immune|p2b: Foxpii's Aura\n|move|p2b: Foxpii's Aura|Heat Wave|p1a: Aggron|[spread] p1a,p1b\n|-supereffective|p1a: Aggron|1\n|-resisted|p1b: Incineroar|1\n|-damage|p1a: Aggron|48/100\n|-damage|p1b: Incineroar|90/100\n|move|p2a: Abdur's Aura|Dire Claw|p1b: Incineroar\n|-damage|p1b: Incineroar|61/100\n|-status|p1b: Incineroar|par\n|move|p1a: Aggron|Iron Defense|p1a: Aggron\n|-boost|p1a: Aggron|def|2\n|\n|upkeep\n|turn|3\n|inactive|evilkyatt has 30 seconds left.\n|inactive|evilkyatt has 20 seconds left.\n|\n|t:|1776224172\n|move|p2a: Abdur's Aura|Protect|p2a: Abdur's Aura\n|-singleturn|p2a: Abdur's Aura|Protect\n|move|p1b: Incineroar|Fake Out|p2a: Abdur's Aura\n|-activate|p2a: Abdur's Aura|move: Protect\n|move|p2b: Foxpii's Aura|Heat Wave|p1a: Aggron|[spread] p1a\n|-miss|p2b: Foxpii's Aura|p1b: Incineroar\n|-supereffective|p1a: Aggron|1\n|-damage|p1a: Aggron|15/100\n|move|p1a: Aggron|Body Press|p2b: Foxpii's Aura\n|-resisted|p2b: Foxpii's Aura|1\n|-end|p2b: Foxpii's Aura|Substitute\n|\n|upkeep\n|turn|4\n|\n|t:|1776224196\n|move|p1a: Aggron|Protect|p1a: Aggron\n|-singleturn|p1a: Aggron|Protect\n|move|p2b: Foxpii's Aura|Substitute|p2b: Foxpii's Aura\n|-start|p2b: Foxpii's Aura|Substitute\n|-damage|p2b: Foxpii's Aura|51/100\n|move|p2a: Abdur's Aura|Close Combat|p1b: Incineroar\n|-supereffective|p1b: Incineroar|1\n|-enditem|p1b: Incineroar|Chople Berry|[eat]\n|-enditem|p1b: Incineroar|Chople Berry|[weaken]\n|-damage|p1b: Incineroar|23/100 par\n|-unboost|p2a: Abdur's Aura|def|1\n|-unboost|p2a: Abdur's Aura|spd|1\n|move|p1b: Incineroar|Parting Shot|p2b: Foxpii's Aura\n|-unboost|p2b: Foxpii's Aura|atk|1\n|-unboost|p2b: Foxpii's Aura|spa|1\n|\n|t:|1776224208\n|switch|p1b: Sinistcha|Sinistcha-Masterpiece, L50|100/100|[from] Parting Shot\n|-heal|p1a: Aggron|40/100|[from] ability: Hospitality|[of] p1b: Sinistcha\n|\n|upkeep\n|turn|5\n|inactive|evilkyatt has 30 seconds left.\n|inactive|evilkyatt has 20 seconds left.\n|inactive|evilkyatt has 15 seconds left.\n|inactive|evilkyatt has 10 seconds left.\n|\n|t:|1776224255\n|move|p1b: Sinistcha|Rage Powder|p1b: Sinistcha\n|-singleturn|p1b: Sinistcha|move: Rage Powder\n|move|p2b: Foxpii's Aura|Heat Wave|p1a: Aggron|[spread] p1a,p1b\n|-supereffective|p1a: Aggron|1\n|-supereffective|p1b: Sinistcha|1\n|-damage|p1a: Aggron|16/100\n|-damage|p1b: Sinistcha|62/100\n|move|p2a: Abdur's Aura|Dire Claw|p1b: Sinistcha\n|-damage|p1b: Sinistcha|40/100\n|-enditem|p1b: Sinistcha|Sitrus Berry|[eat]\n|-heal|p1b: Sinistcha|65/100|[from] item: Sitrus Berry\n|move|p1a: Aggron|Body Press|p2b: Foxpii's Aura\n|-resisted|p2b: Foxpii's Aura|1\n|-end|p2b: Foxpii's Aura|Substitute\n|\n|-sideend|p1: evilkyatt|move: Light Screen\n|upkeep\n|turn|6\n|inactive|Cabin6 has 30 seconds left.\n|\n|t:|1776224284\n|switch|p2b: Clefable|Clefable, L50, F|100/100\n|move|p1a: Aggron|Protect|p1a: Aggron\n|-singleturn|p1a: Aggron|Protect\n|move|p2a: Abdur's Aura|Close Combat|p1a: Aggron\n|-activate|p1a: Aggron|move: Protect\n|move|p1b: Sinistcha|Shadow Ball|p2b: Clefable\n|-damage|p2b: Clefable|70/100\n|-unboost|p2b: Clefable|spd|1\n|\n|upkeep\n|turn|7\n|inactive|evilkyatt has 30 seconds left.\n|\n|t:|1776224313\n|move|p1b: Sinistcha|Rage Powder|p1b: Sinistcha\n|-singleturn|p1b: Sinistcha|move: Rage Powder\n|move|p2a: Abdur's Aura|Dire Claw|p1b: Sinistcha\n|-damage|p1b: Sinistcha|41/100\n|move|p2b: Clefable|Moonblast|p1b: Sinistcha\n|-damage|p1b: Sinistcha|11/100\n|move|p1a: Aggron|Heavy Slam|p2a: Abdur's Aura\n|-enditem|p2a: Abdur's Aura|Focus Sash\n|-damage|p2a: Abdur's Aura|1/100\n|\n|upkeep\n|turn|8\n|\n|t:|1776224328\n|switch|p1b: Incineroar|Incineroar, L50, F|23/100 par\n|-ability|p1b: Incineroar|Intimidate|boost\n|-unboost|p2a: Abdur's Aura|atk|1\n|-unboost|p2b: Clefable|atk|1\n|move|p1a: Aggron|Protect|p1a: Aggron\n|-singleturn|p1a: Aggron|Protect\n|move|p2a: Abdur's Aura|Dire Claw|p1b: Incineroar\n|-damage|p1b: Incineroar|2/100 par\n|move|p2b: Clefable|Moonblast|p1a: Aggron\n|-activate|p1a: Aggron|move: Protect\n|\n|upkeep\n|turn|9\n|inactive|Cabin6 has 30 seconds left.\n|inactive|Cabin6 has 20 seconds left.\n|inactive|Cabin6 has 15 seconds left.\n|\n|t:|1776224372\n|switch|p1b: Sinistcha|Sinistcha-Masterpiece, L50|11/100\n|-heal|p1a: Aggron|41/100|[from] ability: Hospitality|[of] p1b: Sinistcha\n|move|p2b: Clefable|Helping Hand|p2a: Abdur's Aura\n|-singleturn|p2a: Abdur's Aura|Helping Hand|[of] p2b: Clefable\n|move|p2a: Abdur's Aura|Close Combat|p1a: Aggron\n|-supereffective|p1a: Aggron|1\n|-damage|p1a: Aggron|30/100\n|-unboost|p2a: Abdur's Aura|def|1\n|-unboost|p2a: Abdur's Aura|spd|1\n|move|p1a: Aggron|Heavy Slam|p2b: Clefable\n|-supereffective|p2b: Clefable|1\n|-damage|p2b: Clefable|0 fnt\n|faint|p2b: Clefable\n|\n|upkeep\n|\n|t:|1776224386\n|switch|p2b: Foxpii's Aura|Delphox-Mega, L50, F|51/100\n|turn|10\n|\n|t:|1776224413\n|switch|p1b: Incineroar|Incineroar, L50, F|2/100 par\n|-ability|p1b: Incineroar|Intimidate|boost\n|-unboost|p2a: Abdur's Aura|atk|1\n|-unboost|p2b: Foxpii's Aura|atk|1\n|move|p1a: Aggron|Protect|p1a: Aggron\n|-singleturn|p1a: Aggron|Protect\n|move|p2a: Abdur's Aura|Dire Claw|p1b: Incineroar\n|-damage|p1b: Incineroar|0 fnt\n|faint|p1b: Incineroar\n|move|p2b: Foxpii's Aura|Substitute|p2b: Foxpii's Aura\n|-start|p2b: Foxpii's Aura|Substitute\n|-damage|p2b: Foxpii's Aura|27/100\n|\n|upkeep\n|\n|t:|1776224431\n|switch|p1b: Clefable|Clefable, L50, M|100/100\n|turn|11\n|\n|t:|1776224445\n|move|p2a: Abdur's Aura|Dire Claw|p1b: Clefable\n|-supereffective|p1b: Clefable|1\n|-damage|p1b: Clefable|2/100\n|move|p2b: Foxpii's Aura|Heat Wave|p1b: Clefable|[spread] p1a,p1b\n|-supereffective|p1a: Aggron|1\n|-crit|p1b: Clefable\n|-damage|p1a: Aggron|0 fnt\n|-damage|p1b: Clefable|0 fnt\n|faint|p1a: Aggron\n|faint|p1b: Clefable\n|\n|upkeep\n|c|\u2606evilkyatt|gg\n|c|\u2606Cabin6|ggs\n|\n|t:|1776224456\n|switch|p1b: Sinistcha|Sinistcha-Masterpiece, L50|11/100\n|turn|12\n|\n|t:|1776224461\n|move|p2b: Foxpii's Aura|Protect|p2b: Foxpii's Aura\n|-singleturn|p2b: Foxpii's Aura|Protect\n|move|p2a: Abdur's Aura|Dire Claw|p1b: Sinistcha\n|-damage|p1b: Sinistcha|0 fnt\n|faint|p1b: Sinistcha\n|\n|win|Cabin6\n|raw|evilkyatt's rating: 1350 &rarr; <strong>1335</strong><br />(-15 for losing)\n|raw|Cabin6's rating: 1431 &rarr; <strong>1446</strong><br />(+15 for winning)\n|l|\u2606evilkyatt\n|player|p1|\n",
  "uploadtime": 1776224470,
  "views": 37,
  "formatid": "gen9championsvgc2026regma",
  "rating": 1335,
  "private": 0,
  "password": null
}