{
  "id": "gen9championsvgc2026regma-2588436575",
  "format": "[Gen 9 Champions] VGC 2026 Reg M-A",
  "players": [
    "biggi x",
    "tealpens2"
  ],
  "log": "|j|\u2606biggi x\n|j|\u2606tealpens2\n|t:|1776633400\n|gametype|doubles\n|player|p1|biggi x|265|1129\n|player|p2|tealpens2|266|1205\n|gen|9\n|tier|[Gen 9 Champions] VGC 2026 Reg M-A\n|rated|\n|rule|Species Clause: Limit one of each Pok\u00e9mon\n|rule|Item Clause: Limit 1 of each item\n|clearpoke\n|poke|p1|Drampa, L50, F|\n|poke|p1|Clefable, L50, F|\n|poke|p1|Farigiraf, L50, M|\n|poke|p1|Pelipper, L50, M|\n|poke|p1|Incineroar, L50, M|\n|poke|p1|Gengar, L50, F|\n|poke|p2|Talonflame, L50, M|\n|poke|p2|Garchomp, L50, F|\n|poke|p2|Sneasler, L50, F|\n|poke|p2|Sinistcha, L50|\n|poke|p2|Kingambit, L50, M|\n|poke|p2|Floette-Eternal, L50, F|\n|teampreview|4\n|inactive|Battle timer is ON: inactive players will automatically lose when time's up. (requested by biggi x)\n|\n|t:|1776633440\n|teamsize|p1|4\n|teamsize|p2|4\n|start\n|switch|p1a: Gengar|Gengar, L50, F|100/100\n|switch|p1b: Incineroar|Incineroar, L50, M|100/100\n|switch|p2a: Kingambit|Kingambit, L50, M|100/100\n|switch|p2b: Sneasler|Sneasler, L50, F|100/100\n|-ability|p1b: Incineroar|Intimidate|boost\n|-unboost|p2a: Kingambit|atk|1\n|-ability|p2a: Kingambit|Defiant|boost\n|-boost|p2a: Kingambit|atk|2\n|-unboost|p2b: Sneasler|atk|1\n|-enditem|p2b: Sneasler|White Herb\n|-clearnegativeboost|p2b: Sneasler|[silent]\n|turn|1\n|inactive|biggi x has 30 seconds left.\n|inactive|tealpens2 has 30 seconds left.\n|\n|t:|1776633474\n|detailschange|p1a: Gengar|Gengar-Mega, L50, F\n|-mega|p1a: Gengar|Gengar|Gengarite\n|move|p1b: Incineroar|Fake Out|p2a: Kingambit\n|-resisted|p2a: Kingambit|1\n|-damage|p2a: Kingambit|97/100\n|move|p2b: Sneasler|Close Combat|p1b: Incineroar\n|-supereffective|p1b: Incineroar|1\n|-damage|p1b: Incineroar|0 fnt\n|-unboost|p2b: Sneasler|def|1\n|-unboost|p2b: Sneasler|spd|1\n|faint|p1b: Incineroar\n|move|p1a: Gengar|Perish Song|p1a: Gengar\n|-start|p1a: Gengar|perish3|[silent]\n|-start|p2a: Kingambit|perish3|[silent]\n|-start|p2b: Sneasler|perish3|[silent]\n|-fieldactivate|move: Perish Song\n|cant|p2a: Kingambit|flinch\n|\n|-start|p2b: Sneasler|perish3\n|-start|p1a: Gengar|perish3\n|-start|p2a: Kingambit|perish3\n|upkeep\n|\n|t:|1776633493\n|switch|p1b: Clefable|Clefable, L50, F|100/100\n|turn|2\n|inactive|tealpens2 has 30 seconds left.\n|inactive|biggi x has 30 seconds left.\n|\n|t:|1776633532\n|move|p1a: Gengar|Protect|p1a: Gengar\n|-singleturn|p1a: Gengar|Protect\n|move|p1b: Clefable|Protect|p1b: Clefable\n|-singleturn|p1b: Clefable|Protect\n|move|p2b: Sneasler|Dire Claw|p1b: Clefable\n|-activate|p1b: Clefable|move: Protect\n|move|p2a: Kingambit|Kowtow Cleave|p1a: Gengar\n|-activate|p1a: Gengar|move: Protect\n|\n|-start|p2b: Sneasler|perish2\n|-start|p1a: Gengar|perish2\n|-start|p2a: Kingambit|perish2\n|upkeep\n|turn|3\n|\n|t:|1776633556\n|move|p1b: Clefable|Follow Me|p1b: Clefable\n|-singleturn|p1b: Clefable|move: Follow Me\n|move|p2b: Sneasler|Dire Claw|p1b: Clefable\n|-supereffective|p1b: Clefable|1\n|-damage|p1b: Clefable|8/100\n|-enditem|p1b: Clefable|Sitrus Berry|[eat]\n|-heal|p1b: Clefable|33/100|[from] item: Sitrus Berry\n|move|p1a: Gengar|Disable|p2a: Kingambit\n|-start|p2a: Kingambit|Disable|Kowtow Cleave\n|cant|p2a: Kingambit|Disable|Kowtow Cleave\n|\n|-start|p2b: Sneasler|perish1\n|-start|p1a: Gengar|perish1\n|-start|p2a: Kingambit|perish1\n|upkeep\n|turn|4\n|inactive|tealpens2 has 30 seconds left.\n|\n|t:|1776633585\n|switch|p1a: Pelipper|Pelipper, L50, M|100/100\n|-weather|RainDance|[from] ability: Drizzle|[of] p1a: Pelipper\n|move|p1b: Clefable|Protect|p1b: Clefable\n|-singleturn|p1b: Clefable|Protect\n|move|p2b: Sneasler|Dire Claw|p1b: Clefable\n|-activate|p1b: Clefable|move: Protect\n|move|p2a: Kingambit|Iron Head|p1a: Pelipper\n|-resisted|p1a: Pelipper|1\n|-damage|p1a: Pelipper|71/100\n|\n|-weather|RainDance|[upkeep]\n|-heal|p1a: Pelipper|77/100|[from] item: Leftovers\n|-start|p2b: Sneasler|perish0\n|-start|p2a: Kingambit|perish0\n|faint|p2b: Sneasler\n|faint|p2a: Kingambit\n|upkeep\n|\n|t:|1776633590\n|switch|p2b: Floette|Floette-Eternal, L50, F|100/100\n|switch|p2a: Sinistcha|Sinistcha, L50|100/100\n|turn|5\n|\n|t:|1776633613\n|switch|p1b: Gengar|Gengar-Mega, L50, F|100/100\n|move|p1a: Pelipper|Wide Guard|p1a: Pelipper\n|-singleturn|p1a: Pelipper|Wide Guard\n|move|p2b: Floette|Calm Mind|p2b: Floette\n|-boost|p2b: Floette|spa|1\n|-boost|p2b: Floette|spd|1\n|move|p2a: Sinistcha|Matcha Gotcha|p1a: Pelipper|[spread] \n|-activate|p1a: Pelipper|move: Wide Guard\n|-activate|p1b: Gengar|move: Wide Guard\n|\n|-weather|RainDance|[upkeep]\n|-heal|p1a: Pelipper|83/100|[from] item: Leftovers\n|upkeep\n|turn|6\n|inactive|biggi x has 30 seconds left.\n|inactive|tealpens2 has 30 seconds left.\n|inactive|tealpens2 has 20 seconds left.\n|inactive|tealpens2 has 15 seconds left.\n|inactive|biggi x has 20 seconds left.\n|inactive|biggi x has 15 seconds left.\n|\n|t:|1776633666\n|detailschange|p2b: Floette|Floette-Mega, L50, F\n|-mega|p2b: Floette|Floette|Floettite\n|-ability|p2b: Floette|Fairy Aura\n|move|p1b: Gengar|Perish Song|p1b: Gengar\n|-start|p1a: Pelipper|perish3|[silent]\n|-start|p1b: Gengar|perish3|[silent]\n|-start|p2a: Sinistcha|perish3|[silent]\n|-start|p2b: Floette|perish3|[silent]\n|-fieldactivate|move: Perish Song\n|move|p2b: Floette|Moonblast|p1a: Pelipper\n|-damage|p1a: Pelipper|0 fnt\n|faint|p1a: Pelipper\n|move|p2a: Sinistcha|Trick Room|p2a: Sinistcha\n|-fieldstart|move: Trick Room|[of] p2a: Sinistcha\n|\n|-weather|RainDance|[upkeep]\n|-start|p2a: Sinistcha|perish3\n|-start|p2b: Floette|perish3\n|-start|p1b: Gengar|perish3\n|upkeep\n|\n|t:|1776633681\n|switch|p1a: Clefable|Clefable, L50, F|33/100\n|turn|7\n|\n|t:|1776633692\n|move|p1a: Clefable|Protect|p1a: Clefable\n|-singleturn|p1a: Clefable|Protect\n|move|p2a: Sinistcha|Matcha Gotcha|p1b: Gengar|[spread] p1b\n|-activate|p1a: Clefable|move: Protect\n|-resisted|p1b: Gengar|1\n|-damage|p1b: Gengar|84/100\n|move|p2b: Floette|Calm Mind|p2b: Floette\n|-boost|p2b: Floette|spa|1\n|-boost|p2b: Floette|spd|1\n|move|p1b: Gengar|Disable|p2b: Floette\n|-start|p2b: Floette|Disable|Calm Mind\n|\n|-weather|RainDance|[upkeep]\n|-start|p2a: Sinistcha|perish2\n|-start|p2b: Floette|perish2\n|-start|p1b: Gengar|perish2\n|upkeep\n|turn|8\n|inactive|biggi x has 30 seconds left.\n|inactive|biggi x has 20 seconds left.\n|inactive|biggi x has 15 seconds left.\n|inactive|biggi x has 10 seconds left.\n|\n|t:|1776633738\n|move|p1a: Clefable|Follow Me|p1a: Clefable\n|-singleturn|p1a: Clefable|move: Follow Me\n|move|p2a: Sinistcha|Matcha Gotcha|p1b: Gengar|[spread] p1a,p1b\n|-resisted|p1b: Gengar|1\n|-damage|p1a: Clefable|11/100\n|-damage|p1b: Gengar|68/100\n|move|p2b: Floette|Dazzling Gleam|p1a: Clefable|[spread] p1a,p1b\n|-resisted|p1b: Gengar|1\n|-damage|p1a: Clefable|0 fnt\n|-damage|p1b: Gengar|13/100\n|faint|p1a: Clefable\n|move|p1b: Gengar|Shadow Ball|p2a: Sinistcha\n|-supereffective|p2a: Sinistcha|1\n|-damage|p2a: Sinistcha|11/100\n|-enditem|p2a: Sinistcha|Sitrus Berry|[eat]\n|-heal|p2a: Sinistcha|36/100|[from] item: Sitrus Berry\n|\n|-weather|none\n|-start|p2a: Sinistcha|perish1\n|-start|p2b: Floette|perish1\n|-start|p1b: Gengar|perish1\n|upkeep\n|turn|9\n|c|\u2606tealpens2|you did it wrong\n|inactive|tealpens2 has 30 seconds left.\n|c|\u2606biggi x|Nah\n|\n|t:|1776633767\n|move|p1b: Gengar|Protect|p1b: Gengar\n|-singleturn|p1b: Gengar|Protect\n|move|p2a: Sinistcha|Life Dew||[still]|[spread] p2a,p2b\n|-heal|p2a: Sinistcha|61/100\n|-fail|p2b: Floette|heal\n|move|p2b: Floette|Moonblast|p1b: Gengar\n|-activate|p1b: Gengar|move: Protect\n|\n|-start|p2a: Sinistcha|perish0\n|-start|p2b: Floette|perish0\n|-start|p1b: Gengar|perish0\n|faint|p2a: Sinistcha\n|faint|p2b: Floette\n|faint|p1b: Gengar\n|\n|win|biggi x\n|raw|biggi x's rating: 1129 &rarr; <strong>1159</strong><br />(+30 for winning)\n|raw|tealpens2's rating: 1205 &rarr; <strong>1175</strong><br />(-30 for losing)\n|c|\u2606biggi x|Im slower\n|c|\u2606biggi x|I win\n|l|\u2606tealpens2\n|player|p2|\n",
  "uploadtime": 1776633817,
  "views": 15,
  "formatid": "gen9championsvgc2026regma",
  "rating": 1159,
  "private": 0,
  "password": null
}