{
  "id": "gen9championsvgc2026regma-2584568561",
  "format": "[Gen 9 Champions] VGC 2026 Reg M-A",
  "players": [
    "Esvee",
    "kheray"
  ],
  "log": "|j|\u2606Esvee\n|j|\u2606kheray\n|t:|1776269323\n|gametype|doubles\n|player|p1|Esvee|will|1310\n|player|p2|kheray|266|1283\n|gen|9\n|tier|[Gen 9 Champions] VGC 2026 Reg M-A\n|rated|\n|rule|Species Clause: Limit one of each Pok\u00e9mon\n|rule|Item Clause: Limit 1 of each item\n|clearpoke\n|poke|p1|Starmie, L50|\n|poke|p1|Incineroar, L50, F|\n|poke|p1|Sneasler, L50, F|\n|poke|p1|Kingambit, L50, M|\n|poke|p1|Pelipper, L50, F|\n|poke|p1|Sinistcha, L50|\n|poke|p2|Floette-Eternal, L50, F|\n|poke|p2|Sinistcha, L50|\n|poke|p2|Aerodactyl, L50, F|\n|poke|p2|Garchomp, L50, M|\n|poke|p2|Incineroar, L50, F|\n|poke|p2|Rotom-Wash, L50|\n|teampreview|4\n|inactive|Battle timer is ON: inactive players will automatically lose when time's up. (requested by Esvee)\n|inactive|kheray also wants the timer to be on.\n|\n|t:|1776269433\n|teamsize|p1|4\n|teamsize|p2|4\n|start\n|switch|p1a: Kingambit|Kingambit, L50, M|100/100\n|switch|p1b: Starmie|Starmie, L50|100/100\n|switch|p2a: Garchomp|Garchomp, L50, M|100/100\n|switch|p2b: Aerodactyl|Aerodactyl, L50, F|100/100\n|-ability|p2b: Aerodactyl|Unnerve\n|turn|1\n|\n|t:|1776269449\n|switch|p1a: Pelipper|Pelipper, L50, F|100/100\n|-weather|RainDance|[from] ability: Drizzle|[of] p1a: Pelipper\n|detailschange|p1b: Starmie|Starmie-Mega, L50\n|-mega|p1b: Starmie|Starmie|Starminite\n|move|p2a: Garchomp|Earthquake|p1b: Starmie|[spread] p1b\n|-immune|p2b: Aerodactyl\n|-immune|p1a: Pelipper\n|-damage|p1b: Starmie|45/100\n|move|p2b: Aerodactyl|Tailwind|p2b: Aerodactyl\n|-sidestart|p2: kheray|move: Tailwind\n|move|p1b: Starmie|Flip Turn|p2b: Aerodactyl\n|-supereffective|p2b: Aerodactyl|1\n|-enditem|p2b: Aerodactyl|Focus Sash\n|-damage|p2b: Aerodactyl|1/100\n|\n|t:|1776269468\n|switch|p1b: Sinistcha|Sinistcha, L50|100/100|[from] Flip Turn\n|\n|-weather|RainDance|[upkeep]\n|upkeep\n|turn|2\n|\n|t:|1776269489\n|switch|p2a: Rotom|Rotom-Wash, L50|100/100\n|move|p2b: Aerodactyl|Rock Slide|p1a: Pelipper|[spread] p1b\n|-miss|p2b: Aerodactyl|p1a: Pelipper\n|-damage|p1b: Sinistcha|80/100\n|move|p1a: Pelipper|U-turn|p2b: Aerodactyl\n|-resisted|p2b: Aerodactyl|1\n|-damage|p2b: Aerodactyl|0 fnt\n|faint|p2b: Aerodactyl\n|\n|t:|1776269498\n|switch|p1a: Kingambit|Kingambit, L50, M|100/100|[from] U-turn\n|move|p1b: Sinistcha|Trick Room|p1b: Sinistcha\n|-fieldstart|move: Trick Room|[of] p1b: Sinistcha\n|\n|-weather|RainDance|[upkeep]\n|-heal|p1b: Sinistcha|86/100|[from] item: Leftovers\n|upkeep\n|c|\u2606kheray|ofc lol\n|\n|t:|1776269510\n|switch|p2b: Garchomp|Garchomp, L50, M|100/100\n|turn|3\n|\n|t:|1776269522\n|move|p1a: Kingambit|Kowtow Cleave|p2b: Garchomp\n|-damage|p2b: Garchomp|40/100\n|-damage|p1a: Kingambit|88/100|[from] ability: Rough Skin|[of] p2b: Garchomp\n|move|p1b: Sinistcha|Matcha Gotcha|p2a: Rotom|[spread] p2a\n|-miss|p1b: Sinistcha|p2b: Garchomp\n|-supereffective|p2a: Rotom|1\n|-damage|p2a: Rotom|49/100\n|-heal|p1b: Sinistcha|100/100|[from] drain|[of] p2a: Rotom\n|-enditem|p2a: Rotom|Sitrus Berry|[eat]\n|-heal|p2a: Rotom|74/100|[from] item: Sitrus Berry\n|move|p2a: Rotom|Will-O-Wisp|p1a: Kingambit\n|-status|p1a: Kingambit|brn\n|move|p2b: Garchomp|Stomping Tantrum|p1a: Kingambit\n|-supereffective|p1a: Kingambit|1\n|-damage|p1a: Kingambit|19/100 brn\n|\n|-weather|RainDance|[upkeep]\n|-damage|p1a: Kingambit|13/100 brn|[from] brn\n|upkeep\n|turn|4\n|inactive|kheray has 30 seconds left.\n|\n|t:|1776269554\n|move|p1a: Kingambit|Kowtow Cleave|p2a: Rotom\n|-damage|p2a: Rotom|45/100\n|move|p1b: Sinistcha|Matcha Gotcha|p2b: Garchomp|[spread] p2a,p2b\n|-supereffective|p2a: Rotom|1\n|-damage|p2a: Rotom|0 fnt\n|-damage|p2b: Garchomp|13/100\n|-status|p2b: Garchomp|brn\n|faint|p2a: Rotom\n|move|p2b: Garchomp|Stomping Tantrum|p1a: Kingambit\n|-supereffective|p1a: Kingambit|1\n|-damage|p1a: Kingambit|0 fnt\n|faint|p1a: Kingambit\n|\n|-weather|RainDance|[upkeep]\n|-damage|p2b: Garchomp|8/100 brn|[from] brn\n|-sideend|p2: kheray|move: Tailwind\n|upkeep\n|c|\u2606kheray|lmfao\n|\n|t:|1776269574\n|switch|p1a: Starmie|Starmie-Mega, L50|45/100\n|switch|p2a: Floette|Floette-Eternal, L50, F|100/100\n|turn|5\n|\n|t:|1776269590\n|detailschange|p2a: Floette|Floette-Mega, L50, F\n|-mega|p2a: Floette|Floette|Floettite\n|-ability|p2a: Floette|Fairy Aura\n|move|p1a: Starmie|Protect|p1a: Starmie\n|-singleturn|p1a: Starmie|Protect\n|move|p1b: Sinistcha|Matcha Gotcha|p2a: Floette|[spread] p2a,p2b\n|-damage|p2a: Floette|83/100\n|-damage|p2b: Garchomp|0 fnt\n|-status|p2a: Floette|brn\n|faint|p2b: Garchomp\n|move|p2a: Floette|Dazzling Gleam|p1b: Sinistcha|[spread] p1b\n|-activate|p1a: Starmie|move: Protect\n|-damage|p1b: Sinistcha|56/100\n|\n|-weather|none\n|-heal|p1b: Sinistcha|62/100|[from] item: Leftovers\n|-damage|p2a: Floette|77/100 brn|[from] brn\n|upkeep\n|turn|6\n|c|\u2606kheray|BRO\n|inactive|Esvee has 30 seconds left.\n|\n|t:|1776269618\n|switch|p1a: Pelipper|Pelipper, L50, F|100/100\n|-weather|RainDance|[from] ability: Drizzle|[of] p1a: Pelipper\n|move|p1b: Sinistcha|Protect|p1b: Sinistcha\n|-singleturn|p1b: Sinistcha|Protect\n|move|p2a: Floette|Dazzling Gleam|p1a: Pelipper|[spread] p1a\n|-activate|p1b: Sinistcha|move: Protect\n|-damage|p1a: Pelipper|26/100\n|\n|-weather|RainDance|[upkeep]\n|-heal|p1b: Sinistcha|68/100|[from] item: Leftovers\n|-damage|p2a: Floette|72/100 brn|[from] brn\n|-fieldend|move: Trick Room\n|upkeep\n|turn|7\n|\n|t:|1776269633\n|move|p1a: Pelipper|Weather Ball|p2a: Floette\n|-damage|p2a: Floette|18/100 brn\n|move|p2a: Floette|Dazzling Gleam|p1a: Pelipper|[spread] p1a,p1b\n|-damage|p1a: Pelipper|0 fnt\n|-damage|p1b: Sinistcha|24/100\n|faint|p1a: Pelipper\n|move|p1b: Sinistcha|Matcha Gotcha|p2a: Floette\n|-damage|p2a: Floette|0 fnt\n|-heal|p1b: Sinistcha|33/100|[from] drain|[of] p2a: Floette\n|faint|p2a: Floette\n|\n|win|Esvee\n|raw|Esvee's rating: 1310 &rarr; <strong>1328</strong><br />(+18 for winning)\n|raw|kheray's rating: 1283 &rarr; <strong>1260</strong><br />(-23 for losing)\n|c|\u2606kheray|bs\n|l|\u2606kheray\n|player|p2|\n",
  "uploadtime": 1776269657,
  "views": 39,
  "formatid": "gen9championsvgc2026regma",
  "rating": 1260,
  "private": 0,
  "password": null
}