{
  "id": "gen9championsvgc2026regma-2587259032",
  "format": "[Gen 9 Champions] VGC 2026 Reg M-A",
  "players": [
    "TheKira03",
    "bopy1234a"
  ],
  "log": "|j|\u2606TheKira03\n|j|\u2606bopy1234a\n|t:|1776515436\n|gametype|doubles\n|player|p1|TheKira03|101|1082\n|player|p2|bopy1234a|palmer|1108\n|gen|9\n|tier|[Gen 9 Champions] VGC 2026 Reg M-A\n|rated|\n|rule|Species Clause: Limit one of each Pok\u00e9mon\n|rule|Item Clause: Limit 1 of each item\n|clearpoke\n|poke|p1|Sinistcha, L50|\n|poke|p1|Espathra, L50, F, shiny|\n|poke|p1|Incineroar, L50, M, shiny|\n|poke|p1|Floette-Eternal, L50, F|\n|poke|p1|Heracross, L50, F|\n|poke|p1|Hydreigon, L50, F|\n|poke|p2|Tyranitar, L50, M|\n|poke|p2|Aerodactyl, L50, F|\n|poke|p2|Milotic, L50, F|\n|poke|p2|Sinistcha, L50|\n|poke|p2|Sneasler, L50, F|\n|poke|p2|Incineroar, L50, F|\n|teampreview|4\n|inactive|Battle timer is ON: inactive players will automatically lose when time's up. (requested by TheKira03)\n|inactive|TheKira03 has 60 seconds left.\n|inactive|bopy1234a has 60 seconds left.\nbopy1234a rejected open team sheets.\n|\n|t:|1776515473\n|teamsize|p1|4\n|teamsize|p2|4\n|start\n|switch|p1a: Incineroar|Incineroar, L50, M, shiny|100/100\n|switch|p1b: Espathra|Espathra, L50, F, shiny|100/100\n|switch|p2a: Milotic|Milotic, L50, F|100/100\n|switch|p2b: Sneasler|Sneasler, L50, F|100/100\n|-ability|p1a: Incineroar|Intimidate|boost\n|-unboost|p2a: Milotic|atk|1\n|-ability|p2a: Milotic|Competitive|boost\n|-boost|p2a: Milotic|spa|2\n|-unboost|p2b: Sneasler|atk|1\n|-enditem|p2b: Sneasler|White Herb\n|-clearnegativeboost|p2b: Sneasler|[silent]\n|turn|1\n|inactive|bopy1234a has 30 seconds left.\n|inactive|bopy1234a has 20 seconds left.\n|inactive|bopy1234a has 15 seconds left.\n|inactive|bopy1234a has 10 seconds left.\n|inactive|bopy1234a has 5 seconds left.\n|\n|t:|1776515526\n|move|p2b: Sneasler|Protect|p2b: Sneasler\n|-singleturn|p2b: Sneasler|Protect\n|move|p1b: Espathra|Protect|p1b: Espathra\n|-singleturn|p1b: Espathra|Protect\n|move|p1a: Incineroar|Fake Out|p2a: Milotic\n|-damage|p2a: Milotic|89/100\n|cant|p2a: Milotic|flinch\n|\n|-ability|p1b: Espathra|Speed Boost|boost\n|-boost|p1b: Espathra|spe|1\n|upkeep\n|turn|2\n|inactive|TheKira03 has 30 seconds left.\n|inactive|bopy1234a has 30 seconds left.\n|\n|t:|1776515558\n|switch|p2b: Tyranitar|Tyranitar, L50, M|100/100\n|-weather|Sandstorm|[from] ability: Sand Stream|[of] p2b: Tyranitar\n|move|p1b: Espathra|Lumina Crash|p2b: Tyranitar\n|-immune|p2b: Tyranitar\n|move|p2a: Milotic|Icy Wind|p1b: Espathra|[spread] p1a,p1b\n|-resisted|p1a: Incineroar|1\n|-damage|p1a: Incineroar|90/100\n|-damage|p1b: Espathra|71/100\n|-unboost|p1a: Incineroar|spe|1\n|-unboost|p1b: Espathra|spe|1\n|move|p1a: Incineroar|Darkest Lariat|p2a: Milotic\n|-damage|p2a: Milotic|49/100\n|\n|-weather|Sandstorm|[upkeep]\n|-damage|p1b: Espathra|65/100|[from] Sandstorm\n|-damage|p2a: Milotic|43/100|[from] Sandstorm\n|-damage|p1a: Incineroar|85/100|[from] Sandstorm\n|-ability|p1b: Espathra|Speed Boost|boost\n|-boost|p1b: Espathra|spe|1\n|upkeep\n|turn|3\n|inactive|bopy1234a has 30 seconds left.\n|\n|t:|1776515585\n|detailschange|p2b: Tyranitar|Tyranitar-Mega, L50, M\n|-mega|p2b: Tyranitar|Tyranitar|Tyranitarite\n|move|p1b: Espathra|Protect|p1b: Espathra\n|-singleturn|p1b: Espathra|Protect\n|move|p2b: Tyranitar|Rock Slide|p1b: Espathra|[spread] p1a\n|-activate|p1b: Espathra|move: Protect\n|-supereffective|p1a: Incineroar|1\n|-damage|p1a: Incineroar|9/100\n|-enditem|p1a: Incineroar|Sitrus Berry|[eat]\n|-heal|p1a: Incineroar|34/100|[from] item: Sitrus Berry\n|move|p2a: Milotic|Recover|p2a: Milotic\n|-heal|p2a: Milotic|93/100\n|move|p1a: Incineroar|Darkest Lariat|p2a: Milotic\n|-damage|p2a: Milotic|53/100\n|\n|-weather|Sandstorm|[upkeep]\n|-damage|p1b: Espathra|59/100|[from] Sandstorm\n|-damage|p2a: Milotic|48/100|[from] Sandstorm\n|-damage|p1a: Incineroar|28/100|[from] Sandstorm\n|-ability|p1b: Espathra|Speed Boost|boost\n|-boost|p1b: Espathra|spe|1\n|upkeep\n|turn|4\n|\n|t:|1776515606\n|move|p1b: Espathra|Baton Pass|p1b: Espathra\n|\n|t:|1776515608\n|switch|p1b: Heracross|Heracross, L50, F|100/100|[from] Baton Pass\n|move|p2b: Tyranitar|Rock Slide|p1b: Heracross|[spread] p1a,p1b\n|-supereffective|p1a: Incineroar|1\n|-damage|p1a: Incineroar|0 fnt\n|-damage|p1b: Heracross|53/100\n|faint|p1a: Incineroar\n|move|p2a: Milotic|Recover|p2a: Milotic\n|-heal|p2a: Milotic|98/100\n|\n|-weather|Sandstorm|[upkeep]\n|-damage|p1b: Heracross|47/100|[from] Sandstorm\n|-damage|p2a: Milotic|92/100|[from] Sandstorm\n|upkeep\n|\n|t:|1776515613\n|switch|p1a: Sinistcha|Sinistcha, L50|100/100\n|-heal|p1b: Heracross|72/100|[from] ability: Hospitality|[of] p1a: Sinistcha\n|turn|5\n|inactive|bopy1234a has 30 seconds left.\n|\n|t:|1776515641\n|detailschange|p1b: Heracross|Heracross-Mega, L50, F\n|-mega|p1b: Heracross|Heracross|Heracronite\n|move|p2b: Tyranitar|Protect|p2b: Tyranitar\n|-singleturn|p2b: Tyranitar|Protect\n|move|p1a: Sinistcha|Rage Powder|p1a: Sinistcha\n|-singleturn|p1a: Sinistcha|move: Rage Powder\n|move|p1b: Heracross|Close Combat|p2b: Tyranitar\n|-activate|p2b: Tyranitar|move: Protect\n|move|p2a: Milotic|Icy Wind|p1b: Heracross|[spread] p1a,p1b\n|-supereffective|p1a: Sinistcha|1\n|-crit|p1b: Heracross\n|-damage|p1a: Sinistcha|53/100\n|-damage|p1b: Heracross|39/100\n|-unboost|p1a: Sinistcha|spe|1\n|-unboost|p1b: Heracross|spe|1\n|\n|-weather|Sandstorm|[upkeep]\n|-damage|p1b: Heracross|33/100|[from] Sandstorm\n|-damage|p2a: Milotic|86/100|[from] Sandstorm\n|-damage|p1a: Sinistcha|47/100|[from] Sandstorm\n|-heal|p1a: Sinistcha|53/100|[from] item: Leftovers\n|upkeep\n|turn|6\n|inactive|bopy1234a has 30 seconds left.\n|\n|t:|1776515671\n|switch|p2b: Sneasler|Sneasler, L50, F|100/100\n|move|p1b: Heracross|Pin Missile|p2a: Milotic\n|-damage|p2a: Milotic|69/100\n|-damage|p2a: Milotic|52/100\n|-damage|p2a: Milotic|35/100\n|-damage|p2a: Milotic|18/100\n|-damage|p2a: Milotic|1/100\n|-hitcount|p2a: Milotic|5\n|move|p2a: Milotic|Icy Wind|p1a: Sinistcha|[spread] p1a,p1b\n|-supereffective|p1a: Sinistcha|1\n|-damage|p1a: Sinistcha|5/100\n|-damage|p1b: Heracross|11/100\n|-unboost|p1a: Sinistcha|spe|1\n|-unboost|p1b: Heracross|spe|1\n|move|p1a: Sinistcha|Matcha Gotcha|p2a: Milotic|[spread] p2a,p2b\n|-supereffective|p2a: Milotic|1\n|-crit|p2a: Milotic\n|-resisted|p2b: Sneasler|1\n|-damage|p2a: Milotic|0 fnt\n|-heal|p1a: Sinistcha|6/100|[from] drain|[of] p2a: Milotic\n|-damage|p2b: Sneasler|83/100\n|-heal|p1a: Sinistcha|13/100|[from] drain|[of] p2b: Sneasler\n|-status|p2b: Sneasler|brn\n|faint|p2a: Milotic\n|\n|-weather|none\n|-heal|p1a: Sinistcha|20/100|[from] item: Leftovers\n|-damage|p2b: Sneasler|77/100 brn|[from] brn\n|upkeep\n|-message|TheKira03 forfeited.\n|\n|win|bopy1234a\n|raw|TheKira03's rating: 1082 &rarr; <strong>1061</strong><br />(-21 for losing)\n|raw|bopy1234a's rating: 1108 &rarr; <strong>1131</strong><br />(+23 for winning)\n|l|\u2606TheKira03\n|player|p1|\n",
  "uploadtime": 1776515704,
  "views": 23,
  "formatid": "gen9championsvgc2026regma",
  "rating": 1061,
  "private": 0,
  "password": null
}