{
  "id": "gen9championsvgc2026regma-2586015272",
  "format": "[Gen 9 Champions] VGC 2026 Reg M-A",
  "players": [
    "MersusNoctus",
    "Gaby Glytxii"
  ],
  "log": "|j|\u2606MersusNoctus\n|j|\u2606Gaby Glytxii\n|t:|1776390443\n|gametype|doubles\n|player|p1|MersusNoctus|silver|1181\n|player|p2|Gaby Glytxii|iris|1161\n|gen|9\n|tier|[Gen 9 Champions] VGC 2026 Reg M-A\n|rated|\n|rule|Species Clause: Limit one of each Pok\u00e9mon\n|rule|Item Clause: Limit 1 of each item\n|clearpoke\n|poke|p1|Pelipper, L50, F|\n|poke|p1|Skarmory, L50, F|\n|poke|p1|Archaludon, L50, M|\n|poke|p1|Delphox, L50, F|\n|poke|p1|Gourgeist-*, L50, F|\n|poke|p1|Crabominable, L50, M|\n|poke|p2|Abomasnow, L50, M|\n|poke|p2|Froslass, L50, F|\n|poke|p2|Umbreon, L50, M|\n|poke|p2|Avalugg, L50, F|\n|poke|p2|Volcarona, L50, F|\n|poke|p2|Ninetales-Alola, L50, F|\n|teampreview|4\n|\n|t:|1776390463\n|teamsize|p1|4\n|teamsize|p2|4\n|start\n|switch|p1a: Gourgeist|Gourgeist-Super, L50, F, shiny|100/100\n|switch|p1b: Crabominable|Crabominable, L50, M|100/100\n|switch|p2a: Abomasnow|Abomasnow, L50, M|100/100\n|switch|p2b: Umbreon|Umbreon, L50, M|100/100\n|-weather|Snowscape|[from] ability: Snow Warning|[of] p2a: Abomasnow\n|turn|1\n|\n|t:|1776390477\n|detailschange|p1b: Crabominable|Crabominable-Mega, L50, M\n|-mega|p1b: Crabominable|Crabominable|Crabominite\n|move|p2a: Abomasnow|Protect|p2a: Abomasnow\n|-singleturn|p2a: Abomasnow|Protect\n|move|p1b: Crabominable|Bulk Up|p1b: Crabominable\n|-boost|p1b: Crabominable|atk|1\n|-boost|p1b: Crabominable|def|1\n|move|p2b: Umbreon|Roar|p1b: Crabominable\n|drag|p1b: Archaludon|Archaludon, L50, M|100/100\n|move|p1a: Gourgeist|Trick Room|p1a: Gourgeist\n|-fieldstart|move: Trick Room|[of] p1a: Gourgeist\n|\n|-weather|Snowscape|[upkeep]\n|upkeep\n|turn|2\n|\n|t:|1776390499\n|switch|p1a: Pelipper|Pelipper, L50, F|100/100\n|-weather|RainDance|[from] ability: Drizzle|[of] p1a: Pelipper\n|detailschange|p2a: Abomasnow|Abomasnow-Mega, L50, M\n|-mega|p2a: Abomasnow|Abomasnow|Abomasite\n|-weather|Snowscape|[from] ability: Snow Warning|[of] p2a: Abomasnow\n|move|p2a: Abomasnow|Aurora Veil|p2a: Abomasnow\n|-sidestart|p2: Gaby Glytxii|move: Aurora Veil\n|move|p2b: Umbreon|Light Screen|p2b: Umbreon\n|-sidestart|p2: Gaby Glytxii|move: Light Screen\n|move|p1b: Archaludon|Electro Shot||[still]\n|-prepare|p1b: Archaludon|Electro Shot\n|-boost|p1b: Archaludon|spa|1\n|\n|-weather|Snowscape|[upkeep]\n|upkeep\n|turn|3\n|\n|t:|1776390518\n|switch|p1a: Crabominable|Crabominable-Mega, L50, M|100/100\n|move|p2a: Abomasnow|Icicle Spear|p1a: Crabominable\n|-resisted|p1a: Crabominable|1\n|-damage|p1a: Crabominable|97/100\n|-resisted|p1a: Crabominable|1\n|-damage|p1a: Crabominable|93/100\n|-resisted|p1a: Crabominable|1\n|-damage|p1a: Crabominable|90/100\n|-resisted|p1a: Crabominable|1\n|-damage|p1a: Crabominable|86/100\n|-resisted|p1a: Crabominable|1\n|-damage|p1a: Crabominable|82/100\n|-hitcount|p1a: Crabominable|5\n|move|p2b: Umbreon|Snarl|p1a: Crabominable|[spread] p1a,p1b\n|-resisted|p1a: Crabominable|1\n|-damage|p1a: Crabominable|78/100\n|-damage|p1b: Archaludon|92/100\n|-unboost|p1a: Crabominable|spa|1\n|-unboost|p1b: Archaludon|spa|1\n|-ability|p1b: Archaludon|Stamina|boost\n|-boost|p1b: Archaludon|def|1\n|move|p1b: Archaludon|Electro Shot|p2b: Umbreon|[from] lockedmove\n|-crit|p2b: Umbreon\n|-damage|p2b: Umbreon|73/100\n|\n|-weather|Snowscape|[upkeep]\n|-heal|p1b: Archaludon|98/100|[from] item: Leftovers\n|upkeep\n|turn|4\n|\n|t:|1776390557\n|switch|p2a: Froslass|Froslass, L50, F|100/100\n|move|p1a: Crabominable|Drain Punch|p2b: Umbreon\n|-supereffective|p2b: Umbreon|1\n|-damage|p2b: Umbreon|5/100\n|-heal|p1a: Crabominable|100/100|[from] drain|[of] p2b: Umbreon\n|move|p1b: Archaludon|Aura Sphere|p2b: Umbreon\n|-supereffective|p2b: Umbreon|1\n|-damage|p2b: Umbreon|0 fnt\n|faint|p2b: Umbreon\n|\n|-weather|Snowscape|[upkeep]\n|-heal|p1b: Archaludon|100/100|[from] item: Leftovers\n|upkeep\n|\n|t:|1776390566\n|switch|p2b: Volcarona|Volcarona, L50, F|100/100\n|turn|5\n|\n|t:|1776390582\n|move|p2b: Volcarona|Rage Powder|p2b: Volcarona\n|-singleturn|p2b: Volcarona|move: Rage Powder\n|move|p1a: Crabominable|Ice Hammer|p2b: Volcarona\n|-resisted|p2b: Volcarona|1\n|-damage|p2b: Volcarona|58/100\n|-unboost|p1a: Crabominable|spe|1\n|move|p1b: Archaludon|Draco Meteor|p2b: Volcarona|[miss]\n|-miss|p1b: Archaludon|p2b: Volcarona\n|move|p2a: Froslass|Blizzard|p1a: Crabominable|[spread] p1a,p1b\n|-resisted|p1a: Crabominable|1\n|-damage|p1a: Crabominable|87/100\n|-damage|p1b: Archaludon|72/100\n|-ability|p1b: Archaludon|Stamina|boost\n|-boost|p1b: Archaludon|def|1\n|\n|-weather|Snowscape|[upkeep]\n|-heal|p1b: Archaludon|78/100|[from] item: Leftovers\n|-fieldend|move: Trick Room\n|upkeep\n|turn|6\n|\n|t:|1776390602\n|move|p1b: Archaludon|Protect|p1b: Archaludon\n|-singleturn|p1b: Archaludon|Protect\n|move|p1a: Crabominable|Protect|p1a: Crabominable\n|-singleturn|p1a: Crabominable|Protect\n|move|p2b: Volcarona|Heat Wave|p1a: Crabominable|[spread] \n|-activate|p1a: Crabominable|move: Protect\n|-activate|p1b: Archaludon|move: Protect\n|move|p2a: Froslass|Shadow Ball|p1a: Crabominable\n|-activate|p1a: Crabominable|move: Protect\n|\n|-weather|none\n|-heal|p1b: Archaludon|84/100|[from] item: Leftovers\n|-sideend|p2: Gaby Glytxii|move: Light Screen\n|-sideend|p2: Gaby Glytxii|move: Aurora Veil\n|upkeep\n|turn|7\n|\n|t:|1776390622\n|move|p2b: Volcarona|Heat Wave|p1a: Crabominable|[spread] p1a,p1b\n|-supereffective|p1a: Crabominable|1\n|-damage|p1a: Crabominable|25/100\n|-damage|p1b: Archaludon|50/100\n|-status|p1a: Crabominable|brn\n|-ability|p1b: Archaludon|Stamina|boost\n|-boost|p1b: Archaludon|def|1\n|move|p2a: Froslass|Shadow Ball|p1a: Crabominable\n|-damage|p1a: Crabominable|0 fnt\n|faint|p1a: Crabominable\n|move|p1b: Archaludon|Draco Meteor|p2b: Volcarona\n|-damage|p2b: Volcarona|0 fnt\n|-unboost|p1b: Archaludon|spa|2\n|faint|p2b: Volcarona\n|\n|-heal|p1b: Archaludon|56/100|[from] item: Leftovers\n|upkeep\n|\n|t:|1776390634\n|switch|p2b: Abomasnow|Abomasnow-Mega, L50, M|100/100\n|switch|p1a: Gourgeist|Gourgeist-Super, L50, F, shiny|100/100\n|-weather|Snowscape|[from] ability: Snow Warning|[of] p2b: Abomasnow\n|turn|8\n|\n|t:|1776390653\n|switch|p1a: Pelipper|Pelipper, L50, F|100/100\n|-weather|RainDance|[from] ability: Drizzle|[of] p1a: Pelipper\n|move|p2a: Froslass|Blizzard|p1b: Archaludon|[spread] p1a,p1b\n|-damage|p1a: Pelipper|55/100\n|-damage|p1b: Archaludon|24/100\n|-ability|p1b: Archaludon|Stamina|boost\n|-boost|p1b: Archaludon|def|1\n|move|p1b: Archaludon|Electro Shot||[still]\n|-prepare|p1b: Archaludon|Electro Shot\n|-boost|p1b: Archaludon|spa|1\n|-anim|p1b: Archaludon|Electro Shot|p2a: Froslass\n|-damage|p2a: Froslass|60/100\n|move|p2b: Abomasnow|Icicle Spear|p1a: Pelipper\n|-damage|p1a: Pelipper|39/100\n|-crit|p1a: Pelipper\n|-damage|p1a: Pelipper|17/100\n|-damage|p1a: Pelipper|2/100\n|-damage|p1a: Pelipper|0 fnt\n|faint|p1a: Pelipper\n|-hitcount|p1: Pelipper|4\n|\n|-weather|RainDance|[upkeep]\n|-heal|p1b: Archaludon|30/100|[from] item: Leftovers\n|upkeep\n|\n|t:|1776390668\n|switch|p1a: Gourgeist|Gourgeist-Super, L50, F, shiny|100/100\n|turn|9\n|\n|t:|1776390674\n|move|p1a: Gourgeist|Ally Switch|p1a: Gourgeist\n|swap|p1a: Gourgeist|1|[from] move: Ally Switch\n|move|p2a: Froslass|Blizzard|p1a: Archaludon|[spread] \n|-miss|p2a: Froslass|p1a: Archaludon\n|-miss|p2a: Froslass|p1b: Gourgeist\n|move|p1a: Archaludon|Aura Sphere|p2b: Abomasnow\n|-supereffective|p2b: Abomasnow|1\n|-damage|p2b: Abomasnow|73/100\n|move|p2b: Abomasnow|Icicle Spear|p1b: Gourgeist\n|-supereffective|p1b: Gourgeist|1\n|-damage|p1b: Gourgeist|78/100\n|-supereffective|p1b: Gourgeist|1\n|-damage|p1b: Gourgeist|56/100\n|-supereffective|p1b: Gourgeist|1\n|-damage|p1b: Gourgeist|33/100\n|-hitcount|p1b: Gourgeist|3\n|\n|-weather|RainDance|[upkeep]\n|-heal|p1a: Archaludon|37/100|[from] item: Leftovers\n|upkeep\n|turn|10\n|\n|t:|1776390692\n|move|p2a: Froslass|Blizzard|p1b: Gourgeist|[spread] p1a,p1b\n|-crit|p1a: Archaludon\n|-supereffective|p1b: Gourgeist|1\n|-damage|p1a: Archaludon|0 fnt\n|-damage|p1b: Gourgeist|0 fnt\n|faint|p1a: Archaludon\n|faint|p1b: Gourgeist\n|\n|win|Gaby Glytxii\n|raw|MersusNoctus's rating: 1181 &rarr; <strong>1155</strong><br />(-26 for losing)\n|raw|Gaby Glytxii's rating: 1161 &rarr; <strong>1187</strong><br />(+26 for winning)\n|l|\u2606MersusNoctus\n|player|p1|\n",
  "uploadtime": 1776390699,
  "views": 17,
  "formatid": "gen9championsvgc2026regma",
  "rating": 1155,
  "private": 0,
  "password": null
}