{
  "id": "gen9championsvgc2026regma-2582009727",
  "format": "[Gen 9 Champions] VGC 2026 Reg M-A",
  "players": [
    "Yomaga15",
    "itsjustsomni"
  ],
  "log": "|j|\u2606Yomaga15\n|j|\u2606itsjustsomni\n|t:|1776048006\n|gametype|doubles\n|player|p1|Yomaga15|265|1066\n|player|p2|itsjustsomni|cyrus|1115\n|gen|9\n|tier|[Gen 9 Champions] VGC 2026 Reg M-A\n|rated|\n|rule|Species Clause: Limit one of each Pok\u00e9mon\n|rule|Item Clause: Limit 1 of each item\n|clearpoke\n|poke|p1|Starmie, L50|\n|poke|p1|Arcanine, L50, F|\n|poke|p1|Tyranitar, L50, F|\n|poke|p1|Umbreon, L50, F|\n|poke|p1|Sinistcha, L50|\n|poke|p1|Corviknight, L50, M|\n|poke|p2|Charizard, L50, F|\n|poke|p2|Venusaur, L50, F|\n|poke|p2|Whimsicott, L50, F|\n|poke|p2|Incineroar, L50, M|\n|poke|p2|Crabominable, L50, F|\n|poke|p2|Sinistcha, L50|\n|teampreview|4\n|inactive|Battle timer is ON: inactive players will automatically lose when time's up. (requested by itsjustsomni)\n|\n|t:|1776048032\n|teamsize|p1|4\n|teamsize|p2|4\n|start\n|switch|p1a: Corviknight|Corviknight, L50, M, shiny|100/100\n|switch|p1b: Umbreon|Umbreon, L50, F, shiny|100/100\n|switch|p2a: Charizard|Charizard, L50, F|100/100\n|switch|p2b: Incineroar|Incineroar, L50, M|100/100\n|-ability|p2b: Incineroar|Intimidate|boost\n|-ability|p1a: Corviknight|Mirror Armor\n|-unboost|p2b: Incineroar|atk|1\n|-fail|p1b: Umbreon|unboost|Attack|[from] ability: Inner Focus|[of] p1b: Umbreon\n|turn|1\n|inactive|Yomaga15 has 30 seconds left.\n|inactive|Yomaga15 has 20 seconds left.\n|\n|t:|1776048068\n|detailschange|p2a: Charizard|Charizard-Mega-Y, L50, F\n|-mega|p2a: Charizard|Charizard|Charizardite Y\n|-weather|SunnyDay|[from] ability: Drought|[of] p2a: Charizard\n|move|p2b: Incineroar|Fake Out|p1a: Corviknight\n|-resisted|p1a: Corviknight|1\n|-damage|p1a: Corviknight|98/100\n|move|p2a: Charizard|Heat Wave|p1a: Corviknight|[spread] p1a,p1b\n|-supereffective|p1a: Corviknight|1\n|-damage|p1a: Corviknight|0 fnt\n|-damage|p1b: Umbreon|57/100\n|faint|p1a: Corviknight\n|move|p1b: Umbreon|Snarl|p2b: Incineroar|[spread] p2a,p2b\n|-resisted|p2b: Incineroar|1\n|-damage|p2a: Charizard|92/100\n|-damage|p2b: Incineroar|97/100\n|-unboost|p2a: Charizard|spa|1\n|-unboost|p2b: Incineroar|spa|1\n|\n|-weather|SunnyDay|[upkeep]\n|-heal|p1b: Umbreon|63/100|[from] item: Leftovers\n|upkeep\n|\n|t:|1776048089\n|switch|p1a: Starmie|Starmie, L50, shiny|100/100\n|turn|2\n|\n|t:|1776048105\n|switch|p2a: Venusaur|Venusaur, L50, F|100/100\n|detailschange|p1a: Starmie|Starmie-Mega, L50, shiny\n|-mega|p1a: Starmie|Starmie|Starminite\n|move|p1a: Starmie|Flip Turn|p2b: Incineroar\n|-supereffective|p2b: Incineroar|1\n|-damage|p2b: Incineroar|62/100\n|\n|t:|1776048113\n|switch|p1a: Arcanine|Arcanine, L50, F, shiny|100/100|[from] Flip Turn\n|-ability|p1a: Arcanine|Intimidate|boost\n|-unboost|p2a: Venusaur|atk|1\n|-unboost|p2b: Incineroar|atk|1\n|move|p1b: Umbreon|Snarl|p2b: Incineroar|[spread] p2a,p2b\n|-resisted|p2b: Incineroar|1\n|-damage|p2a: Venusaur|91/100\n|-damage|p2b: Incineroar|59/100\n|-unboost|p2a: Venusaur|spa|1\n|-unboost|p2b: Incineroar|spa|1\n|move|p2b: Incineroar|Parting Shot|p1a: Arcanine\n|-unboost|p1a: Arcanine|atk|1\n|-unboost|p1a: Arcanine|spa|1\n|\n|t:|1776048128\n|switch|p2b: Charizard|Charizard-Mega-Y, L50, F|92/100|[from] Parting Shot\n|\n|-weather|SunnyDay|[upkeep]\n|-heal|p1b: Umbreon|69/100|[from] item: Leftovers\n|upkeep\n|turn|3\n|inactive|itsjustsomni has 30 seconds left.\n|inactive|Yomaga15 has 30 seconds left.\n|inactive|itsjustsomni has 20 seconds left.\n|\n|t:|1776048171\n|move|p2a: Venusaur|Sleep Powder|p1a: Arcanine|[miss]\n|-miss|p2a: Venusaur|p1a: Arcanine\n|move|p2b: Charizard|Heat Wave|p1b: Umbreon|[spread] p1a,p1b\n|-resisted|p1a: Arcanine|1\n|-damage|p1a: Arcanine|61/100\n|-damage|p1b: Umbreon|26/100\n|move|p1a: Arcanine|Wild Charge|p2b: Charizard\n|-supereffective|p2b: Charizard|1\n|-damage|p2b: Charizard|37/100\n|-damage|p1a: Arcanine|48/100|[from] Recoil\n|move|p1b: Umbreon|Taunt|p2a: Venusaur\n|-start|p2a: Venusaur|move: Taunt\n|\n|-weather|SunnyDay|[upkeep]\n|-heal|p1b: Umbreon|32/100|[from] item: Leftovers\n|upkeep\n|turn|4\n|inactive|itsjustsomni has 30 seconds left.\n|\n|t:|1776048202\n|move|p1a: Arcanine|Extreme Speed|p2b: Charizard\n|-damage|p2b: Charizard|5/100\n|move|p2a: Venusaur|Giga Drain|p1b: Umbreon\n|-damage|p1b: Umbreon|14/100\n|-heal|p2a: Venusaur|100/100|[from] drain|[of] p1b: Umbreon\n|move|p2b: Charizard|Overheat|p1a: Arcanine\n|-resisted|p1a: Arcanine|1\n|-damage|p1a: Arcanine|0 fnt\n|-unboost|p2b: Charizard|spa|2\n|faint|p1a: Arcanine\n|move|p1b: Umbreon|Snarl|p2a: Venusaur|[spread] p2a,p2b\n|-damage|p2a: Venusaur|91/100\n|-damage|p2b: Charizard|0 fnt\n|-unboost|p2a: Venusaur|spa|1\n|faint|p2b: Charizard\n|\n|-weather|SunnyDay|[upkeep]\n|-heal|p1b: Umbreon|20/100|[from] item: Leftovers\n|upkeep\n|\n|t:|1776048224\n|switch|p2b: Incineroar|Incineroar, L50, M|59/100\n|switch|p1a: Starmie|Starmie-Mega, L50, shiny|100/100\n|-ability|p2b: Incineroar|Intimidate|boost\n|-unboost|p1a: Starmie|atk|1\n|-fail|p1b: Umbreon|unboost|Attack|[from] ability: Inner Focus|[of] p1b: Umbreon\n|turn|5\n|inactive|Yomaga15 has 30 seconds left.\n|\n|t:|1776048258\n|switch|p2a: Whimsicott|Whimsicott, L50, F|100/100\n|move|p1a: Starmie|Protect|p1a: Starmie\n|-singleturn|p1a: Starmie|Protect\n|move|p2b: Incineroar|Fake Out|p1a: Starmie\n|-activate|p1a: Starmie|move: Protect\n|move|p1b: Umbreon|Yawn|p2b: Incineroar\n|-start|p2b: Incineroar|move: Yawn|[of] p1b: Umbreon\n|\n|-weather|none\n|-heal|p1b: Umbreon|26/100|[from] item: Leftovers\n|upkeep\n|turn|6\n|\n|t:|1776048277\n|switch|p2b: Venusaur|Venusaur, L50, F|91/100\n|move|p2a: Whimsicott|Encore|p1a: Starmie\n|-start|p1a: Starmie|Encore\n|move|p1a: Starmie|Protect||[still]\n|-fail|p1a: Starmie\n|move|p1b: Umbreon|Snarl|p2a: Whimsicott|[spread] p2a,p2b\n|-resisted|p2a: Whimsicott|1\n|-crit|p2a: Whimsicott\n|-damage|p2a: Whimsicott|91/100\n|-damage|p2b: Venusaur|79/100\n|-unboost|p2a: Whimsicott|spa|1\n|-unboost|p2b: Venusaur|spa|1\n|\n|-heal|p1b: Umbreon|32/100|[from] item: Leftovers\n|upkeep\n|turn|7\n|\n|t:|1776048299\n|move|p1a: Starmie|Protect|p1a: Starmie\n|-singleturn|p1a: Starmie|Protect\n|move|p2a: Whimsicott|Moonblast|p1b: Umbreon\n|-supereffective|p1b: Umbreon|1\n|-damage|p1b: Umbreon|7/100\n|move|p2b: Venusaur|Giga Drain|p1b: Umbreon\n|-damage|p1b: Umbreon|0 fnt\n|-heal|p2b: Venusaur|84/100|[from] drain|[of] p1b: Umbreon\n|faint|p1b: Umbreon\n|\n|upkeep\n|turn|8\n|-message|Yomaga15 forfeited.\n|\n|win|itsjustsomni\n|raw|Yomaga15's rating: 1066 &rarr; <strong>1049</strong><br />(-17 for losing)\n|raw|itsjustsomni's rating: 1115 &rarr; <strong>1136</strong><br />(+21 for winning)\n|l|\u2606Yomaga15\n|player|p1|\n",
  "uploadtime": 1776048311,
  "views": 16,
  "formatid": "gen9championsvgc2026regma",
  "rating": 1049,
  "private": 0,
  "password": null
}