{
  "id": "gen9championsvgc2026regma-2587607305",
  "format": "[Gen 9 Champions] VGC 2026 Reg M-A",
  "players": [
    "Pokeventurer",
    "evilest twink"
  ],
  "log": "|j|\u2606Pokeventurer\n|j|\u2606evilest twink\n|t:|1776546470\n|gametype|doubles\n|player|p1|Pokeventurer|170|1503\n|player|p2|evilest twink|jacinthe|1656\n|gen|9\n|tier|[Gen 9 Champions] VGC 2026 Reg M-A\n|rated|\n|rule|Species Clause: Limit one of each Pok\u00e9mon\n|rule|Item Clause: Limit 1 of each item\n|clearpoke\n|poke|p1|Talonflame, L50, M|\n|poke|p1|Kingambit, L50, M|\n|poke|p1|Garchomp, L50, M|\n|poke|p1|Basculegion, L50, M|\n|poke|p1|Floette-Eternal, L50, F|\n|poke|p1|Pelipper, L50, M|\n|poke|p2|Pelipper, L50, M|\n|poke|p2|Basculegion, L50, M|\n|poke|p2|Scovillain, L50, M|\n|poke|p2|Kingambit, L50, M|\n|poke|p2|Sneasler, L50, F|\n|poke|p2|Archaludon, L50, M|\n|teampreview|4\n|inactive|Battle timer is ON: inactive players will automatically lose when time's up. (requested by Pokeventurer)\n|\n|t:|1776546494\n|teamsize|p1|4\n|teamsize|p2|4\n|start\n|switch|p1a: Talonflame|Talonflame, L50, M|100/100\n|switch|p1b: Floette|Floette-Eternal, L50, F|100/100\n|switch|p2a: Archaludon|Archaludon, L50, M|100/100\n|switch|p2b: Scovillain|Scovillain, L50, M|100/100\n|turn|1\n|\n|t:|1776546511\n|detailschange|p1b: Floette|Floette-Mega, L50, F\n|-mega|p1b: Floette|Floette|Floettite\n|-ability|p1b: Floette|Fairy Aura\n|detailschange|p2b: Scovillain|Scovillain-Mega, L50, M\n|-mega|p2b: Scovillain|Scovillain|Scovillainite\n|move|p1a: Talonflame|Protect|p1a: Talonflame\n|-singleturn|p1a: Talonflame|Protect\n|move|p1b: Floette|Protect|p1b: Floette\n|-singleturn|p1b: Floette|Protect\n|move|p2a: Archaludon|Flash Cannon|p1b: Floette\n|-activate|p1b: Floette|move: Protect\n|move|p2b: Scovillain|Overheat|p1b: Floette\n|-activate|p1b: Floette|move: Protect\n|\n|upkeep\n|turn|2\n|inactive|Pokeventurer has 30 seconds left.\n|j| hazima\n|inactive|Pokeventurer has 20 seconds left.\n|inactive|Pokeventurer has 15 seconds left.\n|inactive|Pokeventurer has 10 seconds left.\n|\n|t:|1776546559\n|switch|p2b: Pelipper|Pelipper, L50, M|100/100\n|-weather|RainDance|[from] ability: Drizzle|[of] p2b: Pelipper\n|move|p1a: Talonflame|Dual Wingbeat|p2b: Pelipper\n|-damage|p2b: Pelipper|76/100\n|-damage|p2b: Pelipper|52/100\n|-hitcount|p2b: Pelipper|2\n|move|p2a: Archaludon|Electro Shot||[still]\n|-prepare|p2a: Archaludon|Electro Shot\n|-boost|p2a: Archaludon|spa|1\n|-anim|p2a: Archaludon|Electro Shot|p1a: Talonflame\n|-supereffective|p1a: Talonflame|1\n|-damage|p1a: Talonflame|0 fnt\n|faint|p1a: Talonflame\n|move|p1b: Floette|Moonblast|p2a: Archaludon\n|-crit|p2a: Archaludon\n|-ability|p2a: Archaludon|Sturdy\n|-damage|p2a: Archaludon|1/100\n|\n|-weather|RainDance|[upkeep]\n|upkeep\n|\n|t:|1776546565\n|switch|p1a: Garchomp|Garchomp, L50, M|100/100\n|turn|3\n|\n|t:|1776546582\n|move|p2a: Archaludon|Protect|p2a: Archaludon\n|-singleturn|p2a: Archaludon|Protect\n|move|p1a: Garchomp|Rock Slide|p2b: Pelipper|[spread] p2b\n|-activate|p2a: Archaludon|move: Protect\n|-supereffective|p2b: Pelipper|1\n|-damage|p2b: Pelipper|0 fnt\n|faint|p2b: Pelipper\n|move|p1b: Floette|Moonblast|p2a: Archaludon\n|-activate|p2a: Archaludon|move: Protect\n|\n|-weather|RainDance|[upkeep]\n|upkeep\n|\n|t:|1776546592\n|switch|p2b: Basculegion|Basculegion, L50, M|100/100\n|turn|4\n|\n|t:|1776546603\n|move|p1b: Floette|Protect|p1b: Floette\n|-singleturn|p1b: Floette|Protect\n|move|p2b: Basculegion|Wave Crash|p1a: Garchomp\n|-damage|p1a: Garchomp|0 fnt\n|-damage|p2b: Basculegion|88/100|[from] ability: Rough Skin|[of] p1a: Garchomp\n|faint|p1a: Garchomp\n|-damage|p2b: Basculegion|57/100|[from] Recoil\n|move|p2a: Archaludon|Flash Cannon|p1b: Floette\n|-activate|p1b: Floette|move: Protect\n|\n|-weather|RainDance|[upkeep]\n|upkeep\n|\n|t:|1776546614\n|switch|p1a: Kingambit|Kingambit, L50, M|100/100\n|turn|5\n|\n|t:|1776546621\n|move|p1a: Kingambit|Sucker Punch|p2b: Basculegion\n|-supereffective|p2b: Basculegion|1\n|-damage|p2b: Basculegion|0 fnt\n|faint|p2b: Basculegion\n|move|p2a: Archaludon|Flash Cannon|p1b: Floette\n|-supereffective|p1b: Floette|1\n|-damage|p1b: Floette|5/100\n|move|p1b: Floette|Moonblast|p2a: Archaludon\n|-damage|p2a: Archaludon|0 fnt\n|faint|p2a: Archaludon\n|\n|-weather|RainDance|[upkeep]\n|upkeep\n|\n|t:|1776546629\n|switch|p2b: Scovillain|Scovillain-Mega, L50, M|100/100\n|turn|6\n|\n|t:|1776546638\n|move|p2b: Scovillain|Protect|p2b: Scovillain\n|-singleturn|p2b: Scovillain|Protect\n|move|p1b: Floette|Psychic|p2b: Scovillain\n|-activate|p2b: Scovillain|move: Protect\n|move|p1a: Kingambit|Kowtow Cleave|p2b: Scovillain\n|-activate|p2b: Scovillain|move: Protect\n|\n|-weather|none\n|upkeep\n|turn|7\n|\n|t:|1776546650\n|move|p1a: Kingambit|Sucker Punch|p2b: Scovillain\n|-damage|p2b: Scovillain|51/100\n|-status|p1a: Kingambit|brn|[from] ability: Spicy Spray|[of] p2b: Scovillain\n|move|p1b: Floette|Psychic|p2b: Scovillain\n|-damage|p2b: Scovillain|21/100\n|-status|p1b: Floette|brn|[from] ability: Spicy Spray|[of] p2b: Scovillain\n|move|p2b: Scovillain|Overheat|p1a: Kingambit\n|-supereffective|p1a: Kingambit|1\n|-damage|p1a: Kingambit|0 fnt\n|-unboost|p2b: Scovillain|spa|2\n|faint|p1a: Kingambit\n|\n|-damage|p1b: Floette|0 fnt|[from] brn\n|faint|p1b: Floette\n|\n|win|evilest twink\n|raw|Pokeventurer's rating: 1503 &rarr; <strong>1491</strong><br />(-12 for losing)\n|raw|evilest twink's rating: 1656 &rarr; <strong>1668</strong><br />(+12 for winning)\n|l|\u2606Pokeventurer\n|player|p1|\n",
  "uploadtime": 1776546653,
  "views": 21,
  "formatid": "gen9championsvgc2026regma",
  "rating": 1491,
  "private": 0,
  "password": null
}