{
  "id": "gen9championsvgc2026regma-2588880945",
  "format": "[Gen 9 Champions] VGC 2026 Reg M-A",
  "players": [
    "JuicyAssPope",
    "minhsuperfat"
  ],
  "log": "|j|\u2606JuicyAssPope\n|j|\u2606minhsuperfat\n|t:|1776681882\n|gametype|doubles\n|player|p1|JuicyAssPope|rood|1131\n|player|p2|minhsuperfat|169|1094\n|gen|9\n|tier|[Gen 9 Champions] VGC 2026 Reg M-A\n|rated|\n|rule|Species Clause: Limit one of each Pok\u00e9mon\n|rule|Item Clause: Limit 1 of each item\n|clearpoke\n|poke|p1|Sneasler, L50, M, shiny|\n|poke|p1|Scizor, L50, F, shiny|\n|poke|p1|Charizard, L50, M|\n|poke|p1|Ninetales-Alola, L50, M, shiny|\n|poke|p1|Rotom-Wash, L50, shiny|\n|poke|p1|Sinistcha-Masterpiece, L50|\n|poke|p2|Garchomp, L50, M, shiny|\n|poke|p2|Sneasler, L50, F, shiny|\n|poke|p2|Gardevoir, L50, F, shiny|\n|poke|p2|Talonflame, L50, M, shiny|\n|poke|p2|Aegislash, L50, M, shiny|\n|poke|p2|Snorlax, L50, M, shiny|\n|teampreview|4\n|\n|t:|1776681923\n|teamsize|p1|4\n|teamsize|p2|4\n|start\n|switch|p1a: Ninetales|Ninetales-Alola, L50, M, shiny|100/100\n|switch|p1b: Rotom|Rotom-Wash, L50, shiny|100/100\n|switch|p2a: Aegislash|Aegislash, L50, M, shiny|100/100\n|switch|p2b: Talonflame|Talonflame, L50, M, shiny|100/100\n|-weather|Snowscape|[from] ability: Snow Warning|[of] p1a: Ninetales\n|turn|1\n|\n|t:|1776681947\n|move|p1a: Ninetales|Protect|p1a: Ninetales\n|-singleturn|p1a: Ninetales|Protect\n|move|p2b: Talonflame|Tailwind|p2b: Talonflame\n|-sidestart|p2: minhsuperfat|move: Tailwind\n|-formechange|p2a: Aegislash|Aegislash-Blade|\n|move|p2a: Aegislash|Flash Cannon|p1a: Ninetales\n|-activate|p1a: Ninetales|move: Protect\n|move|p1b: Rotom|Hydro Pump|p2b: Talonflame\n|-supereffective|p2b: Talonflame|1\n|-damage|p2b: Talonflame|0 fnt\n|faint|p2b: Talonflame\n|\n|-weather|Snowscape|[upkeep]\n|upkeep\n|inactive|Battle timer is ON: inactive players will automatically lose when time's up. (requested by JuicyAssPope)\n|\n|t:|1776681965\n|switch|p2b: Gardevoir|Gardevoir, L50, F, shiny|100/100\n|turn|2\n|\n|t:|1776681984\n|switch|p1a: Charizard|Charizard, L50, M|100/100\n|detailschange|p2b: Gardevoir|Gardevoir-Mega, L50, F, shiny\n|-mega|p2b: Gardevoir|Gardevoir|Gardevoirite\n|move|p2b: Gardevoir|Hyper Voice|p1a: Charizard|[spread] p1a,p1b\n|-resisted|p1a: Charizard|1\n|-damage|p1a: Charizard|73/100\n|-damage|p1b: Rotom|56/100\n|move|p2a: Aegislash|Flash Cannon|p1a: Charizard\n|-resisted|p1a: Charizard|1\n|-damage|p1a: Charizard|45/100\n|move|p1b: Rotom|Volt Switch|p2b: Gardevoir\n|-damage|p2b: Gardevoir|78/100\n|\n|t:|1776682002\n|switch|p1b: Sneasler|Sneasler, L50, M, shiny|100/100|[from] Volt Switch\n|\n|-weather|Snowscape|[upkeep]\n|upkeep\n|turn|3\n|\n|t:|1776682015\n|detailschange|p1a: Charizard|Charizard-Mega-X, L50, M\n|-mega|p1a: Charizard|Charizard|Charizardite X\n|move|p2b: Gardevoir|Protect|p2b: Gardevoir\n|-singleturn|p2b: Gardevoir|Protect\n|-formechange|p2a: Aegislash|Aegislash|\n|move|p2a: Aegislash|King's Shield|p2a: Aegislash\n|-singleturn|p2a: Aegislash|Protect\n|move|p1a: Charizard|Protect|p1a: Charizard\n|-singleturn|p1a: Charizard|Protect\n|move|p1b: Sneasler|Fake Out|p2b: Gardevoir\n|-activate|p2b: Gardevoir|move: Protect\n|\n|-weather|Snowscape|[upkeep]\n|upkeep\n|turn|4\n|inactive|JuicyAssPope has 30 seconds left.\n|inactive|minhsuperfat has 30 seconds left.\n|\n|t:|1776682045\n|switch|p1a: Rotom|Rotom-Wash, L50, shiny|56/100\n|-formechange|p2a: Aegislash|Aegislash-Blade|\n|move|p2a: Aegislash|Shadow Sneak|p1a: Rotom\n|-crit|p1a: Rotom\n|-damage|p1a: Rotom|29/100\n|-enditem|p1a: Rotom|Sitrus Berry|[eat]\n|-heal|p1a: Rotom|53/100|[from] item: Sitrus Berry\n|move|p2b: Gardevoir|Psyshock|p1b: Sneasler\n|-supereffective|p1b: Sneasler|2\n|-damage|p1b: Sneasler|0 fnt\n|faint|p1b: Sneasler\n|\n|-weather|Snowscape|[upkeep]\n|-sideend|p2: minhsuperfat|move: Tailwind\n|upkeep\n|\n|t:|1776682056\n|switch|p1b: Charizard|Charizard-Mega-X, L50, M|45/100\n|turn|5\n|\n|t:|1776682076\n|move|p1b: Charizard|Protect|p1b: Charizard\n|-singleturn|p1b: Charizard|Protect\n|-formechange|p2a: Aegislash|Aegislash|\n|move|p2a: Aegislash|King's Shield|p2a: Aegislash\n|-singleturn|p2a: Aegislash|Protect\n|move|p1a: Rotom|Will-O-Wisp|p2a: Aegislash\n|-status|p2a: Aegislash|brn\n|move|p2b: Gardevoir|Trick Room|p2b: Gardevoir\n|-fieldstart|move: Trick Room|[of] p2b: Gardevoir\n|\n|-weather|none\n|-damage|p2a: Aegislash|95/100 brn|[from] brn\n|upkeep\n|turn|6\n|inactive|JuicyAssPope has 30 seconds left.\n|\n|t:|1776682106\n|switch|p1b: Ninetales|Ninetales-Alola, L50, M, shiny|100/100\n|-weather|Snowscape|[from] ability: Snow Warning|[of] p1b: Ninetales\n|-formechange|p2a: Aegislash|Aegislash-Blade|\n|move|p2a: Aegislash|Shadow Sneak|p1b: Ninetales\n|-damage|p1b: Ninetales|92/100\n|move|p1a: Rotom|Thunderbolt|p2b: Gardevoir\n|-damage|p2b: Gardevoir|49/100\n|move|p2b: Gardevoir|Hyper Voice|p1a: Rotom|[spread] p1a,p1b\n|-crit|p1b: Ninetales\n|-damage|p1a: Rotom|8/100\n|-damage|p1b: Ninetales|0 fnt\n|faint|p1b: Ninetales\n|\n|-weather|Snowscape|[upkeep]\n|-heal|p2a: Aegislash|100/100 brn|[from] item: Leftovers\n|-damage|p2a: Aegislash|95/100 brn|[from] brn\n|upkeep\n|c|\u2606JuicyAssPope|20 crits nice\n|\n|t:|1776682124\n|switch|p1b: Charizard|Charizard-Mega-X, L50, M|45/100\n|turn|7\n|inactive|JuicyAssPope has 30 seconds left.\n|c|\u2606JuicyAssPope|Skill issue i guess\n|-message|JuicyAssPope forfeited.\n|\n|win|minhsuperfat\n|raw|JuicyAssPope's rating: 1131 &rarr; <strong>1103</strong><br />(-28 for losing)\n|raw|minhsuperfat's rating: 1094 &rarr; <strong>1123</strong><br />(+29 for winning)\n|l|\u2606JuicyAssPope\n|player|p1|\n",
  "uploadtime": 1776682156,
  "views": 11,
  "formatid": "gen9championsvgc2026regma",
  "rating": 1103,
  "private": 0,
  "password": null
}