{
  "id": "gen9championsvgc2026regma-2588863291",
  "format": "[Gen 9 Champions] VGC 2026 Reg M-A",
  "players": [
    "dankermussel559",
    "the same as here"
  ],
  "log": "|j|\u2606dankermussel559\n|j|\u2606the same as here\n|t:|1776679916\n|gametype|doubles\n|player|p1|dankermussel559|2|1123\n|player|p2|the same as here|janitor|1223\n|gen|9\n|tier|[Gen 9 Champions] VGC 2026 Reg M-A\n|rated|\n|rule|Species Clause: Limit one of each Pok\u00e9mon\n|rule|Item Clause: Limit 1 of each item\n|clearpoke\n|poke|p1|Goodra-Hisui, L50, M|\n|poke|p1|Victreebel, L50, M|\n|poke|p1|Mimikyu, L50, F|\n|poke|p1|Incineroar, L50, M|\n|poke|p1|Pelipper, L50, F|\n|poke|p1|Basculegion, L50, M|\n|poke|p2|Floette-Eternal, L50, F|\n|poke|p2|Sinistcha, L50|\n|poke|p2|Incineroar, L50, M|\n|poke|p2|Gyarados, L50, M|\n|poke|p2|Garchomp, L50, M|\n|poke|p2|Glimmora, L50, M|\n|teampreview|4\n|\n|t:|1776679943\n|teamsize|p1|4\n|teamsize|p2|4\n|start\n|switch|p1a: Goodra|Goodra-Hisui, L50, M|100/100\n|switch|p1b: Victreebel|Victreebel, L50, M|100/100\n|switch|p2a: The difference|Incineroar, L50, M|100/100\n|switch|p2b: Ye old Gyara|Gyarados, L50, M|100/100\n|-ability|p2b: Ye old Gyara|Intimidate|boost\n|-unboost|p1a: Goodra|atk|1\n|-unboost|p1b: Victreebel|atk|1\n|-ability|p2a: The difference|Intimidate|boost\n|-unboost|p1a: Goodra|atk|1\n|-unboost|p1b: Victreebel|atk|1\n|turn|1\n|\n|t:|1776679963\n|detailschange|p1b: Victreebel|Victreebel-Mega, L50, M\n|-mega|p1b: Victreebel|Victreebel|Victreebelite\n|move|p1b: Victreebel|Protect|p1b: Victreebel\n|-singleturn|p1b: Victreebel|Protect\n|move|p2a: The difference|Fake Out|p1a: Goodra\n|-resisted|p1a: Goodra|1\n|-damage|p1a: Goodra|96/100\n|-ability|p1a: Goodra|Gooey\n|-unboost|p2a: The difference|spe|1\n|move|p2b: Ye old Gyara|Thunder Wave|p1b: Victreebel\n|-activate|p1b: Victreebel|move: Protect\n|cant|p1a: Goodra|flinch\n|\n|-heal|p1a: Goodra|100/100|[from] item: Leftovers\n|upkeep\n|turn|2\n|\n|t:|1776679990\n|move|p2b: Ye old Gyara|Thunder Wave|p1b: Victreebel\n|-status|p1b: Victreebel|par\n|move|p1a: Goodra|Rain Dance|p1a: Goodra\n|-weather|RainDance\n|move|p2a: The difference|Parting Shot|p1a: Goodra\n|-unboost|p1a: Goodra|atk|1\n|-unboost|p1a: Goodra|spa|1\n|\n|t:|1776680004\n|switch|p2a: Piano|Garchomp, L50, M|100/100|[from] Parting Shot\n|move|p1b: Victreebel|Acid Spray|p2b: Ye old Gyara\n|-damage|p2b: Ye old Gyara|87/100\n|-unboost|p2b: Ye old Gyara|spd|2\n|\n|-weather|RainDance|[upkeep]\n|-heal|p2b: Ye old Gyara|93/100|[from] item: Leftovers\n|upkeep\n|turn|3\n|\n|t:|1776680031\n|switch|p2b: Problems|Sinistcha, L50|100/100\n|switch|p1a: Mimikyu|Mimikyu, L50, F|100/100\n|switch|p1b: Incineroar|Incineroar, L50, M|100/100\n|-ability|p1b: Incineroar|Intimidate|boost\n|-unboost|p2a: Piano|atk|1\n|-unboost|p2b: Problems|atk|1\n|move|p2a: Piano|Stomping Tantrum|p1a: Mimikyu\n|-activate|p1a: Mimikyu|ability: Disguise\n|-damage|p1a: Mimikyu|100/100\n|detailschange|p1a: Mimikyu|Mimikyu-Busted, L50, F\n|-damage|p1a: Mimikyu|88/100|[from] pokemon: Mimikyu-Busted\n|\n|-weather|RainDance|[upkeep]\n|upkeep\n|turn|4\n|\n|t:|1776680058\n|switch|p2a: Ye old Gyara|Gyarados, L50, M|93/100\n|-ability|p2a: Ye old Gyara|Intimidate|boost\n|-unboost|p1a: Mimikyu|atk|1\n|-unboost|p1b: Incineroar|atk|1\n|move|p1b: Incineroar|Fake Out|p2a: Ye old Gyara\n|-damage|p2a: Ye old Gyara|84/100\n|move|p1a: Mimikyu|Shadow Sneak|p2b: Problems\n|-supereffective|p2b: Problems|1\n|-damage|p2b: Problems|83/100\n|move|p2b: Problems|Stun Spore|p1a: Mimikyu\n|-status|p1a: Mimikyu|par\n|\n|-weather|RainDance|[upkeep]\n|-heal|p2a: Ye old Gyara|90/100|[from] item: Leftovers\n|upkeep\n|turn|5\n|\n|t:|1776680090\n|switch|p2a: Piano|Garchomp, L50, M|100/100\n|move|p2b: Problems|Hex|p1a: Mimikyu\n|-supereffective|p1a: Mimikyu|1\n|-damage|p1a: Mimikyu|0 fnt\n|faint|p1a: Mimikyu\n|move|p1b: Incineroar|Parting Shot|p2a: Piano\n|-unboost|p2a: Piano|atk|1\n|-unboost|p2a: Piano|spa|1\n|\n|t:|1776680103\n|switch|p1b: Victreebel|Victreebel-Mega, L50, M|100/100 par|[from] Parting Shot\n|\n|-weather|RainDance|[upkeep]\n|upkeep\n|\n|t:|1776680108\n|switch|p1a: Incineroar|Incineroar, L50, M|100/100\n|-ability|p1a: Incineroar|Intimidate|boost\n|-unboost|p2a: Piano|atk|1\n|-unboost|p2b: Problems|atk|1\n|turn|6\n|\n|t:|1776680130\n|switch|p2a: Ye old Gyara|Gyarados, L50, M|90/100\n|-ability|p2a: Ye old Gyara|Intimidate|boost\n|-unboost|p1a: Incineroar|atk|1\n|-unboost|p1b: Victreebel|atk|1\n|switch|p2b: The difference|Incineroar, L50, M|100/100\n|-ability|p2b: The difference|Intimidate|boost\n|-unboost|p1a: Incineroar|atk|1\n|-unboost|p1b: Victreebel|atk|1\n|move|p1a: Incineroar|Fake Out|p2a: Ye old Gyara\n|-damage|p2a: Ye old Gyara|82/100\n|move|p1b: Victreebel|Acid Spray|p2b: The difference\n|-damage|p2b: The difference|87/100\n|-unboost|p2b: The difference|spd|2\n|\n|-weather|none\n|-heal|p2a: Ye old Gyara|88/100|[from] item: Leftovers\n|upkeep\n|turn|7\n|\n|t:|1776680159\n|switch|p1b: Goodra|Goodra-Hisui, L50, M|100/100\n|move|p2a: Ye old Gyara|Waterfall|p1a: Incineroar\n|-supereffective|p1a: Incineroar|1\n|-damage|p1a: Incineroar|36/100\n|-enditem|p1a: Incineroar|Sitrus Berry|[eat]\n|-heal|p1a: Incineroar|60/100|[from] item: Sitrus Berry\n|move|p1a: Incineroar|Parting Shot|p2b: The difference\n|-unboost|p2b: The difference|atk|1\n|-unboost|p2b: The difference|spa|1\n|\n|t:|1776680170\n|switch|p1a: Victreebel|Victreebel-Mega, L50, M|100/100 par|[from] Parting Shot\n|move|p2b: The difference|Parting Shot|p1b: Goodra\n|-unboost|p1b: Goodra|atk|1\n|-unboost|p1b: Goodra|spa|1\n|\n|t:|1776680177\n|switch|p2b: Piano|Garchomp, L50, M|100/100|[from] Parting Shot\n|\n|-heal|p2a: Ye old Gyara|94/100|[from] item: Leftovers\n|upkeep\n|turn|8\n|\n|t:|1776680193\n|move|p2b: Piano|Stomping Tantrum|p1b: Goodra\n|-supereffective|p1b: Goodra|1\n|-damage|p1b: Goodra|19/100\n|-ability|p1b: Goodra|Gooey\n|-unboost|p2b: Piano|spe|1\n|move|p2a: Ye old Gyara|Thunder Wave|p1b: Goodra\n|-status|p1b: Goodra|par\n|move|p1a: Victreebel|Acid Spray|p2a: Ye old Gyara\n|-damage|p2a: Ye old Gyara|81/100\n|-unboost|p2a: Ye old Gyara|spd|2\n|move|p1b: Goodra|Dragon Pulse|p2a: Ye old Gyara\n|-damage|p2a: Ye old Gyara|46/100\n|\n|-heal|p2a: Ye old Gyara|51/100|[from] item: Leftovers\n|-heal|p1b: Goodra|25/100 par|[from] item: Leftovers\n|upkeep\n|turn|9\n|\n|t:|1776680219\n|switch|p2a: The difference|Incineroar, L50, M|87/100\n|-ability|p2a: The difference|Intimidate|boost\n|-unboost|p1a: Victreebel|atk|1\n|-unboost|p1b: Goodra|atk|1\n|move|p1b: Goodra|Protect|p1b: Goodra\n|-singleturn|p1b: Goodra|Protect\n|move|p2b: Piano|Stomping Tantrum|p1a: Victreebel\n|-damage|p1a: Victreebel|61/100 par\n|move|p1a: Victreebel|Acid Spray|p2a: The difference\n|-damage|p2a: The difference|72/100\n|-unboost|p2a: The difference|spd|2\n|\n|-heal|p1b: Goodra|31/100 par|[from] item: Leftovers\n|upkeep\n|turn|10\n|\n|t:|1776680243\n|move|p2b: Piano|Stomping Tantrum|p1b: Goodra\n|-supereffective|p1b: Goodra|1\n|-damage|p1b: Goodra|0 fnt\n|-ability|p1b: Goodra|Gooey\n|-unboost|p2b: Piano|spe|1\n|faint|p1b: Goodra\n|move|p2a: The difference|Flare Blitz|p1a: Victreebel\n|-supereffective|p1a: Victreebel|1\n|-damage|p1a: Victreebel|0 fnt\n|-damage|p2a: The difference|16/100|[from] ability: Innards Out|[of] p1a: Victreebel\n|faint|p1a: Victreebel\n|-damage|p2a: The difference|0 fnt|[from] Recoil\n|faint|p2a: The difference\n|\n|upkeep\n|\n|t:|1776680262\n|switch|p2a: Ye old Gyara|Gyarados, L50, M|51/100\n|switch|p1b: Incineroar|Incineroar, L50, M|60/100\n|-ability|p2a: Ye old Gyara|Intimidate|boost\n|-unboost|p1b: Incineroar|atk|1\n|-ability|p1b: Incineroar|Intimidate|boost\n|-unboost|p2a: Ye old Gyara|atk|1\n|-unboost|p2b: Piano|atk|1\n|turn|11\n|\n|t:|1776680272\n|switch|p2b: Problems|Sinistcha, L50|83/100\n|move|p1b: Incineroar|Fake Out|p2a: Ye old Gyara\n|-damage|p2a: Ye old Gyara|42/100\n|cant|p2a: Ye old Gyara|flinch\n|\n|-heal|p2a: Ye old Gyara|48/100|[from] item: Leftovers\n|upkeep\n|turn|12\n|\n|t:|1776680282\n|move|p2a: Ye old Gyara|Waterfall|p1b: Incineroar\n|-supereffective|p1b: Incineroar|1\n|-damage|p1b: Incineroar|13/100\n|move|p2b: Problems|Stun Spore|p1b: Incineroar|[miss]\n|-miss|p2b: Problems|p1b: Incineroar\n|cant|p1b: Incineroar|flinch\n|\n|-heal|p2a: Ye old Gyara|53/100|[from] item: Leftovers\n|upkeep\n|turn|13\n|\n|t:|1776680292\n|move|p2a: Ye old Gyara|Waterfall|p1b: Incineroar\n|-supereffective|p1b: Incineroar|1\n|-damage|p1b: Incineroar|0 fnt\n|faint|p1b: Incineroar\n|\n|win|the same as here\n|raw|dankermussel559's rating: 1123 &rarr; <strong>1105</strong><br />(-18 for losing)\n|raw|the same as here's rating: 1223 &rarr; <strong>1241</strong><br />(+18 for winning)\n|l|\u2606dankermussel559\n|player|p1|\n",
  "uploadtime": 1776680295,
  "views": 14,
  "formatid": "gen9championsvgc2026regma",
  "rating": 1105,
  "private": 0,
  "password": null
}