{
  "id": "gen9championsvgc2026regma-2580420838",
  "format": "[Gen 9 Champions] VGC 2026 Reg M-A",
  "players": [
    "xjpsuperfan",
    "leader-starmie"
  ],
  "log": "|j|\u2606xjpsuperfan\n|j|\u2606leader-starmie\n|t:|1775893892\n|gametype|doubles\n|player|p1|xjpsuperfan|1|1113\n|player|p2|leader-starmie|lida|1184\n|gen|9\n|tier|[Gen 9 Champions] VGC 2026 Reg M-A\n|rated|\n|rule|Species Clause: Limit one of each Pok\u00e9mon\n|rule|Item Clause: Limit 1 of each item\n|clearpoke\n|poke|p1|Pelipper, L50, M|\n|poke|p1|Hatterene, L50, F|\n|poke|p1|Aggron, L50, M|\n|poke|p1|Sableye, L50, M|\n|poke|p1|Espathra, L50, F|\n|poke|p1|Garganacl, L50, F|\n|poke|p2|Starmie, L50|\n|poke|p2|Incineroar, L50, M|\n|poke|p2|Sneasler, L50, F|\n|poke|p2|Sinistcha, L50|\n|poke|p2|Aerodactyl, L50, M|\n|poke|p2|Rotom-Mow, L50|\n|teampreview|4\n|\n|t:|1775893935\n|teamsize|p1|4\n|teamsize|p2|4\n|start\n|switch|p1a: Sableye|Sableye, L50, M|100/100\n|switch|p1b: Espathra|Espathra, L50, F|100/100\n|switch|p2a: Rotom|Rotom-Mow, L50|100/100\n|switch|p2b: Starmie|Starmie, L50|100/100\n|turn|1\n|\n|t:|1775893947\n|detailschange|p2b: Starmie|Starmie-Mega, L50\n|-mega|p2b: Starmie|Starmie|Starminite\n|move|p1a: Sableye|Gravity|p1a: Sableye\n|-fieldstart|move: Gravity\n|move|p2a: Rotom|Electroweb|p1a: Sableye|[spread] p1a,p1b\n|-damage|p1a: Sableye|78/100\n|-damage|p1b: Espathra|70/100\n|-unboost|p1a: Sableye|spe|1\n|-unboost|p1b: Espathra|spe|1\n|move|p2b: Starmie|Liquidation|p1a: Sableye\n|-damage|p1a: Sableye|0 fnt\n|faint|p1a: Sableye\n|move|p1b: Espathra|Hypnosis|p2b: Starmie\n|-status|p2b: Starmie|slp|[from] move: Hypnosis\n|\n|-ability|p1b: Espathra|Speed Boost|boost\n|-boost|p1b: Espathra|spe|1\n|upkeep\n|\n|t:|1775893964\n|switch|p1a: Aggron|Aggron, L50, M|100/100\n|turn|2\n|\n|t:|1775893977\n|detailschange|p1a: Aggron|Aggron-Mega, L50, M\n|-mega|p1a: Aggron|Aggron|Aggronite\n|move|p2a: Rotom|Electroweb|p1b: Espathra|[spread] p1a,p1b\n|-damage|p1a: Aggron|83/100\n|-damage|p1b: Espathra|41/100\n|-unboost|p1a: Aggron|spe|1\n|-unboost|p1b: Espathra|spe|1\n|cant|p2b: Starmie|slp\n|move|p1b: Espathra|Hypnosis|p2a: Rotom\n|-status|p2a: Rotom|slp|[from] move: Hypnosis\n|move|p1a: Aggron|Iron Defense|p1a: Aggron\n|-boost|p1a: Aggron|def|2\n|\n|-ability|p1b: Espathra|Speed Boost|boost\n|-boost|p1b: Espathra|spe|1\n|upkeep\n|turn|3\n|\n|t:|1775894001\n|move|p1b: Espathra|Protect|p1b: Espathra\n|-singleturn|p1b: Espathra|Protect\n|cant|p2a: Rotom|slp\n|-curestatus|p2b: Starmie|slp|[msg]\n|move|p2b: Starmie|Liquidation|p1b: Espathra\n|-activate|p1b: Espathra|move: Protect\n|move|p1a: Aggron|Iron Defense|p1a: Aggron\n|-boost|p1a: Aggron|def|2\n|\n|-ability|p1b: Espathra|Speed Boost|boost\n|-boost|p1b: Espathra|spe|1\n|upkeep\n|turn|4\n|\n|t:|1775894021\n|switch|p2a: Sinistcha|Sinistcha, L50|100/100\n|move|p2b: Starmie|Aqua Jet|p1b: Espathra\n|-damage|p1b: Espathra|0 fnt\n|faint|p1b: Espathra\n|move|p1a: Aggron|Iron Defense|p1a: Aggron\n|-boost|p1a: Aggron|def|2\n|\n|upkeep\n|\n|t:|1775894028\n|switch|p1b: Hatterene|Hatterene, L50, F|100/100\n|turn|5\n|\n|t:|1775894040\n|move|p1b: Hatterene|Protect|p1b: Hatterene\n|-singleturn|p1b: Hatterene|Protect\n|move|p2b: Starmie|Liquidation|p1b: Hatterene\n|-activate|p1b: Hatterene|move: Protect\n|move|p2a: Sinistcha|Matcha Gotcha|p1b: Hatterene|[spread] p1a\n|-activate|p1b: Hatterene|move: Protect\n|-resisted|p1a: Aggron|1\n|-damage|p1a: Aggron|72/100\n|move|p1a: Aggron|Body Press|p2b: Starmie\n|-resisted|p2b: Starmie|1\n|-damage|p2b: Starmie|26/100\n|\n|-fieldend|move: Gravity\n|upkeep\n|turn|6\n|\n|t:|1775894061\n|move|p2b: Starmie|Liquidation|p1b: Hatterene\n|-damage|p1b: Hatterene|10/100\n|move|p2a: Sinistcha|Matcha Gotcha|p1a: Aggron|[spread] p1a,p1b\n|-resisted|p1a: Aggron|1\n|-damage|p1a: Aggron|62/100\n|-damage|p1b: Hatterene|0 fnt\n|faint|p1b: Hatterene\n|move|p1a: Aggron|Body Press|p2b: Starmie\n|-resisted|p2b: Starmie|1\n|-crit|p2b: Starmie\n|-damage|p2b: Starmie|0 fnt\n|faint|p2b: Starmie\n|\n|upkeep\n|\n|t:|1775894073\n|switch|p2b: Rotom|Rotom-Mow, L50|100/100 slp\n|turn|7\n|\n|t:|1775894081\n|cant|p2b: Rotom|slp\n|move|p2a: Sinistcha|Matcha Gotcha|p1a: Aggron\n|-resisted|p1a: Aggron|1\n|-damage|p1a: Aggron|47/100\n|move|p1a: Aggron|Heavy Slam|p2a: Sinistcha\n|-crit|p2a: Sinistcha\n|-damage|p2a: Sinistcha|26/100\n|-enditem|p2a: Sinistcha|Sitrus Berry|[eat]\n|-heal|p2a: Sinistcha|51/100|[from] item: Sitrus Berry\n|\n|upkeep\n|turn|8\n|\n|t:|1775894095\n|-curestatus|p2b: Rotom|slp|[msg]\n|move|p2b: Rotom|Will-O-Wisp|p1a: Aggron\n|-status|p1a: Aggron|brn\n|move|p2a: Sinistcha|Matcha Gotcha|p1a: Aggron\n|-resisted|p1a: Aggron|1\n|-damage|p1a: Aggron|33/100 brn\n|-heal|p2a: Sinistcha|58/100|[from] drain|[of] p1a: Aggron\n|move|p1a: Aggron|Heavy Slam|p2a: Sinistcha\n|-damage|p2a: Sinistcha|34/100\n|\n|-damage|p1a: Aggron|27/100 brn|[from] brn\n|upkeep\n|turn|9\n|-message|xjpsuperfan forfeited.\n|\n|win|leader-starmie\n|raw|xjpsuperfan's rating: 1113 &rarr; <strong>1093</strong><br />(-20 for losing)\n|raw|leader-starmie's rating: 1184 &rarr; <strong>1204</strong><br />(+20 for winning)\n|l|\u2606xjpsuperfan\n|player|p1|\n",
  "uploadtime": 1775894113,
  "views": 21,
  "formatid": "gen9championsvgc2026regma",
  "rating": 1093,
  "private": 0,
  "password": null
}