{
  "id": "gen9championsvgc2026regma-2586363973",
  "format": "[Gen 9 Champions] VGC 2026 Reg M-A",
  "players": [
    "PogChester",
    "overlorddarx"
  ],
  "log": "|j|\u2606PogChester\n|j|\u2606overlorddarx\n|t:|1776429018\n|gametype|doubles\n|player|p1|PogChester|266|1149\n|player|p2|overlorddarx|scientistf|1216\n|gen|9\n|tier|[Gen 9 Champions] VGC 2026 Reg M-A\n|rated|\n|rule|Species Clause: Limit one of each Pok\u00e9mon\n|rule|Item Clause: Limit 1 of each item\n|clearpoke\n|poke|p1|Charizard, L50, F|\n|poke|p1|Basculegion, L50, M|\n|poke|p1|Incineroar, L50, M|\n|poke|p1|Sneasler, L50, M|\n|poke|p1|Garchomp, L50, M|\n|poke|p1|Venusaur, L50, M|\n|poke|p2|Sylveon, L50, F|\n|poke|p2|Aerodactyl, L50, F|\n|poke|p2|Garchomp, L50, F|\n|poke|p2|Basculegion, L50, M|\n|poke|p2|Floette-Eternal, L50, F|\n|poke|p2|Maushold, L50|\n|teampreview|4\n|inactive|Battle timer is ON: inactive players will automatically lose when time's up. (requested by overlorddarx)\n|\n|t:|1776429038\n|teamsize|p1|4\n|teamsize|p2|4\n|start\n|switch|p1a: Venusaur|Venusaur, L50, M|100/100\n|switch|p1b: Incineroar|Incineroar, L50, M|100/100\n|switch|p2a: Aerodactyl|Aerodactyl, L50, F|100/100\n|switch|p2b: Maushold|Maushold, L50|100/100\n|-ability|p2a: Aerodactyl|Unnerve\n|-ability|p1b: Incineroar|Intimidate|boost\n|-unboost|p2a: Aerodactyl|atk|1\n|-unboost|p2b: Maushold|atk|1\n|turn|1\n|\n|t:|1776429055\n|move|p2a: Aerodactyl|Protect|p2a: Aerodactyl\n|-singleturn|p2a: Aerodactyl|Protect\n|move|p2b: Maushold|Protect|p2b: Maushold\n|-singleturn|p2b: Maushold|Protect\n|move|p1b: Incineroar|Fake Out|p2b: Maushold\n|-activate|p2b: Maushold|move: Protect\n|move|p1a: Venusaur|Sleep Powder|p2a: Aerodactyl\n|-activate|p2a: Aerodactyl|move: Protect\n|\n|upkeep\n|turn|2\n|inactive|PogChester has 30 seconds left.\n|\n|t:|1776429087\n|move|p2b: Maushold|Helping Hand|p2a: Aerodactyl\n|-singleturn|p2a: Aerodactyl|Helping Hand|[of] p2b: Maushold\n|move|p2a: Aerodactyl|Dual Wingbeat|p1a: Venusaur|[miss]\n|-miss|p2a: Aerodactyl|p1a: Venusaur\n|move|p1a: Venusaur|Sleep Powder|p2b: Maushold\n|-status|p2b: Maushold|slp|[from] move: Sleep Powder\n|move|p1b: Incineroar|Throat Chop|p2b: Maushold\n|-damage|p2b: Maushold|57/100 slp\n|-start|p2b: Maushold|Throat Chop|[silent]\n|\n|upkeep\n|turn|3\n|\n|t:|1776429109\n|cant|p2b: Maushold|slp\n|move|p2a: Aerodactyl|Dual Wingbeat|p1a: Venusaur\n|-supereffective|p1a: Venusaur|1\n|-damage|p1a: Venusaur|69/100\n|-supereffective|p1a: Venusaur|1\n|-damage|p1a: Venusaur|34/100\n|-hitcount|p1a: Venusaur|2\n|move|p1a: Venusaur|Sleep Powder|p2a: Aerodactyl|[miss]\n|-miss|p1a: Venusaur|p2a: Aerodactyl\n|move|p1b: Incineroar|Parting Shot|p2a: Aerodactyl\n|-unboost|p2a: Aerodactyl|atk|1\n|-unboost|p2a: Aerodactyl|spa|1\n|\n|t:|1776429126\n|switch|p1b: Garchomp|Garchomp, L50, M|100/100|[from] Parting Shot\n|\n|-end|p2b: Maushold|Throat Chop|[silent]\n|upkeep\n|turn|4\n|\n|t:|1776429136\n|switch|p2a: Floette|Floette-Eternal, L50, F|100/100\n|cant|p2b: Maushold|slp\n|move|p1b: Garchomp|Rock Slide|p2b: Maushold|[spread] p2a,p2b\n|-damage|p2a: Floette|78/100\n|-damage|p2b: Maushold|34/100 slp\n|-enditem|p2b: Maushold|Sitrus Berry|[eat]\n|-heal|p2b: Maushold|59/100 slp|[from] item: Sitrus Berry\n|move|p1a: Venusaur|Energy Ball|p2a: Floette\n|-damage|p2a: Floette|48/100\n|\n|upkeep\n|turn|5\n|inactive|overlorddarx has 30 seconds left.\n|\n|t:|1776429165\n|detailschange|p2a: Floette|Floette-Mega, L50, F\n|-mega|p2a: Floette|Floette|Floettite\n|-ability|p2a: Floette|Fairy Aura\n|-curestatus|p2b: Maushold|slp|[msg]\n|move|p2b: Maushold|Helping Hand|p2a: Floette\n|-singleturn|p2a: Floette|Helping Hand|[of] p2b: Maushold\n|move|p2a: Floette|Dazzling Gleam|p1b: Garchomp|[spread] p1a,p1b\n|-resisted|p1a: Venusaur|1\n|-supereffective|p1b: Garchomp|1\n|-damage|p1a: Venusaur|0 fnt\n|-damage|p1b: Garchomp|0 fnt\n|faint|p1a: Venusaur\n|faint|p1b: Garchomp\n|\n|upkeep\n|\n|t:|1776429177\n|switch|p1b: Incineroar|Incineroar, L50, M|100/100\n|switch|p1a: Charizard|Charizard, L50, F, shiny|100/100\n|-ability|p1b: Incineroar|Intimidate|boost\n|-unboost|p2a: Floette|atk|1\n|-unboost|p2b: Maushold|atk|1\n|turn|6\n|\n|t:|1776429193\n|detailschange|p1a: Charizard|Charizard-Mega-Y, L50, F, shiny\n|-mega|p1a: Charizard|Charizard|Charizardite Y\n|-weather|SunnyDay|[from] ability: Drought|[of] p1a: Charizard\n|move|p2a: Floette|Protect|p2a: Floette\n|-singleturn|p2a: Floette|Protect\n|move|p2b: Maushold|Protect|p2b: Maushold\n|-singleturn|p2b: Maushold|Protect\n|move|p1b: Incineroar|Fake Out|p2a: Floette\n|-activate|p2a: Floette|move: Protect\n|move|p1a: Charizard|Heat Wave|p2b: Maushold|[spread] \n|-activate|p2a: Floette|move: Protect\n|-activate|p2b: Maushold|move: Protect\n|\n|-weather|SunnyDay|[upkeep]\n|upkeep\n|turn|7\n|inactive|overlorddarx has 30 seconds left.\n|\n|t:|1776429224\n|move|p2b: Maushold|Helping Hand|p2a: Floette\n|-singleturn|p2a: Floette|Helping Hand|[of] p2b: Maushold\n|move|p2a: Floette|Moonblast|p1b: Incineroar\n|-damage|p1b: Incineroar|0 fnt\n|faint|p1b: Incineroar\n|move|p1a: Charizard|Heat Wave|p2b: Maushold|[spread] p2a,p2b\n|-damage|p2a: Floette|7/100\n|-damage|p2b: Maushold|2/100\n|\n|-weather|SunnyDay|[upkeep]\n|upkeep\n|turn|8\n|\n|t:|1776429238\n|move|p2b: Maushold|Helping Hand|p2a: Floette\n|-singleturn|p2a: Floette|Helping Hand|[of] p2b: Maushold\n|move|p2a: Floette|Light of Ruin|p1a: Charizard\n|-resisted|p1a: Charizard|1\n|-damage|p1a: Charizard|14/100\n|-damage|p2a: Floette|0 fnt|[from] Recoil\n|faint|p2a: Floette\n|move|p1a: Charizard|Heat Wave|p2b: Maushold|[miss]\n|-miss|p1a: Charizard|p2b: Maushold\n|\n|-weather|SunnyDay|[upkeep]\n|upkeep\n|\n|t:|1776429245\n|switch|p2a: Basculegion|Basculegion, L50, M|100/100\n|turn|9\n|\n|t:|1776429251\n|move|p2b: Maushold|Feint|p1a: Charizard\n|-crit|p1a: Charizard\n|-damage|p1a: Charizard|0 fnt\n|faint|p1a: Charizard\n|\n|win|overlorddarx\n|raw|PogChester's rating: 1149 &rarr; <strong>1129</strong><br />(-20 for losing)\n|raw|overlorddarx's rating: 1216 &rarr; <strong>1236</strong><br />(+20 for winning)\n|c|\u2606PogChester|ggs\n",
  "uploadtime": 1776429280,
  "views": 26,
  "formatid": "gen9championsvgc2026regma",
  "rating": 1129,
  "private": 0,
  "password": null
}