{
  "id": "gen9championsvgc2026regma-2585561476",
  "format": "[Gen 9 Champions] VGC 2026 Reg M-A",
  "players": [
    "Future Alice haver",
    "pedolemefc"
  ],
  "log": "|j|\u2606Future Alice haver\n|j|\u2606pedolemefc\n|t:|1776355638\n|gametype|doubles\n|player|p1|Future Alice haver|kimonogirl|1164\n|player|p2|pedolemefc|265|1198\n|gen|9\n|tier|[Gen 9 Champions] VGC 2026 Reg M-A\n|rated|\n|rule|Species Clause: Limit one of each Pok\u00e9mon\n|rule|Item Clause: Limit 1 of each item\n|clearpoke\n|poke|p1|Charizard, L50, M|\n|poke|p1|Venusaur, L50, M|\n|poke|p1|Orthworm, L50, F|\n|poke|p1|Garchomp, L50, F|\n|poke|p1|Maushold, L50|\n|poke|p1|Milotic, L50, F|\n|poke|p2|Farigiraf, L50, M|\n|poke|p2|Aggron, L50, M|\n|poke|p2|Pelipper, L50, F|\n|poke|p2|Palafin, L50, F|\n|poke|p2|Sneasler, L50, M|\n|poke|p2|Hydrapple, L50, F|\n|teampreview|4\n|inactive|Battle timer is ON: inactive players will automatically lose when time's up. (requested by pedolemefc)\n|\n|t:|1776355686\n|teamsize|p1|4\n|teamsize|p2|4\n|start\n|switch|p1a: Charizard|Charizard, L50, M|100/100\n|switch|p1b: Garchomp|Garchomp, L50, F|100/100\n|switch|p2a: Farigiraf|Farigiraf, L50, M, shiny|100/100\n|switch|p2b: Palafin|Palafin, L50, F|100/100\n|turn|1\n|inactive|pedolemefc has 30 seconds left.\n|\n|t:|1776355716\n|detailschange|p1a: Charizard|Charizard-Mega-Y, L50, M\n|-mega|p1a: Charizard|Charizard|Charizardite Y\n|-weather|SunnyDay|[from] ability: Drought|[of] p1a: Charizard\n|move|p1a: Charizard|Protect|p1a: Charizard\n|-singleturn|p1a: Charizard|Protect\n|move|p2a: Farigiraf|Protect|p2a: Farigiraf\n|-singleturn|p2a: Farigiraf|Protect\n|move|p1b: Garchomp|Earthquake|p2b: Palafin|[spread] p2b\n|-activate|p1a: Charizard|move: Protect\n|-activate|p2a: Farigiraf|move: Protect\n|-damage|p2b: Palafin|51/100\n|move|p2b: Palafin|Flip Turn|p1b: Garchomp\n|-damage|p1b: Garchomp|88/100\n|-damage|p2b: Palafin|39/100|[from] ability: Rough Skin|[of] p1b: Garchomp\n|\n|t:|1776355731\n|detailschange|p2b: Palafin|Palafin-Hero, L50, F\n|switch|p2b: Pelipper|Pelipper, L50, F|100/100|[from] Flip Turn\n|-weather|RainDance|[from] ability: Drizzle|[of] p2b: Pelipper\n|\n|-weather|RainDance|[upkeep]\n|upkeep\n|turn|2\n|inactive|Future Alice haver has 30 seconds left.\n|inactive|pedolemefc has 30 seconds left.\n|\n|t:|1776355765\n|switch|p1b: Venusaur|Venusaur, L50, M|100/100\n|switch|p1a: Milotic|Milotic, L50, F|100/100\n|move|p2b: Pelipper|Hurricane|p1a: Milotic\n|-damage|p1a: Milotic|67/100\n|move|p2a: Farigiraf|Trick Room|p2a: Farigiraf\n|-fieldstart|move: Trick Room|[of] p2a: Farigiraf\n|\n|-weather|RainDance|[upkeep]\n|upkeep\n|turn|3\n|inactive|Future Alice haver has 30 seconds left.\n|inactive|Future Alice haver has 20 seconds left.\n|inactive|Future Alice haver has 15 seconds left.\n|\n|t:|1776355807\n|switch|p2b: Aggron|Aggron, L50, M|100/100\n|switch|p1b: Charizard|Charizard-Mega-Y, L50, M|100/100\n|-weather|SunnyDay|[from] ability: Drought|[of] p1b: Charizard\n|move|p2a: Farigiraf|Psychic|p1b: Charizard\n|-damage|p1b: Charizard|74/100\n|move|p1a: Milotic|Ice Beam|p2b: Aggron\n|-resisted|p2b: Aggron|1\n|-damage|p2b: Aggron|85/100\n|\n|-weather|SunnyDay|[upkeep]\n|upkeep\n|turn|4\n|inactive|Future Alice haver has 30 seconds left.\n|inactive|pedolemefc has 30 seconds left.\n|\n|t:|1776355841\n|switch|p2a: Pelipper|Pelipper, L50, F|100/100\n|-weather|RainDance|[from] ability: Drizzle|[of] p2a: Pelipper\n|switch|p1b: Garchomp|Garchomp, L50, F|88/100\n|detailschange|p2b: Aggron|Aggron-Mega, L50, M\n|-mega|p2b: Aggron|Aggron|Aggronite\n|move|p2b: Aggron|Body Press|p1a: Milotic\n|-damage|p1a: Milotic|31/100\n|move|p1a: Milotic|Scald|p2b: Aggron\n|-damage|p2b: Aggron|32/100\n|\n|-weather|RainDance|[upkeep]\n|upkeep\n|turn|5\n|inactive|Future Alice haver has 30 seconds left.\n|inactive|pedolemefc has 30 seconds left.\n|inactive|Future Alice haver has 20 seconds left.\n|inactive|pedolemefc has 20 seconds left.\n|inactive|Future Alice haver has 15 seconds left.\n|inactive|Future Alice haver has 10 seconds left.\n|\n|t:|1776355889\n|move|p2b: Aggron|Protect|p2b: Aggron\n|-singleturn|p2b: Aggron|Protect\n|move|p1a: Milotic|Protect|p1a: Milotic\n|-singleturn|p1a: Milotic|Protect\n|move|p2a: Pelipper|Hurricane|p1a: Milotic\n|-activate|p1a: Milotic|move: Protect\n|move|p1b: Garchomp|Stone Edge|p2a: Pelipper\n|-supereffective|p2a: Pelipper|1\n|-enditem|p2a: Pelipper|Focus Sash\n|-damage|p2a: Pelipper|1/100\n|\n|-weather|RainDance|[upkeep]\n|upkeep\n|turn|6\n|inactive|Future Alice haver has 30 seconds left.\n|inactive|Future Alice haver has 20 seconds left.\n|inactive|Future Alice haver has 15 seconds left.\n|\n|t:|1776355931\n|switch|p1a: Venusaur|Venusaur, L50, M|100/100\n|move|p2b: Aggron|Ice Punch|p1b: Garchomp\n|-supereffective|p1b: Garchomp|2\n|-damage|p1b: Garchomp|0 fnt\n|-damage|p2b: Aggron|19/100|[from] ability: Rough Skin|[of] p1b: Garchomp\n|faint|p1b: Garchomp\n|move|p2a: Pelipper|Hurricane|p1a: Venusaur\n|-supereffective|p1a: Venusaur|1\n|-damage|p1a: Venusaur|0 fnt\n|faint|p1a: Venusaur\n|\n|-weather|RainDance|[upkeep]\n|-fieldend|move: Trick Room\n|upkeep\n|\n|t:|1776355938\n|switch|p1b: Milotic|Milotic, L50, F|31/100\n|switch|p1a: Charizard|Charizard-Mega-Y, L50, M|74/100\n|-weather|SunnyDay|[from] ability: Drought|[of] p1a: Charizard\n|turn|7\n|\n|t:|1776355962\n|switch|p2a: Farigiraf|Farigiraf, L50, M, shiny|100/100\n|move|p2b: Aggron|Protect|p2b: Aggron\n|-singleturn|p2b: Aggron|Protect\n|move|p1a: Charizard|Heat Wave|p2b: Aggron|[spread] p2a\n|-activate|p2b: Aggron|move: Protect\n|-damage|p2a: Farigiraf|46/100\n|-enditem|p2a: Farigiraf|Sitrus Berry|[eat]\n|-heal|p2a: Farigiraf|71/100|[from] item: Sitrus Berry\n|move|p1b: Milotic|Icy Wind|p2b: Aggron|[spread] p2a\n|-activate|p2b: Aggron|move: Protect\n|-damage|p2a: Farigiraf|61/100\n|-unboost|p2a: Farigiraf|spe|1\n|\n|-weather|SunnyDay|[upkeep]\n|upkeep\n|turn|8\n|inactive|Future Alice haver has 30 seconds left.\n|inactive|pedolemefc has 30 seconds left.\n|inactive|pedolemefc has 20 seconds left.\n|\n|t:|1776356001\n|move|p1a: Charizard|Heat Wave|p2a: Farigiraf|[spread] p2a,p2b\n|-supereffective|p2b: Aggron|1\n|-damage|p2a: Farigiraf|12/100\n|-damage|p2b: Aggron|0 fnt\n|faint|p2b: Aggron\n|move|p1b: Milotic|Icy Wind|p2a: Farigiraf\n|-damage|p2a: Farigiraf|0 fnt\n|faint|p2a: Farigiraf\n|\n|-weather|SunnyDay|[upkeep]\n|upkeep\n|\n|t:|1776356009\n|switch|p2a: Palafin|Palafin-Hero, L50, F|39/100\n|switch|p2b: Pelipper|Pelipper, L50, F|1/100\n|-weather|RainDance|[from] ability: Drizzle|[of] p2b: Pelipper\n|-activate|p2a: Palafin|ability: Zero to Hero\n|turn|9\n|\n|t:|1776356022\n|move|p1a: Charizard|Protect|p1a: Charizard\n|-singleturn|p1a: Charizard|Protect\n|move|p2a: Palafin|Jet Punch|p1a: Charizard\n|-activate|p1a: Charizard|move: Protect\n|move|p2b: Pelipper|Hurricane|p1b: Milotic\n|-damage|p1b: Milotic|0 fnt\n|faint|p1b: Milotic\n|\n|-weather|RainDance|[upkeep]\n|upkeep\n|turn|10\n|c|\u2606pedolemefc|gg\n|\n|t:|1776356031\n|move|p2a: Palafin|Jet Punch|p1a: Charizard\n|-supereffective|p1a: Charizard|1\n|-damage|p1a: Charizard|0 fnt\n|faint|p1a: Charizard\n|\n|win|pedolemefc\n|raw|Future Alice haver's rating: 1164 &rarr; <strong>1141</strong><br />(-23 for losing)\n|raw|pedolemefc's rating: 1198 &rarr; <strong>1221</strong><br />(+23 for winning)\n|l|\u2606pedolemefc\n|player|p2|\n",
  "uploadtime": 1776356040,
  "views": 26,
  "formatid": "gen9championsvgc2026regma",
  "rating": 1141,
  "private": 0,
  "password": null
}