{
  "id": "gen9championsvgc2026regma-2585907301",
  "format": "[Gen 9 Champions] VGC 2026 Reg M-A",
  "players": [
    "claudou",
    "siddhy2007"
  ],
  "log": "|j|\u2606claudou\n|j|\u2606siddhy2007\n|t:|1776380344\n|gametype|doubles\n|player|p1|claudou|ghetsis|\n|player|p2|siddhy2007|266|\n|gen|9\n|tier|[Gen 9 Champions] VGC 2026 Reg M-A\n|rule|Species Clause: Limit one of each Pok\u00e9mon\n|rule|Item Clause: Limit 1 of each item\n|clearpoke\n|poke|p1|Pelipper, L50, M|\n|poke|p1|Sinistcha, L50|\n|poke|p1|Starmie, L50|\n|poke|p1|Sneasler, L50, F|\n|poke|p1|Aegislash, L50, M|\n|poke|p1|Dragonite, L50, F|\n|poke|p2|Sinistcha, L50|\n|poke|p2|Floette-Eternal, L50, F|\n|poke|p2|Aerodactyl, L50, M|\n|poke|p2|Kangaskhan, L50, F|\n|poke|p2|Garganacl, L50, M|\n|poke|p2|Sneasler, L50, F|\n|teampreview|4\n|inactive|Battle timer is ON: inactive players will automatically lose when time's up. (requested by siddhy2007)\n|\n|t:|1776380359\n|teamsize|p1|4\n|teamsize|p2|4\n|start\n|switch|p1a: Sneasler|Sneasler, L50, F, shiny|100/100\n|switch|p1b: Starmie|Starmie, L50, shiny|100/100\n|switch|p2a: Sinistcha|Sinistcha, L50|100/100\n|switch|p2b: Floette|Floette-Eternal, L50, F|100/100\n|turn|1\n|inactive|claudou has 30 seconds left.\n|\n|t:|1776380386\n|detailschange|p1b: Starmie|Starmie-Mega, L50, shiny\n|-mega|p1b: Starmie|Starmie|Starminite\n|detailschange|p2b: Floette|Floette-Mega, L50, F\n|-mega|p2b: Floette|Floette|Floettite\n|-ability|p2b: Floette|Fairy Aura\n|move|p2a: Sinistcha|Rage Powder|p2a: Sinistcha\n|-singleturn|p2a: Sinistcha|move: Rage Powder\n|move|p1a: Sneasler|Dire Claw|p2a: Sinistcha\n|-damage|p2a: Sinistcha|70/100\n|move|p1b: Starmie|Ice Spinner|p2a: Sinistcha\n|-supereffective|p2a: Sinistcha|1\n|-damage|p2a: Sinistcha|0 fnt\n|faint|p2a: Sinistcha\n|move|p2b: Floette|Dazzling Gleam|p1a: Sneasler|[spread] p1a,p1b\n|-damage|p1a: Sneasler|38/100\n|-damage|p1b: Starmie|47/100\n|\n|upkeep\n|\n|t:|1776380400\n|switch|p2a: Aerodactyl|Aerodactyl, L50, M|100/100\n|-ability|p2a: Aerodactyl|Unnerve\n|turn|2\n|c|\u2606claudou|gg\n|c|\u2606siddhy2007|?\n|c|\u2606claudou|i got no win con\n|\n|t:|1776380422\n|switch|p1a: Pelipper|Pelipper, L50, M, shiny|100/100\n|-weather|RainDance|[from] ability: Drizzle|[of] p1a: Pelipper\n|move|p2a: Aerodactyl|Tailwind|p2a: Aerodactyl\n|-sidestart|p2: siddhy2007|move: Tailwind\n|move|p2b: Floette|Dazzling Gleam|p1b: Starmie|[spread] p1a,p1b\n|-damage|p1a: Pelipper|38/100\n|-damage|p1b: Starmie|0 fnt\n|faint|p1b: Starmie\n|\n|-weather|RainDance|[upkeep]\n|upkeep\n|\n|t:|1776380432\n|switch|p1b: Sneasler|Sneasler, L50, F, shiny|38/100\n|turn|3\n|\n|t:|1776380445\n|move|p2a: Aerodactyl|Protect|p2a: Aerodactyl\n|-singleturn|p2a: Aerodactyl|Protect\n|move|p2b: Floette|Protect|p2b: Floette\n|-singleturn|p2b: Floette|Protect\n|move|p1b: Sneasler|Fake Out|p2b: Floette\n|-activate|p2b: Floette|move: Protect\n|move|p1a: Pelipper|Weather Ball|p2a: Aerodactyl\n|-activate|p2a: Aerodactyl|move: Protect\n|\n|-weather|RainDance|[upkeep]\n|upkeep\n|turn|4\n|\n|t:|1776380464\n|move|p2a: Aerodactyl|Dual Wingbeat|p1a: Pelipper|[miss]\n|-miss|p2a: Aerodactyl|p1a: Pelipper\n|move|p2b: Floette|Light of Ruin|p1b: Sneasler\n|-damage|p1b: Sneasler|0 fnt\n|faint|p1b: Sneasler\n|-damage|p2b: Floette|81/100|[from] Recoil\n|move|p1a: Pelipper|Weather Ball|p2a: Aerodactyl\n|-supereffective|p2a: Aerodactyl|1\n|-damage|p2a: Aerodactyl|0 fnt\n|faint|p2a: Aerodactyl\n|\n|-weather|RainDance|[upkeep]\n|upkeep\n|\n|t:|1776380477\n|switch|p2a: Garganacl|Garganacl, L50, M|100/100\n|switch|p1b: Aegislash|Aegislash, L50, M, shiny|100/100\n|turn|5\n|\n|t:|1776380501\n|move|p2a: Garganacl|Helping Hand|p2b: Floette\n|-singleturn|p2b: Floette|Helping Hand|[of] p2a: Garganacl\n|move|p2b: Floette|Light of Ruin|p1b: Aegislash\n|-resisted|p1b: Aegislash|1\n|-damage|p1b: Aegislash|22/100\n|-damage|p2b: Floette|45/100|[from] Recoil\n|move|p1a: Pelipper|Weather Ball|p2a: Garganacl\n|-supereffective|p2a: Garganacl|1\n|-damage|p2a: Garganacl|15/100\n|-enditem|p2a: Garganacl|Sitrus Berry|[eat]\n|-heal|p2a: Garganacl|39/100|[from] item: Sitrus Berry\n|-formechange|p1b: Aegislash|Aegislash-Blade|\n|move|p1b: Aegislash|Iron Head|p2b: Floette\n|-supereffective|p2b: Floette|1\n|-damage|p2b: Floette|0 fnt\n|faint|p2b: Floette\n|\n|-weather|RainDance|[upkeep]\n|-sideend|p2: siddhy2007|move: Tailwind\n|upkeep\n|turn|6\n|\n|t:|1776380524\n|move|p1a: Pelipper|Weather Ball|p2a: Garganacl\n|-supereffective|p2a: Garganacl|1\n|-damage|p2a: Garganacl|0 fnt\n|faint|p2a: Garganacl\n|\n|win|claudou\n|l|\u2606siddhy2007\n|player|p2|\n|c|\u2606claudou|d gleam\n",
  "uploadtime": 1776380535,
  "views": 20,
  "formatid": "gen9championsvgc2026regma",
  "rating": null,
  "private": 0,
  "password": null
}