{
  "id": "gen9championsvgc2026regma-2580322349",
  "format": "[Gen 9 Champions] VGC 2026 Reg M-A",
  "players": [
    "gameiseasy",
    "Bloopers190"
  ],
  "log": "|j|\u2606gameiseasy\n|j|\u2606Bloopers190\n|t:|1775880296\n|gametype|doubles\n|player|p1|gameiseasy|musician|1024\n|player|p2|Bloopers190|rosa|1027\n|gen|9\n|tier|[Gen 9 Champions] VGC 2026 Reg M-A\n|rated|\n|rule|Species Clause: Limit one of each Pok\u00e9mon\n|rule|Item Clause: Limit 1 of each item\n|clearpoke\n|poke|p1|Hawlucha, L50, M|\n|poke|p1|Excadrill, L50, M|\n|poke|p1|Tyranitar, L50, F|\n|poke|p1|Whimsicott, L50, F|\n|poke|p1|Krookodile, L50, M|\n|poke|p1|Maushold, L50|\n|poke|p2|Golurk, L50|\n|poke|p2|Maushold-Four, L50|\n|poke|p2|Sinistcha, L50|\n|poke|p2|Conkeldurr, L50, F|\n|poke|p2|Incineroar, L50, M|\n|poke|p2|Hatterene, L50, F|\n|teampreview|4\n|inactive|Battle timer is ON: inactive players will automatically lose when time's up. (requested by gameiseasy)\n|\n|t:|1775880319\n|teamsize|p1|4\n|teamsize|p2|4\n|start\n|switch|p1a: Hawlucha|Hawlucha, L50, M|100/100\n|switch|p1b: Krookodile|Krookodile, L50, M|100/100\n|switch|p2a: Hatterene|Hatterene, L50, F|100/100\n|switch|p2b: Incineroar|Incineroar, L50, M|100/100\n|-ability|p1b: Krookodile|Intimidate|boost\n|-unboost|p2a: Hatterene|atk|1\n|-unboost|p2b: Incineroar|atk|1\n|-ability|p1a: Hawlucha|Mold Breaker\n|-ability|p2b: Incineroar|Intimidate|boost\n|-unboost|p1a: Hawlucha|atk|1\n|-unboost|p1b: Krookodile|atk|1\n|turn|1\n|\n|t:|1775880336\n|detailschange|p1a: Hawlucha|Hawlucha-Mega, L50, M\n|-mega|p1a: Hawlucha|Hawlucha|Hawluchanite\n|move|p2b: Incineroar|Fake Out|p1a: Hawlucha\n|-damage|p1a: Hawlucha|91/100\n|move|p1b: Krookodile|Fissure|p2a: Hatterene\n|-damage|p2a: Hatterene|0 fnt\n|faint|p2a: Hatterene\n|-ohko\n|cant|p1a: Hawlucha|flinch\n|\n|upkeep\n|c|\u2606gameiseasy|\ud83e\udd2f\n|\n|t:|1775880353\n|switch|p2a: Maushold|Maushold-Four, L50|100/100\n|turn|2\n|inactive|Bloopers190 has 30 seconds left.\n|\n|t:|1775880381\n|move|p1b: Krookodile|Fissure|p2a: Maushold\n|-enditem|p2a: Maushold|Focus Sash\n|-damage|p2a: Maushold|1/100\n|move|p1a: Hawlucha|Entrainment|p1b: Krookodile\n|-ability|p1b: Krookodile|No Guard|Intimidate|[from] move: Entrainment|[of] p1a: Hawlucha\n|move|p2a: Maushold|Population Bomb|p1b: Krookodile\n|-damage|p1b: Krookodile|91/100\n|-damage|p1b: Krookodile|80/100\n|-damage|p1b: Krookodile|70/100\n|-damage|p1b: Krookodile|60/100\n|-damage|p1b: Krookodile|51/100\n|-damage|p1b: Krookodile|42/100\n|-damage|p1b: Krookodile|32/100\n|-damage|p1b: Krookodile|22/100\n|-damage|p1b: Krookodile|12/100\n|-damage|p1b: Krookodile|2/100\n|-hitcount|p1b: Krookodile|10\n|move|p2b: Incineroar|Flare Blitz|p1b: Krookodile\n|-damage|p1b: Krookodile|0 fnt\n|faint|p1b: Krookodile\n|-damage|p2b: Incineroar|99/100|[from] Recoil\n|\n|-heal|p2b: Incineroar|100/100|[from] item: Leftovers\n|upkeep\n|c|\u2606gameiseasy|i-\n|\n|t:|1775880398\n|switch|p1b: Maushold|Maushold, L50|100/100\n|turn|3\n|c|\u2606gameiseasy|at least you got your 10 pop bombs\n|inactive|Bloopers190 has 30 seconds left.\n|\n|t:|1775880432\n|move|p1a: Hawlucha|High Jump Kick|p2a: Maushold\n|-supereffective|p2a: Maushold|1\n|-damage|p2a: Maushold|0 fnt\n|faint|p2a: Maushold\n|move|p1b: Maushold|Population Bomb|p2b: Incineroar\n|-damage|p2b: Incineroar|93/100\n|-damage|p2b: Incineroar|85/100\n|-damage|p2b: Incineroar|78/100\n|-damage|p2b: Incineroar|70/100\n|-damage|p2b: Incineroar|63/100\n|-hitcount|p2b: Incineroar|5\n|move|p2b: Incineroar|Flare Blitz|p1a: Hawlucha\n|-damage|p1a: Hawlucha|61/100\n|-damage|p2b: Incineroar|55/100|[from] Recoil\n|\n|-heal|p2b: Incineroar|61/100|[from] item: Leftovers\n|upkeep\n|\n|t:|1775880450\n|switch|p2a: Golurk|Golurk, L50|100/100\n|turn|4\n|inactive|Bloopers190 has 30 seconds left.\n|inactive|Bloopers190 has 20 seconds left.\n|\n|t:|1775880487\n|move|p1a: Hawlucha|Entrainment|p1b: Maushold\n|-ability|p1b: Maushold|No Guard|Friend Guard|[from] move: Entrainment|[of] p1a: Hawlucha\n|move|p1b: Maushold|Population Bomb|p2b: Incineroar\n|-crit|p2b: Incineroar\n|-damage|p2b: Incineroar|50/100\n|-damage|p2b: Incineroar|42/100\n|-crit|p2b: Incineroar\n|-damage|p2b: Incineroar|31/100\n|-damage|p2b: Incineroar|25/100\n|-damage|p2b: Incineroar|17/100\n|-damage|p2b: Incineroar|10/100\n|-damage|p2b: Incineroar|2/100\n|-damage|p2b: Incineroar|0 fnt\n|faint|p2b: Incineroar\n|-hitcount|p2: Incineroar|8\n|move|p2a: Golurk|Poltergeist|p1a: Hawlucha\n|-activate|p1a: Hawlucha|move: Poltergeist|Hawluchanite\n|-damage|p1a: Hawlucha|0 fnt\n|faint|p1a: Hawlucha\n|\n|upkeep\n|\n|t:|1775880507\n|switch|p1a: Whimsicott|Whimsicott, L50, F|100/100\n|turn|5\n|\n|t:|1775880519\n|detailschange|p2a: Golurk|Golurk-Mega, L50\n|-mega|p2a: Golurk|Golurk|Golurkite\n|move|p1b: Maushold|Follow Me|p1b: Maushold\n|-singleturn|p1b: Maushold|move: Follow Me\n|move|p1a: Whimsicott|Moonblast|p2a: Golurk\n|-damage|p2a: Golurk|74/100\n|move|p2a: Golurk|Heavy Slam|p1b: Maushold\n|-damage|p1b: Maushold|11/100\n|\n|upkeep\n|turn|6\n|\n|t:|1775880533\n|move|p1b: Maushold|Protect|p1b: Maushold\n|-singleturn|p1b: Maushold|Protect\n|move|p1a: Whimsicott|Moonblast|p2a: Golurk\n|-damage|p2a: Golurk|49/100\n|move|p2a: Golurk|Heavy Slam|p1a: Whimsicott\n|-supereffective|p1a: Whimsicott|1\n|-damage|p1a: Whimsicott|0 fnt\n|faint|p1a: Whimsicott\n|\n|upkeep\n|turn|7\n|-message|gameiseasy forfeited.\n|\n|win|Bloopers190\n|raw|gameiseasy's rating: 1024 &rarr; <strong>1011</strong><br />(-13 for losing)\n|raw|Bloopers190's rating: 1027 &rarr; <strong>1063</strong><br />(+36 for winning)\n|l|\u2606gameiseasy\n|player|p1|\n",
  "uploadtime": 1775880546,
  "views": 28,
  "formatid": "gen9championsvgc2026regma",
  "rating": 1011,
  "private": 0,
  "password": null
}