{
  "id": "gen9championsvgc2026regma-2586070850",
  "format": "[Gen 9 Champions] VGC 2026 Reg M-A",
  "players": [
    "maya_da_best",
    "DrakeDogg"
  ],
  "log": "|j|\u2606maya_da_best\n|j|\u2606DrakeDogg\n|t:|1776395865\n|gametype|doubles\n|player|p1|maya_da_best|265|1048\n|player|p2|DrakeDogg|roxie|1117\n|gen|9\n|tier|[Gen 9 Champions] VGC 2026 Reg M-A\n|rated|\n|rule|Species Clause: Limit one of each Pok\u00e9mon\n|rule|Item Clause: Limit 1 of each item\n|clearpoke\n|poke|p1|Dragonite, L50, F|\n|poke|p1|Pelipper, L50, F|\n|poke|p1|Sinistcha, L50|\n|poke|p1|Basculegion, L50, M|\n|poke|p1|Archaludon, L50, F|\n|poke|p1|Feraligatr, L50, M|\n|poke|p2|Froslass, L50, F|\n|poke|p2|Sneasler, L50, F|\n|poke|p2|Greninja-*, L50, M|\n|poke|p2|Incineroar, L50, F|\n|poke|p2|Milotic, L50, M|\n|poke|p2|Volcarona, L50, F|\n|teampreview|4\n|inactive|Battle timer is ON: inactive players will automatically lose when time's up. (requested by DrakeDogg)\n|inactive|DrakeDogg has 60 seconds left.\n|\n|t:|1776395913\n|teamsize|p1|4\n|teamsize|p2|4\n|start\n|switch|p1a: Basculegion|Basculegion, L50, M|100/100\n|switch|p1b: Pelipper|Pelipper, L50, F|100/100\n|switch|p2a: Froslass|Froslass, L50, F|100/100\n|switch|p2b: Greninja|Greninja, L50, M|100/100\n|-weather|RainDance|[from] ability: Drizzle|[of] p1b: Pelipper\n|turn|1\n|inactive|maya_da_best has 30 seconds left.\n|inactive|DrakeDogg has 30 seconds left.\n|\n|t:|1776395945\n|detailschange|p2a: Froslass|Froslass-Mega, L50, F\n|-mega|p2a: Froslass|Froslass|Froslassite\n|-weather|Snowscape|[from] ability: Snow Warning|[of] p2a: Froslass\n|move|p2a: Froslass|Protect|p2a: Froslass\n|-singleturn|p2a: Froslass|Protect\n|move|p2b: Greninja|Dark Pulse|p1a: Basculegion\n|-start|p2b: Greninja|typechange|Dark|[from] ability: Protean\n|-supereffective|p1a: Basculegion|1\n|-damage|p1a: Basculegion|13/100\n|move|p1a: Basculegion|Flip Turn|p2a: Froslass\n|-activate|p2a: Froslass|move: Protect\n|move|p1b: Pelipper|Tailwind|p1b: Pelipper\n|-sidestart|p1: maya_da_best|move: Tailwind\n|\n|-weather|Snowscape|[upkeep]\n|upkeep\n|turn|2\n|inactive|maya_da_best has 30 seconds left.\n|inactive|DrakeDogg has 30 seconds left.\n|inactive|maya_da_best has 20 seconds left.\n|inactive|maya_da_best has 15 seconds left.\n|\n|t:|1776395985\n|move|p1b: Pelipper|Protect|p1b: Pelipper\n|-singleturn|p1b: Pelipper|Protect\n|move|p1a: Basculegion|Flip Turn|p2a: Froslass\n|-damage|p2a: Froslass|66/100\n|\n|t:|1776395993\n|switch|p1a: Archaludon|Archaludon, L50, F|100/100|[from] Flip Turn\n|move|p2b: Greninja|Dark Pulse|p1a: Archaludon\n|-damage|p1a: Archaludon|47/100\n|-ability|p1a: Archaludon|Stamina|boost\n|-boost|p1a: Archaludon|def|1\n|move|p2a: Froslass|Aurora Veil|p2a: Froslass\n|-sidestart|p2: DrakeDogg|move: Aurora Veil\n|\n|-weather|Snowscape|[upkeep]\n|-heal|p1a: Archaludon|53/100|[from] item: Leftovers\n|upkeep\n|turn|3\n|\n|t:|1776396009\n|move|p1b: Pelipper|Wide Guard|p1b: Pelipper\n|-singleturn|p1b: Pelipper|Wide Guard\n|move|p1a: Archaludon|Flash Cannon|p2a: Froslass\n|-supereffective|p2a: Froslass|1\n|-damage|p2a: Froslass|0 fnt\n|faint|p2a: Froslass\n|move|p2b: Greninja|Dark Pulse|p1a: Archaludon\n|-damage|p1a: Archaludon|2/100\n|-ability|p1a: Archaludon|Stamina|boost\n|-boost|p1a: Archaludon|def|1\n|\n|-weather|Snowscape|[upkeep]\n|-heal|p1a: Archaludon|8/100|[from] item: Leftovers\n|upkeep\n|\n|t:|1776396027\n|switch|p2a: Incineroar|Incineroar, L50, F|100/100\n|-ability|p2a: Incineroar|Intimidate|boost\n|-unboost|p1a: Archaludon|atk|1\n|-unboost|p1b: Pelipper|atk|1\n|turn|4\n|inactive|maya_da_best has 30 seconds left.\n|inactive|maya_da_best has 20 seconds left.\n|inactive|maya_da_best has 15 seconds left.\n|\n|t:|1776396069\n|move|p2a: Incineroar|Fake Out|p1a: Archaludon\n|-resisted|p1a: Archaludon|1\n|-damage|p1a: Archaludon|6/100\n|-ability|p1a: Archaludon|Stamina|boost\n|-boost|p1a: Archaludon|def|1\n|cant|p1a: Archaludon|flinch\n|move|p2b: Greninja|Dark Pulse|p1b: Pelipper\n|-damage|p1b: Pelipper|50/100\n|move|p1b: Pelipper|Surf|p2b: Greninja|[spread] p1a,p2a,p2b\n|-resisted|p1a: Archaludon|1\n|-supereffective|p2a: Incineroar|1\n|-damage|p1a: Archaludon|0 fnt\n|-damage|p2a: Incineroar|78/100\n|-damage|p2b: Greninja|76/100\n|faint|p1a: Archaludon\n|\n|-weather|Snowscape|[upkeep]\n|-sideend|p1: maya_da_best|move: Tailwind\n|upkeep\n|\n|t:|1776396082\n|switch|p1a: Sinistcha|Sinistcha, L50|100/100\n|-heal|p1b: Pelipper|75/100|[from] ability: Hospitality|[of] p1a: Sinistcha\n|turn|5\n|\n|t:|1776396104\n|move|p1b: Pelipper|Wide Guard|p1b: Pelipper\n|-singleturn|p1b: Pelipper|Wide Guard\n|move|p2b: Greninja|Dark Pulse|p1a: Sinistcha\n|-supereffective|p1a: Sinistcha|1\n|-damage|p1a: Sinistcha|15/100\n|move|p1a: Sinistcha|Strength Sap|p2b: Greninja\n|-unboost|p2b: Greninja|atk|1\n|-heal|p1a: Sinistcha|73/100\n|move|p2a: Incineroar|Flare Blitz|p1a: Sinistcha\n|-supereffective|p1a: Sinistcha|1\n|-damage|p1a: Sinistcha|1/100\n|-damage|p2a: Incineroar|57/100|[from] Recoil\n|\n|-weather|none\n|upkeep\n|turn|6\n|inactive|maya_da_best has 30 seconds left.\n|inactive|maya_da_best has 20 seconds left.\n|\n|t:|1776396140\n|move|p1a: Sinistcha|Rage Powder|p1a: Sinistcha\n|-singleturn|p1a: Sinistcha|move: Rage Powder\n|move|p2b: Greninja|Dark Pulse|p1a: Sinistcha\n|-supereffective|p1a: Sinistcha|1\n|-damage|p1a: Sinistcha|0 fnt\n|faint|p1a: Sinistcha\n|move|p1b: Pelipper|Surf|p2a: Incineroar|[spread] p2a,p2b\n|-supereffective|p2a: Incineroar|1\n|-damage|p2a: Incineroar|34/100\n|-damage|p2b: Greninja|51/100\n|-enditem|p2a: Incineroar|Sitrus Berry|[eat]\n|-heal|p2a: Incineroar|58/100|[from] item: Sitrus Berry\n|move|p2a: Incineroar|Parting Shot|p1b: Pelipper\n|-unboost|p1b: Pelipper|atk|1\n|-unboost|p1b: Pelipper|spa|1\n|\n|t:|1776396146\n|switch|p2a: Milotic|Milotic, L50, M|100/100|[from] Parting Shot\n|\n|-sideend|p2: DrakeDogg|move: Aurora Veil\n|upkeep\n|\n|t:|1776396153\n|switch|p1a: Basculegion|Basculegion, L50, M|13/100\n|turn|7\n|inactive|maya_da_best has 30 seconds left.\n|\n|t:|1776396186\n|move|p1a: Basculegion|Aqua Jet|p2b: Greninja\n|-damage|p2b: Greninja|16/100\n|move|p2b: Greninja|Dark Pulse|p1a: Basculegion\n|-supereffective|p1a: Basculegion|1\n|-damage|p1a: Basculegion|0 fnt\n|faint|p1a: Basculegion\n|move|p2a: Milotic|Scald|p1b: Pelipper\n|-resisted|p1b: Pelipper|1\n|-damage|p1b: Pelipper|53/100\n|move|p1b: Pelipper|Tailwind|p1b: Pelipper\n|-sidestart|p1: maya_da_best|move: Tailwind\n|\n|upkeep\n|turn|8\n|\n|t:|1776396201\n|move|p2b: Greninja|Dark Pulse|p1b: Pelipper\n|-damage|p1b: Pelipper|0 fnt\n|faint|p1b: Pelipper\n|\n|win|DrakeDogg\n|raw|maya_da_best's rating: 1048 &rarr; <strong>1034</strong><br />(-14 for losing)\n|raw|DrakeDogg's rating: 1117 &rarr; <strong>1137</strong><br />(+20 for winning)\n|l|\u2606maya_da_best\n|player|p1|\n",
  "uploadtime": 1776396231,
  "views": 21,
  "formatid": "gen9championsvgc2026regma",
  "rating": 1034,
  "private": 0,
  "password": null
}