{
  "id": "gen9championsvgc2026regma-2582912409",
  "format": "[Gen 9 Champions] VGC 2026 Reg M-A",
  "players": [
    "suprememudkip",
    "kauezaovgc"
  ],
  "log": "|j|\u2606suprememudkip\n|j|\u2606kauezaovgc\n|t:|1776124370\n|gametype|doubles\n|player|p1|suprememudkip|265|1177\n|player|p2|kauezaovgc|2|1226\n|gen|9\n|tier|[Gen 9 Champions] VGC 2026 Reg M-A\n|rated|\n|rule|Species Clause: Limit one of each Pok\u00e9mon\n|rule|Item Clause: Limit 1 of each item\n|clearpoke\n|poke|p1|Tyranitar, L50, M|\n|poke|p1|Excadrill, L50, M|\n|poke|p1|Garchomp, L50, F|\n|poke|p1|Incineroar, L50, F|\n|poke|p1|Orthworm, L50, M|\n|poke|p1|Corviknight, L50, F|\n|poke|p2|Meowstic, L50, M|\n|poke|p2|Alakazam, L50, M|\n|poke|p2|Sneasler, L50, M|\n|poke|p2|Basculegion, L50, M|\n|poke|p2|Incineroar, L50, M|\n|poke|p2|Sinistcha, L50|\n|teampreview|4\n|inactive|Battle timer is ON: inactive players will automatically lose when time's up. (requested by kauezaovgc)\n|inactive|kauezaovgc has 60 seconds left.\n|\n|t:|1776124422\n|teamsize|p1|4\n|teamsize|p2|4\n|start\n|switch|p1a: Tyranitar|Tyranitar, L50, M|100/100\n|switch|p1b: Excadrill|Excadrill, L50, M|100/100\n|switch|p2a: Sneasler|Sneasler, L50, M|100/100\n|switch|p2b: Meowstic|Meowstic, L50, M|100/100\n|-ability|p2a: Sneasler|Pressure\n|-weather|Sandstorm|[from] ability: Sand Stream|[of] p1a: Tyranitar\n|turn|1\n|\n|t:|1776124440\n|detailschange|p1a: Tyranitar|Tyranitar-Mega, L50, M\n|-mega|p1a: Tyranitar|Tyranitar|Tyranitarite\n|move|p1a: Tyranitar|Protect|p1a: Tyranitar\n|-singleturn|p1a: Tyranitar|Protect\n|move|p2b: Meowstic|Reflect|p2b: Meowstic\n|-sidestart|p2: kauezaovgc|Reflect\n|move|p1b: Excadrill|High Horsepower|p2a: Sneasler\n|-supereffective|p2a: Sneasler|1\n|-enditem|p2a: Sneasler|Focus Sash\n|-damage|p2a: Sneasler|1/100\n|move|p2a: Sneasler|Close Combat|p1a: Tyranitar\n|-activate|p1a: Tyranitar|move: Protect\n|\n|-weather|Sandstorm|[upkeep]\n|-damage|p2a: Sneasler|0 fnt|[from] Sandstorm\n|-damage|p2b: Meowstic|94/100|[from] Sandstorm\n|faint|p2a: Sneasler\n|upkeep\n|\n|t:|1776124446\n|switch|p2a: Incineroar|Incineroar, L50, M|100/100\n|-ability|p2a: Incineroar|Intimidate|boost\n|-unboost|p1a: Tyranitar|atk|1\n|-unboost|p1b: Excadrill|atk|1\n|turn|2\n|\n|t:|1776124459\n|move|p1b: Excadrill|High Horsepower|p2a: Incineroar\n|-supereffective|p2a: Incineroar|1\n|-damage|p2a: Incineroar|58/100\n|move|p2b: Meowstic|Expanding Force|p1b: Excadrill\n|-resisted|p1b: Excadrill|1\n|-damage|p1b: Excadrill|84/100\n|move|p1a: Tyranitar|Knock Off|p2b: Meowstic\n|-supereffective|p2b: Meowstic|1\n|-damage|p2b: Meowstic|33/100\n|-enditem|p2b: Meowstic|Mental Herb|[from] move: Knock Off|[of] p1a: Tyranitar\n|move|p2a: Incineroar|Flare Blitz|p1b: Excadrill\n|-supereffective|p1b: Excadrill|1\n|-damage|p1b: Excadrill|0 fnt\n|faint|p1b: Excadrill\n|-damage|p2a: Incineroar|33/100|[from] Recoil\n|-enditem|p2a: Incineroar|Sitrus Berry|[eat]\n|-heal|p2a: Incineroar|57/100|[from] item: Sitrus Berry\n|\n|-weather|Sandstorm|[upkeep]\n|-damage|p2b: Meowstic|26/100|[from] Sandstorm\n|-damage|p2a: Incineroar|51/100|[from] Sandstorm\n|upkeep\n|\n|t:|1776124474\n|switch|p1b: Corviknight|Corviknight, L50, F, shiny|100/100\n|turn|3\n|\n|t:|1776124480\n|move|p1a: Tyranitar|Protect|p1a: Tyranitar\n|-singleturn|p1a: Tyranitar|Protect\n|move|p2b: Meowstic|Expanding Force|p1b: Corviknight\n|-resisted|p1b: Corviknight|1\n|-damage|p1b: Corviknight|90/100\n|move|p1b: Corviknight|Tailwind|p1b: Corviknight\n|-sidestart|p1: suprememudkip|move: Tailwind\n|move|p2a: Incineroar|Flare Blitz|p1b: Corviknight\n|-supereffective|p1b: Corviknight|1\n|-damage|p1b: Corviknight|0 fnt\n|faint|p1b: Corviknight\n|-damage|p2a: Incineroar|22/100|[from] Recoil\n|\n|-weather|Sandstorm|[upkeep]\n|-damage|p2b: Meowstic|20/100|[from] Sandstorm\n|-damage|p2a: Incineroar|16/100|[from] Sandstorm\n|upkeep\n|\n|t:|1776124483\n|switch|p1b: Incineroar|Incineroar, L50, F, shiny|100/100\n|-ability|p1b: Incineroar|Intimidate|boost\n|-unboost|p2a: Incineroar|atk|1\n|-unboost|p2b: Meowstic|atk|1\n|turn|4\n|\n|t:|1776124507\n|switch|p2a: Basculegion|Basculegion, L50, M|100/100\n|move|p1b: Incineroar|Fake Out|p2b: Meowstic\n|-damage|p2b: Meowstic|13/100\n|cant|p2b: Meowstic|flinch\n|move|p1a: Tyranitar|Rock Slide|p2b: Meowstic|[spread] p2a,p2b\n|-damage|p2a: Basculegion|77/100\n|-damage|p2b: Meowstic|0 fnt\n|faint|p2b: Meowstic\n|\n|-weather|Sandstorm|[upkeep]\n|-damage|p2a: Basculegion|71/100|[from] Sandstorm\n|-damage|p1b: Incineroar|95/100|[from] Sandstorm\n|upkeep\n|\n|t:|1776124509\n|switch|p2b: Incineroar|Incineroar, L50, M|16/100\n|-ability|p2b: Incineroar|Intimidate|boost\n|-unboost|p1a: Tyranitar|atk|1\n|-unboost|p1b: Incineroar|atk|1\n|turn|5\n|\n|t:|1776124526\n|move|p2b: Incineroar|Fake Out|p1a: Tyranitar\n|-resisted|p1a: Tyranitar|1\n|-damage|p1a: Tyranitar|97/100\n|move|p2a: Basculegion|Wave Crash|p1b: Incineroar\n|-supereffective|p1b: Incineroar|1\n|-damage|p1b: Incineroar|0 fnt\n|faint|p1b: Incineroar\n|-damage|p2a: Basculegion|39/100|[from] Recoil\n|cant|p1a: Tyranitar|flinch\n|\n|-weather|none\n|-sideend|p2: kauezaovgc|Reflect\n|upkeep\n|turn|6\n|\n|t:|1776124537\n|move|p2a: Basculegion|Wave Crash|p1a: Tyranitar\n|-supereffective|p1a: Tyranitar|1\n|-damage|p1a: Tyranitar|0 fnt\n|faint|p1a: Tyranitar\n|-damage|p2a: Basculegion|6/100|[from] Recoil\n|\n|win|kauezaovgc\n|raw|suprememudkip's rating: 1177 &rarr; <strong>1156</strong><br />(-21 for losing)\n|raw|kauezaovgc's rating: 1226 &rarr; <strong>1247</strong><br />(+21 for winning)\n|l|\u2606suprememudkip\n|player|p1|\n",
  "uploadtime": 1776124554,
  "views": 32,
  "formatid": "gen9championsvgc2026regma",
  "rating": 1156,
  "private": 0,
  "password": null
}