{
  "id": "gen9championsvgc2026regma-2587417399",
  "format": "[Gen 9 Champions] VGC 2026 Reg M-A",
  "players": [
    "AshhFlakee",
    "24darklight24"
  ],
  "log": "|j|\u2606AshhFlakee\n|j|\u260624darklight24\n|t:|1776530076\n|gametype|doubles\n|player|p1|AshhFlakee|blackbelt|1068\n|player|p2|24darklight24|2|1053\n|gen|9\n|tier|[Gen 9 Champions] VGC 2026 Reg M-A\n|rated|\n|rule|Species Clause: Limit one of each Pok\u00e9mon\n|rule|Item Clause: Limit 1 of each item\n|clearpoke\n|poke|p1|Skarmory, L50, F|\n|poke|p1|Sneasler, L50, F|\n|poke|p1|Rhyperior, L50, M|\n|poke|p1|Gyarados, L50, F|\n|poke|p1|Sinistcha, L50|\n|poke|p1|Alcremie, L50, F|\n|poke|p2|Starmie, L50|\n|poke|p2|Dragonite, L50, F|\n|poke|p2|Incineroar, L50, F|\n|poke|p2|Sableye, L50, M|\n|poke|p2|Tsareena, L50, F|\n|poke|p2|Sneasler, L50, M|\n|teampreview|4\n|\n|t:|1776530104\n|teamsize|p1|4\n|teamsize|p2|4\n|start\n|switch|p1a: Skarmory|Skarmory, L50, F|100/100\n|switch|p1b: Sneasler|Sneasler, L50, F|100/100\n|switch|p2a: Sableye|Sableye, L50, M|100/100\n|switch|p2b: Starmie|Starmie, L50|100/100\n|turn|1\n|\n|t:|1776530136\n|detailschange|p2b: Starmie|Starmie-Mega, L50\n|-mega|p2b: Starmie|Starmie|Starminite\n|move|p2b: Starmie|Protect|p2b: Starmie\n|-singleturn|p2b: Starmie|Protect\n|move|p1b: Sneasler|Fake Out|p2b: Starmie\n|-activate|p2b: Starmie|move: Protect\n|move|p2a: Sableye|Gravity|p2a: Sableye\n|-fieldstart|move: Gravity\n|move|p1a: Skarmory|Iron Head|p2a: Sableye\n|-damage|p2a: Sableye|66/100\n|\n|-heal|p2a: Sableye|72/100|[from] item: Leftovers\n|upkeep\n|turn|2\n|\n|t:|1776530172\n|switch|p1a: Rhyperior|Rhyperior, L50, M|100/100\n|move|p2a: Sableye|Encore|p1b: Sneasler\n|-start|p1b: Sneasler|Encore\n|move|p1b: Sneasler|Fake Out||[still]\n|-hint|Fake Out only works on your first turn out.\n|-fail|p1b: Sneasler\n|move|p2b: Starmie|Zen Headbutt|p1b: Sneasler\n|-supereffective|p1b: Sneasler|2\n|-enditem|p1b: Sneasler|Focus Sash\n|-damage|p1b: Sneasler|1/100\n|\n|-heal|p2a: Sableye|78/100|[from] item: Leftovers\n|upkeep\n|turn|3\n|\n|t:|1776530195\n|move|p2a: Sableye|Swagger|p2b: Starmie\n|-boost|p2b: Starmie|atk|2\n|-start|p2b: Starmie|confusion\n|-activate|p1b: Sneasler|move: Struggle\n|move|p1b: Sneasler|Struggle|p2b: Starmie\n|-damage|p2b: Starmie|82/100\n|-damage|p1b: Sneasler|0 fnt|[from] recoil\n|faint|p1b: Sneasler\n|-activate|p2b: Starmie|confusion\n|move|p2b: Starmie|Liquidation|p1a: Rhyperior\n|-supereffective|p1a: Rhyperior|2\n|-damage|p1a: Rhyperior|0 fnt\n|faint|p1a: Rhyperior\n|\n|-heal|p2a: Sableye|83/100|[from] item: Leftovers\n|upkeep\n|\n|t:|1776530205\n|switch|p1b: Skarmory|Skarmory, L50, F|100/100\n|switch|p1a: Sinistcha|Sinistcha, L50|100/100\n|turn|4\n|\n|t:|1776530221\n|move|p1a: Sinistcha|Rage Powder|p1a: Sinistcha\n|-singleturn|p1a: Sinistcha|move: Rage Powder\n|move|p2a: Sableye|Swagger|p1a: Sinistcha\n|-boost|p1a: Sinistcha|atk|2\n|-start|p1a: Sinistcha|confusion\n|-activate|p2b: Starmie|confusion\n|-damage|p2b: Starmie|62/100|[from] confusion\n|move|p1b: Skarmory|Tailwind|p1b: Skarmory\n|-sidestart|p1: AshhFlakee|move: Tailwind\n|\n|-heal|p2a: Sableye|89/100|[from] item: Leftovers\n|upkeep\n|turn|5\n|\n|t:|1776530241\n|detailschange|p1b: Skarmory|Skarmory-Mega, L50, F\n|-mega|p1b: Skarmory|Skarmory|Skarmorite\n|move|p2a: Sableye|Disable|p1a: Sinistcha\n|-start|p1a: Sinistcha|Disable|Rage Powder\n|move|p1b: Skarmory|Brave Bird|p2a: Sableye\n|-damage|p2a: Sableye|4/100\n|-damage|p1b: Skarmory|70/100|[from] Recoil\n|-activate|p1a: Sinistcha|confusion\n|-damage|p1a: Sinistcha|92/100|[from] confusion\n|-end|p2b: Starmie|confusion\n|move|p2b: Starmie|Zen Headbutt|p1a: Sinistcha\n|-damage|p1a: Sinistcha|13/100\n|-enditem|p1a: Sinistcha|Sitrus Berry|[eat]\n|-heal|p1a: Sinistcha|38/100|[from] item: Sitrus Berry\n|\n|-heal|p2a: Sableye|10/100|[from] item: Leftovers\n|-fieldend|move: Gravity\n|upkeep\n|turn|6\n|\n|t:|1776530266\n|move|p2a: Sableye|Encore|p1b: Skarmory\n|-start|p1b: Skarmory|Encore\n|move|p1b: Skarmory|Brave Bird|p2a: Sableye\n|-damage|p2a: Sableye|0 fnt\n|faint|p2a: Sableye\n|-damage|p1b: Skarmory|66/100|[from] Recoil\n|-activate|p1a: Sinistcha|confusion\n|-damage|p1a: Sinistcha|30/100|[from] confusion\n|move|p2b: Starmie|Zen Headbutt|p1a: Sinistcha\n|-damage|p1a: Sinistcha|0 fnt\n|faint|p1a: Sinistcha\n|\n|upkeep\n|\n|t:|1776530282\n|switch|p2a: Incineroar|Incineroar, L50, F|100/100\n|-ability|p2a: Incineroar|Intimidate|boost\n|-unboost|p1b: Skarmory|atk|1\n|turn|7\n|\n|t:|1776530291\n|move|p2a: Incineroar|Fake Out|p1b: Skarmory\n|-resisted|p1b: Skarmory|1\n|-damage|p1b: Skarmory|60/100\n|cant|p1b: Skarmory|flinch\n|move|p2b: Starmie|Liquidation|p1b: Skarmory\n|-damage|p1b: Skarmory|0 fnt\n|faint|p1b: Skarmory\n|\n|win|24darklight24\n|raw|AshhFlakee's rating: 1068 &rarr; <strong>1047</strong><br />(-21 for losing)\n|raw|24darklight24's rating: 1053 &rarr; <strong>1086</strong><br />(+33 for winning)\n|l|\u2606AshhFlakee\n|player|p1|\n",
  "uploadtime": 1776530307,
  "views": 21,
  "formatid": "gen9championsvgc2026regma",
  "rating": 1047,
  "private": 0,
  "password": null
}