{
  "id": "gen9championsvgc2026regma-2581638830",
  "format": "[Gen 9 Champions] VGC 2026 Reg M-A",
  "players": [
    "JustReilly",
    "CaptainSmokah"
  ],
  "log": "|j|\u2606JustReilly\n|j|\u2606CaptainSmokah\n|t:|1776017099\n|gametype|doubles\n|player|p1|JustReilly|2|1141\n|player|p2|CaptainSmokah|1|1218\n|gen|9\n|tier|[Gen 9 Champions] VGC 2026 Reg M-A\n|rated|\n|rule|Species Clause: Limit one of each Pok\u00e9mon\n|rule|Item Clause: Limit 1 of each item\n|clearpoke\n|poke|p1|Sableye, L50, F|\n|poke|p1|Gengar, L50, M|\n|poke|p1|Kingambit, L50, M|\n|poke|p1|Clefable, L50, F|\n|poke|p1|Weavile, L50, F|\n|poke|p1|Archaludon, L50, M|\n|poke|p2|Pelipper, L50, M|\n|poke|p2|Meganium, L50, F|\n|poke|p2|Aegislash, L50, F|\n|poke|p2|Basculegion, L50, M|\n|poke|p2|Garchomp, L50, F|\n|poke|p2|Incineroar, L50, F|\n|teampreview|4\n|inactive|Battle timer is ON: inactive players will automatically lose when time's up. (requested by CaptainSmokah)\n|\n|t:|1776017134\n|teamsize|p1|4\n|teamsize|p2|4\n|start\n|switch|p1a: Archaludon|Archaludon, L50, M, shiny|100/100\n|switch|p1b: Kingambit|Kingambit, L50, M, shiny|100/100\n|switch|p2a: Garchomp|Garchomp, L50, F|100/100\n|switch|p2b: Incineroar|Incineroar, L50, F|100/100\n|-ability|p2b: Incineroar|Intimidate|boost\n|-unboost|p1a: Archaludon|atk|1\n|-unboost|p1b: Kingambit|atk|1\n|-ability|p1b: Kingambit|Defiant|boost\n|-boost|p1b: Kingambit|atk|2\n|turn|1\n|\n|t:|1776017146\n|move|p2b: Incineroar|Fake Out|p1a: Archaludon\n|-resisted|p1a: Archaludon|1\n|-damage|p1a: Archaludon|96/100\n|cant|p1a: Archaludon|flinch\n|move|p2a: Garchomp|Stomping Tantrum|p1b: Kingambit\n|-supereffective|p1b: Kingambit|1\n|-damage|p1b: Kingambit|47/100\n|move|p1b: Kingambit|Kowtow Cleave|p2b: Incineroar\n|-resisted|p2b: Incineroar|1\n|-damage|p2b: Incineroar|63/100\n|\n|upkeep\n|turn|2\n|\n|t:|1776017169\n|move|p1a: Archaludon|Draco Meteor|p2a: Garchomp\n|-supereffective|p2a: Garchomp|1\n|-enditem|p2a: Garchomp|Haban Berry|[eat]\n|-enditem|p2a: Garchomp|Haban Berry|[weaken]\n|-damage|p2a: Garchomp|29/100\n|-unboost|p1a: Archaludon|spa|2\n|move|p2a: Garchomp|Stomping Tantrum|p1a: Archaludon\n|-supereffective|p1a: Archaludon|1\n|-damage|p1a: Archaludon|27/100\n|move|p2b: Incineroar|Will-O-Wisp|p1b: Kingambit\n|-status|p1b: Kingambit|brn\n|move|p1b: Kingambit|Kowtow Cleave|p2b: Incineroar\n|-resisted|p2b: Incineroar|1\n|-damage|p2b: Incineroar|45/100\n|-enditem|p2b: Incineroar|Sitrus Berry|[eat]\n|-heal|p2b: Incineroar|70/100|[from] item: Sitrus Berry\n|\n|-damage|p1b: Kingambit|42/100 brn|[from] brn\n|upkeep\n|turn|3\n|inactive|JustReilly has 30 seconds left.\n|\n|t:|1776017194\n|move|p1a: Archaludon|Draco Meteor|p2a: Garchomp\n|-supereffective|p2a: Garchomp|1\n|-damage|p2a: Garchomp|0 fnt\n|-unboost|p1a: Archaludon|spa|2\n|faint|p2a: Garchomp\n|move|p2b: Incineroar|Parting Shot|p1a: Archaludon\n|-unboost|p1a: Archaludon|atk|1\n|-unboost|p1a: Archaludon|spa|1\n|\n|t:|1776017198\n|switch|p2b: Aegislash|Aegislash, L50, F|100/100|[from] Parting Shot\n|move|p1b: Kingambit|Kowtow Cleave|p2b: Aegislash\n|-supereffective|p2b: Aegislash|1\n|-damage|p2b: Aegislash|37/100\n|\n|-heal|p2b: Aegislash|43/100|[from] item: Leftovers\n|-damage|p1b: Kingambit|36/100 brn|[from] brn\n|upkeep\n|\n|t:|1776017202\n|switch|p2a: Basculegion|Basculegion, L50, M|100/100\n|turn|4\n|\n|t:|1776017217\n|move|p1b: Kingambit|Sucker Punch|p2a: Basculegion\n|-supereffective|p2a: Basculegion|1\n|-damage|p2a: Basculegion|0 fnt\n|faint|p2a: Basculegion\n|move|p1a: Archaludon|Draco Meteor|p2b: Aegislash\n|-resisted|p2b: Aegislash|1\n|-damage|p2b: Aegislash|36/100\n|-unboost|p1a: Archaludon|spa|1\n|move|p2b: Aegislash|Swords Dance|p2b: Aegislash\n|-boost|p2b: Aegislash|atk|2\n|\n|-heal|p2b: Aegislash|42/100|[from] item: Leftovers\n|-damage|p1b: Kingambit|30/100 brn|[from] brn\n|upkeep\n|\n|t:|1776017220\n|switch|p2a: Incineroar|Incineroar, L50, F|70/100\n|-ability|p2a: Incineroar|Intimidate|boost\n|-unboost|p1a: Archaludon|atk|1\n|-unboost|p1b: Kingambit|atk|1\n|-ability|p1b: Kingambit|Defiant|boost\n|-boost|p1b: Kingambit|atk|2\n|turn|5\n|\n|t:|1776017238\n|move|p2a: Incineroar|Fake Out|p1b: Kingambit\n|-resisted|p1b: Kingambit|1\n|-damage|p1b: Kingambit|26/100 brn\n|cant|p1b: Kingambit|flinch\n|move|p1a: Archaludon|Draco Meteor|p2a: Incineroar\n|-damage|p2a: Incineroar|58/100\n|-formechange|p2b: Aegislash|Aegislash-Blade|\n|move|p2b: Aegislash|Iron Head|p1b: Kingambit\n|-resisted|p1b: Kingambit|1\n|-damage|p1b: Kingambit|0 fnt\n|faint|p1b: Kingambit\n|\n|-heal|p2b: Aegislash|48/100|[from] item: Leftovers\n|upkeep\n|\n|t:|1776017243\n|switch|p1b: Weavile|Weavile, L50, F, shiny|100/100\n|turn|6\n|\n|t:|1776017254\n|-formechange|p2b: Aegislash|Aegislash|\n|move|p2b: Aegislash|King's Shield|p2b: Aegislash\n|-singleturn|p2b: Aegislash|Protect\n|move|p1a: Archaludon|Draco Meteor|p2a: Incineroar\n|-damage|p2a: Incineroar|46/100\n|move|p1b: Weavile|Knock Off|p2b: Aegislash\n|-activate|p2b: Aegislash|move: Protect\n|-unboost|p1b: Weavile|atk|1\n|move|p2a: Incineroar|Will-O-Wisp|p1b: Weavile\n|-status|p1b: Weavile|brn\n|\n|-heal|p2b: Aegislash|54/100|[from] item: Leftovers\n|-damage|p1b: Weavile|94/100 brn|[from] brn\n|upkeep\n|turn|7\n|\n|t:|1776017271\n|switch|p1a: Gengar|Gengar, L50, M, shiny|100/100\n|move|p1b: Weavile|Knock Off|p2b: Aegislash\n|-supereffective|p2b: Aegislash|1\n|-damage|p2b: Aegislash|29/100\n|-enditem|p2b: Aegislash|Leftovers|[from] move: Knock Off|[of] p1b: Weavile\n|move|p2a: Incineroar|Throat Chop|p1a: Gengar\n|-supereffective|p1a: Gengar|1\n|-damage|p1a: Gengar|0 fnt\n|faint|p1a: Gengar\n|-formechange|p2b: Aegislash|Aegislash-Blade|\n|move|p2b: Aegislash|Iron Head|p1b: Weavile\n|-supereffective|p1b: Weavile|1\n|-damage|p1b: Weavile|0 fnt\n|faint|p1b: Weavile\n|\n|upkeep\n|\n|t:|1776017278\n|switch|p1b: Archaludon|Archaludon, L50, M, shiny|27/100\n|turn|8\n|-message|JustReilly forfeited.\n|\n|win|CaptainSmokah\n|raw|JustReilly's rating: 1141 &rarr; <strong>1121</strong><br />(-20 for losing)\n|raw|CaptainSmokah's rating: 1218 &rarr; <strong>1238</strong><br />(+20 for winning)\n|l|\u2606JustReilly\n|player|p1|\n|j|\u2606JustReilly\n|player|p1|JustReilly|2|\n|l|\u2606JustReilly\n|player|p1|\n|l|\u2606CaptainSmokah\n|player|p2|\n|j|\u2606CaptainSmokah\n|player|p2|CaptainSmokah|1|\n",
  "uploadtime": 1776017375,
  "views": 22,
  "formatid": "gen9championsvgc2026regma",
  "rating": 1121,
  "private": 0,
  "password": null
}