{
  "id": "gen9championsvgc2026regma-2588021723",
  "format": "[Gen 9 Champions] VGC 2026 Reg M-A",
  "players": [
    "NYRR_VGC",
    "Dextrou_"
  ],
  "log": "|j|\u2606NYRR_VGC\n|j|\u2606Dextrou_\n|t:|1776594131\n|gametype|doubles\n|player|p1|NYRR_VGC|169|1074\n|player|p2|Dextrou_|brendan-masters|1167\n|gen|9\n|tier|[Gen 9 Champions] VGC 2026 Reg M-A\n|rated|\n|rule|Species Clause: Limit one of each Pok\u00e9mon\n|rule|Item Clause: Limit 1 of each item\n|clearpoke\n|poke|p1|Politoed, L50, M|\n|poke|p1|Kingambit, L50, M|\n|poke|p1|Scovillain, L50, M|\n|poke|p1|Sneasler, L50, M|\n|poke|p1|Incineroar, L50, M|\n|poke|p1|Gengar, L50, F|\n|poke|p2|Drampa, L50, M|\n|poke|p2|Alakazam, L50, M|\n|poke|p2|Pelipper, L50, F|\n|poke|p2|Sinistcha-Masterpiece, L50|\n|poke|p2|Scizor, L50, F|\n|poke|p2|Basculegion, L50, M|\n|teampreview|4\n|inactive|Battle timer is ON: inactive players will automatically lose when time's up. (requested by Dextrou_)\n|inactive|NYRR_VGC has 60 seconds left.\n|\n|t:|1776594165\n|teamsize|p1|4\n|teamsize|p2|4\n|start\n|switch|p1a: Kingambit|Kingambit, L50, M|100/100\n|switch|p1b: Gengar|Gengar, L50, F|100/100\n|switch|p2a: Drampa|Drampa, L50, M|100/100\n|switch|p2b: Alakazam|Alakazam, L50, M|100/100\n|turn|1\n|inactive|NYRR_VGC has 30 seconds left.\n|\n|t:|1776594197\n|detailschange|p1b: Gengar|Gengar-Mega, L50, F\n|-mega|p1b: Gengar|Gengar|Gengarite\n|move|p1b: Gengar|Protect|p1b: Gengar\n|-singleturn|p1b: Gengar|Protect\n|move|p2b: Alakazam|Reflect|p2b: Alakazam\n|-sidestart|p2: Dextrou_|Reflect\n|move|p1a: Kingambit|Kowtow Cleave|p2b: Alakazam\n|-supereffective|p2b: Alakazam|1\n|-enditem|p2b: Alakazam|Colbur Berry|[eat]\n|-enditem|p2b: Alakazam|Colbur Berry|[weaken]\n|-damage|p2b: Alakazam|40/100\n|move|p2a: Drampa|Calm Mind|p2a: Drampa\n|-boost|p2a: Drampa|spa|1\n|-boost|p2a: Drampa|spd|1\n|\n|upkeep\n|turn|2\n|\n|t:|1776594214\n|detailschange|p2a: Drampa|Drampa-Mega, L50, M\n|-mega|p2a: Drampa|Drampa|Drampanite\n|move|p1b: Gengar|Substitute|p1b: Gengar\n|-start|p1b: Gengar|Substitute\n|-damage|p1b: Gengar|76/100\n|move|p2b: Alakazam|Speed Swap|p2a: Drampa\n|-activate|p2b: Alakazam|move: Speed Swap|[of] p2a: Drampa\n|move|p2a: Drampa|Earth Power|p1a: Kingambit\n|-supereffective|p1a: Kingambit|1\n|-damage|p1a: Kingambit|0 fnt\n|faint|p1a: Kingambit\n|\n|upkeep\n|\n|t:|1776594220\n|switch|p1a: Incineroar|Incineroar, L50, M|100/100\n|-ability|p1a: Incineroar|Intimidate|boost\n|-unboost|p2a: Drampa|atk|1\n|-fail|p2b: Alakazam|unboost|Attack|[from] ability: Inner Focus|[of] p2b: Alakazam\n|turn|3\n|\n|t:|1776594235\n|move|p1a: Incineroar|Fake Out|p2a: Drampa\n|-damage|p2a: Drampa|93/100\n|move|p1b: Gengar|Perish Song|p1b: Gengar\n|-start|p1a: Incineroar|perish3|[silent]\n|-start|p1b: Gengar|perish3|[silent]\n|-start|p2a: Drampa|perish3|[silent]\n|-start|p2b: Alakazam|perish3|[silent]\n|-fieldactivate|move: Perish Song\n|cant|p2a: Drampa|flinch\n|move|p2b: Alakazam|Psychic|p1b: Gengar\n|-supereffective|p1b: Gengar|1\n|-end|p1b: Gengar|Substitute\n|\n|-start|p1b: Gengar|perish3\n|-start|p2a: Drampa|perish3\n|-start|p1a: Incineroar|perish3\n|-start|p2b: Alakazam|perish3\n|upkeep\n|turn|4\n|\n|t:|1776594255\n|move|p1b: Gengar|Protect|p1b: Gengar\n|-singleturn|p1b: Gengar|Protect\n|move|p1a: Incineroar|Protect|p1a: Incineroar\n|-singleturn|p1a: Incineroar|Protect\n|move|p2a: Drampa|Earth Power|p1a: Incineroar\n|-activate|p1a: Incineroar|move: Protect\n|move|p2b: Alakazam|Psychic|p1b: Gengar\n|-activate|p1b: Gengar|move: Protect\n|\n|-start|p1b: Gengar|perish2\n|-start|p2a: Drampa|perish2\n|-start|p1a: Incineroar|perish2\n|-start|p2b: Alakazam|perish2\n|upkeep\n|turn|5\n|\n|t:|1776594281\n|switch|p1b: Scovillain|Scovillain, L50, M|100/100\n|move|p2a: Drampa|Earth Power|p1a: Incineroar\n|-supereffective|p1a: Incineroar|1\n|-damage|p1a: Incineroar|11/100\n|-enditem|p1a: Incineroar|Sitrus Berry|[eat]\n|-heal|p1a: Incineroar|36/100|[from] item: Sitrus Berry\n|move|p1a: Incineroar|Parting Shot|p2a: Drampa\n|-unboost|p2a: Drampa|atk|1\n|-unboost|p2a: Drampa|spa|1\n|\n|t:|1776594283\n|switch|p1a: Gengar|Gengar-Mega, L50, F|76/100|[from] Parting Shot\n|move|p2b: Alakazam|Psychic|p1b: Scovillain\n|-damage|p1b: Scovillain|41/100\n|\n|-start|p2a: Drampa|perish1\n|-start|p2b: Alakazam|perish1\n|-sideend|p2: Dextrou_|Reflect\n|-ability|p1b: Scovillain|Moody|boost\n|-boost|p1b: Scovillain|spd|2\n|-unboost|p1b: Scovillain|spa|1\n|upkeep\n|turn|6\n|\n|t:|1776594308\n|move|p1a: Gengar|Protect|p1a: Gengar\n|-singleturn|p1a: Gengar|Protect\n|move|p1b: Scovillain|Protect|p1b: Scovillain\n|-singleturn|p1b: Scovillain|Protect\n|move|p2a: Drampa|Hyper Voice|p1a: Gengar|[spread] \n|-activate|p1a: Gengar|move: Protect\n|-activate|p1b: Scovillain|move: Protect\n|move|p2b: Alakazam|Light Screen|p2b: Alakazam\n|-sidestart|p2: Dextrou_|move: Light Screen\n|\n|-start|p2a: Drampa|perish0\n|-start|p2b: Alakazam|perish0\n|faint|p2a: Drampa\n|faint|p2b: Alakazam\n|-ability|p1b: Scovillain|Moody|boost\n|-boost|p1b: Scovillain|spa|2\n|-unboost|p1b: Scovillain|spd|1\n|upkeep\n|\n|t:|1776594330\n|switch|p2b: Sinistcha|Sinistcha-Masterpiece, L50|100/100\n|switch|p2a: Basculegion|Basculegion, L50, M|100/100\n|turn|7\n|inactive|NYRR_VGC has 30 seconds left.\n|\n|t:|1776594356\n|move|p1b: Scovillain|Rage Powder|p1b: Scovillain\n|-singleturn|p1b: Scovillain|move: Rage Powder\n|move|p1a: Gengar|Perish Song|p1a: Gengar\n|-start|p1a: Gengar|perish3|[silent]\n|-start|p1b: Scovillain|perish3|[silent]\n|-start|p2a: Basculegion|perish3|[silent]\n|-start|p2b: Sinistcha|perish3|[silent]\n|-fieldactivate|move: Perish Song\n|move|p2a: Basculegion|Last Respects|p1b: Scovillain\n|-damage|p1b: Scovillain|0 fnt\n|faint|p1b: Scovillain\n|move|p2b: Sinistcha|Life Dew||[still]|[still]|[spread] \n|-fail|p2a: Basculegion|heal\n|-fail|p2b: Sinistcha|heal\n|\n|-start|p1a: Gengar|perish3\n|-start|p2a: Basculegion|perish3\n|-start|p2b: Sinistcha|perish3\n|upkeep\n|\n|t:|1776594358\n|switch|p1b: Incineroar|Incineroar, L50, M|36/100\n|-ability|p1b: Incineroar|Intimidate|boost\n|-unboost|p2a: Basculegion|atk|1\n|-unboost|p2b: Sinistcha|atk|1\n|turn|8\n|\n|t:|1776594381\n|move|p1a: Gengar|Protect|p1a: Gengar\n|-singleturn|p1a: Gengar|Protect\n|move|p2a: Basculegion|Last Respects|p1a: Gengar\n|-activate|p1a: Gengar|move: Protect\n|move|p1b: Incineroar|Parting Shot|p2a: Basculegion\n|-unboost|p2a: Basculegion|atk|1\n|-unboost|p2a: Basculegion|spa|1\n|move|p2b: Sinistcha|Matcha Gotcha|p1a: Gengar|[spread] p1b\n|-activate|p1a: Gengar|move: Protect\n|-resisted|p1b: Incineroar|1\n|-damage|p1b: Incineroar|23/100\n|\n|-start|p1a: Gengar|perish2\n|-start|p2a: Basculegion|perish2\n|-start|p2b: Sinistcha|perish2\n|upkeep\n|turn|9\n|\n|t:|1776594404\n|move|p2b: Sinistcha|Rage Powder|p2b: Sinistcha\n|-singleturn|p2b: Sinistcha|move: Rage Powder\n|move|p2a: Basculegion|Aqua Jet|p1b: Incineroar\n|-supereffective|p1b: Incineroar|1\n|-damage|p1b: Incineroar|0 fnt\n|faint|p1b: Incineroar\n|move|p1a: Gengar|Shadow Ball|p2b: Sinistcha\n|-supereffective|p2b: Sinistcha|1\n|-damage|p2b: Sinistcha|40/100\n|-enditem|p2b: Sinistcha|Sitrus Berry|[eat]\n|-heal|p2b: Sinistcha|65/100|[from] item: Sitrus Berry\n|\n|-start|p1a: Gengar|perish1\n|-start|p2a: Basculegion|perish1\n|-start|p2b: Sinistcha|perish1\n|upkeep\n|turn|10\n|-message|NYRR_VGC forfeited.\n|\n|win|Dextrou_\n|raw|NYRR_VGC's rating: 1074 &rarr; <strong>1058</strong><br />(-16 for losing)\n|raw|Dextrou_'s rating: 1167 &rarr; <strong>1185</strong><br />(+18 for winning)\n|l|\u2606NYRR_VGC\n|player|p1|\n",
  "uploadtime": 1776594465,
  "views": 21,
  "formatid": "gen9championsvgc2026regma",
  "rating": 1058,
  "private": 0,
  "password": null
}