{
  "id": "gen9championsvgc2026regma-2580675812",
  "format": "[Gen 9 Champions] VGC 2026 Reg M-A",
  "players": [
    "lolgz",
    "0KFranKO"
  ],
  "log": "|j|\u2606lolgz\n|j|\u26060KFranKO\n|t:|1775923386\n|gametype|doubles\n|player|p1|lolgz|265|1122\n|player|p2|0KFranKO|bruno|1095\n|gen|9\n|tier|[Gen 9 Champions] VGC 2026 Reg M-A\n|rated|\n|rule|Species Clause: Limit one of each Pok\u00e9mon\n|rule|Item Clause: Limit 1 of each item\n|clearpoke\n|poke|p1|Charizard, L50, F|\n|poke|p1|Whimsicott, L50, F|\n|poke|p1|Basculegion, L50, M|\n|poke|p1|Farigiraf, L50, M|\n|poke|p1|Sneasler, L50, F|\n|poke|p1|Floette-Eternal, L50, F|\n|poke|p2|Rampardos, L50, M|\n|poke|p2|Sinistcha, L50|\n|poke|p2|Clefable, L50, F|\n|poke|p2|Oranguru, L50, M|\n|poke|p2|Farigiraf, L50, F|\n|poke|p2|Conkeldurr, L50, M|\n|teampreview|4\n|\n|t:|1775923464\n|teamsize|p1|4\n|teamsize|p2|4\n|start\n|switch|p1a: Farigiraf|Farigiraf, L50, M|100/100\n|switch|p1b: Floette|Floette-Eternal, L50, F|100/100\n|switch|p2a: Oranguru|Oranguru, L50, M|100/100\n|switch|p2b: Conkeldurr|Conkeldurr, L50, M|100/100\n|turn|1\n|\n|t:|1775923505\n|detailschange|p1b: Floette|Floette-Mega, L50, F\n|-mega|p1b: Floette|Floette|Floettite\n|-ability|p1b: Floette|Fairy Aura\n|move|p1a: Farigiraf|Helping Hand|p1b: Floette\n|-singleturn|p1b: Floette|Helping Hand|[of] p1a: Farigiraf\n|move|p2b: Conkeldurr|Protect|p2b: Conkeldurr\n|-singleturn|p2b: Conkeldurr|Protect\n|move|p1b: Floette|Light of Ruin|p2a: Oranguru\n|-enditem|p2a: Oranguru|Focus Sash\n|-damage|p2a: Oranguru|1/100\n|-damage|p1b: Floette|35/100|[from] Recoil\n|move|p2a: Oranguru|Trick Room|p2a: Oranguru\n|-fieldstart|move: Trick Room|[of] p2a: Oranguru\n|\n|upkeep\n|turn|2\n|\n|t:|1775923525\n|move|p1b: Floette|Protect|p1b: Floette\n|-singleturn|p1b: Floette|Protect\n|move|p2b: Conkeldurr|Rock Slide|p1b: Floette|[spread] p1a\n|-activate|p1b: Floette|move: Protect\n|-damage|p1a: Farigiraf|77/100\n|move|p2a: Oranguru|Instruct|p2b: Conkeldurr\n|-singleturn|p2b: Conkeldurr|move: Instruct|[of] p2a: Oranguru\n|move|p2b: Conkeldurr|Rock Slide|p1b: Floette|[spread] \n|-activate|p1b: Floette|move: Protect\n|-miss|p2b: Conkeldurr|p1a: Farigiraf\n|cant|p1a: Farigiraf|flinch\n|\n|upkeep\n|turn|3\n|\n|t:|1775923540\n|switch|p1b: Sneasler|Sneasler, L50, F|100/100\n|move|p2b: Conkeldurr|Rock Slide|p1b: Sneasler|[spread] p1a,p1b\n|-resisted|p1b: Sneasler|1\n|-damage|p1a: Farigiraf|56/100\n|-damage|p1b: Sneasler|82/100\n|move|p2a: Oranguru|Instruct|p2b: Conkeldurr\n|-singleturn|p2b: Conkeldurr|move: Instruct|[of] p2a: Oranguru\n|move|p2b: Conkeldurr|Rock Slide|p1b: Sneasler|[spread] p1a,p1b\n|-resisted|p1b: Sneasler|1\n|-damage|p1a: Farigiraf|35/100\n|-damage|p1b: Sneasler|62/100\n|-enditem|p1a: Farigiraf|Sitrus Berry|[eat]\n|-heal|p1a: Farigiraf|60/100|[from] item: Sitrus Berry\n|cant|p1a: Farigiraf|flinch\n|\n|upkeep\n|turn|4\n|\n|t:|1775923564\n|move|p2a: Oranguru|Protect|p2a: Oranguru\n|-singleturn|p2a: Oranguru|Protect\n|move|p1b: Sneasler|Fake Out|p2b: Conkeldurr\n|-damage|p2b: Conkeldurr|86/100\n|cant|p2b: Conkeldurr|flinch\n|move|p1a: Farigiraf|Trick Room|p1a: Farigiraf\n|-fieldend|move: Trick Room\n|\n|-heal|p2b: Conkeldurr|92/100|[from] item: Leftovers\n|upkeep\n|turn|5\n|\n|t:|1775923585\n|move|p1b: Sneasler|Dire Claw|p2a: Oranguru\n|-damage|p2a: Oranguru|0 fnt\n|faint|p2a: Oranguru\n|move|p1a: Farigiraf|Psychic|p2b: Conkeldurr\n|-supereffective|p2b: Conkeldurr|1\n|-damage|p2b: Conkeldurr|1/100\n|move|p2b: Conkeldurr|High Horsepower|p1b: Sneasler\n|-supereffective|p1b: Sneasler|1\n|-damage|p1b: Sneasler|0 fnt\n|faint|p1b: Sneasler\n|\n|-heal|p2b: Conkeldurr|8/100|[from] item: Leftovers\n|upkeep\n|\n|t:|1775923602\n|switch|p1b: Floette|Floette-Mega, L50, F|35/100\n|switch|p2a: Clefable|Clefable, L50, F|100/100\n|-ability|p1b: Floette|Fairy Aura\n|turn|6\n|\n|t:|1775923613\n|detailschange|p2a: Clefable|Clefable-Mega, L50, F\n|-mega|p2a: Clefable|Clefable|Clefablite\n|move|p1a: Farigiraf|Helping Hand|p1b: Floette\n|-singleturn|p1b: Floette|Helping Hand|[of] p1a: Farigiraf\n|move|p2b: Conkeldurr|Protect|p2b: Conkeldurr\n|-singleturn|p2b: Conkeldurr|Protect\n|move|p1b: Floette|Dazzling Gleam|p2a: Clefable|[spread] p2a\n|-activate|p2b: Conkeldurr|move: Protect\n|-damage|p2a: Clefable|38/100\n|move|p2a: Clefable|Life Dew|p2a: Clefable|[spread] p2a,p2b\n|-heal|p2a: Clefable|63/100\n|-heal|p2b: Conkeldurr|33/100\n|\n|-heal|p2b: Conkeldurr|39/100|[from] item: Leftovers\n|upkeep\n|turn|7\n|\n|t:|1775923643\n|move|p1a: Farigiraf|Helping Hand|p1b: Floette\n|-singleturn|p1b: Floette|Helping Hand|[of] p1a: Farigiraf\n|move|p1b: Floette|Dazzling Gleam|p2b: Conkeldurr|[spread] p2a,p2b\n|-crit|p2a: Clefable\n|-supereffective|p2b: Conkeldurr|1\n|-damage|p2a: Clefable|0 fnt\n|-damage|p2b: Conkeldurr|0 fnt\n|faint|p2a: Clefable\n|faint|p2b: Conkeldurr\n|\n|upkeep\n|\n|t:|1775923653\n|switch|p2b: Rampardos|Rampardos, L50, M|100/100\n|turn|8\n|\n|t:|1775923661\n|move|p1a: Farigiraf|Helping Hand|p1b: Floette\n|-singleturn|p1b: Floette|Helping Hand|[of] p1a: Farigiraf\n|move|p1b: Floette|Moonblast|p2b: Rampardos\n|-damage|p2b: Rampardos|0 fnt\n|faint|p2b: Rampardos\n|\n|win|lolgz\n|raw|lolgz's rating: 1122 &rarr; <strong>1145</strong><br />(+23 for winning)\n|raw|0KFranKO's rating: 1095 &rarr; <strong>1073</strong><br />(-22 for losing)\n",
  "uploadtime": 1775923661,
  "views": 15,
  "formatid": "gen9championsvgc2026regma",
  "rating": 1073,
  "private": 0,
  "password": null
}