{
  "id": "gen9championsvgc2026regma-2588506306",
  "format": "[Gen 9 Champions] VGC 2026 Reg M-A",
  "players": [
    "aroswing",
    "BHPO"
  ],
  "log": "|j|\u2606aroswing\n|j|\u2606BHPO\n|t:|1776639756\n|gametype|doubles\n|player|p1|aroswing|marnie|1260\n|player|p2|BHPO|benga|1320\n|gen|9\n|tier|[Gen 9 Champions] VGC 2026 Reg M-A\n|rated|\n|rule|Species Clause: Limit one of each Pok\u00e9mon\n|rule|Item Clause: Limit 1 of each item\n|clearpoke\n|poke|p1|Rotom-Wash, L50, shiny|\n|poke|p1|Aerodactyl, L50, M|\n|poke|p1|Gardevoir, L50, F, shiny|\n|poke|p1|Garchomp, L50, F|\n|poke|p1|Gallade, L50, M|\n|poke|p1|Floette-Eternal, L50, F|\n|poke|p2|Pelipper, L50, M|\n|poke|p2|Archaludon, L50, F|\n|poke|p2|Basculegion, L50, M|\n|poke|p2|Sinistcha, L50|\n|poke|p2|Sneasler, L50, F|\n|poke|p2|Dragonite, L50, M|\n|teampreview|4\n|inactive|Battle timer is ON: inactive players will automatically lose when time's up. (requested by aroswing)\n|inactive|aroswing has 60 seconds left.\n|inactive|aroswing has 30 seconds left.\n|\n|t:|1776639824\n|teamsize|p1|4\n|teamsize|p2|4\n|start\n|switch|p1a: Garchomp|Garchomp, L50, F|100/100\n|switch|p1b: Gardevoir|Gardevoir, L50, F, shiny|100/100\n|switch|p2a: Pelipper|Pelipper, L50, M|100/100\n|switch|p2b: Archaludon|Archaludon, L50, F|100/100\n|-weather|RainDance|[from] ability: Drizzle|[of] p2a: Pelipper\n|turn|1\n|inactive|aroswing has 30 seconds left.\n|inactive|aroswing has 20 seconds left.\n|\n|t:|1776639862\n|move|p1b: Gardevoir|Icy Wind|p2b: Archaludon|[spread] p2a,p2b\n|-damage|p2a: Pelipper|79/100\n|-damage|p2b: Archaludon|83/100\n|-unboost|p2a: Pelipper|spe|1\n|-unboost|p2b: Archaludon|spe|1\n|-ability|p2b: Archaludon|Stamina|boost\n|-boost|p2b: Archaludon|def|1\n|move|p1a: Garchomp|Earthquake|p2a: Pelipper|[spread] p2b\n|-activate|p1b: Gardevoir|ability: Telepathy\n|-immune|p2a: Pelipper\n|-supereffective|p2b: Archaludon|1\n|-damage|p2b: Archaludon|42/100\n|-ability|p2b: Archaludon|Stamina|boost\n|-boost|p2b: Archaludon|def|1\n|move|p2b: Archaludon|Flash Cannon|p1b: Gardevoir\n|-supereffective|p1b: Gardevoir|1\n|-damage|p1b: Gardevoir|14/100\n|move|p2a: Pelipper|Tailwind|p2a: Pelipper\n|-sidestart|p2: BHPO|move: Tailwind\n|\n|-weather|RainDance|[upkeep]\n|upkeep\n|turn|2\n|inactive|aroswing has 30 seconds left.\n|inactive|BHPO has 30 seconds left.\n|inactive|aroswing has 20 seconds left.\n|\n|t:|1776639900\n|move|p1a: Garchomp|Protect|p1a: Garchomp\n|-singleturn|p1a: Garchomp|Protect\n|move|p1b: Gardevoir|Icy Wind|p2a: Pelipper|[spread] p2a,p2b\n|-damage|p2a: Pelipper|57/100\n|-damage|p2b: Archaludon|24/100\n|-unboost|p2a: Pelipper|spe|1\n|-unboost|p2b: Archaludon|spe|1\n|-ability|p2b: Archaludon|Stamina|boost\n|-boost|p2b: Archaludon|def|1\n|move|p2b: Archaludon|Dragon Pulse|p1a: Garchomp\n|-activate|p1a: Garchomp|move: Protect\n|move|p2a: Pelipper|Weather Ball|p1b: Gardevoir\n|-damage|p1b: Gardevoir|0 fnt\n|faint|p1b: Gardevoir\n|\n|-weather|RainDance|[upkeep]\n|upkeep\n|\n|t:|1776639919\n|switch|p1b: Floette|Floette-Eternal, L50, F|100/100\n|turn|3\n|\n|t:|1776639930\n|detailschange|p1b: Floette|Floette-Mega, L50, F\n|-mega|p1b: Floette|Floette|Floettite\n|-ability|p1b: Floette|Fairy Aura\n|move|p2a: Pelipper|Protect|p2a: Pelipper\n|-singleturn|p2a: Pelipper|Protect\n|move|p1a: Garchomp|Dragon Claw|p2a: Pelipper\n|-activate|p2a: Pelipper|move: Protect\n|move|p1b: Floette|Draining Kiss|p2b: Archaludon\n|-damage|p2b: Archaludon|0 fnt\n|faint|p2b: Archaludon\n|\n|-weather|RainDance|[upkeep]\n|upkeep\n|\n|t:|1776639944\n|switch|p2b: Sneasler|Sneasler, L50, F|100/100\n|turn|4\n|\n|t:|1776639957\n|move|p1b: Floette|Protect|p1b: Floette\n|-singleturn|p1b: Floette|Protect\n|move|p2b: Sneasler|Fake Out|p1a: Garchomp\n|-damage|p1a: Garchomp|87/100\n|-damage|p2b: Sneasler|88/100|[from] ability: Rough Skin|[of] p1a: Garchomp\n|cant|p1a: Garchomp|flinch\n|move|p2a: Pelipper|Tailwind||[still]\n|-fail|p2a: Pelipper\n|\n|-weather|RainDance|[upkeep]\n|-sideend|p2: BHPO|move: Tailwind\n|upkeep\n|turn|5\n|inactive|aroswing has 30 seconds left.\n|inactive|BHPO has 30 seconds left.\n|\n|t:|1776639990\n|switch|p1b: Rotom|Rotom-Wash, L50, shiny|100/100\n|move|p1a: Garchomp|Earthquake|p2a: Pelipper|[spread] p2b\n|-immune|p1b: Rotom|[from] ability: Levitate\n|-immune|p2a: Pelipper\n|-supereffective|p2b: Sneasler|1\n|-damage|p2b: Sneasler|0 fnt\n|faint|p2b: Sneasler\n|move|p2a: Pelipper|Weather Ball|p1a: Garchomp\n|-damage|p1a: Garchomp|17/100\n|\n|-weather|none\n|upkeep\n|\n|t:|1776640000\n|switch|p2b: Basculegion|Basculegion, L50, M|100/100\n|turn|6\n|\n|t:|1776640015\n|move|p1a: Garchomp|Earthquake|p2a: Pelipper|[spread] p2b\n|-immune|p1b: Rotom|[from] ability: Levitate\n|-immune|p2a: Pelipper\n|-damage|p2b: Basculegion|51/100\n|move|p2b: Basculegion|Last Respects|p1b: Rotom\n|-damage|p1b: Rotom|23/100\n|-enditem|p1b: Rotom|Sitrus Berry|[eat]\n|-heal|p1b: Rotom|48/100|[from] item: Sitrus Berry\n|move|p1b: Rotom|Thunderbolt|p2b: Basculegion\n|-supereffective|p2b: Basculegion|1\n|-damage|p2b: Basculegion|0 fnt\n|faint|p2b: Basculegion\n|move|p2a: Pelipper|Weather Ball|p1a: Garchomp\n|-damage|p1a: Garchomp|3/100\n|\n|upkeep\n|turn|7\n|-message|BHPO forfeited.\n|\n|win|aroswing\n|raw|aroswing's rating: 1260 &rarr; <strong>1289</strong><br />(+29 for winning)\n|raw|BHPO's rating: 1320 &rarr; <strong>1297</strong><br />(-23 for losing)\n|l|\u2606BHPO\n|player|p2|\n",
  "uploadtime": 1776640034,
  "views": 10,
  "formatid": "gen9championsvgc2026regma",
  "rating": 1289,
  "private": 0,
  "password": null
}