{
  "id": "gen9championsvgc2026regma-2585624351",
  "format": "[Gen 9 Champions] VGC 2026 Reg M-A",
  "players": [
    "Ace_Remnant",
    "Arachnocomm1"
  ],
  "log": "|j|\u2606Ace_Remnant\n|j|\u2606Arachnocomm1\n|t:|1776359616\n|gametype|doubles\n|player|p1|Ace_Remnant|n|1009\n|player|p2|Arachnocomm1|gambler|1051\n|gen|9\n|tier|[Gen 9 Champions] VGC 2026 Reg M-A\n|rated|\n|rule|Species Clause: Limit one of each Pok\u00e9mon\n|rule|Item Clause: Limit 1 of each item\n|clearpoke\n|poke|p1|Sinistcha, L50|\n|poke|p1|Milotic, L50, F|\n|poke|p1|Kingambit, L50, M|\n|poke|p1|Aegislash, L50, F|\n|poke|p1|Chandelure, L50, M|\n|poke|p1|Florges-Blue, L50, F|\n|poke|p2|Charizard, L50, M|\n|poke|p2|Venusaur, L50, M|\n|poke|p2|Incineroar, L50, M|\n|poke|p2|Kingambit, L50, F|\n|poke|p2|Whimsicott, L50, M|\n|poke|p2|Milotic, L50, F|\n|teampreview|4\n|inactive|Battle timer is ON: inactive players will automatically lose when time's up. (requested by Ace_Remnant)\n|inactive|Ace_Remnant has 60 seconds left.\n|\n|t:|1776359653\n|teamsize|p1|4\n|teamsize|p2|4\n|start\n|switch|p1a: Milotic|Milotic, L50, F|100/100\n|switch|p1b: Kingambit|Kingambit, L50, M|100/100\n|switch|p2a: Charizard|Charizard, L50, M, shiny|100/100\n|switch|p2b: Whimsicott|Whimsicott, L50, M, shiny|100/100\n|turn|1\n|inactive|Ace_Remnant has 30 seconds left.\n|\n|t:|1776359680\n|switch|p1b: Chandelure|Chandelure, L50, M, shiny|100/100\n|detailschange|p2a: Charizard|Charizard-Mega-Y, L50, M, shiny\n|-mega|p2a: Charizard|Charizard|Charizardite Y\n|-weather|SunnyDay|[from] ability: Drought|[of] p2a: Charizard\n|move|p2b: Whimsicott|Tailwind|p2b: Whimsicott\n|-sidestart|p2: Arachnocomm1|move: Tailwind\n|move|p2a: Charizard|Heat Wave|p1b: Chandelure|[spread] p1a\n|-start|p1b: Chandelure|ability: Flash Fire\n|-resisted|p1a: Milotic|1\n|-damage|p1a: Milotic|70/100\n|move|p1a: Milotic|Scald|p2a: Charizard\n|-supereffective|p2a: Charizard|1\n|-damage|p2a: Charizard|54/100\n|\n|-weather|SunnyDay|[upkeep]\n|upkeep\n|turn|2\n|inactive|Ace_Remnant has 30 seconds left.\n|inactive|Arachnocomm1 has 30 seconds left.\n|\n|t:|1776359709\n|switch|p2a: Venusaur|Venusaur, L50, M, shiny|100/100\n|move|p1b: Chandelure|Protect|p1b: Chandelure\n|-singleturn|p1b: Chandelure|Protect\n|move|p2b: Whimsicott|Encore|p1a: Milotic\n|-start|p1a: Milotic|Encore\n|move|p1a: Milotic|Scald|p2b: Whimsicott\n|-resisted|p2b: Whimsicott|1\n|-damage|p2b: Whimsicott|84/100\n|-status|p2b: Whimsicott|brn\n|\n|-weather|SunnyDay|[upkeep]\n|-damage|p2b: Whimsicott|78/100 brn|[from] brn\n|upkeep\n|turn|3\n|inactive|Ace_Remnant has 30 seconds left.\n|\n|t:|1776359738\n|switch|p1a: Sinistcha|Sinistcha, L50|100/100\n|detailschange|p1b: Chandelure|Chandelure-Mega, L50, M, shiny\n|-mega|p1b: Chandelure|Chandelure|Chandelurite\n|-end|p1b: Chandelure|ability: Flash Fire|[silent]\n|move|p2b: Whimsicott|Encore|p1b: Chandelure\n|-start|p1b: Chandelure|Encore\n|move|p1b: Chandelure|Protect|p1b: Chandelure\n|-singleturn|p1b: Chandelure|Protect\n|move|p2a: Venusaur|Solar Beam||[still]\n|-prepare|p2a: Venusaur|Solar Beam\n|-anim|p2a: Venusaur|Solar Beam|p1a: Sinistcha\n|-resisted|p1a: Sinistcha|1\n|-damage|p1a: Sinistcha|62/100\n|\n|-weather|SunnyDay|[upkeep]\n|-damage|p2b: Whimsicott|72/100 brn|[from] brn\n|upkeep\n|turn|4\n|inactive|Ace_Remnant has 30 seconds left.\n|inactive|Arachnocomm1 has 30 seconds left.\n|inactive|Ace_Remnant has 20 seconds left.\n|\n|t:|1776359775\n|switch|p2b: Incineroar|Incineroar, L50, M, shiny|100/100\n|-ability|p2b: Incineroar|Intimidate|boost\n|-unboost|p1a: Sinistcha|atk|1\n|-unboost|p1b: Chandelure|atk|1\n|switch|p1b: Kingambit|Kingambit, L50, M|100/100\n|move|p1a: Sinistcha|Protect|p1a: Sinistcha\n|-singleturn|p1a: Sinistcha|Protect\n|move|p2a: Venusaur|Earth Power|p1b: Kingambit\n|-supereffective|p1b: Kingambit|1\n|-damage|p1b: Kingambit|49/100\n|\n|-weather|SunnyDay|[upkeep]\n|-sideend|p2: Arachnocomm1|move: Tailwind\n|upkeep\n|turn|5\n|inactive|Ace_Remnant has 30 seconds left.\n|inactive|Ace_Remnant has 20 seconds left.\n|\n|t:|1776359811\n|switch|p1b: Milotic|Milotic, L50, F|70/100\n|move|p2a: Venusaur|Earth Power|p1b: Milotic\n|-damage|p1b: Milotic|47/100\n|move|p1a: Sinistcha|Life Dew|p1a: Sinistcha|[spread] p1a,p1b\n|-heal|p1a: Sinistcha|87/100\n|-heal|p1b: Milotic|72/100\n|move|p2b: Incineroar|Flare Blitz|p1a: Sinistcha\n|-supereffective|p1a: Sinistcha|1\n|-damage|p1a: Sinistcha|0 fnt\n|faint|p1a: Sinistcha\n|-damage|p2b: Incineroar|80/100|[from] Recoil\n|\n|-weather|none\n|upkeep\n|\n|t:|1776359829\n|switch|p1a: Chandelure|Chandelure-Mega, L50, M, shiny|100/100\n|turn|6\n|\n|t:|1776359841\n|switch|p1b: Kingambit|Kingambit, L50, M|49/100\n|switch|p2b: Charizard|Charizard-Mega-Y, L50, M, shiny|54/100\n|-weather|SunnyDay|[from] ability: Drought|[of] p2b: Charizard\n|move|p2a: Venusaur|Earth Power|p1a: Chandelure\n|-supereffective|p1a: Chandelure|1\n|-damage|p1a: Chandelure|28/100\n|move|p1a: Chandelure|Heat Wave|p2a: Venusaur|[spread] p2a,p2b\n|-supereffective|p2a: Venusaur|1\n|-resisted|p2b: Charizard|1\n|-damage|p2a: Venusaur|0 fnt\n|-damage|p2b: Charizard|14/100\n|faint|p2a: Venusaur\n|\n|-weather|SunnyDay|[upkeep]\n|upkeep\n|\n|t:|1776359858\n|switch|p2a: Incineroar|Incineroar, L50, M, shiny|80/100\n|-ability|p2a: Incineroar|Intimidate|boost\n|-unboost|p1a: Chandelure|atk|1\n|-unboost|p1b: Kingambit|atk|1\n|-ability|p1b: Kingambit|Defiant|boost\n|-boost|p1b: Kingambit|atk|2\n|turn|7\n|\n|t:|1776359867\n|move|p1a: Chandelure|Protect|p1a: Chandelure\n|-singleturn|p1a: Chandelure|Protect\n|move|p2a: Incineroar|Fake Out|p1b: Kingambit\n|-resisted|p1b: Kingambit|1\n|-damage|p1b: Kingambit|42/100\n|cant|p1b: Kingambit|flinch\n|move|p2b: Charizard|Heat Wave|p1a: Chandelure|[spread] p1b\n|-activate|p1a: Chandelure|move: Protect\n|-supereffective|p1b: Kingambit|1\n|-damage|p1b: Kingambit|0 fnt\n|faint|p1b: Kingambit\n|\n|-weather|SunnyDay|[upkeep]\n|upkeep\n|\n|t:|1776359881\n|switch|p1b: Milotic|Milotic, L50, F|72/100\n|turn|8\n|\n|t:|1776359889\n|move|p2a: Incineroar|Helping Hand|p2b: Charizard\n|-singleturn|p2b: Charizard|Helping Hand|[of] p2a: Incineroar\n|move|p1a: Chandelure|Protect||[still]\n|-fail|p1a: Chandelure\n|move|p2b: Charizard|Heat Wave|p1b: Milotic|[spread] p1a,p1b\n|-resisted|p1a: Chandelure|1\n|-resisted|p1b: Milotic|1\n|-damage|p1a: Chandelure|0 fnt\n|-damage|p1b: Milotic|26/100\n|faint|p1a: Chandelure\n|move|p1b: Milotic|Life Dew|p1b: Milotic\n|-heal|p1b: Milotic|51/100\n|\n|-weather|SunnyDay|[upkeep]\n|upkeep\n|turn|9\n|\n|t:|1776359910\n|move|p2b: Charizard|Scorching Sands|p1b: Milotic\n|-damage|p1b: Milotic|23/100\n|-status|p1b: Milotic|brn\n|move|p1b: Milotic|Life Dew|p1b: Milotic\n|-heal|p1b: Milotic|49/100 brn\n|move|p2a: Incineroar|Parting Shot|p1b: Milotic\n|-unboost|p1b: Milotic|atk|1\n|-ability|p1b: Milotic|Competitive|boost\n|-boost|p1b: Milotic|spa|2\n|-unboost|p1b: Milotic|spa|1\n|-ability|p1b: Milotic|Competitive|boost\n|-boost|p1b: Milotic|spa|2\n|\n|t:|1776359923\n|switch|p2a: Whimsicott|Whimsicott, L50, M, shiny|72/100 brn|[from] Parting Shot\n|\n|-weather|SunnyDay|[upkeep]\n|-damage|p2a: Whimsicott|66/100 brn|[from] brn\n|-damage|p1b: Milotic|43/100 brn|[from] brn\n|upkeep\n|turn|10\n|\n|t:|1776359937\n|move|p2a: Whimsicott|Taunt|p1b: Milotic\n|-start|p1b: Milotic|move: Taunt\n|move|p2b: Charizard|Scorching Sands|p1b: Milotic\n|-damage|p1b: Milotic|14/100 brn\n|move|p1b: Milotic|Scald|p2b: Charizard\n|-supereffective|p2b: Charizard|1\n|-damage|p2b: Charizard|0 fnt\n|faint|p2b: Charizard\n|\n|-weather|none\n|-damage|p2a: Whimsicott|60/100 brn|[from] brn\n|-damage|p1b: Milotic|8/100 brn|[from] brn\n|upkeep\n|\n|t:|1776359953\n|switch|p2b: Incineroar|Incineroar, L50, M, shiny|80/100\n|-ability|p2b: Incineroar|Intimidate|boost\n|-unboost|p1b: Milotic|atk|1\n|-ability|p1b: Milotic|Competitive|boost\n|-boost|p1b: Milotic|spa|2\n|turn|11\n|\n|t:|1776359962\n|move|p2b: Incineroar|Fake Out|p1b: Milotic\n|-damage|p1b: Milotic|0 fnt\n|faint|p1b: Milotic\n|\n|win|Arachnocomm1\n|raw|Ace_Remnant's rating: 1009 &rarr; <strong>1000</strong><br />(-9 for losing)\n|raw|Arachnocomm1's rating: 1051 &rarr; <strong>1079</strong><br />(+28 for winning)\n|l|\u2606Ace_Remnant\n|player|p1|\n",
  "uploadtime": 1776359972,
  "views": 26,
  "formatid": "gen9championsvgc2026regma",
  "rating": 1000,
  "private": 0,
  "password": null
}