{
  "id": "gen9championsvgc2026regma-2586868347",
  "format": "[Gen 9 Champions] VGC 2026 Reg M-A",
  "players": [
    "pictochatvgc",
    "yosho2.0"
  ],
  "log": "|j|\u2606pictochatvgc\n|j|\u2606yosho2.0\n|t:|1776466861\n|gametype|doubles\n|player|p1|pictochatvgc|skier|1185\n|player|p2|yosho2.0|dawn|1156\n|gen|9\n|tier|[Gen 9 Champions] VGC 2026 Reg M-A\n|rated|\n|rule|Species Clause: Limit one of each Pok\u00e9mon\n|rule|Item Clause: Limit 1 of each item\n|clearpoke\n|poke|p1|Alakazam, L50, F|\n|poke|p1|Meowstic, L50, M|\n|poke|p1|Flapple, L50, F|\n|poke|p1|Slowking-Galar, L50, F|\n|poke|p1|Drampa, L50, F|\n|poke|p1|Aerodactyl, L50, M|\n|poke|p2|Tyranitar, L50, F|\n|poke|p2|Garchomp, L50, M|\n|poke|p2|Aggron, L50, F|\n|poke|p2|Primarina, L50, M|\n|poke|p2|Sneasler, L50, M|\n|poke|p2|Arcanine, L50, F|\n|teampreview|4\n|inactive|Battle timer is ON: inactive players will automatically lose when time's up. (requested by yosho2.0)\n|\n|t:|1776466924\n|teamsize|p1|4\n|teamsize|p2|4\n|start\n|switch|p1a: Meowstic|Meowstic, L50, M|100/100\n|switch|p1b: Alakazam|Alakazam, L50, F|100/100\n|switch|p2a: Tyranitar|Tyranitar, L50, F|100/100\n|switch|p2b: Aggron|Aggron, L50, F|100/100\n|-weather|Sandstorm|[from] ability: Sand Stream|[of] p2a: Tyranitar\n|turn|1\n|\n|t:|1776466948\n|detailschange|p1b: Alakazam|Alakazam-Mega, L50, F\n|-mega|p1b: Alakazam|Alakazam|Alakazite\n|-ability|p1b: Alakazam|Sand Stream|Trace|[from] ability: Trace|[of] p2a: Tyranitar\n|detailschange|p2b: Aggron|Aggron-Mega, L50, F\n|-mega|p2b: Aggron|Aggron|Aggronite\n|move|p1a: Meowstic|Gravity|p1a: Meowstic\n|-fieldstart|move: Gravity\n|move|p1b: Alakazam|Focus Blast|p2a: Tyranitar\n|-supereffective|p2a: Tyranitar|2\n|-damage|p2a: Tyranitar|0 fnt\n|faint|p2a: Tyranitar\n|move|p2b: Aggron|Iron Defense|p2b: Aggron\n|-boost|p2b: Aggron|def|2\n|\n|-weather|Sandstorm|[upkeep]\n|-damage|p1b: Alakazam|94/100|[from] Sandstorm\n|-damage|p1a: Meowstic|94/100|[from] Sandstorm\n|upkeep\n|\n|t:|1776466971\n|switch|p2a: Primarina|Primarina, L50, M|100/100\n|turn|2\n|\n|t:|1776466986\n|move|p1b: Alakazam|Protect|p1b: Alakazam\n|-singleturn|p1b: Alakazam|Protect\n|move|p1a: Meowstic|Psychic Terrain|p1a: Meowstic\n|-fieldstart|move: Psychic Terrain\n|move|p2a: Primarina|Icy Wind|p1b: Alakazam|[spread] p1a\n|-activate|p1b: Alakazam|move: Protect\n|-damage|p1a: Meowstic|80/100\n|-unboost|p1a: Meowstic|spe|1\n|move|p2b: Aggron|Heavy Slam|p1b: Alakazam\n|-activate|p1b: Alakazam|move: Protect\n|\n|-weather|Sandstorm|[upkeep]\n|-damage|p1b: Alakazam|88/100|[from] Sandstorm\n|-damage|p2a: Primarina|95/100|[from] Sandstorm\n|-damage|p1a: Meowstic|74/100|[from] Sandstorm\n|-heal|p2a: Primarina|100/100|[from] item: Leftovers\n|upkeep\n|turn|3\n|\n|t:|1776467008\n|move|p1b: Alakazam|Focus Blast|p2b: Aggron\n|-supereffective|p2b: Aggron|1\n|-damage|p2b: Aggron|29/100\n|move|p2a: Primarina|Hyper Voice|p1a: Meowstic|[spread] p1a,p1b\n|-damage|p1a: Meowstic|34/100\n|-damage|p1b: Alakazam|45/100\n|move|p1a: Meowstic|Expanding Force|p2b: Aggron|[spread] p2a,p2b\n|-resisted|p2b: Aggron|1\n|-damage|p2a: Primarina|71/100\n|-damage|p2b: Aggron|15/100\n|move|p2b: Aggron|Heavy Slam|p1b: Alakazam\n|-damage|p1b: Alakazam|0 fnt\n|faint|p1b: Alakazam\n|\n|-weather|Sandstorm|[upkeep]\n|-damage|p2a: Primarina|65/100|[from] Sandstorm\n|-damage|p1a: Meowstic|28/100|[from] Sandstorm\n|-heal|p2a: Primarina|71/100|[from] item: Leftovers\n|upkeep\n|\n|t:|1776467024\n|switch|p1b: Flapple|Flapple, L50, F|100/100\n|turn|4\n|\n|t:|1776467029\n|move|p2b: Aggron|Protect|p2b: Aggron\n|-singleturn|p2b: Aggron|Protect\n|move|p1b: Flapple|Grav Apple|p2a: Primarina\n|-supereffective|p2a: Primarina|1\n|-damage|p2a: Primarina|0 fnt\n|faint|p2a: Primarina\n|move|p1a: Meowstic|Expanding Force|p2b: Aggron\n|-activate|p2b: Aggron|move: Protect\n|\n|-weather|Sandstorm|[upkeep]\n|-damage|p1b: Flapple|94/100|[from] Sandstorm\n|-damage|p1a: Meowstic|21/100|[from] Sandstorm\n|upkeep\n|\n|t:|1776467039\n|switch|p2a: Garchomp|Garchomp, L50, M|100/100\n|turn|5\n|\n|t:|1776467050\n|move|p2a: Garchomp|Dragon Claw|p1b: Flapple\n|-supereffective|p1b: Flapple|1\n|-damage|p1b: Flapple|0 fnt\n|faint|p1b: Flapple\n|move|p1a: Meowstic|Expanding Force|p2a: Garchomp|[spread] p2a,p2b\n|-resisted|p2b: Aggron|1\n|-damage|p2a: Garchomp|63/100\n|-damage|p2b: Aggron|0 fnt\n|faint|p2b: Aggron\n|\n|-weather|none\n|-fieldend|move: Gravity\n|upkeep\n|\n|t:|1776467058\n|switch|p1b: Aerodactyl|Aerodactyl, L50, M|100/100\n|-ability|p1b: Aerodactyl|Unnerve\n|turn|6\n|\n|t:|1776467074\n|move|p2a: Garchomp|Dragon Claw|p1b: Aerodactyl\n|-damage|p1b: Aerodactyl|32/100\n|move|p1b: Aerodactyl|Tailwind|p1b: Aerodactyl\n|-sidestart|p1: pictochatvgc|move: Tailwind\n|move|p1a: Meowstic|Expanding Force|p2a: Garchomp\n|-damage|p2a: Garchomp|9/100\n|\n|-fieldend|move: Psychic Terrain\n|upkeep\n|turn|7\n|\n|t:|1776467079\n|move|p1b: Aerodactyl|Rock Slide|p2a: Garchomp\n|-resisted|p2a: Garchomp|1\n|-damage|p2a: Garchomp|0 fnt\n|faint|p2a: Garchomp\n|\n|win|pictochatvgc\n|raw|pictochatvgc's rating: 1185 &rarr; <strong>1208</strong><br />(+23 for winning)\n|raw|yosho2.0's rating: 1156 &rarr; <strong>1133</strong><br />(-23 for losing)\n|c|\u2606yosho2.0|Gg\n|c|\u2606pictochatvgc|Gg\n",
  "uploadtime": 1776467102,
  "views": 49,
  "formatid": "gen9championsvgc2026regma",
  "rating": 1133,
  "private": 0,
  "password": null
}