{
  "id": "gen9championsvgc2026regma-2588591212",
  "format": "[Gen 9 Champions] VGC 2026 Reg M-A",
  "players": [
    "25th_mang",
    "ElectroAR"
  ],
  "log": "|j|\u260625th_mang\n|j|\u2606ElectroAR\n|t:|1776648042\n|gametype|doubles\n|player|p1|25th_mang|ballguy|1261\n|player|p2|ElectroAR|ruinmaniac|1354\n|gen|9\n|tier|[Gen 9 Champions] VGC 2026 Reg M-A\n|rated|\n|rule|Species Clause: Limit one of each Pok\u00e9mon\n|rule|Item Clause: Limit 1 of each item\n|clearpoke\n|poke|p1|Crabominable, L50, F|\n|poke|p1|Farigiraf, L50, M|\n|poke|p1|Incineroar, L50, F|\n|poke|p1|Archaludon, L50, F|\n|poke|p1|Pelipper, L50, M|\n|poke|p1|Sinistcha, L50|\n|poke|p2|Ninetales-Alola, L50, M|\n|poke|p2|Kommo-o, L50, F|\n|poke|p2|Gengar, L50, F|\n|poke|p2|Incineroar, L50, F|\n|poke|p2|Kleavor, L50, M|\n|poke|p2|Scizor, L50, F|\n|teampreview|4\n|inactive|Battle timer is ON: inactive players will automatically lose when time's up. (requested by ElectroAR)\n|inactive|25th_mang also wants the timer to be on.\n|\n|t:|1776648063\n|teamsize|p1|4\n|teamsize|p2|4\n|start\n|switch|p1a: Flip|Farigiraf, L50, M|100/100\n|switch|p1b: Roar|Incineroar, L50, F|100/100\n|switch|p2a: Gengar|Gengar, L50, F|100/100\n|switch|p2b: Kommo-o|Kommo-o, L50, F|100/100\n|-ability|p1b: Roar|Intimidate|boost\n|-unboost|p2a: Gengar|atk|1\n|-unboost|p2b: Kommo-o|atk|1\n|turn|1\n|\n|t:|1776648087\n|detailschange|p2a: Gengar|Gengar-Mega, L50, F\n|-mega|p2a: Gengar|Gengar|Gengarite\n|move|p1b: Roar|Fake Out|p2b: Kommo-o\n|-damage|p2b: Kommo-o|88/100\n|move|p2a: Gengar|Perish Song|p2a: Gengar\n|-start|p1a: Flip|perish3|[silent]\n|-start|p1b: Roar|perish3|[silent]\n|-start|p2a: Gengar|perish3|[silent]\n|-immune|p2b: Kommo-o|[from] ability: Soundproof\n|-fieldactivate|move: Perish Song\n|cant|p2b: Kommo-o|flinch\n|move|p1a: Flip|Trick Room|p1a: Flip\n|-fieldstart|move: Trick Room|[of] p1a: Flip\n|\n|-start|p1a: Flip|perish3\n|-start|p1b: Roar|perish3\n|-start|p2a: Gengar|perish3\n|upkeep\n|turn|2\n|inactive|ElectroAR has 30 seconds left.\n|\n|t:|1776648122\n|move|p2a: Gengar|Protect|p2a: Gengar\n|-singleturn|p2a: Gengar|Protect\n|move|p1a: Flip|Psychic|p2b: Kommo-o\n|-supereffective|p2b: Kommo-o|1\n|-damage|p2b: Kommo-o|19/100\n|-enditem|p2b: Kommo-o|Sitrus Berry|[eat]\n|-heal|p2b: Kommo-o|44/100|[from] item: Sitrus Berry\n|move|p1b: Roar|Assurance|p2b: Kommo-o\n|-resisted|p2b: Kommo-o|1\n|-damage|p2b: Kommo-o|15/100\n|move|p2b: Kommo-o|Aura Sphere|p1b: Roar\n|-supereffective|p1b: Roar|1\n|-damage|p1b: Roar|36/100\n|\n|-start|p1a: Flip|perish2\n|-start|p1b: Roar|perish2\n|-start|p2a: Gengar|perish2\n|upkeep\n|turn|3\n|inactive|ElectroAR has 30 seconds left.\n|\n|t:|1776648156\n|switch|p2a: Incineroar|Incineroar, L50, F|100/100\n|-ability|p2a: Incineroar|Intimidate|boost\n|-unboost|p1a: Flip|atk|1\n|-unboost|p1b: Roar|atk|1\n|move|p1a: Flip|Psychic|p2a: Incineroar\n|-immune|p2a: Incineroar\n|move|p1b: Roar|Assurance|p2a: Incineroar\n|-resisted|p2a: Incineroar|1\n|-damage|p2a: Incineroar|90/100\n|move|p2b: Kommo-o|Aura Sphere|p1b: Roar\n|-supereffective|p1b: Roar|1\n|-damage|p1b: Roar|0 fnt\n|faint|p1b: Roar\n|\n|-start|p1a: Flip|perish1\n|upkeep\n|\n|t:|1776648167\n|switch|p1b: Stup!b|Pelipper, L50, M|100/100\n|-weather|RainDance|[from] ability: Drizzle|[of] p1b: Stup!b\n|turn|4\n|\n|t:|1776648179\n|switch|p1a: Hockey Reference|Crabominable, L50, F|100/100\n|switch|p2b: Ninetales|Ninetales-Alola, L50, M|100/100\n|-weather|Snowscape|[from] ability: Snow Warning|[of] p2b: Ninetales\n|move|p2a: Incineroar|Fake Out|p1b: Stup!b\n|-damage|p1b: Stup!b|89/100\n|cant|p1b: Stup!b|flinch\n|\n|-weather|Snowscape|[upkeep]\n|upkeep\n|turn|5\n|inactive|25th_mang has 30 seconds left.\n|inactive|ElectroAR has 30 seconds left.\n|inactive|25th_mang has 20 seconds left.\n|inactive|25th_mang has 15 seconds left.\n|\n|t:|1776648223\n|switch|p2a: Kommo-o|Kommo-o, L50, F|15/100\n|detailschange|p1a: Hockey Reference|Crabominable-Mega, L50, F\n|-mega|p1a: Hockey Reference|Crabominable|Crabominite\n|move|p1a: Hockey Reference|Drain Punch|p2a: Kommo-o\n|-damage|p2a: Kommo-o|0 fnt\n|faint|p2a: Kommo-o\n|move|p1b: Stup!b|Hurricane|p2b: Ninetales\n|-damage|p2b: Ninetales|38/100\n|move|p2b: Ninetales|Encore|p1b: Stup!b\n|-start|p1b: Stup!b|Encore\n|\n|-weather|Snowscape|[upkeep]\n|-fieldend|move: Trick Room\n|upkeep\n|\n|t:|1776648236\n|switch|p2a: Incineroar|Incineroar, L50, F|90/100\n|-ability|p2a: Incineroar|Intimidate|boost\n|-unboost|p1a: Hockey Reference|atk|1\n|-unboost|p1b: Stup!b|atk|1\n|turn|6\n|\n|t:|1776648245\n|switch|p1a: Flip|Farigiraf, L50, M|100/100\n|move|p2b: Ninetales|Aurora Veil|p2b: Ninetales\n|-sidestart|p2: ElectroAR|move: Aurora Veil\n|move|p1b: Stup!b|Hurricane|p2b: Ninetales\n|-damage|p2b: Ninetales|0 fnt\n|faint|p2b: Ninetales\n|move|p2a: Incineroar|Flare Blitz|p1a: Flip\n|-damage|p1a: Flip|58/100\n|-damage|p2a: Incineroar|75/100|[from] Recoil\n|\n|-weather|Snowscape|[upkeep]\n|upkeep\n|\n|t:|1776648247\n|switch|p2b: Gengar|Gengar-Mega, L50, F|100/100\n|turn|7\n|inactive|25th_mang has 30 seconds left.\n|inactive|25th_mang has 20 seconds left.\n|\n|t:|1776648285\n|move|p2b: Gengar|Shadow Ball|p1b: Stup!b\n|-damage|p1b: Stup!b|21/100\n|move|p1b: Stup!b|Hurricane|p2a: Incineroar|[miss]\n|-miss|p1b: Stup!b|p2a: Incineroar\n|move|p2a: Incineroar|Flare Blitz|p1a: Flip\n|-damage|p1a: Flip|16/100\n|-damage|p2a: Incineroar|59/100|[from] Recoil\n|move|p1a: Flip|Trick Room|p1a: Flip\n|-fieldstart|move: Trick Room|[of] p1a: Flip\n|\n|-weather|Snowscape|[upkeep]\n|upkeep\n|turn|8\n|\n|t:|1776648304\n|move|p2a: Incineroar|Protect|p2a: Incineroar\n|-singleturn|p2a: Incineroar|Protect\n|move|p2b: Gengar|Protect|p2b: Gengar\n|-singleturn|p2b: Gengar|Protect\n|move|p1a: Flip|Psychic|p2b: Gengar\n|-activate|p2b: Gengar|move: Protect\n|move|p1b: Stup!b|Hurricane|p2b: Gengar\n|-activate|p2b: Gengar|move: Protect\n|\n|-weather|none\n|-end|p1b: Stup!b|Encore\n|upkeep\n|turn|9\n|\n|t:|1776648319\n|move|p1a: Flip|Psychic|p2b: Gengar\n|-supereffective|p2b: Gengar|1\n|-damage|p2b: Gengar|36/100\n|move|p2a: Incineroar|Flare Blitz|p1a: Flip\n|-crit|p1a: Flip\n|-damage|p1a: Flip|0 fnt\n|faint|p1a: Flip\n|-damage|p2a: Incineroar|53/100|[from] Recoil\n|move|p1b: Stup!b|Hurricane|p2b: Gengar\n|-damage|p2b: Gengar|0 fnt\n|faint|p2b: Gengar\n|\n|upkeep\n|\n|t:|1776648325\n|switch|p1a: Hockey Reference|Crabominable-Mega, L50, F|100/100\n|turn|10\n|\n|t:|1776648333\n|move|p1a: Hockey Reference|Drain Punch|p2a: Incineroar\n|-supereffective|p2a: Incineroar|1\n|-enditem|p2a: Incineroar|Chople Berry|[eat]\n|-enditem|p2a: Incineroar|Chople Berry|[weaken]\n|-damage|p2a: Incineroar|21/100\n|move|p2a: Incineroar|Flare Blitz|p1a: Hockey Reference\n|-supereffective|p1a: Hockey Reference|1\n|-damage|p1a: Hockey Reference|27/100\n|-status|p1a: Hockey Reference|brn\n|-damage|p2a: Incineroar|0 fnt|[from] Recoil\n|faint|p2a: Incineroar\n|\n|win|25th_mang\n|raw|25th_mang's rating: 1261 &rarr; <strong>1293</strong><br />(+32 for winning)\n|raw|ElectroAR's rating: 1354 &rarr; <strong>1329</strong><br />(-25 for losing)\n|l|\u2606ElectroAR\n|player|p2|\n",
  "uploadtime": 1776648342,
  "views": 11,
  "formatid": "gen9championsvgc2026regma",
  "rating": 1293,
  "private": 0,
  "password": null
}