{
  "id": "gen9championsvgc2026regma-2583377999",
  "format": "[Gen 9 Champions] VGC 2026 Reg M-A",
  "players": [
    "NotAPerishTrapTeam",
    "RainCalc"
  ],
  "log": "|j|\u2606NotAPerishTrapTeam\n|j|\u2606RainCalc\n|t:|1776171427\n|gametype|doubles\n|player|p1|NotAPerishTrapTeam|1|1082\n|player|p2|RainCalc|volkner|1179\n|gen|9\n|tier|[Gen 9 Champions] VGC 2026 Reg M-A\n|rated|\n|rule|Species Clause: Limit one of each Pok\u00e9mon\n|rule|Item Clause: Limit 1 of each item\n|clearpoke\n|poke|p1|Pelipper, L50, F|\n|poke|p1|Archaludon, L50, M|\n|poke|p1|Sinistcha, L50|\n|poke|p1|Incineroar, L50, M|\n|poke|p1|Basculegion, L50, M|\n|poke|p1|Sneasler, L50, M|\n|poke|p2|Aggron, L50, F|\n|poke|p2|Incineroar, L50, F|\n|poke|p2|Sinistcha, L50|\n|poke|p2|Tyranitar, L50, M|\n|poke|p2|Sneasler, L50, M|\n|poke|p2|Lycanroc, L50, M|\n|teampreview|4\n|\n|t:|1776171456\n|teamsize|p1|4\n|teamsize|p2|4\n|start\n|switch|p1a: Pelipper|Pelipper, L50, F|100/100\n|switch|p1b: Basculegion|Basculegion, L50, M, shiny|100/100\n|switch|p2a: THE WALL|Aggron, L50, F, shiny|100/100\n|switch|p2b: Tyranitar|Tyranitar, L50, M|100/100\n|-weather|RainDance|[from] ability: Drizzle|[of] p1a: Pelipper\n|-weather|Sandstorm|[from] ability: Sand Stream|[of] p2b: Tyranitar\n|turn|1\n|inactive|Battle timer is ON: inactive players will automatically lose when time's up. (requested by NotAPerishTrapTeam)\n|\n|t:|1776171493\n|switch|p2b: Sinistcha|Sinistcha, L50|100/100\n|detailschange|p2a: THE WALL|Aggron-Mega, L50, F, shiny\n|-mega|p2a: THE WALL|Aggron|Aggronite\n|move|p1b: Basculegion|Aqua Jet|p2b: Sinistcha\n|-resisted|p2b: Sinistcha|1\n|-damage|p2b: Sinistcha|88/100\n|move|p1a: Pelipper|Surf|p2a: THE WALL|[spread] p1b,p2a,p2b\n|-resisted|p1b: Basculegion|1\n|-resisted|p2b: Sinistcha|1\n|-damage|p1b: Basculegion|85/100\n|-damage|p2a: THE WALL|65/100\n|-damage|p2b: Sinistcha|76/100\n|move|p2a: THE WALL|Iron Defense|p2a: THE WALL\n|-boost|p2a: THE WALL|def|2\n|\n|-weather|Sandstorm|[upkeep]\n|-damage|p1a: Pelipper|95/100|[from] Sandstorm\n|-damage|p1b: Basculegion|79/100|[from] Sandstorm\n|-damage|p2b: Sinistcha|70/100|[from] Sandstorm\n|upkeep\n|turn|2\n|inactive|NotAPerishTrapTeam has 30 seconds left.\n|\n|t:|1776171523\n|switch|p1b: Archaludon|Archaludon, L50, M, shiny|100/100\n|move|p1a: Pelipper|Hurricane|p2b: Sinistcha\n|-supereffective|p2b: Sinistcha|1\n|-damage|p2b: Sinistcha|0 fnt\n|faint|p2b: Sinistcha\n|move|p2a: THE WALL|Body Press|p1a: Pelipper\n|-resisted|p1a: Pelipper|1\n|-damage|p1a: Pelipper|28/100\n|\n|-weather|Sandstorm|[upkeep]\n|-damage|p1a: Pelipper|22/100|[from] Sandstorm\n|upkeep\n|\n|t:|1776171535\n|switch|p2b: Tyranitar|Tyranitar, L50, M|100/100\n|turn|3\n|\n|t:|1776171543\n|switch|p1a: Basculegion|Basculegion, L50, M, shiny|79/100\n|move|p1b: Archaludon|Protect|p1b: Archaludon\n|-singleturn|p1b: Archaludon|Protect\n|move|p2b: Tyranitar|Rock Slide|p1b: Archaludon|[spread] p1a\n|-activate|p1b: Archaludon|move: Protect\n|-damage|p1a: Basculegion|39/100\n|move|p2a: THE WALL|Body Press|p1b: Archaludon\n|-activate|p1b: Archaludon|move: Protect\n|\n|-weather|Sandstorm|[upkeep]\n|-damage|p1a: Basculegion|33/100|[from] Sandstorm\n|upkeep\n|turn|4\n|inactive|NotAPerishTrapTeam has 30 seconds left.\n|inactive|RainCalc has 30 seconds left.\n|\n|t:|1776171578\n|switch|p1a: Pelipper|Pelipper, L50, F|22/100\n|-weather|RainDance|[from] ability: Drizzle|[of] p1a: Pelipper\n|move|p1b: Archaludon|Electro Shot||[still]\n|-prepare|p1b: Archaludon|Electro Shot\n|-boost|p1b: Archaludon|spa|1\n|-anim|p1b: Archaludon|Electro Shot|p2a: THE WALL\n|-damage|p2a: THE WALL|0 fnt\n|faint|p2a: THE WALL\n|move|p2b: Tyranitar|Crunch|p1a: Pelipper\n|-damage|p1a: Pelipper|0 fnt\n|faint|p1a: Pelipper\n|\n|-weather|RainDance|[upkeep]\n|upkeep\n|\n|t:|1776171594\n|switch|p1a: Incineroar|Incineroar, L50, M, shiny|100/100\n|switch|p2a: Incineroar|Incineroar, L50, F, shiny|100/100\n|-ability|p1a: Incineroar|Intimidate|boost\n|-unboost|p2a: Incineroar|atk|1\n|-unboost|p2b: Tyranitar|atk|1\n|-ability|p2a: Incineroar|Intimidate|boost\n|-unboost|p1a: Incineroar|atk|1\n|-unboost|p1b: Archaludon|atk|1\n|turn|5\n|\n|t:|1776171608\n|move|p1a: Incineroar|Fake Out|p2a: Incineroar\n|-damage|p2a: Incineroar|93/100\n|cant|p2a: Incineroar|flinch\n|move|p1b: Archaludon|Electro Shot||[still]\n|-prepare|p1b: Archaludon|Electro Shot\n|-boost|p1b: Archaludon|spa|1\n|-anim|p1b: Archaludon|Electro Shot|p2b: Tyranitar\n|-damage|p2b: Tyranitar|24/100\n|move|p2b: Tyranitar|Low Kick|p1b: Archaludon\n|-supereffective|p1b: Archaludon|1\n|-damage|p1b: Archaludon|64/100\n|\n|-weather|RainDance|[upkeep]\n|upkeep\n|turn|6\n|inactive|NotAPerishTrapTeam has 30 seconds left.\n|\n|t:|1776171636\n|switch|p1b: Basculegion|Basculegion, L50, M, shiny|33/100\n|move|p1a: Incineroar|Parting Shot|p2a: Incineroar\n|-unboost|p2a: Incineroar|atk|1\n|-unboost|p2a: Incineroar|spa|1\n|\n|t:|1776171643\n|switch|p1a: Archaludon|Archaludon, L50, M, shiny|64/100|[from] Parting Shot\n|move|p2b: Tyranitar|Rock Slide|p1a: Archaludon|[spread] p1a\n|-miss|p2b: Tyranitar|p1b: Basculegion\n|-resisted|p1a: Archaludon|1\n|-damage|p1a: Archaludon|55/100\n|move|p2a: Incineroar|Darkest Lariat|p1a: Archaludon\n|-damage|p1a: Archaludon|40/100\n|\n|-weather|RainDance|[upkeep]\n|upkeep\n|turn|7\n|inactive|NotAPerishTrapTeam has 30 seconds left.\n|\n|t:|1776171675\n|move|p1b: Basculegion|Aqua Jet|p2a: Incineroar\n|-supereffective|p2a: Incineroar|1\n|-damage|p2a: Incineroar|19/100\n|-enditem|p2a: Incineroar|Sitrus Berry|[eat]\n|-heal|p2a: Incineroar|44/100|[from] item: Sitrus Berry\n|move|p1a: Archaludon|Electro Shot||[still]\n|-prepare|p1a: Archaludon|Electro Shot\n|-boost|p1a: Archaludon|spa|1\n|-anim|p1a: Archaludon|Electro Shot|p2b: Tyranitar\n|-damage|p2b: Tyranitar|0 fnt\n|faint|p2b: Tyranitar\n|move|p2a: Incineroar|Darkest Lariat|p1b: Basculegion\n|-supereffective|p1b: Basculegion|1\n|-damage|p1b: Basculegion|0 fnt\n|faint|p1b: Basculegion\n|\n|-weather|RainDance|[upkeep]\n|upkeep\n|\n|t:|1776171693\n|switch|p1b: Incineroar|Incineroar, L50, M, shiny|100/100\n|-ability|p1b: Incineroar|Intimidate|boost\n|-unboost|p2a: Incineroar|atk|1\n|turn|8\n|\n|t:|1776171704\n|move|p1b: Incineroar|Fake Out|p2a: Incineroar\n|-damage|p2a: Incineroar|33/100\n|move|p1a: Archaludon|Electro Shot||[still]\n|-prepare|p1a: Archaludon|Electro Shot\n|-boost|p1a: Archaludon|spa|1\n|-anim|p1a: Archaludon|Electro Shot|p2a: Incineroar\n|-damage|p2a: Incineroar|0 fnt\n|faint|p2a: Incineroar\n|\n|win|NotAPerishTrapTeam\n|raw|NotAPerishTrapTeam's rating: 1082 &rarr; <strong>1117</strong><br />(+35 for winning)\n|raw|RainCalc's rating: 1179 &rarr; <strong>1147</strong><br />(-32 for losing)\n|l|\u2606RainCalc\n|player|p2|\n",
  "uploadtime": 1776172193,
  "views": 33,
  "formatid": "gen9championsvgc2026regma",
  "rating": 1117,
  "private": 0,
  "password": null
}