{
  "id": "gen9championsvgc2026regma-2586256935",
  "format": "[Gen 9 Champions] VGC 2026 Reg M-A",
  "players": [
    "Lefttovers",
    "Samsalt6363"
  ],
  "log": "|j|\u2606Lefttovers\n|j|\u2606Samsalt6363\n|t:|1776418134\n|gametype|doubles\n|player|p1|Lefttovers|266|1029\n|player|p2|Samsalt6363|170|1122\n|gen|9\n|tier|[Gen 9 Champions] VGC 2026 Reg M-A\n|rated|\n|rule|Species Clause: Limit one of each Pok\u00e9mon\n|rule|Item Clause: Limit 1 of each item\n|clearpoke\n|poke|p1|Excadrill, L50, M|\n|poke|p1|Tyranitar, L50, M|\n|poke|p1|Floette-Eternal, L50, F|\n|poke|p1|Talonflame, L50, F|\n|poke|p1|Incineroar, L50, M|\n|poke|p1|Sinistcha, L50|\n|poke|p2|Charizard, L50, F|\n|poke|p2|Sableye, L50, F|\n|poke|p2|Rotom-Wash, L50|\n|poke|p2|Venusaur, L50, M|\n|poke|p2|Incineroar, L50, M|\n|poke|p2|Mamoswine, L50, M|\n|teampreview|4\n|inactive|Battle timer is ON: inactive players will automatically lose when time's up. (requested by Lefttovers)\n|\n|t:|1776418153\n|teamsize|p1|4\n|teamsize|p2|4\n|start\n|switch|p1a: Floette|Floette-Eternal, L50, F|100/100\n|switch|p1b: Talonflame|Talonflame, L50, F|100/100\n|switch|p2a: Charizard|Charizard, L50, F|100/100\n|switch|p2b: Sableye|Sableye, L50, F|100/100\n|turn|1\n|\n|t:|1776418171\n|detailschange|p1a: Floette|Floette-Mega, L50, F\n|-mega|p1a: Floette|Floette|Floettite\n|-ability|p1a: Floette|Fairy Aura\n|move|p1b: Talonflame|Tailwind|p1b: Talonflame\n|-sidestart|p1: Lefttovers|move: Tailwind\n|move|p2b: Sableye|Sunny Day|p2b: Sableye\n|-weather|SunnyDay\n|move|p1a: Floette|Calm Mind|p1a: Floette\n|-boost|p1a: Floette|spa|1\n|-boost|p1a: Floette|spd|1\n|move|p2a: Charizard|Heat Wave|p1b: Talonflame|[spread] p1a,p1b\n|-resisted|p1b: Talonflame|1\n|-damage|p1a: Floette|72/100\n|-damage|p1b: Talonflame|66/100\n|\n|-weather|SunnyDay|[upkeep]\n|upkeep\n|turn|2\n|\n|t:|1776418193\n|switch|p2b: Venusaur|Venusaur, L50, M|100/100\n|move|p2a: Charizard|Protect|p2a: Charizard\n|-singleturn|p2a: Charizard|Protect\n|move|p1b: Talonflame|Flare Blitz|p2b: Venusaur\n|-supereffective|p2b: Venusaur|1\n|-enditem|p2b: Venusaur|Focus Sash\n|-damage|p2b: Venusaur|1/100\n|-damage|p1b: Talonflame|33/100|[from] Recoil\n|move|p1a: Floette|Draining Kiss|p2b: Venusaur\n|-resisted|p2b: Venusaur|1\n|-damage|p2b: Venusaur|0 fnt\n|-heal|p1a: Floette|73/100|[from] drain|[of] p2b: Venusaur\n|faint|p2b: Venusaur\n|\n|-weather|SunnyDay|[upkeep]\n|upkeep\n|\n|t:|1776418215\n|switch|p2b: Mamoswine|Mamoswine, L50, M|100/100\n|turn|3\n|\n|t:|1776418230\n|detailschange|p2a: Charizard|Charizard-Mega-Y, L50, F\n|-mega|p2a: Charizard|Charizard|Charizardite Y\n|move|p2b: Mamoswine|Protect|p2b: Mamoswine\n|-singleturn|p2b: Mamoswine|Protect\n|move|p1b: Talonflame|Brave Bird|p2a: Charizard\n|-crit|p2a: Charizard\n|-damage|p2a: Charizard|27/100\n|-damage|p1b: Talonflame|4/100|[from] Recoil\n|move|p1a: Floette|Draining Kiss|p2b: Mamoswine\n|-activate|p2b: Mamoswine|move: Protect\n|move|p2a: Charizard|Heat Wave|p1a: Floette|[spread] p1a,p1b\n|-resisted|p1b: Talonflame|1\n|-damage|p1a: Floette|32/100\n|-damage|p1b: Talonflame|0 fnt\n|faint|p1b: Talonflame\n|\n|-weather|SunnyDay|[upkeep]\n|upkeep\n|\n|t:|1776418239\n|switch|p1b: Tyranitar|Tyranitar, L50, M, shiny|100/100\n|-weather|Sandstorm|[from] ability: Sand Stream|[of] p1b: Tyranitar\n|turn|4\n|\n|t:|1776418260\n|switch|p2a: Sableye|Sableye, L50, F|100/100\n|move|p1a: Floette|Protect|p1a: Floette\n|-singleturn|p1a: Floette|Protect\n|move|p1b: Tyranitar|Protect|p1b: Tyranitar\n|-singleturn|p1b: Tyranitar|Protect\n|move|p2b: Mamoswine|Ice Shard|p1a: Floette\n|-activate|p1a: Floette|move: Protect\n|\n|-weather|Sandstorm|[upkeep]\n|-damage|p1a: Floette|26/100|[from] Sandstorm\n|-damage|p2a: Sableye|95/100|[from] Sandstorm\n|-sideend|p1: Lefttovers|move: Tailwind\n|upkeep\n|turn|5\n|inactive|Samsalt6363 has 30 seconds left.\n|\n|t:|1776418286\n|move|p2a: Sableye|Protect|p2a: Sableye\n|-singleturn|p2a: Sableye|Protect\n|move|p1a: Floette|Draining Kiss|p2a: Sableye\n|-activate|p2a: Sableye|move: Protect\n|move|p2b: Mamoswine|Icicle Crash|p1a: Floette\n|-damage|p1a: Floette|0 fnt\n|faint|p1a: Floette\n|move|p1b: Tyranitar|Rock Slide|p2b: Mamoswine|[spread] p2b\n|-activate|p2a: Sableye|move: Protect\n|-damage|p2b: Mamoswine|66/100\n|\n|-weather|Sandstorm|[upkeep]\n|-damage|p2a: Sableye|89/100|[from] Sandstorm\n|upkeep\n|\n|t:|1776418290\n|switch|p1a: Excadrill|Excadrill, L50, M|100/100\n|turn|6\n|inactive|Samsalt6363 has 30 seconds left.\n|\n|t:|1776418320\n|move|p2b: Mamoswine|Ice Shard|p1a: Excadrill\n|-damage|p1a: Excadrill|60/100\n|move|p2a: Sableye|Gravity|p2a: Sableye\n|-fieldstart|move: Gravity\n|move|p1a: Excadrill|Iron Head|p2b: Mamoswine\n|-supereffective|p2b: Mamoswine|1\n|-damage|p2b: Mamoswine|0 fnt\n|faint|p2b: Mamoswine\n|move|p1b: Tyranitar|Rock Slide|p2a: Sableye\n|-damage|p2a: Sableye|31/100\n|\n|-weather|Sandstorm|[upkeep]\n|-damage|p2a: Sableye|25/100|[from] Sandstorm\n|upkeep\n|\n|t:|1776418334\n|switch|p2b: Charizard|Charizard-Mega-Y, L50, F|27/100\n|-weather|SunnyDay|[from] ability: Drought|[of] p2b: Charizard\n|turn|7\n|\n|t:|1776418343\n|move|p1a: Excadrill|Rock Slide|p2a: Sableye|[spread] p2a,p2b\n|-supereffective|p2b: Charizard|2\n|-damage|p2a: Sableye|0 fnt\n|-damage|p2b: Charizard|0 fnt\n|faint|p2a: Sableye\n|faint|p2b: Charizard\n|\n|win|Lefttovers\n|raw|Lefttovers's rating: 1029 &rarr; <strong>1074</strong><br />(+45 for winning)\n|raw|Samsalt6363's rating: 1122 &rarr; <strong>1090</strong><br />(-32 for losing)\n|l|\u2606Samsalt6363\n|player|p2|\n",
  "uploadtime": 1776418350,
  "views": 47,
  "formatid": "gen9championsvgc2026regma",
  "rating": 1074,
  "private": 0,
  "password": null
}