{
  "id": "gen9championsvgc2026regma-2588141653",
  "format": "[Gen 9 Champions] VGC 2026 Reg M-A",
  "players": [
    "Dondonso",
    "slothgameplay"
  ],
  "log": "|j|\u2606Dondonso\n|j|\u2606slothgameplay\n|t:|1776608537\n|gametype|doubles\n|player|p1|Dondonso|2|1167\n|player|p2|slothgameplay|169|1148\n|gen|9\n|tier|[Gen 9 Champions] VGC 2026 Reg M-A\n|rated|\n|rule|Species Clause: Limit one of each Pok\u00e9mon\n|rule|Item Clause: Limit 1 of each item\n|clearpoke\n|poke|p1|Kangaskhan, L50, F|\n|poke|p1|Sneasler, L50, F|\n|poke|p1|Sinistcha, L50|\n|poke|p1|Rotom-Wash, L50|\n|poke|p1|Garchomp, L50, M|\n|poke|p1|Corviknight, L50, M|\n|poke|p2|Gengar, L50, M, shiny|\n|poke|p2|Incineroar, L50, M|\n|poke|p2|Sinistcha-Masterpiece, L50|\n|poke|p2|Garchomp, L50, M|\n|poke|p2|Tyranitar, L50, M|\n|poke|p2|Kommo-o, L50, M|\n|teampreview|4\n|inactive|Battle timer is ON: inactive players will automatically lose when time's up. (requested by Dondonso)\n|inactive|slothgameplay has 60 seconds left.\n|\n|t:|1776608570\n|teamsize|p1|4\n|teamsize|p2|4\n|start\n|switch|p1a: Rotom|Rotom-Wash, L50|100/100\n|switch|p1b: Kangaskhan|Kangaskhan, L50, F|100/100\n|switch|p2a: Kommo-o|Kommo-o, L50, M|100/100\n|switch|p2b: Sinistcha|Sinistcha-Masterpiece, L50|100/100\n|turn|1\n|inactive|Dondonso has 30 seconds left.\n|inactive|slothgameplay has 30 seconds left.\n|inactive|Dondonso has 20 seconds left.\n|inactive|Dondonso has 15 seconds left.\n|inactive|slothgameplay has 20 seconds left.\n|inactive|Dondonso has 10 seconds left.\n|\n|t:|1776608615\n|switch|p2a: Incineroar|Incineroar, L50, M|100/100\n|-ability|p2a: Incineroar|Intimidate|boost\n|-unboost|p1a: Rotom|atk|1\n|-fail|p1b: Kangaskhan|unboost|Attack|[from] ability: Scrappy|[of] p1b: Kangaskhan\n|move|p1b: Kangaskhan|Fake Out|p2b: Sinistcha\n|-damage|p2b: Sinistcha|85/100\n|move|p1a: Rotom|Electroweb|p2a: Incineroar|[spread] p2a,p2b\n|-resisted|p2b: Sinistcha|1\n|-damage|p2a: Incineroar|90/100\n|-damage|p2b: Sinistcha|77/100\n|-unboost|p2a: Incineroar|spe|1\n|-unboost|p2b: Sinistcha|spe|1\n|cant|p2b: Sinistcha|flinch\n|\n|upkeep\n|turn|2\n|\n|t:|1776608633\n|switch|p1a: Sneasler|Sneasler, L50, F|100/100\n|detailschange|p1b: Kangaskhan|Kangaskhan-Mega, L50, F\n|-mega|p1b: Kangaskhan|Kangaskhan|Kangaskhanite\n|move|p2a: Incineroar|Fake Out|p1b: Kangaskhan\n|-damage|p1b: Kangaskhan|92/100\n|cant|p1b: Kangaskhan|flinch\n|move|p2b: Sinistcha|Trick Room|p2b: Sinistcha\n|-fieldstart|move: Trick Room|[of] p2b: Sinistcha\n|\n|upkeep\n|turn|3\n|inactive|Dondonso has 30 seconds left.\n|inactive|slothgameplay has 30 seconds left.\n|inactive|Dondonso has 20 seconds left.\n|inactive|Dondonso has 15 seconds left.\n|inactive|slothgameplay has 20 seconds left.\n|inactive|slothgameplay has 15 seconds left.\n|\n|t:|1776608686\n|move|p2b: Sinistcha|Rage Powder|p2b: Sinistcha\n|-singleturn|p2b: Sinistcha|move: Rage Powder\n|move|p2a: Incineroar|Parting Shot|p1a: Sneasler\n|-unboost|p1a: Sneasler|atk|1\n|-unboost|p1a: Sneasler|spa|1\n|\n|t:|1776608698\n|switch|p2a: Jigokudo|Gengar, L50, M, shiny|100/100|[from] Parting Shot\n|move|p1b: Kangaskhan|Drain Punch|p2b: Sinistcha\n|-immune|p2b: Sinistcha\n|move|p1a: Sneasler|Coaching|p1b: Kangaskhan\n|-boost|p1b: Kangaskhan|atk|1\n|-boost|p1b: Kangaskhan|def|1\n|\n|upkeep\n|turn|4\n|inactive|Dondonso has 30 seconds left.\n|\n|t:|1776608726\n|switch|p2b: Incineroar|Incineroar, L50, M|90/100\n|-ability|p2b: Incineroar|Intimidate|boost\n|-unboost|p1a: Sneasler|atk|1\n|-unboost|p1b: Kangaskhan|atk|1\n|detailschange|p2a: Jigokudo|Gengar-Mega, L50, M, shiny\n|-mega|p2a: Jigokudo|Gengar|Gengarite\n|move|p1b: Kangaskhan|Sucker Punch|p2a: Jigokudo\n|-supereffective|p2a: Jigokudo|1\n|-damage|p2a: Jigokudo|47/100\n|-supereffective|p2a: Jigokudo|1\n|-damage|p2a: Jigokudo|33/100\n|-hitcount|p2a: Jigokudo|2\n|move|p1a: Sneasler|Rock Tomb|p2a: Jigokudo\n|-damage|p2a: Jigokudo|23/100\n|-unboost|p2a: Jigokudo|spe|1\n|move|p2a: Jigokudo|Sludge Wave|p1b: Kangaskhan|[spread] p2b,p1a,p1b\n|-resisted|p1a: Sneasler|1\n|-damage|p2b: Incineroar|60/100\n|-damage|p1a: Sneasler|78/100\n|-damage|p1b: Kangaskhan|65/100\n|\n|upkeep\n|turn|5\n|inactive|slothgameplay has 30 seconds left.\n|inactive|slothgameplay has 20 seconds left.\n|inactive|slothgameplay has 15 seconds left.\n|\n|t:|1776608769\n|move|p2b: Incineroar|Parting Shot|p1b: Kangaskhan\n|-unboost|p1b: Kangaskhan|atk|1\n|-unboost|p1b: Kangaskhan|spa|1\n|\n|t:|1776608774\n|switch|p2b: Sinistcha|Sinistcha-Masterpiece, L50|77/100|[from] Parting Shot\n|-heal|p2a: Jigokudo|48/100|[from] ability: Hospitality|[of] p2b: Sinistcha\n|move|p1b: Kangaskhan|Drain Punch|p2b: Sinistcha\n|-immune|p2b: Sinistcha\n|move|p2a: Jigokudo|Substitute|p2a: Jigokudo\n|-start|p2a: Jigokudo|Substitute\n|-damage|p2a: Jigokudo|23/100\n|move|p1a: Sneasler|Coaching|p1b: Kangaskhan\n|-boost|p1b: Kangaskhan|atk|1\n|-boost|p1b: Kangaskhan|def|1\n|\n|upkeep\n|turn|6\n|\n|t:|1776608796\n|move|p1b: Kangaskhan|Sucker Punch|p2a: Jigokudo\n|-supereffective|p2a: Jigokudo|1\n|-end|p2a: Jigokudo|Substitute\n|-supereffective|p2a: Jigokudo|1\n|-damage|p2a: Jigokudo|10/100\n|-hitcount|p2a: Jigokudo|2\n|move|p2b: Sinistcha|Life Dew|p2b: Sinistcha|[spread] p2a,p2b\n|-heal|p2a: Jigokudo|35/100\n|-heal|p2b: Sinistcha|100/100\n|move|p2a: Jigokudo|Icy Wind|p1b: Kangaskhan|[spread] p1a,p1b\n|-damage|p1a: Sneasler|61/100\n|-damage|p1b: Kangaskhan|53/100\n|-unboost|p1a: Sneasler|spe|1\n|-unboost|p1b: Kangaskhan|spe|1\n|move|p1a: Sneasler|Rock Tomb|p2a: Jigokudo\n|-damage|p2a: Jigokudo|24/100\n|-unboost|p2a: Jigokudo|spe|1\n|\n|-fieldend|move: Trick Room\n|upkeep\n|turn|7\n|inactive|Dondonso has 30 seconds left.\n|inactive|slothgameplay has 30 seconds left.\n|\n|t:|1776608825\n|switch|p2b: Incineroar|Incineroar, L50, M|60/100\n|-ability|p2b: Incineroar|Intimidate|boost\n|-unboost|p1a: Sneasler|atk|1\n|-unboost|p1b: Kangaskhan|atk|1\n|move|p2a: Jigokudo|Protect|p2a: Jigokudo\n|-singleturn|p2a: Jigokudo|Protect\n|move|p1a: Sneasler|Taunt|p2b: Incineroar\n|-start|p2b: Incineroar|move: Taunt\n|move|p1b: Kangaskhan|Drain Punch|p2a: Jigokudo\n|-activate|p2a: Jigokudo|move: Protect\n|\n|upkeep\n|turn|8\n|\n|t:|1776608842\n|move|p2b: Incineroar|Fake Out|p1b: Kangaskhan\n|-damage|p1b: Kangaskhan|49/100\n|move|p1a: Sneasler|Taunt|p2a: Jigokudo\n|-start|p2a: Jigokudo|move: Taunt\n|move|p2a: Jigokudo|Icy Wind|p1b: Kangaskhan|[spread] p1a,p1b\n|-damage|p1a: Sneasler|45/100\n|-damage|p1b: Kangaskhan|37/100\n|-unboost|p1a: Sneasler|spe|1\n|-unboost|p1b: Kangaskhan|spe|1\n|-enditem|p1a: Sneasler|Sitrus Berry|[eat]\n|-heal|p1a: Sneasler|69/100|[from] item: Sitrus Berry\n|cant|p1b: Kangaskhan|flinch\n|\n|upkeep\n|turn|9\n|\n|t:|1776608866\n|switch|p2b: Sinistcha|Sinistcha-Masterpiece, L50|100/100\n|-heal|p2a: Jigokudo|48/100|[from] ability: Hospitality|[of] p2b: Sinistcha\n|move|p1b: Kangaskhan|Sucker Punch|p2a: Jigokudo\n|-supereffective|p2a: Jigokudo|1\n|-damage|p2a: Jigokudo|12/100\n|-supereffective|p2a: Jigokudo|1\n|-damage|p2a: Jigokudo|4/100\n|-hitcount|p2a: Jigokudo|2\n|move|p1a: Sneasler|Rock Tomb|p2b: Sinistcha\n|-damage|p2b: Sinistcha|94/100\n|-unboost|p2b: Sinistcha|spe|1\n|move|p2a: Jigokudo|Icy Wind|p1a: Sneasler|[spread] p1a,p1b\n|-damage|p1a: Sneasler|52/100\n|-damage|p1b: Kangaskhan|26/100\n|-unboost|p1a: Sneasler|spe|1\n|-unboost|p1b: Kangaskhan|spe|1\n|\n|upkeep\n|turn|10\n|\n|t:|1776608890\n|switch|p2a: Incineroar|Incineroar, L50, M|60/100\n|-ability|p2a: Incineroar|Intimidate|boost\n|-unboost|p1a: Sneasler|atk|1\n|-unboost|p1b: Kangaskhan|atk|1\n|move|p1b: Kangaskhan|Sucker Punch||[still]\n|-fail|p1b: Kangaskhan\n|move|p1a: Sneasler|Taunt|p2b: Sinistcha\n|-start|p2b: Sinistcha|move: Taunt\n|cant|p2b: Sinistcha|move: Taunt|Life Dew\n|\n|upkeep\n|turn|11\n|\n|t:|1776608908\n|switch|p1a: Sinistcha|Sinistcha, L50|100/100\n|-heal|p1b: Kangaskhan|51/100|[from] ability: Hospitality|[of] p1a: Sinistcha\n|move|p2a: Incineroar|Fake Out|p1b: Kangaskhan\n|-damage|p1b: Kangaskhan|46/100\n|move|p2b: Sinistcha|Matcha Gotcha|p1a: Sinistcha|[spread] p1a,p1b\n|-resisted|p1a: Sinistcha|1\n|-damage|p1a: Sinistcha|90/100\n|-heal|p2b: Sinistcha|99/100|[from] drain|[of] p1a: Sinistcha\n|-damage|p1b: Kangaskhan|30/100\n|-heal|p2b: Sinistcha|100/100|[from] drain|[of] p1b: Kangaskhan\n|cant|p1b: Kangaskhan|flinch\n|\n|-heal|p1a: Sinistcha|96/100|[from] item: Leftovers\n|upkeep\n|turn|12\n|\n|t:|1776608933\n|switch|p2b: Kommo-o|Kommo-o, L50, M|100/100\n|move|p1a: Sinistcha|Shadow Ball|p2a: Incineroar\n|-resisted|p2a: Incineroar|1\n|-damage|p2a: Incineroar|49/100\n|move|p2a: Incineroar|Throat Chop|p1a: Sinistcha\n|-supereffective|p1a: Sinistcha|1\n|-damage|p1a: Sinistcha|45/100\n|-start|p1a: Sinistcha|Throat Chop|[silent]\n|move|p1b: Kangaskhan|Drain Punch|p2a: Incineroar\n|-supereffective|p2a: Incineroar|1\n|-enditem|p2a: Incineroar|Chople Berry|[eat]\n|-enditem|p2a: Incineroar|Chople Berry|[weaken]\n|-damage|p2a: Incineroar|38/100\n|-heal|p1b: Kangaskhan|36/100|[from] drain|[of] p2a: Incineroar\n|-supereffective|p2a: Incineroar|1\n|-damage|p2a: Incineroar|33/100\n|-heal|p1b: Kangaskhan|38/100|[from] drain|[of] p2a: Incineroar\n|-hitcount|p2a: Incineroar|2\n|\n|-heal|p1a: Sinistcha|52/100|[from] item: Leftovers\n|upkeep\n|turn|13\n|inactive|Dondonso has 30 seconds left.\n|inactive|slothgameplay has 30 seconds left.\n|\n|t:|1776608967\n|switch|p1a: Sneasler|Sneasler, L50, F|52/100\n|move|p2b: Kommo-o|Clangorous Soul|p2b: Kommo-o\n|-boost|p2b: Kommo-o|atk|1\n|-boost|p2b: Kommo-o|def|1\n|-boost|p2b: Kommo-o|spa|1\n|-boost|p2b: Kommo-o|spd|1\n|-boost|p2b: Kommo-o|spe|1\n|-damage|p2b: Kommo-o|68/100\n|move|p2a: Incineroar|Parting Shot|p1b: Kangaskhan\n|-unboost|p1b: Kangaskhan|atk|1\n|-unboost|p1b: Kangaskhan|spa|1\n|-message|Dondonso forfeited.\n|\n|win|slothgameplay\n|raw|Dondonso's rating: 1167 &rarr; <strong>1141</strong><br />(-26 for losing)\n|raw|slothgameplay's rating: 1148 &rarr; <strong>1174</strong><br />(+26 for winning)\n",
  "uploadtime": 1776608975,
  "views": 8,
  "formatid": "gen9championsvgc2026regma",
  "rating": 1141,
  "private": 0,
  "password": null
}