{
  "id": "gen9championsvgc2026regma-2586930637",
  "format": "[Gen 9 Champions] VGC 2026 Reg M-A",
  "players": [
    "Redbloon",
    "crsec"
  ],
  "log": "|j|\u2606Redbloon\n|j|\u203dcrsec\n|t:|1776472912\n|gametype|doubles\n|player|p1|Redbloon|102|1156\n|player|p2|crsec|169|1191\n|gen|9\n|tier|[Gen 9 Champions] VGC 2026 Reg M-A\n|rated|\n|rule|Species Clause: Limit one of each Pok\u00e9mon\n|rule|Item Clause: Limit 1 of each item\n|clearpoke\n|poke|p1|Farigiraf, L50, F|\n|poke|p1|Camerupt, L50, M|\n|poke|p1|Crabominable, L50, M|\n|poke|p1|Mimikyu, L50, M|\n|poke|p1|Drampa, L50, F|\n|poke|p1|Sinistcha-Masterpiece, L50|\n|poke|p2|Ninetales-Alola, L50, M|\n|poke|p2|Gyarados, L50, M|\n|poke|p2|Garchomp, L50, F|\n|poke|p2|Tsareena, L50, F|\n|poke|p2|Rotom-Heat, L50|\n|poke|p2|Tinkaton, L50, F|\n|teampreview|4\n|inactive|Battle timer is ON: inactive players will automatically lose when time's up. (requested by crsec)\n|inactive|crsec has 60 seconds left.\n|c|\u2606Redbloon|good luck\nRedbloon rejected open team sheets.\n|\n|t:|1776472953\n|teamsize|p1|4\n|teamsize|p2|4\n|start\n|switch|p1a: Mimikyu|Mimikyu, L50, M|100/100\n|switch|p1b: Crabominable|Crabominable, L50, M|100/100\n|switch|p2a: Ninetales|Ninetales-Alola, L50, M|100/100\n|switch|p2b: Rotom|Rotom-Heat, L50|100/100\n|-weather|Snowscape|[from] ability: Snow Warning|[of] p2a: Ninetales\n|turn|1\n|\n|t:|1776472959\n|switch|p1b: Drampa|Drampa, L50, F|100/100\n|-ability|p1b: Drampa|Cloud Nine\n|move|p2a: Ninetales|Aurora Veil||[still]\n|-fail|p2a: Ninetales\n|move|p2b: Rotom|Will-O-Wisp|p1b: Drampa\n|-status|p1b: Drampa|brn\n|move|p1a: Mimikyu|Trick Room|p1a: Mimikyu\n|-fieldstart|move: Trick Room|[of] p1a: Mimikyu\n|\n|-weather|Snowscape|[upkeep]\n|-damage|p1b: Drampa|95/100 brn|[from] brn\n|upkeep\n|turn|2\n|\n|t:|1776472978\n|move|p2a: Ninetales|Protect|p2a: Ninetales\n|-singleturn|p2a: Ninetales|Protect\n|move|p1b: Drampa|Hyper Voice|p2b: Rotom|[spread] p2b\n|-activate|p2a: Ninetales|move: Protect\n|-damage|p2b: Rotom|58/100\n|move|p2b: Rotom|Volt Switch|p1a: Mimikyu\n|-activate|p1a: Mimikyu|ability: Disguise\n|-damage|p1a: Mimikyu|100/100\n|detailschange|p1a: Mimikyu|Mimikyu-Busted, L50, M\n|-damage|p1a: Mimikyu|88/100|[from] pokemon: Mimikyu-Busted\n|\n|t:|1776472992\n|switch|p2b: Garchomp|Garchomp, L50, F|100/100|[from] Volt Switch\n|move|p1a: Mimikyu|Swords Dance|p1a: Mimikyu\n|-boost|p1a: Mimikyu|atk|2\n|\n|-weather|Snowscape|[upkeep]\n|-heal|p1a: Mimikyu|94/100|[from] item: Leftovers\n|-damage|p1b: Drampa|89/100 brn|[from] brn\n|upkeep\n|turn|3\n|\n|t:|1776473009\n|switch|p2b: Gyarados|Gyarados, L50, M|100/100\n|-ability|p2b: Gyarados|Intimidate|boost\n|-unboost|p1a: Mimikyu|atk|1\n|-unboost|p1b: Drampa|atk|1\n|move|p1b: Drampa|Tri Attack|p2a: Ninetales\n|-damage|p2a: Ninetales|46/100\n|move|p1a: Mimikyu|Play Rough|p2b: Gyarados\n|-damage|p2b: Gyarados|27/100\n|move|p2a: Ninetales|Blizzard|p1b: Drampa|[spread] p1a\n|-miss|p2a: Ninetales|p1b: Drampa\n|-damage|p1a: Mimikyu|64/100\n|\n|-weather|Snowscape|[upkeep]\n|-heal|p1a: Mimikyu|70/100|[from] item: Leftovers\n|-damage|p1b: Drampa|83/100 brn|[from] brn\n|upkeep\n|turn|4\n|\n|t:|1776473027\n|move|p2b: Gyarados|Protect|p2b: Gyarados\n|-singleturn|p2b: Gyarados|Protect\n|move|p2a: Ninetales|Protect|p2a: Ninetales\n|-singleturn|p2a: Ninetales|Protect\n|move|p1b: Drampa|Tri Attack|p2a: Ninetales\n|-activate|p2a: Ninetales|move: Protect\n|move|p1a: Mimikyu|Play Rough|p2b: Gyarados\n|-activate|p2b: Gyarados|move: Protect\n|\n|-weather|Snowscape|[upkeep]\n|-heal|p1a: Mimikyu|76/100|[from] item: Leftovers\n|-damage|p1b: Drampa|77/100 brn|[from] brn\n|upkeep\n|turn|5\n|c|\u2606Redbloon|wow\n|\n|t:|1776473040\n|switch|p2a: Rotom|Rotom-Heat, L50|58/100\n|move|p2b: Gyarados|Protect|p2b: Gyarados\n|-singleturn|p2b: Gyarados|Protect\n|move|p1b: Drampa|Tri Attack|p2a: Rotom\n|-damage|p2a: Rotom|12/100\n|move|p1a: Mimikyu|Play Rough|p2b: Gyarados\n|-activate|p2b: Gyarados|move: Protect\n|\n|-weather|none\n|-heal|p2a: Rotom|18/100|[from] item: Leftovers\n|-heal|p1a: Mimikyu|82/100|[from] item: Leftovers\n|-damage|p1b: Drampa|71/100 brn|[from] brn\n|-fieldend|move: Trick Room\n|upkeep\n|turn|6\n|\n|t:|1776473064\n|detailschange|p2b: Gyarados|Gyarados-Mega, L50, M\n|-mega|p2b: Gyarados|Gyarados|Gyaradosite\n|-ability|p2b: Gyarados|Mold Breaker\n|move|p2b: Gyarados|Crunch|p1b: Drampa\n|-damage|p1b: Drampa|15/100 brn\n|-enditem|p1b: Drampa|Sitrus Berry|[eat]\n|-heal|p1b: Drampa|40/100 brn|[from] item: Sitrus Berry\n|move|p2a: Rotom|Overheat|p1a: Mimikyu\n|-damage|p1a: Mimikyu|34/100\n|-unboost|p2a: Rotom|spa|2\n|move|p1b: Drampa|Hyper Voice|p2b: Gyarados|[spread] p2a,p2b\n|-damage|p2a: Rotom|0 fnt\n|-damage|p2b: Gyarados|0 fnt\n|faint|p2a: Rotom\n|faint|p2b: Gyarados\n|move|p1a: Mimikyu|Trick Room|p1a: Mimikyu\n|-fieldstart|move: Trick Room|[of] p1a: Mimikyu\n|\n|-heal|p1a: Mimikyu|40/100|[from] item: Leftovers\n|-damage|p1b: Drampa|34/100 brn|[from] brn\n|upkeep\n|\n|t:|1776473076\n|switch|p2a: Ninetales|Ninetales-Alola, L50, M|46/100\n|switch|p2b: Garchomp|Garchomp, L50, F|100/100\n|-weather|Snowscape|[from] ability: Snow Warning|[of] p2a: Ninetales\n|turn|7\n|\n|t:|1776473087\n|move|p2a: Ninetales|Protect|p2a: Ninetales\n|-singleturn|p2a: Ninetales|Protect\n|move|p1b: Drampa|Tri Attack|p2a: Ninetales\n|-activate|p2a: Ninetales|move: Protect\n|move|p1a: Mimikyu|Play Rough|p2b: Garchomp\n|-supereffective|p2b: Garchomp|1\n|-damage|p2b: Garchomp|0 fnt\n|-damage|p1a: Mimikyu|28/100|[from] ability: Rough Skin|[of] p2b: Garchomp\n|faint|p2b: Garchomp\n|\n|-weather|Snowscape|[upkeep]\n|-heal|p1a: Mimikyu|34/100|[from] item: Leftovers\n|-damage|p1b: Drampa|28/100 brn|[from] brn\n|upkeep\n|turn|8\n|-message|crsec forfeited.\n|\n|win|Redbloon\n|raw|Redbloon's rating: 1156 &rarr; <strong>1184</strong><br />(+28 for winning)\n|raw|crsec's rating: 1191 &rarr; <strong>1163</strong><br />(-28 for losing)\n|l|\u203dcrsec\n|player|p2|\n",
  "uploadtime": 1776473101,
  "views": 35,
  "formatid": "gen9championsvgc2026regma",
  "rating": 1163,
  "private": 0,
  "password": null
}