{
  "id": "gen9championsvgc2026regma-2584792900",
  "format": "[Gen 9 Champions] VGC 2026 Reg M-A",
  "players": [
    "konvux84",
    "yuriimon"
  ],
  "log": "|j|\u2606konvux84\n|j|\u2606yuriimon\n|t:|1776284039\n|gametype|doubles\n|player|p1|konvux84|170|1089\n|player|p2|yuriimon|waitress-gen4|1037\n|gen|9\n|tier|[Gen 9 Champions] VGC 2026 Reg M-A\n|rated|\n|rule|Species Clause: Limit one of each Pok\u00e9mon\n|rule|Item Clause: Limit 1 of each item\n|clearpoke\n|poke|p1|Meganium, L50, M|\n|poke|p1|Aerodactyl, L50, F|\n|poke|p1|Tauros-Paldea-Aqua, L50, M|\n|poke|p1|Archaludon, L50, F|\n|poke|p1|Typhlosion-Hisui, L50, F|\n|poke|p1|Kangaskhan, L50, F|\n|poke|p2|Glimmora, L50, F|\n|poke|p2|Incineroar, L50, M|\n|poke|p2|Archaludon, L50, F|\n|poke|p2|Politoed, L50, M|\n|poke|p2|Basculegion, L50, M|\n|poke|p2|Chesnaught, L50, F|\n|teampreview|4\n|inactive|Battle timer is ON: inactive players will automatically lose when time's up. (requested by yuriimon)\n|\n|t:|1776284062\n|teamsize|p1|4\n|teamsize|p2|4\n|start\n|switch|p1a: Meganium|Meganium, L50, M|100/100\n|switch|p1b: Aerodactyl|Aerodactyl, L50, F|100/100\n|switch|p2a: Chesnaught|Chesnaught, L50, F|100/100\n|switch|p2b: Incineroar|Incineroar, L50, M|100/100\n|-ability|p1b: Aerodactyl|Unnerve\n|-ability|p2b: Incineroar|Intimidate|boost\n|-unboost|p1a: Meganium|atk|1\n|-unboost|p1b: Aerodactyl|atk|1\n|turn|1\n|\n|t:|1776284078\n|switch|p2b: Glimmora|Glimmora, L50, F|100/100\n|detailschange|p1a: Meganium|Meganium-Mega, L50, M\n|-mega|p1a: Meganium|Meganium|Meganiumite\n|detailschange|p2a: Chesnaught|Chesnaught-Mega, L50, F\n|-mega|p2a: Chesnaught|Chesnaught|Chesnaughtite\n|move|p1b: Aerodactyl|Protect|p1b: Aerodactyl\n|-singleturn|p1b: Aerodactyl|Protect\n|move|p1a: Meganium|Protect|p1a: Meganium\n|-singleturn|p1a: Meganium|Protect\n|move|p2a: Chesnaught|Iron Defense|p2a: Chesnaught\n|-boost|p2a: Chesnaught|def|2\n|\n|upkeep\n|turn|2\n|inactive|konvux84 has 30 seconds left.\n|\n|t:|1776284111\n|move|p2a: Chesnaught|Protect|p2a: Chesnaught\n|-singleturn|p2a: Chesnaught|Protect\n|move|p1b: Aerodactyl|Tailwind|p1b: Aerodactyl\n|-sidestart|p1: konvux84|move: Tailwind\n|move|p1a: Meganium|Weather Ball|p2a: Chesnaught\n|-activate|p2a: Chesnaught|move: Protect\n|move|p2b: Glimmora|Sludge Wave|p1b: Aerodactyl|[spread] p1a,p1b\n|-activate|p2a: Chesnaught|move: Protect\n|-supereffective|p1a: Meganium|2\n|-resisted|p1b: Aerodactyl|1\n|-damage|p1a: Meganium|0 fnt\n|-damage|p1b: Aerodactyl|72/100\n|faint|p1a: Meganium\n|\n|upkeep\n|\n|t:|1776284129\n|switch|p1a: Typhlosion|Typhlosion-Hisui, L50, F|100/100\n|-item|p2a: Chesnaught|Chesnaughtite|[from] ability: Frisk|[of] p1a: Typhlosion\n|-item|p2b: Glimmora|Glimmoranite|[from] ability: Frisk|[of] p1a: Typhlosion\n|turn|3\n|\n|t:|1776284151\n|switch|p2a: Incineroar|Incineroar, L50, M|100/100\n|-ability|p2a: Incineroar|Intimidate|boost\n|-unboost|p1a: Typhlosion|atk|1\n|-unboost|p1b: Aerodactyl|atk|1\n|move|p1b: Aerodactyl|Rock Slide|p2a: Incineroar|[spread] p2a,p2b\n|-supereffective|p2a: Incineroar|1\n|-damage|p2a: Incineroar|78/100\n|-damage|p2b: Glimmora|87/100\n|-activate|p2b: Glimmora|ability: Toxic Debris\n|-sidestart|p1: konvux84|move: Toxic Spikes\n|move|p1a: Typhlosion|Eruption|p2a: Incineroar|[spread] p2a,p2b\n|-resisted|p2a: Incineroar|1\n|-resisted|p2b: Glimmora|1\n|-damage|p2a: Incineroar|50/100\n|-damage|p2b: Glimmora|48/100\n|move|p2b: Glimmora|Power Gem|p1a: Typhlosion\n|-supereffective|p1a: Typhlosion|1\n|-enditem|p1a: Typhlosion|Focus Sash\n|-damage|p1a: Typhlosion|1/100\n|\n|upkeep\n|turn|4\n|inactive|konvux84 has 30 seconds left.\n|\n|t:|1776284178\n|switch|p1b: Archaludon|Archaludon, L50, F|100/100\n|-enditem|p2a: Incineroar|Sitrus Berry|[eat]\n|-heal|p2a: Incineroar|75/100|[from] item: Sitrus Berry\n|move|p2a: Incineroar|Fake Out|p1b: Archaludon\n|-resisted|p1b: Archaludon|1\n|-damage|p1b: Archaludon|96/100\n|move|p1a: Typhlosion|Shadow Ball|p2b: Glimmora\n|-damage|p2b: Glimmora|0 fnt\n|faint|p2b: Glimmora\n|\n|upkeep\n|\n|t:|1776284189\n|switch|p2b: Basculegion|Basculegion, L50, M|100/100\n|turn|5\n|\n|t:|1776284203\n|move|p2b: Basculegion|Aqua Jet|p1a: Typhlosion\n|-supereffective|p1a: Typhlosion|1\n|-damage|p1a: Typhlosion|0 fnt\n|faint|p1a: Typhlosion\n|move|p1b: Archaludon|Draco Meteor|p2b: Basculegion\n|-damage|p2b: Basculegion|0 fnt\n|-unboost|p1b: Archaludon|spa|2\n|faint|p2b: Basculegion\n|move|p2a: Incineroar|Parting Shot|p1b: Archaludon\n|-unboost|p1b: Archaludon|atk|1\n|-unboost|p1b: Archaludon|spa|1\n|\n|t:|1776284211\n|switch|p2a: Chesnaught|Chesnaught-Mega, L50, F|100/100|[from] Parting Shot\n|\n|-sideend|p1: konvux84|move: Tailwind\n|upkeep\n|\n|t:|1776284215\n|switch|p1a: Aerodactyl|Aerodactyl, L50, F|72/100\n|switch|p2b: Incineroar|Incineroar, L50, M|75/100\n|-ability|p1a: Aerodactyl|Unnerve\n|-ability|p2b: Incineroar|Intimidate|boost\n|-unboost|p1a: Aerodactyl|atk|1\n|-unboost|p1b: Archaludon|atk|1\n|turn|6\n|\n|t:|1776284232\n|move|p1b: Archaludon|Protect|p1b: Archaludon\n|-singleturn|p1b: Archaludon|Protect\n|move|p2b: Incineroar|Fake Out|p1a: Aerodactyl\n|-resisted|p1a: Aerodactyl|1\n|-damage|p1a: Aerodactyl|64/100\n|cant|p1a: Aerodactyl|flinch\n|move|p2a: Chesnaught|Body Press|p1b: Archaludon\n|-activate|p1b: Archaludon|move: Protect\n|\n|upkeep\n|turn|7\n|\n|t:|1776284251\n|move|p1a: Aerodactyl|Dual Wingbeat|p2a: Chesnaught\n|-supereffective|p2a: Chesnaught|2\n|-damage|p2a: Chesnaught|71/100\n|-supereffective|p2a: Chesnaught|2\n|-damage|p2a: Chesnaught|47/100\n|-hitcount|p2a: Chesnaught|2\n|move|p1b: Archaludon|Draco Meteor|p2b: Incineroar\n|-damage|p2b: Incineroar|44/100\n|-unboost|p1b: Archaludon|spa|2\n|move|p2b: Incineroar|Parting Shot|p1a: Aerodactyl\n|-unboost|p1a: Aerodactyl|atk|1\n|-unboost|p1a: Aerodactyl|spa|1\n|move|p2a: Chesnaught|Iron Defense|p2a: Chesnaught\n|-boost|p2a: Chesnaught|def|2\n|\n|upkeep\n|turn|8\n|\n|t:|1776284273\n|move|p1a: Aerodactyl|Dual Wingbeat|p2a: Chesnaught\n|-supereffective|p2a: Chesnaught|2\n|-damage|p2a: Chesnaught|32/100\n|-supereffective|p2a: Chesnaught|2\n|-damage|p2a: Chesnaught|22/100\n|-hitcount|p2a: Chesnaught|2\n|move|p1b: Archaludon|Draco Meteor|p2a: Chesnaught|[miss]\n|-miss|p1b: Archaludon|p2a: Chesnaught\n|move|p2b: Incineroar|Darkest Lariat|p1b: Archaludon\n|-damage|p1b: Archaludon|67/100\n|move|p2a: Chesnaught|Body Press|p1a: Aerodactyl\n|-damage|p1a: Aerodactyl|0 fnt\n|faint|p1a: Aerodactyl\n|\n|upkeep\n|turn|9\n|\n|t:|1776284292\n|move|p1b: Archaludon|Draco Meteor|p2a: Chesnaught\n|-damage|p2a: Chesnaught|2/100\n|-unboost|p1b: Archaludon|spa|1\n|move|p2b: Incineroar|Parting Shot|p1b: Archaludon\n|-unboost|p1b: Archaludon|atk|1\n|-unboost|p1b: Archaludon|spa|0\n|move|p2a: Chesnaught|Body Press|p1b: Archaludon\n|-supereffective|p1b: Archaludon|1\n|-damage|p1b: Archaludon|0 fnt\n|faint|p1b: Archaludon\n|\n|win|yuriimon\n|raw|konvux84's rating: 1089 &rarr; <strong>1062</strong><br />(-27 for losing)\n|raw|yuriimon's rating: 1037 &rarr; <strong>1077</strong><br />(+40 for winning)\n|l|\u2606konvux84\n|player|p1|\n",
  "uploadtime": 1776284306,
  "views": 18,
  "formatid": "gen9championsvgc2026regma",
  "rating": 1062,
  "private": 0,
  "password": null
}