{
  "id": "gen9championsvgc2026regma-2583123199",
  "format": "[Gen 9 Champions] VGC 2026 Reg M-A",
  "players": [
    "sethwell",
    "snorlax215.2"
  ],
  "log": "|j|\u2606sethwell\n|j|\u2606snorlax215.2\n|t:|1776144770\n|gametype|doubles\n|player|p1|sethwell|blue|1261\n|player|p2|snorlax215.2|101|1319\n|gen|9\n|tier|[Gen 9 Champions] VGC 2026 Reg M-A\n|rated|\n|rule|Species Clause: Limit one of each Pok\u00e9mon\n|rule|Item Clause: Limit 1 of each item\n|clearpoke\n|poke|p1|Blastoise, L50, F|\n|poke|p1|Whimsicott, L50, F|\n|poke|p1|Incineroar, L50, F|\n|poke|p1|Sneasler, L50, F|\n|poke|p1|Kingambit, L50, M|\n|poke|p1|Sinistcha, L50|\n|poke|p2|Charizard, L50, F|\n|poke|p2|Milotic, L50, F|\n|poke|p2|Garchomp, L50, F|\n|poke|p2|Incineroar, L50, F|\n|poke|p2|Sneasler, L50, F|\n|poke|p2|Whimsicott, L50, M|\n|teampreview|4\nsnorlax215.2 has agreed to open team sheets.\n|inactive|Battle timer is ON: inactive players will automatically lose when time's up. (requested by sethwell)\n|c|\u2606snorlax215.2|glhf\n|c|\u2606sethwell|glhf\n|inactive|sethwell has 60 seconds left.\n|\n|t:|1776144830\n|teamsize|p1|4\n|teamsize|p2|4\n|start\n|switch|p1a: Sneasler|Sneasler, L50, F|100/100\n|switch|p1b: Blastoise|Blastoise, L50, F|100/100\n|switch|p2a: Charizard|Charizard, L50, F|100/100\n|switch|p2b: Sneasler|Sneasler, L50, F|100/100\n|turn|1\n|inactive|snorlax215.2 has 30 seconds left.\n|inactive|snorlax215.2 has 20 seconds left.\n|inactive|snorlax215.2 has 15 seconds left.\n|\n|t:|1776144873\n|detailschange|p2a: Charizard|Charizard-Mega-Y, L50, F\n|-mega|p2a: Charizard|Charizard|Charizardite Y\n|-weather|SunnyDay|[from] ability: Drought|[of] p2a: Charizard\n|detailschange|p1b: Blastoise|Blastoise-Mega, L50, F\n|-mega|p1b: Blastoise|Blastoise|Blastoisinite\n|move|p2b: Sneasler|Fake Out|p1b: Blastoise\n|-damage|p1b: Blastoise|84/100\n|move|p1a: Sneasler|Rock Tomb|p2a: Charizard\n|-supereffective|p2a: Charizard|2\n|-damage|p2a: Charizard|0 fnt\n|faint|p2a: Charizard\n|cant|p1b: Blastoise|flinch\n|\n|-weather|SunnyDay|[upkeep]\n|upkeep\n|c|\u2606snorlax215.2|rlly\n|c|\u2606snorlax215.2|rock tomb sneasler\n|c|\u2606snorlax215.2|sick open team sheets\n|inactive|snorlax215.2 has 30 seconds left.\n|\n|t:|1776144902\n|switch|p2a: Garchomp|Garchomp, L50, F|100/100\n|turn|2\n|c|\u2606sethwell|Its quite common actually\n|c|\u2606sethwell|so is rock slide you should know that\n|inactive|sethwell has 30 seconds left.\n|c|\u2606snorlax215.2|havent seen it a single time'\n|inactive|sethwell has 20 seconds left.\n|inactive|sethwell has 15 seconds left.\n|c|\u2606sethwell|Watch more Wolfey\n|inactive|sethwell has 10 seconds left.\n|inactive|sethwell has 5 seconds left.\n|\n|t:|1776144954\n|switch|p1a: Whimsicott|Whimsicott, L50, F|100/100\n|move|p2b: Sneasler|Protect|p2b: Sneasler\n|-singleturn|p2b: Sneasler|Protect\n|move|p1b: Blastoise|Protect|p1b: Blastoise\n|-singleturn|p1b: Blastoise|Protect\n|move|p2a: Garchomp|Earthquake|p1a: Whimsicott|[spread] p1a\n|-activate|p2b: Sneasler|move: Protect\n|-activate|p1b: Blastoise|move: Protect\n|-resisted|p1a: Whimsicott|1\n|-damage|p1a: Whimsicott|72/100\n|\n|-weather|SunnyDay|[upkeep]\n|upkeep\n|turn|3\n|\n|t:|1776144972\n|switch|p2a: Incineroar|Incineroar, L50, F|100/100\n|-ability|p2a: Incineroar|Intimidate|boost\n|-unboost|p1a: Whimsicott|atk|1\n|-unboost|p1b: Blastoise|atk|1\n|move|p1a: Whimsicott|Tailwind|p1a: Whimsicott\n|-sidestart|p1: sethwell|move: Tailwind\n|move|p1b: Blastoise|Water Spout|p2b: Sneasler|[spread] p2a,p2b\n|-supereffective|p2a: Incineroar|1\n|-damage|p2a: Incineroar|55/100\n|-damage|p2b: Sneasler|62/100\n|move|p2b: Sneasler|Dire Claw|p1a: Whimsicott\n|-supereffective|p1a: Whimsicott|2\n|-damage|p1a: Whimsicott|0 fnt\n|faint|p1a: Whimsicott\n|\n|-weather|SunnyDay|[upkeep]\n|upkeep\n|\n|t:|1776144984\n|switch|p1a: Sinistcha|Sinistcha, L50|100/100\n|-heal|p1b: Blastoise|100/100|[from] ability: Hospitality|[of] p1a: Sinistcha\n|turn|4\n|inactive|snorlax215.2 has 30 seconds left.\n|\n|t:|1776145015\n|move|p1b: Blastoise|Protect|p1b: Blastoise\n|-singleturn|p1b: Blastoise|Protect\n|move|p1a: Sinistcha|Protect|p1a: Sinistcha\n|-singleturn|p1a: Sinistcha|Protect\n|move|p2a: Incineroar|Fake Out|p1b: Blastoise\n|-activate|p1b: Blastoise|move: Protect\n|move|p2b: Sneasler|Dire Claw|p1a: Sinistcha\n|-activate|p1a: Sinistcha|move: Protect\n|\n|-weather|SunnyDay|[upkeep]\n|upkeep\n|turn|5\n|\n|t:|1776145026\n|move|p2b: Sneasler|Protect|p2b: Sneasler\n|-singleturn|p2b: Sneasler|Protect\n|move|p1a: Sinistcha|Rage Powder|p1a: Sinistcha\n|-singleturn|p1a: Sinistcha|move: Rage Powder\n|move|p1b: Blastoise|Water Spout|p2a: Incineroar|[spread] p2a\n|-activate|p2b: Sneasler|move: Protect\n|-supereffective|p2a: Incineroar|1\n|-damage|p2a: Incineroar|6/100\n|-enditem|p2a: Incineroar|Sitrus Berry|[eat]\n|-heal|p2a: Incineroar|31/100|[from] item: Sitrus Berry\n|move|p2a: Incineroar|Flare Blitz|p1a: Sinistcha\n|-supereffective|p1a: Sinistcha|1\n|-enditem|p1a: Sinistcha|Occa Berry|[eat]\n|-enditem|p1a: Sinistcha|Occa Berry|[weaken]\n|-damage|p1a: Sinistcha|28/100\n|-damage|p2a: Incineroar|10/100|[from] Recoil\n|\n|-weather|none\n|upkeep\n|turn|6\n|inactive|snorlax215.2 has 30 seconds left.\n|\n|t:|1776145053\n|move|p2b: Sneasler|Protect||[still]\n|-fail|p2b: Sneasler\n|move|p1a: Sinistcha|Rage Powder|p1a: Sinistcha\n|-singleturn|p1a: Sinistcha|move: Rage Powder\n|move|p1b: Blastoise|Shell Smash|p1b: Blastoise\n|-unboost|p1b: Blastoise|def|1\n|-unboost|p1b: Blastoise|spd|1\n|-boost|p1b: Blastoise|atk|2\n|-boost|p1b: Blastoise|spa|2\n|-boost|p1b: Blastoise|spe|2\n|move|p2a: Incineroar|Flare Blitz|p1a: Sinistcha\n|-supereffective|p1a: Sinistcha|1\n|-damage|p1a: Sinistcha|0 fnt\n|faint|p1a: Sinistcha\n|-damage|p2a: Incineroar|2/100|[from] Recoil\n|\n|-sideend|p1: sethwell|move: Tailwind\n|upkeep\n|\n|t:|1776145060\n|switch|p1a: Sneasler|Sneasler, L50, F|100/100\n|turn|7\n|c|\u2606sethwell|gg\n|\n|t:|1776145077\n|move|p1b: Blastoise|Water Spout|p2b: Sneasler|[spread] p2a,p2b\n|-supereffective|p2a: Incineroar|1\n|-damage|p2a: Incineroar|0 fnt\n|-damage|p2b: Sneasler|0 fnt\n|faint|p2a: Incineroar\n|faint|p2b: Sneasler\n|move|p1a: Sneasler|Close Combat|p2: Incineroar|[notarget]\n|-fail|p1a: Sneasler\n|\n|upkeep\n|\n|t:|1776145081\n|switch|p2b: Garchomp|Garchomp, L50, F|100/100\n|turn|8\n|\n|t:|1776145084\n|move|p1b: Blastoise|Water Spout|p2b: Garchomp\n|-damage|p2b: Garchomp|0 fnt\n|faint|p2b: Garchomp\n|\n|win|sethwell\n|raw|sethwell's rating: 1261 &rarr; <strong>1290</strong><br />(+29 for winning)\n|raw|snorlax215.2's rating: 1319 &rarr; <strong>1296</strong><br />(-23 for losing)\n|l|\u2606snorlax215.2\n|player|p2|\n",
  "uploadtime": 1776145102,
  "views": 41,
  "formatid": "gen9championsvgc2026regma",
  "rating": 1290,
  "private": 0,
  "password": null
}