{
  "id": "gen9championsvgc2026regma-2583140054",
  "format": "[Gen 9 Champions] VGC 2026 Reg M-A",
  "players": [
    "Flashcannon80",
    "fangyusuhe"
  ],
  "log": "|j|\u2606Flashcannon80\n|j|\u2606fangyusuhe\n|t:|1776146875\n|gametype|doubles\n|player|p1|Flashcannon80|101|1414\n|player|p2|fangyusuhe|dawn|1422\n|gen|9\n|tier|[Gen 9 Champions] VGC 2026 Reg M-A\n|rated|\n|rule|Species Clause: Limit one of each Pok\u00e9mon\n|rule|Item Clause: Limit 1 of each item\n|clearpoke\n|poke|p1|Gengar, L50, F|\n|poke|p1|Kommo-o, L50, M|\n|poke|p1|Pelipper, L50, F|\n|poke|p1|Incineroar, L50, M|\n|poke|p1|Primarina, L50, M|\n|poke|p1|Maushold-Four, L50|\n|poke|p2|Incineroar, L50, F|\n|poke|p2|Sinistcha, L50|\n|poke|p2|Kingambit, L50, F|\n|poke|p2|Floette-Eternal, L50, F|\n|poke|p2|Dragapult, L50, F|\n|poke|p2|Sneasler, L50, M|\n|teampreview|4\n|inactive|Battle timer is ON: inactive players will automatically lose when time's up. (requested by fangyusuhe)\n|l|\u2606fangyusuhe\n|inactive|fangyusuhe disconnected and has a minute to reconnect!\n|player|p2|\n|\n|t:|1776146901\n|teamsize|p1|4\n|teamsize|p2|4\n|start\n|switch|p1a: Gengar|Gengar, L50, F|100/100\n|switch|p1b: Primarina|Primarina, L50, M|100/100\n|switch|p2a: Floette|Floette-Eternal, L50, F|100/100\n|switch|p2b: Dragapult|Dragapult, L50, F|100/100\n|turn|1\n|j|\u2606fangyusuhe\n|inactive|fangyusuhe reconnected and has 40 seconds left.\n|player|p2|fangyusuhe|dawn|\n|\n|t:|1776146925\n|detailschange|p1a: Gengar|Gengar-Mega, L50, F\n|-mega|p1a: Gengar|Gengar|Gengarite\n|move|p2b: Dragapult|Psychic Fangs|p1a: Gengar\n|-supereffective|p1a: Gengar|1\n|-damage|p1a: Gengar|26/100\n|move|p1a: Gengar|Sludge Bomb|p2a: Floette\n|-supereffective|p2a: Floette|1\n|-damage|p2a: Floette|11/100\n|move|p2a: Floette|Calm Mind|p2a: Floette\n|-boost|p2a: Floette|spa|1\n|-boost|p2a: Floette|spd|1\n|move|p1b: Primarina|Hyper Voice|p2a: Floette|[spread] p2a,p2b\n|-resisted|p2b: Dragapult|1\n|-damage|p2a: Floette|0 fnt\n|-damage|p2b: Dragapult|77/100\n|faint|p2a: Floette\n|\n|upkeep\n|\n|t:|1776146930\n|switch|p2a: Sinistcha|Sinistcha, L50|100/100\n|-heal|p2b: Dragapult|100/100|[from] ability: Hospitality|[of] p2a: Sinistcha\n|turn|2\n|l|\u2606fangyusuhe\n|inactive|fangyusuhe disconnected and has a minute to reconnect!\n|player|p2|\n|\n|t:|1776146952\n|move|p1a: Gengar|Protect|p1a: Gengar\n|-singleturn|p1a: Gengar|Protect\n|move|p2b: Dragapult|Psychic Fangs|p1a: Gengar\n|-activate|p1a: Gengar|move: Protect\n|move|p2a: Sinistcha|Matcha Gotcha|p1a: Gengar|[spread] p1b\n|-activate|p1a: Gengar|move: Protect\n|-supereffective|p1b: Primarina|1\n|-damage|p1b: Primarina|58/100\n|move|p1b: Primarina|Perish Song|p1b: Primarina\n|-start|p1a: Gengar|perish3|[silent]\n|-start|p1b: Primarina|perish3|[silent]\n|-start|p2a: Sinistcha|perish3|[silent]\n|-start|p2b: Dragapult|perish3|[silent]\n|-fieldactivate|move: Perish Song\n|\n|-start|p2b: Dragapult|perish3\n|-start|p1a: Gengar|perish3\n|-start|p2a: Sinistcha|perish3\n|-start|p1b: Primarina|perish3\n|upkeep\n|turn|3\n|j|\u2606fangyusuhe\n|inactive|fangyusuhe reconnected and has 45 seconds left.\n|player|p2|fangyusuhe|dawn|\n|\n|t:|1776146972\n|switch|p1a: Maushold|Maushold-Four, L50|100/100\n|move|p2b: Dragapult|Psychic Fangs|p1a: Maushold\n|-damage|p1a: Maushold|77/100\n|move|p2a: Sinistcha|Matcha Gotcha|p1b: Primarina|[spread] p1a,p1b\n|-supereffective|p1b: Primarina|1\n|-damage|p1a: Maushold|49/100\n|-damage|p1b: Primarina|24/100\n|-status|p1a: Maushold|brn\n|-status|p1b: Primarina|brn\n|move|p1b: Primarina|Moonblast|p2b: Dragapult\n|-supereffective|p2b: Dragapult|1\n|-enditem|p2b: Dragapult|Focus Sash\n|-damage|p2b: Dragapult|1/100\n|\n|-damage|p1a: Maushold|42/100 brn|[from] brn\n|-damage|p1b: Primarina|18/100 brn|[from] brn\n|-start|p2b: Dragapult|perish2\n|-start|p2a: Sinistcha|perish2\n|-start|p1b: Primarina|perish2\n|upkeep\n|turn|4\n|inactive|Flashcannon80 has 30 seconds left.\n|l|\u2606fangyusuhe\n|inactive|fangyusuhe disconnected and has a minute to reconnect!\n|player|p2|\n|inactive|Flashcannon80 has 20 seconds left.\n|j|\u2606fangyusuhe\n|inactive|fangyusuhe reconnected.\n|player|p2|fangyusuhe|dawn|\n|inactive|Flashcannon80 has 15 seconds left.\n|\n|t:|1776147017\n|switch|p2b: Kingambit|Kingambit, L50, F|100/100\n|move|p1b: Primarina|Protect|p1b: Primarina\n|-singleturn|p1b: Primarina|Protect\n|move|p1a: Maushold|Follow Me|p1a: Maushold\n|-singleturn|p1a: Maushold|move: Follow Me\n|move|p2a: Sinistcha|Matcha Gotcha|p1b: Primarina|[spread] \n|-activate|p1b: Primarina|move: Protect\n|-miss|p2a: Sinistcha|p1a: Maushold\n|\n|-damage|p1a: Maushold|36/100 brn|[from] brn\n|-damage|p1b: Primarina|12/100 brn|[from] brn\n|-start|p2a: Sinistcha|perish1\n|-start|p1b: Primarina|perish1\n|upkeep\n|turn|5\n|j| RottenPond\n|inactive|Flashcannon80 has 30 seconds left.\n|\n|t:|1776147047\n|move|p1a: Maushold|Follow Me|p1a: Maushold\n|-singleturn|p1a: Maushold|move: Follow Me\n|move|p2a: Sinistcha|Matcha Gotcha|p1b: Primarina|[spread] p1a,p1b\n|-supereffective|p1b: Primarina|1\n|-damage|p1a: Maushold|8/100 brn\n|-damage|p1b: Primarina|0 fnt\n|faint|p1b: Primarina\n|move|p2b: Kingambit|Kowtow Cleave|p1a: Maushold\n|-damage|p1a: Maushold|0 fnt\n|faint|p1a: Maushold\n|\n|-start|p2a: Sinistcha|perish0\n|upkeep\n|faint|p2a: Sinistcha\n|\n|t:|1776147066\n|switch|p1a: Kommo-o|Kommo-o, L50, M|100/100\n|switch|p2a: Dragapult|Dragapult, L50, F|1/100\n|switch|p1b: Gengar|Gengar-Mega, L50, F|26/100\n|turn|6\n|\n|t:|1776147083\n|move|p1a: Kommo-o|Protect|p1a: Kommo-o\n|-singleturn|p1a: Kommo-o|Protect\n|move|p2a: Dragapult|Dragon Darts|p1b: Gengar\n|-damage|p1b: Gengar|0 fnt\n|faint|p1b: Gengar\n|move|p2b: Kingambit|Kowtow Cleave|p1a: Kommo-o\n|-activate|p1a: Kommo-o|move: Protect\n|\n|upkeep\n|turn|7\n|-message|Flashcannon80 forfeited.\n|\n|win|fangyusuhe\n|raw|Flashcannon80's rating: 1414 &rarr; <strong>1394</strong><br />(-20 for losing)\n|raw|fangyusuhe's rating: 1422 &rarr; <strong>1442</strong><br />(+20 for winning)\n|l|\u2606Flashcannon80\n|player|p1|\n|l|\u2606fangyusuhe\n|player|p2|\n|l| RottenPond\n|j|\u2606fangyusuhe\n|player|p2|fangyusuhe|dawn|\n|l|\u2606fangyusuhe\n|player|p2|\n|j|\u2606fangyusuhe\n|player|p2|fangyusuhe|dawn|\n",
  "uploadtime": 1776147097,
  "views": 49,
  "formatid": "gen9championsvgc2026regma",
  "rating": 1394,
  "private": 0,
  "password": null
}