{
  "id": "gen9championsvgc2026regma-2584768141",
  "format": "[Gen 9 Champions] VGC 2026 Reg M-A",
  "players": [
    "JB Fightemup",
    "PYS_Max"
  ],
  "log": "|j|\u2606JB Fightemup\n|j|\u2606PYS_Max\n|t:|1776282282\n|gametype|doubles\n|player|p1|JB Fightemup|roughneck-gen4|1335\n|player|p2|PYS_Max|clay|1405\n|gen|9\n|tier|[Gen 9 Champions] VGC 2026 Reg M-A\n|rated|\n|rule|Species Clause: Limit one of each Pok\u00e9mon\n|rule|Item Clause: Limit 1 of each item\n|clearpoke\n|poke|p1|Delphox, L50, F|\n|poke|p1|Basculegion, L50, M|\n|poke|p1|Clefable, L50, F|\n|poke|p1|Kingambit, L50, F|\n|poke|p1|Dragonite, L50, F|\n|poke|p1|Sneasler, L50, F|\n|poke|p2|Kangaskhan, L50, F|\n|poke|p2|Milotic, L50, M|\n|poke|p2|Aegislash, L50, F|\n|poke|p2|Incineroar, L50, F|\n|poke|p2|Dragonite, L50, M|\n|poke|p2|Sneasler, L50, F|\n|teampreview|4\n|inactive|Battle timer is ON: inactive players will automatically lose when time's up. (requested by JB Fightemup)\n|inactive|JB Fightemup has 60 seconds left.\n|inactive|PYS_Max has 60 seconds left.\n|inactive|PYS_Max has 30 seconds left.\n|\n|t:|1776282346\n|teamsize|p1|4\n|teamsize|p2|4\n|start\n|switch|p1a: Sneasler|Sneasler, L50, F|100/100\n|switch|p1b: Delphox|Delphox, L50, F, shiny|100/100\n|switch|p2a: Miloti\u0107|Milotic, L50, M|100/100\n|switch|p2b: Kangaskhan|Kangaskhan, L50, F|100/100\n|turn|1\n|\n|t:|1776282370\n|detailschange|p1b: Delphox|Delphox-Mega, L50, F, shiny\n|-mega|p1b: Delphox|Delphox|Delphoxite\n|detailschange|p2b: Kangaskhan|Kangaskhan-Mega, L50, F\n|-mega|p2b: Kangaskhan|Kangaskhan|Kangaskhanite\n|move|p1a: Sneasler|Fake Out|p2b: Kangaskhan\n|-damage|p2b: Kangaskhan|88/100\n|cant|p2b: Kangaskhan|flinch\n|move|p1b: Delphox|Substitute|p1b: Delphox\n|-start|p1b: Delphox|Substitute\n|-damage|p1b: Delphox|76/100\n|move|p2a: Miloti\u0107|Scald|p1b: Delphox\n|-supereffective|p1b: Delphox|1\n|-end|p1b: Delphox|Substitute\n|\n|upkeep\n|turn|2\n|\n|t:|1776282394\n|switch|p1b: Basculegion|Basculegion, L50, M|100/100\n|move|p2b: Kangaskhan|Sucker Punch||[still]\n|-fail|p2b: Kangaskhan\n|move|p1a: Sneasler|Close Combat|p2b: Kangaskhan\n|-supereffective|p2b: Kangaskhan|1\n|-damage|p2b: Kangaskhan|0 fnt\n|-unboost|p1a: Sneasler|def|1\n|-unboost|p1a: Sneasler|spd|1\n|faint|p2b: Kangaskhan\n|move|p2a: Miloti\u0107|Scald|p1a: Sneasler\n|-damage|p1a: Sneasler|46/100\n|-status|p1a: Sneasler|brn\n|\n|-damage|p1a: Sneasler|40/100 brn|[from] brn\n|upkeep\n|\n|t:|1776282408\n|switch|p2b: Aegislash|Aegislash, L50, F|100/100\n|turn|3\n|\n|t:|1776282428\n|switch|p1b: Kingambit|Kingambit, L50, F|100/100\n|move|p1a: Sneasler|Dire Claw|p2a: Miloti\u0107\n|-damage|p2a: Miloti\u0107|83/100\n|-status|p2a: Miloti\u0107|par\n|-formechange|p2b: Aegislash|Aegislash-Blade|\n|move|p2b: Aegislash|Poltergeist|p1b: Kingambit\n|-activate|p1b: Kingambit|move: Poltergeist|Black Glasses\n|-resisted|p1b: Kingambit|1\n|-damage|p1b: Kingambit|70/100\n|move|p2a: Miloti\u0107|Scald|p1b: Kingambit\n|-damage|p1b: Kingambit|41/100\n|-status|p1b: Kingambit|brn\n|\n|-heal|p2a: Miloti\u0107|90/100 par|[from] item: Leftovers\n|-damage|p1a: Sneasler|35/100 brn|[from] brn\n|-damage|p1b: Kingambit|35/100 brn|[from] brn\n|upkeep\n|turn|4\n|c|\u2606JB Fightemup|Ouch\n|inactive|PYS_Max has 30 seconds left.\n|inactive|PYS_Max has 20 seconds left.\n|inactive|PYS_Max has 15 seconds left.\n|\n|t:|1776282469\n|-formechange|p2b: Aegislash|Aegislash|\n|move|p2b: Aegislash|King's Shield|p2b: Aegislash\n|-singleturn|p2b: Aegislash|Protect\n|move|p1a: Sneasler|Dire Claw|p2a: Miloti\u0107\n|-damage|p2a: Miloti\u0107|71/100 par\n|move|p1b: Kingambit|Swords Dance|p1b: Kingambit\n|-boost|p1b: Kingambit|atk|2\n|cant|p2a: Miloti\u0107|par\n|\n|-heal|p2a: Miloti\u0107|78/100 par|[from] item: Leftovers\n|-damage|p1a: Sneasler|29/100 brn|[from] brn\n|-damage|p1b: Kingambit|29/100 brn|[from] brn\n|upkeep\n|turn|5\n|\n|t:|1776282487\n|-formechange|p2b: Aegislash|Aegislash-Blade|\n|move|p2b: Aegislash|Shadow Sneak|p1a: Sneasler\n|-damage|p1a: Sneasler|0 fnt\n|faint|p1a: Sneasler\n|move|p1b: Kingambit|Sucker Punch||[still]\n|-fail|p1b: Kingambit\n|move|p2a: Miloti\u0107|Scald|p1b: Kingambit\n|-damage|p1b: Kingambit|0 fnt\n|faint|p1b: Kingambit\n|\n|-heal|p2a: Miloti\u0107|84/100 par|[from] item: Leftovers\n|upkeep\n|\n|t:|1776282495\n|switch|p1a: Delphox|Delphox-Mega, L50, F, shiny|76/100\n|switch|p1b: Basculegion|Basculegion, L50, M|100/100\n|turn|6\n|\n|t:|1776282510\n|-formechange|p2b: Aegislash|Aegislash|\n|move|p2b: Aegislash|King's Shield|p2b: Aegislash\n|-singleturn|p2b: Aegislash|Protect\n|move|p1a: Delphox|Substitute|p1a: Delphox\n|-start|p1a: Delphox|Substitute\n|-damage|p1a: Delphox|51/100\n|move|p1b: Basculegion|Last Respects|p2a: Miloti\u0107\n|-damage|p2a: Miloti\u0107|0 fnt\n|faint|p2a: Miloti\u0107\n|\n|upkeep\n|\n|t:|1776282520\n|switch|p2a: Sneasler|Sneasler, L50, F|100/100\n|turn|7\n|\n|t:|1776282540\n|-formechange|p2b: Aegislash|Aegislash-Blade|\n|move|p2b: Aegislash|Shadow Sneak|p1b: Basculegion\n|-supereffective|p1b: Basculegion|1\n|-damage|p1b: Basculegion|32/100\n|move|p1a: Delphox|Heat Wave|p2a: Sneasler|[spread] p2a,p2b\n|-supereffective|p2b: Aegislash|1\n|-damage|p2a: Sneasler|39/100\n|-damage|p2b: Aegislash|0 fnt\n|faint|p2b: Aegislash\n|move|p1b: Basculegion|Last Respects|p2a: Sneasler\n|-damage|p2a: Sneasler|0 fnt\n|faint|p2a: Sneasler\n|\n|win|JB Fightemup\n|raw|JB Fightemup's rating: 1335 &rarr; <strong>1359</strong><br />(+24 for winning)\n|raw|PYS_Max's rating: 1405 &rarr; <strong>1381</strong><br />(-24 for losing)\n|l|\u2606PYS_Max\n|player|p2|\n|c|\u2606JB Fightemup|You had me I think\n|j|\u2606PYS_Max\n|player|p2|PYS_Max|clay|\n",
  "uploadtime": 1776282593,
  "views": 33,
  "formatid": "gen9championsvgc2026regma",
  "rating": 1359,
  "private": 0,
  "password": null
}