{
  "id": "gen9championsvgc2026regma-2586352144",
  "format": "[Gen 9 Champions] VGC 2026 Reg M-A",
  "players": [
    "TsekaiAndIncognito",
    "Kyooby"
  ],
  "log": "|j|\u2606TsekaiAndIncognito\n|j|\u2606Kyooby\n|t:|1776427968\n|gametype|doubles\n|player|p1|TsekaiAndIncognito|hilbert|1014\n|player|p2|Kyooby|volkner|1105\n|gen|9\n|tier|[Gen 9 Champions] VGC 2026 Reg M-A\n|rated|\n|rule|Species Clause: Limit one of each Pok\u00e9mon\n|rule|Item Clause: Limit 1 of each item\n|clearpoke\n|poke|p1|Talonflame, L50, M|\n|poke|p1|Floette-Eternal, L50, F|\n|poke|p1|Krookodile, L50, F|\n|poke|p1|Gardevoir, L50, F|\n|poke|p1|Gallade, L50, M|\n|poke|p1|Starmie, L50|\n|poke|p2|Maushold-Four, L50|\n|poke|p2|Gardevoir, L50, M|\n|poke|p2|Espathra, L50, M|\n|poke|p2|Kommo-o, L50, M|\n|poke|p2|Gyarados, L50, M|\n|poke|p2|Heliolisk, L50, M|\n|teampreview|4\n|inactive|Battle timer is ON: inactive players will automatically lose when time's up. (requested by Kyooby)\n|inactive|TsekaiAndIncognito also wants the timer to be on.\n|inactive|Kyooby has 60 seconds left.\n|\n|t:|1776428003\n|teamsize|p1|4\n|teamsize|p2|4\n|start\n|switch|p1a: Starmie|Starmie, L50, shiny|100/100\n|switch|p1b: Talonflame|Talonflame, L50, M|100/100\n|switch|p2a: Maushold|Maushold-Four, L50|100/100\n|switch|p2b: Kommo-o|Kommo-o, L50, M|100/100\n|turn|1\n|\n|t:|1776428018\n|move|p1a: Starmie|Protect|p1a: Starmie\n|-singleturn|p1a: Starmie|Protect\n|move|p2a: Maushold|Follow Me|p2a: Maushold\n|-singleturn|p2a: Maushold|move: Follow Me\n|move|p1b: Talonflame|Tailwind|p1b: Talonflame\n|-sidestart|p1: TsekaiAndIncognito|move: Tailwind\n|move|p2b: Kommo-o|Clangorous Soul|p2b: Kommo-o\n|-boost|p2b: Kommo-o|atk|1\n|-boost|p2b: Kommo-o|def|1\n|-boost|p2b: Kommo-o|spa|1\n|-boost|p2b: Kommo-o|spd|1\n|-boost|p2b: Kommo-o|spe|1\n|-damage|p2b: Kommo-o|68/100\n|\n|-heal|p2b: Kommo-o|73/100|[from] item: Leftovers\n|upkeep\n|turn|2\n|inactive|Kyooby has 30 seconds left.\n|\n|t:|1776428050\n|detailschange|p1a: Starmie|Starmie-Mega, L50, shiny\n|-mega|p1a: Starmie|Starmie|Starminite\n|move|p2b: Kommo-o|Protect|p2b: Kommo-o\n|-singleturn|p2b: Kommo-o|Protect\n|move|p1b: Talonflame|Dual Wingbeat|p2a: Maushold\n|-damage|p2a: Maushold|74/100\n|-damage|p2a: Maushold|52/100\n|-hitcount|p2a: Maushold|2\n|move|p1a: Starmie|Liquidation|p2a: Maushold\n|-damage|p2a: Maushold|0 fnt\n|faint|p2a: Maushold\n|\n|-heal|p2b: Kommo-o|79/100|[from] item: Leftovers\n|upkeep\n|\n|t:|1776428059\n|switch|p2a: Espathra|Espathra, L50, M|100/100\n|turn|3\n|inactive|Kyooby has 30 seconds left.\n|\n|t:|1776428093\n|move|p1a: Starmie|Protect|p1a: Starmie\n|-singleturn|p1a: Starmie|Protect\n|move|p2b: Kommo-o|Protect||[still]\n|-fail|p2b: Kommo-o\n|move|p1b: Talonflame|Dual Wingbeat|p2b: Kommo-o\n|-supereffective|p2b: Kommo-o|1\n|-damage|p2b: Kommo-o|56/100\n|-supereffective|p2b: Kommo-o|1\n|-damage|p2b: Kommo-o|33/100\n|-hitcount|p2b: Kommo-o|2\n|move|p2a: Espathra|Lumina Crash|p1b: Talonflame\n|-damage|p1b: Talonflame|53/100\n|-unboost|p1b: Talonflame|spd|2\n|\n|-heal|p2b: Kommo-o|39/100|[from] item: Leftovers\n|-ability|p2a: Espathra|Speed Boost|boost\n|-boost|p2a: Espathra|spe|1\n|upkeep\n|turn|4\n|inactive|TsekaiAndIncognito has 30 seconds left.\n|\n|t:|1776428121\n|move|p2a: Espathra|Protect|p2a: Espathra\n|-singleturn|p2a: Espathra|Protect\n|move|p2b: Kommo-o|Protect|p2b: Kommo-o\n|-singleturn|p2b: Kommo-o|Protect\n|move|p1b: Talonflame|Dual Wingbeat|p2a: Espathra\n|-activate|p2a: Espathra|move: Protect\n|move|p1a: Starmie|Liquidation|p2a: Espathra\n|-activate|p2a: Espathra|move: Protect\n|\n|-heal|p2b: Kommo-o|44/100|[from] item: Leftovers\n|-sideend|p1: TsekaiAndIncognito|move: Tailwind\n|-ability|p2a: Espathra|Speed Boost|boost\n|-boost|p2a: Espathra|spe|1\n|upkeep\n|turn|5\n|inactive|Kyooby has 30 seconds left.\n|\n|t:|1776428147\n|switch|p1b: Krookodile|Krookodile, L50, F, shiny|100/100\n|move|p1a: Starmie|Protect|p1a: Starmie\n|-singleturn|p1a: Starmie|Protect\n|move|p2a: Espathra|Lumina Crash|p1b: Krookodile\n|-immune|p1b: Krookodile\n|move|p2b: Kommo-o|Clanging Scales|p1b: Krookodile|[spread] p1b\n|-activate|p1a: Starmie|move: Protect\n|-damage|p1b: Krookodile|26/100\n|-unboost|p2b: Kommo-o|def|1\n|\n|-heal|p2b: Kommo-o|50/100|[from] item: Leftovers\n|-ability|p2a: Espathra|Speed Boost|boost\n|-boost|p2a: Espathra|spe|1\n|upkeep\n|turn|6\n|inactive|Kyooby has 30 seconds left.\n|inactive|Kyooby has 20 seconds left.\n|inactive|Kyooby has 15 seconds left.\n|\n|t:|1776428188\n|switch|p1a: Talonflame|Talonflame, L50, M|53/100\n|move|p2a: Espathra|Protect|p2a: Espathra\n|-singleturn|p2a: Espathra|Protect\n|move|p1b: Krookodile|Knock Off|p2a: Espathra\n|-activate|p2a: Espathra|move: Protect\n|move|p2b: Kommo-o|Clanging Scales|p1a: Talonflame|[spread] p1a,p1b\n|-damage|p1a: Talonflame|0 fnt\n|-damage|p1b: Krookodile|0 fnt\n|faint|p1a: Talonflame\n|faint|p1b: Krookodile\n|-unboost|p2b: Kommo-o|def|1\n|\n|-heal|p2b: Kommo-o|56/100|[from] item: Leftovers\n|-ability|p2a: Espathra|Speed Boost|boost\n|-boost|p2a: Espathra|spe|1\n|upkeep\n|\n|t:|1776428200\n|switch|p1a: Gardevoir|Gardevoir, L50, F, shiny|100/100\n|switch|p1b: Starmie|Starmie-Mega, L50, shiny|100/100\n|turn|7\n|inactive|Kyooby has 30 seconds left.\n|inactive|Kyooby has 20 seconds left.\n|inactive|Kyooby has 15 seconds left.\n|\n|t:|1776428244\n|move|p1b: Starmie|Protect|p1b: Starmie\n|-singleturn|p1b: Starmie|Protect\n|move|p2a: Espathra|Lumina Crash|p1b: Starmie\n|-activate|p1b: Starmie|move: Protect\n|move|p2b: Kommo-o|Clanging Scales|p1a: Gardevoir|[spread] \n|-activate|p1b: Starmie|move: Protect\n|-immune|p1a: Gardevoir\n|move|p1a: Gardevoir|Moonblast|p2b: Kommo-o\n|-supereffective|p2b: Kommo-o|2\n|-damage|p2b: Kommo-o|0 fnt\n|faint|p2b: Kommo-o\n|\n|-ability|p2a: Espathra|Speed Boost|boost\n|-boost|p2a: Espathra|spe|1\n|upkeep\n|\n|t:|1776428246\n|switch|p2b: Gardevoir|Gardevoir, L50, M, shiny|100/100\n|-ability|p2b: Gardevoir|Telepathy|Trace|[from] ability: Trace|[of] p1a: Gardevoir\n|turn|8\n|\n|t:|1776428262\n|detailschange|p2b: Gardevoir|Gardevoir-Mega, L50, M, shiny\n|-mega|p2b: Gardevoir|Gardevoir|Gardevoirite\n|move|p1a: Gardevoir|Helping Hand|p1b: Starmie\n|-singleturn|p1b: Starmie|Helping Hand|[of] p1a: Gardevoir\n|move|p2a: Espathra|Lumina Crash|p1b: Starmie\n|-resisted|p1b: Starmie|1\n|-damage|p1b: Starmie|80/100\n|-unboost|p1b: Starmie|spd|2\n|move|p1b: Starmie|Self-Destruct|p2a: Espathra|[spread] p2a,p2b\n|-activate|p1a: Gardevoir|ability: Telepathy\n|-damage|p2a: Espathra|0 fnt\n|-damage|p2b: Gardevoir|0 fnt\n|faint|p1b: Starmie\n|faint|p2a: Espathra\n|faint|p2b: Gardevoir\n|\n|win|TsekaiAndIncognito\n|raw|TsekaiAndIncognito's rating: 1050 &rarr; <strong>1088</strong><br />(+38 for winning)\n|raw|Kyooby's rating: 1105 &rarr; <strong>1076</strong><br />(-29 for losing)\n",
  "uploadtime": 1776428262,
  "views": 23,
  "formatid": "gen9championsvgc2026regma",
  "rating": 1076,
  "private": 0,
  "password": null
}