{
  "id": "gen9championsvgc2026regma-2587056339",
  "format": "[Gen 9 Champions] VGC 2026 Reg M-A",
  "players": [
    "espucdanger11",
    "thoribbin"
  ],
  "log": "|j|\u2606espucdanger11\n|j|\u2606thoribbin\n|t:|1776487635\n|gametype|doubles\n|player|p1|espucdanger11|worker-gen4|1125\n|player|p2|thoribbin|delinquent|1215\n|gen|9\n|tier|[Gen 9 Champions] VGC 2026 Reg M-A\n|rated|\n|rule|Species Clause: Limit one of each Pok\u00e9mon\n|rule|Item Clause: Limit 1 of each item\n|clearpoke\n|poke|p1|Kangaskhan, L50, F|\n|poke|p1|Tyranitar, L50, F|\n|poke|p1|Garchomp, L50, M|\n|poke|p1|Excadrill, L50, F|\n|poke|p1|Sinistcha-Masterpiece, L50|\n|poke|p1|Incineroar, L50, M|\n|poke|p2|Araquanid, L50, M|\n|poke|p2|Pelipper, L50, F|\n|poke|p2|Farigiraf, L50, M|\n|poke|p2|Chesnaught, L50, F|\n|poke|p2|Sneasler, L50, F|\n|poke|p2|Incineroar, L50, M|\n|teampreview|4\n|inactive|Battle timer is ON: inactive players will automatically lose when time's up. (requested by espucdanger11)\n|\n|t:|1776487643\n|teamsize|p1|4\n|teamsize|p2|4\n|start\n|switch|p1a: Tyranitar|Tyranitar, L50, F|100/100\n|switch|p1b: Garchomp|Garchomp, L50, M|100/100\n|switch|p2a: Farigiraf|Farigiraf, L50, M|100/100\n|switch|p2b: Pelipper|Pelipper, L50, F|100/100\n|-weather|Sandstorm|[from] ability: Sand Stream|[of] p1a: Tyranitar\n|-weather|RainDance|[from] ability: Drizzle|[of] p2b: Pelipper\n|turn|1\n|\n|t:|1776487659\n|move|p2b: Pelipper|Protect|p2b: Pelipper\n|-singleturn|p2b: Pelipper|Protect\n|move|p1b: Garchomp|Rock Slide|p2b: Pelipper|[spread] p2a\n|-activate|p2b: Pelipper|move: Protect\n|-damage|p2a: Farigiraf|86/100\n|move|p1a: Tyranitar|Knock Off|p2a: Farigiraf\n|-supereffective|p2a: Farigiraf|1\n|-damage|p2a: Farigiraf|4/100\n|-enditem|p2a: Farigiraf|Sitrus Berry|[from] move: Knock Off|[of] p1a: Tyranitar\n|move|p2a: Farigiraf|Trick Room|p2a: Farigiraf\n|-fieldstart|move: Trick Room|[of] p2a: Farigiraf\n|\n|-weather|RainDance|[upkeep]\n|upkeep\n|turn|2\n|\n|t:|1776487682\n|switch|p1a: Incineroar|Incineroar, L50, M|100/100\n|-ability|p1a: Incineroar|Intimidate|boost\n|-unboost|p2a: Farigiraf|atk|1\n|-unboost|p2b: Pelipper|atk|1\n|move|p2a: Farigiraf|Psychic|p1b: Garchomp|[miss]\n|-miss|p2a: Farigiraf|p1b: Garchomp\n|move|p2b: Pelipper|Weather Ball|p1b: Garchomp\n|-damage|p1b: Garchomp|20/100\n|move|p1b: Garchomp|Rock Slide|p2a: Farigiraf|[spread] p2a,p2b\n|-supereffective|p2b: Pelipper|1\n|-damage|p2a: Farigiraf|0 fnt\n|-damage|p2b: Pelipper|57/100\n|faint|p2a: Farigiraf\n|\n|-weather|RainDance|[upkeep]\n|upkeep\n|\n|t:|1776487696\n|switch|p2a: Araquanid|Araquanid, L50, M|100/100\n|turn|3\n|\n|t:|1776487710\n|move|p1a: Incineroar|Fake Out|p2b: Pelipper\n|-damage|p2b: Pelipper|42/100\n|move|p2a: Araquanid|Liquidation|p1a: Incineroar\n|-supereffective|p1a: Incineroar|1\n|-damage|p1a: Incineroar|0 fnt\n|faint|p1a: Incineroar\n|cant|p2b: Pelipper|flinch\n|move|p1b: Garchomp|Rock Slide|p2b: Pelipper|[spread] p2a,p2b\n|-supereffective|p2a: Araquanid|1\n|-supereffective|p2b: Pelipper|1\n|-damage|p2a: Araquanid|59/100\n|-damage|p2b: Pelipper|0 fnt\n|faint|p2b: Pelipper\n|\n|-weather|RainDance|[upkeep]\n|upkeep\n|inactive|espucdanger11 has 30 seconds left.\n|\n|t:|1776487736\n|switch|p2b: Chesnaught|Chesnaught, L50, F|100/100\n|switch|p1a: Tyranitar|Tyranitar, L50, F|100/100\n|-weather|Sandstorm|[from] ability: Sand Stream|[of] p1a: Tyranitar\n|turn|4\n|\n|t:|1776487752\n|move|p2a: Araquanid|Liquidation|p1a: Tyranitar\n|-supereffective|p1a: Tyranitar|1\n|-damage|p1a: Tyranitar|0 fnt\n|faint|p1a: Tyranitar\n|move|p2b: Chesnaught|Body Press|p1b: Garchomp\n|-damage|p1b: Garchomp|0 fnt\n|faint|p1b: Garchomp\n|\n|-weather|Sandstorm|[upkeep]\n|-damage|p2a: Araquanid|54/100|[from] Sandstorm\n|-damage|p2b: Chesnaught|94/100|[from] Sandstorm\n|upkeep\n|j| i hate swaggy\n|c| i hate swaggy|go my thoribbin\n|c| i hate swaggy|fuck this loser up\n|c|\u2606thoribbin|>.<\n|inactive|espucdanger11 has 30 seconds left.\n|\n|t:|1776487783\n|switch|p1b: Excadrill|Excadrill, L50, F|100/100\n|turn|5\n|j|@a fairy\n|c| i hate swaggy|excadrill more like excagone\n|c| i hate swaggy|L\n|\n|t:|1776487791\n|detailschange|p2b: Chesnaught|Chesnaught-Mega, L50, F\n|-mega|p2b: Chesnaught|Chesnaught|Chesnaughtite\n|move|p2a: Araquanid|Liquidation|p1b: Excadrill\n|-supereffective|p1b: Excadrill|1\n|-enditem|p1b: Excadrill|Focus Sash\n|-damage|p1b: Excadrill|1/100\n|move|p2b: Chesnaught|Drain Punch|p1b: Excadrill\n|-supereffective|p1b: Excadrill|1\n|-damage|p1b: Excadrill|0 fnt\n|-heal|p2b: Chesnaught|95/100|[from] drain|[of] p1b: Excadrill\n|faint|p1b: Excadrill\n|\n|win|thoribbin\n|raw|espucdanger11's rating: 1125 &rarr; <strong>1106</strong><br />(-19 for losing)\n|raw|thoribbin's rating: 1215 &rarr; <strong>1234</strong><br />(+19 for winning)\n|l|@a fairy\n|j|@a fairy\n|c|@a fairy|/log i hate swaggy was warned by a fairy. (don't be rude in battles)\n|hidelines|unlink|ihateswaggy\n|c|~|/raw If you have questions about this action, please contact staff by making a <a href=\"view-help-request\" class=\"button\">help ticket</a>\n|l|@a fairy\n|l|\u2606thoribbin\n|player|p2|\n|l|\u2606espucdanger11\n|player|p1|\n",
  "uploadtime": 1776487767,
  "views": 16,
  "formatid": "gen9championsvgc2026regma",
  "rating": 1106,
  "private": 0,
  "password": null
}