{
  "id": "gen9championsvgc2026regma-2586581115",
  "format": "[Gen 9 Champions] VGC 2026 Reg M-A",
  "players": [
    "Mononoke24",
    "Hellhoundvetica"
  ],
  "log": "|j|\u2606Mononoke24\n|j|\u2606Hellhoundvetica\n|t:|1776444626\n|gametype|doubles\n|player|p1|Mononoke24|depotagent|1371\n|player|p2|Hellhoundvetica|bellelba|1428\n|gen|9\n|tier|[Gen 9 Champions] VGC 2026 Reg M-A\n|rated|\n|rule|Species Clause: Limit one of each Pok\u00e9mon\n|rule|Item Clause: Limit 1 of each item\n|clearpoke\n|poke|p1|Skarmory, L50, F|\n|poke|p1|Greninja-*, L50, M|\n|poke|p1|Garchomp, L50, F|\n|poke|p1|Rotom-Heat, L50|\n|poke|p1|Sneasler, L50, M|\n|poke|p1|Sinistcha, L50|\n|poke|p2|Farigiraf, L50, M|\n|poke|p2|Torkoal, L50, F|\n|poke|p2|Decidueye-Hisui, L50, F|\n|poke|p2|Tyranitar, L50, F|\n|poke|p2|Milotic, L50, M|\n|poke|p2|Scizor, L50, M|\n|teampreview|4\n|\n|t:|1776444672\n|teamsize|p1|4\n|teamsize|p2|4\n|start\n|switch|p1a: Garchomp|Garchomp, L50, F|100/100\n|switch|p1b: Sneasler|Sneasler, L50, M|100/100\n|switch|p2a: Farigiraf|Farigiraf, L50, M|100/100\n|switch|p2b: Scizor|Scizor, L50, M|100/100\n|turn|1\n|\n|t:|1776444683\n|detailschange|p2b: Scizor|Scizor-Mega, L50, M\n|-mega|p2b: Scizor|Scizor|Scizorite\n|move|p2a: Farigiraf|Protect|p2a: Farigiraf\n|-singleturn|p2a: Farigiraf|Protect\n|move|p1b: Sneasler|Coaching|p1a: Garchomp\n|-boost|p1a: Garchomp|atk|1\n|-boost|p1a: Garchomp|def|1\n|move|p2b: Scizor|Tailwind|p2b: Scizor\n|-sidestart|p2: Hellhoundvetica|move: Tailwind\n|move|p1a: Garchomp|Dragon Tail|p2a: Farigiraf\n|-activate|p2a: Farigiraf|move: Protect\n|\n|upkeep\n|turn|2\n|\n|t:|1776444699\n|switch|p1b: Rotom|Rotom-Heat, L50|100/100\n|move|p2b: Scizor|Bug Bite|p1a: Garchomp\n|-damage|p1a: Garchomp|77/100\n|-enditem|p1a: Garchomp|Sitrus Berry|[from] stealeat|[move] Bug Bite|[of] p2b: Scizor\n|-damage|p2b: Scizor|88/100|[from] ability: Rough Skin|[of] p1a: Garchomp\n|move|p2a: Farigiraf|Psychic|p1b: Rotom\n|-damage|p1b: Rotom|43/100\n|-unboost|p1b: Rotom|spd|1\n|move|p1a: Garchomp|Earthquake|p2a: Farigiraf|[spread] p2a,p2b\n|-immune|p1b: Rotom|[from] ability: Levitate\n|-damage|p2a: Farigiraf|49/100\n|-damage|p2b: Scizor|54/100\n|\n|upkeep\n|turn|3\n|\n|t:|1776444721\n|move|p1b: Rotom|Discharge|p2b: Scizor|[spread] p2a,p2b\n|-immune|p1a: Garchomp\n|-damage|p2a: Farigiraf|19/100\n|-damage|p2b: Scizor|25/100\n|-status|p2b: Scizor|par\n|move|p2a: Farigiraf|Hyper Voice|p1b: Rotom|[spread] p1a,p1b\n|-damage|p1a: Garchomp|46/100\n|-damage|p1b: Rotom|0 fnt\n|faint|p1b: Rotom\n|move|p1a: Garchomp|Earthquake|p2a: Farigiraf|[spread] p2a,p2b\n|-damage|p2a: Farigiraf|0 fnt\n|-damage|p2b: Scizor|0 fnt\n|faint|p2a: Farigiraf\n|faint|p2b: Scizor\n|\n|upkeep\n|\n|t:|1776444735\n|switch|p1b: Sneasler|Sneasler, L50, M|100/100\n|switch|p2b: Torkoal|Torkoal, L50, F|100/100\n|switch|p2a: Milotic|Milotic, L50, M|100/100\n|-weather|SunnyDay|[from] ability: Drought|[of] p2b: Torkoal\n|turn|4\n|\n|t:|1776444751\n|move|p2b: Torkoal|Protect|p2b: Torkoal\n|-singleturn|p2b: Torkoal|Protect\n|move|p1b: Sneasler|Fake Out|p2a: Milotic\n|-damage|p2a: Milotic|88/100\n|cant|p2a: Milotic|flinch\n|move|p1a: Garchomp|Earthquake|p2a: Milotic|[spread] p1b,p2a\n|-activate|p2b: Torkoal|move: Protect\n|-supereffective|p1b: Sneasler|1\n|-enditem|p1b: Sneasler|Focus Sash\n|-damage|p1b: Sneasler|1/100\n|-damage|p2a: Milotic|50/100\n|-enditem|p2a: Milotic|Sitrus Berry|[eat]\n|-heal|p2a: Milotic|75/100|[from] item: Sitrus Berry\n|\n|-weather|SunnyDay|[upkeep]\n|-sideend|p2: Hellhoundvetica|move: Tailwind\n|upkeep\n|turn|5\n|\n|t:|1776444767\n|move|p2b: Torkoal|Protect||[still]\n|-fail|p2b: Torkoal\n|move|p1b: Sneasler|Close Combat|p2a: Milotic\n|-damage|p2a: Milotic|29/100\n|-unboost|p1b: Sneasler|def|1\n|-unboost|p1b: Sneasler|spd|1\n|move|p1a: Garchomp|Earthquake|p2b: Torkoal|[spread] p1b,p2a,p2b\n|-supereffective|p1b: Sneasler|1\n|-supereffective|p2b: Torkoal|1\n|-damage|p1b: Sneasler|0 fnt\n|-damage|p2a: Milotic|0 fnt\n|-damage|p2b: Torkoal|25/100\n|faint|p1b: Sneasler\n|faint|p2a: Milotic\n|\n|-weather|SunnyDay|[upkeep]\n|upkeep\n|\n|t:|1776444769\n|switch|p1b: Skarmory|Skarmory, L50, F, shiny|100/100\n|turn|6\n|\n|t:|1776444781\n|move|p1a: Garchomp|Earthquake|p2b: Torkoal|[spread] p2b\n|-immune|p1b: Skarmory\n|-supereffective|p2b: Torkoal|1\n|-damage|p2b: Torkoal|0 fnt\n|faint|p2b: Torkoal\n|\n|win|Mononoke24\n|raw|Mononoke24's rating: 1371 &rarr; <strong>1394</strong><br />(+23 for winning)\n|raw|Hellhoundvetica's rating: 1428 &rarr; <strong>1405</strong><br />(-23 for losing)\n|l|\u2606Hellhoundvetica\n|player|p2|\n|c|\u2606Mononoke24|ggs!\n",
  "uploadtime": 1776444839,
  "views": 53,
  "formatid": "gen9championsvgc2026regma",
  "rating": 1394,
  "private": 0,
  "password": null
}