{
  "id": "gen9championsvgc2026regma-2585450368",
  "format": "[Gen 9 Champions] VGC 2026 Reg M-A",
  "players": [
    "realbananasnail",
    "melon storme"
  ],
  "log": "|j|\u2606realbananasnail\n|j|\u2606melon storme\n|t:|1776348121\n|gametype|doubles\n|player|p1|realbananasnail|102|1096\n|player|p2|melon storme|kieran-festival|1192\n|gen|9\n|tier|[Gen 9 Champions] VGC 2026 Reg M-A\n|rated|\n|rule|Species Clause: Limit one of each Pok\u00e9mon\n|rule|Item Clause: Limit 1 of each item\n|clearpoke\n|poke|p1|Lucario, L50, M|\n|poke|p1|Delphox, L50, F|\n|poke|p1|Incineroar, L50, M|\n|poke|p1|Meowscarada, L50, F|\n|poke|p1|Primarina, L50, M|\n|poke|p1|Aerodactyl, L50, F|\n|poke|p2|Kingambit, L50, F|\n|poke|p2|Zoroark-Hisui, L50, F|\n|poke|p2|Froslass, L50, F|\n|poke|p2|Beartic, L50, M|\n|poke|p2|Primarina, L50, M|\n|poke|p2|Sneasler, L50, M|\n|teampreview|4\n|\n|t:|1776348166\n|teamsize|p1|4\n|teamsize|p2|4\n|start\n|switch|p1a: Incineroar|Incineroar, L50, M|100/100\n|switch|p1b: Aerodactyl|Aerodactyl, L50, F|100/100\n|switch|p2a: Froslass|Froslass, L50, F|100/100\n|switch|p2b: Beartic|Beartic, L50, M|100/100\n|-ability|p1b: Aerodactyl|Unnerve\n|-ability|p1a: Incineroar|Intimidate|boost\n|-unboost|p2a: Froslass|atk|1\n|-unboost|p2b: Beartic|atk|1\n|turn|1\n|\n|t:|1776348184\n|detailschange|p2a: Froslass|Froslass-Mega, L50, F\n|-mega|p2a: Froslass|Froslass|Froslassite\n|-weather|Snowscape|[from] ability: Snow Warning|[of] p2a: Froslass\n|move|p1a: Incineroar|Fake Out|p2b: Beartic\n|-crit|p2b: Beartic\n|-damage|p2b: Beartic|87/100\n|cant|p2b: Beartic|flinch\n|move|p1b: Aerodactyl|Tailwind|p1b: Aerodactyl\n|-sidestart|p1: realbananasnail|move: Tailwind\n|move|p2a: Froslass|Aurora Veil|p2a: Froslass\n|-sidestart|p2: melon storme|move: Aurora Veil\n|\n|-weather|Snowscape|[upkeep]\n|upkeep\n|turn|2\n|\n|t:|1776348197\n|move|p2a: Froslass|Protect|p2a: Froslass\n|-singleturn|p2a: Froslass|Protect\n|move|p1b: Aerodactyl|Rock Slide|p2b: Beartic|[spread] p2b\n|-activate|p2a: Froslass|move: Protect\n|-supereffective|p2b: Beartic|1\n|-damage|p2b: Beartic|56/100\n|move|p1a: Incineroar|Flare Blitz|p2a: Froslass\n|-activate|p2a: Froslass|move: Protect\n|cant|p2b: Beartic|flinch\n|\n|-weather|Snowscape|[upkeep]\n|upkeep\n|turn|3\n|\n|t:|1776348213\n|move|p1b: Aerodactyl|Rock Slide|p2a: Froslass|[spread] p2a,p2b\n|-supereffective|p2a: Froslass|1\n|-supereffective|p2b: Beartic|1\n|-damage|p2a: Froslass|66/100\n|-damage|p2b: Beartic|30/100\n|move|p1a: Incineroar|Flare Blitz|p2a: Froslass\n|-supereffective|p2a: Froslass|1\n|-damage|p2a: Froslass|2/100\n|-damage|p1a: Incineroar|84/100|[from] Recoil\n|move|p2b: Beartic|Liquidation|p1a: Incineroar\n|-supereffective|p1a: Incineroar|1\n|-damage|p1a: Incineroar|43/100\n|move|p2a: Froslass|Blizzard|p1b: Aerodactyl|[spread] p1a,p1b\n|-resisted|p1a: Incineroar|1\n|-supereffective|p1b: Aerodactyl|1\n|-damage|p1a: Incineroar|25/100\n|-enditem|p1b: Aerodactyl|Focus Sash\n|-damage|p1b: Aerodactyl|1/100\n|\n|-weather|Snowscape|[upkeep]\n|-heal|p1a: Incineroar|30/100|[from] item: Leftovers\n|upkeep\n|turn|4\n|\n|t:|1776348240\n|move|p2a: Froslass|Protect|p2a: Froslass\n|-singleturn|p2a: Froslass|Protect\n|move|p1b: Aerodactyl|Rock Slide|p2b: Beartic|[spread] p2b\n|-activate|p2a: Froslass|move: Protect\n|-supereffective|p2b: Beartic|1\n|-damage|p2b: Beartic|4/100\n|move|p1a: Incineroar|Parting Shot|p2b: Beartic\n|-unboost|p2b: Beartic|atk|1\n|-unboost|p2b: Beartic|spa|1\n|\n|t:|1776348251\n|switch|p1a: Delphox|Delphox, L50, F|100/100|[from] Parting Shot\n|move|p2b: Beartic|Liquidation|p1b: Aerodactyl\n|-supereffective|p1b: Aerodactyl|1\n|-damage|p1b: Aerodactyl|0 fnt\n|-enditem|p2b: Beartic|Sitrus Berry|[eat]\n|-heal|p2b: Beartic|29/100|[from] item: Sitrus Berry\n|faint|p1b: Aerodactyl\n|\n|-weather|Snowscape|[upkeep]\n|-sideend|p1: realbananasnail|move: Tailwind\n|upkeep\n|\n|t:|1776348263\n|switch|p1b: Incineroar|Incineroar, L50, M|30/100\n|-ability|p1b: Incineroar|Intimidate|boost\n|-unboost|p2a: Froslass|atk|1\n|-unboost|p2b: Beartic|atk|1\n|turn|5\n|\n|t:|1776348283\n|detailschange|p1a: Delphox|Delphox-Mega, L50, F\n|-mega|p1a: Delphox|Delphox|Delphoxite\n|move|p2b: Beartic|Liquidation|p1a: Delphox\n|-supereffective|p1a: Delphox|1\n|-damage|p1a: Delphox|68/100\n|move|p2a: Froslass|Shadow Ball|p1a: Delphox\n|-supereffective|p1a: Delphox|1\n|-damage|p1a: Delphox|0 fnt\n|faint|p1a: Delphox\n|move|p1b: Incineroar|Flare Blitz|p2a: Froslass\n|-supereffective|p2a: Froslass|1\n|-damage|p2a: Froslass|0 fnt\n|faint|p2a: Froslass\n|-damage|p1b: Incineroar|30/100|[from] Recoil\n|\n|-weather|none\n|-heal|p1b: Incineroar|36/100|[from] item: Leftovers\n|-sideend|p2: melon storme|move: Aurora Veil\n|upkeep\n|\n|t:|1776348297\n|switch|p2a: Primarina|Primarina, L50, M|100/100\n|switch|p1a: Meowscarada|Meowscarada, L50, F|100/100\n|turn|6\n|\n|t:|1776348309\n|move|p1a: Meowscarada|Knock Off|p2a: Primarina\n|-start|p1a: Meowscarada|typechange|Dark|[from] ability: Protean\n|-resisted|p2a: Primarina|1\n|-damage|p2a: Primarina|70/100\n|-enditem|p2a: Primarina|Choice Scarf|[from] move: Knock Off|[of] p1a: Meowscarada\n|move|p2a: Primarina|Moonblast|p1a: Meowscarada\n|-supereffective|p1a: Meowscarada|1\n|-damage|p1a: Meowscarada|0 fnt\n|faint|p1a: Meowscarada\n|move|p2b: Beartic|Close Combat|p1b: Incineroar\n|-supereffective|p1b: Incineroar|1\n|-damage|p1b: Incineroar|2/100\n|-unboost|p2b: Beartic|def|1\n|-unboost|p2b: Beartic|spd|1\n|move|p1b: Incineroar|Flare Blitz|p2b: Beartic\n|-supereffective|p2b: Beartic|1\n|-damage|p2b: Beartic|0 fnt\n|faint|p2b: Beartic\n|-damage|p1b: Incineroar|0 fnt|[from] Recoil\n|faint|p1b: Incineroar\n|\n|win|melon storme\n|raw|realbananasnail's rating: 1096 &rarr; <strong>1078</strong><br />(-18 for losing)\n|raw|melon storme's rating: 1192 &rarr; <strong>1210</strong><br />(+18 for winning)\n|c|\u2606melon storme|ggs\n",
  "uploadtime": 1776348325,
  "views": 30,
  "formatid": "gen9championsvgc2026regma",
  "rating": 1078,
  "private": 0,
  "password": null
}