{
  "id": "gen9championsvgc2026regma-2588602342",
  "format": "[Gen 9 Champions] VGC 2026 Reg M-A",
  "players": [
    "Warehouse User",
    "ykjgvuyt"
  ],
  "log": "|j|\u2606Warehouse User\n|j|\u2606ykjgvuyt\n|t:|1776649115\n|gametype|doubles\n|player|p1|Warehouse User|170|1044\n|player|p2|ykjgvuyt|2|1000\n|gen|9\n|tier|[Gen 9 Champions] VGC 2026 Reg M-A\n|rated|\n|rule|Species Clause: Limit one of each Pok\u00e9mon\n|rule|Item Clause: Limit 1 of each item\n|clearpoke\n|poke|p1|Aegislash, L50, M|\n|poke|p1|Maushold-Four, L50|\n|poke|p1|Azumarill, L50, M|\n|poke|p1|Whimsicott, L50, F|\n|poke|p1|Glimmora, L50, F|\n|poke|p1|Castform, L50, F|\n|poke|p2|Farigiraf, L50, F|\n|poke|p2|Kingambit, L50, M|\n|poke|p2|Rampardos, L50, M|\n|poke|p2|Whimsicott, L50, M|\n|poke|p2|Emboar, L50, F|\n|poke|p2|Araquanid, L50, F|\n|teampreview|4\n|\n|t:|1776649139\n|teamsize|p1|4\n|teamsize|p2|4\n|start\n|switch|p1a: Aegislash|Aegislash, L50, M|100/100\n|switch|p1b: Maushold|Maushold-Four, L50|100/100\n|switch|p2a: Farigiraf|Farigiraf, L50, F|100/100\n|switch|p2b: Kingambit|Kingambit, L50, M|100/100\n|turn|1\n|\n|t:|1776649158\n|move|p2b: Kingambit|Sucker Punch||[still]\n|-fail|p2b: Kingambit\n|move|p1b: Maushold|Super Fang|p2a: Farigiraf\n|-damage|p2a: Farigiraf|51/100\n|move|p1a: Aegislash|Swords Dance|p1a: Aegislash\n|-boost|p1a: Aegislash|atk|2\n|move|p2a: Farigiraf|Trick Room|p2a: Farigiraf\n|-fieldstart|move: Trick Room|[of] p2a: Farigiraf\n|\n|-heal|p2a: Farigiraf|57/100|[from] item: Leftovers\n|upkeep\n|turn|2\n|\n|t:|1776649175\n|switch|p2a: Rampardos|Rampardos, L50, M|100/100\n|move|p1b: Maushold|Follow Me|p1b: Maushold\n|-singleturn|p1b: Maushold|move: Follow Me\n|move|p2b: Kingambit|Kowtow Cleave|p1b: Maushold\n|-damage|p1b: Maushold|44/100\n|-formechange|p1a: Aegislash|Aegislash-Blade|\n|move|p1a: Aegislash|Sacred Sword|p2b: Kingambit\n|-supereffective|p2b: Kingambit|2\n|-damage|p2b: Kingambit|0 fnt\n|faint|p2b: Kingambit\n|\n|upkeep\n|\n|t:|1776649184\n|switch|p2b: Emboar|Emboar, L50, F|100/100\n|turn|3\n|\n|t:|1776649211\n|detailschange|p2b: Emboar|Emboar-Mega, L50, F\n|-mega|p2b: Emboar|Emboar|Emboarite\n|-ability|p2b: Emboar|Mold Breaker\n|move|p1b: Maushold|Follow Me|p1b: Maushold\n|-singleturn|p1b: Maushold|move: Follow Me\n|move|p2a: Rampardos|Head Smash|p1b: Maushold\n|-damage|p1b: Maushold|0 fnt\n|faint|p1b: Maushold\n|-damage|p2a: Rampardos|83/100|[from] Recoil\n|move|p1a: Aegislash|Iron Head|p2a: Rampardos\n|-supereffective|p2a: Rampardos|1\n|-damage|p2a: Rampardos|0 fnt\n|faint|p2a: Rampardos\n|move|p2b: Emboar|Flare Blitz|p1a: Aegislash\n|-supereffective|p1a: Aegislash|1\n|-damage|p1a: Aegislash|0 fnt\n|faint|p1a: Aegislash\n|-damage|p2b: Emboar|75/100|[from] Recoil\n|\n|upkeep\n|\n|t:|1776649231\n|switch|p2a: Farigiraf|Farigiraf, L50, F|57/100\n|switch|p1a: Azumarill|Azumarill, L50, M|100/100\n|switch|p1b: Glimmora|Glimmora, L50, F|100/100\n|turn|4\n|\n|t:|1776649251\n|detailschange|p1b: Glimmora|Glimmora-Mega, L50, F\n|-mega|p1b: Glimmora|Glimmora|Glimmoranite\n|move|p1a: Azumarill|Protect|p1a: Azumarill\n|-singleturn|p1a: Azumarill|Protect\n|move|p1b: Glimmora|Spiky Shield|p1b: Glimmora\n|-singleturn|p1b: Glimmora|move: Protect\n|move|p2a: Farigiraf|Psychic|p1a: Azumarill\n|-activate|p1a: Azumarill|move: Protect\n|move|p2b: Emboar|Flare Blitz|p1a: Azumarill\n|-activate|p1a: Azumarill|move: Protect\n|\n|-heal|p2a: Farigiraf|63/100|[from] item: Leftovers\n|upkeep\n|turn|5\n|\n|t:|1776649277\n|move|p1a: Azumarill|Aqua Jet||[still]\n|cant|p2a: Farigiraf|ability: Armor Tail|Aqua Jet|[of] p1a: Azumarill\n|move|p2a: Farigiraf|Psychic|p1a: Azumarill\n|-damage|p1a: Azumarill|58/100\n|move|p2b: Emboar|Flare Blitz|p1a: Azumarill\n|-resisted|p1a: Azumarill|1\n|-damage|p1a: Azumarill|21/100\n|-enditem|p1a: Azumarill|Sitrus Berry|[eat]\n|-heal|p1a: Azumarill|46/100|[from] item: Sitrus Berry\n|-damage|p2b: Emboar|64/100|[from] Recoil\n|move|p1b: Glimmora|Earth Power|p2b: Emboar\n|-supereffective|p2b: Emboar|1\n|-damage|p2b: Emboar|7/100\n|\n|-heal|p2a: Farigiraf|69/100|[from] item: Leftovers\n|-fieldend|move: Trick Room\n|upkeep\n|turn|6\n|\n|t:|1776649321\n|move|p1b: Glimmora|Earth Power|p2b: Emboar\n|-supereffective|p2b: Emboar|1\n|-damage|p2b: Emboar|0 fnt\n|faint|p2b: Emboar\n|move|p1a: Azumarill|Play Rough|p2a: Farigiraf\n|-damage|p2a: Farigiraf|8/100\n|move|p2a: Farigiraf|Trick Room|p2a: Farigiraf\n|-fieldstart|move: Trick Room|[of] p2a: Farigiraf\n|\n|-heal|p2a: Farigiraf|14/100|[from] item: Leftovers\n|upkeep\n|turn|7\n|\n|t:|1776649336\n|move|p1a: Azumarill|Protect|p1a: Azumarill\n|-singleturn|p1a: Azumarill|Protect\n|move|p1b: Glimmora|Spiky Shield|p1b: Glimmora\n|-singleturn|p1b: Glimmora|move: Protect\n|move|p2a: Farigiraf|Psychic|p1b: Glimmora\n|-activate|p1b: Glimmora|move: Protect\n|\n|-heal|p2a: Farigiraf|20/100|[from] item: Leftovers\n|upkeep\n|turn|8\n|\n|t:|1776649350\n|move|p2a: Farigiraf|Psychic|p1b: Glimmora\n|-supereffective|p1b: Glimmora|1\n|-damage|p1b: Glimmora|9/100\n|-unboost|p1b: Glimmora|spd|1\n|move|p1a: Azumarill|Play Rough|p2a: Farigiraf\n|-damage|p2a: Farigiraf|0 fnt\n|faint|p2a: Farigiraf\n|\n|win|Warehouse User\n|raw|Warehouse User's rating: 1044 &rarr; <strong>1073</strong><br />(+29 for winning)\n|raw|ykjgvuyt's rating: 1000 &rarr; <strong>1000</strong><br />(+0 for losing)\n",
  "uploadtime": 1776649364,
  "views": 5,
  "formatid": "gen9championsvgc2026regma",
  "rating": 1000,
  "private": 0,
  "password": null
}