{
  "id": "gen9championsvgc2026regma-2586907774",
  "format": "[Gen 9 Champions] VGC 2026 Reg M-A",
  "players": [
    "Wo-Chien<3",
    "quadmodetest"
  ],
  "log": "|j|\u2606Wo-Chien<3\n|j|\u2606quadmodetest\n|t:|1776470679\n|gametype|doubles\n|player|p1|Wo-Chien<3|miku-ground|1000\n|player|p2|quadmodetest|crasherwake|1000\n|gen|9\n|tier|[Gen 9 Champions] VGC 2026 Reg M-A\n|rated|\n|rule|Species Clause: Limit one of each Pok\u00e9mon\n|rule|Item Clause: Limit 1 of each item\n|clearpoke\n|poke|p1|Froslass, L50, F|\n|poke|p1|Rotom-Frost, L50|\n|poke|p1|Sneasler, L50, F|\n|poke|p1|Kingambit, L50, F|\n|poke|p1|Garchomp, L50, M|\n|poke|p1|Arcanine-Hisui, L50, M|\n|poke|p2|Zoroark-Hisui, L50, M|\n|poke|p2|Whimsicott, L50, M|\n|poke|p2|Floette-Eternal, L50, F|\n|poke|p2|Typhlosion-Hisui, L50, F|\n|poke|p2|Farigiraf, L50, M|\n|poke|p2|Palafin, L50, M|\n|teampreview|4\n|\n|t:|1776470733\n|teamsize|p1|4\n|teamsize|p2|4\n|start\n|switch|p1a: Rotom|Rotom-Frost, L50|100/100\n|switch|p1b: Garchomp|Garchomp, L50, M|100/100\n|switch|p2a: Whimsicott|Whimsicott, L50, M|100/100\n|switch|p2b: Palafin|Palafin, L50, M|100/100\n|turn|1\n|\n|t:|1776470766\n|move|p1a: Rotom|Blizzard|p2a: Whimsicott|[spread] p2b\n|-miss|p1a: Rotom|p2a: Whimsicott\n|-resisted|p2b: Palafin|1\n|-crit|p2b: Palafin\n|-damage|p2b: Palafin|61/100\n|-status|p2b: Palafin|frz\n|move|p2a: Whimsicott|Icy Wind|p1b: Garchomp|[spread] p1a,p1b\n|-resisted|p1a: Rotom|1\n|-supereffective|p1b: Garchomp|2\n|-damage|p1a: Rotom|91/100\n|-damage|p1b: Garchomp|50/100\n|-unboost|p1a: Rotom|spe|1\n|-unboost|p1b: Garchomp|spe|1\n|cant|p2b: Palafin|frz\n|move|p1b: Garchomp|Dragon Claw|p2b: Palafin\n|-damage|p2b: Palafin|18/100 frz\n|\n|upkeep\n|turn|2\n|\n|t:|1776470782\n|switch|p1b: Froslass|Froslass, L50, F|100/100\n|move|p2a: Whimsicott|Icy Wind|p1a: Rotom|[spread] p1a,p1b\n|-resisted|p1a: Rotom|1\n|-resisted|p1b: Froslass|1\n|-damage|p1a: Rotom|82/100\n|-damage|p1b: Froslass|89/100\n|-unboost|p1a: Rotom|spe|1\n|-unboost|p1b: Froslass|spe|1\n|-curestatus|p2b: Palafin|frz|[msg]\n|move|p2b: Palafin|Close Combat|p1a: Rotom\n|-supereffective|p1a: Rotom|1\n|-damage|p1a: Rotom|0 fnt\n|-unboost|p2b: Palafin|def|1\n|-unboost|p2b: Palafin|spd|1\n|faint|p1a: Rotom\n|\n|upkeep\n|\n|t:|1776470801\n|switch|p1a: Garchomp|Garchomp, L50, M|50/100\n|turn|3\n|\n|t:|1776470813\n|detailschange|p1b: Froslass|Froslass-Mega, L50, F\n|-mega|p1b: Froslass|Froslass|Froslassite\n|-weather|Snowscape|[from] ability: Snow Warning|[of] p1b: Froslass\n|move|p2b: Palafin|Jet Punch|p1a: Garchomp\n|-damage|p1a: Garchomp|25/100\n|-damage|p2b: Palafin|5/100|[from] ability: Rough Skin|[of] p1a: Garchomp\n|move|p2a: Whimsicott|Icy Wind|p1b: Froslass|[spread] p1a,p1b\n|-supereffective|p1a: Garchomp|2\n|-resisted|p1b: Froslass|1\n|-damage|p1a: Garchomp|0 fnt\n|-damage|p1b: Froslass|81/100\n|-unboost|p1b: Froslass|spe|1\n|faint|p1a: Garchomp\n|move|p1b: Froslass|Blizzard|p2a: Whimsicott|[spread] p2a,p2b\n|-resisted|p2b: Palafin|1\n|-enditem|p2a: Whimsicott|Focus Sash\n|-damage|p2a: Whimsicott|1/100\n|-damage|p2b: Palafin|0 fnt\n|-status|p2a: Whimsicott|frz\n|replace|p2a: Zoroark|Zoroark-Hisui, L50, M\n|-end|p2a: Zoroark|Illusion\n|faint|p2b: Palafin\n|\n|-weather|Snowscape|[upkeep]\n|upkeep\n|\n|t:|1776470829\n|switch|p1a: Kingambit|Kingambit, L50, F|100/100\n|switch|p2b: Whimsicott|Whimsicott, L50, M|100/100\n|turn|4\n|\n|t:|1776470839\n|move|p2b: Whimsicott|Sunny Day|p2b: Whimsicott\n|-weather|SunnyDay\n|cant|p2a: Zoroark|frz\n|move|p1b: Froslass|Blizzard|p2b: Whimsicott|[spread] p2a,p2b\n|-supereffective|p2b: Whimsicott|1\n|-damage|p2a: Zoroark|0 fnt\n|-damage|p2b: Whimsicott|0 fnt\n|faint|p2a: Zoroark\n|faint|p2b: Whimsicott\n|move|p1a: Kingambit|Iron Head|p2: Zoroark|[notarget]\n|-fail|p1a: Kingambit\n|\n|-weather|SunnyDay|[upkeep]\n|upkeep\n|\n|t:|1776470844\n|switch|p2b: Typhlosion|Typhlosion-Hisui, L50, F|100/100\n|turn|5\n|\n|t:|1776470848\n|move|p1b: Froslass|Protect|p1b: Froslass\n|-singleturn|p1b: Froslass|Protect\n|move|p1a: Kingambit|Protect|p1a: Kingambit\n|-singleturn|p1a: Kingambit|Protect\n|move|p2b: Typhlosion|Heat Wave|p1b: Froslass|[spread] \n|-activate|p1a: Kingambit|move: Protect\n|-activate|p1b: Froslass|move: Protect\n|\n|-weather|SunnyDay|[upkeep]\n|upkeep\n|turn|6\n|\n|t:|1776470853\n|move|p1a: Kingambit|Sucker Punch|p2b: Typhlosion\n|-supereffective|p2b: Typhlosion|1\n|-damage|p2b: Typhlosion|0 fnt\n|faint|p2b: Typhlosion\n|\n|win|Wo-Chien<3\n|raw|Wo-Chien&lt;3's rating: 1000 &rarr; <strong>1040</strong><br />(+40 for winning)\n|raw|quadmodetest's rating: 1000 &rarr; <strong>1000</strong><br />(+0 for losing)\n",
  "uploadtime": 1776470855,
  "views": 18,
  "formatid": "gen9championsvgc2026regma",
  "rating": 1000,
  "private": 0,
  "password": null
}