{
  "id": "gen9championsvgc2026regma-2589382644",
  "format": "[Gen 9 Champions] VGC 2026 Reg M-A",
  "players": [
    "aroswing",
    "theloniouskrunk"
  ],
  "log": "|j|\u2606aroswing\n|j|\u2606theloniouskrunk\n|t:|1776718542\n|gametype|doubles\n|player|p1|aroswing|marnie|1245\n|player|p2|theloniouskrunk|galacticgrunt|1323\n|gen|9\n|tier|[Gen 9 Champions] VGC 2026 Reg M-A\n|rated|\n|rule|Species Clause: Limit one of each Pok\u00e9mon\n|rule|Item Clause: Limit 1 of each item\n|clearpoke\n|poke|p1|Sneasler, L50, F|\n|poke|p1|Pelipper, L50, M|\n|poke|p1|Meganium, L50, M|\n|poke|p1|Archaludon, L50, M|\n|poke|p1|Dragonite, L50, F|\n|poke|p1|Basculegion, L50, M|\n|poke|p2|Sinistcha, L50|\n|poke|p2|Snorlax, L50, M, shiny|\n|poke|p2|Incineroar, L50, F|\n|poke|p2|Scovillain, L50, M|\n|poke|p2|Dragapult, L50, F|\n|poke|p2|Rotom-Wash, L50|\n|teampreview|4\n|inactive|Battle timer is ON: inactive players will automatically lose when time's up. (requested by aroswing)\ntheloniouskrunk rejected open team sheets.\n|inactive|aroswing has 60 seconds left.\n|inactive|theloniouskrunk has 60 seconds left.\n|inactive|aroswing has 30 seconds left.\n|inactive|aroswing has 20 seconds left.\n|\n|t:|1776718615\n|teamsize|p1|4\n|teamsize|p2|4\n|start\n|switch|p1a: Pelipper|Pelipper, L50, M|100/100\n|switch|p1b: Archaludon|Archaludon, L50, M|100/100\n|switch|p2a: Dragapult|Dragapult, L50, F|100/100\n|switch|p2b: Rotom|Rotom-Wash, L50|100/100\n|-weather|RainDance|[from] ability: Drizzle|[of] p1a: Pelipper\n|turn|1\n|\n|t:|1776718632\n|move|p2b: Rotom|Volt Switch|p1a: Pelipper\n|-supereffective|p1a: Pelipper|2\n|-enditem|p1a: Pelipper|Focus Sash\n|-damage|p1a: Pelipper|1/100\n|\n|t:|1776718637\n|switch|p2b: Snorlax|Snorlax, L50, M, shiny|100/100|[from] Volt Switch\n|move|p2a: Dragapult|Light Screen|p2a: Dragapult\n|-sidestart|p2: theloniouskrunk|move: Light Screen\n|move|p1b: Archaludon|Electro Shot||[still]\n|-prepare|p1b: Archaludon|Electro Shot\n|-boost|p1b: Archaludon|spa|1\n|-anim|p1b: Archaludon|Electro Shot|p2b: Snorlax\n|-damage|p2b: Snorlax|72/100\n|move|p1a: Pelipper|Tailwind|p1a: Pelipper\n|-sidestart|p1: aroswing|move: Tailwind\n|\n|-weather|RainDance|[upkeep]\n|upkeep\n|turn|2\n|\n|t:|1776718657\n|move|p1b: Archaludon|Electro Shot||[still]\n|-prepare|p1b: Archaludon|Electro Shot\n|-boost|p1b: Archaludon|spa|1\n|-anim|p1b: Archaludon|Electro Shot|p2b: Snorlax\n|-damage|p2b: Snorlax|39/100\n|-enditem|p2b: Snorlax|Sitrus Berry|[eat]\n|-heal|p2b: Snorlax|64/100|[from] item: Sitrus Berry\n|move|p1a: Pelipper|Weather Ball|p2b: Snorlax\n|-damage|p2b: Snorlax|38/100\n|move|p2a: Dragapult|Reflect|p2a: Dragapult\n|-sidestart|p2: theloniouskrunk|Reflect\n|move|p2b: Snorlax|Belly Drum||[still]\n|-fail|p2b: Snorlax\n|\n|-weather|RainDance|[upkeep]\n|upkeep\n|turn|3\n|\n|t:|1776718677\n|move|p2b: Snorlax|Protect|p2b: Snorlax\n|-singleturn|p2b: Snorlax|Protect\n|move|p1b: Archaludon|Electro Shot||[still]\n|-prepare|p1b: Archaludon|Electro Shot\n|-boost|p1b: Archaludon|spa|1\n|-anim|p1b: Archaludon|Electro Shot|p2b: Snorlax\n|-activate|p2b: Snorlax|move: Protect\n|move|p1a: Pelipper|Weather Ball|p2b: Snorlax\n|-activate|p2b: Snorlax|move: Protect\n|move|p2a: Dragapult|Dragon Darts|p1a: Pelipper\n|-damage|p1a: Pelipper|0 fnt\n|-anim|p2a: Dragapult|Dragon Darts|p1b: Archaludon\n|-damage|p1b: Archaludon|78/100\n|faint|p1a: Pelipper\n|\n|-weather|RainDance|[upkeep]\n|upkeep\n|\n|t:|1776718696\n|switch|p1a: Meganium|Meganium, L50, M|100/100\n|turn|4\n|inactive|aroswing has 30 seconds left.\n|inactive|theloniouskrunk has 30 seconds left.\n|inactive|theloniouskrunk has 20 seconds left.\n|inactive|theloniouskrunk has 15 seconds left.\n|\n|t:|1776718736\n|detailschange|p1a: Meganium|Meganium-Mega, L50, M\n|-mega|p1a: Meganium|Meganium|Meganiumite\n|move|p1b: Archaludon|Electro Shot||[still]\n|-prepare|p1b: Archaludon|Electro Shot\n|-boost|p1b: Archaludon|spa|1\n|-anim|p1b: Archaludon|Electro Shot|p2a: Dragapult\n|-resisted|p2a: Dragapult|1\n|-damage|p2a: Dragapult|41/100\n|move|p1a: Meganium|Dazzling Gleam|p2a: Dragapult|[spread] p2a,p2b\n|-supereffective|p2a: Dragapult|1\n|-damage|p2a: Dragapult|0 fnt\n|-damage|p2b: Snorlax|23/100\n|faint|p2a: Dragapult\n|move|p2b: Snorlax|High Horsepower|p1b: Archaludon\n|-supereffective|p1b: Archaludon|1\n|-damage|p1b: Archaludon|28/100\n|\n|-weather|RainDance|[upkeep]\n|-sideend|p1: aroswing|move: Tailwind\n|upkeep\n|\n|t:|1776718751\n|switch|p2a: Rotom|Rotom-Wash, L50|100/100\n|turn|5\n|inactive|aroswing has 30 seconds left.\n|\n|t:|1776718783\n|move|p2a: Rotom|Hydro Pump|p1b: Archaludon\n|-resisted|p1b: Archaludon|1\n|-damage|p1b: Archaludon|0 fnt\n|faint|p1b: Archaludon\n|move|p1a: Meganium|Solar Beam||[still]\n|-prepare|p1a: Meganium|Solar Beam\n|-activate|p1a: Meganium|ability: Mega Sol\n|-anim|p1a: Meganium|Solar Beam|p2a: Rotom\n|-supereffective|p2a: Rotom|1\n|-damage|p2a: Rotom|0 fnt\n|faint|p2a: Rotom\n|move|p2b: Snorlax|Ice Punch|p1a: Meganium\n|-supereffective|p1a: Meganium|1\n|-damage|p1a: Meganium|60/100\n|\n|-weather|none\n|-sideend|p2: theloniouskrunk|move: Light Screen\n|upkeep\n|\n|t:|1776718797\n|switch|p1b: Sneasler|Sneasler, L50, F|100/100\n|switch|p2a: Sinistcha|Sinistcha, L50|100/100\n|-heal|p2b: Snorlax|48/100|[from] ability: Hospitality|[of] p2a: Sinistcha\n|turn|6\n|\n|t:|1776718817\n|move|p1b: Sneasler|Fake Out|p2b: Snorlax\n|-damage|p2b: Snorlax|40/100\n|move|p2a: Sinistcha|Rage Powder|p2a: Sinistcha\n|-singleturn|p2a: Sinistcha|move: Rage Powder\n|move|p1a: Meganium|Weather Ball|p2a: Sinistcha\n|-supereffective|p2a: Sinistcha|1\n|-damage|p2a: Sinistcha|0 fnt\n|faint|p2a: Sinistcha\n|cant|p2b: Snorlax|flinch\n|\n|-sideend|p2: theloniouskrunk|Reflect\n|upkeep\n|turn|7\n|-message|theloniouskrunk forfeited.\n|\n|win|aroswing\n|raw|aroswing's rating: 1245 &rarr; <strong>1276</strong><br />(+31 for winning)\n|raw|theloniouskrunk's rating: 1323 &rarr; <strong>1299</strong><br />(-24 for losing)\n|l|\u2606theloniouskrunk\n|player|p2|\n",
  "uploadtime": 1776718831,
  "views": 11,
  "formatid": "gen9championsvgc2026regma",
  "rating": 1276,
  "private": 0,
  "password": null
}