{
  "id": "gen9championsvgc2026regma-2587793852",
  "format": "[Gen 9 Champions] VGC 2026 Reg M-A",
  "players": [
    "Arayat",
    "blazegeo"
  ],
  "log": "|j|\u2606Arayat\n|j|\u2606blazegeo\n|t:|1776564635\n|gametype|doubles\n|player|p1|Arayat|2|1152\n|player|p2|blazegeo|169|1070\n|gen|9\n|tier|[Gen 9 Champions] VGC 2026 Reg M-A\n|rated|\n|rule|Species Clause: Limit one of each Pok\u00e9mon\n|rule|Item Clause: Limit 1 of each item\n|clearpoke\n|poke|p1|Pelipper, L50, M|\n|poke|p1|Basculegion, L50, M|\n|poke|p1|Meganium, L50, M|\n|poke|p1|Raichu, L50, F, shiny|\n|poke|p1|Gyarados, L50, F|\n|poke|p1|Garchomp, L50, F|\n|poke|p2|Kommo-o, L50, M|\n|poke|p2|Tinkaton, L50, F|\n|poke|p2|Milotic, L50, F|\n|poke|p2|Sableye, L50, F|\n|poke|p2|Arcanine, L50, M|\n|poke|p2|Emolga, L50, F|\n|teampreview|4\n|inactive|Battle timer is ON: inactive players will automatically lose when time's up. (requested by blazegeo)\n|inactive|blazegeo has 60 seconds left.\n|\n|t:|1776564693\n|teamsize|p1|4\n|teamsize|p2|4\n|start\n|switch|p1a: Meganium|Meganium, L50, M|100/100\n|switch|p1b: Raichu|Raichu, L50, F, shiny|100/100\n|switch|p2a: Emolga|Emolga, L50, F|100/100\n|switch|p2b: Arcanine|Arcanine, L50, M|100/100\n|-ability|p2b: Arcanine|Intimidate|boost\n|-unboost|p1a: Meganium|atk|1\n|-unboost|p1b: Raichu|atk|1\n|turn|1\n|\n|t:|1776564705\n|detailschange|p1a: Meganium|Meganium-Mega, L50, M\n|-mega|p1a: Meganium|Meganium|Meganiumite\n|move|p2a: Emolga|Helping Hand|p2b: Arcanine\n|-singleturn|p2b: Arcanine|Helping Hand|[of] p2a: Emolga\n|move|p1b: Raichu|Fake Out|p2b: Arcanine\n|-damage|p2b: Arcanine|92/100\n|cant|p2b: Arcanine|flinch\n|move|p1a: Meganium|Dazzling Gleam|p2a: Emolga|[spread] p2a,p2b\n|-resisted|p2b: Arcanine|1\n|-damage|p2a: Emolga|43/100\n|-damage|p2b: Arcanine|70/100\n|\n|upkeep\n|turn|2\n|\n|t:|1776564727\n|switch|p1a: Basculegion|Basculegion, L50, M|100/100\n|move|p2a: Emolga|Protect|p2a: Emolga\n|-singleturn|p2a: Emolga|Protect\n|move|p2b: Arcanine|Flare Blitz|p1a: Basculegion\n|-resisted|p1a: Basculegion|1\n|-damage|p1a: Basculegion|66/100\n|-damage|p2b: Arcanine|57/100|[from] Recoil\n|move|p1b: Raichu|Volt Switch|p2a: Emolga\n|-activate|p2a: Emolga|move: Protect\n|\n|upkeep\n|turn|3\n|\n|t:|1776564750\n|switch|p2b: Tinkaton|Tinkaton, L50, F|100/100\n|-ability|p2b: Tinkaton|Mold Breaker\n|switch|p2a: Kommo-o|Kommo-o, L50, M|100/100\n|move|p1a: Basculegion|Aqua Jet|p2a: Kommo-o\n|-resisted|p2a: Kommo-o|1\n|-damage|p2a: Kommo-o|90/100\n|move|p1b: Raichu|Volt Switch|p2b: Tinkaton\n|-damage|p2b: Tinkaton|77/100\n|\n|t:|1776564762\n|switch|p1b: Pelipper|Pelipper, L50, M|100/100|[from] Volt Switch\n|-weather|RainDance|[from] ability: Drizzle|[of] p1b: Pelipper\n|\n|-weather|RainDance|[upkeep]\n|upkeep\n|turn|4\n|\n|t:|1776564775\n|move|p2b: Tinkaton|Fake Out|p1a: Basculegion\n|-immune|p1a: Basculegion\n|move|p1a: Basculegion|Liquidation|p2b: Tinkaton\n|-damage|p2b: Tinkaton|6/100\n|move|p2a: Kommo-o|Clanging Scales|p1a: Basculegion|[spread] p1a,p1b\n|-damage|p1a: Basculegion|10/100\n|-damage|p1b: Pelipper|24/100\n|-unboost|p2a: Kommo-o|def|1\n|move|p1b: Pelipper|Tailwind|p1b: Pelipper\n|-sidestart|p1: Arayat|move: Tailwind\n|\n|-weather|RainDance|[upkeep]\n|upkeep\n|turn|5\n|\n|t:|1776564793\n|move|p2b: Tinkaton|Protect|p2b: Tinkaton\n|-singleturn|p2b: Tinkaton|Protect\n|move|p1a: Basculegion|Aqua Jet|p2b: Tinkaton\n|-activate|p2b: Tinkaton|move: Protect\n|move|p1b: Pelipper|Roost|p1b: Pelipper\n|-heal|p1b: Pelipper|75/100\n|-singleturn|p1b: Pelipper|move: Roost\n|move|p2a: Kommo-o|Clanging Scales|p1a: Basculegion|[spread] p1a,p1b\n|-damage|p1a: Basculegion|0 fnt\n|-damage|p1b: Pelipper|0 fnt\n|faint|p1a: Basculegion\n|faint|p1b: Pelipper\n|-unboost|p2a: Kommo-o|def|1\n|\n|-weather|RainDance|[upkeep]\n|upkeep\n|\n|t:|1776564808\n|switch|p1a: Meganium|Meganium-Mega, L50, M|100/100\n|switch|p1b: Raichu|Raichu, L50, F, shiny|100/100\n|turn|6\n|\n|t:|1776564827\n|switch|p2b: Arcanine|Arcanine, L50, M|57/100\n|-ability|p2b: Arcanine|Intimidate|boost\n|-unboost|p1a: Meganium|atk|1\n|-unboost|p1b: Raichu|atk|1\n|move|p2a: Kommo-o|Protect|p2a: Kommo-o\n|-singleturn|p2a: Kommo-o|Protect\n|move|p1b: Raichu|Fake Out|p2b: Arcanine\n|-damage|p2b: Arcanine|50/100\n|move|p1a: Meganium|Dazzling Gleam|p2b: Arcanine|[spread] p2b\n|-activate|p2a: Kommo-o|move: Protect\n|-resisted|p2b: Arcanine|1\n|-damage|p2b: Arcanine|26/100\n|\n|-weather|RainDance|[upkeep]\n|upkeep\n|turn|7\n|\n|t:|1776564848\n|move|p1b: Raichu|Volt Switch|p2b: Arcanine\n|-damage|p2b: Arcanine|0 fnt\n|faint|p2b: Arcanine\n|move|p1a: Meganium|Dazzling Gleam|p2a: Kommo-o\n|-supereffective|p2a: Kommo-o|2\n|-damage|p2a: Kommo-o|0 fnt\n|faint|p2a: Kommo-o\n|\n|-weather|none\n|-sideend|p1: Arayat|move: Tailwind\n|upkeep\n|\n|t:|1776564856\n|switch|p2b: Emolga|Emolga, L50, F|43/100\n|switch|p2a: Tinkaton|Tinkaton, L50, F|6/100\n|-ability|p2a: Tinkaton|Mold Breaker\n|turn|8\n|inactive|blazegeo has 30 seconds left.\n|\n|t:|1776564883\n|move|p1a: Meganium|Protect|p1a: Meganium\n|-singleturn|p1a: Meganium|Protect\n|move|p2a: Tinkaton|Fake Out|p1b: Raichu\n|-damage|p1b: Raichu|83/100\n|cant|p1b: Raichu|flinch\n|move|p2b: Emolga|Nuzzle|p1b: Raichu\n|-ability|p1b: Raichu|Lightning Rod|boost\n|-boost|p1b: Raichu|spa|1\n|\n|upkeep\n|turn|9\n|\n|t:|1776564897\n|move|p2b: Emolga|Helping Hand|p2a: Tinkaton\n|-singleturn|p2a: Tinkaton|Helping Hand|[of] p2b: Emolga\n|move|p1b: Raichu|Volt Switch|p2b: Emolga\n|-ability|p2b: Emolga|Motor Drive|boost\n|-boost|p2b: Emolga|spe|1\n|move|p2a: Tinkaton|Gigaton Hammer|p1a: Meganium\n|-supereffective|p1a: Meganium|1\n|-damage|p1a: Meganium|0 fnt\n|faint|p1a: Meganium\n|\n|upkeep\n|turn|10\n|-message|Arayat forfeited.\n|\n|win|blazegeo\n|raw|Arayat's rating: 1152 &rarr; <strong>1121</strong><br />(-31 for losing)\n|raw|blazegeo's rating: 1070 &rarr; <strong>1106</strong><br />(+36 for winning)\n|l|\u2606Arayat\n|player|p1|\n",
  "uploadtime": 1776564935,
  "views": 11,
  "formatid": "gen9championsvgc2026regma",
  "rating": 1106,
  "private": 0,
  "password": null
}