{
  "id": "gen9championsvgc2026regma-2583856429",
  "format": "[Gen 9 Champions] VGC 2026 Reg M-A",
  "players": [
    "Jacuzzi712",
    "SageDippi"
  ],
  "log": "|j|\u2606Jacuzzi712\n|j|\u2606SageDippi\n|t:|1776203076\n|gametype|doubles\n|player|p1|Jacuzzi712|101|1112\n|player|p2|SageDippi|buck|1091\n|gen|9\n|tier|[Gen 9 Champions] VGC 2026 Reg M-A\n|rated|\n|rule|Species Clause: Limit one of each Pok\u00e9mon\n|rule|Item Clause: Limit 1 of each item\n|clearpoke\n|poke|p1|Garchomp, L50, F|\n|poke|p1|Gyarados, L50, M|\n|poke|p1|Raichu, L50, M|\n|poke|p1|Gardevoir, L50, F|\n|poke|p1|Talonflame, L50, M|\n|poke|p1|Kingambit, L50, F|\n|poke|p2|Froslass, L50, F|\n|poke|p2|Rotom-Frost, L50|\n|poke|p2|Garchomp, L50, F|\n|poke|p2|Empoleon, L50, M|\n|poke|p2|Kingambit, L50, M|\n|poke|p2|Incineroar, L50, M|\n|teampreview|4\nSageDippi has agreed to open team sheets.\n|\n|t:|1776203128\n|teamsize|p1|4\n|teamsize|p2|4\n|start\n|switch|p1a: Talonflame|Talonflame, L50, M|100/100\n|switch|p1b: Gardevoir|Gardevoir, L50, F|100/100\n|switch|p2a: Froslass|Froslass, L50, F|100/100\n|switch|p2b: Rotom|Rotom-Frost, L50|100/100\n|turn|1\n|inactive|Battle timer is ON: inactive players will automatically lose when time's up. (requested by SageDippi)\n|\n|t:|1776203157\n|switch|p2b: Incineroar|Incineroar, L50, M|100/100\n|-ability|p2b: Incineroar|Intimidate|boost\n|-unboost|p1a: Talonflame|atk|1\n|-unboost|p1b: Gardevoir|atk|1\n|detailschange|p2a: Froslass|Froslass-Mega, L50, F\n|-mega|p2a: Froslass|Froslass|Froslassite\n|-weather|Snowscape|[from] ability: Snow Warning|[of] p2a: Froslass\n|move|p1a: Talonflame|Tailwind|p1a: Talonflame\n|-sidestart|p1: Jacuzzi712|move: Tailwind\n|move|p1b: Gardevoir|Moonblast|p2a: Froslass\n|-damage|p2a: Froslass|39/100\n|move|p2a: Froslass|Aurora Veil|p2a: Froslass\n|-sidestart|p2: SageDippi|move: Aurora Veil\n|\n|-weather|Snowscape|[upkeep]\n|upkeep\n|turn|2\n|inactive|SageDippi has 30 seconds left.\n|\n|t:|1776203190\n|switch|p2a: Garchomp|Garchomp, L50, F|100/100\n|move|p1a: Talonflame|Quick Guard|p1a: Talonflame\n|-singleturn|p1a: Talonflame|Quick Guard\n|move|p2b: Incineroar|Fake Out|p1b: Gardevoir\n|-activate|p1b: Gardevoir|move: Quick Guard\n|move|p1b: Gardevoir|Moonblast|p2a: Garchomp\n|-supereffective|p2a: Garchomp|1\n|-damage|p2a: Garchomp|24/100\n|\n|-weather|Snowscape|[upkeep]\n|upkeep\n|turn|3\n|inactive|Jacuzzi712 has 30 seconds left.\n|\n|t:|1776203217\n|switch|p1a: Gyarados|Gyarados, L50, M|100/100\n|-ability|p1a: Gyarados|Intimidate|boost\n|-unboost|p2a: Garchomp|atk|1\n|-unboost|p2b: Incineroar|atk|1\n|-enditem|p2a: Garchomp|White Herb\n|-clearnegativeboost|p2a: Garchomp|[silent]\n|move|p1b: Gardevoir|Moonblast|p2a: Garchomp\n|-supereffective|p2a: Garchomp|1\n|-damage|p2a: Garchomp|0 fnt\n|faint|p2a: Garchomp\n|move|p2b: Incineroar|Flare Blitz|p1b: Gardevoir\n|-damage|p1b: Gardevoir|27/100\n|-status|p1b: Gardevoir|brn\n|-damage|p2b: Incineroar|83/100|[from] Recoil\n|\n|-weather|Snowscape|[upkeep]\n|-damage|p1b: Gardevoir|21/100 brn|[from] brn\n|upkeep\n|\n|t:|1776203232\n|switch|p2a: Rotom|Rotom-Frost, L50|100/100\n|turn|4\n|\n|t:|1776203246\n|switch|p1b: Talonflame|Talonflame, L50, M|100/100\n|detailschange|p1a: Gyarados|Gyarados-Mega, L50, M\n|-mega|p1a: Gyarados|Gyarados|Gyaradosite\n|-ability|p1a: Gyarados|Mold Breaker\n|move|p1a: Gyarados|Earthquake|p2b: Incineroar|[spread] p2a,p2b\n|-immune|p1b: Talonflame\n|-supereffective|p2a: Rotom|1\n|-supereffective|p2b: Incineroar|1\n|-damage|p2a: Rotom|70/100\n|-damage|p2b: Incineroar|50/100\n|-enditem|p2b: Incineroar|Sitrus Berry|[eat]\n|-heal|p2b: Incineroar|74/100|[from] item: Sitrus Berry\n|move|p2a: Rotom|Electroweb|p1b: Talonflame|[spread] p1a\n|-miss|p2a: Rotom|p1b: Talonflame\n|-supereffective|p1a: Gyarados|1\n|-damage|p1a: Gyarados|76/100\n|-unboost|p1a: Gyarados|spe|1\n|move|p2b: Incineroar|Parting Shot|p1a: Gyarados\n|-unboost|p1a: Gyarados|atk|1\n|-unboost|p1a: Gyarados|spa|1\n|\n|t:|1776203265\n|switch|p2b: Froslass|Froslass-Mega, L50, F|39/100|[from] Parting Shot\n|\n|-weather|Snowscape|[upkeep]\n|-sideend|p1: Jacuzzi712|move: Tailwind\n|upkeep\n|turn|5\n|\n|t:|1776203285\n|move|p1b: Talonflame|Tailwind|p1b: Talonflame\n|-sidestart|p1: Jacuzzi712|move: Tailwind\n|move|p2a: Rotom|Electroweb|p1a: Gyarados|[spread] p1a,p1b\n|-supereffective|p1a: Gyarados|1\n|-crit|p1a: Gyarados\n|-supereffective|p1b: Talonflame|1\n|-damage|p1a: Gyarados|33/100\n|-damage|p1b: Talonflame|42/100\n|-unboost|p1a: Gyarados|spe|1\n|-unboost|p1b: Talonflame|spe|1\n|move|p2b: Froslass|Blizzard|p1b: Talonflame|[spread] p1a,p1b\n|-resisted|p1a: Gyarados|1\n|-damage|p1a: Gyarados|17/100\n|-damage|p1b: Talonflame|0 fnt\n|faint|p1b: Talonflame\n|move|p1a: Gyarados|Waterfall|p2b: Froslass\n|-damage|p2b: Froslass|18/100\n|\n|-weather|none\n|-sideend|p2: SageDippi|move: Aurora Veil\n|upkeep\n|inactive|Jacuzzi712 has 30 seconds left.\n|\n|t:|1776203317\n|switch|p1b: Gardevoir|Gardevoir, L50, F|21/100 brn\n|turn|6\n|\n|t:|1776203340\n|switch|p2b: Incineroar|Incineroar, L50, M|74/100\n|-ability|p2b: Incineroar|Intimidate|boost\n|-unboost|p1a: Gyarados|atk|1\n|-unboost|p1b: Gardevoir|atk|1\n|move|p1b: Gardevoir|Dazzling Gleam|p2b: Incineroar|[spread] p2a,p2b\n|-damage|p2a: Rotom|29/100\n|-damage|p2b: Incineroar|49/100\n|move|p2a: Rotom|Electroweb|p1a: Gyarados|[spread] p1a,p1b\n|-supereffective|p1a: Gyarados|1\n|-damage|p1a: Gyarados|0 fnt\n|-damage|p1b: Gardevoir|2/100 brn\n|-unboost|p1b: Gardevoir|spe|1\n|faint|p1a: Gyarados\n|\n|-damage|p1b: Gardevoir|0 fnt|[from] brn\n|faint|p1b: Gardevoir\n|upkeep\n|\n|t:|1776203351\n|switch|p1b: Garchomp|Garchomp, L50, F|100/100\n|turn|7\n|l|\u2606Jacuzzi712\n|inactive|Jacuzzi712 disconnected and has a minute to reconnect!\n|player|p1|\n|inactive|SageDippi has 30 seconds left.\n|inactive|Jacuzzi712 has 30 seconds left.\n|inactive|Jacuzzi712 has 20 seconds left.\n|inactive|Jacuzzi712 has 15 seconds left.\n|inactive|Jacuzzi712 has 10 seconds left.\n|inactive|Jacuzzi712 has 5 seconds left.\n|-message|Jacuzzi712 lost due to inactivity.\n|\n|win|SageDippi\n|raw|Jacuzzi712's rating: 1112 &rarr; <strong>1085</strong><br />(-27 for losing)\n|raw|SageDippi's rating: 1091 &rarr; <strong>1119</strong><br />(+28 for winning)\n",
  "uploadtime": 1776203413,
  "views": 16,
  "formatid": "gen9championsvgc2026regma",
  "rating": 1085,
  "private": 0,
  "password": null
}