{
  "id": "gen9championsvgc2026regma-2585909296",
  "format": "[Gen 9 Champions] VGC 2026 Reg M-A",
  "players": [
    "chessin776",
    "gteqwgtads"
  ],
  "log": "|j|\u2606chessin776\n|j|\u2606gteqwgtads\n|t:|1776380531\n|gametype|doubles\n|player|p1|chessin776|cheryl|1092\n|player|p2|gteqwgtads|hilbert-wonderlauncher|1102\n|gen|9\n|tier|[Gen 9 Champions] VGC 2026 Reg M-A\n|rated|\n|rule|Species Clause: Limit one of each Pok\u00e9mon\n|rule|Item Clause: Limit 1 of each item\n|clearpoke\n|poke|p1|Charizard, L50, M|\n|poke|p1|Venusaur, L50, M|\n|poke|p1|Clefable, L50, F|\n|poke|p1|Primarina, L50, F|\n|poke|p1|Farigiraf, L50, F|\n|poke|p1|Aegislash, L50, M|\n|poke|p2|Tyranitar, L50, F|\n|poke|p2|Garchomp, L50, F|\n|poke|p2|Sinistcha, L50|\n|poke|p2|Incineroar, L50, M|\n|poke|p2|Corviknight, L50, F|\n|poke|p2|Greninja-*, L50, M|\n|teampreview|4\ngteqwgtads has agreed to open team sheets.\nchessin776 has agreed to open team sheets.\n|showteam|p1|Charizard||CharizarditeY|SolarPower|HeatWave,AirCutter,SolarBeam,Flamethrower|||M|||50|]Venusaur||MiracleSeed|Chlorophyll|PetalBlizzard,SleepPowder,PoisonJab,Synthesis|||M|||50|]Clefable||BrightPowder|MagicGuard|HelpingHand,HealPulse,FollowMe,LightScreen|||F|||50|]Primarina||MysticWater|LiquidVoice|HyperVoice,DazzlingGleam,CalmMind,Protect|||F|||50|]Farigiraf||ColburBerry|ArmorTail|TrickRoom,Thunderbolt,Psychic,Reflect|||F|||50|]Aegislash||SpellTag|StanceChange|KingsShield,WideGuard,CloseCombat,IronHead|||M|||50|\n|showteam|p2|Tyranitar||Tyranitarite|SandStream|RockSlide,KnockOff,Protect,DragonDance|||F|||50|]Garchomp||BrightPowder|SandVeil|Earthquake,DragonClaw,RockSlide,Protect|||F|||50|]Sinistcha||Leftovers|Hospitality|MatchaGotcha,RagePowder,LifeDew,Protect||||||50|]Incineroar||SitrusBerry|Intimidate|FakeOut,DarkestLariat,PartingShot,FlareBlitz|||M|||50|]Corviknight||MentalHerb|Pressure|Tailwind,IronHead,Roost,Uturn|||F|||50|]Greninja||Greninjite|Protean|Surf,Protect,DarkPulse,IceBeam|||M|||50|\n|\n|t:|1776380614\n|teamsize|p1|4\n|teamsize|p2|4\n|start\n|switch|p1a: Giraffe|Farigiraf, L50, F|100/100\n|switch|p1b: Roaring Water|Primarina, L50, F|100/100\n|switch|p2a: Garchomp|Garchomp, L50, F|100/100\n|switch|p2b: Incineroar|Incineroar, L50, M|100/100\n|-ability|p2b: Incineroar|Intimidate|boost\n|-unboost|p1a: Giraffe|atk|1\n|-unboost|p1b: Roaring Water|atk|1\n|turn|1\n|\n|t:|1776380631\n|move|p2a: Garchomp|Protect|p2a: Garchomp\n|-singleturn|p2a: Garchomp|Protect\n|move|p1b: Roaring Water|Protect|p1b: Roaring Water\n|-singleturn|p1b: Roaring Water|Protect\n|move|p2b: Incineroar|Darkest Lariat|p1a: Giraffe\n|-supereffective|p1a: Giraffe|1\n|-enditem|p1a: Giraffe|Colbur Berry|[eat]\n|-enditem|p1a: Giraffe|Colbur Berry|[weaken]\n|-damage|p1a: Giraffe|57/100\n|move|p1a: Giraffe|Trick Room|p1a: Giraffe\n|-fieldstart|move: Trick Room|[of] p1a: Giraffe\n|\n|upkeep\n|turn|2\n|\n|t:|1776380658\n|switch|p2a: Sinistcha|Sinistcha, L50|100/100\n|move|p1a: Giraffe|Psychic|p2a: Sinistcha\n|-damage|p2a: Sinistcha|43/100\n|move|p1b: Roaring Water|Hyper Voice|p2b: Incineroar|[spread] p2a,p2b\n|-resisted|p2a: Sinistcha|1\n|-supereffective|p2b: Incineroar|1\n|-damage|p2a: Sinistcha|16/100\n|-damage|p2b: Incineroar|11/100\n|-enditem|p2b: Incineroar|Sitrus Berry|[eat]\n|-heal|p2b: Incineroar|35/100|[from] item: Sitrus Berry\n|move|p2b: Incineroar|Darkest Lariat|p1a: Giraffe\n|-supereffective|p1a: Giraffe|1\n|-damage|p1a: Giraffe|0 fnt\n|faint|p1a: Giraffe\n|\n|-heal|p2a: Sinistcha|22/100|[from] item: Leftovers\n|upkeep\n|\n|t:|1776380666\n|switch|p1a: Cheers|Clefable, L50, F|100/100\n|turn|3\n|\n|t:|1776380680\n|move|p1a: Cheers|Helping Hand|p1b: Roaring Water\n|-singleturn|p1b: Roaring Water|Helping Hand|[of] p1a: Cheers\n|move|p2a: Sinistcha|Protect|p2a: Sinistcha\n|-singleturn|p2a: Sinistcha|Protect\n|move|p1b: Roaring Water|Hyper Voice|p2b: Incineroar|[spread] p2b\n|-activate|p2a: Sinistcha|move: Protect\n|-supereffective|p2b: Incineroar|1\n|-damage|p2b: Incineroar|0 fnt\n|faint|p2b: Incineroar\n|\n|-heal|p2a: Sinistcha|28/100|[from] item: Leftovers\n|upkeep\n|\n|t:|1776380705\n|switch|p2b: Tyranitar|Tyranitar, L50, F|100/100\n|-weather|Sandstorm|[from] ability: Sand Stream|[of] p2b: Tyranitar\n|turn|4\n|\n|t:|1776380738\n|move|p1a: Cheers|Helping Hand|p1b: Roaring Water\n|-singleturn|p1b: Roaring Water|Helping Hand|[of] p1a: Cheers\n|move|p2b: Tyranitar|Protect|p2b: Tyranitar\n|-singleturn|p2b: Tyranitar|Protect\n|move|p1b: Roaring Water|Dazzling Gleam|p2b: Tyranitar|[spread] p2a\n|-activate|p2b: Tyranitar|move: Protect\n|-damage|p2a: Sinistcha|0 fnt\n|faint|p2a: Sinistcha\n|\n|-weather|Sandstorm|[upkeep]\n|-damage|p1b: Roaring Water|95/100|[from] Sandstorm\n|upkeep\n|\n|t:|1776380749\n|switch|p2a: Garchomp|Garchomp, L50, F|100/100\n|turn|5\n|\n|t:|1776380758\n|move|p1a: Cheers|Helping Hand|p1b: Roaring Water\n|-singleturn|p1b: Roaring Water|Helping Hand|[of] p1a: Cheers\n|move|p2a: Garchomp|Protect|p2a: Garchomp\n|-singleturn|p2a: Garchomp|Protect\n|move|p1b: Roaring Water|Dazzling Gleam|p2b: Tyranitar|[spread] p2b\n|-activate|p2a: Garchomp|move: Protect\n|-supereffective|p2b: Tyranitar|1\n|-damage|p2b: Tyranitar|32/100\n|move|p2b: Tyranitar|Rock Slide|p1b: Roaring Water|[spread] p1a,p1b\n|-damage|p1a: Cheers|76/100\n|-damage|p1b: Roaring Water|54/100\n|\n|-weather|Sandstorm|[upkeep]\n|-damage|p1b: Roaring Water|48/100|[from] Sandstorm\n|-fieldend|move: Trick Room\n|upkeep\n|turn|6\n|\n|t:|1776380787\n|move|p1a: Cheers|Follow Me|p1a: Cheers\n|-singleturn|p1a: Cheers|move: Follow Me\n|move|p2a: Garchomp|Rock Slide|p1a: Cheers|[spread] p1a,p1b\n|-crit|p1b: Roaring Water\n|-damage|p1a: Cheers|60/100\n|-damage|p1b: Roaring Water|14/100\n|move|p2b: Tyranitar|Rock Slide|p1a: Cheers|[spread] p1a,p1b\n|-damage|p1a: Cheers|36/100\n|-damage|p1b: Roaring Water|0 fnt\n|faint|p1b: Roaring Water\n|\n|-weather|Sandstorm|[upkeep]\n|upkeep\n|\n|t:|1776380797\n|switch|p1b: Roaring Flame|Charizard, L50, M|100/100\n|turn|7\n|\n|t:|1776380819\n|detailschange|p1b: Roaring Flame|Charizard-Mega-Y, L50, M\n|-mega|p1b: Roaring Flame|Charizard|Charizardite Y\n|-weather|SunnyDay|[from] ability: Drought|[of] p1b: Roaring Flame\n|move|p1a: Cheers|Helping Hand|p1b: Roaring Flame\n|-singleturn|p1b: Roaring Flame|Helping Hand|[of] p1a: Cheers\n|move|p2b: Tyranitar|Protect|p2b: Tyranitar\n|-singleturn|p2b: Tyranitar|Protect\n|move|p2a: Garchomp|Rock Slide|p1b: Roaring Flame|[spread] p1b\n|-miss|p2a: Garchomp|p1a: Cheers\n|-supereffective|p1b: Roaring Flame|2\n|-damage|p1b: Roaring Flame|0 fnt\n|faint|p1b: Roaring Flame\n|\n|-weather|SunnyDay|[upkeep]\n|upkeep\n|turn|8\n|c|\u2606chessin776|ggs\n|-message|chessin776 forfeited.\n|\n|win|gteqwgtads\n|raw|chessin776's rating: 1092 &rarr; <strong>1069</strong><br />(-23 for losing)\n|raw|gteqwgtads's rating: 1102 &rarr; <strong>1126</strong><br />(+24 for winning)\n|l|\u2606chessin776\n|player|p1|\n",
  "uploadtime": 1776380831,
  "views": 20,
  "formatid": "gen9championsvgc2026regma",
  "rating": 1069,
  "private": 0,
  "password": null
}