{
  "id": "gen9championsvgc2026regma-2584599884",
  "format": "[Gen 9 Champions] VGC 2026 Reg M-A",
  "players": [
    "vnunesp12",
    "Thamlett0613"
  ],
  "log": "|j|\u2606vnunesp12\n|j|\u2606Thamlett0613\n|t:|1776271306\n|gametype|doubles\n|player|p1|vnunesp12|red|1205\n|player|p2|Thamlett0613|102|1163\n|gen|9\n|tier|[Gen 9 Champions] VGC 2026 Reg M-A\n|rated|\n|rule|Species Clause: Limit one of each Pok\u00e9mon\n|rule|Item Clause: Limit 1 of each item\n|clearpoke\n|poke|p1|Manectric, L50, M|\n|poke|p1|Pelipper, L50, M|\n|poke|p1|Basculegion, L50, M|\n|poke|p1|Sneasler, L50, M|\n|poke|p1|Kingambit, L50, M|\n|poke|p1|Garchomp, L50, F|\n|poke|p2|Tyranitar, L50, F|\n|poke|p2|Incineroar, L50, M|\n|poke|p2|Farigiraf, L50, M|\n|poke|p2|Hippowdon, L50, F|\n|poke|p2|Chesnaught, L50, M|\n|poke|p2|Rotom-Wash, L50|\n|teampreview|4\n|inactive|Battle timer is ON: inactive players will automatically lose when time's up. (requested by vnunesp12)\n|inactive|vnunesp12 has 60 seconds left.\n|inactive|Thamlett0613 has 60 seconds left.\n|inactive|vnunesp12 has 30 seconds left.\n|\n|t:|1776271387\n|teamsize|p1|4\n|teamsize|p2|4\n|start\n|switch|p1a: Luciano Juba|Manectric, L50, M|100/100\n|switch|p1b: Willian Jos\u00e9|Garchomp, L50, F|100/100\n|switch|p2a: Farigiraf|Farigiraf, L50, M, shiny|100/100\n|switch|p2b: Rotom|Rotom-Wash, L50, shiny|100/100\n|turn|1\n|inactive|vnunesp12 has 30 seconds left.\n|inactive|vnunesp12 has 20 seconds left.\n|\n|t:|1776271424\n|detailschange|p1a: Luciano Juba|Manectric-Mega, L50, M\n|-mega|p1a: Luciano Juba|Manectric|Manectite\n|-ability|p1a: Luciano Juba|Intimidate|boost\n|-unboost|p2a: Farigiraf|atk|1\n|-unboost|p2b: Rotom|atk|1\n|move|p1a: Luciano Juba|Volt Switch|p2b: Rotom\n|-damage|p2b: Rotom|58/100\n|\n|t:|1776271434\n|switch|p1a: \u00c9verton Ribeiro|Pelipper, L50, M|100/100|[from] Volt Switch\n|-weather|RainDance|[from] ability: Drizzle|[of] p1a: \u00c9verton Ribeiro\n|move|p1b: Willian Jos\u00e9|Rock Slide|p2a: Farigiraf|[spread] p2a,p2b\n|-damage|p2a: Farigiraf|82/100\n|-damage|p2b: Rotom|41/100\n|move|p2b: Rotom|Hydro Pump|p1b: Willian Jos\u00e9|[miss]\n|-miss|p2b: Rotom|p1b: Willian Jos\u00e9\n|move|p2a: Farigiraf|Trick Room|p2a: Farigiraf\n|-fieldstart|move: Trick Room|[of] p2a: Farigiraf\n|\n|-weather|RainDance|[upkeep]\n|-heal|p2b: Rotom|46/100|[from] item: Leftovers\n|upkeep\n|turn|2\n|inactive|vnunesp12 has 30 seconds left.\n|inactive|Thamlett0613 has 30 seconds left.\n|\n|t:|1776271465\n|switch|p1a: Luciano Juba|Manectric-Mega, L50, M|100/100\n|-ability|p1a: Luciano Juba|Intimidate|boost\n|-unboost|p2a: Farigiraf|atk|1\n|-unboost|p2b: Rotom|atk|1\n|move|p1b: Willian Jos\u00e9|Protect|p1b: Willian Jos\u00e9\n|-singleturn|p1b: Willian Jos\u00e9|Protect\n|move|p2a: Farigiraf|Hyper Voice|p1a: Luciano Juba|[spread] p1a\n|-activate|p1b: Willian Jos\u00e9|move: Protect\n|-damage|p1a: Luciano Juba|48/100\n|move|p2b: Rotom|Volt Switch|p1a: Luciano Juba\n|-resisted|p1a: Luciano Juba|1\n|-damage|p1a: Luciano Juba|27/100\n|\n|t:|1776271483\n|switch|p2b: Tyranitar|Tyranitar, L50, F, shiny|100/100|[from] Volt Switch\n|-weather|Sandstorm|[from] ability: Sand Stream|[of] p2b: Tyranitar\n|\n|-weather|Sandstorm|[upkeep]\n|-damage|p2a: Farigiraf|76/100|[from] Sandstorm\n|-damage|p1a: Luciano Juba|21/100|[from] Sandstorm\n|upkeep\n|turn|3\n|\n|t:|1776271502\n|move|p1a: Luciano Juba|Protect|p1a: Luciano Juba\n|-singleturn|p1a: Luciano Juba|Protect\n|move|p2a: Farigiraf|Hyper Voice|p1b: Willian Jos\u00e9|[spread] p1b\n|-activate|p1a: Luciano Juba|move: Protect\n|-damage|p1b: Willian Jos\u00e9|70/100\n|move|p2b: Tyranitar|Crunch|p1b: Willian Jos\u00e9\n|-damage|p1b: Willian Jos\u00e9|28/100\n|-damage|p2b: Tyranitar|88/100|[from] ability: Rough Skin|[of] p1b: Willian Jos\u00e9\n|move|p1b: Willian Jos\u00e9|Earthquake|p2b: Tyranitar|[spread] p2a,p2b\n|-activate|p1a: Luciano Juba|move: Protect\n|-supereffective|p2b: Tyranitar|1\n|-damage|p2a: Farigiraf|39/100\n|-damage|p2b: Tyranitar|26/100\n|\n|-weather|Sandstorm|[upkeep]\n|-damage|p2a: Farigiraf|33/100|[from] Sandstorm\n|-damage|p1a: Luciano Juba|15/100|[from] Sandstorm\n|upkeep\n|turn|4\n|inactive|vnunesp12 has 30 seconds left.\n|\n|t:|1776271536\n|switch|p1a: Jean Lucas|Basculegion, L50, M|100/100\n|move|p2b: Tyranitar|Protect|p2b: Tyranitar\n|-singleturn|p2b: Tyranitar|Protect\n|move|p1b: Willian Jos\u00e9|Protect|p1b: Willian Jos\u00e9\n|-singleturn|p1b: Willian Jos\u00e9|Protect\n|move|p2a: Farigiraf|Hyper Voice|p1a: Jean Lucas|[spread] \n|-activate|p1b: Willian Jos\u00e9|move: Protect\n|-immune|p1a: Jean Lucas\n|\n|-weather|Sandstorm|[upkeep]\n|-damage|p2a: Farigiraf|26/100|[from] Sandstorm\n|-damage|p1a: Jean Lucas|94/100|[from] Sandstorm\n|upkeep\n|turn|5\n|inactive|vnunesp12 has 30 seconds left.\n|inactive|Thamlett0613 has 30 seconds left.\n|inactive|vnunesp12 has 20 seconds left.\n|\n|t:|1776271574\n|switch|p1a: \u00c9verton Ribeiro|Pelipper, L50, M|100/100\n|-weather|RainDance|[from] ability: Drizzle|[of] p1a: \u00c9verton Ribeiro\n|move|p2a: Farigiraf|Protect|p2a: Farigiraf\n|-singleturn|p2a: Farigiraf|Protect\n|move|p1b: Willian Jos\u00e9|Protect||[still]\n|-fail|p1b: Willian Jos\u00e9\n|move|p2b: Tyranitar|Crunch|p1a: \u00c9verton Ribeiro\n|-damage|p1a: \u00c9verton Ribeiro|54/100\n|\n|-weather|RainDance|[upkeep]\n|-fieldend|move: Trick Room\n|upkeep\n|turn|6\n|\n|t:|1776271597\n|move|p2b: Tyranitar|Protect|p2b: Tyranitar\n|-singleturn|p2b: Tyranitar|Protect\n|move|p1b: Willian Jos\u00e9|Earthquake|p2b: Tyranitar|[spread] p2a\n|-activate|p2b: Tyranitar|move: Protect\n|-immune|p1a: \u00c9verton Ribeiro\n|-damage|p2a: Farigiraf|0 fnt\n|faint|p2a: Farigiraf\n|move|p1a: \u00c9verton Ribeiro|Weather Ball|p2b: Tyranitar\n|-activate|p2b: Tyranitar|move: Protect\n|\n|-weather|RainDance|[upkeep]\n|upkeep\n|\n|t:|1776271609\n|switch|p2a: Rotom|Rotom-Wash, L50, shiny|46/100\n|turn|7\n|\n|t:|1776271639\n|move|p1a: \u00c9verton Ribeiro|Protect|p1a: \u00c9verton Ribeiro\n|-singleturn|p1a: \u00c9verton Ribeiro|Protect\n|move|p1b: Willian Jos\u00e9|Dragon Claw|p2a: Rotom\n|-damage|p2a: Rotom|4/100\n|move|p2a: Rotom|Volt Switch|p1a: \u00c9verton Ribeiro\n|-activate|p1a: \u00c9verton Ribeiro|move: Protect\n|move|p2b: Tyranitar|Rock Slide|p1a: \u00c9verton Ribeiro|[spread] p1b\n|-activate|p1a: \u00c9verton Ribeiro|move: Protect\n|-resisted|p1b: Willian Jos\u00e9|1\n|-damage|p1b: Willian Jos\u00e9|13/100\n|\n|-weather|RainDance|[upkeep]\n|-heal|p2a: Rotom|9/100|[from] item: Leftovers\n|upkeep\n|turn|8\n|\n|t:|1776271658\n|move|p2a: Rotom|Protect|p2a: Rotom\n|-singleturn|p2a: Rotom|Protect\n|move|p1b: Willian Jos\u00e9|Dragon Claw|p2a: Rotom\n|-activate|p2a: Rotom|move: Protect\n|move|p1a: \u00c9verton Ribeiro|Weather Ball|p2b: Tyranitar\n|-supereffective|p2b: Tyranitar|1\n|-damage|p2b: Tyranitar|0 fnt\n|faint|p2b: Tyranitar\n|\n|-weather|RainDance|[upkeep]\n|-heal|p2a: Rotom|15/100|[from] item: Leftovers\n|upkeep\n|\n|t:|1776271668\n|switch|p2b: Chesnaught|Chesnaught, L50, M, shiny|100/100\n|turn|9\n|\n|t:|1776271686\n|move|p2b: Chesnaught|Protect|p2b: Chesnaught\n|-singleturn|p2b: Chesnaught|Protect\n|move|p1b: Willian Jos\u00e9|Dragon Claw|p2a: Rotom\n|-damage|p2a: Rotom|0 fnt\n|faint|p2a: Rotom\n|move|p1a: \u00c9verton Ribeiro|Hurricane|p2b: Chesnaught\n|-activate|p2b: Chesnaught|move: Protect\n|\n|-weather|none\n|upkeep\n|turn|10\n|inactive|vnunesp12 has 30 seconds left.\n|\n|t:|1776271711\n|switch|p1a: Jean Lucas|Basculegion, L50, M|94/100\n|detailschange|p2b: Chesnaught|Chesnaught-Mega, L50, M, shiny\n|-mega|p2b: Chesnaught|Chesnaught|Chesnaughtite\n|move|p1b: Willian Jos\u00e9|Dragon Claw|p2b: Chesnaught\n|-damage|p2b: Chesnaught|78/100\n|move|p2b: Chesnaught|Iron Head|p1b: Willian Jos\u00e9\n|-damage|p1b: Willian Jos\u00e9|0 fnt\n|-damage|p2b: Chesnaught|66/100|[from] ability: Rough Skin|[of] p1b: Willian Jos\u00e9\n|faint|p1b: Willian Jos\u00e9\n|\n|upkeep\n|\n|t:|1776271733\n|switch|p1b: Luciano Juba|Manectric-Mega, L50, M|15/100\n|-ability|p1b: Luciano Juba|Intimidate|boost\n|-unboost|p2b: Chesnaught|atk|1\n|turn|11\n|\n|t:|1776271747\n|move|p1a: Jean Lucas|Ice Fang|p2b: Chesnaught\n|-supereffective|p2b: Chesnaught|1\n|-damage|p2b: Chesnaught|42/100\n|move|p1b: Luciano Juba|Flamethrower|p2b: Chesnaught\n|-supereffective|p2b: Chesnaught|1\n|-crit|p2b: Chesnaught\n|-damage|p2b: Chesnaught|0 fnt\n|faint|p2b: Chesnaught\n|\n|win|vnunesp12\n|raw|vnunesp12's rating: 1205 &rarr; <strong>1227</strong><br />(+22 for winning)\n|raw|Thamlett0613's rating: 1163 &rarr; <strong>1141</strong><br />(-22 for losing)\n",
  "uploadtime": 1776271763,
  "views": 29,
  "formatid": "gen9championsvgc2026regma",
  "rating": 1141,
  "private": 0,
  "password": null
}