{
  "id": "gen9championsvgc2026regma-2583861554",
  "format": "[Gen 9 Champions] VGC 2026 Reg M-A",
  "players": [
    "It'sJustKen VGC",
    "PizzaMan48"
  ],
  "log": "|j|\u2606It'sJustKen VGC\n|j|\u2606PizzaMan48\n|t:|1776203477\n|gametype|doubles\n|player|p1|It'sJustKen VGC|2|1405\n|player|p2|PizzaMan48|clown|1458\n|gen|9\n|tier|[Gen 9 Champions] VGC 2026 Reg M-A\n|rated|\n|rule|Species Clause: Limit one of each Pok\u00e9mon\n|rule|Item Clause: Limit 1 of each item\n|clearpoke\n|poke|p1|Floette-Eternal, L50, F|\n|poke|p1|Espathra, L50, F|\n|poke|p1|Incineroar, L50, F|\n|poke|p1|Sneasler, L50, M|\n|poke|p1|Basculegion, L50, M|\n|poke|p1|Kingambit, L50, F|\n|poke|p2|Pelipper, L50, F|\n|poke|p2|Meganium, L50, M|\n|poke|p2|Scizor, L50, F|\n|poke|p2|Archaludon, L50, M|\n|poke|p2|Basculegion, L50, M|\n|poke|p2|Excadrill, L50, M|\n|teampreview|4\n|inactive|Battle timer is ON: inactive players will automatically lose when time's up. (requested by It'sJustKen VGC)\n|inactive|It'sJustKen VGC has 60 seconds left.\n|inactive|PizzaMan48 has 60 seconds left.\n|inactive|It'sJustKen VGC has 30 seconds left.\n|inactive|It'sJustKen VGC has 20 seconds left.\n|inactive|It'sJustKen VGC has 15 seconds left.\n|inactive|It'sJustKen VGC has 10 seconds left.\n|inactive|It'sJustKen VGC has 5 seconds left.\n|\n|t:|1776203564\n|teamsize|p1|4\n|teamsize|p2|4\n|start\n|switch|p1a: Die With A Smile|Kingambit, L50, F|100/100\n|switch|p1b: Paparazzi|Incineroar, L50, F|100/100\n|switch|p2a: Pelipper|Pelipper, L50, F|100/100\n|switch|p2b: Excadrill|Excadrill, L50, M|100/100\n|-ability|p2b: Excadrill|Mold Breaker\n|-weather|RainDance|[from] ability: Drizzle|[of] p2a: Pelipper\n|-ability|p1b: Paparazzi|Intimidate|boost\n|-unboost|p2a: Pelipper|atk|1\n|-unboost|p2b: Excadrill|atk|1\n|turn|1\n|\n|t:|1776203579\n|move|p2a: Pelipper|Protect|p2a: Pelipper\n|-singleturn|p2a: Pelipper|Protect\n|move|p1b: Paparazzi|Fake Out|p2b: Excadrill\n|-resisted|p2b: Excadrill|1\n|-damage|p2b: Excadrill|93/100\n|cant|p2b: Excadrill|flinch\n|move|p1a: Die With A Smile|Swords Dance|p1a: Die With A Smile\n|-boost|p1a: Die With A Smile|atk|2\n|\n|-weather|RainDance|[upkeep]\n|upkeep\n|turn|2\n|inactive|It'sJustKen VGC has 30 seconds left.\n|\n|t:|1776203608\n|move|p1a: Die With A Smile|Sucker Punch|p2b: Excadrill\n|-damage|p2b: Excadrill|0 fnt\n|faint|p2b: Excadrill\n|move|p2a: Pelipper|Tailwind|p2a: Pelipper\n|-sidestart|p2: PizzaMan48|move: Tailwind\n|move|p1b: Paparazzi|Parting Shot|p2a: Pelipper\n|-unboost|p2a: Pelipper|atk|1\n|-unboost|p2a: Pelipper|spa|1\n|\n|t:|1776203614\n|switch|p1b: Poker Face|Sneasler, L50, M|100/100|[from] Parting Shot\n|\n|-weather|RainDance|[upkeep]\n|upkeep\n|\n|t:|1776203623\n|switch|p2b: Basculegion|Basculegion, L50, M|100/100\n|turn|3\n|\n|t:|1776203635\n|move|p1b: Poker Face|Fake Out|p2a: Pelipper\n|-damage|p2a: Pelipper|87/100\n|move|p2b: Basculegion|Aqua Jet|p1b: Poker Face\n|-damage|p1b: Poker Face|37/100\n|cant|p2a: Pelipper|flinch\n|move|p1a: Die With A Smile|Kowtow Cleave|p2b: Basculegion\n|-supereffective|p2b: Basculegion|1\n|-damage|p2b: Basculegion|0 fnt\n|faint|p2b: Basculegion\n|\n|-weather|RainDance|[upkeep]\n|upkeep\n|\n|t:|1776203639\n|switch|p2b: Meganium|Meganium, L50, M|100/100\n|turn|4\n|\n|t:|1776203648\n|switch|p1b: Paparazzi|Incineroar, L50, F|100/100\n|-ability|p1b: Paparazzi|Intimidate|boost\n|-unboost|p2a: Pelipper|atk|1\n|-unboost|p2b: Meganium|atk|1\n|detailschange|p2b: Meganium|Meganium-Mega, L50, M\n|-mega|p2b: Meganium|Meganium|Meganiumite\n|move|p1a: Die With A Smile|Sucker Punch|p2a: Pelipper\n|-damage|p2a: Pelipper|2/100\n|move|p2b: Meganium|Weather Ball|p1a: Die With A Smile\n|-supereffective|p1a: Die With A Smile|1\n|-damage|p1a: Die With A Smile|0 fnt\n|faint|p1a: Die With A Smile\n|move|p2a: Pelipper|Hurricane|p1b: Paparazzi\n|-damage|p1b: Paparazzi|81/100\n|\n|-weather|RainDance|[upkeep]\n|upkeep\n|\n|t:|1776203655\n|switch|p1a: Shallow|Basculegion, L50, M|100/100\n|turn|5\n|\n|t:|1776203666\n|move|p2a: Pelipper|Protect|p2a: Pelipper\n|-singleturn|p2a: Pelipper|Protect\n|move|p1b: Paparazzi|Fake Out|p2b: Meganium\n|-damage|p2b: Meganium|90/100\n|cant|p2b: Meganium|flinch\n|move|p1a: Shallow|Last Respects|p2a: Pelipper\n|-activate|p2a: Pelipper|move: Protect\n|\n|-weather|none\n|-sideend|p2: PizzaMan48|move: Tailwind\n|upkeep\n|turn|6\n|\n|t:|1776203677\n|move|p1a: Shallow|Last Respects|p2a: Pelipper\n|-damage|p2a: Pelipper|0 fnt\n|faint|p2a: Pelipper\n|move|p2b: Meganium|Solar Beam||[still]\n|-prepare|p2b: Meganium|Solar Beam\n|-activate|p2b: Meganium|ability: Mega Sol\n|-anim|p2b: Meganium|Solar Beam|p1a: Shallow\n|-supereffective|p1a: Shallow|1\n|-damage|p1a: Shallow|0 fnt\n|faint|p1a: Shallow\n|move|p1b: Paparazzi|Taunt|p2b: Meganium\n|-start|p2b: Meganium|move: Taunt\n|\n|upkeep\n|\n|t:|1776203681\n|switch|p1a: Poker Face|Sneasler, L50, M|37/100\n|turn|7\n|c|\u2606PizzaMan48|gg\n|\n|t:|1776203690\n|move|p1a: Poker Face|Fake Out|p2b: Meganium\n|-damage|p2b: Meganium|74/100\n|cant|p2b: Meganium|flinch\n|move|p1b: Paparazzi|Flare Blitz|p2b: Meganium\n|-supereffective|p2b: Meganium|1\n|-damage|p2b: Meganium|0 fnt\n|faint|p2b: Meganium\n|-damage|p1b: Paparazzi|62/100|[from] Recoil\n|\n|win|It'sJustKen VGC\n|raw|It&apos;sJustKen VGC's rating: 1405 &rarr; <strong>1428</strong><br />(+23 for winning)\n|raw|PizzaMan48's rating: 1458 &rarr; <strong>1435</strong><br />(-23 for losing)\n|c|\u2606It'sJustKen VGC|gg wp\n|c|\u2606PizzaMan48|ty u2\n|l|\u2606PizzaMan48\n|player|p2|\n",
  "uploadtime": 1776203703,
  "views": 46,
  "formatid": "gen9championsvgc2026regma",
  "rating": 1428,
  "private": 0,
  "password": null
}