{
  "id": "gen9championsvgc2026regma-2585708422",
  "format": "[Gen 9 Champions] VGC 2026 Reg M-A",
  "players": [
    "isaias2222",
    "warwarwarwar"
  ],
  "log": "|j|\u2606isaias2222\n|j|\u2606warwarwarwar\n|t:|1776365151\n|gametype|doubles\n|player|p1|isaias2222|170|1081\n|player|p2|warwarwarwar|2|1000\n|gen|9\n|tier|[Gen 9 Champions] VGC 2026 Reg M-A\n|rated|\n|rule|Species Clause: Limit one of each Pok\u00e9mon\n|rule|Item Clause: Limit 1 of each item\n|clearpoke\n|poke|p1|Charizard, L50, M|\n|poke|p1|Sneasler, L50, F|\n|poke|p1|Incineroar, L50, M|\n|poke|p1|Sinistcha, L50|\n|poke|p1|Milotic, L50, M|\n|poke|p1|Tyranitar, L50, M|\n|poke|p2|Meganium, L50, M|\n|poke|p2|Archaludon, L50, F|\n|poke|p2|Pelipper, L50, M|\n|poke|p2|Basculegion, L50, M|\n|poke|p2|Zoroark-Hisui, L50, F|\n|poke|p2|Orthworm, L50, M|\n|teampreview|4\n|inactive|Battle timer is ON: inactive players will automatically lose when time's up. (requested by warwarwarwar)\n|inactive|isaias2222 has 60 seconds left.\n|\n|t:|1776365222\n|teamsize|p1|4\n|teamsize|p2|4\n|start\n|switch|p1a: Charizard|Charizard, L50, M|100/100\n|switch|p1b: Incineroar|Incineroar, L50, M|100/100\n|switch|p2a: Archaludon|Archaludon, L50, F|100/100\n|switch|p2b: Pelipper|Pelipper, L50, M|100/100\n|-weather|RainDance|[from] ability: Drizzle|[of] p2b: Pelipper\n|-ability|p1b: Incineroar|Intimidate|boost\n|-unboost|p2a: Archaludon|atk|1\n|-unboost|p2b: Pelipper|atk|1\n|turn|1\n|inactive|isaias2222 has 30 seconds left.\n|\n|t:|1776365257\n|switch|p1b: Tyranitar|Tyranitar, L50, M|100/100\n|-weather|Sandstorm|[from] ability: Sand Stream|[of] p1b: Tyranitar\n|move|p1a: Charizard|Protect|p1a: Charizard\n|-singleturn|p1a: Charizard|Protect\n|move|p2a: Archaludon|Electro Shot||[still]\n|-prepare|p2a: Archaludon|Electro Shot\n|-boost|p2a: Archaludon|spa|1\n|move|p2b: Pelipper|Tailwind|p2b: Pelipper\n|-sidestart|p2: warwarwarwar|move: Tailwind\n|\n|-weather|Sandstorm|[upkeep]\n|-damage|p2b: Pelipper|94/100|[from] Sandstorm\n|-damage|p1a: Charizard|95/100|[from] Sandstorm\n|upkeep\n|turn|2\n|inactive|isaias2222 has 30 seconds left.\n|inactive|isaias2222 has 20 seconds left.\n|inactive|isaias2222 has 15 seconds left.\n|inactive|isaias2222 has 10 seconds left.\n|\n|t:|1776365303\n|detailschange|p1a: Charizard|Charizard-Mega-X, L50, M\n|-mega|p1a: Charizard|Charizard|Charizardite X\n|move|p2a: Archaludon|Electro Shot|p1a: Charizard|[from] lockedmove\n|-resisted|p1a: Charizard|1\n|-damage|p1a: Charizard|52/100\n|move|p1b: Tyranitar|High Horsepower|p2a: Archaludon\n|-supereffective|p2a: Archaludon|1\n|-enditem|p2a: Archaludon|Shuca Berry|[eat]\n|-enditem|p2a: Archaludon|Shuca Berry|[weaken]\n|-damage|p2a: Archaludon|73/100\n|move|p2b: Pelipper|U-turn|p1b: Tyranitar\n|-supereffective|p1b: Tyranitar|1\n|-damage|p1b: Tyranitar|89/100\n|\n|t:|1776365322\n|switch|p2b: Basculegion|Basculegion, L50, M|100/100|[from] U-turn\n|move|p1a: Charizard|Dragon Claw|p2b: Basculegion\n|-damage|p2b: Basculegion|30/100\n|\n|-weather|Sandstorm|[upkeep]\n|-damage|p2b: Basculegion|24/100|[from] Sandstorm\n|-damage|p1a: Charizard|46/100|[from] Sandstorm\n|upkeep\n|turn|3\n|\n|t:|1776365339\n|switch|p2b: Pelipper|Pelipper, L50, M|94/100\n|-weather|RainDance|[from] ability: Drizzle|[of] p2b: Pelipper\n|move|p2a: Archaludon|Flash Cannon|p1b: Tyranitar\n|-supereffective|p1b: Tyranitar|1\n|-damage|p1b: Tyranitar|0 fnt\n|faint|p1b: Tyranitar\n|move|p1a: Charizard|Dragon Claw|p2b: Pelipper\n|-damage|p2b: Pelipper|32/100\n|\n|-weather|RainDance|[upkeep]\n|upkeep\n|\n|t:|1776365358\n|switch|p1b: Incineroar|Incineroar, L50, M|100/100\n|-ability|p1b: Incineroar|Intimidate|boost\n|-unboost|p2a: Archaludon|atk|1\n|-unboost|p2b: Pelipper|atk|1\n|turn|4\n|\n|t:|1776365380\n|move|p1a: Charizard|Protect|p1a: Charizard\n|-singleturn|p1a: Charizard|Protect\n|move|p1b: Incineroar|Fake Out|p2b: Pelipper\n|-damage|p2b: Pelipper|21/100\n|move|p2a: Archaludon|Electro Shot||[still]\n|-prepare|p2a: Archaludon|Electro Shot\n|-boost|p2a: Archaludon|spa|1\n|-anim|p2a: Archaludon|Electro Shot|p1a: Charizard\n|-activate|p1a: Charizard|move: Protect\n|cant|p2b: Pelipper|flinch\n|\n|-weather|RainDance|[upkeep]\n|-sideend|p2: warwarwarwar|move: Tailwind\n|upkeep\n|turn|5\n|inactive|isaias2222 has 30 seconds left.\n|\n|t:|1776365408\n|switch|p2b: Meganium|Meganium, L50, M|100/100\n|move|p2a: Archaludon|Protect|p2a: Archaludon\n|-singleturn|p2a: Archaludon|Protect\n|move|p1a: Charizard|Dragon Claw|p2b: Meganium\n|-damage|p2b: Meganium|44/100\n|move|p1b: Incineroar|Parting Shot|p2a: Archaludon\n|-activate|p2a: Archaludon|move: Protect\n|\n|-weather|RainDance|[upkeep]\n|upkeep\n|turn|6\n|inactive|warwarwarwar has 30 seconds left.\n|inactive|isaias2222 has 30 seconds left.\n|\n|t:|1776365445\n|detailschange|p2b: Meganium|Meganium-Mega, L50, M\n|-mega|p2b: Meganium|Meganium|Meganiumite\n|move|p1a: Charizard|Protect|p1a: Charizard\n|-singleturn|p1a: Charizard|Protect\n|move|p2a: Archaludon|Aura Sphere|p1b: Incineroar\n|-supereffective|p1b: Incineroar|1\n|-damage|p1b: Incineroar|19/100\n|-enditem|p1b: Incineroar|Sitrus Berry|[eat]\n|-heal|p1b: Incineroar|44/100|[from] item: Sitrus Berry\n|move|p2b: Meganium|Synthesis|p2b: Meganium\n|-heal|p2b: Meganium|100/100\n|move|p1b: Incineroar|Parting Shot|p2b: Meganium\n|-unboost|p2b: Meganium|atk|1\n|-unboost|p2b: Meganium|spa|1\n|\n|t:|1776365458\n|switch|p1b: Sneasler|Sneasler, L50, F|100/100|[from] Parting Shot\n|\n|-weather|RainDance|[upkeep]\n|upkeep\n|turn|7\n|inactive|isaias2222 has 30 seconds left.\n|inactive|warwarwarwar has 30 seconds left.\n|inactive|warwarwarwar has 20 seconds left.\n|inactive|warwarwarwar has 15 seconds left.\n|\n|t:|1776365499\n|switch|p1a: Incineroar|Incineroar, L50, M|44/100\n|-ability|p1a: Incineroar|Intimidate|boost\n|-unboost|p2a: Archaludon|atk|1\n|-unboost|p2b: Meganium|atk|1\n|move|p1b: Sneasler|Fake Out|p2a: Archaludon\n|-resisted|p2a: Archaludon|1\n|-damage|p2a: Archaludon|67/100\n|cant|p2a: Archaludon|flinch\n|move|p2b: Meganium|Earth Power|p1b: Sneasler\n|-supereffective|p1b: Sneasler|1\n|-damage|p1b: Sneasler|34/100\n|\n|-weather|none\n|upkeep\n|turn|8\n|\n|t:|1776365517\n|switch|p2b: Pelipper|Pelipper, L50, M|21/100\n|-weather|RainDance|[from] ability: Drizzle|[of] p2b: Pelipper\n|move|p2a: Archaludon|Protect|p2a: Archaludon\n|-singleturn|p2a: Archaludon|Protect\n|move|p1a: Incineroar|Fake Out|p2b: Pelipper\n|-damage|p2b: Pelipper|9/100\n|move|p1b: Sneasler|Close Combat|p2a: Archaludon\n|-activate|p2a: Archaludon|move: Protect\n|\n|-weather|RainDance|[upkeep]\n|upkeep\n|turn|9\n|inactive|isaias2222 has 30 seconds left.\n|\n|t:|1776365545\n|move|p1b: Sneasler|Close Combat|p2a: Archaludon\n|-supereffective|p2a: Archaludon|1\n|-damage|p2a: Archaludon|0 fnt\n|-unboost|p1b: Sneasler|def|1\n|-unboost|p1b: Sneasler|spd|1\n|faint|p2a: Archaludon\n|-enditem|p1b: Sneasler|White Herb\n|-clearnegativeboost|p1b: Sneasler|[silent]\n|move|p2b: Pelipper|Tailwind|p2b: Pelipper\n|-sidestart|p2: warwarwarwar|move: Tailwind\n|move|p1a: Incineroar|Parting Shot|p2b: Pelipper\n|-unboost|p2b: Pelipper|atk|1\n|-unboost|p2b: Pelipper|spa|1\n|\n|t:|1776365557\n|switch|p1a: Charizard|Charizard-Mega-X, L50, M|46/100|[from] Parting Shot\n|\n|-weather|RainDance|[upkeep]\n|upkeep\n|\n|t:|1776365570\n|switch|p2a: Basculegion|Basculegion, L50, M|24/100\n|turn|10\n|inactive|isaias2222 has 30 seconds left.\n|\n|t:|1776365597\n|move|p2a: Basculegion|Flip Turn|p1b: Sneasler\n|-damage|p1b: Sneasler|0 fnt\n|faint|p1b: Sneasler\n|\n|t:|1776365602\n|switch|p2a: Meganium|Meganium-Mega, L50, M|100/100|[from] Flip Turn\n|move|p2b: Pelipper|Hurricane|p1a: Charizard\n|-damage|p1a: Charizard|3/100\n|move|p1a: Charizard|Dragon Claw|p2a: Meganium\n|-immune|p2a: Meganium\n|\n|-weather|RainDance|[upkeep]\n|upkeep\n|\n|t:|1776365611\n|switch|p1b: Incineroar|Incineroar, L50, M|44/100\n|-ability|p1b: Incineroar|Intimidate|boost\n|-unboost|p2a: Meganium|atk|1\n|-unboost|p2b: Pelipper|atk|1\n|turn|11\n|\n|t:|1776365636\n|move|p1a: Charizard|Protect|p1a: Charizard\n|-singleturn|p1a: Charizard|Protect\n|move|p1b: Incineroar|Fake Out|p2a: Meganium\n|-damage|p2a: Meganium|91/100\n|cant|p2a: Meganium|flinch\n|move|p2b: Pelipper|Surf|p1a: Charizard|[spread] p2a,p1b\n|-activate|p1a: Charizard|move: Protect\n|-resisted|p2a: Meganium|1\n|-supereffective|p1b: Incineroar|1\n|-damage|p2a: Meganium|75/100\n|-damage|p1b: Incineroar|0 fnt\n|faint|p1b: Incineroar\n|\n|-weather|RainDance|[upkeep]\n|upkeep\n|turn|12\n|-message|isaias2222 forfeited.\n|\n|win|warwarwarwar\n|raw|isaias2222's rating: 1081 &rarr; <strong>1054</strong><br />(-27 for losing)\n|raw|warwarwarwar's rating: 1000 &rarr; <strong>1049</strong><br />(+49 for winning)\n|l|\u2606isaias2222\n|player|p1|\n",
  "uploadtime": 1776365654,
  "views": 22,
  "formatid": "gen9championsvgc2026regma",
  "rating": 1049,
  "private": 0,
  "password": null
}