{
  "id": "gen9championsvgc2026regma-2582200990",
  "format": "[Gen 9 Champions] VGC 2026 Reg M-A",
  "players": [
    "Rusano",
    "Angeeliyo_7"
  ],
  "log": "|j|\u2606Rusano\n|j|\u2606Angeeliyo_7\n|t:|1776070577\n|gametype|doubles\n|player|p1|Rusano|ghetsis-gen5bw|1034\n|player|p2|Angeeliyo_7|170|1040\n|gen|9\n|tier|[Gen 9 Champions] VGC 2026 Reg M-A\n|rated|\n|rule|Species Clause: Limit one of each Pok\u00e9mon\n|rule|Item Clause: Limit 1 of each item\n|clearpoke\n|poke|p1|Tyranitar, L50, F|\n|poke|p1|Farigiraf, L50, F|\n|poke|p1|Kingambit, L50, M|\n|poke|p1|Aegislash, L50, F|\n|poke|p1|Sinistcha, L50|\n|poke|p1|Rhyperior, L50, F|\n|poke|p2|Meowscarada, L50, M|\n|poke|p2|Charizard, L50, F|\n|poke|p2|Incineroar, L50, F|\n|poke|p2|Gardevoir, L50, M|\n|poke|p2|Corviknight, L50, M|\n|poke|p2|Milotic, L50, F|\n|teampreview|4\n|inactive|Battle timer is ON: inactive players will automatically lose when time's up. (requested by Rusano)\nAngeeliyo_7 rejected open team sheets.\n|inactive|Angeeliyo_7 has 60 seconds left.\n|\n|t:|1776070611\n|teamsize|p1|4\n|teamsize|p2|4\n|start\n|switch|p1a: godzilla|Tyranitar, L50, F, shiny|100/100\n|switch|p1b: kaka|Kingambit, L50, M, shiny|100/100\n|switch|p2a: Meowscarada|Meowscarada, L50, M|100/100\n|switch|p2b: Charizard|Charizard, L50, F|100/100\n|-weather|Sandstorm|[from] ability: Sand Stream|[of] p1a: godzilla\n|turn|1\n|\n|t:|1776070631\n|switch|p1b: performative|Sinistcha, L50, shiny|100/100\n|detailschange|p2b: Charizard|Charizard-Mega-Y, L50, F\n|-mega|p2b: Charizard|Charizard|Charizardite Y\n|-weather|SunnyDay|[from] ability: Drought|[of] p2b: Charizard\n|detailschange|p1a: godzilla|Tyranitar-Mega, L50, F, shiny\n|-mega|p1a: godzilla|Tyranitar|Tyranitarite\n|-weather|Sandstorm|[from] ability: Sand Stream|[of] p1a: godzilla\n|move|p2b: Charizard|Protect|p2b: Charizard\n|-singleturn|p2b: Charizard|Protect\n|move|p2a: Meowscarada|Flower Trick|p1a: godzilla\n|-start|p2a: Meowscarada|typechange|Grass|[from] ability: Protean\n|-supereffective|p1a: godzilla|1\n|-crit|p1a: godzilla\n|-damage|p1a: godzilla|36/100\n|move|p1a: godzilla|Rock Slide|p2b: Charizard|[spread] p2a\n|-activate|p2b: Charizard|move: Protect\n|-damage|p2a: Meowscarada|36/100\n|\n|-weather|Sandstorm|[upkeep]\n|-damage|p2a: Meowscarada|30/100|[from] Sandstorm\n|-damage|p2b: Charizard|95/100|[from] Sandstorm\n|-damage|p1b: performative|94/100|[from] Sandstorm\n|-heal|p1b: performative|100/100|[from] item: Leftovers\n|upkeep\n|turn|2\n|inactive|Angeeliyo_7 has 30 seconds left.\n|\n|t:|1776070656\n|move|p1a: godzilla|Protect|p1a: godzilla\n|-singleturn|p1a: godzilla|Protect\n|move|p2a: Meowscarada|Flower Trick|p1a: godzilla\n|-activate|p1a: godzilla|move: Protect\n|move|p2b: Charizard|Overheat|p1b: performative\n|-supereffective|p1b: performative|1\n|-damage|p1b: performative|0 fnt\n|-unboost|p2b: Charizard|spa|2\n|faint|p1b: performative\n|\n|-weather|Sandstorm|[upkeep]\n|-damage|p2a: Meowscarada|24/100|[from] Sandstorm\n|-damage|p2b: Charizard|89/100|[from] Sandstorm\n|upkeep\n|\n|t:|1776070672\n|switch|p1b: kaka|Kingambit, L50, M, shiny|100/100\n|turn|3\n|\n|t:|1776070696\n|move|p2b: Charizard|Protect|p2b: Charizard\n|-singleturn|p2b: Charizard|Protect\n|move|p1b: kaka|Sucker Punch|p2a: Meowscarada\n|-damage|p2a: Meowscarada|0 fnt\n|faint|p2a: Meowscarada\n|move|p1a: godzilla|Rock Slide|p2b: Charizard\n|-activate|p2b: Charizard|move: Protect\n|\n|-weather|Sandstorm|[upkeep]\n|-damage|p2b: Charizard|83/100|[from] Sandstorm\n|upkeep\n|\n|t:|1776070705\n|switch|p2a: Gardevoir|Gardevoir, L50, M|100/100\n|-ability|p2a: Gardevoir|Sand Stream|Trace|[from] ability: Trace|[of] p1a: godzilla\n|turn|4\n|\n|t:|1776070719\n|switch|p2b: Incineroar|Incineroar, L50, F|100/100\n|-ability|p2b: Incineroar|Intimidate|boost\n|-unboost|p1a: godzilla|atk|1\n|-unboost|p1b: kaka|atk|1\n|-ability|p1b: kaka|Defiant|boost\n|-boost|p1b: kaka|atk|2\n|move|p1a: godzilla|Protect|p1a: godzilla\n|-singleturn|p1a: godzilla|Protect\n|move|p2a: Gardevoir|Dazzling Gleam|p1a: godzilla|[spread] p1b\n|-activate|p1a: godzilla|move: Protect\n|-damage|p1b: kaka|67/100\n|move|p1b: kaka|Iron Head|p2a: Gardevoir\n|-supereffective|p2a: Gardevoir|1\n|-damage|p2a: Gardevoir|0 fnt\n|faint|p2a: Gardevoir\n|\n|-weather|Sandstorm|[upkeep]\n|-damage|p2b: Incineroar|95/100|[from] Sandstorm\n|upkeep\n|\n|t:|1776070731\n|switch|p2a: Charizard|Charizard-Mega-Y, L50, F|83/100\n|-weather|SunnyDay|[from] ability: Drought|[of] p2a: Charizard\n|turn|5\n|\n|t:|1776070741\n|switch|p1a: notrhydon|Rhyperior, L50, F, shiny|100/100\n|move|p1b: kaka|Protect|p1b: kaka\n|-singleturn|p1b: kaka|Protect\n|move|p2b: Incineroar|Fake Out|p1b: kaka\n|-activate|p1b: kaka|move: Protect\n|move|p2a: Charizard|Heat Wave|p1a: notrhydon|[spread] p1a\n|-activate|p1b: kaka|move: Protect\n|-resisted|p1a: notrhydon|1\n|-damage|p1a: notrhydon|57/100\n|\n|-weather|SunnyDay|[upkeep]\n|upkeep\n|turn|6\n|\n|t:|1776070761\n|switch|p1b: godzilla|Tyranitar-Mega, L50, F, shiny|36/100\n|-weather|Sandstorm|[from] ability: Sand Stream|[of] p1b: godzilla\n|move|p2a: Charizard|Solar Beam||[still]\n|-prepare|p2a: Charizard|Solar Beam\n|move|p2b: Incineroar|Flare Blitz|p1b: godzilla\n|-resisted|p1b: godzilla|1\n|-damage|p1b: godzilla|21/100\n|-damage|p2b: Incineroar|90/100|[from] Recoil\n|move|p1a: notrhydon|High Horsepower|p2b: Incineroar\n|-supereffective|p2b: Incineroar|1\n|-damage|p2b: Incineroar|0 fnt\n|faint|p2b: Incineroar\n|\n|-weather|Sandstorm|[upkeep]\n|-damage|p2a: Charizard|77/100|[from] Sandstorm\n|upkeep\n|turn|7\n|c|\u2606Angeeliyo_7|gg wp\n|\n|t:|1776070777\n|move|p2a: Charizard|Solar Beam|p1a: notrhydon|[from] lockedmove\n|-supereffective|p1a: notrhydon|2\n|-damage|p1a: notrhydon|0 fnt\n|faint|p1a: notrhydon\n|move|p1b: godzilla|Rock Slide|p2a: Charizard\n|-supereffective|p2a: Charizard|2\n|-damage|p2a: Charizard|0 fnt\n|faint|p2a: Charizard\n|\n|win|Rusano\n|raw|Rusano's rating: 1034 &rarr; <strong>1070</strong><br />(+36 for winning)\n|raw|Angeeliyo_7's rating: 1040 &rarr; <strong>1024</strong><br />(-16 for losing)\n|c|\u2606Rusano|ty\n|l|\u2606Angeeliyo_7\n|player|p2|\n|c|\u2606Rusano|ggs\n",
  "uploadtime": 1776070789,
  "views": 14,
  "formatid": "gen9championsvgc2026regma",
  "rating": 1024,
  "private": 0,
  "password": null
}