{
  "id": "gen9championsvgc2026regma-2585341951",
  "format": "[Gen 9 Champions] VGC 2026 Reg M-A",
  "players": [
    "inigo143",
    "hugo2325"
  ],
  "log": "|j|\u2606inigo143\n|j|\u2606hugo2325\n|t:|1776339569\n|gametype|doubles\n|player|p1|inigo143|pokemaniac|1089\n|player|p2|hugo2325|266|1000\n|gen|9\n|tier|[Gen 9 Champions] VGC 2026 Reg M-A\n|rated|\n|rule|Species Clause: Limit one of each Pok\u00e9mon\n|rule|Item Clause: Limit 1 of each item\n|clearpoke\n|poke|p1|Slowking, L50, F|\n|poke|p1|Crabominable, L50, F|\n|poke|p1|Incineroar, L50, M|\n|poke|p1|Camerupt, L50, F|\n|poke|p1|Hatterene, L50, F|\n|poke|p1|Tsareena, L50, F|\n|poke|p2|Floette-Eternal, L50, F|\n|poke|p2|Basculegion, L50, M|\n|poke|p2|Tyranitar, L50, F|\n|poke|p2|Corviknight, L50, M|\n|poke|p2|Incineroar, L50, F|\n|poke|p2|Garchomp, L50, M|\n|teampreview|4\nhugo2325 has agreed to open team sheets.\n|\n|t:|1776339595\n|teamsize|p1|4\n|teamsize|p2|4\n|start\n|switch|p1a: Slowking|Slowking, L50, F|100/100\n|switch|p1b: Crabominable|Crabominable, L50, F|100/100\n|switch|p2a: Floette|Floette-Eternal, L50, F|100/100\n|switch|p2b: Corviknight|Corviknight, L50, M|100/100\n|turn|1\n|inactive|Battle timer is ON: inactive players will automatically lose when time's up. (requested by inigo143)\n|\n|t:|1776339619\n|switch|p1b: Incineroar|Incineroar, L50, M|100/100\n|-ability|p1b: Incineroar|Intimidate|boost\n|-unboost|p2a: Floette|atk|1\n|-ability|p2b: Corviknight|Mirror Armor\n|-unboost|p1b: Incineroar|atk|1\n|detailschange|p2a: Floette|Floette-Mega, L50, F\n|-mega|p2a: Floette|Floette|Floettite\n|-ability|p2a: Floette|Fairy Aura\n|move|p2a: Floette|Light of Ruin|p1a: Slowking\n|-damage|p1a: Slowking|9/100\n|-damage|p2a: Floette|53/100|[from] Recoil\n|move|p2b: Corviknight|Brave Bird|p1b: Incineroar\n|-damage|p1b: Incineroar|60/100\n|-damage|p2b: Corviknight|89/100|[from] Recoil\n|move|p1a: Slowking|Trick Room|p1a: Slowking\n|-fieldstart|move: Trick Room|[of] p1a: Slowking\n|\n|upkeep\n|turn|2\n|inactive|inigo143 has 30 seconds left.\n|inactive|hugo2325 has 30 seconds left.\n|\n|t:|1776339653\n|move|p2a: Floette|Protect|p2a: Floette\n|-singleturn|p2a: Floette|Protect\n|move|p1b: Incineroar|Fake Out|p2a: Floette\n|-activate|p2a: Floette|move: Protect\n|-prepare|p1a: Slowking|Chilly Reception|[premajor]\n|move|p1a: Slowking|Chilly Reception|p1a: Slowking\n|-weather|Snowscape\n|\n|t:|1776339658\n|switch|p1a: Crabominable|Crabominable, L50, F|100/100|[from] Chilly Reception\n|move|p2b: Corviknight|Brave Bird|p1a: Crabominable\n|-supereffective|p1a: Crabominable|1\n|-damage|p1a: Crabominable|47/100\n|-damage|p2b: Corviknight|72/100|[from] Recoil\n|\n|-weather|Snowscape|[upkeep]\n|upkeep\n|turn|3\n|\n|t:|1776339682\n|switch|p2a: Incineroar|Incineroar, L50, F|100/100\n|-ability|p2a: Incineroar|Intimidate|boost\n|-fail|p1a: Crabominable|unboost|Attack|[from] ability: Hyper Cutter|[of] p1a: Crabominable\n|-unboost|p1b: Incineroar|atk|1\n|detailschange|p1a: Crabominable|Crabominable-Mega, L50, F\n|-mega|p1a: Crabominable|Crabominable|Crabominite\n|move|p1a: Crabominable|Thunder Punch|p2b: Corviknight\n|-supereffective|p2b: Corviknight|1\n|-damage|p2b: Corviknight|28/100\n|-enditem|p2b: Corviknight|Sitrus Berry|[eat]\n|-heal|p2b: Corviknight|53/100|[from] item: Sitrus Berry\n|move|p2b: Corviknight|Brave Bird|p1a: Crabominable\n|-supereffective|p1a: Crabominable|1\n|-damage|p1a: Crabominable|8/100\n|-damage|p2b: Corviknight|40/100|[from] Recoil\n|move|p1b: Incineroar|Flare Blitz|p2b: Corviknight\n|-supereffective|p2b: Corviknight|1\n|-damage|p2b: Corviknight|7/100\n|-damage|p1b: Incineroar|47/100|[from] Recoil\n|-enditem|p1b: Incineroar|Sitrus Berry|[eat]\n|-heal|p1b: Incineroar|72/100|[from] item: Sitrus Berry\n|\n|-weather|Snowscape|[upkeep]\n|upkeep\n|turn|4\n|inactive|inigo143 has 30 seconds left.\n|inactive|hugo2325 has 30 seconds left.\n|\n|t:|1776339710\n|move|p1a: Crabominable|Protect|p1a: Crabominable\n|-singleturn|p1a: Crabominable|Protect\n|move|p2a: Incineroar|Fake Out|p1a: Crabominable\n|-activate|p1a: Crabominable|move: Protect\n|move|p2b: Corviknight|Roost|p2b: Corviknight\n|-heal|p2b: Corviknight|57/100\n|-singleturn|p2b: Corviknight|move: Roost\n|move|p1b: Incineroar|Flare Blitz|p2b: Corviknight\n|-supereffective|p2b: Corviknight|1\n|-damage|p2b: Corviknight|24/100\n|-damage|p1b: Incineroar|59/100|[from] Recoil\n|\n|-weather|Snowscape|[upkeep]\n|upkeep\n|turn|5\n|inactive|hugo2325 has 30 seconds left.\n|\n|t:|1776339736\n|move|p1a: Crabominable|Thunder Punch|p2b: Corviknight\n|-supereffective|p2b: Corviknight|1\n|-damage|p2b: Corviknight|0 fnt\n|faint|p2b: Corviknight\n|move|p2a: Incineroar|Parting Shot|p1a: Crabominable\n|-unboost|p1a: Crabominable|atk|1\n|-unboost|p1a: Crabominable|spa|1\n|\n|t:|1776339743\n|switch|p2a: Basculegion|Basculegion, L50, M|100/100|[from] Parting Shot\n|move|p1b: Incineroar|Flare Blitz|p2a: Basculegion\n|-resisted|p2a: Basculegion|1\n|-damage|p2a: Basculegion|83/100\n|-damage|p1b: Incineroar|53/100|[from] Recoil\n|\n|-weather|Snowscape|[upkeep]\n|-fieldend|move: Trick Room\n|upkeep\n|\n|t:|1776339753\n|switch|p2b: Floette|Floette-Mega, L50, F|53/100\n|-ability|p2b: Floette|Fairy Aura\n|turn|6\n|\n|t:|1776339770\n|move|p1a: Crabominable|Protect|p1a: Crabominable\n|-singleturn|p1a: Crabominable|Protect\n|move|p2a: Basculegion|Last Respects|p1b: Incineroar\n|-resisted|p1b: Incineroar|1\n|-damage|p1b: Incineroar|20/100\n|move|p2b: Floette|Dazzling Gleam|p1b: Incineroar|[spread] p1b\n|-activate|p1a: Crabominable|move: Protect\n|-damage|p1b: Incineroar|0 fnt\n|faint|p1b: Incineroar\n|\n|-weather|none\n|upkeep\n|\n|t:|1776339787\n|switch|p1b: Hatterene|Hatterene, L50, F|100/100\n|turn|7\n|\n|t:|1776339795\n|move|p2a: Basculegion|Last Respects|p1b: Hatterene\n|-supereffective|p1b: Hatterene|1\n|-damage|p1b: Hatterene|0 fnt\n|faint|p1b: Hatterene\n|move|p2b: Floette|Dazzling Gleam|p1a: Crabominable\n|-supereffective|p1a: Crabominable|1\n|-damage|p1a: Crabominable|0 fnt\n|faint|p1a: Crabominable\n|\n|upkeep\n|-message|inigo143 forfeited.\n|\n|win|hugo2325\n|raw|inigo143's rating: 1089 &rarr; <strong>1060</strong><br />(-29 for losing)\n|raw|hugo2325's rating: 1000 &rarr; <strong>1050</strong><br />(+50 for winning)\n|l|\u2606inigo143\n|player|p1|\n|c|\u2606hugo2325|Gg\n",
  "uploadtime": 1776339821,
  "views": 27,
  "formatid": "gen9championsvgc2026regma",
  "rating": 1050,
  "private": 0,
  "password": null
}