{
  "id": "gen9championsvgc2026regma-2587483343",
  "format": "[Gen 9 Champions] VGC 2026 Reg M-A",
  "players": [
    "TestingTestes123",
    "game04fun"
  ],
  "log": "|j|\u2606TestingTestes123\n|j|\u2606game04fun\n|t:|1776535639\n|gametype|doubles\n|player|p1|TestingTestes123|2|1112\n|player|p2|game04fun|265|1099\n|gen|9\n|tier|[Gen 9 Champions] VGC 2026 Reg M-A\n|rated|\n|rule|Species Clause: Limit one of each Pok\u00e9mon\n|rule|Item Clause: Limit 1 of each item\n|clearpoke\n|poke|p1|Tyrantrum, L50, M|\n|poke|p1|Talonflame, L50, F|\n|poke|p1|Basculegion, L50, M|\n|poke|p1|Gengar, L50, F|\n|poke|p1|Whimsicott, L50, F|\n|poke|p1|Sneasler, L50, M|\n|poke|p2|Floette-Eternal, L50, F|\n|poke|p2|Politoed, L50, M|\n|poke|p2|Basculegion, L50, M|\n|poke|p2|Goodra-Hisui, L50, F|\n|poke|p2|Sinistcha-Masterpiece, L50|\n|poke|p2|Scizor, L50, F|\n|teampreview|4\n|\n|t:|1776535667\n|teamsize|p1|4\n|teamsize|p2|4\n|start\n|switch|p1a: Gengar|Gengar, L50, F|100/100\n|switch|p1b: Whimsicott|Whimsicott, L50, F|100/100\n|switch|p2a: Floette|Floette-Eternal, L50, F|100/100\n|switch|p2b: Sinistcha|Sinistcha-Masterpiece, L50|100/100\n|turn|1\n|inactive|Battle timer is ON: inactive players will automatically lose when time's up. (requested by TestingTestes123)\n|\n|t:|1776535700\n|switch|p2a: Politoed|Politoed, L50, M|100/100\n|-weather|RainDance|[from] ability: Drizzle|[of] p2a: Politoed\n|detailschange|p1a: Gengar|Gengar-Mega, L50, F\n|-mega|p1a: Gengar|Gengar|Gengarite\n|move|p1b: Whimsicott|Moonblast|p2a: Politoed\n|-damage|p2a: Politoed|72/100\n|move|p1a: Gengar|Sludge Bomb|p2a: Politoed\n|-damage|p2a: Politoed|19/100\n|-enditem|p2a: Politoed|Sitrus Berry|[eat]\n|-heal|p2a: Politoed|44/100|[from] item: Sitrus Berry\n|move|p2b: Sinistcha|Stun Spore|p1a: Gengar\n|-status|p1a: Gengar|par\n|\n|-weather|RainDance|[upkeep]\n|upkeep\n|turn|2\n|inactive|TestingTestes123 has 30 seconds left.\n|inactive|game04fun has 30 seconds left.\n|inactive|game04fun has 20 seconds left.\n|inactive|game04fun has 15 seconds left.\n|\n|t:|1776535743\n|move|p1b: Whimsicott|Moonblast|p2b: Sinistcha\n|-damage|p2b: Sinistcha|61/100\n|move|p2a: Politoed|Weather Ball|p1a: Gengar\n|-damage|p1a: Gengar|32/100 par\n|move|p1a: Gengar|Shadow Ball|p2b: Sinistcha\n|-supereffective|p2b: Sinistcha|1\n|-damage|p2b: Sinistcha|0 fnt\n|faint|p2b: Sinistcha\n|\n|-weather|RainDance|[upkeep]\n|upkeep\n|\n|t:|1776535760\n|switch|p2b: Floette|Floette-Eternal, L50, F|100/100\n|turn|3\n|\n|t:|1776535766\n|detailschange|p2b: Floette|Floette-Mega, L50, F\n|-mega|p2b: Floette|Floette|Floettite\n|-ability|p2b: Floette|Fairy Aura\n|move|p2b: Floette|Protect|p2b: Floette\n|-singleturn|p2b: Floette|Protect\n|move|p1b: Whimsicott|Tailwind|p1b: Whimsicott\n|-sidestart|p1: TestingTestes123|move: Tailwind\n|move|p1a: Gengar|Sludge Bomb|p2b: Floette\n|-activate|p2b: Floette|move: Protect\n|move|p2a: Politoed|Icy Wind|p1a: Gengar|[spread] p1a,p1b\n|-crit|p1a: Gengar\n|-supereffective|p1b: Whimsicott|1\n|-damage|p1a: Gengar|13/100 par\n|-damage|p1b: Whimsicott|73/100\n|-unboost|p1a: Gengar|spe|1\n|-unboost|p1b: Whimsicott|spe|1\n|\n|-weather|RainDance|[upkeep]\n|upkeep\n|turn|4\n|inactive|game04fun has 30 seconds left.\n|\n|t:|1776535793\n|move|p1b: Whimsicott|Moonblast|p2b: Floette\n|-damage|p2b: Floette|60/100\n|move|p2b: Floette|Dazzling Gleam|p1b: Whimsicott|[spread] p1a,p1b\n|-resisted|p1a: Gengar|1\n|-damage|p1a: Gengar|0 fnt\n|-damage|p1b: Whimsicott|0 fnt\n|faint|p1a: Gengar\n|faint|p1b: Whimsicott\n|move|p2a: Politoed|Weather Ball|p1: Gengar|[notarget]\n|-fail|p2a: Politoed\n|\n|-weather|RainDance|[upkeep]\n|upkeep\n|\n|t:|1776535805\n|switch|p1b: Basculegion|Basculegion, L50, M|100/100\n|switch|p1a: Tyrantrum|Tyrantrum, L50, M|100/100\n|turn|5\n|inactive|TestingTestes123 has 30 seconds left.\n|\n|t:|1776535833\n|move|p2b: Floette|Protect|p2b: Floette\n|-singleturn|p2b: Floette|Protect\n|move|p1b: Basculegion|Last Respects|p2b: Floette\n|-activate|p2b: Floette|move: Protect\n|move|p1a: Tyrantrum|Rock Slide|p2b: Floette|[spread] p2a\n|-activate|p2b: Floette|move: Protect\n|-damage|p2a: Politoed|14/100\n|move|p2a: Politoed|Weather Ball|p1a: Tyrantrum\n|-damage|p1a: Tyrantrum|26/100\n|\n|-weather|none\n|upkeep\n|turn|6\n|\n|t:|1776535852\n|switch|p2b: Goodra|Goodra-Hisui, L50, F|100/100\n|move|p1b: Basculegion|Last Respects|p2b: Goodra\n|-damage|p2b: Goodra|28/100\n|move|p1a: Tyrantrum|Rock Slide|p2b: Goodra|[spread] p2a,p2b\n|-resisted|p2b: Goodra|1\n|-damage|p2a: Politoed|0 fnt\n|-damage|p2b: Goodra|12/100\n|faint|p2a: Politoed\n|\n|-heal|p2b: Goodra|18/100|[from] item: Leftovers\n|-sideend|p1: TestingTestes123|move: Tailwind\n|upkeep\n|\n|t:|1776535866\n|switch|p2a: Floette|Floette-Mega, L50, F|60/100\n|-ability|p2a: Floette|Fairy Aura\n|turn|7\n|\n|t:|1776535879\n|move|p1b: Basculegion|Last Respects|p2a: Floette\n|-damage|p2a: Floette|0 fnt\n|faint|p2a: Floette\n|move|p1a: Tyrantrum|Rock Slide|p2b: Goodra\n|-resisted|p2b: Goodra|1\n|-damage|p2b: Goodra|0 fnt\n|faint|p2b: Goodra\n|\n|win|TestingTestes123\n|raw|TestingTestes123's rating: 1112 &rarr; <strong>1136</strong><br />(+24 for winning)\n|raw|game04fun's rating: 1099 &rarr; <strong>1075</strong><br />(-24 for losing)\n|c|\u2606TestingTestes123|Gg\n|l|\u2606game04fun\n|player|p2|\n",
  "uploadtime": 1776535905,
  "views": 14,
  "formatid": "gen9championsvgc2026regma",
  "rating": 1075,
  "private": 0,
  "password": null
}