{
  "id": "gen9championsvgc2026regma-2584395566",
  "format": "[Gen 9 Champions] VGC 2026 Reg M-A",
  "players": [
    "strami",
    "Francy03"
  ],
  "log": "|j|\u2606strami\n|j|\u2606Francy03\n|t:|1776257741\n|gametype|doubles\n|player|p1|strami|hoopster|1296\n|player|p2|Francy03|hilbert-wonderlauncher|1286\n|gen|9\n|tier|[Gen 9 Champions] VGC 2026 Reg M-A\n|rated|\n|rule|Species Clause: Limit one of each Pok\u00e9mon\n|rule|Item Clause: Limit 1 of each item\n|clearpoke\n|poke|p1|Garchomp, L50, F|\n|poke|p1|Orthworm, L50, F|\n|poke|p1|Delphox, L50, F|\n|poke|p1|Rotom-Wash, L50|\n|poke|p1|Incineroar, L50, M|\n|poke|p1|Basculegion, L50, M|\n|poke|p2|Meowscarada, L50, M|\n|poke|p2|Farigiraf, L50, F|\n|poke|p2|Corviknight, L50, F|\n|poke|p2|Excadrill, L50, M|\n|poke|p2|Rotom-Wash, L50|\n|poke|p2|Tyranitar, L50, M|\n|teampreview|4\n|inactive|Battle timer is ON: inactive players will automatically lose when time's up. (requested by strami)\n|inactive|strami has 60 seconds left.\n|inactive|Francy03 has 60 seconds left.\n|inactive|strami has 30 seconds left.\n|inactive|strami has 20 seconds left.\n|inactive|strami has 15 seconds left.\n|inactive|strami has 10 seconds left.\n|inactive|strami has 5 seconds left.\n|\n|t:|1776257831\n|teamsize|p1|4\n|teamsize|p2|4\n|start\n|switch|p1a: Rotom|Rotom-Wash, L50|100/100\n|switch|p1b: Basculegion|Basculegion, L50, M|100/100\n|switch|p2a: Meowscarada|Meowscarada, L50, M|100/100\n|switch|p2b: Corviknight|Corviknight, L50, F|100/100\n|turn|1\n|\n|t:|1776257848\n|switch|p2b: Excadrill|Excadrill, L50, M|100/100\n|move|p1a: Rotom|Protect|p1a: Rotom\n|-singleturn|p1a: Rotom|Protect\n|move|p2a: Meowscarada|Flower Trick|p1b: Basculegion\n|-start|p2a: Meowscarada|typechange|Grass|[from] ability: Protean\n|-supereffective|p1b: Basculegion|1\n|-crit|p1b: Basculegion\n|-damage|p1b: Basculegion|0 fnt\n|faint|p1b: Basculegion\n|\n|upkeep\n|\n|t:|1776257857\n|switch|p1b: Orthworm|Orthworm, L50, F|100/100\n|turn|2\n|inactive|strami has 30 seconds left.\n|\n|t:|1776257887\n|switch|p1a: Garchomp|Garchomp, L50, F|100/100\n|move|p2a: Meowscarada|Flower Trick|p1a: Garchomp\n|-crit|p1a: Garchomp\n|-damage|p1a: Garchomp|45/100\n|move|p2b: Excadrill|High Horsepower|p1a: Garchomp\n|-damage|p1a: Garchomp|0 fnt\n|-damage|p2b: Excadrill|88/100|[from] ability: Rough Skin|[of] p1a: Garchomp\n|faint|p1a: Garchomp\n|move|p1b: Orthworm|Iron Defense|p1b: Orthworm\n|-boost|p1b: Orthworm|def|2\n|\n|upkeep\n|\n|t:|1776257896\n|switch|p1a: Rotom|Rotom-Wash, L50|100/100\n|turn|3\n|\n|t:|1776257906\n|switch|p2a: Corviknight|Corviknight, L50, F|100/100\n|move|p2b: Excadrill|Protect|p2b: Excadrill\n|-singleturn|p2b: Excadrill|Protect\n|move|p1a: Rotom|Protect|p1a: Rotom\n|-singleturn|p1a: Rotom|Protect\n|move|p1b: Orthworm|Body Press|p2a: Corviknight\n|-damage|p2a: Corviknight|49/100\n|\n|upkeep\n|turn|4\n|inactive|Francy03 has 30 seconds left.\n|inactive|Francy03 has 20 seconds left.\n|\n|t:|1776257943\n|switch|p2a: Tyranitar|Tyranitar, L50, M|100/100\n|-weather|Sandstorm|[from] ability: Sand Stream|[of] p2a: Tyranitar\n|move|p2b: Excadrill|Rock Slide|p1b: Orthworm|[spread] p1a,p1b\n|-resisted|p1b: Orthworm|1\n|-damage|p1a: Rotom|75/100\n|-damage|p1b: Orthworm|97/100\n|cant|p1a: Rotom|flinch\n|move|p1b: Orthworm|Iron Defense|p1b: Orthworm\n|-boost|p1b: Orthworm|def|2\n|\n|-weather|Sandstorm|[upkeep]\n|-damage|p1a: Rotom|69/100|[from] Sandstorm\n|-heal|p1a: Rotom|75/100|[from] item: Leftovers\n|upkeep\n|turn|5\n|inactive|Francy03 has 30 seconds left.\n|\n|t:|1776257973\n|move|p1a: Rotom|Protect|p1a: Rotom\n|-singleturn|p1a: Rotom|Protect\n|move|p2a: Tyranitar|Protect|p2a: Tyranitar\n|-singleturn|p2a: Tyranitar|Protect\n|move|p2b: Excadrill|Rock Slide|p1b: Orthworm|[spread] p1b\n|-activate|p1a: Rotom|move: Protect\n|-resisted|p1b: Orthworm|1\n|-damage|p1b: Orthworm|95/100\n|cant|p1b: Orthworm|flinch\n|\n|-weather|Sandstorm|[upkeep]\n|-damage|p1a: Rotom|69/100|[from] Sandstorm\n|-heal|p1a: Rotom|75/100|[from] item: Leftovers\n|upkeep\n|turn|6\n|\n|t:|1776257993\n|detailschange|p2a: Tyranitar|Tyranitar-Mega, L50, M\n|-mega|p2a: Tyranitar|Tyranitar|Tyranitarite\n|move|p2b: Excadrill|Rock Slide|p1b: Orthworm|[spread] p1a,p1b\n|-resisted|p1b: Orthworm|1\n|-damage|p1a: Rotom|49/100\n|-damage|p1b: Orthworm|93/100\n|move|p2a: Tyranitar|Knock Off|p1a: Rotom\n|-crit|p1a: Rotom\n|-damage|p1a: Rotom|0 fnt\n|-enditem|p1a: Rotom|Leftovers|[from] move: Knock Off|[of] p2a: Tyranitar\n|faint|p1a: Rotom\n|move|p1b: Orthworm|Body Press|p2b: Excadrill\n|-supereffective|p2b: Excadrill|1\n|-damage|p2b: Excadrill|0 fnt\n|faint|p2b: Excadrill\n|\n|-weather|Sandstorm|[upkeep]\n|upkeep\n|\n|t:|1776258011\n|switch|p2b: Meowscarada|Meowscarada, L50, M|100/100\n|turn|7\n|\n|t:|1776258015\n|move|p2b: Meowscarada|Shadow Claw|p1b: Orthworm\n|-start|p2b: Meowscarada|typechange|Ghost|[from] ability: Protean\n|-damage|p1b: Orthworm|86/100\n|move|p2a: Tyranitar|Low Kick|p1b: Orthworm\n|-supereffective|p1b: Orthworm|1\n|-damage|p1b: Orthworm|64/100\n|move|p1b: Orthworm|Body Press|p2b: Meowscarada\n|-immune|p2b: Meowscarada\n|\n|-weather|Sandstorm|[upkeep]\n|-damage|p2b: Meowscarada|95/100|[from] Sandstorm\n|upkeep\n|turn|8\n|\n|t:|1776258029\n|move|p2b: Meowscarada|Shadow Claw|p1b: Orthworm\n|-damage|p1b: Orthworm|57/100\n|move|p2a: Tyranitar|Low Kick|p1b: Orthworm\n|-supereffective|p1b: Orthworm|1\n|-damage|p1b: Orthworm|37/100\n|-enditem|p1b: Orthworm|Sitrus Berry|[eat]\n|-heal|p1b: Orthworm|62/100|[from] item: Sitrus Berry\n|move|p1b: Orthworm|Body Press|p2a: Tyranitar\n|-supereffective|p2a: Tyranitar|2\n|-damage|p2a: Tyranitar|0 fnt\n|faint|p2a: Tyranitar\n|\n|-weather|none\n|upkeep\n|\n|t:|1776258038\n|switch|p2a: Corviknight|Corviknight, L50, F|49/100\n|turn|9\n|\n|t:|1776258043\n|move|p2b: Meowscarada|Shadow Claw|p1b: Orthworm\n|-damage|p1b: Orthworm|54/100\n|move|p2a: Corviknight|Roost|p2a: Corviknight\n|-heal|p2a: Corviknight|99/100\n|-singleturn|p2a: Corviknight|move: Roost\n|move|p1b: Orthworm|Body Press|p2a: Corviknight\n|-supereffective|p2a: Corviknight|1\n|-damage|p2a: Corviknight|0 fnt\n|faint|p2a: Corviknight\n|\n|upkeep\n|turn|10\n|\n|t:|1776258052\n|move|p2b: Meowscarada|Shadow Claw|p1b: Orthworm\n|-damage|p1b: Orthworm|47/100\n|move|p1b: Orthworm|Heavy Slam|p2b: Meowscarada\n|-crit|p2b: Meowscarada\n|-damage|p2b: Meowscarada|18/100\n|\n|upkeep\n|turn|11\n|\n|t:|1776258060\n|move|p2b: Meowscarada|Shadow Claw|p1b: Orthworm\n|-damage|p1b: Orthworm|39/100\n|move|p1b: Orthworm|Heavy Slam|p2b: Meowscarada\n|-damage|p2b: Meowscarada|0 fnt\n|faint|p2b: Meowscarada\n|\n|win|strami\n|raw|strami's rating: 1296 &rarr; <strong>1320</strong><br />(+24 for winning)\n|raw|Francy03's rating: 1286 &rarr; <strong>1262</strong><br />(-24 for losing)\n|l|\u2606Francy03\n|player|p2|\n",
  "uploadtime": 1776258074,
  "views": 52,
  "formatid": "gen9championsvgc2026regma",
  "rating": 1262,
  "private": 0,
  "password": null
}