{
  "id": "gen9championsvgc2026regma-2587116606",
  "format": "[Gen 9 Champions] VGC 2026 Reg M-A",
  "players": [
    "Navicula",
    "ninjafrog666"
  ],
  "log": "|j|\u203dNavicula\n|j|\u2606ninjafrog666\n|t:|1776495735\n|gametype|doubles\n|player|p1|Navicula|scientist-gen4|1236\n|player|p2|ninjafrog666|101|1332\n|gen|9\n|tier|[Gen 9 Champions] VGC 2026 Reg M-A\n|rated|\n|rule|Species Clause: Limit one of each Pok\u00e9mon\n|rule|Item Clause: Limit 1 of each item\n|clearpoke\n|poke|p1|Vaporeon, L50, M|\n|poke|p1|Chimecho, L50, M|\n|poke|p1|Kommo-o, L50, F|\n|poke|p1|Audino, L50, F, shiny|\n|poke|p1|Corviknight, L50, F|\n|poke|p1|Milotic, L50, F|\n|poke|p2|Archaludon, L50, F|\n|poke|p2|Blastoise, L50, M|\n|poke|p2|Pelipper, L50, M|\n|poke|p2|Sneasler, L50, M|\n|poke|p2|Kingambit, L50, M|\n|poke|p2|Sinistcha, L50|\n|teampreview|4\n|\n|t:|1776495766\n|teamsize|p1|4\n|teamsize|p2|4\n|start\n|switch|p1a: Audino|Audino, L50, F, shiny|100/100\n|switch|p1b: Kommo-o|Kommo-o, L50, F|100/100\n|switch|p2a: Archaludon|Archaludon, L50, F|100/100\n|switch|p2b: Pelipper|Pelipper, L50, M|100/100\n|-weather|RainDance|[from] ability: Drizzle|[of] p2b: Pelipper\n|turn|1\n|\n|t:|1776495789\n|move|p2a: Archaludon|Protect|p2a: Archaludon\n|-singleturn|p2a: Archaludon|Protect\n|move|p2b: Pelipper|Hurricane|p1b: Kommo-o\n|-supereffective|p1b: Kommo-o|1\n|-damage|p1b: Kommo-o|17/100\n|-enditem|p1b: Kommo-o|Sitrus Berry|[eat]\n|-heal|p1b: Kommo-o|42/100|[from] item: Sitrus Berry\n|move|p1a: Audino|Simple Beam|p1b: Kommo-o\n|-ability|p1b: Kommo-o|Simple|Soundproof|[from] move: Simple Beam\n|move|p1b: Kommo-o|Clangorous Soul|p1b: Kommo-o\n|-boost|p1b: Kommo-o|atk|2\n|-boost|p1b: Kommo-o|def|2\n|-boost|p1b: Kommo-o|spa|2\n|-boost|p1b: Kommo-o|spd|2\n|-boost|p1b: Kommo-o|spe|2\n|-damage|p1b: Kommo-o|9/100\n|\n|-weather|RainDance|[upkeep]\n|upkeep\n|turn|2\n|\n|t:|1776495809\n|switch|p2a: Sinistcha|Sinistcha, L50|100/100\n|move|p1b: Kommo-o|Protect|p1b: Kommo-o\n|-singleturn|p1b: Kommo-o|Protect\n|move|p2b: Pelipper|Hurricane|p1b: Kommo-o\n|-activate|p1b: Kommo-o|move: Protect\n|move|p1a: Audino|Wish|p1a: Audino\n|\n|-weather|RainDance|[upkeep]\n|upkeep\n|turn|3\n|\n|t:|1776495826\n|move|p2a: Sinistcha|Protect|p2a: Sinistcha\n|-singleturn|p2a: Sinistcha|Protect\n|move|p1a: Audino|Ally Switch|p1a: Audino\n|swap|p1a: Audino|1|[from] move: Ally Switch\n|move|p1a: Kommo-o|Drain Punch|p2b: Pelipper\n|-resisted|p2b: Pelipper|1\n|-damage|p2b: Pelipper|61/100\n|-heal|p1a: Kommo-o|24/100|[from] drain|[of] p2b: Pelipper\n|move|p2b: Pelipper|Hurricane|p1b: Audino\n|-damage|p1b: Audino|58/100\n|\n|-weather|RainDance|[upkeep]\n|-heal|p1a: Kommo-o|81/100|[from] move: Wish|[wisher] Audino\n|upkeep\n|turn|4\n|\n|t:|1776495842\n|move|p1a: Kommo-o|Protect|p1a: Kommo-o\n|-singleturn|p1a: Kommo-o|Protect\n|move|p2a: Sinistcha|Rage Powder|p2a: Sinistcha\n|-singleturn|p2a: Sinistcha|move: Rage Powder\n|move|p2b: Pelipper|Hurricane|p1a: Kommo-o\n|-activate|p1a: Kommo-o|move: Protect\n|move|p1b: Audino|Wish|p1b: Audino\n|\n|-weather|RainDance|[upkeep]\n|upkeep\n|turn|5\n|\n|t:|1776495851\n|move|p2a: Sinistcha|Rage Powder|p2a: Sinistcha\n|-singleturn|p2a: Sinistcha|move: Rage Powder\n|move|p1a: Kommo-o|Clangorous Soul|p1a: Kommo-o\n|-boost|p1a: Kommo-o|atk|2\n|-boost|p1a: Kommo-o|def|2\n|-boost|p1a: Kommo-o|spa|2\n|-boost|p1a: Kommo-o|spd|2\n|-boost|p1a: Kommo-o|spe|2\n|-damage|p1a: Kommo-o|48/100\n|move|p2b: Pelipper|Hurricane|p1b: Audino\n|-damage|p1b: Audino|10/100\n|-start|p1b: Audino|confusion\n|-activate|p1b: Audino|confusion\n|move|p1b: Audino|Heal Pulse|p2a: Sinistcha\n|-fail|p2a: Sinistcha|heal\n|\n|-weather|none\n|-heal|p1b: Audino|60/100|[from] move: Wish|[wisher] Audino\n|upkeep\n|turn|6\n|\n|t:|1776495870\n|switch|p2b: Archaludon|Archaludon, L50, F|100/100\n|move|p1a: Kommo-o|Protect|p1a: Kommo-o\n|-singleturn|p1a: Kommo-o|Protect\n|move|p2a: Sinistcha|Rage Powder|p2a: Sinistcha\n|-singleturn|p2a: Sinistcha|move: Rage Powder\n|-activate|p1b: Audino|confusion\n|-damage|p1b: Audino|55/100|[from] confusion\n|\n|upkeep\n|turn|7\n|\n|t:|1776495887\n|move|p2a: Sinistcha|Rage Powder|p2a: Sinistcha\n|-singleturn|p2a: Sinistcha|move: Rage Powder\n|move|p1a: Kommo-o|Flash Cannon|p2a: Sinistcha\n|-damage|p2a: Sinistcha|46/100\n|-enditem|p2a: Sinistcha|Sitrus Berry|[eat]\n|-heal|p2a: Sinistcha|71/100|[from] item: Sitrus Berry\n|-end|p1b: Audino|confusion\n|move|p1b: Audino|Heal Pulse|p2a: Sinistcha\n|-heal|p2a: Sinistcha|100/100\n|move|p2b: Archaludon|Draco Meteor|p1a: Kommo-o\n|-supereffective|p1a: Kommo-o|1\n|-damage|p1a: Kommo-o|5/100\n|-unboost|p2b: Archaludon|spa|2\n|\n|upkeep\n|turn|8\n|\n|t:|1776495924\n|switch|p2a: Pelipper|Pelipper, L50, M|61/100\n|-weather|RainDance|[from] ability: Drizzle|[of] p2a: Pelipper\n|move|p1a: Kommo-o|Protect|p1a: Kommo-o\n|-singleturn|p1a: Kommo-o|Protect\n|move|p1b: Audino|Wish|p1b: Audino\n|move|p2b: Archaludon|Electro Shot||[still]\n|-prepare|p2b: Archaludon|Electro Shot\n|-boost|p2b: Archaludon|spa|1\n|-anim|p2b: Archaludon|Electro Shot|p1a: Kommo-o\n|-activate|p1a: Kommo-o|move: Protect\n|\n|-weather|RainDance|[upkeep]\n|upkeep\n|turn|9\n|\n|t:|1776495940\n|move|p1a: Kommo-o|Drain Punch|p2b: Archaludon\n|-supereffective|p2b: Archaludon|1\n|-damage|p2b: Archaludon|0 fnt\n|-heal|p1a: Kommo-o|54/100|[from] drain|[of] p2b: Archaludon\n|faint|p2b: Archaludon\n|move|p2a: Pelipper|Hurricane|p1a: Kommo-o\n|-supereffective|p1a: Kommo-o|1\n|-damage|p1a: Kommo-o|26/100\n|-start|p1a: Kommo-o|confusion\n|move|p1b: Audino|Heal Pulse|p1a: Kommo-o\n|-heal|p1a: Kommo-o|76/100\n|\n|-weather|RainDance|[upkeep]\n|-heal|p1b: Audino|100/100|[from] move: Wish|[wisher] Audino\n|upkeep\n|\n|t:|1776495944\n|switch|p2b: Sinistcha|Sinistcha, L50|100/100\n|-heal|p2a: Pelipper|86/100|[from] ability: Hospitality|[of] p2b: Sinistcha\n|turn|10\n|\n|t:|1776495961\n|move|p1b: Audino|Ally Switch|p1b: Audino\n|swap|p1b: Audino|0|[from] move: Ally Switch\n|move|p2b: Sinistcha|Rage Powder|p2b: Sinistcha\n|-singleturn|p2b: Sinistcha|move: Rage Powder\n|-activate|p1b: Kommo-o|confusion\n|move|p1b: Kommo-o|Flash Cannon|p2b: Sinistcha\n|-damage|p2b: Sinistcha|50/100\n|move|p2a: Pelipper|Hurricane|p1a: Audino\n|-damage|p1a: Audino|55/100\n|\n|-weather|RainDance|[upkeep]\n|upkeep\n|turn|11\n|\n|t:|1776495988\n|switch|p2a: Kingambit|Kingambit, L50, M|100/100\n|-activate|p1b: Kommo-o|confusion\n|move|p1b: Kommo-o|Flash Cannon|p2a: Kingambit\n|-resisted|p2a: Kingambit|1\n|-damage|p2a: Kingambit|76/100\n|-unboost|p2a: Kingambit|spd|1\n|-ability|p2a: Kingambit|Defiant|boost\n|-boost|p2a: Kingambit|atk|2\n|move|p1a: Audino|Heal Pulse|p1b: Kommo-o\n|-heal|p1b: Kommo-o|100/100\n|move|p2b: Sinistcha|Strength Sap|p1a: Audino\n|-unboost|p1a: Audino|atk|1\n|-heal|p2b: Sinistcha|91/100\n|\n|-weather|RainDance|[upkeep]\n|upkeep\n|turn|12\n|\n|t:|1776496014\n|move|p2b: Sinistcha|Rage Powder|p2b: Sinistcha\n|-singleturn|p2b: Sinistcha|move: Rage Powder\n|-activate|p1b: Kommo-o|confusion\n|-damage|p1b: Kommo-o|93/100|[from] confusion\n|move|p1a: Audino|Wish|p1a: Audino\n|move|p2a: Kingambit|Iron Head|p1b: Kommo-o\n|-damage|p1b: Kommo-o|70/100\n|\n|-weather|none\n|upkeep\n|turn|13\n|\n|t:|1776496027\n|move|p2b: Sinistcha|Rage Powder|p2b: Sinistcha\n|-singleturn|p2b: Sinistcha|move: Rage Powder\n|-activate|p1b: Kommo-o|confusion\n|move|p1b: Kommo-o|Flash Cannon|p2b: Sinistcha\n|-crit|p2b: Sinistcha\n|-damage|p2b: Sinistcha|7/100\n|move|p1a: Audino|Heal Pulse|p2b: Sinistcha\n|-heal|p2b: Sinistcha|57/100\n|move|p2a: Kingambit|Iron Head|p1b: Kommo-o\n|-damage|p1b: Kommo-o|47/100\n|\n|-heal|p1a: Audino|100/100|[from] move: Wish|[wisher] Audino\n|upkeep\n|turn|14\n|\n|t:|1776496041\n|switch|p2b: Pelipper|Pelipper, L50, M|86/100\n|-weather|RainDance|[from] ability: Drizzle|[of] p2b: Pelipper\n|-end|p1b: Kommo-o|confusion\n|move|p1b: Kommo-o|Protect|p1b: Kommo-o\n|-singleturn|p1b: Kommo-o|Protect\n|move|p1a: Audino|Wish|p1a: Audino\n|move|p2a: Kingambit|Iron Head|p1b: Kommo-o\n|-activate|p1b: Kommo-o|move: Protect\n|\n|-weather|RainDance|[upkeep]\n|upkeep\n|turn|15\n|\n|t:|1776496054\n|move|p2a: Kingambit|Protect|p2a: Kingambit\n|-singleturn|p2a: Kingambit|Protect\n|move|p1b: Kommo-o|Drain Punch|p2a: Kingambit\n|-activate|p2a: Kingambit|move: Protect\n|move|p2b: Pelipper|Hurricane|p1b: Kommo-o\n|-supereffective|p1b: Kommo-o|1\n|-damage|p1b: Kommo-o|20/100\n|-start|p1b: Kommo-o|confusion\n|move|p1a: Audino|Heal Pulse|p1b: Kommo-o\n|-heal|p1b: Kommo-o|70/100\n|\n|-weather|RainDance|[upkeep]\n|upkeep\n|turn|16\n|\n|t:|1776496073\n|switch|p2a: Sinistcha|Sinistcha, L50|57/100\n|-heal|p2b: Pelipper|100/100|[from] ability: Hospitality|[of] p2a: Sinistcha\n|-activate|p1b: Kommo-o|confusion\n|-damage|p1b: Kommo-o|62/100|[from] confusion\n|move|p2b: Pelipper|Hurricane|p1b: Kommo-o\n|-supereffective|p1b: Kommo-o|1\n|-damage|p1b: Kommo-o|38/100\n|move|p1a: Audino|Heal Pulse|p1b: Kommo-o\n|-heal|p1b: Kommo-o|88/100\n|\n|-weather|RainDance|[upkeep]\n|upkeep\n|turn|17\n|\n|t:|1776496090\n|move|p2a: Sinistcha|Rage Powder|p2a: Sinistcha\n|-singleturn|p2a: Sinistcha|move: Rage Powder\n|-end|p1b: Kommo-o|confusion\n|move|p1b: Kommo-o|Flash Cannon|p2a: Sinistcha\n|-damage|p2a: Sinistcha|6/100\n|move|p2b: Pelipper|Hurricane|p1b: Kommo-o\n|-supereffective|p1b: Kommo-o|1\n|-damage|p1b: Kommo-o|61/100\n|-start|p1b: Kommo-o|confusion\n|move|p1a: Audino|Wish|p1a: Audino\n|\n|-weather|RainDance|[upkeep]\n|upkeep\n|turn|18\n|\n|t:|1776496105\n|move|p1a: Audino|Ally Switch|p1a: Audino\n|swap|p1a: Audino|1|[from] move: Ally Switch\n|move|p2a: Sinistcha|Rage Powder|p2a: Sinistcha\n|-singleturn|p2a: Sinistcha|move: Rage Powder\n|-activate|p1a: Kommo-o|confusion\n|move|p1a: Kommo-o|Flash Cannon|p2a: Sinistcha\n|-damage|p2a: Sinistcha|0 fnt\n|faint|p2a: Sinistcha\n|move|p2b: Pelipper|Hurricane|p1b: Audino\n|-damage|p1b: Audino|55/100\n|-start|p1b: Audino|confusion\n|\n|-weather|none\n|-heal|p1a: Kommo-o|100/100|[from] move: Wish|[wisher] Audino\n|upkeep\n|\n|t:|1776496110\n|switch|p2a: Kingambit|Kingambit, L50, M|76/100\n|turn|19\n|\n|t:|1776496121\n|move|p2a: Kingambit|Protect|p2a: Kingambit\n|-singleturn|p2a: Kingambit|Protect\n|-activate|p1a: Kommo-o|confusion\n|-damage|p1a: Kommo-o|92/100|[from] confusion\n|move|p2b: Pelipper|Hurricane|p1a: Kommo-o\n|-supereffective|p1a: Kommo-o|1\n|-damage|p1a: Kommo-o|64/100\n|-activate|p1b: Audino|confusion\n|move|p1b: Audino|Wish|p1b: Audino\n|\n|upkeep\n|turn|20\n|-message|ninjafrog666 forfeited.\n|\n|win|Navicula\n|raw|Navicula's rating: 1236 &rarr; <strong>1268</strong><br />(+32 for winning)\n|raw|ninjafrog666's rating: 1332 &rarr; <strong>1307</strong><br />(-25 for losing)\n|l|\u2606ninjafrog666\n|player|p2|\n",
  "uploadtime": 1776496158,
  "views": 37,
  "formatid": "gen9championsvgc2026regma",
  "rating": 1268,
  "private": 0,
  "password": null
}