{
  "id": "gen9championsvgc2026regma-2585947959",
  "format": "[Gen 9 Champions] VGC 2026 Reg M-A",
  "players": [
    "Johten",
    "xzw9894936"
  ],
  "log": "|j|\u2606Johten\n|j|\u2606xzw9894936\n|t:|1776384123\n|gametype|doubles\n|player|p1|Johten|veteran|1181\n|player|p2|xzw9894936|backersf|1223\n|gen|9\n|tier|[Gen 9 Champions] VGC 2026 Reg M-A\n|rated|\n|rule|Species Clause: Limit one of each Pok\u00e9mon\n|rule|Item Clause: Limit 1 of each item\n|clearpoke\n|poke|p1|Golurk, L50|\n|poke|p1|Rotom-Heat, L50|\n|poke|p1|Whimsicott, L50, F|\n|poke|p1|Archaludon, L50, F|\n|poke|p1|Gallade, L50, M|\n|poke|p1|Wyrdeer, L50, F|\n|poke|p2|Tyranitar, L50, F|\n|poke|p2|Meganium, L50, M|\n|poke|p2|Basculegion, L50, M|\n|poke|p2|Garchomp, L50, M|\n|poke|p2|Sneasler, L50, F|\n|poke|p2|Aerodactyl, L50, M|\n|teampreview|4\n|inactive|Battle timer is ON: inactive players will automatically lose when time's up. (requested by Johten)\n|inactive|Johten has 60 seconds left.\nxzw9894936 rejected open team sheets.\n|inactive|Johten has 30 seconds left.\n|\n|t:|1776384184\n|teamsize|p1|4\n|teamsize|p2|4\n|start\n|switch|p1a: Wyrdeer|Wyrdeer, L50, F|100/100\n|switch|p1b: Rotom|Rotom-Heat, L50|100/100\n|switch|p2a: Meganium|Meganium, L50, M|100/100\n|switch|p2b: Aerodactyl|Aerodactyl, L50, M|100/100\n|-ability|p2b: Aerodactyl|Unnerve\n|-ability|p1a: Wyrdeer|Intimidate|boost\n|-unboost|p2a: Meganium|atk|1\n|-unboost|p2b: Aerodactyl|atk|1\n|turn|1\n|\n|t:|1776384199\n|detailschange|p2a: Meganium|Meganium-Mega, L50, M\n|-mega|p2a: Meganium|Meganium|Meganiumite\n|move|p2b: Aerodactyl|Rock Slide|p1a: Wyrdeer|[spread] p1a\n|-miss|p2b: Aerodactyl|p1b: Rotom\n|-damage|p1a: Wyrdeer|84/100\n|move|p1b: Rotom|Electroweb|p2b: Aerodactyl|[spread] p2a,p2b\n|-resisted|p2a: Meganium|1\n|-supereffective|p2b: Aerodactyl|1\n|-damage|p2a: Meganium|93/100\n|-damage|p2b: Aerodactyl|58/100\n|-unboost|p2a: Meganium|spe|1\n|-unboost|p2b: Aerodactyl|spe|1\n|move|p1a: Wyrdeer|Psyshield Bash|p2b: Aerodactyl\n|-damage|p2b: Aerodactyl|6/100\n|-boost|p1a: Wyrdeer|def|1\n|move|p2a: Meganium|Solar Beam||[still]\n|-prepare|p2a: Meganium|Solar Beam\n|-activate|p2a: Meganium|ability: Mega Sol\n|-anim|p2a: Meganium|Solar Beam|p1a: Wyrdeer\n|-damage|p1a: Wyrdeer|23/100\n|\n|upkeep\n|turn|2\n|\n|t:|1776384222\n|move|p1b: Rotom|Overheat|p2a: Meganium\n|-supereffective|p2a: Meganium|1\n|-damage|p2a: Meganium|2/100\n|-unboost|p1b: Rotom|spa|2\n|move|p2b: Aerodactyl|Tailwind|p2b: Aerodactyl\n|-sidestart|p2: xzw9894936|move: Tailwind\n|move|p2a: Meganium|Solar Beam||[still]\n|-prepare|p2a: Meganium|Solar Beam\n|-activate|p2a: Meganium|ability: Mega Sol\n|-anim|p2a: Meganium|Solar Beam|p1a: Wyrdeer\n|-damage|p1a: Wyrdeer|0 fnt\n|faint|p1a: Wyrdeer\n|\n|upkeep\n|\n|t:|1776384238\n|switch|p1a: Golurk|Golurk, L50|100/100\n|turn|3\n|\n|t:|1776384244\n|move|p1a: Golurk|Protect|p1a: Golurk\n|-singleturn|p1a: Golurk|Protect\n|move|p2b: Aerodactyl|Rock Slide|p1b: Rotom|[spread] p1b\n|-activate|p1a: Golurk|move: Protect\n|-supereffective|p1b: Rotom|1\n|-damage|p1b: Rotom|66/100\n|cant|p1b: Rotom|flinch\n|move|p2a: Meganium|Solar Beam||[still]\n|-prepare|p2a: Meganium|Solar Beam\n|-activate|p2a: Meganium|ability: Mega Sol\n|-anim|p2a: Meganium|Solar Beam|p1a: Golurk\n|-activate|p1a: Golurk|move: Protect\n|\n|upkeep\n|turn|4\n|inactive|Johten has 30 seconds left.\n|\n|t:|1776384274\n|switch|p1a: Archaludon|Archaludon, L50, F|100/100\n|move|p2b: Aerodactyl|Rock Slide|p1a: Archaludon|[spread] p1a,p1b\n|-resisted|p1a: Archaludon|1\n|-supereffective|p1b: Rotom|1\n|-damage|p1a: Archaludon|95/100\n|-damage|p1b: Rotom|31/100\n|-ability|p1a: Archaludon|Stamina|boost\n|-boost|p1a: Archaludon|def|1\n|cant|p1b: Rotom|flinch\n|move|p2a: Meganium|Solar Beam||[still]\n|-prepare|p2a: Meganium|Solar Beam\n|-activate|p2a: Meganium|ability: Mega Sol\n|-anim|p2a: Meganium|Solar Beam|p1a: Archaludon\n|-resisted|p1a: Archaludon|2\n|-damage|p1a: Archaludon|81/100\n|-ability|p1a: Archaludon|Stamina|boost\n|-boost|p1a: Archaludon|def|1\n|\n|-heal|p1a: Archaludon|87/100|[from] item: Leftovers\n|upkeep\n|turn|5\n|inactive|Johten has 30 seconds left.\n|\n|t:|1776384305\n|move|p2b: Aerodactyl|Rock Slide|p1a: Archaludon|[spread] p1a,p1b\n|-resisted|p1a: Archaludon|1\n|-supereffective|p1b: Rotom|1\n|-damage|p1a: Archaludon|84/100\n|-damage|p1b: Rotom|0 fnt\n|-ability|p1a: Archaludon|Stamina|boost\n|-boost|p1a: Archaludon|def|1\n|faint|p1b: Rotom\n|move|p2a: Meganium|Weather Ball|p1a: Archaludon\n|-damage|p1a: Archaludon|35/100\n|-ability|p1a: Archaludon|Stamina|boost\n|-boost|p1a: Archaludon|def|1\n|cant|p1a: Archaludon|flinch\n|\n|-heal|p1a: Archaludon|41/100|[from] item: Leftovers\n|-sideend|p2: xzw9894936|move: Tailwind\n|upkeep\n|-message|Johten forfeited.\n|\n|win|xzw9894936\n|raw|Johten's rating: 1181 &rarr; <strong>1159</strong><br />(-22 for losing)\n|raw|xzw9894936's rating: 1223 &rarr; <strong>1245</strong><br />(+22 for winning)\n",
  "uploadtime": 1776384319,
  "views": 21,
  "formatid": "gen9championsvgc2026regma",
  "rating": 1159,
  "private": 0,
  "password": null
}