{
  "id": "gen9championsvgc2026regma-2587001405",
  "format": "[Gen 9 Champions] VGC 2026 Reg M-A",
  "players": [
    "Prohxy",
    "Piggy369"
  ],
  "log": "|j|\u2606Prohxy\n|j|\u2606Piggy369\n|t:|1776479993\n|gametype|doubles\n|player|p1|Prohxy|swimmerf|1020\n|player|p2|Piggy369|cynthia-gen4|1092\n|gen|9\n|tier|[Gen 9 Champions] VGC 2026 Reg M-A\n|rated|\n|rule|Species Clause: Limit one of each Pok\u00e9mon\n|rule|Item Clause: Limit 1 of each item\n|clearpoke\n|poke|p1|Sinistcha-Masterpiece, L50|\n|poke|p1|Palafin, L50, F|\n|poke|p1|Talonflame, L50, M|\n|poke|p1|Tsareena, L50, F|\n|poke|p1|Lopunny, L50, F|\n|poke|p1|Ninetales-Alola, L50, F|\n|poke|p2|Archaludon, L50, F|\n|poke|p2|Pelipper, L50, F|\n|poke|p2|Sneasler, L50, F|\n|poke|p2|Incineroar, L50, M|\n|poke|p2|Basculegion, L50, M|\n|poke|p2|Gengar, L50, M|\n|teampreview|4\n|inactive|Battle timer is ON: inactive players will automatically lose when time's up. (requested by Piggy369)\n|inactive|Prohxy also wants the timer to be on.\nProhxy rejected open team sheets.\n|inactive|Piggy369 has 60 seconds left.\n|\n|t:|1776480024\n|teamsize|p1|4\n|teamsize|p2|4\n|start\n|switch|p1a: Tsareena|Tsareena, L50, F, shiny|100/100\n|switch|p1b: Palafin|Palafin, L50, F, shiny|100/100\n|switch|p2a: Pelipper|Pelipper, L50, F|100/100\n|switch|p2b: Gengar|Gengar, L50, M|100/100\n|-weather|RainDance|[from] ability: Drizzle|[of] p2a: Pelipper\n|turn|1\n|\n|t:|1776480040\n|detailschange|p2b: Gengar|Gengar-Mega, L50, M\n|-mega|p2b: Gengar|Gengar|Gengarite\n|move|p2b: Gengar|Protect|p2b: Gengar\n|-singleturn|p2b: Gengar|Protect\n|move|p1b: Palafin|Flip Turn|p2b: Gengar\n|-activate|p2b: Gengar|move: Protect\n|move|p2a: Pelipper|Tailwind|p2a: Pelipper\n|-sidestart|p2: Piggy369|move: Tailwind\n|move|p1a: Tsareena|U-turn|p2b: Gengar\n|-activate|p2b: Gengar|move: Protect\n|\n|-weather|RainDance|[upkeep]\n|upkeep\n|turn|2\n|\n|t:|1776480063\n|move|p1a: Tsareena|Protect|p1a: Tsareena\n|-singleturn|p1a: Tsareena|Protect\n|move|p2b: Gengar|Shadow Ball|p1b: Palafin\n|-damage|p1b: Palafin|37/100\n|move|p2a: Pelipper|Hurricane|p1a: Tsareena\n|-activate|p1a: Tsareena|move: Protect\n|move|p1b: Palafin|Flip Turn|p2b: Gengar\n|-damage|p2b: Gengar|52/100\n|\n|t:|1776480076\n|detailschange|p1b: Palafin|Palafin-Hero, L50, F, shiny\n|switch|p1b: Ninetales|Ninetales-Alola, L50, F, shiny|100/100|[from] Flip Turn\n|-weather|Snowscape|[from] ability: Snow Warning|[of] p1b: Ninetales\n|\n|-weather|Snowscape|[upkeep]\n|upkeep\n|turn|3\n|\n|t:|1776480090\n|switch|p2a: Incineroar|Incineroar, L50, M|100/100\n|-ability|p2a: Incineroar|Intimidate|boost\n|-unboost|p1a: Tsareena|atk|1\n|-unboost|p1b: Ninetales|atk|1\n|move|p2b: Gengar|Protect|p2b: Gengar\n|-singleturn|p2b: Gengar|Protect\n|move|p1b: Ninetales|Aurora Veil|p1b: Ninetales\n|-sidestart|p1: Prohxy|move: Aurora Veil\n|move|p1a: Tsareena|Trop Kick|p2a: Incineroar\n|-resisted|p2a: Incineroar|1\n|-damage|p2a: Incineroar|86/100\n|-unboost|p2a: Incineroar|atk|1\n|\n|-weather|Snowscape|[upkeep]\n|upkeep\n|turn|4\n|inactive|Piggy369 has 30 seconds left.\n|\n|t:|1776480122\n|move|p2b: Gengar|Sludge Bomb|p1a: Tsareena\n|-supereffective|p1a: Tsareena|1\n|-damage|p1a: Tsareena|28/100\n|move|p2a: Incineroar|Flare Blitz|p1b: Ninetales\n|-supereffective|p1b: Ninetales|1\n|-damage|p1b: Ninetales|68/100\n|-damage|p2a: Incineroar|78/100|[from] Recoil\n|move|p1b: Ninetales|Blizzard|p2a: Incineroar|[spread] p2a,p2b\n|-resisted|p2a: Incineroar|1\n|-damage|p2a: Incineroar|63/100\n|-damage|p2b: Gengar|2/100\n|move|p1a: Tsareena|U-turn|p2b: Gengar\n|-resisted|p2b: Gengar|2\n|-damage|p2b: Gengar|0 fnt\n|faint|p2b: Gengar\n|\n|t:|1776480137\n|switch|p1a: Lopunny|Lopunny, L50, F, shiny|100/100|[from] U-turn\n|\n|-weather|Snowscape|[upkeep]\n|-sideend|p2: Piggy369|move: Tailwind\n|upkeep\n|\n|t:|1776480142\n|switch|p2b: Pelipper|Pelipper, L50, F|100/100\n|-weather|RainDance|[from] ability: Drizzle|[of] p2b: Pelipper\n|turn|5\n|\n|t:|1776480159\n|detailschange|p1a: Lopunny|Lopunny-Mega, L50, F, shiny\n|-mega|p1a: Lopunny|Lopunny|Lopunnite\n|move|p2b: Pelipper|Protect|p2b: Pelipper\n|-singleturn|p2b: Pelipper|Protect\n|move|p1a: Lopunny|Drain Punch|p2a: Incineroar\n|-supereffective|p2a: Incineroar|1\n|-damage|p2a: Incineroar|0 fnt\n|faint|p2a: Incineroar\n|move|p1b: Ninetales|Dazzling Gleam|p2b: Pelipper\n|-activate|p2b: Pelipper|move: Protect\n|\n|-weather|RainDance|[upkeep]\n|upkeep\n|\n|t:|1776480169\n|switch|p2a: Archaludon|Archaludon, L50, F|100/100\n|turn|6\n|\n|t:|1776480193\n|move|p1b: Ninetales|Helping Hand|p1a: Lopunny\n|-singleturn|p1a: Lopunny|Helping Hand|[of] p1b: Ninetales\n|move|p2a: Archaludon|Protect|p2a: Archaludon\n|-singleturn|p2a: Archaludon|Protect\n|move|p1a: Lopunny|Triple Axel|p2b: Pelipper\n|-damage|p2b: Pelipper|85/100\n|-hitcount|p2b: Pelipper|1\n|move|p2b: Pelipper|Tailwind|p2b: Pelipper\n|-sidestart|p2: Piggy369|move: Tailwind\n|\n|-weather|RainDance|[upkeep]\n|upkeep\n|turn|7\n|\n|t:|1776480210\n|move|p1b: Ninetales|Helping Hand|p1a: Lopunny\n|-singleturn|p1a: Lopunny|Helping Hand|[of] p1b: Ninetales\n|move|p2b: Pelipper|Hurricane|p1a: Lopunny\n|-supereffective|p1a: Lopunny|1\n|-damage|p1a: Lopunny|20/100\n|move|p2a: Archaludon|Electro Shot||[still]\n|-prepare|p2a: Archaludon|Electro Shot\n|-boost|p2a: Archaludon|spa|1\n|-anim|p2a: Archaludon|Electro Shot|p1b: Ninetales\n|-damage|p1b: Ninetales|23/100\n|move|p1a: Lopunny|Drain Punch|p2a: Archaludon\n|-supereffective|p2a: Archaludon|1\n|-damage|p2a: Archaludon|9/100\n|-heal|p1a: Lopunny|85/100|[from] drain|[of] p2a: Archaludon\n|-ability|p2a: Archaludon|Stamina|boost\n|-boost|p2a: Archaludon|def|1\n|\n|-weather|RainDance|[upkeep]\n|-heal|p2a: Archaludon|15/100|[from] item: Leftovers\n|-sideend|p1: Prohxy|move: Aurora Veil\n|upkeep\n|turn|8\n|\n|t:|1776480234\n|move|p1a: Lopunny|Mach Punch|p2a: Archaludon\n|-supereffective|p2a: Archaludon|1\n|-damage|p2a: Archaludon|0 fnt\n|faint|p2a: Archaludon\n|move|p2b: Pelipper|Hurricane|p1a: Lopunny\n|-supereffective|p1a: Lopunny|1\n|-damage|p1a: Lopunny|0 fnt\n|faint|p1a: Lopunny\n|move|p1b: Ninetales|Dazzling Gleam|p2b: Pelipper\n|-damage|p2b: Pelipper|25/100\n|\n|-weather|RainDance|[upkeep]\n|upkeep\n|\n|t:|1776480244\n|switch|p1a: Palafin|Palafin-Hero, L50, F, shiny|37/100\n|-activate|p1a: Palafin|ability: Zero to Hero\n|turn|9\n|-message|Piggy369 forfeited.\n|\n|win|Prohxy\n|raw|Prohxy's rating: 1020 &rarr; <strong>1065</strong><br />(+45 for winning)\n|raw|Piggy369's rating: 1092 &rarr; <strong>1063</strong><br />(-29 for losing)\n|l|\u2606Piggy369\n|player|p2|\n",
  "uploadtime": 1776480249,
  "views": 25,
  "formatid": "gen9championsvgc2026regma",
  "rating": 1063,
  "private": 0,
  "password": null
}