{
  "id": "gen9championsvgc2026regma-2584841674",
  "format": "[Gen 9 Champions] VGC 2026 Reg M-A",
  "players": [
    "hehe moon",
    "benjiapollo"
  ],
  "log": "|j|\u2606hehe moon\n|j|\u2606benjiapollo\n|t:|1776287855\n|gametype|doubles\n|player|p1|hehe moon|cheryl|1291\n|player|p2|benjiapollo|giovanni|1226\n|gen|9\n|tier|[Gen 9 Champions] VGC 2026 Reg M-A\n|rated|\n|rule|Species Clause: Limit one of each Pok\u00e9mon\n|rule|Item Clause: Limit 1 of each item\n|clearpoke\n|poke|p1|Dragapult, L50, F|\n|poke|p1|Dragonite, L50, M|\n|poke|p1|Pelipper, L50, M|\n|poke|p1|Basculegion, L50, M|\n|poke|p1|Orthworm, L50, F|\n|poke|p1|Sneasler, L50, M|\n|poke|p2|Basculegion, L50, M|\n|poke|p2|Charizard, L50, F|\n|poke|p2|Kingambit, L50, M|\n|poke|p2|Sneasler, L50, M|\n|poke|p2|Venusaur, L50, F|\n|poke|p2|Talonflame, L50, M|\n|teampreview|4\n|inactive|Battle timer is ON: inactive players will automatically lose when time's up. (requested by hehe moon)\n|\n|t:|1776287877\n|teamsize|p1|4\n|teamsize|p2|4\n|start\n|switch|p1a: Dragapult|Dragapult, L50, F|100/100\n|switch|p1b: Dragonite|Dragonite, L50, M|100/100\n|switch|p2a: Talonflame|Talonflame, L50, M|100/100\n|switch|p2b: Charizard|Charizard, L50, F|100/100\n|turn|1\n|\n|t:|1776287888\n|detailschange|p1b: Dragonite|Dragonite-Mega, L50, M\n|-mega|p1b: Dragonite|Dragonite|Dragoninite\n|move|p2b: Charizard|Protect|p2b: Charizard\n|-singleturn|p2b: Charizard|Protect\n|move|p2a: Talonflame|Tailwind|p2a: Talonflame\n|-sidestart|p2: benjiapollo|move: Tailwind\n|move|p1a: Dragapult|Light Screen|p1a: Dragapult\n|-sidestart|p1: hehe moon|move: Light Screen\n|move|p1b: Dragonite|Draco Meteor|p2a: Talonflame\n|-crit|p2a: Talonflame\n|-enditem|p2a: Talonflame|Focus Sash\n|-damage|p2a: Talonflame|1/100\n|-unboost|p1b: Dragonite|spa|2\n|\n|upkeep\n|turn|2\n|\n|t:|1776287912\n|detailschange|p2b: Charizard|Charizard-Mega-X, L50, F\n|-mega|p2b: Charizard|Charizard|Charizardite X\n|move|p2a: Talonflame|Brave Bird|p1b: Dragonite\n|-damage|p1b: Dragonite|84/100\n|-damage|p2a: Talonflame|0 fnt|[from] Recoil\n|faint|p2a: Talonflame\n|move|p2b: Charizard|Dragon Claw|p1b: Dragonite\n|-supereffective|p1b: Dragonite|1\n|-damage|p1b: Dragonite|0 fnt\n|faint|p1b: Dragonite\n|move|p1a: Dragapult|Dragon Cheer|p1: Dragonite|[notarget]\n|-fail|p1a: Dragapult\n|\n|upkeep\n|\n|t:|1776287929\n|switch|p2a: Sneasler|Sneasler, L50, M|100/100\n|switch|p1b: Pelipper|Pelipper, L50, M|100/100\n|-weather|RainDance|[from] ability: Drizzle|[of] p1b: Pelipper\n|turn|3\n|\n|t:|1776287936\n|move|p2a: Sneasler|Fake Out|p1b: Pelipper\n|-damage|p1b: Pelipper|81/100\n|move|p2b: Charizard|Dragon Claw|p1a: Dragapult\n|-supereffective|p1a: Dragapult|1\n|-enditem|p1a: Dragapult|Haban Berry|[eat]\n|-enditem|p1a: Dragapult|Haban Berry|[weaken]\n|-damage|p1a: Dragapult|39/100\n|move|p1a: Dragapult|Dragon Darts|p2b: Charizard\n|-supereffective|p2b: Charizard|1\n|-damage|p2b: Charizard|53/100\n|-anim|p1a: Dragapult|Dragon Darts|p2a: Sneasler\n|-damage|p2a: Sneasler|67/100\n|cant|p1b: Pelipper|flinch\n|\n|-weather|RainDance|[upkeep]\n|upkeep\n|turn|4\n|\n|t:|1776287961\n|move|p2a: Sneasler|Close Combat|p1b: Pelipper\n|-resisted|p1b: Pelipper|1\n|-damage|p1b: Pelipper|42/100\n|-unboost|p2a: Sneasler|def|1\n|-unboost|p2a: Sneasler|spd|1\n|-enditem|p2a: Sneasler|White Herb\n|-clearnegativeboost|p2a: Sneasler|[silent]\n|move|p2b: Charizard|Dragon Claw|p1a: Dragapult\n|-supereffective|p1a: Dragapult|1\n|-damage|p1a: Dragapult|0 fnt\n|faint|p1a: Dragapult\n|move|p1b: Pelipper|Hurricane|p2a: Sneasler\n|-supereffective|p2a: Sneasler|1\n|-damage|p2a: Sneasler|0 fnt\n|faint|p2a: Sneasler\n|\n|-weather|RainDance|[upkeep]\n|-sideend|p2: benjiapollo|move: Tailwind\n|upkeep\n|\n|t:|1776287976\n|switch|p1a: Basculegion|Basculegion, L50, M|100/100\n|switch|p2a: Kingambit|Kingambit, L50, M|100/100\n|turn|5\n|\n|t:|1776287993\n|move|p2b: Charizard|Protect|p2b: Charizard\n|-singleturn|p2b: Charizard|Protect\n|move|p1a: Basculegion|Wave Crash|p2a: Kingambit\n|-damage|p2a: Kingambit|28/100\n|-damage|p1a: Basculegion|75/100|[from] Recoil\n|move|p1b: Pelipper|Weather Ball|p2b: Charizard\n|-activate|p2b: Charizard|move: Protect\n|move|p2a: Kingambit|Kowtow Cleave|p1a: Basculegion\n|-supereffective|p1a: Basculegion|1\n|-damage|p1a: Basculegion|0 fnt\n|faint|p1a: Basculegion\n|\n|-weather|RainDance|[upkeep]\n|-sideend|p1: hehe moon|move: Light Screen\n|upkeep\n|turn|6\n|-message|hehe moon forfeited.\n|\n|win|benjiapollo\n|raw|hehe moon's rating: 1291 &rarr; <strong>1261</strong><br />(-30 for losing)\n|raw|benjiapollo's rating: 1226 &rarr; <strong>1256</strong><br />(+30 for winning)\n|l|\u2606hehe moon\n|player|p1|\n",
  "uploadtime": 1776288013,
  "views": 36,
  "formatid": "gen9championsvgc2026regma",
  "rating": 1256,
  "private": 0,
  "password": null
}