{
  "id": "gen9championsvgc2026regma-2582213148",
  "format": "[Gen 9 Champions] VGC 2026 Reg M-A",
  "players": [
    "MilkTeaWayGalaxy",
    "tuskoo"
  ],
  "log": "|j|\u2606MilkTeaWayGalaxy\n|j|\u2606tuskoo\n|t:|1776072012\n|gametype|doubles\n|player|p1|MilkTeaWayGalaxy|rosa-pokestar3|1095\n|player|p2|tuskoo|cheren|1048\n|gen|9\n|tier|[Gen 9 Champions] VGC 2026 Reg M-A\n|rated|\n|rule|Species Clause: Limit one of each Pok\u00e9mon\n|rule|Item Clause: Limit 1 of each item\n|clearpoke\n|poke|p1|Froslass, L50, F|\n|poke|p1|Sinistcha, L50|\n|poke|p1|Kingambit, L50, M|\n|poke|p1|Sneasler, L50, F|\n|poke|p1|Incineroar, L50, M|\n|poke|p1|Basculegion, L50, M|\n|poke|p2|Floette-Eternal, L50, F|\n|poke|p2|Garchomp, L50, F|\n|poke|p2|Incineroar, L50, M|\n|poke|p2|Sneasler, L50, M|\n|poke|p2|Aerodactyl, L50, F|\n|poke|p2|Basculegion, L50, M|\n|teampreview|4\n|inactive|Battle timer is ON: inactive players will automatically lose when time's up. (requested by tuskoo)\n|\n|t:|1776072090\n|teamsize|p1|4\n|teamsize|p2|4\n|start\n|switch|p1a: Froslass|Froslass, L50, F|100/100\n|switch|p1b: Incineroar|Incineroar, L50, M|100/100\n|switch|p2a: Aerodactyl|Aerodactyl, L50, F|100/100\n|switch|p2b: Jane Juliet|Floette-Eternal, L50, F|100/100\n|-ability|p1b: Incineroar|Intimidate|boost\n|-unboost|p2a: Aerodactyl|atk|1\n|-unboost|p2b: Jane Juliet|atk|1\n|turn|1\n|c|\u2606tuskoo|Hey yo good morning how you doin folk\n|c|\u2606MilkTeaWayGalaxy|Tired and about to go to bed, how about you?\n|\n|t:|1776072113\n|detailschange|p1a: Froslass|Froslass-Mega, L50, F\n|-mega|p1a: Froslass|Froslass|Froslassite\n|-weather|Snowscape|[from] ability: Snow Warning|[of] p1a: Froslass\n|move|p2b: Jane Juliet|Protect|p2b: Jane Juliet\n|-singleturn|p2b: Jane Juliet|Protect\n|move|p1b: Incineroar|Fake Out|p2a: Aerodactyl\n|-resisted|p2a: Aerodactyl|1\n|-damage|p2a: Aerodactyl|91/100\n|cant|p2a: Aerodactyl|flinch\n|move|p1a: Froslass|Aurora Veil|p1a: Froslass\n|-sidestart|p1: MilkTeaWayGalaxy|move: Aurora Veil\n|\n|-weather|Snowscape|[upkeep]\n|upkeep\n|turn|2\n|c|\u2606tuskoo|I just woke up actually\n|c|\u2606tuskoo|Its like\n|inactive|tuskoo has 30 seconds left.\n|c|\u2606tuskoo|6 am where I live\n|c|\u2606MilkTeaWayGalaxy|Same\n|inactive|tuskoo has 20 seconds left.\n|inactive|tuskoo has 15 seconds left.\n|\n|t:|1776072155\n|detailschange|p2b: Jane Juliet|Floette-Mega, L50, F\n|-mega|p2b: Jane Juliet|Floette|Floettite\n|-ability|p2b: Jane Juliet|Fairy Aura\n|move|p2a: Aerodactyl|Tailwind|p2a: Aerodactyl\n|-sidestart|p2: tuskoo|move: Tailwind\n|move|p2b: Jane Juliet|Light of Ruin|p1a: Froslass\n|-damage|p1a: Froslass|10/100\n|-damage|p2b: Jane Juliet|55/100|[from] Recoil\n|move|p1a: Froslass|Blizzard|p2b: Jane Juliet|[spread] p2a,p2b\n|-supereffective|p2a: Aerodactyl|1\n|-damage|p2a: Aerodactyl|0 fnt\n|-damage|p2b: Jane Juliet|21/100\n|-status|p2b: Jane Juliet|frz\n|faint|p2a: Aerodactyl\n|move|p1b: Incineroar|Parting Shot|p2b: Jane Juliet\n|-unboost|p2b: Jane Juliet|atk|1\n|-unboost|p2b: Jane Juliet|spa|1\n|\n|t:|1776072174\n|switch|p1b: Basculegion|Basculegion, L50, M|100/100|[from] Parting Shot\n|\n|-weather|Snowscape|[upkeep]\n|upkeep\n|\n|t:|1776072189\n|switch|p2a: Incineroar|Incineroar, L50, M|100/100\n|-ability|p2a: Incineroar|Intimidate|boost\n|-unboost|p1a: Froslass|atk|1\n|-unboost|p1b: Basculegion|atk|1\n|turn|3\n|\n|t:|1776072201\n|switch|p2b: Sneasler|Sneasler, L50, M|100/100\n|switch|p1a: Incineroar|Incineroar, L50, M|100/100\n|-ability|p1a: Incineroar|Intimidate|boost\n|-unboost|p2a: Incineroar|atk|1\n|-unboost|p2b: Sneasler|atk|1\n|-enditem|p2b: Sneasler|White Herb\n|-clearnegativeboost|p2b: Sneasler|[silent]\n|move|p2a: Incineroar|Flare Blitz|p1a: Incineroar\n|-resisted|p1a: Incineroar|1\n|-damage|p1a: Incineroar|90/100\n|-damage|p2a: Incineroar|98/100|[from] Recoil\n|move|p1b: Basculegion|Wave Crash|p2b: Sneasler\n|-damage|p2b: Sneasler|6/100\n|-damage|p1b: Basculegion|78/100|[from] Recoil\n|\n|-weather|Snowscape|[upkeep]\n|-heal|p1a: Incineroar|96/100|[from] item: Leftovers\n|upkeep\n|turn|4\n|inactive|tuskoo has 30 seconds left.\n|\n|t:|1776072230\n|move|p2b: Sneasler|Protect|p2b: Sneasler\n|-singleturn|p2b: Sneasler|Protect\n|move|p1a: Incineroar|Fake Out|p2b: Sneasler\n|-activate|p2b: Sneasler|move: Protect\n|move|p2a: Incineroar|Parting Shot|p1a: Incineroar\n|-unboost|p1a: Incineroar|atk|1\n|-unboost|p1a: Incineroar|spa|1\n|\n|t:|1776072239\n|switch|p2a: Jane Juliet|Floette-Mega, L50, F|21/100 frz|[from] Parting Shot\n|-ability|p2a: Jane Juliet|Fairy Aura\n|move|p1b: Basculegion|Wave Crash|p2a: Jane Juliet\n|-damage|p2a: Jane Juliet|0 fnt\n|faint|p2a: Jane Juliet\n|-damage|p1b: Basculegion|73/100|[from] Recoil\n|\n|-weather|Snowscape|[upkeep]\n|-heal|p1a: Incineroar|100/100|[from] item: Leftovers\n|upkeep\n|\n|t:|1776072246\n|switch|p2a: Incineroar|Incineroar, L50, M|98/100\n|-ability|p2a: Incineroar|Intimidate|boost\n|-unboost|p1a: Incineroar|atk|1\n|-unboost|p1b: Basculegion|atk|1\n|turn|5\n|inactive|tuskoo has 30 seconds left.\n|\n|t:|1776072273\n|switch|p1b: Kingambit|Kingambit, L50, M|100/100\n|switch|p1a: Froslass|Froslass-Mega, L50, F|10/100\n|move|p2a: Incineroar|Fake Out|p1a: Froslass\n|-immune|p1a: Froslass\n|move|p2b: Sneasler|Dire Claw|p1b: Kingambit\n|-immune|p1b: Kingambit\n|\n|-weather|none\n|-sideend|p2: tuskoo|move: Tailwind\n|-sideend|p1: MilkTeaWayGalaxy|move: Aurora Veil\n|upkeep\n|turn|6\n|c|\u2606tuskoo|Oof\n|c|\u2606tuskoo|Yeah thats ggs\n|-message|tuskoo forfeited.\n|\n|win|MilkTeaWayGalaxy\n|raw|MilkTeaWayGalaxy's rating: 1095 &rarr; <strong>1117</strong><br />(+22 for winning)\n|raw|tuskoo's rating: 1048 &rarr; <strong>1033</strong><br />(-15 for losing)\n|c|\u2606MilkTeaWayGalaxy|Yeah ggs\n",
  "uploadtime": 1776072300,
  "views": 11,
  "formatid": "gen9championsvgc2026regma",
  "rating": 1033,
  "private": 0,
  "password": null
}