{
  "id": "gen9championsvgc2026regma-2582130984",
  "format": "[Gen 9 Champions] VGC 2026 Reg M-A",
  "players": [
    "sebeeajwvn",
    "It'sJustKen VGC"
  ],
  "log": "|j|\u2606sebeeajwvn\n|j|\u2606It'sJustKen VGC\n|t:|1776061969\n|gametype|doubles\n|player|p1|sebeeajwvn|266|1122\n|player|p2|It'sJustKen VGC|265|1199\n|gen|9\n|tier|[Gen 9 Champions] VGC 2026 Reg M-A\n|rated|\n|rule|Species Clause: Limit one of each Pok\u00e9mon\n|rule|Item Clause: Limit 1 of each item\n|clearpoke\n|poke|p1|Froslass, L50, F|\n|poke|p1|Sneasler, L50, F|\n|poke|p1|Aerodactyl, L50, M|\n|poke|p1|Garchomp, L50, M|\n|poke|p1|Kingambit, L50, F|\n|poke|p1|Rotom-Wash, L50|\n|poke|p2|Kingambit, L50, F|\n|poke|p2|Clefable, L50, F|\n|poke|p2|Chimecho, L50, F|\n|poke|p2|Golurk, L50|\n|poke|p2|Torkoal, L50, M|\n|poke|p2|Hawlucha, L50, F|\n|teampreview|4\n|inactive|Battle timer is ON: inactive players will automatically lose when time's up. (requested by It'sJustKen VGC)\nsebeeajwvn has agreed to open team sheets.\n|inactive|sebeeajwvn has 60 seconds left.\n|\n|t:|1776062016\n|teamsize|p1|4\n|teamsize|p2|4\n|start\n|switch|p1a: Froslass|Froslass, L50, F|100/100\n|switch|p1b: Aerodactyl|Aerodactyl, L50, M, shiny|100/100\n|switch|p2a: Chimecho|Chimecho, L50, F|100/100\n|switch|p2b: Clefable|Clefable, L50, F|100/100\n|-ability|p1b: Aerodactyl|Unnerve\n|turn|1\n|inactive|It'sJustKen VGC has 30 seconds left.\n|\n|t:|1776062043\n|switch|p2b: Golurk|Golurk, L50|100/100\n|detailschange|p1a: Froslass|Froslass-Mega, L50, F\n|-mega|p1a: Froslass|Froslass|Froslassite\n|-weather|Snowscape|[from] ability: Snow Warning|[of] p1a: Froslass\n|detailschange|p2a: Chimecho|Chimecho-Mega, L50, F\n|-mega|p2a: Chimecho|Chimecho|Chimechite\n|move|p1b: Aerodactyl|Tailwind|p1b: Aerodactyl\n|-sidestart|p1: sebeeajwvn|move: Tailwind\n|move|p1a: Froslass|Aurora Veil|p1a: Froslass\n|-sidestart|p1: sebeeajwvn|move: Aurora Veil\n|move|p2a: Chimecho|Trick Room|p2a: Chimecho\n|-fieldstart|move: Trick Room|[of] p2a: Chimecho\n|\n|-weather|Snowscape|[upkeep]\n|upkeep\n|turn|2\n|inactive|sebeeajwvn has 30 seconds left.\n|\n|t:|1776062075\n|move|p2b: Golurk|Curse|p1a: Froslass\n|-start|p1a: Froslass|Curse|[of] p2b: Golurk\n|-damage|p2b: Golurk|50/100\n|move|p2a: Chimecho|Skill Swap|p2b: Golurk\n|-activate|p2a: Chimecho|Skill Swap|||[of] p2b: Golurk\n|move|p1a: Froslass|Blizzard|p2b: Golurk|[spread] p2a,p2b\n|-resisted|p2a: Chimecho|1\n|-supereffective|p2b: Golurk|1\n|-damage|p2a: Chimecho|82/100\n|-damage|p2b: Golurk|0 fnt\n|faint|p2b: Golurk\n|move|p1b: Aerodactyl|Dual Wingbeat|p2a: Chimecho\n|-resisted|p2a: Chimecho|1\n|-damage|p2a: Chimecho|76/100\n|-resisted|p2a: Chimecho|1\n|-damage|p2a: Chimecho|69/100\n|-hitcount|p2a: Chimecho|2\n|\n|-weather|Snowscape|[upkeep]\n|-damage|p1a: Froslass|76/100|[from] Curse\n|upkeep\n|\n|t:|1776062083\n|switch|p2b: Kingambit|Kingambit, L50, F|100/100\n|turn|3\n|inactive|sebeeajwvn has 30 seconds left.\n|inactive|sebeeajwvn has 20 seconds left.\n|\n|t:|1776062121\n|switch|p1a: Rotom|Rotom-Wash, L50|100/100\n|switch|p1b: Kingambit|Kingambit, L50, F|100/100\n|move|p2a: Chimecho|Hypnosis|p1b: Kingambit\n|-status|p1b: Kingambit|slp|[from] move: Hypnosis\n|move|p2b: Kingambit|Kowtow Cleave|p1a: Rotom\n|-damage|p1a: Rotom|72/100\n|\n|-weather|Snowscape|[upkeep]\n|upkeep\n|turn|4\n|inactive|sebeeajwvn has 30 seconds left.\n|inactive|It'sJustKen VGC has 30 seconds left.\n|inactive|sebeeajwvn has 20 seconds left.\n|inactive|sebeeajwvn has 15 seconds left.\n|inactive|sebeeajwvn has 10 seconds left.\n|inactive|sebeeajwvn has 5 seconds left.\n|\n|t:|1776062174\n|cant|p1b: Kingambit|slp\n|move|p2a: Chimecho|Skill Swap|p2b: Kingambit\n|-activate|p2a: Chimecho|Skill Swap|||[of] p2b: Kingambit\n|move|p2b: Kingambit|Guillotine|p1a: Rotom\n|-damage|p1a: Rotom|0 fnt\n|faint|p1a: Rotom\n|-ohko\n|\n|-weather|Snowscape|[upkeep]\n|-sideend|p1: sebeeajwvn|move: Tailwind\n|upkeep\n|\n|t:|1776062186\n|switch|p1a: Aerodactyl|Aerodactyl, L50, M, shiny|100/100\n|-ability|p1a: Aerodactyl|Unnerve\n|turn|5\n|\n|t:|1776062195\n|cant|p1b: Kingambit|slp\n|move|p2a: Chimecho|Hypnosis|p1a: Aerodactyl\n|-status|p1a: Aerodactyl|slp|[from] move: Hypnosis\n|move|p2b: Kingambit|Guillotine|p1b: Kingambit\n|-damage|p1b: Kingambit|0 fnt\n|faint|p1b: Kingambit\n|-ohko\n|cant|p1a: Aerodactyl|slp\n|\n|-weather|none\n|-sideend|p1: sebeeajwvn|move: Aurora Veil\n|-fieldend|move: Trick Room\n|upkeep\n|-message|sebeeajwvn forfeited.\n|\n|win|It'sJustKen VGC\n|raw|sebeeajwvn's rating: 1122 &rarr; <strong>1099</strong><br />(-23 for losing)\n|raw|It&apos;sJustKen VGC's rating: 1144 &rarr; <strong>1167</strong><br />(+23 for winning)\n|l|\u2606sebeeajwvn\n|player|p1|\n",
  "uploadtime": 1776062207,
  "views": 11,
  "formatid": "gen9championsvgc2026regma",
  "rating": 1099,
  "private": 0,
  "password": null
}