{
  "id": "gen9championsvgc2026regma-2581434877",
  "format": "[Gen 9 Champions] VGC 2026 Reg M-A",
  "players": [
    "TenseVgC",
    "soulo333"
  ],
  "log": "|j|\u2606TenseVgC\n|j|\u2606soulo333\n|t:|1776000092\n|gametype|doubles\n|player|p1|TenseVgC|1|1166\n|player|p2|soulo333|2|1212\n|gen|9\n|tier|[Gen 9 Champions] VGC 2026 Reg M-A\n|rated|\n|rule|Species Clause: Limit one of each Pok\u00e9mon\n|rule|Item Clause: Limit 1 of each item\n|clearpoke\n|poke|p1|Kangaskhan, L50, F|\n|poke|p1|Kingambit, L50, M|\n|poke|p1|Whimsicott, L50, F|\n|poke|p1|Araquanid, L50, M|\n|poke|p1|Sneasler, L50, M|\n|poke|p1|Incineroar, L50, F|\n|poke|p2|Charizard, L50, F|\n|poke|p2|Kingambit, L50, M|\n|poke|p2|Rotom-Wash, L50|\n|poke|p2|Sinistcha, L50|\n|poke|p2|Ninetales-Alola, L50, F|\n|poke|p2|Sneasler, L50, M|\n|teampreview|4\n|inactive|Battle timer is ON: inactive players will automatically lose when time's up. (requested by TenseVgC)\n|inactive|TenseVgC has 60 seconds left.\n|\n|t:|1776000128\n|teamsize|p1|4\n|teamsize|p2|4\n|start\n|switch|p1a: Kangaskhan|Kangaskhan, L50, F|100/100\n|switch|p1b: Whimsicott|Whimsicott, L50, F|100/100\n|switch|p2a: Kingambit|Kingambit, L50, M|100/100\n|switch|p2b: Rotom|Rotom-Wash, L50|100/100\n|turn|1\n|inactive|TenseVgC has 30 seconds left.\n|\n|t:|1776000163\n|detailschange|p1a: Kangaskhan|Kangaskhan-Mega, L50, F\n|-mega|p1a: Kangaskhan|Kangaskhan|Kangaskhanite\n|move|p1a: Kangaskhan|Fake Out|p2b: Rotom\n|-damage|p2b: Rotom|77/100\n|-damage|p2b: Rotom|72/100\n|-hitcount|p2b: Rotom|2\n|move|p1b: Whimsicott|Tailwind|p1b: Whimsicott\n|-sidestart|p1: TenseVgC|move: Tailwind\n|cant|p2b: Rotom|flinch\n|move|p2a: Kingambit|Iron Head|p1b: Whimsicott\n|-supereffective|p1b: Whimsicott|1\n|-enditem|p1b: Whimsicott|Focus Sash\n|-damage|p1b: Whimsicott|1/100\n|\n|upkeep\n|turn|2\n|inactive|TenseVgC has 30 seconds left.\n|\n|t:|1776000189\n|move|p1b: Whimsicott|Endeavor|p2a: Kingambit\n|-damage|p2a: Kingambit|1/100\n|move|p1a: Kangaskhan|Bite|p2a: Kingambit\n|-resisted|p2a: Kingambit|1\n|-damage|p2a: Kingambit|0 fnt\n|faint|p2a: Kingambit\n|-hitcount|p2: Kingambit|1\n|move|p2b: Rotom|Will-O-Wisp|p1a: Kangaskhan\n|-status|p1a: Kangaskhan|brn\n|\n|-damage|p1a: Kangaskhan|94/100 brn|[from] brn\n|upkeep\n|\n|t:|1776000194\n|switch|p2a: Sinistcha|Sinistcha, L50|100/100\n|-heal|p2b: Rotom|97/100|[from] ability: Hospitality|[of] p2a: Sinistcha\n|turn|3\n|\n|t:|1776000210\n|move|p1b: Whimsicott|Endeavor|p2b: Rotom\n|-damage|p2b: Rotom|1/100\n|-enditem|p2b: Rotom|Sitrus Berry|[eat]\n|-heal|p2b: Rotom|26/100|[from] item: Sitrus Berry\n|move|p1a: Kangaskhan|Bite|p2b: Rotom\n|-damage|p2b: Rotom|15/100\n|-damage|p2b: Rotom|13/100\n|-hitcount|p2b: Rotom|2\n|cant|p2b: Rotom|flinch\n|move|p2a: Sinistcha|Matcha Gotcha|p1b: Whimsicott|[spread] p1a,p1b\n|-resisted|p1b: Whimsicott|1\n|-damage|p1a: Kangaskhan|69/100 brn\n|-damage|p1b: Whimsicott|0 fnt\n|faint|p1b: Whimsicott\n|\n|-damage|p1a: Kangaskhan|63/100 brn|[from] brn\n|upkeep\n|\n|t:|1776000220\n|switch|p1b: Sneasler|Sneasler, L50, M|100/100\n|turn|4\n|\n|t:|1776000229\n|move|p1b: Sneasler|Dire Claw|p2a: Sinistcha\n|-damage|p2a: Sinistcha|67/100\n|move|p1a: Kangaskhan|Double-Edge|p2b: Rotom\n|-damage|p2b: Rotom|0 fnt\n|faint|p2b: Rotom\n|-hitcount|p2: Rotom|1\n|-damage|p1a: Kangaskhan|59/100 brn|[from] Recoil\n|move|p2a: Sinistcha|Matcha Gotcha|p1a: Kangaskhan|[spread] p1a,p1b\n|-resisted|p1b: Sneasler|1\n|-damage|p1a: Kangaskhan|36/100 brn\n|-heal|p2a: Sinistcha|78/100|[from] drain|[of] p1a: Kangaskhan\n|-damage|p1b: Sneasler|85/100\n|-heal|p2a: Sinistcha|85/100|[from] drain|[of] p1b: Sneasler\n|\n|-heal|p2a: Sinistcha|91/100|[from] item: Leftovers\n|-damage|p1a: Kangaskhan|30/100 brn|[from] brn\n|-sideend|p1: TenseVgC|move: Tailwind\n|upkeep\n|\n|t:|1776000233\n|switch|p2b: Charizard|Charizard, L50, F|100/100\n|turn|5\n|\n|t:|1776000240\n|detailschange|p2b: Charizard|Charizard-Mega-X, L50, F\n|-mega|p2b: Charizard|Charizard|Charizardite X\n|move|p1b: Sneasler|Protect|p1b: Sneasler\n|-singleturn|p1b: Sneasler|Protect\n|move|p1a: Kangaskhan|Protect|p1a: Kangaskhan\n|-singleturn|p1a: Kangaskhan|Protect\n|move|p2a: Sinistcha|Rage Powder|p2a: Sinistcha\n|-singleturn|p2a: Sinistcha|move: Rage Powder\n|move|p2b: Charizard|Dragon Dance|p2b: Charizard\n|-boost|p2b: Charizard|atk|1\n|-boost|p2b: Charizard|spe|1\n|\n|-heal|p2a: Sinistcha|98/100|[from] item: Leftovers\n|-damage|p1a: Kangaskhan|24/100 brn|[from] brn\n|upkeep\n|turn|6\n|\n|t:|1776000257\n|move|p2a: Sinistcha|Rage Powder|p2a: Sinistcha\n|-singleturn|p2a: Sinistcha|move: Rage Powder\n|move|p2b: Charizard|Dragon Claw|p1b: Sneasler\n|-damage|p1b: Sneasler|0 fnt\n|faint|p1b: Sneasler\n|move|p1a: Kangaskhan|Double-Edge|p2a: Sinistcha\n|-immune|p2a: Sinistcha\n|\n|-heal|p2a: Sinistcha|100/100|[from] item: Leftovers\n|-damage|p1a: Kangaskhan|18/100 brn|[from] brn\n|upkeep\n|-message|TenseVgC forfeited.\n|\n|win|soulo333\n|raw|TenseVgC's rating: 1166 &rarr; <strong>1144</strong><br />(-22 for losing)\n|raw|soulo333's rating: 1212 &rarr; <strong>1234</strong><br />(+22 for winning)\n",
  "uploadtime": 1776000267,
  "views": 14,
  "formatid": "gen9championsvgc2026regma",
  "rating": 1144,
  "private": 0,
  "password": null
}