{
  "id": "gen9championsvgc2026regma-2580880880",
  "format": "[Gen 9 Champions] VGC 2026 Reg M-A",
  "players": [
    "tyrantterror",
    "nusocs-m"
  ],
  "log": "|j|\u2606tyrantterror\n|j|\u2606nusocs-m\n|t:|1775940115\n|gametype|doubles\n|player|p1|tyrantterror|cynthia|1095\n|player|p2|nusocs-m|unknown|1120\n|gen|9\n|tier|[Gen 9 Champions] VGC 2026 Reg M-A\n|rated|\n|rule|Species Clause: Limit one of each Pok\u00e9mon\n|rule|Item Clause: Limit 1 of each item\n|clearpoke\n|poke|p1|Tyranitar, L50, F|\n|poke|p1|Excadrill, L50, M|\n|poke|p1|Gyarados, L50, F|\n|poke|p1|Rotom-Heat, L50|\n|poke|p1|Lucario, L50, M|\n|poke|p1|Sinistcha, L50|\n|poke|p2|Charizard, L50, M|\n|poke|p2|Aerodactyl, L50, F|\n|poke|p2|Garchomp, L50, F|\n|poke|p2|Glimmora, L50, F|\n|poke|p2|Incineroar, L50, M|\n|poke|p2|Venusaur, L50, F|\n|teampreview|4\ntyrantterror rejected open team sheets.\n|\n|t:|1775940172\n|teamsize|p1|4\n|teamsize|p2|4\n|start\n|switch|p1a: Lucario|Lucario, L50, M|100/100\n|switch|p1b: Rotom|Rotom-Heat, L50|100/100\n|switch|p2a: Garchomp|Garchomp, L50, F|100/100\n|switch|p2b: Incineroar|Incineroar, L50, M|100/100\n|-ability|p2b: Incineroar|Intimidate|boost\n|-fail|p1a: Lucario|unboost|Attack|[from] ability: Inner Focus|[of] p1a: Lucario\n|-unboost|p1b: Rotom|atk|1\n|turn|1\n|inactive|Battle timer is ON: inactive players will automatically lose when time's up. (requested by tyrantterror)\n|\n|t:|1775940196\n|move|p1b: Rotom|Helping Hand|p1a: Lucario\n|-singleturn|p1a: Lucario|Helping Hand|[of] p1b: Rotom\n|move|p2b: Incineroar|Protect|p2b: Incineroar\n|-singleturn|p2b: Incineroar|Protect\n|move|p1a: Lucario|Upper Hand||[still]\n|-fail|p1a: Lucario\n|move|p2a: Garchomp|Earthquake|p1a: Lucario|[spread] p1a\n|-activate|p2b: Incineroar|move: Protect\n|-immune|p1b: Rotom|[from] ability: Levitate\n|-supereffective|p1a: Lucario|1\n|-damage|p1a: Lucario|0 fnt\n|faint|p1a: Lucario\n|\n|upkeep\n|\n|t:|1775940203\n|switch|p1a: Tyranitar|Tyranitar, L50, F|100/100\n|-weather|Sandstorm|[from] ability: Sand Stream|[of] p1a: Tyranitar\n|turn|2\n|c|\u2606tyrantterror|damn ok\n|\n|t:|1775940221\n|detailschange|p1a: Tyranitar|Tyranitar-Mega, L50, F\n|-mega|p1a: Tyranitar|Tyranitar|Tyranitarite\n|move|p1b: Rotom|Helping Hand|p1a: Tyranitar\n|-singleturn|p1a: Tyranitar|Helping Hand|[of] p1b: Rotom\n|move|p2a: Garchomp|Earthquake|p1a: Tyranitar|[spread] p2b,p1a\n|-immune|p1b: Rotom|[from] ability: Levitate\n|-supereffective|p2b: Incineroar|1\n|-supereffective|p1a: Tyranitar|1\n|-damage|p2b: Incineroar|34/100\n|-damage|p1a: Tyranitar|51/100\n|move|p1a: Tyranitar|Rock Slide|p2a: Garchomp|[spread] p2a,p2b\n|-resisted|p2a: Garchomp|1\n|-supereffective|p2b: Incineroar|1\n|-damage|p2a: Garchomp|71/100\n|-damage|p2b: Incineroar|0 fnt\n|faint|p2b: Incineroar\n|\n|-weather|Sandstorm|[upkeep]\n|-damage|p1b: Rotom|95/100|[from] Sandstorm\n|upkeep\n|\n|t:|1775940235\n|switch|p2b: Glimmora|Glimmora, L50, F|100/100\n|turn|3\n|\n|t:|1775940254\n|detailschange|p2b: Glimmora|Glimmora-Mega, L50, F\n|-mega|p2b: Glimmora|Glimmora|Glimmoranite\n|move|p2b: Glimmora|Spiky Shield|p2b: Glimmora\n|-singleturn|p2b: Glimmora|move: Protect\n|move|p1a: Tyranitar|Protect|p1a: Tyranitar\n|-singleturn|p1a: Tyranitar|Protect\n|move|p2a: Garchomp|Earthquake|p1a: Tyranitar|[spread] \n|-activate|p2b: Glimmora|move: Protect\n|-activate|p1a: Tyranitar|move: Protect\n|-immune|p1b: Rotom|[from] ability: Levitate\n|move|p1b: Rotom|Thunderbolt|p2b: Glimmora\n|-activate|p2b: Glimmora|move: Protect\n|\n|-weather|Sandstorm|[upkeep]\n|-damage|p1b: Rotom|89/100|[from] Sandstorm\n|upkeep\n|turn|4\n|\n|t:|1775940274\n|move|p1b: Rotom|Helping Hand|p1a: Tyranitar\n|-singleturn|p1a: Tyranitar|Helping Hand|[of] p1b: Rotom\n|move|p2a: Garchomp|Rock Slide|p1a: Tyranitar|[spread] p1a,p1b\n|-supereffective|p1b: Rotom|1\n|-damage|p1a: Tyranitar|41/100\n|-damage|p1b: Rotom|33/100\n|move|p2b: Glimmora|Earth Power|p1a: Tyranitar\n|-supereffective|p1a: Tyranitar|1\n|-damage|p1a: Tyranitar|3/100\n|move|p1a: Tyranitar|Knock Off|p2a: Garchomp\n|-damage|p2a: Garchomp|0 fnt\n|-damage|p1a: Tyranitar|0 fnt|[from] ability: Rough Skin|[of] p2a: Garchomp\n|-enditem|p2a: Garchomp|Sitrus Berry|[from] move: Knock Off|[of] p1a: Tyranitar\n|faint|p2a: Garchomp\n|faint|p1a: Tyranitar\n|\n|-weather|Sandstorm|[upkeep]\n|-damage|p1b: Rotom|28/100|[from] Sandstorm\n|upkeep\n|\n|t:|1775940285\n|switch|p2a: Aerodactyl|Aerodactyl, L50, F|100/100\n|switch|p1a: Excadrill|Excadrill, L50, M|100/100\n|turn|5\n|\n|t:|1775940306\n|move|p2b: Glimmora|Spiky Shield|p2b: Glimmora\n|-singleturn|p2b: Glimmora|move: Protect\n|move|p1a: Excadrill|Earthquake|p2a: Aerodactyl|[spread] \n|-activate|p2b: Glimmora|move: Protect\n|-immune|p1b: Rotom|[from] ability: Levitate\n|-immune|p2a: Aerodactyl\n|move|p2a: Aerodactyl|Tailwind|p2a: Aerodactyl\n|-sidestart|p2: nusocs-m|move: Tailwind\n|move|p1b: Rotom|Thunderbolt|p2a: Aerodactyl\n|-supereffective|p2a: Aerodactyl|1\n|-damage|p2a: Aerodactyl|19/100\n|\n|-weather|Sandstorm|[upkeep]\n|-damage|p1b: Rotom|22/100|[from] Sandstorm\n|upkeep\n|turn|6\n|inactive|tyrantterror has 30 seconds left.\n|inactive|nusocs-m has 30 seconds left.\n|inactive|nusocs-m has 20 seconds left.\n|inactive|nusocs-m has 15 seconds left.\n|\n|t:|1775940346\n|move|p1b: Rotom|Helping Hand|p1a: Excadrill\n|-singleturn|p1a: Excadrill|Helping Hand|[of] p1b: Rotom\n|move|p2a: Aerodactyl|Rock Slide|p1b: Rotom|[spread] p1a,p1b\n|-resisted|p1a: Excadrill|2\n|-supereffective|p1b: Rotom|1\n|-damage|p1a: Excadrill|91/100\n|-damage|p1b: Rotom|0 fnt\n|faint|p1b: Rotom\n|move|p2b: Glimmora|Earth Power|p1a: Excadrill\n|-supereffective|p1a: Excadrill|1\n|-damage|p1a: Excadrill|5/100\n|move|p1a: Excadrill|Iron Head|p2b: Glimmora\n|-supereffective|p2b: Glimmora|1\n|-damage|p2b: Glimmora|0 fnt\n|faint|p2b: Glimmora\n|\n|-weather|none\n|upkeep\n|turn|7\n|c|\u2606tyrantterror|wp\n|c|\u2606nusocs-m|gg\n|\n|t:|1775940365\n|move|p1a: Excadrill|Protect|p1a: Excadrill\n|-singleturn|p1a: Excadrill|Protect\n|move|p2a: Aerodactyl|Dual Wingbeat|p1a: Excadrill\n|-activate|p1a: Excadrill|move: Protect\n|\n|upkeep\n|turn|8\n|\n|t:|1775940371\n|move|p1a: Excadrill|Protect||[still]\n|-fail|p1a: Excadrill\n|move|p2a: Aerodactyl|Dual Wingbeat|p1a: Excadrill\n|-resisted|p1a: Excadrill|1\n|-damage|p1a: Excadrill|0 fnt\n|faint|p1a: Excadrill\n|-hitcount|p1: Excadrill|1\n|\n|win|nusocs-m\n|raw|tyrantterror's rating: 1095 &rarr; <strong>1072</strong><br />(-23 for losing)\n|raw|nusocs-m's rating: 1120 &rarr; <strong>1143</strong><br />(+23 for winning)\n",
  "uploadtime": 1775940375,
  "views": 25,
  "formatid": "gen9championsvgc2026regma",
  "rating": 1072,
  "private": 0,
  "password": null
}