{
  "id": "gen9championsvgc2026regma-2581458445",
  "format": "[Gen 9 Champions] VGC 2026 Reg M-A",
  "players": [
    "kydr",
    "Braute"
  ],
  "log": "|j|\u2606kydr\n|j|\u2606Braute\n|t:|1776002399\n|gametype|doubles\n|player|p1|kydr|1|1089\n|player|p2|Braute|miku-fire|1167\n|gen|9\n|tier|[Gen 9 Champions] VGC 2026 Reg M-A\n|rated|\n|rule|Species Clause: Limit one of each Pok\u00e9mon\n|rule|Item Clause: Limit 1 of each item\n|clearpoke\n|poke|p1|Dragapult, L50, F|\n|poke|p1|Snorlax, L50, F|\n|poke|p1|Scizor, L50, F|\n|poke|p1|Charizard, L50, M|\n|poke|p1|Tsareena, L50, F|\n|poke|p1|Ditto, L50|\n|poke|p2|Beedrill, L50, M|\n|poke|p2|Incineroar, L50, F|\n|poke|p2|Talonflame, L50, M|\n|poke|p2|Kingambit, L50, F|\n|poke|p2|Tyranitar, L50, F|\n|poke|p2|Excadrill, L50, M|\n|teampreview|4\n|inactive|Battle timer is ON: inactive players will automatically lose when time's up. (requested by Braute)\n|inactive|Braute has 60 seconds left.\n|\n|t:|1776002436\n|teamsize|p1|4\n|teamsize|p2|4\n|start\n|switch|p1a: Dragapult|Dragapult, L50, F|100/100\n|switch|p1b: Snorlax|Snorlax, L50, F|100/100\n|switch|p2a: Tyranitar|Tyranitar, L50, F|100/100\n|switch|p2b: Excadrill|Excadrill, L50, M|100/100\n|-weather|Sandstorm|[from] ability: Sand Stream|[of] p2a: Tyranitar\n|turn|1\n|inactive|kydr has 30 seconds left.\n|inactive|kydr has 20 seconds left.\n|inactive|kydr has 15 seconds left.\n|inactive|kydr has 10 seconds left.\n|\n|t:|1776002483\n|move|p2b: Excadrill|Iron Head|p1a: Dragapult\n|-damage|p1a: Dragapult|44/100\n|move|p1a: Dragapult|Will-O-Wisp|p2b: Excadrill\n|-status|p2b: Excadrill|brn\n|move|p2a: Tyranitar|Low Kick|p1b: Snorlax\n|-supereffective|p1b: Snorlax|1\n|-damage|p1b: Snorlax|41/100\n|move|p1b: Snorlax|Stomping Tantrum|p2b: Excadrill\n|-supereffective|p2b: Excadrill|1\n|-damage|p2b: Excadrill|46/100 brn\n|\n|-weather|Sandstorm|[upkeep]\n|-damage|p1a: Dragapult|38/100|[from] Sandstorm\n|-damage|p1b: Snorlax|35/100|[from] Sandstorm\n|-heal|p1b: Snorlax|41/100|[from] item: Leftovers\n|-damage|p2b: Excadrill|40/100 brn|[from] brn\n|upkeep\n|turn|2\n|inactive|kydr has 30 seconds left.\n|\n|t:|1776002521\n|switch|p1a: Scizor|Scizor, L50, F|100/100\n|move|p2b: Excadrill|Iron Head|p1a: Scizor\n|-resisted|p1a: Scizor|1\n|-damage|p1a: Scizor|89/100\n|move|p2a: Tyranitar|Low Kick|p1b: Snorlax\n|-supereffective|p1b: Snorlax|1\n|-damage|p1b: Snorlax|0 fnt\n|faint|p1b: Snorlax\n|\n|-weather|Sandstorm|[upkeep]\n|-damage|p2b: Excadrill|35/100 brn|[from] brn\n|upkeep\n|\n|t:|1776002531\n|switch|p1b: Ditto|Ditto, L50|100/100\n|-transform|p1b: Ditto|p2a: Tyranitar|[from] ability: Imposter\n|turn|3\n|\n|t:|1776002547\n|switch|p2b: Incineroar|Incineroar, L50, F, shiny|100/100\n|-ability|p2b: Incineroar|Intimidate|boost\n|-unboost|p1a: Scizor|atk|1\n|-unboost|p1b: Ditto|atk|1\n|-enditem|p1a: Scizor|White Herb\n|-clearnegativeboost|p1a: Scizor|[silent]\n|detailschange|p2a: Tyranitar|Tyranitar-Mega, L50, F\n|-mega|p2a: Tyranitar|Tyranitar|Tyranitarite\n|move|p1b: Ditto|Protect|p1b: Ditto\n|-singleturn|p1b: Ditto|Protect\n|move|p1a: Scizor|Swords Dance|p1a: Scizor\n|-boost|p1a: Scizor|atk|2\n|move|p2a: Tyranitar|Low Kick|p1b: Ditto\n|-activate|p1b: Ditto|move: Protect\n|\n|-weather|Sandstorm|[upkeep]\n|-damage|p2b: Incineroar|94/100|[from] Sandstorm\n|upkeep\n|turn|4\n|\n|t:|1776002569\n|switch|p1b: Dragapult|Dragapult, L50, F|38/100\n|move|p2b: Incineroar|Fake Out|p1a: Scizor\n|-resisted|p1a: Scizor|1\n|-damage|p1a: Scizor|83/100\n|cant|p1a: Scizor|flinch\n|move|p2a: Tyranitar|Rock Slide|p1b: Dragapult|[spread] p1a,p1b\n|-damage|p1a: Scizor|42/100\n|-damage|p1b: Dragapult|0 fnt\n|faint|p1b: Dragapult\n|\n|-weather|Sandstorm|[upkeep]\n|-damage|p2b: Incineroar|88/100|[from] Sandstorm\n|upkeep\n|\n|t:|1776002581\n|switch|p1b: Ditto|Ditto, L50|100/100\n|-transform|p1b: Ditto|p2a: Tyranitar|[from] ability: Imposter\n|turn|5\n|\n|t:|1776002600\n|switch|p2b: Excadrill|Excadrill, L50, M|35/100 brn\n|move|p2a: Tyranitar|Protect|p2a: Tyranitar\n|-singleturn|p2a: Tyranitar|Protect\n|move|p1b: Ditto|Low Kick|p2a: Tyranitar\n|-activate|p2a: Tyranitar|move: Protect\n|move|p1a: Scizor|Close Combat|p2b: Excadrill\n|-supereffective|p2b: Excadrill|1\n|-damage|p2b: Excadrill|0 fnt\n|-unboost|p1a: Scizor|def|1\n|-unboost|p1a: Scizor|spd|1\n|faint|p2b: Excadrill\n|\n|-weather|none\n|upkeep\n|\n|t:|1776002612\n|switch|p2b: Incineroar|Incineroar, L50, F, shiny|88/100\n|-ability|p2b: Incineroar|Intimidate|boost\n|-unboost|p1a: Scizor|atk|1\n|-unboost|p1b: Ditto|atk|1\n|turn|6\n|\n|t:|1776002624\n|move|p2b: Incineroar|Fake Out|p1a: Scizor\n|-resisted|p1a: Scizor|1\n|-crit|p1a: Scizor\n|-damage|p1a: Scizor|27/100\n|move|p1b: Ditto|Low Kick|p2a: Tyranitar\n|-supereffective|p2a: Tyranitar|2\n|-damage|p2a: Tyranitar|14/100\n|cant|p1a: Scizor|flinch\n|move|p2a: Tyranitar|Low Kick|p1b: Ditto\n|-supereffective|p1b: Ditto|2\n|-damage|p1b: Ditto|0 fnt\n|faint|p1b: Ditto\n|\n|upkeep\n|turn|7\n|-message|kydr forfeited.\n|\n|win|Braute\n|raw|kydr's rating: 1089 &rarr; <strong>1071</strong><br />(-18 for losing)\n|raw|Braute's rating: 1167 &rarr; <strong>1186</strong><br />(+19 for winning)\n",
  "uploadtime": 1776002637,
  "views": 41,
  "formatid": "gen9championsvgc2026regma",
  "rating": 1071,
  "private": 0,
  "password": null
}