{
  "id": "gen9championsvgc2026regma-2581564990",
  "format": "[Gen 9 Champions] VGC 2026 Reg M-A",
  "players": [
    "Missing Love",
    "Jah_08"
  ],
  "log": "|j|\u2606Missing Love\n|j|\u2606Jah_08\n|t:|1776011378\n|gametype|doubles\n|player|p1|Missing Love|volo|1195\n|player|p2|Jah_08|2|1209\n|gen|9\n|tier|[Gen 9 Champions] VGC 2026 Reg M-A\n|rated|\n|rule|Species Clause: Limit one of each Pok\u00e9mon\n|rule|Item Clause: Limit 1 of each item\n|clearpoke\n|poke|p1|Floette-Eternal, L50, F|\n|poke|p1|Aerodactyl, L50, F|\n|poke|p1|Incineroar, L50, F|\n|poke|p1|Garchomp, L50, F|\n|poke|p1|Charizard, L50, F|\n|poke|p1|Venusaur, L50, F|\n|poke|p2|Basculegion, L50, M|\n|poke|p2|Zoroark-Hisui, L50, M|\n|poke|p2|Conkeldurr, L50, M|\n|poke|p2|Whimsicott, L50, F|\n|poke|p2|Chandelure, L50, F|\n|poke|p2|Vanilluxe, L50, M|\n|teampreview|4\nMissing Love has agreed to open team sheets.\n|inactive|Battle timer is ON: inactive players will automatically lose when time's up. (requested by Missing Love)\n|\n|t:|1776011414\n|teamsize|p1|4\n|teamsize|p2|4\n|start\n|switch|p1a: Incineroar|Incineroar, L50, F|100/100\n|switch|p1b: Aerodactyl|Aerodactyl, L50, F|100/100\n|switch|p2a: Vanilluxe|Vanilluxe, L50, M|100/100\n|switch|p2b: Basculegion|Basculegion, L50, M|100/100\n|-ability|p1b: Aerodactyl|Unnerve\n|-ability|p1a: Incineroar|Intimidate|boost\n|-unboost|p2a: Vanilluxe|atk|1\n|-unboost|p2b: Basculegion|atk|1\n|turn|1\n|inactive|Jah_08 has 30 seconds left.\n|\n|t:|1776011445\n|move|p1a: Incineroar|Fake Out|p2a: Vanilluxe\n|-immune|p2a: Vanilluxe\n|move|p2b: Basculegion|Wave Crash|p1a: Incineroar\n|-supereffective|p1a: Incineroar|1\n|-damage|p1a: Incineroar|5/100\n|-enditem|p1a: Incineroar|Sitrus Berry|[eat]\n|-heal|p1a: Incineroar|30/100|[from] item: Sitrus Berry\n|-damage|p2b: Basculegion|68/100|[from] Recoil\n|move|p1b: Aerodactyl|Tailwind|p1b: Aerodactyl\n|-sidestart|p1: Missing Love|move: Tailwind\n|move|p2a: Vanilluxe|Icy Wind|p1b: Aerodactyl|[spread] p1a,p1b\n|-resisted|p1a: Incineroar|1\n|-supereffective|p1b: Aerodactyl|1\n|-damage|p1a: Incineroar|24/100\n|-damage|p1b: Aerodactyl|66/100\n|-unboost|p1a: Incineroar|spe|1\n|-unboost|p1b: Aerodactyl|spe|1\n|\n|upkeep\n|turn|2\n|inactive|Jah_08 has 30 seconds left.\n|\n|t:|1776011471\n|move|p1b: Aerodactyl|Rock Slide|p2b: Basculegion|[spread] p2a,p2b\n|-damage|p2a: Vanilluxe|44/100\n|-damage|p2b: Basculegion|37/100\n|replace|p2a: Zoroark|Zoroark-Hisui, L50, M\n|-end|p2a: Zoroark|Illusion\n|cant|p2b: Basculegion|flinch\n|move|p2a: Zoroark|Sludge Bomb|p1a: Incineroar\n|-damage|p1a: Incineroar|0 fnt\n|faint|p1a: Incineroar\n|\n|upkeep\n|\n|t:|1776011490\n|switch|p1a: Garchomp|Garchomp, L50, F|100/100\n|turn|3\n|inactive|Jah_08 has 30 seconds left.\n|inactive|Jah_08 has 20 seconds left.\n|inactive|Jah_08 has 15 seconds left.\n|\n|t:|1776011532\n|switch|p2b: Vanilluxe|Vanilluxe, L50, M|100/100\n|-weather|Snowscape|[from] ability: Snow Warning|[of] p2b: Vanilluxe\n|move|p1a: Garchomp|Earthquake|p2a: Zoroark|[spread] p2a,p2b\n|-immune|p1b: Aerodactyl\n|-damage|p2a: Zoroark|0 fnt\n|-damage|p2b: Vanilluxe|70/100\n|faint|p2a: Zoroark\n|move|p1b: Aerodactyl|Dual Wingbeat|p2b: Vanilluxe\n|-damage|p2b: Vanilluxe|57/100\n|-damage|p2b: Vanilluxe|44/100\n|-hitcount|p2b: Vanilluxe|2\n|\n|-weather|Snowscape|[upkeep]\n|upkeep\n|\n|t:|1776011547\n|switch|p2a: Basculegion|Basculegion, L50, M|37/100\n|turn|4\n|\n|t:|1776011571\n|move|p2b: Vanilluxe|Protect|p2b: Vanilluxe\n|-singleturn|p2b: Vanilluxe|Protect\n|move|p1a: Garchomp|Earthquake|p2a: Basculegion|[spread] p2a\n|-activate|p2b: Vanilluxe|move: Protect\n|-immune|p1b: Aerodactyl\n|-damage|p2a: Basculegion|0 fnt\n|faint|p2a: Basculegion\n|move|p1b: Aerodactyl|Rock Slide|p2b: Vanilluxe\n|-activate|p2b: Vanilluxe|move: Protect\n|\n|-weather|Snowscape|[upkeep]\n|-sideend|p1: Missing Love|move: Tailwind\n|upkeep\n|\n|t:|1776011584\n|switch|p2a: Chandelure|Chandelure, L50, F|100/100\n|turn|5\n|\n|t:|1776011596\n|detailschange|p2a: Chandelure|Chandelure-Mega, L50, F\n|-mega|p2a: Chandelure|Chandelure|Chandelurite\n|move|p1b: Aerodactyl|Protect|p1b: Aerodactyl\n|-singleturn|p1b: Aerodactyl|Protect\n|move|p1a: Garchomp|Earthquake|p2a: Chandelure|[spread] p2a,p2b\n|-activate|p1b: Aerodactyl|move: Protect\n|-supereffective|p2a: Chandelure|1\n|-damage|p2a: Chandelure|4/100\n|-damage|p2b: Vanilluxe|18/100\n|move|p2a: Chandelure|Shadow Ball|p1a: Garchomp\n|-damage|p1a: Garchomp|45/100\n|move|p2b: Vanilluxe|Blizzard|p1b: Aerodactyl|[spread] p1a\n|-activate|p1b: Aerodactyl|move: Protect\n|-supereffective|p1a: Garchomp|2\n|-damage|p1a: Garchomp|0 fnt\n|faint|p1a: Garchomp\n|\n|-weather|Snowscape|[upkeep]\n|upkeep\n|\n|t:|1776011610\n|switch|p1a: Floette|Floette-Eternal, L50, F|100/100\n|turn|6\n|\n|t:|1776011620\n|detailschange|p1a: Floette|Floette-Mega, L50, F\n|-mega|p1a: Floette|Floette|Floettite\n|-ability|p1a: Floette|Fairy Aura\n|move|p2a: Chandelure|Overheat|p1a: Floette\n|-damage|p1a: Floette|38/100\n|-unboost|p2a: Chandelure|spa|2\n|move|p1a: Floette|Dazzling Gleam|p2b: Vanilluxe|[spread] p2a,p2b\n|-resisted|p2a: Chandelure|1\n|-damage|p2a: Chandelure|0 fnt\n|-damage|p2b: Vanilluxe|0 fnt\n|faint|p2a: Chandelure\n|faint|p2b: Vanilluxe\n|\n|win|Missing Love\n|raw|Missing Love's rating: 1195 &rarr; <strong>1221</strong><br />(+26 for winning)\n|raw|Jah_08's rating: 1209 &rarr; <strong>1183</strong><br />(-26 for losing)\n|l|\u2606Missing Love\n|player|p1|\n",
  "uploadtime": 1776011639,
  "views": 13,
  "formatid": "gen9championsvgc2026regma",
  "rating": 1183,
  "private": 0,
  "password": null
}