{
  "id": "gen9championsvgc2026regma-2588436530",
  "format": "[Gen 9 Champions] VGC 2026 Reg M-A",
  "players": [
    "BossgodoraII",
    "SilverVT"
  ],
  "log": "|j|\u2606BossgodoraII\n|j|\u2606SilverVT\n|t:|1776633396\n|gametype|doubles\n|player|p1|BossgodoraII|gentleman-gen4|1523\n|player|p2|SilverVT|silver|1612\n|gen|9\n|tier|[Gen 9 Champions] VGC 2026 Reg M-A\n|rated|\n|rule|Species Clause: Limit one of each Pok\u00e9mon\n|rule|Item Clause: Limit 1 of each item\n|clearpoke\n|poke|p1|Delphox, L50, F|\n|poke|p1|Floette-Eternal, L50, F|\n|poke|p1|Sneasler, L50, F|\n|poke|p1|Aerodactyl, L50, F|\n|poke|p1|Garchomp, L50, M|\n|poke|p1|Kingambit, L50, M|\n|poke|p2|Whimsicott, L50, F|\n|poke|p2|Gardevoir, L50, F|\n|poke|p2|Garchomp, L50, F|\n|poke|p2|Incineroar, L50, M|\n|poke|p2|Sneasler, L50, F|\n|poke|p2|Farigiraf, L50, M|\n|teampreview|4\n|inactive|Battle timer is ON: inactive players will automatically lose when time's up. (requested by SilverVT)\nBossgodoraII rejected open team sheets.\n|inactive|BossgodoraII has 60 seconds left.\n|inactive|SilverVT has 60 seconds left.\n|inactive|SilverVT has 30 seconds left.\n|\n|t:|1776633459\n|teamsize|p1|4\n|teamsize|p2|4\n|start\n|switch|p1a: Aerodactyl|Aerodactyl, L50, F|100/100\n|switch|p1b: Sneasler|Sneasler, L50, F|100/100\n|switch|p2a: Farigiraf|Farigiraf, L50, M|100/100\n|switch|p2b: Garchomp|Garchomp, L50, F|100/100\n|-ability|p1a: Aerodactyl|Unnerve\n|turn|1\n|j| stinkyton\n|\n|t:|1776633474\n|move|p1a: Aerodactyl|Rock Slide|p2a: Farigiraf|[spread] p2b\n|-miss|p1a: Aerodactyl|p2a: Farigiraf\n|-resisted|p2b: Garchomp|1\n|-damage|p2b: Garchomp|87/100\n|move|p1b: Sneasler|Close Combat|p2b: Garchomp\n|-damage|p2b: Garchomp|17/100\n|-unboost|p1b: Sneasler|def|1\n|-unboost|p1b: Sneasler|spd|1\n|-damage|p1b: Sneasler|89/100|[from] ability: Rough Skin|[of] p2b: Garchomp\n|-enditem|p1b: Sneasler|White Herb\n|-clearnegativeboost|p1b: Sneasler|[silent]\n|move|p2b: Garchomp|Stomping Tantrum|p1b: Sneasler\n|-supereffective|p1b: Sneasler|1\n|-damage|p1b: Sneasler|0 fnt\n|faint|p1b: Sneasler\n|move|p2a: Farigiraf|Trick Room|p2a: Farigiraf\n|-fieldstart|move: Trick Room|[of] p2a: Farigiraf\n|\n|upkeep\n|\n|t:|1776633485\n|switch|p1b: Garchomp|Garchomp, L50, M|100/100\n|turn|2\n|\n|t:|1776633495\n|move|p2a: Farigiraf|Hyper Voice|p1a: Aerodactyl|[spread] p1a,p1b\n|-resisted|p1a: Aerodactyl|1\n|-damage|p1a: Aerodactyl|83/100\n|-damage|p1b: Garchomp|73/100\n|move|p2b: Garchomp|Dragon Claw|p1b: Garchomp\n|-supereffective|p1b: Garchomp|1\n|-damage|p1b: Garchomp|0 fnt\n|-damage|p2b: Garchomp|4/100|[from] ability: Rough Skin|[of] p1b: Garchomp\n|faint|p1b: Garchomp\n|move|p1a: Aerodactyl|Rock Slide|p2b: Garchomp|[spread] p2a,p2b\n|-resisted|p2b: Garchomp|1\n|-damage|p2a: Farigiraf|79/100\n|-damage|p2b: Garchomp|0 fnt\n|faint|p2b: Garchomp\n|\n|upkeep\n|\n|t:|1776633511\n|switch|p1b: Delphox|Delphox, L50, F|100/100\n|switch|p2b: Incineroar|Incineroar, L50, M|100/100\n|-ability|p2b: Incineroar|Intimidate|boost\n|-unboost|p1a: Aerodactyl|atk|1\n|-unboost|p1b: Delphox|atk|1\n|turn|3\n|\n|t:|1776633522\n|move|p1b: Delphox|Protect|p1b: Delphox\n|-singleturn|p1b: Delphox|Protect\n|move|p1a: Aerodactyl|Protect|p1a: Aerodactyl\n|-singleturn|p1a: Aerodactyl|Protect\n|move|p2a: Farigiraf|Hyper Voice|p1b: Delphox|[spread] \n|-activate|p1a: Aerodactyl|move: Protect\n|-activate|p1b: Delphox|move: Protect\n|move|p2b: Incineroar|Throat Chop|p1b: Delphox\n|-activate|p1b: Delphox|move: Protect\n|\n|upkeep\n|turn|4\n|j| Xheadhonchkrow\n|\n|t:|1776633531\n|detailschange|p1b: Delphox|Delphox-Mega, L50, F\n|-mega|p1b: Delphox|Delphox|Delphoxite\n|move|p2a: Farigiraf|Hyper Voice|p1a: Aerodactyl|[spread] p1a,p1b\n|-resisted|p1a: Aerodactyl|1\n|-damage|p1a: Aerodactyl|66/100\n|-damage|p1b: Delphox|76/100\n|move|p2b: Incineroar|Throat Chop|p1b: Delphox\n|-supereffective|p1b: Delphox|1\n|-damage|p1b: Delphox|0 fnt\n|faint|p1b: Delphox\n|move|p1a: Aerodactyl|Rock Slide|p2a: Farigiraf|[spread] p2a\n|-miss|p1a: Aerodactyl|p2b: Incineroar\n|-damage|p2a: Farigiraf|63/100\n|\n|upkeep\n|turn|5\n|-message|BossgodoraII forfeited.\n|\n|win|SilverVT\n|raw|BossgodoraII's rating: 1523 &rarr; <strong>1508</strong><br />(-15 for losing)\n|raw|SilverVT's rating: 1612 &rarr; <strong>1627</strong><br />(+15 for winning)\n",
  "uploadtime": 1776633538,
  "views": 29,
  "formatid": "gen9championsvgc2026regma",
  "rating": 1508,
  "private": 0,
  "password": null
}