{
  "id": "gen9championsvgc2026regma-2588956865",
  "format": "[Gen 9 Champions] VGC 2026 Reg M-A",
  "players": [
    "filomito",
    "yuriimon"
  ],
  "log": "|j|\u2606filomito\n|j|\u2606yuriimon\n|t:|1776689357\n|gametype|doubles\n|player|p1|filomito|flint|1353\n|player|p2|yuriimon|waitress-gen4|1294\n|gen|9\n|tier|[Gen 9 Champions] VGC 2026 Reg M-A\n|rated|\n|rule|Species Clause: Limit one of each Pok\u00e9mon\n|rule|Item Clause: Limit 1 of each item\n|clearpoke\n|poke|p1|Archaludon, L50, M|\n|poke|p1|Basculegion, L50, M|\n|poke|p1|Sinistcha, L50|\n|poke|p1|Incineroar, L50, F|\n|poke|p1|Drampa, L50, F|\n|poke|p1|Oranguru, L50, F|\n|poke|p2|Glimmora, L50, F|\n|poke|p2|Archaludon, L50, F|\n|poke|p2|Politoed, L50, M|\n|poke|p2|Chesnaught, L50, F|\n|poke|p2|Incineroar, L50, M|\n|poke|p2|Garchomp, L50, F|\n|teampreview|4\n|inactive|Battle timer is ON: inactive players will automatically lose when time's up. (requested by yuriimon)\n|inactive|filomito has 60 seconds left.\n|inactive|yuriimon has 60 seconds left.\n|\n|t:|1776689402\n|teamsize|p1|4\n|teamsize|p2|4\n|start\n|switch|p1a: Basculegion|Basculegion, L50, M|100/100\n|switch|p1b: Oranguru|Oranguru, L50, F|100/100\n|switch|p2a: Chesnaught|Chesnaught, L50, F|100/100\n|switch|p2b: Garchomp|Garchomp, L50, F|100/100\n|turn|1\n|inactive|filomito has 30 seconds left.\n|\n|t:|1776689434\n|detailschange|p2a: Chesnaught|Chesnaught-Mega, L50, F\n|-mega|p2a: Chesnaught|Chesnaught|Chesnaughtite\n|move|p2b: Garchomp|Rock Slide|p1a: Basculegion|[spread] p1a,p1b\n|-damage|p1a: Basculegion|72/100\n|-damage|p1b: Oranguru|81/100\n|move|p1a: Basculegion|Scale Shot|p2b: Garchomp\n|-supereffective|p2b: Garchomp|1\n|-damage|p2b: Garchomp|83/100\n|-supereffective|p2b: Garchomp|1\n|-damage|p2b: Garchomp|68/100\n|-supereffective|p2b: Garchomp|1\n|-damage|p2b: Garchomp|51/100\n|-supereffective|p2b: Garchomp|1\n|-damage|p2b: Garchomp|35/100\n|-hitcount|p2b: Garchomp|4\n|-unboost|p1a: Basculegion|def|1\n|-boost|p1a: Basculegion|spe|1\n|move|p2a: Chesnaught|Iron Defense|p2a: Chesnaught\n|-boost|p2a: Chesnaught|def|2\n|move|p1b: Oranguru|Trick Room|p1b: Oranguru\n|-fieldstart|move: Trick Room|[of] p1b: Oranguru\n|\n|upkeep\n|turn|2\n|inactive|filomito has 30 seconds left.\n|inactive|yuriimon has 30 seconds left.\n|inactive|filomito has 20 seconds left.\n|inactive|yuriimon has 20 seconds left.\n|inactive|filomito has 15 seconds left.\n|inactive|yuriimon has 15 seconds left.\n|inactive|filomito has 10 seconds left.\n|\n|t:|1776689480\n|switch|p2b: Incineroar|Incineroar, L50, M|100/100\n|-ability|p2b: Incineroar|Intimidate|boost\n|-unboost|p1a: Basculegion|atk|1\n|-fail|p1b: Oranguru|unboost|Attack|[from] ability: Inner Focus|[of] p1b: Oranguru\n|switch|p1a: Incineroar|Incineroar, L50, F|100/100\n|-ability|p1a: Incineroar|Intimidate|boost\n|-unboost|p2a: Chesnaught|atk|1\n|-unboost|p2b: Incineroar|atk|1\n|move|p2a: Chesnaught|Body Press|p1b: Oranguru\n|-damage|p1b: Oranguru|0 fnt\n|faint|p1b: Oranguru\n|\n|upkeep\n|\n|t:|1776689495\n|switch|p1b: Drampa|Drampa, L50, F|100/100\n|-ability|p1b: Drampa|Cloud Nine\n|turn|3\n|\n|t:|1776689518\n|detailschange|p1b: Drampa|Drampa-Mega, L50, F\n|-mega|p1b: Drampa|Drampa|Drampanite\n|move|p1b: Drampa|Protect|p1b: Drampa\n|-singleturn|p1b: Drampa|Protect\n|move|p2a: Chesnaught|Spiky Shield|p2a: Chesnaught\n|-singleturn|p2a: Chesnaught|move: Protect\n|move|p1a: Incineroar|Protect|p1a: Incineroar\n|-singleturn|p1a: Incineroar|Protect\n|move|p2b: Incineroar|Parting Shot|p1b: Drampa\n|-activate|p1b: Drampa|move: Protect\n|\n|upkeep\n|turn|4\n|\n|t:|1776689539\n|move|p1b: Drampa|Draco Meteor|p2a: Chesnaught\n|-damage|p2a: Chesnaught|27/100\n|-unboost|p1b: Drampa|spa|2\n|move|p2a: Chesnaught|Body Press|p1b: Drampa\n|-supereffective|p1b: Drampa|1\n|-damage|p1b: Drampa|0 fnt\n|faint|p1b: Drampa\n|move|p2b: Incineroar|Parting Shot|p1a: Incineroar\n|-unboost|p1a: Incineroar|atk|1\n|-unboost|p1a: Incineroar|spa|1\n|\n|t:|1776689551\n|switch|p2b: Garchomp|Garchomp, L50, F|35/100|[from] Parting Shot\n|move|p1a: Incineroar|Parting Shot|p2b: Garchomp\n|-unboost|p2b: Garchomp|atk|1\n|-unboost|p2b: Garchomp|spa|1\n|\n|t:|1776689557\n|switch|p1a: Basculegion|Basculegion, L50, M|72/100|[from] Parting Shot\n|\n|upkeep\n|\n|t:|1776689562\n|switch|p1b: Incineroar|Incineroar, L50, F|100/100\n|-ability|p1b: Incineroar|Intimidate|boost\n|-unboost|p2a: Chesnaught|atk|1\n|-unboost|p2b: Garchomp|atk|1\n|turn|5\n|\n|t:|1776689578\n|switch|p2b: Incineroar|Incineroar, L50, M|100/100\n|-ability|p2b: Incineroar|Intimidate|boost\n|-unboost|p1a: Basculegion|atk|1\n|-unboost|p1b: Incineroar|atk|1\n|move|p2a: Chesnaught|Spiky Shield|p2a: Chesnaught\n|-singleturn|p2a: Chesnaught|move: Protect\n|move|p1b: Incineroar|Flare Blitz|p2a: Chesnaught\n|-activate|p2a: Chesnaught|move: Protect\n|-damage|p1b: Incineroar|88/100|[from] Spiky Shield|[of] p2a: Chesnaught\n|move|p1a: Basculegion|Last Respects|p2b: Incineroar\n|-resisted|p2b: Incineroar|1\n|-damage|p2b: Incineroar|75/100\n|\n|-fieldend|move: Trick Room\n|upkeep\n|turn|6\n|\n|t:|1776689602\n|move|p1a: Basculegion|Last Respects|p2a: Chesnaught\n|-damage|p2a: Chesnaught|10/100\n|move|p1b: Incineroar|Flare Blitz|p2a: Chesnaught\n|-supereffective|p2a: Chesnaught|1\n|-damage|p2a: Chesnaught|0 fnt\n|faint|p2a: Chesnaught\n|-damage|p1b: Incineroar|86/100|[from] Recoil\n|move|p2b: Incineroar|Darkest Lariat|p1a: Basculegion\n|-supereffective|p1a: Basculegion|1\n|-damage|p1a: Basculegion|0 fnt\n|faint|p1a: Basculegion\n|\n|upkeep\n|\n|t:|1776689608\n|switch|p2a: Garchomp|Garchomp, L50, F|35/100\n|turn|7\n|-message|filomito forfeited.\n|\n|win|yuriimon\n|raw|filomito's rating: 1353 &rarr; <strong>1330</strong><br />(-23 for losing)\n|raw|yuriimon's rating: 1294 &rarr; <strong>1323</strong><br />(+29 for winning)\n|l|\u2606filomito\n|player|p1|\n",
  "uploadtime": 1776689619,
  "views": 3,
  "formatid": "gen9championsvgc2026regma",
  "rating": 1323,
  "private": 0,
  "password": null
}