{
  "id": "gen9championsvgc2026regma-2589482510",
  "format": "[Gen 9 Champions] VGC 2026 Reg M-A",
  "players": [
    "regitron 21",
    "bakekp"
  ],
  "log": "|j|\u2606regitron 21\n|j|\u2606bakekp\n|t:|1776726971\n|gametype|doubles\n|player|p1|regitron 21|n|1180\n|player|p2|bakekp|jogger|1233\n|gen|9\n|tier|[Gen 9 Champions] VGC 2026 Reg M-A\n|rated|\n|rule|Species Clause: Limit one of each Pok\u00e9mon\n|rule|Item Clause: Limit 1 of each item\n|clearpoke\n|poke|p1|Aegislash, L50, M|\n|poke|p1|Froslass, L50, F|\n|poke|p1|Incineroar, L50, F|\n|poke|p1|Sneasler, L50, F|\n|poke|p1|Rotom-Wash, L50|\n|poke|p1|Volcarona, L50, M|\n|poke|p2|Feraligatr, L50, M|\n|poke|p2|Talonflame, L50, F|\n|poke|p2|Sinistcha, L50|\n|poke|p2|Sneasler, L50, F|\n|poke|p2|Floette-Eternal, L50, F|\n|poke|p2|Kingambit, L50, F|\n|teampreview|4\n|c|\u2606regitron 21|hey good luck bud\n|c|\u2606regitron 21|cool team\nregitron 21 has agreed to open team sheets.\n|c|\u2606bakekp|gl!\n|\n|t:|1776727011\n|teamsize|p1|4\n|teamsize|p2|4\n|start\n|switch|p1a: Sneasler|Sneasler, L50, F|100/100\n|switch|p1b: Rotom|Rotom-Wash, L50|100/100\n|switch|p2a: Kingambit|Kingambit, L50, F|100/100\n|switch|p2b: Sneasler|Sneasler, L50, F|100/100\n|turn|1\n|\n|t:|1776727043\n|move|p2a: Kingambit|Protect|p2a: Kingambit\n|-singleturn|p2a: Kingambit|Protect\n|move|p1b: Rotom|Will-O-Wisp|p2b: Sneasler\n|-status|p2b: Sneasler|brn\n|move|p2b: Sneasler|Coaching|p2a: Kingambit\n|-boost|p2a: Kingambit|atk|1\n|-boost|p2a: Kingambit|def|1\n|move|p1a: Sneasler|Close Combat|p2a: Kingambit\n|-activate|p2a: Kingambit|move: Protect\n|\n|-damage|p2b: Sneasler|95/100 brn|[from] brn\n|upkeep\n|turn|2\n|\n|t:|1776727057\n|move|p1b: Rotom|Will-O-Wisp|p2a: Kingambit\n|-status|p2a: Kingambit|brn\n|-enditem|p2a: Kingambit|Lum Berry|[eat]\n|-curestatus|p2a: Kingambit|brn|[msg]\n|move|p2b: Sneasler|Dire Claw|p1b: Rotom\n|-damage|p1b: Rotom|70/100\n|move|p1a: Sneasler|Close Combat|p2a: Kingambit\n|-supereffective|p2a: Kingambit|2\n|-damage|p2a: Kingambit|0 fnt\n|-unboost|p1a: Sneasler|def|1\n|-unboost|p1a: Sneasler|spd|1\n|faint|p2a: Kingambit\n|-enditem|p1a: Sneasler|White Herb\n|-clearnegativeboost|p1a: Sneasler|[silent]\n|\n|-damage|p2b: Sneasler|89/100 brn|[from] brn\n|upkeep\n|\n|t:|1776727069\n|switch|p2a: Feraligatr|Feraligatr, L50, M|100/100\n|turn|3\n|\n|t:|1776727080\n|detailschange|p2a: Feraligatr|Feraligatr-Mega, L50, M\n|-mega|p2a: Feraligatr|Feraligatr|Feraligite\n|move|p1a: Sneasler|Dire Claw|p2a: Feraligatr\n|-damage|p2a: Feraligatr|67/100\n|move|p1b: Rotom|Will-O-Wisp|p2a: Feraligatr|[miss]\n|-miss|p1b: Rotom|p2a: Feraligatr\n|move|p2b: Sneasler|Coaching|p2a: Feraligatr\n|-boost|p2a: Feraligatr|atk|1\n|-boost|p2a: Feraligatr|def|1\n|move|p2a: Feraligatr|Liquidation|p1a: Sneasler\n|-damage|p1a: Sneasler|0 fnt\n|faint|p1a: Sneasler\n|\n|-damage|p2b: Sneasler|83/100 brn|[from] brn\n|upkeep\n|\n|t:|1776727093\n|switch|p1a: Froslass|Froslass, L50, F|100/100\n|turn|4\n|\n|t:|1776727121\n|switch|p1b: Aegislash|Aegislash, L50, M|100/100\n|detailschange|p1a: Froslass|Froslass-Mega, L50, F\n|-mega|p1a: Froslass|Froslass|Froslassite\n|-weather|Snowscape|[from] ability: Snow Warning|[of] p1a: Froslass\n|move|p1a: Froslass|Aurora Veil|p1a: Froslass\n|-sidestart|p1: regitron 21|move: Aurora Veil\n|move|p2b: Sneasler|Dire Claw|p1b: Aegislash\n|-immune|p1b: Aegislash\n|move|p2a: Feraligatr|Double-Edge|p1a: Froslass\n|-damage|p1a: Froslass|5/100\n|-damage|p2a: Feraligatr|43/100|[from] Recoil\n|\n|-weather|Snowscape|[upkeep]\n|-damage|p2b: Sneasler|78/100 brn|[from] brn\n|upkeep\n|turn|5\n|\n|t:|1776727140\n|switch|p2b: Sinistcha|Sinistcha, L50|100/100\n|-heal|p2a: Feraligatr|68/100|[from] ability: Hospitality|[of] p2b: Sinistcha\n|move|p2a: Feraligatr|Aqua Jet|p1a: Froslass\n|-damage|p1a: Froslass|0 fnt\n|faint|p1a: Froslass\n|-formechange|p1b: Aegislash|Aegislash-Blade|\n|move|p1b: Aegislash|Poltergeist|p2b: Sinistcha\n|-activate|p2b: Sinistcha|move: Poltergeist|Miracle Seed\n|-supereffective|p2b: Sinistcha|1\n|-damage|p2b: Sinistcha|0 fnt\n|faint|p2b: Sinistcha\n|\n|-weather|Snowscape|[upkeep]\n|upkeep\n|\n|t:|1776727153\n|switch|p1a: Rotom|Rotom-Wash, L50|70/100\n|switch|p2b: Sneasler|Sneasler, L50, F|78/100 brn\n|turn|6\n|\n|t:|1776727167\n|-formechange|p1b: Aegislash|Aegislash|\n|move|p1b: Aegislash|King's Shield|p1b: Aegislash\n|-singleturn|p1b: Aegislash|Protect\n|move|p2b: Sneasler|Fake Out|p1a: Rotom\n|-damage|p1a: Rotom|63/100\n|cant|p1a: Rotom|flinch\n|move|p2a: Feraligatr|Liquidation|p1b: Aegislash\n|-activate|p1b: Aegislash|move: Protect\n|-unboost|p2a: Feraligatr|atk|1\n|\n|-weather|Snowscape|[upkeep]\n|-damage|p2b: Sneasler|72/100 brn|[from] brn\n|upkeep\n|turn|7\n|\n|t:|1776727183\n|move|p1a: Rotom|Thunderbolt|p2a: Feraligatr\n|-damage|p2a: Feraligatr|30/100\n|move|p2b: Sneasler|Coaching|p2a: Feraligatr\n|-boost|p2a: Feraligatr|atk|1\n|-boost|p2a: Feraligatr|def|1\n|move|p2a: Feraligatr|Double-Edge|p1a: Rotom\n|-damage|p1a: Rotom|0 fnt\n|faint|p1a: Rotom\n|-damage|p2a: Feraligatr|17/100|[from] Recoil\n|-formechange|p1b: Aegislash|Aegislash-Blade|\n|move|p1b: Aegislash|Poltergeist|p2a: Feraligatr\n|-activate|p2a: Feraligatr|move: Poltergeist|Feraligite\n|-damage|p2a: Feraligatr|0 fnt\n|faint|p2a: Feraligatr\n|\n|-weather|Snowscape|[upkeep]\n|-damage|p2b: Sneasler|66/100 brn|[from] brn\n|upkeep\n|turn|8\n|-message|bakekp forfeited.\n|\n|win|regitron 21\n|raw|regitron 21's rating: 1180 &rarr; <strong>1209</strong><br />(+29 for winning)\n|raw|bakekp's rating: 1233 &rarr; <strong>1204</strong><br />(-29 for losing)\n|l|\u2606bakekp\n|player|p2|\n|c|\u2606regitron 21|gg\n|c|\u2606regitron 21|nice team bud\n",
  "uploadtime": 1776727201,
  "views": 6,
  "formatid": "gen9championsvgc2026regma",
  "rating": 1204,
  "private": 0,
  "password": null
}