{
  "id": "gen9championsvgc2026regma-2583241388",
  "format": "[Gen 9 Champions] VGC 2026 Reg M-A",
  "players": [
    "wzzlr",
    "kalise26"
  ],
  "log": "|j|\u2606wzzlr\n|j|\u2606kalise26\n|t:|1776158548\n|gametype|doubles\n|player|p1|wzzlr|rancher|1166\n|player|p2|kalise26|iris-gen5bw2|1267\n|gen|9\n|tier|[Gen 9 Champions] VGC 2026 Reg M-A\n|rated|\n|rule|Species Clause: Limit one of each Pok\u00e9mon\n|rule|Item Clause: Limit 1 of each item\n|clearpoke\n|poke|p1|Pelipper, L50, F|\n|poke|p1|Basculegion, L50, M|\n|poke|p1|Sneasler, L50, M|\n|poke|p1|Meganium, L50, F|\n|poke|p1|Farigiraf, L50, F|\n|poke|p1|Archaludon, L50, M|\n|poke|p2|Tyranitar, L50, F|\n|poke|p2|Corviknight, L50, M|\n|poke|p2|Milotic, L50, F|\n|poke|p2|Dragonite, L50, M|\n|poke|p2|Glimmora, L50, F|\n|poke|p2|Meowscarada, L50, M|\n|teampreview|4\n|inactive|Battle timer is ON: inactive players will automatically lose when time's up. (requested by wzzlr)\n|\n|t:|1776158576\n|teamsize|p1|4\n|teamsize|p2|4\n|start\n|switch|p1a: Farigiraf|Farigiraf, L50, F, shiny|100/100\n|switch|p1b: Meganium|Meganium, L50, F, shiny|100/100\n|switch|p2a: WaloWalo|Dragonite, L50, M|100/100\n|switch|p2b: Curry|Meowscarada, L50, M, shiny|100/100\n|turn|1\n|\n|t:|1776158596\n|move|p2a: WaloWalo|Protect|p2a: WaloWalo\n|-singleturn|p2a: WaloWalo|Protect\n|move|p1b: Meganium|Protect|p1b: Meganium\n|-singleturn|p1b: Meganium|Protect\n|move|p2b: Curry|U-turn|p1a: Farigiraf\n|-start|p2b: Curry|typechange|Bug|[from] ability: Protean\n|-supereffective|p1a: Farigiraf|1\n|-damage|p1a: Farigiraf|46/100\n|-enditem|p1a: Farigiraf|Sitrus Berry|[eat]\n|-heal|p1a: Farigiraf|70/100|[from] item: Sitrus Berry\n|\n|t:|1776158604\n|switch|p2b: Sandra|Tyranitar, L50, F|100/100|[from] U-turn\n|-weather|Sandstorm|[from] ability: Sand Stream|[of] p2b: Sandra\n|move|p1a: Farigiraf|Trick Room|p1a: Farigiraf\n|-fieldstart|move: Trick Room|[of] p1a: Farigiraf\n|\n|-weather|Sandstorm|[upkeep]\n|-damage|p1a: Farigiraf|65/100|[from] Sandstorm\n|-damage|p1b: Meganium|94/100|[from] Sandstorm\n|-damage|p2a: WaloWalo|95/100|[from] Sandstorm\n|upkeep\n|turn|2\n|\n|t:|1776158624\n|switch|p2a: Toph|Glimmora, L50, F, shiny|100/100\n|detailschange|p1b: Meganium|Meganium-Mega, L50, F, shiny\n|-mega|p1b: Meganium|Meganium|Meganiumite\n|move|p1a: Farigiraf|Helping Hand|p1b: Meganium\n|-singleturn|p1b: Meganium|Helping Hand|[of] p1a: Farigiraf\n|move|p2b: Sandra|Knock Off|p1a: Farigiraf\n|-supereffective|p1a: Farigiraf|1\n|-damage|p1a: Farigiraf|8/100\n|move|p1b: Meganium|Dazzling Gleam|p2a: Toph|[spread] p2a,p2b\n|-resisted|p2a: Toph|1\n|-supereffective|p2b: Sandra|1\n|-damage|p2a: Toph|64/100\n|-damage|p2b: Sandra|4/100\n|\n|-weather|Sandstorm|[upkeep]\n|-damage|p1a: Farigiraf|2/100|[from] Sandstorm\n|-damage|p1b: Meganium|88/100|[from] Sandstorm\n|upkeep\n|turn|3\n|\n|t:|1776158639\n|detailschange|p2a: Toph|Glimmora-Mega, L50, F, shiny\n|-mega|p2a: Toph|Glimmora|Glimmoranite\n|move|p2a: Toph|Spiky Shield|p2a: Toph\n|-singleturn|p2a: Toph|move: Protect\n|move|p1a: Farigiraf|Twin Beam|p2a: Toph\n|-activate|p2a: Toph|move: Protect\n|move|p2b: Sandra|Rock Slide|p1a: Farigiraf|[spread] p1a,p1b\n|-damage|p1a: Farigiraf|0 fnt\n|-damage|p1b: Meganium|65/100\n|faint|p1a: Farigiraf\n|move|p1b: Meganium|Dazzling Gleam|p2a: Toph|[spread] p2b\n|-activate|p2a: Toph|move: Protect\n|-supereffective|p2b: Sandra|1\n|-damage|p2b: Sandra|0 fnt\n|faint|p2b: Sandra\n|\n|-weather|Sandstorm|[upkeep]\n|-damage|p1b: Meganium|59/100|[from] Sandstorm\n|upkeep\n|\n|t:|1776158653\n|switch|p1a: Pelipper|Pelipper, L50, F, shiny|100/100\n|switch|p2b: WaloWalo|Dragonite, L50, M|95/100\n|-weather|RainDance|[from] ability: Drizzle|[of] p1a: Pelipper\n|turn|4\n|\n|t:|1776158663\n|switch|p2a: Curry|Meowscarada, L50, M, shiny|100/100\n|move|p2b: WaloWalo|Protect|p2b: WaloWalo\n|-singleturn|p2b: WaloWalo|Protect\n|move|p1b: Meganium|Dazzling Gleam|p2a: Curry|[spread] p2a\n|-activate|p2b: WaloWalo|move: Protect\n|-supereffective|p2a: Curry|1\n|-damage|p2a: Curry|0 fnt\n|faint|p2a: Curry\n|move|p1a: Pelipper|Weather Ball|p2b: WaloWalo\n|-activate|p2b: WaloWalo|move: Protect\n|\n|-weather|RainDance|[upkeep]\n|upkeep\n|\n|t:|1776158668\n|switch|p2a: Toph|Glimmora-Mega, L50, F, shiny|64/100\n|turn|5\n|\n|t:|1776158676\n|move|p2a: Toph|Spiky Shield|p2a: Toph\n|-singleturn|p2a: Toph|move: Protect\n|move|p2b: WaloWalo|Extreme Speed|p1b: Meganium\n|-damage|p1b: Meganium|29/100\n|move|p1b: Meganium|Solar Beam||[still]\n|-prepare|p1b: Meganium|Solar Beam\n|-activate|p1b: Meganium|ability: Mega Sol\n|-anim|p1b: Meganium|Solar Beam|p2a: Toph\n|-activate|p2a: Toph|move: Protect\n|move|p1a: Pelipper|Tailwind|p1a: Pelipper\n|-sidestart|p1: wzzlr|move: Tailwind\n|\n|-weather|RainDance|[upkeep]\n|-fieldend|move: Trick Room\n|upkeep\n|turn|6\n|\n|t:|1776158684\n|move|p2b: WaloWalo|Extreme Speed|p1b: Meganium\n|-damage|p1b: Meganium|0 fnt\n|faint|p1b: Meganium\n|move|p1a: Pelipper|Weather Ball|p2a: Toph\n|-supereffective|p2a: Toph|1\n|-damage|p2a: Toph|0 fnt\n|faint|p2a: Toph\n|\n|-weather|RainDance|[upkeep]\n|upkeep\n|\n|t:|1776158688\n|switch|p1b: Sneasler|Sneasler, L50, M|100/100\n|turn|7\n|\n|t:|1776158693\n|move|p1b: Sneasler|Fake Out|p2b: WaloWalo\n|-damage|p2b: WaloWalo|80/100\n|move|p1a: Pelipper|Hurricane|p2b: WaloWalo\n|-damage|p2b: WaloWalo|34/100\n|move|p2b: WaloWalo|Dragon Claw|p1b: Sneasler\n|-damage|p1b: Sneasler|19/100\n|\n|-weather|RainDance|[upkeep]\n|upkeep\n|turn|8\n|\n|t:|1776158697\n|move|p2b: WaloWalo|Extreme Speed|p1b: Sneasler\n|-damage|p1b: Sneasler|0 fnt\n|faint|p1b: Sneasler\n|move|p1a: Pelipper|Hurricane|p2b: WaloWalo\n|-damage|p2b: WaloWalo|0 fnt\n|faint|p2b: WaloWalo\n|\n|win|wzzlr\n|raw|wzzlr's rating: 1166 &rarr; <strong>1198</strong><br />(+32 for winning)\n|raw|kalise26's rating: 1267 &rarr; <strong>1235</strong><br />(-32 for losing)\n|c|\u2606wzzlr|gg\n|l|\u2606kalise26\n|player|p2|\n",
  "uploadtime": 1776158709,
  "views": 20,
  "formatid": "gen9championsvgc2026regma",
  "rating": 1198,
  "private": 0,
  "password": null
}