{
  "id": "gen9championsvgc2026regma-2588409655",
  "format": "[Gen 9 Champions] VGC 2026 Reg M-A",
  "players": [
    "trashgarbage",
    "n8thegr8702"
  ],
  "log": "|j|\u2606trashgarbage\n|j|\u2606n8thegr8702\n|t:|1776631116\n|gametype|doubles\n|player|p1|trashgarbage|102|1252\n|player|p2|n8thegr8702|nate|1155\n|gen|9\n|tier|[Gen 9 Champions] VGC 2026 Reg M-A\n|rated|\n|rule|Species Clause: Limit one of each Pok\u00e9mon\n|rule|Item Clause: Limit 1 of each item\n|clearpoke\n|poke|p1|Delphox, L50, F|\n|poke|p1|Kommo-o, L50, M|\n|poke|p1|Sableye, L50, M|\n|poke|p1|Milotic, L50, F|\n|poke|p1|Typhlosion-Hisui, L50, F|\n|poke|p1|Espathra, L50, F|\n|poke|p2|Drampa, L50, F|\n|poke|p2|Pelipper, L50, M|\n|poke|p2|Archaludon, L50, F|\n|poke|p2|Basculegion, L50, M|\n|poke|p2|Sinistcha-Masterpiece, L50|\n|poke|p2|Kingambit, L50, M|\n|teampreview|4\n|inactive|Battle timer is ON: inactive players will automatically lose when time's up. (requested by n8thegr8702)\ntrashgarbage rejected open team sheets.\n|\n|t:|1776631146\n|teamsize|p1|4\n|teamsize|p2|4\n|start\n|switch|p1a: Sableye|Sableye, L50, M|100/100\n|switch|p1b: Typhlosion|Typhlosion-Hisui, L50, F|100/100\n|switch|p2a: Basculegion|Basculegion, L50, M|100/100\n|switch|p2b: Pelipper|Pelipper, L50, M|100/100\n|-item|p2a: Basculegion|Choice Scarf|[from] ability: Frisk|[of] p1b: Typhlosion\n|-item|p2b: Pelipper|Focus Sash|[from] ability: Frisk|[of] p1b: Typhlosion\n|-weather|RainDance|[from] ability: Drizzle|[of] p2b: Pelipper\n|turn|1\n|inactive|n8thegr8702 has 30 seconds left.\n|\n|t:|1776631176\n|move|p1a: Sableye|Sunny Day|p1a: Sableye\n|-weather|SunnyDay\n|move|p1b: Typhlosion|Shadow Ball|p2a: Basculegion\n|-supereffective|p2a: Basculegion|1\n|-damage|p2a: Basculegion|0 fnt\n|faint|p2a: Basculegion\n|move|p2b: Pelipper|Tailwind|p2b: Pelipper\n|-sidestart|p2: n8thegr8702|move: Tailwind\n|\n|-weather|SunnyDay|[upkeep]\n|upkeep\n|\n|t:|1776631182\n|switch|p2a: Drampa|Drampa, L50, F|100/100\n|-ability|p2a: Drampa|Cloud Nine\n|turn|2\n|inactive|trashgarbage has 30 seconds left.\n|\n|t:|1776631209\n|switch|p2b: Archaludon|Archaludon, L50, F|100/100\n|move|p1a: Sableye|Gravity|p1a: Sableye\n|-fieldstart|move: Gravity\n|move|p1b: Typhlosion|Shadow Ball|p2b: Archaludon\n|-damage|p2b: Archaludon|55/100\n|-ability|p2b: Archaludon|Stamina|boost\n|-boost|p2b: Archaludon|def|1\n|move|p2a: Drampa|Draco Meteor|p1a: Sableye\n|-damage|p1a: Sableye|0 fnt\n|-unboost|p2a: Drampa|spa|2\n|faint|p1a: Sableye\n|\n|-weather|SunnyDay|[upkeep]\n|upkeep\n|\n|t:|1776631223\n|switch|p1a: Kommo-o|Kommo-o, L50, M|100/100\n|turn|3\n|\n|t:|1776631234\n|switch|p2a: Pelipper|Pelipper, L50, M|100/100\n|-weather|RainDance|[from] ability: Drizzle|[of] p2a: Pelipper\n|move|p1a: Kommo-o|Protect|p1a: Kommo-o\n|-singleturn|p1a: Kommo-o|Protect\n|move|p1b: Typhlosion|Shadow Ball|p2b: Archaludon\n|-damage|p2b: Archaludon|12/100\n|-ability|p2b: Archaludon|Stamina|boost\n|-boost|p2b: Archaludon|def|1\n|move|p2b: Archaludon|Draco Meteor|p1a: Kommo-o\n|-activate|p1a: Kommo-o|move: Protect\n|\n|-weather|RainDance|[upkeep]\n|upkeep\n|turn|4\n|inactive|trashgarbage has 30 seconds left.\n|\n|t:|1776631265\n|switch|p1a: Milotic|Milotic, L50, F|100/100\n|move|p2a: Pelipper|Weather Ball|p1b: Typhlosion\n|-supereffective|p1b: Typhlosion|1\n|-crit|p1b: Typhlosion\n|-damage|p1b: Typhlosion|0 fnt\n|faint|p1b: Typhlosion\n|move|p2b: Archaludon|Draco Meteor|p1a: Milotic\n|-damage|p1a: Milotic|54/100\n|-unboost|p2b: Archaludon|spa|2\n|\n|-weather|RainDance|[upkeep]\n|-heal|p1a: Milotic|60/100|[from] item: Leftovers\n|-sideend|p2: n8thegr8702|move: Tailwind\n|upkeep\n|\n|t:|1776631278\n|switch|p1b: Kommo-o|Kommo-o, L50, M|100/100\n|turn|5\n|inactive|trashgarbage has 30 seconds left.\n|\n|t:|1776631304\n|move|p2b: Archaludon|Protect|p2b: Archaludon\n|-singleturn|p2b: Archaludon|Protect\n|move|p1b: Kommo-o|Clangorous Soul|p1b: Kommo-o\n|-boost|p1b: Kommo-o|atk|1\n|-boost|p1b: Kommo-o|def|1\n|-boost|p1b: Kommo-o|spa|1\n|-boost|p1b: Kommo-o|spd|1\n|-boost|p1b: Kommo-o|spe|1\n|-damage|p1b: Kommo-o|68/100\n|move|p2a: Pelipper|Tailwind|p2a: Pelipper\n|-sidestart|p2: n8thegr8702|move: Tailwind\n|move|p1a: Milotic|Hypnosis|p2a: Pelipper\n|-status|p2a: Pelipper|slp|[from] move: Hypnosis\n|\n|-weather|RainDance|[upkeep]\n|-heal|p1a: Milotic|66/100|[from] item: Leftovers\n|upkeep\n|turn|6\n|\n|t:|1776631322\n|move|p1b: Kommo-o|Protect|p1b: Kommo-o\n|-singleturn|p1b: Kommo-o|Protect\n|cant|p2a: Pelipper|slp\n|move|p2b: Archaludon|Draco Meteor|p1b: Kommo-o\n|-activate|p1b: Kommo-o|move: Protect\n|move|p1a: Milotic|Scald|p2b: Archaludon\n|-resisted|p2b: Archaludon|1\n|-damage|p2b: Archaludon|0 fnt\n|faint|p2b: Archaludon\n|\n|-weather|RainDance|[upkeep]\n|-heal|p1a: Milotic|72/100|[from] item: Leftovers\n|-fieldend|move: Gravity\n|upkeep\n|\n|t:|1776631325\n|switch|p2b: Drampa|Drampa, L50, F|100/100\n|-ability|p2b: Drampa|Cloud Nine\n|turn|7\n|inactive|trashgarbage has 30 seconds left.\n|\n|t:|1776631351\n|detailschange|p2b: Drampa|Drampa-Mega, L50, F\n|-mega|p2b: Drampa|Drampa|Drampanite\n|cant|p2a: Pelipper|slp\n|move|p1b: Kommo-o|Clanging Scales|p2b: Drampa|[spread] p2a,p2b\n|-supereffective|p2b: Drampa|1\n|-damage|p2a: Pelipper|8/100 slp\n|-damage|p2b: Drampa|0 fnt\n|faint|p2b: Drampa\n|-unboost|p1b: Kommo-o|def|1\n|move|p1a: Milotic|Ice Beam|p2a: Pelipper\n|-damage|p2a: Pelipper|0 fnt\n|faint|p2a: Pelipper\n|\n|win|trashgarbage\n|raw|trashgarbage's rating: 1252 &rarr; <strong>1270</strong><br />(+18 for winning)\n|raw|n8thegr8702's rating: 1155 &rarr; <strong>1137</strong><br />(-18 for losing)\n|l|\u2606n8thegr8702\n|player|p2|\n",
  "uploadtime": 1776631374,
  "views": 13,
  "formatid": "gen9championsvgc2026regma",
  "rating": 1137,
  "private": 0,
  "password": null
}