{
  "id": "gen9championsvgc2026regma-2587196696",
  "format": "[Gen 9 Champions] VGC 2026 Reg M-A",
  "players": [
    "v1shnu17",
    "henitusec"
  ],
  "log": "|j|\u2606v1shnu17\n|j|\u2606henitusec\n|t:|1776507499\n|gametype|doubles\n|player|p1|v1shnu17|miku-ghost|1065\n|player|p2|henitusec|steven-masters|1151\n|gen|9\n|tier|[Gen 9 Champions] VGC 2026 Reg M-A\n|rated|\n|rule|Species Clause: Limit one of each Pok\u00e9mon\n|rule|Item Clause: Limit 1 of each item\n|clearpoke\n|poke|p1|Starmie, L50, shiny|\n|poke|p1|Sneasler, L50, M|\n|poke|p1|Talonflame, L50, M, shiny|\n|poke|p1|Sableye, L50, M, shiny|\n|poke|p1|Basculegion, L50, M, shiny|\n|poke|p1|Ninetales-Alola, L50, F|\n|poke|p2|Froslass, L50, F|\n|poke|p2|Garchomp, L50, F|\n|poke|p2|Rotom-Frost, L50|\n|poke|p2|Empoleon, L50, F|\n|poke|p2|Incineroar, L50, F|\n|poke|p2|Kingambit, L50, F|\n|teampreview|4\n|inactive|Battle timer is ON: inactive players will automatically lose when time's up. (requested by v1shnu17)\n|inactive|henitusec also wants the timer to be on.\n|inactive|henitusec has 60 seconds left.\n|\n|t:|1776507552\n|teamsize|p1|4\n|teamsize|p2|4\n|start\n|switch|p1a: Sneasler|Sneasler, L50, M|100/100\n|switch|p1b: Starmie|Starmie, L50, shiny|100/100\n|switch|p2a: Froslass|Froslass, L50, F|100/100\n|switch|p2b: Incineroar|Incineroar, L50, F|100/100\n|-ability|p2b: Incineroar|Intimidate|boost\n|-unboost|p1a: Sneasler|atk|1\n|-unboost|p1b: Starmie|atk|1\n|turn|1\n|\n|t:|1776507572\n|detailschange|p1b: Starmie|Starmie-Mega, L50, shiny\n|-mega|p1b: Starmie|Starmie|Starminite\n|detailschange|p2a: Froslass|Froslass-Mega, L50, F\n|-mega|p2a: Froslass|Froslass|Froslassite\n|-weather|Snowscape|[from] ability: Snow Warning|[of] p2a: Froslass\n|move|p1a: Sneasler|Fake Out|p2b: Incineroar\n|-damage|p2b: Incineroar|91/100\n|cant|p2b: Incineroar|flinch\n|move|p1b: Starmie|Liquidation|p2b: Incineroar\n|-supereffective|p2b: Incineroar|1\n|-damage|p2b: Incineroar|1/100\n|-enditem|p2b: Incineroar|Sitrus Berry|[eat]\n|-heal|p2b: Incineroar|26/100|[from] item: Sitrus Berry\n|move|p2a: Froslass|Shadow Ball|p1b: Starmie\n|-supereffective|p1b: Starmie|1\n|-damage|p1b: Starmie|0 fnt\n|faint|p1b: Starmie\n|\n|-weather|Snowscape|[upkeep]\n|upkeep\n|\n|t:|1776507589\n|switch|p1b: Sableye|Sableye, L50, M, shiny|100/100\n|turn|2\n|\n|t:|1776507608\n|move|p1b: Sableye|Encore|p2a: Froslass\n|-start|p2a: Froslass|Encore\n|move|p1a: Sneasler|Close Combat|p2b: Incineroar\n|-supereffective|p2b: Incineroar|1\n|-damage|p2b: Incineroar|0 fnt\n|-unboost|p1a: Sneasler|def|1\n|-unboost|p1a: Sneasler|spd|1\n|faint|p2b: Incineroar\n|move|p2a: Froslass|Shadow Ball|p1a: Sneasler\n|-enditem|p1a: Sneasler|Focus Sash\n|-damage|p1a: Sneasler|1/100\n|\n|-weather|Snowscape|[upkeep]\n|upkeep\n|\n|t:|1776507621\n|switch|p2b: Rotom|Rotom-Frost, L50|100/100\n|turn|3\n|\n|t:|1776507635\n|switch|p1a: Talonflame|Talonflame, L50, M, shiny|100/100\n|move|p1b: Sableye|Disable|p2a: Froslass\n|-start|p2a: Froslass|Disable|Shadow Ball\n|move|p2b: Rotom|Blizzard|p1b: Sableye|[spread] p1a,p1b\n|-damage|p1a: Talonflame|40/100\n|-damage|p1b: Sableye|45/100\n|cant|p2a: Froslass|Disable|Shadow Ball\n|\n|-weather|Snowscape|[upkeep]\n|upkeep\n|turn|4\n|inactive|henitusec has 30 seconds left.\n|\n|t:|1776507660\n|move|p2b: Rotom|Blizzard|p1a: Talonflame|[spread] p1a,p1b\n|-damage|p1a: Talonflame|0 fnt\n|-damage|p1b: Sableye|0 fnt\n|faint|p1a: Talonflame\n|faint|p1b: Sableye\n|-activate|p2a: Froslass|move: Struggle\n|move|p2a: Froslass|Struggle|p1: Talonflame|[notarget]\n|-fail|p2a: Froslass\n|\n|-weather|Snowscape|[upkeep]\n|-end|p2a: Froslass|Encore\n|upkeep\n|inactive|v1shnu17 has 30 seconds left.\n|inactive|v1shnu17 has 20 seconds left.\n|inactive|v1shnu17 has 15 seconds left.\n|inactive|v1shnu17 has 10 seconds left.\n|inactive|v1shnu17 has 5 seconds left.\n|\n|t:|1776507715\n|switch|p1a: Sneasler|Sneasler, L50, M|1/100\n|turn|5\n|l|\u2606henitusec\n|inactive|henitusec disconnected and has a minute to reconnect!\n|player|p2|\n|inactive|v1shnu17 has 30 seconds left.\n|inactive|henitusec has 30 seconds left.\n|inactive|v1shnu17 has 20 seconds left.\n|inactive|henitusec has 20 seconds left.\n|inactive|v1shnu17 has 15 seconds left.\n|inactive|henitusec has 15 seconds left.\n|inactive|v1shnu17 has 10 seconds left.\n|inactive|henitusec has 10 seconds left.\n|j|\u2606henitusec\n|inactive|henitusec reconnected and has 10 seconds left.\n|player|p2|henitusec|steven-masters|\n|inactive|v1shnu17 has 5 seconds left.\n|inactive|henitusec has 5 seconds left.\n|\n|t:|1776507770\n|move|p1a: Sneasler|Fake Out|p2b: Rotom\n|-damage|p2b: Rotom|87/100\n|-status|p2b: Rotom|psn|[from] ability: Poison Touch|[of] p1a: Sneasler\n|cant|p2b: Rotom|flinch\n|move|p2a: Froslass|Blizzard|p1a: Sneasler\n|-damage|p1a: Sneasler|0 fnt\n|faint|p1a: Sneasler\n|\n|win|henitusec\n|raw|v1shnu17's rating: 1065 &rarr; <strong>1050</strong><br />(-15 for losing)\n|raw|henitusec's rating: 1151 &rarr; <strong>1170</strong><br />(+19 for winning)\n",
  "uploadtime": 1776507778,
  "views": 15,
  "formatid": "gen9championsvgc2026regma",
  "rating": 1050,
  "private": 0,
  "password": null
}