{
  "id": "gen9championsvgc2026regma-2587548138",
  "format": "[Gen 9 Champions] VGC 2026 Reg M-A",
  "players": [
    "Lolligaggery",
    "Murphy's kitchen"
  ],
  "log": "|j|\u2606Lolligaggery\n|j|\u2606Murphy's kitchen\n|t:|1776541273\n|gametype|doubles\n|player|p1|Lolligaggery|pokemaniac|1521\n|player|p2|Murphy's kitchen|170|1621\n|gen|9\n|tier|[Gen 9 Champions] VGC 2026 Reg M-A\n|rated|\n|rule|Species Clause: Limit one of each Pok\u00e9mon\n|rule|Item Clause: Limit 1 of each item\n|clearpoke\n|poke|p1|Hydreigon, L50, M|\n|poke|p1|Garchomp, L50, M|\n|poke|p1|Rotom-Wash, L50|\n|poke|p1|Excadrill, L50, M|\n|poke|p1|Tyranitar, L50, M, shiny|\n|poke|p1|Milotic, L50, M|\n|poke|p2|Aerodactyl, L50, M|\n|poke|p2|Dragapult, L50, F|\n|poke|p2|Primarina, L50, M|\n|poke|p2|Scizor, L50, F|\n|poke|p2|Scovillain, L50, M|\n|poke|p2|Sneasler, L50, F|\n|teampreview|4\n|j| Meh Decisions\n|j| Garderoar\n|\n|t:|1776541318\n|teamsize|p1|4\n|teamsize|p2|4\n|start\n|switch|p1a: Excadrill|Excadrill, L50, M|100/100\n|switch|p1b: Tyranitar|Tyranitar, L50, M, shiny|100/100\n|switch|p2a: Scovillain|Scovillain, L50, M|100/100\n|switch|p2b: Primarina|Primarina, L50, M|100/100\n|-weather|Sandstorm|[from] ability: Sand Stream|[of] p1b: Tyranitar\n|turn|1\n|\n|t:|1776541345\n|detailschange|p1b: Tyranitar|Tyranitar-Mega, L50, M, shiny\n|-mega|p1b: Tyranitar|Tyranitar|Tyranitarite\n|move|p2a: Scovillain|Protect|p2a: Scovillain\n|-singleturn|p2a: Scovillain|Protect\n|move|p2b: Primarina|Protect|p2b: Primarina\n|-singleturn|p2b: Primarina|Protect\n|move|p1a: Excadrill|Iron Head|p2b: Primarina\n|-activate|p2b: Primarina|move: Protect\n|move|p1b: Tyranitar|Rock Slide|p2b: Primarina|[spread] \n|-activate|p2a: Scovillain|move: Protect\n|-activate|p2b: Primarina|move: Protect\n|\n|-weather|Sandstorm|[upkeep]\n|-damage|p2a: Scovillain|95/100|[from] Sandstorm\n|-damage|p2b: Primarina|94/100|[from] Sandstorm\n|-heal|p2b: Primarina|100/100|[from] item: Leftovers\n|-ability|p2a: Scovillain|Moody|boost\n|-boost|p2a: Scovillain|def|2\n|-unboost|p2a: Scovillain|atk|1\n|upkeep\n|turn|2\n|\n|t:|1776541384\n|switch|p1a: Rotom|Rotom-Wash, L50|100/100\n|detailschange|p2a: Scovillain|Scovillain-Mega, L50, M\n|-mega|p2a: Scovillain|Scovillain|Scovillainite\n|move|p2a: Scovillain|Rage Powder|p2a: Scovillain\n|-singleturn|p2a: Scovillain|move: Rage Powder\n|move|p1b: Tyranitar|Rock Slide|p2b: Primarina|[spread] p2a,p2b\n|-supereffective|p2a: Scovillain|1\n|-damage|p2a: Scovillain|56/100\n|-damage|p2b: Primarina|66/100\n|-status|p1b: Tyranitar|brn|[from] ability: Spicy Spray|[of] p2a: Scovillain\n|cant|p2b: Primarina|flinch\n|\n|-weather|Sandstorm|[upkeep]\n|-damage|p1a: Rotom|95/100|[from] Sandstorm\n|-damage|p2a: Scovillain|50/100|[from] Sandstorm\n|-damage|p2b: Primarina|60/100|[from] Sandstorm\n|-heal|p2b: Primarina|66/100|[from] item: Leftovers\n|-damage|p1b: Tyranitar|95/100 brn|[from] brn\n|upkeep\n|turn|3\n|\n|t:|1776541411\n|move|p1b: Tyranitar|Protect|p1b: Tyranitar\n|-singleturn|p1b: Tyranitar|Protect\n|move|p2b: Primarina|Protect|p2b: Primarina\n|-singleturn|p2b: Primarina|Protect\n|move|p1a: Rotom|Discharge|p2a: Scovillain|[spread] p2a\n|-activate|p1b: Tyranitar|move: Protect\n|-activate|p2b: Primarina|move: Protect\n|-resisted|p2a: Scovillain|1\n|-damage|p2a: Scovillain|40/100\n|-status|p1a: Rotom|brn|[from] ability: Spicy Spray|[of] p2a: Scovillain\n|move|p2a: Scovillain|Leaf Storm|p1a: Rotom\n|-supereffective|p1a: Rotom|1\n|-damage|p1a: Rotom|0 fnt\n|-unboost|p2a: Scovillain|spa|2\n|faint|p1a: Rotom\n|\n|-weather|Sandstorm|[upkeep]\n|-damage|p2a: Scovillain|34/100|[from] Sandstorm\n|-damage|p2b: Primarina|60/100|[from] Sandstorm\n|-heal|p2b: Primarina|66/100|[from] item: Leftovers\n|-damage|p1b: Tyranitar|89/100 brn|[from] brn\n|upkeep\n|\n|t:|1776541429\n|switch|p1a: Hydreigon|Hydreigon, L50, M|100/100\n|turn|4\n|\n|t:|1776541443\n|move|p1a: Hydreigon|Protect|p1a: Hydreigon\n|-singleturn|p1a: Hydreigon|Protect\n|move|p2a: Scovillain|Protect|p2a: Scovillain\n|-singleturn|p2a: Scovillain|Protect\n|move|p2b: Primarina|Protect|p2b: Primarina\n|-singleturn|p2b: Primarina|Protect\n|move|p1b: Tyranitar|Rock Slide|p2a: Scovillain|[spread] \n|-activate|p2a: Scovillain|move: Protect\n|-activate|p2b: Primarina|move: Protect\n|\n|-weather|Sandstorm|[upkeep]\n|-damage|p1a: Hydreigon|95/100|[from] Sandstorm\n|-damage|p2a: Scovillain|28/100|[from] Sandstorm\n|-damage|p2b: Primarina|60/100|[from] Sandstorm\n|-heal|p2b: Primarina|66/100|[from] item: Leftovers\n|-damage|p1b: Tyranitar|83/100 brn|[from] brn\n|upkeep\n|turn|5\n|\n|t:|1776541464\n|move|p2a: Scovillain|Rage Powder|p2a: Scovillain\n|-singleturn|p2a: Scovillain|move: Rage Powder\n|move|p1a: Hydreigon|Dark Pulse|p2a: Scovillain\n|-damage|p2a: Scovillain|0 fnt\n|-status|p1a: Hydreigon|brn|[from] ability: Spicy Spray|[of] p2a: Scovillain\n|faint|p2a: Scovillain\n|move|p1b: Tyranitar|Rock Slide|p2b: Primarina\n|-damage|p2b: Primarina|42/100\n|cant|p2b: Primarina|flinch\n|\n|-weather|none\n|-heal|p2b: Primarina|48/100|[from] item: Leftovers\n|-damage|p1a: Hydreigon|89/100 brn|[from] brn\n|-damage|p1b: Tyranitar|77/100 brn|[from] brn\n|upkeep\n|\n|t:|1776541481\n|switch|p2a: Sneasler|Sneasler, L50, F|100/100\n|turn|6\n|\n|t:|1776541492\n|move|p1a: Hydreigon|Protect|p1a: Hydreigon\n|-singleturn|p1a: Hydreigon|Protect\n|move|p1b: Tyranitar|Protect|p1b: Tyranitar\n|-singleturn|p1b: Tyranitar|Protect\n|move|p2a: Sneasler|Fake Out|p1a: Hydreigon\n|-activate|p1a: Hydreigon|move: Protect\n|move|p2b: Primarina|Hyper Voice|p1b: Tyranitar|[spread] \n|-activate|p1a: Hydreigon|move: Protect\n|-activate|p1b: Tyranitar|move: Protect\n|\n|-heal|p2b: Primarina|54/100|[from] item: Leftovers\n|-damage|p1a: Hydreigon|83/100 brn|[from] brn\n|-damage|p1b: Tyranitar|72/100 brn|[from] brn\n|upkeep\n|turn|7\n|\n|t:|1776541517\n|move|p2a: Sneasler|Close Combat|p1b: Tyranitar\n|-supereffective|p1b: Tyranitar|2\n|-damage|p1b: Tyranitar|0 fnt\n|-unboost|p2a: Sneasler|def|1\n|-unboost|p2a: Sneasler|spd|1\n|faint|p1b: Tyranitar\n|-enditem|p2a: Sneasler|White Herb\n|-clearnegativeboost|p2a: Sneasler|[silent]\n|move|p1a: Hydreigon|Draco Meteor|p2a: Sneasler\n|-damage|p2a: Sneasler|6/100\n|-unboost|p1a: Hydreigon|spa|2\n|move|p2b: Primarina|Moonblast|p1a: Hydreigon\n|-supereffective|p1a: Hydreigon|2\n|-damage|p1a: Hydreigon|0 fnt\n|faint|p1a: Hydreigon\n|\n|-heal|p2b: Primarina|61/100|[from] item: Leftovers\n|upkeep\n|\n|t:|1776541528\n|switch|p1b: Excadrill|Excadrill, L50, M|100/100\n|turn|8\n|\n|t:|1776541547\n|move|p2a: Sneasler|Close Combat|p1b: Excadrill\n|-supereffective|p1b: Excadrill|1\n|-enditem|p1b: Excadrill|Focus Sash\n|-damage|p1b: Excadrill|1/100\n|-unboost|p2a: Sneasler|def|1\n|-unboost|p2a: Sneasler|spd|1\n|move|p1b: Excadrill|Earthquake|p2b: Primarina|[spread] p2a,p2b\n|-supereffective|p2a: Sneasler|1\n|-damage|p2a: Sneasler|0 fnt\n|-damage|p2b: Primarina|13/100\n|faint|p2a: Sneasler\n|move|p2b: Primarina|Hyper Voice|p1b: Excadrill\n|-supereffective|p1b: Excadrill|1\n|-crit|p1b: Excadrill\n|-damage|p1b: Excadrill|0 fnt\n|faint|p1b: Excadrill\n|\n|win|Murphy's kitchen\n|raw|Lolligaggery's rating: 1521 &rarr; <strong>1507</strong><br />(-14 for losing)\n|raw|Murphy&apos;s kitchen's rating: 1621 &rarr; <strong>1635</strong><br />(+14 for winning)\n|l|\u2606Lolligaggery\n|player|p1|\n",
  "uploadtime": 1776541565,
  "views": 53,
  "formatid": "gen9championsvgc2026regma",
  "rating": 1507,
  "private": 0,
  "password": null
}