{
  "id": "gen9championsvgc2026regma-2583436201",
  "format": "[Gen 9 Champions] VGC 2026 Reg M-A",
  "players": [
    "strami",
    "averu333"
  ],
  "log": "|j|\u2606strami\n|j|\u2606averu333\n|t:|1776175532\n|gametype|doubles\n|player|p1|strami|hoopster|1133\n|player|p2|averu333|lucas|1068\n|gen|9\n|tier|[Gen 9 Champions] VGC 2026 Reg M-A\n|rated|\n|rule|Species Clause: Limit one of each Pok\u00e9mon\n|rule|Item Clause: Limit 1 of each item\n|clearpoke\n|poke|p1|Scovillain, L50, F|\n|poke|p1|Primarina, L50, F|\n|poke|p1|Aerodactyl, L50, F|\n|poke|p1|Sneasler, L50, M|\n|poke|p1|Garchomp, L50, M|\n|poke|p1|Sinistcha, L50|\n|poke|p2|Floette-Eternal, L50, F|\n|poke|p2|Gengar, L50, M|\n|poke|p2|Whimsicott, L50, F|\n|poke|p2|Politoed, L50, M|\n|poke|p2|Incineroar, L50, M|\n|poke|p2|Sneasler, L50, M|\n|teampreview|4\n|inactive|Battle timer is ON: inactive players will automatically lose when time's up. (requested by strami)\n|inactive|strami has 60 seconds left.\n|inactive|averu333 has 60 seconds left.\n|inactive|strami has 30 seconds left.\n|\n|t:|1776175595\n|teamsize|p1|4\n|teamsize|p2|4\n|start\n|switch|p1a: Aerodactyl|Aerodactyl, L50, F|100/100\n|switch|p1b: Scovillain|Scovillain, L50, F, shiny|100/100\n|switch|p2a: Gengar|Gengar, L50, M|100/100\n|switch|p2b: Incineroar|Incineroar, L50, M|100/100\n|-ability|p2b: Incineroar|Intimidate|boost\n|-unboost|p1a: Aerodactyl|atk|1\n|-unboost|p1b: Scovillain|atk|1\n|turn|1\n|inactive|averu333 has 30 seconds left.\n|\n|t:|1776175621\n|switch|p1b: Garchomp|Garchomp, L50, M|100/100\n|detailschange|p2a: Gengar|Gengar-Mega, L50, M\n|-mega|p2a: Gengar|Gengar|Gengarite\n|move|p1a: Aerodactyl|Protect|p1a: Aerodactyl\n|-singleturn|p1a: Aerodactyl|Protect\n|move|p2b: Incineroar|Fake Out|p1a: Aerodactyl\n|-activate|p1a: Aerodactyl|move: Protect\n|move|p2a: Gengar|Perish Song|p2a: Gengar\n|-start|p1a: Aerodactyl|perish3|[silent]\n|-start|p1b: Garchomp|perish3|[silent]\n|-start|p2a: Gengar|perish3|[silent]\n|-start|p2b: Incineroar|perish3|[silent]\n|-fieldactivate|move: Perish Song\n|\n|-start|p1a: Aerodactyl|perish3\n|-start|p1b: Garchomp|perish3\n|-start|p2a: Gengar|perish3\n|-start|p2b: Incineroar|perish3\n|upkeep\n|turn|2\n|inactive|strami has 30 seconds left.\n|\n|t:|1776175647\n|move|p1b: Garchomp|Protect|p1b: Garchomp\n|-singleturn|p1b: Garchomp|Protect\n|move|p2a: Gengar|Protect|p2a: Gengar\n|-singleturn|p2a: Gengar|Protect\n|move|p1a: Aerodactyl|Tailwind|p1a: Aerodactyl\n|-sidestart|p1: strami|move: Tailwind\n|move|p2b: Incineroar|Parting Shot|p1b: Garchomp\n|-activate|p1b: Garchomp|move: Protect\n|\n|-start|p1a: Aerodactyl|perish2\n|-start|p1b: Garchomp|perish2\n|-start|p2a: Gengar|perish2\n|-start|p2b: Incineroar|perish2\n|upkeep\n|turn|3\n|inactive|averu333 has 30 seconds left.\n|inactive|averu333 has 20 seconds left.\n|\n|t:|1776175687\n|move|p2a: Gengar|Protect||[still]\n|-fail|p2a: Gengar\n|move|p1a: Aerodactyl|Rock Slide|p2a: Gengar|[spread] p2a,p2b\n|-supereffective|p2b: Incineroar|1\n|-crit|p2b: Incineroar\n|-damage|p2a: Gengar|84/100\n|-damage|p2b: Incineroar|25/100\n|move|p1b: Garchomp|Earthquake|p2b: Incineroar|[spread] p2a,p2b\n|-immune|p1a: Aerodactyl\n|-supereffective|p2a: Gengar|1\n|-supereffective|p2b: Incineroar|1\n|-crit|p2b: Incineroar\n|-damage|p2a: Gengar|8/100\n|-damage|p2b: Incineroar|0 fnt\n|faint|p2b: Incineroar\n|\n|-start|p1a: Aerodactyl|perish1\n|-start|p1b: Garchomp|perish1\n|-start|p2a: Gengar|perish1\n|upkeep\n|inactive|averu333 has 30 seconds left.\n|\n|t:|1776175713\n|switch|p2b: Whimsicott|Whimsicott, L50, F|100/100\n|turn|4\n|\n|t:|1776175720\n|move|p2b: Whimsicott|Protect|p2b: Whimsicott\n|-singleturn|p2b: Whimsicott|Protect\n|move|p2a: Gengar|Protect|p2a: Gengar\n|-singleturn|p2a: Gengar|Protect\n|move|p1a: Aerodactyl|Rock Slide|p2a: Gengar|[spread] \n|-activate|p2a: Gengar|move: Protect\n|-activate|p2b: Whimsicott|move: Protect\n|move|p1b: Garchomp|Earthquake|p2b: Whimsicott|[spread] \n|-activate|p2a: Gengar|move: Protect\n|-activate|p2b: Whimsicott|move: Protect\n|-immune|p1a: Aerodactyl\n|\n|-start|p1a: Aerodactyl|perish0\n|-start|p1b: Garchomp|perish0\n|-start|p2a: Gengar|perish0\n|faint|p1a: Aerodactyl\n|faint|p1b: Garchomp\n|faint|p2a: Gengar\n|upkeep\n|\n|t:|1776175738\n|switch|p1a: Sneasler|Sneasler, L50, M|100/100\n|switch|p1b: Scovillain|Scovillain, L50, F, shiny|100/100\n|switch|p2a: Floette|Floette-Eternal, L50, F|100/100\n|-ability|p1a: Sneasler|Pressure\n|turn|5\n|inactive|averu333 has 30 seconds left.\n|inactive|averu333 has 20 seconds left.\n|\n|t:|1776175775\n|detailschange|p1b: Scovillain|Scovillain-Mega, L50, F, shiny\n|-mega|p1b: Scovillain|Scovillain|Scovillainite\n|move|p2a: Floette|Protect|p2a: Floette\n|-singleturn|p2a: Floette|Protect\n|move|p1b: Scovillain|Rage Powder|p1b: Scovillain\n|-singleturn|p1b: Scovillain|move: Rage Powder\n|move|p2b: Whimsicott|Fake Tears|p1a: Sneasler\n|-unboost|p1a: Sneasler|spd|2\n|-enditem|p1a: Sneasler|White Herb\n|-clearnegativeboost|p1a: Sneasler|[silent]\n|move|p1a: Sneasler|Dire Claw|p2a: Floette\n|-activate|p2a: Floette|move: Protect\n|\n|-sideend|p1: strami|move: Tailwind\n|upkeep\n|turn|6\n|\n|t:|1776175798\n|move|p1b: Scovillain|Rage Powder|p1b: Scovillain\n|-singleturn|p1b: Scovillain|move: Rage Powder\n|move|p2b: Whimsicott|Tailwind|p2b: Whimsicott\n|-sidestart|p2: averu333|move: Tailwind\n|move|p2a: Floette|Moonblast|p1b: Scovillain\n|-resisted|p1b: Scovillain|1\n|-damage|p1b: Scovillain|74/100\n|-unboost|p1b: Scovillain|spa|1\n|-status|p2a: Floette|brn|[from] ability: Spicy Spray|[of] p1b: Scovillain\n|move|p1a: Sneasler|Dire Claw|p2a: Floette\n|-supereffective|p2a: Floette|1\n|-damage|p2a: Floette|0 fnt\n|faint|p2a: Floette\n|\n|upkeep\n|turn|7\n|-message|averu333 forfeited.\n|\n|win|strami\n|raw|strami's rating: 1133 &rarr; <strong>1153</strong><br />(+20 for winning)\n|raw|averu333's rating: 1068 &rarr; <strong>1052</strong><br />(-16 for losing)\n|l|\u2606averu333\n|player|p2|\n",
  "uploadtime": 1776175819,
  "views": 19,
  "formatid": "gen9championsvgc2026regma",
  "rating": 1052,
  "private": 0,
  "password": null
}