{
  "id": "gen9championsvgc2026regma-2583797293",
  "format": "[Gen 9 Champions] VGC 2026 Reg M-A",
  "players": [
    "KogaAF1219",
    "Forjadordevinculos"
  ],
  "log": "|j|\u2606KogaAF1219\n|j|\u2606Forjadordevinculos\n|t:|1776198400\n|gametype|doubles\n|player|p1|KogaAF1219|koga|1204\n|player|p2|Forjadordevinculos|veteran|1250\n|gen|9\n|tier|[Gen 9 Champions] VGC 2026 Reg M-A\n|rated|\n|rule|Species Clause: Limit one of each Pok\u00e9mon\n|rule|Item Clause: Limit 1 of each item\n|clearpoke\n|poke|p1|Torkoal, L50, F|\n|poke|p1|Venusaur, L50, F|\n|poke|p1|Incineroar, L50, M|\n|poke|p1|Farigiraf, L50, M|\n|poke|p1|Rotom-Fan, L50|\n|poke|p1|Excadrill, L50, M|\n|poke|p2|Aggron, L50, M|\n|poke|p2|Incineroar, L50, M|\n|poke|p2|Lycanroc, L50, M|\n|poke|p2|Sinistcha, L50|\n|poke|p2|Hippowdon, L50, F|\n|poke|p2|Pelipper, L50, F|\n|teampreview|4\n|inactive|Battle timer is ON: inactive players will automatically lose when time's up. (requested by Forjadordevinculos)\n|\n|t:|1776198437\n|teamsize|p1|4\n|teamsize|p2|4\n|start\n|switch|p1a: Rotom|Rotom-Fan, L50|100/100\n|switch|p1b: Excadrill|Excadrill, L50, M|100/100\n|switch|p2a: Aggron|Aggron, L50, M, shiny|100/100\n|switch|p2b: Hippowdon|Hippowdon, L50, F|100/100\n|-ability|p1b: Excadrill|Mold Breaker\n|-weather|Sandstorm|[from] ability: Sand Stream|[of] p2b: Hippowdon\n|turn|1\n|\n|t:|1776198455\n|detailschange|p2a: Aggron|Aggron-Mega, L50, M, shiny\n|-mega|p2a: Aggron|Aggron|Aggronite\n|move|p1a: Rotom|Will-O-Wisp|p2a: Aggron\n|-status|p2a: Aggron|brn\n|move|p1b: Excadrill|Earthquake|p2b: Hippowdon|[spread] p2a,p2b\n|-immune|p1a: Rotom\n|-supereffective|p2a: Aggron|1\n|-damage|p2a: Aggron|60/100 brn\n|-damage|p2b: Hippowdon|76/100\n|move|p2a: Aggron|Body Press|p1b: Excadrill\n|-supereffective|p1b: Excadrill|1\n|-damage|p1b: Excadrill|46/100\n|move|p2b: Hippowdon|Stealth Rock|p1b: Excadrill\n|-sidestart|p1: KogaAF1219|move: Stealth Rock\n|\n|-weather|Sandstorm|[upkeep]\n|-damage|p1a: Rotom|95/100|[from] Sandstorm\n|-heal|p2b: Hippowdon|82/100|[from] item: Leftovers\n|-damage|p2a: Aggron|54/100 brn|[from] brn\n|upkeep\n|turn|2\n|\n|t:|1776198473\n|move|p2a: Aggron|Protect|p2a: Aggron\n|-singleturn|p2a: Aggron|Protect\n|move|p1a: Rotom|Will-O-Wisp|p2b: Hippowdon\n|-status|p2b: Hippowdon|brn\n|move|p1b: Excadrill|Earthquake|p2b: Hippowdon|[spread] p2b\n|-activate|p2a: Aggron|move: Protect\n|-immune|p1a: Rotom\n|-damage|p2b: Hippowdon|57/100 brn\n|move|p2b: Hippowdon|Earthquake|p1a: Rotom|[spread] p1b\n|-activate|p2a: Aggron|move: Protect\n|-immune|p1a: Rotom\n|-supereffective|p1b: Excadrill|1\n|-damage|p1b: Excadrill|2/100\n|\n|-weather|Sandstorm|[upkeep]\n|-damage|p1a: Rotom|89/100|[from] Sandstorm\n|-heal|p2b: Hippowdon|63/100 brn|[from] item: Leftovers\n|-damage|p2a: Aggron|47/100 brn|[from] brn\n|-damage|p2b: Hippowdon|57/100 brn|[from] brn\n|upkeep\n|turn|3\n|\n|t:|1776198491\n|switch|p2b: Sinistcha|Sinistcha, L50|100/100\n|-heal|p2a: Aggron|72/100 brn|[from] ability: Hospitality|[of] p2b: Sinistcha\n|move|p1a: Rotom|Will-O-Wisp|p2b: Sinistcha\n|-status|p2b: Sinistcha|brn\n|move|p1b: Excadrill|Earthquake|p2a: Aggron|[spread] p2a,p2b\n|-immune|p1a: Rotom\n|-supereffective|p2a: Aggron|1\n|-resisted|p2b: Sinistcha|1\n|-damage|p2a: Aggron|32/100 brn\n|-damage|p2b: Sinistcha|84/100 brn\n|move|p2a: Aggron|Iron Defense|p2a: Aggron\n|-boost|p2a: Aggron|def|2\n|\n|-weather|Sandstorm|[upkeep]\n|-damage|p1a: Rotom|83/100|[from] Sandstorm\n|-damage|p2b: Sinistcha|77/100 brn|[from] Sandstorm\n|-damage|p2b: Sinistcha|71/100 brn|[from] brn\n|-damage|p2a: Aggron|25/100 brn|[from] brn\n|upkeep\n|turn|4\n|inactive|KogaAF1219 has 30 seconds left.\n|inactive|Forjadordevinculos has 30 seconds left.\n|\n|t:|1776198522\n|switch|p1a: Farigiraf|Farigiraf, L50, M|100/100\n|-damage|p1a: Farigiraf|88/100|[from] Stealth Rock\n|move|p1b: Excadrill|Protect|p1b: Excadrill\n|-singleturn|p1b: Excadrill|Protect\n|move|p2b: Sinistcha|Life Dew|p2b: Sinistcha|[spread] p2a,p2b\n|-heal|p2a: Aggron|50/100 brn\n|-heal|p2b: Sinistcha|97/100 brn\n|move|p2a: Aggron|Iron Defense|p2a: Aggron\n|-boost|p2a: Aggron|def|2\n|\n|-weather|Sandstorm|[upkeep]\n|-damage|p2b: Sinistcha|90/100 brn|[from] Sandstorm\n|-damage|p1a: Farigiraf|82/100|[from] Sandstorm\n|-damage|p2b: Sinistcha|84/100 brn|[from] brn\n|-damage|p2a: Aggron|44/100 brn|[from] brn\n|upkeep\n|turn|5\n|\n|t:|1776198544\n|move|p1b: Excadrill|High Horsepower|p2a: Aggron\n|-supereffective|p2a: Aggron|1\n|-damage|p2a: Aggron|26/100 brn\n|move|p2b: Sinistcha|Matcha Gotcha|p1b: Excadrill|[spread] p1a,p1b\n|-damage|p1a: Farigiraf|51/100\n|-heal|p2b: Sinistcha|100/100 brn|[from] drain|[of] p1a: Farigiraf\n|-damage|p1b: Excadrill|0 fnt\n|faint|p1b: Excadrill\n|move|p1a: Farigiraf|Thunderbolt|p2a: Aggron\n|-damage|p2a: Aggron|3/100 brn\n|move|p2a: Aggron|Body Press|p1a: Farigiraf\n|-damage|p1a: Farigiraf|0 fnt\n|faint|p1a: Farigiraf\n|\n|-weather|none\n|-damage|p2b: Sinistcha|94/100 brn|[from] brn\n|-damage|p2a: Aggron|0 fnt|[from] brn\n|faint|p2a: Aggron\n|upkeep\n|\n|t:|1776198561\n|switch|p1b: Rotom|Rotom-Fan, L50|83/100\n|switch|p1a: Torkoal|Torkoal, L50, F|100/100\n|switch|p2a: Incineroar|Incineroar, L50, M, shiny|100/100\n|-damage|p1b: Rotom|58/100|[from] Stealth Rock\n|-ability|p2a: Incineroar|Intimidate|boost\n|-unboost|p1a: Torkoal|atk|1\n|-unboost|p1b: Rotom|atk|1\n|-damage|p1a: Torkoal|76/100|[from] Stealth Rock\n|-weather|SunnyDay|[from] ability: Drought|[of] p1a: Torkoal\n|turn|6\n|\n|t:|1776198584\n|move|p2a: Incineroar|Fake Out|p1a: Torkoal\n|-damage|p1a: Torkoal|67/100\n|move|p1b: Rotom|Air Slash|p2b: Sinistcha\n|-supereffective|p2b: Sinistcha|1\n|-damage|p2b: Sinistcha|40/100 brn\n|move|p2b: Sinistcha|Matcha Gotcha|p1b: Rotom|[spread] p1a,p1b\n|-resisted|p1a: Torkoal|1\n|-resisted|p1b: Rotom|1\n|-damage|p1a: Torkoal|52/100\n|-heal|p2b: Sinistcha|48/100 brn|[from] drain|[of] p1a: Torkoal\n|-damage|p1b: Rotom|44/100\n|-heal|p2b: Sinistcha|54/100 brn|[from] drain|[of] p1b: Rotom\n|cant|p1a: Torkoal|flinch\n|\n|-weather|SunnyDay|[upkeep]\n|-damage|p2b: Sinistcha|48/100 brn|[from] brn\n|upkeep\n|turn|7\n|\n|t:|1776198606\n|switch|p2b: Hippowdon|Hippowdon, L50, F|57/100 brn\n|-weather|Sandstorm|[from] ability: Sand Stream|[of] p2b: Hippowdon\n|move|p1b: Rotom|Air Slash|p2a: Incineroar\n|-damage|p2a: Incineroar|81/100\n|cant|p2a: Incineroar|flinch\n|move|p1a: Torkoal|Heat Wave|p2a: Incineroar|[spread] p2a,p2b\n|-resisted|p2a: Incineroar|1\n|-damage|p2a: Incineroar|67/100\n|-damage|p2b: Hippowdon|32/100 brn\n|\n|-weather|Sandstorm|[upkeep]\n|-damage|p1b: Rotom|39/100|[from] Sandstorm\n|-damage|p2a: Incineroar|61/100|[from] Sandstorm\n|-damage|p1a: Torkoal|46/100|[from] Sandstorm\n|-heal|p2b: Hippowdon|38/100 brn|[from] item: Leftovers\n|-damage|p2b: Hippowdon|32/100 brn|[from] brn\n|upkeep\n|turn|8\n|inactive|Forjadordevinculos has 30 seconds left.\n|\n|t:|1776198635\n|move|p1b: Rotom|Air Slash|p2a: Incineroar\n|-damage|p2a: Incineroar|41/100\n|move|p2a: Incineroar|Parting Shot|p1b: Rotom\n|-unboost|p1b: Rotom|atk|1\n|-unboost|p1b: Rotom|spa|1\n|\n|t:|1776198640\n|switch|p2a: Sinistcha|Sinistcha, L50|48/100 brn|[from] Parting Shot\n|-heal|p2b: Hippowdon|56/100 brn|[from] ability: Hospitality|[of] p2a: Sinistcha\n|move|p2b: Hippowdon|Slack Off|p2b: Hippowdon\n|-heal|p2b: Hippowdon|100/100 brn\n|move|p1a: Torkoal|Heat Wave|p2a: Sinistcha|[spread] p2a\n|-miss|p1a: Torkoal|p2b: Hippowdon\n|-supereffective|p2a: Sinistcha|1\n|-enditem|p2a: Sinistcha|Occa Berry|[eat]\n|-enditem|p2a: Sinistcha|Occa Berry|[weaken]\n|-damage|p2a: Sinistcha|11/100 brn\n|\n|-weather|Sandstorm|[upkeep]\n|-damage|p1b: Rotom|33/100|[from] Sandstorm\n|-damage|p2a: Sinistcha|5/100 brn|[from] Sandstorm\n|-damage|p1a: Torkoal|39/100|[from] Sandstorm\n|-damage|p2a: Sinistcha|0 fnt|[from] brn\n|faint|p2a: Sinistcha\n|-damage|p2b: Hippowdon|94/100 brn|[from] brn\n|upkeep\n|\n|t:|1776198650\n|switch|p2a: Incineroar|Incineroar, L50, M, shiny|41/100\n|-ability|p2a: Incineroar|Intimidate|boost\n|-unboost|p1a: Torkoal|atk|1\n|-unboost|p1b: Rotom|atk|1\n|turn|9\n|\n|t:|1776198662\n|move|p2a: Incineroar|Fake Out|p1b: Rotom\n|-damage|p1b: Rotom|22/100\n|cant|p1b: Rotom|flinch\n|move|p2b: Hippowdon|Yawn|p1a: Torkoal\n|-start|p1a: Torkoal|move: Yawn|[of] p2b: Hippowdon\n|move|p1a: Torkoal|Heat Wave|p2a: Incineroar|[spread] p2a,p2b\n|-resisted|p2a: Incineroar|1\n|-damage|p2a: Incineroar|29/100\n|-damage|p2b: Hippowdon|67/100 brn\n|\n|-weather|Sandstorm|[upkeep]\n|-damage|p1b: Rotom|16/100|[from] Sandstorm\n|-damage|p2a: Incineroar|23/100|[from] Sandstorm\n|-damage|p1a: Torkoal|33/100|[from] Sandstorm\n|-heal|p2b: Hippowdon|74/100 brn|[from] item: Leftovers\n|-damage|p2b: Hippowdon|67/100 brn|[from] brn\n|upkeep\n|turn|10\n|inactive|Forjadordevinculos has 30 seconds left.\n|\n|t:|1776198690\n|move|p1b: Rotom|Air Slash|p2a: Incineroar\n|-crit|p2a: Incineroar\n|-damage|p2a: Incineroar|0 fnt\n|faint|p2a: Incineroar\n|move|p2b: Hippowdon|Yawn|p1b: Rotom\n|-start|p1b: Rotom|move: Yawn|[of] p2b: Hippowdon\n|move|p1a: Torkoal|Heat Wave|p2b: Hippowdon|[miss]\n|-miss|p1a: Torkoal|p2b: Hippowdon\n|\n|-weather|Sandstorm|[upkeep]\n|-damage|p1b: Rotom|11/100|[from] Sandstorm\n|-damage|p1a: Torkoal|27/100|[from] Sandstorm\n|-heal|p2b: Hippowdon|74/100 brn|[from] item: Leftovers\n|-damage|p2b: Hippowdon|67/100 brn|[from] brn\n|-end|p1a: Torkoal|move: Yawn|[silent]\n|-status|p1a: Torkoal|slp\n|upkeep\n|turn|11\n|c|\u2606Forjadordevinculos|lol\n|c|\u2606Forjadordevinculos|hax\n|c|\u2606Forjadordevinculos|gg\n|-message|Forjadordevinculos forfeited.\n|\n|win|KogaAF1219\n|raw|KogaAF1219's rating: 1204 &rarr; <strong>1232</strong><br />(+28 for winning)\n|raw|Forjadordevinculos's rating: 1250 &rarr; <strong>1222</strong><br />(-28 for losing)\n|l|\u2606Forjadordevinculos\n|player|p2|\n",
  "uploadtime": 1776198703,
  "views": 41,
  "formatid": "gen9championsvgc2026regma",
  "rating": 1222,
  "private": 0,
  "password": null
}