{
  "id": "gen9championsvgc2026regma-2586670657",
  "format": "[Gen 9 Champions] VGC 2026 Reg M-A",
  "players": [
    "TinyTinyB",
    "Xelemental 4ever"
  ],
  "log": "|j|\u2606TinyTinyB\n|j|\u2606Xelemental 4ever\n|t:|1776450837\n|gametype|doubles\n|player|p1|TinyTinyB|265|1303\n|player|p2|Xelemental 4ever|2|1321\n|gen|9\n|tier|[Gen 9 Champions] VGC 2026 Reg M-A\n|rated|\n|rule|Species Clause: Limit one of each Pok\u00e9mon\n|rule|Item Clause: Limit 1 of each item\n|clearpoke\n|poke|p1|Charizard, L50, M|\n|poke|p1|Venusaur, L50, F|\n|poke|p1|Tyranitar, L50, F|\n|poke|p1|Whimsicott, L50, M|\n|poke|p1|Farigiraf, L50, M|\n|poke|p1|Garchomp, L50, F|\n|poke|p2|Froslass, L50, F|\n|poke|p2|Empoleon, L50, M|\n|poke|p2|Tsareena, L50, F|\n|poke|p2|Garchomp, L50, F|\n|poke|p2|Armarouge, L50, F|\n|poke|p2|Sableye, L50, M|\n|teampreview|4\n|c|\u2606Xelemental 4ever|Gl hf\n|c|\u2606TinyTinyB|u 2\n|\n|t:|1776450893\n|teamsize|p1|4\n|teamsize|p2|4\n|start\n|switch|p1a: Farigiraf|Farigiraf, L50, M|100/100\n|switch|p1b: Tyranitar|Tyranitar, L50, F|100/100\n|switch|p2a: Armarouge|Armarouge, L50, F|100/100\n|switch|p2b: Garchomp|Garchomp, L50, F|100/100\n|-weather|Sandstorm|[from] ability: Sand Stream|[of] p1b: Tyranitar\n|turn|1\n|\n|t:|1776450914\n|move|p1b: Tyranitar|Protect|p1b: Tyranitar\n|-singleturn|p1b: Tyranitar|Protect\n|move|p2a: Armarouge|Wide Guard|p2a: Armarouge\n|-singleturn|p2a: Armarouge|Wide Guard\n|move|p2b: Garchomp|Earthquake|p1a: Farigiraf|[spread] p1a\n|-activate|p2a: Armarouge|move: Wide Guard\n|-activate|p1b: Tyranitar|move: Protect\n|-damage|p1a: Farigiraf|62/100\n|move|p1a: Farigiraf|Trick Room|p1a: Farigiraf\n|-fieldstart|move: Trick Room|[of] p1a: Farigiraf\n|\n|-weather|Sandstorm|[upkeep]\n|-damage|p1a: Farigiraf|56/100|[from] Sandstorm\n|-damage|p2a: Armarouge|94/100|[from] Sandstorm\n|upkeep\n|turn|2\n|\n|t:|1776450933\n|move|p1a: Farigiraf|Psychic|p2b: Garchomp\n|-damage|p2b: Garchomp|63/100\n|move|p2a: Armarouge|Aura Sphere|p1b: Tyranitar\n|-supereffective|p1b: Tyranitar|2\n|-damage|p1b: Tyranitar|26/100\n|move|p1b: Tyranitar|Knock Off|p2a: Armarouge\n|-supereffective|p2a: Armarouge|1\n|-enditem|p2a: Armarouge|Colbur Berry|[eat]\n|-enditem|p2a: Armarouge|Colbur Berry|[weaken]\n|-damage|p2a: Armarouge|39/100\n|move|p2b: Garchomp|Dragon Claw|p1a: Farigiraf\n|-damage|p1a: Farigiraf|17/100\n|\n|-weather|Sandstorm|[upkeep]\n|-damage|p1a: Farigiraf|11/100|[from] Sandstorm\n|-damage|p2a: Armarouge|33/100|[from] Sandstorm\n|upkeep\n|turn|3\n|\n|t:|1776450954\n|move|p1b: Tyranitar|Protect|p1b: Tyranitar\n|-singleturn|p1b: Tyranitar|Protect\n|move|p2a: Armarouge|Wide Guard|p2a: Armarouge\n|-singleturn|p2a: Armarouge|Wide Guard\n|move|p1a: Farigiraf|Hyper Voice|p2b: Garchomp|[spread] \n|-activate|p2a: Armarouge|move: Wide Guard\n|-activate|p2b: Garchomp|move: Wide Guard\n|move|p2b: Garchomp|Earthquake|p1a: Farigiraf|[spread] p1a\n|-activate|p2a: Armarouge|move: Wide Guard\n|-activate|p1b: Tyranitar|move: Protect\n|-crit|p1a: Farigiraf\n|-damage|p1a: Farigiraf|0 fnt\n|faint|p1a: Farigiraf\n|\n|-weather|Sandstorm|[upkeep]\n|-damage|p2a: Armarouge|27/100|[from] Sandstorm\n|upkeep\n|\n|t:|1776450971\n|switch|p1a: Venusaur|Venusaur, L50, F|100/100\n|turn|4\n|\n|t:|1776450993\n|switch|p1b: Garchomp|Garchomp, L50, F|100/100\n|move|p2a: Armarouge|Armor Cannon|p1a: Venusaur\n|-supereffective|p1a: Venusaur|1\n|-damage|p1a: Venusaur|0 fnt\n|-unboost|p2a: Armarouge|def|1\n|-unboost|p2a: Armarouge|spd|1\n|faint|p1a: Venusaur\n|move|p2b: Garchomp|Earthquake|p1b: Garchomp|[spread] p2a,p1b\n|-supereffective|p2a: Armarouge|1\n|-damage|p2a: Armarouge|0 fnt\n|-damage|p1b: Garchomp|55/100\n|faint|p2a: Armarouge\n|\n|-weather|Sandstorm|[upkeep]\n|upkeep\n|\n|t:|1776451007\n|switch|p2a: Froslass|Froslass, L50, F|100/100\n|switch|p1a: Tyranitar|Tyranitar, L50, F|26/100\n|turn|5\n|\n|t:|1776451015\n|detailschange|p2a: Froslass|Froslass-Mega, L50, F\n|-mega|p2a: Froslass|Froslass|Froslassite\n|-weather|Snowscape|[from] ability: Snow Warning|[of] p2a: Froslass\n|move|p1a: Tyranitar|Protect|p1a: Tyranitar\n|-singleturn|p1a: Tyranitar|Protect\n|move|p1b: Garchomp|Protect|p1b: Garchomp\n|-singleturn|p1b: Garchomp|Protect\n|move|p2b: Garchomp|Dragon Claw|p1b: Garchomp\n|-activate|p1b: Garchomp|move: Protect\n|move|p2a: Froslass|Blizzard|p1b: Garchomp|[spread] \n|-activate|p1a: Tyranitar|move: Protect\n|-activate|p1b: Garchomp|move: Protect\n|\n|-weather|Snowscape|[upkeep]\n|-fieldend|move: Trick Room\n|upkeep\n|turn|6\n|\n|t:|1776451034\n|detailschange|p1a: Tyranitar|Tyranitar-Mega, L50, F\n|-mega|p1a: Tyranitar|Tyranitar|Tyranitarite\n|-weather|Sandstorm|[from] ability: Sand Stream|[of] p1a: Tyranitar\n|move|p2a: Froslass|Blizzard|p1b: Garchomp|[spread] \n|-miss|p2a: Froslass|p1a: Tyranitar\n|-miss|p2a: Froslass|p1b: Garchomp\n|move|p2b: Garchomp|Rock Slide|p1b: Garchomp|[spread] p1a,p1b\n|-resisted|p1b: Garchomp|1\n|-damage|p1a: Tyranitar|11/100\n|-damage|p1b: Garchomp|45/100\n|move|p1b: Garchomp|Dragon Claw|p2b: Garchomp\n|-supereffective|p2b: Garchomp|1\n|-damage|p2b: Garchomp|0 fnt\n|-damage|p1b: Garchomp|33/100|[from] ability: Rough Skin|[of] p2b: Garchomp\n|faint|p2b: Garchomp\n|cant|p1a: Tyranitar|flinch\n|\n|-weather|Sandstorm|[upkeep]\n|-damage|p2a: Froslass|94/100|[from] Sandstorm\n|upkeep\n|\n|t:|1776451051\n|switch|p2b: Sableye|Sableye, L50, M|100/100\n|turn|7\n|\n|t:|1776451060\n|move|p1b: Garchomp|Protect|p1b: Garchomp\n|-singleturn|p1b: Garchomp|Protect\n|move|p1a: Tyranitar|Protect|p1a: Tyranitar\n|-singleturn|p1a: Tyranitar|Protect\n|move|p2a: Froslass|Shadow Ball|p1a: Tyranitar\n|-activate|p1a: Tyranitar|move: Protect\n|move|p2b: Sableye|Foul Play|p1b: Garchomp\n|-activate|p1b: Garchomp|move: Protect\n|\n|-weather|Sandstorm|[upkeep]\n|-damage|p2a: Froslass|88/100|[from] Sandstorm\n|-damage|p2b: Sableye|95/100|[from] Sandstorm\n|upkeep\n|turn|8\n|\n|t:|1776451077\n|move|p2a: Froslass|Shadow Ball|p1a: Tyranitar\n|-resisted|p1a: Tyranitar|1\n|-damage|p1a: Tyranitar|0 fnt\n|faint|p1a: Tyranitar\n|move|p1b: Garchomp|Dragon Claw|p2a: Froslass\n|-damage|p2a: Froslass|17/100\n|move|p2b: Sableye|Foul Play|p1b: Garchomp\n|-damage|p1b: Garchomp|0 fnt\n|faint|p1b: Garchomp\n|\n|win|Xelemental 4ever\n|raw|TinyTinyB's rating: 1303 &rarr; <strong>1284</strong><br />(-19 for losing)\n|raw|Xelemental 4ever's rating: 1321 &rarr; <strong>1340</strong><br />(+19 for winning)\n|l|\u2606TinyTinyB\n|player|p1|\n|c|\u2606Xelemental 4ever|Gg\n",
  "uploadtime": 1776451115,
  "views": 48,
  "formatid": "gen9championsvgc2026regma",
  "rating": 1284,
  "private": 0,
  "password": null
}