{
  "id": "gen9championsvgc2026regma-2588890335",
  "format": "[Gen 9 Champions] VGC 2026 Reg M-A",
  "players": [
    "Rexar06",
    "emmmmmmn"
  ],
  "log": "|j|\u2606Rexar06\n|j|\u2606emmmmmmn\n|t:|1776682901\n|gametype|doubles\n|player|p1|Rexar06|102|1205\n|player|p2|emmmmmmn|dawn-gen4pt|1203\n|gen|9\n|tier|[Gen 9 Champions] VGC 2026 Reg M-A\n|rated|\n|rule|Species Clause: Limit one of each Pok\u00e9mon\n|rule|Item Clause: Limit 1 of each item\n|clearpoke\n|poke|p1|Kingambit, L50, F|\n|poke|p1|Farigiraf, L50, F|\n|poke|p1|Golurk, L50|\n|poke|p1|Sinistcha, L50|\n|poke|p1|Incineroar, L50, F|\n|poke|p1|Primarina, L50, F|\n|poke|p2|Gardevoir, L50, F|\n|poke|p2|Aerodactyl, L50, F|\n|poke|p2|Incineroar, L50, M|\n|poke|p2|Kingambit, L50, M|\n|poke|p2|Garchomp, L50, M|\n|poke|p2|Basculegion, L50, M|\n|teampreview|4\n|inactive|Battle timer is ON: inactive players will automatically lose when time's up. (requested by emmmmmmn)\n|inactive|Rexar06 has 60 seconds left.\n|\n|t:|1776682969\n|teamsize|p1|4\n|teamsize|p2|4\n|start\n|switch|p1a: Farigiraf|Farigiraf, L50, F|100/100\n|switch|p1b: Sinistcha|Sinistcha, L50|100/100\n|switch|p2a: Gardevoir|Gardevoir, L50, F|100/100\n|switch|p2b: Basculegion|Basculegion, L50, M|100/100\n|turn|1\n|inactive|Rexar06 has 30 seconds left.\n|inactive|emmmmmmn has 30 seconds left.\n|\n|t:|1776683004\n|detailschange|p2a: Gardevoir|Gardevoir-Mega, L50, F\n|-mega|p2a: Gardevoir|Gardevoir|Gardevoirite\n|move|p2b: Basculegion|Flip Turn|p1a: Farigiraf\n|-damage|p1a: Farigiraf|61/100\n|\n|t:|1776683012\n|switch|p2b: Kingambit|Kingambit, L50, M|100/100|[from] Flip Turn\n|move|p2a: Gardevoir|Hyper Voice|p1a: Farigiraf|[spread] p1a,p1b\n|-damage|p1a: Farigiraf|4/100\n|-damage|p1b: Sinistcha|52/100\n|move|p1b: Sinistcha|Matcha Gotcha|p2a: Gardevoir|[spread] p2a,p2b\n|-resisted|p2b: Kingambit|1\n|-damage|p2a: Gardevoir|80/100\n|-heal|p1b: Sinistcha|62/100|[from] drain|[of] p2a: Gardevoir\n|-damage|p2b: Kingambit|87/100\n|-heal|p1b: Sinistcha|70/100|[from] drain|[of] p2b: Kingambit\n|-status|p2a: Gardevoir|brn\n|move|p1a: Farigiraf|Trick Room|p1a: Farigiraf\n|-fieldstart|move: Trick Room|[of] p1a: Farigiraf\n|\n|-heal|p1b: Sinistcha|76/100|[from] item: Leftovers\n|-damage|p2a: Gardevoir|74/100 brn|[from] brn\n|upkeep\n|turn|2\n|inactive|Rexar06 has 30 seconds left.\n|inactive|emmmmmmn has 30 seconds left.\n|\n|t:|1776683046\n|switch|p2a: Incineroar|Incineroar, L50, M|100/100\n|-ability|p2a: Incineroar|Intimidate|boost\n|-unboost|p1a: Farigiraf|atk|1\n|-unboost|p1b: Sinistcha|atk|1\n|move|p1a: Farigiraf|Helping Hand|p1b: Sinistcha\n|-singleturn|p1b: Sinistcha|Helping Hand|[of] p1a: Farigiraf\n|move|p2b: Kingambit|Kowtow Cleave|p1b: Sinistcha\n|-supereffective|p1b: Sinistcha|1\n|-damage|p1b: Sinistcha|0 fnt\n|faint|p1b: Sinistcha\n|\n|upkeep\n|\n|t:|1776683060\n|switch|p1b: Golurk|Golurk, L50|100/100\n|turn|3\n|inactive|Rexar06 has 30 seconds left.\n|\n|t:|1776683088\n|switch|p1a: Kingambit|Kingambit, L50, F|100/100\n|detailschange|p1b: Golurk|Golurk-Mega, L50\n|-mega|p1b: Golurk|Golurk|Golurkite\n|move|p2b: Kingambit|Protect|p2b: Kingambit\n|-singleturn|p2b: Kingambit|Protect\n|move|p1b: Golurk|Headlong Rush|p2b: Kingambit\n|-supereffective|p2b: Kingambit|1\n|-ability|p1b: Golurk|Unseen Fist\n|-zbroken|p2b: Kingambit\n|-damage|p2b: Kingambit|58/100\n|-unboost|p1b: Golurk|def|1\n|-unboost|p1b: Golurk|spd|1\n|move|p2a: Incineroar|Parting Shot|p1b: Golurk\n|-unboost|p1b: Golurk|atk|1\n|-unboost|p1b: Golurk|spa|1\n|\n|t:|1776683109\n|switch|p2a: Gardevoir|Gardevoir-Mega, L50, F|74/100 brn|[from] Parting Shot\n|\n|-damage|p2a: Gardevoir|68/100 brn|[from] brn\n|upkeep\n|turn|4\n|\n|t:|1776683126\n|switch|p1b: Farigiraf|Farigiraf, L50, F|4/100\n|move|p2a: Gardevoir|Protect|p2a: Gardevoir\n|-singleturn|p2a: Gardevoir|Protect\n|move|p1a: Kingambit|Iron Head|p2a: Gardevoir\n|-activate|p2a: Gardevoir|move: Protect\n|move|p2b: Kingambit|Kowtow Cleave|p1b: Farigiraf\n|-supereffective|p1b: Farigiraf|1\n|-damage|p1b: Farigiraf|0 fnt\n|faint|p1b: Farigiraf\n|\n|-damage|p2a: Gardevoir|63/100 brn|[from] brn\n|upkeep\n|\n|t:|1776683138\n|switch|p1b: Golurk|Golurk-Mega, L50|100/100\n|turn|5\n|\n|t:|1776683156\n|switch|p2a: Incineroar|Incineroar, L50, M|100/100\n|-ability|p2a: Incineroar|Intimidate|boost\n|-unboost|p1a: Kingambit|atk|1\n|-ability|p1a: Kingambit|Defiant|boost\n|-boost|p1a: Kingambit|atk|2\n|-unboost|p1b: Golurk|atk|1\n|move|p2b: Kingambit|Sucker Punch|p1b: Golurk\n|-supereffective|p1b: Golurk|1\n|-damage|p1b: Golurk|9/100\n|move|p1a: Kingambit|Iron Head|p2a: Incineroar\n|-resisted|p2a: Incineroar|1\n|-damage|p2a: Incineroar|68/100\n|move|p1b: Golurk|Headlong Rush|p2b: Kingambit\n|-supereffective|p2b: Kingambit|1\n|-damage|p2b: Kingambit|0 fnt\n|-unboost|p1b: Golurk|def|1\n|-unboost|p1b: Golurk|spd|1\n|faint|p2b: Kingambit\n|\n|-fieldend|move: Trick Room\n|upkeep\n|\n|t:|1776683172\n|switch|p2b: Gardevoir|Gardevoir-Mega, L50, F|63/100 brn\n|turn|6\n|\n|t:|1776683188\n|move|p1a: Kingambit|Protect|p1a: Kingambit\n|-singleturn|p1a: Kingambit|Protect\n|move|p2a: Incineroar|Fake Out|p1a: Kingambit\n|-activate|p1a: Kingambit|move: Protect\n|move|p2b: Gardevoir|Hyper Voice|p1b: Golurk|[spread] p1b\n|-activate|p1a: Kingambit|move: Protect\n|-damage|p1b: Golurk|0 fnt\n|faint|p1b: Golurk\n|\n|-damage|p2b: Gardevoir|57/100 brn|[from] brn\n|upkeep\n|turn|7\n|\n|t:|1776683201\n|move|p2b: Gardevoir|Hyper Voice|p1a: Kingambit\n|-damage|p1a: Kingambit|30/100\n|move|p2a: Incineroar|Flare Blitz|p1a: Kingambit\n|-supereffective|p1a: Kingambit|1\n|-damage|p1a: Kingambit|0 fnt\n|faint|p1a: Kingambit\n|-damage|p2a: Incineroar|58/100|[from] Recoil\n|\n|win|emmmmmmn\n|raw|Rexar06's rating: 1205 &rarr; <strong>1180</strong><br />(-25 for losing)\n|raw|emmmmmmn's rating: 1203 &rarr; <strong>1228</strong><br />(+25 for winning)\n|l|\u2606Rexar06\n|player|p1|\n",
  "uploadtime": 1776683215,
  "views": 10,
  "formatid": "gen9championsvgc2026regma",
  "rating": 1180,
  "private": 0,
  "password": null
}