{
  "id": "gen9championsvgc2026regma-2582659422",
  "format": "[Gen 9 Champions] VGC 2026 Reg M-A",
  "players": [
    "LimeAbuser",
    "Braute"
  ],
  "log": "|j|\u2606LimeAbuser\n|j|\u2606Braute\n|t:|1776105531\n|gametype|doubles\n|player|p1|LimeAbuser|170|1241\n|player|p2|Braute|miku-fire|1257\n|gen|9\n|tier|[Gen 9 Champions] VGC 2026 Reg M-A\n|rated|\n|rule|Species Clause: Limit one of each Pok\u00e9mon\n|rule|Item Clause: Limit 1 of each item\n|clearpoke\n|poke|p1|Floette-Eternal, L50, F|\n|poke|p1|Incineroar, L50, M|\n|poke|p1|Sinistcha, L50|\n|poke|p1|Basculegion-F, L50, F|\n|poke|p1|Garchomp, L50, F|\n|poke|p1|Talonflame, L50, F|\n|poke|p2|Beedrill, L50, M|\n|poke|p2|Incineroar, L50, F|\n|poke|p2|Talonflame, L50, F|\n|poke|p2|Kingambit, L50, F|\n|poke|p2|Tyranitar, L50, F|\n|poke|p2|Excadrill, L50, F|\n|teampreview|4\n|inactive|Battle timer is ON: inactive players will automatically lose when time's up. (requested by Braute)\n|inactive|LimeAbuser also wants the timer to be on.\n|\n|t:|1776105560\n|teamsize|p1|4\n|teamsize|p2|4\n|start\n|switch|p1a: Talonflame|Talonflame, L50, F|100/100\n|switch|p1b: Garchomp|Garchomp, L50, F|100/100\n|switch|p2a: Beedrill|Beedrill, L50, M, shiny|100/100\n|switch|p2b: Kingambit|Kingambit, L50, F, shiny|100/100\n|turn|1\n|\n|t:|1776105575\n|switch|p2a: Incineroar|Incineroar, L50, F, shiny|100/100\n|-ability|p2a: Incineroar|Intimidate|boost\n|-unboost|p1a: Talonflame|atk|1\n|-unboost|p1b: Garchomp|atk|1\n|-enditem|p1b: Garchomp|White Herb\n|-clearnegativeboost|p1b: Garchomp|[silent]\n|move|p1a: Talonflame|Dual Wingbeat|p2a: Incineroar\n|-damage|p2a: Incineroar|90/100\n|-damage|p2a: Incineroar|80/100\n|-hitcount|p2a: Incineroar|2\n|move|p1b: Garchomp|Earthquake|p2a: Incineroar|[spread] p2a,p2b\n|-immune|p1a: Talonflame\n|-supereffective|p2a: Incineroar|1\n|-supereffective|p2b: Kingambit|1\n|-damage|p2a: Incineroar|0 fnt\n|-damage|p2b: Kingambit|25/100\n|faint|p2a: Incineroar\n|move|p2b: Kingambit|Kowtow Cleave|p1b: Garchomp\n|-damage|p1b: Garchomp|49/100\n|-damage|p2b: Kingambit|13/100|[from] ability: Rough Skin|[of] p1b: Garchomp\n|\n|upkeep\n|\n|t:|1776105585\n|switch|p2a: Talonflame|Talonflame, L50, F|100/100\n|turn|2\n|inactive|LimeAbuser has 30 seconds left.\n|\n|t:|1776105616\n|move|p1b: Garchomp|Protect|p1b: Garchomp\n|-singleturn|p1b: Garchomp|Protect\n|move|p2a: Talonflame|Dual Wingbeat|p1a: Talonflame\n|-damage|p1a: Talonflame|75/100\n|-damage|p1a: Talonflame|47/100\n|-hitcount|p1a: Talonflame|2\n|move|p2b: Kingambit|Sucker Punch||[still]\n|-fail|p2b: Kingambit\n|move|p1a: Talonflame|Flare Blitz|p2b: Kingambit\n|-supereffective|p2b: Kingambit|1\n|-damage|p2b: Kingambit|0 fnt\n|faint|p2b: Kingambit\n|-damage|p1a: Talonflame|42/100|[from] Recoil\n|\n|upkeep\n|\n|t:|1776105626\n|switch|p2b: Beedrill|Beedrill, L50, M, shiny|100/100\n|turn|3\n|\n|t:|1776105640\n|switch|p1b: Incineroar|Incineroar, L50, M|100/100\n|-ability|p1b: Incineroar|Intimidate|boost\n|-unboost|p2a: Talonflame|atk|1\n|-unboost|p2b: Beedrill|atk|1\n|detailschange|p2b: Beedrill|Beedrill-Mega, L50, M, shiny\n|-mega|p2b: Beedrill|Beedrill|Beedrillite\n|move|p1a: Talonflame|Protect|p1a: Talonflame\n|-singleturn|p1a: Talonflame|Protect\n|move|p2a: Talonflame|Dual Wingbeat|p1a: Talonflame\n|-activate|p1a: Talonflame|move: Protect\n|move|p2b: Beedrill|Lunge|p1b: Incineroar\n|-crit|p1b: Incineroar\n|-damage|p1b: Incineroar|12/100\n|-unboost|p1b: Incineroar|atk|1\n|\n|upkeep\n|turn|4\n|inactive|LimeAbuser has 30 seconds left.\n|inactive|Braute has 30 seconds left.\n|inactive|LimeAbuser has 20 seconds left.\n|inactive|Braute has 20 seconds left.\n|inactive|LimeAbuser has 15 seconds left.\n|inactive|LimeAbuser has 10 seconds left.\n|inactive|LimeAbuser has 5 seconds left.\n|\n|t:|1776105694\n|switch|p1a: Garchomp|Garchomp, L50, F|49/100\n|move|p1b: Incineroar|Fake Out|p2b: Beedrill\n|-damage|p2b: Beedrill|83/100\n|move|p2a: Talonflame|Tailwind|p2a: Talonflame\n|-sidestart|p2: Braute|move: Tailwind\n|cant|p2b: Beedrill|flinch\n|\n|upkeep\n|turn|5\n|\n|t:|1776105710\n|move|p2a: Talonflame|Dual Wingbeat|p1b: Incineroar|[miss]\n|-miss|p2a: Talonflame|p1b: Incineroar\n|move|p2b: Beedrill|Lunge|p1a: Garchomp\n|-damage|p1a: Garchomp|11/100\n|-unboost|p1a: Garchomp|atk|1\n|-damage|p2b: Beedrill|71/100|[from] ability: Rough Skin|[of] p1a: Garchomp\n|move|p1a: Garchomp|Rock Slide|p2a: Talonflame|[spread] p2a,p2b\n|-supereffective|p2a: Talonflame|2\n|-supereffective|p2b: Beedrill|1\n|-damage|p2a: Talonflame|17/100\n|-damage|p2b: Beedrill|10/100\n|move|p1b: Incineroar|Throat Chop|p2a: Talonflame\n|-damage|p2a: Talonflame|0 fnt\n|faint|p2a: Talonflame\n|\n|upkeep\n|turn|6\n|-message|Braute forfeited.\n|\n|win|LimeAbuser\n|raw|LimeAbuser's rating: 1241 &rarr; <strong>1267</strong><br />(+26 for winning)\n|raw|Braute's rating: 1257 &rarr; <strong>1231</strong><br />(-26 for losing)\n",
  "uploadtime": 1776105720,
  "views": 34,
  "formatid": "gen9championsvgc2026regma",
  "rating": 1231,
  "private": 0,
  "password": null
}