{
  "id": "gen9championsvgc2026regma-2587846701",
  "format": "[Gen 9 Champions] VGC 2026 Reg M-A",
  "players": [
    "yoshep",
    "Spottedwoot"
  ],
  "log": "|j|\u2606yoshep\n|j|\u2606Spottedwoot\n|t:|1776570111\n|gametype|doubles\n|player|p1|yoshep|2|1441\n|player|p2|Spottedwoot|102|1546\n|gen|9\n|tier|[Gen 9 Champions] VGC 2026 Reg M-A\n|rated|\n|rule|Species Clause: Limit one of each Pok\u00e9mon\n|rule|Item Clause: Limit 1 of each item\n|clearpoke\n|poke|p1|Froslass, L50, F|\n|poke|p1|Archaludon, L50, M|\n|poke|p1|Basculegion, L50, M|\n|poke|p1|Sinistcha-Masterpiece, L50|\n|poke|p1|Milotic, L50, F|\n|poke|p1|Sneasler, L50, F|\n|poke|p2|Gengar, L50, M|\n|poke|p2|Rotom-Wash, L50|\n|poke|p2|Incineroar, L50, M|\n|poke|p2|Sinistcha, L50|\n|poke|p2|Garchomp, L50, M|\n|poke|p2|Kingambit, L50, M|\n|teampreview|4\n|inactive|Battle timer is ON: inactive players will automatically lose when time's up. (requested by yoshep)\n|inactive|yoshep has 60 seconds left.\n|\n|t:|1776570154\n|teamsize|p1|4\n|teamsize|p2|4\n|start\n|switch|p1a: Sneasler|Sneasler, L50, F|100/100\n|switch|p1b: Froslass|Froslass, L50, F|100/100\n|switch|p2a: Gengar|Gengar, L50, M|100/100\n|switch|p2b: Kingambit|Kingambit, L50, M|100/100\n|turn|1\n|\n|t:|1776570173\n|detailschange|p2a: Gengar|Gengar-Mega, L50, M\n|-mega|p2a: Gengar|Gengar|Gengarite\n|move|p1b: Froslass|Protect|p1b: Froslass\n|-singleturn|p1b: Froslass|Protect\n|move|p2b: Kingambit|Sucker Punch|p1a: Sneasler\n|-resisted|p1a: Sneasler|1\n|-damage|p1a: Sneasler|56/100\n|move|p2a: Gengar|Shadow Ball|p1a: Sneasler\n|-damage|p1a: Sneasler|0 fnt\n|faint|p1a: Sneasler\n|\n|upkeep\n|\n|t:|1776570183\n|switch|p1a: Basculegion|Basculegion, L50, M|100/100\n|turn|2\n|\n|t:|1776570203\n|switch|p1a: Archaludon|Archaludon, L50, M|100/100\n|detailschange|p1b: Froslass|Froslass-Mega, L50, F\n|-mega|p1b: Froslass|Froslass|Froslassite\n|-weather|Snowscape|[from] ability: Snow Warning|[of] p1b: Froslass\n|move|p2b: Kingambit|Sucker Punch||[still]\n|-fail|p2b: Kingambit\n|move|p2a: Gengar|Shadow Ball|p1b: Froslass\n|-supereffective|p1b: Froslass|1\n|-damage|p1b: Froslass|7/100\n|move|p1b: Froslass|Shadow Ball|p2a: Gengar\n|-supereffective|p2a: Gengar|1\n|-damage|p2a: Gengar|6/100\n|\n|-weather|Snowscape|[upkeep]\n|upkeep\n|turn|3\n|inactive|yoshep has 30 seconds left.\n|\n|t:|1776570229\n|move|p1a: Archaludon|Protect|p1a: Archaludon\n|-singleturn|p1a: Archaludon|Protect\n|move|p2b: Kingambit|Sucker Punch|p1b: Froslass\n|-supereffective|p1b: Froslass|1\n|-crit|p1b: Froslass\n|-damage|p1b: Froslass|0 fnt\n|faint|p1b: Froslass\n|move|p2a: Gengar|Shadow Ball|p1a: Archaludon\n|-activate|p1a: Archaludon|move: Protect\n|\n|-weather|Snowscape|[upkeep]\n|upkeep\n|\n|t:|1776570233\n|switch|p1b: Basculegion|Basculegion, L50, M|100/100\n|turn|4\n|\n|t:|1776570243\n|switch|p2b: Sinistcha|Sinistcha, L50|100/100\n|-heal|p2a: Gengar|30/100|[from] ability: Hospitality|[of] p2b: Sinistcha\n|move|p2a: Gengar|Protect|p2a: Gengar\n|-singleturn|p2a: Gengar|Protect\n|move|p1b: Basculegion|Aqua Jet|p2a: Gengar\n|-activate|p2a: Gengar|move: Protect\n|move|p1a: Archaludon|Thunderbolt|p2b: Sinistcha\n|-resisted|p2b: Sinistcha|1\n|-damage|p2b: Sinistcha|86/100\n|-status|p2b: Sinistcha|par\n|\n|-weather|Snowscape|[upkeep]\n|-heal|p2b: Sinistcha|93/100 par|[from] item: Leftovers\n|upkeep\n|turn|5\n|j| sammap\n|inactive|yoshep has 30 seconds left.\n|\n|t:|1776570273\n|move|p2b: Sinistcha|Rage Powder|p2b: Sinistcha\n|-singleturn|p2b: Sinistcha|move: Rage Powder\n|move|p2a: Gengar|Shadow Ball|p1b: Basculegion\n|-supereffective|p1b: Basculegion|1\n|-enditem|p1b: Basculegion|Kasib Berry|[eat]\n|-enditem|p1b: Basculegion|Kasib Berry|[weaken]\n|-damage|p1b: Basculegion|63/100\n|move|p1b: Basculegion|Last Respects|p2b: Sinistcha\n|-supereffective|p2b: Sinistcha|1\n|-damage|p2b: Sinistcha|0 fnt\n|faint|p2b: Sinistcha\n|move|p1a: Archaludon|Thunderbolt|p2a: Gengar\n|-damage|p2a: Gengar|3/100\n|\n|-weather|Snowscape|[upkeep]\n|upkeep\n|\n|t:|1776570286\n|switch|p2b: Kingambit|Kingambit, L50, M|100/100\n|turn|6\n|l| sammap\n|\n|t:|1776570300\n|move|p2a: Gengar|Protect|p2a: Gengar\n|-singleturn|p2a: Gengar|Protect\n|move|p1b: Basculegion|Protect|p1b: Basculegion\n|-singleturn|p1b: Basculegion|Protect\n|move|p1a: Archaludon|Thunderbolt|p2a: Gengar\n|-activate|p2a: Gengar|move: Protect\n|move|p2b: Kingambit|Kowtow Cleave|p1b: Basculegion\n|-activate|p1b: Basculegion|move: Protect\n|\n|-weather|none\n|upkeep\n|turn|7\n|\n|t:|1776570315\n|move|p1b: Basculegion|Protect||[still]\n|-fail|p1b: Basculegion\n|move|p2a: Gengar|Shadow Ball|p1b: Basculegion\n|-supereffective|p1b: Basculegion|1\n|-damage|p1b: Basculegion|0 fnt\n|faint|p1b: Basculegion\n|move|p1a: Archaludon|Thunderbolt|p2a: Gengar\n|-damage|p2a: Gengar|0 fnt\n|faint|p2a: Gengar\n|move|p2b: Kingambit|Kowtow Cleave|p1a: Archaludon\n|-damage|p1a: Archaludon|63/100\n|\n|upkeep\n|\n|t:|1776570326\n|switch|p2a: Garchomp|Garchomp, L50, M|100/100\n|turn|8\n|-message|yoshep forfeited.\n|\n|win|Spottedwoot\n|raw|yoshep's rating: 1441 &rarr; <strong>1427</strong><br />(-14 for losing)\n|raw|Spottedwoot's rating: 1546 &rarr; <strong>1560</strong><br />(+14 for winning)\n|l|\u2606yoshep\n|player|p1|\n|l|\u2606Spottedwoot\n|player|p2|\n",
  "uploadtime": 1776570403,
  "views": 16,
  "formatid": "gen9championsvgc2026regma",
  "rating": 1427,
  "private": 0,
  "password": null
}