{
  "id": "gen9championsvgc2026regma-2586864206",
  "format": "[Gen 9 Champions] VGC 2026 Reg M-A",
  "players": [
    "Marspiter",
    "DoctorGrizzman"
  ],
  "log": "|j|\u2606Marspiter\n|j|\u2606DoctorGrizzman\n|t:|1776466474\n|gametype|doubles\n|player|p1|Marspiter|steven|1334\n|player|p2|DoctorGrizzman|cynthia|1412\n|gen|9\n|tier|[Gen 9 Champions] VGC 2026 Reg M-A\n|rated|\n|rule|Species Clause: Limit one of each Pok\u00e9mon\n|rule|Item Clause: Limit 1 of each item\n|clearpoke\n|poke|p1|Scizor, L50, F|\n|poke|p1|Basculegion, L50, M|\n|poke|p1|Sneasler, L50, F|\n|poke|p1|Archaludon, L50, M|\n|poke|p1|Pelipper, L50, M|\n|poke|p1|Dragonite, L50, F|\n|poke|p2|Runerigus, L50, F|\n|poke|p2|Ampharos, L50, F|\n|poke|p2|Primarina, L50, F|\n|poke|p2|Chimecho, L50, F|\n|poke|p2|Rhyperior, L50, F|\n|poke|p2|Sinistcha, L50|\n|teampreview|4\n|\n|t:|1776466509\n|teamsize|p1|4\n|teamsize|p2|4\n|start\n|switch|p1a: Pelipper|Pelipper, L50, M|100/100\n|switch|p1b: Basculegion|Basculegion, L50, M|100/100\n|switch|p2a: Runerigus|Runerigus, L50, F|100/100\n|switch|p2b: Sinistcha|Sinistcha, L50|100/100\n|-weather|RainDance|[from] ability: Drizzle|[of] p1a: Pelipper\n|turn|1\n|\n|t:|1776466528\n|move|p2b: Sinistcha|Rage Powder|p2b: Sinistcha\n|-singleturn|p2b: Sinistcha|move: Rage Powder\n|move|p1b: Basculegion|Last Respects|p2b: Sinistcha\n|-supereffective|p2b: Sinistcha|1\n|-damage|p2b: Sinistcha|38/100\n|move|p1a: Pelipper|Hurricane|p2b: Sinistcha\n|-supereffective|p2b: Sinistcha|1\n|-damage|p2b: Sinistcha|0 fnt\n|faint|p2b: Sinistcha\n|move|p2a: Runerigus|Trick Room|p2a: Runerigus\n|-fieldstart|move: Trick Room|[of] p2a: Runerigus\n|\n|-weather|RainDance|[upkeep]\n|upkeep\n|\n|t:|1776466536\n|switch|p2b: Ampharos|Ampharos, L50, F|100/100\n|turn|2\n|\n|t:|1776466564\n|switch|p1b: Sneasler|Sneasler, L50, F|100/100\n|detailschange|p2b: Ampharos|Ampharos-Mega, L50, F\n|-mega|p2b: Ampharos|Ampharos|Ampharosite\n|-ability|p2b: Ampharos|Mold Breaker\n|move|p1a: Pelipper|Protect|p1a: Pelipper\n|-singleturn|p1a: Pelipper|Protect\n|move|p2a: Runerigus|Fake Tears|p1b: Sneasler\n|-unboost|p1b: Sneasler|spd|2\n|-enditem|p1b: Sneasler|White Herb\n|-clearnegativeboost|p1b: Sneasler|[silent]\n|move|p2b: Ampharos|Dragon Pulse|p1b: Sneasler\n|-damage|p1b: Sneasler|24/100\n|\n|-weather|RainDance|[upkeep]\n|upkeep\n|turn|3\n|\n|t:|1776466597\n|move|p2b: Ampharos|Protect|p2b: Ampharos\n|-singleturn|p2b: Ampharos|Protect\n|move|p2a: Runerigus|Destiny Bond|p2a: Runerigus\n|-singlemove|p2a: Runerigus|Destiny Bond\n|move|p1a: Pelipper|Weather Ball|p2a: Runerigus\n|-supereffective|p2a: Runerigus|1\n|-damage|p2a: Runerigus|0 fnt\n|faint|p2a: Runerigus\n|-activate|p2a: Runerigus|move: Destiny Bond\n|faint|p1a: Pelipper\n|move|p1b: Sneasler|Close Combat|p2b: Ampharos\n|-activate|p2b: Ampharos|move: Protect\n|\n|-weather|RainDance|[upkeep]\n|upkeep\n|\n|t:|1776466613\n|switch|p2a: Rhyperior|Rhyperior, L50, F|100/100\n|switch|p1a: Scizor|Scizor, L50, F|100/100\n|turn|4\n|\n|t:|1776466630\n|detailschange|p1a: Scizor|Scizor-Mega, L50, F\n|-mega|p1a: Scizor|Scizor|Scizorite\n|move|p2a: Rhyperior|Earthquake|p1a: Scizor|[spread] p2b,p1a,p1b\n|-supereffective|p2b: Ampharos|1\n|-supereffective|p1b: Sneasler|1\n|-damage|p2b: Ampharos|21/100\n|-damage|p1a: Scizor|66/100\n|-damage|p1b: Sneasler|0 fnt\n|faint|p1b: Sneasler\n|move|p2b: Ampharos|Thunderbolt|p1a: Scizor\n|-damage|p1a: Scizor|8/100\n|move|p1a: Scizor|Swords Dance|p1a: Scizor\n|-boost|p1a: Scizor|atk|2\n|\n|-weather|RainDance|[upkeep]\n|upkeep\n|\n|t:|1776466645\n|switch|p1b: Basculegion|Basculegion, L50, M|100/100\n|turn|5\n|\n|t:|1776466655\n|move|p1a: Scizor|Bullet Punch|p2a: Rhyperior\n|-supereffective|p2a: Rhyperior|1\n|-damage|p2a: Rhyperior|26/100\n|move|p1b: Basculegion|Aqua Jet|p2a: Rhyperior\n|-supereffective|p2a: Rhyperior|2\n|-enditem|p2a: Rhyperior|Passho Berry|[eat]\n|-enditem|p2a: Rhyperior|Passho Berry|[weaken]\n|-damage|p2a: Rhyperior|0 fnt\n|faint|p2a: Rhyperior\n|move|p2b: Ampharos|Parabolic Charge|p1a: Scizor|[spread] p1a,p1b\n|-supereffective|p1b: Basculegion|1\n|-damage|p1a: Scizor|0 fnt\n|-heal|p2b: Ampharos|25/100|[from] drain|[of] p1a: Scizor\n|-damage|p1b: Basculegion|24/100\n|-heal|p2b: Ampharos|63/100|[from] drain|[of] p1b: Basculegion\n|faint|p1a: Scizor\n|\n|-weather|none\n|-fieldend|move: Trick Room\n|upkeep\n|turn|6\n|\n|t:|1776466673\n|move|p1b: Basculegion|Aqua Jet|p2b: Ampharos\n|-resisted|p2b: Ampharos|1\n|-damage|p2b: Ampharos|50/100\n|move|p2b: Ampharos|Thunderbolt|p1b: Basculegion\n|-supereffective|p1b: Basculegion|1\n|-damage|p1b: Basculegion|0 fnt\n|faint|p1b: Basculegion\n|\n|win|DoctorGrizzman\n|raw|Marspiter's rating: 1334 &rarr; <strong>1318</strong><br />(-16 for losing)\n|raw|DoctorGrizzman's rating: 1412 &rarr; <strong>1428</strong><br />(+16 for winning)\n",
  "uploadtime": 1776466676,
  "views": 47,
  "formatid": "gen9championsvgc2026regma",
  "rating": 1318,
  "private": 0,
  "password": null
}