{
  "id": "gen9championsvgc2026regma-2586812195",
  "format": "[Gen 9 Champions] VGC 2026 Reg M-A",
  "players": [
    "fumbari 24",
    "chzao"
  ],
  "log": "|j|\u2606fumbari 24\n|j|\u2606chzao\n|t:|1776461919\n|gametype|doubles\n|player|p1|fumbari 24|ghetsis|1352\n|player|p2|chzao|clay|1381\n|gen|9\n|tier|[Gen 9 Champions] VGC 2026 Reg M-A\n|rated|\n|rule|Species Clause: Limit one of each Pok\u00e9mon\n|rule|Item Clause: Limit 1 of each item\n|clearpoke\n|poke|p1|Blastoise, L50, M|\n|poke|p1|Pelipper, L50, M|\n|poke|p1|Raichu, L50, M|\n|poke|p1|Sinistcha, L50|\n|poke|p1|Archaludon, L50, M|\n|poke|p1|Lycanroc-Dusk, L50, M|\n|poke|p2|Floette-Eternal, L50, F|\n|poke|p2|Garchomp, L50, F|\n|poke|p2|Rotom-Heat, L50|\n|poke|p2|Whimsicott, L50, F|\n|poke|p2|Kingambit, L50, M|\n|poke|p2|Farigiraf, L50, F|\n|teampreview|4\n|inactive|Battle timer is ON: inactive players will automatically lose when time's up. (requested by chzao)\n|inactive|fumbari 24 has 60 seconds left.\n|inactive|chzao has 60 seconds left.\n|\n|t:|1776461965\n|teamsize|p1|4\n|teamsize|p2|4\n|start\n|switch|p1a: Pippins|Raichu, L50, M|100/100\n|switch|p1b: Harbor|Blastoise, L50, M|100/100\n|switch|p2a: Garchomp|Garchomp, L50, F|100/100\n|switch|p2b: Farigiraf|Farigiraf, L50, F|100/100\n|turn|1\n|\n|t:|1776461980\n|switch|p1a: MineMine|Pelipper, L50, M|100/100\n|-weather|RainDance|[from] ability: Drizzle|[of] p1a: MineMine\n|switch|p2b: Rotom|Rotom-Heat, L50|100/100\n|detailschange|p1b: Harbor|Blastoise-Mega, L50, M\n|-mega|p1b: Harbor|Blastoise|Blastoisinite\n|move|p2a: Garchomp|Earthquake|p1a: MineMine|[spread] p1b\n|-immune|p2b: Rotom|[from] ability: Levitate\n|-immune|p1a: MineMine\n|-damage|p1b: Harbor|68/100\n|move|p1b: Harbor|Dark Pulse|p2b: Rotom\n|-damage|p2b: Rotom|59/100\n|\n|-weather|RainDance|[upkeep]\n|-heal|p2b: Rotom|65/100|[from] item: Leftovers\n|upkeep\n|turn|2\n|\n|t:|1776462004\n|move|p1a: MineMine|Wide Guard|p1a: MineMine\n|-singleturn|p1a: MineMine|Wide Guard\n|move|p2a: Garchomp|Earthquake|p1b: Harbor|[spread] \n|-activate|p1a: MineMine|move: Wide Guard\n|-activate|p1b: Harbor|move: Wide Guard\n|-immune|p2b: Rotom|[from] ability: Levitate\n|move|p2b: Rotom|Thunderbolt|p1a: MineMine\n|-supereffective|p1a: MineMine|2\n|-damage|p1a: MineMine|0 fnt\n|faint|p1a: MineMine\n|move|p1b: Harbor|Water Spout|p2a: Garchomp|[spread] p2a,p2b\n|-supereffective|p2b: Rotom|1\n|-damage|p2a: Garchomp|37/100\n|-damage|p2b: Rotom|0 fnt\n|faint|p2b: Rotom\n|\n|-weather|RainDance|[upkeep]\n|upkeep\n|\n|t:|1776462019\n|switch|p2b: Floette|Floette-Eternal, L50, F|100/100\n|switch|p1a: Ivy|Sinistcha, L50|100/100\n|-heal|p1b: Harbor|93/100|[from] ability: Hospitality|[of] p1a: Ivy\n|turn|3\n|\n|t:|1776462035\n|switch|p2a: Farigiraf|Farigiraf, L50, F|100/100\n|detailschange|p2b: Floette|Floette-Mega, L50, F\n|-mega|p2b: Floette|Floette|Floettite\n|-ability|p2b: Floette|Fairy Aura\n|move|p1b: Harbor|Protect|p1b: Harbor\n|-singleturn|p1b: Harbor|Protect\n|move|p2b: Floette|Calm Mind|p2b: Floette\n|-boost|p2b: Floette|spa|1\n|-boost|p2b: Floette|spd|1\n|move|p1a: Ivy|Trick Room|p1a: Ivy\n|-fieldstart|move: Trick Room|[of] p1a: Ivy\n|\n|-weather|RainDance|[upkeep]\n|upkeep\n|turn|4\n|\n|t:|1776462048\n|move|p2b: Floette|Protect|p2b: Floette\n|-singleturn|p2b: Floette|Protect\n|move|p1a: Ivy|Matcha Gotcha|p2b: Floette|[spread] p2a\n|-activate|p2b: Floette|move: Protect\n|-damage|p2a: Farigiraf|78/100\n|move|p1b: Harbor|Water Spout|p2a: Farigiraf|[spread] p2a\n|-activate|p2b: Floette|move: Protect\n|-damage|p2a: Farigiraf|0 fnt\n|faint|p2a: Farigiraf\n|\n|-weather|RainDance|[upkeep]\n|upkeep\n|\n|t:|1776462052\n|switch|p2a: Garchomp|Garchomp, L50, F|37/100\n|turn|5\n|\n|t:|1776462064\n|move|p1a: Ivy|Matcha Gotcha|p2b: Floette|[spread] p2a,p2b\n|-damage|p2a: Garchomp|9/100\n|-damage|p2b: Floette|89/100\n|move|p1b: Harbor|Water Spout|p2a: Garchomp|[spread] p2a,p2b\n|-damage|p2a: Garchomp|0 fnt\n|-damage|p2b: Floette|45/100\n|faint|p2a: Garchomp\n|move|p2b: Floette|Moonblast|p1b: Harbor\n|-damage|p1b: Harbor|0 fnt\n|faint|p1b: Harbor\n|\n|-weather|none\n|upkeep\n|\n|t:|1776462075\n|switch|p1b: Pippins|Raichu, L50, M|100/100\n|turn|6\n|\n|t:|1776462083\n|move|p2b: Floette|Protect|p2b: Floette\n|-singleturn|p2b: Floette|Protect\n|move|p1b: Pippins|Fake Out|p2b: Floette\n|-activate|p2b: Floette|move: Protect\n|move|p1a: Ivy|Trick Room|p1a: Ivy\n|-fieldend|move: Trick Room\n|\n|upkeep\n|turn|7\n|\n|t:|1776462088\n|move|p1b: Pippins|Encore|p2b: Floette\n|-start|p2b: Floette|Encore\n|move|p2b: Floette|Protect||[still]\n|-fail|p2b: Floette\n|move|p1a: Ivy|Matcha Gotcha|p2b: Floette\n|-damage|p2b: Floette|27/100\n|\n|upkeep\n|turn|8\n|\n|t:|1776462099\n|move|p2b: Floette|Protect|p2b: Floette\n|-singleturn|p2b: Floette|Protect\n|move|p1b: Pippins|Electroweb|p2b: Floette\n|-activate|p2b: Floette|move: Protect\n|move|p1a: Ivy|Matcha Gotcha|p2b: Floette\n|-activate|p2b: Floette|move: Protect\n|\n|upkeep\n|turn|9\n|\n|t:|1776462102\n|move|p2b: Floette|Protect||[still]\n|-fail|p2b: Floette\n|move|p1b: Pippins|Electroweb|p2b: Floette\n|-damage|p2b: Floette|17/100\n|-unboost|p2b: Floette|spe|1\n|move|p1a: Ivy|Matcha Gotcha|p2b: Floette\n|-damage|p2b: Floette|1/100\n|\n|-end|p2b: Floette|Encore\n|upkeep\n|turn|10\n|\n|t:|1776462114\n|move|p1b: Pippins|Encore|p2b: Floette\n|-start|p2b: Floette|Encore\n|move|p2b: Floette|Protect|p2b: Floette\n|-singleturn|p2b: Floette|Protect\n|move|p1a: Ivy|Matcha Gotcha|p2b: Floette\n|-activate|p2b: Floette|move: Protect\n|\n|upkeep\n|turn|11\n|\n|t:|1776462118\n|move|p2b: Floette|Protect|p2b: Floette\n|-singleturn|p2b: Floette|Protect\n|move|p1b: Pippins|Electroweb|p2b: Floette\n|-activate|p2b: Floette|move: Protect\n|move|p1a: Ivy|Matcha Gotcha|p2b: Floette\n|-activate|p2b: Floette|move: Protect\n|\n|upkeep\n|turn|12\n|\n|t:|1776462122\n|move|p2b: Floette|Protect||[still]\n|-fail|p2b: Floette\n|move|p1b: Pippins|Electroweb|p2b: Floette\n|-damage|p2b: Floette|0 fnt\n|faint|p2b: Floette\n|\n|win|fumbari 24\n|raw|fumbari 24's rating: 1352 &rarr; <strong>1374</strong><br />(+22 for winning)\n|raw|chzao's rating: 1381 &rarr; <strong>1359</strong><br />(-22 for losing)\n|l|\u2606chzao\n|player|p2|\n",
  "uploadtime": 1776462134,
  "views": 34,
  "formatid": "gen9championsvgc2026regma",
  "rating": 1359,
  "private": 0,
  "password": null
}