{
  "id": "gen9championsvgc2026regma-2586280586",
  "format": "[Gen 9 Champions] VGC 2026 Reg M-A",
  "players": [
    "RandomGuyInSchool",
    "ashavathama"
  ],
  "log": "|j|\u2606RandomGuyInSchool\n|j|\u2606ashavathama\n|t:|1776420784\n|gametype|doubles\n|player|p1|RandomGuyInSchool|schoolkid-gen4|1106\n|player|p2|ashavathama|266|1189\n|gen|9\n|tier|[Gen 9 Champions] VGC 2026 Reg M-A\n|rated|\n|rule|Species Clause: Limit one of each Pok\u00e9mon\n|rule|Item Clause: Limit 1 of each item\n|clearpoke\n|poke|p1|Kangaskhan, L50, F|\n|poke|p1|Sinistcha, L50|\n|poke|p1|Sneasler, L50, M|\n|poke|p1|Talonflame, L50, M|\n|poke|p1|Corviknight, L50, M|\n|poke|p1|Primarina, L50, M|\n|poke|p2|Incineroar, L50, M|\n|poke|p2|Delphox, L50, F|\n|poke|p2|Garchomp, L50, M|\n|poke|p2|Farigiraf, L50, F|\n|poke|p2|Kingambit, L50, M|\n|poke|p2|Whimsicott, L50, M|\n|teampreview|4\n|inactive|Battle timer is ON: inactive players will automatically lose when time's up. (requested by RandomGuyInSchool)\nRandomGuyInSchool rejected open team sheets.\n|inactive|RandomGuyInSchool has 60 seconds left.\n|\n|t:|1776420817\n|teamsize|p1|4\n|teamsize|p2|4\n|start\n|switch|p1a: Kangaskhan|Kangaskhan, L50, F|100/100\n|switch|p1b: Sneasler|Sneasler, L50, M|100/100\n|switch|p2a: Garchomp|Garchomp, L50, M|100/100\n|switch|p2b: Whimsicott|Whimsicott, L50, M|100/100\n|turn|1\n|inactive|RandomGuyInSchool has 30 seconds left.\n|\n|t:|1776420851\n|detailschange|p1a: Kangaskhan|Kangaskhan-Mega, L50, F\n|-mega|p1a: Kangaskhan|Kangaskhan|Kangaskhanite\n|move|p1a: Kangaskhan|Fake Out|p2b: Whimsicott\n|-damage|p2b: Whimsicott|81/100\n|-damage|p2b: Whimsicott|77/100\n|-hitcount|p2b: Whimsicott|2\n|cant|p2b: Whimsicott|flinch\n|move|p2a: Garchomp|Earthquake|p1a: Kangaskhan|[spread] p2b,p1a,p1b\n|-resisted|p2b: Whimsicott|1\n|-supereffective|p1b: Sneasler|1\n|-damage|p2b: Whimsicott|57/100\n|-damage|p1a: Kangaskhan|69/100\n|-damage|p1b: Sneasler|0 fnt\n|faint|p1b: Sneasler\n|\n|upkeep\n|\n|t:|1776420864\n|switch|p1b: Talonflame|Talonflame, L50, M|100/100\n|turn|2\n|\n|t:|1776420874\n|switch|p2a: Delphox|Delphox, L50, F|100/100\n|move|p1a: Kangaskhan|Protect|p1a: Kangaskhan\n|-singleturn|p1a: Kangaskhan|Protect\n|move|p1b: Talonflame|Dual Wingbeat|p2b: Whimsicott\n|-supereffective|p2b: Whimsicott|1\n|-damage|p2b: Whimsicott|27/100\n|-supereffective|p2b: Whimsicott|1\n|-damage|p2b: Whimsicott|0 fnt\n|faint|p2b: Whimsicott\n|-hitcount|p2: Whimsicott|2\n|\n|upkeep\n|\n|t:|1776420882\n|switch|p2b: Garchomp|Garchomp, L50, M|100/100\n|turn|3\n|\n|t:|1776420896\n|detailschange|p2a: Delphox|Delphox-Mega, L50, F\n|-mega|p2a: Delphox|Delphox|Delphoxite\n|move|p1a: Kangaskhan|Sucker Punch|p2a: Delphox\n|-supereffective|p2a: Delphox|1\n|-damage|p2a: Delphox|25/100\n|-supereffective|p2a: Delphox|1\n|-damage|p2a: Delphox|8/100\n|-hitcount|p2a: Delphox|2\n|move|p2b: Garchomp|Rock Slide|p1b: Talonflame|[spread] p1a,p1b\n|-supereffective|p1b: Talonflame|2\n|-damage|p1a: Kangaskhan|51/100\n|-enditem|p1b: Talonflame|Focus Sash\n|-damage|p1b: Talonflame|1/100\n|move|p2a: Delphox|Heat Wave|p1b: Talonflame|[spread] p1a\n|-miss|p2a: Delphox|p1b: Talonflame\n|-damage|p1a: Kangaskhan|12/100\n|move|p1b: Talonflame|Will-O-Wisp|p2b: Garchomp\n|-status|p2b: Garchomp|brn\n|\n|-damage|p2b: Garchomp|95/100 brn|[from] brn\n|upkeep\n|turn|4\n|inactive|RandomGuyInSchool has 30 seconds left.\n|\n|t:|1776420929\n|move|p2a: Delphox|Protect|p2a: Delphox\n|-singleturn|p2a: Delphox|Protect\n|move|p1a: Kangaskhan|Sucker Punch|p2b: Garchomp\n|-damage|p2b: Garchomp|70/100 brn\n|-damage|p1a: Kangaskhan|0 fnt|[from] ability: Rough Skin|[of] p2b: Garchomp\n|faint|p1a: Kangaskhan\n|-hitcount|p2b: Garchomp|1\n|move|p2b: Garchomp|Rock Slide|p1b: Talonflame\n|-supereffective|p1b: Talonflame|2\n|-damage|p1b: Talonflame|0 fnt\n|faint|p1b: Talonflame\n|\n|-damage|p2b: Garchomp|64/100 brn|[from] brn\n|upkeep\n|\n|t:|1776420939\n|switch|p1b: Primarina|Primarina, L50, M|100/100\n|turn|5\n|\n|t:|1776420946\n|move|p2b: Garchomp|Rock Slide|p1b: Primarina\n|-damage|p1b: Primarina|84/100\n|move|p2a: Delphox|Psyshock|p1b: Primarina\n|-damage|p1b: Primarina|30/100\n|move|p1b: Primarina|Hyper Voice|p2a: Delphox|[spread] p2a,p2b\n|-supereffective|p2a: Delphox|1\n|-damage|p2a: Delphox|0 fnt\n|-damage|p2b: Garchomp|12/100 brn\n|faint|p2a: Delphox\n|\n|-damage|p2b: Garchomp|6/100 brn|[from] brn\n|upkeep\n|\n|t:|1776420954\n|switch|p2a: Kingambit|Kingambit, L50, M|100/100\n|turn|6\n|\n|t:|1776420962\n|move|p1b: Primarina|Protect|p1b: Primarina\n|-singleturn|p1b: Primarina|Protect\n|move|p2b: Garchomp|Rock Slide|p1b: Primarina\n|-activate|p1b: Primarina|move: Protect\n|move|p2a: Kingambit|Kowtow Cleave|p1b: Primarina\n|-activate|p1b: Primarina|move: Protect\n|\n|-damage|p2b: Garchomp|0 fnt|[from] brn\n|faint|p2b: Garchomp\n|upkeep\n|turn|7\n|\n|t:|1776420980\n|move|p2a: Kingambit|Kowtow Cleave|p1b: Primarina\n|-resisted|p1b: Primarina|1\n|-damage|p1b: Primarina|0 fnt\n|faint|p1b: Primarina\n|\n|win|ashavathama\n|raw|RandomGuyInSchool's rating: 1106 &rarr; <strong>1087</strong><br />(-19 for losing)\n|raw|ashavathama's rating: 1189 &rarr; <strong>1208</strong><br />(+19 for winning)\n",
  "uploadtime": 1776420983,
  "views": 23,
  "formatid": "gen9championsvgc2026regma",
  "rating": 1087,
  "private": 0,
  "password": null
}