{
  "id": "gen9championsvgc2026regma-2581151423",
  "format": "[Gen 9 Champions] VGC 2026 Reg M-A",
  "players": [
    "floydzera",
    "Oras_4996"
  ],
  "log": "|j|\u2606floydzera\n|j|\u2606Oras_4996\n|t:|1775964838\n|gametype|doubles\n|player|p1|floydzera|volkner|1161\n|player|p2|Oras_4996|pokemaniac|1182\n|gen|9\n|tier|[Gen 9 Champions] VGC 2026 Reg M-A\n|rated|\n|rule|Species Clause: Limit one of each Pok\u00e9mon\n|rule|Item Clause: Limit 1 of each item\n|clearpoke\n|poke|p1|Froslass, L50, F|\n|poke|p1|Incineroar, L50, M|\n|poke|p1|Rotom-Frost, L50|\n|poke|p1|Garchomp, L50, F|\n|poke|p1|Basculegion, L50, M|\n|poke|p1|Kingambit, L50, F|\n|poke|p2|Delphox, L50, M|\n|poke|p2|Garchomp, L50, F|\n|poke|p2|Whimsicott, L50, M|\n|poke|p2|Incineroar, L50, F|\n|poke|p2|Sinistcha, L50|\n|poke|p2|Kingambit, L50, F|\n|teampreview|4\n|\n|t:|1775964888\n|teamsize|p1|4\n|teamsize|p2|4\n|start\n|switch|p1a: Incineroar|Incineroar, L50, M|100/100\n|switch|p1b: Garchomp|Garchomp, L50, F|100/100\n|switch|p2a: Whimsicott|Whimsicott, L50, M, shiny|100/100\n|switch|p2b: Kingambit|Kingambit, L50, F, shiny|100/100\n|-ability|p1a: Incineroar|Intimidate|boost\n|-unboost|p2a: Whimsicott|atk|1\n|-unboost|p2b: Kingambit|atk|1\n|-ability|p2b: Kingambit|Defiant|boost\n|-boost|p2b: Kingambit|atk|2\n|turn|1\n|\n|t:|1775964929\n|move|p1b: Garchomp|Protect|p1b: Garchomp\n|-singleturn|p1b: Garchomp|Protect\n|move|p2b: Kingambit|Protect|p2b: Kingambit\n|-singleturn|p2b: Kingambit|Protect\n|move|p2a: Whimsicott|Moonblast|p1b: Garchomp\n|-activate|p1b: Garchomp|move: Protect\n|move|p1a: Incineroar|Flare Blitz|p2b: Kingambit\n|-activate|p2b: Kingambit|move: Protect\n|\n|upkeep\n|turn|2\n|\n|t:|1775964960\n|switch|p2b: Garchomp|Garchomp, L50, F, shiny|100/100\n|move|p2a: Whimsicott|Encore|p1b: Garchomp\n|-start|p1b: Garchomp|Encore\n|move|p1b: Garchomp|Protect|p1b: Garchomp\n|-singleturn|p1b: Garchomp|Protect\n|move|p1a: Incineroar|Parting Shot|p2b: Garchomp\n|-unboost|p2b: Garchomp|atk|1\n|-unboost|p2b: Garchomp|spa|1\n|\n|t:|1775964970\n|switch|p1a: Basculegion|Basculegion, L50, M|100/100|[from] Parting Shot\n|\n|upkeep\n|turn|3\n|\n|t:|1775964995\n|switch|p1b: Incineroar|Incineroar, L50, M|100/100\n|-ability|p1b: Incineroar|Intimidate|boost\n|-unboost|p2a: Whimsicott|atk|1\n|-unboost|p2b: Garchomp|atk|1\n|move|p2b: Garchomp|Dragon Claw|p1b: Incineroar\n|-damage|p1b: Incineroar|78/100\n|move|p1a: Basculegion|Flip Turn|p2b: Garchomp\n|-damage|p2b: Garchomp|63/100\n|-damage|p1a: Basculegion|88/100|[from] ability: Rough Skin|[of] p2b: Garchomp\n|\n|t:|1775965007\n|switch|p1a: Froslass|Froslass, L50, F|100/100|[from] Flip Turn\n|move|p2a: Whimsicott|Moonblast|p1b: Incineroar\n|-damage|p1b: Incineroar|45/100\n|-enditem|p1b: Incineroar|Sitrus Berry|[eat]\n|-heal|p1b: Incineroar|70/100|[from] item: Sitrus Berry\n|\n|upkeep\n|turn|4\n|\n|t:|1775965025\n|switch|p2b: Delphox|Delphox, L50, M, shiny|100/100\n|detailschange|p1a: Froslass|Froslass-Mega, L50, F\n|-mega|p1a: Froslass|Froslass|Froslassite\n|-weather|Snowscape|[from] ability: Snow Warning|[of] p1a: Froslass\n|move|p1b: Incineroar|Fake Out|p2a: Whimsicott\n|-damage|p2a: Whimsicott|78/100\n|cant|p2a: Whimsicott|flinch\n|move|p1a: Froslass|Blizzard|p2a: Whimsicott|[spread] p2a,p2b\n|-supereffective|p2a: Whimsicott|1\n|-resisted|p2b: Delphox|1\n|-damage|p2a: Whimsicott|0 fnt\n|-damage|p2b: Delphox|72/100\n|faint|p2a: Whimsicott\n|\n|-weather|Snowscape|[upkeep]\n|upkeep\n|\n|t:|1775965039\n|switch|p2a: Garchomp|Garchomp, L50, F, shiny|63/100\n|turn|5\n|\n|t:|1775965065\n|detailschange|p2b: Delphox|Delphox-Mega, L50, M, shiny\n|-mega|p2b: Delphox|Delphox|Delphoxite\n|move|p2a: Garchomp|Earthquake|p1a: Froslass|[spread] p1a,p1b\n|-immune|p2b: Delphox|[from] ability: Levitate\n|-supereffective|p1b: Incineroar|1\n|-damage|p1a: Froslass|57/100\n|-damage|p1b: Incineroar|0 fnt\n|faint|p1b: Incineroar\n|move|p2b: Delphox|Heat Wave|p1a: Froslass|[miss]\n|-miss|p2b: Delphox|p1a: Froslass\n|move|p1a: Froslass|Shadow Ball|p2b: Delphox\n|-supereffective|p2b: Delphox|1\n|-damage|p2b: Delphox|0 fnt\n|faint|p2b: Delphox\n|\n|-weather|Snowscape|[upkeep]\n|upkeep\n|\n|t:|1775965090\n|switch|p2b: Kingambit|Kingambit, L50, F, shiny|100/100\n|switch|p1b: Garchomp|Garchomp, L50, F|100/100\n|turn|6\n|\n|t:|1775965100\n|move|p2b: Kingambit|Sucker Punch|p1a: Froslass\n|-supereffective|p1a: Froslass|1\n|-damage|p1a: Froslass|0 fnt\n|faint|p1a: Froslass\n|move|p2a: Garchomp|Earthquake|p1b: Garchomp|[spread] p2b,p1b\n|-supereffective|p2b: Kingambit|1\n|-damage|p2b: Kingambit|34/100\n|-damage|p1b: Garchomp|58/100\n|move|p1b: Garchomp|Dragon Claw|p2a: Garchomp\n|-supereffective|p2a: Garchomp|1\n|-damage|p2a: Garchomp|0 fnt\n|-damage|p1b: Garchomp|45/100|[from] ability: Rough Skin|[of] p2a: Garchomp\n|faint|p2a: Garchomp\n|\n|-weather|Snowscape|[upkeep]\n|upkeep\n|\n|t:|1775965113\n|switch|p1a: Basculegion|Basculegion, L50, M|88/100\n|turn|7\n|\n|t:|1775965131\n|move|p2b: Kingambit|Sucker Punch|p1b: Garchomp\n|-damage|p1b: Garchomp|0 fnt\n|-damage|p2b: Kingambit|22/100|[from] ability: Rough Skin|[of] p1b: Garchomp\n|faint|p1b: Garchomp\n|move|p1a: Basculegion|Wave Crash|p2b: Kingambit\n|-damage|p2b: Kingambit|0 fnt\n|faint|p2b: Kingambit\n|-damage|p1a: Basculegion|81/100|[from] Recoil\n|\n|win|floydzera\n|raw|floydzera's rating: 1161 &rarr; <strong>1188</strong><br />(+27 for winning)\n|raw|Oras_4996's rating: 1182 &rarr; <strong>1155</strong><br />(-27 for losing)\n|l|\u2606Oras_4996\n|player|p2|\n",
  "uploadtime": 1775965142,
  "views": 19,
  "formatid": "gen9championsvgc2026regma",
  "rating": 1155,
  "private": 0,
  "password": null
}