{
  "id": "gen9championsvgc2026regma-2582661147",
  "format": "[Gen 9 Champions] VGC 2026 Reg M-A",
  "players": [
    "Papuas",
    "Mattor"
  ],
  "log": "|j|\u2606Papuas\n|j|\u2606Mattor\n|t:|1776105640\n|gametype|doubles\n|player|p1|Papuas|blue|1054\n|player|p2|Mattor|1|1052\n|gen|9\n|tier|[Gen 9 Champions] VGC 2026 Reg M-A\n|rated|\n|rule|Species Clause: Limit one of each Pok\u00e9mon\n|rule|Item Clause: Limit 1 of each item\n|clearpoke\n|poke|p1|Gengar, L50, F|\n|poke|p1|Kommo-o, L50, M|\n|poke|p1|Floette-Eternal, L50, F|\n|poke|p1|Incineroar, L50, M|\n|poke|p1|Primarina, L50, M|\n|poke|p1|Sinistcha, L50|\n|poke|p2|Scizor, L50, M|\n|poke|p2|Whimsicott, L50, F|\n|poke|p2|Gliscor, L50, M|\n|poke|p2|Sableye, L50, F|\n|poke|p2|Rotom-Wash, L50|\n|poke|p2|Hydreigon, L50, F|\n|teampreview|4\n|inactive|Battle timer is ON: inactive players will automatically lose when time's up. (requested by Papuas)\n|\n|t:|1776105699\n|teamsize|p1|4\n|teamsize|p2|4\n|start\n|switch|p1a: Gengar|Gengar, L50, F|100/100\n|switch|p1b: Primarina|Primarina, L50, M|100/100\n|switch|p2a: Sableye|Sableye, L50, F, shiny|100/100\n|switch|p2b: Scizor|Scizor, L50, M, shiny|100/100\n|turn|1\n|inactive|Mattor has 30 seconds left.\n|inactive|Mattor has 20 seconds left.\n|\n|t:|1776105738\n|switch|p1b: Incineroar|Incineroar, L50, M|100/100\n|-ability|p1b: Incineroar|Intimidate|boost\n|-unboost|p2a: Sableye|atk|1\n|-unboost|p2b: Scizor|atk|1\n|detailschange|p1a: Gengar|Gengar-Mega, L50, F\n|-mega|p1a: Gengar|Gengar|Gengarite\n|detailschange|p2b: Scizor|Scizor-Mega, L50, M, shiny\n|-mega|p2b: Scizor|Scizor|Scizorite\n|move|p1a: Gengar|Protect|p1a: Gengar\n|-singleturn|p1a: Gengar|Protect\n|move|p2b: Scizor|Protect|p2b: Scizor\n|-singleturn|p2b: Scizor|Protect\n|move|p2a: Sableye|Knock Off|p1a: Gengar\n|-activate|p1a: Gengar|move: Protect\n|\n|upkeep\n|turn|2\n|inactive|Papuas has 30 seconds left.\n|inactive|Mattor has 30 seconds left.\n|inactive|Mattor has 20 seconds left.\n|inactive|Mattor has 15 seconds left.\n|\n|t:|1776105785\n|move|p1b: Incineroar|Fake Out|p2b: Scizor\n|-resisted|p2b: Scizor|1\n|-damage|p2b: Scizor|96/100\n|move|p2a: Sableye|Rain Dance|p2a: Sableye\n|-weather|RainDance\n|move|p1a: Gengar|Disable|p2a: Sableye\n|-start|p2a: Sableye|Disable|Rain Dance\n|-enditem|p2a: Sableye|Mental Herb\n|-end|p2a: Sableye|Disable\n|cant|p2b: Scizor|flinch\n|\n|-weather|RainDance|[upkeep]\n|upkeep\n|turn|3\n|inactive|Papuas has 30 seconds left.\n|inactive|Papuas has 20 seconds left.\n|\n|t:|1776105820\n|move|p1a: Gengar|Protect|p1a: Gengar\n|-singleturn|p1a: Gengar|Protect\n|move|p2b: Scizor|Close Combat|p1b: Incineroar\n|-supereffective|p1b: Incineroar|1\n|-damage|p1b: Incineroar|27/100\n|-unboost|p2b: Scizor|def|1\n|-unboost|p2b: Scizor|spd|1\n|move|p1b: Incineroar|Darkest Lariat|p2a: Sableye\n|-damage|p2a: Sableye|51/100\n|move|p2a: Sableye|Knock Off|p1a: Gengar\n|-activate|p1a: Gengar|move: Protect\n|\n|-weather|RainDance|[upkeep]\n|upkeep\n|turn|4\n|inactive|Papuas has 30 seconds left.\n|\n|t:|1776105851\n|switch|p1a: Primarina|Primarina, L50, M|100/100\n|move|p2a: Sableye|Encore||[still]\n|-fail|p2a: Sableye\n|move|p2b: Scizor|Dual Wingbeat|p1b: Incineroar\n|-damage|p1b: Incineroar|8/100\n|-damage|p1b: Incineroar|0 fnt\n|faint|p1b: Incineroar\n|-hitcount|p1: Incineroar|2\n|\n|-weather|RainDance|[upkeep]\n|upkeep\n|\n|t:|1776105865\n|switch|p1b: Gengar|Gengar-Mega, L50, F|100/100\n|turn|5\n|\n|t:|1776105876\n|move|p1b: Gengar|Protect|p1b: Gengar\n|-singleturn|p1b: Gengar|Protect\n|move|p2b: Scizor|Bullet Punch|p1a: Primarina\n|-damage|p1a: Primarina|71/100\n|move|p1a: Primarina|Hyper Voice|p2a: Sableye|[spread] p2a,p2b\n|-crit|p2b: Scizor\n|-damage|p2a: Sableye|0 fnt\n|-damage|p2b: Scizor|0 fnt\n|faint|p2a: Sableye\n|faint|p2b: Scizor\n|\n|-weather|RainDance|[upkeep]\n|-heal|p1a: Primarina|77/100|[from] item: Leftovers\n|upkeep\n|\n|t:|1776105883\n|switch|p2b: Whimsicott|Whimsicott, L50, F, shiny|100/100\n|switch|p2a: Hydreigon|Hydreigon, L50, F, shiny|100/100\n|turn|6\n|\n|t:|1776105900\n|switch|p1b: Sinistcha|Sinistcha, L50|100/100\n|-heal|p1a: Primarina|100/100|[from] ability: Hospitality|[of] p1b: Sinistcha\n|move|p2b: Whimsicott|Encore|p1a: Primarina\n|-start|p1a: Primarina|Encore\n|move|p2a: Hydreigon|Dark Pulse|p1b: Sinistcha\n|-supereffective|p1b: Sinistcha|1\n|-damage|p1b: Sinistcha|33/100\n|-enditem|p1b: Sinistcha|Sitrus Berry|[eat]\n|-heal|p1b: Sinistcha|58/100|[from] item: Sitrus Berry\n|move|p1a: Primarina|Hyper Voice|p2b: Whimsicott|[spread] p2a,p2b\n|-resisted|p2a: Hydreigon|1\n|-resisted|p2b: Whimsicott|1\n|-damage|p2a: Hydreigon|68/100\n|-damage|p2b: Whimsicott|65/100\n|\n|-weather|none\n|upkeep\n|turn|7\n|inactive|Papuas has 30 seconds left.\n|\n|t:|1776105928\n|move|p1b: Sinistcha|Protect|p1b: Sinistcha\n|-singleturn|p1b: Sinistcha|Protect\n|move|p2b: Whimsicott|Tailwind|p2b: Whimsicott\n|-sidestart|p2: Mattor|move: Tailwind\n|move|p2a: Hydreigon|Dark Pulse|p1b: Sinistcha\n|-activate|p1b: Sinistcha|move: Protect\n|move|p1a: Primarina|Hyper Voice|p2a: Hydreigon|[spread] p2a,p2b\n|-resisted|p2a: Hydreigon|1\n|-resisted|p2b: Whimsicott|1\n|-damage|p2a: Hydreigon|50/100\n|-damage|p2b: Whimsicott|39/100\n|\n|upkeep\n|turn|8\n|\n|t:|1776105943\n|move|p2a: Hydreigon|Dark Pulse|p1b: Sinistcha\n|-supereffective|p1b: Sinistcha|1\n|-damage|p1b: Sinistcha|0 fnt\n|faint|p1b: Sinistcha\n|move|p2b: Whimsicott|Dazzling Gleam|p1a: Primarina\n|-damage|p1a: Primarina|81/100\n|move|p1a: Primarina|Hyper Voice|p2b: Whimsicott|[spread] p2a,p2b\n|-resisted|p2a: Hydreigon|1\n|-resisted|p2b: Whimsicott|1\n|-damage|p2a: Hydreigon|30/100\n|-damage|p2b: Whimsicott|14/100\n|\n|-heal|p1a: Primarina|87/100|[from] item: Leftovers\n|-end|p1a: Primarina|Encore\n|upkeep\n|\n|t:|1776105947\n|switch|p1b: Gengar|Gengar-Mega, L50, F|100/100\n|turn|9\n|\n|t:|1776105966\n|move|p1b: Gengar|Protect|p1b: Gengar\n|-singleturn|p1b: Gengar|Protect\n|move|p2b: Whimsicott|Encore|p1a: Primarina\n|-start|p1a: Primarina|Encore\n|move|p2a: Hydreigon|Dark Pulse|p1a: Primarina\n|-resisted|p1a: Primarina|1\n|-damage|p1a: Primarina|69/100\n|move|p1a: Primarina|Hyper Voice|p2b: Whimsicott|[spread] p2a,p2b\n|-resisted|p2a: Hydreigon|1\n|-resisted|p2b: Whimsicott|1\n|-damage|p2a: Hydreigon|10/100\n|-damage|p2b: Whimsicott|0 fnt\n|faint|p2b: Whimsicott\n|\n|-heal|p1a: Primarina|75/100|[from] item: Leftovers\n|upkeep\n|turn|10\n|\n|t:|1776105977\n|move|p2a: Hydreigon|Dark Pulse|p1b: Gengar\n|-supereffective|p1b: Gengar|1\n|-damage|p1b: Gengar|0 fnt\n|faint|p1b: Gengar\n|move|p1a: Primarina|Hyper Voice|p2a: Hydreigon\n|-resisted|p2a: Hydreigon|1\n|-damage|p2a: Hydreigon|0 fnt\n|faint|p2a: Hydreigon\n|\n|win|Papuas\n|raw|Papuas's rating: 1054 &rarr; <strong>1086</strong><br />(+32 for winning)\n|raw|Mattor's rating: 1052 &rarr; <strong>1034</strong><br />(-18 for losing)\n",
  "uploadtime": 1776105979,
  "views": 21,
  "formatid": "gen9championsvgc2026regma",
  "rating": 1034,
  "private": 0,
  "password": null
}