{
  "id": "gen9championsvgc2026regma-2587090900",
  "format": "[Gen 9 Champions] VGC 2026 Reg M-A",
  "players": [
    "ult. big chill",
    "Zaikanoa"
  ],
  "log": "|j|\u2606ult. big chill\n|j|\u2606Zaikanoa\n|t:|1776492089\n|gametype|doubles\n|player|p1|ult. big chill|burgh|1368\n|player|p2|Zaikanoa|265|1334\n|gen|9\n|tier|[Gen 9 Champions] VGC 2026 Reg M-A\n|rated|\n|rule|Species Clause: Limit one of each Pok\u00e9mon\n|rule|Item Clause: Limit 1 of each item\n|clearpoke\n|poke|p1|Camerupt, L50, F, shiny|\n|poke|p1|Farigiraf, L50, M, shiny|\n|poke|p1|Primarina, L50, M|\n|poke|p1|Incineroar, L50, F|\n|poke|p1|Drampa, L50, F|\n|poke|p1|Runerigus, L50, F|\n|poke|p2|Charizard, L50, F|\n|poke|p2|Milotic, L50, F|\n|poke|p2|Whimsicott, L50, F|\n|poke|p2|Sneasler, L50, M|\n|poke|p2|Sinistcha, L50|\n|poke|p2|Basculegion, L50, M|\n|teampreview|4\n|\n|t:|1776492109\n|teamsize|p1|4\n|teamsize|p2|4\n|start\n|switch|p1a: Molpe|Primarina, L50, M|100/100\n|switch|p1b: SandyEggo|Farigiraf, L50, M, shiny|100/100\n|switch|p2a: Basculegion|Basculegion, L50, M|100/100\n|switch|p2b: Milotic|Milotic, L50, F|100/100\n|turn|1\n|\n|t:|1776492121\n|move|p1b: SandyEggo|Protect|p1b: SandyEggo\n|-singleturn|p1b: SandyEggo|Protect\n|move|p2a: Basculegion|Wave Crash|p1b: SandyEggo\n|-activate|p1b: SandyEggo|move: Protect\n|move|p2b: Milotic|Scald|p1b: SandyEggo\n|-activate|p1b: SandyEggo|move: Protect\n|move|p1a: Molpe|Dazzling Gleam|p2a: Basculegion|[spread] p2a,p2b\n|-damage|p2a: Basculegion|60/100\n|-damage|p2b: Milotic|71/100\n|\n|upkeep\n|turn|2\n|\n|t:|1776492134\n|switch|p1b: Old Man|Drampa, L50, F|100/100\n|-ability|p1b: Old Man|Cloud Nine\n|move|p2a: Basculegion|Wave Crash|p1b: Old Man\n|-resisted|p1b: Old Man|1\n|-damage|p1b: Old Man|52/100\n|-damage|p2a: Basculegion|46/100|[from] Recoil\n|move|p2b: Milotic|Scald|p1b: Old Man\n|-resisted|p1b: Old Man|1\n|-damage|p1b: Old Man|33/100\n|move|p1a: Molpe|Moonblast|p2a: Basculegion\n|-damage|p2a: Basculegion|0 fnt\n|faint|p2a: Basculegion\n|\n|upkeep\n|\n|t:|1776492149\n|switch|p2a: Sneasler|Sneasler, L50, M|100/100\n|turn|3\n|\n|t:|1776492160\n|switch|p1b: SandyEggo|Farigiraf, L50, M, shiny|100/100\n|move|p2a: Sneasler|Fake Out||[still]\n|cant|p1b: SandyEggo|ability: Armor Tail|Fake Out|[of] p2a: Sneasler\n|move|p2b: Milotic|Ice Beam|p1b: SandyEggo\n|-damage|p1b: SandyEggo|72/100\n|move|p1a: Molpe|Dazzling Gleam|p2b: Milotic|[spread] p2a,p2b\n|-damage|p2a: Sneasler|50/100\n|-damage|p2b: Milotic|43/100\n|\n|upkeep\n|turn|4\n|\n|t:|1776492178\n|move|p1b: SandyEggo|Protect|p1b: SandyEggo\n|-singleturn|p1b: SandyEggo|Protect\n|move|p2a: Sneasler|Close Combat|p1b: SandyEggo\n|-activate|p1b: SandyEggo|move: Protect\n|move|p2b: Milotic|Scald|p1b: SandyEggo\n|-activate|p1b: SandyEggo|move: Protect\n|move|p1a: Molpe|Moonblast|p2a: Sneasler\n|-damage|p2a: Sneasler|0 fnt\n|faint|p2a: Sneasler\n|\n|upkeep\n|\n|t:|1776492181\n|switch|p2a: Charizard|Charizard, L50, F|100/100\n|turn|5\n|\n|t:|1776492193\n|switch|p1a: Old Man|Drampa, L50, F|33/100\n|-ability|p1a: Old Man|Cloud Nine\n|detailschange|p2a: Charizard|Charizard-Mega-X, L50, F\n|-mega|p2a: Charizard|Charizard|Charizardite X\n|move|p2a: Charizard|Dragon Claw|p1b: SandyEggo\n|-damage|p1b: SandyEggo|16/100\n|move|p2b: Milotic|Ice Beam|p1a: Old Man\n|-supereffective|p1a: Old Man|1\n|-damage|p1a: Old Man|0 fnt\n|faint|p1a: Old Man\n|move|p1b: SandyEggo|Trick Room|p1b: SandyEggo\n|-fieldstart|move: Trick Room|[of] p1b: SandyEggo\n|\n|upkeep\n|\n|t:|1776492205\n|switch|p1a: Molpe|Primarina, L50, M|100/100\n|turn|6\n|\n|t:|1776492214\n|move|p1a: Molpe|Moonblast|p2b: Milotic\n|-damage|p2b: Milotic|0 fnt\n|faint|p2b: Milotic\n|move|p1b: SandyEggo|Hyper Voice|p2a: Charizard\n|-damage|p2a: Charizard|51/100\n|move|p2a: Charizard|Dragon Claw|p1b: SandyEggo\n|-damage|p1b: SandyEggo|0 fnt\n|faint|p1b: SandyEggo\n|\n|upkeep\n|\n|t:|1776492218\n|switch|p1b: Pivot Man|Incineroar, L50, F|100/100\n|-ability|p1b: Pivot Man|Intimidate|boost\n|-unboost|p2a: Charizard|atk|1\n|turn|7\n|c|\u2606ult. big chill|ggs\n|-message|Zaikanoa forfeited.\n|\n|win|ult. big chill\n|raw|ult. big chill's rating: 1368 &rarr; <strong>1386</strong><br />(+18 for winning)\n|raw|Zaikanoa's rating: 1334 &rarr; <strong>1316</strong><br />(-18 for losing)\n",
  "uploadtime": 1776492231,
  "views": 52,
  "formatid": "gen9championsvgc2026regma",
  "rating": 1316,
  "private": 0,
  "password": null
}