{
  "id": "gen9championsvgc2026regma-2588794387",
  "format": "[Gen 9 Champions] VGC 2026 Reg M-A",
  "players": [
    "Crash0utVGC",
    "xyagonal"
  ],
  "log": "|j|\u2606Crash0utVGC\n|j|\u2606xyagonal\n|t:|1776671664\n|gametype|doubles\n|player|p1|Crash0utVGC|colress|1226\n|player|p2|xyagonal|fisherman-gen4|1244\n|gen|9\n|tier|[Gen 9 Champions] VGC 2026 Reg M-A\n|rated|\n|rule|Species Clause: Limit one of each Pok\u00e9mon\n|rule|Item Clause: Limit 1 of each item\n|clearpoke\n|poke|p1|Charizard, L50, M|\n|poke|p1|Sinistcha-Masterpiece, L50|\n|poke|p1|Tyranitar, L50, M, shiny|\n|poke|p1|Incineroar, L50, F|\n|poke|p1|Milotic, L50, F, shiny|\n|poke|p1|Sneasler, L50, F, shiny|\n|poke|p2|Scovillain, L50, M|\n|poke|p2|Sneasler, L50, M|\n|poke|p2|Primarina, L50, F|\n|poke|p2|Kingambit, L50, M|\n|poke|p2|Aerodactyl, L50, M|\n|poke|p2|Garchomp, L50, M|\n|teampreview|4\n|\n|t:|1776671723\n|teamsize|p1|4\n|teamsize|p2|4\n|start\n|switch|p1a: Charizard|Charizard, L50, M|100/100\n|switch|p1b: Sneasler|Sneasler, L50, F, shiny|100/100\n|switch|p2a: Aerodactyl|Aerodactyl, L50, M|100/100\n|switch|p2b: Primarina|Primarina, L50, F|100/100\n|-ability|p2a: Aerodactyl|Unnerve\n|turn|1\n|inactive|Battle timer is ON: inactive players will automatically lose when time's up. (requested by xyagonal)\n|\n|t:|1776671741\n|detailschange|p1a: Charizard|Charizard-Mega-X, L50, M\n|-mega|p1a: Charizard|Charizard|Charizardite X\n|move|p2a: Aerodactyl|Protect|p2a: Aerodactyl\n|-singleturn|p2a: Aerodactyl|Protect\n|move|p2b: Primarina|Protect|p2b: Primarina\n|-singleturn|p2b: Primarina|Protect\n|move|p1b: Sneasler|Dire Claw|p2b: Primarina\n|-activate|p2b: Primarina|move: Protect\n|move|p1a: Charizard|Dragon Dance|p1a: Charizard\n|-boost|p1a: Charizard|atk|1\n|-boost|p1a: Charizard|spe|1\n|\n|upkeep\n|turn|2\n|\n|t:|1776671765\n|move|p1a: Charizard|Breaking Swipe|p2a: Aerodactyl|[spread] p2a\n|-immune|p2b: Primarina\n|-damage|p2a: Aerodactyl|28/100\n|-unboost|p2a: Aerodactyl|atk|1\n|move|p2a: Aerodactyl|Tailwind|p2a: Aerodactyl\n|-sidestart|p2: xyagonal|move: Tailwind\n|move|p1b: Sneasler|Dire Claw|p2b: Primarina\n|-supereffective|p2b: Primarina|1\n|-damage|p2b: Primarina|4/100\n|move|p2b: Primarina|Hyper Voice|p1b: Sneasler|[spread] p1a,p1b\n|-damage|p1a: Charizard|55/100\n|-damage|p1b: Sneasler|56/100\n|\n|-heal|p2b: Primarina|10/100|[from] item: Leftovers\n|upkeep\n|turn|3\n|inactive|xyagonal has 30 seconds left.\n|\n|t:|1776671791\n|switch|p1b: Sinistcha|Sinistcha-Masterpiece, L50|100/100\n|-heal|p1a: Charizard|79/100|[from] ability: Hospitality|[of] p1b: Sinistcha\n|move|p1a: Charizard|Protect|p1a: Charizard\n|-singleturn|p1a: Charizard|Protect\n|move|p2a: Aerodactyl|Rock Slide|p1b: Sinistcha|[spread] p1b\n|-activate|p1a: Charizard|move: Protect\n|-damage|p1b: Sinistcha|89/100\n|move|p2b: Primarina|Moonblast|p1b: Sinistcha\n|-damage|p1b: Sinistcha|32/100\n|\n|-heal|p2b: Primarina|16/100|[from] item: Leftovers\n|upkeep\n|turn|4\n|inactive|xyagonal has 30 seconds left.\n|\n|t:|1776671820\n|move|p1b: Sinistcha|Rage Powder|p1b: Sinistcha\n|-singleturn|p1b: Sinistcha|move: Rage Powder\n|move|p2a: Aerodactyl|Rock Slide|p1b: Sinistcha|[spread] p1a,p1b\n|-supereffective|p1a: Charizard|1\n|-damage|p1a: Charizard|47/100\n|-damage|p1b: Sinistcha|20/100\n|cant|p1a: Charizard|flinch\n|move|p2b: Primarina|Moonblast|p1b: Sinistcha\n|-damage|p1b: Sinistcha|0 fnt\n|faint|p1b: Sinistcha\n|\n|-heal|p2b: Primarina|22/100|[from] item: Leftovers\n|upkeep\n|\n|t:|1776671825\n|switch|p1b: Sneasler|Sneasler, L50, F, shiny|56/100\n|turn|5\n|\n|t:|1776671841\n|move|p2a: Aerodactyl|Protect|p2a: Aerodactyl\n|-singleturn|p2a: Aerodactyl|Protect\n|move|p1b: Sneasler|Fake Out|p2a: Aerodactyl\n|-activate|p2a: Aerodactyl|move: Protect\n|move|p1a: Charizard|Flare Blitz|p2b: Primarina\n|-resisted|p2b: Primarina|1\n|-damage|p2b: Primarina|0 fnt\n|faint|p2b: Primarina\n|-damage|p1a: Charizard|39/100|[from] Recoil\n|\n|-sideend|p2: xyagonal|move: Tailwind\n|upkeep\n|\n|t:|1776671853\n|switch|p2b: Sneasler|Sneasler, L50, M|100/100\n|turn|6\n|\n|t:|1776671864\n|move|p2b: Sneasler|Fake Out|p1a: Charizard\n|-damage|p1a: Charizard|26/100\n|cant|p1a: Charizard|flinch\n|move|p2a: Aerodactyl|Tailwind|p2a: Aerodactyl\n|-sidestart|p2: xyagonal|move: Tailwind\n|move|p1b: Sneasler|Dire Claw|p2b: Sneasler\n|-resisted|p2b: Sneasler|1\n|-damage|p2b: Sneasler|71/100\n|-status|p2b: Sneasler|par\n|\n|upkeep\n|turn|7\n|\n|t:|1776671886\n|switch|p1b: Incineroar|Incineroar, L50, F|100/100\n|-ability|p1b: Incineroar|Intimidate|boost\n|-unboost|p2a: Aerodactyl|atk|1\n|-unboost|p2b: Sneasler|atk|1\n|-enditem|p2b: Sneasler|White Herb\n|-clearnegativeboost|p2b: Sneasler|[silent]\n|move|p2a: Aerodactyl|Protect|p2a: Aerodactyl\n|-singleturn|p2a: Aerodactyl|Protect\n|move|p1a: Charizard|Protect|p1a: Charizard\n|-singleturn|p1a: Charizard|Protect\n|move|p2b: Sneasler|Coaching|p2a: Aerodactyl\n|-boost|p2a: Aerodactyl|atk|1\n|-boost|p2a: Aerodactyl|def|1\n|\n|upkeep\n|turn|8\n|\n|t:|1776671908\n|move|p1b: Incineroar|Fake Out|p2a: Aerodactyl\n|-resisted|p2a: Aerodactyl|1\n|-damage|p2a: Aerodactyl|22/100\n|cant|p2a: Aerodactyl|flinch\n|move|p2b: Sneasler|Close Combat|p1a: Charizard\n|-damage|p1a: Charizard|0 fnt\n|-unboost|p2b: Sneasler|def|1\n|-unboost|p2b: Sneasler|spd|1\n|faint|p1a: Charizard\n|\n|upkeep\n|-message|Crash0utVGC forfeited.\n|\n|win|xyagonal\n|raw|Crash0utVGC's rating: 1226 &rarr; <strong>1202</strong><br />(-24 for losing)\n|raw|xyagonal's rating: 1244 &rarr; <strong>1268</strong><br />(+24 for winning)\n",
  "uploadtime": 1776671916,
  "views": 12,
  "formatid": "gen9championsvgc2026regma",
  "rating": 1202,
  "private": 0,
  "password": null
}