{
  "id": "gen9championsvgc2026regma-2587860186",
  "format": "[Gen 9 Champions] VGC 2026 Reg M-A",
  "players": [
    "AtlasEverglade",
    "pikafenn"
  ],
  "log": "|j|\u2606AtlasEverglade\n|j|\u2606pikafenn\n|t:|1776571602\n|gametype|doubles\n|player|p1|AtlasEverglade|102|1139\n|player|p2|pikafenn|101|1198\n|gen|9\n|tier|[Gen 9 Champions] VGC 2026 Reg M-A\n|rated|\n|rule|Species Clause: Limit one of each Pok\u00e9mon\n|rule|Item Clause: Limit 1 of each item\n|clearpoke\n|poke|p1|Charizard, L50, F|\n|poke|p1|Venusaur, L50, M|\n|poke|p1|Arcanine, L50, M|\n|poke|p1|Whimsicott, L50, M|\n|poke|p1|Incineroar, L50, F|\n|poke|p1|Typhlosion-Hisui, L50, F|\n|poke|p2|Chesnaught, L50, M|\n|poke|p2|Sinistcha, L50|\n|poke|p2|Garchomp, L50, F|\n|poke|p2|Aerodactyl, L50, M|\n|poke|p2|Empoleon, L50, M|\n|poke|p2|Incineroar, L50, M|\n|teampreview|4\npikafenn rejected open team sheets.\n|inactive|Battle timer is ON: inactive players will automatically lose when time's up. (requested by pikafenn)\n|inactive|AtlasEverglade has 60 seconds left.\n|inactive|pikafenn has 60 seconds left.\n|\n|t:|1776571653\n|teamsize|p1|4\n|teamsize|p2|4\n|start\n|switch|p1a: Whimsicott|Whimsicott, L50, M|100/100\n|switch|p1b: Typhlosion|Typhlosion-Hisui, L50, F|100/100\n|switch|p2a: Empoleon|Empoleon, L50, M|100/100\n|switch|p2b: Incineroar|Incineroar, L50, M|100/100\n|-item|p2a: Empoleon|Metal Coat|[from] ability: Frisk|[of] p1b: Typhlosion\n|-item|p2b: Incineroar|Chople Berry|[from] ability: Frisk|[of] p1b: Typhlosion\n|-ability|p2b: Incineroar|Intimidate|boost\n|-unboost|p1a: Whimsicott|atk|1\n|-unboost|p1b: Typhlosion|atk|1\n|turn|1\n|inactive|AtlasEverglade has 30 seconds left.\n|inactive|pikafenn has 30 seconds left.\n|inactive|AtlasEverglade has 20 seconds left.\n|inactive|pikafenn has 20 seconds left.\n|inactive|AtlasEverglade has 15 seconds left.\n|\n|t:|1776571694\n|switch|p1a: Arcanine|Arcanine, L50, M|100/100\n|-ability|p1a: Arcanine|Intimidate|boost\n|-unboost|p2a: Empoleon|atk|1\n|-ability|p2a: Empoleon|Competitive|boost\n|-boost|p2a: Empoleon|spa|2\n|-unboost|p2b: Incineroar|atk|1\n|move|p2b: Incineroar|Fake Out|p1a: Arcanine\n|-damage|p1a: Arcanine|93/100\n|move|p1b: Typhlosion|Eruption|p2a: Empoleon|[spread] p2a,p2b\n|-resisted|p2b: Incineroar|1\n|-damage|p2a: Empoleon|48/100\n|-damage|p2b: Incineroar|75/100\n|move|p2a: Empoleon|Hydro Pump|p1b: Typhlosion\n|-supereffective|p1b: Typhlosion|1\n|-damage|p1b: Typhlosion|0 fnt\n|faint|p1b: Typhlosion\n|\n|upkeep\n|\n|t:|1776571719\n|switch|p1b: Charizard|Charizard, L50, F|100/100\n|turn|2\n|\n|t:|1776571743\n|detailschange|p1b: Charizard|Charizard-Mega-Y, L50, F\n|-mega|p1b: Charizard|Charizard|Charizardite Y\n|-weather|SunnyDay|[from] ability: Drought|[of] p1b: Charizard\n|move|p1a: Arcanine|Helping Hand|p1b: Charizard\n|-singleturn|p1b: Charizard|Helping Hand|[of] p1a: Arcanine\n|move|p2a: Empoleon|Protect|p2a: Empoleon\n|-singleturn|p2a: Empoleon|Protect\n|move|p1b: Charizard|Heat Wave|p2a: Empoleon|[spread] p2b\n|-activate|p2a: Empoleon|move: Protect\n|-resisted|p2b: Incineroar|1\n|-damage|p2b: Incineroar|29/100\n|move|p2b: Incineroar|Parting Shot|p1b: Charizard\n|-unboost|p1b: Charizard|atk|1\n|-unboost|p1b: Charizard|spa|1\n|\n|t:|1776571757\n|switch|p2b: Garchomp|Garchomp, L50, F|100/100|[from] Parting Shot\n|\n|-weather|SunnyDay|[upkeep]\n|upkeep\n|turn|3\n|\n|t:|1776571781\n|switch|p1a: Whimsicott|Whimsicott, L50, M|100/100\n|switch|p2a: Aerodactyl|Aerodactyl, L50, M|100/100\n|move|p1b: Charizard|Protect|p1b: Charizard\n|-singleturn|p1b: Charizard|Protect\n|move|p2b: Garchomp|Rock Slide|p1b: Charizard|[spread] p1a\n|-activate|p1b: Charizard|move: Protect\n|-damage|p1a: Whimsicott|73/100\n|\n|-weather|SunnyDay|[upkeep]\n|upkeep\n|turn|4\n|inactive|AtlasEverglade has 30 seconds left.\n|\n|t:|1776571806\n|switch|p1b: Arcanine|Arcanine, L50, M|93/100\n|-ability|p1b: Arcanine|Intimidate|boost\n|-unboost|p2a: Aerodactyl|atk|1\n|-unboost|p2b: Garchomp|atk|1\n|move|p2b: Garchomp|Rock Slide|p1b: Arcanine|[spread] p1a,p1b\n|-supereffective|p1b: Arcanine|1\n|-damage|p1a: Whimsicott|54/100\n|-damage|p1b: Arcanine|65/100\n|move|p2a: Aerodactyl|Tailwind|p2a: Aerodactyl\n|-sidestart|p2: pikafenn|move: Tailwind\n|move|p1a: Whimsicott|Moonblast|p2b: Garchomp\n|-supereffective|p2b: Garchomp|1\n|-damage|p2b: Garchomp|17/100\n|\n|-weather|SunnyDay|[upkeep]\n|upkeep\n|turn|5\n|inactive|AtlasEverglade has 30 seconds left.\n|inactive|pikafenn has 30 seconds left.\n|inactive|AtlasEverglade has 20 seconds left.\n|\n|t:|1776571843\n|switch|p2b: Incineroar|Incineroar, L50, M|29/100\n|-ability|p2b: Incineroar|Intimidate|boost\n|-unboost|p1a: Whimsicott|atk|1\n|-unboost|p1b: Arcanine|atk|1\n|move|p2a: Aerodactyl|Protect|p2a: Aerodactyl\n|-singleturn|p2a: Aerodactyl|Protect\n|move|p1a: Whimsicott|Moonblast|p2b: Incineroar\n|-damage|p2b: Incineroar|0 fnt\n|faint|p2b: Incineroar\n|move|p1b: Arcanine|Will-O-Wisp|p2a: Aerodactyl\n|-activate|p2a: Aerodactyl|move: Protect\n|\n|-weather|SunnyDay|[upkeep]\n|upkeep\n|\n|t:|1776571858\n|switch|p2b: Garchomp|Garchomp, L50, F|17/100\n|turn|6\n|inactive|AtlasEverglade has 30 seconds left.\n|\n|t:|1776571893\n|move|p2b: Garchomp|Rock Slide|p1b: Arcanine|[spread] p1a,p1b\n|-supereffective|p1b: Arcanine|1\n|-damage|p1a: Whimsicott|26/100\n|-damage|p1b: Arcanine|27/100\n|move|p2a: Aerodactyl|Rock Slide|p1b: Arcanine|[spread] p1a,p1b\n|-supereffective|p1b: Arcanine|1\n|-damage|p1a: Whimsicott|1/100\n|-damage|p1b: Arcanine|0 fnt\n|faint|p1b: Arcanine\n|cant|p1a: Whimsicott|flinch\n|\n|-weather|none\n|upkeep\n|\n|t:|1776571904\n|switch|p1b: Charizard|Charizard-Mega-Y, L50, F|100/100\n|-weather|SunnyDay|[from] ability: Drought|[of] p1b: Charizard\n|turn|7\n|inactive|AtlasEverglade has 30 seconds left.\n|\n|t:|1776571931\n|move|p1a: Whimsicott|Tailwind|p1a: Whimsicott\n|-sidestart|p1: AtlasEverglade|move: Tailwind\n|move|p2b: Garchomp|Rock Slide|p1b: Charizard|[spread] p1a,p1b\n|-supereffective|p1b: Charizard|2\n|-damage|p1a: Whimsicott|0 fnt\n|-damage|p1b: Charizard|0 fnt\n|faint|p1a: Whimsicott\n|faint|p1b: Charizard\n|\n|win|pikafenn\n|raw|AtlasEverglade's rating: 1139 &rarr; <strong>1118</strong><br />(-21 for losing)\n|raw|pikafenn's rating: 1198 &rarr; <strong>1219</strong><br />(+21 for winning)\n",
  "uploadtime": 1776571940,
  "views": 7,
  "formatid": "gen9championsvgc2026regma",
  "rating": 1118,
  "private": 0,
  "password": null
}