{
  "id": "gen9championsvgc2026regma-2584245277",
  "format": "[Gen 9 Champions] VGC 2026 Reg M-A",
  "players": [
    "RookieHj",
    "Disfrazdetigre"
  ],
  "log": "|j|\u2606RookieHj\n|j|\u2606Disfrazdetigre\n|t:|1776242645\n|gametype|doubles\n|player|p1|RookieHj|clerk|1301\n|player|p2|Disfrazdetigre|102|1281\n|gen|9\n|tier|[Gen 9 Champions] VGC 2026 Reg M-A\n|rated|\n|rule|Species Clause: Limit one of each Pok\u00e9mon\n|rule|Item Clause: Limit 1 of each item\n|clearpoke\n|poke|p1|Delphox, L50, M|\n|poke|p1|Meowscarada, L50, F|\n|poke|p1|Rotom-Wash, L50|\n|poke|p1|Sneasler, L50, M|\n|poke|p1|Corviknight, L50, F|\n|poke|p1|Garchomp, L50, M|\n|poke|p2|Sableye, L50, F|\n|poke|p2|Sinistcha, L50|\n|poke|p2|Medicham, L50, F|\n|poke|p2|Alakazam, L50, M|\n|poke|p2|Blastoise, L50, F|\n|poke|p2|Kingambit, L50, M|\n|teampreview|4\n|inactive|Battle timer is ON: inactive players will automatically lose when time's up. (requested by Disfrazdetigre)\n|inactive|RookieHj has 60 seconds left.\n|\n|t:|1776242745\n|teamsize|p1|4\n|teamsize|p2|4\n|start\n|switch|p1a: Eclipsa|Delphox, L50, M, shiny|100/100\n|switch|p1b: Consul D|Sneasler, L50, M, shiny|100/100\n|switch|p2a: Kingambit|Kingambit, L50, M|100/100\n|switch|p2b: Medicham|Medicham, L50, F|100/100\n|turn|1\n|inactive|RookieHj has 30 seconds left.\n|inactive|RookieHj has 20 seconds left.\n|inactive|RookieHj has 15 seconds left.\n|inactive|RookieHj has 10 seconds left.\n|\n|t:|1776242791\n|switch|p2b: Sableye|Sableye, L50, F|100/100\n|detailschange|p1a: Eclipsa|Delphox-Mega, L50, M, shiny\n|-mega|p1a: Eclipsa|Delphox|Delphoxite\n|move|p2a: Kingambit|Protect|p2a: Kingambit\n|-singleturn|p2a: Kingambit|Protect\n|move|p1b: Consul D|Fake Out|p2a: Kingambit\n|-activate|p2a: Kingambit|move: Protect\n|move|p1a: Eclipsa|Heat Wave|p2b: Sableye|[spread] p2b\n|-activate|p2a: Kingambit|move: Protect\n|-damage|p2b: Sableye|51/100\n|\n|upkeep\n|turn|2\n|\n|t:|1776242808\n|switch|p1b: Neferpitou|Meowscarada, L50, F, shiny|100/100\n|move|p2b: Sableye|Fake Out|p1b: Neferpitou\n|-damage|p1b: Neferpitou|89/100\n|move|p2a: Kingambit|Sucker Punch|p1a: Eclipsa\n|-supereffective|p1a: Eclipsa|1\n|-damage|p1a: Eclipsa|0 fnt\n|faint|p1a: Eclipsa\n|\n|upkeep\n|\n|t:|1776242824\n|switch|p1a: Consul D|Sneasler, L50, M, shiny|100/100\n|turn|3\n|\n|t:|1776242840\n|move|p2a: Kingambit|Protect|p2a: Kingambit\n|-singleturn|p2a: Kingambit|Protect\n|move|p1b: Neferpitou|Flower Trick|p2b: Sableye\n|-start|p1b: Neferpitou|typechange|Grass|[from] ability: Protean\n|-crit|p2b: Sableye\n|-damage|p2b: Sableye|0 fnt\n|faint|p2b: Sableye\n|move|p1a: Consul D|Close Combat|p2a: Kingambit\n|-activate|p2a: Kingambit|move: Protect\n|\n|upkeep\n|\n|t:|1776242852\n|switch|p2b: Medicham|Medicham, L50, F|100/100\n|turn|4\n|\n|t:|1776242867\n|switch|p1b: Neon|Rotom-Wash, L50, shiny|100/100\n|detailschange|p2b: Medicham|Medicham-Mega, L50, F\n|-mega|p2b: Medicham|Medicham|Medichamite\n|move|p2b: Medicham|Fake Out|p1a: Consul D\n|-damage|p1a: Consul D|57/100\n|cant|p1a: Consul D|flinch\n|move|p2a: Kingambit|Iron Head|p1a: Consul D\n|-damage|p1a: Consul D|0 fnt\n|faint|p1a: Consul D\n|\n|upkeep\n|\n|t:|1776242878\n|switch|p1a: Neferpitou|Meowscarada, L50, F, shiny|89/100\n|turn|5\n|\n|t:|1776242897\n|move|p1a: Neferpitou|Flower Trick|p2b: Medicham\n|-start|p1a: Neferpitou|typechange|Grass|[from] ability: Protean\n|-crit|p2b: Medicham\n|-damage|p2b: Medicham|32/100\n|move|p2b: Medicham|Close Combat|p1b: Neon\n|-damage|p1b: Neon|0 fnt\n|-unboost|p2b: Medicham|def|1\n|-unboost|p2b: Medicham|spd|1\n|faint|p1b: Neon\n|move|p2a: Kingambit|Kowtow Cleave|p1a: Neferpitou\n|-damage|p1a: Neferpitou|16/100\n|\n|upkeep\n|turn|6\n|-message|RookieHj forfeited.\n|\n|win|Disfrazdetigre\n|raw|RookieHj's rating: 1301 &rarr; <strong>1280</strong><br />(-21 for losing)\n|raw|Disfrazdetigre's rating: 1281 &rarr; <strong>1307</strong><br />(+26 for winning)\n|l|\u2606RookieHj\n|player|p1|\n",
  "uploadtime": 1776242917,
  "views": 25,
  "formatid": "gen9championsvgc2026regma",
  "rating": 1280,
  "private": 0,
  "password": null
}