{
  "id": "gen9championsvgc2026regma-2582200959",
  "format": "[Gen 9 Champions] VGC 2026 Reg M-A",
  "players": [
    "colfox",
    "Fantazzurro"
  ],
  "log": "|j|\u2606colfox\n|j|\u2606Fantazzurro\n|t:|1776070573\n|gametype|doubles\n|player|p1|colfox|1|1046\n|player|p2|Fantazzurro|266|1000\n|gen|9\n|tier|[Gen 9 Champions] VGC 2026 Reg M-A\n|rated|\n|rule|Species Clause: Limit one of each Pok\u00e9mon\n|rule|Item Clause: Limit 1 of each item\n|clearpoke\n|poke|p1|Ninetales, L50, M|\n|poke|p1|Dragonite, L50, F|\n|poke|p1|Sylveon, L50, M|\n|poke|p1|Whimsicott, L50, F|\n|poke|p1|Delphox, L50, M|\n|poke|p1|Garchomp, L50, F|\n|poke|p2|Gengar, L50, F|\n|poke|p2|Politoed, L50, F|\n|poke|p2|Kommo-o, L50, F|\n|poke|p2|Whimsicott, L50, M|\n|poke|p2|Incineroar, L50, F|\n|poke|p2|Palafin, L50, F|\n|teampreview|4\n|inactive|Battle timer is ON: inactive players will automatically lose when time's up. (requested by Fantazzurro)\ncolfox has agreed to open team sheets.\n|inactive|colfox has 60 seconds left.\nFantazzurro has agreed to open team sheets.\n|showteam|p1|Ninetales||Charcoal|Drought|Flamethrower,SolarBeam,WillOWisp,Memento|||M|||50|]Dragonite||Leftovers|Multiscale|DragonClaw,ExtremeSpeed,Earthquake,Roost|||F|||50|]Sylveon||SitrusBerry|Pixilate|HyperVoice,MysticalFire,Wish,Protect|||M|||50|]Whimsicott||FocusSash|Prankster|Tailwind,Encore,Taunt,Moonblast|||F|||50|]Delphox||Delphoxite|Blaze|Flamethrower,Psychic,ShadowBall,NastyPlot|||M|||50|]Garchomp||ChoiceScarf|RoughSkin|Earthquake,DragonClaw,RockSlide,PoisonJab|||F|||50|\n|showteam|p2|Gengar||Gengarite|CursedBody|ShadowBall,Protect,Disable,PainSplit|||F|||50|]Politoed||Leftovers|Drizzle|Protect,PerishSong,HelpingHand,WeatherBall|||F|||50|]Kommo-o||SitrusBerry|Overcoat|BodyPress,IronHead,IronDefense,Protect|||F|||50|]Whimsicott||FocusSash|Prankster|DazzlingGleam,Tailwind,Taunt,Protect|||M|||50|]Incineroar||ShucaBerry|Intimidate|Taunt,PartingShot,FlareBlitz,FakeOut|||F|||50|]Palafin||ChoiceScarf|ZerotoHero|FlipTurn,CloseCombat,WaveCrash,Acrobatics|||F|||50|\n|\n|t:|1776070639\n|teamsize|p1|4\n|teamsize|p2|4\n|start\n|switch|p1a: Whimsicott|Whimsicott, L50, F|100/100\n|switch|p1b: Garchomp|Garchomp, L50, F|100/100\n|switch|p2a: Incineroar|Incineroar, L50, F|100/100\n|switch|p2b: Palafin|Palafin, L50, F|100/100\n|-ability|p2a: Incineroar|Intimidate|boost\n|-unboost|p1a: Whimsicott|atk|1\n|-unboost|p1b: Garchomp|atk|1\n|turn|1\n|inactive|colfox has 30 seconds left.\n|\n|t:|1776070665\n|move|p2a: Incineroar|Fake Out|p1a: Whimsicott\n|-damage|p1a: Whimsicott|87/100\n|move|p1b: Garchomp|Dragon Claw|p2b: Palafin\n|-damage|p2b: Palafin|68/100\n|move|p2b: Palafin|Flip Turn|p1b: Garchomp\n|-damage|p1b: Garchomp|79/100\n|-damage|p2b: Palafin|56/100|[from] ability: Rough Skin|[of] p1b: Garchomp\n|\n|t:|1776070675\n|detailschange|p2b: Palafin|Palafin-Hero, L50, F\n|switch|p2b: Gengar|Gengar, L50, F|100/100|[from] Flip Turn\n|cant|p1a: Whimsicott|flinch\n|\n|upkeep\n|turn|2\n|\n|t:|1776070693\n|detailschange|p2b: Gengar|Gengar-Mega, L50, F\n|-mega|p2b: Gengar|Gengar|Gengarite\n|move|p1a: Whimsicott|Tailwind|p1a: Whimsicott\n|-sidestart|p1: colfox|move: Tailwind\n|move|p1b: Garchomp|Dragon Claw|p2b: Gengar\n|-damage|p2b: Gengar|63/100\n|move|p2b: Gengar|Disable|p1b: Garchomp\n|-start|p1b: Garchomp|Disable|Dragon Claw\n|move|p2a: Incineroar|Parting Shot|p1b: Garchomp\n|-unboost|p1b: Garchomp|atk|1\n|-unboost|p1b: Garchomp|spa|1\n|\n|t:|1776070703\n|switch|p2a: Politoed|Politoed, L50, F|100/100|[from] Parting Shot\n|-weather|RainDance|[from] ability: Drizzle|[of] p2a: Politoed\n|\n|-weather|RainDance|[upkeep]\n|upkeep\n|turn|3\n|\n|t:|1776070715\n|-activate|p1b: Garchomp|move: Struggle\n|move|p1b: Garchomp|Struggle|p2a: Politoed\n|-damage|p2a: Politoed|91/100\n|-damage|p1b: Garchomp|54/100|[from] recoil\n|move|p1a: Whimsicott|Moonblast|p2b: Gengar\n|-resisted|p2b: Gengar|1\n|-damage|p2b: Gengar|48/100\n|move|p2b: Gengar|Shadow Ball|p1a: Whimsicott\n|-damage|p1a: Whimsicott|14/100\n|move|p2a: Politoed|Perish Song|p2a: Politoed\n|-start|p1a: Whimsicott|perish3|[silent]\n|-start|p1b: Garchomp|perish3|[silent]\n|-start|p2a: Politoed|perish3|[silent]\n|-start|p2b: Gengar|perish3|[silent]\n|-fieldactivate|move: Perish Song\n|\n|-weather|RainDance|[upkeep]\n|-heal|p2a: Politoed|97/100|[from] item: Leftovers\n|-start|p1b: Garchomp|perish3\n|-start|p1a: Whimsicott|perish3\n|-start|p2b: Gengar|perish3\n|-start|p2a: Politoed|perish3\n|upkeep\n|turn|4\n|\n|t:|1776070737\n|-activate|p1b: Garchomp|move: Struggle\n|move|p1b: Garchomp|Struggle|p2a: Politoed\n|-damage|p2a: Politoed|88/100\n|-damage|p1b: Garchomp|28/100|[from] recoil\n|move|p1a: Whimsicott|Moonblast|p2b: Gengar\n|-resisted|p2b: Gengar|1\n|-damage|p2b: Gengar|34/100\n|move|p2b: Gengar|Pain Split|p1b: Garchomp\n|-sethp|p1b: Garchomp|29/100|[from] move: Pain Split|[silent]\n|-sethp|p2b: Gengar|32/100|[from] move: Pain Split\n|move|p2a: Politoed|Weather Ball|p1a: Whimsicott\n|-resisted|p1a: Whimsicott|1\n|-damage|p1a: Whimsicott|0 fnt\n|faint|p1a: Whimsicott\n|\n|-weather|RainDance|[upkeep]\n|-heal|p2a: Politoed|94/100|[from] item: Leftovers\n|-start|p1b: Garchomp|perish2\n|-start|p2b: Gengar|perish2\n|-start|p2a: Politoed|perish2\n|upkeep\n|\n|t:|1776070759\n|switch|p1a: Ninetales|Ninetales, L50, M|100/100\n|-weather|SunnyDay|[from] ability: Drought|[of] p1a: Ninetales\n|turn|5\n|\n|t:|1776070770\n|switch|p2a: Incineroar|Incineroar, L50, F|100/100\n|-ability|p2a: Incineroar|Intimidate|boost\n|-unboost|p1a: Ninetales|atk|1\n|-unboost|p1b: Garchomp|atk|1\n|-activate|p1b: Garchomp|move: Struggle\n|move|p1b: Garchomp|Struggle|p2a: Incineroar\n|-damage|p2a: Incineroar|94/100\n|-damage|p1b: Garchomp|4/100|[from] recoil\n|move|p1a: Ninetales|Flamethrower|p2b: Gengar\n|-damage|p2b: Gengar|0 fnt\n|faint|p2b: Gengar\n|\n|-weather|SunnyDay|[upkeep]\n|-start|p1b: Garchomp|perish1\n|-sideend|p1: colfox|move: Tailwind\n|upkeep\n|\n|t:|1776070784\n|switch|p2b: Politoed|Politoed, L50, F|94/100\n|-weather|RainDance|[from] ability: Drizzle|[of] p2b: Politoed\n|turn|6\n|\n|t:|1776070804\n|switch|p1a: Sylveon|Sylveon, L50, M|100/100\n|-activate|p1b: Garchomp|move: Struggle\n|move|p1b: Garchomp|Struggle|p2b: Politoed\n|-damage|p2b: Politoed|86/100\n|-damage|p1b: Garchomp|0 fnt|[from] recoil\n|faint|p1b: Garchomp\n|move|p2b: Politoed|Weather Ball|p1a: Sylveon\n|-damage|p1a: Sylveon|69/100\n|move|p2a: Incineroar|Parting Shot|p1a: Sylveon\n|-unboost|p1a: Sylveon|atk|1\n|-unboost|p1a: Sylveon|spa|1\n|\n|t:|1776070816\n|switch|p2a: Palafin|Palafin-Hero, L50, F|56/100|[from] Parting Shot\n|-activate|p2a: Palafin|ability: Zero to Hero\n|\n|-weather|RainDance|[upkeep]\n|-heal|p2b: Politoed|92/100|[from] item: Leftovers\n|upkeep\n|\n|t:|1776070822\n|switch|p1b: Ninetales|Ninetales, L50, M|100/100\n|-weather|SunnyDay|[from] ability: Drought|[of] p1b: Ninetales\n|turn|7\n|\n|t:|1776070839\n|switch|p2a: Incineroar|Incineroar, L50, F|94/100\n|-ability|p2a: Incineroar|Intimidate|boost\n|-unboost|p1a: Sylveon|atk|1\n|-unboost|p1b: Ninetales|atk|1\n|move|p2b: Politoed|Protect|p2b: Politoed\n|-singleturn|p2b: Politoed|Protect\n|move|p1b: Ninetales|Solar Beam||[still]\n|-prepare|p1b: Ninetales|Solar Beam\n|-anim|p1b: Ninetales|Solar Beam|p2a: Incineroar\n|-resisted|p2a: Incineroar|1\n|-damage|p2a: Incineroar|82/100\n|move|p1a: Sylveon|Hyper Voice|p2a: Incineroar|[spread] p2a\n|-activate|p2b: Politoed|move: Protect\n|-damage|p2a: Incineroar|63/100\n|\n|-weather|SunnyDay|[upkeep]\n|-heal|p2b: Politoed|98/100|[from] item: Leftovers\n|upkeep\n|turn|8\n|\n|t:|1776070859\n|switch|p2b: Palafin|Palafin-Hero, L50, F|56/100\n|move|p2a: Incineroar|Fake Out|p1a: Sylveon\n|-damage|p1a: Sylveon|54/100\n|move|p1b: Ninetales|Flamethrower|p2a: Incineroar\n|-resisted|p2a: Incineroar|1\n|-damage|p2a: Incineroar|41/100\n|cant|p1a: Sylveon|flinch\n|\n|-weather|SunnyDay|[upkeep]\n|upkeep\n|turn|9\n|\n|t:|1776070878\n|switch|p2a: Politoed|Politoed, L50, F|98/100\n|-weather|RainDance|[from] ability: Drizzle|[of] p2a: Politoed\n|move|p1a: Sylveon|Protect|p1a: Sylveon\n|-singleturn|p1a: Sylveon|Protect\n|move|p2b: Palafin|Wave Crash|p1b: Ninetales\n|-supereffective|p1b: Ninetales|1\n|-damage|p1b: Ninetales|0 fnt\n|faint|p1b: Ninetales\n|-damage|p2b: Palafin|32/100|[from] Recoil\n|\n|-weather|RainDance|[upkeep]\n|-heal|p2a: Politoed|100/100|[from] item: Leftovers\n|upkeep\n|turn|10\n|\n|t:|1776070899\n|move|p2a: Politoed|Helping Hand|p2b: Palafin\n|-singleturn|p2b: Palafin|Helping Hand|[of] p2a: Politoed\n|move|p2b: Palafin|Wave Crash|p1a: Sylveon\n|-damage|p1a: Sylveon|0 fnt\n|faint|p1a: Sylveon\n|-damage|p2b: Palafin|14/100|[from] Recoil\n|\n|win|Fantazzurro\n|raw|colfox's rating: 1046 &rarr; <strong>1027</strong><br />(-19 for losing)\n|raw|Fantazzurro's rating: 1000 &rarr; <strong>1045</strong><br />(+45 for winning)\n",
  "uploadtime": 1776070908,
  "views": 11,
  "formatid": "gen9championsvgc2026regma",
  "rating": 1027,
  "private": 0,
  "password": null
}