{
  "id": "gen9championsvgc2026regma-2582747063",
  "format": "[Gen 9 Champions] VGC 2026 Reg M-A",
  "players": [
    "Edgy14yearoldoc",
    "Zapdos79"
  ],
  "log": "|j|\u2606Edgy14yearoldoc\n|j|\u2606Zapdos79\n|t:|1776111288\n|gametype|doubles\n|player|p1|Edgy14yearoldoc|ingo|1191\n|player|p2|Zapdos79|flannery|1113\n|gen|9\n|tier|[Gen 9 Champions] VGC 2026 Reg M-A\n|rated|\n|rule|Species Clause: Limit one of each Pok\u00e9mon\n|rule|Item Clause: Limit 1 of each item\n|clearpoke\n|poke|p1|Meganium, L50, F|\n|poke|p1|Dragonite, L50, F|\n|poke|p1|Pelipper, L50, M|\n|poke|p1|Basculegion, L50, M|\n|poke|p1|Archaludon, L50, M|\n|poke|p1|Sneasler, L50, F|\n|poke|p2|Tyranitar, L50, F|\n|poke|p2|Zoroark-Hisui, L50, F|\n|poke|p2|Excadrill, L50, F|\n|poke|p2|Meganium, L50, F|\n|poke|p2|Farigiraf, L50, M|\n|poke|p2|Incineroar, L50, M|\n|teampreview|4\n|inactive|Battle timer is ON: inactive players will automatically lose when time's up. (requested by Zapdos79)\n|\n|t:|1776111341\n|teamsize|p1|4\n|teamsize|p2|4\n|start\n|switch|p1a: Meganium|Meganium, L50, F|100/100\n|switch|p1b: Sneasler|Sneasler, L50, F|100/100\n|switch|p2a: Excadrill|Excadrill, L50, F|100/100\n|switch|p2b: Meganium|Meganium, L50, F|100/100\n|turn|1\n|inactive|Zapdos79 has 30 seconds left.\n|\n|t:|1776111368\n|detailschange|p2b: Meganium|Meganium-Mega, L50, F\n|-mega|p2b: Meganium|Meganium|Meganiumite\n|detailschange|p1a: Meganium|Meganium-Mega, L50, F\n|-mega|p1a: Meganium|Meganium|Meganiumite\n|move|p2b: Meganium|Protect|p2b: Meganium\n|-singleturn|p2b: Meganium|Protect\n|move|p1a: Meganium|Protect|p1a: Meganium\n|-singleturn|p1a: Meganium|Protect\n|move|p2a: Excadrill|Hyper Voice|p1b: Sneasler|[spread] p1b\n|-activate|p1a: Meganium|move: Protect\n|-damage|p1b: Sneasler|51/100\n|move|p1b: Sneasler|Dire Claw|p2b: Meganium\n|-activate|p2b: Meganium|move: Protect\n|\n|upkeep\n|turn|2\n|\n|t:|1776111392\n|switch|p2b: Excadrill|Excadrill, L50, F|100/100\n|move|p2a: Excadrill|Hyper Voice|p1b: Sneasler|[spread] p1a,p1b\n|-damage|p1a: Meganium|69/100\n|-damage|p1b: Sneasler|9/100\n|move|p1b: Sneasler|Dire Claw|p2b: Excadrill\n|-immune|p2b: Excadrill\n|move|p1a: Meganium|Solar Beam||[still]\n|-prepare|p1a: Meganium|Solar Beam\n|-activate|p1a: Meganium|ability: Mega Sol\n|-anim|p1a: Meganium|Solar Beam|p2a: Excadrill\n|-damage|p2a: Excadrill|0 fnt\n|replace|p2a: Zoroark|Zoroark-Hisui, L50, F\n|-end|p2a: Zoroark|Illusion\n|faint|p2a: Zoroark\n|\n|upkeep\n|\n|t:|1776111409\n|switch|p2a: Tyranitar|Tyranitar, L50, F|100/100\n|-weather|Sandstorm|[from] ability: Sand Stream|[of] p2a: Tyranitar\n|turn|3\n|\n|t:|1776111434\n|switch|p1b: Throated|Pelipper, L50, M|100/100\n|-weather|RainDance|[from] ability: Drizzle|[of] p1b: Throated\n|move|p2a: Tyranitar|Protect|p2a: Tyranitar\n|-singleturn|p2a: Tyranitar|Protect\n|move|p2b: Excadrill|Rock Slide|p1a: Meganium|[spread] p1a\n|-miss|p2b: Excadrill|p1b: Throated\n|-damage|p1a: Meganium|52/100\n|move|p1a: Meganium|Solar Beam||[still]\n|-prepare|p1a: Meganium|Solar Beam\n|-activate|p1a: Meganium|ability: Mega Sol\n|-anim|p1a: Meganium|Solar Beam|p2b: Excadrill\n|-damage|p2b: Excadrill|0 fnt\n|faint|p2b: Excadrill\n|\n|-weather|RainDance|[upkeep]\n|upkeep\n|\n|t:|1776111450\n|switch|p2b: Meganium|Meganium-Mega, L50, F|100/100\n|turn|4\n|\n|t:|1776111462\n|move|p1a: Meganium|Protect|p1a: Meganium\n|-singleturn|p1a: Meganium|Protect\n|move|p2b: Meganium|Weather Ball|p1a: Meganium\n|-activate|p1a: Meganium|move: Protect\n|move|p2a: Tyranitar|Rock Slide|p1a: Meganium|[spread] \n|-activate|p1a: Meganium|move: Protect\n|-miss|p2a: Tyranitar|p1b: Throated\n|move|p1b: Throated|Hurricane|p2b: Meganium\n|-supereffective|p2b: Meganium|1\n|-damage|p2b: Meganium|23/100\n|\n|-weather|RainDance|[upkeep]\n|upkeep\n|turn|5\n|inactive|Edgy14yearoldoc has 30 seconds left.\n|\n|t:|1776111489\n|switch|p1a: Sneasler|Sneasler, L50, F|9/100\n|move|p2b: Meganium|Dazzling Gleam|p1b: Throated|[spread] p1a,p1b\n|-damage|p1a: Sneasler|0 fnt\n|-damage|p1b: Throated|50/100\n|faint|p1a: Sneasler\n|move|p2a: Tyranitar|Rock Slide|p1b: Throated\n|-supereffective|p1b: Throated|1\n|-damage|p1b: Throated|0 fnt\n|faint|p1b: Throated\n|\n|-weather|RainDance|[upkeep]\n|upkeep\n|\n|t:|1776111497\n|switch|p1a: Meganium|Meganium-Mega, L50, F|52/100\n|switch|p1b: Basculegion|Basculegion, L50, M|100/100\n|turn|6\n|\n|t:|1776111508\n|move|p2b: Meganium|Protect|p2b: Meganium\n|-singleturn|p2b: Meganium|Protect\n|move|p1a: Meganium|Protect|p1a: Meganium\n|-singleturn|p1a: Meganium|Protect\n|move|p1b: Basculegion|Last Respects|p2b: Meganium\n|-activate|p2b: Meganium|move: Protect\n|move|p2a: Tyranitar|Breaking Swipe|p1a: Meganium|[spread] p1b\n|-activate|p1a: Meganium|move: Protect\n|-damage|p1b: Basculegion|76/100\n|-unboost|p1b: Basculegion|atk|1\n|\n|-weather|RainDance|[upkeep]\n|upkeep\n|turn|7\n|inactive|Edgy14yearoldoc has 30 seconds left.\n|\n|t:|1776111536\n|move|p1b: Basculegion|Last Respects|p2b: Meganium\n|-damage|p2b: Meganium|0 fnt\n|faint|p2b: Meganium\n|move|p2a: Tyranitar|Knock Off|p1b: Basculegion\n|-supereffective|p1b: Basculegion|1\n|-damage|p1b: Basculegion|0 fnt\n|-enditem|p1b: Basculegion|Mystic Water|[from] move: Knock Off|[of] p2a: Tyranitar\n|faint|p1b: Basculegion\n|move|p1a: Meganium|Solar Beam||[still]\n|-prepare|p1a: Meganium|Solar Beam\n|-activate|p1a: Meganium|ability: Mega Sol\n|-anim|p1a: Meganium|Solar Beam|p2a: Tyranitar\n|-supereffective|p2a: Tyranitar|1\n|-damage|p2a: Tyranitar|0 fnt\n|faint|p2a: Tyranitar\n|\n|win|Edgy14yearoldoc\n|raw|Edgy14yearoldoc's rating: 1191 &rarr; <strong>1210</strong><br />(+19 for winning)\n|raw|Zapdos79's rating: 1113 &rarr; <strong>1094</strong><br />(-19 for losing)\n|c|\u2606Zapdos79|gg\n|c|\u2606Edgy14yearoldoc|gg\n|l|\u2606Edgy14yearoldoc\n|player|p1|\n",
  "uploadtime": 1776111550,
  "views": 24,
  "formatid": "gen9championsvgc2026regma",
  "rating": 1094,
  "private": 0,
  "password": null
}