{
  "id": "gen9championsvgc2026regma-2587260436",
  "format": "[Gen 9 Champions] VGC 2026 Reg M-A",
  "players": [
    "limejuice007",
    "StMNebula"
  ],
  "log": "|j|\u2606limejuice007\n|j|\u2606StMNebula\n|t:|1776515594\n|gametype|doubles\n|player|p1|limejuice007|li|1000\n|player|p2|StMNebula|1|1013\n|gen|9\n|tier|[Gen 9 Champions] VGC 2026 Reg M-A\n|rated|\n|rule|Species Clause: Limit one of each Pok\u00e9mon\n|rule|Item Clause: Limit 1 of each item\n|clearpoke\n|poke|p1|Meganium, L50, F|\n|poke|p1|Archaludon, L50, F|\n|poke|p1|Aerodactyl, L50, F|\n|poke|p1|Typhlosion-Hisui, L50, M|\n|poke|p1|Tauros-Paldea-Aqua, L50, M|\n|poke|p1|Kangaskhan, L50, F|\n|poke|p2|Glimmora, L50, F|\n|poke|p2|Talonflame, L50, M|\n|poke|p2|Maushold-Four, L50|\n|poke|p2|Weavile, L50, F|\n|poke|p2|Azumarill, L50, F|\n|poke|p2|Sinistcha, L50|\n|teampreview|4\n|inactive|Battle timer is ON: inactive players will automatically lose when time's up. (requested by StMNebula)\nStMNebula rejected open team sheets.\n|\n|t:|1776515644\n|teamsize|p1|4\n|teamsize|p2|4\n|start\n|switch|p1a: Tauros|Tauros-Paldea-Aqua, L50, M|100/100\n|switch|p1b: Meganium|Meganium, L50, F|100/100\n|switch|p2a: Azumarill|Azumarill, L50, F|100/100\n|switch|p2b: Weavile|Weavile, L50, F|100/100\n|-ability|p1a: Tauros|Intimidate|boost\n|-unboost|p2a: Azumarill|atk|1\n|-unboost|p2b: Weavile|atk|1\n|turn|1\n|inactive|StMNebula has 30 seconds left.\n|\n|t:|1776515671\n|detailschange|p1b: Meganium|Meganium-Mega, L50, F\n|-mega|p1b: Meganium|Meganium|Meganiumite\n|move|p2b: Weavile|Fake Out|p1b: Meganium\n|-damage|p1b: Meganium|92/100\n|move|p1a: Tauros|Close Combat|p2b: Weavile\n|-supereffective|p2b: Weavile|2\n|-damage|p2b: Weavile|0 fnt\n|-unboost|p1a: Tauros|def|1\n|-unboost|p1a: Tauros|spd|1\n|faint|p2b: Weavile\n|-enditem|p1a: Tauros|White Herb\n|-clearnegativeboost|p1a: Tauros|[silent]\n|cant|p1b: Meganium|flinch\n|move|p2a: Azumarill|Belly Drum|p2a: Azumarill\n|-damage|p2a: Azumarill|51/100\n|-setboost|p2a: Azumarill|atk|6|[from] move: Belly Drum\n|\n|upkeep\n|j| AidzPlayz\n|\n|t:|1776515685\n|switch|p2b: Sinistcha|Sinistcha, L50|100/100\n|-heal|p2a: Azumarill|76/100|[from] ability: Hospitality|[of] p2b: Sinistcha\n|turn|2\n|inactive|limejuice007 has 30 seconds left.\n|\n|t:|1776515710\n|switch|p1a: Kangaskhan|Kangaskhan, L50, F|100/100\n|move|p2a: Azumarill|Protect|p2a: Azumarill\n|-singleturn|p2a: Azumarill|Protect\n|move|p2b: Sinistcha|Matcha Gotcha|p1a: Kangaskhan|[spread] p1a,p1b\n|-resisted|p1b: Meganium|1\n|-damage|p1a: Kangaskhan|72/100\n|-damage|p1b: Meganium|82/100\n|move|p1b: Meganium|Weather Ball|p2b: Sinistcha\n|-supereffective|p2b: Sinistcha|1\n|-enditem|p2b: Sinistcha|Focus Sash\n|-damage|p2b: Sinistcha|1/100\n|\n|upkeep\n|turn|3\n|inactive|StMNebula has 30 seconds left.\n|inactive|StMNebula has 20 seconds left.\n|\n|t:|1776515750\n|move|p1a: Kangaskhan|Fake Out|p2a: Azumarill\n|-damage|p2a: Azumarill|55/100\n|move|p2b: Sinistcha|Rage Powder|p2b: Sinistcha\n|-singleturn|p2b: Sinistcha|move: Rage Powder\n|cant|p2a: Azumarill|flinch\n|move|p1b: Meganium|Dazzling Gleam|p2b: Sinistcha|[spread] p2a,p2b\n|-damage|p2a: Azumarill|15/100\n|-damage|p2b: Sinistcha|0 fnt\n|-enditem|p2a: Azumarill|Sitrus Berry|[eat]\n|-heal|p2a: Azumarill|40/100|[from] item: Sitrus Berry\n|faint|p2b: Sinistcha\n|\n|upkeep\n|\n|t:|1776515755\n|switch|p2b: Maushold|Maushold-Four, L50|100/100\n|turn|4\n|\n|t:|1776515775\n|switch|p1a: Tauros|Tauros-Paldea-Aqua, L50, M|100/100\n|-ability|p1a: Tauros|Intimidate|boost\n|-unboost|p2a: Azumarill|atk|1\n|-unboost|p2b: Maushold|atk|1\n|move|p1b: Meganium|Protect|p1b: Meganium\n|-singleturn|p1b: Meganium|Protect\n|move|p2a: Azumarill|Protect|p2a: Azumarill\n|-singleturn|p2a: Azumarill|Protect\n|move|p2b: Maushold|Population Bomb|p1b: Meganium\n|-activate|p1b: Meganium|move: Protect\n|\n|upkeep\n|turn|5\n|inactive|limejuice007 has 30 seconds left.\n|inactive|limejuice007 has 20 seconds left.\n|\n|t:|1776515811\n|move|p1a: Tauros|Protect|p1a: Tauros\n|-singleturn|p1a: Tauros|Protect\n|move|p2a: Azumarill|Aqua Jet|p1b: Meganium\n|-resisted|p1b: Meganium|1\n|-damage|p1b: Meganium|43/100\n|move|p2b: Maushold|Population Bomb|p1a: Tauros\n|-activate|p1a: Tauros|move: Protect\n|move|p1b: Meganium|Dazzling Gleam|p2b: Maushold|[spread] p2a,p2b\n|-damage|p2a: Azumarill|0 fnt\n|-damage|p2b: Maushold|48/100\n|faint|p2a: Azumarill\n|\n|upkeep\n|turn|6\n|inactive|limejuice007 has 30 seconds left.\n|\n|t:|1776515839\n|move|p2b: Maushold|Population Bomb|p1b: Meganium\n|-damage|p1b: Meganium|36/100\n|-damage|p1b: Meganium|30/100\n|-damage|p1b: Meganium|23/100\n|-crit|p1b: Meganium\n|-damage|p1b: Meganium|7/100\n|-crit|p1b: Meganium\n|-damage|p1b: Meganium|0 fnt\n|faint|p1b: Meganium\n|-hitcount|p1: Meganium|5\n|move|p1a: Tauros|Close Combat|p2b: Maushold\n|-supereffective|p2b: Maushold|1\n|-damage|p2b: Maushold|0 fnt\n|-unboost|p1a: Tauros|def|1\n|-unboost|p1a: Tauros|spd|1\n|faint|p2b: Maushold\n|\n|win|limejuice007\n|raw|limejuice007's rating: 1000 &rarr; <strong>1041</strong><br />(+41 for winning)\n|raw|StMNebula's rating: 1013 &rarr; <strong>1001</strong><br />(-12 for losing)\n|l|\u2606StMNebula\n|player|p2|\n|l| AidzPlayz\n|j| AidzPlayz\n",
  "uploadtime": 1776515839,
  "views": 20,
  "formatid": "gen9championsvgc2026regma",
  "rating": 1001,
  "private": 0,
  "password": null
}