{
  "id": "gen9championsvgc2026regma-2585674896",
  "format": "[Gen 9 Champions] VGC 2026 Reg M-A",
  "players": [
    "Missed Ledgedash",
    "gibranalvzz"
  ],
  "log": "|j|\u2606Missed Ledgedash\n|j|\u2606gibranalvzz\n|t:|1776362856\n|gametype|doubles\n|player|p1|Missed Ledgedash|juan-gen3|1195\n|player|p2|gibranalvzz|265|1258\n|gen|9\n|tier|[Gen 9 Champions] VGC 2026 Reg M-A\n|rated|\n|rule|Species Clause: Limit one of each Pok\u00e9mon\n|rule|Item Clause: Limit 1 of each item\n|clearpoke\n|poke|p1|Incineroar, L50, F|\n|poke|p1|Gengar, L50, F|\n|poke|p1|Gyarados, L50, F|\n|poke|p1|Tyranitar, L50, M|\n|poke|p1|Sneasler, L50, M|\n|poke|p1|Excadrill, L50, M|\n|poke|p2|Blastoise, L50, F|\n|poke|p2|Farigiraf, L50, M|\n|poke|p2|Pelipper, L50, F|\n|poke|p2|Sinistcha-Masterpiece, L50|\n|poke|p2|Kingambit, L50, F|\n|poke|p2|Aggron, L50, M|\n|teampreview|4\n|\n|t:|1776362878\n|teamsize|p1|4\n|teamsize|p2|4\n|start\n|switch|p1a: Sneasler|Sneasler, L50, M|100/100\n|switch|p1b: Gengar|Gengar, L50, F|100/100\n|switch|p2a: Blastoise|Blastoise, L50, F, shiny|100/100\n|switch|p2b: Farigiraf|Farigiraf, L50, M, shiny|100/100\n|turn|1\n|inactive|Battle timer is ON: inactive players will automatically lose when time's up. (requested by gibranalvzz)\n|inactive|Missed Ledgedash has 60 seconds left.\n|\n|t:|1776362920\n|detailschange|p1b: Gengar|Gengar-Mega, L50, F\n|-mega|p1b: Gengar|Gengar|Gengarite\n|move|p2a: Blastoise|Protect|p2a: Blastoise\n|-singleturn|p2a: Blastoise|Protect\n|move|p1b: Gengar|Shadow Ball|p2a: Blastoise\n|-activate|p2a: Blastoise|move: Protect\n|move|p1a: Sneasler|Close Combat|p2a: Blastoise\n|-activate|p2a: Blastoise|move: Protect\n|move|p2b: Farigiraf|Trick Room|p2b: Farigiraf\n|-fieldstart|move: Trick Room|[of] p2b: Farigiraf\n|\n|upkeep\n|turn|2\n|\n|t:|1776362945\n|detailschange|p2a: Blastoise|Blastoise-Mega, L50, F, shiny\n|-mega|p2a: Blastoise|Blastoise|Blastoisinite\n|move|p1b: Gengar|Protect|p1b: Gengar\n|-singleturn|p1b: Gengar|Protect\n|move|p2b: Farigiraf|Psychic|p1a: Sneasler\n|-supereffective|p1a: Sneasler|2\n|-damage|p1a: Sneasler|0 fnt\n|faint|p1a: Sneasler\n|move|p2a: Blastoise|Water Spout|p1b: Gengar\n|-activate|p1b: Gengar|move: Protect\n|\n|upkeep\n|\n|t:|1776362954\n|switch|p1a: Incineroar|Incineroar, L50, F|100/100\n|-ability|p1a: Incineroar|Intimidate|boost\n|-unboost|p2a: Blastoise|atk|1\n|-unboost|p2b: Farigiraf|atk|1\n|turn|3\n|\n|t:|1776362959\n|move|p2b: Farigiraf|Psychic|p1b: Gengar\n|-supereffective|p1b: Gengar|1\n|-damage|p1b: Gengar|8/100\n|move|p1a: Incineroar|Throat Chop|p2a: Blastoise\n|-damage|p2a: Blastoise|75/100\n|-start|p2a: Blastoise|Throat Chop|[silent]\n|move|p2a: Blastoise|Water Spout|p1b: Gengar|[spread] p1a,p1b\n|-supereffective|p1a: Incineroar|1\n|-damage|p1a: Incineroar|19/100\n|-damage|p1b: Gengar|0 fnt\n|faint|p1b: Gengar\n|\n|upkeep\n|\n|t:|1776362968\n|switch|p1b: Tyranitar|Tyranitar, L50, M|100/100\n|-weather|Sandstorm|[from] ability: Sand Stream|[of] p1b: Tyranitar\n|turn|4\n|\n|t:|1776362974\n|switch|p2b: Pelipper|Pelipper, L50, F, shiny|100/100\n|-weather|RainDance|[from] ability: Drizzle|[of] p2b: Pelipper\n|move|p1a: Incineroar|Throat Chop|p2b: Pelipper\n|-damage|p2b: Pelipper|69/100\n|-start|p2b: Pelipper|Throat Chop|[silent]\n|move|p1b: Tyranitar|Rock Slide|p2a: Blastoise|[spread] p2a,p2b\n|-supereffective|p2b: Pelipper|1\n|-damage|p2a: Blastoise|43/100\n|-damage|p2b: Pelipper|6/100\n|move|p2a: Blastoise|Water Spout|p1b: Tyranitar|[spread] p1a,p1b\n|-supereffective|p1a: Incineroar|1\n|-supereffective|p1b: Tyranitar|1\n|-damage|p1a: Incineroar|0 fnt\n|-damage|p1b: Tyranitar|33/100\n|faint|p1a: Incineroar\n|\n|-weather|RainDance|[upkeep]\n|-end|p2a: Blastoise|Throat Chop|[silent]\n|upkeep\n|turn|5\n|\n|t:|1776362991\n|move|p2b: Pelipper|Wide Guard|p2b: Pelipper\n|-singleturn|p2b: Pelipper|Wide Guard\n|move|p1b: Tyranitar|Rock Slide|p2a: Blastoise|[spread] \n|-activate|p2a: Blastoise|move: Wide Guard\n|-activate|p2b: Pelipper|move: Wide Guard\n|move|p2a: Blastoise|Aura Sphere|p1b: Tyranitar\n|-supereffective|p1b: Tyranitar|2\n|-damage|p1b: Tyranitar|0 fnt\n|faint|p1b: Tyranitar\n|\n|win|gibranalvzz\n|raw|Missed Ledgedash's rating: 1195 &rarr; <strong>1174</strong><br />(-21 for losing)\n|raw|gibranalvzz's rating: 1258 &rarr; <strong>1279</strong><br />(+21 for winning)\n",
  "uploadtime": 1776363000,
  "views": 22,
  "formatid": "gen9championsvgc2026regma",
  "rating": 1174,
  "private": 0,
  "password": null
}