{
  "id": "gen9championsvgc2026regma-2580985458",
  "format": "[Gen 9 Champions] VGC 2026 Reg M-A",
  "players": [
    "yohanitaro",
    "pipppo"
  ],
  "log": "|j|\u2606yohanitaro\n|j|\u2606pipppo\n|t:|1775949130\n|gametype|doubles\n|player|p1|yohanitaro|twins-gen4|1290\n|player|p2|pipppo|leaf-gen3|1355\n|gen|9\n|tier|[Gen 9 Champions] VGC 2026 Reg M-A\n|rated|\n|rule|Species Clause: Limit one of each Pok\u00e9mon\n|rule|Item Clause: Limit 1 of each item\n|clearpoke\n|poke|p1|Delphox, L50, M|\n|poke|p1|Garchomp, L50, M|\n|poke|p1|Sneasler, L50, M|\n|poke|p1|Kingambit, L50, M|\n|poke|p1|Incineroar, L50, M|\n|poke|p1|Basculegion, L50, M|\n|poke|p2|Talonflame, L50, F|\n|poke|p2|Garchomp, L50, F|\n|poke|p2|Blastoise, L50, F|\n|poke|p2|Kingambit, L50, M|\n|poke|p2|Sylveon, L50, M|\n|poke|p2|Sinistcha, L50|\n|teampreview|4\n|inactive|Battle timer is ON: inactive players will automatically lose when time's up. (requested by yohanitaro)\n|j| gE1xjZRtuhW2DdT0AK\n|inactive|yohanitaro has 60 seconds left.\n|\n|t:|1775949171\n|teamsize|p1|4\n|teamsize|p2|4\n|start\n|switch|p1a: Garchomp|Garchomp, L50, M, shiny|100/100\n|switch|p1b: Sneasler|Sneasler, L50, M, shiny|100/100\n|switch|p2a: Talonflame|Talonflame, L50, F|100/100\n|switch|p2b: Blastoise|Blastoise, L50, F|100/100\n|turn|1\n|\n|t:|1775949189\n|move|p2a: Talonflame|Protect|p2a: Talonflame\n|-singleturn|p2a: Talonflame|Protect\n|move|p2b: Blastoise|Protect|p2b: Blastoise\n|-singleturn|p2b: Blastoise|Protect\n|move|p1b: Sneasler|Fake Out|p2b: Blastoise\n|-activate|p2b: Blastoise|move: Protect\n|move|p1a: Garchomp|Rock Slide|p2a: Talonflame|[spread] \n|-activate|p2a: Talonflame|move: Protect\n|-activate|p2b: Blastoise|move: Protect\n|\n|upkeep\n|turn|2\n|\n|t:|1775949204\n|detailschange|p2b: Blastoise|Blastoise-Mega, L50, F\n|-mega|p2b: Blastoise|Blastoise|Blastoisinite\n|move|p2a: Talonflame|Tailwind|p2a: Talonflame\n|-sidestart|p2: pipppo|move: Tailwind\n|move|p2b: Blastoise|Water Spout|p1b: Sneasler|[spread] p1a,p1b\n|-damage|p1a: Garchomp|37/100\n|-damage|p1b: Sneasler|12/100\n|-enditem|p1a: Garchomp|Sitrus Berry|[eat]\n|-heal|p1a: Garchomp|62/100|[from] item: Sitrus Berry\n|move|p1b: Sneasler|Close Combat|p2b: Blastoise\n|-damage|p2b: Blastoise|31/100\n|-unboost|p1b: Sneasler|def|1\n|-unboost|p1b: Sneasler|spd|1\n|-enditem|p1b: Sneasler|White Herb\n|-clearnegativeboost|p1b: Sneasler|[silent]\n|move|p1a: Garchomp|Rock Slide|p2b: Blastoise|[spread] p2a,p2b\n|-supereffective|p2a: Talonflame|2\n|-damage|p2a: Talonflame|0 fnt\n|-damage|p2b: Blastoise|11/100\n|faint|p2a: Talonflame\n|\n|upkeep\n|\n|t:|1775949211\n|switch|p2a: Sylveon|Sylveon, L50, M|100/100\n|turn|3\n|inactive|yohanitaro has 30 seconds left.\n|inactive|yohanitaro has 20 seconds left.\n|\n|t:|1775949250\n|move|p2a: Sylveon|Quick Attack|p1b: Sneasler\n|-damage|p1b: Sneasler|0 fnt\n|faint|p1b: Sneasler\n|move|p2b: Blastoise|Ice Beam|p1a: Garchomp\n|-supereffective|p1a: Garchomp|2\n|-damage|p1a: Garchomp|0 fnt\n|faint|p1a: Garchomp\n|\n|upkeep\n|\n|t:|1775949259\n|switch|p1b: Basculegion|Basculegion, L50, M, shiny|100/100\n|switch|p1a: Delphox|Delphox, L50, M, shiny|100/100\n|turn|4\n|inactive|yohanitaro has 30 seconds left.\n|\n|t:|1775949294\n|detailschange|p1a: Delphox|Delphox-Mega, L50, M, shiny\n|-mega|p1a: Delphox|Delphox|Delphoxite\n|move|p1a: Delphox|Protect|p1a: Delphox\n|-singleturn|p1a: Delphox|Protect\n|move|p2a: Sylveon|Protect|p2a: Sylveon\n|-singleturn|p2a: Sylveon|Protect\n|move|p2b: Blastoise|Ice Beam|p1b: Basculegion\n|-resisted|p1b: Basculegion|1\n|-damage|p1b: Basculegion|80/100\n|move|p1b: Basculegion|Last Respects|p2b: Blastoise\n|-damage|p2b: Blastoise|0 fnt\n|faint|p2b: Blastoise\n|\n|upkeep\n|\n|t:|1775949307\n|switch|p2b: Kingambit|Kingambit, L50, M|100/100\n|turn|5\n|\n|t:|1775949322\n|move|p2b: Kingambit|Sucker Punch|p1b: Basculegion\n|-supereffective|p1b: Basculegion|1\n|-damage|p1b: Basculegion|0 fnt\n|faint|p1b: Basculegion\n|move|p1a: Delphox|Encore|p2a: Sylveon\n|-start|p2a: Sylveon|Encore\n|move|p2a: Sylveon|Protect|p2a: Sylveon\n|-singleturn|p2a: Sylveon|Protect\n|\n|-sideend|p2: pipppo|move: Tailwind\n|upkeep\n|turn|6\n|inactive|pipppo has 30 seconds left.\n|\n|t:|1775949350\n|move|p2a: Sylveon|Protect||[still]\n|-fail|p2a: Sylveon\n|move|p2b: Kingambit|Sucker Punch|p1a: Delphox\n|-supereffective|p1a: Delphox|1\n|-damage|p1a: Delphox|0 fnt\n|faint|p1a: Delphox\n|\n|win|pipppo\n|raw|yohanitaro's rating: 1290 &rarr; <strong>1270</strong><br />(-20 for losing)\n|raw|pipppo's rating: 1355 &rarr; <strong>1371</strong><br />(+16 for winning)\n|l|\u2606yohanitaro\n|player|p1|\n|l|\u2606pipppo\n|player|p2|\n",
  "uploadtime": 1775949354,
  "views": 20,
  "formatid": "gen9championsvgc2026regma",
  "rating": 1270,
  "private": 0,
  "password": null
}