{
  "id": "gen9championsvgc2026regma-2587804727",
  "format": "[Gen 9 Champions] VGC 2026 Reg M-A",
  "players": [
    "bamdoot",
    "KDB007"
  ],
  "log": "|j|\u2606bamdoot\n|j|\u2606KDB007\n|t:|1776565735\n|gametype|doubles\n|player|p1|bamdoot|265|1492\n|player|p2|KDB007|101|1482\n|gen|9\n|tier|[Gen 9 Champions] VGC 2026 Reg M-A\n|rated|\n|rule|Species Clause: Limit one of each Pok\u00e9mon\n|rule|Item Clause: Limit 1 of each item\n|clearpoke\n|poke|p1|Whimsicott, L50, M|\n|poke|p1|Chandelure, L50, F|\n|poke|p1|Charizard, L50, F|\n|poke|p1|Garchomp, L50, F|\n|poke|p1|Rotom-Wash, L50|\n|poke|p1|Aegislash, L50, F|\n|poke|p2|Garchomp, L50, F|\n|poke|p2|Sneasler, L50, F|\n|poke|p2|Gengar, L50, F|\n|poke|p2|Kingambit, L50, F|\n|poke|p2|Basculegion, L50, M|\n|poke|p2|Froslass, L50, F|\n|teampreview|4\n|inactive|Battle timer is ON: inactive players will automatically lose when time's up. (requested by bamdoot)\n|\n|t:|1776565809\n|teamsize|p1|4\n|teamsize|p2|4\n|start\n|switch|p1a: Charizard|Charizard, L50, F|100/100\n|switch|p1b: Whimsicott|Whimsicott, L50, M|100/100\n|switch|p2a: Froslass|Froslass, L50, F|100/100\n|switch|p2b: Garchomp|Garchomp, L50, F|100/100\n|turn|1\n|j| pangpokemon666\n|inactive|bamdoot has 30 seconds left.\n|inactive|bamdoot has 20 seconds left.\n|inactive|bamdoot has 15 seconds left.\n|\n|t:|1776565853\n|detailschange|p1a: Charizard|Charizard-Mega-Y, L50, F\n|-mega|p1a: Charizard|Charizard|Charizardite Y\n|-weather|SunnyDay|[from] ability: Drought|[of] p1a: Charizard\n|move|p1b: Whimsicott|Tailwind|p1b: Whimsicott\n|-sidestart|p1: bamdoot|move: Tailwind\n|move|p1a: Charizard|Heat Wave|p2b: Garchomp|[spread] p2a,p2b\n|-supereffective|p2a: Froslass|1\n|-resisted|p2b: Garchomp|1\n|-damage|p2a: Froslass|0 fnt\n|-damage|p2b: Garchomp|68/100\n|faint|p2a: Froslass\n|move|p2b: Garchomp|Rock Slide|p1b: Whimsicott|[spread] p1a,p1b\n|-supereffective|p1a: Charizard|2\n|-damage|p1a: Charizard|0 fnt\n|-damage|p1b: Whimsicott|83/100\n|faint|p1a: Charizard\n|\n|-weather|SunnyDay|[upkeep]\n|upkeep\n|j| sammap\n|\n|t:|1776565871\n|switch|p1a: Garchomp|Garchomp, L50, F|100/100\n|switch|p2a: Kingambit|Kingambit, L50, F|100/100\n|turn|2\n|\n|t:|1776565887\n|move|p2b: Garchomp|Protect|p2b: Garchomp\n|-singleturn|p2b: Garchomp|Protect\n|move|p2a: Kingambit|Protect|p2a: Kingambit\n|-singleturn|p2a: Kingambit|Protect\n|move|p1a: Garchomp|Earthquake|p2a: Kingambit|[spread] p1b\n|-activate|p2a: Kingambit|move: Protect\n|-activate|p2b: Garchomp|move: Protect\n|-resisted|p1b: Whimsicott|1\n|-damage|p1b: Whimsicott|67/100\n|move|p1b: Whimsicott|Moonblast|p2b: Garchomp\n|-activate|p2b: Garchomp|move: Protect\n|\n|-weather|SunnyDay|[upkeep]\n|upkeep\n|turn|3\n|inactive|KDB007 has 30 seconds left.\n|\n|t:|1776565915\n|move|p1a: Garchomp|Earthquake|p2a: Kingambit|[spread] p1b,p2a,p2b\n|-resisted|p1b: Whimsicott|1\n|-supereffective|p2a: Kingambit|1\n|-damage|p1b: Whimsicott|51/100\n|-damage|p2a: Kingambit|43/100\n|-damage|p2b: Garchomp|34/100\n|-enditem|p2b: Garchomp|Sitrus Berry|[eat]\n|-heal|p2b: Garchomp|58/100|[from] item: Sitrus Berry\n|move|p1b: Whimsicott|Moonblast|p2b: Garchomp\n|-supereffective|p2b: Garchomp|1\n|-damage|p2b: Garchomp|10/100\n|move|p2b: Garchomp|Dragon Claw|p1a: Garchomp\n|-supereffective|p1a: Garchomp|1\n|-damage|p1a: Garchomp|26/100\n|-damage|p2b: Garchomp|0 fnt|[from] ability: Rough Skin|[of] p1a: Garchomp\n|faint|p2b: Garchomp\n|move|p2a: Kingambit|Kowtow Cleave|p1a: Garchomp\n|-damage|p1a: Garchomp|0 fnt\n|-damage|p2a: Kingambit|30/100|[from] ability: Rough Skin|[of] p1a: Garchomp\n|faint|p1a: Garchomp\n|\n|-weather|SunnyDay|[upkeep]\n|upkeep\n|j| Choklit Milk\n|l| Choklit Milk\n|\n|t:|1776565934\n|switch|p1a: Chandelure|Chandelure, L50, F|100/100\n|switch|p2b: Basculegion|Basculegion, L50, M|100/100\n|turn|4\n|\n|t:|1776565954\n|move|p2b: Basculegion|Protect|p2b: Basculegion\n|-singleturn|p2b: Basculegion|Protect\n|move|p2a: Kingambit|Protect|p2a: Kingambit\n|-singleturn|p2a: Kingambit|Protect\n|move|p1a: Chandelure|Solar Beam||[still]\n|-prepare|p1a: Chandelure|Solar Beam\n|-anim|p1a: Chandelure|Solar Beam|p2b: Basculegion\n|-activate|p2b: Basculegion|move: Protect\n|move|p1b: Whimsicott|Moonblast|p2a: Kingambit\n|-activate|p2a: Kingambit|move: Protect\n|\n|-weather|SunnyDay|[upkeep]\n|-sideend|p1: bamdoot|move: Tailwind\n|upkeep\n|turn|5\n|\n|t:|1776565972\n|move|p2a: Kingambit|Sucker Punch|p1a: Chandelure\n|-supereffective|p1a: Chandelure|1\n|-damage|p1a: Chandelure|0 fnt\n|faint|p1a: Chandelure\n|move|p2b: Basculegion|Last Respects|p1b: Whimsicott\n|-damage|p1b: Whimsicott|0 fnt\n|faint|p1b: Whimsicott\n|\n|win|KDB007\n|raw|bamdoot's rating: 1492 &rarr; <strong>1471</strong><br />(-21 for losing)\n|raw|KDB007's rating: 1482 &rarr; <strong>1503</strong><br />(+21 for winning)\n",
  "uploadtime": 1776565976,
  "views": 15,
  "formatid": "gen9championsvgc2026regma",
  "rating": 1471,
  "private": 0,
  "password": null
}