{
  "id": "gen9championsvgc2026regma-2581126822",
  "format": "[Gen 9 Champions] VGC 2026 Reg M-A",
  "players": [
    "Zmr56",
    "Squittzle"
  ],
  "log": "|j|\u2606Zmr56\n|j|\u2606Squittzle\n|t:|1775962452\n|gametype|doubles\n|player|p1|Zmr56|bruno|1220\n|player|p2|Squittzle|170|1295\n|gen|9\n|tier|[Gen 9 Champions] VGC 2026 Reg M-A\n|rated|\n|rule|Species Clause: Limit one of each Pok\u00e9mon\n|rule|Item Clause: Limit 1 of each item\n|clearpoke\n|poke|p1|Meganium, L50, M|\n|poke|p1|Politoed, L50, M|\n|poke|p1|Sneasler, L50, M|\n|poke|p1|Hatterene, L50, F|\n|poke|p1|Incineroar, L50, M|\n|poke|p1|Basculegion, L50, M|\n|poke|p2|Zoroark-Hisui, L50, M|\n|poke|p2|Floette-Eternal, L50, F|\n|poke|p2|Kingambit, L50, F|\n|poke|p2|Talonflame, L50, M|\n|poke|p2|Kommo-o, L50, F|\n|poke|p2|Tsareena, L50, F|\n|teampreview|4\n|inactive|Battle timer is ON: inactive players will automatically lose when time's up. (requested by Squittzle)\nZmr56 has agreed to open team sheets.\n|c|\u2606Zmr56|Glhf\n|inactive|Squittzle has 60 seconds left.\n|inactive|Squittzle has 30 seconds left.\n|\n|t:|1775962520\n|teamsize|p1|4\n|teamsize|p2|4\n|start\n|switch|p1a: Hatterene|Hatterene, L50, F|100/100\n|switch|p1b: Incineroar|Incineroar, L50, M|100/100\n|switch|p2a: Floette|Floette-Eternal, L50, F|100/100\n|switch|p2b: Kommo-o|Kommo-o, L50, F|100/100\n|-ability|p1b: Incineroar|Intimidate|boost\n|-unboost|p2a: Floette|atk|1\n|-unboost|p2b: Kommo-o|atk|1\n|turn|1\n|inactive|Zmr56 has 30 seconds left.\n|\n|t:|1775962551\n|move|p1a: Hatterene|Protect|p1a: Hatterene\n|-singleturn|p1a: Hatterene|Protect\n|move|p2b: Kommo-o|Aura Sphere|p1b: Incineroar\n|-supereffective|p1b: Incineroar|1\n|-damage|p1b: Incineroar|34/100\n|-enditem|p1b: Incineroar|Sitrus Berry|[eat]\n|-heal|p1b: Incineroar|59/100|[from] item: Sitrus Berry\n|move|p2a: Floette|Shadow Ball|p1a: Hatterene\n|-activate|p1a: Hatterene|move: Protect\n|move|p1b: Incineroar|Throat Chop|p2b: Kommo-o\n|-resisted|p2b: Kommo-o|1\n|-damage|p2b: Kommo-o|83/100\n|-start|p2b: Kommo-o|Throat Chop|[silent]\n|\n|upkeep\n|turn|2\n|inactive|Zmr56 has 30 seconds left.\n|\n|t:|1775962585\n|move|p2b: Kommo-o|Aura Sphere|p1b: Incineroar\n|-supereffective|p1b: Incineroar|1\n|-damage|p1b: Incineroar|0 fnt\n|faint|p1b: Incineroar\n|move|p2a: Floette|Shadow Ball|p1a: Hatterene\n|-supereffective|p1a: Hatterene|1\n|-damage|p1a: Hatterene|16/100\n|move|p1a: Hatterene|Trick Room|p1a: Hatterene\n|-fieldstart|move: Trick Room|[of] p1a: Hatterene\n|\n|-end|p2b: Kommo-o|Throat Chop|[silent]\n|upkeep\n|\n|t:|1775962596\n|switch|p1b: Meganium|Meganium, L50, M|100/100\n|turn|3\n|inactive|Squittzle has 30 seconds left.\n|\n|t:|1775962627\n|switch|p2b: Floette|Floette-Eternal, L50, F|100/100\n|detailschange|p1b: Meganium|Meganium-Mega, L50, M\n|-mega|p1b: Meganium|Meganium|Meganiumite\n|move|p1a: Hatterene|Protect|p1a: Hatterene\n|-singleturn|p1a: Hatterene|Protect\n|move|p1b: Meganium|Dazzling Gleam|p2a: Floette|[spread] p2a,p2b\n|-damage|p2a: Floette|20/100\n|-damage|p2b: Floette|68/100\n|replace|p2a: Zoroark|Zoroark-Hisui, L50, M\n|-end|p2a: Zoroark|Illusion\n|move|p2a: Zoroark|Hyper Voice|p1b: Meganium|[spread] p1b\n|-activate|p1a: Hatterene|move: Protect\n|-damage|p1b: Meganium|67/100\n|\n|upkeep\n|turn|4\n|\n|t:|1775962646\n|detailschange|p2b: Floette|Floette-Mega, L50, F\n|-mega|p2b: Floette|Floette|Floettite\n|-ability|p2b: Floette|Fairy Aura\n|move|p1a: Hatterene|Psychic|p2b: Floette\n|-damage|p2b: Floette|22/100\n|move|p1b: Meganium|Dazzling Gleam|p2b: Floette|[spread] p2a,p2b\n|-damage|p2a: Zoroark|0 fnt\n|-damage|p2b: Floette|0 fnt\n|faint|p2a: Zoroark\n|faint|p2b: Floette\n|\n|upkeep\n|\n|t:|1775962655\n|switch|p2b: Kingambit|Kingambit, L50, F|100/100\n|switch|p2a: Kommo-o|Kommo-o, L50, F|83/100\n|-activate|p2b: Kingambit|ability: Supreme Overlord\n|-start|p2b: Kingambit|fallen2|[silent]\n|turn|5\n|inactive|Squittzle has 30 seconds left.\n|inactive|Squittzle has 20 seconds left.\n|inactive|Squittzle has 15 seconds left.\n|inactive|Squittzle has 10 seconds left.\n|inactive|Squittzle has 5 seconds left.\n|\n|t:|1775962707\n|move|p1a: Hatterene|Dazzling Gleam|p2b: Kingambit|[spread] p2a,p2b\n|-supereffective|p2a: Kommo-o|2\n|-damage|p2a: Kommo-o|0 fnt\n|-damage|p2b: Kingambit|67/100\n|faint|p2a: Kommo-o\n|move|p2b: Kingambit|Iron Head|p1b: Meganium\n|-supereffective|p1b: Meganium|1\n|-damage|p1b: Meganium|0 fnt\n|faint|p1b: Meganium\n|\n|-heal|p2b: Kingambit|73/100|[from] item: Leftovers\n|upkeep\n|\n|t:|1775962713\n|switch|p1b: Sneasler|Sneasler, L50, M|100/100\n|turn|6\n|\n|t:|1775962735\n|move|p1b: Sneasler|Protect|p1b: Sneasler\n|-singleturn|p1b: Sneasler|Protect\n|move|p1a: Hatterene|Dazzling Gleam|p2b: Kingambit\n|-damage|p2b: Kingambit|33/100\n|move|p2b: Kingambit|Iron Head|p1b: Sneasler\n|-activate|p1b: Sneasler|move: Protect\n|\n|-heal|p2b: Kingambit|39/100|[from] item: Leftovers\n|-fieldend|move: Trick Room\n|upkeep\n|turn|7\n|\n|t:|1775962744\n|move|p2b: Kingambit|Protect|p2b: Kingambit\n|-singleturn|p2b: Kingambit|Protect\n|move|p1b: Sneasler|Close Combat|p2b: Kingambit\n|-activate|p2b: Kingambit|move: Protect\n|move|p1a: Hatterene|Dazzling Gleam|p2b: Kingambit\n|-activate|p2b: Kingambit|move: Protect\n|\n|-heal|p2b: Kingambit|45/100|[from] item: Leftovers\n|upkeep\n|turn|8\n|\n|t:|1775962753\n|move|p2b: Kingambit|Sucker Punch|p1b: Sneasler\n|-resisted|p1b: Sneasler|1\n|-damage|p1b: Sneasler|60/100\n|move|p1b: Sneasler|Close Combat|p2b: Kingambit\n|-supereffective|p2b: Kingambit|2\n|-damage|p2b: Kingambit|0 fnt\n|-unboost|p1b: Sneasler|def|1\n|-unboost|p1b: Sneasler|spd|1\n|faint|p2b: Kingambit\n|-end|p2b: Kingambit|fallen2|[silent]\n|\n|win|Zmr56\n|raw|Zmr56's rating: 1220 &rarr; <strong>1250</strong><br />(+30 for winning)\n|raw|Squittzle's rating: 1295 &rarr; <strong>1265</strong><br />(-30 for losing)\n|l|\u2606Squittzle\n|player|p2|\n",
  "uploadtime": 1775962830,
  "views": 26,
  "formatid": "gen9championsvgc2026regma",
  "rating": 1250,
  "private": 0,
  "password": null
}