{
  "id": "gen9championsvgc2026regma-2583140856",
  "format": "[Gen 9 Champions] VGC 2026 Reg M-A",
  "players": [
    "silverland71429",
    "Snail Fan"
  ],
  "log": "|j|\u2606silverland71429\n|j|\u2606Snail Fan\n|t:|1776146973\n|gametype|doubles\n|player|p1|silverland71429|2|1211\n|player|p2|Snail Fan|colress|1128\n|gen|9\n|tier|[Gen 9 Champions] VGC 2026 Reg M-A\n|rated|\n|rule|Species Clause: Limit one of each Pok\u00e9mon\n|rule|Item Clause: Limit 1 of each item\n|clearpoke\n|poke|p1|Incineroar, L50, F|\n|poke|p1|Froslass, L50, F|\n|poke|p1|Conkeldurr, L50, M|\n|poke|p1|Milotic, L50, M|\n|poke|p1|Ditto, L50|\n|poke|p1|Mr. Rime, L50, F|\n|poke|p2|Tyranitar, L50, M|\n|poke|p2|Sandaconda, L50, M|\n|poke|p2|Aerodactyl, L50, F|\n|poke|p2|Sneasler, L50, F|\n|poke|p2|Sinistcha, L50|\n|poke|p2|Bellibolt, L50, F|\n|teampreview|4\n|\n|t:|1776147003\n|teamsize|p1|4\n|teamsize|p2|4\n|start\n|switch|p1a: Incineroar|Incineroar, L50, F|100/100\n|switch|p1b: Conkeldurr|Conkeldurr, L50, M|100/100\n|switch|p2a: Tyranitar|Tyranitar, L50, M, shiny|100/100\n|switch|p2b: Sandaconda|Sandaconda, L50, M, shiny|100/100\n|-weather|Sandstorm|[from] ability: Sand Stream|[of] p2a: Tyranitar\n|-ability|p1a: Incineroar|Intimidate|boost\n|-unboost|p2a: Tyranitar|atk|1\n|-unboost|p2b: Sandaconda|atk|1\n|turn|1\n|\n|t:|1776147022\n|move|p2a: Tyranitar|Protect|p2a: Tyranitar\n|-singleturn|p2a: Tyranitar|Protect\n|move|p1a: Incineroar|Fake Out|p2b: Sandaconda|[miss]\n|-miss|p1a: Incineroar|p2b: Sandaconda\n|move|p2b: Sandaconda|Minimize|p2b: Sandaconda\n|-boost|p2b: Sandaconda|evasion|2\n|move|p1b: Conkeldurr|Drain Punch|p2a: Tyranitar\n|-activate|p2a: Tyranitar|move: Protect\n|\n|-weather|Sandstorm|[upkeep]\n|-damage|p1a: Incineroar|95/100|[from] Sandstorm\n|-damage|p1b: Conkeldurr|95/100|[from] Sandstorm\n|upkeep\n|turn|2\n|\n|t:|1776147042\n|switch|p2a: Sinistcha|Sinistcha, L50, shiny|100/100\n|move|p2b: Sandaconda|Minimize|p2b: Sandaconda\n|-boost|p2b: Sandaconda|evasion|2\n|move|p1a: Incineroar|Parting Shot|p2b: Sandaconda|[miss]\n|-miss|p1a: Incineroar|p2b: Sandaconda\n|move|p1b: Conkeldurr|Drain Punch|p2a: Sinistcha\n|-immune|p2a: Sinistcha\n|\n|-weather|Sandstorm|[upkeep]\n|-damage|p2a: Sinistcha|94/100|[from] Sandstorm\n|-damage|p1a: Incineroar|89/100|[from] Sandstorm\n|-damage|p1b: Conkeldurr|89/100|[from] Sandstorm\n|upkeep\n|turn|3\n|\n|t:|1776147064\n|move|p2a: Sinistcha|Rage Powder|p2a: Sinistcha\n|-singleturn|p2a: Sinistcha|move: Rage Powder\n|move|p2b: Sandaconda|Minimize|p2b: Sandaconda\n|-boost|p2b: Sandaconda|evasion|2\n|move|p1a: Incineroar|Parting Shot|p2a: Sinistcha\n|-unboost|p2a: Sinistcha|atk|1\n|-unboost|p2a: Sinistcha|spa|1\n|\n|t:|1776147076\n|switch|p1a: Froslass|Froslass, L50, F|100/100|[from] Parting Shot\n|move|p1b: Conkeldurr|Ice Punch|p2a: Sinistcha\n|-supereffective|p2a: Sinistcha|1\n|-damage|p2a: Sinistcha|42/100\n|\n|-weather|Sandstorm|[upkeep]\n|-damage|p1a: Froslass|94/100|[from] Sandstorm\n|-damage|p2a: Sinistcha|35/100|[from] Sandstorm\n|-damage|p1b: Conkeldurr|83/100|[from] Sandstorm\n|upkeep\n|turn|4\n|\n|t:|1776147101\n|switch|p2a: Tyranitar|Tyranitar, L50, M, shiny|100/100\n|switch|p1b: Incineroar|Incineroar, L50, F|89/100\n|-ability|p1b: Incineroar|Intimidate|boost\n|-unboost|p2a: Tyranitar|atk|1\n|-unboost|p2b: Sandaconda|atk|1\n|detailschange|p1a: Froslass|Froslass-Mega, L50, F\n|-mega|p1a: Froslass|Froslass|Froslassite\n|-weather|Snowscape|[from] ability: Snow Warning|[of] p1a: Froslass\n|move|p1a: Froslass|Blizzard|p2b: Sandaconda|[spread] p2a,p2b\n|-supereffective|p2b: Sandaconda|1\n|-damage|p2a: Tyranitar|67/100\n|-damage|p2b: Sandaconda|12/100\n|-status|p2a: Tyranitar|frz\n|-status|p2b: Sandaconda|frz\n|-curestatus|p2b: Sandaconda|frz|[msg]\n|move|p2b: Sandaconda|Glare|p1a: Froslass\n|-status|p1a: Froslass|par\n|\n|-weather|Snowscape|[upkeep]\n|-heal|p2b: Sandaconda|18/100|[from] item: Leftovers\n|upkeep\n|turn|5\n|\n|t:|1776147153\n|switch|p2a: Sinistcha|Sinistcha, L50, shiny|35/100\n|-heal|p2b: Sandaconda|43/100|[from] ability: Hospitality|[of] p2a: Sinistcha\n|move|p1b: Incineroar|Fake Out|p2a: Sinistcha\n|-immune|p2a: Sinistcha\n|move|p2b: Sandaconda|Rock Slide|p1b: Incineroar|[spread] p1a,p1b\n|-supereffective|p1a: Froslass|1\n|-supereffective|p1b: Incineroar|1\n|-damage|p1a: Froslass|79/100 par\n|-damage|p1b: Incineroar|75/100\n|cant|p1a: Froslass|flinch\n|\n|-weather|Snowscape|[upkeep]\n|-heal|p2b: Sandaconda|49/100|[from] item: Leftovers\n|upkeep\n|turn|6\n|\n|t:|1776147171\n|move|p2a: Sinistcha|Shadow Ball|p1a: Froslass\n|-supereffective|p1a: Froslass|1\n|-damage|p1a: Froslass|2/100 par\n|move|p2b: Sandaconda|Rock Slide|p1a: Froslass|[spread] p1a,p1b\n|-supereffective|p1a: Froslass|1\n|-supereffective|p1b: Incineroar|1\n|-damage|p1a: Froslass|0 fnt\n|-damage|p1b: Incineroar|62/100\n|faint|p1a: Froslass\n|move|p1b: Incineroar|Parting Shot|p2a: Sinistcha\n|-unboost|p2a: Sinistcha|atk|1\n|-unboost|p2a: Sinistcha|spa|1\n|\n|t:|1776147182\n|switch|p1b: Mr. Rime|Mr. Rime, L50, F|100/100|[from] Parting Shot\n|\n|-weather|Snowscape|[upkeep]\n|-heal|p2b: Sandaconda|55/100|[from] item: Leftovers\n|upkeep\n|\n|t:|1776147190\n|switch|p1a: Incineroar|Incineroar, L50, F|62/100\n|-ability|p1a: Incineroar|Intimidate|boost\n|-unboost|p2a: Sinistcha|atk|1\n|-unboost|p2b: Sandaconda|atk|1\n|turn|7\n|\n|t:|1776147199\n|move|p2a: Sinistcha|Life Dew|p2a: Sinistcha|[spread] p2a,p2b\n|-heal|p2a: Sinistcha|61/100\n|-heal|p2b: Sandaconda|80/100\n|move|p2b: Sandaconda|Coil|p2b: Sandaconda\n|-boost|p2b: Sandaconda|atk|1\n|-boost|p2b: Sandaconda|def|1\n|-boost|p2b: Sandaconda|accuracy|1\n|move|p1b: Mr. Rime|Blizzard|p2b: Sandaconda|[spread] p2a,p2b\n|-supereffective|p2a: Sinistcha|1\n|-supereffective|p2b: Sandaconda|1\n|-damage|p2a: Sinistcha|0 fnt\n|-damage|p2b: Sandaconda|0 fnt\n|faint|p2a: Sinistcha\n|faint|p2b: Sandaconda\n|move|p1a: Incineroar|Throat Chop|p2: Sinistcha|[notarget]\n|-fail|p1a: Incineroar\n|\n|-weather|Snowscape|[upkeep]\n|upkeep\n|-message|Snail Fan forfeited.\n|\n|win|silverland71429\n|raw|silverland71429's rating: 1211 &rarr; <strong>1230</strong><br />(+19 for winning)\n|raw|Snail Fan's rating: 1128 &rarr; <strong>1109</strong><br />(-19 for losing)\n|l|\u2606Snail Fan\n|player|p2|\n|l|\u2606silverland71429\n|player|p1|\n|j|\u2606Snail Fan\n|player|p2|Snail Fan|colress|\n",
  "uploadtime": 1776147260,
  "views": 19,
  "formatid": "gen9championsvgc2026regma",
  "rating": 1109,
  "private": 0,
  "password": null
}