{
  "id": "gen9championsvgc2026regma-2584912916",
  "format": "[Gen 9 Champions] VGC 2026 Reg M-A",
  "players": [
    "Skelitron",
    "2manychromazones"
  ],
  "log": "|j|\u2606Skelitron\n|j|\u26062manychromazones\n|html|<table width=\"100%\"><tr><td align=\"left\">Skelitron</td><td align=\"right\">2manychromazones</tr><tr><td align=\"left\"><i class=\"fa fa-circle\"></i> <i class=\"fa fa-circle-o\"></i> </td><td align=\"right\"><i class=\"fa fa-circle-o\"></i> <i class=\"fa fa-circle-o\"></i> </tr></table>\n|uhtml|bestof|<h2><strong>Game 2</strong> of <a href=\"/game-bestof3-gen9championsvgc2026regma-2584910180\">a best-of-3</a></h2>\n|t:|1776293935\n|gametype|doubles\n|player|p1|Skelitron|hilda-wonderlauncher|\n|player|p2|2manychromazones|102|\n|gen|9\n|tier|[Gen 9 Champions] VGC 2026 Reg M-A\n|rule|Species Clause: Limit one of each Pok\u00e9mon\n|rule|Item Clause: Limit 1 of each item\n|raw|<div class=\"infobox\"><details class=\"readmore\" open><summary><strong>1 custom rule:</strong></summary> Best of = 3</details></div>\n|clearpoke\n|poke|p1|Chimecho, L50, M|\n|poke|p1|Incineroar, L50, F|\n|poke|p1|Mimikyu, L50, F|\n|poke|p1|Rhyperior, L50, F|\n|poke|p1|Hydreigon, L50, M|\n|poke|p1|Kangaskhan, L50, F|\n|poke|p2|Gardevoir, L50, M|\n|poke|p2|Torkoal, L50, F|\n|poke|p2|Leafeon, L50, F|\n|poke|p2|Armarouge, L50, M|\n|poke|p2|Charizard, L50, M|\n|poke|p2|Primarina, L50, F|\n|teampreview|4\n|\n|t:|1776293987\n|teamsize|p1|4\n|teamsize|p2|4\n|start\n|switch|p1a: Incineroar|Incineroar, L50, F|100/100\n|switch|p1b: Kangaskhan|Kangaskhan, L50, F, shiny|100/100\n|switch|p2a: Gardevoir|Gardevoir, L50, M|100/100\n|switch|p2b: Primarina|Primarina, L50, F|100/100\n|-ability|p2a: Gardevoir|Intimidate|Trace|[from] ability: Trace|[of] p1a: Incineroar\n|-ability|p2a: Gardevoir|Intimidate|boost\n|-unboost|p1a: Incineroar|atk|1\n|-fail|p1b: Kangaskhan|unboost|Attack|[from] ability: Inner Focus|[of] p1b: Kangaskhan\n|-ability|p1a: Incineroar|Intimidate|boost\n|-unboost|p2a: Gardevoir|atk|1\n|-unboost|p2b: Primarina|atk|1\n|turn|1\n|\n|t:|1776294011\n|detailschange|p1b: Kangaskhan|Kangaskhan-Mega, L50, F, shiny\n|-mega|p1b: Kangaskhan|Kangaskhan|Kangaskhanite\n|move|p2a: Gardevoir|Protect|p2a: Gardevoir\n|-singleturn|p2a: Gardevoir|Protect\n|move|p1b: Kangaskhan|Fake Out|p2b: Primarina\n|-damage|p2b: Primarina|77/100\n|-damage|p2b: Primarina|72/100\n|-hitcount|p2b: Primarina|2\n|cant|p2b: Primarina|flinch\n|move|p1a: Incineroar|Snarl|p2b: Primarina|[spread] p2b\n|-activate|p2a: Gardevoir|move: Protect\n|-resisted|p2b: Primarina|1\n|-damage|p2b: Primarina|69/100\n|-unboost|p2b: Primarina|spa|1\n|\n|upkeep\n|turn|2\n|\n|t:|1776294036\n|move|p2b: Primarina|Aqua Jet|p1a: Incineroar\n|-supereffective|p1a: Incineroar|1\n|-damage|p1a: Incineroar|88/100\n|move|p1b: Kangaskhan|Body Slam|p2b: Primarina\n|-damage|p2b: Primarina|26/100\n|-status|p2b: Primarina|par\n|-damage|p2b: Primarina|16/100 par\n|-hitcount|p2b: Primarina|2\n|move|p2a: Gardevoir|Disable|p1b: Kangaskhan\n|-start|p1b: Kangaskhan|Disable|Body Slam\n|move|p1a: Incineroar|Parting Shot|p2a: Gardevoir\n|-unboost|p2a: Gardevoir|atk|1\n|-unboost|p2a: Gardevoir|spa|1\n|\n|t:|1776294050\n|switch|p1a: Mascot|Mimikyu, L50, F, shiny|100/100|[from] Parting Shot\n|\n|upkeep\n|turn|3\n|\n|t:|1776294069\n|move|p1b: Kangaskhan|Rock Slide|p2a: Gardevoir|[spread] p2a,p2b\n|-damage|p2a: Gardevoir|70/100\n|-damage|p2b: Primarina|0 fnt\n|faint|p2b: Primarina\n|move|p1a: Mascot|Swords Dance|p1a: Mascot\n|-boost|p1a: Mascot|atk|2\n|move|p2a: Gardevoir|Psyshock|p1a: Mascot\n|-activate|p1a: Mascot|ability: Disguise\n|-damage|p1a: Mascot|100/100\n|detailschange|p1a: Mascot|Mimikyu-Busted, L50, F, shiny\n|-damage|p1a: Mascot|88/100|[from] pokemon: Mimikyu-Busted\n|\n|upkeep\n|\n|t:|1776294082\n|switch|p2b: Torkoal|Torkoal, L50, F, shiny|100/100\n|-weather|SunnyDay|[from] ability: Drought|[of] p2b: Torkoal\n|turn|4\n|\n|t:|1776294096\n|move|p1a: Mascot|Shadow Sneak|p2a: Gardevoir\n|-supereffective|p2a: Gardevoir|1\n|-damage|p2a: Gardevoir|0 fnt\n|faint|p2a: Gardevoir\n|move|p1b: Kangaskhan|Rock Slide|p2b: Torkoal\n|-supereffective|p2b: Torkoal|1\n|-damage|p2b: Torkoal|56/100\n|-supereffective|p2b: Torkoal|1\n|-damage|p2b: Torkoal|46/100\n|-hitcount|p2b: Torkoal|2\n|cant|p2b: Torkoal|flinch\n|\n|-weather|SunnyDay|[upkeep]\n|upkeep\n|\n|t:|1776294106\n|switch|p2a: Leafeon|Leafeon, L50, F, shiny|100/100\n|turn|5\n|\n|t:|1776294121\n|move|p1b: Kangaskhan|Sucker Punch|p2a: Leafeon\n|-damage|p2a: Leafeon|78/100\n|-damage|p2a: Leafeon|73/100\n|-hitcount|p2a: Leafeon|2\n|move|p1a: Mascot|Shadow Sneak|p2a: Leafeon\n|-damage|p2a: Leafeon|43/100\n|move|p2a: Leafeon|Leaf Blade|p1a: Mascot\n|-damage|p1a: Mascot|20/100\n|move|p2b: Torkoal|Eruption|p1b: Kangaskhan|[spread] p1a,p1b\n|-damage|p1a: Mascot|0 fnt\n|-damage|p1b: Kangaskhan|68/100\n|faint|p1a: Mascot\n|\n|-weather|SunnyDay|[upkeep]\n|upkeep\n|\n|t:|1776294135\n|switch|p1a: Rhyperior|Rhyperior, L50, F|100/100\n|turn|6\n|\n|t:|1776294154\n|move|p1a: Rhyperior|Protect|p1a: Rhyperior\n|-singleturn|p1a: Rhyperior|Protect\n|move|p2a: Leafeon|Solar Blade||[still]\n|-prepare|p2a: Leafeon|Solar Blade\n|-anim|p2a: Leafeon|Solar Blade|p1a: Rhyperior\n|-activate|p1a: Rhyperior|move: Protect\n|move|p1b: Kangaskhan|Rock Slide|p2b: Torkoal|[spread] p2a,p2b\n|-supereffective|p2b: Torkoal|1\n|-damage|p2a: Leafeon|25/100\n|-damage|p2b: Torkoal|15/100\n|move|p2b: Torkoal|Earth Power|p1b: Kangaskhan\n|-damage|p1b: Kangaskhan|45/100\n|\n|-weather|SunnyDay|[upkeep]\n|-end|p1b: Kangaskhan|Disable\n|upkeep\n|turn|7\n|\n|t:|1776294182\n|switch|p1a: Incineroar|Incineroar, L50, F|88/100\n|-ability|p1a: Incineroar|Intimidate|boost\n|-unboost|p2a: Leafeon|atk|1\n|-unboost|p2b: Torkoal|atk|1\n|move|p2a: Leafeon|Giga Drain|p1a: Incineroar\n|-resisted|p1a: Incineroar|1\n|-damage|p1a: Incineroar|80/100\n|-heal|p2a: Leafeon|30/100|[from] drain|[of] p1a: Incineroar\n|move|p1b: Kangaskhan|Rock Slide|p2b: Torkoal|[spread] p2a,p2b\n|-supereffective|p2b: Torkoal|1\n|-damage|p2a: Leafeon|12/100\n|-damage|p2b: Torkoal|0 fnt\n|faint|p2b: Torkoal\n|\n|-weather|SunnyDay|[upkeep]\n|upkeep\n|turn|8\n|\n|t:|1776294198\n|move|p2a: Leafeon|Protect|p2a: Leafeon\n|-singleturn|p2a: Leafeon|Protect\n|move|p1a: Incineroar|Fake Out|p2a: Leafeon\n|-activate|p2a: Leafeon|move: Protect\n|move|p1b: Kangaskhan|Body Slam|p2a: Leafeon\n|-activate|p2a: Leafeon|move: Protect\n|\n|-weather|none\n|upkeep\n|turn|9\n|\n|t:|1776294210\n|move|p1b: Kangaskhan|Body Slam|p2a: Leafeon\n|-damage|p2a: Leafeon|0 fnt\n|faint|p2a: Leafeon\n|-hitcount|p2: Leafeon|1\n|\n|win|Skelitron\n|c|\u2606Skelitron|GGWP's!\n|l|\u26062manychromazones\n|player|p2|\n",
  "uploadtime": 1776294357,
  "views": 47,
  "formatid": "gen9championsvgc2026regma",
  "rating": null,
  "private": 0,
  "password": null
}