{
  "id": "gen9championsvgc2026regma-2586939036",
  "format": "[Gen 9 Champions] VGC 2026 Reg M-A",
  "players": [
    "Analyst-86",
    "Zelda04"
  ],
  "log": "|j|\u2606Analyst-86\n|j|\u2606Zelda04\n|t:|1776473724\n|gametype|doubles\n|player|p1|Analyst-86|hilbert|1126\n|player|p2|Zelda04|depotagent|1181\n|gen|9\n|tier|[Gen 9 Champions] VGC 2026 Reg M-A\n|rated|\n|rule|Species Clause: Limit one of each Pok\u00e9mon\n|rule|Item Clause: Limit 1 of each item\n|clearpoke\n|poke|p1|Aggron, L50, F|\n|poke|p1|Aegislash, L50, F|\n|poke|p1|Tyranitar, L50, F|\n|poke|p1|Sinistcha, L50|\n|poke|p1|Blastoise, L50, F|\n|poke|p1|Clefable, L50, F|\n|poke|p2|Incineroar, L50, F|\n|poke|p2|Aerodactyl, L50, F|\n|poke|p2|Lucario, L50, F|\n|poke|p2|Sneasler, L50, M|\n|poke|p2|Armarouge, L50, M|\n|poke|p2|Dragapult, L50, M|\n|teampreview|4\n|inactive|Battle timer is ON: inactive players will automatically lose when time's up. (requested by Zelda04)\n|\n|t:|1776473775\n|teamsize|p1|4\n|teamsize|p2|4\n|start\n|switch|p1a: Aegislash|Aegislash, L50, F|100/100\n|switch|p1b: Ironback|Blastoise, L50, F|100/100\n|switch|p2a: Armarouge|Armarouge, L50, M|100/100\n|switch|p2b: Sneasler|Sneasler, L50, M|100/100\n|turn|1\n|\n|t:|1776473793\n|move|p2b: Sneasler|Fake Out|p1b: Ironback\n|-damage|p1b: Ironback|83/100\n|move|p1a: Aegislash|Wide Guard|p1a: Aegislash\n|-singleturn|p1a: Aegislash|Wide Guard\n|move|p2a: Armarouge|Heat Wave|p1a: Aegislash|[spread] \n|-activate|p1a: Aegislash|move: Wide Guard\n|-activate|p1b: Ironback|move: Wide Guard\n|cant|p1b: Ironback|flinch\n|\n|upkeep\n|turn|2\n|\n|t:|1776473811\n|move|p1a: Aegislash|Wide Guard|p1a: Aegislash\n|-singleturn|p1a: Aegislash|Wide Guard\n|move|p2a: Armarouge|Heat Wave|p1a: Aegislash|[spread] \n|-activate|p1a: Aegislash|move: Wide Guard\n|-activate|p1b: Ironback|move: Wide Guard\n|move|p2b: Sneasler|Dire Claw|p1b: Ironback\n|-damage|p1b: Ironback|34/100\n|move|p1b: Ironback|Muddy Water|p2a: Armarouge|[spread] p2a,p2b\n|-supereffective|p2a: Armarouge|1\n|-damage|p2a: Armarouge|7/100\n|-damage|p2b: Sneasler|54/100\n|-unboost|p2a: Armarouge|accuracy|1\n|\n|upkeep\n|turn|3\n|\n|t:|1776473833\n|switch|p2a: Incineroar|Incineroar, L50, F|100/100\n|-ability|p2a: Incineroar|Intimidate|boost\n|-unboost|p1a: Aegislash|atk|1\n|-unboost|p1b: Ironback|atk|1\n|move|p1b: Ironback|Protect|p1b: Ironback\n|-singleturn|p1b: Ironback|Protect\n|move|p2b: Sneasler|Dire Claw|p1b: Ironback\n|-activate|p1b: Ironback|move: Protect\n|-formechange|p1a: Aegislash|Aegislash-Blade|\n|move|p1a: Aegislash|Shadow Ball|p2b: Sneasler\n|-damage|p2b: Sneasler|6/100\n|\n|upkeep\n|turn|4\n|inactive|Analyst-86 has 30 seconds left.\n|inactive|Zelda04 has 30 seconds left.\n|\n|t:|1776473867\n|switch|p1b: Cera|Aggron, L50, F|100/100\n|move|p2b: Sneasler|Protect|p2b: Sneasler\n|-singleturn|p2b: Sneasler|Protect\n|-formechange|p1a: Aegislash|Aegislash|\n|move|p1a: Aegislash|King's Shield|p1a: Aegislash\n|-singleturn|p1a: Aegislash|Protect\n|move|p2a: Incineroar|Flare Blitz|p1a: Aegislash\n|-activate|p1a: Aegislash|move: Protect\n|-unboost|p2a: Incineroar|atk|1\n|\n|upkeep\n|turn|5\n|inactive|Analyst-86 has 30 seconds left.\n|inactive|Analyst-86 has 20 seconds left.\n|\n|t:|1776473903\n|detailschange|p1b: Cera|Aggron-Mega, L50, F\n|-mega|p1b: Cera|Aggron|Aggronite\n|move|p2b: Sneasler|Close Combat|p1b: Cera\n|-supereffective|p1b: Cera|1\n|-damage|p1b: Cera|50/100\n|-unboost|p2b: Sneasler|def|1\n|-unboost|p2b: Sneasler|spd|1\n|-enditem|p2b: Sneasler|White Herb\n|-clearnegativeboost|p2b: Sneasler|[silent]\n|move|p2a: Incineroar|Flare Blitz|p1a: Aegislash\n|-supereffective|p1a: Aegislash|1\n|-enditem|p1a: Aegislash|Occa Berry|[eat]\n|-enditem|p1a: Aegislash|Occa Berry|[weaken]\n|-damage|p1a: Aegislash|78/100\n|-damage|p2a: Incineroar|95/100|[from] Recoil\n|-formechange|p1a: Aegislash|Aegislash-Blade|\n|move|p1a: Aegislash|Shadow Ball|p2b: Sneasler\n|-damage|p2b: Sneasler|0 fnt\n|faint|p2b: Sneasler\n|move|p1b: Cera|Body Press|p2a: Incineroar\n|-supereffective|p2a: Incineroar|1\n|-damage|p2a: Incineroar|0 fnt\n|faint|p2a: Incineroar\n|\n|upkeep\n|\n|t:|1776473924\n|switch|p2b: Lucario|Lucario, L50, F|100/100\n|switch|p2a: Armarouge|Armarouge, L50, M|7/100\n|turn|6\n|inactive|Analyst-86 has 30 seconds left.\n|\n|t:|1776473951\n|detailschange|p2b: Lucario|Lucario-Mega, L50, F\n|-mega|p2b: Lucario|Lucario|Lucarionite\n|move|p1a: Aegislash|Wide Guard|p1a: Aegislash\n|-singleturn|p1a: Aegislash|Wide Guard\n|move|p2a: Armarouge|Heat Wave|p1b: Cera|[spread] \n|-activate|p1a: Aegislash|move: Wide Guard\n|-activate|p1b: Cera|move: Wide Guard\n|move|p2b: Lucario|Close Combat|p1b: Cera\n|-supereffective|p1b: Cera|1\n|-damage|p1b: Cera|0 fnt\n|-unboost|p2b: Lucario|def|1\n|-unboost|p2b: Lucario|spd|1\n|faint|p1b: Cera\n|\n|upkeep\n|\n|t:|1776473970\n|switch|p1b: Tena|Tyranitar, L50, F|100/100\n|-weather|Sandstorm|[from] ability: Sand Stream|[of] p1b: Tena\n|turn|7\n|\n|t:|1776473977\n|move|p1a: Aegislash|Wide Guard|p1a: Aegislash\n|-singleturn|p1a: Aegislash|Wide Guard\n|move|p2a: Armarouge|Heat Wave|p1a: Aegislash|[spread] \n|-activate|p1a: Aegislash|move: Wide Guard\n|-activate|p1b: Tena|move: Wide Guard\n|move|p2b: Lucario|Close Combat|p1b: Tena\n|-supereffective|p1b: Tena|2\n|-damage|p1b: Tena|0 fnt\n|-unboost|p2b: Lucario|def|1\n|-unboost|p2b: Lucario|spd|1\n|faint|p1b: Tena\n|\n|-weather|Sandstorm|[upkeep]\n|-damage|p2a: Armarouge|0 fnt|[from] Sandstorm\n|faint|p2a: Armarouge\n|upkeep\n|\n|t:|1776473990\n|switch|p1b: Ironback|Blastoise, L50, F|34/100\n|turn|8\n|\n|t:|1776474002\n|move|p2b: Lucario|Close Combat|p1b: Ironback\n|-damage|p1b: Ironback|0 fnt\n|-unboost|p2b: Lucario|def|1\n|-unboost|p2b: Lucario|spd|1\n|faint|p1b: Ironback\n|move|p1a: Aegislash|Sacred Sword|p2b: Lucario\n|-supereffective|p2b: Lucario|1\n|-damage|p2b: Lucario|49/100\n|\n|-weather|Sandstorm|[upkeep]\n|upkeep\n|turn|9\n|\n|t:|1776474020\n|-formechange|p1a: Aegislash|Aegislash|\n|move|p1a: Aegislash|King's Shield|p1a: Aegislash\n|-singleturn|p1a: Aegislash|Protect\n|move|p2b: Lucario|Bullet Punch|p1a: Aegislash\n|-activate|p1a: Aegislash|move: Protect\n|-unboost|p2b: Lucario|atk|1\n|\n|-weather|Sandstorm|[upkeep]\n|upkeep\n|turn|10\n|\n|t:|1776474029\n|move|p2b: Lucario|Protect|p2b: Lucario\n|-singleturn|p2b: Lucario|Protect\n|-formechange|p1a: Aegislash|Aegislash-Blade|\n|move|p1a: Aegislash|Sacred Sword|p2b: Lucario\n|-activate|p2b: Lucario|move: Protect\n|\n|-weather|Sandstorm|[upkeep]\n|upkeep\n|turn|11\n|\n|t:|1776474046\n|move|p2b: Lucario|Bullet Punch|p1a: Aegislash\n|-resisted|p1a: Aegislash|1\n|-damage|p1a: Aegislash|65/100\n|move|p1a: Aegislash|Sacred Sword|p2b: Lucario\n|-supereffective|p2b: Lucario|1\n|-damage|p2b: Lucario|0 fnt\n|faint|p2b: Lucario\n|\n|win|Analyst-86\n|raw|Analyst-86's rating: 1126 &rarr; <strong>1155</strong><br />(+29 for winning)\n|raw|Zelda04's rating: 1181 &rarr; <strong>1152</strong><br />(-29 for losing)\n",
  "uploadtime": 1776474056,
  "views": 26,
  "formatid": "gen9championsvgc2026regma",
  "rating": 1152,
  "private": 0,
  "password": null
}