{
  "id": "gen9championsvgc2026regma-2588436507",
  "format": "[Gen 9 Champions] VGC 2026 Reg M-A",
  "players": [
    "kiepa66",
    "samuca plays"
  ],
  "log": "|j|\u2606kiepa66\n|j|\u2606samuca plays\n|t:|1776633394\n|gametype|doubles\n|player|p1|kiepa66|burgh|1093\n|player|p2|samuca plays|nate|1000\n|gen|9\n|tier|[Gen 9 Champions] VGC 2026 Reg M-A\n|rated|\n|rule|Species Clause: Limit one of each Pok\u00e9mon\n|rule|Item Clause: Limit 1 of each item\n|clearpoke\n|poke|p1|Absol, L50, M|\n|poke|p1|Sneasler, L50, F|\n|poke|p1|Whimsicott, L50, F|\n|poke|p1|Tauros-Paldea-Aqua, L50, M|\n|poke|p1|Runerigus, L50, M|\n|poke|p1|Archaludon, L50, M|\n|poke|p2|Dragonite, L50, F|\n|poke|p2|Pelipper, L50, M|\n|poke|p2|Basculegion, L50, M|\n|poke|p2|Archaludon, L50, M|\n|poke|p2|Garchomp, L50, M|\n|poke|p2|Sneasler, L50, M|\n|teampreview|4\n|inactive|Battle timer is ON: inactive players will automatically lose when time's up. (requested by kiepa66)\n|\n|t:|1776633413\n|teamsize|p1|4\n|teamsize|p2|4\n|start\n|switch|p1a: Whimsicott|Whimsicott, L50, F|100/100\n|switch|p1b: Archaludon|Archaludon, L50, M|100/100\n|switch|p2a: Pelipper|Pelipper, L50, M|100/100\n|switch|p2b: Archaludon|Archaludon, L50, M|100/100\n|-weather|RainDance|[from] ability: Drizzle|[of] p2a: Pelipper\n|turn|1\n|\n|t:|1776633432\n|move|p1a: Whimsicott|Moonblast|p2a: Pelipper\n|-damage|p2a: Pelipper|62/100\n|move|p2b: Archaludon|Electro Shot||[still]\n|-prepare|p2b: Archaludon|Electro Shot\n|-boost|p2b: Archaludon|spa|1\n|-anim|p2b: Archaludon|Electro Shot|p1a: Whimsicott\n|-resisted|p1a: Whimsicott|1\n|-damage|p1a: Whimsicott|56/100\n|move|p1b: Archaludon|Thunderbolt|p2a: Pelipper\n|-supereffective|p2a: Pelipper|2\n|-damage|p2a: Pelipper|0 fnt\n|faint|p2a: Pelipper\n|\n|-weather|RainDance|[upkeep]\n|upkeep\n|\n|t:|1776633441\n|switch|p2a: Sneasler|Sneasler, L50, M|100/100\n|turn|2\n|\n|t:|1776633448\n|move|p1b: Archaludon|Protect|p1b: Archaludon\n|-singleturn|p1b: Archaludon|Protect\n|move|p2a: Sneasler|Fake Out|p1b: Archaludon\n|-activate|p1b: Archaludon|move: Protect\n|move|p1a: Whimsicott|Tailwind|p1a: Whimsicott\n|-sidestart|p1: kiepa66|move: Tailwind\n|move|p2b: Archaludon|Flash Cannon|p1a: Whimsicott\n|-supereffective|p1a: Whimsicott|1\n|-damage|p1a: Whimsicott|0 fnt\n|faint|p1a: Whimsicott\n|\n|-weather|RainDance|[upkeep]\n|upkeep\n|\n|t:|1776633456\n|switch|p1a: Tauros|Tauros-Paldea-Aqua, L50, M|100/100\n|-ability|p1a: Tauros|Intimidate|boost\n|-unboost|p2a: Sneasler|atk|1\n|-unboost|p2b: Archaludon|atk|1\n|turn|3\n|\n|t:|1776633467\n|move|p1a: Tauros|Close Combat|p2b: Archaludon\n|-supereffective|p2b: Archaludon|1\n|-damage|p2b: Archaludon|0 fnt\n|-unboost|p1a: Tauros|def|1\n|-unboost|p1a: Tauros|spd|1\n|faint|p2b: Archaludon\n|move|p1b: Archaludon|Dragon Pulse|p2a: Sneasler\n|-damage|p2a: Sneasler|39/100\n|move|p2a: Sneasler|Swords Dance|p2a: Sneasler\n|-boost|p2a: Sneasler|atk|2\n|\n|-weather|RainDance|[upkeep]\n|upkeep\n|\n|t:|1776633474\n|switch|p2b: Dragonite|Dragonite, L50, F|100/100\n|turn|4\n|\n|t:|1776633483\n|switch|p1a: Absol|Absol, L50, M|100/100\n|detailschange|p2b: Dragonite|Dragonite-Mega, L50, F\n|-mega|p2b: Dragonite|Dragonite|Dragoninite\n|move|p2b: Dragonite|Protect|p2b: Dragonite\n|-singleturn|p2b: Dragonite|Protect\n|move|p1b: Archaludon|Dragon Pulse|p2b: Dragonite\n|-activate|p2b: Dragonite|move: Protect\n|move|p2a: Sneasler|Close Combat|p1b: Archaludon\n|-supereffective|p1b: Archaludon|1\n|-ability|p1b: Archaludon|Sturdy\n|-damage|p1b: Archaludon|1/100\n|-unboost|p2a: Sneasler|def|1\n|-unboost|p2a: Sneasler|spd|1\n|\n|-weather|RainDance|[upkeep]\n|-heal|p1b: Archaludon|7/100|[from] item: Leftovers\n|upkeep\n|turn|5\n|\n|t:|1776633493\n|detailschange|p1a: Absol|Absol-Mega, L50, M\n|-mega|p1a: Absol|Absol|Absolite\n|move|p1a: Absol|Rock Slide|p2a: Sneasler|[spread] p2a,p2b\n|-resisted|p2a: Sneasler|1\n|-supereffective|p2b: Dragonite|1\n|-damage|p2a: Sneasler|10/100\n|-damage|p2b: Dragonite|79/100\n|move|p1b: Archaludon|Dragon Pulse|p2b: Dragonite\n|-supereffective|p2b: Dragonite|1\n|-damage|p2b: Dragonite|3/100\n|cant|p2a: Sneasler|flinch\n|move|p2b: Dragonite|Tailwind|p2b: Dragonite\n|-sidestart|p2: samuca plays|move: Tailwind\n|\n|-weather|none\n|-heal|p1b: Archaludon|13/100|[from] item: Leftovers\n|-sideend|p1: kiepa66|move: Tailwind\n|upkeep\n|turn|6\n|inactive|kiepa66 has 30 seconds left.\n|\n|t:|1776633527\n|move|p1a: Absol|Sucker Punch|p2a: Sneasler\n|-resisted|p2a: Sneasler|1\n|-damage|p2a: Sneasler|0 fnt\n|faint|p2a: Sneasler\n|move|p2b: Dragonite|Hurricane|p1b: Archaludon\n|-resisted|p1b: Archaludon|1\n|-damage|p1b: Archaludon|0 fnt\n|faint|p1b: Archaludon\n|\n|upkeep\n|\n|t:|1776633530\n|switch|p1b: Tauros|Tauros-Paldea-Aqua, L50, M|100/100\n|-ability|p1b: Tauros|Intimidate|boost\n|-unboost|p2b: Dragonite|atk|1\n|turn|7\n|\n|t:|1776633535\n|move|p1b: Tauros|Aqua Jet|p2b: Dragonite\n|-resisted|p2b: Dragonite|1\n|-damage|p2b: Dragonite|0 fnt\n|faint|p2b: Dragonite\n|\n|win|kiepa66\n|raw|kiepa66's rating: 1093 &rarr; <strong>1112</strong><br />(+19 for winning)\n|raw|samuca plays's rating: 1000 &rarr; <strong>1000</strong><br />(+0 for losing)\n|l|\u2606samuca plays\n|player|p2|\n|c|\u2606kiepa66|Gg\n",
  "uploadtime": 1776633551,
  "views": 14,
  "formatid": "gen9championsvgc2026regma",
  "rating": 1000,
  "private": 0,
  "password": null
}