{
  "id": "gen9championsvgc2026regma-2583729852",
  "format": "[Gen 9 Champions] VGC 2026 Reg M-A",
  "players": [
    "pinkylee",
    "MefShowdown0"
  ],
  "log": "|j|\u2606pinkylee\n|j|\u2606MefShowdown0\n|t:|1776193756\n|gametype|doubles\n|player|p1|pinkylee|lucas|1156\n|player|p2|MefShowdown0|selene-masters2|1222\n|gen|9\n|tier|[Gen 9 Champions] VGC 2026 Reg M-A\n|rated|\n|rule|Species Clause: Limit one of each Pok\u00e9mon\n|rule|Item Clause: Limit 1 of each item\n|clearpoke\n|poke|p1|Raichu-Alola, L50, F|\n|poke|p1|Weavile, L50, F|\n|poke|p1|Rotom-Heat, L50|\n|poke|p1|Manectric, L50, M|\n|poke|p1|Sneasler, L50, F|\n|poke|p1|Rhyperior, L50, M|\n|poke|p2|Floette-Eternal, L50, F|\n|poke|p2|Delphox, L50, F|\n|poke|p2|Aerodactyl, L50, F|\n|poke|p2|Maushold, L50|\n|poke|p2|Garchomp, L50, F|\n|poke|p2|Incineroar, L50, F|\n|teampreview|4\npinkylee rejected open team sheets.\n|\n|t:|1776193799\n|teamsize|p1|4\n|teamsize|p2|4\n|start\n|switch|p1a: Raichu|Raichu-Alola, L50, F|100/100\n|switch|p1b: Weavile|Weavile, L50, F|100/100\n|switch|p2a: Floette|Floette-Eternal, L50, F|100/100\n|switch|p2b: Maushold|Maushold, L50|100/100\n|-ability|p1b: Weavile|Pressure\n|turn|1\n|inactive|Battle timer is ON: inactive players will automatically lose when time's up. (requested by MefShowdown0)\n|\n|t:|1776193827\n|detailschange|p2a: Floette|Floette-Mega, L50, F\n|-mega|p2a: Floette|Floette|Floettite\n|-ability|p2a: Floette|Fairy Aura\n|move|p1a: Raichu|Fake Out|p2a: Floette\n|-damage|p2a: Floette|95/100\n|move|p2b: Maushold|Follow Me|p2b: Maushold\n|-singleturn|p2b: Maushold|move: Follow Me\n|move|p1b: Weavile|Brick Break|p2b: Maushold\n|-supereffective|p2b: Maushold|1\n|-enditem|p2b: Maushold|Chople Berry|[eat]\n|-enditem|p2b: Maushold|Chople Berry|[weaken]\n|-damage|p2b: Maushold|64/100\n|cant|p2a: Floette|flinch\n|\n|upkeep\n|turn|2\n|c|\u2606MefShowdown0|I had no idea raichu could learn fake out\n|\n|t:|1776193849\n|switch|p1b: Manectric|Manectric, L50, M|100/100\n|move|p2b: Maushold|Follow Me|p2b: Maushold\n|-singleturn|p2b: Maushold|move: Follow Me\n|move|p1a: Raichu|Discharge|p2b: Maushold|[spread] p2a,p2b\n|-ability|p1b: Manectric|Lightning Rod|boost\n|-boost|p1b: Manectric|spa|1\n|-damage|p2a: Floette|80/100\n|-damage|p2b: Maushold|32/100\n|-status|p2a: Floette|par\n|move|p2a: Floette|Calm Mind|p2a: Floette\n|-boost|p2a: Floette|spa|1\n|-boost|p2a: Floette|spd|1\n|\n|upkeep\n|turn|3\n|inactive|pinkylee has 30 seconds left.\n|\n|t:|1776193875\n|detailschange|p1b: Manectric|Manectric-Mega, L50, M\n|-mega|p1b: Manectric|Manectric|Manectite\n|-ability|p1b: Manectric|Intimidate|boost\n|-unboost|p2a: Floette|atk|1\n|-unboost|p2b: Maushold|atk|1\n|move|p1b: Manectric|Discharge|p2a: Floette|[spread] p1a,p2a,p2b\n|-resisted|p1a: Raichu|1\n|-damage|p1a: Raichu|59/100\n|-damage|p2a: Floette|61/100 par\n|-damage|p2b: Maushold|0 fnt\n|faint|p2b: Maushold\n|move|p1a: Raichu|Psychic|p2a: Floette\n|-damage|p2a: Floette|40/100 par\n|move|p2a: Floette|Dazzling Gleam|p1a: Raichu|[spread] p1a,p1b\n|-damage|p1a: Raichu|0 fnt\n|-damage|p1b: Manectric|0 fnt\n|faint|p1a: Raichu\n|faint|p1b: Manectric\n|\n|upkeep\n|\n|t:|1776193893\n|switch|p1b: Weavile|Weavile, L50, F|100/100\n|switch|p2b: Aerodactyl|Aerodactyl, L50, F|100/100\n|switch|p1a: Rhyperior|Rhyperior, L50, M|100/100\n|-ability|p2b: Aerodactyl|Unnerve\n|-ability|p1b: Weavile|Pressure\n|turn|4\n|\n|t:|1776193914\n|move|p1b: Weavile|Triple Axel|p2a: Floette\n|-damage|p2a: Floette|27/100 par\n|-hitcount|p2a: Floette|1\n|move|p2b: Aerodactyl|Tailwind|p2b: Aerodactyl\n|-sidestart|p2: MefShowdown0|move: Tailwind\n|move|p2a: Floette|Dazzling Gleam|p1a: Rhyperior|[spread] p1a,p1b\n|-supereffective|p1b: Weavile|1\n|-damage|p1a: Rhyperior|19/100\n|-damage|p1b: Weavile|0 fnt\n|faint|p1b: Weavile\n|move|p1a: Rhyperior|Rock Slide|p2a: Floette|[spread] p2a\n|-miss|p1a: Rhyperior|p2b: Aerodactyl\n|-crit|p2a: Floette\n|-damage|p2a: Floette|0 fnt\n|faint|p2a: Floette\n|\n|upkeep\n|\n|t:|1776193922\n|switch|p2a: Garchomp|Garchomp, L50, F|100/100\n|turn|5\n|\n|t:|1776193929\n|move|p2b: Aerodactyl|Rock Slide|p1a: Rhyperior\n|-resisted|p1a: Rhyperior|1\n|-damage|p1a: Rhyperior|7/100\n|move|p2a: Garchomp|Earthquake|p1a: Rhyperior|[spread] p1a\n|-immune|p2b: Aerodactyl\n|-supereffective|p1a: Rhyperior|1\n|-damage|p1a: Rhyperior|0 fnt\n|faint|p1a: Rhyperior\n|\n|win|MefShowdown0\n|raw|pinkylee's rating: 1156 &rarr; <strong>1136</strong><br />(-20 for losing)\n|raw|MefShowdown0's rating: 1222 &rarr; <strong>1242</strong><br />(+20 for winning)\n",
  "uploadtime": 1776193929,
  "views": 13,
  "formatid": "gen9championsvgc2026regma",
  "rating": 1136,
  "private": 0,
  "password": null
}