{
  "id": "gen9championsvgc2026regma-2587821974",
  "format": "[Gen 9 Champions] VGC 2026 Reg M-A",
  "players": [
    "ub student",
    "snorlax2277"
  ],
  "log": "|j|\u2606ub student\n|j|\u2606snorlax2277\n|t:|1776567513\n|gametype|doubles\n|player|p1|ub student|101|1559\n|player|p2|snorlax2277|riley|1527\n|gen|9\n|tier|[Gen 9 Champions] VGC 2026 Reg M-A\n|rated|\n|rule|Species Clause: Limit one of each Pok\u00e9mon\n|rule|Item Clause: Limit 1 of each item\n|clearpoke\n|poke|p1|Floette-Eternal, L50, F|\n|poke|p1|Talonflame, L50, M|\n|poke|p1|Basculegion, L50, M|\n|poke|p1|Garchomp, L50, F|\n|poke|p1|Rotom-Wash, L50|\n|poke|p1|Kingambit, L50, M|\n|poke|p2|Charizard, L50, M|\n|poke|p2|Whimsicott, L50, F|\n|poke|p2|Gallade, L50, M|\n|poke|p2|Garchomp, L50, M|\n|poke|p2|Milotic, L50, F|\n|poke|p2|Kingambit, L50, M|\n|teampreview|4\n|inactive|Battle timer is ON: inactive players will automatically lose when time's up. (requested by ub student)\n|inactive|ub student has 60 seconds left.\n|inactive|snorlax2277 has 60 seconds left.\n|\n|t:|1776567562\n|teamsize|p1|4\n|teamsize|p2|4\n|start\n|switch|p1a: Talonflame|Talonflame, L50, M|100/100\n|switch|p1b: Floette|Floette-Eternal, L50, F|100/100\n|switch|p2a: Whimsicott|Whimsicott, L50, F|100/100\n|switch|p2b: Milotic|Milotic, L50, F|100/100\n|turn|1\n|\n|t:|1776567583\n|detailschange|p1b: Floette|Floette-Mega, L50, F\n|-mega|p1b: Floette|Floette|Floettite\n|-ability|p1b: Floette|Fairy Aura\n|move|p2a: Whimsicott|Protect|p2a: Whimsicott\n|-singleturn|p2a: Whimsicott|Protect\n|move|p1a: Talonflame|Tailwind|p1a: Talonflame\n|-sidestart|p1: ub student|move: Tailwind\n|move|p1b: Floette|Moonblast|p2a: Whimsicott\n|-activate|p2a: Whimsicott|move: Protect\n|move|p2b: Milotic|Scald|p1a: Talonflame\n|-supereffective|p1a: Talonflame|1\n|-damage|p1a: Talonflame|22/100\n|\n|upkeep\n|turn|2\n|inactive|snorlax2277 has 30 seconds left.\n|\n|t:|1776567617\n|move|p2a: Whimsicott|Encore|p1a: Talonflame\n|-start|p1a: Talonflame|Encore\n|move|p1a: Talonflame|Tailwind||[still]\n|-fail|p1a: Talonflame\n|move|p1b: Floette|Dazzling Gleam|p2a: Whimsicott|[spread] p2a,p2b\n|-damage|p2a: Whimsicott|38/100\n|-damage|p2b: Milotic|75/100\n|move|p2b: Milotic|Mirror Coat|p1b: Floette\n|-damage|p1b: Floette|43/100\n|\n|-heal|p2b: Milotic|81/100|[from] item: Leftovers\n|upkeep\n|turn|3\n|\n|t:|1776567633\n|move|p2a: Whimsicott|Tailwind|p2a: Whimsicott\n|-sidestart|p2: snorlax2277|move: Tailwind\n|move|p1a: Talonflame|Tailwind||[still]\n|-fail|p1a: Talonflame\n|move|p1b: Floette|Moonblast|p2a: Whimsicott\n|-damage|p2a: Whimsicott|0 fnt\n|faint|p2a: Whimsicott\n|move|p2b: Milotic|Scald|p1a: Talonflame\n|-supereffective|p1a: Talonflame|1\n|-crit|p1a: Talonflame\n|-damage|p1a: Talonflame|0 fnt\n|faint|p1a: Talonflame\n|\n|-heal|p2b: Milotic|87/100|[from] item: Leftovers\n|upkeep\n|\n|t:|1776567648\n|switch|p1a: Garchomp|Garchomp, L50, F|100/100\n|switch|p2a: Garchomp|Garchomp, L50, M|100/100\n|turn|4\n|j| Rykard\n|inactive|ub student has 30 seconds left.\n|\n|t:|1776567675\n|move|p2a: Garchomp|Iron Head|p1b: Floette\n|-supereffective|p1b: Floette|1\n|-damage|p1b: Floette|0 fnt\n|faint|p1b: Floette\n|move|p1a: Garchomp|Earthquake|p2a: Garchomp|[spread] p2a,p2b\n|-damage|p2a: Garchomp|50/100\n|-damage|p2b: Milotic|48/100\n|move|p2b: Milotic|Ice Beam|p1a: Garchomp\n|-supereffective|p1a: Garchomp|2\n|-damage|p1a: Garchomp|0 fnt\n|faint|p1a: Garchomp\n|\n|-heal|p2b: Milotic|53/100|[from] item: Leftovers\n|-sideend|p1: ub student|move: Tailwind\n|upkeep\n|\n|t:|1776567684\n|switch|p1b: Basculegion|Basculegion, L50, M|100/100\n|turn|5\n|\n|t:|1776567689\n|move|p2a: Garchomp|Iron Head|p1b: Basculegion\n|-resisted|p1b: Basculegion|1\n|-damage|p1b: Basculegion|84/100\n|move|p1b: Basculegion|Last Respects|p2b: Milotic\n|-damage|p2b: Milotic|0 fnt\n|faint|p2b: Milotic\n|\n|upkeep\n|\n|t:|1776567694\n|switch|p2b: Charizard|Charizard, L50, M|100/100\n|turn|6\n|\n|t:|1776567698\n|detailschange|p2b: Charizard|Charizard-Mega-Y, L50, M\n|-mega|p2b: Charizard|Charizard|Charizardite Y\n|-weather|SunnyDay|[from] ability: Drought|[of] p2b: Charizard\n|move|p2a: Garchomp|Iron Head|p1b: Basculegion\n|-resisted|p1b: Basculegion|1\n|-damage|p1b: Basculegion|65/100\n|move|p2b: Charizard|Solar Beam||[still]\n|-prepare|p2b: Charizard|Solar Beam\n|-anim|p2b: Charizard|Solar Beam|p1b: Basculegion\n|-supereffective|p1b: Basculegion|1\n|-damage|p1b: Basculegion|0 fnt\n|faint|p1b: Basculegion\n|\n|win|snorlax2277\n|raw|ub student's rating: 1559 &rarr; <strong>1537</strong><br />(-22 for losing)\n|raw|snorlax2277's rating: 1527 &rarr; <strong>1549</strong><br />(+22 for winning)\n|l|\u2606ub student\n|player|p1|\n",
  "uploadtime": 1776567734,
  "views": 19,
  "formatid": "gen9championsvgc2026regma",
  "rating": 1537,
  "private": 0,
  "password": null
}