{
  "id": "gen9championsvgc2026regma-2583352368",
  "format": "[Gen 9 Champions] VGC 2026 Reg M-A",
  "players": [
    "7PAGS",
    "KeckleonKidVGC"
  ],
  "log": "|j|\u26067PAGS\n|j|\u2606KeckleonKidVGC\n|t:|1776169412\n|gametype|doubles\n|player|p1|7PAGS|hilda-wonderlauncher|1054\n|player|p2|KeckleonKidVGC|1|1061\n|gen|9\n|tier|[Gen 9 Champions] VGC 2026 Reg M-A\n|rated|\n|rule|Species Clause: Limit one of each Pok\u00e9mon\n|rule|Item Clause: Limit 1 of each item\n|clearpoke\n|poke|p1|Delphox, L50, M|\n|poke|p1|Incineroar, L50, F|\n|poke|p1|Aegislash, L50, M|\n|poke|p1|Basculegion, L50, M|\n|poke|p1|Maushold, L50|\n|poke|p1|Whimsicott, L50, M|\n|poke|p2|Politoed, L50, M|\n|poke|p2|Basculegion, L50, M|\n|poke|p2|Feraligatr, L50, F|\n|poke|p2|Archaludon, L50, F|\n|poke|p2|Gyarados, L50, F|\n|poke|p2|Ditto, L50|\n|teampreview|4\n|inactive|Battle timer is ON: inactive players will automatically lose when time's up. (requested by KeckleonKidVGC)\n|inactive|7PAGS has 60 seconds left.\n|inactive|7PAGS has 30 seconds left.\n|\n|t:|1776169475\n|teamsize|p1|4\n|teamsize|p2|4\n|start\n|switch|p1a: Whimsicott|Whimsicott, L50, M|100/100\n|switch|p1b: Aegislash|Aegislash, L50, M|100/100\n|switch|p2a: Basculegion|Basculegion, L50, M|100/100\n|switch|p2b: Feraligatr|Feraligatr, L50, F|100/100\n|turn|1\n|\n|t:|1776169499\n|detailschange|p2b: Feraligatr|Feraligatr-Mega, L50, F\n|-mega|p2b: Feraligatr|Feraligatr|Feraligite\n|move|p1a: Whimsicott|Tailwind|p1a: Whimsicott\n|-sidestart|p1: 7PAGS|move: Tailwind\n|move|p2a: Basculegion|Flip Turn|p1b: Aegislash\n|-damage|p1b: Aegislash|68/100\n|\n|t:|1776169506\n|switch|p2a: Archaludon|Archaludon, L50, F|100/100|[from] Flip Turn\n|-formechange|p1b: Aegislash|Aegislash-Blade|\n|move|p1b: Aegislash|Shadow Ball|p2a: Archaludon\n|-damage|p2a: Archaludon|47/100\n|-unboost|p2a: Archaludon|spd|1\n|-ability|p2a: Archaludon|Stamina|boost\n|-boost|p2a: Archaludon|def|1\n|move|p2b: Feraligatr|Ice Punch|p1a: Whimsicott\n|-supereffective|p1a: Whimsicott|1\n|-damage|p1a: Whimsicott|28/100\n|\n|-heal|p2a: Archaludon|53/100|[from] item: Leftovers\n|upkeep\n|turn|2\n|\n|t:|1776169529\n|move|p2a: Archaludon|Protect|p2a: Archaludon\n|-singleturn|p2a: Archaludon|Protect\n|move|p1a: Whimsicott|Moonblast|p2b: Feraligatr\n|-supereffective|p2b: Feraligatr|1\n|-damage|p2b: Feraligatr|54/100\n|move|p1b: Aegislash|Shadow Ball|p2a: Archaludon\n|-activate|p2a: Archaludon|move: Protect\n|move|p2b: Feraligatr|Ice Punch|p1a: Whimsicott\n|-supereffective|p1a: Whimsicott|1\n|-damage|p1a: Whimsicott|0 fnt\n|faint|p1a: Whimsicott\n|\n|-heal|p2a: Archaludon|59/100|[from] item: Leftovers\n|upkeep\n|\n|t:|1776169546\n|switch|p1a: Delphox|Delphox, L50, M|100/100\n|turn|3\n|\n|t:|1776169566\n|switch|p2a: Politoed|Politoed, L50, M|100/100\n|-weather|RainDance|[from] ability: Drizzle|[of] p2a: Politoed\n|detailschange|p1a: Delphox|Delphox-Mega, L50, M\n|-mega|p1a: Delphox|Delphox|Delphoxite\n|move|p1a: Delphox|Scorching Sands|p2b: Feraligatr\n|-damage|p2b: Feraligatr|35/100\n|move|p1b: Aegislash|Shadow Ball|p2a: Politoed\n|-damage|p2a: Politoed|58/100\n|move|p2b: Feraligatr|Liquidation|p1a: Delphox\n|-supereffective|p1a: Delphox|1\n|-damage|p1a: Delphox|0 fnt\n|faint|p1a: Delphox\n|\n|-weather|RainDance|[upkeep]\n|upkeep\n|\n|t:|1776169583\n|switch|p1a: Maushold|Maushold, L50|100/100\n|turn|4\n|\n|t:|1776169600\n|move|p2a: Politoed|Protect|p2a: Politoed\n|-singleturn|p2a: Politoed|Protect\n|move|p1a: Maushold|Super Fang|p2a: Politoed\n|-activate|p2a: Politoed|move: Protect\n|move|p1b: Aegislash|Shadow Ball|p2b: Feraligatr\n|-damage|p2b: Feraligatr|2/100\n|move|p2b: Feraligatr|Liquidation|p1b: Aegislash\n|-damage|p1b: Aegislash|0 fnt\n|faint|p1b: Aegislash\n|\n|-weather|RainDance|[upkeep]\n|-sideend|p1: 7PAGS|move: Tailwind\n|upkeep\n|turn|5\n|-message|7PAGS forfeited.\n|\n|win|KeckleonKidVGC\n|raw|7PAGS's rating: 1054 &rarr; <strong>1036</strong><br />(-18 for losing)\n|raw|KeckleonKidVGC's rating: 1061 &rarr; <strong>1091</strong><br />(+30 for winning)\n|l|\u26067PAGS\n|player|p1|\n",
  "uploadtime": 1776169613,
  "views": 16,
  "formatid": "gen9championsvgc2026regma",
  "rating": 1036,
  "private": 0,
  "password": null
}