{
  "id": "gen9championsvgc2026regma-2585356888",
  "format": "[Gen 9 Champions] VGC 2026 Reg M-A",
  "players": [
    "walkemdownm0rt",
    "jenzz2"
  ],
  "log": "|j|\u2606walkemdownm0rt\n|j|\u2606jenzz2\n|t:|1776340924\n|gametype|doubles\n|player|p1|walkemdownm0rt|boarder|1451\n|player|p2|jenzz2|bruno|1360\n|gen|9\n|tier|[Gen 9 Champions] VGC 2026 Reg M-A\n|rated|\n|rule|Species Clause: Limit one of each Pok\u00e9mon\n|rule|Item Clause: Limit 1 of each item\n|clearpoke\n|poke|p1|Garchomp, L50, M|\n|poke|p1|Delphox, L50, F|\n|poke|p1|Basculegion, L50, M|\n|poke|p1|Sneasler, L50, F|\n|poke|p1|Kingambit, L50, F|\n|poke|p1|Clefable, L50, M|\n|poke|p2|Meganium, L50, M|\n|poke|p2|Aerodactyl, L50, F|\n|poke|p2|Basculegion, L50, M|\n|poke|p2|Pelipper, L50, M|\n|poke|p2|Aegislash, L50, M|\n|poke|p2|Tyranitar, L50, F|\n|teampreview|4\n|inactive|Battle timer is ON: inactive players will automatically lose when time's up. (requested by jenzz2)\n|inactive|jenzz2 has 60 seconds left.\n|inactive|walkemdownm0rt has 60 seconds left.\n|inactive|jenzz2 has 30 seconds left.\n|inactive|jenzz2 has 20 seconds left.\n|inactive|jenzz2 has 15 seconds left.\n|inactive|jenzz2 has 10 seconds left.\n|\n|t:|1776341012\n|teamsize|p1|4\n|teamsize|p2|4\n|start\n|switch|p1a: Delphox|Delphox, L50, F|100/100\n|switch|p1b: Kingambit|Kingambit, L50, F|100/100\n|switch|p2a: Aerodactyl|Aerodactyl, L50, F, shiny|100/100\n|switch|p2b: Pelipper|Pelipper, L50, M, shiny|100/100\n|-ability|p2a: Aerodactyl|Unnerve\n|-weather|RainDance|[from] ability: Drizzle|[of] p2b: Pelipper\n|turn|1\n|\n|t:|1776341031\n|detailschange|p1a: Delphox|Delphox-Mega, L50, F\n|-mega|p1a: Delphox|Delphox|Delphoxite\n|move|p1a: Delphox|Will-O-Wisp|p2a: Aerodactyl\n|-status|p2a: Aerodactyl|brn\n|move|p2a: Aerodactyl|Tailwind|p2a: Aerodactyl\n|-sidestart|p2: jenzz2|move: Tailwind\n|move|p2b: Pelipper|Weather Ball|p1b: Kingambit\n|-damage|p1b: Kingambit|38/100\n|move|p1b: Kingambit|Swords Dance|p1b: Kingambit\n|-boost|p1b: Kingambit|atk|2\n|\n|-weather|RainDance|[upkeep]\n|-damage|p2a: Aerodactyl|95/100 brn|[from] brn\n|upkeep\n|turn|2\n|inactive|walkemdownm0rt has 30 seconds left.\n|inactive|jenzz2 has 30 seconds left.\n|inactive|jenzz2 has 20 seconds left.\n|inactive|jenzz2 has 15 seconds left.\n|inactive|walkemdownm0rt has 20 seconds left.\n|inactive|jenzz2 has 10 seconds left.\n|\n|t:|1776341077\n|move|p1b: Kingambit|Sucker Punch|p2b: Pelipper\n|-damage|p2b: Pelipper|0 fnt\n|faint|p2b: Pelipper\n|move|p2a: Aerodactyl|Rock Slide|p1a: Delphox|[spread] p1a\n|-miss|p2a: Aerodactyl|p1b: Kingambit\n|-supereffective|p1a: Delphox|1\n|-damage|p1a: Delphox|68/100\n|move|p1a: Delphox|Psychic|p2a: Aerodactyl\n|-damage|p2a: Aerodactyl|22/100 brn\n|\n|-weather|RainDance|[upkeep]\n|-damage|p2a: Aerodactyl|16/100 brn|[from] brn\n|upkeep\n|inactive|jenzz2 has 30 seconds left.\n|\n|t:|1776341105\n|switch|p2b: Tyranitar|Tyranitar, L50, F|100/100\n|-weather|Sandstorm|[from] ability: Sand Stream|[of] p2b: Tyranitar\n|turn|3\n|\n|t:|1776341125\n|switch|p1a: Sneasler|Sneasler, L50, F|100/100\n|detailschange|p2b: Tyranitar|Tyranitar-Mega, L50, F\n|-mega|p2b: Tyranitar|Tyranitar|Tyranitarite\n|move|p1b: Kingambit|Protect|p1b: Kingambit\n|-singleturn|p1b: Kingambit|Protect\n|move|p2a: Aerodactyl|Rock Slide|p1b: Kingambit|[spread] p1a\n|-activate|p1b: Kingambit|move: Protect\n|-resisted|p1a: Sneasler|1\n|-damage|p1a: Sneasler|91/100\n|move|p2b: Tyranitar|Low Kick|p1b: Kingambit\n|-activate|p1b: Kingambit|move: Protect\n|\n|-weather|Sandstorm|[upkeep]\n|-damage|p1a: Sneasler|85/100|[from] Sandstorm\n|-damage|p2a: Aerodactyl|10/100 brn|[from] brn\n|upkeep\n|turn|4\n|inactive|jenzz2 has 30 seconds left.\n|inactive|jenzz2 has 20 seconds left.\n|\n|t:|1776341163\n|switch|p2b: Basculegion|Basculegion, L50, M, shiny|100/100\n|switch|p1b: Delphox|Delphox-Mega, L50, F|68/100\n|move|p2a: Aerodactyl|Protect|p2a: Aerodactyl\n|-singleturn|p2a: Aerodactyl|Protect\n|move|p1a: Sneasler|Fake Out|p2b: Basculegion\n|-immune|p2b: Basculegion\n|\n|-weather|Sandstorm|[upkeep]\n|-damage|p2b: Basculegion|94/100|[from] Sandstorm\n|-damage|p1b: Delphox|63/100|[from] Sandstorm\n|-damage|p1a: Sneasler|79/100|[from] Sandstorm\n|-damage|p2a: Aerodactyl|4/100 brn|[from] brn\n|-sideend|p2: jenzz2|move: Tailwind\n|upkeep\n|turn|5\n|inactive|jenzz2 has 30 seconds left.\n|inactive|walkemdownm0rt has 30 seconds left.\n|\n|t:|1776341195\n|move|p1b: Delphox|Protect|p1b: Delphox\n|-singleturn|p1b: Delphox|Protect\n|move|p2a: Aerodactyl|Tailwind|p2a: Aerodactyl\n|-sidestart|p2: jenzz2|move: Tailwind\n|move|p2b: Basculegion|Wave Crash|p1a: Sneasler\n|-damage|p1a: Sneasler|0 fnt\n|faint|p1a: Sneasler\n|-damage|p2b: Basculegion|74/100|[from] Recoil\n|\n|-weather|Sandstorm|[upkeep]\n|-damage|p2b: Basculegion|68/100|[from] Sandstorm\n|-damage|p1b: Delphox|57/100|[from] Sandstorm\n|-damage|p2a: Aerodactyl|0 fnt|[from] brn\n|faint|p2a: Aerodactyl\n|upkeep\n|\n|t:|1776341210\n|switch|p2a: Tyranitar|Tyranitar-Mega, L50, F|100/100\n|switch|p1a: Kingambit|Kingambit, L50, F|38/100\n|turn|6\n|inactive|jenzz2 has 30 seconds left.\n|\n|t:|1776341242\n|move|p2b: Basculegion|Aqua Jet|p1a: Kingambit\n|-damage|p1a: Kingambit|24/100\n|move|p1a: Kingambit|Sucker Punch||[still]\n|-fail|p1a: Kingambit\n|move|p2a: Tyranitar|Rock Slide|p1a: Kingambit|[spread] p1a,p1b\n|-resisted|p1a: Kingambit|1\n|-supereffective|p1b: Delphox|1\n|-damage|p1a: Kingambit|13/100\n|-damage|p1b: Delphox|0 fnt\n|faint|p1b: Delphox\n|\n|-weather|Sandstorm|[upkeep]\n|-damage|p2b: Basculegion|61/100|[from] Sandstorm\n|upkeep\n|\n|t:|1776341250\n|switch|p1b: Basculegion|Basculegion, L50, M|100/100\n|turn|7\n|\n|t:|1776341269\n|move|p1a: Kingambit|Protect|p1a: Kingambit\n|-singleturn|p1a: Kingambit|Protect\n|move|p2b: Basculegion|Aqua Jet|p1a: Kingambit\n|-activate|p1a: Kingambit|move: Protect\n|move|p2a: Tyranitar|Knock Off|p1b: Basculegion\n|-supereffective|p1b: Basculegion|1\n|-enditem|p1b: Basculegion|Focus Sash\n|-damage|p1b: Basculegion|1/100\n|move|p1b: Basculegion|Last Respects|p2b: Basculegion\n|-supereffective|p2b: Basculegion|1\n|-damage|p2b: Basculegion|0 fnt\n|faint|p2b: Basculegion\n|\n|-weather|none\n|upkeep\n|turn|8\n|\n|t:|1776341294\n|move|p1b: Basculegion|Protect|p1b: Basculegion\n|-singleturn|p1b: Basculegion|Protect\n|move|p1a: Kingambit|Sucker Punch|p2a: Tyranitar\n|-resisted|p2a: Tyranitar|1\n|-damage|p2a: Tyranitar|86/100\n|move|p2a: Tyranitar|Rock Slide|p1b: Basculegion|[spread] p1a\n|-activate|p1b: Basculegion|move: Protect\n|-resisted|p1a: Kingambit|1\n|-damage|p1a: Kingambit|1/100\n|\n|-sideend|p2: jenzz2|move: Tailwind\n|upkeep\n|turn|9\n|\n|t:|1776341308\n|move|p1a: Kingambit|Sucker Punch|p2a: Tyranitar\n|-resisted|p2a: Tyranitar|1\n|-damage|p2a: Tyranitar|72/100\n|move|p1b: Basculegion|Liquidation|p2a: Tyranitar\n|-supereffective|p2a: Tyranitar|1\n|-damage|p2a: Tyranitar|1/100\n|move|p2a: Tyranitar|Rock Slide|p1b: Basculegion|[spread] p1a,p1b\n|-resisted|p1a: Kingambit|1\n|-damage|p1a: Kingambit|0 fnt\n|-damage|p1b: Basculegion|0 fnt\n|faint|p1a: Kingambit\n|faint|p1b: Basculegion\n|\n|win|jenzz2\n|raw|walkemdownm0rt's rating: 1451 &rarr; <strong>1426</strong><br />(-25 for losing)\n|raw|jenzz2's rating: 1360 &rarr; <strong>1385</strong><br />(+25 for winning)\n",
  "uploadtime": 1776341323,
  "views": 53,
  "formatid": "gen9championsvgc2026regma",
  "rating": 1385,
  "private": 0,
  "password": null
}