{
  "id": "gen9championsvgc2026regma-2586724691",
  "format": "[Gen 9 Champions] VGC 2026 Reg M-A",
  "players": [
    "blazke",
    "Censored-4"
  ],
  "log": "|j|\u2606blazke\n|j|\u2606Censored-4\n|t:|1776455017\n|gametype|doubles\n|player|p1|blazke|riley|1053\n|player|p2|Censored-4|101|1033\n|gen|9\n|tier|[Gen 9 Champions] VGC 2026 Reg M-A\n|rated|\n|rule|Species Clause: Limit one of each Pok\u00e9mon\n|rule|Item Clause: Limit 1 of each item\n|clearpoke\n|poke|p1|Morpeko, L50, M|\n|poke|p1|Maushold-Four, L50|\n|poke|p1|Gengar, L50, M|\n|poke|p1|Incineroar, L50, F|\n|poke|p1|Kommo-o, L50, M|\n|poke|p1|Blastoise, L50, F|\n|poke|p2|Froslass, L50, F|\n|poke|p2|Glimmora, L50, F|\n|poke|p2|Ceruledge, L50, M|\n|poke|p2|Glaceon, L50, F|\n|poke|p2|Ninetales-Alola, L50, F|\n|poke|p2|Incineroar, L50, M|\n|teampreview|4\n|inactive|Battle timer is ON: inactive players will automatically lose when time's up. (requested by blazke)\n|inactive|blazke has 60 seconds left.\n|inactive|Censored-4 has 60 seconds left.\n|\n|t:|1776455055\n|teamsize|p1|4\n|teamsize|p2|4\n|start\n|switch|p1a: Gengar|Gengar, L50, M|100/100\n|switch|p1b: Maushold|Maushold-Four, L50|100/100\n|switch|p2a: Lassy|Froslass, L50, F, shiny|100/100\n|switch|p2b: Glim|Glimmora, L50, F, shiny|100/100\n|turn|1\n|\n|t:|1776455074\n|detailschange|p1a: Gengar|Gengar-Mega, L50, M\n|-mega|p1a: Gengar|Gengar|Gengarite\n|detailschange|p2a: Lassy|Froslass-Mega, L50, F, shiny\n|-mega|p2a: Lassy|Froslass|Froslassite\n|-weather|Snowscape|[from] ability: Snow Warning|[of] p2a: Lassy\n|move|p1b: Maushold|Follow Me|p1b: Maushold\n|-singleturn|p1b: Maushold|move: Follow Me\n|move|p1a: Gengar|Shadow Ball|p2a: Lassy\n|-supereffective|p2a: Lassy|1\n|-damage|p2a: Lassy|0 fnt\n|faint|p2a: Lassy\n|move|p2b: Glim|Earth Power|p1b: Maushold\n|-damage|p1b: Maushold|60/100\n|-unboost|p1b: Maushold|spd|1\n|\n|-weather|Snowscape|[upkeep]\n|upkeep\n|inactive|Censored-4 has 30 seconds left.\n|inactive|Censored-4 has 20 seconds left.\n|inactive|Censored-4 has 15 seconds left.\n|\n|t:|1776455116\n|switch|p2a: Tally|Ninetales-Alola, L50, F, shiny|100/100\n|turn|2\n|\n|t:|1776455139\n|move|p1b: Maushold|Follow Me|p1b: Maushold\n|-singleturn|p1b: Maushold|move: Follow Me\n|move|p1a: Gengar|Perish Song|p1a: Gengar\n|-start|p1a: Gengar|perish3|[silent]\n|-start|p1b: Maushold|perish3|[silent]\n|-start|p2a: Tally|perish3|[silent]\n|-start|p2b: Glim|perish3|[silent]\n|-fieldactivate|move: Perish Song\n|move|p2a: Tally|Aurora Veil|p2a: Tally\n|-sidestart|p2: Censored-4|move: Aurora Veil\n|move|p2b: Glim|Earth Power|p1b: Maushold\n|-damage|p1b: Maushold|0 fnt\n|faint|p1b: Maushold\n|\n|-weather|Snowscape|[upkeep]\n|-start|p1a: Gengar|perish3\n|-start|p2a: Tally|perish3\n|-start|p2b: Glim|perish3\n|upkeep\n|\n|t:|1776455151\n|switch|p1b: Incineroar|Incineroar, L50, F|100/100\n|-ability|p1b: Incineroar|Intimidate|boost\n|-unboost|p2a: Tally|atk|1\n|-unboost|p2b: Glim|atk|1\n|turn|3\n|\n|t:|1776455175\n|move|p1b: Incineroar|Fake Out|p2b: Glim\n|-resisted|p2b: Glim|1\n|-damage|p2b: Glim|96/100\n|-activate|p2b: Glim|ability: Toxic Debris\n|-sidestart|p1: blazke|move: Toxic Spikes\n|move|p1a: Gengar|Reflect Type|p2a: Tally\n|-start|p1a: Gengar|typechange|[from] move: Reflect Type|[of] p2a: Tally\n|move|p2a: Tally|Encore|p1a: Gengar\n|-start|p1a: Gengar|Encore\n|cant|p2b: Glim|flinch\n|\n|-weather|Snowscape|[upkeep]\n|-start|p1a: Gengar|perish2\n|-start|p2a: Tally|perish2\n|-start|p2b: Glim|perish2\n|upkeep\n|-start|p1a: Gengar|typechange|Ice/Fairy|[silent]\n|turn|4\n|inactive|blazke has 30 seconds left.\n|\n|t:|1776455202\n|move|p1b: Incineroar|Protect|p1b: Incineroar\n|-singleturn|p1b: Incineroar|Protect\n|move|p1a: Gengar|Reflect Type|p2a: Tally\n|-start|p1a: Gengar|typechange|[from] move: Reflect Type|[of] p2a: Tally\n|move|p2a: Tally|Blizzard|p1b: Incineroar|[spread] p1a\n|-activate|p1b: Incineroar|move: Protect\n|-resisted|p1a: Gengar|1\n|-damage|p1a: Gengar|86/100\n|move|p2b: Glim|Earth Power|p1a: Gengar\n|-damage|p1a: Gengar|50/100\n|\n|-weather|Snowscape|[upkeep]\n|-start|p1a: Gengar|perish1\n|-start|p2a: Tally|perish1\n|-start|p2b: Glim|perish1\n|upkeep\n|turn|5\n|inactive|Censored-4 has 30 seconds left.\n|\n|t:|1776455232\n|move|p1a: Gengar|Reflect Type|p2a: Tally\n|-start|p1a: Gengar|typechange|[from] move: Reflect Type|[of] p2a: Tally\n|move|p2a: Tally|Encore|p1b: Incineroar\n|-start|p1b: Incineroar|Encore\n|move|p1b: Incineroar|Protect||[still]\n|-fail|p1b: Incineroar\n|move|p2b: Glim|Mortal Spin|p1a: Gengar|[spread] p1a,p1b\n|-supereffective|p1a: Gengar|1\n|-damage|p1a: Gengar|45/100\n|-damage|p1b: Incineroar|99/100\n|-status|p1a: Gengar|psn\n|-status|p1b: Incineroar|psn\n|\n|-weather|none\n|-damage|p1a: Gengar|32/100 psn|[from] psn\n|-damage|p1b: Incineroar|86/100 psn|[from] psn\n|-start|p1a: Gengar|perish0\n|-start|p2a: Tally|perish0\n|-start|p2b: Glim|perish0\n|faint|p1a: Gengar\n|faint|p2a: Tally\n|faint|p2b: Glim\n|upkeep\n|\n|t:|1776455247\n|switch|p1a: Blastoise|Blastoise, L50, F|100/100\n|switch|p2b: Edge|Ceruledge, L50, M|100/100\n|-status|p1a: Blastoise|psn\n|turn|6\n|\n|t:|1776455266\n|move|p1b: Incineroar|Protect|p1b: Incineroar\n|-singleturn|p1b: Incineroar|Protect\n|move|p2b: Edge|Close Combat|p1a: Blastoise\n|-damage|p1a: Blastoise|60/100 psn\n|-unboost|p2b: Edge|def|1\n|-unboost|p2b: Edge|spd|1\n|-enditem|p2b: Edge|White Herb\n|-clearnegativeboost|p2b: Edge|[silent]\n|move|p1a: Blastoise|Flip Turn|p2b: Edge\n|-supereffective|p2b: Edge|1\n|-damage|p2b: Edge|67/100\n|\n|-heal|p1a: Blastoise|66/100 psn|[from] item: Leftovers\n|-damage|p1a: Blastoise|53/100 psn|[from] psn\n|-damage|p1b: Incineroar|74/100 psn|[from] psn\n|-sideend|p2: Censored-4|move: Aurora Veil\n|upkeep\n|turn|7\n|inactive|blazke has 30 seconds left.\n|\n|t:|1776455298\n|move|p1a: Blastoise|Protect|p1a: Blastoise\n|-singleturn|p1a: Blastoise|Protect\n|move|p1b: Incineroar|Protect||[still]\n|-fail|p1b: Incineroar\n|move|p2b: Edge|Shadow Sneak|p1a: Blastoise\n|-activate|p1a: Blastoise|move: Protect\n|\n|-heal|p1a: Blastoise|59/100 psn|[from] item: Leftovers\n|-damage|p1a: Blastoise|47/100 psn|[from] psn\n|-damage|p1b: Incineroar|61/100 psn|[from] psn\n|-end|p1b: Incineroar|Encore\n|upkeep\n|turn|8\n|\n|t:|1776455313\n|move|p2b: Edge|Close Combat|p1b: Incineroar\n|-supereffective|p1b: Incineroar|1\n|-damage|p1b: Incineroar|0 fnt\n|-unboost|p2b: Edge|def|1\n|-unboost|p2b: Edge|spd|1\n|faint|p1b: Incineroar\n|move|p1a: Blastoise|Flip Turn|p2b: Edge\n|-supereffective|p2b: Edge|1\n|-damage|p2b: Edge|0 fnt\n|faint|p2b: Edge\n|\n|win|blazke\n|raw|blazke's rating: 1053 &rarr; <strong>1083</strong><br />(+30 for winning)\n|raw|Censored-4's rating: 1033 &rarr; <strong>1019</strong><br />(-14 for losing)\n",
  "uploadtime": 1776455328,
  "views": 30,
  "formatid": "gen9championsvgc2026regma",
  "rating": 1019,
  "private": 0,
  "password": null
}