{
  "id": "gen9championsvgc2026regma-2581869845",
  "format": "[Gen 9 Champions] VGC 2026 Reg M-A",
  "players": [
    "jacinthespuppy",
    "iacidicowl"
  ],
  "log": "|j|\u2606jacinthespuppy\n|j|\u2606iacidicowl\n|t:|1776035302\n|gametype|doubles\n|player|p1|jacinthespuppy|dawn-gen4pt|1301\n|player|p2|iacidicowl|dahlia|1385\n|gen|9\n|tier|[Gen 9 Champions] VGC 2026 Reg M-A\n|rated|\n|rule|Species Clause: Limit one of each Pok\u00e9mon\n|rule|Item Clause: Limit 1 of each item\n|clearpoke\n|poke|p1|Tyranitar, L50, F|\n|poke|p1|Excadrill, L50, F|\n|poke|p1|Dragapult, L50, F|\n|poke|p1|Rotom-Heat, L50|\n|poke|p1|Gyarados, L50, M|\n|poke|p1|Sinistcha, L50|\n|poke|p2|Garchomp, L50, M|\n|poke|p2|Orthworm, L50, F|\n|poke|p2|Basculegion, L50, M|\n|poke|p2|Floette-Eternal, L50, F|\n|poke|p2|Sneasler, L50, F|\n|poke|p2|Farigiraf, L50, F|\n|teampreview|4\n|inactive|Battle timer is ON: inactive players will automatically lose when time's up. (requested by jacinthespuppy)\n|inactive|jacinthespuppy has 60 seconds left.\n|inactive|iacidicowl has 60 seconds left.\n|inactive|iacidicowl has 30 seconds left.\n|\n|t:|1776035363\n|teamsize|p1|4\n|teamsize|p2|4\n|start\n|switch|p1a: trick choice scarf|Rotom-Heat, L50|100/100\n|switch|p1b: jet|Dragapult, L50, F|100/100\n|switch|p2a: Garchomp|Garchomp, L50, M|100/100\n|switch|p2b: Orthworm|Orthworm, L50, F|100/100\n|turn|1\n|\n|t:|1776035378\n|move|p1b: jet|Draco Meteor|p2a: Garchomp\n|-supereffective|p2a: Garchomp|1\n|-enditem|p2a: Garchomp|Focus Sash\n|-damage|p2a: Garchomp|1/100\n|-unboost|p1b: jet|spa|2\n|-enditem|p1b: jet|White Herb\n|-clearnegativeboost|p1b: jet|[silent]\n|move|p2a: Garchomp|Dragon Claw|p1b: jet\n|-supereffective|p1b: jet|1\n|-damage|p1b: jet|0 fnt\n|faint|p1b: jet\n|move|p1a: trick choice scarf|Overheat|p2b: Orthworm\n|-supereffective|p2b: Orthworm|1\n|-crit|p2b: Orthworm\n|-damage|p2b: Orthworm|0 fnt\n|-unboost|p1a: trick choice scarf|spa|2\n|faint|p2b: Orthworm\n|\n|upkeep\n|\n|t:|1776035398\n|switch|p1b: big boss|Tyranitar, L50, F|100/100\n|switch|p2b: Basculegion|Basculegion, L50, M|100/100\n|-weather|Sandstorm|[from] ability: Sand Stream|[of] p1b: big boss\n|turn|2\n|\n|t:|1776035415\n|move|p1b: big boss|Protect|p1b: big boss\n|-singleturn|p1b: big boss|Protect\n|move|p2b: Basculegion|Wave Crash|p1a: trick choice scarf\n|-supereffective|p1a: trick choice scarf|1\n|-enditem|p1a: trick choice scarf|Passho Berry|[eat]\n|-enditem|p1a: trick choice scarf|Passho Berry|[weaken]\n|-damage|p1a: trick choice scarf|24/100\n|-damage|p2b: Basculegion|80/100|[from] Recoil\n|move|p2a: Garchomp|Rock Slide|p1a: trick choice scarf|[spread] p1a\n|-activate|p1b: big boss|move: Protect\n|-supereffective|p1a: trick choice scarf|1\n|-damage|p1a: trick choice scarf|0 fnt\n|faint|p1a: trick choice scarf\n|\n|-weather|Sandstorm|[upkeep]\n|-damage|p2b: Basculegion|74/100|[from] Sandstorm\n|upkeep\n|\n|t:|1776035421\n|switch|p1a: resetti|Excadrill, L50, F|100/100\n|turn|3\n|inactive|jacinthespuppy has 30 seconds left.\n|inactive|iacidicowl has 30 seconds left.\n|\n|t:|1776035450\n|detailschange|p1b: big boss|Tyranitar-Mega, L50, F\n|-mega|p1b: big boss|Tyranitar|Tyranitarite\n|move|p1a: resetti|Iron Head|p2a: Garchomp\n|-crit|p2a: Garchomp\n|-damage|p2a: Garchomp|0 fnt\n|-damage|p1a: resetti|88/100|[from] ability: Rough Skin|[of] p2a: Garchomp\n|faint|p2a: Garchomp\n|move|p2b: Basculegion|Wave Crash|p1a: resetti\n|-supereffective|p1a: resetti|1\n|-damage|p1a: resetti|0 fnt\n|faint|p1a: resetti\n|-damage|p2b: Basculegion|47/100|[from] Recoil\n|move|p1b: big boss|Knock Off|p2b: Basculegion\n|-supereffective|p2b: Basculegion|1\n|-damage|p2b: Basculegion|0 fnt\n|-enditem|p2b: Basculegion|Choice Scarf|[from] move: Knock Off|[of] p1b: big boss\n|faint|p2b: Basculegion\n|\n|-weather|Sandstorm|[upkeep]\n|upkeep\n|\n|t:|1776035466\n|switch|p2b: Floette|Floette-Eternal, L50, F|100/100\n|turn|4\n|c|\u2606jacinthespuppy|gg folk\n|\n|t:|1776035481\n|detailschange|p2b: Floette|Floette-Mega, L50, F\n|-mega|p2b: Floette|Floette|Floettite\n|-ability|p2b: Floette|Fairy Aura\n|move|p2b: Floette|Moonblast|p1b: big boss\n|-supereffective|p1b: big boss|1\n|-damage|p1b: big boss|28/100\n|move|p1b: big boss|Rock Slide|p2b: Floette\n|-damage|p2b: Floette|39/100\n|\n|-weather|Sandstorm|[upkeep]\n|-damage|p2b: Floette|33/100|[from] Sandstorm\n|upkeep\n|turn|5\n|\n|t:|1776035492\n|move|p2b: Floette|Moonblast|p1b: big boss\n|-supereffective|p1b: big boss|1\n|-damage|p1b: big boss|0 fnt\n|faint|p1b: big boss\n|\n|win|iacidicowl\n|raw|jacinthespuppy's rating: 1301 &rarr; <strong>1286</strong><br />(-15 for losing)\n|raw|iacidicowl's rating: 1385 &rarr; <strong>1400</strong><br />(+15 for winning)\n|l|\u2606jacinthespuppy\n|player|p1|\n|l|\u2606iacidicowl\n|player|p2|\n",
  "uploadtime": 1776035610,
  "views": 18,
  "formatid": "gen9championsvgc2026regma",
  "rating": 1286,
  "private": 0,
  "password": null
}