{
  "id": "gen9championsvgc2026regma-2581981601",
  "format": "[Gen 9 Champions] VGC 2026 Reg M-A",
  "players": [
    "d4rkbl00d",
    "anonymous_snorlax"
  ],
  "log": "|j|\u2606d4rkbl00d\n|j|\u2606anonymous_snorlax\n|t:|1776045361\n|gametype|doubles\n|player|p1|d4rkbl00d|102|1099\n|player|p2|anonymous_snorlax|266|1079\n|gen|9\n|tier|[Gen 9 Champions] VGC 2026 Reg M-A\n|rated|\n|rule|Species Clause: Limit one of each Pok\u00e9mon\n|rule|Item Clause: Limit 1 of each item\n|clearpoke\n|poke|p1|Charizard, L50, M|\n|poke|p1|Venusaur, L50, F|\n|poke|p1|Garchomp, L50, F|\n|poke|p1|Incineroar, L50, M|\n|poke|p1|Gardevoir, L50, F|\n|poke|p1|Milotic, L50, F|\n|poke|p2|Chimecho, L50, M|\n|poke|p2|Snorlax, L50, F|\n|poke|p2|Clefable, L50, F|\n|poke|p2|Rotom-Wash, L50|\n|poke|p2|Incineroar, L50, M|\n|poke|p2|Sinistcha, L50|\n|teampreview|4\n|inactive|Battle timer is ON: inactive players will automatically lose when time's up. (requested by anonymous_snorlax)\n|\n|t:|1776045391\n|teamsize|p1|4\n|teamsize|p2|4\n|start\n|switch|p1a: Charizard|Charizard, L50, M|100/100\n|switch|p1b: Venusaur|Venusaur, L50, F|100/100\n|switch|p2a: Snorlax|Snorlax, L50, F|100/100\n|switch|p2b: Rotom|Rotom-Wash, L50|100/100\n|turn|1\n|\n|t:|1776045401\n|detailschange|p1a: Charizard|Charizard-Mega-Y, L50, M\n|-mega|p1a: Charizard|Charizard|Charizardite Y\n|-weather|SunnyDay|[from] ability: Drought|[of] p1a: Charizard\n|move|p1b: Venusaur|Sleep Powder|p2a: Snorlax|[miss]\n|-miss|p1b: Venusaur|p2a: Snorlax\n|move|p2b: Rotom|Volt Switch|p1a: Charizard\n|-supereffective|p1a: Charizard|1\n|-damage|p1a: Charizard|30/100\n|\n|t:|1776045414\n|switch|p2b: Clefable|Clefable, L50, F|100/100|[from] Volt Switch\n|move|p1a: Charizard|Solar Beam||[still]\n|-prepare|p1a: Charizard|Solar Beam\n|-anim|p1a: Charizard|Solar Beam|p2b: Clefable\n|-damage|p2b: Clefable|54/100\n|move|p2a: Snorlax|Belly Drum|p2a: Snorlax\n|-damage|p2a: Snorlax|50/100\n|-setboost|p2a: Snorlax|atk|6|[from] move: Belly Drum\n|-enditem|p2a: Snorlax|Sitrus Berry|[eat]\n|-heal|p2a: Snorlax|75/100|[from] item: Sitrus Berry\n|\n|-weather|SunnyDay|[upkeep]\n|upkeep\n|turn|2\n|inactive|anonymous_snorlax has 30 seconds left.\n|inactive|d4rkbl00d has 30 seconds left.\n|\n|t:|1776045446\n|switch|p2b: Incineroar|Incineroar, L50, M|100/100\n|-ability|p2b: Incineroar|Intimidate|boost\n|-unboost|p1a: Charizard|atk|1\n|-unboost|p1b: Venusaur|atk|1\n|move|p2a: Snorlax|Protect|p2a: Snorlax\n|-singleturn|p2a: Snorlax|Protect\n|move|p1b: Venusaur|Sleep Powder|p2a: Snorlax\n|-activate|p2a: Snorlax|move: Protect\n|move|p1a: Charizard|Heat Wave|p2a: Snorlax|[spread] p2b\n|-activate|p2a: Snorlax|move: Protect\n|-resisted|p2b: Incineroar|1\n|-damage|p2b: Incineroar|75/100\n|\n|-weather|SunnyDay|[upkeep]\n|upkeep\n|turn|3\n|inactive|anonymous_snorlax has 30 seconds left.\n|\n|t:|1776045473\n|switch|p1a: Incineroar|Incineroar, L50, M|100/100\n|-ability|p1a: Incineroar|Intimidate|boost\n|-unboost|p2a: Snorlax|atk|1\n|-unboost|p2b: Incineroar|atk|1\n|move|p1b: Venusaur|Protect|p1b: Venusaur\n|-singleturn|p1b: Venusaur|Protect\n|move|p2b: Incineroar|Fake Out|p1b: Venusaur\n|-activate|p1b: Venusaur|move: Protect\n|move|p2a: Snorlax|Facade|p1b: Venusaur\n|-activate|p1b: Venusaur|move: Protect\n|\n|-weather|SunnyDay|[upkeep]\n|upkeep\n|turn|4\n|\n|t:|1776045494\n|switch|p2b: Clefable|Clefable, L50, F|54/100\n|move|p2a: Snorlax|Protect|p2a: Snorlax\n|-singleturn|p2a: Snorlax|Protect\n|move|p1a: Incineroar|Fake Out|p2b: Clefable\n|-damage|p2b: Clefable|46/100\n|move|p1b: Venusaur|Sleep Powder|p2a: Snorlax\n|-activate|p2a: Snorlax|move: Protect\n|\n|-weather|SunnyDay|[upkeep]\n|upkeep\n|turn|5\n|\n|t:|1776045514\n|move|p2b: Clefable|Follow Me|p2b: Clefable\n|-singleturn|p2b: Clefable|move: Follow Me\n|move|p1b: Venusaur|Sludge Bomb|p2b: Clefable\n|-supereffective|p2b: Clefable|1\n|-damage|p2b: Clefable|0 fnt\n|faint|p2b: Clefable\n|move|p1a: Incineroar|Flare Blitz|p2a: Snorlax\n|-damage|p2a: Snorlax|52/100\n|-damage|p1a: Incineroar|90/100|[from] Recoil\n|move|p2a: Snorlax|Earthquake|p1a: Incineroar|[spread] p1a,p1b\n|-supereffective|p1a: Incineroar|1\n|-damage|p1a: Incineroar|0 fnt\n|-damage|p1b: Venusaur|18/100\n|faint|p1a: Incineroar\n|\n|-weather|none\n|upkeep\n|\n|t:|1776045531\n|switch|p1a: Gardevoir|Gardevoir, L50, F|100/100\n|switch|p2b: Rotom|Rotom-Wash, L50|100/100\n|turn|6\n|inactive|d4rkbl00d has 30 seconds left.\n|\n|t:|1776045556\n|move|p1b: Venusaur|Protect|p1b: Venusaur\n|-singleturn|p1b: Venusaur|Protect\n|move|p1a: Gardevoir|Moonblast|p2a: Snorlax\n|-damage|p2a: Snorlax|23/100\n|move|p2b: Rotom|Volt Switch|p1a: Gardevoir\n|-damage|p1a: Gardevoir|59/100\n|\n|t:|1776045563\n|switch|p2b: Incineroar|Incineroar, L50, M|75/100|[from] Volt Switch\n|-ability|p2b: Incineroar|Intimidate|boost\n|-unboost|p1a: Gardevoir|atk|1\n|-unboost|p1b: Venusaur|atk|1\n|move|p2a: Snorlax|Facade|p1a: Gardevoir\n|-damage|p1a: Gardevoir|0 fnt\n|faint|p1a: Gardevoir\n|\n|upkeep\n|-message|d4rkbl00d forfeited.\n|\n|win|anonymous_snorlax\n|raw|d4rkbl00d's rating: 1099 &rarr; <strong>1073</strong><br />(-26 for losing)\n|raw|anonymous_snorlax's rating: 1079 &rarr; <strong>1109</strong><br />(+30 for winning)\n",
  "uploadtime": 1776045571,
  "views": 13,
  "formatid": "gen9championsvgc2026regma",
  "rating": 1073,
  "private": 0,
  "password": null
}