{
  "id": "gen9championsvgc2026regma-2588732036",
  "format": "[Gen 9 Champions] VGC 2026 Reg M-A",
  "players": [
    "Anditto612",
    "DimmaDont"
  ],
  "log": "|j|\u2606Anditto612\n|j|\u2606DimmaDont\n|t:|1776663331\n|gametype|doubles\n|player|p1|Anditto612|266|1091\n|player|p2|DimmaDont|hilda|1000\n|gen|9\n|tier|[Gen 9 Champions] VGC 2026 Reg M-A\n|rated|\n|rule|Species Clause: Limit one of each Pok\u00e9mon\n|rule|Item Clause: Limit 1 of each item\n|clearpoke\n|poke|p1|Typhlosion-Hisui, L50, M|\n|poke|p1|Whimsicott, L50, F|\n|poke|p1|Garchomp, L50, M|\n|poke|p1|Farigiraf, L50, F|\n|poke|p1|Primarina, L50, F|\n|poke|p1|Venusaur, L50, M|\n|poke|p2|Clefable, L50, M|\n|poke|p2|Excadrill, L50, F|\n|poke|p2|Hippowdon, L50, F|\n|poke|p2|Cofagrigus, L50, F|\n|poke|p2|Incineroar, L50, M|\n|poke|p2|Empoleon, L50, M|\n|teampreview|4\nAnditto612 rejected open team sheets.\n|\n|t:|1776663355\n|teamsize|p1|4\n|teamsize|p2|4\n|start\n|switch|p1a: Whimsicott|Whimsicott, L50, F|100/100\n|switch|p1b: Razor|Venusaur, L50, M|100/100\n|switch|p2a: Clefable|Clefable, L50, M|100/100\n|switch|p2b: Cofagrigus|Cofagrigus, L50, F|100/100\n|turn|1\n|c|\u2606Anditto612|Gl\n|inactive|Battle timer is ON: inactive players will automatically lose when time's up. (requested by DimmaDont)\n|\n|t:|1776663384\n|move|p1a: Whimsicott|Tailwind|p1a: Whimsicott\n|-sidestart|p1: Anditto612|move: Tailwind\n|move|p1b: Razor|Sleep Powder|p2b: Cofagrigus\n|-status|p2b: Cofagrigus|slp|[from] move: Sleep Powder\n|move|p2a: Clefable|Calm Mind|p2a: Clefable\n|-boost|p2a: Clefable|spa|1\n|-boost|p2a: Clefable|spd|1\n|cant|p2b: Cofagrigus|slp\n|\n|upkeep\n|turn|2\n|\n|t:|1776663404\n|switch|p1b: Igni|Typhlosion-Hisui, L50, M|100/100\n|-item|p2a: Clefable|Clefablite|[from] ability: Frisk|[of] p1b: Igni\n|-item|p2b: Cofagrigus|Mental Herb|[from] ability: Frisk|[of] p1b: Igni\n|move|p1a: Whimsicott|Encore|p2a: Clefable\n|-start|p2a: Clefable|Encore\n|move|p2a: Clefable|Calm Mind|p2a: Clefable\n|-boost|p2a: Clefable|spa|1\n|-boost|p2a: Clefable|spd|1\n|cant|p2b: Cofagrigus|slp\n|\n|upkeep\n|turn|3\n|\n|t:|1776663426\n|move|p1a: Whimsicott|Sunny Day|p1a: Whimsicott\n|-weather|SunnyDay\n|move|p1b: Igni|Shadow Ball|p2b: Cofagrigus\n|-supereffective|p2b: Cofagrigus|1\n|-damage|p2b: Cofagrigus|32/100 slp\n|move|p2a: Clefable|Calm Mind|p2a: Clefable\n|-boost|p2a: Clefable|spa|1\n|-boost|p2a: Clefable|spd|1\n|-curestatus|p2b: Cofagrigus|slp|[msg]\n|move|p2b: Cofagrigus|Trick Room|p2b: Cofagrigus\n|-fieldstart|move: Trick Room|[of] p2b: Cofagrigus\n|\n|-weather|SunnyDay|[upkeep]\n|upkeep\n|turn|4\n|inactive|Anditto612 has 30 seconds left.\n|\n|t:|1776663453\n|switch|p1b: Razor|Venusaur, L50, M|100/100\n|move|p1a: Whimsicott|Encore|p2b: Cofagrigus\n|-start|p2b: Cofagrigus|Encore\n|-enditem|p2b: Cofagrigus|Mental Herb\n|-end|p2b: Cofagrigus|Encore\n|move|p2b: Cofagrigus|Destiny Bond|p2b: Cofagrigus\n|-singlemove|p2b: Cofagrigus|Destiny Bond\n|move|p2a: Clefable|Calm Mind|p2a: Clefable\n|-boost|p2a: Clefable|spa|1\n|-boost|p2a: Clefable|spd|1\n|\n|-weather|SunnyDay|[upkeep]\n|-end|p2a: Clefable|Encore\n|-sideend|p1: Anditto612|move: Tailwind\n|upkeep\n|turn|5\n|inactive|Anditto612 has 30 seconds left.\n|inactive|Anditto612 has 20 seconds left.\n|\n|t:|1776663493\n|detailschange|p2a: Clefable|Clefable-Mega, L50, M\n|-mega|p2a: Clefable|Clefable|Clefablite\n|move|p1a: Whimsicott|Encore|p2b: Cofagrigus\n|-start|p2b: Cofagrigus|Encore\n|move|p2b: Cofagrigus|Destiny Bond||[still]\n|-fail|p2b: Cofagrigus\n|move|p2a: Clefable|Air Slash|p1b: Razor\n|-supereffective|p1b: Razor|1\n|-damage|p1b: Razor|0 fnt\n|faint|p1b: Razor\n|\n|-weather|SunnyDay|[upkeep]\n|upkeep\n|\n|t:|1776663502\n|switch|p1b: Primarina|Primarina, L50, F|100/100\n|turn|6\n|\n|t:|1776663517\n|move|p2b: Cofagrigus|Destiny Bond|p2b: Cofagrigus\n|-singlemove|p2b: Cofagrigus|Destiny Bond\n|move|p1b: Primarina|Hyper Voice|p2a: Clefable|[spread] p2a,p2b\n|-damage|p2a: Clefable|96/100\n|-damage|p2b: Cofagrigus|16/100\n|move|p2a: Clefable|Air Slash|p1a: Whimsicott\n|-supereffective|p1a: Whimsicott|1\n|-enditem|p1a: Whimsicott|Focus Sash\n|-damage|p1a: Whimsicott|1/100\n|cant|p1a: Whimsicott|flinch\n|\n|-weather|SunnyDay|[upkeep]\n|upkeep\n|turn|7\n|\n|t:|1776663534\n|switch|p2b: Empoleon|Empoleon, L50, M|100/100\n|move|p1a: Whimsicott|Tailwind|p1a: Whimsicott\n|-sidestart|p1: Anditto612|move: Tailwind\n|move|p2a: Clefable|Baton Pass|p2a: Clefable\n|\n|t:|1776663544\n|switch|p2a: Cofagrigus|Cofagrigus, L50, F|16/100|[from] Baton Pass\n|move|p1b: Primarina|Calm Mind|p1b: Primarina\n|-boost|p1b: Primarina|spa|1\n|-boost|p1b: Primarina|spd|1\n|\n|-weather|none\n|-fieldend|move: Trick Room\n|upkeep\n|turn|8\n|\n|t:|1776663560\n|move|p1a: Whimsicott|Moonblast|p2a: Cofagrigus\n|-damage|p2a: Cofagrigus|6/100\n|move|p1b: Primarina|Hyper Voice|p2a: Cofagrigus|[spread] p2a,p2b\n|-resisted|p2b: Empoleon|1\n|-damage|p2a: Cofagrigus|0 fnt\n|-damage|p2b: Empoleon|74/100\n|faint|p2a: Cofagrigus\n|move|p2b: Empoleon|Flip Turn|p1a: Whimsicott\n|-resisted|p1a: Whimsicott|1\n|-damage|p1a: Whimsicott|0 fnt\n|faint|p1a: Whimsicott\n|\n|t:|1776663567\n|switch|p2b: Incineroar|Incineroar, L50, M|100/100|[from] Flip Turn\n|-ability|p2b: Incineroar|Intimidate|boost\n|-unboost|p1b: Primarina|atk|1\n|\n|upkeep\n|\n|t:|1776663570\n|switch|p1a: Igni|Typhlosion-Hisui, L50, M|100/100\n|switch|p2a: Clefable|Clefable-Mega, L50, M|96/100\n|-item|p2a: Clefable|Clefablite|[from] ability: Frisk|[of] p1a: Igni\n|-item|p2b: Incineroar|Sitrus Berry|[from] ability: Frisk|[of] p1a: Igni\n|turn|9\n|\n|t:|1776663583\n|move|p2b: Incineroar|Fake Out|p1b: Primarina\n|-damage|p1b: Primarina|82/100\n|move|p1a: Igni|Eruption|p2b: Incineroar|[spread] p2a,p2b\n|-resisted|p2b: Incineroar|1\n|-damage|p2a: Clefable|50/100\n|-damage|p2b: Incineroar|72/100\n|cant|p1b: Primarina|flinch\n|move|p2a: Clefable|Calm Mind|p2a: Clefable\n|-boost|p2a: Clefable|spa|1\n|-boost|p2a: Clefable|spd|1\n|\n|-heal|p1b: Primarina|88/100|[from] item: Leftovers\n|upkeep\n|turn|10\n|\n|t:|1776663607\n|move|p1a: Igni|Eruption|p2b: Incineroar|[spread] p2a,p2b\n|-resisted|p2b: Incineroar|1\n|-crit|p2b: Incineroar\n|-damage|p2a: Clefable|14/100\n|-damage|p2b: Incineroar|28/100\n|-enditem|p2b: Incineroar|Sitrus Berry|[eat]\n|-heal|p2b: Incineroar|53/100|[from] item: Sitrus Berry\n|move|p1b: Primarina|Hyper Voice|p2a: Clefable|[spread] p2a,p2b\n|-supereffective|p2b: Incineroar|1\n|-damage|p2a: Clefable|0 fnt\n|-damage|p2b: Incineroar|0 fnt\n|faint|p2a: Clefable\n|faint|p2b: Incineroar\n|\n|-heal|p1b: Primarina|94/100|[from] item: Leftovers\n|-sideend|p1: Anditto612|move: Tailwind\n|upkeep\n|\n|t:|1776663617\n|switch|p2b: Empoleon|Empoleon, L50, M|74/100\n|turn|11\n|\n|t:|1776663629\n|move|p1a: Igni|Eruption|p2b: Empoleon\n|-damage|p2b: Empoleon|0 fnt\n|faint|p2b: Empoleon\n|\n|win|Anditto612\n|raw|Anditto612's rating: 1091 &rarr; <strong>1111</strong><br />(+20 for winning)\n|raw|DimmaDont's rating: 1000 &rarr; <strong>1000</strong><br />(+0 for losing)\n|l|\u2606DimmaDont\n|player|p2|\n",
  "uploadtime": 1776663639,
  "views": 10,
  "formatid": "gen9championsvgc2026regma",
  "rating": 1000,
  "private": 0,
  "password": null
}