{
  "id": "gen9championsvgc2026regma-2583882933",
  "format": "[Gen 9 Champions] VGC 2026 Reg M-A",
  "players": [
    "onelly",
    "Braix2570"
  ],
  "log": "|j|\u2606onelly\n|j|\u2606Braix2570\n|t:|1776205213\n|gametype|doubles\n|player|p1|onelly|2|1106\n|player|p2|Braix2570|2|1026\n|gen|9\n|tier|[Gen 9 Champions] VGC 2026 Reg M-A\n|rated|\n|rule|Species Clause: Limit one of each Pok\u00e9mon\n|rule|Item Clause: Limit 1 of each item\n|clearpoke\n|poke|p1|Kommo-o, L50, F|\n|poke|p1|Basculegion, L50, M|\n|poke|p1|Incineroar, L50, F|\n|poke|p1|Scizor, L50, M|\n|poke|p1|Sneasler, L50, F|\n|poke|p1|Ninetales-Alola, L50, M|\n|poke|p2|Starmie, L50|\n|poke|p2|Pelipper, L50, F|\n|poke|p2|Basculegion, L50, M|\n|poke|p2|Archaludon, L50, F|\n|poke|p2|Dragonite, L50, F|\n|poke|p2|Sinistcha, L50|\n|teampreview|4\nonelly has agreed to open team sheets.\n|inactive|Battle timer is ON: inactive players will automatically lose when time's up. (requested by Braix2570)\n|\n|t:|1776205242\n|teamsize|p1|4\n|teamsize|p2|4\n|start\n|switch|p1a: Kommo-o|Kommo-o, L50, F|100/100\n|switch|p1b: Sneasler|Sneasler, L50, F|100/100\n|switch|p2a: Pelipper|Pelipper, L50, F|100/100\n|switch|p2b: Basculegion|Basculegion, L50, M|100/100\n|-weather|RainDance|[from] ability: Drizzle|[of] p2a: Pelipper\n|turn|1\n|\n|t:|1776205256\n|move|p1b: Sneasler|Fake Out|p2a: Pelipper\n|-damage|p2a: Pelipper|86/100\n|move|p2b: Basculegion|Flip Turn|p1b: Sneasler\n|-damage|p1b: Sneasler|11/100\n|\n|t:|1776205261\n|switch|p2b: Dragonite|Dragonite, L50, F|100/100|[from] Flip Turn\n|move|p1a: Kommo-o|Clangorous Soul|p1a: Kommo-o\n|-boost|p1a: Kommo-o|atk|1\n|-boost|p1a: Kommo-o|def|1\n|-boost|p1a: Kommo-o|spa|1\n|-boost|p1a: Kommo-o|spd|1\n|-boost|p1a: Kommo-o|spe|1\n|-damage|p1a: Kommo-o|68/100\n|cant|p2a: Pelipper|flinch\n|\n|-weather|RainDance|[upkeep]\n|-heal|p1a: Kommo-o|74/100|[from] item: Leftovers\n|upkeep\n|turn|2\n|\n|t:|1776205279\n|move|p2b: Dragonite|Protect|p2b: Dragonite\n|-singleturn|p2b: Dragonite|Protect\n|move|p1a: Kommo-o|Clanging Scales|p2a: Pelipper|[spread] p2a\n|-activate|p2b: Dragonite|move: Protect\n|-damage|p2a: Pelipper|14/100\n|-unboost|p1a: Kommo-o|def|1\n|move|p1b: Sneasler|Dire Claw|p2b: Dragonite\n|-activate|p2b: Dragonite|move: Protect\n|move|p2a: Pelipper|Tailwind|p2a: Pelipper\n|-sidestart|p2: Braix2570|move: Tailwind\n|\n|-weather|RainDance|[upkeep]\n|-heal|p1a: Kommo-o|80/100|[from] item: Leftovers\n|upkeep\n|turn|3\n|inactive|Braix2570 has 30 seconds left.\n|inactive|Braix2570 has 20 seconds left.\n|\n|t:|1776205316\n|detailschange|p2b: Dragonite|Dragonite-Mega, L50, F\n|-mega|p2b: Dragonite|Dragonite|Dragoninite\n|move|p2b: Dragonite|Hurricane|p1a: Kommo-o\n|-supereffective|p1a: Kommo-o|1\n|-damage|p1a: Kommo-o|0 fnt\n|faint|p1a: Kommo-o\n|move|p2a: Pelipper|Weather Ball|p1b: Sneasler\n|-damage|p1b: Sneasler|0 fnt\n|faint|p1b: Sneasler\n|\n|-weather|RainDance|[upkeep]\n|upkeep\n|\n|t:|1776205324\n|switch|p1b: Basculegion|Basculegion, L50, M|100/100\n|switch|p1a: Scizor|Scizor, L50, M|100/100\n|turn|4\n|\n|t:|1776205337\n|detailschange|p1a: Scizor|Scizor-Mega, L50, M\n|-mega|p1a: Scizor|Scizor|Scizorite\n|move|p1a: Scizor|Bullet Punch|p2a: Pelipper\n|-resisted|p2a: Pelipper|1\n|-damage|p2a: Pelipper|0 fnt\n|faint|p2a: Pelipper\n|move|p2b: Dragonite|Thunder|p1b: Basculegion\n|-supereffective|p1b: Basculegion|1\n|-damage|p1b: Basculegion|2/100\n|move|p1b: Basculegion|Last Respects|p2b: Dragonite\n|-damage|p2b: Dragonite|62/100\n|\n|-weather|RainDance|[upkeep]\n|upkeep\n|\n|t:|1776205347\n|switch|p2a: Sinistcha|Sinistcha, L50|100/100\n|-heal|p2b: Dragonite|87/100|[from] ability: Hospitality|[of] p2a: Sinistcha\n|turn|5\n|\n|t:|1776205364\n|move|p2b: Dragonite|Draco Meteor|p1a: Scizor\n|-resisted|p1a: Scizor|1\n|-damage|p1a: Scizor|65/100\n|-unboost|p2b: Dragonite|spa|2\n|move|p1b: Basculegion|Last Respects|p2b: Dragonite\n|-damage|p2b: Dragonite|16/100\n|move|p2a: Sinistcha|Matcha Gotcha|p1a: Scizor|[spread] p1a\n|-miss|p2a: Sinistcha|p1b: Basculegion\n|-resisted|p1a: Scizor|2\n|-damage|p1a: Scizor|57/100\n|move|p1a: Scizor|Bug Bite|p2a: Sinistcha\n|-damage|p2a: Sinistcha|48/100\n|-enditem|p2a: Sinistcha|Sitrus Berry|[from] stealeat|[move] Bug Bite|[of] p1a: Scizor\n|-heal|p1a: Scizor|82/100|[from] item: Sitrus Berry\n|\n|-weather|none\n|-sideend|p2: Braix2570|move: Tailwind\n|upkeep\n|turn|6\n|inactive|onelly has 30 seconds left.\n|\n|t:|1776205391\n|move|p2b: Dragonite|Protect|p2b: Dragonite\n|-singleturn|p2b: Dragonite|Protect\n|move|p1a: Scizor|Bullet Punch|p2b: Dragonite\n|-activate|p2b: Dragonite|move: Protect\n|move|p1b: Basculegion|Last Respects|p2a: Sinistcha\n|-supereffective|p2a: Sinistcha|1\n|-damage|p2a: Sinistcha|0 fnt\n|faint|p2a: Sinistcha\n|\n|upkeep\n|\n|t:|1776205399\n|switch|p2a: Basculegion|Basculegion, L50, M|100/100\n|turn|7\n|\n|t:|1776205408\n|move|p2a: Basculegion|Aqua Jet|p1b: Basculegion\n|-resisted|p1b: Basculegion|1\n|-damage|p1b: Basculegion|0 fnt\n|faint|p1b: Basculegion\n|move|p1a: Scizor|Bullet Punch|p2b: Dragonite\n|-damage|p2b: Dragonite|0 fnt\n|faint|p2b: Dragonite\n|\n|upkeep\n|turn|8\n|\n|t:|1776205423\n|move|p1a: Scizor|Bullet Punch|p2a: Basculegion\n|-resisted|p2a: Basculegion|1\n|-damage|p2a: Basculegion|74/100\n|move|p2a: Basculegion|Last Respects|p1a: Scizor\n|-damage|p1a: Scizor|2/100\n|\n|upkeep\n|turn|9\n|\n|t:|1776205431\n|move|p2a: Basculegion|Aqua Jet|p1a: Scizor\n|-damage|p1a: Scizor|0 fnt\n|faint|p1a: Scizor\n|\n|win|Braix2570\n|raw|onelly's rating: 1106 &rarr; <strong>1075</strong><br />(-31 for losing)\n|raw|Braix2570's rating: 1026 &rarr; <strong>1070</strong><br />(+44 for winning)\n|c|\u2606onelly|gg\n",
  "uploadtime": 1776205433,
  "views": 16,
  "formatid": "gen9championsvgc2026regma",
  "rating": 1070,
  "private": 0,
  "password": null
}