{
  "id": "gen9championsvgc2026regma-2583892284",
  "format": "[Gen 9 Champions] VGC 2026 Reg M-A",
  "players": [
    "carp1",
    "Gilly456"
  ],
  "log": "|j|\u2606carp1\n|j|\u2606Gilly456\n|t:|1776206001\n|gametype|doubles\n|player|p1|carp1|hilbert-wonderlauncher|1155\n|player|p2|Gilly456|102|1130\n|gen|9\n|tier|[Gen 9 Champions] VGC 2026 Reg M-A\n|rated|\n|rule|Species Clause: Limit one of each Pok\u00e9mon\n|rule|Item Clause: Limit 1 of each item\n|clearpoke\n|poke|p1|Garchomp, L50, F|\n|poke|p1|Talonflame, L50, M|\n|poke|p1|Gardevoir, L50, M|\n|poke|p1|Clefable, L50, M|\n|poke|p1|Gyarados, L50, F|\n|poke|p1|Sneasler, L50, F|\n|poke|p2|Kangaskhan, L50, F|\n|poke|p2|Volcarona, L50, F|\n|poke|p2|Scizor, L50, F|\n|poke|p2|Hydreigon, L50, F|\n|poke|p2|Gyarados, L50, F|\n|poke|p2|Aegislash, L50, F|\n|teampreview|4\n|inactive|Battle timer is ON: inactive players will automatically lose when time's up. (requested by Gilly456)\n|inactive|carp1 has 60 seconds left.\n|inactive|carp1 has 30 seconds left.\n|\n|t:|1776206063\n|teamsize|p1|4\n|teamsize|p2|4\n|start\n|switch|p1a: \u6211\u771f\u662f\u9ca4\u9c7c\u738b|Gyarados, L50, F|100/100\n|switch|p1b: \u7c89\u8272\u6076\u9b54|Clefable, L50, M|100/100\n|switch|p2a: Volcarona|Volcarona, L50, F|100/100\n|switch|p2b: Kangaskhan|Kangaskhan, L50, F, shiny|100/100\n|-ability|p1a: \u6211\u771f\u662f\u9ca4\u9c7c\u738b|Intimidate|boost\n|-unboost|p2a: Volcarona|atk|1\n|-unboost|p2b: Kangaskhan|atk|1\n|turn|1\n|inactive|carp1 has 30 seconds left.\n|inactive|carp1 has 20 seconds left.\n|inactive|Gilly456 has 30 seconds left.\n|\n|t:|1776206109\n|switch|p1a: 92\u5927\u795e|Garchomp, L50, F|100/100\n|detailschange|p2b: Kangaskhan|Kangaskhan-Mega, L50, F, shiny\n|-mega|p2b: Kangaskhan|Kangaskhan|Kangaskhanite\n|move|p2b: Kangaskhan|Fake Out|p1a: 92\u5927\u795e\n|-damage|p1a: 92\u5927\u795e|87/100\n|-damage|p2b: Kangaskhan|88/100|[from] ability: Rough Skin|[of] p1a: 92\u5927\u795e\n|-damage|p1a: 92\u5927\u795e|84/100\n|-damage|p2b: Kangaskhan|76/100|[from] ability: Rough Skin|[of] p1a: 92\u5927\u795e\n|-hitcount|p1a: 92\u5927\u795e|2\n|move|p2a: Volcarona|Struggle Bug|p1b: \u7c89\u8272\u6076\u9b54|[spread] p1a,p1b\n|-resisted|p1b: \u7c89\u8272\u6076\u9b54|1\n|-damage|p1a: 92\u5927\u795e|64/100\n|-damage|p1b: \u7c89\u8272\u6076\u9b54|93/100\n|-unboost|p1a: 92\u5927\u795e|spa|1\n|-unboost|p1b: \u7c89\u8272\u6076\u9b54|spa|1\n|move|p1b: \u7c89\u8272\u6076\u9b54|Moonlight|p1b: \u7c89\u8272\u6076\u9b54\n|-heal|p1b: \u7c89\u8272\u6076\u9b54|100/100\n|\n|upkeep\n|turn|2\n|\n|t:|1776206129\n|switch|p2b: Hydreigon|Hydreigon, L50, F, shiny|100/100\n|detailschange|p1a: 92\u5927\u795e|Garchomp-Mega, L50, F\n|-mega|p1a: 92\u5927\u795e|Garchomp|Garchompite\n|move|p1b: \u7c89\u8272\u6076\u9b54|Follow Me|p1b: \u7c89\u8272\u6076\u9b54\n|-singleturn|p1b: \u7c89\u8272\u6076\u9b54|move: Follow Me\n|move|p2a: Volcarona|Struggle Bug|p1b: \u7c89\u8272\u6076\u9b54|[spread] p1a,p1b\n|-resisted|p1b: \u7c89\u8272\u6076\u9b54|1\n|-damage|p1a: 92\u5927\u795e|48/100\n|-damage|p1b: \u7c89\u8272\u6076\u9b54|93/100\n|-unboost|p1a: 92\u5927\u795e|spa|1\n|-unboost|p1b: \u7c89\u8272\u6076\u9b54|spa|1\n|move|p1a: 92\u5927\u795e|Rock Slide|p2b: Hydreigon|[spread] p2a,p2b\n|-supereffective|p2a: Volcarona|2\n|-damage|p2a: Volcarona|0 fnt\n|-damage|p2b: Hydreigon|74/100\n|faint|p2a: Volcarona\n|\n|upkeep\n|inactive|Gilly456 has 30 seconds left.\n|inactive|Gilly456 has 20 seconds left.\n|\n|t:|1776206167\n|switch|p2a: Kangaskhan|Kangaskhan-Mega, L50, F, shiny|76/100\n|turn|3\n|\n|t:|1776206175\n|move|p1a: 92\u5927\u795e|Protect|p1a: 92\u5927\u795e\n|-singleturn|p1a: 92\u5927\u795e|Protect\n|move|p2a: Kangaskhan|Fake Out|p1a: 92\u5927\u795e\n|-activate|p1a: 92\u5927\u795e|move: Protect\n|move|p2b: Hydreigon|Tailwind|p2b: Hydreigon\n|-sidestart|p2: Gilly456|move: Tailwind\n|move|p1b: \u7c89\u8272\u6076\u9b54|Moonlight|p1b: \u7c89\u8272\u6076\u9b54\n|-heal|p1b: \u7c89\u8272\u6076\u9b54|100/100\n|\n|upkeep\n|turn|4\n|\n|t:|1776206189\n|switch|p2b: Scizor|Scizor, L50, F, shiny|100/100\n|move|p1b: \u7c89\u8272\u6076\u9b54|Follow Me|p1b: \u7c89\u8272\u6076\u9b54\n|-singleturn|p1b: \u7c89\u8272\u6076\u9b54|move: Follow Me\n|move|p2a: Kangaskhan|Double-Edge|p1b: \u7c89\u8272\u6076\u9b54\n|-damage|p1b: \u7c89\u8272\u6076\u9b54|42/100\n|-damage|p1b: \u7c89\u8272\u6076\u9b54|30/100\n|-hitcount|p1b: \u7c89\u8272\u6076\u9b54|2\n|-damage|p2a: Kangaskhan|52/100|[from] Recoil\n|move|p1a: 92\u5927\u795e|Dragon Claw|p2b: Scizor\n|-resisted|p2b: Scizor|1\n|-damage|p2b: Scizor|77/100\n|\n|upkeep\n|turn|5\n|\n|t:|1776206211\n|move|p1a: 92\u5927\u795e|Protect|p1a: 92\u5927\u795e\n|-singleturn|p1a: 92\u5927\u795e|Protect\n|move|p2a: Kangaskhan|Double-Edge|p1b: \u7c89\u8272\u6076\u9b54\n|-damage|p1b: \u7c89\u8272\u6076\u9b54|0 fnt\n|faint|p1b: \u7c89\u8272\u6076\u9b54\n|-hitcount|p1: \u7c89\u8272\u6076\u9b54|1\n|-damage|p2a: Kangaskhan|42/100|[from] Recoil\n|move|p2b: Scizor|Knock Off|p1a: 92\u5927\u795e\n|-activate|p1a: 92\u5927\u795e|move: Protect\n|\n|upkeep\n|\n|t:|1776206228\n|switch|p1b: \u6211\u771f\u662f\u9ca4\u9c7c\u738b|Gyarados, L50, F|100/100\n|-ability|p1b: \u6211\u771f\u662f\u9ca4\u9c7c\u738b|Intimidate|boost\n|-unboost|p2a: Kangaskhan|atk|1\n|-unboost|p2b: Scizor|atk|1\n|-enditem|p2b: Scizor|White Herb\n|-clearnegativeboost|p2b: Scizor|[silent]\n|turn|6\n|\n|t:|1776206245\n|switch|p1a: \u62f3\u6253\u8d85\u68a6|Sneasler, L50, F|100/100\n|-ability|p1a: \u62f3\u6253\u8d85\u68a6|Pressure\n|move|p2a: Kangaskhan|Double-Edge|p1a: \u62f3\u6253\u8d85\u68a6\n|-damage|p1a: \u62f3\u6253\u8d85\u68a6|20/100\n|-damage|p1a: \u62f3\u6253\u8d85\u68a6|2/100\n|-hitcount|p1a: \u62f3\u6253\u8d85\u68a6|2\n|-damage|p2a: Kangaskhan|15/100|[from] Recoil\n|move|p2b: Scizor|Knock Off|p1a: \u62f3\u6253\u8d85\u68a6\n|-resisted|p1a: \u62f3\u6253\u8d85\u68a6|1\n|-damage|p1a: \u62f3\u6253\u8d85\u68a6|0 fnt\n|-enditem|p1a: \u62f3\u6253\u8d85\u68a6|White Herb|[from] move: Knock Off|[of] p2b: Scizor\n|faint|p1a: \u62f3\u6253\u8d85\u68a6\n|move|p1b: \u6211\u771f\u662f\u9ca4\u9c7c\u738b|Dragon Dance|p1b: \u6211\u771f\u662f\u9ca4\u9c7c\u738b\n|-boost|p1b: \u6211\u771f\u662f\u9ca4\u9c7c\u738b|atk|1\n|-boost|p1b: \u6211\u771f\u662f\u9ca4\u9c7c\u738b|spe|1\n|\n|-sideend|p2: Gilly456|move: Tailwind\n|upkeep\n|\n|t:|1776206257\n|switch|p1a: 92\u5927\u795e|Garchomp-Mega, L50, F|48/100\n|turn|7\n|\n|t:|1776206270\n|switch|p2a: Hydreigon|Hydreigon, L50, F, shiny|74/100\n|move|p1a: 92\u5927\u795e|Protect|p1a: 92\u5927\u795e\n|-singleturn|p1a: 92\u5927\u795e|Protect\n|move|p1b: \u6211\u771f\u662f\u9ca4\u9c7c\u738b|Waterfall|p2b: Scizor\n|-damage|p2b: Scizor|23/100\n|move|p2b: Scizor|Knock Off|p1a: 92\u5927\u795e\n|-activate|p1a: 92\u5927\u795e|move: Protect\n|\n|upkeep\n|turn|8\n|\n|t:|1776206293\n|move|p2b: Scizor|Bullet Punch|p1b: \u6211\u771f\u662f\u9ca4\u9c7c\u738b\n|-resisted|p1b: \u6211\u771f\u662f\u9ca4\u9c7c\u738b|1\n|-damage|p1b: \u6211\u771f\u662f\u9ca4\u9c7c\u738b|79/100\n|move|p1b: \u6211\u771f\u662f\u9ca4\u9c7c\u738b|Waterfall|p2b: Scizor\n|-damage|p2b: Scizor|0 fnt\n|faint|p2b: Scizor\n|move|p2a: Hydreigon|Tailwind|p2a: Hydreigon\n|-sidestart|p2: Gilly456|move: Tailwind\n|move|p1a: 92\u5927\u795e|Dragon Claw|p2a: Hydreigon\n|-supereffective|p2a: Hydreigon|1\n|-damage|p2a: Hydreigon|0 fnt\n|faint|p2a: Hydreigon\n|\n|upkeep\n|\n|t:|1776206297\n|switch|p2b: Kangaskhan|Kangaskhan-Mega, L50, F, shiny|15/100\n|turn|9\n|-message|Gilly456 forfeited.\n|\n|win|carp1\n|raw|carp1's rating: 1155 &rarr; <strong>1178</strong><br />(+23 for winning)\n|raw|Gilly456's rating: 1130 &rarr; <strong>1107</strong><br />(-23 for losing)\n|l|\u2606Gilly456\n|player|p2|\n",
  "uploadtime": 1776206307,
  "views": 15,
  "formatid": "gen9championsvgc2026regma",
  "rating": 1107,
  "private": 0,
  "password": null
}