{
  "id": "gen9championsvgc2026regma-2586625686",
  "format": "[Gen 9 Champions] VGC 2026 Reg M-A",
  "players": [
    "orionsayshi",
    "helioxz"
  ],
  "log": "|j|\u2606orionsayshi\n|j|\u2606helioxz\n|t:|1776447751\n|gametype|doubles\n|player|p1|orionsayshi|elesa|1085\n|player|p2|helioxz|2|1000\n|gen|9\n|tier|[Gen 9 Champions] VGC 2026 Reg M-A\n|rated|\n|rule|Species Clause: Limit one of each Pok\u00e9mon\n|rule|Item Clause: Limit 1 of each item\n|clearpoke\n|poke|p1|Incineroar, L50, F|\n|poke|p1|Gengar, L50, M|\n|poke|p1|Sableye, L50, M|\n|poke|p1|Arcanine-Hisui, L50, M|\n|poke|p1|Bellibolt, L50, M|\n|poke|p1|Sinistcha, L50|\n|poke|p2|Meganium, L50, F|\n|poke|p2|Pelipper, L50, M|\n|poke|p2|Archaludon, L50, F|\n|poke|p2|Basculegion, L50, M|\n|poke|p2|Politoed, L50, M|\n|poke|p2|Rotom-Wash, L50|\n|teampreview|4\n|inactive|Battle timer is ON: inactive players will automatically lose when time's up. (requested by orionsayshi)\n|\n|t:|1776447791\n|teamsize|p1|4\n|teamsize|p2|4\n|start\n|switch|p1a: Gengar|Gengar, L50, M|100/100\n|switch|p1b: Bellibolt|Bellibolt, L50, M|100/100\n|switch|p2a: Pelipper|Pelipper, L50, M|100/100\n|switch|p2b: Meganium|Meganium, L50, F|100/100\n|-weather|RainDance|[from] ability: Drizzle|[of] p2a: Pelipper\n|turn|1\n|inactive|helioxz has 30 seconds left.\n|\n|t:|1776447817\n|detailschange|p1a: Gengar|Gengar-Mega, L50, M\n|-mega|p1a: Gengar|Gengar|Gengarite\n|detailschange|p2b: Meganium|Meganium-Mega, L50, F\n|-mega|p2b: Meganium|Meganium|Meganiumite\n|move|p1a: Gengar|Protect|p1a: Gengar\n|-singleturn|p1a: Gengar|Protect\n|move|p2b: Meganium|Weather Ball|p1a: Gengar\n|-activate|p1a: Gengar|move: Protect\n|move|p2a: Pelipper|Tailwind|p2a: Pelipper\n|-sidestart|p2: helioxz|move: Tailwind\n|move|p1b: Bellibolt|Parabolic Charge|p2b: Meganium|[spread] p2a,p2b\n|-activate|p1a: Gengar|move: Protect\n|-supereffective|p2a: Pelipper|2\n|-resisted|p2b: Meganium|1\n|-enditem|p2a: Pelipper|Focus Sash\n|-damage|p2a: Pelipper|1/100\n|-damage|p2b: Meganium|88/100\n|\n|-weather|RainDance|[upkeep]\n|upkeep\n|turn|2\n|inactive|orionsayshi has 30 seconds left.\n|inactive|helioxz has 30 seconds left.\n|\n|t:|1776447852\n|switch|p1a: Incineroar|Incineroar, L50, F|100/100\n|-ability|p1a: Incineroar|Intimidate|boost\n|-unboost|p2a: Pelipper|atk|1\n|-unboost|p2b: Meganium|atk|1\n|move|p2b: Meganium|Ancient Power|p1b: Bellibolt\n|-crit|p1b: Bellibolt\n|-damage|p1b: Bellibolt|63/100\n|-start|p1b: Bellibolt|Charge|Ancient Power|[from] ability: Electromorphosis\n|move|p2a: Pelipper|Weather Ball|p1a: Incineroar\n|-supereffective|p1a: Incineroar|1\n|-damage|p1a: Incineroar|7/100\n|move|p1b: Bellibolt|Parabolic Charge|p2b: Meganium|[spread] p1a,p2a,p2b\n|-supereffective|p2a: Pelipper|2\n|-resisted|p2b: Meganium|1\n|-damage|p1a: Incineroar|0 fnt\n|-heal|p1b: Bellibolt|66/100|[from] drain|[of] p1a: Incineroar\n|-damage|p2a: Pelipper|0 fnt\n|-heal|p1b: Bellibolt|66/100|[from] drain|[of] p2a: Pelipper\n|-damage|p2b: Meganium|63/100\n|-heal|p1b: Bellibolt|75/100|[from] drain|[of] p2b: Meganium\n|faint|p1a: Incineroar\n|faint|p2a: Pelipper\n|-end|p1b: Bellibolt|Charge|[silent]\n|\n|-weather|RainDance|[upkeep]\n|upkeep\n|\n|t:|1776447873\n|switch|p2a: Politoed|Politoed, L50, M|100/100\n|switch|p1a: Sinistcha|Sinistcha, L50|100/100\n|-heal|p1b: Bellibolt|100/100|[from] ability: Hospitality|[of] p1a: Sinistcha\n|turn|3\n|\n|t:|1776447887\n|move|p1a: Sinistcha|Protect|p1a: Sinistcha\n|-singleturn|p1a: Sinistcha|Protect\n|move|p2b: Meganium|Weather Ball|p1a: Sinistcha\n|-activate|p1a: Sinistcha|move: Protect\n|move|p2a: Politoed|Icy Wind|p1a: Sinistcha|[spread] p1b\n|-activate|p1a: Sinistcha|move: Protect\n|-damage|p1b: Bellibolt|93/100\n|-unboost|p1b: Bellibolt|spe|1\n|-start|p1b: Bellibolt|Charge|Icy Wind|[from] ability: Electromorphosis\n|move|p1b: Bellibolt|Parabolic Charge|p2a: Politoed|[spread] p2a,p2b\n|-activate|p1a: Sinistcha|move: Protect\n|-supereffective|p2a: Politoed|1\n|-resisted|p2b: Meganium|1\n|-damage|p2a: Politoed|23/100\n|-heal|p1b: Bellibolt|100/100|[from] drain|[of] p2a: Politoed\n|-damage|p2b: Meganium|38/100\n|-enditem|p2a: Politoed|Sitrus Berry|[eat]\n|-heal|p2a: Politoed|48/100|[from] item: Sitrus Berry\n|-end|p1b: Bellibolt|Charge|[silent]\n|\n|-weather|RainDance|[upkeep]\n|upkeep\n|turn|4\n|inactive|orionsayshi has 30 seconds left.\n|\n|t:|1776447912\n|move|p2a: Politoed|Protect|p2a: Politoed\n|-singleturn|p2a: Politoed|Protect\n|move|p1a: Sinistcha|Protect||[still]\n|-fail|p1a: Sinistcha\n|move|p2b: Meganium|Weather Ball|p1a: Sinistcha\n|-supereffective|p1a: Sinistcha|1\n|-damage|p1a: Sinistcha|0 fnt\n|faint|p1a: Sinistcha\n|move|p1b: Bellibolt|Parabolic Charge|p2a: Politoed|[spread] p2b\n|-activate|p2a: Politoed|move: Protect\n|-resisted|p2b: Meganium|1\n|-damage|p2b: Meganium|27/100\n|\n|-weather|RainDance|[upkeep]\n|-sideend|p2: helioxz|move: Tailwind\n|upkeep\n|\n|t:|1776447917\n|switch|p1a: Gengar|Gengar-Mega, L50, M|100/100\n|turn|5\n|inactive|helioxz has 30 seconds left.\n|\n|t:|1776447951\n|move|p2a: Politoed|Helping Hand|p2b: Meganium\n|-singleturn|p2b: Meganium|Helping Hand|[of] p2a: Politoed\n|move|p1a: Gengar|Shadow Ball|p2b: Meganium\n|-damage|p2b: Meganium|0 fnt\n|faint|p2b: Meganium\n|move|p1b: Bellibolt|Volt Switch|p2a: Politoed\n|-supereffective|p2a: Politoed|1\n|-damage|p2a: Politoed|0 fnt\n|faint|p2a: Politoed\n|\n|-weather|none\n|upkeep\n|\n|t:|1776447960\n|switch|p2b: Basculegion|Basculegion, L50, M|100/100\n|turn|6\n|\n|t:|1776447971\n|move|p1a: Gengar|Shadow Ball|p2b: Basculegion\n|-supereffective|p2b: Basculegion|1\n|-damage|p2b: Basculegion|4/100\n|move|p2b: Basculegion|Last Respects|p1a: Gengar\n|-supereffective|p1a: Gengar|1\n|-damage|p1a: Gengar|0 fnt\n|faint|p1a: Gengar\n|move|p1b: Bellibolt|Volt Switch|p2b: Basculegion\n|-supereffective|p2b: Basculegion|1\n|-damage|p2b: Basculegion|0 fnt\n|faint|p2b: Basculegion\n|\n|win|orionsayshi\n|raw|orionsayshi's rating: 1085 &rarr; <strong>1106</strong><br />(+21 for winning)\n|raw|helioxz's rating: 1000 &rarr; <strong>1000</strong><br />(+0 for losing)\n|l|\u2606helioxz\n|player|p2|\n",
  "uploadtime": 1776447978,
  "views": 26,
  "formatid": "gen9championsvgc2026regma",
  "rating": 1000,
  "private": 0,
  "password": null
}