{
  "id": "gen9championsvgc2026regma-2585078028",
  "format": "[Gen 9 Champions] VGC 2026 Reg M-A",
  "players": [
    "GlitchRyuu",
    "zalamander16"
  ],
  "log": "|j|\u2606GlitchRyuu\n|j|\u2606zalamander16\n|t:|1776309455\n|gametype|doubles\n|player|p1|GlitchRyuu|cynthia|1000\n|player|p2|zalamander16|265|1000\n|gen|9\n|tier|[Gen 9 Champions] VGC 2026 Reg M-A\n|rated|\n|rule|Species Clause: Limit one of each Pok\u00e9mon\n|rule|Item Clause: Limit 1 of each item\n|clearpoke\n|poke|p1|Steelix, L50, F|\n|poke|p1|Alakazam, L50, F|\n|poke|p1|Abomasnow, L50, F|\n|poke|p1|Glaceon, L50, M|\n|poke|p1|Tyranitar, L50, M|\n|poke|p1|Goodra-Hisui, L50, F|\n|poke|p2|Steelix, L50, M|\n|poke|p2|Drampa, L50, M|\n|poke|p2|Armarouge, L50, M|\n|poke|p2|Tyranitar, L50, M|\n|poke|p2|Toucannon, L50, M|\n|poke|p2|Aromatisse, L50, M|\n|teampreview|4\nzalamander16 has agreed to open team sheets.\n|\n|t:|1776309494\n|teamsize|p1|4\n|teamsize|p2|4\n|start\n|switch|p1a: Steelix|Steelix, L50, F|100/100\n|switch|p1b: Alakazam|Alakazam, L50, F|100/100\n|switch|p2a: Aromatisse|Aromatisse, L50, M|100/100\n|switch|p2b: Steelix|Steelix, L50, M|100/100\n|turn|1\n|inactive|Battle timer is ON: inactive players will automatically lose when time's up. (requested by zalamander16)\n|\n|t:|1776309525\n|detailschange|p2b: Steelix|Steelix-Mega, L50, M\n|-mega|p2b: Steelix|Steelix|Steelixite\n|detailschange|p1a: Steelix|Steelix-Mega, L50, F\n|-mega|p1a: Steelix|Steelix|Steelixite\n|move|p1b: Alakazam|Speed Swap|p1a: Steelix\n|-activate|p1b: Alakazam|move: Speed Swap|[of] p1a: Steelix\n|move|p1a: Steelix|Earthquake|p2a: Aromatisse|[spread] p1b,p2a,p2b\n|-supereffective|p2b: Steelix|1\n|-enditem|p1b: Alakazam|Focus Sash\n|-damage|p1b: Alakazam|1/100\n|-damage|p2a: Aromatisse|55/100\n|-damage|p2b: Steelix|57/100\n|move|p2b: Steelix|Iron Defense|p2b: Steelix\n|-boost|p2b: Steelix|def|2\n|move|p2a: Aromatisse|Trick Room|p2a: Aromatisse\n|-fieldstart|move: Trick Room|[of] p2a: Aromatisse\n|\n|upkeep\n|turn|2\n|inactive|GlitchRyuu has 30 seconds left.\n|\n|t:|1776309560\n|move|p2a: Aromatisse|Moonblast|p1b: Alakazam\n|-damage|p1b: Alakazam|0 fnt\n|faint|p1b: Alakazam\n|move|p2b: Steelix|Body Press|p1a: Steelix\n|-supereffective|p1a: Steelix|1\n|-damage|p1a: Steelix|11/100\n|move|p1a: Steelix|Earthquake|p2b: Steelix|[spread] p2a,p2b\n|-supereffective|p2b: Steelix|1\n|-damage|p2a: Aromatisse|11/100\n|-damage|p2b: Steelix|33/100\n|\n|upkeep\n|\n|t:|1776309575\n|switch|p1b: Goodra|Goodra-Hisui, L50, F|100/100\n|turn|3\n|\n|t:|1776309590\n|switch|p1a: Tyranitar|Tyranitar, L50, M|100/100\n|-weather|Sandstorm|[from] ability: Sand Stream|[of] p1a: Tyranitar\n|move|p2a: Aromatisse|Heal Pulse|p2b: Steelix\n|-heal|p2b: Steelix|83/100\n|move|p2b: Steelix|Earthquake|p1a: Tyranitar|[spread] p2a,p1a,p1b\n|-supereffective|p1a: Tyranitar|1\n|-supereffective|p1b: Goodra|1\n|-damage|p2a: Aromatisse|0 fnt\n|-damage|p1a: Tyranitar|28/100\n|-damage|p1b: Goodra|16/100\n|faint|p2a: Aromatisse\n|move|p1b: Goodra|Curse|p1b: Goodra\n|-unboost|p1b: Goodra|spe|1\n|-boost|p1b: Goodra|atk|1\n|-boost|p1b: Goodra|def|1\n|\n|-weather|Sandstorm|[upkeep]\n|-heal|p1b: Goodra|22/100|[from] item: Leftovers\n|upkeep\n|\n|t:|1776309611\n|switch|p2a: Armarouge|Armarouge, L50, M|100/100\n|turn|4\n|inactive|GlitchRyuu has 30 seconds left.\n|\n|t:|1776309644\n|move|p2a: Armarouge|Protect|p2a: Armarouge\n|-singleturn|p2a: Armarouge|Protect\n|move|p1b: Goodra|Body Press|p2b: Steelix\n|-supereffective|p2b: Steelix|1\n|-damage|p2b: Steelix|69/100\n|move|p2b: Steelix|Earthquake|p1a: Tyranitar|[spread] p1a,p1b\n|-activate|p2a: Armarouge|move: Protect\n|-supereffective|p1a: Tyranitar|1\n|-supereffective|p1b: Goodra|1\n|-damage|p1a: Tyranitar|0 fnt\n|-damage|p1b: Goodra|0 fnt\n|faint|p1a: Tyranitar\n|faint|p1b: Goodra\n|\n|-weather|Sandstorm|[upkeep]\n|-damage|p2a: Armarouge|94/100|[from] Sandstorm\n|upkeep\n|\n|t:|1776309662\n|switch|p1a: Steelix|Steelix-Mega, L50, F|11/100\n|turn|5\n|c|\u2606zalamander16|I don't think this worked out very well for you\n|\n|t:|1776309672\n|move|p1a: Steelix|Earthquake|p2b: Steelix|[spread] p2a,p2b\n|-supereffective|p2a: Armarouge|1\n|-supereffective|p2b: Steelix|1\n|-damage|p2a: Armarouge|0 fnt\n|-damage|p2b: Steelix|43/100\n|faint|p2a: Armarouge\n|move|p2b: Steelix|Body Press|p1a: Steelix\n|-supereffective|p1a: Steelix|1\n|-damage|p1a: Steelix|0 fnt\n|faint|p1a: Steelix\n|\n|win|zalamander16\n|raw|GlitchRyuu's rating: 1000 &rarr; <strong>1000</strong><br />(+0 for losing)\n|raw|zalamander16's rating: 1000 &rarr; <strong>1040</strong><br />(+40 for winning)\n|l|\u2606GlitchRyuu\n|player|p1|\n",
  "uploadtime": 1776309683,
  "views": 38,
  "formatid": "gen9championsvgc2026regma",
  "rating": 1000,
  "private": 0,
  "password": null
}