{
  "id": "gen9championsvgc2026regma-2585126425",
  "format": "[Gen 9 Champions] VGC 2026 Reg M-A",
  "players": [
    "TonyMacaroni5678",
    "StargazerSbpr"
  ],
  "log": "|j|\u2606TonyMacaroni5678\n|j|\u2606StargazerSbpr\n|t:|1776314876\n|gametype|doubles\n|player|p1|TonyMacaroni5678|101|1080\n|player|p2|StargazerSbpr|fantina|1109\n|gen|9\n|tier|[Gen 9 Champions] VGC 2026 Reg M-A\n|rated|\n|rule|Species Clause: Limit one of each Pok\u00e9mon\n|rule|Item Clause: Limit 1 of each item\n|clearpoke\n|poke|p1|Glimmora, L50, F|\n|poke|p1|Decidueye-Hisui, L50, M|\n|poke|p1|Palafin, L50, M|\n|poke|p1|Ninetales-Alola, L50, M|\n|poke|p1|Whimsicott, L50, F|\n|poke|p1|Arcanine-Hisui, L50, M|\n|poke|p2|Golurk, L50|\n|poke|p2|Orthworm, L50, M|\n|poke|p2|Farigiraf, L50, M|\n|poke|p2|Toucannon, L50, M|\n|poke|p2|Maushold-Four, L50|\n|poke|p2|Hatterene, L50, F|\n|teampreview|4\n|inactive|Battle timer is ON: inactive players will automatically lose when time's up. (requested by TonyMacaroni5678)\nTonyMacaroni5678 has agreed to open team sheets.\nStargazerSbpr has agreed to open team sheets.\n|showteam|p1|Glimmora||Glimmoranite|ToxicDebris|SpikyShield,SludgeBomb,PowerGem,EarthPower|||F|||50|]Decidueye-Hisui||ScopeLens|Scrappy|SuckerPunch,LeafBlade,TripleArrows,Protect|||M|||50|]Palafin||SitrusBerry|ZerotoHero|JetPunch,Protect,WaveCrash,FlipTurn|||M|||50|]Ninetales-Alola||BabiriBerry|SnowWarning|AuroraVeil,Blizzard,IcyWind,DazzlingGleam|||M|||50|]Whimsicott||FocusSash|Prankster|Tailwind,Taunt,Encore,Moonblast|||F|||50|]Arcanine-Hisui||WhiteHerb|Intimidate|Protect,RockSlide,FlareBlitz,ExtremeSpeed|||M|||50|\n|showteam|p2|Golurk||Golurkite|IronFist|Earthquake,Poltergeist,Protect,RockSlide||||||50|]Orthworm||SitrusBerry|EarthEater|Protect,ShedTail,IronHead,HelpingHand|||M|||50|]Farigiraf||MentalHerb|ArmorTail|HyperVoice,Protect,TrickRoom,HelpingHand|||M|||50|]Toucannon||SharpBeak|SkillLink|BulletSeed,BraveBird,RockBlast,Protect|||M|||50|]Maushold-Four||FocusSash|FriendGuard|FollowMe,AfterYou,Encore,PopulationBomb||||||50|]Hatterene||BabiriBerry|MagicBounce|TrickRoom,DazzlingGleam,Protect,MysticalFire|||F|||50|\n|inactive|TonyMacaroni5678 has 60 seconds left.\n|\n|t:|1776314913\n|teamsize|p1|4\n|teamsize|p2|4\n|start\n|switch|p1a: Decidueye|Decidueye-Hisui, L50, M|100/100\n|switch|p1b: Glimmora|Glimmora, L50, F|100/100\n|switch|p2a: Farigiraf|Farigiraf, L50, M|100/100\n|switch|p2b: Orthworm|Orthworm, L50, M|100/100\n|turn|1\n|\n|t:|1776314937\n|detailschange|p1b: Glimmora|Glimmora-Mega, L50, F\n|-mega|p1b: Glimmora|Glimmora|Glimmoranite\n|move|p1b: Glimmora|Power Gem|p2a: Farigiraf\n|-damage|p2a: Farigiraf|54/100\n|move|p2b: Orthworm|Shed Tail|p2b: Orthworm\n|-start|p2b: Orthworm|Substitute|[from] move: Shed Tail\n|-damage|p2b: Orthworm|50/100\n|-enditem|p2b: Orthworm|Sitrus Berry|[eat]\n|-heal|p2b: Orthworm|75/100|[from] item: Sitrus Berry\n|\n|t:|1776314947\n|switch|p2b: Golurk|Golurk, L50|100/100|[from] Shed Tail\n|move|p1a: Decidueye|Triple Arrows|p2b: Golurk\n|-end|p2b: Golurk|Substitute\n|move|p2a: Farigiraf|Trick Room|p2a: Farigiraf\n|-fieldstart|move: Trick Room|[of] p2a: Farigiraf\n|\n|upkeep\n|turn|2\n|inactive|StargazerSbpr has 30 seconds left.\n|\n|t:|1776314974\n|switch|p2a: Toucannon|Toucannon, L50, M|100/100\n|switch|p1a: Arcanine|Arcanine-Hisui, L50, M|100/100\n|-ability|p1a: Arcanine|Intimidate|boost\n|-unboost|p2a: Toucannon|atk|1\n|-unboost|p2b: Golurk|atk|1\n|switch|p1b: Palafin|Palafin, L50, M|100/100\n|detailschange|p2b: Golurk|Golurk-Mega, L50\n|-mega|p2b: Golurk|Golurk|Golurkite\n|move|p2b: Golurk|Poltergeist|p1a: Arcanine\n|-activate|p1a: Arcanine|move: Poltergeist|White Herb\n|-damage|p1a: Arcanine|46/100\n|\n|upkeep\n|turn|3\n|inactive|StargazerSbpr has 30 seconds left.\n|\n|t:|1776314999\n|move|p1b: Palafin|Protect|p1b: Palafin\n|-singleturn|p1b: Palafin|Protect\n|move|p1a: Arcanine|Protect|p1a: Arcanine\n|-singleturn|p1a: Arcanine|Protect\n|move|p2a: Toucannon|Bullet Seed|p1b: Palafin\n|-activate|p1b: Palafin|move: Protect\n|move|p2b: Golurk|Earthquake|p1a: Arcanine|[spread] \n|-activate|p1a: Arcanine|move: Protect\n|-activate|p1b: Palafin|move: Protect\n|-immune|p2a: Toucannon\n|\n|upkeep\n|turn|4\n|\n|t:|1776315022\n|move|p1a: Arcanine|Extreme Speed|p2a: Toucannon\n|-damage|p2a: Toucannon|73/100\n|move|p2a: Toucannon|Brave Bird|p1b: Palafin\n|-damage|p1b: Palafin|27/100\n|-enditem|p1b: Palafin|Sitrus Berry|[eat]\n|-heal|p1b: Palafin|52/100|[from] item: Sitrus Berry\n|-damage|p2a: Toucannon|50/100|[from] Recoil\n|move|p2b: Golurk|Earthquake|p1a: Arcanine|[spread] p1a,p1b\n|-immune|p2a: Toucannon\n|-supereffective|p1a: Arcanine|2\n|-damage|p1a: Arcanine|0 fnt\n|-damage|p1b: Palafin|8/100\n|faint|p1a: Arcanine\n|move|p1b: Palafin|Flip Turn|p2b: Golurk\n|-supereffective|p2b: Golurk|1\n|-damage|p2b: Golurk|61/100\n|\n|t:|1776315041\n|detailschange|p1b: Palafin|Palafin-Hero, L50, M\n|switch|p1b: Glimmora|Glimmora-Mega, L50, F|100/100|[from] Flip Turn\n|\n|upkeep\n|\n|t:|1776315047\n|switch|p1a: Palafin|Palafin-Hero, L50, M|8/100\n|-activate|p1a: Palafin|ability: Zero to Hero\n|turn|5\n|\n|t:|1776315056\n|switch|p2b: Farigiraf|Farigiraf, L50, M|54/100\n|move|p1a: Palafin|Jet Punch||[still]\n|cant|p2b: Farigiraf|ability: Armor Tail|Jet Punch|[of] p1a: Palafin\n|move|p2a: Toucannon|Bullet Seed|p1a: Palafin\n|-supereffective|p1a: Palafin|1\n|-damage|p1a: Palafin|0 fnt\n|faint|p1a: Palafin\n|-hitcount|p1: Palafin|1\n|move|p1b: Glimmora|Power Gem|p2a: Toucannon\n|-supereffective|p2a: Toucannon|1\n|-damage|p2a: Toucannon|0 fnt\n|faint|p2a: Toucannon\n|\n|-fieldend|move: Trick Room\n|upkeep\n|\n|t:|1776315069\n|switch|p1a: Decidueye|Decidueye-Hisui, L50, M|100/100\n|switch|p2a: Orthworm|Orthworm, L50, M|75/100\n|turn|6\n|inactive|StargazerSbpr has 30 seconds left.\n|\n|t:|1776315100\n|move|p1b: Glimmora|Sludge Bomb|p2b: Farigiraf\n|-damage|p2b: Farigiraf|4/100\n|move|p2a: Orthworm|Shed Tail|p2a: Orthworm\n|-start|p2a: Orthworm|Substitute|[from] move: Shed Tail\n|-damage|p2a: Orthworm|25/100\n|\n|t:|1776315108\n|switch|p2a: Golurk|Golurk-Mega, L50|61/100|[from] Shed Tail\n|move|p1a: Decidueye|Triple Arrows|p2b: Farigiraf\n|-crit|p2b: Farigiraf\n|-damage|p2b: Farigiraf|0 fnt\n|faint|p2b: Farigiraf\n|\n|upkeep\n|\n|t:|1776315114\n|switch|p2b: Orthworm|Orthworm, L50, M|25/100\n|turn|7\n|\n|t:|1776315129\n|move|p2b: Orthworm|Helping Hand|p2a: Golurk\n|-singleturn|p2a: Golurk|Helping Hand|[of] p2b: Orthworm\n|move|p1b: Glimmora|Power Gem|p2a: Golurk\n|-resisted|p2a: Golurk|1\n|-crit|p2a: Golurk\n|-end|p2a: Golurk|Substitute\n|move|p1a: Decidueye|Triple Arrows|p2a: Golurk\n|-crit|p2a: Golurk\n|-damage|p2a: Golurk|5/100\n|move|p2a: Golurk|Earthquake|p1b: Glimmora|[spread] p1a,p1b\n|-heal|p2b: Orthworm|50/100|[from] ability: Earth Eater|[of] p2a: Golurk\n|-resisted|p1a: Decidueye|1\n|-supereffective|p1b: Glimmora|2\n|-damage|p1a: Decidueye|63/100\n|-damage|p1b: Glimmora|0 fnt\n|faint|p1b: Glimmora\n|\n|upkeep\n|turn|8\n|\n|t:|1776315147\n|move|p2a: Golurk|Protect|p2a: Golurk\n|-singleturn|p2a: Golurk|Protect\n|move|p1a: Decidueye|Sucker Punch||[still]\n|-fail|p1a: Decidueye\n|move|p2b: Orthworm|Iron Head|p1a: Decidueye\n|-damage|p1a: Decidueye|37/100\n|\n|upkeep\n|turn|9\n|\n|t:|1776315158\n|move|p1a: Decidueye|Sucker Punch|p2a: Golurk\n|-supereffective|p2a: Golurk|1\n|-crit|p2a: Golurk\n|-damage|p2a: Golurk|0 fnt\n|faint|p2a: Golurk\n|move|p2b: Orthworm|Iron Head|p1a: Decidueye\n|-damage|p1a: Decidueye|11/100\n|\n|upkeep\n|turn|10\n|\n|t:|1776315169\n|move|p2b: Orthworm|Iron Head|p1a: Decidueye\n|-damage|p1a: Decidueye|0 fnt\n|faint|p1a: Decidueye\n|\n|win|StargazerSbpr\n|raw|TonyMacaroni5678's rating: 1080 &rarr; <strong>1060</strong><br />(-20 for losing)\n|raw|StargazerSbpr's rating: 1109 &rarr; <strong>1132</strong><br />(+23 for winning)\n",
  "uploadtime": 1776315174,
  "views": 28,
  "formatid": "gen9championsvgc2026regma",
  "rating": 1060,
  "private": 0,
  "password": null
}