{
  "id": "gen9championsvgc2026regma-2587355071",
  "format": "[Gen 9 Champions] VGC 2026 Reg M-A",
  "players": [
    "Epolosos",
    "owningace4"
  ],
  "log": "|j|\u2606Epolosos\n|j|\u2606owningace4\n|t:|1776524790\n|gametype|doubles\n|player|p1|Epolosos|101|1115\n|player|p2|owningace4|2|1127\n|gen|9\n|tier|[Gen 9 Champions] VGC 2026 Reg M-A\n|rated|\n|rule|Species Clause: Limit one of each Pok\u00e9mon\n|rule|Item Clause: Limit 1 of each item\n|clearpoke\n|poke|p1|Glimmora, L50, F|\n|poke|p1|Ninetales-Alola, L50, F|\n|poke|p1|Gyarados, L50, M|\n|poke|p1|Garchomp, L50, F|\n|poke|p1|Volcarona, L50, M|\n|poke|p1|Corviknight, L50, M|\n|poke|p2|Lucario, L50, M|\n|poke|p2|Whimsicott, L50, F, shiny|\n|poke|p2|Sneasler, L50, M|\n|poke|p2|Mamoswine, L50, F|\n|poke|p2|Basculegion, L50, M|\n|poke|p2|Delphox, L50, F|\n|teampreview|4\n|inactive|Battle timer is ON: inactive players will automatically lose when time's up. (requested by Epolosos)\n|inactive|Epolosos has 60 seconds left.\n|inactive|owningace4 has 60 seconds left.\n|\n|t:|1776524834\n|teamsize|p1|4\n|teamsize|p2|4\n|start\n|switch|p1a: Glimmora|Glimmora, L50, F|100/100\n|switch|p1b: Garchomp|Garchomp, L50, F|100/100\n|switch|p2a: Sneasler|Sneasler, L50, M|100/100\n|switch|p2b: Lucario|Lucario, L50, M|100/100\n|turn|1\n|\n|t:|1776524849\n|switch|p1a: Gyarados|Gyarados, L50, M|100/100\n|-ability|p1a: Gyarados|Intimidate|boost\n|-unboost|p2a: Sneasler|atk|1\n|-fail|p2b: Lucario|unboost|Attack|[from] ability: Inner Focus|[of] p2b: Lucario\n|-enditem|p2a: Sneasler|White Herb\n|-clearnegativeboost|p2a: Sneasler|[silent]\n|switch|p2b: Mamoswine|Mamoswine, L50, F|100/100\n|move|p2a: Sneasler|Coaching|p2b: Mamoswine\n|-boost|p2b: Mamoswine|atk|1\n|-boost|p2b: Mamoswine|def|1\n|move|p1b: Garchomp|Earthquake|p2a: Sneasler|[spread] p2a,p2b\n|-immune|p1a: Gyarados\n|-supereffective|p2a: Sneasler|1\n|-damage|p2a: Sneasler|0 fnt\n|-damage|p2b: Mamoswine|73/100\n|faint|p2a: Sneasler\n|\n|upkeep\n|\n|t:|1776524866\n|switch|p2a: Lucario|Lucario, L50, M|100/100\n|turn|2\n|\n|t:|1776524889\n|detailschange|p2a: Lucario|Lucario-Mega, L50, M\n|-mega|p2a: Lucario|Lucario|Lucarionite\n|move|p2b: Mamoswine|Ice Shard|p1b: Garchomp\n|-supereffective|p1b: Garchomp|2\n|-damage|p1b: Garchomp|0 fnt\n|faint|p1b: Garchomp\n|move|p2a: Lucario|Swords Dance|p2a: Lucario\n|-boost|p2a: Lucario|atk|2\n|move|p1a: Gyarados|Waterfall|p2b: Mamoswine\n|-supereffective|p2b: Mamoswine|1\n|-damage|p2b: Mamoswine|19/100\n|\n|upkeep\n|\n|t:|1776524904\n|switch|p1b: Corviknight|Corviknight, L50, M|100/100\n|turn|3\n|\n|t:|1776524920\n|detailschange|p1a: Gyarados|Gyarados-Mega, L50, M\n|-mega|p1a: Gyarados|Gyarados|Gyaradosite\n|-ability|p1a: Gyarados|Mold Breaker\n|move|p2b: Mamoswine|Protect|p2b: Mamoswine\n|-singleturn|p2b: Mamoswine|Protect\n|move|p2a: Lucario|Close Combat|p1b: Corviknight\n|-damage|p1b: Corviknight|0 fnt\n|-unboost|p2a: Lucario|def|1\n|-unboost|p2a: Lucario|spd|1\n|faint|p1b: Corviknight\n|move|p1a: Gyarados|Waterfall|p2b: Mamoswine\n|-activate|p2b: Mamoswine|move: Protect\n|\n|upkeep\n|\n|t:|1776524929\n|switch|p1b: Glimmora|Glimmora, L50, F|100/100\n|turn|4\n|\n|t:|1776524949\n|move|p2a: Lucario|Protect|p2a: Lucario\n|-singleturn|p2a: Lucario|Protect\n|move|p1a: Gyarados|Protect|p1a: Gyarados\n|-singleturn|p1a: Gyarados|Protect\n|move|p1b: Glimmora|Substitute|p1b: Glimmora\n|-start|p1b: Glimmora|Substitute\n|-damage|p1b: Glimmora|75/100\n|move|p2b: Mamoswine|High Horsepower|p1b: Glimmora\n|-supereffective|p1b: Glimmora|2\n|-end|p1b: Glimmora|Substitute\n|\n|upkeep\n|turn|5\n|\n|t:|1776524968\n|move|p2a: Lucario|Close Combat|p1a: Gyarados\n|-supereffective|p1a: Gyarados|1\n|-damage|p1a: Gyarados|0 fnt\n|-unboost|p2a: Lucario|def|1\n|-unboost|p2a: Lucario|spd|1\n|faint|p1a: Gyarados\n|move|p1b: Glimmora|Power Gem|p2b: Mamoswine\n|-damage|p2b: Mamoswine|0 fnt\n|faint|p2b: Mamoswine\n|\n|upkeep\n|\n|t:|1776524977\n|switch|p2b: Basculegion|Basculegion, L50, M|100/100\n|turn|6\n|\n|t:|1776524990\n|move|p2a: Lucario|Bullet Punch|p1b: Glimmora\n|-supereffective|p1b: Glimmora|1\n|-damage|p1b: Glimmora|0 fnt\n|-activate|p1b: Glimmora|ability: Toxic Debris\n|-sidestart|p2: owningace4|move: Toxic Spikes\n|faint|p1b: Glimmora\n|\n|win|owningace4\n|raw|Epolosos's rating: 1115 &rarr; <strong>1091</strong><br />(-24 for losing)\n|raw|owningace4's rating: 1127 &rarr; <strong>1151</strong><br />(+24 for winning)\n|l|\u2606Epolosos\n|player|p1|\n",
  "uploadtime": 1776525002,
  "views": 23,
  "formatid": "gen9championsvgc2026regma",
  "rating": 1091,
  "private": 0,
  "password": null
}