{
  "id": "gen9championsvgc2026regma-2585060606",
  "format": "[Gen 9 Champions] VGC 2026 Reg M-A",
  "players": [
    "sweepy boi",
    "LovelyLizardLad"
  ],
  "log": "|j|\u2606sweepy boi\n|j|\u2606LovelyLizardLad\n|t:|1776307755\n|gametype|doubles\n|player|p1|sweepy boi|skyla|1352\n|player|p2|LovelyLizardLad|red|1427\n|gen|9\n|tier|[Gen 9 Champions] VGC 2026 Reg M-A\n|rated|\n|rule|Species Clause: Limit one of each Pok\u00e9mon\n|rule|Item Clause: Limit 1 of each item\n|clearpoke\n|poke|p1|Palafin, L50, M|\n|poke|p1|Incineroar, L50, M|\n|poke|p1|Sinistcha, L50|\n|poke|p1|Kangaskhan, L50, F|\n|poke|p1|Aegislash, L50, M|\n|poke|p1|Talonflame, L50, F|\n|poke|p2|Delphox, L50, F|\n|poke|p2|Basculegion, L50, M|\n|poke|p2|Clefable, L50, F|\n|poke|p2|Kingambit, L50, F|\n|poke|p2|Sneasler, L50, F|\n|poke|p2|Ninetales-Alola, L50, M|\n|teampreview|4\n|inactive|Battle timer is ON: inactive players will automatically lose when time's up. (requested by LovelyLizardLad)\n|\n|t:|1776307825\n|teamsize|p1|4\n|teamsize|p2|4\n|start\n|switch|p1a: Palafin|Palafin, L50, M|100/100\n|switch|p1b: Kangaskhan|Kangaskhan, L50, F|100/100\n|switch|p2a: Clefable|Clefable, L50, F|100/100\n|switch|p2b: Kingambit|Kingambit, L50, F|100/100\n|turn|1\n|\n|t:|1776307844\n|detailschange|p1a: Palafin|Palafin-Hero, L50, M\n|switch|p1a: Talonflame|Talonflame, L50, F|100/100\n|detailschange|p1b: Kangaskhan|Kangaskhan-Mega, L50, F\n|-mega|p1b: Kangaskhan|Kangaskhan|Kangaskhanite\n|move|p2b: Kingambit|Protect|p2b: Kingambit\n|-singleturn|p2b: Kingambit|Protect\n|move|p1b: Kangaskhan|Double-Edge|p2a: Clefable\n|-crit|p2a: Clefable\n|-damage|p2a: Clefable|31/100\n|-enditem|p2a: Clefable|Sitrus Berry|[eat]\n|-heal|p2a: Clefable|55/100|[from] item: Sitrus Berry\n|-damage|p2a: Clefable|45/100\n|-hitcount|p2a: Clefable|2\n|-damage|p1b: Kangaskhan|75/100|[from] Recoil\n|move|p2a: Clefable|Moonblast|p1b: Kangaskhan\n|-damage|p1b: Kangaskhan|51/100\n|\n|upkeep\n|turn|2\n|inactive|sweepy boi has 30 seconds left.\n|inactive|LovelyLizardLad has 30 seconds left.\n|inactive|sweepy boi has 20 seconds left.\n|\n|t:|1776307882\n|move|p1a: Talonflame|Protect|p1a: Talonflame\n|-singleturn|p1a: Talonflame|Protect\n|move|p2a: Clefable|Follow Me|p2a: Clefable\n|-singleturn|p2a: Clefable|move: Follow Me\n|move|p1b: Kangaskhan|Drain Punch|p2a: Clefable\n|-resisted|p2a: Clefable|1\n|-damage|p2a: Clefable|36/100\n|-heal|p1b: Kangaskhan|56/100|[from] drain|[of] p2a: Clefable\n|-resisted|p2a: Clefable|1\n|-damage|p2a: Clefable|33/100\n|-heal|p1b: Kangaskhan|57/100|[from] drain|[of] p2a: Clefable\n|-hitcount|p2a: Clefable|2\n|move|p2b: Kingambit|Swords Dance|p2b: Kingambit\n|-boost|p2b: Kingambit|atk|2\n|\n|upkeep\n|turn|3\n|\n|t:|1776307902\n|move|p2a: Clefable|Follow Me|p2a: Clefable\n|-singleturn|p2a: Clefable|move: Follow Me\n|move|p2b: Kingambit|Sucker Punch|p1b: Kangaskhan\n|-damage|p1b: Kangaskhan|0 fnt\n|faint|p1b: Kangaskhan\n|move|p1a: Talonflame|Flare Blitz|p2a: Clefable\n|-damage|p2a: Clefable|0 fnt\n|faint|p2a: Clefable\n|-damage|p1a: Talonflame|86/100|[from] Recoil\n|\n|upkeep\n|\n|t:|1776307914\n|switch|p1b: Palafin|Palafin-Hero, L50, M|100/100\n|switch|p2a: Basculegion|Basculegion, L50, M|100/100\n|-activate|p1b: Palafin|ability: Zero to Hero\n|turn|4\n|\n|t:|1776307928\n|move|p1a: Talonflame|Protect|p1a: Talonflame\n|-singleturn|p1a: Talonflame|Protect\n|move|p2b: Kingambit|Protect|p2b: Kingambit\n|-singleturn|p2b: Kingambit|Protect\n|move|p2a: Basculegion|Last Respects|p1a: Talonflame\n|-activate|p1a: Talonflame|move: Protect\n|move|p1b: Palafin|Bulk Up|p1b: Palafin\n|-boost|p1b: Palafin|atk|1\n|-boost|p1b: Palafin|def|1\n|\n|upkeep\n|turn|5\n|\n|t:|1776307949\n|move|p2a: Basculegion|Last Respects|p1a: Talonflame\n|-damage|p1a: Talonflame|0 fnt\n|faint|p1a: Talonflame\n|move|p1b: Palafin|Wave Crash|p2b: Kingambit\n|-damage|p2b: Kingambit|18/100\n|-damage|p1b: Palafin|71/100|[from] Recoil\n|move|p2b: Kingambit|Kowtow Cleave|p1b: Palafin\n|-damage|p1b: Palafin|3/100\n|\n|-heal|p1b: Palafin|9/100|[from] item: Leftovers\n|upkeep\n|\n|t:|1776307955\n|switch|p1a: Aegislash|Aegislash, L50, M|100/100\n|turn|6\n|inactive|LovelyLizardLad has 30 seconds left.\n|\n|t:|1776307986\n|move|p2b: Kingambit|Protect|p2b: Kingambit\n|-singleturn|p2b: Kingambit|Protect\n|move|p1b: Palafin|Jet Punch|p2b: Kingambit\n|-activate|p2b: Kingambit|move: Protect\n|move|p2a: Basculegion|Last Respects|p1a: Aegislash\n|-supereffective|p1a: Aegislash|1\n|-damage|p1a: Aegislash|1/100\n|-formechange|p1a: Aegislash|Aegislash-Blade|\n|move|p1a: Aegislash|Shadow Ball|p2a: Basculegion\n|-supereffective|p2a: Basculegion|1\n|-damage|p2a: Basculegion|0 fnt\n|faint|p2a: Basculegion\n|\n|-heal|p1b: Palafin|15/100|[from] item: Leftovers\n|upkeep\n|\n|t:|1776307998\n|switch|p2a: Delphox|Delphox, L50, F|100/100\n|turn|7\n|\n|t:|1776308015\n|detailschange|p2a: Delphox|Delphox-Mega, L50, F\n|-mega|p2a: Delphox|Delphox|Delphoxite\n|move|p1a: Aegislash|Wide Guard|p1a: Aegislash\n|-singleturn|p1a: Aegislash|Wide Guard\n|move|p1b: Palafin|Jet Punch|p2b: Kingambit\n|-damage|p2b: Kingambit|0 fnt\n|faint|p2b: Kingambit\n|move|p2a: Delphox|Heat Wave|p1a: Aegislash|[spread] \n|-activate|p1a: Aegislash|move: Wide Guard\n|-activate|p1b: Palafin|move: Wide Guard\n|\n|-heal|p1b: Palafin|21/100|[from] item: Leftovers\n|upkeep\n|turn|8\n|\n|t:|1776308032\n|move|p1b: Palafin|Jet Punch|p2a: Delphox\n|-supereffective|p2a: Delphox|1\n|-damage|p2a: Delphox|0 fnt\n|faint|p2a: Delphox\n|\n|win|sweepy boi\n|raw|sweepy boi's rating: 1352 &rarr; <strong>1376</strong><br />(+24 for winning)\n|raw|LovelyLizardLad's rating: 1427 &rarr; <strong>1403</strong><br />(-24 for losing)\n|l|\u2606LovelyLizardLad\n|player|p2|\n",
  "uploadtime": 1776308035,
  "views": 49,
  "formatid": "gen9championsvgc2026regma",
  "rating": 1376,
  "private": 0,
  "password": null
}