{
  "id": "gen9championsvgc2026regma-2585445676",
  "format": "[Gen 9 Champions] VGC 2026 Reg M-A",
  "players": [
    "b1testmatches",
    "thebeast4895"
  ],
  "log": "|j|\u2606b1testmatches\n|j|\u2606thebeast4895\n|t:|1776347808\n|gametype|doubles\n|player|p1|b1testmatches|266|1262\n|player|p2|thebeast4895|1|1287\n|gen|9\n|tier|[Gen 9 Champions] VGC 2026 Reg M-A\n|rated|\n|rule|Species Clause: Limit one of each Pok\u00e9mon\n|rule|Item Clause: Limit 1 of each item\n|clearpoke\n|poke|p1|Kingambit, L50, M|\n|poke|p1|Farigiraf, L50, M|\n|poke|p1|Scovillain, L50, F|\n|poke|p1|Sinistcha-Masterpiece, L50|\n|poke|p1|Torkoal, L50, M|\n|poke|p1|Charizard, L50, M|\n|poke|p2|Aromatisse, L50, F|\n|poke|p2|Aggron, L50, F|\n|poke|p2|Drampa, L50, M|\n|poke|p2|Kingambit, L50, M|\n|poke|p2|Rotom-Wash, L50|\n|poke|p2|Incineroar, L50, F|\n|teampreview|4\n|inactive|Battle timer is ON: inactive players will automatically lose when time's up. (requested by b1testmatches)\nb1testmatches rejected open team sheets.\n|\n|t:|1776347860\n|teamsize|p1|4\n|teamsize|p2|4\n|start\n|switch|p1a: Kingambit|Kingambit, L50, M|100/100\n|switch|p1b: Farigiraf|Farigiraf, L50, M|100/100\n|switch|p2a: Aromatisse|Aromatisse, L50, F|100/100\n|switch|p2b: Drampa|Drampa, L50, M|100/100\n|-ability|p2b: Drampa|Cloud Nine\n|turn|1\n|inactive|b1testmatches has 30 seconds left.\n|inactive|b1testmatches has 20 seconds left.\n|inactive|b1testmatches has 15 seconds left.\n|\n|t:|1776347905\n|detailschange|p2b: Drampa|Drampa-Mega, L50, M\n|-mega|p2b: Drampa|Drampa|Drampanite\n|move|p2a: Aromatisse|Protect|p2a: Aromatisse\n|-singleturn|p2a: Aromatisse|Protect\n|move|p1b: Farigiraf|Psychic|p2b: Drampa\n|-damage|p2b: Drampa|61/100\n|move|p1a: Kingambit|Iron Head|p2a: Aromatisse\n|-activate|p2a: Aromatisse|move: Protect\n|move|p2b: Drampa|Earth Power|p1a: Kingambit\n|-supereffective|p1a: Kingambit|1\n|-damage|p1a: Kingambit|30/100\n|\n|upkeep\n|turn|2\n|inactive|thebeast4895 has 30 seconds left.\n|inactive|b1testmatches has 30 seconds left.\n|\n|t:|1776347939\n|move|p1a: Kingambit|Sucker Punch|p2b: Drampa\n|-damage|p2b: Drampa|22/100\n|-ability|p2b: Drampa|Berserk|boost\n|-boost|p2b: Drampa|spa|1\n|move|p1b: Farigiraf|Psychic|p2b: Drampa\n|-damage|p2b: Drampa|0 fnt\n|faint|p2b: Drampa\n|move|p2a: Aromatisse|Heal Pulse|p2: Drampa|[notarget]\n|-fail|p2a: Aromatisse\n|\n|upkeep\n|\n|t:|1776347946\n|switch|p2b: Incineroar|Incineroar, L50, F|100/100\n|-ability|p2b: Incineroar|Intimidate|boost\n|-unboost|p1a: Kingambit|atk|1\n|-ability|p1a: Kingambit|Defiant|boost\n|-boost|p1a: Kingambit|atk|2\n|-unboost|p1b: Farigiraf|atk|1\n|turn|3\n|c|\u2606thebeast4895|need to work out the bulk on this thing\n|c|\u2606thebeast4895|im testing rn\n|inactive|thebeast4895 has 30 seconds left.\n|\n|t:|1776347975\n|move|p1a: Kingambit|Protect|p1a: Kingambit\n|-singleturn|p1a: Kingambit|Protect\n|move|p2b: Incineroar|Flare Blitz|p1a: Kingambit\n|-activate|p1a: Kingambit|move: Protect\n|move|p1b: Farigiraf|Trick Room|p1b: Farigiraf\n|-fieldstart|move: Trick Room|[of] p1b: Farigiraf\n|move|p2a: Aromatisse|Trick Room|p2a: Aromatisse\n|-fieldend|move: Trick Room\n|\n|upkeep\n|turn|4\n|inactive|b1testmatches has 30 seconds left.\n|inactive|b1testmatches has 20 seconds left.\n|\n|t:|1776348011\n|move|p1b: Farigiraf|Protect|p1b: Farigiraf\n|-singleturn|p1b: Farigiraf|Protect\n|move|p2b: Incineroar|Flare Blitz|p1a: Kingambit\n|-supereffective|p1a: Kingambit|1\n|-damage|p1a: Kingambit|0 fnt\n|faint|p1a: Kingambit\n|-damage|p2b: Incineroar|91/100|[from] Recoil\n|move|p2a: Aromatisse|Aromatic Mist|p2b: Incineroar\n|-boost|p2b: Incineroar|spd|1\n|\n|upkeep\n|\n|t:|1776348019\n|switch|p1a: Charizard|Charizard, L50, M, shiny|100/100\n|turn|5\n|inactive|thebeast4895 has 30 seconds left.\n|\n|t:|1776348055\n|detailschange|p1a: Charizard|Charizard-Mega-Y, L50, M, shiny\n|-mega|p1a: Charizard|Charizard|Charizardite Y\n|-weather|SunnyDay|[from] ability: Drought|[of] p1a: Charizard\n|move|p1a: Charizard|Scorching Sands|p2b: Incineroar\n|-supereffective|p2b: Incineroar|1\n|-damage|p2b: Incineroar|58/100\n|move|p2b: Incineroar|Darkest Lariat|p1a: Charizard\n|-damage|p1a: Charizard|58/100\n|move|p1b: Farigiraf|Psychic|p2a: Aromatisse\n|-damage|p2a: Aromatisse|66/100\n|move|p2a: Aromatisse|Trick Room|p2a: Aromatisse\n|-fieldstart|move: Trick Room|[of] p2a: Aromatisse\n|\n|-weather|SunnyDay|[upkeep]\n|upkeep\n|turn|6\n|\n|t:|1776348077\n|move|p1b: Farigiraf|Helping Hand|p1a: Charizard\n|-singleturn|p1a: Charizard|Helping Hand|[of] p1b: Farigiraf\n|move|p2a: Aromatisse|Aromatic Mist|p2b: Incineroar\n|-boost|p2b: Incineroar|spd|1\n|move|p2b: Incineroar|Darkest Lariat|p1a: Charizard\n|-damage|p1a: Charizard|21/100\n|move|p1a: Charizard|Heat Wave|p2b: Incineroar|[spread] p2b\n|-miss|p1a: Charizard|p2a: Aromatisse\n|-resisted|p2b: Incineroar|1\n|-damage|p2b: Incineroar|39/100\n|-enditem|p2b: Incineroar|Sitrus Berry|[eat]\n|-heal|p2b: Incineroar|63/100|[from] item: Sitrus Berry\n|\n|-weather|SunnyDay|[upkeep]\n|upkeep\n|turn|7\n|\n|t:|1776348099\n|move|p1b: Farigiraf|Helping Hand|p1a: Charizard\n|-singleturn|p1a: Charizard|Helping Hand|[of] p1b: Farigiraf\n|move|p2a: Aromatisse|Aromatic Mist|p2b: Incineroar\n|-boost|p2b: Incineroar|spd|1\n|move|p2b: Incineroar|Darkest Lariat|p1a: Charizard\n|-damage|p1a: Charizard|0 fnt\n|faint|p1a: Charizard\n|\n|-weather|SunnyDay|[upkeep]\n|upkeep\n|\n|t:|1776348110\n|switch|p1a: Sinistcha|Sinistcha-Masterpiece, L50|100/100\n|turn|8\n|\n|t:|1776348120\n|move|p1b: Farigiraf|Protect|p1b: Farigiraf\n|-singleturn|p1b: Farigiraf|Protect\n|move|p2a: Aromatisse|Heal Pulse|p2b: Incineroar\n|-heal|p2b: Incineroar|100/100\n|move|p2b: Incineroar|Flare Blitz|p1a: Sinistcha\n|-supereffective|p1a: Sinistcha|1\n|-damage|p1a: Sinistcha|0 fnt\n|faint|p1a: Sinistcha\n|-damage|p2b: Incineroar|71/100|[from] Recoil\n|\n|-weather|SunnyDay|[upkeep]\n|upkeep\n|turn|9\n|c|\u2606thebeast4895|wasn't expecting incin to become the team killer but okay\n|inactive|thebeast4895 has 30 seconds left.\n|\n|t:|1776348151\n|move|p2a: Aromatisse|Heal Pulse|p2b: Incineroar\n|-heal|p2b: Incineroar|100/100\n|move|p1b: Farigiraf|Psychic|p2b: Incineroar\n|-immune|p2b: Incineroar\n|move|p2b: Incineroar|Darkest Lariat|p1b: Farigiraf\n|-supereffective|p1b: Farigiraf|1\n|-damage|p1b: Farigiraf|29/100\n|\n|-weather|none\n|-fieldend|move: Trick Room\n|upkeep\n|turn|10\n|\n|t:|1776348164\n|move|p1b: Farigiraf|Helping Hand|p1: Sinistcha|[notarget]\n|-fail|p1b: Farigiraf\n|move|p2b: Incineroar|Darkest Lariat|p1b: Farigiraf\n|-supereffective|p1b: Farigiraf|1\n|-damage|p1b: Farigiraf|0 fnt\n|faint|p1b: Farigiraf\n|\n|win|thebeast4895\n|raw|b1testmatches's rating: 1262 &rarr; <strong>1239</strong><br />(-23 for losing)\n|raw|thebeast4895's rating: 1287 &rarr; <strong>1310</strong><br />(+23 for winning)\n",
  "uploadtime": 1776348169,
  "views": 30,
  "formatid": "gen9championsvgc2026regma",
  "rating": 1239,
  "private": 0,
  "password": null
}