{
  "id": "gen9championsvgc2026regma-2587069785",
  "format": "[Gen 9 Champions] VGC 2026 Reg M-A",
  "players": [
    "1ejuan",
    "Enekos"
  ],
  "log": "|j|\u26061ejuan\n|j|\u2606Enekos\n|t:|1776489309\n|gametype|doubles\n|player|p1|1ejuan|265|1144\n|player|p2|Enekos|steven|1074\n|gen|9\n|tier|[Gen 9 Champions] VGC 2026 Reg M-A\n|rated|\n|rule|Species Clause: Limit one of each Pok\u00e9mon\n|rule|Item Clause: Limit 1 of each item\n|clearpoke\n|poke|p1|Froslass, L50, F|\n|poke|p1|Aerodactyl, L50, F|\n|poke|p1|Sneasler, L50, M|\n|poke|p1|Incineroar, L50, M|\n|poke|p1|Garchomp, L50, F|\n|poke|p1|Sinistcha, L50|\n|poke|p2|Gengar, L50, M, shiny|\n|poke|p2|Politoed, L50, M|\n|poke|p2|Aerodactyl, L50, F|\n|poke|p2|Incineroar, L50, F|\n|poke|p2|Sneasler, L50, M|\n|poke|p2|Garchomp, L50, M|\n|teampreview|4\n1ejuan has agreed to open team sheets.\nEnekos rejected open team sheets.\n|\n|t:|1776489377\n|teamsize|p1|4\n|teamsize|p2|4\n|start\n|switch|p1a: Aerodactyl|Aerodactyl, L50, F|100/100\n|switch|p1b: Incineroar|Incineroar, L50, M|100/100\n|switch|p2a: Sapo pepe|Politoed, L50, M|100/100\n|switch|p2b: Chillbroh|Sneasler, L50, M|100/100\n|-ability|p1a: Aerodactyl|Unnerve\n|-weather|RainDance|[from] ability: Drizzle|[of] p2a: Sapo pepe\n|-ability|p1b: Incineroar|Intimidate|boost\n|-unboost|p2a: Sapo pepe|atk|1\n|-unboost|p2b: Chillbroh|atk|1\n|turn|1\n|inactive|Battle timer is ON: inactive players will automatically lose when time's up. (requested by 1ejuan)\n|inactive|Enekos has 60 seconds left.\n|\n|t:|1776489434\n|move|p2b: Chillbroh|Fake Out|p1b: Incineroar\n|-damage|p1b: Incineroar|93/100\n|move|p1a: Aerodactyl|Tailwind|p1a: Aerodactyl\n|-sidestart|p1: 1ejuan|move: Tailwind\n|cant|p1b: Incineroar|flinch\n|move|p2a: Sapo pepe|Weather Ball|p1a: Aerodactyl\n|-supereffective|p1a: Aerodactyl|1\n|-enditem|p1a: Aerodactyl|Focus Sash\n|-damage|p1a: Aerodactyl|1/100\n|\n|-weather|RainDance|[upkeep]\n|upkeep\n|turn|2\n|inactive|Enekos has 30 seconds left.\n|inactiveoff|Battle timer is now OFF.\n|\n|t:|1776489474\n|move|p2b: Chillbroh|Protect|p2b: Chillbroh\n|-singleturn|p2b: Chillbroh|Protect\n|move|p1a: Aerodactyl|Dual Wingbeat|p2b: Chillbroh\n|-activate|p2b: Chillbroh|move: Protect\n|move|p1b: Incineroar|Parting Shot|p2a: Sapo pepe\n|-unboost|p2a: Sapo pepe|atk|1\n|-unboost|p2a: Sapo pepe|spa|1\n|\n|t:|1776489487\n|switch|p1b: Froslass|Froslass, L50, F|100/100|[from] Parting Shot\n|move|p2a: Sapo pepe|Weather Ball|p1a: Aerodactyl\n|-supereffective|p1a: Aerodactyl|1\n|-damage|p1a: Aerodactyl|0 fnt\n|faint|p1a: Aerodactyl\n|\n|-weather|RainDance|[upkeep]\n|upkeep\n|\n|t:|1776489498\n|switch|p1a: Incineroar|Incineroar, L50, M|93/100\n|-ability|p1a: Incineroar|Intimidate|boost\n|-unboost|p2a: Sapo pepe|atk|1\n|-unboost|p2b: Chillbroh|atk|1\n|turn|3\n|\n|t:|1776489565\n|switch|p2a: Gengar|Gengar, L50, M, shiny|100/100\n|detailschange|p1b: Froslass|Froslass-Mega, L50, F\n|-mega|p1b: Froslass|Froslass|Froslassite\n|-weather|Snowscape|[from] ability: Snow Warning|[of] p1b: Froslass\n|move|p1a: Incineroar|Fake Out|p2a: Gengar\n|-immune|p2a: Gengar\n|move|p1b: Froslass|Nasty Plot|p1b: Froslass\n|-boost|p1b: Froslass|spa|2\n|move|p2b: Chillbroh|Close Combat|p1a: Incineroar\n|-supereffective|p1a: Incineroar|1\n|-damage|p1a: Incineroar|41/100\n|-unboost|p2b: Chillbroh|def|1\n|-unboost|p2b: Chillbroh|spd|1\n|-enditem|p1a: Incineroar|Sitrus Berry|[eat]\n|-heal|p1a: Incineroar|66/100|[from] item: Sitrus Berry\n|\n|-weather|Snowscape|[upkeep]\n|upkeep\n|turn|4\n|\n|t:|1776489597\n|detailschange|p2a: Gengar|Gengar-Mega, L50, M, shiny\n|-mega|p2a: Gengar|Gengar|Gengarite\n|move|p2a: Gengar|Protect|p2a: Gengar\n|-singleturn|p2a: Gengar|Protect\n|move|p2b: Chillbroh|Protect|p2b: Chillbroh\n|-singleturn|p2b: Chillbroh|Protect\n|move|p1b: Froslass|Blizzard|p2b: Chillbroh|[spread] \n|-activate|p2a: Gengar|move: Protect\n|-activate|p2b: Chillbroh|move: Protect\n|move|p1a: Incineroar|Darkest Lariat|p2a: Gengar\n|-activate|p2a: Gengar|move: Protect\n|\n|-weather|Snowscape|[upkeep]\n|-sideend|p1: 1ejuan|move: Tailwind\n|upkeep\n|turn|5\n|\n|t:|1776489657\n|move|p2a: Gengar|Sludge Bomb|p1a: Incineroar\n|-damage|p1a: Incineroar|24/100\n|move|p2b: Chillbroh|Close Combat|p1a: Incineroar\n|-supereffective|p1a: Incineroar|1\n|-damage|p1a: Incineroar|0 fnt\n|-unboost|p2b: Chillbroh|def|1\n|-unboost|p2b: Chillbroh|spd|1\n|faint|p1a: Incineroar\n|move|p1b: Froslass|Blizzard|p2b: Chillbroh|[spread] p2a,p2b\n|-damage|p2a: Gengar|0 fnt\n|-damage|p2b: Chillbroh|0 fnt\n|faint|p2a: Gengar\n|faint|p2b: Chillbroh\n|\n|-weather|Snowscape|[upkeep]\n|upkeep\n|\n|t:|1776489682\n|switch|p2a: Sapo pepe|Politoed, L50, M|100/100\n|switch|p2b: Garchadomp|Garchomp, L50, M|100/100\n|switch|p1a: Sneasler|Sneasler, L50, M|100/100\n|-weather|RainDance|[from] ability: Drizzle|[of] p2a: Sapo pepe\n|turn|6\n|\n|t:|1776489730\n|move|p1a: Sneasler|Fake Out|p2a: Sapo pepe\n|-damage|p2a: Sapo pepe|84/100\n|move|p2b: Garchadomp|Earthquake|p1a: Sneasler|[spread] p2a,p1a,p1b\n|-supereffective|p1a: Sneasler|1\n|-damage|p2a: Sapo pepe|42/100\n|-damage|p1a: Sneasler|0 fnt\n|-damage|p1b: Froslass|31/100\n|faint|p1a: Sneasler\n|move|p1b: Froslass|Blizzard|p2a: Sapo pepe|[spread] p2a,p2b\n|-resisted|p2a: Sapo pepe|1\n|-crit|p2a: Sapo pepe\n|-supereffective|p2b: Garchadomp|2\n|-damage|p2a: Sapo pepe|0 fnt\n|-damage|p2b: Garchadomp|0 fnt\n|faint|p2a: Sapo pepe\n|faint|p2b: Garchadomp\n|\n|win|1ejuan\n|raw|1ejuan's rating: 1144 &rarr; <strong>1164</strong><br />(+20 for winning)\n|raw|Enekos's rating: 1074 &rarr; <strong>1057</strong><br />(-17 for losing)\n",
  "uploadtime": 1776489744,
  "views": 15,
  "formatid": "gen9championsvgc2026regma",
  "rating": 1057,
  "private": 0,
  "password": null
}