{
  "id": "gen9championsvgc2026regma-2582160441",
  "format": "[Gen 9 Champions] VGC 2026 Reg M-A",
  "players": [
    "CammelloRiposato",
    "Sinister Patron"
  ],
  "log": "|j|\u2606CammelloRiposato\n|j|\u2606Sinister Patron\n|t:|1776065728\n|gametype|doubles\n|player|p1|CammelloRiposato|fisherman-gen4|1111\n|player|p2|Sinister Patron|roxanne|1210\n|gen|9\n|tier|[Gen 9 Champions] VGC 2026 Reg M-A\n|rated|\n|rule|Species Clause: Limit one of each Pok\u00e9mon\n|rule|Item Clause: Limit 1 of each item\n|clearpoke\n|poke|p1|Meganium, L50, M|\n|poke|p1|Archaludon, L50, F|\n|poke|p1|Basculegion, L50, M|\n|poke|p1|Maushold, L50|\n|poke|p1|Politoed, L50, M|\n|poke|p1|Talonflame, L50, F|\n|poke|p2|Farigiraf, L50, F|\n|poke|p2|Starmie, L50|\n|poke|p2|Scizor, L50, F|\n|poke|p2|Sinistcha, L50|\n|poke|p2|Milotic, L50, F|\n|poke|p2|Garchomp, L50, M|\n|teampreview|4\n|inactive|Battle timer is ON: inactive players will automatically lose when time's up. (requested by Sinister Patron)\n|\n|t:|1776065758\n|teamsize|p1|4\n|teamsize|p2|4\n|start\n|switch|p1a: Meganium|Meganium, L50, M|100/100\n|switch|p1b: Politoed|Politoed, L50, M|100/100\n|switch|p2a: Garchomp|Garchomp, L50, M|100/100\n|switch|p2b: Scizor & Wet|Scizor, L50, F|100/100\n|-weather|RainDance|[from] ability: Drizzle|[of] p1b: Politoed\n|turn|1\n|\n|t:|1776065774\n|switch|p2a: Sinistcha|Sinistcha, L50|100/100\n|detailschange|p2b: Scizor & Wet|Scizor-Mega, L50, F\n|-mega|p2b: Scizor & Wet|Scizor|Scizorite\n|move|p1a: Meganium|Protect|p1a: Meganium\n|-singleturn|p1a: Meganium|Protect\n|move|p2b: Scizor & Wet|U-turn|p1a: Meganium\n|-activate|p1a: Meganium|move: Protect\n|move|p1b: Politoed|Weather Ball|p2b: Scizor & Wet\n|-damage|p2b: Scizor & Wet|51/100\n|\n|-weather|RainDance|[upkeep]\n|upkeep\n|turn|2\n|\n|t:|1776065796\n|switch|p1a: Maushold|Maushold, L50|100/100\n|move|p2b: Scizor & Wet|U-turn|p1b: Politoed\n|-crit|p1b: Politoed\n|-damage|p1b: Politoed|41/100\n|-enditem|p1b: Politoed|Sitrus Berry|[eat]\n|-heal|p1b: Politoed|65/100|[from] item: Sitrus Berry\n|\n|t:|1776065803\n|switch|p2b: Garchomp|Garchomp, L50, M|100/100|[from] U-turn\n|move|p2a: Sinistcha|Matcha Gotcha|p1a: Maushold|[spread] p1a,p1b\n|-supereffective|p1b: Politoed|1\n|-damage|p1a: Maushold|60/100\n|-damage|p1b: Politoed|29/100\n|move|p1b: Politoed|Weather Ball|p2b: Garchomp\n|-damage|p2b: Garchomp|51/100\n|\n|-weather|RainDance|[upkeep]\n|upkeep\n|turn|3\n|\n|t:|1776065816\n|move|p2b: Garchomp|Rock Slide|p1b: Politoed|[spread] p1a,p1b\n|-damage|p1a: Maushold|28/100\n|-damage|p1b: Politoed|11/100\n|move|p1a: Maushold|Bite|p2a: Sinistcha\n|-supereffective|p2a: Sinistcha|1\n|-damage|p2a: Sinistcha|63/100\n|cant|p2a: Sinistcha|flinch\n|move|p1b: Politoed|Icy Wind|p2a: Sinistcha|[spread] p2b\n|-miss|p1b: Politoed|p2a: Sinistcha\n|-supereffective|p2b: Garchomp|2\n|-damage|p2b: Garchomp|15/100\n|-unboost|p2b: Garchomp|spe|1\n|\n|-weather|RainDance|[upkeep]\n|-heal|p2a: Sinistcha|70/100|[from] item: Leftovers\n|upkeep\n|turn|4\n|\n|t:|1776065829\n|move|p1a: Maushold|Bite|p2a: Sinistcha\n|-supereffective|p2a: Sinistcha|1\n|-damage|p2a: Sinistcha|31/100\n|move|p2b: Garchomp|Rock Slide|p1a: Maushold|[spread] p1a,p1b\n|-damage|p1a: Maushold|0 fnt\n|-damage|p1b: Politoed|0 fnt\n|faint|p1a: Maushold\n|faint|p1b: Politoed\n|cant|p2a: Sinistcha|flinch\n|\n|-weather|RainDance|[upkeep]\n|-heal|p2a: Sinistcha|38/100|[from] item: Leftovers\n|upkeep\n|\n|t:|1776065834\n|switch|p1a: Basculegion|Basculegion, L50, M|100/100\n|switch|p1b: Meganium|Meganium, L50, M|100/100\n|turn|5\n|\n|t:|1776065849\n|move|p1a: Basculegion|Last Respects|p2a: Sinistcha\n|-supereffective|p2a: Sinistcha|1\n|-damage|p2a: Sinistcha|0 fnt\n|faint|p2a: Sinistcha\n|move|p2b: Garchomp|Rock Slide|p1a: Basculegion|[spread] p1a,p1b\n|-damage|p1a: Basculegion|77/100\n|-damage|p1b: Meganium|81/100\n|move|p1b: Meganium|Dazzling Gleam|p2b: Garchomp\n|-supereffective|p2b: Garchomp|1\n|-damage|p2b: Garchomp|0 fnt\n|faint|p2b: Garchomp\n|\n|-weather|none\n|upkeep\n|\n|t:|1776065851\n|switch|p2b: Farigiraf|Farigiraf, L50, F|100/100\n|switch|p2a: Scizor & Wet|Scizor-Mega, L50, F|51/100\n|turn|6\n|\n|t:|1776065857\n|move|p1b: Meganium|Protect|p1b: Meganium\n|-singleturn|p1b: Meganium|Protect\n|move|p2a: Scizor & Wet|Protect|p2a: Scizor & Wet\n|-singleturn|p2a: Scizor & Wet|Protect\n|move|p1a: Basculegion|Last Respects|p2a: Scizor & Wet\n|-activate|p2a: Scizor & Wet|move: Protect\n|move|p2b: Farigiraf|Trick Room|p2b: Farigiraf\n|-fieldstart|move: Trick Room|[of] p2b: Farigiraf\n|\n|upkeep\n|turn|7\n|\n|t:|1776065868\n|move|p1b: Meganium|Protect||[still]\n|-fail|p1b: Meganium\n|move|p2b: Farigiraf|Psychic|p1a: Basculegion\n|-damage|p1a: Basculegion|35/100\n|move|p2a: Scizor & Wet|U-turn|p1b: Meganium\n|-supereffective|p1b: Meganium|1\n|-damage|p1b: Meganium|0 fnt\n|faint|p1b: Meganium\n|move|p1a: Basculegion|Last Respects|p2a: Scizor & Wet\n|-damage|p2a: Scizor & Wet|0 fnt\n|faint|p2a: Scizor & Wet\n|\n|upkeep\n|turn|8\n|l|\u2606CammelloRiposato\n|inactive|CammelloRiposato disconnected and has a minute to reconnect!\n|player|p1|\n|inactive|CammelloRiposato has 30 seconds left.\n|inactive|CammelloRiposato has 20 seconds left.\n|inactive|CammelloRiposato has 15 seconds left.\n|inactive|CammelloRiposato has 10 seconds left.\n|inactive|CammelloRiposato has 5 seconds left.\n|-message|CammelloRiposato lost due to inactivity.\n|\n|win|Sinister Patron\n|raw|CammelloRiposato's rating: 1111 &rarr; <strong>1093</strong><br />(-18 for losing)\n|raw|Sinister Patron's rating: 1210 &rarr; <strong>1228</strong><br />(+18 for winning)\n|j|\u2606CammelloRiposato\n|player|p1|CammelloRiposato|fisherman-gen4|\n|l|\u2606CammelloRiposato\n|player|p1|\n",
  "uploadtime": 1776065956,
  "views": 30,
  "formatid": "gen9championsvgc2026regma",
  "rating": 1093,
  "private": 0,
  "password": null
}