{
  "id": "gen9championsvgc2026regma-2586499944",
  "format": "[Gen 9 Champions] VGC 2026 Reg M-A",
  "players": [
    "O1AM1DE",
    "jaisha4"
  ],
  "log": "|j|\u2606O1AM1DE\n|j|\u2606jaisha4\n|html|<table width=\"100%\"><tr><td align=\"left\">O1AM1DE</td><td align=\"right\">jaisha4</tr><tr><td align=\"left\"><i class=\"fa fa-circle-o\"></i> <i class=\"fa fa-circle-o\"></i> </td><td align=\"right\"><i class=\"fa fa-circle-o\"></i> <i class=\"fa fa-circle\"></i> </tr></table>\n|uhtml|bestof|<h2><strong>Game 2</strong> of <a href=\"/game-bestof3-gen9championsvgc2026regma-2586496595\">a best-of-3</a></h2>\n|t:|1776438941\n|gametype|doubles\n|player|p1|O1AM1DE|cynthia-gen4|\n|player|p2|jaisha4|ghetsis-gen5bw|\n|gen|9\n|tier|[Gen 9 Champions] VGC 2026 Reg M-A\n|rule|Species Clause: Limit one of each Pok\u00e9mon\n|rule|Item Clause: Limit 1 of each item\n|raw|<div class=\"infobox\"><details class=\"readmore\" open><summary><strong>1 custom rule:</strong></summary> Best of = 3</details></div>\n|clearpoke\n|poke|p1|Venusaur, L50, F|\n|poke|p1|Incineroar, L50, F|\n|poke|p1|Basculegion, L50, M|\n|poke|p1|Garchomp, L50, F|\n|poke|p1|Sneasler, L50, M|\n|poke|p1|Aerodactyl, L50, F|\n|poke|p2|Sneasler, L50, F|\n|poke|p2|Chandelure, L50, M|\n|poke|p2|Talonflame, L50, M|\n|poke|p2|Starmie, L50|\n|poke|p2|Garchomp, L50, F|\n|poke|p2|Ninetales-Alola, L50, F|\n|teampreview|4\n|l|\u2606O1AM1DE\n|player|p1|\n|l|\u2606jaisha4\n|player|p2|\n|j|\u2606jaisha4\n|player|p2|jaisha4|ghetsis-gen5bw|\n|j|\u2606O1AM1DE\n|player|p1|O1AM1DE|cynthia-gen4|\n|l|\u2606O1AM1DE\n|player|p1|\n|j|\u2606O1AM1DE\n|player|p1|O1AM1DE|cynthia-gen4|\n|l|\u2606O1AM1DE\n|player|p1|\n|j|\u2606O1AM1DE\n|player|p1|O1AM1DE|cynthia-gen4|\n|l|\u2606O1AM1DE\n|player|p1|\n|j|\u2606O1AM1DE\n|player|p1|O1AM1DE|cynthia-gen4|\n|\n|t:|1776439324\n|teamsize|p1|4\n|teamsize|p2|4\n|start\n|switch|p1a: Garchomp|Garchomp, L50, F|100/100\n|switch|p1b: Aerodactyl|Aerodactyl, L50, F|100/100\n|switch|p2a: Talonflame|Talonflame, L50, M|100/100\n|switch|p2b: Ninetales|Ninetales-Alola, L50, F|100/100\n|-weather|Snowscape|[from] ability: Snow Warning|[of] p2b: Ninetales\n|turn|1\n|\n|t:|1776439348\n|detailschange|p1b: Aerodactyl|Aerodactyl-Mega, L50, F\n|-mega|p1b: Aerodactyl|Aerodactyl|Aerodactylite\n|move|p2a: Talonflame|Tailwind|p2a: Talonflame\n|-sidestart|p2: jaisha4|move: Tailwind\n|move|p2b: Ninetales|Blizzard|p1a: Garchomp|[spread] p1a,p1b\n|-supereffective|p1a: Garchomp|2\n|-supereffective|p1b: Aerodactyl|1\n|-enditem|p1a: Garchomp|Focus Sash\n|-damage|p1a: Garchomp|1/100\n|-damage|p1b: Aerodactyl|5/100\n|move|p1b: Aerodactyl|Stone Edge|p2b: Ninetales\n|-supereffective|p2b: Ninetales|1\n|-damage|p2b: Ninetales|0 fnt\n|faint|p2b: Ninetales\n|move|p1a: Garchomp|Rock Slide|p2a: Talonflame\n|-supereffective|p2a: Talonflame|2\n|-damage|p2a: Talonflame|0 fnt\n|faint|p2a: Talonflame\n|\n|-weather|Snowscape|[upkeep]\n|upkeep\n|\n|t:|1776439363\n|switch|p2b: Starmie|Starmie, L50|100/100\n|switch|p2a: Sneasler|Sneasler, L50, F|100/100\n|turn|2\n|\n|t:|1776439377\n|move|p2a: Sneasler|Fake Out|p1b: Aerodactyl\n|-resisted|p1b: Aerodactyl|1\n|-damage|p1b: Aerodactyl|0 fnt\n|faint|p1b: Aerodactyl\n|move|p2b: Starmie|Liquidation|p1a: Garchomp\n|-damage|p1a: Garchomp|0 fnt\n|faint|p1a: Garchomp\n|\n|-weather|Snowscape|[upkeep]\n|upkeep\n|\n|t:|1776439384\n|switch|p1b: Sneasler|Sneasler, L50, M|100/100\n|switch|p1a: Incineroar|Incineroar, L50, F|100/100\n|-ability|p1a: Incineroar|Intimidate|boost\n|-unboost|p2a: Sneasler|atk|1\n|-unboost|p2b: Starmie|atk|1\n|turn|3\n|\n|t:|1776439394\n|detailschange|p2b: Starmie|Starmie-Mega, L50\n|-mega|p2b: Starmie|Starmie|Starminite\n|move|p1b: Sneasler|Fake Out|p2b: Starmie\n|-damage|p2b: Starmie|83/100\n|cant|p2b: Starmie|flinch\n|move|p2a: Sneasler|Close Combat|p1b: Sneasler\n|-resisted|p1b: Sneasler|1\n|-damage|p1b: Sneasler|64/100\n|-unboost|p2a: Sneasler|def|1\n|-unboost|p2a: Sneasler|spd|1\n|move|p1a: Incineroar|Darkest Lariat|p2b: Starmie\n|-supereffective|p2b: Starmie|1\n|-damage|p2b: Starmie|0 fnt\n|faint|p2b: Starmie\n|\n|-weather|Snowscape|[upkeep]\n|upkeep\n|turn|4\n|\n|t:|1776439423\n|move|p2a: Sneasler|Close Combat|p1a: Incineroar\n|-supereffective|p1a: Incineroar|1\n|-damage|p1a: Incineroar|0 fnt\n|-unboost|p2a: Sneasler|def|1\n|-unboost|p2a: Sneasler|spd|1\n|faint|p1a: Incineroar\n|move|p1b: Sneasler|Dire Claw|p2a: Sneasler\n|-resisted|p2a: Sneasler|1\n|-damage|p2a: Sneasler|27/100\n|\n|-weather|Snowscape|[upkeep]\n|-sideend|p2: jaisha4|move: Tailwind\n|upkeep\n|turn|5\n|\n|t:|1776439434\n|move|p1b: Sneasler|Dire Claw|p2a: Sneasler\n|-resisted|p2a: Sneasler|1\n|-damage|p2a: Sneasler|0 fnt\n|faint|p2a: Sneasler\n|\n|win|O1AM1DE\n",
  "uploadtime": 1776439444,
  "views": 17,
  "formatid": "gen9championsvgc2026regma",
  "rating": null,
  "private": 0,
  "password": null
}