{
  "id": "gen9championsvgc2026regma-2584487702",
  "format": "[Gen 9 Champions] VGC 2026 Reg M-A",
  "players": [
    "loxans57",
    "xAltroPR"
  ],
  "log": "|j|\u2606loxans57\n|j|\u2606xAltroPR\n|t:|1776264152\n|gametype|doubles\n|player|p1|loxans57|cynthia|\n|player|p2|xAltroPR|volkner|\n|gen|9\n|tier|[Gen 9 Champions] VGC 2026 Reg M-A\n|rule|Species Clause: Limit one of each Pok\u00e9mon\n|rule|Item Clause: Limit 1 of each item\n|clearpoke\n|poke|p1|Zoroark-Hisui, L50, M|\n|poke|p1|Froslass, L50, F|\n|poke|p1|Whimsicott, L50, F|\n|poke|p1|Tyranitar, L50, F|\n|poke|p1|Garchomp, L50, F|\n|poke|p1|Salazzle, L50, F|\n|poke|p2|Aerodactyl, L50, F|\n|poke|p2|Incineroar, L50, F|\n|poke|p2|Milotic, L50, M|\n|poke|p2|Scizor, L50, F|\n|poke|p2|Floette-Eternal, L50, F|\n|poke|p2|Pelipper, L50, M|\n|teampreview|4\n|\n|t:|1776264193\n|teamsize|p1|4\n|teamsize|p2|4\n|start\n|switch|p1a: Garchomp|Garchomp, L50, F|100/100\n|switch|p1b: Froslass|Froslass, L50, F, shiny|100/100\n|switch|p2a: Scizor|Scizor, L50, F|100/100\n|switch|p2b: Pelipper|Pelipper, L50, M|100/100\n|-weather|RainDance|[from] ability: Drizzle|[of] p2b: Pelipper\n|turn|1\n|\n|t:|1776264234\n|switch|p2b: Incineroar|Incineroar, L50, F|100/100\n|-ability|p2b: Incineroar|Intimidate|boost\n|-unboost|p1a: Garchomp|atk|1\n|-unboost|p1b: Froslass|atk|1\n|detailschange|p2a: Scizor|Scizor-Mega, L50, F\n|-mega|p2a: Scizor|Scizor|Scizorite\n|move|p1b: Froslass|Protect|p1b: Froslass\n|-singleturn|p1b: Froslass|Protect\n|move|p2a: Scizor|Protect|p2a: Scizor\n|-singleturn|p2a: Scizor|Protect\n|move|p1a: Garchomp|Stone Edge|p2b: Incineroar\n|-supereffective|p2b: Incineroar|1\n|-damage|p2b: Incineroar|61/100\n|\n|-weather|RainDance|[upkeep]\n|upkeep\n|turn|2\n|\n|t:|1776264259\n|switch|p1a: Whimsicott|Whimsicott, L50, F, shiny|100/100\n|move|p2b: Incineroar|Fake Out|p1a: Whimsicott\n|-damage|p1a: Whimsicott|88/100\n|move|p1b: Froslass|Icy Wind|p2a: Scizor|[spread] p2a,p2b\n|-resisted|p2a: Scizor|1\n|-resisted|p2b: Incineroar|1\n|-crit|p2b: Incineroar\n|-damage|p2a: Scizor|94/100\n|-damage|p2b: Incineroar|53/100\n|-unboost|p2a: Scizor|spe|1\n|-unboost|p2b: Incineroar|spe|1\n|move|p2a: Scizor|Swords Dance|p2a: Scizor\n|-boost|p2a: Scizor|atk|2\n|\n|-weather|RainDance|[upkeep]\n|upkeep\n|turn|3\n|\n|t:|1776264282\n|move|p2a: Scizor|Protect|p2a: Scizor\n|-singleturn|p2a: Scizor|Protect\n|move|p1a: Whimsicott|Fake Tears|p2a: Scizor\n|-activate|p2a: Scizor|move: Protect\n|move|p1b: Froslass|Bitter Malice|p2a: Scizor\n|-activate|p2a: Scizor|move: Protect\n|move|p2b: Incineroar|Flare Blitz|p1a: Whimsicott\n|-supereffective|p1a: Whimsicott|1\n|-damage|p1a: Whimsicott|35/100\n|-damage|p2b: Incineroar|40/100|[from] Recoil\n|\n|-weather|RainDance|[upkeep]\n|upkeep\n|turn|4\n|\n|t:|1776264305\n|move|p1a: Whimsicott|Encore|p2a: Scizor\n|-start|p2a: Scizor|Encore\n|move|p2a: Scizor|Protect||[still]\n|-fail|p2a: Scizor\n|move|p1b: Froslass|Hyper Voice|p2a: Scizor|[spread] p2a,p2b\n|-resisted|p2a: Scizor|1\n|-damage|p2a: Scizor|78/100\n|-damage|p2b: Incineroar|10/100\n|move|p2b: Incineroar|Parting Shot|p1b: Froslass\n|-unboost|p1b: Froslass|atk|1\n|-unboost|p1b: Froslass|spa|1\n|\n|t:|1776264323\n|switch|p2b: Pelipper|Pelipper, L50, M|100/100|[from] Parting Shot\n|\n|-weather|RainDance|[upkeep]\n|upkeep\n|turn|5\n|\n|t:|1776264340\n|move|p2a: Scizor|Protect|p2a: Scizor\n|-singleturn|p2a: Scizor|Protect\n|move|p1a: Whimsicott|Fake Tears|p2b: Pelipper\n|-unboost|p2b: Pelipper|spd|2\n|move|p1b: Froslass|Bitter Malice|p2b: Pelipper\n|-damage|p2b: Pelipper|13/100\n|-unboost|p2b: Pelipper|atk|1\n|move|p2b: Pelipper|Hurricane|p1a: Whimsicott\n|-supereffective|p1a: Whimsicott|1\n|-damage|p1a: Whimsicott|0 fnt\n|faint|p1a: Whimsicott\n|\n|-weather|none\n|upkeep\n|\n|t:|1776264357\n|switch|p1a: Froslass|Froslass, L50, F, shiny|100/100\n|turn|6\n|\n|t:|1776264368\n|switch|p2b: Incineroar|Incineroar, L50, F|10/100\n|-ability|p2b: Incineroar|Intimidate|boost\n|-unboost|p1a: Froslass|atk|1\n|-unboost|p1b: Froslass|atk|1\n|detailschange|p1a: Froslass|Froslass-Mega, L50, F, shiny\n|-mega|p1a: Froslass|Froslass|Froslassite\n|-weather|Snowscape|[from] ability: Snow Warning|[of] p1a: Froslass\n|move|p2a: Scizor|Protect||[still]\n|-fail|p2a: Scizor\n|move|p1a: Froslass|Blizzard|p2a: Scizor|[spread] p2a,p2b\n|-resisted|p2a: Scizor|1\n|-resisted|p2b: Incineroar|1\n|-damage|p2a: Scizor|50/100\n|-damage|p2b: Incineroar|0 fnt\n|faint|p2b: Incineroar\n|move|p1b: Froslass|Bitter Malice|p2a: Scizor\n|-damage|p2a: Scizor|23/100\n|-unboost|p2a: Scizor|atk|1\n|\n|-weather|Snowscape|[upkeep]\n|-end|p2a: Scizor|Encore\n|upkeep\n|\n|t:|1776264391\n|switch|p2b: Pelipper|Pelipper, L50, M|13/100\n|-weather|RainDance|[from] ability: Drizzle|[of] p2b: Pelipper\n|turn|7\n|\n|t:|1776264401\n|switch|p1a: Garchomp|Garchomp, L50, F|100/100\n|move|p2a: Scizor|Bullet Punch|p1a: Garchomp\n|-crit|p1a: Garchomp\n|-damage|p1a: Garchomp|13/100\n|move|p1b: Froslass|Icy Wind|p2a: Scizor|[spread] p2b\n|-miss|p1b: Froslass|p2a: Scizor\n|-damage|p2b: Pelipper|0 fnt\n|faint|p2b: Pelipper\n|\n|-weather|RainDance|[upkeep]\n|upkeep\n|\n|t:|1776264413\n|switch|p2b: Milotic|Milotic, L50, M, shiny|100/100\n|turn|8\n|\n|t:|1776264433\n|move|p2a: Scizor|Protect|p2a: Scizor\n|-singleturn|p2a: Scizor|Protect\n|move|p1a: Garchomp|Earthquake|p2b: Milotic|[spread] p1b,p2b\n|-activate|p2a: Scizor|move: Protect\n|-damage|p1b: Froslass|10/100\n|-damage|p2b: Milotic|59/100\n|replace|p1b: Zoroark|Zoroark-Hisui, L50, M, shiny\n|-end|p1b: Zoroark|Illusion\n|move|p1b: Zoroark|Bitter Malice|p2a: Scizor\n|-activate|p2a: Scizor|move: Protect\n|move|p2b: Milotic|Life Dew|p2b: Milotic|[spread] p2a,p2b\n|-heal|p2a: Scizor|48/100\n|-heal|p2b: Milotic|84/100\n|\n|-weather|RainDance|[upkeep]\n|-heal|p2b: Milotic|90/100|[from] item: Leftovers\n|upkeep\n|turn|9\n|\n|t:|1776264455\n|move|p1b: Zoroark|Protect|p1b: Zoroark\n|-singleturn|p1b: Zoroark|Protect\n|move|p2a: Scizor|Bullet Punch|p1a: Garchomp\n|-damage|p1a: Garchomp|0 fnt\n|faint|p1a: Garchomp\n|move|p2b: Milotic|Scald|p1b: Zoroark\n|-activate|p1b: Zoroark|move: Protect\n|\n|-weather|RainDance|[upkeep]\n|-heal|p2b: Milotic|96/100|[from] item: Leftovers\n|upkeep\n|\n|t:|1776264466\n|switch|p1a: Froslass|Froslass-Mega, L50, F, shiny|100/100\n|-weather|Snowscape|[from] ability: Snow Warning|[of] p1a: Froslass\n|turn|10\n|\n|t:|1776264478\n|move|p2a: Scizor|Protect|p2a: Scizor\n|-singleturn|p2a: Scizor|Protect\n|move|p1b: Zoroark|Bitter Malice|p2a: Scizor\n|-activate|p2a: Scizor|move: Protect\n|move|p1a: Froslass|Aurora Veil|p1a: Froslass\n|-sidestart|p1: loxans57|move: Aurora Veil\n|move|p2b: Milotic|Life Dew|p2b: Milotic|[spread] p2a,p2b\n|-heal|p2a: Scizor|74/100\n|-heal|p2b: Milotic|100/100\n|\n|-weather|Snowscape|[upkeep]\n|upkeep\n|turn|11\n|\n|t:|1776264495\n|move|p1b: Zoroark|Protect|p1b: Zoroark\n|-singleturn|p1b: Zoroark|Protect\n|move|p2a: Scizor|Bullet Punch|p1a: Froslass\n|-supereffective|p1a: Froslass|1\n|-damage|p1a: Froslass|27/100\n|move|p1a: Froslass|Blizzard|p2b: Milotic|[spread] p2a,p2b\n|-resisted|p2a: Scizor|1\n|-resisted|p2b: Milotic|1\n|-damage|p2a: Scizor|50/100\n|-damage|p2b: Milotic|86/100\n|move|p2b: Milotic|Life Dew|p2b: Milotic|[spread] p2a,p2b\n|-heal|p2a: Scizor|75/100\n|-heal|p2b: Milotic|100/100\n|\n|-weather|Snowscape|[upkeep]\n|upkeep\n|turn|12\n|\n|t:|1776264516\n|move|p1a: Froslass|Protect|p1a: Froslass\n|-singleturn|p1a: Froslass|Protect\n|move|p2a: Scizor|Bullet Punch|p1b: Zoroark\n|-damage|p1b: Zoroark|0 fnt\n|faint|p1b: Zoroark\n|move|p2b: Milotic|Life Dew||[still]|[spread] p2a,p2b\n|-heal|p2a: Scizor|99/100\n|-fail|p2b: Milotic|heal\n|\n|-weather|Snowscape|[upkeep]\n|upkeep\n|turn|13\n|\n|t:|1776264528\n|move|p2a: Scizor|Bullet Punch|p1a: Froslass\n|-supereffective|p1a: Froslass|1\n|-damage|p1a: Froslass|0 fnt\n|faint|p1a: Froslass\n|\n|win|xAltroPR\n|l|\u2606loxans57\n|player|p1|\n",
  "uploadtime": 1776264540,
  "views": 17,
  "formatid": "gen9championsvgc2026regma",
  "rating": null,
  "private": 0,
  "password": null
}