{
  "id": "gen9championsvgc2026regma-2587833596",
  "format": "[Gen 9 Champions] VGC 2026 Reg M-A",
  "players": [
    "KilamanolaVGC",
    "holdingc"
  ],
  "log": "|j|\u203dKilamanolaVGC\n|j|\u2606holdingc\n|t:|1776568718\n|gametype|doubles\n|player|p1|KilamanolaVGC|benga|1363\n|player|p2|holdingc|anabel-gen7|1377\n|gen|9\n|tier|[Gen 9 Champions] VGC 2026 Reg M-A\n|rated|\n|rule|Species Clause: Limit one of each Pok\u00e9mon\n|rule|Item Clause: Limit 1 of each item\n|clearpoke\n|poke|p1|Scovillain, L50, M, shiny|\n|poke|p1|Sneasler, L50, M, shiny|\n|poke|p1|Pelipper, L50, M, shiny|\n|poke|p1|Basculegion, L50, M|\n|poke|p1|Aerodactyl, L50, M, shiny|\n|poke|p1|Archaludon, L50, F, shiny|\n|poke|p2|Meowscarada, L50, M|\n|poke|p2|Dragapult, L50, F|\n|poke|p2|Milotic, L50, F|\n|poke|p2|Venusaur, L50, M|\n|poke|p2|Corviknight, L50, M|\n|poke|p2|Sneasler, L50, M|\n|teampreview|4\n|inactive|Battle timer is ON: inactive players will automatically lose when time's up. (requested by holdingc)\n|inactive|KilamanolaVGC also wants the timer to be on.\nKilamanolaVGC has agreed to open team sheets.\nholdingc has agreed to open team sheets.\n|showteam|p1|Scovillain||Scovillainite|Moody|Protect,Overheat,LeechSeed,RagePowder|||M|||50|]Sneasler||WhiteHerb|Unburden|DireClaw,CloseCombat,FakeOut,Protect|||M|||50|]Pelipper||SitrusBerry|Drizzle|WeatherBall,Hurricane,Protect,WideGuard|||M|||50|]Basculegion||FocusSash|SwiftSwim|Liquidation,LastRespects,AquaJet,Protect|||M|||50|]Aerodactyl||Aerodactylite|RockHead|DualWingbeat,RockSlide,Tailwind,Protect|||M|||50|]Archaludon||ChoiceScarf|Sturdy|ElectroShot,DragonPulse,FlashCannon,Snarl|||F|||50|\n|showteam|p2|Meowscarada||ChoiceScarf|Protean|FlowerTrick,ThroatChop,Uturn,LowKick|||M|||50|]Dragapult||FocusSash|ClearBody|PhantomForce,DragonDarts,PsychicFangs,Protect|||F|||50|]Milotic||SitrusBerry|Competitive|Scald,IcyWind,Recover,HelpingHand|||F|||50|]Venusaur||Venusaurite|Chlorophyll|SludgeBomb,EarthPower,LeechSeed,Protect|||M|||50|]Corviknight||Leftovers|Unnerve|BodyPress,IronHead,IronDefense,Roost|||M|||50|]Sneasler||WhiteHerb|Unburden|FakeOut,CloseCombat,DireClaw,RockTomb|||M|||50|\n|inactive|KilamanolaVGC has 60 seconds left.\n|inactive|holdingc has 60 seconds left.\n|\n|t:|1776568768\n|teamsize|p1|4\n|teamsize|p2|4\n|start\n|switch|p1a: Scovillain|Scovillain, L50, M, shiny|100/100\n|switch|p1b: Sneasler|Sneasler, L50, M, shiny|100/100\n|switch|p2a: Milotic|Milotic, L50, F|100/100\n|switch|p2b: Dragapult|Dragapult, L50, F|100/100\n|turn|1\n|inactive|holdingc has 30 seconds left.\n|inactive|holdingc has 20 seconds left.\n|inactive|holdingc has 15 seconds left.\n|\n|t:|1776568812\n|move|p2a: Milotic|Helping Hand|p2b: Dragapult\n|-singleturn|p2b: Dragapult|Helping Hand|[of] p2a: Milotic\n|move|p1b: Sneasler|Protect|p1b: Sneasler\n|-singleturn|p1b: Sneasler|Protect\n|move|p1a: Scovillain|Protect|p1a: Scovillain\n|-singleturn|p1a: Scovillain|Protect\n|move|p2b: Dragapult|Dragon Darts|p1b: Sneasler\n|-activate|p1a: Scovillain|move: Protect\n|\n|-ability|p1a: Scovillain|Moody|boost\n|-boost|p1a: Scovillain|spd|2\n|-unboost|p1a: Scovillain|spe|1\n|upkeep\n|turn|2\n|inactive|KilamanolaVGC has 30 seconds left.\n|inactive|holdingc has 30 seconds left.\n|\n|t:|1776568844\n|detailschange|p1a: Scovillain|Scovillain-Mega, L50, M, shiny\n|-mega|p1a: Scovillain|Scovillain|Scovillainite\n|move|p2b: Dragapult|Protect|p2b: Dragapult\n|-singleturn|p2b: Dragapult|Protect\n|move|p1b: Sneasler|Close Combat|p2a: Milotic\n|-damage|p2a: Milotic|44/100\n|-unboost|p1b: Sneasler|def|1\n|-unboost|p1b: Sneasler|spd|1\n|-enditem|p2a: Milotic|Sitrus Berry|[eat]\n|-heal|p2a: Milotic|69/100|[from] item: Sitrus Berry\n|-enditem|p1b: Sneasler|White Herb\n|-clearnegativeboost|p1b: Sneasler|[silent]\n|move|p2a: Milotic|Scald|p1b: Sneasler\n|-damage|p1b: Sneasler|67/100\n|move|p1a: Scovillain|Leech Seed|p2a: Milotic\n|-start|p2a: Milotic|move: Leech Seed\n|\n|-damage|p2a: Milotic|57/100|[from] Leech Seed|[of] p1a: Scovillain\n|upkeep\n|turn|3\n|inactive|KilamanolaVGC has 30 seconds left.\n|\n|t:|1776568870\n|switch|p2a: Venusaur|Venusaur, L50, M|100/100\n|move|p1a: Scovillain|Protect|p1a: Scovillain\n|-singleturn|p1a: Scovillain|Protect\n|move|p1b: Sneasler|Dire Claw|p2b: Dragapult\n|-resisted|p2b: Dragapult|1\n|-damage|p2b: Dragapult|69/100\n|-status|p2b: Dragapult|psn\n|move|p2b: Dragapult|Psychic Fangs|p1b: Sneasler\n|-supereffective|p1b: Sneasler|2\n|-damage|p1b: Sneasler|0 fnt\n|faint|p1b: Sneasler\n|\n|-damage|p2b: Dragapult|57/100 psn|[from] psn\n|upkeep\n|\n|t:|1776568888\n|switch|p1b: Pelipper|Pelipper, L50, M, shiny|100/100\n|-weather|RainDance|[from] ability: Drizzle|[of] p1b: Pelipper\n|turn|4\n|inactive|holdingc has 30 seconds left.\n|inactive|holdingc has 20 seconds left.\n|\n|t:|1776568930\n|switch|p2a: Milotic|Milotic, L50, F|57/100\n|switch|p1a: Archaludon|Archaludon, L50, F, shiny|100/100\n|move|p2b: Dragapult|Phantom Force||[still]\n|-prepare|p2b: Dragapult|Phantom Force\n|move|p1b: Pelipper|Hurricane|p2a: Milotic\n|-damage|p2a: Milotic|29/100\n|\n|-weather|RainDance|[upkeep]\n|-damage|p2b: Dragapult|45/100 psn|[from] psn\n|upkeep\n|turn|5\n|inactive|holdingc has 30 seconds left.\n|inactive|KilamanolaVGC has 30 seconds left.\n|\n|t:|1776568969\n|move|p1a: Archaludon|Dragon Pulse|p2a: Milotic\n|-damage|p2a: Milotic|0 fnt\n|faint|p2a: Milotic\n|move|p2b: Dragapult|Phantom Force|p1b: Pelipper|[from] lockedmove\n|-damage|p1b: Pelipper|59/100\n|move|p1b: Pelipper|Hurricane|p2b: Dragapult\n|-damage|p2b: Dragapult|0 fnt\n|faint|p2b: Dragapult\n|\n|-weather|RainDance|[upkeep]\n|upkeep\n|\n|t:|1776568975\n|switch|p2b: Venusaur|Venusaur, L50, M|100/100\n|switch|p2a: Meowscarada|Meowscarada, L50, M|100/100\n|turn|6\n|\n|t:|1776568985\n|switch|p1b: Scovillain|Scovillain-Mega, L50, M, shiny|100/100\n|detailschange|p2b: Venusaur|Venusaur-Mega, L50, M\n|-mega|p2b: Venusaur|Venusaur|Venusaurite\n|move|p2a: Meowscarada|Flower Trick|p1b: Scovillain\n|-start|p2a: Meowscarada|typechange|Grass|[from] ability: Protean\n|-resisted|p1b: Scovillain|2\n|-crit|p1b: Scovillain\n|-damage|p1b: Scovillain|86/100\n|-status|p2a: Meowscarada|brn|[from] ability: Spicy Spray|[of] p1b: Scovillain\n|move|p1a: Archaludon|Dragon Pulse|p2b: Venusaur\n|-damage|p2b: Venusaur|68/100\n|move|p2b: Venusaur|Leech Seed|p1a: Archaludon\n|-start|p1a: Archaludon|move: Leech Seed\n|\n|-weather|RainDance|[upkeep]\n|-damage|p1a: Archaludon|89/100|[from] Leech Seed|[of] p2b: Venusaur\n|-heal|p2b: Venusaur|79/100|[silent]\n|-damage|p2a: Meowscarada|95/100 brn|[from] brn\n|upkeep\n|turn|7\n|\n|t:|1776569010\n|move|p1b: Scovillain|Protect|p1b: Scovillain\n|-singleturn|p1b: Scovillain|Protect\n|move|p2a: Meowscarada|Flower Trick|p1b: Scovillain\n|-activate|p1b: Scovillain|move: Protect\n|move|p1a: Archaludon|Dragon Pulse|p2b: Venusaur\n|-damage|p2b: Venusaur|45/100\n|move|p2b: Venusaur|Sludge Bomb|p1b: Scovillain\n|-activate|p1b: Scovillain|move: Protect\n|\n|-weather|RainDance|[upkeep]\n|-damage|p1a: Archaludon|77/100|[from] Leech Seed|[of] p2b: Venusaur\n|-heal|p2b: Venusaur|56/100|[silent]\n|-damage|p2a: Meowscarada|89/100 brn|[from] brn\n|upkeep\n|turn|8\n|inactive|KilamanolaVGC has 30 seconds left.\n|inactive|KilamanolaVGC has 20 seconds left.\n|\n|t:|1776569047\n|switch|p1b: Pelipper|Pelipper, L50, M, shiny|59/100\n|move|p2a: Meowscarada|Flower Trick|p1a: Archaludon\n|-resisted|p1a: Archaludon|2\n|-crit|p1a: Archaludon\n|-damage|p1a: Archaludon|71/100\n|move|p1a: Archaludon|Dragon Pulse|p2b: Venusaur\n|-damage|p2b: Venusaur|20/100\n|move|p2b: Venusaur|Sludge Bomb|p1b: Pelipper\n|-damage|p1b: Pelipper|9/100\n|-enditem|p1b: Pelipper|Sitrus Berry|[eat]\n|-heal|p1b: Pelipper|34/100|[from] item: Sitrus Berry\n|\n|-weather|none\n|-damage|p1a: Archaludon|59/100|[from] Leech Seed|[of] p2b: Venusaur\n|-heal|p2b: Venusaur|31/100|[silent]\n|-damage|p2a: Meowscarada|83/100 brn|[from] brn\n|upkeep\n|turn|9\n|\n|t:|1776569065\n|switch|p1b: Scovillain|Scovillain-Mega, L50, M, shiny|86/100\n|move|p2b: Venusaur|Protect|p2b: Venusaur\n|-singleturn|p2b: Venusaur|Protect\n|move|p2a: Meowscarada|Flower Trick|p1b: Scovillain\n|-resisted|p1b: Scovillain|2\n|-crit|p1b: Scovillain\n|-damage|p1b: Scovillain|79/100\n|move|p1a: Archaludon|Dragon Pulse|p2b: Venusaur\n|-activate|p2b: Venusaur|move: Protect\n|\n|-damage|p1a: Archaludon|47/100|[from] Leech Seed|[of] p2b: Venusaur\n|-heal|p2b: Venusaur|42/100|[silent]\n|-damage|p2a: Meowscarada|77/100 brn|[from] brn\n|upkeep\n|turn|10\n|\n|t:|1776569078\n|move|p2a: Meowscarada|Flower Trick|p1a: Archaludon\n|-resisted|p1a: Archaludon|2\n|-crit|p1a: Archaludon\n|-damage|p1a: Archaludon|41/100\n|move|p1a: Archaludon|Dragon Pulse|p2b: Venusaur\n|-damage|p2b: Venusaur|3/100\n|move|p2b: Venusaur|Earth Power|p1a: Archaludon\n|-supereffective|p1a: Archaludon|1\n|-damage|p1a: Archaludon|0 fnt\n|faint|p1a: Archaludon\n|move|p1b: Scovillain|Overheat|p2b: Venusaur\n|-supereffective|p2b: Venusaur|1\n|-damage|p2b: Venusaur|0 fnt\n|-unboost|p1b: Scovillain|spa|2\n|faint|p2b: Venusaur\n|\n|-damage|p2a: Meowscarada|71/100 brn|[from] brn\n|upkeep\n|-message|holdingc forfeited.\n|\n|win|KilamanolaVGC\n|raw|KilamanolaVGC's rating: 1363 &rarr; <strong>1384</strong><br />(+21 for winning)\n|raw|holdingc's rating: 1377 &rarr; <strong>1356</strong><br />(-21 for losing)\n|l|\u2606holdingc\n|player|p2|\n",
  "uploadtime": 1776569108,
  "views": 17,
  "formatid": "gen9championsvgc2026regma",
  "rating": 1356,
  "private": 0,
  "password": null
}