{
  "id": "gen9championsvgc2026regma-2584571524",
  "format": "[Gen 9 Champions] VGC 2026 Reg M-A",
  "players": [
    "SimMikaze",
    "ED_AMI<3"
  ],
  "log": "|j|\u2606SimMikaze\n|j|\u2606ED_AMI<3\n|t:|1776269513\n|gametype|doubles\n|player|p1|SimMikaze|miku-ghost|1122\n|player|p2|ED_AMI<3|101|1174\n|gen|9\n|tier|[Gen 9 Champions] VGC 2026 Reg M-A\n|rated|\n|rule|Species Clause: Limit one of each Pok\u00e9mon\n|rule|Item Clause: Limit 1 of each item\n|clearpoke\n|poke|p1|Delphox, L50, F|\n|poke|p1|Whimsicott, L50, M|\n|poke|p1|Basculegion, L50, M|\n|poke|p1|Garchomp, L50, F|\n|poke|p1|Orthworm, L50, M|\n|poke|p1|Sneasler, L50, F|\n|poke|p2|Garchomp, L50, M|\n|poke|p2|Pelipper, L50, M|\n|poke|p2|Whimsicott, L50, M|\n|poke|p2|Basculegion, L50, M|\n|poke|p2|Glimmora, L50, F|\n|poke|p2|Kingambit, L50, M|\n|teampreview|4\n|inactive|Battle timer is ON: inactive players will automatically lose when time's up. (requested by ED_AMI<3)\n|\n|t:|1776269535\n|teamsize|p1|4\n|teamsize|p2|4\n|start\n|switch|p1a: Delphox|Delphox, L50, F|100/100\n|switch|p1b: Whimsicott|Whimsicott, L50, M|100/100\n|switch|p2a: Kingambit|Kingambit, L50, M|100/100\n|switch|p2b: Garchomp|Garchomp, L50, M|100/100\n|turn|1\n|inactive|SimMikaze has 30 seconds left.\n|\n|t:|1776269562\n|switch|p2b: Whimsicott|Whimsicott, L50, M|100/100\n|detailschange|p1a: Delphox|Delphox-Mega, L50, F\n|-mega|p1a: Delphox|Delphox|Delphoxite\n|move|p1a: Delphox|Substitute|p1a: Delphox\n|-start|p1a: Delphox|Substitute\n|-damage|p1a: Delphox|76/100\n|move|p1b: Whimsicott|Moonblast|p2b: Whimsicott\n|-damage|p2b: Whimsicott|35/100\n|move|p2a: Kingambit|Kowtow Cleave|p1a: Delphox\n|-supereffective|p1a: Delphox|1\n|-end|p1a: Delphox|Substitute\n|\n|upkeep\n|turn|2\n|inactive|SimMikaze has 30 seconds left.\n|\n|t:|1776269592\n|switch|p2a: Basculegion|Basculegion, L50, M|100/100\n|move|p2b: Whimsicott|Encore|p1a: Delphox\n|-start|p1a: Delphox|Encore\n|move|p1b: Whimsicott|Sunny Day|p1b: Whimsicott\n|-weather|SunnyDay\n|move|p1a: Delphox|Substitute|p1a: Delphox\n|-start|p1a: Delphox|Substitute\n|-damage|p1a: Delphox|51/100\n|\n|-weather|SunnyDay|[upkeep]\n|upkeep\n|turn|3\n|inactive|SimMikaze has 30 seconds left.\n|inactive|ED_AMI<3 has 30 seconds left.\n|\n|t:|1776269624\n|switch|p1b: Garchomp|Garchomp, L50, F|100/100\n|move|p2a: Basculegion|Last Respects|p1b: Garchomp\n|-crit|p1b: Garchomp\n|-damage|p1b: Garchomp|50/100\n|move|p1a: Delphox|Substitute|p1a: Delphox\n|-fail|p1a: Delphox|move: Substitute\n|move|p2b: Whimsicott|Moonblast|p1b: Garchomp\n|-supereffective|p1b: Garchomp|1\n|-damage|p1b: Garchomp|0 fnt\n|faint|p1b: Garchomp\n|\n|-weather|SunnyDay|[upkeep]\n|upkeep\n|\n|t:|1776269630\n|switch|p1b: Whimsicott|Whimsicott, L50, M|100/100\n|turn|4\n|\n|t:|1776269644\n|move|p2b: Whimsicott|Taunt|p1a: Delphox\n|-start|p1a: Delphox|move: Taunt\n|move|p2a: Basculegion|Last Respects|p1a: Delphox\n|-supereffective|p1a: Delphox|1\n|-end|p1a: Delphox|Substitute\n|cant|p1a: Delphox|move: Taunt|Substitute\n|move|p1b: Whimsicott|Moonblast|p2b: Whimsicott\n|-damage|p2b: Whimsicott|0 fnt\n|faint|p2b: Whimsicott\n|\n|-weather|SunnyDay|[upkeep]\n|-end|p1a: Delphox|Encore\n|upkeep\n|\n|t:|1776269659\n|switch|p2b: Garchomp|Garchomp, L50, M|100/100\n|turn|5\n|inactive|SimMikaze has 30 seconds left.\n|\n|t:|1776269685\n|move|p1b: Whimsicott|Tailwind|p1b: Whimsicott\n|-sidestart|p1: SimMikaze|move: Tailwind\n|move|p1a: Delphox|Psychic|p2b: Garchomp\n|-damage|p2b: Garchomp|48/100\n|move|p2a: Basculegion|Last Respects|p1b: Whimsicott\n|-damage|p1b: Whimsicott|20/100\n|move|p2b: Garchomp|Earthquake|p1b: Whimsicott|[spread] p2a,p1b\n|-immune|p1a: Delphox|[from] ability: Levitate\n|-resisted|p1b: Whimsicott|1\n|-damage|p2a: Basculegion|52/100\n|-damage|p1b: Whimsicott|0 fnt\n|faint|p1b: Whimsicott\n|\n|-weather|SunnyDay|[upkeep]\n|upkeep\n|\n|t:|1776269690\n|switch|p1b: Basculegion|Basculegion, L50, M|100/100\n|turn|6\n|\n|t:|1776269708\n|move|p1b: Basculegion|Last Respects|p2a: Basculegion\n|-supereffective|p2a: Basculegion|1\n|-damage|p2a: Basculegion|0 fnt\n|faint|p2a: Basculegion\n|move|p1a: Delphox|Heat Wave|p2b: Garchomp\n|-resisted|p2b: Garchomp|1\n|-damage|p2b: Garchomp|8/100\n|move|p2b: Garchomp|Rock Slide|p1a: Delphox|[spread] p1a,p1b\n|-supereffective|p1a: Delphox|1\n|-crit|p1a: Delphox\n|-damage|p1a: Delphox|0 fnt\n|-damage|p1b: Basculegion|74/100\n|faint|p1a: Delphox\n|\n|-weather|none\n|upkeep\n|\n|t:|1776269717\n|switch|p2a: Kingambit|Kingambit, L50, M|100/100\n|turn|7\n|\n|t:|1776269721\n|move|p2a: Kingambit|Sucker Punch|p1b: Basculegion\n|-supereffective|p1b: Basculegion|1\n|-damage|p1b: Basculegion|0 fnt\n|faint|p1b: Basculegion\n|\n|win|ED_AMI<3\n|raw|SimMikaze's rating: 1122 &rarr; <strong>1101</strong><br />(-21 for losing)\n|raw|ED_AMI&lt;3's rating: 1174 &rarr; <strong>1195</strong><br />(+21 for winning)\n|c|\u2606SimMikaze|Damn\n|c|\u2606SimMikaze|Bearly survived\n",
  "uploadtime": 1776269723,
  "views": 21,
  "formatid": "gen9championsvgc2026regma",
  "rating": 1101,
  "private": 0,
  "password": null
}