{
  "id": "gen9championsvgc2026regma-2586101155",
  "format": "[Gen 9 Champions] VGC 2026 Reg M-A",
  "players": [
    "Furia444",
    "chiraquanid"
  ],
  "log": "|j|\u2606Furia444\n|j|\u2606chiraquanid\n|t:|1776399124\n|gametype|doubles\n|player|p1|Furia444|hugh|1252\n|player|p2|chiraquanid|170|1297\n|gen|9\n|tier|[Gen 9 Champions] VGC 2026 Reg M-A\n|rated|\n|rule|Species Clause: Limit one of each Pok\u00e9mon\n|rule|Item Clause: Limit 1 of each item\n|clearpoke\n|poke|p1|Gengar, L50, F|\n|poke|p1|Incineroar, L50, F|\n|poke|p1|Sneasler, L50, M|\n|poke|p1|Pelipper, L50, M|\n|poke|p1|Archaludon, L50, M|\n|poke|p1|Basculegion, L50, M|\n|poke|p2|Meowstic-F, L50, F|\n|poke|p2|Araquanid, L50, F|\n|poke|p2|Wyrdeer, L50, M|\n|poke|p2|Scovillain, L50, M|\n|poke|p2|Kommo-o, L50, F|\n|poke|p2|Aegislash, L50, F|\n|teampreview|4\n|inactive|Battle timer is ON: inactive players will automatically lose when time's up. (requested by Furia444)\n|inactive|chiraquanid has 60 seconds left.\n|inactive|chiraquanid has 30 seconds left.\n|inactive|chiraquanid has 20 seconds left.\n|inactive|chiraquanid has 15 seconds left.\n|inactive|chiraquanid has 10 seconds left.\n|inactive|chiraquanid has 5 seconds left.\n|\n|t:|1776399213\n|teamsize|p1|4\n|teamsize|p2|4\n|start\n|switch|p1a: Incineroar|Incineroar, L50, F|100/100\n|switch|p1b: Basculegion|Basculegion, L50, M, shiny|100/100\n|switch|p2a: Kommo-o|Kommo-o, L50, F|100/100\n|switch|p2b: Meowstic|Meowstic-F, L50, F|100/100\n|-ability|p1a: Incineroar|Intimidate|boost\n|-unboost|p2a: Kommo-o|atk|1\n|-unboost|p2b: Meowstic|atk|1\n|-ability|p2b: Meowstic|Competitive|boost\n|-boost|p2b: Meowstic|spa|2\n|turn|1\n|\n|t:|1776399238\n|move|p2b: Meowstic|Protect|p2b: Meowstic\n|-singleturn|p2b: Meowstic|Protect\n|move|p2a: Kommo-o|Protect|p2a: Kommo-o\n|-singleturn|p2a: Kommo-o|Protect\n|move|p1a: Incineroar|Fake Out|p2a: Kommo-o\n|-activate|p2a: Kommo-o|move: Protect\n|move|p1b: Basculegion|Flip Turn|p2b: Meowstic\n|-activate|p2b: Meowstic|move: Protect\n|\n|upkeep\n|turn|2\n|inactive|chiraquanid has 30 seconds left.\n|inactive|chiraquanid has 20 seconds left.\n|\n|t:|1776399273\n|switch|p2a: Wyrdeer|Wyrdeer, L50, M|100/100\n|-ability|p2a: Wyrdeer|Intimidate|boost\n|-unboost|p1a: Incineroar|atk|1\n|-unboost|p1b: Basculegion|atk|1\n|detailschange|p2b: Meowstic|Meowstic-F-Mega, L50, F\n|-mega|p2b: Meowstic|Meowstic|Meowsticite\n|-ability|p2b: Meowstic|Intimidate|Trace|[from] ability: Trace|[of] p1a: Incineroar\n|-ability|p2b: Meowstic|Intimidate|boost\n|-unboost|p1a: Incineroar|atk|1\n|-unboost|p1b: Basculegion|atk|1\n|move|p1b: Basculegion|Flip Turn|p2b: Meowstic\n|-damage|p2b: Meowstic|73/100\n|\n|t:|1776399287\n|switch|p1b: Gengar|Gengar, L50, F, shiny|100/100|[from] Flip Turn\n|move|p2b: Meowstic|Psyshock|p1b: Gengar\n|-supereffective|p1b: Gengar|1\n|-damage|p1b: Gengar|0 fnt\n|faint|p1b: Gengar\n|move|p1a: Incineroar|Throat Chop|p2b: Meowstic\n|-supereffective|p2b: Meowstic|1\n|-damage|p2b: Meowstic|24/100\n|-start|p2b: Meowstic|Throat Chop|[silent]\n|\n|upkeep\n|\n|t:|1776399297\n|switch|p1b: Sneasler|Sneasler, L50, M|100/100\n|turn|3\n|\n|t:|1776399312\n|switch|p2a: Kommo-o|Kommo-o, L50, F|100/100\n|move|p2b: Meowstic|Protect|p2b: Meowstic\n|-singleturn|p2b: Meowstic|Protect\n|move|p1b: Sneasler|Fake Out|p2b: Meowstic\n|-activate|p2b: Meowstic|move: Protect\n|move|p1a: Incineroar|Parting Shot|p2a: Kommo-o\n|-unboost|p2a: Kommo-o|atk|1\n|-unboost|p2a: Kommo-o|spa|1\n|\n|t:|1776399322\n|switch|p1a: Basculegion|Basculegion, L50, M, shiny|100/100|[from] Parting Shot\n|\n|-end|p2b: Meowstic|Throat Chop|[silent]\n|upkeep\n|turn|4\n|inactive|chiraquanid has 30 seconds left.\n|\n|t:|1776399348\n|switch|p2b: Wyrdeer|Wyrdeer, L50, M|100/100\n|-ability|p2b: Wyrdeer|Intimidate|boost\n|-unboost|p1a: Basculegion|atk|1\n|-unboost|p1b: Sneasler|atk|1\n|-enditem|p1b: Sneasler|White Herb\n|-clearnegativeboost|p1b: Sneasler|[silent]\n|switch|p2a: Aegislash|Aegislash, L50, F|100/100\n|move|p1a: Basculegion|Aqua Jet|p2b: Wyrdeer\n|-damage|p2b: Wyrdeer|80/100\n|move|p1b: Sneasler|Dire Claw|p2a: Aegislash\n|-immune|p2a: Aegislash\n|\n|upkeep\n|turn|5\n|inactive|Furia444 has 30 seconds left.\n|\n|t:|1776399374\n|switch|p1a: Incineroar|Incineroar, L50, F|100/100\n|-ability|p1a: Incineroar|Intimidate|boost\n|-unboost|p2a: Aegislash|atk|1\n|-unboost|p2b: Wyrdeer|atk|1\n|move|p1b: Sneasler|Protect|p1b: Sneasler\n|-singleturn|p1b: Sneasler|Protect\n|move|p2b: Wyrdeer|Psychic|p1b: Sneasler\n|-activate|p1b: Sneasler|move: Protect\n|-formechange|p2a: Aegislash|Aegislash-Blade|\n|move|p2a: Aegislash|Poltergeist|p1a: Incineroar\n|-activate|p1a: Incineroar|move: Poltergeist|Sitrus Berry\n|-resisted|p1a: Incineroar|1\n|-damage|p1a: Incineroar|80/100\n|\n|upkeep\n|turn|6\n|\n|t:|1776399396\n|switch|p2b: Kommo-o|Kommo-o, L50, F|100/100\n|-formechange|p2a: Aegislash|Aegislash|\n|move|p2a: Aegislash|King's Shield|p2a: Aegislash\n|-singleturn|p2a: Aegislash|Protect\n|move|p1b: Sneasler|Close Combat|p2b: Kommo-o\n|-damage|p2b: Kommo-o|44/100\n|-unboost|p1b: Sneasler|def|1\n|-unboost|p1b: Sneasler|spd|1\n|move|p1a: Incineroar|Throat Chop|p2a: Aegislash\n|-activate|p2a: Aegislash|move: Protect\n|-unboost|p1a: Incineroar|atk|1\n|\n|upkeep\n|turn|7\n|j| AceeeVGC\n|inactive|chiraquanid has 30 seconds left.\n|inactive|Furia444 has 30 seconds left.\n|\n|t:|1776399432\n|move|p1b: Sneasler|Protect|p1b: Sneasler\n|-singleturn|p1b: Sneasler|Protect\n|move|p2b: Kommo-o|Protect|p2b: Kommo-o\n|-singleturn|p2b: Kommo-o|Protect\n|move|p1a: Incineroar|Parting Shot|p2b: Kommo-o\n|-activate|p2b: Kommo-o|move: Protect\n|-formechange|p2a: Aegislash|Aegislash-Blade|\n|move|p2a: Aegislash|Sacred Sword|p1a: Incineroar\n|-supereffective|p1a: Incineroar|1\n|-damage|p1a: Incineroar|41/100\n|-enditem|p1a: Incineroar|Sitrus Berry|[eat]\n|-heal|p1a: Incineroar|66/100|[from] item: Sitrus Berry\n|\n|upkeep\n|turn|8\n|inactive|Furia444 has 30 seconds left.\n|inactive|chiraquanid has 30 seconds left.\n|\n|t:|1776399462\n|move|p1b: Sneasler|Close Combat|p2b: Kommo-o\n|-damage|p2b: Kommo-o|0 fnt\n|-unboost|p1b: Sneasler|def|1\n|-unboost|p1b: Sneasler|spd|1\n|faint|p2b: Kommo-o\n|move|p1a: Incineroar|Parting Shot|p2a: Aegislash\n|-unboost|p2a: Aegislash|atk|1\n|-unboost|p2a: Aegislash|spa|1\n|\n|t:|1776399470\n|switch|p1a: Basculegion|Basculegion, L50, M, shiny|100/100|[from] Parting Shot\n|move|p2a: Aegislash|Poltergeist|p1a: Basculegion\n|-activate|p1a: Basculegion|move: Poltergeist|Choice Scarf\n|-supereffective|p1a: Basculegion|1\n|-damage|p1a: Basculegion|0 fnt\n|faint|p1a: Basculegion\n|\n|upkeep\n|\n|t:|1776399483\n|switch|p2b: Wyrdeer|Wyrdeer, L50, M|80/100\n|switch|p1a: Incineroar|Incineroar, L50, F|66/100\n|-ability|p2b: Wyrdeer|Intimidate|boost\n|-unboost|p1a: Incineroar|atk|1\n|-unboost|p1b: Sneasler|atk|1\n|-ability|p1a: Incineroar|Intimidate|boost\n|-unboost|p2a: Aegislash|atk|1\n|-unboost|p2b: Wyrdeer|atk|1\n|turn|9\n|\n|t:|1776399505\n|switch|p2a: Meowstic|Meowstic-F-Mega, L50, F|24/100\n|-ability|p2a: Meowstic|Unburden|Trace|[from] ability: Trace|[of] p1b: Sneasler\n|move|p1b: Sneasler|Dire Claw|p2b: Wyrdeer\n|-damage|p2b: Wyrdeer|47/100\n|-status|p2b: Wyrdeer|par\n|-enditem|p2b: Wyrdeer|Sitrus Berry|[eat]\n|-heal|p2b: Wyrdeer|72/100 par|[from] item: Sitrus Berry\n|move|p1a: Incineroar|Throat Chop|p2a: Meowstic\n|-supereffective|p2a: Meowstic|1\n|-damage|p2a: Meowstic|0 fnt\n|faint|p2a: Meowstic\n|move|p2b: Wyrdeer|Psychic|p1b: Sneasler\n|-supereffective|p1b: Sneasler|2\n|-damage|p1b: Sneasler|0 fnt\n|faint|p1b: Sneasler\n|\n|upkeep\n|\n|t:|1776399517\n|switch|p2a: Aegislash|Aegislash, L50, F|100/100\n|turn|10\n|\n|t:|1776399526\n|move|p1a: Incineroar|Throat Chop|p2b: Wyrdeer\n|-supereffective|p2b: Wyrdeer|1\n|-damage|p2b: Wyrdeer|15/100 par\n|-start|p2b: Wyrdeer|Throat Chop|[silent]\n|-formechange|p2a: Aegislash|Aegislash-Blade|\n|move|p2a: Aegislash|Sacred Sword|p1a: Incineroar\n|-supereffective|p1a: Incineroar|1\n|-damage|p1a: Incineroar|3/100\n|move|p2b: Wyrdeer|Earth Power|p1a: Incineroar\n|-supereffective|p1a: Incineroar|1\n|-damage|p1a: Incineroar|0 fnt\n|faint|p1a: Incineroar\n|\n|win|chiraquanid\n|raw|Furia444's rating: 1252 &rarr; <strong>1230</strong><br />(-22 for losing)\n|raw|chiraquanid's rating: 1297 &rarr; <strong>1319</strong><br />(+22 for winning)\n|c|\u2606chiraquanid|ggs\n|l|\u2606Furia444\n|player|p1|\n",
  "uploadtime": 1776399661,
  "views": 53,
  "formatid": "gen9championsvgc2026regma",
  "rating": 1230,
  "private": 0,
  "password": null
}