{
  "id": "gen9championsvgc2026regma-2582481839",
  "format": "[Gen 9 Champions] VGC 2026 Reg M-A",
  "players": [
    "m2p mikey",
    "sayoshy"
  ],
  "log": "|j|\u2606m2p mikey\n|j|\u2606sayoshy\n|t:|1776094500\n|gametype|doubles\n|player|p1|m2p mikey|266|1000\n|player|p2|sayoshy|emmet-masters|1000\n|gen|9\n|tier|[Gen 9 Champions] VGC 2026 Reg M-A\n|rated|\n|rule|Species Clause: Limit one of each Pok\u00e9mon\n|rule|Item Clause: Limit 1 of each item\n|clearpoke\n|poke|p1|Pelipper, L50, F|\n|poke|p1|Dragonite, L50, M|\n|poke|p1|Aggron, L50, M|\n|poke|p1|Garchomp, L50, F|\n|poke|p1|Incineroar, L50, F|\n|poke|p1|Sinistcha, L50|\n|poke|p2|Charizard, L50, F|\n|poke|p2|Venusaur, L50, F|\n|poke|p2|Incineroar, L50, F|\n|poke|p2|Garchomp, L50, F|\n|poke|p2|Mimikyu, L50, F|\n|poke|p2|Whimsicott, L50, F|\n|teampreview|4\n|inactive|Battle timer is ON: inactive players will automatically lose when time's up. (requested by sayoshy)\nsayoshy rejected open team sheets.\n|\n|t:|1776094546\n|teamsize|p1|4\n|teamsize|p2|4\n|start\n|switch|p1a: Dragonite|Dragonite, L50, M|100/100\n|switch|p1b: Incineroar|Incineroar, L50, F|100/100\n|switch|p2a: Charizard|Charizard, L50, F, shiny|100/100\n|switch|p2b: Venusaur|Venusaur, L50, F|100/100\n|-ability|p1b: Incineroar|Intimidate|boost\n|-unboost|p2a: Charizard|atk|1\n|-unboost|p2b: Venusaur|atk|1\n|turn|1\n|inactive|sayoshy has 30 seconds left.\n|inactive|sayoshy has 20 seconds left.\n|inactive|sayoshy has 15 seconds left.\n|\n|t:|1776094587\n|move|p2a: Charizard|Protect|p2a: Charizard\n|-singleturn|p2a: Charizard|Protect\n|move|p1a: Dragonite|Protect|p1a: Dragonite\n|-singleturn|p1a: Dragonite|Protect\n|move|p1b: Incineroar|Fake Out|p2a: Charizard\n|-activate|p2a: Charizard|move: Protect\n|move|p2b: Venusaur|Sleep Powder|p1a: Dragonite\n|-activate|p1a: Dragonite|move: Protect\n|\n|upkeep\n|turn|2\n|inactive|m2p mikey has 30 seconds left.\n|inactive|sayoshy has 30 seconds left.\n|inactive|m2p mikey has 20 seconds left.\n|inactive|sayoshy has 20 seconds left.\n|inactive|sayoshy has 15 seconds left.\n|\n|t:|1776094632\n|detailschange|p2a: Charizard|Charizard-Mega-Y, L50, F, shiny\n|-mega|p2a: Charizard|Charizard|Charizardite Y\n|-weather|SunnyDay|[from] ability: Drought|[of] p2a: Charizard\n|detailschange|p1a: Dragonite|Dragonite-Mega, L50, M\n|-mega|p1a: Dragonite|Dragonite|Dragoninite\n|move|p2b: Venusaur|Sleep Powder|p1a: Dragonite\n|-status|p1a: Dragonite|slp|[from] move: Sleep Powder\n|cant|p1a: Dragonite|slp\n|move|p2a: Charizard|Weather Ball|p1a: Dragonite\n|-resisted|p1a: Dragonite|1\n|-damage|p1a: Dragonite|78/100 slp\n|move|p1b: Incineroar|Parting Shot|p2a: Charizard\n|-unboost|p2a: Charizard|atk|1\n|-unboost|p2a: Charizard|spa|1\n|\n|t:|1776094646\n|switch|p1b: Pelipper|Pelipper, L50, F|100/100|[from] Parting Shot\n|-weather|RainDance|[from] ability: Drizzle|[of] p1b: Pelipper\n|\n|-weather|RainDance|[upkeep]\n|upkeep\n|turn|3\n|\n|t:|1776094664\n|move|p2b: Venusaur|Protect|p2b: Venusaur\n|-singleturn|p2b: Venusaur|Protect\n|cant|p1a: Dragonite|slp\n|move|p2a: Charizard|Solar Beam||[still]\n|-prepare|p2a: Charizard|Solar Beam\n|move|p1b: Pelipper|Weather Ball|p2a: Charizard\n|-supereffective|p2a: Charizard|1\n|-damage|p2a: Charizard|0 fnt\n|faint|p2a: Charizard\n|\n|-weather|RainDance|[upkeep]\n|upkeep\n|\n|t:|1776094678\n|switch|p2a: Whimsicott|Whimsicott, L50, F, shiny|100/100\n|turn|4\n|inactive|sayoshy has 30 seconds left.\n|\n|t:|1776094707\n|switch|p2b: Incineroar|Incineroar, L50, F, shiny|100/100\n|-ability|p2b: Incineroar|Intimidate|boost\n|-unboost|p1a: Dragonite|atk|1\n|-unboost|p1b: Pelipper|atk|1\n|switch|p1b: Aggron|Aggron, L50, M|100/100\n|move|p2a: Whimsicott|Sunny Day|p2a: Whimsicott\n|-weather|SunnyDay\n|-curestatus|p1a: Dragonite|slp|[msg]\n|move|p1a: Dragonite|Hurricane|p2b: Incineroar|[miss]\n|-miss|p1a: Dragonite|p2b: Incineroar\n|\n|-weather|SunnyDay|[upkeep]\n|upkeep\n|turn|5\n|inactive|sayoshy has 30 seconds left.\n|\n|t:|1776094736\n|switch|p1a: Incineroar|Incineroar, L50, F|100/100\n|-ability|p1a: Incineroar|Intimidate|boost\n|-unboost|p2a: Whimsicott|atk|1\n|-unboost|p2b: Incineroar|atk|1\n|move|p1b: Aggron|Protect|p1b: Aggron\n|-singleturn|p1b: Aggron|Protect\n|move|p2b: Incineroar|Fake Out|p1a: Incineroar\n|-damage|p1a: Incineroar|95/100\n|move|p2a: Whimsicott|Tailwind|p2a: Whimsicott\n|-sidestart|p2: sayoshy|move: Tailwind\n|\n|-weather|SunnyDay|[upkeep]\n|upkeep\n|turn|6\n|inactive|sayoshy has 30 seconds left.\n|inactive|sayoshy has 20 seconds left.\n|inactive|sayoshy has 15 seconds left.\n|\n|t:|1776094780\n|move|p2a: Whimsicott|Protect|p2a: Whimsicott\n|-singleturn|p2a: Whimsicott|Protect\n|move|p1a: Incineroar|Fake Out|p2a: Whimsicott\n|-activate|p2a: Whimsicott|move: Protect\n|move|p2b: Incineroar|Parting Shot|p1b: Aggron\n|-unboost|p1b: Aggron|atk|1\n|-unboost|p1b: Aggron|spa|1\n|\n|t:|1776094791\n|switch|p2b: Venusaur|Venusaur, L50, F|100/100|[from] Parting Shot\n|move|p1b: Aggron|Heavy Slam|p2a: Whimsicott\n|-activate|p2a: Whimsicott|move: Protect\n|\n|-weather|SunnyDay|[upkeep]\n|upkeep\n|turn|7\n|\n|t:|1776094816\n|switch|p1a: Pelipper|Pelipper, L50, F|100/100\n|-weather|RainDance|[from] ability: Drizzle|[of] p1a: Pelipper\n|move|p1b: Aggron|Protect|p1b: Aggron\n|-singleturn|p1b: Aggron|Protect\n|move|p2a: Whimsicott|Moonblast|p1a: Pelipper\n|-damage|p1a: Pelipper|55/100\n|move|p2b: Venusaur|Sleep Powder|p1b: Aggron\n|-activate|p1b: Aggron|move: Protect\n|\n|-weather|RainDance|[upkeep]\n|upkeep\n|turn|8\n|c|\u2606m2p mikey|aewsome team bro\n|\n|t:|1776094834\n|move|p2a: Whimsicott|Sunny Day|p2a: Whimsicott\n|-weather|SunnyDay\n|move|p2b: Venusaur|Sleep Powder|p1b: Aggron\n|-status|p1b: Aggron|slp|[from] move: Sleep Powder\n|move|p1a: Pelipper|Hurricane|p2b: Venusaur\n|-supereffective|p2b: Venusaur|1\n|-enditem|p2b: Venusaur|Focus Sash\n|-damage|p2b: Venusaur|1/100\n|cant|p1b: Aggron|slp\n|\n|-weather|SunnyDay|[upkeep]\n|-sideend|p2: sayoshy|move: Tailwind\n|upkeep\n|turn|9\n|\n|t:|1776094858\n|move|p2b: Venusaur|Protect|p2b: Venusaur\n|-singleturn|p2b: Venusaur|Protect\n|move|p1a: Pelipper|Protect|p1a: Pelipper\n|-singleturn|p1a: Pelipper|Protect\n|move|p2a: Whimsicott|Moonblast|p1b: Aggron\n|-resisted|p1b: Aggron|1\n|-damage|p1b: Aggron|80/100 slp\n|cant|p1b: Aggron|slp\n|\n|-weather|SunnyDay|[upkeep]\n|upkeep\n|turn|10\n|inactive|sayoshy has 30 seconds left.\n|\n|t:|1776094886\n|switch|p1a: Incineroar|Incineroar, L50, F|95/100\n|-ability|p1a: Incineroar|Intimidate|boost\n|-unboost|p2a: Whimsicott|atk|1\n|-unboost|p2b: Venusaur|atk|1\n|move|p2b: Venusaur|Giga Drain|p1a: Incineroar\n|-resisted|p1a: Incineroar|1\n|-damage|p1a: Incineroar|78/100\n|-heal|p2b: Venusaur|11/100|[from] drain|[of] p1a: Incineroar\n|move|p2a: Whimsicott|Moonblast|p1b: Aggron\n|-resisted|p1b: Aggron|1\n|-damage|p1b: Aggron|60/100 slp\n|-unboost|p1b: Aggron|spa|1\n|-curestatus|p1b: Aggron|slp|[msg]\n|move|p1b: Aggron|Iron Defense|p1b: Aggron\n|-boost|p1b: Aggron|def|2\n|\n|-weather|SunnyDay|[upkeep]\n|upkeep\n|turn|11\n|\n|t:|1776094910\n|move|p2b: Venusaur|Protect|p2b: Venusaur\n|-singleturn|p2b: Venusaur|Protect\n|move|p1b: Aggron|Protect|p1b: Aggron\n|-singleturn|p1b: Aggron|Protect\n|move|p1a: Incineroar|Fake Out|p2b: Venusaur\n|-activate|p2b: Venusaur|move: Protect\n|move|p2a: Whimsicott|Tailwind|p2a: Whimsicott\n|-sidestart|p2: sayoshy|move: Tailwind\n|\n|-weather|SunnyDay|[upkeep]\n|upkeep\n|turn|12\n|inactive|sayoshy has 30 seconds left.\n|\n|t:|1776094944\n|switch|p2b: Incineroar|Incineroar, L50, F, shiny|100/100\n|-ability|p2b: Incineroar|Intimidate|boost\n|-unboost|p1a: Incineroar|atk|1\n|-unboost|p1b: Aggron|atk|1\n|switch|p1a: Pelipper|Pelipper, L50, F|55/100\n|-weather|RainDance|[from] ability: Drizzle|[of] p1a: Pelipper\n|move|p2a: Whimsicott|Moonblast|p1a: Pelipper\n|-damage|p1a: Pelipper|13/100\n|move|p1b: Aggron|Heavy Slam|p2a: Whimsicott\n|-supereffective|p2a: Whimsicott|1\n|-damage|p2a: Whimsicott|29/100\n|\n|-weather|RainDance|[upkeep]\n|upkeep\n|turn|13\n|\n|t:|1776094967\n|switch|p1a: Incineroar|Incineroar, L50, F|78/100\n|-ability|p1a: Incineroar|Intimidate|boost\n|-unboost|p2a: Whimsicott|atk|1\n|-unboost|p2b: Incineroar|atk|1\n|move|p2b: Incineroar|Fake Out|p1b: Aggron\n|-resisted|p1b: Aggron|2\n|-damage|p1b: Aggron|59/100\n|move|p2a: Whimsicott|Sunny Day|p2a: Whimsicott\n|-weather|SunnyDay\n|cant|p1b: Aggron|flinch\n|\n|-weather|SunnyDay|[upkeep]\n|upkeep\n|turn|14\n|inactive|sayoshy has 30 seconds left.\n|\n|t:|1776094997\n|move|p1a: Incineroar|Fake Out|p2b: Incineroar\n|-damage|p2b: Incineroar|91/100\n|move|p2a: Whimsicott|Moonblast|p1a: Incineroar\n|-damage|p1a: Incineroar|44/100\n|cant|p2b: Incineroar|flinch\n|move|p1b: Aggron|Body Press|p2b: Incineroar\n|-supereffective|p2b: Incineroar|1\n|-damage|p2b: Incineroar|0 fnt\n|faint|p2b: Incineroar\n|\n|-weather|SunnyDay|[upkeep]\n|-sideend|p2: sayoshy|move: Tailwind\n|upkeep\n|\n|t:|1776095008\n|switch|p2b: Venusaur|Venusaur, L50, F|11/100\n|turn|15\n|inactive|sayoshy has 30 seconds left.\n|inactive|sayoshy has 20 seconds left.\n|inactive|sayoshy has 15 seconds left.\n|\n|t:|1776095035\n|switch|p1a: Pelipper|Pelipper, L50, F|13/100\n|-weather|RainDance|[from] ability: Drizzle|[of] p1a: Pelipper\n|move|p2a: Whimsicott|Moonblast|p1a: Pelipper\n|-damage|p1a: Pelipper|0 fnt\n|faint|p1a: Pelipper\n|move|p2b: Venusaur|Giga Drain|p1b: Aggron\n|-damage|p1b: Aggron|20/100\n|-heal|p2b: Venusaur|33/100|[from] drain|[of] p1b: Aggron\n|move|p1b: Aggron|Heavy Slam|p2b: Venusaur\n|-damage|p2b: Venusaur|11/100\n|\n|-weather|RainDance|[upkeep]\n|upkeep\n|\n|t:|1776095050\n|switch|p1a: Dragonite|Dragonite-Mega, L50, M|78/100\n|turn|16\n|inactive|sayoshy has 15 seconds left this turn.\n|inactive|sayoshy has 10 seconds left.\n|inactive|sayoshy has 5 seconds left.\n|\n|t:|1776095061\n|move|p2b: Venusaur|Protect|p2b: Venusaur\n|-singleturn|p2b: Venusaur|Protect\n|move|p1b: Aggron|Protect|p1b: Aggron\n|-singleturn|p1b: Aggron|Protect\n|move|p2a: Whimsicott|Sunny Day|p2a: Whimsicott\n|-weather|SunnyDay\n|move|p1a: Dragonite|Hurricane|p2a: Whimsicott|[miss]\n|-miss|p1a: Dragonite|p2a: Whimsicott\n|\n|-weather|SunnyDay|[upkeep]\n|upkeep\n|turn|17\n|inactive|sayoshy has 5 seconds left this turn.\n|-message|sayoshy lost due to inactivity.\n|\n|win|m2p mikey\n|raw|m2p mikey's rating: 1000 &rarr; <strong>1040</strong><br />(+40 for winning)\n|raw|sayoshy's rating: 1000 &rarr; <strong>1000</strong><br />(+0 for losing)\n",
  "uploadtime": 1776095073,
  "views": 16,
  "formatid": "gen9championsvgc2026regma",
  "rating": 1000,
  "private": 0,
  "password": null
}