{
  "id": "gen9championsvgc2026regma-2586558669",
  "format": "[Gen 9 Champions] VGC 2026 Reg M-A",
  "players": [
    "espathremieyuri",
    "sSalzkorn"
  ],
  "log": "|j|\u2606espathremieyuri\n|j|\u2606sSalzkorn\n|t:|1776442964\n|gametype|doubles\n|player|p1|espathremieyuri|1|1000\n|player|p2|sSalzkorn|ghetsis-gen5bw|1000\n|gen|9\n|tier|[Gen 9 Champions] VGC 2026 Reg M-A\n|rated|\n|rule|Species Clause: Limit one of each Pok\u00e9mon\n|rule|Item Clause: Limit 1 of each item\n|clearpoke\n|poke|p1|Espathra, L50, M|\n|poke|p1|Alcremie-Rainbow-Swirl, L50, F|\n|poke|p1|Lopunny, L50, M|\n|poke|p1|Alakazam, L50, M|\n|poke|p1|Arcanine-Hisui, L50, M|\n|poke|p1|Azumarill, L50, F|\n|poke|p2|Chandelure, L50, M|\n|poke|p2|Whimsicott, L50, M|\n|poke|p2|Garchomp, L50, F|\n|poke|p2|Gengar, L50, F|\n|poke|p2|Incineroar, L50, M|\n|poke|p2|Primarina, L50, M|\n|teampreview|4\nsSalzkorn has agreed to open team sheets.\nespathremieyuri has agreed to open team sheets.\n|showteam|p1|Espathra||SitrusBerry|SpeedBoost|Uturn,LuminaCrash,StoredPower,Protect|||M|||50|]Alcremie-Rainbow-Swirl||Leftovers|AromaVeil|StoredPower,PsychUp,Decorate,DrainingKiss|||F|||50|]Lopunny||Lopunnite|CuteCharm|FakeOut,CircleThrow,HighJumpKick,SwordsDance|||M|||50|]Alakazam||Alakazite|InnerFocus|NastyPlot,StoredPower,ExpandingForce,PsychicTerrain|||M|||50|]Arcanine-Hisui||MentalHerb|RockHead|DoubleEdge,FlareBlitz,WildCharge,StoneEdge|||M|||50|]Azumarill||MysticWater|HugePower|BellyDrum,Liquidation,AquaJet,AquaTail|||F|||50|\n|showteam|p2|Chandelure||Chandelurite|Infiltrator|HeatWave,ShadowBall,Protect,TrickRoom|||M|||50|]Whimsicott||FocusSash|Prankster|Tailwind,Protect,SunnyDay,Moonblast|||M|||50|]Garchomp||Leftovers|RoughSkin|DragonClaw,StompingTantrum,Protect,RockSlide|||F|||50|]Gengar||Gengarite|CursedBody|SludgeBomb,ShadowBall,Taunt,Protect|||F|||50|]Incineroar||SitrusBerry|Intimidate|FlareBlitz,DarkestLariat,FakeOut,PartingShot|||M|||50|]Primarina||MysticWater|LiquidVoice|HyperVoice,Moonblast,IceBeam,Protect|||M|||50|\n|\n|t:|1776443065\n|teamsize|p1|4\n|teamsize|p2|4\n|start\n|switch|p1a: Azumarill|Azumarill, L50, F|100/100\n|switch|p1b: Alcremie|Alcremie-Rainbow-Swirl, L50, F|100/100\n|switch|p2a: Incineroar|Incineroar, L50, M|100/100\n|switch|p2b: Primarina|Primarina, L50, M|100/100\n|-ability|p2a: Incineroar|Intimidate|boost\n|-unboost|p1a: Azumarill|atk|1\n|-unboost|p1b: Alcremie|atk|1\n|turn|1\n|\n|t:|1776443094\n|move|p2a: Incineroar|Fake Out|p1a: Azumarill\n|-damage|p1a: Azumarill|88/100\n|cant|p1a: Azumarill|flinch\n|move|p2b: Primarina|Moonblast|p1a: Azumarill\n|-damage|p1a: Azumarill|41/100\n|move|p1b: Alcremie|Decorate|p1a: Azumarill\n|-boost|p1a: Azumarill|atk|2\n|-boost|p1a: Azumarill|spa|2\n|\n|upkeep\n|turn|2\n|\n|t:|1776443113\n|move|p1a: Azumarill|Aqua Jet|p2a: Incineroar\n|-supereffective|p2a: Incineroar|1\n|-damage|p2a: Incineroar|11/100\n|-enditem|p2a: Incineroar|Sitrus Berry|[eat]\n|-heal|p2a: Incineroar|36/100|[from] item: Sitrus Berry\n|move|p2b: Primarina|Moonblast|p1a: Azumarill\n|-damage|p1a: Azumarill|0 fnt\n|faint|p1a: Azumarill\n|move|p1b: Alcremie|Psych Up|p1: Azumarill|[notarget]\n|-fail|p1b: Alcremie\n|move|p2a: Incineroar|Parting Shot|p1b: Alcremie\n|-unboost|p1b: Alcremie|atk|1\n|-unboost|p1b: Alcremie|spa|1\n|\n|t:|1776443127\n|switch|p2a: Whimsicott|Whimsicott, L50, M|100/100|[from] Parting Shot\n|\n|upkeep\n|\n|t:|1776443134\n|switch|p1a: Lopunny|Lopunny, L50, M|100/100\n|turn|3\n|\n|t:|1776443145\n|detailschange|p1a: Lopunny|Lopunny-Mega, L50, M\n|-mega|p1a: Lopunny|Lopunny|Lopunnite\n|move|p2a: Whimsicott|Protect|p2a: Whimsicott\n|-singleturn|p2a: Whimsicott|Protect\n|move|p2b: Primarina|Protect|p2b: Primarina\n|-singleturn|p2b: Primarina|Protect\n|move|p1a: Lopunny|Fake Out|p2a: Whimsicott\n|-activate|p2a: Whimsicott|move: Protect\n|move|p1b: Alcremie|Decorate|p1a: Lopunny\n|-boost|p1a: Lopunny|atk|2\n|-boost|p1a: Lopunny|spa|2\n|\n|upkeep\n|turn|4\n|\n|t:|1776443166\n|move|p2a: Whimsicott|Tailwind|p2a: Whimsicott\n|-sidestart|p2: sSalzkorn|move: Tailwind\n|move|p2b: Primarina|Moonblast|p1a: Lopunny\n|-supereffective|p1a: Lopunny|1\n|-damage|p1a: Lopunny|0 fnt\n|faint|p1a: Lopunny\n|move|p1b: Alcremie|Psych Up|p1: Lopunny|[notarget]\n|-fail|p1b: Alcremie\n|\n|upkeep\n|\n|t:|1776443176\n|switch|p1a: Espathra|Espathra, L50, M|100/100\n|turn|5\n|\n|t:|1776443210\n|move|p1a: Espathra|Protect|p1a: Espathra\n|-singleturn|p1a: Espathra|Protect\n|move|p2a: Whimsicott|Moonblast|p1b: Alcremie\n|-damage|p1b: Alcremie|83/100\n|move|p2b: Primarina|Moonblast|p1b: Alcremie\n|-damage|p1b: Alcremie|52/100\n|move|p1b: Alcremie|Draining Kiss|p2a: Whimsicott\n|-damage|p2a: Whimsicott|84/100\n|-heal|p1b: Alcremie|63/100|[from] drain|[of] p2a: Whimsicott\n|\n|-heal|p1b: Alcremie|69/100|[from] item: Leftovers\n|-ability|p1a: Espathra|Speed Boost|boost\n|-boost|p1a: Espathra|spe|1\n|upkeep\n|turn|6\n|\n|t:|1776443241\n|switch|p2b: Incineroar|Incineroar, L50, M|36/100\n|-ability|p2b: Incineroar|Intimidate|boost\n|-unboost|p1a: Espathra|atk|1\n|-unboost|p1b: Alcremie|atk|1\n|move|p2a: Whimsicott|Sunny Day|p2a: Whimsicott\n|-weather|SunnyDay\n|move|p1a: Espathra|Lumina Crash|p2b: Incineroar\n|-immune|p2b: Incineroar\n|move|p1b: Alcremie|Decorate|p1a: Espathra\n|-boost|p1a: Espathra|atk|2\n|-boost|p1a: Espathra|spa|2\n|\n|-weather|SunnyDay|[upkeep]\n|-heal|p1b: Alcremie|75/100|[from] item: Leftovers\n|-ability|p1a: Espathra|Speed Boost|boost\n|-boost|p1a: Espathra|spe|1\n|upkeep\n|turn|7\n|\n|t:|1776443264\n|move|p2a: Whimsicott|Protect|p2a: Whimsicott\n|-singleturn|p2a: Whimsicott|Protect\n|move|p2b: Incineroar|Fake Out|p1a: Espathra\n|-damage|p1a: Espathra|84/100\n|cant|p1a: Espathra|flinch\n|move|p1b: Alcremie|Draining Kiss|p2b: Incineroar\n|-damage|p2b: Incineroar|26/100\n|-heal|p1b: Alcremie|84/100|[from] drain|[of] p2b: Incineroar\n|\n|-weather|SunnyDay|[upkeep]\n|-heal|p1b: Alcremie|90/100|[from] item: Leftovers\n|-sideend|p2: sSalzkorn|move: Tailwind\n|-ability|p1a: Espathra|Speed Boost|boost\n|-boost|p1a: Espathra|spe|1\n|upkeep\n|turn|8\n|\n|t:|1776443291\n|move|p2a: Whimsicott|Tailwind|p2a: Whimsicott\n|-sidestart|p2: sSalzkorn|move: Tailwind\n|move|p1a: Espathra|Lumina Crash|p2a: Whimsicott\n|-damage|p2a: Whimsicott|12/100\n|-unboost|p2a: Whimsicott|spd|2\n|move|p2b: Incineroar|Parting Shot|p1a: Espathra\n|-unboost|p1a: Espathra|atk|1\n|-unboost|p1a: Espathra|spa|1\n|\n|t:|1776443300\n|switch|p2b: Chandelure|Chandelure, L50, M|100/100|[from] Parting Shot\n|move|p1b: Alcremie|Psych Up|p1a: Espathra\n|-copyboost|p1b: Alcremie|p1a: Espathra|[from] move: Psych Up\n|\n|-weather|SunnyDay|[upkeep]\n|-heal|p1b: Alcremie|96/100|[from] item: Leftovers\n|-ability|p1a: Espathra|Speed Boost|boost\n|-boost|p1a: Espathra|spe|1\n|upkeep\n|turn|9\n|\n|t:|1776443326\n|detailschange|p2b: Chandelure|Chandelure-Mega, L50, M\n|-mega|p2b: Chandelure|Chandelure|Chandelurite\n|move|p2a: Whimsicott|Protect|p2a: Whimsicott\n|-singleturn|p2a: Whimsicott|Protect\n|move|p1a: Espathra|Stored Power|p2b: Chandelure\n|-damage|p2b: Chandelure|36/100\n|move|p2b: Chandelure|Heat Wave|p1a: Espathra|[spread] p1a,p1b\n|-damage|p1a: Espathra|19/100\n|-damage|p1b: Alcremie|43/100\n|-enditem|p1a: Espathra|Sitrus Berry|[eat]\n|-heal|p1a: Espathra|44/100|[from] item: Sitrus Berry\n|move|p1b: Alcremie|Stored Power|p2a: Whimsicott\n|-activate|p2a: Whimsicott|move: Protect\n|\n|-weather|SunnyDay|[upkeep]\n|-heal|p1b: Alcremie|49/100|[from] item: Leftovers\n|-ability|p1a: Espathra|Speed Boost|boost\n|-boost|p1a: Espathra|spe|1\n|upkeep\n|turn|10\n|\n|t:|1776443358\n|switch|p2a: Incineroar|Incineroar, L50, M|26/100\n|-ability|p2a: Incineroar|Intimidate|boost\n|-unboost|p1a: Espathra|atk|1\n|-unboost|p1b: Alcremie|atk|1\n|move|p2b: Chandelure|Protect|p2b: Chandelure\n|-singleturn|p2b: Chandelure|Protect\n|move|p1a: Espathra|Stored Power|p2b: Chandelure\n|-activate|p2b: Chandelure|move: Protect\n|move|p1b: Alcremie|Decorate|p1a: Espathra\n|-boost|p1a: Espathra|atk|2\n|-boost|p1a: Espathra|spa|2\n|\n|-weather|none\n|-heal|p1b: Alcremie|55/100|[from] item: Leftovers\n|-ability|p1a: Espathra|Speed Boost|boost\n|-boost|p1a: Espathra|spe|1\n|upkeep\n|turn|11\n|\n|t:|1776443384\n|move|p2a: Incineroar|Fake Out|p1a: Espathra\n|-damage|p1a: Espathra|27/100\n|cant|p1a: Espathra|flinch\n|move|p2b: Chandelure|Heat Wave|p1b: Alcremie|[spread] p1a,p1b\n|-damage|p1a: Espathra|0 fnt\n|-damage|p1b: Alcremie|21/100\n|faint|p1a: Espathra\n|move|p1b: Alcremie|Psych Up|p1: Espathra|[notarget]\n|-fail|p1b: Alcremie\n|\n|-heal|p1b: Alcremie|27/100|[from] item: Leftovers\n|-sideend|p2: sSalzkorn|move: Tailwind\n|upkeep\n|turn|12\n|-message|espathremieyuri forfeited.\n|\n|win|sSalzkorn\n|raw|espathremieyuri's rating: 1000 &rarr; <strong>1000</strong><br />(+0 for losing)\n|raw|sSalzkorn's rating: 1000 &rarr; <strong>1040</strong><br />(+40 for winning)\n|l|\u2606espathremieyuri\n|player|p1|\n",
  "uploadtime": 1776443401,
  "views": 22,
  "formatid": "gen9championsvgc2026regma",
  "rating": 1000,
  "private": 0,
  "password": null
}