{
  "id": "gen9championsvgc2026regma-2582612569",
  "format": "[Gen 9 Champions] VGC 2026 Reg M-A",
  "players": [
    "Knawtcho",
    "Cooperhawk10"
  ],
  "log": "|j|\u2606Knawtcho\n|j|\u2606Cooperhawk10\n|t:|1776102617\n|gametype|doubles\n|player|p1|Knawtcho|101|\n|player|p2|Cooperhawk10|cynthia|\n|gen|9\n|tier|[Gen 9 Champions] VGC 2026 Reg M-A\n|rule|Species Clause: Limit one of each Pok\u00e9mon\n|rule|Item Clause: Limit 1 of each item\n|clearpoke\n|poke|p1|Excadrill, L50, M|\n|poke|p1|Tyranitar, L50, F|\n|poke|p1|Rotom-Wash, L50|\n|poke|p1|Incineroar, L50, M|\n|poke|p1|Sinistcha, L50|\n|poke|p1|Floette-Eternal, L50, F|\n|poke|p2|Gengar, L50, F|\n|poke|p2|Incineroar, L50, F|\n|poke|p2|Politoed, L50, M|\n|poke|p2|Sinistcha, L50|\n|poke|p2|Palafin, L50, M|\n|poke|p2|Meganium, L50, F|\n|teampreview|4\n|c|\u2606Cooperhawk10|GFHL\nCooperhawk10 rejected open team sheets.\n|\n|t:|1776102634\n|teamsize|p1|4\n|teamsize|p2|4\n|start\n|switch|p1a: Tyranitar|Tyranitar, L50, F|100/100\n|switch|p1b: Excadrill|Excadrill, L50, M|100/100\n|switch|p2a: Gengar|Gengar, L50, F|100/100\n|switch|p2b: Incineroar|Incineroar, L50, F|100/100\n|-weather|Sandstorm|[from] ability: Sand Stream|[of] p1a: Tyranitar\n|-ability|p2b: Incineroar|Intimidate|boost\n|-unboost|p1a: Tyranitar|atk|1\n|-unboost|p1b: Excadrill|atk|1\n|turn|1\n|inactive|Battle timer is ON: inactive players will automatically lose when time's up. (requested by Cooperhawk10)\n|\n|t:|1776102652\n|detailschange|p2a: Gengar|Gengar-Mega, L50, F\n|-mega|p2a: Gengar|Gengar|Gengarite\n|move|p1a: Tyranitar|Protect|p1a: Tyranitar\n|-singleturn|p1a: Tyranitar|Protect\n|move|p2b: Incineroar|Fake Out|p1b: Excadrill\n|-resisted|p1b: Excadrill|1\n|-damage|p1b: Excadrill|94/100\n|cant|p1b: Excadrill|flinch\n|move|p2a: Gengar|Perish Song|p2a: Gengar\n|-start|p1a: Tyranitar|perish3|[silent]\n|-start|p1b: Excadrill|perish3|[silent]\n|-start|p2a: Gengar|perish3|[silent]\n|-start|p2b: Incineroar|perish3|[silent]\n|-fieldactivate|move: Perish Song\n|\n|-weather|Sandstorm|[upkeep]\n|-damage|p2a: Gengar|95/100|[from] Sandstorm\n|-damage|p2b: Incineroar|95/100|[from] Sandstorm\n|-start|p1b: Excadrill|perish3\n|-start|p2a: Gengar|perish3\n|-start|p1a: Tyranitar|perish3\n|-start|p2b: Incineroar|perish3\n|upkeep\n|turn|2\n|\n|t:|1776102668\n|move|p2a: Gengar|Protect|p2a: Gengar\n|-singleturn|p2a: Gengar|Protect\n|move|p2b: Incineroar|Protect|p2b: Incineroar\n|-singleturn|p2b: Incineroar|Protect\n|move|p1b: Excadrill|Rock Slide|p2b: Incineroar|[spread] \n|-activate|p2a: Gengar|move: Protect\n|-activate|p2b: Incineroar|move: Protect\n|move|p1a: Tyranitar|Dragon Dance|p1a: Tyranitar\n|-boost|p1a: Tyranitar|atk|1\n|-boost|p1a: Tyranitar|spe|1\n|\n|-weather|Sandstorm|[upkeep]\n|-damage|p2a: Gengar|89/100|[from] Sandstorm\n|-damage|p2b: Incineroar|89/100|[from] Sandstorm\n|-start|p1b: Excadrill|perish2\n|-start|p2a: Gengar|perish2\n|-start|p1a: Tyranitar|perish2\n|-start|p2b: Incineroar|perish2\n|upkeep\n|turn|3\n|inactive|Cooperhawk10 has 30 seconds left.\n|\n|t:|1776102695\n|switch|p2a: Politoed|Politoed, L50, M|100/100\n|-weather|RainDance|[from] ability: Drizzle|[of] p2a: Politoed\n|move|p1a: Tyranitar|Rock Slide|p2b: Incineroar|[spread] p2a,p2b\n|-supereffective|p2b: Incineroar|1\n|-damage|p2a: Politoed|73/100\n|-damage|p2b: Incineroar|35/100\n|move|p1b: Excadrill|Rock Slide|p2b: Incineroar|[spread] p2b\n|-miss|p1b: Excadrill|p2a: Politoed\n|-supereffective|p2b: Incineroar|1\n|-crit|p2b: Incineroar\n|-damage|p2b: Incineroar|0 fnt\n|faint|p2b: Incineroar\n|\n|-weather|RainDance|[upkeep]\n|-start|p1a: Tyranitar|perish1\n|-start|p1b: Excadrill|perish1\n|upkeep\n|\n|t:|1776102710\n|switch|p2b: Gengar|Gengar-Mega, L50, F|89/100\n|turn|4\n|\n|t:|1776102725\n|detailschange|p1a: Tyranitar|Tyranitar-Mega, L50, F\n|-mega|p1a: Tyranitar|Tyranitar|Tyranitarite\n|-weather|Sandstorm|[from] ability: Sand Stream|[of] p1a: Tyranitar\n|move|p2b: Gengar|Protect|p2b: Gengar\n|-singleturn|p2b: Gengar|Protect\n|move|p2a: Politoed|Protect|p2a: Politoed\n|-singleturn|p2a: Politoed|Protect\n|move|p1b: Excadrill|Rock Slide|p2b: Gengar|[spread] \n|-activate|p2a: Politoed|move: Protect\n|-activate|p2b: Gengar|move: Protect\n|move|p1a: Tyranitar|Rock Slide|p2b: Gengar|[spread] \n|-activate|p2a: Politoed|move: Protect\n|-activate|p2b: Gengar|move: Protect\n|\n|-weather|Sandstorm|[upkeep]\n|-damage|p2b: Gengar|83/100|[from] Sandstorm\n|-damage|p2a: Politoed|67/100|[from] Sandstorm\n|-start|p1b: Excadrill|perish0\n|-start|p1a: Tyranitar|perish0\n|faint|p1b: Excadrill\n|faint|p1a: Tyranitar\n|upkeep\n|\n|t:|1776102734\n|switch|p1b: Incineroar|Incineroar, L50, M|100/100\n|switch|p1a: Sinistcha|Sinistcha, L50|100/100\n|-ability|p1b: Incineroar|Intimidate|boost\n|-unboost|p2a: Politoed|atk|1\n|-unboost|p2b: Gengar|atk|1\n|turn|5\n|inactive|Cooperhawk10 has 30 seconds left.\n|\n|t:|1776102768\n|switch|p2b: Sinistcha|Sinistcha, L50|100/100\n|-heal|p2a: Politoed|92/100|[from] ability: Hospitality|[of] p2b: Sinistcha\n|move|p1b: Incineroar|Fake Out|p2a: Politoed\n|-damage|p2a: Politoed|81/100\n|cant|p2a: Politoed|flinch\n|move|p1a: Sinistcha|Imprison|p1a: Sinistcha\n|-start|p1a: Sinistcha|move: Imprison\n|\n|-weather|Sandstorm|[upkeep]\n|-damage|p2b: Sinistcha|94/100|[from] Sandstorm\n|-damage|p2a: Politoed|75/100|[from] Sandstorm\n|-damage|p1a: Sinistcha|94/100|[from] Sandstorm\n|-damage|p1b: Incineroar|95/100|[from] Sandstorm\n|-heal|p2b: Sinistcha|100/100|[from] item: Leftovers\n|upkeep\n|turn|6\n|\n|t:|1776102790\n|move|p1a: Sinistcha|Rage Powder|p1a: Sinistcha\n|-singleturn|p1a: Sinistcha|move: Rage Powder\n|move|p2b: Sinistcha|Foul Play|p1a: Sinistcha|[miss]\n|-miss|p2b: Sinistcha|p1a: Sinistcha\n|move|p2a: Politoed|Perish Song|p2a: Politoed\n|-start|p1a: Sinistcha|perish3|[silent]\n|-start|p1b: Incineroar|perish3|[silent]\n|-start|p2a: Politoed|perish3|[silent]\n|-start|p2b: Sinistcha|perish3|[silent]\n|-fieldactivate|move: Perish Song\n|move|p1b: Incineroar|Flare Blitz|p2b: Sinistcha\n|-supereffective|p2b: Sinistcha|1\n|-damage|p2b: Sinistcha|0 fnt\n|faint|p2b: Sinistcha\n|-damage|p1b: Incineroar|66/100|[from] Recoil\n|\n|-weather|Sandstorm|[upkeep]\n|-damage|p1a: Sinistcha|88/100|[from] Sandstorm\n|-damage|p2a: Politoed|69/100|[from] Sandstorm\n|-damage|p1b: Incineroar|60/100|[from] Sandstorm\n|-start|p1a: Sinistcha|perish3\n|-start|p2a: Politoed|perish3\n|-start|p1b: Incineroar|perish3\n|upkeep\n|\n|t:|1776102805\n|switch|p2b: Gengar|Gengar-Mega, L50, F|83/100\n|turn|7\n|\n|t:|1776102819\n|move|p2b: Gengar|Protect|p2b: Gengar\n|-singleturn|p2b: Gengar|Protect\n|move|p2a: Politoed|Protect|p2a: Politoed\n|-singleturn|p2a: Politoed|Protect\n|move|p1a: Sinistcha|Life Dew|p1a: Sinistcha|[spread] p1a,p1b\n|-heal|p1a: Sinistcha|100/100\n|-heal|p1b: Incineroar|85/100\n|move|p1b: Incineroar|Darkest Lariat|p2b: Gengar\n|-activate|p2b: Gengar|move: Protect\n|\n|-weather|Sandstorm|[upkeep]\n|-damage|p2b: Gengar|77/100|[from] Sandstorm\n|-damage|p1a: Sinistcha|94/100|[from] Sandstorm\n|-damage|p2a: Politoed|63/100|[from] Sandstorm\n|-damage|p1b: Incineroar|79/100|[from] Sandstorm\n|-start|p1a: Sinistcha|perish2\n|-start|p2a: Politoed|perish2\n|-start|p1b: Incineroar|perish2\n|upkeep\n|turn|8\n|\n|t:|1776102833\n|move|p1a: Sinistcha|Rage Powder|p1a: Sinistcha\n|-singleturn|p1a: Sinistcha|move: Rage Powder\n|move|p2b: Gengar|Substitute|p2b: Gengar\n|-start|p2b: Gengar|Substitute\n|-damage|p2b: Gengar|52/100\n|move|p2a: Politoed|Muddy Water|p1b: Incineroar|[spread] p1a\n|-miss|p2a: Politoed|p1b: Incineroar\n|-resisted|p1a: Sinistcha|1\n|-damage|p1a: Sinistcha|84/100\n|-unboost|p1a: Sinistcha|accuracy|1\n|move|p1b: Incineroar|Darkest Lariat|p2b: Gengar\n|-supereffective|p2b: Gengar|1\n|-end|p2b: Gengar|Substitute\n|\n|-weather|none\n|-start|p1a: Sinistcha|perish1\n|-start|p2a: Politoed|perish1\n|-start|p1b: Incineroar|perish1\n|upkeep\n|turn|9\n|\n|t:|1776102846\n|move|p2b: Gengar|Protect|p2b: Gengar\n|-singleturn|p2b: Gengar|Protect\n|move|p2a: Politoed|Protect|p2a: Politoed\n|-singleturn|p2a: Politoed|Protect\n|move|p1a: Sinistcha|Life Dew|p1a: Sinistcha|[spread] p1a,p1b\n|-heal|p1a: Sinistcha|100/100\n|-heal|p1b: Incineroar|100/100\n|move|p1b: Incineroar|Parting Shot|p2b: Gengar\n|-activate|p2b: Gengar|move: Protect\n|\n|-start|p1a: Sinistcha|perish0\n|-start|p2a: Politoed|perish0\n|-start|p1b: Incineroar|perish0\n|faint|p1a: Sinistcha\n|faint|p2a: Politoed\n|faint|p1b: Incineroar\n|\n|win|Cooperhawk10\n|l|\u2606Knawtcho\n|player|p1|\n|c|\u2606Cooperhawk10|GG\n",
  "uploadtime": 1776102876,
  "views": 17,
  "formatid": "gen9championsvgc2026regma",
  "rating": null,
  "private": 0,
  "password": null
}