{
  "id": "gen9championsvgc2026regma-2586623278",
  "format": "[Gen 9 Champions] VGC 2026 Reg M-A",
  "players": [
    "mikko_cmp",
    "dxjack"
  ],
  "log": "|j|\u2606mikko_cmp\n|j|\u2606dxjack\n|t:|1776447583\n|gametype|doubles\n|player|p1|mikko_cmp|policeman-gen4|1019\n|player|p2|dxjack|red|1000\n|gen|9\n|tier|[Gen 9 Champions] VGC 2026 Reg M-A\n|rated|\n|rule|Species Clause: Limit one of each Pok\u00e9mon\n|rule|Item Clause: Limit 1 of each item\n|clearpoke\n|poke|p1|Archaludon, L50, F|\n|poke|p1|Scizor, L50, F|\n|poke|p1|Pelipper, L50, F|\n|poke|p1|Araquanid, L50, F|\n|poke|p1|Toxicroak, L50, M|\n|poke|p1|Dragapult, L50, F|\n|poke|p2|Excadrill, L50, F|\n|poke|p2|Tyranitar, L50, F|\n|poke|p2|Aerodactyl, L50, F|\n|poke|p2|Garchomp, L50, M|\n|poke|p2|Arcanine-Hisui, L50, M|\n|poke|p2|Aegislash, L50, F|\n|teampreview|4\n|inactive|Battle timer is ON: inactive players will automatically lose when time's up. (requested by mikko_cmp)\n|inactive|dxjack has 60 seconds left.\n|inactive|dxjack has 30 seconds left.\n|inactive|dxjack has 20 seconds left.\n|\n|t:|1776447660\n|teamsize|p1|4\n|teamsize|p2|4\n|start\n|switch|p1a: OU Rex|Scizor, L50, F|100/100\n|switch|p1b: Dragapult|Dragapult, L50, F|100/100\n|switch|p2a: Tyranitar|Tyranitar, L50, F|100/100\n|switch|p2b: Aegislash|Aegislash, L50, F|100/100\n|-weather|Sandstorm|[from] ability: Sand Stream|[of] p2a: Tyranitar\n|turn|1\n|inactive|mikko_cmp has 30 seconds left.\n|inactive|dxjack has 30 seconds left.\n|\n|t:|1776447688\n|detailschange|p1a: OU Rex|Scizor-Mega, L50, F\n|-mega|p1a: OU Rex|Scizor|Scizorite\n|move|p2a: Tyranitar|Protect|p2a: Tyranitar\n|-singleturn|p2a: Tyranitar|Protect\n|move|p1a: OU Rex|Bullet Punch|p2a: Tyranitar\n|-activate|p2a: Tyranitar|move: Protect\n|move|p1b: Dragapult|Phantom Force||[still]\n|-prepare|p1b: Dragapult|Phantom Force\n|-formechange|p2b: Aegislash|Aegislash-Blade|\n|move|p2b: Aegislash|Shadow Ball|p1a: OU Rex\n|-damage|p1a: OU Rex|44/100\n|\n|-weather|Sandstorm|[upkeep]\n|-damage|p1b: Dragapult|94/100|[from] Sandstorm\n|upkeep\n|turn|2\n|inactive|dxjack has 30 seconds left.\n|\n|t:|1776447715\n|switch|p2a: Excadrill|Excadrill, L50, F|100/100\n|switch|p2b: Arcanine|Arcanine-Hisui, L50, M|100/100\n|-ability|p2b: Arcanine|Intimidate|boost\n|-unboost|p1a: OU Rex|atk|1\n|-fail|p1b: Dragapult|unboost|[from] ability: Clear Body|[of] p1b: Dragapult\n|move|p1b: Dragapult|Phantom Force|p2b: Arcanine|[from] lockedmove\n|-damage|p2b: Arcanine|41/100\n|move|p1a: OU Rex|Bug Bite|p2a: Excadrill\n|-resisted|p2a: Excadrill|1\n|-damage|p2a: Excadrill|75/100\n|\n|-weather|Sandstorm|[upkeep]\n|-damage|p1b: Dragapult|88/100|[from] Sandstorm\n|upkeep\n|turn|3\n|inactive|mikko_cmp has 30 seconds left.\n|inactive|dxjack has 30 seconds left.\n|inactive|dxjack has 20 seconds left.\n|inactive|dxjack has 15 seconds left.\n|inactive|dxjack has 10 seconds left.\n|inactive|dxjack has 5 seconds left.\n|\n|t:|1776447770\n|move|p1a: OU Rex|Bullet Punch|p2b: Arcanine\n|-damage|p2b: Arcanine|10/100\n|move|p2a: Excadrill|Iron Head|p1b: Dragapult\n|-damage|p1b: Dragapult|37/100\n|move|p1b: Dragapult|Dragon Darts|p2a: Excadrill\n|-resisted|p2a: Excadrill|1\n|-damage|p2a: Excadrill|54/100\n|-anim|p1b: Dragapult|Dragon Darts|p2b: Arcanine\n|-damage|p2b: Arcanine|0 fnt\n|faint|p2b: Arcanine\n|\n|-weather|Sandstorm|[upkeep]\n|-damage|p1b: Dragapult|31/100|[from] Sandstorm\n|upkeep\n|\n|t:|1776447787\n|switch|p2b: Aegislash|Aegislash, L50, F|100/100\n|turn|4\n|inactive|dxjack has 30 seconds left.\n|inactive|dxjack has 20 seconds left.\n|\n|t:|1776447823\n|switch|p1a: 100 Girlfriends|Pelipper, L50, F|100/100\n|-weather|RainDance|[from] ability: Drizzle|[of] p1a: 100 Girlfriends\n|move|p1b: Dragapult|Phantom Force||[still]\n|-prepare|p1b: Dragapult|Phantom Force\n|move|p2a: Excadrill|Iron Head|p1b: Dragapult|[miss]\n|-miss|p2a: Excadrill|p1b: Dragapult\n|-formechange|p2b: Aegislash|Aegislash-Blade|\n|move|p2b: Aegislash|Shadow Ball|p1a: 100 Girlfriends\n|-crit|p1a: 100 Girlfriends\n|-enditem|p1a: 100 Girlfriends|Focus Sash\n|-damage|p1a: 100 Girlfriends|1/100\n|-unboost|p1a: 100 Girlfriends|spd|1\n|\n|-weather|RainDance|[upkeep]\n|upkeep\n|turn|5\n|inactive|dxjack has 30 seconds left.\n|inactive|dxjack has 20 seconds left.\n|inactive|dxjack has 15 seconds left.\n|\n|t:|1776447867\n|switch|p2a: Tyranitar|Tyranitar, L50, F|100/100\n|-weather|Sandstorm|[from] ability: Sand Stream|[of] p2a: Tyranitar\n|-formechange|p2b: Aegislash|Aegislash|\n|move|p2b: Aegislash|King's Shield|p2b: Aegislash\n|-singleturn|p2b: Aegislash|Protect\n|move|p1b: Dragapult|Phantom Force|p2a: Tyranitar|[from] lockedmove\n|-resisted|p2a: Tyranitar|1\n|-damage|p2a: Tyranitar|85/100\n|move|p1a: 100 Girlfriends|Muddy Water|p2b: Aegislash|[spread] p2a\n|-activate|p2b: Aegislash|move: Protect\n|-supereffective|p2a: Tyranitar|1\n|-damage|p2a: Tyranitar|55/100\n|\n|-weather|Sandstorm|[upkeep]\n|-damage|p1b: Dragapult|25/100|[from] Sandstorm\n|-damage|p1a: 100 Girlfriends|0 fnt|[from] Sandstorm\n|faint|p1a: 100 Girlfriends\n|upkeep\n|\n|t:|1776447881\n|switch|p1a: OU Rex|Scizor-Mega, L50, F|44/100\n|turn|6\n|\n|t:|1776447904\n|move|p2a: Tyranitar|Protect|p2a: Tyranitar\n|-singleturn|p2a: Tyranitar|Protect\n|move|p1b: Dragapult|Dragon Darts|p2b: Aegislash\n|-resisted|p2b: Aegislash|1\n|-damage|p2b: Aegislash|89/100\n|-anim|p1b: Dragapult|Dragon Darts|p2b: Aegislash\n|-resisted|p2b: Aegislash|1\n|-damage|p2b: Aegislash|78/100\n|move|p1a: OU Rex|Bug Bite|p2b: Aegislash\n|-resisted|p2b: Aegislash|2\n|-damage|p2b: Aegislash|69/100\n|-formechange|p2b: Aegislash|Aegislash-Blade|\n|move|p2b: Aegislash|Shadow Ball|p1a: OU Rex\n|-damage|p1a: OU Rex|0 fnt\n|faint|p1a: OU Rex\n|\n|-weather|Sandstorm|[upkeep]\n|-damage|p1b: Dragapult|19/100|[from] Sandstorm\n|upkeep\n|\n|t:|1776447917\n|switch|p1a: Every Last Drop|Archaludon, L50, F|100/100\n|turn|7\n|inactive|dxjack has 30 seconds left.\n|inactive|dxjack has 20 seconds left.\n|inactive|dxjack has 15 seconds left.\n|\n|t:|1776447959\n|-formechange|p2b: Aegislash|Aegislash|\n|move|p2b: Aegislash|King's Shield|p2b: Aegislash\n|-singleturn|p2b: Aegislash|Protect\n|move|p1b: Dragapult|Phantom Force||[still]\n|-prepare|p1b: Dragapult|Phantom Force\n|move|p1a: Every Last Drop|Aura Sphere|p2a: Tyranitar\n|-supereffective|p2a: Tyranitar|2\n|-damage|p2a: Tyranitar|0 fnt\n|faint|p2a: Tyranitar\n|\n|-weather|Sandstorm|[upkeep]\n|-damage|p1b: Dragapult|13/100|[from] Sandstorm\n|upkeep\n|\n|t:|1776447977\n|switch|p2a: Excadrill|Excadrill, L50, F|54/100\n|turn|8\n|inactive|dxjack has 30 seconds left.\n|\n|t:|1776448010\n|move|p1a: Every Last Drop|Protect|p1a: Every Last Drop\n|-singleturn|p1a: Every Last Drop|Protect\n|move|p2a: Excadrill|High Horsepower|p1a: Every Last Drop\n|-activate|p1a: Every Last Drop|move: Protect\n|move|p1b: Dragapult|Phantom Force|p2b: Aegislash|[from] lockedmove\n|-supereffective|p2b: Aegislash|1\n|-damage|p2b: Aegislash|3/100\n|-formechange|p2b: Aegislash|Aegislash-Blade|\n|move|p2b: Aegislash|Sacred Sword|p1a: Every Last Drop\n|-activate|p1a: Every Last Drop|move: Protect\n|\n|-weather|Sandstorm|[upkeep]\n|-damage|p1b: Dragapult|7/100|[from] Sandstorm\n|upkeep\n|turn|9\n|inactive|dxjack has 30 seconds left.\n|inactive|dxjack has 20 seconds left.\n|inactive|dxjack has 15 seconds left.\n|\n|t:|1776448054\n|-formechange|p2b: Aegislash|Aegislash|\n|move|p2b: Aegislash|King's Shield|p2b: Aegislash\n|-singleturn|p2b: Aegislash|Protect\n|move|p2a: Excadrill|High Horsepower|p1b: Dragapult\n|-damage|p1b: Dragapult|0 fnt\n|faint|p1b: Dragapult\n|move|p1a: Every Last Drop|Aura Sphere|p2a: Excadrill\n|-supereffective|p2a: Excadrill|1\n|-damage|p2a: Excadrill|0 fnt\n|faint|p2a: Excadrill\n|\n|-weather|none\n|upkeep\n|turn|10\n|inactive|mikko_cmp has 30 seconds left.\n|inactive|mikko_cmp has 20 seconds left.\n|inactive|mikko_cmp has 15 seconds left.\n|inactive|mikko_cmp has 10 seconds left.\n|inactive|mikko_cmp has 5 seconds left.\n|\n|t:|1776448108\n|move|p1a: Every Last Drop|Dragon Pulse|p2b: Aegislash\n|-resisted|p2b: Aegislash|1\n|-damage|p2b: Aegislash|0 fnt\n|faint|p2b: Aegislash\n|\n|win|mikko_cmp\n|raw|mikko_cmp's rating: 1019 &rarr; <strong>1054</strong><br />(+35 for winning)\n|raw|dxjack's rating: 1000 &rarr; <strong>1000</strong><br />(+0 for losing)\n|l|\u2606mikko_cmp\n|player|p1|\n",
  "uploadtime": 1776448114,
  "views": 24,
  "formatid": "gen9championsvgc2026regma",
  "rating": 1000,
  "private": 0,
  "password": null
}