{
  "id": "gen9championsvgc2026regma-2586503520",
  "format": "[Gen 9 Champions] VGC 2026 Reg M-A",
  "players": [
    "bugcathernick",
    "MegaAuraMaxxing"
  ],
  "log": "|j|\u2606bugcathernick\n|j|\u2606MegaAuraMaxxing\n|t:|1776439173\n|gametype|doubles\n|player|p1|bugcathernick|102|1031\n|player|p2|MegaAuraMaxxing|red|1000\n|gen|9\n|tier|[Gen 9 Champions] VGC 2026 Reg M-A\n|rated|\n|rule|Species Clause: Limit one of each Pok\u00e9mon\n|rule|Item Clause: Limit 1 of each item\n|clearpoke\n|poke|p1|Manectric, L50, M|\n|poke|p1|Mamoswine, L50, F|\n|poke|p1|Dragapult, L50, M|\n|poke|p1|Tinkaton, L50, F|\n|poke|p1|Sinistcha, L50|\n|poke|p1|Incineroar, L50, F|\n|poke|p2|Gengar, L50, F|\n|poke|p2|Lucario, L50, F|\n|poke|p2|Tyranitar, L50, M|\n|poke|p2|Rotom-Wash, L50|\n|poke|p2|Corviknight, L50, F|\n|poke|p2|Clefable, L50, F|\n|teampreview|4\nbugcathernick rejected open team sheets.\n|\n|t:|1776439204\n|teamsize|p1|4\n|teamsize|p2|4\n|start\n|switch|p1a: Manectric|Manectric, L50, M, shiny|100/100\n|switch|p1b: Incineroar|Incineroar, L50, F|100/100\n|switch|p2a: Clefable|Clefable, L50, F|100/100\n|switch|p2b: Corviknight|Corviknight, L50, F|100/100\n|-ability|p1b: Incineroar|Intimidate|boost\n|-unboost|p2a: Clefable|atk|1\n|-ability|p2b: Corviknight|Mirror Armor\n|-unboost|p1b: Incineroar|atk|1\n|turn|1\n|\n|t:|1776439228\n|switch|p2b: Lucario|Lucario, L50, F|100/100\n|detailschange|p1a: Manectric|Manectric-Mega, L50, M, shiny\n|-mega|p1a: Manectric|Manectric|Manectite\n|-ability|p1a: Manectric|Intimidate|boost\n|-unboost|p2a: Clefable|atk|1\n|-unboost|p2b: Lucario|atk|1\n|move|p1a: Manectric|Volt Switch|p2b: Lucario\n|-damage|p2b: Lucario|35/100\n|\n|t:|1776439234\n|switch|p1a: Tinkaton|Tinkaton, L50, F|100/100|[from] Volt Switch\n|-ability|p1a: Tinkaton|Mold Breaker\n|move|p1b: Incineroar|Parting Shot|p2a: Clefable\n|-unboost|p2a: Clefable|atk|1\n|-unboost|p2a: Clefable|spa|1\n|\n|t:|1776439237\n|switch|p1b: Manectric|Manectric-Mega, L50, M, shiny|100/100|[from] Parting Shot\n|-ability|p1b: Manectric|Intimidate|boost\n|-unboost|p2a: Clefable|atk|1\n|-unboost|p2b: Lucario|atk|1\n|move|p2a: Clefable|Moonblast|p1a: Tinkaton\n|-resisted|p1a: Tinkaton|1\n|-damage|p1a: Tinkaton|93/100\n|\n|-heal|p1a: Tinkaton|99/100|[from] item: Leftovers\n|upkeep\n|turn|2\n|inactive|Battle timer is ON: inactive players will automatically lose when time's up. (requested by bugcathernick)\n|\n|t:|1776439261\n|move|p2b: Lucario|Protect|p2b: Lucario\n|-singleturn|p2b: Lucario|Protect\n|move|p2a: Clefable|Protect|p2a: Clefable\n|-singleturn|p2a: Clefable|Protect\n|move|p1a: Tinkaton|Fake Out|p2a: Clefable\n|-activate|p2a: Clefable|move: Protect\n|move|p1b: Manectric|Volt Switch|p2b: Lucario\n|-activate|p2b: Lucario|move: Protect\n|\n|-heal|p1a: Tinkaton|100/100|[from] item: Leftovers\n|upkeep\n|turn|3\n|\n|t:|1776439283\n|move|p2a: Clefable|Follow Me|p2a: Clefable\n|-singleturn|p2a: Clefable|move: Follow Me\n|move|p1b: Manectric|Volt Switch|p2a: Clefable\n|-damage|p2a: Clefable|62/100\n|\n|t:|1776439288\n|switch|p1b: Incineroar|Incineroar, L50, F|100/100|[from] Volt Switch\n|-ability|p1b: Incineroar|Intimidate|boost\n|-unboost|p2a: Clefable|atk|1\n|-unboost|p2b: Lucario|atk|1\n|move|p2b: Lucario|Close Combat|p1b: Incineroar\n|-supereffective|p1b: Incineroar|1\n|-damage|p1b: Incineroar|62/100\n|-unboost|p2b: Lucario|def|1\n|-unboost|p2b: Lucario|spd|1\n|move|p1a: Tinkaton|Gigaton Hammer|p2a: Clefable\n|-supereffective|p2a: Clefable|1\n|-damage|p2a: Clefable|0 fnt\n|faint|p2a: Clefable\n|\n|upkeep\n|\n|t:|1776439293\n|switch|p2a: Gengar|Gengar, L50, F|100/100\n|turn|4\n|\n|t:|1776439309\n|switch|p2b: Corviknight|Corviknight, L50, F|100/100\n|switch|p1a: Mamoswine|Mamoswine, L50, F|100/100\n|detailschange|p2a: Gengar|Gengar-Mega, L50, F\n|-mega|p2a: Gengar|Gengar|Gengarite\n|move|p2a: Gengar|Protect|p2a: Gengar\n|-singleturn|p2a: Gengar|Protect\n|move|p1b: Incineroar|Parting Shot|p2a: Gengar\n|-activate|p2a: Gengar|move: Protect\n|\n|upkeep\n|turn|5\n|\n|t:|1776439328\n|move|p2a: Gengar|Sludge Bomb|p1b: Incineroar\n|-damage|p1b: Incineroar|17/100\n|-status|p1b: Incineroar|psn\n|-enditem|p1b: Incineroar|Sitrus Berry|[eat]\n|-heal|p1b: Incineroar|42/100 psn|[from] item: Sitrus Berry\n|move|p1a: Mamoswine|Stomping Tantrum|p2a: Gengar\n|-supereffective|p2a: Gengar|1\n|-damage|p2a: Gengar|0 fnt\n|faint|p2a: Gengar\n|move|p2b: Corviknight|Iron Defense|p2b: Corviknight\n|-boost|p2b: Corviknight|def|2\n|move|p1b: Incineroar|Flare Blitz|p2b: Corviknight\n|-supereffective|p2b: Corviknight|1\n|-damage|p2b: Corviknight|57/100\n|-damage|p1b: Incineroar|29/100 psn|[from] Recoil\n|\n|-heal|p2b: Corviknight|63/100|[from] item: Leftovers\n|-damage|p1b: Incineroar|16/100 psn|[from] psn\n|upkeep\n|\n|t:|1776439336\n|switch|p2a: Lucario|Lucario, L50, F|35/100\n|turn|6\n|\n|t:|1776439347\n|switch|p1b: Tinkaton|Tinkaton, L50, F|100/100\n|-ability|p1b: Tinkaton|Mold Breaker\n|move|p2a: Lucario|Protect|p2a: Lucario\n|-singleturn|p2a: Lucario|Protect\n|move|p1a: Mamoswine|Stomping Tantrum|p2a: Lucario\n|-activate|p2a: Lucario|move: Protect\n|move|p2b: Corviknight|Roost|p2b: Corviknight\n|-heal|p2b: Corviknight|100/100\n|-singleturn|p2b: Corviknight|move: Roost\n|\n|upkeep\n|turn|7\n|\n|t:|1776439368\n|switch|p1b: Incineroar|Incineroar, L50, F|16/100 psn\n|-ability|p1b: Incineroar|Intimidate|boost\n|-unboost|p2a: Lucario|atk|1\n|-ability|p2b: Corviknight|Mirror Armor\n|-unboost|p1b: Incineroar|atk|1\n|move|p2a: Lucario|Bullet Punch|p1a: Mamoswine\n|-supereffective|p1a: Mamoswine|1\n|-damage|p1a: Mamoswine|72/100\n|move|p1a: Mamoswine|Stomping Tantrum|p2a: Lucario\n|-supereffective|p2a: Lucario|1\n|-damage|p2a: Lucario|0 fnt\n|faint|p2a: Lucario\n|move|p2b: Corviknight|Iron Defense|p2b: Corviknight\n|-boost|p2b: Corviknight|def|2\n|\n|-damage|p1b: Incineroar|4/100 psn|[from] psn\n|upkeep\n|turn|8\n|\n|t:|1776439381\n|move|p1a: Mamoswine|Icicle Crash|p2b: Corviknight|[miss]\n|-miss|p1a: Mamoswine|p2b: Corviknight\n|move|p2b: Corviknight|Body Press|p1a: Mamoswine\n|-supereffective|p1a: Mamoswine|1\n|-damage|p1a: Mamoswine|0 fnt\n|faint|p1a: Mamoswine\n|move|p1b: Incineroar|Flare Blitz|p2b: Corviknight\n|-supereffective|p2b: Corviknight|1\n|-damage|p2b: Corviknight|83/100\n|-damage|p1b: Incineroar|0 fnt|[from] Recoil\n|faint|p1b: Incineroar\n|\n|-heal|p2b: Corviknight|89/100|[from] item: Leftovers\n|upkeep\n|\n|t:|1776439385\n|switch|p1a: Manectric|Manectric-Mega, L50, M, shiny|100/100\n|switch|p1b: Tinkaton|Tinkaton, L50, F|100/100\n|-ability|p1a: Manectric|Intimidate|boost\n|-ability|p2b: Corviknight|Mirror Armor\n|-unboost|p1a: Manectric|atk|1\n|-ability|p1b: Tinkaton|Mold Breaker\n|turn|9\n|\n|t:|1776439394\n|move|p1b: Tinkaton|Fake Out|p2b: Corviknight\n|-resisted|p2b: Corviknight|1\n|-damage|p2b: Corviknight|88/100\n|move|p1a: Manectric|Volt Switch|p2b: Corviknight\n|-supereffective|p2b: Corviknight|1\n|-damage|p2b: Corviknight|26/100\n|cant|p2b: Corviknight|flinch\n|\n|-heal|p2b: Corviknight|32/100|[from] item: Leftovers\n|upkeep\n|turn|10\n|\n|t:|1776439402\n|move|p1a: Manectric|Volt Switch|p2b: Corviknight\n|-supereffective|p2b: Corviknight|1\n|-damage|p2b: Corviknight|0 fnt\n|faint|p2b: Corviknight\n|\n|win|bugcathernick\n|raw|bugcathernick's rating: 1031 &rarr; <strong>1063</strong><br />(+32 for winning)\n|raw|MegaAuraMaxxing's rating: 1000 &rarr; <strong>1000</strong><br />(+0 for losing)\n|l|\u2606MegaAuraMaxxing\n|player|p2|\n",
  "uploadtime": 1776439404,
  "views": 22,
  "formatid": "gen9championsvgc2026regma",
  "rating": 1000,
  "private": 0,
  "password": null
}