{
  "id": "gen9championsvgc2026regma-2585211178",
  "format": "[Gen 9 Champions] VGC 2026 Reg M-A",
  "players": [
    "mait27",
    "Chloecy"
  ],
  "log": "|j|\u2606mait27\n|j|\u2606Chloecy\n|t:|1776325481\n|gametype|doubles\n|player|p1|mait27|265|1104\n|player|p2|Chloecy|101|1023\n|gen|9\n|tier|[Gen 9 Champions] VGC 2026 Reg M-A\n|rated|\n|rule|Species Clause: Limit one of each Pok\u00e9mon\n|rule|Item Clause: Limit 1 of each item\n|clearpoke\n|poke|p1|Tyranitar, L50, F|\n|poke|p1|Dragonite, L50, M|\n|poke|p1|Whimsicott, L50, M|\n|poke|p1|Garchomp, L50, M|\n|poke|p1|Arcanine, L50, F|\n|poke|p1|Sylveon, L50, M|\n|poke|p2|Espathra, L50, M|\n|poke|p2|Blastoise, L50, F|\n|poke|p2|Sneasler, L50, M|\n|poke|p2|Incineroar, L50, F|\n|poke|p2|Gengar, L50, F|\n|poke|p2|Politoed, L50, F|\n|teampreview|4\n|inactive|Battle timer is ON: inactive players will automatically lose when time's up. (requested by Chloecy)\n|\n|t:|1776325505\n|teamsize|p1|4\n|teamsize|p2|4\n|start\n|switch|p1a: Whimsicott|Whimsicott, L50, M|100/100\n|switch|p1b: Arcanine|Arcanine, L50, F|100/100\n|switch|p2a: Espathra|Espathra, L50, M|100/100\n|switch|p2b: Sneasler|Sneasler, L50, M|100/100\n|-ability|p1b: Arcanine|Intimidate|boost\n|-unboost|p2a: Espathra|atk|1\n|-unboost|p2b: Sneasler|atk|1\n|turn|1\n|\n|t:|1776325514\n|move|p2a: Espathra|Protect|p2a: Espathra\n|-singleturn|p2a: Espathra|Protect\n|move|p1a: Whimsicott|Tailwind|p1a: Whimsicott\n|-sidestart|p1: mait27|move: Tailwind\n|move|p1b: Arcanine|Will-O-Wisp|p2b: Sneasler\n|-status|p2b: Sneasler|brn\n|move|p2b: Sneasler|Dire Claw|p1a: Whimsicott\n|-supereffective|p1a: Whimsicott|2\n|-damage|p1a: Whimsicott|23/100\n|-status|p1a: Whimsicott|slp\n|\n|-damage|p2b: Sneasler|95/100 brn|[from] brn\n|-ability|p2a: Espathra|Speed Boost|boost\n|-boost|p2a: Espathra|spe|1\n|upkeep\n|turn|2\n|inactive|Chloecy has 30 seconds left.\n|\n|t:|1776325547\n|cant|p1a: Whimsicott|slp\n|move|p1b: Arcanine|Flare Blitz|p2a: Espathra\n|-damage|p2a: Espathra|35/100\n|-damage|p1b: Arcanine|78/100|[from] Recoil\n|move|p2b: Sneasler|Dire Claw|p1a: Whimsicott\n|-supereffective|p1a: Whimsicott|2\n|-damage|p1a: Whimsicott|0 fnt\n|faint|p1a: Whimsicott\n|move|p2a: Espathra|Calm Mind|p2a: Espathra\n|-boost|p2a: Espathra|spa|1\n|-boost|p2a: Espathra|spd|1\n|\n|-damage|p2b: Sneasler|89/100 brn|[from] brn\n|-ability|p2a: Espathra|Speed Boost|boost\n|-boost|p2a: Espathra|spe|1\n|upkeep\n|\n|t:|1776325564\n|switch|p1a: Tyranitar|Tyranitar, L50, F|100/100\n|-weather|Sandstorm|[from] ability: Sand Stream|[of] p1a: Tyranitar\n|turn|3\n|\n|t:|1776325575\n|detailschange|p1a: Tyranitar|Tyranitar-Mega, L50, F\n|-mega|p1a: Tyranitar|Tyranitar|Tyranitarite\n|move|p1a: Tyranitar|Protect|p1a: Tyranitar\n|-singleturn|p1a: Tyranitar|Protect\n|move|p2a: Espathra|Protect|p2a: Espathra\n|-singleturn|p2a: Espathra|Protect\n|move|p1b: Arcanine|Flare Blitz|p2b: Sneasler\n|-damage|p2b: Sneasler|0 fnt\n|faint|p2b: Sneasler\n|-damage|p1b: Arcanine|50/100|[from] Recoil\n|-enditem|p1b: Arcanine|Sitrus Berry|[eat]\n|-heal|p1b: Arcanine|75/100|[from] item: Sitrus Berry\n|\n|-weather|Sandstorm|[upkeep]\n|-damage|p1b: Arcanine|69/100|[from] Sandstorm\n|-damage|p2a: Espathra|30/100|[from] Sandstorm\n|-ability|p2a: Espathra|Speed Boost|boost\n|-boost|p2a: Espathra|spe|1\n|upkeep\n|\n|t:|1776325579\n|switch|p2b: Incineroar|Incineroar, L50, F|100/100\n|turn|4\n|inactive|mait27 has 30 seconds left.\n|\n|t:|1776325604\n|switch|p1b: Garchomp|Garchomp, L50, M|100/100\n|move|p2b: Incineroar|Fake Out|p1a: Tyranitar\n|-resisted|p1a: Tyranitar|1\n|-damage|p1a: Tyranitar|95/100\n|move|p2a: Espathra|Baton Pass|p2a: Espathra\n|\n|t:|1776325610\n|switch|p2a: Blastoise|Blastoise, L50, F|100/100|[from] Baton Pass\n|cant|p1a: Tyranitar|flinch\n|\n|-weather|Sandstorm|[upkeep]\n|-damage|p2a: Blastoise|95/100|[from] Sandstorm\n|-damage|p2b: Incineroar|95/100|[from] Sandstorm\n|-sideend|p1: mait27|move: Tailwind\n|upkeep\n|turn|5\n|\n|t:|1776325626\n|detailschange|p2a: Blastoise|Blastoise-Mega, L50, F\n|-mega|p2a: Blastoise|Blastoise|Blastoisinite\n|move|p2a: Blastoise|Water Spout|p1a: Tyranitar|[spread] p1a,p1b\n|-supereffective|p1a: Tyranitar|1\n|-damage|p1a: Tyranitar|0 fnt\n|-damage|p1b: Garchomp|0 fnt\n|faint|p1a: Tyranitar\n|faint|p1b: Garchomp\n|move|p2b: Incineroar|Parting Shot|p1: Tyranitar|[notarget]\n|-fail|p2b: Incineroar\n|\n|-weather|Sandstorm|[upkeep]\n|-damage|p2a: Blastoise|89/100|[from] Sandstorm\n|-damage|p2b: Incineroar|89/100|[from] Sandstorm\n|upkeep\n|-message|mait27 forfeited.\n|\n|win|Chloecy\n|raw|mait27's rating: 1104 &rarr; <strong>1073</strong><br />(-31 for losing)\n|raw|Chloecy's rating: 1023 &rarr; <strong>1068</strong><br />(+45 for winning)\n|l|\u2606mait27\n|player|p1|\n",
  "uploadtime": 1776325637,
  "views": 37,
  "formatid": "gen9championsvgc2026regma",
  "rating": 1068,
  "private": 0,
  "password": null
}