{
  "id": "gen9championsvgc2026regma-2587185415",
  "format": "[Gen 9 Champions] VGC 2026 Reg M-A",
  "players": [
    "dave4703",
    "stardawm"
  ],
  "log": "|j|\u2606dave4703\n|j|\u2606stardawm\n|t:|1776505884\n|gametype|doubles\n|player|p1|dave4703|bugcatcher-gen4dp|1214\n|player|p2|stardawm|miku-fire|1137\n|gen|9\n|tier|[Gen 9 Champions] VGC 2026 Reg M-A\n|rated|\n|rule|Species Clause: Limit one of each Pok\u00e9mon\n|rule|Item Clause: Limit 1 of each item\n|clearpoke\n|poke|p1|Dragapult, L50, M|\n|poke|p1|Pelipper, L50, F|\n|poke|p1|Archaludon, L50, F|\n|poke|p1|Basculegion, L50, M|\n|poke|p1|Scizor, L50, M|\n|poke|p1|Sableye, L50, M|\n|poke|p2|Garchomp, L50, F|\n|poke|p2|Gardevoir, L50, F, shiny|\n|poke|p2|Torkoal, L50, F, shiny|\n|poke|p2|Farigiraf, L50, F|\n|poke|p2|Sneasler, L50, F|\n|poke|p2|Delphox, L50, F, shiny|\n|teampreview|4\n|inactive|Battle timer is ON: inactive players will automatically lose when time's up. (requested by stardawm)\n|c|\u2606dave4703|glhf\n|inactive|dave4703 has 60 seconds left.\n|inactive|stardawm has 60 seconds left.\n|\n|t:|1776505931\n|teamsize|p1|4\n|teamsize|p2|4\n|start\n|switch|p1a: Dragapult|Dragapult, L50, M|100/100\n|switch|p1b: Basculegion|Basculegion, L50, M|100/100\n|switch|p2a: Sneasler|Sneasler, L50, F|100/100\n|switch|p2b: Delphox|Delphox, L50, F, shiny|100/100\n|turn|1\n|inactive|stardawm has 30 seconds left.\n|inactive|stardawm has 20 seconds left.\n|\n|t:|1776505968\n|switch|p1a: Pelipper|Pelipper, L50, F|100/100\n|-weather|RainDance|[from] ability: Drizzle|[of] p1a: Pelipper\n|detailschange|p2b: Delphox|Delphox-Mega, L50, F, shiny\n|-mega|p2b: Delphox|Delphox|Delphoxite\n|move|p1b: Basculegion|Wave Crash|p2a: Sneasler\n|-damage|p2a: Sneasler|0 fnt\n|faint|p2a: Sneasler\n|-damage|p1b: Basculegion|74/100|[from] Recoil\n|move|p2b: Delphox|Dazzling Gleam|p1b: Basculegion|[spread] p1a,p1b\n|-damage|p1a: Pelipper|64/100\n|-damage|p1b: Basculegion|43/100\n|\n|-weather|RainDance|[upkeep]\n|upkeep\n|\n|t:|1776505976\n|switch|p2a: Torkoal|Torkoal, L50, F, shiny|100/100\n|-weather|SunnyDay|[from] ability: Drought|[of] p2a: Torkoal\n|turn|2\n|\n|t:|1776505991\n|move|p2a: Torkoal|Helping Hand|p2b: Delphox\n|-singleturn|p2b: Delphox|Helping Hand|[of] p2a: Torkoal\n|move|p1a: Pelipper|Wide Guard|p1a: Pelipper\n|-singleturn|p1a: Pelipper|Wide Guard\n|move|p2b: Delphox|Dazzling Gleam|p1a: Pelipper|[spread] \n|-activate|p1a: Pelipper|move: Wide Guard\n|-activate|p1b: Basculegion|move: Wide Guard\n|move|p1b: Basculegion|Flip Turn|p2a: Torkoal\n|-supereffective|p2a: Torkoal|1\n|-damage|p2a: Torkoal|73/100\n|\n|t:|1776506003\n|switch|p1b: Dragapult|Dragapult, L50, M|100/100|[from] Flip Turn\n|\n|-weather|SunnyDay|[upkeep]\n|upkeep\n|turn|3\n|inactive|dave4703 has 30 seconds left.\n|\n|t:|1776506033\n|switch|p1a: Scizor|Scizor, L50, M|100/100\n|move|p2b: Delphox|Protect|p2b: Delphox\n|-singleturn|p2b: Delphox|Protect\n|move|p1b: Dragapult|Shadow Ball|p2a: Torkoal\n|-damage|p2a: Torkoal|24/100\n|move|p2a: Torkoal|Heat Wave|p1a: Scizor|[spread] p1a,p1b\n|-supereffective|p1a: Scizor|2\n|-resisted|p1b: Dragapult|1\n|-damage|p1a: Scizor|0 fnt\n|-damage|p1b: Dragapult|61/100\n|faint|p1a: Scizor\n|\n|-weather|SunnyDay|[upkeep]\n|upkeep\n|\n|t:|1776506050\n|switch|p1a: Basculegion|Basculegion, L50, M|43/100\n|turn|4\n|inactive|stardawm has 30 seconds left.\n|\n|t:|1776506081\n|switch|p2a: Garchomp|Garchomp, L50, F|100/100\n|move|p2b: Delphox|Protect||[still]\n|-fail|p2b: Delphox\n|move|p1b: Dragapult|Shadow Ball|p2a: Garchomp\n|-crit|p2a: Garchomp\n|-damage|p2a: Garchomp|44/100\n|move|p1a: Basculegion|Wave Crash|p2b: Delphox\n|-supereffective|p2b: Delphox|1\n|-damage|p2b: Delphox|0 fnt\n|faint|p2b: Delphox\n|-damage|p1a: Basculegion|17/100|[from] Recoil\n|\n|-weather|SunnyDay|[upkeep]\n|upkeep\n|\n|t:|1776506088\n|switch|p2b: Torkoal|Torkoal, L50, F, shiny|24/100\n|turn|5\n|\n|t:|1776506095\n|switch|p1b: Pelipper|Pelipper, L50, F|64/100\n|-weather|RainDance|[from] ability: Drizzle|[of] p1b: Pelipper\n|move|p2b: Torkoal|Protect|p2b: Torkoal\n|-singleturn|p2b: Torkoal|Protect\n|move|p1a: Basculegion|Wave Crash|p2a: Garchomp\n|-damage|p2a: Garchomp|0 fnt\n|-damage|p1a: Basculegion|5/100|[from] ability: Rough Skin|[of] p2a: Garchomp\n|faint|p2a: Garchomp\n|-damage|p1a: Basculegion|0 fnt|[from] Recoil\n|faint|p1a: Basculegion\n|\n|-weather|RainDance|[upkeep]\n|upkeep\n|\n|t:|1776506100\n|switch|p1a: Dragapult|Dragapult, L50, M|61/100\n|turn|6\n|-message|stardawm forfeited.\n|\n|win|dave4703\n|raw|dave4703's rating: 1214 &rarr; <strong>1234</strong><br />(+20 for winning)\n|raw|stardawm's rating: 1137 &rarr; <strong>1117</strong><br />(-20 for losing)\n|l|\u2606stardawm\n|player|p2|\n",
  "uploadtime": 1776506108,
  "views": 14,
  "formatid": "gen9championsvgc2026regma",
  "rating": 1117,
  "private": 0,
  "password": null
}