{
  "id": "gen9championsvgc2026regma-2584479734",
  "format": "[Gen 9 Champions] VGC 2026 Reg M-A",
  "players": [
    "awammy",
    "volcaronawithlegs"
  ],
  "log": "|j|\u2606awammy\n|j|\u2606volcaronawithlegs\n|t:|1776263636\n|gametype|doubles\n|player|p1|awammy|colress|1094\n|player|p2|volcaronawithlegs|juggler|1034\n|gen|9\n|tier|[Gen 9 Champions] VGC 2026 Reg M-A\n|rated|\n|rule|Species Clause: Limit one of each Pok\u00e9mon\n|rule|Item Clause: Limit 1 of each item\n|clearpoke\n|poke|p1|Garchomp, L50, F|\n|poke|p1|Corviknight, L50, F|\n|poke|p1|Sinistcha, L50|\n|poke|p1|Typhlosion-Hisui, L50, F|\n|poke|p1|Kingambit, L50, M|\n|poke|p1|Floette-Eternal, L50, F|\n|poke|p2|Charizard, L50, M|\n|poke|p2|Dedenne, L50, F|\n|poke|p2|Farigiraf, L50, F|\n|poke|p2|Incineroar, L50, M|\n|poke|p2|Basculegion, L50, M|\n|poke|p2|Sneasler, L50, M|\n|teampreview|4\n|\n|t:|1776263670\n|teamsize|p1|4\n|teamsize|p2|4\n|start\n|switch|p1a: Typhlosion|Typhlosion-Hisui, L50, F|100/100\n|switch|p1b: Sinistcha|Sinistcha, L50|100/100\n|switch|p2a: Sunset|Charizard, L50, M, shiny|100/100\n|switch|p2b: Star|Dedenne, L50, F|100/100\n|turn|1\n|inactive|Battle timer is ON: inactive players will automatically lose when time's up. (requested by volcaronawithlegs)\n|\n|t:|1776263703\n|detailschange|p2a: Sunset|Charizard-Mega-Y, L50, M, shiny\n|-mega|p2a: Sunset|Charizard|Charizardite Y\n|-weather|SunnyDay|[from] ability: Drought|[of] p2a: Sunset\n|move|p1b: Sinistcha|Rage Powder|p1b: Sinistcha\n|-singleturn|p1b: Sinistcha|move: Rage Powder\n|move|p1a: Typhlosion|Eruption|p2a: Sunset|[spread] p2a,p2b\n|-resisted|p2a: Sunset|1\n|-damage|p2a: Sunset|52/100\n|-damage|p2b: Star|0 fnt\n|faint|p2b: Star\n|move|p2a: Sunset|Heat Wave|p1a: Typhlosion|[spread] p1a,p1b\n|-resisted|p1a: Typhlosion|1\n|-supereffective|p1b: Sinistcha|1\n|-enditem|p1b: Sinistcha|Occa Berry|[eat]\n|-enditem|p1b: Sinistcha|Occa Berry|[weaken]\n|-damage|p1a: Typhlosion|58/100\n|-damage|p1b: Sinistcha|38/100\n|\n|-weather|SunnyDay|[upkeep]\n|upkeep\n|\n|t:|1776263718\n|switch|p2b: Comet|Sneasler, L50, M|100/100\n|turn|2\n|\n|t:|1776263731\n|move|p1b: Sinistcha|Rage Powder|p1b: Sinistcha\n|-singleturn|p1b: Sinistcha|move: Rage Powder\n|move|p1a: Typhlosion|Eruption|p2a: Sunset|[spread] p2a,p2b\n|-resisted|p2a: Sunset|1\n|-damage|p2a: Sunset|28/100\n|-damage|p2b: Comet|32/100\n|move|p2b: Comet|Dire Claw|p1b: Sinistcha\n|-damage|p1b: Sinistcha|0 fnt\n|faint|p1b: Sinistcha\n|move|p2a: Sunset|Scorching Sands|p1a: Typhlosion\n|-supereffective|p1a: Typhlosion|1\n|-damage|p1a: Typhlosion|0 fnt\n|faint|p1a: Typhlosion\n|\n|-weather|SunnyDay|[upkeep]\n|upkeep\n|\n|t:|1776263741\n|switch|p1a: Floette|Floette-Eternal, L50, F|100/100\n|switch|p1b: Kingambit|Kingambit, L50, M|100/100\n|turn|3\n|\n|t:|1776263762\n|detailschange|p1a: Floette|Floette-Mega, L50, F\n|-mega|p1a: Floette|Floette|Floettite\n|-ability|p1a: Floette|Fairy Aura\n|move|p1b: Kingambit|Sucker Punch|p2a: Sunset\n|-damage|p2a: Sunset|0 fnt\n|faint|p2a: Sunset\n|move|p2b: Comet|Dire Claw|p1a: Floette\n|-supereffective|p1a: Floette|1\n|-damage|p1a: Floette|26/100\n|-status|p1a: Floette|slp\n|cant|p1a: Floette|slp\n|\n|-weather|SunnyDay|[upkeep]\n|upkeep\n|\n|t:|1776263773\n|switch|p2a: Solar|Incineroar, L50, M|100/100\n|-ability|p2a: Solar|Intimidate|boost\n|-unboost|p1a: Floette|atk|1\n|-unboost|p1b: Kingambit|atk|1\n|-ability|p1b: Kingambit|Defiant|boost\n|-boost|p1b: Kingambit|atk|2\n|turn|4\n|\n|t:|1776263783\n|cant|p1a: Floette|slp\n|move|p1b: Kingambit|Sucker Punch|p2b: Comet\n|-resisted|p2b: Comet|1\n|-damage|p2b: Comet|0 fnt\n|faint|p2b: Comet\n|move|p2a: Solar|Flare Blitz|p1b: Kingambit\n|-supereffective|p1b: Kingambit|1\n|-damage|p1b: Kingambit|0 fnt\n|faint|p1b: Kingambit\n|-damage|p2a: Solar|70/100|[from] Recoil\n|\n|-weather|SunnyDay|[upkeep]\n|-heal|p2a: Solar|76/100|[from] item: Leftovers\n|upkeep\n|turn|5\n|\n|t:|1776263802\n|-curestatus|p1a: Floette|slp|[msg]\n|move|p1a: Floette|Protect|p1a: Floette\n|-singleturn|p1a: Floette|Protect\n|move|p2a: Solar|Flare Blitz|p1a: Floette\n|-activate|p1a: Floette|move: Protect\n|\n|-weather|none\n|-heal|p2a: Solar|82/100|[from] item: Leftovers\n|upkeep\n|turn|6\n|\n|t:|1776263820\n|move|p1a: Floette|Moonblast|p2a: Solar\n|-damage|p2a: Solar|8/100\n|move|p2a: Solar|Flare Blitz|p1a: Floette\n|-damage|p1a: Floette|0 fnt\n|faint|p1a: Floette\n|-damage|p2a: Solar|0 fnt|[from] Recoil\n|faint|p2a: Solar\n|\n|win|volcaronawithlegs\n|raw|awammy's rating: 1094 &rarr; <strong>1066</strong><br />(-28 for losing)\n|raw|volcaronawithlegs's rating: 1034 &rarr; <strong>1075</strong><br />(+41 for winning)\n",
  "uploadtime": 1776263820,
  "views": 21,
  "formatid": "gen9championsvgc2026regma",
  "rating": 1066,
  "private": 0,
  "password": null
}