{
  "id": "gen9championsvgc2026regma-2585989445",
  "format": "[Gen 9 Champions] VGC 2026 Reg M-A",
  "players": [
    "superboy245",
    "chang21"
  ],
  "log": "|j|\u2606superboy245\n|j|\u2606chang21\n|t:|1776388022\n|gametype|doubles\n|player|p1|superboy245|buck|1466\n|player|p2|chang21|1|1489\n|gen|9\n|tier|[Gen 9 Champions] VGC 2026 Reg M-A\n|rated|\n|rule|Species Clause: Limit one of each Pok\u00e9mon\n|rule|Item Clause: Limit 1 of each item\n|clearpoke\n|poke|p1|Greninja-*, L50, M|\n|poke|p1|Politoed, L50, M|\n|poke|p1|Basculegion, L50, M|\n|poke|p1|Lucario, L50, M|\n|poke|p1|Sinistcha, L50|\n|poke|p1|Toxicroak, L50, M|\n|poke|p2|Charizard, L50, M|\n|poke|p2|Sneasler, L50, M|\n|poke|p2|Basculegion, L50, M|\n|poke|p2|Garchomp, L50, M|\n|poke|p2|Incineroar, L50, M|\n|poke|p2|Venusaur, L50, M|\n|teampreview|4\nsuperboy245 rejected open team sheets.\n|\n|t:|1776388065\n|teamsize|p1|4\n|teamsize|p2|4\n|start\n|switch|p1a: Greninja|Greninja, L50, M|100/100\n|switch|p1b: Basculegion|Basculegion, L50, M|100/100\n|switch|p2a: Charizard|Charizard, L50, M|100/100\n|switch|p2b: Basculegion|Basculegion, L50, M|100/100\n|turn|1\n|inactive|Battle timer is ON: inactive players will automatically lose when time's up. (requested by chang21)\n|inactive|superboy245 has 60 seconds left.\n|\n|t:|1776388099\n|detailschange|p1a: Greninja|Greninja-Mega, L50, M\n|-mega|p1a: Greninja|Greninja|Greninjite\n|move|p2a: Charizard|Protect|p2a: Charizard\n|-singleturn|p2a: Charizard|Protect\n|move|p2b: Basculegion|Flip Turn|p1b: Basculegion\n|-resisted|p1b: Basculegion|1\n|-damage|p1b: Basculegion|78/100\n|j| TomTom_JerryJerry\n|\n|t:|1776388111\n|switch|p2b: Sneasler|Sneasler, L50, M|100/100|[from] Flip Turn\n|move|p1a: Greninja|Dark Pulse|p2b: Sneasler\n|-start|p1a: Greninja|typechange|Dark|[from] ability: Protean\n|-resisted|p2b: Sneasler|1\n|-damage|p2b: Sneasler|70/100\n|move|p1b: Basculegion|Flip Turn|p2a: Charizard\n|-activate|p2a: Charizard|move: Protect\n|\n|upkeep\n|turn|2\n|inactive|superboy245 has 30 seconds left.\n|inactive|chang21 has 30 seconds left.\n|\n|t:|1776388144\n|switch|p2b: Basculegion|Basculegion, L50, M|100/100\n|detailschange|p2a: Charizard|Charizard-Mega-Y, L50, M\n|-mega|p2a: Charizard|Charizard|Charizardite Y\n|-weather|SunnyDay|[from] ability: Drought|[of] p2a: Charizard\n|move|p1a: Greninja|Protect|p1a: Greninja\n|-singleturn|p1a: Greninja|Protect\n|move|p2a: Charizard|Heat Wave|p1a: Greninja|[spread] p1b\n|-activate|p1a: Greninja|move: Protect\n|-resisted|p1b: Basculegion|1\n|-damage|p1b: Basculegion|40/100\n|move|p1b: Basculegion|Flip Turn|p2a: Charizard\n|-supereffective|p2a: Charizard|1\n|-damage|p2a: Charizard|62/100\n|\n|t:|1776388163\n|switch|p1b: Politoed|Politoed, L50, M|100/100|[from] Flip Turn\n|-weather|RainDance|[from] ability: Drizzle|[of] p1b: Politoed\n|\n|-weather|RainDance|[upkeep]\n|upkeep\n|turn|3\n|\n|t:|1776388183\n|switch|p1a: Sinistcha|Sinistcha, L50|100/100\n|switch|p2a: Venusaur|Venusaur, L50, M|100/100\n|move|p2b: Basculegion|Wave Crash|p1a: Sinistcha\n|-resisted|p1a: Sinistcha|1\n|-damage|p1a: Sinistcha|60/100\n|-damage|p2b: Basculegion|88/100|[from] Recoil\n|move|p1b: Politoed|Weather Ball|p2a: Venusaur\n|-resisted|p2a: Venusaur|1\n|-damage|p2a: Venusaur|72/100\n|\n|-weather|RainDance|[upkeep]\n|-heal|p1a: Sinistcha|66/100|[from] item: Leftovers\n|upkeep\n|turn|4\n|inactive|chang21 has 30 seconds left.\n|\n|t:|1776388217\n|switch|p1b: Basculegion|Basculegion, L50, M|40/100\n|move|p2b: Basculegion|Wave Crash|p1a: Sinistcha\n|-resisted|p1a: Sinistcha|1\n|-damage|p1a: Sinistcha|24/100\n|-damage|p2b: Basculegion|75/100|[from] Recoil\n|move|p2a: Venusaur|Sludge Bomb|p1a: Sinistcha\n|-damage|p1a: Sinistcha|0 fnt\n|faint|p1a: Sinistcha\n|\n|-weather|RainDance|[upkeep]\n|upkeep\n|\n|t:|1776388236\n|switch|p1a: Greninja|Greninja-Mega, L50, M|100/100\n|turn|5\n|l| TomTom_JerryJerry\n|inactive|superboy245 has 30 seconds left.\n|inactive|chang21 has 30 seconds left.\n|\n|t:|1776388270\n|move|p1b: Basculegion|Last Respects|p2b: Basculegion\n|-supereffective|p2b: Basculegion|1\n|-damage|p2b: Basculegion|0 fnt\n|faint|p2b: Basculegion\n|move|p1a: Greninja|Ice Beam|p2a: Venusaur\n|-start|p1a: Greninja|typechange|Ice|[from] ability: Protean\n|-supereffective|p2a: Venusaur|1\n|-damage|p2a: Venusaur|0 fnt\n|faint|p2a: Venusaur\n|\n|-weather|RainDance|[upkeep]\n|upkeep\n|-message|chang21 forfeited.\n|\n|win|superboy245\n|raw|superboy245's rating: 1466 &rarr; <strong>1487</strong><br />(+21 for winning)\n|raw|chang21's rating: 1489 &rarr; <strong>1468</strong><br />(-21 for losing)\n|l|\u2606chang21\n|player|p2|\n",
  "uploadtime": 1776388287,
  "views": 35,
  "formatid": "gen9championsvgc2026regma",
  "rating": 1468,
  "private": 0,
  "password": null
}