{
  "id": "gen9championsvgc2026regma-2586823075",
  "format": "[Gen 9 Champions] VGC 2026 Reg M-A",
  "players": [
    "nessas bro",
    "AragonVGC"
  ],
  "log": "|j|\u2606nessas bro\n|j|\u2606AragonVGC\n|t:|1776462837\n|gametype|doubles\n|player|p1|nessas bro|blue-masters2|\n|player|p2|AragonVGC|adaman|\n|gen|9\n|tier|[Gen 9 Champions] VGC 2026 Reg M-A\n|rated|Tournament battle\n|rule|Species Clause: Limit one of each Pok\u00e9mon\n|rule|Item Clause: Limit 1 of each item\n|raw|<div class=\"infobox\"><details class=\"readmore\" open><summary><strong>1 custom rule:</strong></summary> !open team sheets</details></div>\n|clearpoke\n|poke|p1|Meganium, L50, M|\n|poke|p1|Aerodactyl, L50, F|\n|poke|p1|Politoed, L50, M|\n|poke|p1|Basculegion, L50, M|\n|poke|p1|Archaludon, L50, F|\n|poke|p1|Gengar, L50, F|\n|poke|p2|Golurk, L50|\n|poke|p2|Farigiraf, L50, M|\n|poke|p2|Incineroar, L50, M|\n|poke|p2|Torkoal, L50, F|\n|poke|p2|Sneasler, L50, M|\n|poke|p2|Venusaur, L50, M|\n|teampreview|4\n|c|\u2606nessas bro|glhf!\n|\n|t:|1776462873\n|teamsize|p1|4\n|teamsize|p2|4\n|start\n|switch|p1a: gen 1 fossil meta|Aerodactyl, L50, F|100/100\n|switch|p1b: politoe|Politoed, L50, M, shiny|100/100\n|switch|p2a: Farigiraf|Farigiraf, L50, M|100/100\n|switch|p2b: Sneasler|Sneasler, L50, M|100/100\n|-ability|p1a: gen 1 fossil meta|Unnerve\n|-weather|RainDance|[from] ability: Drizzle|[of] p1b: politoe\n|turn|1\n|c|\u2606AragonVGC|glhf mate\n|\n|t:|1776462912\n|move|p1a: gen 1 fossil meta|Protect|p1a: gen 1 fossil meta\n|-singleturn|p1a: gen 1 fossil meta|Protect\n|move|p2b: Sneasler|Fake Out|p1a: gen 1 fossil meta\n|-activate|p1a: gen 1 fossil meta|move: Protect\n|move|p1b: politoe|Weather Ball|p2b: Sneasler\n|-damage|p2b: Sneasler|34/100\n|move|p2a: Farigiraf|Trick Room|p2a: Farigiraf\n|-fieldstart|move: Trick Room|[of] p2a: Farigiraf\n|\n|-weather|RainDance|[upkeep]\n|upkeep\n|turn|2\n|\n|t:|1776462938\n|switch|p2b: Torkoal|Torkoal, L50, F|100/100\n|-weather|SunnyDay|[from] ability: Drought|[of] p2b: Torkoal\n|move|p2a: Farigiraf|Psychic|p1a: gen 1 fossil meta\n|-damage|p1a: gen 1 fossil meta|46/100\n|move|p1b: politoe|Weather Ball|p2a: Farigiraf\n|-damage|p2a: Farigiraf|66/100\n|move|p1a: gen 1 fossil meta|Dual Wingbeat|p2b: Torkoal\n|-damage|p2b: Torkoal|84/100\n|-damage|p2b: Torkoal|70/100\n|-hitcount|p2b: Torkoal|2\n|\n|-weather|SunnyDay|[upkeep]\n|upkeep\n|turn|3\n|\n|t:|1776462959\n|switch|p1b: big feesh|Basculegion, L50, M, shiny|100/100\n|move|p2a: Farigiraf|Helping Hand|p2b: Torkoal\n|-singleturn|p2b: Torkoal|Helping Hand|[of] p2a: Farigiraf\n|move|p1a: gen 1 fossil meta|Protect|p1a: gen 1 fossil meta\n|-singleturn|p1a: gen 1 fossil meta|Protect\n|move|p2b: Torkoal|Eruption|p1b: big feesh|[spread] p1b\n|-activate|p1a: gen 1 fossil meta|move: Protect\n|-resisted|p1b: big feesh|1\n|-damage|p1b: big feesh|46/100\n|\n|-weather|SunnyDay|[upkeep]\n|upkeep\n|turn|4\n|\n|t:|1776462982\n|switch|p1a: politoe|Politoed, L50, M, shiny|100/100\n|-weather|RainDance|[from] ability: Drizzle|[of] p1a: politoe\n|move|p2b: Torkoal|Eruption|p1b: big feesh|[spread] p1a,p1b\n|-resisted|p1a: politoe|1\n|-resisted|p1b: big feesh|1\n|-damage|p1a: politoe|92/100\n|-damage|p1b: big feesh|35/100\n|move|p2a: Farigiraf|Psychic|p1b: big feesh\n|-damage|p1b: big feesh|0 fnt\n|faint|p1b: big feesh\n|\n|-weather|RainDance|[upkeep]\n|-heal|p1a: politoe|98/100|[from] item: Leftovers\n|upkeep\n|\n|t:|1776462997\n|switch|p1b: gen 1 fossil meta|Aerodactyl, L50, F|46/100\n|-ability|p1b: gen 1 fossil meta|Unnerve\n|turn|5\n|\n|t:|1776463011\n|move|p2a: Farigiraf|Helping Hand|p2b: Torkoal\n|-singleturn|p2b: Torkoal|Helping Hand|[of] p2a: Farigiraf\n|move|p1a: politoe|Protect|p1a: politoe\n|-singleturn|p1a: politoe|Protect\n|move|p1b: gen 1 fossil meta|Protect|p1b: gen 1 fossil meta\n|-singleturn|p1b: gen 1 fossil meta|Protect\n|move|p2b: Torkoal|Weather Ball|p1b: gen 1 fossil meta\n|-activate|p1b: gen 1 fossil meta|move: Protect\n|\n|-weather|RainDance|[upkeep]\n|-heal|p1a: politoe|100/100|[from] item: Leftovers\n|-fieldend|move: Trick Room\n|upkeep\n|turn|6\n|\n|t:|1776463027\n|move|p2b: Torkoal|Protect|p2b: Torkoal\n|-singleturn|p2b: Torkoal|Protect\n|move|p1b: gen 1 fossil meta|Rock Slide|p2a: Farigiraf|[spread] p2a\n|-activate|p2b: Torkoal|move: Protect\n|-damage|p2a: Farigiraf|45/100\n|move|p1a: politoe|Weather Ball|p2a: Farigiraf\n|-damage|p2a: Farigiraf|0 fnt\n|faint|p2a: Farigiraf\n|\n|-weather|RainDance|[upkeep]\n|upkeep\n|\n|t:|1776463046\n|switch|p2a: Sneasler|Sneasler, L50, M|34/100\n|turn|7\n|\n|t:|1776463061\n|move|p1b: gen 1 fossil meta|Protect|p1b: gen 1 fossil meta\n|-singleturn|p1b: gen 1 fossil meta|Protect\n|move|p2a: Sneasler|Close Combat|p1b: gen 1 fossil meta\n|-activate|p1b: gen 1 fossil meta|move: Protect\n|move|p1a: politoe|Weather Ball|p2b: Torkoal\n|-supereffective|p2b: Torkoal|1\n|-damage|p2b: Torkoal|0 fnt\n|faint|p2b: Torkoal\n|\n|-weather|RainDance|[upkeep]\n|upkeep\n|\n|t:|1776463069\n|switch|p2b: Golurk|Golurk, L50, shiny|100/100\n|turn|8\n|\n|t:|1776463083\n|detailschange|p2b: Golurk|Golurk-Mega, L50, shiny\n|-mega|p2b: Golurk|Golurk|Golurkite\n|move|p1b: gen 1 fossil meta|Tailwind|p1b: gen 1 fossil meta\n|-sidestart|p1: nessas bro|move: Tailwind\n|move|p2a: Sneasler|Close Combat|p1a: politoe\n|-damage|p1a: politoe|47/100\n|-unboost|p2a: Sneasler|def|1\n|-unboost|p2a: Sneasler|spd|1\n|-enditem|p2a: Sneasler|White Herb\n|-clearnegativeboost|p2a: Sneasler|[silent]\n|move|p1a: politoe|Weather Ball|p2b: Golurk\n|-supereffective|p2b: Golurk|1\n|-damage|p2b: Golurk|15/100\n|move|p2b: Golurk|Ice Punch|p1b: gen 1 fossil meta\n|-supereffective|p1b: gen 1 fossil meta|1\n|-damage|p1b: gen 1 fossil meta|0 fnt\n|faint|p1b: gen 1 fossil meta\n|\n|-weather|none\n|-heal|p1a: politoe|53/100|[from] item: Leftovers\n|upkeep\n|\n|t:|1776463095\n|switch|p1b: flower dino|Meganium, L50, M|100/100\n|turn|9\n|\n|t:|1776463120\n|detailschange|p1b: flower dino|Meganium-Mega, L50, M\n|-mega|p1b: flower dino|Meganium|Meganiumite\n|move|p2a: Sneasler|Dire Claw|p1b: flower dino\n|-supereffective|p1b: flower dino|2\n|-damage|p1b: flower dino|0 fnt\n|faint|p1b: flower dino\n|move|p1a: politoe|Icy Wind|p2b: Golurk|[spread] p2a,p2b\n|-supereffective|p2b: Golurk|1\n|-damage|p2a: Sneasler|21/100\n|-damage|p2b: Golurk|0 fnt\n|-unboost|p2a: Sneasler|spe|1\n|faint|p2b: Golurk\n|\n|-heal|p1a: politoe|59/100|[from] item: Leftovers\n|upkeep\n|turn|10\n|\n|t:|1776463143\n|move|p2a: Sneasler|Dire Claw|p1a: politoe\n|-damage|p1a: politoe|22/100\n|-status|p1a: politoe|slp\n|cant|p1a: politoe|slp\n|\n|-heal|p1a: politoe|28/100 slp|[from] item: Leftovers\n|upkeep\n|turn|11\n|c|\u2606nessas bro|how r you faster\n|c|\u2606nessas bro|BRO\n|c|\u2606nessas bro|7\n|j| WenteBig\n|c|\u2606nessas bro|OF ALL THE STATUS\n|c|\u2606AragonVGC|unburden bady\n|c|\u2606nessas bro|oh fahhhh\n|\n|t:|1776463171\n|move|p2a: Sneasler|Dire Claw|p1a: politoe\n|-damage|p1a: politoe|0 fnt\n|faint|p1a: politoe\n|\n|win|AragonVGC\n|n|\u2606nessas bro|nessasbro\n|n|\u2606AragonVGC|aragonvgc\n|n| WenteBig|wentebig\n|c|\u2606AragonVGC|gg\n|c|\u2606nessas bro|bro whole reason i used tailwind was to outspeed\n",
  "uploadtime": 1776463185,
  "views": 13,
  "formatid": "gen9championsvgc2026regma",
  "rating": null,
  "private": 0,
  "password": null
}