{
  "id": "gen9championsvgc2026regma-2584322380",
  "format": "[Gen 9 Champions] VGC 2026 Reg M-A",
  "players": [
    "Alatzpivot",
    "gaemakjang"
  ],
  "log": "|j|\u2606Alatzpivot\n|j|\u2606gaemakjang\n|t:|1776251115\n|gametype|doubles\n|player|p1|Alatzpivot|170|1189\n|player|p2|gaemakjang|skyla|1222\n|gen|9\n|tier|[Gen 9 Champions] VGC 2026 Reg M-A\n|rated|\n|rule|Species Clause: Limit one of each Pok\u00e9mon\n|rule|Item Clause: Limit 1 of each item\n|clearpoke\n|poke|p1|Incineroar, L50, F|\n|poke|p1|Starmie, L50|\n|poke|p1|Pelipper, L50, M|\n|poke|p1|Floette-Eternal, L50, F|\n|poke|p1|Archaludon, L50, M|\n|poke|p1|Sinistcha, L50|\n|poke|p2|Liepard, L50, M|\n|poke|p2|Aerodactyl, L50, M|\n|poke|p2|Rotom-Wash, L50|\n|poke|p2|Garchomp, L50, F|\n|poke|p2|Floette-Eternal, L50, F|\n|poke|p2|Kingambit, L50, F|\n|teampreview|4\n|inactive|Battle timer is ON: inactive players will automatically lose when time's up. (requested by gaemakjang)\n|\n|t:|1776251144\n|teamsize|p1|4\n|teamsize|p2|4\n|start\n|switch|p1a: Pelipper|Pelipper, L50, M|100/100\n|switch|p1b: Sinistcha|Sinistcha, L50|100/100\n|switch|p2a: Liepard|Liepard, L50, M|100/100\n|switch|p2b: Rotom|Rotom-Wash, L50|100/100\n|-weather|RainDance|[from] ability: Drizzle|[of] p1a: Pelipper\n|turn|1\n|inactive|Alatzpivot has 30 seconds left.\n|inactive|Alatzpivot has 20 seconds left.\n|inactive|Alatzpivot has 15 seconds left.\n|\n|t:|1776251185\n|move|p2a: Liepard|Fake Out|p1a: Pelipper\n|-damage|p1a: Pelipper|91/100\n|move|p1b: Sinistcha|Rage Powder|p1b: Sinistcha\n|-singleturn|p1b: Sinistcha|move: Rage Powder\n|move|p2b: Rotom|Volt Switch|p1b: Sinistcha\n|-resisted|p1b: Sinistcha|1\n|-damage|p1b: Sinistcha|82/100\n|\n|t:|1776251193\n|switch|p2b: Floette|Floette-Eternal, L50, F|100/100|[from] Volt Switch\n|cant|p1a: Pelipper|flinch\n|\n|-weather|RainDance|[upkeep]\n|upkeep\n|turn|2\n|inactive|Alatzpivot has 30 seconds left.\n|inactive|Alatzpivot has 20 seconds left.\n|inactive|Alatzpivot has 15 seconds left.\n|inactive|Alatzpivot has 10 seconds left.\n|inactive|Alatzpivot has 5 seconds left.\n|\n|t:|1776251245\n|detailschange|p2b: Floette|Floette-Mega, L50, F\n|-mega|p2b: Floette|Floette|Floettite\n|-ability|p2b: Floette|Fairy Aura\n|move|p1b: Sinistcha|Rage Powder|p1b: Sinistcha\n|-singleturn|p1b: Sinistcha|move: Rage Powder\n|move|p2a: Liepard|Fake Tears|p1b: Sinistcha\n|-unboost|p1b: Sinistcha|spd|2\n|move|p2b: Floette|Dazzling Gleam|p1a: Pelipper|[spread] p1a,p1b\n|-damage|p1a: Pelipper|27/100\n|-damage|p1b: Sinistcha|0 fnt\n|faint|p1b: Sinistcha\n|move|p1a: Pelipper|Tailwind|p1a: Pelipper\n|-sidestart|p1: Alatzpivot|move: Tailwind\n|\n|-weather|RainDance|[upkeep]\n|upkeep\n|\n|t:|1776251259\n|switch|p1b: Floette|Floette-Eternal, L50, F|100/100\n|turn|3\n|\n|t:|1776251272\n|detailschange|p1b: Floette|Floette-Mega, L50, F\n|-mega|p1b: Floette|Floette|Floettite\n|-ability|p1b: Floette|Fairy Aura\n|move|p2b: Floette|Protect|p2b: Floette\n|-singleturn|p2b: Floette|Protect\n|move|p2a: Liepard|Thunder Wave|p1b: Floette\n|-status|p1b: Floette|par\n|move|p1a: Pelipper|Hurricane|p2b: Floette\n|-activate|p2b: Floette|move: Protect\n|move|p1b: Floette|Calm Mind|p1b: Floette\n|-boost|p1b: Floette|spa|1\n|-boost|p1b: Floette|spd|1\n|\n|-weather|RainDance|[upkeep]\n|upkeep\n|turn|4\n|\n|t:|1776251292\n|move|p2a: Liepard|Fake Tears|p1b: Floette\n|-unboost|p1b: Floette|spd|2\n|move|p1a: Pelipper|Hurricane|p2b: Floette\n|-damage|p2b: Floette|61/100\n|move|p2b: Floette|Dazzling Gleam|p1b: Floette|[spread] p1a,p1b\n|-damage|p1a: Pelipper|0 fnt\n|-damage|p1b: Floette|43/100 par\n|faint|p1a: Pelipper\n|move|p1b: Floette|Dazzling Gleam|p2b: Floette|[spread] p2a,p2b\n|-supereffective|p2a: Liepard|1\n|-crit|p2a: Liepard\n|-enditem|p2a: Liepard|Focus Sash\n|-damage|p2a: Liepard|1/100\n|-damage|p2b: Floette|1/100\n|\n|-weather|RainDance|[upkeep]\n|upkeep\n|\n|t:|1776251305\n|switch|p1a: Archaludon|Archaludon, L50, M|100/100\n|turn|5\n|\n|t:|1776251323\n|move|p2b: Floette|Protect|p2b: Floette\n|-singleturn|p2b: Floette|Protect\n|move|p2a: Liepard|Fake Tears|p1a: Archaludon\n|-unboost|p1a: Archaludon|spd|2\n|move|p1a: Archaludon|Flash Cannon|p2b: Floette\n|-activate|p2b: Floette|move: Protect\n|move|p1b: Floette|Dazzling Gleam|p2b: Floette|[spread] p2a\n|-activate|p2b: Floette|move: Protect\n|-supereffective|p2a: Liepard|1\n|-damage|p2a: Liepard|0 fnt\n|faint|p2a: Liepard\n|\n|-weather|none\n|-sideend|p1: Alatzpivot|move: Tailwind\n|upkeep\n|\n|t:|1776251336\n|switch|p2a: Kingambit|Kingambit, L50, F|100/100\n|turn|6\n|inactive|Alatzpivot has 30 seconds left.\n|inactive|Alatzpivot has 20 seconds left.\n|inactive|Alatzpivot has 15 seconds left.\n|l|\u2606gaemakjang\n|inactive|gaemakjang disconnected and has a minute to reconnect!\n|player|p2|\n|inactive|Alatzpivot has 10 seconds left.\n|inactive|Alatzpivot has 5 seconds left.\n|\n|t:|1776251391\n|move|p1b: Floette|Protect|p1b: Floette\n|-singleturn|p1b: Floette|Protect\n|move|p2b: Floette|Light of Ruin|p1a: Archaludon\n|-damage|p1a: Archaludon|0 fnt\n|faint|p1a: Archaludon\n|-damage|p2b: Floette|0 fnt|[from] Recoil\n|faint|p2b: Floette\n|move|p2a: Kingambit|Iron Head|p1b: Floette\n|-activate|p1b: Floette|move: Protect\n|\n|upkeep\n|j|\u2606gaemakjang\n|inactive|gaemakjang reconnected and has 35 seconds left.\n|player|p2|gaemakjang|skyla|\n|inactive|gaemakjang has 30 seconds left.\n|\n|t:|1776251417\n|switch|p2b: Rotom|Rotom-Wash, L50|100/100\n|turn|7\n|c|\u2606gaemakjang|gg\n|\n|t:|1776251438\n|move|p2b: Rotom|Thunderbolt|p1b: Floette\n|-damage|p1b: Floette|0 fnt\n|faint|p1b: Floette\n|\n|win|gaemakjang\n|raw|Alatzpivot's rating: 1189 &rarr; <strong>1166</strong><br />(-23 for losing)\n|raw|gaemakjang's rating: 1222 &rarr; <strong>1245</strong><br />(+23 for winning)\n|l|\u2606Alatzpivot\n|player|p1|\n|l|\u2606gaemakjang\n|player|p2|\n|j|\u2606gaemakjang\n|player|p2|gaemakjang|skyla|\n|l|\u2606gaemakjang\n|player|p2|\n|j|\u2606gaemakjang\n|player|p2|gaemakjang|skyla|\n",
  "uploadtime": 1776251832,
  "views": 27,
  "formatid": "gen9championsvgc2026regma",
  "rating": 1166,
  "private": 0,
  "password": null
}