{
  "id": "gen9championsvgc2026regma-2580752663",
  "format": "[Gen 9 Champions] VGC 2026 Reg M-A",
  "players": [
    "grok how do i win?",
    "8brock30"
  ],
  "log": "|j|\u2606grok how do i win?\n|j|\u26068brock30\n|t:|1775929628\n|gametype|doubles\n|player|p1|grok how do i win?|2|1097\n|player|p2|8brock30|2|1040\n|gen|9\n|tier|[Gen 9 Champions] VGC 2026 Reg M-A\n|rated|\n|rule|Species Clause: Limit one of each Pok\u00e9mon\n|rule|Item Clause: Limit 1 of each item\n|clearpoke\n|poke|p1|Charizard, L50, F|\n|poke|p1|Venusaur, L50, M|\n|poke|p1|Garchomp, L50, M|\n|poke|p1|Incineroar, L50, M|\n|poke|p1|Whimsicott, L50, M|\n|poke|p1|Raichu, L50, M|\n|poke|p2|Hydreigon, L50, F|\n|poke|p2|Whimsicott, L50, M|\n|poke|p2|Rotom-Wash, L50|\n|poke|p2|Aegislash, L50, M|\n|poke|p2|Floette-Eternal, L50, F|\n|poke|p2|Sneasler, L50, M|\n|teampreview|4\n|\n|t:|1775929662\n|teamsize|p1|4\n|teamsize|p2|4\n|start\n|switch|p1a: Charizard|Charizard, L50, F, shiny|100/100\n|switch|p1b: Whimsicott|Whimsicott, L50, M, shiny|100/100\n|switch|p2a: Rotom|Rotom-Wash, L50|100/100\n|switch|p2b: Sneasler|Sneasler, L50, M|100/100\n|turn|1\n|inactive|Battle timer is ON: inactive players will automatically lose when time's up. (requested by 8brock30)\n|\n|t:|1775929695\n|move|p1a: Charizard|Protect|p1a: Charizard\n|-singleturn|p1a: Charizard|Protect\n|move|p2b: Sneasler|Fake Out|p1a: Charizard\n|-activate|p1a: Charizard|move: Protect\n|move|p1b: Whimsicott|Tailwind|p1b: Whimsicott\n|-sidestart|p1: grok how do i win?|move: Tailwind\n|move|p2a: Rotom|Electroweb|p1b: Whimsicott|[spread] p1b\n|-activate|p1a: Charizard|move: Protect\n|-resisted|p1b: Whimsicott|1\n|-damage|p1b: Whimsicott|92/100\n|-unboost|p1b: Whimsicott|spe|1\n|\n|upkeep\n|turn|2\n|\n|t:|1775929719\n|detailschange|p1a: Charizard|Charizard-Mega-Y, L50, F, shiny\n|-mega|p1a: Charizard|Charizard|Charizardite Y\n|-weather|SunnyDay|[from] ability: Drought|[of] p1a: Charizard\n|move|p2b: Sneasler|Protect|p2b: Sneasler\n|-singleturn|p2b: Sneasler|Protect\n|move|p1b: Whimsicott|Fake Tears|p2a: Rotom\n|-unboost|p2a: Rotom|spd|2\n|move|p1a: Charizard|Solar Beam||[still]\n|-prepare|p1a: Charizard|Solar Beam\n|-anim|p1a: Charizard|Solar Beam|p2a: Rotom\n|-supereffective|p2a: Rotom|1\n|-damage|p2a: Rotom|0 fnt\n|faint|p2a: Rotom\n|\n|-weather|SunnyDay|[upkeep]\n|upkeep\n|\n|t:|1775929733\n|switch|p2a: Floette|Floette-Eternal, L50, F|100/100\n|turn|3\n|\n|t:|1775929753\n|detailschange|p2a: Floette|Floette-Mega, L50, F\n|-mega|p2a: Floette|Floette|Floettite\n|-ability|p2a: Floette|Fairy Aura\n|move|p1b: Whimsicott|Fake Tears|p2a: Floette\n|-unboost|p2a: Floette|spd|2\n|move|p1a: Charizard|Heat Wave|p2a: Floette|[spread] p2a,p2b\n|-damage|p2a: Floette|10/100\n|-damage|p2b: Sneasler|29/100\n|move|p2b: Sneasler|Close Combat|p1a: Charizard\n|-resisted|p1a: Charizard|1\n|-damage|p1a: Charizard|48/100\n|-unboost|p2b: Sneasler|def|1\n|-unboost|p2b: Sneasler|spd|1\n|-enditem|p2b: Sneasler|White Herb\n|-clearnegativeboost|p2b: Sneasler|[silent]\n|move|p2a: Floette|Calm Mind|p2a: Floette\n|-boost|p2a: Floette|spa|1\n|-boost|p2a: Floette|spd|1\n|\n|-weather|SunnyDay|[upkeep]\n|upkeep\n|turn|4\n|inactive|grok how do i win? has 30 seconds left.\n|inactive|8brock30 has 30 seconds left.\n|\n|t:|1775929784\n|move|p2a: Floette|Protect|p2a: Floette\n|-singleturn|p2a: Floette|Protect\n|move|p1a: Charizard|Heat Wave|p2a: Floette|[spread] p2b\n|-activate|p2a: Floette|move: Protect\n|-damage|p2b: Sneasler|0 fnt\n|faint|p2b: Sneasler\n|move|p1b: Whimsicott|Moonblast|p2a: Floette\n|-activate|p2a: Floette|move: Protect\n|\n|-weather|SunnyDay|[upkeep]\n|-sideend|p1: grok how do i win?|move: Tailwind\n|upkeep\n|\n|t:|1775929788\n|switch|p2b: Hydreigon|Hydreigon, L50, F|100/100\n|turn|5\n|\n|t:|1775929801\n|move|p1a: Charizard|Heat Wave|p2b: Hydreigon|[spread] p2a,p2b\n|-resisted|p2b: Hydreigon|1\n|-damage|p2a: Floette|0 fnt\n|-damage|p2b: Hydreigon|66/100\n|-status|p2b: Hydreigon|brn\n|faint|p2a: Floette\n|move|p2b: Hydreigon|Draco Meteor|p1a: Charizard\n|-damage|p1a: Charizard|0 fnt\n|-unboost|p2b: Hydreigon|spa|2\n|faint|p1a: Charizard\n|move|p1b: Whimsicott|Moonblast|p2b: Hydreigon\n|-supereffective|p2b: Hydreigon|2\n|-damage|p2b: Hydreigon|0 fnt\n|faint|p2b: Hydreigon\n|\n|win|grok how do i win?\n|raw|grok how do i win?'s rating: 1097 &rarr; <strong>1118</strong><br />(+21 for winning)\n|raw|8brock30's rating: 1040 &rarr; <strong>1027</strong><br />(-13 for losing)\n",
  "uploadtime": 1775929813,
  "views": 10,
  "formatid": "gen9championsvgc2026regma",
  "rating": 1027,
  "private": 0,
  "password": null
}