{
  "id": "gen9championsvgc2026regma-2582105851",
  "format": "[Gen 9 Champions] VGC 2026 Reg M-A",
  "players": [
    "noncompy",
    "FlorenceTheThief"
  ],
  "log": "|j|\u2606noncompy\n|j|\u2606FlorenceTheThief\n|t:|1776058599\n|gametype|doubles\n|player|p1|noncompy|ninjaboy|1000\n|player|p2|FlorenceTheThief|candice|1071\n|gen|9\n|tier|[Gen 9 Champions] VGC 2026 Reg M-A\n|rated|\n|rule|Species Clause: Limit one of each Pok\u00e9mon\n|rule|Item Clause: Limit 1 of each item\n|clearpoke\n|poke|p1|Tinkaton, L50, F|\n|poke|p1|Mr. Rime, L50, M|\n|poke|p1|Tsareena, L50, F|\n|poke|p1|Farigiraf, L50, M|\n|poke|p1|Mudsdale, L50, F|\n|poke|p1|Chandelure, L50, M|\n|poke|p2|Meganium, L50, F|\n|poke|p2|Pelipper, L50, F|\n|poke|p2|Empoleon, L50, M|\n|poke|p2|Incineroar, L50, F|\n|poke|p2|Sinistcha, L50|\n|poke|p2|Tyranitar, L50, M|\n|teampreview|4\nnoncompy has agreed to open team sheets.\n|\n|t:|1776058629\n|teamsize|p1|4\n|teamsize|p2|4\n|start\n|switch|p1a: Tinkaton|Tinkaton, L50, F|100/100\n|switch|p1b: Mr. Rime|Mr. Rime, L50, M|100/100\n|switch|p2a: Meganium|Meganium, L50, F|100/100\n|switch|p2b: Earl Gray|Sinistcha, L50|100/100\n|turn|1\n|\n|t:|1776058655\n|detailschange|p2a: Meganium|Meganium-Mega, L50, F\n|-mega|p2a: Meganium|Meganium|Meganiumite\n|move|p1a: Tinkaton|Fake Out|p2a: Meganium\n|-damage|p2a: Meganium|91/100\n|cant|p2a: Meganium|flinch\n|move|p1b: Mr. Rime|Teeter Dance|p2b: Earl Gray|[spread] p1a,p2a,p2b\n|-immune|p1a: Tinkaton|confusion|[from] ability: Own Tempo\n|-start|p2a: Meganium|confusion\n|-start|p2b: Earl Gray|confusion\n|-activate|p2b: Earl Gray|confusion\n|-damage|p2b: Earl Gray|95/100|[from] confusion\n|\n|upkeep\n|turn|2\n|\n|t:|1776058679\n|switch|p2a: Incineroar|Incineroar, L50, F|100/100\n|-ability|p2a: Incineroar|Intimidate|boost\n|-fail|p1a: Tinkaton|unboost|Attack|[from] ability: Own Tempo|[of] p1a: Tinkaton\n|-unboost|p1b: Mr. Rime|atk|1\n|move|p1a: Tinkaton|Gigaton Hammer|p2a: Incineroar\n|-resisted|p2a: Incineroar|1\n|-damage|p2a: Incineroar|77/100\n|move|p1b: Mr. Rime|Encore|p1a: Tinkaton\n|-start|p1a: Tinkaton|Encore\n|-end|p2b: Earl Gray|confusion\n|move|p2b: Earl Gray|Imprison|p2b: Earl Gray\n|-start|p2b: Earl Gray|move: Imprison\n|\n|upkeep\n|turn|3\n|\n|t:|1776058717\n|move|p2a: Incineroar|Fake Out|p1a: Tinkaton\n|-resisted|p1a: Tinkaton|1\n|-damage|p1a: Tinkaton|93/100\n|cant|p1a: Tinkaton|flinch\n|move|p1b: Mr. Rime|Encore|p2b: Earl Gray\n|-start|p2b: Earl Gray|Encore\n|-enditem|p2b: Earl Gray|Mental Herb\n|-end|p2b: Earl Gray|Encore\n|move|p2b: Earl Gray|Matcha Gotcha|p1a: Tinkaton|[spread] p1a,p1b\n|-resisted|p1a: Tinkaton|1\n|-damage|p1a: Tinkaton|82/100\n|-heal|p2b: Earl Gray|99/100|[from] drain|[of] p1a: Tinkaton\n|-damage|p1b: Mr. Rime|79/100\n|-heal|p2b: Earl Gray|100/100|[from] drain|[of] p1b: Mr. Rime\n|\n|-heal|p1a: Tinkaton|88/100|[from] item: Leftovers\n|upkeep\n|turn|4\n|\n|t:|1776058752\n|-activate|p1a: Tinkaton|move: Struggle\n|move|p1a: Tinkaton|Struggle|p2b: Earl Gray\n|-damage|p2b: Earl Gray|89/100\n|-damage|p1a: Tinkaton|63/100|[from] recoil\n|move|p1b: Mr. Rime|Teeter Dance|p2a: Incineroar|[spread] p1a,p2a,p2b\n|-immune|p1a: Tinkaton|confusion|[from] ability: Own Tempo\n|-start|p2a: Incineroar|confusion\n|-start|p2b: Earl Gray|confusion\n|-activate|p2b: Earl Gray|confusion\n|-damage|p2b: Earl Gray|84/100|[from] confusion\n|-activate|p2a: Incineroar|confusion\n|-damage|p2a: Incineroar|68/100|[from] confusion\n|\n|-heal|p1a: Tinkaton|69/100|[from] item: Leftovers\n|upkeep\n|turn|5\n|\n|t:|1776058777\n|switch|p1a: Mudsdale|Mudsdale, L50, F|100/100\n|switch|p2b: Meganium|Meganium-Mega, L50, F|91/100\n|switch|p2a: Wet Chicken|Pelipper, L50, F|100/100\n|-weather|RainDance|[from] ability: Drizzle|[of] p2a: Wet Chicken\n|move|p1b: Mr. Rime|Foul Play|p2a: Wet Chicken\n|-damage|p2a: Wet Chicken|88/100\n|\n|-weather|RainDance|[upkeep]\n|upkeep\n|turn|6\n|\n|t:|1776058802\n|move|p1a: Mudsdale|Protect|p1a: Mudsdale\n|-singleturn|p1a: Mudsdale|Protect\n|move|p2b: Meganium|Solar Beam||[still]\n|-prepare|p2b: Meganium|Solar Beam\n|-activate|p2b: Meganium|ability: Mega Sol\n|-anim|p2b: Meganium|Solar Beam|p1a: Mudsdale\n|-activate|p1a: Mudsdale|move: Protect\n|move|p1b: Mr. Rime|Teeter Dance|p2a: Wet Chicken|[spread] p2a,p2b\n|-activate|p1a: Mudsdale|move: Protect\n|-start|p2a: Wet Chicken|confusion\n|-start|p2b: Meganium|confusion\n|-activate|p2a: Wet Chicken|confusion\n|move|p2a: Wet Chicken|Tailwind|p2a: Wet Chicken\n|-sidestart|p2: FlorenceTheThief|move: Tailwind\n|\n|-weather|RainDance|[upkeep]\n|upkeep\n|turn|7\n|\n|t:|1776058840\n|switch|p2a: Incineroar|Incineroar, L50, F|68/100\n|-ability|p2a: Incineroar|Intimidate|boost\n|-fail|p1a: Mudsdale|unboost|Attack|[from] ability: Own Tempo|[of] p1a: Mudsdale\n|-unboost|p1b: Mr. Rime|atk|1\n|switch|p1a: Chandelure|Chandelure, L50, M|100/100\n|move|p1b: Mr. Rime|Protect|p1b: Mr. Rime\n|-singleturn|p1b: Mr. Rime|Protect\n|-activate|p2b: Meganium|confusion\n|move|p2b: Meganium|Solar Beam||[still]\n|-prepare|p2b: Meganium|Solar Beam\n|-activate|p2b: Meganium|ability: Mega Sol\n|-anim|p2b: Meganium|Solar Beam|p1a: Chandelure\n|-resisted|p1a: Chandelure|1\n|-damage|p1a: Chandelure|54/100\n|\n|-weather|RainDance|[upkeep]\n|upkeep\n|turn|8\n|\n|t:|1776058868\n|switch|p2b: Wet Chicken|Pelipper, L50, F|88/100\n|detailschange|p1a: Chandelure|Chandelure-Mega, L50, M\n|-mega|p1a: Chandelure|Chandelure|Chandelurite\n|move|p2a: Incineroar|Darkest Lariat|p1a: Chandelure\n|-supereffective|p1a: Chandelure|1\n|-damage|p1a: Chandelure|0 fnt\n|faint|p1a: Chandelure\n|move|p1b: Mr. Rime|Foul Play|p2a: Incineroar\n|-resisted|p2a: Incineroar|1\n|-damage|p2a: Incineroar|58/100\n|\n|-weather|RainDance|[upkeep]\n|upkeep\n|\n|t:|1776058881\n|switch|p1a: Mudsdale|Mudsdale, L50, F|100/100\n|turn|9\n|\n|t:|1776058890\n|move|p2b: Wet Chicken|Wide Guard|p2b: Wet Chicken\n|-singleturn|p2b: Wet Chicken|Wide Guard\n|move|p2a: Incineroar|Darkest Lariat|p1b: Mr. Rime\n|-supereffective|p1b: Mr. Rime|1\n|-damage|p1b: Mr. Rime|10/100\n|move|p1b: Mr. Rime|Teeter Dance|p2b: Wet Chicken|[spread] \n|-activate|p2a: Incineroar|move: Wide Guard\n|-activate|p2b: Wet Chicken|move: Wide Guard\n|-immune|p1a: Mudsdale|confusion|[from] ability: Own Tempo\n|move|p1a: Mudsdale|Smack Down|p2b: Wet Chicken\n|-supereffective|p2b: Wet Chicken|1\n|-damage|p2b: Wet Chicken|54/100\n|-start|p2b: Wet Chicken|Smack Down\n|\n|-weather|none\n|-sideend|p2: FlorenceTheThief|move: Tailwind\n|upkeep\n|turn|10\n|\n|t:|1776058918\n|switch|p2b: Earl Gray|Sinistcha, L50|84/100\n|-heal|p2a: Incineroar|83/100|[from] ability: Hospitality|[of] p2b: Earl Gray\n|move|p2a: Incineroar|Protect|p2a: Incineroar\n|-singleturn|p2a: Incineroar|Protect\n|move|p1b: Mr. Rime|Encore||[still]\n|-fail|p1b: Mr. Rime\n|move|p1a: Mudsdale|High Horsepower|p2b: Earl Gray\n|-resisted|p2b: Earl Gray|1\n|-damage|p2b: Earl Gray|63/100\n|\n|upkeep\n|turn|11\n|\n|t:|1776058949\n|switch|p2a: Wet Chicken|Pelipper, L50, F|54/100\n|-weather|RainDance|[from] ability: Drizzle|[of] p2a: Wet Chicken\n|switch|p1a: Tinkaton|Tinkaton, L50, F|69/100\n|move|p1b: Mr. Rime|Teeter Dance|p2b: Earl Gray|[spread] p1a,p2a,p2b\n|-immune|p1a: Tinkaton|confusion|[from] ability: Own Tempo\n|-start|p2a: Wet Chicken|confusion\n|-start|p2b: Earl Gray|confusion\n|-activate|p2b: Earl Gray|confusion\n|move|p2b: Earl Gray|Matcha Gotcha|p1b: Mr. Rime|[spread] p1a,p1b\n|-resisted|p1a: Tinkaton|1\n|-damage|p1a: Tinkaton|57/100\n|-heal|p2b: Earl Gray|69/100|[from] drain|[of] p1a: Tinkaton\n|-damage|p1b: Mr. Rime|0 fnt\n|-heal|p2b: Earl Gray|74/100|[from] drain|[of] p1b: Mr. Rime\n|faint|p1b: Mr. Rime\n|\n|-weather|RainDance|[upkeep]\n|-heal|p1a: Tinkaton|63/100|[from] item: Leftovers\n|upkeep\n|\n|t:|1776058972\n|switch|p1b: Mudsdale|Mudsdale, L50, F|100/100\n|turn|12\n|\n|t:|1776058987\n|switch|p2b: Incineroar|Incineroar, L50, F|83/100\n|-ability|p2b: Incineroar|Intimidate|boost\n|-fail|p1a: Tinkaton|unboost|Attack|[from] ability: Own Tempo|[of] p1a: Tinkaton\n|-fail|p1b: Mudsdale|unboost|Attack|[from] ability: Own Tempo|[of] p1b: Mudsdale\n|switch|p2a: Meganium|Meganium-Mega, L50, F|91/100\n|move|p1a: Tinkaton|Rock Slide|p2b: Incineroar|[spread] p2a,p2b\n|-supereffective|p2b: Incineroar|1\n|-damage|p2a: Meganium|79/100\n|-damage|p2b: Incineroar|61/100\n|move|p1b: Mudsdale|Smack Down|p2a: Meganium\n|-damage|p2a: Meganium|64/100\n|\n|-weather|RainDance|[upkeep]\n|-heal|p1a: Tinkaton|69/100|[from] item: Leftovers\n|upkeep\n|turn|13\n|\n|t:|1776059016\n|move|p2b: Incineroar|Fake Out|p1b: Mudsdale\n|-damage|p1b: Mudsdale|90/100\n|move|p1a: Tinkaton|Gigaton Hammer|p2b: Incineroar\n|-resisted|p2b: Incineroar|1\n|-damage|p2b: Incineroar|37/100\n|move|p2a: Meganium|Weather Ball|p1a: Tinkaton\n|-supereffective|p1a: Tinkaton|1\n|-damage|p1a: Tinkaton|0 fnt\n|faint|p1a: Tinkaton\n|cant|p1b: Mudsdale|flinch\n|\n|-weather|RainDance|[upkeep]\n|upkeep\n|turn|14\n|\n|t:|1776059033\n|switch|p2b: Wet Chicken|Pelipper, L50, F|54/100\n|move|p2a: Meganium|Synthesis|p2a: Meganium\n|-heal|p2a: Meganium|100/100\n|move|p1b: Mudsdale|High Horsepower|p2b: Wet Chicken\n|-immune|p2b: Wet Chicken\n|\n|-weather|RainDance|[upkeep]\n|upkeep\n|turn|15\n|c|\u2606FlorenceTheThief|I apprecaite the meme, at least\n|\n|t:|1776059052\n|switch|p2a: Earl Gray|Sinistcha, L50|74/100\n|-heal|p2b: Wet Chicken|79/100|[from] ability: Hospitality|[of] p2a: Earl Gray\n|move|p2b: Wet Chicken|Weather Ball|p1b: Mudsdale\n|-supereffective|p1b: Mudsdale|1\n|-damage|p1b: Mudsdale|0 fnt\n|faint|p1b: Mudsdale\n|\n|win|FlorenceTheThief\n|raw|noncompy's rating: 1000 &rarr; <strong>1000</strong><br />(+0 for losing)\n|raw|FlorenceTheThief's rating: 1071 &rarr; <strong>1094</strong><br />(+23 for winning)\n|c|\u2606FlorenceTheThief|ggs\n|c|\u2606noncompy|Ooo good reads!\n",
  "uploadtime": 1776059072,
  "views": 14,
  "formatid": "gen9championsvgc2026regma",
  "rating": 1000,
  "private": 0,
  "password": null
}