{
  "id": "gen9championsvgc2026regma-2587121556",
  "format": "[Gen 9 Champions] VGC 2026 Reg M-A",
  "players": [
    "TheBallistic1",
    "R2aktionp"
  ],
  "log": "|j|\u2606TheBallistic1\n|j|\u2606R2aktionp\n|t:|1776496462\n|gametype|doubles\n|player|p1|TheBallistic1|colress|1099\n|player|p2|R2aktionp|169|1057\n|gen|9\n|tier|[Gen 9 Champions] VGC 2026 Reg M-A\n|rated|\n|rule|Species Clause: Limit one of each Pok\u00e9mon\n|rule|Item Clause: Limit 1 of each item\n|clearpoke\n|poke|p1|Floette-Eternal, L50, F|\n|poke|p1|Sneasler, L50, F|\n|poke|p1|Milotic, L50, M|\n|poke|p1|Incineroar, L50, F|\n|poke|p1|Sinistcha, L50|\n|poke|p1|Garchomp, L50, M|\n|poke|p2|Aggron, L50, M, shiny|\n|poke|p2|Tyranitar, L50, M, shiny|\n|poke|p2|Garchomp, L50, M, shiny|\n|poke|p2|Farigiraf, L50, F, shiny|\n|poke|p2|Milotic, L50, F, shiny|\n|poke|p2|Typhlosion-Hisui, L50, M, shiny|\n|teampreview|4\n|inactive|Battle timer is ON: inactive players will automatically lose when time's up. (requested by TheBallistic1)\n|\n|t:|1776496503\n|teamsize|p1|4\n|teamsize|p2|4\n|start\n|switch|p1a: Garchomp|Garchomp, L50, M|100/100\n|switch|p1b: Sinistcha|Sinistcha, L50|100/100\n|switch|p2a: Aggron|Aggron, L50, M, shiny|100/100\n|switch|p2b: Farigiraf|Farigiraf, L50, F, shiny|100/100\n|turn|1\n|\n|t:|1776496518\n|detailschange|p2a: Aggron|Aggron-Mega, L50, M, shiny\n|-mega|p2a: Aggron|Aggron|Aggronite\n|move|p1b: Sinistcha|Protect|p1b: Sinistcha\n|-singleturn|p1b: Sinistcha|Protect\n|move|p1a: Garchomp|Earthquake|p2a: Aggron|[spread] p2a,p2b\n|-activate|p1b: Sinistcha|move: Protect\n|-supereffective|p2a: Aggron|1\n|-damage|p2a: Aggron|70/100\n|-damage|p2b: Farigiraf|56/100\n|move|p2a: Aggron|Iron Defense|p2a: Aggron\n|-boost|p2a: Aggron|def|2\n|move|p2b: Farigiraf|Trick Room|p2b: Farigiraf\n|-fieldstart|move: Trick Room|[of] p2b: Farigiraf\n|\n|upkeep\n|turn|2\n|\n|t:|1776496538\n|switch|p2b: Milotic|Milotic, L50, F, shiny|100/100\n|move|p1b: Sinistcha|Rage Powder|p1b: Sinistcha\n|-singleturn|p1b: Sinistcha|move: Rage Powder\n|move|p2a: Aggron|Body Press|p1b: Sinistcha\n|-immune|p1b: Sinistcha\n|move|p1a: Garchomp|Earthquake|p2a: Aggron|[spread] p1b,p2a,p2b\n|-resisted|p1b: Sinistcha|1\n|-supereffective|p2a: Aggron|1\n|-damage|p1b: Sinistcha|84/100\n|-damage|p2a: Aggron|56/100\n|-damage|p2b: Milotic|62/100\n|\n|-heal|p2b: Milotic|68/100|[from] item: Leftovers\n|upkeep\n|turn|3\n|\n|t:|1776496555\n|move|p1b: Sinistcha|Rage Powder|p1b: Sinistcha\n|-singleturn|p1b: Sinistcha|move: Rage Powder\n|move|p2a: Aggron|Heavy Slam|p1b: Sinistcha\n|-crit|p1b: Sinistcha\n|-damage|p1b: Sinistcha|22/100\n|move|p2b: Milotic|Life Dew|p2b: Milotic|[spread] p2a,p2b\n|-heal|p2a: Aggron|81/100\n|-heal|p2b: Milotic|93/100\n|move|p1a: Garchomp|Earthquake|p2a: Aggron|[spread] p1b,p2a,p2b\n|-resisted|p1b: Sinistcha|1\n|-supereffective|p2a: Aggron|1\n|-damage|p1b: Sinistcha|4/100\n|-damage|p2a: Aggron|66/100\n|-damage|p2b: Milotic|56/100\n|\n|-heal|p2b: Milotic|62/100|[from] item: Leftovers\n|upkeep\n|turn|4\n|\n|t:|1776496574\n|move|p1b: Sinistcha|Protect|p1b: Sinistcha\n|-singleturn|p1b: Sinistcha|Protect\n|move|p2a: Aggron|Heavy Slam|p1b: Sinistcha\n|-activate|p1b: Sinistcha|move: Protect\n|move|p2b: Milotic|Ice Beam|p1a: Garchomp\n|-supereffective|p1a: Garchomp|2\n|-crit|p1a: Garchomp\n|-damage|p1a: Garchomp|0 fnt\n|faint|p1a: Garchomp\n|\n|-heal|p2b: Milotic|67/100|[from] item: Leftovers\n|upkeep\n|\n|t:|1776496583\n|switch|p1a: Milotic|Milotic, L50, M|100/100\n|turn|5\n|\n|t:|1776496599\n|move|p2a: Aggron|Heavy Slam|p1a: Milotic\n|-resisted|p1a: Milotic|1\n|-damage|p1a: Milotic|81/100\n|move|p1b: Sinistcha|Matcha Gotcha|p2a: Aggron|[spread] p2a,p2b\n|-resisted|p2a: Aggron|1\n|-supereffective|p2b: Milotic|1\n|-damage|p2a: Aggron|55/100\n|-heal|p1b: Sinistcha|10/100|[from] drain|[of] p2a: Aggron\n|-damage|p2b: Milotic|25/100\n|-heal|p1b: Sinistcha|33/100|[from] drain|[of] p2b: Milotic\n|-status|p2b: Milotic|brn\n|move|p2b: Milotic|Life Dew|p2b: Milotic|[spread] p2a,p2b\n|-heal|p2a: Aggron|80/100\n|-heal|p2b: Milotic|50/100 brn\n|move|p1a: Milotic|Scald|p2a: Aggron\n|-damage|p2a: Aggron|44/100\n|\n|-heal|p2b: Milotic|56/100 brn|[from] item: Leftovers\n|-heal|p1a: Milotic|87/100|[from] item: Leftovers\n|-damage|p2b: Milotic|50/100 brn|[from] brn\n|-fieldend|move: Trick Room\n|upkeep\n|turn|6\n|inactive|R2aktionp has 30 seconds left.\n|\n|t:|1776496632\n|move|p1a: Milotic|Scald|p2a: Aggron\n|-damage|p2a: Aggron|8/100\n|-status|p2a: Aggron|brn\n|move|p2b: Milotic|Life Dew|p2b: Milotic|[spread] p2a,p2b\n|-heal|p2a: Aggron|33/100 brn\n|-heal|p2b: Milotic|75/100 brn\n|move|p1b: Sinistcha|Matcha Gotcha|p2b: Milotic|[spread] p2a,p2b\n|-resisted|p2a: Aggron|1\n|-supereffective|p2b: Milotic|1\n|-damage|p2a: Aggron|23/100 brn\n|-heal|p1b: Sinistcha|39/100|[from] drain|[of] p2a: Aggron\n|-damage|p2b: Milotic|39/100 brn\n|-heal|p1b: Sinistcha|58/100|[from] drain|[of] p2b: Milotic\n|move|p2a: Aggron|Heavy Slam|p1a: Milotic\n|-resisted|p1a: Milotic|1\n|-damage|p1a: Milotic|79/100\n|\n|-heal|p1a: Milotic|85/100|[from] item: Leftovers\n|-heal|p2b: Milotic|45/100 brn|[from] item: Leftovers\n|-damage|p2b: Milotic|39/100 brn|[from] brn\n|-damage|p2a: Aggron|16/100 brn|[from] brn\n|upkeep\n|turn|7\n|inactive|R2aktionp has 30 seconds left.\n|\n|t:|1776496659\n|move|p1a: Milotic|Scald|p2a: Aggron\n|-damage|p2a: Aggron|0 fnt\n|faint|p2a: Aggron\n|move|p2b: Milotic|Ice Beam|p1b: Sinistcha\n|-supereffective|p1b: Sinistcha|1\n|-damage|p1b: Sinistcha|11/100\n|move|p1b: Sinistcha|Matcha Gotcha|p2b: Milotic|[miss]\n|-miss|p1b: Sinistcha|p2b: Milotic\n|\n|-heal|p1a: Milotic|91/100|[from] item: Leftovers\n|-heal|p2b: Milotic|45/100 brn|[from] item: Leftovers\n|-damage|p2b: Milotic|39/100 brn|[from] brn\n|upkeep\n|\n|t:|1776496672\n|switch|p2a: Farigiraf|Farigiraf, L50, F, shiny|56/100\n|turn|8\n|\n|t:|1776496683\n|move|p1b: Sinistcha|Protect|p1b: Sinistcha\n|-singleturn|p1b: Sinistcha|Protect\n|move|p1a: Milotic|Scald|p2a: Farigiraf\n|-damage|p2a: Farigiraf|13/100\n|-status|p2a: Farigiraf|brn\n|-enditem|p2a: Farigiraf|Lum Berry|[eat]\n|-curestatus|p2a: Farigiraf|brn|[msg]\n|move|p2b: Milotic|Ice Beam|p1b: Sinistcha\n|-activate|p1b: Sinistcha|move: Protect\n|move|p2a: Farigiraf|Hyper Voice|p1a: Milotic|[spread] p1a\n|-activate|p1b: Sinistcha|move: Protect\n|-damage|p1a: Milotic|59/100\n|\n|-heal|p1a: Milotic|65/100|[from] item: Leftovers\n|-heal|p2b: Milotic|45/100 brn|[from] item: Leftovers\n|-damage|p2b: Milotic|39/100 brn|[from] brn\n|upkeep\n|turn|9\n|inactive|R2aktionp has 30 seconds left.\n|\n|t:|1776496708\n|move|p1a: Milotic|Scald|p2a: Farigiraf\n|-damage|p2a: Farigiraf|0 fnt\n|faint|p2a: Farigiraf\n|move|p2b: Milotic|Ice Beam|p1b: Sinistcha\n|-supereffective|p1b: Sinistcha|1\n|-damage|p1b: Sinistcha|0 fnt\n|faint|p1b: Sinistcha\n|\n|-heal|p1a: Milotic|71/100|[from] item: Leftovers\n|-heal|p2b: Milotic|45/100 brn|[from] item: Leftovers\n|-damage|p2b: Milotic|39/100 brn|[from] brn\n|upkeep\n|\n|t:|1776496718\n|switch|p1b: Floette|Floette-Eternal, L50, F|100/100\n|switch|p2a: Garchomp|Garchomp, L50, M, shiny|100/100\n|turn|10\n|\n|t:|1776496739\n|move|p1b: Floette|Protect|p1b: Floette\n|-singleturn|p1b: Floette|Protect\n|move|p2a: Garchomp|Iron Head|p1b: Floette\n|-activate|p1b: Floette|move: Protect\n|move|p1a: Milotic|Ice Beam|p2a: Garchomp\n|-supereffective|p2a: Garchomp|2\n|-enditem|p2a: Garchomp|Focus Sash\n|-damage|p2a: Garchomp|1/100\n|move|p2b: Milotic|Scald|p1b: Floette\n|-activate|p1b: Floette|move: Protect\n|\n|-heal|p1a: Milotic|77/100|[from] item: Leftovers\n|-heal|p2b: Milotic|45/100 brn|[from] item: Leftovers\n|-damage|p2b: Milotic|39/100 brn|[from] brn\n|upkeep\n|turn|11\n|inactive|TheBallistic1 has 30 seconds left.\n|\n|t:|1776496765\n|detailschange|p1b: Floette|Floette-Mega, L50, F\n|-mega|p1b: Floette|Floette|Floettite\n|-ability|p1b: Floette|Fairy Aura\n|move|p1a: Milotic|Protect|p1a: Milotic\n|-singleturn|p1a: Milotic|Protect\n|move|p2a: Garchomp|Iron Head|p1b: Floette\n|-supereffective|p1b: Floette|1\n|-damage|p1b: Floette|32/100\n|move|p1b: Floette|Dazzling Gleam|p2b: Milotic|[spread] p2a,p2b\n|-supereffective|p2a: Garchomp|1\n|-damage|p2a: Garchomp|0 fnt\n|-damage|p2b: Milotic|7/100 brn\n|faint|p2a: Garchomp\n|move|p2b: Milotic|Scald|p1b: Floette\n|-damage|p1b: Floette|8/100\n|\n|-heal|p1a: Milotic|83/100|[from] item: Leftovers\n|-heal|p2b: Milotic|13/100 brn|[from] item: Leftovers\n|-damage|p2b: Milotic|7/100 brn|[from] brn\n|upkeep\n|turn|12\n|\n|t:|1776496784\n|move|p1b: Floette|Moonblast|p2b: Milotic\n|-damage|p2b: Milotic|0 fnt\n|faint|p2b: Milotic\n|\n|win|TheBallistic1\n|raw|TheBallistic1's rating: 1099 &rarr; <strong>1121</strong><br />(+22 for winning)\n|raw|R2aktionp's rating: 1057 &rarr; <strong>1041</strong><br />(-16 for losing)\n",
  "uploadtime": 1776496787,
  "views": 19,
  "formatid": "gen9championsvgc2026regma",
  "rating": 1041,
  "private": 0,
  "password": null
}