{
  "id": "gen9championsvgc2026regma-2588849200",
  "format": "[Gen 9 Champions] VGC 2026 Reg M-A",
  "players": [
    "piratepanda13",
    "Kiryuri"
  ],
  "log": "|j|\u2606piratepanda13\n|j|\u2606Kiryuri\n|t:|1776678276\n|gametype|doubles\n|player|p1|piratepanda13|2|1081\n|player|p2|Kiryuri|acetrainerf|1188\n|gen|9\n|tier|[Gen 9 Champions] VGC 2026 Reg M-A\n|rated|\n|rule|Species Clause: Limit one of each Pok\u00e9mon\n|rule|Item Clause: Limit 1 of each item\n|clearpoke\n|poke|p1|Palafin, L50, M|\n|poke|p1|Incineroar, L50, F|\n|poke|p1|Meganium, L50, M|\n|poke|p1|Pelipper, L50, F|\n|poke|p1|Archaludon, L50, F|\n|poke|p1|Sneasler, L50, F|\n|poke|p2|Gengar, L50, F|\n|poke|p2|Delphox, L50, F|\n|poke|p2|Clefable, L50, F|\n|poke|p2|Garchomp, L50, F|\n|poke|p2|Kingambit, L50, F|\n|poke|p2|Incineroar, L50, F|\n|teampreview|4\nKiryuri has agreed to open team sheets.\n|inactive|Battle timer is ON: inactive players will automatically lose when time's up. (requested by Kiryuri)\n|inactive|Kiryuri has 60 seconds left.\n|\n|t:|1776678321\n|teamsize|p1|4\n|teamsize|p2|4\n|start\n|switch|p1a: Pelipper|Pelipper, L50, F|100/100\n|switch|p1b: Palafin|Palafin, L50, M|100/100\n|switch|p2a: Gengar|Gengar, L50, F|100/100\n|switch|p2b: Garchomp|Garchomp, L50, F|100/100\n|-weather|RainDance|[from] ability: Drizzle|[of] p1a: Pelipper\n|turn|1\n|\n|t:|1776678346\n|detailschange|p2a: Gengar|Gengar-Mega, L50, F\n|-mega|p2a: Gengar|Gengar|Gengarite\n|move|p1b: Palafin|Flip Turn|p2a: Gengar\n|-damage|p2a: Gengar|64/100\n|\n|t:|1776678355\n|detailschange|p1b: Palafin|Palafin-Hero, L50, M\n|switch|p1b: Meganium|Meganium, L50, M|100/100|[from] Flip Turn\n|move|p2b: Garchomp|Rock Slide|p1b: Meganium|[spread] p1a,p1b\n|-supereffective|p1a: Pelipper|1\n|-damage|p1a: Pelipper|48/100\n|-damage|p1b: Meganium|74/100\n|move|p2a: Gengar|Nasty Plot|p2a: Gengar\n|-boost|p2a: Gengar|spa|2\n|move|p1a: Pelipper|Tailwind|p1a: Pelipper\n|-sidestart|p1: piratepanda13|move: Tailwind\n|\n|-weather|RainDance|[upkeep]\n|upkeep\n|turn|2\n|\n|t:|1776678378\n|switch|p2b: Incineroar|Incineroar, L50, F|100/100\n|-ability|p2b: Incineroar|Intimidate|boost\n|-unboost|p1a: Pelipper|atk|1\n|-unboost|p1b: Meganium|atk|1\n|detailschange|p1b: Meganium|Meganium-Mega, L50, M\n|-mega|p1b: Meganium|Meganium|Meganiumite\n|move|p2a: Gengar|Protect|p2a: Gengar\n|-singleturn|p2a: Gengar|Protect\n|move|p1b: Meganium|Dazzling Gleam|p2a: Gengar|[spread] p2b\n|-activate|p2a: Gengar|move: Protect\n|-damage|p2b: Incineroar|76/100\n|move|p1a: Pelipper|Weather Ball|p2a: Gengar\n|-activate|p2a: Gengar|move: Protect\n|\n|-weather|RainDance|[upkeep]\n|upkeep\n|turn|3\n|inactive|piratepanda13 has 30 seconds left.\n|inactive|Kiryuri has 30 seconds left.\n|inactive|Kiryuri has 20 seconds left.\n|inactive|Kiryuri has 15 seconds left.\n|inactive|Kiryuri has 10 seconds left.\n|inactive|piratepanda13 has 20 seconds left.\n|\n|t:|1776678433\n|switch|p2a: Clefable|Clefable, L50, F|100/100\n|move|p1b: Meganium|Weather Ball|p2a: Clefable\n|-crit|p2a: Clefable\n|-damage|p2a: Clefable|22/100\n|move|p1a: Pelipper|Hurricane|p2a: Clefable\n|-damage|p2a: Clefable|0 fnt\n|faint|p2a: Clefable\n|move|p2b: Incineroar|Parting Shot|p1a: Pelipper\n|-unboost|p1a: Pelipper|atk|1\n|-unboost|p1a: Pelipper|spa|1\n|\n|t:|1776678454\n|switch|p2b: Gengar|Gengar-Mega, L50, F|64/100|[from] Parting Shot\n|\n|-weather|RainDance|[upkeep]\n|upkeep\n|\n|t:|1776678463\n|switch|p2a: Incineroar|Incineroar, L50, F|76/100\n|-ability|p2a: Incineroar|Intimidate|boost\n|-unboost|p1a: Pelipper|atk|1\n|-unboost|p1b: Meganium|atk|1\n|turn|4\n|\n|t:|1776678486\n|move|p1b: Meganium|Protect|p1b: Meganium\n|-singleturn|p1b: Meganium|Protect\n|move|p2b: Gengar|Protect|p2b: Gengar\n|-singleturn|p2b: Gengar|Protect\n|move|p2a: Incineroar|Fake Out|p1a: Pelipper\n|-damage|p1a: Pelipper|35/100\n|cant|p1a: Pelipper|flinch\n|\n|-weather|RainDance|[upkeep]\n|-sideend|p1: piratepanda13|move: Tailwind\n|upkeep\n|turn|5\n|inactive|piratepanda13 has 30 seconds left.\n|\n|t:|1776678518\n|move|p2b: Gengar|Sludge Bomb|p1b: Meganium\n|-supereffective|p1b: Meganium|2\n|-damage|p1b: Meganium|0 fnt\n|faint|p1b: Meganium\n|move|p1a: Pelipper|Tailwind|p1a: Pelipper\n|-sidestart|p1: piratepanda13|move: Tailwind\n|move|p2a: Incineroar|Parting Shot|p1a: Pelipper\n|-unboost|p1a: Pelipper|atk|1\n|-unboost|p1a: Pelipper|spa|1\n|\n|t:|1776678527\n|switch|p2a: Garchomp|Garchomp, L50, F|100/100|[from] Parting Shot\n|\n|-weather|none\n|upkeep\n|\n|t:|1776678534\n|switch|p1b: Palafin|Palafin-Hero, L50, M|100/100\n|-activate|p1b: Palafin|ability: Zero to Hero\n|turn|6\n|\n|t:|1776678556\n|switch|p2a: Incineroar|Incineroar, L50, F|76/100\n|-ability|p2a: Incineroar|Intimidate|boost\n|-unboost|p1a: Pelipper|atk|1\n|-unboost|p1b: Palafin|atk|1\n|move|p2b: Gengar|Protect|p2b: Gengar\n|-singleturn|p2b: Gengar|Protect\n|move|p1b: Palafin|Wave Crash|p2b: Gengar\n|-activate|p2b: Gengar|move: Protect\n|move|p1a: Pelipper|Blizzard|p2a: Incineroar|[spread] p2a\n|-activate|p2b: Gengar|move: Protect\n|-resisted|p2a: Incineroar|1\n|-damage|p2a: Incineroar|72/100\n|-status|p2a: Incineroar|frz\n|\n|upkeep\n|turn|7\n|c|\u2606Kiryuri|What the fuck\n|inactive|piratepanda13 has 30 seconds left.\n|inactive|Kiryuri has 30 seconds left.\n|inactive|Kiryuri has 20 seconds left.\n|\n|t:|1776678591\n|cant|p2a: Incineroar|frz\n|move|p1b: Palafin|Wave Crash|p2b: Gengar\n|-damage|p2b: Gengar|1/100\n|-damage|p1b: Palafin|82/100|[from] Recoil\n|move|p1a: Pelipper|Blizzard|p2b: Gengar|[spread] p2a,p2b\n|-resisted|p2a: Incineroar|1\n|-damage|p2a: Incineroar|67/100 frz\n|-damage|p2b: Gengar|0 fnt\n|faint|p2b: Gengar\n|\n|upkeep\n|\n|t:|1776678600\n|switch|p2b: Garchomp|Garchomp, L50, F|100/100\n|turn|8\n|\n|t:|1776678623\n|switch|p1a: Archaludon|Archaludon, L50, F|100/100\n|move|p1b: Palafin|Wave Crash|p2b: Garchomp\n|-damage|p2b: Garchomp|50/100\n|-damage|p1b: Palafin|69/100|[from] ability: Rough Skin|[of] p2b: Garchomp\n|-damage|p1b: Palafin|52/100|[from] Recoil\n|move|p2b: Garchomp|Dragon Claw|p1b: Palafin\n|-damage|p1b: Palafin|4/100\n|cant|p2a: Incineroar|frz\n|\n|-sideend|p1: piratepanda13|move: Tailwind\n|upkeep\n|turn|9\n|\n|t:|1776678644\n|move|p1b: Palafin|Wave Crash|p2b: Garchomp\n|-damage|p2b: Garchomp|0 fnt\n|-damage|p1b: Palafin|0 fnt|[from] ability: Rough Skin|[of] p2b: Garchomp\n|faint|p2b: Garchomp\n|faint|p1b: Palafin\n|move|p1a: Archaludon|Dragon Pulse|p2a: Incineroar\n|-damage|p2a: Incineroar|37/100 frz\n|-enditem|p2a: Incineroar|Sitrus Berry|[eat]\n|-heal|p2a: Incineroar|62/100 frz|[from] item: Sitrus Berry\n|-curestatus|p2a: Incineroar|frz|[from] move: Flare Blitz\n|move|p2a: Incineroar|Flare Blitz|p1a: Archaludon\n|-damage|p1a: Archaludon|64/100\n|-ability|p1a: Archaludon|Stamina|boost\n|-boost|p1a: Archaludon|def|1\n|-damage|p2a: Incineroar|52/100|[from] Recoil\n|\n|-heal|p1a: Archaludon|70/100|[from] item: Leftovers\n|upkeep\n|\n|t:|1776678662\n|switch|p1b: Pelipper|Pelipper, L50, F|35/100\n|-weather|RainDance|[from] ability: Drizzle|[of] p1b: Pelipper\n|turn|10\n|-message|Kiryuri forfeited.\n|\n|win|piratepanda13\n|raw|piratepanda13's rating: 1081 &rarr; <strong>1117</strong><br />(+36 for winning)\n|raw|Kiryuri's rating: 1188 &rarr; <strong>1156</strong><br />(-32 for losing)\n|l|\u2606piratepanda13\n|player|p1|\n",
  "uploadtime": 1776678672,
  "views": 18,
  "formatid": "gen9championsvgc2026regma",
  "rating": 1117,
  "private": 0,
  "password": null
}