{
  "id": "gen9championsvgc2026regma-2584173237",
  "format": "[Gen 9 Champions] VGC 2026 Reg M-A",
  "players": [
    "scrfty",
    "MilkTeaWayGalaxy"
  ],
  "log": "|j|\u203dscrfty\n|j|\u2606MilkTeaWayGalaxy\n|t:|1776234130\n|gametype|doubles\n|player|p1|scrfty|170|1217\n|player|p2|MilkTeaWayGalaxy|rosa-pokestar3|1286\n|gen|9\n|tier|[Gen 9 Champions] VGC 2026 Reg M-A\n|rated|\n|rule|Species Clause: Limit one of each Pok\u00e9mon\n|rule|Item Clause: Limit 1 of each item\n|clearpoke\n|poke|p1|Basculegion, L50, M|\n|poke|p1|Froslass, L50, F|\n|poke|p1|Garchomp, L50, F|\n|poke|p1|Rotom-Frost, L50|\n|poke|p1|Incineroar, L50, F|\n|poke|p1|Orthworm, L50, F|\n|poke|p2|Froslass, L50, F|\n|poke|p2|Sinistcha, L50|\n|poke|p2|Kingambit, L50, F|\n|poke|p2|Sneasler, L50, F|\n|poke|p2|Incineroar, L50, M|\n|poke|p2|Basculegion, L50, M|\n|teampreview|4\n|\n|t:|1776234182\n|teamsize|p1|4\n|teamsize|p2|4\n|start\n|switch|p1a: Garchomp|Garchomp, L50, F|100/100\n|switch|p1b: Rotom|Rotom-Frost, L50|100/100\n|switch|p2a: Froslass|Froslass, L50, F, shiny|100/100\n|switch|p2b: Incineroar|Incineroar, L50, M, shiny|100/100\n|-ability|p2b: Incineroar|Intimidate|boost\n|-unboost|p1a: Garchomp|atk|1\n|-unboost|p1b: Rotom|atk|1\n|turn|1\n|\n|t:|1776234205\n|detailschange|p2a: Froslass|Froslass-Mega, L50, F, shiny\n|-mega|p2a: Froslass|Froslass|Froslassite\n|-weather|Snowscape|[from] ability: Snow Warning|[of] p2a: Froslass\n|move|p1b: Rotom|Helping Hand|p1a: Garchomp\n|-singleturn|p1a: Garchomp|Helping Hand|[of] p1b: Rotom\n|move|p2b: Incineroar|Fake Out|p1a: Garchomp\n|-crit|p1a: Garchomp\n|-damage|p1a: Garchomp|84/100\n|-damage|p2b: Incineroar|88/100|[from] ability: Rough Skin|[of] p1a: Garchomp\n|move|p2a: Froslass|Blizzard|p1a: Garchomp|[spread] p1a,p1b\n|-supereffective|p1a: Garchomp|2\n|-resisted|p1b: Rotom|1\n|-damage|p1a: Garchomp|0 fnt\n|-damage|p1b: Rotom|74/100\n|faint|p1a: Garchomp\n|\n|-weather|Snowscape|[upkeep]\n|-heal|p2b: Incineroar|94/100|[from] item: Leftovers\n|upkeep\n|\n|t:|1776234225\n|switch|p1a: Basculegion|Basculegion, L50, M|100/100\n|turn|2\n|\n|t:|1776234241\n|move|p1b: Rotom|Helping Hand|p1a: Basculegion\n|-singleturn|p1a: Basculegion|Helping Hand|[of] p1b: Rotom\n|move|p1a: Basculegion|Aqua Jet|p2b: Incineroar\n|-supereffective|p2b: Incineroar|1\n|-damage|p2b: Incineroar|0 fnt\n|faint|p2b: Incineroar\n|move|p2a: Froslass|Aurora Veil|p2a: Froslass\n|-sidestart|p2: MilkTeaWayGalaxy|move: Aurora Veil\n|\n|-weather|Snowscape|[upkeep]\n|upkeep\n|\n|t:|1776234249\n|switch|p2b: Kingambit|Kingambit, L50, F|100/100\n|turn|3\n|\n|t:|1776234259\n|switch|p1a: Froslass|Froslass, L50, F|100/100\n|move|p2a: Froslass|Shadow Ball|p1b: Rotom\n|-damage|p1b: Rotom|26/100\n|-unboost|p1b: Rotom|spd|1\n|move|p1b: Rotom|Thunderbolt|p2a: Froslass\n|-damage|p2a: Froslass|69/100\n|move|p2b: Kingambit|Kowtow Cleave|p1a: Froslass\n|-supereffective|p1a: Froslass|1\n|-damage|p1a: Froslass|0 fnt\n|faint|p1a: Froslass\n|\n|-weather|Snowscape|[upkeep]\n|upkeep\n|\n|t:|1776234271\n|switch|p1a: Basculegion|Basculegion, L50, M|100/100\n|turn|4\n|\n|t:|1776234278\n|move|p2a: Froslass|Protect|p2a: Froslass\n|-singleturn|p2a: Froslass|Protect\n|move|p1b: Rotom|Thunderbolt|p2a: Froslass\n|-activate|p2a: Froslass|move: Protect\n|move|p1a: Basculegion|Last Respects|p2a: Froslass\n|-activate|p2a: Froslass|move: Protect\n|move|p2b: Kingambit|Kowtow Cleave|p1a: Basculegion\n|-supereffective|p1a: Basculegion|1\n|-crit|p1a: Basculegion\n|-damage|p1a: Basculegion|0 fnt\n|faint|p1a: Basculegion\n|\n|-weather|Snowscape|[upkeep]\n|upkeep\n|turn|5\n|-message|scrfty forfeited.\n|\n|win|MilkTeaWayGalaxy\n|raw|scrfty's rating: 1217 &rarr; <strong>1197</strong><br />(-20 for losing)\n|raw|MilkTeaWayGalaxy's rating: 1286 &rarr; <strong>1306</strong><br />(+20 for winning)\n|l|\u203dscrfty\n|player|p1|\n",
  "uploadtime": 1776234292,
  "views": 18,
  "formatid": "gen9championsvgc2026regma",
  "rating": 1197,
  "private": 0,
  "password": null
}