{
  "id": "gen9championsvgc2026regma-2589505927",
  "format": "[Gen 9 Champions] VGC 2026 Reg M-A",
  "players": [
    "ThijMan",
    "Pevar_8"
  ],
  "log": "|j|\u2606ThijMan\n|j|\u2606Pevar_8\n|t:|1776729126\n|gametype|doubles\n|player|p1|ThijMan|2|1383\n|player|p2|Pevar_8|102|1330\n|gen|9\n|tier|[Gen 9 Champions] VGC 2026 Reg M-A\n|rated|\n|rule|Species Clause: Limit one of each Pok\u00e9mon\n|rule|Item Clause: Limit 1 of each item\n|clearpoke\n|poke|p1|Gyarados, L50, M, shiny|\n|poke|p1|Sneasler, L50, M, shiny|\n|poke|p1|Gengar, L50, M, shiny|\n|poke|p1|Dragonite, L50, M, shiny|\n|poke|p1|Infernape, L50, M, shiny|\n|poke|p1|Pelipper, L50, M, shiny|\n|poke|p2|Basculegion, L50, M|\n|poke|p2|Talonflame, L50, M|\n|poke|p2|Sinistcha, L50|\n|poke|p2|Sneasler, L50, M|\n|poke|p2|Garchomp, L50, M|\n|poke|p2|Floette-Eternal, L50, F|\n|teampreview|4\n|\n|t:|1776729159\n|teamsize|p1|4\n|teamsize|p2|4\n|start\n|switch|p1a: Infernape|Infernape, L50, M, shiny|100/100\n|switch|p1b: Dragonite|Dragonite, L50, M, shiny|100/100\n|switch|p2a: Talonflame|Talonflame, L50, M|100/100\n|switch|p2b: Garchomp|Garchomp, L50, M|100/100\n|turn|1\n|inactive|Battle timer is ON: inactive players will automatically lose when time's up. (requested by ThijMan)\n|\n|t:|1776729186\n|detailschange|p1b: Dragonite|Dragonite-Mega, L50, M, shiny\n|-mega|p1b: Dragonite|Dragonite|Dragoninite\n|move|p1a: Infernape|Fake Out|p2b: Garchomp\n|-damage|p2b: Garchomp|88/100\n|-damage|p1a: Infernape|88/100|[from] ability: Rough Skin|[of] p2b: Garchomp\n|move|p2a: Talonflame|Dual Wingbeat|p1b: Dragonite\n|-damage|p1b: Dragonite|93/100\n|-damage|p1b: Dragonite|78/100\n|-hitcount|p1b: Dragonite|2\n|cant|p2b: Garchomp|flinch\n|move|p1b: Dragonite|Dragon Pulse|p2b: Garchomp\n|-supereffective|p2b: Garchomp|1\n|-damage|p2b: Garchomp|0 fnt\n|faint|p2b: Garchomp\n|\n|upkeep\n|\n|t:|1776729204\n|switch|p2b: Floette|Floette-Eternal, L50, F|100/100\n|turn|2\n|inactive|ThijMan has 30 seconds left.\n|\n|t:|1776729229\n|switch|p1b: Gyarados|Gyarados, L50, M, shiny|100/100\n|-ability|p1b: Gyarados|Intimidate|boost\n|-unboost|p2a: Talonflame|atk|1\n|-unboost|p2b: Floette|atk|1\n|detailschange|p2b: Floette|Floette-Mega, L50, F\n|-mega|p2b: Floette|Floette|Floettite\n|-ability|p2b: Floette|Fairy Aura\n|move|p2a: Talonflame|Tailwind|p2a: Talonflame\n|-sidestart|p2: Pevar_8|move: Tailwind\n|move|p2b: Floette|Calm Mind|p2b: Floette\n|-boost|p2b: Floette|spa|1\n|-boost|p2b: Floette|spd|1\n|move|p1a: Infernape|Taunt|p2b: Floette\n|-start|p2b: Floette|move: Taunt\n|\n|upkeep\n|turn|3\n|inactive|ThijMan has 30 seconds left.\n|\n|t:|1776729257\n|move|p2a: Talonflame|Dual Wingbeat|p1a: Infernape\n|-supereffective|p1a: Infernape|1\n|-damage|p1a: Infernape|51/100\n|-supereffective|p1a: Infernape|1\n|-damage|p1a: Infernape|16/100\n|-hitcount|p1a: Infernape|2\n|move|p2b: Floette|Moonblast|p1b: Gyarados\n|-damage|p1b: Gyarados|20/100\n|move|p1a: Infernape|Drain Punch|p2a: Talonflame\n|-resisted|p2a: Talonflame|1\n|-damage|p2a: Talonflame|62/100\n|-heal|p1a: Infernape|36/100|[from] drain|[of] p2a: Talonflame\n|move|p1b: Gyarados|Thunder Wave|p2b: Floette\n|-status|p2b: Floette|par\n|\n|-heal|p1b: Gyarados|26/100|[from] item: Leftovers\n|upkeep\n|turn|4\n|inactive|Pevar_8 has 30 seconds left.\n|inactive|ThijMan has 30 seconds left.\n|\n|t:|1776729292\n|switch|p1a: Dragonite|Dragonite-Mega, L50, M, shiny|78/100\n|move|p2a: Talonflame|Dual Wingbeat|p1a: Dragonite\n|-damage|p1a: Dragonite|68/100\n|-damage|p1a: Dragonite|57/100\n|-hitcount|p1a: Dragonite|2\n|move|p2b: Floette|Dazzling Gleam|p1b: Gyarados|[spread] p1a,p1b\n|-supereffective|p1a: Dragonite|1\n|-damage|p1a: Dragonite|0 fnt\n|-damage|p1b: Gyarados|0 fnt\n|faint|p1a: Dragonite\n|faint|p1b: Gyarados\n|\n|upkeep\n|\n|t:|1776729298\n|switch|p1a: Sneasler|Sneasler, L50, M, shiny|100/100\n|switch|p1b: Infernape|Infernape, L50, M, shiny|36/100\n|turn|5\n|\n|t:|1776729311\n|move|p2a: Talonflame|Quick Guard|p2a: Talonflame\n|-singleturn|p2a: Talonflame|Quick Guard\n|move|p1b: Infernape|Fake Out|p2b: Floette\n|-activate|p2b: Floette|move: Quick Guard\n|move|p1a: Sneasler|Dire Claw|p2b: Floette\n|-supereffective|p2b: Floette|1\n|-damage|p2b: Floette|23/100 par\n|move|p2b: Floette|Dazzling Gleam|p1b: Infernape|[spread] p1a,p1b\n|-damage|p1a: Sneasler|10/100\n|-damage|p1b: Infernape|0 fnt\n|faint|p1b: Infernape\n|\n|-end|p2b: Floette|move: Taunt\n|-sideend|p2: Pevar_8|move: Tailwind\n|upkeep\n|turn|6\n|\n|t:|1776729327\n|move|p2a: Talonflame|Dual Wingbeat|p1a: Sneasler\n|-supereffective|p1a: Sneasler|1\n|-damage|p1a: Sneasler|0 fnt\n|faint|p1a: Sneasler\n|-hitcount|p1: Sneasler|1\n|\n|win|Pevar_8\n|raw|ThijMan's rating: 1383 &rarr; <strong>1360</strong><br />(-23 for losing)\n|raw|Pevar_8's rating: 1330 &rarr; <strong>1353</strong><br />(+23 for winning)\n|l|\u2606ThijMan\n|player|p1|\n",
  "uploadtime": 1776729335,
  "views": 5,
  "formatid": "gen9championsvgc2026regma",
  "rating": 1353,
  "private": 0,
  "password": null
}