{
  "id": "gen9championsvgc2026regma-2588367594",
  "format": "[Gen 9 Champions] VGC 2026 Reg M-A",
  "players": [
    "hifuhfkajfhkl",
    "luisetex"
  ],
  "log": "|j|\u2606hifuhfkajfhkl\n|j|\u2606luisetex\n|t:|1776627656\n|gametype|doubles\n|player|p1|hifuhfkajfhkl|169|1040\n|player|p2|luisetex|102|1052\n|gen|9\n|tier|[Gen 9 Champions] VGC 2026 Reg M-A\n|rated|\n|rule|Species Clause: Limit one of each Pok\u00e9mon\n|rule|Item Clause: Limit 1 of each item\n|clearpoke\n|poke|p1|Hawlucha, L50, F, shiny|\n|poke|p1|Tyranitar, L50, M, shiny|\n|poke|p1|Excadrill, L50, M, shiny|\n|poke|p1|Sinistcha-Masterpiece, L50, shiny|\n|poke|p1|Rotom-Wash, L50, shiny|\n|poke|p1|Whimsicott, L50, F|\n|poke|p2|Gengar, L50, F|\n|poke|p2|Politoed, L50, F|\n|poke|p2|Blastoise, L50, F|\n|poke|p2|Incineroar, L50, M|\n|poke|p2|Snorlax, L50, F|\n|poke|p2|Scizor, L50, F|\n|teampreview|4\n|inactive|Battle timer is ON: inactive players will automatically lose when time's up. (requested by hifuhfkajfhkl)\nhifuhfkajfhkl has agreed to open team sheets.\n|\n|t:|1776627675\n|teamsize|p1|4\n|teamsize|p2|4\n|start\n|switch|p1a: Whimsicott|Whimsicott, L50, F|100/100\n|switch|p1b: Excadrill|Excadrill, L50, M, shiny|100/100\n|switch|p2a: Gengar|Gengar, L50, F|100/100\n|switch|p2b: Blastoise|Blastoise, L50, F|100/100\n|turn|1\n|\n|t:|1776627686\n|switch|p1b: Hawlucha|Hawlucha, L50, F, shiny|100/100\n|-ability|p1b: Hawlucha|Mold Breaker\n|move|p2b: Blastoise|Fake Out|p1b: Hawlucha\n|-damage|p1b: Hawlucha|89/100\n|move|p1a: Whimsicott|Tailwind|p1a: Whimsicott\n|-sidestart|p1: hifuhfkajfhkl|move: Tailwind\n|move|p2a: Gengar|Perish Song|p2a: Gengar\n|-start|p1a: Whimsicott|perish3|[silent]\n|-start|p1b: Hawlucha|perish3|[silent]\n|-start|p2a: Gengar|perish3|[silent]\n|-start|p2b: Blastoise|perish3|[silent]\n|-fieldactivate|move: Perish Song\n|\n|-start|p1b: Hawlucha|perish3\n|-start|p1a: Whimsicott|perish3\n|-start|p2a: Gengar|perish3\n|-start|p2b: Blastoise|perish3\n|upkeep\n|turn|2\n|\n|t:|1776627703\n|detailschange|p2a: Gengar|Gengar-Mega, L50, F\n|-mega|p2a: Gengar|Gengar|Gengarite\n|move|p2a: Gengar|Protect|p2a: Gengar\n|-singleturn|p2a: Gengar|Protect\n|move|p2b: Blastoise|Protect|p2b: Blastoise\n|-singleturn|p2b: Blastoise|Protect\n|move|p1b: Hawlucha|Brave Bird|p2a: Gengar\n|-activate|p2a: Gengar|move: Protect\n|move|p1a: Whimsicott|Moonblast|p2b: Blastoise\n|-activate|p2b: Blastoise|move: Protect\n|\n|-start|p1b: Hawlucha|perish2\n|-start|p1a: Whimsicott|perish2\n|-start|p2a: Gengar|perish2\n|-start|p2b: Blastoise|perish2\n|upkeep\n|turn|3\n|\n|t:|1776627730\n|switch|p2a: Incineroar|Incineroar, L50, M|100/100\n|-ability|p2a: Incineroar|Intimidate|boost\n|-unboost|p1a: Whimsicott|atk|1\n|-unboost|p1b: Hawlucha|atk|1\n|move|p1a: Whimsicott|Encore|p2a: Incineroar\n|-hint|Since gen 7, Dark is immune to Prankster moves.\n|-immune|p2a: Incineroar\n|move|p1b: Hawlucha|Brave Bird|p2a: Incineroar\n|-damage|p2a: Incineroar|79/100\n|-damage|p1b: Hawlucha|81/100|[from] Recoil\n|move|p2b: Blastoise|Flip Turn|p1a: Whimsicott\n|-resisted|p1a: Whimsicott|1\n|-damage|p1a: Whimsicott|90/100\n|\n|t:|1776627742\n|switch|p2b: Gengar|Gengar-Mega, L50, F|100/100|[from] Flip Turn\n|\n|-start|p1b: Hawlucha|perish1\n|-start|p1a: Whimsicott|perish1\n|upkeep\n|turn|4\n|inactive|luisetex has 30 seconds left.\n|\n|t:|1776627772\n|move|p2a: Incineroar|Fake Out|p1b: Hawlucha\n|-damage|p1b: Hawlucha|67/100\n|move|p1a: Whimsicott|Light Screen|p1a: Whimsicott\n|-sidestart|p1: hifuhfkajfhkl|move: Light Screen\n|cant|p1b: Hawlucha|flinch\n|move|p2b: Gengar|Shadow Ball|p1a: Whimsicott\n|-damage|p1a: Whimsicott|50/100\n|\n|-start|p1b: Hawlucha|perish0\n|-start|p1a: Whimsicott|perish0\n|faint|p1b: Hawlucha\n|faint|p1a: Whimsicott\n|-sideend|p1: hifuhfkajfhkl|move: Tailwind\n|upkeep\n|\n|t:|1776627779\n|switch|p1b: Tyranitar|Tyranitar, L50, M, shiny|100/100\n|switch|p1a: Excadrill|Excadrill, L50, M, shiny|100/100\n|-weather|Sandstorm|[from] ability: Sand Stream|[of] p1b: Tyranitar\n|turn|5\n|\n|t:|1776627792\n|switch|p2a: Blastoise|Blastoise, L50, F|100/100\n|detailschange|p1b: Tyranitar|Tyranitar-Mega, L50, M, shiny\n|-mega|p1b: Tyranitar|Tyranitar|Tyranitarite\n|move|p2b: Gengar|Protect|p2b: Gengar\n|-singleturn|p2b: Gengar|Protect\n|move|p1a: Excadrill|High Horsepower|p2b: Gengar\n|-activate|p2b: Gengar|move: Protect\n|move|p1b: Tyranitar|Rock Slide|p2b: Gengar|[spread] p2a\n|-activate|p2b: Gengar|move: Protect\n|-damage|p2a: Blastoise|74/100\n|\n|-weather|Sandstorm|[upkeep]\n|-damage|p2b: Gengar|95/100|[from] Sandstorm\n|-damage|p2a: Blastoise|68/100|[from] Sandstorm\n|-heal|p2a: Blastoise|74/100|[from] item: Leftovers\n|upkeep\n|turn|6\n|\n|t:|1776627811\n|move|p2a: Blastoise|Fake Out|p1a: Excadrill\n|-resisted|p1a: Excadrill|1\n|-damage|p1a: Excadrill|95/100\n|cant|p1a: Excadrill|flinch\n|move|p2b: Gengar|Perish Song|p2b: Gengar\n|-start|p1a: Excadrill|perish3|[silent]\n|-start|p1b: Tyranitar|perish3|[silent]\n|-start|p2a: Blastoise|perish3|[silent]\n|-start|p2b: Gengar|perish3|[silent]\n|-fieldactivate|move: Perish Song\n|move|p1b: Tyranitar|Knock Off|p2a: Blastoise\n|-damage|p2a: Blastoise|22/100\n|-enditem|p2a: Blastoise|Leftovers|[from] move: Knock Off|[of] p1b: Tyranitar\n|\n|-weather|Sandstorm|[upkeep]\n|-damage|p2b: Gengar|89/100|[from] Sandstorm\n|-damage|p2a: Blastoise|16/100|[from] Sandstorm\n|-start|p1a: Excadrill|perish3\n|-start|p2b: Gengar|perish3\n|-start|p2a: Blastoise|perish3\n|-start|p1b: Tyranitar|perish3\n|upkeep\n|turn|7\n|-message|hifuhfkajfhkl forfeited.\n|\n|win|luisetex\n|raw|hifuhfkajfhkl's rating: 1040 &rarr; <strong>1025</strong><br />(-15 for losing)\n|raw|luisetex's rating: 1052 &rarr; <strong>1083</strong><br />(+31 for winning)\n|n| orangejuice111|hifuhfkajfhkl\n",
  "uploadtime": 1776627829,
  "views": 14,
  "formatid": "gen9championsvgc2026regma",
  "rating": 1025,
  "private": 0,
  "password": null
}