{
  "id": "gen9championsvgc2026regma-2588630458",
  "format": "[Gen 9 Champions] VGC 2026 Reg M-A",
  "players": [
    "dkapflzksh",
    "gwonyul"
  ],
  "log": "|j|\u2606dkapflzksh\n|j|\u2606gwonyul\n|t:|1776651832\n|gametype|doubles\n|player|p1|dkapflzksh|scientist-gen4dp|\n|player|p2|gwonyul|1|\n|gen|9\n|tier|[Gen 9 Champions] VGC 2026 Reg M-A\n|rule|Species Clause: Limit one of each Pok\u00e9mon\n|rule|Item Clause: Limit 1 of each item\n|clearpoke\n|poke|p1|Floette-Eternal, L50, F|\n|poke|p1|Whimsicott, L50, F, shiny|\n|poke|p1|Sinistcha-Masterpiece, L50|\n|poke|p1|Sneasler, L50, F, shiny|\n|poke|p1|Kingambit, L50, M, shiny|\n|poke|p1|Sableye, L50, F|\n|poke|p2|Snorlax, L50, F|\n|poke|p2|Maushold-Four, L50|\n|poke|p2|Glalie, L50, F|\n|poke|p2|Farigiraf, L50, M|\n|poke|p2|Beartic, L50, M|\n|poke|p2|Ninetales-Alola, L50, M|\n|teampreview|4\n|\n|t:|1776651852\n|teamsize|p1|4\n|teamsize|p2|4\n|start\n|switch|p1a: Floette|Floette-Eternal, L50, F|100/100\n|switch|p1b: Sneasler|Sneasler, L50, F, shiny|100/100\n|switch|p2a: Ninetales|Ninetales-Alola, L50, M|100/100\n|switch|p2b: Glalie|Glalie, L50, F|100/100\n|-weather|Snowscape|[from] ability: Snow Warning|[of] p2a: Ninetales\n|turn|1\n|\n|t:|1776651866\n|detailschange|p1a: Floette|Floette-Mega, L50, F\n|-mega|p1a: Floette|Floette|Floettite\n|-ability|p1a: Floette|Fairy Aura\n|move|p2b: Glalie|Protect|p2b: Glalie\n|-singleturn|p2b: Glalie|Protect\n|move|p2a: Ninetales|Aurora Veil|p2a: Ninetales\n|-sidestart|p2: gwonyul|move: Aurora Veil\n|move|p1b: Sneasler|Dire Claw|p2a: Ninetales\n|-supereffective|p2a: Ninetales|1\n|-damage|p2a: Ninetales|47/100\n|-status|p2a: Ninetales|slp\n|move|p1a: Floette|Calm Mind|p1a: Floette\n|-boost|p1a: Floette|spa|1\n|-boost|p1a: Floette|spd|1\n|\n|-weather|Snowscape|[upkeep]\n|-ability|p2b: Glalie|Moody|boost\n|-boost|p2b: Glalie|spd|2\n|-unboost|p2b: Glalie|def|1\n|upkeep\n|turn|2\n|\n|t:|1776651891\n|switch|p2a: Beartic|Beartic, L50, M|100/100\n|move|p1b: Sneasler|Close Combat|p2b: Glalie\n|-supereffective|p2b: Glalie|1\n|-enditem|p2b: Glalie|Chople Berry|[eat]\n|-enditem|p2b: Glalie|Chople Berry|[weaken]\n|-damage|p2b: Glalie|57/100\n|-unboost|p1b: Sneasler|def|1\n|-unboost|p1b: Sneasler|spd|1\n|move|p1a: Floette|Moonblast|p2b: Glalie\n|-damage|p2b: Glalie|19/100\n|move|p2b: Glalie|Sheer Cold|p1a: Floette\n|-damage|p1a: Floette|0 fnt\n|faint|p1a: Floette\n|-ohko\n|\n|-weather|Snowscape|[upkeep]\n|-ability|p2b: Glalie|Moody|boost\n|-boost|p2b: Glalie|spd|2\n|-unboost|p2b: Glalie|def|1\n|upkeep\n|\n|t:|1776651908\n|switch|p1a: Kingambit|Kingambit, L50, M, shiny|100/100\n|turn|3\n|\n|t:|1776651917\n|move|p1b: Sneasler|Close Combat|p2b: Glalie\n|-supereffective|p2b: Glalie|1\n|-damage|p2b: Glalie|0 fnt\n|-unboost|p1b: Sneasler|def|1\n|-unboost|p1b: Sneasler|spd|1\n|faint|p2b: Glalie\n|move|p1a: Kingambit|Iron Head|p2a: Beartic\n|-supereffective|p2a: Beartic|1\n|-damage|p2a: Beartic|62/100\n|move|p2a: Beartic|Close Combat|p1a: Kingambit\n|-supereffective|p1a: Kingambit|2\n|-enditem|p1a: Kingambit|Chople Berry|[eat]\n|-enditem|p1a: Kingambit|Chople Berry|[weaken]\n|-damage|p1a: Kingambit|49/100\n|-unboost|p2a: Beartic|def|1\n|-unboost|p2a: Beartic|spd|1\n|\n|-weather|Snowscape|[upkeep]\n|upkeep\n|\n|t:|1776651930\n|switch|p2b: Snorlax|Snorlax, L50, F|100/100\n|turn|4\n|\n|t:|1776651935\n|switch|p1b: Sinistcha|Sinistcha-Masterpiece, L50|100/100\n|-heal|p1a: Kingambit|74/100|[from] ability: Hospitality|[of] p1b: Sinistcha\n|move|p2a: Beartic|Sheer Cold|p1b: Sinistcha\n|-damage|p1b: Sinistcha|0 fnt\n|faint|p1b: Sinistcha\n|-ohko\n|move|p1a: Kingambit|Iron Head|p2a: Beartic\n|-supereffective|p2a: Beartic|1\n|-damage|p2a: Beartic|9/100\n|move|p2b: Snorlax|Fissure|p1a: Kingambit\n|-damage|p1a: Kingambit|0 fnt\n|faint|p1a: Kingambit\n|-ohko\n|\n|-weather|Snowscape|[upkeep]\n|upkeep\n|\n|t:|1776651953\n|switch|p1b: Sneasler|Sneasler, L50, F, shiny|100/100\n|turn|5\n|\n|t:|1776651957\n|move|p1b: Sneasler|Fling|p2a: Beartic\n|-damage|p2a: Beartic|2/100\n|-enditem|p1b: Sneasler|King's Rock|[from] move: Fling\n|cant|p2a: Beartic|flinch\n|move|p2b: Snorlax|Fissure|p1b: Sneasler\n|-damage|p1b: Sneasler|0 fnt\n|faint|p1b: Sneasler\n|-ohko\n|\n|win|gwonyul\n",
  "uploadtime": 1776651957,
  "views": 1,
  "formatid": "gen9championsvgc2026regma",
  "rating": null,
  "private": 0,
  "password": null
}