{
  "id": "gen9championsvgc2026regma-2587885720",
  "format": "[Gen 9 Champions] VGC 2026 Reg M-A",
  "players": [
    "MrMagikarplml",
    "bob0976"
  ],
  "log": "|j|\u2606MrMagikarplml\n|j|\u2606bob0976\n|t:|1776574619\n|gametype|doubles\n|player|p1|MrMagikarplml|chuck|1166\n|player|p2|bob0976|169|1203\n|gen|9\n|tier|[Gen 9 Champions] VGC 2026 Reg M-A\n|rated|\n|rule|Species Clause: Limit one of each Pok\u00e9mon\n|rule|Item Clause: Limit 1 of each item\n|clearpoke\n|poke|p1|Whimsicott, L50, M|\n|poke|p1|Charizard, L50, M|\n|poke|p1|Incineroar, L50, F|\n|poke|p1|Kingambit, L50, M|\n|poke|p1|Garchomp, L50, F|\n|poke|p1|Sneasler, L50, F|\n|poke|p2|Meganium, L50, M|\n|poke|p2|Greninja, L50, F|\n|poke|p2|Pelipper, L50, F|\n|poke|p2|Archaludon, L50, M|\n|poke|p2|Sneasler, L50, F|\n|poke|p2|Incineroar, L50, M|\n|teampreview|4\n|inactive|Battle timer is ON: inactive players will automatically lose when time's up. (requested by bob0976)\n|inactive|MrMagikarplml also wants the timer to be on.\n|inactive|MrMagikarplml has 60 seconds left.\n|inactive|bob0976 has 60 seconds left.\n|\n|t:|1776574650\n|teamsize|p1|4\n|teamsize|p2|4\n|start\n|switch|p1a: Whimsicott|Whimsicott, L50, M|100/100\n|switch|p1b: Charizard|Charizard, L50, M|100/100\n|switch|p2a: Incineroar|Incineroar, L50, M|100/100\n|switch|p2b: Sneasler|Sneasler, L50, F|100/100\n|-ability|p2a: Incineroar|Intimidate|boost\n|-unboost|p1a: Whimsicott|atk|1\n|-unboost|p1b: Charizard|atk|1\n|turn|1\n|inactive|bob0976 has 30 seconds left.\n|\n|t:|1776574676\n|switch|p1b: Garchomp|Garchomp, L50, F|100/100\n|move|p1a: Whimsicott|Protect|p1a: Whimsicott\n|-singleturn|p1a: Whimsicott|Protect\n|move|p2a: Incineroar|Fake Out|p1a: Whimsicott\n|-activate|p1a: Whimsicott|move: Protect\n|move|p2b: Sneasler|Dire Claw|p1a: Whimsicott\n|-activate|p1a: Whimsicott|move: Protect\n|\n|upkeep\n|turn|2\n|\n|t:|1776574700\n|switch|p2a: Pelipper|Pelipper, L50, F|100/100\n|-weather|RainDance|[from] ability: Drizzle|[of] p2a: Pelipper\n|move|p2b: Sneasler|Protect|p2b: Sneasler\n|-singleturn|p2b: Sneasler|Protect\n|move|p1a: Whimsicott|Tailwind|p1a: Whimsicott\n|-sidestart|p1: MrMagikarplml|move: Tailwind\n|move|p1b: Garchomp|Earthquake|p2a: Pelipper|[spread] p1a\n|-activate|p2b: Sneasler|move: Protect\n|-immune|p2a: Pelipper\n|-resisted|p1a: Whimsicott|1\n|-damage|p1a: Whimsicott|63/100\n|\n|-weather|RainDance|[upkeep]\n|upkeep\n|turn|3\n|\n|t:|1776574723\n|switch|p1a: Charizard|Charizard, L50, M|100/100\n|move|p2a: Pelipper|Wide Guard|p2a: Pelipper\n|-singleturn|p2a: Pelipper|Wide Guard\n|move|p1b: Garchomp|Earthquake|p2b: Sneasler|[spread] \n|-activate|p2a: Pelipper|move: Wide Guard\n|-activate|p2b: Sneasler|move: Wide Guard\n|-immune|p1a: Charizard\n|move|p2b: Sneasler|Dire Claw|p1a: Charizard\n|-damage|p1a: Charizard|34/100\n|\n|-weather|RainDance|[upkeep]\n|upkeep\n|turn|4\n|inactive|bob0976 has 30 seconds left.\n|\n|t:|1776574751\n|detailschange|p1a: Charizard|Charizard-Mega-Y, L50, M\n|-mega|p1a: Charizard|Charizard|Charizardite Y\n|-weather|SunnyDay|[from] ability: Drought|[of] p1a: Charizard\n|move|p2a: Pelipper|Wide Guard|p2a: Pelipper\n|-singleturn|p2a: Pelipper|Wide Guard\n|move|p1b: Garchomp|Earthquake|p2a: Pelipper|[spread] \n|-activate|p2a: Pelipper|move: Wide Guard\n|-activate|p2b: Sneasler|move: Wide Guard\n|-immune|p1a: Charizard\n|move|p1a: Charizard|Solar Beam||[still]\n|-prepare|p1a: Charizard|Solar Beam\n|-anim|p1a: Charizard|Solar Beam|p2a: Pelipper\n|-damage|p2a: Pelipper|35/100\n|move|p2b: Sneasler|Dire Claw|p1a: Charizard\n|-damage|p1a: Charizard|0 fnt\n|faint|p1a: Charizard\n|\n|-weather|SunnyDay|[upkeep]\n|upkeep\n|\n|t:|1776574774\n|switch|p1a: Whimsicott|Whimsicott, L50, M|63/100\n|turn|5\n|\n|t:|1776574796\n|move|p1a: Whimsicott|Protect|p1a: Whimsicott\n|-singleturn|p1a: Whimsicott|Protect\n|move|p2a: Pelipper|Wide Guard|p2a: Pelipper\n|-singleturn|p2a: Pelipper|Wide Guard\n|move|p1b: Garchomp|Earthquake|p2b: Sneasler|[spread] \n|-activate|p2a: Pelipper|move: Wide Guard\n|-activate|p2b: Sneasler|move: Wide Guard\n|-activate|p1a: Whimsicott|move: Protect\n|move|p2b: Sneasler|Dire Claw|p1a: Whimsicott\n|-activate|p1a: Whimsicott|move: Protect\n|\n|-weather|SunnyDay|[upkeep]\n|-sideend|p1: MrMagikarplml|move: Tailwind\n|upkeep\n|turn|6\n|\n|t:|1776574817\n|move|p2a: Pelipper|Wide Guard|p2a: Pelipper\n|-singleturn|p2a: Pelipper|Wide Guard\n|move|p1a: Whimsicott|Moonblast|p2a: Pelipper\n|-damage|p2a: Pelipper|0 fnt\n|faint|p2a: Pelipper\n|move|p2b: Sneasler|Dire Claw|p1a: Whimsicott\n|-supereffective|p1a: Whimsicott|2\n|-damage|p1a: Whimsicott|0 fnt\n|faint|p1a: Whimsicott\n|move|p1b: Garchomp|Earthquake|p2b: Sneasler\n|-activate|p2b: Sneasler|move: Wide Guard\n|\n|-weather|SunnyDay|[upkeep]\n|upkeep\n|\n|t:|1776574831\n|switch|p1a: Kingambit|Kingambit, L50, M|100/100\n|switch|p2a: Incineroar|Incineroar, L50, M|100/100\n|-ability|p2a: Incineroar|Intimidate|boost\n|-unboost|p1a: Kingambit|atk|1\n|-ability|p1a: Kingambit|Defiant|boost\n|-boost|p1a: Kingambit|atk|2\n|-unboost|p1b: Garchomp|atk|1\n|turn|7\n|\n|t:|1776574849\n|move|p1a: Kingambit|Protect|p1a: Kingambit\n|-singleturn|p1a: Kingambit|Protect\n|move|p2a: Incineroar|Fake Out|p1b: Garchomp\n|-damage|p1b: Garchomp|90/100\n|-damage|p2a: Incineroar|88/100|[from] ability: Rough Skin|[of] p1b: Garchomp\n|move|p2b: Sneasler|Close Combat|p1a: Kingambit\n|-activate|p1a: Kingambit|move: Protect\n|cant|p1b: Garchomp|flinch\n|\n|-weather|SunnyDay|[upkeep]\n|upkeep\n|turn|8\n|\n|t:|1776574870\n|move|p1a: Kingambit|Sucker Punch|p2b: Sneasler\n|-resisted|p2b: Sneasler|1\n|-damage|p2b: Sneasler|46/100\n|move|p2b: Sneasler|Close Combat|p1a: Kingambit\n|-supereffective|p1a: Kingambit|2\n|-enditem|p1a: Kingambit|Chople Berry|[eat]\n|-enditem|p1a: Kingambit|Chople Berry|[weaken]\n|-damage|p1a: Kingambit|0 fnt\n|-unboost|p2b: Sneasler|def|1\n|-unboost|p2b: Sneasler|spd|1\n|faint|p1a: Kingambit\n|-enditem|p2b: Sneasler|White Herb\n|-clearnegativeboost|p2b: Sneasler|[silent]\n|move|p1b: Garchomp|Stomping Tantrum|p2a: Incineroar\n|-supereffective|p2a: Incineroar|1\n|-crit|p2a: Incineroar\n|-damage|p2a: Incineroar|0 fnt\n|faint|p2a: Incineroar\n|\n|-weather|none\n|upkeep\n|\n|t:|1776574884\n|switch|p2a: Greninja|Greninja, L50, F|100/100\n|turn|9\n|\n|t:|1776574896\n|detailschange|p2a: Greninja|Greninja-Mega, L50, F\n|-mega|p2a: Greninja|Greninja|Greninjite\n|move|p2b: Sneasler|Close Combat|p1b: Garchomp\n|-damage|p1b: Garchomp|23/100\n|-unboost|p2b: Sneasler|def|1\n|-unboost|p2b: Sneasler|spd|1\n|-damage|p2b: Sneasler|33/100|[from] ability: Rough Skin|[of] p1b: Garchomp\n|move|p2a: Greninja|Ice Beam|p1b: Garchomp\n|-start|p2a: Greninja|typechange|Ice|[from] ability: Protean\n|-supereffective|p1b: Garchomp|2\n|-damage|p1b: Garchomp|0 fnt\n|faint|p1b: Garchomp\n|\n|win|bob0976\n|raw|MrMagikarplml's rating: 1166 &rarr; <strong>1144</strong><br />(-22 for losing)\n|raw|bob0976's rating: 1203 &rarr; <strong>1225</strong><br />(+22 for winning)\n|l|\u2606MrMagikarplml\n|player|p1|\n",
  "uploadtime": 1776574998,
  "views": 19,
  "formatid": "gen9championsvgc2026regma",
  "rating": 1144,
  "private": 0,
  "password": null
}