{
  "id": "gen9championsvgc2026regma-2587666523",
  "format": "[Gen 9 Champions] VGC 2026 Reg M-A",
  "players": [
    "Bosse12345",
    "holdingb"
  ],
  "log": "|j|\u2606Bosse12345\n|j|\u2606holdingb\n|t:|1776551907\n|gametype|doubles\n|player|p1|Bosse12345|265|\n|player|p2|holdingb|anabel-gen7|\n|gen|9\n|tier|[Gen 9 Champions] VGC 2026 Reg M-A\n|rated|Tournament battle\n|rule|Species Clause: Limit one of each Pok\u00e9mon\n|rule|Item Clause: Limit 1 of each item\n|raw|<div class=\"infobox\"><details class=\"readmore\" open><summary><strong>1 custom rule:</strong></summary> Force Open Team Sheets</details></div>\n|clearpoke\n|poke|p1|Delphox, L50, F|\n|poke|p1|Garchomp, L50, F|\n|poke|p1|Whimsicott, L50, M|\n|poke|p1|Incineroar, L50, M|\n|poke|p1|Venusaur, L50, M|\n|poke|p1|Orthworm, L50, M|\n|poke|p2|Gardevoir, L50, M|\n|poke|p2|Rotom-Heat, L50|\n|poke|p2|Sneasler, L50, F|\n|poke|p2|Kingambit, L50, F|\n|poke|p2|Sinistcha, L50|\n|poke|p2|Sharpedo, L50, M|\n|teampreview|4\n|showteam|p1|Delphox||Delphoxite|Blaze|HeatWave,Psychic,NastyPlot,Protect|||F|||50|]Garchomp||WhiteHerb|RoughSkin|Earthquake,SwordsDance,RockSlide,Protect|||F|||50|]Whimsicott||FocusSash|Prankster|Tailwind,SunnyDay,Moonblast,Protect|||M|||50|]Incineroar||LumBerry|Intimidate|FakeOut,PartingShot,FlareBlitz,ThroatChop|||M|||50|]Venusaur||Leftovers|Chlorophyll|SolarBeam,SludgeBomb,SleepPowder,Protect|||M|||50|]Orthworm||SitrusBerry|EarthEater|ShedTail,BodyPress,HeavySlam,Protect|||M|||50|\n|showteam|p2|Gardevoir||Gardevoirite|Trace|HyperVoice,Psychic,TrickRoom,Protect|||M|||50|]Rotom-Heat||ChoiceScarf|Levitate|Overheat,Thunderbolt,Electroweb,Trick||||||50|]Sneasler||WhiteHerb|Unburden|DireClaw,CloseCombat,RockTomb,FakeOut|||F|||50|]Kingambit||ChopleBerry|Defiant|KowtowCleave,IronHead,LowKick,SuckerPunch|||F|||50|]Sinistcha||SitrusBerry|Hospitality|MatchaGotcha,ShadowBall,RagePowder,TrickRoom||||||50|]Sharpedo||FocusSash|SpeedBoost|Crunch,CloseCombat,PsychicFangs,Protect|||M|||50|\n|inactive|Battle timer is ON: inactive players will automatically lose when time's up. (requested by holdingb)\n|j|@Borghi\n|j|+TheEeveeAnimations\n|inactive|Bosse12345 has 60 seconds left.\n|inactive|holdingb has 60 seconds left.\n|j| christianfinity\n|l| christianfinity\n|\n|t:|1776551966\n|teamsize|p1|4\n|teamsize|p2|4\n|start\n|switch|p1a: Venusaur|Venusaur, L50, M|100/100\n|switch|p1b: Orthworm|Orthworm, L50, M|100/100\n|switch|p2a: Rotom|Rotom-Heat, L50|100/100\n|switch|p2b: Sneasler|Sneasler, L50, F|100/100\n|turn|1\n|inactive|holdingb has 30 seconds left.\n|\n|t:|1776551995\n|move|p1b: Orthworm|Protect|p1b: Orthworm\n|-singleturn|p1b: Orthworm|Protect\n|move|p2a: Rotom|Overheat|p1a: Venusaur\n|-supereffective|p1a: Venusaur|1\n|-crit|p1a: Venusaur\n|-damage|p1a: Venusaur|0 fnt\n|-unboost|p2a: Rotom|spa|2\n|faint|p1a: Venusaur\n|move|p2b: Sneasler|Close Combat|p1b: Orthworm\n|-activate|p1b: Orthworm|move: Protect\n|\n|upkeep\n|\n|t:|1776552007\n|switch|p1a: Delphox|Delphox, L50, F|100/100\n|turn|2\n|inactive|holdingb has 30 seconds left.\n|inactive|holdingb has 20 seconds left.\n|inactive|holdingb has 15 seconds left.\n|inactive|holdingb has 10 seconds left.\n|\n|t:|1776552054\n|switch|p2a: Gardevoir|Gardevoir, L50, M|100/100\n|-ability|p2a: Gardevoir|Blaze|Trace|[from] ability: Trace|[of] p1a: Delphox\n|switch|p1b: Garchomp|Garchomp, L50, F|100/100\n|detailschange|p1a: Delphox|Delphox-Mega, L50, F\n|-mega|p1a: Delphox|Delphox|Delphoxite\n|move|p1a: Delphox|Psychic|p2b: Sneasler\n|-supereffective|p2b: Sneasler|2\n|-damage|p2b: Sneasler|0 fnt\n|faint|p2b: Sneasler\n|\n|upkeep\n|inactive|holdingb has 30 seconds left.\n|\n|t:|1776552088\n|switch|p2b: Rotom|Rotom-Heat, L50|100/100\n|turn|3\n|j| nivek55\n|l| nivek55\n|inactive|holdingb has 30 seconds left.\n|\n|t:|1776552122\n|switch|p1b: Orthworm|Orthworm, L50, M|100/100\n|detailschange|p2a: Gardevoir|Gardevoir-Mega, L50, M\n|-mega|p2a: Gardevoir|Gardevoir|Gardevoirite\n|move|p2b: Rotom|Electroweb|p1a: Delphox|[spread] p1b\n|-miss|p2b: Rotom|p1a: Delphox\n|-damage|p1b: Orthworm|68/100\n|-unboost|p1b: Orthworm|spe|1\n|move|p1a: Delphox|Heat Wave|p2a: Gardevoir|[spread] p2a\n|-miss|p1a: Delphox|p2b: Rotom\n|-damage|p2a: Gardevoir|69/100\n|move|p2a: Gardevoir|Hyper Voice|p1b: Orthworm|[spread] p1a,p1b\n|-resisted|p1a: Delphox|1\n|-resisted|p1b: Orthworm|1\n|-damage|p1a: Delphox|76/100\n|-damage|p1b: Orthworm|25/100\n|-enditem|p1b: Orthworm|Sitrus Berry|[eat]\n|-heal|p1b: Orthworm|50/100|[from] item: Sitrus Berry\n|\n|upkeep\n|turn|4\n|\n|t:|1776552147\n|move|p1b: Orthworm|Protect|p1b: Orthworm\n|-singleturn|p1b: Orthworm|Protect\n|move|p2b: Rotom|Electroweb|p1a: Delphox|[spread] \n|-activate|p1b: Orthworm|move: Protect\n|-miss|p2b: Rotom|p1a: Delphox\n|move|p1a: Delphox|Nasty Plot|p1a: Delphox\n|-boost|p1a: Delphox|spa|2\n|move|p2a: Gardevoir|Hyper Voice|p1b: Orthworm|[spread] p1a\n|-activate|p1b: Orthworm|move: Protect\n|-resisted|p1a: Delphox|1\n|-damage|p1a: Delphox|49/100\n|\n|upkeep\n|turn|5\n|\n|t:|1776552164\n|switch|p1b: Garchomp|Garchomp, L50, F|100/100\n|move|p2b: Rotom|Electroweb|p1a: Delphox|[spread] p1a\n|-immune|p1b: Garchomp\n|-damage|p1a: Delphox|31/100\n|-unboost|p1a: Delphox|spe|1\n|move|p1a: Delphox|Heat Wave|p2b: Rotom|[spread] p2a\n|-miss|p1a: Delphox|p2b: Rotom\n|-damage|p2a: Gardevoir|0 fnt\n|faint|p2a: Gardevoir\n|\n|upkeep\n|\n|t:|1776552174\n|switch|p2a: Kingambit|Kingambit, L50, F|100/100\n|turn|6\n|\n|t:|1776552197\n|move|p1a: Delphox|Protect|p1a: Delphox\n|-singleturn|p1a: Delphox|Protect\n|move|p2b: Rotom|Electroweb|p1b: Garchomp|[spread] \n|-activate|p1a: Delphox|move: Protect\n|-immune|p1b: Garchomp\n|move|p1b: Garchomp|Earthquake|p2a: Kingambit|[spread] p2a\n|-activate|p1a: Delphox|move: Protect\n|-immune|p2b: Rotom|[from] ability: Levitate\n|-supereffective|p2a: Kingambit|1\n|-damage|p2a: Kingambit|48/100\n|move|p2a: Kingambit|Kowtow Cleave|p1b: Garchomp\n|-damage|p1b: Garchomp|51/100\n|-damage|p2a: Kingambit|36/100|[from] ability: Rough Skin|[of] p1b: Garchomp\n|\n|upkeep\n|turn|7\n|j|+crystalninetales\n|\n|t:|1776552218\n|switch|p1a: Orthworm|Orthworm, L50, M|50/100\n|move|p2a: Kingambit|Sucker Punch|p1b: Garchomp\n|-damage|p1b: Garchomp|8/100\n|-damage|p2a: Kingambit|24/100|[from] ability: Rough Skin|[of] p1b: Garchomp\n|move|p2b: Rotom|Electroweb|p1a: Orthworm|[spread] p1a\n|-immune|p1b: Garchomp\n|-damage|p1a: Orthworm|21/100\n|-unboost|p1a: Orthworm|spe|1\n|move|p1b: Garchomp|Earthquake|p2b: Rotom|[spread] p2a\n|-heal|p1a: Orthworm|46/100|[from] ability: Earth Eater|[of] p1b: Garchomp\n|-immune|p2b: Rotom|[from] ability: Levitate\n|-supereffective|p2a: Kingambit|1\n|-damage|p2a: Kingambit|0 fnt\n|faint|p2a: Kingambit\n|\n|upkeep\n|turn|8\n|-message|holdingb forfeited.\n|\n|win|Bosse12345\n|n|\u2606Bosse12345|bosse12345\n|n|\u2606holdingb|holdingb\n|n| Borghi|borghi\n|n| TheEeveeAnimations|theeeveeanimations\n|n| crystalninetales|crystalninetales\n|c|\u2606holdingb|gg\n|l| Borghi\n|l| crystalninetales\n|c|\u2606Bosse12345|Gg\n",
  "uploadtime": 1776552249,
  "views": 9,
  "formatid": "gen9championsvgc2026regma",
  "rating": null,
  "private": 0,
  "password": null
}