{
  "id": "gen9championsvgc2026regma-2585546145",
  "format": "[Gen 9 Champions] VGC 2026 Reg M-A",
  "players": [
    "EEG 007",
    "Dlinkoto"
  ],
  "log": "|j|\u2606EEG 007\n|j|\u2606Dlinkoto\n|t:|1776354653\n|gametype|doubles\n|player|p1|EEG 007|2|1008\n|player|p2|Dlinkoto|170|1054\n|gen|9\n|tier|[Gen 9 Champions] VGC 2026 Reg M-A\n|rated|\n|rule|Species Clause: Limit one of each Pok\u00e9mon\n|rule|Item Clause: Limit 1 of each item\n|clearpoke\n|poke|p1|Chesnaught, L50, M|\n|poke|p1|Armarouge, L50, F|\n|poke|p1|Goodra-Hisui, L50, M|\n|poke|p1|Reuniclus, L50, M|\n|poke|p1|Charizard, L50, M|\n|poke|p1|Cofagrigus, L50, M|\n|poke|p2|Aerodactyl, L50, M|\n|poke|p2|Sneasler, L50, M|\n|poke|p2|Incineroar, L50, M|\n|poke|p2|Golurk, L50|\n|poke|p2|Whimsicott, L50, M|\n|poke|p2|Aegislash, L50, F|\n|teampreview|4\n|\n|t:|1776354688\n|teamsize|p1|4\n|teamsize|p2|4\n|start\n|switch|p1a: Khonshu|Cofagrigus, L50, M|100/100\n|switch|p1b: Rip and Tear|Chesnaught, L50, M, shiny|100/100\n|switch|p2a: Aerodactyl|Aerodactyl, L50, M|100/100\n|switch|p2b: Incineroar|Incineroar, L50, M|100/100\n|-ability|p2a: Aerodactyl|Unnerve\n|-ability|p2b: Incineroar|Intimidate|boost\n|-unboost|p1a: Khonshu|atk|1\n|-unboost|p1b: Rip and Tear|atk|1\n|turn|1\n|\n|t:|1776354732\n|switch|p1b: Escargoon|Goodra-Hisui, L50, M|100/100\n|move|p2a: Aerodactyl|Tailwind|p2a: Aerodactyl\n|-sidestart|p2: Dlinkoto|move: Tailwind\n|move|p2b: Incineroar|Flare Blitz|p1b: Escargoon\n|-damage|p1b: Escargoon|44/100\n|-damage|p2b: Incineroar|83/100|[from] Recoil\n|move|p1a: Khonshu|Trick Room|p1a: Khonshu\n|-fieldstart|move: Trick Room|[of] p1a: Khonshu\n|\n|-heal|p2b: Incineroar|89/100|[from] item: Leftovers\n|upkeep\n|turn|2\n|\n|t:|1776354791\n|switch|p1b: Alan|Charizard, L50, M|100/100\n|move|p1a: Khonshu|Will-O-Wisp|p2a: Aerodactyl\n|-status|p2a: Aerodactyl|brn\n|move|p2b: Incineroar|Flare Blitz|p1b: Alan\n|-resisted|p1b: Alan|1\n|-damage|p1b: Alan|69/100\n|-damage|p2b: Incineroar|81/100|[from] Recoil\n|move|p2a: Aerodactyl|Rock Slide|p1a: Khonshu|[spread] p1a,p1b\n|-supereffective|p1b: Alan|2\n|-damage|p1a: Khonshu|91/100\n|-damage|p1b: Alan|18/100\n|\n|-heal|p1a: Khonshu|97/100|[from] item: Leftovers\n|-heal|p2b: Incineroar|87/100|[from] item: Leftovers\n|-damage|p2a: Aerodactyl|95/100 brn|[from] brn\n|upkeep\n|turn|3\n|\n|t:|1776354822\n|move|p1a: Khonshu|Dark Pulse|p2a: Aerodactyl\n|-damage|p2a: Aerodactyl|70/100 brn\n|move|p1b: Alan|Scorching Sands|p2b: Incineroar\n|-supereffective|p2b: Incineroar|1\n|-damage|p2b: Incineroar|54/100\n|move|p2b: Incineroar|Throat Chop|p1b: Alan\n|-damage|p1b: Alan|0 fnt\n|faint|p1b: Alan\n|cant|p2a: Aerodactyl|flinch\n|\n|-heal|p1a: Khonshu|100/100|[from] item: Leftovers\n|-heal|p2b: Incineroar|60/100|[from] item: Leftovers\n|-damage|p2a: Aerodactyl|64/100 brn|[from] brn\n|upkeep\n|\n|t:|1776354839\n|switch|p1b: Rip and Tear|Chesnaught, L50, M, shiny|100/100\n|turn|4\n|\n|t:|1776354873\n|switch|p1a: Escargoon|Goodra-Hisui, L50, M|44/100\n|switch|p2b: Golurk|Golurk, L50|100/100\n|switch|p2a: Whimsicott|Whimsicott, L50, M|100/100\n|detailschange|p1b: Rip and Tear|Chesnaught-Mega, L50, M, shiny\n|-mega|p1b: Rip and Tear|Chesnaught|Chesnaughtite\n|move|p1b: Rip and Tear|Body Press|p2b: Golurk\n|-immune|p2b: Golurk\n|\n|-sideend|p2: Dlinkoto|move: Tailwind\n|upkeep\n|turn|5\n|\n|t:|1776354911\n|detailschange|p2b: Golurk|Golurk-Mega, L50\n|-mega|p2b: Golurk|Golurk|Golurkite\n|move|p2b: Golurk|Protect|p2b: Golurk\n|-singleturn|p2b: Golurk|Protect\n|move|p1b: Rip and Tear|Iron Defense|p1b: Rip and Tear\n|-boost|p1b: Rip and Tear|def|2\n|move|p1a: Escargoon|Life Dew||[still]|[spread] p1a,p1b\n|-heal|p1a: Escargoon|69/100\n|-fail|p1b: Rip and Tear|heal\n|move|p2a: Whimsicott|Dazzling Gleam|p1b: Rip and Tear|[spread] p1a,p1b\n|-supereffective|p1b: Rip and Tear|1\n|-damage|p1a: Escargoon|58/100\n|-damage|p1b: Rip and Tear|74/100\n|\n|-fieldend|move: Trick Room\n|upkeep\n|turn|6\n|\n|t:|1776354965\n|switch|p2b: Incineroar|Incineroar, L50, M|60/100\n|-ability|p2b: Incineroar|Intimidate|boost\n|-unboost|p1a: Escargoon|atk|1\n|-unboost|p1b: Rip and Tear|atk|1\n|-enditem|p1a: Escargoon|White Herb\n|-clearnegativeboost|p1a: Escargoon|[silent]\n|switch|p1a: Khonshu|Cofagrigus, L50, M|100/100\n|move|p1b: Rip and Tear|Spiky Shield|p1b: Rip and Tear\n|-singleturn|p1b: Rip and Tear|move: Protect\n|move|p2a: Whimsicott|Dazzling Gleam|p1b: Rip and Tear|[spread] p1a\n|-activate|p1b: Rip and Tear|move: Protect\n|-damage|p1a: Khonshu|88/100\n|\n|-heal|p2b: Incineroar|66/100|[from] item: Leftovers\n|-heal|p1a: Khonshu|94/100|[from] item: Leftovers\n|upkeep\n|turn|7\n|\n|t:|1776355000\n|move|p2a: Whimsicott|Dazzling Gleam|p1a: Khonshu|[spread] p1a,p1b\n|-crit|p1a: Khonshu\n|-supereffective|p1b: Rip and Tear|1\n|-crit|p1b: Rip and Tear\n|-damage|p1a: Khonshu|75/100\n|-damage|p1b: Rip and Tear|36/100\n|move|p2b: Incineroar|Throat Chop|p1a: Khonshu\n|-supereffective|p1a: Khonshu|1\n|-damage|p1a: Khonshu|13/100\n|-start|p1a: Khonshu|Throat Chop|[silent]\n|-activate|p1a: Khonshu|ability: Mummy|p2b: Incineroar|[ability] Intimidate\n|move|p1b: Rip and Tear|Iron Defense|p1b: Rip and Tear\n|-boost|p1b: Rip and Tear|def|2\n|move|p1a: Khonshu|Trick Room|p1a: Khonshu\n|-fieldstart|move: Trick Room|[of] p1a: Khonshu\n|\n|-heal|p1a: Khonshu|19/100|[from] item: Leftovers\n|-heal|p2b: Incineroar|72/100|[from] item: Leftovers\n|upkeep\n|turn|8\n|\n|t:|1776355022\n|switch|p1a: Escargoon|Goodra-Hisui, L50, M|58/100\n|switch|p2b: Golurk|Golurk-Mega, L50|100/100\n|move|p1b: Rip and Tear|Spiky Shield|p1b: Rip and Tear\n|-singleturn|p1b: Rip and Tear|move: Protect\n|move|p2a: Whimsicott|Dazzling Gleam|p1b: Rip and Tear|[spread] p1a\n|-activate|p1b: Rip and Tear|move: Protect\n|-damage|p1a: Escargoon|48/100\n|\n|upkeep\n|turn|9\n|\n|t:|1776355042\n|switch|p2a: Aerodactyl|Aerodactyl, L50, M|64/100 brn\n|-ability|p2a: Aerodactyl|Unnerve\n|move|p2b: Golurk|Protect|p2b: Golurk\n|-singleturn|p2b: Golurk|Protect\n|move|p1b: Rip and Tear|Knock Off|p2b: Golurk\n|-activate|p2b: Golurk|move: Protect\n|move|p1a: Escargoon|Life Dew|p1a: Escargoon|[spread] p1a,p1b\n|-heal|p1a: Escargoon|73/100\n|-heal|p1b: Rip and Tear|61/100\n|\n|-damage|p2a: Aerodactyl|58/100 brn|[from] brn\n|upkeep\n|turn|10\n|\n|t:|1776355073\n|switch|p2b: Incineroar|Incineroar, L50, M|72/100\n|-ability|p2b: Incineroar|Intimidate|boost\n|-unboost|p1a: Escargoon|atk|1\n|-unboost|p1b: Rip and Tear|atk|1\n|move|p1b: Rip and Tear|Spiky Shield|p1b: Rip and Tear\n|-singleturn|p1b: Rip and Tear|move: Protect\n|move|p1a: Escargoon|Flash Cannon|p2a: Aerodactyl\n|-supereffective|p2a: Aerodactyl|1\n|-damage|p2a: Aerodactyl|0 fnt\n|faint|p2a: Aerodactyl\n|\n|-heal|p2b: Incineroar|78/100|[from] item: Leftovers\n|upkeep\n|\n|t:|1776355088\n|switch|p2a: Golurk|Golurk-Mega, L50|100/100\n|turn|11\n|\n|t:|1776355101\n|move|p2a: Golurk|Protect|p2a: Golurk\n|-singleturn|p2a: Golurk|Protect\n|move|p2b: Incineroar|Fake Out|p1b: Rip and Tear\n|-damage|p1b: Rip and Tear|58/100\n|cant|p1b: Rip and Tear|flinch\n|move|p1a: Escargoon|Life Dew|p1a: Escargoon|[spread] p1a,p1b\n|-heal|p1a: Escargoon|98/100\n|-heal|p1b: Rip and Tear|83/100\n|\n|-heal|p2b: Incineroar|84/100|[from] item: Leftovers\n|-fieldend|move: Trick Room\n|upkeep\n|turn|12\n|\n|t:|1776355130\n|move|p2a: Golurk|High Horsepower|p1a: Escargoon\n|-supereffective|p1a: Escargoon|1\n|-damage|p1a: Escargoon|0 fnt\n|faint|p1a: Escargoon\n|move|p2b: Incineroar|Flare Blitz|p1b: Rip and Tear\n|-supereffective|p1b: Rip and Tear|1\n|-damage|p1b: Rip and Tear|61/100\n|-damage|p2b: Incineroar|78/100|[from] Recoil\n|move|p1b: Rip and Tear|Body Press|p2b: Incineroar\n|-supereffective|p2b: Incineroar|1\n|-damage|p2b: Incineroar|0 fnt\n|faint|p2b: Incineroar\n|\n|upkeep\n|\n|t:|1776355141\n|switch|p2b: Whimsicott|Whimsicott, L50, M|100/100\n|switch|p1a: Khonshu|Cofagrigus, L50, M|19/100\n|turn|13\n|\n|t:|1776355172\n|move|p2b: Whimsicott|Dazzling Gleam|p1b: Rip and Tear|[spread] p1a,p1b\n|-supereffective|p1b: Rip and Tear|1\n|-damage|p1a: Khonshu|7/100\n|-damage|p1b: Rip and Tear|34/100\n|move|p2a: Golurk|High Horsepower|p1a: Khonshu\n|-crit|p1a: Khonshu\n|-damage|p1a: Khonshu|0 fnt\n|-activate|p1a: Khonshu|ability: Mummy|p2a: Golurk|[ability] Unseen Fist\n|faint|p1a: Khonshu\n|move|p1b: Rip and Tear|Body Press|p2b: Whimsicott\n|-resisted|p2b: Whimsicott|1\n|-crit|p2b: Whimsicott\n|-damage|p2b: Whimsicott|0 fnt\n|faint|p2b: Whimsicott\n|\n|upkeep\n|turn|14\n|\n|t:|1776355193\n|move|p2a: Golurk|Poltergeist|p1b: Rip and Tear\n|-activate|p1b: Rip and Tear|move: Poltergeist|Chesnaughtite\n|-damage|p1b: Rip and Tear|21/100\n|move|p1b: Rip and Tear|Knock Off|p2a: Golurk\n|-supereffective|p2a: Golurk|1\n|-damage|p2a: Golurk|80/100\n|-activate|p2a: Golurk|ability: Mummy|p1b: Rip and Tear|[ability] Bulletproof\n|\n|upkeep\n|turn|15\n|\n|t:|1776355204\n|move|p1b: Rip and Tear|Spiky Shield|p1b: Rip and Tear\n|-singleturn|p1b: Rip and Tear|move: Protect\n|move|p2a: Golurk|Poltergeist|p1b: Rip and Tear\n|-activate|p1b: Rip and Tear|move: Protect\n|\n|upkeep\n|turn|16\n|\n|t:|1776355212\n|move|p2a: Golurk|Poltergeist|p1b: Rip and Tear\n|-activate|p1b: Rip and Tear|move: Poltergeist|Chesnaughtite\n|-damage|p1b: Rip and Tear|8/100\n|move|p1b: Rip and Tear|Knock Off|p2a: Golurk\n|-supereffective|p2a: Golurk|1\n|-damage|p2a: Golurk|58/100\n|\n|upkeep\n|turn|17\n|\n|t:|1776355220\n|move|p1b: Rip and Tear|Spiky Shield|p1b: Rip and Tear\n|-singleturn|p1b: Rip and Tear|move: Protect\n|move|p2a: Golurk|Poltergeist|p1b: Rip and Tear\n|-activate|p1b: Rip and Tear|move: Protect\n|\n|upkeep\n|turn|18\n|\n|t:|1776355228\n|move|p2a: Golurk|High Horsepower|p1b: Rip and Tear|[miss]\n|-miss|p2a: Golurk|p1b: Rip and Tear\n|move|p1b: Rip and Tear|Knock Off|p2a: Golurk\n|-supereffective|p2a: Golurk|1\n|-damage|p2a: Golurk|39/100\n|\n|upkeep\n|turn|19\n|\n|t:|1776355240\n|move|p1b: Rip and Tear|Spiky Shield|p1b: Rip and Tear\n|-singleturn|p1b: Rip and Tear|move: Protect\n|move|p2a: Golurk|Poltergeist|p1b: Rip and Tear\n|-activate|p1b: Rip and Tear|move: Protect\n|\n|upkeep\n|turn|20\n|\n|t:|1776355249\n|move|p2a: Golurk|Poltergeist|p1b: Rip and Tear\n|-activate|p1b: Rip and Tear|move: Poltergeist|Chesnaughtite\n|-damage|p1b: Rip and Tear|0 fnt\n|faint|p1b: Rip and Tear\n|\n|win|Dlinkoto\n|raw|EEG 007's rating: 1008 &rarr; <strong>1000</strong><br />(-8 for losing)\n|raw|Dlinkoto's rating: 1054 &rarr; <strong>1082</strong><br />(+28 for winning)\n|l|\u2606EEG 007\n|player|p1|\n",
  "uploadtime": 1776355257,
  "views": 41,
  "formatid": "gen9championsvgc2026regma",
  "rating": 1000,
  "private": 0,
  "password": null
}