{
  "id": "gen9championsvgc2026regma-2588511480",
  "format": "[Gen 9 Champions] VGC 2026 Reg M-A",
  "players": [
    "csr not honse",
    "Ongalabong"
  ],
  "log": "|j|\u2606csr not honse\n|j|\u2606Ongalabong\n|t:|1776640263\n|gametype|doubles\n|player|p1|csr not honse|blackbelt-gen4dp|\n|player|p2|Ongalabong|benga|\n|gen|9\n|tier|[Gen 9 Champions] VGC 2026 Reg M-A\n|rated|Tournament battle\n|rule|Species Clause: Limit one of each Pok\u00e9mon\n|rule|Item Clause: Limit 1 of each item\n|clearpoke\n|poke|p1|Gengar, L50, F, shiny|\n|poke|p1|Whimsicott, L50, M, shiny|\n|poke|p1|Kommo-o, L50, M, shiny|\n|poke|p1|Incineroar, L50, M, shiny|\n|poke|p1|Kingambit, L50, M, shiny|\n|poke|p1|Politoed, L50, F|\n|poke|p2|Drampa, L50, F|\n|poke|p2|Farigiraf, L50, M|\n|poke|p2|Torkoal, L50, M|\n|poke|p2|Venusaur, L50, F|\n|poke|p2|Kangaskhan, L50, F|\n|poke|p2|Sneasler, L50, F|\n|teampreview|4\n|inactive|Battle timer is ON: inactive players will automatically lose when time's up. (requested by csr not honse)\n|j| nivek55\n|j| EsteemedRat\n|j|@Radio Free C-Side\n|inactive|csr not honse has 60 seconds left.\n|inactive|Ongalabong has 60 seconds left.\n|c|\u2606Ongalabong|i did not think about my gengar mu\n|j| carrielis\n|c|\u2606Ongalabong|glhf\n|c|\u2606csr not honse|gl\n|inactive|Ongalabong has 30 seconds left.\n|inactive|Ongalabong has 20 seconds left.\n|inactive|Ongalabong has 15 seconds left.\n|inactive|Ongalabong has 10 seconds left.\n|j| bl00dm4fia banker\n|\n|t:|1776640346\n|teamsize|p1|4\n|teamsize|p2|4\n|start\n|switch|p1a: Gengar|Gengar, L50, F, shiny|100/100\n|switch|p1b: Kingambit|Kingambit, L50, M, shiny|100/100\n|switch|p2a: Farigiraf|Farigiraf, L50, M|100/100\n|switch|p2b: Sneasler|Sneasler, L50, F|100/100\n|turn|1\n|inactive|csr not honse has 30 seconds left.\n|\n|t:|1776640378\n|switch|p2b: Torkoal|Torkoal, L50, M|100/100\n|-weather|SunnyDay|[from] ability: Drought|[of] p2b: Torkoal\n|detailschange|p1a: Gengar|Gengar-Mega, L50, F, shiny\n|-mega|p1a: Gengar|Gengar|Gengarite\n|move|p1b: Kingambit|Protect|p1b: Kingambit\n|-singleturn|p1b: Kingambit|Protect\n|move|p1a: Gengar|Shadow Ball|p2b: Torkoal\n|-damage|p2b: Torkoal|42/100\n|move|p2a: Farigiraf|Trick Room|p2a: Farigiraf\n|-fieldstart|move: Trick Room|[of] p2a: Farigiraf\n|\n|-weather|SunnyDay|[upkeep]\n|upkeep\n|turn|2\n|\n|t:|1776640398\n|switch|p1b: Politoed|Politoed, L50, F|100/100\n|-weather|RainDance|[from] ability: Drizzle|[of] p1b: Politoed\n|move|p1a: Gengar|Protect|p1a: Gengar\n|-singleturn|p1a: Gengar|Protect\n|move|p2b: Torkoal|Weather Ball|p1b: Politoed\n|-resisted|p1b: Politoed|1\n|-damage|p1b: Politoed|83/100\n|move|p2a: Farigiraf|Psychic|p1a: Gengar\n|-activate|p1a: Gengar|move: Protect\n|\n|-weather|RainDance|[upkeep]\n|-heal|p1b: Politoed|89/100|[from] item: Leftovers\n|upkeep\n|turn|3\n|inactive|Ongalabong has 30 seconds left.\n|inactive|csr not honse has 30 seconds left.\n|\n|t:|1776640436\n|switch|p1a: Kingambit|Kingambit, L50, M, shiny|100/100\n|move|p2b: Torkoal|Weather Ball|p1a: Kingambit\n|-damage|p1a: Kingambit|59/100\n|move|p2a: Farigiraf|Psychic|p1a: Kingambit\n|-immune|p1a: Kingambit\n|move|p1b: Politoed|Weather Ball|p2b: Torkoal\n|-supereffective|p2b: Torkoal|1\n|-damage|p2b: Torkoal|0 fnt\n|faint|p2b: Torkoal\n|\n|-weather|RainDance|[upkeep]\n|-heal|p1b: Politoed|95/100|[from] item: Leftovers\n|upkeep\n|\n|t:|1776640438\n|switch|p2b: Drampa|Drampa, L50, F|100/100\n|turn|4\n|c|\u2606Ongalabong|i knew king would switch in\n|c|\u2606Ongalabong|im so dumb\n|l| bl00dm4fia banker\n|\n|t:|1776640461\n|detailschange|p2b: Drampa|Drampa-Mega, L50, F\n|-mega|p2b: Drampa|Drampa|Drampanite\n|move|p2b: Drampa|Hyper Voice|p1b: Politoed|[spread] p1a,p1b\n|-resisted|p1a: Kingambit|1\n|-damage|p1a: Kingambit|36/100\n|-damage|p1b: Politoed|52/100\n|move|p2a: Farigiraf|Hyper Voice|p1b: Politoed|[spread] p1a,p1b\n|-resisted|p1a: Kingambit|1\n|-damage|p1a: Kingambit|23/100\n|-damage|p1b: Politoed|28/100\n|move|p1a: Kingambit|Kowtow Cleave|p2a: Farigiraf\n|-supereffective|p2a: Farigiraf|1\n|-enditem|p2a: Farigiraf|Colbur Berry|[eat]\n|-enditem|p2a: Farigiraf|Colbur Berry|[weaken]\n|-damage|p2a: Farigiraf|46/100\n|move|p1b: Politoed|Ice Beam|p2b: Drampa\n|-supereffective|p2b: Drampa|1\n|-damage|p2b: Drampa|66/100\n|\n|-weather|RainDance|[upkeep]\n|-heal|p1b: Politoed|34/100|[from] item: Leftovers\n|upkeep\n|turn|5\n|j| Preschooler Mia\n|inactive|csr not honse has 30 seconds left.\n|l| nivek55\n|inactive|Ongalabong has 30 seconds left.\n|inactive|csr not honse has 20 seconds left.\n|inactive|csr not honse has 15 seconds left.\n|\n|t:|1776640504\n|switch|p2a: Sneasler|Sneasler, L50, F|100/100\n|move|p1a: Kingambit|Protect|p1a: Kingambit\n|-singleturn|p1a: Kingambit|Protect\n|move|p2b: Drampa|Hyper Voice|p1b: Politoed|[spread] p1b\n|-activate|p1a: Kingambit|move: Protect\n|-damage|p1b: Politoed|0 fnt\n|faint|p1b: Politoed\n|\n|-weather|RainDance|[upkeep]\n|-fieldend|move: Trick Room\n|upkeep\n|\n|t:|1776640514\n|switch|p1b: Incineroar|Incineroar, L50, M, shiny|100/100\n|-ability|p1b: Incineroar|Intimidate|boost\n|-unboost|p2a: Sneasler|atk|1\n|-unboost|p2b: Drampa|atk|1\n|-enditem|p2a: Sneasler|White Herb\n|-clearnegativeboost|p2a: Sneasler|[silent]\n|turn|6\n|inactive|csr not honse has 30 seconds left.\n|\n|t:|1776640545\n|move|p1b: Incineroar|Fake Out|p2a: Sneasler\n|-damage|p2a: Sneasler|81/100\n|cant|p2a: Sneasler|flinch\n|move|p1a: Kingambit|Kowtow Cleave|p2b: Drampa\n|-damage|p2b: Drampa|10/100\n|-ability|p2b: Drampa|Berserk|boost\n|-boost|p2b: Drampa|spa|1\n|move|p2b: Drampa|Heat Wave|p1b: Incineroar|[spread] p1a,p1b\n|-supereffective|p1a: Kingambit|1\n|-resisted|p1b: Incineroar|1\n|-damage|p1a: Kingambit|0 fnt\n|-damage|p1b: Incineroar|91/100\n|faint|p1a: Kingambit\n|\n|-weather|none\n|upkeep\n|j| nivek55\n|\n|t:|1776640556\n|switch|p1a: Gengar|Gengar-Mega, L50, F, shiny|100/100\n|turn|7\n|inactive|csr not honse has 30 seconds left.\n|l| carrielis\n|j| carrielis\n|inactive|csr not honse has 20 seconds left.\n|inactive|csr not honse has 15 seconds left.\n|\n|t:|1776640599\n|move|p2a: Sneasler|Close Combat|p1b: Incineroar\n|-supereffective|p1b: Incineroar|1\n|-damage|p1b: Incineroar|0 fnt\n|-unboost|p2a: Sneasler|def|1\n|-unboost|p2a: Sneasler|spd|1\n|faint|p1b: Incineroar\n|move|p1a: Gengar|Sludge Bomb|p2b: Drampa\n|-damage|p2b: Drampa|0 fnt\n|faint|p2b: Drampa\n|\n|upkeep\n|\n|t:|1776640606\n|switch|p2b: Farigiraf|Farigiraf, L50, M|46/100\n|turn|8\n|\n|t:|1776640611\n|move|p2a: Sneasler|Dire Claw|p1a: Gengar\n|-resisted|p1a: Gengar|2\n|-damage|p1a: Gengar|86/100\n|move|p1a: Gengar|Sludge Bomb|p2b: Farigiraf\n|-damage|p2b: Farigiraf|4/100\n|move|p2b: Farigiraf|Psychic|p1a: Gengar\n|-supereffective|p1a: Gengar|1\n|-damage|p1a: Gengar|4/100\n|-unboost|p1a: Gengar|spd|1\n|\n|upkeep\n|turn|9\n|c|\u2606csr not honse|oof\n|c|\u2606csr not honse|gg\n|c|\u2606Ongalabong|gg\n|j|@Borghi\n|\n|t:|1776640625\n|move|p2a: Sneasler|Dire Claw|p1a: Gengar\n|-resisted|p1a: Gengar|2\n|-crit|p1a: Gengar\n|-damage|p1a: Gengar|0 fnt\n|faint|p1a: Gengar\n|\n|win|Ongalabong\n|n|\u2606csr not honse|csrnothonse\n|n|\u2606Ongalabong|ongalabong\n|n| EsteemedRat|esteemedrat\n|n|+Radio Free C-Side|radiofreecside\n|n| Preschooler Mia|preschoolermia\n|n| nivek55|nivek55\n|n| carrielis|carrielis\n|n| Borghi|borghi\n|c| carrielis|Gengar might br a bum\n|l| Borghi\n|l| nivek55\n|l|+Radio Free C-Side\n|l|\u2606csr not honse\n|player|p1|\n|j| oiled rodent\n|l| oiled rodent\n|l| EsteemedRat\n|l| Preschooler Mia\n|l| carrielis\n",
  "uploadtime": 1776640625,
  "views": 7,
  "formatid": "gen9championsvgc2026regma",
  "rating": null,
  "private": 0,
  "password": null
}