{
  "id": "gen9championsvgc2026regma-2585614683",
  "format": "[Gen 9 Champions] VGC 2026 Reg M-A",
  "players": [
    "Fulomatic",
    "rocci"
  ],
  "log": "|j|\u2606Fulomatic\n|j|\u2606rocci\n|t:|1776359007\n|gametype|doubles\n|player|p1|Fulomatic|cheren|1149\n|player|p2|rocci|beauty-gen4dp|1216\n|gen|9\n|tier|[Gen 9 Champions] VGC 2026 Reg M-A\n|rated|\n|rule|Species Clause: Limit one of each Pok\u00e9mon\n|rule|Item Clause: Limit 1 of each item\n|clearpoke\n|poke|p1|Tyranitar, L50, F|\n|poke|p1|Excadrill, L50, F|\n|poke|p1|Sylveon, L50, M|\n|poke|p1|Garchomp, L50, F|\n|poke|p1|Orthworm, L50, M|\n|poke|p1|Talonflame, L50, F|\n|poke|p2|Sylveon, L50, M|\n|poke|p2|Slowbro, L50, M|\n|poke|p2|Tyranitar, L50, F|\n|poke|p2|Farigiraf, L50, F|\n|poke|p2|Clefable, L50, F|\n|poke|p2|Conkeldurr, L50, F|\n|teampreview|4\n|\n|t:|1776359059\n|teamsize|p1|4\n|teamsize|p2|4\n|start\n|switch|p1a: Orthworm|Orthworm, L50, M|100/100\n|switch|p1b: Garchomp|Garchomp, L50, F|100/100\n|switch|p2a: Slowbro|Slowbro, L50, M|100/100\n|switch|p2b: Conkeldurr|Conkeldurr, L50, F|100/100\n|turn|1\n|\n|t:|1776359080\n|move|p2b: Conkeldurr|Wide Guard|p2b: Conkeldurr\n|-singleturn|p2b: Conkeldurr|Wide Guard\n|move|p1b: Garchomp|Stone Edge|p2a: Slowbro\n|-damage|p2a: Slowbro|80/100\n|move|p1a: Orthworm|Iron Defense|p1a: Orthworm\n|-boost|p1a: Orthworm|def|2\n|move|p2a: Slowbro|Trick Room|p2a: Slowbro\n|-fieldstart|move: Trick Room|[of] p2a: Slowbro\n|\n|upkeep\n|turn|2\n|\n|t:|1776359108\n|detailschange|p2a: Slowbro|Slowbro-Mega, L50, M\n|-mega|p2a: Slowbro|Slowbro|Slowbronite\n|move|p2a: Slowbro|Scald|p1a: Orthworm\n|-damage|p1a: Orthworm|48/100\n|-enditem|p1a: Orthworm|Sitrus Berry|[eat]\n|-heal|p1a: Orthworm|73/100|[from] item: Sitrus Berry\n|move|p2b: Conkeldurr|Drain Punch|p1a: Orthworm\n|-supereffective|p1a: Orthworm|1\n|-damage|p1a: Orthworm|39/100\n|move|p1a: Orthworm|Body Slam|p2b: Conkeldurr\n|-damage|p2b: Conkeldurr|84/100\n|move|p1b: Garchomp|Dragon Claw|p2a: Slowbro\n|-damage|p2a: Slowbro|64/100\n|\n|upkeep\n|turn|3\n|\n|t:|1776359141\n|move|p1a: Orthworm|Protect|p1a: Orthworm\n|-singleturn|p1a: Orthworm|Protect\n|move|p2b: Conkeldurr|Wide Guard|p2b: Conkeldurr\n|-singleturn|p2b: Conkeldurr|Wide Guard\n|move|p2a: Slowbro|Scald|p1a: Orthworm\n|-activate|p1a: Orthworm|move: Protect\n|move|p1b: Garchomp|Earthquake|p2b: Conkeldurr|[spread] \n|-activate|p2a: Slowbro|move: Wide Guard\n|-activate|p2b: Conkeldurr|move: Wide Guard\n|-activate|p1a: Orthworm|move: Protect\n|\n|upkeep\n|turn|4\n|\n|t:|1776359176\n|move|p2a: Slowbro|Scald|p1b: Garchomp\n|-damage|p1b: Garchomp|67/100\n|move|p2b: Conkeldurr|Drain Punch|p1b: Garchomp\n|-damage|p1b: Garchomp|29/100\n|-heal|p2b: Conkeldurr|100/100|[from] drain|[of] p1b: Garchomp\n|move|p1a: Orthworm|Body Slam|p2a: Slowbro\n|-damage|p2a: Slowbro|57/100\n|-status|p2a: Slowbro|par\n|move|p1b: Garchomp|Earthquake|p2b: Conkeldurr|[spread] p2a,p2b\n|-heal|p1a: Orthworm|64/100|[from] ability: Earth Eater|[of] p1b: Garchomp\n|-damage|p2a: Slowbro|40/100 par\n|-damage|p2b: Conkeldurr|60/100\n|\n|-heal|p1b: Garchomp|35/100|[from] item: Leftovers\n|upkeep\n|turn|5\n|\n|t:|1776359198\n|move|p2a: Slowbro|Slack Off|p2a: Slowbro\n|-heal|p2a: Slowbro|90/100 par\n|move|p2b: Conkeldurr|Drain Punch|p1b: Garchomp\n|-damage|p1b: Garchomp|0 fnt\n|-heal|p2b: Conkeldurr|80/100|[from] drain|[of] p1b: Garchomp\n|faint|p1b: Garchomp\n|move|p1a: Orthworm|Shed Tail|p1a: Orthworm\n|-start|p1a: Orthworm|Substitute|[from] move: Shed Tail\n|-damage|p1a: Orthworm|13/100\n|\n|t:|1776359207\n|switch|p1a: Tyranitar|Tyranitar, L50, F|100/100|[from] Shed Tail\n|-weather|Sandstorm|[from] ability: Sand Stream|[of] p1a: Tyranitar\n|\n|-weather|Sandstorm|[upkeep]\n|-damage|p2a: Slowbro|84/100 par|[from] Sandstorm\n|-damage|p2b: Conkeldurr|74/100|[from] Sandstorm\n|-fieldend|move: Trick Room\n|upkeep\n|\n|t:|1776359215\n|switch|p1b: Excadrill|Excadrill, L50, F|100/100\n|turn|6\n|\n|t:|1776359229\n|move|p2b: Conkeldurr|Wide Guard|p2b: Conkeldurr\n|-singleturn|p2b: Conkeldurr|Wide Guard\n|move|p1b: Excadrill|Earthquake|p2a: Slowbro|[spread] p1a\n|-activate|p2a: Slowbro|move: Wide Guard\n|-activate|p2b: Conkeldurr|move: Wide Guard\n|-supereffective|p1a: Tyranitar|1\n|-end|p1a: Tyranitar|Substitute\n|move|p1a: Tyranitar|Dragon Dance|p1a: Tyranitar\n|-boost|p1a: Tyranitar|atk|1\n|-boost|p1a: Tyranitar|spe|1\n|move|p2a: Slowbro|Trick Room|p2a: Slowbro\n|-fieldstart|move: Trick Room|[of] p2a: Slowbro\n|\n|-weather|Sandstorm|[upkeep]\n|-damage|p2a: Slowbro|78/100 par|[from] Sandstorm\n|-damage|p2b: Conkeldurr|68/100|[from] Sandstorm\n|upkeep\n|turn|7\n|\n|t:|1776359247\n|move|p1b: Excadrill|Protect|p1b: Excadrill\n|-singleturn|p1b: Excadrill|Protect\n|move|p2a: Slowbro|Scald|p1b: Excadrill\n|-activate|p1b: Excadrill|move: Protect\n|move|p2b: Conkeldurr|Drain Punch|p1a: Tyranitar\n|-supereffective|p1a: Tyranitar|2\n|-damage|p1a: Tyranitar|0 fnt\n|-heal|p2b: Conkeldurr|100/100|[from] drain|[of] p1a: Tyranitar\n|faint|p1a: Tyranitar\n|\n|-weather|Sandstorm|[upkeep]\n|-damage|p2a: Slowbro|72/100 par|[from] Sandstorm\n|-damage|p2b: Conkeldurr|95/100|[from] Sandstorm\n|upkeep\n|\n|t:|1776359259\n|switch|p1a: Orthworm|Orthworm, L50, M|13/100\n|turn|8\n|\n|t:|1776359270\n|cant|p2a: Slowbro|par\n|move|p2b: Conkeldurr|Drain Punch|p1b: Excadrill\n|-supereffective|p1b: Excadrill|1\n|-enditem|p1b: Excadrill|Focus Sash\n|-damage|p1b: Excadrill|1/100\n|-heal|p2b: Conkeldurr|100/100|[from] drain|[of] p1b: Excadrill\n|move|p1a: Orthworm|Body Slam|p2a: Slowbro\n|-damage|p2a: Slowbro|64/100 par\n|move|p1b: Excadrill|Earthquake|p2b: Conkeldurr|[spread] p2a,p2b\n|-heal|p1a: Orthworm|38/100|[from] ability: Earth Eater|[of] p1b: Excadrill\n|-damage|p2a: Slowbro|48/100 par\n|-damage|p2b: Conkeldurr|61/100\n|\n|-weather|Sandstorm|[upkeep]\n|-damage|p2a: Slowbro|42/100 par|[from] Sandstorm\n|-damage|p2b: Conkeldurr|55/100|[from] Sandstorm\n|upkeep\n|turn|9\n|\n|t:|1776359302\n|move|p2a: Slowbro|Scald|p1a: Orthworm\n|-damage|p1a: Orthworm|0 fnt\n|faint|p1a: Orthworm\n|move|p2b: Conkeldurr|Drain Punch|p1b: Excadrill\n|-supereffective|p1b: Excadrill|1\n|-damage|p1b: Excadrill|0 fnt\n|-heal|p2b: Conkeldurr|55/100|[from] drain|[of] p1b: Excadrill\n|faint|p1b: Excadrill\n|\n|win|rocci\n|raw|Fulomatic's rating: 1149 &rarr; <strong>1129</strong><br />(-20 for losing)\n|raw|rocci's rating: 1216 &rarr; <strong>1236</strong><br />(+20 for winning)\n",
  "uploadtime": 1776359305,
  "views": 36,
  "formatid": "gen9championsvgc2026regma",
  "rating": 1129,
  "private": 0,
  "password": null
}