{
  "id": "gen9championsvgc2026regma-2588152650",
  "format": "[Gen 9 Champions] VGC 2026 Reg M-A",
  "players": [
    "Xernos123",
    "Ibbynj99"
  ],
  "log": "|j|\u2606Xernos123\n|j|\u2606Ibbynj99\n|t:|1776609558\n|gametype|doubles\n|player|p1|Xernos123|2|1043\n|player|p2|Ibbynj99|101|1082\n|gen|9\n|tier|[Gen 9 Champions] VGC 2026 Reg M-A\n|rated|\n|rule|Species Clause: Limit one of each Pok\u00e9mon\n|rule|Item Clause: Limit 1 of each item\n|clearpoke\n|poke|p1|Farigiraf, L50, F|\n|poke|p1|Mimikyu, L50, M|\n|poke|p1|Drampa, L50, M|\n|poke|p1|Kingambit, L50, M|\n|poke|p1|Crabominable, L50, F|\n|poke|p1|Chesnaught, L50, M|\n|poke|p2|Victreebel, L50, M|\n|poke|p2|Corviknight, L50, F|\n|poke|p2|Whimsicott, L50, F|\n|poke|p2|Tauros-Paldea-Aqua, L50, M|\n|poke|p2|Ninetales-Alola, L50, F|\n|poke|p2|Torkoal, L50, M|\n|teampreview|4\n|inactive|Battle timer is ON: inactive players will automatically lose when time's up. (requested by Xernos123)\nXernos123 rejected open team sheets.\n|inactive|Ibbynj99 has 60 seconds left.\n|\n|t:|1776609594\n|teamsize|p1|4\n|teamsize|p2|4\n|start\n|switch|p1a: Farigiraf|Farigiraf, L50, F|100/100\n|switch|p1b: Drampa|Drampa, L50, M|100/100\n|switch|p2a: Victreebel|Victreebel, L50, M|100/100\n|switch|p2b: Tauros|Tauros-Paldea-Aqua, L50, M|100/100\n|-ability|p2b: Tauros|Intimidate|boost\n|-unboost|p1a: Farigiraf|atk|1\n|-unboost|p1b: Drampa|atk|1\n|turn|1\n|\n|t:|1776609609\n|switch|p2b: Torkoal|Torkoal, L50, M|100/100\n|-weather|SunnyDay|[from] ability: Drought|[of] p2b: Torkoal\n|detailschange|p2a: Victreebel|Victreebel-Mega, L50, M\n|-mega|p2a: Victreebel|Victreebel|Victreebelite\n|detailschange|p1b: Drampa|Drampa-Mega, L50, M\n|-mega|p1b: Drampa|Drampa|Drampanite\n|move|p2a: Victreebel|Acid Spray|p1b: Drampa\n|-damage|p1b: Drampa|81/100\n|-unboost|p1b: Drampa|spd|2\n|move|p1b: Drampa|Roost|p1b: Drampa\n|-heal|p1b: Drampa|100/100\n|-singleturn|p1b: Drampa|move: Roost\n|move|p1a: Farigiraf|Trick Room|p1a: Farigiraf\n|-fieldstart|move: Trick Room|[of] p1a: Farigiraf\n|\n|-weather|SunnyDay|[upkeep]\n|upkeep\n|turn|2\n|inactive|Ibbynj99 has 30 seconds left.\n|\n|t:|1776609649\n|move|p2b: Torkoal|Eruption|p1b: Drampa|[spread] p1a,p1b\n|-resisted|p1b: Drampa|1\n|-damage|p1a: Farigiraf|28/100\n|-damage|p1b: Drampa|38/100\n|-ability|p1b: Drampa|Berserk|boost\n|-boost|p1b: Drampa|spa|1\n|move|p1b: Drampa|Draco Meteor|p2b: Torkoal\n|-damage|p2b: Torkoal|0 fnt\n|-unboost|p1b: Drampa|spa|2\n|faint|p2b: Torkoal\n|move|p1a: Farigiraf|Twin Beam|p2a: Victreebel\n|-supereffective|p2a: Victreebel|1\n|-damage|p2a: Victreebel|68/100\n|-supereffective|p2a: Victreebel|1\n|-damage|p2a: Victreebel|40/100\n|-hitcount|p2a: Victreebel|2\n|move|p2a: Victreebel|Acid Spray|p1a: Farigiraf\n|-damage|p1a: Farigiraf|6/100\n|-unboost|p1a: Farigiraf|spd|2\n|\n|-weather|SunnyDay|[upkeep]\n|upkeep\n|\n|t:|1776609662\n|switch|p2b: Tauros|Tauros-Paldea-Aqua, L50, M|100/100\n|-ability|p2b: Tauros|Intimidate|boost\n|-unboost|p1a: Farigiraf|atk|1\n|-unboost|p1b: Drampa|atk|1\n|turn|3\n|\n|t:|1776609672\n|move|p1a: Farigiraf|Helping Hand|p1b: Drampa\n|-singleturn|p1b: Drampa|Helping Hand|[of] p1a: Farigiraf\n|move|p2b: Tauros|Protect|p2b: Tauros\n|-singleturn|p2b: Tauros|Protect\n|move|p1b: Drampa|Hyper Voice|p2a: Victreebel|[spread] p2a\n|-activate|p2b: Tauros|move: Protect\n|-damage|p2a: Victreebel|0 fnt\n|-damage|p1b: Drampa|0 fnt|[from] ability: Innards Out|[of] p2a: Victreebel\n|faint|p2a: Victreebel\n|faint|p1b: Drampa\n|\n|-weather|SunnyDay|[upkeep]\n|upkeep\n|\n|t:|1776609687\n|switch|p1b: Kingambit|Kingambit, L50, M|100/100\n|switch|p2a: Ninetales|Ninetales-Alola, L50, F|100/100\n|-weather|Snowscape|[from] ability: Snow Warning|[of] p2a: Ninetales\n|turn|4\n|\n|t:|1776609700\n|move|p2b: Tauros|Aqua Jet||[still]\n|cant|p1a: Farigiraf|ability: Armor Tail|Aqua Jet|[of] p2b: Tauros\n|move|p1b: Kingambit|Iron Head|p2a: Ninetales\n|-supereffective|p2a: Ninetales|2\n|-damage|p2a: Ninetales|0 fnt\n|faint|p2a: Ninetales\n|move|p1a: Farigiraf|Twin Beam|p2b: Tauros\n|-supereffective|p2b: Tauros|1\n|-damage|p2b: Tauros|60/100\n|-supereffective|p2b: Tauros|1\n|-damage|p2b: Tauros|21/100\n|-hitcount|p2b: Tauros|2\n|\n|-weather|Snowscape|[upkeep]\n|upkeep\n|turn|5\n|-message|Ibbynj99 forfeited.\n|\n|win|Xernos123\n|raw|Xernos123's rating: 1043 &rarr; <strong>1080</strong><br />(+37 for winning)\n|raw|Ibbynj99's rating: 1082 &rarr; <strong>1057</strong><br />(-25 for losing)\n|l|\u2606Ibbynj99\n|player|p2|\n",
  "uploadtime": 1776609708,
  "views": 6,
  "formatid": "gen9championsvgc2026regma",
  "rating": 1057,
  "private": 0,
  "password": null
}