{
  "id": "gen9championsvgc2026regma-2585692346",
  "format": "[Gen 9 Champions] VGC 2026 Reg M-A",
  "players": [
    "SpikeMike",
    "bakeposter"
  ],
  "log": "|j|\u2606SpikeMike\n|j|\u2606bakeposter\n|t:|1776364098\n|gametype|doubles\n|player|p1|SpikeMike|molayne|1241\n|player|p2|bakeposter|102|1238\n|gen|9\n|tier|[Gen 9 Champions] VGC 2026 Reg M-A\n|rated|\n|rule|Species Clause: Limit one of each Pok\u00e9mon\n|rule|Item Clause: Limit 1 of each item\n|clearpoke\n|poke|p1|Kangaskhan, L50, F|\n|poke|p1|Farigiraf, L50, M|\n|poke|p1|Basculegion, L50, M|\n|poke|p1|Talonflame, L50, F|\n|poke|p1|Sneasler, L50, F|\n|poke|p1|Charizard, L50, F|\n|poke|p2|Froslass, L50, F|\n|poke|p2|Incineroar, L50, M|\n|poke|p2|Garchomp, L50, F|\n|poke|p2|Maushold, L50|\n|poke|p2|Basculegion, L50, M|\n|poke|p2|Crabominable, L50, F|\n|teampreview|4\n|inactive|Battle timer is ON: inactive players will automatically lose when time's up. (requested by SpikeMike)\nbakeposter rejected open team sheets.\n|\n|t:|1776364127\n|teamsize|p1|4\n|teamsize|p2|4\n|start\n|switch|p1a: Kangaskhan|Kangaskhan, L50, F, shiny|100/100\n|switch|p1b: Ryoiki Tenkai|Farigiraf, L50, M, shiny|100/100\n|switch|p2a: Garchomp|Garchomp, L50, F|100/100\n|switch|p2b: Incineroar|Incineroar, L50, M|100/100\n|-ability|p2b: Incineroar|Intimidate|boost\n|-fail|p1a: Kangaskhan|unboost|Attack|[from] ability: Scrappy|[of] p1a: Kangaskhan\n|-unboost|p1b: Ryoiki Tenkai|atk|1\n|turn|1\n|\n|t:|1776364149\n|detailschange|p1a: Kangaskhan|Kangaskhan-Mega, L50, F, shiny\n|-mega|p1a: Kangaskhan|Kangaskhan|Kangaskhanite\n|move|p2a: Garchomp|Dragon Claw|p1b: Ryoiki Tenkai\n|-damage|p1b: Ryoiki Tenkai|57/100\n|move|p1a: Kangaskhan|Double-Edge|p2a: Garchomp\n|-damage|p2a: Garchomp|28/100\n|-damage|p1a: Kangaskhan|88/100|[from] ability: Rough Skin|[of] p2a: Garchomp\n|-crit|p2a: Garchomp\n|-damage|p2a: Garchomp|2/100\n|-damage|p1a: Kangaskhan|76/100|[from] ability: Rough Skin|[of] p2a: Garchomp\n|-hitcount|p2a: Garchomp|2\n|-damage|p1a: Kangaskhan|48/100|[from] Recoil\n|move|p2b: Incineroar|Darkest Lariat|p1b: Ryoiki Tenkai\n|-supereffective|p1b: Ryoiki Tenkai|1\n|-enditem|p1b: Ryoiki Tenkai|Colbur Berry|[eat]\n|-enditem|p1b: Ryoiki Tenkai|Colbur Berry|[weaken]\n|-damage|p1b: Ryoiki Tenkai|18/100\n|move|p1b: Ryoiki Tenkai|Trick Room|p1b: Ryoiki Tenkai\n|-fieldstart|move: Trick Room|[of] p1b: Ryoiki Tenkai\n|\n|upkeep\n|turn|2\n|\n|t:|1776364171\n|move|p2a: Garchomp|Protect|p2a: Garchomp\n|-singleturn|p2a: Garchomp|Protect\n|move|p1b: Ryoiki Tenkai|Hyper Voice|p2b: Incineroar|[spread] p2b\n|-activate|p2a: Garchomp|move: Protect\n|-damage|p2b: Incineroar|74/100\n|move|p2b: Incineroar|Darkest Lariat|p1b: Ryoiki Tenkai\n|-supereffective|p1b: Ryoiki Tenkai|1\n|-damage|p1b: Ryoiki Tenkai|0 fnt\n|faint|p1b: Ryoiki Tenkai\n|move|p1a: Kangaskhan|Hammer Arm|p2b: Incineroar\n|-supereffective|p2b: Incineroar|1\n|-crit|p2b: Incineroar\n|-damage|p2b: Incineroar|0 fnt\n|-unboost|p1a: Kangaskhan|spe|1\n|faint|p2b: Incineroar\n|-hitcount|p2: Incineroar|1\n|\n|upkeep\n|\n|t:|1776364190\n|switch|p1b: Basculegion|Basculegion, L50, M, shiny|100/100\n|switch|p2b: Basculegion|Basculegion, L50, M, shiny|100/100\n|turn|3\n|\n|t:|1776364204\n|move|p1a: Kangaskhan|Crunch|p2a: Garchomp\n|-damage|p2a: Garchomp|0 fnt\n|-damage|p1a: Kangaskhan|36/100|[from] ability: Rough Skin|[of] p2a: Garchomp\n|faint|p2a: Garchomp\n|-hitcount|p2: Garchomp|1\n|move|p1b: Basculegion|Last Respects|p2b: Basculegion\n|-supereffective|p2b: Basculegion|1\n|-damage|p2b: Basculegion|0 fnt\n|faint|p2b: Basculegion\n|\n|upkeep\n|\n|t:|1776364206\n|switch|p2b: Froslass|Froslass, L50, F|100/100\n|turn|4\n|\n|t:|1776364217\n|detailschange|p2b: Froslass|Froslass-Mega, L50, F\n|-mega|p2b: Froslass|Froslass|Froslassite\n|-weather|Snowscape|[from] ability: Snow Warning|[of] p2b: Froslass\n|move|p2b: Froslass|Protect|p2b: Froslass\n|-singleturn|p2b: Froslass|Protect\n|move|p1a: Kangaskhan|Crunch|p2b: Froslass\n|-activate|p2b: Froslass|move: Protect\n|move|p1b: Basculegion|Last Respects|p2b: Froslass\n|-activate|p2b: Froslass|move: Protect\n|\n|-weather|Snowscape|[upkeep]\n|upkeep\n|turn|5\n|\n|t:|1776364226\n|move|p2b: Froslass|Protect||[still]\n|-fail|p2b: Froslass\n|move|p1a: Kangaskhan|Crunch|p2b: Froslass\n|-supereffective|p2b: Froslass|1\n|-damage|p2b: Froslass|32/100\n|-unboost|p2b: Froslass|def|1\n|-supereffective|p2b: Froslass|1\n|-damage|p2b: Froslass|9/100\n|-hitcount|p2b: Froslass|2\n|move|p1b: Basculegion|Last Respects|p2b: Froslass\n|-supereffective|p2b: Froslass|1\n|-damage|p2b: Froslass|0 fnt\n|faint|p2b: Froslass\n|\n|win|SpikeMike\n|raw|SpikeMike's rating: 1241 &rarr; <strong>1266</strong><br />(+25 for winning)\n|raw|bakeposter's rating: 1238 &rarr; <strong>1213</strong><br />(-25 for losing)\n|c|\u2606SpikeMike|ggwp\n|l|\u2606bakeposter\n|player|p2|\n",
  "uploadtime": 1776364238,
  "views": 32,
  "formatid": "gen9championsvgc2026regma",
  "rating": 1213,
  "private": 0,
  "password": null
}