{
  "id": "gen9championsvgc2026regma-2584583634",
  "format": "[Gen 9 Champions] VGC 2026 Reg M-A",
  "players": [
    "shinja yug",
    "Thee_Brid"
  ],
  "log": "|j|\u2606shinja yug\n|j|\u2606Thee_Brid\n|t:|1776270281\n|gametype|doubles\n|player|p1|shinja yug|li|1287\n|player|p2|Thee_Brid|1|1198\n|gen|9\n|tier|[Gen 9 Champions] VGC 2026 Reg M-A\n|rated|\n|rule|Species Clause: Limit one of each Pok\u00e9mon\n|rule|Item Clause: Limit 1 of each item\n|clearpoke\n|poke|p1|Basculegion, L50, M|\n|poke|p1|Dragapult, L50, M|\n|poke|p1|Kingambit, L50, F|\n|poke|p1|Scovillain, L50, M|\n|poke|p1|Farigiraf, L50, M|\n|poke|p1|Sneasler, L50, F|\n|poke|p2|Milotic, L50, F|\n|poke|p2|Incineroar, L50, M|\n|poke|p2|Aegislash, L50, M|\n|poke|p2|Sinistcha, L50|\n|poke|p2|Tyranitar, L50, M|\n|poke|p2|Aerodactyl, L50, M|\n|teampreview|4\n|\n|t:|1776270317\n|teamsize|p1|4\n|teamsize|p2|4\n|start\n|switch|p1a: Sneasler|Sneasler, L50, F|100/100\n|switch|p1b: Basculegion|Basculegion, L50, M|100/100\n|switch|p2a: Incineroar|Incineroar, L50, M, shiny|100/100\n|switch|p2b: Tyranitar|Tyranitar, L50, M|100/100\n|-weather|Sandstorm|[from] ability: Sand Stream|[of] p2b: Tyranitar\n|-ability|p2a: Incineroar|Intimidate|boost\n|-unboost|p1a: Sneasler|atk|1\n|-unboost|p1b: Basculegion|atk|1\n|-enditem|p1a: Sneasler|White Herb\n|-clearnegativeboost|p1a: Sneasler|[silent]\n|turn|1\n|\n|t:|1776270340\n|switch|p2b: Milotic|Milotic, L50, F|100/100\n|move|p1a: Sneasler|Fake Out|p2a: Incineroar\n|-damage|p2a: Incineroar|88/100\n|move|p1b: Basculegion|Wave Crash|p2b: Milotic\n|-resisted|p2b: Milotic|1\n|-damage|p2b: Milotic|73/100\n|-damage|p1b: Basculegion|91/100|[from] Recoil\n|cant|p2a: Incineroar|flinch\n|\n|-weather|Sandstorm|[upkeep]\n|-damage|p1a: Sneasler|95/100|[from] Sandstorm\n|-damage|p1b: Basculegion|85/100|[from] Sandstorm\n|-damage|p2b: Milotic|67/100|[from] Sandstorm\n|-damage|p2a: Incineroar|82/100|[from] Sandstorm\n|upkeep\n|turn|2\n|\n|t:|1776270368\n|move|p1a: Sneasler|Dire Claw|p2b: Milotic\n|-damage|p2b: Milotic|25/100\n|move|p1b: Basculegion|Wave Crash|p2a: Incineroar\n|-supereffective|p2a: Incineroar|1\n|-damage|p2a: Incineroar|0 fnt\n|faint|p2a: Incineroar\n|-damage|p1b: Basculegion|57/100|[from] Recoil\n|move|p2b: Milotic|Scald|p1a: Sneasler\n|-damage|p1a: Sneasler|42/100\n|-heal|p2b: Milotic|30/100|[from] item: Shell Bell|[of] p1a: Sneasler\n|\n|-weather|Sandstorm|[upkeep]\n|-damage|p1a: Sneasler|36/100|[from] Sandstorm\n|-damage|p1b: Basculegion|51/100|[from] Sandstorm\n|-damage|p2b: Milotic|24/100|[from] Sandstorm\n|upkeep\n|\n|t:|1776270392\n|switch|p2a: Aerodactyl|Aerodactyl, L50, M|100/100\n|-ability|p2a: Aerodactyl|Unnerve\n|turn|3\n|\n|t:|1776270403\n|move|p2a: Aerodactyl|Protect|p2a: Aerodactyl\n|-singleturn|p2a: Aerodactyl|Protect\n|move|p1a: Sneasler|Close Combat|p2a: Aerodactyl\n|-activate|p2a: Aerodactyl|move: Protect\n|move|p1b: Basculegion|Wave Crash|p2a: Aerodactyl\n|-activate|p2a: Aerodactyl|move: Protect\n|move|p2b: Milotic|Icy Wind|p1b: Basculegion|[spread] p1a,p1b\n|-resisted|p1b: Basculegion|1\n|-damage|p1a: Sneasler|18/100\n|-damage|p1b: Basculegion|44/100\n|-unboost|p1a: Sneasler|spe|1\n|-unboost|p1b: Basculegion|spe|1\n|-heal|p2b: Milotic|27/100|[from] item: Shell Bell|[of] p1b: Basculegion\n|\n|-weather|Sandstorm|[upkeep]\n|-damage|p1a: Sneasler|12/100|[from] Sandstorm\n|-damage|p1b: Basculegion|37/100|[from] Sandstorm\n|-damage|p2b: Milotic|21/100|[from] Sandstorm\n|upkeep\n|turn|4\n|\n|t:|1776270423\n|detailschange|p2a: Aerodactyl|Aerodactyl-Mega, L50, M\n|-mega|p2a: Aerodactyl|Aerodactyl|Aerodactylite\n|move|p1a: Sneasler|Close Combat|p2a: Aerodactyl\n|-damage|p2a: Aerodactyl|27/100\n|-unboost|p1a: Sneasler|def|1\n|-unboost|p1a: Sneasler|spd|1\n|move|p2a: Aerodactyl|Rock Slide|p1b: Basculegion|[spread] p1a,p1b\n|-resisted|p1a: Sneasler|1\n|-damage|p1a: Sneasler|0 fnt\n|-damage|p1b: Basculegion|0 fnt\n|faint|p1a: Sneasler\n|faint|p1b: Basculegion\n|move|p2b: Milotic|Icy Wind|p1: Sneasler|[notarget]\n|-fail|p2b: Milotic\n|\n|-weather|Sandstorm|[upkeep]\n|-damage|p2b: Milotic|15/100|[from] Sandstorm\n|upkeep\n|\n|t:|1776270432\n|switch|p1a: Dragapult|Dragapult, L50, M|100/100\n|switch|p1b: charti boy|Scovillain, L50, M|100/100\n|turn|5\n|\n|t:|1776270464\n|move|p1b: charti boy|Protect|p1b: charti boy\n|-singleturn|p1b: charti boy|Protect\n|move|p2a: Aerodactyl|Dual Wingbeat|p1b: charti boy\n|-activate|p1b: charti boy|move: Protect\n|move|p1a: Dragapult|Phantom Force||[still]\n|-prepare|p1a: Dragapult|Phantom Force\n|move|p2b: Milotic|Icy Wind|p1a: Dragapult|[spread] \n|-miss|p2b: Milotic|p1a: Dragapult\n|-activate|p1b: charti boy|move: Protect\n|\n|-weather|none\n|-ability|p1b: charti boy|Moody|boost\n|-boost|p1b: charti boy|spe|2\n|-unboost|p1b: charti boy|atk|1\n|upkeep\n|turn|6\n|\n|t:|1776270482\n|switch|p2a: Tyranitar|Tyranitar, L50, M|100/100\n|-weather|Sandstorm|[from] ability: Sand Stream|[of] p2a: Tyranitar\n|detailschange|p1b: charti boy|Scovillain-Mega, L50, M\n|-mega|p1b: charti boy|Scovillain|Scovillainite\n|move|p1b: charti boy|Rage Powder|p1b: charti boy\n|-singleturn|p1b: charti boy|move: Rage Powder\n|move|p1a: Dragapult|Phantom Force|p2b: Milotic|[from] lockedmove\n|-damage|p2b: Milotic|0 fnt\n|faint|p2b: Milotic\n|\n|-weather|Sandstorm|[upkeep]\n|-damage|p1b: charti boy|95/100|[from] Sandstorm\n|-damage|p1a: Dragapult|94/100|[from] Sandstorm\n|upkeep\n|\n|t:|1776270497\n|switch|p2b: Aerodactyl|Aerodactyl-Mega, L50, M|27/100\n|turn|7\n|\n|t:|1776270505\n|move|p1a: Dragapult|Protect|p1a: Dragapult\n|-singleturn|p1a: Dragapult|Protect\n|move|p2b: Aerodactyl|Dual Wingbeat|p1b: charti boy|[miss]\n|-miss|p2b: Aerodactyl|p1b: charti boy\n|move|p1b: charti boy|Leech Seed|p2a: Tyranitar\n|-start|p2a: Tyranitar|move: Leech Seed\n|move|p2a: Tyranitar|Knock Off|p1a: Dragapult\n|-activate|p1a: Dragapult|move: Protect\n|\n|-weather|Sandstorm|[upkeep]\n|-damage|p1b: charti boy|89/100|[from] Sandstorm\n|-damage|p1a: Dragapult|88/100|[from] Sandstorm\n|-damage|p2a: Tyranitar|88/100|[from] Leech Seed|[of] p1b: charti boy\n|-heal|p1b: charti boy|100/100|[silent]\n|upkeep\n|turn|8\n|\n|t:|1776270523\n|move|p1b: charti boy|Rage Powder|p1b: charti boy\n|-singleturn|p1b: charti boy|move: Rage Powder\n|move|p2b: Aerodactyl|Dual Wingbeat|p1b: charti boy\n|-supereffective|p1b: charti boy|1\n|-damage|p1b: charti boy|36/100\n|-status|p2b: Aerodactyl|brn|[from] ability: Spicy Spray|[of] p1b: charti boy\n|-supereffective|p1b: charti boy|1\n|-damage|p1b: charti boy|2/100\n|-hitcount|p1b: charti boy|2\n|move|p2a: Tyranitar|Knock Off|p1b: charti boy\n|-damage|p1b: charti boy|0 fnt\n|-status|p2a: Tyranitar|brn|[from] ability: Spicy Spray|[of] p1b: charti boy\n|faint|p1b: charti boy\n|move|p1a: Dragapult|Dragon Dance|p1a: Dragapult\n|-boost|p1a: Dragapult|atk|1\n|-boost|p1a: Dragapult|spe|1\n|\n|-weather|Sandstorm|[upkeep]\n|-damage|p1a: Dragapult|82/100|[from] Sandstorm\n|-damage|p2b: Aerodactyl|21/100 brn|[from] brn\n|-damage|p2a: Tyranitar|82/100 brn|[from] brn\n|upkeep\n|turn|9\n|\n|t:|1776270548\n|move|p1a: Dragapult|Dragon Darts|p2b: Aerodactyl\n|-damage|p2b: Aerodactyl|0 fnt\n|-anim|p1a: Dragapult|Dragon Darts|p2a: Tyranitar\n|-damage|p2a: Tyranitar|44/100 brn\n|faint|p2b: Aerodactyl\n|move|p2a: Tyranitar|Knock Off|p1a: Dragapult\n|-supereffective|p1a: Dragapult|1\n|-enditem|p1a: Dragapult|Colbur Berry|[eat]\n|-enditem|p1a: Dragapult|Colbur Berry|[weaken]\n|-damage|p1a: Dragapult|51/100\n|\n|-weather|Sandstorm|[upkeep]\n|-damage|p1a: Dragapult|45/100|[from] Sandstorm\n|-damage|p2a: Tyranitar|37/100 brn|[from] brn\n|upkeep\n|turn|10\n|\n|t:|1776270561\n|move|p1a: Dragapult|Dragon Darts|p2a: Tyranitar\n|-damage|p2a: Tyranitar|3/100 brn\n|-anim|p1a: Dragapult|Dragon Darts|p2a: Tyranitar\n|-damage|p2a: Tyranitar|0 fnt\n|faint|p2a: Tyranitar\n|\n|win|shinja yug\n|raw|shinja yug's rating: 1287 &rarr; <strong>1306</strong><br />(+19 for winning)\n|raw|Thee_Brid's rating: 1198 &rarr; <strong>1179</strong><br />(-19 for losing)\n",
  "uploadtime": 1776270568,
  "views": 24,
  "formatid": "gen9championsvgc2026regma",
  "rating": 1179,
  "private": 0,
  "password": null
}