{
  "id": "gen9championsvgc2026regma-2586462195",
  "format": "[Gen 9 Champions] VGC 2026 Reg M-A",
  "players": [
    "uuuop0",
    "Ongalabong"
  ],
  "log": "|j|\u2606uuuop0\n|j|\u2606Ongalabong\n|t:|1776436365\n|gametype|doubles\n|player|p1|uuuop0|170|1363\n|player|p2|Ongalabong|benga|1399\n|gen|9\n|tier|[Gen 9 Champions] VGC 2026 Reg M-A\n|rated|\n|rule|Species Clause: Limit one of each Pok\u00e9mon\n|rule|Item Clause: Limit 1 of each item\n|clearpoke\n|poke|p1|Gengar, L50, F|\n|poke|p1|Incineroar, L50, F|\n|poke|p1|Pelipper, L50, M|\n|poke|p1|Sneasler, L50, F|\n|poke|p1|Maushold-Four, L50|\n|poke|p1|Basculegion, L50, M|\n|poke|p2|Crabominable, L50, F|\n|poke|p2|Farigiraf, L50, M|\n|poke|p2|Incineroar, L50, F|\n|poke|p2|Venusaur, L50, F|\n|poke|p2|Basculegion, L50, M|\n|poke|p2|Ninetales-Alola, L50, F|\n|teampreview|4\n|j| Superflypie\n|\n|t:|1776436401\n|teamsize|p1|4\n|teamsize|p2|4\n|start\n|switch|p1a: Gengar|Gengar, L50, F|100/100\n|switch|p1b: Maushold|Maushold-Four, L50|100/100\n|switch|p2a: Ninetales|Ninetales-Alola, L50, F|100/100\n|switch|p2b: Venusaur|Venusaur, L50, F|100/100\n|-weather|Snowscape|[from] ability: Snow Warning|[of] p2a: Ninetales\n|turn|1\n|inactive|Battle timer is ON: inactive players will automatically lose when time's up. (requested by Ongalabong)\n|\n|t:|1776436423\n|detailschange|p1a: Gengar|Gengar-Mega, L50, F\n|-mega|p1a: Gengar|Gengar|Gengarite\n|detailschange|p2b: Venusaur|Venusaur-Mega, L50, F\n|-mega|p2b: Venusaur|Venusaur|Venusaurite\n|move|p1b: Maushold|Follow Me|p1b: Maushold\n|-singleturn|p1b: Maushold|move: Follow Me\n|move|p2a: Ninetales|Blizzard|p1b: Maushold|[spread] p1a,p1b\n|-damage|p1a: Gengar|75/100\n|-damage|p1b: Maushold|60/100\n|move|p1a: Gengar|Perish Song|p1a: Gengar\n|-start|p1a: Gengar|perish3|[silent]\n|-start|p1b: Maushold|perish3|[silent]\n|-start|p2a: Ninetales|perish3|[silent]\n|-start|p2b: Venusaur|perish3|[silent]\n|-fieldactivate|move: Perish Song\n|move|p2b: Venusaur|Leech Seed|p1b: Maushold\n|-start|p1b: Maushold|move: Leech Seed\n|\n|-weather|Snowscape|[upkeep]\n|-damage|p1b: Maushold|48/100|[from] Leech Seed|[of] p2b: Venusaur\n|-start|p2a: Ninetales|perish3\n|-start|p1a: Gengar|perish3\n|-start|p1b: Maushold|perish3\n|-start|p2b: Venusaur|perish3\n|upkeep\n|turn|2\n|\n|t:|1776436432\n|switch|p1b: Incineroar|Incineroar, L50, F|100/100\n|-ability|p1b: Incineroar|Intimidate|boost\n|-unboost|p2a: Ninetales|atk|1\n|-unboost|p2b: Venusaur|atk|1\n|move|p1a: Gengar|Protect|p1a: Gengar\n|-singleturn|p1a: Gengar|Protect\n|move|p2a: Ninetales|Blizzard|p1b: Incineroar|[spread] p1b\n|-activate|p1a: Gengar|move: Protect\n|-resisted|p1b: Incineroar|1\n|-damage|p1b: Incineroar|88/100\n|move|p2b: Venusaur|Earth Power|p1a: Gengar\n|-activate|p1a: Gengar|move: Protect\n|\n|-weather|Snowscape|[upkeep]\n|-start|p2a: Ninetales|perish2\n|-start|p1a: Gengar|perish2\n|-start|p2b: Venusaur|perish2\n|upkeep\n|turn|3\n|inactive|uuuop0 has 30 seconds left.\n|\n|t:|1776436462\n|move|p1b: Incineroar|Fake Out|p2b: Venusaur\n|-damage|p2b: Venusaur|92/100\n|move|p2a: Ninetales|Blizzard|p1b: Incineroar|[spread] p1a,p1b\n|-crit|p1a: Gengar\n|-resisted|p1b: Incineroar|1\n|-damage|p1a: Gengar|26/100\n|-damage|p1b: Incineroar|75/100\n|move|p1a: Gengar|Disable|p2b: Venusaur\n|-start|p2b: Venusaur|Disable|Earth Power\n|cant|p2b: Venusaur|flinch\n|\n|-weather|Snowscape|[upkeep]\n|-start|p2a: Ninetales|perish1\n|-start|p1a: Gengar|perish1\n|-start|p2b: Venusaur|perish1\n|upkeep\n|turn|4\n|\n|t:|1776436481\n|switch|p1a: Maushold|Maushold-Four, L50|48/100\n|move|p2a: Ninetales|Blizzard|p1b: Incineroar|[spread] p1a,p1b\n|-resisted|p1b: Incineroar|1\n|-damage|p1a: Maushold|9/100\n|-damage|p1b: Incineroar|66/100\n|move|p2b: Venusaur|Sludge Bomb|p1a: Maushold\n|-damage|p1a: Maushold|0 fnt\n|faint|p1a: Maushold\n|move|p1b: Incineroar|Parting Shot|p2a: Ninetales\n|-unboost|p2a: Ninetales|atk|1\n|-unboost|p2a: Ninetales|spa|1\n|inactive|uuuop0 has 30 seconds left.\n|inactive|uuuop0 has 20 seconds left.\n|\n|t:|1776436518\n|switch|p1b: Gengar|Gengar-Mega, L50, F|26/100|[from] Parting Shot\n|\n|-weather|Snowscape|[upkeep]\n|-start|p2a: Ninetales|perish0\n|-start|p2b: Venusaur|perish0\n|upkeep\n|faint|p2a: Ninetales\n|faint|p2b: Venusaur\n|\n|t:|1776436524\n|switch|p2a: Basculegion|Basculegion, L50, M|100/100\n|switch|p1a: Sneasler|Sneasler, L50, F|100/100\n|switch|p2b: Incineroar|Incineroar, L50, F|100/100\n|-ability|p2b: Incineroar|Intimidate|boost\n|-unboost|p1a: Sneasler|atk|1\n|-unboost|p1b: Gengar|atk|1\n|-enditem|p1a: Sneasler|White Herb\n|-clearnegativeboost|p1a: Sneasler|[silent]\n|turn|5\n|\n|t:|1776436534\n|switch|p1b: Incineroar|Incineroar, L50, F|66/100\n|-ability|p1b: Incineroar|Intimidate|boost\n|-unboost|p2a: Basculegion|atk|1\n|-unboost|p2b: Incineroar|atk|1\n|move|p1a: Sneasler|Protect|p1a: Sneasler\n|-singleturn|p1a: Sneasler|Protect\n|move|p2a: Basculegion|Wave Crash|p1a: Sneasler\n|-activate|p1a: Sneasler|move: Protect\n|move|p2b: Incineroar|Throat Chop|p1b: Incineroar\n|-resisted|p1b: Incineroar|1\n|-damage|p1b: Incineroar|58/100\n|-start|p1b: Incineroar|Throat Chop|[silent]\n|\n|-weather|none\n|upkeep\n|turn|6\n|\n|t:|1776436542\n|move|p1b: Incineroar|Fake Out|p2b: Incineroar\n|-damage|p2b: Incineroar|91/100\n|move|p1a: Sneasler|Close Combat|p2b: Incineroar\n|-supereffective|p2b: Incineroar|1\n|-damage|p2b: Incineroar|0 fnt\n|-unboost|p1a: Sneasler|def|1\n|-unboost|p1a: Sneasler|spd|1\n|faint|p2b: Incineroar\n|move|p2a: Basculegion|Wave Crash|p1b: Incineroar\n|-supereffective|p1b: Incineroar|1\n|-damage|p1b: Incineroar|0 fnt\n|faint|p1b: Incineroar\n|-damage|p2a: Basculegion|81/100|[from] Recoil\n|\n|upkeep\n|inactive|uuuop0 has 30 seconds left.\n|inactive|uuuop0 has 20 seconds left.\n|inactive|uuuop0 has 15 seconds left.\n|inactive|uuuop0 has 10 seconds left.\n|\n|t:|1776436591\n|switch|p1b: Gengar|Gengar-Mega, L50, F|26/100\n|turn|7\n|\n|t:|1776436597\n|move|p1a: Sneasler|Dire Claw|p2a: Basculegion\n|-resisted|p2a: Basculegion|1\n|-damage|p2a: Basculegion|51/100\n|-status|p2a: Basculegion|slp\n|cant|p2a: Basculegion|slp\n|move|p1b: Gengar|Shadow Ball|p2a: Basculegion\n|-supereffective|p2a: Basculegion|1\n|-damage|p2a: Basculegion|0 fnt\n|faint|p2a: Basculegion\n|\n|win|uuuop0\n|raw|uuuop0's rating: 1363 &rarr; <strong>1385</strong><br />(+22 for winning)\n|raw|Ongalabong's rating: 1399 &rarr; <strong>1377</strong><br />(-22 for losing)\n",
  "uploadtime": 1776436604,
  "views": 40,
  "formatid": "gen9championsvgc2026regma",
  "rating": 1377,
  "private": 0,
  "password": null
}