{
  "id": "gen9championsvgc2026regma-2585296273",
  "format": "[Gen 9 Champions] VGC 2026 Reg M-A",
  "players": [
    "idontcarereally",
    "ascasf"
  ],
  "log": "|j|\u2606idontcarereally\n|j|\u2606ascasf\n|t:|1776334979\n|gametype|doubles\n|player|p1|idontcarereally|169|1147\n|player|p2|ascasf|266|1111\n|gen|9\n|tier|[Gen 9 Champions] VGC 2026 Reg M-A\n|rated|\n|rule|Species Clause: Limit one of each Pok\u00e9mon\n|rule|Item Clause: Limit 1 of each item\n|clearpoke\n|poke|p1|Chesnaught, L50, F|\n|poke|p1|Kingambit, L50, M|\n|poke|p1|Hatterene, L50, F|\n|poke|p1|Ninetales-Alola, L50, F|\n|poke|p1|Sinistcha, L50|\n|poke|p1|Incineroar, L50, F|\n|poke|p2|Froslass, L50, F|\n|poke|p2|Whimsicott, L50, F|\n|poke|p2|Aerodactyl, L50, F|\n|poke|p2|Basculegion, L50, M|\n|poke|p2|Kingambit, L50, M|\n|poke|p2|Sneasler, L50, F|\n|teampreview|4\n|\n|t:|1776335018\n|teamsize|p1|4\n|teamsize|p2|4\n|start\n|switch|p1a: Hatterene|Hatterene, L50, F|100/100\n|switch|p1b: Incineroar|Incineroar, L50, F|100/100\n|switch|p2a: Froslass|Froslass, L50, F|100/100\n|switch|p2b: Sneasler|Sneasler, L50, F|100/100\n|-ability|p1b: Incineroar|Intimidate|boost\n|-unboost|p2a: Froslass|atk|1\n|-unboost|p2b: Sneasler|atk|1\n|turn|1\n|inactive|Battle timer is ON: inactive players will automatically lose when time's up. (requested by ascasf)\n|inactive|idontcarereally has 60 seconds left.\n|inactive|ascasf has 60 seconds left.\n|\n|t:|1776335059\n|detailschange|p2a: Froslass|Froslass-Mega, L50, F\n|-mega|p2a: Froslass|Froslass|Froslassite\n|-weather|Snowscape|[from] ability: Snow Warning|[of] p2a: Froslass\n|move|p2b: Sneasler|U-turn|p1b: Incineroar\n|-damage|p1b: Incineroar|81/100\n|\n|t:|1776335065\n|switch|p2b: Kingambit|Kingambit, L50, M|100/100|[from] U-turn\n|move|p2a: Froslass|Aurora Veil|p2a: Froslass\n|-sidestart|p2: ascasf|move: Aurora Veil\n|move|p1b: Incineroar|Parting Shot|p2b: Kingambit\n|-unboost|p2b: Kingambit|atk|1\n|-ability|p2b: Kingambit|Defiant|boost\n|-boost|p2b: Kingambit|atk|2\n|-unboost|p2b: Kingambit|spa|1\n|-ability|p2b: Kingambit|Defiant|boost\n|-boost|p2b: Kingambit|atk|2\n|\n|t:|1776335076\n|switch|p1b: Chesnaught|Chesnaught, L50, F|100/100|[from] Parting Shot\n|move|p1a: Hatterene|Trick Room|p1a: Hatterene\n|-fieldstart|move: Trick Room|[of] p1a: Hatterene\n|\n|-weather|Snowscape|[upkeep]\n|upkeep\n|turn|2\n|inactive|idontcarereally has 30 seconds left.\n|\n|t:|1776335111\n|switch|p2b: Aerodactyl|Aerodactyl, L50, F|100/100\n|detailschange|p1b: Chesnaught|Chesnaught-Mega, L50, F\n|-mega|p1b: Chesnaught|Chesnaught|Chesnaughtite\n|move|p1a: Hatterene|Misty Terrain|p1a: Hatterene\n|-fieldstart|move: Misty Terrain\n|move|p1b: Chesnaught|Leech Seed|p2a: Froslass\n|-start|p2a: Froslass|move: Leech Seed\n|move|p2a: Froslass|Blizzard|p1b: Chesnaught|[spread] p1a,p1b\n|-supereffective|p1b: Chesnaught|1\n|-damage|p1a: Hatterene|49/100\n|-damage|p1b: Chesnaught|26/100\n|\n|-weather|Snowscape|[upkeep]\n|-damage|p2a: Froslass|88/100|[from] Leech Seed|[of] p1b: Chesnaught\n|-heal|p1b: Chesnaught|36/100|[silent]\n|upkeep\n|turn|3\n|inactive|ascasf has 30 seconds left.\n|\n|t:|1776335140\n|move|p1b: Chesnaught|Spiky Shield|p1b: Chesnaught\n|-singleturn|p1b: Chesnaught|move: Protect\n|move|p1a: Hatterene|Misty Explosion|p2a: Froslass|[spread] p2a,p2b\n|-activate|p1b: Chesnaught|move: Protect\n|-damage|p2a: Froslass|34/100\n|-damage|p2b: Aerodactyl|42/100\n|faint|p1a: Hatterene\n|move|p2a: Froslass|Shadow Ball|p1b: Chesnaught\n|-activate|p1b: Chesnaught|move: Protect\n|move|p2b: Aerodactyl|Fly||[still]\n|-prepare|p2b: Aerodactyl|Fly\n|\n|-weather|Snowscape|[upkeep]\n|-damage|p2a: Froslass|21/100|[from] Leech Seed|[of] p1b: Chesnaught\n|-heal|p1b: Chesnaught|46/100|[silent]\n|upkeep\n|\n|t:|1776335157\n|switch|p1a: Incineroar|Incineroar, L50, F|81/100\n|-ability|p1a: Incineroar|Intimidate|boost\n|-unboost|p2a: Froslass|atk|1\n|-unboost|p2b: Aerodactyl|atk|1\n|turn|4\n|\n|t:|1776335175\n|move|p1b: Chesnaught|Iron Defense|p1b: Chesnaught\n|-boost|p1b: Chesnaught|def|2\n|move|p1a: Incineroar|Darkest Lariat|p2a: Froslass\n|-supereffective|p2a: Froslass|1\n|-damage|p2a: Froslass|0 fnt\n|faint|p2a: Froslass\n|move|p2b: Aerodactyl|Fly|p1b: Chesnaught|[from] lockedmove\n|-supereffective|p1b: Chesnaught|2\n|-damage|p1b: Chesnaught|19/100\n|\n|-weather|Snowscape|[upkeep]\n|upkeep\n|\n|t:|1776335189\n|switch|p2a: Sneasler|Sneasler, L50, F|100/100\n|turn|5\n|\n|t:|1776335201\n|move|p2a: Sneasler|Protect|p2a: Sneasler\n|-singleturn|p2a: Sneasler|Protect\n|move|p2b: Aerodactyl|Protect|p2b: Aerodactyl\n|-singleturn|p2b: Aerodactyl|Protect\n|move|p1a: Incineroar|Fake Out||[still]\n|-hint|Fake Out only works on your first turn out.\n|-fail|p1a: Incineroar\n|move|p1b: Chesnaught|Leech Seed|p2a: Sneasler\n|-activate|p2a: Sneasler|move: Protect\n|\n|-weather|none\n|-sideend|p2: ascasf|move: Aurora Veil\n|-fieldend|move: Trick Room\n|upkeep\n|turn|6\n|inactive|idontcarereally has 30 seconds left.\n|inactive|ascasf has 30 seconds left.\n|\n|t:|1776335227\n|move|p1b: Chesnaught|Spiky Shield|p1b: Chesnaught\n|-singleturn|p1b: Chesnaught|move: Protect\n|move|p2b: Aerodactyl|Fly||[still]\n|-prepare|p2b: Aerodactyl|Fly\n|move|p2a: Sneasler|Close Combat|p1a: Incineroar\n|-supereffective|p1a: Incineroar|1\n|-damage|p1a: Incineroar|0 fnt\n|-unboost|p2a: Sneasler|def|1\n|-unboost|p2a: Sneasler|spd|1\n|faint|p1a: Incineroar\n|\n|-fieldend|Misty Terrain\n|upkeep\n|\n|t:|1776335237\n|switch|p1a: Kingambit|Kingambit, L50, M|100/100\n|turn|7\n|\n|t:|1776335249\n|move|p1a: Kingambit|Protect|p1a: Kingambit\n|-singleturn|p1a: Kingambit|Protect\n|move|p2b: Aerodactyl|Fly|p1b: Chesnaught|[from] lockedmove\n|-supereffective|p1b: Chesnaught|2\n|-damage|p1b: Chesnaught|0 fnt\n|faint|p1b: Chesnaught\n|move|p2a: Sneasler|Close Combat|p1a: Kingambit\n|-activate|p1a: Kingambit|move: Protect\n|\n|upkeep\n|turn|8\n|-message|idontcarereally forfeited.\n|\n|win|ascasf\n|raw|idontcarereally's rating: 1147 &rarr; <strong>1119</strong><br />(-28 for losing)\n|raw|ascasf's rating: 1111 &rarr; <strong>1139</strong><br />(+28 for winning)\n|l|\u2606idontcarereally\n|player|p1|\n",
  "uploadtime": 1776335262,
  "views": 33,
  "formatid": "gen9championsvgc2026regma",
  "rating": 1119,
  "private": 0,
  "password": null
}