{
  "id": "gen9championsvgc2026regma-2585990572",
  "format": "[Gen 9 Champions] VGC 2026 Reg M-A",
  "players": [
    "Mmorpg fan",
    "FeyQueenZoom"
  ],
  "log": "|j|\u2606Mmorpg fan\n|j|\u2606FeyQueenZoom\n|t:|1776388126\n|gametype|doubles\n|player|p1|Mmorpg fan|1|1000\n|player|p2|FeyQueenZoom|bellelba|1058\n|gen|9\n|tier|[Gen 9 Champions] VGC 2026 Reg M-A\n|rated|\n|rule|Species Clause: Limit one of each Pok\u00e9mon\n|rule|Item Clause: Limit 1 of each item\n|clearpoke\n|poke|p1|Mimikyu, L50, M|\n|poke|p1|Glimmora, L50, F|\n|poke|p1|Lopunny, L50, F|\n|poke|p1|Hippowdon, L50, F|\n|poke|p1|Orthworm, L50, F|\n|poke|p1|Kommo-o, L50, M|\n|poke|p2|Zoroark-Hisui, L50, M|\n|poke|p2|Lucario, L50, F|\n|poke|p2|Whimsicott, L50, F|\n|poke|p2|Dragapult, L50, M|\n|poke|p2|Incineroar, L50, F|\n|poke|p2|Corviknight, L50, M|\n|teampreview|4\n|inactive|Battle timer is ON: inactive players will automatically lose when time's up. (requested by Mmorpg fan)\n|inactive|Mmorpg fan has 60 seconds left.\n|\n|t:|1776388196\n|teamsize|p1|4\n|teamsize|p2|4\n|start\n|switch|p1a: Orthworm|Orthworm, L50, F|100/100\n|switch|p1b: Lopunny|Lopunny, L50, F|100/100\n|switch|p2a: Lucario|Lucario, L50, F|100/100\n|switch|p2b: Whimsicott|Whimsicott, L50, F|100/100\n|turn|1\n|\n|t:|1776388219\n|detailschange|p1b: Lopunny|Lopunny-Mega, L50, F\n|-mega|p1b: Lopunny|Lopunny|Lopunnite\n|move|p2b: Whimsicott|Tailwind|p2b: Whimsicott\n|-sidestart|p2: FeyQueenZoom|move: Tailwind\n|move|p2a: Lucario|Icy Wind|p1b: Lopunny|[spread] p1a,p1b\n|-resisted|p1a: Orthworm|1\n|-damage|p1a: Orthworm|93/100\n|-damage|p1b: Lopunny|84/100\n|-unboost|p1a: Orthworm|spe|1\n|-unboost|p1b: Lopunny|spe|1\n|move|p1b: Lopunny|Close Combat|p2a: Lucario\n|-supereffective|p2a: Lucario|1\n|-enditem|p2a: Lucario|Focus Sash\n|-damage|p2a: Lucario|1/100\n|-unboost|p1b: Lopunny|def|1\n|-unboost|p1b: Lopunny|spd|1\n|replace|p2a: Zoroark|Zoroark-Hisui, L50, M\n|-end|p2a: Zoroark|Illusion\n|move|p1a: Orthworm|Shed Tail|p1a: Orthworm\n|-start|p1a: Orthworm|Substitute|[from] move: Shed Tail\n|-damage|p1a: Orthworm|42/100\n|-enditem|p1a: Orthworm|Sitrus Berry|[eat]\n|-heal|p1a: Orthworm|67/100|[from] item: Sitrus Berry\n|\n|t:|1776388238\n|switch|p1a: Kommo-o|Kommo-o, L50, M|100/100|[from] Shed Tail\n|\n|upkeep\n|turn|2\n|inactive|Mmorpg fan has 30 seconds left.\n|inactive|FeyQueenZoom has 30 seconds left.\n|\n|t:|1776388266\n|switch|p1b: Orthworm|Orthworm, L50, F|67/100\n|move|p2a: Zoroark|Bitter Malice|p1a: Kommo-o\n|-end|p1a: Kommo-o|Substitute\n|move|p2b: Whimsicott|Moonblast|p1a: Kommo-o\n|-supereffective|p1a: Kommo-o|2\n|-enditem|p1a: Kommo-o|Roseli Berry|[eat]\n|-enditem|p1a: Kommo-o|Roseli Berry|[weaken]\n|-damage|p1a: Kommo-o|44/100\n|move|p1a: Kommo-o|Clanging Scales|p2b: Whimsicott|[spread] p2a\n|-immune|p2b: Whimsicott\n|-damage|p2a: Zoroark|0 fnt\n|faint|p2a: Zoroark\n|-unboost|p1a: Kommo-o|def|1\n|\n|upkeep\n|\n|t:|1776388285\n|switch|p2a: Dragapult|Dragapult, L50, M|100/100\n|turn|3\n|\n|t:|1776388292\n|switch|p1a: Mimikyu|Mimikyu, L50, M|100/100\n|move|p2a: Dragapult|Flamethrower|p1b: Orthworm\n|-supereffective|p1b: Orthworm|1\n|-damage|p1b: Orthworm|3/100\n|move|p2b: Whimsicott|Moonblast|p1a: Mimikyu\n|-activate|p1a: Mimikyu|ability: Disguise\n|-damage|p1a: Mimikyu|100/100\n|-unboost|p1a: Mimikyu|spa|1\n|detailschange|p1a: Mimikyu|Mimikyu-Busted, L50, M\n|-damage|p1a: Mimikyu|88/100|[from] pokemon: Mimikyu-Busted\n|move|p1b: Orthworm|Rest|p1b: Orthworm\n|-status|p1b: Orthworm|slp|[from] move: Rest\n|-heal|p1b: Orthworm|100/100 slp|[silent]\n|\n|upkeep\n|turn|4\n|inactive|FeyQueenZoom has 30 seconds left.\n|\n|t:|1776388322\n|move|p2b: Whimsicott|Encore|p1b: Orthworm\n|-start|p1b: Orthworm|Encore\n|move|p2a: Dragapult|Shadow Ball|p1a: Mimikyu\n|-supereffective|p1a: Mimikyu|1\n|-damage|p1a: Mimikyu|0 fnt\n|faint|p1a: Mimikyu\n|cant|p1b: Orthworm|slp\n|\n|-sideend|p2: FeyQueenZoom|move: Tailwind\n|upkeep\n|\n|t:|1776388337\n|switch|p1a: Lopunny|Lopunny-Mega, L50, F|84/100\n|turn|5\n|\n|t:|1776388348\n|switch|p1b: Kommo-o|Kommo-o, L50, M|44/100\n|move|p1a: Lopunny|Ice Punch|p2a: Dragapult\n|-supereffective|p2a: Dragapult|1\n|-damage|p2a: Dragapult|30/100\n|move|p2a: Dragapult|Draco Meteor|p1a: Lopunny\n|-damage|p1a: Lopunny|3/100\n|-unboost|p2a: Dragapult|spa|2\n|-enditem|p2a: Dragapult|White Herb\n|-clearnegativeboost|p2a: Dragapult|[silent]\n|move|p2b: Whimsicott|Moonblast|p1a: Lopunny\n|-supereffective|p1a: Lopunny|1\n|-damage|p1a: Lopunny|0 fnt\n|faint|p1a: Lopunny\n|\n|upkeep\n|\n|t:|1776388355\n|switch|p1a: Orthworm|Orthworm, L50, F|100/100 slp\n|turn|6\n|-message|Mmorpg fan forfeited.\n|\n|win|FeyQueenZoom\n|raw|Mmorpg fan's rating: 1000 &rarr; <strong>1000</strong><br />(+0 for losing)\n|raw|FeyQueenZoom's rating: 1058 &rarr; <strong>1084</strong><br />(+26 for winning)\n|l|\u2606Mmorpg fan\n|player|p1|\n",
  "uploadtime": 1776388375,
  "views": 17,
  "formatid": "gen9championsvgc2026regma",
  "rating": 1000,
  "private": 0,
  "password": null
}