{
  "id": "gen9championsvgc2026regma-2582418316",
  "format": "[Gen 9 Champions] VGC 2026 Reg M-A",
  "players": [
    "GriefersVGC",
    "Yeimer9775"
  ],
  "log": "|j|\u2606GriefersVGC\n|j|\u2606Yeimer9775\n|t:|1776090393\n|gametype|doubles\n|player|p1|GriefersVGC|pokemaniac|1125\n|player|p2|Yeimer9775|101|1059\n|gen|9\n|tier|[Gen 9 Champions] VGC 2026 Reg M-A\n|rated|\n|rule|Species Clause: Limit one of each Pok\u00e9mon\n|rule|Item Clause: Limit 1 of each item\n|clearpoke\n|poke|p1|Clefable, L50, F|\n|poke|p1|Garchomp, L50, F|\n|poke|p1|Corviknight, L50, F|\n|poke|p1|Incineroar, L50, F|\n|poke|p1|Sneasler, L50, F|\n|poke|p1|Rotom-Wash, L50|\n|poke|p2|Crabominable, L50, F|\n|poke|p2|Vanilluxe, L50, M|\n|poke|p2|Maushold, L50|\n|poke|p2|Talonflame, L50, M|\n|poke|p2|Sneasler, L50, M|\n|poke|p2|Armarouge, L50, M|\n|teampreview|4\nYeimer9775 rejected open team sheets.\n|inactive|Battle timer is ON: inactive players will automatically lose when time's up. (requested by Yeimer9775)\n|\n|t:|1776090441\n|teamsize|p1|4\n|teamsize|p2|4\n|start\n|switch|p1a: Incineroar|Incineroar, L50, F, shiny|100/100\n|switch|p1b: Corviknight|Corviknight, L50, F, shiny|100/100\n|switch|p2a: Crabominable|Crabominable, L50, F|100/100\n|switch|p2b: Vanilluxe|Vanilluxe, L50, M|100/100\n|-weather|Snowscape|[from] ability: Snow Warning|[of] p2b: Vanilluxe\n|-ability|p1a: Incineroar|Intimidate|boost\n|-unboost|p2a: Crabominable|atk|1\n|-unboost|p2b: Vanilluxe|atk|1\n|turn|1\n|inactive|GriefersVGC has 30 seconds left.\n|\n|t:|1776090471\n|move|p2b: Vanilluxe|Protect|p2b: Vanilluxe\n|-singleturn|p2b: Vanilluxe|Protect\n|move|p2a: Crabominable|Protect|p2a: Crabominable\n|-singleturn|p2a: Crabominable|Protect\n|move|p1a: Incineroar|Fake Out|p2a: Crabominable\n|-activate|p2a: Crabominable|move: Protect\n|move|p1b: Corviknight|Heavy Slam|p2b: Vanilluxe\n|-activate|p2b: Vanilluxe|move: Protect\n|\n|-weather|Snowscape|[upkeep]\n|upkeep\n|turn|2\n|\n|t:|1776090489\n|move|p2b: Vanilluxe|Frost Breath|p2a: Crabominable\n|-resisted|p2a: Crabominable|1\n|-crit|p2a: Crabominable\n|-damage|p2a: Crabominable|82/100\n|-setboost|p2a: Crabominable|atk|6|[from] ability: Anger Point\n|move|p1b: Corviknight|Heavy Slam|p2a: Crabominable\n|-supereffective|p2a: Crabominable|1\n|-damage|p2a: Crabominable|60/100\n|move|p1a: Incineroar|Flare Blitz|p2a: Crabominable\n|-supereffective|p2a: Crabominable|1\n|-damage|p2a: Crabominable|0 fnt\n|faint|p2a: Crabominable\n|-damage|p1a: Incineroar|81/100|[from] Recoil\n|\n|-weather|Snowscape|[upkeep]\n|upkeep\n|\n|t:|1776090504\n|switch|p2a: Sneasler|Sneasler, L50, M|100/100\n|turn|3\n|\n|t:|1776090531\n|move|p2a: Sneasler|Close Combat|p1a: Incineroar\n|-supereffective|p1a: Incineroar|1\n|-damage|p1a: Incineroar|0 fnt\n|-unboost|p2a: Sneasler|def|1\n|-unboost|p2a: Sneasler|spd|1\n|faint|p1a: Incineroar\n|move|p2b: Vanilluxe|Aurora Veil|p2b: Vanilluxe\n|-sidestart|p2: Yeimer9775|move: Aurora Veil\n|move|p1b: Corviknight|Brave Bird|p2a: Sneasler\n|-supereffective|p2a: Sneasler|1\n|-damage|p2a: Sneasler|0 fnt\n|faint|p2a: Sneasler\n|-damage|p1b: Corviknight|76/100|[from] Recoil\n|\n|-weather|Snowscape|[upkeep]\n|upkeep\n|\n|t:|1776090542\n|switch|p2a: Talonflame|Talonflame, L50, M|100/100\n|switch|p1a: Sneasler|Sneasler, L50, F, shiny|100/100\n|turn|4\n|\n|t:|1776090553\n|move|p1a: Sneasler|Fake Out|p2a: Talonflame\n|-damage|p2a: Talonflame|87/100\n|cant|p2a: Talonflame|flinch\n|move|p2b: Vanilluxe|Frost Breath|p1b: Corviknight\n|-crit|p1b: Corviknight\n|-damage|p1b: Corviknight|45/100\n|-enditem|p1b: Corviknight|Sitrus Berry|[eat]\n|-heal|p1b: Corviknight|70/100|[from] item: Sitrus Berry\n|move|p1b: Corviknight|Heavy Slam|p2b: Vanilluxe\n|-supereffective|p2b: Vanilluxe|1\n|-damage|p2b: Vanilluxe|85/100\n|\n|-weather|Snowscape|[upkeep]\n|upkeep\n|turn|5\n|inactive|GriefersVGC has 30 seconds left.\n|inactive|Yeimer9775 has 30 seconds left.\n|\n|t:|1776090585\n|move|p2a: Talonflame|Brave Bird|p1a: Sneasler\n|-supereffective|p1a: Sneasler|1\n|-enditem|p1a: Sneasler|Focus Sash\n|-damage|p1a: Sneasler|1/100\n|-damage|p2a: Talonflame|53/100|[from] Recoil\n|move|p1a: Sneasler|Dire Claw|p2a: Talonflame\n|-damage|p2a: Talonflame|12/100\n|move|p2b: Vanilluxe|Frost Breath|p1b: Corviknight\n|-crit|p1b: Corviknight\n|-damage|p1b: Corviknight|39/100\n|move|p1b: Corviknight|Tailwind|p1b: Corviknight\n|-sidestart|p1: GriefersVGC|move: Tailwind\n|\n|-weather|none\n|upkeep\n|turn|6\n|inactive|GriefersVGC has 30 seconds left.\n|\n|t:|1776090611\n|move|p2a: Talonflame|Protect|p2a: Talonflame\n|-singleturn|p2a: Talonflame|Protect\n|move|p1a: Sneasler|Close Combat|p2b: Vanilluxe\n|-supereffective|p2b: Vanilluxe|1\n|-damage|p2b: Vanilluxe|0 fnt\n|-unboost|p1a: Sneasler|def|1\n|-unboost|p1a: Sneasler|spd|1\n|faint|p2b: Vanilluxe\n|move|p1b: Corviknight|Brave Bird|p2a: Talonflame\n|-activate|p2a: Talonflame|move: Protect\n|\n|upkeep\n|turn|7\n|\n|t:|1776090624\n|move|p1a: Sneasler|Dire Claw|p2a: Talonflame\n|-damage|p2a: Talonflame|0 fnt\n|faint|p2a: Talonflame\n|\n|win|GriefersVGC\n|raw|GriefersVGC's rating: 1125 &rarr; <strong>1145</strong><br />(+20 for winning)\n|raw|Yeimer9775's rating: 1059 &rarr; <strong>1044</strong><br />(-15 for losing)\n|c|\u2606GriefersVGC|Ggs\n|l|\u2606Yeimer9775\n|player|p2|\n",
  "uploadtime": 1776090639,
  "views": 18,
  "formatid": "gen9championsvgc2026regma",
  "rating": 1044,
  "private": 0,
  "password": null
}