{
  "id": "gen9championsvgc2026regma-2588050627",
  "format": "[Gen 9 Champions] VGC 2026 Reg M-A",
  "players": [
    "ppyyy-inertia",
    "Mikitrash"
  ],
  "log": "|j|\u2606ppyyy-inertia\n|j|\u2606Mikitrash\n|html|<table width=\"100%\"><tr><td align=\"left\">ppyyy-inertia</td><td align=\"right\">Mikitrash</tr><tr><td align=\"left\"><i class=\"fa fa-circle\"></i> <i class=\"fa fa-circle-o\"></i> </td><td align=\"right\"><i class=\"fa fa-circle-o\"></i> <i class=\"fa fa-circle-o\"></i> </tr></table>\n|uhtml|bestof|<h2><strong>Game 2</strong> of <a href=\"/game-bestof3-gen9championsvgc2026regma-2588049089\">a best-of-3</a></h2>\n|t:|1776598189\n|gametype|doubles\n|player|p1|ppyyy-inertia|elesa-gen5bw2|\n|player|p2|Mikitrash|tourist|\n|gen|9\n|tier|[Gen 9 Champions] VGC 2026 Reg M-A\n|rated|Tournament battle\n|rule|Species Clause: Limit one of each Pok\u00e9mon\n|rule|Item Clause: Limit 1 of each item\n|raw|<div class=\"infobox\"><details class=\"readmore\" open><summary><strong>2 custom rules:</strong></summary> Force Open Team Sheets, Best of = 3</details></div>\n|clearpoke\n|poke|p1|Incineroar, L50, M|\n|poke|p1|Floette-Eternal, L50, F, shiny|\n|poke|p1|Zoroark-Hisui, L50, F, shiny|\n|poke|p1|Tinkaton, L50, F, shiny|\n|poke|p1|Dragonite, L50, F, shiny|\n|poke|p1|Tsareena, L50, F, shiny|\n|poke|p2|Chandelure, L50, F, shiny|\n|poke|p2|Hydreigon, L50, F|\n|poke|p2|Whimsicott, L50, F|\n|poke|p2|Primarina, L50, F|\n|poke|p2|Tsareena, L50, F|\n|poke|p2|Excadrill, L50, F, shiny|\n|teampreview|4\n|showteam|p1|Incineroar||ChopleBerry|Intimidate|FakeOut,FlareBlitz,CloseCombat,PartingShot|||M|||50|]Floette-Eternal||Floettite|FlowerVeil|Moonblast,DazzlingGleam,CalmMind,Protect|||F|||50|]Zoroark-Hisui||FocusSash|Illusion|ShadowBall,IcyWind,WillOWisp,Protect|||F|||50|]Tinkaton||ShucaBerry|OwnTempo|FakeOut,GigatonHammer,Feint,PlayRough|||F|||50|]Dragonite||DragonFang|Multiscale|ScaleShot,ExtremeSpeed,Tailwind,Protect|||F|||50|]Tsareena||SitrusBerry|QueenlyMajesty|TropKick,LowKick,HelpingHand,Protect|||F|||50|\n|showteam|p2|Chandelure||Chandelurite|FlashFire|HeatWave,Overheat,Protect,ShadowBall|||F|||50|]Hydreigon||SitrusBerry|Levitate|Tailwind,Snarl,DracoMeteor,BreakingSwipe|||F|||50|]Whimsicott||FocusSash|Prankster|FakeTears,Moonblast,Tailwind,Taunt|||F|||50|]Primarina||MysticWater|LiquidVoice|HyperVoice,Moonblast,HydroPump,Protect|||F|||50|]Tsareena||YacheBerry|QueenlyMajesty|HighJumpKick,TropKick,Uturn,TripleAxel|||F|||50|]Excadrill||ChoiceScarf|MoldBreaker|Earthquake,RockSlide,IronHead,HighHorsepower|||F|||50|\n|\n|t:|1776598218\n|teamsize|p1|4\n|teamsize|p2|4\n|start\n|switch|p1a: Floette|Floette-Eternal, L50, F, shiny|100/100\n|switch|p1b: Tinkaton|Tinkaton, L50, F, shiny|100/100\n|switch|p2a: Excadrill|Excadrill, L50, F, shiny|100/100\n|switch|p2b: Whimsicott|Whimsicott, L50, F|100/100\n|-ability|p2a: Excadrill|Mold Breaker\n|turn|1\n|\n|t:|1776598236\n|switch|p2b: Tsareena|Tsareena, L50, F|100/100\n|detailschange|p1a: Floette|Floette-Mega, L50, F, shiny\n|-mega|p1a: Floette|Floette|Floettite\n|-ability|p1a: Floette|Fairy Aura\n|move|p1b: Tinkaton|Fake Out||[still]\n|cant|p2b: Tsareena|ability: Queenly Majesty|Fake Out|[of] p1b: Tinkaton\n|move|p2a: Excadrill|Earthquake|p1a: Floette|[spread] p2b,p1a,p1b\n|-resisted|p2b: Tsareena|1\n|-supereffective|p1b: Tinkaton|1\n|-enditem|p1b: Tinkaton|Shuca Berry|[eat]\n|-enditem|p1b: Tinkaton|Shuca Berry|[weaken]\n|-damage|p2b: Tsareena|76/100\n|-damage|p1a: Floette|63/100\n|-damage|p1b: Tinkaton|60/100\n|move|p1a: Floette|Dazzling Gleam|p2b: Tsareena|[spread] p2a,p2b\n|-resisted|p2a: Excadrill|1\n|-damage|p2a: Excadrill|70/100\n|-damage|p2b: Tsareena|23/100\n|\n|upkeep\n|turn|2\n|\n|t:|1776598263\n|switch|p2a: Whimsicott|Whimsicott, L50, F|100/100\n|switch|p1b: Incineroar|Incineroar, L50, M|100/100\n|-ability|p1b: Incineroar|Intimidate|boost\n|-unboost|p2a: Whimsicott|atk|1\n|-unboost|p2b: Tsareena|atk|1\n|move|p2b: Tsareena|U-turn|p1b: Incineroar\n|-damage|p1b: Incineroar|89/100\n|\n|t:|1776598269\n|switch|p2b: Chandelure|Chandelure, L50, F, shiny|100/100|[from] U-turn\n|move|p1a: Floette|Dazzling Gleam|p2b: Chandelure|[spread] p2a,p2b\n|-resisted|p2b: Chandelure|1\n|-damage|p2a: Whimsicott|37/100\n|-damage|p2b: Chandelure|66/100\n|\n|upkeep\n|turn|3\n|\n|t:|1776598285\n|switch|p2b: Tsareena|Tsareena, L50, F|23/100\n|move|p2a: Whimsicott|Tailwind|p2a: Whimsicott\n|-sidestart|p2: Mikitrash|move: Tailwind\n|move|p1a: Floette|Dazzling Gleam|p2a: Whimsicott|[spread] p2a,p2b\n|-damage|p2a: Whimsicott|0 fnt\n|-damage|p2b: Tsareena|0 fnt\n|faint|p2a: Whimsicott\n|faint|p2b: Tsareena\n|move|p1b: Incineroar|Parting Shot|p2: Whimsicott|[notarget]\n|-fail|p1b: Incineroar\n|\n|upkeep\n|\n|t:|1776598289\n|switch|p2a: Excadrill|Excadrill, L50, F, shiny|70/100\n|switch|p2b: Chandelure|Chandelure, L50, F, shiny|66/100\n|-ability|p2a: Excadrill|Mold Breaker\n|turn|4\n|\n|t:|1776598297\n|switch|p1b: Tinkaton|Tinkaton, L50, F, shiny|60/100\n|detailschange|p2b: Chandelure|Chandelure-Mega, L50, F, shiny\n|-mega|p2b: Chandelure|Chandelure|Chandelurite\n|move|p1a: Floette|Protect|p1a: Floette\n|-singleturn|p1a: Floette|Protect\n|move|p2a: Excadrill|Rock Slide|p1a: Floette|[spread] p1b\n|-activate|p1a: Floette|move: Protect\n|-resisted|p1b: Tinkaton|1\n|-damage|p1b: Tinkaton|49/100\n|move|p2b: Chandelure|Heat Wave|p1a: Floette|[spread] p1b\n|-activate|p1a: Floette|move: Protect\n|-supereffective|p1b: Tinkaton|1\n|-damage|p1b: Tinkaton|0 fnt\n|faint|p1b: Tinkaton\n|\n|upkeep\n|\n|t:|1776598308\n|switch|p1b: Incineroar|Incineroar, L50, M|89/100\n|-ability|p1b: Incineroar|Intimidate|boost\n|-unboost|p2a: Excadrill|atk|1\n|-unboost|p2b: Chandelure|atk|1\n|turn|5\n|\n|t:|1776598316\n|move|p2a: Excadrill|Rock Slide|p1a: Floette|[spread] p1a,p1b\n|-supereffective|p1b: Incineroar|1\n|-damage|p1a: Floette|52/100\n|-damage|p1b: Incineroar|67/100\n|move|p2b: Chandelure|Overheat|p1a: Floette|[miss]\n|-miss|p2b: Chandelure|p1a: Floette\n|move|p1a: Floette|Moonblast|p2b: Chandelure\n|-resisted|p2b: Chandelure|1\n|-damage|p2b: Chandelure|25/100\n|cant|p1b: Incineroar|flinch\n|\n|upkeep\n|turn|6\n|\n|t:|1776598328\n|move|p2a: Excadrill|Rock Slide|p1b: Incineroar|[spread] p1a,p1b\n|-supereffective|p1b: Incineroar|1\n|-damage|p1a: Floette|40/100\n|-damage|p1b: Incineroar|48/100\n|move|p2b: Chandelure|Heat Wave|p1b: Incineroar|[spread] p1a,p1b\n|-resisted|p1b: Incineroar|1\n|-crit|p1b: Incineroar\n|-damage|p1a: Floette|3/100\n|-damage|p1b: Incineroar|13/100\n|move|p1a: Floette|Moonblast|p2b: Chandelure\n|-resisted|p2b: Chandelure|1\n|-damage|p2b: Chandelure|0 fnt\n|faint|p2b: Chandelure\n|move|p1b: Incineroar|Flare Blitz|p2a: Excadrill\n|-supereffective|p2a: Excadrill|1\n|-damage|p2a: Excadrill|0 fnt\n|faint|p2a: Excadrill\n|-damage|p1b: Incineroar|0 fnt|[from] Recoil\n|faint|p1b: Incineroar\n|\n|win|ppyyy-inertia\n|l|\u2606Mikitrash\n|player|p2|\n",
  "uploadtime": 1776598332,
  "views": 6,
  "formatid": "gen9championsvgc2026regma",
  "rating": null,
  "private": 0,
  "password": null
}