{
  "id": "gen9championsvgc2026regma-2586974546",
  "format": "[Gen 9 Champions] VGC 2026 Reg M-A",
  "players": [
    "Meltan808",
    "pinkyffl"
  ],
  "log": "|j|\u2606Meltan808\n|j|\u2606pinkyffl\n|t:|1776477266\n|gametype|doubles\n|player|p1|Meltan808|lance-masters|1078\n|player|p2|pinkyffl|1|1165\n|gen|9\n|tier|[Gen 9 Champions] VGC 2026 Reg M-A\n|rated|\n|rule|Species Clause: Limit one of each Pok\u00e9mon\n|rule|Item Clause: Limit 1 of each item\n|clearpoke\n|poke|p1|Archaludon, L50, M|\n|poke|p1|Sinistcha, L50|\n|poke|p1|Palafin, L50, F|\n|poke|p1|Basculegion, L50, M|\n|poke|p1|Pelipper, L50, F|\n|poke|p1|Dragonite, L50, F|\n|poke|p2|Skarmory, L50, F|\n|poke|p2|Zoroark-Hisui, L50, M|\n|poke|p2|Garchomp, L50, M|\n|poke|p2|Tyranitar, L50, M|\n|poke|p2|Rotom-Wash, L50|\n|poke|p2|Sneasler, L50, F|\n|teampreview|4\n|inactive|Battle timer is ON: inactive players will automatically lose when time's up. (requested by Meltan808)\nMeltan808 rejected open team sheets.\n|\n|t:|1776477290\n|teamsize|p1|4\n|teamsize|p2|4\n|start\n|switch|p1a: \u30a4\u30eb\u30ab\u30de\u30f3|Palafin, L50, F|100/100\n|switch|p1b: \u30d6\u30ea\u30b8\u30e5\u30e9\u30b9|Archaludon, L50, M, shiny|100/100\n|switch|p2a: Tyranitar|Tyranitar, L50, M|100/100\n|switch|p2b: Rotom|Rotom-Wash, L50|100/100\n|-weather|Sandstorm|[from] ability: Sand Stream|[of] p2a: Tyranitar\n|turn|1\n|inactive|pinkyffl has 30 seconds left.\n|inactive|pinkyffl has 20 seconds left.\n|\n|t:|1776477325\n|move|p2b: Rotom|Trick|p1b: \u30d6\u30ea\u30b8\u30e5\u30e9\u30b9\n|-activate|p2b: Rotom|move: Trick|[of] p1b: \u30d6\u30ea\u30b8\u30e5\u30e9\u30b9\n|-item|p1b: \u30d6\u30ea\u30b8\u30e5\u30e9\u30b9|Choice Scarf|[from] move: Trick\n|-item|p2b: Rotom|Leftovers|[from] move: Trick\n|move|p1a: \u30a4\u30eb\u30ab\u30de\u30f3|Flip Turn|p2a: Tyranitar\n|-supereffective|p2a: Tyranitar|1\n|-damage|p2a: Tyranitar|70/100\n|\n|t:|1776477333\n|detailschange|p1a: \u30a4\u30eb\u30ab\u30de\u30f3|Palafin-Hero, L50, F\n|switch|p1a: \u30da\u30ea\u30c3\u30d1\u30fc|Pelipper, L50, F, shiny|100/100|[from] Flip Turn\n|-weather|RainDance|[from] ability: Drizzle|[of] p1a: \u30da\u30ea\u30c3\u30d1\u30fc\n|move|p1b: \u30d6\u30ea\u30b8\u30e5\u30e9\u30b9|Flash Cannon|p2a: Tyranitar\n|-supereffective|p2a: Tyranitar|1\n|-damage|p2a: Tyranitar|1/100\n|-enditem|p2a: Tyranitar|Sitrus Berry|[eat]\n|-heal|p2a: Tyranitar|26/100|[from] item: Sitrus Berry\n|move|p2a: Tyranitar|Stealth Rock|p1a: \u30da\u30ea\u30c3\u30d1\u30fc\n|-sidestart|p1: Meltan808|move: Stealth Rock\n|\n|-weather|RainDance|[upkeep]\n|upkeep\n|turn|2\n|\n|t:|1776477350\n|switch|p1a: \u30a4\u30eb\u30ab\u30de\u30f3|Palafin-Hero, L50, F|100/100\n|-damage|p1a: \u30a4\u30eb\u30ab\u30de\u30f3|88/100|[from] Stealth Rock\n|-activate|p1a: \u30a4\u30eb\u30ab\u30de\u30f3|ability: Zero to Hero\n|switch|p2a: Rotom|Rotom-Wash, L50|100/100\n|move|p2b: Rotom|Hyper Voice|p1a: \u30a4\u30eb\u30ab\u30de\u30f3|[spread] p1a,p1b\n|-resisted|p1b: \u30d6\u30ea\u30b8\u30e5\u30e9\u30b9|1\n|-damage|p1a: \u30a4\u30eb\u30ab\u30de\u30f3|47/100\n|-damage|p1b: \u30d6\u30ea\u30b8\u30e5\u30e9\u30b9|81/100\n|-ability|p1b: \u30d6\u30ea\u30b8\u30e5\u30e9\u30b9|Stamina|boost\n|-boost|p1b: \u30d6\u30ea\u30b8\u30e5\u30e9\u30b9|def|1\n|move|p1b: \u30d6\u30ea\u30b8\u30e5\u30e9\u30b9|Flash Cannon|p2a: Rotom\n|-resisted|p2a: Rotom|2\n|-damage|p2a: Rotom|90/100\n|\n|-weather|RainDance|[upkeep]\n|-heal|p2a: Rotom|96/100|[from] item: Leftovers\n|upkeep\n|turn|3\n|\n|t:|1776477373\n|switch|p1b: \u30ab\u30a4\u30ea\u30e5\u30fc|Dragonite, L50, F, shiny|100/100\n|-damage|p1b: \u30ab\u30a4\u30ea\u30e5\u30fc|75/100|[from] Stealth Rock\n|move|p1a: \u30a4\u30eb\u30ab\u30de\u30f3|Liquidation|p2b: Rotom\n|-damage|p2b: Rotom|0 fnt\n|replace|p2b: Zoroark|Zoroark-Hisui, L50, M\n|-end|p2b: Zoroark|Illusion\n|faint|p2b: Zoroark\n|move|p2a: Rotom|Volt Switch|p1a: \u30a4\u30eb\u30ab\u30de\u30f3\n|-supereffective|p1a: \u30a4\u30eb\u30ab\u30de\u30f3|1\n|-damage|p1a: \u30a4\u30eb\u30ab\u30de\u30f3|0 fnt\n|faint|p1a: \u30a4\u30eb\u30ab\u30de\u30f3\n|\n|t:|1776477386\n|switch|p2a: Tyranitar|Tyranitar, L50, M|26/100|[from] Volt Switch\n|-weather|Sandstorm|[from] ability: Sand Stream|[of] p2a: Tyranitar\n|\n|-weather|Sandstorm|[upkeep]\n|-damage|p1b: \u30ab\u30a4\u30ea\u30e5\u30fc|69/100|[from] Sandstorm\n|upkeep\n|\n|t:|1776477395\n|switch|p2b: Rotom|Rotom-Wash, L50|96/100\n|switch|p1a: \u30da\u30ea\u30c3\u30d1\u30fc|Pelipper, L50, F, shiny|100/100\n|-damage|p1a: \u30da\u30ea\u30c3\u30d1\u30fc|76/100|[from] Stealth Rock\n|-weather|RainDance|[from] ability: Drizzle|[of] p1a: \u30da\u30ea\u30c3\u30d1\u30fc\n|turn|4\n|\n|t:|1776477408\n|switch|p1a: \u30d6\u30ea\u30b8\u30e5\u30e9\u30b9|Archaludon, L50, M, shiny|81/100\n|-damage|p1a: \u30d6\u30ea\u30b8\u30e5\u30e9\u30b9|75/100|[from] Stealth Rock\n|detailschange|p1b: \u30ab\u30a4\u30ea\u30e5\u30fc|Dragonite-Mega, L50, F, shiny\n|-mega|p1b: \u30ab\u30a4\u30ea\u30e5\u30fc|Dragonite|Dragoninite\n|move|p1b: \u30ab\u30a4\u30ea\u30e5\u30fc|Dragon Pulse|p2a: Tyranitar\n|-damage|p2a: Tyranitar|0 fnt\n|faint|p2a: Tyranitar\n|move|p2b: Rotom|Volt Switch|p1a: \u30d6\u30ea\u30b8\u30e5\u30e9\u30b9\n|-resisted|p1a: \u30d6\u30ea\u30b8\u30e5\u30e9\u30b9|1\n|-damage|p1a: \u30d6\u30ea\u30b8\u30e5\u30e9\u30b9|60/100\n|-ability|p1a: \u30d6\u30ea\u30b8\u30e5\u30e9\u30b9|Stamina|boost\n|-boost|p1a: \u30d6\u30ea\u30b8\u30e5\u30e9\u30b9|def|1\n|\n|t:|1776477418\n|switch|p2b: Skarmory|Skarmory, L50, F|100/100|[from] Volt Switch\n|\n|-weather|RainDance|[upkeep]\n|upkeep\n|\n|t:|1776477420\n|switch|p2a: Rotom|Rotom-Wash, L50|96/100\n|turn|5\n|\n|t:|1776477431\n|detailschange|p2b: Skarmory|Skarmory-Mega, L50, F\n|-mega|p2b: Skarmory|Skarmory|Skarmorite\n|move|p2b: Skarmory|Iron Head|p1a: \u30d6\u30ea\u30b8\u30e5\u30e9\u30b9\n|-resisted|p1a: \u30d6\u30ea\u30b8\u30e5\u30e9\u30b9|1\n|-damage|p1a: \u30d6\u30ea\u30b8\u30e5\u30e9\u30b9|49/100\n|-ability|p1a: \u30d6\u30ea\u30b8\u30e5\u30e9\u30b9|Stamina|boost\n|-boost|p1a: \u30d6\u30ea\u30b8\u30e5\u30e9\u30b9|def|1\n|move|p1a: \u30d6\u30ea\u30b8\u30e5\u30e9\u30b9|Draco Meteor|p2a: Rotom\n|-damage|p2a: Rotom|32/100\n|-unboost|p1a: \u30d6\u30ea\u30b8\u30e5\u30e9\u30b9|spa|2\n|move|p1b: \u30ab\u30a4\u30ea\u30e5\u30fc|Thunder|p2b: Skarmory\n|-supereffective|p2b: Skarmory|1\n|-damage|p2b: Skarmory|0 fnt\n|faint|p2b: Skarmory\n|move|p2a: Rotom|Hydro Pump|p1a: \u30d6\u30ea\u30b8\u30e5\u30e9\u30b9|[miss]\n|-miss|p2a: Rotom|p1a: \u30d6\u30ea\u30b8\u30e5\u30e9\u30b9\n|\n|-weather|RainDance|[upkeep]\n|-heal|p2a: Rotom|38/100|[from] item: Leftovers\n|upkeep\n|turn|6\n|-message|pinkyffl forfeited.\n|\n|win|Meltan808\n|raw|Meltan808's rating: 1078 &rarr; <strong>1113</strong><br />(+35 for winning)\n|raw|pinkyffl's rating: 1165 &rarr; <strong>1134</strong><br />(-31 for losing)\n|l|\u2606pinkyffl\n|player|p2|\n",
  "uploadtime": 1776477453,
  "views": 28,
  "formatid": "gen9championsvgc2026regma",
  "rating": 1113,
  "private": 0,
  "password": null
}