{
  "id": "gen9championsvgc2026regma-2585092913",
  "format": "[Gen 9 Champions] VGC 2026 Reg M-A",
  "players": [
    "tastytjuice",
    "strickhon"
  ],
  "log": "|j|\u2606tastytjuice\n|j|\u2606strickhon\n|t:|1776310977\n|gametype|doubles\n|player|p1|tastytjuice|1|1323\n|player|p2|strickhon|170|1226\n|gen|9\n|tier|[Gen 9 Champions] VGC 2026 Reg M-A\n|rated|\n|rule|Species Clause: Limit one of each Pok\u00e9mon\n|rule|Item Clause: Limit 1 of each item\n|clearpoke\n|poke|p1|Tyranitar, L50, F|\n|poke|p1|Excadrill, L50, M|\n|poke|p1|Incineroar, L50, M|\n|poke|p1|Rotom-Wash, L50|\n|poke|p1|Basculegion, L50, M|\n|poke|p1|Milotic, L50, F|\n|poke|p2|Typhlosion-Hisui, L50, M|\n|poke|p2|Venusaur, L50, F|\n|poke|p2|Garchomp, L50, F|\n|poke|p2|Ninetales, L50, F|\n|poke|p2|Talonflame, L50, F|\n|poke|p2|Rotom-Wash, L50|\n|teampreview|4\n|\n|t:|1776311007\n|teamsize|p1|4\n|teamsize|p2|4\n|start\n|switch|p1a: Tyranitar|Tyranitar, L50, F, shiny|100/100\n|switch|p1b: Excadrill|Excadrill, L50, M|100/100\n|switch|p2a: Rotom|Rotom-Wash, L50|100/100\n|switch|p2b: Venusaur|Venusaur, L50, F|100/100\n|-weather|Sandstorm|[from] ability: Sand Stream|[of] p1a: Tyranitar\n|turn|1\n|\n|t:|1776311043\n|switch|p2b: Garchomp|Garchomp, L50, F|100/100\n|detailschange|p1a: Tyranitar|Tyranitar-Mega, L50, F, shiny\n|-mega|p1a: Tyranitar|Tyranitar|Tyranitarite\n|move|p1a: Tyranitar|Protect|p1a: Tyranitar\n|-singleturn|p1a: Tyranitar|Protect\n|move|p1b: Excadrill|Earthquake|p2b: Garchomp|[spread] p2b\n|-activate|p1a: Tyranitar|move: Protect\n|-immune|p2a: Rotom|[from] ability: Levitate\n|-damage|p2b: Garchomp|63/100\n|move|p2a: Rotom|Will-O-Wisp|p1b: Excadrill\n|-status|p1b: Excadrill|brn\n|\n|-weather|Sandstorm|[upkeep]\n|-damage|p2a: Rotom|95/100|[from] Sandstorm\n|-heal|p2a: Rotom|100/100|[from] item: Leftovers\n|-damage|p1b: Excadrill|95/100 brn|[from] brn\n|upkeep\n|turn|2\n|\n|t:|1776311090\n|switch|p1a: Incineroar|Incineroar, L50, M|100/100\n|-ability|p1a: Incineroar|Intimidate|boost\n|-unboost|p2a: Rotom|atk|1\n|-unboost|p2b: Garchomp|atk|1\n|move|p1b: Excadrill|Rock Slide|p2a: Rotom|[spread] p2a,p2b\n|-resisted|p2b: Garchomp|1\n|-damage|p2a: Rotom|90/100\n|-damage|p2b: Garchomp|58/100\n|cant|p2b: Garchomp|flinch\n|move|p2a: Rotom|Will-O-Wisp|p1a: Incineroar\n|-immune|p1a: Incineroar\n|\n|-weather|Sandstorm|[upkeep]\n|-damage|p2a: Rotom|84/100|[from] Sandstorm\n|-damage|p1a: Incineroar|95/100|[from] Sandstorm\n|-heal|p2a: Rotom|90/100|[from] item: Leftovers\n|-damage|p1b: Excadrill|89/100 brn|[from] brn\n|upkeep\n|turn|3\n|\n|t:|1776311115\n|move|p2b: Garchomp|Protect|p2b: Garchomp\n|-singleturn|p2b: Garchomp|Protect\n|move|p1a: Incineroar|Fake Out|p2b: Garchomp\n|-activate|p2b: Garchomp|move: Protect\n|move|p1b: Excadrill|Rock Slide|p2b: Garchomp|[spread] p2a\n|-activate|p2b: Garchomp|move: Protect\n|-damage|p2a: Rotom|78/100\n|move|p2a: Rotom|Volt Switch|p1a: Incineroar\n|-damage|p1a: Incineroar|70/100\n|\n|t:|1776311127\n|switch|p2a: Venusaur|Venusaur, L50, F|100/100|[from] Volt Switch\n|\n|-weather|Sandstorm|[upkeep]\n|-damage|p2a: Venusaur|95/100|[from] Sandstorm\n|-damage|p1a: Incineroar|64/100|[from] Sandstorm\n|-damage|p1b: Excadrill|83/100 brn|[from] brn\n|upkeep\n|turn|4\n|\n|t:|1776311160\n|detailschange|p2a: Venusaur|Venusaur-Mega, L50, F\n|-mega|p2a: Venusaur|Venusaur|Venusaurite\n|move|p2a: Venusaur|Protect|p2a: Venusaur\n|-singleturn|p2a: Venusaur|Protect\n|move|p1b: Excadrill|Rock Slide|p2b: Garchomp|[spread] p2b\n|-activate|p2a: Venusaur|move: Protect\n|-resisted|p2b: Garchomp|1\n|-damage|p2b: Garchomp|53/100\n|cant|p2b: Garchomp|flinch\n|move|p1a: Incineroar|Parting Shot|p2a: Venusaur\n|-activate|p2a: Venusaur|move: Protect\n|\n|-weather|Sandstorm|[upkeep]\n|-damage|p2a: Venusaur|89/100|[from] Sandstorm\n|-damage|p1a: Incineroar|58/100|[from] Sandstorm\n|-damage|p1b: Excadrill|77/100 brn|[from] brn\n|upkeep\n|turn|5\n|\n|t:|1776311178\n|move|p1b: Excadrill|Rock Slide|p2a: Venusaur|[spread] p2a,p2b\n|-resisted|p2b: Garchomp|1\n|-damage|p2a: Venusaur|80/100\n|-damage|p2b: Garchomp|48/100\n|cant|p2b: Garchomp|flinch\n|cant|p2a: Venusaur|flinch\n|move|p1a: Incineroar|Parting Shot|p2a: Venusaur\n|-unboost|p2a: Venusaur|atk|1\n|-unboost|p2a: Venusaur|spa|1\n|c|\u2606strickhon|XDDDDD\n|c|\u2606tastytjuice|LMAO\n|\n|t:|1776311195\n|switch|p1a: Milotic|Milotic, L50, F, shiny|100/100|[from] Parting Shot\n|\n|-weather|none\n|-damage|p1b: Excadrill|71/100 brn|[from] brn\n|upkeep\n|turn|6\n|\n|t:|1776311225\n|switch|p1b: Incineroar|Incineroar, L50, M|58/100\n|-ability|p1b: Incineroar|Intimidate|boost\n|-unboost|p2a: Venusaur|atk|1\n|-unboost|p2b: Garchomp|atk|1\n|switch|p2a: Rotom|Rotom-Wash, L50|78/100\n|move|p2b: Garchomp|Earthquake|p1b: Incineroar|[spread] p1a,p1b\n|-immune|p2a: Rotom|[from] ability: Levitate\n|-crit|p1a: Milotic\n|-supereffective|p1b: Incineroar|1\n|-damage|p1a: Milotic|43/100\n|-damage|p1b: Incineroar|28/100\n|-enditem|p1b: Incineroar|Sitrus Berry|[eat]\n|-heal|p1b: Incineroar|52/100|[from] item: Sitrus Berry\n|move|p1a: Milotic|Icy Wind|p2b: Garchomp|[spread] p2a,p2b\n|-resisted|p2a: Rotom|1\n|-supereffective|p2b: Garchomp|2\n|-enditem|p2b: Garchomp|Yache Berry|[eat]\n|-enditem|p2b: Garchomp|Yache Berry|[weaken]\n|-damage|p2a: Rotom|73/100\n|-damage|p2b: Garchomp|26/100\n|-unboost|p2a: Rotom|spe|1\n|-unboost|p2b: Garchomp|spe|1\n|\n|-heal|p1a: Milotic|49/100|[from] item: Leftovers\n|-heal|p2a: Rotom|79/100|[from] item: Leftovers\n|upkeep\n|turn|7\n|\n|t:|1776311247\n|switch|p2b: Venusaur|Venusaur-Mega, L50, F|80/100\n|move|p1a: Milotic|Recover|p1a: Milotic\n|-heal|p1a: Milotic|99/100\n|move|p2a: Rotom|Electroweb|p1a: Milotic|[spread] p1a,p1b\n|-supereffective|p1a: Milotic|1\n|-damage|p1a: Milotic|81/100\n|-damage|p1b: Incineroar|40/100\n|-unboost|p1a: Milotic|spe|1\n|-ability|p1a: Milotic|Competitive|boost\n|-boost|p1a: Milotic|spa|2\n|-unboost|p1b: Incineroar|spe|1\n|move|p1b: Incineroar|Parting Shot|p2a: Rotom\n|-unboost|p2a: Rotom|atk|1\n|-unboost|p2a: Rotom|spa|1\n|\n|t:|1776311265\n|switch|p1b: Tyranitar|Tyranitar-Mega, L50, F, shiny|100/100|[from] Parting Shot\n|-weather|Sandstorm|[from] ability: Sand Stream|[of] p1b: Tyranitar\n|\n|-weather|Sandstorm|[upkeep]\n|-damage|p2b: Venusaur|74/100|[from] Sandstorm\n|-damage|p2a: Rotom|73/100|[from] Sandstorm\n|-damage|p1a: Milotic|75/100|[from] Sandstorm\n|-heal|p2a: Rotom|79/100|[from] item: Leftovers\n|-heal|p1a: Milotic|81/100|[from] item: Leftovers\n|upkeep\n|turn|8\n|\n|t:|1776311287\n|switch|p1b: Incineroar|Incineroar, L50, M|40/100\n|-ability|p1b: Incineroar|Intimidate|boost\n|-unboost|p2a: Rotom|atk|1\n|-unboost|p2b: Venusaur|atk|1\n|switch|p2a: Ninetales|Ninetales, L50, F|100/100\n|-weather|SunnyDay|[from] ability: Drought|[of] p2a: Ninetales\n|move|p1a: Milotic|Protect|p1a: Milotic\n|-singleturn|p1a: Milotic|Protect\n|move|p2b: Venusaur|Giga Drain|p1a: Milotic\n|-activate|p1a: Milotic|move: Protect\n|\n|-weather|SunnyDay|[upkeep]\n|-heal|p1a: Milotic|87/100|[from] item: Leftovers\n|upkeep\n|turn|9\n|\n|t:|1776311311\n|switch|p2a: Rotom|Rotom-Wash, L50|79/100\n|move|p2b: Venusaur|Protect|p2b: Venusaur\n|-singleturn|p2b: Venusaur|Protect\n|move|p1b: Incineroar|Fake Out|p2b: Venusaur\n|-activate|p2b: Venusaur|move: Protect\n|move|p1a: Milotic|Scald|p2a: Rotom\n|-resisted|p2a: Rotom|1\n|-damage|p2a: Rotom|64/100\n|-status|p2a: Rotom|brn\n|\n|-weather|SunnyDay|[upkeep]\n|-heal|p2a: Rotom|70/100 brn|[from] item: Leftovers\n|-heal|p1a: Milotic|93/100|[from] item: Leftovers\n|-damage|p2a: Rotom|64/100 brn|[from] brn\n|upkeep\n|turn|10\n|\n|t:|1776311335\n|switch|p1b: Tyranitar|Tyranitar-Mega, L50, F, shiny|100/100\n|-weather|Sandstorm|[from] ability: Sand Stream|[of] p1b: Tyranitar\n|move|p1a: Milotic|Protect|p1a: Milotic\n|-singleturn|p1a: Milotic|Protect\n|move|p2a: Rotom|Volt Switch|p1a: Milotic\n|-activate|p1a: Milotic|move: Protect\n|move|p2b: Venusaur|Sludge Bomb|p1b: Tyranitar\n|-resisted|p1b: Tyranitar|1\n|-damage|p1b: Tyranitar|90/100\n|\n|-weather|Sandstorm|[upkeep]\n|-damage|p2a: Rotom|58/100 brn|[from] Sandstorm\n|-damage|p2b: Venusaur|68/100|[from] Sandstorm\n|-damage|p1a: Milotic|87/100|[from] Sandstorm\n|-heal|p2a: Rotom|64/100 brn|[from] item: Leftovers\n|-heal|p1a: Milotic|93/100|[from] item: Leftovers\n|-damage|p2a: Rotom|58/100 brn|[from] brn\n|upkeep\n|turn|11\n|\n|t:|1776311385\n|move|p2a: Rotom|Will-O-Wisp|p1b: Tyranitar\n|-status|p1b: Tyranitar|brn\n|move|p2b: Venusaur|Leech Seed|p1a: Milotic|[miss]\n|-miss|p2b: Venusaur|p1a: Milotic\n|move|p1b: Tyranitar|Rock Slide|p2a: Rotom|[spread] p2a,p2b\n|-damage|p2a: Rotom|38/100 brn\n|-damage|p2b: Venusaur|53/100\n|move|p1a: Milotic|Scald|p2a: Rotom\n|-resisted|p2a: Rotom|1\n|-damage|p2a: Rotom|11/100 brn\n|\n|-weather|Sandstorm|[upkeep]\n|-damage|p2a: Rotom|6/100 brn|[from] Sandstorm\n|-damage|p2b: Venusaur|47/100|[from] Sandstorm\n|-damage|p1a: Milotic|87/100|[from] Sandstorm\n|-heal|p2a: Rotom|11/100 brn|[from] item: Leftovers\n|-heal|p1a: Milotic|93/100|[from] item: Leftovers\n|-damage|p2a: Rotom|6/100 brn|[from] brn\n|-damage|p1b: Tyranitar|84/100 brn|[from] brn\n|upkeep\n|turn|12\n|\n|t:|1776311407\n|switch|p1b: Incineroar|Incineroar, L50, M|40/100\n|-ability|p1b: Incineroar|Intimidate|boost\n|-unboost|p2a: Rotom|atk|1\n|-unboost|p2b: Venusaur|atk|1\n|move|p1a: Milotic|Protect|p1a: Milotic\n|-singleturn|p1a: Milotic|Protect\n|move|p2a: Rotom|Volt Switch|p1a: Milotic\n|-activate|p1a: Milotic|move: Protect\n|move|p2b: Venusaur|Giga Drain|p1b: Incineroar\n|-resisted|p1b: Incineroar|1\n|-damage|p1b: Incineroar|24/100\n|-heal|p2b: Venusaur|56/100|[from] drain|[of] p1b: Incineroar\n|\n|-weather|Sandstorm|[upkeep]\n|-damage|p2a: Rotom|0 fnt|[from] Sandstorm\n|-damage|p2b: Venusaur|50/100|[from] Sandstorm\n|-damage|p1b: Incineroar|18/100|[from] Sandstorm\n|-damage|p1a: Milotic|87/100|[from] Sandstorm\n|faint|p2a: Rotom\n|-heal|p1a: Milotic|93/100|[from] item: Leftovers\n|upkeep\n|\n|t:|1776311421\n|switch|p2a: Ninetales|Ninetales, L50, F|100/100\n|-weather|SunnyDay|[from] ability: Drought|[of] p2a: Ninetales\n|turn|13\n|\n|t:|1776311443\n|switch|p1b: Tyranitar|Tyranitar-Mega, L50, F, shiny|84/100 brn\n|-weather|Sandstorm|[from] ability: Sand Stream|[of] p1b: Tyranitar\n|move|p2a: Ninetales|Fire Blast|p1b: Tyranitar\n|-resisted|p1b: Tyranitar|1\n|-damage|p1b: Tyranitar|75/100 brn\n|move|p2b: Venusaur|Giga Drain|p1a: Milotic\n|-supereffective|p1a: Milotic|1\n|-damage|p1a: Milotic|53/100\n|-heal|p2b: Venusaur|71/100|[from] drain|[of] p1a: Milotic\n|move|p1a: Milotic|Icy Wind|p2a: Ninetales|[spread] p2a,p2b\n|-resisted|p2a: Ninetales|1\n|-crit|p2a: Ninetales\n|-supereffective|p2b: Venusaur|1\n|-damage|p2a: Ninetales|88/100\n|-damage|p2b: Venusaur|55/100\n|-unboost|p2a: Ninetales|spe|1\n|-unboost|p2b: Venusaur|spe|1\n|\n|-weather|Sandstorm|[upkeep]\n|-damage|p2a: Ninetales|82/100|[from] Sandstorm\n|-damage|p2b: Venusaur|49/100|[from] Sandstorm\n|-damage|p1a: Milotic|47/100|[from] Sandstorm\n|-heal|p1a: Milotic|53/100|[from] item: Leftovers\n|-damage|p1b: Tyranitar|69/100 brn|[from] brn\n|upkeep\n|turn|14\n|\n|t:|1776311483\n|switch|p2a: Garchomp|Garchomp, L50, F|26/100\n|move|p1b: Tyranitar|Rock Slide|p2a: Garchomp|[spread] p2a,p2b\n|-resisted|p2a: Garchomp|1\n|-damage|p2a: Garchomp|18/100\n|-damage|p2b: Venusaur|35/100\n|cant|p2b: Venusaur|flinch\n|move|p1a: Milotic|Recover|p1a: Milotic\n|-heal|p1a: Milotic|100/100\n|\n|-weather|Sandstorm|[upkeep]\n|-damage|p2b: Venusaur|29/100|[from] Sandstorm\n|-damage|p1a: Milotic|95/100|[from] Sandstorm\n|-heal|p1a: Milotic|100/100|[from] item: Leftovers\n|-damage|p1b: Tyranitar|63/100 brn|[from] brn\n|upkeep\n|turn|15\n|-message|strickhon forfeited.\n|\n|win|tastytjuice\n|raw|tastytjuice's rating: 1323 &rarr; <strong>1338</strong><br />(+15 for winning)\n|raw|strickhon's rating: 1226 &rarr; <strong>1208</strong><br />(-18 for losing)\n|l|\u2606strickhon\n|player|p2|\n|c|\u2606tastytjuice|ggs\n",
  "uploadtime": 1776311514,
  "views": 23,
  "formatid": "gen9championsvgc2026regma",
  "rating": 1208,
  "private": 0,
  "password": null
}