{
  "id": "gen9championsvgc2026regma-2586319617",
  "format": "[Gen 9 Champions] VGC 2026 Reg M-A",
  "players": [
    "lolwhale",
    "davidelgafe"
  ],
  "log": "|j|\u2606lolwhale\n|j|\u2606davidelgafe\n|t:|1776424895\n|gametype|doubles\n|player|p1|lolwhale|2|1154\n|player|p2|davidelgafe|blue|1144\n|gen|9\n|tier|[Gen 9 Champions] VGC 2026 Reg M-A\n|rated|\n|rule|Species Clause: Limit one of each Pok\u00e9mon\n|rule|Item Clause: Limit 1 of each item\n|clearpoke\n|poke|p1|Chimecho, L50, F|\n|poke|p1|Incineroar, L50, M|\n|poke|p1|Kleavor, L50, F|\n|poke|p1|Sneasler, L50, F|\n|poke|p1|Pelipper, L50, F|\n|poke|p1|Basculegion-F, L50, F|\n|poke|p2|Charizard, L50, M|\n|poke|p2|Venusaur, L50, F|\n|poke|p2|Sneasler, L50, M|\n|poke|p2|Farigiraf, L50, M|\n|poke|p2|Tauros-Paldea-Aqua, L50, M|\n|poke|p2|Dragonite, L50, F|\n|teampreview|4\n|\n|t:|1776424952\n|teamsize|p1|4\n|teamsize|p2|4\n|start\n|switch|p1a: Kleavor|Kleavor, L50, F|100/100\n|switch|p1b: Incineroar|Incineroar, L50, M|100/100\n|switch|p2a: Tauros|Tauros-Paldea-Aqua, L50, M|100/100\n|switch|p2b: Farigiraf|Farigiraf, L50, M|100/100\n|-ability|p2a: Tauros|Intimidate|boost\n|-unboost|p1a: Kleavor|atk|1\n|-unboost|p1b: Incineroar|atk|1\n|-ability|p1b: Incineroar|Intimidate|boost\n|-unboost|p2a: Tauros|atk|1\n|-unboost|p2b: Farigiraf|atk|1\n|turn|1\n|l|\u2606davidelgafe\n|player|p2|\n|j|\u2606davidelgafe\n|player|p2|davidelgafe|blue|\n|\n|t:|1776424983\n|switch|p1b: Basculegion|Basculegion-F, L50, F|100/100\n|move|p2b: Farigiraf|Helping Hand|p2a: Tauros\n|-singleturn|p2a: Tauros|Helping Hand|[of] p2b: Farigiraf\n|move|p2a: Tauros|Wave Crash|p1a: Kleavor\n|-supereffective|p1a: Kleavor|1\n|-enditem|p1a: Kleavor|Focus Sash\n|-damage|p1a: Kleavor|1/100\n|-damage|p2a: Tauros|69/100|[from] Recoil\n|move|p1a: Kleavor|Stone Axe|p2b: Farigiraf|[miss]\n|-miss|p1a: Kleavor|p2b: Farigiraf\n|\n|upkeep\n|turn|2\n|inactive|Battle timer is ON: inactive players will automatically lose when time's up. (requested by davidelgafe)\n|\n|t:|1776425032\n|move|p1a: Kleavor|Protect|p1a: Kleavor\n|-singleturn|p1a: Kleavor|Protect\n|move|p2a: Tauros|Wave Crash|p1a: Kleavor\n|-activate|p1a: Kleavor|move: Protect\n|move|p1b: Basculegion|Shadow Ball|p2a: Tauros\n|-damage|p2a: Tauros|0 fnt\n|faint|p2a: Tauros\n|move|p2b: Farigiraf|Grass Knot|p1b: Basculegion\n|-supereffective|p1b: Basculegion|1\n|-damage|p1b: Basculegion|37/100\n|\n|upkeep\n|\n|t:|1776425042\n|switch|p2a: Dragonite|Dragonite, L50, F|100/100\n|turn|3\n|\n|t:|1776425053\n|detailschange|p2a: Dragonite|Dragonite-Mega, L50, F\n|-mega|p2a: Dragonite|Dragonite|Dragoninite\n|move|p2a: Dragonite|Extreme Speed|p1a: Kleavor\n|-resisted|p1a: Kleavor|1\n|-damage|p1a: Kleavor|0 fnt\n|faint|p1a: Kleavor\n|move|p1b: Basculegion|Shadow Ball|p2a: Dragonite\n|-damage|p2a: Dragonite|76/100\n|move|p2b: Farigiraf|Grass Knot|p1b: Basculegion\n|-supereffective|p1b: Basculegion|1\n|-damage|p1b: Basculegion|0 fnt\n|faint|p1b: Basculegion\n|\n|upkeep\n|\n|t:|1776425059\n|switch|p1a: Sneasler|Sneasler, L50, F|100/100\n|switch|p1b: Incineroar|Incineroar, L50, M|100/100\n|-ability|p1b: Incineroar|Intimidate|boost\n|-unboost|p2a: Dragonite|atk|1\n|-unboost|p2b: Farigiraf|atk|1\n|turn|4\n|inactive|davidelgafe has 30 seconds left.\n|inactive|davidelgafe has 20 seconds left.\n|inactive|davidelgafe has 15 seconds left.\n|inactive|davidelgafe has 10 seconds left.\n|inactive|davidelgafe has 5 seconds left.\n|\n|t:|1776425112\n|switch|p2b: Sneasler|Sneasler, L50, M|100/100\n|move|p1a: Sneasler|Dire Claw|p2a: Dragonite\n|-damage|p2a: Dragonite|36/100\n|move|p2a: Dragonite|Draco Meteor|p1a: Sneasler\n|-damage|p1a: Sneasler|7/100\n|-unboost|p2a: Dragonite|spa|2\n|move|p1b: Incineroar|Throat Chop|p2b: Sneasler\n|-resisted|p2b: Sneasler|1\n|-damage|p2b: Sneasler|73/100\n|-start|p2b: Sneasler|Throat Chop|[silent]\n|\n|upkeep\n|turn|5\n|inactive|lolwhale has 30 seconds left.\n|\n|t:|1776425144\n|move|p1a: Sneasler|Protect|p1a: Sneasler\n|-singleturn|p1a: Sneasler|Protect\n|move|p2a: Dragonite|Extreme Speed|p1a: Sneasler\n|-activate|p1a: Sneasler|move: Protect\n|move|p2b: Sneasler|Close Combat|p1b: Incineroar\n|-supereffective|p1b: Incineroar|1\n|-damage|p1b: Incineroar|0 fnt\n|-unboost|p2b: Sneasler|def|1\n|-unboost|p2b: Sneasler|spd|1\n|faint|p1b: Incineroar\n|-enditem|p2b: Sneasler|White Herb\n|-clearnegativeboost|p2b: Sneasler|[silent]\n|\n|-end|p2b: Sneasler|Throat Chop|[silent]\n|upkeep\n|turn|6\n|-message|lolwhale forfeited.\n|\n|win|davidelgafe\n|raw|lolwhale's rating: 1154 &rarr; <strong>1128</strong><br />(-26 for losing)\n|raw|davidelgafe's rating: 1144 &rarr; <strong>1170</strong><br />(+26 for winning)\n|l|\u2606lolwhale\n|player|p1|\n",
  "uploadtime": 1776425158,
  "views": 36,
  "formatid": "gen9championsvgc2026regma",
  "rating": 1128,
  "private": 0,
  "password": null
}