{
  "id": "gen9championsvgc2026regma-2583237292",
  "format": "[Gen 9 Champions] VGC 2026 Reg M-A",
  "players": [
    "moskkk",
    "majordomo0001"
  ],
  "log": "|j|\u2606moskkk\n|j|\u2606majordomo0001\n|t:|1776158108\n|gametype|doubles\n|player|p1|moskkk|roughneck|1116\n|player|p2|majordomo0001|266|1154\n|gen|9\n|tier|[Gen 9 Champions] VGC 2026 Reg M-A\n|rated|\n|rule|Species Clause: Limit one of each Pok\u00e9mon\n|rule|Item Clause: Limit 1 of each item\n|clearpoke\n|poke|p1|Froslass, L50, F|\n|poke|p1|Glaceon, L50, M|\n|poke|p1|Garchomp, L50, M|\n|poke|p1|Arcanine-Hisui, L50, F|\n|poke|p1|Whimsicott, L50, F|\n|poke|p1|Rotom-Wash, L50|\n|poke|p2|Aggron, L50, M|\n|poke|p2|Meowstic, L50, M|\n|poke|p2|Alakazam, L50, M|\n|poke|p2|Rotom-Wash, L50|\n|poke|p2|Volcarona, L50, M|\n|poke|p2|Whimsicott, L50, M|\n|teampreview|4\nmajordomo0001 has agreed to open team sheets.\n|\n|t:|1776158131\n|teamsize|p1|4\n|teamsize|p2|4\n|start\n|switch|p1a: Arcanine|Arcanine-Hisui, L50, F|100/100\n|switch|p1b: Whimsicott|Whimsicott, L50, F|100/100\n|switch|p2a: Volcarona|Volcarona, L50, M|100/100\n|switch|p2b: Whimsicott|Whimsicott, L50, M|100/100\n|-ability|p1a: Arcanine|Intimidate|boost\n|-unboost|p2a: Volcarona|atk|1\n|-unboost|p2b: Whimsicott|atk|1\n|turn|1\n|\n|t:|1776158143\n|move|p1b: Whimsicott|Tailwind|p1b: Whimsicott\n|-sidestart|p1: moskkk|move: Tailwind\n|move|p2b: Whimsicott|Tailwind|p2b: Whimsicott\n|-sidestart|p2: majordomo0001|move: Tailwind\n|move|p2a: Volcarona|Fiery Dance|p1b: Whimsicott\n|-supereffective|p1b: Whimsicott|1\n|-enditem|p1b: Whimsicott|Focus Sash\n|-damage|p1b: Whimsicott|1/100\n|move|p1a: Arcanine|Rock Slide|p2a: Volcarona|[spread] p2a,p2b\n|-supereffective|p2a: Volcarona|2\n|-damage|p2a: Volcarona|0 fnt\n|-damage|p2b: Whimsicott|68/100\n|faint|p2a: Volcarona\n|\n|upkeep\n|\n|t:|1776158164\n|switch|p2a: Meowstic|Meowstic, L50, M|100/100\n|turn|2\n|\n|t:|1776158190\n|move|p1a: Arcanine|Protect|p1a: Arcanine\n|-singleturn|p1a: Arcanine|Protect\n|move|p1b: Whimsicott|Encore|p2b: Whimsicott\n|-start|p2b: Whimsicott|Encore\n|-enditem|p2b: Whimsicott|Mental Herb\n|-end|p2b: Whimsicott|Encore\n|move|p2a: Meowstic|Psychic Terrain|p2a: Meowstic\n|-fieldstart|move: Psychic Terrain\n|move|p2b: Whimsicott|Moonblast|p1b: Whimsicott\n|-damage|p1b: Whimsicott|0 fnt\n|faint|p1b: Whimsicott\n|\n|upkeep\n|\n|t:|1776158205\n|switch|p1b: Haku|Froslass, L50, F|100/100\n|turn|3\n|\n|t:|1776158226\n|switch|p1a: Glaceon|Glaceon, L50, M|100/100\n|move|p1b: Haku|Protect|p1b: Haku\n|-singleturn|p1b: Haku|Protect\n|move|p2b: Whimsicott|Taunt|p1b: Haku\n|-activate|p1b: Haku|move: Psychic Terrain\n|move|p2a: Meowstic|Light Screen|p2a: Meowstic\n|-sidestart|p2: majordomo0001|move: Light Screen\n|\n|upkeep\n|turn|4\n|\n|t:|1776158239\n|detailschange|p1b: Haku|Froslass-Mega, L50, F\n|-mega|p1b: Haku|Froslass|Froslassite\n|-weather|Snowscape|[from] ability: Snow Warning|[of] p1b: Haku\n|move|p2b: Whimsicott|Protect|p2b: Whimsicott\n|-singleturn|p2b: Whimsicott|Protect\n|move|p1b: Haku|Blizzard|p2a: Meowstic|[spread] p2a\n|-activate|p2b: Whimsicott|move: Protect\n|-damage|p2a: Meowstic|60/100\n|move|p2a: Meowstic|Expanding Force|p1a: Glaceon|[spread] p1b\n|-miss|p2a: Meowstic|p1a: Glaceon\n|-damage|p1b: Haku|43/100\n|move|p1a: Glaceon|Blizzard|p2b: Whimsicott|[spread] p2a\n|-activate|p2b: Whimsicott|move: Protect\n|-damage|p2a: Meowstic|11/100\n|\n|-weather|Snowscape|[upkeep]\n|-sideend|p2: majordomo0001|move: Tailwind\n|-sideend|p1: moskkk|move: Tailwind\n|upkeep\n|turn|5\n|\n|t:|1776158262\n|move|p1b: Haku|Protect|p1b: Haku\n|-singleturn|p1b: Haku|Protect\n|move|p2b: Whimsicott|Tailwind|p2b: Whimsicott\n|-sidestart|p2: majordomo0001|move: Tailwind\n|move|p2a: Meowstic|Expanding Force|p1a: Glaceon|[spread] p1a\n|-activate|p1b: Haku|move: Protect\n|-damage|p1a: Glaceon|46/100\n|move|p1a: Glaceon|Blizzard|p2b: Whimsicott|[spread] p2a,p2b\n|-supereffective|p2b: Whimsicott|1\n|-damage|p2a: Meowstic|0 fnt\n|-damage|p2b: Whimsicott|0 fnt\n|faint|p2a: Meowstic\n|faint|p2b: Whimsicott\n|\n|-weather|Snowscape|[upkeep]\n|upkeep\n|\n|t:|1776158276\n|switch|p2b: Alakazam|Alakazam, L50, M|100/100\n|turn|6\n|\n|t:|1776158301\n|detailschange|p2b: Alakazam|Alakazam-Mega, L50, M\n|-mega|p2b: Alakazam|Alakazam|Alakazite\n|-ability|p2b: Alakazam|Snow Warning|Trace|[from] ability: Trace|[of] p1b: Haku\n|move|p2b: Alakazam|Expanding Force|p1b: Haku|[spread] p1a,p1b\n|-damage|p1a: Glaceon|0 fnt\n|-damage|p1b: Haku|0 fnt\n|faint|p1a: Glaceon\n|faint|p1b: Haku\n|\n|-weather|Snowscape|[upkeep]\n|-fieldend|move: Psychic Terrain\n|upkeep\n|\n|t:|1776158309\n|switch|p1b: Arcanine|Arcanine-Hisui, L50, F|100/100\n|-ability|p1b: Arcanine|Intimidate|boost\n|-unboost|p2b: Alakazam|atk|1\n|turn|7\n|\n|t:|1776158345\n|move|p2b: Alakazam|Nasty Plot|p2b: Alakazam\n|-boost|p2b: Alakazam|spa|2\n|move|p1b: Arcanine|Rock Slide|p2b: Alakazam\n|-damage|p2b: Alakazam|43/100\n|\n|-weather|Snowscape|[upkeep]\n|-sideend|p2: majordomo0001|move: Light Screen\n|upkeep\n|turn|8\n|\n|t:|1776158357\n|move|p1b: Arcanine|Extreme Speed|p2b: Alakazam\n|-crit|p2b: Alakazam\n|-damage|p2b: Alakazam|0 fnt\n|faint|p2b: Alakazam\n|\n|win|moskkk\n|raw|moskkk's rating: 1116 &rarr; <strong>1144</strong><br />(+28 for winning)\n|raw|majordomo0001's rating: 1154 &rarr; <strong>1126</strong><br />(-28 for losing)\n|c|\u2606majordomo0001|evil crit of despair\n",
  "uploadtime": 1776158378,
  "views": 27,
  "formatid": "gen9championsvgc2026regma",
  "rating": 1126,
  "private": 0,
  "password": null
}