{
  "id": "gen9championsvgc2026regma-2584347159",
  "format": "[Gen 9 Champions] VGC 2026 Reg M-A",
  "players": [
    "zawaray",
    "LeonQAQ"
  ],
  "log": "|j|\u2606zawaray\n|j|\u2606LeonQAQ\n|t:|1776253579\n|gametype|doubles\n|player|p1|zawaray|cynthia-gen4|1264\n|player|p2|LeonQAQ|169|1270\n|gen|9\n|tier|[Gen 9 Champions] VGC 2026 Reg M-A\n|rated|\n|rule|Species Clause: Limit one of each Pok\u00e9mon\n|rule|Item Clause: Limit 1 of each item\n|clearpoke\n|poke|p1|Incineroar, L50, M|\n|poke|p1|Venusaur, L50, F|\n|poke|p1|Whimsicott, L50, F|\n|poke|p1|Sneasler, L50, F|\n|poke|p1|Charizard, L50, M|\n|poke|p1|Basculegion, L50, M|\n|poke|p2|Floette-Eternal, L50, F|\n|poke|p2|Kingambit, L50, F|\n|poke|p2|Sinistcha, L50|\n|poke|p2|Incineroar, L50, F|\n|poke|p2|Rotom-Wash, L50|\n|poke|p2|Garchomp, L50, F|\n|teampreview|4\n|inactive|Battle timer is ON: inactive players will automatically lose when time's up. (requested by zawaray)\n|\n|t:|1776253627\n|teamsize|p1|4\n|teamsize|p2|4\n|start\n|switch|p1a: Tony Soprano|Basculegion, L50, M|100/100\n|switch|p1b: Amy Rose|Whimsicott, L50, F|100/100\n|switch|p2a: Incineroar|Incineroar, L50, F|100/100\n|switch|p2b: Garchomp|Garchomp, L50, F|100/100\n|-ability|p2a: Incineroar|Intimidate|boost\n|-unboost|p1a: Tony Soprano|atk|1\n|-unboost|p1b: Amy Rose|atk|1\n|turn|1\n|inactive|zawaray has 30 seconds left.\n|inactive|LeonQAQ has 30 seconds left.\n|\n|t:|1776253661\n|move|p2a: Incineroar|Fake Out|p1b: Amy Rose\n|-damage|p1b: Amy Rose|83/100\n|move|p1a: Tony Soprano|Wave Crash|p2a: Incineroar\n|-supereffective|p2a: Incineroar|1\n|-damage|p2a: Incineroar|0 fnt\n|faint|p2a: Incineroar\n|-damage|p1a: Tony Soprano|66/100|[from] Recoil\n|move|p2b: Garchomp|Rock Slide|p1b: Amy Rose|[spread] p1a,p1b\n|-damage|p1a: Tony Soprano|40/100\n|-damage|p1b: Amy Rose|54/100\n|cant|p1b: Amy Rose|flinch\n|\n|upkeep\n|\n|t:|1776253666\n|switch|p2a: Kingambit|Kingambit, L50, F|100/100\n|turn|2\n|\n|t:|1776253690\n|switch|p1a: Ivysaur!|Venusaur, L50, F|100/100\n|move|p2b: Garchomp|Protect|p2b: Garchomp\n|-singleturn|p2b: Garchomp|Protect\n|move|p1b: Amy Rose|Moonblast|p2b: Garchomp\n|-activate|p2b: Garchomp|move: Protect\n|move|p2a: Kingambit|Iron Head|p1b: Amy Rose\n|-supereffective|p1b: Amy Rose|1\n|-damage|p1b: Amy Rose|0 fnt\n|faint|p1b: Amy Rose\n|\n|upkeep\n|\n|t:|1776253704\n|switch|p1b: Luis Miguel|Charizard, L50, M|100/100\n|turn|3\n|\n|t:|1776253724\n|switch|p2b: Floette|Floette-Eternal, L50, F|100/100\n|detailschange|p1b: Luis Miguel|Charizard-Mega-Y, L50, M\n|-mega|p1b: Luis Miguel|Charizard|Charizardite Y\n|-weather|SunnyDay|[from] ability: Drought|[of] p1b: Luis Miguel\n|move|p1b: Luis Miguel|Protect|p1b: Luis Miguel\n|-singleturn|p1b: Luis Miguel|Protect\n|move|p1a: Ivysaur!|Solar Beam||[still]\n|-prepare|p1a: Ivysaur!|Solar Beam\n|-anim|p1a: Ivysaur!|Solar Beam|p2b: Floette\n|-damage|p2b: Floette|44/100\n|move|p2a: Kingambit|Kowtow Cleave|p1a: Ivysaur!\n|-damage|p1a: Ivysaur!|28/100\n|\n|-weather|SunnyDay|[upkeep]\n|upkeep\n|turn|4\n|inactive|LeonQAQ has 30 seconds left.\n|inactive|LeonQAQ has 20 seconds left.\n|inactive|LeonQAQ has 15 seconds left.\n|\n|t:|1776253766\n|move|p1a: Ivysaur!|Protect|p1a: Ivysaur!\n|-singleturn|p1a: Ivysaur!|Protect\n|move|p2a: Kingambit|Protect|p2a: Kingambit\n|-singleturn|p2a: Kingambit|Protect\n|move|p2b: Floette|Light of Ruin|p1b: Luis Miguel\n|-resisted|p1b: Luis Miguel|1\n|-damage|p1b: Luis Miguel|67/100\n|-damage|p2b: Floette|27/100|[from] Recoil\n|move|p1b: Luis Miguel|Heat Wave|p2b: Floette|[spread] p2b\n|-activate|p2a: Kingambit|move: Protect\n|-damage|p2b: Floette|0 fnt\n|faint|p2b: Floette\n|\n|-weather|SunnyDay|[upkeep]\n|upkeep\n|\n|t:|1776253779\n|switch|p2b: Garchomp|Garchomp, L50, F|100/100\n|turn|5\n|\n|t:|1776253796\n|move|p1a: Ivysaur!|Sleep Powder|p2b: Garchomp|[miss]\n|-miss|p1a: Ivysaur!|p2b: Garchomp\n|move|p2b: Garchomp|Rock Slide|p1b: Luis Miguel|[spread] p1a,p1b\n|-supereffective|p1b: Luis Miguel|2\n|-damage|p1a: Ivysaur!|4/100\n|-damage|p1b: Luis Miguel|0 fnt\n|faint|p1b: Luis Miguel\n|move|p2a: Kingambit|Kowtow Cleave|p1a: Ivysaur!\n|-damage|p1a: Ivysaur!|0 fnt\n|faint|p1a: Ivysaur!\n|\n|-weather|SunnyDay|[upkeep]\n|upkeep\n|\n|t:|1776253807\n|switch|p1a: Tony Soprano|Basculegion, L50, M|40/100\n|turn|6\n|c|\u2606LeonQAQ|lum berry so it doesnt matter\n|\n|t:|1776253824\n|move|p2a: Kingambit|Sucker Punch|p1a: Tony Soprano\n|-supereffective|p1a: Tony Soprano|1\n|-damage|p1a: Tony Soprano|0 fnt\n|faint|p1a: Tony Soprano\n|\n|win|LeonQAQ\n|raw|zawaray's rating: 1264 &rarr; <strong>1239</strong><br />(-25 for losing)\n|raw|LeonQAQ's rating: 1270 &rarr; <strong>1295</strong><br />(+25 for winning)\n|c|\u2606zawaray|oki\n|c|\u2606zawaray|well played\n|c|\u2606LeonQAQ|ggwp\n|l|\u2606zawaray\n|player|p1|\n",
  "uploadtime": 1776253870,
  "views": 47,
  "formatid": "gen9championsvgc2026regma",
  "rating": 1239,
  "private": 0,
  "password": null
}