{
  "id": "gen9championsvgc2026regma-2587068148",
  "format": "[Gen 9 Champions] VGC 2026 Reg M-A",
  "players": [
    "espucdanger11",
    "AzureChuck"
  ],
  "log": "|j|\u2606espucdanger11\n|j|\u2606AzureChuck\n|t:|1776489107\n|gametype|doubles\n|player|p1|espucdanger11|worker-gen4|1181\n|player|p2|AzureChuck|101|1089\n|gen|9\n|tier|[Gen 9 Champions] VGC 2026 Reg M-A\n|rated|\n|rule|Species Clause: Limit one of each Pok\u00e9mon\n|rule|Item Clause: Limit 1 of each item\n|clearpoke\n|poke|p1|Pelipper, L50, M|\n|poke|p1|Dragonite, L50, F, shiny|\n|poke|p1|Basculegion, L50, M|\n|poke|p1|Incineroar, L50, M|\n|poke|p1|Aegislash, L50, F|\n|poke|p1|Kingambit, L50, F|\n|poke|p2|Gengar, L50, M|\n|poke|p2|Heliolisk, L50, F|\n|poke|p2|Maushold-Four, L50|\n|poke|p2|Corviknight, L50, M|\n|poke|p2|Whimsicott, L50, M|\n|poke|p2|Dragonite, L50, F|\n|teampreview|4\n|inactive|Battle timer is ON: inactive players will automatically lose when time's up. (requested by AzureChuck)\n|\n|t:|1776489131\n|teamsize|p1|4\n|teamsize|p2|4\n|start\n|switch|p1a: Pelipper|Pelipper, L50, M|100/100\n|switch|p1b: Basculegion|Basculegion, L50, M|100/100\n|switch|p2a: The Hurt|Dragonite, L50, F|100/100\n|switch|p2b: The Intel|Heliolisk, L50, F|100/100\n|-weather|RainDance|[from] ability: Drizzle|[of] p1a: Pelipper\n|turn|1\n|inactive|AzureChuck has 30 seconds left.\n|\n|t:|1776489165\n|move|p1b: Basculegion|Psychic Fangs|p2a: The Hurt\n|-damage|p2a: The Hurt|74/100\n|move|p2b: The Intel|Electroweb|p1a: Pelipper|[spread] p1a,p1b\n|-supereffective|p1a: Pelipper|2\n|-crit|p1a: Pelipper\n|-supereffective|p1b: Basculegion|1\n|-damage|p1a: Pelipper|0 fnt\n|-damage|p1b: Basculegion|55/100\n|-unboost|p1b: Basculegion|spe|1\n|faint|p1a: Pelipper\n|move|p2a: The Hurt|Rock Slide|p1b: Basculegion\n|-damage|p1b: Basculegion|15/100\n|\n|-weather|RainDance|[upkeep]\n|upkeep\n|\n|t:|1776489176\n|switch|p1a: Incineroar|Incineroar, L50, M|100/100\n|-ability|p1a: Incineroar|Intimidate|boost\n|-fail|p2a: The Hurt|unboost|Attack|[from] ability: Inner Focus|[of] p2a: The Hurt\n|-unboost|p2b: The Intel|atk|1\n|turn|2\n|\n|t:|1776489197\n|switch|p1b: Aegislash|Aegislash, L50, F|100/100\n|move|p1a: Incineroar|Fake Out|p2b: The Intel\n|-damage|p2b: The Intel|75/100\n|cant|p2b: The Intel|flinch\n|move|p2a: The Hurt|Rock Slide|p1a: Incineroar|[spread] p1a,p1b\n|-supereffective|p1a: Incineroar|1\n|-resisted|p1b: Aegislash|1\n|-damage|p1a: Incineroar|58/100\n|-damage|p1b: Aegislash|89/100\n|\n|-weather|RainDance|[upkeep]\n|-heal|p2b: The Intel|87/100|[from] ability: Dry Skin\n|upkeep\n|turn|3\n|\n|t:|1776489221\n|move|p2b: The Intel|Shed Tail|p2b: The Intel\n|-start|p2b: The Intel|Substitute|[from] move: Shed Tail\n|-damage|p2b: The Intel|36/100\n|-enditem|p2b: The Intel|Sitrus Berry|[eat]\n|-heal|p2b: The Intel|61/100|[from] item: Sitrus Berry\n|\n|t:|1776489225\n|switch|p2b: Him.|Gengar, L50, M|100/100|[from] Shed Tail\n|move|p1a: Incineroar|Drain Punch|p2b: Him.\n|-immune|p2b: Him.\n|-formechange|p1b: Aegislash|Aegislash-Blade|\n|move|p1b: Aegislash|Iron Head|p2a: The Hurt\n|-damage|p2a: The Hurt|28/100\n|move|p2a: The Hurt|Rock Slide|p1a: Incineroar|[spread] p1a,p1b\n|-supereffective|p1a: Incineroar|1\n|-resisted|p1b: Aegislash|1\n|-damage|p1a: Incineroar|10/100\n|-damage|p1b: Aegislash|63/100\n|-enditem|p1a: Incineroar|Sitrus Berry|[eat]\n|-heal|p1a: Incineroar|34/100|[from] item: Sitrus Berry\n|\n|-weather|RainDance|[upkeep]\n|upkeep\n|turn|4\n|inactive|AzureChuck has 30 seconds left.\n|\n|t:|1776489253\n|detailschange|p2b: Him.|Gengar-Mega, L50, M\n|-mega|p2b: Him.|Gengar|Gengarite\n|move|p2b: Him.|Protect|p2b: Him.\n|-singleturn|p2b: Him.|Protect\n|-formechange|p1b: Aegislash|Aegislash|\n|move|p1b: Aegislash|King's Shield|p1b: Aegislash\n|-singleturn|p1b: Aegislash|Protect\n|move|p2a: The Hurt|Extreme Speed|p1a: Incineroar\n|-damage|p1a: Incineroar|0 fnt\n|faint|p1a: Incineroar\n|\n|-weather|RainDance|[upkeep]\n|upkeep\n|\n|t:|1776489263\n|switch|p1a: Basculegion|Basculegion, L50, M|15/100\n|turn|5\n|\n|t:|1776489290\n|move|p1a: Basculegion|Psychic Fangs|p2b: Him.\n|-supereffective|p2b: Him.|1\n|-end|p2b: Him.|Substitute\n|move|p2b: Him.|Shadow Ball|p1b: Aegislash\n|-supereffective|p1b: Aegislash|1\n|-damage|p1b: Aegislash|0 fnt\n|faint|p1b: Aegislash\n|move|p2a: The Hurt|Dragon Claw|p1a: Basculegion\n|-damage|p1a: Basculegion|0 fnt\n|faint|p1a: Basculegion\n|\n|win|AzureChuck\n|raw|espucdanger11's rating: 1181 &rarr; <strong>1150</strong><br />(-31 for losing)\n|raw|AzureChuck's rating: 1089 &rarr; <strong>1123</strong><br />(+34 for winning)\n|l|\u2606espucdanger11\n|player|p1|\n",
  "uploadtime": 1776489301,
  "views": 16,
  "formatid": "gen9championsvgc2026regma",
  "rating": 1123,
  "private": 0,
  "password": null
}