{
  "id": "gen9championsvgc2026regma-2585841828",
  "format": "[Gen 9 Champions] VGC 2026 Reg M-A",
  "players": [
    "bigearlington",
    "alacran"
  ],
  "log": "|j|\u2606bigearlington\n|j|\u2606alacran\n|t:|1776374746\n|gametype|doubles\n|player|p1|bigearlington|102|1224\n|player|p2|alacran|volkner|1296\n|gen|9\n|tier|[Gen 9 Champions] VGC 2026 Reg M-A\n|rated|\n|rule|Species Clause: Limit one of each Pok\u00e9mon\n|rule|Item Clause: Limit 1 of each item\n|clearpoke\n|poke|p1|Aerodactyl, L50, M|\n|poke|p1|Maushold, L50|\n|poke|p1|Garchomp, L50, M|\n|poke|p1|Delphox, L50, F|\n|poke|p1|Aegislash, L50, F|\n|poke|p1|Floette-Eternal, L50, F|\n|poke|p2|Incineroar, L50, F|\n|poke|p2|Farigiraf, L50, F|\n|poke|p2|Kangaskhan, L50, F|\n|poke|p2|Zoroark-Hisui, L50, M|\n|poke|p2|Sinistcha, L50|\n|poke|p2|Sneasler, L50, M|\n|teampreview|4\n|inactive|Battle timer is ON: inactive players will automatically lose when time's up. (requested by alacran)\n|inactive|bigearlington has 60 seconds left.\n|\n|t:|1776374873\n|teamsize|p1|4\n|teamsize|p2|4\n|start\n|switch|p1a: Maushold|Maushold, L50|100/100\n|switch|p1b: Floette|Floette-Eternal, L50, F|100/100\n|switch|p2a: Farigiraf|Farigiraf, L50, F|100/100\n|switch|p2b: Kangaskhan|Kangaskhan, L50, F|100/100\n|turn|1\n|inactive|bigearlington has 30 seconds left.\n|inactive|alacran has 30 seconds left.\n|inactive|bigearlington has 20 seconds left.\n|inactive|alacran has 20 seconds left.\n|inactive|bigearlington has 15 seconds left.\n|inactive|bigearlington has 10 seconds left.\n|inactive|alacran has 15 seconds left.\n|\n|t:|1776374921\n|move|p1a: Maushold|Protect|p1a: Maushold\n|-singleturn|p1a: Maushold|Protect\n|move|p1b: Floette|Protect|p1b: Floette\n|-singleturn|p1b: Floette|Protect\n|move|p2b: Kangaskhan|Bitter Malice|p1b: Floette\n|-activate|p1b: Floette|move: Protect\n|move|p2a: Farigiraf|Imprison|p2a: Farigiraf\n|-start|p2a: Farigiraf|move: Imprison\n|\n|upkeep\n|turn|2\n|inactive|bigearlington has 30 seconds left.\n|inactive|bigearlington has 20 seconds left.\n|inactive|bigearlington has 15 seconds left.\n|\n|t:|1776374962\n|detailschange|p1b: Floette|Floette-Mega, L50, F\n|-mega|p1b: Floette|Floette|Floettite\n|-ability|p1b: Floette|Fairy Aura\n|move|p1a: Maushold|Super Fang|p2b: Kangaskhan\n|-immune|p2b: Kangaskhan\n|move|p2b: Kangaskhan|Psychic|p1a: Maushold\n|-damage|p1a: Maushold|61/100\n|move|p1b: Floette|Moonblast|p2b: Kangaskhan|[miss]\n|-miss|p1b: Floette|p2b: Kangaskhan\n|move|p2a: Farigiraf|Trick Room|p2a: Farigiraf\n|-fieldstart|move: Trick Room|[of] p2a: Farigiraf\n|\n|upkeep\n|turn|3\n|inactive|bigearlington has 30 seconds left.\n|inactive|alacran has 30 seconds left.\n|\n|t:|1776374993\n|move|p1a: Maushold|Follow Me|p1a: Maushold\n|-singleturn|p1a: Maushold|move: Follow Me\n|move|p2a: Farigiraf|Psychic|p1a: Maushold\n|-damage|p1a: Maushold|21/100\n|move|p1b: Floette|Calm Mind|p1b: Floette\n|-boost|p1b: Floette|spa|1\n|-boost|p1b: Floette|spd|1\n|move|p2b: Kangaskhan|Psychic|p1a: Maushold\n|-damage|p1a: Maushold|0 fnt\n|faint|p1a: Maushold\n|\n|upkeep\n|inactive|bigearlington has 30 seconds left.\n|inactive|bigearlington has 20 seconds left.\n|\n|t:|1776375030\n|switch|p1a: Aerodactyl|Aerodactyl, L50, M|100/100\n|-ability|p1a: Aerodactyl|Unnerve\n|turn|4\n|\n|t:|1776375041\n|move|p2a: Farigiraf|Protect|p2a: Farigiraf\n|-singleturn|p2a: Farigiraf|Protect\n|move|p1b: Floette|Dazzling Gleam|p2b: Kangaskhan|[spread] p2b\n|-activate|p2a: Farigiraf|move: Protect\n|-damage|p2b: Kangaskhan|0 fnt\n|replace|p2b: Zoroark|Zoroark-Hisui, L50, M\n|-end|p2b: Zoroark|Illusion\n|faint|p2b: Zoroark\n|move|p1a: Aerodactyl|Rock Slide|p2a: Farigiraf\n|-activate|p2a: Farigiraf|move: Protect\n|\n|upkeep\n|\n|t:|1776375053\n|switch|p2b: Kangaskhan|Kangaskhan, L50, F|100/100\n|turn|5\n|inactive|bigearlington has 30 seconds left.\n|\n|t:|1776375087\n|switch|p1b: Aegislash|Aegislash, L50, F|100/100\n|detailschange|p2b: Kangaskhan|Kangaskhan-Mega, L50, F\n|-mega|p2b: Kangaskhan|Kangaskhan|Kangaskhanite\n|move|p2a: Farigiraf|Psychic|p1a: Aerodactyl\n|-damage|p1a: Aerodactyl|53/100\n|move|p2b: Kangaskhan|Double-Edge|p1b: Aegislash\n|-immune|p1b: Aegislash\n|move|p1a: Aerodactyl|Rock Slide|p2b: Kangaskhan|[spread] p2a,p2b\n|-damage|p2a: Farigiraf|72/100\n|-damage|p2b: Kangaskhan|77/100\n|\n|upkeep\n|turn|6\n|inactive|bigearlington has 30 seconds left.\n|inactive|bigearlington has 20 seconds left.\n|inactive|bigearlington has 15 seconds left.\n|inactive|bigearlington has 10 seconds left.\n|\n|t:|1776375133\n|move|p2a: Farigiraf|Protect|p2a: Farigiraf\n|-singleturn|p2a: Farigiraf|Protect\n|move|p2b: Kangaskhan|Sucker Punch|p1b: Aegislash\n|-supereffective|p1b: Aegislash|1\n|-damage|p1b: Aegislash|56/100\n|-supereffective|p1b: Aegislash|1\n|-damage|p1b: Aegislash|45/100\n|-hitcount|p1b: Aegislash|2\n|-formechange|p1b: Aegislash|Aegislash-Blade|\n|move|p1b: Aegislash|Sacred Sword|p2b: Kangaskhan\n|-supereffective|p2b: Kangaskhan|1\n|-damage|p2b: Kangaskhan|18/100\n|move|p1a: Aerodactyl|Rock Slide|p2b: Kangaskhan|[spread] p2b\n|-activate|p2a: Farigiraf|move: Protect\n|-damage|p2b: Kangaskhan|0 fnt\n|faint|p2b: Kangaskhan\n|\n|-fieldend|move: Trick Room\n|upkeep\n|\n|t:|1776375153\n|switch|p2b: Sneasler|Sneasler, L50, M|100/100\n|turn|7\n|inactive|bigearlington has 30 seconds left.\n|\n|t:|1776375186\n|-formechange|p1b: Aegislash|Aegislash|\n|move|p1b: Aegislash|King's Shield|p1b: Aegislash\n|-singleturn|p1b: Aegislash|Protect\n|move|p2b: Sneasler|Fake Out|p1a: Aerodactyl\n|-resisted|p1a: Aerodactyl|1\n|-damage|p1a: Aerodactyl|42/100\n|cant|p1a: Aerodactyl|flinch\n|move|p2a: Farigiraf|Psychic|p1a: Aerodactyl\n|-crit|p1a: Aerodactyl\n|-damage|p1a: Aerodactyl|0 fnt\n|faint|p1a: Aerodactyl\n|\n|upkeep\n|\n|t:|1776375196\n|switch|p1a: Floette|Floette-Mega, L50, F|100/100\n|-ability|p1a: Floette|Fairy Aura\n|turn|8\n|inactive|bigearlington has 30 seconds left.\n|\n|t:|1776375223\n|move|p2a: Farigiraf|Protect|p2a: Farigiraf\n|-singleturn|p2a: Farigiraf|Protect\n|-formechange|p1b: Aegislash|Aegislash-Blade|\n|move|p1b: Aegislash|Shadow Sneak||[still]\n|cant|p2a: Farigiraf|ability: Armor Tail|Shadow Sneak|[of] p1b: Aegislash\n|move|p2b: Sneasler|Dire Claw|p1a: Floette\n|-supereffective|p1a: Floette|1\n|-damage|p1a: Floette|10/100\n|move|p1a: Floette|Moonblast|p2b: Sneasler\n|-enditem|p2b: Sneasler|Focus Sash\n|-damage|p2b: Sneasler|1/100\n|\n|upkeep\n|turn|9\n|\n|t:|1776375247\n|move|p2b: Sneasler|Dire Claw|p1a: Floette\n|-supereffective|p1a: Floette|1\n|-damage|p1a: Floette|0 fnt\n|faint|p1a: Floette\n|move|p1b: Aegislash|Sacred Sword|p2b: Sneasler\n|-resisted|p2b: Sneasler|1\n|-damage|p2b: Sneasler|0 fnt\n|faint|p2b: Sneasler\n|move|p2a: Farigiraf|Psychic|p1b: Aegislash\n|-resisted|p1b: Aegislash|1\n|-damage|p1b: Aegislash|17/100\n|\n|upkeep\n|turn|10\n|\n|t:|1776375261\n|-formechange|p1b: Aegislash|Aegislash|\n|move|p1b: Aegislash|King's Shield|p1b: Aegislash\n|-singleturn|p1b: Aegislash|Protect\n|move|p2a: Farigiraf|Psychic|p1b: Aegislash\n|-activate|p1b: Aegislash|move: Protect\n|\n|upkeep\n|turn|11\n|\n|t:|1776375269\n|-formechange|p1b: Aegislash|Aegislash-Blade|\n|move|p1b: Aegislash|Sacred Sword|p2a: Farigiraf\n|-damage|p2a: Farigiraf|32/100\n|-enditem|p2a: Farigiraf|Sitrus Berry|[eat]\n|-heal|p2a: Farigiraf|57/100|[from] item: Sitrus Berry\n|move|p2a: Farigiraf|Psychic|p1b: Aegislash\n|-resisted|p1b: Aegislash|1\n|-damage|p1b: Aegislash|0 fnt\n|faint|p1b: Aegislash\n|\n|win|alacran\n|raw|bigearlington's rating: 1224 &rarr; <strong>1204</strong><br />(-20 for losing)\n|raw|alacran's rating: 1296 &rarr; <strong>1316</strong><br />(+20 for winning)\n|l|\u2606alacran\n|player|p2|\n",
  "uploadtime": 1776375484,
  "views": 30,
  "formatid": "gen9championsvgc2026regma",
  "rating": 1204,
  "private": 0,
  "password": null
}