{
  "id": "gen9championsvgc2026regma-2584350459",
  "format": "[Gen 9 Champions] VGC 2026 Reg M-A",
  "players": [
    "Crawsomeness",
    "Zhi2"
  ],
  "log": "|j|\u203dCrawsomeness\n|j|\u2606Zhi2\n|t:|1776253885\n|gametype|doubles\n|player|p1|Crawsomeness|hiker-gen4|1203\n|player|p2|Zhi2|266|1192\n|gen|9\n|tier|[Gen 9 Champions] VGC 2026 Reg M-A\n|rated|\n|rule|Species Clause: Limit one of each Pok\u00e9mon\n|rule|Item Clause: Limit 1 of each item\n|clearpoke\n|poke|p1|Garchomp, L50, M|\n|poke|p1|Tyranitar, L50, M|\n|poke|p1|Excadrill, L50, F|\n|poke|p1|Dragonite, L50, F|\n|poke|p1|Milotic, L50, F|\n|poke|p1|Sinistcha, L50|\n|poke|p2|Pelipper, L50, M|\n|poke|p2|Blastoise, L50, F|\n|poke|p2|Starmie, L50|\n|poke|p2|Sinistcha, L50|\n|poke|p2|Kingambit, L50, M|\n|poke|p2|Garchomp, L50, F|\n|teampreview|4\n|\n|t:|1776253924\n|teamsize|p1|4\n|teamsize|p2|4\n|start\n|switch|p1a: Garchomp|Garchomp, L50, M|100/100\n|switch|p1b: Excadrill|Excadrill, L50, F|100/100\n|switch|p2a: Starmie|Starmie, L50|100/100\n|switch|p2b: Garchomp|Garchomp, L50, F|100/100\n|turn|1\n|\n|t:|1776253949\n|switch|p1b: Tyranitar|Tyranitar, L50, M|100/100\n|-weather|Sandstorm|[from] ability: Sand Stream|[of] p1b: Tyranitar\n|detailschange|p2a: Starmie|Starmie-Mega, L50\n|-mega|p2a: Starmie|Starmie|Starminite\n|move|p2b: Garchomp|Breaking Swipe|p1a: Garchomp|[spread] p1a,p1b\n|-supereffective|p1a: Garchomp|1\n|-damage|p1a: Garchomp|49/100\n|-damage|p1b: Tyranitar|75/100\n|-unboost|p1a: Garchomp|atk|1\n|-unboost|p1b: Tyranitar|atk|1\n|move|p2a: Starmie|Flip Turn|p1b: Tyranitar\n|-supereffective|p1b: Tyranitar|1\n|-damage|p1b: Tyranitar|0 fnt\n|faint|p1b: Tyranitar\n|\n|t:|1776253962\n|switch|p2a: Pelipper|Pelipper, L50, M|100/100|[from] Flip Turn\n|-weather|RainDance|[from] ability: Drizzle|[of] p2a: Pelipper\n|move|p1a: Garchomp|Dragon Claw|p2b: Garchomp\n|-supereffective|p2b: Garchomp|1\n|-crit|p2b: Garchomp\n|-damage|p2b: Garchomp|0 fnt\n|-damage|p1a: Garchomp|36/100|[from] ability: Rough Skin|[of] p2b: Garchomp\n|faint|p2b: Garchomp\n|\n|-weather|RainDance|[upkeep]\n|upkeep\n|\n|t:|1776253973\n|switch|p2b: Starmie|Starmie-Mega, L50|100/100\n|switch|p1b: Sinistcha|Sinistcha, L50|100/100\n|-heal|p1a: Garchomp|61/100|[from] ability: Hospitality|[of] p1b: Sinistcha\n|turn|2\n|\n|t:|1776253985\n|switch|p1a: Excadrill|Excadrill, L50, F|100/100\n|move|p2b: Starmie|Flip Turn|p1a: Excadrill\n|-supereffective|p1a: Excadrill|1\n|-enditem|p1a: Excadrill|Focus Sash\n|-damage|p1a: Excadrill|1/100\n|\n|t:|1776253991\n|switch|p2b: Sinistcha|Sinistcha, L50|100/100|[from] Flip Turn\n|move|p1b: Sinistcha|Matcha Gotcha|p2b: Sinistcha|[spread] p2a,p2b\n|-resisted|p2b: Sinistcha|1\n|-damage|p2a: Pelipper|65/100\n|-damage|p2b: Sinistcha|89/100\n|move|p2a: Pelipper|Hurricane|p1b: Sinistcha\n|-supereffective|p1b: Sinistcha|1\n|-damage|p1b: Sinistcha|22/100\n|\n|-weather|RainDance|[upkeep]\n|upkeep\n|turn|3\n|\n|t:|1776254008\n|move|p1a: Excadrill|Iron Head|p2b: Sinistcha\n|-damage|p2b: Sinistcha|44/100\n|move|p1b: Sinistcha|Life Dew|p1b: Sinistcha|[spread] p1a,p1b\n|-heal|p1a: Excadrill|26/100\n|-heal|p1b: Sinistcha|47/100\n|move|p2b: Sinistcha|Matcha Gotcha|p1b: Sinistcha|[spread] p1b\n|-miss|p2b: Sinistcha|p1a: Excadrill\n|-resisted|p1b: Sinistcha|1\n|-damage|p1b: Sinistcha|36/100\n|-heal|p2b: Sinistcha|49/100|[from] drain|[of] p1b: Sinistcha\n|move|p2a: Pelipper|Tailwind|p2a: Pelipper\n|-sidestart|p2: Zhi2|move: Tailwind\n|\n|-weather|RainDance|[upkeep]\n|upkeep\n|turn|4\n|\n|t:|1776254025\n|move|p2b: Sinistcha|Scald|p1a: Excadrill\n|-supereffective|p1a: Excadrill|1\n|-damage|p1a: Excadrill|0 fnt\n|faint|p1a: Excadrill\n|move|p2a: Pelipper|Hurricane|p1b: Sinistcha\n|-supereffective|p1b: Sinistcha|1\n|-damage|p1b: Sinistcha|0 fnt\n|faint|p1b: Sinistcha\n|\n|-weather|RainDance|[upkeep]\n|upkeep\n|\n|t:|1776254028\n|switch|p1b: Garchomp|Garchomp, L50, M|61/100\n|turn|5\n|\n|t:|1776254043\n|move|p1b: Garchomp|Protect|p1b: Garchomp\n|-singleturn|p1b: Garchomp|Protect\n|move|p2b: Sinistcha|Matcha Gotcha|p1b: Garchomp\n|-activate|p1b: Garchomp|move: Protect\n|move|p2a: Pelipper|Hurricane|p1b: Garchomp\n|-activate|p1b: Garchomp|move: Protect\n|\n|-weather|none\n|upkeep\n|turn|6\n|\n|t:|1776254051\n|move|p1b: Garchomp|Protect|p1b: Garchomp\n|-singleturn|p1b: Garchomp|Protect\n|move|p2b: Sinistcha|Matcha Gotcha|p1b: Garchomp\n|-activate|p1b: Garchomp|move: Protect\n|move|p2a: Pelipper|U-turn|p1b: Garchomp\n|-activate|p1b: Garchomp|move: Protect\n|\n|-sideend|p2: Zhi2|move: Tailwind\n|upkeep\n|turn|7\n|\n|t:|1776254057\n|move|p1b: Garchomp|Dragon Claw|p2b: Sinistcha\n|-damage|p2b: Sinistcha|7/100\n|move|p2b: Sinistcha|Matcha Gotcha|p1b: Garchomp\n|-damage|p1b: Garchomp|22/100\n|-heal|p2b: Sinistcha|27/100|[from] drain|[of] p1b: Garchomp\n|move|p2a: Pelipper|Tailwind|p2a: Pelipper\n|-sidestart|p2: Zhi2|move: Tailwind\n|\n|upkeep\n|turn|8\n|-message|Crawsomeness forfeited.\n|\n|win|Zhi2\n|raw|Crawsomeness's rating: 1203 &rarr; <strong>1177</strong><br />(-26 for losing)\n|raw|Zhi2's rating: 1192 &rarr; <strong>1218</strong><br />(+26 for winning)\n|l|\u203dCrawsomeness\n|player|p1|\n",
  "uploadtime": 1776254070,
  "views": 23,
  "formatid": "gen9championsvgc2026regma",
  "rating": 1177,
  "private": 0,
  "password": null
}