{
  "id": "gen9championsvgc2026regma-2587685895",
  "format": "[Gen 9 Champions] VGC 2026 Reg M-A",
  "players": [
    "idiota.mp3",
    "chrisp428"
  ],
  "log": "|j|\u2606idiota.mp3\n|j|\u2606chrisp428\n|t:|1776553805\n|gametype|doubles\n|player|p1|idiota.mp3|buck|1000\n|player|p2|chrisp428|yellow|1023\n|gen|9\n|tier|[Gen 9 Champions] VGC 2026 Reg M-A\n|rated|\n|rule|Species Clause: Limit one of each Pok\u00e9mon\n|rule|Item Clause: Limit 1 of each item\n|clearpoke\n|poke|p1|Farigiraf, L50, M|\n|poke|p1|Florges, L50, F|\n|poke|p1|Sableye, L50, M|\n|poke|p1|Umbreon, L50, M|\n|poke|p1|Meowstic, L50, M|\n|poke|p1|Pangoro, L50, M|\n|poke|p2|Crabominable, L50, M|\n|poke|p2|Incineroar, L50, M|\n|poke|p2|Farigiraf, L50, F|\n|poke|p2|Sinistcha, L50|\n|poke|p2|Milotic, L50, F|\n|poke|p2|Rotom-Wash, L50|\n|teampreview|4\n|\n|t:|1776553839\n|teamsize|p1|4\n|teamsize|p2|4\n|start\n|switch|p1a: Farigiraf|Farigiraf, L50, M|100/100\n|switch|p1b: Florges|Florges, L50, F|100/100\n|switch|p2a: Incineroar|Incineroar, L50, M|100/100\n|switch|p2b: Farigiraf|Farigiraf, L50, F|100/100\n|-ability|p2a: Incineroar|Intimidate|boost\n|-unboost|p1a: Farigiraf|atk|1\n|-unboost|p1b: Florges|atk|1\n|turn|1\n|\n|t:|1776553871\n|move|p2b: Farigiraf|Helping Hand|p2a: Incineroar\n|-singleturn|p2a: Incineroar|Helping Hand|[of] p2b: Farigiraf\n|move|p1b: Florges|Trick|p2b: Farigiraf\n|-activate|p1b: Florges|move: Trick|[of] p2b: Farigiraf\n|-item|p2b: Farigiraf|Choice Scarf|[from] move: Trick\n|-item|p1b: Florges|Sitrus Berry|[from] move: Trick\n|move|p2a: Incineroar|Darkest Lariat|p1a: Farigiraf\n|-supereffective|p1a: Farigiraf|1\n|-damage|p1a: Farigiraf|11/100\n|-enditem|p1a: Farigiraf|Sitrus Berry|[eat]\n|-heal|p1a: Farigiraf|36/100|[from] item: Sitrus Berry\n|-activate|p1b: Florges|ability: Symbiosis|Sitrus Berry|[of] p1a: Farigiraf\n|-enditem|p1a: Farigiraf|Sitrus Berry|[eat]\n|-heal|p1a: Farigiraf|60/100|[from] item: Sitrus Berry\n|move|p1a: Farigiraf|Curse|p1a: Farigiraf\n|-unboost|p1a: Farigiraf|spe|1\n|-boost|p1a: Farigiraf|atk|1\n|-boost|p1a: Farigiraf|def|1\n|\n|upkeep\n|turn|2\n|l|\u2606chrisp428\n|player|p2|\n|j|\u2606chrisp428\n|player|p2|chrisp428|yellow|\n|\n|t:|1776553931\n|move|p1a: Farigiraf|Protect|p1a: Farigiraf\n|-singleturn|p1a: Farigiraf|Protect\n|move|p1b: Florges|Moonblast|p2a: Incineroar\n|-damage|p2a: Incineroar|60/100\n|move|p2a: Incineroar|Darkest Lariat|p1a: Farigiraf\n|-activate|p1a: Farigiraf|move: Protect\n|move|p2b: Farigiraf|Trick Room|p2b: Farigiraf\n|-fieldstart|move: Trick Room|[of] p2b: Farigiraf\n|\n|upkeep\n|turn|3\n|\n|t:|1776553982\n|switch|p2b: Sinistcha|Sinistcha, L50|100/100\n|-heal|p2a: Incineroar|85/100|[from] ability: Hospitality|[of] p2b: Sinistcha\n|move|p1a: Farigiraf|Curse|p1a: Farigiraf\n|-unboost|p1a: Farigiraf|spe|1\n|-boost|p1a: Farigiraf|atk|1\n|-boost|p1a: Farigiraf|def|1\n|move|p2a: Incineroar|Parting Shot|p1b: Florges\n|-unboost|p1b: Florges|atk|1\n|-unboost|p1b: Florges|spa|1\n|\n|t:|1776553986\n|switch|p2a: crab|Crabominable, L50, M|100/100|[from] Parting Shot\n|move|p1b: Florges|Petal Blizzard|p2a: crab|[spread] p2a,p2b\n|-ability|p1a: Farigiraf|Sap Sipper|boost\n|-boost|p1a: Farigiraf|atk|1\n|-resisted|p2b: Sinistcha|1\n|-damage|p2a: crab|95/100\n|-damage|p2b: Sinistcha|98/100\n|\n|upkeep\n|turn|4\n|\n|t:|1776554024\n|detailschange|p2a: crab|Crabominable-Mega, L50, M\n|-mega|p2a: crab|Crabominable|Crabominite\n|move|p1a: Farigiraf|Protect|p1a: Farigiraf\n|-singleturn|p1a: Farigiraf|Protect\n|move|p2b: Sinistcha|Rage Powder|p2b: Sinistcha\n|-singleturn|p2b: Sinistcha|move: Rage Powder\n|move|p2a: crab|Drain Punch|p1a: Farigiraf\n|-activate|p1a: Farigiraf|move: Protect\n|move|p1b: Florges|Moonblast|p2b: Sinistcha\n|-damage|p2b: Sinistcha|69/100\n|\n|upkeep\n|turn|5\n|\n|t:|1776554046\n|move|p2b: Sinistcha|Rage Powder|p2b: Sinistcha\n|-singleturn|p2b: Sinistcha|move: Rage Powder\n|move|p1a: Farigiraf|Baton Pass|p1a: Farigiraf\n|\n|t:|1776554050\n|switch|p1a: Sableye|Sableye, L50, M|100/100|[from] Baton Pass\n|move|p2a: crab|Drain Punch|p1a: Sableye\n|-immune|p1a: Sableye\n|move|p1b: Florges|Wish|p1b: Florges\n|\n|upkeep\n|turn|6\n|\n|t:|1776554078\n|switch|p2a: Incineroar|Incineroar, L50, M|85/100\n|-ability|p2a: Incineroar|Intimidate|boost\n|-unboost|p1a: Sableye|atk|1\n|-unboost|p1b: Florges|atk|1\n|switch|p1b: Farigiraf|Farigiraf, L50, M|60/100\n|detailschange|p1a: Sableye|Sableye-Mega, L50, M\n|-mega|p1a: Sableye|Sableye|Sablenite\n|move|p1a: Sableye|Drain Punch|p2a: Incineroar\n|-supereffective|p2a: Incineroar|1\n|-enditem|p2a: Incineroar|Chople Berry|[eat]\n|-enditem|p2a: Incineroar|Chople Berry|[weaken]\n|-damage|p2a: Incineroar|60/100\n|move|p2b: Sinistcha|Life Dew|p2b: Sinistcha|[spread] p2a,p2b\n|-heal|p2a: Incineroar|85/100\n|-heal|p2b: Sinistcha|94/100\n|\n|-heal|p1b: Farigiraf|100/100|[from] move: Wish|[wisher] Florges\n|-fieldend|move: Trick Room\n|upkeep\n|turn|7\n|\n|t:|1776554108\n|move|p1a: Sableye|Shadow Sneak|p2b: Sinistcha\n|-supereffective|p2b: Sinistcha|1\n|-damage|p2b: Sinistcha|54/100\n|move|p2a: Incineroar|Darkest Lariat|p1b: Farigiraf\n|-supereffective|p1b: Farigiraf|1\n|-damage|p1b: Farigiraf|42/100\n|move|p1b: Farigiraf|Curse|p1b: Farigiraf\n|-unboost|p1b: Farigiraf|spe|1\n|-boost|p1b: Farigiraf|atk|1\n|-boost|p1b: Farigiraf|def|1\n|move|p2b: Sinistcha|Trick Room|p2b: Sinistcha\n|-fieldstart|move: Trick Room|[of] p2b: Sinistcha\n|\n|upkeep\n|turn|8\n|\n|t:|1776554142\n|switch|p2b: crab|Crabominable-Mega, L50, M|95/100\n|move|p1a: Sableye|Drain Punch|p2a: Incineroar\n|-supereffective|p2a: Incineroar|1\n|-damage|p2a: Incineroar|30/100\n|move|p1b: Farigiraf|Curse|p1b: Farigiraf\n|-unboost|p1b: Farigiraf|spe|1\n|-boost|p1b: Farigiraf|atk|1\n|-boost|p1b: Farigiraf|def|1\n|move|p2a: Incineroar|Darkest Lariat|p1b: Farigiraf\n|-supereffective|p1b: Farigiraf|1\n|-damage|p1b: Farigiraf|0 fnt\n|faint|p1b: Farigiraf\n|\n|upkeep\n|\n|t:|1776554158\n|switch|p1b: Pangoro|Pangoro, L50, M|100/100\n|turn|9\n|\n|t:|1776554177\n|move|p1a: Sableye|Drain Punch|p2b: crab\n|-supereffective|p2b: crab|1\n|-damage|p2b: crab|46/100\n|move|p2b: crab|Drain Punch|p1b: Pangoro\n|-supereffective|p1b: Pangoro|1\n|-damage|p1b: Pangoro|0 fnt\n|-heal|p2b: crab|91/100|[from] drain|[of] p1b: Pangoro\n|faint|p1b: Pangoro\n|move|p2a: Incineroar|Parting Shot|p1a: Sableye\n|move|p1a: Sableye|Parting Shot|p2a: Incineroar|[from] ability: Magic Bounce\n|-unboost|p2a: Incineroar|atk|1\n|-unboost|p2a: Incineroar|spa|1\n|\n|t:|1776554191\n|switch|p1a: Florges|Florges, L50, F|100/100|[from] Parting Shot\n|\n|upkeep\n|-message|idiota.mp3 forfeited.\n|\n|win|chrisp428\n|raw|idiota.mp3's rating: 1000 &rarr; <strong>1000</strong><br />(+0 for losing)\n|raw|chrisp428's rating: 1023 &rarr; <strong>1057</strong><br />(+34 for winning)\n|l|\u2606idiota.mp3\n|player|p1|\n",
  "uploadtime": 1776554203,
  "views": 12,
  "formatid": "gen9championsvgc2026regma",
  "rating": 1000,
  "private": 0,
  "password": null
}