{
  "id": "gen9championsvgc2026regma-2587623640",
  "format": "[Gen 9 Champions] VGC 2026 Reg M-A",
  "players": [
    "branden kim dokjaa",
    "isayhiyousayhello"
  ],
  "log": "|j|\u203dbranden kim dokjaa\n|j|\u2606isayhiyousayhello\n|t:|1776547928\n|gametype|doubles\n|player|p1|branden kim dokjaa|cynthia-masters3|1413\n|player|p2|isayhiyousayhello|2|1432\n|gen|9\n|tier|[Gen 9 Champions] VGC 2026 Reg M-A\n|rated|\n|rule|Species Clause: Limit one of each Pok\u00e9mon\n|rule|Item Clause: Limit 1 of each item\n|clearpoke\n|poke|p1|Aegislash, L50, M|\n|poke|p1|Palafin, L50, F|\n|poke|p1|Whimsicott, L50, M|\n|poke|p1|Lucario, L50, M|\n|poke|p1|Milotic, L50, F|\n|poke|p1|Basculegion-F, L50, F|\n|poke|p2|Espathra, L50, F|\n|poke|p2|Volcarona, L50, F|\n|poke|p2|Froslass, L50, F|\n|poke|p2|Whimsicott, L50, F|\n|poke|p2|Kingambit, L50, F|\n|poke|p2|Incineroar, L50, M|\n|teampreview|4\n|inactive|Battle timer is ON: inactive players will automatically lose when time's up. (requested by branden kim dokjaa)\nisayhiyousayhello rejected open team sheets.\n|inactive|branden kim dokjaa has 60 seconds left.\n|\n|t:|1776547962\n|teamsize|p1|4\n|teamsize|p2|4\n|start\n|switch|p1a: Milotic|Milotic, L50, F|100/100\n|switch|p1b: Lucario|Lucario, L50, M|100/100\n|switch|p2a: Volcarona|Volcarona, L50, F|100/100\n|switch|p2b: Froslass|Froslass, L50, F|100/100\n|turn|1\n|inactive|isayhiyousayhello has 30 seconds left.\n|\n|t:|1776547990\n|switch|p2b: Kingambit|Kingambit, L50, F|100/100\n|detailschange|p1b: Lucario|Lucario-Mega, L50, M\n|-mega|p1b: Lucario|Lucario|Lucarionite\n|move|p1b: Lucario|Meteor Mash|p2b: Kingambit\n|-resisted|p2b: Kingambit|1\n|-damage|p2b: Kingambit|74/100\n|move|p2a: Volcarona|Overheat|p1b: Lucario\n|-supereffective|p1b: Lucario|1\n|-damage|p1b: Lucario|0 fnt\n|-unboost|p2a: Volcarona|spa|2\n|faint|p1b: Lucario\n|move|p1a: Milotic|Muddy Water|p2b: Kingambit|[spread] p2a,p2b\n|-supereffective|p2a: Volcarona|1\n|-damage|p2a: Volcarona|53/100\n|-damage|p2b: Kingambit|51/100\n|-unboost|p2a: Volcarona|accuracy|1\n|-unboost|p2b: Kingambit|accuracy|1\n|-ability|p2b: Kingambit|Defiant|boost\n|-boost|p2b: Kingambit|atk|2\n|\n|upkeep\n|\n|t:|1776547996\n|switch|p1b: Whimsicott|Whimsicott, L50, M|100/100\n|turn|2\n|\n|t:|1776548004\n|move|p1a: Milotic|Protect|p1a: Milotic\n|-singleturn|p1a: Milotic|Protect\n|move|p2b: Kingambit|Protect|p2b: Kingambit\n|-singleturn|p2b: Kingambit|Protect\n|move|p1b: Whimsicott|Moonblast|p2b: Kingambit\n|-activate|p2b: Kingambit|move: Protect\n|move|p2a: Volcarona|Tailwind|p2a: Volcarona\n|-sidestart|p2: isayhiyousayhello|move: Tailwind\n|\n|upkeep\n|turn|3\n|\n|t:|1776548017\n|switch|p2a: Whimsicott|Whimsicott, L50, F|100/100\n|move|p1b: Whimsicott|Protect|p1b: Whimsicott\n|-singleturn|p1b: Whimsicott|Protect\n|move|p2b: Kingambit|Sucker Punch|p1a: Milotic\n|-damage|p1a: Milotic|20/100\n|move|p1a: Milotic|Muddy Water|p2a: Whimsicott|[spread] p2a,p2b\n|-resisted|p2a: Whimsicott|1\n|-damage|p2a: Whimsicott|76/100\n|-damage|p2b: Kingambit|23/100\n|\n|-heal|p1a: Milotic|26/100|[from] item: Leftovers\n|upkeep\n|turn|4\n|\n|t:|1776548027\n|move|p2a: Whimsicott|Encore|p1b: Whimsicott\n|-start|p1b: Whimsicott|Encore\n|move|p1b: Whimsicott|Protect|p1b: Whimsicott\n|-singleturn|p1b: Whimsicott|Protect\n|move|p2b: Kingambit|Sucker Punch||[still]\n|-fail|p2b: Kingambit\n|move|p1a: Milotic|Recover|p1a: Milotic\n|-heal|p1a: Milotic|76/100\n|\n|-heal|p1a: Milotic|82/100|[from] item: Leftovers\n|upkeep\n|turn|5\n|\n|t:|1776548040\n|switch|p1b: Basculegion|Basculegion-F, L50, F|100/100\n|move|p1a: Milotic|Protect|p1a: Milotic\n|-singleturn|p1a: Milotic|Protect\n|move|p2a: Whimsicott|Encore|p1a: Milotic\n|-activate|p1a: Milotic|move: Protect\n|move|p2b: Kingambit|Iron Head|p1b: Basculegion\n|-resisted|p1b: Basculegion|1\n|-damage|p1b: Basculegion|44/100\n|\n|-heal|p1a: Milotic|87/100|[from] item: Leftovers\n|-sideend|p2: isayhiyousayhello|move: Tailwind\n|upkeep\n|turn|6\n|\n|t:|1776548057\n|switch|p1b: Whimsicott|Whimsicott, L50, M|100/100\n|switch|p2b: Volcarona|Volcarona, L50, F|53/100\n|move|p2a: Whimsicott|Encore|p1a: Milotic\n|-start|p1a: Milotic|Encore\n|move|p1a: Milotic|Protect||[still]\n|-fail|p1a: Milotic\n|\n|-heal|p1a: Milotic|93/100|[from] item: Leftovers\n|upkeep\n|turn|7\n|\n|t:|1776548070\n|switch|p1a: Basculegion|Basculegion-F, L50, F|44/100\n|move|p1b: Whimsicott|Tailwind|p1b: Whimsicott\n|-sidestart|p1: branden kim dokjaa|move: Tailwind\n|move|p2a: Whimsicott|Moonblast|p1b: Whimsicott\n|-damage|p1b: Whimsicott|40/100\n|move|p2b: Volcarona|Overheat|p1b: Whimsicott\n|-supereffective|p1b: Whimsicott|1\n|-damage|p1b: Whimsicott|0 fnt\n|-unboost|p2b: Volcarona|spa|2\n|faint|p1b: Whimsicott\n|\n|upkeep\n|\n|t:|1776548077\n|switch|p1b: Milotic|Milotic, L50, F|93/100\n|turn|8\n|\n|t:|1776548086\n|move|p2b: Volcarona|Rage Powder|p2b: Volcarona\n|-singleturn|p2b: Volcarona|move: Rage Powder\n|move|p2a: Whimsicott|Tailwind|p2a: Whimsicott\n|-sidestart|p2: isayhiyousayhello|move: Tailwind\n|move|p1a: Basculegion|Last Respects|p2b: Volcarona\n|-damage|p2b: Volcarona|0 fnt\n|faint|p2b: Volcarona\n|move|p1b: Milotic|Muddy Water|p2a: Whimsicott\n|-resisted|p2a: Whimsicott|1\n|-damage|p2a: Whimsicott|46/100\n|\n|-heal|p1b: Milotic|99/100|[from] item: Leftovers\n|upkeep\n|\n|t:|1776548094\n|switch|p2b: Kingambit|Kingambit, L50, F|23/100\n|turn|9\n|\n|t:|1776548098\n|move|p2b: Kingambit|Sucker Punch|p1a: Basculegion\n|-supereffective|p1a: Basculegion|1\n|-damage|p1a: Basculegion|0 fnt\n|faint|p1a: Basculegion\n|move|p2a: Whimsicott|Moonblast|p1b: Milotic\n|-damage|p1b: Milotic|75/100\n|move|p1b: Milotic|Muddy Water|p2b: Kingambit|[spread] p2a,p2b\n|-resisted|p2a: Whimsicott|1\n|-damage|p2a: Whimsicott|22/100\n|-damage|p2b: Kingambit|0 fnt\n|faint|p2b: Kingambit\n|\n|-heal|p1b: Milotic|81/100|[from] item: Leftovers\n|upkeep\n|\n|t:|1776548101\n|switch|p2b: Froslass|Froslass, L50, F|100/100\n|turn|10\n|\n|t:|1776548106\n|detailschange|p2b: Froslass|Froslass-Mega, L50, F\n|-mega|p2b: Froslass|Froslass|Froslassite\n|-weather|Snowscape|[from] ability: Snow Warning|[of] p2b: Froslass\n|move|p2a: Whimsicott|Moonblast|p1b: Milotic\n|-damage|p1b: Milotic|56/100\n|move|p2b: Froslass|Shadow Ball|p1b: Milotic\n|-damage|p1b: Milotic|26/100\n|move|p1b: Milotic|Icy Wind|p2b: Froslass|[spread] p2a,p2b\n|-supereffective|p2a: Whimsicott|1\n|-resisted|p2b: Froslass|1\n|-damage|p2a: Whimsicott|0 fnt\n|-damage|p2b: Froslass|94/100\n|-unboost|p2b: Froslass|spe|1\n|faint|p2a: Whimsicott\n|\n|-weather|Snowscape|[upkeep]\n|-heal|p1b: Milotic|32/100|[from] item: Leftovers\n|-sideend|p1: branden kim dokjaa|move: Tailwind\n|upkeep\n|turn|11\n|\n|t:|1776548116\n|move|p2b: Froslass|Shadow Ball|p1b: Milotic\n|-damage|p1b: Milotic|3/100\n|move|p1b: Milotic|Recover|p1b: Milotic\n|-heal|p1b: Milotic|53/100\n|\n|-weather|Snowscape|[upkeep]\n|-heal|p1b: Milotic|58/100|[from] item: Leftovers\n|-sideend|p2: isayhiyousayhello|move: Tailwind\n|upkeep\n|turn|12\n|\n|t:|1776548123\n|move|p2b: Froslass|Shadow Ball|p1b: Milotic\n|-damage|p1b: Milotic|28/100\n|-unboost|p1b: Milotic|spd|1\n|-ability|p1b: Milotic|Competitive|boost\n|-boost|p1b: Milotic|spa|2\n|move|p1b: Milotic|Muddy Water|p2b: Froslass\n|-damage|p2b: Froslass|10/100\n|\n|-weather|Snowscape|[upkeep]\n|-heal|p1b: Milotic|34/100|[from] item: Leftovers\n|upkeep\n|turn|13\n|\n|t:|1776548132\n|move|p1b: Milotic|Protect|p1b: Milotic\n|-singleturn|p1b: Milotic|Protect\n|move|p2b: Froslass|Shadow Ball|p1b: Milotic\n|-activate|p1b: Milotic|move: Protect\n|\n|-weather|Snowscape|[upkeep]\n|-heal|p1b: Milotic|40/100|[from] item: Leftovers\n|upkeep\n|turn|14\n|\n|t:|1776548135\n|move|p1b: Milotic|Protect||[still]\n|-fail|p1b: Milotic\n|move|p2b: Froslass|Shadow Ball|p1b: Milotic\n|-damage|p1b: Milotic|0 fnt\n|faint|p1b: Milotic\n|\n|win|isayhiyousayhello\n|raw|branden kim dokjaa's rating: 1413 &rarr; <strong>1394</strong><br />(-19 for losing)\n|raw|isayhiyousayhello's rating: 1432 &rarr; <strong>1451</strong><br />(+19 for winning)\n|c|\u2606isayhiyousayhello|gg\n|l|\u2606isayhiyousayhello\n|player|p2|\n",
  "uploadtime": 1776548166,
  "views": 17,
  "formatid": "gen9championsvgc2026regma",
  "rating": 1394,
  "private": 0,
  "password": null
}