{
  "id": "gen9championsvgc2026regma-2581750003",
  "format": "[Gen 9 Champions] VGC 2026 Reg M-A",
  "players": [
    "Shammy27",
    "iycer"
  ],
  "log": "|j|\u2606Shammy27\n|j|\u2606iycer\n|t:|1776025505\n|gametype|doubles\n|player|p1|Shammy27|170|1066\n|player|p2|iycer|102|1013\n|gen|9\n|tier|[Gen 9 Champions] VGC 2026 Reg M-A\n|rated|\n|rule|Species Clause: Limit one of each Pok\u00e9mon\n|rule|Item Clause: Limit 1 of each item\n|clearpoke\n|poke|p1|Aerodactyl, L50, F|\n|poke|p1|Sneasler, L50, F|\n|poke|p1|Floette-Eternal, L50, F|\n|poke|p1|Basculegion, L50, M|\n|poke|p1|Incineroar, L50, F|\n|poke|p1|Garchomp, L50, F|\n|poke|p2|Cofagrigus, L50, F|\n|poke|p2|Golurk, L50|\n|poke|p2|Torkoal, L50, M|\n|poke|p2|Mimikyu, L50, F|\n|poke|p2|Incineroar, L50, M|\n|poke|p2|Alakazam, L50, F|\n|teampreview|4\n|\n|t:|1776025557\n|teamsize|p1|4\n|teamsize|p2|4\n|start\n|switch|p1a: Basculegion|Basculegion, L50, M|100/100\n|switch|p1b: Floette|Floette-Eternal, L50, F|100/100\n|switch|p2a: Incineroar|Incineroar, L50, M|100/100\n|switch|p2b: Mimikyu|Mimikyu, L50, F|100/100\n|turn|1\n|\n|t:|1776025579\n|detailschange|p1b: Floette|Floette-Mega, L50, F\n|-mega|p1b: Floette|Floette|Floettite\n|-ability|p1b: Floette|Fairy Aura\n|move|p2a: Incineroar|Fake Out|p1b: Floette\n|-crit|p1b: Floette\n|-damage|p1b: Floette|76/100\n|move|p1a: Basculegion|Wave Crash|p2a: Incineroar\n|-supereffective|p2a: Incineroar|1\n|-damage|p2a: Incineroar|0 fnt\n|faint|p2a: Incineroar\n|-damage|p1a: Basculegion|70/100|[from] Recoil\n|cant|p1b: Floette|flinch\n|move|p2b: Mimikyu|Trick Room|p2b: Mimikyu\n|-fieldstart|move: Trick Room|[of] p2b: Mimikyu\n|\n|upkeep\n|\n|t:|1776025603\n|switch|p2a: Torkoal|Torkoal, L50, M|100/100\n|-weather|SunnyDay|[from] ability: Drought|[of] p2a: Torkoal\n|turn|2\n|\n|t:|1776025616\n|move|p1b: Floette|Protect|p1b: Floette\n|-singleturn|p1b: Floette|Protect\n|move|p2a: Torkoal|Eruption|p1a: Basculegion|[spread] p1a\n|-activate|p1b: Floette|move: Protect\n|-resisted|p1a: Basculegion|1\n|-damage|p1a: Basculegion|17/100\n|move|p2b: Mimikyu|Shadow Claw|p1a: Basculegion\n|-supereffective|p1a: Basculegion|1\n|-damage|p1a: Basculegion|0 fnt\n|faint|p1a: Basculegion\n|\n|-weather|SunnyDay|[upkeep]\n|upkeep\n|\n|t:|1776025630\n|switch|p1a: Garchomp|Garchomp, L50, F|100/100\n|turn|3\n|\n|t:|1776025653\n|switch|p1b: Aerodactyl|Aerodactyl, L50, F|100/100\n|-ability|p1b: Aerodactyl|Unnerve\n|move|p2a: Torkoal|Eruption|p1b: Aerodactyl|[spread] p1a,p1b\n|-resisted|p1a: Garchomp|1\n|-resisted|p1b: Aerodactyl|1\n|-damage|p1a: Garchomp|50/100\n|-damage|p1b: Aerodactyl|33/100\n|move|p2b: Mimikyu|Shadow Claw|p1a: Garchomp\n|-damage|p1a: Garchomp|25/100\n|-damage|p2b: Mimikyu|88/100|[from] ability: Rough Skin|[of] p1a: Garchomp\n|move|p1a: Garchomp|Earthquake|p2b: Mimikyu|[spread] p2a,p2b\n|-immune|p1b: Aerodactyl\n|-supereffective|p2a: Torkoal|1\n|-damage|p2a: Torkoal|38/100\n|-activate|p2b: Mimikyu|ability: Disguise\n|-damage|p2b: Mimikyu|88/100\n|detailschange|p2b: Mimikyu|Mimikyu-Busted, L50, F\n|-damage|p2b: Mimikyu|76/100|[from] pokemon: Mimikyu-Busted\n|\n|-weather|SunnyDay|[upkeep]\n|upkeep\n|turn|4\n|\n|t:|1776025694\n|move|p1b: Aerodactyl|Protect|p1b: Aerodactyl\n|-singleturn|p1b: Aerodactyl|Protect\n|move|p2a: Torkoal|Weather Ball|p1a: Garchomp\n|-resisted|p1a: Garchomp|1\n|-damage|p1a: Garchomp|0 fnt\n|faint|p1a: Garchomp\n|move|p2b: Mimikyu|Shadow Claw|p1b: Aerodactyl\n|-activate|p1b: Aerodactyl|move: Protect\n|\n|-weather|SunnyDay|[upkeep]\n|upkeep\n|\n|t:|1776025707\n|switch|p1a: Floette|Floette-Mega, L50, F|76/100\n|-ability|p1a: Floette|Fairy Aura\n|turn|5\n|\n|t:|1776025715\n|move|p1a: Floette|Protect|p1a: Floette\n|-singleturn|p1a: Floette|Protect\n|move|p1b: Aerodactyl|Protect|p1b: Aerodactyl\n|-singleturn|p1b: Aerodactyl|Protect\n|move|p2a: Torkoal|Weather Ball|p1b: Aerodactyl\n|-activate|p1b: Aerodactyl|move: Protect\n|move|p2b: Mimikyu|Shadow Claw|p1a: Floette\n|-activate|p1a: Floette|move: Protect\n|\n|-weather|SunnyDay|[upkeep]\n|-fieldend|move: Trick Room\n|upkeep\n|turn|6\n|n|!iycer|iycer\n|-message|iycer forfeited.\n|\n|win|Shammy27\n",
  "uploadtime": 1776025738,
  "views": 10,
  "formatid": "gen9championsvgc2026regma",
  "rating": null,
  "private": 0,
  "password": null
}