{
  "id": "gen9championsvgc2026regma-2588105384",
  "format": "[Gen 9 Champions] VGC 2026 Reg M-A",
  "players": [
    "trainerlouchan",
    "kari_0817"
  ],
  "log": "|j|\u2606trainerlouchan\n|j|\u2606kari_0817\n|t:|1776604844\n|gametype|doubles\n|player|p1|trainerlouchan|169|1172\n|player|p2|kari_0817|265|1141\n|gen|9\n|tier|[Gen 9 Champions] VGC 2026 Reg M-A\n|rated|\n|rule|Species Clause: Limit one of each Pok\u00e9mon\n|rule|Item Clause: Limit 1 of each item\n|clearpoke\n|poke|p1|Incineroar, L50, F|\n|poke|p1|Gengar, L50, F, shiny|\n|poke|p1|Whimsicott, L50, F|\n|poke|p1|Basculegion, L50, M|\n|poke|p1|Hatterene, L50, F|\n|poke|p1|Camerupt, L50, M|\n|poke|p2|Slowbro, L50, M, shiny|\n|poke|p2|Pikachu, L50, M, shiny|\n|poke|p2|Clefable, L50, F|\n|poke|p2|Sneasler, L50, F, shiny|\n|poke|p2|Alcremie-Salted-Cream, L50, F|\n|poke|p2|Floette-Eternal, L50, F|\n|teampreview|4\n|inactive|Battle timer is ON: inactive players will automatically lose when time's up. (requested by trainerlouchan)\n|inactive|trainerlouchan has 60 seconds left.\n|\n|t:|1776604885\n|teamsize|p1|4\n|teamsize|p2|4\n|start\n|switch|p1a: Incineroar|Incineroar, L50, F|100/100\n|switch|p1b: Whimsicott|Whimsicott, L50, F|100/100\n|switch|p2a: Floette|Floette-Eternal, L50, F|100/100\n|switch|p2b: Slowbro|Slowbro, L50, M, shiny|100/100\n|-ability|p1a: Incineroar|Intimidate|boost\n|-unboost|p2a: Floette|atk|1\n|-fail|p2b: Slowbro|unboost|Attack|[from] ability: Oblivious|[of] p2b: Slowbro\n|turn|1\n|inactive|kari_0817 has 30 seconds left.\n|inactive|trainerlouchan has 30 seconds left.\n|inactive|kari_0817 has 20 seconds left.\n|inactive|trainerlouchan has 20 seconds left.\n|inactive|kari_0817 has 15 seconds left.\n|inactive|trainerlouchan has 15 seconds left.\n|inactive|kari_0817 has 10 seconds left.\n|inactive|kari_0817 has 5 seconds left.\n|\n|t:|1776604937\n|move|p1a: Incineroar|Fake Out|p2a: Floette\n|-damage|p2a: Floette|80/100\n|move|p1b: Whimsicott|Taunt|p2b: Slowbro\n|-immune|p2b: Slowbro|[from] ability: Oblivious\n|cant|p2a: Floette|flinch\n|move|p2b: Slowbro|Iron Defense|p2b: Slowbro\n|-boost|p2b: Slowbro|def|2\n|\n|upkeep\n|turn|2\n|\n|t:|1776604954\n|move|p1b: Whimsicott|Tailwind|p1b: Whimsicott\n|-sidestart|p1: trainerlouchan|move: Tailwind\n|move|p2a: Floette|Light of Ruin|p1a: Incineroar\n|-damage|p1a: Incineroar|35/100\n|-enditem|p1a: Incineroar|Sitrus Berry|[eat]\n|-heal|p1a: Incineroar|60/100|[from] item: Sitrus Berry\n|-damage|p2a: Floette|36/100|[from] Recoil\n|move|p1a: Incineroar|Flare Blitz|p2a: Floette\n|-damage|p2a: Floette|0 fnt\n|faint|p2a: Floette\n|-damage|p1a: Incineroar|51/100|[from] Recoil\n|move|p2b: Slowbro|Iron Defense|p2b: Slowbro\n|-boost|p2b: Slowbro|def|2\n|\n|upkeep\n|\n|t:|1776604965\n|switch|p2a: Sneasler|Sneasler, L50, F, shiny|100/100\n|turn|3\n|inactive|trainerlouchan has 30 seconds left.\n|inactive|trainerlouchan has 20 seconds left.\n|inactive|kari_0817 has 30 seconds left.\n|inactive|trainerlouchan has 15 seconds left.\n|inactive|trainerlouchan has 10 seconds left.\n|\n|t:|1776605014\n|switch|p1a: Gengar|Gengar, L50, F, shiny|100/100\n|move|p1b: Whimsicott|Protect|p1b: Whimsicott\n|-singleturn|p1b: Whimsicott|Protect\n|move|p2a: Sneasler|Fake Out|p1b: Whimsicott\n|-activate|p1b: Whimsicott|move: Protect\n|move|p2b: Slowbro|Amnesia|p2b: Slowbro\n|-boost|p2b: Slowbro|spd|2\n|\n|upkeep\n|turn|4\n|inactive|kari_0817 has 30 seconds left.\n|inactive|kari_0817 has 20 seconds left.\n|\n|t:|1776605050\n|detailschange|p1a: Gengar|Gengar-Mega, L50, F, shiny\n|-mega|p1a: Gengar|Gengar|Gengarite\n|move|p1b: Whimsicott|Moonblast|p2a: Sneasler\n|-damage|p2a: Sneasler|53/100\n|move|p1a: Gengar|Shadow Ball|p2b: Slowbro\n|-supereffective|p2b: Slowbro|1\n|-damage|p2b: Slowbro|62/100\n|move|p2a: Sneasler|Dire Claw|p1b: Whimsicott\n|-supereffective|p1b: Whimsicott|2\n|-enditem|p1b: Whimsicott|Focus Sash\n|-damage|p1b: Whimsicott|1/100\n|move|p2b: Slowbro|Amnesia|p2b: Slowbro\n|-boost|p2b: Slowbro|spd|2\n|\n|upkeep\n|turn|5\n|\n|t:|1776605075\n|switch|p1b: Incineroar|Incineroar, L50, F|51/100\n|-ability|p1b: Incineroar|Intimidate|boost\n|-unboost|p2a: Sneasler|atk|1\n|-fail|p2b: Slowbro|unboost|Attack|[from] ability: Oblivious|[of] p2b: Slowbro\n|-enditem|p2a: Sneasler|White Herb\n|-clearnegativeboost|p2a: Sneasler|[silent]\n|move|p2a: Sneasler|Dire Claw|p1b: Incineroar\n|-damage|p1b: Incineroar|12/100\n|move|p1a: Gengar|Shadow Ball|p2b: Slowbro\n|-supereffective|p2b: Slowbro|1\n|-crit|p2b: Slowbro\n|-damage|p2b: Slowbro|0 fnt\n|faint|p2b: Slowbro\n|\n|-sideend|p1: trainerlouchan|move: Tailwind\n|upkeep\n|\n|t:|1776605089\n|switch|p2b: Alcremie|Alcremie-Salted-Cream, L50, F|100/100\n|turn|6\n|c|\u2606trainerlouchan|nice crit\n|c|\u2606kari_0817|bro pure luck\n|\n|t:|1776605112\n|move|p1a: Gengar|Protect|p1a: Gengar\n|-singleturn|p1a: Gengar|Protect\n|move|p2a: Sneasler|Dire Claw|p1b: Incineroar\n|-damage|p1b: Incineroar|0 fnt\n|faint|p1b: Incineroar\n|move|p2b: Alcremie|Stored Power|p1a: Gengar\n|-activate|p1a: Gengar|move: Protect\n|\n|upkeep\n|\n|t:|1776605127\n|switch|p1b: Whimsicott|Whimsicott, L50, F|1/100\n|turn|7\n|\n|t:|1776605143\n|move|p1b: Whimsicott|Tailwind|p1b: Whimsicott\n|-sidestart|p1: trainerlouchan|move: Tailwind\n|move|p2a: Sneasler|Dire Claw|p1b: Whimsicott\n|-supereffective|p1b: Whimsicott|2\n|-damage|p1b: Whimsicott|0 fnt\n|faint|p1b: Whimsicott\n|move|p1a: Gengar|Shadow Ball|p2a: Sneasler\n|-damage|p2a: Sneasler|0 fnt\n|faint|p2a: Sneasler\n|move|p2b: Alcremie|Stored Power|p1a: Gengar\n|-supereffective|p1a: Gengar|1\n|-damage|p1a: Gengar|87/100\n|\n|upkeep\n|\n|t:|1776605152\n|switch|p1b: Basculegion|Basculegion, L50, M|100/100\n|turn|8\n|-message|kari_0817 forfeited.\n|\n|win|trainerlouchan\n|raw|trainerlouchan's rating: 1172 &rarr; <strong>1195</strong><br />(+23 for winning)\n|raw|kari_0817's rating: 1141 &rarr; <strong>1118</strong><br />(-23 for losing)\n",
  "uploadtime": 1776605154,
  "views": 7,
  "formatid": "gen9championsvgc2026regma",
  "rating": 1118,
  "private": 0,
  "password": null
}