{
  "id": "gen9championsvgc2026regma-2587439079",
  "format": "[Gen 9 Champions] VGC 2026 Reg M-A",
  "players": [
    "Sheepsoft",
    "chuarizard"
  ],
  "log": "|j|\u2606Sheepsoft\n|j|\u2606chuarizard\n|t:|1776531890\n|gametype|doubles\n|player|p1|Sheepsoft|maid|1247\n|player|p2|chuarizard|169|1153\n|gen|9\n|tier|[Gen 9 Champions] VGC 2026 Reg M-A\n|rated|\n|rule|Species Clause: Limit one of each Pok\u00e9mon\n|rule|Item Clause: Limit 1 of each item\n|clearpoke\n|poke|p1|Hydreigon, L50, F|\n|poke|p1|Aegislash, L50, M|\n|poke|p1|Whimsicott, L50, M|\n|poke|p1|Mamoswine, L50, M|\n|poke|p1|Delphox, L50, F|\n|poke|p1|Sneasler, L50, M|\n|poke|p2|Feraligatr, L50, M|\n|poke|p2|Meganium, L50, F|\n|poke|p2|Pelipper, L50, M|\n|poke|p2|Archaludon, L50, M|\n|poke|p2|Incineroar, L50, F|\n|poke|p2|Maushold-Four, L50|\n|teampreview|4\n|inactive|Battle timer is ON: inactive players will automatically lose when time's up. (requested by chuarizard)\n|\n|t:|1776531924\n|teamsize|p1|4\n|teamsize|p2|4\n|start\n|switch|p1a: Aegislash|Aegislash, L50, M|100/100\n|switch|p1b: Whimsicott|Whimsicott, L50, M|100/100\n|switch|p2a: Pelipper|Pelipper, L50, M|100/100\n|switch|p2b: Archaludon|Archaludon, L50, M|100/100\n|-weather|RainDance|[from] ability: Drizzle|[of] p2a: Pelipper\n|turn|1\n|\n|t:|1776531948\n|switch|p2b: Incineroar|Incineroar, L50, F|100/100\n|-ability|p2b: Incineroar|Intimidate|boost\n|-unboost|p1a: Aegislash|atk|1\n|-unboost|p1b: Whimsicott|atk|1\n|move|p1b: Whimsicott|Tailwind|p1b: Whimsicott\n|-sidestart|p1: Sheepsoft|move: Tailwind\n|move|p1a: Aegislash|Substitute|p1a: Aegislash\n|-start|p1a: Aegislash|Substitute\n|-damage|p1a: Aegislash|76/100\n|move|p2a: Pelipper|Tailwind|p2a: Pelipper\n|-sidestart|p2: chuarizard|move: Tailwind\n|\n|-weather|RainDance|[upkeep]\n|upkeep\n|turn|2\n|\n|t:|1776531970\n|switch|p1b: Mamoswine|Mamoswine, L50, M|100/100\n|move|p2b: Incineroar|Fake Out|p1b: Mamoswine\n|-damage|p1b: Mamoswine|88/100\n|move|p2a: Pelipper|Hurricane|p1b: Mamoswine\n|-crit|p1b: Mamoswine\n|-damage|p1b: Mamoswine|19/100\n|-start|p1b: Mamoswine|confusion\n|-formechange|p1a: Aegislash|Aegislash-Blade|\n|move|p1a: Aegislash|Poltergeist|p2a: Pelipper\n|-activate|p2a: Pelipper|move: Poltergeist|Focus Sash\n|-damage|p2a: Pelipper|59/100\n|\n|-weather|RainDance|[upkeep]\n|upkeep\n|turn|3\n|inactive|Sheepsoft has 30 seconds left.\n|\n|t:|1776531997\n|move|p2a: Pelipper|Muddy Water|p1a: Aegislash|[spread] p1a,p1b\n|-end|p1a: Aegislash|Substitute\n|-supereffective|p1b: Mamoswine|1\n|-damage|p1b: Mamoswine|0 fnt\n|faint|p1b: Mamoswine\n|move|p1a: Aegislash|Poltergeist|p2a: Pelipper\n|-activate|p2a: Pelipper|move: Poltergeist|Focus Sash\n|-crit|p2a: Pelipper\n|-damage|p2a: Pelipper|0 fnt\n|faint|p2a: Pelipper\n|move|p2b: Incineroar|Throat Chop|p1a: Aegislash\n|-supereffective|p1a: Aegislash|1\n|-damage|p1a: Aegislash|0 fnt\n|faint|p1a: Aegislash\n|\n|-weather|RainDance|[upkeep]\n|upkeep\n|inactive|chuarizard has 30 seconds left.\n|\n|t:|1776532025\n|switch|p2a: Feraligatr|Feraligatr, L50, M|100/100\n|switch|p1a: Whimsicott|Whimsicott, L50, M|100/100\n|switch|p1b: Sneasler|Sneasler, L50, M|100/100\n|turn|4\n|inactive|chuarizard has 30 seconds left.\n|inactive|Sheepsoft has 30 seconds left.\n|\n|t:|1776532057\n|detailschange|p2a: Feraligatr|Feraligatr-Mega, L50, M\n|-mega|p2a: Feraligatr|Feraligatr|Feraligite\n|move|p1b: Sneasler|Fake Out|p2a: Feraligatr\n|-damage|p2a: Feraligatr|87/100\n|move|p1a: Whimsicott|Moonblast|p2a: Feraligatr\n|-supereffective|p2a: Feraligatr|1\n|-damage|p2a: Feraligatr|0 fnt\n|faint|p2a: Feraligatr\n|move|p2b: Incineroar|Flare Blitz|p1a: Whimsicott\n|-supereffective|p1a: Whimsicott|1\n|-damage|p1a: Whimsicott|16/100\n|-damage|p2b: Incineroar|82/100|[from] Recoil\n|\n|-weather|RainDance|[upkeep]\n|-sideend|p1: Sheepsoft|move: Tailwind\n|-sideend|p2: chuarizard|move: Tailwind\n|upkeep\n|\n|t:|1776532073\n|switch|p2a: Archaludon|Archaludon, L50, M|100/100\n|turn|5\n|\n|t:|1776532085\n|move|p1a: Whimsicott|Helping Hand|p1b: Sneasler\n|-singleturn|p1b: Sneasler|Helping Hand|[of] p1a: Whimsicott\n|move|p1b: Sneasler|Close Combat|p2a: Archaludon\n|-supereffective|p2a: Archaludon|1\n|-damage|p2a: Archaludon|0 fnt\n|-unboost|p1b: Sneasler|def|1\n|-unboost|p1b: Sneasler|spd|1\n|faint|p2a: Archaludon\n|-enditem|p1b: Sneasler|White Herb\n|-clearnegativeboost|p1b: Sneasler|[silent]\n|move|p2b: Incineroar|Flare Blitz|p1a: Whimsicott\n|-supereffective|p1a: Whimsicott|1\n|-damage|p1a: Whimsicott|0 fnt\n|faint|p1a: Whimsicott\n|-damage|p2b: Incineroar|78/100|[from] Recoil\n|\n|-weather|none\n|upkeep\n|turn|6\n|\n|t:|1776532106\n|move|p1b: Sneasler|Close Combat|p2b: Incineroar\n|-supereffective|p2b: Incineroar|1\n|-damage|p2b: Incineroar|0 fnt\n|-unboost|p1b: Sneasler|def|1\n|-unboost|p1b: Sneasler|spd|1\n|faint|p2b: Incineroar\n|\n|win|Sheepsoft\n|raw|Sheepsoft's rating: 1247 &rarr; <strong>1265</strong><br />(+18 for winning)\n|raw|chuarizard's rating: 1153 &rarr; <strong>1135</strong><br />(-18 for losing)\n|l|\u2606chuarizard\n|player|p2|\n",
  "uploadtime": 1776532115,
  "views": 13,
  "formatid": "gen9championsvgc2026regma",
  "rating": 1135,
  "private": 0,
  "password": null
}