{
  "id": "gen9championsvgc2026regma-2582374533",
  "format": "[Gen 9 Champions] VGC 2026 Reg M-A",
  "players": [
    "G3N13",
    "Wiizard_64"
  ],
  "log": "|j|\u2606G3N13\n|j|\u2606Wiizard_64\n|t:|1776087375\n|gametype|doubles\n|player|p1|G3N13|n|1064\n|player|p2|Wiizard_64|steven|1040\n|gen|9\n|tier|[Gen 9 Champions] VGC 2026 Reg M-A\n|rated|\n|rule|Species Clause: Limit one of each Pok\u00e9mon\n|rule|Item Clause: Limit 1 of each item\n|clearpoke\n|poke|p1|Incineroar, L50, M|\n|poke|p1|Farigiraf, L50, M|\n|poke|p1|Torkoal, L50, M|\n|poke|p1|Gardevoir, L50, F|\n|poke|p1|Sinistcha, L50|\n|poke|p1|Corviknight, L50, F|\n|poke|p2|Pelipper, L50, F|\n|poke|p2|Basculegion, L50, M|\n|poke|p2|Scizor, L50, F|\n|poke|p2|Dragonite, L50, M|\n|poke|p2|Incineroar, L50, M|\n|poke|p2|Aegislash, L50, F|\n|teampreview|4\n|\n|t:|1776087420\n|teamsize|p1|4\n|teamsize|p2|4\n|start\n|switch|p1a: Sinistcha|Sinistcha, L50|100/100\n|switch|p1b: Gardevoir|Gardevoir, L50, F, shiny|100/100\n|switch|p2a: Incineroar|Incineroar, L50, M|100/100\n|switch|p2b: Dragonite|Dragonite, L50, M|100/100\n|-ability|p1b: Gardevoir|Intimidate|Trace|[from] ability: Trace|[of] p2a: Incineroar\n|-ability|p1b: Gardevoir|Intimidate|boost\n|-unboost|p2a: Incineroar|atk|1\n|-unboost|p2b: Dragonite|atk|1\n|-ability|p2a: Incineroar|Intimidate|boost\n|-unboost|p1a: Sinistcha|atk|1\n|-unboost|p1b: Gardevoir|atk|1\n|turn|1\n|\n|t:|1776087443\n|detailschange|p1b: Gardevoir|Gardevoir-Mega, L50, F, shiny\n|-mega|p1b: Gardevoir|Gardevoir|Gardevoirite\n|move|p2b: Dragonite|Protect|p2b: Dragonite\n|-singleturn|p2b: Dragonite|Protect\n|move|p2a: Incineroar|Fake Out|p1b: Gardevoir\n|-damage|p1b: Gardevoir|90/100\n|move|p1a: Sinistcha|Rage Powder|p1a: Sinistcha\n|-singleturn|p1a: Sinistcha|move: Rage Powder\n|cant|p1b: Gardevoir|flinch\n|\n|upkeep\n|turn|2\n|\n|t:|1776087465\n|switch|p2b: Pelipper|Pelipper, L50, F|100/100\n|-weather|RainDance|[from] ability: Drizzle|[of] p2b: Pelipper\n|move|p1a: Sinistcha|Rage Powder|p1a: Sinistcha\n|-singleturn|p1a: Sinistcha|move: Rage Powder\n|move|p1b: Gardevoir|Hyper Voice|p2a: Incineroar|[spread] p2a,p2b\n|-damage|p2a: Incineroar|63/100\n|-enditem|p2b: Pelipper|Focus Sash\n|-damage|p2b: Pelipper|1/100\n|move|p2a: Incineroar|Parting Shot|p1a: Sinistcha\n|-unboost|p1a: Sinistcha|atk|1\n|-unboost|p1a: Sinistcha|spa|1\n|\n|t:|1776087479\n|switch|p2a: Basculegion|Basculegion, L50, M|100/100|[from] Parting Shot\n|\n|-weather|RainDance|[upkeep]\n|upkeep\n|turn|3\n|\n|t:|1776087491\n|move|p2a: Basculegion|Flip Turn|p1a: Sinistcha\n|-resisted|p1a: Sinistcha|1\n|-damage|p1a: Sinistcha|78/100\n|\n|t:|1776087495\n|switch|p2a: Dragonite|Dragonite, L50, M|100/100|[from] Flip Turn\n|move|p2b: Pelipper|Hurricane|p1a: Sinistcha\n|-supereffective|p1a: Sinistcha|1\n|-damage|p1a: Sinistcha|0 fnt\n|faint|p1a: Sinistcha\n|move|p1b: Gardevoir|Trick Room|p1b: Gardevoir\n|-fieldstart|move: Trick Room|[of] p1b: Gardevoir\n|\n|-weather|RainDance|[upkeep]\n|upkeep\n|\n|t:|1776087505\n|switch|p1a: Incineroar|Incineroar, L50, M, shiny|100/100\n|-ability|p1a: Incineroar|Intimidate|boost\n|-unboost|p2a: Dragonite|atk|1\n|-unboost|p2b: Pelipper|atk|1\n|turn|4\n|\n|t:|1776087528\n|detailschange|p2a: Dragonite|Dragonite-Mega, L50, M\n|-mega|p2a: Dragonite|Dragonite|Dragoninite\n|move|p1a: Incineroar|Fake Out|p2b: Pelipper\n|-damage|p2b: Pelipper|0 fnt\n|faint|p2b: Pelipper\n|move|p1b: Gardevoir|Hyper Voice|p2a: Dragonite\n|-supereffective|p2a: Dragonite|1\n|-damage|p2a: Dragonite|42/100\n|move|p2a: Dragonite|Hurricane|p1b: Gardevoir\n|-damage|p1b: Gardevoir|32/100\n|\n|-weather|RainDance|[upkeep]\n|upkeep\n|\n|t:|1776087541\n|switch|p2b: Incineroar|Incineroar, L50, M|63/100\n|-ability|p2b: Incineroar|Intimidate|boost\n|-unboost|p1a: Incineroar|atk|1\n|-unboost|p1b: Gardevoir|atk|1\n|turn|5\n|\n|t:|1776087553\n|switch|p1b: Torkoal|Torkoal, L50, M, shiny|100/100\n|-weather|SunnyDay|[from] ability: Drought|[of] p1b: Torkoal\n|move|p2b: Incineroar|Fake Out|p1b: Torkoal\n|-damage|p1b: Torkoal|91/100\n|move|p1a: Incineroar|Parting Shot|p2a: Dragonite\n|-unboost|p2a: Dragonite|atk|1\n|-unboost|p2a: Dragonite|spa|1\n|\n|t:|1776087562\n|switch|p1a: Gardevoir|Gardevoir-Mega, L50, F, shiny|32/100|[from] Parting Shot\n|move|p2a: Dragonite|Hurricane|p1b: Torkoal|[miss]\n|-miss|p2a: Dragonite|p1b: Torkoal\n|\n|-weather|SunnyDay|[upkeep]\n|upkeep\n|turn|6\n|\n|t:|1776087579\n|move|p2a: Dragonite|Protect|p2a: Dragonite\n|-singleturn|p2a: Dragonite|Protect\n|move|p1b: Torkoal|Earth Power|p2b: Incineroar\n|-supereffective|p2b: Incineroar|1\n|-damage|p2b: Incineroar|31/100\n|-enditem|p2b: Incineroar|Sitrus Berry|[eat]\n|-heal|p2b: Incineroar|55/100|[from] item: Sitrus Berry\n|move|p2b: Incineroar|Parting Shot|p1a: Gardevoir\n|-unboost|p1a: Gardevoir|atk|1\n|-unboost|p1a: Gardevoir|spa|1\n|\n|t:|1776087590\n|switch|p2b: Basculegion|Basculegion, L50, M|100/100|[from] Parting Shot\n|move|p1a: Gardevoir|Hyper Voice|p2a: Dragonite|[spread] p2b\n|-activate|p2a: Dragonite|move: Protect\n|-damage|p2b: Basculegion|61/100\n|\n|-weather|SunnyDay|[upkeep]\n|upkeep\n|turn|7\n|\n|t:|1776087617\n|switch|p1b: Incineroar|Incineroar, L50, M, shiny|100/100\n|-ability|p1b: Incineroar|Intimidate|boost\n|-unboost|p2a: Dragonite|atk|1\n|-unboost|p2b: Basculegion|atk|1\n|switch|p2a: Incineroar|Incineroar, L50, M|55/100\n|-ability|p2a: Incineroar|Intimidate|boost\n|-unboost|p1a: Gardevoir|atk|1\n|-unboost|p1b: Incineroar|atk|1\n|move|p2b: Basculegion|Protect|p2b: Basculegion\n|-singleturn|p2b: Basculegion|Protect\n|move|p1a: Gardevoir|Hyper Voice|p2b: Basculegion|[spread] p2a\n|-activate|p2b: Basculegion|move: Protect\n|-damage|p2a: Incineroar|30/100\n|\n|-weather|SunnyDay|[upkeep]\n|-fieldend|move: Trick Room\n|upkeep\n|turn|8\n|\n|t:|1776087646\n|move|p1a: Gardevoir|Protect|p1a: Gardevoir\n|-singleturn|p1a: Gardevoir|Protect\n|move|p2a: Incineroar|Fake Out|p1a: Gardevoir\n|-activate|p1a: Gardevoir|move: Protect\n|move|p2b: Basculegion|Wave Crash|p1a: Gardevoir\n|-activate|p1a: Gardevoir|move: Protect\n|move|p1b: Incineroar|Darkest Lariat|p2b: Basculegion\n|-supereffective|p2b: Basculegion|1\n|-damage|p2b: Basculegion|6/100\n|\n|-weather|SunnyDay|[upkeep]\n|upkeep\n|turn|9\n|\n|t:|1776087682\n|switch|p1a: Torkoal|Torkoal, L50, M, shiny|91/100\n|move|p2b: Basculegion|Flip Turn|p1a: Torkoal\n|-supereffective|p1a: Torkoal|1\n|-damage|p1a: Torkoal|72/100\n|\n|t:|1776087689\n|switch|p2b: Dragonite|Dragonite-Mega, L50, M|42/100|[from] Flip Turn\n|move|p2a: Incineroar|Parting Shot|p1a: Torkoal\n|-unboost|p1a: Torkoal|atk|1\n|-unboost|p1a: Torkoal|spa|1\n|\n|t:|1776087697\n|switch|p2a: Basculegion|Basculegion, L50, M|6/100|[from] Parting Shot\n|move|p1b: Incineroar|Darkest Lariat|p2b: Dragonite\n|-damage|p2b: Dragonite|24/100\n|\n|-weather|none\n|upkeep\n|turn|10\n|\n|t:|1776087720\n|move|p1a: Torkoal|Protect|p1a: Torkoal\n|-singleturn|p1a: Torkoal|Protect\n|move|p2a: Basculegion|Flip Turn|p1b: Incineroar\n|-supereffective|p1b: Incineroar|1\n|-damage|p1b: Incineroar|28/100\n|\n|t:|1776087726\n|switch|p2a: Incineroar|Incineroar, L50, M|30/100|[from] Flip Turn\n|-ability|p2a: Incineroar|Intimidate|boost\n|-unboost|p1a: Torkoal|atk|1\n|-unboost|p1b: Incineroar|atk|1\n|move|p2b: Dragonite|Draco Meteor|p1a: Torkoal\n|-activate|p1a: Torkoal|move: Protect\n|move|p1b: Incineroar|Parting Shot|p2b: Dragonite\n|-unboost|p2b: Dragonite|atk|1\n|-unboost|p2b: Dragonite|spa|1\n|\n|t:|1776087737\n|switch|p1b: Gardevoir|Gardevoir-Mega, L50, F, shiny|32/100|[from] Parting Shot\n|\n|upkeep\n|turn|11\n|\n|t:|1776087748\n|switch|p2b: Basculegion|Basculegion, L50, M|6/100\n|move|p2a: Incineroar|Fake Out|p1b: Gardevoir\n|-damage|p1b: Gardevoir|18/100\n|cant|p1b: Gardevoir|flinch\n|move|p1a: Torkoal|Eruption|p2b: Basculegion|[spread] p2a,p2b\n|-resisted|p2a: Incineroar|1\n|-resisted|p2b: Basculegion|1\n|-damage|p2a: Incineroar|21/100\n|-damage|p2b: Basculegion|0 fnt\n|faint|p2b: Basculegion\n|\n|upkeep\n|\n|t:|1776087759\n|switch|p2b: Dragonite|Dragonite-Mega, L50, M|24/100\n|turn|12\n|\n|t:|1776087777\n|switch|p1b: Incineroar|Incineroar, L50, M, shiny|28/100\n|-ability|p1b: Incineroar|Intimidate|boost\n|-unboost|p2a: Incineroar|atk|1\n|-unboost|p2b: Dragonite|atk|1\n|move|p2b: Dragonite|Hurricane|p1b: Incineroar\n|-damage|p1b: Incineroar|0 fnt\n|faint|p1b: Incineroar\n|move|p2a: Incineroar|Parting Shot|p1a: Torkoal\n|-unboost|p1a: Torkoal|atk|1\n|-unboost|p1a: Torkoal|spa|1\n|move|p1a: Torkoal|Eruption|p2b: Dragonite|[spread] p2a,p2b\n|-resisted|p2a: Incineroar|1\n|-resisted|p2b: Dragonite|1\n|-damage|p2a: Incineroar|13/100\n|-damage|p2b: Dragonite|16/100\n|\n|upkeep\n|\n|t:|1776087793\n|switch|p1b: Gardevoir|Gardevoir-Mega, L50, F, shiny|18/100\n|turn|13\n|\n|t:|1776087801\n|move|p1b: Gardevoir|Hyper Voice|p2a: Incineroar|[spread] p2a,p2b\n|-supereffective|p2b: Dragonite|1\n|-damage|p2a: Incineroar|0 fnt\n|-damage|p2b: Dragonite|0 fnt\n|faint|p2a: Incineroar\n|faint|p2b: Dragonite\n|\n|win|G3N13\n|raw|G3N13's rating: 1064 &rarr; <strong>1092</strong><br />(+28 for winning)\n|raw|Wiizard_64's rating: 1040 &rarr; <strong>1025</strong><br />(-15 for losing)\n|l|\u2606Wiizard_64\n|player|p2|\n",
  "uploadtime": 1776087807,
  "views": 18,
  "formatid": "gen9championsvgc2026regma",
  "rating": 1025,
  "private": 0,
  "password": null
}