{
  "id": "gen9championsvgc2026regma-2584875260",
  "format": "[Gen 9 Champions] VGC 2026 Reg M-A",
  "players": [
    "jack zelong",
    "DancerJoep"
  ],
  "log": "|j|\u2606jack zelong\n|j|\u2606DancerJoep\n|t:|1776290629\n|gametype|doubles\n|player|p1|jack zelong|chili|1196\n|player|p2|DancerJoep|266|1189\n|gen|9\n|tier|[Gen 9 Champions] VGC 2026 Reg M-A\n|rated|\n|rule|Species Clause: Limit one of each Pok\u00e9mon\n|rule|Item Clause: Limit 1 of each item\n|clearpoke\n|poke|p1|Crabominable, L50, F|\n|poke|p1|Aromatisse, L50, M|\n|poke|p1|Kingambit, L50, F|\n|poke|p1|Conkeldurr, L50, M|\n|poke|p1|Farigiraf, L50, M|\n|poke|p1|Aegislash, L50, F|\n|poke|p2|Incineroar, L50, F|\n|poke|p2|Sinistcha, L50|\n|poke|p2|Farigiraf, L50, M|\n|poke|p2|Drampa, L50, M|\n|poke|p2|Gengar, L50, M|\n|poke|p2|Basculegion, L50, M|\n|teampreview|4\n|inactive|Battle timer is ON: inactive players will automatically lose when time's up. (requested by DancerJoep)\nDancerJoep rejected open team sheets.\n|\n|t:|1776290655\n|teamsize|p1|4\n|teamsize|p2|4\n|start\n|switch|p1a: Kingambit|Kingambit, L50, F|100/100\n|switch|p1b: Crabominable|Crabominable, L50, F|100/100\n|switch|p2a: Incineroar|Incineroar, L50, F|100/100\n|switch|p2b: Gengar|Gengar, L50, M|100/100\n|-ability|p2a: Incineroar|Intimidate|boost\n|-unboost|p1a: Kingambit|atk|1\n|-ability|p1a: Kingambit|Defiant|boost\n|-boost|p1a: Kingambit|atk|2\n|-unboost|p1b: Crabominable|atk|1\n|turn|1\n|inactive|jack zelong has 30 seconds left.\n|inactive|DancerJoep has 30 seconds left.\n|\n|t:|1776290685\n|detailschange|p2b: Gengar|Gengar-Mega, L50, M\n|-mega|p2b: Gengar|Gengar|Gengarite\n|move|p1a: Kingambit|Protect|p1a: Kingambit\n|-singleturn|p1a: Kingambit|Protect\n|move|p1b: Crabominable|Protect|p1b: Crabominable\n|-singleturn|p1b: Crabominable|Protect\n|move|p2b: Gengar|Perish Song|p2b: Gengar\n|-start|p1a: Kingambit|perish3|[silent]\n|-start|p1b: Crabominable|perish3|[silent]\n|-start|p2a: Incineroar|perish3|[silent]\n|-start|p2b: Gengar|perish3|[silent]\n|-fieldactivate|move: Perish Song\n|move|p2a: Incineroar|Flare Blitz|p1a: Kingambit\n|-activate|p1a: Kingambit|move: Protect\n|\n|-start|p2b: Gengar|perish3\n|-start|p2a: Incineroar|perish3\n|-start|p1a: Kingambit|perish3\n|-start|p1b: Crabominable|perish3\n|upkeep\n|turn|2\n|inactive|DancerJoep has 30 seconds left.\n|\n|t:|1776290711\n|detailschange|p1b: Crabominable|Crabominable-Mega, L50, F\n|-mega|p1b: Crabominable|Crabominable|Crabominite\n|move|p2b: Gengar|Protect|p2b: Gengar\n|-singleturn|p2b: Gengar|Protect\n|move|p2a: Incineroar|Flare Blitz|p1a: Kingambit\n|-supereffective|p1a: Kingambit|1\n|-damage|p1a: Kingambit|2/100\n|-damage|p2a: Incineroar|67/100|[from] Recoil\n|move|p1a: Kingambit|Kowtow Cleave|p2a: Incineroar\n|-resisted|p2a: Incineroar|1\n|-damage|p2a: Incineroar|29/100\n|move|p1b: Crabominable|Drain Punch|p2a: Incineroar\n|-supereffective|p2a: Incineroar|1\n|-enditem|p2a: Incineroar|Chople Berry|[eat]\n|-enditem|p2a: Incineroar|Chople Berry|[weaken]\n|-damage|p2a: Incineroar|0 fnt\n|faint|p2a: Incineroar\n|\n|-start|p2b: Gengar|perish2\n|-start|p1a: Kingambit|perish2\n|-start|p1b: Crabominable|perish2\n|upkeep\n|\n|t:|1776290732\n|switch|p2a: Basculegion|Basculegion, L50, M|100/100\n|turn|3\n|\n|t:|1776290747\n|switch|p2b: Sinistcha|Sinistcha, L50|100/100\n|move|p1a: Kingambit|Sucker Punch|p2a: Basculegion\n|-supereffective|p2a: Basculegion|1\n|-damage|p2a: Basculegion|0 fnt\n|faint|p2a: Basculegion\n|move|p1b: Crabominable|Ice Hammer|p2b: Sinistcha\n|-supereffective|p2b: Sinistcha|1\n|-damage|p2b: Sinistcha|25/100\n|-unboost|p1b: Crabominable|spe|1\n|\n|-heal|p2b: Sinistcha|31/100|[from] item: Leftovers\n|-start|p1a: Kingambit|perish1\n|-start|p1b: Crabominable|perish1\n|upkeep\n|\n|t:|1776290760\n|switch|p2a: Gengar|Gengar-Mega, L50, M|100/100\n|turn|4\n|\n|t:|1776290773\n|move|p2a: Gengar|Protect|p2a: Gengar\n|-singleturn|p2a: Gengar|Protect\n|move|p2b: Sinistcha|Life Dew||[still]|[spread] p2a,p2b\n|-fail|p2a: Gengar|heal\n|-heal|p2b: Sinistcha|57/100\n|move|p1a: Kingambit|Kowtow Cleave|p2b: Sinistcha\n|-supereffective|p2b: Sinistcha|1\n|-damage|p2b: Sinistcha|0 fnt\n|faint|p2b: Sinistcha\n|move|p1b: Crabominable|Ice Hammer|p2a: Gengar\n|-activate|p2a: Gengar|move: Protect\n|\n|-start|p1a: Kingambit|perish0\n|-start|p1b: Crabominable|perish0\n|faint|p1a: Kingambit\n|faint|p1b: Crabominable\n|upkeep\n|\n|t:|1776290777\n|switch|p1a: Aegislash|Aegislash, L50, F|100/100\n|switch|p1b: Conkeldurr|Conkeldurr, L50, M|100/100\n|turn|5\n|\n|t:|1776290794\n|-formechange|p1a: Aegislash|Aegislash-Blade|\n|move|p1a: Aegislash|Shadow Sneak|p2a: Gengar\n|-supereffective|p2a: Gengar|1\n|-damage|p2a: Gengar|50/100\n|move|p2a: Gengar|Perish Song|p2a: Gengar\n|-start|p1a: Aegislash|perish3|[silent]\n|-start|p1b: Conkeldurr|perish3|[silent]\n|-start|p2a: Gengar|perish3|[silent]\n|-fieldactivate|move: Perish Song\n|move|p1b: Conkeldurr|Knock Off|p2a: Gengar\n|-supereffective|p2a: Gengar|1\n|-damage|p2a: Gengar|0 fnt\n|faint|p2a: Gengar\n|\n|win|jack zelong\n|raw|jack zelong's rating: 1196 &rarr; <strong>1220</strong><br />(+24 for winning)\n|raw|DancerJoep's rating: 1189 &rarr; <strong>1165</strong><br />(-24 for losing)\n|l|\u2606DancerJoep\n|player|p2|\n",
  "uploadtime": 1776290808,
  "views": 25,
  "formatid": "gen9championsvgc2026regma",
  "rating": 1165,
  "private": 0,
  "password": null
}