{
  "id": "gen9championsvgc2026regma-2582649385",
  "format": "[Gen 9 Champions] VGC 2026 Reg M-A",
  "players": [
    "fizixes",
    "Bullets95"
  ],
  "log": "|j|\u2606fizixes\n|j|\u2606Bullets95\n|t:|1776104897\n|gametype|doubles\n|player|p1|fizixes|266|1182\n|player|p2|Bullets95|hilbert-wonderlauncher|1147\n|gen|9\n|tier|[Gen 9 Champions] VGC 2026 Reg M-A\n|rated|\n|rule|Species Clause: Limit one of each Pok\u00e9mon\n|rule|Item Clause: Limit 1 of each item\n|clearpoke\n|poke|p1|Weavile, L50, M|\n|poke|p1|Lucario, L50, F|\n|poke|p1|Kleavor, L50, M|\n|poke|p1|Quaquaval, L50, M|\n|poke|p1|Meganium, L50, M|\n|poke|p1|Delphox, L50, M|\n|poke|p2|Froslass, L50, F|\n|poke|p2|Sneasler, L50, M|\n|poke|p2|Aerodactyl, L50, M|\n|poke|p2|Garchomp, L50, M|\n|poke|p2|Kingambit, L50, F|\n|poke|p2|Rotom-Wash, L50|\n|teampreview|4\n|inactive|Battle timer is ON: inactive players will automatically lose when time's up. (requested by fizixes)\n|inactive|Bullets95 has 60 seconds left.\n|\n|t:|1776104956\n|teamsize|p1|4\n|teamsize|p2|4\n|start\n|switch|p1a: Weavile|Weavile, L50, M|100/100\n|switch|p1b: Quaquaval|Quaquaval, L50, M|100/100\n|switch|p2a: Froslass|Froslass, L50, F|100/100\n|switch|p2b: Sneasler|Sneasler, L50, M|100/100\n|-ability|p1a: Weavile|Pressure\n|turn|1\n|inactive|Bullets95 has 30 seconds left.\n|\n|t:|1776104989\n|detailschange|p2a: Froslass|Froslass-Mega, L50, F\n|-mega|p2a: Froslass|Froslass|Froslassite\n|-weather|Snowscape|[from] ability: Snow Warning|[of] p2a: Froslass\n|move|p1a: Weavile|Fake Out|p2b: Sneasler\n|-damage|p2b: Sneasler|79/100\n|cant|p2b: Sneasler|flinch\n|move|p2a: Froslass|Aurora Veil|p2a: Froslass\n|-sidestart|p2: Bullets95|move: Aurora Veil\n|move|p1b: Quaquaval|Aqua Step|p2a: Froslass\n|-damage|p2a: Froslass|71/100\n|-boost|p1b: Quaquaval|spe|1\n|\n|-weather|Snowscape|[upkeep]\n|upkeep\n|turn|2\n|inactive|fizixes has 30 seconds left.\n|inactive|Bullets95 has 30 seconds left.\n|inactive|Bullets95 has 20 seconds left.\n|inactive|Bullets95 has 15 seconds left.\n|\n|t:|1776105033\n|switch|p2a: Garchomp|Garchomp, L50, M|100/100\n|move|p1a: Weavile|Triple Axel|p2b: Sneasler\n|-damage|p2b: Sneasler|69/100\n|-damage|p2b: Sneasler|44/100\n|-damage|p2b: Sneasler|9/100\n|-hitcount|p2b: Sneasler|3\n|move|p2b: Sneasler|Close Combat|p1a: Weavile\n|-supereffective|p1a: Weavile|2\n|-enditem|p1a: Weavile|Focus Sash\n|-damage|p1a: Weavile|1/100\n|-unboost|p2b: Sneasler|def|1\n|-unboost|p2b: Sneasler|spd|1\n|-enditem|p2b: Sneasler|White Herb\n|-clearnegativeboost|p2b: Sneasler|[silent]\n|move|p1b: Quaquaval|Aqua Step|p2b: Sneasler\n|-damage|p2b: Sneasler|0 fnt\n|-boost|p1b: Quaquaval|spe|1\n|faint|p2b: Sneasler\n|-ability|p1b: Quaquaval|Moxie|boost\n|-boost|p1b: Quaquaval|atk|1\n|\n|-weather|Snowscape|[upkeep]\n|upkeep\n|\n|t:|1776105055\n|switch|p2b: Kingambit|Kingambit, L50, F|100/100\n|turn|3\n|inactive|Bullets95 has 30 seconds left.\n|\n|t:|1776105083\n|move|p1a: Weavile|Protect|p1a: Weavile\n|-singleturn|p1a: Weavile|Protect\n|move|p2b: Kingambit|Sucker Punch||[still]\n|-fail|p2b: Kingambit\n|move|p1b: Quaquaval|Ice Spinner|p2a: Garchomp\n|-supereffective|p2a: Garchomp|2\n|-damage|p2a: Garchomp|0 fnt\n|-damage|p1b: Quaquaval|88/100|[from] ability: Rough Skin|[of] p2a: Garchomp\n|faint|p2a: Garchomp\n|-ability|p1b: Quaquaval|Moxie|boost\n|-boost|p1b: Quaquaval|atk|1\n|\n|-weather|Snowscape|[upkeep]\n|upkeep\n|\n|t:|1776105094\n|switch|p2a: Froslass|Froslass-Mega, L50, F|71/100\n|turn|4\n|\n|t:|1776105101\n|move|p2b: Kingambit|Sucker Punch|p1a: Weavile\n|-resisted|p1a: Weavile|1\n|-damage|p1a: Weavile|0 fnt\n|faint|p1a: Weavile\n|move|p1b: Quaquaval|Aqua Step|p2a: Froslass\n|-damage|p2a: Froslass|8/100\n|-boost|p1b: Quaquaval|spe|1\n|move|p2a: Froslass|Shadow Ball|p1b: Quaquaval\n|-damage|p1b: Quaquaval|28/100\n|-enditem|p1b: Quaquaval|Sitrus Berry|[eat]\n|-heal|p1b: Quaquaval|52/100|[from] item: Sitrus Berry\n|\n|-weather|Snowscape|[upkeep]\n|upkeep\n|\n|t:|1776105111\n|switch|p1a: Lucario|Lucario, L50, F|100/100\n|turn|5\n|-message|Bullets95 forfeited.\n|\n|win|fizixes\n|raw|fizixes's rating: 1182 &rarr; <strong>1204</strong><br />(+22 for winning)\n|raw|Bullets95's rating: 1147 &rarr; <strong>1125</strong><br />(-22 for losing)\n|l|\u2606Bullets95\n|player|p2|\n",
  "uploadtime": 1776105249,
  "views": 22,
  "formatid": "gen9championsvgc2026regma",
  "rating": 1125,
  "private": 0,
  "password": null
}