{
  "id": "gen9championsvgc2026regma-2587782638",
  "format": "[Gen 9 Champions] VGC 2026 Reg M-A",
  "players": [
    "gcuvyhoiu",
    "JamminXZO"
  ],
  "log": "|j|\u2606gcuvyhoiu\n|j|\u2606JamminXZO\n|t:|1776563505\n|gametype|doubles\n|player|p1|gcuvyhoiu|170|1000\n|player|p2|JamminXZO|170|1000\n|gen|9\n|tier|[Gen 9 Champions] VGC 2026 Reg M-A\n|rated|\n|rule|Species Clause: Limit one of each Pok\u00e9mon\n|rule|Item Clause: Limit 1 of each item\n|clearpoke\n|poke|p1|Glimmora, L50, F|\n|poke|p1|Archaludon, L50, M|\n|poke|p1|Politoed, L50, M|\n|poke|p1|Venusaur, L50, M|\n|poke|p1|Maushold, L50|\n|poke|p1|Kangaskhan, L50, F|\n|poke|p2|Goodra-Hisui, L50, M|\n|poke|p2|Incineroar, L50, M|\n|poke|p2|Sinistcha-Masterpiece, L50|\n|poke|p2|Gyarados, L50, F|\n|poke|p2|Froslass, L50, F|\n|poke|p2|Pelipper, L50, M|\n|teampreview|4\n|inactive|Battle timer is ON: inactive players will automatically lose when time's up. (requested by gcuvyhoiu)\ngcuvyhoiu rejected open team sheets.\n|inactive|JamminXZO has 60 seconds left.\n|\n|t:|1776563542\n|teamsize|p1|4\n|teamsize|p2|4\n|start\n|switch|p1a: Glimmora|Glimmora, L50, F|100/100\n|switch|p1b: Maushold|Maushold, L50|100/100\n|switch|p2a: Froslass|Froslass, L50, F|100/100\n|switch|p2b: Goodra|Goodra-Hisui, L50, M|100/100\n|turn|1\n|inactive|gcuvyhoiu has 30 seconds left.\n|inactive|gcuvyhoiu has 20 seconds left.\n|inactive|gcuvyhoiu has 15 seconds left.\n|inactive|gcuvyhoiu has 10 seconds left.\n|\n|t:|1776563589\n|detailschange|p2a: Froslass|Froslass-Mega, L50, F\n|-mega|p2a: Froslass|Froslass|Froslassite\n|-weather|Snowscape|[from] ability: Snow Warning|[of] p2a: Froslass\n|move|p2a: Froslass|Aurora Veil|p2a: Froslass\n|-sidestart|p2: JamminXZO|move: Aurora Veil\n|move|p1b: Maushold|Population Bomb|p1a: Glimmora\n|-resisted|p1a: Glimmora|1\n|-damage|p1a: Glimmora|98/100\n|-activate|p1a: Glimmora|ability: Toxic Debris\n|-sidestart|p2: JamminXZO|move: Toxic Spikes\n|-resisted|p1a: Glimmora|1\n|-damage|p1a: Glimmora|95/100\n|-activate|p1a: Glimmora|ability: Toxic Debris\n|-sidestart|p2: JamminXZO|move: Toxic Spikes\n|-resisted|p1a: Glimmora|1\n|-crit|p1a: Glimmora\n|-damage|p1a: Glimmora|92/100\n|-resisted|p1a: Glimmora|1\n|-damage|p1a: Glimmora|89/100\n|-resisted|p1a: Glimmora|1\n|-damage|p1a: Glimmora|87/100\n|-resisted|p1a: Glimmora|1\n|-damage|p1a: Glimmora|84/100\n|-resisted|p1a: Glimmora|1\n|-damage|p1a: Glimmora|82/100\n|-resisted|p1a: Glimmora|1\n|-damage|p1a: Glimmora|79/100\n|-resisted|p1a: Glimmora|1\n|-damage|p1a: Glimmora|77/100\n|-resisted|p1a: Glimmora|1\n|-damage|p1a: Glimmora|74/100\n|-hitcount|p1a: Glimmora|10\n|move|p1a: Glimmora|Power Gem|p2a: Froslass\n|-supereffective|p2a: Froslass|1\n|-damage|p2a: Froslass|4/100\n|move|p2b: Goodra|Shelter|p2b: Goodra\n|-boost|p2b: Goodra|def|2\n|\n|-weather|Snowscape|[upkeep]\n|upkeep\n|turn|2\n|\n|t:|1776563607\n|move|p1b: Maushold|Follow Me|p1b: Maushold\n|-singleturn|p1b: Maushold|move: Follow Me\n|move|p2a: Froslass|Blizzard|p1b: Maushold|[spread] p1a,p1b\n|-damage|p1a: Glimmora|26/100\n|-damage|p1b: Maushold|35/100\n|move|p1a: Glimmora|Earth Power|p2b: Goodra\n|-supereffective|p2b: Goodra|1\n|-damage|p2b: Goodra|78/100\n|move|p2b: Goodra|Shelter|p2b: Goodra\n|-boost|p2b: Goodra|def|2\n|\n|-weather|Snowscape|[upkeep]\n|-heal|p2b: Goodra|83/100|[from] item: Leftovers\n|upkeep\n|turn|3\n|\n|t:|1776563627\n|move|p2a: Froslass|Blizzard|p1a: Glimmora|[spread] p1a,p1b\n|-damage|p1a: Glimmora|0 fnt\n|-damage|p1b: Maushold|0 fnt\n|faint|p1a: Glimmora\n|faint|p1b: Maushold\n|move|p2b: Goodra|Shelter|p2b: Goodra\n|-boost|p2b: Goodra|def|2\n|\n|-weather|Snowscape|[upkeep]\n|-heal|p2b: Goodra|89/100|[from] item: Leftovers\n|upkeep\n|\n|t:|1776563631\n|switch|p1b: Politoed|Politoed, L50, M|100/100\n|switch|p1a: Venusaur|Venusaur, L50, M|100/100\n|-weather|RainDance|[from] ability: Drizzle|[of] p1b: Politoed\n|turn|4\n|\n|t:|1776563643\n|detailschange|p1a: Venusaur|Venusaur-Mega, L50, M\n|-mega|p1a: Venusaur|Venusaur|Venusaurite\n|move|p2a: Froslass|Blizzard|p1b: Politoed|[spread] p1a,p1b\n|-supereffective|p1a: Venusaur|1\n|-resisted|p1b: Politoed|1\n|-damage|p1a: Venusaur|68/100\n|-damage|p1b: Politoed|84/100\n|-status|p1a: Venusaur|frz\n|-status|p1b: Politoed|frz\n|cant|p1a: Venusaur|frz\n|cant|p1b: Politoed|frz\n|move|p2b: Goodra|Body Press|p1b: Politoed\n|-damage|p1b: Politoed|22/100 frz\n|-enditem|p1b: Politoed|Sitrus Berry|[eat]\n|-heal|p1b: Politoed|47/100 frz|[from] item: Sitrus Berry\n|\n|-weather|RainDance|[upkeep]\n|-heal|p2b: Goodra|95/100|[from] item: Leftovers\n|upkeep\n|turn|5\n|\n|t:|1776563659\n|move|p2a: Froslass|Shadow Ball|p1a: Venusaur\n|-damage|p1a: Venusaur|34/100 frz\n|cant|p1a: Venusaur|frz\n|cant|p1b: Politoed|frz\n|move|p2b: Goodra|Body Press|p1b: Politoed\n|-damage|p1b: Politoed|0 fnt\n|faint|p1b: Politoed\n|\n|-weather|RainDance|[upkeep]\n|-heal|p2b: Goodra|100/100|[from] item: Leftovers\n|-sideend|p2: JamminXZO|move: Aurora Veil\n|upkeep\n|turn|6\n|inactive|gcuvyhoiu has 30 seconds left.\n|\n|t:|1776563684\n|move|p2a: Froslass|Shadow Ball|p1a: Venusaur\n|-damage|p1a: Venusaur|0 fnt\n|faint|p1a: Venusaur\n|\n|win|JamminXZO\n|raw|gcuvyhoiu's rating: 1000 &rarr; <strong>1000</strong><br />(+0 for losing)\n|raw|JamminXZO's rating: 1000 &rarr; <strong>1040</strong><br />(+40 for winning)\n|l|\u2606JamminXZO\n|player|p2|\n",
  "uploadtime": 1776563689,
  "views": 16,
  "formatid": "gen9championsvgc2026regma",
  "rating": 1000,
  "private": 0,
  "password": null
}