{
  "id": "gen9championsvgc2026regma-2588626319",
  "format": "[Gen 9 Champions] VGC 2026 Reg M-A",
  "players": [
    "Sic-beatz",
    "Dudthestud"
  ],
  "log": "|j|\u2606Sic-beatz\n|j|\u2606Dudthestud\n|t:|1776651426\n|gametype|doubles\n|player|p1|Sic-beatz|266|1463\n|player|p2|Dudthestud|2|1401\n|gen|9\n|tier|[Gen 9 Champions] VGC 2026 Reg M-A\n|rated|\n|rule|Species Clause: Limit one of each Pok\u00e9mon\n|rule|Item Clause: Limit 1 of each item\n|clearpoke\n|poke|p1|Feraligatr, L50, F, shiny|\n|poke|p1|Sneasler, L50, F, shiny|\n|poke|p1|Talonflame, L50, M, shiny|\n|poke|p1|Sableye, L50, F, shiny|\n|poke|p1|Sinistcha, L50, shiny|\n|poke|p1|Sylveon, L50, F, shiny|\n|poke|p2|Gyarados, L50, M, shiny|\n|poke|p2|Sneasler, L50, M|\n|poke|p2|Aegislash, L50, M, shiny|\n|poke|p2|Talonflame, L50, M|\n|poke|p2|Incineroar, L50, F|\n|poke|p2|Garchomp, L50, M, shiny|\n|teampreview|4\n|inactive|Battle timer is ON: inactive players will automatically lose when time's up. (requested by Dudthestud)\n|inactive|Sic-beatz has 60 seconds left.\n|\n|t:|1776651472\n|teamsize|p1|4\n|teamsize|p2|4\n|start\n|switch|p1a: Sneasler|Sneasler, L50, F, shiny|100/100\n|switch|p1b: Feraligatr|Feraligatr, L50, F, shiny|100/100\n|switch|p2a: Talonflame|Talonflame, L50, M|100/100\n|switch|p2b: Incineroar|Incineroar, L50, F|100/100\n|-ability|p2b: Incineroar|Intimidate|boost\n|-unboost|p1a: Sneasler|atk|1\n|-unboost|p1b: Feraligatr|atk|1\n|-enditem|p1a: Sneasler|White Herb\n|-clearnegativeboost|p1a: Sneasler|[silent]\n|turn|1\n|\n|t:|1776651494\n|detailschange|p1b: Feraligatr|Feraligatr-Mega, L50, F, shiny\n|-mega|p1b: Feraligatr|Feraligatr|Feraligite\n|move|p1a: Sneasler|Fake Out|p2b: Incineroar\n|-damage|p2b: Incineroar|88/100\n|move|p2a: Talonflame|Upper Hand||[still]\n|-fail|p2a: Talonflame\n|move|p1b: Feraligatr|Aqua Jet|p2a: Talonflame\n|-supereffective|p2a: Talonflame|1\n|-damage|p2a: Talonflame|49/100\n|cant|p2b: Incineroar|flinch\n|\n|upkeep\n|turn|2\n|\n|t:|1776651518\n|switch|p2b: Aegislash|Aegislash, L50, M, shiny|100/100\n|move|p2a: Talonflame|Upper Hand|p1b: Feraligatr\n|-damage|p1b: Feraligatr|88/100\n|cant|p1b: Feraligatr|flinch\n|move|p1a: Sneasler|Close Combat|p2b: Aegislash\n|-immune|p2b: Aegislash\n|\n|upkeep\n|turn|3\n|\n|t:|1776651534\n|move|p1b: Feraligatr|Aqua Jet|p2a: Talonflame\n|-supereffective|p2a: Talonflame|1\n|-damage|p2a: Talonflame|0 fnt\n|faint|p2a: Talonflame\n|move|p1a: Sneasler|Coaching|p1b: Feraligatr\n|-boost|p1b: Feraligatr|atk|1\n|-boost|p1b: Feraligatr|def|1\n|-formechange|p2b: Aegislash|Aegislash-Blade|\n|move|p2b: Aegislash|Iron Head|p1a: Sneasler\n|-damage|p1a: Sneasler|19/100\n|\n|upkeep\n|\n|t:|1776651539\n|switch|p2a: Sneasler|Sneasler, L50, M|100/100\n|turn|4\n|inactive|Sic-beatz has 30 seconds left.\n|\n|t:|1776651567\n|move|p1b: Feraligatr|Protect|p1b: Feraligatr\n|-singleturn|p1b: Feraligatr|Protect\n|move|p2a: Sneasler|Fake Out|p1b: Feraligatr\n|-activate|p1b: Feraligatr|move: Protect\n|move|p2b: Aegislash|Shadow Sneak|p1a: Sneasler\n|-damage|p1a: Sneasler|0 fnt\n|faint|p1a: Sneasler\n|\n|upkeep\n|\n|t:|1776651580\n|switch|p1a: Sinistcha|Sinistcha, L50, shiny|100/100\n|-heal|p1b: Feraligatr|100/100|[from] ability: Hospitality|[of] p1a: Sinistcha\n|turn|5\n|\n|t:|1776651590\n|switch|p2a: Incineroar|Incineroar, L50, F|88/100\n|-ability|p2a: Incineroar|Intimidate|boost\n|-unboost|p1a: Sinistcha|atk|1\n|-unboost|p1b: Feraligatr|atk|1\n|-formechange|p2b: Aegislash|Aegislash|\n|move|p2b: Aegislash|King's Shield|p2b: Aegislash\n|-singleturn|p2b: Aegislash|Protect\n|move|p1a: Sinistcha|Rage Powder|p1a: Sinistcha\n|-singleturn|p1a: Sinistcha|move: Rage Powder\n|move|p1b: Feraligatr|Waterfall|p2a: Incineroar\n|-supereffective|p2a: Incineroar|1\n|-damage|p2a: Incineroar|22/100\n|-enditem|p2a: Incineroar|Sitrus Berry|[eat]\n|-heal|p2a: Incineroar|47/100|[from] item: Sitrus Berry\n|\n|upkeep\n|turn|6\n|\n|t:|1776651613\n|move|p2a: Incineroar|Fake Out|p1b: Feraligatr\n|-damage|p1b: Feraligatr|94/100\n|-formechange|p2b: Aegislash|Aegislash-Blade|\n|move|p2b: Aegislash|Shadow Sneak|p1a: Sinistcha\n|-supereffective|p1a: Sinistcha|1\n|-damage|p1a: Sinistcha|55/100\n|cant|p1b: Feraligatr|flinch\n|move|p1a: Sinistcha|Matcha Gotcha|p2b: Aegislash|[spread] p2a,p2b\n|-resisted|p2a: Incineroar|1\n|-resisted|p2b: Aegislash|1\n|-damage|p2a: Incineroar|39/100\n|-heal|p1a: Sinistcha|59/100|[from] drain|[of] p2a: Incineroar\n|-damage|p2b: Aegislash|81/100\n|-heal|p1a: Sinistcha|69/100|[from] drain|[of] p2b: Aegislash\n|\n|-heal|p2b: Aegislash|87/100|[from] item: Leftovers\n|upkeep\n|turn|7\n|\n|t:|1776651633\n|move|p2b: Aegislash|Shadow Sneak|p1a: Sinistcha\n|-supereffective|p1a: Sinistcha|1\n|-damage|p1a: Sinistcha|24/100\n|-enditem|p1a: Sinistcha|Sitrus Berry|[eat]\n|-heal|p1a: Sinistcha|49/100|[from] item: Sitrus Berry\n|move|p1b: Feraligatr|Waterfall|p2a: Incineroar\n|-supereffective|p2a: Incineroar|1\n|-damage|p2a: Incineroar|0 fnt\n|faint|p2a: Incineroar\n|move|p1a: Sinistcha|Life Dew|p1a: Sinistcha|[spread] p1a,p1b\n|-heal|p1a: Sinistcha|74/100\n|-heal|p1b: Feraligatr|100/100\n|\n|-heal|p2b: Aegislash|93/100|[from] item: Leftovers\n|upkeep\n|\n|t:|1776651636\n|switch|p2a: Sneasler|Sneasler, L50, M|100/100\n|turn|8\n|\n|t:|1776651654\n|move|p1b: Feraligatr|Protect|p1b: Feraligatr\n|-singleturn|p1b: Feraligatr|Protect\n|move|p2b: Aegislash|Shadow Sneak|p1a: Sinistcha\n|-supereffective|p1a: Sinistcha|1\n|-damage|p1a: Sinistcha|30/100\n|move|p2a: Sneasler|Dire Claw|p1a: Sinistcha\n|-damage|p1a: Sinistcha|0 fnt\n|faint|p1a: Sinistcha\n|\n|-heal|p2b: Aegislash|99/100|[from] item: Leftovers\n|upkeep\n|\n|t:|1776651666\n|switch|p1a: Sylveon|Sylveon, L50, F, shiny|100/100\n|turn|9\n|\n|t:|1776651681\n|move|p2a: Sneasler|Protect|p2a: Sneasler\n|-singleturn|p2a: Sneasler|Protect\n|-formechange|p2b: Aegislash|Aegislash|\n|move|p2b: Aegislash|King's Shield|p2b: Aegislash\n|-singleturn|p2b: Aegislash|Protect\n|move|p1b: Feraligatr|Waterfall|p2b: Aegislash\n|-activate|p2b: Aegislash|move: Protect\n|-unboost|p1b: Feraligatr|atk|1\n|move|p1a: Sylveon|Psyshock|p2a: Sneasler\n|-activate|p2a: Sneasler|move: Protect\n|\n|-heal|p2b: Aegislash|100/100|[from] item: Leftovers\n|upkeep\n|turn|10\n|\n|t:|1776651702\n|move|p1a: Sylveon|Protect|p1a: Sylveon\n|-singleturn|p1a: Sylveon|Protect\n|move|p2a: Sneasler|Dire Claw|p1a: Sylveon\n|-activate|p1a: Sylveon|move: Protect\n|move|p1b: Feraligatr|Waterfall|p2a: Sneasler\n|-damage|p2a: Sneasler|55/100\n|-formechange|p2b: Aegislash|Aegislash-Blade|\n|move|p2b: Aegislash|Sacred Sword|p1b: Feraligatr\n|-damage|p1b: Feraligatr|70/100\n|\n|upkeep\n|turn|11\n|\n|t:|1776651721\n|move|p2a: Sneasler|Protect|p2a: Sneasler\n|-singleturn|p2a: Sneasler|Protect\n|move|p1b: Feraligatr|Waterfall|p2a: Sneasler\n|-activate|p2a: Sneasler|move: Protect\n|move|p2b: Aegislash|Iron Head|p1a: Sylveon\n|-supereffective|p1a: Sylveon|1\n|-damage|p1a: Sylveon|13/100\n|move|p1a: Sylveon|Calm Mind|p1a: Sylveon\n|-boost|p1a: Sylveon|spa|1\n|-boost|p1a: Sylveon|spd|1\n|\n|-heal|p1a: Sylveon|19/100|[from] item: Leftovers\n|upkeep\n|turn|12\n|\n|t:|1776651738\n|move|p1a: Sylveon|Protect|p1a: Sylveon\n|-singleturn|p1a: Sylveon|Protect\n|move|p2b: Aegislash|Shadow Sneak|p1a: Sylveon\n|-activate|p1a: Sylveon|move: Protect\n|move|p2a: Sneasler|Dire Claw|p1b: Feraligatr\n|-damage|p1b: Feraligatr|46/100\n|move|p1b: Feraligatr|Waterfall|p2a: Sneasler\n|-damage|p2a: Sneasler|11/100\n|\n|-heal|p1a: Sylveon|25/100|[from] item: Leftovers\n|upkeep\n|turn|13\n|\n|t:|1776651755\n|move|p2a: Sneasler|Protect|p2a: Sneasler\n|-singleturn|p2a: Sneasler|Protect\n|move|p2b: Aegislash|Shadow Sneak|p1a: Sylveon\n|-damage|p1a: Sylveon|2/100\n|move|p1b: Feraligatr|Waterfall|p2b: Aegislash\n|-damage|p2b: Aegislash|50/100\n|move|p1a: Sylveon|Hyper Voice|p2a: Sneasler|[spread] p2b\n|-activate|p2a: Sneasler|move: Protect\n|-resisted|p2b: Aegislash|1\n|-damage|p2b: Aegislash|3/100\n|\n|-heal|p2b: Aegislash|9/100|[from] item: Leftovers\n|-heal|p1a: Sylveon|8/100|[from] item: Leftovers\n|upkeep\n|turn|14\n|\n|t:|1776651771\n|move|p1a: Sylveon|Protect|p1a: Sylveon\n|-singleturn|p1a: Sylveon|Protect\n|move|p1b: Feraligatr|Aqua Jet|p2a: Sneasler\n|-damage|p2a: Sneasler|0 fnt\n|faint|p2a: Sneasler\n|move|p2b: Aegislash|Sacred Sword|p1b: Feraligatr\n|-damage|p1b: Feraligatr|17/100\n|\n|-heal|p2b: Aegislash|15/100|[from] item: Leftovers\n|-heal|p1a: Sylveon|14/100|[from] item: Leftovers\n|upkeep\n|turn|15\n|\n|t:|1776651785\n|-formechange|p2b: Aegislash|Aegislash|\n|move|p2b: Aegislash|King's Shield|p2b: Aegislash\n|-singleturn|p2b: Aegislash|Protect\n|move|p1b: Feraligatr|Waterfall|p2b: Aegislash\n|-activate|p2b: Aegislash|move: Protect\n|-unboost|p1b: Feraligatr|atk|1\n|move|p1a: Sylveon|Hyper Voice|p2b: Aegislash\n|-activate|p2b: Aegislash|move: Protect\n|\n|-heal|p2b: Aegislash|21/100|[from] item: Leftovers\n|-heal|p1a: Sylveon|20/100|[from] item: Leftovers\n|upkeep\n|turn|16\n|\n|t:|1776651802\n|move|p1a: Sylveon|Protect|p1a: Sylveon\n|-singleturn|p1a: Sylveon|Protect\n|move|p1b: Feraligatr|Waterfall|p2b: Aegislash\n|-damage|p2b: Aegislash|5/100\n|-formechange|p2b: Aegislash|Aegislash-Blade|\n|move|p2b: Aegislash|Iron Head|p1a: Sylveon\n|-activate|p1a: Sylveon|move: Protect\n|\n|-heal|p2b: Aegislash|11/100|[from] item: Leftovers\n|-heal|p1a: Sylveon|26/100|[from] item: Leftovers\n|upkeep\n|turn|17\n|inactive|Sic-beatz has 30 seconds left.\n|\n|t:|1776651833\n|move|p1b: Feraligatr|Waterfall|p2b: Aegislash\n|-damage|p2b: Aegislash|0 fnt\n|faint|p2b: Aegislash\n|\n|win|Sic-beatz\n|raw|Sic-beatz's rating: 1463 &rarr; <strong>1479</strong><br />(+16 for winning)\n|raw|Dudthestud's rating: 1401 &rarr; <strong>1385</strong><br />(-16 for losing)\n|l|\u2606Dudthestud\n|player|p2|\n|l|\u2606Sic-beatz\n|player|p1|\n",
  "uploadtime": 1776651868,
  "views": 8,
  "formatid": "gen9championsvgc2026regma",
  "rating": 1385,
  "private": 0,
  "password": null
}