{
  "id": "gen9championsvgc2026regma-2582210618",
  "format": "[Gen 9 Champions] VGC 2026 Reg M-A",
  "players": [
    "carrotbeafsteak",
    "Chuggdot"
  ],
  "log": "|j|\u2606carrotbeafsteak\n|j|\u2606Chuggdot\n|t:|1776071719\n|gametype|doubles\n|player|p1|carrotbeafsteak|1|1378\n|player|p2|Chuggdot|170|1318\n|gen|9\n|tier|[Gen 9 Champions] VGC 2026 Reg M-A\n|rated|\n|rule|Species Clause: Limit one of each Pok\u00e9mon\n|rule|Item Clause: Limit 1 of each item\n|clearpoke\n|poke|p1|Gengar, L50, F|\n|poke|p1|Whimsicott, L50, M|\n|poke|p1|Samurott-Hisui, L50, M|\n|poke|p1|Vanilluxe, L50, M|\n|poke|p1|Arcanine-Hisui, L50, M|\n|poke|p1|Talonflame, L50, M|\n|poke|p2|Empoleon, L50, M|\n|poke|p2|Delphox, L50, M|\n|poke|p2|Kingambit, L50, F|\n|poke|p2|Garchomp, L50, M|\n|poke|p2|Clefable, L50, F|\n|poke|p2|Sneasler, L50, F|\n|teampreview|4\n|inactive|Battle timer is ON: inactive players will automatically lose when time's up. (requested by Chuggdot)\n|inactive|Chuggdot has 60 seconds left.\n|\n|t:|1776071761\n|teamsize|p1|4\n|teamsize|p2|4\n|start\n|switch|p1a: Gengar|Gengar, L50, F|100/100\n|switch|p1b: Whimsicott|Whimsicott, L50, M|100/100\n|switch|p2a: Garchomp|Garchomp, L50, M|100/100\n|switch|p2b: Kingambit|Kingambit, L50, F|100/100\n|turn|1\n|\n|t:|1776071781\n|switch|p2a: Sneasler|Sneasler, L50, F|100/100\n|detailschange|p1a: Gengar|Gengar-Mega, L50, F\n|-mega|p1a: Gengar|Gengar|Gengarite\n|move|p1a: Gengar|Protect|p1a: Gengar\n|-singleturn|p1a: Gengar|Protect\n|move|p1b: Whimsicott|Tailwind|p1b: Whimsicott\n|-sidestart|p1: carrotbeafsteak|move: Tailwind\n|move|p2b: Kingambit|Kowtow Cleave|p1a: Gengar\n|-activate|p1a: Gengar|move: Protect\n|\n|upkeep\n|turn|2\n|\n|t:|1776071798\n|switch|p1b: Arcanine|Arcanine-Hisui, L50, M|100/100\n|move|p1a: Gengar|Disable|p2b: Kingambit\n|-start|p2b: Kingambit|Disable|Kowtow Cleave\n|move|p2a: Sneasler|Dire Claw|p1b: Arcanine\n|-resisted|p1b: Arcanine|1\n|-damage|p1b: Arcanine|73/100\n|move|p2b: Kingambit|Swords Dance|p2b: Kingambit\n|-boost|p2b: Kingambit|atk|2\n|\n|upkeep\n|turn|3\n|inactive|carrotbeafsteak has 30 seconds left.\n|inactive|Chuggdot has 30 seconds left.\n|inactive|carrotbeafsteak has 20 seconds left.\n|\n|t:|1776071836\n|switch|p1a: Samurott|Samurott-Hisui, L50, M|100/100\n|move|p1b: Arcanine|Protect|p1b: Arcanine\n|-singleturn|p1b: Arcanine|Protect\n|move|p2b: Kingambit|Sucker Punch||[still]\n|-fail|p2b: Kingambit\n|move|p2a: Sneasler|Close Combat|p1b: Arcanine\n|-activate|p1b: Arcanine|move: Protect\n|\n|upkeep\n|turn|4\n|\n|t:|1776071855\n|switch|p1b: Whimsicott|Whimsicott, L50, M|100/100\n|move|p2a: Sneasler|Protect|p2a: Sneasler\n|-singleturn|p2a: Sneasler|Protect\n|move|p2b: Kingambit|Protect|p2b: Kingambit\n|-singleturn|p2b: Kingambit|Protect\n|move|p1a: Samurott|Sacred Sword|p2b: Kingambit\n|-activate|p2b: Kingambit|move: Protect\n|\n|-sideend|p1: carrotbeafsteak|move: Tailwind\n|upkeep\n|turn|5\n|\n|t:|1776071866\n|switch|p2b: Delphox|Delphox, L50, M|100/100\n|move|p1b: Whimsicott|Encore|p2a: Sneasler\n|-start|p2a: Sneasler|Encore\n|move|p2a: Sneasler|Protect||[still]\n|-fail|p2a: Sneasler\n|move|p1a: Samurott|Sacred Sword|p2b: Delphox\n|-resisted|p2b: Delphox|1\n|-damage|p2b: Delphox|73/100\n|\n|upkeep\n|turn|6\n|inactive|Chuggdot has 30 seconds left.\n|inactive|Chuggdot has 20 seconds left.\n|inactive|Chuggdot has 15 seconds left.\n|inactive|Chuggdot has 10 seconds left.\n|\n|t:|1776071912\n|switch|p2a: Garchomp|Garchomp, L50, M|100/100\n|switch|p2b: Kingambit|Kingambit, L50, F|100/100\n|move|p1b: Whimsicott|Tailwind|p1b: Whimsicott\n|-sidestart|p1: carrotbeafsteak|move: Tailwind\n|move|p1a: Samurott|Aqua Cutter|p2b: Kingambit\n|-damage|p2b: Kingambit|62/100\n|\n|upkeep\n|turn|7\n|\n|t:|1776071932\n|move|p1a: Samurott|Aqua Cutter|p2a: Garchomp\n|-damage|p2a: Garchomp|50/100\n|move|p1b: Whimsicott|Moonblast|p2a: Garchomp\n|-supereffective|p2a: Garchomp|1\n|-damage|p2a: Garchomp|0 fnt\n|faint|p2a: Garchomp\n|move|p2b: Kingambit|Kowtow Cleave|p1a: Samurott\n|-resisted|p1a: Samurott|1\n|-damage|p1a: Samurott|63/100\n|\n|upkeep\n|\n|t:|1776071938\n|switch|p2a: Sneasler|Sneasler, L50, F|100/100\n|turn|8\n|\n|t:|1776071957\n|switch|p1b: Gengar|Gengar-Mega, L50, F|100/100\n|switch|p2b: Delphox|Delphox, L50, M|73/100\n|move|p1a: Samurott|Protect|p1a: Samurott\n|-singleturn|p1a: Samurott|Protect\n|move|p2a: Sneasler|Dire Claw|p1b: Gengar\n|-resisted|p1b: Gengar|2\n|-damage|p1b: Gengar|84/100\n|-status|p1b: Gengar|slp\n|\n|upkeep\n|turn|9\n|inactive|carrotbeafsteak has 30 seconds left.\n|inactive|Chuggdot has 30 seconds left.\n|\n|t:|1776071987\n|detailschange|p2b: Delphox|Delphox-Mega, L50, M\n|-mega|p2b: Delphox|Delphox|Delphoxite\n|move|p2b: Delphox|Protect|p2b: Delphox\n|-singleturn|p2b: Delphox|Protect\n|cant|p1b: Gengar|slp\n|move|p1a: Samurott|Aqua Cutter|p2a: Sneasler\n|-damage|p2a: Sneasler|16/100\n|move|p2a: Sneasler|Dire Claw|p1b: Gengar\n|-resisted|p1b: Gengar|2\n|-damage|p1b: Gengar|67/100 slp\n|\n|-sideend|p1: carrotbeafsteak|move: Tailwind\n|upkeep\n|turn|10\n|inactive|carrotbeafsteak has 30 seconds left.\n|\n|t:|1776072014\n|move|p1a: Samurott|Sucker Punch|p2b: Delphox\n|-supereffective|p2b: Delphox|1\n|-damage|p2b: Delphox|0 fnt\n|faint|p2b: Delphox\n|cant|p1b: Gengar|slp\n|move|p2a: Sneasler|Close Combat|p1a: Samurott\n|-supereffective|p1a: Samurott|1\n|-enditem|p1a: Samurott|Chople Berry|[eat]\n|-enditem|p1a: Samurott|Chople Berry|[weaken]\n|-damage|p1a: Samurott|0 fnt\n|-unboost|p2a: Sneasler|def|1\n|-unboost|p2a: Sneasler|spd|1\n|faint|p1a: Samurott\n|\n|upkeep\n|\n|t:|1776072029\n|switch|p2b: Kingambit|Kingambit, L50, F|62/100\n|switch|p1a: Whimsicott|Whimsicott, L50, M|100/100\n|turn|11\n|\n|t:|1776072039\n|move|p1a: Whimsicott|Tailwind|p1a: Whimsicott\n|-sidestart|p1: carrotbeafsteak|move: Tailwind\n|-curestatus|p1b: Gengar|slp|[msg]\n|move|p1b: Gengar|Disable|p2a: Sneasler\n|-start|p2a: Sneasler|Disable|Close Combat\n|move|p2a: Sneasler|Dire Claw|p1a: Whimsicott\n|-supereffective|p1a: Whimsicott|2\n|-damage|p1a: Whimsicott|0 fnt\n|faint|p1a: Whimsicott\n|move|p2b: Kingambit|Kowtow Cleave|p1b: Gengar\n|-supereffective|p1b: Gengar|1\n|-damage|p1b: Gengar|0 fnt\n|faint|p1b: Gengar\n|\n|upkeep\n|\n|t:|1776072048\n|switch|p1a: Arcanine|Arcanine-Hisui, L50, M|73/100\n|turn|12\n|\n|t:|1776072057\n|move|p2a: Sneasler|Protect|p2a: Sneasler\n|-singleturn|p2a: Sneasler|Protect\n|move|p2b: Kingambit|Protect|p2b: Kingambit\n|-singleturn|p2b: Kingambit|Protect\n|move|p1a: Arcanine|Extreme Speed|p2a: Sneasler\n|-activate|p2a: Sneasler|move: Protect\n|\n|upkeep\n|turn|13\n|\n|t:|1776072069\n|move|p1a: Arcanine|Flare Blitz|p2b: Kingambit\n|-supereffective|p2b: Kingambit|1\n|-damage|p2b: Kingambit|0 fnt\n|faint|p2b: Kingambit\n|move|p2a: Sneasler|Dire Claw|p1a: Arcanine\n|-resisted|p1a: Arcanine|1\n|-damage|p1a: Arcanine|45/100\n|-status|p1a: Arcanine|par\n|\n|upkeep\n|turn|14\n|\n|t:|1776072078\n|move|p2a: Sneasler|Protect|p2a: Sneasler\n|-singleturn|p2a: Sneasler|Protect\n|cant|p1a: Arcanine|par\n|\n|-end|p2a: Sneasler|Disable\n|-sideend|p1: carrotbeafsteak|move: Tailwind\n|upkeep\n|turn|15\n|\n|t:|1776072082\n|move|p1a: Arcanine|Extreme Speed|p2a: Sneasler\n|-damage|p2a: Sneasler|0 fnt\n|faint|p2a: Sneasler\n|\n|win|carrotbeafsteak\n|raw|carrotbeafsteak's rating: 1378 &rarr; <strong>1395</strong><br />(+17 for winning)\n|raw|Chuggdot's rating: 1318 &rarr; <strong>1301</strong><br />(-17 for losing)\n|c|\u2606Chuggdot|wp\n|c|\u2606carrotbeafsteak|gg\n|c|\u2606Chuggdot|gg\n|l|\u2606Chuggdot\n|player|p2|\n",
  "uploadtime": 1776072090,
  "views": 21,
  "formatid": "gen9championsvgc2026regma",
  "rating": 1301,
  "private": 0,
  "password": null
}