{
  "id": "gen9championsvgc2026regma-2585090877",
  "format": "[Gen 9 Champions] VGC 2026 Reg M-A",
  "players": [
    "Inciniroarrr",
    "shiver419"
  ],
  "log": "|j|\u2606Inciniroarrr\n|j|\u2606shiver419\n|t:|1776310761\n|gametype|doubles\n|player|p1|Inciniroarrr|169|1476\n|player|p2|shiver419|101|1477\n|gen|9\n|tier|[Gen 9 Champions] VGC 2026 Reg M-A\n|rated|\n|rule|Species Clause: Limit one of each Pok\u00e9mon\n|rule|Item Clause: Limit 1 of each item\n|clearpoke\n|poke|p1|Floette-Eternal, L50, F|\n|poke|p1|Kingambit, L50, F|\n|poke|p1|Maushold-Four, L50|\n|poke|p1|Basculegion, L50, M|\n|poke|p1|Pelipper, L50, M|\n|poke|p1|Archaludon, L50, M|\n|poke|p2|Venusaur, L50, F|\n|poke|p2|Incineroar, L50, M|\n|poke|p2|Garchomp, L50, F|\n|poke|p2|Farigiraf, L50, M|\n|poke|p2|Primarina, L50, M|\n|poke|p2|Kingambit, L50, F|\n|teampreview|4\n|inactive|Battle timer is ON: inactive players will automatically lose when time's up. (requested by Inciniroarrr)\n|j| cuervo297\n|j| Choklit Milk\n|j| Meh Decisions\n|l| Choklit Milk\n|c|\u2606shiver419|tf\n|c|\u2606shiver419|we got spectators\n|c|\u2606shiver419|ight sup yall\n|inactive|Inciniroarrr has 60 seconds left.\n|inactive|shiver419 has 60 seconds left.\n|c|\u2606shiver419|my name is shiver and welcome to jackass\n|\n|t:|1776310811\n|teamsize|p1|4\n|teamsize|p2|4\n|start\n|switch|p1a: Pelipper|Pelipper, L50, M|100/100\n|switch|p1b: Floette|Floette-Eternal, L50, F|100/100\n|switch|p2a: Incineroar|Incineroar, L50, M|100/100\n|switch|p2b: Farigiraf|Farigiraf, L50, M|100/100\n|-weather|RainDance|[from] ability: Drizzle|[of] p1a: Pelipper\n|-ability|p2a: Incineroar|Intimidate|boost\n|-unboost|p1a: Pelipper|atk|1\n|-unboost|p1b: Floette|atk|1\n|turn|1\n|\n|t:|1776310835\n|detailschange|p1b: Floette|Floette-Mega, L50, F\n|-mega|p1b: Floette|Floette|Floettite\n|-ability|p1b: Floette|Fairy Aura\n|move|p2a: Incineroar|Fake Out|p1a: Pelipper\n|-damage|p1a: Pelipper|86/100\n|cant|p1a: Pelipper|flinch\n|move|p1b: Floette|Light of Ruin|p2b: Farigiraf\n|-damage|p2b: Farigiraf|5/100\n|-damage|p1b: Floette|40/100|[from] Recoil\n|move|p2b: Farigiraf|Trick Room|p2b: Farigiraf\n|-fieldstart|move: Trick Room|[of] p2b: Farigiraf\n|\n|-weather|RainDance|[upkeep]\n|-heal|p2b: Farigiraf|12/100|[from] item: Leftovers\n|upkeep\n|turn|2\n|j| CARtu348rjf90\n|\n|t:|1776310852\n|move|p2b: Farigiraf|Thunderbolt|p1a: Pelipper\n|-supereffective|p1a: Pelipper|2\n|-damage|p1a: Pelipper|0 fnt\n|faint|p1a: Pelipper\n|move|p2a: Incineroar|Parting Shot|p1b: Floette\n|-unboost|p1b: Floette|atk|1\n|-unboost|p1b: Floette|spa|1\n|\n|t:|1776310856\n|switch|p2a: Venusaur|Venusaur, L50, F|100/100|[from] Parting Shot\n|move|p1b: Floette|Dazzling Gleam|p2b: Farigiraf|[spread] p2a,p2b\n|-resisted|p2a: Venusaur|1\n|-damage|p2a: Venusaur|88/100\n|-damage|p2b: Farigiraf|0 fnt\n|faint|p2b: Farigiraf\n|\n|-weather|RainDance|[upkeep]\n|upkeep\n|\n|t:|1776310867\n|switch|p2b: Primarina|Primarina, L50, M|100/100\n|switch|p1a: Archaludon|Archaludon, L50, M|100/100\n|turn|3\n|\n|t:|1776310881\n|switch|p1b: Basculegion|Basculegion, L50, M|100/100\n|detailschange|p2a: Venusaur|Venusaur-Mega, L50, F\n|-mega|p2a: Venusaur|Venusaur|Venusaurite\n|move|p2b: Primarina|Protect|p2b: Primarina\n|-singleturn|p2b: Primarina|Protect\n|move|p2a: Venusaur|Leech Seed|p1a: Archaludon\n|-start|p1a: Archaludon|move: Leech Seed\n|move|p1a: Archaludon|Electro Shot||[still]\n|-prepare|p1a: Archaludon|Electro Shot\n|-boost|p1a: Archaludon|spa|1\n|-anim|p1a: Archaludon|Electro Shot|p2b: Primarina\n|-activate|p2b: Primarina|move: Protect\n|\n|-weather|RainDance|[upkeep]\n|-damage|p1a: Archaludon|89/100|[from] Leech Seed|[of] p2a: Venusaur\n|-heal|p2a: Venusaur|99/100|[silent]\n|upkeep\n|turn|4\n|\n|t:|1776310906\n|move|p1a: Archaludon|Protect|p1a: Archaludon\n|-singleturn|p1a: Archaludon|Protect\n|move|p2b: Primarina|Moonblast|p1a: Archaludon\n|-activate|p1a: Archaludon|move: Protect\n|move|p2a: Venusaur|Giga Drain|p1b: Basculegion\n|-supereffective|p1b: Basculegion|1\n|-damage|p1b: Basculegion|26/100\n|-heal|p2a: Venusaur|100/100|[from] drain|[of] p1b: Basculegion\n|move|p1b: Basculegion|Last Respects|p2b: Primarina\n|-damage|p2b: Primarina|21/100\n|\n|-weather|RainDance|[upkeep]\n|-damage|p1a: Archaludon|77/100|[from] Leech Seed|[of] p2a: Venusaur\n|upkeep\n|turn|5\n|\n|t:|1776310925\n|switch|p1a: Floette|Floette-Mega, L50, F|40/100\n|-ability|p1a: Floette|Fairy Aura\n|move|p2b: Primarina|Moonblast|p1a: Floette\n|-damage|p1a: Floette|0 fnt\n|faint|p1a: Floette\n|move|p2a: Venusaur|Giga Drain|p1b: Basculegion\n|-supereffective|p1b: Basculegion|1\n|-damage|p1b: Basculegion|0 fnt\n|faint|p1b: Basculegion\n|\n|-weather|none\n|-fieldend|move: Trick Room\n|upkeep\n|-message|Inciniroarrr forfeited.\n|\n|win|shiver419\n|raw|Inciniroarrr's rating: 1476 &rarr; <strong>1456</strong><br />(-20 for losing)\n|raw|shiver419's rating: 1477 &rarr; <strong>1497</strong><br />(+20 for winning)\n|l|\u2606Inciniroarrr\n|player|p1|\n|c|\u2606shiver419|do i get an aplause?\n",
  "uploadtime": 1776310958,
  "views": 42,
  "formatid": "gen9championsvgc2026regma",
  "rating": 1456,
  "private": 0,
  "password": null
}