{
  "id": "gen9championsvgc2026regma-2584817930",
  "format": "[Gen 9 Champions] VGC 2026 Reg M-A",
  "players": [
    "WaluigiVGC",
    "eeeedonuts"
  ],
  "log": "|j|\u2606WaluigiVGC\n|j|\u2606eeeedonuts\n|t:|1776285933\n|gametype|doubles\n|player|p1|WaluigiVGC|101|1234\n|player|p2|eeeedonuts|theroyal|1217\n|gen|9\n|tier|[Gen 9 Champions] VGC 2026 Reg M-A\n|rated|\n|rule|Species Clause: Limit one of each Pok\u00e9mon\n|rule|Item Clause: Limit 1 of each item\n|clearpoke\n|poke|p1|Sneasler, L50, F|\n|poke|p1|Aerodactyl, L50, F|\n|poke|p1|Basculegion, L50, M|\n|poke|p1|Incineroar, L50, F|\n|poke|p1|Floette-Eternal, L50, F|\n|poke|p1|Sinistcha, L50|\n|poke|p2|Rotom-Wash, L50|\n|poke|p2|Pelipper, L50, M|\n|poke|p2|Dragonite, L50, M|\n|poke|p2|Garchomp, L50, M|\n|poke|p2|Sneasler, L50, F|\n|poke|p2|Archaludon, L50, M|\n|teampreview|4\n|inactive|Battle timer is ON: inactive players will automatically lose when time's up. (requested by eeeedonuts)\n|inactive|WaluigiVGC has 60 seconds left.\n|inactive|eeeedonuts has 60 seconds left.\n|\n|t:|1776285992\n|teamsize|p1|4\n|teamsize|p2|4\n|start\n|switch|p1a: Aerodactyl|Aerodactyl, L50, F|100/100\n|switch|p1b: Floette|Floette-Eternal, L50, F|100/100\n|switch|p2a: Rotom|Rotom-Wash, L50|100/100\n|switch|p2b: Pelipper|Pelipper, L50, M|100/100\n|-ability|p1a: Aerodactyl|Unnerve\n|-weather|RainDance|[from] ability: Drizzle|[of] p2b: Pelipper\n|turn|1\n|inactive|eeeedonuts has 30 seconds left.\n|\n|t:|1776286018\n|move|p1b: Floette|Protect|p1b: Floette\n|-singleturn|p1b: Floette|Protect\n|move|p2a: Rotom|Electroweb|p1a: Aerodactyl|[spread] p1a\n|-activate|p1b: Floette|move: Protect\n|-supereffective|p1a: Aerodactyl|1\n|-damage|p1a: Aerodactyl|42/100\n|-unboost|p1a: Aerodactyl|spe|1\n|move|p1a: Aerodactyl|Tailwind|p1a: Aerodactyl\n|-sidestart|p1: WaluigiVGC|move: Tailwind\n|move|p2b: Pelipper|Tailwind|p2b: Pelipper\n|-sidestart|p2: eeeedonuts|move: Tailwind\n|\n|-weather|RainDance|[upkeep]\n|upkeep\n|turn|2\n|\n|t:|1776286036\n|detailschange|p1b: Floette|Floette-Mega, L50, F\n|-mega|p1b: Floette|Floette|Floettite\n|-ability|p1b: Floette|Fairy Aura\n|move|p1a: Aerodactyl|Protect|p1a: Aerodactyl\n|-singleturn|p1a: Aerodactyl|Protect\n|move|p2a: Rotom|Electroweb|p1a: Aerodactyl|[spread] \n|-activate|p1a: Aerodactyl|move: Protect\n|-miss|p2a: Rotom|p1b: Floette\n|move|p1b: Floette|Calm Mind|p1b: Floette\n|-boost|p1b: Floette|spa|1\n|-boost|p1b: Floette|spd|1\n|move|p2b: Pelipper|Hurricane|p1b: Floette\n|-damage|p1b: Floette|74/100\n|\n|-weather|RainDance|[upkeep]\n|upkeep\n|turn|3\n|inactive|eeeedonuts has 30 seconds left.\n|\n|t:|1776286066\n|switch|p1a: Sinistcha|Sinistcha, L50|100/100\n|-heal|p1b: Floette|99/100|[from] ability: Hospitality|[of] p1a: Sinistcha\n|move|p2a: Rotom|Electroweb|p1a: Sinistcha|[spread] p1a,p1b\n|-resisted|p1a: Sinistcha|1\n|-damage|p1a: Sinistcha|90/100\n|-damage|p1b: Floette|88/100\n|-unboost|p1a: Sinistcha|spe|1\n|-unboost|p1b: Floette|spe|1\n|move|p2b: Pelipper|Hurricane|p1b: Floette\n|-damage|p1b: Floette|64/100\n|move|p1b: Floette|Dazzling Gleam|p2b: Pelipper|[spread] p2a,p2b\n|-damage|p2a: Rotom|7/100\n|-enditem|p2b: Pelipper|Focus Sash\n|-damage|p2b: Pelipper|1/100\n|\n|-weather|RainDance|[upkeep]\n|upkeep\n|turn|4\n|\n|t:|1776286088\n|move|p1a: Sinistcha|Rage Powder|p1a: Sinistcha\n|-singleturn|p1a: Sinistcha|move: Rage Powder\n|move|p2a: Rotom|Electroweb|p1a: Sinistcha|[spread] p1a,p1b\n|-resisted|p1a: Sinistcha|1\n|-damage|p1a: Sinistcha|79/100\n|-damage|p1b: Floette|54/100\n|-unboost|p1a: Sinistcha|spe|1\n|-unboost|p1b: Floette|spe|1\n|move|p2b: Pelipper|Hurricane|p1a: Sinistcha\n|-supereffective|p1a: Sinistcha|1\n|-damage|p1a: Sinistcha|0 fnt\n|faint|p1a: Sinistcha\n|move|p1b: Floette|Dazzling Gleam|p2a: Rotom|[spread] p2a,p2b\n|-damage|p2a: Rotom|0 fnt\n|-damage|p2b: Pelipper|0 fnt\n|faint|p2a: Rotom\n|faint|p2b: Pelipper\n|\n|-weather|RainDance|[upkeep]\n|-sideend|p1: WaluigiVGC|move: Tailwind\n|-sideend|p2: eeeedonuts|move: Tailwind\n|upkeep\n|inactive|WaluigiVGC has 30 seconds left.\n|\n|t:|1776286114\n|switch|p2a: Archaludon|Archaludon, L50, M|100/100\n|switch|p2b: Dragonite|Dragonite, L50, M|100/100\n|switch|p1a: Sneasler|Sneasler, L50, F|100/100\n|turn|5\n|inactive|eeeedonuts has 30 seconds left.\n|\n|t:|1776286141\n|detailschange|p2b: Dragonite|Dragonite-Mega, L50, M\n|-mega|p2b: Dragonite|Dragonite|Dragoninite\n|move|p2a: Archaludon|Protect|p2a: Archaludon\n|-singleturn|p2a: Archaludon|Protect\n|move|p1a: Sneasler|Close Combat|p2a: Archaludon\n|-activate|p2a: Archaludon|move: Protect\n|move|p2b: Dragonite|Hurricane|p1b: Floette\n|-damage|p1b: Floette|21/100\n|move|p1b: Floette|Dazzling Gleam|p2a: Archaludon|[spread] p2b\n|-activate|p2a: Archaludon|move: Protect\n|-supereffective|p2b: Dragonite|1\n|-damage|p2b: Dragonite|36/100\n|\n|-weather|none\n|upkeep\n|turn|6\n|\n|t:|1776286166\n|move|p1b: Floette|Protect|p1b: Floette\n|-singleturn|p1b: Floette|Protect\n|move|p2b: Dragonite|Extreme Speed|p1b: Floette\n|-activate|p1b: Floette|move: Protect\n|move|p1a: Sneasler|Close Combat|p2a: Archaludon\n|-supereffective|p2a: Archaludon|1\n|-damage|p2a: Archaludon|13/100\n|-unboost|p1a: Sneasler|def|1\n|-unboost|p1a: Sneasler|spd|1\n|-ability|p2a: Archaludon|Stamina|boost\n|-boost|p2a: Archaludon|def|1\n|-enditem|p1a: Sneasler|White Herb\n|-clearnegativeboost|p1a: Sneasler|[silent]\n|move|p2a: Archaludon|Flash Cannon|p1a: Sneasler\n|-damage|p1a: Sneasler|45/100\n|-heal|p2a: Archaludon|18/100|[from] item: Shell Bell|[of] p1a: Sneasler\n|\n|upkeep\n|turn|7\n|inactive|WaluigiVGC has 30 seconds left.\n|\n|t:|1776286198\n|switch|p1b: Aerodactyl|Aerodactyl, L50, F|42/100\n|-ability|p1b: Aerodactyl|Unnerve\n|move|p2a: Archaludon|Protect|p2a: Archaludon\n|-singleturn|p2a: Archaludon|Protect\n|move|p2b: Dragonite|Extreme Speed|p1b: Aerodactyl\n|-resisted|p1b: Aerodactyl|1\n|-damage|p1b: Aerodactyl|27/100\n|move|p1a: Sneasler|Dire Claw|p2b: Dragonite\n|-damage|p2b: Dragonite|0 fnt\n|faint|p2b: Dragonite\n|\n|upkeep\n|turn|8\n|-message|eeeedonuts forfeited.\n|\n|win|WaluigiVGC\n|raw|WaluigiVGC's rating: 1234 &rarr; <strong>1258</strong><br />(+24 for winning)\n|raw|eeeedonuts's rating: 1217 &rarr; <strong>1193</strong><br />(-24 for losing)\n|l|\u2606eeeedonuts\n|player|p2|\n",
  "uploadtime": 1776286215,
  "views": 21,
  "formatid": "gen9championsvgc2026regma",
  "rating": 1193,
  "private": 0,
  "password": null
}