{
  "id": "gen9championsvgc2026regma-2584304271",
  "format": "[Gen 9 Champions] VGC 2026 Reg M-A",
  "players": [
    "Team Evasion Boss",
    "DeStef2003"
  ],
  "log": "|j|\u2606Team Evasion Boss\n|j|\u2606DeStef2003\n|t:|1776249210\n|gametype|doubles\n|player|p1|Team Evasion Boss|chuck|1360\n|player|p2|DeStef2003|miku-ghost|1385\n|gen|9\n|tier|[Gen 9 Champions] VGC 2026 Reg M-A\n|rated|\n|rule|Species Clause: Limit one of each Pok\u00e9mon\n|rule|Item Clause: Limit 1 of each item\n|clearpoke\n|poke|p1|Aggron, L50, M|\n|poke|p1|Incineroar, L50, M|\n|poke|p1|Sinistcha, L50|\n|poke|p1|Sneasler, L50, M|\n|poke|p1|Palafin, L50, M|\n|poke|p1|Pelipper, L50, M|\n|poke|p2|Sneasler, L50, F|\n|poke|p2|Empoleon, L50, F|\n|poke|p2|Excadrill, L50, M|\n|poke|p2|Aerodactyl, L50, F|\n|poke|p2|Politoed, L50, F|\n|poke|p2|Basculegion, L50, M|\n|teampreview|4\n|\n|t:|1776249233\n|teamsize|p1|4\n|teamsize|p2|4\n|start\n|switch|p1a: Behemoth|Aggron, L50, M|100/100\n|switch|p1b: Gigaguy|Palafin, L50, M|100/100\n|switch|p2a: Sneasler|Sneasler, L50, F, shiny|100/100\n|switch|p2b: Empoleon|Empoleon, L50, F|100/100\n|turn|1\n|\n|t:|1776249264\n|detailschange|p1b: Gigaguy|Palafin-Hero, L50, M\n|switch|p1b: Dr. Monster|Sneasler, L50, M|100/100\n|detailschange|p1a: Behemoth|Aggron-Mega, L50, M\n|-mega|p1a: Behemoth|Aggron|Aggronite\n|move|p2b: Empoleon|Protect|p2b: Empoleon\n|-singleturn|p2b: Empoleon|Protect\n|move|p1a: Behemoth|Protect|p1a: Behemoth\n|-singleturn|p1a: Behemoth|Protect\n|move|p2a: Sneasler|Close Combat|p1a: Behemoth\n|-activate|p1a: Behemoth|move: Protect\n|\n|upkeep\n|turn|2\n|\n|t:|1776249289\n|switch|p2b: Aerodactyl|Aerodactyl, L50, F|100/100\n|-ability|p2b: Aerodactyl|Unnerve\n|move|p2a: Sneasler|Protect|p2a: Sneasler\n|-singleturn|p2a: Sneasler|Protect\n|move|p1b: Dr. Monster|Coaching|p1a: Behemoth\n|-boost|p1a: Behemoth|atk|1\n|-boost|p1a: Behemoth|def|1\n|move|p1a: Behemoth|Body Press|p2b: Aerodactyl\n|-damage|p2b: Aerodactyl|14/100\n|\n|upkeep\n|turn|3\n|\n|t:|1776249319\n|detailschange|p2b: Aerodactyl|Aerodactyl-Mega, L50, F\n|-mega|p2b: Aerodactyl|Aerodactyl|Aerodactylite\n|move|p1b: Dr. Monster|Protect|p1b: Dr. Monster\n|-singleturn|p1b: Dr. Monster|Protect\n|move|p2b: Aerodactyl|Dual Wingbeat|p1b: Dr. Monster\n|-activate|p1b: Dr. Monster|move: Protect\n|move|p2a: Sneasler|Close Combat|p1a: Behemoth\n|-supereffective|p1a: Behemoth|1\n|-damage|p1a: Behemoth|69/100\n|-unboost|p2a: Sneasler|def|1\n|-unboost|p2a: Sneasler|spd|1\n|-enditem|p2a: Sneasler|White Herb\n|-clearnegativeboost|p2a: Sneasler|[silent]\n|move|p1a: Behemoth|Heavy Slam|p2a: Sneasler\n|-damage|p2a: Sneasler|0 fnt\n|faint|p2a: Sneasler\n|\n|upkeep\n|\n|t:|1776249336\n|switch|p2a: Excadrill|Excadrill, L50, M|100/100\n|-ability|p2a: Excadrill|Mold Breaker\n|turn|4\n|\n|t:|1776249354\n|move|p1a: Behemoth|Protect|p1a: Behemoth\n|-singleturn|p1a: Behemoth|Protect\n|move|p2a: Excadrill|Earthquake|p1b: Dr. Monster|[spread] p1b\n|-activate|p1a: Behemoth|move: Protect\n|-immune|p2b: Aerodactyl\n|-supereffective|p1b: Dr. Monster|1\n|-enditem|p1b: Dr. Monster|Focus Sash\n|-damage|p1b: Dr. Monster|1/100\n|move|p2b: Aerodactyl|Dual Wingbeat|p1b: Dr. Monster\n|-supereffective|p1b: Dr. Monster|1\n|-damage|p1b: Dr. Monster|0 fnt\n|faint|p1b: Dr. Monster\n|-hitcount|p1: Dr. Monster|1\n|\n|upkeep\n|\n|t:|1776249361\n|switch|p1b: Gigaguy|Palafin-Hero, L50, M|100/100\n|-activate|p1b: Gigaguy|ability: Zero to Hero\n|turn|5\n|\n|t:|1776249385\n|move|p1b: Gigaguy|Jet Punch|p2b: Aerodactyl\n|-supereffective|p2b: Aerodactyl|1\n|-damage|p2b: Aerodactyl|0 fnt\n|faint|p2b: Aerodactyl\n|move|p2a: Excadrill|Earthquake|p1a: Behemoth|[spread] p1a,p1b\n|-supereffective|p1a: Behemoth|1\n|-damage|p1a: Behemoth|46/100\n|-damage|p1b: Gigaguy|59/100\n|move|p1a: Behemoth|Body Press|p2a: Excadrill\n|-supereffective|p2a: Excadrill|1\n|-damage|p2a: Excadrill|0 fnt\n|faint|p2a: Excadrill\n|\n|upkeep\n|c|\u2606DeStef2003|cts ahh coded team\n|-message|DeStef2003 forfeited.\n|\n|win|Team Evasion Boss\n|raw|Team Evasion Boss's rating: 1360 &rarr; <strong>1381</strong><br />(+21 for winning)\n|raw|DeStef2003's rating: 1385 &rarr; <strong>1364</strong><br />(-21 for losing)\n|l|\u2606DeStef2003\n|player|p2|\n",
  "uploadtime": 1776249432,
  "views": 46,
  "formatid": "gen9championsvgc2026regma",
  "rating": 1364,
  "private": 0,
  "password": null
}