{
  "id": "gen9championsvgc2026regma-2581581237",
  "format": "[Gen 9 Champions] VGC 2026 Reg M-A",
  "players": [
    "Sceptilicious",
    "figurarr"
  ],
  "log": "|j|\u2606Sceptilicious\n|j|\u2606figurarr\n|t:|1776012648\n|gametype|doubles\n|player|p1|Sceptilicious|169|1094\n|player|p2|figurarr|266|1027\n|gen|9\n|tier|[Gen 9 Champions] VGC 2026 Reg M-A\n|rated|\n|rule|Species Clause: Limit one of each Pok\u00e9mon\n|rule|Item Clause: Limit 1 of each item\n|clearpoke\n|poke|p1|Sinistcha, L50|\n|poke|p1|Dragonite, L50, M|\n|poke|p1|Milotic, L50, F|\n|poke|p1|Incineroar, L50, F|\n|poke|p1|Rotom-Wash, L50|\n|poke|p1|Maushold, L50|\n|poke|p2|Charizard, L50, M|\n|poke|p2|Whimsicott, L50, F|\n|poke|p2|Sneasler, L50, F|\n|poke|p2|Kingambit, L50, F|\n|poke|p2|Incineroar, L50, F|\n|poke|p2|Mamoswine, L50, F|\n|teampreview|4\n|inactive|Battle timer is ON: inactive players will automatically lose when time's up. (requested by figurarr)\nSceptilicious has agreed to open team sheets.\n|inactive|Sceptilicious has 60 seconds left.\n|\n|t:|1776012692\n|teamsize|p1|4\n|teamsize|p2|4\n|start\n|switch|p1a: Alpharad|Maushold, L50|100/100\n|switch|p1b: Lucy|Milotic, L50, F, shiny|100/100\n|switch|p2a: Kingambit|Kingambit, L50, F|100/100\n|switch|p2b: Sneasler|Sneasler, L50, F|100/100\n|turn|1\n|\n|t:|1776012708\n|move|p2b: Sneasler|Fake Out|p1b: Lucy\n|-damage|p1b: Lucy|92/100\n|move|p1a: Alpharad|Thunder Wave|p2b: Sneasler|[miss]\n|-miss|p1a: Alpharad|p2b: Sneasler\n|cant|p1b: Lucy|flinch\n|move|p2a: Kingambit|Swords Dance|p2a: Kingambit\n|-boost|p2a: Kingambit|atk|2\n|\n|upkeep\n|turn|2\n|\n|t:|1776012730\n|move|p2a: Kingambit|Sucker Punch|p1b: Lucy\n|-damage|p1b: Lucy|22/100\n|move|p2b: Sneasler|Close Combat|p1a: Alpharad\n|-supereffective|p1a: Alpharad|1\n|-damage|p1a: Alpharad|0 fnt\n|-unboost|p2b: Sneasler|def|1\n|-unboost|p2b: Sneasler|spd|1\n|faint|p1a: Alpharad\n|-enditem|p2b: Sneasler|White Herb\n|-clearnegativeboost|p2b: Sneasler|[silent]\n|move|p1b: Lucy|Scald|p2b: Sneasler\n|-damage|p2b: Sneasler|58/100\n|\n|upkeep\n|\n|t:|1776012742\n|switch|p1a: The Trickster|Rotom-Wash, L50|100/100\n|turn|3\n|\n|t:|1776012758\n|move|p2a: Kingambit|Sucker Punch||[still]\n|-fail|p2a: Kingambit\n|move|p2b: Sneasler|Rock Slide|p1a: The Trickster|[spread] p1a,p1b\n|-damage|p1a: The Trickster|79/100\n|-damage|p1b: Lucy|6/100\n|move|p1a: The Trickster|Will-O-Wisp|p2a: Kingambit\n|-status|p2a: Kingambit|brn\n|move|p1b: Lucy|Rain Dance|p1b: Lucy\n|-weather|RainDance\n|\n|-weather|RainDance|[upkeep]\n|-heal|p1a: The Trickster|85/100|[from] item: Leftovers\n|-damage|p2a: Kingambit|95/100 brn|[from] brn\n|upkeep\n|turn|4\n|\n|t:|1776012777\n|move|p2b: Sneasler|Rock Slide|p1a: The Trickster|[spread] p1a,p1b\n|-damage|p1a: The Trickster|65/100\n|-damage|p1b: Lucy|0 fnt\n|faint|p1b: Lucy\n|cant|p1a: The Trickster|flinch\n|move|p2a: Kingambit|Swords Dance|p2a: Kingambit\n|-boost|p2a: Kingambit|atk|2\n|\n|-weather|RainDance|[upkeep]\n|-heal|p1a: The Trickster|71/100|[from] item: Leftovers\n|-damage|p2a: Kingambit|89/100 brn|[from] brn\n|upkeep\n|\n|t:|1776012788\n|switch|p1b: Nicole|Dragonite, L50, M, shiny|100/100\n|turn|5\n|\n|t:|1776012793\n|move|p1b: Nicole|Protect|p1b: Nicole\n|-singleturn|p1b: Nicole|Protect\n|move|p2a: Kingambit|Sucker Punch||[still]\n|-fail|p2a: Kingambit\n|move|p2b: Sneasler|Rock Slide|p1b: Nicole|[spread] p1a\n|-activate|p1b: Nicole|move: Protect\n|-damage|p1a: The Trickster|51/100\n|move|p1a: The Trickster|Will-O-Wisp|p2b: Sneasler\n|-status|p2b: Sneasler|brn\n|\n|-weather|RainDance|[upkeep]\n|-heal|p1a: The Trickster|57/100|[from] item: Leftovers\n|-damage|p2b: Sneasler|53/100 brn|[from] brn\n|-damage|p2a: Kingambit|83/100 brn|[from] brn\n|upkeep\n|turn|6\n|\n|t:|1776012816\n|detailschange|p1b: Nicole|Dragonite-Mega, L50, M, shiny\n|-mega|p1b: Nicole|Dragonite|Dragoninite\n|move|p1a: The Trickster|Protect|p1a: The Trickster\n|-singleturn|p1a: The Trickster|Protect\n|move|p2a: Kingambit|Sucker Punch|p1b: Nicole\n|-damage|p1b: Nicole|63/100\n|move|p2b: Sneasler|Rock Slide|p1a: The Trickster|[spread] p1b\n|-activate|p1a: The Trickster|move: Protect\n|-supereffective|p1b: Nicole|1\n|-damage|p1b: Nicole|45/100\n|move|p1b: Nicole|Thunder|p2a: Kingambit\n|-damage|p2a: Kingambit|43/100 brn\n|\n|-weather|RainDance|[upkeep]\n|-heal|p1a: The Trickster|63/100|[from] item: Leftovers\n|-damage|p2b: Sneasler|47/100 brn|[from] brn\n|-damage|p2a: Kingambit|38/100 brn|[from] brn\n|upkeep\n|turn|7\n|\n|t:|1776012834\n|move|p1b: Nicole|Protect|p1b: Nicole\n|-singleturn|p1b: Nicole|Protect\n|move|p2a: Kingambit|Sucker Punch||[still]\n|-fail|p2a: Kingambit\n|move|p2b: Sneasler|Rock Slide|p1a: The Trickster|[spread] p1a\n|-activate|p1b: Nicole|move: Protect\n|-damage|p1a: The Trickster|54/100\n|move|p1a: The Trickster|Hydro Pump|p2a: Kingambit\n|-damage|p2a: Kingambit|0 fnt\n|faint|p2a: Kingambit\n|\n|-weather|none\n|-heal|p1a: The Trickster|60/100|[from] item: Leftovers\n|-damage|p2b: Sneasler|41/100 brn|[from] brn\n|upkeep\n|\n|t:|1776012845\n|switch|p2a: Whimsicott|Whimsicott, L50, F|100/100\n|turn|8\n|\n|t:|1776012857\n|move|p2b: Sneasler|Rock Slide|p1a: The Trickster|[spread] p1a,p1b\n|-supereffective|p1b: Nicole|1\n|-damage|p1a: The Trickster|50/100\n|-damage|p1b: Nicole|28/100\n|move|p2a: Whimsicott|Moonblast|p1b: Nicole\n|-supereffective|p1b: Nicole|1\n|-damage|p1b: Nicole|0 fnt\n|faint|p1b: Nicole\n|cant|p1a: The Trickster|flinch\n|\n|-heal|p1a: The Trickster|55/100|[from] item: Leftovers\n|-damage|p2b: Sneasler|36/100 brn|[from] brn\n|upkeep\n|turn|9\n|\n|t:|1776012877\n|move|p1a: The Trickster|Protect|p1a: The Trickster\n|-singleturn|p1a: The Trickster|Protect\n|move|p2b: Sneasler|Close Combat|p1a: The Trickster\n|-activate|p1a: The Trickster|move: Protect\n|move|p2a: Whimsicott|Moonblast|p1a: The Trickster\n|-activate|p1a: The Trickster|move: Protect\n|\n|-heal|p1a: The Trickster|61/100|[from] item: Leftovers\n|-damage|p2b: Sneasler|30/100 brn|[from] brn\n|upkeep\n|turn|10\n|\n|t:|1776012889\n|move|p2a: Whimsicott|Encore|p1a: The Trickster\n|-start|p1a: The Trickster|Encore\n|move|p1a: The Trickster|Protect||[still]\n|-fail|p1a: The Trickster\n|move|p2b: Sneasler|Close Combat|p1a: The Trickster\n|-damage|p1a: The Trickster|27/100\n|-unboost|p2b: Sneasler|def|1\n|-unboost|p2b: Sneasler|spd|1\n|\n|-heal|p1a: The Trickster|33/100|[from] item: Leftovers\n|-damage|p2b: Sneasler|24/100 brn|[from] brn\n|upkeep\n|turn|11\n|c|\u2606Sceptilicious|gg wp\n|\n|t:|1776012900\n|switch|p2a: Charizard|Charizard, L50, M|100/100\n|move|p1a: The Trickster|Protect|p1a: The Trickster\n|-singleturn|p1a: The Trickster|Protect\n|move|p2b: Sneasler|Close Combat|p1a: The Trickster\n|-activate|p1a: The Trickster|move: Protect\n|\n|-heal|p1a: The Trickster|39/100|[from] item: Leftovers\n|-damage|p2b: Sneasler|18/100 brn|[from] brn\n|upkeep\n|turn|12\n|\n|t:|1776012913\n|detailschange|p2a: Charizard|Charizard-Mega-Y, L50, M\n|-mega|p2a: Charizard|Charizard|Charizardite Y\n|-weather|SunnyDay|[from] ability: Drought|[of] p2a: Charizard\n|move|p1a: The Trickster|Protect|p1a: The Trickster\n|-singleturn|p1a: The Trickster|Protect\n|move|p2b: Sneasler|Close Combat|p1a: The Trickster\n|-activate|p1a: The Trickster|move: Protect\n|move|p2a: Charizard|Solar Beam||[still]\n|-prepare|p2a: Charizard|Solar Beam\n|-anim|p2a: Charizard|Solar Beam|p1a: The Trickster\n|-activate|p1a: The Trickster|move: Protect\n|\n|-weather|SunnyDay|[upkeep]\n|-heal|p1a: The Trickster|44/100|[from] item: Leftovers\n|-damage|p2b: Sneasler|13/100 brn|[from] brn\n|-end|p1a: The Trickster|Encore\n|upkeep\n|turn|13\n|-message|Sceptilicious forfeited.\n|\n|win|figurarr\n|raw|Sceptilicious's rating: 1094 &rarr; <strong>1065</strong><br />(-29 for losing)\n|raw|figurarr's rating: 1027 &rarr; <strong>1070</strong><br />(+43 for winning)\n|l|\u2606figurarr\n|player|p2|\n",
  "uploadtime": 1776012929,
  "views": 19,
  "formatid": "gen9championsvgc2026regma",
  "rating": 1065,
  "private": 0,
  "password": null
}