{
  "id": "gen9championsvgc2026regma-2581092980",
  "format": "[Gen 9 Champions] VGC 2026 Reg M-A",
  "players": [
    "Master of Capture",
    "PalmUltra"
  ],
  "log": "|j|\u2606Master of Capture\n|j|\u2606PalmUltra\n|t:|1775959164\n|gametype|doubles\n|player|p1|Master of Capture|101|1091\n|player|p2|PalmUltra|li|1082\n|gen|9\n|tier|[Gen 9 Champions] VGC 2026 Reg M-A\n|rated|\n|rule|Species Clause: Limit one of each Pok\u00e9mon\n|rule|Item Clause: Limit 1 of each item\n|clearpoke\n|poke|p1|Incineroar, L50, M|\n|poke|p1|Milotic, L50, F|\n|poke|p1|Gengar, L50, F|\n|poke|p1|Tyranitar, L50, F|\n|poke|p1|Clefable, L50, F|\n|poke|p1|Aegislash, L50, M|\n|poke|p2|Froslass, L50, F|\n|poke|p2|Arcanine-Hisui, L50, M|\n|poke|p2|Chimecho, L50, M|\n|poke|p2|Slowking-Galar, L50, M|\n|poke|p2|Samurott-Hisui, L50, M|\n|poke|p2|Mamoswine, L50, M|\n|teampreview|4\n|\n|t:|1775959201\n|teamsize|p1|4\n|teamsize|p2|4\n|start\n|switch|p1a: Clefable|Clefable, L50, F|100/100\n|switch|p1b: Gengar|Gengar, L50, F|100/100\n|switch|p2a: Arcanine|Arcanine-Hisui, L50, M|100/100\n|switch|p2b: Slowking|Slowking-Galar, L50, M, shiny|100/100\n|-clearboost|p2a: Arcanine|[from] ability: Curious Medicine|[of] p2b: Slowking\n|turn|1\n|\n|t:|1775959223\n|detailschange|p1b: Gengar|Gengar-Mega, L50, F\n|-mega|p1b: Gengar|Gengar|Gengarite\n|move|p1a: Clefable|Follow Me|p1a: Clefable\n|-singleturn|p1a: Clefable|move: Follow Me\n|move|p2a: Arcanine|Psychic Fangs|p1a: Clefable\n|-damage|p1a: Clefable|79/100\n|move|p1b: Gengar|Perish Song|p1b: Gengar\n|-start|p1a: Clefable|perish3|[silent]\n|-start|p1b: Gengar|perish3|[silent]\n|-start|p2a: Arcanine|perish3|[silent]\n|-start|p2b: Slowking|perish3|[silent]\n|-fieldactivate|move: Perish Song\n|-prepare|p2b: Slowking|Chilly Reception|[premajor]\n|move|p2b: Slowking|Chilly Reception|p2b: Slowking\n|-weather|Snowscape\n|\n|t:|1775959236\n|switch|p2b: Froslass|Froslass, L50, F|100/100|[from] Chilly Reception\n|\n|-weather|Snowscape|[upkeep]\n|-start|p2a: Arcanine|perish3\n|-start|p1b: Gengar|perish3\n|-start|p1a: Clefable|perish3\n|upkeep\n|turn|2\n|\n|t:|1775959251\n|switch|p1a: Incineroar|Incineroar, L50, M|100/100\n|-ability|p1a: Incineroar|Intimidate|boost\n|-unboost|p2a: Arcanine|atk|1\n|-unboost|p2b: Froslass|atk|1\n|detailschange|p2b: Froslass|Froslass-Mega, L50, F\n|-mega|p2b: Froslass|Froslass|Froslassite\n|move|p2a: Arcanine|Psychic Fangs|p1b: Gengar\n|-supereffective|p1b: Gengar|1\n|-damage|p1b: Gengar|57/100\n|move|p1b: Gengar|Substitute|p1b: Gengar\n|-start|p1b: Gengar|Substitute\n|-damage|p1b: Gengar|33/100\n|move|p2b: Froslass|Blizzard|p1b: Gengar|[spread] p1a,p1b\n|-end|p1b: Gengar|Substitute\n|-resisted|p1a: Incineroar|1\n|-damage|p1a: Incineroar|84/100\n|\n|-weather|Snowscape|[upkeep]\n|-start|p2a: Arcanine|perish2\n|-start|p1b: Gengar|perish2\n|upkeep\n|turn|3\n|\n|t:|1775959280\n|switch|p1b: Clefable|Clefable, L50, F|79/100\n|move|p2a: Arcanine|Psychic Fangs|p1b: Clefable\n|-crit|p1b: Clefable\n|-damage|p1b: Clefable|43/100\n|move|p2b: Froslass|Shadow Ball|p1b: Clefable\n|-damage|p1b: Clefable|10/100\n|move|p1a: Incineroar|Parting Shot|p2a: Arcanine\n|-unboost|p2a: Arcanine|atk|1\n|-unboost|p2a: Arcanine|spa|1\n|\n|t:|1775959290\n|switch|p1a: Gengar|Gengar-Mega, L50, F|33/100|[from] Parting Shot\n|\n|-weather|Snowscape|[upkeep]\n|-start|p2a: Arcanine|perish1\n|upkeep\n|turn|4\n|\n|t:|1775959304\n|move|p1a: Gengar|Protect|p1a: Gengar\n|-singleturn|p1a: Gengar|Protect\n|move|p1b: Clefable|Protect|p1b: Clefable\n|-singleturn|p1b: Clefable|Protect\n|move|p2a: Arcanine|Psychic Fangs|p1a: Gengar\n|-activate|p1a: Gengar|move: Protect\n|move|p2b: Froslass|Blizzard|p1b: Clefable|[spread] \n|-activate|p1a: Gengar|move: Protect\n|-activate|p1b: Clefable|move: Protect\n|\n|-weather|Snowscape|[upkeep]\n|-start|p2a: Arcanine|perish0\n|faint|p2a: Arcanine\n|upkeep\n|\n|t:|1775959319\n|switch|p2a: Slowking|Slowking-Galar, L50, M, shiny|100/100\n|-clearboost|p2b: Froslass|[from] ability: Curious Medicine|[of] p2a: Slowking\n|turn|5\n|\n|t:|1775959343\n|switch|p1a: Milotic|Milotic, L50, F|100/100\n|switch|p1b: Incineroar|Incineroar, L50, M|84/100\n|-ability|p1b: Incineroar|Intimidate|boost\n|-unboost|p2a: Slowking|atk|1\n|-unboost|p2b: Froslass|atk|1\n|move|p2b: Froslass|Protect|p2b: Froslass\n|-singleturn|p2b: Froslass|Protect\n|move|p2a: Slowking|Sludge Wave|p1b: Incineroar|[spread] p1a,p1b\n|-activate|p2b: Froslass|move: Protect\n|-damage|p1a: Milotic|78/100\n|-damage|p1b: Incineroar|58/100\n|\n|-weather|none\n|-heal|p1a: Milotic|84/100|[from] item: Leftovers\n|upkeep\n|turn|6\n|\n|t:|1775959368\n|switch|p2b: Samurott|Samurott-Hisui, L50, M|100/100\n|move|p1a: Milotic|Recover|p1a: Milotic\n|-heal|p1a: Milotic|100/100\n|move|p1b: Incineroar|Flare Blitz|p2b: Samurott\n|-resisted|p2b: Samurott|1\n|-damage|p2b: Samurott|70/100\n|-damage|p1b: Incineroar|50/100|[from] Recoil\n|-enditem|p1b: Incineroar|Sitrus Berry|[eat]\n|-heal|p1b: Incineroar|74/100|[from] item: Sitrus Berry\n|-prepare|p2a: Slowking|Chilly Reception|[premajor]\n|move|p2a: Slowking|Chilly Reception|p2a: Slowking\n|-weather|Snowscape\n|\n|t:|1775959395\n|switch|p2a: Froslass|Froslass-Mega, L50, F|100/100|[from] Chilly Reception\n|\n|-weather|Snowscape|[upkeep]\n|upkeep\n|turn|7\n|\n|t:|1775959422\n|switch|p1b: Clefable|Clefable, L50, F|10/100\n|move|p2a: Froslass|Blizzard|p1b: Clefable|[spread] p1a,p1b\n|-resisted|p1a: Milotic|1\n|-damage|p1a: Milotic|88/100\n|-damage|p1b: Clefable|0 fnt\n|faint|p1b: Clefable\n|move|p2b: Samurott|Ceaseless Edge|p1a: Milotic\n|-damage|p1a: Milotic|56/100\n|-sidestart|p1: Master of Capture|Spikes\n|-heal|p2b: Samurott|74/100|[from] item: Shell Bell|[of] p1a: Milotic\n|move|p1a: Milotic|Scald|p2a: Froslass\n|-damage|p2a: Froslass|70/100\n|\n|-weather|Snowscape|[upkeep]\n|-heal|p1a: Milotic|62/100|[from] item: Leftovers\n|upkeep\n|\n|t:|1775959440\n|switch|p1b: Gengar|Gengar-Mega, L50, F|33/100\n|-damage|p1b: Gengar|21/100|[from] Spikes\n|turn|8\n|\n|t:|1775959485\n|switch|p1b: Incineroar|Incineroar, L50, M|74/100\n|-damage|p1b: Incineroar|62/100|[from] Spikes\n|-ability|p1b: Incineroar|Intimidate|boost\n|-unboost|p2a: Froslass|atk|1\n|-unboost|p2b: Samurott|atk|1\n|move|p2a: Froslass|Blizzard|p1a: Milotic|[spread] p1a,p1b\n|-resisted|p1a: Milotic|1\n|-resisted|p1b: Incineroar|1\n|-damage|p1a: Milotic|50/100\n|-damage|p1b: Incineroar|44/100\n|move|p2b: Samurott|Ceaseless Edge|p1b: Incineroar\n|-resisted|p1b: Incineroar|1\n|-damage|p1b: Incineroar|35/100\n|-sidestart|p1: Master of Capture|Spikes\n|-heal|p2b: Samurott|76/100|[from] item: Shell Bell|[of] p1b: Incineroar\n|move|p1a: Milotic|Recover|p1a: Milotic\n|-heal|p1a: Milotic|99/100\n|\n|-weather|Snowscape|[upkeep]\n|-heal|p1a: Milotic|100/100|[from] item: Leftovers\n|upkeep\n|turn|9\n|-message|Master of Capture forfeited.\n|\n|win|PalmUltra\n|raw|Master of Capture's rating: 1091 &rarr; <strong>1067</strong><br />(-24 for losing)\n|raw|PalmUltra's rating: 1082 &rarr; <strong>1110</strong><br />(+28 for winning)\n|l|\u2606Master of Capture\n|player|p1|\n",
  "uploadtime": 1775959582,
  "views": 20,
  "formatid": "gen9championsvgc2026regma",
  "rating": 1067,
  "private": 0,
  "password": null
}