{
  "id": "gen9championsvgc2026regma-2581767888",
  "format": "[Gen 9 Champions] VGC 2026 Reg M-A",
  "players": [
    "BadSanosuke",
    "aquiles1995"
  ],
  "log": "|j|\u2606BadSanosuke\n|j|\u2606aquiles1995\n|t:|1776026864\n|gametype|doubles\n|player|p1|BadSanosuke|169|1064\n|player|p2|aquiles1995|benga|1052\n|gen|9\n|tier|[Gen 9 Champions] VGC 2026 Reg M-A\n|rated|\n|rule|Species Clause: Limit one of each Pok\u00e9mon\n|rule|Item Clause: Limit 1 of each item\n|clearpoke\n|poke|p1|Crabominable, L50, F|\n|poke|p1|Drampa, L50, F|\n|poke|p1|Whimsicott, L50, F|\n|poke|p1|Farigiraf, L50, M|\n|poke|p1|Basculegion, L50, M|\n|poke|p1|Kingambit, L50, M|\n|poke|p2|Archaludon, L50, M|\n|poke|p2|Pelipper, L50, F|\n|poke|p2|Glimmora, L50, M|\n|poke|p2|Dragonite, L50, M|\n|poke|p2|Sneasler, L50, F|\n|poke|p2|Basculegion, L50, M|\n|teampreview|4\n|inactive|Battle timer is ON: inactive players will automatically lose when time's up. (requested by BadSanosuke)\nBadSanosuke rejected open team sheets.\n|inactive|aquiles1995 has 60 seconds left.\n|inactive|aquiles1995 has 30 seconds left.\n|inactive|aquiles1995 has 20 seconds left.\n|\n|t:|1776026936\n|teamsize|p1|4\n|teamsize|p2|4\n|start\n|switch|p1a: Drampa|Drampa, L50, F|100/100\n|switch|p1b: Farigiraf|Farigiraf, L50, M|100/100\n|switch|p2a: Pelipper|Pelipper, L50, F|100/100\n|switch|p2b: Basculegion|Basculegion, L50, M|100/100\n|-weather|RainDance|[from] ability: Drizzle|[of] p2a: Pelipper\n|-ability|p1a: Drampa|Cloud Nine\n|turn|1\n|\n|t:|1776026959\n|move|p2a: Pelipper|Icy Wind|p1b: Farigiraf|[spread] p1a,p1b\n|-supereffective|p1a: Drampa|1\n|-damage|p1a: Drampa|78/100\n|-damage|p1b: Farigiraf|91/100\n|-unboost|p1a: Drampa|spe|1\n|-unboost|p1b: Farigiraf|spe|1\n|move|p2b: Basculegion|Wave Crash|p1b: Farigiraf\n|-damage|p1b: Farigiraf|30/100\n|-damage|p2b: Basculegion|77/100|[from] Recoil\n|move|p1a: Drampa|Calm Mind|p1a: Drampa\n|-boost|p1a: Drampa|spa|1\n|-boost|p1a: Drampa|spd|1\n|move|p1b: Farigiraf|Trick Room|p1b: Farigiraf\n|-fieldstart|move: Trick Room|[of] p1b: Farigiraf\n|\n|-weather|RainDance|[upkeep]\n|-heal|p1a: Drampa|84/100|[from] item: Leftovers\n|upkeep\n|turn|2\n|inactive|aquiles1995 has 30 seconds left.\n|inactive|aquiles1995 has 20 seconds left.\n|\n|t:|1776026996\n|switch|p2a: Archaludon|Archaludon, L50, M|100/100\n|move|p1a: Drampa|Calm Mind|p1a: Drampa\n|-boost|p1a: Drampa|spa|1\n|-boost|p1a: Drampa|spd|1\n|move|p1b: Farigiraf|Psychic Noise|p2b: Basculegion\n|-damage|p2b: Basculegion|43/100\n|-start|p2b: Basculegion|move: Heal Block\n|move|p2b: Basculegion|Wave Crash|p1b: Farigiraf\n|-damage|p1b: Farigiraf|0 fnt\n|faint|p1b: Farigiraf\n|-damage|p2b: Basculegion|32/100|[from] Recoil\n|\n|-weather|RainDance|[upkeep]\n|-heal|p1a: Drampa|90/100|[from] item: Leftovers\n|upkeep\n|\n|t:|1776027011\n|switch|p1b: Crabominable|Crabominable, L50, F|100/100\n|turn|3\n|\n|t:|1776027029\n|detailschange|p1b: Crabominable|Crabominable-Mega, L50, F\n|-mega|p1b: Crabominable|Crabominable|Crabominite\n|move|p2a: Archaludon|Protect|p2a: Archaludon\n|-singleturn|p2a: Archaludon|Protect\n|move|p2b: Basculegion|Protect|p2b: Basculegion\n|-singleturn|p2b: Basculegion|Protect\n|move|p1a: Drampa|Draco Meteor|p2a: Archaludon\n|-activate|p2a: Archaludon|move: Protect\n|move|p1b: Crabominable|Ice Hammer|p2b: Basculegion\n|-activate|p2b: Basculegion|move: Protect\n|\n|-weather|RainDance|[upkeep]\n|-heal|p1a: Drampa|96/100|[from] item: Leftovers\n|-end|p2b: Basculegion|move: Heal Block\n|upkeep\n|turn|4\n|inactive|aquiles1995 has 30 seconds left.\n|\n|t:|1776027057\n|switch|p2b: Glimmora|Glimmora, L50, M|100/100\n|move|p1a: Drampa|Draco Meteor|p2a: Archaludon|[miss]\n|-miss|p1a: Drampa|p2a: Archaludon\n|move|p1b: Crabominable|Ice Hammer|p2b: Glimmora\n|-damage|p2b: Glimmora|13/100\n|-unboost|p1b: Crabominable|spe|1\n|-activate|p2b: Glimmora|ability: Toxic Debris\n|-sidestart|p1: BadSanosuke|move: Toxic Spikes\n|move|p2a: Archaludon|Flash Cannon|p1b: Crabominable\n|-supereffective|p1b: Crabominable|1\n|-damage|p1b: Crabominable|39/100\n|\n|-weather|RainDance|[upkeep]\n|-heal|p1a: Drampa|100/100|[from] item: Leftovers\n|upkeep\n|turn|5\n|inactive|aquiles1995 has 30 seconds left.\n|\n|t:|1776027087\n|move|p2b: Glimmora|Spiky Shield|p2b: Glimmora\n|-singleturn|p2b: Glimmora|move: Protect\n|move|p1b: Crabominable|Drain Punch|p2a: Archaludon\n|-supereffective|p2a: Archaludon|1\n|-damage|p2a: Archaludon|16/100\n|-heal|p1b: Crabominable|78/100|[from] drain|[of] p2a: Archaludon\n|-ability|p2a: Archaludon|Stamina|boost\n|-boost|p2a: Archaludon|def|1\n|move|p1a: Drampa|Hyper Voice|p2b: Glimmora|[spread] p2a\n|-activate|p2b: Glimmora|move: Protect\n|-resisted|p2a: Archaludon|1\n|-damage|p2a: Archaludon|0 fnt\n|faint|p2a: Archaludon\n|\n|-weather|none\n|-fieldend|move: Trick Room\n|upkeep\n|\n|t:|1776027101\n|switch|p2a: Pelipper|Pelipper, L50, F|100/100\n|-weather|RainDance|[from] ability: Drizzle|[of] p2a: Pelipper\n|turn|6\n|inactive|aquiles1995 has 30 seconds left.\n|\n|t:|1776027132\n|detailschange|p2b: Glimmora|Glimmora-Mega, L50, M\n|-mega|p2b: Glimmora|Glimmora|Glimmoranite\n|move|p1b: Crabominable|Mach Punch|p2b: Glimmora\n|-damage|p2b: Glimmora|0 fnt\n|faint|p2b: Glimmora\n|move|p2a: Pelipper|Hurricane|p1b: Crabominable\n|-supereffective|p1b: Crabominable|1\n|-damage|p1b: Crabominable|8/100\n|-start|p1b: Crabominable|confusion\n|move|p1a: Drampa|Draco Meteor|p2a: Pelipper\n|-damage|p2a: Pelipper|0 fnt\n|-unboost|p1a: Drampa|spa|2\n|faint|p2a: Pelipper\n|\n|-weather|RainDance|[upkeep]\n|upkeep\n|\n|t:|1776027144\n|switch|p2b: Basculegion|Basculegion, L50, M|32/100\n|turn|7\n|\n|t:|1776027151\n|move|p2b: Basculegion|Aqua Jet|p1b: Crabominable\n|-crit|p1b: Crabominable\n|-damage|p1b: Crabominable|0 fnt\n|faint|p1b: Crabominable\n|move|p1a: Drampa|Draco Meteor|p2b: Basculegion\n|-damage|p2b: Basculegion|0 fnt\n|-unboost|p1a: Drampa|spa|2\n|faint|p2b: Basculegion\n|\n|win|BadSanosuke\n|raw|BadSanosuke's rating: 1064 &rarr; <strong>1093</strong><br />(+29 for winning)\n|raw|aquiles1995's rating: 1052 &rarr; <strong>1035</strong><br />(-17 for losing)\n|c|\u2606BadSanosuke|Gg\n|l|\u2606aquiles1995\n|player|p2|\n",
  "uploadtime": 1776027164,
  "views": 11,
  "formatid": "gen9championsvgc2026regma",
  "rating": 1035,
  "private": 0,
  "password": null
}