{
  "id": "gen9championsvgc2026regma-2586012045",
  "format": "[Gen 9 Champions] VGC 2026 Reg M-A",
  "players": [
    "guillehue",
    "King L5"
  ],
  "log": "|j|\u2606guillehue\n|j|\u2606King L5\n|t:|1776390133\n|gametype|doubles\n|player|p1|guillehue|n|1533\n|player|p2|King L5|#dcliiinfernalarmory|1461\n|gen|9\n|tier|[Gen 9 Champions] VGC 2026 Reg M-A\n|rated|\n|rule|Species Clause: Limit one of each Pok\u00e9mon\n|rule|Item Clause: Limit 1 of each item\n|clearpoke\n|poke|p1|Meganium, L50, M|\n|poke|p1|Dragonite, L50, F|\n|poke|p1|Basculegion, L50, M|\n|poke|p1|Sneasler, L50, M|\n|poke|p1|Kingambit, L50, F|\n|poke|p1|Politoed, L50, F|\n|poke|p2|Floette-Eternal, L50, F|\n|poke|p2|Incineroar, L50, M|\n|poke|p2|Sinistcha, L50|\n|poke|p2|Basculegion, L50, M|\n|poke|p2|Aerodactyl, L50, F|\n|poke|p2|Garchomp, L50, F|\n|teampreview|4\n|inactive|Battle timer is ON: inactive players will automatically lose when time's up. (requested by guillehue)\n|\n|t:|1776390177\n|teamsize|p1|4\n|teamsize|p2|4\n|start\n|switch|p1a: Basculegion|Basculegion, L50, M|100/100\n|switch|p1b: Dragonite|Dragonite, L50, F, shiny|100/100\n|switch|p2a: Aerodactyl|Aerodactyl, L50, F|100/100\n|switch|p2b: Garchomp|Garchomp, L50, F|100/100\n|-ability|p2a: Aerodactyl|Unnerve\n|turn|1\n|\n|t:|1776390196\n|detailschange|p1b: Dragonite|Dragonite-Mega, L50, F, shiny\n|-mega|p1b: Dragonite|Dragonite|Dragoninite\n|move|p1a: Basculegion|Icy Wind|p2b: Garchomp|[spread] p2a,p2b\n|-supereffective|p2a: Aerodactyl|1\n|-supereffective|p2b: Garchomp|2\n|-damage|p2a: Aerodactyl|80/100\n|-damage|p2b: Garchomp|68/100\n|-unboost|p2a: Aerodactyl|spe|1\n|-unboost|p2b: Garchomp|spe|1\n|move|p1b: Dragonite|Dragon Pulse|p2a: Aerodactyl\n|-damage|p2a: Aerodactyl|9/100\n|move|p2a: Aerodactyl|Rock Slide|p1a: Basculegion|[spread] p1a,p1b\n|-supereffective|p1b: Dragonite|1\n|-damage|p1a: Basculegion|69/100\n|-damage|p1b: Dragonite|78/100\n|move|p2b: Garchomp|Dragon Claw|p1b: Dragonite\n|-supereffective|p1b: Dragonite|1\n|-damage|p1b: Dragonite|10/100\n|\n|upkeep\n|turn|2\n|inactive|King L5 has 30 seconds left.\n|\n|t:|1776390228\n|switch|p2a: Basculegion|Basculegion, L50, M|100/100\n|switch|p2b: Floette|Floette-Eternal, L50, F|100/100\n|move|p1a: Basculegion|Icy Wind|p2a: Basculegion|[spread] p2a,p2b\n|-resisted|p2a: Basculegion|1\n|-crit|p2b: Floette\n|-damage|p2a: Basculegion|97/100\n|-damage|p2b: Floette|92/100\n|-unboost|p2a: Basculegion|spe|1\n|-unboost|p2b: Floette|spe|1\n|move|p1b: Dragonite|Dragon Pulse|p2b: Floette\n|-immune|p2b: Floette\n|\n|upkeep\n|turn|3\n|\n|t:|1776390253\n|detailschange|p2b: Floette|Floette-Mega, L50, F\n|-mega|p2b: Floette|Floette|Floettite\n|-ability|p2b: Floette|Fairy Aura\n|move|p2a: Basculegion|Aqua Jet|p1b: Dragonite\n|-resisted|p1b: Dragonite|1\n|-damage|p1b: Dragonite|0 fnt\n|faint|p1b: Dragonite\n|move|p1a: Basculegion|Icy Wind|p2a: Basculegion|[spread] p2a,p2b\n|-resisted|p2a: Basculegion|1\n|-damage|p2a: Basculegion|93/100\n|-damage|p2b: Floette|87/100\n|-unboost|p2a: Basculegion|spe|1\n|-unboost|p2b: Floette|spe|1\n|move|p2b: Floette|Moonblast|p1a: Basculegion\n|-damage|p1a: Basculegion|0 fnt\n|faint|p1a: Basculegion\n|\n|upkeep\n|\n|t:|1776390268\n|switch|p1a: Sneasler|Sneasler, L50, M|100/100\n|switch|p1b: Kingambit|Kingambit, L50, F|100/100\n|turn|4\n|inactive|King L5 has 30 seconds left.\n|\n|t:|1776390299\n|switch|p2a: Aerodactyl|Aerodactyl, L50, F|9/100\n|-ability|p2a: Aerodactyl|Unnerve\n|move|p1a: Sneasler|Dire Claw|p2b: Floette\n|-supereffective|p2b: Floette|1\n|-damage|p2b: Floette|13/100\n|-status|p2b: Floette|psn\n|move|p1b: Kingambit|Kowtow Cleave|p2a: Aerodactyl\n|-damage|p2a: Aerodactyl|0 fnt\n|faint|p2a: Aerodactyl\n|move|p2b: Floette|Moonblast|p1b: Kingambit\n|-damage|p1b: Kingambit|27/100\n|\n|-damage|p2b: Floette|0 fnt|[from] psn\n|faint|p2b: Floette\n|upkeep\n|\n|t:|1776390312\n|switch|p2a: Garchomp|Garchomp, L50, F|68/100\n|switch|p2b: Basculegion|Basculegion, L50, M|93/100\n|turn|5\n|inactive|King L5 has 30 seconds left.\n|inactive|King L5 has 20 seconds left.\n|\n|t:|1776390351\n|move|p1b: Kingambit|Protect|p1b: Kingambit\n|-singleturn|p1b: Kingambit|Protect\n|move|p2b: Basculegion|Wave Crash|p1b: Kingambit\n|-activate|p1b: Kingambit|move: Protect\n|move|p1a: Sneasler|Close Combat|p2a: Garchomp\n|-damage|p2a: Garchomp|0 fnt\n|-unboost|p1a: Sneasler|def|1\n|-unboost|p1a: Sneasler|spd|1\n|-damage|p1a: Sneasler|88/100|[from] ability: Rough Skin|[of] p2a: Garchomp\n|faint|p2a: Garchomp\n|\n|upkeep\n|turn|6\n|\n|t:|1776390363\n|move|p1b: Kingambit|Sucker Punch|p2b: Basculegion\n|-supereffective|p2b: Basculegion|1\n|-damage|p2b: Basculegion|0 fnt\n|faint|p2b: Basculegion\n|\n|win|guillehue\n|raw|guillehue's rating: 1533 &rarr; <strong>1549</strong><br />(+16 for winning)\n|raw|King L5's rating: 1461 &rarr; <strong>1445</strong><br />(-16 for losing)\n|l|\u2606King L5\n|player|p2|\n|l|\u2606guillehue\n|player|p1|\n",
  "uploadtime": 1776390426,
  "views": 42,
  "formatid": "gen9championsvgc2026regma",
  "rating": 1445,
  "private": 0,
  "password": null
}