{
  "id": "gen9championsvgc2026regma-2588490835",
  "format": "[Gen 9 Champions] VGC 2026 Reg M-A",
  "players": [
    "sdlt 2krl coolguy",
    "wayshush"
  ],
  "log": "|raw|<div class=\"broadcast-blue\"><strong>This battle is required to be public due to a player having a name starting with 'sdlt'.</div>\n|j|\u2606sdlt 2krl coolguy\n|j|\u2606wayshush\n|t:|1776638289\n|gametype|doubles\n|player|p1|sdlt 2krl coolguy|leon-masters2|1240\n|player|p2|wayshush|falkner|1319\n|gen|9\n|tier|[Gen 9 Champions] VGC 2026 Reg M-A\n|rated|\n|rule|Species Clause: Limit one of each Pok\u00e9mon\n|rule|Item Clause: Limit 1 of each item\n|clearpoke\n|poke|p1|Incineroar, L50, M|\n|poke|p1|Hatterene, L50, F, shiny|\n|poke|p1|Farigiraf, L50, M|\n|poke|p1|Torkoal, L50, F, shiny|\n|poke|p1|Kingambit, L50, M|\n|poke|p1|Charizard, L50, M|\n|poke|p2|Ampharos, L50, M, shiny|\n|poke|p2|Alcremie-Rainbow-Swirl, L50, F|\n|poke|p2|Sinistcha, L50|\n|poke|p2|Incineroar, L50, F|\n|poke|p2|Garchomp, L50, F, shiny|\n|poke|p2|Lucario, L50, F|\n|teampreview|4\n|inactive|Battle timer is ON: inactive players will automatically lose when time's up. (requested by wayshush)\n|inactive|sdlt 2krl coolguy also wants the timer to be on.\n|\n|t:|1776638319\n|teamsize|p1|4\n|teamsize|p2|4\n|start\n|switch|p1a: Incineroar|Incineroar, L50, M|100/100\n|switch|p1b: Farigiraf|Farigiraf, L50, M|100/100\n|switch|p2a: Haircif|Ampharos, L50, M, shiny|100/100\n|switch|p2b: Literal food|Alcremie-Rainbow-Swirl, L50, F|100/100\n|-ability|p1a: Incineroar|Intimidate|boost\n|-unboost|p2a: Haircif|atk|1\n|-unboost|p2b: Literal food|atk|1\n|turn|1\n|\n|t:|1776638339\n|move|p2b: Literal food|Decorate|p2a: Haircif\n|-boost|p2a: Haircif|atk|2\n|-boost|p2a: Haircif|spa|2\n|move|p1b: Farigiraf|Hyper Voice|p2a: Haircif|[spread] p2a,p2b\n|-damage|p2a: Haircif|73/100\n|-damage|p2b: Literal food|74/100\n|move|p1a: Incineroar|Flare Blitz|p2b: Literal food\n|-damage|p2b: Literal food|17/100\n|-damage|p1a: Incineroar|85/100|[from] Recoil\n|move|p2a: Haircif|Parabolic Charge|p1a: Incineroar|[spread] p2b,p1a,p1b\n|-damage|p2b: Literal food|0 fnt\n|-heal|p2a: Haircif|80/100|[from] drain|[of] p2b: Literal food\n|-damage|p1a: Incineroar|42/100\n|-heal|p2a: Haircif|100/100|[from] drain|[of] p1a: Incineroar\n|-damage|p1b: Farigiraf|55/100\n|faint|p2b: Literal food\n|\n|upkeep\n|\n|t:|1776638348\n|switch|p2b: Chomper|Garchomp, L50, F, shiny|100/100\n|turn|2\n|\n|t:|1776638361\n|move|p2a: Haircif|Protect|p2a: Haircif\n|-singleturn|p2a: Haircif|Protect\n|move|p2b: Chomper|Earthquake|p1b: Farigiraf|[spread] p1a,p1b\n|-activate|p2a: Haircif|move: Protect\n|-supereffective|p1a: Incineroar|1\n|-enditem|p1a: Incineroar|Shuca Berry|[eat]\n|-enditem|p1a: Incineroar|Shuca Berry|[weaken]\n|-damage|p1a: Incineroar|7/100\n|-damage|p1b: Farigiraf|15/100\n|-enditem|p1b: Farigiraf|Sitrus Berry|[eat]\n|-heal|p1b: Farigiraf|40/100|[from] item: Sitrus Berry\n|move|p1a: Incineroar|Flare Blitz|p2a: Haircif\n|-activate|p2a: Haircif|move: Protect\n|move|p1b: Farigiraf|Trick Room|p1b: Farigiraf\n|-fieldstart|move: Trick Room|[of] p1b: Farigiraf\n|\n|upkeep\n|turn|3\n|\n|t:|1776638374\n|detailschange|p2a: Haircif|Ampharos-Mega, L50, M, shiny\n|-mega|p2a: Haircif|Ampharos|Ampharosite\n|-ability|p2a: Haircif|Mold Breaker\n|move|p2a: Haircif|Parabolic Charge|p1a: Incineroar|[spread] p1a,p1b\n|-immune|p2b: Chomper\n|-damage|p1a: Incineroar|0 fnt\n|-damage|p1b: Farigiraf|0 fnt\n|faint|p1a: Incineroar\n|faint|p1b: Farigiraf\n|move|p2b: Chomper|Rock Slide|p1: Incineroar|[notarget]\n|-fail|p2b: Chomper\n|\n|upkeep\n|\n|t:|1776638384\n|switch|p1a: Torkoal|Torkoal, L50, F, shiny|100/100\n|switch|p1b: Kingambit|Kingambit, L50, M|100/100\n|-weather|SunnyDay|[from] ability: Drought|[of] p1a: Torkoal\n|turn|4\n|\n|t:|1776638392\n|move|p2a: Haircif|Protect|p2a: Haircif\n|-singleturn|p2a: Haircif|Protect\n|move|p1a: Torkoal|Earth Power|p2a: Haircif\n|-activate|p2a: Haircif|move: Protect\n|move|p1b: Kingambit|Swords Dance|p1b: Kingambit\n|-boost|p1b: Kingambit|atk|2\n|move|p2b: Chomper|Earthquake|p1b: Kingambit|[spread] p1a,p1b\n|-activate|p2a: Haircif|move: Protect\n|-supereffective|p1a: Torkoal|1\n|-supereffective|p1b: Kingambit|1\n|-damage|p1a: Torkoal|38/100\n|-damage|p1b: Kingambit|43/100\n|\n|-weather|SunnyDay|[upkeep]\n|upkeep\n|turn|5\n|\n|t:|1776638408\n|move|p1a: Torkoal|Earth Power|p2a: Haircif\n|-supereffective|p2a: Haircif|1\n|-damage|p2a: Haircif|61/100\n|move|p2a: Haircif|Parabolic Charge|p1a: Torkoal|[spread] p1a,p1b\n|-immune|p2b: Chomper\n|-damage|p1a: Torkoal|0 fnt\n|-heal|p2a: Haircif|78/100|[from] drain|[of] p1a: Torkoal\n|-damage|p1b: Kingambit|0 fnt\n|-heal|p2a: Haircif|100/100|[from] drain|[of] p1b: Kingambit\n|faint|p1a: Torkoal\n|faint|p1b: Kingambit\n|\n|win|wayshush\n|raw|sdlt 2krl coolguy's rating: 1240 &rarr; <strong>1221</strong><br />(-19 for losing)\n|raw|wayshush's rating: 1319 &rarr; <strong>1335</strong><br />(+16 for winning)\n",
  "uploadtime": 1776638408,
  "views": 10,
  "formatid": "gen9championsvgc2026regma",
  "rating": 1221,
  "private": 0,
  "password": null
}