{
  "id": "gen9championsvgc2026regma-2588485907",
  "format": "[Gen 9 Champions] VGC 2026 Reg M-A",
  "players": [
    "Nicolacolay",
    "straydog320"
  ],
  "log": "|j|\u2606Nicolacolay\n|j|\u2606straydog320\n|t:|1776637825\n|gametype|doubles\n|player|p1|Nicolacolay|265|1049\n|player|p2|straydog320|petrel|1040\n|gen|9\n|tier|[Gen 9 Champions] VGC 2026 Reg M-A\n|rated|\n|rule|Species Clause: Limit one of each Pok\u00e9mon\n|rule|Item Clause: Limit 1 of each item\n|clearpoke\n|poke|p1|Tyranitar, L50, M|\n|poke|p1|Excadrill, L50, F|\n|poke|p1|Aerodactyl, L50, M|\n|poke|p1|Rotom-Wash, L50|\n|poke|p1|Incineroar, L50, M|\n|poke|p1|Sinistcha, L50|\n|poke|p2|Scovillain, L50, M|\n|poke|p2|Aerodactyl, L50, F|\n|poke|p2|Ninetales-Alola, L50, F|\n|poke|p2|Sneasler, L50, F|\n|poke|p2|Golurk, L50|\n|poke|p2|Rotom-Wash, L50|\n|teampreview|4\n|inactive|Battle timer is ON: inactive players will automatically lose when time's up. (requested by straydog320)\n|inactive|straydog320 has 60 seconds left.\n|\n|t:|1776637869\n|teamsize|p1|4\n|teamsize|p2|4\n|start\n|switch|p1a: Tyranitar|Tyranitar, L50, M|100/100\n|switch|p1b: Incineroar|Incineroar, L50, M|100/100\n|switch|p2a: Scovillain|Scovillain, L50, M|100/100\n|switch|p2b: Aerodactyl|Aerodactyl, L50, F|100/100\n|-ability|p2b: Aerodactyl|Unnerve\n|-weather|Sandstorm|[from] ability: Sand Stream|[of] p1a: Tyranitar\n|-ability|p1b: Incineroar|Intimidate|boost\n|-unboost|p2a: Scovillain|atk|1\n|-unboost|p2b: Aerodactyl|atk|1\n|-enditem|p2b: Aerodactyl|White Herb\n|-clearnegativeboost|p2b: Aerodactyl|[silent]\n|turn|1\n|inactive|Nicolacolay has 30 seconds left.\n|\n|t:|1776637902\n|detailschange|p1a: Tyranitar|Tyranitar-Mega, L50, M\n|-mega|p1a: Tyranitar|Tyranitar|Tyranitarite\n|move|p2b: Aerodactyl|Protect|p2b: Aerodactyl\n|-singleturn|p2b: Aerodactyl|Protect\n|move|p1b: Incineroar|Fake Out|p2b: Aerodactyl\n|-activate|p2b: Aerodactyl|move: Protect\n|move|p1a: Tyranitar|Dragon Dance|p1a: Tyranitar\n|-boost|p1a: Tyranitar|atk|1\n|-boost|p1a: Tyranitar|spe|1\n|move|p2a: Scovillain|Leech Seed|p1a: Tyranitar\n|-start|p1a: Tyranitar|move: Leech Seed\n|\n|-weather|Sandstorm|[upkeep]\n|-damage|p2a: Scovillain|94/100|[from] Sandstorm\n|-damage|p1b: Incineroar|94/100|[from] Sandstorm\n|-damage|p1a: Tyranitar|88/100|[from] Leech Seed|[of] p2a: Scovillain\n|-heal|p2a: Scovillain|100/100|[silent]\n|-ability|p2a: Scovillain|Moody|boost\n|-boost|p2a: Scovillain|spe|2\n|-unboost|p2a: Scovillain|atk|1\n|upkeep\n|turn|2\n|inactive|Nicolacolay has 30 seconds left.\n|\n|t:|1776637931\n|move|p1b: Incineroar|Helping Hand|p1a: Tyranitar\n|-singleturn|p1a: Tyranitar|Helping Hand|[of] p1b: Incineroar\n|move|p2a: Scovillain|Protect|p2a: Scovillain\n|-singleturn|p2a: Scovillain|Protect\n|move|p2b: Aerodactyl|Tailwind|p2b: Aerodactyl\n|-sidestart|p2: straydog320|move: Tailwind\n|move|p1a: Tyranitar|Rock Slide|p2b: Aerodactyl|[spread] p2b\n|-activate|p2a: Scovillain|move: Protect\n|-supereffective|p2b: Aerodactyl|1\n|-damage|p2b: Aerodactyl|0 fnt\n|faint|p2b: Aerodactyl\n|\n|-weather|Sandstorm|[upkeep]\n|-damage|p2a: Scovillain|94/100|[from] Sandstorm\n|-damage|p1b: Incineroar|88/100|[from] Sandstorm\n|-damage|p1a: Tyranitar|76/100|[from] Leech Seed|[of] p2a: Scovillain\n|-heal|p2a: Scovillain|100/100|[silent]\n|-ability|p2a: Scovillain|Moody|boost\n|-boost|p2a: Scovillain|atk|2\n|-unboost|p2a: Scovillain|spa|1\n|upkeep\n|\n|t:|1776637942\n|switch|p2b: Ninetales|Ninetales-Alola, L50, F|100/100\n|-weather|Snowscape|[from] ability: Snow Warning|[of] p2b: Ninetales\n|turn|3\n|\n|t:|1776637966\n|move|p1a: Tyranitar|Protect|p1a: Tyranitar\n|-singleturn|p1a: Tyranitar|Protect\n|move|p2a: Scovillain|Leech Seed|p1b: Incineroar\n|-start|p1b: Incineroar|move: Leech Seed\n|move|p2b: Ninetales|Aurora Veil|p2b: Ninetales\n|-sidestart|p2: straydog320|move: Aurora Veil\n|move|p1b: Incineroar|Flare Blitz|p2b: Ninetales\n|-supereffective|p2b: Ninetales|1\n|-damage|p2b: Ninetales|39/100\n|-damage|p1b: Incineroar|73/100|[from] Recoil\n|\n|-weather|Snowscape|[upkeep]\n|-damage|p1a: Tyranitar|63/100|[from] Leech Seed|[of] p2a: Scovillain\n|-damage|p1b: Incineroar|61/100|[from] Leech Seed|[of] p2a: Scovillain\n|-ability|p2a: Scovillain|Moody|boost\n|-boost|p2a: Scovillain|spd|2\n|-unboost|p2a: Scovillain|atk|1\n|upkeep\n|turn|4\n|inactive|straydog320 has 30 seconds left.\n|\n|t:|1776637993\n|detailschange|p2a: Scovillain|Scovillain-Mega, L50, M\n|-mega|p2a: Scovillain|Scovillain|Scovillainite\n|move|p2a: Scovillain|Energy Ball|p1a: Tyranitar\n|-supereffective|p1a: Tyranitar|1\n|-damage|p1a: Tyranitar|9/100\n|move|p2b: Ninetales|Dazzling Gleam|p1a: Tyranitar|[spread] p1a,p1b\n|-supereffective|p1a: Tyranitar|1\n|-damage|p1a: Tyranitar|0 fnt\n|-damage|p1b: Incineroar|42/100\n|-enditem|p1b: Incineroar|Sitrus Berry|[eat]\n|-heal|p1b: Incineroar|67/100|[from] item: Sitrus Berry\n|faint|p1a: Tyranitar\n|move|p1b: Incineroar|Flare Blitz|p2b: Ninetales\n|-supereffective|p2b: Ninetales|1\n|-damage|p2b: Ninetales|0 fnt\n|faint|p2b: Ninetales\n|-damage|p1b: Incineroar|58/100|[from] Recoil\n|\n|-weather|Snowscape|[upkeep]\n|-damage|p1b: Incineroar|45/100|[from] Leech Seed|[of] p2a: Scovillain\n|upkeep\n|\n|t:|1776638012\n|switch|p2b: Rotom|Rotom-Wash, L50|100/100\n|switch|p1a: Excadrill|Excadrill, L50, F|100/100\n|turn|5\n|\n|t:|1776638031\n|move|p1b: Incineroar|Helping Hand|p1a: Excadrill\n|-singleturn|p1a: Excadrill|Helping Hand|[of] p1b: Incineroar\n|move|p2a: Scovillain|Flamethrower|p1a: Excadrill\n|-supereffective|p1a: Excadrill|1\n|-damage|p1a: Excadrill|27/100\n|move|p2b: Rotom|Hydro Pump|p1a: Excadrill\n|-supereffective|p1a: Excadrill|1\n|-damage|p1a: Excadrill|0 fnt\n|faint|p1a: Excadrill\n|\n|-weather|Snowscape|[upkeep]\n|-damage|p1b: Incineroar|33/100|[from] Leech Seed|[of] p2a: Scovillain\n|-sideend|p2: straydog320|move: Tailwind\n|upkeep\n|\n|t:|1776638044\n|switch|p1a: Rotom|Rotom-Wash, L50|100/100\n|turn|6\n|\n|t:|1776638065\n|move|p1b: Incineroar|Helping Hand|p1a: Rotom\n|-singleturn|p1a: Rotom|Helping Hand|[of] p1b: Incineroar\n|move|p2a: Scovillain|Energy Ball|p1a: Rotom\n|-supereffective|p1a: Rotom|1\n|-damage|p1a: Rotom|51/100\n|move|p2b: Rotom|Discharge|p1b: Incineroar|[spread] p2a,p1a,p1b\n|-resisted|p2a: Scovillain|1\n|-damage|p2a: Scovillain|96/100\n|-damage|p1a: Rotom|22/100\n|-damage|p1b: Incineroar|6/100\n|-status|p2b: Rotom|brn|[from] ability: Spicy Spray|[of] p2a: Scovillain\n|move|p1a: Rotom|Thunderbolt|p2b: Rotom\n|-crit|p2b: Rotom\n|-damage|p2b: Rotom|0 fnt\n|faint|p2b: Rotom\n|\n|-weather|Snowscape|[upkeep]\n|-heal|p1a: Rotom|28/100|[from] item: Leftovers\n|-damage|p1b: Incineroar|0 fnt|[from] Leech Seed|[of] p2a: Scovillain\n|-heal|p2a: Scovillain|100/100|[silent]\n|faint|p1b: Incineroar\n|upkeep\n|turn|7\n|\n|t:|1776638090\n|move|p2a: Scovillain|Energy Ball|p1a: Rotom\n|-supereffective|p1a: Rotom|1\n|-damage|p1a: Rotom|0 fnt\n|faint|p1a: Rotom\n|\n|win|straydog320\n|raw|Nicolacolay's rating: 1049 &rarr; <strong>1031</strong><br />(-18 for losing)\n|raw|straydog320's rating: 1040 &rarr; <strong>1075</strong><br />(+35 for winning)\n|l|\u2606Nicolacolay\n|player|p1|\n",
  "uploadtime": 1776638232,
  "views": 10,
  "formatid": "gen9championsvgc2026regma",
  "rating": 1031,
  "private": 0,
  "password": null
}