{
  "id": "gen9championsvgc2026regma-2583306040",
  "format": "[Gen 9 Champions] VGC 2026 Reg M-A",
  "players": [
    "just aresia",
    "LilMakiVert"
  ],
  "log": "|j|\u2606just aresia\n|j|\u2606LilMakiVert\n|t:|1776165251\n|gametype|doubles\n|player|p1|just aresia|carmine|1196\n|player|p2|LilMakiVert|caitlin|1120\n|gen|9\n|tier|[Gen 9 Champions] VGC 2026 Reg M-A\n|rated|\n|rule|Species Clause: Limit one of each Pok\u00e9mon\n|rule|Item Clause: Limit 1 of each item\n|clearpoke\n|poke|p1|Blastoise, L50, M|\n|poke|p1|Sinistcha, L50|\n|poke|p1|Pelipper, L50, M|\n|poke|p1|Meganium, L50, M|\n|poke|p1|Basculegion, L50, M|\n|poke|p1|Incineroar, L50, M|\n|poke|p2|Froslass, L50, F|\n|poke|p2|Garchomp, L50, F|\n|poke|p2|Orthworm, L50, M|\n|poke|p2|Incineroar, L50, M|\n|poke|p2|Gardevoir, L50, F|\n|poke|p2|Rotom-Frost, L50|\n|teampreview|4\n|inactive|Battle timer is ON: inactive players will automatically lose when time's up. (requested by LilMakiVert)\n|inactive|just aresia has 60 seconds left.\n|\n|t:|1776165317\n|teamsize|p1|4\n|teamsize|p2|4\n|start\n|switch|p1a: Basculegion|Basculegion, L50, M|100/100\n|switch|p1b: Incineroar|Incineroar, L50, M|100/100\n|switch|p2a: Gardevoir|Gardevoir, L50, F, shiny|100/100\n|switch|p2b: Garchomp|Garchomp, L50, F|100/100\n|-ability|p1b: Incineroar|Intimidate|boost\n|-unboost|p2a: Gardevoir|atk|1\n|-unboost|p2b: Garchomp|atk|1\n|turn|1\n|inactive|LilMakiVert has 30 seconds left.\n|inactive|LilMakiVert has 20 seconds left.\n|inactive|LilMakiVert has 15 seconds left.\n|inactive|LilMakiVert has 10 seconds left.\n|inactive|LilMakiVert has 5 seconds left.\n|\n|t:|1776165369\n|switch|p1b: Pelipper|Pelipper, L50, M|100/100\n|-weather|RainDance|[from] ability: Drizzle|[of] p1b: Pelipper\n|move|p1a: Basculegion|Wave Crash|p2a: Gardevoir\n|-damage|p2a: Gardevoir|0 fnt\n|faint|p2a: Gardevoir\n|-damage|p1a: Basculegion|78/100|[from] Recoil\n|move|p2b: Garchomp|Earthquake|p1a: Basculegion|[spread] p1a\n|-immune|p1b: Pelipper\n|-damage|p1a: Basculegion|48/100\n|\n|-weather|RainDance|[upkeep]\n|upkeep\n|\n|t:|1776165383\n|switch|p2a: Froslass|Froslass, L50, F, shiny|100/100\n|turn|2\n|\n|t:|1776165402\n|switch|p1b: Incineroar|Incineroar, L50, M|100/100\n|-ability|p1b: Incineroar|Intimidate|boost\n|-unboost|p2a: Froslass|atk|1\n|-unboost|p2b: Garchomp|atk|1\n|detailschange|p2a: Froslass|Froslass-Mega, L50, F, shiny\n|-mega|p2a: Froslass|Froslass|Froslassite\n|-weather|Snowscape|[from] ability: Snow Warning|[of] p2a: Froslass\n|move|p2a: Froslass|Protect|p2a: Froslass\n|-singleturn|p2a: Froslass|Protect\n|move|p2b: Garchomp|Earthquake|p1b: Incineroar|[spread] p1a,p1b\n|-activate|p2a: Froslass|move: Protect\n|-supereffective|p1b: Incineroar|1\n|-damage|p1a: Basculegion|26/100\n|-damage|p1b: Incineroar|65/100\n|move|p1a: Basculegion|Flip Turn|p2a: Froslass\n|-activate|p2a: Froslass|move: Protect\n|\n|-weather|Snowscape|[upkeep]\n|upkeep\n|turn|3\n|inactive|LilMakiVert has 30 seconds left.\n|\n|t:|1776165428\n|switch|p2b: Rotom|Rotom-Frost, L50, shiny|100/100\n|switch|p1b: Pelipper|Pelipper, L50, M|100/100\n|-weather|RainDance|[from] ability: Drizzle|[of] p1b: Pelipper\n|move|p1a: Basculegion|Wave Crash|p2a: Froslass\n|-damage|p2a: Froslass|0 fnt\n|faint|p2a: Froslass\n|-damage|p1a: Basculegion|3/100|[from] Recoil\n|\n|-weather|RainDance|[upkeep]\n|upkeep\n|\n|t:|1776165442\n|switch|p2a: Garchomp|Garchomp, L50, F|100/100\n|turn|4\n|\n|t:|1776165460\n|move|p2a: Garchomp|Protect|p2a: Garchomp\n|-singleturn|p2a: Garchomp|Protect\n|move|p1a: Basculegion|Wave Crash|p2b: Rotom\n|-damage|p2b: Rotom|0 fnt\n|faint|p2b: Rotom\n|-damage|p1a: Basculegion|0 fnt|[from] Recoil\n|faint|p1a: Basculegion\n|move|p1b: Pelipper|Hurricane|p2a: Garchomp\n|-activate|p2a: Garchomp|move: Protect\n|\n|-weather|RainDance|[upkeep]\n|upkeep\n|\n|t:|1776165466\n|switch|p1a: Blastoise|Blastoise, L50, M|100/100\n|turn|5\n|c|\u2606just aresia|Apologies\n|inactive|LilMakiVert has 30 seconds left.\n|inactive|LilMakiVert has 20 seconds left.\n|-message|LilMakiVert forfeited.\n|\n|win|just aresia\n|raw|just aresia's rating: 1196 &rarr; <strong>1216</strong><br />(+20 for winning)\n|raw|LilMakiVert's rating: 1120 &rarr; <strong>1100</strong><br />(-20 for losing)\n|l|\u2606LilMakiVert\n|player|p2|\n",
  "uploadtime": 1776165507,
  "views": 24,
  "formatid": "gen9championsvgc2026regma",
  "rating": 1100,
  "private": 0,
  "password": null
}