{
  "id": "gen9championsvgc2026regma-2585072391",
  "format": "[Gen 9 Champions] VGC 2026 Reg M-A",
  "players": [
    "mayomamainsk",
    "LeonQAQ"
  ],
  "log": "|j|\u2606mayomamainsk\n|j|\u2606LeonQAQ\n|t:|1776308904\n|gametype|doubles\n|player|p1|mayomamainsk|2|1234\n|player|p2|LeonQAQ|169|1245\n|gen|9\n|tier|[Gen 9 Champions] VGC 2026 Reg M-A\n|rated|\n|rule|Species Clause: Limit one of each Pok\u00e9mon\n|rule|Item Clause: Limit 1 of each item\n|clearpoke\n|poke|p1|Incineroar, L50, F|\n|poke|p1|Blastoise, L50, F|\n|poke|p1|Farigiraf, L50, M|\n|poke|p1|Kangaskhan, L50, F|\n|poke|p1|Crabominable, L50, M|\n|poke|p1|Rotom-Mow, L50|\n|poke|p2|Floette-Eternal, L50, F|\n|poke|p2|Kingambit, L50, M|\n|poke|p2|Sinistcha, L50|\n|poke|p2|Incineroar, L50, M|\n|poke|p2|Rotom-Wash, L50|\n|poke|p2|Garchomp, L50, F|\n|teampreview|4\n|inactive|Battle timer is ON: inactive players will automatically lose when time's up. (requested by mayomamainsk)\n|inactive|mayomamainsk has 60 seconds left.\n|inactive|LeonQAQ has 60 seconds left.\n|\n|t:|1776308954\n|teamsize|p1|4\n|teamsize|p2|4\n|start\n|switch|p1a: Rotom|Rotom-Mow, L50|100/100\n|switch|p1b: Farigiraf|Farigiraf, L50, M|100/100\n|switch|p2a: Kingambit|Kingambit, L50, M|100/100\n|switch|p2b: Incineroar|Incineroar, L50, M|100/100\n|-ability|p2b: Incineroar|Intimidate|boost\n|-unboost|p1a: Rotom|atk|1\n|-unboost|p1b: Farigiraf|atk|1\n|turn|1\n|inactive|LeonQAQ has 30 seconds left.\n|\n|t:|1776308979\n|switch|p1b: Kangaskhan|Kangaskhan, L50, F|100/100\n|move|p2a: Kingambit|Protect|p2a: Kingambit\n|-singleturn|p2a: Kingambit|Protect\n|move|p1a: Rotom|Will-O-Wisp|p2a: Kingambit\n|-activate|p2a: Kingambit|move: Protect\n|move|p2b: Incineroar|Parting Shot|p1a: Rotom\n|-unboost|p1a: Rotom|atk|1\n|-unboost|p1a: Rotom|spa|1\n|\n|t:|1776308993\n|switch|p2b: Floette|Floette-Eternal, L50, F|100/100|[from] Parting Shot\n|\n|upkeep\n|turn|2\n|\n|t:|1776309001\n|switch|p2a: Sinistcha|Sinistcha, L50|100/100\n|detailschange|p2b: Floette|Floette-Mega, L50, F\n|-mega|p2b: Floette|Floette|Floettite\n|-ability|p2b: Floette|Fairy Aura\n|move|p2b: Floette|Protect|p2b: Floette\n|-singleturn|p2b: Floette|Protect\n|move|p1b: Kangaskhan|Fake Out|p2b: Floette\n|-activate|p2b: Floette|move: Protect\n|move|p1a: Rotom|Will-O-Wisp|p2a: Sinistcha\n|-status|p2a: Sinistcha|brn\n|\n|-damage|p2a: Sinistcha|98/100 brn|[from] brn\n|upkeep\n|turn|3\n|inactive|mayomamainsk has 30 seconds left.\n|\n|t:|1776309029\n|switch|p1a: Farigiraf|Farigiraf, L50, M|100/100\n|move|p2a: Sinistcha|Rage Powder|p2a: Sinistcha\n|-singleturn|p2a: Sinistcha|move: Rage Powder\n|move|p2b: Floette|Dazzling Gleam|p1b: Kangaskhan|[spread] p1a,p1b\n|-damage|p1a: Farigiraf|52/100\n|-damage|p1b: Kangaskhan|42/100\n|move|p1b: Kangaskhan|Last Resort|p2a: Sinistcha\n|-damage|p2a: Sinistcha|22/100 brn\n|\n|-damage|p2a: Sinistcha|19/100 brn|[from] brn\n|upkeep\n|turn|4\n|\n|t:|1776309052\n|move|p2a: Sinistcha|Rage Powder|p2a: Sinistcha\n|-singleturn|p2a: Sinistcha|move: Rage Powder\n|move|p2b: Floette|Moonblast|p1a: Farigiraf\n|-damage|p1a: Farigiraf|0 fnt\n|faint|p1a: Farigiraf\n|move|p1b: Kangaskhan|Last Resort|p2a: Sinistcha\n|-damage|p2a: Sinistcha|0 fnt\n|faint|p2a: Sinistcha\n|\n|upkeep\n|\n|t:|1776309063\n|switch|p2a: Incineroar|Incineroar, L50, M|100/100\n|switch|p1a: Rotom|Rotom-Mow, L50|100/100\n|-ability|p2a: Incineroar|Intimidate|boost\n|-unboost|p1a: Rotom|atk|1\n|-fail|p1b: Kangaskhan|unboost|Attack|[from] ability: Scrappy|[of] p1b: Kangaskhan\n|turn|5\n|\n|t:|1776309078\n|switch|p1a: Crabominable|Crabominable, L50, M|100/100\n|move|p2a: Incineroar|Fake Out|p1b: Kangaskhan\n|-damage|p1b: Kangaskhan|29/100\n|move|p2b: Floette|Dazzling Gleam|p1a: Crabominable|[spread] p1a,p1b\n|-supereffective|p1a: Crabominable|1\n|-damage|p1a: Crabominable|0 fnt\n|-damage|p1b: Kangaskhan|0 fnt\n|faint|p1a: Crabominable\n|faint|p1b: Kangaskhan\n|\n|upkeep\n|\n|t:|1776309087\n|switch|p1b: Rotom|Rotom-Mow, L50|100/100\n|turn|6\n|\n|t:|1776309092\n|move|p2b: Floette|Light of Ruin|p1b: Rotom\n|-damage|p1b: Rotom|0 fnt\n|faint|p1b: Rotom\n|-damage|p2b: Floette|48/100|[from] Recoil\n|\n|win|LeonQAQ\n|raw|mayomamainsk's rating: 1234 &rarr; <strong>1210</strong><br />(-24 for losing)\n|raw|LeonQAQ's rating: 1245 &rarr; <strong>1269</strong><br />(+24 for winning)\n|l|\u2606mayomamainsk\n|player|p1|\n",
  "uploadtime": 1776309260,
  "views": 41,
  "formatid": "gen9championsvgc2026regma",
  "rating": 1210,
  "private": 0,
  "password": null
}