{
  "id": "gen9championsvgc2026regma-2587631150",
  "format": "[Gen 9 Champions] VGC 2026 Reg M-A",
  "players": [
    "crashdead12",
    "SloaneRegard"
  ],
  "log": "|j|\u2606crashdead12\n|j|\u2606SloaneRegard\n|t:|1776548624\n|gametype|doubles\n|player|p1|crashdead12|dawn|1440\n|player|p2|SloaneRegard|169|1527\n|gen|9\n|tier|[Gen 9 Champions] VGC 2026 Reg M-A\n|rated|\n|rule|Species Clause: Limit one of each Pok\u00e9mon\n|rule|Item Clause: Limit 1 of each item\n|clearpoke\n|poke|p1|Gardevoir, L50, F, shiny|\n|poke|p1|Maushold-Four, L50|\n|poke|p1|Basculegion, L50, M|\n|poke|p1|Talonflame, L50, F, shiny|\n|poke|p1|Kingambit, L50, M, shiny|\n|poke|p1|Garchomp, L50, M, shiny|\n|poke|p2|Drampa, L50, M|\n|poke|p2|Archaludon, L50, M|\n|poke|p2|Pelipper, L50, F|\n|poke|p2|Farigiraf, L50, M|\n|poke|p2|Sinistcha, L50|\n|poke|p2|Incineroar, L50, F|\n|teampreview|4\n|\n|t:|1776548654\n|teamsize|p1|4\n|teamsize|p2|4\n|start\n|switch|p1a: Maushold|Maushold-Four, L50|100/100\n|switch|p1b: Gardevoir|Gardevoir, L50, F, shiny|100/100\n|switch|p2a: Archaludon|Archaludon, L50, M|100/100\n|switch|p2b: Pelipper|Pelipper, L50, F|100/100\n|-weather|RainDance|[from] ability: Drizzle|[of] p2b: Pelipper\n|turn|1\n|\n|t:|1776548673\n|detailschange|p1b: Gardevoir|Gardevoir-Mega, L50, F, shiny\n|-mega|p1b: Gardevoir|Gardevoir|Gardevoirite\n|move|p1a: Maushold|Super Fang|p2a: Archaludon\n|-damage|p2a: Archaludon|51/100\n|-ability|p2a: Archaludon|Stamina|boost\n|-boost|p2a: Archaludon|def|1\n|move|p1b: Gardevoir|Hyper Voice|p2b: Pelipper|[spread] p2a,p2b\n|-damage|p2a: Archaludon|0 fnt\n|-damage|p2b: Pelipper|35/100\n|faint|p2a: Archaludon\n|move|p2b: Pelipper|Weather Ball|p1b: Gardevoir\n|-damage|p1b: Gardevoir|66/100\n|\n|-weather|RainDance|[upkeep]\n|upkeep\n|\n|t:|1776548689\n|switch|p2a: Sinistcha|Sinistcha, L50|100/100\n|-heal|p2b: Pelipper|60/100|[from] ability: Hospitality|[of] p2a: Sinistcha\n|turn|2\n|\n|t:|1776548708\n|move|p1b: Gardevoir|Protect|p1b: Gardevoir\n|-singleturn|p1b: Gardevoir|Protect\n|move|p2b: Pelipper|Wide Guard|p2b: Pelipper\n|-singleturn|p2b: Pelipper|Wide Guard\n|move|p1a: Maushold|Super Fang|p2b: Pelipper\n|-damage|p2b: Pelipper|30/100\n|move|p2a: Sinistcha|Trick Room|p2a: Sinistcha\n|-fieldstart|move: Trick Room|[of] p2a: Sinistcha\n|\n|-weather|RainDance|[upkeep]\n|upkeep\n|turn|3\n|\n|t:|1776548729\n|move|p1a: Maushold|Follow Me|p1a: Maushold\n|-singleturn|p1a: Maushold|move: Follow Me\n|move|p2a: Sinistcha|Matcha Gotcha|p1a: Maushold|[spread] p1a,p1b\n|-damage|p1a: Maushold|69/100\n|-damage|p1b: Gardevoir|52/100\n|move|p2b: Pelipper|Weather Ball|p1a: Maushold\n|-damage|p1a: Maushold|0 fnt\n|faint|p1a: Maushold\n|move|p1b: Gardevoir|Trick Room|p1b: Gardevoir\n|-fieldend|move: Trick Room\n|\n|-weather|RainDance|[upkeep]\n|upkeep\n|\n|t:|1776548733\n|switch|p1a: Kingambit|Kingambit, L50, M, shiny|100/100\n|turn|4\n|\n|t:|1776548751\n|move|p2b: Pelipper|Wide Guard|p2b: Pelipper\n|-singleturn|p2b: Pelipper|Wide Guard\n|move|p1b: Gardevoir|Psyshock|p2b: Pelipper\n|-damage|p2b: Pelipper|0 fnt\n|faint|p2b: Pelipper\n|move|p2a: Sinistcha|Matcha Gotcha|p1b: Gardevoir|[spread] p1a,p1b\n|-resisted|p1a: Kingambit|1\n|-damage|p1a: Kingambit|88/100\n|-damage|p1b: Gardevoir|32/100\n|-status|p1b: Gardevoir|brn\n|move|p1a: Kingambit|Kowtow Cleave|p2a: Sinistcha\n|-supereffective|p2a: Sinistcha|1\n|-crit|p2a: Sinistcha\n|-damage|p2a: Sinistcha|0 fnt\n|faint|p2a: Sinistcha\n|\n|-weather|RainDance|[upkeep]\n|-damage|p1b: Gardevoir|26/100 brn|[from] brn\n|upkeep\n|\n|t:|1776548768\n|switch|p2b: Drampa|Drampa, L50, M|100/100\n|turn|5\n|\n|t:|1776548775\n|detailschange|p2b: Drampa|Drampa-Mega, L50, M\n|-mega|p2b: Drampa|Drampa|Drampanite\n|move|p1b: Gardevoir|Hyper Voice|p2b: Drampa\n|-supereffective|p2b: Drampa|1\n|-crit|p2b: Drampa\n|-damage|p2b: Drampa|0 fnt\n|faint|p2b: Drampa\n|\n|win|crashdead12\n|raw|crashdead12's rating: 1440 &rarr; <strong>1465</strong><br />(+25 for winning)\n|raw|SloaneRegard's rating: 1527 &rarr; <strong>1502</strong><br />(-25 for losing)\n",
  "uploadtime": 1776548781,
  "views": 18,
  "formatid": "gen9championsvgc2026regma",
  "rating": 1465,
  "private": 0,
  "password": null
}