{
  "id": "gen9championsvgc2026regma-2583775644",
  "format": "[Gen 9 Champions] VGC 2026 Reg M-A",
  "players": [
    "thattube",
    "imaturechild246"
  ],
  "log": "|j|\u2606thattube\n|j|\u2606imaturechild246\n|t:|1776196880\n|gametype|doubles\n|player|p1|thattube|bellelba|1021\n|player|p2|imaturechild246|102|1044\n|gen|9\n|tier|[Gen 9 Champions] VGC 2026 Reg M-A\n|rated|\n|rule|Species Clause: Limit one of each Pok\u00e9mon\n|rule|Item Clause: Limit 1 of each item\n|clearpoke\n|poke|p1|Tyranitar, L50, F|\n|poke|p1|Milotic, L50, F|\n|poke|p1|Tinkaton, L50, F|\n|poke|p1|Aerodactyl, L50, M|\n|poke|p1|Excadrill, L50, F|\n|poke|p1|Hydreigon, L50, M|\n|poke|p2|Aerodactyl, L50, F|\n|poke|p2|Garchomp, L50, F|\n|poke|p2|Sinistcha, L50|\n|poke|p2|Basculegion, L50, M|\n|poke|p2|Incineroar, L50, M|\n|poke|p2|Sneasler, L50, F|\n|teampreview|4\n|\n|t:|1776196923\n|teamsize|p1|4\n|teamsize|p2|4\n|start\n|switch|p1a: Tinkaton|Tinkaton, L50, F|100/100\n|switch|p1b: Aerodactyl|Aerodactyl, L50, M|100/100\n|switch|p2a: Aerodactyl|Aerodactyl, L50, F|100/100\n|switch|p2b: Garchomp|Garchomp, L50, F|100/100\n|-ability|p2a: Aerodactyl|Unnerve\n|-ability|p1b: Aerodactyl|Unnerve\n|-ability|p1a: Tinkaton|Mold Breaker\n|turn|1\n|\n|t:|1776196941\n|detailschange|p2a: Aerodactyl|Aerodactyl-Mega, L50, F\n|-mega|p2a: Aerodactyl|Aerodactyl|Aerodactylite\n|move|p1a: Tinkaton|Fake Out|p2a: Aerodactyl\n|-resisted|p2a: Aerodactyl|1\n|-damage|p2a: Aerodactyl|95/100\n|cant|p2a: Aerodactyl|flinch\n|move|p1b: Aerodactyl|Tailwind|p1b: Aerodactyl\n|-sidestart|p1: thattube|move: Tailwind\n|move|p2b: Garchomp|Earthquake|p1a: Tinkaton|[spread] p1a\n|-immune|p2a: Aerodactyl\n|-immune|p1b: Aerodactyl\n|-supereffective|p1a: Tinkaton|1\n|-enditem|p1a: Tinkaton|Shuca Berry|[eat]\n|-enditem|p1a: Tinkaton|Shuca Berry|[weaken]\n|-damage|p1a: Tinkaton|52/100\n|\n|upkeep\n|turn|2\n|\n|t:|1776196965\n|move|p1b: Aerodactyl|Dual Wingbeat|p2b: Garchomp\n|-damage|p2b: Garchomp|83/100\n|-damage|p1b: Aerodactyl|88/100|[from] ability: Rough Skin|[of] p2b: Garchomp\n|-damage|p2b: Garchomp|63/100\n|-damage|p1b: Aerodactyl|76/100|[from] ability: Rough Skin|[of] p2b: Garchomp\n|-hitcount|p2b: Garchomp|2\n|move|p1a: Tinkaton|Gigaton Hammer|p2a: Aerodactyl\n|-supereffective|p2a: Aerodactyl|1\n|-damage|p2a: Aerodactyl|0 fnt\n|faint|p2a: Aerodactyl\n|move|p2b: Garchomp|Earthquake|p1a: Tinkaton|[spread] p1a\n|-immune|p1b: Aerodactyl\n|-supereffective|p1a: Tinkaton|1\n|-damage|p1a: Tinkaton|0 fnt\n|faint|p1a: Tinkaton\n|\n|upkeep\n|\n|t:|1776196984\n|switch|p2a: Sinistcha|Sinistcha, L50|100/100\n|switch|p1a: Milotic|Milotic, L50, F|100/100\n|-heal|p2b: Garchomp|88/100|[from] ability: Hospitality|[of] p2a: Sinistcha\n|turn|3\n|\n|t:|1776196999\n|move|p1b: Aerodactyl|Dual Wingbeat|p2a: Sinistcha\n|-supereffective|p2a: Sinistcha|1\n|-damage|p2a: Sinistcha|72/100\n|-supereffective|p2a: Sinistcha|1\n|-damage|p2a: Sinistcha|39/100\n|-hitcount|p2a: Sinistcha|2\n|move|p1a: Milotic|Icy Wind|p2b: Garchomp|[spread] p2a,p2b\n|-supereffective|p2a: Sinistcha|1\n|-supereffective|p2b: Garchomp|2\n|-damage|p2a: Sinistcha|13/100\n|-damage|p2b: Garchomp|30/100\n|-unboost|p2a: Sinistcha|spe|1\n|-unboost|p2b: Garchomp|spe|1\n|move|p2b: Garchomp|Rock Slide|p1b: Aerodactyl|[spread] p1a,p1b\n|-supereffective|p1b: Aerodactyl|1\n|-crit|p1b: Aerodactyl\n|-damage|p1a: Milotic|76/100\n|-damage|p1b: Aerodactyl|0 fnt\n|faint|p1b: Aerodactyl\n|move|p2a: Sinistcha|Matcha Gotcha|p1a: Milotic\n|-supereffective|p1a: Milotic|1\n|-damage|p1a: Milotic|19/100\n|-heal|p2a: Sinistcha|46/100|[from] drain|[of] p1a: Milotic\n|-status|p1a: Milotic|brn\n|\n|-heal|p2a: Sinistcha|52/100|[from] item: Leftovers\n|-damage|p1a: Milotic|13/100 brn|[from] brn\n|upkeep\n|\n|t:|1776197022\n|switch|p1b: Hydreigon|Hydreigon, L50, M|100/100\n|turn|4\n|\n|t:|1776197029\n|move|p2b: Garchomp|Protect|p2b: Garchomp\n|-singleturn|p2b: Garchomp|Protect\n|move|p2a: Sinistcha|Protect|p2a: Sinistcha\n|-singleturn|p2a: Sinistcha|Protect\n|move|p1b: Hydreigon|Dark Pulse|p2a: Sinistcha\n|-activate|p2a: Sinistcha|move: Protect\n|move|p1a: Milotic|Icy Wind|p2a: Sinistcha|[spread] \n|-activate|p2a: Sinistcha|move: Protect\n|-activate|p2b: Garchomp|move: Protect\n|\n|-heal|p2a: Sinistcha|58/100|[from] item: Leftovers\n|-damage|p1a: Milotic|8/100 brn|[from] brn\n|-sideend|p1: thattube|move: Tailwind\n|upkeep\n|turn|5\n|\n|t:|1776197053\n|switch|p2b: Basculegion|Basculegion, L50, M|100/100\n|move|p1b: Hydreigon|Dark Pulse|p2a: Sinistcha\n|-supereffective|p2a: Sinistcha|1\n|-damage|p2a: Sinistcha|0 fnt\n|faint|p2a: Sinistcha\n|move|p1a: Milotic|Icy Wind|p2b: Basculegion\n|-resisted|p2b: Basculegion|1\n|-damage|p2b: Basculegion|91/100\n|-unboost|p2b: Basculegion|spe|1\n|\n|-damage|p1a: Milotic|2/100 brn|[from] brn\n|upkeep\n|\n|t:|1776197063\n|switch|p2a: Garchomp|Garchomp, L50, F|30/100\n|turn|6\n|\n|t:|1776197078\n|move|p2a: Garchomp|Dragon Claw|p1b: Hydreigon\n|-supereffective|p1b: Hydreigon|1\n|-damage|p1b: Hydreigon|0 fnt\n|faint|p1b: Hydreigon\n|move|p2b: Basculegion|Last Respects|p1a: Milotic\n|-damage|p1a: Milotic|0 fnt\n|faint|p1a: Milotic\n|\n|win|imaturechild246\n|raw|thattube's rating: 1021 &rarr; <strong>1009</strong><br />(-12 for losing)\n|raw|imaturechild246's rating: 1044 &rarr; <strong>1075</strong><br />(+31 for winning)\n",
  "uploadtime": 1776197086,
  "views": 23,
  "formatid": "gen9championsvgc2026regma",
  "rating": 1009,
  "private": 0,
  "password": null
}