{
  "id": "gen9championsvgc2026regma-2585523008",
  "format": "[Gen 9 Champions] VGC 2026 Reg M-A",
  "players": [
    "honeybeegirl122",
    "TethysPersevere"
  ],
  "log": "|j|\u2606honeybeegirl122\n|j|\u2606TethysPersevere\n|t:|1776353196\n|gametype|doubles\n|player|p1|honeybeegirl122|lass|1087\n|player|p2|TethysPersevere|lucas-gen4pt|1083\n|gen|9\n|tier|[Gen 9 Champions] VGC 2026 Reg M-A\n|rated|\n|rule|Species Clause: Limit one of each Pok\u00e9mon\n|rule|Item Clause: Limit 1 of each item\n|clearpoke\n|poke|p1|Gengar, L50, F|\n|poke|p1|Politoed, L50, M|\n|poke|p1|Basculegion, L50, M|\n|poke|p1|Maushold, L50|\n|poke|p1|Incineroar, L50, F|\n|poke|p1|Aromatisse, L50, M|\n|poke|p2|Empoleon, L50, F|\n|poke|p2|Sinistcha, L50|\n|poke|p2|Incineroar, L50, F|\n|poke|p2|Chimecho, L50, M|\n|poke|p2|Tyranitar, L50, M|\n|poke|p2|Kommo-o, L50, F|\n|teampreview|4\n|\n|t:|1776353213\n|teamsize|p1|4\n|teamsize|p2|4\n|start\n|switch|p1a: Gengar|Gengar, L50, F|100/100\n|switch|p1b: Basculegion|Basculegion, L50, M|100/100\n|switch|p2a: Incineroar|Incineroar, L50, F|100/100\n|switch|p2b: Sinistcha|Sinistcha, L50|100/100\n|-ability|p2a: Incineroar|Intimidate|boost\n|-unboost|p1a: Gengar|atk|1\n|-unboost|p1b: Basculegion|atk|1\n|turn|1\n|\n|t:|1776353238\n|detailschange|p1a: Gengar|Gengar-Mega, L50, F\n|-mega|p1a: Gengar|Gengar|Gengarite\n|move|p1a: Gengar|Perish Song|p1a: Gengar\n|-start|p1a: Gengar|perish3|[silent]\n|-start|p1b: Basculegion|perish3|[silent]\n|-start|p2a: Incineroar|perish3|[silent]\n|-start|p2b: Sinistcha|perish3|[silent]\n|-fieldactivate|move: Perish Song\n|move|p1b: Basculegion|Soak|p2b: Sinistcha\n|-start|p2b: Sinistcha|typechange|Water\n|move|p2a: Incineroar|Darkest Lariat|p1a: Gengar\n|-supereffective|p1a: Gengar|1\n|-damage|p1a: Gengar|2/100\n|move|p2b: Sinistcha|Trick Room|p2b: Sinistcha\n|-fieldstart|move: Trick Room|[of] p2b: Sinistcha\n|\n|-start|p2a: Incineroar|perish3\n|-start|p2b: Sinistcha|perish3\n|-start|p1b: Basculegion|perish3\n|-start|p1a: Gengar|perish3\n|upkeep\n|turn|2\n|\n|t:|1776353261\n|move|p1b: Basculegion|Protect|p1b: Basculegion\n|-singleturn|p1b: Basculegion|Protect\n|move|p1a: Gengar|Protect|p1a: Gengar\n|-singleturn|p1a: Gengar|Protect\n|move|p2a: Incineroar|Darkest Lariat|p1b: Basculegion\n|-activate|p1b: Basculegion|move: Protect\n|move|p2b: Sinistcha|Matcha Gotcha|p1b: Basculegion|[spread] \n|-activate|p1a: Gengar|move: Protect\n|-activate|p1b: Basculegion|move: Protect\n|\n|-start|p2a: Incineroar|perish2\n|-start|p2b: Sinistcha|perish2\n|-start|p1b: Basculegion|perish2\n|-start|p1a: Gengar|perish2\n|upkeep\n|turn|3\n|\n|t:|1776353283\n|switch|p1a: Incineroar|Incineroar, L50, F|100/100\n|-ability|p1a: Incineroar|Intimidate|boost\n|-unboost|p2a: Incineroar|atk|1\n|-unboost|p2b: Sinistcha|atk|1\n|move|p2a: Incineroar|Darkest Lariat|p1b: Basculegion\n|-supereffective|p1b: Basculegion|1\n|-damage|p1b: Basculegion|34/100\n|move|p2b: Sinistcha|Matcha Gotcha|p1a: Incineroar|[spread] p1a,p1b\n|-resisted|p1a: Incineroar|1\n|-supereffective|p1b: Basculegion|1\n|-damage|p1a: Incineroar|95/100\n|-damage|p1b: Basculegion|1/100\n|move|p1b: Basculegion|Flip Turn|p1a: Incineroar\n|-supereffective|p1a: Incineroar|1\n|-damage|p1a: Incineroar|67/100\n|\n|t:|1776353299\n|switch|p1b: Gengar|Gengar-Mega, L50, F|2/100|[from] Flip Turn\n|\n|-start|p2a: Incineroar|perish1\n|-start|p2b: Sinistcha|perish1\n|upkeep\n|turn|4\n|\n|t:|1776353331\n|move|p1a: Incineroar|Protect|p1a: Incineroar\n|-singleturn|p1a: Incineroar|Protect\n|move|p1b: Gengar|Protect|p1b: Gengar\n|-singleturn|p1b: Gengar|Protect\n|move|p2a: Incineroar|Darkest Lariat|p1a: Incineroar\n|-activate|p1a: Incineroar|move: Protect\n|move|p2b: Sinistcha|Matcha Gotcha|p1b: Gengar|[spread] \n|-activate|p1a: Incineroar|move: Protect\n|-activate|p1b: Gengar|move: Protect\n|\n|-start|p2a: Incineroar|perish0\n|-start|p2b: Sinistcha|perish0\n|faint|p2a: Incineroar\n|faint|p2b: Sinistcha\n|upkeep\n|\n|t:|1776353345\n|switch|p2a: Kommo-o|Kommo-o, L50, F|100/100\n|switch|p2b: Tyranitar|Tyranitar, L50, M|100/100\n|-weather|Sandstorm|[from] ability: Sand Stream|[of] p2b: Tyranitar\n|turn|5\n|\n|t:|1776353370\n|detailschange|p2b: Tyranitar|Tyranitar-Mega, L50, M\n|-mega|p2b: Tyranitar|Tyranitar|Tyranitarite\n|move|p1a: Incineroar|Fake Out||[still]\n|-hint|Fake Out only works on your first turn out.\n|-fail|p1a: Incineroar\n|move|p2b: Tyranitar|Rock Slide|p1b: Gengar|[spread] p1a,p1b\n|-supereffective|p1a: Incineroar|1\n|-damage|p1a: Incineroar|0 fnt\n|-damage|p1b: Gengar|0 fnt\n|faint|p1a: Incineroar\n|faint|p1b: Gengar\n|move|p2a: Kommo-o|Clangorous Soul|p2a: Kommo-o\n|-boost|p2a: Kommo-o|atk|1\n|-boost|p2a: Kommo-o|def|1\n|-boost|p2a: Kommo-o|spa|1\n|-boost|p2a: Kommo-o|spd|1\n|-boost|p2a: Kommo-o|spe|1\n|-damage|p2a: Kommo-o|68/100\n|\n|-weather|Sandstorm|[upkeep]\n|-damage|p2a: Kommo-o|62/100|[from] Sandstorm\n|-heal|p2a: Kommo-o|68/100|[from] item: Leftovers\n|-fieldend|move: Trick Room\n|upkeep\n|\n|t:|1776353389\n|switch|p1b: Basculegion|Basculegion, L50, M|1/100\n|switch|p1a: Politoed|Politoed, L50, M, shiny|100/100\n|-weather|RainDance|[from] ability: Drizzle|[of] p1a: Politoed\n|turn|6\n|\n|t:|1776353406\n|move|p2b: Tyranitar|Protect|p2b: Tyranitar\n|-singleturn|p2b: Tyranitar|Protect\n|move|p1b: Basculegion|Confuse Ray|p2b: Tyranitar\n|-activate|p2b: Tyranitar|move: Protect\n|move|p2a: Kommo-o|Clanging Scales|p1b: Basculegion|[spread] p1a,p1b\n|-damage|p1a: Politoed|56/100\n|-damage|p1b: Basculegion|0 fnt\n|faint|p1b: Basculegion\n|-unboost|p2a: Kommo-o|def|1\n|move|p1a: Politoed|Perish Song|p1a: Politoed\n|-start|p1a: Politoed|perish3|[silent]\n|-immune|p2a: Kommo-o|[from] ability: Soundproof\n|-start|p2b: Tyranitar|perish3|[silent]\n|-fieldactivate|move: Perish Song\n|\n|-weather|RainDance|[upkeep]\n|-heal|p2a: Kommo-o|74/100|[from] item: Leftovers\n|-start|p2b: Tyranitar|perish3\n|-start|p1a: Politoed|perish3\n|upkeep\n|turn|7\n|\n|t:|1776353429\n|move|p2a: Kommo-o|Clanging Scales|p1a: Politoed\n|-damage|p1a: Politoed|0 fnt\n|faint|p1a: Politoed\n|\n|win|TethysPersevere\n|raw|honeybeegirl122's rating: 1087 &rarr; <strong>1064</strong><br />(-23 for losing)\n|raw|TethysPersevere's rating: 1083 &rarr; <strong>1111</strong><br />(+28 for winning)\n",
  "uploadtime": 1776353434,
  "views": 30,
  "formatid": "gen9championsvgc2026regma",
  "rating": 1064,
  "private": 0,
  "password": null
}