{
  "id": "gen9championsvgc2026regma-2586291390",
  "format": "[Gen 9 Champions] VGC 2026 Reg M-A",
  "players": [
    "benjiapollo",
    "VGCx"
  ],
  "log": "|j|\u2606benjiapollo\n|j|\u203dVGCx\n|t:|1776421955\n|gametype|doubles\n|player|p1|benjiapollo|giovanni|1201\n|player|p2|VGCx|170|1188\n|gen|9\n|tier|[Gen 9 Champions] VGC 2026 Reg M-A\n|rated|\n|rule|Species Clause: Limit one of each Pok\u00e9mon\n|rule|Item Clause: Limit 1 of each item\n|clearpoke\n|poke|p1|Basculegion, L50, M|\n|poke|p1|Charizard, L50, F|\n|poke|p1|Kingambit, L50, F|\n|poke|p1|Sneasler, L50, F|\n|poke|p1|Venusaur, L50, M|\n|poke|p1|Talonflame, L50, F|\n|poke|p2|Hawlucha, L50, M|\n|poke|p2|Vanilluxe, L50, M|\n|poke|p2|Tauros-Paldea-Aqua, L50, M|\n|poke|p2|Aegislash, L50, M|\n|poke|p2|Talonflame, L50, M|\n|poke|p2|Milotic, L50, F|\n|teampreview|4\n|inactive|Battle timer is ON: inactive players will automatically lose when time's up. (requested by VGCx)\n|\n|t:|1776421984\n|teamsize|p1|4\n|teamsize|p2|4\n|start\n|switch|p1a: Talonflame|Talonflame, L50, F|100/100\n|switch|p1b: Charizard|Charizard, L50, F|100/100\n|switch|p2a: Tauros|Tauros-Paldea-Aqua, L50, M|100/100\n|switch|p2b: Vanilluxe|Vanilluxe, L50, M|100/100\n|-weather|Snowscape|[from] ability: Snow Warning|[of] p2b: Vanilluxe\n|turn|1\n|\n|t:|1776422008\n|detailschange|p1b: Charizard|Charizard-Mega-X, L50, F\n|-mega|p1b: Charizard|Charizard|Charizardite X\n|move|p1a: Talonflame|Brave Bird|p2a: Tauros\n|-supereffective|p2a: Tauros|1\n|-damage|p2a: Tauros|3/100\n|-damage|p1a: Talonflame|70/100|[from] Recoil\n|move|p2b: Vanilluxe|Frost Breath|p2a: Tauros|[miss]\n|-miss|p2b: Vanilluxe|p2a: Tauros\n|move|p1b: Charizard|Flare Blitz|p2b: Vanilluxe\n|-supereffective|p2b: Vanilluxe|1\n|-damage|p2b: Vanilluxe|0 fnt\n|faint|p2b: Vanilluxe\n|-damage|p1b: Charizard|62/100|[from] Recoil\n|move|p2a: Tauros|Rock Slide|p1a: Talonflame|[spread] p1a,p1b\n|-supereffective|p1a: Talonflame|2\n|-supereffective|p1b: Charizard|1\n|-damage|p1a: Talonflame|0 fnt\n|-damage|p1b: Charizard|23/100\n|faint|p1a: Talonflame\n|\n|-weather|Snowscape|[upkeep]\n|upkeep\n|\n|t:|1776422026\n|switch|p1a: Kingambit|Kingambit, L50, F|100/100\n|switch|p2b: Talonflame|Talonflame, L50, M|100/100\n|turn|2\n|\n|t:|1776422038\n|move|p1b: Charizard|Protect|p1b: Charizard\n|-singleturn|p1b: Charizard|Protect\n|move|p2a: Tauros|Aqua Jet|p1b: Charizard\n|-activate|p1b: Charizard|move: Protect\n|move|p1a: Kingambit|Sucker Punch||[still]\n|-fail|p1a: Kingambit\n|move|p2b: Talonflame|Tailwind|p2b: Talonflame\n|-sidestart|p2: VGCx|move: Tailwind\n|\n|-weather|Snowscape|[upkeep]\n|upkeep\n|turn|3\n|\n|t:|1776422057\n|switch|p1b: Basculegion|Basculegion, L50, M|100/100\n|move|p2b: Talonflame|Quick Guard|p2b: Talonflame\n|-singleturn|p2b: Talonflame|Quick Guard\n|move|p2a: Tauros|Close Combat|p1a: Kingambit\n|-supereffective|p1a: Kingambit|2\n|-damage|p1a: Kingambit|0 fnt\n|-unboost|p2a: Tauros|def|1\n|-unboost|p2a: Tauros|spd|1\n|faint|p1a: Kingambit\n|-enditem|p2a: Tauros|White Herb\n|-clearnegativeboost|p2a: Tauros|[silent]\n|\n|-weather|Snowscape|[upkeep]\n|upkeep\n|\n|t:|1776422069\n|switch|p1a: Charizard|Charizard-Mega-X, L50, F|23/100\n|turn|4\n|inactive|benjiapollo has 30 seconds left.\n|\n|t:|1776422095\n|move|p1a: Charizard|Protect|p1a: Charizard\n|-singleturn|p1a: Charizard|Protect\n|move|p2a: Tauros|Aqua Jet|p1a: Charizard\n|-activate|p1a: Charizard|move: Protect\n|move|p2b: Talonflame|Acrobatics|p1b: Basculegion\n|-damage|p1b: Basculegion|74/100\n|move|p1b: Basculegion|Wave Crash|p2b: Talonflame\n|-supereffective|p2b: Talonflame|1\n|-enditem|p2b: Talonflame|Focus Sash\n|-damage|p2b: Talonflame|1/100\n|-damage|p1b: Basculegion|48/100|[from] Recoil\n|\n|-weather|Snowscape|[upkeep]\n|upkeep\n|turn|5\n|inactive|VGCx has 30 seconds left.\n|inactive|VGCx has 20 seconds left.\n|\n|t:|1776422133\n|move|p2a: Tauros|Aqua Jet|p1a: Charizard\n|-damage|p1a: Charizard|3/100\n|move|p2b: Talonflame|Acrobatics|p1b: Basculegion\n|-damage|p1b: Basculegion|0 fnt\n|faint|p1b: Basculegion\n|move|p1a: Charizard|Dragon Claw|p2b: Talonflame\n|-damage|p2b: Talonflame|0 fnt\n|faint|p2b: Talonflame\n|\n|-weather|none\n|-sideend|p2: VGCx|move: Tailwind\n|upkeep\n|\n|t:|1776422135\n|switch|p2b: Hawlucha|Hawlucha, L50, M|100/100\n|turn|6\n|-message|benjiapollo forfeited.\n|\n|win|VGCx\n|raw|benjiapollo's rating: 1201 &rarr; <strong>1175</strong><br />(-26 for losing)\n|raw|VGCx's rating: 1188 &rarr; <strong>1214</strong><br />(+26 for winning)\n",
  "uploadtime": 1776422147,
  "views": 29,
  "formatid": "gen9championsvgc2026regma",
  "rating": 1175,
  "private": 0,
  "password": null
}