{
  "id": "gen9championsvgc2026regma-2584856569",
  "format": "[Gen 9 Champions] VGC 2026 Reg M-A",
  "players": [
    "mimiat",
    "NickPlayeZ"
  ],
  "log": "|j|\u2606mimiat\n|j|\u2606NickPlayeZ\n|t:|1776289072\n|gametype|doubles\n|player|p1|mimiat|cress|1305\n|player|p2|NickPlayeZ|emmet|1304\n|gen|9\n|tier|[Gen 9 Champions] VGC 2026 Reg M-A\n|rated|\n|rule|Species Clause: Limit one of each Pok\u00e9mon\n|rule|Item Clause: Limit 1 of each item\n|clearpoke\n|poke|p1|Lopunny, L50, M|\n|poke|p1|Aerodactyl, L50, F|\n|poke|p1|Farigiraf, L50, F|\n|poke|p1|Milotic, L50, F|\n|poke|p1|Meowscarada, L50, F|\n|poke|p1|Aegislash, L50, F|\n|poke|p2|Meganium, L50, M|\n|poke|p2|Aggron, L50, M|\n|poke|p2|Farigiraf, L50, F|\n|poke|p2|Incineroar, L50, M|\n|poke|p2|Pelipper, L50, F|\n|poke|p2|Basculegion, L50, M|\n|teampreview|4\n|\n|t:|1776289144\n|teamsize|p1|4\n|teamsize|p2|4\n|start\n|switch|p1a: Milotic|Milotic, L50, F|100/100\n|switch|p1b: Lopunny|Lopunny, L50, M|100/100\n|switch|p2a: Pelipper|Pelipper, L50, F, shiny|100/100\n|switch|p2b: Basculegion|Basculegion, L50, M|100/100\n|-weather|RainDance|[from] ability: Drizzle|[of] p2a: Pelipper\n|turn|1\n|\n|t:|1776289171\n|detailschange|p1b: Lopunny|Lopunny-Mega, L50, M\n|-mega|p1b: Lopunny|Lopunny|Lopunnite\n|move|p1b: Lopunny|Fake Out|p2b: Basculegion\n|-damage|p2b: Basculegion|74/100\n|cant|p2b: Basculegion|flinch\n|move|p2a: Pelipper|Tailwind|p2a: Pelipper\n|-sidestart|p2: NickPlayeZ|move: Tailwind\n|move|p1a: Milotic|Icy Wind|p2b: Basculegion|[spread] p2a,p2b\n|-resisted|p2b: Basculegion|1\n|-damage|p2a: Pelipper|85/100\n|-damage|p2b: Basculegion|67/100\n|-unboost|p2a: Pelipper|spe|1\n|-unboost|p2b: Basculegion|spe|1\n|\n|-weather|RainDance|[upkeep]\n|upkeep\n|turn|2\n|\n|t:|1776289197\n|move|p1b: Lopunny|Protect|p1b: Lopunny\n|-singleturn|p1b: Lopunny|Protect\n|move|p2b: Basculegion|Wave Crash|p1b: Lopunny\n|-activate|p1b: Lopunny|move: Protect\n|move|p2a: Pelipper|Hurricane|p1b: Lopunny\n|-activate|p1b: Lopunny|move: Protect\n|move|p1a: Milotic|Icy Wind|p2b: Basculegion|[spread] p2a,p2b\n|-resisted|p2b: Basculegion|1\n|-crit|p2b: Basculegion\n|-damage|p2a: Pelipper|69/100\n|-damage|p2b: Basculegion|56/100\n|-unboost|p2a: Pelipper|spe|1\n|-unboost|p2b: Basculegion|spe|1\n|\n|-weather|RainDance|[upkeep]\n|upkeep\n|turn|3\n|\n|t:|1776289210\n|switch|p1b: Aegislash|Aegislash, L50, F|100/100\n|move|p2b: Basculegion|Wave Crash|p1b: Aegislash\n|-damage|p1b: Aegislash|13/100\n|-damage|p2b: Basculegion|32/100|[from] Recoil\n|move|p1a: Milotic|Icy Wind|p2a: Pelipper|[spread] p2a,p2b\n|-resisted|p2b: Basculegion|1\n|-damage|p2a: Pelipper|53/100\n|-damage|p2b: Basculegion|25/100\n|-unboost|p2a: Pelipper|spe|1\n|-unboost|p2b: Basculegion|spe|1\n|move|p2a: Pelipper|Hurricane|p1b: Aegislash\n|-resisted|p1b: Aegislash|1\n|-damage|p1b: Aegislash|0 fnt\n|faint|p1b: Aegislash\n|\n|-weather|RainDance|[upkeep]\n|upkeep\n|\n|t:|1776289219\n|switch|p1b: Meowscarada|Meowscarada, L50, F|100/100\n|turn|4\n|\n|t:|1776289242\n|switch|p2b: Meganium|Meganium, L50, M|100/100\n|move|p1b: Meowscarada|Flower Trick|p2a: Pelipper\n|-start|p1b: Meowscarada|typechange|Grass|[from] ability: Protean\n|-crit|p2a: Pelipper\n|-damage|p2a: Pelipper|0 fnt\n|faint|p2a: Pelipper\n|move|p1a: Milotic|Scald|p2b: Meganium\n|-resisted|p2b: Meganium|1\n|-damage|p2b: Meganium|77/100\n|\n|-weather|RainDance|[upkeep]\n|-sideend|p2: NickPlayeZ|move: Tailwind\n|upkeep\n|\n|t:|1776289254\n|switch|p2a: Karlo|Incineroar, L50, M|100/100\n|-ability|p2a: Karlo|Intimidate|boost\n|-unboost|p1a: Milotic|atk|1\n|-ability|p1a: Milotic|Competitive|boost\n|-boost|p1a: Milotic|spa|2\n|-unboost|p1b: Meowscarada|atk|1\n|turn|5\n|\n|t:|1776289262\n|switch|p1b: Lopunny|Lopunny-Mega, L50, M|100/100\n|detailschange|p2b: Meganium|Meganium-Mega, L50, M\n|-mega|p2b: Meganium|Meganium|Meganiumite\n|move|p1a: Milotic|Protect|p1a: Milotic\n|-singleturn|p1a: Milotic|Protect\n|move|p2b: Meganium|Solar Beam||[still]\n|-prepare|p2b: Meganium|Solar Beam\n|-activate|p2b: Meganium|ability: Mega Sol\n|-anim|p2b: Meganium|Solar Beam|p1a: Milotic\n|-activate|p1a: Milotic|move: Protect\n|move|p2a: Karlo|Parting Shot|p1b: Lopunny\n|-unboost|p1b: Lopunny|atk|1\n|-unboost|p1b: Lopunny|spa|1\n|\n|t:|1776289266\n|switch|p2a: Basculegion|Basculegion, L50, M|25/100|[from] Parting Shot\n|\n|-weather|none\n|upkeep\n|turn|6\n|\n|t:|1776289286\n|move|p2a: Basculegion|Wave Crash|p1b: Lopunny\n|-damage|p1b: Lopunny|0 fnt\n|faint|p1b: Lopunny\n|-damage|p2a: Basculegion|2/100|[from] Recoil\n|move|p2b: Meganium|Solar Beam||[still]\n|-prepare|p2b: Meganium|Solar Beam\n|-activate|p2b: Meganium|ability: Mega Sol\n|-anim|p2b: Meganium|Solar Beam|p1a: Milotic\n|-supereffective|p1a: Milotic|1\n|-damage|p1a: Milotic|8/100\n|move|p1a: Milotic|Icy Wind|p2a: Basculegion|[spread] p2b\n|-miss|p1a: Milotic|p2a: Basculegion\n|-supereffective|p2b: Meganium|1\n|-damage|p2b: Meganium|35/100\n|-unboost|p2b: Meganium|spe|1\n|\n|-heal|p1a: Milotic|14/100|[from] item: Leftovers\n|upkeep\n|\n|t:|1776289293\n|switch|p1b: Meowscarada|Meowscarada, L50, F|100/100\n|turn|7\n|\n|t:|1776289314\n|switch|p2a: Karlo|Incineroar, L50, M|100/100\n|-ability|p2a: Karlo|Intimidate|boost\n|-unboost|p1a: Milotic|atk|1\n|-ability|p1a: Milotic|Competitive|boost\n|-boost|p1a: Milotic|spa|2\n|-unboost|p1b: Meowscarada|atk|1\n|move|p1b: Meowscarada|Flower Trick|p2a: Karlo\n|-start|p1b: Meowscarada|typechange|Grass|[from] ability: Protean\n|-resisted|p2a: Karlo|1\n|-crit|p2a: Karlo\n|-damage|p2a: Karlo|76/100\n|move|p1a: Milotic|Ice Beam|p2b: Meganium\n|-supereffective|p2b: Meganium|1\n|-damage|p2b: Meganium|0 fnt\n|faint|p2b: Meganium\n|\n|-heal|p1a: Milotic|20/100|[from] item: Leftovers\n|upkeep\n|\n|t:|1776289317\n|switch|p2b: Basculegion|Basculegion, L50, M|2/100\n|turn|8\n|\n|t:|1776289339\n|move|p1a: Milotic|Protect|p1a: Milotic\n|-singleturn|p1a: Milotic|Protect\n|move|p1b: Meowscarada|Flower Trick|p2b: Basculegion\n|-supereffective|p2b: Basculegion|1\n|-crit|p2b: Basculegion\n|-damage|p2b: Basculegion|0 fnt\n|faint|p2b: Basculegion\n|move|p2a: Karlo|Darkest Lariat|p1a: Milotic\n|-activate|p1a: Milotic|move: Protect\n|\n|-heal|p1a: Milotic|26/100|[from] item: Leftovers\n|upkeep\n|turn|9\n|c|\u2606NickPlayeZ|scarf meow???\n|c|\u2606NickPlayeZ|tf\n|\n|t:|1776289349\n|move|p1b: Meowscarada|Flower Trick|p2a: Karlo\n|-resisted|p2a: Karlo|1\n|-crit|p2a: Karlo\n|-damage|p2a: Karlo|52/100\n|move|p1a: Milotic|Scald|p2a: Karlo\n|-supereffective|p2a: Karlo|1\n|-damage|p2a: Karlo|0 fnt\n|faint|p2a: Karlo\n|\n|win|mimiat\n|raw|mimiat's rating: 1305 &rarr; <strong>1325</strong><br />(+20 for winning)\n|raw|NickPlayeZ's rating: 1304 &rarr; <strong>1284</strong><br />(-20 for losing)\n|l|\u2606NickPlayeZ\n|player|p2|\n|c|\u2606mimiat|Ye\n",
  "uploadtime": 1776289358,
  "views": 34,
  "formatid": "gen9championsvgc2026regma",
  "rating": 1284,
  "private": 0,
  "password": null
}