{
  "id": "gen9championsvgc2026regma-2583504966",
  "format": "[Gen 9 Champions] VGC 2026 Reg M-A",
  "players": [
    "Trick Room Tristan",
    "chimecholover96"
  ],
  "log": "|j|\u2606Trick Room Tristan\n|j|\u2606chimecholover96\n|t:|1776179876\n|gametype|doubles\n|player|p1|Trick Room Tristan|caitlin-masters|1259\n|player|p2|chimecholover96|2|1203\n|gen|9\n|tier|[Gen 9 Champions] VGC 2026 Reg M-A\n|rated|\n|rule|Species Clause: Limit one of each Pok\u00e9mon\n|rule|Item Clause: Limit 1 of each item\n|clearpoke\n|poke|p1|Floette-Eternal, L50, F|\n|poke|p1|Maushold, L50|\n|poke|p1|Garchomp, L50, M|\n|poke|p1|Talonflame, L50, F|\n|poke|p1|Rotom-Wash, L50|\n|poke|p1|Aegislash, L50, F|\n|poke|p2|Chimecho, L50, M|\n|poke|p2|Incineroar, L50, M|\n|poke|p2|Archaludon, L50, M|\n|poke|p2|Basculegion, L50, M|\n|poke|p2|Politoed, L50, F|\n|poke|p2|Sinistcha, L50|\n|teampreview|4\n|inactive|Battle timer is ON: inactive players will automatically lose when time's up. (requested by Trick Room Tristan)\n|inactive|chimecholover96 has 60 seconds left.\n|\n|t:|1776179928\n|teamsize|p1|4\n|teamsize|p2|4\n|start\n|switch|p1a: Maushold|Maushold, L50|100/100\n|switch|p1b: Floette|Floette-Eternal, L50, F|100/100\n|switch|p2a: Chimecho|Chimecho, L50, M|100/100\n|switch|p2b: Basculegion|Basculegion, L50, M|100/100\n|turn|1\n|\n|t:|1776179944\n|detailschange|p1b: Floette|Floette-Mega, L50, F\n|-mega|p1b: Floette|Floette|Floettite\n|-ability|p1b: Floette|Fairy Aura\n|detailschange|p2a: Chimecho|Chimecho-Mega, L50, M\n|-mega|p2a: Chimecho|Chimecho|Chimechite\n|move|p1a: Maushold|Follow Me|p1a: Maushold\n|-singleturn|p1a: Maushold|move: Follow Me\n|move|p2b: Basculegion|Wave Crash|p1a: Maushold\n|-enditem|p1a: Maushold|Focus Sash\n|-damage|p1a: Maushold|1/100\n|-damage|p2b: Basculegion|71/100|[from] Recoil\n|move|p1b: Floette|Calm Mind|p1b: Floette\n|-boost|p1b: Floette|spa|1\n|-boost|p1b: Floette|spd|1\n|move|p2a: Chimecho|Calm Mind|p2a: Chimecho\n|-boost|p2a: Chimecho|spa|1\n|-boost|p2a: Chimecho|spd|1\n|\n|upkeep\n|turn|2\n|inactive|chimecholover96 has 30 seconds left.\n|inactive|Trick Room Tristan has 30 seconds left.\n|inactive|chimecholover96 has 20 seconds left.\n|\n|t:|1776179980\n|move|p1a: Maushold|Follow Me|p1a: Maushold\n|-singleturn|p1a: Maushold|move: Follow Me\n|move|p2b: Basculegion|Wave Crash|p1a: Maushold\n|-damage|p1a: Maushold|0 fnt\n|faint|p1a: Maushold\n|-damage|p2b: Basculegion|70/100|[from] Recoil\n|move|p1b: Floette|Moonblast|p2b: Basculegion\n|-damage|p2b: Basculegion|0 fnt\n|faint|p2b: Basculegion\n|move|p2a: Chimecho|Substitute|p2a: Chimecho\n|-start|p2a: Chimecho|Substitute\n|-damage|p2a: Chimecho|76/100\n|\n|upkeep\n|\n|t:|1776179999\n|switch|p1a: Garchomp|Garchomp, L50, M|100/100\n|switch|p2b: Politoed|Politoed, L50, F, shiny|100/100\n|-weather|RainDance|[from] ability: Drizzle|[of] p2b: Politoed\n|turn|3\n|\n|t:|1776180008\n|move|p1b: Floette|Protect|p1b: Floette\n|-singleturn|p1b: Floette|Protect\n|move|p1a: Garchomp|Earthquake|p2b: Politoed|[spread] p2b\n|-activate|p1b: Floette|move: Protect\n|-immune|p2a: Chimecho|[from] ability: Levitate\n|-damage|p2b: Politoed|45/100\n|move|p2b: Politoed|Ice Beam|p1a: Garchomp\n|-supereffective|p1a: Garchomp|2\n|-damage|p1a: Garchomp|14/100\n|move|p2a: Chimecho|Calm Mind|p2a: Chimecho\n|-boost|p2a: Chimecho|spa|1\n|-boost|p2a: Chimecho|spd|1\n|\n|-weather|RainDance|[upkeep]\n|-heal|p2b: Politoed|51/100|[from] item: Leftovers\n|upkeep\n|turn|4\n|\n|t:|1776180026\n|switch|p2b: Sinistcha|Sinistcha, L50|100/100\n|-heal|p2a: Chimecho|100/100|[from] ability: Hospitality|[of] p2b: Sinistcha\n|move|p1a: Garchomp|Stomping Tantrum|p2b: Sinistcha\n|-resisted|p2b: Sinistcha|1\n|-damage|p2b: Sinistcha|84/100\n|move|p1b: Floette|Moonblast|p2a: Chimecho\n|-resisted|p2a: Chimecho|1\n|-end|p2a: Chimecho|Substitute\n|move|p2a: Chimecho|Boomburst|p1a: Garchomp|[spread] p1a,p1b\n|-immune|p2b: Sinistcha\n|-damage|p1a: Garchomp|0 fnt\n|-damage|p1b: Floette|61/100\n|faint|p1a: Garchomp\n|\n|-weather|RainDance|[upkeep]\n|upkeep\n|\n|t:|1776180046\n|switch|p1a: Rotom|Rotom-Wash, L50|100/100\n|turn|5\n|\n|t:|1776180064\n|move|p2b: Sinistcha|Rage Powder|p2b: Sinistcha\n|-singleturn|p2b: Sinistcha|move: Rage Powder\n|move|p1b: Floette|Dazzling Gleam|p2b: Sinistcha|[spread] p2a,p2b\n|-resisted|p2a: Chimecho|1\n|-damage|p2a: Chimecho|86/100\n|-damage|p2b: Sinistcha|0 fnt\n|faint|p2b: Sinistcha\n|move|p1a: Rotom|Thunderbolt|p2a: Chimecho\n|-damage|p2a: Chimecho|67/100\n|-status|p2a: Chimecho|par\n|move|p2a: Chimecho|Boomburst|p1b: Floette|[spread] p1a,p1b\n|-damage|p1a: Rotom|8/100\n|-damage|p1b: Floette|22/100\n|-enditem|p1a: Rotom|Sitrus Berry|[eat]\n|-heal|p1a: Rotom|32/100|[from] item: Sitrus Berry\n|\n|-weather|RainDance|[upkeep]\n|upkeep\n|\n|t:|1776180073\n|switch|p2b: Politoed|Politoed, L50, F, shiny|51/100\n|turn|6\n|\n|t:|1776180081\n|move|p1b: Floette|Protect|p1b: Floette\n|-singleturn|p1b: Floette|Protect\n|move|p2b: Politoed|Protect|p2b: Politoed\n|-singleturn|p2b: Politoed|Protect\n|move|p1a: Rotom|Thunderbolt|p2b: Politoed\n|-activate|p2b: Politoed|move: Protect\n|move|p2a: Chimecho|Boomburst|p1b: Floette|[spread] p1a\n|-activate|p2b: Politoed|move: Protect\n|-activate|p1b: Floette|move: Protect\n|-damage|p1a: Rotom|0 fnt\n|faint|p1a: Rotom\n|\n|-weather|RainDance|[upkeep]\n|-heal|p2b: Politoed|57/100|[from] item: Leftovers\n|upkeep\n|turn|7\n|\n|t:|1776180095\n|move|p1b: Floette|Moonblast|p2a: Chimecho\n|-resisted|p2a: Chimecho|1\n|-crit|p2a: Chimecho\n|-damage|p2a: Chimecho|0 fnt\n|faint|p2a: Chimecho\n|move|p2b: Politoed|Weather Ball|p1b: Floette\n|-damage|p1b: Floette|0 fnt\n|faint|p1b: Floette\n|\n|win|chimecholover96\n|raw|Trick Room Tristan's rating: 1259 &rarr; <strong>1230</strong><br />(-29 for losing)\n|raw|chimecholover96's rating: 1203 &rarr; <strong>1232</strong><br />(+29 for winning)\n",
  "uploadtime": 1776180101,
  "views": 19,
  "formatid": "gen9championsvgc2026regma",
  "rating": 1230,
  "private": 0,
  "password": null
}