{
  "id": "gen9championsvgc2026regma-2586619679",
  "format": "[Gen 9 Champions] VGC 2026 Reg M-A",
  "players": [
    "PepperoniJames",
    "Thatboydin"
  ],
  "log": "|j|\u2606PepperoniJames\n|j|\u2606Thatboydin\n|t:|1776447336\n|gametype|doubles\n|player|p1|PepperoniJames|1|1019\n|player|p2|Thatboydin|aromalady|1065\n|gen|9\n|tier|[Gen 9 Champions] VGC 2026 Reg M-A\n|rated|\n|rule|Species Clause: Limit one of each Pok\u00e9mon\n|rule|Item Clause: Limit 1 of each item\n|clearpoke\n|poke|p1|Vanilluxe, L50, M|\n|poke|p1|Incineroar, L50, F|\n|poke|p1|Hawlucha, L50, M|\n|poke|p1|Glaceon, L50, F|\n|poke|p1|Oranguru, L50, F|\n|poke|p1|Tyrantrum, L50, F|\n|poke|p2|Archaludon, L50, F|\n|poke|p2|Zoroark-Hisui, L50, M|\n|poke|p2|Crabominable, L50, M|\n|poke|p2|Farigiraf, L50, F|\n|poke|p2|Scovillain, L50, F|\n|poke|p2|Incineroar, L50, M|\n|teampreview|4\n|\n|t:|1776447388\n|teamsize|p1|4\n|teamsize|p2|4\n|start\n|switch|p1a: Vanilluxe|Vanilluxe, L50, M|100/100\n|switch|p1b: Glaceon|Glaceon, L50, F|100/100\n|switch|p2a: BIG MAMA!!!|Farigiraf, L50, F, shiny|100/100\n|switch|p2b: Eugene Krabs|Crabominable, L50, M, shiny|100/100\n|-weather|Snowscape|[from] ability: Snow Warning|[of] p1a: Vanilluxe\n|turn|1\n|\n|t:|1776447417\n|detailschange|p2b: Eugene Krabs|Crabominable-Mega, L50, M, shiny\n|-mega|p2b: Eugene Krabs|Crabominable|Crabominite\n|move|p1b: Glaceon|Blizzard|p2a: BIG MAMA!!!|[spread] p2a,p2b\n|-resisted|p2b: Eugene Krabs|1\n|-damage|p2a: BIG MAMA!!!|53/100\n|-damage|p2b: Eugene Krabs|80/100\n|-status|p2a: BIG MAMA!!!|frz\n|move|p1a: Vanilluxe|Aurora Veil|p1a: Vanilluxe\n|-sidestart|p1: PepperoniJames|move: Aurora Veil\n|move|p2b: Eugene Krabs|Drain Punch|p1b: Glaceon\n|-supereffective|p1b: Glaceon|1\n|-damage|p1b: Glaceon|43/100\n|-heal|p2b: Eugene Krabs|99/100|[from] drain|[of] p1b: Glaceon\n|cant|p2a: BIG MAMA!!!|frz\n|\n|-weather|Snowscape|[upkeep]\n|upkeep\n|turn|2\n|\n|t:|1776447454\n|switch|p2a: HIMcineroar|Incineroar, L50, M|100/100\n|-ability|p2a: HIMcineroar|Intimidate|boost\n|-unboost|p1a: Vanilluxe|atk|1\n|-unboost|p1b: Glaceon|atk|1\n|move|p1b: Glaceon|Blizzard|p2b: Eugene Krabs|[spread] p2a,p2b\n|-resisted|p2a: HIMcineroar|1\n|-resisted|p2b: Eugene Krabs|1\n|-damage|p2a: HIMcineroar|82/100\n|-damage|p2b: Eugene Krabs|81/100\n|-status|p2a: HIMcineroar|frz\n|move|p1a: Vanilluxe|Blizzard|p2a: HIMcineroar|[spread] p2a,p2b\n|-resisted|p2a: HIMcineroar|1\n|-resisted|p2b: Eugene Krabs|1\n|-damage|p2a: HIMcineroar|69/100 frz\n|-damage|p2b: Eugene Krabs|69/100\n|move|p2b: Eugene Krabs|Knock Off|p1a: Vanilluxe\n|-damage|p1a: Vanilluxe|83/100\n|-enditem|p1a: Vanilluxe|Occa Berry|[from] move: Knock Off|[of] p2b: Eugene Krabs\n|\n|-weather|Snowscape|[upkeep]\n|upkeep\n|turn|3\n|\n|t:|1776447486\n|switch|p1a: Hawlucha|Hawlucha, L50, M|100/100\n|-ability|p1a: Hawlucha|Mold Breaker\n|move|p1b: Glaceon|Blizzard|p2a: HIMcineroar|[spread] p2a,p2b\n|-resisted|p2a: HIMcineroar|1\n|-resisted|p2b: Eugene Krabs|1\n|-damage|p2a: HIMcineroar|50/100 frz\n|-damage|p2b: Eugene Krabs|49/100\n|-curestatus|p2a: HIMcineroar|frz|[from] move: Flare Blitz\n|move|p2a: HIMcineroar|Flare Blitz|p1b: Glaceon\n|-supereffective|p1b: Glaceon|1\n|-damage|p1b: Glaceon|0 fnt\n|faint|p1b: Glaceon\n|-damage|p2a: HIMcineroar|41/100|[from] Recoil\n|move|p2b: Eugene Krabs|Drain Punch|p1a: Hawlucha\n|-resisted|p1a: Hawlucha|1\n|-damage|p1a: Hawlucha|80/100\n|-heal|p2b: Eugene Krabs|58/100|[from] drain|[of] p1a: Hawlucha\n|\n|-weather|Snowscape|[upkeep]\n|upkeep\n|\n|t:|1776447510\n|switch|p1b: Vanilluxe|Vanilluxe, L50, M|83/100\n|turn|4\n|\n|t:|1776447533\n|switch|p2a: BIG MAMA!!!|Farigiraf, L50, F, shiny|53/100 frz\n|detailschange|p1a: Hawlucha|Hawlucha-Mega, L50, M\n|-mega|p1a: Hawlucha|Hawlucha|Hawluchanite\n|move|p1a: Hawlucha|Close Combat|p2b: Eugene Krabs\n|-supereffective|p2b: Eugene Krabs|1\n|-damage|p2b: Eugene Krabs|7/100\n|-unboost|p1a: Hawlucha|def|1\n|-unboost|p1a: Hawlucha|spd|1\n|move|p1b: Vanilluxe|Blizzard|p2a: BIG MAMA!!!|[spread] p2a,p2b\n|-resisted|p2b: Eugene Krabs|1\n|-damage|p2a: BIG MAMA!!!|23/100 frz\n|-damage|p2b: Eugene Krabs|0 fnt\n|faint|p2b: Eugene Krabs\n|\n|-weather|Snowscape|[upkeep]\n|upkeep\n|\n|t:|1776447547\n|switch|p2b: HIMcineroar|Incineroar, L50, M|41/100\n|-ability|p2b: HIMcineroar|Intimidate|boost\n|-unboost|p1a: Hawlucha|atk|1\n|-unboost|p1b: Vanilluxe|atk|1\n|turn|5\n|\n|t:|1776447561\n|move|p1a: Hawlucha|Close Combat|p2b: HIMcineroar\n|-supereffective|p2b: HIMcineroar|1\n|-enditem|p2b: HIMcineroar|Chople Berry|[eat]\n|-enditem|p2b: HIMcineroar|Chople Berry|[weaken]\n|-damage|p2b: HIMcineroar|9/100\n|-unboost|p1a: Hawlucha|def|1\n|-unboost|p1a: Hawlucha|spd|1\n|move|p1b: Vanilluxe|Blizzard|p2a: BIG MAMA!!!|[spread] p2a,p2b\n|-resisted|p2b: HIMcineroar|1\n|-damage|p2a: BIG MAMA!!!|0 fnt\n|-damage|p2b: HIMcineroar|0 fnt\n|faint|p2a: BIG MAMA!!!\n|faint|p2b: HIMcineroar\n|\n|-weather|none\n|-sideend|p1: PepperoniJames|move: Aurora Veil\n|upkeep\n|\n|t:|1776447570\n|switch|p2b: Zydrunas|Zoroark-Hisui, L50, M, shiny|100/100\n|turn|6\n|\n|t:|1776447588\n|switch|p1b: Tyrantrum|Tyrantrum, L50, F|100/100\n|move|p1a: Hawlucha|Protect|p1a: Hawlucha\n|-singleturn|p1a: Hawlucha|Protect\n|move|p2b: Zydrunas|Hyper Voice|p1b: Tyrantrum|[spread] p1b\n|-activate|p1a: Hawlucha|move: Protect\n|-resisted|p1b: Tyrantrum|1\n|-damage|p1b: Tyrantrum|80/100\n|\n|upkeep\n|turn|7\n|\n|t:|1776447610\n|switch|p1a: Vanilluxe|Vanilluxe, L50, M|83/100\n|-weather|Snowscape|[from] ability: Snow Warning|[of] p1a: Vanilluxe\n|move|p2b: Zydrunas|Hyper Voice|p1b: Tyrantrum|[spread] p1a,p1b\n|-resisted|p1b: Tyrantrum|1\n|-damage|p1a: Vanilluxe|52/100\n|-damage|p1b: Tyrantrum|59/100\n|move|p1b: Tyrantrum|Crunch|p2b: Zydrunas\n|-supereffective|p2b: Zydrunas|1\n|-damage|p2b: Zydrunas|0 fnt\n|faint|p2b: Zydrunas\n|\n|win|PepperoniJames\n|raw|PepperoniJames's rating: 1019 &rarr; <strong>1061</strong><br />(+42 for winning)\n|raw|Thatboydin's rating: 1065 &rarr; <strong>1043</strong><br />(-22 for losing)\n",
  "uploadtime": 1776447612,
  "views": 24,
  "formatid": "gen9championsvgc2026regma",
  "rating": 1043,
  "private": 0,
  "password": null
}