{
  "id": "gen9championsvgc2026regma-2583906090",
  "format": "[Gen 9 Champions] VGC 2026 Reg M-A",
  "players": [
    "The Carkol Rider",
    "thetwinkprint"
  ],
  "log": "|j|\u2606The Carkol Rider\n|j|\u2606thetwinkprint\n|t:|1776207150\n|gametype|doubles\n|player|p1|The Carkol Rider|grimsley|1124\n|player|p2|thetwinkprint|265|1216\n|gen|9\n|tier|[Gen 9 Champions] VGC 2026 Reg M-A\n|rated|\n|rule|Species Clause: Limit one of each Pok\u00e9mon\n|rule|Item Clause: Limit 1 of each item\n|clearpoke\n|poke|p1|Floette-Eternal, L50, F|\n|poke|p1|Maushold, L50|\n|poke|p1|Garchomp, L50, M|\n|poke|p1|Talonflame, L50, M|\n|poke|p1|Rotom-Wash, L50|\n|poke|p1|Aegislash, L50, F|\n|poke|p2|Froslass, L50, F|\n|poke|p2|Armarouge, L50, M|\n|poke|p2|Milotic, L50, F|\n|poke|p2|Whimsicott, L50, F|\n|poke|p2|Rotom-Frost, L50|\n|poke|p2|Palafin, L50, M|\n|teampreview|4\n|inactive|Battle timer is ON: inactive players will automatically lose when time's up. (requested by thetwinkprint)\n|j| CloudySkies17695\n|j| LanternComic\n|inactive|thetwinkprint has 60 seconds left.\n|inactive|The Carkol Rider has 60 seconds left.\n|\n|t:|1776207200\n|teamsize|p1|4\n|teamsize|p2|4\n|start\n|switch|p1a: Floette|Floette-Eternal, L50, F|100/100\n|switch|p1b: Maushold|Maushold, L50|100/100\n|switch|p2a: Palafin|Palafin, L50, M, shiny|100/100\n|switch|p2b: Whimsicott|Whimsicott, L50, F, shiny|100/100\n|turn|1\n|\n|t:|1776207218\n|detailschange|p1a: Floette|Floette-Mega, L50, F\n|-mega|p1a: Floette|Floette|Floettite\n|-ability|p1a: Floette|Fairy Aura\n|move|p1b: Maushold|Follow Me|p1b: Maushold\n|-singleturn|p1b: Maushold|move: Follow Me\n|move|p2b: Whimsicott|Tailwind|p2b: Whimsicott\n|-sidestart|p2: thetwinkprint|move: Tailwind\n|move|p2a: Palafin|Flip Turn|p1b: Maushold\n|-damage|p1b: Maushold|72/100\n|\n|t:|1776207231\n|detailschange|p2a: Palafin|Palafin-Hero, L50, M, shiny\n|switch|p2a: Rotom|Rotom-Frost, L50, shiny|100/100|[from] Flip Turn\n|move|p1a: Floette|Calm Mind|p1a: Floette\n|-boost|p1a: Floette|spa|1\n|-boost|p1a: Floette|spd|1\n|\n|upkeep\n|turn|2\n|\n|t:|1776207248\n|move|p2a: Rotom|Protect|p2a: Rotom\n|-singleturn|p2a: Rotom|Protect\n|move|p1b: Maushold|Follow Me|p1b: Maushold\n|-singleturn|p1b: Maushold|move: Follow Me\n|move|p2b: Whimsicott|Encore|p1b: Maushold\n|-start|p1b: Maushold|Encore\n|move|p1a: Floette|Dazzling Gleam|p2a: Rotom|[spread] p2b\n|-activate|p2a: Rotom|move: Protect\n|-enditem|p2b: Whimsicott|Focus Sash\n|-damage|p2b: Whimsicott|1/100\n|\n|upkeep\n|turn|3\n|\n|t:|1776207267\n|move|p1b: Maushold|Follow Me|p1b: Maushold\n|-singleturn|p1b: Maushold|move: Follow Me\n|move|p2b: Whimsicott|Endeavor|p1b: Maushold\n|-damage|p1b: Maushold|1/100\n|move|p2a: Rotom|Will-O-Wisp|p1b: Maushold\n|-status|p1b: Maushold|brn\n|move|p1a: Floette|Dazzling Gleam|p2b: Whimsicott|[spread] p2a,p2b\n|-damage|p2a: Rotom|0 fnt\n|-damage|p2b: Whimsicott|0 fnt\n|faint|p2a: Rotom\n|faint|p2b: Whimsicott\n|\n|-damage|p1b: Maushold|0 fnt|[from] brn\n|faint|p1b: Maushold\n|upkeep\n|\n|t:|1776207281\n|switch|p2b: Palafin|Palafin-Hero, L50, M, shiny|100/100\n|switch|p1b: Talonflame|Talonflame, L50, M|100/100\n|switch|p2a: Froslass|Froslass, L50, F, shiny|100/100\n|-activate|p2b: Palafin|ability: Zero to Hero\n|turn|4\n|\n|t:|1776207294\n|detailschange|p2a: Froslass|Froslass-Mega, L50, F, shiny\n|-mega|p2a: Froslass|Froslass|Froslassite\n|-weather|Snowscape|[from] ability: Snow Warning|[of] p2a: Froslass\n|move|p1b: Talonflame|Protect|p1b: Talonflame\n|-singleturn|p1b: Talonflame|Protect\n|move|p1a: Floette|Protect|p1a: Floette\n|-singleturn|p1a: Floette|Protect\n|move|p2b: Palafin|Jet Punch|p1a: Floette\n|-activate|p1a: Floette|move: Protect\n|move|p2a: Froslass|Blizzard|p1a: Floette|[spread] \n|-activate|p1a: Floette|move: Protect\n|-activate|p1b: Talonflame|move: Protect\n|\n|-weather|Snowscape|[upkeep]\n|-sideend|p2: thetwinkprint|move: Tailwind\n|upkeep\n|turn|5\n|\n|t:|1776207312\n|move|p2b: Palafin|Jet Punch|p1a: Floette\n|-damage|p1a: Floette|54/100\n|move|p1b: Talonflame|Tailwind|p1b: Talonflame\n|-sidestart|p1: The Carkol Rider|move: Tailwind\n|move|p1a: Floette|Moonblast|p2b: Palafin\n|-damage|p2b: Palafin|0 fnt\n|faint|p2b: Palafin\n|move|p2a: Froslass|Blizzard|p1a: Floette|[spread] p1a,p1b\n|-damage|p1a: Floette|32/100\n|-damage|p1b: Talonflame|36/100\n|-status|p1a: Floette|frz\n|\n|-weather|Snowscape|[upkeep]\n|upkeep\n|turn|6\n|\n|t:|1776207324\n|move|p1b: Talonflame|Flare Blitz|p2a: Froslass\n|-supereffective|p2a: Froslass|1\n|-damage|p2a: Froslass|0 fnt\n|faint|p2a: Froslass\n|-damage|p1b: Talonflame|5/100|[from] Recoil\n|\n|win|The Carkol Rider\n|raw|The Carkol Rider's rating: 1124 &rarr; <strong>1155</strong><br />(+31 for winning)\n|raw|thetwinkprint's rating: 1216 &rarr; <strong>1185</strong><br />(-31 for losing)\n|l|\u2606thetwinkprint\n|player|p2|\n|l|\u2606The Carkol Rider\n|player|p1|\n|l| LanternComic\n|j|\u2606The Carkol Rider\n|player|p1|The Carkol Rider|grimsley|\n|l|\u2606The Carkol Rider\n|player|p1|\n",
  "uploadtime": 1776207447,
  "views": 15,
  "formatid": "gen9championsvgc2026regma",
  "rating": 1155,
  "private": 0,
  "password": null
}