{
  "id": "gen9championsvgc2026regma-2584513573",
  "format": "[Gen 9 Champions] VGC 2026 Reg M-A",
  "players": [
    "zhttt1991",
    "Kaazuma"
  ],
  "log": "|j|\u2606zhttt1991\n|j|\u2606Kaazuma\n|t:|1776265826\n|gametype|doubles\n|player|p1|zhttt1991|1|1334\n|player|p2|Kaazuma|red|1369\n|gen|9\n|tier|[Gen 9 Champions] VGC 2026 Reg M-A\n|rated|\n|rule|Species Clause: Limit one of each Pok\u00e9mon\n|rule|Item Clause: Limit 1 of each item\n|clearpoke\n|poke|p1|Floette-Eternal, L50, F|\n|poke|p1|Kingambit, L50, F|\n|poke|p1|Sneasler, L50, F|\n|poke|p1|Garchomp, L50, F|\n|poke|p1|Delphox, L50, M|\n|poke|p1|Incineroar, L50, F|\n|poke|p2|Delphox, L50, F|\n|poke|p2|Clefable, L50, M|\n|poke|p2|Kingambit, L50, F|\n|poke|p2|Sneasler, L50, F|\n|poke|p2|Dragonite, L50, F|\n|poke|p2|Basculegion, L50, M|\n|teampreview|4\n|inactive|Battle timer is ON: inactive players will automatically lose when time's up. (requested by Kaazuma)\nzhttt1991 rejected open team sheets.\n|inactive|Kaazuma has 60 seconds left.\n|inactive|zhttt1991 has 60 seconds left.\n|\n|t:|1776265892\n|teamsize|p1|4\n|teamsize|p2|4\n|start\n|switch|p1a: Floette|Floette-Eternal, L50, F|100/100\n|switch|p1b: Sneasler|Sneasler, L50, F|100/100\n|switch|p2a: Dragonite|Dragonite, L50, F|100/100\n|switch|p2b: Sneasler|Sneasler, L50, F|100/100\n|turn|1\n|inactive|Kaazuma has 30 seconds left.\n|\n|t:|1776265928\n|switch|p2a: Basculegion|Basculegion, L50, M|100/100\n|detailschange|p1a: Floette|Floette-Mega, L50, F\n|-mega|p1a: Floette|Floette|Floettite\n|-ability|p1a: Floette|Fairy Aura\n|move|p2b: Sneasler|Fake Out|p1a: Floette\n|-damage|p1a: Floette|87/100\n|move|p1b: Sneasler|Fake Out|p2a: Basculegion\n|-immune|p2a: Basculegion\n|cant|p1a: Floette|flinch\n|\n|upkeep\n|turn|2\n|\n|t:|1776265949\n|switch|p1b: Incineroar|Incineroar, L50, F|100/100\n|-ability|p1b: Incineroar|Intimidate|boost\n|-unboost|p2a: Basculegion|atk|1\n|-unboost|p2b: Sneasler|atk|1\n|-enditem|p2b: Sneasler|White Herb\n|-clearnegativeboost|p2b: Sneasler|[silent]\n|move|p2b: Sneasler|Close Combat|p1b: Incineroar\n|-supereffective|p1b: Incineroar|1\n|-damage|p1b: Incineroar|0 fnt\n|-unboost|p2b: Sneasler|def|1\n|-unboost|p2b: Sneasler|spd|1\n|faint|p1b: Incineroar\n|move|p2a: Basculegion|Wave Crash|p1a: Floette\n|-damage|p1a: Floette|42/100\n|-damage|p2a: Basculegion|87/100|[from] Recoil\n|move|p1a: Floette|Dazzling Gleam|p2a: Basculegion|[spread] p2a,p2b\n|-damage|p2a: Basculegion|30/100\n|-damage|p2b: Sneasler|13/100\n|\n|upkeep\n|\n|t:|1776265964\n|switch|p1b: Kingambit|Kingambit, L50, F|100/100\n|turn|3\n|\n|t:|1776265976\n|switch|p2a: Kingambit|Kingambit, L50, F|100/100\n|move|p2b: Sneasler|Protect|p2b: Sneasler\n|-singleturn|p2b: Sneasler|Protect\n|move|p1b: Kingambit|Sucker Punch||[still]\n|-fail|p1b: Kingambit\n|move|p1a: Floette|Draining Kiss|p2a: Kingambit\n|-damage|p2a: Kingambit|61/100\n|-heal|p1a: Floette|76/100|[from] drain|[of] p2a: Kingambit\n|\n|upkeep\n|turn|4\n|inactive|Kaazuma has 30 seconds left.\n|inactive|Kaazuma has 20 seconds left.\n|inactive|Kaazuma has 15 seconds left.\n|inactive|Kaazuma has 10 seconds left.\n|inactive|Kaazuma has 5 seconds left.\n|\n|t:|1776266031\n|move|p1b: Kingambit|Sucker Punch|p2b: Sneasler\n|-resisted|p2b: Sneasler|1\n|-damage|p2b: Sneasler|0 fnt\n|faint|p2b: Sneasler\n|move|p1a: Floette|Dazzling Gleam|p2a: Kingambit\n|-damage|p2a: Kingambit|3/100\n|move|p2a: Kingambit|Swords Dance|p2a: Kingambit\n|-boost|p2a: Kingambit|atk|2\n|\n|upkeep\n|\n|t:|1776266036\n|switch|p2b: Dragonite|Dragonite, L50, F|100/100\n|turn|5\n|\n|t:|1776266050\n|detailschange|p2b: Dragonite|Dragonite-Mega, L50, F\n|-mega|p2b: Dragonite|Dragonite|Dragoninite\n|move|p1b: Kingambit|Sucker Punch|p2b: Dragonite\n|-damage|p2b: Dragonite|83/100\n|move|p2a: Kingambit|Sucker Punch|p1a: Floette\n|-resisted|p1a: Floette|1\n|-damage|p1a: Floette|33/100\n|move|p2b: Dragonite|Air Slash|p1b: Kingambit\n|-resisted|p1b: Kingambit|1\n|-damage|p1b: Kingambit|84/100\n|move|p1a: Floette|Dazzling Gleam|p2b: Dragonite|[spread] p2a,p2b\n|-supereffective|p2b: Dragonite|1\n|-damage|p2a: Kingambit|0 fnt\n|-damage|p2b: Dragonite|0 fnt\n|faint|p2a: Kingambit\n|faint|p2b: Dragonite\n|\n|upkeep\n|-message|Kaazuma forfeited.\n|\n|win|zhttt1991\n|raw|zhttt1991's rating: 1334 &rarr; <strong>1356</strong><br />(+22 for winning)\n|raw|Kaazuma's rating: 1369 &rarr; <strong>1347</strong><br />(-22 for losing)\n|l|\u2606Kaazuma\n|player|p2|\n|l|\u2606zhttt1991\n|player|p1|\n",
  "uploadtime": 1776266091,
  "views": 29,
  "formatid": "gen9championsvgc2026regma",
  "rating": 1347,
  "private": 0,
  "password": null
}