{
  "id": "gen9championsvgc2026regma-2581110083",
  "format": "[Gen 9 Champions] VGC 2026 Reg M-A",
  "players": [
    "chilling nae nae",
    "pineappletropius"
  ],
  "log": "|j|\u2606chilling nae nae\n|j|\u2606pineappletropius\n|t:|1775960802\n|gametype|doubles\n|player|p1|chilling nae nae|2|1334\n|player|p2|pineappletropius|266|1325\n|gen|9\n|tier|[Gen 9 Champions] VGC 2026 Reg M-A\n|rated|\n|rule|Species Clause: Limit one of each Pok\u00e9mon\n|rule|Item Clause: Limit 1 of each item\n|clearpoke\n|poke|p1|Floette-Eternal, L50, F|\n|poke|p1|Sinistcha-Masterpiece, L50|\n|poke|p1|Milotic, L50, F|\n|poke|p1|Talonflame, L50, F|\n|poke|p1|Excadrill, L50, M|\n|poke|p1|Tyranitar, L50, M|\n|poke|p2|Kingambit, L50, F|\n|poke|p2|Sinistcha, L50|\n|poke|p2|Froslass, L50, F|\n|poke|p2|Arcanine-Hisui, L50, F|\n|poke|p2|Kangaskhan, L50, F|\n|poke|p2|Milotic, L50, F|\n|teampreview|4\n|inactive|Battle timer is ON: inactive players will automatically lose when time's up. (requested by chilling nae nae)\n|j| KooksVGC\n|\n|t:|1775960847\n|teamsize|p1|4\n|teamsize|p2|4\n|start\n|switch|p1a: Milotic|Milotic, L50, F|100/100\n|switch|p1b: Talonflame|Talonflame, L50, F|100/100\n|switch|p2a: Kangaskhan|Kangaskhan, L50, F|100/100\n|switch|p2b: Sinistcha|Sinistcha, L50|100/100\n|turn|1\n|\n|t:|1775960867\n|detailschange|p2a: Kangaskhan|Kangaskhan-Mega, L50, F\n|-mega|p2a: Kangaskhan|Kangaskhan|Kangaskhanite\n|move|p1b: Talonflame|Protect|p1b: Talonflame\n|-singleturn|p1b: Talonflame|Protect\n|move|p2a: Kangaskhan|Fake Out|p1b: Talonflame\n|-activate|p1b: Talonflame|move: Protect\n|move|p1a: Milotic|Ice Beam|p2b: Sinistcha\n|-supereffective|p2b: Sinistcha|1\n|-damage|p2b: Sinistcha|54/100\n|-status|p2b: Sinistcha|frz\n|cant|p2b: Sinistcha|frz\n|\n|upkeep\n|turn|2\n|l| KooksVGC\n|\n|t:|1775960883\n|switch|p1a: Tyranitar|Tyranitar, L50, M|100/100\n|-weather|Sandstorm|[from] ability: Sand Stream|[of] p1a: Tyranitar\n|move|p1b: Talonflame|Dual Wingbeat|p2b: Sinistcha\n|-supereffective|p2b: Sinistcha|1\n|-damage|p2b: Sinistcha|21/100 frz\n|-enditem|p2b: Sinistcha|Sitrus Berry|[eat]\n|-heal|p2b: Sinistcha|45/100 frz|[from] item: Sitrus Berry\n|-supereffective|p2b: Sinistcha|1\n|-damage|p2b: Sinistcha|11/100 frz\n|-hitcount|p2b: Sinistcha|2\n|move|p2a: Kangaskhan|Double-Edge|p1b: Talonflame\n|-damage|p1b: Talonflame|6/100\n|-damage|p1b: Talonflame|0 fnt\n|faint|p1b: Talonflame\n|-hitcount|p1: Talonflame|2\n|-damage|p2a: Kangaskhan|76/100|[from] Recoil\n|-curestatus|p2b: Sinistcha|frz|[msg]\n|move|p2b: Sinistcha|Trick Room|p2b: Sinistcha\n|-fieldstart|move: Trick Room|[of] p2b: Sinistcha\n|\n|-weather|Sandstorm|[upkeep]\n|-damage|p2b: Sinistcha|4/100|[from] Sandstorm\n|-damage|p2a: Kangaskhan|70/100|[from] Sandstorm\n|upkeep\n|\n|t:|1775960891\n|switch|p1b: Milotic|Milotic, L50, F|100/100\n|turn|3\n|\n|t:|1775960907\n|move|p1a: Tyranitar|Protect|p1a: Tyranitar\n|-singleturn|p1a: Tyranitar|Protect\n|move|p2b: Sinistcha|Matcha Gotcha|p1a: Tyranitar|[spread] p1b\n|-activate|p1a: Tyranitar|move: Protect\n|-supereffective|p1b: Milotic|1\n|-damage|p1b: Milotic|58/100\n|-heal|p2b: Sinistcha|25/100|[from] drain|[of] p1b: Milotic\n|move|p2a: Kangaskhan|Double-Edge|p1b: Milotic\n|-damage|p1b: Milotic|0 fnt\n|faint|p1b: Milotic\n|-hitcount|p1: Milotic|1\n|-damage|p2a: Kangaskhan|55/100|[from] Recoil\n|\n|-weather|Sandstorm|[upkeep]\n|-damage|p2b: Sinistcha|18/100|[from] Sandstorm\n|-damage|p2a: Kangaskhan|49/100|[from] Sandstorm\n|upkeep\n|\n|t:|1775960914\n|switch|p1b: Excadrill|Excadrill, L50, M|100/100\n|turn|4\n|inactive|pineappletropius has 30 seconds left.\n|\n|t:|1775960946\n|detailschange|p1a: Tyranitar|Tyranitar-Mega, L50, M\n|-mega|p1a: Tyranitar|Tyranitar|Tyranitarite\n|move|p1a: Tyranitar|Protect|p1a: Tyranitar\n|-singleturn|p1a: Tyranitar|Protect\n|move|p2b: Sinistcha|Matcha Gotcha|p1a: Tyranitar|[spread] p1b\n|-activate|p1a: Tyranitar|move: Protect\n|-damage|p1b: Excadrill|65/100\n|-heal|p2b: Sinistcha|37/100|[from] drain|[of] p1b: Excadrill\n|move|p2a: Kangaskhan|Double-Edge|p1a: Tyranitar\n|-activate|p1a: Tyranitar|move: Protect\n|move|p1b: Excadrill|Rock Slide|p2a: Kangaskhan|[spread] p2a,p2b\n|-damage|p2a: Kangaskhan|31/100\n|-damage|p2b: Sinistcha|15/100\n|\n|-weather|Sandstorm|[upkeep]\n|-damage|p2b: Sinistcha|8/100|[from] Sandstorm\n|-damage|p2a: Kangaskhan|25/100|[from] Sandstorm\n|upkeep\n|turn|5\n|\n|t:|1775960955\n|move|p2a: Kangaskhan|Sucker Punch|p1b: Excadrill\n|-damage|p1b: Excadrill|27/100\n|-damage|p1b: Excadrill|17/100\n|-hitcount|p1b: Excadrill|2\n|move|p2b: Sinistcha|Matcha Gotcha|p1b: Excadrill|[spread] p1a,p1b\n|-supereffective|p1a: Tyranitar|1\n|-damage|p1a: Tyranitar|76/100\n|-heal|p2b: Sinistcha|22/100|[from] drain|[of] p1a: Tyranitar\n|-damage|p1b: Excadrill|0 fnt\n|-heal|p2b: Sinistcha|31/100|[from] drain|[of] p1b: Excadrill\n|-status|p1a: Tyranitar|brn\n|faint|p1b: Excadrill\n|move|p1a: Tyranitar|Rock Slide|p2a: Kangaskhan|[spread] p2a,p2b\n|-damage|p2a: Kangaskhan|11/100\n|-damage|p2b: Sinistcha|16/100\n|\n|-weather|Sandstorm|[upkeep]\n|-damage|p2b: Sinistcha|10/100|[from] Sandstorm\n|-damage|p2a: Kangaskhan|5/100|[from] Sandstorm\n|-damage|p1a: Tyranitar|71/100 brn|[from] brn\n|upkeep\n|turn|6\n|j| wShoyo\n|\n|t:|1775960978\n|move|p2a: Kangaskhan|Protect|p2a: Kangaskhan\n|-singleturn|p2a: Kangaskhan|Protect\n|move|p2b: Sinistcha|Matcha Gotcha|p1a: Tyranitar\n|-supereffective|p1a: Tyranitar|1\n|-damage|p1a: Tyranitar|39/100 brn\n|-heal|p2b: Sinistcha|29/100|[from] drain|[of] p1a: Tyranitar\n|move|p1a: Tyranitar|Rock Slide|p2b: Sinistcha|[spread] p2b\n|-activate|p2a: Kangaskhan|move: Protect\n|-damage|p2b: Sinistcha|12/100\n|\n|-weather|none\n|-damage|p1a: Tyranitar|33/100 brn|[from] brn\n|-fieldend|move: Trick Room\n|upkeep\n|turn|7\n|-message|chilling nae nae forfeited.\n|\n|win|pineappletropius\n|raw|chilling nae nae's rating: 1334 &rarr; <strong>1313</strong><br />(-21 for losing)\n|raw|pineappletropius's rating: 1325 &rarr; <strong>1346</strong><br />(+21 for winning)\n|l|\u2606chilling nae nae\n|player|p1|\n|l| wShoyo\n|l|\u2606pineappletropius\n|player|p2|\n",
  "uploadtime": 1775961032,
  "views": 19,
  "formatid": "gen9championsvgc2026regma",
  "rating": 1313,
  "private": 0,
  "password": null
}