{
  "id": "gen9championsvgc2026regma-2586149955",
  "format": "[Gen 9 Champions] VGC 2026 Reg M-A",
  "players": [
    "stanleyhaw94",
    "shadowbtl"
  ],
  "log": "|j|\u2606stanleyhaw94\n|j|\u2606shadowbtl\n|t:|1776405316\n|gametype|doubles\n|player|p1|stanleyhaw94|169|1110\n|player|p2|shadowbtl|roxie|1086\n|gen|9\n|tier|[Gen 9 Champions] VGC 2026 Reg M-A\n|rated|\n|rule|Species Clause: Limit one of each Pok\u00e9mon\n|rule|Item Clause: Limit 1 of each item\n|clearpoke\n|poke|p1|Sableye, L50, F|\n|poke|p1|Garchomp, L50, M|\n|poke|p1|Delphox, L50, F|\n|poke|p1|Clefable, L50, M|\n|poke|p1|Maushold, L50|\n|poke|p1|Sneasler, L50, F|\n|poke|p2|Scovillain, L50, M|\n|poke|p2|Dragapult, L50, M|\n|poke|p2|Gyarados, L50, M|\n|poke|p2|Tyranitar, L50, M|\n|poke|p2|Garchomp, L50, F|\n|poke|p2|Corviknight, L50, M|\n|teampreview|4\n|inactive|Battle timer is ON: inactive players will automatically lose when time's up. (requested by stanleyhaw94)\n|\n|t:|1776405340\n|teamsize|p1|4\n|teamsize|p2|4\n|start\n|switch|p1a: Sableye|Sableye, L50, F|100/100\n|switch|p1b: Delphox|Delphox, L50, F|100/100\n|switch|p2a: Tyranitar|Tyranitar, L50, M|100/100\n|switch|p2b: Scovillain|Scovillain, L50, M|100/100\n|-weather|Sandstorm|[from] ability: Sand Stream|[of] p2a: Tyranitar\n|turn|1\n|inactive|shadowbtl has 30 seconds left.\n|inactive|shadowbtl has 20 seconds left.\n|inactive|shadowbtl has 15 seconds left.\n|\n|t:|1776405383\n|detailschange|p1b: Delphox|Delphox-Mega, L50, F\n|-mega|p1b: Delphox|Delphox|Delphoxite\n|detailschange|p2b: Scovillain|Scovillain-Mega, L50, M\n|-mega|p2b: Scovillain|Scovillain|Scovillainite\n|move|p1a: Sableye|Fake Out|p2a: Tyranitar\n|-resisted|p2a: Tyranitar|1\n|-damage|p2a: Tyranitar|97/100\n|move|p1b: Delphox|Heat Wave|p2b: Scovillain|[spread] p2a,p2b\n|-resisted|p2a: Tyranitar|1\n|-damage|p2a: Tyranitar|85/100\n|-damage|p2b: Scovillain|58/100\n|-immune|p1b: Delphox\n|move|p2b: Scovillain|Spicy Extract|p1b: Delphox\n|-boost|p1b: Delphox|atk|2\n|-unboost|p1b: Delphox|def|2\n|cant|p2a: Tyranitar|flinch\n|\n|-weather|Sandstorm|[upkeep]\n|-damage|p1b: Delphox|95/100|[from] Sandstorm\n|-damage|p2b: Scovillain|52/100|[from] Sandstorm\n|-damage|p1a: Sableye|95/100|[from] Sandstorm\n|upkeep\n|turn|2\n|\n|t:|1776405407\n|move|p2b: Scovillain|Protect|p2b: Scovillain\n|-singleturn|p2b: Scovillain|Protect\n|move|p1a: Sableye|Gravity|p1a: Sableye\n|-fieldstart|move: Gravity\n|move|p1b: Delphox|Hypnosis|p2a: Tyranitar\n|-status|p2a: Tyranitar|slp|[from] move: Hypnosis\n|cant|p2a: Tyranitar|slp\n|\n|-weather|Sandstorm|[upkeep]\n|-damage|p1b: Delphox|89/100|[from] Sandstorm\n|-damage|p2b: Scovillain|46/100|[from] Sandstorm\n|-damage|p1a: Sableye|89/100|[from] Sandstorm\n|upkeep\n|turn|3\n|\n|t:|1776405428\n|switch|p2b: Dragapult|Dragapult, L50, M|100/100\n|move|p1a: Sableye|Encore||[still]\n|-fail|p1a: Sableye\n|move|p1b: Delphox|Heat Wave|p2b: Dragapult|[spread] p2a,p2b\n|-resisted|p2a: Tyranitar|1\n|-resisted|p2b: Dragapult|1\n|-damage|p2a: Tyranitar|75/100 slp\n|-damage|p2b: Dragapult|80/100\n|-curestatus|p2a: Tyranitar|slp|[msg]\n|move|p2a: Tyranitar|Knock Off|p1b: Delphox\n|-supereffective|p1b: Delphox|1\n|-damage|p1b: Delphox|0 fnt\n|faint|p1b: Delphox\n|\n|-weather|Sandstorm|[upkeep]\n|-damage|p2b: Dragapult|74/100|[from] Sandstorm\n|-damage|p1a: Sableye|83/100|[from] Sandstorm\n|upkeep\n|\n|t:|1776405432\n|switch|p1b: Maushold|Maushold, L50|100/100\n|turn|4\n|\n|t:|1776405456\n|switch|p2a: Scovillain|Scovillain-Mega, L50, M|46/100\n|move|p1b: Maushold|Protect|p1b: Maushold\n|-singleturn|p1b: Maushold|Protect\n|move|p2b: Dragapult|Reflect|p2b: Dragapult\n|-sidestart|p2: shadowbtl|Reflect\n|move|p1a: Sableye|Knock Off|p2b: Dragapult\n|-supereffective|p2b: Dragapult|1\n|-damage|p2b: Dragapult|30/100\n|-enditem|p2b: Dragapult|Dragon Fang|[from] move: Knock Off|[of] p1a: Sableye\n|\n|-weather|Sandstorm|[upkeep]\n|-damage|p2b: Dragapult|24/100|[from] Sandstorm\n|-damage|p1b: Maushold|95/100|[from] Sandstorm\n|-damage|p2a: Scovillain|41/100|[from] Sandstorm\n|-damage|p1a: Sableye|78/100|[from] Sandstorm\n|upkeep\n|turn|5\n|\n|t:|1776405480\n|switch|p2b: Tyranitar|Tyranitar, L50, M|75/100\n|switch|p1b: Garchomp|Garchomp, L50, M|100/100\n|move|p1a: Sableye|Encore|p2b: Tyranitar\n|-hint|Since gen 7, Dark is immune to Prankster moves.\n|-immune|p2b: Tyranitar\n|move|p2a: Scovillain|Leech Seed|p1a: Sableye\n|-start|p1a: Sableye|move: Leech Seed\n|\n|-weather|none\n|-damage|p1a: Sableye|65/100|[from] Leech Seed|[of] p2a: Scovillain\n|-heal|p2a: Scovillain|52/100|[silent]\n|upkeep\n|turn|6\n|\n|t:|1776405499\n|switch|p2b: Corviknight|Corviknight, L50, M|100/100\n|switch|p1a: Maushold|Maushold, L50|95/100\n|move|p2a: Scovillain|Protect|p2a: Scovillain\n|-singleturn|p2a: Scovillain|Protect\n|move|p1b: Garchomp|Rock Slide|p2a: Scovillain|[spread] p2b\n|-activate|p2a: Scovillain|move: Protect\n|-damage|p2b: Corviknight|92/100\n|\n|-heal|p2b: Corviknight|98/100|[from] item: Leftovers\n|-fieldend|move: Gravity\n|upkeep\n|turn|7\n|\n|t:|1776405523\n|switch|p1a: Sableye|Sableye, L50, F|65/100\n|move|p1b: Garchomp|Protect|p1b: Garchomp\n|-singleturn|p1b: Garchomp|Protect\n|move|p2a: Scovillain|Leech Seed|p1a: Sableye\n|-start|p1a: Sableye|move: Leech Seed\n|move|p2b: Corviknight|Body Press|p1a: Sableye\n|-immune|p1a: Sableye\n|\n|-heal|p2b: Corviknight|100/100|[from] item: Leftovers\n|-damage|p1a: Sableye|53/100|[from] Leech Seed|[of] p2a: Scovillain\n|-heal|p2a: Scovillain|63/100|[silent]\n|upkeep\n|turn|8\n|inactive|shadowbtl has 30 seconds left.\n|\n|t:|1776405556\n|move|p1a: Sableye|Gravity|p1a: Sableye\n|-fieldstart|move: Gravity\n|move|p1b: Garchomp|Rock Slide|p2b: Corviknight|[spread] p2a,p2b\n|-supereffective|p2a: Scovillain|1\n|-crit|p2b: Corviknight\n|-damage|p2a: Scovillain|44/100\n|-damage|p2b: Corviknight|81/100\n|-status|p1b: Garchomp|brn|[from] ability: Spicy Spray|[of] p2a: Scovillain\n|move|p2a: Scovillain|Leech Seed|p1b: Garchomp\n|-start|p1b: Garchomp|move: Leech Seed\n|move|p2b: Corviknight|Body Press|p1b: Garchomp\n|-damage|p1b: Garchomp|74/100 brn\n|-damage|p2b: Corviknight|69/100|[from] ability: Rough Skin|[of] p1b: Garchomp\n|\n|-heal|p2b: Corviknight|75/100|[from] item: Leftovers\n|-damage|p1b: Garchomp|62/100 brn|[from] Leech Seed|[of] p2a: Scovillain\n|-heal|p2a: Scovillain|57/100|[silent]\n|-damage|p1a: Sableye|41/100|[from] Leech Seed|[of] p2a: Scovillain\n|-heal|p2a: Scovillain|68/100|[silent]\n|-damage|p1b: Garchomp|57/100 brn|[from] brn\n|-sideend|p2: shadowbtl|Reflect\n|upkeep\n|turn|9\n|\n|t:|1776405578\n|switch|p1a: Maushold|Maushold, L50|95/100\n|move|p2a: Scovillain|Protect|p2a: Scovillain\n|-singleturn|p2a: Scovillain|Protect\n|move|p1b: Garchomp|Rock Slide|p2b: Corviknight|[spread] p2b\n|-activate|p2a: Scovillain|move: Protect\n|-damage|p2b: Corviknight|69/100\n|cant|p2b: Corviknight|flinch\n|\n|-heal|p2b: Corviknight|75/100|[from] item: Leftovers\n|-damage|p1b: Garchomp|44/100 brn|[from] Leech Seed|[of] p2a: Scovillain\n|-heal|p2a: Scovillain|81/100|[silent]\n|-damage|p1b: Garchomp|39/100 brn|[from] brn\n|upkeep\n|turn|10\n|-message|stanleyhaw94 forfeited.\n|\n|win|shadowbtl\n|raw|stanleyhaw94's rating: 1110 &rarr; <strong>1083</strong><br />(-27 for losing)\n|raw|shadowbtl's rating: 1086 &rarr; <strong>1115</strong><br />(+29 for winning)\n|l|\u2606stanleyhaw94\n|player|p1|\n",
  "uploadtime": 1776405598,
  "views": 18,
  "formatid": "gen9championsvgc2026regma",
  "rating": 1083,
  "private": 0,
  "password": null
}