{
  "id": "gen9championsvgc2026regma-2587938932",
  "format": "[Gen 9 Champions] VGC 2026 Reg M-A",
  "players": [
    "everlol",
    "regidragon12138"
  ],
  "log": "|j|\u2606everlol\n|j|\u2606regidragon12138\n|t:|1776581919\n|gametype|doubles\n|player|p1|everlol|2|1472\n|player|p2|regidragon12138|cynthia-gen4|1502\n|gen|9\n|tier|[Gen 9 Champions] VGC 2026 Reg M-A\n|rated|\n|rule|Species Clause: Limit one of each Pok\u00e9mon\n|rule|Item Clause: Limit 1 of each item\n|clearpoke\n|poke|p1|Sneasler, L50, M|\n|poke|p1|Whimsicott, L50, F|\n|poke|p1|Floette-Eternal, L50, F|\n|poke|p1|Kingambit, L50, M|\n|poke|p1|Garchomp, L50, F|\n|poke|p1|Charizard, L50, M|\n|poke|p2|Kommo-o, L50, M|\n|poke|p2|Gengar, L50, M|\n|poke|p2|Whimsicott, L50, M|\n|poke|p2|Excadrill, L50, F|\n|poke|p2|Incineroar, L50, M|\n|poke|p2|Tyranitar, L50, M|\n|teampreview|4\n|inactive|Battle timer is ON: inactive players will automatically lose when time's up. (requested by regidragon12138)\n|inactive|regidragon12138 has 60 seconds left.\n|\n|t:|1776581957\n|teamsize|p1|4\n|teamsize|p2|4\n|start\n|switch|p1a: Whimsicott|Whimsicott, L50, F|100/100\n|switch|p1b: Floette|Floette-Eternal, L50, F|100/100\n|switch|p2a: Gengar|Gengar, L50, M|100/100\n|switch|p2b: Kommo-o|Kommo-o, L50, M|100/100\n|turn|1\n|\n|t:|1776581978\n|switch|p1b: Garchomp|Garchomp, L50, F|100/100\n|switch|p2b: Whimsicott|Whimsicott, L50, M|100/100\n|detailschange|p2a: Gengar|Gengar-Mega, L50, M\n|-mega|p2a: Gengar|Gengar|Gengarite\n|move|p1a: Whimsicott|Tailwind|p1a: Whimsicott\n|-sidestart|p1: everlol|move: Tailwind\n|move|p2a: Gengar|Sludge Bomb|p1b: Garchomp\n|-resisted|p1b: Garchomp|1\n|-damage|p1b: Garchomp|74/100\n|\n|upkeep\n|turn|2\n|\n|t:|1776582000\n|move|p1a: Whimsicott|Protect|p1a: Whimsicott\n|-singleturn|p1a: Whimsicott|Protect\n|move|p2a: Gengar|Protect|p2a: Gengar\n|-singleturn|p2a: Gengar|Protect\n|move|p1b: Garchomp|Stomping Tantrum|p2a: Gengar\n|-activate|p2a: Gengar|move: Protect\n|move|p2b: Whimsicott|Moonblast|p1b: Garchomp\n|-supereffective|p1b: Garchomp|1\n|-damage|p1b: Garchomp|0 fnt\n|faint|p1b: Garchomp\n|\n|upkeep\n|\n|t:|1776582012\n|switch|p1b: Floette|Floette-Eternal, L50, F|100/100\n|turn|3\n|\n|t:|1776582024\n|detailschange|p1b: Floette|Floette-Mega, L50, F\n|-mega|p1b: Floette|Floette|Floettite\n|-ability|p1b: Floette|Fairy Aura\n|move|p1a: Whimsicott|Encore|p2a: Gengar\n|-start|p2a: Gengar|Encore\n|move|p2a: Gengar|Protect|p2a: Gengar\n|-singleturn|p2a: Gengar|Protect\n|move|p2b: Whimsicott|Tailwind|p2b: Whimsicott\n|-sidestart|p2: regidragon12138|move: Tailwind\n|move|p1b: Floette|Dazzling Gleam|p2b: Whimsicott|[spread] p2b\n|-activate|p2a: Gengar|move: Protect\n|-crit|p2b: Whimsicott\n|-enditem|p2b: Whimsicott|Focus Sash\n|-damage|p2b: Whimsicott|1/100\n|\n|upkeep\n|turn|4\n|\n|t:|1776582042\n|switch|p2a: Kommo-o|Kommo-o, L50, M|100/100\n|move|p2b: Whimsicott|Protect|p2b: Whimsicott\n|-singleturn|p2b: Whimsicott|Protect\n|move|p1a: Whimsicott|Encore|p2b: Whimsicott\n|-activate|p2b: Whimsicott|move: Protect\n|move|p1b: Floette|Dazzling Gleam|p2b: Whimsicott|[spread] p2a\n|-activate|p2b: Whimsicott|move: Protect\n|-supereffective|p2a: Kommo-o|2\n|-damage|p2a: Kommo-o|0 fnt\n|faint|p2a: Kommo-o\n|\n|-sideend|p1: everlol|move: Tailwind\n|upkeep\n|\n|t:|1776582044\n|switch|p2a: Gengar|Gengar-Mega, L50, M|100/100\n|turn|5\n|inactive|everlol has 30 seconds left.\n|inactive|regidragon12138 has 30 seconds left.\n|\n|t:|1776582078\n|switch|p2b: Tyranitar|Tyranitar, L50, M|100/100\n|-weather|Sandstorm|[from] ability: Sand Stream|[of] p2b: Tyranitar\n|move|p1b: Floette|Protect|p1b: Floette\n|-singleturn|p1b: Floette|Protect\n|move|p1a: Whimsicott|Tailwind|p1a: Whimsicott\n|-sidestart|p1: everlol|move: Tailwind\n|move|p2a: Gengar|Sludge Bomb|p1a: Whimsicott\n|-supereffective|p1a: Whimsicott|2\n|-enditem|p1a: Whimsicott|Focus Sash\n|-damage|p1a: Whimsicott|1/100\n|\n|-weather|Sandstorm|[upkeep]\n|-damage|p2a: Gengar|94/100|[from] Sandstorm\n|-damage|p1a: Whimsicott|0 fnt|[from] Sandstorm\n|-damage|p1b: Floette|94/100|[from] Sandstorm\n|faint|p1a: Whimsicott\n|upkeep\n|\n|t:|1776582088\n|switch|p1a: Sneasler|Sneasler, L50, M|100/100\n|turn|6\n|\n|t:|1776582113\n|move|p2a: Gengar|Sludge Bomb|p1b: Floette\n|-supereffective|p1b: Floette|1\n|-damage|p1b: Floette|9/100\n|move|p1a: Sneasler|Dire Claw|p2a: Gengar\n|-resisted|p2a: Gengar|2\n|-damage|p2a: Gengar|80/100\n|move|p1b: Floette|Dazzling Gleam|p2b: Tyranitar|[spread] p2a,p2b\n|-resisted|p2a: Gengar|1\n|-supereffective|p2b: Tyranitar|1\n|-damage|p2a: Gengar|53/100\n|-damage|p2b: Tyranitar|32/100\n|move|p2b: Tyranitar|Rock Slide|p1b: Floette|[spread] p1a,p1b\n|-resisted|p1a: Sneasler|1\n|-damage|p1a: Sneasler|78/100\n|-damage|p1b: Floette|0 fnt\n|faint|p1b: Floette\n|\n|-weather|Sandstorm|[upkeep]\n|-damage|p2a: Gengar|47/100|[from] Sandstorm\n|-damage|p1a: Sneasler|72/100|[from] Sandstorm\n|-sideend|p2: regidragon12138|move: Tailwind\n|upkeep\n|turn|7\n|-message|everlol forfeited.\n|\n|win|regidragon12138\n|raw|everlol's rating: 1472 &rarr; <strong>1454</strong><br />(-18 for losing)\n|raw|regidragon12138's rating: 1502 &rarr; <strong>1520</strong><br />(+18 for winning)\n|l|\u2606everlol\n|player|p1|\n|l|\u2606regidragon12138\n|player|p2|\n",
  "uploadtime": 1776582142,
  "views": 22,
  "formatid": "gen9championsvgc2026regma",
  "rating": 1454,
  "private": 0,
  "password": null
}