{
  "id": "gen9championsvgc2026regma-2585606170",
  "format": "[Gen 9 Champions] VGC 2026 Reg M-A",
  "players": [
    "spinzs",
    "mkugmrs_guest"
  ],
  "log": "|j|\u2606spinzs\n|j|\u2606mkugmrs_guest\n|t:|1776358466\n|gametype|doubles\n|player|p1|spinzs|acetrainer-gen4dp|1125\n|player|p2|mkugmrs_guest|iono-masters2|1130\n|gen|9\n|tier|[Gen 9 Champions] VGC 2026 Reg M-A\n|rated|\n|rule|Species Clause: Limit one of each Pok\u00e9mon\n|rule|Item Clause: Limit 1 of each item\n|clearpoke\n|poke|p1|Politoed, L50, M|\n|poke|p1|Incineroar, L50, M|\n|poke|p1|Gengar, L50, M|\n|poke|p1|Sinistcha, L50|\n|poke|p1|Beartic, L50, F|\n|poke|p1|Floette-Eternal, L50, F|\n|poke|p2|Aurorus, L50, M|\n|poke|p2|Tyranitar, L50, M|\n|poke|p2|Clefable, L50, M|\n|poke|p2|Garchomp, L50, M|\n|poke|p2|Chesnaught, L50, M|\n|poke|p2|Orthworm, L50, F|\n|teampreview|4\n|inactive|Battle timer is ON: inactive players will automatically lose when time's up. (requested by spinzs)\nmkugmrs_guest rejected open team sheets.\n|\n|t:|1776358489\n|teamsize|p1|4\n|teamsize|p2|4\n|start\n|switch|p1a: Gengar|Gengar, L50, M, shiny|100/100\n|switch|p1b: Politoed|Politoed, L50, M, shiny|100/100\n|switch|p2a: Clefable|Clefable, L50, M|100/100\n|switch|p2b: Orthworm|Orthworm, L50, F|100/100\n|-weather|RainDance|[from] ability: Drizzle|[of] p1b: Politoed\n|turn|1\n|\n|t:|1776358500\n|detailschange|p1a: Gengar|Gengar-Mega, L50, M, shiny\n|-mega|p1a: Gengar|Gengar|Gengarite\n|move|p2a: Clefable|Follow Me|p2a: Clefable\n|-singleturn|p2a: Clefable|move: Follow Me\n|move|p1a: Gengar|Sludge Bomb|p2a: Clefable\n|-supereffective|p2a: Clefable|1\n|-damage|p2a: Clefable|13/100\n|move|p1b: Politoed|Weather Ball|p2a: Clefable\n|-damage|p2a: Clefable|0 fnt\n|faint|p2a: Clefable\n|move|p2b: Orthworm|Shed Tail|p2b: Orthworm\n|-start|p2b: Orthworm|Substitute|[from] move: Shed Tail\n|-damage|p2b: Orthworm|50/100\n|-enditem|p2b: Orthworm|Sitrus Berry|[eat]\n|-heal|p2b: Orthworm|75/100|[from] item: Sitrus Berry\n|\n|t:|1776358513\n|switch|p2b: Garchomp|Garchomp, L50, M|100/100|[from] Shed Tail\n|\n|-weather|RainDance|[upkeep]\n|upkeep\n|\n|t:|1776358518\n|switch|p2a: Tyranitar|Tyranitar, L50, M|100/100\n|-weather|Sandstorm|[from] ability: Sand Stream|[of] p2a: Tyranitar\n|turn|2\n|\n|t:|1776358531\n|move|p1a: Gengar|Protect|p1a: Gengar\n|-singleturn|p1a: Gengar|Protect\n|move|p1b: Politoed|Protect|p1b: Politoed\n|-singleturn|p1b: Politoed|Protect\n|move|p2a: Tyranitar|Protect|p2a: Tyranitar\n|-singleturn|p2a: Tyranitar|Protect\n|move|p2b: Garchomp|Earthquake|p1b: Politoed|[spread] \n|-activate|p2a: Tyranitar|move: Protect\n|-activate|p1a: Gengar|move: Protect\n|-activate|p1b: Politoed|move: Protect\n|\n|-weather|Sandstorm|[upkeep]\n|-damage|p1a: Gengar|95/100|[from] Sandstorm\n|-damage|p1b: Politoed|94/100|[from] Sandstorm\n|-heal|p1b: Politoed|100/100|[from] item: Leftovers\n|upkeep\n|turn|3\n|\n|t:|1776358553\n|switch|p1a: Sinistcha|Sinistcha, L50, shiny|100/100\n|move|p2b: Garchomp|Earthquake|p1b: Politoed|[spread] p2a,p1a,p1b\n|-supereffective|p2a: Tyranitar|1\n|-resisted|p1a: Sinistcha|1\n|-damage|p2a: Tyranitar|47/100\n|-damage|p1a: Sinistcha|83/100\n|-damage|p1b: Politoed|57/100\n|move|p1b: Politoed|Perish Song|p1b: Politoed\n|-start|p1a: Sinistcha|perish3|[silent]\n|-start|p1b: Politoed|perish3|[silent]\n|-start|p2a: Tyranitar|perish3|[silent]\n|-start|p2b: Garchomp|perish3|[silent]\n|-fieldactivate|move: Perish Song\n|move|p2a: Tyranitar|Knock Off|p1a: Sinistcha\n|-supereffective|p1a: Sinistcha|1\n|-damage|p1a: Sinistcha|0 fnt\n|-enditem|p1a: Sinistcha|Mental Herb|[from] move: Knock Off|[of] p2a: Tyranitar\n|faint|p1a: Sinistcha\n|\n|-weather|Sandstorm|[upkeep]\n|-damage|p1b: Politoed|51/100|[from] Sandstorm\n|-heal|p1b: Politoed|57/100|[from] item: Leftovers\n|-start|p2b: Garchomp|perish3\n|-start|p1b: Politoed|perish3\n|-start|p2a: Tyranitar|perish3\n|upkeep\n|\n|t:|1776358566\n|switch|p1a: Incineroar|Incineroar, L50, M, shiny|100/100\n|-ability|p1a: Incineroar|Intimidate|boost\n|-unboost|p2a: Tyranitar|atk|1\n|-immune|p2b: Garchomp\n|turn|4\n|\n|t:|1776358581\n|move|p1b: Politoed|Protect|p1b: Politoed\n|-singleturn|p1b: Politoed|Protect\n|move|p2a: Tyranitar|Protect|p2a: Tyranitar\n|-singleturn|p2a: Tyranitar|Protect\n|move|p1a: Incineroar|Protect|p1a: Incineroar\n|-singleturn|p1a: Incineroar|Protect\n|move|p2b: Garchomp|Earthquake|p1a: Incineroar|[spread] \n|-activate|p2a: Tyranitar|move: Protect\n|-activate|p1a: Incineroar|move: Protect\n|-activate|p1b: Politoed|move: Protect\n|\n|-weather|Sandstorm|[upkeep]\n|-damage|p1b: Politoed|51/100|[from] Sandstorm\n|-damage|p1a: Incineroar|95/100|[from] Sandstorm\n|-heal|p1b: Politoed|57/100|[from] item: Leftovers\n|-start|p2b: Garchomp|perish2\n|-start|p1b: Politoed|perish2\n|-start|p2a: Tyranitar|perish2\n|upkeep\n|turn|5\n|\n|t:|1776358601\n|switch|p2a: Orthworm|Orthworm, L50, F|75/100\n|detailschange|p2b: Garchomp|Garchomp-Mega, L50, M\n|-mega|p2b: Garchomp|Garchomp|Garchompite\n|move|p1b: Politoed|Protect||[still]\n|-fail|p1b: Politoed\n|move|p1a: Incineroar|Protect|p1a: Incineroar\n|-singleturn|p1a: Incineroar|Protect\n|move|p2b: Garchomp|Earthquake|p1a: Incineroar|[spread] p1b\n|-activate|p1a: Incineroar|move: Protect\n|-heal|p2a: Orthworm|100/100|[from] ability: Earth Eater|[of] p2b: Garchomp\n|-damage|p1b: Politoed|0 fnt\n|faint|p1b: Politoed\n|\n|-weather|Sandstorm|[upkeep]\n|-damage|p1a: Incineroar|89/100|[from] Sandstorm\n|-start|p2b: Garchomp|perish1\n|upkeep\n|\n|t:|1776358614\n|switch|p1b: Gengar|Gengar-Mega, L50, M, shiny|95/100\n|turn|6\n|\n|t:|1776358632\n|move|p2b: Garchomp|Earthquake|p1b: Gengar|[spread] p1a,p1b\n|-immune|p2a: Orthworm|[from] ability: Earth Eater\n|-supereffective|p1a: Incineroar|1\n|-supereffective|p1b: Gengar|1\n|-damage|p1a: Incineroar|0 fnt\n|-damage|p1b: Gengar|0 fnt\n|faint|p1a: Incineroar\n|faint|p1b: Gengar\n|\n|win|mkugmrs_guest\n|raw|spinzs's rating: 1125 &rarr; <strong>1100</strong><br />(-25 for losing)\n|raw|mkugmrs_guest's rating: 1130 &rarr; <strong>1155</strong><br />(+25 for winning)\n|c|\u2606mkugmrs_guest|gg\n|l|\u2606spinzs\n|player|p1|\n",
  "uploadtime": 1776358640,
  "views": 17,
  "formatid": "gen9championsvgc2026regma",
  "rating": 1100,
  "private": 0,
  "password": null
}