{
  "id": "gen9championsvgc2026regma-2582891761",
  "format": "[Gen 9 Champions] VGC 2026 Reg M-A",
  "players": [
    "Morrocan AXL BLAZE",
    "onmega34"
  ],
  "log": "|j|\u2606Morrocan AXL BLAZE\n|j|\u2606onmega34\n|t:|1776122556\n|gametype|doubles\n|player|p1|Morrocan AXL BLAZE|nate|1087\n|player|p2|onmega34|waiter-gen4|1133\n|gen|9\n|tier|[Gen 9 Champions] VGC 2026 Reg M-A\n|rated|\n|rule|Species Clause: Limit one of each Pok\u00e9mon\n|rule|Item Clause: Limit 1 of each item\n|clearpoke\n|poke|p1|Tyranitar, L50, M|\n|poke|p1|Excadrill, L50, M|\n|poke|p1|Corviknight, L50, M|\n|poke|p1|Gyarados, L50, M|\n|poke|p1|Rotom-Heat, L50|\n|poke|p1|Sinistcha, L50|\n|poke|p2|Farigiraf, L50, M|\n|poke|p2|Camerupt, L50, F|\n|poke|p2|Ninetales, L50, M|\n|poke|p2|Venusaur, L50, M|\n|poke|p2|Sableye, L50, F|\n|poke|p2|Incineroar, L50, F|\n|teampreview|4\n|inactive|Battle timer is ON: inactive players will automatically lose when time's up. (requested by onmega34)\nMorrocan AXL BLAZE has agreed to open team sheets.\n|\n|t:|1776122566\n|teamsize|p1|4\n|teamsize|p2|4\n|start\n|switch|p1a: Corviknight|Corviknight, L50, M|100/100\n|switch|p1b: Rotom|Rotom-Heat, L50, shiny|100/100\n|switch|p2a: Sableye|Sableye, L50, F|100/100\n|switch|p2b: Farigiraf|Farigiraf, L50, M|100/100\n|turn|1\n|\n|t:|1776122575\n|move|p2a: Sableye|Will-O-Wisp|p1a: Corviknight\n|-status|p1a: Corviknight|brn\n|move|p1b: Rotom|Volt Switch|p2b: Farigiraf\n|-crit|p2b: Farigiraf\n|-damage|p2b: Farigiraf|64/100\n|\n|t:|1776122578\n|switch|p1b: Tyranitar|Tyranitar, L50, M, shiny|100/100|[from] Volt Switch\n|-weather|Sandstorm|[from] ability: Sand Stream|[of] p1b: Tyranitar\n|move|p1a: Corviknight|Brave Bird|p2a: Sableye\n|-damage|p2a: Sableye|69/100\n|-damage|p1a: Corviknight|92/100 brn|[from] Recoil\n|move|p2b: Farigiraf|Trick Room|p2b: Farigiraf\n|-fieldstart|move: Trick Room|[of] p2b: Farigiraf\n|\n|-weather|Sandstorm|[upkeep]\n|-damage|p2a: Sableye|63/100|[from] Sandstorm\n|-damage|p2b: Farigiraf|58/100|[from] Sandstorm\n|-heal|p1a: Corviknight|98/100 brn|[from] item: Leftovers\n|-damage|p1a: Corviknight|92/100 brn|[from] brn\n|upkeep\n|turn|2\n|\n|t:|1776122585\n|switch|p2b: Ninetales|Ninetales, L50, M|100/100\n|-weather|SunnyDay|[from] ability: Drought|[of] p2b: Ninetales\n|detailschange|p1b: Tyranitar|Tyranitar-Mega, L50, M, shiny\n|-mega|p1b: Tyranitar|Tyranitar|Tyranitarite\n|-weather|Sandstorm|[from] ability: Sand Stream|[of] p1b: Tyranitar\n|move|p2a: Sableye|Will-O-Wisp|p1b: Tyranitar\n|-hint|Since gen 7, Dark is immune to Prankster moves.\n|-immune|p1b: Tyranitar\n|move|p1a: Corviknight|Iron Head|p2a: Sableye\n|-damage|p2a: Sableye|43/100\n|move|p1b: Tyranitar|Rock Slide|p2a: Sableye|[spread] p2a,p2b\n|-supereffective|p2b: Ninetales|1\n|-damage|p2a: Sableye|0 fnt\n|-damage|p2b: Ninetales|0 fnt\n|faint|p2a: Sableye\n|faint|p2b: Ninetales\n|\n|-weather|Sandstorm|[upkeep]\n|-heal|p1a: Corviknight|98/100 brn|[from] item: Leftovers\n|-damage|p1a: Corviknight|92/100 brn|[from] brn\n|upkeep\n|\n|t:|1776122602\n|switch|p2a: Camerupt|Camerupt, L50, F|100/100\n|switch|p2b: Farigiraf|Farigiraf, L50, M|58/100\n|turn|3\n|\n|t:|1776122609\n|detailschange|p2a: Camerupt|Camerupt-Mega, L50, F\n|-mega|p2a: Camerupt|Camerupt|Cameruptite\n|move|p2a: Camerupt|Eruption|p1a: Corviknight|[spread] p1a,p1b\n|-supereffective|p1a: Corviknight|1\n|-resisted|p1b: Tyranitar|1\n|-damage|p1a: Corviknight|0 fnt\n|-damage|p1b: Tyranitar|81/100\n|faint|p1a: Corviknight\n|move|p2b: Farigiraf|Hyper Voice|p1b: Tyranitar\n|-resisted|p1b: Tyranitar|1\n|-damage|p1b: Tyranitar|69/100\n|move|p1b: Tyranitar|Rock Slide|p2b: Farigiraf|[spread] p2a,p2b\n|-damage|p2a: Camerupt|65/100\n|-damage|p2b: Farigiraf|17/100\n|\n|-weather|Sandstorm|[upkeep]\n|-damage|p2b: Farigiraf|11/100|[from] Sandstorm\n|upkeep\n|\n|t:|1776122615\n|switch|p1a: Rotom|Rotom-Heat, L50, shiny|100/100\n|turn|4\n|\n|t:|1776122622\n|move|p2a: Camerupt|Heat Wave|p1a: Rotom|[spread] p1b\n|-miss|p2a: Camerupt|p1a: Rotom\n|-resisted|p1b: Tyranitar|1\n|-damage|p1b: Tyranitar|54/100\n|move|p2b: Farigiraf|Hyper Voice|p1a: Rotom|[spread] p1a,p1b\n|-resisted|p1b: Tyranitar|1\n|-damage|p1a: Rotom|66/100\n|-damage|p1b: Tyranitar|44/100\n|move|p1b: Tyranitar|Crunch|p2a: Camerupt\n|-damage|p2a: Camerupt|10/100\n|move|p1a: Rotom|Volt Switch|p2b: Farigiraf\n|-damage|p2b: Farigiraf|0 fnt\n|faint|p2b: Farigiraf\n|\n|t:|1776122626\n|switch|p1a: Excadrill|Excadrill, L50, M|100/100|[from] Volt Switch\n|\n|-weather|Sandstorm|[upkeep]\n|upkeep\n|turn|5\n|-message|onmega34 forfeited.\n|\n|win|Morrocan AXL BLAZE\n|raw|Morrocan AXL BLAZE's rating: 1087 &rarr; <strong>1117</strong><br />(+30 for winning)\n|raw|onmega34's rating: 1133 &rarr; <strong>1105</strong><br />(-28 for losing)\n|l|\u2606onmega34\n|player|p2|\n",
  "uploadtime": 1776122629,
  "views": 11,
  "formatid": "gen9championsvgc2026regma",
  "rating": 1105,
  "private": 0,
  "password": null
}