{
  "id": "gen9championsvgc2026regma-2581245389",
  "format": "[Gen 9 Champions] VGC 2026 Reg M-A",
  "players": [
    "Am Your Conscience",
    "Eselprimo"
  ],
  "log": "|j|\u2606Am Your Conscience\n|j|\u2606Eselprimo\n|t:|1775975651\n|gametype|doubles\n|player|p1|Am Your Conscience|n|1141\n|player|p2|Eselprimo|169|1145\n|gen|9\n|tier|[Gen 9 Champions] VGC 2026 Reg M-A\n|rated|\n|rule|Species Clause: Limit one of each Pok\u00e9mon\n|rule|Item Clause: Limit 1 of each item\n|clearpoke\n|poke|p1|Delphox, L50, F|\n|poke|p1|Garchomp, L50, M|\n|poke|p1|Charizard, L50, M|\n|poke|p1|Venusaur, L50, F|\n|poke|p1|Orthworm, L50, M|\n|poke|p1|Maushold, L50|\n|poke|p2|Venusaur, L50, F|\n|poke|p2|Cofagrigus, L50, F|\n|poke|p2|Aromatisse, L50, F|\n|poke|p2|Torkoal, L50, M|\n|poke|p2|Sinistcha, L50|\n|poke|p2|Hatterene, L50, F|\n|teampreview|4\n|inactive|Battle timer is ON: inactive players will automatically lose when time's up. (requested by Eselprimo)\n|\n|t:|1775975695\n|teamsize|p1|4\n|teamsize|p2|4\n|start\n|switch|p1a: Delphox|Delphox, L50, F|100/100\n|switch|p1b: Charizard|Charizard, L50, M|100/100\n|switch|p2a: Venusaur|Venusaur, L50, F|100/100\n|switch|p2b: Hatterene|Hatterene, L50, F|100/100\n|turn|1\n|\n|t:|1775975718\n|switch|p2a: Torkoal|Torkoal, L50, M|100/100\n|-weather|SunnyDay|[from] ability: Drought|[of] p2a: Torkoal\n|detailschange|p1b: Charizard|Charizard-Mega-Y, L50, M\n|-mega|p1b: Charizard|Charizard|Charizardite Y\n|move|p1a: Delphox|Heat Wave|p2b: Hatterene|[spread] p2a,p2b\n|-resisted|p2a: Torkoal|1\n|-damage|p2a: Torkoal|67/100\n|-damage|p2b: Hatterene|46/100\n|move|p1b: Charizard|Heat Wave|p2b: Hatterene|[spread] p2a,p2b\n|-resisted|p2a: Torkoal|1\n|-damage|p2a: Torkoal|23/100\n|-damage|p2b: Hatterene|0 fnt\n|faint|p2b: Hatterene\n|\n|-weather|SunnyDay|[upkeep]\n|upkeep\n|\n|t:|1775975735\n|switch|p2b: Venusaur|Venusaur, L50, F|100/100\n|turn|2\n|\n|t:|1775975748\n|detailschange|p2b: Venusaur|Venusaur-Mega, L50, F\n|-mega|p2b: Venusaur|Venusaur|Venusaurite\n|move|p2a: Torkoal|Protect|p2a: Torkoal\n|-singleturn|p2a: Torkoal|Protect\n|move|p1a: Delphox|Heat Wave|p2b: Venusaur|[spread] \n|-activate|p2a: Torkoal|move: Protect\n|-miss|p1a: Delphox|p2b: Venusaur\n|move|p1b: Charizard|Heat Wave|p2a: Torkoal|[spread] \n|-activate|p2a: Torkoal|move: Protect\n|-miss|p1b: Charizard|p2b: Venusaur\n|move|p2b: Venusaur|Leech Seed|p1a: Delphox\n|-start|p1a: Delphox|move: Leech Seed\n|\n|-weather|SunnyDay|[upkeep]\n|-damage|p1a: Delphox|88/100|[from] Leech Seed|[of] p2b: Venusaur\n|upkeep\n|turn|3\n|\n|t:|1775975770\n|move|p1a: Delphox|Nasty Plot|p1a: Delphox\n|-boost|p1a: Delphox|spa|2\n|move|p1b: Charizard|Heat Wave|p2b: Venusaur|[spread] p2a,p2b\n|-resisted|p2a: Torkoal|1\n|-supereffective|p2b: Venusaur|1\n|-damage|p2a: Torkoal|0 fnt\n|-damage|p2b: Venusaur|56/100\n|faint|p2a: Torkoal\n|move|p2b: Venusaur|Leech Seed|p1b: Charizard\n|-start|p1b: Charizard|move: Leech Seed\n|\n|-weather|SunnyDay|[upkeep]\n|-damage|p1a: Delphox|75/100|[from] Leech Seed|[of] p2b: Venusaur\n|-heal|p2b: Venusaur|66/100|[silent]\n|-damage|p1b: Charizard|88/100|[from] Leech Seed|[of] p2b: Venusaur\n|-heal|p2b: Venusaur|76/100|[silent]\n|upkeep\n|\n|t:|1775975783\n|switch|p2a: Cofagrigus|Cofagrigus, L50, F|100/100\n|turn|4\n|\n|t:|1775975790\n|move|p2b: Venusaur|Protect|p2b: Venusaur\n|-singleturn|p2b: Venusaur|Protect\n|move|p1a: Delphox|Psychic|p2b: Venusaur\n|-activate|p2b: Venusaur|move: Protect\n|move|p1b: Charizard|Weather Ball|p2a: Cofagrigus\n|-damage|p2a: Cofagrigus|9/100\n|move|p2a: Cofagrigus|Trick Room|p2a: Cofagrigus\n|-fieldstart|move: Trick Room|[of] p2a: Cofagrigus\n|\n|-weather|SunnyDay|[upkeep]\n|-heal|p2a: Cofagrigus|15/100|[from] item: Leftovers\n|-damage|p1b: Charizard|76/100|[from] Leech Seed|[of] p2b: Venusaur\n|-heal|p2b: Venusaur|86/100|[silent]\n|-damage|p1a: Delphox|63/100|[from] Leech Seed|[of] p2b: Venusaur\n|-heal|p2b: Venusaur|96/100|[silent]\n|upkeep\n|turn|5\n|\n|t:|1775975813\n|move|p1a: Delphox|Protect|p1a: Delphox\n|-singleturn|p1a: Delphox|Protect\n|move|p2a: Cofagrigus|Shadow Ball|p1a: Delphox\n|-activate|p1a: Delphox|move: Protect\n|move|p2b: Venusaur|Grassy Terrain|p2b: Venusaur\n|-fieldstart|move: Grassy Terrain\n|move|p1b: Charizard|Heat Wave|p2a: Cofagrigus|[spread] p2a,p2b\n|-supereffective|p2b: Venusaur|1\n|-damage|p2a: Cofagrigus|0 fnt\n|-damage|p2b: Venusaur|50/100\n|faint|p2a: Cofagrigus\n|\n|-weather|none\n|-heal|p2b: Venusaur|56/100|[from] Grassy Terrain\n|-heal|p1a: Delphox|69/100|[from] Grassy Terrain\n|-damage|p1b: Charizard|64/100|[from] Leech Seed|[of] p2b: Venusaur\n|-heal|p2b: Venusaur|66/100|[silent]\n|-damage|p1a: Delphox|56/100|[from] Leech Seed|[of] p2b: Venusaur\n|-heal|p2b: Venusaur|76/100|[silent]\n|upkeep\n|turn|6\n|\n|t:|1775975837\n|move|p2b: Venusaur|Protect|p2b: Venusaur\n|-singleturn|p2b: Venusaur|Protect\n|move|p1b: Charizard|Heat Wave|p2b: Venusaur\n|-activate|p2b: Venusaur|move: Protect\n|move|p1a: Delphox|Psychic|p2b: Venusaur\n|-activate|p2b: Venusaur|move: Protect\n|\n|-heal|p2b: Venusaur|82/100|[from] Grassy Terrain\n|-heal|p1a: Delphox|62/100|[from] Grassy Terrain\n|-damage|p1b: Charizard|51/100|[from] Leech Seed|[of] p2b: Venusaur\n|-heal|p2b: Venusaur|92/100|[silent]\n|-damage|p1a: Delphox|50/100|[from] Leech Seed|[of] p2b: Venusaur\n|-heal|p2b: Venusaur|100/100|[silent]\n|upkeep\n|turn|7\n|\n|t:|1775975852\n|move|p2b: Venusaur|Giga Drain|p1a: Delphox\n|-resisted|p1a: Delphox|1\n|-damage|p1a: Delphox|26/100\n|move|p1b: Charizard|Air Slash|p2b: Venusaur\n|-supereffective|p2b: Venusaur|1\n|-damage|p2b: Venusaur|40/100\n|move|p1a: Delphox|Psychic|p2b: Venusaur\n|-supereffective|p2b: Venusaur|1\n|-damage|p2b: Venusaur|0 fnt\n|faint|p2b: Venusaur\n|\n|win|Am Your Conscience\n|raw|Am Your Conscience's rating: 1141 &rarr; <strong>1166</strong><br />(+25 for winning)\n|raw|Eselprimo's rating: 1145 &rarr; <strong>1120</strong><br />(-25 for losing)\n|l|\u2606Eselprimo\n|player|p2|\n",
  "uploadtime": 1775975864,
  "views": 22,
  "formatid": "gen9championsvgc2026regma",
  "rating": 1120,
  "private": 0,
  "password": null
}