{
  "id": "gen9championsvgc2026regma-2583209658",
  "format": "[Gen 9 Champions] VGC 2026 Reg M-A",
  "players": [
    "RandomGuyInSchool",
    "Todochafa"
  ],
  "log": "|j|\u2606RandomGuyInSchool\n|j|\u2606Todochafa\n|t:|1776155045\n|gametype|doubles\n|player|p1|RandomGuyInSchool|schoolkid-gen4|1025\n|player|p2|Todochafa|benga|1115\n|gen|9\n|tier|[Gen 9 Champions] VGC 2026 Reg M-A\n|rated|\n|rule|Species Clause: Limit one of each Pok\u00e9mon\n|rule|Item Clause: Limit 1 of each item\n|clearpoke\n|poke|p1|Rotom-Wash, L50|\n|poke|p1|Incineroar, L50, F|\n|poke|p1|Sinistcha, L50|\n|poke|p1|Drampa, L50, F|\n|poke|p1|Gallade, L50, M|\n|poke|p1|Aerodactyl, L50, F|\n|poke|p2|Gengar, L50, F|\n|poke|p2|Sinistcha, L50|\n|poke|p2|Starmie, L50|\n|poke|p2|Politoed, L50, F|\n|poke|p2|Archaludon, L50, M|\n|poke|p2|Incineroar, L50, M|\n|teampreview|4\n|inactive|Battle timer is ON: inactive players will automatically lose when time's up. (requested by RandomGuyInSchool)\n|inactive|RandomGuyInSchool has 60 seconds left.\n|\n|t:|1776155081\n|teamsize|p1|4\n|teamsize|p2|4\n|start\n|switch|p1a: Drampa|Drampa, L50, F|100/100\n|switch|p1b: Incineroar|Incineroar, L50, F|100/100\n|switch|p2a: Starmie|Starmie, L50|100/100\n|switch|p2b: Politoed|Politoed, L50, F|100/100\n|-weather|RainDance|[from] ability: Drizzle|[of] p2b: Politoed\n|-ability|p1b: Incineroar|Intimidate|boost\n|-unboost|p2a: Starmie|atk|1\n|-unboost|p2b: Politoed|atk|1\n|turn|1\n|inactive|Todochafa has 30 seconds left.\n|\n|t:|1776155111\n|detailschange|p2a: Starmie|Starmie-Mega, L50\n|-mega|p2a: Starmie|Starmie|Starminite\n|move|p2a: Starmie|Protect|p2a: Starmie\n|-singleturn|p2a: Starmie|Protect\n|move|p2b: Politoed|Protect|p2b: Politoed\n|-singleturn|p2b: Politoed|Protect\n|move|p1b: Incineroar|Fake Out|p2a: Starmie\n|-activate|p2a: Starmie|move: Protect\n|move|p1a: Drampa|Calm Mind|p1a: Drampa\n|-boost|p1a: Drampa|spa|1\n|-boost|p1a: Drampa|spd|1\n|\n|-weather|RainDance|[upkeep]\n|upkeep\n|turn|2\n|\n|t:|1776155132\n|switch|p1b: Rotom|Rotom-Wash, L50|100/100\n|move|p1a: Drampa|Protect|p1a: Drampa\n|-singleturn|p1a: Drampa|Protect\n|move|p2a: Starmie|Liquidation|p1a: Drampa\n|-activate|p1a: Drampa|move: Protect\n|move|p2b: Politoed|Encore||[still]\n|-fail|p2b: Politoed\n|\n|-weather|RainDance|[upkeep]\n|upkeep\n|turn|3\n|\n|t:|1776155153\n|switch|p2a: Archaludon|Archaludon, L50, M|100/100\n|switch|p1a: Incineroar|Incineroar, L50, F|100/100\n|-ability|p1a: Incineroar|Intimidate|boost\n|-unboost|p2a: Archaludon|atk|1\n|-unboost|p2b: Politoed|atk|1\n|move|p1b: Rotom|Will-O-Wisp|p2a: Archaludon|[miss]\n|-miss|p1b: Rotom|p2a: Archaludon\n|move|p2b: Politoed|Perish Song|p2b: Politoed\n|-start|p1a: Incineroar|perish3|[silent]\n|-start|p1b: Rotom|perish3|[silent]\n|-start|p2a: Archaludon|perish3|[silent]\n|-start|p2b: Politoed|perish3|[silent]\n|-fieldactivate|move: Perish Song\n|\n|-weather|RainDance|[upkeep]\n|-start|p1b: Rotom|perish3\n|-start|p2a: Archaludon|perish3\n|-start|p2b: Politoed|perish3\n|-start|p1a: Incineroar|perish3\n|upkeep\n|turn|4\n|inactive|RandomGuyInSchool has 30 seconds left.\n|inactive|Todochafa has 30 seconds left.\n|\n|t:|1776155180\n|move|p1a: Incineroar|Fake Out|p2b: Politoed\n|-damage|p2b: Politoed|88/100\n|move|p1b: Rotom|Will-O-Wisp|p2a: Archaludon\n|-status|p2a: Archaludon|brn\n|move|p2a: Archaludon|Electro Shot||[still]\n|-prepare|p2a: Archaludon|Electro Shot\n|-boost|p2a: Archaludon|spa|1\n|-anim|p2a: Archaludon|Electro Shot|p1b: Rotom\n|-damage|p1b: Rotom|32/100\n|cant|p2b: Politoed|flinch\n|\n|-weather|RainDance|[upkeep]\n|-heal|p2b: Politoed|94/100|[from] item: Leftovers\n|-damage|p2a: Archaludon|95/100 brn|[from] brn\n|-start|p1b: Rotom|perish2\n|-start|p2a: Archaludon|perish2\n|-start|p2b: Politoed|perish2\n|-start|p1a: Incineroar|perish2\n|upkeep\n|turn|5\n|\n|t:|1776155203\n|switch|p1b: Drampa|Drampa, L50, F|100/100\n|move|p2a: Archaludon|Electro Shot||[still]\n|-prepare|p2a: Archaludon|Electro Shot\n|-boost|p2a: Archaludon|spa|1\n|-anim|p2a: Archaludon|Electro Shot|p1a: Incineroar\n|-damage|p1a: Incineroar|10/100\n|move|p2b: Politoed|Weather Ball|p1a: Incineroar\n|-supereffective|p1a: Incineroar|1\n|-enditem|p1a: Incineroar|Passho Berry|[eat]\n|-enditem|p1a: Incineroar|Passho Berry|[weaken]\n|-damage|p1a: Incineroar|0 fnt\n|faint|p1a: Incineroar\n|\n|-weather|none\n|-heal|p2b: Politoed|100/100|[from] item: Leftovers\n|-damage|p2a: Archaludon|89/100 brn|[from] brn\n|-start|p2a: Archaludon|perish1\n|-start|p2b: Politoed|perish1\n|upkeep\n|\n|t:|1776155219\n|switch|p1a: Sinistcha|Sinistcha, L50|100/100\n|turn|6\n|inactive|Todochafa has 30 seconds left.\n|\n|t:|1776155245\n|switch|p2a: Incineroar|Incineroar, L50, M|100/100\n|-ability|p2a: Incineroar|Intimidate|boost\n|-unboost|p1a: Sinistcha|atk|1\n|-unboost|p1b: Drampa|atk|1\n|detailschange|p1b: Drampa|Drampa-Mega, L50, F\n|-mega|p1b: Drampa|Drampa|Drampanite\n|move|p2b: Politoed|Perish Song|p2b: Politoed\n|-start|p1a: Sinistcha|perish3|[silent]\n|-start|p1b: Drampa|perish3|[silent]\n|-start|p2a: Incineroar|perish3|[silent]\n|-fieldactivate|move: Perish Song\n|move|p1b: Drampa|Calm Mind|p1b: Drampa\n|-boost|p1b: Drampa|spa|1\n|-boost|p1b: Drampa|spd|1\n|move|p1a: Sinistcha|Trick Room|p1a: Sinistcha\n|-fieldstart|move: Trick Room|[of] p1a: Sinistcha\n|\n|-start|p1b: Drampa|perish3\n|-start|p1a: Sinistcha|perish3\n|-start|p2a: Incineroar|perish3\n|-start|p2b: Politoed|perish0\n|faint|p2b: Politoed\n|upkeep\n|\n|t:|1776155263\n|switch|p2b: Starmie|Starmie-Mega, L50|100/100\n|turn|7\n|\n|t:|1776155275\n|move|p1b: Drampa|Protect|p1b: Drampa\n|-singleturn|p1b: Drampa|Protect\n|move|p2b: Starmie|Protect|p2b: Starmie\n|-singleturn|p2b: Starmie|Protect\n|move|p1a: Sinistcha|Matcha Gotcha|p2a: Incineroar|[spread] p2a\n|-activate|p2b: Starmie|move: Protect\n|-resisted|p2a: Incineroar|1\n|-damage|p2a: Incineroar|90/100\n|move|p2a: Incineroar|Flare Blitz|p1a: Sinistcha\n|-supereffective|p1a: Sinistcha|1\n|-damage|p1a: Sinistcha|26/100\n|-enditem|p1a: Sinistcha|Sitrus Berry|[eat]\n|-heal|p1a: Sinistcha|51/100|[from] item: Sitrus Berry\n|-damage|p2a: Incineroar|68/100|[from] Recoil\n|\n|-start|p1b: Drampa|perish2\n|-start|p1a: Sinistcha|perish2\n|-start|p2a: Incineroar|perish2\n|upkeep\n|turn|8\n|inactive|Todochafa has 30 seconds left.\n|\n|t:|1776155306\n|switch|p1a: Rotom|Rotom-Wash, L50|32/100\n|switch|p2b: Archaludon|Archaludon, L50, M|89/100 brn\n|move|p1b: Drampa|Hyper Voice|p2b: Archaludon|[spread] p2a,p2b\n|-resisted|p2b: Archaludon|1\n|-damage|p2a: Incineroar|5/100\n|-damage|p2b: Archaludon|33/100 brn\n|-enditem|p2a: Incineroar|Sitrus Berry|[eat]\n|-heal|p2a: Incineroar|30/100|[from] item: Sitrus Berry\n|move|p2a: Incineroar|Parting Shot|p1b: Drampa\n|-unboost|p1b: Drampa|atk|1\n|-unboost|p1b: Drampa|spa|1\n|\n|t:|1776155321\n|switch|p2a: Starmie|Starmie-Mega, L50|100/100|[from] Parting Shot\n|\n|-damage|p2b: Archaludon|27/100 brn|[from] brn\n|-start|p1b: Drampa|perish1\n|upkeep\n|turn|9\n|\n|t:|1776155343\n|switch|p1b: Sinistcha|Sinistcha, L50|51/100\n|-heal|p1a: Rotom|57/100|[from] ability: Hospitality|[of] p1b: Sinistcha\n|move|p2b: Archaludon|Draco Meteor|p1a: Rotom\n|-damage|p1a: Rotom|0 fnt\n|-unboost|p2b: Archaludon|spa|2\n|faint|p1a: Rotom\n|move|p2a: Starmie|Psycho Cut|p1b: Sinistcha\n|-damage|p1b: Sinistcha|6/100\n|\n|-damage|p2b: Archaludon|21/100 brn|[from] brn\n|upkeep\n|\n|t:|1776155353\n|switch|p1a: Drampa|Drampa-Mega, L50, F|100/100\n|turn|10\n|\n|t:|1776155360\n|move|p2a: Starmie|Protect|p2a: Starmie\n|-singleturn|p2a: Starmie|Protect\n|move|p1a: Drampa|Calm Mind|p1a: Drampa\n|-boost|p1a: Drampa|spa|1\n|-boost|p1a: Drampa|spd|1\n|move|p1b: Sinistcha|Life Dew||[still]|[spread] p1a,p1b\n|-fail|p1a: Drampa|heal\n|-heal|p1b: Sinistcha|31/100\n|move|p2b: Archaludon|Draco Meteor|p1a: Drampa\n|-supereffective|p1a: Drampa|1\n|-damage|p1a: Drampa|64/100\n|-unboost|p2b: Archaludon|spa|2\n|\n|-damage|p2b: Archaludon|15/100 brn|[from] brn\n|-fieldend|move: Trick Room\n|upkeep\n|turn|11\n|\n|t:|1776155379\n|switch|p2b: Incineroar|Incineroar, L50, M|30/100\n|-ability|p2b: Incineroar|Intimidate|boost\n|-unboost|p1a: Drampa|atk|1\n|-unboost|p1b: Sinistcha|atk|1\n|move|p1b: Sinistcha|Rage Powder|p1b: Sinistcha\n|-singleturn|p1b: Sinistcha|move: Rage Powder\n|move|p2a: Starmie|Psycho Cut|p1b: Sinistcha\n|-damage|p1b: Sinistcha|0 fnt\n|faint|p1b: Sinistcha\n|move|p1a: Drampa|Hyper Voice|p2a: Starmie|[spread] p2a,p2b\n|-damage|p2a: Starmie|32/100\n|-damage|p2b: Incineroar|0 fnt\n|faint|p2b: Incineroar\n|\n|upkeep\n|\n|t:|1776155391\n|switch|p2b: Archaludon|Archaludon, L50, M|15/100 brn\n|turn|12\n|\n|t:|1776155398\n|move|p1a: Drampa|Protect|p1a: Drampa\n|-singleturn|p1a: Drampa|Protect\n|move|p2a: Starmie|Psycho Cut|p1a: Drampa\n|-activate|p1a: Drampa|move: Protect\n|move|p2b: Archaludon|Draco Meteor|p1a: Drampa\n|-activate|p1a: Drampa|move: Protect\n|\n|-damage|p2b: Archaludon|9/100 brn|[from] brn\n|upkeep\n|turn|13\n|\n|t:|1776155413\n|move|p2a: Starmie|Psycho Cut|p1a: Drampa\n|-damage|p1a: Drampa|15/100\n|-ability|p1a: Drampa|Berserk|boost\n|-boost|p1a: Drampa|spa|1\n|move|p2b: Archaludon|Draco Meteor|p1a: Drampa\n|-supereffective|p1a: Drampa|1\n|-damage|p1a: Drampa|0 fnt\n|-unboost|p2b: Archaludon|spa|2\n|faint|p1a: Drampa\n|\n|win|Todochafa\n|raw|RandomGuyInSchool's rating: 1025 &rarr; <strong>1015</strong><br />(-10 for losing)\n|raw|Todochafa's rating: 1115 &rarr; <strong>1134</strong><br />(+19 for winning)\n",
  "uploadtime": 1776155419,
  "views": 22,
  "formatid": "gen9championsvgc2026regma",
  "rating": 1015,
  "private": 0,
  "password": null
}