{
  "id": "gen9championsvgc2026regma-2580549762",
  "format": "[Gen 9 Champions] VGC 2026 Reg M-A",
  "players": [
    "Tweinnme",
    "jayoticnl"
  ],
  "log": "|j|\u2606Tweinnme\n|j|\u2606jayoticnl\n|t:|1775911740\n|gametype|doubles\n|player|p1|Tweinnme|fantina|1099\n|player|p2|jayoticnl|idol|1114\n|gen|9\n|tier|[Gen 9 Champions] VGC 2026 Reg M-A\n|rated|\n|rule|Species Clause: Limit one of each Pok\u00e9mon\n|rule|Item Clause: Limit 1 of each item\n|clearpoke\n|poke|p1|Delphox, L50, M|\n|poke|p1|Whimsicott, L50, F|\n|poke|p1|Garchomp, L50, M|\n|poke|p1|Orthworm, L50, M|\n|poke|p1|Gyarados, L50, M|\n|poke|p1|Dragonite, L50, F|\n|poke|p2|Banette, L50, F|\n|poke|p2|Incineroar, L50, M|\n|poke|p2|Araquanid, L50, M|\n|poke|p2|Rotom-Mow, L50|\n|poke|p2|Corviknight, L50, F|\n|poke|p2|Garchomp, L50, M|\n|teampreview|4\n|\n|t:|1775911809\n|teamsize|p1|4\n|teamsize|p2|4\n|start\n|switch|p1a: The Castle|Orthworm, L50, M|100/100\n|switch|p1b: The Jester|Whimsicott, L50, F|100/100\n|switch|p2a: Incineroar|Incineroar, L50, M|100/100\n|switch|p2b: Banette|Banette, L50, F|100/100\n|-item|p1a: The Castle|Occa Berry|[from] ability: Frisk|[of] p2b: Banette\n|-item|p1b: The Jester|Focus Sash|[from] ability: Frisk|[of] p2b: Banette\n|-ability|p2a: Incineroar|Intimidate|boost\n|-unboost|p1a: The Castle|atk|1\n|-unboost|p1b: The Jester|atk|1\n|turn|1\n|\n|t:|1775911822\n|detailschange|p2b: Banette|Banette-Mega, L50, F\n|-mega|p2b: Banette|Banette|Banettite\n|move|p1b: The Jester|Protect|p1b: The Jester\n|-singleturn|p1b: The Jester|Protect\n|move|p2a: Incineroar|Fake Out|p1b: The Jester\n|-activate|p1b: The Jester|move: Protect\n|move|p1a: The Castle|Shed Tail|p1a: The Castle\n|-start|p1a: The Castle|Substitute|[from] move: Shed Tail\n|-damage|p1a: The Castle|50/100\n|\n|t:|1775911837\n|switch|p1a: The Queen|Delphox, L50, M|100/100|[from] Shed Tail\n|move|p2b: Banette|Trick Room|p2b: Banette\n|-fieldstart|move: Trick Room|[of] p2b: Banette\n|\n|upkeep\n|turn|2\n|\n|t:|1775911847\n|detailschange|p1a: The Queen|Delphox-Mega, L50, M\n|-mega|p1a: The Queen|Delphox|Delphoxite\n|move|p2b: Banette|Encore|p1b: The Jester\n|-start|p1b: The Jester|Encore\n|move|p1b: The Jester|Protect|p1b: The Jester\n|-singleturn|p1b: The Jester|Protect\n|move|p2a: Incineroar|Parting Shot|p1a: The Queen\n|-unboost|p1a: The Queen|atk|1\n|-unboost|p1a: The Queen|spa|1\n|\n|t:|1775911855\n|switch|p2a: Araquanid|Araquanid, L50, M|100/100|[from] Parting Shot\n|move|p1a: The Queen|Nasty Plot|p1a: The Queen\n|-boost|p1a: The Queen|spa|2\n|\n|upkeep\n|turn|3\n|\n|t:|1775911876\n|switch|p1b: The Castle|Orthworm, L50, M|50/100\n|move|p1a: The Queen|Protect|p1a: The Queen\n|-singleturn|p1a: The Queen|Protect\n|move|p2a: Araquanid|Liquidation|p1a: The Queen\n|-activate|p1a: The Queen|move: Protect\n|move|p2b: Banette|Poltergeist|p1a: The Queen\n|-activate|p1a: The Queen|move: Protect\n|\n|upkeep\n|turn|4\n|\n|t:|1775911909\n|move|p2b: Banette|Encore|p1a: The Queen\n|-start|p1a: The Queen|Encore\n|move|p1a: The Queen|Protect||[still]\n|-fail|p1a: The Queen\n|move|p2a: Araquanid|Liquidation|p1a: The Queen\n|-supereffective|p1a: The Queen|1\n|-end|p1a: The Queen|Substitute\n|move|p1b: The Castle|Iron Defense|p1b: The Castle\n|-boost|p1b: The Castle|def|2\n|\n|upkeep\n|turn|5\n|inactive|Battle timer is ON: inactive players will automatically lose when time's up. (requested by Tweinnme)\n|\n|t:|1775911957\n|switch|p1a: The Knight|Garchomp, L50, M|100/100\n|move|p2b: Banette|Encore|p1b: The Castle\n|-start|p1b: The Castle|Encore\n|move|p2a: Araquanid|Liquidation|p1a: The Knight\n|-damage|p1a: The Knight|16/100\n|-unboost|p1a: The Knight|def|1\n|-damage|p2a: Araquanid|88/100|[from] ability: Rough Skin|[of] p1a: The Knight\n|move|p1b: The Castle|Iron Defense|p1b: The Castle\n|-boost|p1b: The Castle|def|2\n|\n|-fieldend|move: Trick Room\n|upkeep\n|turn|6\n|inactive|Tweinnme has 30 seconds left.\n|\n|t:|1775911989\n|switch|p1b: The Queen|Delphox-Mega, L50, M|100/100\n|move|p1a: The Knight|Earthquake|p2b: Banette|[spread] p2a,p2b\n|-immune|p1b: The Queen|[from] ability: Levitate\n|-resisted|p2a: Araquanid|1\n|-damage|p2a: Araquanid|68/100\n|-damage|p2b: Banette|63/100\n|move|p2a: Araquanid|Liquidation|p1a: The Knight\n|-damage|p1a: The Knight|0 fnt\n|-damage|p2a: Araquanid|56/100|[from] ability: Rough Skin|[of] p1a: The Knight\n|faint|p1a: The Knight\n|move|p2b: Banette|Trick Room|p2b: Banette\n|-fieldstart|move: Trick Room|[of] p2b: Banette\n|\n|upkeep\n|\n|t:|1775912006\n|switch|p1a: The Jester|Whimsicott, L50, F|100/100\n|turn|7\n|\n|t:|1775912029\n|switch|p2b: Incineroar|Incineroar, L50, M|100/100\n|-ability|p2b: Incineroar|Intimidate|boost\n|-unboost|p1a: The Jester|atk|1\n|-unboost|p1b: The Queen|atk|1\n|move|p1a: The Jester|Protect|p1a: The Jester\n|-singleturn|p1a: The Jester|Protect\n|move|p1b: The Queen|Protect|p1b: The Queen\n|-singleturn|p1b: The Queen|Protect\n|move|p2a: Araquanid|Liquidation|p1b: The Queen\n|-activate|p1b: The Queen|move: Protect\n|\n|upkeep\n|turn|8\n|inactive|Tweinnme has 30 seconds left.\n|\n|t:|1775912054\n|switch|p1b: The Castle|Orthworm, L50, M|50/100\n|move|p2a: Araquanid|Liquidation|p1b: The Castle\n|-damage|p1b: The Castle|0 fnt\n|faint|p1b: The Castle\n|move|p2b: Incineroar|Flare Blitz|p1a: The Jester\n|-supereffective|p1a: The Jester|1\n|-enditem|p1a: The Jester|Focus Sash\n|-damage|p1a: The Jester|1/100\n|-damage|p2b: Incineroar|79/100|[from] Recoil\n|move|p1a: The Jester|Moonblast|p2a: Araquanid\n|-damage|p2a: Araquanid|28/100\n|\n|upkeep\n|\n|t:|1775912067\n|switch|p1b: The Queen|Delphox-Mega, L50, M|100/100\n|turn|9\n|\n|t:|1775912070\n|move|p1a: The Jester|Protect|p1a: The Jester\n|-singleturn|p1a: The Jester|Protect\n|move|p1b: The Queen|Protect|p1b: The Queen\n|-singleturn|p1b: The Queen|Protect\n|move|p2a: Araquanid|Liquidation|p1b: The Queen\n|-activate|p1b: The Queen|move: Protect\n|move|p2b: Incineroar|Flare Blitz|p1a: The Jester\n|-activate|p1a: The Jester|move: Protect\n|\n|upkeep\n|turn|10\n|\n|t:|1775912088\n|move|p1a: The Jester|Sunny Day|p1a: The Jester\n|-weather|SunnyDay\n|move|p2a: Araquanid|Liquidation|p1b: The Queen\n|-supereffective|p1b: The Queen|1\n|-damage|p1b: The Queen|0 fnt\n|faint|p1b: The Queen\n|move|p2b: Incineroar|Flare Blitz|p1a: The Jester\n|-supereffective|p1a: The Jester|1\n|-damage|p1a: The Jester|0 fnt\n|faint|p1a: The Jester\n|-damage|p2b: Incineroar|78/100|[from] Recoil\n|\n|win|jayoticnl\n|raw|Tweinnme's rating: 1099 &rarr; <strong>1075</strong><br />(-24 for losing)\n|raw|jayoticnl's rating: 1114 &rarr; <strong>1138</strong><br />(+24 for winning)\n|l|\u2606Tweinnme\n|player|p1|\n",
  "uploadtime": 1775912094,
  "views": 34,
  "formatid": "gen9championsvgc2026regma",
  "rating": 1075,
  "private": 0,
  "password": null
}