{
  "id": "gen9championsvgc2026regma-2582822277",
  "format": "[Gen 9 Champions] VGC 2026 Reg M-A",
  "players": [
    "charred_asian",
    "Pikachu4Days"
  ],
  "log": "|j|\u2606charred_asian\n|j|\u2606Pikachu4Days\n|t:|1776116745\n|gametype|doubles\n|player|p1|charred_asian|iris-gen5bw2|1055\n|player|p2|Pikachu4Days|2|1019\n|gen|9\n|tier|[Gen 9 Champions] VGC 2026 Reg M-A\n|rated|\n|rule|Species Clause: Limit one of each Pok\u00e9mon\n|rule|Item Clause: Limit 1 of each item\n|clearpoke\n|poke|p1|Froslass, L50, F|\n|poke|p1|Avalugg-Hisui, L50, F|\n|poke|p1|Garchomp, L50, M|\n|poke|p1|Charizard, L50, F|\n|poke|p1|Raichu, L50, F|\n|poke|p1|Aegislash, L50, M|\n|poke|p2|Vivillon, L50, F|\n|poke|p2|Slowbro, L50, F|\n|poke|p2|Torkoal, L50, M|\n|poke|p2|Rhyperior, L50, F|\n|poke|p2|Charizard, L50, M|\n|poke|p2|Venusaur, L50, M|\n|teampreview|4\n|\n|t:|1776116782\n|teamsize|p1|4\n|teamsize|p2|4\n|start\n|switch|p1a: Aegislash|Aegislash, L50, M, shiny|100/100\n|switch|p1b: Avalugg|Avalugg-Hisui, L50, F|100/100\n|switch|p2a: Charizard|Charizard, L50, M, shiny|100/100\n|switch|p2b: Venusaur|Venusaur, L50, M|100/100\n|turn|1\n|inactive|Battle timer is ON: inactive players will automatically lose when time's up. (requested by Pikachu4Days)\n|inactive|Pikachu4Days has 60 seconds left.\n|\n|t:|1776116822\n|move|p2a: Charizard|Protect|p2a: Charizard\n|-singleturn|p2a: Charizard|Protect\n|move|p1a: Aegislash|King's Shield|p1a: Aegislash\n|-singleturn|p1a: Aegislash|Protect\n|move|p2b: Venusaur|Sleep Powder|p1b: Avalugg\n|-status|p1b: Avalugg|slp|[from] move: Sleep Powder\n|-enditem|p1b: Avalugg|Lum Berry|[eat]\n|-curestatus|p1b: Avalugg|slp|[msg]\n|move|p1b: Avalugg|Mirror Coat||[still]\n|-fail|p1b: Avalugg\n|\n|upkeep\n|turn|2\n|inactive|Pikachu4Days has 30 seconds left.\n|inactive|Pikachu4Days has 20 seconds left.\n|inactive|Pikachu4Days has 15 seconds left.\n|\n|t:|1776116866\n|detailschange|p2a: Charizard|Charizard-Mega-Y, L50, M, shiny\n|-mega|p2a: Charizard|Charizard|Charizardite Y\n|-weather|SunnyDay|[from] ability: Drought|[of] p2a: Charizard\n|move|p2b: Venusaur|Sleep Powder|p1a: Aegislash\n|-status|p1a: Aegislash|slp|[from] move: Sleep Powder\n|move|p2a: Charizard|Solar Beam||[still]\n|-prepare|p2a: Charizard|Solar Beam\n|-anim|p2a: Charizard|Solar Beam|p1b: Avalugg\n|-supereffective|p1b: Avalugg|1\n|-ability|p1b: Avalugg|Sturdy\n|-damage|p1b: Avalugg|1/100\n|cant|p1a: Aegislash|slp\n|move|p1b: Avalugg|Mirror Coat|p2a: Charizard\n|-damage|p2a: Charizard|0 fnt\n|faint|p2a: Charizard\n|\n|-weather|SunnyDay|[upkeep]\n|upkeep\n|\n|t:|1776116883\n|switch|p2a: Vivillon|Vivillon, L50, F|100/100\n|turn|3\n|inactive|Pikachu4Days has 30 seconds left.\n|\n|t:|1776116910\n|move|p2b: Venusaur|Sludge Bomb|p1a: Aegislash\n|-immune|p1a: Aegislash\n|move|p2a: Vivillon|Pollen Puff|p1b: Avalugg\n|-damage|p1b: Avalugg|0 fnt\n|faint|p1b: Avalugg\n|-curestatus|p1a: Aegislash|slp|[msg]\n|-formechange|p1a: Aegislash|Aegislash-Blade|\n|move|p1a: Aegislash|Psycho Cut|p2b: Venusaur\n|-supereffective|p2b: Venusaur|1\n|-damage|p2b: Venusaur|38/100\n|\n|-weather|SunnyDay|[upkeep]\n|-heal|p2b: Venusaur|44/100|[from] item: Leftovers\n|upkeep\n|\n|t:|1776116924\n|switch|p1b: Raichu|Raichu, L50, F, shiny|100/100\n|turn|4\n|\n|t:|1776116934\n|move|p2b: Venusaur|Protect|p2b: Venusaur\n|-singleturn|p2b: Venusaur|Protect\n|-formechange|p1a: Aegislash|Aegislash|\n|move|p1a: Aegislash|King's Shield|p1a: Aegislash\n|-singleturn|p1a: Aegislash|Protect\n|move|p1b: Raichu|Discharge|p2b: Venusaur|[spread] p2a\n|-activate|p1a: Aegislash|move: Protect\n|-activate|p2b: Venusaur|move: Protect\n|-supereffective|p2a: Vivillon|1\n|-damage|p2a: Vivillon|28/100\n|-status|p2a: Vivillon|par\n|move|p2a: Vivillon|Sleep Powder|p1b: Raichu\n|-status|p1b: Raichu|slp|[from] move: Sleep Powder\n|\n|-weather|SunnyDay|[upkeep]\n|-heal|p2b: Venusaur|50/100|[from] item: Leftovers\n|upkeep\n|turn|5\n|inactive|Pikachu4Days has 30 seconds left.\n|inactive|Pikachu4Days has 20 seconds left.\n|\n|t:|1776116971\n|cant|p1b: Raichu|slp\n|move|p2b: Venusaur|Giga Drain|p1b: Raichu\n|-damage|p1b: Raichu|58/100 slp\n|-heal|p2b: Venusaur|68/100|[from] drain|[of] p1b: Raichu\n|move|p2a: Vivillon|Pollen Puff|p1b: Raichu\n|-damage|p1b: Raichu|10/100 slp\n|-formechange|p1a: Aegislash|Aegislash-Blade|\n|move|p1a: Aegislash|Psycho Cut|p2b: Venusaur\n|-supereffective|p2b: Venusaur|1\n|-damage|p2b: Venusaur|11/100\n|\n|-weather|SunnyDay|[upkeep]\n|-heal|p2b: Venusaur|16/100|[from] item: Leftovers\n|upkeep\n|turn|6\n|\n|t:|1776116990\n|-formechange|p1a: Aegislash|Aegislash|\n|move|p1a: Aegislash|King's Shield|p1a: Aegislash\n|-singleturn|p1a: Aegislash|Protect\n|cant|p2a: Vivillon|par\n|cant|p1b: Raichu|slp\n|move|p2b: Venusaur|Giga Drain|p1b: Raichu\n|-damage|p1b: Raichu|0 fnt\n|-heal|p2b: Venusaur|21/100|[from] drain|[of] p1b: Raichu\n|faint|p1b: Raichu\n|\n|-weather|none\n|-heal|p2b: Venusaur|27/100|[from] item: Leftovers\n|upkeep\n|\n|t:|1776117008\n|switch|p1b: Froslass|Froslass, L50, F, shiny|100/100\n|turn|7\n|\n|t:|1776117032\n|move|p1b: Froslass|Protect|p1b: Froslass\n|-singleturn|p1b: Froslass|Protect\n|move|p2b: Venusaur|Protect|p2b: Venusaur\n|-singleturn|p2b: Venusaur|Protect\n|move|p2a: Vivillon|Sleep Powder|p1b: Froslass\n|-activate|p1b: Froslass|move: Protect\n|-formechange|p1a: Aegislash|Aegislash-Blade|\n|move|p1a: Aegislash|Psycho Cut|p2b: Venusaur\n|-activate|p2b: Venusaur|move: Protect\n|\n|-heal|p2b: Venusaur|32/100|[from] item: Leftovers\n|upkeep\n|turn|8\n|inactive|Pikachu4Days has 30 seconds left.\n|inactive|Pikachu4Days has 20 seconds left.\n|inactive|Pikachu4Days has 15 seconds left.\n|inactive|Pikachu4Days has 10 seconds left.\n|\n|t:|1776117081\n|detailschange|p1b: Froslass|Froslass-Mega, L50, F, shiny\n|-mega|p1b: Froslass|Froslass|Froslassite\n|-weather|Snowscape|[from] ability: Snow Warning|[of] p1b: Froslass\n|move|p2b: Venusaur|Protect||[still]\n|-fail|p2b: Venusaur\n|move|p2a: Vivillon|Rage Powder|p2a: Vivillon\n|-singleturn|p2a: Vivillon|move: Rage Powder\n|move|p1b: Froslass|Blizzard|p2b: Venusaur|[spread] p2a,p2b\n|-supereffective|p2a: Vivillon|1\n|-supereffective|p2b: Venusaur|1\n|-damage|p2a: Vivillon|0 fnt\n|-damage|p2b: Venusaur|0 fnt\n|faint|p2a: Vivillon\n|faint|p2b: Venusaur\n|move|p1a: Aegislash|Psycho Cut|p2: Vivillon|[notarget]\n|-fail|p1a: Aegislash\n|\n|-weather|Snowscape|[upkeep]\n|upkeep\n|c|\u2606Pikachu4Days|gg\n|c|\u2606charred_asian|gg\n|\n|t:|1776117101\n|switch|p2a: Torkoal|Torkoal, L50, M|100/100\n|-weather|SunnyDay|[from] ability: Drought|[of] p2a: Torkoal\n|turn|9\n|\n|t:|1776117110\n|move|p1b: Froslass|Shadow Ball|p2a: Torkoal\n|-crit|p2a: Torkoal\n|-damage|p2a: Torkoal|12/100\n|move|p1a: Aegislash|Shadow Ball|p2a: Torkoal\n|-damage|p2a: Torkoal|0 fnt\n|faint|p2a: Torkoal\n|\n|win|charred_asian\n|raw|charred_asian's rating: 1055 &rarr; <strong>1083</strong><br />(+28 for winning)\n|raw|Pikachu4Days's rating: 1019 &rarr; <strong>1007</strong><br />(-12 for losing)\n",
  "uploadtime": 1776117136,
  "views": 13,
  "formatid": "gen9championsvgc2026regma",
  "rating": 1007,
  "private": 0,
  "password": null
}