{
  "id": "gen9championsvgc2026regma-2584742941",
  "format": "[Gen 9 Champions] VGC 2026 Reg M-A",
  "players": [
    "karaikou",
    "bencaha1"
  ],
  "log": "|j|\u2606karaikou\n|j|\u2606bencaha1\n|t:|1776280509\n|gametype|doubles\n|player|p1|karaikou|1|1110\n|player|p2|bencaha1|102|1034\n|gen|9\n|tier|[Gen 9 Champions] VGC 2026 Reg M-A\n|rated|\n|rule|Species Clause: Limit one of each Pok\u00e9mon\n|rule|Item Clause: Limit 1 of each item\n|clearpoke\n|poke|p1|Charizard, L50, F|\n|poke|p1|Aegislash, L50, F|\n|poke|p1|Maushold, L50|\n|poke|p1|Whimsicott, L50, F|\n|poke|p1|Farigiraf, L50, F|\n|poke|p1|Rotom-Wash, L50|\n|poke|p2|Incineroar, L50, M|\n|poke|p2|Sinistcha, L50|\n|poke|p2|Kangaskhan, L50, F|\n|poke|p2|Sneasler, L50, M|\n|poke|p2|Dragonite, L50, M|\n|poke|p2|Politoed, L50, F|\n|teampreview|4\n|\n|t:|1776280557\n|teamsize|p1|4\n|teamsize|p2|4\n|start\n|switch|p1a: Araion|Charizard, L50, F|100/100\n|switch|p1b: Maushold|Maushold, L50|100/100\n|switch|p2a: Incineroar|Incineroar, L50, M|100/100\n|switch|p2b: Sneasler|Sneasler, L50, M|100/100\n|-ability|p2a: Incineroar|Intimidate|boost\n|-unboost|p1a: Araion|atk|1\n|-unboost|p1b: Maushold|atk|1\n|turn|1\n|\n|t:|1776280598\n|switch|p1b: Farigiraf|Farigiraf, L50, F|100/100\n|detailschange|p1a: Araion|Charizard-Mega-X, L50, F\n|-mega|p1a: Araion|Charizard|Charizardite X\n|move|p2a: Incineroar|Fake Out||[still]\n|cant|p1b: Farigiraf|ability: Armor Tail|Fake Out|[of] p2a: Incineroar\n|move|p2b: Sneasler|Taunt|p1b: Farigiraf\n|-start|p1b: Farigiraf|move: Taunt\n|move|p1a: Araion|Belly Drum|p1a: Araion\n|-damage|p1a: Araion|51/100\n|-setboost|p1a: Araion|atk|6|[from] move: Belly Drum\n|\n|upkeep\n|turn|2\n|\n|t:|1776280636\n|switch|p1b: Whimsicott|Whimsicott, L50, F|100/100\n|move|p2a: Incineroar|Helping Hand|p2b: Sneasler\n|-singleturn|p2b: Sneasler|Helping Hand|[of] p2a: Incineroar\n|move|p1a: Araion|Protect|p1a: Araion\n|-singleturn|p1a: Araion|Protect\n|move|p2b: Sneasler|Close Combat|p1a: Araion\n|-activate|p1a: Araion|move: Protect\n|\n|upkeep\n|turn|3\n|\n|t:|1776280663\n|move|p1b: Whimsicott|Tailwind|p1b: Whimsicott\n|-sidestart|p1: karaikou|move: Tailwind\n|move|p1a: Araion|Breaking Swipe|p2a: Incineroar|[spread] p2a,p2b\n|-crit|p2a: Incineroar\n|-damage|p2a: Incineroar|0 fnt\n|-damage|p2b: Sneasler|0 fnt\n|faint|p2a: Incineroar\n|faint|p2b: Sneasler\n|\n|upkeep\n|\n|t:|1776280677\n|switch|p2b: Kangaskhan|Kangaskhan, L50, F|100/100\n|switch|p2a: Sinistcha|Sinistcha, L50|100/100\n|turn|4\n|inactive|Battle timer is ON: inactive players will automatically lose when time's up. (requested by karaikou)\n|\n|t:|1776280720\n|switch|p1b: Farigiraf|Farigiraf, L50, F|100/100\n|detailschange|p2b: Kangaskhan|Kangaskhan-Mega, L50, F\n|-mega|p2b: Kangaskhan|Kangaskhan|Kangaskhanite\n|move|p2b: Kangaskhan|Protect|p2b: Kangaskhan\n|-singleturn|p2b: Kangaskhan|Protect\n|move|p1a: Araion|Breaking Swipe|p2a: Sinistcha|[spread] p2a\n|-activate|p2b: Kangaskhan|move: Protect\n|-damage|p2a: Sinistcha|0 fnt\n|faint|p2a: Sinistcha\n|\n|upkeep\n|turn|5\n|inactive|bencaha1 has 30 seconds left.\n|\n|t:|1776280749\n|move|p2b: Kangaskhan|Sucker Punch||[still]\n|cant|p1b: Farigiraf|ability: Armor Tail|Sucker Punch|[of] p2b: Kangaskhan\n|move|p1a: Araion|Breaking Swipe|p2b: Kangaskhan\n|-damage|p2b: Kangaskhan|0 fnt\n|faint|p2b: Kangaskhan\n|\n|win|karaikou\n|raw|karaikou's rating: 1110 &rarr; <strong>1130</strong><br />(+20 for winning)\n|raw|bencaha1's rating: 1034 &rarr; <strong>1022</strong><br />(-12 for losing)\n",
  "uploadtime": 1776280755,
  "views": 52,
  "formatid": "gen9championsvgc2026regma",
  "rating": 1022,
  "private": 0,
  "password": null
}