{
  "id": "gen9championsvgc2026regma-2585535631",
  "format": "[Gen 9 Champions] VGC 2026 Reg M-A",
  "players": [
    "josephcaa",
    "Law_NBD"
  ],
  "log": "|j|\u2606josephcaa\n|j|\u2606Law_NBD\n|t:|1776353991\n|gametype|doubles\n|player|p1|josephcaa|266|1141\n|player|p2|Law_NBD|1|1144\n|gen|9\n|tier|[Gen 9 Champions] VGC 2026 Reg M-A\n|rated|\n|rule|Species Clause: Limit one of each Pok\u00e9mon\n|rule|Item Clause: Limit 1 of each item\n|clearpoke\n|poke|p1|Garchomp, L50, M|\n|poke|p1|Tyranitar, L50, F|\n|poke|p1|Corviknight, L50, M|\n|poke|p1|Rotom-Wash, L50|\n|poke|p1|Sinistcha, L50|\n|poke|p1|Sneasler, L50, M|\n|poke|p2|Scovillain, L50, M|\n|poke|p2|Milotic, L50, F|\n|poke|p2|Espathra, L50, M|\n|poke|p2|Sinistcha, L50|\n|poke|p2|Incineroar, L50, M|\n|poke|p2|Maushold, L50|\n|teampreview|4\n|inactive|Battle timer is ON: inactive players will automatically lose when time's up. (requested by josephcaa)\n|inactive|josephcaa has 60 seconds left.\n|\n|t:|1776354035\n|teamsize|p1|4\n|teamsize|p2|4\n|start\n|switch|p1a: Garchomp|Garchomp, L50, M|100/100\n|switch|p1b: Rotom|Rotom-Wash, L50|100/100\n|switch|p2a: Incineroar|Incineroar, L50, M|100/100\n|switch|p2b: Espathra|Espathra, L50, M|100/100\n|-ability|p2a: Incineroar|Intimidate|boost\n|-unboost|p1a: Garchomp|atk|1\n|-unboost|p1b: Rotom|atk|1\n|turn|1\n|\n|t:|1776354059\n|move|p2a: Incineroar|Fake Out|p1a: Garchomp\n|-damage|p1a: Garchomp|88/100\n|-damage|p2a: Incineroar|88/100|[from] ability: Rough Skin|[of] p1a: Garchomp\n|cant|p1a: Garchomp|flinch\n|move|p2b: Espathra|Calm Mind|p2b: Espathra\n|-boost|p2b: Espathra|spa|1\n|-boost|p2b: Espathra|spd|1\n|move|p1b: Rotom|Hydro Pump|p2a: Incineroar\n|-supereffective|p2a: Incineroar|1\n|-damage|p2a: Incineroar|0 fnt\n|faint|p2a: Incineroar\n|\n|-ability|p2b: Espathra|Speed Boost|boost\n|-boost|p2b: Espathra|spe|1\n|upkeep\n|\n|t:|1776354081\n|switch|p2a: Scovillain|Scovillain, L50, M|100/100\n|turn|2\n|\n|t:|1776354091\n|detailschange|p2a: Scovillain|Scovillain-Mega, L50, M\n|-mega|p2a: Scovillain|Scovillain|Scovillainite\n|move|p2a: Scovillain|Rage Powder|p2a: Scovillain\n|-singleturn|p2a: Scovillain|move: Rage Powder\n|move|p1a: Garchomp|Earthquake|p2b: Espathra|[spread] p2a,p2b\n|-immune|p1b: Rotom|[from] ability: Levitate\n|-damage|p2a: Scovillain|74/100\n|-damage|p2b: Espathra|69/100\n|-status|p1a: Garchomp|brn|[from] ability: Spicy Spray|[of] p2a: Scovillain\n|move|p2b: Espathra|Calm Mind|p2b: Espathra\n|-boost|p2b: Espathra|spa|1\n|-boost|p2b: Espathra|spd|1\n|move|p1b: Rotom|Hydro Pump|p2a: Scovillain\n|-damage|p2a: Scovillain|29/100\n|-status|p1b: Rotom|brn|[from] ability: Spicy Spray|[of] p2a: Scovillain\n|\n|-damage|p1a: Garchomp|82/100 brn|[from] brn\n|-damage|p1b: Rotom|95/100 brn|[from] brn\n|-ability|p2b: Espathra|Speed Boost|boost\n|-boost|p2b: Espathra|spe|1\n|upkeep\n|turn|3\n|inactive|josephcaa has 30 seconds left.\n|inactive|Law_NBD has 30 seconds left.\n|\n|t:|1776354125\n|move|p2a: Scovillain|Protect|p2a: Scovillain\n|-singleturn|p2a: Scovillain|Protect\n|move|p2b: Espathra|Baton Pass|p2b: Espathra\n|\n|t:|1776354130\n|switch|p2b: Sinistcha|Sinistcha, L50|100/100|[from] Baton Pass\n|move|p1a: Garchomp|Earthquake|p2b: Sinistcha|[spread] p2b\n|-activate|p2a: Scovillain|move: Protect\n|-immune|p1b: Rotom|[from] ability: Levitate\n|-resisted|p2b: Sinistcha|1\n|-damage|p2b: Sinistcha|94/100\n|move|p1b: Rotom|Hydro Pump|p2b: Sinistcha\n|-resisted|p2b: Sinistcha|1\n|-damage|p2b: Sinistcha|77/100\n|\n|-heal|p1b: Rotom|100/100 brn|[from] item: Leftovers\n|-damage|p1a: Garchomp|76/100 brn|[from] brn\n|-damage|p1b: Rotom|95/100 brn|[from] brn\n|upkeep\n|turn|4\n|\n|t:|1776354155\n|switch|p1b: Sinistcha|Sinistcha, L50|100/100\n|-heal|p1a: Garchomp|100/100 brn|[from] ability: Hospitality|[of] p1b: Sinistcha\n|switch|p2a: Espathra|Espathra, L50, M|69/100\n|move|p1a: Garchomp|Earthquake|p2a: Espathra|[spread] p1b,p2a,p2b\n|-resisted|p1b: Sinistcha|1\n|-resisted|p2b: Sinistcha|1\n|-damage|p1b: Sinistcha|95/100\n|-damage|p2a: Espathra|52/100\n|-damage|p2b: Sinistcha|72/100\n|move|p2b: Sinistcha|Matcha Gotcha|p1b: Sinistcha|[spread] p1a,p1b\n|-resisted|p1b: Sinistcha|1\n|-damage|p1a: Garchomp|38/100 brn\n|-heal|p2b: Sinistcha|100/100|[from] drain|[of] p1a: Garchomp\n|-damage|p1b: Sinistcha|68/100\n|\n|-damage|p1a: Garchomp|32/100 brn|[from] brn\n|upkeep\n|turn|5\n|inactive|josephcaa has 30 seconds left.\n|\n|t:|1776354181\n|switch|p1a: Tyranitar|Tyranitar, L50, F|100/100\n|-weather|Sandstorm|[from] ability: Sand Stream|[of] p1a: Tyranitar\n|move|p2a: Espathra|Protect|p2a: Espathra\n|-singleturn|p2a: Espathra|Protect\n|move|p1b: Sinistcha|Protect|p1b: Sinistcha\n|-singleturn|p1b: Sinistcha|Protect\n|move|p2b: Sinistcha|Matcha Gotcha|p1a: Tyranitar|[spread] p1a\n|-activate|p1b: Sinistcha|move: Protect\n|-supereffective|p1a: Tyranitar|1\n|-damage|p1a: Tyranitar|23/100\n|\n|-weather|Sandstorm|[upkeep]\n|-damage|p2b: Sinistcha|94/100|[from] Sandstorm\n|-damage|p2a: Espathra|47/100|[from] Sandstorm\n|-damage|p1b: Sinistcha|62/100|[from] Sandstorm\n|-ability|p2a: Espathra|Speed Boost|boost\n|-boost|p2a: Espathra|spe|1\n|upkeep\n|turn|6\n|\n|t:|1776354202\n|detailschange|p1a: Tyranitar|Tyranitar-Mega, L50, F\n|-mega|p1a: Tyranitar|Tyranitar|Tyranitarite\n|move|p2a: Espathra|Calm Mind|p2a: Espathra\n|-boost|p2a: Espathra|spa|1\n|-boost|p2a: Espathra|spd|1\n|move|p2b: Sinistcha|Matcha Gotcha|p1a: Tyranitar|[spread] p1a,p1b\n|-supereffective|p1a: Tyranitar|1\n|-resisted|p1b: Sinistcha|1\n|-damage|p1a: Tyranitar|0 fnt\n|-heal|p2b: Sinistcha|100/100|[from] drain|[of] p1a: Tyranitar\n|-damage|p1b: Sinistcha|31/100\n|-enditem|p1b: Sinistcha|Sitrus Berry|[eat]\n|-heal|p1b: Sinistcha|56/100|[from] item: Sitrus Berry\n|faint|p1a: Tyranitar\n|move|p1b: Sinistcha|Matcha Gotcha|p2b: Sinistcha|[spread] p2a,p2b\n|-resisted|p2b: Sinistcha|1\n|-damage|p2a: Espathra|27/100\n|-heal|p1b: Sinistcha|67/100|[from] drain|[of] p2a: Espathra\n|-damage|p2b: Sinistcha|93/100\n|-heal|p1b: Sinistcha|71/100|[from] drain|[of] p2b: Sinistcha\n|\n|-weather|Sandstorm|[upkeep]\n|-damage|p2a: Espathra|21/100|[from] Sandstorm\n|-damage|p2b: Sinistcha|86/100|[from] Sandstorm\n|-damage|p1b: Sinistcha|65/100|[from] Sandstorm\n|-ability|p2a: Espathra|Speed Boost|boost\n|-boost|p2a: Espathra|spe|1\n|upkeep\n|-message|josephcaa forfeited.\n|\n|win|Law_NBD\n|raw|josephcaa's rating: 1141 &rarr; <strong>1116</strong><br />(-25 for losing)\n|raw|Law_NBD's rating: 1144 &rarr; <strong>1169</strong><br />(+25 for winning)\n|l|\u2606josephcaa\n|player|p1|\n",
  "uploadtime": 1776354229,
  "views": 46,
  "formatid": "gen9championsvgc2026regma",
  "rating": 1116,
  "private": 0,
  "password": null
}