{
  "id": "gen9championsvgc2026regma-2589394058",
  "format": "[Gen 9 Champions] VGC 2026 Reg M-A",
  "players": [
    "thecatsurf",
    "irohvish"
  ],
  "log": "|j|\u2606thecatsurf\n|j|\u2606irohvish\n|t:|1776719410\n|gametype|doubles\n|player|p1|thecatsurf|shauntal|1179\n|player|p2|irohvish|1|1144\n|gen|9\n|tier|[Gen 9 Champions] VGC 2026 Reg M-A\n|rated|\n|rule|Species Clause: Limit one of each Pok\u00e9mon\n|rule|Item Clause: Limit 1 of each item\n|clearpoke\n|poke|p1|Chandelure, L50, F|\n|poke|p1|Kingambit, L50, F|\n|poke|p1|Gyarados, L50, M|\n|poke|p1|Sylveon, L50, F|\n|poke|p1|Aerodactyl, L50, M|\n|poke|p1|Sinistcha-Masterpiece, L50|\n|poke|p2|Talonflame, L50, F|\n|poke|p2|Floette-Eternal, L50, F|\n|poke|p2|Basculegion, L50, M|\n|poke|p2|Sableye, L50, M|\n|poke|p2|Incineroar, L50, F, shiny|\n|poke|p2|Decidueye-Hisui, L50, M|\n|teampreview|4\n|inactive|Battle timer is ON: inactive players will automatically lose when time's up. (requested by irohvish)\n|inactive|irohvish has 60 seconds left.\n|inactive|thecatsurf has 60 seconds left.\n|\n|t:|1776719453\n|teamsize|p1|4\n|teamsize|p2|4\n|start\n|switch|p1a: Chandelure|Chandelure, L50, F|100/100\n|switch|p1b: Kingambit|Kingambit, L50, F|100/100\n|switch|p2a: Talonflame|Talonflame, L50, F|100/100\n|switch|p2b: Decidueye|Decidueye-Hisui, L50, M|100/100\n|turn|1\n|\n|t:|1776719469\n|detailschange|p1a: Chandelure|Chandelure-Mega, L50, F\n|-mega|p1a: Chandelure|Chandelure|Chandelurite\n|move|p1b: Kingambit|Protect|p1b: Kingambit\n|-singleturn|p1b: Kingambit|Protect\n|move|p2a: Talonflame|Tailwind|p2a: Talonflame\n|-sidestart|p2: irohvish|move: Tailwind\n|move|p2b: Decidueye|Close Combat|p1b: Kingambit\n|-activate|p1b: Kingambit|move: Protect\n|move|p1a: Chandelure|Heat Wave|p2a: Talonflame|[spread] p2a,p2b\n|-resisted|p2a: Talonflame|1\n|-supereffective|p2b: Decidueye|1\n|-damage|p2a: Talonflame|68/100\n|-damage|p2b: Decidueye|0 fnt\n|faint|p2b: Decidueye\n|\n|upkeep\n|\n|t:|1776719482\n|switch|p2b: Floette|Floette-Eternal, L50, F|100/100\n|turn|2\n|\n|t:|1776719492\n|switch|p1b: Aerodactyl|Aerodactyl, L50, M|100/100\n|-ability|p1b: Aerodactyl|Unnerve\n|detailschange|p2b: Floette|Floette-Mega, L50, F\n|-mega|p2b: Floette|Floette|Floettite\n|-ability|p2b: Floette|Fairy Aura\n|move|p2a: Talonflame|Flare Blitz|p1b: Aerodactyl\n|-resisted|p1b: Aerodactyl|1\n|-damage|p1b: Aerodactyl|60/100\n|-status|p1b: Aerodactyl|brn\n|-damage|p2a: Talonflame|54/100|[from] Recoil\n|move|p2b: Floette|Moonblast|p1a: Chandelure\n|-resisted|p1a: Chandelure|1\n|-damage|p1a: Chandelure|54/100\n|move|p1a: Chandelure|Heat Wave|p2a: Talonflame|[spread] p2a,p2b\n|-resisted|p2a: Talonflame|1\n|-damage|p2a: Talonflame|19/100\n|-damage|p2b: Floette|66/100\n|\n|-damage|p1b: Aerodactyl|55/100 brn|[from] brn\n|upkeep\n|turn|3\n|inactive|irohvish has 30 seconds left.\n|\n|t:|1776719518\n|move|p2a: Talonflame|Brave Bird|p1a: Chandelure\n|-damage|p1a: Chandelure|0 fnt\n|faint|p1a: Chandelure\n|-damage|p2a: Talonflame|3/100|[from] Recoil\n|move|p2b: Floette|Dazzling Gleam|p1b: Aerodactyl\n|-damage|p1b: Aerodactyl|0 fnt\n|faint|p1b: Aerodactyl\n|\n|upkeep\n|\n|t:|1776719525\n|switch|p1b: Kingambit|Kingambit, L50, F|100/100\n|switch|p1a: Sylveon|Sylveon, L50, F|100/100\n|turn|4\n|\n|t:|1776719548\n|move|p1b: Kingambit|Sucker Punch|p2a: Talonflame\n|-damage|p2a: Talonflame|0 fnt\n|faint|p2a: Talonflame\n|move|p2b: Floette|Moonblast|p1b: Kingambit\n|-damage|p1b: Kingambit|16/100\n|move|p1a: Sylveon|Hyper Beam|p2b: Floette\n|-damage|p2b: Floette|0 fnt\n|-mustrecharge|p1a: Sylveon\n|faint|p2b: Floette\n|\n|-sideend|p2: irohvish|move: Tailwind\n|upkeep\n|\n|t:|1776719555\n|switch|p2b: Basculegion|Basculegion, L50, M|100/100\n|turn|5\n|\n|t:|1776719563\n|move|p1b: Kingambit|Sucker Punch|p2b: Basculegion\n|-supereffective|p2b: Basculegion|1\n|-damage|p2b: Basculegion|0 fnt\n|faint|p2b: Basculegion\n|\n|win|thecatsurf\n|raw|thecatsurf's rating: 1179 &rarr; <strong>1201</strong><br />(+22 for winning)\n|raw|irohvish's rating: 1144 &rarr; <strong>1122</strong><br />(-22 for losing)\n",
  "uploadtime": 1776719811,
  "views": 6,
  "formatid": "gen9championsvgc2026regma",
  "rating": 1122,
  "private": 0,
  "password": null
}