{
  "id": "gen9championsvgc2026regma-2583163669",
  "format": "[Gen 9 Champions] VGC 2026 Reg M-A",
  "players": [
    "VerdantVirizion",
    "Shaymin24"
  ],
  "log": "|j|\u2606VerdantVirizion\n|j|\u2606Shaymin24\n|t:|1776149759\n|gametype|doubles\n|player|p1|VerdantVirizion|acetrainerf|\n|player|p2|Shaymin24|steven|\n|gen|9\n|tier|[Gen 9 Champions] VGC 2026 Reg M-A\n|rule|Species Clause: Limit one of each Pok\u00e9mon\n|rule|Item Clause: Limit 1 of each item\n|clearpoke\n|poke|p1|Golurk, L50|\n|poke|p1|Sinistcha, L50|\n|poke|p1|Kingambit, L50, F|\n|poke|p1|Sneasler, L50, M|\n|poke|p1|Ninetales-Alola, L50, M|\n|poke|p1|Glimmora, L50, M|\n|poke|p2|Glimmora, L50, M|\n|poke|p2|Rotom-Wash, L50|\n|poke|p2|Froslass, L50, F|\n|poke|p2|Kommo-o, L50, M|\n|poke|p2|Kingambit, L50, M|\n|poke|p2|Talonflame, L50, F|\n|teampreview|4\nVerdantVirizion has agreed to open team sheets.\n|inactive|Battle timer is ON: inactive players will automatically lose when time's up. (requested by VerdantVirizion)\nShaymin24 has agreed to open team sheets.\n|showteam|p1|Golurk||Golurkite|IronFist|HeadlongRush,Poltergeist,IcePunch,Protect||||||50|]Sinistcha||OccaBerry|Hospitality|TrickRoom,MatchaGotcha,RagePowder,Protect||||||50|]Kingambit||BlackGlasses|Defiant|SuckerPunch,KowtowCleave,SwordsDance,Protect|||F|||50|]Sneasler||WhiteHerb|Pressure|DireClaw,CloseCombat,FakeOut,Coaching|||M|||50|]Ninetales-Alola||FocusSash|SnowWarning|AuroraVeil,Blizzard,IcyWind,Protect|||M|||50|]Glimmora||Glimmoranite|ToxicDebris|PowerGem,SludgeBomb,EarthPower,SpikyShield|||M|||50|\n|showteam|p2|Glimmora||Glimmoranite|ToxicDebris|SludgeBomb,SpikyShield,EarthPower,PowerGem|||M|||50|]Rotom-Wash||ChoiceScarf|Levitate|Trick,Electroweb,Thunderbolt,HydroPump||||||50|]Froslass||Froslassite|SnowCloak|Protect,Blizzard,ShadowBall,DestinyBond|||F|||50|]Kommo-o||Leftovers|Overcoat|BodyPress,IronDefense,Protect,DracoMeteor|||M|||50|]Kingambit||BlackGlasses|Defiant|SuckerPunch,Protect,KowtowCleave,IronHead|||M|||50|]Talonflame||SharpBeak|GaleWings|DualWingbeat,Protect,Tailwind,FlareBlitz|||F|||50|\n|inactive|VerdantVirizion has 60 seconds left.\n|inactive|Shaymin24 has 60 seconds left.\n|inactive|VerdantVirizion has 30 seconds left.\n|inactive|Shaymin24 has 30 seconds left.\n|inactive|Shaymin24 has 20 seconds left.\n|inactive|Shaymin24 has 15 seconds left.\n|inactive|Shaymin24 has 10 seconds left.\n|inactive|Shaymin24 has 5 seconds left.\n|\n|t:|1776149864\n|teamsize|p1|4\n|teamsize|p2|4\n|start\n|switch|p1a: Cloak|Ninetales-Alola, L50, M|100/100\n|switch|p1b: Chiyou|Golurk, L50, shiny|100/100\n|switch|p2a: Froslass|Froslass, L50, F, shiny|100/100\n|switch|p2b: Talonflame|Talonflame, L50, F, shiny|100/100\n|-weather|Snowscape|[from] ability: Snow Warning|[of] p1a: Cloak\n|turn|1\n|inactive|VerdantVirizion has 30 seconds left.\n|inactive|Shaymin24 has 30 seconds left.\n|inactive|VerdantVirizion has 20 seconds left.\n|inactive|Shaymin24 has 20 seconds left.\n|inactive|VerdantVirizion has 15 seconds left.\n|inactive|Shaymin24 has 15 seconds left.\n|inactive|Shaymin24 has 10 seconds left.\n|inactive|Shaymin24 has 5 seconds left.\n|\n|t:|1776149917\n|switch|p2a: Kingambit|Kingambit, L50, M|100/100\n|detailschange|p1b: Chiyou|Golurk-Mega, L50, shiny\n|-mega|p1b: Chiyou|Golurk|Golurkite\n|move|p2b: Talonflame|Tailwind|p2b: Talonflame\n|-sidestart|p2: Shaymin24|move: Tailwind\n|move|p1a: Cloak|Aurora Veil|p1a: Cloak\n|-sidestart|p1: VerdantVirizion|move: Aurora Veil\n|move|p1b: Chiyou|Poltergeist|p2a: Kingambit\n|-activate|p2a: Kingambit|move: Poltergeist|Black Glasses\n|-resisted|p2a: Kingambit|1\n|-damage|p2a: Kingambit|71/100\n|\n|-weather|Snowscape|[upkeep]\n|upkeep\n|turn|2\n|inactive|VerdantVirizion has 30 seconds left.\n|inactive|Shaymin24 has 30 seconds left.\n|inactive|VerdantVirizion has 20 seconds left.\n|inactive|Shaymin24 has 20 seconds left.\n|inactive|VerdantVirizion has 15 seconds left.\n|inactive|Shaymin24 has 15 seconds left.\n|inactive|Shaymin24 has 10 seconds left.\n|inactive|Shaymin24 has 5 seconds left.\n|\n|t:|1776149970\n|move|p1a: Cloak|Protect|p1a: Cloak\n|-singleturn|p1a: Cloak|Protect\n|move|p2a: Kingambit|Protect|p2a: Kingambit\n|-singleturn|p2a: Kingambit|Protect\n|move|p2b: Talonflame|Flare Blitz|p1a: Cloak\n|-activate|p1a: Cloak|move: Protect\n|move|p1b: Chiyou|Headlong Rush|p2a: Kingambit\n|-supereffective|p2a: Kingambit|1\n|-ability|p1b: Chiyou|Unseen Fist\n|-zbroken|p2a: Kingambit\n|-damage|p2a: Kingambit|39/100\n|-unboost|p1b: Chiyou|def|1\n|-unboost|p1b: Chiyou|spd|1\n|\n|-weather|Snowscape|[upkeep]\n|upkeep\n|turn|3\n|inactive|VerdantVirizion has 30 seconds left.\n|inactive|Shaymin24 has 30 seconds left.\n|inactive|VerdantVirizion has 20 seconds left.\n|inactive|VerdantVirizion has 15 seconds left.\n|inactive|Shaymin24 has 20 seconds left.\n|inactive|VerdantVirizion has 10 seconds left.\n|inactive|VerdantVirizion has 5 seconds left.\n|\n|t:|1776150021\n|move|p2b: Talonflame|Flare Blitz|p1b: Chiyou\n|-damage|p1b: Chiyou|54/100\n|-damage|p2b: Talonflame|83/100|[from] Recoil\n|move|p1a: Cloak|Blizzard|p2a: Kingambit|[spread] p2a,p2b\n|-resisted|p2a: Kingambit|1\n|-damage|p2a: Kingambit|26/100\n|-damage|p2b: Talonflame|36/100\n|move|p2a: Kingambit|Kowtow Cleave|p1b: Chiyou\n|-supereffective|p1b: Chiyou|1\n|-damage|p1b: Chiyou|0 fnt\n|faint|p1b: Chiyou\n|\n|-weather|Snowscape|[upkeep]\n|upkeep\n|inactive|VerdantVirizion has 30 seconds left.\n|inactive|VerdantVirizion has 20 seconds left.\n|\n|t:|1776150059\n|switch|p1b: Dagger|Sneasler, L50, M|100/100\n|-ability|p1b: Dagger|Pressure\n|turn|4\n|inactive|Shaymin24 has 30 seconds left.\n|inactive|Shaymin24 has 20 seconds left.\n|inactive|Shaymin24 has 15 seconds left.\n|inactive|Shaymin24 has 10 seconds left.\n|\n|t:|1776150107\n|switch|p1a: Raven|Kingambit, L50, F|100/100\n|move|p2b: Talonflame|Protect|p2b: Talonflame\n|-singleturn|p2b: Talonflame|Protect\n|move|p2a: Kingambit|Protect|p2a: Kingambit\n|-singleturn|p2a: Kingambit|Protect\n|move|p1b: Dagger|Fake Out|p2b: Talonflame\n|-activate|p2b: Talonflame|move: Protect\n|\n|-weather|Snowscape|[upkeep]\n|-sideend|p2: Shaymin24|move: Tailwind\n|upkeep\n|turn|5\n|inactive|VerdantVirizion has 30 seconds left.\n|inactive|Shaymin24 has 30 seconds left.\n|inactive|Shaymin24 has 20 seconds left.\n|inactive|Shaymin24 has 15 seconds left.\n|inactive|Shaymin24 has 10 seconds left.\n|\n|t:|1776150154\n|move|p1a: Raven|Sucker Punch||[still]\n|-fail|p1a: Raven\n|move|p2a: Kingambit|Sucker Punch|p1b: Dagger\n|-resisted|p1b: Dagger|1\n|-damage|p1b: Dagger|74/100\n|move|p2b: Talonflame|Tailwind|p2b: Talonflame\n|-sidestart|p2: Shaymin24|move: Tailwind\n|move|p1b: Dagger|Close Combat|p2a: Kingambit\n|-supereffective|p2a: Kingambit|2\n|-damage|p2a: Kingambit|0 fnt\n|-unboost|p1b: Dagger|def|1\n|-unboost|p1b: Dagger|spd|1\n|faint|p2a: Kingambit\n|-enditem|p1b: Dagger|White Herb\n|-clearnegativeboost|p1b: Dagger|[silent]\n|\n|-weather|none\n|-sideend|p1: VerdantVirizion|move: Aurora Veil\n|upkeep\n|inactive|Shaymin24 has 30 seconds left.\n|\n|t:|1776150181\n|switch|p2a: Kommo-o|Kommo-o, L50, M|100/100\n|turn|6\n|inactive|VerdantVirizion has 30 seconds left.\n|inactive|Shaymin24 has 30 seconds left.\n|inactive|VerdantVirizion has 20 seconds left.\n|inactive|Shaymin24 has 20 seconds left.\n|inactive|VerdantVirizion has 15 seconds left.\n|inactive|VerdantVirizion has 10 seconds left.\n|\n|t:|1776150227\n|move|p1a: Raven|Sucker Punch|p2b: Talonflame\n|-damage|p2b: Talonflame|0 fnt\n|faint|p2b: Talonflame\n|move|p2a: Kommo-o|Iron Defense|p2a: Kommo-o\n|-boost|p2a: Kommo-o|def|2\n|move|p1b: Dagger|Dire Claw|p2a: Kommo-o\n|-damage|p2a: Kommo-o|83/100\n|\n|-heal|p2a: Kommo-o|90/100|[from] item: Leftovers\n|upkeep\n|\n|t:|1776150237\n|switch|p2b: Froslass|Froslass, L50, F, shiny|100/100\n|turn|7\n|inactive|VerdantVirizion has 30 seconds left.\n|inactive|Shaymin24 has 30 seconds left.\n|inactive|Shaymin24 has 20 seconds left.\n|inactive|Shaymin24 has 15 seconds left.\n|\n|t:|1776150282\n|switch|p1b: Cloak|Ninetales-Alola, L50, M|100/100\n|-weather|Snowscape|[from] ability: Snow Warning|[of] p1b: Cloak\n|move|p2b: Froslass|Protect|p2b: Froslass\n|-singleturn|p2b: Froslass|Protect\n|move|p1a: Raven|Protect|p1a: Raven\n|-singleturn|p1a: Raven|Protect\n|move|p2a: Kommo-o|Draco Meteor|p1b: Cloak\n|-immune|p1b: Cloak\n|\n|-weather|Snowscape|[upkeep]\n|-heal|p2a: Kommo-o|96/100|[from] item: Leftovers\n|upkeep\n|turn|8\n|inactive|VerdantVirizion has 30 seconds left.\n|inactive|Shaymin24 has 30 seconds left.\n|inactive|Shaymin24 has 20 seconds left.\n|inactive|Shaymin24 has 15 seconds left.\n|inactive|Shaymin24 has 10 seconds left.\n|\n|t:|1776150328\n|detailschange|p2b: Froslass|Froslass-Mega, L50, F, shiny\n|-mega|p2b: Froslass|Froslass|Froslassite\n|move|p1a: Raven|Sucker Punch||[still]\n|-fail|p1a: Raven\n|move|p2b: Froslass|Destiny Bond|p2b: Froslass\n|-singlemove|p2b: Froslass|Destiny Bond\n|move|p2a: Kommo-o|Body Press|p1a: Raven\n|-supereffective|p1a: Raven|2\n|-damage|p1a: Raven|0 fnt\n|faint|p1a: Raven\n|move|p1b: Cloak|Blizzard|p2b: Froslass|[spread] p2a,p2b\n|-supereffective|p2a: Kommo-o|1\n|-resisted|p2b: Froslass|1\n|-damage|p2a: Kommo-o|40/100\n|-damage|p2b: Froslass|81/100\n|\n|-weather|Snowscape|[upkeep]\n|-heal|p2a: Kommo-o|47/100|[from] item: Leftovers\n|-sideend|p2: Shaymin24|move: Tailwind\n|upkeep\n|\n|t:|1776150341\n|switch|p1a: Dagger|Sneasler, L50, M|74/100\n|-ability|p1a: Dagger|Pressure\n|turn|9\n|inactive|Shaymin24 has 30 seconds left.\n|inactive|Shaymin24 has 20 seconds left.\n|\n|t:|1776150366\n|move|p2a: Kommo-o|Protect|p2a: Kommo-o\n|-singleturn|p2a: Kommo-o|Protect\n|move|p1b: Cloak|Blizzard|p2a: Kommo-o|[spread] p2b\n|-activate|p2a: Kommo-o|move: Protect\n|-resisted|p2b: Froslass|1\n|-damage|p2b: Froslass|62/100\n|move|p2b: Froslass|Blizzard|p1a: Dagger|[spread] p1a,p1b\n|-resisted|p1b: Cloak|1\n|-damage|p1a: Dagger|11/100\n|-damage|p1b: Cloak|70/100\n|-status|p1a: Dagger|frz\n|cant|p1a: Dagger|frz\n|\n|-weather|Snowscape|[upkeep]\n|-heal|p2a: Kommo-o|53/100|[from] item: Leftovers\n|upkeep\n|turn|10\n|inactive|Shaymin24 has 20 seconds left this turn.\n|inactive|Shaymin24 has 15 seconds left.\n|\n|t:|1776150383\n|move|p1b: Cloak|Blizzard|p2a: Kommo-o|[spread] p2a,p2b\n|-supereffective|p2a: Kommo-o|1\n|-resisted|p2b: Froslass|1\n|-damage|p2a: Kommo-o|0 fnt\n|-damage|p2b: Froslass|43/100\n|faint|p2a: Kommo-o\n|move|p2b: Froslass|Blizzard|p1b: Cloak|[spread] p1a,p1b\n|-resisted|p1b: Cloak|1\n|-damage|p1a: Dagger|0 fnt\n|-damage|p1b: Cloak|40/100\n|faint|p1a: Dagger\n|\n|-weather|Snowscape|[upkeep]\n|upkeep\n|turn|11\n|inactive|Shaymin24 has 15 seconds left this turn.\n|inactive|Shaymin24 has 10 seconds left.\n|inactive|VerdantVirizion has 30 seconds left.\n|\n|t:|1776150410\n|move|p1b: Cloak|Aurora Veil|p1b: Cloak\n|-sidestart|p1: VerdantVirizion|move: Aurora Veil\n|move|p2b: Froslass|Shadow Ball|p1b: Cloak\n|-damage|p1b: Cloak|1/100\n|-unboost|p1b: Cloak|spd|1\n|\n|-weather|none\n|upkeep\n|turn|12\n|inactive|Shaymin24 has 10 seconds left this turn.\n|inactive|VerdantVirizion has 30 seconds left.\n|\n|t:|1776150426\n|move|p1b: Cloak|Blizzard|p2b: Froslass|[miss]\n|-miss|p1b: Cloak|p2b: Froslass\n|move|p2b: Froslass|Shadow Ball|p1b: Cloak\n|-damage|p1b: Cloak|0 fnt\n|faint|p1b: Cloak\n|\n|win|Shaymin24\n",
  "uploadtime": 1776149761,
  "views": 21,
  "formatid": "gen9championsvgc2026regma",
  "rating": null,
  "private": 0,
  "password": null
}