{
  "id": "gen9championsvgc2026regma-2581331191",
  "format": "[Gen 9 Champions] VGC 2026 Reg M-A",
  "players": [
    "zeranogamer147",
    "Javiconb"
  ],
  "log": "|j|\u2606zeranogamer147\n|j|\u2606Javiconb\n|t:|1775987677\n|gametype|doubles\n|player|p1|zeranogamer147|2|1377\n|player|p2|Javiconb|169|1326\n|gen|9\n|tier|[Gen 9 Champions] VGC 2026 Reg M-A\n|rated|\n|rule|Species Clause: Limit one of each Pok\u00e9mon\n|rule|Item Clause: Limit 1 of each item\n|clearpoke\n|poke|p1|Charizard, L50, F|\n|poke|p1|Venusaur, L50, M|\n|poke|p1|Garchomp, L50, F|\n|poke|p1|Gardevoir, L50, M|\n|poke|p1|Milotic, L50, M|\n|poke|p1|Incineroar, L50, M|\n|poke|p2|Glimmora, L50, M|\n|poke|p2|Whimsicott, L50, F|\n|poke|p2|Basculegion, L50, M|\n|poke|p2|Floette-Eternal, L50, F|\n|poke|p2|Pelipper, L50, M|\n|poke|p2|Archaludon, L50, M|\n|teampreview|4\n|inactive|Battle timer is ON: inactive players will automatically lose when time's up. (requested by zeranogamer147)\n|\n|t:|1775987693\n|teamsize|p1|4\n|teamsize|p2|4\n|start\n|switch|p1a: Charizard|Charizard, L50, F|100/100\n|switch|p1b: Venusaur|Venusaur, L50, M|100/100\n|switch|p2a: Glimmora|Glimmora, L50, M|100/100\n|switch|p2b: Whimsicott|Whimsicott, L50, F|100/100\n|turn|1\n|\n|t:|1775987712\n|move|p2b: Whimsicott|Protect|p2b: Whimsicott\n|-singleturn|p2b: Whimsicott|Protect\n|move|p1a: Charizard|Protect|p1a: Charizard\n|-singleturn|p1a: Charizard|Protect\n|move|p2a: Glimmora|Protect|p2a: Glimmora\n|-singleturn|p2a: Glimmora|Protect\n|move|p1b: Venusaur|Sleep Powder|p2a: Glimmora\n|-activate|p2a: Glimmora|move: Protect\n|\n|upkeep\n|turn|2\n|j| gE1xjZRtuhW2DdT0AK\n|\n|t:|1775987735\n|switch|p2a: Pelipper|Pelipper, L50, M|100/100\n|-weather|RainDance|[from] ability: Drizzle|[of] p2a: Pelipper\n|detailschange|p1a: Charizard|Charizard-Mega-Y, L50, F\n|-mega|p1a: Charizard|Charizard|Charizardite Y\n|-weather|SunnyDay|[from] ability: Drought|[of] p1a: Charizard\n|move|p2b: Whimsicott|Encore|p1a: Charizard\n|-start|p1a: Charizard|Encore\n|move|p1a: Charizard|Protect||[still]\n|-fail|p1a: Charizard\n|move|p1b: Venusaur|Leaf Storm|p2a: Pelipper\n|-crit|p2a: Pelipper\n|-damage|p2a: Pelipper|0 fnt\n|-unboost|p1b: Venusaur|spa|2\n|faint|p2a: Pelipper\n|\n|-weather|SunnyDay|[upkeep]\n|upkeep\n|\n|t:|1775987753\n|switch|p2a: Glimmora|Glimmora, L50, M|100/100\n|turn|3\n|\n|t:|1775987764\n|switch|p1b: Garchomp|Garchomp, L50, F|100/100\n|detailschange|p2a: Glimmora|Glimmora-Mega, L50, M\n|-mega|p2a: Glimmora|Glimmora|Glimmoranite\n|move|p1a: Charizard|Protect|p1a: Charizard\n|-singleturn|p1a: Charizard|Protect\n|move|p2b: Whimsicott|Taunt|p1b: Garchomp\n|-start|p1b: Garchomp|move: Taunt\n|move|p2a: Glimmora|Power Gem|p1b: Garchomp\n|-resisted|p1b: Garchomp|1\n|-damage|p1b: Garchomp|69/100\n|\n|-weather|SunnyDay|[upkeep]\n|upkeep\n|turn|4\n|inactive|Javiconb has 30 seconds left.\n|\n|t:|1775987795\n|switch|p1a: Gardevoir|Gardevoir, L50, M|100/100\n|-ability|p1a: Gardevoir|Prankster|Trace|[from] ability: Trace|[of] p2b: Whimsicott\n|move|p2b: Whimsicott|Protect|p2b: Whimsicott\n|-singleturn|p2b: Whimsicott|Protect\n|move|p1b: Garchomp|Earthquake|p2b: Whimsicott|[spread] p1a,p2a\n|-activate|p2b: Whimsicott|move: Protect\n|-crit|p1a: Gardevoir\n|-supereffective|p2a: Glimmora|2\n|-damage|p1a: Gardevoir|5/100\n|-damage|p2a: Glimmora|0 fnt\n|faint|p2a: Glimmora\n|\n|-weather|SunnyDay|[upkeep]\n|upkeep\n|\n|t:|1775987806\n|switch|p2a: Basculegion|Basculegion, L50, M|100/100\n|turn|5\n|inactive|Javiconb has 30 seconds left.\n|\n|t:|1775987841\n|move|p2b: Whimsicott|Tailwind|p2b: Whimsicott\n|-sidestart|p2: Javiconb|move: Tailwind\n|move|p2a: Basculegion|Last Respects|p1a: Gardevoir\n|-supereffective|p1a: Gardevoir|1\n|-damage|p1a: Gardevoir|0 fnt\n|faint|p1a: Gardevoir\n|move|p1b: Garchomp|Dragon Claw|p2a: Basculegion\n|-damage|p2a: Basculegion|51/100\n|\n|-weather|SunnyDay|[upkeep]\n|-end|p1b: Garchomp|move: Taunt\n|upkeep\n|\n|t:|1775987851\n|switch|p1a: Venusaur|Venusaur, L50, M|100/100\n|turn|6\n|\n|t:|1775987867\n|move|p1a: Venusaur|Protect|p1a: Venusaur\n|-singleturn|p1a: Venusaur|Protect\n|move|p2b: Whimsicott|Taunt|p1a: Venusaur\n|-activate|p1a: Venusaur|move: Protect\n|move|p2a: Basculegion|Last Respects|p1b: Garchomp\n|-damage|p1b: Garchomp|0 fnt\n|faint|p1b: Garchomp\n|\n|-weather|none\n|upkeep\n|\n|t:|1775987875\n|switch|p1b: Charizard|Charizard-Mega-Y, L50, F|100/100\n|-weather|SunnyDay|[from] ability: Drought|[of] p1b: Charizard\n|turn|7\n|inactive|Javiconb has 30 seconds left.\n|inactive|Javiconb has 20 seconds left.\n|inactive|Javiconb has 15 seconds left.\n|inactive|Javiconb has 10 seconds left.\n|inactive|Javiconb has 5 seconds left.\n|\n|t:|1775987926\n|move|p2b: Whimsicott|Taunt|p1a: Venusaur\n|-start|p1a: Venusaur|move: Taunt\n|move|p1a: Venusaur|Leaf Storm|p2a: Basculegion\n|-supereffective|p2a: Basculegion|1\n|-damage|p2a: Basculegion|0 fnt\n|-unboost|p1a: Venusaur|spa|2\n|faint|p2a: Basculegion\n|move|p1b: Charizard|Solar Beam||[still]\n|-prepare|p1b: Charizard|Solar Beam\n|-anim|p1b: Charizard|Solar Beam|p2b: Whimsicott\n|-resisted|p2b: Whimsicott|1\n|-damage|p2b: Whimsicott|67/100\n|\n|-weather|SunnyDay|[upkeep]\n|upkeep\n|turn|8\n|c|\u2606zeranogamer147|era encore al venusaur y last respects a charizard\n|c|\u2606zeranogamer147|me ganabas\n|\n|t:|1775987950\n|move|p2b: Whimsicott|Encore|p1b: Charizard\n|-start|p1b: Charizard|Encore\n|move|p1a: Venusaur|Sludge Bomb|p2b: Whimsicott\n|-supereffective|p2b: Whimsicott|2\n|-damage|p2b: Whimsicott|0 fnt\n|faint|p2b: Whimsicott\n|\n|win|zeranogamer147\n|raw|zeranogamer147's rating: 1377 &rarr; <strong>1394</strong><br />(+17 for winning)\n|raw|Javiconb's rating: 1326 &rarr; <strong>1309</strong><br />(-17 for losing)\n|c|\u2606Javiconb|no pensaba q fuera mas rapido el saur\n|l|\u2606Javiconb\n|player|p2|\n",
  "uploadtime": 1775988261,
  "views": 24,
  "formatid": "gen9championsvgc2026regma",
  "rating": 1309,
  "private": 0,
  "password": null
}