{
  "id": "gen9championsvgc2026regma-2584307866",
  "format": "[Gen 9 Champions] VGC 2026 Reg M-A",
  "players": [
    "AurelioF321",
    "stonegebet"
  ],
  "log": "|j|\u2606AurelioF321\n|j|\u2606stonegebet\n|t:|1776249598\n|gametype|doubles\n|player|p1|AurelioF321|170|1034\n|player|p2|stonegebet|zinzolin|1000\n|gen|9\n|tier|[Gen 9 Champions] VGC 2026 Reg M-A\n|rated|\n|rule|Species Clause: Limit one of each Pok\u00e9mon\n|rule|Item Clause: Limit 1 of each item\n|clearpoke\n|poke|p1|Scizor, L50, M|\n|poke|p1|Pelipper, L50, M|\n|poke|p1|Sableye, L50, F|\n|poke|p1|Garchomp, L50, F|\n|poke|p1|Aerodactyl, L50, F|\n|poke|p1|Meowscarada, L50, M|\n|poke|p2|Incineroar, L50, F|\n|poke|p2|Watchog, L50, F|\n|poke|p2|Lucario, L50, F|\n|poke|p2|Milotic, L50, F|\n|poke|p2|Hydreigon, L50, M|\n|poke|p2|Sylveon, L50, F|\n|teampreview|4\n|c|\u2606stonegebet|glhf\n|\n|t:|1776249630\n|teamsize|p1|4\n|teamsize|p2|4\n|start\n|switch|p1a: Pelipper|Pelipper, L50, M|100/100\n|switch|p1b: Garchomp|Garchomp, L50, F|100/100\n|switch|p2a: Hydreigon|Hydreigon, L50, M|100/100\n|switch|p2b: SQL|Watchog, L50, F, shiny|100/100\n|-weather|RainDance|[from] ability: Drizzle|[of] p1a: Pelipper\n|turn|1\n|\n|t:|1776249655\n|move|p1b: Garchomp|Protect|p1b: Garchomp\n|-singleturn|p1b: Garchomp|Protect\n|move|p2a: Hydreigon|Tailwind|p2a: Hydreigon\n|-sidestart|p2: stonegebet|move: Tailwind\n|move|p2b: SQL|Super Fang|p1a: Pelipper\n|-damage|p1a: Pelipper|51/100\n|move|p1a: Pelipper|Tailwind|p1a: Pelipper\n|-sidestart|p1: AurelioF321|move: Tailwind\n|\n|-weather|RainDance|[upkeep]\n|upkeep\n|turn|2\n|\n|t:|1776249689\n|switch|p1a: Scizor|Scizor, L50, M|100/100\n|move|p2a: Hydreigon|Draco Meteor|p1b: Garchomp\n|-supereffective|p1b: Garchomp|1\n|-damage|p1b: Garchomp|0 fnt\n|-unboost|p2a: Hydreigon|spa|2\n|faint|p1b: Garchomp\n|move|p2b: SQL|Double-Edge|p1a: Scizor\n|-resisted|p1a: Scizor|1\n|-damage|p1a: Scizor|58/100\n|-damage|p2b: SQL|85/100|[from] Recoil\n|\n|-weather|RainDance|[upkeep]\n|upkeep\n|\n|t:|1776249703\n|switch|p1b: Meowscarada|Meowscarada, L50, M|100/100\n|turn|3\n|\n|t:|1776249710\n|switch|p2a: Incineroar|Incineroar, L50, F|100/100\n|-ability|p2a: Incineroar|Intimidate|boost\n|-unboost|p1a: Scizor|atk|1\n|-unboost|p1b: Meowscarada|atk|1\n|detailschange|p1a: Scizor|Scizor-Mega, L50, M\n|-mega|p1a: Scizor|Scizor|Scizorite\n|move|p1b: Meowscarada|Play Rough|p2a: Incineroar\n|-start|p1b: Meowscarada|typechange|Fairy|[from] ability: Protean\n|-damage|p2a: Incineroar|71/100\n|move|p2b: SQL|Thunder Wave|p1b: Meowscarada\n|-status|p1b: Meowscarada|par\n|move|p1a: Scizor|Close Combat|p2b: SQL\n|-supereffective|p2b: SQL|1\n|-damage|p2b: SQL|0 fnt\n|-unboost|p1a: Scizor|def|1\n|-unboost|p1a: Scizor|spd|1\n|faint|p2b: SQL\n|\n|-weather|RainDance|[upkeep]\n|upkeep\n|\n|t:|1776249726\n|switch|p2b: Lucario|Lucario, L50, F|100/100\n|turn|4\n|\n|t:|1776249754\n|switch|p1a: Pelipper|Pelipper, L50, M|51/100\n|detailschange|p2b: Lucario|Lucario-Mega, L50, F\n|-mega|p2b: Lucario|Lucario|Lucarionite\n|move|p2b: Lucario|Meteor Mash|p1b: Meowscarada\n|-supereffective|p1b: Meowscarada|1\n|-damage|p1b: Meowscarada|0 fnt\n|faint|p1b: Meowscarada\n|move|p2a: Incineroar|Flare Blitz|p1a: Pelipper\n|-resisted|p1a: Pelipper|1\n|-damage|p1a: Pelipper|36/100\n|-damage|p2a: Incineroar|67/100|[from] Recoil\n|\n|-weather|RainDance|[upkeep]\n|-sideend|p1: AurelioF321|move: Tailwind\n|-sideend|p2: stonegebet|move: Tailwind\n|upkeep\n|\n|t:|1776249769\n|switch|p1b: Scizor|Scizor-Mega, L50, M|58/100\n|turn|5\n|\n|t:|1776249783\n|move|p1b: Scizor|Protect|p1b: Scizor\n|-singleturn|p1b: Scizor|Protect\n|move|p2b: Lucario|Close Combat|p1b: Scizor\n|-activate|p1b: Scizor|move: Protect\n|move|p1a: Pelipper|Surf|p2a: Incineroar|[spread] p2a,p2b\n|-activate|p1b: Scizor|move: Protect\n|-supereffective|p2a: Incineroar|1\n|-damage|p2a: Incineroar|0 fnt\n|-damage|p2b: Lucario|25/100\n|faint|p2a: Incineroar\n|\n|-weather|none\n|upkeep\n|\n|t:|1776249790\n|switch|p2a: Hydreigon|Hydreigon, L50, M|100/100\n|turn|6\n|\n|t:|1776249818\n|move|p2b: Lucario|Protect|p2b: Lucario\n|-singleturn|p2b: Lucario|Protect\n|move|p2a: Hydreigon|Fire Blast|p1b: Scizor\n|-supereffective|p1b: Scizor|2\n|-damage|p1b: Scizor|0 fnt\n|faint|p1b: Scizor\n|move|p1a: Pelipper|Tailwind|p1a: Pelipper\n|-sidestart|p1: AurelioF321|move: Tailwind\n|\n|upkeep\n|turn|7\n|\n|t:|1776249832\n|move|p2b: Lucario|Extreme Speed|p1a: Pelipper\n|-damage|p1a: Pelipper|0 fnt\n|faint|p1a: Pelipper\n|\n|win|stonegebet\n|raw|AurelioF321's rating: 1034 &rarr; <strong>1017</strong><br />(-17 for losing)\n|raw|stonegebet's rating: 1000 &rarr; <strong>1044</strong><br />(+44 for winning)\n",
  "uploadtime": 1776249838,
  "views": 24,
  "formatid": "gen9championsvgc2026regma",
  "rating": 1017,
  "private": 0,
  "password": null
}