{
  "id": "gen9championsvgc2026regma-2582808268",
  "format": "[Gen 9 Champions] VGC 2026 Reg M-A",
  "players": [
    "CoolTrainerBu",
    "silveryo321"
  ],
  "log": "|j|\u2606CoolTrainerBu\n|j|\u2606silveryo321\n|t:|1776115673\n|gametype|doubles\n|player|p1|CoolTrainerBu|101|1077\n|player|p2|silveryo321|ethan|1132\n|gen|9\n|tier|[Gen 9 Champions] VGC 2026 Reg M-A\n|rated|\n|rule|Species Clause: Limit one of each Pok\u00e9mon\n|rule|Item Clause: Limit 1 of each item\n|clearpoke\n|poke|p1|Charizard, L50, F|\n|poke|p1|Whimsicott, L50, F|\n|poke|p1|Garchomp, L50, F|\n|poke|p1|Sneasler, L50, F|\n|poke|p1|Maushold, L50|\n|poke|p1|Incineroar, L50, M|\n|poke|p2|Feraligatr, L50, M|\n|poke|p2|Whimsicott, L50, M|\n|poke|p2|Pelipper, L50, F|\n|poke|p2|Archaludon, L50, M|\n|poke|p2|Krookodile, L50, F|\n|poke|p2|Zoroark-Hisui, L50, F|\n|teampreview|4\n|\n|t:|1776115727\n|teamsize|p1|4\n|teamsize|p2|4\n|start\n|switch|p1a: Incineroar|Incineroar, L50, M|100/100\n|switch|p1b: Sneasler|Sneasler, L50, F|100/100\n|switch|p2a: Feraligatr|Feraligatr, L50, M|100/100\n|switch|p2b: Pelipper|Pelipper, L50, F|100/100\n|-weather|RainDance|[from] ability: Drizzle|[of] p2b: Pelipper\n|-ability|p1a: Incineroar|Intimidate|boost\n|-unboost|p2a: Feraligatr|atk|1\n|-unboost|p2b: Pelipper|atk|1\n|turn|1\n|\n|t:|1776115775\n|move|p1a: Incineroar|Fake Out|p2a: Feraligatr\n|-immune|p2a: Feraligatr\n|move|p2a: Feraligatr|Bitter Malice|p1b: Sneasler\n|-crit|p1b: Sneasler\n|-damage|p1b: Sneasler|20/100\n|-unboost|p1b: Sneasler|atk|1\n|-enditem|p1b: Sneasler|White Herb\n|-clearnegativeboost|p1b: Sneasler|[silent]\n|move|p1b: Sneasler|Close Combat|p2a: Feraligatr\n|-immune|p2a: Feraligatr\n|move|p2b: Pelipper|Tailwind|p2b: Pelipper\n|-sidestart|p2: silveryo321|move: Tailwind\n|\n|-weather|RainDance|[upkeep]\n|upkeep\n|turn|2\n|\n|t:|1776115803\n|move|p1b: Sneasler|Protect|p1b: Sneasler\n|-singleturn|p1b: Sneasler|Protect\n|move|p2a: Feraligatr|Hyper Voice|p1b: Sneasler|[spread] p1a\n|-activate|p1b: Sneasler|move: Protect\n|-damage|p1a: Incineroar|68/100\n|move|p2b: Pelipper|Weather Ball|p1a: Incineroar\n|-supereffective|p1a: Incineroar|1\n|-damage|p1a: Incineroar|0 fnt\n|faint|p1a: Incineroar\n|\n|-weather|RainDance|[upkeep]\n|upkeep\n|\n|t:|1776115813\n|switch|p1a: Whimsicott|Whimsicott, L50, F|100/100\n|turn|3\n|\n|t:|1776115824\n|move|p2b: Pelipper|Protect|p2b: Pelipper\n|-singleturn|p2b: Pelipper|Protect\n|move|p1a: Whimsicott|Tailwind|p1a: Whimsicott\n|-sidestart|p1: CoolTrainerBu|move: Tailwind\n|move|p1b: Sneasler|Rock Tomb|p2b: Pelipper\n|-activate|p2b: Pelipper|move: Protect\n|move|p2a: Feraligatr|Hyper Voice|p1a: Whimsicott|[spread] p1a,p1b\n|-damage|p1a: Whimsicott|44/100\n|-damage|p1b: Sneasler|0 fnt\n|faint|p1b: Sneasler\n|\n|-weather|RainDance|[upkeep]\n|upkeep\n|\n|t:|1776115835\n|switch|p1b: Garchomp|Garchomp, L50, F|100/100\n|turn|4\n|\n|t:|1776115852\n|move|p1a: Whimsicott|Sunny Day|p1a: Whimsicott\n|-weather|SunnyDay\n|move|p2a: Feraligatr|Hyper Voice|p1a: Whimsicott|[spread] p1a,p1b\n|-damage|p1a: Whimsicott|0 fnt\n|-damage|p1b: Garchomp|63/100\n|faint|p1a: Whimsicott\n|move|p1b: Garchomp|Rock Slide|p2b: Pelipper|[spread] p2a,p2b\n|-supereffective|p2b: Pelipper|1\n|-crit|p2b: Pelipper\n|-enditem|p2b: Pelipper|Charti Berry|[eat]\n|-enditem|p2b: Pelipper|Charti Berry|[weaken]\n|-damage|p2a: Feraligatr|60/100\n|-damage|p2b: Pelipper|59/100\n|replace|p2a: Zoroark|Zoroark-Hisui, L50, F\n|-end|p2a: Zoroark|Illusion\n|cant|p2b: Pelipper|flinch\n|\n|-weather|SunnyDay|[upkeep]\n|-sideend|p2: silveryo321|move: Tailwind\n|upkeep\n|turn|5\n|\n|t:|1776115869\n|switch|p2b: Krookodile|Krookodile, L50, F|100/100\n|-ability|p2b: Krookodile|Intimidate|boost\n|-unboost|p1b: Garchomp|atk|1\n|move|p2a: Zoroark|Protect|p2a: Zoroark\n|-singleturn|p2a: Zoroark|Protect\n|move|p1b: Garchomp|Rock Slide|p2a: Zoroark|[spread] p2b\n|-activate|p2a: Zoroark|move: Protect\n|-resisted|p2b: Krookodile|1\n|-damage|p2b: Krookodile|94/100\n|\n|-weather|SunnyDay|[upkeep]\n|upkeep\n|turn|6\n|\n|t:|1776115879\n|move|p1b: Garchomp|Earthquake|p2a: Zoroark|[spread] p2a,p2b\n|-damage|p2a: Zoroark|10/100\n|-damage|p2b: Krookodile|65/100\n|move|p2a: Zoroark|Bitter Malice|p1b: Garchomp\n|-damage|p1b: Garchomp|22/100\n|-unboost|p1b: Garchomp|atk|1\n|move|p2b: Krookodile|High Horsepower|p1b: Garchomp\n|-damage|p1b: Garchomp|0 fnt\n|-damage|p2b: Krookodile|53/100|[from] ability: Rough Skin|[of] p1b: Garchomp\n|faint|p1b: Garchomp\n|\n|win|silveryo321\n|raw|CoolTrainerBu's rating: 1077 &rarr; <strong>1059</strong><br />(-18 for losing)\n|raw|silveryo321's rating: 1132 &rarr; <strong>1153</strong><br />(+21 for winning)\n",
  "uploadtime": 1776115888,
  "views": 14,
  "formatid": "gen9championsvgc2026regma",
  "rating": 1059,
  "private": 0,
  "password": null
}