{
  "id": "gen9championsvgc2026regma-2585757335",
  "format": "[Gen 9 Champions] VGC 2026 Reg M-A",
  "players": [
    "TheDark69420",
    "mdrampavgc"
  ],
  "log": "|j|\u2606TheDark69420\n|j|\u2606mdrampavgc\n|t:|1776368492\n|gametype|doubles\n|player|p1|TheDark69420|ghetsis-gen5bw|1253\n|player|p2|mdrampavgc|170|1153\n|gen|9\n|tier|[Gen 9 Champions] VGC 2026 Reg M-A\n|rated|\n|rule|Species Clause: Limit one of each Pok\u00e9mon\n|rule|Item Clause: Limit 1 of each item\n|clearpoke\n|poke|p1|Starmie, L50|\n|poke|p1|Aegislash, L50, M|\n|poke|p1|Sneasler, L50, M|\n|poke|p1|Pelipper, L50, F|\n|poke|p1|Archaludon, L50, F|\n|poke|p1|Maushold, L50|\n|poke|p2|Drampa, L50, M|\n|poke|p2|Farigiraf, L50, F|\n|poke|p2|Aegislash, L50, F|\n|poke|p2|Incineroar, L50, F|\n|poke|p2|Primarina, L50, M|\n|poke|p2|Mamoswine, L50, M|\n|teampreview|4\n|inactive|Battle timer is ON: inactive players will automatically lose when time's up. (requested by mdrampavgc)\n|inactive|TheDark69420 also wants the timer to be on.\n|inactive|TheDark69420 has 60 seconds left.\n|inactive|TheDark69420 has 30 seconds left.\n|inactive|TheDark69420 has 20 seconds left.\n|inactive|TheDark69420 has 15 seconds left.\n|inactive|TheDark69420 has 10 seconds left.\n|\n|t:|1776368574\n|teamsize|p1|4\n|teamsize|p2|4\n|start\n|switch|p1a: Archaludon|Archaludon, L50, F, shiny|100/100\n|switch|p1b: Pelipper|Pelipper, L50, F|100/100\n|switch|p2a: Farigiraf|Farigiraf, L50, F|100/100\n|switch|p2b: Incineroar|Incineroar, L50, F|100/100\n|-weather|RainDance|[from] ability: Drizzle|[of] p1b: Pelipper\n|-ability|p2b: Incineroar|Intimidate|boost\n|-unboost|p1a: Archaludon|atk|1\n|-unboost|p1b: Pelipper|atk|1\n|turn|1\n|\n|t:|1776368597\n|switch|p2b: Drampa|Drampa, L50, M|100/100\n|-ability|p2b: Drampa|Cloud Nine\n|move|p1b: Pelipper|Weather Ball|p2b: Drampa\n|-damage|p2b: Drampa|84/100\n|move|p1a: Archaludon|Electro Shot||[still]\n|-prepare|p1a: Archaludon|Electro Shot\n|-boost|p1a: Archaludon|spa|1\n|move|p2a: Farigiraf|Trick Room|p2a: Farigiraf\n|-fieldstart|move: Trick Room|[of] p2a: Farigiraf\n|\n|-weather|RainDance|[upkeep]\n|upkeep\n|turn|2\n|inactive|mdrampavgc has 30 seconds left.\n|\n|t:|1776368627\n|detailschange|p2b: Drampa|Drampa-Mega, L50, M\n|-mega|p2b: Drampa|Drampa|Drampanite\n|move|p2a: Farigiraf|Helping Hand|p2b: Drampa\n|-singleturn|p2b: Drampa|Helping Hand|[of] p2a: Farigiraf\n|move|p2b: Drampa|Dragon Pulse|p1a: Archaludon\n|-damage|p1a: Archaludon|22/100\n|-ability|p1a: Archaludon|Stamina|boost\n|-boost|p1a: Archaludon|def|1\n|move|p1a: Archaludon|Electro Shot|p2a: Farigiraf|[from] lockedmove\n|-damage|p2a: Farigiraf|33/100\n|-enditem|p2a: Farigiraf|Sitrus Berry|[eat]\n|-heal|p2a: Farigiraf|58/100|[from] item: Sitrus Berry\n|move|p1b: Pelipper|Hurricane|p2b: Drampa\n|-damage|p2b: Drampa|44/100\n|-start|p2b: Drampa|confusion\n|-ability|p2b: Drampa|Berserk|boost\n|-boost|p2b: Drampa|spa|1\n|\n|-weather|RainDance|[upkeep]\n|-heal|p1a: Archaludon|29/100|[from] item: Leftovers\n|upkeep\n|turn|3\n|inactive|mdrampavgc has 30 seconds left.\n|\n|t:|1776368658\n|-activate|p2b: Drampa|confusion\n|move|p2b: Drampa|Hyper Voice|p1a: Archaludon|[spread] p1a,p1b\n|-resisted|p1a: Archaludon|1\n|-damage|p1a: Archaludon|0 fnt\n|-enditem|p1b: Pelipper|Focus Sash\n|-damage|p1b: Pelipper|1/100\n|faint|p1a: Archaludon\n|move|p2a: Farigiraf|Shadow Ball|p1b: Pelipper\n|-damage|p1b: Pelipper|0 fnt\n|faint|p1b: Pelipper\n|\n|-weather|RainDance|[upkeep]\n|upkeep\n|\n|t:|1776368668\n|switch|p1a: Sneasler|Sneasler, L50, M|100/100\n|switch|p1b: Starmie|Starmie, L50, shiny|100/100\n|turn|4\n|\n|t:|1776368676\n|detailschange|p1b: Starmie|Starmie-Mega, L50, shiny\n|-mega|p1b: Starmie|Starmie|Starminite\n|move|p1b: Starmie|Protect|p1b: Starmie\n|-singleturn|p1b: Starmie|Protect\n|-activate|p2b: Drampa|confusion\n|move|p2b: Drampa|Hyper Voice|p1b: Starmie|[spread] p1a\n|-activate|p1b: Starmie|move: Protect\n|-damage|p1a: Sneasler|16/100\n|move|p2a: Farigiraf|Twin Beam|p1a: Sneasler\n|-supereffective|p1a: Sneasler|2\n|-damage|p1a: Sneasler|0 fnt\n|faint|p1a: Sneasler\n|-hitcount|p1: Sneasler|1\n|\n|-weather|RainDance|[upkeep]\n|upkeep\n|turn|5\n|\n|t:|1776368693\n|-activate|p2b: Drampa|confusion\n|-damage|p2b: Drampa|38/100|[from] confusion\n|move|p2a: Farigiraf|Shadow Ball|p1b: Starmie\n|-supereffective|p1b: Starmie|1\n|-damage|p1b: Starmie|51/100\n|-unboost|p1b: Starmie|spd|1\n|move|p1b: Starmie|Liquidation|p2a: Farigiraf\n|-damage|p2a: Farigiraf|0 fnt\n|faint|p2a: Farigiraf\n|\n|-weather|none\n|-fieldend|move: Trick Room\n|upkeep\n|\n|t:|1776368700\n|switch|p2a: Incineroar|Incineroar, L50, F|100/100\n|-ability|p2a: Incineroar|Intimidate|boost\n|-unboost|p1b: Starmie|atk|1\n|turn|6\n|\n|t:|1776368707\n|move|p1b: Starmie|Protect|p1b: Starmie\n|-singleturn|p1b: Starmie|Protect\n|move|p2a: Incineroar|Fake Out|p1b: Starmie\n|-activate|p1b: Starmie|move: Protect\n|-end|p2b: Drampa|confusion\n|move|p2b: Drampa|Hyper Voice|p1b: Starmie\n|-activate|p1b: Starmie|move: Protect\n|\n|upkeep\n|turn|7\n|\n|t:|1776368715\n|move|p1b: Starmie|Ice Spinner|p2b: Drampa\n|-supereffective|p2b: Drampa|1\n|-damage|p2b: Drampa|0 fnt\n|faint|p2b: Drampa\n|move|p2a: Incineroar|Parting Shot|p1b: Starmie\n|-unboost|p1b: Starmie|atk|1\n|-unboost|p1b: Starmie|spa|1\n|\n|t:|1776368721\n|switch|p2a: Primarina|Primarina, L50, M|100/100|[from] Parting Shot\n|\n|upkeep\n|\n|t:|1776368724\n|switch|p2b: Incineroar|Incineroar, L50, F|100/100\n|-ability|p2b: Incineroar|Intimidate|boost\n|-unboost|p1b: Starmie|atk|1\n|turn|8\n|-message|TheDark69420 forfeited.\n|\n|win|mdrampavgc\n|raw|TheDark69420's rating: 1253 &rarr; <strong>1221</strong><br />(-32 for losing)\n|raw|mdrampavgc's rating: 1153 &rarr; <strong>1185</strong><br />(+32 for winning)\n|l|\u2606TheDark69420\n|player|p1|\n",
  "uploadtime": 1776368754,
  "views": 25,
  "formatid": "gen9championsvgc2026regma",
  "rating": 1185,
  "private": 0,
  "password": null
}