{
  "id": "gen9championsvgc2026regma-2581438630",
  "format": "[Gen 9 Champions] VGC 2026 Reg M-A",
  "players": [
    "vinvgc",
    "yrmomgee"
  ],
  "log": "|j|\u2606vinvgc\n|j|\u2606yrmomgee\n|t:|1776000461\n|gametype|doubles\n|player|p1|vinvgc|hugh|\n|player|p2|yrmomgee|1|\n|gen|9\n|tier|[Gen 9 Champions] VGC 2026 Reg M-A\n|rule|Species Clause: Limit one of each Pok\u00e9mon\n|rule|Item Clause: Limit 1 of each item\n|clearpoke\n|poke|p1|Trevenant, L50, M|\n|poke|p1|Corviknight, L50, M|\n|poke|p1|Volcarona, L50, M|\n|poke|p1|Excadrill, L50, F|\n|poke|p1|Gardevoir, L50, F|\n|poke|p1|Slowbro, L50, M|\n|poke|p2|Slowbro, L50, M|\n|poke|p2|Greninja-*, L50, F|\n|poke|p2|Dragapult, L50, M|\n|poke|p2|Drampa, L50, F|\n|poke|p2|Dragonite, L50, F|\n|poke|p2|Klefki, L50, M|\n|teampreview|4\n|inactive|Battle timer is ON: inactive players will automatically lose when time's up. (requested by vinvgc)\n|inactive|vinvgc has 60 seconds left.\nyrmomgee has agreed to open team sheets.\n|inactive|vinvgc has 30 seconds left.\n|inactive|vinvgc has 20 seconds left.\n|inactive|vinvgc has 15 seconds left.\n|inactive|vinvgc has 10 seconds left.\n|inactive|vinvgc has 5 seconds left.\n|\n|t:|1776000549\n|teamsize|p1|4\n|teamsize|p2|4\n|start\n|switch|p1a: Volcarona|Volcarona, L50, M|100/100\n|switch|p1b: Gardevoir|Gardevoir, L50, F|100/100\n|switch|p2a: Greninja|Greninja, L50, F|100/100\n|switch|p2b: Klefki|Klefki, L50, M|100/100\n|-ability|p1b: Gardevoir|Prankster|Trace|[from] ability: Trace|[of] p2b: Klefki\n|turn|1\n|inactive|vinvgc has 30 seconds left.\n|inactive|vinvgc has 20 seconds left.\n|inactive|vinvgc has 15 seconds left.\n|inactive|vinvgc has 10 seconds left.\n|\n|t:|1776000596\n|move|p1b: Gardevoir|Protect|p1b: Gardevoir\n|-singleturn|p1b: Gardevoir|Protect\n|move|p2b: Klefki|Light Screen|p2b: Klefki\n|-sidestart|p2: yrmomgee|move: Light Screen\n|move|p2a: Greninja|Sludge Wave|p1b: Gardevoir|[spread] p1a\n|-activate|p1b: Gardevoir|move: Protect\n|-immune|p2b: Klefki\n|-damage|p1a: Volcarona|83/100\n|move|p1a: Volcarona|Fiery Dance|p2b: Klefki\n|-supereffective|p2b: Klefki|1\n|-damage|p2b: Klefki|24/100\n|\n|-heal|p2b: Klefki|30/100|[from] item: Leftovers\n|upkeep\n|turn|2\n|inactive|vinvgc has 30 seconds left.\n|inactive|vinvgc has 20 seconds left.\n|\n|t:|1776000632\n|switch|p1b: Excadrill|Excadrill, L50, F|100/100\n|move|p2b: Klefki|Thunder Wave|p1b: Excadrill\n|-immune|p1b: Excadrill\n|move|p2a: Greninja|Sludge Wave|p1b: Excadrill|[spread] p1a\n|-immune|p2b: Klefki\n|-immune|p1b: Excadrill\n|-damage|p1a: Volcarona|65/100\n|move|p1a: Volcarona|Fiery Dance|p2b: Klefki\n|-supereffective|p2b: Klefki|1\n|-damage|p2b: Klefki|0 fnt\n|-boost|p1a: Volcarona|spa|1\n|faint|p2b: Klefki\n|\n|upkeep\n|\n|t:|1776000646\n|switch|p2b: Slowbro|Slowbro, L50, M|100/100\n|turn|3\n|j| Faker Pants\n|\n|t:|1776000666\n|detailschange|p2b: Slowbro|Slowbro-Mega, L50, M\n|-mega|p2b: Slowbro|Slowbro|Slowbronite\n|move|p2a: Greninja|Water Shuriken|p1a: Volcarona\n|-supereffective|p1a: Volcarona|1\n|-damage|p1a: Volcarona|54/100\n|-supereffective|p1a: Volcarona|1\n|-damage|p1a: Volcarona|41/100\n|-hitcount|p1a: Volcarona|2\n|move|p1a: Volcarona|Sunny Day|p1a: Volcarona\n|-weather|SunnyDay\n|move|p1b: Excadrill|Substitute|p1b: Excadrill\n|-start|p1b: Excadrill|Substitute\n|-damage|p1b: Excadrill|76/100\n|move|p2b: Slowbro|Trick Room|p2b: Slowbro\n|-fieldstart|move: Trick Room|[of] p2b: Slowbro\n|\n|-weather|SunnyDay|[upkeep]\n|upkeep\n|turn|4\n|inactive|vinvgc has 30 seconds left.\n|\n|t:|1776000694\n|move|p2a: Greninja|Water Shuriken|p1b: Excadrill\n|-supereffective|p1b: Excadrill|1\n|-activate|p1b: Excadrill|move: Substitute|[damage]\n|-supereffective|p1b: Excadrill|1\n|-activate|p1b: Excadrill|move: Substitute|[damage]\n|-hitcount|p1b: Excadrill|2\n|move|p2b: Slowbro|Scald|p1b: Excadrill\n|-supereffective|p1b: Excadrill|1\n|-end|p1b: Excadrill|Substitute\n|move|p1b: Excadrill|Brick Break|p2a: Greninja\n|-sideend|p2: yrmomgee|move: Light Screen\n|-supereffective|p2a: Greninja|1\n|-damage|p2a: Greninja|1/100\n|move|p1a: Volcarona|Fire Spin|p2b: Slowbro\n|-resisted|p2b: Slowbro|1\n|-damage|p2b: Slowbro|72/100\n|-activate|p2b: Slowbro|move: Fire Spin|[of] p1a: Volcarona\n|\n|-weather|SunnyDay|[upkeep]\n|-damage|p2b: Slowbro|60/100|[from] move: Fire Spin|[partiallytrapped]\n|upkeep\n|turn|5\n|inactive|vinvgc has 30 seconds left.\n|\n|t:|1776000722\n|switch|p1b: Corviknight|Corviknight, L50, M|100/100\n|move|p2a: Greninja|Water Shuriken|p1b: Corviknight\n|-crit|p1b: Corviknight\n|-damage|p1b: Corviknight|93/100\n|-damage|p1b: Corviknight|88/100\n|-damage|p1b: Corviknight|83/100\n|-hitcount|p1b: Corviknight|3\n|move|p2b: Slowbro|Scald|p1a: Volcarona\n|-supereffective|p1a: Volcarona|1\n|-damage|p1a: Volcarona|4/100\n|move|p1a: Volcarona|Fire Spin|p2a: Greninja\n|-resisted|p2a: Greninja|1\n|-damage|p2a: Greninja|0 fnt\n|faint|p2a: Greninja\n|\n|-weather|SunnyDay|[upkeep]\n|-heal|p1b: Corviknight|89/100|[from] item: Leftovers\n|-damage|p2b: Slowbro|48/100|[from] move: Fire Spin|[partiallytrapped]\n|upkeep\n|\n|t:|1776000734\n|switch|p2a: Drampa|Drampa, L50, F|100/100\n|turn|6\n|l| Faker Pants\n|inactive|vinvgc has 30 seconds left.\n|\n|t:|1776000769\n|move|p2b: Slowbro|Scald|p1b: Corviknight\n|-damage|p1b: Corviknight|68/100\n|-status|p1b: Corviknight|brn\n|move|p2a: Drampa|Hyper Voice|p1b: Corviknight|[spread] p1a,p1b\n|-resisted|p1b: Corviknight|1\n|-damage|p1a: Volcarona|0 fnt\n|-damage|p1b: Corviknight|49/100 brn\n|faint|p1a: Volcarona\n|move|p1b: Corviknight|Iron Defense|p1b: Corviknight\n|-boost|p1b: Corviknight|def|2\n|\n|-weather|SunnyDay|[upkeep]\n|-heal|p1b: Corviknight|55/100 brn|[from] item: Leftovers\n|-damage|p1b: Corviknight|49/100 brn|[from] brn\n|-end|p2b: Slowbro|Fire Spin|[partiallytrapped]|[silent]\n|upkeep\n|\n|t:|1776000780\n|switch|p1a: Gardevoir|Gardevoir, L50, F|100/100\n|-ability|p1a: Gardevoir|Shell Armor|Trace|[from] ability: Trace|[of] p2b: Slowbro\n|turn|7\n|\n|t:|1776000796\n|move|p1a: Gardevoir|Protect|p1a: Gardevoir\n|-singleturn|p1a: Gardevoir|Protect\n|move|p2b: Slowbro|Scald|p1b: Corviknight\n|-damage|p1b: Corviknight|28/100 brn\n|move|p2a: Drampa|Hyper Voice|p1a: Gardevoir|[spread] p1b\n|-activate|p1a: Gardevoir|move: Protect\n|-resisted|p1b: Corviknight|1\n|-damage|p1b: Corviknight|9/100 brn\n|move|p1b: Corviknight|Body Press|p2a: Drampa\n|-supereffective|p2a: Drampa|1\n|-damage|p2a: Drampa|42/100\n|-ability|p2a: Drampa|Berserk|boost\n|-boost|p2a: Drampa|spa|1\n|-enditem|p2a: Drampa|Sitrus Berry|[eat]\n|-heal|p2a: Drampa|66/100|[from] item: Sitrus Berry\n|\n|-weather|none\n|-heal|p1b: Corviknight|15/100 brn|[from] item: Leftovers\n|-damage|p1b: Corviknight|9/100 brn|[from] brn\n|-fieldend|move: Trick Room\n|upkeep\n|turn|8\n|\n|t:|1776000817\n|detailschange|p1a: Gardevoir|Gardevoir-Mega, L50, F\n|-mega|p1a: Gardevoir|Gardevoir|Gardevoirite\n|move|p1a: Gardevoir|Dazzling Gleam|p2b: Slowbro|[spread] p2a,p2b\n|-supereffective|p2a: Drampa|1\n|-damage|p2a: Drampa|0 fnt\n|-damage|p2b: Slowbro|2/100\n|faint|p2a: Drampa\n|move|p1b: Corviknight|Body Press|p2b: Slowbro\n|-resisted|p2b: Slowbro|1\n|-damage|p2b: Slowbro|0 fnt\n|faint|p2b: Slowbro\n|\n|win|vinvgc\n|l|\u2606yrmomgee\n|player|p2|\n",
  "uploadtime": 1776000844,
  "views": 11,
  "formatid": "gen9championsvgc2026regma",
  "rating": null,
  "private": 0,
  "password": null
}