{
  "id": "gen9championsvgc2026regma-2582064640",
  "format": "[Gen 9 Champions] VGC 2026 Reg M-A",
  "players": [
    "tunapretzels",
    "Riles9000"
  ],
  "log": "|j|\u2606tunapretzels\n|j|\u2606Riles9000\n|t:|1776053571\n|gametype|doubles\n|player|p1|tunapretzels|n-masters|1099\n|player|p2|Riles9000|hilda|1081\n|gen|9\n|tier|[Gen 9 Champions] VGC 2026 Reg M-A\n|rated|\n|rule|Species Clause: Limit one of each Pok\u00e9mon\n|rule|Item Clause: Limit 1 of each item\n|clearpoke\n|poke|p1|Palafin, L50, F|\n|poke|p1|Primarina, L50, M|\n|poke|p1|Incineroar, L50, F|\n|poke|p1|Froslass, L50, F|\n|poke|p1|Sinistcha, L50|\n|poke|p1|Kingambit, L50, M|\n|poke|p2|Machamp, L50, F|\n|poke|p2|Klefki, L50, F|\n|poke|p2|Incineroar, L50, F|\n|poke|p2|Floette-Eternal, L50, F|\n|poke|p2|Garchomp, L50, F|\n|poke|p2|Corviknight, L50, M|\n|teampreview|4\n|inactive|Battle timer is ON: inactive players will automatically lose when time's up. (requested by tunapretzels)\n|inactive|tunapretzels has 60 seconds left.\n|inactive|tunapretzels has 30 seconds left.\n|inactive|tunapretzels has 20 seconds left.\n|inactive|tunapretzels has 15 seconds left.\n|inactive|tunapretzels has 10 seconds left.\n|\n|t:|1776053658\n|teamsize|p1|4\n|teamsize|p2|4\n|start\n|switch|p1a: Doja Cat|Incineroar, L50, F|100/100\n|switch|p1b: Metro Boomin|Palafin, L50, F|100/100\n|switch|p2a: Klefki|Klefki, L50, F|100/100\n|switch|p2b: Machamp|Machamp, L50, F|100/100\n|-ability|p1a: Doja Cat|Intimidate|boost\n|-unboost|p2a: Klefki|atk|1\n|-unboost|p2b: Machamp|atk|1\n|turn|1\n|c|\u2606Riles9000|Starting the battle timer then taking that long is crazy work\n|\n|t:|1776053680\n|detailschange|p1b: Metro Boomin|Palafin-Hero, L50, F\n|switch|p1b: CeeLo Green|Sinistcha, L50|100/100\n|move|p1a: Doja Cat|Fake Out|p2b: Machamp\n|-damage|p2b: Machamp|85/100\n|move|p2a: Klefki|Reflect|p2a: Klefki\n|-sidestart|p2: Riles9000|Reflect\n|cant|p2b: Machamp|flinch\n|\n|upkeep\n|turn|2\n|\n|t:|1776053698\n|move|p1b: CeeLo Green|Matcha Gotcha|p2a: Klefki|[spread] p2a,p2b\n|-resisted|p2a: Klefki|1\n|-damage|p2a: Klefki|85/100\n|-damage|p2b: Machamp|60/100\n|move|p1a: Doja Cat|Flare Blitz|p2a: Klefki\n|-supereffective|p2a: Klefki|1\n|-enditem|p2a: Klefki|Occa Berry|[eat]\n|-enditem|p2a: Klefki|Occa Berry|[weaken]\n|-damage|p2a: Klefki|57/100\n|-damage|p1a: Doja Cat|92/100|[from] Recoil\n|move|p2b: Machamp|Storm Throw|p1a: Doja Cat\n|-supereffective|p1a: Doja Cat|1\n|-crit|p1a: Doja Cat\n|-enditem|p1a: Doja Cat|Chople Berry|[eat]\n|-enditem|p1a: Doja Cat|Chople Berry|[weaken]\n|-damage|p1a: Doja Cat|38/100\n|move|p2a: Klefki|Trick Room|p2a: Klefki\n|-fieldstart|move: Trick Room|[of] p2a: Klefki\n|\n|upkeep\n|turn|3\n|inactive|tunapretzels has 30 seconds left.\n|inactive|tunapretzels has 20 seconds left.\n|\n|t:|1776053735\n|switch|p2a: Incineroar|Incineroar, L50, F|100/100\n|-ability|p2a: Incineroar|Intimidate|boost\n|-unboost|p1a: Doja Cat|atk|1\n|-unboost|p1b: CeeLo Green|atk|1\n|move|p1b: CeeLo Green|Rage Powder|p1b: CeeLo Green\n|-singleturn|p1b: CeeLo Green|move: Rage Powder\n|move|p2b: Machamp|Storm Throw|p1b: CeeLo Green\n|-immune|p1b: CeeLo Green\n|move|p1a: Doja Cat|Flare Blitz|p2a: Incineroar\n|-resisted|p2a: Incineroar|1\n|-damage|p2a: Incineroar|93/100\n|-damage|p1a: Doja Cat|35/100|[from] Recoil\n|\n|upkeep\n|turn|4\n|\n|t:|1776053755\n|move|p1b: CeeLo Green|Rage Powder|p1b: CeeLo Green\n|-singleturn|p1b: CeeLo Green|move: Rage Powder\n|move|p2b: Machamp|Darkest Lariat|p1b: CeeLo Green\n|-supereffective|p1b: CeeLo Green|1\n|-damage|p1b: CeeLo Green|62/100\n|move|p2a: Incineroar|Flare Blitz|p1b: CeeLo Green\n|-supereffective|p1b: CeeLo Green|1\n|-damage|p1b: CeeLo Green|0 fnt\n|faint|p1b: CeeLo Green\n|-damage|p2a: Incineroar|75/100|[from] Recoil\n|move|p1a: Doja Cat|Parting Shot|p2a: Incineroar\n|-unboost|p2a: Incineroar|atk|1\n|-unboost|p2a: Incineroar|spa|1\n|\n|t:|1776053768\n|switch|p1a: Metro Boomin|Palafin-Hero, L50, F|100/100|[from] Parting Shot\n|-activate|p1a: Metro Boomin|ability: Zero to Hero\n|\n|upkeep\n|\n|t:|1776053770\n|switch|p1b: Doja Cat|Incineroar, L50, F|35/100\n|-ability|p1b: Doja Cat|Intimidate|boost\n|-unboost|p2a: Incineroar|atk|1\n|-unboost|p2b: Machamp|atk|1\n|turn|5\n|\n|t:|1776053789\n|move|p2b: Machamp|Protect|p2b: Machamp\n|-singleturn|p2b: Machamp|Protect\n|move|p1b: Doja Cat|Fake Out|p2b: Machamp\n|-activate|p2b: Machamp|move: Protect\n|move|p1a: Metro Boomin|Jet Punch|p2a: Incineroar\n|-supereffective|p2a: Incineroar|1\n|-damage|p2a: Incineroar|37/100\n|-enditem|p2a: Incineroar|Sitrus Berry|[eat]\n|-heal|p2a: Incineroar|62/100|[from] item: Sitrus Berry\n|move|p2a: Incineroar|Parting Shot|p1a: Metro Boomin\n|-unboost|p1a: Metro Boomin|atk|1\n|-unboost|p1a: Metro Boomin|spa|1\n|\n|t:|1776053800\n|switch|p2a: Klefki|Klefki, L50, F|57/100|[from] Parting Shot\n|\n|-sideend|p2: Riles9000|Reflect\n|upkeep\n|turn|6\n|\n|t:|1776053814\n|switch|p1a: Mariah Carey|Froslass, L50, F|100/100\n|move|p2a: Klefki|Reflect|p2a: Klefki\n|-sidestart|p2: Riles9000|Reflect\n|move|p2b: Machamp|Storm Throw|p1b: Doja Cat\n|-supereffective|p1b: Doja Cat|1\n|-crit|p1b: Doja Cat\n|-damage|p1b: Doja Cat|0 fnt\n|faint|p1b: Doja Cat\n|\n|-fieldend|move: Trick Room\n|upkeep\n|\n|t:|1776053820\n|switch|p1b: Metro Boomin|Palafin-Hero, L50, F|100/100\n|turn|7\n|\n|t:|1776053831\n|detailschange|p1a: Mariah Carey|Froslass-Mega, L50, F\n|-mega|p1a: Mariah Carey|Froslass|Froslassite\n|-weather|Snowscape|[from] ability: Snow Warning|[of] p1a: Mariah Carey\n|move|p2b: Machamp|Protect|p2b: Machamp\n|-singleturn|p2b: Machamp|Protect\n|move|p1b: Metro Boomin|Wave Crash|p2a: Klefki\n|-damage|p2a: Klefki|13/100\n|-damage|p1b: Metro Boomin|87/100|[from] Recoil\n|move|p1a: Mariah Carey|Shadow Ball|p2a: Klefki\n|-damage|p2a: Klefki|0 fnt\n|faint|p2a: Klefki\n|\n|-weather|Snowscape|[upkeep]\n|upkeep\n|\n|t:|1776053843\n|switch|p2a: Floette|Floette-Eternal, L50, F|100/100\n|turn|8\n|\n|t:|1776053855\n|detailschange|p2a: Floette|Floette-Mega, L50, F\n|-mega|p2a: Floette|Floette|Floettite\n|-ability|p2a: Floette|Fairy Aura\n|move|p1b: Metro Boomin|Wave Crash|p2a: Floette\n|-damage|p2a: Floette|33/100\n|-damage|p1b: Metro Boomin|68/100|[from] Recoil\n|move|p1a: Mariah Carey|Blizzard|p2a: Floette|[spread] p2a,p2b\n|-damage|p2a: Floette|0 fnt\n|-damage|p2b: Machamp|19/100\n|faint|p2a: Floette\n|move|p2b: Machamp|Darkest Lariat|p1a: Mariah Carey\n|-supereffective|p1a: Mariah Carey|1\n|-crit|p1a: Mariah Carey\n|-damage|p1a: Mariah Carey|0 fnt\n|faint|p1a: Mariah Carey\n|\n|-weather|Snowscape|[upkeep]\n|upkeep\n|\n|t:|1776053869\n|switch|p2a: Incineroar|Incineroar, L50, F|62/100\n|-ability|p2a: Incineroar|Intimidate|boost\n|-unboost|p1b: Metro Boomin|atk|1\n|turn|9\n|\n|t:|1776053878\n|move|p2a: Incineroar|Fake Out|p1b: Metro Boomin\n|-damage|p1b: Metro Boomin|58/100\n|cant|p1b: Metro Boomin|flinch\n|move|p2b: Machamp|Storm Throw|p1b: Metro Boomin\n|-crit|p1b: Metro Boomin\n|-damage|p1b: Metro Boomin|0 fnt\n|faint|p1b: Metro Boomin\n|\n|win|Riles9000\n|raw|tunapretzels's rating: 1099 &rarr; <strong>1073</strong><br />(-26 for losing)\n|raw|Riles9000's rating: 1081 &rarr; <strong>1110</strong><br />(+29 for winning)\n",
  "uploadtime": 1776053887,
  "views": 10,
  "formatid": "gen9championsvgc2026regma",
  "rating": 1073,
  "private": 0,
  "password": null
}