{
  "id": "gen9championsvgc2026regma-2588400570",
  "format": "[Gen 9 Champions] VGC 2026 Reg M-A",
  "players": [
    "AsexualBillClinton",
    "UA Todoroki"
  ],
  "log": "|j|\u2606AsexualBillClinton\n|j|\u2606UA Todoroki\n|t:|1776630356\n|gametype|doubles\n|player|p1|AsexualBillClinton|marlon|1269\n|player|p2|UA Todoroki|170|1233\n|gen|9\n|tier|[Gen 9 Champions] VGC 2026 Reg M-A\n|rated|\n|rule|Species Clause: Limit one of each Pok\u00e9mon\n|rule|Item Clause: Limit 1 of each item\n|clearpoke\n|poke|p1|Tyranitar, L50, M|\n|poke|p1|Rhyperior, L50, M|\n|poke|p1|Aerodactyl, L50, F|\n|poke|p1|Kangaskhan, L50, F|\n|poke|p1|Tauros-Paldea-Blaze, L50, M|\n|poke|p1|Excadrill, L50, F|\n|poke|p2|Incineroar, L50, M|\n|poke|p2|Sinistcha, L50|\n|poke|p2|Tyranitar, L50, M|\n|poke|p2|Rotom-Wash, L50|\n|poke|p2|Excadrill, L50, M|\n|poke|p2|Corviknight, L50, M|\n|teampreview|4\n|\n|t:|1776630393\n|teamsize|p1|4\n|teamsize|p2|4\n|start\n|switch|p1a: Tauros|Tauros-Paldea-Blaze, L50, M|100/100\n|switch|p1b: Kangaskhan|Kangaskhan, L50, F|100/100\n|switch|p2a: Corviknight|Corviknight, L50, M|100/100\n|switch|p2b: Tyranitar|Tyranitar, L50, M|100/100\n|-ability|p1a: Tauros|Intimidate|boost\n|-ability|p2a: Corviknight|Mirror Armor\n|-unboost|p1a: Tauros|atk|1\n|-unboost|p2b: Tyranitar|atk|1\n|-weather|Sandstorm|[from] ability: Sand Stream|[of] p2b: Tyranitar\n|turn|1\n|\n|t:|1776630406\n|detailschange|p1b: Kangaskhan|Kangaskhan-Mega, L50, F\n|-mega|p1b: Kangaskhan|Kangaskhan|Kangaskhanite\n|move|p2b: Tyranitar|Protect|p2b: Tyranitar\n|-singleturn|p2b: Tyranitar|Protect\n|move|p1a: Tauros|Will-O-Wisp|p2a: Corviknight\n|-status|p2a: Corviknight|brn\n|move|p1b: Kangaskhan|Drain Punch|p2b: Tyranitar\n|-activate|p2b: Tyranitar|move: Protect\n|move|p2a: Corviknight|Tailwind|p2a: Corviknight\n|-sidestart|p2: UA Todoroki|move: Tailwind\n|\n|-weather|Sandstorm|[upkeep]\n|-damage|p1a: Tauros|95/100|[from] Sandstorm\n|-damage|p1b: Kangaskhan|95/100|[from] Sandstorm\n|-damage|p2a: Corviknight|94/100 brn|[from] brn\n|upkeep\n|turn|2\n|\n|t:|1776630431\n|switch|p1a: Tyranitar|Tyranitar, L50, M|100/100\n|switch|p2b: Rotom|Rotom-Wash, L50|100/100\n|move|p2a: Corviknight|Brave Bird|p1a: Tyranitar\n|-resisted|p1a: Tyranitar|1\n|-damage|p1a: Tyranitar|91/100\n|-damage|p2a: Corviknight|91/100 brn|[from] Recoil\n|move|p1b: Kangaskhan|Rock Slide|p2a: Corviknight|[spread] p2a,p2b\n|-damage|p2a: Corviknight|72/100 brn\n|-damage|p2b: Rotom|77/100\n|\n|-weather|Sandstorm|[upkeep]\n|-damage|p2b: Rotom|71/100|[from] Sandstorm\n|-damage|p1b: Kangaskhan|89/100|[from] Sandstorm\n|-heal|p2a: Corviknight|79/100 brn|[from] item: Leftovers\n|-damage|p2a: Corviknight|72/100 brn|[from] brn\n|upkeep\n|turn|3\n|\n|t:|1776630452\n|move|p1a: Tyranitar|Protect|p1a: Tyranitar\n|-singleturn|p1a: Tyranitar|Protect\n|move|p2b: Rotom|Will-O-Wisp|p1a: Tyranitar\n|-activate|p1a: Tyranitar|move: Protect\n|move|p2a: Corviknight|Bulk Up|p2a: Corviknight\n|-boost|p2a: Corviknight|atk|1\n|-boost|p2a: Corviknight|def|1\n|move|p1b: Kangaskhan|Rock Slide|p2b: Rotom|[spread] p2a,p2b\n|-damage|p2a: Corviknight|60/100 brn\n|-damage|p2b: Rotom|48/100\n|-enditem|p2b: Rotom|Sitrus Berry|[eat]\n|-heal|p2b: Rotom|73/100|[from] item: Sitrus Berry\n|\n|-weather|Sandstorm|[upkeep]\n|-damage|p2b: Rotom|67/100|[from] Sandstorm\n|-damage|p1b: Kangaskhan|83/100|[from] Sandstorm\n|-heal|p2a: Corviknight|67/100 brn|[from] item: Leftovers\n|-damage|p2a: Corviknight|60/100 brn|[from] brn\n|upkeep\n|turn|4\n|\n|t:|1776630470\n|move|p2b: Rotom|Will-O-Wisp|p1b: Kangaskhan\n|-status|p1b: Kangaskhan|brn\n|move|p2a: Corviknight|Bulk Up|p2a: Corviknight\n|-boost|p2a: Corviknight|atk|1\n|-boost|p2a: Corviknight|def|1\n|move|p1b: Kangaskhan|Rock Slide|p2b: Rotom|[spread] p2a,p2b\n|-damage|p2a: Corviknight|56/100 brn\n|-damage|p2b: Rotom|55/100\n|move|p1a: Tyranitar|Rock Slide|p2a: Corviknight|[spread] p2b\n|-miss|p1a: Tyranitar|p2a: Corviknight\n|-damage|p2b: Rotom|22/100\n|\n|-weather|Sandstorm|[upkeep]\n|-damage|p2b: Rotom|17/100|[from] Sandstorm\n|-damage|p1b: Kangaskhan|77/100 brn|[from] Sandstorm\n|-heal|p2a: Corviknight|62/100 brn|[from] item: Leftovers\n|-damage|p2a: Corviknight|56/100 brn|[from] brn\n|-damage|p1b: Kangaskhan|71/100 brn|[from] brn\n|-sideend|p2: UA Todoroki|move: Tailwind\n|upkeep\n|turn|5\n|\n|t:|1776630486\n|move|p2b: Rotom|Protect|p2b: Rotom\n|-singleturn|p2b: Rotom|Protect\n|move|p1b: Kangaskhan|Rock Slide|p2b: Rotom|[spread] p2a\n|-activate|p2b: Rotom|move: Protect\n|-damage|p2a: Corviknight|51/100 brn\n|cant|p2a: Corviknight|flinch\n|move|p1a: Tyranitar|Rock Slide|p2b: Rotom|[spread] p2a\n|-activate|p2b: Rotom|move: Protect\n|-damage|p2a: Corviknight|38/100 brn\n|\n|-weather|none\n|-heal|p2a: Corviknight|44/100 brn|[from] item: Leftovers\n|-damage|p1b: Kangaskhan|65/100 brn|[from] brn\n|-damage|p2a: Corviknight|38/100 brn|[from] brn\n|upkeep\n|turn|6\n|\n|t:|1776630503\n|switch|p2b: Sinistcha|Sinistcha, L50|100/100\n|-heal|p2a: Corviknight|63/100 brn|[from] ability: Hospitality|[of] p2b: Sinistcha\n|move|p1b: Kangaskhan|Rock Slide|p2a: Corviknight|[spread] p2a,p2b\n|-damage|p2a: Corviknight|58/100 brn\n|-damage|p2b: Sinistcha|93/100\n|move|p2a: Corviknight|Roost|p2a: Corviknight\n|-heal|p2a: Corviknight|100/100 brn\n|-singleturn|p2a: Corviknight|move: Roost\n|move|p1a: Tyranitar|Rock Slide|p2a: Corviknight|[spread] p2b\n|-miss|p1a: Tyranitar|p2a: Corviknight\n|-damage|p2b: Sinistcha|69/100\n|\n|-damage|p1b: Kangaskhan|59/100 brn|[from] brn\n|-damage|p2a: Corviknight|94/100 brn|[from] brn\n|upkeep\n|turn|7\n|\n|t:|1776630518\n|switch|p1b: Excadrill|Excadrill, L50, F|100/100\n|move|p2a: Corviknight|Bulk Up|p2a: Corviknight\n|-boost|p2a: Corviknight|atk|1\n|-boost|p2a: Corviknight|def|1\n|move|p2b: Sinistcha|Strength Sap|p1a: Tyranitar\n|-unboost|p1a: Tyranitar|atk|1\n|-heal|p2b: Sinistcha|100/100\n|move|p1a: Tyranitar|Knock Off|p2b: Sinistcha\n|-supereffective|p2b: Sinistcha|1\n|-damage|p2b: Sinistcha|43/100\n|-enditem|p2b: Sinistcha|Mental Herb|[from] move: Knock Off|[of] p1a: Tyranitar\n|\n|-heal|p2a: Corviknight|100/100 brn|[from] item: Leftovers\n|-damage|p2a: Corviknight|94/100 brn|[from] brn\n|upkeep\n|turn|8\n|\n|t:|1776630531\n|switch|p1a: Kangaskhan|Kangaskhan-Mega, L50, F|59/100 brn\n|move|p1b: Excadrill|Rock Slide|p2a: Corviknight|[spread] p2b\n|-miss|p1b: Excadrill|p2a: Corviknight\n|-damage|p2b: Sinistcha|27/100\n|move|p2a: Corviknight|Tailwind|p2a: Corviknight\n|-sidestart|p2: UA Todoroki|move: Tailwind\n|move|p2b: Sinistcha|Matcha Gotcha|p1a: Kangaskhan|[spread] p1b\n|-miss|p2b: Sinistcha|p1a: Kangaskhan\n|-damage|p1b: Excadrill|68/100\n|-heal|p2b: Sinistcha|45/100|[from] drain|[of] p1b: Excadrill\n|\n|-heal|p2a: Corviknight|100/100 brn|[from] item: Leftovers\n|-damage|p2a: Corviknight|94/100 brn|[from] brn\n|-damage|p1a: Kangaskhan|53/100 brn|[from] brn\n|upkeep\n|turn|9\n|\n|t:|1776630558\n|switch|p1a: Tyranitar|Tyranitar, L50, M|91/100\n|-weather|Sandstorm|[from] ability: Sand Stream|[of] p1a: Tyranitar\n|move|p1b: Excadrill|Rock Slide|p2a: Corviknight|[spread] p2a,p2b\n|-damage|p2a: Corviknight|87/100 brn\n|-damage|p2b: Sinistcha|27/100\n|move|p2a: Corviknight|Bulk Up|p2a: Corviknight\n|-boost|p2a: Corviknight|atk|1\n|-boost|p2a: Corviknight|def|1\n|cant|p2b: Sinistcha|flinch\n|\n|-weather|Sandstorm|[upkeep]\n|-damage|p2b: Sinistcha|21/100|[from] Sandstorm\n|-heal|p2a: Corviknight|93/100 brn|[from] item: Leftovers\n|-damage|p2a: Corviknight|87/100 brn|[from] brn\n|upkeep\n|turn|10\n|\n|t:|1776630583\n|move|p1b: Excadrill|Iron Head|p2b: Sinistcha\n|-damage|p2b: Sinistcha|0 fnt\n|faint|p2b: Sinistcha\n|move|p2a: Corviknight|Brave Bird|p1a: Tyranitar\n|-resisted|p1a: Tyranitar|1\n|-damage|p1a: Tyranitar|64/100\n|-damage|p2a: Corviknight|78/100 brn|[from] Recoil\n|move|p1a: Tyranitar|Knock Off|p2a: Corviknight\n|-damage|p2a: Corviknight|63/100 brn\n|-enditem|p2a: Corviknight|Leftovers|[from] move: Knock Off|[of] p1a: Tyranitar\n|\n|-weather|Sandstorm|[upkeep]\n|-damage|p2a: Corviknight|57/100 brn|[from] brn\n|upkeep\n|\n|t:|1776630594\n|switch|p2b: Rotom|Rotom-Wash, L50|17/100\n|turn|11\n|\n|t:|1776630610\n|move|p1b: Excadrill|Protect|p1b: Excadrill\n|-singleturn|p1b: Excadrill|Protect\n|move|p2b: Rotom|Protect|p2b: Rotom\n|-singleturn|p2b: Rotom|Protect\n|move|p1a: Tyranitar|Protect|p1a: Tyranitar\n|-singleturn|p1a: Tyranitar|Protect\n|move|p2a: Corviknight|Brave Bird|p1b: Excadrill\n|-activate|p1b: Excadrill|move: Protect\n|\n|-weather|Sandstorm|[upkeep]\n|-damage|p2b: Rotom|11/100|[from] Sandstorm\n|-damage|p2a: Corviknight|50/100 brn|[from] brn\n|-sideend|p2: UA Todoroki|move: Tailwind\n|upkeep\n|turn|12\n|\n|t:|1776630622\n|move|p1b: Excadrill|Rock Slide|p2b: Rotom|[spread] p2b\n|-miss|p1b: Excadrill|p2a: Corviknight\n|-damage|p2b: Rotom|0 fnt\n|faint|p2b: Rotom\n|move|p2a: Corviknight|Tailwind|p2a: Corviknight\n|-sidestart|p2: UA Todoroki|move: Tailwind\n|move|p1a: Tyranitar|Rock Slide|p2a: Corviknight\n|-damage|p2a: Corviknight|38/100 brn\n|\n|-weather|Sandstorm|[upkeep]\n|-damage|p2a: Corviknight|32/100 brn|[from] brn\n|upkeep\n|\n|t:|1776630632\n|switch|p2b: Tyranitar|Tyranitar, L50, M|100/100\n|turn|13\n|\n|t:|1776630641\n|detailschange|p2b: Tyranitar|Tyranitar-Mega, L50, M\n|-mega|p2b: Tyranitar|Tyranitar|Tyranitarite\n|move|p1b: Excadrill|Iron Head|p2b: Tyranitar\n|-supereffective|p2b: Tyranitar|1\n|-damage|p2b: Tyranitar|44/100\n|cant|p2b: Tyranitar|flinch\n|move|p2a: Corviknight|Roost|p2a: Corviknight\n|-heal|p2a: Corviknight|82/100 brn\n|-singleturn|p2a: Corviknight|move: Roost\n|move|p1a: Tyranitar|Iron Head|p2b: Tyranitar\n|-supereffective|p2b: Tyranitar|1\n|-damage|p2b: Tyranitar|10/100\n|\n|-weather|none\n|-damage|p2a: Corviknight|75/100 brn|[from] brn\n|upkeep\n|turn|14\n|\n|t:|1776630658\n|switch|p1a: Tauros|Tauros-Paldea-Blaze, L50, M|95/100\n|-ability|p1a: Tauros|Intimidate|boost\n|-ability|p2a: Corviknight|Mirror Armor\n|-unboost|p1a: Tauros|atk|1\n|-unboost|p2b: Tyranitar|atk|1\n|move|p1b: Excadrill|Protect|p1b: Excadrill\n|-singleturn|p1b: Excadrill|Protect\n|move|p2b: Tyranitar|Low Kick|p1b: Excadrill\n|-activate|p1b: Excadrill|move: Protect\n|move|p2a: Corviknight|Brave Bird|p1a: Tauros\n|-supereffective|p1a: Tauros|1\n|-damage|p1a: Tauros|0 fnt\n|faint|p1a: Tauros\n|-damage|p2a: Corviknight|51/100 brn|[from] Recoil\n|\n|-damage|p2a: Corviknight|45/100 brn|[from] brn\n|upkeep\n|\n|t:|1776630662\n|switch|p1a: Tyranitar|Tyranitar, L50, M|64/100\n|-weather|Sandstorm|[from] ability: Sand Stream|[of] p1a: Tyranitar\n|turn|15\n|\n|t:|1776630675\n|move|p2b: Tyranitar|Protect|p2b: Tyranitar\n|-singleturn|p2b: Tyranitar|Protect\n|move|p1a: Tyranitar|Protect|p1a: Tyranitar\n|-singleturn|p1a: Tyranitar|Protect\n|move|p1b: Excadrill|Iron Head|p2b: Tyranitar\n|-activate|p2b: Tyranitar|move: Protect\n|move|p2a: Corviknight|Roost|p2a: Corviknight\n|-heal|p2a: Corviknight|95/100 brn\n|-singleturn|p2a: Corviknight|move: Roost\n|\n|-weather|Sandstorm|[upkeep]\n|-damage|p2a: Corviknight|89/100 brn|[from] brn\n|-sideend|p2: UA Todoroki|move: Tailwind\n|upkeep\n|turn|16\n|\n|t:|1776630692\n|move|p1b: Excadrill|Iron Head|p2b: Tyranitar\n|-supereffective|p2b: Tyranitar|1\n|-damage|p2b: Tyranitar|0 fnt\n|faint|p2b: Tyranitar\n|move|p2a: Corviknight|Brave Bird|p1b: Excadrill\n|-resisted|p1b: Excadrill|1\n|-damage|p1b: Excadrill|17/100\n|-damage|p2a: Corviknight|72/100 brn|[from] Recoil\n|move|p1a: Tyranitar|Rock Slide|p2a: Corviknight\n|-damage|p2a: Corviknight|60/100 brn\n|\n|-weather|Sandstorm|[upkeep]\n|-damage|p2a: Corviknight|54/100 brn|[from] brn\n|upkeep\n|turn|17\n|l|\u2606UA Todoroki\n|player|p2|\n|inactive|Battle timer is ON: inactive players will automatically lose when time's up. (requested by AsexualBillClinton)\n|inactive|UA Todoroki has 30 seconds to reconnect!\n|inactive|UA Todoroki has 20 seconds to reconnect!\n|inactive|UA Todoroki has 15 seconds to reconnect!\n|inactive|UA Todoroki has 10 seconds to reconnect!\n|inactive|UA Todoroki has 5 seconds to reconnect!\n|-message|UA Todoroki lost due to inactivity.\n|\n|win|AsexualBillClinton\n|raw|AsexualBillClinton's rating: 1269 &rarr; <strong>1291</strong><br />(+22 for winning)\n|raw|UA Todoroki's rating: 1233 &rarr; <strong>1211</strong><br />(-22 for losing)\n",
  "uploadtime": 1776630819,
  "views": 14,
  "formatid": "gen9championsvgc2026regma",
  "rating": 1211,
  "private": 0,
  "password": null
}