{
  "id": "gen9championsvgc2026regma-2585439291",
  "format": "[Gen 9 Champions] VGC 2026 Reg M-A",
  "players": [
    "gutinhu",
    "renfero suicida"
  ],
  "log": "|j|\u2606gutinhu\n|j|\u2606renfero suicida\n|t:|1776347377\n|gametype|doubles\n|player|p1|gutinhu|169|1212\n|player|p2|renfero suicida|102|1183\n|gen|9\n|tier|[Gen 9 Champions] VGC 2026 Reg M-A\n|rated|\n|rule|Species Clause: Limit one of each Pok\u00e9mon\n|rule|Item Clause: Limit 1 of each item\n|clearpoke\n|poke|p1|Gengar, L50, M|\n|poke|p1|Altaria, L50, M|\n|poke|p1|Incineroar, L50, M|\n|poke|p1|Sableye, L50, M|\n|poke|p1|Sinistcha, L50|\n|poke|p1|Basculegion, L50, M|\n|poke|p2|Starmie, L50|\n|poke|p2|Aegislash, L50, F|\n|poke|p2|Pelipper, L50, M|\n|poke|p2|Maushold, L50|\n|poke|p2|Archaludon, L50, F|\n|poke|p2|Sneasler, L50, F|\n|teampreview|4\n|inactive|Battle timer is ON: inactive players will automatically lose when time's up. (requested by gutinhu)\n|inactive|renfero suicida has 60 seconds left.\n|\n|t:|1776347418\n|teamsize|p1|4\n|teamsize|p2|4\n|start\n|switch|p1a: Gengar|Gengar, L50, M|100/100\n|switch|p1b: Sableye|Sableye, L50, M|100/100\n|switch|p2a: Pelipper|Pelipper, L50, M|100/100\n|switch|p2b: Archaludon|Archaludon, L50, F|100/100\n|-weather|RainDance|[from] ability: Drizzle|[of] p2a: Pelipper\n|turn|1\n|\n|t:|1776347446\n|detailschange|p1a: Gengar|Gengar-Mega, L50, M\n|-mega|p1a: Gengar|Gengar|Gengarite\n|move|p1b: Sableye|Fake Out|p2b: Archaludon\n|-resisted|p2b: Archaludon|1\n|-damage|p2b: Archaludon|97/100\n|-ability|p2b: Archaludon|Stamina|boost\n|-boost|p2b: Archaludon|def|1\n|move|p1a: Gengar|Perish Song|p1a: Gengar\n|-start|p1a: Gengar|perish3|[silent]\n|-start|p1b: Sableye|perish3|[silent]\n|-start|p2a: Pelipper|perish3|[silent]\n|-start|p2b: Archaludon|perish3|[silent]\n|-fieldactivate|move: Perish Song\n|move|p2a: Pelipper|Weather Ball|p1a: Gengar\n|-damage|p1a: Gengar|17/100\n|cant|p2b: Archaludon|flinch\n|\n|-weather|RainDance|[upkeep]\n|-heal|p2b: Archaludon|100/100|[from] item: Leftovers\n|-start|p1a: Gengar|perish3\n|-start|p2a: Pelipper|perish3\n|-start|p2b: Archaludon|perish3\n|-start|p1b: Sableye|perish3\n|upkeep\n|turn|2\n|inactive|gutinhu has 30 seconds left.\n|inactive|renfero suicida has 30 seconds left.\n|inactive|gutinhu has 20 seconds left.\n|inactive|gutinhu has 15 seconds left.\n|inactive|gutinhu has 10 seconds left.\n|\n|t:|1776347495\n|switch|p1b: Incineroar|Incineroar, L50, M|100/100\n|-ability|p1b: Incineroar|Intimidate|boost\n|-unboost|p2a: Pelipper|atk|1\n|-unboost|p2b: Archaludon|atk|1\n|move|p1a: Gengar|Protect|p1a: Gengar\n|-singleturn|p1a: Gengar|Protect\n|move|p2a: Pelipper|Tailwind|p2a: Pelipper\n|-sidestart|p2: renfero suicida|move: Tailwind\n|move|p2b: Archaludon|Electro Shot||[still]\n|-prepare|p2b: Archaludon|Electro Shot\n|-boost|p2b: Archaludon|spa|1\n|-anim|p2b: Archaludon|Electro Shot|p1b: Incineroar\n|-damage|p1b: Incineroar|52/100\n|\n|-weather|RainDance|[upkeep]\n|-start|p2a: Pelipper|perish2\n|-start|p2b: Archaludon|perish2\n|-start|p1a: Gengar|perish2\n|upkeep\n|turn|3\n|inactive|renfero suicida has 30 seconds left.\n|\n|t:|1776347521\n|switch|p1a: Altaria|Altaria, L50, M|100/100\n|-ability|p1a: Altaria|Cloud Nine\n|move|p2a: Pelipper|Weather Ball|p1a: Altaria\n|-damage|p1a: Altaria|90/100\n|move|p2b: Archaludon|Electro Shot||[still]\n|-prepare|p2b: Archaludon|Electro Shot\n|-boost|p2b: Archaludon|spa|1\n|move|p1b: Incineroar|Parting Shot|p1a: Altaria\n|-unboost|p1a: Altaria|atk|1\n|-unboost|p1a: Altaria|spa|1\n|\n|t:|1776347534\n|switch|p1b: Gengar|Gengar-Mega, L50, M|17/100|[from] Parting Shot\n|\n|-weather|RainDance|[upkeep]\n|-start|p2a: Pelipper|perish1\n|-start|p2b: Archaludon|perish1\n|upkeep\n|turn|4\n|\n|t:|1776347549\n|move|p1b: Gengar|Protect|p1b: Gengar\n|-singleturn|p1b: Gengar|Protect\n|move|p1a: Altaria|Protect|p1a: Altaria\n|-singleturn|p1a: Altaria|Protect\n|move|p2a: Pelipper|Hurricane|p1a: Altaria\n|-activate|p1a: Altaria|move: Protect\n|move|p2b: Archaludon|Electro Shot|p1a: Altaria|[from] lockedmove\n|-activate|p1a: Altaria|move: Protect\n|\n|-weather|RainDance|[upkeep]\n|-start|p2a: Pelipper|perish0\n|-start|p2b: Archaludon|perish0\n|faint|p2a: Pelipper\n|faint|p2b: Archaludon\n|upkeep\n|\n|t:|1776347558\n|switch|p2a: Starmie|Starmie, L50|100/100\n|switch|p2b: Aegislash|Aegislash, L50, F|100/100\n|turn|5\n|\n|t:|1776347576\n|switch|p1b: Incineroar|Incineroar, L50, M|52/100\n|-ability|p1b: Incineroar|Intimidate|boost\n|-unboost|p2a: Starmie|atk|1\n|-unboost|p2b: Aegislash|atk|1\n|detailschange|p2a: Starmie|Starmie-Mega, L50\n|-mega|p2a: Starmie|Starmie|Starminite\n|move|p2a: Starmie|Ice Spinner|p1a: Altaria\n|-supereffective|p1a: Altaria|2\n|-damage|p1a: Altaria|0 fnt\n|faint|p1a: Altaria\n|-formechange|p2b: Aegislash|Aegislash-Blade|\n|move|p2b: Aegislash|Iron Head|p1b: Incineroar\n|-resisted|p1b: Incineroar|1\n|-damage|p1b: Incineroar|37/100\n|-enditem|p1b: Incineroar|Sitrus Berry|[eat]\n|-heal|p1b: Incineroar|62/100|[from] item: Sitrus Berry\n|\n|-weather|none\n|-sideend|p2: renfero suicida|move: Tailwind\n|upkeep\n|\n|t:|1776347591\n|switch|p1a: Sableye|Sableye, L50, M|100/100\n|turn|6\n|\n|t:|1776347607\n|move|p1b: Incineroar|Fake Out|p2a: Starmie\n|-damage|p2a: Starmie|87/100\n|move|p1a: Sableye|Encore|p2b: Aegislash\n|-start|p2b: Aegislash|Encore\n|cant|p2a: Starmie|flinch\n|move|p2b: Aegislash|Iron Head|p1b: Incineroar\n|-resisted|p1b: Incineroar|1\n|-damage|p1b: Incineroar|46/100\n|\n|upkeep\n|turn|7\n|\n|t:|1776347624\n|move|p1a: Sableye|Encore|p2a: Starmie\n|-start|p2a: Starmie|Encore\n|move|p2a: Starmie|Ice Spinner|p1a: Sableye\n|-damage|p1a: Sableye|49/100\n|move|p2b: Aegislash|Iron Head|p1a: Sableye\n|-damage|p1a: Sableye|1/100\n|move|p1b: Incineroar|Will-O-Wisp|p2b: Aegislash\n|-status|p2b: Aegislash|brn\n|\n|-damage|p2b: Aegislash|95/100 brn|[from] brn\n|upkeep\n|turn|8\n|inactive|gutinhu has 30 seconds left.\n|\n|t:|1776347656\n|move|p1a: Sableye|Disable|p2a: Starmie\n|-start|p2a: Starmie|Disable|Ice Spinner\n|cant|p2a: Starmie|Disable|Ice Spinner\n|move|p2b: Aegislash|Iron Head|p1b: Incineroar\n|-resisted|p1b: Incineroar|1\n|-damage|p1b: Incineroar|38/100\n|cant|p1b: Incineroar|flinch\n|\n|-damage|p2b: Aegislash|89/100 brn|[from] brn\n|-end|p2b: Aegislash|Encore\n|upkeep\n|turn|9\n|\n|t:|1776347677\n|move|p1a: Sableye|Encore|p2b: Aegislash\n|-start|p2b: Aegislash|Encore\n|-activate|p2a: Starmie|move: Struggle\n|move|p2a: Starmie|Struggle|p1b: Incineroar\n|-damage|p1b: Incineroar|17/100\n|-damage|p2a: Starmie|63/100|[from] recoil\n|move|p2b: Aegislash|Iron Head|p1b: Incineroar\n|-resisted|p1b: Incineroar|1\n|-damage|p1b: Incineroar|8/100\n|move|p1b: Incineroar|Throat Chop|p2b: Aegislash\n|-supereffective|p2b: Aegislash|1\n|-crit|p2b: Aegislash\n|-damage|p2b: Aegislash|0 fnt\n|faint|p2b: Aegislash\n|\n|-end|p2a: Starmie|Encore\n|upkeep\n|turn|10\n|\n|t:|1776347699\n|move|p1a: Sableye|Encore||[still]\n|-fail|p1a: Sableye\n|move|p2a: Starmie|Liquidation|p1a: Sableye\n|-damage|p1a: Sableye|0 fnt\n|faint|p1a: Sableye\n|move|p1b: Incineroar|Will-O-Wisp|p2a: Starmie\n|-status|p2a: Starmie|brn\n|\n|-damage|p2a: Starmie|57/100 brn|[from] brn\n|upkeep\n|\n|t:|1776347703\n|switch|p1a: Gengar|Gengar-Mega, L50, M|17/100\n|turn|11\n|\n|t:|1776347709\n|move|p1a: Gengar|Shadow Ball|p2a: Starmie\n|-supereffective|p2a: Starmie|1\n|-damage|p2a: Starmie|0 fnt\n|faint|p2a: Starmie\n|\n|win|gutinhu\n|raw|gutinhu's rating: 1212 &rarr; <strong>1235</strong><br />(+23 for winning)\n|raw|renfero suicida's rating: 1183 &rarr; <strong>1160</strong><br />(-23 for losing)\n|l|\u2606renfero suicida\n|player|p2|\n",
  "uploadtime": 1776347716,
  "views": 24,
  "formatid": "gen9championsvgc2026regma",
  "rating": 1160,
  "private": 0,
  "password": null
}