{
  "id": "gen9championsvgc2026regma-2587419205",
  "format": "[Gen 9 Champions] VGC 2026 Reg M-A",
  "players": [
    "PCR_Dark",
    "hize_dies"
  ],
  "log": "|j|\u2606PCR_Dark\n|j|\u2606hize_dies\n|html|<table width=\"100%\"><tr><td align=\"left\">PCR_Dark</td><td align=\"right\">hize_dies</tr><tr><td align=\"left\"><i class=\"fa fa-circle\"></i> <i class=\"fa fa-circle-o\"></i> </td><td align=\"right\"><i class=\"fa fa-circle-o\"></i> <i class=\"fa fa-circle-o\"></i> </tr></table>\n|uhtml|bestof|<h2><strong>Game 2</strong> of <a href=\"/game-bestof3-gen9championsvgc2026regma-2587413217\">a best-of-3</a></h2>\n|t:|1776530225\n|gametype|doubles\n|player|p1|PCR_Dark|hilbert-wonderlauncher|\n|player|p2|hize_dies|265|\n|gen|9\n|tier|[Gen 9 Champions] VGC 2026 Reg M-A\n|rule|Species Clause: Limit one of each Pok\u00e9mon\n|rule|Item Clause: Limit 1 of each item\n|raw|<div class=\"infobox\"><details class=\"readmore\" open><summary><strong>1 custom rule:</strong></summary> Best of = 3</details></div>\n|clearpoke\n|poke|p1|Tyranitar, L50, M|\n|poke|p1|Milotic, L50, F|\n|poke|p1|Sinistcha, L50|\n|poke|p1|Sneasler, L50, F|\n|poke|p1|Rotom-Heat, L50|\n|poke|p1|Garchomp, L50, M|\n|poke|p2|Glalie, L50, M|\n|poke|p2|Whimsicott, L50, F|\n|poke|p2|Gyarados, L50, F|\n|poke|p2|Bastiodon, L50, F|\n|poke|p2|Tyranitar, L50, F|\n|poke|p2|Garchomp, L50, F|\n|teampreview|4\nPCR_Dark has agreed to open team sheets.\n|j| NervousSirVex\n|inactive|Battle timer is ON: inactive players will automatically lose when time's up. (requested by PCR_Dark)\n|inactiveoff|Battle timer is now OFF.\n|\n|t:|1776530271\n|teamsize|p1|4\n|teamsize|p2|4\n|start\n|switch|p1a: Sinistcha|Sinistcha, L50|100/100\n|switch|p1b: Sneasler|Sneasler, L50, F|100/100\n|switch|p2a: Glalie|Glalie, L50, M|100/100\n|switch|p2b: Whimsicott|Whimsicott, L50, F|100/100\n|turn|1\n|j| lfdgm\n|j| Quarters_OU\n|j| leafeon_2564\n|inactive|Battle timer is ON: inactive players will automatically lose when time's up. (requested by PCR_Dark)\n|inactive|hize_dies has 30 seconds left.\n|inactive|hize_dies has 20 seconds left.\n|inactiveoff|Battle timer is now OFF.\n|\n|t:|1776530343\n|switch|p2a: Bastiodon|Bastiodon, L50, F|100/100\n|move|p2b: Whimsicott|Protect|p2b: Whimsicott\n|-singleturn|p2b: Whimsicott|Protect\n|move|p1b: Sneasler|Fake Out|p2a: Bastiodon\n|-resisted|p2a: Bastiodon|2\n|-damage|p2a: Bastiodon|99/100\n|move|p1a: Sinistcha|Trick Room|p1a: Sinistcha\n|-fieldstart|move: Trick Room|[of] p1a: Sinistcha\n|\n|upkeep\n|turn|2\n|\n|t:|1776530391\n|switch|p1b: Milotic|Milotic, L50, F|100/100\n|move|p2a: Bastiodon|Protect|p2a: Bastiodon\n|-singleturn|p2a: Bastiodon|Protect\n|move|p1a: Sinistcha|Matcha Gotcha|p2a: Bastiodon|[spread] p2b\n|-activate|p2a: Bastiodon|move: Protect\n|-resisted|p2b: Whimsicott|1\n|-damage|p2b: Whimsicott|83/100\n|-status|p2b: Whimsicott|brn\n|move|p2b: Whimsicott|Psychic|p1b: Milotic\n|-damage|p1b: Milotic|91/100\n|\n|-heal|p1b: Milotic|97/100|[from] item: Leftovers\n|-damage|p2b: Whimsicott|77/100 brn|[from] brn\n|upkeep\n|turn|3\n|\n|t:|1776530424\n|switch|p2a: Glalie|Glalie, L50, M|100/100\n|move|p2b: Whimsicott|Protect|p2b: Whimsicott\n|-singleturn|p2b: Whimsicott|Protect\n|move|p1a: Sinistcha|Matcha Gotcha|p2b: Whimsicott|[spread] \n|-activate|p2b: Whimsicott|move: Protect\n|-miss|p1a: Sinistcha|p2a: Glalie\n|move|p1b: Milotic|Scald|p2a: Glalie\n|-damage|p2a: Glalie|67/100\n|\n|-heal|p1b: Milotic|100/100|[from] item: Leftovers\n|-damage|p2b: Whimsicott|71/100 brn|[from] brn\n|upkeep\n|turn|4\n|inactive|Battle timer is ON: inactive players will automatically lose when time's up. (requested by hize_dies)\n|inactive|PCR_Dark has 30 seconds left.\n|inactive|hize_dies has 30 seconds left.\n|inactive|hize_dies has 20 seconds left.\n|inactive|hize_dies has 15 seconds left.\n|\n|t:|1776530471\n|switch|p2b: Tyranitar|Tyranitar, L50, F|100/100\n|-weather|Sandstorm|[from] ability: Sand Stream|[of] p2b: Tyranitar\n|detailschange|p2a: Glalie|Glalie-Mega, L50, M\n|-mega|p2a: Glalie|Glalie|Glalitite\n|move|p1a: Sinistcha|Strength Sap|p2a: Glalie\n|-unboost|p2a: Glalie|atk|1\n|move|p1b: Milotic|Scald|p2a: Glalie\n|-damage|p2a: Glalie|35/100\n|move|p2a: Glalie|Explosion|p1a: Sinistcha|[spread] p2b,p1a,p1b\n|-supereffective|p1a: Sinistcha|1\n|-resisted|p1b: Milotic|1\n|-damage|p2b: Tyranitar|41/100\n|-damage|p1a: Sinistcha|0 fnt\n|-damage|p1b: Milotic|61/100\n|faint|p2a: Glalie\n|faint|p1a: Sinistcha\n|\n|-weather|Sandstorm|[upkeep]\n|-damage|p1b: Milotic|55/100|[from] Sandstorm\n|-heal|p1b: Milotic|61/100|[from] item: Leftovers\n|upkeep\n|\n|t:|1776530496\n|switch|p1a: Sneasler|Sneasler, L50, F|100/100\n|switch|p2a: Bastiodon|Bastiodon, L50, F|99/100\n|turn|5\n|inactive|PCR_Dark has 30 seconds left.\n|inactive|hize_dies has 30 seconds left.\n|inactive|PCR_Dark has 20 seconds left.\n|inactive|hize_dies has 20 seconds left.\n|inactive|hize_dies has 15 seconds left.\n|\n|t:|1776530541\n|move|p2a: Bastiodon|Protect|p2a: Bastiodon\n|-singleturn|p2a: Bastiodon|Protect\n|move|p1a: Sneasler|Fake Out|p2b: Tyranitar\n|-resisted|p2b: Tyranitar|1\n|-damage|p2b: Tyranitar|35/100\n|cant|p2b: Tyranitar|flinch\n|move|p1b: Milotic|Scald|p2a: Bastiodon\n|-activate|p2a: Bastiodon|move: Protect\n|\n|-weather|Sandstorm|[upkeep]\n|-damage|p1b: Milotic|55/100|[from] Sandstorm\n|-damage|p1a: Sneasler|95/100|[from] Sandstorm\n|-heal|p1b: Milotic|61/100|[from] item: Leftovers\n|-fieldend|move: Trick Room\n|upkeep\n|turn|6\n|\n|t:|1776530563\n|switch|p2a: Whimsicott|Whimsicott, L50, F|71/100 brn\n|move|p1a: Sneasler|Close Combat|p2a: Whimsicott\n|-resisted|p2a: Whimsicott|1\n|-damage|p2a: Whimsicott|28/100 brn\n|-unboost|p1a: Sneasler|def|1\n|-unboost|p1a: Sneasler|spd|1\n|-enditem|p1a: Sneasler|White Herb\n|-clearnegativeboost|p1a: Sneasler|[silent]\n|move|p1b: Milotic|Scald|p2b: Tyranitar\n|-supereffective|p2b: Tyranitar|1\n|-damage|p2b: Tyranitar|0 fnt\n|faint|p2b: Tyranitar\n|\n|-weather|Sandstorm|[upkeep]\n|-damage|p1a: Sneasler|89/100|[from] Sandstorm\n|-damage|p2a: Whimsicott|22/100 brn|[from] Sandstorm\n|-damage|p1b: Milotic|55/100|[from] Sandstorm\n|-heal|p1b: Milotic|61/100|[from] item: Leftovers\n|-damage|p2a: Whimsicott|16/100 brn|[from] brn\n|upkeep\n|\n|t:|1776530580\n|switch|p2b: Bastiodon|Bastiodon, L50, F|99/100\n|turn|7\n|inactive|hize_dies has 30 seconds left.\n|\n|t:|1776530611\n|move|p1a: Sneasler|Close Combat|p2b: Bastiodon\n|-supereffective|p2b: Bastiodon|2\n|-damage|p2b: Bastiodon|0 fnt\n|-unboost|p1a: Sneasler|def|1\n|-unboost|p1a: Sneasler|spd|1\n|faint|p2b: Bastiodon\n|move|p2a: Whimsicott|Psychic|p1a: Sneasler\n|-supereffective|p1a: Sneasler|2\n|-damage|p1a: Sneasler|0 fnt\n|faint|p1a: Sneasler\n|move|p1b: Milotic|Scald|p2a: Whimsicott\n|-resisted|p2a: Whimsicott|1\n|-damage|p2a: Whimsicott|0 fnt\n|faint|p2a: Whimsicott\n|\n|win|PCR_Dark\n|c|\u2606hize_dies|gg\n",
  "uploadtime": 1776530648,
  "views": 14,
  "formatid": "gen9championsvgc2026regma",
  "rating": null,
  "private": 0,
  "password": null
}