{
  "id": "gen9championsvgc2026regma-2583030466",
  "format": "[Gen 9 Champions] VGC 2026 Reg M-A",
  "players": [
    "yulius",
    "toririn8000"
  ],
  "log": "|j|\u2606yulius\n|j|\u2606toririn8000\n|t:|1776134896\n|gametype|doubles\n|player|p1|yulius|1|1131\n|player|p2|toririn8000|169|1076\n|gen|9\n|tier|[Gen 9 Champions] VGC 2026 Reg M-A\n|rated|\n|rule|Species Clause: Limit one of each Pok\u00e9mon\n|rule|Item Clause: Limit 1 of each item\n|clearpoke\n|poke|p1|Gallade, L50, M|\n|poke|p1|Whimsicott, L50, M|\n|poke|p1|Rotom-Wash, L50|\n|poke|p1|Garchomp, L50, F|\n|poke|p1|Incineroar, L50, F|\n|poke|p1|Aegislash, L50, M|\n|poke|p2|Milotic, L50, M|\n|poke|p2|Ceruledge, L50, F|\n|poke|p2|Incineroar, L50, F|\n|poke|p2|Aromatisse, L50, M|\n|poke|p2|Sinistcha, L50|\n|poke|p2|Aggron, L50, F|\n|teampreview|4\n|inactive|Battle timer is ON: inactive players will automatically lose when time's up. (requested by toririn8000)\n|inactive|toririn8000 has 60 seconds left.\n|\n|t:|1776134934\n|teamsize|p1|4\n|teamsize|p2|4\n|start\n|switch|p1a: Whimsicott|Whimsicott, L50, M|100/100\n|switch|p1b: Gallade|Gallade, L50, M|100/100\n|switch|p2a: Aromatisse|Aromatisse, L50, M|100/100\n|switch|p2b: Aggron|Aggron, L50, F|100/100\n|turn|1\n|\n|t:|1776134949\n|detailschange|p1b: Gallade|Gallade-Mega, L50, M\n|-mega|p1b: Gallade|Gallade|Galladite\n|detailschange|p2b: Aggron|Aggron-Mega, L50, F\n|-mega|p2b: Aggron|Aggron|Aggronite\n|move|p2b: Aggron|Protect|p2b: Aggron\n|-singleturn|p2b: Aggron|Protect\n|move|p1a: Whimsicott|Tailwind|p1a: Whimsicott\n|-sidestart|p1: yulius|move: Tailwind\n|move|p1b: Gallade|Sacred Sword|p2b: Aggron\n|-activate|p2b: Aggron|move: Protect\n|move|p2a: Aromatisse|Trick Room|p2a: Aromatisse\n|-fieldstart|move: Trick Room|[of] p2a: Aromatisse\n|\n|upkeep\n|turn|2\n|inactive|toririn8000 has 30 seconds left.\n|inactive|toririn8000 has 20 seconds left.\n|\n|t:|1776134985\n|switch|p2a: Incineroar|Incineroar, L50, F|100/100\n|-ability|p2a: Incineroar|Intimidate|boost\n|-unboost|p1a: Whimsicott|atk|1\n|-fail|p1b: Gallade|unboost|Attack|[from] ability: Inner Focus|[of] p1b: Gallade\n|switch|p2b: Sinistcha|Sinistcha, L50|100/100\n|switch|p1b: Rotom|Rotom-Wash, L50|100/100\n|move|p1a: Whimsicott|Encore||[still]\n|-fail|p1a: Whimsicott\n|\n|upkeep\n|turn|3\n|\n|t:|1776135006\n|move|p2b: Sinistcha|Rage Powder|p2b: Sinistcha\n|-singleturn|p2b: Sinistcha|move: Rage Powder\n|move|p2a: Incineroar|Flare Blitz|p1a: Whimsicott\n|-supereffective|p1a: Whimsicott|1\n|-enditem|p1a: Whimsicott|Occa Berry|[eat]\n|-enditem|p1a: Whimsicott|Occa Berry|[weaken]\n|-damage|p1a: Whimsicott|48/100\n|-status|p1a: Whimsicott|brn\n|-damage|p2a: Incineroar|86/100|[from] Recoil\n|move|p1b: Rotom|Hydro Pump|p2b: Sinistcha\n|-resisted|p2b: Sinistcha|1\n|-damage|p2b: Sinistcha|83/100\n|move|p1a: Whimsicott|Moonblast|p2a: Incineroar\n|-damage|p2a: Incineroar|60/100\n|-unboost|p2a: Incineroar|spa|1\n|\n|-damage|p1a: Whimsicott|42/100 brn|[from] brn\n|upkeep\n|turn|4\n|\n|t:|1776135029\n|move|p2a: Incineroar|Flare Blitz|p1a: Whimsicott\n|-supereffective|p1a: Whimsicott|1\n|-damage|p1a: Whimsicott|0 fnt\n|faint|p1a: Whimsicott\n|-damage|p2a: Incineroar|49/100|[from] Recoil\n|move|p2b: Sinistcha|Matcha Gotcha|p1b: Rotom\n|-supereffective|p1b: Rotom|1\n|-damage|p1b: Rotom|47/100\n|-heal|p2b: Sinistcha|100/100|[from] drain|[of] p1b: Rotom\n|move|p1b: Rotom|Electroweb|p2b: Sinistcha|[spread] p2a,p2b\n|-resisted|p2b: Sinistcha|1\n|-damage|p2a: Incineroar|34/100\n|-damage|p2b: Sinistcha|94/100\n|-unboost|p2a: Incineroar|spe|1\n|-unboost|p2b: Sinistcha|spe|1\n|\n|-heal|p1b: Rotom|53/100|[from] item: Leftovers\n|-sideend|p1: yulius|move: Tailwind\n|upkeep\n|\n|t:|1776135047\n|switch|p1a: Garchomp|Garchomp, L50, F|100/100\n|turn|5\n|\n|t:|1776135061\n|move|p2a: Incineroar|Parting Shot|p1a: Garchomp\n|-unboost|p1a: Garchomp|atk|1\n|-unboost|p1a: Garchomp|spa|1\n|\n|t:|1776135066\n|switch|p2a: Aromatisse|Aromatisse, L50, M|100/100|[from] Parting Shot\n|move|p2b: Sinistcha|Matcha Gotcha|p1b: Rotom|[spread] p1a\n|-miss|p2b: Sinistcha|p1b: Rotom\n|-damage|p1a: Garchomp|70/100\n|-heal|p2b: Sinistcha|100/100|[from] drain|[of] p1a: Garchomp\n|move|p1b: Rotom|Electroweb|p2a: Aromatisse|[spread] p2a,p2b\n|-resisted|p2b: Sinistcha|1\n|-damage|p2a: Aromatisse|88/100\n|-damage|p2b: Sinistcha|94/100\n|-unboost|p2a: Aromatisse|spe|1\n|-unboost|p2b: Sinistcha|spe|1\n|move|p1a: Garchomp|Rock Slide|p2b: Sinistcha|[spread] p2a,p2b\n|-damage|p2a: Aromatisse|76/100\n|-damage|p2b: Sinistcha|82/100\n|\n|-heal|p1b: Rotom|58/100|[from] item: Leftovers\n|-fieldend|move: Trick Room\n|upkeep\n|turn|6\n|inactive|yulius has 30 seconds left.\n|\n|t:|1776135093\n|move|p1a: Garchomp|Rock Slide|p2a: Aromatisse|[spread] p2a,p2b\n|-damage|p2a: Aromatisse|65/100\n|-damage|p2b: Sinistcha|71/100\n|move|p1b: Rotom|Electroweb|p2a: Aromatisse|[spread] p2a,p2b\n|-resisted|p2b: Sinistcha|1\n|-damage|p2a: Aromatisse|50/100\n|-damage|p2b: Sinistcha|64/100\n|-unboost|p2a: Aromatisse|spe|1\n|-unboost|p2b: Sinistcha|spe|1\n|-enditem|p2a: Aromatisse|Sitrus Berry|[eat]\n|-heal|p2a: Aromatisse|75/100|[from] item: Sitrus Berry\n|move|p2b: Sinistcha|Matcha Gotcha|p1a: Garchomp|[spread] p1a\n|-miss|p2b: Sinistcha|p1b: Rotom\n|-damage|p1a: Garchomp|40/100\n|-heal|p2b: Sinistcha|80/100|[from] drain|[of] p1a: Garchomp\n|move|p2a: Aromatisse|Trick Room|p2a: Aromatisse\n|-fieldstart|move: Trick Room|[of] p2a: Aromatisse\n|\n|-heal|p1b: Rotom|64/100|[from] item: Leftovers\n|upkeep\n|turn|7\n|\n|t:|1776135117\n|move|p2a: Aromatisse|Moonblast|p1b: Rotom\n|-damage|p1b: Rotom|39/100\n|move|p2b: Sinistcha|Matcha Gotcha|p1b: Rotom|[spread] p1a\n|-miss|p2b: Sinistcha|p1b: Rotom\n|-damage|p1a: Garchomp|12/100\n|-heal|p2b: Sinistcha|94/100|[from] drain|[of] p1a: Garchomp\n|move|p1b: Rotom|Electroweb|p2b: Sinistcha|[spread] p2a,p2b\n|-resisted|p2b: Sinistcha|1\n|-damage|p2a: Aromatisse|63/100\n|-damage|p2b: Sinistcha|88/100\n|-unboost|p2a: Aromatisse|spe|1\n|-unboost|p2b: Sinistcha|spe|1\n|move|p1a: Garchomp|Rock Slide|p2a: Aromatisse|[spread] p2a,p2b\n|-damage|p2a: Aromatisse|52/100\n|-damage|p2b: Sinistcha|75/100\n|\n|-heal|p1b: Rotom|44/100|[from] item: Leftovers\n|upkeep\n|turn|8\n|\n|t:|1776135126\n|move|p2a: Aromatisse|Moonblast|p1b: Rotom\n|-damage|p1b: Rotom|18/100\n|move|p2b: Sinistcha|Matcha Gotcha|p1a: Garchomp|[spread] p1a\n|-miss|p2b: Sinistcha|p1b: Rotom\n|-damage|p1a: Garchomp|0 fnt\n|-heal|p2b: Sinistcha|81/100|[from] drain|[of] p1a: Garchomp\n|faint|p1a: Garchomp\n|move|p1b: Rotom|Electroweb|p2a: Aromatisse|[spread] p2a,p2b\n|-resisted|p2b: Sinistcha|1\n|-damage|p2a: Aromatisse|40/100\n|-damage|p2b: Sinistcha|75/100\n|-unboost|p2a: Aromatisse|spe|1\n|-unboost|p2b: Sinistcha|spe|1\n|\n|-heal|p1b: Rotom|23/100|[from] item: Leftovers\n|upkeep\n|\n|t:|1776135129\n|switch|p1a: Gallade|Gallade-Mega, L50, M|100/100\n|turn|9\n|\n|t:|1776135135\n|move|p2a: Aromatisse|Moonblast|p1a: Gallade\n|-supereffective|p1a: Gallade|1\n|-damage|p1a: Gallade|25/100\n|move|p2b: Sinistcha|Matcha Gotcha|p1b: Rotom|[spread] p1a\n|-miss|p2b: Sinistcha|p1b: Rotom\n|-damage|p1a: Gallade|0 fnt\n|-heal|p2b: Sinistcha|85/100|[from] drain|[of] p1a: Gallade\n|faint|p1a: Gallade\n|move|p1b: Rotom|Hydro Pump|p2a: Aromatisse|[miss]\n|-miss|p1b: Rotom|p2a: Aromatisse\n|\n|-heal|p1b: Rotom|29/100|[from] item: Leftovers\n|upkeep\n|turn|10\n|l|\u2606yulius\n|inactive|yulius disconnected and has a minute to reconnect!\n|player|p1|\n|inactive|yulius has 30 seconds left.\n|inactive|yulius has 20 seconds left.\n|inactive|yulius has 15 seconds left.\n|inactive|yulius has 10 seconds left.\n|inactive|yulius has 5 seconds left.\n|-message|yulius lost due to inactivity.\n|\n|win|toririn8000\n|raw|yulius's rating: 1131 &rarr; <strong>1102</strong><br />(-29 for losing)\n|raw|toririn8000's rating: 1076 &rarr; <strong>1109</strong><br />(+33 for winning)\n",
  "uploadtime": 1776135194,
  "views": 15,
  "formatid": "gen9championsvgc2026regma",
  "rating": 1102,
  "private": 0,
  "password": null
}