{
  "id": "gen9championsvgc2026regma-2582700054",
  "format": "[Gen 9 Champions] VGC 2026 Reg M-A",
  "players": [
    "Mattor",
    "MommaGart"
  ],
  "log": "|j|\u2606Mattor\n|j|\u2606MommaGart\n|t:|1776108150\n|gametype|doubles\n|player|p1|Mattor|1|1000\n|player|p2|MommaGart|hilda|1000\n|gen|9\n|tier|[Gen 9 Champions] VGC 2026 Reg M-A\n|rated|\n|rule|Species Clause: Limit one of each Pok\u00e9mon\n|rule|Item Clause: Limit 1 of each item\n|clearpoke\n|poke|p1|Scizor, L50, F|\n|poke|p1|Whimsicott, L50, F|\n|poke|p1|Gliscor, L50, F|\n|poke|p1|Sableye, L50, F|\n|poke|p1|Rotom-Wash, L50|\n|poke|p1|Hydreigon, L50, F|\n|poke|p2|Tyranitar, L50, M|\n|poke|p2|Excadrill, L50, F|\n|poke|p2|Incineroar, L50, M|\n|poke|p2|Farigiraf, L50, F|\n|poke|p2|Azumarill, L50, F|\n|poke|p2|Venusaur, L50, F|\n|teampreview|4\n|inactive|Battle timer is ON: inactive players will automatically lose when time's up. (requested by Mattor)\nMattor has agreed to open team sheets.\n|inactive|MommaGart has 60 seconds left.\n|\n|t:|1776108206\n|teamsize|p1|4\n|teamsize|p2|4\n|start\n|switch|p1a: Sableye|Sableye, L50, F, shiny|100/100\n|switch|p1b: Scizor|Scizor, L50, F, shiny|100/100\n|switch|p2a: Doppelg\u00e4nger|Tyranitar, L50, M|100/100\n|switch|p2b: Wolfe's Incineroar|Incineroar, L50, M|100/100\n|-weather|Sandstorm|[from] ability: Sand Stream|[of] p2a: Doppelg\u00e4nger\n|-ability|p2b: Wolfe's Incineroar|Intimidate|boost\n|-unboost|p1a: Sableye|atk|1\n|-unboost|p1b: Scizor|atk|1\n|turn|1\n|\n|t:|1776108229\n|detailschange|p1b: Scizor|Scizor-Mega, L50, F, shiny\n|-mega|p1b: Scizor|Scizor|Scizorite\n|detailschange|p2a: Doppelg\u00e4nger|Tyranitar-Mega, L50, M\n|-mega|p2a: Doppelg\u00e4nger|Tyranitar|Tyranitarite\n|move|p2b: Wolfe's Incineroar|Fake Out|p1b: Scizor\n|-resisted|p1b: Scizor|1\n|-damage|p1b: Scizor|96/100\n|move|p1a: Sableye|Fake Out|p2b: Wolfe's Incineroar\n|-damage|p2b: Wolfe's Incineroar|97/100\n|cant|p1b: Scizor|flinch\n|move|p2a: Doppelg\u00e4nger|Knock Off|p1a: Sableye\n|-damage|p1a: Sableye|24/100\n|-enditem|p1a: Sableye|Mental Herb|[from] move: Knock Off|[of] p2a: Doppelg\u00e4nger\n|\n|-weather|Sandstorm|[upkeep]\n|-damage|p2b: Wolfe's Incineroar|91/100|[from] Sandstorm\n|-damage|p1a: Sableye|18/100|[from] Sandstorm\n|upkeep\n|turn|2\n|inactive|Mattor has 30 seconds left.\n|\n|t:|1776108255\n|move|p1a: Sableye|Rain Dance|p1a: Sableye\n|-weather|RainDance\n|move|p1b: Scizor|Swords Dance|p1b: Scizor\n|-boost|p1b: Scizor|atk|2\n|move|p2a: Doppelg\u00e4nger|Rock Slide|p1b: Scizor|[spread] p1a,p1b\n|-damage|p1a: Sableye|0 fnt\n|-damage|p1b: Scizor|69/100\n|faint|p1a: Sableye\n|move|p2b: Wolfe's Incineroar|Flare Blitz|p1b: Scizor\n|-supereffective|p1b: Scizor|2\n|-damage|p1b: Scizor|3/100\n|-damage|p2b: Wolfe's Incineroar|72/100|[from] Recoil\n|\n|-weather|RainDance|[upkeep]\n|upkeep\n|\n|t:|1776108269\n|switch|p1a: Rotom|Rotom-Wash, L50|100/100\n|turn|3\n|\n|t:|1776108275\n|move|p2a: Doppelg\u00e4nger|Protect|p2a: Doppelg\u00e4nger\n|-singleturn|p2a: Doppelg\u00e4nger|Protect\n|move|p1b: Scizor|Bullet Punch|p2a: Doppelg\u00e4nger\n|-activate|p2a: Doppelg\u00e4nger|move: Protect\n|move|p1a: Rotom|Hydro Pump|p2b: Wolfe's Incineroar|[miss]\n|-miss|p1a: Rotom|p2b: Wolfe's Incineroar\n|move|p2b: Wolfe's Incineroar|Parting Shot|p1a: Rotom\n|-unboost|p1a: Rotom|atk|1\n|-unboost|p1a: Rotom|spa|1\n|\n|t:|1776108287\n|switch|p2b: Riptide|Azumarill, L50, F|100/100|[from] Parting Shot\n|\n|-weather|RainDance|[upkeep]\n|upkeep\n|turn|4\n|\n|t:|1776108305\n|move|p2b: Riptide|Aqua Jet|p1b: Scizor\n|-damage|p1b: Scizor|0 fnt\n|faint|p1b: Scizor\n|move|p1a: Rotom|Thunder|p2b: Riptide\n|-supereffective|p2b: Riptide|1\n|-damage|p2b: Riptide|37/100\n|move|p2a: Doppelg\u00e4nger|Rock Slide|p1a: Rotom\n|-damage|p1a: Rotom|53/100\n|\n|-weather|RainDance|[upkeep]\n|-heal|p1a: Rotom|58/100|[from] item: Leftovers\n|-heal|p2b: Riptide|43/100|[from] item: Leftovers\n|upkeep\n|\n|t:|1776108311\n|switch|p1b: Hydreigon|Hydreigon, L50, F, shiny|100/100\n|turn|5\n|\n|t:|1776108328\n|switch|p2b: Wolfe's Incineroar|Incineroar, L50, M|72/100\n|-ability|p2b: Wolfe's Incineroar|Intimidate|boost\n|-unboost|p1a: Rotom|atk|1\n|-unboost|p1b: Hydreigon|atk|1\n|move|p1b: Hydreigon|Earth Power|p2a: Doppelg\u00e4nger\n|-supereffective|p2a: Doppelg\u00e4nger|1\n|-damage|p2a: Doppelg\u00e4nger|56/100\n|move|p1a: Rotom|Thunder|p2b: Wolfe's Incineroar\n|-damage|p2b: Wolfe's Incineroar|50/100\n|move|p2a: Doppelg\u00e4nger|Low Kick|p1b: Hydreigon\n|-supereffective|p1b: Hydreigon|1\n|-damage|p1b: Hydreigon|17/100\n|\n|-weather|RainDance|[upkeep]\n|-heal|p1a: Rotom|64/100|[from] item: Leftovers\n|upkeep\n|turn|6\n|\n|t:|1776108351\n|move|p2b: Wolfe's Incineroar|Fake Out|p1a: Rotom\n|-damage|p1a: Rotom|53/100\n|move|p1b: Hydreigon|Earth Power|p2a: Doppelg\u00e4nger\n|-supereffective|p2a: Doppelg\u00e4nger|1\n|-damage|p2a: Doppelg\u00e4nger|15/100\n|cant|p1a: Rotom|flinch\n|move|p2a: Doppelg\u00e4nger|Rock Slide|p1a: Rotom|[spread] p1a,p1b\n|-damage|p1a: Rotom|17/100\n|-damage|p1b: Hydreigon|0 fnt\n|faint|p1b: Hydreigon\n|\n|-weather|none\n|-heal|p1a: Rotom|23/100|[from] item: Leftovers\n|upkeep\n|turn|7\n|-message|Mattor forfeited.\n|\n|win|MommaGart\n|raw|Mattor's rating: 1000 &rarr; <strong>1000</strong><br />(+0 for losing)\n|raw|MommaGart's rating: 1000 &rarr; <strong>1040</strong><br />(+40 for winning)\n|l|\u2606Mattor\n|player|p1|\n",
  "uploadtime": 1776108538,
  "views": 20,
  "formatid": "gen9championsvgc2026regma",
  "rating": 1000,
  "private": 0,
  "password": null
}