{
  "id": "gen9championsvgc2026regma-2580854031",
  "format": "[Gen 9 Champions] VGC 2026 Reg M-A",
  "players": [
    "Pink Shrooms",
    "AgsAllDay12"
  ],
  "log": "|j|\u2606Pink Shrooms\n|j|\u2606AgsAllDay12\n|t:|1775937907\n|gametype|doubles\n|player|p1|Pink Shrooms|clerkf|1165\n|player|p2|AgsAllDay12|265|1061\n|gen|9\n|tier|[Gen 9 Champions] VGC 2026 Reg M-A\n|rated|\n|rule|Species Clause: Limit one of each Pok\u00e9mon\n|rule|Item Clause: Limit 1 of each item\n|clearpoke\n|poke|p1|Floette-Eternal, L50, F|\n|poke|p1|Kingambit, L50, M|\n|poke|p1|Delphox, L50, M|\n|poke|p1|Incineroar, L50, F|\n|poke|p1|Sneasler, L50, M|\n|poke|p1|Garchomp, L50, F|\n|poke|p2|Floette-Eternal, L50, F|\n|poke|p2|Delphox, L50, F|\n|poke|p2|Incineroar, L50, M|\n|poke|p2|Aerodactyl, L50, F|\n|poke|p2|Maushold, L50|\n|poke|p2|Garchomp, L50, M|\n|teampreview|4\n|inactive|Battle timer is ON: inactive players will automatically lose when time's up. (requested by AgsAllDay12)\n|\n|t:|1775937962\n|teamsize|p1|4\n|teamsize|p2|4\n|start\n|switch|p1a: Garchomp|Garchomp, L50, F|100/100\n|switch|p1b: Kingambit|Kingambit, L50, M|100/100\n|switch|p2a: Maushold|Maushold, L50|100/100\n|switch|p2b: Floette|Floette-Eternal, L50, F|100/100\n|turn|1\n|\n|t:|1775937987\n|detailschange|p2b: Floette|Floette-Mega, L50, F\n|-mega|p2b: Floette|Floette|Floettite\n|-ability|p2b: Floette|Fairy Aura\n|move|p2a: Maushold|Super Fang|p1b: Kingambit|[miss]\n|-miss|p2a: Maushold|p1b: Kingambit\n|move|p1a: Garchomp|Rock Slide|p2a: Maushold|[spread] p2a,p2b\n|-damage|p2a: Maushold|76/100\n|-damage|p2b: Floette|84/100\n|move|p2b: Floette|Dazzling Gleam|p1b: Kingambit|[spread] p1a,p1b\n|-supereffective|p1a: Garchomp|1\n|-damage|p1a: Garchomp|2/100\n|-damage|p1b: Kingambit|49/100\n|-enditem|p1a: Garchomp|Sitrus Berry|[eat]\n|-heal|p1a: Garchomp|27/100|[from] item: Sitrus Berry\n|move|p1b: Kingambit|Iron Head|p2b: Floette\n|-supereffective|p2b: Floette|1\n|-damage|p2b: Floette|6/100\n|\n|upkeep\n|turn|2\n|inactive|Pink Shrooms has 30 seconds left.\n|\n|t:|1775938012\n|move|p2a: Maushold|Follow Me|p2a: Maushold\n|-singleturn|p2a: Maushold|move: Follow Me\n|move|p1b: Kingambit|Sucker Punch||[still]\n|-fail|p1b: Kingambit\n|move|p1a: Garchomp|Rock Slide|p2b: Floette|[spread] p2b\n|-miss|p1a: Garchomp|p2a: Maushold\n|-damage|p2b: Floette|0 fnt\n|faint|p2b: Floette\n|\n|upkeep\n|\n|t:|1775938026\n|switch|p2b: Garchomp|Garchomp, L50, M|100/100\n|turn|3\n|\n|t:|1775938044\n|switch|p1b: Incineroar|Incineroar, L50, F|100/100\n|-ability|p1b: Incineroar|Intimidate|boost\n|-unboost|p2a: Maushold|atk|1\n|-unboost|p2b: Garchomp|atk|1\n|-enditem|p2b: Garchomp|White Herb\n|-clearnegativeboost|p2b: Garchomp|[silent]\n|move|p2a: Maushold|Protect|p2a: Maushold\n|-singleturn|p2a: Maushold|Protect\n|move|p2b: Garchomp|Earthquake|p1a: Garchomp|[spread] p1a,p1b\n|-activate|p2a: Maushold|move: Protect\n|-supereffective|p1b: Incineroar|1\n|-damage|p1a: Garchomp|0 fnt\n|-damage|p1b: Incineroar|38/100\n|faint|p1a: Garchomp\n|\n|-heal|p1b: Incineroar|44/100|[from] item: Leftovers\n|upkeep\n|\n|t:|1775938056\n|switch|p1a: Floette|Floette-Eternal, L50, F|100/100\n|turn|4\n|\n|t:|1775938075\n|switch|p1b: Kingambit|Kingambit, L50, M|49/100\n|detailschange|p1a: Floette|Floette-Mega, L50, F\n|-mega|p1a: Floette|Floette|Floettite\n|-ability|p1a: Floette|Fairy Aura\n|move|p2a: Maushold|Super Fang|p1a: Floette\n|-damage|p1a: Floette|51/100\n|move|p2b: Garchomp|Rock Slide|p1a: Floette|[spread] p1a,p1b\n|-resisted|p1b: Kingambit|1\n|-damage|p1a: Floette|31/100\n|-damage|p1b: Kingambit|43/100\n|move|p1a: Floette|Dazzling Gleam|p2b: Garchomp|[spread] p2a,p2b\n|-supereffective|p2b: Garchomp|1\n|-damage|p2a: Maushold|21/100\n|-damage|p2b: Garchomp|24/100\n|\n|upkeep\n|turn|5\n|inactive|AgsAllDay12 has 30 seconds left.\n|inactive|AgsAllDay12 has 20 seconds left.\n|\n|t:|1775938112\n|move|p1b: Kingambit|Sucker Punch|p2b: Garchomp\n|-damage|p2b: Garchomp|0 fnt\n|-damage|p1b: Kingambit|30/100|[from] ability: Rough Skin|[of] p2b: Garchomp\n|faint|p2b: Garchomp\n|move|p2a: Maushold|Super Fang|p1a: Floette\n|-damage|p1a: Floette|16/100\n|move|p1a: Floette|Dazzling Gleam|p2a: Maushold\n|-damage|p2a: Maushold|0 fnt\n|faint|p2a: Maushold\n|\n|upkeep\n|\n|t:|1775938122\n|switch|p2b: Aerodactyl|Aerodactyl, L50, F|100/100\n|-ability|p2b: Aerodactyl|Unnerve\n|turn|6\n|\n|t:|1775938134\n|move|p1b: Kingambit|Sucker Punch|p2b: Aerodactyl\n|-damage|p2b: Aerodactyl|43/100\n|move|p2b: Aerodactyl|Rock Slide|p1a: Floette|[spread] p1a,p1b\n|-resisted|p1b: Kingambit|1\n|-damage|p1a: Floette|0 fnt\n|-damage|p1b: Kingambit|21/100\n|faint|p1a: Floette\n|\n|upkeep\n|\n|t:|1775938139\n|switch|p1a: Incineroar|Incineroar, L50, F|44/100\n|-ability|p1a: Incineroar|Intimidate|boost\n|-unboost|p2b: Aerodactyl|atk|1\n|turn|7\n|-message|AgsAllDay12 forfeited.\n|\n|win|Pink Shrooms\n",
  "uploadtime": 1775937910,
  "views": 20,
  "formatid": "gen9championsvgc2026regma",
  "rating": null,
  "private": 0,
  "password": null
}