{
  "id": "gen9championsvgc2026regma-2587475398",
  "format": "[Gen 9 Champions] VGC 2026 Reg M-A",
  "players": [
    "DuckyMoMo974",
    "shaulas0lid"
  ],
  "log": "|j|\u2606DuckyMoMo974\n|j|\u2606shaulas0lid\n|t:|1776534961\n|gametype|doubles\n|player|p1|DuckyMoMo974|2|1095\n|player|p2|shaulas0lid|aromalady|1057\n|gen|9\n|tier|[Gen 9 Champions] VGC 2026 Reg M-A\n|rated|\n|rule|Species Clause: Limit one of each Pok\u00e9mon\n|rule|Item Clause: Limit 1 of each item\n|clearpoke\n|poke|p1|Kangaskhan, L50, F|\n|poke|p1|Aerodactyl, L50, M|\n|poke|p1|Milotic, L50, M|\n|poke|p1|Tauros-Paldea-Aqua, L50, M|\n|poke|p1|Typhlosion-Hisui, L50, F|\n|poke|p1|Sableye, L50, F|\n|poke|p2|Farigiraf, L50, F, shiny|\n|poke|p2|Crabominable, L50, M, shiny|\n|poke|p2|Slowking-Galar, L50, M|\n|poke|p2|Milotic, L50, F|\n|poke|p2|Golurk, L50|\n|poke|p2|Sinistcha-Masterpiece, L50|\n|teampreview|4\n|inactive|Battle timer is ON: inactive players will automatically lose when time's up. (requested by shaulas0lid)\nshaulas0lid rejected open team sheets.\n|\n|t:|1776534997\n|teamsize|p1|4\n|teamsize|p2|4\n|start\n|switch|p1a: Aerodactyl|Aerodactyl, L50, M|100/100\n|switch|p1b: Typhlosion|Typhlosion-Hisui, L50, F|100/100\n|switch|p2a: Farigiraf|Farigiraf, L50, F, shiny|100/100\n|switch|p2b: Milotic|Milotic, L50, F|100/100\n|-ability|p1a: Aerodactyl|Unnerve\n|-item|p2a: Farigiraf|Colbur Berry|[from] ability: Frisk|[of] p1b: Typhlosion\n|-item|p2b: Milotic|Leftovers|[from] ability: Frisk|[of] p1b: Typhlosion\n|turn|1\n|\n|t:|1776535020\n|move|p2a: Farigiraf|Protect|p2a: Farigiraf\n|-singleturn|p2a: Farigiraf|Protect\n|move|p1b: Typhlosion|Eruption|p2a: Farigiraf|[spread] p2b\n|-activate|p2a: Farigiraf|move: Protect\n|-resisted|p2b: Milotic|1\n|-damage|p2b: Milotic|81/100\n|move|p1a: Aerodactyl|Dual Wingbeat|p2a: Farigiraf\n|-activate|p2a: Farigiraf|move: Protect\n|move|p2b: Milotic|Scald|p1b: Typhlosion\n|-supereffective|p1b: Typhlosion|1\n|-damage|p1b: Typhlosion|6/100\n|\n|-heal|p2b: Milotic|87/100|[from] item: Leftovers\n|upkeep\n|turn|2\n|\n|t:|1776535039\n|move|p1b: Typhlosion|Eruption|p2a: Farigiraf|[spread] p2a,p2b\n|-resisted|p2b: Milotic|1\n|-damage|p2a: Farigiraf|99/100\n|-damage|p2b: Milotic|86/100\n|move|p1a: Aerodactyl|Rock Slide|p2b: Milotic|[spread] p2a\n|-miss|p1a: Aerodactyl|p2b: Milotic\n|-damage|p2a: Farigiraf|75/100\n|move|p2b: Milotic|Scald|p1a: Aerodactyl\n|-supereffective|p1a: Aerodactyl|1\n|-enditem|p1a: Aerodactyl|Focus Sash\n|-damage|p1a: Aerodactyl|1/100\n|move|p2a: Farigiraf|Trick Room|p2a: Farigiraf\n|-fieldstart|move: Trick Room|[of] p2a: Farigiraf\n|\n|-heal|p2b: Milotic|92/100|[from] item: Leftovers\n|upkeep\n|turn|3\n|\n|t:|1776535063\n|switch|p2b: Crabominable|Crabominable, L50, M, shiny|100/100\n|move|p1a: Aerodactyl|Protect|p1a: Aerodactyl\n|-singleturn|p1a: Aerodactyl|Protect\n|move|p2a: Farigiraf|Psyshock|p1a: Aerodactyl\n|-activate|p1a: Aerodactyl|move: Protect\n|move|p1b: Typhlosion|Eruption|p2b: Crabominable|[spread] p2a,p2b\n|-supereffective|p2b: Crabominable|1\n|-damage|p2a: Farigiraf|73/100\n|-damage|p2b: Crabominable|94/100\n|\n|upkeep\n|turn|4\n|\n|t:|1776535080\n|detailschange|p2b: Crabominable|Crabominable-Mega, L50, M, shiny\n|-mega|p2b: Crabominable|Crabominable|Crabominite\n|move|p2b: Crabominable|Ice Hammer|p1a: Aerodactyl\n|-supereffective|p1a: Aerodactyl|1\n|-damage|p1a: Aerodactyl|0 fnt\n|-unboost|p2b: Crabominable|spe|1\n|faint|p1a: Aerodactyl\n|move|p2a: Farigiraf|Imprison|p2a: Farigiraf\n|-start|p2a: Farigiraf|move: Imprison\n|move|p1b: Typhlosion|Eruption|p2a: Farigiraf|[spread] p2a,p2b\n|-supereffective|p2b: Crabominable|1\n|-damage|p2a: Farigiraf|71/100\n|-damage|p2b: Crabominable|90/100\n|\n|upkeep\n|\n|t:|1776535095\n|switch|p1a: Tauros|Tauros-Paldea-Aqua, L50, M|100/100\n|-ability|p1a: Tauros|Intimidate|boost\n|-unboost|p2a: Farigiraf|atk|1\n|-unboost|p2b: Crabominable|atk|1\n|turn|5\n|\n|t:|1776535115\n|move|p2b: Crabominable|Ice Hammer|p1b: Typhlosion\n|-resisted|p1b: Typhlosion|1\n|-damage|p1b: Typhlosion|0 fnt\n|-unboost|p2b: Crabominable|spe|1\n|faint|p1b: Typhlosion\n|move|p2a: Farigiraf|Psyshock|p1a: Tauros\n|-supereffective|p1a: Tauros|1\n|-damage|p1a: Tauros|32/100\n|move|p1a: Tauros|Close Combat|p2b: Crabominable\n|-supereffective|p2b: Crabominable|1\n|-damage|p2b: Crabominable|12/100\n|-unboost|p1a: Tauros|def|1\n|-unboost|p1a: Tauros|spd|1\n|-enditem|p1a: Tauros|White Herb\n|-clearnegativeboost|p1a: Tauros|[silent]\n|\n|upkeep\n|\n|t:|1776535128\n|switch|p1b: Kangaskhan|Kangaskhan, L50, F|100/100\n|turn|6\n|\n|t:|1776535139\n|detailschange|p1b: Kangaskhan|Kangaskhan-Mega, L50, F\n|-mega|p1b: Kangaskhan|Kangaskhan|Kangaskhanite\n|move|p1b: Kangaskhan|Sucker Punch||[still]\n|cant|p2a: Farigiraf|ability: Armor Tail|Sucker Punch|[of] p1b: Kangaskhan\n|move|p2b: Crabominable|Drain Punch|p1b: Kangaskhan\n|-supereffective|p1b: Kangaskhan|1\n|-damage|p1b: Kangaskhan|35/100\n|-heal|p2b: Crabominable|45/100|[from] drain|[of] p1b: Kangaskhan\n|move|p2a: Farigiraf|Psyshock|p1a: Tauros\n|-supereffective|p1a: Tauros|1\n|-damage|p1a: Tauros|0 fnt\n|faint|p1a: Tauros\n|\n|-fieldend|move: Trick Room\n|upkeep\n|turn|7\n|-message|DuckyMoMo974 forfeited.\n|\n|win|shaulas0lid\n|raw|DuckyMoMo974's rating: 1095 &rarr; <strong>1068</strong><br />(-27 for losing)\n|raw|shaulas0lid's rating: 1057 &rarr; <strong>1092</strong><br />(+35 for winning)\n|l|\u2606DuckyMoMo974\n|player|p1|\n|c|\u2606shaulas0lid|Gg\n",
  "uploadtime": 1776535184,
  "views": 15,
  "formatid": "gen9championsvgc2026regma",
  "rating": 1068,
  "private": 0,
  "password": null
}