{
  "id": "gen9championsvgc2026regma-2585174702",
  "format": "[Gen 9 Champions] VGC 2026 Reg M-A",
  "players": [
    "Perlas05",
    "Phillip Blevin"
  ],
  "log": "|j|\u2606Perlas05\n|j|\u2606Phillip Blevin\n|t:|1776321093\n|gametype|doubles\n|player|p1|Perlas05|veteran|1175\n|player|p2|Phillip Blevin|cynthia-masters4|1262\n|gen|9\n|tier|[Gen 9 Champions] VGC 2026 Reg M-A\n|rated|\n|rule|Species Clause: Limit one of each Pok\u00e9mon\n|rule|Item Clause: Limit 1 of each item\n|clearpoke\n|poke|p1|Hatterene, L50, F|\n|poke|p1|Aggron, L50, F|\n|poke|p1|Basculegion, L50, M|\n|poke|p1|Pelipper, L50, F|\n|poke|p1|Farigiraf, L50, M|\n|poke|p1|Archaludon, L50, F|\n|poke|p2|Ceruledge, L50, F|\n|poke|p2|Corviknight, L50, F|\n|poke|p2|Garchomp, L50, F|\n|poke|p2|Arcanine-Hisui, L50, F|\n|poke|p2|Froslass, L50, F|\n|poke|p2|Rotom-Wash, L50|\n|teampreview|4\n|inactive|Battle timer is ON: inactive players will automatically lose when time's up. (requested by Phillip Blevin)\nPhillip Blevin has agreed to open team sheets.\n|\n|t:|1776321121\n|teamsize|p1|4\n|teamsize|p2|4\n|start\n|switch|p1a: Farigiraf|Farigiraf, L50, M|100/100\n|switch|p1b: Archaludon|Archaludon, L50, F|100/100\n|switch|p2a: Ceruledge|Ceruledge, L50, F|100/100\n|switch|p2b: Arcanine|Arcanine-Hisui, L50, F|100/100\n|-ability|p2b: Arcanine|Intimidate|boost\n|-unboost|p1a: Farigiraf|atk|1\n|-unboost|p1b: Archaludon|atk|1\n|turn|1\n|\n|t:|1776321136\n|move|p2b: Arcanine|Flare Blitz|p1a: Farigiraf\n|-damage|p1a: Farigiraf|38/100\n|-damage|p2b: Arcanine|73/100|[from] Recoil\n|move|p2a: Ceruledge|Bitter Blade|p1a: Farigiraf\n|-damage|p1a: Farigiraf|0 fnt\n|faint|p1a: Farigiraf\n|move|p1b: Archaludon|Electro Shot||[still]\n|-prepare|p1b: Archaludon|Electro Shot\n|-boost|p1b: Archaludon|spa|1\n|\n|upkeep\n|\n|t:|1776321147\n|switch|p1a: Pelipper|Pelipper, L50, F|100/100\n|-weather|RainDance|[from] ability: Drizzle|[of] p1a: Pelipper\n|turn|2\n|\n|t:|1776321159\n|move|p2b: Arcanine|Protect|p2b: Arcanine\n|-singleturn|p2b: Arcanine|Protect\n|move|p2a: Ceruledge|Poltergeist|p1a: Pelipper\n|-activate|p1a: Pelipper|move: Poltergeist|Focus Sash\n|-damage|p1a: Pelipper|51/100\n|move|p1b: Archaludon|Electro Shot|p2a: Ceruledge|[from] lockedmove\n|-damage|p2a: Ceruledge|29/100\n|move|p1a: Pelipper|Tailwind|p1a: Pelipper\n|-sidestart|p1: Perlas05|move: Tailwind\n|\n|-weather|RainDance|[upkeep]\n|upkeep\n|turn|3\n|\n|t:|1776321182\n|move|p2b: Arcanine|Extreme Speed|p1a: Pelipper\n|-damage|p1a: Pelipper|29/100\n|move|p2a: Ceruledge|Shadow Sneak|p1a: Pelipper\n|-damage|p1a: Pelipper|12/100\n|move|p1b: Archaludon|Electro Shot||[still]\n|-prepare|p1b: Archaludon|Electro Shot\n|-boost|p1b: Archaludon|spa|1\n|-anim|p1b: Archaludon|Electro Shot|p2a: Ceruledge\n|-damage|p2a: Ceruledge|0 fnt\n|faint|p2a: Ceruledge\n|move|p1a: Pelipper|Weather Ball|p2b: Arcanine\n|-supereffective|p2b: Arcanine|2\n|-damage|p2b: Arcanine|0 fnt\n|faint|p2b: Arcanine\n|\n|-weather|RainDance|[upkeep]\n|upkeep\n|\n|t:|1776321192\n|switch|p2b: Froslass|Froslass, L50, F|100/100\n|switch|p2a: Rotom|Rotom-Wash, L50|100/100\n|turn|4\n|\n|t:|1776321206\n|switch|p1a: Basculegion|Basculegion, L50, M|100/100\n|move|p2b: Froslass|Protect|p2b: Froslass\n|-singleturn|p2b: Froslass|Protect\n|move|p1b: Archaludon|Flash Cannon|p2b: Froslass\n|-activate|p2b: Froslass|move: Protect\n|move|p2a: Rotom|Hydro Pump|p1a: Basculegion\n|-resisted|p1a: Basculegion|1\n|-damage|p1a: Basculegion|68/100\n|\n|-weather|RainDance|[upkeep]\n|upkeep\n|turn|5\n|\n|t:|1776321224\n|detailschange|p2b: Froslass|Froslass-Mega, L50, F\n|-mega|p2b: Froslass|Froslass|Froslassite\n|-weather|Snowscape|[from] ability: Snow Warning|[of] p2b: Froslass\n|move|p1a: Basculegion|Last Respects|p2b: Froslass\n|-supereffective|p2b: Froslass|1\n|-damage|p2b: Froslass|0 fnt\n|faint|p2b: Froslass\n|move|p1b: Archaludon|Flash Cannon|p2a: Rotom\n|-resisted|p2a: Rotom|2\n|-damage|p2a: Rotom|78/100\n|move|p2a: Rotom|Hydro Pump|p1a: Basculegion\n|-resisted|p1a: Basculegion|1\n|-damage|p1a: Basculegion|43/100\n|-enditem|p1a: Basculegion|Sitrus Berry|[eat]\n|-heal|p1a: Basculegion|68/100|[from] item: Sitrus Berry\n|\n|-weather|Snowscape|[upkeep]\n|-sideend|p1: Perlas05|move: Tailwind\n|upkeep\n|turn|6\n|-message|Phillip Blevin forfeited.\n|\n|win|Perlas05\n|raw|Perlas05's rating: 1175 &rarr; <strong>1206</strong><br />(+31 for winning)\n|raw|Phillip Blevin's rating: 1262 &rarr; <strong>1231</strong><br />(-31 for losing)\n",
  "uploadtime": 1776321236,
  "views": 36,
  "formatid": "gen9championsvgc2026regma",
  "rating": 1206,
  "private": 0,
  "password": null
}