{
  "id": "gen9championsvgc2026regma-2589424751",
  "format": "[Gen 9 Champions] VGC 2026 Reg M-A",
  "players": [
    "Lone Thief",
    "underlinegui"
  ],
  "log": "|j|\u2606Lone Thief\n|j|\u2606underlinegui\n|t:|1776721833\n|gametype|doubles\n|player|p1|Lone Thief|gambler|1387\n|player|p2|underlinegui|2|1447\n|gen|9\n|tier|[Gen 9 Champions] VGC 2026 Reg M-A\n|rated|\n|rule|Species Clause: Limit one of each Pok\u00e9mon\n|rule|Item Clause: Limit 1 of each item\n|clearpoke\n|poke|p1|Floette-Eternal, L50, F|\n|poke|p1|Aerodactyl, L50, M|\n|poke|p1|Incineroar, L50, M|\n|poke|p1|Sinistcha, L50|\n|poke|p1|Kingambit, L50, M|\n|poke|p1|Sneasler, L50, F|\n|poke|p2|Meganium, L50, F, shiny|\n|poke|p2|Sableye, L50, F, shiny|\n|poke|p2|Archaludon, L50, F|\n|poke|p2|Basculegion, L50, M|\n|poke|p2|Pelipper, L50, F|\n|poke|p2|Sneasler, L50, M|\n|teampreview|4\n|inactive|Battle timer is ON: inactive players will automatically lose when time's up. (requested by Lone Thief)\n|inactive|underlinegui also wants the timer to be on.\n|inactive|underlinegui has 60 seconds left.\n|inactive|underlinegui has 30 seconds left.\n|inactive|underlinegui has 20 seconds left.\n|inactive|underlinegui has 15 seconds left.\n|inactive|underlinegui has 10 seconds left.\n|\n|t:|1776721917\n|teamsize|p1|4\n|teamsize|p2|4\n|start\n|switch|p1a: Floette|Floette-Eternal, L50, F|100/100\n|switch|p1b: Sneasler|Sneasler, L50, F|100/100\n|switch|p2a: Sneasler|Sneasler, L50, M|100/100\n|switch|p2b: Pelipper|Pelipper, L50, F|100/100\n|-weather|RainDance|[from] ability: Drizzle|[of] p2b: Pelipper\n|turn|1\n|inactive|underlinegui has 30 seconds left.\n|inactive|Lone Thief has 30 seconds left.\n|inactive|underlinegui has 20 seconds left.\n|\n|t:|1776721955\n|detailschange|p1a: Floette|Floette-Mega, L50, F\n|-mega|p1a: Floette|Floette|Floettite\n|-ability|p1a: Floette|Fairy Aura\n|move|p1b: Sneasler|Fake Out|p2a: Sneasler\n|-damage|p2a: Sneasler|74/100\n|cant|p2a: Sneasler|flinch\n|move|p2b: Pelipper|Tailwind|p2b: Pelipper\n|-sidestart|p2: underlinegui|move: Tailwind\n|move|p1a: Floette|Calm Mind|p1a: Floette\n|-boost|p1a: Floette|spa|1\n|-boost|p1a: Floette|spd|1\n|\n|-weather|RainDance|[upkeep]\n|upkeep\n|turn|2\n|\n|t:|1776721974\n|move|p1a: Floette|Protect|p1a: Floette\n|-singleturn|p1a: Floette|Protect\n|move|p2a: Sneasler|Dire Claw|p1a: Floette\n|-activate|p1a: Floette|move: Protect\n|move|p2b: Pelipper|Hurricane|p1b: Sneasler\n|-supereffective|p1b: Sneasler|1\n|-damage|p1b: Sneasler|0 fnt\n|faint|p1b: Sneasler\n|\n|-weather|RainDance|[upkeep]\n|upkeep\n|\n|t:|1776721986\n|switch|p1b: Sinistcha|Sinistcha, L50|100/100\n|turn|3\n|\n|t:|1776721998\n|switch|p1b: Kingambit|Kingambit, L50, M|100/100\n|move|p2a: Sneasler|Protect|p2a: Sneasler\n|-singleturn|p2a: Sneasler|Protect\n|move|p2b: Pelipper|Hurricane|p1b: Kingambit\n|-resisted|p1b: Kingambit|1\n|-damage|p1b: Kingambit|78/100\n|move|p1a: Floette|Draining Kiss|p2a: Sneasler\n|-activate|p2a: Sneasler|move: Protect\n|\n|-weather|RainDance|[upkeep]\n|upkeep\n|turn|4\n|inactive|underlinegui has 30 seconds left.\n|\n|t:|1776722028\n|switch|p1b: Sinistcha|Sinistcha, L50|100/100\n|move|p1a: Floette|Protect|p1a: Floette\n|-singleturn|p1a: Floette|Protect\n|move|p2a: Sneasler|Close Combat|p1b: Sinistcha\n|-immune|p1b: Sinistcha\n|move|p2b: Pelipper|Hurricane|p1b: Sinistcha\n|-supereffective|p1b: Sinistcha|1\n|-damage|p1b: Sinistcha|0 fnt\n|faint|p1b: Sinistcha\n|\n|-weather|RainDance|[upkeep]\n|-sideend|p2: underlinegui|move: Tailwind\n|upkeep\n|\n|t:|1776722045\n|switch|p1b: Kingambit|Kingambit, L50, M|78/100\n|turn|5\n|\n|t:|1776722057\n|move|p2a: Sneasler|Close Combat|p1b: Kingambit\n|-supereffective|p1b: Kingambit|2\n|-damage|p1b: Kingambit|0 fnt\n|-unboost|p2a: Sneasler|def|1\n|-unboost|p2a: Sneasler|spd|1\n|faint|p1b: Kingambit\n|-enditem|p2a: Sneasler|White Herb\n|-clearnegativeboost|p2a: Sneasler|[silent]\n|move|p2b: Pelipper|Tailwind|p2b: Pelipper\n|-sidestart|p2: underlinegui|move: Tailwind\n|move|p1a: Floette|Dazzling Gleam|p2b: Pelipper|[spread] p2a,p2b\n|-damage|p2a: Sneasler|0 fnt\n|-enditem|p2b: Pelipper|Focus Sash\n|-damage|p2b: Pelipper|1/100\n|faint|p2a: Sneasler\n|\n|-weather|none\n|upkeep\n|inactive|underlinegui has 30 seconds left.\n|\n|t:|1776722083\n|switch|p2a: Mega^2nium|Meganium, L50, F, shiny|100/100\n|turn|6\n|\n|t:|1776722103\n|detailschange|p2a: Mega^2nium|Meganium-Mega, L50, F, shiny\n|-mega|p2a: Mega^2nium|Meganium|Meganiumite\n|move|p1a: Floette|Protect|p1a: Floette\n|-singleturn|p1a: Floette|Protect\n|move|p2b: Pelipper|Hurricane|p1a: Floette\n|-activate|p1a: Floette|move: Protect\n|move|p2a: Mega^2nium|Solar Beam||[still]\n|-prepare|p2a: Mega^2nium|Solar Beam\n|-activate|p2a: Mega^2nium|ability: Mega Sol\n|-anim|p2a: Mega^2nium|Solar Beam|p1a: Floette\n|-activate|p1a: Floette|move: Protect\n|\n|upkeep\n|turn|7\n|\n|t:|1776722114\n|move|p2b: Pelipper|Hurricane|p1a: Floette\n|-damage|p1a: Floette|78/100\n|-start|p1a: Floette|confusion\n|move|p2a: Mega^2nium|Solar Beam||[still]\n|-prepare|p2a: Mega^2nium|Solar Beam\n|-activate|p2a: Mega^2nium|ability: Mega Sol\n|-anim|p2a: Mega^2nium|Solar Beam|p1a: Floette\n|-damage|p1a: Floette|43/100\n|-activate|p1a: Floette|confusion\n|move|p1a: Floette|Calm Mind|p1a: Floette\n|-boost|p1a: Floette|spa|1\n|-boost|p1a: Floette|spd|1\n|\n|upkeep\n|turn|8\n|inactive|underlinegui has 30 seconds left.\n|\n|t:|1776722148\n|-activate|p1a: Floette|confusion\n|-damage|p1a: Floette|37/100|[from] confusion\n|move|p2b: Pelipper|Hurricane|p1a: Floette\n|-crit|p1a: Floette\n|-damage|p1a: Floette|0 fnt\n|faint|p1a: Floette\n|\n|win|underlinegui\n|raw|Lone Thief's rating: 1387 &rarr; <strong>1370</strong><br />(-17 for losing)\n|raw|underlinegui's rating: 1447 &rarr; <strong>1464</strong><br />(+17 for winning)\n|l|\u2606Lone Thief\n|player|p1|\n",
  "uploadtime": 1776723206,
  "views": 13,
  "formatid": "gen9championsvgc2026regma",
  "rating": 1370,
  "private": 0,
  "password": null
}