{
  "id": "gen9championsvgc2026regma-2587740743",
  "format": "[Gen 9 Champions] VGC 2026 Reg M-A",
  "players": [
    "costanzamaxxing",
    "AidzPlayz"
  ],
  "log": "|j|\u2606costanzamaxxing\n|j|\u2606AidzPlayz\n|t:|1776559281\n|gametype|doubles\n|player|p1|costanzamaxxing|265|1310\n|player|p2|AidzPlayz|ghetsis-gen5bw|1366\n|gen|9\n|tier|[Gen 9 Champions] VGC 2026 Reg M-A\n|rated|\n|rule|Species Clause: Limit one of each Pok\u00e9mon\n|rule|Item Clause: Limit 1 of each item\n|clearpoke\n|poke|p1|Chandelure, L50, M|\n|poke|p1|Torkoal, L50, M|\n|poke|p1|Blastoise, L50, F|\n|poke|p1|Mimikyu, L50, F|\n|poke|p1|Kangaskhan, L50, F|\n|poke|p1|Rhyperior, L50, F|\n|poke|p2|Aerodactyl, L50, M|\n|poke|p2|Incineroar, L50, F|\n|poke|p2|Floette-Eternal, L50, F|\n|poke|p2|Basculegion, L50, M|\n|poke|p2|Garchomp, L50, M|\n|poke|p2|Sneasler, L50, F|\n|teampreview|4\n|inactive|Battle timer is ON: inactive players will automatically lose when time's up. (requested by costanzamaxxing)\nAidzPlayz has agreed to open team sheets.\n|inactive|costanzamaxxing has 60 seconds left.\n|inactive|AidzPlayz has 60 seconds left.\n|\n|t:|1776559326\n|teamsize|p1|4\n|teamsize|p2|4\n|start\n|switch|p1a: Blastoise|Blastoise, L50, F|100/100\n|switch|p1b: Mimikyu|Mimikyu, L50, F|100/100\n|switch|p2a: Incineroar|Incineroar, L50, F|100/100\n|switch|p2b: Floette|Floette-Eternal, L50, F|100/100\n|-ability|p2a: Incineroar|Intimidate|boost\n|-unboost|p1a: Blastoise|atk|1\n|-unboost|p1b: Mimikyu|atk|1\n|turn|1\n|inactive|AidzPlayz has 30 seconds left.\n|inactive|AidzPlayz has 20 seconds left.\n|\n|t:|1776559365\n|detailschange|p2b: Floette|Floette-Mega, L50, F\n|-mega|p2b: Floette|Floette|Floettite\n|-ability|p2b: Floette|Fairy Aura\n|detailschange|p1a: Blastoise|Blastoise-Mega, L50, F\n|-mega|p1a: Blastoise|Blastoise|Blastoisinite\n|move|p2a: Incineroar|Helping Hand|p2b: Floette\n|-singleturn|p2b: Floette|Helping Hand|[of] p2a: Incineroar\n|move|p1a: Blastoise|Fake Out|p2b: Floette\n|-damage|p2b: Floette|90/100\n|cant|p2b: Floette|flinch\n|move|p1b: Mimikyu|Trick Room|p1b: Mimikyu\n|-fieldstart|move: Trick Room|[of] p1b: Mimikyu\n|\n|upkeep\n|turn|2\n|inactive|AidzPlayz has 30 seconds left.\n|\n|t:|1776559392\n|move|p2a: Incineroar|Helping Hand|p2b: Floette\n|-singleturn|p2b: Floette|Helping Hand|[of] p2a: Incineroar\n|move|p1a: Blastoise|Water Spout|p2b: Floette|[spread] p2a,p2b\n|-supereffective|p2a: Incineroar|1\n|-damage|p2a: Incineroar|8/100\n|-damage|p2b: Floette|36/100\n|-enditem|p2a: Incineroar|Sitrus Berry|[eat]\n|-heal|p2a: Incineroar|33/100|[from] item: Sitrus Berry\n|move|p1b: Mimikyu|Shadow Claw|p2b: Floette\n|-damage|p2b: Floette|5/100\n|move|p2b: Floette|Dazzling Gleam|p1b: Mimikyu|[spread] p1a,p1b\n|-damage|p1a: Blastoise|38/100\n|-activate|p1b: Mimikyu|ability: Disguise\n|-damage|p1b: Mimikyu|100/100\n|detailschange|p1b: Mimikyu|Mimikyu-Busted, L50, F\n|-damage|p1b: Mimikyu|88/100|[from] pokemon: Mimikyu-Busted\n|\n|upkeep\n|turn|3\n|inactive|AidzPlayz has 30 seconds left.\n|\n|t:|1776559425\n|switch|p1b: Rhyperior|Rhyperior, L50, F|100/100\n|move|p2b: Floette|Protect|p2b: Floette\n|-singleturn|p2b: Floette|Protect\n|move|p2a: Incineroar|Parting Shot|p1b: Rhyperior\n|-unboost|p1b: Rhyperior|atk|1\n|-unboost|p1b: Rhyperior|spa|1\n|\n|t:|1776559439\n|switch|p2a: Basculegion|Basculegion, L50, M|100/100|[from] Parting Shot\n|move|p1a: Blastoise|Water Spout|p2a: Basculegion|[spread] p2a\n|-activate|p2b: Floette|move: Protect\n|-resisted|p2a: Basculegion|1\n|-damage|p2a: Basculegion|88/100\n|\n|upkeep\n|turn|4\n|\n|t:|1776559453\n|switch|p2b: Garchomp|Garchomp, L50, M|100/100\n|switch|p2a: Incineroar|Incineroar, L50, F|33/100\n|-ability|p2a: Incineroar|Intimidate|boost\n|-unboost|p1a: Blastoise|atk|1\n|-unboost|p1b: Rhyperior|atk|1\n|move|p1b: Rhyperior|High Horsepower|p2b: Garchomp\n|-damage|p2b: Garchomp|69/100\n|-damage|p1b: Rhyperior|88/100|[from] ability: Rough Skin|[of] p2b: Garchomp\n|move|p1a: Blastoise|Dark Pulse|p2a: Incineroar\n|-resisted|p2a: Incineroar|1\n|-damage|p2a: Incineroar|16/100\n|\n|upkeep\n|turn|5\n|inactive|AidzPlayz has 30 seconds left.\n|\n|t:|1776559481\n|switch|p1a: Mimikyu|Mimikyu-Busted, L50, F|88/100\n|move|p2a: Incineroar|Fake Out|p1a: Mimikyu\n|-immune|p1a: Mimikyu\n|move|p1b: Rhyperior|Rock Slide|p2a: Incineroar|[spread] p2a,p2b\n|-supereffective|p2a: Incineroar|1\n|-resisted|p2b: Garchomp|1\n|-damage|p2a: Incineroar|0 fnt\n|-damage|p2b: Garchomp|61/100\n|faint|p2a: Incineroar\n|cant|p2b: Garchomp|flinch\n|\n|-fieldend|move: Trick Room\n|upkeep\n|\n|t:|1776559498\n|switch|p2a: Floette|Floette-Mega, L50, F|5/100\n|-ability|p2a: Floette|Fairy Aura\n|turn|6\n|inactive|costanzamaxxing has 30 seconds left.\n|inactive|costanzamaxxing has 20 seconds left.\n|inactive|costanzamaxxing has 15 seconds left.\n|inactive|costanzamaxxing has 10 seconds left.\n|inactive|costanzamaxxing has 5 seconds left.\n|\n|t:|1776559551\n|switch|p1b: Blastoise|Blastoise-Mega, L50, F|38/100\n|move|p1a: Mimikyu|Shadow Sneak|p2a: Floette\n|-damage|p2a: Floette|0 fnt\n|faint|p2a: Floette\n|move|p2b: Garchomp|Earthquake|p1b: Blastoise|[spread] p1a,p1b\n|-damage|p1a: Mimikyu|31/100\n|-damage|p1b: Blastoise|0 fnt\n|faint|p1b: Blastoise\n|\n|upkeep\n|\n|t:|1776559561\n|switch|p2a: Basculegion|Basculegion, L50, M|88/100\n|switch|p1b: Rhyperior|Rhyperior, L50, F|88/100\n|turn|7\n|inactive|AidzPlayz has 30 seconds left.\n|inactive|AidzPlayz has 20 seconds left.\n|\n|t:|1776559598\n|switch|p1b: Torkoal|Torkoal, L50, M|100/100\n|-weather|SunnyDay|[from] ability: Drought|[of] p1b: Torkoal\n|move|p2a: Basculegion|Last Respects|p1a: Mimikyu\n|-supereffective|p1a: Mimikyu|1\n|-damage|p1a: Mimikyu|0 fnt\n|faint|p1a: Mimikyu\n|move|p2b: Garchomp|Dragon Claw|p1b: Torkoal\n|-damage|p1b: Torkoal|56/100\n|\n|-weather|SunnyDay|[upkeep]\n|upkeep\n|\n|t:|1776559607\n|switch|p1a: Rhyperior|Rhyperior, L50, F|88/100\n|turn|8\n|\n|t:|1776559624\n|move|p2a: Basculegion|Last Respects|p1b: Torkoal\n|-damage|p1b: Torkoal|0 fnt\n|faint|p1b: Torkoal\n|move|p2b: Garchomp|Dragon Claw|p1a: Rhyperior\n|-damage|p1a: Rhyperior|57/100\n|move|p1a: Rhyperior|High Horsepower|p2a: Basculegion\n|-damage|p2a: Basculegion|7/100\n|\n|-weather|SunnyDay|[upkeep]\n|upkeep\n|turn|9\n|-message|costanzamaxxing forfeited.\n|\n|win|AidzPlayz\n|raw|costanzamaxxing's rating: 1310 &rarr; <strong>1293</strong><br />(-17 for losing)\n|raw|AidzPlayz's rating: 1366 &rarr; <strong>1383</strong><br />(+17 for winning)\n",
  "uploadtime": 1776559632,
  "views": 16,
  "formatid": "gen9championsvgc2026regma",
  "rating": 1293,
  "private": 0,
  "password": null
}