{
  "id": "gen9championsvgc2026regma-2587487921",
  "format": "[Gen 9 Champions] VGC 2026 Reg M-A",
  "players": [
    "WhoShiesty",
    "j0johny"
  ],
  "log": "|j|\u2606WhoShiesty\n|j|\u2606j0johny\n|t:|1776536033\n|gametype|doubles\n|player|p1|WhoShiesty|2|1009\n|player|p2|j0johny|riley|1049\n|gen|9\n|tier|[Gen 9 Champions] VGC 2026 Reg M-A\n|rated|\n|rule|Species Clause: Limit one of each Pok\u00e9mon\n|rule|Item Clause: Limit 1 of each item\n|clearpoke\n|poke|p1|Toxapex, L50, M|\n|poke|p1|Salazzle, L50, F|\n|poke|p1|Forretress, L50, M|\n|poke|p1|Dragonite, L50, M|\n|poke|p1|Noivern, L50, M|\n|poke|p1|Venusaur, L50, M|\n|poke|p2|Delphox, L50, F|\n|poke|p2|Samurott-Hisui, L50, M, shiny|\n|poke|p2|Whimsicott, L50, F|\n|poke|p2|Excadrill, L50, M|\n|poke|p2|Cofagrigus, L50, M|\n|poke|p2|Sneasler, L50, F|\n|teampreview|4\n|inactive|Battle timer is ON: inactive players will automatically lose when time's up. (requested by j0johny)\n|inactive|j0johny has 60 seconds left.\n|\n|t:|1776536086\n|teamsize|p1|4\n|teamsize|p2|4\n|start\n|switch|p1a: Toxapex|Toxapex, L50, M|100/100\n|switch|p1b: Forretress|Forretress, L50, M|100/100\n|switch|p2a: Whimsicott|Whimsicott, L50, F|100/100\n|switch|p2b: Delphox|Delphox, L50, F|100/100\n|turn|1\n|\n|t:|1776536107\n|switch|p1b: Salazzle|Salazzle, L50, F|100/100\n|detailschange|p2b: Delphox|Delphox-Mega, L50, F\n|-mega|p2b: Delphox|Delphox|Delphoxite\n|move|p2a: Whimsicott|Helping Hand|p2b: Delphox\n|-singleturn|p2b: Delphox|Helping Hand|[of] p2a: Whimsicott\n|move|p2b: Delphox|Psychic|p1a: Toxapex\n|-supereffective|p1a: Toxapex|1\n|-damage|p1a: Toxapex|0 fnt\n|faint|p1a: Toxapex\n|\n|upkeep\n|\n|t:|1776536124\n|switch|p1a: Forretress|Forretress, L50, M|100/100\n|turn|2\n|inactive|WhoShiesty has 30 seconds left.\n|inactive|WhoShiesty has 20 seconds left.\n|inactive|WhoShiesty has 15 seconds left.\n|\n|t:|1776536165\n|move|p2b: Delphox|Psychic|p1b: Salazzle\n|-supereffective|p1b: Salazzle|1\n|-damage|p1b: Salazzle|0 fnt\n|faint|p1b: Salazzle\n|move|p2a: Whimsicott|Moonblast|p1a: Forretress\n|-resisted|p1a: Forretress|1\n|-damage|p1a: Forretress|76/100\n|move|p1a: Forretress|Dig||[still]\n|-prepare|p1a: Forretress|Dig\n|\n|upkeep\n|\n|t:|1776536175\n|switch|p1b: Venusaur|Venusaur, L50, M|100/100\n|turn|3\n|\n|t:|1776536188\n|detailschange|p1b: Venusaur|Venusaur-Mega, L50, M\n|-mega|p1b: Venusaur|Venusaur|Venusaurite\n|move|p2a: Whimsicott|Tailwind|p2a: Whimsicott\n|-sidestart|p2: j0johny|move: Tailwind\n|move|p2b: Delphox|Heat Wave|p1a: Forretress|[spread] p1b\n|-miss|p2b: Delphox|p1a: Forretress\n|-supereffective|p1b: Venusaur|1\n|-damage|p1b: Venusaur|69/100\n|move|p1b: Venusaur|Toxic|p2a: Whimsicott\n|-status|p2a: Whimsicott|tox\n|move|p1a: Forretress|Dig|p2b: Delphox|[from] lockedmove\n|-immune|p2b: Delphox|[from] ability: Levitate\n|\n|-damage|p2a: Whimsicott|95/100 tox|[from] psn\n|upkeep\n|turn|4\n|inactive|WhoShiesty has 30 seconds left.\n|inactive|WhoShiesty has 20 seconds left.\n|inactive|WhoShiesty has 15 seconds left.\n|inactive|WhoShiesty has 10 seconds left.\n|inactive|WhoShiesty has 5 seconds left.\n|\n|t:|1776536241\n|move|p2a: Whimsicott|Encore|p1a: Forretress\n|-start|p1a: Forretress|Encore\n|move|p2b: Delphox|Psychic|p1b: Venusaur\n|-supereffective|p1b: Venusaur|1\n|-damage|p1b: Venusaur|0 fnt\n|faint|p1b: Venusaur\n|move|p1a: Forretress|Dig||[still]\n|-prepare|p1a: Forretress|Dig\n|\n|-damage|p2a: Whimsicott|83/100 tox|[from] psn\n|upkeep\n|turn|5\n|inactive|j0johny has 30 seconds left.\n|\n|t:|1776536267\n|switch|p2a: Samurott|Samurott-Hisui, L50, M, shiny|100/100\n|move|p2b: Delphox|Protect|p2b: Delphox\n|-singleturn|p2b: Delphox|Protect\n|move|p1a: Forretress|Dig|p2a: Samurott|[from] lockedmove\n|-damage|p2a: Samurott|79/100\n|\n|upkeep\n|turn|6\n|inactive|WhoShiesty has 30 seconds left.\n|\n|t:|1776536296\n|move|p2b: Delphox|Heat Wave|p1a: Forretress\n|-supereffective|p1a: Forretress|2\n|-damage|p1a: Forretress|0 fnt\n|faint|p1a: Forretress\n|\n|win|j0johny\n|raw|WhoShiesty's rating: 1009 &rarr; <strong>1000</strong><br />(-9 for losing)\n|raw|j0johny's rating: 1049 &rarr; <strong>1078</strong><br />(+29 for winning)\n",
  "uploadtime": 1776536304,
  "views": 15,
  "formatid": "gen9championsvgc2026regma",
  "rating": 1000,
  "private": 0,
  "password": null
}