{
  "id": "gen9championsvgc2026regma-2586180735",
  "format": "[Gen 9 Champions] VGC 2026 Reg M-A",
  "players": [
    "dune's kitchen",
    "Leonmobile"
  ],
  "log": "|j|\u2606dune's kitchen\n|j|\u2606Leonmobile\n|t:|1776409244\n|gametype|doubles\n|player|p1|dune's kitchen|baker|1191\n|player|p2|Leonmobile|1|1222\n|gen|9\n|tier|[Gen 9 Champions] VGC 2026 Reg M-A\n|rated|\n|rule|Species Clause: Limit one of each Pok\u00e9mon\n|rule|Item Clause: Limit 1 of each item\n|clearpoke\n|poke|p1|Passimian, L50, M|\n|poke|p1|Scovillain, L50, M|\n|poke|p1|Torkoal, L50, F|\n|poke|p1|Hatterene, L50, F|\n|poke|p1|Maushold, L50|\n|poke|p1|Goodra-Hisui, L50, F|\n|poke|p2|Incineroar, L50, M|\n|poke|p2|Kangaskhan, L50, F|\n|poke|p2|Starmie, L50|\n|poke|p2|Pelipper, L50, M|\n|poke|p2|Sinistcha, L50|\n|poke|p2|Archaludon, L50, M|\n|teampreview|4\n|inactive|Battle timer is ON: inactive players will automatically lose when time's up. (requested by Leonmobile)\n|\n|t:|1776409274\n|teamsize|p1|4\n|teamsize|p2|4\n|start\n|switch|p1a: Passimian|Passimian, L50, M|100/100\n|switch|p1b: Scovillain|Scovillain, L50, M|100/100\n|switch|p2a: Kangaskhan|Kangaskhan, L50, F|100/100\n|switch|p2b: Incineroar|Incineroar, L50, M|100/100\n|-ability|p2b: Incineroar|Intimidate|boost\n|-unboost|p1a: Passimian|atk|1\n|-unboost|p1b: Scovillain|atk|1\n|-enditem|p1a: Passimian|White Herb\n|-clearnegativeboost|p1a: Passimian|[silent]\n|turn|1\n|inactive|dune's kitchen has 30 seconds left.\n|\n|t:|1776409305\n|detailschange|p2a: Kangaskhan|Kangaskhan-Mega, L50, F\n|-mega|p2a: Kangaskhan|Kangaskhan|Kangaskhanite\n|detailschange|p1b: Scovillain|Scovillain-Mega, L50, M\n|-mega|p1b: Scovillain|Scovillain|Scovillainite\n|move|p2a: Kangaskhan|Fake Out|p1a: Passimian\n|-crit|p1a: Passimian\n|-damage|p1a: Passimian|68/100\n|-damage|p1a: Passimian|63/100\n|-hitcount|p1a: Passimian|2\n|move|p2b: Incineroar|Fake Out|p1b: Scovillain\n|-damage|p1b: Scovillain|87/100\n|-immune|p2b: Incineroar\n|cant|p1a: Passimian|flinch\n|cant|p1b: Scovillain|flinch\n|\n|upkeep\n|turn|2\n|inactive|Leonmobile has 30 seconds left.\n|\n|t:|1776409332\n|move|p1b: Scovillain|Rage Powder|p1b: Scovillain\n|-singleturn|p1b: Scovillain|move: Rage Powder\n|move|p2a: Kangaskhan|Double-Edge|p1b: Scovillain\n|-damage|p1b: Scovillain|18/100\n|-status|p2a: Kangaskhan|brn|[from] ability: Spicy Spray|[of] p1b: Scovillain\n|-crit|p1b: Scovillain\n|-damage|p1b: Scovillain|6/100\n|-hitcount|p1b: Scovillain|2\n|-damage|p2a: Kangaskhan|75/100 brn|[from] Recoil\n|move|p2b: Incineroar|Parting Shot|p1b: Scovillain\n|-unboost|p1b: Scovillain|atk|1\n|-unboost|p1b: Scovillain|spa|1\n|\n|t:|1776409344\n|switch|p2b: Sinistcha|Sinistcha, L50|100/100|[from] Parting Shot\n|-heal|p2a: Kangaskhan|99/100 brn|[from] ability: Hospitality|[of] p2b: Sinistcha\n|move|p1a: Passimian|Bulk Up|p1a: Passimian\n|-boost|p1a: Passimian|atk|1\n|-boost|p1a: Passimian|def|1\n|\n|-damage|p2a: Kangaskhan|94/100 brn|[from] brn\n|upkeep\n|turn|3\n|\n|t:|1776409363\n|move|p2a: Kangaskhan|Double-Edge|p1a: Passimian\n|-damage|p1a: Passimian|41/100\n|-damage|p1a: Passimian|36/100\n|-hitcount|p1a: Passimian|2\n|-damage|p2a: Kangaskhan|85/100 brn|[from] Recoil\n|move|p1a: Passimian|Drain Punch|p2a: Kangaskhan\n|-supereffective|p2a: Kangaskhan|1\n|-damage|p2a: Kangaskhan|0 fnt\n|-heal|p1a: Passimian|79/100|[from] drain|[of] p2a: Kangaskhan\n|faint|p2a: Kangaskhan\n|move|p1b: Scovillain|Overheat|p2b: Sinistcha\n|-supereffective|p2b: Sinistcha|1\n|-damage|p2b: Sinistcha|0 fnt\n|-unboost|p1b: Scovillain|spa|2\n|faint|p2b: Sinistcha\n|\n|upkeep\n|\n|t:|1776409373\n|switch|p2a: Incineroar|Incineroar, L50, M|100/100\n|switch|p2b: Archaludon|Archaludon, L50, M|100/100\n|-ability|p2a: Incineroar|Intimidate|boost\n|-unboost|p1a: Passimian|atk|1\n|-unboost|p1b: Scovillain|atk|1\n|turn|4\n|\n|t:|1776409394\n|move|p1a: Passimian|Protect|p1a: Passimian\n|-singleturn|p1a: Passimian|Protect\n|move|p2a: Incineroar|Fake Out|p1b: Scovillain\n|-damage|p1b: Scovillain|0 fnt\n|-immune|p2a: Incineroar\n|faint|p1b: Scovillain\n|-ability|p1a: Passimian|Spicy Spray|Receiver|[from] ability: Receiver|[of] p1b: Scovillain\n|move|p2b: Archaludon|Draco Meteor|p1a: Passimian\n|-activate|p1a: Passimian|move: Protect\n|\n|upkeep\n|\n|t:|1776409408\n|switch|p1b: Hatterene|Hatterene, L50, F|100/100\n|turn|5\n|inactive|dune's kitchen has 30 seconds left.\n|\n|t:|1776409436\n|move|p2b: Archaludon|Flash Cannon|p1b: Hatterene\n|-supereffective|p1b: Hatterene|1\n|-damage|p1b: Hatterene|15/100\n|-enditem|p1b: Hatterene|Sitrus Berry|[eat]\n|-heal|p1b: Hatterene|40/100|[from] item: Sitrus Berry\n|move|p2a: Incineroar|Flare Blitz|p1a: Passimian\n|-damage|p1a: Passimian|42/100\n|-immune|p2a: Incineroar\n|-damage|p2a: Incineroar|90/100|[from] Recoil\n|move|p1a: Passimian|Bulk Up|p1a: Passimian\n|-boost|p1a: Passimian|atk|1\n|-boost|p1a: Passimian|def|1\n|move|p1b: Hatterene|Mystical Fire|p2b: Archaludon\n|-damage|p2b: Archaludon|53/100\n|-unboost|p2b: Archaludon|spa|1\n|-enditem|p2b: Archaludon|White Herb\n|-clearnegativeboost|p2b: Archaludon|[silent]\n|\n|-heal|p2a: Incineroar|96/100|[from] item: Leftovers\n|upkeep\n|turn|6\n|inactive|dune's kitchen has 30 seconds left.\n|\n|t:|1776409462\n|move|p2b: Archaludon|Flash Cannon|p1b: Hatterene\n|-supereffective|p1b: Hatterene|1\n|-damage|p1b: Hatterene|0 fnt\n|faint|p1b: Hatterene\n|move|p2a: Incineroar|Flare Blitz|p1a: Passimian\n|-damage|p1a: Passimian|18/100\n|-immune|p2a: Incineroar\n|-damage|p2a: Incineroar|89/100|[from] Recoil\n|move|p1a: Passimian|Drain Punch|p2b: Archaludon\n|-supereffective|p2b: Archaludon|1\n|-damage|p2b: Archaludon|0 fnt\n|-heal|p1a: Passimian|42/100|[from] drain|[of] p2b: Archaludon\n|faint|p2b: Archaludon\n|\n|-heal|p2a: Incineroar|95/100|[from] item: Leftovers\n|upkeep\n|\n|t:|1776409466\n|switch|p1b: Torkoal|Torkoal, L50, F|100/100\n|-weather|SunnyDay|[from] ability: Drought|[of] p1b: Torkoal\n|turn|7\n|\n|t:|1776409474\n|move|p2a: Incineroar|Flare Blitz|p1a: Passimian\n|-damage|p1a: Passimian|6/100\n|-immune|p2a: Incineroar\n|-damage|p2a: Incineroar|84/100|[from] Recoil\n|move|p1a: Passimian|Drain Punch|p2a: Incineroar\n|-supereffective|p2a: Incineroar|1\n|-damage|p2a: Incineroar|0 fnt\n|-heal|p1a: Passimian|54/100|[from] drain|[of] p2a: Incineroar\n|faint|p2a: Incineroar\n|\n|win|dune's kitchen\n|raw|dune&apos;s kitchen's rating: 1191 &rarr; <strong>1220</strong><br />(+29 for winning)\n|raw|Leonmobile's rating: 1249 &rarr; <strong>1220</strong><br />(-29 for losing)\n|l|\u2606Leonmobile\n|player|p2|\n",
  "uploadtime": 1776409480,
  "views": 53,
  "formatid": "gen9championsvgc2026regma",
  "rating": 1220,
  "private": 0,
  "password": null
}