{
  "id": "gen9championsvgc2026regma-2588067534",
  "format": "[Gen 9 Champions] VGC 2026 Reg M-A",
  "players": [
    "AshhFlakee",
    "lowtiergimmick"
  ],
  "log": "|j|\u2606AshhFlakee\n|j|\u2606lowtiergimmick\n|t:|1776600394\n|gametype|doubles\n|player|p1|AshhFlakee|blackbelt|1046\n|player|p2|lowtiergimmick|101|1045\n|gen|9\n|tier|[Gen 9 Champions] VGC 2026 Reg M-A\n|rated|\n|rule|Species Clause: Limit one of each Pok\u00e9mon\n|rule|Item Clause: Limit 1 of each item\n|clearpoke\n|poke|p1|Skarmory, L50, F|\n|poke|p1|Sneasler, L50, F|\n|poke|p1|Rhyperior, L50, M|\n|poke|p1|Gyarados, L50, M|\n|poke|p1|Sinistcha, L50|\n|poke|p1|Alcremie, L50, F|\n|poke|p2|Steelix, L50, F|\n|poke|p2|Milotic, L50, F|\n|poke|p2|Sinistcha-Masterpiece, L50|\n|poke|p2|Pelipper, L50, M|\n|poke|p2|Basculegion, L50, M|\n|poke|p2|Dragonite, L50, M|\n|teampreview|4\n|\n|t:|1776600409\n|teamsize|p1|4\n|teamsize|p2|4\n|start\n|switch|p1a: Skarmory|Skarmory, L50, F|100/100\n|switch|p1b: Alcremie|Alcremie, L50, F|100/100\n|switch|p2a: Steelix|Steelix, L50, F|100/100\n|switch|p2b: Sinistcha|Sinistcha-Masterpiece, L50|100/100\n|turn|1\n|\n|t:|1776600427\n|detailschange|p1a: Skarmory|Skarmory-Mega, L50, F\n|-mega|p1a: Skarmory|Skarmory|Skarmorite\n|detailschange|p2a: Steelix|Steelix-Mega, L50, F\n|-mega|p2a: Steelix|Steelix|Steelixite\n|move|p1b: Alcremie|Decorate|p1a: Skarmory\n|-boost|p1a: Skarmory|atk|2\n|-boost|p1a: Skarmory|spa|2\n|move|p1a: Skarmory|Brave Bird|p2b: Sinistcha\n|-supereffective|p2b: Sinistcha|1\n|-damage|p2b: Sinistcha|0 fnt\n|faint|p2b: Sinistcha\n|-damage|p1a: Skarmory|59/100|[from] Recoil\n|move|p2a: Steelix|Iron Defense|p2a: Steelix\n|-boost|p2a: Steelix|def|2\n|\n|upkeep\n|\n|t:|1776600441\n|switch|p2b: Milotic|Milotic, L50, F|100/100\n|turn|2\n|\n|t:|1776600454\n|move|p1a: Skarmory|Protect|p1a: Skarmory\n|-singleturn|p1a: Skarmory|Protect\n|move|p1b: Alcremie|Decorate|p1a: Skarmory\n|-boost|p1a: Skarmory|atk|2\n|-boost|p1a: Skarmory|spa|2\n|move|p2b: Milotic|Scald|p1a: Skarmory\n|-activate|p1a: Skarmory|move: Protect\n|move|p2a: Steelix|Heavy Slam|p1b: Alcremie\n|-supereffective|p1b: Alcremie|1\n|-damage|p1b: Alcremie|0 fnt\n|faint|p1b: Alcremie\n|\n|upkeep\n|\n|t:|1776600467\n|switch|p1b: Sinistcha|Sinistcha, L50|100/100\n|-heal|p1a: Skarmory|84/100|[from] ability: Hospitality|[of] p1b: Sinistcha\n|turn|3\n|\n|t:|1776600484\n|move|p1b: Sinistcha|Rage Powder|p1b: Sinistcha\n|-singleturn|p1b: Sinistcha|move: Rage Powder\n|move|p1a: Skarmory|Brave Bird|p2b: Milotic\n|-damage|p2b: Milotic|0 fnt\n|faint|p2b: Milotic\n|-damage|p1a: Skarmory|36/100|[from] Recoil\n|move|p2a: Steelix|Iron Defense|p2a: Steelix\n|-boost|p2a: Steelix|def|2\n|\n|upkeep\n|\n|t:|1776600488\n|switch|p2b: Basculegion|Basculegion, L50, M|100/100\n|turn|4\n|\n|t:|1776600501\n|move|p1b: Sinistcha|Rage Powder|p1b: Sinistcha\n|-singleturn|p1b: Sinistcha|move: Rage Powder\n|move|p2b: Basculegion|Last Respects|p1b: Sinistcha\n|-supereffective|p1b: Sinistcha|1\n|-damage|p1b: Sinistcha|0 fnt\n|faint|p1b: Sinistcha\n|move|p1a: Skarmory|Brave Bird|p2b: Basculegion\n|-damage|p2b: Basculegion|0 fnt\n|faint|p2b: Basculegion\n|-damage|p1a: Skarmory|0 fnt|[from] Recoil\n|faint|p1a: Skarmory\n|move|p2a: Steelix|Body Press|p1: Skarmory|[notarget]\n|-fail|p2a: Steelix\n|\n|upkeep\n|\n|t:|1776600517\n|switch|p1a: Gyarados|Gyarados, L50, M|100/100\n|-ability|p1a: Gyarados|Intimidate|boost\n|-unboost|p2a: Steelix|atk|1\n|turn|5\n|\n|t:|1776600530\n|move|p1a: Gyarados|Waterfall|p2a: Steelix\n|-supereffective|p2a: Steelix|1\n|-damage|p2a: Steelix|87/100\n|move|p2a: Steelix|Iron Defense|p2a: Steelix\n|-boost|p2a: Steelix|def|2\n|\n|upkeep\n|turn|6\n|\n|t:|1776600535\n|move|p1a: Gyarados|Protect|p1a: Gyarados\n|-singleturn|p1a: Gyarados|Protect\n|move|p2a: Steelix|Body Press|p1a: Gyarados\n|-activate|p1a: Gyarados|move: Protect\n|\n|upkeep\n|turn|7\n|\n|t:|1776600541\n|move|p1a: Gyarados|Dragon Dance|p1a: Gyarados\n|-boost|p1a: Gyarados|atk|1\n|-boost|p1a: Gyarados|spe|1\n|move|p2a: Steelix|Body Press|p1a: Gyarados\n|-resisted|p1a: Gyarados|1\n|-damage|p1a: Gyarados|4/100\n|\n|upkeep\n|turn|8\n|\n|t:|1776600551\n|move|p1a: Gyarados|Protect|p1a: Gyarados\n|-singleturn|p1a: Gyarados|Protect\n|move|p2a: Steelix|Heavy Slam|p1a: Gyarados\n|-activate|p1a: Gyarados|move: Protect\n|\n|upkeep\n|turn|9\n|\n|t:|1776600558\n|move|p1a: Gyarados|Waterfall|p2a: Steelix\n|-supereffective|p2a: Steelix|1\n|-damage|p2a: Steelix|71/100\n|cant|p2a: Steelix|flinch\n|\n|upkeep\n|turn|10\n|\n|t:|1776600564\n|move|p1a: Gyarados|Protect|p1a: Gyarados\n|-singleturn|p1a: Gyarados|Protect\n|move|p2a: Steelix|Body Press|p1a: Gyarados\n|-activate|p1a: Gyarados|move: Protect\n|\n|upkeep\n|turn|11\n|\n|t:|1776600598\n|move|p1a: Gyarados|Waterfall|p2a: Steelix\n|-supereffective|p2a: Steelix|1\n|-damage|p2a: Steelix|54/100\n|move|p2a: Steelix|Body Press|p1a: Gyarados\n|-resisted|p1a: Gyarados|1\n|-damage|p1a: Gyarados|0 fnt\n|faint|p1a: Gyarados\n|\n|win|lowtiergimmick\n|raw|AshhFlakee's rating: 1046 &rarr; <strong>1029</strong><br />(-17 for losing)\n|raw|lowtiergimmick's rating: 1045 &rarr; <strong>1078</strong><br />(+33 for winning)\n",
  "uploadtime": 1776600605,
  "views": 9,
  "formatid": "gen9championsvgc2026regma",
  "rating": 1029,
  "private": 0,
  "password": null
}