{
  "id": "gen9championsvgc2026regma-2583688118",
  "format": "[Gen 9 Champions] VGC 2026 Reg M-A",
  "players": [
    "drakogold",
    "piedi nei piedi"
  ],
  "log": "|j|\u2606drakogold\n|j|\u2606piedi nei piedi\n|t:|1776191109\n|gametype|doubles\n|player|p1|drakogold|102|1382\n|player|p2|piedi nei piedi|zinnia|1465\n|gen|9\n|tier|[Gen 9 Champions] VGC 2026 Reg M-A\n|rated|\n|rule|Species Clause: Limit one of each Pok\u00e9mon\n|rule|Item Clause: Limit 1 of each item\n|clearpoke\n|poke|p1|Meganium, L50, M|\n|poke|p1|Pelipper, L50, M|\n|poke|p1|Basculegion, L50, M|\n|poke|p1|Corviknight, L50, F|\n|poke|p1|Sneasler, L50, F|\n|poke|p1|Arcanine, L50, M|\n|poke|p2|Maushold, L50|\n|poke|p2|Sneasler, L50, F|\n|poke|p2|Froslass, L50, F|\n|poke|p2|Samurott-Hisui, L50, F|\n|poke|p2|Arcanine-Hisui, L50, F|\n|poke|p2|Milotic, L50, M|\n|teampreview|4\n|inactive|Battle timer is ON: inactive players will automatically lose when time's up. (requested by drakogold)\n|inactive|drakogold has 60 seconds left.\n|\n|t:|1776191141\n|teamsize|p1|4\n|teamsize|p2|4\n|start\n|switch|p1a: Sneasler|Sneasler, L50, F|100/100\n|switch|p1b: Meganium|Meganium, L50, M|100/100\n|switch|p2a: Froslasso|Froslass, L50, F|100/100\n|switch|p2b: Samurottium|Samurott-Hisui, L50, F|100/100\n|turn|1\n|\n|t:|1776191152\n|detailschange|p1b: Meganium|Meganium-Mega, L50, M\n|-mega|p1b: Meganium|Meganium|Meganiumite\n|move|p2a: Froslasso|Protect|p2a: Froslasso\n|-singleturn|p2a: Froslasso|Protect\n|move|p2b: Samurottium|Protect|p2b: Samurottium\n|-singleturn|p2b: Samurottium|Protect\n|move|p1a: Sneasler|Close Combat|p2b: Samurottium\n|-activate|p2b: Samurottium|move: Protect\n|move|p1b: Meganium|Dazzling Gleam|p2a: Froslasso|[spread] \n|-activate|p2a: Froslasso|move: Protect\n|-activate|p2b: Samurottium|move: Protect\n|\n|upkeep\n|turn|2\n|\n|t:|1776191172\n|detailschange|p2a: Froslasso|Froslass-Mega, L50, F\n|-mega|p2a: Froslasso|Froslass|Froslassite\n|-weather|Snowscape|[from] ability: Snow Warning|[of] p2a: Froslasso\n|move|p1a: Sneasler|Close Combat|p2b: Samurottium\n|-supereffective|p2b: Samurottium|1\n|-enditem|p2b: Samurottium|Focus Sash\n|-damage|p2b: Samurottium|1/100\n|-unboost|p1a: Sneasler|def|1\n|-unboost|p1a: Sneasler|spd|1\n|-enditem|p1a: Sneasler|White Herb\n|-clearnegativeboost|p1a: Sneasler|[silent]\n|move|p2a: Froslasso|Blizzard|p1b: Meganium|[spread] p1a,p1b\n|-supereffective|p1b: Meganium|1\n|-damage|p1a: Sneasler|37/100\n|-damage|p1b: Meganium|26/100\n|move|p2b: Samurottium|Ceaseless Edge|p1b: Meganium\n|-resisted|p1b: Meganium|1\n|-damage|p1b: Meganium|4/100\n|-sidestart|p1: drakogold|Spikes\n|move|p1b: Meganium|Weather Ball|p2a: Froslasso\n|-supereffective|p2a: Froslasso|1\n|-damage|p2a: Froslasso|0 fnt\n|faint|p2a: Froslasso\n|\n|-weather|Snowscape|[upkeep]\n|upkeep\n|inactive|piedi nei piedi has 30 seconds left.\n|\n|t:|1776191200\n|switch|p2a: Sneaslerux|Sneasler, L50, F|100/100\n|turn|3\n|\n|t:|1776191209\n|switch|p1a: Basculegion|Basculegion, L50, M|100/100\n|-damage|p1a: Basculegion|88/100|[from] Spikes\n|move|p2a: Sneaslerux|Fake Out|p1a: Basculegion\n|-immune|p1a: Basculegion\n|move|p2b: Samurottium|Sucker Punch|p1b: Meganium\n|-resisted|p1b: Meganium|1\n|-crit|p1b: Meganium\n|-damage|p1b: Meganium|0 fnt\n|faint|p1b: Meganium\n|\n|-weather|Snowscape|[upkeep]\n|upkeep\n|\n|t:|1776191213\n|switch|p1b: Sneasler|Sneasler, L50, F|37/100\n|-damage|p1b: Sneasler|24/100|[from] Spikes\n|turn|4\n|\n|t:|1776191222\n|switch|p2a: Miloticus|Milotic, L50, M|100/100\n|move|p2b: Samurottium|Protect|p2b: Samurottium\n|-singleturn|p2b: Samurottium|Protect\n|move|p1b: Sneasler|Fake Out|p2b: Samurottium\n|-activate|p2b: Samurottium|move: Protect\n|move|p1a: Basculegion|Wave Crash|p2a: Miloticus\n|-resisted|p2a: Miloticus|1\n|-damage|p2a: Miloticus|60/100\n|-damage|p1a: Basculegion|75/100|[from] Recoil\n|\n|-weather|Snowscape|[upkeep]\n|-heal|p2a: Miloticus|66/100|[from] item: Leftovers\n|upkeep\n|turn|5\n|\n|t:|1776191238\n|move|p2b: Samurottium|Sucker Punch|p1b: Sneasler\n|-resisted|p1b: Sneasler|1\n|-damage|p1b: Sneasler|0 fnt\n|faint|p1b: Sneasler\n|move|p1a: Basculegion|Wave Crash|p2b: Samurottium\n|-resisted|p2b: Samurottium|1\n|-damage|p2b: Samurottium|0 fnt\n|faint|p2b: Samurottium\n|-damage|p1a: Basculegion|75/100|[from] Recoil\n|move|p2a: Miloticus|Muddy Water|p1a: Basculegion\n|-resisted|p1a: Basculegion|1\n|-crit|p1a: Basculegion\n|-damage|p1a: Basculegion|44/100\n|-unboost|p1a: Basculegion|accuracy|1\n|\n|-weather|Snowscape|[upkeep]\n|-heal|p2a: Miloticus|72/100|[from] item: Leftovers\n|upkeep\n|\n|t:|1776191242\n|switch|p1b: Corviknight|Corviknight, L50, F|100/100\n|switch|p2b: Sneaslerux|Sneasler, L50, F|100/100\n|turn|6\n|\n|t:|1776191260\n|move|p2b: Sneaslerux|Protect|p2b: Sneaslerux\n|-singleturn|p2b: Sneaslerux|Protect\n|move|p1a: Basculegion|Wave Crash|p2b: Sneaslerux\n|-activate|p2b: Sneaslerux|move: Protect\n|move|p2a: Miloticus|Coil|p2a: Miloticus\n|-boost|p2a: Miloticus|atk|1\n|-boost|p2a: Miloticus|def|1\n|-boost|p2a: Miloticus|accuracy|1\n|move|p1b: Corviknight|Brave Bird|p2a: Miloticus\n|-damage|p2a: Miloticus|47/100\n|-damage|p1b: Corviknight|93/100|[from] Recoil\n|\n|-weather|none\n|-heal|p2a: Miloticus|53/100|[from] item: Leftovers\n|-heal|p1b: Corviknight|99/100|[from] item: Leftovers\n|upkeep\n|turn|7\n|\n|t:|1776191279\n|move|p1a: Basculegion|Wave Crash|p2b: Sneaslerux\n|-damage|p2b: Sneaslerux|0 fnt\n|faint|p2b: Sneaslerux\n|-damage|p1a: Basculegion|15/100|[from] Recoil\n|move|p2a: Miloticus|Hypnosis|p1a: Basculegion\n|-status|p1a: Basculegion|slp|[from] move: Hypnosis\n|move|p1b: Corviknight|Bulk Up|p1b: Corviknight\n|-boost|p1b: Corviknight|atk|1\n|-boost|p1b: Corviknight|def|1\n|\n|-heal|p2a: Miloticus|60/100|[from] item: Leftovers\n|-heal|p1b: Corviknight|100/100|[from] item: Leftovers\n|upkeep\n|turn|8\n|\n|t:|1776191285\n|cant|p1a: Basculegion|slp\n|move|p2a: Miloticus|Coil|p2a: Miloticus\n|-boost|p2a: Miloticus|atk|1\n|-boost|p2a: Miloticus|def|1\n|-boost|p2a: Miloticus|accuracy|1\n|move|p1b: Corviknight|Brave Bird|p2a: Miloticus\n|-damage|p2a: Miloticus|28/100\n|-damage|p1b: Corviknight|91/100|[from] Recoil\n|\n|-heal|p2a: Miloticus|35/100|[from] item: Leftovers\n|-heal|p1b: Corviknight|97/100|[from] item: Leftovers\n|upkeep\n|turn|9\n|\n|t:|1776191295\n|cant|p1a: Basculegion|slp\n|move|p2a: Miloticus|Hypnosis|p1b: Corviknight\n|-status|p1b: Corviknight|slp|[from] move: Hypnosis\n|cant|p1b: Corviknight|slp\n|\n|-heal|p2a: Miloticus|41/100|[from] item: Leftovers\n|-heal|p1b: Corviknight|100/100 slp|[from] item: Leftovers\n|upkeep\n|turn|10\n|\n|t:|1776191302\n|-curestatus|p1a: Basculegion|slp|[msg]\n|move|p1a: Basculegion|Wave Crash|p2a: Miloticus|[miss]\n|-miss|p1a: Basculegion|p2a: Miloticus\n|move|p2a: Miloticus|Muddy Water|p1a: Basculegion|[spread] p1a,p1b\n|-resisted|p1a: Basculegion|1\n|-damage|p1a: Basculegion|0 fnt\n|-damage|p1b: Corviknight|75/100 slp\n|faint|p1a: Basculegion\n|cant|p1b: Corviknight|slp\n|\n|-heal|p2a: Miloticus|47/100|[from] item: Leftovers\n|-heal|p1b: Corviknight|81/100 slp|[from] item: Leftovers\n|upkeep\n|turn|11\n|\n|t:|1776191308\n|move|p2a: Miloticus|Coil|p2a: Miloticus\n|-boost|p2a: Miloticus|atk|1\n|-boost|p2a: Miloticus|def|1\n|-boost|p2a: Miloticus|accuracy|1\n|-curestatus|p1b: Corviknight|slp|[msg]\n|move|p1b: Corviknight|Brave Bird|p2a: Miloticus\n|-damage|p2a: Miloticus|23/100\n|-damage|p1b: Corviknight|74/100|[from] Recoil\n|\n|-heal|p2a: Miloticus|30/100|[from] item: Leftovers\n|-heal|p1b: Corviknight|80/100|[from] item: Leftovers\n|upkeep\n|turn|12\n|\n|t:|1776191317\n|move|p2a: Miloticus|Hypnosis|p1b: Corviknight\n|-status|p1b: Corviknight|slp|[from] move: Hypnosis\n|cant|p1b: Corviknight|slp\n|\n|-heal|p2a: Miloticus|36/100|[from] item: Leftovers\n|-heal|p1b: Corviknight|85/100 slp|[from] item: Leftovers\n|upkeep\n|turn|13\n|\n|t:|1776191319\n|move|p2a: Miloticus|Muddy Water|p1b: Corviknight\n|-damage|p1b: Corviknight|50/100 slp\n|cant|p1b: Corviknight|slp\n|\n|-heal|p2a: Miloticus|42/100|[from] item: Leftovers\n|-heal|p1b: Corviknight|56/100 slp|[from] item: Leftovers\n|upkeep\n|turn|14\n|\n|t:|1776191324\n|move|p2a: Miloticus|Protect|p2a: Miloticus\n|-singleturn|p2a: Miloticus|Protect\n|-curestatus|p1b: Corviknight|slp|[msg]\n|move|p1b: Corviknight|Roost|p1b: Corviknight\n|-heal|p1b: Corviknight|100/100\n|-singleturn|p1b: Corviknight|move: Roost\n|\n|-heal|p2a: Miloticus|48/100|[from] item: Leftovers\n|upkeep\n|turn|15\n|\n|t:|1776191328\n|move|p2a: Miloticus|Hypnosis|p1b: Corviknight\n|-status|p1b: Corviknight|slp|[from] move: Hypnosis\n|cant|p1b: Corviknight|slp\n|\n|-heal|p2a: Miloticus|54/100|[from] item: Leftovers\n|upkeep\n|turn|16\n|\n|t:|1776191331\n|move|p2a: Miloticus|Muddy Water|p1b: Corviknight\n|-damage|p1b: Corviknight|63/100 slp\n|-curestatus|p1b: Corviknight|slp|[msg]\n|move|p1b: Corviknight|Roost|p1b: Corviknight\n|-heal|p1b: Corviknight|100/100\n|-singleturn|p1b: Corviknight|move: Roost\n|\n|-heal|p2a: Miloticus|61/100|[from] item: Leftovers\n|upkeep\n|turn|17\n|\n|t:|1776191338\n|move|p2a: Miloticus|Hypnosis|p1b: Corviknight\n|-status|p1b: Corviknight|slp|[from] move: Hypnosis\n|cant|p1b: Corviknight|slp\n|\n|-heal|p2a: Miloticus|67/100|[from] item: Leftovers\n|upkeep\n|turn|18\n|\n|t:|1776191342\n|move|p2a: Miloticus|Coil|p2a: Miloticus\n|-boost|p2a: Miloticus|atk|1\n|-boost|p2a: Miloticus|def|1\n|-boost|p2a: Miloticus|accuracy|1\n|cant|p1b: Corviknight|slp\n|\n|-heal|p2a: Miloticus|73/100|[from] item: Leftovers\n|upkeep\n|turn|19\n|\n|t:|1776191352\n|move|p2a: Miloticus|Coil|p2a: Miloticus\n|-boost|p2a: Miloticus|atk|1\n|-boost|p2a: Miloticus|def|1\n|-boost|p2a: Miloticus|accuracy|1\n|-curestatus|p1b: Corviknight|slp|[msg]\n|move|p1b: Corviknight|Bulk Up|p1b: Corviknight\n|-boost|p1b: Corviknight|atk|1\n|-boost|p1b: Corviknight|def|1\n|\n|-heal|p2a: Miloticus|79/100|[from] item: Leftovers\n|upkeep\n|turn|20\n|\n|t:|1776191356\n|move|p2a: Miloticus|Hypnosis|p1b: Corviknight\n|-status|p1b: Corviknight|slp|[from] move: Hypnosis\n|cant|p1b: Corviknight|slp\n|\n|-heal|p2a: Miloticus|85/100|[from] item: Leftovers\n|upkeep\n|turn|21\n|\n|t:|1776191363\n|move|p2a: Miloticus|Coil|p2a: Miloticus\n|-boost|p2a: Miloticus|atk|1\n|-boost|p2a: Miloticus|def|1\n|-boost|p2a: Miloticus|accuracy|1\n|cant|p1b: Corviknight|slp\n|\n|-heal|p2a: Miloticus|92/100|[from] item: Leftovers\n|upkeep\n|turn|22\n|\n|t:|1776191369\n|move|p2a: Miloticus|Coil|p2a: Miloticus\n|-boost|p2a: Miloticus|atk|0\n|-boost|p2a: Miloticus|def|0\n|-boost|p2a: Miloticus|accuracy|0\n|-curestatus|p1b: Corviknight|slp|[msg]\n|move|p1b: Corviknight|Bulk Up|p1b: Corviknight\n|-boost|p1b: Corviknight|atk|1\n|-boost|p1b: Corviknight|def|1\n|\n|-heal|p2a: Miloticus|98/100|[from] item: Leftovers\n|upkeep\n|turn|23\n|\n|t:|1776191374\n|move|p2a: Miloticus|Muddy Water|p1b: Corviknight\n|-damage|p1b: Corviknight|62/100\n|-ability|p1b: Corviknight|Mirror Armor\n|-unboost|p2a: Miloticus|accuracy|1\n|-ability|p2a: Miloticus|Competitive|boost\n|-boost|p2a: Miloticus|spa|2\n|move|p1b: Corviknight|Bulk Up|p1b: Corviknight\n|-boost|p1b: Corviknight|atk|1\n|-boost|p1b: Corviknight|def|1\n|\n|-heal|p2a: Miloticus|100/100|[from] item: Leftovers\n|-heal|p1b: Corviknight|68/100|[from] item: Leftovers\n|upkeep\n|turn|24\n|\n|t:|1776191384\n|move|p2a: Miloticus|Muddy Water|p1b: Corviknight\n|-damage|p1b: Corviknight|0 fnt\n|faint|p1b: Corviknight\n|\n|win|piedi nei piedi\n|raw|drakogold's rating: 1382 &rarr; <strong>1367</strong><br />(-15 for losing)\n|raw|piedi nei piedi's rating: 1465 &rarr; <strong>1480</strong><br />(+15 for winning)\n|l|\u2606drakogold\n|player|p1|\n",
  "uploadtime": 1776191397,
  "views": 29,
  "formatid": "gen9championsvgc2026regma",
  "rating": 1367,
  "private": 0,
  "password": null
}