{
  "id": "gen9championsvgc2026regma-2586078498",
  "format": "[Gen 9 Champions] VGC 2026 Reg M-A",
  "players": [
    "25th_mang",
    "BerGado"
  ],
  "log": "|j|\u260625th_mang\n|j|\u2606BerGado\n|t:|1776396653\n|gametype|doubles\n|player|p1|25th_mang|ballguy|1335\n|player|p2|BerGado|2|1230\n|gen|9\n|tier|[Gen 9 Champions] VGC 2026 Reg M-A\n|rated|\n|rule|Species Clause: Limit one of each Pok\u00e9mon\n|rule|Item Clause: Limit 1 of each item\n|clearpoke\n|poke|p1|Crabominable, L50, M|\n|poke|p1|Farigiraf, L50, M|\n|poke|p1|Incineroar, L50, F|\n|poke|p1|Archaludon, L50, F|\n|poke|p1|Pelipper, L50, F|\n|poke|p1|Sinistcha, L50|\n|poke|p2|Dragonite, L50, M|\n|poke|p2|Basculegion, L50, M|\n|poke|p2|Garchomp, L50, M|\n|poke|p2|Meowstic, L50, M|\n|poke|p2|Delphox, L50, M|\n|poke|p2|Pelipper, L50, F|\n|teampreview|4\n|inactive|Battle timer is ON: inactive players will automatically lose when time's up. (requested by 25th_mang)\n|\n|t:|1776396677\n|teamsize|p1|4\n|teamsize|p2|4\n|start\n|switch|p1a: Flip|Farigiraf, L50, M|100/100\n|switch|p1b: Roar|Incineroar, L50, F|100/100\n|switch|p2a: Basculegion|Basculegion, L50, M|100/100\n|switch|p2b: Meowstic|Meowstic, L50, M|100/100\n|-ability|p1b: Roar|Intimidate|boost\n|-unboost|p2a: Basculegion|atk|1\n|-unboost|p2b: Meowstic|atk|1\n|turn|1\n|\n|t:|1776396700\n|move|p1b: Roar|Fake Out|p2b: Meowstic\n|-damage|p2b: Meowstic|86/100\n|cant|p2b: Meowstic|flinch\n|move|p2a: Basculegion|Flip Turn|p1b: Roar\n|-supereffective|p1b: Roar|1\n|-crit|p1b: Roar\n|-damage|p1b: Roar|0 fnt\n|faint|p1b: Roar\n|\n|t:|1776396711\n|switch|p2a: Garchomp|Garchomp, L50, M|100/100|[from] Flip Turn\n|move|p1a: Flip|Trick Room|p1a: Flip\n|-fieldstart|move: Trick Room|[of] p1a: Flip\n|\n|upkeep\n|\n|t:|1776396718\n|switch|p1b: Hockey Reference|Crabominable, L50, M|100/100\n|turn|2\n|\n|t:|1776396738\n|detailschange|p1b: Hockey Reference|Crabominable-Mega, L50, M\n|-mega|p1b: Hockey Reference|Crabominable|Crabominite\n|move|p2b: Meowstic|Psychic Terrain|p2b: Meowstic\n|-fieldstart|move: Psychic Terrain\n|move|p1b: Hockey Reference|Ice Hammer|p2b: Meowstic\n|-damage|p2b: Meowstic|0 fnt\n|-unboost|p1b: Hockey Reference|spe|1\n|faint|p2b: Meowstic\n|move|p1a: Flip|Hyper Voice|p2a: Garchomp\n|-damage|p2a: Garchomp|62/100\n|move|p2a: Garchomp|Rock Slide|p1a: Flip|[spread] p1a,p1b\n|-damage|p1a: Flip|85/100\n|-damage|p1b: Hockey Reference|85/100\n|\n|upkeep\n|\n|t:|1776396761\n|switch|p2b: Delphox|Delphox, L50, M|100/100\n|turn|3\n|\n|t:|1776396783\n|detailschange|p2b: Delphox|Delphox-Mega, L50, M\n|-mega|p2b: Delphox|Delphox|Delphoxite\n|move|p1a: Flip|Helping Hand|p1b: Hockey Reference\n|-singleturn|p1b: Hockey Reference|Helping Hand|[of] p1a: Flip\n|move|p2a: Garchomp|Protect|p2a: Garchomp\n|-singleturn|p2a: Garchomp|Protect\n|move|p2b: Delphox|Protect|p2b: Delphox\n|-singleturn|p2b: Delphox|Protect\n|move|p1b: Hockey Reference|Ice Hammer|p2b: Delphox\n|-activate|p2b: Delphox|move: Protect\n|\n|upkeep\n|turn|4\n|\n|t:|1776396806\n|switch|p2b: Basculegion|Basculegion, L50, M|100/100\n|move|p1b: Hockey Reference|Ice Hammer|p2a: Garchomp\n|-supereffective|p2a: Garchomp|2\n|-damage|p2a: Garchomp|0 fnt\n|-unboost|p1b: Hockey Reference|spe|1\n|-damage|p1b: Hockey Reference|73/100|[from] ability: Rough Skin|[of] p2a: Garchomp\n|faint|p2a: Garchomp\n|move|p1a: Flip|Hyper Voice|p2b: Basculegion\n|-immune|p2b: Basculegion\n|\n|upkeep\n|\n|t:|1776396817\n|switch|p2a: Delphox|Delphox-Mega, L50, M|100/100\n|turn|5\n|\n|t:|1776396833\n|switch|p1a: Stup!b|Pelipper, L50, F|100/100\n|-weather|RainDance|[from] ability: Drizzle|[of] p1a: Stup!b\n|move|p2a: Delphox|Protect|p2a: Delphox\n|-singleturn|p2a: Delphox|Protect\n|move|p1b: Hockey Reference|Thunder Punch|p2b: Basculegion\n|-supereffective|p2b: Basculegion|1\n|-damage|p2b: Basculegion|8/100\n|move|p2b: Basculegion|Wave Crash|p1b: Hockey Reference\n|-damage|p1b: Hockey Reference|0 fnt\n|faint|p1b: Hockey Reference\n|-damage|p2b: Basculegion|0 fnt|[from] Recoil\n|faint|p2b: Basculegion\n|\n|-weather|RainDance|[upkeep]\n|-fieldend|move: Trick Room\n|upkeep\n|\n|t:|1776396851\n|switch|p1b: Flip|Farigiraf, L50, M|85/100\n|turn|6\n|\n|t:|1776396857\n|move|p2a: Delphox|Expanding Force|p1a: Stup!b\n|-damage|p1a: Stup!b|30/100\n|move|p1a: Stup!b|Weather Ball|p2a: Delphox\n|-supereffective|p2a: Delphox|1\n|-damage|p2a: Delphox|0 fnt\n|faint|p2a: Delphox\n|\n|win|25th_mang\n|raw|25th_mang's rating: 1335 &rarr; <strong>1349</strong><br />(+14 for winning)\n|raw|BerGado's rating: 1230 &rarr; <strong>1212</strong><br />(-18 for losing)\n|l|\u2606BerGado\n|player|p2|\n",
  "uploadtime": 1776396942,
  "views": 26,
  "formatid": "gen9championsvgc2026regma",
  "rating": 1212,
  "private": 0,
  "password": null
}