{
  "id": "gen9championsvgc2026regma-2588878221",
  "format": "[Gen 9 Champions] VGC 2026 Reg M-A",
  "players": [
    "BlackWu",
    "asdrubalemilano"
  ],
  "log": "|j|\u2606BlackWu\n|j|\u2606asdrubalemilano\n|t:|1776681586\n|gametype|doubles\n|player|p1|BlackWu|2|1274\n|player|p2|asdrubalemilano|101|1213\n|gen|9\n|tier|[Gen 9 Champions] VGC 2026 Reg M-A\n|rated|\n|rule|Species Clause: Limit one of each Pok\u00e9mon\n|rule|Item Clause: Limit 1 of each item\n|clearpoke\n|poke|p1|Tyranitar, L50, M|\n|poke|p1|Sneasler, L50, F|\n|poke|p1|Gyarados, L50, F, shiny|\n|poke|p1|Goodra-Hisui, L50, M|\n|poke|p1|Sinistcha, L50|\n|poke|p1|Farigiraf, L50, M|\n|poke|p2|Scizor, L50, F|\n|poke|p2|Sylveon, L50, M|\n|poke|p2|Incineroar, L50, F|\n|poke|p2|Rotom-Wash, L50|\n|poke|p2|Mimikyu, L50, F|\n|poke|p2|Torkoal, L50, F|\n|teampreview|4\n|\n|t:|1776681621\n|teamsize|p1|4\n|teamsize|p2|4\n|start\n|switch|p1a: Goodra|Goodra-Hisui, L50, M|100/100\n|switch|p1b: Gyarados|Gyarados, L50, F, shiny|100/100\n|switch|p2a: Mimikyu|Mimikyu, L50, F|100/100\n|switch|p2b: Incineroar|Incineroar, L50, F|100/100\n|-ability|p1b: Gyarados|Intimidate|boost\n|-unboost|p2a: Mimikyu|atk|1\n|-unboost|p2b: Incineroar|atk|1\n|-ability|p2b: Incineroar|Intimidate|boost\n|-unboost|p1a: Goodra|atk|1\n|-unboost|p1b: Gyarados|atk|1\n|turn|1\n|\n|t:|1776681660\n|switch|p1b: Farigiraf|Farigiraf, L50, M|100/100\n|move|p2b: Incineroar|Fake Out||[still]\n|cant|p1b: Farigiraf|ability: Armor Tail|Fake Out|[of] p2b: Incineroar\n|move|p1a: Goodra|Shelter|p1a: Goodra\n|-boost|p1a: Goodra|def|2\n|move|p2a: Mimikyu|Trick Room|p2a: Mimikyu\n|-fieldstart|move: Trick Room|[of] p2a: Mimikyu\n|\n|upkeep\n|turn|2\n|inactive|Battle timer is ON: inactive players will automatically lose when time's up. (requested by BlackWu)\n|\n|t:|1776681790\n|move|p1b: Farigiraf|Twin Beam|p2a: Mimikyu\n|-activate|p2a: Mimikyu|ability: Disguise\n|-damage|p2a: Mimikyu|100/100\n|detailschange|p2a: Mimikyu|Mimikyu-Busted, L50, F\n|-damage|p2a: Mimikyu|88/100|[from] pokemon: Mimikyu-Busted\n|-damage|p2a: Mimikyu|71/100\n|-hitcount|p2a: Mimikyu|2\n|move|p2b: Incineroar|Parting Shot|p1a: Goodra\n|-unboost|p1a: Goodra|atk|1\n|-unboost|p1a: Goodra|spa|1\n|\n|t:|1776681802\n|switch|p2b: Torkoal|Torkoal, L50, F|100/100|[from] Parting Shot\n|-weather|SunnyDay|[from] ability: Drought|[of] p2b: Torkoal\n|move|p1a: Goodra|Heavy Slam|p2a: Mimikyu\n|-supereffective|p2a: Mimikyu|1\n|-damage|p2a: Mimikyu|15/100\n|move|p2a: Mimikyu|Play Rough|p1b: Farigiraf\n|-damage|p1b: Farigiraf|76/100\n|\n|-weather|SunnyDay|[upkeep]\n|upkeep\n|turn|3\n|inactive|BlackWu has 30 seconds left.\n|inactive|asdrubalemilano has 30 seconds left.\n|\n|t:|1776681832\n|switch|p1b: Tyranitar|Tyranitar, L50, M|100/100\n|-weather|Sandstorm|[from] ability: Sand Stream|[of] p1b: Tyranitar\n|switch|p2a: Incineroar|Incineroar, L50, F|100/100\n|-ability|p2a: Incineroar|Intimidate|boost\n|-unboost|p1a: Goodra|atk|1\n|-unboost|p1b: Tyranitar|atk|1\n|move|p2b: Torkoal|Eruption|p1a: Goodra|[spread] p1a,p1b\n|-resisted|p1b: Tyranitar|1\n|-damage|p1a: Goodra|62/100\n|-damage|p1b: Tyranitar|82/100\n|move|p1a: Goodra|Heavy Slam|p2a: Incineroar\n|-resisted|p2a: Incineroar|1\n|-damage|p2a: Incineroar|94/100\n|\n|-weather|Sandstorm|[upkeep]\n|-damage|p2b: Torkoal|94/100|[from] Sandstorm\n|-damage|p2a: Incineroar|88/100|[from] Sandstorm\n|-heal|p1a: Goodra|68/100|[from] item: Leftovers\n|upkeep\n|turn|4\n|inactive|BlackWu has 30 seconds left.\n|\n|t:|1776681859\n|switch|p1b: Gyarados|Gyarados, L50, F, shiny|100/100\n|-ability|p1b: Gyarados|Intimidate|boost\n|-unboost|p2a: Incineroar|atk|1\n|-unboost|p2b: Torkoal|atk|1\n|move|p1a: Goodra|Protect|p1a: Goodra\n|-singleturn|p1a: Goodra|Protect\n|move|p2a: Incineroar|Fake Out|p1b: Gyarados\n|-damage|p1b: Gyarados|93/100\n|move|p2b: Torkoal|Earth Power|p1a: Goodra\n|-activate|p1a: Goodra|move: Protect\n|\n|-weather|Sandstorm|[upkeep]\n|-damage|p2b: Torkoal|88/100|[from] Sandstorm\n|-damage|p2a: Incineroar|82/100|[from] Sandstorm\n|-damage|p1b: Gyarados|87/100|[from] Sandstorm\n|-heal|p1a: Goodra|74/100|[from] item: Leftovers\n|upkeep\n|turn|5\n|inactive|asdrubalemilano has 30 seconds left.\n|\n|t:|1776681885\n|move|p2b: Torkoal|Earth Power|p1a: Goodra\n|-supereffective|p1a: Goodra|1\n|-damage|p1a: Goodra|42/100\n|-unboost|p1a: Goodra|spd|1\n|move|p2a: Incineroar|Parting Shot|p1b: Gyarados\n|-unboost|p1b: Gyarados|atk|1\n|-unboost|p1b: Gyarados|spa|1\n|\n|t:|1776681894\n|switch|p2a: Rotom|Rotom-Wash, L50|100/100|[from] Parting Shot\n|move|p1a: Goodra|Body Press|p2a: Rotom\n|-damage|p2a: Rotom|30/100\n|move|p1b: Gyarados|Waterfall|p2b: Torkoal\n|-supereffective|p2b: Torkoal|1\n|-damage|p2b: Torkoal|45/100\n|\n|-weather|Sandstorm|[upkeep]\n|-damage|p2b: Torkoal|39/100|[from] Sandstorm\n|-damage|p1b: Gyarados|81/100|[from] Sandstorm\n|-damage|p2a: Rotom|25/100|[from] Sandstorm\n|-heal|p1a: Goodra|48/100|[from] item: Leftovers\n|-fieldend|move: Trick Room\n|upkeep\n|turn|6\n|inactive|BlackWu has 30 seconds left.\n|\n|t:|1776681922\n|switch|p1b: Farigiraf|Farigiraf, L50, M|76/100\n|move|p2b: Torkoal|Protect|p2b: Torkoal\n|-singleturn|p2b: Torkoal|Protect\n|move|p2a: Rotom|Volt Switch|p1b: Farigiraf\n|-damage|p1b: Farigiraf|42/100\n|\n|t:|1776681930\n|switch|p2a: Incineroar|Incineroar, L50, F|82/100|[from] Volt Switch\n|-ability|p2a: Incineroar|Intimidate|boost\n|-unboost|p1a: Goodra|atk|1\n|-unboost|p1b: Farigiraf|atk|1\n|move|p1a: Goodra|Body Press|p2a: Incineroar\n|-supereffective|p2a: Incineroar|1\n|-damage|p2a: Incineroar|0 fnt\n|faint|p2a: Incineroar\n|\n|-weather|Sandstorm|[upkeep]\n|-damage|p1b: Farigiraf|36/100|[from] Sandstorm\n|-damage|p2b: Torkoal|33/100|[from] Sandstorm\n|-heal|p1a: Goodra|53/100|[from] item: Leftovers\n|upkeep\n|\n|t:|1776681945\n|switch|p2a: Rotom|Rotom-Wash, L50|25/100\n|turn|7\n|\n|t:|1776681955\n|move|p2a: Rotom|Volt Switch|p1a: Goodra\n|-resisted|p1a: Goodra|1\n|-damage|p1a: Goodra|36/100\n|\n|t:|1776681959\n|switch|p2a: Mimikyu|Mimikyu-Busted, L50, F|15/100|[from] Volt Switch\n|move|p1a: Goodra|Body Press|p2a: Mimikyu\n|-immune|p2a: Mimikyu\n|move|p1b: Farigiraf|Twin Beam|p2b: Torkoal\n|-damage|p2b: Torkoal|9/100\n|-damage|p2b: Torkoal|0 fnt\n|faint|p2b: Torkoal\n|-hitcount|p2: Torkoal|2\n|\n|-weather|none\n|-heal|p1a: Goodra|42/100|[from] item: Leftovers\n|upkeep\n|\n|t:|1776681974\n|switch|p2b: Rotom|Rotom-Wash, L50|25/100\n|turn|8\n|\n|t:|1776681985\n|switch|p1b: Tyranitar|Tyranitar, L50, M|82/100\n|-weather|Sandstorm|[from] ability: Sand Stream|[of] p1b: Tyranitar\n|move|p2b: Rotom|Hydro Pump|p1a: Goodra\n|-resisted|p1a: Goodra|1\n|-damage|p1a: Goodra|17/100\n|move|p2a: Mimikyu|Play Rough|p1b: Tyranitar\n|-supereffective|p1b: Tyranitar|1\n|-damage|p1b: Tyranitar|13/100\n|-unboost|p1b: Tyranitar|atk|1\n|move|p1a: Goodra|Body Press|p2b: Rotom\n|-crit|p2b: Rotom\n|-damage|p2b: Rotom|0 fnt\n|faint|p2b: Rotom\n|\n|-weather|Sandstorm|[upkeep]\n|-damage|p2a: Mimikyu|9/100|[from] Sandstorm\n|-heal|p1a: Goodra|22/100|[from] item: Leftovers\n|upkeep\n|turn|9\n|\n|t:|1776682006\n|switch|p1a: Gyarados|Gyarados, L50, F, shiny|81/100\n|-ability|p1a: Gyarados|Intimidate|boost\n|-unboost|p2a: Mimikyu|atk|1\n|move|p1b: Tyranitar|Protect|p1b: Tyranitar\n|-singleturn|p1b: Tyranitar|Protect\n|move|p2a: Mimikyu|Play Rough|p1b: Tyranitar\n|-activate|p1b: Tyranitar|move: Protect\n|\n|-weather|Sandstorm|[upkeep]\n|-damage|p2a: Mimikyu|2/100|[from] Sandstorm\n|-damage|p1a: Gyarados|75/100|[from] Sandstorm\n|upkeep\n|turn|10\n|inactive|BlackWu has 30 seconds left.\n|inactive|asdrubalemilano has 30 seconds left.\n|inactive|asdrubalemilano has 20 seconds left.\n|inactive|asdrubalemilano has 15 seconds left.\n|inactive|asdrubalemilano has 10 seconds left.\n|inactive|asdrubalemilano has 5 seconds left.\n|\n|t:|1776682061\n|switch|p1b: Farigiraf|Farigiraf, L50, M|36/100\n|move|p2a: Mimikyu|Play Rough|p1b: Farigiraf\n|-damage|p1b: Farigiraf|12/100\n|move|p1a: Gyarados|Waterfall|p2a: Mimikyu\n|-damage|p2a: Mimikyu|0 fnt\n|faint|p2a: Mimikyu\n|\n|win|BlackWu\n|raw|BlackWu's rating: 1274 &rarr; <strong>1295</strong><br />(+21 for winning)\n|raw|asdrubalemilano's rating: 1213 &rarr; <strong>1192</strong><br />(-21 for losing)\n",
  "uploadtime": 1776682073,
  "views": 8,
  "formatid": "gen9championsvgc2026regma",
  "rating": 1192,
  "private": 0,
  "password": null
}