{
  "id": "gen9championsvgc2026regma-2585837473",
  "format": "[Gen 9 Champions] VGC 2026 Reg M-A",
  "players": [
    "O Pausanias",
    "tessie123"
  ],
  "log": "|j|\u2606O Pausanias\n|j|\u2606tessie123\n|t:|1776374400\n|gametype|doubles\n|player|p1|O Pausanias|n|1240\n|player|p2|tessie123|170|1228\n|gen|9\n|tier|[Gen 9 Champions] VGC 2026 Reg M-A\n|rated|\n|rule|Species Clause: Limit one of each Pok\u00e9mon\n|rule|Item Clause: Limit 1 of each item\n|clearpoke\n|poke|p1|Gardevoir, L50, F|\n|poke|p1|Charizard, L50, M|\n|poke|p1|Venusaur, L50, M|\n|poke|p1|Milotic, L50, F|\n|poke|p1|Garchomp, L50, F|\n|poke|p1|Incineroar, L50, M|\n|poke|p2|Drampa, L50, M|\n|poke|p2|Sinistcha, L50|\n|poke|p2|Corviknight, L50, M|\n|poke|p2|Pelipper, L50, M|\n|poke|p2|Basculegion, L50, M|\n|poke|p2|Incineroar, L50, M|\n|teampreview|4\n|inactive|Battle timer is ON: inactive players will automatically lose when time's up. (requested by tessie123)\n|\n|t:|1776374445\n|teamsize|p1|4\n|teamsize|p2|4\n|start\n|switch|p1a: Incineroar|Incineroar, L50, M|100/100\n|switch|p1b: Milotic|Milotic, L50, F|100/100\n|switch|p2a: Basculegion|Basculegion, L50, M|100/100\n|switch|p2b: Drampa|Drampa, L50, M|100/100\n|-ability|p1a: Incineroar|Intimidate|boost\n|-unboost|p2a: Basculegion|atk|1\n|-unboost|p2b: Drampa|atk|1\n|-ability|p2b: Drampa|Cloud Nine\n|turn|1\n|inactive|O Pausanias has 30 seconds left.\n|inactive|tessie123 has 30 seconds left.\n|\n|t:|1776374472\n|move|p2b: Drampa|Protect|p2b: Drampa\n|-singleturn|p2b: Drampa|Protect\n|move|p2a: Basculegion|Flip Turn|p1a: Incineroar\n|-supereffective|p1a: Incineroar|1\n|-damage|p1a: Incineroar|57/100\n|\n|t:|1776374480\n|switch|p2a: Pelipper|Pelipper, L50, M|100/100|[from] Flip Turn\n|-weather|RainDance|[from] ability: Drizzle|[of] p2a: Pelipper\n|move|p1b: Milotic|Ice Beam|p2b: Drampa\n|-activate|p2b: Drampa|move: Protect\n|move|p1a: Incineroar|Throat Chop|p2a: Pelipper\n|-damage|p2a: Pelipper|58/100\n|-start|p2a: Pelipper|Throat Chop|[silent]\n|\n|-weather|RainDance|[upkeep]\n|upkeep\n|turn|2\n|\n|t:|1776374504\n|detailschange|p2b: Drampa|Drampa-Mega, L50, M\n|-mega|p2b: Drampa|Drampa|Drampanite\n|move|p1b: Milotic|Ice Beam|p2b: Drampa\n|-supereffective|p2b: Drampa|1\n|-damage|p2b: Drampa|58/100\n|move|p1a: Incineroar|Parting Shot|p2b: Drampa\n|-unboost|p2b: Drampa|atk|1\n|-unboost|p2b: Drampa|spa|1\n|\n|t:|1776374515\n|switch|p1a: Venusaur|Venusaur, L50, M|100/100|[from] Parting Shot\n|move|p2a: Pelipper|Muddy Water|p1a: Venusaur|[spread] p1b\n|-miss|p2a: Pelipper|p1a: Venusaur\n|-resisted|p1b: Milotic|1\n|-damage|p1b: Milotic|85/100\n|move|p2b: Drampa|Hyper Voice|p1a: Venusaur|[spread] p1a,p1b\n|-damage|p1a: Venusaur|67/100\n|-damage|p1b: Milotic|62/100\n|\n|-weather|RainDance|[upkeep]\n|-heal|p1b: Milotic|69/100|[from] item: Leftovers\n|-end|p2a: Pelipper|Throat Chop|[silent]\n|upkeep\n|turn|3\n|\n|t:|1776374535\n|switch|p2b: Sinistcha|Sinistcha, L50|100/100\n|-heal|p2a: Pelipper|83/100|[from] ability: Hospitality|[of] p2b: Sinistcha\n|move|p1a: Venusaur|Sludge Bomb|p2b: Sinistcha\n|-damage|p2b: Sinistcha|63/100\n|move|p1b: Milotic|Ice Beam|p2b: Sinistcha\n|-supereffective|p2b: Sinistcha|1\n|-crit|p2b: Sinistcha\n|-damage|p2b: Sinistcha|0 fnt\n|faint|p2b: Sinistcha\n|move|p2a: Pelipper|Tailwind|p2a: Pelipper\n|-sidestart|p2: tessie123|move: Tailwind\n|\n|-weather|RainDance|[upkeep]\n|-heal|p1b: Milotic|75/100|[from] item: Leftovers\n|upkeep\n|\n|t:|1776374553\n|switch|p2b: Basculegion|Basculegion, L50, M|100/100\n|turn|4\n|\n|t:|1776374567\n|move|p2b: Basculegion|Flip Turn|p1a: Venusaur\n|-resisted|p1a: Venusaur|1\n|-damage|p1a: Venusaur|27/100\n|\n|t:|1776374571\n|switch|p2b: Drampa|Drampa-Mega, L50, M|58/100|[from] Flip Turn\n|move|p2a: Pelipper|Muddy Water|p1a: Venusaur|[spread] p1a,p1b\n|-resisted|p1a: Venusaur|1\n|-resisted|p1b: Milotic|1\n|-damage|p1a: Venusaur|2/100\n|-damage|p1b: Milotic|59/100\n|move|p1a: Venusaur|Energy Ball|p2b: Drampa\n|-resisted|p2b: Drampa|1\n|-damage|p2b: Drampa|44/100\n|-ability|p2b: Drampa|Berserk|boost\n|-boost|p2b: Drampa|spa|1\n|move|p1b: Milotic|Ice Beam|p2a: Pelipper\n|-damage|p2a: Pelipper|51/100\n|\n|-weather|RainDance|[upkeep]\n|-heal|p1b: Milotic|66/100|[from] item: Leftovers\n|upkeep\n|turn|5\n|inactive|O Pausanias has 30 seconds left.\n|inactive|tessie123 has 30 seconds left.\n|inactive|tessie123 has 20 seconds left.\n|inactive|tessie123 has 15 seconds left.\n|inactive|tessie123 has 10 seconds left.\n|\n|t:|1776374617\n|move|p1a: Venusaur|Protect|p1a: Venusaur\n|-singleturn|p1a: Venusaur|Protect\n|move|p2a: Pelipper|Muddy Water|p1a: Venusaur|[spread] p1b\n|-activate|p1a: Venusaur|move: Protect\n|-resisted|p1b: Milotic|1\n|-damage|p1b: Milotic|50/100\n|-unboost|p1b: Milotic|accuracy|1\n|-ability|p1b: Milotic|Competitive|boost\n|-boost|p1b: Milotic|spa|2\n|move|p1b: Milotic|Ice Beam|p2b: Drampa\n|-supereffective|p2b: Drampa|1\n|-damage|p2b: Drampa|0 fnt\n|faint|p2b: Drampa\n|\n|-weather|none\n|-heal|p1b: Milotic|56/100|[from] item: Leftovers\n|upkeep\n|-message|tessie123 forfeited.\n|\n|win|O Pausanias\n|raw|O Pausanias's rating: 1240 &rarr; <strong>1264</strong><br />(+24 for winning)\n|raw|tessie123's rating: 1228 &rarr; <strong>1204</strong><br />(-24 for losing)\n|l|\u2606tessie123\n|player|p2|\n",
  "uploadtime": 1776374668,
  "views": 28,
  "formatid": "gen9championsvgc2026regma",
  "rating": 1204,
  "private": 0,
  "password": null
}