{
  "id": "gen9championsvgc2026regma-2583676283",
  "format": "[Gen 9 Champions] VGC 2026 Reg M-A",
  "players": [
    "Ahelo",
    "W1SHFUL"
  ],
  "log": "|j|\u2606Ahelo\n|j|\u2606W1SHFUL\n|t:|1776190378\n|gametype|doubles\n|player|p1|Ahelo|red|1046\n|player|p2|W1SHFUL|guitarist|1105\n|gen|9\n|tier|[Gen 9 Champions] VGC 2026 Reg M-A\n|rated|\n|rule|Species Clause: Limit one of each Pok\u00e9mon\n|rule|Item Clause: Limit 1 of each item\n|clearpoke\n|poke|p1|Pelipper, L50, M|\n|poke|p1|Sinistcha-Masterpiece, L50|\n|poke|p1|Milotic, L50, F|\n|poke|p1|Dragonite, L50, M|\n|poke|p1|Basculegion, L50, M|\n|poke|p1|Incineroar, L50, M|\n|poke|p2|Delphox, L50, M|\n|poke|p2|Garchomp, L50, F|\n|poke|p2|Incineroar, L50, M|\n|poke|p2|Sneasler, L50, M|\n|poke|p2|Farigiraf, L50, F|\n|poke|p2|Altaria, L50, M|\n|teampreview|4\n|inactive|Battle timer is ON: inactive players will automatically lose when time's up. (requested by W1SHFUL)\n|\n|t:|1776190436\n|teamsize|p1|4\n|teamsize|p2|4\n|start\n|switch|p1a: Sinistcha|Sinistcha-Masterpiece, L50|100/100\n|switch|p1b: Milotic|Milotic, L50, F|100/100\n|switch|p2a: Altaria|Altaria, L50, M|100/100\n|switch|p2b: Incineroar|Incineroar, L50, M|100/100\n|-ability|p2b: Incineroar|Intimidate|boost\n|-unboost|p1a: Sinistcha|atk|1\n|-unboost|p1b: Milotic|atk|1\n|-ability|p1b: Milotic|Competitive|boost\n|-boost|p1b: Milotic|spa|2\n|turn|1\n|\n|t:|1776190456\n|move|p2a: Altaria|Protect|p2a: Altaria\n|-singleturn|p2a: Altaria|Protect\n|move|p2b: Incineroar|Fake Out|p1b: Milotic\n|-damage|p1b: Milotic|91/100\n|move|p1a: Sinistcha|Rage Powder|p1a: Sinistcha\n|-singleturn|p1a: Sinistcha|move: Rage Powder\n|cant|p1b: Milotic|flinch\n|\n|-heal|p1b: Milotic|97/100|[from] item: Leftovers\n|upkeep\n|turn|2\n|inactive|W1SHFUL has 30 seconds left.\n|\n|t:|1776190488\n|move|p1a: Sinistcha|Protect|p1a: Sinistcha\n|-singleturn|p1a: Sinistcha|Protect\n|move|p1b: Milotic|Muddy Water|p2b: Incineroar|[spread] p2a,p2b\n|-resisted|p2a: Altaria|1\n|-supereffective|p2b: Incineroar|1\n|-crit|p2b: Incineroar\n|-damage|p2a: Altaria|72/100\n|-damage|p2b: Incineroar|0 fnt\n|faint|p2b: Incineroar\n|move|p2a: Altaria|Draco Meteor|p1a: Sinistcha\n|-activate|p1a: Sinistcha|move: Protect\n|\n|-heal|p1b: Milotic|100/100|[from] item: Leftovers\n|upkeep\n|\n|t:|1776190496\n|switch|p2b: Farigiraf|Farigiraf, L50, F|100/100\n|turn|3\n|inactive|W1SHFUL has 30 seconds left.\n|\n|t:|1776190521\n|move|p2a: Altaria|Protect|p2a: Altaria\n|-singleturn|p2a: Altaria|Protect\n|move|p1b: Milotic|Icy Wind|p2a: Altaria|[spread] p2b\n|-activate|p2a: Altaria|move: Protect\n|-damage|p2b: Farigiraf|76/100\n|-unboost|p2b: Farigiraf|spe|1\n|move|p1a: Sinistcha|Life Dew||[still]|[still]|[spread] \n|-fail|p1a: Sinistcha|heal\n|-fail|p1b: Milotic|heal\n|move|p2b: Farigiraf|Psychic Noise|p1b: Milotic\n|-damage|p1b: Milotic|73/100\n|-start|p1b: Milotic|move: Heal Block\n|\n|upkeep\n|turn|4\n|inactive|Ahelo has 30 seconds left.\n|\n|t:|1776190550\n|detailschange|p2a: Altaria|Altaria-Mega, L50, M\n|-mega|p2a: Altaria|Altaria|Altarianite\n|move|p2b: Farigiraf|Helping Hand|p2a: Altaria\n|-singleturn|p2a: Altaria|Helping Hand|[of] p2b: Farigiraf\n|move|p1a: Sinistcha|Rage Powder|p1a: Sinistcha\n|-singleturn|p1a: Sinistcha|move: Rage Powder\n|move|p1b: Milotic|Muddy Water|p2a: Altaria|[spread] p2a,p2b\n|-resisted|p2a: Altaria|1\n|-damage|p2a: Altaria|44/100\n|-damage|p2b: Farigiraf|18/100\n|-unboost|p2a: Altaria|accuracy|1\n|-unboost|p2b: Farigiraf|accuracy|1\n|-enditem|p2b: Farigiraf|Sitrus Berry|[eat]\n|-heal|p2b: Farigiraf|42/100|[from] item: Sitrus Berry\n|move|p2a: Altaria|Double-Edge|p1a: Sinistcha\n|-crit|p1a: Sinistcha\n|-damage|p1a: Sinistcha|0 fnt\n|faint|p1a: Sinistcha\n|-damage|p2a: Altaria|11/100|[from] Recoil\n|\n|-end|p1b: Milotic|move: Heal Block\n|upkeep\n|inactive|Ahelo has 30 seconds left.\n|\n|t:|1776190576\n|switch|p1a: Dragonite|Dragonite, L50, M|100/100\n|turn|5\n|inactive|W1SHFUL has 30 seconds left.\n|\n|t:|1776190602\n|detailschange|p1a: Dragonite|Dragonite-Mega, L50, M\n|-mega|p1a: Dragonite|Dragonite|Dragoninite\n|move|p2a: Altaria|Protect|p2a: Altaria\n|-singleturn|p2a: Altaria|Protect\n|move|p1a: Dragonite|Hurricane|p2a: Altaria\n|-activate|p2a: Altaria|move: Protect\n|move|p1b: Milotic|Muddy Water|p2b: Farigiraf|[spread] p2b\n|-activate|p2a: Altaria|move: Protect\n|-damage|p2b: Farigiraf|0 fnt\n|faint|p2b: Farigiraf\n|\n|-heal|p1b: Milotic|79/100|[from] item: Leftovers\n|upkeep\n|\n|t:|1776190615\n|switch|p2b: Garchomp|Garchomp, L50, F|100/100\n|turn|6\n|\n|t:|1776190626\n|move|p2b: Garchomp|Rock Slide|p1a: Dragonite|[spread] p1a,p1b\n|-supereffective|p1a: Dragonite|1\n|-damage|p1a: Dragonite|82/100\n|-damage|p1b: Milotic|60/100\n|cant|p1a: Dragonite|flinch\n|move|p1b: Milotic|Icy Wind|p2b: Garchomp|[spread] p2a,p2b\n|-supereffective|p2a: Altaria|1\n|-supereffective|p2b: Garchomp|2\n|-damage|p2a: Altaria|0 fnt\n|-damage|p2b: Garchomp|0 fnt\n|faint|p2a: Altaria\n|faint|p2b: Garchomp\n|\n|win|Ahelo\n|raw|Ahelo's rating: 1046 &rarr; <strong>1085</strong><br />(+39 for winning)\n|raw|W1SHFUL's rating: 1105 &rarr; <strong>1076</strong><br />(-29 for losing)\n|l|\u2606W1SHFUL\n|player|p2|\n",
  "uploadtime": 1776190645,
  "views": 14,
  "formatid": "gen9championsvgc2026regma",
  "rating": 1076,
  "private": 0,
  "password": null
}