{
  "id": "gen9championsvgc2026regma-2588051252",
  "format": "[Gen 9 Champions] VGC 2026 Reg M-A",
  "players": [
    "Lopvd",
    "RuiRivers"
  ],
  "log": "|j|\u2606Lopvd\n|j|\u2606RuiRivers\n|t:|1776598274\n|gametype|doubles\n|player|p1|Lopvd|lucas-gen4pt|1144\n|player|p2|RuiRivers|shadowtriad|1225\n|gen|9\n|tier|[Gen 9 Champions] VGC 2026 Reg M-A\n|rated|\n|rule|Species Clause: Limit one of each Pok\u00e9mon\n|rule|Item Clause: Limit 1 of each item\n|clearpoke\n|poke|p1|Milotic, L50, M|\n|poke|p1|Sneasler, L50, M|\n|poke|p1|Kingambit, L50, M|\n|poke|p1|Alakazam, L50, F|\n|poke|p1|Whimsicott, L50, F|\n|poke|p1|Incineroar, L50, M|\n|poke|p2|Chesnaught, L50, M|\n|poke|p2|Samurott-Hisui, L50, M|\n|poke|p2|Noivern, L50, F, shiny|\n|poke|p2|Arcanine-Hisui, L50, M|\n|poke|p2|Zoroark-Hisui, L50, F|\n|poke|p2|Raichu, L50, M|\n|teampreview|4\n|inactive|Battle timer is ON: inactive players will automatically lose when time's up. (requested by RuiRivers)\n|inactive|Lopvd also wants the timer to be on.\n|inactive|RuiRivers has 60 seconds left.\n|\n|t:|1776598309\n|teamsize|p1|4\n|teamsize|p2|4\n|start\n|switch|p1a: Milotic|Milotic, L50, M|100/100\n|switch|p1b: Kingambit|Kingambit, L50, M|100/100\n|switch|p2a: Samurott|Samurott-Hisui, L50, M|100/100\n|switch|p2b: Chesnaught|Chesnaught, L50, M|100/100\n|turn|1\n|\n|t:|1776598324\n|detailschange|p2b: Chesnaught|Chesnaught-Mega, L50, M\n|-mega|p2b: Chesnaught|Chesnaught|Chesnaughtite\n|move|p1a: Milotic|Protect|p1a: Milotic\n|-singleturn|p1a: Milotic|Protect\n|move|p1b: Kingambit|Protect|p1b: Kingambit\n|-singleturn|p1b: Kingambit|Protect\n|move|p2a: Samurott|Sludge Bomb|p1a: Milotic\n|-activate|p1a: Milotic|move: Protect\n|move|p2b: Chesnaught|Iron Defense|p2b: Chesnaught\n|-boost|p2b: Chesnaught|def|2\n|\n|upkeep\n|turn|2\n|\n|t:|1776598341\n|switch|p2a: Raichu|Raichu, L50, M|100/100\n|move|p1b: Kingambit|Sucker Punch||[still]\n|-fail|p1b: Kingambit\n|move|p1a: Milotic|Ice Beam|p2b: Chesnaught\n|-supereffective|p2b: Chesnaught|1\n|-damage|p2b: Chesnaught|57/100\n|-status|p2b: Chesnaught|frz\n|cant|p2b: Chesnaught|frz\n|\n|upkeep\n|turn|3\n|\n|t:|1776598359\n|move|p2a: Raichu|Fake Out|p1a: Milotic\n|-damage|p1a: Milotic|93/100\n|cant|p1a: Milotic|flinch\n|move|p1b: Kingambit|Kowtow Cleave|p2a: Raichu\n|-damage|p2a: Raichu|5/100\n|cant|p2b: Chesnaught|frz\n|\n|-heal|p1a: Milotic|99/100|[from] item: Leftovers\n|upkeep\n|turn|4\n|\n|t:|1776598371\n|-curestatus|p2b: Chesnaught|frz|[msg]\n|move|p2b: Chesnaught|Spiky Shield|p2b: Chesnaught\n|-singleturn|p2b: Chesnaught|move: Protect\n|move|p1b: Kingambit|Sucker Punch||[still]\n|-fail|p1b: Kingambit\n|move|p2a: Raichu|Light Screen|p2a: Raichu\n|-sidestart|p2: RuiRivers|move: Light Screen\n|move|p1a: Milotic|Ice Beam|p2b: Chesnaught\n|-activate|p2b: Chesnaught|move: Protect\n|\n|-heal|p1a: Milotic|100/100|[from] item: Leftovers\n|upkeep\n|turn|5\n|\n|t:|1776598386\n|move|p1b: Kingambit|Sucker Punch|p2a: Raichu\n|-damage|p2a: Raichu|0 fnt\n|faint|p2a: Raichu\n|move|p1a: Milotic|Ice Beam|p2b: Chesnaught\n|-supereffective|p2b: Chesnaught|1\n|-damage|p2b: Chesnaught|29/100\n|move|p2b: Chesnaught|Body Press|p1b: Kingambit\n|-supereffective|p1b: Kingambit|2\n|-damage|p1b: Kingambit|0 fnt\n|faint|p1b: Kingambit\n|\n|upkeep\n|\n|t:|1776598396\n|switch|p2a: Samurott|Samurott-Hisui, L50, M|100/100\n|switch|p1b: Sneasler|Sneasler, L50, M|100/100\n|turn|6\n|\n|t:|1776598408\n|move|p1b: Sneasler|Fake Out|p2a: Samurott\n|-damage|p2a: Samurott|80/100\n|cant|p2a: Samurott|flinch\n|move|p1a: Milotic|Ice Beam|p2b: Chesnaught\n|-supereffective|p2b: Chesnaught|1\n|-damage|p2b: Chesnaught|5/100\n|move|p2b: Chesnaught|Body Press|p1a: Milotic\n|-damage|p1a: Milotic|0 fnt\n|faint|p1a: Milotic\n|\n|upkeep\n|\n|t:|1776598418\n|switch|p1a: Incineroar|Incineroar, L50, M|100/100\n|-ability|p1a: Incineroar|Intimidate|boost\n|-unboost|p2a: Samurott|atk|1\n|-unboost|p2b: Chesnaught|atk|1\n|turn|7\n|\n|t:|1776598432\n|switch|p2a: Samurott|Samurott-Hisui, L50, M|100/100\n|move|p2b: Chesnaught|Spiky Shield|p2b: Chesnaught\n|-singleturn|p2b: Chesnaught|move: Protect\n|move|p1b: Sneasler|Close Combat|p2a: Samurott\n|-immune|p2a: Samurott\n|move|p1a: Incineroar|Parting Shot|p2a: Samurott\n|-unboost|p2a: Samurott|atk|1\n|-unboost|p2a: Samurott|spa|1\n|\n|upkeep\n|turn|8\n|\n|t:|1776598446\n|move|p1b: Sneasler|Dire Claw|p2b: Chesnaught\n|-supereffective|p2b: Chesnaught|1\n|-damage|p2b: Chesnaught|0 fnt\n|faint|p2b: Chesnaught\n|move|p2a: Samurott|Extrasensory|p1b: Sneasler\n|-supereffective|p1b: Sneasler|2\n|-damage|p1b: Sneasler|0 fnt\n|faint|p1b: Sneasler\n|move|p1a: Incineroar|Darkest Lariat|p2a: Samurott\n|-supereffective|p2a: Samurott|1\n|-damage|p2a: Samurott|0 fnt\n|replace|p2a: Zoroark|Zoroark-Hisui, L50, F\n|-end|p2a: Zoroark|Illusion\n|faint|p2a: Zoroark\n|\n|-sideend|p2: RuiRivers|move: Light Screen\n|upkeep\n|\n|t:|1776598456\n|switch|p2b: Samurott|Samurott-Hisui, L50, M|80/100\n|turn|9\n|\n|t:|1776598460\n|move|p2b: Samurott|Aqua Cutter|p1a: Incineroar\n|-supereffective|p1a: Incineroar|1\n|-damage|p1a: Incineroar|16/100\n|-enditem|p1a: Incineroar|Sitrus Berry|[eat]\n|-heal|p1a: Incineroar|41/100|[from] item: Sitrus Berry\n|move|p1a: Incineroar|Parting Shot|p2b: Samurott\n|-unboost|p2b: Samurott|atk|1\n|-unboost|p2b: Samurott|spa|1\n|\n|upkeep\n|turn|10\n|\n|t:|1776598468\n|move|p2b: Samurott|Aqua Cutter|p1a: Incineroar\n|-supereffective|p1a: Incineroar|1\n|-damage|p1a: Incineroar|0 fnt\n|faint|p1a: Incineroar\n|\n|win|RuiRivers\n|raw|Lopvd's rating: 1144 &rarr; <strong>1125</strong><br />(-19 for losing)\n|raw|RuiRivers's rating: 1225 &rarr; <strong>1244</strong><br />(+19 for winning)\n",
  "uploadtime": 1776598474,
  "views": 13,
  "formatid": "gen9championsvgc2026regma",
  "rating": 1125,
  "private": 0,
  "password": null
}