{
  "id": "gen9championsvgc2026regma-2582208049",
  "format": "[Gen 9 Champions] VGC 2026 Reg M-A",
  "players": [
    "rajyesh1",
    "yuyll"
  ],
  "log": "|j|\u2606rajyesh1\n|j|\u2606yuyll\n|t:|1776071413\n|gametype|doubles\n|player|p1|rajyesh1|lucas|1144\n|player|p2|yuyll|169|1049\n|gen|9\n|tier|[Gen 9 Champions] VGC 2026 Reg M-A\n|rated|\n|rule|Species Clause: Limit one of each Pok\u00e9mon\n|rule|Item Clause: Limit 1 of each item\n|clearpoke\n|poke|p1|Charizard, L50, F|\n|poke|p1|Venusaur, L50, M|\n|poke|p1|Garchomp, L50, F|\n|poke|p1|Rotom-Wash, L50|\n|poke|p1|Sneasler, L50, M|\n|poke|p1|Incineroar, L50, F|\n|poke|p2|Sneasler, L50, F|\n|poke|p2|Basculegion-F, L50, F|\n|poke|p2|Aerodactyl, L50, F|\n|poke|p2|Incineroar, L50, M|\n|poke|p2|Mamoswine, L50, M|\n|poke|p2|Kingambit, L50, M|\n|teampreview|4\n|inactive|Battle timer is ON: inactive players will automatically lose when time's up. (requested by rajyesh1)\n|inactive|rajyesh1 has 60 seconds left.\n|inactive|yuyll has 60 seconds left.\n|\n|t:|1776071465\n|teamsize|p1|4\n|teamsize|p2|4\n|start\n|switch|p1a: Garchomp|Garchomp, L50, F|100/100\n|switch|p1b: Rotom|Rotom-Wash, L50|100/100\n|switch|p2a: Aerodactyl|Aerodactyl, L50, F|100/100\n|switch|p2b: Incineroar|Incineroar, L50, M|100/100\n|-ability|p2a: Aerodactyl|Pressure\n|-ability|p2b: Incineroar|Intimidate|boost\n|-unboost|p1a: Garchomp|atk|1\n|-unboost|p1b: Rotom|atk|1\n|turn|1\n|inactive|rajyesh1 has 30 seconds left.\n|inactive|yuyll has 30 seconds left.\n|inactive|yuyll has 20 seconds left.\n|inactive|yuyll has 15 seconds left.\n|\n|t:|1776071506\n|detailschange|p2a: Aerodactyl|Aerodactyl-Mega, L50, F\n|-mega|p2a: Aerodactyl|Aerodactyl|Aerodactylite\n|move|p2b: Incineroar|Fake Out|p1b: Rotom\n|-damage|p1b: Rotom|90/100\n|move|p1a: Garchomp|Rock Slide|p2a: Aerodactyl|[spread] p2b\n|-miss|p1a: Garchomp|p2a: Aerodactyl\n|-supereffective|p2b: Incineroar|1\n|-damage|p2b: Incineroar|72/100\n|move|p2a: Aerodactyl|Tailwind|p2a: Aerodactyl\n|-sidestart|p2: yuyll|move: Tailwind\n|cant|p1b: Rotom|flinch\n|\n|-heal|p1b: Rotom|96/100|[from] item: Leftovers\n|upkeep\n|turn|2\n|inactive|yuyll has 30 seconds left.\n|inactive|rajyesh1 has 30 seconds left.\n|inactive|yuyll has 20 seconds left.\n|\n|t:|1776071551\n|move|p2a: Aerodactyl|Rock Slide|p1b: Rotom|[spread] p1a,p1b\n|-resisted|p1a: Garchomp|1\n|-damage|p1a: Garchomp|87/100\n|-damage|p1b: Rotom|67/100\n|cant|p1a: Garchomp|flinch\n|move|p2b: Incineroar|Parting Shot|p1b: Rotom\n|-unboost|p1b: Rotom|atk|1\n|-unboost|p1b: Rotom|spa|1\n|\n|t:|1776071562\n|switch|p2b: Mamoswine|Mamoswine, L50, M|100/100|[from] Parting Shot\n|move|p1b: Rotom|Hydro Pump|p2a: Aerodactyl|[miss]\n|-miss|p1b: Rotom|p2a: Aerodactyl\n|\n|-heal|p1b: Rotom|73/100|[from] item: Leftovers\n|upkeep\n|turn|3\n|c|\u2606rajyesh1|wow\n|\n|t:|1776071589\n|switch|p1a: Venusaur|Venusaur, L50, M|100/100\n|move|p2a: Aerodactyl|Rock Slide|p1a: Venusaur|[spread] p1a,p1b\n|-crit|p1a: Venusaur\n|-damage|p1a: Venusaur|42/100\n|-damage|p1b: Rotom|46/100\n|move|p2b: Mamoswine|Icicle Crash|p1a: Venusaur\n|-supereffective|p1a: Venusaur|1\n|-damage|p1a: Venusaur|0 fnt\n|faint|p1a: Venusaur\n|move|p1b: Rotom|Hydro Pump|p2a: Aerodactyl\n|-supereffective|p2a: Aerodactyl|1\n|-damage|p2a: Aerodactyl|31/100\n|\n|-heal|p1b: Rotom|51/100|[from] item: Leftovers\n|upkeep\n|\n|t:|1776071603\n|switch|p1a: Garchomp|Garchomp, L50, F|87/100\n|turn|4\n|\n|t:|1776071623\n|switch|p1a: Charizard|Charizard, L50, F|100/100\n|move|p2a: Aerodactyl|Protect|p2a: Aerodactyl\n|-singleturn|p2a: Aerodactyl|Protect\n|move|p2b: Mamoswine|Icicle Crash|p1a: Charizard\n|-damage|p1a: Charizard|32/100\n|move|p1b: Rotom|Hydro Pump|p2a: Aerodactyl\n|-activate|p2a: Aerodactyl|move: Protect\n|\n|-heal|p1b: Rotom|57/100|[from] item: Leftovers\n|-sideend|p2: yuyll|move: Tailwind\n|upkeep\n|turn|5\n|inactive|yuyll has 30 seconds left.\n|\n|t:|1776071652\n|move|p1a: Charizard|Protect|p1a: Charizard\n|-singleturn|p1a: Charizard|Protect\n|move|p2a: Aerodactyl|Tailwind|p2a: Aerodactyl\n|-sidestart|p2: yuyll|move: Tailwind\n|move|p2b: Mamoswine|Icicle Crash|p1a: Charizard\n|-activate|p1a: Charizard|move: Protect\n|move|p1b: Rotom|Thunderbolt|p2a: Aerodactyl\n|-supereffective|p2a: Aerodactyl|1\n|-damage|p2a: Aerodactyl|0 fnt\n|faint|p2a: Aerodactyl\n|\n|-heal|p1b: Rotom|63/100|[from] item: Leftovers\n|upkeep\n|\n|t:|1776071668\n|switch|p2a: Sneasler|Sneasler, L50, F|100/100\n|turn|6\n|\n|t:|1776071683\n|switch|p1a: Garchomp|Garchomp, L50, F|87/100\n|move|p1b: Rotom|Protect|p1b: Rotom\n|-singleturn|p1b: Rotom|Protect\n|move|p2a: Sneasler|Close Combat|p1b: Rotom\n|-activate|p1b: Rotom|move: Protect\n|move|p2b: Mamoswine|Icicle Crash|p1a: Garchomp\n|-supereffective|p1a: Garchomp|2\n|-damage|p1a: Garchomp|0 fnt\n|faint|p1a: Garchomp\n|\n|-heal|p1b: Rotom|69/100|[from] item: Leftovers\n|upkeep\n|\n|t:|1776071695\n|switch|p1a: Charizard|Charizard, L50, F|32/100\n|turn|7\n|\n|t:|1776071709\n|move|p1a: Charizard|Protect|p1a: Charizard\n|-singleturn|p1a: Charizard|Protect\n|move|p2a: Sneasler|Close Combat|p1b: Rotom\n|-damage|p1b: Rotom|13/100\n|-unboost|p2a: Sneasler|def|1\n|-unboost|p2a: Sneasler|spd|1\n|-enditem|p2a: Sneasler|White Herb\n|-clearnegativeboost|p2a: Sneasler|[silent]\n|move|p2b: Mamoswine|Icicle Crash|p1a: Charizard\n|-activate|p1a: Charizard|move: Protect\n|move|p1b: Rotom|Hydro Pump|p2b: Mamoswine\n|-supereffective|p2b: Mamoswine|1\n|-damage|p2b: Mamoswine|24/100\n|\n|-heal|p1b: Rotom|18/100|[from] item: Leftovers\n|upkeep\n|turn|8\n|\n|t:|1776071734\n|move|p1a: Charizard|Protect||[still]\n|-fail|p1a: Charizard\n|move|p1b: Rotom|Protect|p1b: Rotom\n|-singleturn|p1b: Rotom|Protect\n|move|p2a: Sneasler|Dire Claw|p1a: Charizard\n|-damage|p1a: Charizard|0 fnt\n|faint|p1a: Charizard\n|move|p2b: Mamoswine|Icicle Crash|p1b: Rotom\n|-activate|p1b: Rotom|move: Protect\n|\n|-heal|p1b: Rotom|24/100|[from] item: Leftovers\n|-sideend|p2: yuyll|move: Tailwind\n|upkeep\n|turn|9\n|-message|rajyesh1 forfeited.\n|\n|win|yuyll\n|raw|rajyesh1's rating: 1144 &rarr; <strong>1112</strong><br />(-32 for losing)\n|raw|yuyll's rating: 1049 &rarr; <strong>1090</strong><br />(+41 for winning)\n",
  "uploadtime": 1776071744,
  "views": 13,
  "formatid": "gen9championsvgc2026regma",
  "rating": 1090,
  "private": 0,
  "password": null
}