{
  "id": "gen9championsvgc2026regma-2587060825",
  "format": "[Gen 9 Champions] VGC 2026 Reg M-A",
  "players": [
    "Flipsicle",
    "21Kieran"
  ],
  "log": "|j|\u2606Flipsicle\n|j|\u260621Kieran\n|t:|1776488182\n|gametype|doubles\n|player|p1|Flipsicle|elesa-masters|\n|player|p2|21Kieran|gwynn|\n|gen|9\n|tier|[Gen 9 Champions] VGC 2026 Reg M-A\n|rated|Tournament battle\n|rule|Species Clause: Limit one of each Pok\u00e9mon\n|rule|Item Clause: Limit 1 of each item\n|raw|<div class=\"infobox\"><details class=\"readmore\" open><summary><strong>1 custom rule:</strong></summary> Force Open Team Sheets</details></div>\n|clearpoke\n|poke|p1|Pelipper, L50, M, shiny|\n|poke|p1|Kingambit, L50, F|\n|poke|p1|Sharpedo, L50, M|\n|poke|p1|Garchomp, L50, F|\n|poke|p1|Sneasler, L50, M|\n|poke|p1|Aegislash, L50, F|\n|poke|p2|Incineroar, L50, F|\n|poke|p2|Gengar, L50, M|\n|poke|p2|Sinistcha, L50|\n|poke|p2|Kingambit, L50, M|\n|poke|p2|Tyranitar, L50, M|\n|poke|p2|Kommo-o, L50, F|\n|teampreview|4\n|showteam|p1|Pelipper||ChoiceScarf|Drizzle|Hurricane,WeatherBall,IcyWind,MuddyWater|||M|||50|]Kingambit||BlackGlasses|Defiant|Protect,IronHead,SuckerPunch,SwordsDance|||F|||50|]Sharpedo||Sharpedonite|SpeedBoost|Protect,Crunch,Liquidation,DestinyBond|||M|||50|]Garchomp||LumBerry|RoughSkin|Protect,StompingTantrum,RockSlide,DragonClaw|||F|||50|]Sneasler||FocusSash|Unburden|FakeOut,DireClaw,CloseCombat,Coaching|||M|||50|]Aegislash||SitrusBerry|StanceChange|KingsShield,IronHead,ShadowSneak,SacredSword|||F|||50|\n|showteam|p2|Incineroar||ShucaBerry|Intimidate|PartingShot,FakeOut,Protect,ThroatChop|||F|||50|]Gengar||Gengarite|CursedBody|ShadowBall,Protect,Substitute,PerishSong|||M|||50|]Sinistcha||SitrusBerry|Hospitality|MatchaGotcha,RagePowder,Protect,LifeDew||||||50|]Kingambit||ChopleBerry|Defiant|IronHead,Protect,LowKick,SuckerPunch|||M|||50|]Tyranitar||ChoiceScarf|SandStream|StoneEdge,IcePunch,LowKick,RockSlide|||M|||50|]Kommo-o||Leftovers|Soundproof|ClangingScales,ClangorousSoul,AuraSphere,Protect|||F|||50|\n|inactive|Battle timer is ON: inactive players will automatically lose when time's up. (requested by 21Kieran)\nFlipsicle rejected open team sheets.\n|c|\u2606Flipsicle|glhf\n|j|+ToastNoButter\n|c|\u260621Kieran|glhf\n|l|+ToastNoButter\n|j| forkuser2\n|j| Me vs the Gorilla\n|j| the crimson tedidn\n|inactive|Flipsicle has 60 seconds left.\n|inactive|21Kieran has 60 seconds left.\n|j| HildaVGC's\n|inactive|Flipsicle has 30 seconds left.\n|inactive|21Kieran has 30 seconds left.\n|\n|t:|1776488253\n|teamsize|p1|4\n|teamsize|p2|4\n|start\n|switch|p1a: Garchomp|Garchomp, L50, F|100/100\n|switch|p1b: Sneasler|Sneasler, L50, M|100/100\n|switch|p2a: Kommo-o|Kommo-o, L50, F|100/100\n|switch|p2b: Incineroar|Incineroar, L50, F|100/100\n|-ability|p2b: Incineroar|Intimidate|boost\n|-unboost|p1a: Garchomp|atk|1\n|-unboost|p1b: Sneasler|atk|1\n|turn|1\n|\n|t:|1776488276\n|switch|p1a: Pelipper|Pelipper, L50, M, shiny|100/100\n|-weather|RainDance|[from] ability: Drizzle|[of] p1a: Pelipper\n|switch|p2b: Sinistcha|Sinistcha, L50|100/100\n|move|p2a: Kommo-o|Protect|p2a: Kommo-o\n|-singleturn|p2a: Kommo-o|Protect\n|move|p1b: Sneasler|Fake Out|p2a: Kommo-o\n|-activate|p2a: Kommo-o|move: Protect\n|\n|-weather|RainDance|[upkeep]\n|upkeep\n|turn|2\n|n| forkuser222|forkuser2\n|\n|t:|1776488301\n|move|p2b: Sinistcha|Rage Powder|p2b: Sinistcha\n|-singleturn|p2b: Sinistcha|move: Rage Powder\n|move|p1a: Pelipper|Hurricane|p2b: Sinistcha\n|-supereffective|p2b: Sinistcha|1\n|-damage|p2b: Sinistcha|23/100\n|-enditem|p2b: Sinistcha|Sitrus Berry|[eat]\n|-heal|p2b: Sinistcha|47/100|[from] item: Sitrus Berry\n|move|p1b: Sneasler|Dire Claw|p2b: Sinistcha\n|-damage|p2b: Sinistcha|24/100\n|move|p2a: Kommo-o|Clangorous Soul|p2a: Kommo-o\n|-boost|p2a: Kommo-o|atk|1\n|-boost|p2a: Kommo-o|def|1\n|-boost|p2a: Kommo-o|spa|1\n|-boost|p2a: Kommo-o|spd|1\n|-boost|p2a: Kommo-o|spe|1\n|-damage|p2a: Kommo-o|68/100\n|\n|-weather|RainDance|[upkeep]\n|-heal|p2a: Kommo-o|73/100|[from] item: Leftovers\n|upkeep\n|turn|3\n|\n|t:|1776488315\n|switch|p2b: Incineroar|Incineroar, L50, F|100/100\n|-ability|p2b: Incineroar|Intimidate|boost\n|-unboost|p1a: Pelipper|atk|1\n|-unboost|p1b: Sneasler|atk|1\n|move|p2a: Kommo-o|Protect|p2a: Kommo-o\n|-singleturn|p2a: Kommo-o|Protect\n|move|p1a: Pelipper|Hurricane|p2a: Kommo-o\n|-activate|p2a: Kommo-o|move: Protect\n|move|p1b: Sneasler|Dire Claw|p2a: Kommo-o\n|-activate|p2a: Kommo-o|move: Protect\n|\n|-weather|RainDance|[upkeep]\n|-heal|p2a: Kommo-o|79/100|[from] item: Leftovers\n|upkeep\n|turn|4\n|j| wizzpuffer\n|\n|t:|1776488334\n|move|p2b: Incineroar|Fake Out|p1a: Pelipper\n|-damage|p1a: Pelipper|86/100\n|move|p2a: Kommo-o|Clangorous Soul|p2a: Kommo-o\n|-boost|p2a: Kommo-o|atk|1\n|-boost|p2a: Kommo-o|def|1\n|-boost|p2a: Kommo-o|spa|1\n|-boost|p2a: Kommo-o|spd|1\n|-boost|p2a: Kommo-o|spe|1\n|-damage|p2a: Kommo-o|46/100\n|cant|p1a: Pelipper|flinch\n|move|p1b: Sneasler|Dire Claw|p2a: Kommo-o\n|-damage|p2a: Kommo-o|36/100\n|\n|-weather|RainDance|[upkeep]\n|-heal|p2a: Kommo-o|42/100|[from] item: Leftovers\n|upkeep\n|turn|5\n|\n|t:|1776488352\n|switch|p2b: Sinistcha|Sinistcha, L50|24/100\n|-heal|p2a: Kommo-o|66/100|[from] ability: Hospitality|[of] p2b: Sinistcha\n|move|p2a: Kommo-o|Protect|p2a: Kommo-o\n|-singleturn|p2a: Kommo-o|Protect\n|move|p1a: Pelipper|Hurricane|p2a: Kommo-o\n|-activate|p2a: Kommo-o|move: Protect\n|move|p1b: Sneasler|Dire Claw|p2a: Kommo-o\n|-activate|p2a: Kommo-o|move: Protect\n|\n|-weather|none\n|-heal|p2a: Kommo-o|72/100|[from] item: Leftovers\n|upkeep\n|turn|6\n|\n|t:|1776488367\n|switch|p1a: Garchomp|Garchomp, L50, F|100/100\n|move|p2b: Sinistcha|Rage Powder|p2b: Sinistcha\n|-singleturn|p2b: Sinistcha|move: Rage Powder\n|move|p2a: Kommo-o|Clanging Scales|p1b: Sneasler|[spread] p1a,p1b\n|-supereffective|p1a: Garchomp|1\n|-damage|p1a: Garchomp|0 fnt\n|-enditem|p1b: Sneasler|Focus Sash\n|-damage|p1b: Sneasler|1/100\n|faint|p1a: Garchomp\n|-unboost|p2a: Kommo-o|def|1\n|move|p1b: Sneasler|Dire Claw|p2b: Sinistcha\n|-damage|p2b: Sinistcha|3/100\n|-status|p2b: Sinistcha|psn\n|\n|-heal|p2a: Kommo-o|78/100|[from] item: Leftovers\n|-damage|p2b: Sinistcha|0 fnt|[from] psn\n|faint|p2b: Sinistcha\n|upkeep\n|\n|t:|1776488390\n|switch|p1a: Sharpedo|Sharpedo, L50, M|100/100\n|switch|p2b: Incineroar|Incineroar, L50, F|100/100\n|-ability|p2b: Incineroar|Intimidate|boost\n|-unboost|p1a: Sharpedo|atk|1\n|-unboost|p1b: Sneasler|atk|1\n|turn|7\n|inactive|Flipsicle has 30 seconds left.\n|l| wizzpuffer\n|\n|t:|1776488421\n|move|p1a: Sharpedo|Protect|p1a: Sharpedo\n|-singleturn|p1a: Sharpedo|Protect\n|move|p2b: Incineroar|Fake Out|p1a: Sharpedo\n|-activate|p1a: Sharpedo|move: Protect\n|move|p1b: Sneasler|Dire Claw|p2a: Kommo-o\n|-damage|p2a: Kommo-o|68/100\n|move|p2a: Kommo-o|Clanging Scales|p1b: Sneasler|[spread] p1b\n|-activate|p1a: Sharpedo|move: Protect\n|-damage|p1b: Sneasler|0 fnt\n|faint|p1b: Sneasler\n|-unboost|p2a: Kommo-o|def|1\n|\n|-heal|p2a: Kommo-o|73/100|[from] item: Leftovers\n|-ability|p1a: Sharpedo|Speed Boost|boost\n|-boost|p1a: Sharpedo|spe|1\n|upkeep\n|j| wizzpuffer\n|\n|t:|1776488432\n|switch|p1b: Pelipper|Pelipper, L50, M, shiny|86/100\n|-weather|RainDance|[from] ability: Drizzle|[of] p1b: Pelipper\n|turn|8\n|inactive|21Kieran has 30 seconds left.\n|\n|t:|1776488465\n|detailschange|p1a: Sharpedo|Sharpedo-Mega, L50, M\n|-mega|p1a: Sharpedo|Sharpedo|Sharpedonite\n|move|p2b: Incineroar|Protect|p2b: Incineroar\n|-singleturn|p2b: Incineroar|Protect\n|move|p2a: Kommo-o|Clanging Scales|p1a: Sharpedo|[spread] p1a,p1b\n|-damage|p1a: Sharpedo|0 fnt\n|-damage|p1b: Pelipper|0 fnt\n|faint|p1a: Sharpedo\n|faint|p1b: Pelipper\n|\n|win|21Kieran\n|n|\u2606Flipsicle|flipsicle\n|n|\u260621Kieran|21kieran\n|n| Me vs the Gorilla|mevsthegorilla\n|n| the crimson tedidn|thecrimsontedidn\n|n| HildaVGC's|hildavgcs\n|n| forkuser222|forkuser222\n|n| wizzpuffer|wizzpuffer\n",
  "uploadtime": 1776488465,
  "views": 12,
  "formatid": "gen9championsvgc2026regma",
  "rating": null,
  "private": 0,
  "password": null
}