{
  "id": "gen9championsvgc2026regma-2581332039",
  "format": "[Gen 9 Champions] VGC 2026 Reg M-A",
  "players": [
    "Brasegalishiny",
    "yamede\u86c7\u5982"
  ],
  "log": "|j|\u2606Brasegalishiny\n|j|\u2606yamede\u86c7\u5982\n|t:|1775987792\n|gametype|doubles\n|player|p1|Brasegalishiny|1|1345\n|player|p2|yamede\u86c7\u5982|265|1463\n|gen|9\n|tier|[Gen 9 Champions] VGC 2026 Reg M-A\n|rated|\n|rule|Species Clause: Limit one of each Pok\u00e9mon\n|rule|Item Clause: Limit 1 of each item\n|clearpoke\n|poke|p1|Sneasler, L50, F|\n|poke|p1|Beedrill, L50, F|\n|poke|p1|Basculegion, L50, M|\n|poke|p1|Froslass, L50, F|\n|poke|p1|Garchomp, L50, F|\n|poke|p1|Talonflame, L50, F|\n|poke|p2|Tyranitar, L50, F|\n|poke|p2|Milotic, L50, F|\n|poke|p2|Excadrill, L50, M|\n|poke|p2|Gardevoir, L50, F|\n|poke|p2|Incineroar, L50, F|\n|poke|p2|Sinistcha, L50|\n|teampreview|4\n|inactive|Battle timer is ON: inactive players will automatically lose when time's up. (requested by Brasegalishiny)\n|inactive|Brasegalishiny has 60 seconds left.\n|inactive|yamede\u86c7\u5982 has 60 seconds left.\n|inactive|yamede\u86c7\u5982 has 30 seconds left.\n|inactive|yamede\u86c7\u5982 has 20 seconds left.\n|inactive|yamede\u86c7\u5982 has 15 seconds left.\n|\n|t:|1775987869\n|teamsize|p1|4\n|teamsize|p2|4\n|start\n|switch|p1a: Sneasler|Sneasler, L50, F, shiny|100/100\n|switch|p1b: Basculegion|Basculegion, L50, M|100/100\n|switch|p2a: Milotic|Milotic, L50, F, shiny|100/100\n|switch|p2b: Tyranitar|Tyranitar, L50, F|100/100\n|-weather|Sandstorm|[from] ability: Sand Stream|[of] p2b: Tyranitar\n|turn|1\n|inactive|Brasegalishiny has 30 seconds left.\n|inactive|yamede\u86c7\u5982 has 30 seconds left.\n|inactive|Brasegalishiny has 20 seconds left.\n|inactive|yamede\u86c7\u5982 has 20 seconds left.\n|inactive|Brasegalishiny has 15 seconds left.\n|inactive|yamede\u86c7\u5982 has 15 seconds left.\n|inactive|yamede\u86c7\u5982 has 10 seconds left.\n|inactive|yamede\u86c7\u5982 has 5 seconds left.\n|\n|t:|1775987919\n|move|p2b: Tyranitar|Protect|p2b: Tyranitar\n|-singleturn|p2b: Tyranitar|Protect\n|move|p1b: Basculegion|Flip Turn|p2a: Milotic\n|-resisted|p2a: Milotic|1\n|-crit|p2a: Milotic\n|-damage|p2a: Milotic|72/100\n|\n|t:|1775987924\n|switch|p1b: Garchomp|Garchomp, L50, F, shiny|100/100|[from] Flip Turn\n|move|p1a: Sneasler|Dire Claw|p2a: Milotic\n|-damage|p2a: Milotic|34/100\n|move|p2a: Milotic|Coil|p2a: Milotic\n|-boost|p2a: Milotic|atk|1\n|-boost|p2a: Milotic|def|1\n|-boost|p2a: Milotic|accuracy|1\n|\n|-weather|Sandstorm|[upkeep]\n|-damage|p1a: Sneasler|95/100|[from] Sandstorm\n|-damage|p2a: Milotic|28/100|[from] Sandstorm\n|-heal|p2a: Milotic|34/100|[from] item: Leftovers\n|upkeep\n|turn|2\n|inactive|yamede\u86c7\u5982 has 30 seconds left.\n|inactive|yamede\u86c7\u5982 has 20 seconds left.\n|\n|t:|1775987960\n|switch|p2b: Sinistcha|Sinistcha, L50|100/100\n|-heal|p2a: Milotic|59/100|[from] ability: Hospitality|[of] p2b: Sinistcha\n|move|p1a: Sneasler|Close Combat|p2a: Milotic\n|-damage|p2a: Milotic|19/100\n|-unboost|p1a: Sneasler|def|1\n|-unboost|p1a: Sneasler|spd|1\n|-enditem|p1a: Sneasler|White Herb\n|-clearnegativeboost|p1a: Sneasler|[silent]\n|move|p1b: Garchomp|Dragon Claw|p2b: Sinistcha\n|-damage|p2b: Sinistcha|63/100\n|move|p2a: Milotic|Hypnosis|p1a: Sneasler\n|-status|p1a: Sneasler|slp|[from] move: Hypnosis\n|\n|-weather|Sandstorm|[upkeep]\n|-damage|p1a: Sneasler|89/100 slp|[from] Sandstorm\n|-damage|p2a: Milotic|13/100|[from] Sandstorm\n|-damage|p2b: Sinistcha|57/100|[from] Sandstorm\n|-heal|p2a: Milotic|19/100|[from] item: Leftovers\n|upkeep\n|turn|3\n|inactive|yamede\u86c7\u5982 has 30 seconds left.\n|inactive|Brasegalishiny has 30 seconds left.\n|inactive|yamede\u86c7\u5982 has 20 seconds left.\n|inactive|yamede\u86c7\u5982 has 15 seconds left.\n|inactive|Brasegalishiny has 20 seconds left.\n|inactive|Brasegalishiny has 15 seconds left.\n|inactive|Brasegalishiny has 10 seconds left.\n|inactive|Brasegalishiny has 5 seconds left.\n|\n|t:|1775988026\n|switch|p1a: Basculegion|Basculegion, L50, M|100/100\n|switch|p2b: Incineroar|Incineroar, L50, F|100/100\n|-ability|p2b: Incineroar|Intimidate|boost\n|-unboost|p1a: Basculegion|atk|1\n|-unboost|p1b: Garchomp|atk|1\n|move|p1b: Garchomp|Earthquake|p2b: Incineroar|[spread] p1a,p2a,p2b\n|-supereffective|p2b: Incineroar|1\n|-damage|p1a: Basculegion|69/100\n|-damage|p2a: Milotic|2/100\n|-damage|p2b: Incineroar|64/100\n|move|p2a: Milotic|Recover|p2a: Milotic\n|-heal|p2a: Milotic|52/100\n|\n|-weather|Sandstorm|[upkeep]\n|-damage|p1a: Basculegion|62/100|[from] Sandstorm\n|-damage|p2a: Milotic|47/100|[from] Sandstorm\n|-damage|p2b: Incineroar|58/100|[from] Sandstorm\n|-heal|p2a: Milotic|52/100|[from] item: Leftovers\n|upkeep\n|turn|4\n|inactive|Brasegalishiny has 30 seconds left.\n|inactive|Brasegalishiny has 20 seconds left.\n|\n|t:|1775988064\n|switch|p1b: Froslass|Froslass, L50, F, shiny|100/100\n|switch|p2b: Sinistcha|Sinistcha, L50|57/100\n|-heal|p2a: Milotic|77/100|[from] ability: Hospitality|[of] p2b: Sinistcha\n|move|p1a: Basculegion|Wave Crash|p2a: Milotic\n|-resisted|p2a: Milotic|1\n|-damage|p2a: Milotic|62/100\n|-damage|p1a: Basculegion|57/100|[from] Recoil\n|move|p2a: Milotic|Coil|p2a: Milotic\n|-boost|p2a: Milotic|atk|1\n|-boost|p2a: Milotic|def|1\n|-boost|p2a: Milotic|accuracy|1\n|\n|-weather|Sandstorm|[upkeep]\n|-damage|p1a: Basculegion|51/100|[from] Sandstorm\n|-damage|p1b: Froslass|94/100|[from] Sandstorm\n|-damage|p2a: Milotic|56/100|[from] Sandstorm\n|-damage|p2b: Sinistcha|50/100|[from] Sandstorm\n|-enditem|p2b: Sinistcha|Sitrus Berry|[eat]\n|-heal|p2b: Sinistcha|75/100|[from] item: Sitrus Berry\n|-heal|p2a: Milotic|62/100|[from] item: Leftovers\n|upkeep\n|turn|5\n|inactive|yamede\u86c7\u5982 has 30 seconds left.\n|inactive|yamede\u86c7\u5982 has 20 seconds left.\n|c|\u2606Brasegalishiny|\ud83d\ude15\n|inactive|yamede\u86c7\u5982 has 15 seconds left.\n|inactive|yamede\u86c7\u5982 has 10 seconds left.\n|\n|t:|1775988113\n|switch|p1a: Sneasler|Sneasler, L50, F, shiny|89/100 slp\n|switch|p2b: Incineroar|Incineroar, L50, F|58/100\n|-ability|p2b: Incineroar|Intimidate|boost\n|-unboost|p1a: Sneasler|atk|1\n|-unboost|p1b: Froslass|atk|1\n|detailschange|p1b: Froslass|Froslass-Mega, L50, F, shiny\n|-mega|p1b: Froslass|Froslass|Froslassite\n|-weather|Snowscape|[from] ability: Snow Warning|[of] p1b: Froslass\n|move|p1b: Froslass|Shadow Ball|p2b: Incineroar\n|-resisted|p2b: Incineroar|1\n|-damage|p2b: Incineroar|40/100\n|move|p2a: Milotic|Hypnosis|p1b: Froslass\n|-status|p1b: Froslass|slp|[from] move: Hypnosis\n|\n|-weather|Snowscape|[upkeep]\n|-heal|p2a: Milotic|68/100|[from] item: Leftovers\n|upkeep\n|turn|6\n|\n|t:|1775988137\n|cant|p1a: Sneasler|slp\n|cant|p1b: Froslass|slp\n|move|p2a: Milotic|Muddy Water|p1b: Froslass|[spread] p1a,p1b\n|-damage|p1a: Sneasler|58/100 slp\n|-damage|p1b: Froslass|71/100 slp\n|-unboost|p1a: Sneasler|accuracy|1\n|move|p2b: Incineroar|Flare Blitz|p1a: Sneasler\n|-damage|p1a: Sneasler|0 fnt\n|faint|p1a: Sneasler\n|-damage|p2b: Incineroar|25/100|[from] Recoil\n|\n|-weather|Snowscape|[upkeep]\n|-heal|p2a: Milotic|74/100|[from] item: Leftovers\n|upkeep\n|\n|t:|1775988146\n|switch|p1a: Basculegion|Basculegion, L50, M|51/100\n|turn|7\n|\n|t:|1775988163\n|switch|p2b: Sinistcha|Sinistcha, L50|75/100\n|-heal|p2a: Milotic|99/100|[from] ability: Hospitality|[of] p2b: Sinistcha\n|move|p1a: Basculegion|Flip Turn|p2b: Sinistcha\n|-resisted|p2b: Sinistcha|1\n|-damage|p2b: Sinistcha|58/100\n|\n|t:|1775988169\n|switch|p1a: Garchomp|Garchomp, L50, F, shiny|100/100|[from] Flip Turn\n|cant|p1b: Froslass|slp\n|move|p2a: Milotic|Hypnosis|p1a: Garchomp\n|-status|p1a: Garchomp|slp|[from] move: Hypnosis\n|-enditem|p1a: Garchomp|Lum Berry|[eat]\n|-curestatus|p1a: Garchomp|slp|[msg]\n|\n|-weather|Snowscape|[upkeep]\n|-heal|p2a: Milotic|100/100|[from] item: Leftovers\n|upkeep\n|turn|8\n|\n|t:|1775988192\n|switch|p2b: Incineroar|Incineroar, L50, F|25/100\n|-ability|p2b: Incineroar|Intimidate|boost\n|-unboost|p1a: Garchomp|atk|1\n|-unboost|p1b: Froslass|atk|1\n|move|p1a: Garchomp|Dragon Claw|p2b: Incineroar\n|-damage|p2b: Incineroar|3/100\n|-curestatus|p1b: Froslass|slp|[msg]\n|move|p1b: Froslass|Shadow Ball|p2b: Incineroar\n|-resisted|p2b: Incineroar|1\n|-damage|p2b: Incineroar|0 fnt\n|faint|p2b: Incineroar\n|move|p2a: Milotic|Hypnosis|p1b: Froslass\n|-status|p1b: Froslass|slp|[from] move: Hypnosis\n|\n|-weather|Snowscape|[upkeep]\n|upkeep\n|\n|t:|1775988209\n|switch|p2b: Tyranitar|Tyranitar, L50, F|100/100\n|-weather|Sandstorm|[from] ability: Sand Stream|[of] p2b: Tyranitar\n|turn|9\n|\n|t:|1775988231\n|switch|p1b: Basculegion|Basculegion, L50, M|51/100\n|detailschange|p2b: Tyranitar|Tyranitar-Mega, L50, F\n|-mega|p2b: Tyranitar|Tyranitar|Tyranitarite\n|move|p1a: Garchomp|Earthquake|p2b: Tyranitar|[spread] p1b,p2a,p2b\n|-supereffective|p2b: Tyranitar|1\n|-damage|p1b: Basculegion|20/100\n|-damage|p2a: Milotic|89/100\n|-damage|p2b: Tyranitar|62/100\n|move|p2b: Tyranitar|Dragon Dance|p2b: Tyranitar\n|-boost|p2b: Tyranitar|atk|1\n|-boost|p2b: Tyranitar|spe|1\n|move|p2a: Milotic|Hypnosis|p1a: Garchomp\n|-status|p1a: Garchomp|slp|[from] move: Hypnosis\n|\n|-weather|Sandstorm|[upkeep]\n|-damage|p1b: Basculegion|14/100|[from] Sandstorm\n|-damage|p2a: Milotic|83/100|[from] Sandstorm\n|-heal|p2a: Milotic|89/100|[from] item: Leftovers\n|upkeep\n|turn|10\n|\n|t:|1775988253\n|move|p2b: Tyranitar|Protect|p2b: Tyranitar\n|-singleturn|p2b: Tyranitar|Protect\n|move|p1b: Basculegion|Last Respects|p2a: Milotic\n|-damage|p2a: Milotic|61/100\n|cant|p1a: Garchomp|slp\n|move|p2a: Milotic|Muddy Water|p1b: Basculegion|[spread] p1a,p1b\n|-resisted|p1b: Basculegion|1\n|-damage|p1a: Garchomp|73/100 slp\n|-damage|p1b: Basculegion|2/100\n|-unboost|p1b: Basculegion|accuracy|1\n|\n|-weather|Sandstorm|[upkeep]\n|-damage|p1b: Basculegion|0 fnt|[from] Sandstorm\n|-damage|p2a: Milotic|55/100|[from] Sandstorm\n|faint|p1b: Basculegion\n|-heal|p2a: Milotic|61/100|[from] item: Leftovers\n|upkeep\n|\n|t:|1775988261\n|switch|p1b: Froslass|Froslass-Mega, L50, F, shiny|71/100 slp\n|-weather|Snowscape|[from] ability: Snow Warning|[of] p1b: Froslass\n|turn|11\n|\n|t:|1775988270\n|move|p2b: Tyranitar|Rock Slide|p1b: Froslass|[spread] p1a,p1b\n|-resisted|p1a: Garchomp|1\n|-supereffective|p1b: Froslass|1\n|-damage|p1a: Garchomp|49/100 slp\n|-damage|p1b: Froslass|0 fnt\n|faint|p1b: Froslass\n|-curestatus|p1a: Garchomp|slp|[msg]\n|cant|p1a: Garchomp|flinch\n|move|p2a: Milotic|Muddy Water|p1a: Garchomp\n|-damage|p1a: Garchomp|13/100\n|-unboost|p1a: Garchomp|accuracy|1\n|\n|-weather|Snowscape|[upkeep]\n|-heal|p2a: Milotic|67/100|[from] item: Leftovers\n|upkeep\n|turn|12\n|j| gE1xjZRtuhW2DdT0AK\n|c|\u2606Brasegalishiny|\ud83e\udd2c\ud83e\udd2c\ud83e\udd2c\ud83e\udd2c\ud83e\udd2c\ud83e\udd2c\ud83e\udd2c\ud83e\udd2c\ud83e\udd2c\n|-message|Brasegalishiny forfeited.\n|\n|win|yamede\u86c7\u5982\n|raw|Brasegalishiny's rating: 1345 &rarr; <strong>1332</strong><br />(-13 for losing)\n|raw|yamede\u86c7\u5982's rating: 1463 &rarr; <strong>1476</strong><br />(+13 for winning)\n|l|\u2606Brasegalishiny\n|player|p1|\n|l|\u2606yamede\u86c7\u5982\n|player|p2|\n",
  "uploadtime": 1775988395,
  "views": 37,
  "formatid": "gen9championsvgc2026regma",
  "rating": 1332,
  "private": 0,
  "password": null
}