{
  "id": "gen9championsvgc2026regma-2587803282",
  "format": "[Gen 9 Champions] VGC 2026 Reg M-A",
  "players": [
    "Googsward",
    "Cylantro"
  ],
  "log": "|j|\u203dGoogsward\n|j|\u2606Cylantro\n|t:|1776565587\n|gametype|doubles\n|player|p1|Googsward|169|1175\n|player|p2|Cylantro|101|1260\n|gen|9\n|tier|[Gen 9 Champions] VGC 2026 Reg M-A\n|rated|\n|rule|Species Clause: Limit one of each Pok\u00e9mon\n|rule|Item Clause: Limit 1 of each item\n|clearpoke\n|poke|p1|Banette, L50, F, shiny|\n|poke|p1|Torkoal, L50, M|\n|poke|p1|Slowking-Galar, L50, M|\n|poke|p1|Hydreigon, L50, F|\n|poke|p1|Victreebel, L50, M|\n|poke|p1|Basculegion, L50, M|\n|poke|p2|Milotic, L50, M|\n|poke|p2|Tauros-Paldea-Blaze, L50, M|\n|poke|p2|Rotom-Wash, L50|\n|poke|p2|Ninetales-Alola, L50, F|\n|poke|p2|Dragapult, L50, F|\n|poke|p2|Excadrill, L50, F|\n|teampreview|4\n|\n|t:|1776565608\n|teamsize|p1|4\n|teamsize|p2|4\n|start\n|switch|p1a: Banette|Banette, L50, F, shiny|100/100\n|switch|p1b: Basculegion|Basculegion, L50, M|100/100\n|switch|p2a: Milotic|Milotic, L50, M|100/100\n|switch|p2b: Rotom|Rotom-Wash, L50|100/100\n|-item|p2a: Milotic|Leftovers|[from] ability: Frisk|[of] p1a: Banette\n|-item|p2b: Rotom|Sitrus Berry|[from] ability: Frisk|[of] p1a: Banette\n|turn|1\n|\n|t:|1776565619\n|move|p1b: Basculegion|Flip Turn|p2a: Milotic\n|-resisted|p2a: Milotic|1\n|-damage|p2a: Milotic|85/100\n|\n|t:|1776565625\n|switch|p1b: Torkoal|Torkoal, L50, M|100/100|[from] Flip Turn\n|-weather|SunnyDay|[from] ability: Drought|[of] p1b: Torkoal\n|move|p2b: Rotom|Will-O-Wisp|p1b: Torkoal\n|-immune|p1b: Torkoal\n|move|p2a: Milotic|Icy Wind|p1a: Banette|[spread] p1a,p1b\n|-resisted|p1b: Torkoal|1\n|-damage|p1a: Banette|91/100\n|-damage|p1b: Torkoal|95/100\n|-unboost|p1a: Banette|spe|1\n|-unboost|p1b: Torkoal|spe|1\n|move|p1a: Banette|Trick Room|p1a: Banette\n|-fieldstart|move: Trick Room|[of] p1a: Banette\n|\n|-weather|SunnyDay|[upkeep]\n|-heal|p2a: Milotic|91/100|[from] item: Leftovers\n|upkeep\n|turn|2\n|inactive|Battle timer is ON: inactive players will automatically lose when time's up. (requested by Cylantro)\n|\n|t:|1776565652\n|detailschange|p1a: Banette|Banette-Mega, L50, F, shiny\n|-mega|p1a: Banette|Banette|Banettite\n|move|p2a: Milotic|Protect|p2a: Milotic\n|-singleturn|p2a: Milotic|Protect\n|move|p2b: Rotom|Protect|p2b: Rotom\n|-singleturn|p2b: Rotom|Protect\n|move|p1a: Banette|Encore|p2a: Milotic\n|-activate|p2a: Milotic|move: Protect\n|move|p1b: Torkoal|Eruption|p2a: Milotic|[spread] \n|-activate|p2a: Milotic|move: Protect\n|-activate|p2b: Rotom|move: Protect\n|\n|-weather|SunnyDay|[upkeep]\n|-heal|p2a: Milotic|97/100|[from] item: Leftovers\n|upkeep\n|turn|3\n|\n|t:|1776565670\n|move|p1a: Banette|Encore|p2b: Rotom\n|-start|p2b: Rotom|Encore\n|move|p2b: Rotom|Protect|p2b: Rotom\n|-singleturn|p2b: Rotom|Protect\n|move|p1b: Torkoal|Eruption|p2a: Milotic|[spread] p2a\n|-activate|p2b: Rotom|move: Protect\n|-resisted|p2a: Milotic|1\n|-crit|p2a: Milotic\n|-damage|p2a: Milotic|54/100\n|move|p2a: Milotic|Scald|p1a: Banette\n|-damage|p1a: Banette|78/100\n|\n|-weather|SunnyDay|[upkeep]\n|-heal|p2a: Milotic|60/100|[from] item: Leftovers\n|upkeep\n|turn|4\n|\n|t:|1776565688\n|move|p2b: Rotom|Protect||[still]\n|-fail|p2b: Rotom\n|move|p1a: Banette|Disable|p2b: Rotom\n|-start|p2b: Rotom|Disable|Protect\n|move|p1b: Torkoal|Eruption|p2a: Milotic|[spread] p2a,p2b\n|-resisted|p2a: Milotic|1\n|-resisted|p2b: Rotom|1\n|-damage|p2a: Milotic|34/100\n|-damage|p2b: Rotom|59/100\n|move|p2a: Milotic|Scald|p1b: Torkoal\n|-supereffective|p1b: Torkoal|1\n|-damage|p1b: Torkoal|60/100\n|\n|-weather|SunnyDay|[upkeep]\n|-heal|p2a: Milotic|40/100|[from] item: Leftovers\n|upkeep\n|turn|5\n|\n|t:|1776565708\n|switch|p2b: Dragapult|Dragapult, L50, F|100/100\n|move|p1b: Torkoal|Weather Ball|p2a: Milotic\n|-resisted|p2a: Milotic|1\n|-damage|p2a: Milotic|15/100\n|move|p1a: Banette|Poltergeist|p2a: Milotic\n|-activate|p2a: Milotic|move: Poltergeist|Leftovers\n|-damage|p2a: Milotic|0 fnt\n|faint|p2a: Milotic\n|\n|-weather|none\n|-fieldend|move: Trick Room\n|upkeep\n|\n|t:|1776565717\n|switch|p2a: Rotom|Rotom-Wash, L50|59/100\n|turn|6\n|\n|t:|1776565735\n|move|p1b: Torkoal|Protect|p1b: Torkoal\n|-singleturn|p1b: Torkoal|Protect\n|move|p2b: Dragapult|Phantom Force||[still]\n|-prepare|p2b: Dragapult|Phantom Force\n|move|p2a: Rotom|Eerie Impulse|p1b: Torkoal\n|-activate|p1b: Torkoal|move: Protect\n|move|p1a: Banette|Trick Room|p1a: Banette\n|-fieldstart|move: Trick Room|[of] p1a: Banette\n|\n|upkeep\n|turn|7\n|inactive|Googsward has 30 seconds left.\n|\n|t:|1776565767\n|move|p1a: Banette|Disable|p2a: Rotom\n|-start|p2a: Rotom|Disable|Eerie Impulse\n|move|p1b: Torkoal|Earth Power|p2b: Dragapult|[miss]\n|-miss|p1b: Torkoal|p2b: Dragapult\n|cant|p2a: Rotom|Disable|Eerie Impulse\n|move|p2b: Dragapult|Phantom Force|p1a: Banette|[from] lockedmove\n|-supereffective|p1a: Banette|1\n|-damage|p1a: Banette|0 fnt\n|faint|p1a: Banette\n|\n|upkeep\n|\n|t:|1776565778\n|switch|p1a: Hydreigon|Hydreigon, L50, F|100/100\n|turn|8\n|\n|t:|1776565789\n|move|p2a: Rotom|Protect|p2a: Rotom\n|-singleturn|p2a: Rotom|Protect\n|move|p1b: Torkoal|Earth Power|p2b: Dragapult\n|-damage|p2b: Dragapult|66/100\n|move|p1a: Hydreigon|Focus Energy|p1a: Hydreigon\n|-start|p1a: Hydreigon|move: Focus Energy\n|move|p2b: Dragapult|Phantom Force||[still]\n|-prepare|p2b: Dragapult|Phantom Force\n|\n|upkeep\n|turn|9\n|inactive|Googsward has 30 seconds left.\n|\n|t:|1776565816\n|move|p2a: Rotom|Protect|p2a: Rotom\n|-singleturn|p2a: Rotom|Protect\n|move|p1b: Torkoal|Weather Ball|p2a: Rotom\n|-activate|p2a: Rotom|move: Protect\n|move|p1a: Hydreigon|Draco Meteor|p2a: Rotom\n|-activate|p2a: Rotom|move: Protect\n|move|p2b: Dragapult|Phantom Force|p1b: Torkoal|[from] lockedmove\n|-crit|p1b: Torkoal\n|-damage|p1b: Torkoal|10/100\n|\n|upkeep\n|turn|10\n|\n|t:|1776565833\n|switch|p2a: Excadrill|Excadrill, L50, F|100/100\n|-ability|p2a: Excadrill|Mold Breaker\n|move|p1b: Torkoal|Weather Ball|p2a: Excadrill\n|-resisted|p2a: Excadrill|1\n|-damage|p2a: Excadrill|90/100\n|move|p1a: Hydreigon|Draco Meteor|p2b: Dragapult\n|-supereffective|p2b: Dragapult|1\n|-crit|p2b: Dragapult\n|-damage|p2b: Dragapult|0 fnt\n|-unboost|p1a: Hydreigon|spa|2\n|faint|p2b: Dragapult\n|\n|-fieldend|move: Trick Room\n|upkeep\n|\n|t:|1776565843\n|switch|p2b: Rotom|Rotom-Wash, L50|59/100\n|turn|11\n|\n|t:|1776565856\n|detailschange|p2a: Excadrill|Excadrill-Mega, L50, F\n|-mega|p2a: Excadrill|Excadrill|Excadrite\n|move|p2a: Excadrill|Rock Slide|p1b: Torkoal|[spread] p1a,p1b\n|-supereffective|p1b: Torkoal|1\n|-crit|p1b: Torkoal\n|-damage|p1a: Hydreigon|73/100\n|-damage|p1b: Torkoal|0 fnt\n|faint|p1b: Torkoal\n|cant|p1a: Hydreigon|flinch\n|move|p2b: Rotom|Thunderbolt|p1a: Hydreigon\n|-resisted|p1a: Hydreigon|1\n|-damage|p1a: Hydreigon|46/100\n|-status|p1a: Hydreigon|par\n|\n|upkeep\n|\n|t:|1776565866\n|switch|p1b: Basculegion|Basculegion, L50, M|100/100\n|turn|12\n|\n|t:|1776565879\n|move|p2a: Excadrill|Protect|p2a: Excadrill\n|-singleturn|p2a: Excadrill|Protect\n|move|p1b: Basculegion|Wave Crash|p2a: Excadrill\n|-activate|p2a: Excadrill|move: Protect\n|move|p2b: Rotom|Will-O-Wisp|p1b: Basculegion\n|-status|p1b: Basculegion|brn\n|move|p1a: Hydreigon|Heat Wave|p2b: Rotom|[spread] p2b\n|-activate|p2a: Excadrill|move: Protect\n|-resisted|p2b: Rotom|1\n|-crit|p2b: Rotom\n|-damage|p2b: Rotom|41/100\n|-enditem|p2b: Rotom|Sitrus Berry|[eat]\n|-heal|p2b: Rotom|66/100|[from] item: Sitrus Berry\n|\n|-damage|p1b: Basculegion|94/100 brn|[from] brn\n|upkeep\n|turn|13\n|\n|t:|1776565896\n|move|p1b: Basculegion|Wave Crash|p2a: Excadrill\n|-supereffective|p2a: Excadrill|1\n|-damage|p2a: Excadrill|14/100\n|-damage|p1b: Basculegion|70/100 brn|[from] Recoil\n|move|p2a: Excadrill|Rock Slide|p1a: Hydreigon|[spread] p1a,p1b\n|-damage|p1a: Hydreigon|21/100 par\n|-damage|p1b: Basculegion|43/100 brn\n|move|p2b: Rotom|Thunderbolt|p1b: Basculegion\n|-supereffective|p1b: Basculegion|1\n|-damage|p1b: Basculegion|0 fnt\n|faint|p1b: Basculegion\n|cant|p1a: Hydreigon|par\n|\n|upkeep\n|turn|14\n|inactive|Googsward has 30 seconds left.\n|\n|t:|1776565930\n|move|p2a: Excadrill|Rock Slide|p1a: Hydreigon\n|-damage|p1a: Hydreigon|0 fnt\n|faint|p1a: Hydreigon\n|\n|win|Cylantro\n|raw|Googsward's rating: 1175 &rarr; <strong>1156</strong><br />(-19 for losing)\n|raw|Cylantro's rating: 1260 &rarr; <strong>1279</strong><br />(+19 for winning)\n|l|\u2606Cylantro\n|player|p2|\n",
  "uploadtime": 1776565937,
  "views": 18,
  "formatid": "gen9championsvgc2026regma",
  "rating": 1156,
  "private": 0,
  "password": null
}