{
  "id": "gen9championsvgc2026regma-2583909607",
  "format": "[Gen 9 Champions] VGC 2026 Reg M-A",
  "players": [
    "XxStpYTxX",
    "DaRealFaustino"
  ],
  "log": "|j|\u2606XxStpYTxX\n|j|\u2606DaRealFaustino\n|t:|1776207447\n|gametype|doubles\n|player|p1|XxStpYTxX|169|1075\n|player|p2|DaRealFaustino|2|1015\n|gen|9\n|tier|[Gen 9 Champions] VGC 2026 Reg M-A\n|rated|\n|rule|Species Clause: Limit one of each Pok\u00e9mon\n|rule|Item Clause: Limit 1 of each item\n|clearpoke\n|poke|p1|Meganium, L50, F|\n|poke|p1|Archaludon, L50, M|\n|poke|p1|Aerodactyl, L50, M|\n|poke|p1|Typhlosion-Hisui, L50, F|\n|poke|p1|Tauros-Paldea-Aqua, L50, M|\n|poke|p1|Kangaskhan, L50, F|\n|poke|p2|Sylveon, L50, F|\n|poke|p2|Incineroar, L50, M|\n|poke|p2|Alakazam, L50, M|\n|poke|p2|Golurk, L50|\n|poke|p2|Aegislash, L50, F|\n|poke|p2|Scizor, L50, M|\n|teampreview|4\nDaRealFaustino rejected open team sheets.\n|\n|t:|1776207506\n|teamsize|p1|4\n|teamsize|p2|4\n|start\n|switch|p1a: Sua|Typhlosion-Hisui, L50, F|100/100\n|switch|p1b: Byrd V2|Aerodactyl, L50, M, shiny|100/100\n|switch|p2a: Incineroar|Incineroar, L50, M|100/100\n|switch|p2b: Aegislash|Aegislash, L50, F|100/100\n|-ability|p1b: Byrd V2|Unnerve\n|-item|p2b: Aegislash|King's Rock|[from] ability: Frisk|[of] p1a: Sua\n|-ability|p2a: Incineroar|Intimidate|boost\n|-unboost|p1a: Sua|atk|1\n|-unboost|p1b: Byrd V2|atk|1\n|turn|1\n|\n|t:|1776207533\n|move|p2a: Incineroar|Fake Out|p1b: Byrd V2\n|-resisted|p1b: Byrd V2|1\n|-damage|p1b: Byrd V2|90/100\n|cant|p1b: Byrd V2|flinch\n|move|p1a: Sua|Eruption|p2a: Incineroar|[spread] p2a,p2b\n|-resisted|p2a: Incineroar|1\n|-supereffective|p2b: Aegislash|1\n|-damage|p2a: Incineroar|72/100\n|-damage|p2b: Aegislash|0 fnt\n|faint|p2b: Aegislash\n|\n|upkeep\n|\n|t:|1776207543\n|switch|p2b: Golurk|Golurk, L50|100/100\n|turn|2\n|\n|t:|1776207567\n|detailschange|p2b: Golurk|Golurk-Mega, L50\n|-mega|p2b: Golurk|Golurk|Golurkite\n|move|p1b: Byrd V2|Tailwind|p1b: Byrd V2\n|-sidestart|p1: XxStpYTxX|move: Tailwind\n|move|p1a: Sua|Eruption|p2b: Golurk|[spread] p2a,p2b\n|-resisted|p2a: Incineroar|1\n|-damage|p2a: Incineroar|40/100\n|-damage|p2b: Golurk|44/100\n|move|p2a: Incineroar|Parting Shot|p1a: Sua\n|-unboost|p1a: Sua|atk|1\n|-unboost|p1a: Sua|spa|1\n|\n|t:|1776207578\n|switch|p2a: Sylveon|Sylveon, L50, F|100/100|[from] Parting Shot\n|move|p2b: Golurk|Poltergeist|p1a: Sua\n|-activate|p1a: Sua|move: Poltergeist|Choice Scarf\n|-supereffective|p1a: Sua|1\n|-damage|p1a: Sua|0 fnt\n|faint|p1a: Sua\n|\n|upkeep\n|\n|t:|1776207591\n|switch|p1a: Mizi|Meganium, L50, F|100/100\n|turn|3\n|\n|t:|1776207606\n|detailschange|p1a: Mizi|Meganium-Mega, L50, F\n|-mega|p1a: Mizi|Meganium|Meganiumite\n|move|p1b: Byrd V2|Dual Wingbeat|p2a: Sylveon\n|-damage|p2a: Sylveon|79/100\n|-damage|p2a: Sylveon|57/100\n|-hitcount|p2a: Sylveon|2\n|move|p1a: Mizi|Dazzling Gleam|p2b: Golurk|[spread] p2a,p2b\n|-crit|p2b: Golurk\n|-damage|p2a: Sylveon|28/100\n|-damage|p2b: Golurk|0 fnt\n|faint|p2b: Golurk\n|move|p2a: Sylveon|Hyper Voice|p1b: Byrd V2|[spread] p1a,p1b\n|-damage|p1a: Mizi|59/100\n|-damage|p1b: Byrd V2|25/100\n|\n|upkeep\n|\n|t:|1776207619\n|switch|p2b: Incineroar|Incineroar, L50, M|40/100\n|-ability|p2b: Incineroar|Intimidate|boost\n|-unboost|p1a: Mizi|atk|1\n|-unboost|p1b: Byrd V2|atk|1\n|turn|4\n|\n|t:|1776207637\n|move|p1b: Byrd V2|Protect|p1b: Byrd V2\n|-singleturn|p1b: Byrd V2|Protect\n|move|p1a: Mizi|Protect|p1a: Mizi\n|-singleturn|p1a: Mizi|Protect\n|move|p2b: Incineroar|Fake Out|p1a: Mizi\n|-activate|p1a: Mizi|move: Protect\n|move|p2a: Sylveon|Hyper Voice|p1b: Byrd V2|[spread] \n|-activate|p1a: Mizi|move: Protect\n|-activate|p1b: Byrd V2|move: Protect\n|\n|upkeep\n|turn|5\n|\n|t:|1776207655\n|move|p2a: Sylveon|Quick Attack|p1b: Byrd V2\n|-damage|p1b: Byrd V2|2/100\n|move|p1b: Byrd V2|Rock Slide|p2a: Sylveon|[spread] p2a,p2b\n|-supereffective|p2b: Incineroar|1\n|-damage|p2a: Sylveon|7/100\n|-damage|p2b: Incineroar|11/100\n|move|p1a: Mizi|Dazzling Gleam|p2a: Sylveon|[spread] p2a,p2b\n|-damage|p2a: Sylveon|0 fnt\n|-damage|p2b: Incineroar|0 fnt\n|faint|p2a: Sylveon\n|faint|p2b: Incineroar\n|\n|win|XxStpYTxX\n|raw|XxStpYTxX's rating: 1075 &rarr; <strong>1099</strong><br />(+24 for winning)\n|raw|DaRealFaustino's rating: 1015 &rarr; <strong>1005</strong><br />(-10 for losing)\n|l|\u2606DaRealFaustino\n|player|p2|\n",
  "uploadtime": 1776207671,
  "views": 14,
  "formatid": "gen9championsvgc2026regma",
  "rating": 1005,
  "private": 0,
  "password": null
}