{
  "id": "gen9championsvgc2026regma-2583006668",
  "format": "[Gen 9 Champions] VGC 2026 Reg M-A",
  "players": [
    "nonexistnt",
    "hyunbelievable"
  ],
  "log": "|j|\u2606nonexistnt\n|j|\u2606hyunbelievable\n|t:|1776132749\n|gametype|doubles\n|player|p1|nonexistnt|veteran|1167\n|player|p2|hyunbelievable|guzma|1158\n|gen|9\n|tier|[Gen 9 Champions] VGC 2026 Reg M-A\n|rated|\n|rule|Species Clause: Limit one of each Pok\u00e9mon\n|rule|Item Clause: Limit 1 of each item\n|clearpoke\n|poke|p1|Froslass, L50, F|\n|poke|p1|Incineroar, L50, M|\n|poke|p1|Garchomp, L50, F|\n|poke|p1|Kingambit, L50, F|\n|poke|p1|Sneasler, L50, M|\n|poke|p1|Aerodactyl, L50, F|\n|poke|p2|Floette-Eternal, L50, F|\n|poke|p2|Aerodactyl, L50, M|\n|poke|p2|Excadrill, L50, F|\n|poke|p2|Tyranitar, L50, M|\n|poke|p2|Orthworm, L50, M|\n|poke|p2|Rotom-Wash, L50|\n|teampreview|4\n|\n|t:|1776132775\n|teamsize|p1|4\n|teamsize|p2|4\n|start\n|switch|p1a: Incineroar|Incineroar, L50, M|100/100\n|switch|p1b: Sneasler|Sneasler, L50, M|100/100\n|switch|p2a: Floette|Floette-Eternal, L50, F|100/100\n|switch|p2b: Orthworm|Orthworm, L50, M|100/100\n|-ability|p1a: Incineroar|Intimidate|boost\n|-unboost|p2a: Floette|atk|1\n|-unboost|p2b: Orthworm|atk|1\n|turn|1\n|inactive|Battle timer is ON: inactive players will automatically lose when time's up. (requested by nonexistnt)\n|\n|t:|1776132803\n|detailschange|p2a: Floette|Floette-Mega, L50, F\n|-mega|p2a: Floette|Floette|Floettite\n|-ability|p2a: Floette|Fairy Aura\n|move|p1b: Sneasler|Fake Out|p2b: Orthworm\n|-resisted|p2b: Orthworm|1\n|-damage|p2b: Orthworm|96/100\n|move|p2a: Floette|Moonblast|p1b: Sneasler\n|-damage|p1b: Sneasler|0 fnt\n|faint|p1b: Sneasler\n|cant|p2b: Orthworm|flinch\n|move|p1a: Incineroar|Parting Shot|p2a: Floette\n|-unboost|p2a: Floette|atk|1\n|-unboost|p2a: Floette|spa|1\n|\n|t:|1776132819\n|switch|p1a: Froslass|Froslass, L50, F|100/100|[from] Parting Shot\n|\n|upkeep\n|\n|t:|1776132823\n|switch|p1b: Incineroar|Incineroar, L50, M|100/100\n|-ability|p1b: Incineroar|Intimidate|boost\n|-unboost|p2a: Floette|atk|1\n|-unboost|p2b: Orthworm|atk|1\n|turn|2\n|\n|t:|1776132836\n|switch|p2a: Excadrill|Excadrill, L50, F|100/100\n|detailschange|p1a: Froslass|Froslass-Mega, L50, F\n|-mega|p1a: Froslass|Froslass|Froslassite\n|-weather|Snowscape|[from] ability: Snow Warning|[of] p1a: Froslass\n|move|p1a: Froslass|Blizzard|p2a: Excadrill|[spread] p2a,p2b\n|-resisted|p2b: Orthworm|1\n|-damage|p2a: Excadrill|39/100\n|-damage|p2b: Orthworm|55/100\n|-status|p2a: Excadrill|frz\n|move|p2b: Orthworm|Shed Tail|p2b: Orthworm\n|-start|p2b: Orthworm|Substitute|[from] move: Shed Tail\n|-damage|p2b: Orthworm|4/100\n|-enditem|p2b: Orthworm|Sitrus Berry|[eat]\n|-heal|p2b: Orthworm|29/100|[from] item: Sitrus Berry\n|\n|t:|1776132845\n|switch|p2b: Tyranitar|Tyranitar, L50, M|100/100|[from] Shed Tail\n|-weather|Sandstorm|[from] ability: Sand Stream|[of] p2b: Tyranitar\n|move|p1b: Incineroar|Flare Blitz|p2b: Tyranitar\n|-resisted|p2b: Tyranitar|1\n|-activate|p2b: Tyranitar|move: Substitute|[damage]\n|-damage|p1b: Incineroar|94/100|[from] Recoil|[of] p2b: Tyranitar\n|\n|-weather|Sandstorm|[upkeep]\n|-damage|p1a: Froslass|94/100|[from] Sandstorm\n|-damage|p1b: Incineroar|88/100|[from] Sandstorm\n|upkeep\n|turn|3\n|\n|t:|1776132863\n|move|p1a: Froslass|Protect|p1a: Froslass\n|-singleturn|p1a: Froslass|Protect\n|cant|p2a: Excadrill|frz\n|move|p2b: Tyranitar|Rock Slide|p1b: Incineroar|[spread] p1b\n|-activate|p1a: Froslass|move: Protect\n|-supereffective|p1b: Incineroar|1\n|-damage|p1b: Incineroar|41/100\n|-enditem|p1b: Incineroar|Sitrus Berry|[eat]\n|-heal|p1b: Incineroar|65/100|[from] item: Sitrus Berry\n|move|p1b: Incineroar|Flare Blitz|p2a: Excadrill\n|-supereffective|p2a: Excadrill|1\n|-damage|p2a: Excadrill|0 fnt\n|faint|p2a: Excadrill\n|-damage|p1b: Incineroar|53/100|[from] Recoil\n|\n|-weather|Sandstorm|[upkeep]\n|-damage|p1a: Froslass|88/100|[from] Sandstorm\n|-damage|p1b: Incineroar|48/100|[from] Sandstorm\n|upkeep\n|\n|t:|1776132875\n|switch|p2a: Orthworm|Orthworm, L50, M|29/100\n|turn|4\n|\n|t:|1776132889\n|switch|p1a: Aerodactyl|Aerodactyl, L50, F|100/100\n|-ability|p1a: Aerodactyl|Unnerve\n|move|p2b: Tyranitar|Dragon Dance|p2b: Tyranitar\n|-boost|p2b: Tyranitar|atk|1\n|-boost|p2b: Tyranitar|spe|1\n|move|p2a: Orthworm|Heavy Slam|p1a: Aerodactyl\n|-supereffective|p1a: Aerodactyl|1\n|-enditem|p1a: Aerodactyl|Focus Sash\n|-damage|p1a: Aerodactyl|1/100\n|move|p1b: Incineroar|Flare Blitz|p2a: Orthworm\n|-supereffective|p2a: Orthworm|1\n|-damage|p2a: Orthworm|0 fnt\n|faint|p2a: Orthworm\n|-damage|p1b: Incineroar|39/100|[from] Recoil\n|\n|-weather|Sandstorm|[upkeep]\n|-damage|p1b: Incineroar|33/100|[from] Sandstorm\n|upkeep\n|\n|t:|1776132899\n|switch|p2a: Floette|Floette-Mega, L50, F|100/100\n|-ability|p2a: Floette|Fairy Aura\n|turn|5\n|\n|t:|1776132917\n|move|p1a: Aerodactyl|Tailwind|p1a: Aerodactyl\n|-sidestart|p1: nonexistnt|move: Tailwind\n|move|p1b: Incineroar|Flare Blitz|p2a: Floette\n|-damage|p2a: Floette|62/100\n|-damage|p1b: Incineroar|22/100|[from] Recoil\n|move|p2b: Tyranitar|Rock Slide|p1a: Aerodactyl|[spread] p1a,p1b\n|-supereffective|p1a: Aerodactyl|1\n|-supereffective|p1b: Incineroar|1\n|-damage|p1a: Aerodactyl|0 fnt\n|-damage|p1b: Incineroar|0 fnt\n|faint|p1a: Aerodactyl\n|faint|p1b: Incineroar\n|move|p2a: Floette|Moonblast|p1: Aerodactyl|[notarget]\n|-fail|p2a: Floette\n|\n|-weather|Sandstorm|[upkeep]\n|-damage|p2a: Floette|56/100|[from] Sandstorm\n|upkeep\n|-message|nonexistnt forfeited.\n|\n|win|hyunbelievable\n|raw|nonexistnt's rating: 1167 &rarr; <strong>1141</strong><br />(-26 for losing)\n|raw|hyunbelievable's rating: 1158 &rarr; <strong>1184</strong><br />(+26 for winning)\n|l|\u2606nonexistnt\n|player|p1|\n",
  "uploadtime": 1776132930,
  "views": 19,
  "formatid": "gen9championsvgc2026regma",
  "rating": 1141,
  "private": 0,
  "password": null
}