{
  "id": "gen9championsvgc2026regma-2584935322",
  "format": "[Gen 9 Champions] VGC 2026 Reg M-A",
  "players": [
    "Azreal29",
    "deathbydunsparce"
  ],
  "log": "|j|\u2606Azreal29\n|j|\u2606deathbydunsparce\n|t:|1776296010\n|gametype|doubles\n|player|p1|Azreal29|unknown|1169\n|player|p2|deathbydunsparce|lisia|1222\n|gen|9\n|tier|[Gen 9 Champions] VGC 2026 Reg M-A\n|rated|\n|rule|Species Clause: Limit one of each Pok\u00e9mon\n|rule|Item Clause: Limit 1 of each item\n|clearpoke\n|poke|p1|Gengar, L50, M|\n|poke|p1|Gyarados, L50, F|\n|poke|p1|Maushold-Four, L50|\n|poke|p1|Incineroar, L50, M|\n|poke|p1|Pelipper, L50, F|\n|poke|p1|Archaludon, L50, M|\n|poke|p2|Floette-Eternal, L50, F|\n|poke|p2|Incineroar, L50, M|\n|poke|p2|Sinistcha, L50|\n|poke|p2|Volcarona, L50, M|\n|poke|p2|Sneasler, L50, F|\n|poke|p2|Milotic, L50, F|\n|teampreview|4\n|inactive|Battle timer is ON: inactive players will automatically lose when time's up. (requested by Azreal29)\n|inactive|Azreal29 has 60 seconds left.\n|\n|t:|1776296041\n|teamsize|p1|4\n|teamsize|p2|4\n|start\n|switch|p1a: Inumaki|Gengar, L50, M, shiny|100/100\n|switch|p1b: Cursed mouse|Maushold-Four, L50|100/100\n|switch|p2a: Floette|Floette-Eternal, L50, F|100/100\n|switch|p2b: Milotic|Milotic, L50, F|100/100\n|turn|1\n|\n|t:|1776296065\n|detailschange|p2a: Floette|Floette-Mega, L50, F\n|-mega|p2a: Floette|Floette|Floettite\n|-ability|p2a: Floette|Fairy Aura\n|detailschange|p1a: Inumaki|Gengar-Mega, L50, M, shiny\n|-mega|p1a: Inumaki|Gengar|Gengarite\n|move|p2a: Floette|Protect|p2a: Floette\n|-singleturn|p2a: Floette|Protect\n|move|p1b: Cursed mouse|Protect|p1b: Cursed mouse\n|-singleturn|p1b: Cursed mouse|Protect\n|move|p1a: Inumaki|Perish Song|p1a: Inumaki\n|-start|p1a: Inumaki|perish3|[silent]\n|-start|p1b: Cursed mouse|perish3|[silent]\n|-start|p2a: Floette|perish3|[silent]\n|-start|p2b: Milotic|perish3|[silent]\n|-fieldactivate|move: Perish Song\n|move|p2b: Milotic|Icy Wind|p1b: Cursed mouse|[spread] \n|-activate|p1b: Cursed mouse|move: Protect\n|-miss|p2b: Milotic|p1a: Inumaki\n|\n|-start|p2a: Floette|perish3\n|-start|p1a: Inumaki|perish3\n|-start|p1b: Cursed mouse|perish3\n|-start|p2b: Milotic|perish3\n|upkeep\n|turn|2\n|inactive|Azreal29 has 30 seconds left.\n|\n|t:|1776296093\n|move|p2a: Floette|Moonblast|p1a: Inumaki\n|-resisted|p1a: Inumaki|1\n|-damage|p1a: Inumaki|67/100\n|move|p1a: Inumaki|Disable|p2b: Milotic\n|-start|p2b: Milotic|Disable|Icy Wind\n|move|p1b: Cursed mouse|Encore|p2a: Floette\n|-start|p2a: Floette|Encore\n|move|p2b: Milotic|Scald|p1a: Inumaki\n|-damage|p1a: Inumaki|43/100\n|\n|-start|p2a: Floette|perish2\n|-start|p1a: Inumaki|perish2\n|-start|p1b: Cursed mouse|perish2\n|-start|p2b: Milotic|perish2\n|upkeep\n|turn|3\n|\n|t:|1776296110\n|move|p1a: Inumaki|Protect|p1a: Inumaki\n|-singleturn|p1a: Inumaki|Protect\n|move|p1b: Cursed mouse|Protect|p1b: Cursed mouse\n|-singleturn|p1b: Cursed mouse|Protect\n|move|p2a: Floette|Moonblast|p1a: Inumaki\n|-activate|p1a: Inumaki|move: Protect\n|move|p2b: Milotic|Scald|p1a: Inumaki\n|-activate|p1a: Inumaki|move: Protect\n|\n|-start|p2a: Floette|perish1\n|-start|p1a: Inumaki|perish1\n|-start|p1b: Cursed mouse|perish1\n|-start|p2b: Milotic|perish1\n|upkeep\n|turn|4\n|\n|t:|1776296132\n|switch|p1a: Cursed bird|Pelipper, L50, F|100/100\n|-weather|RainDance|[from] ability: Drizzle|[of] p1a: Cursed bird\n|switch|p1b: Kashidon|Archaludon, L50, M, shiny|100/100\n|move|p2a: Floette|Moonblast|p1b: Kashidon\n|-damage|p1b: Kashidon|19/100\n|-unboost|p1b: Kashidon|spa|1\n|-ability|p1b: Kashidon|Stamina|boost\n|-boost|p1b: Kashidon|def|1\n|move|p2b: Milotic|Scald|p1a: Cursed bird\n|-resisted|p1a: Cursed bird|1\n|-damage|p1a: Cursed bird|66/100\n|\n|-weather|RainDance|[upkeep]\n|-heal|p1b: Kashidon|25/100|[from] item: Leftovers\n|-start|p2a: Floette|perish0\n|-start|p2b: Milotic|perish0\n|upkeep\n|faint|p2a: Floette\n|faint|p2b: Milotic\n|\n|t:|1776296143\n|switch|p2a: Incineroar|Incineroar, L50, M|100/100\n|switch|p2b: Sneasler|Sneasler, L50, F|100/100\n|-ability|p2a: Incineroar|Intimidate|boost\n|-unboost|p1a: Cursed bird|atk|1\n|-unboost|p1b: Kashidon|atk|1\n|turn|5\n|\n|t:|1776296157\n|move|p2b: Sneasler|Fake Out|p1b: Kashidon\n|-resisted|p1b: Kashidon|1\n|-damage|p1b: Kashidon|21/100\n|-ability|p1b: Kashidon|Stamina|boost\n|-boost|p1b: Kashidon|def|1\n|move|p2a: Incineroar|Fake Out|p1a: Cursed bird\n|-damage|p1a: Cursed bird|52/100\n|cant|p1a: Cursed bird|flinch\n|cant|p1b: Kashidon|flinch\n|\n|-weather|RainDance|[upkeep]\n|-heal|p1b: Kashidon|28/100|[from] item: Leftovers\n|upkeep\n|turn|6\n|inactive|deathbydunsparce has 30 seconds left.\n|\n|t:|1776296183\n|move|p2b: Sneasler|Close Combat|p1b: Kashidon\n|-supereffective|p1b: Kashidon|1\n|-crit|p1b: Kashidon\n|-damage|p1b: Kashidon|0 fnt\n|-unboost|p2b: Sneasler|def|1\n|-unboost|p2b: Sneasler|spd|1\n|faint|p1b: Kashidon\n|-enditem|p2b: Sneasler|White Herb\n|-clearnegativeboost|p2b: Sneasler|[silent]\n|move|p1a: Cursed bird|Tailwind|p1a: Cursed bird\n|-sidestart|p1: Azreal29|move: Tailwind\n|move|p2a: Incineroar|Throat Chop|p1a: Cursed bird\n|-damage|p1a: Cursed bird|10/100\n|-start|p1a: Cursed bird|Throat Chop|[silent]\n|\n|-weather|RainDance|[upkeep]\n|upkeep\n|\n|t:|1776296195\n|switch|p1b: Inumaki|Gengar-Mega, L50, M, shiny|43/100\n|turn|7\n|\n|t:|1776296206\n|move|p2b: Sneasler|Protect|p2b: Sneasler\n|-singleturn|p2b: Sneasler|Protect\n|move|p1b: Inumaki|Protect|p1b: Inumaki\n|-singleturn|p1b: Inumaki|Protect\n|move|p1a: Cursed bird|Hurricane|p2b: Sneasler\n|-activate|p2b: Sneasler|move: Protect\n|move|p2a: Incineroar|Throat Chop|p1b: Inumaki\n|-activate|p1b: Inumaki|move: Protect\n|\n|-weather|RainDance|[upkeep]\n|-end|p1a: Cursed bird|Throat Chop|[silent]\n|upkeep\n|turn|8\n|\n|t:|1776296223\n|move|p2b: Sneasler|Protect||[still]\n|-fail|p2b: Sneasler\n|move|p1b: Inumaki|Perish Song|p1b: Inumaki\n|-start|p1a: Cursed bird|perish3|[silent]\n|-start|p1b: Inumaki|perish3|[silent]\n|-start|p2a: Incineroar|perish3|[silent]\n|-start|p2b: Sneasler|perish3|[silent]\n|-fieldactivate|move: Perish Song\n|move|p1a: Cursed bird|Hurricane|p2b: Sneasler\n|-supereffective|p2b: Sneasler|1\n|-damage|p2b: Sneasler|0 fnt\n|faint|p2b: Sneasler\n|move|p2a: Incineroar|Throat Chop|p1a: Cursed bird\n|-damage|p1a: Cursed bird|0 fnt\n|faint|p1a: Cursed bird\n|\n|-weather|none\n|-start|p1b: Inumaki|perish3\n|-start|p2a: Incineroar|perish3\n|upkeep\n|\n|t:|1776296231\n|switch|p1a: Cursed mouse|Maushold-Four, L50|100/100\n|turn|9\n|\n|t:|1776296239\n|move|p1b: Inumaki|Protect|p1b: Inumaki\n|-singleturn|p1b: Inumaki|Protect\n|move|p1a: Cursed mouse|Encore|p2a: Incineroar\n|-start|p2a: Incineroar|Encore\n|move|p2a: Incineroar|Throat Chop|p1a: Cursed mouse\n|-damage|p1a: Cursed mouse|57/100\n|-start|p1a: Cursed mouse|Throat Chop|[silent]\n|\n|-start|p1b: Inumaki|perish2\n|-start|p2a: Incineroar|perish2\n|-sideend|p1: Azreal29|move: Tailwind\n|upkeep\n|turn|10\n|-message|deathbydunsparce forfeited.\n|\n|win|Azreal29\n|raw|Azreal29's rating: 1169 &rarr; <strong>1198</strong><br />(+29 for winning)\n|raw|deathbydunsparce's rating: 1222 &rarr; <strong>1193</strong><br />(-29 for losing)\n|l|\u2606deathbydunsparce\n|player|p2|\n",
  "uploadtime": 1776296264,
  "views": 26,
  "formatid": "gen9championsvgc2026regma",
  "rating": 1193,
  "private": 0,
  "password": null
}