{
  "id": "gen9championsvgc2026regma-2585946175",
  "format": "[Gen 9 Champions] VGC 2026 Reg M-A",
  "players": [
    "Wartac",
    "Lol571"
  ],
  "log": "|j|\u2606Wartac\n|j|\u2606Lol571\n|t:|1776383949\n|gametype|doubles\n|player|p1|Wartac|gambler|1061\n|player|p2|Lol571|2|1027\n|gen|9\n|tier|[Gen 9 Champions] VGC 2026 Reg M-A\n|rated|\n|rule|Species Clause: Limit one of each Pok\u00e9mon\n|rule|Item Clause: Limit 1 of each item\n|clearpoke\n|poke|p1|Venusaur, L50, M|\n|poke|p1|Basculegion, L50, M|\n|poke|p1|Incineroar, L50, M|\n|poke|p1|Sneasler, L50, M|\n|poke|p1|Dragonite, L50, F|\n|poke|p1|Kingambit, L50, M|\n|poke|p2|Volcarona, L50, F|\n|poke|p2|Charizard, L50, F|\n|poke|p2|Farigiraf, L50, M|\n|poke|p2|Garchomp, L50, M|\n|poke|p2|Rotom-Wash, L50|\n|poke|p2|Meowscarada, L50, F|\n|teampreview|4\n|\n|t:|1776383979\n|teamsize|p1|4\n|teamsize|p2|4\n|start\n|switch|p1a: Incineroar|Incineroar, L50, M, shiny|100/100\n|switch|p1b: Dragonite|Dragonite, L50, F, shiny|100/100\n|switch|p2a: Charizard|Charizard, L50, F, shiny|100/100\n|switch|p2b: Farigiraf|Farigiraf, L50, M, shiny|100/100\n|-ability|p1a: Incineroar|Intimidate|boost\n|-unboost|p2a: Charizard|atk|1\n|-unboost|p2b: Farigiraf|atk|1\n|turn|1\n|\n|t:|1776383995\n|detailschange|p2a: Charizard|Charizard-Mega-Y, L50, F, shiny\n|-mega|p2a: Charizard|Charizard|Charizardite Y\n|-weather|SunnyDay|[from] ability: Drought|[of] p2a: Charizard\n|detailschange|p1b: Dragonite|Dragonite-Mega, L50, F, shiny\n|-mega|p1b: Dragonite|Dragonite|Dragoninite\n|move|p2b: Farigiraf|Helping Hand|p2a: Charizard\n|-singleturn|p2a: Charizard|Helping Hand|[of] p2b: Farigiraf\n|move|p2a: Charizard|Heat Wave|p1a: Incineroar|[spread] p1b\n|-miss|p2a: Charizard|p1a: Incineroar\n|-resisted|p1b: Dragonite|1\n|-damage|p1b: Dragonite|82/100\n|move|p1b: Dragonite|Thunderbolt|p2a: Charizard\n|-supereffective|p2a: Charizard|1\n|-damage|p2a: Charizard|31/100\n|move|p1a: Incineroar|Darkest Lariat|p2a: Charizard\n|-damage|p2a: Charizard|0 fnt\n|faint|p2a: Charizard\n|\n|-weather|SunnyDay|[upkeep]\n|upkeep\n|\n|t:|1776384008\n|switch|p2a: Garchomp|Garchomp, L50, M, shiny|100/100\n|turn|2\n|\n|t:|1776384017\n|move|p2b: Farigiraf|Helping Hand|p2a: Garchomp\n|-singleturn|p2a: Garchomp|Helping Hand|[of] p2b: Farigiraf\n|move|p1b: Dragonite|Protect|p1b: Dragonite\n|-singleturn|p1b: Dragonite|Protect\n|move|p2a: Garchomp|Rock Slide|p1a: Incineroar|[spread] p1a\n|-activate|p1b: Dragonite|move: Protect\n|-supereffective|p1a: Incineroar|1\n|-damage|p1a: Incineroar|53/100\n|move|p1a: Incineroar|Parting Shot|p2a: Garchomp\n|-unboost|p2a: Garchomp|atk|1\n|-unboost|p2a: Garchomp|spa|1\n|\n|t:|1776384035\n|switch|p1a: Kingambit|Kingambit, L50, M|100/100|[from] Parting Shot\n|\n|-weather|SunnyDay|[upkeep]\n|upkeep\n|turn|3\n|inactive|Battle timer is ON: inactive players will automatically lose when time's up. (requested by Wartac)\n|inactive|Lol571 has 60 seconds left.\n|\n|t:|1776384113\n|move|p2b: Farigiraf|Helping Hand|p2a: Garchomp\n|-singleturn|p2a: Garchomp|Helping Hand|[of] p2b: Farigiraf\n|move|p1a: Kingambit|Protect|p1a: Kingambit\n|-singleturn|p1a: Kingambit|Protect\n|move|p2a: Garchomp|Rock Slide|p1b: Dragonite|[spread] p1b\n|-activate|p1a: Kingambit|move: Protect\n|-supereffective|p1b: Dragonite|1\n|-damage|p1b: Dragonite|52/100\n|cant|p1b: Dragonite|flinch\n|\n|-weather|SunnyDay|[upkeep]\n|upkeep\n|turn|4\n|\n|t:|1776384130\n|move|p1b: Dragonite|Protect|p1b: Dragonite\n|-singleturn|p1b: Dragonite|Protect\n|move|p2b: Farigiraf|Protect|p2b: Farigiraf\n|-singleturn|p2b: Farigiraf|Protect\n|move|p2a: Garchomp|Rock Slide|p1b: Dragonite|[spread] p1a\n|-activate|p1b: Dragonite|move: Protect\n|-resisted|p1a: Kingambit|1\n|-damage|p1a: Kingambit|96/100\n|cant|p1a: Kingambit|flinch\n|\n|-weather|SunnyDay|[upkeep]\n|upkeep\n|turn|5\n|\n|t:|1776384146\n|switch|p2a: Rotom|Rotom-Wash, L50, shiny|100/100\n|move|p1b: Dragonite|Dragon Pulse|p2a: Rotom\n|-damage|p2a: Rotom|36/100\n|move|p1a: Kingambit|Kowtow Cleave|p2a: Rotom\n|-damage|p2a: Rotom|0 fnt\n|faint|p2a: Rotom\n|move|p2b: Farigiraf|Psychic|p1b: Dragonite\n|-damage|p1b: Dragonite|20/100\n|\n|-weather|none\n|upkeep\n|\n|t:|1776384155\n|switch|p2a: Garchomp|Garchomp, L50, M, shiny|100/100\n|turn|6\n|\n|t:|1776384168\n|move|p2b: Farigiraf|Helping Hand|p2a: Garchomp\n|-singleturn|p2a: Garchomp|Helping Hand|[of] p2b: Farigiraf\n|move|p1b: Dragonite|Protect|p1b: Dragonite\n|-singleturn|p1b: Dragonite|Protect\n|move|p1a: Kingambit|Protect|p1a: Kingambit\n|-singleturn|p1a: Kingambit|Protect\n|move|p2a: Garchomp|Earthquake|p1a: Kingambit|[spread] p2b\n|-activate|p1a: Kingambit|move: Protect\n|-activate|p1b: Dragonite|move: Protect\n|-damage|p2b: Farigiraf|37/100\n|-enditem|p2b: Farigiraf|Sitrus Berry|[eat]\n|-heal|p2b: Farigiraf|61/100|[from] item: Sitrus Berry\n|\n|upkeep\n|turn|7\n|inactive|Wartac has 30 seconds left.\n|\n|t:|1776384196\n|switch|p1a: Basculegion|Basculegion, L50, M|100/100\n|move|p2a: Garchomp|Earthquake|p1b: Dragonite|[spread] p2b,p1a\n|-immune|p1b: Dragonite\n|-crit|p1a: Basculegion\n|-damage|p2b: Farigiraf|23/100\n|-damage|p1a: Basculegion|25/100\n|move|p1b: Dragonite|Dragon Pulse|p2a: Garchomp\n|-supereffective|p2a: Garchomp|1\n|-damage|p2a: Garchomp|0 fnt\n|faint|p2a: Garchomp\n|move|p2b: Farigiraf|Psychic|p1b: Dragonite\n|-damage|p1b: Dragonite|0 fnt\n|faint|p1b: Dragonite\n|\n|upkeep\n|\n|t:|1776384209\n|switch|p1b: Incineroar|Incineroar, L50, M, shiny|53/100\n|-ability|p1b: Incineroar|Intimidate|boost\n|-unboost|p2b: Farigiraf|atk|1\n|turn|8\n|l|\u2606Lol571\n|inactive|Lol571 disconnected and has a minute to reconnect!\n|player|p2|\n|inactive|Lol571 has 30 seconds left.\n|inactive|Lol571 has 20 seconds left.\n|inactive|Lol571 has 15 seconds left.\n|inactive|Lol571 has 10 seconds left.\n|inactive|Lol571 has 5 seconds left.\n|-message|Lol571 lost due to inactivity.\n|\n|win|Wartac\n|raw|Wartac's rating: 1061 &rarr; <strong>1089</strong><br />(+28 for winning)\n|raw|Lol571's rating: 1027 &rarr; <strong>1014</strong><br />(-13 for losing)\n",
  "uploadtime": 1776384267,
  "views": 20,
  "formatid": "gen9championsvgc2026regma",
  "rating": 1014,
  "private": 0,
  "password": null
}