{
  "id": "gen9championsvgc2026regma-2580797834",
  "format": "[Gen 9 Champions] VGC 2026 Reg M-A",
  "players": [
    "vuclump",
    "Gaby Glytxii"
  ],
  "log": "|j|\u2606vuclump\n|j|\u2606Gaby Glytxii\n|t:|1775933309\n|gametype|doubles\n|player|p1|vuclump|preschooler|1036\n|player|p2|Gaby Glytxii|101|1000\n|gen|9\n|tier|[Gen 9 Champions] VGC 2026 Reg M-A\n|rated|\n|rule|Species Clause: Limit one of each Pok\u00e9mon\n|rule|Item Clause: Limit 1 of each item\n|clearpoke\n|poke|p1|Floette-Eternal, L50, F|\n|poke|p1|Whimsicott, L50, F|\n|poke|p1|Venusaur, L50, M|\n|poke|p1|Incineroar, L50, F|\n|poke|p1|Typhlosion-Hisui, L50, M|\n|poke|p1|Sneasler, L50, M|\n|poke|p2|Gardevoir, L50, F|\n|poke|p2|Hatterene, L50, F|\n|poke|p2|Primarina, L50, M|\n|poke|p2|Aurorus, L50, M|\n|poke|p2|Sinistcha-Masterpiece, L50|\n|poke|p2|Maushold, L50|\n|teampreview|4\n|\n|t:|1775933332\n|teamsize|p1|4\n|teamsize|p2|4\n|start\n|switch|p1a: Whimsicott|Whimsicott, L50, F|100/100\n|switch|p1b: Venusaur|Venusaur, L50, M|100/100\n|switch|p2a: Hatterene|Hatterene, L50, F|100/100\n|switch|p2b: Maushold|Maushold, L50|100/100\n|turn|1\n|\n|t:|1775933349\n|move|p2b: Maushold|Follow Me|p2b: Maushold\n|-singleturn|p2b: Maushold|move: Follow Me\n|move|p1a: Whimsicott|Moonblast|p2b: Maushold\n|-damage|p2b: Maushold|67/100\n|move|p1b: Venusaur|Sludge Bomb|p2b: Maushold\n|-damage|p2b: Maushold|19/100\n|move|p2a: Hatterene|Trick Room|p2a: Hatterene\n|-fieldstart|move: Trick Room|[of] p2a: Hatterene\n|\n|upkeep\n|turn|2\n|\n|t:|1775933362\n|move|p1a: Whimsicott|Protect|p1a: Whimsicott\n|-singleturn|p1a: Whimsicott|Protect\n|move|p2b: Maushold|Follow Me|p2b: Maushold\n|-singleturn|p2b: Maushold|move: Follow Me\n|move|p2a: Hatterene|Psychic|p1b: Venusaur\n|-supereffective|p1b: Venusaur|1\n|-damage|p1b: Venusaur|6/100\n|move|p1b: Venusaur|Sludge Bomb|p2b: Maushold\n|-damage|p2b: Maushold|0 fnt\n|faint|p2b: Maushold\n|\n|upkeep\n|\n|t:|1775933377\n|switch|p2b: Gardevoir|Gardevoir, L50, F|100/100\n|turn|3\n|\n|t:|1775933390\n|detailschange|p2b: Gardevoir|Gardevoir-Mega, L50, F\n|-mega|p2b: Gardevoir|Gardevoir|Gardevoirite\n|move|p2a: Hatterene|Round|p1b: Venusaur\n|-damage|p1b: Venusaur|0 fnt\n|faint|p1b: Venusaur\n|move|p2b: Gardevoir|Round|p1a: Whimsicott|[from] move: Round\n|-enditem|p1a: Whimsicott|Focus Sash\n|-damage|p1a: Whimsicott|1/100\n|move|p1a: Whimsicott|Moonblast|p2b: Gardevoir\n|-damage|p2b: Gardevoir|75/100\n|\n|upkeep\n|\n|t:|1775933399\n|switch|p1b: Floette|Floette-Eternal, L50, F|100/100\n|turn|4\n|\n|t:|1775933409\n|detailschange|p1b: Floette|Floette-Mega, L50, F\n|-mega|p1b: Floette|Floette|Floettite\n|-ability|p1b: Floette|Fairy Aura\n|move|p1a: Whimsicott|Protect|p1a: Whimsicott\n|-singleturn|p1a: Whimsicott|Protect\n|move|p2a: Hatterene|Round|p1b: Floette\n|-damage|p1b: Floette|85/100\n|move|p2b: Gardevoir|Round|p1b: Floette|[from] move: Round\n|-damage|p1b: Floette|0 fnt\n|faint|p1b: Floette\n|\n|upkeep\n|\n|t:|1775933419\n|switch|p1b: Typhlosion|Typhlosion-Hisui, L50, M|100/100\n|-item|p2a: Hatterene|Leftovers|[from] ability: Frisk|[of] p1b: Typhlosion\n|-item|p2b: Gardevoir|Gardevoirite|[from] ability: Frisk|[of] p1b: Typhlosion\n|turn|5\n|\n|t:|1775933509\n|move|p1a: Whimsicott|Sunny Day|p1a: Whimsicott\n|-weather|SunnyDay\n|move|p2a: Hatterene|Round|p1a: Whimsicott\n|-damage|p1a: Whimsicott|0 fnt\n|faint|p1a: Whimsicott\n|move|p2b: Gardevoir|Round|p1b: Typhlosion|[from] move: Round\n|-resisted|p1b: Typhlosion|1\n|-damage|p1b: Typhlosion|40/100\n|move|p1b: Typhlosion|Eruption|p2b: Gardevoir|[spread] p2a,p2b\n|-damage|p2a: Hatterene|76/100\n|-damage|p2b: Gardevoir|45/100\n|\n|-weather|SunnyDay|[upkeep]\n|-heal|p2a: Hatterene|82/100|[from] item: Leftovers\n|-fieldend|move: Trick Room\n|upkeep\n|turn|6\n|\n|t:|1775933531\n|move|p1b: Typhlosion|Eruption|p2b: Gardevoir|[spread] p2a,p2b\n|-damage|p2a: Hatterene|58/100\n|-damage|p2b: Gardevoir|16/100\n|move|p2b: Gardevoir|Psychic|p1b: Typhlosion\n|-damage|p1b: Typhlosion|0 fnt\n|faint|p1b: Typhlosion\n|\n|win|Gaby Glytxii\n|raw|vuclump's rating: 1036 &rarr; <strong>1019</strong><br />(-17 for losing)\n|raw|Gaby Glytxii's rating: 1000 &rarr; <strong>1044</strong><br />(+44 for winning)\n|l|\u2606vuclump\n|player|p1|\n",
  "uploadtime": 1775933542,
  "views": 19,
  "formatid": "gen9championsvgc2026regma",
  "rating": 1019,
  "private": 0,
  "password": null
}