{
  "id": "gen9championsvgc2026regma-2589540901",
  "format": "[Gen 9 Champions] VGC 2026 Reg M-A",
  "players": [
    "bambuverde",
    "Javiersalchicha"
  ],
  "log": "|j|\u2606bambuverde\n|j|\u2606Javiersalchicha\n|t:|1776732378\n|gametype|doubles\n|player|p1|bambuverde|266|1200\n|player|p2|Javiersalchicha|265|1204\n|gen|9\n|tier|[Gen 9 Champions] VGC 2026 Reg M-A\n|rated|\n|rule|Species Clause: Limit one of each Pok\u00e9mon\n|rule|Item Clause: Limit 1 of each item\n|clearpoke\n|poke|p1|Victreebel, L50, M|\n|poke|p1|Garchomp, L50, F|\n|poke|p1|Milotic, L50, M|\n|poke|p1|Ninetales-Alola, L50, F|\n|poke|p1|Sneasler, L50, F|\n|poke|p1|Incineroar, L50, M|\n|poke|p2|Azumarill, L50, F|\n|poke|p2|Incineroar, L50, F|\n|poke|p2|Maushold, L50|\n|poke|p2|Sinistcha, L50|\n|poke|p2|Kommo-o, L50, F|\n|poke|p2|Aegislash, L50, F|\n|teampreview|4\n|\n|t:|1776732428\n|teamsize|p1|4\n|teamsize|p2|4\n|start\n|switch|p1a: Ninetales|Ninetales-Alola, L50, F|100/100\n|switch|p1b: Sneasler|Sneasler, L50, F|100/100\n|switch|p2a: Kommo-o|Kommo-o, L50, F|100/100\n|switch|p2b: Incineroar|Incineroar, L50, F|100/100\n|-weather|Snowscape|[from] ability: Snow Warning|[of] p1a: Ninetales\n|-ability|p2b: Incineroar|Intimidate|boost\n|-unboost|p1a: Ninetales|atk|1\n|-unboost|p1b: Sneasler|atk|1\n|-enditem|p1b: Sneasler|White Herb\n|-clearnegativeboost|p1b: Sneasler|[silent]\n|turn|1\n|\n|t:|1776732448\n|move|p1a: Ninetales|Protect|p1a: Ninetales\n|-singleturn|p1a: Ninetales|Protect\n|move|p2a: Kommo-o|Protect|p2a: Kommo-o\n|-singleturn|p2a: Kommo-o|Protect\n|move|p1b: Sneasler|Fake Out|p2a: Kommo-o\n|-activate|p2a: Kommo-o|move: Protect\n|move|p2b: Incineroar|Fake Out|p1a: Ninetales\n|-activate|p1a: Ninetales|move: Protect\n|\n|-weather|Snowscape|[upkeep]\n|upkeep\n|turn|2\n|\n|t:|1776732464\n|move|p1b: Sneasler|Close Combat|p2b: Incineroar\n|-supereffective|p2b: Incineroar|1\n|-enditem|p2b: Incineroar|Chople Berry|[eat]\n|-enditem|p2b: Incineroar|Chople Berry|[weaken]\n|-damage|p2b: Incineroar|46/100\n|-unboost|p1b: Sneasler|def|1\n|-unboost|p1b: Sneasler|spd|1\n|move|p1a: Ninetales|Aurora Veil|p1a: Ninetales\n|-sidestart|p1: bambuverde|move: Aurora Veil\n|move|p2a: Kommo-o|Clangorous Soul|p2a: Kommo-o\n|-boost|p2a: Kommo-o|atk|1\n|-boost|p2a: Kommo-o|def|1\n|-boost|p2a: Kommo-o|spa|1\n|-boost|p2a: Kommo-o|spd|1\n|-boost|p2a: Kommo-o|spe|1\n|-damage|p2a: Kommo-o|68/100\n|move|p2b: Incineroar|Parting Shot|p1a: Ninetales\n|-unboost|p1a: Ninetales|atk|1\n|-unboost|p1a: Ninetales|spa|1\n|\n|t:|1776732471\n|switch|p2b: Sinistcha|Sinistcha, L50|100/100|[from] Parting Shot\n|-heal|p2a: Kommo-o|93/100|[from] ability: Hospitality|[of] p2b: Sinistcha\n|\n|-weather|Snowscape|[upkeep]\n|-heal|p2a: Kommo-o|99/100|[from] item: Leftovers\n|upkeep\n|turn|3\n|\n|t:|1776732493\n|move|p1b: Sneasler|Dire Claw|p2b: Sinistcha\n|-damage|p2b: Sinistcha|67/100\n|-status|p2b: Sinistcha|psn\n|move|p2a: Kommo-o|Clangorous Soul|p2a: Kommo-o\n|-boost|p2a: Kommo-o|atk|1\n|-boost|p2a: Kommo-o|def|1\n|-boost|p2a: Kommo-o|spa|1\n|-boost|p2a: Kommo-o|spd|1\n|-boost|p2a: Kommo-o|spe|1\n|-damage|p2a: Kommo-o|66/100\n|move|p1a: Ninetales|Blizzard|p2b: Sinistcha|[spread] p2a,p2b\n|-supereffective|p2a: Kommo-o|1\n|-supereffective|p2b: Sinistcha|1\n|-damage|p2a: Kommo-o|41/100\n|-damage|p2b: Sinistcha|23/100 psn\n|move|p2b: Sinistcha|Strength Sap|p1b: Sneasler\n|-unboost|p1b: Sneasler|atk|1\n|-heal|p2b: Sinistcha|100/100 psn\n|\n|-weather|Snowscape|[upkeep]\n|-heal|p2a: Kommo-o|47/100|[from] item: Leftovers\n|-damage|p2b: Sinistcha|88/100 psn|[from] psn\n|upkeep\n|turn|4\n|\n|t:|1776732527\n|switch|p2b: Incineroar|Incineroar, L50, F|46/100\n|-ability|p2b: Incineroar|Intimidate|boost\n|-unboost|p1a: Ninetales|atk|1\n|-unboost|p1b: Sneasler|atk|1\n|move|p1b: Sneasler|Dire Claw|p2a: Kommo-o\n|-damage|p2a: Kommo-o|36/100\n|move|p2a: Kommo-o|Clanging Scales|p1a: Ninetales|[spread] p1b\n|-immune|p1a: Ninetales\n|-damage|p1b: Sneasler|0 fnt\n|faint|p1b: Sneasler\n|-unboost|p2a: Kommo-o|def|1\n|move|p1a: Ninetales|Blizzard|p2a: Kommo-o|[spread] p2a,p2b\n|-supereffective|p2a: Kommo-o|1\n|-resisted|p2b: Incineroar|1\n|-damage|p2a: Kommo-o|8/100\n|-damage|p2b: Incineroar|37/100\n|\n|-weather|Snowscape|[upkeep]\n|-heal|p2a: Kommo-o|14/100|[from] item: Leftovers\n|upkeep\n|\n|t:|1776732544\n|switch|p1b: Victreebel|Victreebel, L50, M|100/100\n|turn|5\n|\n|t:|1776732565\n|detailschange|p1b: Victreebel|Victreebel-Mega, L50, M\n|-mega|p1b: Victreebel|Victreebel|Victreebelite\n|move|p2b: Incineroar|Fake Out|p1a: Ninetales\n|-damage|p1a: Ninetales|93/100\n|move|p2a: Kommo-o|Clanging Scales|p1a: Ninetales|[spread] p1b\n|-immune|p1a: Ninetales\n|-damage|p1b: Victreebel|52/100\n|-unboost|p2a: Kommo-o|def|1\n|cant|p1a: Ninetales|flinch\n|move|p1b: Victreebel|Giga Drain|p2a: Kommo-o\n|-resisted|p2a: Kommo-o|1\n|-damage|p2a: Kommo-o|0 fnt\n|-heal|p1b: Victreebel|58/100|[from] drain|[of] p2a: Kommo-o\n|faint|p2a: Kommo-o\n|\n|-weather|none\n|upkeep\n|\n|t:|1776732582\n|switch|p2a: Aegislash|Aegislash, L50, F|100/100\n|turn|6\n|\n|t:|1776732590\n|switch|p1a: Milotic|Milotic, L50, M|100/100\n|move|p1b: Victreebel|Strength Sap|p2b: Incineroar\n|-unboost|p2b: Incineroar|atk|1\n|-heal|p1b: Victreebel|100/100\n|move|p2b: Incineroar|Parting Shot|p1a: Milotic\n|-unboost|p1a: Milotic|atk|1\n|-ability|p1a: Milotic|Competitive|boost\n|-boost|p1a: Milotic|spa|2\n|-unboost|p1a: Milotic|spa|1\n|-ability|p1a: Milotic|Competitive|boost\n|-boost|p1a: Milotic|spa|2\n|\n|t:|1776732599\n|switch|p2b: Sinistcha|Sinistcha, L50|88/100 psn|[from] Parting Shot\n|-formechange|p2a: Aegislash|Aegislash-Blade|\n|move|p2a: Aegislash|Poltergeist|p1b: Victreebel\n|-activate|p1b: Victreebel|move: Poltergeist|Victreebelite\n|-damage|p1b: Victreebel|41/100\n|\n|-damage|p2b: Sinistcha|76/100 psn|[from] psn\n|-sideend|p1: bambuverde|move: Aurora Veil\n|upkeep\n|turn|7\n|\n|t:|1776732620\n|-formechange|p2a: Aegislash|Aegislash|\n|move|p2a: Aegislash|King's Shield|p2a: Aegislash\n|-singleturn|p2a: Aegislash|Protect\n|move|p1a: Milotic|Icy Wind|p2b: Sinistcha|[spread] p2b\n|-activate|p2a: Aegislash|move: Protect\n|-supereffective|p2b: Sinistcha|1\n|-damage|p2b: Sinistcha|22/100 psn\n|-unboost|p2b: Sinistcha|spe|1\n|move|p1b: Victreebel|Acid Spray|p2b: Sinistcha\n|-damage|p2b: Sinistcha|0 fnt\n|faint|p2b: Sinistcha\n|\n|upkeep\n|\n|t:|1776732633\n|switch|p2b: Incineroar|Incineroar, L50, F|37/100\n|-ability|p2b: Incineroar|Intimidate|boost\n|-unboost|p1a: Milotic|atk|1\n|-ability|p1a: Milotic|Competitive|boost\n|-boost|p1a: Milotic|spa|2\n|-unboost|p1b: Victreebel|atk|1\n|turn|8\n|\n|t:|1776732650\n|move|p2b: Incineroar|Fake Out|p1a: Milotic\n|-damage|p1a: Milotic|89/100\n|cant|p1a: Milotic|flinch\n|move|p1b: Victreebel|Strength Sap|p2a: Aegislash\n|-unboost|p2a: Aegislash|atk|1\n|-heal|p1b: Victreebel|100/100\n|-formechange|p2a: Aegislash|Aegislash-Blade|\n|move|p2a: Aegislash|Poltergeist|p1a: Milotic|[miss]\n|-miss|p2a: Aegislash|p1a: Milotic\n|\n|-heal|p1a: Milotic|95/100|[from] item: Leftovers\n|upkeep\n|turn|9\n|\n|t:|1776732667\n|move|p2b: Incineroar|Protect|p2b: Incineroar\n|-singleturn|p2b: Incineroar|Protect\n|move|p1a: Milotic|Scald|p2b: Incineroar\n|-activate|p2b: Incineroar|move: Protect\n|move|p1b: Victreebel|Acid Spray|p2b: Incineroar\n|-activate|p2b: Incineroar|move: Protect\n|move|p2a: Aegislash|Poltergeist|p1a: Milotic\n|-activate|p1a: Milotic|move: Poltergeist|Leftovers\n|-crit|p1a: Milotic\n|-damage|p1a: Milotic|0 fnt\n|faint|p1a: Milotic\n|\n|upkeep\n|\n|t:|1776732678\n|switch|p1a: Ninetales|Ninetales-Alola, L50, F|93/100\n|-weather|Snowscape|[from] ability: Snow Warning|[of] p1a: Ninetales\n|turn|10\n|\n|t:|1776732685\n|-formechange|p2a: Aegislash|Aegislash|\n|move|p2a: Aegislash|King's Shield|p2a: Aegislash\n|-singleturn|p2a: Aegislash|Protect\n|move|p1a: Ninetales|Aurora Veil|p1a: Ninetales\n|-sidestart|p1: bambuverde|move: Aurora Veil\n|move|p1b: Victreebel|Acid Spray|p2b: Incineroar\n|-damage|p2b: Incineroar|14/100\n|-unboost|p2b: Incineroar|spd|2\n|move|p2b: Incineroar|Parting Shot|p1a: Ninetales\n|-unboost|p1a: Ninetales|atk|1\n|-unboost|p1a: Ninetales|spa|1\n|\n|-weather|Snowscape|[upkeep]\n|upkeep\n|turn|11\n|\n|t:|1776732703\n|move|p1a: Ninetales|Blizzard|p2a: Aegislash|[spread] p2a,p2b\n|-resisted|p2a: Aegislash|1\n|-resisted|p2b: Incineroar|1\n|-damage|p2a: Aegislash|92/100\n|-damage|p2b: Incineroar|0 fnt\n|faint|p2b: Incineroar\n|move|p1b: Victreebel|Acid Spray|p2a: Aegislash\n|-immune|p2a: Aegislash\n|-formechange|p2a: Aegislash|Aegislash-Blade|\n|move|p2a: Aegislash|Iron Head|p1a: Ninetales\n|-supereffective|p1a: Ninetales|2\n|-crit|p1a: Ninetales\n|-damage|p1a: Ninetales|0 fnt\n|faint|p1a: Ninetales\n|\n|-weather|Snowscape|[upkeep]\n|upkeep\n|turn|12\n|\n|t:|1776732720\n|move|p1b: Victreebel|Protect|p1b: Victreebel\n|-singleturn|p1b: Victreebel|Protect\n|-formechange|p2a: Aegislash|Aegislash|\n|move|p2a: Aegislash|King's Shield||[still]\n|-fail|p2a: Aegislash\n|\n|-weather|Snowscape|[upkeep]\n|upkeep\n|turn|13\n|\n|t:|1776732726\n|move|p1b: Victreebel|Strength Sap|p2a: Aegislash\n|-unboost|p2a: Aegislash|atk|1\n|-formechange|p2a: Aegislash|Aegislash-Blade|\n|move|p2a: Aegislash|Poltergeist|p1b: Victreebel\n|-activate|p1b: Victreebel|move: Poltergeist|Victreebelite\n|-damage|p1b: Victreebel|72/100\n|\n|-weather|Snowscape|[upkeep]\n|upkeep\n|turn|14\n|\n|t:|1776732736\n|-formechange|p2a: Aegislash|Aegislash|\n|move|p2a: Aegislash|King's Shield|p2a: Aegislash\n|-singleturn|p2a: Aegislash|Protect\n|move|p1b: Victreebel|Giga Drain|p2a: Aegislash\n|-activate|p2a: Aegislash|move: Protect\n|\n|-weather|none\n|-sideend|p1: bambuverde|move: Aurora Veil\n|upkeep\n|turn|15\n|\n|t:|1776732746\n|move|p1b: Victreebel|Strength Sap|p2a: Aegislash\n|-unboost|p2a: Aegislash|atk|1\n|-heal|p1b: Victreebel|100/100\n|-formechange|p2a: Aegislash|Aegislash-Blade|\n|move|p2a: Aegislash|Poltergeist|p1b: Victreebel|[miss]\n|-miss|p2a: Aegislash|p1b: Victreebel\n|\n|upkeep\n|turn|16\n|\n|t:|1776732754\n|move|p1b: Victreebel|Protect|p1b: Victreebel\n|-singleturn|p1b: Victreebel|Protect\n|-formechange|p2a: Aegislash|Aegislash|\n|move|p2a: Aegislash|King's Shield||[still]\n|-fail|p2a: Aegislash\n|\n|upkeep\n|turn|17\n|\n|t:|1776732764\n|move|p1b: Victreebel|Giga Drain|p2a: Aegislash\n|-resisted|p2a: Aegislash|1\n|-damage|p2a: Aegislash|74/100\n|-formechange|p2a: Aegislash|Aegislash-Blade|\n|move|p2a: Aegislash|Poltergeist|p1b: Victreebel\n|-activate|p1b: Victreebel|move: Poltergeist|Victreebelite\n|-damage|p1b: Victreebel|63/100\n|\n|upkeep\n|turn|18\n|\n|t:|1776732773\n|-formechange|p2a: Aegislash|Aegislash|\n|move|p2a: Aegislash|King's Shield|p2a: Aegislash\n|-singleturn|p2a: Aegislash|Protect\n|move|p1b: Victreebel|Strength Sap|p2a: Aegislash\n|-unboost|p2a: Aegislash|atk|1\n|-heal|p1b: Victreebel|87/100\n|\n|upkeep\n|turn|19\n|\n|t:|1776732782\n|move|p1b: Victreebel|Giga Drain|p2a: Aegislash\n|-resisted|p2a: Aegislash|1\n|-damage|p2a: Aegislash|55/100\n|-heal|p1b: Victreebel|95/100|[from] drain|[of] p2a: Aegislash\n|-formechange|p2a: Aegislash|Aegislash-Blade|\n|move|p2a: Aegislash|Poltergeist|p1b: Victreebel\n|-activate|p1b: Victreebel|move: Poltergeist|Victreebelite\n|-damage|p1b: Victreebel|66/100\n|\n|upkeep\n|turn|20\n|\n|t:|1776732794\n|-formechange|p2a: Aegislash|Aegislash|\n|move|p2a: Aegislash|King's Shield|p2a: Aegislash\n|-singleturn|p2a: Aegislash|Protect\n|move|p1b: Victreebel|Strength Sap|p2a: Aegislash\n|-unboost|p2a: Aegislash|atk|1\n|-heal|p1b: Victreebel|86/100\n|\n|upkeep\n|turn|21\n|\n|t:|1776732799\n|move|p1b: Victreebel|Giga Drain|p2a: Aegislash\n|-resisted|p2a: Aegislash|1\n|-damage|p2a: Aegislash|39/100\n|-heal|p1b: Victreebel|93/100|[from] drain|[of] p2a: Aegislash\n|-formechange|p2a: Aegislash|Aegislash-Blade|\n|move|p2a: Aegislash|Poltergeist|p1b: Victreebel\n|-activate|p1b: Victreebel|move: Poltergeist|Victreebelite\n|-damage|p1b: Victreebel|70/100\n|\n|upkeep\n|turn|22\n|\n|t:|1776732806\n|move|p1b: Victreebel|Strength Sap|p2a: Aegislash\n|-unboost|p2a: Aegislash|atk|1\n|-heal|p1b: Victreebel|100/100\n|move|p2a: Aegislash|Iron Head|p1b: Victreebel\n|-damage|p1b: Victreebel|88/100\n|\n|upkeep\n|turn|23\n|\n|t:|1776732813\n|move|p1b: Victreebel|Giga Drain|p2a: Aegislash\n|-resisted|p2a: Aegislash|1\n|-damage|p2a: Aegislash|0 fnt\n|-heal|p1b: Victreebel|100/100|[from] drain|[of] p2a: Aegislash\n|faint|p2a: Aegislash\n|\n|win|bambuverde\n|raw|bambuverde's rating: 1200 &rarr; <strong>1225</strong><br />(+25 for winning)\n|raw|Javiersalchicha's rating: 1204 &rarr; <strong>1179</strong><br />(-25 for losing)\n",
  "uploadtime": 1776732818,
  "views": 11,
  "formatid": "gen9championsvgc2026regma",
  "rating": 1179,
  "private": 0,
  "password": null
}