{
  "id": "gen9championsvgc2026regma-2588227047",
  "format": "[Gen 9 Champions] VGC 2026 Reg M-A",
  "players": [
    "SDLT 2KRL March",
    "sdlt 2krl coolguy"
  ],
  "log": "|raw|<div class=\"broadcast-blue\"><strong>This battle is required to be public due to a player having a name starting with 'sdlt'.</div>\n|j|\u2606SDLT 2KRL March\n|j|\u2606sdlt 2krl coolguy\n|t:|1776616114\n|gametype|doubles\n|player|p1|SDLT 2KRL March|valerie|1240\n|player|p2|sdlt 2krl coolguy|leon-masters2|1322\n|gen|9\n|tier|[Gen 9 Champions] VGC 2026 Reg M-A\n|rated|\n|rule|Species Clause: Limit one of each Pok\u00e9mon\n|rule|Item Clause: Limit 1 of each item\n|clearpoke\n|poke|p1|Kangaskhan, L50, F, shiny|\n|poke|p1|Farigiraf, L50, F, shiny|\n|poke|p1|Talonflame, L50, F, shiny|\n|poke|p1|Floette-Eternal, L50, F|\n|poke|p1|Sneasler, L50, F, shiny|\n|poke|p1|Basculegion, L50, M|\n|poke|p2|Floette-Eternal, L50, F|\n|poke|p2|Incineroar, L50, M|\n|poke|p2|Sinistcha, L50|\n|poke|p2|Garchomp, L50, M|\n|poke|p2|Sneasler, L50, M|\n|poke|p2|Kingambit, L50, F|\n|teampreview|4\n|inactive|Battle timer is ON: inactive players will automatically lose when time's up. (requested by sdlt 2krl coolguy)\n|inactive|SDLT 2KRL March also wants the timer to be on.\n|c|\u2606SDLT 2KRL March|LMAO\n|c|\u2606sdlt 2krl coolguy|lol\n|c|\u2606sdlt 2krl coolguy|dont steal my elo pls\n|c|\u2606sdlt 2krl coolguy|glhf\n|c|\u2606SDLT 2KRL March|your gonna be mugged\n|inactive|sdlt 2krl coolguy has 60 seconds left.\n|\n|t:|1776616155\n|teamsize|p1|4\n|teamsize|p2|4\n|start\n|switch|p1a: Athena|Talonflame, L50, F, shiny|100/100\n|switch|p1b: Floette|Floette-Eternal, L50, F|100/100\n|switch|p2a: Garchomp|Garchomp, L50, M|100/100\n|switch|p2b: Sneasler|Sneasler, L50, M|100/100\n|turn|1\n|\n|t:|1776616166\n|move|p1a: Athena|Protect|p1a: Athena\n|-singleturn|p1a: Athena|Protect\n|move|p1b: Floette|Protect|p1b: Floette\n|-singleturn|p1b: Floette|Protect\n|move|p2b: Sneasler|Fake Out|p1b: Floette\n|-activate|p1b: Floette|move: Protect\n|move|p2a: Garchomp|Rock Slide|p1a: Athena|[spread] \n|-activate|p1a: Athena|move: Protect\n|-activate|p1b: Floette|move: Protect\n|\n|upkeep\n|turn|2\n|inactive|SDLT 2KRL March has 30 seconds left.\n|inactive|sdlt 2krl coolguy has 30 seconds left.\n|\n|t:|1776616195\n|switch|p2b: Kingambit|Kingambit, L50, F|100/100\n|detailschange|p1b: Floette|Floette-Mega, L50, F\n|-mega|p1b: Floette|Floette|Floettite\n|-ability|p1b: Floette|Fairy Aura\n|move|p1a: Athena|Tailwind|p1a: Athena\n|-sidestart|p1: SDLT 2KRL March|move: Tailwind\n|move|p1b: Floette|Dazzling Gleam|p2b: Kingambit|[spread] p2a,p2b\n|-supereffective|p2a: Garchomp|1\n|-damage|p2a: Garchomp|0 fnt\n|-damage|p2b: Kingambit|54/100\n|faint|p2a: Garchomp\n|\n|upkeep\n|\n|t:|1776616211\n|switch|p2a: Floette|Floette-Eternal, L50, F|100/100\n|turn|3\n|\n|t:|1776616222\n|detailschange|p2a: Floette|Floette-Mega, L50, F\n|-mega|p2a: Floette|Floette|Floettite\n|-ability|p2a: Floette|Fairy Aura\n|move|p1a: Athena|Brave Bird|p2a: Floette\n|-damage|p2a: Floette|42/100\n|-damage|p1a: Athena|78/100|[from] Recoil\n|move|p2b: Kingambit|Sucker Punch|p1b: Floette\n|-resisted|p1b: Floette|1\n|-damage|p1b: Floette|71/100\n|move|p1b: Floette|Moonblast|p2b: Kingambit\n|-damage|p2b: Kingambit|0 fnt\n|faint|p2b: Kingambit\n|move|p2a: Floette|Moonblast|p1b: Floette\n|-damage|p1b: Floette|11/100\n|\n|upkeep\n|\n|t:|1776616229\n|switch|p2b: Sneasler|Sneasler, L50, M|100/100\n|turn|4\n|\n|t:|1776616240\n|move|p1b: Floette|Protect|p1b: Floette\n|-singleturn|p1b: Floette|Protect\n|move|p1a: Athena|Brave Bird|p2b: Sneasler\n|-supereffective|p2b: Sneasler|1\n|-damage|p2b: Sneasler|0 fnt\n|faint|p2b: Sneasler\n|-damage|p1a: Athena|45/100|[from] Recoil\n|move|p2a: Floette|Calm Mind|p2a: Floette\n|-boost|p2a: Floette|spa|1\n|-boost|p2a: Floette|spd|1\n|\n|upkeep\n|turn|5\n|\n|t:|1776616258\n|move|p2a: Floette|Protect|p2a: Floette\n|-singleturn|p2a: Floette|Protect\n|move|p1a: Athena|Brave Bird|p2a: Floette\n|-activate|p2a: Floette|move: Protect\n|move|p1b: Floette|Dazzling Gleam|p2a: Floette\n|-activate|p2a: Floette|move: Protect\n|\n|-sideend|p1: SDLT 2KRL March|move: Tailwind\n|upkeep\n|turn|6\n|\n|t:|1776616261\n|move|p1a: Athena|Tailwind|p1a: Athena\n|-sidestart|p1: SDLT 2KRL March|move: Tailwind\n|move|p1b: Floette|Light of Ruin|p2a: Floette\n|-damage|p2a: Floette|0 fnt\n|faint|p2a: Floette\n|-damage|p1b: Floette|0 fnt|[from] Recoil\n|faint|p1b: Floette\n|\n|win|SDLT 2KRL March\n|raw|SDLT 2KRL March's rating: 1240 &rarr; <strong>1271</strong><br />(+31 for winning)\n|raw|sdlt 2krl coolguy's rating: 1322 &rarr; <strong>1297</strong><br />(-25 for losing)\n",
  "uploadtime": 1776616262,
  "views": 10,
  "formatid": "gen9championsvgc2026regma",
  "rating": 1271,
  "private": 0,
  "password": null
}