{
  "id": "gen9championsvgc2026regma-2586655252",
  "format": "[Gen 9 Champions] VGC 2026 Reg M-A",
  "players": [
    "danielhart",
    "lobotomiagames"
  ],
  "log": "|j|\u2606danielhart\n|j|\u2606lobotomiagames\n|t:|1776449771\n|gametype|doubles\n|player|p1|danielhart|policeman-gen4|1133\n|player|p2|lobotomiagames|harlequin|1234\n|gen|9\n|tier|[Gen 9 Champions] VGC 2026 Reg M-A\n|rated|\n|rule|Species Clause: Limit one of each Pok\u00e9mon\n|rule|Item Clause: Limit 1 of each item\n|clearpoke\n|poke|p1|Zoroark-Hisui, L50, F|\n|poke|p1|Kommo-o, L50, F|\n|poke|p1|Sneasler, L50, F|\n|poke|p1|Skarmory, L50, M|\n|poke|p1|Whimsicott, L50, F|\n|poke|p1|Milotic, L50, F|\n|poke|p2|Primarina, L50, M|\n|poke|p2|Drampa, L50, M|\n|poke|p2|Golurk, L50|\n|poke|p2|Oranguru, L50, F|\n|poke|p2|Incineroar, L50, F|\n|poke|p2|Sinistcha, L50|\n|teampreview|4\n|inactive|Battle timer is ON: inactive players will automatically lose when time's up. (requested by lobotomiagames)\n|inactive|danielhart has 60 seconds left.\n|inactive|lobotomiagames has 60 seconds left.\n|\n|t:|1776449811\n|teamsize|p1|4\n|teamsize|p2|4\n|start\n|switch|p1a: Sneasler|Sneasler, L50, F|100/100\n|switch|p1b: Skarmory|Skarmory, L50, M|100/100\n|switch|p2a: Primarina|Primarina, L50, M|100/100\n|switch|p2b: Oranguru|Oranguru, L50, F|100/100\n|turn|1\n|\n|t:|1776449831\n|detailschange|p1b: Skarmory|Skarmory-Mega, L50, M\n|-mega|p1b: Skarmory|Skarmory|Skarmorite\n|move|p2a: Primarina|Protect|p2a: Primarina\n|-singleturn|p2a: Primarina|Protect\n|move|p1a: Sneasler|Knock Off|p2b: Oranguru\n|-supereffective|p2b: Oranguru|1\n|-damage|p2b: Oranguru|64/100\n|-enditem|p2b: Oranguru|Sitrus Berry|[from] move: Knock Off|[of] p1a: Sneasler\n|move|p1b: Skarmory|Iron Head|p2a: Primarina\n|-activate|p2a: Primarina|move: Protect\n|move|p2b: Oranguru|Trick Room|p2b: Oranguru\n|-fieldstart|move: Trick Room|[of] p2b: Oranguru\n|\n|upkeep\n|turn|2\n|inactive|danielhart has 30 seconds left.\n|\n|t:|1776449858\n|move|p2a: Primarina|Hyper Voice|p1a: Sneasler|[spread] p1a,p1b\n|-damage|p1a: Sneasler|27/100\n|-damage|p1b: Skarmory|52/100\n|replace|p1a: Zoroark|Zoroark-Hisui, L50, F\n|-end|p1a: Zoroark|Illusion\n|move|p2b: Oranguru|Instruct|p2a: Primarina\n|-singleturn|p2a: Primarina|move: Instruct|[of] p2b: Oranguru\n|move|p2a: Primarina|Hyper Voice|p1b: Skarmory|[spread] p1a,p1b\n|-damage|p1a: Zoroark|0 fnt\n|-damage|p1b: Skarmory|7/100\n|faint|p1a: Zoroark\n|move|p1b: Skarmory|Iron Head|p2b: Oranguru\n|-damage|p2b: Oranguru|25/100\n|\n|upkeep\n|\n|t:|1776449870\n|switch|p1a: Sneasler|Sneasler, L50, F|100/100\n|turn|3\n|\n|t:|1776449882\n|move|p2a: Primarina|Protect|p2a: Primarina\n|-singleturn|p2a: Primarina|Protect\n|move|p2b: Oranguru|Protect|p2b: Oranguru\n|-singleturn|p2b: Oranguru|Protect\n|move|p1a: Sneasler|Fake Out|p2a: Primarina\n|-activate|p2a: Primarina|move: Protect\n|move|p1b: Skarmory|Iron Head|p2b: Oranguru\n|-activate|p2b: Oranguru|move: Protect\n|\n|upkeep\n|turn|4\n|\n|t:|1776449890\n|move|p1b: Skarmory|Protect|p1b: Skarmory\n|-singleturn|p1b: Skarmory|Protect\n|move|p1a: Sneasler|Protect|p1a: Sneasler\n|-singleturn|p1a: Sneasler|Protect\n|move|p2a: Primarina|Hyper Voice|p1a: Sneasler|[spread] \n|-activate|p1a: Sneasler|move: Protect\n|-activate|p1b: Skarmory|move: Protect\n|move|p2b: Oranguru|Instruct|p2a: Primarina\n|-singleturn|p2a: Primarina|move: Instruct|[of] p2b: Oranguru\n|move|p2a: Primarina|Hyper Voice|p1b: Skarmory|[spread] \n|-activate|p1a: Sneasler|move: Protect\n|-activate|p1b: Skarmory|move: Protect\n|\n|upkeep\n|turn|5\n|\n|t:|1776449903\n|switch|p1a: Milotic|Milotic, L50, F|100/100\n|move|p1b: Skarmory|Protect|p1b: Skarmory\n|-singleturn|p1b: Skarmory|Protect\n|move|p2a: Primarina|Hyper Voice|p1a: Milotic|[spread] p1a\n|-activate|p1b: Skarmory|move: Protect\n|-resisted|p1a: Milotic|1\n|-damage|p1a: Milotic|88/100\n|move|p2b: Oranguru|Instruct|p2a: Primarina\n|-singleturn|p2a: Primarina|move: Instruct|[of] p2b: Oranguru\n|move|p2a: Primarina|Hyper Voice|p1a: Milotic|[spread] p1a\n|-activate|p1b: Skarmory|move: Protect\n|-resisted|p1a: Milotic|1\n|-damage|p1a: Milotic|76/100\n|\n|-heal|p1a: Milotic|82/100|[from] item: Leftovers\n|-fieldend|move: Trick Room\n|upkeep\n|turn|6\n|\n|t:|1776449921\n|switch|p2b: Incineroar|Incineroar, L50, F, shiny|100/100\n|-ability|p2b: Incineroar|Intimidate|boost\n|-unboost|p1a: Milotic|atk|1\n|-ability|p1a: Milotic|Competitive|boost\n|-boost|p1a: Milotic|spa|2\n|-unboost|p1b: Skarmory|atk|1\n|move|p1b: Skarmory|Iron Head|p2b: Incineroar\n|-resisted|p2b: Incineroar|1\n|-damage|p2b: Incineroar|86/100\n|move|p1a: Milotic|Ice Beam|p2b: Incineroar\n|-resisted|p2b: Incineroar|1\n|-damage|p2b: Incineroar|66/100\n|move|p2a: Primarina|Hyper Voice|p1a: Milotic|[spread] p1a,p1b\n|-resisted|p1a: Milotic|1\n|-damage|p1a: Milotic|70/100\n|-damage|p1b: Skarmory|0 fnt\n|faint|p1b: Skarmory\n|\n|-heal|p1a: Milotic|76/100|[from] item: Leftovers\n|upkeep\n|\n|t:|1776449931\n|switch|p1b: Sneasler|Sneasler, L50, F|100/100\n|turn|7\n|\n|t:|1776449944\n|move|p1b: Sneasler|Protect|p1b: Sneasler\n|-singleturn|p1b: Sneasler|Protect\n|move|p2b: Incineroar|Fake Out|p1b: Sneasler\n|-activate|p1b: Sneasler|move: Protect\n|move|p1a: Milotic|Surf|p2b: Incineroar|[spread] p2a,p2b\n|-activate|p1b: Sneasler|move: Protect\n|-resisted|p2a: Primarina|1\n|-supereffective|p2b: Incineroar|1\n|-damage|p2a: Primarina|80/100\n|-damage|p2b: Incineroar|0 fnt\n|faint|p2b: Incineroar\n|move|p2a: Primarina|Hyper Voice|p1a: Milotic|[spread] p1a\n|-activate|p1b: Sneasler|move: Protect\n|-resisted|p1a: Milotic|1\n|-damage|p1a: Milotic|64/100\n|\n|-heal|p1a: Milotic|70/100|[from] item: Leftovers\n|upkeep\n|\n|t:|1776449952\n|switch|p2b: Oranguru|Oranguru, L50, F|25/100\n|turn|8\n|\n|t:|1776449961\n|move|p2b: Oranguru|Protect|p2b: Oranguru\n|-singleturn|p2b: Oranguru|Protect\n|move|p1b: Sneasler|Dire Claw|p2a: Primarina\n|-supereffective|p2a: Primarina|1\n|-damage|p2a: Primarina|0 fnt\n|faint|p2a: Primarina\n|move|p1a: Milotic|Surf|p2b: Oranguru|[spread] p1b\n|-activate|p2b: Oranguru|move: Protect\n|-damage|p1b: Sneasler|26/100\n|\n|-heal|p1a: Milotic|76/100|[from] item: Leftovers\n|upkeep\n|\n|t:|1776449966\n|switch|p2a: Golurk|Golurk, L50|100/100\n|turn|9\n|\n|t:|1776449985\n|detailschange|p2a: Golurk|Golurk-Mega, L50\n|-mega|p2a: Golurk|Golurk|Golurkite\n|move|p1b: Sneasler|Dire Claw|p2a: Golurk\n|-resisted|p2a: Golurk|2\n|-damage|p2a: Golurk|91/100\n|move|p1a: Milotic|Surf|p2a: Golurk|[spread] p1b,p2a,p2b\n|-supereffective|p2a: Golurk|1\n|-damage|p1b: Sneasler|0 fnt\n|-damage|p2a: Golurk|3/100\n|-damage|p2b: Oranguru|0 fnt\n|faint|p1b: Sneasler\n|faint|p2b: Oranguru\n|move|p2a: Golurk|Poltergeist|p1a: Milotic\n|-activate|p1a: Milotic|move: Poltergeist|Leftovers\n|-damage|p1a: Milotic|0 fnt\n|faint|p1a: Milotic\n|\n|win|lobotomiagames\n|raw|danielhart's rating: 1133 &rarr; <strong>1115</strong><br />(-18 for losing)\n|raw|lobotomiagames's rating: 1234 &rarr; <strong>1252</strong><br />(+18 for winning)\n",
  "uploadtime": 1776450003,
  "views": 36,
  "formatid": "gen9championsvgc2026regma",
  "rating": 1115,
  "private": 0,
  "password": null
}