{
  "id": "gen9championsvgc2026regma-2582750041",
  "format": "[Gen 9 Champions] VGC 2026 Reg M-A",
  "players": [
    "dr cheesiums",
    "torrmentor20"
  ],
  "log": "|j|\u2606dr cheesiums\n|j|\u2606torrmentor20\n|t:|1776111493\n|gametype|doubles\n|player|p1|dr cheesiums|2|1186\n|player|p2|torrmentor20|volo|1124\n|gen|9\n|tier|[Gen 9 Champions] VGC 2026 Reg M-A\n|rated|\n|rule|Species Clause: Limit one of each Pok\u00e9mon\n|rule|Item Clause: Limit 1 of each item\n|clearpoke\n|poke|p1|Crabominable, L50, M|\n|poke|p1|Abomasnow, L50, M|\n|poke|p1|Incineroar, L50, M|\n|poke|p1|Farigiraf, L50, M|\n|poke|p1|Venusaur, L50, M|\n|poke|p1|Torkoal, L50, F|\n|poke|p2|Delphox, L50, M|\n|poke|p2|Raichu, L50, M|\n|poke|p2|Kingambit, L50, F|\n|poke|p2|Ampharos, L50, F|\n|poke|p2|Sneasler, L50, M|\n|poke|p2|Gengar, L50, F|\n|teampreview|4\n|inactive|Battle timer is ON: inactive players will automatically lose when time's up. (requested by dr cheesiums)\n|\n|t:|1776111523\n|teamsize|p1|4\n|teamsize|p2|4\n|start\n|switch|p1a: Incineroar|Incineroar, L50, M|100/100\n|switch|p1b: Farigiraf|Farigiraf, L50, M|100/100\n|switch|p2a: Raichu|Raichu, L50, M|100/100\n|switch|p2b: Ampharos|Ampharos, L50, F|100/100\n|-ability|p1a: Incineroar|Intimidate|boost\n|-unboost|p2a: Raichu|atk|1\n|-unboost|p2b: Ampharos|atk|1\n|turn|1\n|inactive|torrmentor20 has 30 seconds left.\n|inactive|torrmentor20 has 20 seconds left.\n|inactive|torrmentor20 has 15 seconds left.\n|inactive|torrmentor20 has 10 seconds left.\n|inactive|torrmentor20 has 5 seconds left.\n|\n|t:|1776111575\n|move|p1a: Incineroar|Fake Out|p2a: Raichu\n|-damage|p2a: Raichu|73/100\n|cant|p2a: Raichu|flinch\n|move|p2b: Ampharos|Discharge|p1b: Farigiraf|[spread] p1a,p1b\n|-ability|p2a: Raichu|Lightning Rod|boost\n|-boost|p2a: Raichu|spa|1\n|-damage|p1a: Incineroar|67/100\n|-damage|p1b: Farigiraf|64/100\n|move|p1b: Farigiraf|Trick Room|p1b: Farigiraf\n|-fieldstart|move: Trick Room|[of] p1b: Farigiraf\n|\n|upkeep\n|turn|2\n|inactive|torrmentor20 has 30 seconds left.\n|inactive|torrmentor20 has 20 seconds left.\n|inactive|torrmentor20 has 15 seconds left.\n|inactive|torrmentor20 has 10 seconds left.\n|inactive|torrmentor20 has 5 seconds left.\n|\n|t:|1776111626\n|move|p2b: Ampharos|Discharge|p1b: Farigiraf|[spread] p1a,p1b\n|-ability|p2a: Raichu|Lightning Rod|boost\n|-boost|p2a: Raichu|spa|1\n|-damage|p1a: Incineroar|34/100\n|-damage|p1b: Farigiraf|32/100\n|-enditem|p1b: Farigiraf|Sitrus Berry|[eat]\n|-heal|p1b: Farigiraf|57/100|[from] item: Sitrus Berry\n|move|p1b: Farigiraf|Baton Pass|p1b: Farigiraf\n|\n|t:|1776111634\n|switch|p1b: Piccolo|Abomasnow, L50, M, shiny|100/100|[from] Baton Pass\n|-weather|Snowscape|[from] ability: Snow Warning|[of] p1b: Piccolo\n|move|p1a: Incineroar|Parting Shot|p2a: Raichu\n|-unboost|p2a: Raichu|atk|1\n|-unboost|p2a: Raichu|spa|1\n|\n|t:|1776111635\n|switch|p1a: Farigiraf|Farigiraf, L50, M|57/100|[from] Parting Shot\n|move|p2a: Raichu|Thunderbolt|p1a: Farigiraf\n|-damage|p1a: Farigiraf|11/100\n|\n|-weather|Snowscape|[upkeep]\n|upkeep\n|turn|3\n|inactive|torrmentor20 has 30 seconds left.\n|inactive|torrmentor20 has 20 seconds left.\n|inactive|torrmentor20 has 15 seconds left.\n|inactive|torrmentor20 has 10 seconds left.\n|\n|t:|1776111681\n|move|p1b: Piccolo|Aurora Veil|p1b: Piccolo\n|-sidestart|p1: dr cheesiums|move: Aurora Veil\n|move|p2b: Ampharos|Discharge|p1b: Piccolo|[spread] p1a,p1b\n|-ability|p2a: Raichu|Lightning Rod|boost\n|-boost|p2a: Raichu|spa|1\n|-resisted|p1b: Piccolo|1\n|-damage|p1a: Farigiraf|0 fnt\n|-damage|p1b: Piccolo|91/100\n|-status|p1b: Piccolo|par\n|faint|p1a: Farigiraf\n|move|p2a: Raichu|Thunderbolt|p1b: Piccolo\n|-resisted|p1b: Piccolo|1\n|-damage|p1b: Piccolo|72/100 par\n|\n|-weather|Snowscape|[upkeep]\n|upkeep\n|\n|t:|1776111690\n|switch|p1a: Goku|Crabominable, L50, M, shiny|100/100\n|turn|4\n|inactive|torrmentor20 has 30 seconds left.\n|\n|t:|1776111720\n|move|p1b: Piccolo|Frost Breath|p1a: Goku\n|-resisted|p1a: Goku|1\n|-crit|p1a: Goku\n|-damage|p1a: Goku|87/100\n|-setboost|p1a: Goku|atk|6|[from] ability: Anger Point\n|move|p1a: Goku|Rock Slide|p2a: Raichu|[spread] p2a,p2b\n|-crit|p2b: Ampharos\n|-damage|p2a: Raichu|0 fnt\n|-damage|p2b: Ampharos|0 fnt\n|faint|p2a: Raichu\n|faint|p2b: Ampharos\n|\n|-weather|Snowscape|[upkeep]\n|upkeep\n|\n|t:|1776111731\n|switch|p2b: Sneasler|Sneasler, L50, M|100/100\n|switch|p2a: Delphox|Delphox, L50, M|100/100\n|turn|5\n|\n|t:|1776111744\n|switch|p1b: Incineroar|Incineroar, L50, M|34/100\n|-ability|p1b: Incineroar|Intimidate|boost\n|-unboost|p2a: Delphox|atk|1\n|-unboost|p2b: Sneasler|atk|1\n|detailschange|p1a: Goku|Crabominable-Mega, L50, M, shiny\n|-mega|p1a: Goku|Crabominable|Crabominite\n|detailschange|p2a: Delphox|Delphox-Mega, L50, M\n|-mega|p2a: Delphox|Delphox|Delphoxite\n|move|p2b: Sneasler|Fake Out|p1a: Goku\n|-damage|p1a: Goku|84/100\n|cant|p1a: Goku|flinch\n|move|p2a: Delphox|Heat Wave|p1b: Incineroar|[spread] p1a\n|-miss|p2a: Delphox|p1b: Incineroar\n|-supereffective|p1a: Goku|1\n|-damage|p1a: Goku|45/100\n|\n|-weather|Snowscape|[upkeep]\n|-fieldend|move: Trick Room\n|upkeep\n|turn|6\n|inactive|torrmentor20 has 30 seconds left.\n|inactive|torrmentor20 has 20 seconds left.\n|inactive|torrmentor20 has 15 seconds left.\n|inactive|torrmentor20 has 10 seconds left.\n|inactive|torrmentor20 has 5 seconds left.\n|\n|t:|1776111799\n|move|p1b: Incineroar|Fake Out|p2a: Delphox\n|-damage|p2a: Delphox|81/100\n|cant|p2a: Delphox|flinch\n|move|p2b: Sneasler|Dire Claw|p1b: Incineroar\n|-damage|p1b: Incineroar|18/100\n|move|p1a: Goku|Rock Slide|p2b: Sneasler|[spread] p2a,p2b\n|-supereffective|p2a: Delphox|1\n|-resisted|p2b: Sneasler|1\n|-damage|p2a: Delphox|0 fnt\n|-damage|p2b: Sneasler|32/100\n|faint|p2a: Delphox\n|\n|-weather|none\n|upkeep\n|turn|7\n|\n|t:|1776111815\n|move|p1a: Goku|Mach Punch|p2b: Sneasler\n|-resisted|p2b: Sneasler|1\n|-damage|p2b: Sneasler|0 fnt\n|faint|p2b: Sneasler\n|\n|win|dr cheesiums\n|raw|dr cheesiums's rating: 1186 &rarr; <strong>1207</strong><br />(+21 for winning)\n|raw|torrmentor20's rating: 1124 &rarr; <strong>1103</strong><br />(-21 for losing)\n|l|\u2606torrmentor20\n|player|p2|\n",
  "uploadtime": 1776111818,
  "views": 35,
  "formatid": "gen9championsvgc2026regma",
  "rating": 1103,
  "private": 0,
  "password": null
}