{
  "id": "gen9championsvgc2026regma-2586662678",
  "format": "[Gen 9 Champions] VGC 2026 Reg M-A",
  "players": [
    "Jojo_Hero",
    "runningdustfc"
  ],
  "log": "|j|\u2606Jojo_Hero\n|j|\u2606runningdustfc\n|t:|1776450282\n|gametype|doubles\n|player|p1|Jojo_Hero|youngcouple|1079\n|player|p2|runningdustfc|mela|1080\n|gen|9\n|tier|[Gen 9 Champions] VGC 2026 Reg M-A\n|rated|\n|rule|Species Clause: Limit one of each Pok\u00e9mon\n|rule|Item Clause: Limit 1 of each item\n|clearpoke\n|poke|p1|Blastoise, L50, M|\n|poke|p1|Basculegion, L50, M|\n|poke|p1|Pelipper, L50, F|\n|poke|p1|Sinistcha-Masterpiece, L50|\n|poke|p1|Archaludon, L50, M|\n|poke|p1|Meganium, L50, M|\n|poke|p2|Gengar, L50, F|\n|poke|p2|Aegislash, L50, F|\n|poke|p2|Maushold-Four, L50|\n|poke|p2|Sneasler, L50, F|\n|poke|p2|Incineroar, L50, M|\n|poke|p2|Primarina, L50, F|\n|teampreview|4\nJojo_Hero rejected open team sheets.\n|\n|t:|1776450308\n|teamsize|p1|4\n|teamsize|p2|4\n|start\n|switch|p1a: Pelipper|Pelipper, L50, F|100/100\n|switch|p1b: Archaludon|Archaludon, L50, M, shiny|100/100\n|switch|p2a: Gengar|Gengar, L50, F|100/100\n|switch|p2b: Aegislash|Aegislash, L50, F|100/100\n|-weather|RainDance|[from] ability: Drizzle|[of] p1a: Pelipper\n|turn|1\n|\n|t:|1776450327\n|detailschange|p2a: Gengar|Gengar-Mega, L50, F\n|-mega|p2a: Gengar|Gengar|Gengarite\n|move|p2a: Gengar|Protect|p2a: Gengar\n|-singleturn|p2a: Gengar|Protect\n|move|p2b: Aegislash|King's Shield|p2b: Aegislash\n|-singleturn|p2b: Aegislash|Protect\n|move|p1b: Archaludon|Electro Shot||[still]\n|-prepare|p1b: Archaludon|Electro Shot\n|-boost|p1b: Archaludon|spa|1\n|-anim|p1b: Archaludon|Electro Shot|p2a: Gengar\n|-activate|p2a: Gengar|move: Protect\n|move|p1a: Pelipper|Tailwind|p1a: Pelipper\n|-sidestart|p1: Jojo_Hero|move: Tailwind\n|\n|-weather|RainDance|[upkeep]\n|upkeep\n|turn|2\n|\n|t:|1776450364\n|switch|p2a: Maushold|Maushold-Four, L50|100/100\n|move|p1b: Archaludon|Electro Shot||[still]\n|-prepare|p1b: Archaludon|Electro Shot\n|-boost|p1b: Archaludon|spa|1\n|-anim|p1b: Archaludon|Electro Shot|p2a: Maushold\n|-damage|p2a: Maushold|0 fnt\n|faint|p2a: Maushold\n|move|p1a: Pelipper|U-turn|p2b: Aegislash\n|-resisted|p2b: Aegislash|2\n|-damage|p2b: Aegislash|99/100\n|\n|t:|1776450376\n|switch|p1a: Blastoise|Blastoise, L50, M|100/100|[from] U-turn\n|-formechange|p2b: Aegislash|Aegislash-Blade|\n|move|p2b: Aegislash|Shadow Ball|p1b: Archaludon\n|-damage|p1b: Archaludon|35/100\n|-ability|p1b: Archaludon|Stamina|boost\n|-boost|p1b: Archaludon|def|1\n|\n|-weather|RainDance|[upkeep]\n|-heal|p1b: Archaludon|41/100|[from] item: Leftovers\n|-heal|p2b: Aegislash|100/100|[from] item: Leftovers\n|upkeep\n|\n|t:|1776450389\n|switch|p2a: Primarina|Primarina, L50, F|100/100\n|turn|3\n|\n|t:|1776450400\n|detailschange|p1a: Blastoise|Blastoise-Mega, L50, M\n|-mega|p1a: Blastoise|Blastoise|Blastoisinite\n|move|p2a: Primarina|Protect|p2a: Primarina\n|-singleturn|p2a: Primarina|Protect\n|-formechange|p2b: Aegislash|Aegislash|\n|move|p2b: Aegislash|King's Shield|p2b: Aegislash\n|-singleturn|p2b: Aegislash|Protect\n|move|p1a: Blastoise|Shell Smash|p1a: Blastoise\n|-unboost|p1a: Blastoise|def|1\n|-unboost|p1a: Blastoise|spd|1\n|-boost|p1a: Blastoise|atk|2\n|-boost|p1a: Blastoise|spa|2\n|-boost|p1a: Blastoise|spe|2\n|move|p1b: Archaludon|Electro Shot||[still]\n|-prepare|p1b: Archaludon|Electro Shot\n|-boost|p1b: Archaludon|spa|1\n|-anim|p1b: Archaludon|Electro Shot|p2a: Primarina\n|-activate|p2a: Primarina|move: Protect\n|\n|-weather|RainDance|[upkeep]\n|-heal|p1b: Archaludon|47/100|[from] item: Leftovers\n|upkeep\n|turn|4\n|\n|t:|1776450427\n|move|p1a: Blastoise|Water Spout|p2a: Primarina|[spread] p2a,p2b\n|-resisted|p2a: Primarina|1\n|-damage|p2a: Primarina|13/100\n|-damage|p2b: Aegislash|0 fnt\n|faint|p2b: Aegislash\n|move|p1b: Archaludon|Electro Shot||[still]\n|-prepare|p1b: Archaludon|Electro Shot\n|-boost|p1b: Archaludon|spa|1\n|-anim|p1b: Archaludon|Electro Shot|p2a: Primarina\n|-supereffective|p2a: Primarina|1\n|-damage|p2a: Primarina|0 fnt\n|faint|p2a: Primarina\n|\n|-weather|RainDance|[upkeep]\n|-heal|p1b: Archaludon|53/100|[from] item: Leftovers\n|-sideend|p1: Jojo_Hero|move: Tailwind\n|upkeep\n|l|\u2606runningdustfc\n|player|p2|\n|j|\u2606runningdustfc\n|player|p2|runningdustfc|mela|\n|\n|t:|1776450480\n|switch|p2a: Gengar|Gengar-Mega, L50, F|100/100\n|turn|5\n|\n|t:|1776450490\n|move|p1a: Blastoise|Shell Smash|p1a: Blastoise\n|-unboost|p1a: Blastoise|def|1\n|-unboost|p1a: Blastoise|spd|1\n|-boost|p1a: Blastoise|atk|2\n|-boost|p1a: Blastoise|spa|2\n|-boost|p1a: Blastoise|spe|2\n|move|p2a: Gengar|Shadow Ball|p1b: Archaludon\n|-damage|p1b: Archaludon|0 fnt\n|faint|p1b: Archaludon\n|\n|-weather|none\n|upkeep\n|\n|t:|1776450499\n|switch|p1b: Pelipper|Pelipper, L50, F|100/100\n|-weather|RainDance|[from] ability: Drizzle|[of] p1b: Pelipper\n|turn|6\n|\n|t:|1776450510\n|move|p1a: Blastoise|Shell Smash|p1a: Blastoise\n|-unboost|p1a: Blastoise|def|1\n|-unboost|p1a: Blastoise|spd|1\n|-boost|p1a: Blastoise|atk|2\n|-boost|p1a: Blastoise|spa|2\n|-boost|p1a: Blastoise|spe|2\n|move|p2a: Gengar|Sludge Bomb|p1a: Blastoise\n|-damage|p1a: Blastoise|0 fnt\n|faint|p1a: Blastoise\n|move|p1b: Pelipper|Tailwind|p1b: Pelipper\n|-sidestart|p1: Jojo_Hero|move: Tailwind\n|\n|-weather|RainDance|[upkeep]\n|upkeep\n|\n|t:|1776450519\n|switch|p1a: Sinistcha|Sinistcha-Masterpiece, L50|100/100\n|turn|7\n|\n|t:|1776450529\n|move|p2a: Gengar|Shadow Ball|p1a: Sinistcha\n|-supereffective|p1a: Sinistcha|1\n|-damage|p1a: Sinistcha|0 fnt\n|faint|p1a: Sinistcha\n|move|p1b: Pelipper|Surf|p2a: Gengar\n|-damage|p2a: Gengar|28/100\n|\n|-weather|RainDance|[upkeep]\n|upkeep\n|turn|8\n|\n|t:|1776450538\n|move|p2a: Gengar|Sludge Bomb|p1b: Pelipper\n|-damage|p1b: Pelipper|12/100\n|-status|p1b: Pelipper|psn\n|move|p1b: Pelipper|Surf|p2a: Gengar\n|-damage|p2a: Gengar|0 fnt\n|faint|p2a: Gengar\n|\n|win|Jojo_Hero\n|raw|Jojo_Hero's rating: 1079 &rarr; <strong>1107</strong><br />(+28 for winning)\n|raw|runningdustfc's rating: 1080 &rarr; <strong>1058</strong><br />(-22 for losing)\n|c|\u2606runningdustfc|Noooooo\n|c|\u2606runningdustfc|Ggwp\n|c|\u2606Jojo_Hero|gg\n",
  "uploadtime": 1776450550,
  "views": 23,
  "formatid": "gen9championsvgc2026regma",
  "rating": 1058,
  "private": 0,
  "password": null
}