{
  "id": "gen9championsvgc2026regma-2588823231",
  "format": "[Gen 9 Champions] VGC 2026 Reg M-A",
  "players": [
    "doutgo",
    "sixthsavior"
  ],
  "log": "|j|\u2606doutgo\n|j|\u2606sixthsavior\n|t:|1776675205\n|gametype|doubles\n|player|p1|doutgo|brycenman|1317\n|player|p2|sixthsavior|265|1295\n|gen|9\n|tier|[Gen 9 Champions] VGC 2026 Reg M-A\n|rated|\n|rule|Species Clause: Limit one of each Pok\u00e9mon\n|rule|Item Clause: Limit 1 of each item\n|clearpoke\n|poke|p1|Charizard, L50, F|\n|poke|p1|Scizor, L50, M|\n|poke|p1|Sneasler, L50, M|\n|poke|p1|Incineroar, L50, M|\n|poke|p1|Sinistcha, L50|\n|poke|p1|Milotic, L50, M|\n|poke|p2|Charizard, L50, M|\n|poke|p2|Rotom-Wash, L50|\n|poke|p2|Garchomp, L50, M|\n|poke|p2|Talonflame, L50, M|\n|poke|p2|Dragonite, L50, F|\n|poke|p2|Dragapult, L50, F|\n|teampreview|4\n|\n|t:|1776675228\n|teamsize|p1|4\n|teamsize|p2|4\n|start\n|switch|p1a: Milotic|Milotic, L50, M|100/100\n|switch|p1b: Incineroar|Incineroar, L50, M|100/100\n|switch|p2a: Dragonite|Dragonite, L50, F|100/100\n|switch|p2b: Dragapult|Dragapult, L50, F|100/100\n|-ability|p1b: Incineroar|Intimidate|boost\n|-fail|p2a: Dragonite|unboost|Attack|[from] ability: Inner Focus|[of] p2a: Dragonite\n|-fail|p2b: Dragapult|unboost|[from] ability: Clear Body|[of] p2b: Dragapult\n|turn|1\n|\n|t:|1776675257\n|move|p2b: Dragapult|Phantom Force||[still]\n|-prepare|p2b: Dragapult|Phantom Force\n|move|p2a: Dragonite|Low Kick|p1b: Incineroar\n|-supereffective|p1b: Incineroar|1\n|-damage|p1b: Incineroar|49/100\n|move|p1a: Milotic|Icy Wind|p2b: Dragapult|[spread] p2a\n|-miss|p1a: Milotic|p2b: Dragapult\n|-supereffective|p2a: Dragonite|2\n|-damage|p2a: Dragonite|64/100\n|-unboost|p2a: Dragonite|spe|1\n|move|p1b: Incineroar|Will-O-Wisp|p2b: Dragapult|[miss]\n|-miss|p1b: Incineroar|p2b: Dragapult\n|\n|upkeep\n|turn|2\n|\n|t:|1776675275\n|switch|p2a: Rotom|Rotom-Wash, L50|100/100\n|move|p2b: Dragapult|Phantom Force|p1a: Milotic|[from] lockedmove\n|-damage|p1a: Milotic|57/100\n|move|p1a: Milotic|Icy Wind|p2b: Dragapult|[spread] p2a,p2b\n|-resisted|p2a: Rotom|1\n|-supereffective|p2b: Dragapult|1\n|-damage|p2a: Rotom|95/100\n|-damage|p2b: Dragapult|69/100\n|-unboost|p2a: Rotom|spe|1\n|move|p1b: Incineroar|Will-O-Wisp|p2a: Rotom|[miss]\n|-miss|p1b: Incineroar|p2a: Rotom\n|\n|-heal|p1a: Milotic|63/100|[from] item: Leftovers\n|upkeep\n|turn|3\n|\n|t:|1776675293\n|move|p2b: Dragapult|Protect|p2b: Dragapult\n|-singleturn|p2b: Dragapult|Protect\n|move|p1a: Milotic|Protect|p1a: Milotic\n|-singleturn|p1a: Milotic|Protect\n|move|p1b: Incineroar|Parting Shot|p2a: Rotom\n|-unboost|p2a: Rotom|atk|1\n|-unboost|p2a: Rotom|spa|1\n|\n|t:|1776675300\n|switch|p1b: Sinistcha|Sinistcha, L50|100/100|[from] Parting Shot\n|-heal|p1a: Milotic|88/100|[from] ability: Hospitality|[of] p1b: Sinistcha\n|move|p2a: Rotom|Discharge|p1a: Milotic|[spread] p1b\n|-activate|p2b: Dragapult|move: Protect\n|-activate|p1a: Milotic|move: Protect\n|-resisted|p1b: Sinistcha|1\n|-damage|p1b: Sinistcha|92/100\n|-status|p1b: Sinistcha|par\n|\n|-heal|p1a: Milotic|94/100|[from] item: Leftovers\n|upkeep\n|turn|4\n|\n|t:|1776675336\n|switch|p1a: Incineroar|Incineroar, L50, M|49/100\n|-ability|p1a: Incineroar|Intimidate|boost\n|-unboost|p2a: Rotom|atk|1\n|-fail|p2b: Dragapult|unboost|[from] ability: Clear Body|[of] p2b: Dragapult\n|move|p2b: Dragapult|Dragon Darts|p1a: Incineroar\n|-damage|p1a: Incineroar|28/100\n|-anim|p2b: Dragapult|Dragon Darts|p1b: Sinistcha\n|-damage|p1b: Sinistcha|68/100 par\n|move|p2a: Rotom|Electroweb|p1a: Incineroar|[spread] p1a,p1b\n|-resisted|p1b: Sinistcha|1\n|-damage|p1a: Incineroar|16/100\n|-damage|p1b: Sinistcha|62/100 par\n|-unboost|p1a: Incineroar|spe|1\n|-unboost|p1b: Sinistcha|spe|1\n|move|p1b: Sinistcha|Trick Room|p1b: Sinistcha\n|-fieldstart|move: Trick Room|[of] p1b: Sinistcha\n|\n|upkeep\n|turn|5\n|inactive|Battle timer is ON: inactive players will automatically lose when time's up. (requested by doutgo)\n|\n|t:|1776675358\n|move|p2b: Dragapult|Protect|p2b: Dragapult\n|-singleturn|p2b: Dragapult|Protect\n|move|p1b: Sinistcha|Matcha Gotcha|p2b: Dragapult|[spread] \n|-activate|p2b: Dragapult|move: Protect\n|-miss|p1b: Sinistcha|p2a: Rotom\n|move|p1a: Incineroar|Parting Shot|p2a: Rotom\n|-unboost|p2a: Rotom|atk|1\n|-unboost|p2a: Rotom|spa|1\n|\n|t:|1776675370\n|switch|p1a: Milotic|Milotic, L50, M|94/100|[from] Parting Shot\n|move|p2a: Rotom|Discharge|p1b: Sinistcha|[spread] p1a,p1b\n|-activate|p2b: Dragapult|move: Protect\n|-supereffective|p1a: Milotic|1\n|-resisted|p1b: Sinistcha|1\n|-damage|p1a: Milotic|73/100\n|-damage|p1b: Sinistcha|56/100 par\n|\n|-heal|p1a: Milotic|79/100|[from] item: Leftovers\n|upkeep\n|turn|6\n|\n|t:|1776675393\n|switch|p2a: Charizard|Charizard, L50, M|100/100\n|switch|p1a: Incineroar|Incineroar, L50, M|16/100\n|-ability|p1a: Incineroar|Intimidate|boost\n|-unboost|p2a: Charizard|atk|1\n|-fail|p2b: Dragapult|unboost|[from] ability: Clear Body|[of] p2b: Dragapult\n|move|p1b: Sinistcha|Matcha Gotcha|p2a: Charizard|[spread] p2a,p2b\n|-resisted|p2a: Charizard|2\n|-resisted|p2b: Dragapult|1\n|-damage|p2a: Charizard|93/100\n|-heal|p1b: Sinistcha|59/100 par|[from] drain|[of] p2a: Charizard\n|-damage|p2b: Dragapult|53/100\n|-heal|p1b: Sinistcha|66/100 par|[from] drain|[of] p2b: Dragapult\n|move|p2b: Dragapult|Phantom Force||[still]\n|-prepare|p2b: Dragapult|Phantom Force\n|\n|upkeep\n|turn|7\n|\n|t:|1776675413\n|detailschange|p2a: Charizard|Charizard-Mega-Y, L50, M\n|-mega|p2a: Charizard|Charizard|Charizardite Y\n|-weather|SunnyDay|[from] ability: Drought|[of] p2a: Charizard\n|move|p1b: Sinistcha|Protect|p1b: Sinistcha\n|-singleturn|p1b: Sinistcha|Protect\n|move|p2a: Charizard|Protect|p2a: Charizard\n|-singleturn|p2a: Charizard|Protect\n|move|p1a: Incineroar|Parting Shot|p2a: Charizard\n|-activate|p2a: Charizard|move: Protect\n|move|p2b: Dragapult|Phantom Force|p1b: Sinistcha|[from] lockedmove\n|-activate|p1b: Sinistcha|move: Phantom Force|[broken]\n|-supereffective|p1b: Sinistcha|1\n|-damage|p1b: Sinistcha|0 fnt\n|faint|p1b: Sinistcha\n|\n|-weather|SunnyDay|[upkeep]\n|upkeep\n|\n|t:|1776675429\n|switch|p1b: Charizard|Charizard, L50, F|100/100\n|turn|8\n|inactive|sixthsavior has 30 seconds left.\n|\n|t:|1776675459\n|detailschange|p1b: Charizard|Charizard-Mega-X, L50, F\n|-mega|p1b: Charizard|Charizard|Charizardite X\n|move|p2b: Dragapult|Protect|p2b: Dragapult\n|-singleturn|p2b: Dragapult|Protect\n|move|p1a: Incineroar|Will-O-Wisp|p2b: Dragapult\n|-activate|p2b: Dragapult|move: Protect\n|move|p1b: Charizard|Dragon Claw|p2b: Dragapult\n|-activate|p2b: Dragapult|move: Protect\n|move|p2a: Charizard|Heat Wave|p1a: Incineroar|[spread] p1a,p1b\n|-resisted|p1a: Incineroar|1\n|-resisted|p1b: Charizard|2\n|-damage|p1a: Incineroar|0 fnt\n|-damage|p1b: Charizard|81/100\n|faint|p1a: Incineroar\n|\n|-weather|SunnyDay|[upkeep]\n|-fieldend|move: Trick Room\n|upkeep\n|\n|t:|1776675473\n|switch|p1a: Milotic|Milotic, L50, M|79/100\n|turn|9\n|\n|t:|1776675503\n|move|p1b: Charizard|Protect|p1b: Charizard\n|-singleturn|p1b: Charizard|Protect\n|move|p2b: Dragapult|Dragon Darts|p1a: Milotic\n|-damage|p1a: Milotic|55/100\n|-anim|p2b: Dragapult|Dragon Darts|p1a: Milotic\n|-damage|p1a: Milotic|31/100\n|move|p2a: Charizard|Heat Wave|p1a: Milotic|[spread] p1a\n|-activate|p1b: Charizard|move: Protect\n|-resisted|p1a: Milotic|1\n|-damage|p1a: Milotic|9/100\n|move|p1a: Milotic|Icy Wind|p2b: Dragapult|[spread] p2b\n|-miss|p1a: Milotic|p2a: Charizard\n|-supereffective|p2b: Dragapult|1\n|-damage|p2b: Dragapult|24/100\n|\n|-weather|SunnyDay|[upkeep]\n|-heal|p1a: Milotic|15/100|[from] item: Leftovers\n|upkeep\n|turn|10\n|\n|t:|1776675525\n|move|p2b: Dragapult|Protect|p2b: Dragapult\n|-singleturn|p2b: Dragapult|Protect\n|move|p1a: Milotic|Protect|p1a: Milotic\n|-singleturn|p1a: Milotic|Protect\n|move|p2a: Charizard|Heat Wave|p1b: Charizard|[spread] p1b\n|-activate|p1a: Milotic|move: Protect\n|-resisted|p1b: Charizard|2\n|-damage|p1b: Charizard|60/100\n|move|p1b: Charizard|Dragon Claw|p2b: Dragapult\n|-activate|p2b: Dragapult|move: Protect\n|\n|-weather|SunnyDay|[upkeep]\n|-heal|p1a: Milotic|21/100|[from] item: Leftovers\n|upkeep\n|turn|11\n|\n|t:|1776675545\n|move|p2b: Dragapult|Dragon Darts|p1b: Charizard\n|-supereffective|p1b: Charizard|1\n|-damage|p1b: Charizard|0 fnt\n|-anim|p2b: Dragapult|Dragon Darts|p1a: Milotic\n|-damage|p1a: Milotic|0 fnt\n|faint|p1b: Charizard\n|faint|p1a: Milotic\n|\n|win|sixthsavior\n|raw|doutgo's rating: 1317 &rarr; <strong>1296</strong><br />(-21 for losing)\n|raw|sixthsavior's rating: 1295 &rarr; <strong>1322</strong><br />(+27 for winning)\n|l|\u2606doutgo\n|player|p1|\n",
  "uploadtime": 1776675568,
  "views": 9,
  "formatid": "gen9championsvgc2026regma",
  "rating": 1296,
  "private": 0,
  "password": null
}