{
  "id": "gen9championsvgc2026regma-2587183555",
  "format": "[Gen 9 Champions] VGC 2026 Reg M-A",
  "players": [
    "magicallamp",
    "fangyusuhe"
  ],
  "log": "|j|\u2606magicallamp\n|j|\u2606fangyusuhe\n|t:|1776505617\n|gametype|doubles\n|player|p1|magicallamp|n|1440\n|player|p2|fangyusuhe|dawn|1531\n|gen|9\n|tier|[Gen 9 Champions] VGC 2026 Reg M-A\n|rated|\n|rule|Species Clause: Limit one of each Pok\u00e9mon\n|rule|Item Clause: Limit 1 of each item\n|clearpoke\n|poke|p1|Meganium, L50, M|\n|poke|p1|Basculegion, L50, M, shiny|\n|poke|p1|Archaludon, L50, F|\n|poke|p1|Sneasler, L50, F|\n|poke|p1|Pelipper, L50, F, shiny|\n|poke|p1|Kangaskhan, L50, F, shiny|\n|poke|p2|Floette-Eternal, L50, F|\n|poke|p2|Garchomp, L50, M|\n|poke|p2|Sinistcha, L50|\n|poke|p2|Kingambit, L50, F|\n|poke|p2|Delphox, L50, M|\n|poke|p2|Aerodactyl, L50, M|\n|teampreview|4\n|inactive|Battle timer is ON: inactive players will automatically lose when time's up. (requested by fangyusuhe)\n|\n|t:|1776505654\n|teamsize|p1|4\n|teamsize|p2|4\n|start\n|switch|p1a: Kangaskhan|Kangaskhan, L50, F, shiny|100/100\n|switch|p1b: Pelipper|Pelipper, L50, F, shiny|100/100\n|switch|p2a: Garchomp|Garchomp, L50, M|100/100\n|switch|p2b: Aerodactyl|Aerodactyl, L50, M|100/100\n|-ability|p2b: Aerodactyl|Unnerve\n|-weather|RainDance|[from] ability: Drizzle|[of] p1b: Pelipper\n|turn|1\n|j| IlCitra97\n|inactive|fangyusuhe has 30 seconds left.\n|\n|t:|1776505684\n|switch|p2b: Kingambit|Kingambit, L50, F|100/100\n|detailschange|p1a: Kangaskhan|Kangaskhan-Mega, L50, F, shiny\n|-mega|p1a: Kangaskhan|Kangaskhan|Kangaskhanite\n|move|p1a: Kangaskhan|Fake Out|p2b: Kingambit\n|-resisted|p2b: Kingambit|1\n|-damage|p2b: Kingambit|92/100\n|-resisted|p2b: Kingambit|1\n|-damage|p2b: Kingambit|91/100\n|-hitcount|p2b: Kingambit|2\n|move|p2a: Garchomp|Stomping Tantrum|p1a: Kangaskhan\n|-damage|p1a: Kangaskhan|65/100\n|move|p1b: Pelipper|Tailwind|p1b: Pelipper\n|-sidestart|p1: magicallamp|move: Tailwind\n|\n|-weather|RainDance|[upkeep]\n|upkeep\n|turn|2\n|l| IlCitra97\n|\n|t:|1776505704\n|move|p2a: Garchomp|Protect|p2a: Garchomp\n|-singleturn|p2a: Garchomp|Protect\n|move|p2b: Kingambit|Protect|p2b: Kingambit\n|-singleturn|p2b: Kingambit|Protect\n|move|p1a: Kangaskhan|Drain Punch|p2b: Kingambit\n|-activate|p2b: Kingambit|move: Protect\n|move|p1b: Pelipper|Weather Ball|p2a: Garchomp\n|-activate|p2a: Garchomp|move: Protect\n|\n|-weather|RainDance|[upkeep]\n|upkeep\n|turn|3\n|inactive|magicallamp has 30 seconds left.\n|\n|t:|1776505738\n|move|p2b: Kingambit|Sucker Punch|p1b: Pelipper\n|-damage|p1b: Pelipper|46/100\n|move|p1a: Kangaskhan|Drain Punch|p2b: Kingambit\n|-supereffective|p2b: Kingambit|2\n|-enditem|p2b: Kingambit|Chople Berry|[eat]\n|-enditem|p2b: Kingambit|Chople Berry|[weaken]\n|-damage|p2b: Kingambit|46/100\n|-heal|p1a: Kangaskhan|87/100|[from] drain|[of] p2b: Kingambit\n|-supereffective|p2b: Kingambit|2\n|-damage|p2b: Kingambit|26/100\n|-heal|p1a: Kangaskhan|96/100|[from] drain|[of] p2b: Kingambit\n|-hitcount|p2b: Kingambit|2\n|move|p1b: Pelipper|Hurricane|p2b: Kingambit\n|-resisted|p2b: Kingambit|1\n|-damage|p2b: Kingambit|2/100\n|move|p2a: Garchomp|Dragon Claw|p1b: Pelipper\n|-damage|p1b: Pelipper|0 fnt\n|faint|p1b: Pelipper\n|\n|-weather|RainDance|[upkeep]\n|upkeep\n|inactive|magicallamp has 30 seconds left.\n|\n|t:|1776505765\n|switch|p1b: Archaludon|Archaludon, L50, F|100/100\n|turn|4\n|inactive|magicallamp has 30 seconds left.\n|inactive|fangyusuhe has 30 seconds left.\n|\n|t:|1776505796\n|switch|p1a: Basculegion|Basculegion, L50, M, shiny|100/100\n|move|p2a: Garchomp|Protect|p2a: Garchomp\n|-singleturn|p2a: Garchomp|Protect\n|move|p2b: Kingambit|Protect|p2b: Kingambit\n|-singleturn|p2b: Kingambit|Protect\n|move|p1b: Archaludon|Electro Shot||[still]\n|-prepare|p1b: Archaludon|Electro Shot\n|-boost|p1b: Archaludon|spa|1\n|-anim|p1b: Archaludon|Electro Shot|p2b: Kingambit\n|-activate|p2b: Kingambit|move: Protect\n|\n|-weather|RainDance|[upkeep]\n|-sideend|p1: magicallamp|move: Tailwind\n|upkeep\n|turn|5\n|inactive|fangyusuhe has 30 seconds left.\n|\n|t:|1776505825\n|switch|p1a: Kangaskhan|Kangaskhan-Mega, L50, F, shiny|96/100\n|switch|p2a: Floette|Floette-Eternal, L50, F|100/100\n|move|p2b: Kingambit|Sucker Punch||[still]\n|-fail|p2b: Kingambit\n|move|p1b: Archaludon|Dragon Pulse|p2a: Floette\n|-immune|p2a: Floette\n|\n|-weather|none\n|upkeep\n|turn|6\n|\n|t:|1776505844\n|move|p2a: Floette|Protect|p2a: Floette\n|-singleturn|p2a: Floette|Protect\n|move|p2b: Kingambit|Protect|p2b: Kingambit\n|-singleturn|p2b: Kingambit|Protect\n|move|p1a: Kangaskhan|Fake Out|p2a: Floette\n|-activate|p2a: Floette|move: Protect\n|move|p1b: Archaludon|Flash Cannon|p2a: Floette\n|-activate|p2a: Floette|move: Protect\n|\n|upkeep\n|turn|7\n|\n|t:|1776505861\n|detailschange|p2a: Floette|Floette-Mega, L50, F\n|-mega|p2a: Floette|Floette|Floettite\n|-ability|p2a: Floette|Fairy Aura\n|move|p1b: Archaludon|Protect|p1b: Archaludon\n|-singleturn|p1b: Archaludon|Protect\n|move|p2a: Floette|Light of Ruin|p1b: Archaludon\n|-activate|p1b: Archaludon|move: Protect\n|move|p1a: Kangaskhan|Double-Edge|p2a: Floette\n|-damage|p2a: Floette|23/100\n|-damage|p2a: Floette|3/100\n|-hitcount|p2a: Floette|2\n|-damage|p1a: Kangaskhan|72/100|[from] Recoil\n|move|p2b: Kingambit|Kowtow Cleave|p1a: Kangaskhan\n|-damage|p1a: Kangaskhan|36/100\n|\n|upkeep\n|turn|8\n|inactive|fangyusuhe has 30 seconds left.\n|inactive|fangyusuhe has 20 seconds left.\n|inactive|fangyusuhe has 15 seconds left.\n|inactive|fangyusuhe has 10 seconds left.\n|\n|t:|1776505908\n|move|p1a: Kangaskhan|Sucker Punch|p2a: Floette\n|-resisted|p2a: Floette|1\n|-damage|p2a: Floette|0 fnt\n|faint|p2a: Floette\n|-hitcount|p2: Floette|1\n|move|p2b: Kingambit|Sucker Punch||[still]\n|-fail|p2b: Kingambit\n|move|p1b: Archaludon|Dragon Pulse|p2b: Kingambit\n|-resisted|p2b: Kingambit|1\n|-damage|p2b: Kingambit|0 fnt\n|faint|p2b: Kingambit\n|\n|upkeep\n|\n|t:|1776505911\n|switch|p2a: Garchomp|Garchomp, L50, M|100/100\n|switch|p2b: Aerodactyl|Aerodactyl, L50, M|100/100\n|-ability|p2b: Aerodactyl|Unnerve\n|turn|9\n|\n|t:|1776505927\n|switch|p1a: Basculegion|Basculegion, L50, M, shiny|100/100\n|move|p2b: Aerodactyl|Tailwind|p2b: Aerodactyl\n|-sidestart|p2: fangyusuhe|move: Tailwind\n|move|p2a: Garchomp|Earthquake|p1a: Basculegion|[spread] p1a,p1b\n|-immune|p2b: Aerodactyl\n|-supereffective|p1b: Archaludon|1\n|-damage|p1a: Basculegion|45/100\n|-damage|p1b: Archaludon|40/100\n|-ability|p1b: Archaludon|Stamina|boost\n|-boost|p1b: Archaludon|def|1\n|move|p1b: Archaludon|Dragon Pulse|p2a: Garchomp\n|-supereffective|p2a: Garchomp|1\n|-damage|p2a: Garchomp|0 fnt\n|faint|p2a: Garchomp\n|\n|-heal|p1b: Archaludon|46/100|[from] item: Leftovers\n|upkeep\n|turn|10\n|inactive|fangyusuhe has 30 seconds left.\n|\n|t:|1776505960\n|move|p2b: Aerodactyl|Rock Slide|p1a: Basculegion|[spread] p1a,p1b\n|-resisted|p1b: Archaludon|1\n|-crit|p1b: Archaludon\n|-damage|p1a: Basculegion|11/100\n|-damage|p1b: Archaludon|32/100\n|-ability|p1b: Archaludon|Stamina|boost\n|-boost|p1b: Archaludon|def|1\n|move|p1a: Basculegion|Flip Turn|p2b: Aerodactyl\n|-supereffective|p2b: Aerodactyl|1\n|-enditem|p2b: Aerodactyl|Focus Sash\n|-damage|p2b: Aerodactyl|1/100\n|-message|fangyusuhe forfeited.\n|\n|win|magicallamp\n|raw|magicallamp's rating: 1440 &rarr; <strong>1464</strong><br />(+24 for winning)\n|raw|fangyusuhe's rating: 1516 &rarr; <strong>1492</strong><br />(-24 for losing)\n|l|\u2606fangyusuhe\n|player|p2|\n|l|\u2606magicallamp\n|player|p1|\n",
  "uploadtime": 1776505976,
  "views": 32,
  "formatid": "gen9championsvgc2026regma",
  "rating": 1464,
  "private": 0,
  "password": null
}