{
  "id": "gen9championsvgc2026regma-2584628677",
  "format": "[Gen 9 Champions] VGC 2026 Reg M-A",
  "players": [
    "roval2",
    "n3rXis"
  ],
  "log": "|j|\u2606roval2\n|j|\u2606n3rXis\n|t:|1776273108\n|gametype|doubles\n|player|p1|roval2|hiker-gen4|1130\n|player|p2|n3rXis|266|1128\n|gen|9\n|tier|[Gen 9 Champions] VGC 2026 Reg M-A\n|rated|\n|rule|Species Clause: Limit one of each Pok\u00e9mon\n|rule|Item Clause: Limit 1 of each item\n|clearpoke\n|poke|p1|Crabominable, L50, F|\n|poke|p1|Farigiraf, L50, M|\n|poke|p1|Aerodactyl, L50, F|\n|poke|p1|Hippowdon, L50, F|\n|poke|p1|Delphox, L50, M|\n|poke|p1|Sinistcha, L50|\n|poke|p2|Incineroar, L50, M|\n|poke|p2|Sneasler, L50, M|\n|poke|p2|Garchomp, L50, F|\n|poke|p2|Charizard, L50, M|\n|poke|p2|Talonflame, L50, M|\n|poke|p2|Rotom-Wash, L50|\n|teampreview|4\n|inactive|Battle timer is ON: inactive players will automatically lose when time's up. (requested by n3rXis)\n|\n|t:|1776273129\n|teamsize|p1|4\n|teamsize|p2|4\n|start\n|switch|p1a: Farigiraf|Farigiraf, L50, M, shiny|100/100\n|switch|p1b: Sinistcha|Sinistcha, L50|100/100\n|switch|p2a: Sneasler|Sneasler, L50, M|100/100\n|switch|p2b: Garchomp|Garchomp, L50, F|100/100\n|turn|1\n|inactive|roval2 has 30 seconds left.\n|\n|t:|1776273155\n|move|p2b: Garchomp|Rock Slide|p1b: Sinistcha|[spread] p1a,p1b\n|-damage|p1a: Farigiraf|85/100\n|-damage|p1b: Sinistcha|82/100\n|move|p2a: Sneasler|Dire Claw|p1b: Sinistcha\n|-damage|p1b: Sinistcha|40/100\n|-status|p1b: Sinistcha|psn\n|-enditem|p1b: Sinistcha|Sitrus Berry|[eat]\n|-heal|p1b: Sinistcha|65/100 psn|[from] item: Sitrus Berry\n|cant|p1a: Farigiraf|flinch\n|cant|p1b: Sinistcha|flinch\n|\n|-damage|p1b: Sinistcha|52/100 psn|[from] psn\n|upkeep\n|turn|2\n|c|\u2606roval2|JAJAJAJAJAJA\n|c|\u2606roval2|NO ME LA PUEDO CREER\n|inactive|roval2 has 30 seconds left.\n|\n|t:|1776273182\n|move|p2b: Garchomp|Rock Slide|p1b: Sinistcha|[spread] p1a,p1b\n|-damage|p1a: Farigiraf|69/100\n|-damage|p1b: Sinistcha|33/100 psn\n|move|p2a: Sneasler|Dire Claw|p1b: Sinistcha\n|-damage|p1b: Sinistcha|0 fnt\n|faint|p1b: Sinistcha\n|move|p1a: Farigiraf|Trick Room|p1a: Farigiraf\n|-fieldstart|move: Trick Room|[of] p1a: Farigiraf\n|\n|upkeep\n|\n|t:|1776273193\n|switch|p1b: Crabominable|Crabominable, L50, F|100/100\n|turn|3\n|\n|t:|1776273199\n|detailschange|p1b: Crabominable|Crabominable-Mega, L50, F\n|-mega|p1b: Crabominable|Crabominable|Crabominite\n|move|p1b: Crabominable|Ice Punch|p2b: Garchomp\n|-supereffective|p2b: Garchomp|2\n|-damage|p2b: Garchomp|0 fnt\n|-damage|p1b: Crabominable|88/100|[from] ability: Rough Skin|[of] p2b: Garchomp\n|faint|p2b: Garchomp\n|move|p1a: Farigiraf|Psyshock|p2a: Sneasler\n|-supereffective|p2a: Sneasler|2\n|-damage|p2a: Sneasler|0 fnt\n|faint|p2a: Sneasler\n|\n|upkeep\n|\n|t:|1776273207\n|switch|p2b: Charizard|Charizard, L50, M|100/100\n|switch|p2a: Rotom|Rotom-Wash, L50|100/100\n|turn|4\n|\n|t:|1776273223\n|move|p2b: Charizard|Protect|p2b: Charizard\n|-singleturn|p2b: Charizard|Protect\n|move|p1b: Crabominable|Thunder Punch|p2b: Charizard\n|-activate|p2b: Charizard|move: Protect\n|move|p1a: Farigiraf|Hyper Voice|p2b: Charizard|[spread] p2a\n|-activate|p2b: Charizard|move: Protect\n|-damage|p2a: Rotom|78/100\n|move|p2a: Rotom|Will-O-Wisp|p1b: Crabominable|[miss]\n|-miss|p2a: Rotom|p1b: Crabominable\n|\n|-heal|p2a: Rotom|83/100|[from] item: Leftovers\n|upkeep\n|turn|5\n|inactive|n3rXis has 30 seconds left.\n|\n|t:|1776273249\n|detailschange|p2b: Charizard|Charizard-Mega-Y, L50, M\n|-mega|p2b: Charizard|Charizard|Charizardite Y\n|-weather|SunnyDay|[from] ability: Drought|[of] p2b: Charizard\n|move|p1b: Crabominable|Thunder Punch|p2b: Charizard\n|-supereffective|p2b: Charizard|1\n|-damage|p2b: Charizard|0 fnt\n|faint|p2b: Charizard\n|move|p1a: Farigiraf|Hyper Voice|p2a: Rotom\n|-damage|p2a: Rotom|57/100\n|move|p2a: Rotom|Will-O-Wisp|p1b: Crabominable|[miss]\n|-miss|p2a: Rotom|p1b: Crabominable\n|\n|-weather|SunnyDay|[upkeep]\n|-heal|p2a: Rotom|62/100|[from] item: Leftovers\n|upkeep\n|turn|6\n|-message|n3rXis forfeited.\n|\n|win|roval2\n|raw|roval2's rating: 1130 &rarr; <strong>1155</strong><br />(+25 for winning)\n|raw|n3rXis's rating: 1128 &rarr; <strong>1103</strong><br />(-25 for losing)\n|l|\u2606n3rXis\n|player|p2|\n",
  "uploadtime": 1776273266,
  "views": 20,
  "formatid": "gen9championsvgc2026regma",
  "rating": 1103,
  "private": 0,
  "password": null
}