{
  "id": "gen9championsvgc2026regma-2584305560",
  "format": "[Gen 9 Champions] VGC 2026 Reg M-A",
  "players": [
    "helo hru",
    "smp on whimsicott"
  ],
  "log": "|j|\u2606helo hru\n|j|\u2606smp on whimsicott\n|t:|1776249352\n|gametype|doubles\n|player|p1|helo hru|unknownf|1046\n|player|p2|smp on whimsicott|artist-gen4|1064\n|gen|9\n|tier|[Gen 9 Champions] VGC 2026 Reg M-A\n|rated|\n|rule|Species Clause: Limit one of each Pok\u00e9mon\n|rule|Item Clause: Limit 1 of each item\n|clearpoke\n|poke|p1|Houndoom, L50, F|\n|poke|p1|Ninetales, L50, F|\n|poke|p1|Dragonite, L50, M|\n|poke|p1|Sneasler, L50, F|\n|poke|p1|Kommo-o, L50, M|\n|poke|p1|Primarina, L50, F|\n|poke|p2|Floette-Eternal, L50, F|\n|poke|p2|Aegislash, L50, F|\n|poke|p2|Talonflame, L50, M|\n|poke|p2|Basculegion, L50, M|\n|poke|p2|Milotic, L50, M|\n|poke|p2|Garchomp, L50, M|\n|teampreview|4\n|\n|t:|1776249408\n|teamsize|p1|4\n|teamsize|p2|4\n|start\n|switch|p1a: Primarina|Primarina, L50, F|100/100\n|switch|p1b: Ninetales|Ninetales, L50, F|100/100\n|switch|p2a: Milotic|Milotic, L50, M|100/100\n|switch|p2b: Basculegion|Basculegion, L50, M|100/100\n|-weather|SunnyDay|[from] ability: Drought|[of] p1b: Ninetales\n|turn|1\n|\n|t:|1776249427\n|move|p2b: Basculegion|Wave Crash|p1b: Ninetales\n|-supereffective|p1b: Ninetales|1\n|-damage|p1b: Ninetales|12/100\n|-enditem|p1b: Ninetales|Sitrus Berry|[eat]\n|-heal|p1b: Ninetales|37/100|[from] item: Sitrus Berry\n|-damage|p2b: Basculegion|73/100|[from] Recoil\n|move|p1b: Ninetales|Disable|p2b: Basculegion\n|-start|p2b: Basculegion|Disable|Wave Crash\n|move|p2a: Milotic|Scald|p1b: Ninetales\n|-supereffective|p1b: Ninetales|1\n|-damage|p1b: Ninetales|13/100\n|move|p1a: Primarina|Moonblast|p2b: Basculegion\n|-damage|p2b: Basculegion|3/100\n|\n|-weather|SunnyDay|[upkeep]\n|upkeep\n|turn|2\n|\n|t:|1776249448\n|switch|p2b: Talonflame|Talonflame, L50, M|100/100\n|switch|p1b: Sneasler|Sneasler, L50, F|100/100\n|move|p2a: Milotic|Scald|p1b: Sneasler\n|-damage|p1b: Sneasler|78/100\n|move|p1a: Primarina|Hyper Voice|p2a: Milotic|[spread] p2a,p2b\n|-resisted|p2a: Milotic|1\n|-supereffective|p2b: Talonflame|1\n|-damage|p2a: Milotic|95/100\n|-damage|p2b: Talonflame|46/100\n|\n|-weather|SunnyDay|[upkeep]\n|-heal|p2a: Milotic|100/100|[from] item: Leftovers\n|upkeep\n|turn|3\n|\n|t:|1776249466\n|move|p2b: Talonflame|Protect|p2b: Talonflame\n|-singleturn|p2b: Talonflame|Protect\n|move|p2a: Milotic|Protect|p2a: Milotic\n|-singleturn|p2a: Milotic|Protect\n|move|p1b: Sneasler|Fake Out|p2b: Talonflame\n|-activate|p2b: Talonflame|move: Protect\n|move|p1a: Primarina|Hyper Voice|p2b: Talonflame|[spread] \n|-activate|p2a: Milotic|move: Protect\n|-activate|p2b: Talonflame|move: Protect\n|\n|-weather|SunnyDay|[upkeep]\n|upkeep\n|turn|4\n|\n|t:|1776249481\n|move|p1b: Sneasler|Protect|p1b: Sneasler\n|-singleturn|p1b: Sneasler|Protect\n|move|p2b: Talonflame|Tailwind|p2b: Talonflame\n|-sidestart|p2: smp on whimsicott|move: Tailwind\n|move|p2a: Milotic|Scald|p1b: Sneasler\n|-activate|p1b: Sneasler|move: Protect\n|move|p1a: Primarina|Hyper Voice|p2b: Talonflame|[spread] p2a,p2b\n|-resisted|p2a: Milotic|1\n|-supereffective|p2b: Talonflame|1\n|-damage|p2a: Milotic|95/100\n|-damage|p2b: Talonflame|0 fnt\n|faint|p2b: Talonflame\n|\n|-weather|SunnyDay|[upkeep]\n|-heal|p2a: Milotic|100/100|[from] item: Leftovers\n|upkeep\n|\n|t:|1776249484\n|switch|p2b: Floette|Floette-Eternal, L50, F|100/100\n|turn|5\n|\n|t:|1776249519\n|switch|p1b: Ninetales|Ninetales, L50, F|13/100\n|detailschange|p2b: Floette|Floette-Mega, L50, F\n|-mega|p2b: Floette|Floette|Floettite\n|-ability|p2b: Floette|Fairy Aura\n|move|p2b: Floette|Dazzling Gleam|p1a: Primarina|[spread] p1a,p1b\n|-resisted|p1b: Ninetales|1\n|-damage|p1a: Primarina|64/100\n|-damage|p1b: Ninetales|0 fnt\n|faint|p1b: Ninetales\n|move|p2a: Milotic|Scald|p1a: Primarina\n|-resisted|p1a: Primarina|1\n|-damage|p1a: Primarina|57/100\n|-status|p1a: Primarina|brn\n|move|p1a: Primarina|Moonblast|p2b: Floette\n|-damage|p2b: Floette|45/100\n|\n|-weather|none\n|-damage|p1a: Primarina|51/100 brn|[from] brn\n|upkeep\n|\n|t:|1776249532\n|switch|p1b: Sneasler|Sneasler, L50, F|78/100\n|turn|6\n|\n|t:|1776249540\n|move|p2b: Floette|Protect|p2b: Floette\n|-singleturn|p2b: Floette|Protect\n|move|p1b: Sneasler|Fake Out|p2a: Milotic\n|-damage|p2a: Milotic|87/100\n|cant|p2a: Milotic|flinch\n|move|p1a: Primarina|Moonblast|p2b: Floette\n|-activate|p2b: Floette|move: Protect\n|\n|-heal|p2a: Milotic|93/100|[from] item: Leftovers\n|-damage|p1a: Primarina|45/100 brn|[from] brn\n|upkeep\n|turn|7\n|\n|t:|1776249554\n|move|p1b: Sneasler|Protect|p1b: Sneasler\n|-singleturn|p1b: Sneasler|Protect\n|move|p2b: Floette|Moonblast|p1b: Sneasler\n|-activate|p1b: Sneasler|move: Protect\n|move|p2a: Milotic|Life Dew|p2a: Milotic|[spread] p2a,p2b\n|-heal|p2a: Milotic|100/100\n|-heal|p2b: Floette|70/100\n|move|p1a: Primarina|Moonblast|p2b: Floette\n|-damage|p2b: Floette|12/100\n|\n|-damage|p1a: Primarina|40/100 brn|[from] brn\n|-sideend|p2: smp on whimsicott|move: Tailwind\n|upkeep\n|turn|8\n|\n|t:|1776249587\n|move|p1b: Sneasler|Poison Jab|p2b: Floette\n|-supereffective|p2b: Floette|1\n|-damage|p2b: Floette|0 fnt\n|faint|p2b: Floette\n|move|p2a: Milotic|Scald|p1b: Sneasler\n|-damage|p1b: Sneasler|29/100\n|-status|p1b: Sneasler|brn\n|move|p1a: Primarina|Moonblast|p2a: Milotic\n|-damage|p2a: Milotic|55/100\n|\n|-heal|p2a: Milotic|61/100|[from] item: Leftovers\n|-damage|p1b: Sneasler|23/100 brn|[from] brn\n|-damage|p1a: Primarina|34/100 brn|[from] brn\n|upkeep\n|\n|t:|1776249600\n|switch|p2b: Basculegion|Basculegion, L50, M|3/100\n|turn|9\n|\n|t:|1776249617\n|move|p2b: Basculegion|Last Respects|p1a: Primarina\n|-damage|p1a: Primarina|0 fnt\n|faint|p1a: Primarina\n|move|p1b: Sneasler|Poison Jab|p2b: Basculegion\n|-resisted|p2b: Basculegion|1\n|-damage|p2b: Basculegion|0 fnt\n|faint|p2b: Basculegion\n|move|p2a: Milotic|Scald|p1b: Sneasler\n|-damage|p1b: Sneasler|0 fnt\n|faint|p1b: Sneasler\n|\n|-heal|p2a: Milotic|67/100|[from] item: Leftovers\n|upkeep\n|\n|t:|1776249623\n|switch|p1b: Houndoom|Houndoom, L50, F|100/100\n|turn|10\n|\n|t:|1776249635\n|detailschange|p1b: Houndoom|Houndoom-Mega, L50, F\n|-mega|p1b: Houndoom|Houndoom|Houndoominite\n|move|p2a: Milotic|Protect|p2a: Milotic\n|-singleturn|p2a: Milotic|Protect\n|move|p1b: Houndoom|Dark Pulse|p2a: Milotic\n|-activate|p2a: Milotic|move: Protect\n|\n|-heal|p2a: Milotic|73/100|[from] item: Leftovers\n|upkeep\n|turn|11\n|\n|t:|1776249649\n|move|p1b: Houndoom|Dark Pulse|p2a: Milotic\n|-damage|p2a: Milotic|42/100\n|move|p2a: Milotic|Icy Wind|p1b: Houndoom\n|-resisted|p1b: Houndoom|1\n|-damage|p1b: Houndoom|90/100\n|-unboost|p1b: Houndoom|spe|1\n|\n|-heal|p2a: Milotic|48/100|[from] item: Leftovers\n|upkeep\n|turn|12\n|\n|t:|1776249662\n|move|p1b: Houndoom|Solar Beam||[still]\n|-prepare|p1b: Houndoom|Solar Beam\n|move|p2a: Milotic|Scald|p1b: Houndoom\n|-supereffective|p1b: Houndoom|1\n|-damage|p1b: Houndoom|6/100\n|\n|-heal|p2a: Milotic|53/100|[from] item: Leftovers\n|upkeep\n|turn|13\n|\n|t:|1776249670\n|move|p2a: Milotic|Protect|p2a: Milotic\n|-singleturn|p2a: Milotic|Protect\n|move|p1b: Houndoom|Solar Beam|p2a: Milotic|[from] lockedmove\n|-activate|p2a: Milotic|move: Protect\n|\n|-heal|p2a: Milotic|59/100|[from] item: Leftovers\n|upkeep\n|turn|14\n|\n|t:|1776249678\n|move|p1b: Houndoom|Dark Pulse|p2a: Milotic\n|-damage|p2a: Milotic|25/100\n|move|p2a: Milotic|Scald|p1b: Houndoom\n|-supereffective|p1b: Houndoom|1\n|-damage|p1b: Houndoom|0 fnt\n|faint|p1b: Houndoom\n|\n|win|smp on whimsicott\n|raw|helo hru's rating: 1046 &rarr; <strong>1030</strong><br />(-16 for losing)\n|raw|smp on whimsicott's rating: 1064 &rarr; <strong>1093</strong><br />(+29 for winning)\n",
  "uploadtime": 1776249678,
  "views": 29,
  "formatid": "gen9championsvgc2026regma",
  "rating": 1030,
  "private": 0,
  "password": null
}