{
  "id": "gen9championsvgc2026regma-2587436488",
  "format": "[Gen 9 Champions] VGC 2026 Reg M-A",
  "players": [
    "PM77Switch",
    "Magikarps FTW"
  ],
  "log": "|j|\u2606PM77Switch\n|j|\u2606Magikarps FTW\n|t:|1776531669\n|gametype|doubles\n|player|p1|PM77Switch|may-masters3|1040\n|player|p2|Magikarps FTW|101|1112\n|gen|9\n|tier|[Gen 9 Champions] VGC 2026 Reg M-A\n|rated|\n|rule|Species Clause: Limit one of each Pok\u00e9mon\n|rule|Item Clause: Limit 1 of each item\n|clearpoke\n|poke|p1|Blastoise, L50, F|\n|poke|p1|Kingambit, L50, M|\n|poke|p1|Sneasler, L50, F|\n|poke|p1|Aerodactyl, L50, F|\n|poke|p1|Sinistcha, L50|\n|poke|p1|Incineroar, L50, M|\n|poke|p2|Torkoal, L50, F|\n|poke|p2|Oranguru, L50, M|\n|poke|p2|Lopunny, L50, F|\n|poke|p2|Typhlosion-Hisui, L50, M|\n|poke|p2|Aerodactyl, L50, M|\n|poke|p2|Maushold-Four, L50|\n|teampreview|4\n|inactive|Battle timer is ON: inactive players will automatically lose when time's up. (requested by Magikarps FTW)\n|\n|t:|1776531711\n|teamsize|p1|4\n|teamsize|p2|4\n|start\n|switch|p1a: Sneasler|Sneasler, L50, F|100/100\n|switch|p1b: Aerodactyl|Aerodactyl, L50, F|100/100\n|switch|p2a: Lopunny|Lopunny, L50, F|100/100\n|switch|p2b: Typhlosion|Typhlosion-Hisui, L50, M|100/100\n|-ability|p1b: Aerodactyl|Unnerve\n|-item|p1a: Sneasler|White Herb|[from] ability: Frisk|[of] p2b: Typhlosion\n|-item|p1b: Aerodactyl|Focus Sash|[from] ability: Frisk|[of] p2b: Typhlosion\n|turn|1\n|\n|t:|1776531734\n|switch|p1a: Incineroar|Incineroar, L50, M|100/100\n|-ability|p1a: Incineroar|Intimidate|boost\n|-unboost|p2a: Lopunny|atk|1\n|-unboost|p2b: Typhlosion|atk|1\n|detailschange|p2a: Lopunny|Lopunny-Mega, L50, F\n|-mega|p2a: Lopunny|Lopunny|Lopunnite\n|move|p1b: Aerodactyl|Protect|p1b: Aerodactyl\n|-singleturn|p1b: Aerodactyl|Protect\n|move|p2a: Lopunny|Fake Out|p1b: Aerodactyl\n|-activate|p1b: Aerodactyl|move: Protect\n|move|p2b: Typhlosion|Eruption|p1b: Aerodactyl|[spread] p1a\n|-activate|p1b: Aerodactyl|move: Protect\n|-resisted|p1a: Incineroar|1\n|-damage|p1a: Incineroar|74/100\n|\n|upkeep\n|turn|2\n|\n|t:|1776531756\n|switch|p2a: Torkoal|Torkoal, L50, F|100/100\n|-weather|SunnyDay|[from] ability: Drought|[of] p2a: Torkoal\n|move|p1a: Incineroar|Fake Out|p2a: Torkoal\n|-damage|p2a: Torkoal|91/100\n|move|p2b: Typhlosion|Eruption|p1a: Incineroar|[spread] p1a,p1b\n|-resisted|p1a: Incineroar|1\n|-resisted|p1b: Aerodactyl|1\n|-damage|p1a: Incineroar|38/100\n|-damage|p1b: Aerodactyl|32/100\n|move|p1b: Aerodactyl|Tailwind|p1b: Aerodactyl\n|-sidestart|p1: PM77Switch|move: Tailwind\n|\n|-weather|SunnyDay|[upkeep]\n|upkeep\n|turn|3\n|\n|t:|1776531776\n|switch|p2b: Oranguru|Oranguru, L50, M|100/100\n|move|p2a: Torkoal|Protect|p2a: Torkoal\n|-singleturn|p2a: Torkoal|Protect\n|move|p1b: Aerodactyl|Rock Slide|p2a: Torkoal|[spread] p2b\n|-activate|p2a: Torkoal|move: Protect\n|-damage|p2b: Oranguru|73/100\n|move|p1a: Incineroar|Darkest Lariat|p2b: Oranguru\n|-supereffective|p2b: Oranguru|1\n|-damage|p2b: Oranguru|0 fnt\n|faint|p2b: Oranguru\n|\n|-weather|SunnyDay|[upkeep]\n|upkeep\n|\n|t:|1776531781\n|switch|p2b: Lopunny|Lopunny-Mega, L50, F|100/100\n|turn|4\n|\n|t:|1776531798\n|move|p1b: Aerodactyl|Protect|p1b: Aerodactyl\n|-singleturn|p1b: Aerodactyl|Protect\n|move|p2b: Lopunny|After You|p2a: Torkoal\n|-activate|p2a: Torkoal|move: After You\n|move|p2a: Torkoal|Eruption|p1b: Aerodactyl|[spread] p1a\n|-activate|p1b: Aerodactyl|move: Protect\n|-resisted|p1a: Incineroar|1\n|-damage|p1a: Incineroar|5/100\n|move|p1a: Incineroar|Flare Blitz|p2b: Lopunny\n|-damage|p2b: Lopunny|0 fnt\n|faint|p2b: Lopunny\n|-damage|p1a: Incineroar|0 fnt|[from] Recoil\n|faint|p1a: Incineroar\n|\n|-weather|SunnyDay|[upkeep]\n|upkeep\n|\n|t:|1776531812\n|switch|p2b: Typhlosion|Typhlosion-Hisui, L50, M|100/100\n|switch|p1a: Blastoise|Blastoise, L50, F|100/100\n|-item|p1a: Blastoise|Blastoisinite|[from] ability: Frisk|[of] p2b: Typhlosion\n|-item|p1b: Aerodactyl|Focus Sash|[from] ability: Frisk|[of] p2b: Typhlosion\n|turn|5\n|\n|t:|1776531824\n|detailschange|p1a: Blastoise|Blastoise-Mega, L50, F\n|-mega|p1a: Blastoise|Blastoise|Blastoisinite\n|move|p1b: Aerodactyl|Rock Slide|p2b: Typhlosion|[spread] p2a,p2b\n|-supereffective|p2a: Torkoal|1\n|-supereffective|p2b: Typhlosion|1\n|-damage|p2a: Torkoal|53/100\n|-damage|p2b: Typhlosion|36/100\n|move|p1a: Blastoise|Water Spout|p2a: Torkoal|[spread] p2a,p2b\n|-supereffective|p2a: Torkoal|1\n|-supereffective|p2b: Typhlosion|1\n|-damage|p2a: Torkoal|0 fnt\n|-damage|p2b: Typhlosion|0 fnt\n|faint|p2a: Torkoal\n|faint|p2b: Typhlosion\n|\n|win|PM77Switch\n|raw|PM77Switch's rating: 1040 &rarr; <strong>1081</strong><br />(+41 for winning)\n|raw|Magikarps FTW's rating: 1112 &rarr; <strong>1082</strong><br />(-30 for losing)\n|l|\u2606Magikarps FTW\n|player|p2|\n",
  "uploadtime": 1776531835,
  "views": 22,
  "formatid": "gen9championsvgc2026regma",
  "rating": 1081,
  "private": 0,
  "password": null
}