{
  "id": "gen9championsvgc2026regma-2581075323",
  "format": "[Gen 9 Champions] VGC 2026 Reg M-A",
  "players": [
    "Kirnil",
    "LampTG"
  ],
  "log": "|j|\u2606Kirnil\n|j|\u2606LampTG\n|t:|1775957514\n|gametype|doubles\n|player|p1|Kirnil|skierf|\n|player|p2|LampTG|2|\n|gen|9\n|tier|[Gen 9 Champions] VGC 2026 Reg M-A\n|rated|Tournament battle\n|rule|Species Clause: Limit one of each Pok\u00e9mon\n|rule|Item Clause: Limit 1 of each item\n|raw|<div class=\"infobox\"><details class=\"readmore\" open><summary><strong>1 custom rule:</strong></summary> Force Open Team Sheets</details></div>\n|clearpoke\n|poke|p1|Decidueye-Hisui, L50, M|\n|poke|p1|Klefki, L50, M|\n|poke|p1|Pelipper, L50, F|\n|poke|p1|Heliolisk, L50, F|\n|poke|p1|Dragonite, L50, F|\n|poke|p1|Sinistcha-Masterpiece, L50|\n|poke|p2|Incineroar, L50, M|\n|poke|p2|Whimsicott, L50, F|\n|poke|p2|Glimmora, L50, F|\n|poke|p2|Pelipper, L50, M|\n|poke|p2|Basculegion, L50, M|\n|poke|p2|Archaludon, L50, F|\n|teampreview|4\n|showteam|p1|Decidueye-Hisui||LumBerry|Scrappy|ShadowSneak,TripleArrows,SwordsDance,Protect|||M|||50|]Klefki||Leftovers|Prankster|FlashCannon,Reflect,LightScreen,ThunderWave|||M|||50|]Pelipper||BrightPowder|Drizzle|WeatherBall,Hurricane,Protect,Tailwind|||F|||50|]Heliolisk||ShucaBerry|DrySkin|Thunderbolt,Glare,Protect,RainDance|||F|||50|]Dragonite||Dragoninite|InnerFocus|Hurricane,DragonPulse,ExtremeSpeed,Protect|||F|||50|]Sinistcha-Masterpiece||SitrusBerry|Hospitality|EnergyBall,ShadowBall,TrickRoom,RagePowder||||||50|\n|showteam|p2|Incineroar||SitrusBerry|Intimidate|FakeOut,FlareBlitz,Crunch,PartingShot|||M|||50|]Whimsicott||MentalHerb|Prankster|Moonblast,Encore,FakeTears,Tailwind|||F|||50|]Glimmora||Glimmoranite|ToxicDebris|PowerGem,SludgeBomb,EarthPower,SpikyShield|||F|||50|]Pelipper||ChoiceScarf|Drizzle|WeatherBall,Hurricane,IcyWind,IceBeam|||M|||50|]Basculegion||FocusSash|Adaptability|Liquidation,LastRespects,AquaJet,Protect|||M|||50|]Archaludon||WhiteHerb|Sturdy|ElectroShot,DracoMeteor,FlashCannon,Protect|||F|||50|\n|inactive|Battle timer is ON: inactive players will automatically lose when time's up. (requested by LampTG)\n|inactive|Kirnil has 60 seconds left.\n|\n|t:|1775957573\n|teamsize|p1|4\n|teamsize|p2|4\n|start\n|switch|p1a: Heliolisk|Heliolisk, L50, F|100/100\n|switch|p1b: Dragonite|Dragonite, L50, F|100/100\n|switch|p2a: Glimmora|Glimmora, L50, F|100/100\n|switch|p2b: Whimsicott|Whimsicott, L50, F|100/100\n|turn|1\n|inactive|LampTG has 30 seconds left.\n|\n|t:|1775957606\n|detailschange|p2a: Glimmora|Glimmora-Mega, L50, F\n|-mega|p2a: Glimmora|Glimmora|Glimmoranite\n|detailschange|p1b: Dragonite|Dragonite-Mega, L50, F\n|-mega|p1b: Dragonite|Dragonite|Dragoninite\n|move|p1a: Heliolisk|Glare|p2a: Glimmora\n|-status|p2a: Glimmora|par\n|move|p2b: Whimsicott|Moonblast|p1b: Dragonite\n|-supereffective|p1b: Dragonite|1\n|-damage|p1b: Dragonite|79/100\n|move|p1b: Dragonite|Dragon Pulse|p2a: Glimmora\n|-damage|p2a: Glimmora|38/100 par\n|move|p2a: Glimmora|Power Gem|p1b: Dragonite\n|-supereffective|p1b: Dragonite|1\n|-damage|p1b: Dragonite|0 fnt\n|faint|p1b: Dragonite\n|\n|upkeep\n|\n|t:|1775957618\n|switch|p1b: Klefki|Klefki, L50, M|100/100\n|turn|2\n|inactive|LampTG has 30 seconds left.\n|inactive|LampTG has 20 seconds left.\n|inactive|LampTG has 15 seconds left.\n|\n|t:|1775957662\n|switch|p2a: Archaludon|Archaludon, L50, F|100/100\n|move|p2b: Whimsicott|Tailwind|p2b: Whimsicott\n|-sidestart|p2: LampTG|move: Tailwind\n|move|p1a: Heliolisk|Thunderbolt|p2a: Archaludon\n|-resisted|p2a: Archaludon|1\n|-damage|p2a: Archaludon|74/100\n|move|p1b: Klefki|Flash Cannon|p2a: Archaludon\n|-resisted|p2a: Archaludon|1\n|-damage|p2a: Archaludon|56/100\n|\n|upkeep\n|turn|3\n|inactive|LampTG has 30 seconds left.\n|\n|t:|1775957688\n|move|p2b: Whimsicott|Encore|p1a: Heliolisk\n|-start|p1a: Heliolisk|Encore\n|move|p1b: Klefki|Light Screen|p1b: Klefki\n|-sidestart|p1: Kirnil|move: Light Screen\n|move|p2a: Archaludon|Draco Meteor|p1a: Heliolisk\n|-damage|p1a: Heliolisk|53/100\n|-unboost|p2a: Archaludon|spa|2\n|-enditem|p2a: Archaludon|White Herb\n|-clearnegativeboost|p2a: Archaludon|[silent]\n|move|p1a: Heliolisk|Thunderbolt|p2b: Whimsicott\n|-resisted|p2b: Whimsicott|1\n|-damage|p2b: Whimsicott|79/100\n|\n|upkeep\n|turn|4\n|inactive|Kirnil has 30 seconds left.\n|\n|t:|1775957727\n|switch|p2a: Pelipper|Pelipper, L50, M|100/100\n|-weather|RainDance|[from] ability: Drizzle|[of] p2a: Pelipper\n|switch|p1a: Decidueye|Decidueye-Hisui, L50, M|100/100\n|move|p2b: Whimsicott|Encore|p1b: Klefki\n|-start|p1b: Klefki|Encore\n|move|p1b: Klefki|Light Screen||[still]\n|-fail|p1b: Klefki\n|\n|-weather|RainDance|[upkeep]\n|upkeep\n|turn|5\n|j| biludbiludbilud\n|l| biludbiludbilud\n|\n|t:|1775957751\n|switch|p1b: Heliolisk|Heliolisk, L50, F|53/100\n|move|p1a: Decidueye|Protect|p1a: Decidueye\n|-singleturn|p1a: Decidueye|Protect\n|move|p2a: Pelipper|Weather Ball|p1b: Heliolisk\n|-heal|p1b: Heliolisk|78/100|[from] ability: Dry Skin|[of] p2a: Pelipper\n|move|p2b: Whimsicott|Moonblast|p1a: Decidueye\n|-activate|p1a: Decidueye|move: Protect\n|\n|-weather|RainDance|[upkeep]\n|-heal|p1b: Heliolisk|90/100|[from] ability: Dry Skin\n|-sideend|p2: LampTG|move: Tailwind\n|upkeep\n|turn|6\n|c|\u2606LampTG|OH GOOD GOD\n|inactive|LampTG has 30 seconds left.\n|inactive|Kirnil has 30 seconds left.\n|inactive|LampTG has 20 seconds left.\n|\n|t:|1775957788\n|switch|p2a: Archaludon|Archaludon, L50, F|56/100\n|move|p2b: Whimsicott|Encore|p1a: Decidueye\n|-start|p1a: Decidueye|Encore\n|move|p1a: Decidueye|Protect||[still]\n|-fail|p1a: Decidueye\n|move|p1b: Heliolisk|Thunderbolt|p2a: Archaludon\n|-resisted|p2a: Archaludon|1\n|-damage|p2a: Archaludon|29/100\n|\n|-weather|RainDance|[upkeep]\n|-heal|p1b: Heliolisk|100/100|[from] ability: Dry Skin\n|upkeep\n|turn|7\n|inactive|LampTG has 30 seconds left.\n|\n|t:|1775957813\n|switch|p1a: Klefki|Klefki, L50, M|100/100\n|move|p2b: Whimsicott|Fake Tears|p1b: Heliolisk\n|-unboost|p1b: Heliolisk|spd|2\n|move|p1b: Heliolisk|Thunderbolt|p2a: Archaludon\n|-resisted|p2a: Archaludon|1\n|-damage|p2a: Archaludon|0 fnt\n|faint|p2a: Archaludon\n|\n|-weather|RainDance|[upkeep]\n|-sideend|p1: Kirnil|move: Light Screen\n|upkeep\n|\n|t:|1775957832\n|switch|p2a: Glimmora|Glimmora-Mega, L50, F|38/100 par\n|turn|8\n|\n|t:|1775957848\n|move|p2b: Whimsicott|Tailwind|p2b: Whimsicott\n|-sidestart|p2: LampTG|move: Tailwind\n|move|p1b: Heliolisk|Thunderbolt|p2a: Glimmora\n|-damage|p2a: Glimmora|0 fnt\n|faint|p2a: Glimmora\n|move|p1a: Klefki|Flash Cannon|p2b: Whimsicott\n|-supereffective|p2b: Whimsicott|1\n|-crit|p2b: Whimsicott\n|-damage|p2b: Whimsicott|0 fnt\n|faint|p2b: Whimsicott\n|\n|-weather|none\n|upkeep\n|-message|LampTG forfeited.\n|\n|win|Kirnil\n|n|\u2606Kirnil|kirnil\n|n|\u2606LampTG|lamptg\n|l|\u2606LampTG\n|player|p2|\n",
  "uploadtime": 1775957873,
  "views": 13,
  "formatid": "gen9championsvgc2026regma",
  "rating": null,
  "private": 0,
  "password": null
}