{
  "id": "gen9championsvgc2026regma-2583673376",
  "format": "[Gen 9 Champions] VGC 2026 Reg M-A",
  "players": [
    "spartanbee",
    "Artuts321"
  ],
  "log": "|j|\u2606spartanbee\n|j|\u2606Artuts321\n|t:|1776190196\n|gametype|doubles\n|player|p1|spartanbee|1|1098\n|player|p2|Artuts321|102|1156\n|gen|9\n|tier|[Gen 9 Champions] VGC 2026 Reg M-A\n|rated|\n|rule|Species Clause: Limit one of each Pok\u00e9mon\n|rule|Item Clause: Limit 1 of each item\n|clearpoke\n|poke|p1|Dragonite, L50, M|\n|poke|p1|Pelipper, L50, F|\n|poke|p1|Archaludon, L50, M|\n|poke|p1|Basculegion, L50, M|\n|poke|p1|Sinistcha, L50|\n|poke|p1|Incineroar, L50, F|\n|poke|p2|Gengar, L50, F|\n|poke|p2|Incineroar, L50, M|\n|poke|p2|Primarina, L50, F|\n|poke|p2|Sableye, L50, F|\n|poke|p2|Clefable, L50, M|\n|poke|p2|Sneasler, L50, F|\n|teampreview|4\n|\n|t:|1776190237\n|teamsize|p1|4\n|teamsize|p2|4\n|start\n|switch|p1a: Basculegion|Basculegion, L50, M, shiny|100/100\n|switch|p1b: Pelipper|Pelipper, L50, F, shiny|100/100\n|switch|p2a: Incineroar|Incineroar, L50, M|100/100\n|switch|p2b: Gengar|Gengar, L50, F|100/100\n|-weather|RainDance|[from] ability: Drizzle|[of] p1b: Pelipper\n|-ability|p2a: Incineroar|Intimidate|boost\n|-unboost|p1a: Basculegion|atk|1\n|-unboost|p1b: Pelipper|atk|1\n|turn|1\n|\n|t:|1776190275\n|detailschange|p2b: Gengar|Gengar-Mega, L50, F\n|-mega|p2b: Gengar|Gengar|Gengarite\n|move|p1a: Basculegion|Wave Crash|p2a: Incineroar\n|-supereffective|p2a: Incineroar|1\n|-damage|p2a: Incineroar|0 fnt\n|faint|p2a: Incineroar\n|-damage|p1a: Basculegion|66/100|[from] Recoil\n|move|p2b: Gengar|Shadow Ball|p1a: Basculegion\n|-supereffective|p1a: Basculegion|1\n|-damage|p1a: Basculegion|0 fnt\n|faint|p1a: Basculegion\n|move|p1b: Pelipper|Tailwind|p1b: Pelipper\n|-sidestart|p1: spartanbee|move: Tailwind\n|\n|-weather|RainDance|[upkeep]\n|upkeep\n|\n|t:|1776190303\n|switch|p1a: Archaludon|Archaludon, L50, M, shiny|100/100\n|switch|p2a: Sableye|Sableye, L50, F|100/100\n|turn|2\n|\n|t:|1776190322\n|move|p2b: Gengar|Protect|p2b: Gengar\n|-singleturn|p2b: Gengar|Protect\n|move|p2a: Sableye|Encore|p1b: Pelipper\n|-start|p1b: Pelipper|Encore\n|move|p1b: Pelipper|Tailwind||[still]\n|-fail|p1b: Pelipper\n|move|p1a: Archaludon|Electro Shot||[still]\n|-prepare|p1a: Archaludon|Electro Shot\n|-boost|p1a: Archaludon|spa|1\n|-anim|p1a: Archaludon|Electro Shot|p2b: Gengar\n|-activate|p2b: Gengar|move: Protect\n|\n|-weather|RainDance|[upkeep]\n|upkeep\n|turn|3\n|inactive|Battle timer is ON: inactive players will automatically lose when time's up. (requested by Artuts321)\n|inactive|spartanbee has 60 seconds left.\n|\n|t:|1776190472\n|move|p2a: Sableye|Quash|p1a: Archaludon\n|-activate|p1a: Archaludon|move: Quash\n|move|p1b: Pelipper|Tailwind||[still]\n|-fail|p1b: Pelipper\n|move|p2b: Gengar|Disable|p1a: Archaludon\n|-start|p1a: Archaludon|Disable|Electro Shot\n|cant|p1a: Archaludon|Disable|Electro Shot\n|\n|-weather|RainDance|[upkeep]\n|upkeep\n|turn|4\n|inactive|Artuts321 has 30 seconds left.\n|\n|t:|1776190505\n|move|p2a: Sableye|Encore|p1a: Archaludon\n|-start|p1a: Archaludon|Encore\n|move|p1b: Pelipper|Tailwind||[still]\n|-fail|p1b: Pelipper\n|cant|p1a: Archaludon|Disable|Electro Shot\n|move|p2b: Gengar|Shadow Ball|p1a: Archaludon\n|-damage|p1a: Archaludon|54/100\n|-unboost|p1a: Archaludon|spd|1\n|-ability|p1a: Archaludon|Stamina|boost\n|-boost|p1a: Archaludon|def|1\n|\n|-weather|RainDance|[upkeep]\n|-heal|p1a: Archaludon|60/100|[from] item: Leftovers\n|-end|p1b: Pelipper|Encore\n|-sideend|p1: spartanbee|move: Tailwind\n|upkeep\n|turn|5\n|\n|t:|1776190525\n|move|p2a: Sableye|Encore|p1b: Pelipper\n|-start|p1b: Pelipper|Encore\n|move|p2b: Gengar|Shadow Ball|p1a: Archaludon\n|-damage|p1a: Archaludon|0 fnt\n|faint|p1a: Archaludon\n|move|p1b: Pelipper|Tailwind|p1b: Pelipper\n|-sidestart|p1: spartanbee|move: Tailwind\n|\n|-weather|none\n|upkeep\n|\n|t:|1776190536\n|switch|p1a: Dragonite|Dragonite, L50, M, shiny|100/100\n|turn|6\n|\n|t:|1776190559\n|detailschange|p1a: Dragonite|Dragonite-Mega, L50, M, shiny\n|-mega|p1a: Dragonite|Dragonite|Dragoninite\n|move|p2a: Sableye|Quash|p1a: Dragonite\n|-activate|p1a: Dragonite|move: Quash\n|move|p1b: Pelipper|Tailwind||[still]\n|-fail|p1b: Pelipper\n|move|p2b: Gengar|Perish Song|p2b: Gengar\n|-start|p1a: Dragonite|perish3|[silent]\n|-start|p1b: Pelipper|perish3|[silent]\n|-start|p2a: Sableye|perish3|[silent]\n|-start|p2b: Gengar|perish3|[silent]\n|-fieldactivate|move: Perish Song\n|move|p1a: Dragonite|Hurricane|p2a: Sableye\n|-damage|p2a: Sableye|23/100\n|-start|p2a: Sableye|confusion\n|\n|-start|p1a: Dragonite|perish3\n|-start|p1b: Pelipper|perish3\n|-start|p2b: Gengar|perish3\n|-start|p2a: Sableye|perish3\n|upkeep\n|turn|7\n|inactive|spartanbee has 30 seconds left.\n|inactive|Artuts321 has 30 seconds left.\n|inactive|spartanbee has 20 seconds left.\n|inactive|spartanbee has 15 seconds left.\n|inactive|spartanbee has 10 seconds left.\n|inactive|spartanbee has 5 seconds left.\n|inactive|Artuts321 has 20 seconds left.\n|\n|t:|1776190615\n|-activate|p2a: Sableye|confusion\n|move|p2a: Sableye|Protect|p2a: Sableye\n|-singleturn|p2a: Sableye|Protect\n|move|p2b: Gengar|Protect|p2b: Gengar\n|-singleturn|p2b: Gengar|Protect\n|move|p1a: Dragonite|Hurricane|p2a: Sableye\n|-activate|p2a: Sableye|move: Protect\n|move|p1b: Pelipper|Tailwind||[still]\n|-fail|p1b: Pelipper\n|\n|-end|p1b: Pelipper|Encore\n|-start|p1a: Dragonite|perish2\n|-start|p1b: Pelipper|perish2\n|-start|p2b: Gengar|perish2\n|-start|p2a: Sableye|perish2\n|upkeep\n|turn|8\n|\n|t:|1776190639\n|-end|p2a: Sableye|confusion\n|move|p2a: Sableye|Encore|p1b: Pelipper\n|-start|p1b: Pelipper|Encore\n|move|p1a: Dragonite|Hurricane|p2b: Gengar\n|-damage|p2b: Gengar|12/100\n|move|p1b: Pelipper|Tailwind||[still]\n|-fail|p1b: Pelipper\n|move|p2b: Gengar|Shadow Ball|p1a: Dragonite\n|-damage|p1a: Dragonite|83/100\n|\n|-start|p1a: Dragonite|perish1\n|-start|p1b: Pelipper|perish1\n|-start|p2b: Gengar|perish1\n|-start|p2a: Sableye|perish1\n|-sideend|p1: spartanbee|move: Tailwind\n|upkeep\n|turn|9\n|\n|t:|1776190660\n|move|p2a: Sableye|Protect|p2a: Sableye\n|-singleturn|p2a: Sableye|Protect\n|move|p2b: Gengar|Protect|p2b: Gengar\n|-singleturn|p2b: Gengar|Protect\n|move|p1a: Dragonite|Hurricane|p2a: Sableye\n|-activate|p2a: Sableye|move: Protect\n|move|p1b: Pelipper|Tailwind|p1b: Pelipper\n|-sidestart|p1: spartanbee|move: Tailwind\n|\n|-start|p1a: Dragonite|perish0\n|-start|p1b: Pelipper|perish0\n|-start|p2b: Gengar|perish0\n|-start|p2a: Sableye|perish0\n|faint|p1a: Dragonite\n|faint|p1b: Pelipper\n|faint|p2b: Gengar\n|faint|p2a: Sableye\n|\n|win|Artuts321\n|raw|spartanbee's rating: 1098 &rarr; <strong>1077</strong><br />(-21 for losing)\n|raw|Artuts321's rating: 1156 &rarr; <strong>1177</strong><br />(+21 for winning)\n",
  "uploadtime": 1776190723,
  "views": 13,
  "formatid": "gen9championsvgc2026regma",
  "rating": 1077,
  "private": 0,
  "password": null
}