{
  "id": "gen9championsvgc2026regma-2585941416",
  "format": "[Gen 9 Champions] VGC 2026 Reg M-A",
  "players": [
    "Pck918",
    "bodhidelbarrio"
  ],
  "log": "|j|\u2606Pck918\n|j|\u2606bodhidelbarrio\n|t:|1776383495\n|gametype|doubles\n|player|p1|Pck918|101|1363\n|player|p2|bodhidelbarrio|blackbelt|1284\n|gen|9\n|tier|[Gen 9 Champions] VGC 2026 Reg M-A\n|rated|\n|rule|Species Clause: Limit one of each Pok\u00e9mon\n|rule|Item Clause: Limit 1 of each item\n|clearpoke\n|poke|p1|Excadrill, L50, F|\n|poke|p1|Tyranitar, L50, F|\n|poke|p1|Floette-Eternal, L50, F|\n|poke|p1|Sinistcha, L50|\n|poke|p1|Rotom-Heat, L50|\n|poke|p1|Gyarados, L50, F|\n|poke|p2|Torkoal, L50, M|\n|poke|p2|Farigiraf, L50, F|\n|poke|p2|Gallade, L50, M|\n|poke|p2|Charizard, L50, M|\n|poke|p2|Venusaur, L50, F|\n|poke|p2|Garchomp, L50, F|\n|teampreview|4\n|inactive|Battle timer is ON: inactive players will automatically lose when time's up. (requested by Pck918)\n|inactive|bodhidelbarrio has 60 seconds left.\n|inactive|bodhidelbarrio has 30 seconds left.\n|\n|t:|1776383567\n|teamsize|p1|4\n|teamsize|p2|4\n|start\n|switch|p1a: Floette|Floette-Eternal, L50, F|100/100\n|switch|p1b: Rotom|Rotom-Heat, L50|100/100\n|switch|p2a: Garchomp|Garchomp, L50, F|100/100\n|switch|p2b: Charizard|Charizard, L50, M, shiny|100/100\n|turn|1\n|\n|t:|1776383581\n|detailschange|p2b: Charizard|Charizard-Mega-Y, L50, M, shiny\n|-mega|p2b: Charizard|Charizard|Charizardite Y\n|-weather|SunnyDay|[from] ability: Drought|[of] p2b: Charizard\n|detailschange|p1a: Floette|Floette-Mega, L50, F\n|-mega|p1a: Floette|Floette|Floettite\n|-ability|p1a: Floette|Fairy Aura\n|move|p2a: Garchomp|Rock Slide|p1a: Floette|[spread] p1a,p1b\n|-supereffective|p1b: Rotom|1\n|-damage|p1a: Floette|72/100\n|-damage|p1b: Rotom|47/100\n|move|p1b: Rotom|Volt Switch|p2b: Charizard\n|-supereffective|p2b: Charizard|1\n|-damage|p2b: Charizard|37/100\n|\n|t:|1776383593\n|switch|p1b: Tyranitar|Tyranitar, L50, F|100/100|[from] Volt Switch\n|-weather|Sandstorm|[from] ability: Sand Stream|[of] p1b: Tyranitar\n|move|p1a: Floette|Moonblast|p2a: Garchomp\n|-supereffective|p2a: Garchomp|1\n|-damage|p2a: Garchomp|0 fnt\n|faint|p2a: Garchomp\n|move|p2b: Charizard|Overheat|p1a: Floette\n|-damage|p1a: Floette|10/100\n|-unboost|p2b: Charizard|spa|2\n|\n|-weather|Sandstorm|[upkeep]\n|-damage|p1a: Floette|4/100|[from] Sandstorm\n|-damage|p2b: Charizard|31/100|[from] Sandstorm\n|upkeep\n|\n|t:|1776383608\n|switch|p2a: Venusaur|Venusaur, L50, F|100/100\n|turn|2\n|\n|t:|1776383619\n|switch|p1a: Rotom|Rotom-Heat, L50|47/100\n|switch|p2b: Gallade|Gallade, L50, M|100/100\n|switch|p1b: Gyarados|Gyarados, L50, F|100/100\n|-ability|p1b: Gyarados|Intimidate|boost\n|-unboost|p2a: Venusaur|atk|1\n|-unboost|p2b: Gallade|atk|1\n|-enditem|p2b: Gallade|White Herb\n|-clearnegativeboost|p2b: Gallade|[silent]\n|move|p2a: Venusaur|Sleep Powder|p1b: Gyarados\n|-status|p1b: Gyarados|slp|[from] move: Sleep Powder\n|\n|-weather|Sandstorm|[upkeep]\n|-damage|p1a: Rotom|41/100|[from] Sandstorm\n|-damage|p1b: Gyarados|95/100 slp|[from] Sandstorm\n|-damage|p2a: Venusaur|95/100|[from] Sandstorm\n|-damage|p2b: Gallade|95/100|[from] Sandstorm\n|upkeep\n|turn|3\n|\n|t:|1776383639\n|move|p2a: Venusaur|Protect|p2a: Venusaur\n|-singleturn|p2a: Venusaur|Protect\n|move|p1a: Rotom|Overheat|p2a: Venusaur\n|-activate|p2a: Venusaur|move: Protect\n|cant|p1b: Gyarados|slp\n|move|p2b: Gallade|Sacred Sword|p1a: Rotom\n|-damage|p1a: Rotom|0 fnt\n|faint|p1a: Rotom\n|\n|-weather|Sandstorm|[upkeep]\n|-damage|p1b: Gyarados|89/100 slp|[from] Sandstorm\n|-damage|p2a: Venusaur|89/100|[from] Sandstorm\n|-damage|p2b: Gallade|89/100|[from] Sandstorm\n|upkeep\n|\n|t:|1776383660\n|switch|p1a: Floette|Floette-Mega, L50, F|4/100\n|-ability|p1a: Floette|Fairy Aura\n|turn|4\n|\n|t:|1776383673\n|switch|p1a: Tyranitar|Tyranitar, L50, F|100/100\n|switch|p2b: Charizard|Charizard-Mega-Y, L50, M, shiny|31/100\n|-weather|SunnyDay|[from] ability: Drought|[of] p2b: Charizard\n|move|p2a: Venusaur|Sludge Bomb|p1a: Tyranitar\n|-resisted|p1a: Tyranitar|1\n|-crit|p1a: Tyranitar\n|-damage|p1a: Tyranitar|67/100\n|-curestatus|p1b: Gyarados|slp|[msg]\n|move|p1b: Gyarados|Ice Fang|p2a: Venusaur\n|-supereffective|p2a: Venusaur|1\n|-damage|p2a: Venusaur|24/100\n|\n|-weather|SunnyDay|[upkeep]\n|upkeep\n|turn|5\n|inactive|Pck918 has 30 seconds left.\n|\n|t:|1776383700\n|move|p2a: Venusaur|Sleep Powder|p1b: Gyarados\n|-status|p1b: Gyarados|slp|[from] move: Sleep Powder\n|move|p2b: Charizard|Solar Beam||[still]\n|-prepare|p2b: Charizard|Solar Beam\n|-anim|p2b: Charizard|Solar Beam|p1a: Tyranitar\n|-supereffective|p1a: Tyranitar|1\n|-damage|p1a: Tyranitar|0 fnt\n|faint|p1a: Tyranitar\n|cant|p1b: Gyarados|slp\n|\n|-weather|SunnyDay|[upkeep]\n|upkeep\n|\n|t:|1776383703\n|switch|p1a: Floette|Floette-Mega, L50, F|4/100\n|-ability|p1a: Floette|Fairy Aura\n|turn|6\n|\n|t:|1776383718\n|move|p2a: Venusaur|Sludge Bomb|p1a: Floette\n|-supereffective|p1a: Floette|1\n|-damage|p1a: Floette|0 fnt\n|faint|p1a: Floette\n|move|p2b: Charizard|Solar Beam||[still]\n|-prepare|p2b: Charizard|Solar Beam\n|-anim|p2b: Charizard|Solar Beam|p1b: Gyarados\n|-crit|p1b: Gyarados\n|-damage|p1b: Gyarados|22/100 slp\n|-enditem|p1b: Gyarados|Sitrus Berry|[eat]\n|-heal|p1b: Gyarados|47/100 slp|[from] item: Sitrus Berry\n|cant|p1b: Gyarados|slp\n|\n|-weather|SunnyDay|[upkeep]\n|upkeep\n|turn|7\n|-message|Pck918 forfeited.\n|\n|win|bodhidelbarrio\n|raw|Pck918's rating: 1363 &rarr; <strong>1339</strong><br />(-24 for losing)\n|raw|bodhidelbarrio's rating: 1284 &rarr; <strong>1315</strong><br />(+31 for winning)\n|l|\u2606Pck918\n|player|p1|\n",
  "uploadtime": 1776383725,
  "views": 34,
  "formatid": "gen9championsvgc2026regma",
  "rating": 1315,
  "private": 0,
  "password": null
}