{
  "id": "gen9championsvgc2026regma-2581347982",
  "format": "[Gen 9 Champions] VGC 2026 Reg M-A",
  "players": [
    "Flipsicle",
    "Arakd\u2019eau"
  ],
  "log": "|j|\u2606Flipsicle\n|j|\u2606Arakd\u2019eau\n|t:|1775989966\n|gametype|doubles\n|player|p1|Flipsicle|elesa-masters|\n|player|p2|Arakd\u2019eau|camper|\n|gen|9\n|tier|[Gen 9 Champions] VGC 2026 Reg M-A\n|rated|Tournament battle\n|rule|Species Clause: Limit one of each Pok\u00e9mon\n|rule|Item Clause: Limit 1 of each item\n|clearpoke\n|poke|p1|Garchomp, L50, F|\n|poke|p1|Kingambit, L50, F|\n|poke|p1|Primarina, L50, F|\n|poke|p1|Sneasler, L50, F|\n|poke|p1|Dragonite, L50, M|\n|poke|p1|Scovillain, L50, F|\n|poke|p2|Froslass, L50, F|\n|poke|p2|Kingambit, L50, F|\n|poke|p2|Sneasler, L50, F|\n|poke|p2|Garchomp, L50, F|\n|poke|p2|Rotom-Wash, L50|\n|poke|p2|Maushold-Four, L50|\n|teampreview|4\n|inactive|Battle timer is ON: inactive players will automatically lose when time's up. (requested by Arakd\u2019eau)\n|j| VC824\n|j| Kingofyee\nFlipsicle rejected open team sheets.\n|c|\u2606Flipsicle|glhf\n|j|@Therazer456\n|inactive|Flipsicle has 60 seconds left.\n|\n|t:|1775990014\n|teamsize|p1|4\n|teamsize|p2|4\n|start\n|switch|p1a: Scovillain|Scovillain, L50, F|100/100\n|switch|p1b: Sneasler|Sneasler, L50, F|100/100\n|switch|p2a: Sneasler|Sneasler, L50, F|100/100\n|switch|p2b: Froslass|Froslass, L50, F|100/100\n|turn|1\n|j| forkuser2\n|inactive|Flipsicle has 30 seconds left.\n|inactive|Arakd\u2019eau has 30 seconds left.\n|inactive|Flipsicle has 20 seconds left.\n|j| yuirs gsb\n|inactive|Flipsicle has 15 seconds left.\n|\n|t:|1775990056\n|detailschange|p2b: Froslass|Froslass-Mega, L50, F\n|-mega|p2b: Froslass|Froslass|Froslassite\n|-weather|Snowscape|[from] ability: Snow Warning|[of] p2b: Froslass\n|move|p1b: Sneasler|Fake Out|p2a: Sneasler\n|-damage|p2a: Sneasler|75/100\n|cant|p2a: Sneasler|flinch\n|move|p2b: Froslass|Aurora Veil|p2b: Froslass\n|-sidestart|p2: Arakd\u2019eau|move: Aurora Veil\n|move|p1a: Scovillain|Flamethrower|p2a: Sneasler\n|-damage|p2a: Sneasler|45/100\n|\n|-weather|Snowscape|[upkeep]\n|-ability|p1a: Scovillain|Moody|boost\n|-boost|p1a: Scovillain|atk|2\n|-unboost|p1a: Scovillain|spa|1\n|upkeep\n|turn|2\n|inactive|Arakd\u2019eau has 30 seconds left.\n|c|\u2606Arakd\u2019eau|gl\n|inactive|Flipsicle has 30 seconds left.\n|\n|t:|1775990093\n|move|p1a: Scovillain|Protect|p1a: Scovillain\n|-singleturn|p1a: Scovillain|Protect\n|move|p1b: Sneasler|Close Combat|p2a: Sneasler\n|-resisted|p2a: Sneasler|1\n|-damage|p2a: Sneasler|11/100\n|-unboost|p1b: Sneasler|def|1\n|-unboost|p1b: Sneasler|spd|1\n|move|p2a: Sneasler|Dire Claw|p1a: Scovillain\n|-activate|p1a: Scovillain|move: Protect\n|move|p2b: Froslass|Blizzard|p1a: Scovillain|[spread] p1b\n|-activate|p1a: Scovillain|move: Protect\n|-damage|p1b: Sneasler|13/100\n|\n|-weather|Snowscape|[upkeep]\n|-ability|p1a: Scovillain|Moody|boost\n|-boost|p1a: Scovillain|spe|2\n|-unboost|p1a: Scovillain|spd|1\n|upkeep\n|turn|3\n|inactive|Flipsicle has 30 seconds left.\n|\n|t:|1775990119\n|switch|p1b: Kingambit|Kingambit, L50, F|100/100\n|detailschange|p1a: Scovillain|Scovillain-Mega, L50, F\n|-mega|p1a: Scovillain|Scovillain|Scovillainite\n|move|p2a: Sneasler|Protect|p2a: Sneasler\n|-singleturn|p2a: Sneasler|Protect\n|move|p1a: Scovillain|Flamethrower|p2a: Sneasler\n|-activate|p2a: Sneasler|move: Protect\n|move|p2b: Froslass|Blizzard|p1a: Scovillain|[spread] p1a,p1b\n|-resisted|p1b: Kingambit|1\n|-damage|p1a: Scovillain|37/100\n|-damage|p1b: Kingambit|80/100\n|-status|p2b: Froslass|brn|[from] ability: Spicy Spray|[of] p1a: Scovillain\n|\n|-weather|Snowscape|[upkeep]\n|-damage|p2b: Froslass|95/100 brn|[from] brn\n|upkeep\n|turn|4\n|\n|t:|1775990139\n|switch|p2a: Maushold|Maushold-Four, L50|100/100\n|move|p1a: Scovillain|Flamethrower|p2a: Maushold\n|-damage|p2a: Maushold|78/100\n|move|p2b: Froslass|Blizzard|p1a: Scovillain|[spread] p1a,p1b\n|-resisted|p1b: Kingambit|1\n|-damage|p1a: Scovillain|0 fnt\n|-damage|p1b: Kingambit|59/100\n|-status|p1b: Kingambit|frz\n|faint|p1a: Scovillain\n|cant|p1b: Kingambit|frz\n|\n|-weather|Snowscape|[upkeep]\n|-damage|p2b: Froslass|89/100 brn|[from] brn\n|upkeep\n|j| ubersheats04\n|\n|t:|1775990150\n|switch|p1a: Sneasler|Sneasler, L50, F|13/100\n|turn|5\n|\n|t:|1775990163\n|move|p1a: Sneasler|Close Combat|p2a: Maushold\n|-supereffective|p2a: Maushold|1\n|-damage|p2a: Maushold|0 fnt\n|-unboost|p1a: Sneasler|def|1\n|-unboost|p1a: Sneasler|spd|1\n|faint|p2a: Maushold\n|move|p2b: Froslass|Blizzard|p1b: Kingambit|[spread] p1a,p1b\n|-resisted|p1b: Kingambit|1\n|-damage|p1a: Sneasler|0 fnt\n|-damage|p1b: Kingambit|39/100 frz\n|faint|p1a: Sneasler\n|-curestatus|p1b: Kingambit|frz|[msg]\n|move|p1b: Kingambit|Swords Dance|p1b: Kingambit\n|-boost|p1b: Kingambit|atk|2\n|\n|-weather|none\n|-damage|p2b: Froslass|83/100 brn|[from] brn\n|-sideend|p2: Arakd\u2019eau|move: Aurora Veil\n|upkeep\n|\n|t:|1775990170\n|switch|p1a: Dragonite|Dragonite, L50, M|100/100\n|switch|p2a: Kingambit|Kingambit, L50, F|100/100\n|turn|6\n|j| reanschawrzer\n|\n|t:|1775990188\n|move|p2b: Froslass|Protect|p2b: Froslass\n|-singleturn|p2b: Froslass|Protect\n|move|p1b: Kingambit|Sucker Punch||[still]\n|-fail|p1b: Kingambit\n|move|p1a: Dragonite|Stomping Tantrum|p2a: Kingambit\n|-supereffective|p2a: Kingambit|1\n|-damage|p2a: Kingambit|63/100\n|move|p2a: Kingambit|Swords Dance|p2a: Kingambit\n|-boost|p2a: Kingambit|atk|2\n|\n|-damage|p2b: Froslass|77/100 brn|[from] brn\n|upkeep\n|turn|7\n|inactive|Flipsicle has 30 seconds left.\n|inactive|Flipsicle has 20 seconds left.\n|l| forkuser2\n|\n|t:|1775990225\n|switch|p2b: Sneasler|Sneasler, L50, F|11/100\n|move|p1a: Dragonite|Extreme Speed|p2a: Kingambit\n|-resisted|p2a: Kingambit|1\n|-damage|p2a: Kingambit|52/100\n|move|p1b: Kingambit|Sucker Punch|p2a: Kingambit\n|-resisted|p2a: Kingambit|1\n|-damage|p2a: Kingambit|20/100\n|move|p2a: Kingambit|Sucker Punch||[still]\n|-fail|p2a: Kingambit\n|\n|upkeep\n|turn|8\n|\n|t:|1775990247\n|move|p1a: Dragonite|Protect|p1a: Dragonite\n|-singleturn|p1a: Dragonite|Protect\n|move|p1b: Kingambit|Protect|p1b: Kingambit\n|-singleturn|p1b: Kingambit|Protect\n|move|p2b: Sneasler|Close Combat|p1b: Kingambit\n|-activate|p1b: Kingambit|move: Protect\n|move|p2a: Kingambit|Kowtow Cleave|p1a: Dragonite\n|-activate|p1a: Dragonite|move: Protect\n|\n|upkeep\n|turn|9\n|\n|t:|1775990259\n|move|p1a: Dragonite|Extreme Speed|p2b: Sneasler\n|-damage|p2b: Sneasler|0 fnt\n|faint|p2b: Sneasler\n|move|p1b: Kingambit|Sucker Punch|p2a: Kingambit\n|-resisted|p2a: Kingambit|1\n|-damage|p2a: Kingambit|0 fnt\n|faint|p2a: Kingambit\n|\n|upkeep\n|\n|t:|1775990262\n|switch|p2b: Froslass|Froslass-Mega, L50, F|77/100 brn\n|-weather|Snowscape|[from] ability: Snow Warning|[of] p2b: Froslass\n|turn|10\n|\n|t:|1775990272\n|move|p1b: Kingambit|Sucker Punch||[still]\n|-fail|p1b: Kingambit\n|move|p2b: Froslass|Aurora Veil|p2b: Froslass\n|-sidestart|p2: Arakd\u2019eau|move: Aurora Veil\n|move|p1a: Dragonite|Scale Shot|p2b: Froslass\n|-damage|p2b: Froslass|67/100 brn\n|-damage|p2b: Froslass|57/100 brn\n|-damage|p2b: Froslass|48/100 brn\n|-hitcount|p2b: Froslass|3\n|-unboost|p1a: Dragonite|def|1\n|-boost|p1a: Dragonite|spe|1\n|-enditem|p1a: Dragonite|White Herb\n|-clearnegativeboost|p1a: Dragonite|[silent]\n|\n|-weather|Snowscape|[upkeep]\n|-damage|p2b: Froslass|43/100 brn|[from] brn\n|upkeep\n|turn|11\n|\n|t:|1775990281\n|move|p1b: Kingambit|Sucker Punch|p2b: Froslass\n|-supereffective|p2b: Froslass|1\n|-damage|p2b: Froslass|0 fnt\n|faint|p2b: Froslass\n|\n|win|Flipsicle\n|n|\u2606Flipsicle|flipsicle\n|n|\u2606Arakd\u2019eau|arakdeau\n|n| VC824|vc824\n|n| Kingofyee|kingofyee\n|n| Therazer456|therazer456\n|n| yuirs gsb|yuirsgsb\n|n| ubersheats04|ubersheats04\n|n| reanschawrzer|reanschawrzer\n",
  "uploadtime": 1775990281,
  "views": 16,
  "formatid": "gen9championsvgc2026regma",
  "rating": null,
  "private": 0,
  "password": null
}