{
  "id": "gen9championsvgc2026regma-2582231718",
  "format": "[Gen 9 Champions] VGC 2026 Reg M-A",
  "players": [
    "omegadaddy6767",
    "ironman3168"
  ],
  "log": "|j|\u2606omegadaddy6767\n|j|\u2606ironman3168\n|t:|1776074087\n|gametype|doubles\n|player|p1|omegadaddy6767|265|1130\n|player|p2|ironman3168|ash|1150\n|gen|9\n|tier|[Gen 9 Champions] VGC 2026 Reg M-A\n|rated|\n|rule|Species Clause: Limit one of each Pok\u00e9mon\n|rule|Item Clause: Limit 1 of each item\n|clearpoke\n|poke|p1|Floette-Eternal, L50, F|\n|poke|p1|Garchomp, L50, M|\n|poke|p1|Talonflame, L50, M|\n|poke|p1|Greninja-*, L50, M|\n|poke|p1|Sinistcha, L50|\n|poke|p1|Orthworm, L50, M|\n|poke|p2|Drampa, L50, M|\n|poke|p2|Scizor, L50, F|\n|poke|p2|Sinistcha, L50|\n|poke|p2|Farigiraf, L50, M|\n|poke|p2|Torkoal, L50, M|\n|poke|p2|Incineroar, L50, F|\n|teampreview|4\n|\n|t:|1776074132\n|teamsize|p1|4\n|teamsize|p2|4\n|start\n|switch|p1a: Orthworm|Orthworm, L50, M, shiny|100/100\n|switch|p1b: Greninja|Greninja, L50, M, shiny|100/100\n|switch|p2a: Farigiraf|Farigiraf, L50, M|100/100\n|switch|p2b: Potential|Torkoal, L50, M|100/100\n|-weather|SunnyDay|[from] ability: Drought|[of] p2b: Potential\n|turn|1\n|inactive|Battle timer is ON: inactive players will automatically lose when time's up. (requested by omegadaddy6767)\n|\n|t:|1776074152\n|move|p1a: Orthworm|Protect|p1a: Orthworm\n|-singleturn|p1a: Orthworm|Protect\n|move|p2b: Potential|Protect|p2b: Potential\n|-singleturn|p2b: Potential|Protect\n|move|p1b: Greninja|Weather Ball|p2a: Farigiraf\n|-start|p1b: Greninja|typechange|Fire|[from] ability: Protean\n|-damage|p2a: Farigiraf|38/100\n|move|p2a: Farigiraf|Trick Room|p2a: Farigiraf\n|-fieldstart|move: Trick Room|[of] p2a: Farigiraf\n|\n|-weather|SunnyDay|[upkeep]\n|upkeep\n|turn|2\n|inactive|ironman3168 has 30 seconds left.\n|\n|t:|1776074179\n|move|p2b: Potential|Eruption|p1a: Orthworm|[spread] p1a,p1b\n|-supereffective|p1a: Orthworm|1\n|-resisted|p1b: Greninja|1\n|-crit|p1b: Greninja\n|-damage|p1a: Orthworm|0 fnt\n|-damage|p1b: Greninja|0 fnt\n|faint|p1a: Orthworm\n|faint|p1b: Greninja\n|move|p2a: Farigiraf|Psychic|p1: Orthworm|[notarget]\n|-fail|p2a: Farigiraf\n|\n|-weather|SunnyDay|[upkeep]\n|upkeep\n|\n|t:|1776074189\n|switch|p1a: Sinistcha|Sinistcha, L50|100/100\n|switch|p1b: Garchomp|Garchomp, L50, M|100/100\n|turn|3\n|\n|t:|1776074213\n|move|p1a: Sinistcha|Protect|p1a: Sinistcha\n|-singleturn|p1a: Sinistcha|Protect\n|move|p2b: Potential|Eruption|p1b: Garchomp|[spread] p1b\n|-activate|p1a: Sinistcha|move: Protect\n|-resisted|p1b: Garchomp|1\n|-damage|p1b: Garchomp|55/100\n|move|p2a: Farigiraf|Psychic|p1b: Garchomp\n|-damage|p1b: Garchomp|15/100\n|-unboost|p1b: Garchomp|spd|1\n|move|p1b: Garchomp|Earthquake|p2a: Farigiraf|[spread] p2a,p2b\n|-activate|p1a: Sinistcha|move: Protect\n|-supereffective|p2b: Potential|1\n|-damage|p2a: Farigiraf|6/100\n|-damage|p2b: Potential|39/100\n|\n|-weather|SunnyDay|[upkeep]\n|upkeep\n|turn|4\n|\n|t:|1776074231\n|move|p1b: Garchomp|Protect|p1b: Garchomp\n|-singleturn|p1b: Garchomp|Protect\n|move|p2b: Potential|Weather Ball|p1a: Sinistcha\n|-supereffective|p1a: Sinistcha|1\n|-damage|p1a: Sinistcha|0 fnt\n|faint|p1a: Sinistcha\n|move|p2a: Farigiraf|Dazzling Gleam|p1b: Garchomp\n|-activate|p1b: Garchomp|move: Protect\n|\n|-weather|SunnyDay|[upkeep]\n|upkeep\n|turn|5\n|-message|omegadaddy6767 forfeited.\n|\n|win|ironman3168\n|raw|omegadaddy6767's rating: 1130 &rarr; <strong>1106</strong><br />(-24 for losing)\n|raw|ironman3168's rating: 1150 &rarr; <strong>1174</strong><br />(+24 for winning)\n|l|\u2606omegadaddy6767\n|player|p1|\n",
  "uploadtime": 1776074245,
  "views": 14,
  "formatid": "gen9championsvgc2026regma",
  "rating": 1106,
  "private": 0,
  "password": null
}