{
  "id": "gen9championsvgc2026regma-2583120475",
  "format": "[Gen 9 Champions] VGC 2026 Reg M-A",
  "players": [
    "LaTequilance",
    "thelagger"
  ],
  "log": "|j|\u2606LaTequilance\n|j|\u2606thelagger\n|t:|1776144424\n|gametype|doubles\n|player|p1|LaTequilance|266|1138\n|player|p2|thelagger|acetrainerf|1136\n|gen|9\n|tier|[Gen 9 Champions] VGC 2026 Reg M-A\n|rated|\n|rule|Species Clause: Limit one of each Pok\u00e9mon\n|rule|Item Clause: Limit 1 of each item\n|clearpoke\n|poke|p1|Tyranitar, L50, M|\n|poke|p1|Basculegion, L50, M|\n|poke|p1|Medicham, L50, F|\n|poke|p1|Talonflame, L50, M|\n|poke|p1|Excadrill, L50, M|\n|poke|p1|Sinistcha, L50|\n|poke|p2|Charizard, L50, M|\n|poke|p2|Whimsicott, L50, M|\n|poke|p2|Venusaur, L50, F|\n|poke|p2|Garchomp, L50, F|\n|poke|p2|Sneasler, L50, F|\n|poke|p2|Incineroar, L50, F|\n|teampreview|4\n|inactive|Battle timer is ON: inactive players will automatically lose when time's up. (requested by LaTequilance)\n|inactive|LaTequilance has 60 seconds left.\n|\n|t:|1776144457\n|teamsize|p1|4\n|teamsize|p2|4\n|start\n|switch|p1a: Talonflame|Talonflame, L50, M|100/100\n|switch|p1b: Basculegion|Basculegion, L50, M|100/100\n|switch|p2a: Whimsicott|Whimsicott, L50, M|100/100\n|switch|p2b: Incineroar|Incineroar, L50, F|100/100\n|-ability|p2b: Incineroar|Intimidate|boost\n|-unboost|p1a: Talonflame|atk|1\n|-unboost|p1b: Basculegion|atk|1\n|turn|1\n|\n|t:|1776144487\n|move|p1a: Talonflame|Protect|p1a: Talonflame\n|-singleturn|p1a: Talonflame|Protect\n|move|p2b: Incineroar|Fake Out|p1a: Talonflame\n|-activate|p1a: Talonflame|move: Protect\n|move|p2a: Whimsicott|Tailwind|p2a: Whimsicott\n|-sidestart|p2: thelagger|move: Tailwind\n|move|p1b: Basculegion|Flip Turn|p2b: Incineroar\n|-supereffective|p2b: Incineroar|1\n|-damage|p2b: Incineroar|65/100\n|\n|t:|1776144500\n|switch|p1b: Tyranitar|Tyranitar, L50, M|100/100|[from] Flip Turn\n|-weather|Sandstorm|[from] ability: Sand Stream|[of] p1b: Tyranitar\n|\n|-weather|Sandstorm|[upkeep]\n|-damage|p2a: Whimsicott|95/100|[from] Sandstorm\n|-damage|p1a: Talonflame|95/100|[from] Sandstorm\n|-damage|p2b: Incineroar|59/100|[from] Sandstorm\n|upkeep\n|turn|2\n|\n|t:|1776144520\n|move|p2a: Whimsicott|Encore|p1a: Talonflame\n|-start|p1a: Talonflame|Encore\n|move|p1a: Talonflame|Protect||[still]\n|-fail|p1a: Talonflame\n|move|p2b: Incineroar|Parting Shot|p1b: Tyranitar\n|-unboost|p1b: Tyranitar|atk|1\n|-unboost|p1b: Tyranitar|spa|1\n|\n|t:|1776144530\n|switch|p2b: Venusaur|Venusaur, L50, F|100/100|[from] Parting Shot\n|move|p1b: Tyranitar|Rock Slide|p2b: Venusaur|[spread] p2a,p2b\n|-damage|p2a: Whimsicott|68/100\n|-damage|p2b: Venusaur|73/100\n|\n|-weather|Sandstorm|[upkeep]\n|-damage|p2a: Whimsicott|62/100|[from] Sandstorm\n|-damage|p2b: Venusaur|68/100|[from] Sandstorm\n|-damage|p1a: Talonflame|89/100|[from] Sandstorm\n|upkeep\n|turn|3\n|\n|t:|1776144552\n|switch|p1a: Excadrill|Excadrill, L50, M|100/100\n|move|p1b: Tyranitar|Protect|p1b: Tyranitar\n|-singleturn|p1b: Tyranitar|Protect\n|move|p2a: Whimsicott|Sunny Day|p2a: Whimsicott\n|-weather|SunnyDay\n|move|p2b: Venusaur|Solar Beam||[still]\n|-prepare|p2b: Venusaur|Solar Beam\n|-anim|p2b: Venusaur|Solar Beam|p1b: Tyranitar\n|-activate|p1b: Tyranitar|move: Protect\n|\n|-weather|SunnyDay|[upkeep]\n|upkeep\n|turn|4\n|\n|t:|1776144576\n|move|p2a: Whimsicott|Encore|p1b: Tyranitar\n|-hint|Since gen 7, Dark is immune to Prankster moves.\n|-immune|p1b: Tyranitar\n|move|p2b: Venusaur|Solar Beam||[still]\n|-prepare|p2b: Venusaur|Solar Beam\n|-anim|p2b: Venusaur|Solar Beam|p1a: Excadrill\n|-damage|p1a: Excadrill|7/100\n|move|p1a: Excadrill|High Horsepower|p2b: Venusaur\n|-crit|p2b: Venusaur\n|-damage|p2b: Venusaur|0 fnt\n|faint|p2b: Venusaur\n|move|p1b: Tyranitar|Rock Slide|p2a: Whimsicott\n|-damage|p2a: Whimsicott|27/100\n|\n|-weather|SunnyDay|[upkeep]\n|-sideend|p2: thelagger|move: Tailwind\n|upkeep\n|\n|t:|1776144588\n|switch|p2b: Charizard|Charizard, L50, M|100/100\n|turn|5\n|\n|t:|1776144605\n|switch|p1a: Talonflame|Talonflame, L50, M|89/100\n|detailschange|p2b: Charizard|Charizard-Mega-Y, L50, M\n|-mega|p2b: Charizard|Charizard|Charizardite Y\n|move|p2b: Charizard|Heat Wave|p1a: Talonflame|[spread] p1a,p1b\n|-resisted|p1a: Talonflame|1\n|-resisted|p1b: Tyranitar|1\n|-damage|p1a: Talonflame|36/100\n|-damage|p1b: Tyranitar|74/100\n|move|p2a: Whimsicott|Moonblast|p1b: Tyranitar\n|-supereffective|p1b: Tyranitar|1\n|-damage|p1b: Tyranitar|4/100\n|move|p1b: Tyranitar|Rock Slide|p2a: Whimsicott|[spread] p2a,p2b\n|-supereffective|p2b: Charizard|2\n|-damage|p2a: Whimsicott|2/100\n|-damage|p2b: Charizard|0 fnt\n|faint|p2b: Charizard\n|\n|-weather|SunnyDay|[upkeep]\n|upkeep\n|\n|t:|1776144617\n|switch|p2b: Incineroar|Incineroar, L50, F|59/100\n|-ability|p2b: Incineroar|Intimidate|boost\n|-unboost|p1a: Talonflame|atk|1\n|-unboost|p1b: Tyranitar|atk|1\n|turn|6\n|inactive|LaTequilance has 30 seconds left.\n|\n|t:|1776144643\n|move|p1b: Tyranitar|Protect|p1b: Tyranitar\n|-singleturn|p1b: Tyranitar|Protect\n|move|p2b: Incineroar|Fake Out|p1a: Talonflame\n|-damage|p1a: Talonflame|20/100\n|move|p2a: Whimsicott|Tailwind|p2a: Whimsicott\n|-sidestart|p2: thelagger|move: Tailwind\n|cant|p1a: Talonflame|flinch\n|\n|-weather|SunnyDay|[upkeep]\n|upkeep\n|turn|7\n|\n|t:|1776144658\n|move|p1a: Talonflame|Protect|p1a: Talonflame\n|-singleturn|p1a: Talonflame|Protect\n|move|p2a: Whimsicott|Moonblast|p1b: Tyranitar\n|-supereffective|p1b: Tyranitar|1\n|-damage|p1b: Tyranitar|0 fnt\n|faint|p1b: Tyranitar\n|move|p2b: Incineroar|Flare Blitz|p1a: Talonflame\n|-activate|p1a: Talonflame|move: Protect\n|\n|-weather|none\n|upkeep\n|\n|t:|1776144670\n|switch|p1b: Excadrill|Excadrill, L50, M|7/100\n|turn|8\n|\n|t:|1776144682\n|move|p2a: Whimsicott|Encore|p1a: Talonflame\n|-start|p1a: Talonflame|Encore\n|move|p1a: Talonflame|Protect||[still]\n|-fail|p1a: Talonflame\n|move|p2b: Incineroar|Flare Blitz|p1b: Excadrill\n|-supereffective|p1b: Excadrill|1\n|-damage|p1b: Excadrill|0 fnt\n|faint|p1b: Excadrill\n|-damage|p2b: Incineroar|57/100|[from] Recoil\n|\n|upkeep\n|\n|t:|1776144694\n|switch|p1b: Basculegion|Basculegion, L50, M|100/100\n|turn|9\n|inactive|thelagger has 30 seconds left.\n|\n|t:|1776144722\n|move|p1a: Talonflame|Protect|p1a: Talonflame\n|-singleturn|p1a: Talonflame|Protect\n|move|p2a: Whimsicott|Sunny Day|p2a: Whimsicott\n|-weather|SunnyDay\n|move|p1b: Basculegion|Liquidation|p2b: Incineroar\n|-supereffective|p2b: Incineroar|1\n|-damage|p2b: Incineroar|17/100\n|-enditem|p2b: Incineroar|Sitrus Berry|[eat]\n|-heal|p2b: Incineroar|42/100|[from] item: Sitrus Berry\n|move|p2b: Incineroar|Flare Blitz|p1b: Basculegion\n|-resisted|p1b: Basculegion|1\n|-damage|p1b: Basculegion|56/100\n|-damage|p2b: Incineroar|28/100|[from] Recoil\n|\n|-weather|SunnyDay|[upkeep]\n|-sideend|p2: thelagger|move: Tailwind\n|upkeep\n|turn|10\n|\n|t:|1776144746\n|move|p2b: Incineroar|Helping Hand|p2a: Whimsicott\n|-singleturn|p2a: Whimsicott|Helping Hand|[of] p2b: Incineroar\n|move|p1a: Talonflame|Protect||[still]\n|-fail|p1a: Talonflame\n|move|p1b: Basculegion|Liquidation|p2b: Incineroar\n|-supereffective|p2b: Incineroar|1\n|-damage|p2b: Incineroar|0 fnt\n|faint|p2b: Incineroar\n|move|p2a: Whimsicott|Moonblast|p1b: Basculegion\n|-damage|p1b: Basculegion|0 fnt\n|faint|p1b: Basculegion\n|\n|-weather|SunnyDay|[upkeep]\n|-end|p1a: Talonflame|Encore\n|upkeep\n|turn|11\n|\n|t:|1776144765\n|move|p2a: Whimsicott|Encore|p1a: Talonflame\n|-start|p1a: Talonflame|Encore\n|move|p1a: Talonflame|Protect||[still]\n|-fail|p1a: Talonflame\n|\n|-weather|SunnyDay|[upkeep]\n|upkeep\n|turn|12\n|\n|t:|1776144771\n|move|p1a: Talonflame|Protect|p1a: Talonflame\n|-singleturn|p1a: Talonflame|Protect\n|move|p2a: Whimsicott|Tailwind|p2a: Whimsicott\n|-sidestart|p2: thelagger|move: Tailwind\n|\n|-weather|SunnyDay|[upkeep]\n|-end|p1a: Talonflame|Encore\n|upkeep\n|turn|13\n|\n|t:|1776144781\n|move|p2a: Whimsicott|Moonblast|p1a: Talonflame\n|-resisted|p1a: Talonflame|1\n|-damage|p1a: Talonflame|0 fnt\n|faint|p1a: Talonflame\n|\n|win|thelagger\n|raw|LaTequilance's rating: 1138 &rarr; <strong>1113</strong><br />(-25 for losing)\n|raw|thelagger's rating: 1136 &rarr; <strong>1161</strong><br />(+25 for winning)\n|l|\u2606LaTequilance\n|player|p1|\n",
  "uploadtime": 1776144790,
  "views": 21,
  "formatid": "gen9championsvgc2026regma",
  "rating": 1113,
  "private": 0,
  "password": null
}