{
  "id": "gen9championsvgc2026regma-2586466514",
  "format": "[Gen 9 Champions] VGC 2026 Reg M-A",
  "players": [
    "bulbasapo",
    "Sad man sam"
  ],
  "log": "|j|\u2606bulbasapo\n|j|\u2606Sad man sam\n|t:|1776436660\n|gametype|doubles\n|player|p1|bulbasapo|roxie|1102\n|player|p2|Sad man sam|burglar|1181\n|gen|9\n|tier|[Gen 9 Champions] VGC 2026 Reg M-A\n|rated|\n|rule|Species Clause: Limit one of each Pok\u00e9mon\n|rule|Item Clause: Limit 1 of each item\n|clearpoke\n|poke|p1|Meganium, L50, M|\n|poke|p1|Pelipper, L50, F|\n|poke|p1|Maushold-Four, L50|\n|poke|p1|Aerodactyl, L50, F|\n|poke|p1|Incineroar, L50, M|\n|poke|p1|Palafin, L50, M|\n|poke|p2|Starmie, L50|\n|poke|p2|Garchomp, L50, F|\n|poke|p2|Corviknight, L50, M|\n|poke|p2|Pelipper, L50, F|\n|poke|p2|Beartic, L50, F|\n|poke|p2|Tinkaton, L50, F|\n|teampreview|4\nSad man sam has agreed to open team sheets.\n|c|\u2606Sad man sam|Hello\n|c|\u2606bulbasapo|hi\n|c|\u2606Sad man sam|What\u2019s your favorite new mega\n|\n|t:|1776436748\n|teamsize|p1|4\n|teamsize|p2|4\n|start\n|switch|p1a: Incineroar|Incineroar, L50, M|100/100\n|switch|p1b: Aerodactyl|Aerodactyl, L50, F|100/100\n|switch|p2a: Star Man|Starmie, L50|100/100\n|switch|p2b: Mega Tinkaton|Tinkaton, L50, F|100/100\n|-ability|p1b: Aerodactyl|Unnerve\n|-ability|p1a: Incineroar|Intimidate|boost\n|-unboost|p2a: Star Man|atk|1\n|-fail|p2b: Mega Tinkaton|unboost|Attack|[from] ability: Own Tempo|[of] p2b: Mega Tinkaton\n|turn|1\n|c|\u2606bulbasapo|idk I've been trying them out slowly\n|c|\u2606bulbasapo|but I like mega meganium lol\n|c|\u2606Sad man sam|Nice\n|c|\u2606bulbasapo|and yours? starmie?\n|c|\u2606Sad man sam|I\u2019m a big fan of mega tinkaton\n|\n|t:|1776436789\n|detailschange|p2a: Star Man|Starmie-Mega, L50\n|-mega|p2a: Star Man|Starmie|Starminite\n|move|p2b: Mega Tinkaton|Fake Out|p1b: Aerodactyl\n|-resisted|p1b: Aerodactyl|1\n|-damage|p1b: Aerodactyl|92/100\n|move|p1a: Incineroar|Fake Out|p2a: Star Man\n|-damage|p2a: Star Man|82/100\n|cant|p1b: Aerodactyl|flinch\n|cant|p2a: Star Man|flinch\n|\n|upkeep\n|turn|2\n|c|\u2606bulbasapo|loool\n|\n|t:|1776436805\n|move|p1b: Aerodactyl|Tailwind|p1b: Aerodactyl\n|-sidestart|p1: bulbasapo|move: Tailwind\n|move|p2a: Star Man|Skill Swap|p2b: Mega Tinkaton\n|-activate|p2a: Star Man|Skill Swap|||[of] p2b: Mega Tinkaton\n|move|p1a: Incineroar|Darkest Lariat|p2a: Star Man\n|-supereffective|p2a: Star Man|1\n|-damage|p2a: Star Man|0 fnt\n|faint|p2a: Star Man\n|move|p2b: Mega Tinkaton|Gigaton Hammer|p1b: Aerodactyl\n|-supereffective|p1b: Aerodactyl|1\n|-damage|p1b: Aerodactyl|0 fnt\n|faint|p1b: Aerodactyl\n|\n|upkeep\n|\n|t:|1776436816\n|switch|p1b: Maushold|Maushold-Four, L50|100/100\n|switch|p2a: Toilet Bird|Pelipper, L50, F|100/100\n|-weather|RainDance|[from] ability: Drizzle|[of] p2a: Toilet Bird\n|turn|3\n|\n|t:|1776436830\n|move|p1a: Incineroar|Protect|p1a: Incineroar\n|-singleturn|p1a: Incineroar|Protect\n|move|p2b: Mega Tinkaton|Protect|p2b: Mega Tinkaton\n|-singleturn|p2b: Mega Tinkaton|Protect\n|move|p1b: Maushold|Super Fang|p2b: Mega Tinkaton\n|-activate|p2b: Mega Tinkaton|move: Protect\n|move|p2a: Toilet Bird|Tailwind|p2a: Toilet Bird\n|-sidestart|p2: Sad man sam|move: Tailwind\n|\n|-weather|RainDance|[upkeep]\n|upkeep\n|turn|4\n|\n|t:|1776436855\n|move|p1b: Maushold|Encore|p2b: Mega Tinkaton\n|-start|p2b: Mega Tinkaton|Encore\n|move|p2b: Mega Tinkaton|Protect||[still]\n|-fail|p2b: Mega Tinkaton\n|move|p2a: Toilet Bird|Weather Ball|p1a: Incineroar\n|-supereffective|p1a: Incineroar|1\n|-damage|p1a: Incineroar|25/100\n|move|p1a: Incineroar|Darkest Lariat|p2a: Toilet Bird\n|-damage|p2a: Toilet Bird|60/100\n|\n|-weather|RainDance|[upkeep]\n|-heal|p1a: Incineroar|32/100|[from] item: Leftovers\n|upkeep\n|turn|5\n|\n|t:|1776436873\n|switch|p1a: Meganium|Meganium, L50, M|100/100\n|move|p2b: Mega Tinkaton|Protect|p2b: Mega Tinkaton\n|-singleturn|p2b: Mega Tinkaton|Protect\n|move|p1b: Maushold|Super Fang|p2a: Toilet Bird\n|-damage|p2a: Toilet Bird|30/100\n|move|p2a: Toilet Bird|Weather Ball|p1a: Meganium\n|-resisted|p1a: Meganium|1\n|-damage|p1a: Meganium|81/100\n|\n|-weather|RainDance|[upkeep]\n|-sideend|p1: bulbasapo|move: Tailwind\n|upkeep\n|turn|6\n|\n|t:|1776436887\n|detailschange|p1a: Meganium|Meganium-Mega, L50, M\n|-mega|p1a: Meganium|Meganium|Meganiumite\n|move|p2b: Mega Tinkaton|Protect||[still]\n|-fail|p2b: Mega Tinkaton\n|move|p1b: Maushold|Encore|p2a: Toilet Bird\n|-start|p2a: Toilet Bird|Encore\n|move|p2a: Toilet Bird|Weather Ball|p1b: Maushold\n|-damage|p1b: Maushold|41/100\n|move|p1a: Meganium|Weather Ball|p2b: Mega Tinkaton\n|-supereffective|p2b: Mega Tinkaton|1\n|-damage|p2b: Mega Tinkaton|0 fnt\n|faint|p2b: Mega Tinkaton\n|\n|-weather|RainDance|[upkeep]\n|-sideend|p2: Sad man sam|move: Tailwind\n|upkeep\n|\n|t:|1776436897\n|switch|p2b: King Shark|Garchomp, L50, F|100/100\n|turn|7\n|c|\u2606bulbasapo|it's kinda frail tho\n|\n|t:|1776436915\n|move|p1b: Maushold|Follow Me|p1b: Maushold\n|-singleturn|p1b: Maushold|move: Follow Me\n|move|p2b: King Shark|Scale Shot|p1b: Maushold\n|-damage|p1b: Maushold|24/100\n|-damage|p1b: Maushold|7/100\n|-damage|p1b: Maushold|0 fnt\n|faint|p1b: Maushold\n|-hitcount|p1: Maushold|3\n|-unboost|p2b: King Shark|def|1\n|-boost|p2b: King Shark|spe|1\n|move|p1a: Meganium|Solar Beam||[still]\n|-prepare|p1a: Meganium|Solar Beam\n|-activate|p1a: Meganium|ability: Mega Sol\n|-anim|p1a: Meganium|Solar Beam|p2b: King Shark\n|-damage|p2b: King Shark|20/100\n|move|p2a: Toilet Bird|Weather Ball|p1a: Meganium\n|-resisted|p1a: Meganium|1\n|-damage|p1a: Meganium|55/100\n|\n|-weather|none\n|upkeep\n|c|\u2606Sad man sam|A bit\n|\n|t:|1776436932\n|switch|p1b: Incineroar|Incineroar, L50, M|32/100\n|-ability|p1b: Incineroar|Intimidate|boost\n|-unboost|p2a: Toilet Bird|atk|1\n|-unboost|p2b: King Shark|atk|1\n|turn|8\n|\n|t:|1776436941\n|move|p1b: Incineroar|Fake Out|p2a: Toilet Bird\n|-crit|p2a: Toilet Bird\n|-damage|p2a: Toilet Bird|8/100\n|move|p2b: King Shark|Earthquake|p1b: Incineroar|[spread] p1a,p1b\n|-immune|p2a: Toilet Bird\n|-resisted|p1a: Meganium|1\n|-supereffective|p1b: Incineroar|1\n|-damage|p1a: Meganium|43/100\n|-damage|p1b: Incineroar|0 fnt\n|faint|p1b: Incineroar\n|move|p1a: Meganium|Dazzling Gleam|p2a: Toilet Bird|[spread] p2a,p2b\n|-supereffective|p2b: King Shark|1\n|-damage|p2a: Toilet Bird|0 fnt\n|-damage|p2b: King Shark|0 fnt\n|faint|p2a: Toilet Bird\n|faint|p2b: King Shark\n|\n|win|bulbasapo\n|raw|bulbasapo's rating: 1102 &rarr; <strong>1133</strong><br />(+31 for winning)\n|raw|Sad man sam's rating: 1181 &rarr; <strong>1150</strong><br />(-31 for losing)\n|c|\u2606bulbasapo|gg\n|c|\u2606bulbasapo|nice strategy\n|c|\u2606bulbasapo|I hope you can pull it off, I love tinkaton\n|c|\u2606Sad man sam|gg\n|c|\u2606Sad man sam|Thanks\n",
  "uploadtime": 1776436966,
  "views": 18,
  "formatid": "gen9championsvgc2026regma",
  "rating": 1133,
  "private": 0,
  "password": null
}