{
  "id": "gen9championsvgc2026regma-2584999092",
  "format": "[Gen 9 Champions] VGC 2026 Reg M-A",
  "players": [
    "udilson",
    "areestoo"
  ],
  "log": "|j|\u2606udilson\n|j|\u2606areestoo\n|t:|1776302001\n|gametype|doubles\n|player|p1|udilson|101|1239\n|player|p2|areestoo|101|1213\n|gen|9\n|tier|[Gen 9 Champions] VGC 2026 Reg M-A\n|rated|\n|rule|Species Clause: Limit one of each Pok\u00e9mon\n|rule|Item Clause: Limit 1 of each item\n|clearpoke\n|poke|p1|Froslass, L50, F|\n|poke|p1|Kangaskhan, L50, F|\n|poke|p1|Garchomp, L50, F|\n|poke|p1|Primarina, L50, M|\n|poke|p1|Incineroar, L50, M|\n|poke|p1|Rotom-Mow, L50|\n|poke|p2|Blastoise, L50, M|\n|poke|p2|Pelipper, L50, F|\n|poke|p2|Floette-Eternal, L50, F|\n|poke|p2|Wyrdeer, L50, M|\n|poke|p2|Weavile, L50, F|\n|poke|p2|Rhyperior, L50, F|\n|teampreview|4\n|inactive|Battle timer is ON: inactive players will automatically lose when time's up. (requested by areestoo)\n|\n|t:|1776302030\n|teamsize|p1|4\n|teamsize|p2|4\n|start\n|switch|p1a: Rotom|Rotom-Mow, L50|100/100\n|switch|p1b: Kangaskhan|Kangaskhan, L50, F|100/100\n|switch|p2a: Weavile|Weavile, L50, F|100/100\n|switch|p2b: Wyrdeer|Wyrdeer, L50, M|100/100\n|-ability|p2a: Weavile|Pressure\n|-ability|p2b: Wyrdeer|Intimidate|boost\n|-unboost|p1a: Rotom|atk|1\n|-fail|p1b: Kangaskhan|unboost|Attack|[from] ability: Inner Focus|[of] p1b: Kangaskhan\n|turn|1\n|inactive|udilson has 30 seconds left.\n|\n|t:|1776302058\n|move|p2b: Wyrdeer|Protect|p2b: Wyrdeer\n|-singleturn|p2b: Wyrdeer|Protect\n|move|p2a: Weavile|Triple Axel|p1a: Rotom\n|-supereffective|p1a: Rotom|1\n|-damage|p1a: Rotom|80/100\n|-supereffective|p1a: Rotom|1\n|-damage|p1a: Rotom|33/100\n|-supereffective|p1a: Rotom|1\n|-damage|p1a: Rotom|0 fnt\n|faint|p1a: Rotom\n|-hitcount|p1: Rotom|3\n|move|p1b: Kangaskhan|Drain Punch|p2a: Weavile\n|-supereffective|p2a: Weavile|2\n|-enditem|p2a: Weavile|Focus Sash\n|-damage|p2a: Weavile|1/100\n|\n|upkeep\n|\n|t:|1776302077\n|switch|p1a: Incineroar|Incineroar, L50, M|100/100\n|-ability|p1a: Incineroar|Intimidate|boost\n|-unboost|p2a: Weavile|atk|1\n|-unboost|p2b: Wyrdeer|atk|1\n|turn|2\n|\n|t:|1776302097\n|detailschange|p1b: Kangaskhan|Kangaskhan-Mega, L50, F\n|-mega|p1b: Kangaskhan|Kangaskhan|Kangaskhanite\n|move|p2a: Weavile|Upper Hand|p1a: Incineroar\n|-supereffective|p1a: Incineroar|1\n|-damage|p1a: Incineroar|75/100\n|cant|p1a: Incineroar|flinch\n|move|p1b: Kangaskhan|Double-Edge|p2b: Wyrdeer\n|-damage|p2b: Wyrdeer|26/100\n|-enditem|p2b: Wyrdeer|Sitrus Berry|[eat]\n|-heal|p2b: Wyrdeer|50/100|[from] item: Sitrus Berry\n|-damage|p2b: Wyrdeer|34/100\n|-hitcount|p2b: Wyrdeer|2\n|-damage|p1b: Kangaskhan|66/100|[from] Recoil\n|move|p2b: Wyrdeer|Trick Room|p2b: Wyrdeer\n|-fieldstart|move: Trick Room|[of] p2b: Wyrdeer\n|\n|upkeep\n|turn|3\n|inactive|udilson has 30 seconds left.\n|\n|t:|1776302126\n|move|p2b: Wyrdeer|Double-Edge|p1a: Incineroar\n|-damage|p1a: Incineroar|44/100\n|-enditem|p1a: Incineroar|Sitrus Berry|[eat]\n|-heal|p1a: Incineroar|69/100|[from] item: Sitrus Berry\n|-damage|p2b: Wyrdeer|26/100|[from] Recoil\n|move|p1a: Incineroar|Flare Blitz|p2a: Weavile\n|-supereffective|p2a: Weavile|1\n|-damage|p2a: Weavile|0 fnt\n|faint|p2a: Weavile\n|-damage|p1a: Incineroar|68/100|[from] Recoil\n|move|p1b: Kangaskhan|Drain Punch|p2b: Wyrdeer\n|-damage|p2b: Wyrdeer|0 fnt\n|-heal|p1b: Kangaskhan|81/100|[from] drain|[of] p2b: Wyrdeer\n|faint|p2b: Wyrdeer\n|-hitcount|p2: Wyrdeer|1\n|\n|upkeep\n|\n|t:|1776302130\n|switch|p2b: Rhyperior|Rhyperior, L50, F|100/100\n|switch|p2a: Blastoise|Blastoise, L50, M|100/100\n|turn|4\n|inactive|udilson has 30 seconds left.\n|\n|t:|1776302164\n|switch|p1a: Primarina|Primarina, L50, M|100/100\n|detailschange|p2a: Blastoise|Blastoise-Mega, L50, M\n|-mega|p2a: Blastoise|Blastoise|Blastoisinite\n|move|p1b: Kangaskhan|Sucker Punch|p2a: Blastoise\n|-damage|p2a: Blastoise|78/100\n|-damage|p2a: Blastoise|73/100\n|-hitcount|p2a: Blastoise|2\n|move|p2b: Rhyperior|Stomping Tantrum|p1a: Primarina\n|-damage|p1a: Primarina|46/100\n|move|p2a: Blastoise|Water Spout|p1a: Primarina|[spread] p1a,p1b\n|-resisted|p1a: Primarina|1\n|-crit|p1a: Primarina\n|-damage|p1a: Primarina|15/100\n|-damage|p1b: Kangaskhan|35/100\n|\n|upkeep\n|turn|5\n|inactive|udilson has 30 seconds left.\n|inactive|udilson has 20 seconds left.\n|inactive|udilson has 15 seconds left.\n|inactive|udilson has 10 seconds left.\n|\n|t:|1776302210\n|move|p2b: Rhyperior|Stomping Tantrum|p1a: Primarina\n|-damage|p1a: Primarina|0 fnt\n|faint|p1a: Primarina\n|move|p2a: Blastoise|Aura Sphere|p1b: Kangaskhan\n|-supereffective|p1b: Kangaskhan|1\n|-damage|p1b: Kangaskhan|0 fnt\n|faint|p1b: Kangaskhan\n|\n|upkeep\n|\n|t:|1776302221\n|switch|p1b: Incineroar|Incineroar, L50, M|68/100\n|-ability|p1b: Incineroar|Intimidate|boost\n|-unboost|p2a: Blastoise|atk|1\n|-unboost|p2b: Rhyperior|atk|1\n|-enditem|p2b: Rhyperior|White Herb\n|-clearnegativeboost|p2b: Rhyperior|[silent]\n|turn|6\n|-message|udilson forfeited.\n|\n|win|areestoo\n|raw|udilson's rating: 1239 &rarr; <strong>1212</strong><br />(-27 for losing)\n|raw|areestoo's rating: 1213 &rarr; <strong>1240</strong><br />(+27 for winning)\n",
  "uploadtime": 1776302237,
  "views": 20,
  "formatid": "gen9championsvgc2026regma",
  "rating": 1212,
  "private": 0,
  "password": null
}