{
  "id": "gen9championsvgc2026regma-2582630535",
  "format": "[Gen 9 Champions] VGC 2026 Reg M-A",
  "players": [
    "gahelar",
    "Eon_Edge"
  ],
  "log": "|j|\u2606gahelar\n|j|\u2606Eon_Edge\n|t:|1776103734\n|gametype|doubles\n|player|p1|gahelar|266|1181\n|player|p2|Eon_Edge|coin|1126\n|gen|9\n|tier|[Gen 9 Champions] VGC 2026 Reg M-A\n|rated|\n|rule|Species Clause: Limit one of each Pok\u00e9mon\n|rule|Item Clause: Limit 1 of each item\n|clearpoke\n|poke|p1|Gengar, L50, F|\n|poke|p1|Whimsicott, L50, F|\n|poke|p1|Incineroar, L50, F|\n|poke|p1|Politoed, L50, F|\n|poke|p1|Basculegion, L50, M|\n|poke|p1|Sneasler, L50, F|\n|poke|p2|Banette, L50, M|\n|poke|p2|Aerodactyl, L50, F|\n|poke|p2|Empoleon, L50, M|\n|poke|p2|Garchomp, L50, M|\n|poke|p2|Charizard, L50, F|\n|poke|p2|Maushold, L50|\n|teampreview|4\n|l|\u2606gahelar\n|player|p1|\n|inactive|Battle timer is ON: inactive players will automatically lose when time's up. (requested by Eon_Edge)\n|j|\u2606gahelar\n|inactive|gahelar reconnected and has 90 seconds left.\n|player|p1|gahelar|266|\n|inactive|Eon_Edge has 60 seconds left.\n|\n|t:|1776103793\n|teamsize|p1|4\n|teamsize|p2|4\n|start\n|switch|p1a: Whimsicott|Whimsicott, L50, F|100/100\n|switch|p1b: Basculegion|Basculegion, L50, M|100/100\n|switch|p2a: Empoleon|Empoleon, L50, M|100/100\n|switch|p2b: Charizard|Charizard, L50, F|100/100\n|turn|1\n|inactive|Eon_Edge has 30 seconds left.\n|inactive|Eon_Edge has 20 seconds left.\n|inactive|gahelar has 30 seconds left.\n|inactive|Eon_Edge has 15 seconds left.\n|inactive|Eon_Edge has 10 seconds left.\n|\n|t:|1776103840\n|detailschange|p2b: Charizard|Charizard-Mega-Y, L50, F\n|-mega|p2b: Charizard|Charizard|Charizardite Y\n|-weather|SunnyDay|[from] ability: Drought|[of] p2b: Charizard\n|move|p1a: Whimsicott|Tailwind|p1a: Whimsicott\n|-sidestart|p1: gahelar|move: Tailwind\n|move|p1b: Basculegion|Flip Turn|p2a: Empoleon\n|-resisted|p2a: Empoleon|1\n|-damage|p2a: Empoleon|92/100\n|\n|t:|1776103849\n|switch|p1b: Politoed|Politoed, L50, F|100/100|[from] Flip Turn\n|-weather|RainDance|[from] ability: Drizzle|[of] p1b: Politoed\n|move|p2b: Charizard|Solar Beam||[still]\n|-prepare|p2b: Charizard|Solar Beam\n|move|p2a: Empoleon|Flash Cannon|p1a: Whimsicott\n|-supereffective|p1a: Whimsicott|1\n|-damage|p1a: Whimsicott|0 fnt\n|faint|p1a: Whimsicott\n|\n|-weather|RainDance|[upkeep]\n|-heal|p2a: Empoleon|98/100|[from] item: Leftovers\n|upkeep\n|l|\u2606gahelar\n|inactive|gahelar disconnected and has a minute to reconnect!\n|player|p1|\n|inactive|gahelar has 30 seconds left.\n|j|\u2606gahelar\n|inactive|gahelar reconnected and has 30 seconds left.\n|player|p1|gahelar|266|\n|\n|t:|1776103876\n|switch|p1a: Gengar|Gengar, L50, F|100/100\n|turn|2\n|\n|t:|1776103880\n|detailschange|p1a: Gengar|Gengar-Mega, L50, F\n|-mega|p1a: Gengar|Gengar|Gengarite\n|move|p1a: Gengar|Shadow Ball|p2b: Charizard\n|-damage|p2b: Charizard|50/100\n|move|p1b: Politoed|Muddy Water|p2b: Charizard|[spread] p2a,p2b\n|-resisted|p2a: Empoleon|1\n|-supereffective|p2b: Charizard|1\n|-damage|p2a: Empoleon|83/100\n|-damage|p2b: Charizard|0 fnt\n|faint|p2b: Charizard\n|move|p2a: Empoleon|Hydro Pump|p1a: Gengar\n|-damage|p1a: Gengar|12/100\n|\n|-weather|RainDance|[upkeep]\n|-heal|p2a: Empoleon|88/100|[from] item: Leftovers\n|upkeep\n|l|\u2606gahelar\n|inactive|gahelar disconnected and has a minute to reconnect!\n|player|p1|\n|\n|t:|1776103900\n|switch|p2b: Maushold|Maushold, L50|100/100\n|turn|3\n|inactive|gahelar has 30 seconds left.\n|j|\u2606gahelar\n|inactive|gahelar reconnected and has 30 seconds left.\n|player|p1|gahelar|266|\n|inactive|gahelar has 20 seconds left.\n|inactive|gahelar has 15 seconds left.\n|\n|t:|1776103943\n|move|p1a: Gengar|Protect|p1a: Gengar\n|-singleturn|p1a: Gengar|Protect\n|move|p2b: Maushold|Protect|p2b: Maushold\n|-singleturn|p2b: Maushold|Protect\n|move|p1b: Politoed|Muddy Water|p2b: Maushold|[spread] p2a\n|-activate|p2b: Maushold|move: Protect\n|-resisted|p2a: Empoleon|1\n|-damage|p2a: Empoleon|78/100\n|-unboost|p2a: Empoleon|accuracy|1\n|-ability|p2a: Empoleon|Competitive|boost\n|-boost|p2a: Empoleon|spa|2\n|move|p2a: Empoleon|Roar|p2b: Maushold\n|drag|p2b: Aerodactyl|Aerodactyl, L50, F|100/100\n|-ability|p2b: Aerodactyl|Unnerve\n|\n|-weather|RainDance|[upkeep]\n|-heal|p2a: Empoleon|84/100|[from] item: Leftovers\n|upkeep\n|turn|4\n|\n|t:|1776103964\n|move|p2b: Aerodactyl|Protect|p2b: Aerodactyl\n|-singleturn|p2b: Aerodactyl|Protect\n|move|p2a: Empoleon|Protect|p2a: Empoleon\n|-singleturn|p2a: Empoleon|Protect\n|move|p1a: Gengar|Shadow Ball|p2a: Empoleon\n|-activate|p2a: Empoleon|move: Protect\n|move|p1b: Politoed|Muddy Water|p2b: Aerodactyl|[spread] \n|-activate|p2a: Empoleon|move: Protect\n|-activate|p2b: Aerodactyl|move: Protect\n|\n|-weather|RainDance|[upkeep]\n|-heal|p2a: Empoleon|90/100|[from] item: Leftovers\n|-sideend|p1: gahelar|move: Tailwind\n|upkeep\n|turn|5\n|\n|t:|1776103985\n|move|p1a: Gengar|Protect|p1a: Gengar\n|-singleturn|p1a: Gengar|Protect\n|move|p2b: Aerodactyl|Tailwind|p2b: Aerodactyl\n|-sidestart|p2: Eon_Edge|move: Tailwind\n|move|p2a: Empoleon|Flash Cannon|p1a: Gengar\n|-activate|p1a: Gengar|move: Protect\n|move|p1b: Politoed|Muddy Water|p2b: Aerodactyl|[spread] p2a\n|-miss|p1b: Politoed|p2b: Aerodactyl\n|-resisted|p2a: Empoleon|1\n|-damage|p2a: Empoleon|74/100\n|\n|-weather|none\n|-heal|p2a: Empoleon|80/100|[from] item: Leftovers\n|upkeep\n|turn|6\n|\n|t:|1776104002\n|move|p2b: Aerodactyl|Rock Slide|p1b: Politoed|[spread] p1a,p1b\n|-damage|p1a: Gengar|0 fnt\n|-damage|p1b: Politoed|79/100\n|faint|p1a: Gengar\n|move|p2a: Empoleon|Hydro Pump|p1b: Politoed|[miss]\n|-miss|p2a: Empoleon|p1b: Politoed\n|move|p1b: Politoed|Muddy Water|p2a: Empoleon|[spread] p2a,p2b\n|-resisted|p2a: Empoleon|1\n|-crit|p2a: Empoleon\n|-supereffective|p2b: Aerodactyl|1\n|-damage|p2a: Empoleon|64/100\n|-damage|p2b: Aerodactyl|41/100\n|-unboost|p2a: Empoleon|accuracy|1\n|-ability|p2a: Empoleon|Competitive|boost\n|-boost|p2a: Empoleon|spa|2\n|\n|-heal|p2a: Empoleon|70/100|[from] item: Leftovers\n|upkeep\n|\n|t:|1776104005\n|switch|p1a: Basculegion|Basculegion, L50, M|100/100\n|turn|7\n|inactive|gahelar has 30 seconds left.\n|inactive|Eon_Edge has 30 seconds left.\n|\n|t:|1776104032\n|move|p2b: Aerodactyl|Protect|p2b: Aerodactyl\n|-singleturn|p2b: Aerodactyl|Protect\n|move|p1a: Basculegion|Last Respects|p2a: Empoleon\n|-damage|p2a: Empoleon|0 fnt\n|faint|p2a: Empoleon\n|move|p1b: Politoed|Muddy Water|p2b: Aerodactyl\n|-activate|p2b: Aerodactyl|move: Protect\n|\n|upkeep\n|\n|t:|1776104036\n|switch|p2a: Maushold|Maushold, L50|100/100\n|turn|8\n|\n|t:|1776104048\n|move|p2b: Aerodactyl|Rock Slide|p1b: Politoed|[spread] p1a,p1b\n|-damage|p1a: Basculegion|70/100\n|-damage|p1b: Politoed|54/100\n|move|p2a: Maushold|Super Fang|p1b: Politoed\n|-damage|p1b: Politoed|27/100\n|cant|p1a: Basculegion|flinch\n|cant|p1b: Politoed|flinch\n|\n|-sideend|p2: Eon_Edge|move: Tailwind\n|upkeep\n|turn|9\n|\n|t:|1776104060\n|move|p1b: Politoed|Protect|p1b: Politoed\n|-singleturn|p1b: Politoed|Protect\n|move|p2a: Maushold|Follow Me|p2a: Maushold\n|-singleturn|p2a: Maushold|move: Follow Me\n|move|p2b: Aerodactyl|Dual Wingbeat|p1b: Politoed\n|-activate|p1b: Politoed|move: Protect\n|move|p1a: Basculegion|Last Respects|p2a: Maushold\n|-immune|p2a: Maushold\n|\n|upkeep\n|turn|10\n|\n|t:|1776104068\n|move|p2a: Maushold|Follow Me|p2a: Maushold\n|-singleturn|p2a: Maushold|move: Follow Me\n|move|p2b: Aerodactyl|Dual Wingbeat|p1b: Politoed\n|-damage|p1b: Politoed|12/100\n|-damage|p1b: Politoed|0 fnt\n|faint|p1b: Politoed\n|-hitcount|p1: Politoed|2\n|move|p1a: Basculegion|Last Respects|p2a: Maushold\n|-immune|p2a: Maushold\n|\n|upkeep\n|turn|11\n|-message|gahelar forfeited.\n|\n|win|Eon_Edge\n|raw|gahelar's rating: 1181 &rarr; <strong>1152</strong><br />(-29 for losing)\n|raw|Eon_Edge's rating: 1126 &rarr; <strong>1155</strong><br />(+29 for winning)\n|l|\u2606gahelar\n|player|p1|\n",
  "uploadtime": 1776104085,
  "views": 16,
  "formatid": "gen9championsvgc2026regma",
  "rating": 1152,
  "private": 0,
  "password": null
}