{
  "id": "gen9championsvgc2026regma-2581762619",
  "format": "[Gen 9 Champions] VGC 2026 Reg M-A",
  "players": [
    "XxThe17thLimexx",
    "harrybxrry"
  ],
  "log": "|j|\u2606XxThe17thLimexx\n|j|\u2606harrybxrry\n|t:|1776026460\n|gametype|doubles\n|player|p1|XxThe17thLimexx|1|1269\n|player|p2|harrybxrry|burglar|1217\n|gen|9\n|tier|[Gen 9 Champions] VGC 2026 Reg M-A\n|rated|\n|rule|Species Clause: Limit one of each Pok\u00e9mon\n|rule|Item Clause: Limit 1 of each item\n|clearpoke\n|poke|p1|Tyranitar, L50, M|\n|poke|p1|Sylveon, L50, F|\n|poke|p1|Blastoise, L50, M|\n|poke|p1|Farigiraf, L50, M|\n|poke|p1|Talonflame, L50, M|\n|poke|p1|Sinistcha, L50|\n|poke|p2|Scovillain, L50, M|\n|poke|p2|Kingambit, L50, F|\n|poke|p2|Dragonite, L50, M|\n|poke|p2|Primarina, L50, M|\n|poke|p2|Sneasler, L50, M|\n|poke|p2|Garchomp, L50, M|\n|teampreview|4\nharrybxrry has agreed to open team sheets.\n|inactive|Battle timer is ON: inactive players will automatically lose when time's up. (requested by harrybxrry)\n|\n|t:|1776026489\n|teamsize|p1|4\n|teamsize|p2|4\n|start\n|switch|p1a: Blastoise|Blastoise, L50, M|100/100\n|switch|p1b: Farigiraf|Farigiraf, L50, M|100/100\n|switch|p2a: Scovillain|Scovillain, L50, M|100/100\n|switch|p2b: Kingambit|Kingambit, L50, F|100/100\n|turn|1\n|\n|t:|1776026509\n|detailschange|p2a: Scovillain|Scovillain-Mega, L50, M\n|-mega|p2a: Scovillain|Scovillain|Scovillainite\n|move|p1a: Blastoise|Fake Out|p2b: Kingambit\n|-resisted|p2b: Kingambit|1\n|-damage|p2b: Kingambit|98/100\n|move|p2a: Scovillain|Giga Drain|p1a: Blastoise\n|-supereffective|p1a: Blastoise|1\n|-damage|p1a: Blastoise|38/100\n|-enditem|p1a: Blastoise|Sitrus Berry|[eat]\n|-heal|p1a: Blastoise|63/100|[from] item: Sitrus Berry\n|move|p1b: Farigiraf|Psychic|p2a: Scovillain\n|-damage|p2a: Scovillain|67/100\n|-status|p1b: Farigiraf|brn|[from] ability: Spicy Spray|[of] p2a: Scovillain\n|cant|p2b: Kingambit|flinch\n|\n|-damage|p1b: Farigiraf|94/100 brn|[from] brn\n|upkeep\n|turn|2\n|\n|t:|1776026528\n|move|p1a: Blastoise|Protect|p1a: Blastoise\n|-singleturn|p1a: Blastoise|Protect\n|move|p2a: Scovillain|Giga Drain|p1a: Blastoise\n|-activate|p1a: Blastoise|move: Protect\n|move|p1b: Farigiraf|Psychic|p2a: Scovillain\n|-damage|p2a: Scovillain|30/100\n|move|p2b: Kingambit|Kowtow Cleave|p1b: Farigiraf\n|-supereffective|p1b: Farigiraf|1\n|-damage|p1b: Farigiraf|0 fnt\n|faint|p1b: Farigiraf\n|\n|upkeep\n|\n|t:|1776026541\n|switch|p1b: Sylveon|Sylveon, L50, F|100/100\n|turn|3\n|\n|t:|1776026552\n|move|p2a: Scovillain|Protect|p2a: Scovillain\n|-singleturn|p2a: Scovillain|Protect\n|move|p1a: Blastoise|Icy Wind|p2b: Kingambit|[spread] p2b\n|-activate|p2a: Scovillain|move: Protect\n|-resisted|p2b: Kingambit|1\n|-damage|p2b: Kingambit|93/100\n|-unboost|p2b: Kingambit|spe|1\n|-ability|p2b: Kingambit|Defiant|boost\n|-boost|p2b: Kingambit|atk|2\n|move|p1b: Sylveon|Hyper Voice|p2a: Scovillain|[spread] p2b\n|-activate|p2a: Scovillain|move: Protect\n|-damage|p2b: Kingambit|43/100\n|move|p2b: Kingambit|Iron Head|p1b: Sylveon\n|-supereffective|p1b: Sylveon|1\n|-damage|p1b: Sylveon|0 fnt\n|faint|p1b: Sylveon\n|\n|upkeep\n|\n|t:|1776026569\n|switch|p1b: Tyranitar|Tyranitar, L50, M|100/100\n|-weather|Sandstorm|[from] ability: Sand Stream|[of] p1b: Tyranitar\n|turn|4\n|\n|t:|1776026579\n|detailschange|p1b: Tyranitar|Tyranitar-Mega, L50, M\n|-mega|p1b: Tyranitar|Tyranitar|Tyranitarite\n|move|p2a: Scovillain|Rage Powder|p2a: Scovillain\n|-singleturn|p2a: Scovillain|move: Rage Powder\n|move|p1a: Blastoise|Chilling Water|p2a: Scovillain\n|-damage|p2a: Scovillain|15/100\n|-unboost|p2a: Scovillain|atk|1\n|-status|p1a: Blastoise|brn|[from] ability: Spicy Spray|[of] p2a: Scovillain\n|move|p1b: Tyranitar|Low Kick|p2a: Scovillain\n|-damage|p2a: Scovillain|0 fnt\n|-status|p1b: Tyranitar|brn|[from] ability: Spicy Spray|[of] p2a: Scovillain\n|faint|p2a: Scovillain\n|move|p2b: Kingambit|Iron Head|p1b: Tyranitar\n|-supereffective|p1b: Tyranitar|1\n|-damage|p1b: Tyranitar|0 fnt\n|faint|p1b: Tyranitar\n|\n|-weather|Sandstorm|[upkeep]\n|-damage|p1a: Blastoise|57/100 brn|[from] Sandstorm\n|-damage|p1a: Blastoise|51/100 brn|[from] brn\n|upkeep\n|c|\u2606XxThe17thLimexx|Gg\n|\n|t:|1776026597\n|switch|p2a: Sneasler|Sneasler, L50, M|100/100\n|turn|5\n|-message|XxThe17thLimexx forfeited.\n|\n|win|harrybxrry\n|raw|XxThe17thLimexx's rating: 1269 &rarr; <strong>1240</strong><br />(-29 for losing)\n|raw|harrybxrry's rating: 1217 &rarr; <strong>1246</strong><br />(+29 for winning)\n|l|\u2606XxThe17thLimexx\n|player|p1|\n",
  "uploadtime": 1776026675,
  "views": 25,
  "formatid": "gen9championsvgc2026regma",
  "rating": 1240,
  "private": 0,
  "password": null
}