{
  "id": "gen9championsvgc2026regma-2584543239",
  "format": "[Gen 9 Champions] VGC 2026 Reg M-A",
  "players": [
    "Zeke837",
    "CanYouFeelTheRush?"
  ],
  "log": "|j|\u2606Zeke837\n|j|\u2606CanYouFeelTheRush?\n|html|<table width=\"100%\"><tr><td align=\"left\">Zeke837</td><td align=\"right\">CanYouFeelTheRush?</tr><tr><td align=\"left\"><i class=\"fa fa-circle-o\"></i> <i class=\"fa fa-circle-o\"></i> </td><td align=\"right\"><i class=\"fa fa-circle-o\"></i> <i class=\"fa fa-circle-o\"></i> </tr></table>\n|uhtml|bestof|<h2><strong>Game 1</strong> of <a href=\"/game-bestof3-gen9championsvgc2026regma-2584543238\">a best-of-3</a></h2>\n|t:|1776267707\n|gametype|doubles\n|player|p1|Zeke837|miku-ground|\n|player|p2|CanYouFeelTheRush?|266|\n|gen|9\n|tier|[Gen 9 Champions] VGC 2026 Reg M-A\n|rated|Tournament battle\n|rule|Species Clause: Limit one of each Pok\u00e9mon\n|rule|Item Clause: Limit 1 of each item\n|raw|<div class=\"infobox\"><details class=\"readmore\" open><summary><strong>2 custom rules:</strong></summary> Force Open Team Sheets, Best of = 3</details></div>\n|clearpoke\n|poke|p1|Araquanid, L50, M|\n|poke|p1|Meganium, L50, M|\n|poke|p1|Pelipper, L50, M|\n|poke|p1|Basculegion, L50, M|\n|poke|p1|Scizor, L50, M|\n|poke|p1|Gliscor, L50, F|\n|poke|p2|Whimsicott, L50, M|\n|poke|p2|Incineroar, L50, F|\n|poke|p2|Garchomp, L50, F|\n|poke|p2|Floette-Eternal, L50, F|\n|poke|p2|Sneasler, L50, F|\n|poke|p2|Corviknight, L50, M|\n|teampreview|4\n|showteam|p1|Araquanid||MysticWater|WaterBubble|Lunge,PoisonJab,Protect,Liquidation|||M|||50|]Meganium||Meganiumite|Overgrow|DazzlingGleam,WeatherBall,Protect,SolarBeam|||M|||50|]Pelipper||Leftovers|Drizzle|Protect,Tailwind,IcyWind,Hurricane|||M|||50|]Basculegion||WhiteHerb|SwiftSwim|LastRespects,FlipTurn,Protect,Liquidation|||M|||50|]Scizor||MetalCoat|Technician|BulletPunch,Tailwind,IronHead,Protect|||M|||50|]Gliscor||YacheBerry|HyperCutter|Acrobatics,Earthquake,Tailwind,RainDance|||F|||50|\n|showteam|p2|Whimsicott||FocusSash|Prankster|Protect,Moonblast,Encore,Tailwind|||M|||50|]Incineroar||SitrusBerry|Intimidate|FakeOut,ThroatChop,FlareBlitz,PartingShot|||F|||50|]Garchomp||LumBerry|RoughSkin|Protect,StompingTantrum,DragonClaw,RockSlide|||F|||50|]Floette-Eternal||Floettite|FlowerVeil|Protect,Moonblast,Psychic,DazzlingGleam|||F|||50|]Sneasler||WhiteHerb|Unburden|FakeOut,CloseCombat,DireClaw,RockTomb|||F|||50|]Corviknight||Leftovers|Unnerve|BraveBird,IronHead,BodyPress,Roost|||M|||50|\n|inactive|Battle timer is ON: inactive players will automatically lose when time's up. (requested by CanYouFeelTheRush?)\n|inactive|CanYouFeelTheRush? has 60 seconds left.\n|inactive|CanYouFeelTheRush? has 30 seconds left.\n|inactive|CanYouFeelTheRush? has 20 seconds left.\n|inactive|CanYouFeelTheRush? has 15 seconds left.\n|\n|t:|1776267786\n|teamsize|p1|4\n|teamsize|p2|4\n|start\n|switch|p1a: Pelipper|Pelipper, L50, M, shiny|100/100\n|switch|p1b: Scizor|Scizor, L50, M|100/100\n|switch|p2a: Incineroar|Incineroar, L50, F|100/100\n|switch|p2b: Floette|Floette-Eternal, L50, F|100/100\n|-weather|RainDance|[from] ability: Drizzle|[of] p1a: Pelipper\n|-ability|p2a: Incineroar|Intimidate|boost\n|-unboost|p1a: Pelipper|atk|1\n|-unboost|p1b: Scizor|atk|1\n|turn|1\n|\n|t:|1776267799\n|switch|p2a: Sneasler|Sneasler, L50, F|100/100\n|detailschange|p2b: Floette|Floette-Mega, L50, F\n|-mega|p2b: Floette|Floette|Floettite\n|-ability|p2b: Floette|Fairy Aura\n|move|p2b: Floette|Dazzling Gleam|p1a: Pelipper|[spread] p1a,p1b\n|-resisted|p1b: Scizor|1\n|-damage|p1a: Pelipper|46/100\n|-damage|p1b: Scizor|65/100\n|move|p1b: Scizor|Tailwind|p1b: Scizor\n|-sidestart|p1: Zeke837|move: Tailwind\n|move|p1a: Pelipper|Tailwind||[still]\n|-fail|p1a: Pelipper\n|\n|-weather|RainDance|[upkeep]\n|-heal|p1a: Pelipper|52/100|[from] item: Leftovers\n|upkeep\n|turn|2\n|\n|t:|1776267822\n|switch|p2a: Incineroar|Incineroar, L50, F|100/100\n|-ability|p2a: Incineroar|Intimidate|boost\n|-unboost|p1a: Pelipper|atk|1\n|-unboost|p1b: Scizor|atk|1\n|move|p1b: Scizor|Protect|p1b: Scizor\n|-singleturn|p1b: Scizor|Protect\n|move|p1a: Pelipper|Hurricane|p2a: Incineroar\n|-damage|p2a: Incineroar|64/100\n|-start|p2a: Incineroar|confusion\n|move|p2b: Floette|Dazzling Gleam|p1b: Scizor|[spread] p1a\n|-activate|p1b: Scizor|move: Protect\n|-damage|p1a: Pelipper|0 fnt\n|faint|p1a: Pelipper\n|\n|-weather|RainDance|[upkeep]\n|upkeep\n|\n|t:|1776267831\n|switch|p1a: Basculegion|Basculegion, L50, M, shiny|100/100\n|turn|3\n|\n|t:|1776267850\n|switch|p1b: Meganium|Meganium, L50, M, shiny|100/100\n|move|p2b: Floette|Protect|p2b: Floette\n|-singleturn|p2b: Floette|Protect\n|move|p1a: Basculegion|Last Respects|p2b: Floette\n|-activate|p2b: Floette|move: Protect\n|-activate|p2a: Incineroar|confusion\n|-damage|p2a: Incineroar|55/100|[from] confusion\n|\n|-weather|RainDance|[upkeep]\n|upkeep\n|turn|4\n|\n|t:|1776267869\n|switch|p2b: Whimsicott|Whimsicott, L50, M|100/100\n|move|p1a: Basculegion|Last Respects|p2b: Whimsicott\n|-damage|p2b: Whimsicott|17/100\n|move|p1b: Meganium|Weather Ball|p2a: Incineroar\n|-supereffective|p2a: Incineroar|1\n|-damage|p2a: Incineroar|0 fnt\n|faint|p2a: Incineroar\n|\n|-weather|RainDance|[upkeep]\n|-sideend|p1: Zeke837|move: Tailwind\n|upkeep\n|\n|t:|1776267878\n|switch|p2a: Floette|Floette-Mega, L50, F|100/100\n|-ability|p2a: Floette|Fairy Aura\n|turn|5\n|\n|t:|1776267889\n|detailschange|p1b: Meganium|Meganium-Mega, L50, M, shiny\n|-mega|p1b: Meganium|Meganium|Meganiumite\n|move|p2b: Whimsicott|Tailwind|p2b: Whimsicott\n|-sidestart|p2: CanYouFeelTheRush?|move: Tailwind\n|move|p2a: Floette|Moonblast|p1a: Basculegion\n|-damage|p1a: Basculegion|17/100\n|-unboost|p1a: Basculegion|spa|1\n|-enditem|p1a: Basculegion|White Herb\n|-clearnegativeboost|p1a: Basculegion|[silent]\n|move|p1a: Basculegion|Last Respects|p2a: Floette\n|-damage|p2a: Floette|40/100\n|move|p1b: Meganium|Dazzling Gleam|p2b: Whimsicott|[spread] p2a,p2b\n|-damage|p2a: Floette|7/100\n|-damage|p2b: Whimsicott|0 fnt\n|faint|p2b: Whimsicott\n|\n|-weather|none\n|upkeep\n|\n|t:|1776267894\n|switch|p2b: Sneasler|Sneasler, L50, F|100/100\n|turn|6\n|\n|t:|1776267908\n|move|p2b: Sneasler|Dire Claw|p1b: Meganium\n|-supereffective|p1b: Meganium|2\n|-damage|p1b: Meganium|0 fnt\n|faint|p1b: Meganium\n|move|p2a: Floette|Dazzling Gleam|p1a: Basculegion\n|-damage|p1a: Basculegion|0 fnt\n|faint|p1a: Basculegion\n|\n|upkeep\n|\n|t:|1776267911\n|switch|p1b: Scizor|Scizor, L50, M|65/100\n|turn|7\n|\n|t:|1776267918\n|move|p1b: Scizor|Bullet Punch|p2a: Floette\n|-supereffective|p2a: Floette|1\n|-damage|p2a: Floette|0 fnt\n|faint|p2a: Floette\n|move|p2b: Sneasler|Close Combat|p1b: Scizor\n|-damage|p1b: Scizor|0 fnt\n|-unboost|p2b: Sneasler|def|1\n|-unboost|p2b: Sneasler|spd|1\n|faint|p1b: Scizor\n|\n|win|CanYouFeelTheRush?\n",
  "uploadtime": 1776267920,
  "views": 15,
  "formatid": "gen9championsvgc2026regma",
  "rating": null,
  "private": 0,
  "password": null
}