{
  "id": "gen9championsvgc2026regma-2589405251",
  "format": "[Gen 9 Champions] VGC 2026 Reg M-A",
  "players": [
    "andrepinto42",
    "Fornias"
  ],
  "log": "|j|\u2606andrepinto42\n|j|\u2606Fornias\n|t:|1776720264\n|gametype|doubles\n|player|p1|andrepinto42|169|1061\n|player|p2|Fornias|harlequin|1063\n|gen|9\n|tier|[Gen 9 Champions] VGC 2026 Reg M-A\n|rated|\n|rule|Species Clause: Limit one of each Pok\u00e9mon\n|rule|Item Clause: Limit 1 of each item\n|clearpoke\n|poke|p1|Whimsicott, L50, M|\n|poke|p1|Heracross, L50, M|\n|poke|p1|Cofagrigus, L50, M|\n|poke|p1|Torkoal, L50, M|\n|poke|p1|Dragapult, L50, F|\n|poke|p1|Starmie, L50|\n|poke|p2|Charizard, L50, M, shiny|\n|poke|p2|Venusaur, L50, F|\n|poke|p2|Aerodactyl, L50, F|\n|poke|p2|Garchomp, L50, F|\n|poke|p2|Incineroar, L50, M|\n|poke|p2|Sneasler, L50, M, shiny|\n|teampreview|4\n|inactive|Battle timer is ON: inactive players will automatically lose when time's up. (requested by Fornias)\n|inactive|Fornias has 60 seconds left.\nandrepinto42 rejected open team sheets.\n|\n|t:|1776720303\n|teamsize|p1|4\n|teamsize|p2|4\n|start\n|switch|p1a: Dragapult|Dragapult, L50, F|100/100\n|switch|p1b: Cofagrigus|Cofagrigus, L50, M|100/100\n|switch|p2a: Charizard|Charizard, L50, M, shiny|100/100\n|switch|p2b: Salada|Venusaur, L50, F|100/100\n|turn|1\n|inactive|andrepinto42 has 30 seconds left.\n|inactive|Fornias has 30 seconds left.\n|inactive|andrepinto42 has 20 seconds left.\n|inactive|Fornias has 20 seconds left.\n|\n|t:|1776720348\n|detailschange|p2a: Charizard|Charizard-Mega-Y, L50, M, shiny\n|-mega|p2a: Charizard|Charizard|Charizardite Y\n|-weather|SunnyDay|[from] ability: Drought|[of] p2a: Charizard\n|move|p1b: Cofagrigus|Protect|p1b: Cofagrigus\n|-singleturn|p1b: Cofagrigus|Protect\n|move|p1a: Dragapult|U-turn|p2b: Salada\n|-damage|p2b: Salada|77/100\n|\n|t:|1776720355\n|switch|p1a: Starmie|Starmie, L50|100/100|[from] U-turn\n|move|p2b: Salada|Sleep Powder|p1a: Starmie\n|-status|p1a: Starmie|slp|[from] move: Sleep Powder\n|move|p2a: Charizard|Solar Beam||[still]\n|-prepare|p2a: Charizard|Solar Beam\n|-anim|p2a: Charizard|Solar Beam|p1b: Cofagrigus\n|-activate|p1b: Cofagrigus|move: Protect\n|\n|-weather|SunnyDay|[upkeep]\n|-heal|p2b: Salada|82/100|[from] item: Leftovers\n|upkeep\n|turn|2\n|inactive|andrepinto42 has 30 seconds left.\n|inactive|andrepinto42 has 20 seconds left.\n|\n|t:|1776720391\n|-curestatus|p1a: Starmie|slp|[from] ability: Natural Cure\n|switch|p1a: Dragapult|Dragapult, L50, F|100/100\n|switch|p2a: Aerodactyl|Aerodactyl, L50, F|100/100\n|-ability|p2a: Aerodactyl|Unnerve\n|move|p2b: Salada|Sleep Powder|p1b: Cofagrigus\n|-status|p1b: Cofagrigus|slp|[from] move: Sleep Powder\n|cant|p1b: Cofagrigus|slp\n|\n|-weather|SunnyDay|[upkeep]\n|-heal|p2b: Salada|88/100|[from] item: Leftovers\n|upkeep\n|turn|3\n|inactive|andrepinto42 has 30 seconds left.\n|inactive|Fornias has 30 seconds left.\n|inactive|andrepinto42 has 20 seconds left.\n|\n|t:|1776720426\n|move|p2b: Salada|Protect|p2b: Salada\n|-singleturn|p2b: Salada|Protect\n|move|p1a: Dragapult|Draco Meteor|p2a: Aerodactyl\n|-damage|p2a: Aerodactyl|20/100\n|-unboost|p1a: Dragapult|spa|2\n|move|p2a: Aerodactyl|Rock Slide|p1a: Dragapult|[spread] p1a,p1b\n|-damage|p1a: Dragapult|66/100\n|-damage|p1b: Cofagrigus|79/100 slp\n|cant|p1b: Cofagrigus|slp\n|\n|-weather|SunnyDay|[upkeep]\n|-heal|p2b: Salada|94/100|[from] item: Leftovers\n|-heal|p1b: Cofagrigus|85/100 slp|[from] item: Leftovers\n|upkeep\n|turn|4\n|\n|t:|1776720447\n|move|p1a: Dragapult|Draco Meteor|p2a: Aerodactyl|[miss]\n|-miss|p1a: Dragapult|p2a: Aerodactyl\n|move|p2b: Salada|Sleep Powder|p1a: Dragapult\n|-status|p1a: Dragapult|slp|[from] move: Sleep Powder\n|move|p2a: Aerodactyl|Rock Slide|p1a: Dragapult|[spread] p1a,p1b\n|-damage|p1a: Dragapult|28/100 slp\n|-damage|p1b: Cofagrigus|63/100 slp\n|-curestatus|p1b: Cofagrigus|slp|[msg]\n|cant|p1b: Cofagrigus|flinch\n|\n|-weather|SunnyDay|[upkeep]\n|-heal|p2b: Salada|99/100|[from] item: Leftovers\n|-heal|p1b: Cofagrigus|69/100|[from] item: Leftovers\n|upkeep\n|turn|5\n|inactive|Fornias has 30 seconds left.\n|\n|t:|1776720476\n|switch|p1b: Whimsicott|Whimsicott, L50, M|100/100\n|cant|p1a: Dragapult|slp\n|move|p2b: Salada|Solar Beam||[still]\n|-prepare|p2b: Salada|Solar Beam\n|-anim|p2b: Salada|Solar Beam|p1a: Dragapult\n|-resisted|p1a: Dragapult|1\n|-damage|p1a: Dragapult|0 fnt\n|faint|p1a: Dragapult\n|move|p2a: Aerodactyl|Rock Slide|p1b: Whimsicott\n|-crit|p1b: Whimsicott\n|-damage|p1b: Whimsicott|50/100\n|\n|-weather|none\n|-heal|p2b: Salada|100/100|[from] item: Leftovers\n|upkeep\n|\n|t:|1776720491\n|switch|p1a: Starmie|Starmie, L50|100/100\n|turn|6\n|\n|t:|1776720507\n|move|p1b: Whimsicott|Light Screen|p1b: Whimsicott\n|-sidestart|p1: andrepinto42|move: Light Screen\n|move|p2a: Aerodactyl|Sunny Day|p2a: Aerodactyl\n|-weather|SunnyDay\n|move|p2b: Salada|Sleep Powder|p1a: Starmie\n|-status|p1a: Starmie|slp|[from] move: Sleep Powder\n|cant|p1a: Starmie|slp\n|\n|-weather|SunnyDay|[upkeep]\n|upkeep\n|turn|7\n|\n|t:|1776720526\n|switch|p2b: Magniferno|Incineroar, L50, M|100/100\n|-ability|p2b: Magniferno|Intimidate|boost\n|-unboost|p1a: Starmie|atk|1\n|-unboost|p1b: Whimsicott|atk|1\n|-curestatus|p1a: Starmie|slp|[from] ability: Natural Cure\n|switch|p1a: Cofagrigus|Cofagrigus, L50, M|69/100\n|move|p1b: Whimsicott|Tailwind|p1b: Whimsicott\n|-sidestart|p1: andrepinto42|move: Tailwind\n|move|p2a: Aerodactyl|Dual Wingbeat|p1b: Whimsicott\n|-supereffective|p1b: Whimsicott|1\n|-damage|p1b: Whimsicott|14/100\n|-supereffective|p1b: Whimsicott|1\n|-damage|p1b: Whimsicott|0 fnt\n|faint|p1b: Whimsicott\n|-hitcount|p1: Whimsicott|2\n|\n|-weather|SunnyDay|[upkeep]\n|-heal|p1a: Cofagrigus|75/100|[from] item: Leftovers\n|upkeep\n|-message|andrepinto42 forfeited.\n|\n|win|Fornias\n|raw|andrepinto42's rating: 1061 &rarr; <strong>1042</strong><br />(-19 for losing)\n|raw|Fornias's rating: 1063 &rarr; <strong>1093</strong><br />(+30 for winning)\n|l|\u2606andrepinto42\n|player|p1|\n",
  "uploadtime": 1776720547,
  "views": 10,
  "formatid": "gen9championsvgc2026regma",
  "rating": 1042,
  "private": 0,
  "password": null
}