{
  "id": "gen9championsvgc2026regma-2587977826",
  "format": "[Gen 9 Champions] VGC 2026 Reg M-A",
  "players": [
    "ray_game0",
    "blvckcat121"
  ],
  "log": "|j|\u2606ray_game0\n|j|\u2606blvckcat121\n|t:|1776587744\n|gametype|doubles\n|player|p1|ray_game0|102|1000\n|player|p2|blvckcat121|169|1048\n|gen|9\n|tier|[Gen 9 Champions] VGC 2026 Reg M-A\n|rated|\n|rule|Species Clause: Limit one of each Pok\u00e9mon\n|rule|Item Clause: Limit 1 of each item\n|clearpoke\n|poke|p1|Runerigus, L50, M|\n|poke|p1|Diggersby, L50, M|\n|poke|p1|Garchomp, L50, F|\n|poke|p1|Charizard, L50, M|\n|poke|p1|Froslass, L50, F|\n|poke|p1|Kingambit, L50, F|\n|poke|p2|Charizard, L50, M|\n|poke|p2|Whimsicott, L50, F|\n|poke|p2|Garchomp, L50, F|\n|poke|p2|Incineroar, L50, F|\n|poke|p2|Sneasler, L50, F|\n|poke|p2|Farigiraf, L50, F|\n|teampreview|4\n|\n|t:|1776587788\n|teamsize|p1|4\n|teamsize|p2|4\n|start\n|switch|p1a: Runerigus|Runerigus, L50, M|100/100\n|switch|p1b: Diggersby|Diggersby, L50, M|100/100\n|switch|p2a: Whimsicott|Whimsicott, L50, F|100/100\n|switch|p2b: Incineroar|Incineroar, L50, F|100/100\n|-ability|p2b: Incineroar|Intimidate|boost\n|-unboost|p1a: Runerigus|atk|1\n|-unboost|p1b: Diggersby|atk|1\n|turn|1\n|\n|t:|1776587807\n|move|p1b: Diggersby|Protect|p1b: Diggersby\n|-singleturn|p1b: Diggersby|Protect\n|move|p2b: Incineroar|Fake Out|p1a: Runerigus\n|-immune|p1a: Runerigus\n|move|p2a: Whimsicott|Tailwind|p2a: Whimsicott\n|-sidestart|p2: blvckcat121|move: Tailwind\n|move|p1a: Runerigus|Stealth Rock|p2a: Whimsicott\n|-sidestart|p2: blvckcat121|move: Stealth Rock\n|\n|upkeep\n|turn|2\n|\n|t:|1776587826\n|move|p2a: Whimsicott|Encore|p1b: Diggersby\n|-start|p1b: Diggersby|Encore\n|move|p1b: Diggersby|Protect||[still]\n|-fail|p1b: Diggersby\n|move|p2b: Incineroar|Parting Shot|p1a: Runerigus\n|-unboost|p1a: Runerigus|atk|1\n|-unboost|p1a: Runerigus|spa|1\n|\n|t:|1776587838\n|switch|p2b: Garchomp|Garchomp, L50, F|100/100|[from] Parting Shot\n|-damage|p2b: Garchomp|95/100|[from] Stealth Rock\n|move|p1a: Runerigus|Skill Swap|p1b: Diggersby\n|-activate|p1a: Runerigus|Skill Swap|||[of] p1b: Diggersby\n|\n|upkeep\n|turn|3\n|\n|t:|1776587859\n|switch|p1b: Garchomp|Garchomp, L50, F|100/100\n|move|p2a: Whimsicott|Encore|p1a: Runerigus\n|-start|p1a: Runerigus|Encore\n|-enditem|p1a: Runerigus|Mental Herb\n|-end|p1a: Runerigus|Encore\n|move|p2b: Garchomp|Dragon Claw|p1a: Runerigus\n|-damage|p1a: Runerigus|67/100\n|move|p1a: Runerigus|Skill Swap|p1b: Garchomp\n|-activate|p1a: Runerigus|Skill Swap|||[of] p1b: Garchomp\n|\n|upkeep\n|turn|4\n|\n|t:|1776587879\n|move|p1b: Garchomp|Protect|p1b: Garchomp\n|-singleturn|p1b: Garchomp|Protect\n|move|p2b: Garchomp|Dragon Claw|p1b: Garchomp\n|-activate|p1b: Garchomp|move: Protect\n|move|p2a: Whimsicott|Moonblast|p1b: Garchomp\n|-activate|p1b: Garchomp|move: Protect\n|move|p1a: Runerigus|Memento|p2b: Garchomp\n|-unboost|p2b: Garchomp|atk|2\n|-unboost|p2b: Garchomp|spa|2\n|faint|p1a: Runerigus\n|\n|-sideend|p2: blvckcat121|move: Tailwind\n|upkeep\n|\n|t:|1776587893\n|switch|p1a: Froslass|Froslass, L50, F|100/100\n|turn|5\n|\n|t:|1776587908\n|detailschange|p1a: Froslass|Froslass-Mega, L50, F\n|-mega|p1a: Froslass|Froslass|Froslassite\n|-weather|Snowscape|[from] ability: Snow Warning|[of] p1a: Froslass\n|move|p2a: Whimsicott|Encore|p1b: Garchomp\n|-start|p1b: Garchomp|Encore\n|move|p1b: Garchomp|Protect||[still]\n|-fail|p1b: Garchomp\n|move|p2b: Garchomp|Dragon Claw|p1b: Garchomp\n|-supereffective|p1b: Garchomp|1\n|-damage|p1b: Garchomp|58/100\n|move|p1a: Froslass|Blizzard|p2b: Garchomp|[spread] p2a,p2b\n|-supereffective|p2a: Whimsicott|1\n|-supereffective|p2b: Garchomp|2\n|-enditem|p2a: Whimsicott|Focus Sash\n|-damage|p2a: Whimsicott|1/100\n|-damage|p2b: Garchomp|0 fnt\n|faint|p2b: Garchomp\n|\n|-weather|Snowscape|[upkeep]\n|upkeep\n|\n|t:|1776587923\n|switch|p2b: Charizard|Charizard, L50, M|100/100\n|-damage|p2b: Charizard|51/100|[from] Stealth Rock\n|turn|6\n|\n|t:|1776587929\n|switch|p1a: Diggersby|Diggersby, L50, M|100/100\n|detailschange|p2b: Charizard|Charizard-Mega-Y, L50, M\n|-mega|p2b: Charizard|Charizard|Charizardite Y\n|-weather|SunnyDay|[from] ability: Drought|[of] p2b: Charizard\n|move|p1b: Garchomp|Protect|p1b: Garchomp\n|-singleturn|p1b: Garchomp|Protect\n|move|p2a: Whimsicott|Tailwind|p2a: Whimsicott\n|-sidestart|p2: blvckcat121|move: Tailwind\n|move|p2b: Charizard|Heat Wave|p1a: Diggersby|[spread] p1a\n|-activate|p1b: Garchomp|move: Protect\n|-damage|p1a: Diggersby|31/100\n|\n|-weather|SunnyDay|[upkeep]\n|upkeep\n|turn|7\n|\n|t:|1776587955\n|move|p1b: Garchomp|Protect||[still]\n|-fail|p1b: Garchomp\n|move|p2a: Whimsicott|Sunny Day||[still]\n|-fail|p2a: Whimsicott\n|move|p1a: Diggersby|Quick Attack|p2a: Whimsicott\n|-damage|p2a: Whimsicott|0 fnt\n|faint|p2a: Whimsicott\n|move|p2b: Charizard|Heat Wave|p1a: Diggersby|[spread] p1a\n|-miss|p2b: Charizard|p1b: Garchomp\n|-crit|p1a: Diggersby\n|-damage|p1a: Diggersby|0 fnt\n|faint|p1a: Diggersby\n|\n|-weather|SunnyDay|[upkeep]\n|-end|p1b: Garchomp|Encore\n|upkeep\n|\n|t:|1776587968\n|switch|p2a: Incineroar|Incineroar, L50, F|100/100\n|switch|p1a: Froslass|Froslass-Mega, L50, F|100/100\n|-weather|Snowscape|[from] ability: Snow Warning|[of] p1a: Froslass\n|-damage|p2a: Incineroar|76/100|[from] Stealth Rock\n|-ability|p2a: Incineroar|Intimidate|boost\n|-unboost|p1a: Froslass|atk|1\n|-unboost|p1b: Garchomp|atk|1\n|turn|8\n|\n|t:|1776587992\n|move|p2a: Incineroar|Fake Out|p1b: Garchomp\n|-damage|p1b: Garchomp|46/100\n|move|p2b: Charizard|Heat Wave|p1b: Garchomp|[spread] p1a,p1b\n|-supereffective|p1a: Froslass|1\n|-resisted|p1b: Garchomp|1\n|-damage|p1a: Froslass|0 fnt\n|-damage|p1b: Garchomp|22/100\n|faint|p1a: Froslass\n|cant|p1b: Garchomp|flinch\n|\n|-weather|Snowscape|[upkeep]\n|upkeep\n|turn|9\n|\n|t:|1776588014\n|move|p1b: Garchomp|Protect|p1b: Garchomp\n|-singleturn|p1b: Garchomp|Protect\n|move|p2b: Charizard|Air Slash|p1b: Garchomp\n|-activate|p1b: Garchomp|move: Protect\n|move|p2a: Incineroar|Darkest Lariat|p1b: Garchomp\n|-activate|p1b: Garchomp|move: Protect\n|\n|-weather|Snowscape|[upkeep]\n|-sideend|p2: blvckcat121|move: Tailwind\n|upkeep\n|turn|10\n|\n|t:|1776588029\n|move|p1b: Garchomp|Rock Slide|p2a: Incineroar|[spread] p2a,p2b\n|-supereffective|p2a: Incineroar|1\n|-supereffective|p2b: Charizard|2\n|-damage|p2a: Incineroar|22/100\n|-damage|p2b: Charizard|0 fnt\n|-enditem|p2a: Incineroar|Sitrus Berry|[eat]\n|-heal|p2a: Incineroar|47/100|[from] item: Sitrus Berry\n|faint|p2b: Charizard\n|move|p2a: Incineroar|Darkest Lariat|p1b: Garchomp\n|-damage|p1b: Garchomp|0 fnt\n|faint|p1b: Garchomp\n|\n|win|blvckcat121\n",
  "uploadtime": 1776587747,
  "views": 7,
  "formatid": "gen9championsvgc2026regma",
  "rating": null,
  "private": 0,
  "password": null
}