{
  "id": "gen9championsvgc2026regma-2580605421",
  "format": "[Gen 9 Champions] VGC 2026 Reg M-A",
  "players": [
    "eatyourweetabix",
    "azelflux"
  ],
  "log": "|j|\u2606eatyourweetabix\n|j|\u203dazelflux\n|t:|1775917397\n|gametype|doubles\n|player|p1|eatyourweetabix|byron|1064\n|player|p2|azelflux|n|1080\n|gen|9\n|tier|[Gen 9 Champions] VGC 2026 Reg M-A\n|rated|\n|rule|Species Clause: Limit one of each Pok\u00e9mon\n|rule|Item Clause: Limit 1 of each item\n|clearpoke\n|poke|p1|Sneasler, L50, F|\n|poke|p1|Aggron, L50, M|\n|poke|p1|Farigiraf, L50, F|\n|poke|p1|Sinistcha, L50|\n|poke|p1|Rhyperior, L50, M|\n|poke|p1|Hatterene, L50, F|\n|poke|p2|Meganium, L50, F|\n|poke|p2|Farigiraf, L50, F|\n|poke|p2|Pelipper, L50, M|\n|poke|p2|Basculegion-F, L50, F|\n|poke|p2|Excadrill, L50, M|\n|poke|p2|Raichu, L50, F|\n|teampreview|4\n|inactive|Battle timer is ON: inactive players will automatically lose when time's up. (requested by azelflux)\n|\n|t:|1775917437\n|teamsize|p1|4\n|teamsize|p2|4\n|start\n|switch|p1a: Sneasler|Sneasler, L50, F|100/100\n|switch|p1b: Aggron|Aggron, L50, M|100/100\n|switch|p2a: Excadrill|Excadrill, L50, M|100/100\n|switch|p2b: Farigiraf|Farigiraf, L50, F|100/100\n|-ability|p2a: Excadrill|Mold Breaker\n|turn|1\n|\n|t:|1775917457\n|detailschange|p1b: Aggron|Aggron-Mega, L50, M\n|-mega|p1b: Aggron|Aggron|Aggronite\n|move|p2a: Excadrill|High Horsepower|p1a: Sneasler\n|-supereffective|p1a: Sneasler|1\n|-enditem|p1a: Sneasler|Focus Sash\n|-damage|p1a: Sneasler|1/100\n|move|p1a: Sneasler|Coaching|p1b: Aggron\n|-boost|p1b: Aggron|atk|1\n|-boost|p1b: Aggron|def|1\n|move|p2b: Farigiraf|Psychic|p1a: Sneasler\n|-supereffective|p1a: Sneasler|2\n|-damage|p1a: Sneasler|0 fnt\n|faint|p1a: Sneasler\n|move|p1b: Aggron|Iron Defense|p1b: Aggron\n|-boost|p1b: Aggron|def|2\n|\n|upkeep\n|inactive|eatyourweetabix has 30 seconds left.\n|\n|t:|1775917484\n|switch|p1a: Farigiraf|Farigiraf, L50, F|100/100\n|turn|2\n|\n|t:|1775917505\n|switch|p2a: Pelipper|Pelipper, L50, M|100/100\n|-weather|RainDance|[from] ability: Drizzle|[of] p2a: Pelipper\n|move|p1a: Farigiraf|Ally Switch|p1a: Farigiraf\n|swap|p1a: Farigiraf|1|[from] move: Ally Switch\n|move|p2b: Farigiraf|Nasty Plot|p2b: Farigiraf\n|-boost|p2b: Farigiraf|spa|2\n|move|p1a: Aggron|Body Press|p2b: Farigiraf\n|-damage|p2b: Farigiraf|0 fnt\n|faint|p2b: Farigiraf\n|\n|-weather|RainDance|[upkeep]\n|upkeep\n|inactive|azelflux has 30 seconds left.\n|\n|t:|1775917538\n|switch|p2b: Meganium|Meganium, L50, F|100/100\n|turn|3\n|\n|t:|1775917554\n|switch|p1b: Sinistcha|Sinistcha, L50|100/100\n|detailschange|p2b: Meganium|Meganium-Mega, L50, F\n|-mega|p2b: Meganium|Meganium|Meganiumite\n|move|p2a: Pelipper|Weather Ball|p1a: Aggron\n|-damage|p1a: Aggron|23/100\n|move|p2b: Meganium|Weather Ball|p1a: Aggron\n|-supereffective|p1a: Aggron|1\n|-damage|p1a: Aggron|0 fnt\n|faint|p1a: Aggron\n|\n|-weather|RainDance|[upkeep]\n|upkeep\n|\n|t:|1775917561\n|switch|p1a: Farigiraf|Farigiraf, L50, F|100/100\n|turn|4\n|\n|t:|1775917576\n|move|p2a: Pelipper|Hurricane|p1b: Sinistcha\n|-supereffective|p1b: Sinistcha|1\n|-damage|p1b: Sinistcha|0 fnt\n|faint|p1b: Sinistcha\n|move|p2b: Meganium|Weather Ball|p1a: Farigiraf\n|-damage|p1a: Farigiraf|85/100\n|move|p1a: Farigiraf|Trick Room|p1a: Farigiraf\n|-fieldstart|move: Trick Room|[of] p1a: Farigiraf\n|\n|-weather|RainDance|[upkeep]\n|-heal|p1a: Farigiraf|91/100|[from] item: Leftovers\n|upkeep\n|turn|5\n|-message|eatyourweetabix forfeited.\n|\n|win|azelflux\n|raw|eatyourweetabix's rating: 1064 &rarr; <strong>1045</strong><br />(-19 for losing)\n|raw|azelflux's rating: 1080 &rarr; <strong>1107</strong><br />(+27 for winning)\n|l|\u2606eatyourweetabix\n|player|p1|\n",
  "uploadtime": 1775917588,
  "views": 20,
  "formatid": "gen9championsvgc2026regma",
  "rating": 1045,
  "private": 0,
  "password": null
}