{
  "id": "gen9championsvgc2026regma-2580847310",
  "format": "[Gen 9 Champions] VGC 2026 Reg M-A",
  "players": [
    "Champ.Braeden",
    "TheAngeles"
  ],
  "log": "|j|\u2606Champ.Braeden\n|j|\u2606TheAngeles\n|t:|1775937354\n|gametype|doubles\n|player|p1|Champ.Braeden|hoopster|1247\n|player|p2|TheAngeles|hilbert|1239\n|gen|9\n|tier|[Gen 9 Champions] VGC 2026 Reg M-A\n|rated|\n|rule|Species Clause: Limit one of each Pok\u00e9mon\n|rule|Item Clause: Limit 1 of each item\n|clearpoke\n|poke|p1|Aerodactyl, L50, M|\n|poke|p1|Incineroar, L50, F|\n|poke|p1|Garchomp, L50, F|\n|poke|p1|Sneasler, L50, F|\n|poke|p1|Milotic, L50, F|\n|poke|p1|Sinistcha, L50|\n|poke|p2|Kingambit, L50, F|\n|poke|p2|Glimmora, L50, M|\n|poke|p2|Basculegion, L50, M|\n|poke|p2|Garchomp, L50, F|\n|poke|p2|Clefable, L50, F|\n|poke|p2|Pelipper, L50, M|\n|teampreview|4\n|inactive|Battle timer is ON: inactive players will automatically lose when time's up. (requested by Champ.Braeden)\n|inactive|Champ.Braeden has 60 seconds left.\n|inactive|TheAngeles has 60 seconds left.\n|\n|t:|1775937396\n|teamsize|p1|4\n|teamsize|p2|4\n|start\n|switch|p1a: Aerodactyl|Aerodactyl, L50, M|100/100\n|switch|p1b: Sneasler|Sneasler, L50, F|100/100\n|switch|p2a: Kingambit|Kingambit, L50, F, shiny|100/100\n|switch|p2b: Clefable|Clefable, L50, F, shiny|100/100\n|turn|1\n|inactive|Champ.Braeden has 30 seconds left.\n|\n|t:|1775937422\n|switch|p2a: Basculegion|Basculegion, L50, M|100/100\n|detailschange|p1a: Aerodactyl|Aerodactyl-Mega, L50, M\n|-mega|p1a: Aerodactyl|Aerodactyl|Aerodactylite\n|move|p1a: Aerodactyl|Rock Slide|p2b: Clefable|[spread] p2a,p2b\n|-damage|p2a: Basculegion|62/100\n|-damage|p2b: Clefable|66/100\n|move|p1b: Sneasler|Close Combat|p2a: Basculegion\n|-immune|p2a: Basculegion\n|move|p2b: Clefable|Moonblast|p1b: Sneasler\n|-damage|p1b: Sneasler|43/100\n|-unboost|p1b: Sneasler|spa|1\n|-enditem|p1b: Sneasler|White Herb\n|-clearnegativeboost|p1b: Sneasler|[silent]\n|\n|upkeep\n|turn|2\n|inactive|TheAngeles has 30 seconds left.\n|\n|t:|1775937449\n|switch|p1b: Milotic|Milotic, L50, F|100/100\n|move|p1a: Aerodactyl|Protect|p1a: Aerodactyl\n|-singleturn|p1a: Aerodactyl|Protect\n|move|p2b: Clefable|Follow Me|p2b: Clefable\n|-singleturn|p2b: Clefable|move: Follow Me\n|move|p2a: Basculegion|Flip Turn|p1b: Milotic\n|-resisted|p1b: Milotic|1\n|-damage|p1b: Milotic|84/100\n|\n|t:|1775937463\n|switch|p2a: Kingambit|Kingambit, L50, F, shiny|100/100|[from] Flip Turn\n|\n|upkeep\n|turn|3\n|\n|t:|1775937474\n|switch|p1a: Garchomp|Garchomp, L50, F|100/100\n|move|p2b: Clefable|Follow Me|p2b: Clefable\n|-singleturn|p2b: Clefable|move: Follow Me\n|move|p1b: Milotic|Scald|p2b: Clefable\n|-damage|p2b: Clefable|35/100\n|-enditem|p2b: Clefable|Sitrus Berry|[eat]\n|-heal|p2b: Clefable|59/100|[from] item: Sitrus Berry\n|move|p2a: Kingambit|Swords Dance|p2a: Kingambit\n|-boost|p2a: Kingambit|atk|2\n|\n|upkeep\n|turn|4\n|\n|t:|1775937492\n|move|p1b: Milotic|Helping Hand|p1a: Garchomp\n|-singleturn|p1a: Garchomp|Helping Hand|[of] p1b: Milotic\n|move|p2b: Clefable|Follow Me|p2b: Clefable\n|-singleturn|p2b: Clefable|move: Follow Me\n|move|p2a: Kingambit|Sucker Punch|p1a: Garchomp\n|-damage|p1a: Garchomp|11/100\n|-damage|p2a: Kingambit|88/100|[from] ability: Rough Skin|[of] p1a: Garchomp\n|move|p1a: Garchomp|Earthquake|p2b: Clefable|[spread] p1b,p2a,p2b\n|-supereffective|p2a: Kingambit|1\n|-damage|p1b: Milotic|31/100\n|-damage|p2a: Kingambit|0 fnt\n|-damage|p2b: Clefable|0 fnt\n|faint|p2a: Kingambit\n|faint|p2b: Clefable\n|\n|upkeep\n|\n|t:|1775937501\n|switch|p2b: Basculegion|Basculegion, L50, M|62/100\n|switch|p2a: Pelipper|Pelipper, L50, M, shiny|100/100\n|-weather|RainDance|[from] ability: Drizzle|[of] p2a: Pelipper\n|turn|5\n|\n|t:|1775937523\n|move|p2b: Basculegion|Last Respects|p1a: Garchomp\n|-damage|p1a: Garchomp|0 fnt\n|faint|p1a: Garchomp\n|move|p2a: Pelipper|Tailwind|p2a: Pelipper\n|-sidestart|p2: TheAngeles|move: Tailwind\n|move|p1b: Milotic|Icy Wind|p2b: Basculegion|[spread] p2a,p2b\n|-resisted|p2b: Basculegion|1\n|-damage|p2a: Pelipper|84/100\n|-damage|p2b: Basculegion|57/100\n|-unboost|p2a: Pelipper|spe|1\n|-unboost|p2b: Basculegion|spe|1\n|\n|-weather|RainDance|[upkeep]\n|upkeep\n|\n|t:|1775937536\n|switch|p1a: Sneasler|Sneasler, L50, F|43/100\n|turn|6\n|\n|t:|1775937551\n|move|p1a: Sneasler|Fake Out|p2a: Pelipper\n|-damage|p2a: Pelipper|65/100\n|move|p2b: Basculegion|Last Respects|p1a: Sneasler\n|-damage|p1a: Sneasler|0 fnt\n|faint|p1a: Sneasler\n|cant|p2a: Pelipper|flinch\n|move|p1b: Milotic|Scald|p2b: Basculegion\n|-resisted|p2b: Basculegion|1\n|-damage|p2b: Basculegion|29/100\n|-status|p2b: Basculegion|brn\n|\n|-weather|RainDance|[upkeep]\n|-damage|p2b: Basculegion|23/100 brn|[from] brn\n|upkeep\n|\n|t:|1775937565\n|switch|p1a: Aerodactyl|Aerodactyl-Mega, L50, M|100/100\n|turn|7\n|\n|t:|1775937578\n|move|p1a: Aerodactyl|Protect|p1a: Aerodactyl\n|-singleturn|p1a: Aerodactyl|Protect\n|move|p2b: Basculegion|Last Respects|p1a: Aerodactyl\n|-activate|p1a: Aerodactyl|move: Protect\n|move|p2a: Pelipper|Weather Ball|p1a: Aerodactyl\n|-activate|p1a: Aerodactyl|move: Protect\n|move|p1b: Milotic|Scald|p2b: Basculegion\n|-resisted|p2b: Basculegion|1\n|-damage|p2b: Basculegion|0 fnt\n|faint|p2b: Basculegion\n|\n|-weather|RainDance|[upkeep]\n|upkeep\n|turn|8\n|\n|t:|1775937595\n|move|p1a: Aerodactyl|Rock Slide|p2a: Pelipper\n|-supereffective|p2a: Pelipper|1\n|-damage|p2a: Pelipper|0 fnt\n|faint|p2a: Pelipper\n|\n|win|Champ.Braeden\n|raw|Champ.Braeden's rating: 1247 &rarr; <strong>1271</strong><br />(+24 for winning)\n|raw|TheAngeles's rating: 1239 &rarr; <strong>1215</strong><br />(-24 for losing)\n|l|\u2606TheAngeles\n|player|p2|\n",
  "uploadtime": 1775937604,
  "views": 41,
  "formatid": "gen9championsvgc2026regma",
  "rating": 1215,
  "private": 0,
  "password": null
}