{
  "id": "gen9championsvgc2026regma-2580776677",
  "format": "[Gen 9 Champions] VGC 2026 Reg M-A",
  "players": [
    "atfalse",
    "Flipsicle"
  ],
  "log": "|j|\u2606atfalse\n|j|\u2606Flipsicle\n|t:|1775931591\n|gametype|doubles\n|player|p1|atfalse|shadowtriad|1259\n|player|p2|Flipsicle|elesa-masters|1299\n|gen|9\n|tier|[Gen 9 Champions] VGC 2026 Reg M-A\n|rated|\n|rule|Species Clause: Limit one of each Pok\u00e9mon\n|rule|Item Clause: Limit 1 of each item\n|clearpoke\n|poke|p1|Maushold, L50|\n|poke|p1|Garchomp, L50, F|\n|poke|p1|Rotom-Wash, L50|\n|poke|p1|Floette-Eternal, L50, F|\n|poke|p1|Talonflame, L50, F|\n|poke|p1|Aegislash, L50, M|\n|poke|p2|Garchomp, L50, M|\n|poke|p2|Kingambit, L50, F|\n|poke|p2|Primarina, L50, F|\n|poke|p2|Sneasler, L50, F|\n|poke|p2|Dragonite, L50, F|\n|poke|p2|Scovillain, L50, M|\n|teampreview|4\n|c|\u2606Flipsicle|glhf\nFlipsicle rejected open team sheets.\n|inactive|Battle timer is ON: inactive players will automatically lose when time's up. (requested by Flipsicle)\n|inactive|atfalse has 60 seconds left.\n|inactive|Flipsicle has 60 seconds left.\n|\n|t:|1775931637\n|teamsize|p1|4\n|teamsize|p2|4\n|start\n|switch|p1a: Floette|Floette-Eternal, L50, F|100/100\n|switch|p1b: Maushold|Maushold, L50|100/100\n|switch|p2a: Kingambit|Kingambit, L50, F|100/100\n|switch|p2b: Sneasler|Sneasler, L50, F|100/100\n|turn|1\n|c|\u2606atfalse|u2\n|\n|t:|1775931652\n|switch|p2b: Scovillain|Scovillain, L50, M|100/100\n|detailschange|p1a: Floette|Floette-Mega, L50, F\n|-mega|p1a: Floette|Floette|Floettite\n|-ability|p1a: Floette|Fairy Aura\n|move|p1b: Maushold|Follow Me|p1b: Maushold\n|-singleturn|p1b: Maushold|move: Follow Me\n|move|p1a: Floette|Moonblast|p2b: Scovillain\n|-resisted|p2b: Scovillain|1\n|-damage|p2b: Scovillain|56/100\n|move|p2a: Kingambit|Swords Dance|p2a: Kingambit\n|-boost|p2a: Kingambit|atk|2\n|\n|-ability|p2b: Scovillain|Moody|boost\n|-boost|p2b: Scovillain|spe|2\n|-unboost|p2b: Scovillain|spd|1\n|upkeep\n|turn|2\n|inactive|Flipsicle has 30 seconds left.\n|inactive|Flipsicle has 20 seconds left.\n|\n|t:|1775931691\n|detailschange|p2b: Scovillain|Scovillain-Mega, L50, M\n|-mega|p2b: Scovillain|Scovillain|Scovillainite\n|move|p1b: Maushold|Follow Me|p1b: Maushold\n|-singleturn|p1b: Maushold|move: Follow Me\n|move|p2b: Scovillain|Flamethrower|p1b: Maushold\n|-damage|p1b: Maushold|46/100\n|move|p1a: Floette|Moonblast|p2a: Kingambit\n|-damage|p2a: Kingambit|26/100\n|move|p2a: Kingambit|Iron Head|p1b: Maushold\n|-damage|p1b: Maushold|0 fnt\n|faint|p1b: Maushold\n|\n|upkeep\n|inactive|atfalse has 30 seconds left.\n|\n|t:|1775931726\n|switch|p1b: Garchomp|Garchomp, L50, F|100/100\n|turn|3\n|inactive|atfalse has 30 seconds left.\n|inactive|Flipsicle has 30 seconds left.\n|inactive|atfalse has 20 seconds left.\n|inactive|Flipsicle has 20 seconds left.\n|inactive|atfalse has 15 seconds left.\n|inactive|Flipsicle has 15 seconds left.\n|inactive|atfalse has 10 seconds left.\n|\n|t:|1775931773\n|move|p1b: Garchomp|Protect|p1b: Garchomp\n|-singleturn|p1b: Garchomp|Protect\n|move|p2a: Kingambit|Protect|p2a: Kingambit\n|-singleturn|p2a: Kingambit|Protect\n|move|p2b: Scovillain|Energy Ball|p1a: Floette\n|-crit|p1a: Floette\n|-damage|p1a: Floette|57/100\n|move|p1a: Floette|Dazzling Gleam|p2b: Scovillain|[spread] p2b\n|-activate|p2a: Kingambit|move: Protect\n|-resisted|p2b: Scovillain|1\n|-damage|p2b: Scovillain|19/100\n|-status|p1a: Floette|brn|[from] ability: Spicy Spray|[of] p2b: Scovillain\n|\n|-damage|p1a: Floette|51/100 brn|[from] brn\n|upkeep\n|turn|4\n|inactive|atfalse has 30 seconds left.\n|\n|t:|1775931801\n|switch|p1b: Rotom|Rotom-Wash, L50|100/100\n|move|p2b: Scovillain|Rage Powder|p2b: Scovillain\n|-singleturn|p2b: Scovillain|move: Rage Powder\n|move|p2a: Kingambit|Sucker Punch|p1a: Floette\n|-resisted|p1a: Floette|1\n|-damage|p1a: Floette|0 fnt\n|faint|p1a: Floette\n|\n|upkeep\n|\n|t:|1775931807\n|switch|p1a: Garchomp|Garchomp, L50, F|100/100\n|turn|5\n|\n|t:|1775931827\n|move|p1b: Rotom|Helping Hand|p1a: Garchomp\n|-singleturn|p1a: Garchomp|Helping Hand|[of] p1b: Rotom\n|move|p2a: Kingambit|Sucker Punch|p1a: Garchomp\n|-damage|p1a: Garchomp|6/100\n|-damage|p2a: Kingambit|14/100|[from] ability: Rough Skin|[of] p1a: Garchomp\n|move|p2b: Scovillain|Energy Ball|p1b: Rotom\n|-supereffective|p1b: Rotom|1\n|-damage|p1b: Rotom|19/100\n|-enditem|p1b: Rotom|Sitrus Berry|[eat]\n|-heal|p1b: Rotom|44/100|[from] item: Sitrus Berry\n|move|p1a: Garchomp|Earthquake|p2b: Scovillain|[spread] p2a,p2b\n|-immune|p1b: Rotom|[from] ability: Levitate\n|-supereffective|p2a: Kingambit|1\n|-damage|p2a: Kingambit|0 fnt\n|-damage|p2b: Scovillain|0 fnt\n|-status|p1a: Garchomp|brn|[from] ability: Spicy Spray|[of] p2b: Scovillain\n|faint|p2a: Kingambit\n|faint|p2b: Scovillain\n|\n|-damage|p1a: Garchomp|0 fnt|[from] brn\n|faint|p1a: Garchomp\n|upkeep\n|\n|t:|1775931840\n|switch|p2b: Garchomp|Garchomp, L50, M|100/100\n|switch|p2a: Sneasler|Sneasler, L50, F|100/100\n|turn|6\n|-message|atfalse forfeited.\n|\n|win|Flipsicle\n|raw|atfalse's rating: 1259 &rarr; <strong>1237</strong><br />(-22 for losing)\n|raw|Flipsicle's rating: 1299 &rarr; <strong>1321</strong><br />(+22 for winning)\n|l|\u2606atfalse\n|player|p1|\n|l|\u2606Flipsicle\n|player|p2|\n",
  "uploadtime": 1775931849,
  "views": 73,
  "formatid": "gen9championsvgc2026regma",
  "rating": 1237,
  "private": 0,
  "password": null
}