{
  "id": "gen9championsvgc2026regma-2583473904",
  "format": "[Gen 9 Champions] VGC 2026 Reg M-A",
  "players": [
    "chanucy",
    "LarpLarpSahoor"
  ],
  "log": "|j|\u2606chanucy\n|j|\u2606LarpLarpSahoor\n|t:|1776177933\n|gametype|doubles\n|player|p1|chanucy|1|1108\n|player|p2|LarpLarpSahoor|169|1146\n|gen|9\n|tier|[Gen 9 Champions] VGC 2026 Reg M-A\n|rated|\n|rule|Species Clause: Limit one of each Pok\u00e9mon\n|rule|Item Clause: Limit 1 of each item\n|clearpoke\n|poke|p1|Armarouge, L50, M|\n|poke|p1|Floette-Eternal, L50, F|\n|poke|p1|Sylveon, L50, M|\n|poke|p1|Dragonite, L50, M|\n|poke|p1|Gyarados, L50, M|\n|poke|p1|Samurott-Hisui, L50, M|\n|poke|p2|Gengar, L50, M|\n|poke|p2|Incineroar, L50, M|\n|poke|p2|Sinistcha, L50|\n|poke|p2|Ninetales-Alola, L50, M|\n|poke|p2|Aegislash, L50, F|\n|poke|p2|Rotom-Wash, L50|\n|teampreview|4\n|\n|t:|1776178012\n|teamsize|p1|4\n|teamsize|p2|4\n|start\n|switch|p1a: Samurott|Samurott-Hisui, L50, M|100/100\n|switch|p1b: Armarouge|Armarouge, L50, M|100/100\n|switch|p2a: Gengar|Gengar, L50, M|100/100\n|switch|p2b: Incineroar|Incineroar, L50, M|100/100\n|-ability|p2b: Incineroar|Intimidate|boost\n|-unboost|p1a: Samurott|atk|1\n|-unboost|p1b: Armarouge|atk|1\n|turn|1\n|\n|t:|1776178058\n|detailschange|p2a: Gengar|Gengar-Mega, L50, M\n|-mega|p2a: Gengar|Gengar|Gengarite\n|move|p2b: Incineroar|Fake Out|p1b: Armarouge\n|-damage|p1b: Armarouge|90/100\n|move|p2a: Gengar|Perish Song|p2a: Gengar\n|-start|p1a: Samurott|perish3|[silent]\n|-start|p1b: Armarouge|perish3|[silent]\n|-start|p2a: Gengar|perish3|[silent]\n|-start|p2b: Incineroar|perish3|[silent]\n|-fieldactivate|move: Perish Song\n|move|p1a: Samurott|Ceaseless Edge|p2a: Gengar|[miss]\n|-miss|p1a: Samurott|p2a: Gengar\n|cant|p1b: Armarouge|flinch\n|\n|-start|p2a: Gengar|perish3\n|-start|p1a: Samurott|perish3\n|-start|p1b: Armarouge|perish3\n|-start|p2b: Incineroar|perish3\n|upkeep\n|turn|2\n|\n|t:|1776178081\n|move|p2a: Gengar|Protect|p2a: Gengar\n|-singleturn|p2a: Gengar|Protect\n|move|p1a: Samurott|Ceaseless Edge|p2b: Incineroar\n|-resisted|p2b: Incineroar|1\n|-damage|p2b: Incineroar|85/100\n|-sidestart|p2: LarpLarpSahoor|Spikes\n|move|p2b: Incineroar|Parting Shot|p1b: Armarouge\n|-unboost|p1b: Armarouge|atk|1\n|-unboost|p1b: Armarouge|spa|1\n|\n|t:|1776178096\n|switch|p2b: Rotom|Rotom-Wash, L50|100/100|[from] Parting Shot\n|move|p1b: Armarouge|Trick Room|p1b: Armarouge\n|-fieldstart|move: Trick Room|[of] p1b: Armarouge\n|\n|-start|p1b: Armarouge|perish2\n|-start|p1a: Samurott|perish2\n|-start|p2a: Gengar|perish2\n|upkeep\n|turn|3\n|\n|t:|1776178129\n|switch|p2a: Incineroar|Incineroar, L50, M|85/100\n|-damage|p2a: Incineroar|73/100|[from] Spikes\n|-ability|p2a: Incineroar|Intimidate|boost\n|-unboost|p1a: Samurott|atk|1\n|-unboost|p1b: Armarouge|atk|1\n|move|p1b: Armarouge|Psychic|p2a: Incineroar\n|-immune|p2a: Incineroar\n|move|p1a: Samurott|Ceaseless Edge|p2a: Incineroar\n|-resisted|p2a: Incineroar|1\n|-damage|p2a: Incineroar|62/100\n|-sidestart|p2: LarpLarpSahoor|Spikes\n|move|p2b: Rotom|Hydro Pump|p1b: Armarouge|[miss]\n|-miss|p2b: Rotom|p1b: Armarouge\n|\n|-start|p1b: Armarouge|perish1\n|-start|p1a: Samurott|perish1\n|upkeep\n|turn|4\n|\n|t:|1776178153\n|switch|p2a: Gengar|Gengar-Mega, L50, M|100/100\n|-damage|p2a: Gengar|84/100|[from] Spikes\n|switch|p1b: Sylveon|Sylveon, L50, M|100/100\n|switch|p1a: Gyarados|Gyarados, L50, M|100/100\n|-ability|p1a: Gyarados|Intimidate|boost\n|-unboost|p2a: Gengar|atk|1\n|-unboost|p2b: Rotom|atk|1\n|move|p2b: Rotom|Hydro Pump|p1b: Sylveon\n|-damage|p1b: Sylveon|65/100\n|\n|upkeep\n|turn|5\n|\n|t:|1776178197\n|switch|p2b: Incineroar|Incineroar, L50, M|62/100\n|-damage|p2b: Incineroar|46/100|[from] Spikes\n|-ability|p2b: Incineroar|Intimidate|boost\n|-unboost|p1a: Gyarados|atk|1\n|-unboost|p1b: Sylveon|atk|1\n|move|p1a: Gyarados|Protect|p1a: Gyarados\n|-singleturn|p1a: Gyarados|Protect\n|move|p2a: Gengar|Protect|p2a: Gengar\n|-singleturn|p2a: Gengar|Protect\n|move|p1b: Sylveon|Hyper Voice|p2b: Incineroar|[spread] p2b\n|-activate|p2a: Gengar|move: Protect\n|-damage|p2b: Incineroar|8/100\n|\n|upkeep\n|turn|6\n|\n|t:|1776178218\n|move|p1b: Sylveon|Protect|p1b: Sylveon\n|-singleturn|p1b: Sylveon|Protect\n|move|p2b: Incineroar|Fake Out|p1b: Sylveon\n|-activate|p1b: Sylveon|move: Protect\n|move|p1a: Gyarados|Aqua Tail|p2b: Incineroar\n|-supereffective|p2b: Incineroar|1\n|-damage|p2b: Incineroar|0 fnt\n|faint|p2b: Incineroar\n|move|p2a: Gengar|Perish Song|p2a: Gengar\n|-start|p1a: Gyarados|perish3|[silent]\n|-start|p1b: Sylveon|perish3|[silent]\n|-start|p2a: Gengar|perish3|[silent]\n|-fieldactivate|move: Perish Song\n|\n|-start|p1b: Sylveon|perish3\n|-start|p1a: Gyarados|perish3\n|-start|p2a: Gengar|perish3\n|-fieldend|move: Trick Room\n|upkeep\n|\n|t:|1776178231\n|switch|p2b: Aegislash|Aegislash, L50, F, shiny|100/100\n|-damage|p2b: Aegislash|84/100|[from] Spikes\n|turn|7\n|\n|t:|1776178249\n|move|p2a: Gengar|Protect|p2a: Gengar\n|-singleturn|p2a: Gengar|Protect\n|move|p2b: Aegislash|King's Shield|p2b: Aegislash\n|-singleturn|p2b: Aegislash|Protect\n|move|p1a: Gyarados|Thunder Wave|p2b: Aegislash|[miss]\n|-miss|p1a: Gyarados|p2b: Aegislash\n|move|p1b: Sylveon|Hyper Voice|p2a: Gengar|[spread] \n|-activate|p2a: Gengar|move: Protect\n|-activate|p2b: Aegislash|move: Protect\n|\n|-heal|p2b: Aegislash|90/100|[from] item: Leftovers\n|-start|p2a: Gengar|perish2\n|-start|p1a: Gyarados|perish2\n|-start|p1b: Sylveon|perish2\n|upkeep\n|turn|8\n|\n|t:|1776178269\n|move|p2b: Aegislash|Wide Guard|p2b: Aegislash\n|-singleturn|p2b: Aegislash|Wide Guard\n|move|p2a: Gengar|Disable|p1a: Gyarados\n|-start|p1a: Gyarados|Disable|Thunder Wave\n|cant|p1a: Gyarados|Disable|Thunder Wave\n|move|p1b: Sylveon|Hyper Voice|p2a: Gengar|[spread] \n|-activate|p2a: Gengar|move: Wide Guard\n|-activate|p2b: Aegislash|move: Wide Guard\n|\n|-heal|p2b: Aegislash|96/100|[from] item: Leftovers\n|-start|p2a: Gengar|perish1\n|-start|p1a: Gyarados|perish1\n|-start|p1b: Sylveon|perish1\n|upkeep\n|turn|9\n|\n|t:|1776178294\n|switch|p2a: Rotom|Rotom-Wash, L50|100/100\n|move|p2b: Aegislash|Wide Guard|p2b: Aegislash\n|-singleturn|p2b: Aegislash|Wide Guard\n|move|p1a: Gyarados|Aqua Tail|p2b: Aegislash|[miss]\n|-miss|p1a: Gyarados|p2b: Aegislash\n|move|p1b: Sylveon|Hyper Voice|p2b: Aegislash|[spread] \n|-activate|p2a: Rotom|move: Wide Guard\n|-activate|p2b: Aegislash|move: Wide Guard\n|\n|-heal|p2b: Aegislash|100/100|[from] item: Leftovers\n|-start|p1a: Gyarados|perish0\n|-start|p1b: Sylveon|perish0\n|faint|p1a: Gyarados\n|faint|p1b: Sylveon\n|upkeep\n|\n|t:|1776178310\n|switch|p1a: Armarouge|Armarouge, L50, M|90/100\n|switch|p1b: Samurott|Samurott-Hisui, L50, M|100/100\n|turn|10\n|\n|t:|1776178327\n|move|p2a: Rotom|Hydro Pump|p1a: Armarouge\n|-supereffective|p1a: Armarouge|1\n|-damage|p1a: Armarouge|0 fnt\n|faint|p1a: Armarouge\n|move|p1b: Samurott|Ceaseless Edge|p2b: Aegislash\n|-supereffective|p2b: Aegislash|1\n|-damage|p2b: Aegislash|25/100\n|-sidestart|p2: LarpLarpSahoor|Spikes\n|-formechange|p2b: Aegislash|Aegislash-Blade|\n|move|p2b: Aegislash|Poltergeist|p1b: Samurott|[miss]\n|-miss|p2b: Aegislash|p1b: Samurott\n|\n|-heal|p2b: Aegislash|31/100|[from] item: Leftovers\n|upkeep\n|turn|11\n|-message|chanucy forfeited.\n|\n|win|LarpLarpSahoor\n|raw|chanucy's rating: 1108 &rarr; <strong>1086</strong><br />(-22 for losing)\n|raw|LarpLarpSahoor's rating: 1146 &rarr; <strong>1168</strong><br />(+22 for winning)\n|l|\u2606chanucy\n|player|p1|\n",
  "uploadtime": 1776178339,
  "views": 24,
  "formatid": "gen9championsvgc2026regma",
  "rating": 1086,
  "private": 0,
  "password": null
}