{
  "id": "gen9championsvgc2026regma-2584898979",
  "format": "[Gen 9 Champions] VGC 2026 Reg M-A",
  "players": [
    "prymite",
    "AkioKira"
  ],
  "log": "|j|\u2606prymite\n|j|\u2606AkioKira\n|t:|1776292679\n|gametype|doubles\n|player|p1|prymite|unknown|1111\n|player|p2|AkioKira|miku-ground|1140\n|gen|9\n|tier|[Gen 9 Champions] VGC 2026 Reg M-A\n|rated|\n|rule|Species Clause: Limit one of each Pok\u00e9mon\n|rule|Item Clause: Limit 1 of each item\n|clearpoke\n|poke|p1|Aggron, L50, F|\n|poke|p1|Gallade, L50, M|\n|poke|p1|Sinistcha, L50|\n|poke|p1|Pelipper, L50, M|\n|poke|p1|Dragonite, L50, F|\n|poke|p1|Tauros-Paldea-Aqua, L50, M|\n|poke|p2|Beedrill, L50, F|\n|poke|p2|Rotom-Wash, L50|\n|poke|p2|Aegislash, L50, M|\n|poke|p2|Incineroar, L50, F|\n|poke|p2|Sinistcha, L50|\n|poke|p2|Aerodactyl, L50, M|\n|teampreview|4\n|inactive|Battle timer is ON: inactive players will automatically lose when time's up. (requested by prymite)\n|\n|t:|1776292716\n|teamsize|p1|4\n|teamsize|p2|4\n|start\n|switch|p1a: Sinistcha|Sinistcha, L50|100/100\n|switch|p1b: Pelipper|Pelipper, L50, M|100/100\n|switch|p2a: POTENUINELY|Beedrill, L50, F|100/100\n|switch|p2b: UNWASHED|Rotom-Wash, L50|100/100\n|-weather|RainDance|[from] ability: Drizzle|[of] p1b: Pelipper\n|turn|1\n|\n|t:|1776292731\n|detailschange|p2a: POTENUINELY|Beedrill-Mega, L50, F\n|-mega|p2a: POTENUINELY|Beedrill|Beedrillite\n|move|p1a: Sinistcha|Rage Powder|p1a: Sinistcha\n|-singleturn|p1a: Sinistcha|move: Rage Powder\n|move|p2a: POTENUINELY|Poison Jab|p1a: Sinistcha\n|-damage|p1a: Sinistcha|46/100\n|-status|p1a: Sinistcha|psn\n|-enditem|p1a: Sinistcha|Sitrus Berry|[eat]\n|-heal|p1a: Sinistcha|70/100 psn|[from] item: Sitrus Berry\n|move|p2b: UNWASHED|Volt Switch|p1a: Sinistcha\n|-resisted|p1a: Sinistcha|1\n|-damage|p1a: Sinistcha|50/100 psn\n|\n|t:|1776292742\n|switch|p2b: HIM|Incineroar, L50, F|100/100|[from] Volt Switch\n|-ability|p2b: HIM|Intimidate|boost\n|-unboost|p1a: Sinistcha|atk|1\n|-unboost|p1b: Pelipper|atk|1\n|move|p1b: Pelipper|Tailwind|p1b: Pelipper\n|-sidestart|p1: prymite|move: Tailwind\n|\n|-weather|RainDance|[upkeep]\n|-damage|p1a: Sinistcha|38/100 psn|[from] psn\n|upkeep\n|turn|2\n|\n|t:|1776292761\n|move|p2b: HIM|Fake Out|p1b: Pelipper\n|-damage|p1b: Pelipper|90/100\n|move|p1a: Sinistcha|Rage Powder|p1a: Sinistcha\n|-singleturn|p1a: Sinistcha|move: Rage Powder\n|move|p2a: POTENUINELY|Poison Jab|p1a: Sinistcha\n|-crit|p1a: Sinistcha\n|-damage|p1a: Sinistcha|0 fnt\n|faint|p1a: Sinistcha\n|cant|p1b: Pelipper|flinch\n|\n|-weather|RainDance|[upkeep]\n|upkeep\n|\n|t:|1776292775\n|switch|p1a: Tauros|Tauros-Paldea-Aqua, L50, M|100/100\n|-ability|p1a: Tauros|Intimidate|boost\n|-unboost|p2a: POTENUINELY|atk|1\n|-unboost|p2b: HIM|atk|1\n|turn|3\n|inactive|prymite has 30 seconds left.\n|\n|t:|1776292801\n|switch|p2a: SINI|Sinistcha, L50|100/100\n|move|p1a: Tauros|Earthquake|p2b: HIM|[spread] p2a,p2b\n|-immune|p1b: Pelipper\n|-resisted|p2a: SINI|1\n|-supereffective|p2b: HIM|1\n|-enditem|p2b: HIM|Shuca Berry|[eat]\n|-enditem|p2b: HIM|Shuca Berry|[weaken]\n|-damage|p2a: SINI|89/100\n|-damage|p2b: HIM|79/100\n|move|p1b: Pelipper|Weather Ball|p2a: SINI\n|-resisted|p2a: SINI|1\n|-damage|p2a: SINI|61/100\n|move|p2b: HIM|Darkest Lariat|p1b: Pelipper\n|-damage|p1b: Pelipper|67/100\n|\n|-weather|RainDance|[upkeep]\n|upkeep\n|turn|4\n|\n|t:|1776292823\n|move|p1a: Tauros|Earthquake|p2b: HIM|[spread] p2a,p2b\n|-immune|p1b: Pelipper\n|-resisted|p2a: SINI|1\n|-supereffective|p2b: HIM|1\n|-crit|p2b: HIM\n|-damage|p2a: SINI|50/100\n|-damage|p2b: HIM|13/100\n|-enditem|p2a: SINI|Sitrus Berry|[eat]\n|-heal|p2a: SINI|75/100|[from] item: Sitrus Berry\n|move|p1b: Pelipper|Weather Ball|p2b: HIM\n|-supereffective|p2b: HIM|1\n|-damage|p2b: HIM|0 fnt\n|faint|p2b: HIM\n|move|p2a: SINI|Life Dew|p2a: SINI\n|-heal|p2a: SINI|100/100\n|\n|-weather|RainDance|[upkeep]\n|-sideend|p1: prymite|move: Tailwind\n|upkeep\n|\n|t:|1776292837\n|switch|p2b: POTENUINELY|Beedrill-Mega, L50, F|100/100\n|turn|5\n|\n|t:|1776292859\n|move|p1a: Tauros|Earthquake|p2b: POTENUINELY|[spread] p2a,p2b\n|-immune|p1b: Pelipper\n|-resisted|p2a: SINI|1\n|-damage|p2a: SINI|89/100\n|-damage|p2b: POTENUINELY|33/100\n|move|p2b: POTENUINELY|Poison Jab|p1b: Pelipper\n|-damage|p1b: Pelipper|9/100\n|move|p2a: SINI|Life Dew|p2a: SINI|[spread] p2a,p2b\n|-heal|p2a: SINI|100/100\n|-heal|p2b: POTENUINELY|58/100\n|move|p1b: Pelipper|Tailwind|p1b: Pelipper\n|-sidestart|p1: prymite|move: Tailwind\n|\n|-weather|none\n|upkeep\n|turn|6\n|inactive|prymite has 30 seconds left.\n|\n|t:|1776292889\n|switch|p2b: UNWASHED|Rotom-Wash, L50|100/100\n|switch|p1b: Dragonite|Dragonite, L50, F|100/100\n|move|p1a: Tauros|Earthquake|p2a: SINI|[spread] p2a\n|-immune|p1b: Dragonite\n|-immune|p2b: UNWASHED|[from] ability: Levitate\n|-resisted|p2a: SINI|1\n|-damage|p2a: SINI|89/100\n|move|p2a: SINI|Trick Room|p2a: SINI\n|-fieldstart|move: Trick Room|[of] p2a: SINI\n|\n|upkeep\n|turn|7\n|inactive|prymite has 30 seconds left.\n|\n|t:|1776292924\n|switch|p1a: Pelipper|Pelipper, L50, M|9/100\n|-weather|RainDance|[from] ability: Drizzle|[of] p1a: Pelipper\n|move|p1b: Dragonite|Protect|p1b: Dragonite\n|-singleturn|p1b: Dragonite|Protect\n|move|p2a: SINI|Matcha Gotcha|p1b: Dragonite|[spread] p1a\n|-activate|p1b: Dragonite|move: Protect\n|-damage|p1a: Pelipper|0 fnt\n|-heal|p2a: SINI|93/100|[from] drain|[of] p1a: Pelipper\n|faint|p1a: Pelipper\n|move|p2b: UNWASHED|Thunderbolt|p1b: Dragonite\n|-activate|p1b: Dragonite|move: Protect\n|\n|-weather|RainDance|[upkeep]\n|upkeep\n|\n|t:|1776292942\n|switch|p1a: Tauros|Tauros-Paldea-Aqua, L50, M|100/100\n|-ability|p1a: Tauros|Intimidate|boost\n|-unboost|p2a: SINI|atk|1\n|-unboost|p2b: UNWASHED|atk|1\n|turn|8\n|\n|t:|1776292957\n|detailschange|p1b: Dragonite|Dragonite-Mega, L50, F\n|-mega|p1b: Dragonite|Dragonite|Dragoninite\n|move|p2a: SINI|Life Dew||[still]|[spread] p2a,p2b\n|-heal|p2a: SINI|100/100\n|-fail|p2b: UNWASHED|heal\n|move|p2b: UNWASHED|Thunderbolt|p1b: Dragonite\n|-damage|p1b: Dragonite|78/100\n|move|p1b: Dragonite|Hurricane|p2a: SINI\n|-supereffective|p2a: SINI|1\n|-damage|p2a: SINI|0 fnt\n|faint|p2a: SINI\n|move|p1a: Tauros|Close Combat|p2b: UNWASHED\n|-damage|p2b: UNWASHED|39/100\n|-unboost|p1a: Tauros|def|1\n|-unboost|p1a: Tauros|spd|1\n|\n|-weather|RainDance|[upkeep]\n|-sideend|p1: prymite|move: Tailwind\n|upkeep\n|\n|t:|1776292973\n|switch|p2a: POTENUINELY|Beedrill-Mega, L50, F|58/100\n|turn|9\n|\n|t:|1776292982\n|move|p2b: UNWASHED|Thunderbolt|p1a: Tauros\n|-supereffective|p1a: Tauros|1\n|-damage|p1a: Tauros|0 fnt\n|faint|p1a: Tauros\n|move|p1b: Dragonite|Hurricane|p2a: POTENUINELY\n|-supereffective|p2a: POTENUINELY|1\n|-damage|p2a: POTENUINELY|0 fnt\n|faint|p2a: POTENUINELY\n|\n|-weather|RainDance|[upkeep]\n|upkeep\n|turn|10\n|\n|t:|1776292998\n|move|p1b: Dragonite|Protect|p1b: Dragonite\n|-singleturn|p1b: Dragonite|Protect\n|move|p2b: UNWASHED|Thunderbolt|p1b: Dragonite\n|-activate|p1b: Dragonite|move: Protect\n|\n|-weather|RainDance|[upkeep]\n|-fieldend|move: Trick Room\n|upkeep\n|turn|11\n|\n|t:|1776293008\n|move|p1b: Dragonite|Draco Meteor|p2b: UNWASHED\n|-damage|p2b: UNWASHED|0 fnt\n|-unboost|p1b: Dragonite|spa|2\n|faint|p2b: UNWASHED\n|\n|win|prymite\n|raw|prymite's rating: 1111 &rarr; <strong>1138</strong><br />(+27 for winning)\n|raw|AkioKira's rating: 1140 &rarr; <strong>1113</strong><br />(-27 for losing)\n",
  "uploadtime": 1776293014,
  "views": 24,
  "formatid": "gen9championsvgc2026regma",
  "rating": 1113,
  "private": 0,
  "password": null
}