{
  "id": "gen9championsvgc2026regma-2584251180",
  "format": "[Gen 9 Champions] VGC 2026 Reg M-A",
  "players": [
    "opkil",
    "Inciniroarrr"
  ],
  "log": "|j|\u2606opkil\n|j|\u2606Inciniroarrr\n|t:|1776243312\n|gametype|doubles\n|player|p1|opkil|102|1297\n|player|p2|Inciniroarrr|265|1391\n|gen|9\n|tier|[Gen 9 Champions] VGC 2026 Reg M-A\n|rated|\n|rule|Species Clause: Limit one of each Pok\u00e9mon\n|rule|Item Clause: Limit 1 of each item\n|clearpoke\n|poke|p1|Floette-Eternal, L50, F|\n|poke|p1|Garchomp, L50, M|\n|poke|p1|Aerodactyl, L50, M|\n|poke|p1|Sneasler, L50, M|\n|poke|p1|Incineroar, L50, F|\n|poke|p1|Sinistcha, L50|\n|poke|p2|Delphox, L50, M|\n|poke|p2|Sneasler, L50, M|\n|poke|p2|Kingambit, L50, F|\n|poke|p2|Garchomp, L50, M|\n|poke|p2|Rotom-Wash, L50|\n|poke|p2|Sinistcha, L50|\n|teampreview|4\n|inactive|Battle timer is ON: inactive players will automatically lose when time's up. (requested by Inciniroarrr)\n|inactive|Inciniroarrr has 60 seconds left.\n|\n|t:|1776243344\n|teamsize|p1|4\n|teamsize|p2|4\n|start\n|switch|p1a: Sneasler|Sneasler, L50, M|100/100\n|switch|p1b: Aerodactyl|Aerodactyl, L50, M|100/100\n|switch|p2a: Rotom|Rotom-Wash, L50|100/100\n|switch|p2b: Delphox|Delphox, L50, M|100/100\n|-ability|p1b: Aerodactyl|Unnerve\n|turn|1\n|inactive|Inciniroarrr has 30 seconds left.\n|inactive|Inciniroarrr has 20 seconds left.\n|inactive|Inciniroarrr has 15 seconds left.\n|\n|t:|1776243388\n|detailschange|p2b: Delphox|Delphox-Mega, L50, M\n|-mega|p2b: Delphox|Delphox|Delphoxite\n|move|p1a: Sneasler|Fake Out|p2a: Rotom\n|-damage|p2a: Rotom|84/100\n|cant|p2a: Rotom|flinch\n|move|p2b: Delphox|Psyshock|p1a: Sneasler\n|-supereffective|p1a: Sneasler|2\n|-crit|p1a: Sneasler\n|-damage|p1a: Sneasler|0 fnt\n|faint|p1a: Sneasler\n|move|p1b: Aerodactyl|Tailwind|p1b: Aerodactyl\n|-sidestart|p1: opkil|move: Tailwind\n|\n|upkeep\n|\n|t:|1776243396\n|switch|p1a: Floette|Floette-Eternal, L50, F|100/100\n|turn|2\n|\n|t:|1776243407\n|switch|p2b: Sinistcha|Sinistcha, L50|100/100\n|-heal|p2a: Rotom|100/100|[from] ability: Hospitality|[of] p2b: Sinistcha\n|detailschange|p1a: Floette|Floette-Mega, L50, F\n|-mega|p1a: Floette|Floette|Floettite\n|-ability|p1a: Floette|Fairy Aura\n|move|p1b: Aerodactyl|Rock Slide|p2a: Rotom|[spread] p2a,p2b\n|-damage|p2a: Rotom|68/100\n|-damage|p2b: Sinistcha|75/100\n|move|p1a: Floette|Calm Mind|p1a: Floette\n|-boost|p1a: Floette|spa|1\n|-boost|p1a: Floette|spd|1\n|move|p2a: Rotom|Thunderbolt|p1b: Aerodactyl\n|-supereffective|p1b: Aerodactyl|1\n|-enditem|p1b: Aerodactyl|Focus Sash\n|-damage|p1b: Aerodactyl|1/100\n|\n|upkeep\n|turn|3\n|\n|t:|1776243428\n|move|p1b: Aerodactyl|Rock Slide|p2a: Rotom|[spread] p2a\n|-miss|p1b: Aerodactyl|p2b: Sinistcha\n|-crit|p2a: Rotom\n|-damage|p2a: Rotom|23/100\n|move|p1a: Floette|Moonblast|p2b: Sinistcha\n|-damage|p2b: Sinistcha|0 fnt\n|faint|p2b: Sinistcha\n|move|p2a: Rotom|Thunderbolt|p1b: Aerodactyl\n|-supereffective|p1b: Aerodactyl|1\n|-damage|p1b: Aerodactyl|0 fnt\n|faint|p1b: Aerodactyl\n|\n|upkeep\n|\n|t:|1776243441\n|switch|p1b: Garchomp|Garchomp, L50, M|100/100\n|switch|p2b: Delphox|Delphox-Mega, L50, M|100/100\n|turn|4\n|\n|t:|1776243449\n|move|p2b: Delphox|Protect|p2b: Delphox\n|-singleturn|p2b: Delphox|Protect\n|move|p1b: Garchomp|Rock Slide|p2a: Rotom|[spread] p2a\n|-activate|p2b: Delphox|move: Protect\n|-damage|p2a: Rotom|0 fnt\n|faint|p2a: Rotom\n|move|p1a: Floette|Moonblast|p2b: Delphox\n|-activate|p2b: Delphox|move: Protect\n|\n|-sideend|p1: opkil|move: Tailwind\n|upkeep\n|\n|t:|1776243459\n|switch|p2a: Sneasler|Sneasler, L50, M|100/100\n|turn|5\n|\n|t:|1776243468\n|move|p1a: Floette|Protect|p1a: Floette\n|-singleturn|p1a: Floette|Protect\n|move|p2b: Delphox|Nasty Plot|p2b: Delphox\n|-boost|p2b: Delphox|spa|2\n|move|p2a: Sneasler|Close Combat|p1b: Garchomp\n|-damage|p1b: Garchomp|36/100\n|-unboost|p2a: Sneasler|def|1\n|-unboost|p2a: Sneasler|spd|1\n|-damage|p2a: Sneasler|88/100|[from] ability: Rough Skin|[of] p1b: Garchomp\n|-enditem|p2a: Sneasler|White Herb\n|-clearnegativeboost|p2a: Sneasler|[silent]\n|move|p1b: Garchomp|Earthquake|p2a: Sneasler|[spread] p2a\n|-activate|p1a: Floette|move: Protect\n|-immune|p2b: Delphox|[from] ability: Levitate\n|-supereffective|p2a: Sneasler|1\n|-damage|p2a: Sneasler|0 fnt\n|faint|p2a: Sneasler\n|\n|upkeep\n|turn|6\n|\n|t:|1776243491\n|move|p2b: Delphox|Psyshock|p1a: Floette\n|-damage|p1a: Floette|2/100\n|move|p1b: Garchomp|Rock Slide|p2b: Delphox\n|-supereffective|p2b: Delphox|1\n|-damage|p2b: Delphox|26/100\n|move|p1a: Floette|Moonblast|p2b: Delphox\n|-resisted|p2b: Delphox|1\n|-damage|p2b: Delphox|0 fnt\n|faint|p2b: Delphox\n|\n|win|opkil\n|raw|opkil's rating: 1297 &rarr; <strong>1329</strong><br />(+32 for winning)\n|raw|Inciniroarrr's rating: 1391 &rarr; <strong>1366</strong><br />(-25 for losing)\n|c|\u2606opkil|would heatwave work out better?\n|c|\u2606Inciniroarrr|yes\n|c|\u2606opkil|Heatwave, chunk Floette, kill Chomp,\n|c|\u2606Inciniroarrr|but no\n|c|\u2606opkil|I can't crack back?\n|c|\u2606Inciniroarrr|I thought you knew heat wave was better\n|c|\u2606Inciniroarrr|so you wold protect chomp\n|c|\u2606Inciniroarrr|and I could try +2 psyshock\n|c|\u2606Inciniroarrr|not all floete are super bulky\n|c|\u2606opkil|I was expecting the Heatwave, but protecting wouldn't solve the problem\n|c|\u2606opkil|had to roll on the Moonblast\n|c|\u2606opkil|anyway, gg!\n",
  "uploadtime": 1776243744,
  "views": 37,
  "formatid": "gen9championsvgc2026regma",
  "rating": 1329,
  "private": 0,
  "password": null
}