{
  "id": "gen9championsvgc2026regma-2583387436",
  "format": "[Gen 9 Champions] VGC 2026 Reg M-A",
  "players": [
    "Hedgehogwarrior",
    "lhomkwai"
  ],
  "log": "|j|\u2606Hedgehogwarrior\n|j|\u2606lhomkwai\n|t:|1776172150\n|gametype|doubles\n|player|p1|Hedgehogwarrior|102|1056\n|player|p2|lhomkwai|victor-dojo|1064\n|gen|9\n|tier|[Gen 9 Champions] VGC 2026 Reg M-A\n|rated|\n|rule|Species Clause: Limit one of each Pok\u00e9mon\n|rule|Item Clause: Limit 1 of each item\n|clearpoke\n|poke|p1|Steelix, L50, M|\n|poke|p1|Tyranitar, L50, F|\n|poke|p1|Alakazam, L50, M|\n|poke|p1|Sinistcha, L50|\n|poke|p1|Orthworm, L50, M|\n|poke|p1|Talonflame, L50, F|\n|poke|p2|Glimmora, L50, F|\n|poke|p2|Aegislash, L50, M|\n|poke|p2|Meowscarada, L50, M|\n|poke|p2|Ninetales-Alola, L50, M|\n|poke|p2|Whimsicott, L50, M|\n|poke|p2|Gyarados, L50, M|\n|teampreview|4\n|inactive|Battle timer is ON: inactive players will automatically lose when time's up. (requested by lhomkwai)\n|inactive|lhomkwai has 60 seconds left.\n|\n|t:|1776172197\n|teamsize|p1|4\n|teamsize|p2|4\n|start\n|switch|p1a: Alakazam|Alakazam, L50, M|100/100\n|switch|p1b: Sinistcha|Sinistcha, L50|100/100\n|switch|p2a: Whimsicott|Whimsicott, L50, M|100/100\n|switch|p2b: Glimmora|Glimmora, L50, F|100/100\n|turn|1\n|inactive|lhomkwai has 30 seconds left.\n|\n|t:|1776172228\n|move|p2b: Glimmora|Spiky Shield|p2b: Glimmora\n|-singleturn|p2b: Glimmora|move: Protect\n|move|p2a: Whimsicott|Tailwind|p2a: Whimsicott\n|-sidestart|p2: lhomkwai|move: Tailwind\n|move|p1a: Alakazam|Light Screen|p1a: Alakazam\n|-sidestart|p1: Hedgehogwarrior|move: Light Screen\n|move|p1b: Sinistcha|Trick Room|p1b: Sinistcha\n|-fieldstart|move: Trick Room|[of] p1b: Sinistcha\n|\n|upkeep\n|turn|2\n|\n|t:|1776172248\n|switch|p1b: Steelix|Steelix, L50, M|100/100\n|detailschange|p2b: Glimmora|Glimmora-Mega, L50, F\n|-mega|p2b: Glimmora|Glimmora|Glimmoranite\n|move|p2a: Whimsicott|Encore||[still]\n|-fail|p2a: Whimsicott\n|move|p1a: Alakazam|Psychic|p2b: Glimmora\n|-supereffective|p2b: Glimmora|1\n|-damage|p2b: Glimmora|14/100\n|move|p2b: Glimmora|Power Gem|p1a: Alakazam\n|-damage|p1a: Alakazam|58/100\n|\n|upkeep\n|turn|3\n|\n|t:|1776172273\n|switch|p1a: Tyranitar|Tyranitar, L50, F|100/100\n|-weather|Sandstorm|[from] ability: Sand Stream|[of] p1a: Tyranitar\n|switch|p2a: Aegislash|Aegislash, L50, M|100/100\n|detailschange|p1b: Steelix|Steelix-Mega, L50, M\n|-mega|p1b: Steelix|Steelix|Steelixite\n|move|p2b: Glimmora|Spiky Shield|p2b: Glimmora\n|-singleturn|p2b: Glimmora|move: Protect\n|move|p1b: Steelix|Iron Head|p2b: Glimmora\n|-activate|p2b: Glimmora|move: Protect\n|-damage|p1b: Steelix|88/100|[from] Spiky Shield|[of] p2b: Glimmora\n|\n|-weather|Sandstorm|[upkeep]\n|upkeep\n|turn|4\n|inactive|Hedgehogwarrior has 30 seconds left.\n|inactive|lhomkwai has 30 seconds left.\n|inactive|lhomkwai has 20 seconds left.\n|inactive|lhomkwai has 15 seconds left.\n|inactive|lhomkwai has 10 seconds left.\n|\n|t:|1776172318\n|switch|p1a: Sinistcha|Sinistcha, L50|100/100\n|-heal|p1b: Steelix|100/100|[from] ability: Hospitality|[of] p1a: Sinistcha\n|switch|p2b: Whimsicott|Whimsicott, L50, M|100/100\n|move|p1b: Steelix|Earthquake|p2b: Whimsicott|[spread] p1a,p2a,p2b\n|-resisted|p1a: Sinistcha|1\n|-supereffective|p2a: Aegislash|1\n|-resisted|p2b: Whimsicott|1\n|-damage|p1a: Sinistcha|76/100\n|-damage|p2a: Aegislash|11/100\n|-damage|p2b: Whimsicott|65/100\n|move|p2a: Aegislash|Swords Dance|p2a: Aegislash\n|-boost|p2a: Aegislash|atk|2\n|\n|-weather|Sandstorm|[upkeep]\n|-damage|p1a: Sinistcha|70/100|[from] Sandstorm\n|-damage|p2b: Whimsicott|59/100|[from] Sandstorm\n|-heal|p1a: Sinistcha|76/100|[from] item: Leftovers\n|-sideend|p2: lhomkwai|move: Tailwind\n|upkeep\n|turn|5\n|\n|t:|1776172342\n|move|p2b: Whimsicott|Protect|p2b: Whimsicott\n|-singleturn|p2b: Whimsicott|Protect\n|move|p2a: Aegislash|King's Shield|p2a: Aegislash\n|-singleturn|p2a: Aegislash|Protect\n|move|p1b: Steelix|Earthquake|p2b: Whimsicott|[spread] p1a\n|-activate|p2a: Aegislash|move: Protect\n|-activate|p2b: Whimsicott|move: Protect\n|-resisted|p1a: Sinistcha|1\n|-damage|p1a: Sinistcha|49/100\n|move|p1a: Sinistcha|Strength Sap|p2a: Aegislash\n|-unboost|p2a: Aegislash|atk|1\n|-heal|p1a: Sinistcha|100/100\n|\n|-weather|Sandstorm|[upkeep]\n|-damage|p1a: Sinistcha|94/100|[from] Sandstorm\n|-damage|p2b: Whimsicott|53/100|[from] Sandstorm\n|-heal|p1a: Sinistcha|100/100|[from] item: Leftovers\n|-sideend|p1: Hedgehogwarrior|move: Light Screen\n|-fieldend|move: Trick Room\n|upkeep\n|turn|6\n|inactive|Hedgehogwarrior has 30 seconds left.\n|inactive|lhomkwai has 30 seconds left.\n|\n|t:|1776172377\n|switch|p1a: Tyranitar|Tyranitar, L50, F|100/100\n|move|p2b: Whimsicott|Tailwind|p2b: Whimsicott\n|-sidestart|p2: lhomkwai|move: Tailwind\n|-formechange|p2a: Aegislash|Aegislash-Blade|\n|move|p2a: Aegislash|Poltergeist|p1a: Tyranitar\n|-activate|p1a: Tyranitar|move: Poltergeist|Black Glasses\n|-resisted|p1a: Tyranitar|1\n|-damage|p1a: Tyranitar|69/100\n|move|p1b: Steelix|Iron Head|p2b: Whimsicott\n|-supereffective|p2b: Whimsicott|1\n|-damage|p2b: Whimsicott|0 fnt\n|faint|p2b: Whimsicott\n|\n|-weather|Sandstorm|[upkeep]\n|upkeep\n|inactive|lhomkwai has 30 seconds left.\n|\n|t:|1776172403\n|switch|p2b: Glimmora|Glimmora-Mega, L50, F|14/100\n|turn|7\n|\n|t:|1776172418\n|move|p2b: Glimmora|Earth Power|p1b: Steelix\n|-supereffective|p1b: Steelix|1\n|-damage|p1b: Steelix|27/100\n|move|p2a: Aegislash|Close Combat|p1a: Tyranitar\n|-supereffective|p1a: Tyranitar|2\n|-crit|p1a: Tyranitar\n|-damage|p1a: Tyranitar|0 fnt\n|-unboost|p2a: Aegislash|def|1\n|-unboost|p2a: Aegislash|spd|1\n|faint|p1a: Tyranitar\n|-enditem|p2a: Aegislash|White Herb\n|-clearnegativeboost|p2a: Aegislash|[silent]\n|move|p1b: Steelix|Breaking Swipe|p2b: Glimmora|[spread] p2a,p2b\n|-resisted|p2a: Aegislash|1\n|-damage|p2a: Aegislash|0 fnt\n|-damage|p2b: Glimmora|0 fnt\n|faint|p2a: Aegislash\n|faint|p2b: Glimmora\n|\n|-weather|none\n|upkeep\n|\n|t:|1776172437\n|switch|p2a: Meowscarada|Meowscarada, L50, M|100/100\n|switch|p1a: Sinistcha|Sinistcha, L50|100/100\n|-heal|p1b: Steelix|52/100|[from] ability: Hospitality|[of] p1a: Sinistcha\n|turn|8\n|\n|t:|1776172449\n|move|p2a: Meowscarada|Knock Off|p1a: Sinistcha\n|-start|p2a: Meowscarada|typechange|Dark|[from] ability: Protean\n|-supereffective|p1a: Sinistcha|1\n|-damage|p1a: Sinistcha|9/100\n|-enditem|p1a: Sinistcha|Leftovers|[from] move: Knock Off|[of] p2a: Meowscarada\n|move|p1a: Sinistcha|Strength Sap|p2a: Meowscarada\n|-unboost|p2a: Meowscarada|atk|1\n|-heal|p1a: Sinistcha|100/100\n|move|p1b: Steelix|Breaking Swipe|p2a: Meowscarada\n|-crit|p2a: Meowscarada\n|-damage|p2a: Meowscarada|44/100\n|-unboost|p2a: Meowscarada|atk|1\n|\n|upkeep\n|turn|9\n|-message|lhomkwai forfeited.\n|\n|win|Hedgehogwarrior\n|raw|Hedgehogwarrior's rating: 1056 &rarr; <strong>1088</strong><br />(+32 for winning)\n|raw|lhomkwai's rating: 1064 &rarr; <strong>1044</strong><br />(-20 for losing)\n|l|\u2606lhomkwai\n|player|p2|\n",
  "uploadtime": 1776172475,
  "views": 14,
  "formatid": "gen9championsvgc2026regma",
  "rating": 1044,
  "private": 0,
  "password": null
}