{
  "id": "gen9championsvgc2026regma-2588143617",
  "format": "[Gen 9 Champions] VGC 2026 Reg M-A",
  "players": [
    "nale581",
    "mobmasher99"
  ],
  "log": "|j|\u2606nale581\n|j|\u2606mobmasher99\n|t:|1776608722\n|gametype|doubles\n|player|p1|nale581|170|1159\n|player|p2|mobmasher99|teamrocket|1146\n|gen|9\n|tier|[Gen 9 Champions] VGC 2026 Reg M-A\n|rated|\n|rule|Species Clause: Limit one of each Pok\u00e9mon\n|rule|Item Clause: Limit 1 of each item\n|clearpoke\n|poke|p1|Sableye, L50, M|\n|poke|p1|Meganium, L50, M|\n|poke|p1|Politoed, L50, F|\n|poke|p1|Archaludon, L50, F|\n|poke|p1|Basculegion, L50, M|\n|poke|p1|Sneasler, L50, M|\n|poke|p2|Aurorus, L50, F|\n|poke|p2|Slowking-Galar, L50, M|\n|poke|p2|Crabominable, L50, M|\n|poke|p2|Sinistcha, L50|\n|poke|p2|Incineroar, L50, M|\n|poke|p2|Oranguru, L50, F|\n|teampreview|4\n|inactive|Battle timer is ON: inactive players will automatically lose when time's up. (requested by mobmasher99)\n|inactive|nale581 also wants the timer to be on.\n|\n|t:|1776608736\n|teamsize|p1|4\n|teamsize|p2|4\n|start\n|switch|p1a: Politoed|Politoed, L50, F|100/100\n|switch|p1b: Archaludon|Archaludon, L50, F|100/100\n|switch|p2a: Aurorus|Aurorus, L50, F|100/100\n|switch|p2b: Oranguru|Oranguru, L50, F|100/100\n|-weather|RainDance|[from] ability: Drizzle|[of] p1a: Politoed\n|-weather|Snowscape|[from] ability: Snow Warning|[of] p2a: Aurorus\n|turn|1\n|\n|t:|1776608751\n|move|p2a: Aurorus|Protect|p2a: Aurorus\n|-singleturn|p2a: Aurorus|Protect\n|move|p1b: Archaludon|Flash Cannon|p2a: Aurorus\n|-activate|p2a: Aurorus|move: Protect\n|move|p1a: Politoed|Muddy Water|p2b: Oranguru|[spread] p2b\n|-activate|p2a: Aurorus|move: Protect\n|-damage|p2b: Oranguru|82/100\n|move|p2b: Oranguru|Trick Room|p2b: Oranguru\n|-fieldstart|move: Trick Room|[of] p2b: Oranguru\n|\n|-weather|Snowscape|[upkeep]\n|upkeep\n|turn|2\n|\n|t:|1776608774\n|switch|p2b: Crabominable|Crabominable, L50, M|100/100\n|move|p2a: Aurorus|Blizzard|p1b: Archaludon|[spread] p1a,p1b\n|-resisted|p1a: Politoed|1\n|-damage|p1a: Politoed|83/100\n|-damage|p1b: Archaludon|56/100\n|-ability|p1b: Archaludon|Stamina|boost\n|-boost|p1b: Archaludon|def|1\n|move|p1a: Politoed|Muddy Water|p2a: Aurorus|[spread] p2a,p2b\n|-supereffective|p2a: Aurorus|1\n|-damage|p2a: Aurorus|64/100\n|-damage|p2b: Crabominable|70/100\n|-unboost|p2a: Aurorus|accuracy|1\n|-unboost|p2b: Crabominable|accuracy|1\n|move|p1b: Archaludon|Flash Cannon|p2a: Aurorus\n|-supereffective|p2a: Aurorus|2\n|-damage|p2a: Aurorus|0 fnt\n|faint|p2a: Aurorus\n|\n|-weather|Snowscape|[upkeep]\n|-heal|p1b: Archaludon|62/100|[from] item: Leftovers\n|upkeep\n|\n|t:|1776608783\n|switch|p2a: Slowking|Slowking-Galar, L50, M|100/100\n|turn|3\n|\n|t:|1776608791\n|switch|p1a: Basculegion|Basculegion, L50, M|100/100\n|detailschange|p2b: Crabominable|Crabominable-Mega, L50, M\n|-mega|p2b: Crabominable|Crabominable|Crabominite\n|move|p1b: Archaludon|Protect|p1b: Archaludon\n|-singleturn|p1b: Archaludon|Protect\n|move|p2a: Slowking|Sludge Bomb|p1a: Basculegion\n|-resisted|p1a: Basculegion|1\n|-damage|p1a: Basculegion|80/100\n|-status|p1a: Basculegion|psn\n|move|p2b: Crabominable|Drain Punch|p1b: Archaludon\n|-activate|p1b: Archaludon|move: Protect\n|\n|-weather|Snowscape|[upkeep]\n|-heal|p1b: Archaludon|68/100|[from] item: Leftovers\n|-damage|p1a: Basculegion|68/100 psn|[from] psn\n|upkeep\n|turn|4\n|\n|t:|1776608811\n|switch|p1b: Politoed|Politoed, L50, F|83/100\n|-weather|RainDance|[from] ability: Drizzle|[of] p1b: Politoed\n|move|p2a: Slowking|Psychic Noise|p1a: Basculegion\n|-damage|p1a: Basculegion|28/100 psn\n|-start|p1a: Basculegion|move: Heal Block\n|move|p2b: Crabominable|Drain Punch|p1b: Politoed\n|-damage|p1b: Politoed|27/100\n|-heal|p2b: Crabominable|96/100|[from] drain|[of] p1b: Politoed\n|-enditem|p1b: Politoed|Sitrus Berry|[eat]\n|-heal|p1b: Politoed|52/100|[from] item: Sitrus Berry\n|move|p1a: Basculegion|Flip Turn|p2b: Crabominable\n|-damage|p2b: Crabominable|59/100\n|\n|t:|1776608828\n|switch|p1a: Meganium|Meganium, L50, M|100/100|[from] Flip Turn\n|\n|-weather|RainDance|[upkeep]\n|upkeep\n|turn|5\n|\n|t:|1776608839\n|detailschange|p1a: Meganium|Meganium-Mega, L50, M\n|-mega|p1a: Meganium|Meganium|Meganiumite\n|move|p1a: Meganium|Protect|p1a: Meganium\n|-singleturn|p1a: Meganium|Protect\n|-prepare|p2a: Slowking|Chilly Reception|[premajor]\n|move|p2a: Slowking|Chilly Reception|p2a: Slowking\n|-weather|Snowscape\n|\n|t:|1776608842\n|switch|p2a: Oranguru|Oranguru, L50, F|82/100|[from] Chilly Reception\n|move|p2b: Crabominable|Drain Punch|p1b: Politoed\n|-damage|p1b: Politoed|0 fnt\n|-heal|p2b: Crabominable|83/100|[from] drain|[of] p1b: Politoed\n|faint|p1b: Politoed\n|\n|-weather|Snowscape|[upkeep]\n|-fieldend|move: Trick Room\n|upkeep\n|\n|t:|1776608861\n|switch|p1b: Basculegion|Basculegion, L50, M|28/100 psn\n|turn|6\n|inactive|nale581 has 30 seconds left.\n|inactive|nale581 has 20 seconds left.\n|inactive|nale581 has 15 seconds left.\n|inactive|nale581 has 10 seconds left.\n|\n|t:|1776608907\n|switch|p2b: Slowking|Slowking-Galar, L50, M|100/100\n|move|p1b: Basculegion|Wave Crash|p2a: Oranguru\n|-damage|p2a: Oranguru|28/100\n|-damage|p1b: Basculegion|11/100 psn|[from] Recoil\n|move|p1a: Meganium|Dazzling Gleam|p2a: Oranguru|[spread] p2a,p2b\n|-resisted|p2b: Slowking|1\n|-damage|p2a: Oranguru|0 fnt\n|-damage|p2b: Slowking|89/100\n|faint|p2a: Oranguru\n|\n|-weather|Snowscape|[upkeep]\n|-damage|p1b: Basculegion|0 fnt|[from] psn\n|faint|p1b: Basculegion\n|upkeep\n|\n|t:|1776608920\n|switch|p1b: Archaludon|Archaludon, L50, F|68/100\n|switch|p2a: Crabominable|Crabominable-Mega, L50, M|83/100\n|turn|7\n|\n|t:|1776608937\n|move|p2a: Crabominable|Protect|p2a: Crabominable\n|-singleturn|p2a: Crabominable|Protect\n|move|p1b: Archaludon|Dragon Pulse|p2b: Slowking\n|-damage|p2b: Slowking|56/100\n|move|p1a: Meganium|Dazzling Gleam|p2b: Slowking|[spread] p2b\n|-activate|p2a: Crabominable|move: Protect\n|-resisted|p2b: Slowking|1\n|-damage|p2b: Slowking|43/100\n|move|p2b: Slowking|Trick Room|p2b: Slowking\n|-fieldstart|move: Trick Room|[of] p2b: Slowking\n|\n|-weather|Snowscape|[upkeep]\n|-heal|p1b: Archaludon|74/100|[from] item: Leftovers\n|upkeep\n|turn|8\n|\n|t:|1776608957\n|move|p2b: Slowking|Sludge Bomb|p1a: Meganium\n|-supereffective|p1a: Meganium|2\n|-damage|p1a: Meganium|0 fnt\n|faint|p1a: Meganium\n|move|p2a: Crabominable|Ice Hammer|p1b: Archaludon\n|-damage|p1b: Archaludon|19/100\n|-unboost|p2a: Crabominable|spe|1\n|-ability|p1b: Archaludon|Stamina|boost\n|-boost|p1b: Archaludon|def|1\n|move|p1b: Archaludon|Flash Cannon|p2a: Crabominable\n|-supereffective|p2a: Crabominable|1\n|-damage|p2a: Crabominable|24/100\n|\n|-weather|Snowscape|[upkeep]\n|-heal|p1b: Archaludon|25/100|[from] item: Leftovers\n|upkeep\n|turn|9\n|\n|t:|1776608969\n|move|p1b: Archaludon|Protect|p1b: Archaludon\n|-singleturn|p1b: Archaludon|Protect\n|move|p2a: Crabominable|Drain Punch|p1b: Archaludon\n|-activate|p1b: Archaludon|move: Protect\n|move|p2b: Slowking|Psychic Noise|p1b: Archaludon\n|-activate|p1b: Archaludon|move: Protect\n|\n|-weather|none\n|-heal|p1b: Archaludon|31/100|[from] item: Leftovers\n|upkeep\n|turn|10\n|\n|t:|1776608980\n|move|p2a: Crabominable|Drain Punch|p1b: Archaludon\n|-supereffective|p1b: Archaludon|1\n|-damage|p1b: Archaludon|0 fnt\n|-heal|p2a: Crabominable|39/100|[from] drain|[of] p1b: Archaludon\n|faint|p1b: Archaludon\n|\n|win|mobmasher99\n|raw|nale581's rating: 1159 &rarr; <strong>1133</strong><br />(-26 for losing)\n|raw|mobmasher99's rating: 1146 &rarr; <strong>1172</strong><br />(+26 for winning)\n|l|\u2606nale581\n|player|p1|\n",
  "uploadtime": 1776608983,
  "views": 15,
  "formatid": "gen9championsvgc2026regma",
  "rating": 1133,
  "private": 0,
  "password": null
}