{
  "id": "gen9championsvgc2026regma-2584846382",
  "format": "[Gen 9 Champions] VGC 2026 Reg M-A",
  "players": [
    "Therealcienega",
    "MvillMpersonality"
  ],
  "log": "|j|\u2606Therealcienega\n|j|\u2606MvillMpersonality\n|t:|1776288233\n|gametype|doubles\n|player|p1|Therealcienega|169|1063\n|player|p2|MvillMpersonality|pokemaniac|1125\n|gen|9\n|tier|[Gen 9 Champions] VGC 2026 Reg M-A\n|rated|\n|rule|Species Clause: Limit one of each Pok\u00e9mon\n|rule|Item Clause: Limit 1 of each item\n|clearpoke\n|poke|p1|Scizor, L50, M|\n|poke|p1|Pelipper, L50, M|\n|poke|p1|Archaludon, L50, M|\n|poke|p1|Basculegion, L50, M|\n|poke|p1|Garchomp, L50, F|\n|poke|p1|Incineroar, L50, M|\n|poke|p2|Scovillain, L50, M|\n|poke|p2|Sinistcha, L50|\n|poke|p2|Gallade, L50, M|\n|poke|p2|Kingambit, L50, F|\n|poke|p2|Rhyperior, L50, F|\n|poke|p2|Primarina, L50, F|\n|teampreview|4\n|inactive|Battle timer is ON: inactive players will automatically lose when time's up. (requested by Therealcienega)\n|\n|t:|1776288332\n|teamsize|p1|4\n|teamsize|p2|4\n|start\n|switch|p1a: Pelipper|Pelipper, L50, M|100/100\n|switch|p1b: Incineroar|Incineroar, L50, M|100/100\n|switch|p2a: Scovillain|Scovillain, L50, M|100/100\n|switch|p2b: Kingambit|Kingambit, L50, F|100/100\n|-weather|RainDance|[from] ability: Drizzle|[of] p1a: Pelipper\n|-ability|p1b: Incineroar|Intimidate|boost\n|-unboost|p2a: Scovillain|atk|1\n|-unboost|p2b: Kingambit|atk|1\n|-ability|p2b: Kingambit|Defiant|boost\n|-boost|p2b: Kingambit|atk|2\n|turn|1\n|inactive|MvillMpersonality has 30 seconds left.\n|inactive|MvillMpersonality has 20 seconds left.\n|\n|t:|1776288370\n|detailschange|p2a: Scovillain|Scovillain-Mega, L50, M\n|-mega|p2a: Scovillain|Scovillain|Scovillainite\n|move|p2a: Scovillain|Protect|p2a: Scovillain\n|-singleturn|p2a: Scovillain|Protect\n|move|p2b: Kingambit|Protect|p2b: Kingambit\n|-singleturn|p2b: Kingambit|Protect\n|move|p1b: Incineroar|Fake Out|p2b: Kingambit\n|-activate|p2b: Kingambit|move: Protect\n|move|p1a: Pelipper|Hurricane|p2a: Scovillain\n|-activate|p2a: Scovillain|move: Protect\n|\n|-weather|RainDance|[upkeep]\n|upkeep\n|turn|2\n|inactive|MvillMpersonality has 30 seconds left.\n|inactive|MvillMpersonality has 20 seconds left.\n|inactive|MvillMpersonality has 15 seconds left.\n|\n|t:|1776288414\n|move|p2a: Scovillain|Rage Powder|p2a: Scovillain\n|-singleturn|p2a: Scovillain|move: Rage Powder\n|move|p2b: Kingambit|Sucker Punch||[still]\n|-fail|p2b: Kingambit\n|move|p1a: Pelipper|Hurricane|p2a: Scovillain\n|-supereffective|p2a: Scovillain|1\n|-damage|p2a: Scovillain|6/100\n|-start|p2a: Scovillain|confusion\n|-status|p1a: Pelipper|brn|[from] ability: Spicy Spray|[of] p2a: Scovillain\n|move|p1b: Incineroar|Roar|p2a: Scovillain\n|drag|p2a: Gallade|Gallade, L50, M|100/100\n|\n|-weather|RainDance|[upkeep]\n|-damage|p1a: Pelipper|95/100 brn|[from] brn\n|upkeep\n|turn|3\n|inactive|Therealcienega has 30 seconds left.\n|inactive|MvillMpersonality has 30 seconds left.\n|\n|t:|1776288442\n|move|p2b: Kingambit|Sucker Punch|p1a: Pelipper\n|-damage|p1a: Pelipper|4/100 brn\n|move|p1a: Pelipper|Hurricane|p2a: Gallade\n|-supereffective|p2a: Gallade|1\n|-damage|p2a: Gallade|15/100\n|-start|p2a: Gallade|confusion\n|move|p1b: Incineroar|Roar|p2b: Kingambit\n|drag|p2b: Scovillain|Scovillain-Mega, L50, M|6/100\n|-activate|p2a: Gallade|confusion\n|move|p2a: Gallade|Trick Room|p2a: Gallade\n|-fieldstart|move: Trick Room|[of] p2a: Gallade\n|\n|-weather|RainDance|[upkeep]\n|-damage|p1a: Pelipper|0 fnt|[from] brn\n|faint|p1a: Pelipper\n|upkeep\n|inactive|Therealcienega has 30 seconds left.\n|\n|t:|1776288467\n|switch|p1a: Basculegion|Basculegion, L50, M|100/100\n|turn|4\n|\n|t:|1776288487\n|move|p2b: Scovillain|Rage Powder|p2b: Scovillain\n|-singleturn|p2b: Scovillain|move: Rage Powder\n|move|p1a: Basculegion|Aqua Jet|p2b: Scovillain\n|-damage|p2b: Scovillain|0 fnt\n|-status|p1a: Basculegion|brn|[from] ability: Spicy Spray|[of] p2b: Scovillain\n|faint|p2b: Scovillain\n|move|p1b: Incineroar|Throat Chop|p2a: Gallade\n|-damage|p2a: Gallade|0 fnt\n|faint|p2a: Gallade\n|\n|-weather|RainDance|[upkeep]\n|-damage|p1a: Basculegion|94/100 brn|[from] brn\n|upkeep\n|l|\u2606MvillMpersonality\n|inactive|MvillMpersonality disconnected and has a minute to reconnect!\n|player|p2|\n|j|\u2606MvillMpersonality\n|inactive|MvillMpersonality reconnected and has 40 seconds left.\n|player|p2|MvillMpersonality|pokemaniac|\n|inactive|MvillMpersonality has 30 seconds left.\n|\n|t:|1776288519\n|switch|p2b: Kingambit|Kingambit, L50, F|100/100\n|switch|p2a: Primarina|Primarina, L50, F|100/100\n|turn|5\n|\n|t:|1776288535\n|move|p2b: Kingambit|Sucker Punch|p1a: Basculegion\n|-supereffective|p1a: Basculegion|1\n|-damage|p1a: Basculegion|0 fnt\n|faint|p1a: Basculegion\n|move|p2a: Primarina|Calm Mind|p2a: Primarina\n|-boost|p2a: Primarina|spa|1\n|-boost|p2a: Primarina|spd|1\n|move|p1b: Incineroar|Parting Shot|p2a: Primarina\n|-unboost|p2a: Primarina|atk|1\n|-unboost|p2a: Primarina|spa|1\n|\n|t:|1776288541\n|switch|p1b: Scizor|Scizor, L50, M|100/100|[from] Parting Shot\n|\n|-weather|none\n|upkeep\n|\n|t:|1776288544\n|switch|p1a: Incineroar|Incineroar, L50, M|100/100\n|-ability|p1a: Incineroar|Intimidate|boost\n|-unboost|p2a: Primarina|atk|1\n|-unboost|p2b: Kingambit|atk|1\n|-ability|p2b: Kingambit|Defiant|boost\n|-boost|p2b: Kingambit|atk|2\n|turn|6\n|inactive|MvillMpersonality has 30 seconds left.\n|\n|t:|1776288575\n|detailschange|p1b: Scizor|Scizor-Mega, L50, M\n|-mega|p1b: Scizor|Scizor|Scizorite\n|move|p1a: Incineroar|Fake Out|p2a: Primarina\n|-damage|p2a: Primarina|87/100\n|move|p2b: Kingambit|Sucker Punch||[still]\n|-fail|p2b: Kingambit\n|cant|p2a: Primarina|flinch\n|move|p1b: Scizor|Swords Dance|p1b: Scizor\n|-boost|p1b: Scizor|atk|2\n|\n|upkeep\n|turn|7\n|\n|t:|1776288591\n|move|p2a: Primarina|Protect|p2a: Primarina\n|-singleturn|p2a: Primarina|Protect\n|move|p2b: Kingambit|Sucker Punch|p1b: Scizor\n|-damage|p1b: Scizor|46/100\n|move|p1b: Scizor|Bullet Punch|p2a: Primarina\n|-activate|p2a: Primarina|move: Protect\n|move|p1a: Incineroar|Throat Chop|p2a: Primarina\n|-activate|p2a: Primarina|move: Protect\n|\n|-fieldend|move: Trick Room\n|upkeep\n|turn|8\n|inactive|MvillMpersonality has 30 seconds left.\n|\n|t:|1776288621\n|move|p2b: Kingambit|Sucker Punch||[still]\n|-fail|p2b: Kingambit\n|move|p1b: Scizor|Roost|p1b: Scizor\n|-heal|p1b: Scizor|97/100\n|-singleturn|p1b: Scizor|move: Roost\n|move|p1a: Incineroar|Parting Shot|p2a: Primarina\n|-unboost|p2a: Primarina|atk|1\n|-unboost|p2a: Primarina|spa|1\n|move|p2a: Primarina|Hyper Voice|p1b: Scizor|[spread] p1a,p1b\n|-supereffective|p1a: Incineroar|1\n|-damage|p1a: Incineroar|56/100\n|-damage|p1b: Scizor|69/100\n|\n|upkeep\n|turn|9\n|inactive|Therealcienega has 30 seconds left.\n|inactive|MvillMpersonality has 30 seconds left.\n|\n|t:|1776288651\n|move|p1b: Scizor|Bullet Punch|p2b: Kingambit\n|-resisted|p2b: Kingambit|1\n|-damage|p2b: Kingambit|71/100\n|move|p2a: Primarina|Hyper Voice|p1a: Incineroar|[spread] p1a,p1b\n|-supereffective|p1a: Incineroar|1\n|-damage|p1a: Incineroar|13/100\n|-damage|p1b: Scizor|38/100\n|-enditem|p1a: Incineroar|Sitrus Berry|[eat]\n|-heal|p1a: Incineroar|38/100|[from] item: Sitrus Berry\n|move|p1a: Incineroar|Throat Chop|p2a: Primarina\n|-resisted|p2a: Primarina|1\n|-damage|p2a: Primarina|69/100\n|-start|p2a: Primarina|Throat Chop|[silent]\n|move|p2b: Kingambit|Kowtow Cleave|p1b: Scizor\n|-damage|p1b: Scizor|0 fnt\n|faint|p1b: Scizor\n|\n|upkeep\n|turn|10\n|-message|Therealcienega forfeited.\n|\n|win|MvillMpersonality\n|raw|Therealcienega's rating: 1063 &rarr; <strong>1047</strong><br />(-16 for losing)\n|raw|MvillMpersonality's rating: 1125 &rarr; <strong>1146</strong><br />(+21 for winning)\n|l|\u2606Therealcienega\n|player|p1|\n",
  "uploadtime": 1776288702,
  "views": 20,
  "formatid": "gen9championsvgc2026regma",
  "rating": 1047,
  "private": 0,
  "password": null
}