{
  "id": "gen9championsvgc2026regma-2582385084",
  "format": "[Gen 9 Champions] VGC 2026 Reg M-A",
  "players": [
    "unfurroml",
    "Travxz"
  ],
  "log": "|j|\u2606unfurroml\n|j|\u2606Travxz\n|t:|1776088131\n|gametype|doubles\n|player|p1|unfurroml|spark|1210\n|player|p2|Travxz|266|1226\n|gen|9\n|tier|[Gen 9 Champions] VGC 2026 Reg M-A\n|rated|\n|rule|Species Clause: Limit one of each Pok\u00e9mon\n|rule|Item Clause: Limit 1 of each item\n|clearpoke\n|poke|p1|Pidgeot, L50, F|\n|poke|p1|Raichu, L50, M|\n|poke|p1|Garchomp, L50, M|\n|poke|p1|Incineroar, L50, F|\n|poke|p1|Sneasler, L50, M|\n|poke|p1|Farigiraf, L50, M|\n|poke|p2|Tyranitar, L50, M|\n|poke|p2|Excadrill, L50, M|\n|poke|p2|Corviknight, L50, M|\n|poke|p2|Garchomp, L50, M|\n|poke|p2|Sinistcha, L50|\n|poke|p2|Talonflame, L50, F|\n|teampreview|4\n|inactive|Battle timer is ON: inactive players will automatically lose when time's up. (requested by Travxz)\n|\n|t:|1776088167\n|teamsize|p1|4\n|teamsize|p2|4\n|start\n|switch|p1a: Garchomp|Garchomp, L50, M|100/100\n|switch|p1b: Incineroar|Incineroar, L50, F|100/100\n|switch|p2a: Corviknight|Corviknight, L50, M|100/100\n|switch|p2b: Tyranitar|Tyranitar, L50, M|100/100\n|-ability|p1b: Incineroar|Intimidate|boost\n|-ability|p2a: Corviknight|Mirror Armor\n|-unboost|p1b: Incineroar|atk|1\n|-unboost|p2b: Tyranitar|atk|1\n|-weather|Sandstorm|[from] ability: Sand Stream|[of] p2b: Tyranitar\n|turn|1\n|inactive|unfurroml has 30 seconds left.\n|inactive|Travxz has 30 seconds left.\n|inactive|unfurroml has 20 seconds left.\n|inactive|unfurroml has 15 seconds left.\n|\n|t:|1776088209\n|detailschange|p2b: Tyranitar|Tyranitar-Mega, L50, M\n|-mega|p2b: Tyranitar|Tyranitar|Tyranitarite\n|move|p1b: Incineroar|Fake Out|p2b: Tyranitar\n|-resisted|p2b: Tyranitar|1\n|-damage|p2b: Tyranitar|99/100\n|move|p1a: Garchomp|Earthquake|p2a: Corviknight|[spread] p1b,p2b\n|-immune|p2a: Corviknight\n|-supereffective|p1b: Incineroar|1\n|-supereffective|p2b: Tyranitar|1\n|-damage|p1b: Incineroar|40/100\n|-damage|p2b: Tyranitar|51/100\n|-enditem|p1b: Incineroar|Sitrus Berry|[eat]\n|-heal|p1b: Incineroar|65/100|[from] item: Sitrus Berry\n|move|p2a: Corviknight|Body Press|p1b: Incineroar\n|-supereffective|p1b: Incineroar|1\n|-damage|p1b: Incineroar|27/100\n|cant|p2b: Tyranitar|flinch\n|\n|-weather|Sandstorm|[upkeep]\n|-damage|p1b: Incineroar|21/100|[from] Sandstorm\n|upkeep\n|turn|2\n|inactive|unfurroml has 30 seconds left.\n|\n|t:|1776088240\n|move|p2b: Tyranitar|Protect|p2b: Tyranitar\n|-singleturn|p2b: Tyranitar|Protect\n|move|p1a: Garchomp|Earthquake|p2a: Corviknight|[spread] p1b\n|-activate|p2b: Tyranitar|move: Protect\n|-immune|p2a: Corviknight\n|-supereffective|p1b: Incineroar|1\n|-damage|p1b: Incineroar|0 fnt\n|faint|p1b: Incineroar\n|move|p2a: Corviknight|Body Press|p1a: Garchomp\n|-damage|p1a: Garchomp|76/100\n|\n|-weather|Sandstorm|[upkeep]\n|upkeep\n|\n|t:|1776088244\n|switch|p1b: Pidgeot|Pidgeot, L50, F, shiny|100/100\n|turn|3\n|inactive|Travxz has 30 seconds left.\n|inactive|Travxz has 20 seconds left.\n|inactive|Travxz has 15 seconds left.\n|inactive|Travxz has 10 seconds left.\n|inactive|Travxz has 5 seconds left.\n|\n|t:|1776088299\n|detailschange|p1b: Pidgeot|Pidgeot-Mega, L50, F, shiny\n|-mega|p1b: Pidgeot|Pidgeot|Pidgeotite\n|move|p1b: Pidgeot|Heat Wave|p2b: Tyranitar|[spread] p2a,p2b\n|-supereffective|p2a: Corviknight|1\n|-resisted|p2b: Tyranitar|1\n|-damage|p2a: Corviknight|52/100\n|-damage|p2b: Tyranitar|45/100\n|move|p1a: Garchomp|Earthquake|p2b: Tyranitar|[spread] p2b\n|-immune|p1b: Pidgeot\n|-immune|p2a: Corviknight\n|-supereffective|p2b: Tyranitar|1\n|-crit|p2b: Tyranitar\n|-damage|p2b: Tyranitar|0 fnt\n|faint|p2b: Tyranitar\n|move|p2a: Corviknight|Body Press|p1b: Pidgeot\n|-damage|p1b: Pidgeot|66/100\n|\n|-weather|Sandstorm|[upkeep]\n|-damage|p1b: Pidgeot|60/100|[from] Sandstorm\n|-heal|p2a: Corviknight|58/100|[from] item: Leftovers\n|upkeep\n|inactive|Travxz has 30 seconds left.\n|\n|t:|1776088330\n|switch|p2b: Excadrill|Excadrill, L50, M, shiny|100/100\n|turn|4\n|\n|t:|1776088345\n|move|p1b: Pidgeot|Protect|p1b: Pidgeot\n|-singleturn|p1b: Pidgeot|Protect\n|move|p2b: Excadrill|Iron Head|p1a: Garchomp\n|-damage|p1a: Garchomp|27/100\n|move|p1a: Garchomp|Earthquake|p2a: Corviknight|[spread] p2b\n|-activate|p1b: Pidgeot|move: Protect\n|-immune|p2a: Corviknight\n|-supereffective|p2b: Excadrill|1\n|-enditem|p2b: Excadrill|Focus Sash\n|-damage|p2b: Excadrill|1/100\n|move|p2a: Corviknight|Brave Bird|p1b: Pidgeot\n|-activate|p1b: Pidgeot|move: Protect\n|\n|-weather|Sandstorm|[upkeep]\n|-damage|p1b: Pidgeot|54/100|[from] Sandstorm\n|-heal|p2a: Corviknight|64/100|[from] item: Leftovers\n|upkeep\n|turn|5\n|\n|t:|1776088366\n|switch|p1a: Sneasler|Sneasler, L50, M|100/100\n|move|p2b: Excadrill|Protect|p2b: Excadrill\n|-singleturn|p2b: Excadrill|Protect\n|move|p1b: Pidgeot|Heat Wave|p2b: Excadrill|[spread] p2a\n|-activate|p2b: Excadrill|move: Protect\n|-supereffective|p2a: Corviknight|1\n|-damage|p2a: Corviknight|14/100\n|move|p2a: Corviknight|Brave Bird|p1b: Pidgeot\n|-damage|p1b: Pidgeot|7/100\n|-damage|p2a: Corviknight|1/100|[from] Recoil\n|\n|-weather|none\n|-heal|p2a: Corviknight|7/100|[from] item: Leftovers\n|upkeep\n|turn|6\n|\n|t:|1776088390\n|move|p1a: Sneasler|Protect|p1a: Sneasler\n|-singleturn|p1a: Sneasler|Protect\n|move|p2a: Corviknight|Protect|p2a: Corviknight\n|-singleturn|p2a: Corviknight|Protect\n|move|p1b: Pidgeot|Heat Wave|p2a: Corviknight|[spread] p2b\n|-activate|p2a: Corviknight|move: Protect\n|-supereffective|p2b: Excadrill|1\n|-damage|p2b: Excadrill|0 fnt\n|faint|p2b: Excadrill\n|\n|-heal|p2a: Corviknight|13/100|[from] item: Leftovers\n|upkeep\n|\n|t:|1776088403\n|switch|p2b: Sinistcha|Sinistcha, L50|100/100\n|-heal|p2a: Corviknight|38/100|[from] ability: Hospitality|[of] p2b: Sinistcha\n|turn|7\n|\n|t:|1776088412\n|move|p1b: Pidgeot|Hurricane|p2b: Sinistcha\n|-supereffective|p2b: Sinistcha|1\n|-crit|p2b: Sinistcha\n|-damage|p2b: Sinistcha|0 fnt\n|faint|p2b: Sinistcha\n|move|p1a: Sneasler|Close Combat|p2a: Corviknight\n|-damage|p2a: Corviknight|0 fnt\n|-unboost|p1a: Sneasler|def|1\n|-unboost|p1a: Sneasler|spd|1\n|faint|p2a: Corviknight\n|\n|win|unfurroml\n|raw|unfurroml's rating: 1210 &rarr; <strong>1236</strong><br />(+26 for winning)\n|raw|Travxz's rating: 1226 &rarr; <strong>1200</strong><br />(-26 for losing)\n|l|\u2606Travxz\n|player|p2|\n",
  "uploadtime": 1776088421,
  "views": 18,
  "formatid": "gen9championsvgc2026regma",
  "rating": 1200,
  "private": 0,
  "password": null
}