{
  "id": "gen9championsvgc2026regma-2588845677",
  "format": "[Gen 9 Champions] VGC 2026 Reg M-A",
  "players": [
    "Demoledorsus",
    "bhyondas"
  ],
  "log": "|j|\u2606Demoledorsus\n|j|\u2606bhyondas\n|t:|1776677883\n|gametype|doubles\n|player|p1|Demoledorsus|1|1190\n|player|p2|bhyondas|265|1143\n|gen|9\n|tier|[Gen 9 Champions] VGC 2026 Reg M-A\n|rated|\n|rule|Species Clause: Limit one of each Pok\u00e9mon\n|rule|Item Clause: Limit 1 of each item\n|clearpoke\n|poke|p1|Aggron, L50, F|\n|poke|p1|Sinistcha, L50, shiny|\n|poke|p1|Incineroar, L50, F|\n|poke|p1|Pelipper, L50, M|\n|poke|p1|Basculegion, L50, M|\n|poke|p1|Dragonite, L50, M|\n|poke|p2|Dragonite, L50, M|\n|poke|p2|Aegislash, L50, M|\n|poke|p2|Pelipper, L50, M|\n|poke|p2|Beedrill, L50, F|\n|poke|p2|Diggersby, L50, F|\n|poke|p2|Whimsicott, L50, F|\n|teampreview|4\n|c|\u2606Demoledorsus|gotta give it to ya\n|c|\u2606Demoledorsus|most unique team i've seen so far\n|inactive|Battle timer is ON: inactive players will automatically lose when time's up. (requested by Demoledorsus)\n|\n|t:|1776677935\n|teamsize|p1|4\n|teamsize|p2|4\n|start\n|switch|p1a: Pelipper|Pelipper, L50, M|100/100\n|switch|p1b: Basculegion|Basculegion, L50, M|100/100\n|switch|p2a: Diggersby|Diggersby, L50, F|100/100\n|switch|p2b: Aegislash|Aegislash, L50, M|100/100\n|-weather|RainDance|[from] ability: Drizzle|[of] p1a: Pelipper\n|turn|1\n|inactive|Demoledorsus has 30 seconds left.\n|\n|t:|1776677967\n|switch|p2a: Dragonite|Dragonite, L50, M|100/100\n|move|p1b: Basculegion|Wave Crash|p2b: Aegislash\n|-crit|p2b: Aegislash\n|-damage|p2b: Aegislash|0 fnt\n|faint|p2b: Aegislash\n|-damage|p1b: Basculegion|72/100|[from] Recoil\n|move|p1a: Pelipper|Weather Ball|p2a: Dragonite\n|-resisted|p2a: Dragonite|1\n|-damage|p2a: Dragonite|85/100\n|\n|-weather|RainDance|[upkeep]\n|upkeep\n|\n|t:|1776677976\n|switch|p2b: Whimsicott|Whimsicott, L50, F|100/100\n|turn|2\n|c|\u2606bhyondas|Thanks\n|inactive|Demoledorsus has 30 seconds left.\n|c|\u2606bhyondas|I'm trying new things out\n|inactive|Demoledorsus has 20 seconds left.\n|inactive|Demoledorsus has 15 seconds left.\n|c|\u2606Demoledorsus|underastandable\n|inactive|Demoledorsus has 10 seconds left.\n|\n|t:|1776678025\n|detailschange|p2a: Dragonite|Dragonite-Mega, L50, M\n|-mega|p2a: Dragonite|Dragonite|Dragoninite\n|move|p1b: Basculegion|Aqua Jet|p2b: Whimsicott\n|-resisted|p2b: Whimsicott|1\n|-damage|p2b: Whimsicott|72/100\n|move|p2b: Whimsicott|Tailwind|p2b: Whimsicott\n|-sidestart|p2: bhyondas|move: Tailwind\n|move|p2a: Dragonite|Hurricane|p1b: Basculegion\n|-damage|p1b: Basculegion|0 fnt\n|faint|p1b: Basculegion\n|move|p1a: Pelipper|Tailwind|p1a: Pelipper\n|-sidestart|p1: Demoledorsus|move: Tailwind\n|\n|-weather|RainDance|[upkeep]\n|upkeep\n|\n|t:|1776678030\n|switch|p1b: Aggron|Aggron, L50, F|100/100\n|turn|3\n|\n|t:|1776678047\n|detailschange|p1b: Aggron|Aggron-Mega, L50, F\n|-mega|p1b: Aggron|Aggron|Aggronite\n|move|p1b: Aggron|Protect|p1b: Aggron\n|-singleturn|p1b: Aggron|Protect\n|move|p2b: Whimsicott|Taunt|p1b: Aggron\n|-activate|p1b: Aggron|move: Protect\n|move|p2a: Dragonite|Weather Ball|p1b: Aggron\n|-activate|p1b: Aggron|move: Protect\n|move|p1a: Pelipper|Hurricane|p2b: Whimsicott\n|-supereffective|p2b: Whimsicott|1\n|-damage|p2b: Whimsicott|0 fnt\n|faint|p2b: Whimsicott\n|\n|-weather|RainDance|[upkeep]\n|upkeep\n|\n|t:|1776678052\n|switch|p2b: Diggersby|Diggersby, L50, F|100/100\n|turn|4\n|inactive|bhyondas has 30 seconds left.\n|inactive|bhyondas has 20 seconds left.\n|\n|t:|1776678091\n|switch|p1b: Sinistcha|Sinistcha, L50, shiny|100/100\n|move|p2b: Diggersby|Earthquake|p1b: Sinistcha|[spread] p1b\n|-immune|p2a: Dragonite\n|-immune|p1a: Pelipper\n|-resisted|p1b: Sinistcha|1\n|-damage|p1b: Sinistcha|68/100\n|move|p2a: Dragonite|Weather Ball|p1b: Sinistcha\n|-resisted|p1b: Sinistcha|1\n|-damage|p1b: Sinistcha|35/100\n|move|p1a: Pelipper|Weather Ball|p2b: Diggersby\n|-supereffective|p2b: Diggersby|1\n|-damage|p2b: Diggersby|0 fnt\n|faint|p2b: Diggersby\n|\n|-weather|RainDance|[upkeep]\n|-heal|p1b: Sinistcha|41/100|[from] item: Leftovers\n|upkeep\n|turn|5\n|-message|bhyondas forfeited.\n|\n|win|Demoledorsus\n|raw|Demoledorsus's rating: 1190 &rarr; <strong>1212</strong><br />(+22 for winning)\n|raw|bhyondas's rating: 1143 &rarr; <strong>1121</strong><br />(-22 for losing)\n|l|\u2606bhyondas\n|player|p2|\n|c|\u2606Demoledorsus|ggs lad\n",
  "uploadtime": 1776678120,
  "views": 15,
  "formatid": "gen9championsvgc2026regma",
  "rating": 1121,
  "private": 0,
  "password": null
}