{
  "id": "gen9championsvgc2026regma-2584740231",
  "format": "[Gen 9 Champions] VGC 2026 Reg M-A",
  "players": [
    "tastytjuice",
    "LeviathanWT"
  ],
  "log": "|j|\u2606tastytjuice\n|j|\u2606LeviathanWT\n|t:|1776280322\n|gametype|doubles\n|player|p1|tastytjuice|ethan|1325\n|player|p2|LeviathanWT|lance|1290\n|gen|9\n|tier|[Gen 9 Champions] VGC 2026 Reg M-A\n|rated|\n|rule|Species Clause: Limit one of each Pok\u00e9mon\n|rule|Item Clause: Limit 1 of each item\n|clearpoke\n|poke|p1|Tyranitar, L50, F|\n|poke|p1|Excadrill, L50, M|\n|poke|p1|Incineroar, L50, M|\n|poke|p1|Rotom-Wash, L50|\n|poke|p1|Basculegion, L50, M|\n|poke|p1|Aerodactyl, L50, F|\n|poke|p2|Tsareena, L50, F|\n|poke|p2|Pelipper, L50, M|\n|poke|p2|Meganium, L50, F|\n|poke|p2|Glimmora, L50, F|\n|poke|p2|Basculegion, L50, M|\n|poke|p2|Sneasler, L50, F|\n|teampreview|4\n|inactive|Battle timer is ON: inactive players will automatically lose when time's up. (requested by LeviathanWT)\n|\n|t:|1776280383\n|teamsize|p1|4\n|teamsize|p2|4\n|start\n|switch|p1a: Incineroar|Incineroar, L50, M|100/100\n|switch|p1b: Tyranitar|Tyranitar, L50, F, shiny|100/100\n|switch|p2a: Tsareena|Tsareena, L50, F|100/100\n|switch|p2b: Sneasler|Sneasler, L50, F|100/100\n|-weather|Sandstorm|[from] ability: Sand Stream|[of] p1b: Tyranitar\n|-ability|p1a: Incineroar|Intimidate|boost\n|-unboost|p2a: Tsareena|atk|1\n|-unboost|p2b: Sneasler|atk|1\n|turn|1\n|inactive|LeviathanWT has 30 seconds left.\n|\n|t:|1776280411\n|detailschange|p1b: Tyranitar|Tyranitar-Mega, L50, F, shiny\n|-mega|p1b: Tyranitar|Tyranitar|Tyranitarite\n|move|p1b: Tyranitar|Protect|p1b: Tyranitar\n|-singleturn|p1b: Tyranitar|Protect\n|move|p2b: Sneasler|Fake Out|p1a: Incineroar\n|-damage|p1a: Incineroar|93/100\n|move|p2a: Tsareena|Low Kick|p1b: Tyranitar\n|-activate|p1b: Tyranitar|move: Protect\n|cant|p1a: Incineroar|flinch\n|\n|-weather|Sandstorm|[upkeep]\n|-damage|p2b: Sneasler|95/100|[from] Sandstorm\n|-damage|p2a: Tsareena|94/100|[from] Sandstorm\n|-damage|p1a: Incineroar|87/100|[from] Sandstorm\n|upkeep\n|turn|2\n|inactive|LeviathanWT has 30 seconds left.\n|\n|t:|1776280441\n|switch|p2b: Pelipper|Pelipper, L50, M|100/100\n|-weather|RainDance|[from] ability: Drizzle|[of] p2b: Pelipper\n|switch|p1b: Basculegion|Basculegion, L50, M|100/100\n|move|p2a: Tsareena|Low Kick|p1a: Incineroar\n|-supereffective|p1a: Incineroar|1\n|-damage|p1a: Incineroar|50/100\n|-enditem|p1a: Incineroar|Sitrus Berry|[eat]\n|-heal|p1a: Incineroar|75/100|[from] item: Sitrus Berry\n|move|p1a: Incineroar|Flare Blitz|p2a: Tsareena\n|-supereffective|p2a: Tsareena|1\n|-enditem|p2a: Tsareena|Occa Berry|[eat]\n|-enditem|p2a: Tsareena|Occa Berry|[weaken]\n|-damage|p2a: Tsareena|65/100\n|-damage|p1a: Incineroar|68/100|[from] Recoil\n|\n|-weather|RainDance|[upkeep]\n|upkeep\n|turn|3\n|inactive|tastytjuice has 30 seconds left.\n|inactive|LeviathanWT has 30 seconds left.\n|\n|t:|1776280471\n|move|p2a: Tsareena|Protect|p2a: Tsareena\n|-singleturn|p2a: Tsareena|Protect\n|move|p1b: Basculegion|Wave Crash|p2a: Tsareena\n|-activate|p2a: Tsareena|move: Protect\n|move|p2b: Pelipper|Tailwind|p2b: Pelipper\n|-sidestart|p2: LeviathanWT|move: Tailwind\n|move|p1a: Incineroar|Parting Shot|p2b: Pelipper\n|-unboost|p2b: Pelipper|atk|1\n|-unboost|p2b: Pelipper|spa|1\n|\n|t:|1776280479\n|switch|p1a: Tyranitar|Tyranitar-Mega, L50, F, shiny|100/100|[from] Parting Shot\n|-weather|Sandstorm|[from] ability: Sand Stream|[of] p1a: Tyranitar\n|\n|-weather|Sandstorm|[upkeep]\n|-damage|p2b: Pelipper|95/100|[from] Sandstorm\n|-damage|p2a: Tsareena|59/100|[from] Sandstorm\n|-damage|p1b: Basculegion|94/100|[from] Sandstorm\n|upkeep\n|turn|4\n|\n|t:|1776280498\n|switch|p2b: Meganium|Meganium, L50, F|100/100\n|switch|p1b: Incineroar|Incineroar, L50, M|68/100\n|-ability|p1b: Incineroar|Intimidate|boost\n|-unboost|p2a: Tsareena|atk|1\n|-unboost|p2b: Meganium|atk|1\n|move|p2a: Tsareena|Trop Kick|p1b: Incineroar\n|-resisted|p1b: Incineroar|1\n|-damage|p1b: Incineroar|59/100\n|-unboost|p1b: Incineroar|atk|1\n|move|p1a: Tyranitar|Knock Off|p2b: Meganium\n|-damage|p2b: Meganium|53/100\n|\n|-weather|Sandstorm|[upkeep]\n|-damage|p2b: Meganium|47/100|[from] Sandstorm\n|-damage|p2a: Tsareena|53/100|[from] Sandstorm\n|-damage|p1b: Incineroar|53/100|[from] Sandstorm\n|upkeep\n|turn|5\n|\n|t:|1776280522\n|detailschange|p2b: Meganium|Meganium-Mega, L50, F\n|-mega|p2b: Meganium|Meganium|Meganiumite\n|move|p2b: Meganium|Protect|p2b: Meganium\n|-singleturn|p2b: Meganium|Protect\n|move|p2a: Tsareena|Protect|p2a: Tsareena\n|-singleturn|p2a: Tsareena|Protect\n|move|p1b: Incineroar|Fake Out||[still]\n|cant|p2a: Tsareena|ability: Queenly Majesty|Fake Out|[of] p1b: Incineroar\n|move|p1a: Tyranitar|Knock Off|p2b: Meganium\n|-activate|p2b: Meganium|move: Protect\n|\n|-weather|Sandstorm|[upkeep]\n|-damage|p2b: Meganium|41/100|[from] Sandstorm\n|-damage|p2a: Tsareena|47/100|[from] Sandstorm\n|-damage|p1b: Incineroar|47/100|[from] Sandstorm\n|upkeep\n|turn|6\n|inactive|LeviathanWT has 30 seconds left.\n|inactive|tastytjuice has 30 seconds left.\n|inactive|LeviathanWT has 20 seconds left.\n|\n|t:|1776280565\n|move|p1a: Tyranitar|Protect|p1a: Tyranitar\n|-singleturn|p1a: Tyranitar|Protect\n|move|p2b: Meganium|Solar Beam||[still]\n|-prepare|p2b: Meganium|Solar Beam\n|-activate|p2b: Meganium|ability: Mega Sol\n|-anim|p2b: Meganium|Solar Beam|p1b: Incineroar\n|-resisted|p1b: Incineroar|1\n|-damage|p1b: Incineroar|22/100\n|move|p2a: Tsareena|Trop Kick|p1b: Incineroar\n|-resisted|p1b: Incineroar|1\n|-damage|p1b: Incineroar|11/100\n|-unboost|p1b: Incineroar|atk|1\n|move|p1b: Incineroar|Parting Shot|p2b: Meganium\n|-unboost|p2b: Meganium|atk|1\n|-unboost|p2b: Meganium|spa|1\n|\n|t:|1776280579\n|switch|p1b: Excadrill|Excadrill, L50, M|100/100|[from] Parting Shot\n|\n|-weather|Sandstorm|[upkeep]\n|-damage|p2b: Meganium|36/100|[from] Sandstorm\n|-damage|p2a: Tsareena|41/100|[from] Sandstorm\n|-sideend|p2: LeviathanWT|move: Tailwind\n|upkeep\n|turn|7\n|\n|t:|1776280603\n|switch|p2b: Pelipper|Pelipper, L50, M|95/100\n|-weather|RainDance|[from] ability: Drizzle|[of] p2b: Pelipper\n|move|p2a: Tsareena|Protect|p2a: Tsareena\n|-singleturn|p2a: Tsareena|Protect\n|move|p1b: Excadrill|Iron Head|p2a: Tsareena\n|-activate|p2a: Tsareena|move: Protect\n|move|p1a: Tyranitar|Rock Slide|p2a: Tsareena|[spread] p2b\n|-activate|p2a: Tsareena|move: Protect\n|-supereffective|p2b: Pelipper|1\n|-damage|p2b: Pelipper|3/100\n|\n|-weather|RainDance|[upkeep]\n|upkeep\n|turn|8\n|inactive|tastytjuice has 30 seconds left.\n|inactive|LeviathanWT has 30 seconds left.\n|\n|t:|1776280631\n|switch|p1a: Incineroar|Incineroar, L50, M|11/100\n|-ability|p1a: Incineroar|Intimidate|boost\n|-unboost|p2a: Tsareena|atk|1\n|-unboost|p2b: Pelipper|atk|1\n|move|p2b: Pelipper|Protect|p2b: Pelipper\n|-singleturn|p2b: Pelipper|Protect\n|move|p1b: Excadrill|Rock Slide|p2b: Pelipper|[spread] p2a\n|-activate|p2b: Pelipper|move: Protect\n|-damage|p2a: Tsareena|18/100\n|cant|p2a: Tsareena|flinch\n|\n|-weather|RainDance|[upkeep]\n|upkeep\n|turn|9\n|-message|LeviathanWT forfeited.\n|l|\u2606LeviathanWT\n|inactive|LeviathanWT disconnected and has a minute to reconnect!\n|player|p2|\n|\n|win|tastytjuice\n|raw|tastytjuice's rating: 1325 &rarr; <strong>1343</strong><br />(+18 for winning)\n|raw|LeviathanWT's rating: 1290 &rarr; <strong>1268</strong><br />(-22 for losing)\n",
  "uploadtime": 1776280652,
  "views": 51,
  "formatid": "gen9championsvgc2026regma",
  "rating": 1268,
  "private": 0,
  "password": null
}