{
  "id": "gen9championsvgc2026regma-2587444606",
  "format": "[Gen 9 Champions] VGC 2026 Reg M-A",
  "players": [
    "BlazinAzian",
    "campeondelfitness"
  ],
  "log": "|j|\u2606BlazinAzian\n|j|\u2606campeondelfitness\n|t:|1776532354\n|gametype|doubles\n|player|p1|BlazinAzian|265|1283\n|player|p2|campeondelfitness|swimmer|1286\n|gen|9\n|tier|[Gen 9 Champions] VGC 2026 Reg M-A\n|rated|\n|rule|Species Clause: Limit one of each Pok\u00e9mon\n|rule|Item Clause: Limit 1 of each item\n|clearpoke\n|poke|p1|Incineroar, L50, M|\n|poke|p1|Rotom-Wash, L50|\n|poke|p1|Sinistcha, L50|\n|poke|p1|Sneasler, L50, M|\n|poke|p1|Kommo-o, L50, M|\n|poke|p1|Aegislash, L50, M|\n|poke|p2|Tyranitar, L50, F|\n|poke|p2|Garchomp, L50, M|\n|poke|p2|Heliolisk, L50, F|\n|poke|p2|Rotom-Heat, L50|\n|poke|p2|Orthworm, L50, F|\n|poke|p2|Aerodactyl, L50, F|\n|teampreview|4\n|inactive|Battle timer is ON: inactive players will automatically lose when time's up. (requested by campeondelfitness)\n|inactive|BlazinAzian has 60 seconds left.\n|inactive|campeondelfitness has 60 seconds left.\n|inactive|BlazinAzian has 30 seconds left.\n|\n|t:|1776532416\n|teamsize|p1|4\n|teamsize|p2|4\n|start\n|switch|p1a: Sneasler|Sneasler, L50, M|100/100\n|switch|p1b: Rotom|Rotom-Wash, L50|100/100\n|switch|p2a: Rotom|Rotom-Heat, L50|100/100\n|switch|p2b: Aerodactyl|Aerodactyl, L50, F|100/100\n|-ability|p2b: Aerodactyl|Unnerve\n|turn|1\n|inactive|BlazinAzian has 30 seconds left.\n|inactive|campeondelfitness has 30 seconds left.\n|inactive|BlazinAzian has 20 seconds left.\n|inactive|BlazinAzian has 15 seconds left.\n|\n|t:|1776532459\n|switch|p2a: Garchomp|Garchomp, L50, M|100/100\n|move|p1a: Sneasler|Protect|p1a: Sneasler\n|-singleturn|p1a: Sneasler|Protect\n|move|p1b: Rotom|Hydro Pump|p2a: Garchomp|[miss]\n|-miss|p1b: Rotom|p2a: Garchomp\n|move|p2b: Aerodactyl|Tailwind|p2b: Aerodactyl\n|-sidestart|p2: campeondelfitness|move: Tailwind\n|\n|upkeep\n|turn|2\n|inactive|BlazinAzian has 30 seconds left.\n|inactive|BlazinAzian has 20 seconds left.\n|\n|t:|1776532498\n|detailschange|p2a: Garchomp|Garchomp-Mega, L50, M\n|-mega|p2a: Garchomp|Garchomp|Garchompite\n|move|p2b: Aerodactyl|Dual Wingbeat|p1a: Sneasler\n|-supereffective|p1a: Sneasler|1\n|-damage|p1a: Sneasler|38/100\n|-supereffective|p1a: Sneasler|1\n|-damage|p1a: Sneasler|0 fnt\n|faint|p1a: Sneasler\n|-hitcount|p1: Sneasler|2\n|move|p2a: Garchomp|Dragon Claw|p1b: Rotom\n|-damage|p1b: Rotom|43/100\n|move|p1b: Rotom|Hydro Pump|p2b: Aerodactyl\n|-supereffective|p2b: Aerodactyl|1\n|-damage|p2b: Aerodactyl|0 fnt\n|faint|p2b: Aerodactyl\n|\n|upkeep\n|\n|t:|1776532513\n|switch|p2b: Rotom|Rotom-Heat, L50|100/100\n|switch|p1a: Sinistcha|Sinistcha, L50|100/100\n|-heal|p1b: Rotom|67/100|[from] ability: Hospitality|[of] p1a: Sinistcha\n|turn|3\n|inactive|campeondelfitness has 30 seconds left.\n|\n|t:|1776532542\n|switch|p1a: Kommo-o|Kommo-o, L50, M|100/100\n|move|p2a: Garchomp|Dragon Claw|p1b: Rotom\n|-damage|p1b: Rotom|8/100\n|move|p2b: Rotom|Volt Switch|p1b: Rotom\n|-damage|p1b: Rotom|0 fnt\n|faint|p1b: Rotom\n|\n|t:|1776532553\n|switch|p2b: Tyranitar|Tyranitar, L50, F|100/100|[from] Volt Switch\n|-weather|Sandstorm|[from] ability: Sand Stream|[of] p2b: Tyranitar\n|\n|-weather|Sandstorm|[upkeep]\n|upkeep\n|\n|t:|1776532556\n|switch|p1b: Sinistcha|Sinistcha, L50|100/100\n|turn|4\n|inactive|campeondelfitness has 30 seconds left.\n|\n|t:|1776532581\n|move|p1b: Sinistcha|Rage Powder|p1b: Sinistcha\n|-singleturn|p1b: Sinistcha|move: Rage Powder\n|move|p2a: Garchomp|Swords Dance|p2a: Garchomp\n|-boost|p2a: Garchomp|atk|2\n|move|p2b: Tyranitar|Knock Off|p1b: Sinistcha\n|-supereffective|p1b: Sinistcha|1\n|-crit|p1b: Sinistcha\n|-damage|p1b: Sinistcha|0 fnt\n|-enditem|p1b: Sinistcha|Sitrus Berry|[from] move: Knock Off|[of] p2b: Tyranitar\n|faint|p1b: Sinistcha\n|move|p1a: Kommo-o|Clangorous Soul|p1a: Kommo-o\n|-boost|p1a: Kommo-o|atk|1\n|-boost|p1a: Kommo-o|def|1\n|-boost|p1a: Kommo-o|spa|1\n|-boost|p1a: Kommo-o|spd|1\n|-boost|p1a: Kommo-o|spe|1\n|-damage|p1a: Kommo-o|68/100\n|\n|-weather|Sandstorm|[upkeep]\n|-heal|p1a: Kommo-o|74/100|[from] item: Leftovers\n|-sideend|p2: campeondelfitness|move: Tailwind\n|upkeep\n|turn|5\n|\n|t:|1776532601\n|move|p2a: Garchomp|Protect|p2a: Garchomp\n|-singleturn|p2a: Garchomp|Protect\n|move|p1a: Kommo-o|Clangorous Soul|p1a: Kommo-o\n|-boost|p1a: Kommo-o|atk|1\n|-boost|p1a: Kommo-o|def|1\n|-boost|p1a: Kommo-o|spa|1\n|-boost|p1a: Kommo-o|spd|1\n|-boost|p1a: Kommo-o|spe|1\n|-damage|p1a: Kommo-o|41/100\n|move|p2b: Tyranitar|Icy Wind|p1a: Kommo-o\n|-supereffective|p1a: Kommo-o|1\n|-damage|p1a: Kommo-o|27/100\n|-unboost|p1a: Kommo-o|spe|1\n|\n|-weather|Sandstorm|[upkeep]\n|-heal|p1a: Kommo-o|33/100|[from] item: Leftovers\n|upkeep\n|turn|6\n|\n|t:|1776532622\n|move|p1a: Kommo-o|Clanging Scales|p2b: Tyranitar|[spread] p2a,p2b\n|-supereffective|p2a: Garchomp|1\n|-damage|p2a: Garchomp|0 fnt\n|-damage|p2b: Tyranitar|60/100\n|faint|p2a: Garchomp\n|-unboost|p1a: Kommo-o|def|1\n|move|p2b: Tyranitar|Knock Off|p1a: Kommo-o\n|-resisted|p1a: Kommo-o|1\n|-damage|p1a: Kommo-o|22/100\n|-enditem|p1a: Kommo-o|Leftovers|[from] move: Knock Off|[of] p2b: Tyranitar\n|\n|-weather|Sandstorm|[upkeep]\n|upkeep\n|\n|t:|1776532632\n|switch|p2a: Rotom|Rotom-Heat, L50|100/100\n|turn|7\n|\n|t:|1776532648\n|move|p1a: Kommo-o|Protect|p1a: Kommo-o\n|-singleturn|p1a: Kommo-o|Protect\n|move|p2a: Rotom|Will-O-Wisp|p1a: Kommo-o\n|-activate|p1a: Kommo-o|move: Protect\n|move|p2b: Tyranitar|Icy Wind|p1a: Kommo-o\n|-activate|p1a: Kommo-o|move: Protect\n|\n|-weather|none\n|upkeep\n|turn|8\n|\n|t:|1776532661\n|move|p1a: Kommo-o|Clanging Scales|p2a: Rotom|[spread] p2a,p2b\n|-crit|p2a: Rotom\n|-damage|p2a: Rotom|0 fnt\n|-damage|p2b: Tyranitar|7/100\n|faint|p2a: Rotom\n|-unboost|p1a: Kommo-o|def|1\n|move|p2b: Tyranitar|Icy Wind|p1a: Kommo-o\n|-supereffective|p1a: Kommo-o|1\n|-damage|p1a: Kommo-o|8/100\n|-unboost|p1a: Kommo-o|spe|1\n|\n|upkeep\n|turn|9\n|\n|t:|1776532675\n|move|p1a: Kommo-o|Clanging Scales|p2b: Tyranitar\n|-damage|p2b: Tyranitar|0 fnt\n|faint|p2b: Tyranitar\n|\n|win|BlazinAzian\n|raw|BlazinAzian's rating: 1283 &rarr; <strong>1308</strong><br />(+25 for winning)\n|raw|campeondelfitness's rating: 1286 &rarr; <strong>1261</strong><br />(-25 for losing)\n",
  "uploadtime": 1776532679,
  "views": 39,
  "formatid": "gen9championsvgc2026regma",
  "rating": 1261,
  "private": 0,
  "password": null
}