{
  "id": "gen9championsvgc2026regma-2583835172",
  "format": "[Gen 9 Champions] VGC 2026 Reg M-A",
  "players": [
    "LUWITE",
    "alexesmo5"
  ],
  "log": "|j|\u2606LUWITE\n|j|\u2606alexesmo5\n|t:|1776201415\n|gametype|doubles\n|player|p1|LUWITE|ghetsis|1155\n|player|p2|alexesmo5|1|1188\n|gen|9\n|tier|[Gen 9 Champions] VGC 2026 Reg M-A\n|rated|\n|rule|Species Clause: Limit one of each Pok\u00e9mon\n|rule|Item Clause: Limit 1 of each item\n|clearpoke\n|poke|p1|Palafin, L50, M|\n|poke|p1|Clefable, L50, F|\n|poke|p1|Incineroar, L50, F|\n|poke|p1|Gengar, L50, F|\n|poke|p1|Kingambit, L50, M|\n|poke|p1|Dragonite, L50, F|\n|poke|p2|Venusaur, L50, M|\n|poke|p2|Dragonite, L50, M|\n|poke|p2|Incineroar, L50, F|\n|poke|p2|Sneasler, L50, M|\n|poke|p2|Basculegion, L50, M|\n|poke|p2|Kingambit, L50, M|\n|teampreview|4\nLUWITE rejected open team sheets.\n|\n|t:|1776201433\n|teamsize|p1|4\n|teamsize|p2|4\n|start\n|switch|p1a: Palafin|Palafin, L50, M|100/100\n|switch|p1b: Dragonite|Dragonite, L50, F|100/100\n|switch|p2a: Incineroar|Incineroar, L50, F|100/100\n|switch|p2b: Kingambit|Kingambit, L50, M|100/100\n|-ability|p2a: Incineroar|Intimidate|boost\n|-unboost|p1a: Palafin|atk|1\n|-fail|p1b: Dragonite|unboost|Attack|[from] ability: Inner Focus|[of] p1b: Dragonite\n|turn|1\n|\n|t:|1776201457\n|detailschange|p1a: Palafin|Palafin-Hero, L50, M\n|switch|p1a: Gengar|Gengar, L50, F|100/100\n|move|p2a: Incineroar|Fake Out|p1a: Gengar\n|-immune|p1a: Gengar\n|move|p1b: Dragonite|Dragon Dance|p1b: Dragonite\n|-boost|p1b: Dragonite|atk|1\n|-boost|p1b: Dragonite|spe|1\n|move|p2b: Kingambit|Swords Dance|p2b: Kingambit\n|-boost|p2b: Kingambit|atk|2\n|\n|upkeep\n|turn|2\n|\n|t:|1776201478\n|detailschange|p1a: Gengar|Gengar-Mega, L50, F\n|-mega|p1a: Gengar|Gengar|Gengarite\n|move|p1a: Gengar|Protect|p1a: Gengar\n|-singleturn|p1a: Gengar|Protect\n|move|p1b: Dragonite|Dragon Claw|p2a: Incineroar\n|-damage|p2a: Incineroar|64/100\n|move|p2a: Incineroar|Parting Shot|p1b: Dragonite\n|-unboost|p1b: Dragonite|atk|1\n|-unboost|p1b: Dragonite|spa|1\n|\n|t:|1776201491\n|switch|p2a: Dragonite|Dragonite, L50, M|100/100|[from] Parting Shot\n|move|p2b: Kingambit|Kowtow Cleave|p1a: Gengar\n|-activate|p1a: Gengar|move: Protect\n|\n|upkeep\n|turn|3\n|\n|t:|1776201503\n|switch|p1a: Kingambit|Kingambit, L50, M|100/100\n|detailschange|p2a: Dragonite|Dragonite-Mega, L50, M\n|-mega|p2a: Dragonite|Dragonite|Dragoninite\n|move|p2a: Dragonite|Protect|p2a: Dragonite\n|-singleturn|p2a: Dragonite|Protect\n|move|p1b: Dragonite|Dragon Claw|p2a: Dragonite\n|-activate|p2a: Dragonite|move: Protect\n|move|p2b: Kingambit|Kowtow Cleave|p1a: Kingambit\n|-resisted|p1a: Kingambit|1\n|-damage|p1a: Kingambit|63/100\n|\n|upkeep\n|turn|4\n|\n|t:|1776201535\n|move|p2b: Kingambit|Sucker Punch|p1b: Dragonite\n|-damage|p1b: Dragonite|43/100\n|move|p1b: Dragonite|Dragon Claw|p2a: Dragonite\n|-supereffective|p2a: Dragonite|1\n|-crit|p2a: Dragonite\n|-damage|p2a: Dragonite|55/100\n|move|p2a: Dragonite|Fire Spin|p1a: Kingambit\n|-supereffective|p1a: Kingambit|1\n|-damage|p1a: Kingambit|30/100\n|-activate|p1a: Kingambit|move: Fire Spin|[of] p2a: Dragonite\n|move|p1a: Kingambit|Low Kick|p2b: Kingambit\n|-supereffective|p2b: Kingambit|2\n|-crit|p2b: Kingambit\n|-enditem|p2b: Kingambit|Chople Berry|[eat]\n|-enditem|p2b: Kingambit|Chople Berry|[weaken]\n|-damage|p2b: Kingambit|14/100\n|\n|-damage|p1a: Kingambit|18/100|[from] move: Fire Spin|[partiallytrapped]\n|upkeep\n|turn|5\n|\n|t:|1776201573\n|move|p1a: Kingambit|Sucker Punch|p2b: Kingambit\n|-resisted|p2b: Kingambit|1\n|-damage|p2b: Kingambit|0 fnt\n|faint|p2b: Kingambit\n|move|p1b: Dragonite|Dragon Claw|p2a: Dragonite\n|-supereffective|p2a: Dragonite|1\n|-damage|p2a: Dragonite|0 fnt\n|faint|p2a: Dragonite\n|\n|-end|p1a: Kingambit|Fire Spin|[partiallytrapped]|[silent]\n|upkeep\n|c|\u2606alexesmo5|how in this world\n|c|\u2606LUWITE|multiscale it had not\n|c|\u2606alexesmo5|u sucker punch my sucker punch?\n|\n|t:|1776201603\n|switch|p2a: Sneasler|Sneasler, L50, M|100/100\n|switch|p2b: Incineroar|Incineroar, L50, F|64/100\n|-ability|p2b: Incineroar|Intimidate|boost\n|-unboost|p1a: Kingambit|atk|1\n|-ability|p1a: Kingambit|Defiant|boost\n|-boost|p1a: Kingambit|atk|2\n|-fail|p1b: Dragonite|unboost|Attack|[from] ability: Inner Focus|[of] p1b: Dragonite\n|turn|6\n|c|\u2606LUWITE|yeah you can sucker a sucker\n|c|\u2606alexesmo5|but why u sucker mine nd not me\n|c|\u2606LUWITE|I think its cause I am faster\n|c|\u2606LUWITE|so mine goes first?\n|c|\u2606alexesmo5|oh ok\n|\n|t:|1776201648\n|switch|p1a: Gengar|Gengar-Mega, L50, F|100/100\n|move|p2b: Incineroar|Fake Out|p1a: Gengar\n|-immune|p1a: Gengar\n|move|p2a: Sneasler|Dire Claw|p1b: Dragonite\n|-damage|p1b: Dragonite|13/100\n|move|p1b: Dragonite|Rest|p1b: Dragonite\n|-status|p1b: Dragonite|slp|[from] move: Rest\n|-heal|p1b: Dragonite|100/100 slp|[silent]\n|-enditem|p1b: Dragonite|Chesto Berry|[eat]\n|-curestatus|p1b: Dragonite|slp|[msg]\n|\n|upkeep\n|turn|7\n|\n|t:|1776201665\n|move|p1a: Gengar|Shadow Ball|p2a: Sneasler\n|-crit|p2a: Sneasler\n|-enditem|p2a: Sneasler|Focus Sash\n|-damage|p2a: Sneasler|1/100\n|-unboost|p2a: Sneasler|spd|1\n|move|p2a: Sneasler|Dire Claw|p1b: Dragonite\n|-damage|p1b: Dragonite|71/100\n|move|p1b: Dragonite|Dragon Claw|p2a: Sneasler\n|-damage|p2a: Sneasler|0 fnt\n|faint|p2a: Sneasler\n|move|p2b: Incineroar|Throat Chop|p1b: Dragonite\n|-damage|p1b: Dragonite|49/100\n|-start|p1b: Dragonite|Throat Chop|[silent]\n|\n|upkeep\n|turn|8\n|-message|alexesmo5 forfeited.\n|\n|win|LUWITE\n",
  "uploadtime": 1776201597,
  "views": 16,
  "formatid": "gen9championsvgc2026regma",
  "rating": null,
  "private": 0,
  "password": null
}