{
  "id": "gen9championsvgc2026regma-2581773724",
  "format": "[Gen 9 Champions] VGC 2026 Reg M-A",
  "players": [
    "maxd08",
    "chibano12"
  ],
  "log": "|j|\u2606maxd08\n|j|\u2606chibano12\n|t:|1776027313\n|gametype|doubles\n|player|p1|maxd08|skierf|1006\n|player|p2|chibano12|266|1061\n|gen|9\n|tier|[Gen 9 Champions] VGC 2026 Reg M-A\n|rated|\n|rule|Species Clause: Limit one of each Pok\u00e9mon\n|rule|Item Clause: Limit 1 of each item\n|clearpoke\n|poke|p1|Meganium, L50, F|\n|poke|p1|Weavile, L50, F|\n|poke|p1|Pelipper, L50, M|\n|poke|p1|Torkoal, L50, F|\n|poke|p1|Farigiraf, L50, M|\n|poke|p1|Archaludon, L50, M|\n|poke|p2|Lucario, L50, F|\n|poke|p2|Whimsicott, L50, M|\n|poke|p2|Maushold, L50|\n|poke|p2|Gyarados, L50, M|\n|poke|p2|Volcarona, L50, M|\n|poke|p2|Garchomp, L50, F|\n|teampreview|4\n|inactive|Battle timer is ON: inactive players will automatically lose when time's up. (requested by maxd08)\n|\n|t:|1776027332\n|teamsize|p1|4\n|teamsize|p2|4\n|start\n|switch|p1a: Meganium|Meganium, L50, F|100/100\n|switch|p1b: Weavile|Weavile, L50, F|100/100\n|switch|p2a: Lucario|Lucario, L50, F|100/100\n|switch|p2b: Whimsicott|Whimsicott, L50, M|100/100\n|-ability|p1b: Weavile|Pressure\n|turn|1\n|\n|t:|1776027354\n|switch|p2b: Gyarados|Gyarados, L50, M|100/100\n|-ability|p2b: Gyarados|Intimidate|boost\n|-unboost|p1a: Meganium|atk|1\n|-unboost|p1b: Weavile|atk|1\n|detailschange|p1a: Meganium|Meganium-Mega, L50, F\n|-mega|p1a: Meganium|Meganium|Meganiumite\n|move|p2a: Lucario|Detect|p2a: Lucario\n|-singleturn|p2a: Lucario|Protect\n|move|p1b: Weavile|Fake Out|p2b: Gyarados\n|-damage|p2b: Gyarados|92/100\n|move|p1a: Meganium|Dazzling Gleam|p2b: Gyarados|[spread] p2b\n|-activate|p2a: Lucario|move: Protect\n|-damage|p2b: Gyarados|65/100\n|\n|upkeep\n|turn|2\n|inactive|chibano12 has 30 seconds left.\n|inactive|chibano12 has 20 seconds left.\n|\n|t:|1776027392\n|switch|p1b: Pelipper|Pelipper, L50, M, shiny|100/100\n|-weather|RainDance|[from] ability: Drizzle|[of] p1b: Pelipper\n|detailschange|p2a: Lucario|Lucario-Mega, L50, F\n|-mega|p2a: Lucario|Lucario|Lucarionite\n|move|p2a: Lucario|Bullet Punch|p1a: Meganium\n|-supereffective|p1a: Meganium|1\n|-damage|p1a: Meganium|49/100\n|move|p2b: Gyarados|Crunch|p1a: Meganium\n|-resisted|p1a: Meganium|1\n|-damage|p1a: Meganium|38/100\n|move|p1a: Meganium|Weather Ball|p2a: Lucario\n|-supereffective|p2a: Lucario|1\n|-damage|p2a: Lucario|0 fnt\n|faint|p2a: Lucario\n|\n|-weather|RainDance|[upkeep]\n|upkeep\n|\n|t:|1776027408\n|switch|p2a: Whimsicott|Whimsicott, L50, M|100/100\n|turn|3\n|\n|t:|1776027418\n|move|p2a: Whimsicott|Tailwind|p2a: Whimsicott\n|-sidestart|p2: chibano12|move: Tailwind\n|move|p2b: Gyarados|Waterfall|p1a: Meganium\n|-resisted|p1a: Meganium|1\n|-damage|p1a: Meganium|9/100\n|move|p1a: Meganium|Weather Ball|p2a: Whimsicott\n|-supereffective|p2a: Whimsicott|1\n|-enditem|p2a: Whimsicott|Focus Sash\n|-damage|p2a: Whimsicott|1/100\n|move|p1b: Pelipper|Hurricane|p2a: Whimsicott\n|-supereffective|p2a: Whimsicott|1\n|-damage|p2a: Whimsicott|0 fnt\n|faint|p2a: Whimsicott\n|\n|-weather|RainDance|[upkeep]\n|upkeep\n|\n|t:|1776027431\n|switch|p2a: Garchomp|Garchomp, L50, F|100/100\n|turn|4\n|\n|t:|1776027438\n|move|p1a: Meganium|Protect|p1a: Meganium\n|-singleturn|p1a: Meganium|Protect\n|move|p2a: Garchomp|Rock Slide|p1b: Pelipper|[spread] p1b\n|-activate|p1a: Meganium|move: Protect\n|-supereffective|p1b: Pelipper|1\n|-damage|p1b: Pelipper|47/100\n|move|p2b: Gyarados|Ice Fang|p1b: Pelipper|[miss]\n|-miss|p2b: Gyarados|p1b: Pelipper\n|move|p1b: Pelipper|Tailwind|p1b: Pelipper\n|-sidestart|p1: maxd08|move: Tailwind\n|\n|-weather|RainDance|[upkeep]\n|upkeep\n|turn|5\n|\n|t:|1776027456\n|move|p2a: Garchomp|Rock Slide|p1b: Pelipper|[spread] p1a,p1b\n|-supereffective|p1b: Pelipper|1\n|-damage|p1a: Meganium|0 fnt\n|-damage|p1b: Pelipper|0 fnt\n|faint|p1a: Meganium\n|faint|p1b: Pelipper\n|move|p2b: Gyarados|Ice Fang|p1: Meganium|[notarget]\n|-fail|p2b: Gyarados\n|\n|-weather|RainDance|[upkeep]\n|upkeep\n|\n|t:|1776027460\n|switch|p1a: Archaludon|Archaludon, L50, M|100/100\n|switch|p1b: Weavile|Weavile, L50, F|100/100\n|-ability|p1b: Weavile|Pressure\n|turn|6\n|\n|t:|1776027472\n|move|p1b: Weavile|Fake Out|p2a: Garchomp\n|-damage|p2a: Garchomp|88/100\n|-damage|p1b: Weavile|88/100|[from] ability: Rough Skin|[of] p2a: Garchomp\n|cant|p2a: Garchomp|flinch\n|move|p1a: Archaludon|Electro Shot||[still]\n|-prepare|p1a: Archaludon|Electro Shot\n|-boost|p1a: Archaludon|spa|1\n|-anim|p1a: Archaludon|Electro Shot|p2b: Gyarados\n|-supereffective|p2b: Gyarados|2\n|-damage|p2b: Gyarados|0 fnt\n|faint|p2b: Gyarados\n|\n|-weather|none\n|-sideend|p2: chibano12|move: Tailwind\n|upkeep\n|turn|7\n|\n|t:|1776027485\n|move|p2a: Garchomp|Protect|p2a: Garchomp\n|-singleturn|p2a: Garchomp|Protect\n|move|p1b: Weavile|Icy Wind|p2a: Garchomp\n|-activate|p2a: Garchomp|move: Protect\n|move|p1a: Archaludon|Electro Shot||[still]\n|-prepare|p1a: Archaludon|Electro Shot\n|-boost|p1a: Archaludon|spa|1\n|\n|-sideend|p1: maxd08|move: Tailwind\n|upkeep\n|turn|8\n|\n|t:|1776027494\n|move|p1b: Weavile|Icy Wind|p2a: Garchomp\n|-supereffective|p2a: Garchomp|2\n|-damage|p2a: Garchomp|33/100\n|-unboost|p2a: Garchomp|spe|1\n|-enditem|p2a: Garchomp|White Herb\n|-clearnegativeboost|p2a: Garchomp|[silent]\n|move|p2a: Garchomp|Stomping Tantrum|p1a: Archaludon\n|-supereffective|p1a: Archaludon|1\n|-damage|p1a: Archaludon|46/100\n|-ability|p1a: Archaludon|Stamina|boost\n|-boost|p1a: Archaludon|def|1\n|move|p1a: Archaludon|Electro Shot|p2a: Garchomp|[from] lockedmove\n|-immune|p2a: Garchomp\n|\n|upkeep\n|turn|9\n|inactive|chibano12 has 30 seconds left.\n|\n|t:|1776027520\n|move|p1b: Weavile|Foul Play|p2a: Garchomp\n|-damage|p2a: Garchomp|0 fnt\n|-damage|p1b: Weavile|76/100|[from] ability: Rough Skin|[of] p2a: Garchomp\n|faint|p2a: Garchomp\n|\n|win|maxd08\n|raw|maxd08's rating: 1006 &rarr; <strong>1051</strong><br />(+45 for winning)\n|raw|chibano12's rating: 1061 &rarr; <strong>1039</strong><br />(-22 for losing)\n|l|\u2606chibano12\n|player|p2|\n",
  "uploadtime": 1776027530,
  "views": 15,
  "formatid": "gen9championsvgc2026regma",
  "rating": 1039,
  "private": 0,
  "password": null
}