{
  "id": "gen9championsvgc2026regma-2585042910",
  "format": "[Gen 9 Champions] VGC 2026 Reg M-A",
  "players": [
    "boysenorange",
    "Poppo Loco"
  ],
  "log": "|j|\u2606boysenorange\n|j|\u2606Poppo Loco\n|t:|1776306096\n|gametype|doubles\n|player|p1|boysenorange|turo|1132\n|player|p2|Poppo Loco|265|1062\n|gen|9\n|tier|[Gen 9 Champions] VGC 2026 Reg M-A\n|rated|\n|rule|Species Clause: Limit one of each Pok\u00e9mon\n|rule|Item Clause: Limit 1 of each item\n|clearpoke\n|poke|p1|Incineroar, L50, M|\n|poke|p1|Hatterene, L50, F|\n|poke|p1|Farigiraf, L50, M|\n|poke|p1|Torkoal, L50, M|\n|poke|p1|Kingambit, L50, M|\n|poke|p1|Floette-Eternal, L50, F|\n|poke|p2|Meganium, L50, F|\n|poke|p2|Beartic, L50, F|\n|poke|p2|Arcanine-Hisui, L50, F|\n|poke|p2|Aerodactyl, L50, F|\n|poke|p2|Tauros-Paldea-Aqua, L50, M|\n|poke|p2|Tinkaton, L50, F|\n|teampreview|4\n|inactive|Battle timer is ON: inactive players will automatically lose when time's up. (requested by boysenorange)\n|\n|t:|1776306130\n|teamsize|p1|4\n|teamsize|p2|4\n|start\n|switch|p1a: Farigiraf|Farigiraf, L50, M|100/100\n|switch|p1b: Incineroar|Incineroar, L50, M|100/100\n|switch|p2a: Aerodactyl|Aerodactyl, L50, F|100/100\n|switch|p2b: Arcanine|Arcanine-Hisui, L50, F|100/100\n|-ability|p2a: Aerodactyl|Unnerve\n|-ability|p1b: Incineroar|Intimidate|boost\n|-unboost|p2a: Aerodactyl|atk|1\n|-unboost|p2b: Arcanine|atk|1\n|turn|1\n|\n|t:|1776306150\n|move|p1b: Incineroar|Fake Out|p2b: Arcanine\n|-resisted|p2b: Arcanine|1\n|-damage|p2b: Arcanine|94/100\n|cant|p2b: Arcanine|flinch\n|move|p2a: Aerodactyl|Rock Slide|p1a: Farigiraf|[spread] p1a,p1b\n|-supereffective|p1b: Incineroar|1\n|-damage|p1a: Farigiraf|85/100\n|-damage|p1b: Incineroar|71/100\n|move|p1a: Farigiraf|Trick Room|p1a: Farigiraf\n|-fieldstart|move: Trick Room|[of] p1a: Farigiraf\n|\n|upkeep\n|turn|2\n|\n|t:|1776306173\n|move|p2a: Aerodactyl|Protect|p2a: Aerodactyl\n|-singleturn|p2a: Aerodactyl|Protect\n|move|p1b: Incineroar|Close Combat|p2b: Arcanine\n|-supereffective|p2b: Arcanine|1\n|-damage|p2b: Arcanine|21/100\n|-unboost|p1b: Incineroar|def|1\n|-unboost|p1b: Incineroar|spd|1\n|-enditem|p1b: Incineroar|White Herb\n|-clearnegativeboost|p1b: Incineroar|[silent]\n|move|p1a: Farigiraf|Psychic|p2a: Aerodactyl\n|-activate|p2a: Aerodactyl|move: Protect\n|move|p2b: Arcanine|Head Smash|p1a: Farigiraf\n|-damage|p1a: Farigiraf|41/100\n|\n|upkeep\n|turn|3\n|inactive|boysenorange has 30 seconds left.\n|inactive|Poppo Loco has 30 seconds left.\n|\n|t:|1776306207\n|switch|p1a: Hatterene|Hatterene, L50, F|100/100\n|move|p1b: Incineroar|Darkest Lariat|p2a: Aerodactyl\n|-damage|p2a: Aerodactyl|49/100\n|move|p2a: Aerodactyl|Dual Wingbeat|p1a: Hatterene\n|-damage|p1a: Hatterene|87/100\n|-damage|p1a: Hatterene|72/100\n|-hitcount|p1a: Hatterene|2\n|move|p2b: Arcanine|Head Smash|p1a: Hatterene\n|-damage|p1a: Hatterene|15/100\n|\n|upkeep\n|turn|4\n|\n|t:|1776306228\n|move|p1a: Hatterene|Dazzling Gleam|p2b: Arcanine|[spread] p2a,p2b\n|-resisted|p2b: Arcanine|1\n|-crit|p2b: Arcanine\n|-damage|p2a: Aerodactyl|0 fnt\n|-damage|p2b: Arcanine|0 fnt\n|faint|p2a: Aerodactyl\n|faint|p2b: Arcanine\n|move|p1b: Incineroar|Darkest Lariat|p2: Aerodactyl|[notarget]\n|-fail|p1b: Incineroar\n|\n|upkeep\n|\n|t:|1776306238\n|switch|p2b: Meganium|Meganium, L50, F|100/100\n|switch|p2a: Tinkaton|Tinkaton, L50, F|100/100\n|turn|5\n|\n|t:|1776306252\n|switch|p1b: Farigiraf|Farigiraf, L50, M|41/100\n|-enditem|p1b: Farigiraf|Sitrus Berry|[eat]\n|-heal|p1b: Farigiraf|66/100|[from] item: Sitrus Berry\n|detailschange|p2b: Meganium|Meganium-Mega, L50, F\n|-mega|p2b: Meganium|Meganium|Meganiumite\n|move|p2b: Meganium|Protect|p2b: Meganium\n|-singleturn|p2b: Meganium|Protect\n|move|p2a: Tinkaton|Fake Out||[still]\n|cant|p1b: Farigiraf|ability: Armor Tail|Fake Out|[of] p2a: Tinkaton\n|move|p1a: Hatterene|Dazzling Gleam|p2b: Meganium|[spread] p2a\n|-activate|p2b: Meganium|move: Protect\n|-resisted|p2a: Tinkaton|1\n|-damage|p2a: Tinkaton|82/100\n|\n|-heal|p2a: Tinkaton|88/100|[from] item: Leftovers\n|-fieldend|move: Trick Room\n|upkeep\n|turn|6\n|inactive|Poppo Loco has 30 seconds left.\n|inactive|Poppo Loco has 20 seconds left.\n|\n|t:|1776306290\n|move|p1b: Farigiraf|Protect|p1b: Farigiraf\n|-singleturn|p1b: Farigiraf|Protect\n|move|p2a: Tinkaton|Gigaton Hammer|p1a: Hatterene\n|-supereffective|p1a: Hatterene|1\n|-damage|p1a: Hatterene|0 fnt\n|faint|p1a: Hatterene\n|move|p2b: Meganium|Solar Beam||[still]\n|-prepare|p2b: Meganium|Solar Beam\n|-activate|p2b: Meganium|ability: Mega Sol\n|-anim|p2b: Meganium|Solar Beam|p1b: Farigiraf\n|-activate|p1b: Farigiraf|move: Protect\n|\n|-heal|p2a: Tinkaton|94/100|[from] item: Leftovers\n|upkeep\n|\n|t:|1776306312\n|switch|p1a: Incineroar|Incineroar, L50, M|71/100\n|-ability|p1a: Incineroar|Intimidate|boost\n|-fail|p2a: Tinkaton|unboost|Attack|[from] ability: Own Tempo|[of] p2a: Tinkaton\n|-unboost|p2b: Meganium|atk|1\n|turn|7\n|\n|t:|1776306325\n|move|p2b: Meganium|Protect|p2b: Meganium\n|-singleturn|p2b: Meganium|Protect\n|move|p1a: Incineroar|Fake Out|p2a: Tinkaton\n|-resisted|p2a: Tinkaton|1\n|-damage|p2a: Tinkaton|87/100\n|cant|p2a: Tinkaton|flinch\n|move|p1b: Farigiraf|Trick Room|p1b: Farigiraf\n|-fieldstart|move: Trick Room|[of] p1b: Farigiraf\n|\n|-heal|p2a: Tinkaton|93/100|[from] item: Leftovers\n|upkeep\n|turn|8\n|\n|t:|1776306344\n|move|p1a: Incineroar|Flare Blitz|p2a: Tinkaton\n|-supereffective|p2a: Tinkaton|1\n|-damage|p2a: Tinkaton|0 fnt\n|faint|p2a: Tinkaton\n|-damage|p1a: Incineroar|47/100|[from] Recoil\n|move|p1b: Farigiraf|Hyper Voice|p2b: Meganium\n|-damage|p2b: Meganium|64/100\n|move|p2b: Meganium|Dazzling Gleam|p1b: Farigiraf|[spread] p1a,p1b\n|-damage|p1a: Incineroar|22/100\n|-damage|p1b: Farigiraf|40/100\n|\n|upkeep\n|turn|9\n|\n|t:|1776306356\n|move|p1a: Incineroar|Flare Blitz|p2b: Meganium\n|-supereffective|p2b: Meganium|1\n|-damage|p2b: Meganium|0 fnt\n|faint|p2b: Meganium\n|-damage|p1a: Incineroar|6/100|[from] Recoil\n|\n|win|boysenorange\n|raw|boysenorange's rating: 1132 &rarr; <strong>1152</strong><br />(+20 for winning)\n|raw|Poppo Loco's rating: 1062 &rarr; <strong>1047</strong><br />(-15 for losing)\n|l|\u2606Poppo Loco\n|player|p2|\n",
  "uploadtime": 1776306361,
  "views": 21,
  "formatid": "gen9championsvgc2026regma",
  "rating": 1047,
  "private": 0,
  "password": null
}