{
  "id": "gen9championsvgc2026regma-2585321365",
  "format": "[Gen 9 Champions] VGC 2026 Reg M-A",
  "players": [
    "endershovel",
    "4bied"
  ],
  "log": "|j|\u2606endershovel\n|j|\u26064bied\n|t:|1776337567\n|gametype|doubles\n|player|p1|endershovel|266|1213\n|player|p2|4bied|giovanni|1146\n|gen|9\n|tier|[Gen 9 Champions] VGC 2026 Reg M-A\n|rated|\n|rule|Species Clause: Limit one of each Pok\u00e9mon\n|rule|Item Clause: Limit 1 of each item\n|clearpoke\n|poke|p1|Starmie, L50|\n|poke|p1|Sneasler, L50, F|\n|poke|p1|Krookodile, L50, M|\n|poke|p1|Politoed, L50, M|\n|poke|p1|Talonflame, L50, M|\n|poke|p1|Raichu, L50, F|\n|poke|p2|Gengar, L50, M|\n|poke|p2|Incineroar, L50, M|\n|poke|p2|Kingambit, L50, M|\n|poke|p2|Sinistcha, L50|\n|poke|p2|Kommo-o, L50, F|\n|poke|p2|Tyranitar, L50, F|\n|teampreview|4\n|inactive|Battle timer is ON: inactive players will automatically lose when time's up. (requested by 4bied)\n|\n|t:|1776337597\n|teamsize|p1|4\n|teamsize|p2|4\n|start\n|switch|p1a: Talonflame|Talonflame, L50, M|100/100\n|switch|p1b: Sneasler|Sneasler, L50, F|100/100\n|switch|p2a: Gengar|Gengar, L50, M|100/100\n|switch|p2b: Incineroar|Incineroar, L50, M|100/100\n|-ability|p2b: Incineroar|Intimidate|boost\n|-unboost|p1a: Talonflame|atk|1\n|-unboost|p1b: Sneasler|atk|1\n|-enditem|p1b: Sneasler|White Herb\n|-clearnegativeboost|p1b: Sneasler|[silent]\n|turn|1\n|\n|t:|1776337619\n|switch|p2b: Sinistcha|Sinistcha, L50|100/100\n|detailschange|p2a: Gengar|Gengar-Mega, L50, M\n|-mega|p2a: Gengar|Gengar|Gengarite\n|move|p1a: Talonflame|Quick Guard|p1a: Talonflame\n|-singleturn|p1a: Talonflame|Quick Guard\n|move|p1b: Sneasler|Close Combat|p2b: Sinistcha\n|-immune|p2b: Sinistcha\n|move|p2a: Gengar|Perish Song|p2a: Gengar\n|-start|p1a: Talonflame|perish3|[silent]\n|-start|p1b: Sneasler|perish3|[silent]\n|-start|p2a: Gengar|perish3|[silent]\n|-start|p2b: Sinistcha|perish3|[silent]\n|-fieldactivate|move: Perish Song\n|\n|-start|p1b: Sneasler|perish3\n|-start|p1a: Talonflame|perish3\n|-start|p2a: Gengar|perish3\n|-start|p2b: Sinistcha|perish3\n|upkeep\n|turn|2\n|\n|t:|1776337639\n|switch|p2b: Incineroar|Incineroar, L50, M|100/100\n|-ability|p2b: Incineroar|Intimidate|boost\n|-unboost|p1a: Talonflame|atk|1\n|-unboost|p1b: Sneasler|atk|1\n|move|p2a: Gengar|Protect|p2a: Gengar\n|-singleturn|p2a: Gengar|Protect\n|move|p1a: Talonflame|Tailwind|p1a: Talonflame\n|-sidestart|p1: endershovel|move: Tailwind\n|move|p1b: Sneasler|Dire Claw|p2b: Incineroar\n|-damage|p2b: Incineroar|75/100\n|\n|-start|p1b: Sneasler|perish2\n|-start|p1a: Talonflame|perish2\n|-start|p2a: Gengar|perish2\n|upkeep\n|turn|3\n|\n|t:|1776337663\n|switch|p2a: Sinistcha|Sinistcha, L50|100/100\n|-heal|p2b: Incineroar|99/100|[from] ability: Hospitality|[of] p2a: Sinistcha\n|move|p1a: Talonflame|Brave Bird|p2a: Sinistcha\n|-supereffective|p2a: Sinistcha|1\n|-damage|p2a: Sinistcha|53/100\n|-damage|p1a: Talonflame|82/100|[from] Recoil\n|move|p1b: Sneasler|Close Combat|p2b: Incineroar\n|-supereffective|p2b: Incineroar|1\n|-damage|p2b: Incineroar|28/100\n|-unboost|p1b: Sneasler|def|1\n|-unboost|p1b: Sneasler|spd|1\n|move|p2b: Incineroar|Parting Shot|p1a: Talonflame\n|-unboost|p1a: Talonflame|atk|1\n|-unboost|p1a: Talonflame|spa|1\n|\n|t:|1776337679\n|switch|p2b: Gengar|Gengar-Mega, L50, M|100/100|[from] Parting Shot\n|\n|-start|p1b: Sneasler|perish1\n|-start|p1a: Talonflame|perish1\n|upkeep\n|turn|4\n|\n|t:|1776337692\n|move|p2b: Gengar|Protect|p2b: Gengar\n|-singleturn|p2b: Gengar|Protect\n|move|p2a: Sinistcha|Protect|p2a: Sinistcha\n|-singleturn|p2a: Sinistcha|Protect\n|move|p1b: Sneasler|Dire Claw|p2a: Sinistcha\n|-activate|p2a: Sinistcha|move: Protect\n|move|p1a: Talonflame|Brave Bird|p2a: Sinistcha\n|-activate|p2a: Sinistcha|move: Protect\n|\n|-start|p1b: Sneasler|perish0\n|-start|p1a: Talonflame|perish0\n|faint|p1b: Sneasler\n|faint|p1a: Talonflame\n|upkeep\n|\n|t:|1776337707\n|switch|p1a: Politoed|Politoed, L50, M|100/100\n|switch|p1b: Starmie|Starmie, L50|100/100\n|-weather|RainDance|[from] ability: Drizzle|[of] p1a: Politoed\n|turn|5\n|inactive|endershovel has 30 seconds left.\n|\n|t:|1776337739\n|detailschange|p1b: Starmie|Starmie-Mega, L50\n|-mega|p1b: Starmie|Starmie|Starminite\n|move|p2a: Sinistcha|Rage Powder|p2a: Sinistcha\n|-singleturn|p2a: Sinistcha|move: Rage Powder\n|move|p1b: Starmie|Liquidation|p2a: Sinistcha\n|-resisted|p2a: Sinistcha|1\n|-damage|p2a: Sinistcha|2/100\n|-enditem|p2a: Sinistcha|Sitrus Berry|[eat]\n|-heal|p2a: Sinistcha|27/100|[from] item: Sitrus Berry\n|move|p2b: Gengar|Perish Song|p2b: Gengar\n|-start|p1a: Politoed|perish3|[silent]\n|-start|p1b: Starmie|perish3|[silent]\n|-start|p2a: Sinistcha|perish3|[silent]\n|-start|p2b: Gengar|perish3|[silent]\n|-fieldactivate|move: Perish Song\n|move|p1a: Politoed|Encore|p2a: Sinistcha\n|-start|p2a: Sinistcha|Encore\n|\n|-weather|RainDance|[upkeep]\n|-start|p1b: Starmie|perish3\n|-start|p2b: Gengar|perish3\n|-start|p1a: Politoed|perish3\n|-start|p2a: Sinistcha|perish3\n|-sideend|p1: endershovel|move: Tailwind\n|upkeep\n|turn|6\n|-message|endershovel forfeited.\n|\n|win|4bied\n|raw|endershovel's rating: 1213 &rarr; <strong>1183</strong><br />(-30 for losing)\n|raw|4bied's rating: 1146 &rarr; <strong>1176</strong><br />(+30 for winning)\n",
  "uploadtime": 1776337762,
  "views": 22,
  "formatid": "gen9championsvgc2026regma",
  "rating": 1176,
  "private": 0,
  "password": null
}