{
  "id": "gen9championsvgc2026regma-2588718722",
  "format": "[Gen 9 Champions] VGC 2026 Reg M-A",
  "players": [
    "chuarizard",
    "kevin7195"
  ],
  "log": "|j|\u2606chuarizard\n|j|\u2606kevin7195\n|t:|1776661591\n|gametype|doubles\n|player|p1|chuarizard|266|1126\n|player|p2|kevin7195|169|1199\n|gen|9\n|tier|[Gen 9 Champions] VGC 2026 Reg M-A\n|rated|\n|rule|Species Clause: Limit one of each Pok\u00e9mon\n|rule|Item Clause: Limit 1 of each item\n|clearpoke\n|poke|p1|Feraligatr, L50, M|\n|poke|p1|Meganium, L50, F|\n|poke|p1|Pelipper, L50, M|\n|poke|p1|Archaludon, L50, M|\n|poke|p1|Incineroar, L50, M|\n|poke|p1|Gardevoir, L50, F|\n|poke|p2|Incineroar, L50, M|\n|poke|p2|Pelipper, L50, F, shiny|\n|poke|p2|Aggron, L50, F|\n|poke|p2|Farigiraf, L50, F|\n|poke|p2|Sinistcha, L50|\n|poke|p2|Blastoise, L50, F|\n|teampreview|4\n|\n|t:|1776661632\n|teamsize|p1|4\n|teamsize|p2|4\n|start\n|switch|p1a: Pelipper|Pelipper, L50, M|100/100\n|switch|p1b: Archaludon|Archaludon, L50, M|100/100\n|switch|p2a: Blastoise|Blastoise, L50, F|100/100\n|switch|p2b: Farigiraf|Farigiraf, L50, F|100/100\n|-weather|RainDance|[from] ability: Drizzle|[of] p1a: Pelipper\n|turn|1\n|\n|t:|1776661658\n|move|p2a: Blastoise|Fake Out|p1b: Archaludon\n|-resisted|p1b: Archaludon|1\n|-damage|p1b: Archaludon|97/100\n|cant|p1b: Archaludon|flinch\n|move|p1a: Pelipper|Muddy Water|p2b: Farigiraf|[spread] p2a,p2b\n|-resisted|p2a: Blastoise|1\n|-damage|p2a: Blastoise|84/100\n|-damage|p2b: Farigiraf|69/100\n|-unboost|p2b: Farigiraf|accuracy|1\n|move|p2b: Farigiraf|Trick Room|p2b: Farigiraf\n|-fieldstart|move: Trick Room|[of] p2b: Farigiraf\n|\n|-weather|RainDance|[upkeep]\n|upkeep\n|turn|2\n|\n|t:|1776661677\n|detailschange|p2a: Blastoise|Blastoise-Mega, L50, F\n|-mega|p2a: Blastoise|Blastoise|Blastoisinite\n|move|p2b: Farigiraf|Helping Hand|p2a: Blastoise\n|-singleturn|p2a: Blastoise|Helping Hand|[of] p2b: Farigiraf\n|move|p2a: Blastoise|Water Spout|p1b: Archaludon|[spread] p1a,p1b\n|-resisted|p1a: Pelipper|1\n|-resisted|p1b: Archaludon|1\n|-damage|p1a: Pelipper|18/100\n|-damage|p1b: Archaludon|1/100\n|move|p1a: Pelipper|Muddy Water|p2a: Blastoise|[spread] p2a,p2b\n|-resisted|p2a: Blastoise|1\n|-damage|p2a: Blastoise|71/100\n|-damage|p2b: Farigiraf|38/100\n|move|p1b: Archaludon|Electro Shot||[still]\n|-prepare|p1b: Archaludon|Electro Shot\n|-boost|p1b: Archaludon|spa|1\n|-anim|p1b: Archaludon|Electro Shot|p2a: Blastoise\n|-supereffective|p2a: Blastoise|1\n|-damage|p2a: Blastoise|0 fnt\n|faint|p2a: Blastoise\n|\n|-weather|RainDance|[upkeep]\n|upkeep\n|\n|t:|1776661698\n|switch|p2a: Aggron|Aggron, L50, F|100/100\n|turn|3\n|\n|t:|1776661712\n|move|p1b: Archaludon|Protect|p1b: Archaludon\n|-singleturn|p1b: Archaludon|Protect\n|move|p2a: Aggron|Iron Defense|p2a: Aggron\n|-boost|p2a: Aggron|def|2\n|move|p2b: Farigiraf|Hyper Voice|p1b: Archaludon|[spread] p1a\n|-activate|p1b: Archaludon|move: Protect\n|-crit|p1a: Pelipper\n|-damage|p1a: Pelipper|0 fnt\n|faint|p1a: Pelipper\n|\n|-weather|RainDance|[upkeep]\n|upkeep\n|\n|t:|1776661734\n|switch|p1a: Meganium|Meganium, L50, F|100/100\n|turn|4\n|inactive|Battle timer is ON: inactive players will automatically lose when time's up. (requested by chuarizard)\n|\n|t:|1776661754\n|detailschange|p1a: Meganium|Meganium-Mega, L50, F\n|-mega|p1a: Meganium|Meganium|Meganiumite\n|move|p1b: Archaludon|Protect||[still]\n|-fail|p1b: Archaludon\n|move|p2a: Aggron|Body Press|p1a: Meganium\n|-resisted|p1a: Meganium|1\n|-damage|p1a: Meganium|66/100\n|move|p2b: Farigiraf|Hyper Voice|p1a: Meganium|[spread] p1a,p1b\n|-resisted|p1b: Archaludon|1\n|-damage|p1a: Meganium|43/100\n|-damage|p1b: Archaludon|0 fnt\n|faint|p1b: Archaludon\n|move|p1a: Meganium|Solar Beam||[still]\n|-prepare|p1a: Meganium|Solar Beam\n|-activate|p1a: Meganium|ability: Mega Sol\n|-anim|p1a: Meganium|Solar Beam|p2a: Aggron\n|-damage|p2a: Aggron|7/100\n|\n|-weather|RainDance|[upkeep]\n|upkeep\n|\n|t:|1776661773\n|switch|p1b: Incineroar|Incineroar, L50, M|100/100\n|-ability|p1b: Incineroar|Intimidate|boost\n|-unboost|p2a: Aggron|atk|1\n|-unboost|p2b: Farigiraf|atk|1\n|turn|5\n|\n|t:|1776661791\n|switch|p2b: Sinistcha|Sinistcha, L50|100/100\n|-heal|p2a: Aggron|32/100|[from] ability: Hospitality|[of] p2b: Sinistcha\n|move|p1a: Meganium|Protect|p1a: Meganium\n|-singleturn|p1a: Meganium|Protect\n|move|p1b: Incineroar|Fake Out|p2b: Sinistcha\n|-immune|p2b: Sinistcha\n|move|p2a: Aggron|Heavy Slam|p1a: Meganium\n|-activate|p1a: Meganium|move: Protect\n|\n|-weather|none\n|-fieldend|move: Trick Room\n|upkeep\n|turn|6\n|inactive|chuarizard has 30 seconds left.\n|inactive|kevin7195 has 30 seconds left.\n|inactive|kevin7195 has 20 seconds left.\n|\n|t:|1776661829\n|move|p2a: Aggron|Protect|p2a: Aggron\n|-singleturn|p2a: Aggron|Protect\n|move|p1a: Meganium|Weather Ball|p2a: Aggron\n|-activate|p2a: Aggron|move: Protect\n|move|p1b: Incineroar|Flare Blitz|p2b: Sinistcha\n|-supereffective|p2b: Sinistcha|1\n|-damage|p2b: Sinistcha|2/100\n|-status|p2b: Sinistcha|brn\n|-damage|p1b: Incineroar|72/100|[from] Recoil\n|move|p2b: Sinistcha|Trick Room|p2b: Sinistcha\n|-fieldstart|move: Trick Room|[of] p2b: Sinistcha\n|\n|-heal|p2b: Sinistcha|8/100 brn|[from] item: Leftovers\n|-damage|p2b: Sinistcha|2/100 brn|[from] brn\n|upkeep\n|turn|7\n|inactive|chuarizard has 30 seconds left.\n|inactive|kevin7195 has 30 seconds left.\n|inactive|kevin7195 has 20 seconds left.\n|inactive|kevin7195 has 15 seconds left.\n|inactive|kevin7195 has 10 seconds left.\n|\n|t:|1776661877\n|move|p1a: Meganium|Protect|p1a: Meganium\n|-singleturn|p1a: Meganium|Protect\n|move|p2b: Sinistcha|Rage Powder|p2b: Sinistcha\n|-singleturn|p2b: Sinistcha|move: Rage Powder\n|move|p2a: Aggron|Body Press|p1b: Incineroar\n|-supereffective|p1b: Incineroar|1\n|-damage|p1b: Incineroar|0 fnt\n|faint|p1b: Incineroar\n|\n|-heal|p2b: Sinistcha|8/100 brn|[from] item: Leftovers\n|-damage|p2b: Sinistcha|2/100 brn|[from] brn\n|upkeep\n|turn|8\n|-message|chuarizard forfeited.\n|\n|win|kevin7195\n|raw|chuarizard's rating: 1126 &rarr; <strong>1106</strong><br />(-20 for losing)\n|raw|kevin7195's rating: 1199 &rarr; <strong>1219</strong><br />(+20 for winning)\n|l|\u2606chuarizard\n|player|p1|\n",
  "uploadtime": 1776661902,
  "views": 13,
  "formatid": "gen9championsvgc2026regma",
  "rating": 1106,
  "private": 0,
  "password": null
}