{
  "id": "gen9championsvgc2026regma-2584934421",
  "format": "[Gen 9 Champions] VGC 2026 Reg M-A",
  "players": [
    "BryJin",
    "ScribbleScribble"
  ],
  "log": "|j|\u2606BryJin\n|j|\u2606ScribbleScribble\n|t:|1776295928\n|gametype|doubles\n|player|p1|BryJin|102|1512\n|player|p2|ScribbleScribble|mina-lgpe|1548\n|gen|9\n|tier|[Gen 9 Champions] VGC 2026 Reg M-A\n|rated|\n|rule|Species Clause: Limit one of each Pok\u00e9mon\n|rule|Item Clause: Limit 1 of each item\n|clearpoke\n|poke|p1|Froslass, L50, F|\n|poke|p1|Sinistcha, L50|\n|poke|p1|Sneasler, L50, M|\n|poke|p1|Incineroar, L50, F|\n|poke|p1|Primarina, L50, M|\n|poke|p1|Dragapult, L50, M|\n|poke|p2|Floette-Eternal, L50, F|\n|poke|p2|Sneasler, L50, F|\n|poke|p2|Aerodactyl, L50, M|\n|poke|p2|Kingambit, L50, M|\n|poke|p2|Basculegion, L50, M|\n|poke|p2|Farigiraf, L50, F|\n|teampreview|4\n|inactive|Battle timer is ON: inactive players will automatically lose when time's up. (requested by ScribbleScribble)\n|j| Pyukumuku513\n|inactive|ScribbleScribble has 60 seconds left.\n|\n|t:|1776295960\n|teamsize|p1|4\n|teamsize|p2|4\n|start\n|switch|p1a: Dragapult|Dragapult, L50, M|100/100\n|switch|p1b: Primarina|Primarina, L50, M, shiny|100/100\n|switch|p2a: Aerodactyl|Aerodactyl, L50, M|100/100\n|switch|p2b: Kingambit|Kingambit, L50, M|100/100\n|-ability|p2a: Aerodactyl|Unnerve\n|turn|1\n|\n|t:|1776295971\n|move|p1a: Dragapult|Will-O-Wisp|p2b: Kingambit|[miss]\n|-miss|p1a: Dragapult|p2b: Kingambit\n|move|p2a: Aerodactyl|Tailwind|p2a: Aerodactyl\n|-sidestart|p2: ScribbleScribble|move: Tailwind\n|move|p2b: Kingambit|Kowtow Cleave|p1a: Dragapult\n|-supereffective|p1a: Dragapult|1\n|-enditem|p1a: Dragapult|Focus Sash\n|-damage|p1a: Dragapult|1/100\n|move|p1b: Primarina|Calm Mind|p1b: Primarina\n|-boost|p1b: Primarina|spa|1\n|-boost|p1b: Primarina|spd|1\n|\n|upkeep\n|turn|2\n|l| Pyukumuku513\n|j| sileshar\n|inactive|BryJin has 30 seconds left.\n|inactive|BryJin has 20 seconds left.\n|\n|t:|1776296008\n|switch|p1a: Sneasler|Sneasler, L50, M, shiny|100/100\n|move|p2a: Aerodactyl|Rock Slide|p1a: Sneasler|[spread] p1a,p1b\n|-resisted|p1a: Sneasler|1\n|-damage|p1a: Sneasler|81/100\n|-damage|p1b: Primarina|76/100\n|move|p2b: Kingambit|Kowtow Cleave|p1b: Primarina\n|-resisted|p1b: Primarina|1\n|-damage|p1b: Primarina|48/100\n|move|p1b: Primarina|Hyper Voice|p2b: Kingambit|[spread] p2a,p2b\n|-supereffective|p2a: Aerodactyl|1\n|-crit|p2a: Aerodactyl\n|-enditem|p2a: Aerodactyl|Focus Sash\n|-damage|p2a: Aerodactyl|1/100\n|-damage|p2b: Kingambit|52/100\n|\n|-heal|p1b: Primarina|53/100|[from] item: Leftovers\n|upkeep\n|turn|3\n|inactive|BryJin has 30 seconds left.\n|inactive|BryJin has 20 seconds left.\n|inactive|BryJin has 15 seconds left.\n|\n|t:|1776296050\n|move|p2a: Aerodactyl|Protect|p2a: Aerodactyl\n|-singleturn|p2a: Aerodactyl|Protect\n|move|p2b: Kingambit|Protect|p2b: Kingambit\n|-singleturn|p2b: Kingambit|Protect\n|move|p1a: Sneasler|Close Combat|p2b: Kingambit\n|-activate|p2b: Kingambit|move: Protect\n|move|p1b: Primarina|Calm Mind|p1b: Primarina\n|-boost|p1b: Primarina|spa|1\n|-boost|p1b: Primarina|spd|1\n|\n|-heal|p1b: Primarina|59/100|[from] item: Leftovers\n|upkeep\n|turn|4\n|\n|t:|1776296071\n|switch|p1a: Dragapult|Dragapult, L50, M|1/100\n|move|p2a: Aerodactyl|Dual Wingbeat|p1a: Dragapult|[miss]\n|-miss|p2a: Aerodactyl|p1a: Dragapult\n|move|p2b: Kingambit|Kowtow Cleave|p1b: Primarina\n|-resisted|p1b: Primarina|1\n|-damage|p1b: Primarina|33/100\n|move|p1b: Primarina|Hyper Voice|p2a: Aerodactyl|[spread] p2a,p2b\n|-supereffective|p2a: Aerodactyl|1\n|-damage|p2a: Aerodactyl|0 fnt\n|-damage|p2b: Kingambit|0 fnt\n|faint|p2a: Aerodactyl\n|faint|p2b: Kingambit\n|\n|-heal|p1b: Primarina|39/100|[from] item: Leftovers\n|-sideend|p2: ScribbleScribble|move: Tailwind\n|upkeep\n|\n|t:|1776296077\n|switch|p2a: Basculegion|Basculegion, L50, M|100/100\n|switch|p2b: Floette|Floette-Eternal, L50, F|100/100\n|turn|5\n|\n|t:|1776296096\n|detailschange|p2b: Floette|Floette-Mega, L50, F\n|-mega|p2b: Floette|Floette|Floettite\n|-ability|p2b: Floette|Fairy Aura\n|move|p1b: Primarina|Protect|p1b: Primarina\n|-singleturn|p1b: Primarina|Protect\n|move|p1a: Dragapult|Sucker Punch|p2a: Basculegion\n|-supereffective|p2a: Basculegion|1\n|-damage|p2a: Basculegion|36/100\n|move|p2a: Basculegion|Last Respects|p1b: Primarina\n|-activate|p1b: Primarina|move: Protect\n|move|p2b: Floette|Moonblast|p1a: Dragapult\n|-supereffective|p1a: Dragapult|1\n|-damage|p1a: Dragapult|0 fnt\n|faint|p1a: Dragapult\n|\n|-heal|p1b: Primarina|45/100|[from] item: Leftovers\n|upkeep\n|\n|t:|1776296113\n|switch|p1a: Sneasler|Sneasler, L50, M, shiny|81/100\n|turn|6\n|inactive|BryJin has 30 seconds left.\n|\n|t:|1776296141\n|switch|p1b: Incineroar|Incineroar, L50, F|100/100\n|-ability|p1b: Incineroar|Intimidate|boost\n|-unboost|p2a: Basculegion|atk|1\n|-unboost|p2b: Floette|atk|1\n|move|p2b: Floette|Protect|p2b: Floette\n|-singleturn|p2b: Floette|Protect\n|move|p2a: Basculegion|Last Respects|p1b: Incineroar\n|-resisted|p1b: Incineroar|1\n|-damage|p1b: Incineroar|69/100\n|move|p1a: Sneasler|Dire Claw|p2b: Floette\n|-activate|p2b: Floette|move: Protect\n|\n|upkeep\n|turn|7\n|\n|t:|1776296157\n|move|p2a: Basculegion|Last Respects|p1a: Sneasler\n|-damage|p1a: Sneasler|0 fnt\n|faint|p1a: Sneasler\n|move|p2b: Floette|Moonblast|p1b: Incineroar\n|-damage|p1b: Incineroar|7/100\n|move|p1b: Incineroar|Throat Chop|p2a: Basculegion\n|-supereffective|p2a: Basculegion|1\n|-damage|p2a: Basculegion|0 fnt\n|faint|p2a: Basculegion\n|\n|upkeep\n|\n|t:|1776296165\n|switch|p1a: Primarina|Primarina, L50, M, shiny|45/100\n|turn|8\n|\n|t:|1776296176\n|move|p2b: Floette|Protect|p2b: Floette\n|-singleturn|p2b: Floette|Protect\n|move|p1b: Incineroar|Parting Shot|p2b: Floette\n|-activate|p2b: Floette|move: Protect\n|move|p1a: Primarina|Calm Mind|p1a: Primarina\n|-boost|p1a: Primarina|spa|1\n|-boost|p1a: Primarina|spd|1\n|\n|-heal|p1a: Primarina|51/100|[from] item: Leftovers\n|upkeep\n|turn|9\n|\n|t:|1776296193\n|move|p2b: Floette|Dazzling Gleam|p1a: Primarina|[spread] p1a,p1b\n|-damage|p1a: Primarina|23/100\n|-damage|p1b: Incineroar|0 fnt\n|faint|p1b: Incineroar\n|move|p1a: Primarina|Moonblast|p2b: Floette\n|-damage|p2b: Floette|29/100\n|\n|-heal|p1a: Primarina|29/100|[from] item: Leftovers\n|upkeep\n|turn|10\n|l|\u2606BryJin\n|inactive|BryJin disconnected and has a minute to reconnect!\n|player|p1|\n|j|\u2606BryJin\n|inactive|BryJin reconnected and has 35 seconds left.\n|player|p1|BryJin|102|\n|\n|t:|1776296218\n|move|p1a: Primarina|Protect|p1a: Primarina\n|-singleturn|p1a: Primarina|Protect\n|move|p2b: Floette|Moonblast|p1a: Primarina\n|-activate|p1a: Primarina|move: Protect\n|\n|-heal|p1a: Primarina|35/100|[from] item: Leftovers\n|upkeep\n|turn|11\n|\n|t:|1776296224\n|move|p2b: Floette|Moonblast|p1a: Primarina\n|-damage|p1a: Primarina|0 fnt\n|faint|p1a: Primarina\n|\n|win|ScribbleScribble\n|raw|BryJin's rating: 1512 &rarr; <strong>1493</strong><br />(-19 for losing)\n|raw|ScribbleScribble's rating: 1522 &rarr; <strong>1541</strong><br />(+19 for winning)\n|l|\u2606BryJin\n|player|p1|\n|l|\u2606ScribbleScribble\n|player|p2|\n|l| sileshar\n",
  "uploadtime": 1776296359,
  "views": 114,
  "formatid": "gen9championsvgc2026regma",
  "rating": 1493,
  "private": 0,
  "password": null
}