{
  "id": "gen9championsvgc2026regma-2582674854",
  "format": "[Gen 9 Champions] VGC 2026 Reg M-A",
  "players": [
    "Woop1884",
    "1%ofGamblers"
  ],
  "log": "|j|\u2606Woop1884\n|j|\u26061%ofGamblers\n|t:|1776106503\n|gametype|doubles\n|player|p1|Woop1884|1|1078\n|player|p2|1%ofGamblers|170|1125\n|gen|9\n|tier|[Gen 9 Champions] VGC 2026 Reg M-A\n|rated|\n|rule|Species Clause: Limit one of each Pok\u00e9mon\n|rule|Item Clause: Limit 1 of each item\n|clearpoke\n|poke|p1|Arcanine, L50, M|\n|poke|p1|Dragonite, L50, M|\n|poke|p1|Clefable, L50, F|\n|poke|p1|Archaludon, L50, F|\n|poke|p1|Politoed, L50, M|\n|poke|p1|Kangaskhan, L50, F|\n|poke|p2|Kangaskhan, L50, F|\n|poke|p2|Sneasler, L50, M|\n|poke|p2|Talonflame, L50, M|\n|poke|p2|Dragapult, L50, F|\n|poke|p2|Farigiraf, L50, F|\n|poke|p2|Aegislash, L50, F|\n|teampreview|4\n|\n|t:|1776106543\n|teamsize|p1|4\n|teamsize|p2|4\n|start\n|switch|p1a: Archaludon|Archaludon, L50, F|100/100\n|switch|p1b: Politoed|Politoed, L50, M|100/100\n|switch|p2a: Sneasler|Sneasler, L50, M|100/100\n|switch|p2b: Kangaskhan|Kangaskhan, L50, F|100/100\n|-weather|RainDance|[from] ability: Drizzle|[of] p1b: Politoed\n|turn|1\n|\n|t:|1776106564\n|detailschange|p2b: Kangaskhan|Kangaskhan-Mega, L50, F\n|-mega|p2b: Kangaskhan|Kangaskhan|Kangaskhanite\n|move|p1a: Archaludon|Electro Shot||[still]\n|-prepare|p1a: Archaludon|Electro Shot\n|-boost|p1a: Archaludon|spa|1\n|-anim|p1a: Archaludon|Electro Shot|p2b: Kangaskhan\n|-damage|p2b: Kangaskhan|35/100\n|move|p2a: Sneasler|Close Combat|p1a: Archaludon\n|-supereffective|p1a: Archaludon|1\n|-ability|p1a: Archaludon|Sturdy\n|-damage|p1a: Archaludon|1/100\n|-unboost|p2a: Sneasler|def|1\n|-unboost|p2a: Sneasler|spd|1\n|-enditem|p2a: Sneasler|White Herb\n|-clearnegativeboost|p2a: Sneasler|[silent]\n|move|p2b: Kangaskhan|Drain Punch|p1a: Archaludon\n|-supereffective|p1a: Archaludon|1\n|-damage|p1a: Archaludon|0 fnt\n|-heal|p2b: Kangaskhan|35/100|[from] drain|[of] p1a: Archaludon\n|faint|p1a: Archaludon\n|-hitcount|p1: Archaludon|1\n|move|p1b: Politoed|Psychic|p2a: Sneasler\n|-supereffective|p2a: Sneasler|2\n|-damage|p2a: Sneasler|0 fnt\n|faint|p2a: Sneasler\n|\n|-weather|RainDance|[upkeep]\n|upkeep\n|\n|t:|1776106592\n|switch|p2a: Dragapult|Dragapult, L50, F|100/100\n|switch|p1a: Arcanine|Arcanine, L50, M|100/100\n|-ability|p1a: Arcanine|Intimidate|boost\n|-fail|p2a: Dragapult|unboost|[from] ability: Clear Body|[of] p2a: Dragapult\n|-unboost|p2b: Kangaskhan|atk|1\n|turn|2\n|\n|t:|1776106619\n|move|p2b: Kangaskhan|Protect|p2b: Kangaskhan\n|-singleturn|p2b: Kangaskhan|Protect\n|move|p2a: Dragapult|Dragon Dance|p2a: Dragapult\n|-boost|p2a: Dragapult|atk|1\n|-boost|p2a: Dragapult|spe|1\n|move|p1a: Arcanine|Will-O-Wisp|p2a: Dragapult\n|-status|p2a: Dragapult|brn\n|move|p1b: Politoed|Weather Ball|p2b: Kangaskhan\n|-activate|p2b: Kangaskhan|move: Protect\n|\n|-weather|RainDance|[upkeep]\n|-damage|p2a: Dragapult|94/100 brn|[from] brn\n|upkeep\n|turn|3\n|\n|t:|1776106647\n|switch|p1b: Dragonite|Dragonite, L50, M|100/100\n|move|p2a: Dragapult|Phantom Force||[still]\n|-prepare|p2a: Dragapult|Phantom Force\n|move|p2b: Kangaskhan|Double-Edge|p1a: Arcanine\n|-damage|p1a: Arcanine|53/100\n|-damage|p1a: Arcanine|42/100\n|-hitcount|p1a: Arcanine|2\n|-damage|p2b: Kangaskhan|14/100|[from] Recoil\n|move|p1a: Arcanine|Howl|p1a: Arcanine|[spread] p1a,p1b\n|-boost|p1a: Arcanine|atk|1\n|-boost|p1b: Dragonite|atk|1\n|\n|-weather|RainDance|[upkeep]\n|-damage|p2a: Dragapult|88/100 brn|[from] brn\n|upkeep\n|turn|4\n|\n|t:|1776106682\n|move|p2a: Dragapult|Phantom Force|p1a: Arcanine|[from] lockedmove\n|-damage|p1a: Arcanine|0 fnt\n|faint|p1a: Arcanine\n|move|p2b: Kangaskhan|Double-Edge|p1b: Dragonite\n|-damage|p1b: Dragonite|79/100\n|-crit|p1b: Dragonite\n|-damage|p1b: Dragonite|53/100\n|-hitcount|p1b: Dragonite|2\n|-damage|p2b: Kangaskhan|0 fnt|[from] Recoil\n|faint|p2b: Kangaskhan\n|move|p1b: Dragonite|Scale Shot|p2a: Dragapult\n|-supereffective|p2a: Dragapult|1\n|-damage|p2a: Dragapult|27/100 brn\n|-supereffective|p2a: Dragapult|1\n|-damage|p2a: Dragapult|0 fnt\n|faint|p2a: Dragapult\n|-hitcount|p2: Dragapult|2\n|-unboost|p1b: Dragonite|def|1\n|-boost|p1b: Dragonite|spe|1\n|-enditem|p1b: Dragonite|White Herb\n|-clearnegativeboost|p1b: Dragonite|[silent]\n|\n|-weather|RainDance|[upkeep]\n|upkeep\n|\n|t:|1776106701\n|switch|p2a: Talonflame|Talonflame, L50, M|100/100\n|switch|p1a: Politoed|Politoed, L50, M|100/100\n|turn|5\n|\n|t:|1776106711\n|move|p2a: Talonflame|Protect|p2a: Talonflame\n|-singleturn|p2a: Talonflame|Protect\n|move|p1b: Dragonite|Scale Shot|p2a: Talonflame\n|-activate|p2a: Talonflame|move: Protect\n|move|p1a: Politoed|Weather Ball|p2a: Talonflame\n|-activate|p2a: Talonflame|move: Protect\n|\n|-weather|none\n|upkeep\n|turn|6\n|\n|t:|1776106733\n|move|p2a: Talonflame|Brave Bird|p1b: Dragonite\n|-damage|p1b: Dragonite|0 fnt\n|faint|p1b: Dragonite\n|-damage|p2a: Talonflame|82/100|[from] Recoil\n|move|p1a: Politoed|Psychic|p2a: Talonflame\n|-damage|p2a: Talonflame|42/100\n|\n|upkeep\n|turn|7\n|\n|t:|1776106744\n|move|p2a: Talonflame|Brave Bird|p1a: Politoed\n|-damage|p1a: Politoed|44/100\n|-enditem|p1a: Politoed|Sitrus Berry|[eat]\n|-heal|p1a: Politoed|69/100|[from] item: Sitrus Berry\n|-damage|p2a: Talonflame|19/100|[from] Recoil\n|move|p1a: Politoed|Psychic|p2a: Talonflame\n|-damage|p2a: Talonflame|0 fnt\n|faint|p2a: Talonflame\n|\n|win|Woop1884\n|raw|Woop1884's rating: 1078 &rarr; <strong>1110</strong><br />(+32 for winning)\n|raw|1%ofGamblers's rating: 1125 &rarr; <strong>1097</strong><br />(-28 for losing)\n|l|\u26061%ofGamblers\n|player|p2|\n",
  "uploadtime": 1776107649,
  "views": 20,
  "formatid": "gen9championsvgc2026regma",
  "rating": 1097,
  "private": 0,
  "password": null
}