{
  "id": "gen9championsvgc2026regma-2587451354",
  "format": "[Gen 9 Champions] VGC 2026 Reg M-A",
  "players": [
    "tpgame1100",
    "Millionatom1491"
  ],
  "log": "|j|\u2606tpgame1100\n|j|\u2606Millionatom1491\n|t:|1776532930\n|gametype|doubles\n|player|p1|tpgame1100|1|1072\n|player|p2|Millionatom1491|266|1066\n|gen|9\n|tier|[Gen 9 Champions] VGC 2026 Reg M-A\n|rated|\n|rule|Species Clause: Limit one of each Pok\u00e9mon\n|rule|Item Clause: Limit 1 of each item\n|clearpoke\n|poke|p1|Slowking-Galar, L50, F|\n|poke|p1|Crabominable, L50, F|\n|poke|p1|Primarina, L50, M|\n|poke|p1|Sinistcha, L50|\n|poke|p1|Incineroar, L50, M|\n|poke|p1|Rampardos, L50, M|\n|poke|p2|Meowstic, L50, M|\n|poke|p2|Delphox, L50, M|\n|poke|p2|Dragonite, L50, M|\n|poke|p2|Whimsicott, L50, M|\n|poke|p2|Heliolisk, L50, F|\n|poke|p2|Scovillain, L50, F|\n|teampreview|4\n|\n|t:|1776532962\n|teamsize|p1|4\n|teamsize|p2|4\n|start\n|switch|p1a: Slowking|Slowking-Galar, L50, F|100/100\n|switch|p1b: Crabominable|Crabominable, L50, F|100/100\n|switch|p2a: Heliolisk|Heliolisk, L50, F|100/100\n|switch|p2b: Whimsicott|Whimsicott, L50, M|100/100\n|turn|1\n|\n|t:|1776532981\n|move|p1b: Crabominable|Protect|p1b: Crabominable\n|-singleturn|p1b: Crabominable|Protect\n|move|p2b: Whimsicott|Sunny Day|p2b: Whimsicott\n|-weather|SunnyDay\n|move|p2a: Heliolisk|Weather Ball|p1b: Crabominable\n|-activate|p1b: Crabominable|move: Protect\n|move|p1a: Slowking|Toxic Spikes|p2b: Whimsicott\n|-sidestart|p2: Millionatom1491|move: Toxic Spikes\n|\n|-weather|SunnyDay|[upkeep]\n|-damage|p2a: Heliolisk|88/100|[from] ability: Solar Power|[of] p2a: Heliolisk\n|upkeep\n|turn|2\n|\n|t:|1776532993\n|switch|p1b: Rampardos|Rampardos, L50, M|100/100\n|move|p2b: Whimsicott|Tailwind|p2b: Whimsicott\n|-sidestart|p2: Millionatom1491|move: Tailwind\n|move|p2a: Heliolisk|Weather Ball|p1b: Rampardos\n|-resisted|p1b: Rampardos|1\n|-damage|p1b: Rampardos|39/100\n|move|p1a: Slowking|Trick Room|p1a: Slowking\n|-fieldstart|move: Trick Room|[of] p1a: Slowking\n|\n|-weather|SunnyDay|[upkeep]\n|-damage|p2a: Heliolisk|76/100|[from] ability: Solar Power|[of] p2a: Heliolisk\n|upkeep\n|turn|3\n|\n|t:|1776533019\n|move|p2b: Whimsicott|Encore|p1a: Slowking\n|-start|p1a: Slowking|Encore\n|move|p1b: Rampardos|Iron Head|p2b: Whimsicott\n|-supereffective|p2b: Whimsicott|1\n|-enditem|p2b: Whimsicott|Focus Sash\n|-damage|p2b: Whimsicott|1/100\n|move|p2a: Heliolisk|Volt Switch|p1b: Rampardos\n|-damage|p1b: Rampardos|0 fnt\n|faint|p1b: Rampardos\n|\n|t:|1776533032\n|switch|p2a: Dragonite|Dragonite, L50, M|100/100|[from] Volt Switch\n|move|p1a: Slowking|Trick Room|p1a: Slowking\n|-fieldend|move: Trick Room\n|\n|-weather|SunnyDay|[upkeep]\n|upkeep\n|\n|t:|1776533036\n|switch|p1b: Crabominable|Crabominable, L50, F|100/100\n|turn|4\n|\n|t:|1776533052\n|switch|p1b: Sinistcha|Sinistcha, L50|100/100\n|move|p2b: Whimsicott|Moonblast|p1b: Sinistcha\n|-damage|p1b: Sinistcha|73/100\n|move|p2a: Dragonite|Fire Punch|p1b: Sinistcha\n|-supereffective|p1b: Sinistcha|1\n|-damage|p1b: Sinistcha|0 fnt\n|faint|p1b: Sinistcha\n|move|p1a: Slowking|Trick Room|p1a: Slowking\n|-fieldstart|move: Trick Room|[of] p1a: Slowking\n|\n|-weather|SunnyDay|[upkeep]\n|upkeep\n|\n|t:|1776533062\n|switch|p1b: Crabominable|Crabominable, L50, F|100/100\n|turn|5\n|\n|t:|1776533074\n|detailschange|p1b: Crabominable|Crabominable-Mega, L50, F\n|-mega|p1b: Crabominable|Crabominable|Crabominite\n|move|p1b: Crabominable|Bulk Up|p1b: Crabominable\n|-boost|p1b: Crabominable|atk|1\n|-boost|p1b: Crabominable|def|1\n|move|p2a: Dragonite|Fire Punch|p1b: Crabominable\n|-supereffective|p1b: Crabominable|1\n|-damage|p1b: Crabominable|64/100\n|move|p2b: Whimsicott|Moonblast|p1b: Crabominable\n|-supereffective|p1b: Crabominable|1\n|-damage|p1b: Crabominable|22/100\n|-unboost|p1b: Crabominable|spa|1\n|move|p1a: Slowking|Trick Room|p1a: Slowking\n|-fieldend|move: Trick Room\n|\n|-weather|none\n|-end|p1a: Slowking|Encore\n|-sideend|p2: Millionatom1491|move: Tailwind\n|upkeep\n|turn|6\n|\n|t:|1776533091\n|move|p1b: Crabominable|Protect|p1b: Crabominable\n|-singleturn|p1b: Crabominable|Protect\n|move|p2b: Whimsicott|Moonblast|p1b: Crabominable\n|-activate|p1b: Crabominable|move: Protect\n|move|p2a: Dragonite|Fire Punch|p1b: Crabominable\n|-activate|p1b: Crabominable|move: Protect\n|move|p1a: Slowking|Trick Room|p1a: Slowking\n|-fieldstart|move: Trick Room|[of] p1a: Slowking\n|\n|upkeep\n|turn|7\n|\n|t:|1776533104\n|move|p1a: Slowking|Psychic Noise|p2b: Whimsicott\n|-damage|p2b: Whimsicott|0 fnt\n|faint|p2b: Whimsicott\n|move|p1b: Crabominable|Ice Hammer|p2a: Dragonite\n|-supereffective|p2a: Dragonite|2\n|-enditem|p2a: Dragonite|Yache Berry|[eat]\n|-enditem|p2a: Dragonite|Yache Berry|[weaken]\n|-damage|p2a: Dragonite|0 fnt\n|-unboost|p1b: Crabominable|spe|1\n|faint|p2a: Dragonite\n|\n|upkeep\n|\n|t:|1776533115\n|switch|p2a: Scovillain|Scovillain, L50, F|100/100\n|switch|p2b: Heliolisk|Heliolisk, L50, F|76/100\n|-status|p2a: Scovillain|psn\n|-status|p2b: Heliolisk|psn\n|turn|8\n|\n|t:|1776533126\n|move|p1b: Crabominable|Ice Hammer|p2a: Scovillain\n|-damage|p2a: Scovillain|0 fnt\n|-unboost|p1b: Crabominable|spe|1\n|faint|p2a: Scovillain\n|-prepare|p1a: Slowking|Chilly Reception|[premajor]\n|move|p1a: Slowking|Chilly Reception|p1a: Slowking\n|-weather|Snowscape\n|move|p2b: Heliolisk|Dark Pulse|p1a: Slowking\n|-supereffective|p1a: Slowking|1\n|-damage|p1a: Slowking|65/100\n|\n|-weather|Snowscape|[upkeep]\n|-damage|p2b: Heliolisk|64/100 psn|[from] psn\n|upkeep\n|turn|9\n|\n|t:|1776533139\n|move|p1b: Crabominable|Drain Punch|p2b: Heliolisk\n|-supereffective|p2b: Heliolisk|1\n|-damage|p2b: Heliolisk|0 fnt\n|-heal|p1b: Crabominable|44/100|[from] drain|[of] p2b: Heliolisk\n|faint|p2b: Heliolisk\n|\n|win|tpgame1100\n|raw|tpgame1100's rating: 1072 &rarr; <strong>1101</strong><br />(+29 for winning)\n|raw|Millionatom1491's rating: 1066 &rarr; <strong>1046</strong><br />(-20 for losing)\n|l|\u2606Millionatom1491\n|player|p2|\n",
  "uploadtime": 1776533152,
  "views": 17,
  "formatid": "gen9championsvgc2026regma",
  "rating": 1046,
  "private": 0,
  "password": null
}