{
  "id": "gen9championsvgc2026regma-2581720394",
  "format": "[Gen 9 Champions] VGC 2026 Reg M-A",
  "players": [
    "DarkSSJay",
    "brickforbrains"
  ],
  "log": "|j|\u2606DarkSSJay\n|j|\u2606brickforbrains\n|t:|1776023261\n|gametype|doubles\n|player|p1|DarkSSJay|102|1042\n|player|p2|brickforbrains|clerk|1045\n|gen|9\n|tier|[Gen 9 Champions] VGC 2026 Reg M-A\n|rated|\n|rule|Species Clause: Limit one of each Pok\u00e9mon\n|rule|Item Clause: Limit 1 of each item\n|clearpoke\n|poke|p1|Dragonite, L50, F|\n|poke|p1|Garchomp, L50, M|\n|poke|p1|Torterra, L50, F|\n|poke|p1|Corviknight, L50, F|\n|poke|p1|Goodra-Hisui, L50, M|\n|poke|p1|Skeledirge, L50, M|\n|poke|p2|Rotom-Heat, L50|\n|poke|p2|Clefable, L50, F|\n|poke|p2|Incineroar, L50, M|\n|poke|p2|Starmie, L50|\n|poke|p2|Gengar, L50, M|\n|poke|p2|Dragapult, L50, F|\n|teampreview|4\n|inactive|Battle timer is ON: inactive players will automatically lose when time's up. (requested by brickforbrains)\nDarkSSJay rejected open team sheets.\n|\n|t:|1776023291\n|teamsize|p1|4\n|teamsize|p2|4\n|start\n|switch|p1a: Skeledirge|Skeledirge, L50, M|100/100\n|switch|p1b: Dragonite|Dragonite, L50, F|100/100\n|switch|p2a: Starmie|Starmie, L50|100/100\n|switch|p2b: Clefable|Clefable, L50, F|100/100\n|turn|1\n|c|\u2606brickforbrains|hf\n|inactive|DarkSSJay has 30 seconds left.\n|inactive|brickforbrains has 30 seconds left.\n|\n|t:|1776023317\n|detailschange|p2a: Starmie|Starmie-Mega, L50\n|-mega|p2a: Starmie|Starmie|Starminite\n|detailschange|p1b: Dragonite|Dragonite-Mega, L50, F\n|-mega|p1b: Dragonite|Dragonite|Dragoninite\n|move|p1a: Skeledirge|Protect|p1a: Skeledirge\n|-singleturn|p1a: Skeledirge|Protect\n|move|p2b: Clefable|Follow Me|p2b: Clefable\n|-singleturn|p2b: Clefable|move: Follow Me\n|move|p2a: Starmie|Liquidation|p1a: Skeledirge\n|-activate|p1a: Skeledirge|move: Protect\n|move|p1b: Dragonite|Blizzard|p2a: Starmie|[spread] p2a\n|-miss|p1b: Dragonite|p2b: Clefable\n|-resisted|p2a: Starmie|1\n|-damage|p2a: Starmie|80/100\n|\n|upkeep\n|turn|2\n|inactive|DarkSSJay has 30 seconds left.\n|inactive|DarkSSJay has 20 seconds left.\n|inactive|DarkSSJay has 15 seconds left.\n|\n|t:|1776023357\n|switch|p1a: Goodra|Goodra-Hisui, L50, M|100/100\n|move|p2b: Clefable|Follow Me|p2b: Clefable\n|-singleturn|p2b: Clefable|move: Follow Me\n|move|p2a: Starmie|Ice Spinner|p1b: Dragonite\n|-supereffective|p1b: Dragonite|2\n|-damage|p1b: Dragonite|5/100\n|move|p1b: Dragonite|Blizzard|p2a: Starmie|[spread] p2a,p2b\n|-resisted|p2a: Starmie|1\n|-damage|p2a: Starmie|57/100\n|-damage|p2b: Clefable|71/100\n|\n|upkeep\n|turn|3\n|\n|t:|1776023372\n|move|p1b: Dragonite|Protect|p1b: Dragonite\n|-singleturn|p1b: Dragonite|Protect\n|move|p2a: Starmie|Aqua Jet|p1b: Dragonite\n|-activate|p1b: Dragonite|move: Protect\n|move|p1a: Goodra|Shelter|p1a: Goodra\n|-boost|p1a: Goodra|def|2\n|move|p2b: Clefable|Moonblast|p1a: Goodra\n|-damage|p1a: Goodra|75/100\n|\n|-heal|p1a: Goodra|80/100|[from] item: Leftovers\n|upkeep\n|turn|4\n|inactive|DarkSSJay has 30 seconds left.\n|\n|t:|1776023407\n|switch|p1b: Garchomp|Garchomp, L50, M|100/100\n|move|p2b: Clefable|Follow Me|p2b: Clefable\n|-singleturn|p2b: Clefable|move: Follow Me\n|move|p2a: Starmie|Liquidation|p1b: Garchomp\n|-damage|p1b: Garchomp|41/100\n|-damage|p2a: Starmie|45/100|[from] ability: Rough Skin|[of] p1b: Garchomp\n|move|p1a: Goodra|Shelter|p1a: Goodra\n|-boost|p1a: Goodra|def|2\n|\n|-heal|p1a: Goodra|86/100|[from] item: Leftovers\n|upkeep\n|turn|5\n|inactive|DarkSSJay has 30 seconds left.\n|\n|t:|1776023435\n|move|p2b: Clefable|Follow Me|p2b: Clefable\n|-singleturn|p2b: Clefable|move: Follow Me\n|move|p2a: Starmie|Liquidation|p1b: Garchomp\n|-damage|p1b: Garchomp|0 fnt\n|-damage|p2a: Starmie|33/100|[from] ability: Rough Skin|[of] p1b: Garchomp\n|faint|p1b: Garchomp\n|move|p1a: Goodra|Life Dew|p1a: Goodra\n|-heal|p1a: Goodra|100/100\n|\n|upkeep\n|\n|t:|1776023446\n|switch|p1b: Dragonite|Dragonite-Mega, L50, F|5/100\n|turn|6\n|\n|t:|1776023450\n|move|p1b: Dragonite|Protect|p1b: Dragonite\n|-singleturn|p1b: Dragonite|Protect\n|move|p2b: Clefable|Follow Me|p2b: Clefable\n|-singleturn|p2b: Clefable|move: Follow Me\n|move|p2a: Starmie|Liquidation|p1b: Dragonite\n|-activate|p1b: Dragonite|move: Protect\n|move|p1a: Goodra|Life Dew||[still]|[spread] p1a,p1b\n|-fail|p1a: Goodra|heal\n|-heal|p1b: Dragonite|31/100\n|\n|upkeep\n|turn|7\n|inactive|DarkSSJay has 30 seconds left.\n|\n|t:|1776023479\n|move|p1b: Dragonite|Extreme Speed|p2a: Starmie\n|-damage|p2a: Starmie|7/100\n|move|p2b: Clefable|Follow Me|p2b: Clefable\n|-singleturn|p2b: Clefable|move: Follow Me\n|move|p2a: Starmie|Zen Headbutt|p1b: Dragonite\n|-damage|p1b: Dragonite|0 fnt\n|faint|p1b: Dragonite\n|move|p1a: Goodra|Body Press|p2b: Clefable\n|-resisted|p2b: Clefable|1\n|-damage|p2b: Clefable|62/100\n|\n|upkeep\n|\n|t:|1776023489\n|switch|p1b: Skeledirge|Skeledirge, L50, M|100/100\n|turn|8\n|\n|t:|1776023499\n|move|p1b: Skeledirge|Protect|p1b: Skeledirge\n|-singleturn|p1b: Skeledirge|Protect\n|move|p2b: Clefable|Follow Me|p2b: Clefable\n|-singleturn|p2b: Clefable|move: Follow Me\n|move|p2a: Starmie|Liquidation|p1b: Skeledirge\n|-activate|p1b: Skeledirge|move: Protect\n|move|p1a: Goodra|Shelter|p1a: Goodra\n|-boost|p1a: Goodra|def|2\n|\n|upkeep\n|turn|9\n|\n|t:|1776023512\n|move|p2b: Clefable|Follow Me|p2b: Clefable\n|-singleturn|p2b: Clefable|move: Follow Me\n|move|p2a: Starmie|Liquidation|p1b: Skeledirge\n|-supereffective|p1b: Skeledirge|1\n|-enditem|p1b: Skeledirge|Focus Sash\n|-damage|p1b: Skeledirge|1/100\n|-unboost|p1b: Skeledirge|def|1\n|move|p1b: Skeledirge|Yawn|p2b: Clefable\n|-start|p2b: Clefable|move: Yawn|[of] p1b: Skeledirge\n|move|p1a: Goodra|Shelter|p1a: Goodra\n|-boost|p1a: Goodra|def|0\n|\n|upkeep\n|turn|10\n|\n|t:|1776023526\n|switch|p2b: Incineroar|Incineroar, L50, M|100/100\n|-ability|p2b: Incineroar|Intimidate|boost\n|-unboost|p1a: Goodra|atk|1\n|-unboost|p1b: Skeledirge|atk|1\n|move|p1b: Skeledirge|Protect|p1b: Skeledirge\n|-singleturn|p1b: Skeledirge|Protect\n|move|p2a: Starmie|Aqua Jet|p1b: Skeledirge\n|-activate|p1b: Skeledirge|move: Protect\n|move|p1a: Goodra|Body Press|p2b: Incineroar\n|-supereffective|p2b: Incineroar|1\n|-crit|p2b: Incineroar\n|-enditem|p2b: Incineroar|Chople Berry|[eat]\n|-enditem|p2b: Incineroar|Chople Berry|[weaken]\n|-damage|p2b: Incineroar|0 fnt\n|faint|p2b: Incineroar\n|\n|upkeep\n|\n|t:|1776023537\n|switch|p2b: Dragapult|Dragapult, L50, F|100/100\n|turn|11\n|\n|t:|1776023559\n|move|p1b: Skeledirge|Protect|p1b: Skeledirge\n|-singleturn|p1b: Skeledirge|Protect\n|move|p2b: Dragapult|Will-O-Wisp|p1a: Goodra\n|-status|p1a: Goodra|brn\n|move|p2a: Starmie|Liquidation|p1b: Skeledirge\n|-activate|p1b: Skeledirge|move: Protect\n|move|p1a: Goodra|Body Press|p2a: Starmie\n|-resisted|p2a: Starmie|1\n|-damage|p2a: Starmie|0 fnt\n|faint|p2a: Starmie\n|\n|-damage|p1a: Goodra|95/100 brn|[from] brn\n|upkeep\n|\n|t:|1776023568\n|switch|p2a: Clefable|Clefable, L50, F|62/100\n|turn|12\n|\n|t:|1776023578\n|move|p1b: Skeledirge|Protect||[still]\n|-fail|p1b: Skeledirge\n|move|p2a: Clefable|Follow Me|p2a: Clefable\n|-singleturn|p2a: Clefable|move: Follow Me\n|move|p2b: Dragapult|Dragon Darts|p1b: Skeledirge\n|-damage|p1b: Skeledirge|0 fnt\n|-anim|p2b: Dragapult|Dragon Darts|p1a: Goodra\n|-damage|p1a: Goodra|89/100 brn\n|faint|p1b: Skeledirge\n|move|p1a: Goodra|Life Dew|p1a: Goodra\n|-heal|p1a: Goodra|100/100 brn\n|\n|-damage|p1a: Goodra|95/100 brn|[from] brn\n|upkeep\n|turn|13\n|\n|t:|1776023594\n|move|p2b: Dragapult|Protect|p2b: Dragapult\n|-singleturn|p2b: Dragapult|Protect\n|move|p1a: Goodra|Body Press|p2a: Clefable\n|-resisted|p2a: Clefable|1\n|-damage|p2a: Clefable|57/100\n|move|p2a: Clefable|Moonblast|p1a: Goodra\n|-damage|p1a: Goodra|68/100 brn\n|\n|-heal|p1a: Goodra|73/100 brn|[from] item: Leftovers\n|-damage|p1a: Goodra|68/100 brn|[from] brn\n|upkeep\n|turn|14\n|\n|t:|1776023608\n|move|p2b: Dragapult|Dragon Darts|p1a: Goodra\n|-damage|p1a: Goodra|62/100 brn\n|-anim|p2b: Dragapult|Dragon Darts|p1a: Goodra\n|-damage|p1a: Goodra|56/100 brn\n|move|p1a: Goodra|Body Press|p2a: Clefable\n|-resisted|p2a: Clefable|1\n|-damage|p2a: Clefable|52/100\n|move|p2a: Clefable|Moonblast|p1a: Goodra\n|-damage|p1a: Goodra|30/100 brn\n|\n|-heal|p1a: Goodra|36/100 brn|[from] item: Leftovers\n|-damage|p1a: Goodra|30/100 brn|[from] brn\n|upkeep\n|turn|15\n|\n|t:|1776023617\n|move|p2b: Dragapult|Dragon Darts|p1a: Goodra\n|-damage|p1a: Goodra|24/100 brn\n|-anim|p2b: Dragapult|Dragon Darts|p1a: Goodra\n|-damage|p1a: Goodra|19/100 brn\n|move|p1a: Goodra|Life Dew|p1a: Goodra\n|-heal|p1a: Goodra|44/100 brn\n|move|p2a: Clefable|Moonblast|p1a: Goodra\n|-damage|p1a: Goodra|18/100 brn\n|\n|-heal|p1a: Goodra|24/100 brn|[from] item: Leftovers\n|-damage|p1a: Goodra|18/100 brn|[from] brn\n|upkeep\n|turn|16\n|\n|t:|1776023627\n|move|p2b: Dragapult|Dragon Darts|p1a: Goodra\n|-damage|p1a: Goodra|12/100 brn\n|-anim|p2b: Dragapult|Dragon Darts|p1a: Goodra\n|-damage|p1a: Goodra|6/100 brn\n|move|p1a: Goodra|Life Dew|p1a: Goodra\n|-heal|p1a: Goodra|31/100 brn\n|move|p2a: Clefable|Moonblast|p1a: Goodra\n|-damage|p1a: Goodra|8/100 brn\n|\n|-heal|p1a: Goodra|13/100 brn|[from] item: Leftovers\n|-damage|p1a: Goodra|8/100 brn|[from] brn\n|upkeep\n|turn|17\n|\n|t:|1776023634\n|move|p2b: Dragapult|Dragon Darts|p1a: Goodra\n|-damage|p1a: Goodra|2/100 brn\n|-anim|p2b: Dragapult|Dragon Darts|p1a: Goodra\n|-damage|p1a: Goodra|0 fnt\n|faint|p1a: Goodra\n|\n|win|brickforbrains\n|raw|DarkSSJay's rating: 1042 &rarr; <strong>1026</strong><br />(-16 for losing)\n|raw|brickforbrains's rating: 1045 &rarr; <strong>1078</strong><br />(+33 for winning)\n|c|\u2606brickforbrains|gg\n|l|\u2606DarkSSJay\n|player|p1|\n",
  "uploadtime": 1776023641,
  "views": 12,
  "formatid": "gen9championsvgc2026regma",
  "rating": 1026,
  "private": 0,
  "password": null
}