{
  "id": "gen9championsvgc2026regma-2582967922",
  "format": "[Gen 9 Champions] VGC 2026 Reg M-A",
  "players": [
    "69ingIncineroar",
    "superboy245"
  ],
  "log": "|j|\u260669ingIncineroar\n|j|\u2606superboy245\n|t:|1776129313\n|gametype|doubles\n|player|p1|69ingIncineroar|266|1150\n|player|p2|superboy245|buck|1211\n|gen|9\n|tier|[Gen 9 Champions] VGC 2026 Reg M-A\n|rated|\n|rule|Species Clause: Limit one of each Pok\u00e9mon\n|rule|Item Clause: Limit 1 of each item\n|clearpoke\n|poke|p1|Sneasler, L50, M|\n|poke|p1|Kingambit, L50, M|\n|poke|p1|Garchomp, L50, F|\n|poke|p1|Basculegion, L50, M|\n|poke|p1|Delphox, L50, M|\n|poke|p1|Aerodactyl, L50, M|\n|poke|p2|Greninja-*, L50, M|\n|poke|p2|Politoed, L50, M|\n|poke|p2|Basculegion, L50, M|\n|poke|p2|Lucario, L50, M|\n|poke|p2|Sinistcha, L50|\n|poke|p2|Toxicroak, L50, M|\n|teampreview|4\n|inactive|Battle timer is ON: inactive players will automatically lose when time's up. (requested by 69ingIncineroar)\nsuperboy245 rejected open team sheets.\n|inactive|69ingIncineroar has 60 seconds left.\n|inactive|superboy245 has 60 seconds left.\n|\n|t:|1776129361\n|teamsize|p1|4\n|teamsize|p2|4\n|start\n|switch|p1a: Delphox|Delphox, L50, M, shiny|100/100\n|switch|p1b: Basculegion|Basculegion, L50, M|100/100\n|switch|p2a: Greninja|Greninja, L50, M|100/100\n|switch|p2b: Basculegion|Basculegion, L50, M|100/100\n|turn|1\n|\n|t:|1776129386\n|move|p2a: Greninja|Protect|p2a: Greninja\n|-start|p2a: Greninja|typechange|Normal|[from] ability: Protean\n|-singleturn|p2a: Greninja|Protect\n|move|p1a: Delphox|Protect|p1a: Delphox\n|-singleturn|p1a: Delphox|Protect\n|move|p1b: Basculegion|Last Respects|p2b: Basculegion\n|-supereffective|p2b: Basculegion|1\n|-damage|p2b: Basculegion|49/100\n|move|p2b: Basculegion|Last Respects|p1b: Basculegion\n|-supereffective|p1b: Basculegion|1\n|-damage|p1b: Basculegion|46/100\n|\n|upkeep\n|turn|2\n|inactive|69ingIncineroar has 30 seconds left.\n|inactive|superboy245 has 30 seconds left.\n|inactive|superboy245 has 20 seconds left.\n|\n|t:|1776129424\n|switch|p2b: Politoed|Politoed, L50, M|100/100\n|-weather|RainDance|[from] ability: Drizzle|[of] p2b: Politoed\n|move|p1b: Basculegion|Last Respects|p2b: Politoed\n|-damage|p2b: Politoed|80/100\n|move|p2a: Greninja|Dark Pulse|p1b: Basculegion\n|-supereffective|p1b: Basculegion|1\n|-damage|p1b: Basculegion|0 fnt\n|faint|p1b: Basculegion\n|move|p1a: Delphox|Encore|p2a: Greninja\n|-start|p2a: Greninja|Encore\n|\n|-weather|RainDance|[upkeep]\n|upkeep\n|\n|t:|1776129438\n|switch|p1b: Sneasler|Sneasler, L50, M|100/100\n|turn|3\n|inactive|69ingIncineroar has 30 seconds left.\n|\n|t:|1776129464\n|switch|p2a: Basculegion|Basculegion, L50, M|49/100\n|detailschange|p1a: Delphox|Delphox-Mega, L50, M, shiny\n|-mega|p1a: Delphox|Delphox|Delphoxite\n|move|p1b: Sneasler|Fake Out|p2a: Basculegion\n|-immune|p2a: Basculegion\n|move|p1a: Delphox|Psyshock|p2a: Basculegion\n|-crit|p2a: Basculegion\n|-damage|p2a: Basculegion|0 fnt\n|faint|p2a: Basculegion\n|move|p2b: Politoed|Weather Ball|p1a: Delphox\n|-supereffective|p1a: Delphox|1\n|-damage|p1a: Delphox|0 fnt\n|faint|p1a: Delphox\n|\n|-weather|RainDance|[upkeep]\n|upkeep\n|\n|t:|1776129479\n|switch|p1a: Garchomp|Garchomp, L50, F|100/100\n|switch|p2a: Greninja|Greninja, L50, M|100/100\n|turn|4\n|\n|t:|1776129493\n|move|p2a: Greninja|Protect|p2a: Greninja\n|-start|p2a: Greninja|typechange|Normal|[from] ability: Protean\n|-singleturn|p2a: Greninja|Protect\n|move|p1b: Sneasler|Protect|p1b: Sneasler\n|-singleturn|p1b: Sneasler|Protect\n|move|p1a: Garchomp|Earthquake|p2a: Greninja|[spread] p2b\n|-activate|p1b: Sneasler|move: Protect\n|-activate|p2a: Greninja|move: Protect\n|-damage|p2b: Politoed|35/100\n|-enditem|p2b: Politoed|Sitrus Berry|[eat]\n|-heal|p2b: Politoed|59/100|[from] item: Sitrus Berry\n|move|p2b: Politoed|Weather Ball|p1b: Sneasler\n|-activate|p1b: Sneasler|move: Protect\n|\n|-weather|RainDance|[upkeep]\n|upkeep\n|turn|5\n|\n|t:|1776129515\n|detailschange|p2a: Greninja|Greninja-Mega, L50, M\n|-mega|p2a: Greninja|Greninja|Greninjite\n|move|p2b: Politoed|Helping Hand|p2a: Greninja\n|-singleturn|p2a: Greninja|Helping Hand|[of] p2b: Politoed\n|move|p2a: Greninja|Surf|p1a: Garchomp|[spread] p2b,p1a,p1b\n|-start|p2a: Greninja|typechange|Water|[from] ability: Protean\n|-resisted|p2b: Politoed|1\n|-damage|p2b: Politoed|34/100\n|-damage|p1a: Garchomp|26/100\n|-damage|p1b: Sneasler|0 fnt\n|faint|p1b: Sneasler\n|move|p1a: Garchomp|Stomping Tantrum|p2b: Politoed\n|-damage|p2b: Politoed|0 fnt\n|faint|p2b: Politoed\n|\n|-weather|RainDance|[upkeep]\n|upkeep\n|-message|69ingIncineroar forfeited.\n|\n|win|superboy245\n|raw|69ingIncineroar's rating: 1150 &rarr; <strong>1129</strong><br />(-21 for losing)\n|raw|superboy245's rating: 1211 &rarr; <strong>1232</strong><br />(+21 for winning)\n|l|\u260669ingIncineroar\n|player|p1|\n",
  "uploadtime": 1776129530,
  "views": 12,
  "formatid": "gen9championsvgc2026regma",
  "rating": 1129,
  "private": 0,
  "password": null
}