{
  "id": "gen9championsvgc2026regma-2582617603",
  "format": "[Gen 9 Champions] VGC 2026 Reg M-A",
  "players": [
    "Realphoenixking",
    "SimMikaze"
  ],
  "log": "|j|\u2606Realphoenixking\n|j|\u2606SimMikaze\n|t:|1776102927\n|gametype|doubles\n|player|p1|Realphoenixking|ghetsis-gen5bw|1343\n|player|p2|SimMikaze|miku-ghost|1414\n|gen|9\n|tier|[Gen 9 Champions] VGC 2026 Reg M-A\n|rated|\n|rule|Species Clause: Limit one of each Pok\u00e9mon\n|rule|Item Clause: Limit 1 of each item\n|clearpoke\n|poke|p1|Drampa, L50, M|\n|poke|p1|Torkoal, L50, M|\n|poke|p1|Farigiraf, L50, M|\n|poke|p1|Incineroar, L50, M|\n|poke|p1|Milotic, L50, F|\n|poke|p1|Venusaur, L50, F|\n|poke|p2|Gardevoir, L50, F|\n|poke|p2|Incineroar, L50, M|\n|poke|p2|Rotom-Wash, L50|\n|poke|p2|Garchomp, L50, F|\n|poke|p2|Excadrill, L50, M|\n|poke|p2|Tyranitar, L50, M|\n|teampreview|4\n|j| CARtu348rjf90\n|j| Junglebolt\n|l| Junglebolt\n|j| number86\n|inactive|Battle timer is ON: inactive players will automatically lose when time's up. (requested by Realphoenixking)\n|\n|t:|1776103025\n|teamsize|p1|4\n|teamsize|p2|4\n|start\n|switch|p1a: Farigiraf|Farigiraf, L50, M|100/100\n|switch|p1b: Milotic|Milotic, L50, F, shiny|100/100\n|switch|p2a: Gardevoir|Gardevoir, L50, F, shiny|100/100\n|switch|p2b: Tyranitar|Tyranitar, L50, M|100/100\n|-weather|Sandstorm|[from] ability: Sand Stream|[of] p2b: Tyranitar\n|-ability|p2a: Gardevoir|Competitive|Trace|[from] ability: Trace|[of] p1b: Milotic\n|turn|1\n|\n|t:|1776103044\n|detailschange|p2a: Gardevoir|Gardevoir-Mega, L50, F, shiny\n|-mega|p2a: Gardevoir|Gardevoir|Gardevoirite\n|move|p2a: Gardevoir|Hyper Voice|p1b: Milotic|[spread] p1a,p1b\n|-damage|p1a: Farigiraf|59/100\n|-damage|p1b: Milotic|70/100\n|move|p2b: Tyranitar|Knock Off|p1a: Farigiraf\n|-supereffective|p1a: Farigiraf|1\n|-enditem|p1a: Farigiraf|Colbur Berry|[eat]\n|-enditem|p1a: Farigiraf|Colbur Berry|[weaken]\n|-damage|p1a: Farigiraf|21/100\n|move|p1b: Milotic|Coil|p1b: Milotic\n|-boost|p1b: Milotic|atk|1\n|-boost|p1b: Milotic|def|1\n|-boost|p1b: Milotic|accuracy|1\n|move|p1a: Farigiraf|Trick Room|p1a: Farigiraf\n|-fieldstart|move: Trick Room|[of] p1a: Farigiraf\n|\n|-weather|Sandstorm|[upkeep]\n|-damage|p1a: Farigiraf|15/100|[from] Sandstorm\n|-damage|p1b: Milotic|64/100|[from] Sandstorm\n|-damage|p2a: Gardevoir|95/100|[from] Sandstorm\n|-heal|p1b: Milotic|70/100|[from] item: Leftovers\n|upkeep\n|turn|2\n|j| oherrodersir\n|inactive|SimMikaze has 30 seconds left.\n|inactive|SimMikaze has 20 seconds left.\n|\n|t:|1776103080\n|move|p1a: Farigiraf|Helping Hand|p1b: Milotic\n|-singleturn|p1b: Milotic|Helping Hand|[of] p1a: Farigiraf\n|move|p1b: Milotic|Muddy Water|p2a: Gardevoir|[spread] p2a,p2b\n|-supereffective|p2b: Tyranitar|1\n|-damage|p2a: Gardevoir|69/100\n|-damage|p2b: Tyranitar|62/100\n|move|p2b: Tyranitar|Knock Off|p1b: Milotic\n|-damage|p1b: Milotic|41/100\n|-enditem|p1b: Milotic|Leftovers|[from] move: Knock Off|[of] p2b: Tyranitar\n|move|p2a: Gardevoir|Trick Room|p2a: Gardevoir\n|-fieldend|move: Trick Room\n|\n|-weather|Sandstorm|[upkeep]\n|-damage|p2a: Gardevoir|63/100|[from] Sandstorm\n|-damage|p1b: Milotic|34/100|[from] Sandstorm\n|-damage|p1a: Farigiraf|9/100|[from] Sandstorm\n|upkeep\n|turn|3\n|j| Bobbertests\n|\n|t:|1776103099\n|move|p1a: Farigiraf|Helping Hand|p1b: Milotic\n|-singleturn|p1b: Milotic|Helping Hand|[of] p1a: Farigiraf\n|move|p2a: Gardevoir|Hyper Voice|p1a: Farigiraf|[spread] p1a,p1b\n|-damage|p1a: Farigiraf|0 fnt\n|-damage|p1b: Milotic|3/100\n|faint|p1a: Farigiraf\n|move|p2b: Tyranitar|Rock Slide|p1b: Milotic\n|-damage|p1b: Milotic|0 fnt\n|faint|p1b: Milotic\n|\n|-weather|Sandstorm|[upkeep]\n|-damage|p2a: Gardevoir|58/100|[from] Sandstorm\n|upkeep\n|\n|t:|1776103105\n|switch|p1b: Drampa|Drampa, L50, M, shiny|100/100\n|switch|p1a: Torkoal|Torkoal, L50, M|100/100\n|-weather|SunnyDay|[from] ability: Drought|[of] p1a: Torkoal\n|turn|4\n|l| CARtu348rjf90\n|inactive|SimMikaze has 30 seconds left.\n|\n|t:|1776103139\n|switch|p2b: Rotom|Rotom-Wash, L50|100/100\n|move|p1b: Drampa|Protect|p1b: Drampa\n|-singleturn|p1b: Drampa|Protect\n|move|p2a: Gardevoir|Hyper Voice|p1a: Torkoal|[spread] p1a\n|-activate|p1b: Drampa|move: Protect\n|-resisted|p1a: Torkoal|1\n|-damage|p1a: Torkoal|70/100\n|move|p1a: Torkoal|Heat Wave|p2b: Rotom|[spread] p2a,p2b\n|-resisted|p2b: Rotom|1\n|-damage|p2a: Gardevoir|11/100\n|-damage|p2b: Rotom|67/100\n|\n|-weather|SunnyDay|[upkeep]\n|upkeep\n|turn|5\n|inactive|SimMikaze has 30 seconds left.\n|\n|t:|1776103168\n|detailschange|p1b: Drampa|Drampa-Mega, L50, M, shiny\n|-mega|p1b: Drampa|Drampa|Drampanite\n|move|p2b: Rotom|Thunderbolt|p1a: Torkoal\n|-damage|p1a: Torkoal|17/100\n|move|p2a: Gardevoir|Hyper Voice|p1b: Drampa|[spread] p1a,p1b\n|-resisted|p1a: Torkoal|1\n|-supereffective|p1b: Drampa|1\n|-damage|p1a: Torkoal|0 fnt\n|-damage|p1b: Drampa|26/100\n|faint|p1a: Torkoal\n|-ability|p1b: Drampa|Berserk|boost\n|-boost|p1b: Drampa|spa|1\n|move|p1b: Drampa|Dragon Pulse|p2b: Rotom\n|-damage|p2b: Rotom|0 fnt\n|faint|p2b: Rotom\n|\n|-weather|SunnyDay|[upkeep]\n|upkeep\n|\n|t:|1776103177\n|switch|p2b: Tyranitar|Tyranitar, L50, M|62/100\n|-weather|Sandstorm|[from] ability: Sand Stream|[of] p2b: Tyranitar\n|turn|6\n|-message|Realphoenixking forfeited.\n|\n|win|SimMikaze\n|raw|Realphoenixking's rating: 1343 &rarr; <strong>1327</strong><br />(-16 for losing)\n|raw|SimMikaze's rating: 1414 &rarr; <strong>1430</strong><br />(+16 for winning)\n|l|\u2606Realphoenixking\n|player|p1|\n",
  "uploadtime": 1776103182,
  "views": 22,
  "formatid": "gen9championsvgc2026regma",
  "rating": 1327,
  "private": 0,
  "password": null
}