{
  "id": "gen9championsvgc2026regma-2581181653",
  "format": "[Gen 9 Champions] VGC 2026 Reg M-A",
  "players": [
    "PokeSanti40",
    "vegemite360"
  ],
  "log": "|j|\u2606PokeSanti40\n|j|\u2606vegemite360\n|t:|1775967956\n|gametype|doubles\n|player|p1|PokeSanti40|1|1043\n|player|p2|vegemite360|bugcatcher-gen4dp|1140\n|gen|9\n|tier|[Gen 9 Champions] VGC 2026 Reg M-A\n|rated|\n|rule|Species Clause: Limit one of each Pok\u00e9mon\n|rule|Item Clause: Limit 1 of each item\n|clearpoke\n|poke|p1|Incineroar, L50, M|\n|poke|p1|Whimsicott, L50, F|\n|poke|p1|Meowscarada, L50, M|\n|poke|p1|Dragapult, L50, F|\n|poke|p1|Charizard, L50, M|\n|poke|p1|Primarina, L50, M|\n|poke|p2|Crabominable, L50, F|\n|poke|p2|Primarina, L50, M|\n|poke|p2|Armarouge, L50, M|\n|poke|p2|Drampa, L50, M|\n|poke|p2|Sinistcha, L50|\n|poke|p2|Incineroar, L50, F|\n|teampreview|4\n|inactive|Battle timer is ON: inactive players will automatically lose when time's up. (requested by vegemite360)\n|inactive|PokeSanti40 has 60 seconds left.\n|inactive|vegemite360 has 60 seconds left.\n|inactive|PokeSanti40 has 30 seconds left.\n|inactive|PokeSanti40 has 20 seconds left.\n|\n|t:|1775968027\n|teamsize|p1|4\n|teamsize|p2|4\n|start\n|switch|p1a: Charizard|Charizard, L50, M|100/100\n|switch|p1b: Incineroar|Incineroar, L50, M|100/100\n|switch|p2a: Armarouge|Armarouge, L50, M|100/100\n|switch|p2b: Primarina|Primarina, L50, M|100/100\n|-ability|p1b: Incineroar|Intimidate|boost\n|-unboost|p2a: Armarouge|atk|1\n|-unboost|p2b: Primarina|atk|1\n|-enditem|p2a: Armarouge|White Herb\n|-clearnegativeboost|p2a: Armarouge|[silent]\n|turn|1\n|inactive|PokeSanti40 has 30 seconds left.\n|inactive|vegemite360 has 30 seconds left.\n|inactive|PokeSanti40 has 20 seconds left.\n|\n|t:|1775968063\n|detailschange|p1a: Charizard|Charizard-Mega-Y, L50, M\n|-mega|p1a: Charizard|Charizard|Charizardite Y\n|-weather|SunnyDay|[from] ability: Drought|[of] p1a: Charizard\n|move|p1b: Incineroar|Fake Out|p2b: Primarina\n|-damage|p2b: Primarina|86/100\n|move|p1a: Charizard|Solar Beam||[still]\n|-prepare|p1a: Charizard|Solar Beam\n|-anim|p1a: Charizard|Solar Beam|p2b: Primarina\n|-supereffective|p2b: Primarina|1\n|-damage|p2b: Primarina|9/100\n|cant|p2b: Primarina|flinch\n|move|p2a: Armarouge|Trick Room|p2a: Armarouge\n|-fieldstart|move: Trick Room|[of] p2a: Armarouge\n|\n|-weather|SunnyDay|[upkeep]\n|upkeep\n|turn|2\n|inactive|PokeSanti40 has 30 seconds left.\n|inactive|vegemite360 has 30 seconds left.\n|inactive|PokeSanti40 has 20 seconds left.\n|inactive|PokeSanti40 has 15 seconds left.\n|\n|t:|1775968105\n|switch|p1b: Primarina|Primarina, L50, M|100/100\n|move|p1a: Charizard|Protect|p1a: Charizard\n|-singleturn|p1a: Charizard|Protect\n|move|p2b: Primarina|Hyper Voice|p1a: Charizard|[spread] p1b\n|-activate|p1a: Charizard|move: Protect\n|-resisted|p1b: Primarina|1\n|-damage|p1b: Primarina|92/100\n|move|p2a: Armarouge|Psyshock|p1a: Charizard\n|-activate|p1a: Charizard|move: Protect\n|\n|-weather|SunnyDay|[upkeep]\n|-heal|p1b: Primarina|98/100|[from] item: Leftovers\n|upkeep\n|turn|3\n|inactive|PokeSanti40 has 30 seconds left.\n|inactive|vegemite360 has 30 seconds left.\n|inactive|PokeSanti40 has 20 seconds left.\n|inactive|vegemite360 has 20 seconds left.\n|inactive|PokeSanti40 has 15 seconds left.\n|inactive|vegemite360 has 15 seconds left.\n|inactive|PokeSanti40 has 10 seconds left.\n|inactive|PokeSanti40 has 5 seconds left.\n|\n|t:|1775968157\n|switch|p1a: Whimsicott|Whimsicott, L50, F|100/100\n|move|p1b: Primarina|Protect|p1b: Primarina\n|-singleturn|p1b: Primarina|Protect\n|move|p2b: Primarina|Moonblast|p1b: Primarina\n|-activate|p1b: Primarina|move: Protect\n|move|p2a: Armarouge|Psyshock|p1b: Primarina\n|-activate|p1b: Primarina|move: Protect\n|\n|-weather|SunnyDay|[upkeep]\n|-heal|p1b: Primarina|100/100|[from] item: Leftovers\n|upkeep\n|turn|4\n|inactive|PokeSanti40 has 30 seconds left.\n|inactive|vegemite360 has 30 seconds left.\n|inactive|PokeSanti40 has 20 seconds left.\n|inactive|PokeSanti40 has 15 seconds left.\n|inactive|vegemite360 has 20 seconds left.\n|inactive|PokeSanti40 has 10 seconds left.\n|\n|t:|1775968202\n|switch|p1b: Incineroar|Incineroar, L50, M|100/100\n|-ability|p1b: Incineroar|Intimidate|boost\n|-unboost|p2a: Armarouge|atk|1\n|-unboost|p2b: Primarina|atk|1\n|switch|p1a: Charizard|Charizard-Mega-Y, L50, M|100/100\n|move|p2b: Primarina|Moonblast|p1b: Incineroar\n|-damage|p1b: Incineroar|56/100\n|move|p2a: Armarouge|Armor Cannon|p1a: Charizard\n|-resisted|p1a: Charizard|1\n|-crit|p1a: Charizard\n|-damage|p1a: Charizard|35/100\n|-unboost|p2a: Armarouge|def|1\n|-unboost|p2a: Armarouge|spd|1\n|\n|-weather|SunnyDay|[upkeep]\n|upkeep\n|turn|5\n|\n|t:|1775968224\n|switch|p2b: Crabominable|Crabominable, L50, F|100/100\n|switch|p2a: Incineroar|Incineroar, L50, F|100/100\n|-ability|p2a: Incineroar|Intimidate|boost\n|-unboost|p1a: Charizard|atk|1\n|-unboost|p1b: Incineroar|atk|1\n|move|p1a: Charizard|Protect|p1a: Charizard\n|-singleturn|p1a: Charizard|Protect\n|move|p1b: Incineroar|Fake Out|p2b: Crabominable\n|-damage|p2b: Crabominable|92/100\n|\n|-weather|none\n|-fieldend|move: Trick Room\n|upkeep\n|turn|6\n|inactive|vegemite360 has 30 seconds left.\n|\n|t:|1775968251\n|switch|p1a: Primarina|Primarina, L50, M|100/100\n|switch|p1b: Whimsicott|Whimsicott, L50, F|100/100\n|switch|p2b: Armarouge|Armarouge, L50, M|100/100\n|move|p2a: Incineroar|Fake Out|p1a: Primarina\n|-damage|p1a: Primarina|88/100\n|\n|-heal|p1a: Primarina|94/100|[from] item: Leftovers\n|upkeep\n|turn|7\n|\n|t:|1775968271\n|move|p2b: Armarouge|Protect|p2b: Armarouge\n|-singleturn|p2b: Armarouge|Protect\n|move|p1b: Whimsicott|Tailwind|p1b: Whimsicott\n|-sidestart|p1: PokeSanti40|move: Tailwind\n|move|p1a: Primarina|Hyper Voice|p2a: Incineroar|[spread] p2a\n|-activate|p2b: Armarouge|move: Protect\n|-supereffective|p2a: Incineroar|1\n|-damage|p2a: Incineroar|47/100\n|-enditem|p2a: Incineroar|Sitrus Berry|[eat]\n|-heal|p2a: Incineroar|72/100|[from] item: Sitrus Berry\n|move|p2a: Incineroar|Parting Shot|p1a: Primarina\n|-unboost|p1a: Primarina|atk|1\n|-unboost|p1a: Primarina|spa|1\n|\n|t:|1775968283\n|switch|p2a: Primarina|Primarina, L50, M|9/100|[from] Parting Shot\n|\n|-heal|p1a: Primarina|99/100|[from] item: Leftovers\n|upkeep\n|turn|8\n|\n|t:|1775968294\n|switch|p2a: Incineroar|Incineroar, L50, F|72/100\n|-ability|p2a: Incineroar|Intimidate|boost\n|-unboost|p1a: Primarina|atk|1\n|-unboost|p1b: Whimsicott|atk|1\n|move|p1b: Whimsicott|Encore|p2b: Armarouge\n|-start|p2b: Armarouge|Encore\n|move|p2b: Armarouge|Protect|p2b: Armarouge\n|-singleturn|p2b: Armarouge|Protect\n|move|p1a: Primarina|Hyper Voice|p2b: Armarouge|[spread] p2a\n|-activate|p2b: Armarouge|move: Protect\n|-supereffective|p2a: Incineroar|1\n|-damage|p2a: Incineroar|33/100\n|\n|-heal|p1a: Primarina|100/100|[from] item: Leftovers\n|upkeep\n|turn|9\n|inactive|PokeSanti40 has 30 seconds left.\n|inactive|vegemite360 has 30 seconds left.\n|inactive|PokeSanti40 has 20 seconds left.\n|inactive|vegemite360 has 20 seconds left.\n|\n|t:|1775968332\n|switch|p2b: Primarina|Primarina, L50, M|9/100\n|move|p2a: Incineroar|Fake Out|p1a: Primarina\n|-damage|p1a: Primarina|88/100\n|move|p1b: Whimsicott|Moonblast|p2b: Primarina\n|-damage|p2b: Primarina|0 fnt\n|faint|p2b: Primarina\n|cant|p1a: Primarina|flinch\n|\n|-heal|p1a: Primarina|94/100|[from] item: Leftovers\n|upkeep\n|\n|t:|1775968334\n|switch|p2b: Armarouge|Armarouge, L50, M|100/100\n|turn|10\n|\n|t:|1775968359\n|move|p1b: Whimsicott|Moonblast|p2b: Armarouge\n|-resisted|p2b: Armarouge|1\n|-damage|p2b: Armarouge|82/100\n|move|p1a: Primarina|Hyper Voice|p2a: Incineroar|[spread] p2a,p2b\n|-supereffective|p2a: Incineroar|1\n|-supereffective|p2b: Armarouge|1\n|-damage|p2a: Incineroar|0 fnt\n|-damage|p2b: Armarouge|42/100\n|faint|p2a: Incineroar\n|move|p2b: Armarouge|Trick Room|p2b: Armarouge\n|-fieldstart|move: Trick Room|[of] p2b: Armarouge\n|\n|-heal|p1a: Primarina|99/100|[from] item: Leftovers\n|-sideend|p1: PokeSanti40|move: Tailwind\n|upkeep\n|\n|t:|1775968365\n|switch|p2a: Crabominable|Crabominable, L50, F|92/100\n|turn|11\n|inactive|vegemite360 has 30 seconds left.\n|\n|t:|1775968397\n|switch|p1b: Incineroar|Incineroar, L50, M|56/100\n|-ability|p1b: Incineroar|Intimidate|boost\n|-fail|p2a: Crabominable|unboost|Attack|[from] ability: Hyper Cutter|[of] p2a: Crabominable\n|-unboost|p2b: Armarouge|atk|1\n|detailschange|p2a: Crabominable|Crabominable-Mega, L50, F\n|-mega|p2a: Crabominable|Crabominable|Crabominite\n|move|p2a: Crabominable|Ice Hammer|p1a: Primarina\n|-resisted|p1a: Primarina|1\n|-damage|p1a: Primarina|58/100\n|-unboost|p2a: Crabominable|spe|1\n|move|p2b: Armarouge|Psyshock|p1a: Primarina\n|-damage|p1a: Primarina|6/100\n|move|p1a: Primarina|Moonblast|p2a: Crabominable\n|-supereffective|p2a: Crabominable|1\n|-damage|p2a: Crabominable|44/100\n|\n|-heal|p1a: Primarina|12/100|[from] item: Leftovers\n|upkeep\n|turn|12\n|inactive|PokeSanti40 has 30 seconds left.\n|inactive|vegemite360 has 30 seconds left.\n|\n|t:|1775968437\n|move|p1a: Primarina|Protect|p1a: Primarina\n|-singleturn|p1a: Primarina|Protect\n|move|p2a: Crabominable|Drain Punch|p1b: Incineroar\n|-supereffective|p1b: Incineroar|1\n|-enditem|p1b: Incineroar|Chople Berry|[eat]\n|-enditem|p1b: Incineroar|Chople Berry|[weaken]\n|-damage|p1b: Incineroar|0 fnt\n|-heal|p2a: Crabominable|72/100|[from] drain|[of] p1b: Incineroar\n|faint|p1b: Incineroar\n|move|p2b: Armarouge|Psyshock|p1a: Primarina\n|-activate|p1a: Primarina|move: Protect\n|\n|-heal|p1a: Primarina|18/100|[from] item: Leftovers\n|upkeep\n|\n|t:|1775968454\n|switch|p1b: Charizard|Charizard-Mega-Y, L50, M|35/100\n|-weather|SunnyDay|[from] ability: Drought|[of] p1b: Charizard\n|turn|13\n|inactive|PokeSanti40 has 30 seconds left.\n|\n|t:|1775968481\n|move|p2a: Crabominable|Drain Punch|p1a: Primarina\n|-resisted|p1a: Primarina|1\n|-damage|p1a: Primarina|0 fnt\n|-heal|p2a: Crabominable|80/100|[from] drain|[of] p1a: Primarina\n|faint|p1a: Primarina\n|move|p2b: Armarouge|Psyshock|p1b: Charizard\n|-damage|p1b: Charizard|0 fnt\n|faint|p1b: Charizard\n|\n|-weather|SunnyDay|[upkeep]\n|upkeep\n|-message|PokeSanti40 forfeited.\n|\n|win|vegemite360\n|raw|PokeSanti40's rating: 1043 &rarr; <strong>1031</strong><br />(-12 for losing)\n|raw|vegemite360's rating: 1140 &rarr; <strong>1158</strong><br />(+18 for winning)\n|l|\u2606PokeSanti40\n|player|p1|\n",
  "uploadtime": 1775968494,
  "views": 14,
  "formatid": "gen9championsvgc2026regma",
  "rating": 1031,
  "private": 0,
  "password": null
}