{
  "id": "gen9championsvgc2026regma-2588289260",
  "format": "[Gen 9 Champions] VGC 2026 Reg M-A",
  "players": [
    "grandaddysenpai",
    "Varicruxz"
  ],
  "log": "|j|\u2606grandaddysenpai\n|j|\u2606Varicruxz\n|t:|1776621311\n|gametype|doubles\n|player|p1|grandaddysenpai|101|1078\n|player|p2|Varicruxz|alder|1000\n|gen|9\n|tier|[Gen 9 Champions] VGC 2026 Reg M-A\n|rated|\n|rule|Species Clause: Limit one of each Pok\u00e9mon\n|rule|Item Clause: Limit 1 of each item\n|clearpoke\n|poke|p1|Archaludon, L50, F, shiny|\n|poke|p1|Pelipper, L50, M|\n|poke|p1|Sneasler, L50, F|\n|poke|p1|Incineroar, L50, F, shiny|\n|poke|p1|Basculegion, L50, M, shiny|\n|poke|p1|Meganium, L50, M|\n|poke|p2|Gengar, L50, F|\n|poke|p2|Aggron, L50, F|\n|poke|p2|Azumarill, L50, M|\n|poke|p2|Incineroar, L50, M|\n|poke|p2|Kommo-o, L50, M|\n|poke|p2|Sinistcha, L50|\n|teampreview|4\ngrandaddysenpai has agreed to open team sheets.\n|\n|t:|1776621366\n|teamsize|p1|4\n|teamsize|p2|4\n|start\n|switch|p1a: Sneasler|Sneasler, L50, F|100/100\n|switch|p1b: Meganium|Meganium, L50, M|100/100\n|switch|p2a: Kommo-o|Kommo-o, L50, M|100/100\n|switch|p2b: Incineroar|Incineroar, L50, M|100/100\n|-ability|p2b: Incineroar|Intimidate|boost\n|-unboost|p1a: Sneasler|atk|1\n|-unboost|p1b: Meganium|atk|1\n|-enditem|p1a: Sneasler|White Herb\n|-clearnegativeboost|p1a: Sneasler|[silent]\n|turn|1\n|\n|t:|1776621392\n|switch|p1b: Pelipper|Pelipper, L50, M|100/100\n|-weather|RainDance|[from] ability: Drizzle|[of] p1b: Pelipper\n|move|p1a: Sneasler|Protect|p1a: Sneasler\n|-singleturn|p1a: Sneasler|Protect\n|move|p2b: Incineroar|Fake Out|p1b: Pelipper\n|-damage|p1b: Pelipper|87/100\n|move|p2a: Kommo-o|Clanging Scales|p1b: Pelipper|[spread] p1b\n|-activate|p1a: Sneasler|move: Protect\n|-damage|p1b: Pelipper|28/100\n|-unboost|p2a: Kommo-o|def|1\n|\n|-weather|RainDance|[upkeep]\n|upkeep\n|turn|2\n|\n|t:|1776621430\n|move|p1b: Pelipper|Protect|p1b: Pelipper\n|-singleturn|p1b: Pelipper|Protect\n|move|p1a: Sneasler|Close Combat|p2a: Kommo-o\n|-damage|p2a: Kommo-o|19/100\n|-unboost|p1a: Sneasler|def|1\n|-unboost|p1a: Sneasler|spd|1\n|move|p2a: Kommo-o|Clanging Scales|p1a: Sneasler|[spread] p1a\n|-activate|p1b: Pelipper|move: Protect\n|-damage|p1a: Sneasler|33/100\n|-unboost|p2a: Kommo-o|def|1\n|move|p2b: Incineroar|Parting Shot|p1a: Sneasler\n|-unboost|p1a: Sneasler|atk|1\n|-unboost|p1a: Sneasler|spa|1\n|\n|t:|1776621446\n|switch|p2b: California Soul|Sinistcha, L50|100/100|[from] Parting Shot\n|-heal|p2a: Kommo-o|44/100|[from] ability: Hospitality|[of] p2b: California Soul\n|\n|-weather|RainDance|[upkeep]\n|-heal|p2a: Kommo-o|49/100|[from] item: Leftovers\n|upkeep\n|turn|3\n|\n|t:|1776621474\n|move|p2b: California Soul|Rage Powder|p2b: California Soul\n|-singleturn|p2b: California Soul|move: Rage Powder\n|move|p1a: Sneasler|Dire Claw|p2b: California Soul\n|-damage|p2b: California Soul|80/100\n|-status|p2b: California Soul|psn\n|move|p2a: Kommo-o|Clanging Scales|p1a: Sneasler|[spread] p1a,p1b\n|-damage|p1a: Sneasler|0 fnt\n|-damage|p1b: Pelipper|0 fnt\n|faint|p1a: Sneasler\n|faint|p1b: Pelipper\n|-unboost|p2a: Kommo-o|def|1\n|\n|-weather|RainDance|[upkeep]\n|-heal|p2a: Kommo-o|55/100|[from] item: Leftovers\n|-damage|p2b: California Soul|68/100 psn|[from] psn\n|upkeep\n|\n|t:|1776621489\n|switch|p1a: Meganium|Meganium, L50, M|100/100\n|switch|p1b: Basculegion|Basculegion, L50, M, shiny|100/100\n|turn|4\n|\n|t:|1776621517\n|switch|p2a: Incineroar|Incineroar, L50, M|100/100\n|-ability|p2a: Incineroar|Intimidate|boost\n|-unboost|p1a: Meganium|atk|1\n|-unboost|p1b: Basculegion|atk|1\n|detailschange|p1a: Meganium|Meganium-Mega, L50, M\n|-mega|p1a: Meganium|Meganium|Meganiumite\n|move|p1a: Meganium|Protect|p1a: Meganium\n|-singleturn|p1a: Meganium|Protect\n|move|p1b: Basculegion|Aqua Jet|p2a: Incineroar\n|-supereffective|p2a: Incineroar|1\n|-damage|p2a: Incineroar|47/100\n|move|p2b: California Soul|Matcha Gotcha|p1a: Meganium|[spread] p1b\n|-activate|p1a: Meganium|move: Protect\n|-supereffective|p1b: Basculegion|1\n|-damage|p1b: Basculegion|48/100\n|-heal|p2b: California Soul|97/100 psn|[from] drain|[of] p1b: Basculegion\n|\n|-weather|RainDance|[upkeep]\n|-damage|p2b: California Soul|84/100 psn|[from] psn\n|upkeep\n|turn|5\n|\n|t:|1776621556\n|move|p2a: Incineroar|Protect|p2a: Incineroar\n|-singleturn|p2a: Incineroar|Protect\n|move|p1b: Basculegion|Aqua Jet|p2a: Incineroar\n|-activate|p2a: Incineroar|move: Protect\n|move|p1a: Meganium|Weather Ball|p2b: California Soul\n|-supereffective|p2b: California Soul|1\n|-enditem|p2b: California Soul|Occa Berry|[eat]\n|-enditem|p2b: California Soul|Occa Berry|[weaken]\n|-damage|p2b: California Soul|25/100 psn\n|move|p2b: California Soul|Matcha Gotcha|p1b: Basculegion|[spread] p1a,p1b\n|-resisted|p1a: Meganium|1\n|-supereffective|p1b: Basculegion|1\n|-damage|p1a: Meganium|90/100\n|-heal|p2b: California Soul|31/100 psn|[from] drain|[of] p1a: Meganium\n|-damage|p1b: Basculegion|0 fnt\n|-heal|p2b: California Soul|57/100 psn|[from] drain|[of] p1b: Basculegion\n|faint|p1b: Basculegion\n|\n|-weather|none\n|-damage|p2b: California Soul|45/100 psn|[from] psn\n|upkeep\n|turn|6\n|\n|t:|1776621589\n|move|p1a: Meganium|Solar Beam||[still]\n|-prepare|p1a: Meganium|Solar Beam\n|-activate|p1a: Meganium|ability: Mega Sol\n|-anim|p1a: Meganium|Solar Beam|p2b: California Soul\n|-resisted|p2b: California Soul|1\n|-damage|p2b: California Soul|12/100 psn\n|move|p2a: Incineroar|Parting Shot|p1a: Meganium\n|-unboost|p1a: Meganium|atk|1\n|-unboost|p1a: Meganium|spa|1\n|-message|grandaddysenpai forfeited.\n|\n|win|Varicruxz\n|raw|grandaddysenpai's rating: 1078 &rarr; <strong>1052</strong><br />(-26 for losing)\n|raw|Varicruxz's rating: 1000 &rarr; <strong>1049</strong><br />(+49 for winning)\n|l|\u2606grandaddysenpai\n|player|p1|\n",
  "uploadtime": 1776621602,
  "views": 23,
  "formatid": "gen9championsvgc2026regma",
  "rating": 1049,
  "private": 0,
  "password": null
}