{
  "id": "gen9championsvgc2026regma-2585435748",
  "format": "[Gen 9 Champions] VGC 2026 Reg M-A",
  "players": [
    "goddeadyt",
    "ernozo"
  ],
  "log": "|j|\u2606goddeadyt\n|j|\u2606ernozo\n|t:|1776347135\n|gametype|doubles\n|player|p1|goddeadyt|ingo|1122\n|player|p2|ernozo|265|1165\n|gen|9\n|tier|[Gen 9 Champions] VGC 2026 Reg M-A\n|rated|\n|rule|Species Clause: Limit one of each Pok\u00e9mon\n|rule|Item Clause: Limit 1 of each item\n|clearpoke\n|poke|p1|Glimmora, L50, F|\n|poke|p1|Talonflame, L50, M|\n|poke|p1|Sneasler, L50, M|\n|poke|p1|Milotic, L50, M|\n|poke|p1|Tyranitar, L50, F|\n|poke|p1|Excadrill, L50, M|\n|poke|p2|Crabominable, L50, F|\n|poke|p2|Orthworm, L50, M|\n|poke|p2|Slowking, L50, M|\n|poke|p2|Aurorus, L50, M|\n|poke|p2|Tsareena, L50, F|\n|poke|p2|Incineroar, L50, F|\n|teampreview|4\n|inactive|Battle timer is ON: inactive players will automatically lose when time's up. (requested by goddeadyt)\n|\n|t:|1776347148\n|teamsize|p1|4\n|teamsize|p2|4\n|start\n|switch|p1a: Tyranitar|Tyranitar, L50, F|100/100\n|switch|p1b: Talonflame|Talonflame, L50, M|100/100\n|switch|p2a: Orthworm|Orthworm, L50, M|100/100\n|switch|p2b: Slowking|Slowking, L50, M|100/100\n|-weather|Sandstorm|[from] ability: Sand Stream|[of] p1a: Tyranitar\n|turn|1\n|\n|t:|1776347160\n|move|p1b: Talonflame|U-turn|p2b: Slowking\n|-supereffective|p2b: Slowking|1\n|-damage|p2b: Slowking|70/100\n|\n|t:|1776347163\n|switch|p1b: Excadrill|Excadrill, L50, M|100/100|[from] U-turn\n|move|p2a: Orthworm|Shed Tail|p2a: Orthworm\n|-start|p2a: Orthworm|Substitute|[from] move: Shed Tail\n|-damage|p2a: Orthworm|50/100\n|-enditem|p2a: Orthworm|Sitrus Berry|[eat]\n|-heal|p2a: Orthworm|75/100|[from] item: Sitrus Berry\n|\n|t:|1776347170\n|switch|p2a: Crabominable|Crabominable, L50, F|100/100|[from] Shed Tail\n|move|p1a: Tyranitar|Low Kick|p2a: Crabominable\n|-supereffective|p2a: Crabominable|1\n|-end|p2a: Crabominable|Substitute\n|move|p2b: Slowking|Trick Room|p2b: Slowking\n|-fieldstart|move: Trick Room|[of] p2b: Slowking\n|\n|-weather|Sandstorm|[upkeep]\n|-damage|p2b: Slowking|64/100|[from] Sandstorm\n|-damage|p2a: Crabominable|95/100|[from] Sandstorm\n|upkeep\n|turn|2\n|\n|t:|1776347186\n|detailschange|p2a: Crabominable|Crabominable-Mega, L50, F\n|-mega|p2a: Crabominable|Crabominable|Crabominite\n|move|p1a: Tyranitar|Protect|p1a: Tyranitar\n|-singleturn|p1a: Tyranitar|Protect\n|move|p2a: Crabominable|Drain Punch|p1a: Tyranitar\n|-activate|p1a: Tyranitar|move: Protect\n|-prepare|p2b: Slowking|Chilly Reception|[premajor]\n|move|p2b: Slowking|Chilly Reception|p2b: Slowking\n|-weather|Snowscape\n|\n|t:|1776347194\n|switch|p2b: Aurorus|Aurorus, L50, M|100/100|[from] Chilly Reception\n|move|p1b: Excadrill|Iron Head|p2a: Crabominable\n|-supereffective|p2a: Crabominable|1\n|-damage|p2a: Crabominable|55/100\n|\n|-weather|Snowscape|[upkeep]\n|upkeep\n|turn|3\n|\n|t:|1776347204\n|switch|p1a: Talonflame|Talonflame, L50, M|100/100\n|move|p1b: Excadrill|Protect|p1b: Excadrill\n|-singleturn|p1b: Excadrill|Protect\n|move|p2a: Crabominable|Drain Punch|p1a: Talonflame\n|-resisted|p1a: Talonflame|1\n|-damage|p1a: Talonflame|55/100\n|-heal|p2a: Crabominable|73/100|[from] drain|[of] p1a: Talonflame\n|move|p2b: Aurorus|Aurora Veil|p2b: Aurorus\n|-sidestart|p2: ernozo|move: Aurora Veil\n|\n|-weather|Snowscape|[upkeep]\n|upkeep\n|turn|4\n|\n|t:|1776347223\n|move|p2a: Crabominable|Drain Punch|p1b: Excadrill\n|-supereffective|p1b: Excadrill|1\n|-damage|p1b: Excadrill|0 fnt\n|-heal|p2a: Crabominable|100/100|[from] drain|[of] p1b: Excadrill\n|faint|p1b: Excadrill\n|move|p2b: Aurorus|Chilling Water|p1a: Talonflame\n|-supereffective|p1a: Talonflame|1\n|-damage|p1a: Talonflame|15/100\n|-unboost|p1a: Talonflame|atk|1\n|move|p1a: Talonflame|Will-O-Wisp|p2a: Crabominable\n|-status|p2a: Crabominable|brn\n|\n|-weather|Snowscape|[upkeep]\n|-damage|p2a: Crabominable|95/100 brn|[from] brn\n|upkeep\n|\n|t:|1776347239\n|switch|p1b: Glimmora|Glimmora, L50, F, shiny|100/100\n|turn|5\n|\n|t:|1776347251\n|detailschange|p1b: Glimmora|Glimmora-Mega, L50, F, shiny\n|-mega|p1b: Glimmora|Glimmora|Glimmoranite\n|move|p1b: Glimmora|Spiky Shield|p1b: Glimmora\n|-singleturn|p1b: Glimmora|move: Protect\n|move|p2a: Crabominable|Drain Punch|p1b: Glimmora\n|-activate|p1b: Glimmora|move: Protect\n|-damage|p2a: Crabominable|82/100 brn|[from] Spiky Shield|[of] p1b: Glimmora\n|move|p2b: Aurorus|Chilling Water|p1b: Glimmora\n|-activate|p1b: Glimmora|move: Protect\n|move|p1a: Talonflame|Brave Bird|p2a: Crabominable\n|-supereffective|p2a: Crabominable|1\n|-damage|p2a: Crabominable|60/100 brn\n|-damage|p1a: Talonflame|6/100|[from] Recoil\n|\n|-weather|Snowscape|[upkeep]\n|-damage|p2a: Crabominable|54/100 brn|[from] brn\n|-fieldend|move: Trick Room\n|upkeep\n|turn|6\n|inactive|goddeadyt has 30 seconds left.\n|inactive|goddeadyt has 20 seconds left.\n|\n|t:|1776347288\n|switch|p2a: Slowking|Slowking, L50, M|97/100\n|move|p1a: Talonflame|Tailwind|p1a: Talonflame\n|-sidestart|p1: goddeadyt|move: Tailwind\n|move|p1b: Glimmora|Sludge Wave|p2b: Aurorus|[spread] p1a,p2a,p2b\n|-resisted|p2b: Aurorus|1\n|-damage|p1a: Talonflame|0 fnt\n|-damage|p2a: Slowking|71/100\n|-damage|p2b: Aurorus|88/100\n|faint|p1a: Talonflame\n|move|p2b: Aurorus|Blizzard|p1b: Glimmora\n|-damage|p1b: Glimmora|45/100\n|-status|p1b: Glimmora|frz\n|\n|-weather|none\n|upkeep\n|\n|t:|1776347304\n|switch|p1a: Tyranitar|Tyranitar, L50, F|100/100\n|-weather|Sandstorm|[from] ability: Sand Stream|[of] p1a: Tyranitar\n|turn|7\n|\n|t:|1776347316\n|cant|p1b: Glimmora|frz\n|move|p1a: Tyranitar|Knock Off|p2a: Slowking\n|-supereffective|p2a: Slowking|1\n|-enditem|p2a: Slowking|Colbur Berry|[eat]\n|-enditem|p2a: Slowking|Colbur Berry|[weaken]\n|-damage|p2a: Slowking|39/100\n|move|p2b: Aurorus|Chilling Water|p1a: Tyranitar\n|-supereffective|p1a: Tyranitar|1\n|-damage|p1a: Tyranitar|86/100\n|-unboost|p1a: Tyranitar|atk|1\n|move|p2a: Slowking|Trick Room|p2a: Slowking\n|-fieldstart|move: Trick Room|[of] p2a: Slowking\n|\n|-weather|Sandstorm|[upkeep]\n|-damage|p2a: Slowking|33/100|[from] Sandstorm\n|-sideend|p2: ernozo|move: Aurora Veil\n|upkeep\n|turn|8\n|\n|t:|1776347333\n|-prepare|p2a: Slowking|Chilly Reception|[premajor]\n|move|p2a: Slowking|Chilly Reception|p2a: Slowking\n|-weather|Snowscape\n|\n|t:|1776347337\n|switch|p2a: Crabominable|Crabominable-Mega, L50, F|54/100 brn|[from] Chilly Reception\n|move|p2b: Aurorus|Aurora Veil|p2b: Aurorus\n|-sidestart|p2: ernozo|move: Aurora Veil\n|move|p1a: Tyranitar|Knock Off|p2a: Crabominable\n|-resisted|p2a: Crabominable|1\n|-damage|p2a: Crabominable|50/100 brn\n|cant|p1b: Glimmora|frz\n|\n|-weather|Snowscape|[upkeep]\n|-damage|p2a: Crabominable|45/100 brn|[from] brn\n|upkeep\n|turn|9\n|\n|t:|1776347348\n|move|p1a: Tyranitar|Protect|p1a: Tyranitar\n|-singleturn|p1a: Tyranitar|Protect\n|move|p2a: Crabominable|Drain Punch|p1b: Glimmora\n|-damage|p1b: Glimmora|14/100 frz\n|-heal|p2a: Crabominable|57/100 brn|[from] drain|[of] p1b: Glimmora\n|move|p2b: Aurorus|Blizzard|p1a: Tyranitar|[spread] p1b\n|-activate|p1a: Tyranitar|move: Protect\n|-damage|p1b: Glimmora|0 fnt\n|faint|p1b: Glimmora\n|\n|-weather|Snowscape|[upkeep]\n|-damage|p2a: Crabominable|51/100 brn|[from] brn\n|-sideend|p1: goddeadyt|move: Tailwind\n|upkeep\n|turn|10\n|\n|t:|1776347362\n|move|p2a: Crabominable|Drain Punch|p1a: Tyranitar\n|-supereffective|p1a: Tyranitar|2\n|-damage|p1a: Tyranitar|0 fnt\n|-heal|p2a: Crabominable|95/100 brn|[from] drain|[of] p1a: Tyranitar\n|faint|p1a: Tyranitar\n|\n|win|ernozo\n|raw|goddeadyt's rating: 1122 &rarr; <strong>1100</strong><br />(-22 for losing)\n|raw|ernozo's rating: 1165 &rarr; <strong>1187</strong><br />(+22 for winning)\n|l|\u2606goddeadyt\n|player|p1|\n",
  "uploadtime": 1776347388,
  "views": 22,
  "formatid": "gen9championsvgc2026regma",
  "rating": 1100,
  "private": 0,
  "password": null
}