{
  "id": "gen9championsvgc2026regma-2586859336",
  "format": "[Gen 9 Champions] VGC 2026 Reg M-A",
  "players": [
    "PlsImVirgin",
    "truthwatcher2"
  ],
  "log": "|j|\u2606PlsImVirgin\n|j|\u2606truthwatcher2\n|t:|1776466034\n|gametype|doubles\n|player|p1|PlsImVirgin|clerkf|1148\n|player|p2|truthwatcher2|roxie-masters|1187\n|gen|9\n|tier|[Gen 9 Champions] VGC 2026 Reg M-A\n|rated|\n|rule|Species Clause: Limit one of each Pok\u00e9mon\n|rule|Item Clause: Limit 1 of each item\n|clearpoke\n|poke|p1|Torkoal, L50, M|\n|poke|p1|Charizard, L50, F|\n|poke|p1|Garchomp, L50, F|\n|poke|p1|Basculegion, L50, M|\n|poke|p1|Arcanine-Hisui, L50, M|\n|poke|p1|Sneasler, L50, M|\n|poke|p2|Froslass, L50, F|\n|poke|p2|Milotic, L50, M|\n|poke|p2|Sneasler, L50, F|\n|poke|p2|Pelipper, L50, M|\n|poke|p2|Meganium, L50, M|\n|poke|p2|Farigiraf, L50, F|\n|teampreview|4\nPlsImVirgin has agreed to open team sheets.\n|\n|t:|1776466116\n|teamsize|p1|4\n|teamsize|p2|4\n|start\n|switch|p1a: Charizard|Charizard, L50, F|100/100\n|switch|p1b: Basculegion|Basculegion, L50, M|100/100\n|switch|p2a: Milotic|Milotic, L50, M|100/100\n|switch|p2b: Sneasler|Sneasler, L50, F|100/100\n|turn|1\n|\n|t:|1776466147\n|move|p1a: Charizard|Protect|p1a: Charizard\n|-singleturn|p1a: Charizard|Protect\n|move|p2b: Sneasler|Fake Out|p1a: Charizard\n|-activate|p1a: Charizard|move: Protect\n|move|p1b: Basculegion|Flip Turn|p2b: Sneasler\n|-damage|p2b: Sneasler|30/100\n|\n|t:|1776466158\n|switch|p1b: Torkoal|Torkoal, L50, M|100/100|[from] Flip Turn\n|-weather|SunnyDay|[from] ability: Drought|[of] p1b: Torkoal\n|move|p2a: Milotic|Scald|p1a: Charizard\n|-activate|p1a: Charizard|move: Protect\n|\n|-weather|SunnyDay|[upkeep]\n|-damage|p1a: Charizard|88/100|[from] ability: Solar Power|[of] p1a: Charizard\n|upkeep\n|turn|2\n|\n|t:|1776466196\n|switch|p1a: Basculegion|Basculegion, L50, M|100/100\n|move|p2b: Sneasler|Dire Claw|p1b: Torkoal\n|-damage|p1b: Torkoal|67/100\n|move|p2a: Milotic|Scald|p1a: Basculegion\n|-resisted|p1a: Basculegion|1\n|-damage|p1a: Basculegion|93/100\n|move|p1b: Torkoal|Yawn|p2a: Milotic\n|-start|p2a: Milotic|move: Yawn|[of] p1b: Torkoal\n|\n|-weather|SunnyDay|[upkeep]\n|-heal|p1b: Torkoal|74/100|[from] item: Leftovers\n|upkeep\n|turn|3\n|\n|t:|1776466244\n|switch|p1a: Sneasler|Sneasler, L50, M|100/100\n|-ability|p1a: Sneasler|Pressure\n|switch|p2a: Farigiraf|Farigiraf, L50, F|100/100\n|move|p2b: Sneasler|Protect|p2b: Sneasler\n|-singleturn|p2b: Sneasler|Protect\n|move|p1b: Torkoal|Eruption|p2a: Farigiraf|[spread] p2a\n|-activate|p2b: Sneasler|move: Protect\n|-damage|p2a: Farigiraf|60/100\n|\n|-weather|SunnyDay|[upkeep]\n|-heal|p1b: Torkoal|80/100|[from] item: Leftovers\n|upkeep\n|turn|4\n|\n|t:|1776466294\n|switch|p1a: Basculegion|Basculegion, L50, M|93/100\n|move|p1b: Torkoal|Protect|p1b: Torkoal\n|-singleturn|p1b: Torkoal|Protect\n|move|p2b: Sneasler|Dire Claw|p1b: Torkoal\n|-activate|p1b: Torkoal|move: Protect\n|move|p2a: Farigiraf|Psychic|p1a: Basculegion\n|-damage|p1a: Basculegion|53/100\n|\n|-weather|SunnyDay|[upkeep]\n|-heal|p1b: Torkoal|86/100|[from] item: Leftovers\n|upkeep\n|turn|5\n|\n|t:|1776466323\n|move|p1b: Torkoal|Helping Hand|p1a: Basculegion\n|-singleturn|p1a: Basculegion|Helping Hand|[of] p1b: Torkoal\n|move|p2b: Sneasler|Protect|p2b: Sneasler\n|-singleturn|p2b: Sneasler|Protect\n|move|p1a: Basculegion|Wave Crash|p2a: Farigiraf\n|-damage|p2a: Farigiraf|14/100\n|-damage|p1a: Basculegion|35/100|[from] Recoil\n|move|p2a: Farigiraf|Psychic|p1b: Torkoal\n|-damage|p1b: Torkoal|40/100\n|-unboost|p1b: Torkoal|spd|1\n|\n|-weather|none\n|-heal|p1b: Torkoal|46/100|[from] item: Leftovers\n|upkeep\n|turn|6\n|\n|t:|1776466352\n|switch|p2a: Milotic|Milotic, L50, M|100/100\n|move|p1b: Torkoal|Protect|p1b: Torkoal\n|-singleturn|p1b: Torkoal|Protect\n|move|p1a: Basculegion|Wave Crash|p2b: Sneasler\n|-damage|p2b: Sneasler|0 fnt\n|faint|p2b: Sneasler\n|-damage|p1a: Basculegion|27/100|[from] Recoil\n|\n|-heal|p1b: Torkoal|52/100|[from] item: Leftovers\n|upkeep\n|\n|t:|1776466376\n|switch|p2b: Froslass|Froslass, L50, F|100/100\n|turn|7\n|\n|t:|1776466393\n|switch|p2b: Farigiraf|Farigiraf, L50, F|14/100\n|move|p1b: Torkoal|Helping Hand|p1a: Basculegion\n|-singleturn|p1a: Basculegion|Helping Hand|[of] p1b: Torkoal\n|move|p1a: Basculegion|Wave Crash|p2b: Farigiraf\n|-damage|p2b: Farigiraf|0 fnt\n|faint|p2b: Farigiraf\n|-damage|p1a: Basculegion|22/100|[from] Recoil\n|move|p2a: Milotic|Scald|p1b: Torkoal\n|-supereffective|p1b: Torkoal|1\n|-damage|p1b: Torkoal|0 fnt\n|faint|p1b: Torkoal\n|\n|upkeep\n|\n|t:|1776466409\n|switch|p2b: Froslass|Froslass, L50, F|100/100\n|switch|p1b: Charizard|Charizard, L50, F|88/100\n|turn|8\n|\n|t:|1776466430\n|switch|p1a: Sneasler|Sneasler, L50, M|100/100\n|-ability|p1a: Sneasler|Pressure\n|detailschange|p1b: Charizard|Charizard-Mega-Y, L50, F\n|-mega|p1b: Charizard|Charizard|Charizardite Y\n|-weather|SunnyDay|[from] ability: Drought|[of] p1b: Charizard\n|move|p2b: Froslass|Protect|p2b: Froslass\n|-singleturn|p2b: Froslass|Protect\n|move|p1b: Charizard|Weather Ball|p2b: Froslass\n|-activate|p2b: Froslass|move: Protect\n|move|p2a: Milotic|Icy Wind|p1b: Charizard|[spread] p1a,p1b\n|-crit|p1a: Sneasler\n|-damage|p1a: Sneasler|82/100\n|-damage|p1b: Charizard|79/100\n|-unboost|p1a: Sneasler|spe|1\n|-unboost|p1b: Charizard|spe|1\n|-enditem|p1a: Sneasler|White Herb\n|-clearnegativeboost|p1a: Sneasler|[silent]\n|\n|-weather|SunnyDay|[upkeep]\n|upkeep\n|turn|9\n|\n|t:|1776466475\n|switch|p1b: Basculegion|Basculegion, L50, M|22/100\n|detailschange|p2b: Froslass|Froslass-Mega, L50, F\n|-mega|p2b: Froslass|Froslass|Froslassite\n|-weather|Snowscape|[from] ability: Snow Warning|[of] p2b: Froslass\n|move|p1a: Sneasler|Fake Out|p2a: Milotic\n|-damage|p2a: Milotic|85/100\n|move|p2b: Froslass|Blizzard|p1a: Sneasler|[spread] p1a,p1b\n|-resisted|p1b: Basculegion|1\n|-damage|p1a: Sneasler|17/100\n|-damage|p1b: Basculegion|0 fnt\n|faint|p1b: Basculegion\n|cant|p2a: Milotic|flinch\n|\n|-weather|Snowscape|[upkeep]\n|-heal|p2a: Milotic|91/100|[from] item: Leftovers\n|upkeep\n|\n|t:|1776466478\n|switch|p1b: Charizard|Charizard-Mega-Y, L50, F|79/100\n|-weather|SunnyDay|[from] ability: Drought|[of] p1b: Charizard\n|turn|10\n|\n|t:|1776466504\n|move|p2b: Froslass|Protect|p2b: Froslass\n|-singleturn|p2b: Froslass|Protect\n|move|p1a: Sneasler|Close Combat|p2a: Milotic\n|-damage|p2a: Milotic|28/100\n|-unboost|p1a: Sneasler|def|1\n|-unboost|p1a: Sneasler|spd|1\n|move|p1b: Charizard|Air Slash|p2a: Milotic\n|-damage|p2a: Milotic|0 fnt\n|faint|p2a: Milotic\n|\n|-weather|SunnyDay|[upkeep]\n|upkeep\n|turn|11\n|c|\u2606PlsImVirgin|Gg\n|\n|t:|1776466533\n|move|p1a: Sneasler|Dire Claw|p2b: Froslass\n|-resisted|p2b: Froslass|1\n|-damage|p2b: Froslass|67/100\n|move|p2b: Froslass|Shadow Ball|p1b: Charizard\n|-damage|p1b: Charizard|31/100\n|move|p1b: Charizard|Weather Ball|p2b: Froslass\n|-supereffective|p2b: Froslass|1\n|-damage|p2b: Froslass|0 fnt\n|faint|p2b: Froslass\n|\n|win|PlsImVirgin\n|raw|PlsImVirgin's rating: 1148 &rarr; <strong>1176</strong><br />(+28 for winning)\n|raw|truthwatcher2's rating: 1187 &rarr; <strong>1159</strong><br />(-28 for losing)\n|c|\u2606truthwatcher2|GG\n|c|\u2606truthwatcher2|Wp\n|c|\u2606PlsImVirgin|Wp\n|l|\u2606truthwatcher2\n|player|p2|\n",
  "uploadtime": 1776466564,
  "views": 30,
  "formatid": "gen9championsvgc2026regma",
  "rating": 1159,
  "private": 0,
  "password": null
}