{
  "id": "gen9championsvgc2026regma-2586697935",
  "format": "[Gen 9 Champions] VGC 2026 Reg M-A",
  "players": [
    "Chef204",
    "skellyosis"
  ],
  "log": "|j|\u2606Chef204\n|j|\u2606skellyosis\n|t:|1776453022\n|gametype|doubles\n|player|p1|Chef204|cynthia-gen4|1219\n|player|p2|skellyosis|169|1139\n|gen|9\n|tier|[Gen 9 Champions] VGC 2026 Reg M-A\n|rated|\n|rule|Species Clause: Limit one of each Pok\u00e9mon\n|rule|Item Clause: Limit 1 of each item\n|clearpoke\n|poke|p1|Delphox, L50, F|\n|poke|p1|Aerodactyl, L50, M|\n|poke|p1|Milotic, L50, F|\n|poke|p1|Aegislash, L50, M|\n|poke|p1|Archaludon, L50, M|\n|poke|p1|Tyranitar, L50, F|\n|poke|p2|Greninja-*, L50, M|\n|poke|p2|Whimsicott, L50, F|\n|poke|p2|Kommo-o, L50, M|\n|poke|p2|Meowscarada, L50, M|\n|poke|p2|Ninetales-Alola, L50, F|\n|poke|p2|Corviknight, L50, M|\n|teampreview|4\n|inactive|Battle timer is ON: inactive players will automatically lose when time's up. (requested by skellyosis)\n|inactive|Chef204 also wants the timer to be on.\n|inactive|skellyosis has 60 seconds left.\n|inactive|skellyosis has 30 seconds left.\n|\n|t:|1776453083\n|teamsize|p1|4\n|teamsize|p2|4\n|start\n|switch|p1a: Not Da Mama|Tyranitar, L50, F|100/100\n|switch|p1b: Aerodactyl|Aerodactyl, L50, M|100/100\n|switch|p2a: Kommo-o|Kommo-o, L50, M|100/100\n|switch|p2b: Greninja|Greninja, L50, M|100/100\n|-ability|p1b: Aerodactyl|Unnerve\n|-weather|Sandstorm|[from] ability: Sand Stream|[of] p1a: Not Da Mama\n|turn|1\n|\n|t:|1776453098\n|detailschange|p2b: Greninja|Greninja-Mega, L50, M\n|-mega|p2b: Greninja|Greninja|Greninjite\n|move|p2b: Greninja|Hydro Pump|p1b: Aerodactyl\n|-start|p2b: Greninja|typechange|Water|[from] ability: Protean\n|-supereffective|p1b: Aerodactyl|1\n|-enditem|p1b: Aerodactyl|Focus Sash\n|-damage|p1b: Aerodactyl|1/100\n|move|p1b: Aerodactyl|Tailwind|p1b: Aerodactyl\n|-sidestart|p1: Chef204|move: Tailwind\n|move|p1a: Not Da Mama|Rock Slide|p2b: Greninja|[spread] p2a,p2b\n|-resisted|p2a: Kommo-o|1\n|-damage|p2a: Kommo-o|86/100\n|-damage|p2b: Greninja|60/100\n|cant|p2a: Kommo-o|flinch\n|\n|-weather|Sandstorm|[upkeep]\n|-damage|p2b: Greninja|54/100|[from] Sandstorm\n|-damage|p2a: Kommo-o|80/100|[from] Sandstorm\n|upkeep\n|turn|2\n|\n|t:|1776453123\n|move|p1b: Aerodactyl|Dual Wingbeat|p2a: Kommo-o\n|-supereffective|p2a: Kommo-o|1\n|-damage|p2a: Kommo-o|48/100\n|-supereffective|p2a: Kommo-o|1\n|-damage|p2a: Kommo-o|16/100\n|-hitcount|p2a: Kommo-o|2\n|move|p2b: Greninja|Hydro Pump|p1a: Not Da Mama|[miss]\n|-miss|p2b: Greninja|p1a: Not Da Mama\n|move|p1a: Not Da Mama|Rock Slide|p2a: Kommo-o|[spread] p2a,p2b\n|-resisted|p2a: Kommo-o|1\n|-damage|p2a: Kommo-o|2/100\n|-damage|p2b: Greninja|12/100\n|move|p2a: Kommo-o|Aura Sphere|p1a: Not Da Mama\n|-supereffective|p1a: Not Da Mama|2\n|-damage|p1a: Not Da Mama|17/100\n|\n|-weather|Sandstorm|[upkeep]\n|-damage|p2b: Greninja|6/100|[from] Sandstorm\n|-damage|p2a: Kommo-o|0 fnt|[from] Sandstorm\n|faint|p2a: Kommo-o\n|upkeep\n|\n|t:|1776453130\n|switch|p2a: Corviknight|Corviknight, L50, M|100/100\n|turn|3\n|\n|t:|1776453147\n|switch|p2b: Ninetales|Ninetales-Alola, L50, F|100/100\n|-weather|Snowscape|[from] ability: Snow Warning|[of] p2b: Ninetales\n|move|p1b: Aerodactyl|Rock Slide|p2a: Corviknight|[spread] \n|-miss|p1b: Aerodactyl|p2a: Corviknight\n|-miss|p1b: Aerodactyl|p2b: Ninetales\n|move|p1a: Not Da Mama|Rock Slide|p2b: Ninetales|[spread] p2a,p2b\n|-supereffective|p2b: Ninetales|1\n|-damage|p2a: Corviknight|81/100\n|-damage|p2b: Ninetales|36/100\n|move|p2a: Corviknight|Iron Defense|p2a: Corviknight\n|-boost|p2a: Corviknight|def|2\n|\n|-weather|Snowscape|[upkeep]\n|-heal|p2a: Corviknight|87/100|[from] item: Leftovers\n|upkeep\n|turn|4\n|\n|t:|1776453166\n|move|p2b: Ninetales|Protect|p2b: Ninetales\n|-singleturn|p2b: Ninetales|Protect\n|move|p1b: Aerodactyl|Rock Slide|p2a: Corviknight|[spread] p2a\n|-activate|p2b: Ninetales|move: Protect\n|-damage|p2a: Corviknight|80/100\n|move|p1a: Not Da Mama|Rock Slide|p2a: Corviknight|[spread] p2a\n|-activate|p2b: Ninetales|move: Protect\n|-damage|p2a: Corviknight|69/100\n|move|p2a: Corviknight|Body Press|p1b: Aerodactyl\n|-damage|p1b: Aerodactyl|0 fnt\n|faint|p1b: Aerodactyl\n|\n|-weather|Snowscape|[upkeep]\n|-heal|p2a: Corviknight|75/100|[from] item: Leftovers\n|-sideend|p1: Chef204|move: Tailwind\n|upkeep\n|\n|t:|1776453169\n|switch|p1b: Delphox|Delphox, L50, F|100/100\n|turn|5\n|\n|t:|1776453188\n|detailschange|p1b: Delphox|Delphox-Mega, L50, F\n|-mega|p1b: Delphox|Delphox|Delphoxite\n|move|p1b: Delphox|Heat Wave|p2a: Corviknight|[spread] p2a,p2b\n|-supereffective|p2a: Corviknight|1\n|-supereffective|p2b: Ninetales|1\n|-damage|p2a: Corviknight|0 fnt\n|-damage|p2b: Ninetales|0 fnt\n|faint|p2a: Corviknight\n|faint|p2b: Ninetales\n|move|p1a: Not Da Mama|Rock Slide|p2: Corviknight|[notarget]\n|-fail|p1a: Not Da Mama\n|\n|-weather|Snowscape|[upkeep]\n|upkeep\n|\n|t:|1776453194\n|switch|p2a: Greninja|Greninja-Mega, L50, M|6/100\n|turn|6\n|\n|t:|1776453203\n|switch|p1a: Archaludon|Archaludon, L50, M|100/100\n|move|p1b: Delphox|Protect|p1b: Delphox\n|-singleturn|p1b: Delphox|Protect\n|move|p2a: Greninja|Hydro Pump|p1b: Delphox\n|-start|p2a: Greninja|typechange|Water|[from] ability: Protean\n|-activate|p1b: Delphox|move: Protect\n|\n|-weather|Snowscape|[upkeep]\n|upkeep\n|turn|7\n|\n|t:|1776453214\n|move|p2a: Greninja|Hydro Pump|p1b: Delphox\n|-supereffective|p1b: Delphox|1\n|-damage|p1b: Delphox|0 fnt\n|faint|p1b: Delphox\n|move|p1a: Archaludon|Thunderbolt|p2a: Greninja\n|-supereffective|p2a: Greninja|1\n|-damage|p2a: Greninja|0 fnt\n|faint|p2a: Greninja\n|\n|win|Chef204\n|raw|Chef204's rating: 1219 &rarr; <strong>1238</strong><br />(+19 for winning)\n|raw|skellyosis's rating: 1139 &rarr; <strong>1120</strong><br />(-19 for losing)\n",
  "uploadtime": 1776453219,
  "views": 46,
  "formatid": "gen9championsvgc2026regma",
  "rating": 1120,
  "private": 0,
  "password": null
}