{
  "id": "gen9championsvgc2026regma-2585274681",
  "format": "[Gen 9 Champions] VGC 2026 Reg M-A",
  "players": [
    "Figarotta Nelson",
    "pmtang"
  ],
  "log": "|j|\u2606Figarotta Nelson\n|j|\u2606pmtang\n|t:|1776332664\n|gametype|doubles\n|player|p1|Figarotta Nelson|266|1134\n|player|p2|pmtang|az|1047\n|gen|9\n|tier|[Gen 9 Champions] VGC 2026 Reg M-A\n|rated|\n|rule|Species Clause: Limit one of each Pok\u00e9mon\n|rule|Item Clause: Limit 1 of each item\n|clearpoke\n|poke|p1|Gardevoir, L50, F|\n|poke|p1|Sinistcha, L50|\n|poke|p1|Dragonite, L50, F|\n|poke|p1|Garchomp, L50, F|\n|poke|p1|Sneasler, L50, M|\n|poke|p1|Corviknight, L50, M|\n|poke|p2|Tyrantrum, L50, M|\n|poke|p2|Sinistcha, L50|\n|poke|p2|Floette-Eternal, L50, F|\n|poke|p2|Talonflame, L50, M|\n|poke|p2|Kangaskhan, L50, F|\n|poke|p2|Feraligatr, L50, F|\n|teampreview|4\n|\n|t:|1776332694\n|teamsize|p1|4\n|teamsize|p2|4\n|start\n|switch|p1a: Sneasler|Sneasler, L50, M|100/100\n|switch|p1b: Dragonite|Dragonite, L50, F|100/100\n|switch|p2a: Talonflame|Talonflame, L50, M|100/100\n|switch|p2b: Feraligatr|Feraligatr, L50, F|100/100\n|turn|1\n|\n|t:|1776332744\n|detailschange|p2b: Feraligatr|Feraligatr-Mega, L50, F\n|-mega|p2b: Feraligatr|Feraligatr|Feraligite\n|move|p1a: Sneasler|Fake Out|p2a: Talonflame\n|-damage|p2a: Talonflame|79/100\n|-status|p2a: Talonflame|psn|[from] ability: Poison Touch|[of] p1a: Sneasler\n|cant|p2a: Talonflame|flinch\n|move|p2b: Feraligatr|Dragon Dance|p2b: Feraligatr\n|-boost|p2b: Feraligatr|atk|1\n|-boost|p2b: Feraligatr|spe|1\n|move|p1b: Dragonite|Tailwind|p1b: Dragonite\n|-sidestart|p1: Figarotta Nelson|move: Tailwind\n|\n|-damage|p2a: Talonflame|66/100 psn|[from] psn\n|upkeep\n|turn|2\n|inactive|Battle timer is ON: inactive players will automatically lose when time's up. (requested by pmtang)\n|\n|t:|1776332773\n|move|p1a: Sneasler|Dire Claw|p2a: Talonflame\n|-damage|p2a: Talonflame|6/100 psn\n|move|p1b: Dragonite|Scale Shot|p2b: Feraligatr\n|-supereffective|p2b: Feraligatr|1\n|-damage|p2b: Feraligatr|70/100\n|-supereffective|p2b: Feraligatr|1\n|-damage|p2b: Feraligatr|40/100\n|-hitcount|p2b: Feraligatr|2\n|-unboost|p1b: Dragonite|def|1\n|-boost|p1b: Dragonite|spe|1\n|move|p2b: Feraligatr|Ice Punch|p1b: Dragonite\n|-supereffective|p1b: Dragonite|2\n|-damage|p1b: Dragonite|0 fnt\n|faint|p1b: Dragonite\n|move|p2a: Talonflame|Tailwind|p2a: Talonflame\n|-sidestart|p2: pmtang|move: Tailwind\n|\n|-damage|p2a: Talonflame|0 fnt|[from] psn\n|faint|p2a: Talonflame\n|upkeep\n|\n|t:|1776332789\n|switch|p2a: Sinistcha|Sinistcha, L50|100/100\n|switch|p1b: Gardevoir|Gardevoir, L50, F|100/100\n|-heal|p2b: Feraligatr|65/100|[from] ability: Hospitality|[of] p2a: Sinistcha\n|turn|3\n|inactive|pmtang has 30 seconds left.\n|\n|t:|1776332817\n|detailschange|p1b: Gardevoir|Gardevoir-Mega, L50, F\n|-mega|p1b: Gardevoir|Gardevoir|Gardevoirite\n|move|p2a: Sinistcha|Rage Powder|p2a: Sinistcha\n|-singleturn|p2a: Sinistcha|move: Rage Powder\n|move|p2b: Feraligatr|Liquidation|p1b: Gardevoir\n|-damage|p1b: Gardevoir|0 fnt\n|faint|p1b: Gardevoir\n|move|p1a: Sneasler|Dire Claw|p2a: Sinistcha\n|-damage|p2a: Sinistcha|64/100\n|\n|upkeep\n|\n|t:|1776332826\n|switch|p1b: Sinistcha|Sinistcha, L50|100/100\n|turn|4\n|\n|t:|1776332838\n|move|p2b: Feraligatr|Double-Edge|p1a: Sneasler\n|-enditem|p1a: Sneasler|Focus Sash\n|-damage|p1a: Sneasler|1/100\n|-damage|p2b: Feraligatr|33/100|[from] Recoil\n|move|p1a: Sneasler|Dire Claw|p2b: Feraligatr\n|-damage|p2b: Feraligatr|0 fnt\n|faint|p2b: Feraligatr\n|move|p2a: Sinistcha|Life Dew|p2a: Sinistcha\n|-heal|p2a: Sinistcha|89/100\n|move|p1b: Sinistcha|Trick Room|p1b: Sinistcha\n|-fieldstart|move: Trick Room|[of] p1b: Sinistcha\n|\n|-sideend|p1: Figarotta Nelson|move: Tailwind\n|upkeep\n|\n|t:|1776332849\n|switch|p2b: Tyrantrum|Tyrantrum, L50, M|100/100\n|turn|5\n|inactive|pmtang has 30 seconds left.\n|\n|t:|1776332876\n|move|p1b: Sinistcha|Rage Powder|p1b: Sinistcha\n|-singleturn|p1b: Sinistcha|move: Rage Powder\n|move|p2a: Sinistcha|Rage Powder|p2a: Sinistcha\n|-singleturn|p2a: Sinistcha|move: Rage Powder\n|move|p1a: Sneasler|Close Combat|p2a: Sinistcha\n|-immune|p2a: Sinistcha\n|move|p2b: Tyrantrum|Dragon Dance|p2b: Tyrantrum\n|-boost|p2b: Tyrantrum|atk|1\n|-boost|p2b: Tyrantrum|spe|1\n|\n|-sideend|p2: pmtang|move: Tailwind\n|upkeep\n|turn|6\n|inactive|Figarotta Nelson has 30 seconds left.\n|\n|t:|1776332910\n|move|p1b: Sinistcha|Rage Powder|p1b: Sinistcha\n|-singleturn|p1b: Sinistcha|move: Rage Powder\n|move|p2a: Sinistcha|Rage Powder|p2a: Sinistcha\n|-singleturn|p2a: Sinistcha|move: Rage Powder\n|move|p2b: Tyrantrum|Earthquake|p1a: Sneasler|[spread] p2a,p1a,p1b\n|-resisted|p2a: Sinistcha|1\n|-supereffective|p1a: Sneasler|1\n|-resisted|p1b: Sinistcha|1\n|-damage|p2a: Sinistcha|70/100\n|-damage|p1a: Sneasler|0 fnt\n|-damage|p1b: Sinistcha|84/100\n|faint|p1a: Sneasler\n|\n|upkeep\n|turn|7\n|inactive|pmtang has 30 seconds left.\n|\n|t:|1776332942\n|move|p1b: Sinistcha|Matcha Gotcha|p2b: Tyrantrum|[spread] p2a,p2b\n|-resisted|p2a: Sinistcha|1\n|-crit|p2b: Tyrantrum\n|-damage|p2a: Sinistcha|47/100\n|-heal|p1b: Sinistcha|95/100|[from] drain|[of] p2a: Sinistcha\n|-damage|p2b: Tyrantrum|19/100\n|-heal|p1b: Sinistcha|100/100|[from] drain|[of] p2b: Tyrantrum\n|-enditem|p2a: Sinistcha|Sitrus Berry|[eat]\n|-heal|p2a: Sinistcha|72/100|[from] item: Sitrus Berry\n|move|p2a: Sinistcha|Matcha Gotcha|p1b: Sinistcha\n|-resisted|p1b: Sinistcha|1\n|-damage|p1b: Sinistcha|69/100\n|-heal|p2a: Sinistcha|88/100|[from] drain|[of] p1b: Sinistcha\n|move|p2b: Tyrantrum|Head Smash|p1b: Sinistcha\n|-damage|p1b: Sinistcha|0 fnt\n|faint|p1b: Sinistcha\n|\n|win|pmtang\n|raw|Figarotta Nelson's rating: 1134 &rarr; <strong>1103</strong><br />(-31 for losing)\n|raw|pmtang's rating: 1047 &rarr; <strong>1088</strong><br />(+41 for winning)\n|l|\u2606Figarotta Nelson\n|player|p1|\n",
  "uploadtime": 1776332967,
  "views": 19,
  "formatid": "gen9championsvgc2026regma",
  "rating": 1088,
  "private": 0,
  "password": null
}