{
  "id": "gen9championsvgc2026regma-2583768738",
  "format": "[Gen 9 Champions] VGC 2026 Reg M-A",
  "players": [
    "yin_lite",
    "aquapikachu812"
  ],
  "log": "|j|\u2606yin_lite\n|j|\u2606aquapikachu812\n|t:|1776196430\n|gametype|doubles\n|player|p1|yin_lite|265|1180\n|player|p2|aquapikachu812|swimmerf|1219\n|gen|9\n|tier|[Gen 9 Champions] VGC 2026 Reg M-A\n|rated|\n|rule|Species Clause: Limit one of each Pok\u00e9mon\n|rule|Item Clause: Limit 1 of each item\n|clearpoke\n|poke|p1|Zoroark-Hisui, L50, M|\n|poke|p1|Incineroar, L50, F|\n|poke|p1|Froslass, L50, F|\n|poke|p1|Goodra-Hisui, L50, F|\n|poke|p1|Sneasler, L50, M|\n|poke|p1|Araquanid, L50, F|\n|poke|p2|Floette-Eternal, L50, F|\n|poke|p2|Kingambit, L50, M|\n|poke|p2|Delphox, L50, F|\n|poke|p2|Incineroar, L50, M|\n|poke|p2|Sneasler, L50, F|\n|poke|p2|Garchomp, L50, F|\n|teampreview|4\n|inactive|Battle timer is ON: inactive players will automatically lose when time's up. (requested by aquapikachu812)\n|\n|t:|1776196480\n|teamsize|p1|4\n|teamsize|p2|4\n|start\n|switch|p1a: Froslass|Froslass, L50, F, shiny|100/100\n|switch|p1b: Goodra|Goodra-Hisui, L50, F, shiny|100/100\n|switch|p2a: Incineroar|Incineroar, L50, M|100/100\n|switch|p2b: Garchomp|Garchomp, L50, F|100/100\n|-ability|p2a: Incineroar|Intimidate|boost\n|-unboost|p1a: Froslass|atk|1\n|-unboost|p1b: Goodra|atk|1\n|turn|1\n|\n|t:|1776196497\n|detailschange|p1a: Froslass|Froslass-Mega, L50, F, shiny\n|-mega|p1a: Froslass|Froslass|Froslassite\n|-weather|Snowscape|[from] ability: Snow Warning|[of] p1a: Froslass\n|move|p2b: Garchomp|Protect|p2b: Garchomp\n|-singleturn|p2b: Garchomp|Protect\n|move|p1b: Goodra|Will-O-Wisp|p2b: Garchomp\n|-activate|p2b: Garchomp|move: Protect\n|move|p1a: Froslass|Aurora Veil|p1a: Froslass\n|-sidestart|p1: yin_lite|move: Aurora Veil\n|move|p2a: Incineroar|Flare Blitz|p1a: Froslass\n|-supereffective|p1a: Froslass|1\n|-damage|p1a: Froslass|46/100\n|-damage|p2a: Incineroar|88/100|[from] Recoil\n|\n|-weather|Snowscape|[upkeep]\n|-heal|p2a: Incineroar|94/100|[from] item: Leftovers\n|upkeep\n|turn|2\n|\n|t:|1776196525\n|move|p1b: Goodra|Will-O-Wisp|p2b: Garchomp\n|-status|p2b: Garchomp|brn\n|move|p2b: Garchomp|Rock Slide|p1a: Froslass|[spread] p1a,p1b\n|-supereffective|p1a: Froslass|1\n|-crit|p1b: Goodra\n|-damage|p1a: Froslass|33/100\n|-damage|p1b: Goodra|75/100\n|replace|p1b: Zoroark|Zoroark-Hisui, L50, M\n|-end|p1b: Zoroark|Illusion\n|move|p1a: Froslass|Blizzard|p2a: Incineroar|[spread] p2a,p2b\n|-resisted|p2a: Incineroar|1\n|-supereffective|p2b: Garchomp|2\n|-damage|p2a: Incineroar|68/100\n|-damage|p2b: Garchomp|0 fnt\n|faint|p2b: Garchomp\n|move|p2a: Incineroar|Flare Blitz|p1a: Froslass\n|-supereffective|p1a: Froslass|1\n|-damage|p1a: Froslass|0 fnt\n|faint|p1a: Froslass\n|-damage|p2a: Incineroar|60/100|[from] Recoil\n|\n|-weather|Snowscape|[upkeep]\n|-heal|p2a: Incineroar|66/100|[from] item: Leftovers\n|upkeep\n|\n|t:|1776196547\n|switch|p2b: Sneasler|Sneasler, L50, F|100/100\n|switch|p1a: Goodra|Goodra-Hisui, L50, F, shiny|100/100\n|turn|3\n|\n|t:|1776196556\n|move|p2b: Sneasler|Fake Out|p1a: Goodra\n|-resisted|p1a: Goodra|1\n|-damage|p1a: Goodra|96/100\n|move|p1b: Zoroark|Will-O-Wisp|p2b: Sneasler|[miss]\n|-miss|p1b: Zoroark|p2b: Sneasler\n|move|p2a: Incineroar|Throat Chop|p1b: Zoroark\n|-supereffective|p1b: Zoroark|1\n|-enditem|p1b: Zoroark|Colbur Berry|[eat]\n|-enditem|p1b: Zoroark|Colbur Berry|[weaken]\n|-damage|p1b: Zoroark|38/100\n|-start|p1b: Zoroark|Throat Chop|[silent]\n|cant|p1a: Goodra|flinch\n|\n|-weather|Snowscape|[upkeep]\n|-heal|p2a: Incineroar|72/100|[from] item: Leftovers\n|-heal|p1a: Goodra|100/100|[from] item: Leftovers\n|upkeep\n|turn|4\n|\n|t:|1776196578\n|move|p2b: Sneasler|Protect|p2b: Sneasler\n|-singleturn|p2b: Sneasler|Protect\n|move|p1b: Zoroark|Protect|p1b: Zoroark\n|-singleturn|p1b: Zoroark|Protect\n|move|p2a: Incineroar|Throat Chop|p1b: Zoroark\n|-activate|p1b: Zoroark|move: Protect\n|move|p1a: Goodra|Shelter|p1a: Goodra\n|-boost|p1a: Goodra|def|2\n|\n|-weather|Snowscape|[upkeep]\n|-heal|p2a: Incineroar|78/100|[from] item: Leftovers\n|-end|p1b: Zoroark|Throat Chop|[silent]\n|upkeep\n|turn|5\n|\n|t:|1776196599\n|switch|p2b: Floette|Floette-Eternal, L50, F, shiny|100/100\n|move|p1b: Zoroark|Will-O-Wisp|p2b: Floette\n|-status|p2b: Floette|brn\n|move|p2a: Incineroar|Throat Chop|p1b: Zoroark\n|-supereffective|p1b: Zoroark|1\n|-damage|p1b: Zoroark|0 fnt\n|faint|p1b: Zoroark\n|move|p1a: Goodra|Shelter|p1a: Goodra\n|-boost|p1a: Goodra|def|2\n|\n|-weather|none\n|-heal|p2a: Incineroar|84/100|[from] item: Leftovers\n|-damage|p2b: Floette|94/100 brn|[from] brn\n|-sideend|p1: yin_lite|move: Aurora Veil\n|upkeep\n|\n|t:|1776196615\n|switch|p1b: Sneasler|Sneasler, L50, M|100/100\n|-ability|p1b: Sneasler|Pressure\n|turn|6\n|\n|t:|1776196631\n|detailschange|p2b: Floette|Floette-Mega, L50, F, shiny\n|-mega|p2b: Floette|Floette|Floettite\n|-ability|p2b: Floette|Fairy Aura\n|move|p1b: Sneasler|Fake Out|p2b: Floette\n|-damage|p2b: Floette|81/100 brn\n|cant|p2b: Floette|flinch\n|move|p2a: Incineroar|Parting Shot|p1b: Sneasler\n|-unboost|p1b: Sneasler|atk|1\n|-unboost|p1b: Sneasler|spa|1\n|\n|t:|1776196639\n|switch|p2a: Sneasler|Sneasler, L50, F|100/100|[from] Parting Shot\n|move|p1a: Goodra|Heavy Slam|p2b: Floette\n|-supereffective|p2b: Floette|1\n|-damage|p2b: Floette|26/100 brn\n|\n|-damage|p2b: Floette|20/100 brn|[from] brn\n|upkeep\n|turn|7\n|\n|t:|1776196660\n|move|p2b: Floette|Protect|p2b: Floette\n|-singleturn|p2b: Floette|Protect\n|move|p1b: Sneasler|Dire Claw|p2b: Floette\n|-activate|p2b: Floette|move: Protect\n|move|p2a: Sneasler|Close Combat|p1a: Goodra\n|-supereffective|p1a: Goodra|1\n|-damage|p1a: Goodra|58/100\n|-unboost|p2a: Sneasler|def|1\n|-unboost|p2a: Sneasler|spd|1\n|-enditem|p2a: Sneasler|White Herb\n|-clearnegativeboost|p2a: Sneasler|[silent]\n|move|p1a: Goodra|Body Press|p2a: Sneasler\n|-resisted|p2a: Sneasler|1\n|-damage|p2a: Sneasler|50/100\n|\n|-heal|p1a: Goodra|64/100|[from] item: Leftovers\n|-damage|p2b: Floette|14/100 brn|[from] brn\n|upkeep\n|turn|8\n|inactive|aquapikachu812 has 30 seconds left.\n|inactive|aquapikachu812 has 20 seconds left.\n|\n|t:|1776196695\n|move|p2a: Sneasler|Close Combat|p1a: Goodra\n|-supereffective|p1a: Goodra|1\n|-damage|p1a: Goodra|22/100\n|-unboost|p2a: Sneasler|def|1\n|-unboost|p2a: Sneasler|spd|1\n|move|p1b: Sneasler|Dire Claw|p2b: Floette\n|-supereffective|p2b: Floette|1\n|-damage|p2b: Floette|0 fnt\n|faint|p2b: Floette\n|move|p1a: Goodra|Life Dew||[still]|[spread] p1a,p1b\n|-heal|p1a: Goodra|47/100\n|-fail|p1b: Sneasler|heal\n|\n|-heal|p1a: Goodra|53/100|[from] item: Leftovers\n|upkeep\n|\n|t:|1776196706\n|switch|p2b: Incineroar|Incineroar, L50, M|84/100\n|-ability|p2b: Incineroar|Intimidate|boost\n|-unboost|p1a: Goodra|atk|1\n|-unboost|p1b: Sneasler|atk|1\n|turn|9\n|\n|t:|1776196721\n|move|p2b: Incineroar|Fake Out|p1b: Sneasler\n|-damage|p1b: Sneasler|84/100\n|move|p2a: Sneasler|Close Combat|p1a: Goodra\n|-supereffective|p1a: Goodra|1\n|-damage|p1a: Goodra|11/100\n|-unboost|p2a: Sneasler|def|1\n|-unboost|p2a: Sneasler|spd|1\n|cant|p1b: Sneasler|flinch\n|move|p1a: Goodra|Body Press|p2b: Incineroar\n|-supereffective|p2b: Incineroar|1\n|-damage|p2b: Incineroar|0 fnt\n|faint|p2b: Incineroar\n|\n|-heal|p1a: Goodra|17/100|[from] item: Leftovers\n|upkeep\n|turn|10\n|inactive|yin_lite has 30 seconds left.\n|\n|t:|1776196746\n|move|p2a: Sneasler|Close Combat|p1b: Sneasler\n|-resisted|p1b: Sneasler|1\n|-damage|p1b: Sneasler|29/100\n|-unboost|p2a: Sneasler|def|1\n|-unboost|p2a: Sneasler|spd|1\n|move|p1b: Sneasler|Dire Claw|p2a: Sneasler\n|-resisted|p2a: Sneasler|1\n|-damage|p2a: Sneasler|1/100\n|move|p1a: Goodra|Life Dew|p1a: Goodra|[spread] p1a,p1b\n|-heal|p1a: Goodra|42/100\n|-heal|p1b: Sneasler|54/100\n|\n|-heal|p1a: Goodra|48/100|[from] item: Leftovers\n|upkeep\n|turn|11\n|-message|aquapikachu812 forfeited.\n|\n|win|yin_lite\n|raw|yin_lite's rating: 1180 &rarr; <strong>1208</strong><br />(+28 for winning)\n|raw|aquapikachu812's rating: 1219 &rarr; <strong>1191</strong><br />(-28 for losing)\n|l|\u2606aquapikachu812\n|player|p2|\n",
  "uploadtime": 1776196760,
  "views": 24,
  "formatid": "gen9championsvgc2026regma",
  "rating": 1191,
  "private": 0,
  "password": null
}