{
  "id": "gen9championsvgc2026regma-2584110230",
  "format": "[Gen 9 Champions] VGC 2026 Reg M-A",
  "players": [
    "tonybravais",
    "lummiiii~"
  ],
  "log": "|j|\u2606tonybravais\n|j|\u2606lummiiii~\n|t:|1776226225\n|gametype|doubles\n|player|p1|tonybravais|byron|1072\n|player|p2|lummiiii~|265|1000\n|gen|9\n|tier|[Gen 9 Champions] VGC 2026 Reg M-A\n|rated|\n|rule|Species Clause: Limit one of each Pok\u00e9mon\n|rule|Item Clause: Limit 1 of each item\n|clearpoke\n|poke|p1|Trevenant, L50, F|\n|poke|p1|Torkoal, L50, F|\n|poke|p1|Slowking-Galar, L50, F|\n|poke|p1|Glaceon, L50, F|\n|poke|p1|Golurk, L50|\n|poke|p1|Empoleon, L50, M|\n|poke|p2|Snorlax, L50, F|\n|poke|p2|Basculegion, L50, M|\n|poke|p2|Pelipper, L50, F|\n|poke|p2|Palafin, L50, F|\n|poke|p2|Dragonite, L50, F|\n|poke|p2|Kingambit, L50, F|\n|teampreview|4\n|inactive|Battle timer is ON: inactive players will automatically lose when time's up. (requested by lummiiii~)\n|\n|t:|1776226272\n|teamsize|p1|4\n|teamsize|p2|4\n|start\n|switch|p1a: Slowking|Slowking-Galar, L50, F|100/100\n|switch|p1b: Torkoal|Torkoal, L50, F|100/100\n|switch|p2a: Dragonite|Dragonite, L50, F, shiny|100/100\n|switch|p2b: Snorlax|Snorlax, L50, F, shiny|100/100\n|-weather|SunnyDay|[from] ability: Drought|[of] p1b: Torkoal\n|turn|1\n|\n|t:|1776226292\n|switch|p2a: Basculegion|Basculegion, L50, M|100/100\n|-ability|p2a: Basculegion|Mold Breaker\n|move|p1b: Torkoal|Protect|p1b: Torkoal\n|-singleturn|p1b: Torkoal|Protect\n|move|p2b: Snorlax|Belly Drum|p2b: Snorlax\n|-damage|p2b: Snorlax|51/100\n|-setboost|p2b: Snorlax|atk|6|[from] move: Belly Drum\n|move|p1a: Slowking|Trick Room|p1a: Slowking\n|-fieldstart|move: Trick Room|[of] p1a: Slowking\n|\n|-weather|SunnyDay|[upkeep]\n|-heal|p2b: Snorlax|57/100|[from] item: Leftovers\n|upkeep\n|turn|2\n|inactive|tonybravais has 30 seconds left.\n|inactive|tonybravais has 20 seconds left.\n|\n|t:|1776226329\n|move|p1b: Torkoal|Eruption|p2b: Snorlax|[spread] p2a,p2b\n|-resisted|p2a: Basculegion|1\n|-damage|p2a: Basculegion|49/100\n|-damage|p2b: Snorlax|28/100\n|-prepare|p1a: Slowking|Chilly Reception|[premajor]\n|move|p1a: Slowking|Chilly Reception|p1a: Slowking\n|-weather|Snowscape\n|\n|t:|1776226336\n|switch|p1a: Glaceon|Glaceon, L50, F|100/100|[from] Chilly Reception\n|move|p2b: Snorlax|Seed Bomb|p1a: Glaceon\n|-damage|p1a: Glaceon|37/100\n|move|p2a: Basculegion|Wave Crash|p1b: Torkoal\n|-supereffective|p1b: Torkoal|1\n|-damage|p1b: Torkoal|21/100\n|-damage|p2a: Basculegion|26/100|[from] Recoil\n|\n|-weather|Snowscape|[upkeep]\n|-heal|p2b: Snorlax|34/100|[from] item: Leftovers\n|upkeep\n|turn|3\n|inactive|tonybravais has 30 seconds left.\n|\n|t:|1776226367\n|move|p1b: Torkoal|Will-O-Wisp|p2a: Basculegion\n|-status|p2a: Basculegion|brn\n|move|p2b: Snorlax|Fire Punch|p1a: Glaceon\n|-supereffective|p1a: Glaceon|1\n|-crit|p1a: Glaceon\n|-damage|p1a: Glaceon|0 fnt\n|faint|p1a: Glaceon\n|move|p2a: Basculegion|Wave Crash|p1b: Torkoal\n|-supereffective|p1b: Torkoal|1\n|-damage|p1b: Torkoal|0 fnt\n|faint|p1b: Torkoal\n|-damage|p2a: Basculegion|19/100 brn|[from] Recoil\n|\n|-weather|Snowscape|[upkeep]\n|-heal|p2b: Snorlax|40/100|[from] item: Leftovers\n|-damage|p2a: Basculegion|13/100 brn|[from] brn\n|upkeep\n|\n|t:|1776226384\n|switch|p1b: Slowking|Slowking-Galar, L50, F|100/100\n|switch|p1a: Golurk|Golurk, L50|100/100\n|turn|4\n|\n|t:|1776226393\n|detailschange|p1a: Golurk|Golurk-Mega, L50\n|-mega|p1a: Golurk|Golurk|Golurkite\n|move|p1a: Golurk|Protect|p1a: Golurk\n|-singleturn|p1a: Golurk|Protect\n|move|p1b: Slowking|Sludge Bomb|p2b: Snorlax\n|-damage|p2b: Snorlax|17/100\n|move|p2b: Snorlax|Seed Bomb|p1a: Golurk\n|-activate|p1a: Golurk|move: Protect\n|move|p2a: Basculegion|Wave Crash|p1b: Slowking\n|-damage|p1b: Slowking|69/100\n|-damage|p2a: Basculegion|3/100 brn|[from] Recoil\n|\n|-weather|Snowscape|[upkeep]\n|-heal|p2b: Snorlax|23/100|[from] item: Leftovers\n|-damage|p2a: Basculegion|0 fnt|[from] brn\n|faint|p2a: Basculegion\n|upkeep\n|\n|t:|1776226417\n|switch|p2a: Dragonite|Dragonite, L50, F, shiny|100/100\n|turn|5\n|c|\u2606tonybravais|Nice Snorlax\n|\n|t:|1776226435\n|detailschange|p2a: Dragonite|Dragonite-Mega, L50, F, shiny\n|-mega|p2a: Dragonite|Dragonite|Dragoninite\n|move|p1b: Slowking|Sludge Bomb|p2b: Snorlax\n|-damage|p2b: Snorlax|0 fnt\n|faint|p2b: Snorlax\n|move|p1a: Golurk|Poltergeist|p2a: Dragonite\n|-activate|p2a: Dragonite|move: Poltergeist|Dragoninite\n|-damage|p2a: Dragonite|68/100\n|move|p2a: Dragonite|Thunder|p1b: Slowking\n|-damage|p1b: Slowking|46/100\n|\n|-weather|Snowscape|[upkeep]\n|-fieldend|move: Trick Room\n|upkeep\n|\n|t:|1776226449\n|switch|p2b: Kingambit|Kingambit, L50, F|100/100\n|turn|6\n|\n|t:|1776226464\n|move|p2a: Dragonite|Extreme Speed|p1b: Slowking\n|-damage|p1b: Slowking|24/100\n|move|p1a: Golurk|Drain Punch|p2b: Kingambit\n|-supereffective|p2b: Kingambit|2\n|-damage|p2b: Kingambit|0 fnt\n|faint|p2b: Kingambit\n|move|p1b: Slowking|Trick Room|p1b: Slowking\n|-fieldstart|move: Trick Room|[of] p1b: Slowking\n|\n|-weather|none\n|upkeep\n|turn|7\n|\n|t:|1776226486\n|move|p2a: Dragonite|Extreme Speed|p1b: Slowking\n|-damage|p1b: Slowking|0 fnt\n|faint|p1b: Slowking\n|move|p1a: Golurk|Poltergeist|p2a: Dragonite\n|-activate|p2a: Dragonite|move: Poltergeist|Dragoninite\n|-damage|p2a: Dragonite|0 fnt\n|faint|p2a: Dragonite\n|\n|win|tonybravais\n|raw|tonybravais's rating: 1072 &rarr; <strong>1095</strong><br />(+23 for winning)\n|raw|lummiiii~'s rating: 1000 &rarr; <strong>1000</strong><br />(+0 for losing)\n",
  "uploadtime": 1776226497,
  "views": 29,
  "formatid": "gen9championsvgc2026regma",
  "rating": 1000,
  "private": 0,
  "password": null
}