{
  "id": "gen9championsvgc2026regma-2585321430",
  "format": "[Gen 9 Champions] VGC 2026 Reg M-A",
  "players": [
    "Specs Guillotine",
    "Jamstiffer"
  ],
  "log": "|j|\u2606Specs Guillotine\n|j|\u2606Jamstiffer\n|t:|1776337574\n|gametype|doubles\n|player|p1|Specs Guillotine|170|\n|player|p2|Jamstiffer|aaron|\n|gen|9\n|tier|[Gen 9 Champions] VGC 2026 Reg M-A\n|rule|Species Clause: Limit one of each Pok\u00e9mon\n|rule|Item Clause: Limit 1 of each item\n|clearpoke\n|poke|p1|Gardevoir, L50, F|\n|poke|p1|Incineroar, L50, F|\n|poke|p1|Aerodactyl, L50, M|\n|poke|p1|Sneasler, L50, F|\n|poke|p1|Garchomp, L50, F|\n|poke|p1|Rotom-Wash, L50|\n|poke|p2|Tyranitar, L50, F|\n|poke|p2|Garchomp, L50, M|\n|poke|p2|Corviknight, L50, M|\n|poke|p2|Sneasler, L50, M|\n|poke|p2|Rotom-Wash, L50|\n|poke|p2|Sinistcha, L50|\n|teampreview|4\n|inactive|Battle timer is ON: inactive players will automatically lose when time's up. (requested by Jamstiffer)\nJamstiffer has agreed to open team sheets.\n|inactive|Specs Guillotine has 60 seconds left.\n|inactive|Jamstiffer has 60 seconds left.\n|\n|t:|1776337632\n|teamsize|p1|4\n|teamsize|p2|4\n|start\n|switch|p1a: Garchomp|Garchomp, L50, F|100/100\n|switch|p1b: Incineroar|Incineroar, L50, F|100/100\n|switch|p2a: Rotom|Rotom-Wash, L50|100/100\n|switch|p2b: Sneasler|Sneasler, L50, M|100/100\n|-ability|p1b: Incineroar|Intimidate|boost\n|-unboost|p2a: Rotom|atk|1\n|-unboost|p2b: Sneasler|atk|1\n|-enditem|p2b: Sneasler|White Herb\n|-clearnegativeboost|p2b: Sneasler|[silent]\n|turn|1\n|inactive|Specs Guillotine has 30 seconds left.\n|\n|t:|1776337662\n|switch|p1b: Rotom|Rotom-Wash, L50|100/100\n|move|p2b: Sneasler|Protect|p2b: Sneasler\n|-singleturn|p2b: Sneasler|Protect\n|move|p1a: Garchomp|Protect|p1a: Garchomp\n|-singleturn|p1a: Garchomp|Protect\n|move|p2a: Rotom|Will-O-Wisp|p1a: Garchomp\n|-activate|p1a: Garchomp|move: Protect\n|\n|upkeep\n|turn|2\n|\n|t:|1776337687\n|switch|p1a: Incineroar|Incineroar, L50, F|100/100\n|-ability|p1a: Incineroar|Intimidate|boost\n|-unboost|p2a: Rotom|atk|1\n|-unboost|p2b: Sneasler|atk|1\n|move|p2b: Sneasler|Close Combat|p1b: Rotom\n|-damage|p1b: Rotom|44/100\n|-unboost|p2b: Sneasler|def|1\n|-unboost|p2b: Sneasler|spd|1\n|move|p1b: Rotom|Will-O-Wisp|p2b: Sneasler\n|-status|p2b: Sneasler|brn\n|move|p2a: Rotom|Volt Switch|p1b: Rotom\n|-damage|p1b: Rotom|2/100\n|\n|t:|1776337699\n|switch|p2a: Tyranitar|Tyranitar, L50, F|100/100|[from] Volt Switch\n|-weather|Sandstorm|[from] ability: Sand Stream|[of] p2a: Tyranitar\n|\n|-weather|Sandstorm|[upkeep]\n|-damage|p2b: Sneasler|95/100 brn|[from] Sandstorm\n|-damage|p1b: Rotom|0 fnt|[from] Sandstorm\n|-damage|p1a: Incineroar|95/100|[from] Sandstorm\n|faint|p1b: Rotom\n|-damage|p2b: Sneasler|89/100 brn|[from] brn\n|upkeep\n|\n|t:|1776337720\n|switch|p1b: Garchomp|Garchomp, L50, F|100/100\n|turn|3\n|\n|t:|1776337737\n|switch|p2b: Rotom|Rotom-Wash, L50|100/100\n|move|p2a: Tyranitar|Protect|p2a: Tyranitar\n|-singleturn|p2a: Tyranitar|Protect\n|move|p1b: Garchomp|Stomping Tantrum|p2a: Tyranitar\n|-activate|p2a: Tyranitar|move: Protect\n|move|p1a: Incineroar|Parting Shot|p2a: Tyranitar\n|-activate|p2a: Tyranitar|move: Protect\n|\n|-weather|Sandstorm|[upkeep]\n|-damage|p2b: Rotom|94/100|[from] Sandstorm\n|-damage|p1a: Incineroar|89/100|[from] Sandstorm\n|upkeep\n|turn|4\n|\n|t:|1776337760\n|move|p1b: Garchomp|Protect|p1b: Garchomp\n|-singleturn|p1b: Garchomp|Protect\n|move|p2b: Rotom|Will-O-Wisp|p1b: Garchomp\n|-activate|p1b: Garchomp|move: Protect\n|move|p2a: Tyranitar|Rock Slide|p1a: Incineroar|[spread] \n|-activate|p1b: Garchomp|move: Protect\n|-miss|p2a: Tyranitar|p1a: Incineroar\n|move|p1a: Incineroar|Parting Shot|p2a: Tyranitar\n|-unboost|p2a: Tyranitar|atk|1\n|-unboost|p2a: Tyranitar|spa|1\n|\n|t:|1776337765\n|switch|p1a: Gardevoir|Gardevoir, L50, F|100/100|[from] Parting Shot\n|-ability|p1a: Gardevoir|Sand Stream|Trace|[from] ability: Trace|[of] p2a: Tyranitar\n|\n|-weather|Sandstorm|[upkeep]\n|-damage|p2b: Rotom|88/100|[from] Sandstorm\n|-damage|p1a: Gardevoir|95/100|[from] Sandstorm\n|upkeep\n|turn|5\n|\n|t:|1776337784\n|switch|p1b: Incineroar|Incineroar, L50, F|89/100\n|-ability|p1b: Incineroar|Intimidate|boost\n|-unboost|p2a: Tyranitar|atk|1\n|-unboost|p2b: Rotom|atk|1\n|switch|p2a: Sneasler|Sneasler, L50, M|89/100 brn\n|detailschange|p1a: Gardevoir|Gardevoir-Mega, L50, F\n|-mega|p1a: Gardevoir|Gardevoir|Gardevoirite\n|move|p2b: Rotom|Hydro Pump|p1b: Incineroar\n|-supereffective|p1b: Incineroar|1\n|-damage|p1b: Incineroar|0 fnt\n|faint|p1b: Incineroar\n|move|p1a: Gardevoir|Hyper Voice|p2b: Rotom|[spread] p2a,p2b\n|-damage|p2a: Sneasler|16/100 brn\n|-damage|p2b: Rotom|30/100\n|-enditem|p2b: Rotom|Sitrus Berry|[eat]\n|-heal|p2b: Rotom|55/100|[from] item: Sitrus Berry\n|\n|-weather|Sandstorm|[upkeep]\n|-damage|p2a: Sneasler|11/100 brn|[from] Sandstorm\n|-damage|p2b: Rotom|48/100|[from] Sandstorm\n|-damage|p1a: Gardevoir|89/100|[from] Sandstorm\n|-damage|p2a: Sneasler|5/100 brn|[from] brn\n|upkeep\n|\n|t:|1776337789\n|switch|p1b: Garchomp|Garchomp, L50, F|100/100\n|turn|6\n|j| SnorlaxPikachu1\n|inactive|Specs Guillotine has 30 seconds left.\n|\n|t:|1776337816\n|switch|p2a: Sinistcha|Sinistcha, L50|100/100\n|-heal|p2b: Rotom|73/100|[from] ability: Hospitality|[of] p2a: Sinistcha\n|move|p1b: Garchomp|Protect|p1b: Garchomp\n|-singleturn|p1b: Garchomp|Protect\n|move|p1a: Gardevoir|Protect|p1a: Gardevoir\n|-singleturn|p1a: Gardevoir|Protect\n|move|p2b: Rotom|Will-O-Wisp|p1b: Garchomp\n|-activate|p1b: Garchomp|move: Protect\n|\n|-weather|none\n|upkeep\n|turn|7\n|inactive|Jamstiffer has 30 seconds left.\n|\n|t:|1776337844\n|move|p1b: Garchomp|Dragon Claw|p2b: Rotom\n|-damage|p2b: Rotom|28/100\n|move|p2b: Rotom|Will-O-Wisp|p1b: Garchomp|[miss]\n|-miss|p2b: Rotom|p1b: Garchomp\n|move|p1a: Gardevoir|Hyper Voice|p2a: Sinistcha|[spread] p2a,p2b\n|-crit|p2a: Sinistcha\n|-damage|p2a: Sinistcha|19/100\n|-damage|p2b: Rotom|0 fnt\n|faint|p2b: Rotom\n|move|p2a: Sinistcha|Matcha Gotcha|p1a: Gardevoir|[spread] p1a,p1b\n|-damage|p1a: Gardevoir|70/100\n|-heal|p2a: Sinistcha|29/100|[from] drain|[of] p1a: Gardevoir\n|-damage|p1b: Garchomp|72/100\n|-heal|p2a: Sinistcha|43/100|[from] drain|[of] p1b: Garchomp\n|\n|upkeep\n|\n|t:|1776337856\n|switch|p2b: Tyranitar|Tyranitar, L50, F|100/100\n|-weather|Sandstorm|[from] ability: Sand Stream|[of] p2b: Tyranitar\n|turn|8\n|inactive|Specs Guillotine has 30 seconds left.\n|inactive|Specs Guillotine has 20 seconds left.\n|\n|t:|1776337895\n|detailschange|p2b: Tyranitar|Tyranitar-Mega, L50, F\n|-mega|p2b: Tyranitar|Tyranitar|Tyranitarite\n|move|p1b: Garchomp|Stomping Tantrum|p2b: Tyranitar\n|-supereffective|p2b: Tyranitar|1\n|-damage|p2b: Tyranitar|41/100\n|move|p2b: Tyranitar|Knock Off|p1a: Gardevoir\n|-damage|p1a: Gardevoir|11/100\n|move|p1a: Gardevoir|Hyper Voice|p2b: Tyranitar|[spread] p2a,p2b\n|-supereffective|p2b: Tyranitar|1\n|-damage|p2a: Sinistcha|0 fnt\n|-damage|p2b: Tyranitar|0 fnt\n|faint|p2a: Sinistcha\n|faint|p2b: Tyranitar\n|\n|-weather|Sandstorm|[upkeep]\n|-damage|p1a: Gardevoir|5/100|[from] Sandstorm\n|upkeep\n|c|\u2606Jamstiffer|Ahh that miss was gamelosing\n|c|\u2606Jamstiffer|+the crit\n|inactive|Jamstiffer has 30 seconds left.\n|c|\u2606Jamstiffer|gg\n|c|\u2606Specs Guillotine|oh sorry gg\n|-message|Jamstiffer forfeited.\n|\n|win|Specs Guillotine\n|l|\u2606Jamstiffer\n|player|p2|\n|l| SnorlaxPikachu1\n",
  "uploadtime": 1776337941,
  "views": 18,
  "formatid": "gen9championsvgc2026regma",
  "rating": null,
  "private": 0,
  "password": null
}