{
  "id": "gen9championsvgc2026regma-2584926847",
  "format": "[Gen 9 Champions] VGC 2026 Reg M-A",
  "players": [
    "Gobloney",
    "tornadotown"
  ],
  "log": "|j|\u2606Gobloney\n|j|\u2606tornadotown\n|t:|1776295228\n|gametype|doubles\n|player|p1|Gobloney|pokemaniac-gen3rs|1062\n|player|p2|tornadotown|101|1041\n|gen|9\n|tier|[Gen 9 Champions] VGC 2026 Reg M-A\n|rated|\n|rule|Species Clause: Limit one of each Pok\u00e9mon\n|rule|Item Clause: Limit 1 of each item\n|clearpoke\n|poke|p1|Tyranitar, L50, F|\n|poke|p1|Garchomp, L50, F|\n|poke|p1|Starmie, L50|\n|poke|p1|Aegislash, L50, M|\n|poke|p1|Aerodactyl, L50, M|\n|poke|p1|Rotom-Heat, L50|\n|poke|p2|Gengar, L50, F|\n|poke|p2|Whimsicott, L50, F|\n|poke|p2|Incineroar, L50, M|\n|poke|p2|Kommo-o, L50, M|\n|poke|p2|Mamoswine, L50, F|\n|poke|p2|Basculegion, L50, M|\n|teampreview|4\n|\n|t:|1776295290\n|teamsize|p1|4\n|teamsize|p2|4\n|start\n|switch|p1a: Mog Champ|Aerodactyl, L50, M, shiny|100/100\n|switch|p1b: Conqueror Starro|Starmie, L50, shiny|100/100\n|switch|p2a: Gengar|Gengar, L50, F|100/100\n|switch|p2b: Basculegion|Basculegion, L50, M|100/100\n|-ability|p1a: Mog Champ|Unnerve\n|turn|1\n|\n|t:|1776295318\n|detailschange|p1b: Conqueror Starro|Starmie-Mega, L50, shiny\n|-mega|p1b: Conqueror Starro|Starmie|Starminite\n|detailschange|p2a: Gengar|Gengar-Mega, L50, F\n|-mega|p2a: Gengar|Gengar|Gengarite\n|move|p1b: Conqueror Starro|Protect|p1b: Conqueror Starro\n|-singleturn|p1b: Conqueror Starro|Protect\n|move|p2b: Basculegion|Flip Turn|p1a: Mog Champ\n|-supereffective|p1a: Mog Champ|1\n|-enditem|p1a: Mog Champ|Focus Sash\n|-damage|p1a: Mog Champ|1/100\n|\n|t:|1776295324\n|switch|p2b: Whimsicott|Whimsicott, L50, F|100/100|[from] Flip Turn\n|move|p1a: Mog Champ|Tailwind|p1a: Mog Champ\n|-sidestart|p1: Gobloney|move: Tailwind\n|move|p2a: Gengar|Shadow Ball|p1a: Mog Champ\n|-damage|p1a: Mog Champ|0 fnt\n|faint|p1a: Mog Champ\n|\n|upkeep\n|\n|t:|1776295343\n|switch|p1a: Shirafugi|Tyranitar, L50, F, shiny|100/100\n|-weather|Sandstorm|[from] ability: Sand Stream|[of] p1a: Shirafugi\n|turn|2\n|\n|t:|1776295363\n|move|p2a: Gengar|Protect|p2a: Gengar\n|-singleturn|p2a: Gengar|Protect\n|move|p2b: Whimsicott|Encore|p1b: Conqueror Starro\n|-start|p1b: Conqueror Starro|Encore\n|move|p1b: Conqueror Starro|Protect||[still]\n|-fail|p1b: Conqueror Starro\n|move|p1a: Shirafugi|Rock Slide|p2b: Whimsicott|[spread] p2b\n|-activate|p2a: Gengar|move: Protect\n|-crit|p2b: Whimsicott\n|-damage|p2b: Whimsicott|50/100\n|\n|-weather|Sandstorm|[upkeep]\n|-damage|p1b: Conqueror Starro|95/100|[from] Sandstorm\n|-damage|p2a: Gengar|95/100|[from] Sandstorm\n|-damage|p2b: Whimsicott|44/100|[from] Sandstorm\n|upkeep\n|turn|3\n|\n|t:|1776295385\n|move|p1b: Conqueror Starro|Protect|p1b: Conqueror Starro\n|-singleturn|p1b: Conqueror Starro|Protect\n|move|p2b: Whimsicott|Tailwind|p2b: Whimsicott\n|-sidestart|p2: tornadotown|move: Tailwind\n|move|p2a: Gengar|Shadow Ball|p1b: Conqueror Starro\n|-activate|p1b: Conqueror Starro|move: Protect\n|move|p1a: Shirafugi|Rock Slide|p2b: Whimsicott|[spread] p2a,p2b\n|-damage|p2a: Gengar|49/100\n|-damage|p2b: Whimsicott|9/100\n|\n|-weather|Sandstorm|[upkeep]\n|-damage|p2a: Gengar|43/100|[from] Sandstorm\n|-damage|p1b: Conqueror Starro|89/100|[from] Sandstorm\n|-damage|p2b: Whimsicott|3/100|[from] Sandstorm\n|upkeep\n|turn|4\n|c|\u2606Gobloney|Double Protect baby, come on\n|\n|t:|1776295419\n|move|p1b: Conqueror Starro|Protect||[still]\n|-fail|p1b: Conqueror Starro\n|move|p2a: Gengar|Disable|p1a: Shirafugi\n|-start|p1a: Shirafugi|Disable|Rock Slide\n|cant|p1a: Shirafugi|Disable|Rock Slide\n|move|p2b: Whimsicott|Moonblast|p1a: Shirafugi\n|-supereffective|p1a: Shirafugi|1\n|-damage|p1a: Shirafugi|63/100\n|\n|-weather|Sandstorm|[upkeep]\n|-damage|p2a: Gengar|37/100|[from] Sandstorm\n|-damage|p1b: Conqueror Starro|83/100|[from] Sandstorm\n|-damage|p2b: Whimsicott|0 fnt|[from] Sandstorm\n|faint|p2b: Whimsicott\n|-end|p1b: Conqueror Starro|Encore\n|-sideend|p1: Gobloney|move: Tailwind\n|upkeep\n|\n|t:|1776295430\n|switch|p2b: Basculegion|Basculegion, L50, M|100/100\n|turn|5\n|c|\u2606Gobloney|This team is fucking NASTY\n|\n|t:|1776295447\n|move|p2b: Basculegion|Wave Crash|p1a: Shirafugi\n|-supereffective|p1a: Shirafugi|1\n|-damage|p1a: Shirafugi|0 fnt\n|faint|p1a: Shirafugi\n|-damage|p2b: Basculegion|82/100|[from] Recoil\n|move|p2a: Gengar|Shadow Ball|p1b: Conqueror Starro\n|-supereffective|p1b: Conqueror Starro|1\n|-damage|p1b: Conqueror Starro|0 fnt\n|faint|p1b: Conqueror Starro\n|\n|-weather|Sandstorm|[upkeep]\n|-damage|p2b: Basculegion|76/100|[from] Sandstorm\n|-damage|p2a: Gengar|31/100|[from] Sandstorm\n|upkeep\n|\n|t:|1776295456\n|switch|p1a: Shirahagi|Garchomp, L50, F, shiny|100/100\n|turn|6\n|\n|t:|1776295476\n|switch|p2b: Incineroar|Incineroar, L50, M|100/100\n|-ability|p2b: Incineroar|Intimidate|boost\n|-unboost|p1a: Shirahagi|atk|1\n|-enditem|p1a: Shirahagi|White Herb\n|-clearnegativeboost|p1a: Shirahagi|[silent]\n|move|p2a: Gengar|Protect|p2a: Gengar\n|-singleturn|p2a: Gengar|Protect\n|move|p1a: Shirahagi|Earthquake|p2b: Incineroar|[spread] p2b\n|-activate|p2a: Gengar|move: Protect\n|-supereffective|p2b: Incineroar|1\n|-damage|p2b: Incineroar|31/100\n|-enditem|p2b: Incineroar|Sitrus Berry|[eat]\n|-heal|p2b: Incineroar|56/100|[from] item: Sitrus Berry\n|\n|-weather|none\n|-sideend|p2: tornadotown|move: Tailwind\n|upkeep\n|turn|7\n|\n|t:|1776295492\n|move|p2b: Incineroar|Fake Out|p1a: Shirahagi\n|-damage|p1a: Shirahagi|88/100\n|move|p2a: Gengar|Shadow Ball|p1a: Shirahagi\n|-crit|p1a: Shirahagi\n|-damage|p1a: Shirahagi|6/100\n|-unboost|p1a: Shirahagi|spd|1\n|cant|p1a: Shirahagi|flinch\n|\n|upkeep\n|turn|8\n|\n|t:|1776295509\n|move|p2a: Gengar|Shadow Ball|p1a: Shirahagi\n|-damage|p1a: Shirahagi|0 fnt\n|faint|p1a: Shirahagi\n|\n|win|tornadotown\n",
  "uploadtime": 1776295432,
  "views": 15,
  "formatid": "gen9championsvgc2026regma",
  "rating": null,
  "private": 0,
  "password": null
}