{
  "id": "gen9championsvgc2026regma-2580678358",
  "format": "[Gen 9 Champions] VGC 2026 Reg M-A",
  "players": [
    "Novicebest",
    "Jfurb28"
  ],
  "log": "|j|\u2606Novicebest\n|j|\u2606Jfurb28\n|t:|1775923593\n|gametype|doubles\n|player|p1|Novicebest|dawn|1112\n|player|p2|Jfurb28|102|1131\n|gen|9\n|tier|[Gen 9 Champions] VGC 2026 Reg M-A\n|rated|\n|rule|Species Clause: Limit one of each Pok\u00e9mon\n|rule|Item Clause: Limit 1 of each item\n|clearpoke\n|poke|p1|Charizard, L50, M|\n|poke|p1|Whimsicott, L50, M|\n|poke|p1|Farigiraf, L50, F|\n|poke|p1|Sneasler, L50, M|\n|poke|p1|Rotom-Wash, L50|\n|poke|p1|Incineroar, L50, M|\n|poke|p2|Torkoal, L50, M|\n|poke|p2|Venusaur, L50, F|\n|poke|p2|Oranguru, L50, F|\n|poke|p2|Golurk, L50|\n|poke|p2|Sneasler, L50, F|\n|poke|p2|Incineroar, L50, F|\n|teampreview|4\n|inactive|Battle timer is ON: inactive players will automatically lose when time's up. (requested by Jfurb28)\nJfurb28 rejected open team sheets.\n|\n|t:|1775923621\n|teamsize|p1|4\n|teamsize|p2|4\n|start\n|switch|p1a: Rotom|Rotom-Wash, L50|100/100\n|switch|p1b: Farigiraf|Farigiraf, L50, F|100/100\n|switch|p2a: Oranguru|Oranguru, L50, F|100/100\n|switch|p2b: Sneasler|Sneasler, L50, F|100/100\n|turn|1\n|\n|t:|1775923646\n|move|p2b: Sneasler|Close Combat|p1a: Rotom\n|-damage|p1a: Rotom|34/100\n|-unboost|p2b: Sneasler|def|1\n|-unboost|p2b: Sneasler|spd|1\n|-enditem|p2b: Sneasler|White Herb\n|-clearnegativeboost|p2b: Sneasler|[silent]\n|move|p1a: Rotom|Nasty Plot|p1a: Rotom\n|-boost|p1a: Rotom|spa|2\n|move|p1b: Farigiraf|Imprison|p1b: Farigiraf\n|-start|p1b: Farigiraf|move: Imprison\n|move|p2a: Oranguru|Instruct|p2b: Sneasler\n|-singleturn|p2b: Sneasler|move: Instruct|[of] p2a: Oranguru\n|move|p2b: Sneasler|Close Combat|p1a: Rotom\n|-damage|p1a: Rotom|0 fnt\n|-unboost|p2b: Sneasler|def|1\n|-unboost|p2b: Sneasler|spd|1\n|faint|p1a: Rotom\n|\n|upkeep\n|\n|t:|1775923667\n|switch|p1a: Incineroar|Incineroar, L50, M|100/100\n|-ability|p1a: Incineroar|Intimidate|boost\n|-fail|p2a: Oranguru|unboost|Attack|[from] ability: Inner Focus|[of] p2a: Oranguru\n|-unboost|p2b: Sneasler|atk|1\n|turn|2\n|\n|t:|1775923687\n|move|p2b: Sneasler|Close Combat|p1a: Incineroar\n|-supereffective|p1a: Incineroar|1\n|-damage|p1a: Incineroar|28/100\n|-unboost|p2b: Sneasler|def|1\n|-unboost|p2b: Sneasler|spd|1\n|-enditem|p1a: Incineroar|Sitrus Berry|[eat]\n|-heal|p1a: Incineroar|53/100|[from] item: Sitrus Berry\n|move|p1a: Incineroar|Throat Chop|p2a: Oranguru\n|-supereffective|p2a: Oranguru|1\n|-damage|p2a: Oranguru|51/100\n|-start|p2a: Oranguru|Throat Chop|[silent]\n|move|p1b: Farigiraf|Psychic|p2b: Sneasler\n|-supereffective|p2b: Sneasler|2\n|-damage|p2b: Sneasler|0 fnt\n|faint|p2b: Sneasler\n|move|p2a: Oranguru|Encore|p1b: Farigiraf\n|-start|p1b: Farigiraf|Encore\n|\n|upkeep\n|\n|t:|1775923695\n|switch|p2b: Golurk|Golurk, L50|100/100\n|turn|3\n|\n|t:|1775923715\n|detailschange|p2b: Golurk|Golurk-Mega, L50\n|-mega|p2b: Golurk|Golurk|Golurkite\n|move|p1a: Incineroar|Throat Chop|p2b: Golurk\n|-supereffective|p2b: Golurk|1\n|-damage|p2b: Golurk|45/100\n|-start|p2b: Golurk|Throat Chop|[silent]\n|move|p1b: Farigiraf|Psychic|p2b: Golurk\n|-damage|p2b: Golurk|9/100\n|move|p2a: Oranguru|Instruct||[still]\n|-fail|p2a: Oranguru\n|move|p2b: Golurk|Headlong Rush|p1b: Farigiraf\n|-damage|p1b: Farigiraf|13/100\n|-unboost|p2b: Golurk|def|1\n|-unboost|p2b: Golurk|spd|1\n|\n|-end|p2a: Oranguru|Throat Chop|[silent]\n|upkeep\n|turn|4\n|\n|t:|1775923734\n|move|p2b: Golurk|Protect|p2b: Golurk\n|-singleturn|p2b: Golurk|Protect\n|move|p1a: Incineroar|Throat Chop|p2a: Oranguru\n|-supereffective|p2a: Oranguru|1\n|-damage|p2a: Oranguru|0 fnt\n|faint|p2a: Oranguru\n|move|p1b: Farigiraf|Psychic|p2b: Golurk\n|-activate|p2b: Golurk|move: Protect\n|\n|-end|p2b: Golurk|Throat Chop|[silent]\n|upkeep\n|\n|t:|1775923750\n|switch|p2a: Torkoal|Torkoal, L50, M|100/100\n|-weather|SunnyDay|[from] ability: Drought|[of] p2a: Torkoal\n|turn|5\n|\n|t:|1775923767\n|move|p1a: Incineroar|Throat Chop|p2b: Golurk\n|-supereffective|p2b: Golurk|1\n|-damage|p2b: Golurk|0 fnt\n|faint|p2b: Golurk\n|move|p1b: Farigiraf|Psychic|p2a: Torkoal\n|-damage|p2a: Torkoal|41/100\n|move|p2a: Torkoal|Eruption|p1b: Farigiraf|[spread] p1a,p1b\n|-resisted|p1a: Incineroar|1\n|-damage|p1a: Incineroar|38/100\n|-damage|p1b: Farigiraf|0 fnt\n|faint|p1b: Farigiraf\n|\n|-weather|SunnyDay|[upkeep]\n|upkeep\n|\n|t:|1775923780\n|switch|p1b: Sneasler|Sneasler, L50, M|100/100\n|turn|6\n|\n|t:|1775923786\n|move|p1b: Sneasler|Fake Out|p2a: Torkoal\n|-damage|p2a: Torkoal|29/100\n|move|p1a: Incineroar|Throat Chop|p2a: Torkoal\n|-damage|p2a: Torkoal|6/100\n|-start|p2a: Torkoal|Throat Chop|[silent]\n|cant|p2a: Torkoal|flinch\n|\n|-weather|SunnyDay|[upkeep]\n|upkeep\n|turn|7\n|-message|Jfurb28 forfeited.\n|\n|win|Novicebest\n|raw|Novicebest's rating: 1112 &rarr; <strong>1138</strong><br />(+26 for winning)\n|raw|Jfurb28's rating: 1131 &rarr; <strong>1105</strong><br />(-26 for losing)\n|l|\u2606Jfurb28\n|player|p2|\n",
  "uploadtime": 1775923802,
  "views": 11,
  "formatid": "gen9championsvgc2026regma",
  "rating": 1105,
  "private": 0,
  "password": null
}