{
  "id": "gen9championsvgc2026regma-2585597122",
  "format": "[Gen 9 Champions] VGC 2026 Reg M-A",
  "players": [
    "hitsumigur",
    "Apbustdown"
  ],
  "log": "|j|\u2606hitsumigur\n|j|\u2606Apbustdown\n|t:|1776357898\n|gametype|doubles\n|player|p1|hitsumigur|101|1201\n|player|p2|Apbustdown|sabrina|1124\n|gen|9\n|tier|[Gen 9 Champions] VGC 2026 Reg M-A\n|rated|\n|rule|Species Clause: Limit one of each Pok\u00e9mon\n|rule|Item Clause: Limit 1 of each item\n|clearpoke\n|poke|p1|Starmie, L50|\n|poke|p1|Farigiraf, L50, F|\n|poke|p1|Clefable, L50, F|\n|poke|p1|Skeledirge, L50, M|\n|poke|p1|Kingambit, L50, M|\n|poke|p1|Meowscarada, L50, F|\n|poke|p2|Floette-Eternal, L50, F|\n|poke|p2|Whimsicott, L50, F|\n|poke|p2|Sneasler, L50, M|\n|poke|p2|Sinistcha, L50|\n|poke|p2|Garchomp, L50, F|\n|poke|p2|Typhlosion-Hisui, L50, M|\n|teampreview|4\n|inactive|Battle timer is ON: inactive players will automatically lose when time's up. (requested by hitsumigur)\n|\n|t:|1776357942\n|teamsize|p1|4\n|teamsize|p2|4\n|start\n|switch|p1a: Kingambit|Kingambit, L50, M|100/100\n|switch|p1b: Meowscarada|Meowscarada, L50, F|100/100\n|switch|p2a: Whimsicott|Whimsicott, L50, F|100/100\n|switch|p2b: Typhlosion|Typhlosion-Hisui, L50, M|100/100\n|-item|p1a: Kingambit|Black Glasses|[from] ability: Frisk|[of] p2b: Typhlosion\n|-item|p1b: Meowscarada|Focus Sash|[from] ability: Frisk|[of] p2b: Typhlosion\n|turn|1\n|inactive|hitsumigur has 30 seconds left.\n|inactive|Apbustdown has 30 seconds left.\n|\n|t:|1776357970\n|switch|p2b: Floette|Floette-Eternal, L50, F|100/100\n|move|p2a: Whimsicott|Tailwind|p2a: Whimsicott\n|-sidestart|p2: Apbustdown|move: Tailwind\n|move|p1b: Meowscarada|Triple Axel|p2a: Whimsicott\n|-start|p1b: Meowscarada|typechange|Ice|[from] ability: Protean\n|-supereffective|p2a: Whimsicott|1\n|-damage|p2a: Whimsicott|79/100\n|-hitcount|p2a: Whimsicott|1\n|move|p1a: Kingambit|Kowtow Cleave|p2b: Floette\n|-resisted|p2b: Floette|1\n|-damage|p2b: Floette|60/100\n|\n|upkeep\n|turn|2\n|\n|t:|1776357993\n|detailschange|p2b: Floette|Floette-Mega, L50, F\n|-mega|p2b: Floette|Floette|Floettite\n|-ability|p2b: Floette|Fairy Aura\n|move|p2a: Whimsicott|Fake Tears|p1b: Meowscarada\n|-unboost|p1b: Meowscarada|spd|2\n|move|p2b: Floette|Dazzling Gleam|p1b: Meowscarada|[spread] p1a,p1b\n|-damage|p1a: Kingambit|61/100\n|-enditem|p1b: Meowscarada|Focus Sash\n|-damage|p1b: Meowscarada|1/100\n|move|p1a: Kingambit|Kowtow Cleave|p2b: Floette\n|-resisted|p2b: Floette|1\n|-damage|p2b: Floette|26/100\n|move|p1b: Meowscarada|Trick Room|p1b: Meowscarada\n|-fieldstart|move: Trick Room|[of] p1b: Meowscarada\n|\n|upkeep\n|turn|3\n|inactive|hitsumigur has 30 seconds left.\n|inactive|Apbustdown has 30 seconds left.\n|\n|t:|1776358025\n|move|p2b: Floette|Protect|p2b: Floette\n|-singleturn|p2b: Floette|Protect\n|move|p1a: Kingambit|Kowtow Cleave|p2b: Floette\n|-activate|p2b: Floette|move: Protect\n|move|p1b: Meowscarada|Acrobatics|p2a: Whimsicott\n|-supereffective|p2a: Whimsicott|1\n|-damage|p2a: Whimsicott|0 fnt\n|faint|p2a: Whimsicott\n|\n|upkeep\n|\n|t:|1776358041\n|switch|p2a: Sneasler|Sneasler, L50, M|100/100\n|turn|4\n|\n|t:|1776358057\n|move|p2a: Sneasler|Fake Out|p1a: Kingambit\n|-resisted|p1a: Kingambit|1\n|-damage|p1a: Kingambit|56/100\n|cant|p1a: Kingambit|flinch\n|move|p1b: Meowscarada|Acrobatics|p2a: Sneasler\n|-supereffective|p2a: Sneasler|1\n|-damage|p2a: Sneasler|0 fnt\n|faint|p2a: Sneasler\n|move|p2b: Floette|Dazzling Gleam|p1b: Meowscarada|[spread] p1a,p1b\n|-damage|p1a: Kingambit|15/100\n|-damage|p1b: Meowscarada|0 fnt\n|faint|p1b: Meowscarada\n|\n|-sideend|p2: Apbustdown|move: Tailwind\n|upkeep\n|\n|t:|1776358073\n|switch|p2a: Typhlosion|Typhlosion-Hisui, L50, M|100/100\n|switch|p1b: Skeledirge|Skeledirge, L50, M|100/100\n|-item|p1a: Kingambit|Black Glasses|[from] ability: Frisk|[of] p2a: Typhlosion\n|-item|p1b: Skeledirge|Sitrus Berry|[from] ability: Frisk|[of] p2a: Typhlosion\n|turn|5\n|\n|t:|1776358084\n|move|p1a: Kingambit|Kowtow Cleave|p2a: Typhlosion\n|-supereffective|p2a: Typhlosion|1\n|-damage|p2a: Typhlosion|0 fnt\n|faint|p2a: Typhlosion\n|move|p1b: Skeledirge|Torch Song|p2b: Floette\n|-damage|p2b: Floette|0 fnt\n|-boost|p1b: Skeledirge|spa|1\n|faint|p2b: Floette\n|\n|win|hitsumigur\n|raw|hitsumigur's rating: 1201 &rarr; <strong>1221</strong><br />(+20 for winning)\n|raw|Apbustdown's rating: 1124 &rarr; <strong>1104</strong><br />(-20 for losing)\n|l|\u2606Apbustdown\n|player|p2|\n",
  "uploadtime": 1776358103,
  "views": 22,
  "formatid": "gen9championsvgc2026regma",
  "rating": 1104,
  "private": 0,
  "password": null
}