{
  "id": "gen9championsvgc2026regma-2582454280",
  "format": "[Gen 9 Champions] VGC 2026 Reg M-A",
  "players": [
    "NVBlackLotus",
    "eduardosquid"
  ],
  "log": "|j|\u2606NVBlackLotus\n|j|\u2606eduardosquid\n|t:|1776092739\n|gametype|doubles\n|player|p1|NVBlackLotus|170|1069\n|player|p2|eduardosquid|volkner|1101\n|gen|9\n|tier|[Gen 9 Champions] VGC 2026 Reg M-A\n|rated|\n|rule|Species Clause: Limit one of each Pok\u00e9mon\n|rule|Item Clause: Limit 1 of each item\n|clearpoke\n|poke|p1|Gengar, L50, F|\n|poke|p1|Whimsicott, L50, M|\n|poke|p1|Kommo-o, L50, M|\n|poke|p1|Incineroar, L50, F|\n|poke|p1|Meganium, L50, M|\n|poke|p1|Basculegion, L50, M|\n|poke|p2|Floette-Eternal, L50, F|\n|poke|p2|Kingambit, L50, F|\n|poke|p2|Dragapult, L50, F|\n|poke|p2|Sneasler, L50, M|\n|poke|p2|Sinistcha, L50|\n|poke|p2|Aerodactyl, L50, F|\n|teampreview|4\n|inactive|Battle timer is ON: inactive players will automatically lose when time's up. (requested by eduardosquid)\n|\n|t:|1776092761\n|teamsize|p1|4\n|teamsize|p2|4\n|start\n|switch|p1a: Meganium|Meganium, L50, M|100/100\n|switch|p1b: Incineroar|Incineroar, L50, F, shiny|100/100\n|switch|p2a: Kingambit|Kingambit, L50, F|100/100\n|switch|p2b: Dragapult|Dragapult, L50, F|100/100\n|-ability|p1b: Incineroar|Intimidate|boost\n|-unboost|p2a: Kingambit|atk|1\n|-ability|p2a: Kingambit|Defiant|boost\n|-boost|p2a: Kingambit|atk|2\n|-fail|p2b: Dragapult|unboost|[from] ability: Clear Body|[of] p2b: Dragapult\n|turn|1\n|inactive|NVBlackLotus has 30 seconds left.\n|inactive|NVBlackLotus has 20 seconds left.\n|\n|t:|1776092801\n|detailschange|p1a: Meganium|Meganium-Mega, L50, M\n|-mega|p1a: Meganium|Meganium|Meganiumite\n|move|p2a: Kingambit|Protect|p2a: Kingambit\n|-singleturn|p2a: Kingambit|Protect\n|move|p1b: Incineroar|Fake Out|p2a: Kingambit\n|-activate|p2a: Kingambit|move: Protect\n|move|p2b: Dragapult|U-turn|p1a: Meganium\n|-damage|p1a: Meganium|78/100\n|\n|t:|1776092804\n|switch|p2b: Sneasler|Sneasler, L50, M|100/100|[from] U-turn\n|move|p1a: Meganium|Weather Ball|p2a: Kingambit\n|-activate|p2a: Kingambit|move: Protect\n|\n|upkeep\n|turn|2\n|\n|t:|1776092818\n|switch|p1a: Kommo-o|Kommo-o, L50, M|100/100\n|move|p2b: Sneasler|Close Combat|p1b: Incineroar\n|-supereffective|p1b: Incineroar|1\n|-damage|p1b: Incineroar|0 fnt\n|-unboost|p2b: Sneasler|def|1\n|-unboost|p2b: Sneasler|spd|1\n|faint|p1b: Incineroar\n|-enditem|p2b: Sneasler|White Herb\n|-clearnegativeboost|p2b: Sneasler|[silent]\n|move|p2a: Kingambit|Iron Head|p1a: Kommo-o\n|-damage|p1a: Kommo-o|41/100\n|\n|-heal|p1a: Kommo-o|47/100|[from] item: Leftovers\n|upkeep\n|\n|t:|1776092828\n|switch|p1b: Whimsicott|Whimsicott, L50, M|100/100\n|turn|3\n|\n|t:|1776092839\n|move|p1a: Kommo-o|Protect|p1a: Kommo-o\n|-singleturn|p1a: Kommo-o|Protect\n|move|p1b: Whimsicott|Tailwind|p1b: Whimsicott\n|-sidestart|p1: NVBlackLotus|move: Tailwind\n|move|p2b: Sneasler|Dire Claw|p1a: Kommo-o\n|-activate|p1a: Kommo-o|move: Protect\n|move|p2a: Kingambit|Iron Head|p1b: Whimsicott\n|-supereffective|p1b: Whimsicott|1\n|-enditem|p1b: Whimsicott|Focus Sash\n|-damage|p1b: Whimsicott|1/100\n|\n|-heal|p1a: Kommo-o|53/100|[from] item: Leftovers\n|upkeep\n|turn|4\n|\n|t:|1776092859\n|move|p2a: Kingambit|Sucker Punch|p1b: Whimsicott\n|-resisted|p1b: Whimsicott|1\n|-damage|p1b: Whimsicott|0 fnt\n|faint|p1b: Whimsicott\n|move|p2b: Sneasler|Dire Claw|p1a: Kommo-o\n|-damage|p1a: Kommo-o|17/100\n|move|p1a: Kommo-o|Body Press|p2a: Kingambit\n|-supereffective|p2a: Kingambit|2\n|-damage|p2a: Kingambit|8/100\n|\n|-heal|p1a: Kommo-o|23/100|[from] item: Leftovers\n|-heal|p2a: Kingambit|14/100|[from] item: Leftovers\n|upkeep\n|\n|t:|1776092868\n|switch|p1b: Meganium|Meganium-Mega, L50, M|78/100\n|turn|5\n|\n|t:|1776092877\n|move|p2a: Kingambit|Sucker Punch|p1a: Kommo-o\n|-resisted|p1a: Kommo-o|1\n|-damage|p1a: Kommo-o|0 fnt\n|faint|p1a: Kommo-o\n|move|p2b: Sneasler|Dire Claw|p1b: Meganium\n|-supereffective|p1b: Meganium|2\n|-damage|p1b: Meganium|0 fnt\n|faint|p1b: Meganium\n|\n|win|eduardosquid\n|raw|NVBlackLotus's rating: 1069 &rarr; <strong>1051</strong><br />(-18 for losing)\n|raw|eduardosquid's rating: 1101 &rarr; <strong>1124</strong><br />(+23 for winning)\n",
  "uploadtime": 1776092877,
  "views": 9,
  "formatid": "gen9championsvgc2026regma",
  "rating": 1051,
  "private": 0,
  "password": null
}