{
  "id": "gen9championsvgc2026regma-2588320084",
  "format": "[Gen 9 Champions] VGC 2026 Reg M-A",
  "players": [
    "Master of Capture",
    "banana superior"
  ],
  "log": "|j|\u2606Master of Capture\n|j|\u2606banana superior\n|t:|1776623816\n|gametype|doubles\n|player|p1|Master of Capture|169|1416\n|player|p2|banana superior|smasher|1434\n|gen|9\n|tier|[Gen 9 Champions] VGC 2026 Reg M-A\n|rated|\n|rule|Species Clause: Limit one of each Pok\u00e9mon\n|rule|Item Clause: Limit 1 of each item\n|clearpoke\n|poke|p1|Incineroar, L50, M|\n|poke|p1|Sinistcha-Masterpiece, L50|\n|poke|p1|Milotic, L50, M|\n|poke|p1|Floette-Eternal, L50, F|\n|poke|p1|Gengar, L50, F|\n|poke|p1|Kommo-o, L50, M|\n|poke|p2|Floette-Eternal, L50, F|\n|poke|p2|Mimikyu, L50, M, shiny|\n|poke|p2|Torkoal, L50, M|\n|poke|p2|Incineroar, L50, M|\n|poke|p2|Gengar, L50, M|\n|poke|p2|Maushold-Four, L50|\n|teampreview|4\n|inactive|Battle timer is ON: inactive players will automatically lose when time's up. (requested by Master of Capture)\n|inactive|Master of Capture has 60 seconds left.\n|inactive|banana superior has 60 seconds left.\n|\n|t:|1776623863\n|teamsize|p1|4\n|teamsize|p2|4\n|start\n|switch|p1a: Floette|Floette-Eternal, L50, F|100/100\n|switch|p1b: Milotic|Milotic, L50, M|100/100\n|switch|p2a: Gengar|Gengar, L50, M|100/100\n|switch|p2b: Maushold|Maushold-Four, L50|100/100\n|turn|1\n|inactive|Master of Capture has 30 seconds left.\n|\n|t:|1776623889\n|switch|p1a: Incineroar|Incineroar, L50, M|100/100\n|-ability|p1a: Incineroar|Intimidate|boost\n|-unboost|p2a: Gengar|atk|1\n|-unboost|p2b: Maushold|atk|1\n|detailschange|p2a: Gengar|Gengar-Mega, L50, M\n|-mega|p2a: Gengar|Gengar|Gengarite\n|move|p2b: Maushold|Population Bomb|p1a: Incineroar\n|-damage|p1a: Incineroar|97/100\n|-damage|p1a: Incineroar|94/100\n|-damage|p1a: Incineroar|90/100\n|-damage|p1a: Incineroar|87/100\n|-damage|p1a: Incineroar|83/100\n|-hitcount|p1a: Incineroar|5\n|move|p2a: Gengar|Sludge Bomb|p1a: Incineroar\n|-damage|p1a: Incineroar|37/100\n|-enditem|p1a: Incineroar|Sitrus Berry|[eat]\n|-heal|p1a: Incineroar|61/100|[from] item: Sitrus Berry\n|move|p1b: Milotic|Icy Wind|p2a: Gengar|[spread] p2a,p2b\n|-damage|p2a: Gengar|92/100\n|-damage|p2b: Maushold|88/100\n|-unboost|p2a: Gengar|spe|1\n|-unboost|p2b: Maushold|spe|1\n|\n|upkeep\n|turn|2\n|\n|t:|1776623914\n|move|p1a: Incineroar|Fake Out|p2b: Maushold\n|-damage|p2b: Maushold|74/100\n|cant|p2b: Maushold|flinch\n|move|p2a: Gengar|Perish Song|p2a: Gengar\n|-start|p1a: Incineroar|perish3|[silent]\n|-start|p1b: Milotic|perish3|[silent]\n|-start|p2a: Gengar|perish3|[silent]\n|-start|p2b: Maushold|perish3|[silent]\n|-fieldactivate|move: Perish Song\n|move|p1b: Milotic|Scald|p2a: Gengar\n|-damage|p2a: Gengar|69/100\n|\n|-start|p2b: Maushold|perish3\n|-start|p2a: Gengar|perish3\n|-start|p1b: Milotic|perish3\n|-start|p1a: Incineroar|perish3\n|upkeep\n|turn|3\n|\n|t:|1776623942\n|move|p2b: Maushold|Protect|p2b: Maushold\n|-singleturn|p2b: Maushold|Protect\n|move|p2a: Gengar|Protect|p2a: Gengar\n|-singleturn|p2a: Gengar|Protect\n|move|p1b: Milotic|Scald|p2b: Maushold\n|-activate|p2b: Maushold|move: Protect\n|move|p1a: Incineroar|Parting Shot|p2a: Gengar\n|-activate|p2a: Gengar|move: Protect\n|\n|-start|p2b: Maushold|perish2\n|-start|p2a: Gengar|perish2\n|-start|p1b: Milotic|perish2\n|-start|p1a: Incineroar|perish2\n|upkeep\n|turn|4\n|inactive|banana superior has 30 seconds left.\n|\n|t:|1776623968\n|move|p2b: Maushold|Follow Me|p2b: Maushold\n|-singleturn|p2b: Maushold|move: Follow Me\n|move|p2a: Gengar|Disable|p1a: Incineroar\n|-start|p1a: Incineroar|Disable|Parting Shot\n|move|p1b: Milotic|Scald|p2b: Maushold\n|-damage|p2b: Maushold|37/100\n|cant|p1a: Incineroar|Disable|Parting Shot\n|\n|-start|p2b: Maushold|perish1\n|-start|p2a: Gengar|perish1\n|-start|p1b: Milotic|perish1\n|-start|p1a: Incineroar|perish1\n|upkeep\n|turn|5\n|-message|Master of Capture forfeited.\n|\n|win|banana superior\n|raw|Master of Capture's rating: 1416 &rarr; <strong>1397</strong><br />(-19 for losing)\n|raw|banana superior's rating: 1434 &rarr; <strong>1453</strong><br />(+19 for winning)\n|l|\u2606Master of Capture\n|player|p1|\n",
  "uploadtime": 1776624001,
  "views": 12,
  "formatid": "gen9championsvgc2026regma",
  "rating": 1397,
  "private": 0,
  "password": null
}