{
  "id": "gen9championsvgc2026regma-2588333400",
  "format": "[Gen 9 Champions] VGC 2026 Reg M-A",
  "players": [
    "fddhdhfhrdhdrhd",
    "savemelivie"
  ],
  "log": "|j|\u2606fddhdhfhrdhdrhd\n|j|\u2606savemelivie\n|t:|1776624903\n|gametype|doubles\n|player|p1|fddhdhfhrdhdrhd|266|1005\n|player|p2|savemelivie|swimmerf-gen4|1070\n|gen|9\n|tier|[Gen 9 Champions] VGC 2026 Reg M-A\n|rated|\n|rule|Species Clause: Limit one of each Pok\u00e9mon\n|rule|Item Clause: Limit 1 of each item\n|clearpoke\n|poke|p1|Gengar, L50, M|\n|poke|p1|Sableye, L50, M|\n|poke|p1|Sylveon, L50, F|\n|poke|p1|Politoed, L50, F|\n|poke|p1|Scizor, L50, F|\n|poke|p1|Palafin, L50, M|\n|poke|p2|Espathra, L50, F, shiny|\n|poke|p2|Delphox, L50, M|\n|poke|p2|Sneasler, L50, M|\n|poke|p2|Kingambit, L50, M|\n|poke|p2|Primarina, L50, F|\n|poke|p2|Decidueye, L50, M|\n|teampreview|4\nfddhdhfhrdhdrhd rejected open team sheets.\n|inactive|Battle timer is ON: inactive players will automatically lose when time's up. (requested by fddhdhfhrdhdrhd)\n|\n|t:|1776624929\n|teamsize|p1|4\n|teamsize|p2|4\n|start\n|switch|p1a: Gengar|Gengar, L50, M|100/100\n|switch|p1b: Sableye|Sableye, L50, M|100/100\n|switch|p2a: Decidueye|Decidueye, L50, M|100/100\n|switch|p2b: Espathra|Espathra, L50, F, shiny|100/100\n|turn|1\n|inactive|fddhdhfhrdhdrhd has 30 seconds left.\n|\n|t:|1776624963\n|switch|p1a: Politoed|Politoed, L50, F|100/100\n|-weather|RainDance|[from] ability: Drizzle|[of] p1a: Politoed\n|move|p2b: Espathra|Protect|p2b: Espathra\n|-singleturn|p2b: Espathra|Protect\n|move|p1b: Sableye|Fake Out|p2b: Espathra\n|-activate|p2b: Espathra|move: Protect\n|move|p2a: Decidueye|Tailwind|p2a: Decidueye\n|-sidestart|p2: savemelivie|move: Tailwind\n|\n|-weather|RainDance|[upkeep]\n|-ability|p2b: Espathra|Speed Boost|boost\n|-boost|p2b: Espathra|spe|1\n|upkeep\n|turn|2\n|inactive|savemelivie has 30 seconds left.\n|\n|t:|1776624991\n|switch|p2a: Primarina|Primarina, L50, F|100/100\n|move|p1b: Sableye|Encore|p2b: Espathra\n|-start|p2b: Espathra|Encore\n|move|p2b: Espathra|Protect||[still]\n|-fail|p2b: Espathra\n|move|p1a: Politoed|Icy Wind|p2a: Primarina|[spread] p2a,p2b\n|-resisted|p2a: Primarina|1\n|-damage|p2a: Primarina|96/100\n|-damage|p2b: Espathra|88/100\n|-unboost|p2a: Primarina|spe|1\n|-unboost|p2b: Espathra|spe|1\n|\n|-weather|RainDance|[upkeep]\n|-heal|p2a: Primarina|100/100|[from] item: Leftovers\n|-ability|p2b: Espathra|Speed Boost|boost\n|-boost|p2b: Espathra|spe|1\n|upkeep\n|turn|3\n|inactive|fddhdhfhrdhdrhd has 30 seconds left.\n|\n|t:|1776625022\n|move|p2b: Espathra|Protect|p2b: Espathra\n|-singleturn|p2b: Espathra|Protect\n|move|p1b: Sableye|Gravity|p1b: Sableye\n|-fieldstart|move: Gravity\n|move|p2a: Primarina|Hyper Voice|p1a: Politoed|[spread] p1a,p1b\n|-resisted|p1a: Politoed|1\n|-damage|p1a: Politoed|81/100\n|-damage|p1b: Sableye|43/100\n|move|p1a: Politoed|Hypnosis|p2b: Espathra\n|-activate|p2b: Espathra|move: Protect\n|\n|-weather|RainDance|[upkeep]\n|-heal|p1a: Politoed|87/100|[from] item: Leftovers\n|-ability|p2b: Espathra|Speed Boost|boost\n|-boost|p2b: Espathra|spe|1\n|upkeep\n|turn|4\n|inactive|fddhdhfhrdhdrhd has 30 seconds left.\n|inactive|fddhdhfhrdhdrhd has 20 seconds left.\n|inactive|fddhdhfhrdhdrhd has 15 seconds left.\n|inactive|fddhdhfhrdhdrhd has 10 seconds left.\n|\n|t:|1776625072\n|move|p2b: Espathra|Protect||[still]\n|-fail|p2b: Espathra\n|move|p2a: Primarina|Hyper Voice|p1b: Sableye|[spread] p1a,p1b\n|-resisted|p1a: Politoed|1\n|-damage|p1a: Politoed|68/100\n|-damage|p1b: Sableye|0 fnt\n|faint|p1b: Sableye\n|move|p1a: Politoed|Hypnosis|p2a: Primarina\n|-status|p2a: Primarina|slp|[from] move: Hypnosis\n|\n|-weather|RainDance|[upkeep]\n|-heal|p1a: Politoed|74/100|[from] item: Leftovers\n|-end|p2b: Espathra|Encore\n|-sideend|p2: savemelivie|move: Tailwind\n|-ability|p2b: Espathra|Speed Boost|boost\n|-boost|p2b: Espathra|spe|1\n|upkeep\n|\n|t:|1776625079\n|switch|p1b: Gengar|Gengar, L50, M|100/100\n|turn|5\n|\n|t:|1776625098\n|detailschange|p1b: Gengar|Gengar-Mega, L50, M\n|-mega|p1b: Gengar|Gengar|Gengarite\n|move|p2b: Espathra|Lumina Crash|p1b: Gengar\n|-supereffective|p1b: Gengar|1\n|-damage|p1b: Gengar|0 fnt\n|faint|p1b: Gengar\n|move|p1a: Politoed|Muddy Water|p2a: Primarina|[spread] p2a,p2b\n|-resisted|p2a: Primarina|1\n|-damage|p2a: Primarina|84/100 slp\n|-damage|p2b: Espathra|38/100\n|cant|p2a: Primarina|slp\n|\n|-weather|none\n|-heal|p1a: Politoed|80/100|[from] item: Leftovers\n|-heal|p2a: Primarina|90/100 slp|[from] item: Leftovers\n|-ability|p2b: Espathra|Speed Boost|boost\n|-boost|p2b: Espathra|spe|1\n|upkeep\n|\n|t:|1776625105\n|switch|p1b: Sylveon|Sylveon, L50, F|100/100\n|turn|6\n|\n|t:|1776625129\n|move|p2b: Espathra|Lumina Crash|p1a: Politoed\n|-damage|p1a: Politoed|52/100\n|-unboost|p1a: Politoed|spd|2\n|move|p1a: Politoed|Icy Wind|p2b: Espathra|[spread] p2a,p2b\n|-resisted|p2a: Primarina|1\n|-damage|p2a: Primarina|85/100 slp\n|-damage|p2b: Espathra|25/100\n|-unboost|p2a: Primarina|spe|1\n|-unboost|p2b: Espathra|spe|1\n|move|p1b: Sylveon|Hyper Voice|p2a: Primarina|[spread] p2a,p2b\n|-damage|p2a: Primarina|39/100 slp\n|-damage|p2b: Espathra|0 fnt\n|faint|p2b: Espathra\n|-curestatus|p2a: Primarina|slp|[msg]\n|move|p2a: Primarina|Hyper Voice|p1a: Politoed|[spread] p1a,p1b\n|-resisted|p1a: Politoed|1\n|-damage|p1a: Politoed|26/100\n|-damage|p1b: Sylveon|74/100\n|\n|-heal|p1a: Politoed|32/100|[from] item: Leftovers\n|-heal|p2a: Primarina|44/100|[from] item: Leftovers\n|upkeep\n|\n|t:|1776625153\n|switch|p2b: Decidueye|Decidueye, L50, M|100/100\n|turn|7\n|inactive|fddhdhfhrdhdrhd has 30 seconds left.\n|\n|t:|1776625180\n|move|p2b: Decidueye|Leaf Blade|p1a: Politoed\n|-supereffective|p1a: Politoed|1\n|-damage|p1a: Politoed|0 fnt\n|faint|p1a: Politoed\n|move|p1b: Sylveon|Hyper Voice|p2a: Primarina|[spread] p2a,p2b\n|-damage|p2a: Primarina|1/100\n|-damage|p2b: Decidueye|53/100\n|move|p2a: Primarina|Hyper Voice|p1b: Sylveon\n|-damage|p1b: Sylveon|39/100\n|\n|-heal|p2a: Primarina|7/100|[from] item: Leftovers\n|-fieldend|move: Gravity\n|upkeep\n|turn|8\n|\n|t:|1776625195\n|move|p2b: Decidueye|Leaf Blade|p1b: Sylveon\n|-damage|p1b: Sylveon|0 fnt\n|faint|p1b: Sylveon\n|\n|win|savemelivie\n|raw|fddhdhfhrdhdrhd's rating: 1005 &rarr; <strong>1000</strong><br />(-5 for losing)\n|raw|savemelivie's rating: 1070 &rarr; <strong>1094</strong><br />(+24 for winning)\n",
  "uploadtime": 1776625201,
  "views": 9,
  "formatid": "gen9championsvgc2026regma",
  "rating": 1000,
  "private": 0,
  "password": null
}