{
  "id": "gen9championsvgc2026regma-2581296255",
  "format": "[Gen 9 Champions] VGC 2026 Reg M-A",
  "players": [
    "gthtsl",
    "f1ish"
  ],
  "log": "|badge|p2|bronze|gen9randombattle|100-9\n|uhtml|medal-msg|<div class=\"broadcast-blue\">Curious what those medals under the avatar are? PS now has Ladder Seasons! For more information, check out the <a href=\"https://www.smogon.com/forums/threads/3740067/\">thread on Smogon.</a></div>\n|j|\u2606gthtsl\n|j|\u203df1ish\n|t:|1775982867\n|gametype|doubles\n|player|p1|gthtsl|pryce|1367\n|player|p2|f1ish|266|1362\n|gen|9\n|tier|[Gen 9 Champions] VGC 2026 Reg M-A\n|rated|\n|rule|Species Clause: Limit one of each Pok\u00e9mon\n|rule|Item Clause: Limit 1 of each item\n|clearpoke\n|poke|p1|Ampharos, L50, F|\n|poke|p1|Oranguru, L50, F|\n|poke|p1|Primarina, L50, F|\n|poke|p1|Volcarona, L50, M|\n|poke|p1|Sableye, L50, M|\n|poke|p1|Scizor, L50, F|\n|poke|p2|Politoed, L50, F|\n|poke|p2|Archaludon, L50, F|\n|poke|p2|Basculegion, L50, M|\n|poke|p2|Incineroar, L50, F|\n|poke|p2|Sinistcha, L50|\n|poke|p2|Gengar, L50, F|\n|teampreview|4\n|inactive|Battle timer is ON: inactive players will automatically lose when time's up. (requested by f1ish)\n|inactive|gthtsl also wants the timer to be on.\n|j| gE1xjZRtuhW2DdT0AK\n|inactive|gthtsl has 60 seconds left.\n|\n|t:|1775982912\n|teamsize|p1|4\n|teamsize|p2|4\n|start\n|switch|p1a: Oranguru|Oranguru, L50, F|100/100\n|switch|p1b: Primarina|Primarina, L50, F|100/100\n|switch|p2a: Gengar|Gengar, L50, F|100/100\n|switch|p2b: Incineroar|Incineroar, L50, F|100/100\n|-ability|p2b: Incineroar|Intimidate|boost\n|-fail|p1a: Oranguru|unboost|Attack|[from] ability: Inner Focus|[of] p1a: Oranguru\n|-unboost|p1b: Primarina|atk|1\n|turn|1\n|inactive|f1ish has 30 seconds left.\n|j| jungro\n|inactive|f1ish has 20 seconds left.\n|\n|t:|1775982948\n|detailschange|p2a: Gengar|Gengar-Mega, L50, F\n|-mega|p2a: Gengar|Gengar|Gengarite\n|move|p2b: Incineroar|Fake Out|p1a: Oranguru\n|-damage|p1a: Oranguru|92/100\n|move|p2a: Gengar|Perish Song|p2a: Gengar\n|-start|p1a: Oranguru|perish3|[silent]\n|-start|p1b: Primarina|perish3|[silent]\n|-start|p2a: Gengar|perish3|[silent]\n|-start|p2b: Incineroar|perish3|[silent]\n|-fieldactivate|move: Perish Song\n|move|p1b: Primarina|Hyper Voice|p2b: Incineroar|[spread] p2a,p2b\n|-supereffective|p2b: Incineroar|1\n|-damage|p2a: Gengar|61/100\n|-damage|p2b: Incineroar|49/100\n|-enditem|p2b: Incineroar|Sitrus Berry|[eat]\n|-heal|p2b: Incineroar|74/100|[from] item: Sitrus Berry\n|move|p1a: Oranguru|Trick Room|p1a: Oranguru\n|-fieldstart|move: Trick Room|[of] p1a: Oranguru\n|\n|-start|p1a: Oranguru|perish3\n|-start|p2b: Incineroar|perish3\n|-start|p1b: Primarina|perish3\n|-start|p2a: Gengar|perish3\n|upkeep\n|turn|2\n|\n|t:|1775982966\n|switch|p2b: Sinistcha|Sinistcha, L50|100/100\n|-heal|p2a: Gengar|86/100|[from] ability: Hospitality|[of] p2b: Sinistcha\n|move|p2a: Gengar|Protect|p2a: Gengar\n|-singleturn|p2a: Gengar|Protect\n|move|p1a: Oranguru|Instruct|p1b: Primarina\n|-singleturn|p1b: Primarina|move: Instruct|[of] p1a: Oranguru\n|move|p1b: Primarina|Hyper Voice|p2b: Sinistcha|[spread] p2b\n|-activate|p2a: Gengar|move: Protect\n|-resisted|p2b: Sinistcha|1\n|-damage|p2b: Sinistcha|82/100\n|move|p1b: Primarina|Hyper Voice|p2b: Sinistcha|[spread] p2b\n|-activate|p2a: Gengar|move: Protect\n|-resisted|p2b: Sinistcha|1\n|-damage|p2b: Sinistcha|65/100\n|\n|-start|p1a: Oranguru|perish2\n|-start|p1b: Primarina|perish2\n|-start|p2a: Gengar|perish2\n|upkeep\n|turn|3\n|inactive|f1ish has 30 seconds left.\n|l| jungro\n|inactive|f1ish has 20 seconds left.\n|inactive|f1ish has 15 seconds left.\n|inactive|f1ish has 10 seconds left.\n|inactive|f1ish has 5 seconds left.\n|\n|t:|1775983020\n|switch|p2a: Politoed|Politoed, L50, F|100/100\n|-weather|RainDance|[from] ability: Drizzle|[of] p2a: Politoed\n|move|p2b: Sinistcha|Protect|p2b: Sinistcha\n|-singleturn|p2b: Sinistcha|Protect\n|move|p1a: Oranguru|Instruct|p1b: Primarina\n|-singleturn|p1b: Primarina|move: Instruct|[of] p1a: Oranguru\n|move|p1b: Primarina|Hyper Voice|p2b: Sinistcha|[spread] p2a\n|-activate|p2b: Sinistcha|move: Protect\n|-resisted|p2a: Politoed|1\n|-damage|p2a: Politoed|77/100\n|move|p1b: Primarina|Hyper Voice|p2b: Sinistcha|[spread] p2a\n|-activate|p2b: Sinistcha|move: Protect\n|-resisted|p2a: Politoed|1\n|-damage|p2a: Politoed|57/100\n|\n|-weather|RainDance|[upkeep]\n|-heal|p2a: Politoed|63/100|[from] item: Leftovers\n|-start|p1a: Oranguru|perish1\n|-start|p1b: Primarina|perish1\n|upkeep\n|turn|4\n|\n|t:|1775983044\n|switch|p1b: Ampharos|Ampharos, L50, F|100/100\n|switch|p2b: Gengar|Gengar-Mega, L50, F|86/100\n|move|p1a: Oranguru|Encore||[still]\n|-fail|p1a: Oranguru\n|move|p2a: Politoed|Perish Song|p2a: Politoed\n|-start|p1b: Ampharos|perish3|[silent]\n|-start|p2a: Politoed|perish3|[silent]\n|-start|p2b: Gengar|perish3|[silent]\n|-fieldactivate|move: Perish Song\n|\n|-weather|RainDance|[upkeep]\n|-heal|p2a: Politoed|69/100|[from] item: Leftovers\n|-start|p1a: Oranguru|perish0\n|-start|p1b: Ampharos|perish3\n|faint|p1a: Oranguru\n|-start|p2a: Politoed|perish3\n|-start|p2b: Gengar|perish3\n|upkeep\n|\n|t:|1775983055\n|switch|p1a: Primarina|Primarina, L50, F|100/100\n|turn|5\n|inactive|f1ish has 30 seconds left.\n|inactive|f1ish has 20 seconds left.\n|inactive|f1ish has 15 seconds left.\n|inactive|f1ish has 10 seconds left.\n|\n|t:|1775983106\n|detailschange|p1b: Ampharos|Ampharos-Mega, L50, F\n|-mega|p1b: Ampharos|Ampharos|Ampharosite\n|-ability|p1b: Ampharos|Mold Breaker\n|move|p2a: Politoed|Protect|p2a: Politoed\n|-singleturn|p2a: Politoed|Protect\n|move|p2b: Gengar|Protect|p2b: Gengar\n|-singleturn|p2b: Gengar|Protect\n|move|p1b: Ampharos|Thunderbolt|p2a: Politoed\n|-activate|p2a: Politoed|move: Protect\n|move|p1a: Primarina|Hyper Voice|p2b: Gengar|[spread] \n|-activate|p2a: Politoed|move: Protect\n|-activate|p2b: Gengar|move: Protect\n|\n|-weather|RainDance|[upkeep]\n|-heal|p2a: Politoed|75/100|[from] item: Leftovers\n|-start|p1b: Ampharos|perish2\n|-start|p2a: Politoed|perish2\n|-start|p2b: Gengar|perish2\n|-fieldend|move: Trick Room\n|upkeep\n|turn|6\n|\n|t:|1775983131\n|switch|p2a: Sinistcha|Sinistcha, L50|65/100\n|-heal|p2b: Gengar|100/100|[from] ability: Hospitality|[of] p2a: Sinistcha\n|move|p2b: Gengar|Disable|p1a: Primarina\n|-start|p1a: Primarina|Disable|Hyper Voice\n|cant|p1a: Primarina|Disable|Hyper Voice\n|move|p1b: Ampharos|Thunderbolt|p2b: Gengar\n|-damage|p2b: Gengar|27/100\n|\n|-weather|RainDance|[upkeep]\n|-start|p2b: Gengar|perish1\n|-start|p1b: Ampharos|perish1\n|upkeep\n|turn|7\n|c|\u2606gthtsl|wow\n|\n|t:|1775983153\n|switch|p2b: Incineroar|Incineroar, L50, F|74/100\n|-ability|p2b: Incineroar|Intimidate|boost\n|-unboost|p1a: Primarina|atk|1\n|-unboost|p1b: Ampharos|atk|1\n|move|p2a: Sinistcha|Life Dew|p2a: Sinistcha|[spread] p2a,p2b\n|-heal|p2a: Sinistcha|90/100\n|-heal|p2b: Incineroar|99/100\n|move|p1a: Primarina|Moonblast|p2a: Sinistcha\n|-damage|p2a: Sinistcha|36/100\n|move|p1b: Ampharos|Dragon Pulse|p2a: Sinistcha\n|-crit|p2a: Sinistcha\n|-damage|p2a: Sinistcha|0 fnt\n|faint|p2a: Sinistcha\n|\n|-weather|none\n|-start|p1b: Ampharos|perish0\n|upkeep\n|faint|p1b: Ampharos\n|c|\u2606gthtsl|wp\n|\n|t:|1775983167\n|switch|p2a: Politoed|Politoed, L50, F|75/100\n|switch|p1b: Sableye|Sableye, L50, M|100/100\n|-weather|RainDance|[from] ability: Drizzle|[of] p2a: Politoed\n|turn|8\n|\n|t:|1775983175\n|move|p1b: Sableye|Fake Out|p2a: Politoed\n|-damage|p2a: Politoed|67/100\n|cant|p2a: Politoed|flinch\n|move|p1a: Primarina|Moonblast|p2a: Politoed\n|-damage|p2a: Politoed|29/100\n|move|p2b: Incineroar|Snarl|p1a: Primarina|[spread] p1a,p1b\n|-resisted|p1a: Primarina|1\n|-damage|p1a: Primarina|96/100\n|-damage|p1b: Sableye|81/100\n|-unboost|p1a: Primarina|spa|1\n|-unboost|p1b: Sableye|spa|1\n|\n|-weather|RainDance|[upkeep]\n|-heal|p2a: Politoed|35/100|[from] item: Leftovers\n|-heal|p1a: Primarina|100/100|[from] item: Leftovers\n|upkeep\n|turn|9\n|c|\u2606gthtsl|tims to gg i guess\n|j| HappyLiga\n|inactive|gthtsl has 30 seconds left.\n|l| HappyLiga\n|inactive|gthtsl has 20 seconds left.\n|\n|t:|1775983211\n|move|p1b: Sableye|Quash|p2a: Politoed\n|-activate|p2a: Politoed|move: Quash\n|move|p1a: Primarina|Encore||[still]\n|-fail|p1a: Primarina\n|move|p2b: Incineroar|Snarl|p1b: Sableye|[spread] p1b\n|-miss|p2b: Incineroar|p1a: Primarina\n|-damage|p1b: Sableye|60/100\n|-unboost|p1b: Sableye|spa|1\n|move|p2a: Politoed|Perish Song|p2a: Politoed\n|-start|p1a: Primarina|perish3|[silent]\n|-start|p1b: Sableye|perish3|[silent]\n|-start|p2a: Politoed|perish3|[silent]\n|-start|p2b: Incineroar|perish3|[silent]\n|-fieldactivate|move: Perish Song\n|\n|-weather|RainDance|[upkeep]\n|-heal|p2a: Politoed|41/100|[from] item: Leftovers\n|-end|p1a: Primarina|Disable\n|-start|p2a: Politoed|perish3\n|-start|p1a: Primarina|perish3\n|-start|p2b: Incineroar|perish3\n|-start|p1b: Sableye|perish3\n|upkeep\n|turn|10\n|-message|gthtsl forfeited.\n|\n|win|f1ish\n|raw|gthtsl's rating: 1367 &rarr; <strong>1347</strong><br />(-20 for losing)\n|raw|f1ish's rating: 1362 &rarr; <strong>1382</strong><br />(+20 for winning)\n|l|\u2606gthtsl\n|player|p1|\n",
  "uploadtime": 1775983231,
  "views": 31,
  "formatid": "gen9championsvgc2026regma",
  "rating": 1347,
  "private": 0,
  "password": null
}