{
  "id": "gen9championsvgc2026regma-2582360005",
  "format": "[Gen 9 Champions] VGC 2026 Reg M-A",
  "players": [
    "nizerap2",
    "regifan2007"
  ],
  "log": "|j|\u2606nizerap2\n|j|\u203dregifan2007\n|t:|1776086300\n|gametype|doubles\n|player|p1|nizerap2|266|1000\n|player|p2|regifan2007|unknown|1000\n|gen|9\n|tier|[Gen 9 Champions] VGC 2026 Reg M-A\n|rated|\n|rule|Species Clause: Limit one of each Pok\u00e9mon\n|rule|Item Clause: Limit 1 of each item\n|clearpoke\n|poke|p1|Meganium, L50, M|\n|poke|p1|Pelipper, L50, F|\n|poke|p1|Archaludon, L50, F|\n|poke|p1|Incineroar, L50, M|\n|poke|p1|Basculegion, L50, M|\n|poke|p1|Kingambit, L50, F|\n|poke|p2|Dragonite, L50, M|\n|poke|p2|Politoed, L50, M|\n|poke|p2|Sinistcha, L50|\n|poke|p2|Basculegion-F, L50, F|\n|poke|p2|Conkeldurr, L50, F|\n|poke|p2|Incineroar, L50, F|\n|teampreview|4\n|inactive|Battle timer is ON: inactive players will automatically lose when time's up. (requested by nizerap2)\nnizerap2 has agreed to open team sheets.\n|\n|t:|1776086387\n|teamsize|p1|4\n|teamsize|p2|4\n|start\n|switch|p1a: Pelipper|Pelipper, L50, F|100/100\n|switch|p1b: Incineroar|Incineroar, L50, M|100/100\n|switch|p2a: Sinistcha|Sinistcha, L50|100/100\n|switch|p2b: Conkeldurr|Conkeldurr, L50, F|100/100\n|-ability|p1b: Incineroar|Intimidate|boost\n|-unboost|p2a: Sinistcha|atk|1\n|-unboost|p2b: Conkeldurr|atk|1\n|-weather|RainDance|[from] ability: Drizzle|[of] p1a: Pelipper\n|turn|1\n|inactive|regifan2007 has 30 seconds left.\n|\n|t:|1776086421\n|switch|p2b: Incineroar|Incineroar, L50, F|100/100\n|-ability|p2b: Incineroar|Intimidate|boost\n|-unboost|p1a: Pelipper|atk|1\n|-unboost|p1b: Incineroar|atk|1\n|move|p1b: Incineroar|Fake Out|p2b: Incineroar\n|-damage|p2b: Incineroar|94/100\n|move|p1a: Pelipper|Hurricane|p2a: Sinistcha\n|-supereffective|p2a: Sinistcha|1\n|-damage|p2a: Sinistcha|8/100\n|-start|p2a: Sinistcha|confusion\n|-activate|p2a: Sinistcha|confusion\n|move|p2a: Sinistcha|Trick Room|p2a: Sinistcha\n|-fieldstart|move: Trick Room|[of] p2a: Sinistcha\n|\n|-weather|RainDance|[upkeep]\n|upkeep\n|turn|2\n|\n|t:|1776086442\n|switch|p2a: Conkeldurr|Conkeldurr, L50, F|100/100\n|move|p2b: Incineroar|Fake Out|p1a: Pelipper\n|-damage|p1a: Pelipper|90/100\n|cant|p1a: Pelipper|flinch\n|move|p1b: Incineroar|Darkest Lariat|p2a: Conkeldurr\n|-resisted|p2a: Conkeldurr|1\n|-damage|p2a: Conkeldurr|92/100\n|\n|-weather|RainDance|[upkeep]\n|-heal|p1a: Pelipper|96/100|[from] item: Leftovers\n|upkeep\n|turn|3\n|\n|t:|1776086466\n|move|p1a: Pelipper|Protect|p1a: Pelipper\n|-singleturn|p1a: Pelipper|Protect\n|move|p2a: Conkeldurr|Rock Slide|p1b: Incineroar|[spread] p1b\n|-activate|p1a: Pelipper|move: Protect\n|-supereffective|p1b: Incineroar|1\n|-damage|p1b: Incineroar|57/100\n|move|p2b: Incineroar|Parting Shot|p1a: Pelipper\n|-activate|p1a: Pelipper|move: Protect\n|move|p1b: Incineroar|Parting Shot|p2a: Conkeldurr\n|-unboost|p2a: Conkeldurr|atk|1\n|-unboost|p2a: Conkeldurr|spa|1\n|\n|t:|1776086478\n|switch|p1b: Meganium|Meganium, L50, M|100/100|[from] Parting Shot\n|\n|-weather|RainDance|[upkeep]\n|-heal|p1a: Pelipper|100/100|[from] item: Leftovers\n|upkeep\n|turn|4\n|\n|t:|1776086502\n|switch|p2a: Dragonite|Dragonite, L50, M|100/100\n|detailschange|p1b: Meganium|Meganium-Mega, L50, M\n|-mega|p1b: Meganium|Meganium|Meganiumite\n|move|p2b: Incineroar|Parting Shot|p1b: Meganium\n|-unboost|p1b: Meganium|atk|1\n|-unboost|p1b: Meganium|spa|1\n|\n|t:|1776086525\n|switch|p2b: Conkeldurr|Conkeldurr, L50, F|92/100|[from] Parting Shot\n|move|p1a: Pelipper|Hurricane|p2a: Dragonite\n|-damage|p2a: Dragonite|75/100\n|move|p1b: Meganium|Dazzling Gleam|p2a: Dragonite|[spread] p2a,p2b\n|-supereffective|p2a: Dragonite|1\n|-supereffective|p2b: Conkeldurr|1\n|-damage|p2a: Dragonite|24/100\n|-damage|p2b: Conkeldurr|35/100\n|\n|-weather|RainDance|[upkeep]\n|upkeep\n|turn|5\n|inactive|regifan2007 has 30 seconds left.\n|\n|t:|1776086554\n|switch|p1a: Incineroar|Incineroar, L50, M|57/100\n|-ability|p1a: Incineroar|Intimidate|boost\n|-unboost|p2a: Dragonite|atk|1\n|-unboost|p2b: Conkeldurr|atk|1\n|switch|p2a: Sinistcha|Sinistcha, L50|8/100\n|-heal|p2b: Conkeldurr|60/100|[from] ability: Hospitality|[of] p2a: Sinistcha\n|move|p2b: Conkeldurr|Drain Punch|p1b: Meganium\n|-resisted|p1b: Meganium|1\n|-damage|p1b: Meganium|86/100\n|-heal|p2b: Conkeldurr|67/100|[from] drain|[of] p1b: Meganium\n|move|p1b: Meganium|Dazzling Gleam|p2a: Sinistcha|[spread] p2a,p2b\n|-supereffective|p2b: Conkeldurr|1\n|-damage|p2a: Sinistcha|0 fnt\n|-damage|p2b: Conkeldurr|13/100\n|faint|p2a: Sinistcha\n|\n|-weather|none\n|-fieldend|move: Trick Room\n|upkeep\n|\n|t:|1776086564\n|switch|p2a: Dragonite|Dragonite, L50, M|24/100\n|turn|6\n|inactive|regifan2007 has 30 seconds left.\n|inactive|regifan2007 has 20 seconds left.\n|\n|t:|1776086602\n|detailschange|p2a: Dragonite|Dragonite-Mega, L50, M\n|-mega|p2a: Dragonite|Dragonite|Dragoninite\n|move|p2b: Conkeldurr|Wide Guard|p2b: Conkeldurr\n|-singleturn|p2b: Conkeldurr|Wide Guard\n|move|p2a: Dragonite|Tailwind|p2a: Dragonite\n|-sidestart|p2: regifan2007|move: Tailwind\n|move|p1a: Incineroar|Parting Shot|p2a: Dragonite\n|-unboost|p2a: Dragonite|atk|1\n|-unboost|p2a: Dragonite|spa|1\n|\n|t:|1776086610\n|switch|p1a: Pelipper|Pelipper, L50, F|100/100|[from] Parting Shot\n|-weather|RainDance|[from] ability: Drizzle|[of] p1a: Pelipper\n|move|p1b: Meganium|Dazzling Gleam|p2a: Dragonite|[spread] \n|-activate|p2a: Dragonite|move: Wide Guard\n|-activate|p2b: Conkeldurr|move: Wide Guard\n|\n|-weather|RainDance|[upkeep]\n|upkeep\n|turn|7\n|\n|t:|1776086626\n|switch|p1b: Incineroar|Incineroar, L50, M|57/100\n|-ability|p1b: Incineroar|Intimidate|boost\n|-unboost|p2a: Dragonite|atk|1\n|-unboost|p2b: Conkeldurr|atk|1\n|move|p2a: Dragonite|Hurricane|p1b: Incineroar\n|-damage|p1b: Incineroar|9/100\n|-enditem|p1b: Incineroar|Sitrus Berry|[eat]\n|-heal|p1b: Incineroar|33/100|[from] item: Sitrus Berry\n|move|p2b: Conkeldurr|Rock Slide|p1a: Pelipper|[spread] p1a,p1b\n|-supereffective|p1a: Pelipper|1\n|-supereffective|p1b: Incineroar|1\n|-damage|p1a: Pelipper|77/100\n|-damage|p1b: Incineroar|14/100\n|move|p1a: Pelipper|Tailwind|p1a: Pelipper\n|-sidestart|p1: nizerap2|move: Tailwind\n|\n|-weather|RainDance|[upkeep]\n|-heal|p1a: Pelipper|83/100|[from] item: Leftovers\n|upkeep\n|turn|8\n|inactive|nizerap2 has 30 seconds left.\n|inactive|regifan2007 has 30 seconds left.\n|inactive|regifan2007 has 20 seconds left.\n|\n|t:|1776086663\n|move|p1b: Incineroar|Fake Out|p2a: Dragonite\n|-damage|p2a: Dragonite|15/100\n|cant|p2a: Dragonite|flinch\n|move|p1a: Pelipper|Weather Ball|p2b: Conkeldurr\n|-damage|p2b: Conkeldurr|0 fnt\n|faint|p2b: Conkeldurr\n|\n|-weather|RainDance|[upkeep]\n|-heal|p1a: Pelipper|89/100|[from] item: Leftovers\n|upkeep\n|\n|t:|1776086667\n|switch|p2b: Incineroar|Incineroar, L50, F|94/100\n|-ability|p2b: Incineroar|Intimidate|boost\n|-unboost|p1a: Pelipper|atk|1\n|-unboost|p1b: Incineroar|atk|1\n|turn|9\n|\n|t:|1776086679\n|move|p1a: Pelipper|Protect|p1a: Pelipper\n|-singleturn|p1a: Pelipper|Protect\n|move|p2b: Incineroar|Fake Out|p1a: Pelipper\n|-activate|p1a: Pelipper|move: Protect\n|move|p2a: Dragonite|Hurricane|p1b: Incineroar\n|-damage|p1b: Incineroar|0 fnt\n|faint|p1b: Incineroar\n|\n|-weather|RainDance|[upkeep]\n|-heal|p1a: Pelipper|95/100|[from] item: Leftovers\n|-sideend|p2: regifan2007|move: Tailwind\n|upkeep\n|\n|t:|1776086690\n|switch|p1b: Meganium|Meganium-Mega, L50, M|86/100\n|turn|10\n|-message|regifan2007 forfeited.\n|\n|win|nizerap2\n|raw|nizerap2's rating: 1000 &rarr; <strong>1040</strong><br />(+40 for winning)\n|raw|regifan2007's rating: 1000 &rarr; <strong>1000</strong><br />(+0 for losing)\n|l|\u203dregifan2007\n|player|p2|\n",
  "uploadtime": 1776086698,
  "views": 20,
  "formatid": "gen9championsvgc2026regma",
  "rating": 1000,
  "private": 0,
  "password": null
}