{
  "id": "gen9championsvgc2026regma-2583436876",
  "format": "[Gen 9 Champions] VGC 2026 Reg M-A",
  "players": [
    "Alex_H16",
    "Sarns"
  ],
  "log": "|j|\u2606Alex_H16\n|j|\u2606Sarns\n|t:|1776175577\n|gametype|doubles\n|player|p1|Alex_H16|169|1083\n|player|p2|Sarns|steven-masters3|1042\n|gen|9\n|tier|[Gen 9 Champions] VGC 2026 Reg M-A\n|rated|\n|rule|Species Clause: Limit one of each Pok\u00e9mon\n|rule|Item Clause: Limit 1 of each item\n|clearpoke\n|poke|p1|Glimmora, L50, F|\n|poke|p1|Orthworm, L50, M|\n|poke|p1|Garchomp, L50, F|\n|poke|p1|Weavile, L50, F|\n|poke|p1|Vaporeon, L50, M|\n|poke|p1|Incineroar, L50, M|\n|poke|p2|Steelix, L50, F|\n|poke|p2|Alakazam, L50, F|\n|poke|p2|Aegislash, L50, M|\n|poke|p2|Tyranitar, L50, M|\n|poke|p2|Rotom-Wash, L50|\n|poke|p2|Sinistcha, L50|\n|teampreview|4\n|\n|t:|1776175635\n|teamsize|p1|4\n|teamsize|p2|4\n|start\n|switch|p1a: Orthworm|Orthworm, L50, M, shiny|100/100\n|switch|p1b: Garchomp|Garchomp, L50, F|100/100\n|switch|p2a: Alakazam|Alakazam, L50, F|100/100\n|switch|p2b: Steelix|Steelix, L50, F|100/100\n|turn|1\n|inactive|Battle timer is ON: inactive players will automatically lose when time's up. (requested by Sarns)\n|\n|t:|1776175661\n|detailschange|p2b: Steelix|Steelix-Mega, L50, F\n|-mega|p2b: Steelix|Steelix|Steelixite\n|move|p2a: Alakazam|Speed Swap|p2b: Steelix\n|-activate|p2a: Alakazam|move: Speed Swap|[of] p2b: Steelix\n|move|p2b: Steelix|Body Press|p1a: Orthworm\n|-supereffective|p1a: Orthworm|1\n|-damage|p1a: Orthworm|43/100\n|move|p1b: Garchomp|Earthquake|p2a: Alakazam|[spread] p2a,p2b\n|-heal|p1a: Orthworm|68/100|[from] ability: Earth Eater|[of] p1b: Garchomp\n|-supereffective|p2b: Steelix|1\n|-damage|p2a: Alakazam|21/100\n|-damage|p2b: Steelix|60/100\n|move|p1a: Orthworm|Iron Defense|p1a: Orthworm\n|-boost|p1a: Orthworm|def|2\n|\n|-heal|p1a: Orthworm|74/100|[from] item: Leftovers\n|upkeep\n|turn|2\n|inactive|Alex_H16 has 30 seconds left.\n|inactive|Alex_H16 has 20 seconds left.\n|inactive|Alex_H16 has 15 seconds left.\n|\n|t:|1776175702\n|switch|p2a: Sinistcha|Sinistcha, L50|100/100\n|-heal|p2b: Steelix|85/100|[from] ability: Hospitality|[of] p2a: Sinistcha\n|move|p1a: Orthworm|Protect|p1a: Orthworm\n|-singleturn|p1a: Orthworm|Protect\n|move|p2b: Steelix|Ice Fang|p1b: Garchomp\n|-supereffective|p1b: Garchomp|2\n|-damage|p1b: Garchomp|2/100\n|-status|p1b: Garchomp|frz\n|cant|p1b: Garchomp|frz\n|\n|-heal|p1a: Orthworm|80/100|[from] item: Leftovers\n|upkeep\n|turn|3\n|inactive|Sarns has 30 seconds left.\n|\n|t:|1776175735\n|switch|p1b: Incineroar|Incineroar, L50, M|100/100\n|-ability|p1b: Incineroar|Intimidate|boost\n|-unboost|p2a: Sinistcha|atk|1\n|-unboost|p2b: Steelix|atk|1\n|move|p2b: Steelix|Body Press|p1a: Orthworm\n|-supereffective|p1a: Orthworm|1\n|-damage|p1a: Orthworm|46/100\n|move|p2a: Sinistcha|Matcha Gotcha|p1a: Orthworm|[spread] p1a,p1b\n|-resisted|p1a: Orthworm|1\n|-resisted|p1b: Incineroar|1\n|-damage|p1a: Orthworm|33/100\n|-damage|p1b: Incineroar|89/100\n|move|p1a: Orthworm|Shed Tail|p1a: Orthworm\n|-fail|p1a: Orthworm|move: Shed Tail|[weak]\n|\n|-heal|p1a: Orthworm|39/100|[from] item: Leftovers\n|upkeep\n|turn|4\n|inactive|Sarns has 30 seconds left.\n|\n|t:|1776175763\n|move|p2a: Sinistcha|Rage Powder|p2a: Sinistcha\n|-singleturn|p2a: Sinistcha|move: Rage Powder\n|move|p2b: Steelix|Body Press|p1b: Incineroar\n|-supereffective|p1b: Incineroar|1\n|-enditem|p1b: Incineroar|Chople Berry|[eat]\n|-enditem|p1b: Incineroar|Chople Berry|[weaken]\n|-damage|p1b: Incineroar|57/100\n|move|p1a: Orthworm|Body Press|p2a: Sinistcha\n|-immune|p2a: Sinistcha\n|move|p1b: Incineroar|Flare Blitz|p2a: Sinistcha\n|-supereffective|p2a: Sinistcha|1\n|-damage|p2a: Sinistcha|14/100\n|-damage|p1b: Incineroar|36/100|[from] Recoil\n|\n|-heal|p2a: Sinistcha|20/100|[from] item: Leftovers\n|-heal|p1a: Orthworm|45/100|[from] item: Leftovers\n|upkeep\n|turn|5\n|\n|t:|1776175785\n|switch|p2a: Tyranitar|Tyranitar, L50, M|100/100\n|-weather|Sandstorm|[from] ability: Sand Stream|[of] p2a: Tyranitar\n|move|p1a: Orthworm|Protect|p1a: Orthworm\n|-singleturn|p1a: Orthworm|Protect\n|move|p1b: Incineroar|Protect|p1b: Incineroar\n|-singleturn|p1b: Incineroar|Protect\n|move|p2b: Steelix|Body Press|p1b: Incineroar\n|-activate|p1b: Incineroar|move: Protect\n|\n|-weather|Sandstorm|[upkeep]\n|-damage|p1b: Incineroar|30/100|[from] Sandstorm\n|-heal|p1a: Orthworm|51/100|[from] item: Leftovers\n|upkeep\n|turn|6\n|\n|t:|1776175806\n|move|p2b: Steelix|Body Press|p1a: Orthworm\n|-supereffective|p1a: Orthworm|1\n|-damage|p1a: Orthworm|17/100\n|move|p1a: Orthworm|Body Press|p2a: Tyranitar\n|-supereffective|p2a: Tyranitar|2\n|-damage|p2a: Tyranitar|0 fnt\n|faint|p2a: Tyranitar\n|move|p1b: Incineroar|Parting Shot|p2b: Steelix\n|-unboost|p2b: Steelix|atk|1\n|-unboost|p2b: Steelix|spa|1\n|\n|t:|1776175816\n|switch|p1b: Glimmora|Glimmora, L50, F, shiny|100/100|[from] Parting Shot\n|\n|-weather|Sandstorm|[upkeep]\n|-heal|p1a: Orthworm|24/100|[from] item: Leftovers\n|upkeep\n|\n|t:|1776175828\n|switch|p2a: Alakazam|Alakazam, L50, F|21/100\n|turn|7\n|inactive|Alex_H16 has 30 seconds left.\n|inactive|Sarns has 30 seconds left.\n|inactive|Alex_H16 has 20 seconds left.\n|inactive|Sarns has 20 seconds left.\n|inactive|Alex_H16 has 15 seconds left.\n|inactive|Alex_H16 has 10 seconds left.\n|inactive|Alex_H16 has 5 seconds left.\n|\n|t:|1776175881\n|detailschange|p1b: Glimmora|Glimmora-Mega, L50, F, shiny\n|-mega|p1b: Glimmora|Glimmora|Glimmoranite\n|move|p1a: Orthworm|Protect|p1a: Orthworm\n|-singleturn|p1a: Orthworm|Protect\n|move|p2b: Steelix|Body Press|p1a: Orthworm\n|-activate|p1a: Orthworm|move: Protect\n|move|p2a: Alakazam|Psychic|p1b: Glimmora\n|-supereffective|p1b: Glimmora|1\n|-damage|p1b: Glimmora|38/100\n|move|p1b: Glimmora|Sludge Wave|p2a: Alakazam|[spread] p2a\n|-activate|p1a: Orthworm|move: Protect\n|-immune|p2b: Steelix\n|-damage|p2a: Alakazam|0 fnt\n|faint|p2a: Alakazam\n|\n|-weather|Sandstorm|[upkeep]\n|-heal|p1a: Orthworm|30/100|[from] item: Leftovers\n|upkeep\n|\n|t:|1776175896\n|switch|p2a: Sinistcha|Sinistcha, L50|20/100\n|-heal|p2b: Steelix|100/100|[from] ability: Hospitality|[of] p2a: Sinistcha\n|turn|8\n|inactive|Alex_H16 has 30 seconds left.\n|\n|t:|1776175927\n|move|p1b: Glimmora|Spiky Shield|p1b: Glimmora\n|-singleturn|p1b: Glimmora|move: Protect\n|move|p2b: Steelix|Body Press|p1b: Glimmora\n|-activate|p1b: Glimmora|move: Protect\n|-damage|p2b: Steelix|88/100|[from] Spiky Shield|[of] p1b: Glimmora\n|move|p2a: Sinistcha|Strength Sap|p1a: Orthworm\n|-unboost|p1a: Orthworm|atk|1\n|-heal|p2a: Sinistcha|91/100\n|move|p1a: Orthworm|Body Press|p2b: Steelix\n|-supereffective|p2b: Steelix|1\n|-damage|p2b: Steelix|30/100\n|\n|-weather|Sandstorm|[upkeep]\n|-damage|p2a: Sinistcha|85/100|[from] Sandstorm\n|-heal|p2a: Sinistcha|91/100|[from] item: Leftovers\n|-heal|p1a: Orthworm|36/100|[from] item: Leftovers\n|upkeep\n|turn|9\n|\n|t:|1776175948\n|move|p1a: Orthworm|Protect|p1a: Orthworm\n|-singleturn|p1a: Orthworm|Protect\n|move|p2a: Sinistcha|Rage Powder|p2a: Sinistcha\n|-singleturn|p2a: Sinistcha|move: Rage Powder\n|move|p2b: Steelix|Body Press|p1b: Glimmora\n|-damage|p1b: Glimmora|0 fnt\n|faint|p1b: Glimmora\n|\n|-weather|none\n|-heal|p2a: Sinistcha|97/100|[from] item: Leftovers\n|-heal|p1a: Orthworm|42/100|[from] item: Leftovers\n|upkeep\n|\n|t:|1776175956\n|switch|p1b: Incineroar|Incineroar, L50, M|30/100\n|-ability|p1b: Incineroar|Intimidate|boost\n|-unboost|p2a: Sinistcha|atk|1\n|-unboost|p2b: Steelix|atk|1\n|turn|10\n|\n|t:|1776175967\n|move|p2a: Sinistcha|Rage Powder|p2a: Sinistcha\n|-singleturn|p2a: Sinistcha|move: Rage Powder\n|move|p2b: Steelix|Body Press|p1b: Incineroar\n|-supereffective|p1b: Incineroar|1\n|-damage|p1b: Incineroar|0 fnt\n|faint|p1b: Incineroar\n|move|p1a: Orthworm|Body Press|p2a: Sinistcha\n|-immune|p2a: Sinistcha\n|\n|-heal|p2a: Sinistcha|100/100|[from] item: Leftovers\n|-heal|p1a: Orthworm|49/100|[from] item: Leftovers\n|upkeep\n|\n|t:|1776175973\n|switch|p1b: Garchomp|Garchomp, L50, F|2/100 frz\n|turn|11\n|-message|Alex_H16 forfeited.\n|\n|win|Sarns\n|raw|Alex_H16's rating: 1083 &rarr; <strong>1058</strong><br />(-25 for losing)\n|raw|Sarns's rating: 1042 &rarr; <strong>1080</strong><br />(+38 for winning)\n|l|\u2606Alex_H16\n|player|p1|\n",
  "uploadtime": 1776175999,
  "views": 12,
  "formatid": "gen9championsvgc2026regma",
  "rating": 1058,
  "private": 0,
  "password": null
}