{
  "id": "gen9championsvgc2026regma-2589550271",
  "format": "[Gen 9 Champions] VGC 2026 Reg M-A",
  "players": [
    "CleanCompetition",
    "Josh247"
  ],
  "log": "|j|\u2606CleanCompetition\n|j|\u2606Josh247\n|t:|1776733257\n|gametype|doubles\n|player|p1|CleanCompetition|1|1074\n|player|p2|Josh247|collector|1023\n|gen|9\n|tier|[Gen 9 Champions] VGC 2026 Reg M-A\n|rated|\n|rule|Species Clause: Limit one of each Pok\u00e9mon\n|rule|Item Clause: Limit 1 of each item\n|clearpoke\n|poke|p1|Froslass, L50, F|\n|poke|p1|Ninetales-Alola, L50, F|\n|poke|p1|Mamoswine, L50, F|\n|poke|p1|Vanilluxe, L50, F|\n|poke|p1|Mr. Rime, L50, F|\n|poke|p1|Crabominable, L50, F|\n|poke|p2|Zoroark-Hisui, L50, M|\n|poke|p2|Whimsicott, L50, F|\n|poke|p2|Gallade, L50, M|\n|poke|p2|Aggron, L50, F|\n|poke|p2|Beartic, L50, M|\n|poke|p2|Milotic, L50, F|\n|teampreview|4\n|c|\u2606CleanCompetition|Ah, Zoroark my dearest..\n|c|\u2606CleanCompetition|Gl hf!\n|\n|t:|1776733395\n|teamsize|p1|4\n|teamsize|p2|4\n|start\n|switch|p1a: A-9 Unit|Ninetales-Alola, L50, F|100/100\n|switch|p1b: Tysonimable|Crabominable, L50, F|100/100\n|switch|p2a: Aggron|Aggron, L50, F|100/100\n|switch|p2b: Gallade|Gallade, L50, M|100/100\n|-weather|Snowscape|[from] ability: Snow Warning|[of] p1a: A-9 Unit\n|turn|1\n|\n|t:|1776733444\n|detailschange|p2b: Gallade|Gallade-Mega, L50, M\n|-mega|p2b: Gallade|Gallade|Galladite\n|detailschange|p1b: Tysonimable|Crabominable-Mega, L50, F\n|-mega|p1b: Tysonimable|Crabominable|Crabominite\n|move|p1a: A-9 Unit|Aurora Veil|p1a: A-9 Unit\n|-sidestart|p1: CleanCompetition|move: Aurora Veil\n|move|p2b: Gallade|Psycho Cut|p1b: Tysonimable\n|-supereffective|p1b: Tysonimable|1\n|-damage|p1b: Tysonimable|78/100\n|move|p2a: Aggron|Iron Head|p1a: A-9 Unit\n|-supereffective|p1a: A-9 Unit|2\n|-damage|p1a: A-9 Unit|20/100\n|move|p1b: Tysonimable|Bulk Up|p1b: Tysonimable\n|-boost|p1b: Tysonimable|atk|1\n|-boost|p1b: Tysonimable|def|1\n|\n|-weather|Snowscape|[upkeep]\n|upkeep\n|turn|2\n|\n|t:|1776733479\n|move|p1a: A-9 Unit|Encore|p2b: Gallade\n|-start|p2b: Gallade|Encore\n|move|p2b: Gallade|Psycho Cut|p1b: Tysonimable\n|-supereffective|p1b: Tysonimable|1\n|-damage|p1b: Tysonimable|64/100\n|move|p2a: Aggron|Head Smash|p1a: A-9 Unit|[miss]\n|-miss|p2a: Aggron|p1a: A-9 Unit\n|move|p1b: Tysonimable|Bulk Up|p1b: Tysonimable\n|-boost|p1b: Tysonimable|atk|1\n|-boost|p1b: Tysonimable|def|1\n|\n|-weather|Snowscape|[upkeep]\n|upkeep\n|turn|3\n|\n|t:|1776733504\n|move|p1a: A-9 Unit|Protect|p1a: A-9 Unit\n|-singleturn|p1a: A-9 Unit|Protect\n|move|p2b: Gallade|Psycho Cut|p1b: Tysonimable\n|-supereffective|p1b: Tysonimable|1\n|-damage|p1b: Tysonimable|52/100\n|move|p2a: Aggron|Head Smash|p1a: A-9 Unit\n|-activate|p1a: A-9 Unit|move: Protect\n|move|p1b: Tysonimable|Drain Punch|p2a: Aggron\n|-supereffective|p2a: Aggron|2\n|-damage|p2a: Aggron|0 fnt\n|-heal|p1b: Tysonimable|96/100|[from] drain|[of] p2a: Aggron\n|faint|p2a: Aggron\n|\n|-weather|Snowscape|[upkeep]\n|upkeep\n|\n|t:|1776733576\n|switch|p2a: Beartic|Beartic, L50, M|100/100\n|turn|4\n|\n|t:|1776733592\n|move|p1a: A-9 Unit|Dazzling Gleam|p2b: Gallade|[spread] p2a,p2b\n|-supereffective|p2b: Gallade|1\n|-damage|p2a: Beartic|78/100\n|-damage|p2b: Gallade|50/100\n|move|p2b: Gallade|Psycho Cut|p1a: A-9 Unit\n|-crit|p1a: A-9 Unit\n|-damage|p1a: A-9 Unit|0 fnt\n|faint|p1a: A-9 Unit\n|move|p2a: Beartic|Body Slam|p1b: Tysonimable\n|-damage|p1b: Tysonimable|92/100\n|-status|p1b: Tysonimable|par\n|move|p1b: Tysonimable|Body Press|p2a: Beartic\n|-supereffective|p2a: Beartic|1\n|-damage|p2a: Beartic|0 fnt\n|faint|p2a: Beartic\n|\n|-weather|Snowscape|[upkeep]\n|-end|p2b: Gallade|Encore\n|upkeep\n|\n|t:|1776733611\n|switch|p1a: Blammo|Mamoswine, L50, F|100/100\n|switch|p2a: Gallade|Gallade-Mega, L50, M|100/100\n|turn|5\n|\n|t:|1776733638\n|move|p2a: Gallade|Bitter Malice|p1b: Tysonimable\n|-damage|p1b: Tysonimable|72/100 par\n|-unboost|p1b: Tysonimable|atk|1\n|move|p2b: Gallade|Drain Punch|p1a: Blammo\n|-supereffective|p1a: Blammo|1\n|-damage|p1a: Blammo|64/100\n|-heal|p2b: Gallade|78/100|[from] drain|[of] p1a: Blammo\n|move|p1b: Tysonimable|Ice Punch|p2a: Gallade\n|-damage|p2a: Gallade|0 fnt\n|replace|p2a: Zoroark|Zoroark-Hisui, L50, M\n|-end|p2a: Zoroark|Illusion\n|faint|p2a: Zoroark\n|move|p1a: Blammo|Avalanche|p2b: Gallade\n|-damage|p2b: Gallade|17/100\n|\n|-weather|none\n|-sideend|p1: CleanCompetition|move: Aurora Veil\n|upkeep\n|turn|6\n|\n|t:|1776733660\n|move|p1a: Blammo|Ice Shard|p2b: Gallade\n|-damage|p2b: Gallade|0 fnt\n|faint|p2b: Gallade\n|\n|win|CleanCompetition\n|raw|CleanCompetition's rating: 1074 &rarr; <strong>1099</strong><br />(+25 for winning)\n|raw|Josh247's rating: 1023 &rarr; <strong>1012</strong><br />(-11 for losing)\n|c|\u2606CleanCompetition|Gg!\n",
  "uploadtime": 1776733667,
  "views": 4,
  "formatid": "gen9championsvgc2026regma",
  "rating": 1012,
  "private": 0,
  "password": null
}