{
  "id": "gen9championsvgc2026regma-2583249349",
  "format": "[Gen 9 Champions] VGC 2026 Reg M-A",
  "players": [
    "la-scamorza",
    "mr_amonguss"
  ],
  "log": "|j|\u2606la-scamorza\n|j|\u2606mr_amonguss\n|t:|1776159408\n|gametype|doubles\n|player|p1|la-scamorza|2|1119\n|player|p2|mr_amonguss|ghetsis|1058\n|gen|9\n|tier|[Gen 9 Champions] VGC 2026 Reg M-A\n|rated|\n|rule|Species Clause: Limit one of each Pok\u00e9mon\n|rule|Item Clause: Limit 1 of each item\n|clearpoke\n|poke|p1|Aggron, L50, F|\n|poke|p1|Sneasler, L50, F|\n|poke|p1|Incineroar, L50, M|\n|poke|p1|Sinistcha, L50|\n|poke|p1|Tyranitar, L50, F|\n|poke|p1|Lycanroc, L50, M|\n|poke|p2|Emboar, L50, F|\n|poke|p2|Starmie, L50|\n|poke|p2|Whimsicott, L50, M|\n|poke|p2|Rotom-Fan, L50|\n|poke|p2|Milotic, L50, M|\n|poke|p2|Zoroark, L50, M|\n|teampreview|4\n|inactive|Battle timer is ON: inactive players will automatically lose when time's up. (requested by mr_amonguss)\nla-scamorza has agreed to open team sheets.\n|inactive|mr_amonguss has 60 seconds left.\n|\n|t:|1776159444\n|teamsize|p1|4\n|teamsize|p2|4\n|start\n|switch|p1a: Aggron|Aggron, L50, F|100/100\n|switch|p1b: Sneasler|Sneasler, L50, F|100/100\n|switch|p2a: Milotic|Milotic, L50, M|100/100\n|switch|p2b: Rotom|Rotom-Fan, L50|100/100\n|turn|1\n|inactive|mr_amonguss has 30 seconds left.\n|\n|t:|1776159477\n|detailschange|p1a: Aggron|Aggron-Mega, L50, F\n|-mega|p1a: Aggron|Aggron|Aggronite\n|move|p1b: Sneasler|Fake Out|p2b: Rotom\n|-damage|p2b: Rotom|82/100\n|cant|p2b: Rotom|flinch\n|move|p2a: Milotic|Scald|p1b: Sneasler\n|-crit|p1b: Sneasler\n|-damage|p1b: Sneasler|22/100\n|move|p1a: Aggron|Iron Defense|p1a: Aggron\n|-boost|p1a: Aggron|def|2\n|\n|upkeep\n|turn|2\n|\n|t:|1776159500\n|move|p2b: Rotom|Will-O-Wisp|p1a: Aggron\n|-status|p1a: Aggron|brn\n|move|p1b: Sneasler|Coaching|p1a: Aggron\n|-boost|p1a: Aggron|atk|1\n|-boost|p1a: Aggron|def|1\n|move|p2a: Milotic|Scald|p1b: Sneasler\n|-damage|p1b: Sneasler|0 fnt\n|faint|p1b: Sneasler\n|move|p1a: Aggron|Body Press|p2a: Milotic\n|-damage|p2a: Milotic|42/100\n|\n|-heal|p2a: Milotic|48/100|[from] item: Leftovers\n|-damage|p1a: Aggron|94/100 brn|[from] brn\n|upkeep\n|\n|t:|1776159509\n|switch|p1b: Sinistcha|Sinistcha, L50|100/100\n|-heal|p1a: Aggron|100/100 brn|[from] ability: Hospitality|[of] p1b: Sinistcha\n|turn|3\n|\n|t:|1776159527\n|switch|p2b: Emboar|Emboar, L50, F, shiny|100/100\n|move|p2a: Milotic|Scald|p1a: Aggron\n|-damage|p1a: Aggron|68/100 brn\n|move|p1b: Sinistcha|Life Dew||[still]|[spread] p1a,p1b\n|-heal|p1a: Aggron|93/100 brn\n|-fail|p1b: Sinistcha|heal\n|move|p1a: Aggron|Body Press|p2a: Milotic\n|-damage|p2a: Milotic|0 fnt\n|faint|p2a: Milotic\n|\n|-damage|p1a: Aggron|87/100 brn|[from] brn\n|upkeep\n|\n|t:|1776159541\n|switch|p2a: Rotom|Rotom-Fan, L50|82/100\n|turn|4\n|\n|t:|1776159551\n|switch|p1b: Incineroar|Incineroar, L50, M|100/100\n|-ability|p1b: Incineroar|Intimidate|boost\n|-unboost|p2a: Rotom|atk|1\n|-unboost|p2b: Emboar|atk|1\n|detailschange|p2b: Emboar|Emboar-Mega, L50, F, shiny\n|-mega|p2b: Emboar|Emboar|Emboarite\n|-ability|p2b: Emboar|Mold Breaker\n|move|p2a: Rotom|Thunderbolt|p1a: Aggron\n|-damage|p1a: Aggron|44/100 brn\n|move|p2b: Emboar|Close Combat|p1a: Aggron\n|-supereffective|p1a: Aggron|1\n|-damage|p1a: Aggron|25/100 brn\n|-unboost|p2b: Emboar|def|1\n|-unboost|p2b: Emboar|spd|1\n|move|p1a: Aggron|Body Press|p2b: Emboar\n|-damage|p2b: Emboar|18/100\n|\n|-damage|p1a: Aggron|19/100 brn|[from] brn\n|upkeep\n|turn|5\n|inactive|la-scamorza has 30 seconds left.\n|\n|t:|1776159577\n|switch|p2a: Starmie|Starmie, L50, shiny|100/100\n|move|p1a: Aggron|Protect|p1a: Aggron\n|-singleturn|p1a: Aggron|Protect\n|move|p2b: Emboar|Earthquake|p1a: Aggron|[spread] p2a,p1b\n|-activate|p1a: Aggron|move: Protect\n|-supereffective|p1b: Incineroar|1\n|-damage|p2a: Starmie|71/100\n|-damage|p1b: Incineroar|68/100\n|move|p1b: Incineroar|Parting Shot|p2b: Emboar\n|-unboost|p2b: Emboar|atk|1\n|-unboost|p2b: Emboar|spa|1\n|\n|t:|1776159588\n|switch|p1b: Sinistcha|Sinistcha, L50|100/100|[from] Parting Shot\n|-heal|p1a: Aggron|44/100 brn|[from] ability: Hospitality|[of] p1b: Sinistcha\n|\n|-damage|p1a: Aggron|37/100 brn|[from] brn\n|upkeep\n|turn|6\n|\n|t:|1776159610\n|switch|p2b: Rotom|Rotom-Fan, L50|82/100\n|switch|p1a: Incineroar|Incineroar, L50, M|68/100\n|-ability|p1a: Incineroar|Intimidate|boost\n|-unboost|p2a: Starmie|atk|1\n|-unboost|p2b: Rotom|atk|1\n|move|p2a: Starmie|Protect|p2a: Starmie\n|-singleturn|p2a: Starmie|Protect\n|move|p1b: Sinistcha|Trick Room|p1b: Sinistcha\n|-fieldstart|move: Trick Room|[of] p1b: Sinistcha\n|\n|upkeep\n|turn|7\n|\n|t:|1776159629\n|switch|p2a: Emboar|Emboar-Mega, L50, F, shiny|18/100\n|-ability|p2a: Emboar|Mold Breaker\n|move|p1a: Incineroar|Darkest Lariat|p2b: Rotom\n|-damage|p2b: Rotom|34/100\n|move|p1b: Sinistcha|Matcha Gotcha|p2b: Rotom|[spread] p2a,p2b\n|-resisted|p2a: Emboar|1\n|-resisted|p2b: Rotom|1\n|-damage|p2a: Emboar|8/100\n|-damage|p2b: Rotom|17/100\n|move|p2b: Rotom|Thunderbolt|p1a: Incineroar\n|-damage|p1a: Incineroar|34/100\n|-enditem|p1a: Incineroar|Sitrus Berry|[eat]\n|-heal|p1a: Incineroar|58/100|[from] item: Sitrus Berry\n|\n|upkeep\n|turn|8\n|inactive|la-scamorza has 30 seconds left.\n|-message|mr_amonguss forfeited.\n|\n|win|la-scamorza\n|raw|la-scamorza's rating: 1119 &rarr; <strong>1140</strong><br />(+21 for winning)\n|raw|mr_amonguss's rating: 1058 &rarr; <strong>1043</strong><br />(-15 for losing)\n|l|\u2606mr_amonguss\n|player|p2|\n",
  "uploadtime": 1776159661,
  "views": 20,
  "formatid": "gen9championsvgc2026regma",
  "rating": 1043,
  "private": 0,
  "password": null
}