{
  "id": "gen9championsvgc2026regma-2588504011",
  "format": "[Gen 9 Champions] VGC 2026 Reg M-A",
  "players": [
    "Pikle1960",
    "tealpens2"
  ],
  "log": "|j|\u2606Pikle1960\n|j|\u2606tealpens2\n|t:|1776639533\n|gametype|doubles\n|player|p1|Pikle1960|steven|1102\n|player|p2|tealpens2|266|1152\n|gen|9\n|tier|[Gen 9 Champions] VGC 2026 Reg M-A\n|rated|\n|rule|Species Clause: Limit one of each Pok\u00e9mon\n|rule|Item Clause: Limit 1 of each item\n|clearpoke\n|poke|p1|Sylveon, L50, F|\n|poke|p1|Orthworm, L50, F, shiny|\n|poke|p1|Garchomp, L50, F, shiny|\n|poke|p1|Tyranitar, L50, F|\n|poke|p1|Chimecho, L50, M|\n|poke|p1|Corviknight, L50, M, shiny|\n|poke|p2|Tyranitar, L50, F|\n|poke|p2|Garchomp, L50, M|\n|poke|p2|Aerodactyl, L50, F|\n|poke|p2|Rotom-Wash, L50|\n|poke|p2|Sinistcha, L50|\n|poke|p2|Sneasler, L50, F|\n|teampreview|4\n|\n|t:|1776639629\n|teamsize|p1|4\n|teamsize|p2|4\n|start\n|switch|p1a: Tyranitar|Tyranitar, L50, F|100/100\n|switch|p1b: Corviknight|Corviknight, L50, M, shiny|100/100\n|switch|p2a: Rotom|Rotom-Wash, L50|100/100\n|switch|p2b: Sneasler|Sneasler, L50, F|100/100\n|-weather|Sandstorm|[from] ability: Sand Stream|[of] p1a: Tyranitar\n|turn|1\n|\n|t:|1776639665\n|move|p2a: Rotom|Thunderbolt|p1b: Corviknight\n|-supereffective|p1b: Corviknight|1\n|-damage|p1b: Corviknight|28/100\n|move|p2b: Sneasler|Close Combat|p1a: Tyranitar\n|-supereffective|p1a: Tyranitar|2\n|-damage|p1a: Tyranitar|0 fnt\n|-unboost|p2b: Sneasler|def|1\n|-unboost|p2b: Sneasler|spd|1\n|faint|p1a: Tyranitar\n|-enditem|p2b: Sneasler|White Herb\n|-clearnegativeboost|p2b: Sneasler|[silent]\n|move|p1b: Corviknight|Tailwind|p1b: Corviknight\n|-sidestart|p1: Pikle1960|move: Tailwind\n|\n|-weather|Sandstorm|[upkeep]\n|-damage|p2b: Sneasler|95/100|[from] Sandstorm\n|-damage|p2a: Rotom|94/100|[from] Sandstorm\n|upkeep\n|\n|t:|1776639694\n|switch|p1a: Chimecho|Chimecho, L50, M|100/100\n|turn|2\n|\n|t:|1776639722\n|switch|p2b: Tyranitar|Tyranitar, L50, F|100/100\n|detailschange|p1a: Chimecho|Chimecho-Mega, L50, M\n|-mega|p1a: Chimecho|Chimecho|Chimechite\n|move|p1b: Corviknight|Brave Bird|p2b: Tyranitar\n|-resisted|p2b: Tyranitar|1\n|-damage|p2b: Tyranitar|84/100\n|-damage|p1b: Corviknight|23/100|[from] Recoil\n|move|p2a: Rotom|Thunderbolt|p1b: Corviknight\n|-supereffective|p1b: Corviknight|1\n|-damage|p1b: Corviknight|0 fnt\n|faint|p1b: Corviknight\n|move|p1a: Chimecho|Calm Mind|p1a: Chimecho\n|-boost|p1a: Chimecho|spa|1\n|-boost|p1a: Chimecho|spd|1\n|\n|-weather|Sandstorm|[upkeep]\n|-damage|p2a: Rotom|88/100|[from] Sandstorm\n|upkeep\n|\n|t:|1776639736\n|switch|p1b: Garchomp|Garchomp, L50, F, shiny|100/100\n|turn|3\n|\n|t:|1776639765\n|switch|p2a: Garchomp|Garchomp, L50, M|100/100\n|detailschange|p2b: Tyranitar|Tyranitar-Mega, L50, F\n|-mega|p2b: Tyranitar|Tyranitar|Tyranitarite\n|move|p1b: Garchomp|Earthquake|p2a: Garchomp|[spread] p2a,p2b\n|-immune|p1a: Chimecho|[from] ability: Levitate\n|-supereffective|p2b: Tyranitar|1\n|-damage|p2a: Garchomp|63/100\n|-damage|p2b: Tyranitar|26/100\n|move|p1a: Chimecho|Psychic|p2a: Garchomp\n|-damage|p2a: Garchomp|0 fnt\n|faint|p2a: Garchomp\n|move|p2b: Tyranitar|Knock Off|p1a: Chimecho\n|-supereffective|p1a: Chimecho|1\n|-crit|p1a: Chimecho\n|-damage|p1a: Chimecho|0 fnt\n|faint|p1a: Chimecho\n|\n|-weather|Sandstorm|[upkeep]\n|upkeep\n|\n|t:|1776639787\n|switch|p2a: Sneasler|Sneasler, L50, F|95/100\n|turn|4\n|\n|t:|1776639802\n|switch|p2b: Rotom|Rotom-Wash, L50|88/100\n|move|p2a: Sneasler|Fake Out|p1b: Garchomp\n|-damage|p1b: Garchomp|85/100\n|-damage|p2a: Sneasler|83/100|[from] ability: Rough Skin|[of] p1b: Garchomp\n|cant|p1b: Garchomp|flinch\n|\n|-weather|Sandstorm|[upkeep]\n|-damage|p2b: Rotom|82/100|[from] Sandstorm\n|-damage|p2a: Sneasler|77/100|[from] Sandstorm\n|-sideend|p1: Pikle1960|move: Tailwind\n|upkeep\n|turn|5\n|-message|Pikle1960 forfeited.\n|\n|win|tealpens2\n|raw|Pikle1960's rating: 1102 &rarr; <strong>1081</strong><br />(-21 for losing)\n|raw|tealpens2's rating: 1152 &rarr; <strong>1173</strong><br />(+21 for winning)\n|l|\u2606Pikle1960\n|player|p1|\n",
  "uploadtime": 1776639815,
  "views": 13,
  "formatid": "gen9championsvgc2026regma",
  "rating": 1081,
  "private": 0,
  "password": null
}