{
  "id": "gen9championsvgc2026regma-2582012009",
  "format": "[Gen 9 Champions] VGC 2026 Reg M-A",
  "players": [
    "AmaralCariokk",
    "Adicire"
  ],
  "log": "|j|\u2606AmaralCariokk\n|j|\u2606Adicire\n|t:|1776048224\n|gametype|doubles\n|player|p1|AmaralCariokk|102|1189\n|player|p2|Adicire|266|1239\n|gen|9\n|tier|[Gen 9 Champions] VGC 2026 Reg M-A\n|rated|\n|rule|Species Clause: Limit one of each Pok\u00e9mon\n|rule|Item Clause: Limit 1 of each item\n|clearpoke\n|poke|p1|Crabominable, L50, F|\n|poke|p1|Froslass, L50, F|\n|poke|p1|Aerodactyl, L50, M|\n|poke|p1|Hatterene, L50, F|\n|poke|p1|Sneasler, L50, M|\n|poke|p1|Hydreigon, L50, F|\n|poke|p2|Kangaskhan, L50, F|\n|poke|p2|Talonflame, L50, M|\n|poke|p2|Sinistcha, L50|\n|poke|p2|Basculegion, L50, M|\n|poke|p2|Garchomp, L50, F|\n|poke|p2|Kingambit, L50, F|\n|teampreview|4\n|\n|t:|1776048256\n|teamsize|p1|4\n|teamsize|p2|4\n|start\n|switch|p1a: Sneasler|Sneasler, L50, M, shiny|100/100\n|switch|p1b: Aerodactyl|Aerodactyl, L50, M|100/100\n|switch|p2a: Kingambit|Kingambit, L50, F|100/100\n|switch|p2b: Talonflame|Talonflame, L50, M|100/100\n|-ability|p1b: Aerodactyl|Unnerve\n|turn|1\n|\n|t:|1776048295\n|move|p1a: Sneasler|Fake Out|p2b: Talonflame\n|-damage|p2b: Talonflame|83/100\n|move|p1b: Aerodactyl|Tailwind|p1b: Aerodactyl\n|-sidestart|p1: AmaralCariokk|move: Tailwind\n|cant|p2b: Talonflame|flinch\n|move|p2a: Kingambit|Iron Head|p1a: Sneasler\n|-damage|p1a: Sneasler|45/100\n|\n|upkeep\n|turn|2\n|\n|t:|1776048314\n|switch|p2b: Basculegion|Basculegion, L50, M|100/100\n|move|p2a: Kingambit|Protect|p2a: Kingambit\n|-singleturn|p2a: Kingambit|Protect\n|move|p1b: Aerodactyl|Rock Slide|p2a: Kingambit|[spread] \n|-activate|p2a: Kingambit|move: Protect\n|-miss|p1b: Aerodactyl|p2b: Basculegion\n|move|p1a: Sneasler|Close Combat|p2a: Kingambit\n|-activate|p2a: Kingambit|move: Protect\n|\n|upkeep\n|turn|3\n|\n|t:|1776048338\n|move|p1a: Sneasler|Protect|p1a: Sneasler\n|-singleturn|p1a: Sneasler|Protect\n|move|p2b: Basculegion|Aqua Jet|p1a: Sneasler\n|-activate|p1a: Sneasler|move: Protect\n|move|p1b: Aerodactyl|Rock Slide|p2b: Basculegion|[spread] p2a,p2b\n|-resisted|p2a: Kingambit|1\n|-damage|p2a: Kingambit|90/100\n|-damage|p2b: Basculegion|66/100\n|cant|p2a: Kingambit|flinch\n|\n|upkeep\n|turn|4\n|\n|t:|1776048352\n|switch|p1a: Hydreigon|Hydreigon, L50, F|100/100\n|move|p2b: Basculegion|Aqua Jet|p1a: Hydreigon\n|-resisted|p1a: Hydreigon|1\n|-damage|p1a: Hydreigon|85/100\n|move|p1b: Aerodactyl|Rock Slide|p2a: Kingambit|[spread] p2a,p2b\n|-resisted|p2a: Kingambit|1\n|-damage|p2a: Kingambit|79/100\n|-damage|p2b: Basculegion|35/100\n|cant|p2a: Kingambit|flinch\n|\n|-sideend|p1: AmaralCariokk|move: Tailwind\n|upkeep\n|turn|5\n|c|\u2606Adicire|JUST MOVE\n|\n|t:|1776048394\n|switch|p2b: Kangaskhan|Kangaskhan, L50, F|100/100\n|move|p1a: Hydreigon|Dark Pulse|p2b: Kangaskhan\n|-damage|p2b: Kangaskhan|53/100\n|move|p1b: Aerodactyl|Rock Slide|p2a: Kingambit|[spread] p2a\n|-miss|p1b: Aerodactyl|p2b: Kangaskhan\n|-resisted|p2a: Kingambit|1\n|-damage|p2a: Kingambit|68/100\n|move|p2a: Kingambit|Iron Head|p1b: Aerodactyl\n|-supereffective|p1b: Aerodactyl|1\n|-enditem|p1b: Aerodactyl|Focus Sash\n|-damage|p1b: Aerodactyl|1/100\n|\n|upkeep\n|turn|6\n|\n|t:|1776048410\n|detailschange|p2b: Kangaskhan|Kangaskhan-Mega, L50, F\n|-mega|p2b: Kangaskhan|Kangaskhan|Kangaskhanite\n|move|p1b: Aerodactyl|Protect|p1b: Aerodactyl\n|-singleturn|p1b: Aerodactyl|Protect\n|move|p2b: Kangaskhan|Fake Out|p1b: Aerodactyl\n|-activate|p1b: Aerodactyl|move: Protect\n|move|p1a: Hydreigon|Dark Pulse|p2b: Kangaskhan\n|-damage|p2b: Kangaskhan|15/100\n|move|p2a: Kingambit|Iron Head|p1a: Hydreigon\n|-damage|p1a: Hydreigon|29/100\n|\n|upkeep\n|turn|7\n|\n|t:|1776048441\n|move|p2a: Kingambit|Sucker Punch|p1a: Hydreigon\n|-resisted|p1a: Hydreigon|1\n|-damage|p1a: Hydreigon|2/100\n|move|p1a: Hydreigon|Dark Pulse|p2b: Kangaskhan\n|-damage|p2b: Kangaskhan|0 fnt\n|faint|p2b: Kangaskhan\n|move|p1b: Aerodactyl|Rock Slide|p2a: Kingambit\n|-resisted|p2a: Kingambit|1\n|-crit|p2a: Kingambit\n|-damage|p2a: Kingambit|46/100\n|\n|upkeep\n|\n|t:|1776048452\n|switch|p2b: Basculegion|Basculegion, L50, M|35/100\n|turn|8\n|\n|t:|1776048467\n|move|p2b: Basculegion|Aqua Jet|p1b: Aerodactyl\n|-supereffective|p1b: Aerodactyl|1\n|-damage|p1b: Aerodactyl|0 fnt\n|faint|p1b: Aerodactyl\n|move|p2a: Kingambit|Sucker Punch|p1a: Hydreigon\n|-resisted|p1a: Hydreigon|1\n|-damage|p1a: Hydreigon|0 fnt\n|faint|p1a: Hydreigon\n|\n|upkeep\n|\n|t:|1776048476\n|switch|p1b: Sneasler|Sneasler, L50, M, shiny|45/100\n|switch|p1a: Froslass|Froslass, L50, F|100/100\n|turn|9\n|c|\u2606Adicire|Im lossing just bc double flinch insane\n|\n|t:|1776048493\n|switch|p2b: Talonflame|Talonflame, L50, M|83/100\n|detailschange|p1a: Froslass|Froslass-Mega, L50, F\n|-mega|p1a: Froslass|Froslass|Froslassite\n|-weather|Snowscape|[from] ability: Snow Warning|[of] p1a: Froslass\n|move|p2a: Kingambit|Protect|p2a: Kingambit\n|-singleturn|p2a: Kingambit|Protect\n|move|p1a: Froslass|Aurora Veil|p1a: Froslass\n|-sidestart|p1: AmaralCariokk|move: Aurora Veil\n|move|p1b: Sneasler|Close Combat|p2a: Kingambit\n|-activate|p2a: Kingambit|move: Protect\n|\n|-weather|Snowscape|[upkeep]\n|upkeep\n|turn|10\n|\n|t:|1776048510\n|move|p2b: Talonflame|Tailwind|p2b: Talonflame\n|-sidestart|p2: Adicire|move: Tailwind\n|move|p1a: Froslass|Blizzard|p2a: Kingambit|[spread] p2a,p2b\n|-resisted|p2a: Kingambit|1\n|-damage|p2a: Kingambit|20/100\n|-damage|p2b: Talonflame|22/100\n|move|p2a: Kingambit|Iron Head|p1a: Froslass\n|-supereffective|p1a: Froslass|1\n|-damage|p1a: Froslass|32/100\n|move|p1b: Sneasler|Close Combat|p2a: Kingambit\n|-supereffective|p2a: Kingambit|2\n|-damage|p2a: Kingambit|0 fnt\n|-unboost|p1b: Sneasler|def|1\n|-unboost|p1b: Sneasler|spd|1\n|faint|p2a: Kingambit\n|-enditem|p1b: Sneasler|White Herb\n|-clearnegativeboost|p1b: Sneasler|[silent]\n|\n|-weather|Snowscape|[upkeep]\n|upkeep\n|\n|t:|1776048514\n|switch|p2a: Basculegion|Basculegion, L50, M|35/100\n|turn|11\n|inactive|Battle timer is ON: inactive players will automatically lose when time's up. (requested by Adicire)\n|\n|t:|1776048542\n|move|p2a: Basculegion|Last Respects|p1b: Sneasler\n|-damage|p1b: Sneasler|0 fnt\n|faint|p1b: Sneasler\n|move|p2b: Talonflame|Overheat|p1a: Froslass\n|-supereffective|p1a: Froslass|1\n|-damage|p1a: Froslass|0 fnt\n|-unboost|p2b: Talonflame|spa|2\n|faint|p1a: Froslass\n|\n|win|Adicire\n|raw|AmaralCariokk's rating: 1189 &rarr; <strong>1168</strong><br />(-21 for losing)\n|raw|Adicire's rating: 1239 &rarr; <strong>1260</strong><br />(+21 for winning)\n|l|\u2606AmaralCariokk\n|player|p1|\n|c|\u2606Adicire|zzzzz\n",
  "uploadtime": 1776048554,
  "views": 14,
  "formatid": "gen9championsvgc2026regma",
  "rating": 1168,
  "private": 0,
  "password": null
}