{
  "id": "gen9championsvgc2026regma-2582081087",
  "format": "[Gen 9 Champions] VGC 2026 Reg M-A",
  "players": [
    "mmmjam",
    "DissFunktion"
  ],
  "log": "|j|\u2606mmmjam\n|j|\u2606DissFunktion\n|t:|1776055478\n|gametype|doubles\n|player|p1|mmmjam|266|1082\n|player|p2|DissFunktion|170|1081\n|gen|9\n|tier|[Gen 9 Champions] VGC 2026 Reg M-A\n|rated|\n|rule|Species Clause: Limit one of each Pok\u00e9mon\n|rule|Item Clause: Limit 1 of each item\n|clearpoke\n|poke|p1|Meganium, L50, F|\n|poke|p1|Politoed, L50, M|\n|poke|p1|Basculegion, L50, M|\n|poke|p1|Archaludon, L50, F|\n|poke|p1|Maushold-Four, L50|\n|poke|p1|Talonflame, L50, F|\n|poke|p2|Floette-Eternal, L50, F|\n|poke|p2|Sneasler, L50, F|\n|poke|p2|Kangaskhan, L50, F|\n|poke|p2|Aerodactyl, L50, M|\n|poke|p2|Garchomp, L50, F|\n|poke|p2|Sinistcha, L50|\n|teampreview|4\n|inactive|Battle timer is ON: inactive players will automatically lose when time's up. (requested by mmmjam)\n|inactive|DissFunktion has 60 seconds left.\n|inactive|DissFunktion has 30 seconds left.\n|\n|t:|1776055578\n|teamsize|p1|4\n|teamsize|p2|4\n|start\n|switch|p1a: Politoed|Politoed, L50, M|100/100\n|switch|p1b: Basculegion|Basculegion, L50, M|100/100\n|switch|p2a: Aerodactyl|Aerodactyl, L50, M|100/100\n|switch|p2b: Sneasler|Sneasler, L50, F|100/100\n|-ability|p2a: Aerodactyl|Unnerve\n|-weather|RainDance|[from] ability: Drizzle|[of] p1a: Politoed\n|turn|1\n|inactive|mmmjam has 30 seconds left.\n|inactive|mmmjam has 20 seconds left.\n|inactive|mmmjam has 15 seconds left.\n|inactive|mmmjam has 10 seconds left.\n|\n|t:|1776055624\n|move|p2b: Sneasler|Protect|p2b: Sneasler\n|-singleturn|p2b: Sneasler|Protect\n|move|p1a: Politoed|Protect|p1a: Politoed\n|-singleturn|p1a: Politoed|Protect\n|move|p1b: Basculegion|Wave Crash|p2b: Sneasler\n|-activate|p2b: Sneasler|move: Protect\n|move|p2a: Aerodactyl|Tailwind|p2a: Aerodactyl\n|-sidestart|p2: DissFunktion|move: Tailwind\n|\n|-weather|RainDance|[upkeep]\n|upkeep\n|turn|2\n|inactive|DissFunktion has 30 seconds left.\n|inactive|DissFunktion has 20 seconds left.\n|inactive|mmmjam has 30 seconds left.\n|inactive|DissFunktion has 15 seconds left.\n|inactive|DissFunktion has 10 seconds left.\n|\n|t:|1776055669\n|move|p2a: Aerodactyl|Rock Slide|p1b: Basculegion|[spread] p1a,p1b\n|-damage|p1a: Politoed|78/100\n|-damage|p1b: Basculegion|66/100\n|move|p2b: Sneasler|Dire Claw|p1a: Politoed\n|-damage|p1a: Politoed|43/100\n|-status|p1a: Politoed|psn\n|move|p1b: Basculegion|Wave Crash|p2b: Sneasler\n|-damage|p2b: Sneasler|0 fnt\n|faint|p2b: Sneasler\n|-damage|p1b: Basculegion|40/100|[from] Recoil\n|cant|p1a: Politoed|flinch\n|\n|-weather|RainDance|[upkeep]\n|-damage|p1a: Politoed|30/100 psn|[from] psn\n|upkeep\n|inactive|DissFunktion has 30 seconds left.\n|\n|t:|1776055695\n|switch|p2b: Kangaskhan|Kangaskhan, L50, F|100/100\n|turn|3\n|inactive|mmmjam has 30 seconds left.\n|inactive|DissFunktion has 30 seconds left.\n|inactive|DissFunktion has 20 seconds left.\n|inactive|mmmjam has 20 seconds left.\n|inactive|DissFunktion has 15 seconds left.\n|inactive|mmmjam has 15 seconds left.\n|inactive|DissFunktion has 10 seconds left.\n|inactive|mmmjam has 10 seconds left.\n|inactive|DissFunktion has 5 seconds left.\n|\n|t:|1776055749\n|switch|p1b: Archaludon|Archaludon, L50, F|100/100\n|detailschange|p2b: Kangaskhan|Kangaskhan-Mega, L50, F\n|-mega|p2b: Kangaskhan|Kangaskhan|Kangaskhanite\n|move|p1a: Politoed|Protect|p1a: Politoed\n|-singleturn|p1a: Politoed|Protect\n|move|p2a: Aerodactyl|Dual Wingbeat|p1b: Archaludon\n|-resisted|p1b: Archaludon|1\n|-damage|p1b: Archaludon|93/100\n|-resisted|p1b: Archaludon|1\n|-damage|p1b: Archaludon|85/100\n|-hitcount|p1b: Archaludon|2\n|move|p2b: Kangaskhan|Ice Punch|p1b: Archaludon\n|-damage|p1b: Archaludon|65/100\n|-crit|p1b: Archaludon\n|-damage|p1b: Archaludon|56/100\n|-hitcount|p1b: Archaludon|2\n|\n|-weather|RainDance|[upkeep]\n|-damage|p1a: Politoed|18/100 psn|[from] psn\n|upkeep\n|turn|4\n|inactive|mmmjam has 30 seconds left.\n|inactive|DissFunktion has 30 seconds left.\n|inactive|mmmjam has 20 seconds left.\n|inactive|mmmjam has 15 seconds left.\n|inactive|DissFunktion has 20 seconds left.\n|inactive|DissFunktion has 15 seconds left.\n|\n|t:|1776055794\n|move|p2a: Aerodactyl|Rock Slide|p1b: Archaludon|[spread] p1a,p1b\n|-resisted|p1b: Archaludon|1\n|-damage|p1a: Politoed|0 fnt\n|-damage|p1b: Archaludon|45/100\n|faint|p1a: Politoed\n|move|p2b: Kangaskhan|Drain Punch|p1b: Archaludon\n|-supereffective|p1b: Archaludon|1\n|-damage|p1b: Archaludon|5/100\n|-supereffective|p1b: Archaludon|1\n|-damage|p1b: Archaludon|0 fnt\n|faint|p1b: Archaludon\n|-hitcount|p1: Archaludon|2\n|\n|-weather|RainDance|[upkeep]\n|-sideend|p2: DissFunktion|move: Tailwind\n|upkeep\n|\n|t:|1776055806\n|switch|p1b: Meganium|Meganium, L50, F|100/100\n|switch|p1a: Basculegion|Basculegion, L50, M|40/100\n|turn|5\n|inactive|mmmjam has 30 seconds left.\n|inactive|mmmjam has 20 seconds left.\n|inactive|mmmjam has 15 seconds left.\n|inactive|mmmjam has 10 seconds left.\n|\n|t:|1776055853\n|switch|p2b: Sinistcha|Sinistcha, L50|100/100\n|detailschange|p1b: Meganium|Meganium-Mega, L50, F\n|-mega|p1b: Meganium|Meganium|Meganiumite\n|move|p1a: Basculegion|Last Respects|p2a: Aerodactyl\n|-enditem|p2a: Aerodactyl|Focus Sash\n|-damage|p2a: Aerodactyl|1/100\n|move|p2a: Aerodactyl|Tailwind|p2a: Aerodactyl\n|-sidestart|p2: DissFunktion|move: Tailwind\n|move|p1b: Meganium|Solar Beam||[still]\n|-prepare|p1b: Meganium|Solar Beam\n|-activate|p1b: Meganium|ability: Mega Sol\n|-anim|p1b: Meganium|Solar Beam|p2b: Sinistcha\n|-resisted|p2b: Sinistcha|1\n|-damage|p2b: Sinistcha|57/100\n|\n|-weather|none\n|upkeep\n|turn|6\n|\n|t:|1776055876\n|move|p2a: Aerodactyl|Dual Wingbeat|p1b: Meganium\n|-supereffective|p1b: Meganium|1\n|-damage|p1b: Meganium|69/100\n|-supereffective|p1b: Meganium|1\n|-damage|p1b: Meganium|38/100\n|-hitcount|p1b: Meganium|2\n|move|p1a: Basculegion|Last Respects|p2b: Sinistcha\n|-supereffective|p2b: Sinistcha|1\n|-damage|p2b: Sinistcha|0 fnt\n|faint|p2b: Sinistcha\n|move|p1b: Meganium|Dazzling Gleam|p2a: Aerodactyl\n|-damage|p2a: Aerodactyl|0 fnt\n|faint|p2a: Aerodactyl\n|\n|upkeep\n|inactive|DissFunktion has 30 seconds left.\n|\n|t:|1776055905\n|switch|p2b: Kangaskhan|Kangaskhan-Mega, L50, F|100/100\n|turn|7\n|\n|t:|1776055922\n|move|p1b: Meganium|Protect|p1b: Meganium\n|-singleturn|p1b: Meganium|Protect\n|move|p2b: Kangaskhan|Ice Punch|p1b: Meganium\n|-activate|p1b: Meganium|move: Protect\n|move|p1a: Basculegion|Last Respects|p2b: Kangaskhan\n|-immune|p2b: Kangaskhan\n|\n|upkeep\n|turn|8\n|\n|t:|1776055932\n|move|p1b: Meganium|Protect||[still]\n|-fail|p1b: Meganium\n|move|p2b: Kangaskhan|Ice Punch|p1b: Meganium\n|-supereffective|p1b: Meganium|1\n|-damage|p1b: Meganium|0 fnt\n|faint|p1b: Meganium\n|-hitcount|p1: Meganium|1\n|move|p1a: Basculegion|Last Respects|p2b: Kangaskhan\n|-immune|p2b: Kangaskhan\n|\n|-sideend|p2: DissFunktion|move: Tailwind\n|upkeep\n|turn|9\n|\n|t:|1776055938\n|move|p1a: Basculegion|Last Respects|p2b: Kangaskhan\n|-immune|p2b: Kangaskhan\n|move|p2b: Kangaskhan|Ice Punch|p1a: Basculegion\n|-resisted|p1a: Basculegion|1\n|-damage|p1a: Basculegion|23/100\n|-resisted|p1a: Basculegion|1\n|-damage|p1a: Basculegion|20/100\n|-hitcount|p1a: Basculegion|2\n|\n|upkeep\n|turn|10\n|\n|t:|1776055941\n|move|p1a: Basculegion|Last Respects|p2b: Kangaskhan\n|-immune|p2b: Kangaskhan\n|move|p2b: Kangaskhan|Ice Punch|p1a: Basculegion\n|-resisted|p1a: Basculegion|1\n|-damage|p1a: Basculegion|4/100\n|-status|p1a: Basculegion|frz\n|-resisted|p1a: Basculegion|1\n|-damage|p1a: Basculegion|0 fnt\n|faint|p1a: Basculegion\n|-hitcount|p1: Basculegion|2\n|\n|win|DissFunktion\n|raw|mmmjam's rating: 1082 &rarr; <strong>1060</strong><br />(-22 for losing)\n|raw|DissFunktion's rating: 1081 &rarr; <strong>1109</strong><br />(+28 for winning)\n|l|\u2606DissFunktion\n|player|p2|\n",
  "uploadtime": 1776055966,
  "views": 14,
  "formatid": "gen9championsvgc2026regma",
  "rating": 1060,
  "private": 0,
  "password": null
}