{
  "id": "gen9championsvgc2026regma-2582362505",
  "format": "[Gen 9 Champions] VGC 2026 Reg M-A",
  "players": [
    "1#MiraidonHater",
    "GymLeaderRonnie"
  ],
  "log": "|j|\u26061#MiraidonHater\n|j|\u2606GymLeaderRonnie\n|t:|1776086484\n|gametype|doubles\n|player|p1|1#MiraidonHater|170|1284\n|player|p2|GymLeaderRonnie|serena|1406\n|gen|9\n|tier|[Gen 9 Champions] VGC 2026 Reg M-A\n|rated|\n|rule|Species Clause: Limit one of each Pok\u00e9mon\n|rule|Item Clause: Limit 1 of each item\n|clearpoke\n|poke|p1|Kommo-o, L50, F|\n|poke|p1|Incineroar, L50, M|\n|poke|p1|Glimmora, L50, M|\n|poke|p1|Sinistcha, L50|\n|poke|p1|Talonflame, L50, M|\n|poke|p1|Palafin, L50, M|\n|poke|p2|Charizard, L50, F|\n|poke|p2|Whimsicott, L50, F|\n|poke|p2|Kingambit, L50, F|\n|poke|p2|Farigiraf, L50, M|\n|poke|p2|Venusaur, L50, M|\n|poke|p2|Sylveon, L50, F|\n|teampreview|4\n|\n|t:|1776086526\n|teamsize|p1|4\n|teamsize|p2|4\n|start\n|switch|p1a: Kommo-o|Kommo-o, L50, F|100/100\n|switch|p1b: Glimmora|Glimmora, L50, M|100/100\n|switch|p2a: Kingambit|Kingambit, L50, F|100/100\n|switch|p2b: Farigiraf|Farigiraf, L50, M|100/100\n|turn|1\n|\n|t:|1776086559\n|detailschange|p1b: Glimmora|Glimmora-Mega, L50, M\n|-mega|p1b: Glimmora|Glimmora|Glimmoranite\n|move|p2a: Kingambit|Protect|p2a: Kingambit\n|-singleturn|p2a: Kingambit|Protect\n|move|p1b: Glimmora|Sludge Bomb|p2b: Farigiraf\n|-damage|p2b: Farigiraf|34/100\n|-status|p2b: Farigiraf|psn\n|move|p1a: Kommo-o|Aura Sphere|p2a: Kingambit\n|-activate|p2a: Kingambit|move: Protect\n|move|p2b: Farigiraf|Trick Room|p2b: Farigiraf\n|-fieldstart|move: Trick Room|[of] p2b: Farigiraf\n|\n|-damage|p2b: Farigiraf|21/100 psn|[from] psn\n|upkeep\n|turn|2\n|\n|t:|1776086597\n|switch|p1a: Sinistcha|Sinistcha, L50|100/100\n|move|p2a: Kingambit|Iron Head|p1a: Sinistcha\n|-damage|p1a: Sinistcha|58/100\n|move|p2b: Farigiraf|Psychic|p1a: Sinistcha\n|-damage|p1a: Sinistcha|27/100\n|move|p1b: Glimmora|Earth Power|p2a: Kingambit\n|-supereffective|p2a: Kingambit|1\n|-damage|p2a: Kingambit|31/100\n|\n|-damage|p2b: Farigiraf|9/100 psn|[from] psn\n|upkeep\n|turn|3\n|\n|t:|1776086617\n|move|p1a: Sinistcha|Protect|p1a: Sinistcha\n|-singleturn|p1a: Sinistcha|Protect\n|move|p1b: Glimmora|Spiky Shield|p1b: Glimmora\n|-singleturn|p1b: Glimmora|move: Protect\n|move|p2a: Kingambit|Iron Head|p1a: Sinistcha\n|-activate|p1a: Sinistcha|move: Protect\n|move|p2b: Farigiraf|Psychic|p1b: Glimmora\n|-activate|p1b: Glimmora|move: Protect\n|\n|-damage|p2b: Farigiraf|0 fnt|[from] psn\n|faint|p2b: Farigiraf\n|upkeep\n|\n|t:|1776086621\n|switch|p2b: Sylveon|Sylveon, L50, F|100/100\n|turn|4\n|\n|t:|1776086636\n|move|p2b: Sylveon|Protect|p2b: Sylveon\n|-singleturn|p2b: Sylveon|Protect\n|move|p1a: Sinistcha|Rage Powder|p1a: Sinistcha\n|-singleturn|p1a: Sinistcha|move: Rage Powder\n|move|p2a: Kingambit|Kowtow Cleave|p1a: Sinistcha\n|-supereffective|p1a: Sinistcha|1\n|-damage|p1a: Sinistcha|0 fnt\n|faint|p1a: Sinistcha\n|move|p1b: Glimmora|Sludge Bomb|p2b: Sylveon\n|-activate|p2b: Sylveon|move: Protect\n|\n|upkeep\n|\n|t:|1776086641\n|switch|p1a: Incineroar|Incineroar, L50, M|100/100\n|-ability|p1a: Incineroar|Intimidate|boost\n|-unboost|p2a: Kingambit|atk|1\n|-ability|p2a: Kingambit|Defiant|boost\n|-boost|p2a: Kingambit|atk|2\n|-unboost|p2b: Sylveon|atk|1\n|turn|5\n|\n|t:|1776086663\n|move|p1a: Incineroar|Fake Out|p2a: Kingambit\n|-resisted|p2a: Kingambit|1\n|-damage|p2a: Kingambit|27/100\n|cant|p2a: Kingambit|flinch\n|move|p2b: Sylveon|Psyshock|p1b: Glimmora\n|-supereffective|p1b: Glimmora|1\n|-damage|p1b: Glimmora|38/100\n|move|p1b: Glimmora|Sludge Bomb|p2b: Sylveon\n|-supereffective|p2b: Sylveon|1\n|-damage|p2b: Sylveon|0 fnt\n|faint|p2b: Sylveon\n|\n|-fieldend|move: Trick Room\n|upkeep\n|\n|t:|1776086668\n|switch|p2b: Venusaur|Venusaur, L50, M|100/100\n|turn|6\n|\n|t:|1776086687\n|detailschange|p2b: Venusaur|Venusaur-Mega, L50, M\n|-mega|p2b: Venusaur|Venusaur|Venusaurite\n|move|p1b: Glimmora|Spiky Shield|p1b: Glimmora\n|-singleturn|p1b: Glimmora|move: Protect\n|move|p2a: Kingambit|Sucker Punch||[still]\n|-fail|p2a: Kingambit\n|move|p2b: Venusaur|Sleep Powder|p1a: Incineroar\n|-status|p1a: Incineroar|slp|[from] move: Sleep Powder\n|cant|p1a: Incineroar|slp\n|\n|upkeep\n|turn|7\n|\n|t:|1776086707\n|switch|p1b: Kommo-o|Kommo-o, L50, F|100/100\n|move|p2a: Kingambit|Sucker Punch||[still]\n|-fail|p2a: Kingambit\n|move|p2b: Venusaur|Sludge Bomb|p1a: Incineroar\n|-damage|p1a: Incineroar|58/100 slp\n|cant|p1a: Incineroar|slp\n|\n|upkeep\n|turn|8\n|\n|t:|1776086727\n|move|p2a: Kingambit|Protect|p2a: Kingambit\n|-singleturn|p2a: Kingambit|Protect\n|move|p2b: Venusaur|Sludge Bomb|p1b: Kommo-o\n|-damage|p1b: Kommo-o|54/100\n|move|p1b: Kommo-o|Clangorous Soul|p1b: Kommo-o\n|-boost|p1b: Kommo-o|atk|1\n|-boost|p1b: Kommo-o|def|1\n|-boost|p1b: Kommo-o|spa|1\n|-boost|p1b: Kommo-o|spd|1\n|-boost|p1b: Kommo-o|spe|1\n|-damage|p1b: Kommo-o|22/100\n|-curestatus|p1a: Incineroar|slp|[msg]\n|move|p1a: Incineroar|Flare Blitz|p2a: Kingambit\n|-activate|p2a: Kingambit|move: Protect\n|\n|-heal|p1b: Kommo-o|28/100|[from] item: Leftovers\n|upkeep\n|turn|9\n|\n|t:|1776086748\n|move|p1b: Kommo-o|Protect|p1b: Kommo-o\n|-singleturn|p1b: Kommo-o|Protect\n|move|p2a: Kingambit|Sucker Punch||[still]\n|-fail|p2a: Kingambit\n|move|p2b: Venusaur|Sleep Powder|p1a: Incineroar\n|-status|p1a: Incineroar|slp|[from] move: Sleep Powder\n|cant|p1a: Incineroar|slp\n|\n|-heal|p1b: Kommo-o|34/100|[from] item: Leftovers\n|upkeep\n|turn|10\n|\n|t:|1776086764\n|switch|p1a: Glimmora|Glimmora-Mega, L50, M|38/100\n|move|p2a: Kingambit|Protect|p2a: Kingambit\n|-singleturn|p2a: Kingambit|Protect\n|move|p1b: Kommo-o|Clanging Scales|p2a: Kingambit|[spread] p2b\n|-activate|p2a: Kingambit|move: Protect\n|-damage|p2b: Venusaur|44/100\n|-unboost|p1b: Kommo-o|def|1\n|move|p2b: Venusaur|Sludge Bomb|p1b: Kommo-o\n|-damage|p1b: Kommo-o|1/100\n|\n|-heal|p1b: Kommo-o|7/100|[from] item: Leftovers\n|upkeep\n|turn|11\n|\n|t:|1776086786\n|move|p1b: Kommo-o|Protect|p1b: Kommo-o\n|-singleturn|p1b: Kommo-o|Protect\n|move|p2a: Kingambit|Sucker Punch||[still]\n|-fail|p2a: Kingambit\n|move|p1a: Glimmora|Earth Power|p2a: Kingambit\n|-supereffective|p2a: Kingambit|1\n|-damage|p2a: Kingambit|0 fnt\n|faint|p2a: Kingambit\n|move|p2b: Venusaur|Giga Drain|p1a: Glimmora\n|-damage|p1a: Glimmora|0 fnt\n|-heal|p2b: Venusaur|63/100|[from] drain|[of] p1a: Glimmora\n|faint|p1a: Glimmora\n|\n|-heal|p1b: Kommo-o|14/100|[from] item: Leftovers\n|upkeep\n|\n|t:|1776086797\n|switch|p1a: Incineroar|Incineroar, L50, M|58/100 slp\n|-ability|p1a: Incineroar|Intimidate|boost\n|-unboost|p2b: Venusaur|atk|1\n|turn|12\n|\n|t:|1776086811\n|move|p1b: Kommo-o|Clanging Scales|p2b: Venusaur\n|-damage|p2b: Venusaur|0 fnt\n|faint|p2b: Venusaur\n|\n|win|1#MiraidonHater\n|raw|1#MiraidonHater's rating: 1284 &rarr; <strong>1317</strong><br />(+33 for winning)\n|raw|GymLeaderRonnie's rating: 1406 &rarr; <strong>1379</strong><br />(-27 for losing)\n|l|\u2606GymLeaderRonnie\n|player|p2|\n|j| porygon-epilepz\n|l| porygon-epilepz\n|j| porygon-epilepz\n",
  "uploadtime": 1776086916,
  "views": 21,
  "formatid": "gen9championsvgc2026regma",
  "rating": 1317,
  "private": 0,
  "password": null
}