{
  "id": "gen9championsvgc2026regma-2585008824",
  "format": "[Gen 9 Champions] VGC 2026 Reg M-A",
  "players": [
    "button clicker 2",
    "K3c8ge4"
  ],
  "log": "|j|\u2606button clicker 2\n|j|\u2606K3c8ge4\n|t:|1776302913\n|gametype|doubles\n|player|p1|button clicker 2|169|1343\n|player|p2|K3c8ge4|lady|1260\n|gen|9\n|tier|[Gen 9 Champions] VGC 2026 Reg M-A\n|rated|\n|rule|Species Clause: Limit one of each Pok\u00e9mon\n|rule|Item Clause: Limit 1 of each item\n|clearpoke\n|poke|p1|Pelipper, L50, M|\n|poke|p1|Primarina, L50, M|\n|poke|p1|Manectric, L50, F|\n|poke|p1|Sinistcha, L50|\n|poke|p1|Sneasler, L50, M|\n|poke|p1|Scizor, L50, M|\n|poke|p2|Floette-Eternal, L50, F|\n|poke|p2|Incineroar, L50, F|\n|poke|p2|Garchomp, L50, M|\n|poke|p2|Sinistcha-Masterpiece, L50|\n|poke|p2|Aerodactyl, L50, M|\n|poke|p2|Rotom-Wash, L50|\n|teampreview|4\n|inactive|Battle timer is ON: inactive players will automatically lose when time's up. (requested by K3c8ge4)\nK3c8ge4 has agreed to open team sheets.\n|inactive|button clicker 2 has 60 seconds left.\n|inactive|K3c8ge4 has 60 seconds left.\n|\n|t:|1776302956\n|teamsize|p1|4\n|teamsize|p2|4\n|start\n|switch|p1a: Manectric|Manectric, L50, F|100/100\n|switch|p1b: Sneasler|Sneasler, L50, M|100/100\n|switch|p2a: Floette|Floette-Eternal, L50, F|100/100\n|switch|p2b: Incineroar|Incineroar, L50, F|100/100\n|-ability|p2b: Incineroar|Intimidate|boost\n|-unboost|p1a: Manectric|atk|1\n|-unboost|p1b: Sneasler|atk|1\n|-enditem|p1b: Sneasler|White Herb\n|-clearnegativeboost|p1b: Sneasler|[silent]\n|turn|1\n|\n|t:|1776302975\n|detailschange|p1a: Manectric|Manectric-Mega, L50, F\n|-mega|p1a: Manectric|Manectric|Manectite\n|-ability|p1a: Manectric|Intimidate|boost\n|-unboost|p2a: Floette|atk|1\n|-unboost|p2b: Incineroar|atk|1\n|detailschange|p2a: Floette|Floette-Mega, L50, F\n|-mega|p2a: Floette|Floette|Floettite\n|-ability|p2a: Floette|Fairy Aura\n|move|p1b: Sneasler|Fake Out|p2a: Floette\n|-damage|p2a: Floette|81/100\n|move|p2b: Incineroar|Fake Out|p1b: Sneasler\n|-damage|p1b: Sneasler|89/100\n|move|p1a: Manectric|Snarl|p2b: Incineroar|[spread] p2a,p2b\n|-resisted|p2a: Floette|1\n|-resisted|p2b: Incineroar|1\n|-damage|p2a: Floette|75/100\n|-damage|p2b: Incineroar|95/100\n|-unboost|p2a: Floette|spa|1\n|-unboost|p2b: Incineroar|spa|1\n|cant|p2a: Floette|flinch\n|\n|-heal|p2b: Incineroar|100/100|[from] item: Leftovers\n|upkeep\n|turn|2\n|inactive|button clicker 2 has 30 seconds left.\n|\n|t:|1776303004\n|move|p2a: Floette|Protect|p2a: Floette\n|-singleturn|p2a: Floette|Protect\n|move|p1b: Sneasler|Close Combat|p2b: Incineroar\n|-supereffective|p2b: Incineroar|1\n|-damage|p2b: Incineroar|0 fnt\n|-unboost|p1b: Sneasler|def|1\n|-unboost|p1b: Sneasler|spd|1\n|faint|p2b: Incineroar\n|move|p1a: Manectric|Volt Switch|p2a: Floette\n|-activate|p2a: Floette|move: Protect\n|\n|upkeep\n|\n|t:|1776303014\n|switch|p2b: Sinistcha|Sinistcha-Masterpiece, L50|100/100\n|-heal|p2a: Floette|99/100|[from] ability: Hospitality|[of] p2b: Sinistcha\n|turn|3\n|\n|t:|1776303035\n|switch|p1b: Pelipper|Pelipper, L50, M|100/100\n|-weather|RainDance|[from] ability: Drizzle|[of] p1b: Pelipper\n|move|p2b: Sinistcha|Rage Powder|p2b: Sinistcha\n|-singleturn|p2b: Sinistcha|move: Rage Powder\n|move|p1a: Manectric|Snarl|p2b: Sinistcha|[spread] p2a,p2b\n|-resisted|p2a: Floette|1\n|-supereffective|p2b: Sinistcha|1\n|-damage|p2a: Floette|95/100\n|-damage|p2b: Sinistcha|63/100\n|-unboost|p2a: Floette|spa|1\n|-unboost|p2b: Sinistcha|spa|1\n|move|p2a: Floette|Moonblast|p1b: Pelipper\n|-damage|p1b: Pelipper|35/100\n|\n|-weather|RainDance|[upkeep]\n|upkeep\n|turn|4\n|\n|t:|1776303051\n|move|p1a: Manectric|Snarl|p2b: Sinistcha|[spread] p2a,p2b\n|-resisted|p2a: Floette|1\n|-supereffective|p2b: Sinistcha|1\n|-damage|p2a: Floette|89/100\n|-damage|p2b: Sinistcha|29/100\n|-unboost|p2a: Floette|spa|1\n|-unboost|p2b: Sinistcha|spa|1\n|-enditem|p2b: Sinistcha|Sitrus Berry|[eat]\n|-heal|p2b: Sinistcha|53/100|[from] item: Sitrus Berry\n|move|p2a: Floette|Calm Mind|p2a: Floette\n|-boost|p2a: Floette|spa|1\n|-boost|p2a: Floette|spd|1\n|move|p1b: Pelipper|Tailwind|p1b: Pelipper\n|-sidestart|p1: button clicker 2|move: Tailwind\n|move|p2b: Sinistcha|Trick Room|p2b: Sinistcha\n|-fieldstart|move: Trick Room|[of] p2b: Sinistcha\n|\n|-weather|RainDance|[upkeep]\n|upkeep\n|turn|5\n|\n|t:|1776303071\n|move|p2b: Sinistcha|Matcha Gotcha|p1a: Manectric|[spread] p1a,p1b\n|-damage|p1a: Manectric|84/100\n|-heal|p2b: Sinistcha|60/100|[from] drain|[of] p1a: Manectric\n|-damage|p1b: Pelipper|15/100\n|-heal|p2b: Sinistcha|68/100|[from] drain|[of] p1b: Pelipper\n|move|p2a: Floette|Moonblast|p1a: Manectric\n|-damage|p1a: Manectric|35/100\n|move|p1b: Pelipper|Hurricane|p2b: Sinistcha\n|-supereffective|p2b: Sinistcha|1\n|-damage|p2b: Sinistcha|0 fnt\n|faint|p2b: Sinistcha\n|move|p1a: Manectric|Snarl|p2a: Floette\n|-resisted|p2a: Floette|1\n|-damage|p2a: Floette|84/100\n|-unboost|p2a: Floette|spa|1\n|\n|-weather|RainDance|[upkeep]\n|upkeep\n|\n|t:|1776303085\n|switch|p2b: Rotom|Rotom-Wash, L50|100/100\n|turn|6\n|\n|t:|1776303097\n|switch|p1b: Sneasler|Sneasler, L50, M|89/100\n|move|p1a: Manectric|Protect|p1a: Manectric\n|-singleturn|p1a: Manectric|Protect\n|move|p2b: Rotom|Hydro Pump|p1a: Manectric\n|-activate|p1a: Manectric|move: Protect\n|move|p2a: Floette|Calm Mind|p2a: Floette\n|-boost|p2a: Floette|spa|1\n|-boost|p2a: Floette|spd|1\n|\n|-weather|RainDance|[upkeep]\n|upkeep\n|turn|7\n|inactive|K3c8ge4 has 30 seconds left.\n|inactive|K3c8ge4 has 20 seconds left.\n|\n|t:|1776303137\n|move|p1b: Sneasler|Fake Out|p2b: Rotom\n|-damage|p2b: Rotom|84/100\n|cant|p2b: Rotom|flinch\n|move|p2a: Floette|Calm Mind|p2a: Floette\n|-boost|p2a: Floette|spa|1\n|-boost|p2a: Floette|spd|1\n|move|p1a: Manectric|Snarl|p2b: Rotom|[spread] p2a,p2b\n|-resisted|p2a: Floette|1\n|-damage|p2a: Floette|81/100\n|-damage|p2b: Rotom|68/100\n|-unboost|p2a: Floette|spa|1\n|-unboost|p2b: Rotom|spa|1\n|\n|-weather|none\n|-sideend|p1: button clicker 2|move: Tailwind\n|upkeep\n|turn|8\n|\n|t:|1776303157\n|switch|p1a: Pelipper|Pelipper, L50, M|15/100\n|-weather|RainDance|[from] ability: Drizzle|[of] p1a: Pelipper\n|move|p1b: Sneasler|Protect|p1b: Sneasler\n|-singleturn|p1b: Sneasler|Protect\n|move|p2b: Rotom|Will-O-Wisp|p1b: Sneasler\n|-activate|p1b: Sneasler|move: Protect\n|move|p2a: Floette|Moonblast|p1a: Pelipper\n|-damage|p1a: Pelipper|0 fnt\n|faint|p1a: Pelipper\n|\n|-weather|RainDance|[upkeep]\n|-fieldend|move: Trick Room\n|upkeep\n|\n|t:|1776303171\n|switch|p1a: Manectric|Manectric-Mega, L50, F|35/100\n|-ability|p1a: Manectric|Intimidate|boost\n|-unboost|p2a: Floette|atk|1\n|-unboost|p2b: Rotom|atk|1\n|turn|9\n|\n|t:|1776303184\n|move|p2b: Rotom|Protect|p2b: Rotom\n|-singleturn|p2b: Rotom|Protect\n|move|p1a: Manectric|Thunder|p2b: Rotom\n|-activate|p2b: Rotom|move: Protect\n|move|p1b: Sneasler|Dire Claw|p2a: Floette\n|-supereffective|p2a: Floette|1\n|-damage|p2a: Floette|0 fnt\n|faint|p2a: Floette\n|\n|-weather|RainDance|[upkeep]\n|upkeep\n|turn|10\n|-message|K3c8ge4 forfeited.\n|\n|win|button clicker 2\n|raw|button clicker 2's rating: 1343 &rarr; <strong>1358</strong><br />(+15 for winning)\n|raw|K3c8ge4's rating: 1260 &rarr; <strong>1241</strong><br />(-19 for losing)\n|l|\u2606K3c8ge4\n|player|p2|\n|l|\u2606button clicker 2\n|player|p1|\n",
  "uploadtime": 1776303382,
  "views": 25,
  "formatid": "gen9championsvgc2026regma",
  "rating": 1241,
  "private": 0,
  "password": null
}