{
  "id": "gen9championsvgc2026regma-2583984173",
  "format": "[Gen 9 Champions] VGC 2026 Reg M-A",
  "players": [
    "squitchy",
    "Benja"
  ],
  "log": "|j|\u2606squitchy\n|j|\u2606Benja\n|t:|1776214142\n|gametype|doubles\n|player|p1|squitchy|1|1000\n|player|p2|Benja|cameraman|1049\n|gen|9\n|tier|[Gen 9 Champions] VGC 2026 Reg M-A\n|rated|\n|rule|Species Clause: Limit one of each Pok\u00e9mon\n|rule|Item Clause: Limit 1 of each item\n|clearpoke\n|poke|p1|Gliscor, L50, M|\n|poke|p1|Froslass, L50, F|\n|poke|p1|Rotom-Wash, L50|\n|poke|p1|Sneasler, L50, M|\n|poke|p1|Volcarona, L50, F|\n|poke|p1|Palafin, L50, M|\n|poke|p2|Dragonite, L50, F|\n|poke|p2|Archaludon, L50, M|\n|poke|p2|Tyranitar, L50, F|\n|poke|p2|Arcanine, L50, F|\n|poke|p2|Milotic, L50, F|\n|poke|p2|Snorlax, L50, F|\n|teampreview|4\n|inactive|Battle timer is ON: inactive players will automatically lose when time's up. (requested by Benja)\nBenja has agreed to open team sheets.\n|\n|t:|1776214170\n|teamsize|p1|4\n|teamsize|p2|4\n|start\n|switch|p1a: Rotom|Rotom-Wash, L50|100/100\n|switch|p1b: Palafin|Palafin, L50, M|100/100\n|switch|p2a: Arcanine|Arcanine, L50, F|100/100\n|switch|p2b: Snorlax|Snorlax, L50, F|100/100\n|-ability|p2a: Arcanine|Intimidate|boost\n|-unboost|p1a: Rotom|atk|1\n|-unboost|p1b: Palafin|atk|1\n|turn|1\n|\n|t:|1776214187\n|move|p2a: Arcanine|Protect|p2a: Arcanine\n|-singleturn|p2a: Arcanine|Protect\n|move|p1b: Palafin|Flip Turn|p2a: Arcanine\n|-activate|p2a: Arcanine|move: Protect\n|move|p1a: Rotom|Will-O-Wisp|p2b: Snorlax\n|-status|p2b: Snorlax|brn\n|move|p2b: Snorlax|Belly Drum|p2b: Snorlax\n|-damage|p2b: Snorlax|51/100 brn\n|-setboost|p2b: Snorlax|atk|6|[from] move: Belly Drum\n|\n|-damage|p2b: Snorlax|45/100 brn|[from] brn\n|upkeep\n|-enditem|p2b: Snorlax|Sitrus Berry|[eat]\n|-heal|p2b: Snorlax|69/100 brn|[from] item: Sitrus Berry\n|turn|2\n|inactive|squitchy has 30 seconds left.\n|inactive|Benja has 30 seconds left.\n|\n|t:|1776214218\n|switch|p2a: Dragonite|Dragonite, L50, F|100/100\n|move|p1b: Palafin|Flip Turn|p2b: Snorlax\n|-crit|p2b: Snorlax\n|-damage|p2b: Snorlax|40/100 brn\n|\n|t:|1776214229\n|detailschange|p1b: Palafin|Palafin-Hero, L50, M\n|switch|p1b: Froslass|Froslass, L50, F|100/100|[from] Flip Turn\n|move|p1a: Rotom|Hydro Pump|p2a: Dragonite\n|-resisted|p2a: Dragonite|1\n|-damage|p2a: Dragonite|76/100\n|move|p2b: Snorlax|Body Slam|p1a: Rotom\n|-damage|p1a: Rotom|13/100\n|\n|-damage|p2b: Snorlax|34/100 brn|[from] brn\n|upkeep\n|turn|3\n|inactive|squitchy has 30 seconds left.\n|\n|t:|1776214260\n|detailschange|p2a: Dragonite|Dragonite-Mega, L50, F\n|-mega|p2a: Dragonite|Dragonite|Dragoninite\n|detailschange|p1b: Froslass|Froslass-Mega, L50, F\n|-mega|p1b: Froslass|Froslass|Froslassite\n|-weather|Snowscape|[from] ability: Snow Warning|[of] p1b: Froslass\n|move|p2a: Dragonite|Protect|p2a: Dragonite\n|-singleturn|p2a: Dragonite|Protect\n|move|p1b: Froslass|Blizzard|p2a: Dragonite|[spread] p2b\n|-activate|p2a: Dragonite|move: Protect\n|-crit|p2b: Snorlax\n|-damage|p2b: Snorlax|10/100 brn\n|move|p1a: Rotom|Will-O-Wisp|p2a: Dragonite\n|-activate|p2a: Dragonite|move: Protect\n|move|p2b: Snorlax|Crunch|p1b: Froslass\n|-supereffective|p1b: Froslass|1\n|-damage|p1b: Froslass|17/100\n|\n|-weather|Snowscape|[upkeep]\n|-damage|p2b: Snorlax|4/100 brn|[from] brn\n|upkeep\n|turn|4\n|inactive|Benja has 30 seconds left.\n|\n|t:|1776214295\n|switch|p2b: Tyranitar|Tyranitar, L50, F|100/100\n|-weather|Sandstorm|[from] ability: Sand Stream|[of] p2b: Tyranitar\n|move|p1b: Froslass|Protect|p1b: Froslass\n|-singleturn|p1b: Froslass|Protect\n|move|p1a: Rotom|Protect|p1a: Rotom\n|-singleturn|p1a: Rotom|Protect\n|move|p2a: Dragonite|Tailwind|p2a: Dragonite\n|-sidestart|p2: Benja|move: Tailwind\n|\n|-weather|Sandstorm|[upkeep]\n|-damage|p2a: Dragonite|70/100|[from] Sandstorm\n|-damage|p1b: Froslass|11/100|[from] Sandstorm\n|-damage|p1a: Rotom|8/100|[from] Sandstorm\n|upkeep\n|turn|5\n|\n|t:|1776214313\n|switch|p2a: Snorlax|Snorlax, L50, F|4/100 brn\n|move|p2b: Tyranitar|Rock Slide|p1b: Froslass|[spread] p1a\n|-miss|p2b: Tyranitar|p1b: Froslass\n|-damage|p1a: Rotom|0 fnt\n|faint|p1a: Rotom\n|move|p1b: Froslass|Blizzard|p2b: Tyranitar|[spread] p2b\n|-miss|p1b: Froslass|p2a: Snorlax\n|-damage|p2b: Tyranitar|72/100\n|\n|-weather|Sandstorm|[upkeep]\n|-damage|p1b: Froslass|5/100|[from] Sandstorm\n|-damage|p2a: Snorlax|0 fnt|[from] Sandstorm\n|faint|p2a: Snorlax\n|upkeep\n|\n|t:|1776214327\n|switch|p1a: Palafin|Palafin-Hero, L50, M|100/100\n|switch|p2a: Arcanine|Arcanine, L50, F|100/100\n|-ability|p2a: Arcanine|Intimidate|boost\n|-unboost|p1a: Palafin|atk|1\n|-unboost|p1b: Froslass|atk|1\n|-activate|p1a: Palafin|ability: Zero to Hero\n|turn|6\n|\n|t:|1776214352\n|move|p2a: Arcanine|Protect|p2a: Arcanine\n|-singleturn|p2a: Arcanine|Protect\n|move|p1b: Froslass|Protect|p1b: Froslass\n|-singleturn|p1b: Froslass|Protect\n|move|p2b: Tyranitar|Rock Slide|p1a: Palafin|[spread] p1a\n|-activate|p1b: Froslass|move: Protect\n|-damage|p1a: Palafin|65/100\n|cant|p1a: Palafin|flinch\n|\n|-weather|Sandstorm|[upkeep]\n|-damage|p2a: Arcanine|95/100|[from] Sandstorm\n|-damage|p1a: Palafin|59/100|[from] Sandstorm\n|-damage|p1b: Froslass|0 fnt|[from] Sandstorm\n|faint|p1b: Froslass\n|upkeep\n|\n|t:|1776214365\n|switch|p1b: Volcarona|Volcarona, L50, F|100/100\n|turn|7\n|\n|t:|1776214376\n|switch|p2a: Dragonite|Dragonite-Mega, L50, F|70/100\n|move|p2b: Tyranitar|Rock Slide|p1b: Volcarona|[spread] p1a,p1b\n|-supereffective|p1b: Volcarona|2\n|-damage|p1a: Palafin|24/100\n|-damage|p1b: Volcarona|0 fnt\n|faint|p1b: Volcarona\n|move|p1a: Palafin|Wave Crash|p2b: Tyranitar\n|-supereffective|p2b: Tyranitar|1\n|-damage|p2b: Tyranitar|0 fnt\n|faint|p2b: Tyranitar\n|-damage|p1a: Palafin|0 fnt|[from] Recoil\n|faint|p1a: Palafin\n|\n|win|Benja\n|raw|squitchy's rating: 1000 &rarr; <strong>1000</strong><br />(+0 for losing)\n|raw|Benja's rating: 1049 &rarr; <strong>1077</strong><br />(+28 for winning)\n|l|\u2606squitchy\n|player|p1|\n",
  "uploadtime": 1776214390,
  "views": 24,
  "formatid": "gen9championsvgc2026regma",
  "rating": 1000,
  "private": 0,
  "password": null
}