{
  "id": "gen9championsvgc2026regma-2580475491",
  "format": "[Gen 9 Champions] VGC 2026 Reg M-A",
  "players": [
    "sup cammile otp",
    "zan81"
  ],
  "log": "|j|\u2606sup cammile otp\n|j|\u2606zan81\n|t:|1775902089\n|gametype|doubles\n|player|p1|sup cammile otp|266|1169\n|player|p2|zan81|102|1237\n|gen|9\n|tier|[Gen 9 Champions] VGC 2026 Reg M-A\n|rated|\n|rule|Species Clause: Limit one of each Pok\u00e9mon\n|rule|Item Clause: Limit 1 of each item\n|clearpoke\n|poke|p1|Blastoise, L50, M|\n|poke|p1|Talonflame, L50, M|\n|poke|p1|Garchomp, L50, F|\n|poke|p1|Sinistcha, L50|\n|poke|p1|Kingambit, L50, F|\n|poke|p1|Sylveon, L50, F|\n|poke|p2|Kingambit, L50, M|\n|poke|p2|Sneasler, L50, M|\n|poke|p2|Basculegion, L50, M|\n|poke|p2|Froslass, L50, F|\n|poke|p2|Rotom-Heat, L50|\n|poke|p2|Floette-Eternal, L50, F|\n|teampreview|4\n|inactive|Battle timer is ON: inactive players will automatically lose when time's up. (requested by zan81)\n|inactive|zan81 has 60 seconds left.\n|inactive|zan81 has 30 seconds left.\n|\n|t:|1775902154\n|teamsize|p1|4\n|teamsize|p2|4\n|start\n|switch|p1a: Blastoise|Blastoise, L50, M|100/100\n|switch|p1b: Talonflame|Talonflame, L50, M|100/100\n|switch|p2a: Sneasler|Sneasler, L50, M|100/100\n|switch|p2b: Floette|Floette-Eternal, L50, F|100/100\n|turn|1\n|j| uppercut vgc\n|inactive|zan81 has 30 seconds left.\n|l| uppercut vgc\n|inactive|zan81 has 20 seconds left.\n|inactive|zan81 has 15 seconds left.\n|inactive|zan81 has 10 seconds left.\n|inactive|zan81 has 5 seconds left.\n|\n|t:|1775902208\n|detailschange|p1a: Blastoise|Blastoise-Mega, L50, M\n|-mega|p1a: Blastoise|Blastoise|Blastoisinite\n|move|p2a: Sneasler|Fake Out|p1a: Blastoise\n|-damage|p1a: Blastoise|86/100\n|move|p1b: Talonflame|Dual Wingbeat|p2a: Sneasler\n|-supereffective|p2a: Sneasler|1\n|-damage|p2a: Sneasler|36/100\n|-supereffective|p2a: Sneasler|1\n|-damage|p2a: Sneasler|0 fnt\n|faint|p2a: Sneasler\n|-hitcount|p2: Sneasler|2\n|move|p2b: Floette|Dazzling Gleam|p1b: Talonflame|[spread] p1a,p1b\n|-resisted|p1b: Talonflame|1\n|-damage|p1a: Blastoise|51/100\n|-damage|p1b: Talonflame|77/100\n|cant|p1a: Blastoise|flinch\n|\n|upkeep\n|\n|t:|1775902222\n|switch|p2a: Basculegion|Basculegion, L50, M|100/100\n|turn|2\n|inactive|sup cammile otp has 30 seconds left.\n|inactive|sup cammile otp has 20 seconds left.\n|inactive|sup cammile otp has 15 seconds left.\n|\n|t:|1775902264\n|detailschange|p2b: Floette|Floette-Mega, L50, F\n|-mega|p2b: Floette|Floette|Floettite\n|-ability|p2b: Floette|Fairy Aura\n|move|p2a: Basculegion|Wave Crash|p1b: Talonflame\n|-supereffective|p1b: Talonflame|1\n|-damage|p1b: Talonflame|0 fnt\n|faint|p1b: Talonflame\n|-damage|p2a: Basculegion|81/100|[from] Recoil\n|move|p2b: Floette|Moonblast|p1a: Blastoise\n|-damage|p1a: Blastoise|0 fnt\n|faint|p1a: Blastoise\n|\n|upkeep\n|\n|t:|1775902270\n|switch|p1b: Garchomp|Garchomp, L50, F|100/100\n|switch|p1a: Kingambit|Kingambit, L50, F|100/100\n|turn|3\n|inactive|sup cammile otp has 30 seconds left.\n|inactive|sup cammile otp has 20 seconds left.\n|inactive|sup cammile otp has 15 seconds left.\n|inactive|sup cammile otp has 10 seconds left.\n|\n|t:|1775902316\n|switch|p2a: Rotom|Rotom-Heat, L50|100/100\n|move|p2b: Floette|Protect|p2b: Floette\n|-singleturn|p2b: Floette|Protect\n|move|p1b: Garchomp|Protect|p1b: Garchomp\n|-singleturn|p1b: Garchomp|Protect\n|move|p1a: Kingambit|Iron Head|p2b: Floette\n|-activate|p2b: Floette|move: Protect\n|\n|upkeep\n|turn|4\n|inactive|zan81 has 30 seconds left.\n|inactive|zan81 has 20 seconds left.\n|\n|t:|1775902352\n|move|p1a: Kingambit|Sucker Punch|p2a: Rotom\n|-damage|p2a: Rotom|58/100\n|move|p2b: Floette|Dazzling Gleam|p1b: Garchomp|[spread] p1a,p1b\n|-supereffective|p1b: Garchomp|1\n|-damage|p1a: Kingambit|54/100\n|-enditem|p1b: Garchomp|Focus Sash\n|-damage|p1b: Garchomp|1/100\n|move|p1b: Garchomp|Rock Slide|p2b: Floette|[spread] p2b\n|-miss|p1b: Garchomp|p2a: Rotom\n|-damage|p2b: Floette|71/100\n|move|p2a: Rotom|Overheat|p1a: Kingambit\n|-supereffective|p1a: Kingambit|1\n|-damage|p1a: Kingambit|0 fnt\n|-unboost|p2a: Rotom|spa|2\n|faint|p1a: Kingambit\n|\n|upkeep\n|turn|5\n|-message|sup cammile otp forfeited.\n|\n|win|zan81\n|raw|sup cammile otp's rating: 1169 &rarr; <strong>1149</strong><br />(-20 for losing)\n|raw|zan81's rating: 1237 &rarr; <strong>1257</strong><br />(+20 for winning)\n|l|\u2606sup cammile otp\n|player|p1|\n",
  "uploadtime": 1775902371,
  "views": 20,
  "formatid": "gen9championsvgc2026regma",
  "rating": 1149,
  "private": 0,
  "password": null
}