{
  "id": "gen9championsvgc2026regma-2584250784",
  "format": "[Gen 9 Champions] VGC 2026 Reg M-A",
  "players": [
    "Oscarbolt",
    "ShadowKlaw14"
  ],
  "log": "|j|\u2606Oscarbolt\n|j|\u2606ShadowKlaw14\n|t:|1776243266\n|gametype|doubles\n|player|p1|Oscarbolt|266|1122\n|player|p2|ShadowKlaw14|2|1012\n|gen|9\n|tier|[Gen 9 Champions] VGC 2026 Reg M-A\n|rated|\n|rule|Species Clause: Limit one of each Pok\u00e9mon\n|rule|Item Clause: Limit 1 of each item\n|clearpoke\n|poke|p1|Manectric, L50, F|\n|poke|p1|Sneasler, L50, M|\n|poke|p1|Talonflame, L50, M|\n|poke|p1|Garchomp, L50, F|\n|poke|p1|Blastoise, L50, F|\n|poke|p1|Sinistcha, L50|\n|poke|p2|Delphox, L50, M|\n|poke|p2|Aegislash, L50, M|\n|poke|p2|Rotom-Wash, L50|\n|poke|p2|Garchomp, L50, F|\n|poke|p2|Whimsicott, L50, F|\n|poke|p2|Sneasler, L50, M|\n|teampreview|4\n|\n|t:|1776243360\n|teamsize|p1|4\n|teamsize|p2|4\n|start\n|switch|p1a: Sneasler|Sneasler, L50, M|100/100\n|switch|p1b: Talonflame|Talonflame, L50, M|100/100\n|switch|p2a: Rotom|Rotom-Wash, L50|100/100\n|switch|p2b: Garchomp|Garchomp, L50, F|100/100\n|turn|1\n|\n|t:|1776243406\n|move|p1a: Sneasler|Fake Out|p2a: Rotom\n|-damage|p2a: Rotom|85/100\n|-status|p2a: Rotom|psn|[from] ability: Poison Touch|[of] p1a: Sneasler\n|move|p1b: Talonflame|Will-O-Wisp|p2b: Garchomp\n|-status|p2b: Garchomp|brn\n|move|p2b: Garchomp|Stomping Tantrum|p1a: Sneasler\n|-supereffective|p1a: Sneasler|1\n|-damage|p1a: Sneasler|32/100\n|cant|p2a: Rotom|flinch\n|\n|-damage|p2a: Rotom|72/100 psn|[from] psn\n|-damage|p2b: Garchomp|94/100 brn|[from] brn\n|upkeep\n|turn|2\n|\n|t:|1776243443\n|switch|p1a: Garchomp|Garchomp, L50, F|100/100\n|move|p1b: Talonflame|Protect|p1b: Talonflame\n|-singleturn|p1b: Talonflame|Protect\n|move|p2b: Garchomp|Dragon Claw|p1a: Garchomp\n|-supereffective|p1a: Garchomp|1\n|-damage|p1a: Garchomp|52/100\n|-damage|p2b: Garchomp|82/100 brn|[from] ability: Rough Skin|[of] p1a: Garchomp\n|move|p2a: Rotom|Thunderbolt|p1b: Talonflame\n|-activate|p1b: Talonflame|move: Protect\n|\n|-damage|p2a: Rotom|60/100 psn|[from] psn\n|-damage|p2b: Garchomp|76/100 brn|[from] brn\n|upkeep\n|turn|3\n|\n|t:|1776243492\n|switch|p1b: Manectric|Manectric, L50, F|100/100\n|switch|p2b: Aegislash|Aegislash, L50, M|100/100\n|move|p1a: Garchomp|Dragon Claw|p2b: Aegislash\n|-resisted|p2b: Aegislash|1\n|-damage|p2b: Aegislash|84/100\n|move|p2a: Rotom|Thunderbolt|p1b: Manectric\n|-ability|p1b: Manectric|Lightning Rod|boost\n|-boost|p1b: Manectric|spa|1\n|\n|-damage|p2a: Rotom|48/100 psn|[from] psn\n|upkeep\n|-enditem|p2a: Rotom|Sitrus Berry|[eat]\n|-heal|p2a: Rotom|73/100 psn|[from] item: Sitrus Berry\n|turn|4\n|\n|t:|1776243544\n|switch|p2a: Garchomp|Garchomp, L50, F|76/100 brn\n|detailschange|p1b: Manectric|Manectric-Mega, L50, F\n|-mega|p1b: Manectric|Manectric|Manectite\n|-ability|p1b: Manectric|Intimidate|boost\n|-unboost|p2a: Garchomp|atk|1\n|-unboost|p2b: Aegislash|atk|1\n|-enditem|p2a: Garchomp|White Herb\n|-clearnegativeboost|p2a: Garchomp|[silent]\n|move|p1a: Garchomp|Dragon Claw|p2a: Garchomp\n|-supereffective|p2a: Garchomp|1\n|-damage|p2a: Garchomp|0 fnt\n|-damage|p1a: Garchomp|39/100|[from] ability: Rough Skin|[of] p2a: Garchomp\n|faint|p2a: Garchomp\n|move|p1b: Manectric|Snarl|p2b: Aegislash\n|-supereffective|p2b: Aegislash|1\n|-damage|p2b: Aegislash|39/100\n|-unboost|p2b: Aegislash|spa|1\n|-formechange|p2b: Aegislash|Aegislash-Blade|\n|move|p2b: Aegislash|Poltergeist|p1a: Garchomp|[miss]\n|-miss|p2b: Aegislash|p1a: Garchomp\n|\n|upkeep\n|\n|t:|1776243569\n|switch|p2a: Delphox|Delphox, L50, M|100/100\n|turn|5\n|\n|t:|1776243590\n|detailschange|p2a: Delphox|Delphox-Mega, L50, M\n|-mega|p2a: Delphox|Delphox|Delphoxite\n|move|p1b: Manectric|Protect|p1b: Manectric\n|-singleturn|p1b: Manectric|Protect\n|-formechange|p2b: Aegislash|Aegislash|\n|move|p2b: Aegislash|King's Shield|p2b: Aegislash\n|-singleturn|p2b: Aegislash|Protect\n|move|p1a: Garchomp|Dragon Claw|p2a: Delphox\n|-crit|p2a: Delphox\n|-damage|p2a: Delphox|12/100\n|move|p2a: Delphox|Heat Wave|p1a: Garchomp|[spread] \n|-activate|p1b: Manectric|move: Protect\n|-miss|p2a: Delphox|p1a: Garchomp\n|\n|upkeep\n|turn|6\n|\n|t:|1776243617\n|move|p2a: Delphox|Protect|p2a: Delphox\n|-singleturn|p2a: Delphox|Protect\n|-formechange|p2b: Aegislash|Aegislash-Blade|\n|move|p2b: Aegislash|Shadow Sneak|p1a: Garchomp\n|-crit|p1a: Garchomp\n|-damage|p1a: Garchomp|0 fnt\n|-damage|p2b: Aegislash|27/100|[from] ability: Rough Skin|[of] p1a: Garchomp\n|faint|p1a: Garchomp\n|move|p1b: Manectric|Discharge|p2b: Aegislash|[spread] p2b\n|-activate|p2a: Delphox|move: Protect\n|-damage|p2b: Aegislash|0 fnt\n|faint|p2b: Aegislash\n|\n|upkeep\n|\n|t:|1776243633\n|switch|p1a: Sneasler|Sneasler, L50, M|32/100\n|switch|p2b: Rotom|Rotom-Wash, L50|73/100 psn\n|turn|7\n|\n|t:|1776243651\n|move|p2a: Delphox|Protect|p2a: Delphox\n|-singleturn|p2a: Delphox|Protect\n|move|p1a: Sneasler|Fake Out|p2a: Delphox\n|-activate|p2a: Delphox|move: Protect\n|move|p1b: Manectric|Snarl|p2a: Delphox|[spread] p2b\n|-activate|p2a: Delphox|move: Protect\n|-damage|p2b: Rotom|55/100 psn\n|-unboost|p2b: Rotom|spa|1\n|move|p2b: Rotom|Hydro Pump|p1a: Sneasler\n|-damage|p1a: Sneasler|0 fnt\n|faint|p1a: Sneasler\n|\n|-damage|p2b: Rotom|43/100 psn|[from] psn\n|upkeep\n|\n|t:|1776243655\n|switch|p1a: Talonflame|Talonflame, L50, M|100/100\n|turn|8\n|inactive|Battle timer is ON: inactive players will automatically lose when time's up. (requested by Oscarbolt)\n|\n|t:|1776243714\n|move|p1a: Talonflame|Protect|p1a: Talonflame\n|-singleturn|p1a: Talonflame|Protect\n|move|p1b: Manectric|Discharge|p2a: Delphox|[spread] p2a,p2b\n|-activate|p1a: Talonflame|move: Protect\n|-damage|p2a: Delphox|0 fnt\n|-damage|p2b: Rotom|2/100 psn\n|faint|p2a: Delphox\n|move|p2b: Rotom|Thunderbolt|p1a: Talonflame\n|-activate|p1a: Talonflame|move: Protect\n|\n|-damage|p2b: Rotom|0 fnt|[from] psn\n|faint|p2b: Rotom\n|\n|win|Oscarbolt\n|raw|Oscarbolt's rating: 1122 &rarr; <strong>1139</strong><br />(+17 for winning)\n|raw|ShadowKlaw14's rating: 1012 &rarr; <strong>1004</strong><br />(-8 for losing)\n|l|\u2606ShadowKlaw14\n|player|p2|\n",
  "uploadtime": 1776243729,
  "views": 20,
  "formatid": "gen9championsvgc2026regma",
  "rating": 1004,
  "private": 0,
  "password": null
}