{
  "id": "gen9championsvgc2026regma-2581643110",
  "format": "[Gen 9 Champions] VGC 2026 Reg M-A",
  "players": [
    "debouls",
    "Jaimitxu23"
  ],
  "log": "|j|\u2606debouls\n|j|\u2606Jaimitxu23\n|t:|1776017419\n|gametype|doubles\n|player|p1|debouls|266|1245\n|player|p2|Jaimitxu23|266|1325\n|gen|9\n|tier|[Gen 9 Champions] VGC 2026 Reg M-A\n|rated|\n|rule|Species Clause: Limit one of each Pok\u00e9mon\n|rule|Item Clause: Limit 1 of each item\n|clearpoke\n|poke|p1|Arcanine, L50, M|\n|poke|p1|Rotom-Wash, L50|\n|poke|p1|Garchomp, L50, F|\n|poke|p1|Venusaur, L50, M|\n|poke|p1|Corviknight, L50, F|\n|poke|p1|Sneasler, L50, F|\n|poke|p2|Charizard, L50, M|\n|poke|p2|Maushold-Four, L50|\n|poke|p2|Sneasler, L50, M|\n|poke|p2|Dragapult, L50, M|\n|poke|p2|Kingambit, L50, M|\n|poke|p2|Garchomp, L50, F|\n|teampreview|4\n|inactive|Battle timer is ON: inactive players will automatically lose when time's up. (requested by Jaimitxu23)\n|inactive|debouls has 60 seconds left.\n|\n|t:|1776017463\n|teamsize|p1|4\n|teamsize|p2|4\n|start\n|switch|p1a: Arcanine|Arcanine, L50, M|100/100\n|switch|p1b: Sneasler|Sneasler, L50, F|100/100\n|switch|p2a: Maushold|Maushold-Four, L50|100/100\n|switch|p2b: Dragapult|Dragapult, L50, M|100/100\n|-ability|p1a: Arcanine|Intimidate|boost\n|-unboost|p2a: Maushold|atk|1\n|-fail|p2b: Dragapult|unboost|[from] ability: Clear Body|[of] p2b: Dragapult\n|turn|1\n|inactive|debouls has 30 seconds left.\n|\n|t:|1776017493\n|move|p2a: Maushold|Follow Me|p2a: Maushold\n|-singleturn|p2a: Maushold|move: Follow Me\n|move|p2b: Dragapult|Will-O-Wisp|p1b: Sneasler|[miss]\n|-miss|p2b: Dragapult|p1b: Sneasler\n|move|p1b: Sneasler|Close Combat|p2a: Maushold\n|-supereffective|p2a: Maushold|1\n|-enditem|p2a: Maushold|Chople Berry|[eat]\n|-enditem|p2a: Maushold|Chople Berry|[weaken]\n|-damage|p2a: Maushold|20/100\n|-unboost|p1b: Sneasler|def|1\n|-unboost|p1b: Sneasler|spd|1\n|move|p1a: Arcanine|Snarl|p2a: Maushold|[spread] p2a,p2b\n|-supereffective|p2b: Dragapult|1\n|-damage|p2a: Maushold|9/100\n|-damage|p2b: Dragapult|80/100\n|-unboost|p2a: Maushold|spa|1\n|\n|upkeep\n|turn|2\n|inactive|debouls has 30 seconds left.\n|inactive|Jaimitxu23 has 30 seconds left.\n|inactive|debouls has 20 seconds left.\n|\n|t:|1776017529\n|move|p2a: Maushold|Protect|p2a: Maushold\n|-singleturn|p2a: Maushold|Protect\n|move|p1a: Arcanine|Protect|p1a: Arcanine\n|-singleturn|p1a: Arcanine|Protect\n|move|p2b: Dragapult|Will-O-Wisp|p1b: Sneasler|[miss]\n|-miss|p2b: Dragapult|p1b: Sneasler\n|move|p1b: Sneasler|Coaching|p1a: Arcanine\n|-boost|p1a: Arcanine|atk|1\n|-boost|p1a: Arcanine|def|1\n|\n|upkeep\n|turn|3\n|c|\u2606Jaimitxu23|Xd\n|inactive|debouls has 30 seconds left.\n|\n|t:|1776017558\n|move|p2b: Dragapult|Will-O-Wisp|p1b: Sneasler\n|-status|p1b: Sneasler|brn\n|move|p1b: Sneasler|Close Combat|p2a: Maushold\n|-supereffective|p2a: Maushold|1\n|-damage|p2a: Maushold|0 fnt\n|-unboost|p1b: Sneasler|def|1\n|-unboost|p1b: Sneasler|spd|1\n|faint|p2a: Maushold\n|move|p1a: Arcanine|Flare Blitz|p2b: Dragapult\n|-resisted|p2b: Dragapult|1\n|-damage|p2b: Dragapult|38/100\n|-damage|p1a: Arcanine|89/100|[from] Recoil\n|\n|-damage|p1b: Sneasler|95/100 brn|[from] brn\n|upkeep\n|\n|t:|1776017570\n|switch|p2a: Garchomp|Garchomp, L50, F|100/100\n|turn|4\n|inactive|Jaimitxu23 has 30 seconds left.\n|\n|t:|1776017601\n|move|p1a: Arcanine|Protect|p1a: Arcanine\n|-singleturn|p1a: Arcanine|Protect\n|move|p2a: Garchomp|Stomping Tantrum|p1a: Arcanine\n|-activate|p1a: Arcanine|move: Protect\n|move|p2b: Dragapult|Psychic Fangs|p1b: Sneasler\n|-supereffective|p1b: Sneasler|2\n|-damage|p1b: Sneasler|0 fnt\n|faint|p1b: Sneasler\n|\n|upkeep\n|\n|t:|1776017614\n|switch|p1b: Venusaur|Venusaur, L50, M|100/100\n|turn|5\n|inactive|debouls has 30 seconds left.\n|inactive|debouls has 20 seconds left.\n|\n|t:|1776017653\n|detailschange|p1b: Venusaur|Venusaur-Mega, L50, M\n|-mega|p1b: Venusaur|Venusaur|Venusaurite\n|move|p2a: Garchomp|Stomping Tantrum|p1a: Arcanine\n|-supereffective|p1a: Arcanine|1\n|-damage|p1a: Arcanine|30/100\n|-enditem|p1a: Arcanine|Sitrus Berry|[eat]\n|-heal|p1a: Arcanine|55/100|[from] item: Sitrus Berry\n|move|p2b: Dragapult|Draco Meteor|p1b: Venusaur\n|-damage|p1b: Venusaur|56/100\n|-unboost|p2b: Dragapult|spa|2\n|move|p1a: Arcanine|Flare Blitz|p2b: Dragapult\n|-resisted|p2b: Dragapult|1\n|-damage|p2b: Dragapult|0 fnt\n|faint|p2b: Dragapult\n|-damage|p1a: Arcanine|45/100|[from] Recoil\n|move|p1b: Venusaur|Leech Seed|p2a: Garchomp\n|-start|p2a: Garchomp|move: Leech Seed\n|\n|-damage|p2a: Garchomp|88/100|[from] Leech Seed|[of] p1b: Venusaur\n|-heal|p1b: Venusaur|68/100|[silent]\n|upkeep\n|\n|t:|1776017667\n|switch|p2b: Charizard|Charizard, L50, M|100/100\n|turn|6\n|\n|t:|1776017679\n|detailschange|p2b: Charizard|Charizard-Mega-Y, L50, M\n|-mega|p2b: Charizard|Charizard|Charizardite Y\n|-weather|SunnyDay|[from] ability: Drought|[of] p2b: Charizard\n|move|p1b: Venusaur|Protect|p1b: Venusaur\n|-singleturn|p1b: Venusaur|Protect\n|move|p2a: Garchomp|Stomping Tantrum|p1a: Arcanine\n|-supereffective|p1a: Arcanine|1\n|-damage|p1a: Arcanine|0 fnt\n|faint|p1a: Arcanine\n|move|p2b: Charizard|Overheat|p1b: Venusaur\n|-activate|p1b: Venusaur|move: Protect\n|\n|-weather|SunnyDay|[upkeep]\n|-damage|p2a: Garchomp|76/100|[from] Leech Seed|[of] p1b: Venusaur\n|-heal|p1b: Venusaur|80/100|[silent]\n|upkeep\n|\n|t:|1776017693\n|switch|p1a: Rotom|Rotom-Wash, L50|100/100\n|turn|7\n|\n|t:|1776017710\n|move|p2a: Garchomp|Stomping Tantrum|p1b: Venusaur\n|-damage|p1b: Venusaur|48/100\n|move|p1a: Rotom|Thunderbolt|p2b: Charizard\n|-supereffective|p2b: Charizard|1\n|-damage|p2b: Charizard|28/100\n|move|p2b: Charizard|Overheat|p1b: Venusaur\n|-supereffective|p1b: Venusaur|1\n|-damage|p1b: Venusaur|0 fnt\n|-unboost|p2b: Charizard|spa|2\n|faint|p1b: Venusaur\n|\n|-weather|SunnyDay|[upkeep]\n|upkeep\n|turn|8\n|\n|t:|1776017726\n|move|p2a: Garchomp|Stomping Tantrum|p1a: Rotom\n|-immune|p1a: Rotom|[from] ability: Levitate\n|move|p1a: Rotom|Thunderbolt|p2b: Charizard\n|-supereffective|p2b: Charizard|1\n|-damage|p2b: Charizard|0 fnt\n|faint|p2b: Charizard\n|\n|-weather|SunnyDay|[upkeep]\n|upkeep\n|turn|9\n|\n|t:|1776017734\n|move|p2a: Garchomp|Stomping Tantrum|p1a: Rotom\n|-immune|p1a: Rotom|[from] ability: Levitate\n|move|p1a: Rotom|Thunderbolt|p2a: Garchomp\n|-immune|p2a: Garchomp\n|\n|-weather|SunnyDay|[upkeep]\n|upkeep\n|turn|10\n|c|\u2606debouls|xd\n|\n|t:|1776017743\n|move|p2a: Garchomp|Stomping Tantrum|p1a: Rotom\n|-immune|p1a: Rotom|[from] ability: Levitate\n|move|p1a: Rotom|Thunderbolt|p2a: Garchomp\n|-immune|p2a: Garchomp\n|\n|-weather|none\n|upkeep\n|turn|11\n|\n|t:|1776017750\n|move|p2a: Garchomp|Stomping Tantrum|p1a: Rotom\n|-immune|p1a: Rotom|[from] ability: Levitate\n|move|p1a: Rotom|Thunderbolt|p2a: Garchomp\n|-immune|p2a: Garchomp\n|\n|upkeep\n|turn|12\n|\n|t:|1776017757\n|move|p2a: Garchomp|Stomping Tantrum|p1a: Rotom\n|-immune|p1a: Rotom|[from] ability: Levitate\n|move|p1a: Rotom|Thunderbolt|p2a: Garchomp\n|-immune|p2a: Garchomp\n|\n|upkeep\n|turn|13\n|c|\u2606Jaimitxu23|Xd\n|\n|t:|1776017764\n|move|p2a: Garchomp|Stomping Tantrum|p1a: Rotom\n|-immune|p1a: Rotom|[from] ability: Levitate\n|move|p1a: Rotom|Thunderbolt|p2a: Garchomp\n|-immune|p2a: Garchomp\n|\n|upkeep\n|turn|14\n|\n|t:|1776017771\n|move|p2a: Garchomp|Stomping Tantrum|p1a: Rotom\n|-immune|p1a: Rotom|[from] ability: Levitate\n|move|p1a: Rotom|Thunderbolt|p2a: Garchomp\n|-immune|p2a: Garchomp\n|\n|upkeep\n|turn|15\n|c|\u2606Jaimitxu23|2 metapods gameplay\n|\n|t:|1776017784\n|move|p2a: Garchomp|Stomping Tantrum|p1a: Rotom\n|-immune|p1a: Rotom|[from] ability: Levitate\n|move|p1a: Rotom|Thunderbolt|p2a: Garchomp\n|-immune|p2a: Garchomp\n|\n|upkeep\n|turn|16\n|\n|t:|1776017792\n|-activate|p2a: Garchomp|move: Struggle\n|move|p2a: Garchomp|Struggle|p1a: Rotom\n|-damage|p1a: Rotom|75/100\n|-damage|p2a: Garchomp|51/100|[from] recoil\n|move|p1a: Rotom|Thunderbolt|p2a: Garchomp\n|-immune|p2a: Garchomp\n|\n|upkeep\n|turn|17\n|\n|t:|1776017799\n|-activate|p2a: Garchomp|move: Struggle\n|move|p2a: Garchomp|Struggle|p1a: Rotom\n|-damage|p1a: Rotom|49/100\n|-damage|p2a: Garchomp|26/100|[from] recoil\n|move|p1a: Rotom|Thunderbolt|p2a: Garchomp\n|-immune|p2a: Garchomp\n|\n|upkeep\n|turn|18\n|\n|t:|1776017808\n|-activate|p2a: Garchomp|move: Struggle\n|move|p2a: Garchomp|Struggle|p1a: Rotom\n|-damage|p1a: Rotom|23/100\n|-damage|p2a: Garchomp|2/100|[from] recoil\n|move|p1a: Rotom|Thunderbolt|p2a: Garchomp\n|-immune|p2a: Garchomp\n|\n|upkeep\n|turn|19\n|c|\u2606debouls|oh no\n|c|\u2606Jaimitxu23|Ggs hahaha\n|\n|t:|1776017820\n|-activate|p2a: Garchomp|move: Struggle\n|move|p2a: Garchomp|Struggle|p1a: Rotom\n|-damage|p1a: Rotom|0 fnt\n|faint|p1a: Rotom\n|-damage|p2a: Garchomp|0 fnt|[from] recoil\n|faint|p2a: Garchomp\n|\n|win|Jaimitxu23\n|raw|debouls's rating: 1245 &rarr; <strong>1226</strong><br />(-19 for losing)\n|raw|Jaimitxu23's rating: 1325 &rarr; <strong>1340</strong><br />(+15 for winning)\n|c|\u2606debouls|gg xddd\n",
  "uploadtime": 1776017833,
  "views": 32,
  "formatid": "gen9championsvgc2026regma",
  "rating": 1226,
  "private": 0,
  "password": null
}