{
  "id": "gen9championsvgc2026regma-2581318932",
  "format": "[Gen 9 Champions] VGC 2026 Reg M-A",
  "players": [
    "BobbyNudo",
    "Pegassin"
  ],
  "log": "|j|\u2606BobbyNudo\n|j|\u2606Pegassin\n|t:|1775986015\n|gametype|doubles\n|player|p1|BobbyNudo|cheryl|1000\n|player|p2|Pegassin|170|1066\n|gen|9\n|tier|[Gen 9 Champions] VGC 2026 Reg M-A\n|rated|\n|rule|Species Clause: Limit one of each Pok\u00e9mon\n|rule|Item Clause: Limit 1 of each item\n|clearpoke\n|poke|p1|Farigiraf, L50, F|\n|poke|p1|Zoroark-Hisui, L50, F|\n|poke|p1|Floette-Eternal, L50, F|\n|poke|p1|Incineroar, L50, F|\n|poke|p1|Milotic, L50, F|\n|poke|p1|Tyranitar, L50, F|\n|poke|p2|Floette-Eternal, L50, F|\n|poke|p2|Aerodactyl, L50, F|\n|poke|p2|Primarina, L50, F|\n|poke|p2|Maushold, L50|\n|poke|p2|Garchomp, L50, M|\n|poke|p2|Incineroar, L50, F|\n|teampreview|4\nPegassin rejected open team sheets.\n|inactive|Battle timer is ON: inactive players will automatically lose when time's up. (requested by Pegassin)\n|\n|t:|1775986090\n|teamsize|p1|4\n|teamsize|p2|4\n|start\n|switch|p1a: Farigiraf|Farigiraf, L50, F, shiny|100/100\n|switch|p1b: Floette|Floette-Eternal, L50, F|100/100\n|switch|p2a: Aerodactyl|Aerodactyl, L50, F|100/100\n|switch|p2b: Maushold|Maushold, L50|100/100\n|-ability|p2a: Aerodactyl|Unnerve\n|turn|1\n|inactive|BobbyNudo has 30 seconds left.\n|inactive|BobbyNudo has 20 seconds left.\n|inactive|BobbyNudo has 15 seconds left.\n|inactive|BobbyNudo has 10 seconds left.\n|\n|t:|1775986139\n|detailschange|p1b: Floette|Floette-Mega, L50, F\n|-mega|p1b: Floette|Floette|Floettite\n|-ability|p1b: Floette|Fairy Aura\n|move|p2b: Maushold|Follow Me|p2b: Maushold\n|-singleturn|p2b: Maushold|move: Follow Me\n|move|p1a: Farigiraf|Ally Switch|p1a: Farigiraf\n|swap|p1a: Farigiraf|1|[from] move: Ally Switch\n|move|p2a: Aerodactyl|Tailwind|p2a: Aerodactyl\n|-sidestart|p2: Pegassin|move: Tailwind\n|move|p1a: Floette|Light of Ruin|p2b: Maushold\n|-damage|p2b: Maushold|0 fnt\n|faint|p2b: Maushold\n|-damage|p1a: Floette|39/100|[from] Recoil\n|\n|upkeep\n|\n|t:|1775986155\n|switch|p2b: Floette|Floette-Eternal, L50, F|100/100\n|turn|2\n|\n|t:|1775986175\n|detailschange|p2b: Floette|Floette-Mega, L50, F\n|-mega|p2b: Floette|Floette|Floettite\n|-ability|p2b: Floette|Fairy Aura\n|move|p1a: Floette|Protect|p1a: Floette\n|-singleturn|p1a: Floette|Protect\n|move|p2a: Aerodactyl|Rock Slide|p1b: Farigiraf|[spread] p1b\n|-activate|p1a: Floette|move: Protect\n|-damage|p1b: Farigiraf|82/100\n|move|p2b: Floette|Dazzling Gleam|p1b: Farigiraf|[spread] p1b\n|-activate|p1a: Floette|move: Protect\n|-crit|p1b: Farigiraf\n|-damage|p1b: Farigiraf|22/100\n|cant|p1b: Farigiraf|flinch\n|\n|upkeep\n|turn|3\n|inactive|BobbyNudo has 30 seconds left.\n|\n|t:|1775986203\n|switch|p1a: Incineroar|Incineroar, L50, F, shiny|100/100\n|-ability|p1a: Incineroar|Intimidate|boost\n|-unboost|p2a: Aerodactyl|atk|1\n|-unboost|p2b: Floette|atk|1\n|switch|p1b: Milotic|Milotic, L50, F, shiny|100/100\n|move|p2a: Aerodactyl|Rock Slide|p1a: Incineroar|[spread] p1a,p1b\n|-supereffective|p1a: Incineroar|1\n|-damage|p1a: Incineroar|74/100\n|-damage|p1b: Milotic|87/100\n|move|p2b: Floette|Calm Mind|p2b: Floette\n|-boost|p2b: Floette|spa|1\n|-boost|p2b: Floette|spd|1\n|\n|-heal|p1b: Milotic|93/100|[from] item: Leftovers\n|upkeep\n|turn|4\n|inactive|Pegassin has 30 seconds left.\n|\n|t:|1775986234\n|switch|p2a: Primarina|Primarina, L50, F|100/100\n|move|p2b: Floette|Protect|p2b: Floette\n|-singleturn|p2b: Floette|Protect\n|move|p1a: Incineroar|Fake Out|p2b: Floette\n|-activate|p2b: Floette|move: Protect\n|move|p1b: Milotic|Ice Beam|p2a: Primarina\n|-resisted|p2a: Primarina|1\n|-damage|p2a: Primarina|91/100\n|\n|-heal|p1b: Milotic|99/100|[from] item: Leftovers\n|-sideend|p2: Pegassin|move: Tailwind\n|upkeep\n|turn|5\n|\n|t:|1775986258\n|switch|p1a: Farigiraf|Farigiraf, L50, F, shiny|22/100\n|move|p2b: Floette|Moonblast|p1a: Farigiraf\n|-damage|p1a: Farigiraf|0 fnt\n|faint|p1a: Farigiraf\n|move|p1b: Milotic|Scald|p2b: Floette\n|-damage|p2b: Floette|84/100\n|move|p2a: Primarina|Dazzling Gleam|p1b: Milotic\n|-damage|p1b: Milotic|50/100\n|\n|-heal|p1b: Milotic|56/100|[from] item: Leftovers\n|upkeep\n|\n|t:|1775986275\n|switch|p1a: Floette|Floette-Mega, L50, F|39/100\n|-ability|p1a: Floette|Fairy Aura\n|turn|6\n|inactive|Pegassin has 30 seconds left.\n|\n|t:|1775986301\n|switch|p2a: Aerodactyl|Aerodactyl, L50, F|100/100\n|-ability|p2a: Aerodactyl|Unnerve\n|move|p1a: Floette|Light of Ruin|p2b: Floette\n|-damage|p2b: Floette|27/100\n|-damage|p1a: Floette|11/100|[from] Recoil\n|move|p2b: Floette|Calm Mind|p2b: Floette\n|-boost|p2b: Floette|spa|1\n|-boost|p2b: Floette|spd|1\n|move|p1b: Milotic|Scald|p2b: Floette\n|-damage|p2b: Floette|13/100\n|-status|p2b: Floette|brn\n|\n|-heal|p1b: Milotic|62/100|[from] item: Leftovers\n|-damage|p2b: Floette|7/100 brn|[from] brn\n|upkeep\n|turn|7\n|inactive|BobbyNudo has 30 seconds left.\n|\n|t:|1775986336\n|move|p1b: Milotic|Protect|p1b: Milotic\n|-singleturn|p1b: Milotic|Protect\n|move|p2a: Aerodactyl|Tailwind|p2a: Aerodactyl\n|-sidestart|p2: Pegassin|move: Tailwind\n|move|p2b: Floette|Dazzling Gleam|p1a: Floette|[spread] p1a\n|-activate|p1b: Milotic|move: Protect\n|-damage|p1a: Floette|0 fnt\n|faint|p1a: Floette\n|\n|-heal|p1b: Milotic|68/100|[from] item: Leftovers\n|-damage|p2b: Floette|0 fnt|[from] brn\n|faint|p2b: Floette\n|upkeep\n|\n|t:|1775986348\n|switch|p2b: Primarina|Primarina, L50, F|91/100\n|switch|p1a: Incineroar|Incineroar, L50, F, shiny|74/100\n|-ability|p1a: Incineroar|Intimidate|boost\n|-unboost|p2a: Aerodactyl|atk|1\n|-unboost|p2b: Primarina|atk|1\n|turn|8\n|\n|t:|1775986367\n|move|p2a: Aerodactyl|Protect|p2a: Aerodactyl\n|-singleturn|p2a: Aerodactyl|Protect\n|move|p2b: Primarina|Protect|p2b: Primarina\n|-singleturn|p2b: Primarina|Protect\n|move|p1a: Incineroar|Fake Out|p2b: Primarina\n|-activate|p2b: Primarina|move: Protect\n|move|p1b: Milotic|Ice Beam|p2a: Aerodactyl\n|-activate|p2a: Aerodactyl|move: Protect\n|\n|-heal|p1b: Milotic|74/100|[from] item: Leftovers\n|upkeep\n|turn|9\n|\n|t:|1775986392\n|move|p2a: Aerodactyl|Rock Slide|p1b: Milotic|[spread] p1a,p1b\n|-supereffective|p1a: Incineroar|1\n|-damage|p1a: Incineroar|47/100\n|-damage|p1b: Milotic|61/100\n|move|p2b: Primarina|Dazzling Gleam|p1b: Milotic|[spread] p1a,p1b\n|-crit|p1b: Milotic\n|-damage|p1a: Incineroar|17/100\n|-damage|p1b: Milotic|17/100\n|move|p1b: Milotic|Ice Beam|p2a: Aerodactyl\n|-supereffective|p2a: Aerodactyl|1\n|-damage|p2a: Aerodactyl|26/100\n|move|p1a: Incineroar|Darkest Lariat|p2b: Primarina\n|-resisted|p2b: Primarina|1\n|-damage|p2b: Primarina|69/100\n|\n|-heal|p1b: Milotic|23/100|[from] item: Leftovers\n|upkeep\n|turn|10\n|inactive|BobbyNudo has 30 seconds left.\n|inactive|Pegassin has 30 seconds left.\n|\n|t:|1775986420\n|move|p2a: Aerodactyl|Rock Slide|p1b: Milotic|[spread] p1a,p1b\n|-supereffective|p1a: Incineroar|1\n|-damage|p1a: Incineroar|0 fnt\n|-damage|p1b: Milotic|8/100\n|faint|p1a: Incineroar\n|move|p2b: Primarina|Dazzling Gleam|p1b: Milotic\n|-damage|p1b: Milotic|0 fnt\n|faint|p1b: Milotic\n|\n|win|Pegassin\n|raw|BobbyNudo's rating: 1000 &rarr; <strong>1000</strong><br />(+0 for losing)\n|raw|Pegassin's rating: 1066 &rarr; <strong>1090</strong><br />(+24 for winning)\n",
  "uploadtime": 1775986421,
  "views": 14,
  "formatid": "gen9championsvgc2026regma",
  "rating": 1000,
  "private": 0,
  "password": null
}