{
  "id": "gen9championsvgc2026regma-2582474198",
  "format": "[Gen 9 Champions] VGC 2026 Reg M-A",
  "players": [
    "brickerton3000",
    "heroplayer2026"
  ],
  "log": "|j|\u2606brickerton3000\n|j|\u2606heroplayer2026\n|t:|1776094020\n|gametype|doubles\n|player|p1|brickerton3000|2|1042\n|player|p2|heroplayer2026|fisherman-gen4|1047\n|gen|9\n|tier|[Gen 9 Champions] VGC 2026 Reg M-A\n|rated|\n|rule|Species Clause: Limit one of each Pok\u00e9mon\n|rule|Item Clause: Limit 1 of each item\n|clearpoke\n|poke|p1|Floette-Eternal, L50, F|\n|poke|p1|Sneasler, L50, F|\n|poke|p1|Typhlosion-Hisui, L50, F|\n|poke|p1|Whimsicott, L50, F|\n|poke|p1|Venusaur, L50, M|\n|poke|p1|Azumarill, L50, M|\n|poke|p2|Torkoal, L50, F|\n|poke|p2|Incineroar, L50, F|\n|poke|p2|Venusaur, L50, F|\n|poke|p2|Farigiraf, L50, M|\n|poke|p2|Golurk, L50|\n|poke|p2|Sneasler, L50, M|\n|teampreview|4\n|\n|t:|1776094078\n|teamsize|p1|4\n|teamsize|p2|4\n|start\n|switch|p1a: Typhlosion|Typhlosion-Hisui, L50, F, shiny|100/100\n|switch|p1b: Azumarill|Azumarill, L50, M|100/100\n|switch|p2a: Farigiraf|Farigiraf, L50, M|100/100\n|switch|p2b: Incineroar|Incineroar, L50, F|100/100\n|-ability|p2b: Incineroar|Intimidate|boost\n|-unboost|p1a: Typhlosion|atk|1\n|-unboost|p1b: Azumarill|atk|1\n|turn|1\n|inactive|Battle timer is ON: inactive players will automatically lose when time's up. (requested by heroplayer2026)\n|\n|t:|1776094111\n|switch|p1a: Floette|Floette-Eternal, L50, F|100/100\n|move|p1b: Azumarill|Protect|p1b: Azumarill\n|-singleturn|p1b: Azumarill|Protect\n|move|p2b: Incineroar|Will-O-Wisp|p1b: Azumarill\n|-activate|p1b: Azumarill|move: Protect\n|move|p2a: Farigiraf|Trick Room|p2a: Farigiraf\n|-fieldstart|move: Trick Room|[of] p2a: Farigiraf\n|\n|upkeep\n|turn|2\n|inactive|brickerton3000 has 30 seconds left.\n|\n|t:|1776094141\n|detailschange|p1a: Floette|Floette-Mega, L50, F\n|-mega|p1a: Floette|Floette|Floettite\n|-ability|p1a: Floette|Fairy Aura\n|move|p2a: Farigiraf|Hyper Voice|p1a: Floette|[spread] p1a,p1b\n|-damage|p1a: Floette|79/100\n|-damage|p1b: Azumarill|71/100\n|move|p2b: Incineroar|Parting Shot|p1a: Floette\n|-unboost|p1a: Floette|atk|1\n|-unboost|p1a: Floette|spa|1\n|\n|t:|1776094150\n|switch|p2b: Golurk|Golurk, L50|100/100|[from] Parting Shot\n|move|p1b: Azumarill|Belly Drum|p1b: Azumarill\n|-damage|p1b: Azumarill|21/100\n|-setboost|p1b: Azumarill|atk|6|[from] move: Belly Drum\n|-enditem|p1b: Azumarill|Sitrus Berry|[eat]\n|-heal|p1b: Azumarill|46/100|[from] item: Sitrus Berry\n|move|p1a: Floette|Moonblast|p2b: Golurk\n|-damage|p2b: Golurk|45/100\n|\n|upkeep\n|turn|3\n|inactive|brickerton3000 has 30 seconds left.\n|\n|t:|1776094177\n|detailschange|p2b: Golurk|Golurk-Mega, L50\n|-mega|p2b: Golurk|Golurk|Golurkite\n|move|p2b: Golurk|Earthquake|p1a: Floette|[spread] p2a,p1a,p1b\n|-damage|p2a: Farigiraf|62/100\n|-damage|p1a: Floette|16/100\n|-damage|p1b: Azumarill|0 fnt\n|faint|p1b: Azumarill\n|move|p2a: Farigiraf|Hyper Voice|p1a: Floette\n|-damage|p1a: Floette|0 fnt\n|faint|p1a: Floette\n|\n|upkeep\n|\n|t:|1776094184\n|switch|p1b: Venusaur|Venusaur, L50, M, shiny|100/100\n|switch|p1a: Typhlosion|Typhlosion-Hisui, L50, F, shiny|100/100\n|turn|4\n|\n|t:|1776094200\n|move|p2a: Farigiraf|Helping Hand|p2b: Golurk\n|-singleturn|p2b: Golurk|Helping Hand|[of] p2a: Farigiraf\n|move|p2b: Golurk|Earthquake|p1b: Venusaur|[spread] p2a,p1a,p1b\n|-crit|p2a: Farigiraf\n|-supereffective|p1a: Typhlosion|1\n|-damage|p2a: Farigiraf|0 fnt\n|-damage|p1a: Typhlosion|0 fnt\n|-damage|p1b: Venusaur|20/100\n|faint|p2a: Farigiraf\n|faint|p1a: Typhlosion\n|move|p1b: Venusaur|Energy Ball|p2b: Golurk\n|-supereffective|p2b: Golurk|1\n|-damage|p2b: Golurk|0 fnt\n|faint|p2b: Golurk\n|\n|-heal|p1b: Venusaur|26/100|[from] item: Leftovers\n|upkeep\n|\n|t:|1776094206\n|switch|p2b: Incineroar|Incineroar, L50, F|100/100\n|switch|p2a: Torkoal|Torkoal, L50, F|100/100\n|-weather|SunnyDay|[from] ability: Drought|[of] p2a: Torkoal\n|-ability|p2b: Incineroar|Intimidate|boost\n|-unboost|p1b: Venusaur|atk|1\n|turn|5\n|\n|t:|1776094214\n|move|p2b: Incineroar|Fake Out|p1b: Venusaur\n|-damage|p1b: Venusaur|14/100\n|move|p2a: Torkoal|Eruption|p1b: Venusaur\n|-supereffective|p1b: Venusaur|1\n|-damage|p1b: Venusaur|0 fnt\n|faint|p1b: Venusaur\n|\n|win|heroplayer2026\n|raw|brickerton3000's rating: 1042 &rarr; <strong>1026</strong><br />(-16 for losing)\n|raw|heroplayer2026's rating: 1047 &rarr; <strong>1079</strong><br />(+32 for winning)\n|l|\u2606brickerton3000\n|player|p1|\n",
  "uploadtime": 1776094217,
  "views": 15,
  "formatid": "gen9championsvgc2026regma",
  "rating": 1026,
  "private": 0,
  "password": null
}