{
  "id": "gen9championsvgc2026regma-2581007403",
  "format": "[Gen 9 Champions] VGC 2026 Reg M-A",
  "players": [
    "mrpoopass",
    "Lacertos"
  ],
  "log": "|j|\u2606mrpoopass\n|j|\u203dLacertos\n|t:|1775951153\n|gametype|doubles\n|player|p1|mrpoopass|blaine|1143\n|player|p2|Lacertos|waitress-gen4|1042\n|gen|9\n|tier|[Gen 9 Champions] VGC 2026 Reg M-A\n|rated|\n|rule|Species Clause: Limit one of each Pok\u00e9mon\n|rule|Item Clause: Limit 1 of each item\n|clearpoke\n|poke|p1|Scovillain, L50, F|\n|poke|p1|Tyranitar, L50, M|\n|poke|p1|Basculegion, L50, M|\n|poke|p1|Milotic, L50, F|\n|poke|p1|Excadrill, L50, F|\n|poke|p1|Sylveon, L50, F|\n|poke|p2|Scovillain, L50, F|\n|poke|p2|Typhlosion-Hisui, L50, M|\n|poke|p2|Emolga, L50, M|\n|poke|p2|Milotic, L50, F|\n|poke|p2|Kingambit, L50, M|\n|poke|p2|Conkeldurr, L50, F|\n|teampreview|4\n|inactive|Battle timer is ON: inactive players will automatically lose when time's up. (requested by mrpoopass)\n|inactive|mrpoopass has 60 seconds left.\n|inactive|Lacertos has 60 seconds left.\n|\n|t:|1775951207\n|teamsize|p1|4\n|teamsize|p2|4\n|start\n|switch|p1a: Sylveon|Sylveon, L50, F|100/100\n|switch|p1b: Milotic|Milotic, L50, F, shiny|100/100\n|switch|p2a: Scovillain|Scovillain, L50, F|100/100\n|switch|p2b: Conkeldurr|Conkeldurr, L50, F|100/100\n|turn|1\n|\n|t:|1775951224\n|detailschange|p2a: Scovillain|Scovillain-Mega, L50, F\n|-mega|p2a: Scovillain|Scovillain|Scovillainite\n|move|p2b: Conkeldurr|Mach Punch|p2a: Scovillain\n|-damage|p2a: Scovillain|74/100\n|-status|p2b: Conkeldurr|brn|[from] ability: Spicy Spray|[of] p2a: Scovillain\n|move|p1b: Milotic|Scald|p2b: Conkeldurr\n|-damage|p2b: Conkeldurr|64/100 brn\n|move|p2a: Scovillain|Leech Seed|p1b: Milotic\n|-start|p1b: Milotic|move: Leech Seed\n|move|p1a: Sylveon|Hyper Voice|p2b: Conkeldurr|[spread] p2a,p2b\n|-resisted|p2a: Scovillain|1\n|-supereffective|p2b: Conkeldurr|1\n|-damage|p2a: Scovillain|50/100\n|-damage|p2b: Conkeldurr|0 fnt\n|-status|p1a: Sylveon|brn|[from] ability: Spicy Spray|[of] p2a: Scovillain\n|faint|p2b: Conkeldurr\n|\n|-damage|p1b: Milotic|88/100|[from] Leech Seed|[of] p2a: Scovillain\n|-heal|p2a: Scovillain|64/100|[silent]\n|-damage|p1a: Sylveon|95/100 brn|[from] brn\n|upkeep\n|inactive|Lacertos has 30 seconds left.\n|\n|t:|1775951249\n|switch|p2b: Typhlosion|Typhlosion-Hisui, L50, M|100/100\n|-item|p1a: Sylveon|Fairy Feather|[from] ability: Frisk|[of] p2b: Typhlosion\n|-item|p1b: Milotic|Leftovers|[from] ability: Frisk|[of] p2b: Typhlosion\n|turn|2\n|\n|t:|1775951264\n|move|p2a: Scovillain|Rage Powder|p2a: Scovillain\n|-singleturn|p2a: Scovillain|move: Rage Powder\n|move|p2b: Typhlosion|Infernal Parade|p1a: Sylveon\n|-damage|p1a: Sylveon|49/100 brn\n|move|p1b: Milotic|Scald|p2a: Scovillain\n|-damage|p2a: Scovillain|31/100\n|-status|p1b: Milotic|brn|[from] ability: Spicy Spray|[of] p2a: Scovillain\n|move|p1a: Sylveon|Hyper Voice|p2a: Scovillain|[spread] p2a,p2b\n|-resisted|p2a: Scovillain|1\n|-resisted|p2b: Typhlosion|1\n|-damage|p2a: Scovillain|6/100\n|-damage|p2b: Typhlosion|64/100\n|\n|-heal|p1b: Milotic|94/100 brn|[from] item: Leftovers\n|-damage|p1b: Milotic|81/100 brn|[from] Leech Seed|[of] p2a: Scovillain\n|-heal|p2a: Scovillain|21/100|[silent]\n|-damage|p1b: Milotic|75/100 brn|[from] brn\n|-damage|p1a: Sylveon|43/100 brn|[from] brn\n|upkeep\n|turn|3\n|inactive|Lacertos has 30 seconds left.\n|\n|t:|1775951291\n|move|p2a: Scovillain|Rage Powder|p2a: Scovillain\n|-singleturn|p2a: Scovillain|move: Rage Powder\n|move|p2b: Typhlosion|Infernal Parade|p1a: Sylveon\n|-damage|p1a: Sylveon|0 fnt\n|faint|p1a: Sylveon\n|move|p1b: Milotic|Scald|p2a: Scovillain\n|-damage|p2a: Scovillain|0 fnt\n|faint|p2a: Scovillain\n|\n|-heal|p1b: Milotic|81/100 brn|[from] item: Leftovers\n|-damage|p1b: Milotic|75/100 brn|[from] brn\n|upkeep\n|\n|t:|1775951306\n|switch|p2a: Milotic|Milotic, L50, F|100/100\n|switch|p1a: Tyranitar|Tyranitar, L50, M|100/100\n|-weather|Sandstorm|[from] ability: Sand Stream|[of] p1a: Tyranitar\n|turn|4\n|\n|t:|1775951319\n|move|p1a: Tyranitar|Protect|p1a: Tyranitar\n|-singleturn|p1a: Tyranitar|Protect\n|move|p2b: Typhlosion|Infernal Parade|p1b: Milotic\n|-damage|p1b: Milotic|24/100 brn\n|move|p1b: Milotic|Scald|p2b: Typhlosion\n|-supereffective|p2b: Typhlosion|1\n|-damage|p2b: Typhlosion|0 fnt\n|faint|p2b: Typhlosion\n|move|p2a: Milotic|Scald|p1a: Tyranitar\n|-activate|p1a: Tyranitar|move: Protect\n|\n|-weather|Sandstorm|[upkeep]\n|-damage|p1b: Milotic|18/100 brn|[from] Sandstorm\n|-damage|p2a: Milotic|95/100|[from] Sandstorm\n|-heal|p1b: Milotic|24/100 brn|[from] item: Leftovers\n|-heal|p2a: Milotic|100/100|[from] item: Leftovers\n|-damage|p1b: Milotic|12/100 brn|[from] Leech Seed|[of] p2a: Milotic\n|-damage|p1b: Milotic|6/100 brn|[from] brn\n|upkeep\n|turn|5\n|\n|t:|1775951339\n|detailschange|p1a: Tyranitar|Tyranitar-Mega, L50, M\n|-mega|p1a: Tyranitar|Tyranitar|Tyranitarite\n|move|p1b: Milotic|Recover|p1b: Milotic\n|-heal|p1b: Milotic|56/100 brn\n|move|p2a: Milotic|Icy Wind|p1b: Milotic|[spread] p1a,p1b\n|-crit|p1a: Tyranitar\n|-resisted|p1b: Milotic|1\n|-damage|p1a: Tyranitar|93/100\n|-damage|p1b: Milotic|52/100 brn\n|-unboost|p1a: Tyranitar|spe|1\n|-unboost|p1b: Milotic|spe|1\n|-ability|p1b: Milotic|Competitive|boost\n|-boost|p1b: Milotic|spa|2\n|move|p1a: Tyranitar|Knock Off|p2a: Milotic\n|-damage|p2a: Milotic|41/100\n|-enditem|p2a: Milotic|Leftovers|[from] move: Knock Off|[of] p1a: Tyranitar\n|\n|-weather|Sandstorm|[upkeep]\n|-damage|p2a: Milotic|35/100|[from] Sandstorm\n|-damage|p1b: Milotic|46/100 brn|[from] Sandstorm\n|-heal|p1b: Milotic|52/100 brn|[from] item: Leftovers\n|-damage|p1b: Milotic|40/100 brn|[from] Leech Seed|[of] p2a: Milotic\n|-heal|p2a: Milotic|48/100|[silent]\n|-damage|p1b: Milotic|34/100 brn|[from] brn\n|upkeep\n|turn|6\n|\n|t:|1775951361\n|move|p2a: Milotic|Protect|p2a: Milotic\n|-singleturn|p2a: Milotic|Protect\n|move|p1b: Milotic|Scald|p2a: Milotic\n|-activate|p2a: Milotic|move: Protect\n|move|p1a: Tyranitar|High Horsepower|p2a: Milotic\n|-activate|p2a: Milotic|move: Protect\n|\n|-weather|Sandstorm|[upkeep]\n|-damage|p2a: Milotic|42/100|[from] Sandstorm\n|-damage|p1b: Milotic|28/100 brn|[from] Sandstorm\n|-heal|p1b: Milotic|34/100 brn|[from] item: Leftovers\n|-damage|p1b: Milotic|21/100 brn|[from] Leech Seed|[of] p2a: Milotic\n|-heal|p2a: Milotic|54/100|[silent]\n|-damage|p1b: Milotic|15/100 brn|[from] brn\n|upkeep\n|turn|7\n|\n|t:|1775951378\n|move|p2a: Milotic|Scald|p1a: Tyranitar\n|-supereffective|p1a: Tyranitar|1\n|-damage|p1a: Tyranitar|66/100\n|-status|p1a: Tyranitar|brn\n|move|p1b: Milotic|Scald|p2a: Milotic\n|-resisted|p2a: Milotic|1\n|-damage|p2a: Milotic|32/100\n|move|p1a: Tyranitar|High Horsepower|p2a: Milotic\n|-crit|p2a: Milotic\n|-damage|p2a: Milotic|1/100\n|\n|-weather|Sandstorm|[upkeep]\n|-damage|p2a: Milotic|0 fnt|[from] Sandstorm\n|-damage|p1b: Milotic|9/100 brn|[from] Sandstorm\n|faint|p2a: Milotic\n|\n|win|mrpoopass\n|raw|mrpoopass's rating: 1143 &rarr; <strong>1161</strong><br />(+18 for winning)\n|raw|Lacertos's rating: 1042 &rarr; <strong>1030</strong><br />(-12 for losing)\n",
  "uploadtime": 1775951393,
  "views": 22,
  "formatid": "gen9championsvgc2026regma",
  "rating": 1030,
  "private": 0,
  "password": null
}