{
  "id": "gen9championsvgc2026regma-2584712695",
  "format": "[Gen 9 Champions] VGC 2026 Reg M-A",
  "players": [
    "MvillMpersonality",
    "Kekeli"
  ],
  "log": "|j|\u2606MvillMpersonality\n|j|\u2606Kekeli\n|t:|1776278464\n|gametype|doubles\n|player|p1|MvillMpersonality|pokemaniac|1132\n|player|p2|Kekeli|policeman-gen4|1099\n|gen|9\n|tier|[Gen 9 Champions] VGC 2026 Reg M-A\n|rated|\n|rule|Species Clause: Limit one of each Pok\u00e9mon\n|rule|Item Clause: Limit 1 of each item\n|clearpoke\n|poke|p1|Scovillain, L50, F|\n|poke|p1|Sinistcha, L50|\n|poke|p1|Gallade, L50, M|\n|poke|p1|Kingambit, L50, M|\n|poke|p1|Rhyperior, L50, F|\n|poke|p1|Primarina, L50, F|\n|poke|p2|Pelipper, L50, F|\n|poke|p2|Meganium, L50, F|\n|poke|p2|Archaludon, L50, M|\n|poke|p2|Dragonite, L50, F|\n|poke|p2|Basculegion, L50, M|\n|poke|p2|Toxicroak, L50, M|\n|teampreview|4\n|\n|t:|1776278501\n|teamsize|p1|4\n|teamsize|p2|4\n|start\n|switch|p1a: Scovillain|Scovillain, L50, F|100/100\n|switch|p1b: Gallade|Gallade, L50, M|100/100\n|switch|p2a: Pelipper|Pelipper, L50, F|100/100\n|switch|p2b: Toxicroak|Toxicroak, L50, M, shiny|100/100\n|-weather|RainDance|[from] ability: Drizzle|[of] p2a: Pelipper\n|turn|1\n|\n|t:|1776278530\n|detailschange|p1a: Scovillain|Scovillain-Mega, L50, F\n|-mega|p1a: Scovillain|Scovillain|Scovillainite\n|move|p2b: Toxicroak|Fake Out|p1a: Scovillain\n|-damage|p1a: Scovillain|91/100\n|-status|p2b: Toxicroak|brn|[from] ability: Spicy Spray|[of] p1a: Scovillain\n|move|p2a: Pelipper|Feather Dance|p1b: Gallade\n|-unboost|p1b: Gallade|atk|2\n|cant|p1a: Scovillain|flinch\n|move|p1b: Gallade|Trick Room|p1b: Gallade\n|-fieldstart|move: Trick Room|[of] p1b: Gallade\n|\n|-weather|RainDance|[upkeep]\n|-damage|p2b: Toxicroak|95/100 brn|[from] brn\n|upkeep\n|turn|2\n|\n|t:|1776278573\n|switch|p1b: Primarina|Primarina, L50, F|100/100\n|move|p1a: Scovillain|Leaf Storm|p2a: Pelipper\n|-damage|p2a: Pelipper|19/100\n|-unboost|p1a: Scovillain|spa|2\n|move|p2a: Pelipper|U-turn|p1a: Scovillain\n|-damage|p1a: Scovillain|80/100\n|-status|p2a: Pelipper|brn|[from] ability: Spicy Spray|[of] p1a: Scovillain\n|\n|t:|1776278588\n|switch|p2a: Basculegion|Basculegion, L50, M, shiny|100/100|[from] U-turn\n|move|p2b: Toxicroak|Acid Spray|p1a: Scovillain\n|-supereffective|p1a: Scovillain|1\n|-damage|p1a: Scovillain|54/100\n|-unboost|p1a: Scovillain|spd|2\n|\n|-weather|RainDance|[upkeep]\n|-heal|p2b: Toxicroak|100/100 brn|[from] ability: Dry Skin\n|-damage|p2b: Toxicroak|95/100 brn|[from] brn\n|upkeep\n|turn|3\n|\n|t:|1776278644\n|move|p1a: Scovillain|Rage Powder|p1a: Scovillain\n|-singleturn|p1a: Scovillain|move: Rage Powder\n|move|p1b: Primarina|Calm Mind|p1b: Primarina\n|-boost|p1b: Primarina|spa|1\n|-boost|p1b: Primarina|spd|1\n|move|p2b: Toxicroak|Acid Spray|p1a: Scovillain\n|-supereffective|p1a: Scovillain|1\n|-damage|p1a: Scovillain|4/100\n|-unboost|p1a: Scovillain|spd|2\n|move|p2a: Basculegion|Wave Crash|p1a: Scovillain\n|-damage|p1a: Scovillain|0 fnt\n|-status|p2a: Basculegion|brn|[from] ability: Spicy Spray|[of] p1a: Scovillain\n|faint|p1a: Scovillain\n|-damage|p2a: Basculegion|99/100 brn|[from] Recoil\n|\n|-weather|RainDance|[upkeep]\n|-heal|p2b: Toxicroak|100/100 brn|[from] ability: Dry Skin\n|-damage|p2b: Toxicroak|95/100 brn|[from] brn\n|-damage|p2a: Basculegion|93/100 brn|[from] brn\n|upkeep\n|\n|t:|1776278662\n|switch|p1a: Kingambit|Kingambit, L50, M|100/100\n|turn|4\n|\n|t:|1776278689\n|move|p1a: Kingambit|Iron Head|p2a: Basculegion\n|-resisted|p2a: Basculegion|1\n|-damage|p2a: Basculegion|70/100 brn\n|move|p1b: Primarina|Moonblast|p2b: Toxicroak\n|-damage|p2b: Toxicroak|0 fnt\n|faint|p2b: Toxicroak\n|move|p2a: Basculegion|Wave Crash|p1a: Kingambit\n|-damage|p1a: Kingambit|68/100\n|-damage|p2a: Basculegion|60/100 brn|[from] Recoil\n|\n|-weather|RainDance|[upkeep]\n|-damage|p2a: Basculegion|54/100 brn|[from] brn\n|upkeep\n|\n|t:|1776278704\n|switch|p2b: Meganium|Meganium, L50, F|100/100\n|turn|5\n|\n|t:|1776278734\n|move|p1a: Kingambit|Swords Dance|p1a: Kingambit\n|-boost|p1a: Kingambit|atk|2\n|move|p1b: Primarina|Moonblast|p2a: Basculegion\n|-damage|p2a: Basculegion|0 fnt\n|faint|p2a: Basculegion\n|move|p2b: Meganium|Weather Ball|p1a: Kingambit\n|-damage|p1a: Kingambit|28/100\n|\n|-weather|none\n|-fieldend|move: Trick Room\n|upkeep\n|\n|t:|1776278765\n|switch|p2a: Pelipper|Pelipper, L50, F|19/100 brn\n|-weather|RainDance|[from] ability: Drizzle|[of] p2a: Pelipper\n|turn|6\n|\n|t:|1776278802\n|move|p1a: Kingambit|Protect|p1a: Kingambit\n|-singleturn|p1a: Kingambit|Protect\n|move|p2a: Pelipper|Knock Off|p1b: Primarina\n|-resisted|p1b: Primarina|1\n|-damage|p1b: Primarina|97/100\n|-enditem|p1b: Primarina|Mystic Water|[from] move: Knock Off|[of] p2a: Pelipper\n|move|p2b: Meganium|Weather Ball|p1a: Kingambit\n|-activate|p1a: Kingambit|move: Protect\n|move|p1b: Primarina|Hyper Voice|p2b: Meganium|[spread] p2a,p2b\n|-resisted|p2a: Pelipper|1\n|-resisted|p2b: Meganium|1\n|-damage|p2a: Pelipper|0 fnt\n|-damage|p2b: Meganium|64/100\n|faint|p2a: Pelipper\n|\n|-weather|RainDance|[upkeep]\n|upkeep\n|turn|7\n|\n|t:|1776278829\n|detailschange|p2b: Meganium|Meganium-Mega, L50, F\n|-mega|p2b: Meganium|Meganium|Meganiumite\n|move|p1a: Kingambit|Sucker Punch|p2b: Meganium\n|-resisted|p2b: Meganium|1\n|-damage|p2b: Meganium|20/100\n|move|p2b: Meganium|Dazzling Gleam|p1a: Kingambit|[spread] p1a,p1b\n|-damage|p1a: Kingambit|0 fnt\n|-damage|p1b: Primarina|77/100\n|faint|p1a: Kingambit\n|move|p1b: Primarina|Moonblast|p2b: Meganium\n|-damage|p2b: Meganium|0 fnt\n|faint|p2b: Meganium\n|\n|win|MvillMpersonality\n|raw|MvillMpersonality's rating: 1132 &rarr; <strong>1155</strong><br />(+23 for winning)\n|raw|Kekeli's rating: 1099 &rarr; <strong>1077</strong><br />(-22 for losing)\n",
  "uploadtime": 1776278840,
  "views": 18,
  "formatid": "gen9championsvgc2026regma",
  "rating": 1077,
  "private": 0,
  "password": null
}