{
  "id": "gen9championsvgc2026regma-2582912165",
  "format": "[Gen 9 Champions] VGC 2026 Reg M-A",
  "players": [
    "dizzypants",
    "Peconsio"
  ],
  "log": "|j|\u2606dizzypants\n|j|\u2606Peconsio\n|t:|1776124346\n|gametype|doubles\n|player|p1|dizzypants|lance-lgpe|1096\n|player|p2|Peconsio|266|1089\n|gen|9\n|tier|[Gen 9 Champions] VGC 2026 Reg M-A\n|rated|\n|rule|Species Clause: Limit one of each Pok\u00e9mon\n|rule|Item Clause: Limit 1 of each item\n|clearpoke\n|poke|p1|Slowbro, L50, F|\n|poke|p1|Sinistcha, L50|\n|poke|p1|Incineroar, L50, M|\n|poke|p1|Ninetales-Alola, L50, M|\n|poke|p1|Kingambit, L50, M|\n|poke|p1|Sneasler, L50, F|\n|poke|p2|Starmie, L50|\n|poke|p2|Incineroar, L50, F|\n|poke|p2|Sinistcha, L50|\n|poke|p2|Sneasler, L50, M|\n|poke|p2|Clefable, L50, F|\n|poke|p2|Noivern, L50, M|\n|teampreview|4\n|\n|t:|1776124427\n|teamsize|p1|4\n|teamsize|p2|4\n|start\n|switch|p1a: Sinistcha|Sinistcha, L50|100/100\n|switch|p1b: Incineroar|Incineroar, L50, M|100/100\n|switch|p2a: Noivern|Noivern, L50, M|100/100\n|switch|p2b: Sneasler|Sneasler, L50, M|100/100\n|-item|p1a: Sinistcha|Mental Herb|[from] ability: Frisk|[of] p2a: Noivern\n|-item|p1b: Incineroar|Sitrus Berry|[from] ability: Frisk|[of] p2a: Noivern\n|-ability|p1b: Incineroar|Intimidate|boost\n|-unboost|p2a: Noivern|atk|1\n|-unboost|p2b: Sneasler|atk|1\n|-enditem|p2b: Sneasler|White Herb\n|-clearnegativeboost|p2b: Sneasler|[silent]\n|turn|1\n|\n|t:|1776124454\n|move|p2b: Sneasler|Fake Out|p1b: Incineroar\n|-damage|p1b: Incineroar|87/100\n|cant|p1b: Incineroar|flinch\n|move|p2a: Noivern|Draco Meteor|p1a: Sinistcha\n|-damage|p1a: Sinistcha|40/100\n|-unboost|p2a: Noivern|spa|2\n|move|p1a: Sinistcha|Trick Room|p1a: Sinistcha\n|-fieldstart|move: Trick Room|[of] p1a: Sinistcha\n|\n|upkeep\n|turn|2\n|\n|t:|1776124496\n|move|p2a: Noivern|Protect|p2a: Noivern\n|-singleturn|p2a: Noivern|Protect\n|move|p1b: Incineroar|Parting Shot|p2a: Noivern\n|-activate|p2a: Noivern|move: Protect\n|move|p1a: Sinistcha|Strength Sap|p2b: Sneasler\n|-unboost|p2b: Sneasler|atk|1\n|-heal|p1a: Sinistcha|100/100\n|move|p2b: Sneasler|Dire Claw|p1a: Sinistcha\n|-damage|p1a: Sinistcha|79/100\n|\n|upkeep\n|turn|3\n|\n|t:|1776124518\n|switch|p2a: Clefable|Clefable, L50, F|100/100\n|move|p1b: Incineroar|Parting Shot|p2b: Sneasler\n|-unboost|p2b: Sneasler|atk|1\n|-unboost|p2b: Sneasler|spa|1\n|\n|t:|1776124524\n|switch|p1b: Slowbro|Slowbro, L50, F|100/100|[from] Parting Shot\n|move|p1a: Sinistcha|Matcha Gotcha|p2a: Clefable|[spread] p2a,p2b\n|-resisted|p2b: Sneasler|1\n|-damage|p2a: Clefable|81/100\n|-heal|p1a: Sinistcha|90/100|[from] drain|[of] p2a: Clefable\n|-damage|p2b: Sneasler|86/100\n|-heal|p1a: Sinistcha|98/100|[from] drain|[of] p2b: Sneasler\n|-status|p2b: Sneasler|brn\n|move|p2b: Sneasler|Dire Claw|p1a: Sinistcha\n|-damage|p1a: Sinistcha|90/100\n|-status|p1a: Sinistcha|par\n|\n|-damage|p2b: Sneasler|80/100 brn|[from] brn\n|upkeep\n|turn|4\n|\n|t:|1776124558\n|detailschange|p1b: Slowbro|Slowbro-Mega, L50, F\n|-mega|p1b: Slowbro|Slowbro|Slowbronite\n|move|p2a: Clefable|Follow Me|p2a: Clefable\n|-singleturn|p2a: Clefable|move: Follow Me\n|move|p1a: Sinistcha|Matcha Gotcha|p2a: Clefable|[spread] p2a,p2b\n|-crit|p2a: Clefable\n|-resisted|p2b: Sneasler|1\n|-damage|p2a: Clefable|47/100\n|-heal|p1a: Sinistcha|100/100 par|[from] drain|[of] p2a: Clefable\n|-damage|p2b: Sneasler|67/100 brn\n|move|p1b: Slowbro|Psychic|p2a: Clefable\n|-damage|p2a: Clefable|7/100\n|-unboost|p2a: Clefable|spd|1\n|move|p2b: Sneasler|Dire Claw|p1b: Slowbro\n|-damage|p1b: Slowbro|95/100\n|\n|-damage|p2b: Sneasler|61/100 brn|[from] brn\n|upkeep\n|turn|5\n|\n|t:|1776124591\n|switch|p2b: Noivern|Noivern, L50, M|100/100\n|-item|p1a: Sinistcha|Mental Herb|[from] ability: Frisk|[of] p2b: Noivern\n|-item|p1b: Slowbro|Slowbronite|[from] ability: Frisk|[of] p2b: Noivern\n|move|p2a: Clefable|Protect|p2a: Clefable\n|-singleturn|p2a: Clefable|Protect\n|cant|p1a: Sinistcha|par\n|move|p1b: Slowbro|Psychic|p2b: Noivern\n|-damage|p2b: Noivern|39/100\n|\n|-fieldend|move: Trick Room\n|upkeep\n|turn|6\n|\n|t:|1776124634\n|move|p2b: Noivern|Psychic|p1a: Sinistcha\n|-damage|p1a: Sinistcha|75/100 par\n|move|p2a: Clefable|Draining Kiss|p1a: Sinistcha\n|-damage|p1a: Sinistcha|54/100 par\n|-heal|p2a: Clefable|21/100|[from] drain|[of] p1a: Sinistcha\n|move|p1b: Slowbro|Muddy Water|p2a: Clefable|[spread] p2a,p2b\n|-resisted|p2b: Noivern|1\n|-damage|p2a: Clefable|0 fnt\n|-damage|p2b: Noivern|15/100\n|faint|p2a: Clefable\n|move|p1a: Sinistcha|Trick Room|p1a: Sinistcha\n|-fieldstart|move: Trick Room|[of] p1a: Sinistcha\n|\n|upkeep\n|\n|t:|1776124648\n|switch|p2a: Sneasler|Sneasler, L50, M|61/100 brn\n|turn|7\n|\n|t:|1776124685\n|move|p1b: Slowbro|Protect|p1b: Slowbro\n|-singleturn|p1b: Slowbro|Protect\n|move|p2a: Sneasler|Fake Out|p1b: Slowbro\n|-activate|p1b: Slowbro|move: Protect\n|move|p1a: Sinistcha|Strength Sap|p2a: Sneasler\n|-unboost|p2a: Sneasler|atk|1\n|-heal|p1a: Sinistcha|100/100 par\n|move|p2b: Noivern|Draco Meteor|p1b: Slowbro\n|-activate|p1b: Slowbro|move: Protect\n|\n|-damage|p2a: Sneasler|55/100 brn|[from] brn\n|upkeep\n|turn|8\n|\n|t:|1776124705\n|move|p2b: Noivern|Protect|p2b: Noivern\n|-singleturn|p2b: Noivern|Protect\n|move|p1a: Sinistcha|Matcha Gotcha|p2a: Sneasler|[spread] p2a\n|-activate|p2b: Noivern|move: Protect\n|-resisted|p2a: Sneasler|1\n|-damage|p2a: Sneasler|42/100 brn\n|move|p1b: Slowbro|Muddy Water|p2a: Sneasler|[spread] p2a\n|-activate|p2b: Noivern|move: Protect\n|-damage|p2a: Sneasler|0 fnt\n|faint|p2a: Sneasler\n|\n|upkeep\n|\n|t:|1776124717\n|switch|p2a: Starmie|Starmie, L50|100/100\n|turn|9\n|\n|t:|1776124738\n|detailschange|p2a: Starmie|Starmie-Mega, L50\n|-mega|p2a: Starmie|Starmie|Starminite\n|move|p2a: Starmie|Protect|p2a: Starmie\n|-singleturn|p2a: Starmie|Protect\n|move|p1a: Sinistcha|Matcha Gotcha|p2b: Noivern|[spread] p2b\n|-activate|p2a: Starmie|move: Protect\n|-resisted|p2b: Noivern|2\n|-damage|p2b: Noivern|8/100\n|move|p1b: Slowbro|Psychic|p2b: Noivern\n|-damage|p2b: Noivern|0 fnt\n|faint|p2b: Noivern\n|\n|upkeep\n|turn|10\n|\n|t:|1776124761\n|move|p2a: Starmie|Protect||[still]\n|-fail|p2a: Starmie\n|move|p1a: Sinistcha|Matcha Gotcha|p2a: Starmie\n|-supereffective|p2a: Starmie|1\n|-damage|p2a: Starmie|22/100\n|move|p1b: Slowbro|Psychic|p2a: Starmie\n|-resisted|p2a: Starmie|1\n|-damage|p2a: Starmie|0 fnt\n|faint|p2a: Starmie\n|\n|win|dizzypants\n|raw|dizzypants's rating: 1096 &rarr; <strong>1121</strong><br />(+25 for winning)\n|raw|Peconsio's rating: 1089 &rarr; <strong>1066</strong><br />(-23 for losing)\n|l|\u2606Peconsio\n|player|p2|\n",
  "uploadtime": 1776124814,
  "views": 21,
  "formatid": "gen9championsvgc2026regma",
  "rating": 1066,
  "private": 0,
  "password": null
}