{
  "id": "gen9championsvgc2026regma-2582249658",
  "format": "[Gen 9 Champions] VGC 2026 Reg M-A",
  "players": [
    "CODZ-UWWU",
    "Mb_Deagle"
  ],
  "log": "|j|\u2606CODZ-UWWU\n|j|\u2606Mb_Deagle\n|t:|1776076064\n|gametype|doubles\n|player|p1|CODZ-UWWU|102|1045\n|player|p2|Mb_Deagle|cynthia|1048\n|gen|9\n|tier|[Gen 9 Champions] VGC 2026 Reg M-A\n|rated|\n|rule|Species Clause: Limit one of each Pok\u00e9mon\n|rule|Item Clause: Limit 1 of each item\n|clearpoke\n|poke|p1|Dragonite, L50, M|\n|poke|p1|Politoed, L50, M|\n|poke|p1|Palafin, L50, M|\n|poke|p1|Aerodactyl, L50, M|\n|poke|p1|Archaludon, L50, M|\n|poke|p1|Aegislash, L50, F|\n|poke|p2|Charizard, L50, M|\n|poke|p2|Whimsicott, L50, F|\n|poke|p2|Sneasler, L50, M|\n|poke|p2|Incineroar, L50, F|\n|poke|p2|Espeon, L50, F|\n|poke|p2|Sinistcha, L50|\n|teampreview|4\n|inactive|Battle timer is ON: inactive players will automatically lose when time's up. (requested by Mb_Deagle)\n|inactive|Mb_Deagle has 60 seconds left.\n|\n|t:|1776076108\n|teamsize|p1|4\n|teamsize|p2|4\n|start\n|switch|p1a: Aerodactyl|Aerodactyl, L50, M|100/100\n|switch|p1b: Palafin|Palafin, L50, M|100/100\n|switch|p2a: Sinistcha|Sinistcha, L50|100/100\n|switch|p2b: Sneasler|Sneasler, L50, M|100/100\n|-ability|p1a: Aerodactyl|Pressure\n|turn|1\n|inactive|Mb_Deagle has 30 seconds left.\n|inactive|CODZ-UWWU has 30 seconds left.\n|\n|t:|1776076141\n|move|p2b: Sneasler|Fake Out|p1a: Aerodactyl\n|-resisted|p1a: Aerodactyl|1\n|-damage|p1a: Aerodactyl|89/100\n|move|p1b: Palafin|Flip Turn|p2a: Sinistcha\n|-resisted|p2a: Sinistcha|1\n|-damage|p2a: Sinistcha|91/100\n|\n|t:|1776076148\n|detailschange|p1b: Palafin|Palafin-Hero, L50, M\n|switch|p1b: Dragonite|Dragonite, L50, M|100/100|[from] Flip Turn\n|cant|p1a: Aerodactyl|flinch\n|move|p2a: Sinistcha|Matcha Gotcha|p1b: Dragonite|[spread] p1a,p1b\n|-crit|p1a: Aerodactyl\n|-resisted|p1b: Dragonite|2\n|-damage|p1a: Aerodactyl|30/100\n|-heal|p2a: Sinistcha|100/100|[from] drain|[of] p1a: Aerodactyl\n|-damage|p1b: Dragonite|97/100\n|\n|upkeep\n|turn|2\n|inactive|Mb_Deagle has 30 seconds left.\n|inactive|Mb_Deagle has 20 seconds left.\n|\n|t:|1776076186\n|move|p2b: Sneasler|Protect|p2b: Sneasler\n|-singleturn|p2b: Sneasler|Protect\n|move|p1b: Dragonite|Protect|p1b: Dragonite\n|-singleturn|p1b: Dragonite|Protect\n|move|p1a: Aerodactyl|Tailwind|p1a: Aerodactyl\n|-sidestart|p1: CODZ-UWWU|move: Tailwind\n|move|p2a: Sinistcha|Matcha Gotcha|p1b: Dragonite|[spread] p1a\n|-activate|p1b: Dragonite|move: Protect\n|-damage|p1a: Aerodactyl|0 fnt\n|faint|p1a: Aerodactyl\n|\n|upkeep\n|\n|t:|1776076203\n|switch|p1a: Politoed|Politoed, L50, M|100/100\n|-weather|RainDance|[from] ability: Drizzle|[of] p1a: Politoed\n|turn|3\n|inactive|Mb_Deagle has 30 seconds left.\n|\n|t:|1776076234\n|detailschange|p1b: Dragonite|Dragonite-Mega, L50, M\n|-mega|p1b: Dragonite|Dragonite|Dragoninite\n|move|p1b: Dragonite|Hurricane|p2b: Sneasler\n|-supereffective|p2b: Sneasler|1\n|-damage|p2b: Sneasler|0 fnt\n|faint|p2b: Sneasler\n|move|p1a: Politoed|Icy Wind|p2a: Sinistcha\n|-supereffective|p2a: Sinistcha|1\n|-damage|p2a: Sinistcha|72/100\n|-unboost|p2a: Sinistcha|spe|1\n|move|p2a: Sinistcha|Matcha Gotcha|p1a: Politoed|[spread] p1a,p1b\n|-supereffective|p1a: Politoed|1\n|-resisted|p1b: Dragonite|2\n|-damage|p1a: Politoed|59/100\n|-heal|p2a: Sinistcha|92/100|[from] drain|[of] p1a: Politoed\n|-damage|p1b: Dragonite|92/100\n|-heal|p2a: Sinistcha|95/100|[from] drain|[of] p1b: Dragonite\n|\n|-weather|RainDance|[upkeep]\n|upkeep\n|\n|t:|1776076256\n|switch|p2b: Charizard|Charizard, L50, M|100/100\n|turn|4\n|inactive|Mb_Deagle has 30 seconds left.\n|\n|t:|1776076290\n|switch|p1a: Palafin|Palafin-Hero, L50, M|100/100\n|-activate|p1a: Palafin|ability: Zero to Hero\n|detailschange|p2b: Charizard|Charizard-Mega-Y, L50, M\n|-mega|p2b: Charizard|Charizard|Charizardite Y\n|-weather|SunnyDay|[from] ability: Drought|[of] p2b: Charizard\n|move|p1b: Dragonite|Hurricane|p2a: Sinistcha\n|-supereffective|p2a: Sinistcha|1\n|-damage|p2a: Sinistcha|0 fnt\n|faint|p2a: Sinistcha\n|move|p2b: Charizard|Heat Wave|p1a: Palafin|[spread] p1a,p1b\n|-resisted|p1a: Palafin|1\n|-resisted|p1b: Dragonite|1\n|-damage|p1a: Palafin|69/100\n|-damage|p1b: Dragonite|67/100\n|\n|-weather|SunnyDay|[upkeep]\n|upkeep\n|\n|t:|1776076307\n|switch|p2a: Whimsicott|Whimsicott, L50, F|100/100\n|turn|5\n|inactive|Mb_Deagle has 30 seconds left.\n|inactive|Mb_Deagle has 20 seconds left.\n|inactive|Mb_Deagle has 15 seconds left.\n|inactive|Mb_Deagle has 10 seconds left.\n|\n|t:|1776076356\n|switch|p1a: Politoed|Politoed, L50, M|59/100\n|-weather|RainDance|[from] ability: Drizzle|[of] p1a: Politoed\n|move|p1b: Dragonite|Thunder|p2b: Charizard\n|-supereffective|p2b: Charizard|1\n|-damage|p2b: Charizard|23/100\n|move|p2a: Whimsicott|Dazzling Gleam|p1a: Politoed|[spread] p1a,p1b\n|-supereffective|p1b: Dragonite|1\n|-damage|p1a: Politoed|43/100\n|-damage|p1b: Dragonite|31/100\n|-enditem|p1a: Politoed|Sitrus Berry|[eat]\n|-heal|p1a: Politoed|68/100|[from] item: Sitrus Berry\n|move|p2b: Charizard|Air Cutter|p1a: Politoed|[spread] p1a,p1b\n|-damage|p1a: Politoed|49/100\n|-damage|p1b: Dragonite|7/100\n|\n|-weather|RainDance|[upkeep]\n|-sideend|p1: CODZ-UWWU|move: Tailwind\n|upkeep\n|turn|6\n|inactive|CODZ-UWWU has 30 seconds left.\n|inactive|Mb_Deagle has 30 seconds left.\n|\n|t:|1776076388\n|move|p2b: Charizard|Protect|p2b: Charizard\n|-singleturn|p2b: Charizard|Protect\n|move|p2a: Whimsicott|Dazzling Gleam|p1a: Politoed|[spread] p1a,p1b\n|-supereffective|p1b: Dragonite|1\n|-damage|p1a: Politoed|33/100\n|-damage|p1b: Dragonite|0 fnt\n|faint|p1b: Dragonite\n|move|p1a: Politoed|Weather Ball|p2b: Charizard\n|-activate|p2b: Charizard|move: Protect\n|\n|-weather|RainDance|[upkeep]\n|upkeep\n|\n|t:|1776076394\n|switch|p1b: Palafin|Palafin-Hero, L50, M|69/100\n|turn|7\n|\n|t:|1776076414\n|move|p2a: Whimsicott|Tailwind|p2a: Whimsicott\n|-sidestart|p2: Mb_Deagle|move: Tailwind\n|move|p2b: Charizard|Air Cutter|p1a: Politoed|[spread] p1a,p1b\n|-crit|p1b: Palafin\n|-damage|p1a: Politoed|14/100\n|-damage|p1b: Palafin|27/100\n|move|p1b: Palafin|Wave Crash|p2b: Charizard\n|-supereffective|p2b: Charizard|1\n|-damage|p2b: Charizard|0 fnt\n|faint|p2b: Charizard\n|-damage|p1b: Palafin|19/100|[from] Recoil\n|move|p1a: Politoed|Icy Wind|p2a: Whimsicott\n|-supereffective|p2a: Whimsicott|1\n|-damage|p2a: Whimsicott|60/100\n|-unboost|p2a: Whimsicott|spe|1\n|\n|-weather|RainDance|[upkeep]\n|upkeep\n|turn|8\n|\n|t:|1776076433\n|move|p2a: Whimsicott|Dazzling Gleam|p1b: Palafin|[spread] p1a,p1b\n|-damage|p1a: Politoed|0 fnt\n|-damage|p1b: Palafin|0 fnt\n|faint|p1a: Politoed\n|faint|p1b: Palafin\n|\n|win|Mb_Deagle\n|raw|CODZ-UWWU's rating: 1045 &rarr; <strong>1028</strong><br />(-17 for losing)\n|raw|Mb_Deagle's rating: 1048 &rarr; <strong>1081</strong><br />(+33 for winning)\n|l|\u2606CODZ-UWWU\n|player|p1|\n",
  "uploadtime": 1776076443,
  "views": 18,
  "formatid": "gen9championsvgc2026regma",
  "rating": 1028,
  "private": 0,
  "password": null
}