{
  "id": "gen9championsvgc2026regma-2588185221",
  "format": "[Gen 9 Champions] VGC 2026 Reg M-A",
  "players": [
    "SR123456",
    "burntime"
  ],
  "log": "|j|\u2606SR123456\n|j|\u2606burntime\n|t:|1776612468\n|gametype|doubles\n|player|p1|SR123456|lucas|1062\n|player|p2|burntime|265|1038\n|gen|9\n|tier|[Gen 9 Champions] VGC 2026 Reg M-A\n|rated|\n|rule|Species Clause: Limit one of each Pok\u00e9mon\n|rule|Item Clause: Limit 1 of each item\n|clearpoke\n|poke|p1|Froslass, L50, F|\n|poke|p1|Whimsicott, L50, F|\n|poke|p1|Chandelure, L50, F|\n|poke|p1|Talonflame, L50, F|\n|poke|p1|Archaludon, L50, F|\n|poke|p1|Sneasler, L50, F|\n|poke|p2|Altaria, L50, F|\n|poke|p2|Milotic, L50, M|\n|poke|p2|Infernape, L50, M|\n|poke|p2|Arbok, L50, M|\n|poke|p2|Rotom-Mow, L50|\n|poke|p2|Runerigus, L50, F|\n|teampreview|4\n|inactive|Battle timer is ON: inactive players will automatically lose when time's up. (requested by SR123456)\n|\n|t:|1776612539\n|teamsize|p1|4\n|teamsize|p2|4\n|start\n|switch|p1a: Whimsicott|Whimsicott, L50, F|100/100\n|switch|p1b: Archaludon|Archaludon, L50, F|100/100\n|switch|p2a: Runerigus|Runerigus, L50, F|100/100\n|switch|p2b: Arbok|Arbok, L50, M|100/100\n|-ability|p2b: Arbok|Intimidate|boost\n|-unboost|p1a: Whimsicott|atk|1\n|-unboost|p1b: Archaludon|atk|1\n|turn|1\n|inactive|SR123456 has 30 seconds left.\n|inactive|SR123456 has 20 seconds left.\n|\n|t:|1776612574\n|move|p1a: Whimsicott|Tailwind|p1a: Whimsicott\n|-sidestart|p1: SR123456|move: Tailwind\n|move|p1b: Archaludon|Draco Meteor|p2a: Runerigus\n|-damage|p2a: Runerigus|42/100\n|-unboost|p1b: Archaludon|spa|2\n|move|p2b: Arbok|Glare|p1b: Archaludon\n|-status|p1b: Archaludon|par\n|move|p2a: Runerigus|Trick Room|p2a: Runerigus\n|-fieldstart|move: Trick Room|[of] p2a: Runerigus\n|\n|upkeep\n|turn|2\n|inactive|SR123456 has 30 seconds left.\n|\n|t:|1776612600\n|switch|p1a: Sneasler|Sneasler, L50, F|100/100\n|move|p2a: Runerigus|Protect|p2a: Runerigus\n|-singleturn|p2a: Runerigus|Protect\n|cant|p1b: Archaludon|par\n|move|p2b: Arbok|Glare|p1a: Sneasler\n|-status|p1a: Sneasler|par\n|\n|upkeep\n|turn|3\n|\n|t:|1776612617\n|switch|p1b: Whimsicott|Whimsicott, L50, F|100/100\n|move|p2b: Arbok|Protect|p2b: Arbok\n|-singleturn|p2b: Arbok|Protect\n|move|p1a: Sneasler|Fake Out|p2b: Arbok\n|-activate|p2b: Arbok|move: Protect\n|move|p2a: Runerigus|Earthquake|p1b: Whimsicott|[spread] p1a,p1b\n|-activate|p2b: Arbok|move: Protect\n|-supereffective|p1a: Sneasler|1\n|-resisted|p1b: Whimsicott|1\n|-damage|p1a: Sneasler|19/100 par\n|-damage|p1b: Whimsicott|82/100\n|\n|upkeep\n|turn|4\n|inactive|burntime has 30 seconds left.\n|\n|t:|1776612642\n|move|p2a: Runerigus|Protect|p2a: Runerigus\n|-singleturn|p2a: Runerigus|Protect\n|move|p1a: Sneasler|Protect|p1a: Sneasler\n|-singleturn|p1a: Sneasler|Protect\n|move|p2b: Arbok|Poison Jab|p1b: Whimsicott\n|-supereffective|p1b: Whimsicott|2\n|-damage|p1b: Whimsicott|0 fnt\n|faint|p1b: Whimsicott\n|\n|-sideend|p1: SR123456|move: Tailwind\n|upkeep\n|\n|t:|1776612652\n|switch|p1b: Froslass|Froslass, L50, F|100/100\n|turn|5\n|\n|t:|1776612668\n|switch|p1a: Archaludon|Archaludon, L50, F|100/100 par\n|move|p1b: Froslass|Protect|p1b: Froslass\n|-singleturn|p1b: Froslass|Protect\n|move|p2a: Runerigus|Earthquake|p1a: Archaludon|[spread] p2b,p1a\n|-activate|p1b: Froslass|move: Protect\n|-supereffective|p2b: Arbok|1\n|-supereffective|p1a: Archaludon|1\n|-damage|p2b: Arbok|29/100\n|-damage|p1a: Archaludon|65/100 par\n|-enditem|p2b: Arbok|Sitrus Berry|[eat]\n|-heal|p2b: Arbok|53/100|[from] item: Sitrus Berry\n|move|p2b: Arbok|Poison Jab|p1b: Froslass\n|-activate|p1b: Froslass|move: Protect\n|\n|-heal|p1a: Archaludon|71/100 par|[from] item: Leftovers\n|-fieldend|move: Trick Room\n|upkeep\n|turn|6\n|inactive|SR123456 has 30 seconds left.\n|inactive|burntime has 30 seconds left.\n|\n|t:|1776612700\n|detailschange|p1b: Froslass|Froslass-Mega, L50, F\n|-mega|p1b: Froslass|Froslass|Froslassite\n|-weather|Snowscape|[from] ability: Snow Warning|[of] p1b: Froslass\n|move|p2a: Runerigus|Protect|p2a: Runerigus\n|-singleturn|p2a: Runerigus|Protect\n|move|p1b: Froslass|Blizzard|p2b: Arbok|[spread] p2b\n|-activate|p2a: Runerigus|move: Protect\n|-damage|p2b: Arbok|3/100\n|move|p2b: Arbok|Glare|p1b: Froslass\n|-status|p1b: Froslass|par\n|move|p1a: Archaludon|Flash Cannon|p2b: Arbok\n|-damage|p2b: Arbok|0 fnt\n|faint|p2b: Arbok\n|\n|-weather|Snowscape|[upkeep]\n|-heal|p1a: Archaludon|77/100 par|[from] item: Leftovers\n|upkeep\n|\n|t:|1776612724\n|switch|p2b: Milotic|Milotic, L50, M|100/100\n|turn|7\n|inactive|burntime has 30 seconds left.\n|\n|t:|1776612758\n|move|p2b: Milotic|Scald|p1a: Archaludon\n|-resisted|p1a: Archaludon|1\n|-damage|p1a: Archaludon|62/100 par\n|move|p1b: Froslass|Shadow Ball|p2a: Runerigus\n|-supereffective|p2a: Runerigus|1\n|-damage|p2a: Runerigus|0 fnt\n|faint|p2a: Runerigus\n|move|p1a: Archaludon|Thunderbolt|p2b: Milotic\n|-supereffective|p2b: Milotic|1\n|-damage|p2b: Milotic|68/100\n|\n|-weather|Snowscape|[upkeep]\n|-heal|p2b: Milotic|74/100|[from] item: Leftovers\n|-heal|p1a: Archaludon|68/100 par|[from] item: Leftovers\n|upkeep\n|\n|t:|1776612772\n|switch|p2a: Infernape|Infernape, L50, M|100/100\n|turn|8\n|\n|t:|1776612795\n|move|p1b: Froslass|Protect|p1b: Froslass\n|-singleturn|p1b: Froslass|Protect\n|move|p2a: Infernape|Overheat|p1b: Froslass\n|-activate|p1b: Froslass|move: Protect\n|move|p2b: Milotic|Scald|p1b: Froslass\n|-activate|p1b: Froslass|move: Protect\n|move|p1a: Archaludon|Draco Meteor|p2a: Infernape\n|-enditem|p2a: Infernape|Focus Sash\n|-damage|p2a: Infernape|1/100\n|-unboost|p1a: Archaludon|spa|2\n|\n|-weather|Snowscape|[upkeep]\n|-heal|p2b: Milotic|80/100|[from] item: Leftovers\n|-heal|p1a: Archaludon|73/100 par|[from] item: Leftovers\n|upkeep\n|turn|9\n|inactive|SR123456 has 30 seconds left.\n|inactive|SR123456 has 20 seconds left.\n|inactive|SR123456 has 15 seconds left.\n|inactive|SR123456 has 10 seconds left.\n|inactive|SR123456 has 5 seconds left.\n|\n|t:|1776612847\n|switch|p1a: Sneasler|Sneasler, L50, F|19/100 par\n|move|p2a: Infernape|Overheat|p1b: Froslass\n|-supereffective|p1b: Froslass|1\n|-damage|p1b: Froslass|0 fnt\n|-unboost|p2a: Infernape|spa|2\n|faint|p1b: Froslass\n|move|p2b: Milotic|Scald|p1a: Sneasler\n|-damage|p1a: Sneasler|0 fnt\n|faint|p1a: Sneasler\n|\n|-weather|Snowscape|[upkeep]\n|-heal|p2b: Milotic|86/100|[from] item: Leftovers\n|upkeep\n|\n|t:|1776612860\n|switch|p1a: Archaludon|Archaludon, L50, F|73/100 par\n|turn|10\n|\n|t:|1776612870\n|move|p2a: Infernape|Drain Punch|p1a: Archaludon\n|-supereffective|p1a: Archaludon|1\n|-damage|p1a: Archaludon|18/100 par\n|-heal|p2a: Infernape|35/100|[from] drain|[of] p1a: Archaludon\n|move|p2b: Milotic|Life Dew|p2b: Milotic|[spread] p2a,p2b\n|-heal|p2a: Infernape|60/100\n|-heal|p2b: Milotic|100/100\n|move|p1a: Archaludon|Thunderbolt|p2a: Infernape\n|-damage|p2a: Infernape|13/100\n|\n|-weather|none\n|-heal|p1a: Archaludon|24/100 par|[from] item: Leftovers\n|upkeep\n|turn|11\n|-message|SR123456 forfeited.\n|\n|win|burntime\n|raw|SR123456's rating: 1062 &rarr; <strong>1041</strong><br />(-21 for losing)\n|raw|burntime's rating: 1038 &rarr; <strong>1075</strong><br />(+37 for winning)\n|l|\u2606SR123456\n|player|p1|\n",
  "uploadtime": 1776612886,
  "views": 8,
  "formatid": "gen9championsvgc2026regma",
  "rating": 1041,
  "private": 0,
  "password": null
}