{
  "id": "gen9championsvgc2026regma-2580290845",
  "format": "[Gen 9 Champions] VGC 2026 Reg M-A",
  "players": [
    "cor4nd0",
    "mathismathin"
  ],
  "log": "|j|\u2606cor4nd0\n|j|\u2606mathismathin\n|t:|1775876499\n|gametype|doubles\n|player|p1|cor4nd0|steven|1000\n|player|p2|mathismathin|bugsy-masters|1000\n|gen|9\n|tier|[Gen 9 Champions] VGC 2026 Reg M-A\n|rated|\n|rule|Species Clause: Limit one of each Pok\u00e9mon\n|rule|Item Clause: Limit 1 of each item\n|clearpoke\n|poke|p1|Delphox, L50, F|\n|poke|p1|Araquanid, L50, F|\n|poke|p1|Aegislash, L50, M|\n|poke|p1|Incineroar, L50, F|\n|poke|p2|Floette-Eternal, L50, F|\n|poke|p2|Whimsicott, L50, M|\n|poke|p2|Charizard, L50, F|\n|poke|p2|Venusaur, L50, M|\n|poke|p2|Incineroar, L50, M|\n|poke|p2|Sinistcha-Masterpiece, L50|\n|teampreview|4\n|inactive|Battle timer is ON: inactive players will automatically lose when time's up. (requested by cor4nd0)\n|inactive|mathismathin has 60 seconds left.\n|c|\u2606cor4nd0|yo\nmathismathin has agreed to open team sheets.\n|c|\u2606mathismathin|hf\ncor4nd0 has agreed to open team sheets.\n|showteam|p1|Delphox||Delphoxite|Blaze|PsychicTerrain,ExpandingForce,HeatWave,DazzlingGleam|||F|||50|,,,,,Fire]Araquanid||MentalHerb|WaterAbsorb|Entrainment,Reflect,HydroPump,Protect|||F|||50|,,,,,Water]Aegislash||MetalCoat|StanceChange|ShadowBall,FlashCannon,ShadowSneak,KingsShield|||M|||50|,,,,,Steel]Incineroar||PasshoBerry|Intimidate|FakeOut,PartingShot,FlareBlitz,DarkestLariat|||F|||50|,,,,,Fire\n|showteam|p2|Floette-Eternal||Floettite|FlowerVeil|CalmMind,Synthesis,Moonblast,LightofRuin|||F|||50|,,,,,Fairy]Whimsicott||FocusSash|Prankster|Tailwind,Moonblast,Protect,FakeTears|||M|||50|,,,,,Grass]Charizard||CharizarditeY|Blaze|HeatWave,Protect,Overheat,ScorchingSands|||F|||50|,,,,,Fire]Venusaur||MiracleSeed|Chlorophyll|SolarBeam,SludgeBomb,Protect,SleepPowder|||M|||50|,,,,,Grass]Incineroar||SitrusBerry|Intimidate|FakeOut,PartingShot,FlareBlitz,Taunt|||M|||50|,,,,,Fire]Sinistcha-Masterpiece||OccaBerry|Hospitality|RagePowder,MatchaGotcha,Reflect,TrickRoom||||||50|,,,,,Grass\n|inactive|mathismathin has 30 seconds left.\n|c|\u2606cor4nd0|its just atest team\n|inactive|mathismathin has 20 seconds left.\n|inactive|mathismathin has 15 seconds left.\n|\n|t:|1775876578\n|teamsize|p1|4\n|teamsize|p2|4\n|start\n|switch|p1a: Aegislash|Aegislash, L50, M|100/100\n|switch|p1b: Incineroar|Incineroar, L50, F|100/100\n|switch|p2a: Whimsicott|Whimsicott, L50, M|100/100\n|switch|p2b: Charizard|Charizard, L50, F|100/100\n|-ability|p1b: Incineroar|Intimidate|boost\n|-unboost|p2a: Whimsicott|atk|1\n|-unboost|p2b: Charizard|atk|1\n|turn|1\n|\n|t:|1775876589\n|move|p2a: Whimsicott|Protect|p2a: Whimsicott\n|-singleturn|p2a: Whimsicott|Protect\n|move|p2b: Charizard|Protect|p2b: Charizard\n|-singleturn|p2b: Charizard|Protect\n|move|p1b: Incineroar|Fake Out|p2a: Whimsicott\n|-activate|p2a: Whimsicott|move: Protect\n|-formechange|p1a: Aegislash|Aegislash-Blade|\n|move|p1a: Aegislash|Shadow Ball|p2b: Charizard\n|-activate|p2b: Charizard|move: Protect\n|\n|upkeep\n|turn|2\n|c|\u2606cor4nd0|i cant use fake out anymore\n|\n|t:|1775876613\n|detailschange|p2b: Charizard|Charizard-Mega-Y, L50, F\n|-mega|p2b: Charizard|Charizard|Charizardite Y\n|-weather|SunnyDay|[from] ability: Drought|[of] p2b: Charizard\n|-formechange|p1a: Aegislash|Aegislash|\n|move|p1a: Aegislash|King's Shield|p1a: Aegislash\n|-singleturn|p1a: Aegislash|Protect\n|move|p2a: Whimsicott|Fake Tears|p1b: Incineroar\n|-hint|Since gen 7, Dark is immune to Prankster moves.\n|-immune|p1b: Incineroar\n|move|p2b: Charizard|Scorching Sands|p1b: Incineroar\n|-supereffective|p1b: Incineroar|1\n|-damage|p1b: Incineroar|47/100\n|move|p1b: Incineroar|Flare Blitz|p2a: Whimsicott\n|-supereffective|p2a: Whimsicott|1\n|-enditem|p2a: Whimsicott|Focus Sash\n|-damage|p2a: Whimsicott|1/100\n|-damage|p1b: Incineroar|25/100|[from] Recoil\n|\n|-weather|SunnyDay|[upkeep]\n|upkeep\n|turn|3\n|\n|t:|1775876626\n|move|p2a: Whimsicott|Protect|p2a: Whimsicott\n|-singleturn|p2a: Whimsicott|Protect\n|-formechange|p1a: Aegislash|Aegislash-Blade|\n|move|p1a: Aegislash|Shadow Sneak|p2a: Whimsicott\n|-activate|p2a: Whimsicott|move: Protect\n|move|p2b: Charizard|Heat Wave|p1b: Incineroar|[spread] p1a,p1b\n|-supereffective|p1a: Aegislash|1\n|-resisted|p1b: Incineroar|1\n|-damage|p1a: Aegislash|0 fnt\n|-damage|p1b: Incineroar|0 fnt\n|faint|p1a: Aegislash\n|faint|p1b: Incineroar\n|\n|-weather|SunnyDay|[upkeep]\n|upkeep\n|\n|t:|1775876629\n|switch|p1b: Delphox|Delphox, L50, F|100/100\n|switch|p1a: Araquanid|Araquanid, L50, F|100/100\n|turn|4\n|\n|t:|1775876649\n|detailschange|p1b: Delphox|Delphox-Mega, L50, F\n|-mega|p1b: Delphox|Delphox|Delphoxite\n|move|p2a: Whimsicott|Tailwind|p2a: Whimsicott\n|-sidestart|p2: mathismathin|move: Tailwind\n|move|p2b: Charizard|Heat Wave|p1b: Delphox|[spread] p1a,p1b\n|-resisted|p1b: Delphox|1\n|-damage|p1a: Araquanid|49/100\n|-damage|p1b: Delphox|62/100\n|move|p1b: Delphox|Psychic Terrain|p1b: Delphox\n|-fieldstart|move: Psychic Terrain\n|move|p1a: Araquanid|Entrainment|p1b: Delphox\n|-ability|p1b: Delphox|Water Absorb|Levitate|[from] move: Entrainment|[of] p1a: Araquanid\n|\n|-weather|SunnyDay|[upkeep]\n|upkeep\n|turn|5\n|\n|t:|1775876668\n|move|p2a: Whimsicott|Moonblast|p1b: Delphox\n|-resisted|p1b: Delphox|1\n|-damage|p1b: Delphox|44/100\n|move|p2b: Charizard|Scorching Sands|p1b: Delphox\n|-supereffective|p1b: Delphox|1\n|-damage|p1b: Delphox|0 fnt\n|faint|p1b: Delphox\n|move|p1a: Araquanid|Hydro Pump|p2b: Charizard\n|-supereffective|p2b: Charizard|1\n|-damage|p2b: Charizard|77/100\n|\n|-weather|SunnyDay|[upkeep]\n|upkeep\n|turn|6\n|-message|cor4nd0 forfeited.\n|\n|win|mathismathin\n|raw|cor4nd0's rating: 1000 &rarr; <strong>1000</strong><br />(+0 for losing)\n|raw|mathismathin's rating: 1000 &rarr; <strong>1040</strong><br />(+40 for winning)\n|l|\u2606cor4nd0\n|player|p1|\n",
  "uploadtime": 1775876675,
  "views": 11,
  "formatid": "gen9championsvgc2026regma",
  "rating": 1000,
  "private": 0,
  "password": null
}