{
  "id": "gen9championsvgc2026regma-2586455775",
  "format": "[Gen 9 Champions] VGC 2026 Reg M-A",
  "players": [
    "literaldog121212",
    "Skirmikin"
  ],
  "log": "|j|\u2606literaldog121212\n|j|\u2606Skirmikin\n|t:|1776435893\n|gametype|doubles\n|player|p1|literaldog121212|hanbei-conquest|1137\n|player|p2|Skirmikin|colress|1191\n|gen|9\n|tier|[Gen 9 Champions] VGC 2026 Reg M-A\n|rated|\n|rule|Species Clause: Limit one of each Pok\u00e9mon\n|rule|Item Clause: Limit 1 of each item\n|clearpoke\n|poke|p1|Slowking-Galar, L50, F|\n|poke|p1|Dragonite, L50, F|\n|poke|p1|Mimikyu, L50, F|\n|poke|p1|Mr. Rime, L50, M|\n|poke|p1|Aerodactyl, L50, M|\n|poke|p1|Kingambit, L50, F|\n|poke|p2|Golurk, L50|\n|poke|p2|Incineroar, L50, M|\n|poke|p2|Farigiraf, L50, F|\n|poke|p2|Mimikyu, L50, F|\n|poke|p2|Drampa, L50, M|\n|poke|p2|Conkeldurr, L50, F|\n|teampreview|4\n|inactive|Battle timer is ON: inactive players will automatically lose when time's up. (requested by literaldog121212)\n|inactive|literaldog121212 has 60 seconds left.\n|inactive|literaldog121212 has 30 seconds left.\n|\n|t:|1776435959\n|teamsize|p1|4\n|teamsize|p2|4\n|start\n|switch|p1a: pewpew|Aerodactyl, L50, M|100/100\n|switch|p1b: agamemnon|Kingambit, L50, F|100/100\n|switch|p2a: Incineroar|Incineroar, L50, M|100/100\n|switch|p2b: Mimikyu|Mimikyu, L50, F, shiny|100/100\n|-ability|p2a: Incineroar|Intimidate|boost\n|-unboost|p1a: pewpew|atk|1\n|-unboost|p1b: agamemnon|atk|1\n|-ability|p1b: agamemnon|Defiant|boost\n|-boost|p1b: agamemnon|atk|2\n|turn|1\n|inactive|literaldog121212 has 30 seconds left.\n|\n|t:|1776435985\n|move|p1a: pewpew|Rock Slide|p2b: Mimikyu|[spread] p2a,p2b\n|-supereffective|p2a: Incineroar|1\n|-damage|p2a: Incineroar|69/100\n|-activate|p2b: Mimikyu|ability: Disguise\n|-damage|p2b: Mimikyu|100/100\n|detailschange|p2b: Mimikyu|Mimikyu-Busted, L50, F, shiny\n|-damage|p2b: Mimikyu|88/100|[from] pokemon: Mimikyu-Busted\n|move|p1b: agamemnon|Iron Head|p2b: Mimikyu\n|-supereffective|p2b: Mimikyu|1\n|-damage|p2b: Mimikyu|0 fnt\n|faint|p2b: Mimikyu\n|cant|p2a: Incineroar|flinch\n|\n|-heal|p2a: Incineroar|75/100|[from] item: Leftovers\n|upkeep\n|\n|t:|1776436002\n|switch|p2b: Conkeldurr|Conkeldurr, L50, F|100/100\n|turn|2\n|\n|t:|1776436020\n|move|p1b: agamemnon|Protect|p1b: agamemnon\n|-singleturn|p1b: agamemnon|Protect\n|move|p1a: pewpew|Tailwind|p1a: pewpew\n|-sidestart|p1: literaldog121212|move: Tailwind\n|move|p2a: Incineroar|Parting Shot|p1a: pewpew\n|-unboost|p1a: pewpew|atk|1\n|-unboost|p1a: pewpew|spa|1\n|\n|t:|1776436022\n|switch|p2a: Golurk|Golurk, L50, shiny|100/100|[from] Parting Shot\n|move|p2b: Conkeldurr|Drain Punch|p1b: agamemnon\n|-activate|p1b: agamemnon|move: Protect\n|\n|upkeep\n|turn|3\n|inactive|literaldog121212 has 30 seconds left.\n|\n|t:|1776436057\n|switch|p1b: rawr.next question|Dragonite, L50, F, shiny|100/100\n|detailschange|p2a: Golurk|Golurk-Mega, L50, shiny\n|-mega|p2a: Golurk|Golurk|Golurkite\n|move|p1a: pewpew|Rock Slide|p2b: Conkeldurr|[spread] p2a,p2b\n|-resisted|p2a: Golurk|1\n|-resisted|p2b: Conkeldurr|1\n|-damage|p2a: Golurk|95/100\n|-damage|p2b: Conkeldurr|95/100\n|move|p2a: Golurk|Rock Slide|p1b: rawr.next question|[spread] \n|-miss|p2a: Golurk|p1a: pewpew\n|-miss|p2a: Golurk|p1b: rawr.next question\n|cant|p2b: Conkeldurr|flinch\n|\n|upkeep\n|turn|4\n|inactive|literaldog121212 has 30 seconds left.\n|inactive|literaldog121212 has 20 seconds left.\n|inactive|literaldog121212 has 15 seconds left.\n|inactive|literaldog121212 has 10 seconds left.\n|inactive|literaldog121212 has 5 seconds left.\n|\n|t:|1776436112\n|move|p1a: pewpew|Rock Slide|p2b: Conkeldurr|[spread] \n|-miss|p1a: pewpew|p2a: Golurk\n|-miss|p1a: pewpew|p2b: Conkeldurr\n|move|p1b: rawr.next question|Air Slash|p2b: Conkeldurr\n|-supereffective|p2b: Conkeldurr|1\n|-damage|p2b: Conkeldurr|29/100\n|move|p2a: Golurk|Rock Slide|p1a: pewpew|[spread] p1a,p1b\n|-supereffective|p1a: pewpew|1\n|-supereffective|p1b: rawr.next question|1\n|-damage|p1a: pewpew|32/100\n|-damage|p1b: rawr.next question|77/100\n|move|p2b: Conkeldurr|Drain Punch|p1a: pewpew\n|-damage|p1a: pewpew|0 fnt\n|-heal|p2b: Conkeldurr|41/100|[from] drain|[of] p1a: pewpew\n|faint|p1a: pewpew\n|\n|upkeep\n|\n|t:|1776436115\n|switch|p1a: agamemnon|Kingambit, L50, F|100/100\n|turn|5\n|\n|t:|1776436136\n|detailschange|p1b: rawr.next question|Dragonite-Mega, L50, F, shiny\n|-mega|p1b: rawr.next question|Dragonite|Dragoninite\n|move|p2b: Conkeldurr|Protect|p2b: Conkeldurr\n|-singleturn|p2b: Conkeldurr|Protect\n|move|p1a: agamemnon|Sucker Punch|p2a: Golurk\n|-supereffective|p2a: Golurk|1\n|-damage|p2a: Golurk|29/100\n|move|p1b: rawr.next question|Air Slash|p2b: Conkeldurr\n|-activate|p2b: Conkeldurr|move: Protect\n|move|p2a: Golurk|Poltergeist|p1b: rawr.next question\n|-activate|p1b: rawr.next question|move: Poltergeist|Dragoninite\n|-damage|p1b: rawr.next question|11/100\n|\n|-sideend|p1: literaldog121212|move: Tailwind\n|upkeep\n|turn|6\n|\n|t:|1776436161\n|move|p1b: rawr.next question|Protect|p1b: rawr.next question\n|-singleturn|p1b: rawr.next question|Protect\n|move|p2a: Golurk|Protect|p2a: Golurk\n|-singleturn|p2a: Golurk|Protect\n|move|p1a: agamemnon|Sucker Punch||[still]\n|-fail|p1a: agamemnon\n|move|p2b: Conkeldurr|Drain Punch|p1a: agamemnon\n|-supereffective|p1a: agamemnon|2\n|-damage|p1a: agamemnon|0 fnt\n|-heal|p2b: Conkeldurr|89/100|[from] drain|[of] p1a: agamemnon\n|faint|p1a: agamemnon\n|\n|upkeep\n|\n|t:|1776436187\n|switch|p1a: busta|Mr. Rime, L50, M|100/100\n|turn|7\n|inactive|literaldog121212 has 30 seconds left.\n|\n|t:|1776436223\n|switch|p2a: Incineroar|Incineroar, L50, M|75/100\n|-ability|p2a: Incineroar|Intimidate|boost\n|-unboost|p1a: busta|atk|1\n|-unboost|p1b: rawr.next question|atk|1\n|move|p2b: Conkeldurr|Protect|p2b: Conkeldurr\n|-singleturn|p2b: Conkeldurr|Protect\n|move|p1a: busta|Fake Out|p2b: Conkeldurr\n|-activate|p2b: Conkeldurr|move: Protect\n|move|p1b: rawr.next question|Roost|p1b: rawr.next question\n|-heal|p1b: rawr.next question|61/100\n|-singleturn|p1b: rawr.next question|move: Roost\n|\n|-heal|p2a: Incineroar|80/100|[from] item: Leftovers\n|upkeep\n|turn|8\n|inactive|literaldog121212 has 30 seconds left.\n|\n|t:|1776436252\n|move|p1a: busta|Protect|p1a: busta\n|-singleturn|p1a: busta|Protect\n|move|p2a: Incineroar|Fake Out|p1a: busta\n|-activate|p1a: busta|move: Protect\n|move|p1b: rawr.next question|Roost|p1b: rawr.next question\n|-heal|p1b: rawr.next question|100/100\n|-singleturn|p1b: rawr.next question|move: Roost\n|move|p2b: Conkeldurr|Knock Off|p1a: busta\n|-activate|p1a: busta|move: Protect\n|\n|-heal|p2a: Incineroar|86/100|[from] item: Leftovers\n|upkeep\n|turn|9\n|\n|t:|1776436269\n|move|p2b: Conkeldurr|Protect|p2b: Conkeldurr\n|-singleturn|p2b: Conkeldurr|Protect\n|move|p1b: rawr.next question|Air Slash|p2b: Conkeldurr\n|-activate|p2b: Conkeldurr|move: Protect\n|move|p1a: busta|Psychic|p2b: Conkeldurr\n|-activate|p2b: Conkeldurr|move: Protect\n|move|p2a: Incineroar|Snarl|p1a: busta|[spread] p1a,p1b\n|-supereffective|p1a: busta|1\n|-damage|p1a: busta|78/100\n|-damage|p1b: rawr.next question|96/100\n|-unboost|p1a: busta|spa|1\n|-unboost|p1b: rawr.next question|spa|1\n|\n|-heal|p2a: Incineroar|92/100|[from] item: Leftovers\n|upkeep\n|turn|10\n|\n|t:|1776436284\n|switch|p2b: Golurk|Golurk-Mega, L50, shiny|29/100\n|move|p1b: rawr.next question|Air Slash|p2b: Golurk\n|-damage|p2b: Golurk|6/100\n|move|p1a: busta|Psychic|p2b: Golurk\n|-damage|p2b: Golurk|0 fnt\n|faint|p2b: Golurk\n|move|p2a: Incineroar|Parting Shot|p1b: rawr.next question\n|-unboost|p1b: rawr.next question|atk|1\n|-unboost|p1b: rawr.next question|spa|1\n|\n|t:|1776436292\n|switch|p2a: Conkeldurr|Conkeldurr, L50, F|89/100|[from] Parting Shot\n|\n|upkeep\n|\n|t:|1776436293\n|switch|p2b: Incineroar|Incineroar, L50, M|92/100\n|-ability|p2b: Incineroar|Intimidate|boost\n|-unboost|p1a: busta|atk|1\n|-unboost|p1b: rawr.next question|atk|1\n|turn|11\n|\n|t:|1776436304\n|move|p1b: rawr.next question|Protect|p1b: rawr.next question\n|-singleturn|p1b: rawr.next question|Protect\n|move|p1a: busta|Protect|p1a: busta\n|-singleturn|p1a: busta|Protect\n|move|p2b: Incineroar|Fake Out|p1b: rawr.next question\n|-activate|p1b: rawr.next question|move: Protect\n|move|p2a: Conkeldurr|Knock Off|p1a: busta\n|-activate|p1a: busta|move: Protect\n|\n|-heal|p2b: Incineroar|98/100|[from] item: Leftovers\n|upkeep\n|turn|12\n|\n|t:|1776436314\n|move|p2a: Conkeldurr|Protect|p2a: Conkeldurr\n|-singleturn|p2a: Conkeldurr|Protect\n|move|p1b: rawr.next question|Air Slash|p2b: Incineroar\n|-crit|p2b: Incineroar\n|-damage|p2b: Incineroar|28/100\n|move|p1a: busta|Psychic|p2a: Conkeldurr\n|-activate|p2a: Conkeldurr|move: Protect\n|move|p2b: Incineroar|Snarl|p1a: busta|[spread] p1a,p1b\n|-supereffective|p1a: busta|1\n|-damage|p1a: busta|58/100\n|-damage|p1b: rawr.next question|85/100\n|-unboost|p1a: busta|spa|1\n|-unboost|p1b: rawr.next question|spa|1\n|\n|-heal|p2b: Incineroar|34/100|[from] item: Leftovers\n|upkeep\n|turn|13\n|inactive|literaldog121212 has 30 seconds left.\n|\n|t:|1776436345\n|move|p1a: busta|Protect|p1a: busta\n|-singleturn|p1a: busta|Protect\n|move|p1b: rawr.next question|Air Slash|p2a: Conkeldurr\n|-supereffective|p2a: Conkeldurr|1\n|-damage|p2a: Conkeldurr|51/100\n|move|p2b: Incineroar|Snarl|p1b: rawr.next question|[spread] p1b\n|-activate|p1a: busta|move: Protect\n|-damage|p1b: rawr.next question|74/100\n|-unboost|p1b: rawr.next question|spa|1\n|move|p2a: Conkeldurr|Knock Off|p1a: busta\n|-activate|p1a: busta|move: Protect\n|\n|-heal|p2b: Incineroar|40/100|[from] item: Leftovers\n|upkeep\n|turn|14\n|\n|t:|1776436366\n|move|p2a: Conkeldurr|Protect|p2a: Conkeldurr\n|-singleturn|p2a: Conkeldurr|Protect\n|move|p1b: rawr.next question|Draco Meteor|p2b: Incineroar\n|-damage|p2b: Incineroar|16/100\n|-unboost|p1b: rawr.next question|spa|2\n|move|p1a: busta|Freeze-Dry|p2b: Incineroar\n|-resisted|p2b: Incineroar|1\n|-damage|p2b: Incineroar|10/100\n|move|p2b: Incineroar|Snarl|p1a: busta|[spread] p1a,p1b\n|-supereffective|p1a: busta|1\n|-damage|p1a: busta|34/100\n|-damage|p1b: rawr.next question|64/100\n|-unboost|p1a: busta|spa|1\n|\n|-heal|p2b: Incineroar|16/100|[from] item: Leftovers\n|upkeep\n|turn|15\n|\n|t:|1776436381\n|move|p1b: rawr.next question|Air Slash|p2a: Conkeldurr\n|-supereffective|p2a: Conkeldurr|1\n|-damage|p2a: Conkeldurr|26/100\n|move|p1a: busta|Psychic|p2a: Conkeldurr\n|-supereffective|p2a: Conkeldurr|1\n|-damage|p2a: Conkeldurr|0 fnt\n|faint|p2a: Conkeldurr\n|move|p2b: Incineroar|Snarl|p1b: rawr.next question|[spread] p1a,p1b\n|-supereffective|p1a: busta|1\n|-damage|p1a: busta|12/100\n|-damage|p1b: rawr.next question|54/100\n|-unboost|p1a: busta|spa|1\n|\n|-heal|p2b: Incineroar|22/100|[from] item: Leftovers\n|upkeep\n|turn|16\n|\n|t:|1776436388\n|move|p1b: rawr.next question|Draco Meteor|p2b: Incineroar\n|-damage|p2b: Incineroar|3/100\n|move|p1a: busta|Freeze-Dry|p2b: Incineroar\n|-resisted|p2b: Incineroar|1\n|-damage|p2b: Incineroar|0 fnt\n|faint|p2b: Incineroar\n|\n|win|literaldog121212\n|raw|literaldog121212's rating: 1137 &rarr; <strong>1166</strong><br />(+29 for winning)\n|raw|Skirmikin's rating: 1191 &rarr; <strong>1162</strong><br />(-29 for losing)\n|c|\u2606literaldog121212|gg\n|c|\u2606literaldog121212|woah\n|c|\u2606literaldog121212|hard one\n|l|\u2606Skirmikin\n|player|p2|\n",
  "uploadtime": 1776436399,
  "views": 19,
  "formatid": "gen9championsvgc2026regma",
  "rating": 1162,
  "private": 0,
  "password": null
}