{
  "id": "gen9championsvgc2026regma-2580791384",
  "format": "[Gen 9 Champions] VGC 2026 Reg M-A",
  "players": [
    "mimikyutie778",
    "jack-o-pop RX"
  ],
  "log": "|j|\u2606mimikyutie778\n|j|\u2606jack-o-pop RX\n|t:|1775932787\n|gametype|doubles\n|player|p1|mimikyutie778|miku-water|1010\n|player|p2|jack-o-pop RX|265|1065\n|gen|9\n|tier|[Gen 9 Champions] VGC 2026 Reg M-A\n|rated|\n|rule|Species Clause: Limit one of each Pok\u00e9mon\n|rule|Item Clause: Limit 1 of each item\n|clearpoke\n|poke|p1|Starmie, L50|\n|poke|p1|Dragapult, L50, F|\n|poke|p1|Archaludon, L50, F|\n|poke|p1|Pelipper, L50, F|\n|poke|p1|Sneasler, L50, F|\n|poke|p1|Tsareena, L50, F|\n|poke|p2|Aggron, L50, F|\n|poke|p2|Farigiraf, L50, M|\n|poke|p2|Sneasler, L50, F|\n|poke|p2|Gliscor, L50, M|\n|poke|p2|Tyranitar, L50, M|\n|poke|p2|Incineroar, L50, F|\n|teampreview|4\n|\n|t:|1775932832\n|teamsize|p1|4\n|teamsize|p2|4\n|start\n|switch|p1a: fih|Starmie, L50|100/100\n|switch|p1b: Girlfailure|Sneasler, L50, F, shiny|100/100\n|switch|p2a: Farigiraf|Farigiraf, L50, M|100/100\n|switch|p2b: Aggron|Aggron, L50, F|100/100\n|turn|1\n|\n|t:|1775932870\n|detailschange|p1a: fih|Starmie-Mega, L50\n|-mega|p1a: fih|Starmie|Starminite\n|detailschange|p2b: Aggron|Aggron-Mega, L50, F\n|-mega|p2b: Aggron|Aggron|Aggronite\n|move|p1a: fih|Liquidation|p2a: Farigiraf\n|-damage|p2a: Farigiraf|33/100\n|move|p1b: Girlfailure|Close Combat|p2a: Farigiraf\n|-damage|p2a: Farigiraf|0 fnt\n|-unboost|p1b: Girlfailure|def|1\n|-unboost|p1b: Girlfailure|spd|1\n|faint|p2a: Farigiraf\n|-enditem|p1b: Girlfailure|White Herb\n|-clearnegativeboost|p1b: Girlfailure|[silent]\n|move|p2b: Aggron|Iron Defense|p2b: Aggron\n|-boost|p2b: Aggron|def|2\n|\n|upkeep\n|\n|t:|1775932886\n|switch|p2a: Tyranitar|Tyranitar, L50, M|100/100\n|-weather|Sandstorm|[from] ability: Sand Stream|[of] p2a: Tyranitar\n|turn|2\n|\n|t:|1775932908\n|switch|p1b: Woke Dog|Pelipper, L50, F|100/100\n|-weather|RainDance|[from] ability: Drizzle|[of] p1b: Woke Dog\n|move|p2a: Tyranitar|Protect|p2a: Tyranitar\n|-singleturn|p2a: Tyranitar|Protect\n|move|p1a: fih|Flip Turn|p2a: Tyranitar\n|-activate|p2a: Tyranitar|move: Protect\n|move|p2b: Aggron|Iron Defense|p2b: Aggron\n|-boost|p2b: Aggron|def|2\n|\n|-weather|RainDance|[upkeep]\n|upkeep\n|turn|3\n|\n|t:|1775932942\n|switch|p2a: Gliscor|Gliscor, L50, M|100/100\n|move|p1a: fih|Liquidation|p2b: Aggron\n|-damage|p2b: Aggron|76/100\n|move|p1b: Woke Dog|Muddy Water|p2b: Aggron|[spread] p2a,p2b\n|-supereffective|p2a: Gliscor|1\n|-damage|p2a: Gliscor|4/100\n|-damage|p2b: Aggron|41/100\n|move|p2b: Aggron|Body Press|p1a: fih\n|-resisted|p1a: fih|1\n|-damage|p1a: fih|24/100\n|\n|-weather|RainDance|[upkeep]\n|upkeep\n|turn|4\n|\n|t:|1775932992\n|move|p2a: Gliscor|Protect|p2a: Gliscor\n|-singleturn|p2a: Gliscor|Protect\n|move|p1a: fih|Flip Turn|p2a: Gliscor\n|-activate|p2a: Gliscor|move: Protect\n|move|p1b: Woke Dog|Muddy Water|p2a: Gliscor|[spread] p2b\n|-activate|p2a: Gliscor|move: Protect\n|-damage|p2b: Aggron|3/100\n|move|p2b: Aggron|Body Press|p1b: Woke Dog\n|-resisted|p1b: Woke Dog|1\n|-damage|p1b: Woke Dog|54/100\n|\n|-weather|RainDance|[upkeep]\n|upkeep\n|turn|5\n|\n|t:|1775933059\n|switch|p1b: Girlfailure|Sneasler, L50, F, shiny|100/100\n|switch|p2b: Tyranitar|Tyranitar, L50, M|100/100\n|-weather|Sandstorm|[from] ability: Sand Stream|[of] p2b: Tyranitar\n|move|p1a: fih|Flip Turn|p2a: Gliscor\n|-supereffective|p2a: Gliscor|1\n|-damage|p2a: Gliscor|0 fnt\n|faint|p2a: Gliscor\n|\n|t:|1775933070\n|switch|p1a: Woke Dog|Pelipper, L50, F|54/100|[from] Flip Turn\n|-weather|RainDance|[from] ability: Drizzle|[of] p1a: Woke Dog\n|\n|-weather|RainDance|[upkeep]\n|upkeep\n|\n|t:|1775933072\n|switch|p2a: Aggron|Aggron-Mega, L50, F|3/100\n|turn|6\n|-message|jack-o-pop RX forfeited.\n|\n|win|mimikyutie778\n|raw|mimikyutie778's rating: 1010 &rarr; <strong>1055</strong><br />(+45 for winning)\n|raw|jack-o-pop RX's rating: 1065 &rarr; <strong>1042</strong><br />(-23 for losing)\n|l|\u2606jack-o-pop RX\n|player|p2|\n",
  "uploadtime": 1775933102,
  "views": 15,
  "formatid": "gen9championsvgc2026regma",
  "rating": 1042,
  "private": 0,
  "password": null
}