{
  "id": "gen9championsvgc2026regma-2586693918",
  "format": "[Gen 9 Champions] VGC 2026 Reg M-A",
  "players": [
    "Baaaing sheep",
    "iamsoselfconscius"
  ],
  "log": "|j|\u2606Baaaing sheep\n|j|\u203diamsoselfconscius\n|t:|1776452718\n|gametype|doubles\n|player|p1|Baaaing sheep|102|1043\n|player|p2|iamsoselfconscius|169|1049\n|gen|9\n|tier|[Gen 9 Champions] VGC 2026 Reg M-A\n|rated|\n|rule|Species Clause: Limit one of each Pok\u00e9mon\n|rule|Item Clause: Limit 1 of each item\n|clearpoke\n|poke|p1|Starmie, L50|\n|poke|p1|Pelipper, L50, F|\n|poke|p1|Basculegion, L50, M|\n|poke|p1|Archaludon, L50, M|\n|poke|p1|Azumarill, L50, M|\n|poke|p1|Incineroar, L50, M|\n|poke|p2|Gengar, L50, F|\n|poke|p2|Ninetales-Alola, L50, F|\n|poke|p2|Sneasler, L50, F|\n|poke|p2|Aegislash, L50, F|\n|poke|p2|Milotic, L50, F|\n|poke|p2|Incineroar, L50, M|\n|teampreview|4\n|inactive|Battle timer is ON: inactive players will automatically lose when time's up. (requested by Baaaing sheep)\n|\n|t:|1776452751\n|teamsize|p1|4\n|teamsize|p2|4\n|start\n|switch|p1a: Starmie|Starmie, L50|100/100\n|switch|p1b: Pelipper|Pelipper, L50, F|100/100\n|switch|p2a: Milotic|Milotic, L50, F|100/100\n|switch|p2b: Sneasler|Sneasler, L50, F|100/100\n|-weather|RainDance|[from] ability: Drizzle|[of] p1b: Pelipper\n|turn|1\n|\n|t:|1776452767\n|switch|p2b: Ninetales|Ninetales-Alola, L50, F|100/100\n|-weather|Snowscape|[from] ability: Snow Warning|[of] p2b: Ninetales\n|detailschange|p1a: Starmie|Starmie-Mega, L50\n|-mega|p1a: Starmie|Starmie|Starminite\n|move|p1a: Starmie|Liquidation|p2b: Ninetales\n|-crit|p2b: Ninetales\n|-enditem|p2b: Ninetales|Focus Sash\n|-damage|p2b: Ninetales|1/100\n|move|p2a: Milotic|Blizzard|p1b: Pelipper|[spread] p1a,p1b\n|-resisted|p1a: Starmie|1\n|-crit|p1b: Pelipper\n|-damage|p1a: Starmie|84/100\n|-damage|p1b: Pelipper|49/100\n|move|p1b: Pelipper|Tailwind|p1b: Pelipper\n|-sidestart|p1: Baaaing sheep|move: Tailwind\n|\n|-weather|Snowscape|[upkeep]\n|upkeep\n|turn|2\n|inactive|Baaaing sheep has 30 seconds left.\n|inactive|iamsoselfconscius has 30 seconds left.\n|inactive|iamsoselfconscius has 20 seconds left.\n|\n|t:|1776452804\n|switch|p1b: Incineroar|Incineroar, L50, M|100/100\n|-ability|p1b: Incineroar|Intimidate|boost\n|-unboost|p2a: Milotic|atk|1\n|-ability|p2a: Milotic|Competitive|boost\n|-boost|p2a: Milotic|spa|2\n|-unboost|p2b: Ninetales|atk|1\n|move|p2b: Ninetales|Protect|p2b: Ninetales\n|-singleturn|p2b: Ninetales|Protect\n|move|p1a: Starmie|Flip Turn|p2b: Ninetales\n|-activate|p2b: Ninetales|move: Protect\n|move|p2a: Milotic|Blizzard|p1a: Starmie|[spread] p1a,p1b\n|-resisted|p1a: Starmie|1\n|-crit|p1a: Starmie\n|-resisted|p1b: Incineroar|1\n|-damage|p1a: Starmie|34/100\n|-damage|p1b: Incineroar|80/100\n|\n|-weather|Snowscape|[upkeep]\n|upkeep\n|turn|3\n|inactive|iamsoselfconscius has 30 seconds left.\n|\n|t:|1776452837\n|switch|p2b: Sneasler|Sneasler, L50, F|100/100\n|switch|p1b: Pelipper|Pelipper, L50, F|49/100\n|-weather|RainDance|[from] ability: Drizzle|[of] p1b: Pelipper\n|move|p1a: Starmie|Flip Turn|p2b: Sneasler\n|-damage|p2b: Sneasler|0 fnt\n|faint|p2b: Sneasler\n|\n|t:|1776452850\n|switch|p1a: Archaludon|Archaludon, L50, M|100/100|[from] Flip Turn\n|move|p2a: Milotic|Scald|p1b: Pelipper\n|-resisted|p1b: Pelipper|1\n|-damage|p1b: Pelipper|0 fnt\n|faint|p1b: Pelipper\n|\n|-weather|RainDance|[upkeep]\n|upkeep\n|\n|t:|1776452859\n|switch|p2b: Ninetales|Ninetales-Alola, L50, F|1/100\n|switch|p1b: Starmie|Starmie-Mega, L50|34/100\n|-weather|Snowscape|[from] ability: Snow Warning|[of] p2b: Ninetales\n|turn|4\n|inactive|Baaaing sheep has 30 seconds left.\n|\n|t:|1776452887\n|move|p1b: Starmie|Protect|p1b: Starmie\n|-singleturn|p1b: Starmie|Protect\n|move|p2b: Ninetales|Protect|p2b: Ninetales\n|-singleturn|p2b: Ninetales|Protect\n|move|p2a: Milotic|Protect|p2a: Milotic\n|-singleturn|p2a: Milotic|Protect\n|move|p1a: Archaludon|Electro Shot||[still]\n|-prepare|p1a: Archaludon|Electro Shot\n|-boost|p1a: Archaludon|spa|1\n|\n|-weather|Snowscape|[upkeep]\n|-sideend|p1: Baaaing sheep|move: Tailwind\n|upkeep\n|turn|5\n|\n|t:|1776452906\n|move|p1b: Starmie|Liquidation|p2b: Ninetales\n|-damage|p2b: Ninetales|0 fnt\n|faint|p2b: Ninetales\n|move|p1a: Archaludon|Electro Shot|p2a: Milotic|[from] lockedmove\n|-supereffective|p2a: Milotic|1\n|-damage|p2a: Milotic|5/100\n|move|p2a: Milotic|Blizzard|p1a: Archaludon|[spread] p1a,p1b\n|-resisted|p1b: Starmie|1\n|-damage|p1a: Archaludon|42/100\n|-damage|p1b: Starmie|1/100\n|-status|p1a: Archaludon|frz\n|-ability|p1a: Archaludon|Stamina|boost\n|-boost|p1a: Archaludon|def|1\n|\n|-weather|Snowscape|[upkeep]\n|-heal|p1a: Archaludon|48/100 frz|[from] item: Leftovers\n|-heal|p2a: Milotic|11/100|[from] item: Leftovers\n|upkeep\n|\n|t:|1776452921\n|switch|p2b: Gengar|Gengar, L50, F|100/100\n|turn|6\n|\n|t:|1776452933\n|detailschange|p2b: Gengar|Gengar-Mega, L50, F\n|-mega|p2b: Gengar|Gengar|Gengarite\n|move|p1b: Starmie|Protect|p1b: Starmie\n|-singleturn|p1b: Starmie|Protect\n|move|p2b: Gengar|Sludge Bomb|p1b: Starmie\n|-activate|p1b: Starmie|move: Protect\n|cant|p1a: Archaludon|frz\n|move|p2a: Milotic|Blizzard|p1a: Archaludon|[spread] p1a\n|-activate|p1b: Starmie|move: Protect\n|-damage|p1a: Archaludon|0 fnt\n|faint|p1a: Archaludon\n|\n|-weather|Snowscape|[upkeep]\n|-heal|p2a: Milotic|17/100|[from] item: Leftovers\n|upkeep\n|\n|t:|1776452946\n|switch|p1a: Incineroar|Incineroar, L50, M|80/100\n|-ability|p1a: Incineroar|Intimidate|boost\n|-unboost|p2a: Milotic|atk|1\n|-ability|p2a: Milotic|Competitive|boost\n|-boost|p2a: Milotic|spa|2\n|-unboost|p2b: Gengar|atk|1\n|turn|7\n|\n|t:|1776452965\n|move|p1b: Starmie|Protect||[still]\n|-fail|p1b: Starmie\n|move|p2b: Gengar|Sludge Bomb|p1b: Starmie\n|-damage|p1b: Starmie|0 fnt\n|faint|p1b: Starmie\n|move|p2a: Milotic|Scald|p1a: Incineroar\n|-supereffective|p1a: Incineroar|1\n|-crit|p1a: Incineroar\n|-damage|p1a: Incineroar|0 fnt\n|faint|p1a: Incineroar\n|\n|win|iamsoselfconscius\n|raw|Baaaing sheep's rating: 1043 &rarr; <strong>1027</strong><br />(-16 for losing)\n|raw|iamsoselfconscius's rating: 1049 &rarr; <strong>1081</strong><br />(+32 for winning)\n",
  "uploadtime": 1776452978,
  "views": 28,
  "formatid": "gen9championsvgc2026regma",
  "rating": 1027,
  "private": 0,
  "password": null
}