{
  "id": "gen9championsvgc2026regma-2585880101",
  "format": "[Gen 9 Champions] VGC 2026 Reg M-A",
  "players": [
    "KilamanolaVGC",
    "Swis_Chris"
  ],
  "log": "|j|\u203dKilamanolaVGC\n|j|\u2606Swis_Chris\n|t:|1776377919\n|gametype|doubles\n|player|p1|KilamanolaVGC|benga|1240\n|player|p2|Swis_Chris|1|1199\n|gen|9\n|tier|[Gen 9 Champions] VGC 2026 Reg M-A\n|rated|\n|rule|Species Clause: Limit one of each Pok\u00e9mon\n|rule|Item Clause: Limit 1 of each item\n|clearpoke\n|poke|p1|Floette-Eternal, L50, F|\n|poke|p1|Garchomp, L50, M|\n|poke|p1|Aerodactyl, L50, M|\n|poke|p1|Kingambit, L50, F|\n|poke|p1|Charizard, L50, M|\n|poke|p1|Sneasler, L50, M|\n|poke|p2|Chesnaught, L50, M|\n|poke|p2|Aegislash, L50, M|\n|poke|p2|Basculegion, L50, M|\n|poke|p2|Sinistcha-Masterpiece, L50|\n|poke|p2|Talonflame, L50, M|\n|poke|p2|Scizor, L50, M|\n|teampreview|4\n|inactive|Battle timer is ON: inactive players will automatically lose when time's up. (requested by KilamanolaVGC)\nKilamanolaVGC has agreed to open team sheets.\nSwis_Chris has agreed to open team sheets.\n|showteam|p1|Floette-Eternal||Floettite|FlowerVeil|Moonblast,DazzlingGleam,CalmMind,Protect|||F|||50|]Garchomp||LumBerry|RoughSkin|Earthquake,DragonClaw,RockSlide,Protect|||M|||50|]Aerodactyl||FocusSash|Unnerve|RockSlide,DualWingbeat,Tailwind,Protect|||M|||50|]Kingambit||BlackGlasses|Defiant|KowtowCleave,SuckerPunch,IronHead,Protect|||F|||50|]Charizard||CharizarditeY|Blaze|HeatWave,WeatherBall,SolarBeam,Protect|||M|||50|]Sneasler||WhiteHerb|Unburden|CloseCombat,DireClaw,FakeOut,Protect|||M|||50|\n|showteam|p2|Chesnaught||Chesnaughtite|Bulletproof|SpikyShield,BodyPress,Payback,IronDefense|||M|||50|]Aegislash||ColburBerry|StanceChange|KingsShield,ShadowBall,WideGuard,FlashCannon|||M|||50|]Basculegion||MysticWater|SwiftSwim|AquaJet,WaveCrash,LastRespects,Protect|||M|||50|]Sinistcha-Masterpiece||MentalHerb|Hospitality|RagePowder,TrickRoom,ShadowBall,Memento||||||50|]Talonflame||SharpBeak|GaleWings|BraveBird,UpperHand,Uturn,RainDance|||M|||50|]Scizor||Scizorite|Technician|BugBite,BulletPunch,SwordsDance,KnockOff|||M|||50|\n|inactive|KilamanolaVGC has 60 seconds left.\n|inactive|Swis_Chris has 60 seconds left.\n|\n|t:|1776377973\n|teamsize|p1|4\n|teamsize|p2|4\n|start\n|switch|p1a: Sneasler|Sneasler, L50, M, shiny|100/100\n|switch|p1b: Aerodactyl|Aerodactyl, L50, M|100/100\n|switch|p2a: Talonflame|Talonflame, L50, M|100/100\n|switch|p2b: Aegislash|Aegislash, L50, M, shiny|100/100\n|-ability|p1b: Aerodactyl|Unnerve\n|turn|1\n|\n|t:|1776377989\n|move|p1a: Sneasler|Fake Out|p2a: Talonflame\n|-damage|p2a: Talonflame|77/100\n|move|p2b: Aegislash|Wide Guard|p2b: Aegislash\n|-singleturn|p2b: Aegislash|Wide Guard\n|move|p1b: Aerodactyl|Tailwind|p1b: Aerodactyl\n|-sidestart|p1: KilamanolaVGC|move: Tailwind\n|cant|p2a: Talonflame|flinch\n|\n|upkeep\n|turn|2\n|\n|t:|1776378003\n|move|p2b: Aegislash|Wide Guard|p2b: Aegislash\n|-singleturn|p2b: Aegislash|Wide Guard\n|move|p1b: Aerodactyl|Dual Wingbeat|p2a: Talonflame\n|-damage|p2a: Talonflame|47/100\n|-damage|p2a: Talonflame|21/100\n|-hitcount|p2a: Talonflame|2\n|move|p1a: Sneasler|Close Combat|p2a: Talonflame\n|-resisted|p2a: Talonflame|1\n|-damage|p2a: Talonflame|0 fnt\n|-unboost|p1a: Sneasler|def|1\n|-unboost|p1a: Sneasler|spd|1\n|faint|p2a: Talonflame\n|-enditem|p1a: Sneasler|White Herb\n|-clearnegativeboost|p1a: Sneasler|[silent]\n|\n|upkeep\n|\n|t:|1776378022\n|switch|p2a: Scizor|Scizor, L50, M|100/100\n|turn|3\n|\n|t:|1776378034\n|switch|p1b: Charizard|Charizard, L50, M, shiny|100/100\n|detailschange|p2a: Scizor|Scizor-Mega, L50, M\n|-mega|p2a: Scizor|Scizor|Scizorite\n|move|p1a: Sneasler|Close Combat|p2a: Scizor\n|-damage|p2a: Scizor|49/100\n|-unboost|p1a: Sneasler|def|1\n|-unboost|p1a: Sneasler|spd|1\n|move|p2a: Scizor|Swords Dance|p2a: Scizor\n|-boost|p2a: Scizor|atk|2\n|-formechange|p2b: Aegislash|Aegislash-Blade|\n|move|p2b: Aegislash|Shadow Ball|p1a: Sneasler\n|-damage|p1a: Sneasler|0 fnt\n|faint|p1a: Sneasler\n|\n|upkeep\n|\n|t:|1776378054\n|switch|p1a: Garchomp|Garchomp, L50, M, shiny|100/100\n|turn|4\n|\n|t:|1776378069\n|detailschange|p1b: Charizard|Charizard-Mega-Y, L50, M, shiny\n|-mega|p1b: Charizard|Charizard|Charizardite Y\n|-weather|SunnyDay|[from] ability: Drought|[of] p1b: Charizard\n|move|p2b: Aegislash|Wide Guard|p2b: Aegislash\n|-singleturn|p2b: Aegislash|Wide Guard\n|move|p1a: Garchomp|Earthquake|p2b: Aegislash|[spread] \n|-activate|p2a: Scizor|move: Wide Guard\n|-activate|p2b: Aegislash|move: Wide Guard\n|-immune|p1b: Charizard\n|move|p1b: Charizard|Weather Ball|p2a: Scizor\n|-supereffective|p2a: Scizor|2\n|-damage|p2a: Scizor|0 fnt\n|faint|p2a: Scizor\n|\n|-weather|SunnyDay|[upkeep]\n|-sideend|p1: KilamanolaVGC|move: Tailwind\n|upkeep\n|\n|t:|1776378081\n|switch|p2a: The Knight|Chesnaught, L50, M|100/100\n|turn|5\n|\n|t:|1776378091\n|-formechange|p2b: Aegislash|Aegislash|\n|move|p2b: Aegislash|King's Shield|p2b: Aegislash\n|-singleturn|p2b: Aegislash|Protect\n|move|p1a: Garchomp|Dragon Claw|p2a: The Knight\n|-damage|p2a: The Knight|73/100\n|move|p1b: Charizard|Weather Ball|p2b: Aegislash\n|-activate|p2b: Aegislash|move: Protect\n|move|p2a: The Knight|Iron Defense|p2a: The Knight\n|-boost|p2a: The Knight|def|2\n|\n|-weather|SunnyDay|[upkeep]\n|upkeep\n|turn|6\n|\n|t:|1776378105\n|move|p2b: Aegislash|Wide Guard|p2b: Aegislash\n|-singleturn|p2b: Aegislash|Wide Guard\n|move|p1a: Garchomp|Earthquake|p2a: The Knight|[spread] \n|-activate|p2a: The Knight|move: Wide Guard\n|-activate|p2b: Aegislash|move: Wide Guard\n|-immune|p1b: Charizard\n|move|p1b: Charizard|Weather Ball|p2a: The Knight\n|-immune|p2a: The Knight|[from] ability: Bulletproof\n|move|p2a: The Knight|Body Press|p1b: Charizard\n|-resisted|p1b: Charizard|1\n|-damage|p1b: Charizard|46/100\n|\n|-weather|SunnyDay|[upkeep]\n|upkeep\n|turn|7\n|\n|t:|1776378127\n|switch|p1b: Aerodactyl|Aerodactyl, L50, M|100/100\n|-ability|p1b: Aerodactyl|Unnerve\n|move|p2b: Aegislash|Wide Guard|p2b: Aegislash\n|-singleturn|p2b: Aegislash|Wide Guard\n|move|p1a: Garchomp|Dragon Claw|p2a: The Knight\n|-damage|p2a: The Knight|57/100\n|move|p2a: The Knight|Body Press|p1b: Aerodactyl\n|-enditem|p1b: Aerodactyl|Focus Sash\n|-damage|p1b: Aerodactyl|1/100\n|\n|-weather|SunnyDay|[upkeep]\n|upkeep\n|turn|8\n|inactive|Swis_Chris has 30 seconds left.\n|\n|t:|1776378152\n|move|p2a: The Knight|Spiky Shield|p2a: The Knight\n|-singleturn|p2a: The Knight|move: Protect\n|move|p1b: Aerodactyl|Dual Wingbeat|p2a: The Knight\n|-activate|p2a: The Knight|move: Protect\n|-damage|p1b: Aerodactyl|0 fnt|[from] Spiky Shield|[of] p2a: The Knight\n|faint|p1b: Aerodactyl\n|move|p1a: Garchomp|Dragon Claw|p2a: The Knight\n|-activate|p2a: The Knight|move: Protect\n|-damage|p1a: Garchomp|88/100|[from] Spiky Shield|[of] p2a: The Knight\n|-formechange|p2b: Aegislash|Aegislash-Blade|\n|move|p2b: Aegislash|Shadow Ball|p1a: Garchomp\n|-damage|p1a: Garchomp|39/100\n|\n|-weather|none\n|upkeep\n|\n|t:|1776378157\n|switch|p1b: Charizard|Charizard-Mega-Y, L50, M, shiny|46/100\n|-weather|SunnyDay|[from] ability: Drought|[of] p1b: Charizard\n|turn|9\n|\n|t:|1776378168\n|move|p2b: Aegislash|Wide Guard|p2b: Aegislash\n|-singleturn|p2b: Aegislash|Wide Guard\n|move|p1a: Garchomp|Dragon Claw|p2a: The Knight\n|-damage|p2a: The Knight|42/100\n|move|p1b: Charizard|Weather Ball|p2b: Aegislash\n|-supereffective|p2b: Aegislash|1\n|-damage|p2b: Aegislash|0 fnt\n|faint|p2b: Aegislash\n|move|p2a: The Knight|Body Press|p1b: Charizard\n|-resisted|p1b: Charizard|1\n|-damage|p1b: Charizard|0 fnt\n|faint|p1b: Charizard\n|\n|-weather|SunnyDay|[upkeep]\n|upkeep\n|turn|10\n|\n|t:|1776378178\n|move|p1a: Garchomp|Dragon Claw|p2a: The Knight\n|-damage|p2a: The Knight|26/100\n|move|p2a: The Knight|Body Press|p1a: Garchomp\n|-damage|p1a: Garchomp|0 fnt\n|-damage|p2a: The Knight|14/100|[from] ability: Rough Skin|[of] p1a: Garchomp\n|faint|p1a: Garchomp\n|\n|win|Swis_Chris\n|raw|KilamanolaVGC's rating: 1240 &rarr; <strong>1212</strong><br />(-28 for losing)\n|raw|Swis_Chris's rating: 1199 &rarr; <strong>1227</strong><br />(+28 for winning)\n|l|\u203dKilamanolaVGC\n|player|p1|\n",
  "uploadtime": 1776378411,
  "views": 50,
  "formatid": "gen9championsvgc2026regma",
  "rating": 1212,
  "private": 0,
  "password": null
}