{
  "id": "gen9championsvgc2026regma-2580958920",
  "format": "[Gen 9 Champions] VGC 2026 Reg M-A",
  "players": [
    "Kobe Saber",
    "AlexxisIdk444"
  ],
  "log": "|j|\u2606Kobe Saber\n|j|\u2606AlexxisIdk444\n|t:|1775946745\n|gametype|doubles\n|player|p1|Kobe Saber|2|1002\n|player|p2|AlexxisIdk444|265|1000\n|gen|9\n|tier|[Gen 9 Champions] VGC 2026 Reg M-A\n|rated|\n|rule|Species Clause: Limit one of each Pok\u00e9mon\n|rule|Item Clause: Limit 1 of each item\n|clearpoke\n|poke|p1|Feraligatr, L50, M|\n|poke|p1|Pelipper, L50, F|\n|poke|p1|Incineroar, L50, M|\n|poke|p1|Sinistcha, L50|\n|poke|p1|Sneasler, L50, M|\n|poke|p1|Heracross, L50, M|\n|poke|p2|Charizard, L50, M|\n|poke|p2|Sinistcha, L50|\n|poke|p2|Milotic, L50, M|\n|poke|p2|Incineroar, L50, F|\n|poke|p2|Hydreigon, L50, M|\n|poke|p2|Sneasler, L50, M|\n|teampreview|4\n|\n|t:|1775946778\n|teamsize|p1|4\n|teamsize|p2|4\n|start\n|switch|p1a: Pelipper|Pelipper, L50, F|100/100\n|switch|p1b: Feraligatr|Feraligatr, L50, M|100/100\n|switch|p2a: Milotic|Milotic, L50, M|100/100\n|switch|p2b: Incineroar|Incineroar, L50, F|100/100\n|-weather|RainDance|[from] ability: Drizzle|[of] p1a: Pelipper\n|-ability|p2b: Incineroar|Intimidate|boost\n|-unboost|p1a: Pelipper|atk|1\n|-unboost|p1b: Feraligatr|atk|1\n|turn|1\n|\n|t:|1775946798\n|move|p2b: Incineroar|Fake Out|p1b: Feraligatr\n|-damage|p1b: Feraligatr|90/100\n|move|p2a: Milotic|Icy Wind|p1a: Pelipper|[spread] p1a,p1b\n|-resisted|p1b: Feraligatr|1\n|-damage|p1a: Pelipper|86/100\n|-damage|p1b: Feraligatr|85/100\n|-unboost|p1a: Pelipper|spe|1\n|-unboost|p1b: Feraligatr|spe|1\n|cant|p1b: Feraligatr|flinch\n|move|p1a: Pelipper|Tailwind|p1a: Pelipper\n|-sidestart|p1: Kobe Saber|move: Tailwind\n|\n|-weather|RainDance|[upkeep]\n|upkeep\n|turn|2\n|\n|t:|1775946824\n|switch|p1b: Sinistcha|Sinistcha, L50|100/100\n|-heal|p1a: Pelipper|100/100|[from] ability: Hospitality|[of] p1b: Sinistcha\n|switch|p2b: Sinistcha|Sinistcha, L50|100/100\n|move|p1a: Pelipper|Muddy Water|p2a: Milotic|[spread] p2a\n|-miss|p1a: Pelipper|p2b: Sinistcha\n|-resisted|p2a: Milotic|1\n|-damage|p2a: Milotic|86/100\n|move|p2a: Milotic|Icy Wind|p1b: Sinistcha|[spread] p1a,p1b\n|-supereffective|p1b: Sinistcha|1\n|-damage|p1a: Pelipper|87/100\n|-damage|p1b: Sinistcha|77/100\n|-unboost|p1a: Pelipper|spe|1\n|-unboost|p1b: Sinistcha|spe|1\n|\n|-weather|RainDance|[upkeep]\n|-heal|p1b: Sinistcha|83/100|[from] item: Leftovers\n|-heal|p2a: Milotic|92/100|[from] item: Leftovers\n|upkeep\n|turn|3\n|\n|t:|1775946854\n|switch|p2a: Incineroar|Incineroar, L50, F|100/100\n|-ability|p2a: Incineroar|Intimidate|boost\n|-unboost|p1a: Pelipper|atk|1\n|-unboost|p1b: Sinistcha|atk|1\n|move|p1b: Sinistcha|Protect|p1b: Sinistcha\n|-singleturn|p1b: Sinistcha|Protect\n|move|p2b: Sinistcha|Matcha Gotcha|p1a: Pelipper|[spread] p1a\n|-activate|p1b: Sinistcha|move: Protect\n|-damage|p1a: Pelipper|49/100\n|-status|p1a: Pelipper|brn\n|move|p1a: Pelipper|Hurricane|p2b: Sinistcha\n|-supereffective|p2b: Sinistcha|1\n|-enditem|p2b: Sinistcha|Coba Berry|[eat]\n|-enditem|p2b: Sinistcha|Coba Berry|[weaken]\n|-damage|p2b: Sinistcha|53/100\n|\n|-weather|RainDance|[upkeep]\n|-heal|p1b: Sinistcha|89/100|[from] item: Leftovers\n|-damage|p1a: Pelipper|43/100 brn|[from] brn\n|upkeep\n|turn|4\n|\n|t:|1775946896\n|move|p1a: Pelipper|Protect|p1a: Pelipper\n|-singleturn|p1a: Pelipper|Protect\n|move|p2a: Incineroar|Fake Out|p1a: Pelipper\n|-activate|p1a: Pelipper|move: Protect\n|move|p1b: Sinistcha|Strength Sap|p2a: Incineroar\n|-unboost|p2a: Incineroar|atk|1\n|-heal|p1b: Sinistcha|100/100\n|move|p2b: Sinistcha|Matcha Gotcha|p1a: Pelipper|[spread] p1b\n|-activate|p1a: Pelipper|move: Protect\n|-resisted|p1b: Sinistcha|1\n|-damage|p1b: Sinistcha|85/100\n|-heal|p2b: Sinistcha|61/100|[from] drain|[of] p1b: Sinistcha\n|\n|-weather|RainDance|[upkeep]\n|-heal|p1b: Sinistcha|92/100|[from] item: Leftovers\n|-damage|p1a: Pelipper|37/100 brn|[from] brn\n|-sideend|p1: Kobe Saber|move: Tailwind\n|upkeep\n|turn|5\n|\n|t:|1775946930\n|switch|p1a: Sneasler|Sneasler, L50, M|100/100\n|move|p2b: Sinistcha|Life Dew||[still]|[spread] p2a,p2b\n|-fail|p2a: Incineroar|heal\n|-heal|p2b: Sinistcha|86/100\n|move|p2a: Incineroar|Parting Shot|p1a: Sneasler\n|-unboost|p1a: Sneasler|atk|1\n|-unboost|p1a: Sneasler|spa|1\n|\n|t:|1775946958\n|switch|p2a: Milotic|Milotic, L50, M|92/100|[from] Parting Shot\n|move|p1b: Sinistcha|Shadow Ball|p2b: Sinistcha\n|-supereffective|p2b: Sinistcha|1\n|-damage|p2b: Sinistcha|15/100\n|\n|-weather|none\n|-heal|p2a: Milotic|98/100|[from] item: Leftovers\n|-heal|p1b: Sinistcha|98/100|[from] item: Leftovers\n|upkeep\n|turn|6\n|\n|t:|1775946984\n|move|p1a: Sneasler|Fake Out|p2a: Milotic\n|-damage|p2a: Milotic|89/100\n|cant|p2a: Milotic|flinch\n|move|p2b: Sinistcha|Matcha Gotcha|p1a: Sneasler|[spread] p1a,p1b\n|-resisted|p1a: Sneasler|1\n|-resisted|p1b: Sinistcha|1\n|-damage|p1a: Sneasler|85/100\n|-heal|p2b: Sinistcha|21/100|[from] drain|[of] p1a: Sneasler\n|-damage|p1b: Sinistcha|83/100\n|-heal|p2b: Sinistcha|29/100|[from] drain|[of] p1b: Sinistcha\n|move|p1b: Sinistcha|Shadow Ball|p2b: Sinistcha\n|-supereffective|p2b: Sinistcha|1\n|-damage|p2b: Sinistcha|0 fnt\n|faint|p2b: Sinistcha\n|\n|-heal|p2a: Milotic|95/100|[from] item: Leftovers\n|-heal|p1b: Sinistcha|89/100|[from] item: Leftovers\n|upkeep\n|\n|t:|1775947004\n|switch|p2b: Hydreigon|Hydreigon, L50, M|100/100\n|turn|7\n|\n|t:|1775947031\n|move|p1a: Sneasler|Close Combat|p2b: Hydreigon\n|-supereffective|p2b: Hydreigon|1\n|-damage|p2b: Hydreigon|0 fnt\n|-unboost|p1a: Sneasler|def|1\n|-unboost|p1a: Sneasler|spd|1\n|faint|p2b: Hydreigon\n|move|p2a: Milotic|Icy Wind|p1a: Sneasler|[spread] p1a,p1b\n|-supereffective|p1b: Sinistcha|1\n|-damage|p1a: Sneasler|66/100\n|-damage|p1b: Sinistcha|67/100\n|-unboost|p1a: Sneasler|spe|1\n|-unboost|p1b: Sinistcha|spe|1\n|move|p1b: Sinistcha|Matcha Gotcha|p2a: Milotic\n|-supereffective|p2a: Milotic|1\n|-damage|p2a: Milotic|50/100\n|-heal|p1b: Sinistcha|93/100|[from] drain|[of] p2a: Milotic\n|\n|-heal|p2a: Milotic|55/100|[from] item: Leftovers\n|-heal|p1b: Sinistcha|99/100|[from] item: Leftovers\n|upkeep\n|\n|t:|1775947049\n|switch|p2b: Incineroar|Incineroar, L50, F|100/100\n|-ability|p2b: Incineroar|Intimidate|boost\n|-unboost|p1a: Sneasler|atk|1\n|-unboost|p1b: Sinistcha|atk|1\n|turn|8\n|\n|t:|1775947069\n|switch|p1a: Pelipper|Pelipper, L50, F|37/100 brn\n|-weather|RainDance|[from] ability: Drizzle|[of] p1a: Pelipper\n|move|p2b: Incineroar|Fake Out|p1a: Pelipper\n|-damage|p1a: Pelipper|26/100 brn\n|move|p2a: Milotic|Icy Wind|p1b: Sinistcha|[spread] p1a,p1b\n|-supereffective|p1b: Sinistcha|1\n|-damage|p1a: Pelipper|12/100 brn\n|-damage|p1b: Sinistcha|76/100\n|-unboost|p1a: Pelipper|spe|1\n|-unboost|p1b: Sinistcha|spe|1\n|move|p1b: Sinistcha|Strength Sap|p2b: Incineroar\n|-unboost|p2b: Incineroar|atk|1\n|-heal|p1b: Sinistcha|100/100\n|\n|-weather|RainDance|[upkeep]\n|-heal|p2a: Milotic|61/100|[from] item: Leftovers\n|-damage|p1a: Pelipper|6/100 brn|[from] brn\n|upkeep\n|turn|9\n|\n|t:|1775947101\n|move|p2a: Milotic|Icy Wind|p1a: Pelipper|[spread] p1a,p1b\n|-supereffective|p1b: Sinistcha|1\n|-damage|p1a: Pelipper|0 fnt\n|-damage|p1b: Sinistcha|76/100\n|-unboost|p1b: Sinistcha|spe|1\n|faint|p1a: Pelipper\n|move|p2b: Incineroar|Flare Blitz|p1b: Sinistcha\n|-supereffective|p1b: Sinistcha|1\n|-damage|p1b: Sinistcha|52/100\n|-status|p1b: Sinistcha|brn\n|-damage|p2b: Incineroar|94/100|[from] Recoil\n|move|p1b: Sinistcha|Matcha Gotcha|p2a: Milotic|[spread] p2a,p2b\n|-supereffective|p2a: Milotic|1\n|-resisted|p2b: Incineroar|1\n|-damage|p2a: Milotic|29/100\n|-heal|p1b: Sinistcha|71/100 brn|[from] drain|[of] p2a: Milotic\n|-damage|p2b: Incineroar|80/100\n|-heal|p1b: Sinistcha|79/100 brn|[from] drain|[of] p2b: Incineroar\n|\n|-weather|RainDance|[upkeep]\n|-heal|p2a: Milotic|35/100|[from] item: Leftovers\n|-heal|p1b: Sinistcha|85/100 brn|[from] item: Leftovers\n|-damage|p1b: Sinistcha|79/100 brn|[from] brn\n|upkeep\n|\n|t:|1775947125\n|switch|p1a: Feraligatr|Feraligatr, L50, M|85/100\n|turn|10\n|\n|t:|1775947136\n|detailschange|p1a: Feraligatr|Feraligatr-Mega, L50, M\n|-mega|p1a: Feraligatr|Feraligatr|Feraligite\n|move|p2a: Milotic|Icy Wind|p1a: Feraligatr|[spread] p1a,p1b\n|-supereffective|p1b: Sinistcha|1\n|-damage|p1a: Feraligatr|76/100\n|-damage|p1b: Sinistcha|54/100 brn\n|-unboost|p1a: Feraligatr|spe|1\n|-unboost|p1b: Sinistcha|spe|1\n|move|p2b: Incineroar|Darkest Lariat|p1b: Sinistcha\n|-supereffective|p1b: Sinistcha|1\n|-damage|p1b: Sinistcha|20/100 brn\n|move|p1a: Feraligatr|Liquidation|p2b: Incineroar\n|-supereffective|p2b: Incineroar|1\n|-damage|p2b: Incineroar|0 fnt\n|faint|p2b: Incineroar\n|move|p1b: Sinistcha|Matcha Gotcha|p2a: Milotic\n|-supereffective|p2a: Milotic|1\n|-damage|p2a: Milotic|0 fnt\n|-heal|p1b: Sinistcha|40/100 brn|[from] drain|[of] p2a: Milotic\n|faint|p2a: Milotic\n|\n|win|Kobe Saber\n|raw|Kobe Saber's rating: 1002 &rarr; <strong>1041</strong><br />(+39 for winning)\n|raw|AlexxisIdk444's rating: 1000 &rarr; <strong>1000</strong><br />(+0 for losing)\n|l|\u2606AlexxisIdk444\n|player|p2|\n",
  "uploadtime": 1775947158,
  "views": 15,
  "formatid": "gen9championsvgc2026regma",
  "rating": 1000,
  "private": 0,
  "password": null
}