{
  "id": "gen9championsvgc2026regma-2581029005",
  "format": "[Gen 9 Champions] VGC 2026 Reg M-A",
  "players": [
    "franksaurio",
    "A5h3r"
  ],
  "log": "|j|\u2606franksaurio\n|j|\u2606A5h3r\n|t:|1775953195\n|gametype|doubles\n|player|p1|franksaurio|101|1000\n|player|p2|A5h3r|alder|1065\n|gen|9\n|tier|[Gen 9 Champions] VGC 2026 Reg M-A\n|rated|\n|rule|Species Clause: Limit one of each Pok\u00e9mon\n|rule|Item Clause: Limit 1 of each item\n|clearpoke\n|poke|p1|Floette-Eternal, L50, F|\n|poke|p1|Garchomp, L50, M|\n|poke|p1|Corviknight, L50, F|\n|poke|p1|Aegislash, L50, F|\n|poke|p1|Talonflame, L50, M|\n|poke|p1|Sinistcha, L50|\n|poke|p2|Pelipper, L50, M|\n|poke|p2|Starmie, L50|\n|poke|p2|Archaludon, L50, F|\n|poke|p2|Sneasler, L50, M|\n|poke|p2|Garchomp, L50, F|\n|poke|p2|Manectric, L50, M|\n|teampreview|4\n|inactive|Battle timer is ON: inactive players will automatically lose when time's up. (requested by franksaurio)\n|\n|t:|1775953248\n|teamsize|p1|4\n|teamsize|p2|4\n|start\n|switch|p1a: Aegislash|Aegislash, L50, F|100/100\n|switch|p1b: Sinistcha|Sinistcha, L50|100/100\n|switch|p2a: DUMPSTER|Pelipper, L50, M|100/100\n|switch|p2b: Rocc Climbing|Sneasler, L50, M, shiny|100/100\n|-weather|RainDance|[from] ability: Drizzle|[of] p2a: DUMPSTER\n|turn|1\n|c|\u2606A5h3r|glhf\n|inactive|A5h3r has 30 seconds left.\n|inactive|A5h3r has 20 seconds left.\n|\n|t:|1775953284\n|switch|p2b: Unity Towers|Archaludon, L50, F|100/100\n|move|p1b: Sinistcha|Rage Powder|p1b: Sinistcha\n|-singleturn|p1b: Sinistcha|move: Rage Powder\n|move|p2a: DUMPSTER|Weather Ball|p1b: Sinistcha\n|-resisted|p1b: Sinistcha|1\n|-damage|p1b: Sinistcha|64/100\n|-formechange|p1a: Aegislash|Aegislash-Blade|\n|move|p1a: Aegislash|Poltergeist|p2b: Unity Towers\n|-activate|p2b: Unity Towers|move: Poltergeist|White Herb\n|-damage|p2b: Unity Towers|40/100\n|\n|-weather|RainDance|[upkeep]\n|upkeep\n|turn|2\n|inactive|A5h3r has 30 seconds left.\n|\n|t:|1775953313\n|move|p1b: Sinistcha|Rage Powder|p1b: Sinistcha\n|-singleturn|p1b: Sinistcha|move: Rage Powder\n|move|p2a: DUMPSTER|Hurricane|p1b: Sinistcha\n|-supereffective|p1b: Sinistcha|1\n|-damage|p1b: Sinistcha|0 fnt\n|faint|p1b: Sinistcha\n|move|p2b: Unity Towers|Electro Shot||[still]\n|-prepare|p2b: Unity Towers|Electro Shot\n|-boost|p2b: Unity Towers|spa|1\n|-anim|p2b: Unity Towers|Electro Shot|p1a: Aegislash\n|-damage|p1a: Aegislash|0 fnt\n|faint|p1a: Aegislash\n|\n|-weather|RainDance|[upkeep]\n|upkeep\n|\n|t:|1775953325\n|switch|p1b: Floette|Floette-Eternal, L50, F|100/100\n|switch|p1a: Talonflame|Talonflame, L50, M|100/100\n|turn|3\n|\n|t:|1775953335\n|detailschange|p1b: Floette|Floette-Mega, L50, F\n|-mega|p1b: Floette|Floette|Floettite\n|-ability|p1b: Floette|Fairy Aura\n|move|p1a: Talonflame|Acrobatics|p2a: DUMPSTER\n|-damage|p2a: DUMPSTER|54/100\n|move|p1b: Floette|Dazzling Gleam|p2a: DUMPSTER|[spread] p2a,p2b\n|-damage|p2a: DUMPSTER|0 fnt\n|-damage|p2b: Unity Towers|0 fnt\n|faint|p2a: DUMPSTER\n|faint|p2b: Unity Towers\n|\n|-weather|RainDance|[upkeep]\n|upkeep\n|\n|t:|1775953356\n|switch|p2a: Rocc Climbing|Sneasler, L50, M, shiny|100/100\n|switch|p2b: STRUT IT|Starmie, L50, shiny|100/100\n|turn|4\n|\n|t:|1775953365\n|detailschange|p2b: STRUT IT|Starmie-Mega, L50, shiny\n|-mega|p2b: STRUT IT|Starmie|Starminite\n|move|p1b: Floette|Protect|p1b: Floette\n|-singleturn|p1b: Floette|Protect\n|move|p2a: Rocc Climbing|Fake Out|p1a: Talonflame\n|-damage|p1a: Talonflame|82/100\n|cant|p1a: Talonflame|flinch\n|move|p2b: STRUT IT|Liquidation|p1b: Floette\n|-activate|p1b: Floette|move: Protect\n|\n|-weather|RainDance|[upkeep]\n|upkeep\n|turn|5\n|\n|t:|1775953383\n|move|p2b: STRUT IT|Aqua Jet|p1a: Talonflame\n|-supereffective|p1a: Talonflame|1\n|-damage|p1a: Talonflame|0 fnt\n|faint|p1a: Talonflame\n|move|p2a: Rocc Climbing|Dire Claw|p1b: Floette\n|-supereffective|p1b: Floette|1\n|-damage|p1b: Floette|0 fnt\n|faint|p1b: Floette\n|\n|win|A5h3r\n|raw|franksaurio's rating: 1000 &rarr; <strong>1000</strong><br />(+0 for losing)\n|raw|A5h3r's rating: 1065 &rarr; <strong>1090</strong><br />(+25 for winning)\n|l|\u2606franksaurio\n|player|p1|\n|c|\u2606A5h3r|ggwp\n",
  "uploadtime": 1775953400,
  "views": 30,
  "formatid": "gen9championsvgc2026regma",
  "rating": 1000,
  "private": 0,
  "password": null
}