{
  "id": "gen9championsvgc2026regma-2584310952",
  "format": "[Gen 9 Champions] VGC 2026 Reg M-A",
  "players": [
    "rusbi",
    "SpareMePlz"
  ],
  "log": "|j|\u2606rusbi\n|j|\u2606SpareMePlz\n|t:|1776249925\n|gametype|doubles\n|player|p1|rusbi|ghetsis|1261\n|player|p2|SpareMePlz|169|1188\n|gen|9\n|tier|[Gen 9 Champions] VGC 2026 Reg M-A\n|rated|\n|rule|Species Clause: Limit one of each Pok\u00e9mon\n|rule|Item Clause: Limit 1 of each item\n|clearpoke\n|poke|p1|Farigiraf, L50, M|\n|poke|p1|Crabominable, L50, F|\n|poke|p1|Torkoal, L50, F|\n|poke|p1|Hatterene, L50, F|\n|poke|p1|Kingambit, L50, F|\n|poke|p1|Slowking, L50, M|\n|poke|p2|Talonflame, L50, F|\n|poke|p2|Kingambit, L50, M|\n|poke|p2|Araquanid, L50, M|\n|poke|p2|Sinistcha, L50|\n|poke|p2|Arcanine-Hisui, L50, M|\n|poke|p2|Floette-Eternal, L50, F|\n|teampreview|4\n|inactive|Battle timer is ON: inactive players will automatically lose when time's up. (requested by rusbi)\n|inactive|SpareMePlz has 60 seconds left.\n|\n|t:|1776249965\n|teamsize|p1|4\n|teamsize|p2|4\n|start\n|switch|p1a: Farigiraf|Farigiraf, L50, M|100/100\n|switch|p1b: Hatterene|Hatterene, L50, F|100/100\n|switch|p2a: Sinistcha|Sinistcha, L50|100/100\n|switch|p2b: Araquanid|Araquanid, L50, M|100/100\n|turn|1\n|inactive|SpareMePlz has 30 seconds left.\n|\n|t:|1776249994\n|move|p2b: Araquanid|Liquidation|p1b: Hatterene\n|-damage|p1b: Hatterene|42/100\n|move|p1b: Hatterene|Mystical Fire|p2a: Sinistcha\n|-supereffective|p2a: Sinistcha|1\n|-damage|p2a: Sinistcha|72/100\n|-unboost|p2a: Sinistcha|spa|1\n|move|p2a: Sinistcha|Trick Room|p2a: Sinistcha\n|-fieldstart|move: Trick Room|[of] p2a: Sinistcha\n|move|p1a: Farigiraf|Trick Room|p1a: Farigiraf\n|-fieldend|move: Trick Room\n|\n|upkeep\n|turn|2\n|inactive|SpareMePlz has 30 seconds left.\n|\n|t:|1776250022\n|move|p2b: Araquanid|Liquidation|p1b: Hatterene\n|-damage|p1b: Hatterene|0 fnt\n|faint|p1b: Hatterene\n|move|p2a: Sinistcha|Trick Room|p2a: Sinistcha\n|-fieldstart|move: Trick Room|[of] p2a: Sinistcha\n|move|p1a: Farigiraf|Trick Room|p1a: Farigiraf\n|-fieldend|move: Trick Room\n|\n|upkeep\n|\n|t:|1776250026\n|switch|p1b: Crabominable|Crabominable, L50, F|100/100\n|turn|3\n|\n|t:|1776250041\n|detailschange|p1b: Crabominable|Crabominable-Mega, L50, F\n|-mega|p1b: Crabominable|Crabominable|Crabominite\n|move|p2a: Sinistcha|Matcha Gotcha|p1b: Crabominable|[spread] p1a,p1b\n|-damage|p1a: Farigiraf|85/100\n|-heal|p2a: Sinistcha|83/100|[from] drain|[of] p1a: Farigiraf\n|-damage|p1b: Crabominable|87/100\n|-heal|p2a: Sinistcha|90/100|[from] drain|[of] p1b: Crabominable\n|move|p2b: Araquanid|Liquidation|p1b: Crabominable\n|-damage|p1b: Crabominable|48/100\n|-unboost|p1b: Crabominable|def|1\n|move|p1b: Crabominable|Ice Punch|p2a: Sinistcha\n|-supereffective|p2a: Sinistcha|1\n|-damage|p2a: Sinistcha|0 fnt\n|faint|p2a: Sinistcha\n|move|p1a: Farigiraf|Trick Room|p1a: Farigiraf\n|-fieldstart|move: Trick Room|[of] p1a: Farigiraf\n|\n|upkeep\n|\n|t:|1776250061\n|switch|p2a: Arcanine|Arcanine-Hisui, L50, M|100/100\n|-ability|p2a: Arcanine|Intimidate|boost\n|-unboost|p1a: Farigiraf|atk|1\n|-unboost|p1b: Crabominable|atk|1\n|turn|4\n|\n|t:|1776250075\n|move|p1a: Farigiraf|Helping Hand|p1b: Crabominable\n|-singleturn|p1b: Crabominable|Helping Hand|[of] p1a: Farigiraf\n|move|p1b: Crabominable|Thunder Punch|p2b: Araquanid\n|-supereffective|p2b: Araquanid|1\n|-damage|p2b: Araquanid|28/100\n|move|p2b: Araquanid|Liquidation|p1b: Crabominable\n|-damage|p1b: Crabominable|0 fnt\n|faint|p1b: Crabominable\n|move|p2a: Arcanine|Heat Wave|p1a: Farigiraf\n|-damage|p1a: Farigiraf|51/100\n|\n|-heal|p2b: Araquanid|34/100|[from] item: Leftovers\n|upkeep\n|\n|t:|1776250080\n|switch|p1b: Torkoal|Torkoal, L50, F|100/100\n|-weather|SunnyDay|[from] ability: Drought|[of] p1b: Torkoal\n|turn|5\n|\n|t:|1776250094\n|move|p1b: Torkoal|Eruption|p2b: Araquanid|[spread] p2a,p2b\n|-resisted|p2a: Arcanine|2\n|-damage|p2a: Arcanine|76/100\n|-damage|p2b: Araquanid|0 fnt\n|faint|p2b: Araquanid\n|move|p1a: Farigiraf|Psychic|p2a: Arcanine\n|-damage|p2a: Arcanine|36/100\n|-enditem|p2a: Arcanine|Sitrus Berry|[eat]\n|-heal|p2a: Arcanine|61/100|[from] item: Sitrus Berry\n|move|p2a: Arcanine|Scorching Sands|p1b: Torkoal\n|-supereffective|p1b: Torkoal|1\n|-damage|p1b: Torkoal|43/100\n|\n|-weather|SunnyDay|[upkeep]\n|upkeep\n|\n|t:|1776250109\n|switch|p2b: Floette|Floette-Eternal, L50, F|100/100\n|turn|6\n|\n|t:|1776250118\n|detailschange|p2b: Floette|Floette-Mega, L50, F\n|-mega|p2b: Floette|Floette|Floettite\n|-ability|p2b: Floette|Fairy Aura\n|move|p1b: Torkoal|Weather Ball|p2b: Floette\n|-damage|p2b: Floette|44/100\n|move|p1a: Farigiraf|Psychic|p2a: Arcanine\n|-damage|p2a: Arcanine|23/100\n|move|p2a: Arcanine|Scorching Sands|p1b: Torkoal\n|-supereffective|p1b: Torkoal|1\n|-damage|p1b: Torkoal|0 fnt\n|faint|p1b: Torkoal\n|move|p2b: Floette|Moonblast|p1a: Farigiraf\n|-damage|p1a: Farigiraf|0 fnt\n|faint|p1a: Farigiraf\n|\n|win|SpareMePlz\n|raw|rusbi's rating: 1261 &rarr; <strong>1231</strong><br />(-30 for losing)\n|raw|SpareMePlz's rating: 1188 &rarr; <strong>1218</strong><br />(+30 for winning)\n|l|\u2606rusbi\n|player|p1|\n",
  "uploadtime": 1776250135,
  "views": 27,
  "formatid": "gen9championsvgc2026regma",
  "rating": 1218,
  "private": 0,
  "password": null
}