{
  "id": "gen9championsvgc2026regma-2585392649",
  "format": "[Gen 9 Champions] VGC 2026 Reg M-A",
  "players": [
    "SleepyGT",
    "netinx07"
  ],
  "log": "|j|\u2606SleepyGT\n|j|\u2606netinx07\n|t:|1776343923\n|gametype|doubles\n|player|p1|SleepyGT|2|1027\n|player|p2|netinx07|alder|1057\n|gen|9\n|tier|[Gen 9 Champions] VGC 2026 Reg M-A\n|rated|\n|rule|Species Clause: Limit one of each Pok\u00e9mon\n|rule|Item Clause: Limit 1 of each item\n|clearpoke\n|poke|p1|Archaludon, L50, M|\n|poke|p1|Incineroar, L50, F|\n|poke|p1|Palafin, L50, F|\n|poke|p1|Pelipper, L50, F|\n|poke|p1|Sinistcha, L50|\n|poke|p1|Beedrill, L50, F|\n|poke|p2|Froslass, L50, F|\n|poke|p2|Sableye, L50, M|\n|poke|p2|Gyarados, L50, M|\n|poke|p2|Conkeldurr, L50, M|\n|poke|p2|Archaludon, L50, M|\n|poke|p2|Gardevoir, L50, F|\n|teampreview|4\n|inactive|Battle timer is ON: inactive players will automatically lose when time's up. (requested by netinx07)\n|\n|t:|1776343941\n|teamsize|p1|4\n|teamsize|p2|4\n|start\n|switch|p1a: POTENTIAL|Beedrill, L50, F|100/100\n|switch|p1b: Palafin|Palafin, L50, F|100/100\n|switch|p2a: Gyarados|Gyarados, L50, M|100/100\n|switch|p2b: Sableye|Sableye, L50, M|100/100\n|-ability|p2a: Gyarados|Intimidate|boost\n|-unboost|p1a: POTENTIAL|atk|1\n|-unboost|p1b: Palafin|atk|1\n|turn|1\n|inactive|SleepyGT has 30 seconds left.\n|\n|t:|1776343974\n|detailschange|p1b: Palafin|Palafin-Hero, L50, F\n|switch|p1b: Bah Tch\u00ea|Sinistcha, L50|100/100\n|switch|p1a: Incineroar|Incineroar, L50, F|100/100\n|-ability|p1a: Incineroar|Intimidate|boost\n|-unboost|p2a: Gyarados|atk|1\n|-unboost|p2b: Sableye|atk|1\n|move|p2b: Sableye|Fake Out|p1b: Bah Tch\u00ea\n|-immune|p1b: Bah Tch\u00ea\n|move|p2a: Gyarados|Waterfall|p1a: Incineroar\n|-supereffective|p1a: Incineroar|1\n|-damage|p1a: Incineroar|54/100\n|\n|upkeep\n|turn|2\n|\n|t:|1776343992\n|move|p2b: Sableye|Protect|p2b: Sableye\n|-singleturn|p2b: Sableye|Protect\n|move|p1a: Incineroar|Fake Out|p2a: Gyarados\n|-damage|p2a: Gyarados|91/100\n|cant|p2a: Gyarados|flinch\n|move|p1b: Bah Tch\u00ea|Matcha Gotcha|p2b: Sableye|[spread] p2a\n|-activate|p2b: Sableye|move: Protect\n|-damage|p2a: Gyarados|61/100\n|\n|upkeep\n|turn|3\n|inactive|SleepyGT has 30 seconds left.\n|inactive|SleepyGT has 20 seconds left.\n|\n|t:|1776344032\n|move|p2b: Sableye|Disable|p1b: Bah Tch\u00ea\n|-start|p1b: Bah Tch\u00ea|Disable|Matcha Gotcha\n|move|p2a: Gyarados|Waterfall|p1a: Incineroar\n|-supereffective|p1a: Incineroar|1\n|-damage|p1a: Incineroar|8/100\n|-enditem|p1a: Incineroar|Sitrus Berry|[eat]\n|-heal|p1a: Incineroar|33/100|[from] item: Sitrus Berry\n|cant|p1b: Bah Tch\u00ea|Disable|Matcha Gotcha\n|cant|p1a: Incineroar|flinch\n|\n|upkeep\n|turn|4\n|\n|t:|1776344048\n|switch|p1a: Palafin|Palafin-Hero, L50, F|100/100\n|-activate|p1a: Palafin|ability: Zero to Hero\n|move|p2b: Sableye|Protect|p2b: Sableye\n|-singleturn|p2b: Sableye|Protect\n|move|p1b: Bah Tch\u00ea|Rage Powder|p1b: Bah Tch\u00ea\n|-singleturn|p1b: Bah Tch\u00ea|move: Rage Powder\n|move|p2a: Gyarados|Waterfall|p1b: Bah Tch\u00ea\n|-resisted|p1b: Bah Tch\u00ea|1\n|-damage|p1b: Bah Tch\u00ea|89/100\n|\n|-heal|p1b: Bah Tch\u00ea|95/100|[from] item: Leftovers\n|upkeep\n|turn|5\n|\n|t:|1776344071\n|switch|p2a: Archaludon|Archaludon, L50, M|100/100\n|move|p2b: Sableye|Protect|p2b: Sableye\n|-singleturn|p2b: Sableye|Protect\n|move|p1b: Bah Tch\u00ea|Rage Powder|p1b: Bah Tch\u00ea\n|-singleturn|p1b: Bah Tch\u00ea|move: Rage Powder\n|move|p1a: Palafin|Flip Turn|p2b: Sableye\n|-activate|p2b: Sableye|move: Protect\n|\n|-heal|p1b: Bah Tch\u00ea|100/100|[from] item: Leftovers\n|upkeep\n|turn|6\n|\n|t:|1776344090\n|switch|p1b: Incineroar|Incineroar, L50, F|33/100\n|-ability|p1b: Incineroar|Intimidate|boost\n|-unboost|p2a: Archaludon|atk|1\n|-unboost|p2b: Sableye|atk|1\n|move|p2b: Sableye|Disable|p1a: Palafin\n|-start|p1a: Palafin|Disable|Flip Turn\n|cant|p1a: Palafin|Disable|Flip Turn\n|move|p2a: Archaludon|Electro Shot||[still]\n|-prepare|p2a: Archaludon|Electro Shot\n|-boost|p2a: Archaludon|spa|1\n|\n|upkeep\n|turn|7\n|inactive|SleepyGT has 30 seconds left.\n|-message|SleepyGT forfeited.\n|\n|win|netinx07\n|raw|SleepyGT's rating: 1027 &rarr; <strong>1014</strong><br />(-13 for losing)\n|raw|netinx07's rating: 1057 &rarr; <strong>1086</strong><br />(+29 for winning)\n|l|\u2606SleepyGT\n|player|p1|\n",
  "uploadtime": 1776344117,
  "views": 17,
  "formatid": "gen9championsvgc2026regma",
  "rating": 1014,
  "private": 0,
  "password": null
}