{
  "id": "gen9championsvgc2026regma-2588640888",
  "format": "[Gen 9 Champions] VGC 2026 Reg M-A",
  "players": [
    "ChampionsmatchVGC",
    "emu2567"
  ],
  "log": "|j|\u2606ChampionsmatchVGC\n|j|\u2606emu2567\n|t:|1776652867\n|gametype|doubles\n|player|p1|ChampionsmatchVGC|265|1672\n|player|p2|emu2567|swimmerf-gen4|1696\n|gen|9\n|tier|[Gen 9 Champions] VGC 2026 Reg M-A\n|rated|\n|rule|Species Clause: Limit one of each Pok\u00e9mon\n|rule|Item Clause: Limit 1 of each item\n|clearpoke\n|poke|p1|Garchomp, L50, F|\n|poke|p1|Floette-Eternal, L50, F|\n|poke|p1|Kingambit, L50, F|\n|poke|p1|Rotom-Wash, L50|\n|poke|p1|Corviknight, L50, M|\n|poke|p1|Delphox, L50, F|\n|poke|p2|Farigiraf, L50, M|\n|poke|p2|Torkoal, L50, F|\n|poke|p2|Floette-Eternal, L50, F|\n|poke|p2|Sinistcha, L50|\n|poke|p2|Basculegion, L50, M|\n|poke|p2|Incineroar, L50, M|\n|teampreview|4\n|\n|t:|1776652915\n|teamsize|p1|4\n|teamsize|p2|4\n|start\n|switch|p1a: Rotom|Rotom-Wash, L50|100/100\n|switch|p1b: Floette|Floette-Eternal, L50, F|100/100\n|switch|p2a: Farigiraf|Farigiraf, L50, M|100/100\n|switch|p2b: Incineroar|Incineroar, L50, M|100/100\n|turn|1\n|j| Zilluhh\n|\n|t:|1776652936\n|detailschange|p1b: Floette|Floette-Mega, L50, F\n|-mega|p1b: Floette|Floette|Floettite\n|-ability|p1b: Floette|Fairy Aura\n|move|p1b: Floette|Calm Mind|p1b: Floette\n|-boost|p1b: Floette|spa|1\n|-boost|p1b: Floette|spd|1\n|move|p1a: Rotom|Hydro Pump|p2b: Incineroar\n|-supereffective|p2b: Incineroar|1\n|-damage|p2b: Incineroar|16/100\n|move|p2b: Incineroar|Parting Shot|p1b: Floette\n|-unboost|p1b: Floette|atk|1\n|-unboost|p1b: Floette|spa|1\n|\n|t:|1776652966\n|switch|p2b: Floette|Floette-Eternal, L50, F|100/100|[from] Parting Shot\n|move|p2a: Farigiraf|Trick Room|p2a: Farigiraf\n|-fieldstart|move: Trick Room|[of] p2a: Farigiraf\n|\n|upkeep\n|turn|2\n|\n|t:|1776652978\n|switch|p2a: Torkoal|Torkoal, L50, F|100/100\n|-weather|SunnyDay|[from] ability: Drought|[of] p2a: Torkoal\n|detailschange|p2b: Floette|Floette-Mega, L50, F\n|-mega|p2b: Floette|Floette|Floettite\n|-ability|p2b: Floette|Fairy Aura\n|move|p2b: Floette|Calm Mind|p2b: Floette\n|-boost|p2b: Floette|spa|1\n|-boost|p2b: Floette|spd|1\n|move|p1a: Rotom|Thunder Wave|p2b: Floette\n|-status|p2b: Floette|par\n|move|p1b: Floette|Dazzling Gleam|p2a: Torkoal|[spread] p2a,p2b\n|-resisted|p2a: Torkoal|1\n|-damage|p2a: Torkoal|69/100\n|-damage|p2b: Floette|79/100 par\n|\n|-weather|SunnyDay|[upkeep]\n|upkeep\n|turn|3\n|\n|t:|1776653001\n|move|p1b: Floette|Protect|p1b: Floette\n|-singleturn|p1b: Floette|Protect\n|move|p2a: Torkoal|Eruption|p1a: Rotom|[spread] p1a\n|-activate|p1b: Floette|move: Protect\n|-resisted|p1a: Rotom|1\n|-damage|p1a: Rotom|69/100\n|move|p2b: Floette|Dazzling Gleam|p1a: Rotom|[spread] p1a\n|-activate|p1b: Floette|move: Protect\n|-damage|p1a: Rotom|0 fnt\n|faint|p1a: Rotom\n|\n|-weather|SunnyDay|[upkeep]\n|upkeep\n|\n|t:|1776653017\n|switch|p1a: Delphox|Delphox, L50, F|100/100\n|turn|4\n|l| Zilluhh\n|\n|t:|1776653038\n|move|p2a: Torkoal|Eruption|p1b: Floette|[spread] p1a,p1b\n|-resisted|p1a: Delphox|1\n|-damage|p1a: Delphox|68/100\n|-damage|p1b: Floette|70/100\n|cant|p2b: Floette|par\n|move|p1b: Floette|Calm Mind|p1b: Floette\n|-boost|p1b: Floette|spa|1\n|-boost|p1b: Floette|spd|1\n|move|p1a: Delphox|Heat Wave|p2b: Floette|[spread] p2b\n|-miss|p1a: Delphox|p2a: Torkoal\n|-damage|p2b: Floette|57/100 par\n|\n|-weather|SunnyDay|[upkeep]\n|upkeep\n|turn|5\n|j| ExistentialDredge\n|\n|t:|1776653081\n|switch|p2a: Farigiraf|Farigiraf, L50, M|100/100\n|move|p1a: Delphox|Protect|p1a: Delphox\n|-singleturn|p1a: Delphox|Protect\n|move|p2b: Floette|Substitute|p2b: Floette\n|-start|p2b: Floette|Substitute\n|-damage|p2b: Floette|33/100 par\n|move|p1b: Floette|Draining Kiss|p2b: Floette\n|-end|p2b: Floette|Substitute\n|-heal|p1b: Floette|92/100|[from] drain|[of] p2b: Floette\n|\n|-weather|SunnyDay|[upkeep]\n|-fieldend|move: Trick Room\n|upkeep\n|turn|6\n|\n|t:|1776653104\n|move|p2b: Floette|Protect|p2b: Floette\n|-singleturn|p2b: Floette|Protect\n|move|p1a: Delphox|Substitute|p1a: Delphox\n|-start|p1a: Delphox|Substitute\n|-damage|p1a: Delphox|44/100\n|move|p1b: Floette|Dazzling Gleam|p2a: Farigiraf|[spread] p2a\n|-activate|p2b: Floette|move: Protect\n|-damage|p2a: Farigiraf|49/100\n|move|p2a: Farigiraf|Trick Room|p2a: Farigiraf\n|-fieldstart|move: Trick Room|[of] p2a: Farigiraf\n|\n|-weather|none\n|upkeep\n|turn|7\n|\n|t:|1776653122\n|move|p1a: Delphox|Protect|p1a: Delphox\n|-singleturn|p1a: Delphox|Protect\n|move|p2b: Floette|Dazzling Gleam|p1b: Floette|[spread] p1b\n|-activate|p1a: Delphox|move: Protect\n|-damage|p1b: Floette|62/100\n|move|p2a: Farigiraf|Psyshock|p1b: Floette\n|-damage|p1b: Floette|17/100\n|move|p1b: Floette|Calm Mind|p1b: Floette\n|-boost|p1b: Floette|spa|1\n|-boost|p1b: Floette|spd|1\n|\n|upkeep\n|turn|8\n|\n|t:|1776653144\n|move|p1b: Floette|Protect|p1b: Floette\n|-singleturn|p1b: Floette|Protect\n|move|p2b: Floette|Dazzling Gleam|p1a: Delphox|[spread] p1a\n|-activate|p1b: Floette|move: Protect\n|-resisted|p1a: Delphox|1\n|-end|p1a: Delphox|Substitute\n|move|p2a: Farigiraf|Psyshock|p1a: Delphox\n|-resisted|p1a: Delphox|1\n|-damage|p1a: Delphox|20/100\n|move|p1a: Delphox|Heat Wave|p2a: Farigiraf|[spread] p2a,p2b\n|-damage|p2a: Farigiraf|12/100\n|-damage|p2b: Floette|9/100 par\n|\n|upkeep\n|turn|9\n|\n|t:|1776653160\n|move|p2b: Floette|Dazzling Gleam|p1b: Floette|[spread] p1a,p1b\n|-resisted|p1a: Delphox|1\n|-damage|p1a: Delphox|0 fnt\n|-damage|p1b: Floette|0 fnt\n|faint|p1a: Delphox\n|faint|p1b: Floette\n|move|p2a: Farigiraf|Psyshock|p1: Delphox|[notarget]\n|-fail|p2a: Farigiraf\n|\n|upkeep\n|\n|t:|1776653163\n|switch|p1b: Garchomp|Garchomp, L50, F|100/100\n|turn|10\n|\n|t:|1776653174\n|switch|p2a: Incineroar|Incineroar, L50, M|16/100\n|move|p2b: Floette|Dazzling Gleam|p1b: Garchomp\n|-supereffective|p1b: Garchomp|1\n|-enditem|p1b: Garchomp|Roseli Berry|[eat]\n|-enditem|p1b: Garchomp|Roseli Berry|[weaken]\n|-damage|p1b: Garchomp|0 fnt\n|faint|p1b: Garchomp\n|\n|win|emu2567\n|raw|ChampionsmatchVGC's rating: 1672 &rarr; <strong>1653</strong><br />(-19 for losing)\n|raw|emu2567's rating: 1696 &rarr; <strong>1715</strong><br />(+19 for winning)\n|l|\u2606ChampionsmatchVGC\n|player|p1|\n|l| ExistentialDredge\n|l|\u2606emu2567\n|player|p2|\n",
  "uploadtime": 1776653515,
  "views": 15,
  "formatid": "gen9championsvgc2026regma",
  "rating": 1653,
  "private": 0,
  "password": null
}