{
  "id": "gen9championsvgc2026regma-2588410940",
  "format": "[Gen 9 Champions] VGC 2026 Reg M-A",
  "players": [
    "ACExDiscostu93",
    "okknd"
  ],
  "log": "|j|\u2606ACExDiscostu93\n|j|\u2606okknd\n|html|<table width=\"100%\"><tr><td align=\"left\">ACExDiscostu93</td><td align=\"right\">okknd</tr><tr><td align=\"left\"><i class=\"fa fa-circle-o\"></i> <i class=\"fa fa-circle-o\"></i> </td><td align=\"right\"><i class=\"fa fa-circle-o\"></i> <i class=\"fa fa-circle-o\"></i> </tr></table>\n|uhtml|bestof|<h2><strong>Game 1</strong> of <a href=\"/game-bestof3-gen9championsvgc2026regma-2588410939\">a best-of-3</a></h2>\n|t:|1776631227\n|gametype|doubles\n|player|p1|ACExDiscostu93|1|\n|player|p2|okknd|170|\n|gen|9\n|tier|[Gen 9 Champions] VGC 2026 Reg M-A\n|rule|Species Clause: Limit one of each Pok\u00e9mon\n|rule|Item Clause: Limit 1 of each item\n|raw|<div class=\"infobox\"><details class=\"readmore\" open><summary><strong>1 custom rule:</strong></summary> Best of = 3</details></div>\n|clearpoke\n|poke|p1|Talonflame, L50, F|\n|poke|p1|Floette-Eternal, L50, F|\n|poke|p1|Scizor, L50, M|\n|poke|p1|Maushold, L50|\n|poke|p1|Hydrapple, L50, M|\n|poke|p1|Slowbro, L50, F|\n|poke|p2|Starmie, L50|\n|poke|p2|Excadrill, L50, F|\n|poke|p2|Aerodactyl, L50, F|\n|poke|p2|Sneasler, L50, F|\n|poke|p2|Rotom-Mow, L50|\n|poke|p2|Mimikyu, L50, M|\n|teampreview|4\n|c|\u2606okknd|glhf\nokknd rejected open team sheets.\n|c|\u2606ACExDiscostu93|glhf\n|\n|t:|1776631269\n|teamsize|p1|4\n|teamsize|p2|4\n|start\n|switch|p1a: Talonflame|Talonflame, L50, F|100/100\n|switch|p1b: Scizor|Scizor, L50, M|100/100\n|switch|p2a: Rotom|Rotom-Mow, L50|100/100\n|switch|p2b: Starmie|Starmie, L50|100/100\n|turn|1\n|\n|t:|1776631281\n|detailschange|p2b: Starmie|Starmie-Mega, L50\n|-mega|p2b: Starmie|Starmie|Starminite\n|detailschange|p1b: Scizor|Scizor-Mega, L50, M\n|-mega|p1b: Scizor|Scizor|Scizorite\n|move|p1a: Talonflame|Tailwind|p1a: Talonflame\n|-sidestart|p1: ACExDiscostu93|move: Tailwind\n|move|p2a: Rotom|Volt Switch|p1a: Talonflame\n|-supereffective|p1a: Talonflame|1\n|-enditem|p1a: Talonflame|Focus Sash\n|-damage|p1a: Talonflame|1/100\n|\n|t:|1776631291\n|switch|p2a: Mimikyu|Mimikyu, L50, M|100/100|[from] Volt Switch\n|move|p1b: Scizor|Bug Bite|p2b: Starmie\n|-supereffective|p2b: Starmie|1\n|-damage|p2b: Starmie|0 fnt\n|faint|p2b: Starmie\n|\n|upkeep\n|\n|t:|1776631298\n|switch|p2b: Rotom|Rotom-Mow, L50|100/100\n|turn|2\n|\n|t:|1776631325\n|move|p1b: Scizor|Bullet Punch|p2a: Mimikyu\n|-activate|p2a: Mimikyu|ability: Disguise\n|-damage|p2a: Mimikyu|100/100\n|detailschange|p2a: Mimikyu|Mimikyu-Busted, L50, M\n|-damage|p2a: Mimikyu|88/100|[from] pokemon: Mimikyu-Busted\n|move|p1a: Talonflame|Heat Wave|p2a: Mimikyu|[spread] p2a,p2b\n|-supereffective|p2b: Rotom|1\n|-damage|p2a: Mimikyu|66/100\n|-damage|p2b: Rotom|33/100\n|move|p2b: Rotom|Volt Switch|p1a: Talonflame\n|-supereffective|p1a: Talonflame|1\n|-damage|p1a: Talonflame|0 fnt\n|faint|p1a: Talonflame\n|\n|t:|1776631329\n|switch|p2b: Sneasler|Sneasler, L50, F|100/100|[from] Volt Switch\n|move|p2a: Mimikyu|Will-O-Wisp|p1b: Scizor\n|-status|p1b: Scizor|brn\n|\n|-damage|p1b: Scizor|94/100 brn|[from] brn\n|upkeep\n|\n|t:|1776631338\n|switch|p1a: Slowbro|Slowbro, L50, F|100/100\n|turn|3\n|\n|t:|1776631349\n|move|p2b: Sneasler|Fake Out|p1a: Slowbro\n|-damage|p1a: Slowbro|91/100\n|-status|p1a: Slowbro|psn|[from] ability: Poison Touch|[of] p2b: Sneasler\n|move|p1b: Scizor|Bullet Punch|p2a: Mimikyu\n|-supereffective|p2a: Mimikyu|1\n|-damage|p2a: Mimikyu|18/100\n|-enditem|p2a: Mimikyu|Sitrus Berry|[eat]\n|-heal|p2a: Mimikyu|43/100|[from] item: Sitrus Berry\n|move|p2a: Mimikyu|Curse|p1b: Scizor\n|-start|p1b: Scizor|Curse|[of] p2a: Mimikyu\n|-damage|p2a: Mimikyu|0 fnt\n|faint|p2a: Mimikyu\n|cant|p1a: Slowbro|flinch\n|\n|-damage|p1a: Slowbro|79/100 psn|[from] psn\n|-damage|p1b: Scizor|88/100 brn|[from] brn\n|-damage|p1b: Scizor|63/100 brn|[from] Curse\n|upkeep\n|\n|t:|1776631356\n|switch|p2a: Rotom|Rotom-Mow, L50|33/100\n|turn|4\n|\n|t:|1776631381\n|move|p1a: Slowbro|Protect|p1a: Slowbro\n|-singleturn|p1a: Slowbro|Protect\n|move|p2a: Rotom|Thunderbolt|p1a: Slowbro\n|-activate|p1a: Slowbro|move: Protect\n|move|p1b: Scizor|Bug Bite|p2a: Rotom\n|-supereffective|p2a: Rotom|1\n|-damage|p2a: Rotom|0 fnt\n|faint|p2a: Rotom\n|move|p2b: Sneasler|Close Combat|p1b: Scizor\n|-damage|p1b: Scizor|13/100 brn\n|-unboost|p2b: Sneasler|def|1\n|-unboost|p2b: Sneasler|spd|1\n|\n|-damage|p1a: Slowbro|66/100 psn|[from] psn\n|-damage|p1b: Scizor|7/100 brn|[from] brn\n|-damage|p1b: Scizor|0 fnt|[from] Curse\n|faint|p1b: Scizor\n|-sideend|p1: ACExDiscostu93|move: Tailwind\n|upkeep\n|\n|t:|1776631388\n|switch|p1b: Hydrapple|Hydrapple, L50, M|100/100\n|turn|5\n|\n|t:|1776631395\n|move|p2b: Sneasler|Dire Claw|p1a: Slowbro\n|-damage|p1a: Slowbro|35/100 psn\n|-enditem|p1a: Slowbro|Sitrus Berry|[eat]\n|-heal|p1a: Slowbro|59/100 psn|[from] item: Sitrus Berry\n|move|p1b: Hydrapple|Yawn|p2b: Sneasler\n|-start|p2b: Sneasler|move: Yawn|[of] p1b: Hydrapple\n|move|p1a: Slowbro|Trick Room|p1a: Slowbro\n|-fieldstart|move: Trick Room|[of] p1a: Slowbro\n|\n|-damage|p1a: Slowbro|47/100 psn|[from] psn\n|upkeep\n|turn|6\n|\n|t:|1776631405\n|move|p1a: Slowbro|Psychic|p2b: Sneasler\n|-supereffective|p2b: Sneasler|2\n|-damage|p2b: Sneasler|0 fnt\n|faint|p2b: Sneasler\n|\n|win|ACExDiscostu93\n||okknd is ready for game 2.\n|c|\u2606ACExDiscostu93|gg 1\n|c|\u2606okknd|ggs'\n|inactive|ACExDiscostu93 has 30 seconds to confirm battle start!\n",
  "uploadtime": 1776631417,
  "views": 21,
  "formatid": "gen9championsvgc2026regma",
  "rating": null,
  "private": 0,
  "password": null
}