{
  "id": "gen9championsvgc2026regma-2585516139",
  "format": "[Gen 9 Champions] VGC 2026 Reg M-A",
  "players": [
    "Psychichomper",
    "DellMello"
  ],
  "log": "|j|\u2606Psychichomper\n|j|\u2606DellMello\n|t:|1776352754\n|gametype|doubles\n|player|p1|Psychichomper|blackbelt-gen4dp|1144\n|player|p2|DellMello|101|1222\n|gen|9\n|tier|[Gen 9 Champions] VGC 2026 Reg M-A\n|rated|\n|rule|Species Clause: Limit one of each Pok\u00e9mon\n|rule|Item Clause: Limit 1 of each item\n|clearpoke\n|poke|p1|Aerodactyl, L50, F|\n|poke|p1|Floette-Eternal, L50, F|\n|poke|p1|Incineroar, L50, F|\n|poke|p1|Garchomp, L50, M|\n|poke|p1|Maushold-Four, L50|\n|poke|p1|Delphox, L50, M|\n|poke|p2|Aggron, L50, M|\n|poke|p2|Incineroar, L50, M|\n|poke|p2|Sinistcha, L50|\n|poke|p2|Pelipper, L50, M|\n|poke|p2|Basculegion, L50, M|\n|poke|p2|Dragonite, L50, F|\n|teampreview|4\n|inactive|Battle timer is ON: inactive players will automatically lose when time's up. (requested by Psychichomper)\n|\n|t:|1776352781\n|teamsize|p1|4\n|teamsize|p2|4\n|start\n|switch|p1a: Aerodactyl|Aerodactyl, L50, F, shiny|100/100\n|switch|p1b: Garchomp|Garchomp, L50, M, shiny|100/100\n|switch|p2a: Aggron|Aggron, L50, M, shiny|100/100\n|switch|p2b: Basculegion|Basculegion, L50, M|100/100\n|-ability|p1a: Aerodactyl|Unnerve\n|turn|1\n|\n|t:|1776352801\n|move|p2a: Aggron|Protect|p2a: Aggron\n|-singleturn|p2a: Aggron|Protect\n|move|p2b: Basculegion|Flip Turn|p1a: Aerodactyl\n|-supereffective|p1a: Aerodactyl|1\n|-enditem|p1a: Aerodactyl|Focus Sash\n|-damage|p1a: Aerodactyl|1/100\n|\n|t:|1776352811\n|switch|p2b: Incineroar|Incineroar, L50, M|100/100|[from] Flip Turn\n|-ability|p2b: Incineroar|Intimidate|boost\n|-unboost|p1a: Aerodactyl|atk|1\n|-unboost|p1b: Garchomp|atk|1\n|-enditem|p1b: Garchomp|White Herb\n|-clearnegativeboost|p1b: Garchomp|[silent]\n|move|p1a: Aerodactyl|Tailwind|p1a: Aerodactyl\n|-sidestart|p1: Psychichomper|move: Tailwind\n|move|p1b: Garchomp|Earthquake|p2b: Incineroar|[spread] p2b\n|-activate|p2a: Aggron|move: Protect\n|-immune|p1a: Aerodactyl\n|-supereffective|p2b: Incineroar|1\n|-damage|p2b: Incineroar|29/100\n|\n|upkeep\n|turn|2\n|inactive|DellMello has 30 seconds left.\n|\n|t:|1776352843\n|detailschange|p2a: Aggron|Aggron-Mega, L50, M, shiny\n|-mega|p2a: Aggron|Aggron|Aggronite\n|move|p1a: Aerodactyl|Protect|p1a: Aerodactyl\n|-singleturn|p1a: Aerodactyl|Protect\n|move|p2b: Incineroar|Fake Out|p1b: Garchomp\n|-damage|p1b: Garchomp|90/100\n|-damage|p2b: Incineroar|16/100|[from] ability: Rough Skin|[of] p1b: Garchomp\n|cant|p1b: Garchomp|flinch\n|move|p2a: Aggron|Iron Defense|p2a: Aggron\n|-boost|p2a: Aggron|def|2\n|\n|upkeep\n|turn|3\n|\n|t:|1776352864\n|switch|p2b: Pelipper|Pelipper, L50, M|100/100\n|-weather|RainDance|[from] ability: Drizzle|[of] p2b: Pelipper\n|move|p1a: Aerodactyl|Rock Slide|p2b: Pelipper|[spread] \n|-miss|p1a: Aerodactyl|p2a: Aggron\n|-miss|p1a: Aerodactyl|p2b: Pelipper\n|move|p1b: Garchomp|Earthquake|p2b: Pelipper|[spread] p2a\n|-immune|p1a: Aerodactyl\n|-immune|p2b: Pelipper\n|-supereffective|p2a: Aggron|1\n|-damage|p2a: Aggron|87/100\n|move|p2a: Aggron|Iron Defense|p2a: Aggron\n|-boost|p2a: Aggron|def|2\n|\n|-weather|RainDance|[upkeep]\n|upkeep\n|turn|4\n|\n|t:|1776352887\n|move|p2b: Pelipper|Protect|p2b: Pelipper\n|-singleturn|p2b: Pelipper|Protect\n|move|p1a: Aerodactyl|Rock Slide|p2a: Aggron|[spread] p2a\n|-activate|p2b: Pelipper|move: Protect\n|-resisted|p2a: Aggron|1\n|-damage|p2a: Aggron|86/100\n|move|p1b: Garchomp|Earthquake|p2b: Pelipper|[spread] p2a\n|-activate|p2b: Pelipper|move: Protect\n|-immune|p1a: Aerodactyl\n|-supereffective|p2a: Aggron|1\n|-damage|p2a: Aggron|76/100\n|cant|p2a: Aggron|flinch\n|\n|-weather|RainDance|[upkeep]\n|-sideend|p1: Psychichomper|move: Tailwind\n|upkeep\n|turn|5\n|inactive|DellMello has 30 seconds left.\n|\n|t:|1776352917\n|move|p1a: Aerodactyl|Tailwind|p1a: Aerodactyl\n|-sidestart|p1: Psychichomper|move: Tailwind\n|move|p1b: Garchomp|Rock Slide|p2a: Aggron|[spread] p2a,p2b\n|-resisted|p2a: Aggron|1\n|-supereffective|p2b: Pelipper|1\n|-damage|p2a: Aggron|74/100\n|-damage|p2b: Pelipper|45/100\n|move|p2b: Pelipper|Tailwind|p2b: Pelipper\n|-sidestart|p2: DellMello|move: Tailwind\n|move|p2a: Aggron|Body Press|p1b: Garchomp\n|-damage|p1b: Garchomp|0 fnt\n|-damage|p2a: Aggron|62/100|[from] ability: Rough Skin|[of] p1b: Garchomp\n|faint|p1b: Garchomp\n|\n|-weather|RainDance|[upkeep]\n|upkeep\n|\n|t:|1776352924\n|switch|p1b: Maushold|Maushold-Four, L50|100/100\n|turn|6\n|inactive|DellMello has 30 seconds left.\n|\n|t:|1776352951\n|switch|p2b: Incineroar|Incineroar, L50, M|16/100\n|-ability|p2b: Incineroar|Intimidate|boost\n|-unboost|p1a: Aerodactyl|atk|1\n|-unboost|p1b: Maushold|atk|1\n|move|p1b: Maushold|Protect|p1b: Maushold\n|-singleturn|p1b: Maushold|Protect\n|move|p1a: Aerodactyl|Rock Slide|p2b: Incineroar|[spread] p2a,p2b\n|-resisted|p2a: Aggron|1\n|-supereffective|p2b: Incineroar|1\n|-damage|p2a: Aggron|60/100\n|-damage|p2b: Incineroar|0 fnt\n|faint|p2b: Incineroar\n|move|p2a: Aggron|Body Press|p1a: Aerodactyl\n|-damage|p1a: Aerodactyl|0 fnt\n|faint|p1a: Aerodactyl\n|\n|-weather|RainDance|[upkeep]\n|upkeep\n|\n|t:|1776352966\n|switch|p1a: Delphox|Delphox, L50, M, shiny|100/100\n|switch|p2b: Basculegion|Basculegion, L50, M|100/100\n|turn|7\n|inactive|DellMello has 30 seconds left.\n|inactive|DellMello has 20 seconds left.\n|inactive|DellMello has 15 seconds left.\n|\n|t:|1776353009\n|detailschange|p1a: Delphox|Delphox-Mega, L50, M, shiny\n|-mega|p1a: Delphox|Delphox|Delphoxite\n|move|p1a: Delphox|Protect|p1a: Delphox\n|-singleturn|p1a: Delphox|Protect\n|move|p2b: Basculegion|Flip Turn|p1b: Maushold\n|-damage|p1b: Maushold|24/100\n|\n|t:|1776353016\n|switch|p2b: Pelipper|Pelipper, L50, M|45/100|[from] Flip Turn\n|move|p1b: Maushold|Super Fang|p2a: Aggron\n|-damage|p2a: Aggron|30/100\n|move|p2a: Aggron|Body Press|p1b: Maushold\n|-supereffective|p1b: Maushold|1\n|-enditem|p1b: Maushold|Chople Berry|[eat]\n|-enditem|p1b: Maushold|Chople Berry|[weaken]\n|-damage|p1b: Maushold|0 fnt\n|faint|p1b: Maushold\n|\n|-weather|none\n|upkeep\n|turn|8\n|\n|t:|1776353039\n|switch|p2b: Basculegion|Basculegion, L50, M|100/100\n|move|p1a: Delphox|Heat Wave|p2b: Basculegion|[spread] p2a,p2b\n|-supereffective|p2a: Aggron|1\n|-resisted|p2b: Basculegion|1\n|-damage|p2a: Aggron|0 fnt\n|-damage|p2b: Basculegion|79/100\n|faint|p2a: Aggron\n|\n|-sideend|p1: Psychichomper|move: Tailwind\n|-sideend|p2: DellMello|move: Tailwind\n|upkeep\n|\n|t:|1776353048\n|switch|p2a: Pelipper|Pelipper, L50, M|45/100\n|-weather|RainDance|[from] ability: Drizzle|[of] p2a: Pelipper\n|turn|9\n|\n|t:|1776353069\n|move|p2b: Basculegion|Wave Crash|p1a: Delphox\n|-supereffective|p1a: Delphox|1\n|-damage|p1a: Delphox|0 fnt\n|faint|p1a: Delphox\n|-damage|p2b: Basculegion|52/100|[from] Recoil\n|\n|win|DellMello\n|raw|Psychichomper's rating: 1144 &rarr; <strong>1125</strong><br />(-19 for losing)\n|raw|DellMello's rating: 1222 &rarr; <strong>1241</strong><br />(+19 for winning)\n|l|\u2606Psychichomper\n|player|p1|\n",
  "uploadtime": 1776353077,
  "views": 24,
  "formatid": "gen9championsvgc2026regma",
  "rating": 1125,
  "private": 0,
  "password": null
}