{
  "id": "gen9championsvgc2026regma-2585496265",
  "format": "[Gen 9 Champions] VGC 2026 Reg M-A",
  "players": [
    "Bisabeste",
    "oxPAX0300"
  ],
  "log": "|j|\u2606Bisabeste\n|j|\u2606oxPAX0300\n|t:|1776351452\n|gametype|doubles\n|player|p1|Bisabeste|102|1099\n|player|p2|oxPAX0300|medium|1101\n|gen|9\n|tier|[Gen 9 Champions] VGC 2026 Reg M-A\n|rated|\n|rule|Species Clause: Limit one of each Pok\u00e9mon\n|rule|Item Clause: Limit 1 of each item\n|clearpoke\n|poke|p1|Incineroar, L50, F|\n|poke|p1|Starmie, L50|\n|poke|p1|Sneasler, L50, F|\n|poke|p1|Aegislash, L50, M|\n|poke|p1|Garchomp, L50, M|\n|poke|p1|Kleavor, L50, F|\n|poke|p2|Rotom-Heat, L50|\n|poke|p2|Talonflame, L50, M|\n|poke|p2|Milotic, L50, F|\n|poke|p2|Trevenant, L50, M|\n|poke|p2|Hydreigon, L50, M|\n|poke|p2|Glimmora, L50, F|\n|teampreview|4\n|inactive|Battle timer is ON: inactive players will automatically lose when time's up. (requested by Bisabeste)\n|\n|t:|1776351478\n|teamsize|p1|4\n|teamsize|p2|4\n|start\n|switch|p1a: Starmie|Starmie, L50|100/100\n|switch|p1b: Garchomp|Garchomp, L50, M|100/100\n|switch|p2a: Hydreigon|Hydreigon, L50, M|100/100\n|switch|p2b: Milotic|Milotic, L50, F|100/100\n|turn|1\n|inactive|Bisabeste has 30 seconds left.\n|inactive|oxPAX0300 has 30 seconds left.\n|\n|t:|1776351509\n|switch|p2a: Rotom|Rotom-Heat, L50|100/100\n|detailschange|p1a: Starmie|Starmie-Mega, L50\n|-mega|p1a: Starmie|Starmie|Starminite\n|move|p1a: Starmie|Skill Swap|p1b: Garchomp\n|-activate|p1a: Starmie|Skill Swap|||[of] p1b: Garchomp\n|move|p1b: Garchomp|Breaking Swipe|p2b: Milotic|[spread] p2a,p2b\n|-damage|p2a: Rotom|39/100\n|-damage|p2b: Milotic|67/100\n|-unboost|p2a: Rotom|atk|1\n|-unboost|p2b: Milotic|atk|1\n|-ability|p2b: Milotic|Competitive|boost\n|-boost|p2b: Milotic|spa|2\n|move|p2b: Milotic|Icy Wind|p1b: Garchomp|[spread] p1a,p1b\n|-resisted|p1a: Starmie|1\n|-supereffective|p1b: Garchomp|2\n|-damage|p1a: Starmie|90/100\n|-damage|p1b: Garchomp|16/100\n|-unboost|p1a: Starmie|spe|1\n|-unboost|p1b: Garchomp|spe|1\n|\n|upkeep\n|turn|2\n|inactive|Bisabeste has 30 seconds left.\n|inactive|oxPAX0300 has 30 seconds left.\n|\n|t:|1776351537\n|move|p2a: Rotom|Protect|p2a: Rotom\n|-singleturn|p2a: Rotom|Protect\n|move|p1a: Starmie|Psychic|p2b: Milotic\n|-damage|p2b: Milotic|37/100\n|move|p2b: Milotic|Ice Beam|p1b: Garchomp\n|-supereffective|p1b: Garchomp|2\n|-damage|p1b: Garchomp|0 fnt\n|faint|p1b: Garchomp\n|\n|upkeep\n|\n|t:|1776351547\n|switch|p1b: Kleavor|Kleavor, L50, F|100/100\n|turn|3\n|inactive|oxPAX0300 has 30 seconds left.\n|inactive|oxPAX0300 has 20 seconds left.\n|\n|t:|1776351584\n|switch|p2a: Hydreigon|Hydreigon, L50, M|100/100\n|switch|p1a: Aegislash|Aegislash, L50, M|100/100\n|move|p1b: Kleavor|Rock Slide|p2b: Milotic|[spread] p2a,p2b\n|-damage|p2a: Hydreigon|50/100\n|-damage|p2b: Milotic|6/100\n|move|p2b: Milotic|Icy Wind|p1a: Aegislash|[spread] p1a,p1b\n|-resisted|p1a: Aegislash|1\n|-damage|p1a: Aegislash|94/100\n|-damage|p1b: Kleavor|74/100\n|-unboost|p1a: Aegislash|spe|1\n|-unboost|p1b: Kleavor|spe|1\n|\n|-heal|p2a: Hydreigon|56/100|[from] item: Leftovers\n|upkeep\n|turn|4\n|\n|t:|1776351608\n|move|p2a: Hydreigon|Tailwind|p2a: Hydreigon\n|-sidestart|p2: oxPAX0300|move: Tailwind\n|move|p2b: Milotic|Scald|p1b: Kleavor\n|-supereffective|p1b: Kleavor|1\n|-damage|p1b: Kleavor|0 fnt\n|faint|p1b: Kleavor\n|-formechange|p1a: Aegislash|Aegislash-Blade|\n|move|p1a: Aegislash|Flash Cannon|p2a: Hydreigon\n|-damage|p2a: Hydreigon|0 fnt\n|faint|p2a: Hydreigon\n|\n|upkeep\n|\n|t:|1776351618\n|switch|p2a: Rotom|Rotom-Heat, L50|39/100\n|switch|p1b: Starmie|Starmie-Mega, L50|90/100\n|turn|5\n|\n|t:|1776351630\n|move|p2a: Rotom|Protect|p2a: Rotom\n|-singleturn|p2a: Rotom|Protect\n|-formechange|p1a: Aegislash|Aegislash|\n|move|p1a: Aegislash|King's Shield|p1a: Aegislash\n|-singleturn|p1a: Aegislash|Protect\n|move|p2b: Milotic|Icy Wind|p1a: Aegislash|[spread] p1b\n|-activate|p1a: Aegislash|move: Protect\n|-resisted|p1b: Starmie|1\n|-damage|p1b: Starmie|80/100\n|-unboost|p1b: Starmie|spe|1\n|move|p1b: Starmie|Psychic|p2b: Milotic\n|-damage|p2b: Milotic|0 fnt\n|faint|p2b: Milotic\n|\n|upkeep\n|\n|t:|1776351641\n|switch|p2b: Glimmora|Glimmora, L50, F|100/100\n|turn|6\n|\n|t:|1776351657\n|detailschange|p2b: Glimmora|Glimmora-Mega, L50, F\n|-mega|p2b: Glimmora|Glimmora|Glimmoranite\n|move|p1b: Starmie|Protect|p1b: Starmie\n|-singleturn|p1b: Starmie|Protect\n|move|p2b: Glimmora|Sludge Bomb|p1b: Starmie\n|-activate|p1b: Starmie|move: Protect\n|move|p2a: Rotom|Overheat|p1a: Aegislash\n|-supereffective|p1a: Aegislash|1\n|-damage|p1a: Aegislash|0 fnt\n|-unboost|p2a: Rotom|spa|2\n|faint|p1a: Aegislash\n|\n|upkeep\n|turn|7\n|\n|t:|1776351673\n|move|p2b: Glimmora|Sludge Bomb|p1b: Starmie\n|-damage|p1b: Starmie|23/100\n|move|p2a: Rotom|Electroweb|p1b: Starmie\n|-supereffective|p1b: Starmie|1\n|-damage|p1b: Starmie|0 fnt\n|faint|p1b: Starmie\n|\n|win|oxPAX0300\n|raw|Bisabeste's rating: 1099 &rarr; <strong>1074</strong><br />(-25 for losing)\n|raw|oxPAX0300's rating: 1101 &rarr; <strong>1126</strong><br />(+25 for winning)\n|l|\u2606Bisabeste\n|player|p1|\n",
  "uploadtime": 1776351694,
  "views": 25,
  "formatid": "gen9championsvgc2026regma",
  "rating": 1074,
  "private": 0,
  "password": null
}