{
  "id": "gen9championsvgc2026regma-2587797530",
  "format": "[Gen 9 Champions] VGC 2026 Reg M-A",
  "players": [
    "ArKaneVGC",
    "Josehaber"
  ],
  "log": "|j|\u2606ArKaneVGC\n|j|\u2606Josehaber\n|t:|1776565004\n|gametype|doubles\n|player|p1|ArKaneVGC|#smogonxnpa2025draftee|\n|player|p2|Josehaber|biker|\n|gen|9\n|tier|[Gen 9 Champions] VGC 2026 Reg M-A\n|rated|Tournament battle\n|rule|Species Clause: Limit one of each Pok\u00e9mon\n|rule|Item Clause: Limit 1 of each item\n|raw|<div class=\"infobox\"><details class=\"readmore\" open><summary><strong>1 custom rule:</strong></summary> Force Open Team Sheets</details></div>\n|clearpoke\n|poke|p1|Sneasler, L50, F|\n|poke|p1|Kingambit, L50, M|\n|poke|p1|Sinistcha, L50|\n|poke|p1|Incineroar, L50, F|\n|poke|p1|Floette-Eternal, L50, F|\n|poke|p1|Aerodactyl, L50, M|\n|poke|p2|Starmie, L50|\n|poke|p2|Pelipper, L50, F|\n|poke|p2|Archaludon, L50, F|\n|poke|p2|Sinistcha, L50|\n|poke|p2|Incineroar, L50, F|\n|poke|p2|Dragonite, L50, M|\n|teampreview|4\n|showteam|p1|Sneasler||WhiteHerb|Unburden|DireClaw,CloseCombat,FakeOut,Protect|||F|||50|]Kingambit||BlackGlasses|Defiant|KowtowCleave,IronHead,SuckerPunch,Protect|||M|||50|]Sinistcha||SitrusBerry|Hospitality|MatchaGotcha,RagePowder,TrickRoom,LifeDew||||||50|]Incineroar||ChopleBerry|Intimidate|FlareBlitz,WillOWisp,FakeOut,PartingShot|||F|||50|]Floette-Eternal||Floettite|FlowerVeil|Moonblast,DazzlingGleam,CalmMind,Protect|||F|||50|]Aerodactyl||FocusSash|Unnerve|RockSlide,DualWingbeat,Tailwind,Protect|||M|||50|\n|showteam|p2|Starmie||Starminite|NaturalCure|Liquidation,AquaJet,ZenHeadbutt,IceSpinner||||||50|]Pelipper||FocusSash|Drizzle|Hurricane,Tailwind,WeatherBall,Protect|||F|||50|]Archaludon||ShucaBerry|Stamina|DracoMeteor,ElectroShot,Protect,FlashCannon|||F|||50|]Sinistcha||SitrusBerry|Hospitality|MatchaGotcha,RagePowder,LifeDew,StrengthSap||||||50|]Incineroar||Leftovers|Intimidate|FlareBlitz,PartingShot,ThroatChop,FakeOut|||F|||50|]Dragonite||Dragoninite|Multiscale|DracoMeteor,Protect,Hurricane,Thunder|||M|||50|\n|inactive|Battle timer is ON: inactive players will automatically lose when time's up. (requested by ArKaneVGC)\n|j| Cannon14\n|j| Heteroglossia\n|j| FBISurveillanceMan\n|j| seafgeneralbrasch\n|c| seafgeneralbrasch|is this finals\n|j|+holdingb\n|c|\u2606Josehaber|yes\n|j| Gootrifa\n|c| FBISurveillanceMan|maybe\n|inactive|Josehaber has 60 seconds left.\n|j| indyssaviour\n|\n|t:|1776565037\n|teamsize|p1|4\n|teamsize|p2|4\n|start\n|switch|p1a: Incineroar|Incineroar, L50, F|100/100\n|switch|p1b: Floette|Floette-Eternal, L50, F|100/100\n|switch|p2a: Pelipper|Pelipper, L50, F|100/100\n|switch|p2b: Starmie|Starmie, L50|100/100\n|-weather|RainDance|[from] ability: Drizzle|[of] p2a: Pelipper\n|-ability|p1a: Incineroar|Intimidate|boost\n|-unboost|p2a: Pelipper|atk|1\n|-unboost|p2b: Starmie|atk|1\n|turn|1\n|\n|t:|1776565055\n|detailschange|p2b: Starmie|Starmie-Mega, L50\n|-mega|p2b: Starmie|Starmie|Starminite\n|detailschange|p1b: Floette|Floette-Mega, L50, F\n|-mega|p1b: Floette|Floette|Floettite\n|-ability|p1b: Floette|Fairy Aura\n|move|p1a: Incineroar|Fake Out|p2b: Starmie\n|-damage|p2b: Starmie|86/100\n|cant|p2b: Starmie|flinch\n|move|p2a: Pelipper|Tailwind|p2a: Pelipper\n|-sidestart|p2: Josehaber|move: Tailwind\n|move|p1b: Floette|Calm Mind|p1b: Floette\n|-boost|p1b: Floette|spa|1\n|-boost|p1b: Floette|spd|1\n|\n|-weather|RainDance|[upkeep]\n|upkeep\n|turn|2\n|\n|t:|1776565073\n|move|p1b: Floette|Protect|p1b: Floette\n|-singleturn|p1b: Floette|Protect\n|move|p2b: Starmie|Liquidation|p1b: Floette\n|-activate|p1b: Floette|move: Protect\n|move|p2a: Pelipper|Weather Ball|p1a: Incineroar\n|-supereffective|p1a: Incineroar|1\n|-crit|p1a: Incineroar\n|-damage|p1a: Incineroar|0 fnt\n|faint|p1a: Incineroar\n|\n|-weather|RainDance|[upkeep]\n|upkeep\n|j| ssuausasj\n|\n|t:|1776565081\n|switch|p1a: Kingambit|Kingambit, L50, M|100/100\n|turn|3\n|\n|t:|1776565099\n|move|p1a: Kingambit|Sucker Punch|p2b: Starmie\n|-supereffective|p2b: Starmie|1\n|-damage|p2b: Starmie|0 fnt\n|faint|p2b: Starmie\n|move|p2a: Pelipper|Weather Ball|p1a: Kingambit\n|-damage|p1a: Kingambit|42/100\n|move|p1b: Floette|Dazzling Gleam|p2a: Pelipper\n|-enditem|p2a: Pelipper|Focus Sash\n|-damage|p2a: Pelipper|1/100\n|\n|-weather|RainDance|[upkeep]\n|upkeep\n|\n|t:|1776565109\n|switch|p2b: Archaludon|Archaludon, L50, F|100/100\n|turn|4\n|\n|t:|1776565133\n|move|p2a: Pelipper|Protect|p2a: Pelipper\n|-singleturn|p2a: Pelipper|Protect\n|move|p1a: Kingambit|Sucker Punch||[still]\n|-fail|p1a: Kingambit\n|move|p2b: Archaludon|Electro Shot||[still]\n|-prepare|p2b: Archaludon|Electro Shot\n|-boost|p2b: Archaludon|spa|1\n|-anim|p2b: Archaludon|Electro Shot|p1a: Kingambit\n|-damage|p1a: Kingambit|0 fnt\n|faint|p1a: Kingambit\n|move|p1b: Floette|Dazzling Gleam|p2b: Archaludon|[spread] p2b\n|-activate|p2a: Pelipper|move: Protect\n|-damage|p2b: Archaludon|0 fnt\n|faint|p2b: Archaludon\n|\n|-weather|RainDance|[upkeep]\n|-sideend|p2: Josehaber|move: Tailwind\n|upkeep\n|\n|t:|1776565143\n|switch|p2b: Sinistcha|Sinistcha, L50|100/100\n|switch|p1a: Sinistcha|Sinistcha, L50|100/100\n|-heal|p2a: Pelipper|26/100|[from] ability: Hospitality|[of] p2b: Sinistcha\n|turn|5\n|\n|t:|1776565154\n|move|p2a: Pelipper|Hurricane|p1a: Sinistcha\n|-supereffective|p1a: Sinistcha|1\n|-damage|p1a: Sinistcha|25/100\n|-enditem|p1a: Sinistcha|Sitrus Berry|[eat]\n|-heal|p1a: Sinistcha|50/100|[from] item: Sitrus Berry\n|move|p1b: Floette|Dazzling Gleam|p2a: Pelipper|[spread] p2a,p2b\n|-damage|p2a: Pelipper|0 fnt\n|-damage|p2b: Sinistcha|39/100\n|-enditem|p2b: Sinistcha|Sitrus Berry|[eat]\n|-heal|p2b: Sinistcha|64/100|[from] item: Sitrus Berry\n|faint|p2a: Pelipper\n|move|p1a: Sinistcha|Matcha Gotcha|p2b: Sinistcha\n|-resisted|p2b: Sinistcha|1\n|-damage|p2b: Sinistcha|51/100\n|-heal|p1a: Sinistcha|57/100|[from] drain|[of] p2b: Sinistcha\n|move|p2b: Sinistcha|Matcha Gotcha|p1a: Sinistcha|[spread] p1a,p1b\n|-resisted|p1a: Sinistcha|1\n|-damage|p1a: Sinistcha|47/100\n|-heal|p2b: Sinistcha|56/100|[from] drain|[of] p1a: Sinistcha\n|-damage|p1b: Floette|89/100\n|-heal|p2b: Sinistcha|62/100|[from] drain|[of] p1b: Floette\n|\n|-weather|none\n|upkeep\n|turn|6\n|\n|t:|1776565161\n|move|p1b: Floette|Moonblast|p2b: Sinistcha\n|-damage|p2b: Sinistcha|0 fnt\n|faint|p2b: Sinistcha\n|\n|win|ArKaneVGC\n|n|\u2606ArKaneVGC|arkanevgc\n|n|\u2606Josehaber|josehaber\n|n| Cannon14|cannon14\n|n| Heteroglossia|heteroglossia\n|n| FBISurveillanceMan|fbisurveillanceman\n|n| seafgeneralbrasch|seafgeneralbrasch\n|n| holdingb|holdingb\n|n| Gootrifa|gootrifa\n|n| indyssaviour|indyssaviour\n|n| ssuausasj|ssuausasj\n",
  "uploadtime": 1776565161,
  "views": 12,
  "formatid": "gen9championsvgc2026regma",
  "rating": null,
  "private": 0,
  "password": null
}