{
  "id": "gen9championsvgc2026regma-2589533863",
  "format": "[Gen 9 Champions] VGC 2026 Reg M-A",
  "players": [
    "Moxiemencefan21",
    "kkaitanggky"
  ],
  "log": "|j|\u2606Moxiemencefan21\n|j|\u2606kkaitanggky\n|t:|1776731716\n|gametype|doubles\n|player|p1|Moxiemencefan21|2|1213\n|player|p2|kkaitanggky|giovanni|1255\n|gen|9\n|tier|[Gen 9 Champions] VGC 2026 Reg M-A\n|rated|\n|rule|Species Clause: Limit one of each Pok\u00e9mon\n|rule|Item Clause: Limit 1 of each item\n|clearpoke\n|poke|p1|Charizard, L50, M|\n|poke|p1|Milotic, L50, F|\n|poke|p1|Sinistcha, L50|\n|poke|p1|Scizor, L50, M|\n|poke|p1|Ninetales-Alola, L50, M|\n|poke|p1|Tauros-Paldea-Aqua, L50, M|\n|poke|p2|Politoed, L50, F|\n|poke|p2|Gengar, L50, F|\n|poke|p2|Scizor, L50, M|\n|poke|p2|Milotic, L50, F|\n|poke|p2|Sableye, L50, M|\n|poke|p2|Incineroar, L50, M|\n|teampreview|4\n|inactive|Battle timer is ON: inactive players will automatically lose when time's up. (requested by kkaitanggky)\n|inactive|Moxiemencefan21 has 60 seconds left.\n|\n|t:|1776731801\n|teamsize|p1|4\n|teamsize|p2|4\n|start\n|switch|p1a: Sinistcha|Sinistcha, L50|100/100\n|switch|p1b: Ninetales|Ninetales-Alola, L50, M|100/100\n|switch|p2a: Gengar|Gengar, L50, F|100/100\n|switch|p2b: Milotic|Milotic, L50, F|100/100\n|-weather|Snowscape|[from] ability: Snow Warning|[of] p1b: Ninetales\n|turn|1\n|inactive|Moxiemencefan21 has 30 seconds left.\n|inactive|kkaitanggky has 30 seconds left.\n|inactive|Moxiemencefan21 has 20 seconds left.\n|inactive|Moxiemencefan21 has 15 seconds left.\n|inactive|Moxiemencefan21 has 10 seconds left.\n|\n|t:|1776731847\n|switch|p2a: Politoed|Politoed, L50, F|100/100\n|-weather|RainDance|[from] ability: Drizzle|[of] p2a: Politoed\n|move|p1b: Ninetales|Freeze-Dry|p2b: Milotic\n|-supereffective|p2b: Milotic|1\n|-crit|p2b: Milotic\n|-damage|p2b: Milotic|47/100\n|move|p2b: Milotic|Coil|p2b: Milotic\n|-boost|p2b: Milotic|atk|1\n|-boost|p2b: Milotic|def|1\n|-boost|p2b: Milotic|accuracy|1\n|move|p1a: Sinistcha|Matcha Gotcha|p2b: Milotic|[spread] p2b\n|-miss|p1a: Sinistcha|p2a: Politoed\n|-supereffective|p2b: Milotic|1\n|-damage|p2b: Milotic|14/100\n|\n|-weather|RainDance|[upkeep]\n|-heal|p2b: Milotic|20/100|[from] item: Leftovers\n|upkeep\n|turn|2\n|inactive|kkaitanggky has 30 seconds left.\n|inactive|kkaitanggky has 20 seconds left.\n|\n|t:|1776731885\n|switch|p2b: Incineroar|Incineroar, L50, M|100/100\n|-ability|p2b: Incineroar|Intimidate|boost\n|-unboost|p1a: Sinistcha|atk|1\n|-unboost|p1b: Ninetales|atk|1\n|move|p1b: Ninetales|Freeze-Dry|p2b: Incineroar\n|-resisted|p2b: Incineroar|1\n|-damage|p2b: Incineroar|86/100\n|move|p2a: Politoed|Perish Song|p2a: Politoed\n|-start|p1a: Sinistcha|perish3|[silent]\n|-start|p1b: Ninetales|perish3|[silent]\n|-start|p2a: Politoed|perish3|[silent]\n|-start|p2b: Incineroar|perish3|[silent]\n|-fieldactivate|move: Perish Song\n|move|p1a: Sinistcha|Matcha Gotcha|p2a: Politoed|[spread] p2a,p2b\n|-supereffective|p2a: Politoed|1\n|-resisted|p2b: Incineroar|1\n|-damage|p2a: Politoed|49/100\n|-damage|p2b: Incineroar|71/100\n|-status|p2a: Politoed|brn\n|-enditem|p2a: Politoed|Sitrus Berry|[eat]\n|-heal|p2a: Politoed|74/100 brn|[from] item: Sitrus Berry\n|\n|-weather|RainDance|[upkeep]\n|-damage|p2a: Politoed|68/100 brn|[from] brn\n|-start|p1b: Ninetales|perish3\n|-start|p2a: Politoed|perish3\n|-start|p1a: Sinistcha|perish3\n|-start|p2b: Incineroar|perish3\n|upkeep\n|turn|3\n|inactive|Moxiemencefan21 has 30 seconds left.\n|inactive|kkaitanggky has 30 seconds left.\n|inactive|kkaitanggky has 20 seconds left.\n|inactive|kkaitanggky has 15 seconds left.\n|\n|t:|1776731926\n|switch|p1a: Tauros|Tauros-Paldea-Aqua, L50, M|100/100\n|-ability|p1a: Tauros|Intimidate|boost\n|-unboost|p2a: Politoed|atk|1\n|-unboost|p2b: Incineroar|atk|1\n|-enditem|p2b: Incineroar|White Herb\n|-clearnegativeboost|p2b: Incineroar|[silent]\n|switch|p2b: Gengar|Gengar, L50, F|100/100\n|move|p1b: Ninetales|Freeze-Dry|p2a: Politoed\n|-supereffective|p2a: Politoed|1\n|-damage|p2a: Politoed|13/100 brn\n|move|p2a: Politoed|Perish Song|p2a: Politoed\n|-start|p1a: Tauros|perish3|[silent]\n|-start|p2b: Gengar|perish3|[silent]\n|-fieldactivate|move: Perish Song\n|\n|-weather|RainDance|[upkeep]\n|-damage|p2a: Politoed|7/100 brn|[from] brn\n|-start|p2b: Gengar|perish3\n|-start|p1b: Ninetales|perish2\n|-start|p2a: Politoed|perish2\n|-start|p1a: Tauros|perish3\n|upkeep\n|turn|4\n|inactive|Moxiemencefan21 has 30 seconds left.\n|inactive|kkaitanggky has 30 seconds left.\n|\n|t:|1776731959\n|switch|p1b: Scizor|Scizor, L50, M|100/100\n|switch|p2a: Incineroar|Incineroar, L50, M|71/100\n|-ability|p2a: Incineroar|Intimidate|boost\n|-unboost|p1a: Tauros|atk|1\n|-unboost|p1b: Scizor|atk|1\n|-enditem|p1a: Tauros|White Herb\n|-clearnegativeboost|p1a: Tauros|[silent]\n|detailschange|p2b: Gengar|Gengar-Mega, L50, F\n|-mega|p2b: Gengar|Gengar|Gengarite\n|move|p2b: Gengar|Protect|p2b: Gengar\n|-singleturn|p2b: Gengar|Protect\n|move|p1a: Tauros|Raging Bull|p2b: Gengar\n|-activate|p2b: Gengar|move: Protect\n|\n|-weather|RainDance|[upkeep]\n|-start|p2b: Gengar|perish2\n|-start|p1a: Tauros|perish2\n|upkeep\n|turn|5\n|inactive|Moxiemencefan21 has 30 seconds left.\n|inactive|Moxiemencefan21 has 20 seconds left.\n|\n|t:|1776731996\n|detailschange|p1b: Scizor|Scizor-Mega, L50, M\n|-mega|p1b: Scizor|Scizor|Scizorite\n|move|p2b: Gengar|Substitute|p2b: Gengar\n|-start|p2b: Gengar|Substitute\n|-damage|p2b: Gengar|75/100\n|move|p1a: Tauros|Raging Bull|p2b: Gengar\n|-end|p2b: Gengar|Substitute\n|move|p1b: Scizor|Swords Dance|p1b: Scizor\n|-boost|p1b: Scizor|atk|2\n|move|p2a: Incineroar|Flare Blitz|p1b: Scizor\n|-supereffective|p1b: Scizor|2\n|-damage|p1b: Scizor|6/100\n|-damage|p2a: Incineroar|43/100|[from] Recoil\n|\n|-weather|none\n|-start|p2b: Gengar|perish1\n|-start|p1a: Tauros|perish1\n|upkeep\n|turn|6\n|inactive|kkaitanggky has 30 seconds left.\n|inactive|kkaitanggky has 20 seconds left.\n|\n|t:|1776732033\n|switch|p2b: Politoed|Politoed, L50, F|7/100 brn\n|-weather|RainDance|[from] ability: Drizzle|[of] p2b: Politoed\n|move|p1b: Scizor|Bullet Punch|p2b: Politoed\n|-resisted|p2b: Politoed|1\n|-damage|p2b: Politoed|0 fnt\n|faint|p2b: Politoed\n|move|p1a: Tauros|Raging Bull|p2a: Incineroar\n|-supereffective|p2a: Incineroar|1\n|-damage|p2a: Incineroar|0 fnt\n|faint|p2a: Incineroar\n|\n|-weather|RainDance|[upkeep]\n|-start|p1a: Tauros|perish0\n|upkeep\n|faint|p1a: Tauros\n|\n|t:|1776732050\n|switch|p2b: Gengar|Gengar-Mega, L50, F|75/100\n|switch|p1a: Sinistcha|Sinistcha, L50|100/100\n|switch|p2a: Milotic|Milotic, L50, F|20/100\n|-heal|p1b: Scizor|30/100|[from] ability: Hospitality|[of] p1a: Sinistcha\n|turn|7\n|inactive|Moxiemencefan21 has 30 seconds left.\n|\n|t:|1776732083\n|move|p1b: Scizor|Bullet Punch|p2b: Gengar\n|-damage|p2b: Gengar|12/100\n|move|p2b: Gengar|Shadow Ball|p1a: Sinistcha\n|-supereffective|p1a: Sinistcha|1\n|-damage|p1a: Sinistcha|6/100\n|-enditem|p1a: Sinistcha|Sitrus Berry|[eat]\n|-heal|p1a: Sinistcha|31/100|[from] item: Sitrus Berry\n|move|p2a: Milotic|Recover|p2a: Milotic\n|-heal|p2a: Milotic|70/100\n|move|p1a: Sinistcha|Matcha Gotcha|p2a: Milotic|[spread] p2a\n|-miss|p1a: Sinistcha|p2b: Gengar\n|-supereffective|p2a: Milotic|1\n|-damage|p2a: Milotic|35/100\n|-heal|p1a: Sinistcha|51/100|[from] drain|[of] p2a: Milotic\n|\n|-weather|RainDance|[upkeep]\n|-heal|p2a: Milotic|41/100|[from] item: Leftovers\n|upkeep\n|turn|8\n|inactive|Moxiemencefan21 has 30 seconds left.\n|\n|t:|1776732112\n|move|p2b: Gengar|Protect|p2b: Gengar\n|-singleturn|p2b: Gengar|Protect\n|move|p1b: Scizor|Bullet Punch|p2b: Gengar\n|-activate|p2b: Gengar|move: Protect\n|move|p2a: Milotic|Muddy Water|p1a: Sinistcha|[spread] p1a,p1b\n|-resisted|p1a: Sinistcha|1\n|-damage|p1a: Sinistcha|35/100\n|-damage|p1b: Scizor|0 fnt\n|faint|p1b: Scizor\n|move|p1a: Sinistcha|Matcha Gotcha|p2b: Gengar|[spread] p2a\n|-activate|p2b: Gengar|move: Protect\n|-supereffective|p2a: Milotic|1\n|-damage|p2a: Milotic|4/100\n|-heal|p1a: Sinistcha|56/100|[from] drain|[of] p2a: Milotic\n|\n|-weather|RainDance|[upkeep]\n|-heal|p2a: Milotic|10/100|[from] item: Leftovers\n|upkeep\n|\n|t:|1776732131\n|switch|p1b: Ninetales|Ninetales-Alola, L50, M|100/100\n|-weather|Snowscape|[from] ability: Snow Warning|[of] p1b: Ninetales\n|turn|9\n|inactive|kkaitanggky has 30 seconds left.\n|inactive|kkaitanggky has 20 seconds left.\n|inactive|kkaitanggky has 15 seconds left.\n|inactive|kkaitanggky has 10 seconds left.\n|\n|t:|1776732180\n|move|p2b: Gengar|Shadow Ball|p1a: Sinistcha\n|-supereffective|p1a: Sinistcha|1\n|-damage|p1a: Sinistcha|0 fnt\n|faint|p1a: Sinistcha\n|move|p1b: Ninetales|Blizzard|p2b: Gengar|[spread] p2a,p2b\n|-resisted|p2a: Milotic|1\n|-damage|p2a: Milotic|0 fnt\n|-damage|p2b: Gengar|0 fnt\n|faint|p2a: Milotic\n|faint|p2b: Gengar\n|\n|win|Moxiemencefan21\n|raw|Moxiemencefan21's rating: 1213 &rarr; <strong>1241</strong><br />(+28 for winning)\n|raw|kkaitanggky's rating: 1255 &rarr; <strong>1227</strong><br />(-28 for losing)\n|l|\u2606kkaitanggky\n|player|p2|\n",
  "uploadtime": 1776732196,
  "views": 3,
  "formatid": "gen9championsvgc2026regma",
  "rating": 1227,
  "private": 0,
  "password": null
}