{
  "id": "gen9championsvgc2026regma-2580860337",
  "format": "[Gen 9 Champions] VGC 2026 Reg M-A",
  "players": [
    "Raynobi",
    "LamestAmos"
  ],
  "log": "|j|\u2606Raynobi\n|j|\u2606LamestAmos\n|t:|1775938435\n|gametype|doubles\n|player|p1|Raynobi|red|\n|player|p2|LamestAmos|veteran|\n|gen|9\n|tier|[Gen 9 Champions] VGC 2026 Reg M-A\n|rated|Tournament battle\n|rule|Species Clause: Limit one of each Pok\u00e9mon\n|rule|Item Clause: Limit 1 of each item\n|clearpoke\n|poke|p1|Charizard, L50, F|\n|poke|p1|Sneasler, L50, F|\n|poke|p1|Rotom-Wash, L50|\n|poke|p1|Garchomp, L50, F|\n|poke|p1|Kingambit, L50, F|\n|poke|p1|Venusaur, L50, M|\n|poke|p2|Aggron, L50, F|\n|poke|p2|Sinistcha-Masterpiece, L50|\n|poke|p2|Incineroar, L50, F|\n|poke|p2|Sneasler, L50, M|\n|poke|p2|Politoed, L50, F|\n|poke|p2|Garchomp, L50, M|\n|teampreview|4\n|j| pingothedog\n|c|\u2606Raynobi|glhf\n|c|\u2606LamestAmos|u2\n|j| VGCGoomey\n|j| knoxxzeta\n|inactive|Battle timer is ON: inactive players will automatically lose when time's up. (requested by Raynobi)\n|j| maxdeesevgc\n|j| Mind goblin games\n|l|\u2606LamestAmos\n|inactive|LamestAmos disconnected and has a minute to reconnect!\n|player|p2|\n|j|\u2606LamestAmos\n|inactive|LamestAmos reconnected and has 50 seconds left.\n|player|p2|LamestAmos|veteran|\n|inactive|LamestAmos has 30 seconds left.\n|\n|t:|1775938532\n|teamsize|p1|4\n|teamsize|p2|4\n|start\n|switch|p1a: Kingambit|Kingambit, L50, F|100/100\n|switch|p1b: Rotom|Rotom-Wash, L50|100/100\n|switch|p2a: The Wall|Aggron, L50, F|100/100\n|switch|p2b: Sinistcha|Sinistcha-Masterpiece, L50|100/100\n|turn|1\n|inactive|LamestAmos has 30 seconds left.\n|\n|t:|1775938566\n|switch|p2b: Incineroar|Incineroar, L50, F|100/100\n|-ability|p2b: Incineroar|Intimidate|boost\n|-unboost|p1a: Kingambit|atk|1\n|-ability|p1a: Kingambit|Defiant|boost\n|-boost|p1a: Kingambit|atk|2\n|-unboost|p1b: Rotom|atk|1\n|detailschange|p2a: The Wall|Aggron-Mega, L50, F\n|-mega|p2a: The Wall|Aggron|Aggronite\n|move|p1b: Rotom|Will-O-Wisp|p2a: The Wall\n|-status|p2a: The Wall|brn\n|move|p1a: Kingambit|Swords Dance|p1a: Kingambit\n|-boost|p1a: Kingambit|atk|2\n|move|p2a: The Wall|Body Press|p1a: Kingambit\n|-supereffective|p1a: Kingambit|2\n|-enditem|p1a: Kingambit|Chople Berry|[eat]\n|-enditem|p1a: Kingambit|Chople Berry|[weaken]\n|-damage|p1a: Kingambit|72/100\n|\n|-damage|p2a: The Wall|94/100 brn|[from] brn\n|upkeep\n|turn|2\n|inactive|LamestAmos has 30 seconds left.\n|\n|t:|1775938592\n|move|p2b: Incineroar|Fake Out|p1b: Rotom\n|-damage|p1b: Rotom|90/100\n|move|p1a: Kingambit|Sucker Punch||[still]\n|-fail|p1a: Kingambit\n|cant|p1b: Rotom|flinch\n|move|p2a: The Wall|Iron Defense|p2a: The Wall\n|-boost|p2a: The Wall|def|2\n|\n|-heal|p1b: Rotom|95/100|[from] item: Leftovers\n|-damage|p2a: The Wall|88/100 brn|[from] brn\n|upkeep\n|turn|3\n|\n|t:|1775938611\n|move|p1b: Rotom|Hydro Pump|p2b: Incineroar\n|-supereffective|p2b: Incineroar|1\n|-damage|p2b: Incineroar|35/100\n|-enditem|p2b: Incineroar|Sitrus Berry|[eat]\n|-heal|p2b: Incineroar|60/100|[from] item: Sitrus Berry\n|move|p1a: Kingambit|Low Kick|p2a: The Wall\n|-supereffective|p2a: The Wall|1\n|-damage|p2a: The Wall|43/100 brn\n|move|p2b: Incineroar|Parting Shot|p1b: Rotom\n|-unboost|p1b: Rotom|atk|1\n|-unboost|p1b: Rotom|spa|1\n|\n|t:|1775938622\n|switch|p2b: Sinistcha|Sinistcha-Masterpiece, L50|100/100|[from] Parting Shot\n|-heal|p2a: The Wall|68/100 brn|[from] ability: Hospitality|[of] p2b: Sinistcha\n|move|p2a: The Wall|Body Press|p1a: Kingambit\n|-supereffective|p1a: Kingambit|2\n|-damage|p1a: Kingambit|0 fnt\n|faint|p1a: Kingambit\n|\n|-heal|p1b: Rotom|100/100|[from] item: Leftovers\n|-damage|p2a: The Wall|62/100 brn|[from] brn\n|upkeep\n|\n|t:|1775938630\n|switch|p1a: Charizard|Charizard, L50, F|100/100\n|turn|4\n|\n|t:|1775938651\n|switch|p1b: Garchomp|Garchomp, L50, F|100/100\n|switch|p2b: Incineroar|Incineroar, L50, F|60/100\n|-ability|p2b: Incineroar|Intimidate|boost\n|-unboost|p1a: Charizard|atk|1\n|-unboost|p1b: Garchomp|atk|1\n|detailschange|p1a: Charizard|Charizard-Mega-Y, L50, F\n|-mega|p1a: Charizard|Charizard|Charizardite Y\n|-weather|SunnyDay|[from] ability: Drought|[of] p1a: Charizard\n|move|p2a: The Wall|Protect|p2a: The Wall\n|-singleturn|p2a: The Wall|Protect\n|move|p1a: Charizard|Heat Wave|p2a: The Wall|[spread] p2b\n|-activate|p2a: The Wall|move: Protect\n|-resisted|p2b: Incineroar|1\n|-damage|p2b: Incineroar|33/100\n|\n|-weather|SunnyDay|[upkeep]\n|-damage|p2a: The Wall|56/100 brn|[from] brn\n|upkeep\n|turn|5\n|\n|t:|1775938671\n|switch|p2b: Politoed|Politoed, L50, F|100/100\n|-weather|RainDance|[from] ability: Drizzle|[of] p2b: Politoed\n|move|p1a: Charizard|Protect|p1a: Charizard\n|-singleturn|p1a: Charizard|Protect\n|move|p1b: Garchomp|Earthquake|p2b: Politoed|[spread] p2a,p2b\n|-activate|p1a: Charizard|move: Protect\n|-supereffective|p2a: The Wall|1\n|-damage|p2a: The Wall|46/100 brn\n|-damage|p2b: Politoed|72/100\n|move|p2a: The Wall|Body Press|p1b: Garchomp\n|-damage|p1b: Garchomp|62/100\n|-damage|p2a: The Wall|33/100 brn|[from] ability: Rough Skin|[of] p1b: Garchomp\n|\n|-weather|RainDance|[upkeep]\n|-heal|p2b: Politoed|78/100|[from] item: Leftovers\n|-damage|p2a: The Wall|27/100 brn|[from] brn\n|upkeep\n|turn|6\n|j|%Tb0lt\n|\n|t:|1775938692\n|switch|p1a: Rotom|Rotom-Wash, L50|100/100\n|switch|p2b: Sinistcha|Sinistcha-Masterpiece, L50|100/100\n|-heal|p2a: The Wall|52/100 brn|[from] ability: Hospitality|[of] p2b: Sinistcha\n|move|p1b: Garchomp|Earthquake|p2a: The Wall|[spread] p2a,p2b\n|-immune|p1a: Rotom|[from] ability: Levitate\n|-supereffective|p2a: The Wall|1\n|-resisted|p2b: Sinistcha|1\n|-damage|p2a: The Wall|42/100 brn\n|-damage|p2b: Sinistcha|89/100\n|move|p2a: The Wall|Body Press|p1b: Garchomp\n|-damage|p1b: Garchomp|24/100\n|-damage|p2a: The Wall|29/100 brn|[from] ability: Rough Skin|[of] p1b: Garchomp\n|\n|-weather|RainDance|[upkeep]\n|-damage|p2a: The Wall|23/100 brn|[from] brn\n|upkeep\n|turn|7\n|l| Mind goblin games\n|inactive|Raynobi has 30 seconds left.\n|\n|t:|1775938725\n|switch|p1b: Charizard|Charizard-Mega-Y, L50, F|100/100\n|-weather|SunnyDay|[from] ability: Drought|[of] p1b: Charizard\n|move|p2a: The Wall|Protect|p2a: The Wall\n|-singleturn|p2a: The Wall|Protect\n|move|p1a: Rotom|Thunderbolt|p2a: The Wall\n|-activate|p2a: The Wall|move: Protect\n|move|p2b: Sinistcha|Trick Room|p2b: Sinistcha\n|-fieldstart|move: Trick Room|[of] p2b: Sinistcha\n|\n|-weather|SunnyDay|[upkeep]\n|-damage|p2a: The Wall|17/100 brn|[from] brn\n|upkeep\n|turn|8\n|\n|t:|1775938743\n|switch|p2b: Politoed|Politoed, L50, F|78/100\n|-weather|RainDance|[from] ability: Drizzle|[of] p2b: Politoed\n|move|p1b: Charizard|Protect|p1b: Charizard\n|-singleturn|p1b: Charizard|Protect\n|move|p2a: The Wall|Body Press|p1a: Rotom\n|-damage|p1a: Rotom|65/100\n|move|p1a: Rotom|Thunderbolt|p2a: The Wall\n|-damage|p2a: The Wall|0 fnt\n|faint|p2a: The Wall\n|\n|-weather|RainDance|[upkeep]\n|-heal|p2b: Politoed|84/100|[from] item: Leftovers\n|-heal|p1a: Rotom|71/100|[from] item: Leftovers\n|upkeep\n|\n|t:|1775938755\n|switch|p2a: Sinistcha|Sinistcha-Masterpiece, L50|89/100\n|-heal|p2b: Politoed|100/100|[from] ability: Hospitality|[of] p2a: Sinistcha\n|turn|9\n|\n|t:|1775938765\n|switch|p2b: Incineroar|Incineroar, L50, F|33/100\n|-ability|p2b: Incineroar|Intimidate|boost\n|-unboost|p1a: Rotom|atk|1\n|-unboost|p1b: Charizard|atk|1\n|switch|p1b: Garchomp|Garchomp, L50, F|24/100\n|move|p2a: Sinistcha|Matcha Gotcha|p1b: Garchomp|[spread] p1a,p1b\n|-supereffective|p1a: Rotom|1\n|-crit|p1a: Rotom\n|-damage|p1a: Rotom|6/100\n|-heal|p2a: Sinistcha|100/100|[from] drain|[of] p1a: Rotom\n|-damage|p1b: Garchomp|0 fnt\n|faint|p1b: Garchomp\n|move|p1a: Rotom|Thunderbolt|p2b: Incineroar\n|-damage|p2b: Incineroar|7/100\n|\n|-weather|RainDance|[upkeep]\n|-heal|p1a: Rotom|12/100|[from] item: Leftovers\n|upkeep\n|\n|t:|1775938781\n|switch|p1b: Charizard|Charizard-Mega-Y, L50, F|100/100\n|-weather|SunnyDay|[from] ability: Drought|[of] p1b: Charizard\n|turn|10\n|l|\u2606LamestAmos\n|inactive|LamestAmos disconnected and has a minute to reconnect!\n|player|p2|\n|inactive|LamestAmos has 30 seconds left.\n|inactive|LamestAmos has 20 seconds left.\n|inactive|LamestAmos has 15 seconds left.\n|inactive|LamestAmos has 10 seconds left.\n|c| pingothedog|oh no\n|inactive|LamestAmos has 5 seconds left.\n|-message|LamestAmos lost due to inactivity.\n|\n|win|Raynobi\n|n|\u2606Raynobi|raynobi\n|n| pingothedog|pingothedog\n|n| VGCGoomey|vgcgoomey\n|n| knoxxzeta|knoxxzeta\n|n| maxdeesevgc|maxdeesevgc\n|n|%Tb0lt|tb0lt\n|c|\u2606Raynobi|?\n|j|\u2606LamestAmos\n|player|p2|LamestAmos|veteran|\n|l|%Tb0lt\n|l|\u2606Raynobi\n|player|p1|\n|c|\u2606LamestAmos|I disconnected\n|l| pingothedog\n|c|\u2606LamestAmos|gg anyways\n|c|\u2606LamestAmos|gl in the rest\n|l| knoxxzeta\n|l| VGCGoomey\n|l|\u2606LamestAmos\n|player|p2|\n|j|\u2606LamestAmos\n|player|p2|LamestAmos|veteran|\n|l|\u2606LamestAmos\n|player|p2|\n|j|\u2606LamestAmos\n|player|p2|LamestAmos|veteran|\n|l|\u2606LamestAmos\n|player|p2|\n|j|\u2606LamestAmos\n|player|p2|LamestAmos|veteran|\n",
  "uploadtime": 1775939425,
  "views": 18,
  "formatid": "gen9championsvgc2026regma",
  "rating": null,
  "private": 0,
  "password": null
}