{
  "id": "gen9championsvgc2026regma-2588344629",
  "format": "[Gen 9 Champions] VGC 2026 Reg M-A",
  "players": [
    "Sic-beatz",
    "1#MiraidonHater"
  ],
  "log": "|j|\u2606Sic-beatz\n|j|\u26061#MiraidonHater\n|t:|1776625821\n|gametype|doubles\n|player|p1|Sic-beatz|1|1504\n|player|p2|1#MiraidonHater|volkner|1504\n|gen|9\n|tier|[Gen 9 Champions] VGC 2026 Reg M-A\n|rated|\n|rule|Species Clause: Limit one of each Pok\u00e9mon\n|rule|Item Clause: Limit 1 of each item\n|clearpoke\n|poke|p1|Starmie, L50, shiny|\n|poke|p1|Archaludon, L50, F, shiny|\n|poke|p1|Maushold-Four, L50, shiny|\n|poke|p1|Pelipper, L50, F, shiny|\n|poke|p1|Sneasler, L50, M, shiny|\n|poke|p1|Sinistcha, L50, shiny|\n|poke|p2|Gardevoir, L50, F|\n|poke|p2|Basculegion, L50, M|\n|poke|p2|Tsareena, L50, F|\n|poke|p2|Incineroar, L50, M|\n|poke|p2|Pelipper, L50, M|\n|poke|p2|Archaludon, L50, F|\n|teampreview|4\n|inactive|Battle timer is ON: inactive players will automatically lose when time's up. (requested by Sic-beatz)\n|\n|t:|1776625850\n|teamsize|p1|4\n|teamsize|p2|4\n|start\n|switch|p1a: Maushold|Maushold-Four, L50, shiny|100/100\n|switch|p1b: Archaludon|Archaludon, L50, F, shiny|100/100\n|switch|p2a: Teaser|Incineroar, L50, M|100/100\n|switch|p2b: Dop Dururum|Basculegion, L50, M|100/100\n|-ability|p2a: Teaser|Intimidate|boost\n|-unboost|p1a: Maushold|atk|1\n|-unboost|p1b: Archaludon|atk|1\n|turn|1\n|\n|t:|1776625868\n|move|p1a: Maushold|Protect|p1a: Maushold\n|-singleturn|p1a: Maushold|Protect\n|move|p2a: Teaser|Fake Out|p1a: Maushold\n|-activate|p1a: Maushold|move: Protect\n|move|p2b: Dop Dururum|Flip Turn|p1a: Maushold\n|-activate|p1a: Maushold|move: Protect\n|move|p1b: Archaludon|Electro Shot||[still]\n|-prepare|p1b: Archaludon|Electro Shot\n|-boost|p1b: Archaludon|spa|1\n|\n|upkeep\n|turn|2\n|\n|t:|1776625881\n|move|p2b: Dop Dururum|Flip Turn|p1a: Maushold\n|-damage|p1a: Maushold|67/100\n|\n|t:|1776625884\n|switch|p2b: Killer Queen|Tsareena, L50, F|100/100|[from] Flip Turn\n|move|p1a: Maushold|Super Fang|p2a: Teaser\n|-damage|p2a: Teaser|50/100\n|move|p1b: Archaludon|Electro Shot|p2a: Teaser|[from] lockedmove\n|-damage|p2a: Teaser|0 fnt\n|faint|p2a: Teaser\n|\n|upkeep\n|\n|t:|1776625901\n|switch|p2a: Dop Dururum|Basculegion, L50, M|100/100\n|turn|3\n|j| B. Farro\n|j| mavericxx\n|\n|t:|1776625918\n|move|p1a: Maushold|Protect|p1a: Maushold\n|-singleturn|p1a: Maushold|Protect\n|move|p2a: Dop Dururum|Last Respects|p1b: Archaludon\n|-damage|p1b: Archaludon|66/100\n|-ability|p1b: Archaludon|Stamina|boost\n|-boost|p1b: Archaludon|def|1\n|move|p2b: Killer Queen|Low Kick|p1a: Maushold\n|-activate|p1a: Maushold|move: Protect\n|move|p1b: Archaludon|Electro Shot||[still]\n|-prepare|p1b: Archaludon|Electro Shot\n|-boost|p1b: Archaludon|spa|1\n|\n|-heal|p1b: Archaludon|72/100|[from] item: Leftovers\n|upkeep\n|turn|4\n|\n|t:|1776625935\n|switch|p2a: Bishow|Gardevoir, L50, F|100/100\n|-ability|p2a: Bishow|Stamina|Trace|[from] ability: Trace|[of] p1b: Archaludon\n|move|p1a: Maushold|Follow Me|p1a: Maushold\n|-singleturn|p1a: Maushold|move: Follow Me\n|move|p2b: Killer Queen|Low Kick|p1a: Maushold\n|-supereffective|p1a: Maushold|1\n|-enditem|p1a: Maushold|Chople Berry|[eat]\n|-enditem|p1a: Maushold|Chople Berry|[weaken]\n|-damage|p1a: Maushold|62/100\n|move|p1b: Archaludon|Electro Shot|p2a: Bishow|[from] lockedmove\n|-damage|p2a: Bishow|27/100\n|-ability|p2a: Bishow|Stamina|boost\n|-boost|p2a: Bishow|def|1\n|\n|-heal|p1b: Archaludon|78/100|[from] item: Leftovers\n|upkeep\n|turn|5\n|\n|t:|1776625954\n|detailschange|p2a: Bishow|Gardevoir-Mega, L50, F\n|-mega|p2a: Bishow|Gardevoir|Gardevoirite\n|move|p1a: Maushold|Protect|p1a: Maushold\n|-singleturn|p1a: Maushold|Protect\n|move|p2a: Bishow|Hyper Voice|p1a: Maushold|[spread] p1b\n|-activate|p1a: Maushold|move: Protect\n|-damage|p1b: Archaludon|39/100\n|-ability|p1b: Archaludon|Stamina|boost\n|-boost|p1b: Archaludon|def|1\n|move|p2b: Killer Queen|Low Kick|p1b: Archaludon\n|-supereffective|p1b: Archaludon|1\n|-damage|p1b: Archaludon|27/100\n|-ability|p1b: Archaludon|Stamina|boost\n|-boost|p1b: Archaludon|def|1\n|move|p1b: Archaludon|Flash Cannon|p2a: Bishow\n|-supereffective|p2a: Bishow|1\n|-damage|p2a: Bishow|0 fnt\n|faint|p2a: Bishow\n|\n|-heal|p1b: Archaludon|33/100|[from] item: Leftovers\n|upkeep\n|\n|t:|1776625967\n|switch|p2a: Dop Dururum|Basculegion, L50, M|100/100\n|turn|6\n|-message|1#MiraidonHater forfeited.\n|\n|win|Sic-beatz\n",
  "uploadtime": 1776625823,
  "views": 6,
  "formatid": "gen9championsvgc2026regma",
  "rating": null,
  "private": 0,
  "password": null
}