{
  "id": "gen9championsvgc2026regma-2585363700",
  "format": "[Gen 9 Champions] VGC 2026 Reg M-A",
  "players": [
    "Afr1995",
    "BakedPotateo"
  ],
  "log": "|j|\u2606Afr1995\n|j|\u2606BakedPotateo\n|t:|1776341526\n|gametype|doubles\n|player|p1|Afr1995|1|1040\n|player|p2|BakedPotateo|266|1069\n|gen|9\n|tier|[Gen 9 Champions] VGC 2026 Reg M-A\n|rated|\n|rule|Species Clause: Limit one of each Pok\u00e9mon\n|rule|Item Clause: Limit 1 of each item\n|clearpoke\n|poke|p1|Sneasler, L50, F|\n|poke|p1|Golurk, L50|\n|poke|p1|Incineroar, L50, M|\n|poke|p1|Milotic, L50, M|\n|poke|p1|Farigiraf, L50, M|\n|poke|p1|Garganacl, L50, F|\n|poke|p2|Hatterene, L50, F|\n|poke|p2|Oranguru, L50, M|\n|poke|p2|Golurk, L50|\n|poke|p2|Clefable, L50, F|\n|poke|p2|Hydreigon, L50, M|\n|poke|p2|Torkoal, L50, M|\n|teampreview|4\n|\n|t:|1776341564\n|teamsize|p1|4\n|teamsize|p2|4\n|start\n|switch|p1a: Sneasler|Sneasler, L50, F|100/100\n|switch|p1b: Garganacl|Garganacl, L50, F|100/100\n|switch|p2a: Hydreigon|Hydreigon, L50, M|100/100\n|switch|p2b: Golurk|Golurk, L50, shiny|100/100\n|turn|1\n|inactive|Battle timer is ON: inactive players will automatically lose when time's up. (requested by Afr1995)\n|\n|t:|1776341585\n|switch|p1b: Incineroar|Incineroar, L50, M|100/100\n|-ability|p1b: Incineroar|Intimidate|boost\n|-unboost|p2a: Hydreigon|atk|1\n|-unboost|p2b: Golurk|atk|1\n|detailschange|p2b: Golurk|Golurk-Mega, L50, shiny\n|-mega|p2b: Golurk|Golurk|Golurkite\n|move|p1a: Sneasler|Fake Out|p2a: Hydreigon\n|-damage|p2a: Hydreigon|83/100\n|cant|p2a: Hydreigon|flinch\n|move|p2b: Golurk|Headlong Rush|p1a: Sneasler\n|-supereffective|p1a: Sneasler|1\n|-enditem|p1a: Sneasler|Focus Sash\n|-damage|p1a: Sneasler|1/100\n|-unboost|p2b: Golurk|def|1\n|-unboost|p2b: Golurk|spd|1\n|\n|upkeep\n|turn|2\n|inactive|BakedPotateo has 30 seconds left.\n|\n|t:|1776341612\n|switch|p2b: Clefable|Clefable, L50, F|100/100\n|move|p1b: Incineroar|Fake Out|p2a: Hydreigon\n|-damage|p2a: Hydreigon|66/100\n|move|p1a: Sneasler|Acrobatics|p2b: Clefable\n|-damage|p2b: Clefable|54/100\n|cant|p2a: Hydreigon|flinch\n|\n|upkeep\n|turn|3\n|\n|t:|1776341629\n|move|p1a: Sneasler|Dire Claw|p2b: Clefable\n|-supereffective|p2b: Clefable|1\n|-damage|p2b: Clefable|0 fnt\n|faint|p2b: Clefable\n|move|p2a: Hydreigon|Tri Attack|p1a: Sneasler\n|-damage|p1a: Sneasler|0 fnt\n|faint|p1a: Sneasler\n|move|p1b: Incineroar|Parting Shot|p2a: Hydreigon\n|-unboost|p2a: Hydreigon|atk|1\n|-unboost|p2a: Hydreigon|spa|1\n|\n|t:|1776341640\n|switch|p1b: Milotic|Milotic, L50, M|100/100|[from] Parting Shot\n|\n|upkeep\n|\n|t:|1776341649\n|switch|p1a: Garganacl|Garganacl, L50, F|100/100\n|switch|p2b: Golurk|Golurk-Mega, L50, shiny|100/100\n|turn|4\n|\n|t:|1776341661\n|switch|p2a: Oranguru|Oranguru, L50, M|100/100\n|switch|p1a: Incineroar|Incineroar, L50, M|100/100\n|-ability|p1a: Incineroar|Intimidate|boost\n|-fail|p2a: Oranguru|unboost|Attack|[from] ability: Inner Focus|[of] p2a: Oranguru\n|-unboost|p2b: Golurk|atk|1\n|move|p2b: Golurk|Protect|p2b: Golurk\n|-singleturn|p2b: Golurk|Protect\n|move|p1b: Milotic|Scald|p2b: Golurk\n|-activate|p2b: Golurk|move: Protect\n|\n|upkeep\n|turn|5\n|\n|t:|1776341678\n|move|p1a: Incineroar|Fake Out|p2a: Oranguru\n|-damage|p2a: Oranguru|87/100\n|move|p1b: Milotic|Scald|p2b: Golurk\n|-supereffective|p2b: Golurk|1\n|-damage|p2b: Golurk|30/100\n|move|p2b: Golurk|Headlong Rush|p1a: Incineroar\n|-supereffective|p1a: Incineroar|1\n|-damage|p1a: Incineroar|0 fnt\n|-unboost|p2b: Golurk|def|1\n|-unboost|p2b: Golurk|spd|1\n|faint|p1a: Incineroar\n|move|p2a: Oranguru|Trick Room|p2a: Oranguru\n|-fieldstart|move: Trick Room|[of] p2a: Oranguru\n|\n|upkeep\n|\n|t:|1776341690\n|switch|p1a: Garganacl|Garganacl, L50, F|100/100\n|turn|6\n|inactive|Afr1995 has 30 seconds left.\n|\n|t:|1776341721\n|move|p1a: Garganacl|Iron Defense|p1a: Garganacl\n|-boost|p1a: Garganacl|def|2\n|move|p2b: Golurk|Headlong Rush|p1b: Milotic\n|-damage|p1b: Milotic|42/100\n|-unboost|p2b: Golurk|def|1\n|-unboost|p2b: Golurk|spd|1\n|-enditem|p1b: Milotic|Sitrus Berry|[eat]\n|-heal|p1b: Milotic|66/100|[from] item: Sitrus Berry\n|move|p2a: Oranguru|Instruct|p2b: Golurk\n|-singleturn|p2b: Golurk|move: Instruct|[of] p2a: Oranguru\n|move|p2b: Golurk|Headlong Rush|p1b: Milotic\n|-damage|p1b: Milotic|1/100\n|-unboost|p2b: Golurk|def|1\n|-unboost|p2b: Golurk|spd|1\n|move|p1b: Milotic|Scald|p2b: Golurk\n|-supereffective|p2b: Golurk|1\n|-damage|p2b: Golurk|0 fnt\n|faint|p2b: Golurk\n|\n|upkeep\n|\n|t:|1776341727\n|switch|p2b: Hydreigon|Hydreigon, L50, M|66/100\n|turn|7\n|\n|t:|1776341747\n|move|p1a: Garganacl|Body Press|p2b: Hydreigon\n|-supereffective|p2b: Hydreigon|1\n|-damage|p2b: Hydreigon|0 fnt\n|faint|p2b: Hydreigon\n|move|p2a: Oranguru|Psychic|p1b: Milotic\n|-damage|p1b: Milotic|0 fnt\n|faint|p1b: Milotic\n|\n|upkeep\n|turn|8\n|\n|t:|1776341757\n|move|p1a: Garganacl|Salt Cure|p2a: Oranguru\n|-damage|p2a: Oranguru|74/100\n|-start|p2a: Oranguru|Salt Cure\n|move|p2a: Oranguru|Psychic|p1a: Garganacl\n|-damage|p1a: Garganacl|78/100\n|\n|-heal|p1a: Garganacl|84/100|[from] item: Leftovers\n|-damage|p2a: Oranguru|68/100|[from] Salt Cure\n|upkeep\n|turn|9\n|-message|BakedPotateo forfeited.\n|\n|win|Afr1995\n|raw|Afr1995's rating: 1040 &rarr; <strong>1077</strong><br />(+37 for winning)\n|raw|BakedPotateo's rating: 1069 &rarr; <strong>1047</strong><br />(-22 for losing)\n|l|\u2606BakedPotateo\n|player|p2|\n",
  "uploadtime": 1776341769,
  "views": 23,
  "formatid": "gen9championsvgc2026regma",
  "rating": 1047,
  "private": 0,
  "password": null
}