{
  "id": "gen9championsvgc2026regma-2580994778",
  "format": "[Gen 9 Champions] VGC 2026 Reg M-A",
  "players": [
    "Morrocan AXL BLAZE",
    "aquadatoca"
  ],
  "log": "|j|\u2606Morrocan AXL BLAZE\n|j|\u2606aquadatoca\n|t:|1775949982\n|gametype|doubles\n|player|p1|Morrocan AXL BLAZE|nate|1045\n|player|p2|aquadatoca|170|1065\n|gen|9\n|tier|[Gen 9 Champions] VGC 2026 Reg M-A\n|rated|\n|rule|Species Clause: Limit one of each Pok\u00e9mon\n|rule|Item Clause: Limit 1 of each item\n|clearpoke\n|poke|p1|Aggron, L50, F|\n|poke|p1|Floette-Eternal, L50, F|\n|poke|p1|Incineroar, L50, M|\n|poke|p1|Sinistcha-Masterpiece, L50|\n|poke|p1|Palafin, L50, M|\n|poke|p1|Whimsicott, L50, F|\n|poke|p2|Meowscarada, L50, F|\n|poke|p2|Toxapex, L50, M|\n|poke|p2|Delphox, L50, M|\n|poke|p2|Sableye, L50, M|\n|poke|p2|Dragapult, L50, F|\n|poke|p2|Kangaskhan, L50, F|\n|teampreview|4\nMorrocan AXL BLAZE has agreed to open team sheets.\n|\n|t:|1775950001\n|teamsize|p1|4\n|teamsize|p2|4\n|start\n|switch|p1a: Floette|Floette-Eternal, L50, F|100/100\n|switch|p1b: Incineroar|Incineroar, L50, M|100/100\n|switch|p2a: Kangaskhan|Kangaskhan, L50, F|100/100\n|switch|p2b: Toxapex|Toxapex, L50, M, shiny|100/100\n|-ability|p1b: Incineroar|Intimidate|boost\n|-fail|p2a: Kangaskhan|unboost|Attack|[from] ability: Scrappy|[of] p2a: Kangaskhan\n|-unboost|p2b: Toxapex|atk|1\n|turn|1\n|\n|t:|1775950015\n|detailschange|p2a: Kangaskhan|Kangaskhan-Mega, L50, F\n|-mega|p2a: Kangaskhan|Kangaskhan|Kangaskhanite\n|move|p1a: Floette|Protect|p1a: Floette\n|-singleturn|p1a: Floette|Protect\n|move|p2b: Toxapex|Baneful Bunker|p2b: Toxapex\n|-singleturn|p2b: Toxapex|move: Protect\n|move|p2a: Kangaskhan|Earthquake|p1a: Floette|[spread] p1b\n|-activate|p2b: Toxapex|move: Protect\n|-activate|p1a: Floette|move: Protect\n|-supereffective|p1b: Incineroar|1\n|-damage|p1b: Incineroar|50/100\n|move|p1b: Incineroar|Parting Shot|p2a: Kangaskhan\n|-unboost|p2a: Kangaskhan|atk|1\n|-unboost|p2a: Kangaskhan|spa|1\n|\n|t:|1775950019\n|switch|p1b: Sinistcha|Sinistcha-Masterpiece, L50|100/100|[from] Parting Shot\n|\n|upkeep\n|turn|2\n|\n|t:|1775950037\n|detailschange|p1a: Floette|Floette-Mega, L50, F\n|-mega|p1a: Floette|Floette|Floettite\n|-ability|p1a: Floette|Fairy Aura\n|move|p1b: Sinistcha|Rage Powder|p1b: Sinistcha\n|-singleturn|p1b: Sinistcha|move: Rage Powder\n|move|p2a: Kangaskhan|Sucker Punch||[still]\n|-fail|p2a: Kangaskhan\n|move|p1a: Floette|Calm Mind|p1a: Floette\n|-boost|p1a: Floette|spa|1\n|-boost|p1a: Floette|spd|1\n|move|p2b: Toxapex|Poison Jab|p1b: Sinistcha\n|-crit|p1b: Sinistcha\n|-damage|p1b: Sinistcha|72/100\n|\n|upkeep\n|turn|3\n|\n|t:|1775950051\n|move|p1b: Sinistcha|Rage Powder|p1b: Sinistcha\n|-singleturn|p1b: Sinistcha|move: Rage Powder\n|move|p1a: Floette|Calm Mind|p1a: Floette\n|-boost|p1a: Floette|spa|1\n|-boost|p1a: Floette|spd|1\n|move|p2a: Kangaskhan|Ice Punch|p1b: Sinistcha\n|-supereffective|p1b: Sinistcha|1\n|-damage|p1b: Sinistcha|38/100\n|-enditem|p1b: Sinistcha|Sitrus Berry|[eat]\n|-heal|p1b: Sinistcha|63/100|[from] item: Sitrus Berry\n|-supereffective|p1b: Sinistcha|1\n|-damage|p1b: Sinistcha|55/100\n|-hitcount|p1b: Sinistcha|2\n|move|p2b: Toxapex|Toxic Spikes|p1b: Sinistcha\n|-sidestart|p1: Morrocan AXL BLAZE|move: Toxic Spikes\n|\n|upkeep\n|turn|4\n|\n|t:|1775950071\n|move|p2a: Kangaskhan|Protect|p2a: Kangaskhan\n|-singleturn|p2a: Kangaskhan|Protect\n|move|p1b: Sinistcha|Rage Powder|p1b: Sinistcha\n|-singleturn|p1b: Sinistcha|move: Rage Powder\n|move|p1a: Floette|Dazzling Gleam|p2a: Kangaskhan|[spread] p2b\n|-activate|p2a: Kangaskhan|move: Protect\n|-resisted|p2b: Toxapex|1\n|-damage|p2b: Toxapex|67/100\n|move|p2b: Toxapex|Poison Jab|p1b: Sinistcha\n|-damage|p1b: Sinistcha|42/100\n|-status|p1b: Sinistcha|psn\n|\n|-damage|p1b: Sinistcha|29/100 psn|[from] psn\n|upkeep\n|turn|5\n|\n|t:|1775950092\n|switch|p1b: Incineroar|Incineroar, L50, M|50/100\n|-status|p1b: Incineroar|psn\n|-ability|p1b: Incineroar|Intimidate|boost\n|-unboost|p2a: Kangaskhan|atk|1\n|-unboost|p2b: Toxapex|atk|1\n|move|p2a: Kangaskhan|Sucker Punch||[still]\n|-fail|p2a: Kangaskhan\n|move|p1a: Floette|Dazzling Gleam|p2a: Kangaskhan|[spread] p2a,p2b\n|-resisted|p2b: Toxapex|1\n|-damage|p2a: Kangaskhan|20/100\n|-damage|p2b: Toxapex|28/100\n|-enditem|p2b: Toxapex|Sitrus Berry|[eat]\n|-heal|p2b: Toxapex|53/100|[from] item: Sitrus Berry\n|move|p2b: Toxapex|Poison Jab|p1a: Floette\n|-supereffective|p1a: Floette|1\n|-damage|p1a: Floette|78/100\n|\n|-heal|p1b: Incineroar|57/100 psn|[from] item: Leftovers\n|-damage|p1b: Incineroar|44/100 psn|[from] psn\n|upkeep\n|turn|6\n|\n|t:|1775950114\n|move|p2a: Kangaskhan|Protect|p2a: Kangaskhan\n|-singleturn|p2a: Kangaskhan|Protect\n|move|p2b: Toxapex|Baneful Bunker|p2b: Toxapex\n|-singleturn|p2b: Toxapex|move: Protect\n|move|p1a: Floette|Dazzling Gleam|p2b: Toxapex|[spread] \n|-activate|p2a: Kangaskhan|move: Protect\n|-activate|p2b: Toxapex|move: Protect\n|move|p1b: Incineroar|Darkest Lariat|p2b: Toxapex\n|-activate|p2b: Toxapex|move: Protect\n|\n|-heal|p1b: Incineroar|50/100 psn|[from] item: Leftovers\n|-damage|p1b: Incineroar|38/100 psn|[from] psn\n|upkeep\n|turn|7\n|inactive|Battle timer is ON: inactive players will automatically lose when time's up. (requested by Morrocan AXL BLAZE)\n|\n|t:|1775950136\n|switch|p2a: Meowscarada|Meowscarada, L50, F|100/100\n|move|p1a: Floette|Dazzling Gleam|p2b: Toxapex|[spread] p2a,p2b\n|-supereffective|p2a: Meowscarada|1\n|-resisted|p2b: Toxapex|1\n|-damage|p2a: Meowscarada|0 fnt\n|-damage|p2b: Toxapex|16/100\n|faint|p2a: Meowscarada\n|move|p1b: Incineroar|Darkest Lariat|p2b: Toxapex\n|-damage|p2b: Toxapex|0 fnt\n|faint|p2b: Toxapex\n|\n|-heal|p1b: Incineroar|44/100 psn|[from] item: Leftovers\n|-damage|p1b: Incineroar|32/100 psn|[from] psn\n|upkeep\n|\n|t:|1775950148\n|switch|p2a: Delphox|Delphox, L50, M|100/100\n|switch|p2b: Kangaskhan|Kangaskhan-Mega, L50, F|20/100\n|turn|8\n|\n|t:|1775950166\n|switch|p1b: Sinistcha|Sinistcha-Masterpiece, L50|29/100 psn\n|-heal|p1a: Floette|100/100|[from] ability: Hospitality|[of] p1b: Sinistcha\n|move|p1a: Floette|Protect|p1a: Floette\n|-singleturn|p1a: Floette|Protect\n|move|p2b: Kangaskhan|Protect|p2b: Kangaskhan\n|-singleturn|p2b: Kangaskhan|Protect\n|move|p2a: Delphox|Dazzling Gleam|p1a: Floette|[spread] p1b\n|-activate|p1a: Floette|move: Protect\n|-damage|p1b: Sinistcha|7/100 psn\n|\n|-damage|p1b: Sinistcha|0 fnt|[from] psn\n|faint|p1b: Sinistcha\n|upkeep\n|\n|t:|1775950172\n|switch|p1b: Whimsicott|Whimsicott, L50, F|100/100\n|-status|p1b: Whimsicott|psn\n|turn|9\n|\n|t:|1775950187\n|move|p1b: Whimsicott|Tailwind|p1b: Whimsicott\n|-sidestart|p1: Morrocan AXL BLAZE|move: Tailwind\n|move|p1a: Floette|Dazzling Gleam|p2b: Kangaskhan|[spread] p2a,p2b\n|-resisted|p2a: Delphox|1\n|-crit|p2a: Delphox\n|-damage|p2a: Delphox|46/100\n|-damage|p2b: Kangaskhan|0 fnt\n|faint|p2b: Kangaskhan\n|move|p2a: Delphox|Heat Wave|p1b: Whimsicott|[spread] p1a,p1b\n|-supereffective|p1b: Whimsicott|1\n|-damage|p1a: Floette|89/100\n|-enditem|p1b: Whimsicott|Focus Sash\n|-damage|p1b: Whimsicott|1/100 psn\n|\n|-damage|p1b: Whimsicott|0 fnt|[from] psn\n|faint|p1b: Whimsicott\n|upkeep\n|\n|t:|1775950191\n|switch|p1b: Incineroar|Incineroar, L50, M|32/100 psn\n|-ability|p1b: Incineroar|Intimidate|boost\n|-unboost|p2a: Delphox|atk|1\n|turn|10\n|\n|t:|1775950203\n|move|p1a: Floette|Moonblast|p2a: Delphox\n|-resisted|p2a: Delphox|1\n|-damage|p2a: Delphox|0 fnt\n|faint|p2a: Delphox\n|\n|win|Morrocan AXL BLAZE\n|raw|Morrocan AXL BLAZE's rating: 1045 &rarr; <strong>1080</strong><br />(+35 for winning)\n|raw|aquadatoca's rating: 1065 &rarr; <strong>1044</strong><br />(-21 for losing)\n|l|\u2606aquadatoca\n|player|p2|\n",
  "uploadtime": 1775950203,
  "views": 12,
  "formatid": "gen9championsvgc2026regma",
  "rating": 1044,
  "private": 0,
  "password": null
}