{
  "id": "gen9championsvgc2026regma-2580779854",
  "format": "[Gen 9 Champions] VGC 2026 Reg M-A",
  "players": [
    "maxirp_64",
    "atfalse"
  ],
  "log": "|j|\u2606maxirp_64\n|j|\u2606atfalse\n|t:|1775931851\n|gametype|doubles\n|player|p1|maxirp_64|hilbert|1200\n|player|p2|atfalse|shadowtriad|1237\n|gen|9\n|tier|[Gen 9 Champions] VGC 2026 Reg M-A\n|rated|\n|rule|Species Clause: Limit one of each Pok\u00e9mon\n|rule|Item Clause: Limit 1 of each item\n|clearpoke\n|poke|p1|Charizard, L50, F|\n|poke|p1|Sneasler, L50, M|\n|poke|p1|Incineroar, L50, M|\n|poke|p1|Torkoal, L50, F|\n|poke|p1|Zoroark-Hisui, L50, M|\n|poke|p1|Venusaur, L50, M|\n|poke|p2|Maushold, L50|\n|poke|p2|Garchomp, L50, F|\n|poke|p2|Rotom-Wash, L50|\n|poke|p2|Floette-Eternal, L50, F|\n|poke|p2|Talonflame, L50, M|\n|poke|p2|Aegislash, L50, M|\n|teampreview|4\n|\n|t:|1775931896\n|teamsize|p1|4\n|teamsize|p2|4\n|start\n|switch|p1a: Charizard|Charizard, L50, F|100/100\n|switch|p1b: Venusaur|Venusaur, L50, M|100/100\n|switch|p2a: Garchomp|Garchomp, L50, F|100/100\n|switch|p2b: Talonflame|Talonflame, L50, M|100/100\n|turn|1\n|inactive|Battle timer is ON: inactive players will automatically lose when time's up. (requested by maxirp_64)\n|\n|t:|1775931945\n|switch|p1a: Incineroar|Incineroar, L50, M|100/100\n|-ability|p1a: Incineroar|Intimidate|boost\n|-unboost|p2a: Garchomp|atk|1\n|-unboost|p2b: Talonflame|atk|1\n|move|p2b: Talonflame|Tailwind|p2b: Talonflame\n|-sidestart|p2: atfalse|move: Tailwind\n|move|p2a: Garchomp|Stone Edge|p1a: Incineroar\n|-supereffective|p1a: Incineroar|1\n|-crit|p1a: Incineroar\n|-damage|p1a: Incineroar|4/100\n|-enditem|p1a: Incineroar|Sitrus Berry|[eat]\n|-heal|p1a: Incineroar|29/100|[from] item: Sitrus Berry\n|move|p1b: Venusaur|Energy Ball|p2a: Garchomp\n|-damage|p2a: Garchomp|55/100\n|\n|upkeep\n|turn|2\n|inactive|maxirp_64 has 30 seconds left.\n|inactive|atfalse has 30 seconds left.\n|\n|t:|1775931976\n|move|p2b: Talonflame|Protect|p2b: Talonflame\n|-singleturn|p2b: Talonflame|Protect\n|move|p2a: Garchomp|Protect|p2a: Garchomp\n|-singleturn|p2a: Garchomp|Protect\n|move|p1a: Incineroar|Fake Out|p2b: Talonflame\n|-activate|p2b: Talonflame|move: Protect\n|move|p1b: Venusaur|Sludge Bomb|p2b: Talonflame\n|-activate|p2b: Talonflame|move: Protect\n|\n|upkeep\n|turn|3\n|\n|t:|1775931999\n|move|p2b: Talonflame|Acrobatics|p1b: Venusaur\n|-supereffective|p1b: Venusaur|1\n|-damage|p1b: Venusaur|30/100\n|move|p2a: Garchomp|Earthquake|p1b: Venusaur|[spread] p1a,p1b\n|-immune|p2b: Talonflame\n|-supereffective|p1a: Incineroar|1\n|-damage|p1a: Incineroar|0 fnt\n|-damage|p1b: Venusaur|0 fnt\n|faint|p1a: Incineroar\n|faint|p1b: Venusaur\n|\n|upkeep\n|\n|t:|1775932006\n|switch|p1b: Charizard|Charizard, L50, F|100/100\n|switch|p1a: Charizard|Charizard, L50, F|100/100\n|turn|4\n|inactive|atfalse has 30 seconds left.\n|inactive|atfalse has 20 seconds left.\n|inactive|atfalse has 15 seconds left.\n|\n|t:|1775932048\n|detailschange|p1a: Charizard|Charizard-Mega-Y, L50, F\n|-mega|p1a: Charizard|Charizard|Charizardite Y\n|-weather|SunnyDay|[from] ability: Drought|[of] p1a: Charizard\n|move|p2b: Talonflame|Protect|p2b: Talonflame\n|-singleturn|p2b: Talonflame|Protect\n|move|p2a: Garchomp|Stone Edge|p1b: Charizard\n|-damage|p1b: Charizard|53/100\n|replace|p1b: Zoroark|Zoroark-Hisui, L50, M\n|-end|p1b: Zoroark|Illusion\n|move|p1b: Zoroark|Hyper Voice|p2a: Garchomp|[spread] p2a\n|-activate|p2b: Talonflame|move: Protect\n|-damage|p2a: Garchomp|15/100\n|move|p1a: Charizard|Heat Wave|p2a: Garchomp|[spread] p2a\n|-activate|p2b: Talonflame|move: Protect\n|-resisted|p2a: Garchomp|1\n|-damage|p2a: Garchomp|0 fnt\n|faint|p2a: Garchomp\n|\n|-weather|SunnyDay|[upkeep]\n|-sideend|p2: atfalse|move: Tailwind\n|upkeep\n|\n|t:|1775932070\n|switch|p2a: Maushold|Maushold, L50|100/100\n|turn|5\n|\n|t:|1775932083\n|move|p1b: Zoroark|Protect|p1b: Zoroark\n|-singleturn|p1b: Zoroark|Protect\n|move|p2b: Talonflame|Tailwind|p2b: Talonflame\n|-sidestart|p2: atfalse|move: Tailwind\n|move|p2a: Maushold|Super Fang|p1a: Charizard\n|-damage|p1a: Charizard|51/100\n|move|p1a: Charizard|Heat Wave|p2b: Talonflame|[spread] p2a,p2b\n|-resisted|p2b: Talonflame|1\n|-damage|p2a: Maushold|18/100\n|-damage|p2b: Talonflame|66/100\n|\n|-weather|SunnyDay|[upkeep]\n|upkeep\n|turn|6\n|\n|t:|1775932104\n|move|p2b: Talonflame|Acrobatics|p1a: Charizard\n|-damage|p1a: Charizard|11/100\n|move|p2a: Maushold|Super Fang|p1a: Charizard\n|-damage|p1a: Charizard|6/100\n|move|p1b: Zoroark|Hyper Voice|p2b: Talonflame|[spread] p2a,p2b\n|-damage|p2a: Maushold|0 fnt\n|-damage|p2b: Talonflame|24/100\n|faint|p2a: Maushold\n|move|p1a: Charizard|Heat Wave|p2b: Talonflame\n|-resisted|p2b: Talonflame|1\n|-damage|p2b: Talonflame|0 fnt\n|faint|p2b: Talonflame\n|\n|-weather|SunnyDay|[upkeep]\n|upkeep\n|\n|t:|1775932108\n|switch|p2b: Floette|Floette-Eternal, L50, F|100/100\n|turn|7\n|\n|t:|1775932117\n|detailschange|p2b: Floette|Floette-Mega, L50, F\n|-mega|p2b: Floette|Floette|Floettite\n|-ability|p2b: Floette|Fairy Aura\n|move|p1b: Zoroark|Protect|p1b: Zoroark\n|-singleturn|p1b: Zoroark|Protect\n|move|p1a: Charizard|Protect|p1a: Charizard\n|-singleturn|p1a: Charizard|Protect\n|move|p2b: Floette|Dazzling Gleam|p1b: Zoroark|[spread] \n|-activate|p1a: Charizard|move: Protect\n|-activate|p1b: Zoroark|move: Protect\n|\n|-weather|SunnyDay|[upkeep]\n|upkeep\n|turn|8\n|inactive|atfalse has 30 seconds left.\n|\n|t:|1775932148\n|move|p2b: Floette|Dazzling Gleam|p1b: Zoroark|[spread] p1a,p1b\n|-resisted|p1a: Charizard|1\n|-damage|p1a: Charizard|0 fnt\n|-damage|p1b: Zoroark|0 fnt\n|faint|p1a: Charizard\n|faint|p1b: Zoroark\n|\n|win|atfalse\n|raw|maxirp_64's rating: 1200 &rarr; <strong>1178</strong><br />(-22 for losing)\n|raw|atfalse's rating: 1237 &rarr; <strong>1259</strong><br />(+22 for winning)\n|l|\u2606maxirp_64\n|player|p1|\n|l|\u2606atfalse\n|player|p2|\n",
  "uploadtime": 1775932154,
  "views": 51,
  "formatid": "gen9championsvgc2026regma",
  "rating": 1178,
  "private": 0,
  "password": null
}