{
  "id": "gen9championsvgc2026regma-2581190361",
  "format": "[Gen 9 Champions] VGC 2026 Reg M-A",
  "players": [
    "lolgz",
    "Collingd0"
  ],
  "log": "|j|\u2606lolgz\n|j|\u2606Collingd0\n|t:|1775968911\n|gametype|doubles\n|player|p1|lolgz|170|\n|player|p2|Collingd0|supernerd|\n|gen|9\n|tier|[Gen 9 Champions] VGC 2026 Reg M-A\n|rated|Tournament battle\n|rule|Species Clause: Limit one of each Pok\u00e9mon\n|rule|Item Clause: Limit 1 of each item\n|clearpoke\n|poke|p1|Charizard, L50, M|\n|poke|p1|Whimsicott, L50, M|\n|poke|p1|Basculegion, L50, M|\n|poke|p1|Venusaur, L50, M|\n|poke|p1|Sneasler, L50, M|\n|poke|p1|Floette-Eternal, L50, F|\n|poke|p2|Floette-Eternal, L50, F|\n|poke|p2|Gallade, L50, M|\n|poke|p2|Serperior, L50, M|\n|poke|p2|Primarina, L50, M|\n|poke|p2|Incineroar, L50, M|\n|poke|p2|Basculegion, L50, M|\n|teampreview|4\n|\n|t:|1775968927\n|teamsize|p1|4\n|teamsize|p2|4\n|start\n|switch|p1a: Charizard|Charizard, L50, M|100/100\n|switch|p1b: Venusaur|Venusaur, L50, M|100/100\n|switch|p2a: (^_^)|Floette-Eternal, L50, F|100/100\n|switch|p2b: Gall Hall|Gallade, L50, M|100/100\n|turn|1\n|\n|t:|1775968951\n|detailschange|p1a: Charizard|Charizard-Mega-Y, L50, M\n|-mega|p1a: Charizard|Charizard|Charizardite Y\n|-weather|SunnyDay|[from] ability: Drought|[of] p1a: Charizard\n|detailschange|p2a: (^_^)|Floette-Mega, L50, F\n|-mega|p2a: (^_^)|Floette|Floettite\n|-ability|p2a: (^_^)|Fairy Aura\n|move|p2a: (^_^)|Protect|p2a: (^_^)\n|-singleturn|p2a: (^_^)|Protect\n|move|p1b: Venusaur|Sleep Powder|p2a: (^_^)\n|-activate|p2a: (^_^)|move: Protect\n|move|p1a: Charizard|Heat Wave|p2a: (^_^)|[spread] p2b\n|-activate|p2a: (^_^)|move: Protect\n|-damage|p2b: Gall Hall|23/100\n|move|p2b: Gall Hall|Psycho Cut|p1b: Venusaur\n|-supereffective|p1b: Venusaur|1\n|-damage|p1b: Venusaur|0 fnt\n|faint|p1b: Venusaur\n|\n|-weather|SunnyDay|[upkeep]\n|upkeep\n|\n|t:|1775968972\n|switch|p1b: Sneasler|Sneasler, L50, M|100/100\n|turn|2\n|\n|t:|1775968983\n|move|p2b: Gall Hall|Wide Guard|p2b: Gall Hall\n|-singleturn|p2b: Gall Hall|Wide Guard\n|move|p1b: Sneasler|Dire Claw|p2a: (^_^)\n|-supereffective|p2a: (^_^)|1\n|-damage|p2a: (^_^)|0 fnt\n|faint|p2a: (^_^)\n|move|p1a: Charizard|Heat Wave|p2b: Gall Hall\n|-activate|p2b: Gall Hall|move: Wide Guard\n|\n|-weather|SunnyDay|[upkeep]\n|upkeep\n|\n|t:|1775968995\n|switch|p2a: Curly Wall|Serperior, L50, M|100/100\n|turn|3\n|\n|t:|1775969005\n|move|p2b: Gall Hall|Wide Guard|p2b: Gall Hall\n|-singleturn|p2b: Gall Hall|Wide Guard\n|move|p1b: Sneasler|Dire Claw|p2a: Curly Wall\n|-supereffective|p2a: Curly Wall|1\n|-damage|p2a: Curly Wall|12/100\n|move|p1a: Charizard|Weather Ball|p2b: Gall Hall\n|-damage|p2b: Gall Hall|0 fnt\n|faint|p2b: Gall Hall\n|move|p2a: Curly Wall|Leaf Storm|p1b: Sneasler\n|-resisted|p1b: Sneasler|1\n|-damage|p1b: Sneasler|76/100\n|-boost|p2a: Curly Wall|spa|2\n|\n|-weather|SunnyDay|[upkeep]\n|upkeep\n|\n|t:|1775969022\n|switch|p2b: Insurance Policy|Basculegion, L50, M|100/100\n|turn|4\n|\n|t:|1775969032\n|move|p1a: Charizard|Protect|p1a: Charizard\n|-singleturn|p1a: Charizard|Protect\n|move|p2b: Insurance Policy|Protect|p2b: Insurance Policy\n|-singleturn|p2b: Insurance Policy|Protect\n|move|p1b: Sneasler|Throat Chop|p2b: Insurance Policy\n|-activate|p2b: Insurance Policy|move: Protect\n|move|p2a: Curly Wall|Leaf Storm|p1a: Charizard\n|-activate|p1a: Charizard|move: Protect\n|\n|-weather|SunnyDay|[upkeep]\n|upkeep\n|turn|5\n|\n|t:|1775969051\n|move|p1b: Sneasler|Dire Claw|p2a: Curly Wall\n|-supereffective|p2a: Curly Wall|1\n|-damage|p2a: Curly Wall|0 fnt\n|faint|p2a: Curly Wall\n|move|p1a: Charizard|Solar Beam||[still]\n|-prepare|p1a: Charizard|Solar Beam\n|-anim|p1a: Charizard|Solar Beam|p2b: Insurance Policy\n|-supereffective|p2b: Insurance Policy|1\n|-crit|p2b: Insurance Policy\n|-damage|p2b: Insurance Policy|0 fnt\n|faint|p2b: Insurance Policy\n|\n|win|lolgz\n|n|\u2606lolgz|lolgz\n|n|\u2606Collingd0|collingd0\n",
  "uploadtime": 1775969051,
  "views": 16,
  "formatid": "gen9championsvgc2026regma",
  "rating": null,
  "private": 0,
  "password": null
}