{
  "id": "gen9championsvgc2026regma-2586309253",
  "format": "[Gen 9 Champions] VGC 2026 Reg M-A",
  "players": [
    "hellohumanso",
    "chiraquanid"
  ],
  "log": "|j|\u2606hellohumanso\n|j|\u2606chiraquanid\n|t:|1776423844\n|gametype|doubles\n|player|p1|hellohumanso|miku-fire|1283\n|player|p2|chiraquanid|266|1335\n|gen|9\n|tier|[Gen 9 Champions] VGC 2026 Reg M-A\n|rated|\n|rule|Species Clause: Limit one of each Pok\u00e9mon\n|rule|Item Clause: Limit 1 of each item\n|clearpoke\n|poke|p1|Chandelure, L50, F|\n|poke|p1|Sinistcha-Masterpiece, L50|\n|poke|p1|Kingambit, L50, M|\n|poke|p1|Primarina, L50, M|\n|poke|p1|Sneasler, L50, F|\n|poke|p1|Tyranitar, L50, M|\n|poke|p2|Meowstic-F, L50, F|\n|poke|p2|Araquanid, L50, F|\n|poke|p2|Wyrdeer, L50, M|\n|poke|p2|Scovillain, L50, F|\n|poke|p2|Kommo-o, L50, F|\n|poke|p2|Aegislash, L50, M|\n|teampreview|4\n|inactive|Battle timer is ON: inactive players will automatically lose when time's up. (requested by hellohumanso)\n|inactive|chiraquanid has 60 seconds left.\n|inactive|chiraquanid has 30 seconds left.\n|inactive|chiraquanid has 20 seconds left.\n|\n|t:|1776423919\n|teamsize|p1|4\n|teamsize|p2|4\n|start\n|switch|p1a: Chandelure|Chandelure, L50, F|100/100\n|switch|p1b: Sinistcha|Sinistcha-Masterpiece, L50|100/100\n|switch|p2a: Scovillain|Scovillain, L50, F|100/100\n|switch|p2b: Wyrdeer|Wyrdeer, L50, M|100/100\n|-ability|p2b: Wyrdeer|Intimidate|boost\n|-unboost|p1a: Chandelure|atk|1\n|-unboost|p1b: Sinistcha|atk|1\n|turn|1\n|\n|t:|1776423940\n|detailschange|p1a: Chandelure|Chandelure-Mega, L50, F\n|-mega|p1a: Chandelure|Chandelure|Chandelurite\n|move|p2a: Scovillain|Protect|p2a: Scovillain\n|-singleturn|p2a: Scovillain|Protect\n|move|p1a: Chandelure|Heat Wave|p2b: Wyrdeer|[spread] p2b\n|-activate|p2a: Scovillain|move: Protect\n|-damage|p2b: Wyrdeer|49/100\n|-enditem|p2b: Wyrdeer|Sitrus Berry|[eat]\n|-heal|p2b: Wyrdeer|74/100|[from] item: Sitrus Berry\n|move|p1b: Sinistcha|Shadow Ball|p2a: Scovillain\n|-activate|p2a: Scovillain|move: Protect\n|move|p2b: Wyrdeer|Trick Room|p2b: Wyrdeer\n|-fieldstart|move: Trick Room|[of] p2b: Wyrdeer\n|\n|-ability|p2a: Scovillain|Moody|boost\n|-boost|p2a: Scovillain|spe|2\n|-unboost|p2a: Scovillain|spa|1\n|upkeep\n|turn|2\n|inactive|chiraquanid has 30 seconds left.\n|inactive|chiraquanid has 20 seconds left.\n|\n|t:|1776423980\n|switch|p2b: Araquanid|Araquanid, L50, F|100/100\n|detailschange|p2a: Scovillain|Scovillain-Mega, L50, F\n|-mega|p2a: Scovillain|Scovillain|Scovillainite\n|move|p1b: Sinistcha|Shadow Ball|p2a: Scovillain\n|-damage|p2a: Scovillain|63/100\n|-status|p1b: Sinistcha|brn|[from] ability: Spicy Spray|[of] p2a: Scovillain\n|move|p1a: Chandelure|Heat Wave|p2b: Araquanid|[spread] p2a\n|-miss|p1a: Chandelure|p2b: Araquanid\n|-damage|p2a: Scovillain|14/100\n|-immune|p1a: Chandelure\n|move|p2a: Scovillain|Flare Blitz|p1b: Sinistcha\n|-supereffective|p1b: Sinistcha|1\n|-damage|p1b: Sinistcha|0 fnt\n|faint|p1b: Sinistcha\n|-damage|p2a: Scovillain|0 fnt|[from] Recoil\n|faint|p2a: Scovillain\n|\n|upkeep\n|\n|t:|1776424001\n|switch|p2a: Wyrdeer|Wyrdeer, L50, M|74/100\n|switch|p1b: Sneasler|Sneasler, L50, F|100/100\n|-ability|p2a: Wyrdeer|Intimidate|boost\n|-unboost|p1a: Chandelure|atk|1\n|-unboost|p1b: Sneasler|atk|1\n|turn|3\n|\n|t:|1776424020\n|move|p1b: Sneasler|Fake Out|p2b: Araquanid\n|-damage|p2b: Araquanid|90/100\n|-status|p2b: Araquanid|psn|[from] ability: Poison Touch|[of] p1b: Sneasler\n|cant|p2b: Araquanid|flinch\n|move|p2a: Wyrdeer|Earth Power|p1a: Chandelure\n|-supereffective|p1a: Chandelure|1\n|-damage|p1a: Chandelure|45/100\n|move|p1a: Chandelure|Heat Wave|p2b: Araquanid|[spread] p2a,p2b\n|-damage|p2a: Wyrdeer|18/100\n|-damage|p2b: Araquanid|71/100 psn\n|\n|-heal|p2b: Araquanid|76/100 psn|[from] item: Leftovers\n|-damage|p2b: Araquanid|64/100 psn|[from] psn\n|upkeep\n|turn|4\n|\n|t:|1776424041\n|move|p1a: Chandelure|Protect|p1a: Chandelure\n|-singleturn|p1a: Chandelure|Protect\n|move|p2b: Araquanid|Liquidation|p1a: Chandelure\n|-activate|p1a: Chandelure|move: Protect\n|move|p2a: Wyrdeer|Psychic|p1b: Sneasler\n|-supereffective|p1b: Sneasler|2\n|-crit|p1b: Sneasler\n|-enditem|p1b: Sneasler|Focus Sash\n|-damage|p1b: Sneasler|1/100\n|move|p1b: Sneasler|Dire Claw|p2a: Wyrdeer\n|-damage|p2a: Wyrdeer|0 fnt\n|faint|p2a: Wyrdeer\n|\n|-heal|p2b: Araquanid|70/100 psn|[from] item: Leftovers\n|-damage|p2b: Araquanid|58/100 psn|[from] psn\n|upkeep\n|\n|t:|1776424044\n|switch|p2a: Aegislash|Aegislash, L50, M|100/100\n|turn|5\n|\n|t:|1776424071\n|move|p2b: Araquanid|Reflect|p2b: Araquanid\n|-sidestart|p2: chiraquanid|Reflect\n|-formechange|p2a: Aegislash|Aegislash-Blade|\n|move|p2a: Aegislash|Poltergeist|p1a: Chandelure\n|-activate|p1a: Chandelure|move: Poltergeist|Chandelurite\n|-supereffective|p1a: Chandelure|1\n|-damage|p1a: Chandelure|0 fnt\n|faint|p1a: Chandelure\n|move|p1b: Sneasler|Dire Claw|p2b: Araquanid\n|-damage|p2b: Araquanid|36/100 psn\n|\n|-heal|p2b: Araquanid|42/100 psn|[from] item: Leftovers\n|-damage|p2b: Araquanid|30/100 psn|[from] psn\n|-fieldend|move: Trick Room\n|upkeep\n|\n|t:|1776424084\n|switch|p1a: Tyranitar|Tyranitar, L50, M|100/100\n|-weather|Sandstorm|[from] ability: Sand Stream|[of] p1a: Tyranitar\n|turn|6\n|inactive|hellohumanso has 30 seconds left.\n|\n|t:|1776424116\n|-formechange|p2a: Aegislash|Aegislash|\n|move|p2a: Aegislash|King's Shield|p2a: Aegislash\n|-singleturn|p2a: Aegislash|Protect\n|move|p2b: Araquanid|Protect|p2b: Araquanid\n|-singleturn|p2b: Araquanid|Protect\n|move|p1b: Sneasler|Dire Claw|p2b: Araquanid\n|-activate|p2b: Araquanid|move: Protect\n|move|p1a: Tyranitar|High Horsepower|p2a: Aegislash\n|-activate|p2a: Aegislash|move: Protect\n|-unboost|p1a: Tyranitar|atk|1\n|\n|-weather|Sandstorm|[upkeep]\n|-damage|p1b: Sneasler|0 fnt|[from] Sandstorm\n|-damage|p2b: Araquanid|24/100 psn|[from] Sandstorm\n|faint|p1b: Sneasler\n|-heal|p2b: Araquanid|30/100 psn|[from] item: Leftovers\n|-damage|p2b: Araquanid|18/100 psn|[from] psn\n|upkeep\n|turn|7\n|-message|hellohumanso forfeited.\n|\n|win|chiraquanid\n|raw|hellohumanso's rating: 1283 &rarr; <strong>1262</strong><br />(-21 for losing)\n|raw|chiraquanid's rating: 1335 &rarr; <strong>1352</strong><br />(+17 for winning)\n|l|\u2606hellohumanso\n|player|p1|\n|j| AceeeVGC\n|l| AceeeVGC\n",
  "uploadtime": 1776424216,
  "views": 50,
  "formatid": "gen9championsvgc2026regma",
  "rating": 1262,
  "private": 0,
  "password": null
}