{
  "id": "gen9championsvgc2026regma-2588197477",
  "format": "[Gen 9 Champions] VGC 2026 Reg M-A",
  "players": [
    "Crispytoesss",
    "Mikitrash"
  ],
  "log": "|j|\u2606Crispytoesss\n|j|\u2606Mikitrash\n|t:|1776613569\n|gametype|doubles\n|player|p1|Crispytoesss|silver|1381\n|player|p2|Mikitrash|tourist|1381\n|gen|9\n|tier|[Gen 9 Champions] VGC 2026 Reg M-A\n|rated|\n|rule|Species Clause: Limit one of each Pok\u00e9mon\n|rule|Item Clause: Limit 1 of each item\n|clearpoke\n|poke|p1|Pidgeot, L50, M, shiny|\n|poke|p1|Farigiraf, L50, M|\n|poke|p1|Incineroar, L50, M|\n|poke|p1|Basculegion, L50, M|\n|poke|p1|Dragapult, L50, F, shiny|\n|poke|p1|Sneasler, L50, M, shiny|\n|poke|p2|Chandelure, L50, F, shiny|\n|poke|p2|Hydreigon, L50, M|\n|poke|p2|Whimsicott, L50, M|\n|poke|p2|Primarina, L50, M|\n|poke|p2|Tsareena, L50, F|\n|poke|p2|Excadrill, L50, F, shiny|\n|teampreview|4\n|\n|t:|1776613614\n|teamsize|p1|4\n|teamsize|p2|4\n|start\n|switch|p1a: Farigiraf|Farigiraf, L50, M|100/100\n|switch|p1b: Basculegion|Basculegion, L50, M|100/100\n|switch|p2a: Whimsicott|Whimsicott, L50, M|100/100\n|switch|p2b: Chandelure|Chandelure, L50, F, shiny|100/100\n|turn|1\n|inactive|Battle timer is ON: inactive players will automatically lose when time's up. (requested by Crispytoesss)\n|\n|t:|1776613642\n|detailschange|p2b: Chandelure|Chandelure-Mega, L50, F, shiny\n|-mega|p2b: Chandelure|Chandelure|Chandelurite\n|move|p2a: Whimsicott|Fake Tears||[still]\n|cant|p1a: Farigiraf|ability: Armor Tail|Fake Tears|[of] p2a: Whimsicott\n|move|p1b: Basculegion|Flip Turn|p2a: Whimsicott\n|-resisted|p2a: Whimsicott|1\n|-damage|p2a: Whimsicott|81/100\n|\n|t:|1776613655\n|switch|p1b: piss birb|Pidgeot, L50, M, shiny|100/100|[from] Flip Turn\n|move|p2b: Chandelure|Overheat|p1a: Farigiraf\n|-damage|p1a: Farigiraf|0 fnt\n|-unboost|p2b: Chandelure|spa|2\n|faint|p1a: Farigiraf\n|\n|upkeep\n|\n|t:|1776613662\n|switch|p1a: piss thing|Sneasler, L50, M, shiny|100/100\n|turn|2\n|\n|t:|1776613673\n|detailschange|p1b: piss birb|Pidgeot-Mega, L50, M, shiny\n|-mega|p1b: piss birb|Pidgeot|Pidgeotite\n|move|p1a: piss thing|Fake Out|p2a: Whimsicott\n|-damage|p2a: Whimsicott|63/100\n|cant|p2a: Whimsicott|flinch\n|move|p1b: piss birb|Hurricane|p2b: Chandelure\n|-damage|p2b: Chandelure|27/100\n|-start|p2b: Chandelure|confusion\n|-activate|p2b: Chandelure|confusion\n|move|p2b: Chandelure|Heat Wave|p1b: piss birb|[spread] p1a,p1b\n|-damage|p1a: piss thing|64/100\n|-damage|p1b: piss birb|66/100\n|\n|upkeep\n|turn|3\n|\n|t:|1776613693\n|move|p2a: Whimsicott|Tailwind|p2a: Whimsicott\n|-sidestart|p2: Mikitrash|move: Tailwind\n|-activate|p2b: Chandelure|confusion\n|-damage|p2b: Chandelure|18/100|[from] confusion\n|move|p1b: piss birb|Heat Wave|p2b: Chandelure|[spread] p2a,p2b\n|-supereffective|p2a: Whimsicott|1\n|-resisted|p2b: Chandelure|1\n|-damage|p2a: Whimsicott|0 fnt\n|-damage|p2b: Chandelure|2/100\n|faint|p2a: Whimsicott\n|move|p1a: piss thing|Dire Claw|p2b: Chandelure\n|-resisted|p2b: Chandelure|1\n|-damage|p2b: Chandelure|0 fnt\n|faint|p2b: Chandelure\n|\n|upkeep\n|\n|t:|1776613697\n|switch|p2a: Excadrill|Excadrill, L50, F, shiny|100/100\n|switch|p2b: Hydreigon|Hydreigon, L50, M|100/100\n|-ability|p2a: Excadrill|Mold Breaker\n|turn|4\n|\n|t:|1776613711\n|move|p1b: piss birb|Protect|p1b: piss birb\n|-singleturn|p1b: piss birb|Protect\n|move|p1a: piss thing|Protect|p1a: piss thing\n|-singleturn|p1a: piss thing|Protect\n|move|p2a: Excadrill|Rock Slide|p1b: piss birb|[spread] \n|-activate|p1a: piss thing|move: Protect\n|-activate|p1b: piss birb|move: Protect\n|move|p2b: Hydreigon|Snarl|p1a: piss thing|[spread] \n|-activate|p1a: piss thing|move: Protect\n|-activate|p1b: piss birb|move: Protect\n|\n|upkeep\n|turn|5\n|\n|t:|1776613723\n|move|p2a: Excadrill|Rock Slide|p1b: piss birb|[spread] p1a,p1b\n|-resisted|p1a: piss thing|1\n|-supereffective|p1b: piss birb|1\n|-damage|p1a: piss thing|46/100\n|-damage|p1b: piss birb|11/100\n|move|p2b: Hydreigon|Breaking Swipe|p1a: piss thing|[spread] p1a,p1b\n|-damage|p1a: piss thing|23/100\n|-damage|p1b: piss birb|0 fnt\n|-unboost|p1a: piss thing|atk|1\n|faint|p1b: piss birb\n|cant|p1a: piss thing|flinch\n|\n|upkeep\n|\n|t:|1776613734\n|switch|p1b: Basculegion|Basculegion, L50, M|100/100\n|turn|6\n|inactive|Crispytoesss has 30 seconds left.\n|\n|t:|1776613764\n|move|p1a: piss thing|Protect|p1a: piss thing\n|-singleturn|p1a: piss thing|Protect\n|move|p2a: Excadrill|Rock Slide|p1b: Basculegion|[spread] p1b\n|-activate|p1a: piss thing|move: Protect\n|-damage|p1b: Basculegion|75/100\n|move|p2b: Hydreigon|Draco Meteor|p1b: Basculegion\n|-damage|p1b: Basculegion|13/100\n|-unboost|p2b: Hydreigon|spa|2\n|move|p1b: Basculegion|Last Respects|p2b: Hydreigon\n|-resisted|p2b: Hydreigon|1\n|-damage|p2b: Hydreigon|55/100\n|\n|-sideend|p2: Mikitrash|move: Tailwind\n|upkeep\n|turn|7\n|\n|t:|1776613780\n|move|p2a: Excadrill|Rock Slide|p1b: Basculegion|[spread] \n|-miss|p2a: Excadrill|p1a: piss thing\n|-miss|p2a: Excadrill|p1b: Basculegion\n|move|p1b: Basculegion|Last Respects|p2b: Hydreigon\n|-resisted|p2b: Hydreigon|1\n|-damage|p2b: Hydreigon|6/100\n|-enditem|p2b: Hydreigon|Sitrus Berry|[eat]\n|-heal|p2b: Hydreigon|31/100|[from] item: Sitrus Berry\n|move|p1a: piss thing|Close Combat|p2a: Excadrill\n|-supereffective|p2a: Excadrill|1\n|-damage|p2a: Excadrill|0 fnt\n|-unboost|p1a: piss thing|def|1\n|-unboost|p1a: piss thing|spd|1\n|faint|p2a: Excadrill\n|move|p2b: Hydreigon|Snarl|p1b: Basculegion|[spread] p1a,p1b\n|-resisted|p1a: piss thing|1\n|-supereffective|p1b: Basculegion|1\n|-damage|p1a: piss thing|14/100\n|-damage|p1b: Basculegion|0 fnt\n|-unboost|p1a: piss thing|spa|1\n|faint|p1b: Basculegion\n|\n|upkeep\n|turn|8\n|\n|t:|1776613792\n|move|p1a: piss thing|Close Combat|p2b: Hydreigon\n|-supereffective|p2b: Hydreigon|1\n|-damage|p2b: Hydreigon|0 fnt\n|-unboost|p1a: piss thing|def|1\n|-unboost|p1a: piss thing|spd|1\n|faint|p2b: Hydreigon\n|\n|win|Crispytoesss\n|raw|Crispytoesss's rating: 1381 &rarr; <strong>1401</strong><br />(+20 for winning)\n|raw|Mikitrash's rating: 1381 &rarr; <strong>1361</strong><br />(-20 for losing)\n",
  "uploadtime": 1776613797,
  "views": 12,
  "formatid": "gen9championsvgc2026regma",
  "rating": 1361,
  "private": 0,
  "password": null
}