{
  "id": "gen9championsvgc2026regma-2583964265",
  "format": "[Gen 9 Champions] VGC 2026 Reg M-A",
  "players": [
    "Melolow",
    "Hiimoliver"
  ],
  "log": "|j|\u2606Melolow\n|j|\u2606Hiimoliver\n|t:|1776212352\n|gametype|doubles\n|player|p1|Melolow|clair|1145\n|player|p2|Hiimoliver|lance|1105\n|gen|9\n|tier|[Gen 9 Champions] VGC 2026 Reg M-A\n|rated|\n|rule|Species Clause: Limit one of each Pok\u00e9mon\n|rule|Item Clause: Limit 1 of each item\n|clearpoke\n|poke|p1|Incineroar, L50, M|\n|poke|p1|Gengar, L50, M|\n|poke|p1|Sinistcha, L50|\n|poke|p1|Kingambit, L50, F|\n|poke|p1|Tyranitar, L50, M|\n|poke|p1|Kommo-o, L50, F|\n|poke|p2|Ceruledge, L50, M|\n|poke|p2|Corviknight, L50, F|\n|poke|p2|Raichu, L50, M|\n|poke|p2|Garchomp, L50, F|\n|poke|p2|Basculegion, L50, M|\n|poke|p2|Floette-Eternal, L50, F|\n|teampreview|4\n|inactive|Battle timer is ON: inactive players will automatically lose when time's up. (requested by Melolow)\n|\n|t:|1776212384\n|teamsize|p1|4\n|teamsize|p2|4\n|start\n|switch|p1a: Gengar|Gengar, L50, M|100/100\n|switch|p1b: Incineroar|Incineroar, L50, M|100/100\n|switch|p2a: Basculegion|Basculegion, L50, M|100/100\n|switch|p2b: Corviknight|Corviknight, L50, F|100/100\n|-ability|p1b: Incineroar|Intimidate|boost\n|-unboost|p2a: Basculegion|atk|1\n|-ability|p2b: Corviknight|Mirror Armor\n|-unboost|p1b: Incineroar|atk|1\n|turn|1\n|\n|t:|1776212408\n|detailschange|p1a: Gengar|Gengar-Mega, L50, M\n|-mega|p1a: Gengar|Gengar|Gengarite\n|move|p1b: Incineroar|Fake Out|p2b: Corviknight\n|-resisted|p2b: Corviknight|1\n|-damage|p2b: Corviknight|97/100\n|move|p2a: Basculegion|Flip Turn|p1b: Incineroar\n|-supereffective|p1b: Incineroar|1\n|-crit|p1b: Incineroar\n|-enditem|p1b: Incineroar|Passho Berry|[eat]\n|-enditem|p1b: Incineroar|Passho Berry|[weaken]\n|-damage|p1b: Incineroar|49/100\n|\n|t:|1776212418\n|switch|p2a: Ceruledge|Ceruledge, L50, M|100/100|[from] Flip Turn\n|move|p1a: Gengar|Shadow Ball|p2a: Ceruledge\n|-supereffective|p2a: Ceruledge|1\n|-damage|p2a: Ceruledge|7/100\n|cant|p2b: Corviknight|flinch\n|\n|-heal|p2b: Corviknight|100/100|[from] item: Leftovers\n|upkeep\n|turn|2\n|\n|t:|1776212434\n|move|p1a: Gengar|Protect|p1a: Gengar\n|-singleturn|p1a: Gengar|Protect\n|move|p2a: Ceruledge|Poltergeist|p1a: Gengar\n|-activate|p1a: Gengar|move: Protect\n|move|p2b: Corviknight|Brave Bird|p1a: Gengar\n|-activate|p1a: Gengar|move: Protect\n|move|p1b: Incineroar|Throat Chop|p2a: Ceruledge\n|-supereffective|p2a: Ceruledge|1\n|-damage|p2a: Ceruledge|0 fnt\n|faint|p2a: Ceruledge\n|\n|upkeep\n|\n|t:|1776212438\n|switch|p2a: Basculegion|Basculegion, L50, M|100/100\n|turn|3\n|\n|t:|1776212454\n|switch|p1a: Tyranitar|Tyranitar, L50, M|100/100\n|-weather|Sandstorm|[from] ability: Sand Stream|[of] p1a: Tyranitar\n|move|p2a: Basculegion|Flip Turn|p1b: Incineroar\n|-supereffective|p1b: Incineroar|1\n|-damage|p1b: Incineroar|0 fnt\n|faint|p1b: Incineroar\n|\n|t:|1776212460\n|switch|p2a: Garchomp|Garchomp, L50, F|100/100|[from] Flip Turn\n|move|p2b: Corviknight|Tailwind|p2b: Corviknight\n|-sidestart|p2: Hiimoliver|move: Tailwind\n|\n|-weather|Sandstorm|[upkeep]\n|upkeep\n|\n|t:|1776212466\n|switch|p1b: Sinistcha|Sinistcha, L50|100/100\n|turn|4\n|\n|t:|1776212480\n|move|p2a: Garchomp|Stomping Tantrum|p1a: Tyranitar\n|-supereffective|p1a: Tyranitar|1\n|-damage|p1a: Tyranitar|21/100\n|move|p1a: Tyranitar|Rock Slide|p2b: Corviknight|[spread] p2a,p2b\n|-resisted|p2a: Garchomp|1\n|-damage|p2a: Garchomp|86/100\n|-damage|p2b: Corviknight|76/100\n|move|p2b: Corviknight|Brave Bird|p1b: Sinistcha\n|-supereffective|p1b: Sinistcha|1\n|-damage|p1b: Sinistcha|8/100\n|-enditem|p1b: Sinistcha|Sitrus Berry|[eat]\n|-heal|p1b: Sinistcha|33/100|[from] item: Sitrus Berry\n|-damage|p2b: Corviknight|44/100|[from] Recoil\n|move|p1b: Sinistcha|Life Dew|p1b: Sinistcha|[spread] p1a,p1b\n|-heal|p1a: Tyranitar|46/100\n|-heal|p1b: Sinistcha|58/100\n|\n|-weather|Sandstorm|[upkeep]\n|-damage|p1b: Sinistcha|51/100|[from] Sandstorm\n|-heal|p2b: Corviknight|50/100|[from] item: Leftovers\n|upkeep\n|turn|5\n|\n|t:|1776212495\n|move|p1b: Sinistcha|Rage Powder|p1b: Sinistcha\n|-singleturn|p1b: Sinistcha|move: Rage Powder\n|move|p2a: Garchomp|Poison Jab|p1b: Sinistcha\n|-damage|p1b: Sinistcha|28/100\n|move|p1a: Tyranitar|Rock Slide|p2a: Garchomp|[spread] p2a\n|-miss|p1a: Tyranitar|p2b: Corviknight\n|-resisted|p2a: Garchomp|1\n|-damage|p2a: Garchomp|70/100\n|move|p2b: Corviknight|Iron Head|p1b: Sinistcha\n|-crit|p1b: Sinistcha\n|-damage|p1b: Sinistcha|0 fnt\n|faint|p1b: Sinistcha\n|\n|-weather|Sandstorm|[upkeep]\n|-heal|p2b: Corviknight|56/100|[from] item: Leftovers\n|upkeep\n|\n|t:|1776212506\n|switch|p1b: Gengar|Gengar-Mega, L50, M|100/100\n|turn|6\n|\n|t:|1776212516\n|move|p1b: Gengar|Protect|p1b: Gengar\n|-singleturn|p1b: Gengar|Protect\n|move|p2a: Garchomp|Stomping Tantrum|p1b: Gengar\n|-activate|p1b: Gengar|move: Protect\n|move|p1a: Tyranitar|Rock Slide|p2a: Garchomp|[spread] p2a,p2b\n|-resisted|p2a: Garchomp|1\n|-damage|p2a: Garchomp|55/100\n|-damage|p2b: Corviknight|31/100\n|cant|p2b: Corviknight|flinch\n|\n|-weather|Sandstorm|[upkeep]\n|-damage|p1b: Gengar|95/100|[from] Sandstorm\n|-heal|p2b: Corviknight|37/100|[from] item: Leftovers\n|-sideend|p2: Hiimoliver|move: Tailwind\n|upkeep\n|turn|7\n|\n|t:|1776212530\n|move|p2a: Garchomp|Protect|p2a: Garchomp\n|-singleturn|p2a: Garchomp|Protect\n|move|p1b: Gengar|Shadow Ball|p2a: Garchomp\n|-activate|p2a: Garchomp|move: Protect\n|move|p1a: Tyranitar|Rock Slide|p2a: Garchomp|[spread] p2b\n|-activate|p2a: Garchomp|move: Protect\n|-damage|p2b: Corviknight|7/100\n|move|p2b: Corviknight|Iron Head|p1a: Tyranitar\n|-supereffective|p1a: Tyranitar|1\n|-damage|p1a: Tyranitar|0 fnt\n|faint|p1a: Tyranitar\n|\n|-weather|none\n|-heal|p2b: Corviknight|13/100|[from] item: Leftovers\n|upkeep\n|turn|8\n|\n|t:|1776212542\n|move|p1b: Gengar|Shadow Ball|p2a: Garchomp\n|-damage|p2a: Garchomp|8/100\n|move|p2a: Garchomp|Stomping Tantrum|p1b: Gengar\n|-supereffective|p1b: Gengar|1\n|-damage|p1b: Gengar|3/100\n|move|p2b: Corviknight|Bulk Up|p2b: Corviknight\n|-boost|p2b: Corviknight|atk|1\n|-boost|p2b: Corviknight|def|1\n|\n|-heal|p2b: Corviknight|19/100|[from] item: Leftovers\n|upkeep\n|turn|9\n|l|\u2606Melolow\n|inactive|Melolow disconnected and has a minute to reconnect!\n|player|p1|\n|c|\u2606Hiimoliver|gayyyyyyyyyyyy\n|inactive|Melolow has 30 seconds left.\n|inactive|Melolow has 20 seconds left.\n|inactive|Melolow has 15 seconds left.\n|inactive|Melolow has 10 seconds left.\n|inactive|Melolow has 5 seconds left.\n|-message|Melolow lost due to inactivity.\n|\n|win|Hiimoliver\n",
  "uploadtime": 1776212552,
  "views": 13,
  "formatid": "gen9championsvgc2026regma",
  "rating": null,
  "private": 0,
  "password": null
}