{
  "id": "gen9championsvgc2026regma-2584487498",
  "format": "[Gen 9 Champions] VGC 2026 Reg M-A",
  "players": [
    "Pyukumuku513",
    "Jah_08"
  ],
  "log": "|j|\u2606Pyukumuku513\n|j|\u2606Jah_08\n|t:|1776264140\n|gametype|doubles\n|player|p1|Pyukumuku513|102|1271\n|player|p2|Jah_08|alder|1361\n|gen|9\n|tier|[Gen 9 Champions] VGC 2026 Reg M-A\n|rated|\n|rule|Species Clause: Limit one of each Pok\u00e9mon\n|rule|Item Clause: Limit 1 of each item\n|clearpoke\n|poke|p1|Starmie, L50|\n|poke|p1|Pelipper, L50, F|\n|poke|p1|Archaludon, L50, M|\n|poke|p1|Meganium, L50, F|\n|poke|p1|Incineroar, L50, M|\n|poke|p1|Basculegion, L50, M|\n|poke|p2|Excadrill, L50, M|\n|poke|p2|Whimsicott, L50, M|\n|poke|p2|Chandelure, L50, M|\n|poke|p2|Zoroark-Hisui, L50, M|\n|poke|p2|Basculegion, L50, M|\n|poke|p2|Hydreigon, L50, M|\n|teampreview|4\n|inactive|Battle timer is ON: inactive players will automatically lose when time's up. (requested by Jah_08)\nJah_08 rejected open team sheets.\n|\n|t:|1776264167\n|teamsize|p1|4\n|teamsize|p2|4\n|start\n|switch|p1a: Pelipper|Pelipper, L50, F|100/100\n|switch|p1b: Meganium|Meganium, L50, F|100/100\n|switch|p2a: Whimsicott|Whimsicott, L50, M, shiny|100/100\n|switch|p2b: Basculegion|Basculegion, L50, M|100/100\n|-weather|RainDance|[from] ability: Drizzle|[of] p1a: Pelipper\n|turn|1\n|\n|t:|1776264188\n|detailschange|p1b: Meganium|Meganium-Mega, L50, F\n|-mega|p1b: Meganium|Meganium|Meganiumite\n|move|p2a: Whimsicott|Tailwind|p2a: Whimsicott\n|-sidestart|p2: Jah_08|move: Tailwind\n|move|p2b: Basculegion|Flip Turn|p1a: Pelipper\n|-resisted|p1a: Pelipper|1\n|-damage|p1a: Pelipper|80/100\n|\n|t:|1776264196\n|switch|p2b: Excadrill|Excadrill, L50, M|100/100|[from] Flip Turn\n|move|p1b: Meganium|Weather Ball|p2a: Whimsicott\n|-supereffective|p2a: Whimsicott|1\n|-damage|p2a: Whimsicott|0 fnt\n|faint|p2a: Whimsicott\n|move|p1a: Pelipper|Tailwind|p1a: Pelipper\n|-sidestart|p1: Pyukumuku513|move: Tailwind\n|\n|-weather|RainDance|[upkeep]\n|upkeep\n|\n|t:|1776264214\n|switch|p2a: Basculegion|Basculegion, L50, M|100/100\n|turn|2\n|\n|t:|1776264233\n|move|p2a: Basculegion|Last Respects|p1a: Pelipper\n|-damage|p1a: Pelipper|35/100\n|move|p2b: Excadrill|Sludge Bomb|p1b: Meganium\n|-supereffective|p1b: Meganium|2\n|-damage|p1b: Meganium|9/100\n|move|p1b: Meganium|Solar Beam||[still]\n|-prepare|p1b: Meganium|Solar Beam\n|-activate|p1b: Meganium|ability: Mega Sol\n|-anim|p1b: Meganium|Solar Beam|p2a: Basculegion\n|-supereffective|p2a: Basculegion|1\n|-damage|p2a: Basculegion|0 fnt\n|faint|p2a: Basculegion\n|move|p1a: Pelipper|Weather Ball|p2b: Excadrill\n|-damage|p2b: Excadrill|5/100\n|replace|p2b: Zoroark|Zoroark-Hisui, L50, M\n|-end|p2b: Zoroark|Illusion\n|\n|-weather|RainDance|[upkeep]\n|upkeep\n|\n|t:|1776264252\n|switch|p2a: Excadrill|Excadrill, L50, M|100/100\n|-ability|p2a: Excadrill|Mold Breaker\n|turn|3\n|\n|t:|1776264266\n|switch|p1b: Incineroar|Incineroar, L50, M|100/100\n|-ability|p1b: Incineroar|Intimidate|boost\n|-unboost|p2a: Excadrill|atk|1\n|-unboost|p2b: Zoroark|atk|1\n|move|p2b: Zoroark|Icy Wind|p1b: Incineroar|[spread] p1a,p1b\n|-resisted|p1b: Incineroar|1\n|-damage|p1a: Pelipper|16/100\n|-damage|p1b: Incineroar|94/100\n|-unboost|p1a: Pelipper|spe|1\n|-unboost|p1b: Incineroar|spe|1\n|move|p2a: Excadrill|Rock Slide|p1a: Pelipper|[spread] p1a,p1b\n|-supereffective|p1a: Pelipper|1\n|-supereffective|p1b: Incineroar|1\n|-damage|p1a: Pelipper|0 fnt\n|-damage|p1b: Incineroar|71/100\n|faint|p1a: Pelipper\n|\n|-weather|RainDance|[upkeep]\n|upkeep\n|\n|t:|1776264273\n|switch|p1a: Basculegion|Basculegion, L50, M|100/100\n|turn|4\n|\n|t:|1776264293\n|move|p2a: Excadrill|Protect|p2a: Excadrill\n|-singleturn|p2a: Excadrill|Protect\n|move|p1a: Basculegion|Aqua Jet|p2b: Zoroark\n|-damage|p2b: Zoroark|0 fnt\n|faint|p2b: Zoroark\n|move|p1b: Incineroar|Parting Shot|p2a: Excadrill\n|-activate|p2a: Excadrill|move: Protect\n|\n|-weather|RainDance|[upkeep]\n|-sideend|p2: Jah_08|move: Tailwind\n|-sideend|p1: Pyukumuku513|move: Tailwind\n|upkeep\n|turn|5\n|\n|t:|1776264305\n|move|p1a: Basculegion|Aqua Jet|p2a: Excadrill\n|-supereffective|p2a: Excadrill|1\n|-enditem|p2a: Excadrill|Focus Sash\n|-damage|p2a: Excadrill|1/100\n|move|p2a: Excadrill|Rock Slide|p1a: Basculegion|[spread] p1a,p1b\n|-supereffective|p1b: Incineroar|1\n|-damage|p1a: Basculegion|84/100\n|-damage|p1b: Incineroar|50/100\n|-enditem|p1b: Incineroar|Sitrus Berry|[eat]\n|-heal|p1b: Incineroar|74/100|[from] item: Sitrus Berry\n|move|p1b: Incineroar|Flare Blitz|p2a: Excadrill\n|-supereffective|p2a: Excadrill|1\n|-damage|p2a: Excadrill|0 fnt\n|faint|p2a: Excadrill\n|-damage|p1b: Incineroar|74/100|[from] Recoil\n|\n|win|Pyukumuku513\n|raw|Pyukumuku513's rating: 1271 &rarr; <strong>1302</strong><br />(+31 for winning)\n|raw|Jah_08's rating: 1361 &rarr; <strong>1336</strong><br />(-25 for losing)\n",
  "uploadtime": 1776264322,
  "views": 42,
  "formatid": "gen9championsvgc2026regma",
  "rating": 1302,
  "private": 0,
  "password": null
}