{
  "id": "gen9championsvgc2026regma-2580616315",
  "format": "[Gen 9 Champions] VGC 2026 Reg M-A",
  "players": [
    "thebottzinator",
    "joymaxxing"
  ],
  "log": "|j|\u2606thebottzinator\n|j|\u2606joymaxxing\n|t:|1775918389\n|gametype|doubles\n|player|p1|thebottzinator|veteran|1174\n|player|p2|joymaxxing|elesa|1221\n|gen|9\n|tier|[Gen 9 Champions] VGC 2026 Reg M-A\n|rated|\n|rule|Species Clause: Limit one of each Pok\u00e9mon\n|rule|Item Clause: Limit 1 of each item\n|clearpoke\n|poke|p1|Tyranitar, L50, M|\n|poke|p1|Excadrill, L50, F|\n|poke|p1|Incineroar, L50, F|\n|poke|p1|Talonflame, L50, F|\n|poke|p1|Maushold-Four, L50|\n|poke|p1|Primarina, L50, F|\n|poke|p2|Lopunny, L50, F|\n|poke|p2|Milotic, L50, F|\n|poke|p2|Tsareena, L50, F|\n|poke|p2|Incineroar, L50, M|\n|poke|p2|Dragapult, L50, M|\n|poke|p2|Farigiraf, L50, F|\n|teampreview|4\n|inactive|Battle timer is ON: inactive players will automatically lose when time's up. (requested by thebottzinator)\n|\n|t:|1775918418\n|teamsize|p1|4\n|teamsize|p2|4\n|start\n|switch|p1a: Primarina|Primarina, L50, F|100/100\n|switch|p1b: Maushold|Maushold-Four, L50|100/100\n|switch|p2a: Tsareena|Tsareena, L50, F|100/100\n|switch|p2b: Milotic|Milotic, L50, F|100/100\n|turn|1\n|\n|t:|1775918433\n|move|p1b: Maushold|Follow Me|p1b: Maushold\n|-singleturn|p1b: Maushold|move: Follow Me\n|move|p2a: Tsareena|Trop Kick|p1b: Maushold\n|-damage|p1b: Maushold|44/100\n|-unboost|p1b: Maushold|atk|1\n|move|p2b: Milotic|Icy Wind|p1a: Primarina|[spread] p1a,p1b\n|-resisted|p1a: Primarina|1\n|-damage|p1a: Primarina|98/100\n|-damage|p1b: Maushold|32/100\n|-unboost|p1a: Primarina|spe|1\n|-unboost|p1b: Maushold|spe|1\n|move|p1a: Primarina|Moonblast|p2b: Milotic\n|-damage|p2b: Milotic|54/100\n|\n|-heal|p2b: Milotic|60/100|[from] item: Leftovers\n|upkeep\n|turn|2\n|inactive|thebottzinator has 30 seconds left.\n|\n|t:|1775918462\n|move|p1b: Maushold|Follow Me|p1b: Maushold\n|-singleturn|p1b: Maushold|move: Follow Me\n|move|p2a: Tsareena|Trop Kick|p1b: Maushold\n|-damage|p1b: Maushold|0 fnt\n|faint|p1b: Maushold\n|move|p2b: Milotic|Recover|p2b: Milotic\n|-heal|p2b: Milotic|100/100\n|move|p1a: Primarina|Dazzling Gleam|p2a: Tsareena|[spread] p2a,p2b\n|-damage|p2a: Tsareena|53/100\n|-damage|p2b: Milotic|72/100\n|\n|-heal|p2b: Milotic|78/100|[from] item: Leftovers\n|upkeep\n|\n|t:|1775918475\n|switch|p1b: Excadrill|Excadrill, L50, F|100/100\n|turn|3\n|\n|t:|1775918486\n|switch|p1a: Tyranitar|Tyranitar, L50, M|100/100\n|-weather|Sandstorm|[from] ability: Sand Stream|[of] p1a: Tyranitar\n|move|p2a: Tsareena|Protect|p2a: Tsareena\n|-singleturn|p2a: Tsareena|Protect\n|move|p1b: Excadrill|Iron Head|p2a: Tsareena\n|-activate|p2a: Tsareena|move: Protect\n|move|p2b: Milotic|Icy Wind|p1b: Excadrill|[spread] p1a\n|-miss|p2b: Milotic|p1b: Excadrill\n|-damage|p1a: Tyranitar|94/100\n|-unboost|p1a: Tyranitar|spe|1\n|\n|-weather|Sandstorm|[upkeep]\n|-damage|p2a: Tsareena|47/100|[from] Sandstorm\n|-damage|p2b: Milotic|72/100|[from] Sandstorm\n|-heal|p2b: Milotic|78/100|[from] item: Leftovers\n|upkeep\n|turn|4\n|inactive|thebottzinator has 30 seconds left.\n|inactive|thebottzinator has 20 seconds left.\n|inactive|thebottzinator has 15 seconds left.\n|\n|t:|1775918530\n|detailschange|p1a: Tyranitar|Tyranitar-Mega, L50, M\n|-mega|p1a: Tyranitar|Tyranitar|Tyranitarite\n|move|p1b: Excadrill|Iron Head|p2a: Tsareena\n|-damage|p2a: Tsareena|0 fnt\n|faint|p2a: Tsareena\n|move|p2b: Milotic|Icy Wind|p1a: Tyranitar|[spread] p1a,p1b\n|-damage|p1a: Tyranitar|89/100\n|-damage|p1b: Excadrill|88/100\n|-unboost|p1a: Tyranitar|spe|1\n|-unboost|p1b: Excadrill|spe|1\n|move|p1a: Tyranitar|Knock Off|p2b: Milotic\n|-damage|p2b: Milotic|29/100\n|-enditem|p2b: Milotic|Leftovers|[from] move: Knock Off|[of] p1a: Tyranitar\n|\n|-weather|Sandstorm|[upkeep]\n|-damage|p2b: Milotic|23/100|[from] Sandstorm\n|upkeep\n|\n|t:|1775918537\n|switch|p2a: Lopunny|Lopunny, L50, F|100/100\n|turn|5\n|\n|t:|1775918559\n|switch|p1a: Primarina|Primarina, L50, F|98/100\n|detailschange|p2a: Lopunny|Lopunny-Mega, L50, F\n|-mega|p2a: Lopunny|Lopunny|Lopunnite\n|move|p2a: Lopunny|Fake Out|p1b: Excadrill\n|-resisted|p1b: Excadrill|1\n|-damage|p1b: Excadrill|73/100\n|cant|p1b: Excadrill|flinch\n|move|p2b: Milotic|Scald|p1b: Excadrill\n|-supereffective|p1b: Excadrill|1\n|-damage|p1b: Excadrill|0 fnt\n|faint|p1b: Excadrill\n|\n|-weather|Sandstorm|[upkeep]\n|-damage|p2a: Lopunny|95/100|[from] Sandstorm\n|-damage|p2b: Milotic|17/100|[from] Sandstorm\n|-damage|p1a: Primarina|92/100|[from] Sandstorm\n|upkeep\n|\n|t:|1775918573\n|switch|p1b: Tyranitar|Tyranitar-Mega, L50, M|89/100\n|turn|6\n|\n|t:|1775918585\n|move|p1b: Tyranitar|Protect|p1b: Tyranitar\n|-singleturn|p1b: Tyranitar|Protect\n|move|p2a: Lopunny|Giga Impact|p1a: Primarina\n|-damage|p1a: Primarina|0 fnt\n|-mustrecharge|p2a: Lopunny\n|faint|p1a: Primarina\n|move|p2b: Milotic|Recover|p2b: Milotic\n|-heal|p2b: Milotic|67/100\n|\n|-weather|Sandstorm|[upkeep]\n|-damage|p2a: Lopunny|89/100|[from] Sandstorm\n|-damage|p2b: Milotic|61/100|[from] Sandstorm\n|upkeep\n|turn|7\n|\n|t:|1775918600\n|cant|p2a: Lopunny|recharge\n|move|p1b: Tyranitar|Dragon Dance|p1b: Tyranitar\n|-boost|p1b: Tyranitar|atk|1\n|-boost|p1b: Tyranitar|spe|1\n|move|p2b: Milotic|Scald|p1b: Tyranitar\n|-supereffective|p1b: Tyranitar|1\n|-damage|p1b: Tyranitar|58/100\n|-status|p1b: Tyranitar|brn\n|\n|-weather|none\n|-damage|p1b: Tyranitar|52/100 brn|[from] brn\n|upkeep\n|turn|8\n|\n|t:|1775918608\n|move|p2a: Lopunny|Close Combat|p1b: Tyranitar\n|-supereffective|p1b: Tyranitar|2\n|-damage|p1b: Tyranitar|0 fnt\n|-unboost|p2a: Lopunny|def|1\n|-unboost|p2a: Lopunny|spd|1\n|faint|p1b: Tyranitar\n|\n|win|joymaxxing\n|raw|thebottzinator's rating: 1174 &rarr; <strong>1152</strong><br />(-22 for losing)\n|raw|joymaxxing's rating: 1221 &rarr; <strong>1243</strong><br />(+22 for winning)\n|l|\u2606thebottzinator\n|player|p1|\n",
  "uploadtime": 1775918642,
  "views": 14,
  "formatid": "gen9championsvgc2026regma",
  "rating": 1152,
  "private": 0,
  "password": null
}