{
  "id": "gen9championsvgc2026regma-2585377948",
  "format": "[Gen 9 Champions] VGC 2026 Reg M-A",
  "players": [
    "robstopheruzi",
    "astenar"
  ],
  "log": "|j|\u2606robstopheruzi\n|j|\u2606astenar\n|t:|1776342733\n|gametype|doubles\n|player|p1|robstopheruzi|burglar|1268\n|player|p2|astenar|265|1203\n|gen|9\n|tier|[Gen 9 Champions] VGC 2026 Reg M-A\n|rated|\n|rule|Species Clause: Limit one of each Pok\u00e9mon\n|rule|Item Clause: Limit 1 of each item\n|clearpoke\n|poke|p1|Floette-Eternal, L50, F|\n|poke|p1|Whimsicott, L50, F|\n|poke|p1|Garchomp, L50, F|\n|poke|p1|Maushold-Four, L50|\n|poke|p1|Aerodactyl, L50, M|\n|poke|p1|Sneasler, L50, M|\n|poke|p2|Zoroark-Hisui, L50, M|\n|poke|p2|Excadrill, L50, M|\n|poke|p2|Tyranitar, L50, M|\n|poke|p2|Kingambit, L50, M|\n|poke|p2|Ampharos, L50, M|\n|poke|p2|Hatterene, L50, F|\n|teampreview|4\n|inactive|Battle timer is ON: inactive players will automatically lose when time's up. (requested by astenar)\nrobstopheruzi has agreed to open team sheets.\nastenar has agreed to open team sheets.\n|showteam|p1|Floette-Eternal||Floettite|FlowerVeil|Protect,DazzlingGleam,Moonblast,CalmMind|||F|||50|]Whimsicott||FocusSash|Prankster|Tailwind,FakeTears,Encore,Moonblast|||F|||50|]Garchomp||Garchompite|RoughSkin|Earthquake,StoneEdge,DragonClaw,Protect|||F|||50|]Maushold-Four||MentalHerb|FriendGuard|FollowMe,Encore,SuperFang,Taunt||||||50|]Aerodactyl||Aerodactylite|Unnerve|WideGuard,Tailwind,RockSlide,DualWingbeat|||M|||50|]Sneasler||WhiteHerb|Unburden|CloseCombat,DireClaw,Taunt,Protect|||M|||50|\n|showteam|p2|Zoroark-Hisui||ChoiceScarf|Illusion|Flamethrower,HyperVoice,HyperBeam,ShadowBall|||M|||50|]Excadrill||Excadrite|SandRush|HighHorsepower,IronHead,Protect,RockSlide|||M|||50|]Tyranitar||Leftovers|SandStream|Protect,RockSlide,Crunch,HighHorsepower|||M|||50|]Kingambit||SitrusBerry|Defiant|SuckerPunch,Protect,IronHead,KowtowCleave|||M|||50|]Ampharos||Ampharosite|Static|Protect,Discharge,Thunderbolt,DragonPulse|||M|||50|]Hatterene||MentalHerb|MagicBounce|TrickRoom,Protect,DazzlingGleam,Psychic|||F|||50|\n|inactive|robstopheruzi has 60 seconds left.\n|inactive|astenar has 60 seconds left.\n|\n|t:|1776342792\n|teamsize|p1|4\n|teamsize|p2|4\n|start\n|switch|p1a: Sneasler|Sneasler, L50, M|100/100\n|switch|p1b: Whimsicott|Whimsicott, L50, F|100/100\n|switch|p2a: Hatterene|Hatterene, L50, F|100/100\n|switch|p2b: Kingambit|Kingambit, L50, M|100/100\n|turn|1\n|\n|t:|1776342803\n|move|p2a: Hatterene|Protect|p2a: Hatterene\n|-singleturn|p2a: Hatterene|Protect\n|move|p2b: Kingambit|Hyper Beam|p1a: Sneasler\n|-damage|p1a: Sneasler|0 fnt\n|-mustrecharge|p2b: Kingambit\n|faint|p1a: Sneasler\n|move|p1b: Whimsicott|Moonblast|p2a: Hatterene\n|-activate|p2a: Hatterene|move: Protect\n|\n|upkeep\n|\n|t:|1776342825\n|switch|p1a: Garchomp|Garchomp, L50, F|100/100\n|turn|2\n|inactive|robstopheruzi has 30 seconds left.\n|\n|t:|1776342851\n|cant|p2b: Kingambit|recharge\n|move|p1a: Garchomp|Earthquake|p2a: Hatterene|[spread] p1b,p2a,p2b\n|-resisted|p1b: Whimsicott|1\n|-damage|p1b: Whimsicott|78/100\n|-damage|p2a: Hatterene|49/100\n|-damage|p2b: Kingambit|14/100\n|replace|p2b: Zoroark|Zoroark-Hisui, L50, M\n|-end|p2b: Zoroark|Illusion\n|move|p1b: Whimsicott|Moonblast|p2a: Hatterene\n|-damage|p2a: Hatterene|19/100\n|move|p2a: Hatterene|Trick Room|p2a: Hatterene\n|-fieldstart|move: Trick Room|[of] p2a: Hatterene\n|\n|upkeep\n|turn|3\n|\n|t:|1776342875\n|move|p2a: Hatterene|Protect|p2a: Hatterene\n|-singleturn|p2a: Hatterene|Protect\n|move|p1a: Garchomp|Protect|p1a: Garchomp\n|-singleturn|p1a: Garchomp|Protect\n|move|p1b: Whimsicott|Moonblast|p2a: Hatterene\n|-activate|p2a: Hatterene|move: Protect\n|move|p2b: Zoroark|Hyper Beam|p1b: Whimsicott\n|-damage|p1b: Whimsicott|0 fnt\n|-mustrecharge|p2b: Zoroark\n|faint|p1b: Whimsicott\n|\n|upkeep\n|\n|t:|1776342879\n|switch|p1b: Floette|Floette-Eternal, L50, F|100/100\n|turn|4\n|\n|t:|1776342897\n|detailschange|p1b: Floette|Floette-Mega, L50, F\n|-mega|p1b: Floette|Floette|Floettite\n|-ability|p1b: Floette|Fairy Aura\n|move|p1a: Garchomp|Protect||[still]\n|-fail|p1a: Garchomp\n|move|p2a: Hatterene|Dazzling Gleam|p1b: Floette|[spread] p1a,p1b\n|-supereffective|p1a: Garchomp|1\n|-damage|p1a: Garchomp|0 fnt\n|-damage|p1b: Floette|62/100\n|faint|p1a: Garchomp\n|move|p1b: Floette|Calm Mind|p1b: Floette\n|-boost|p1b: Floette|spa|1\n|-boost|p1b: Floette|spd|1\n|cant|p2b: Zoroark|recharge\n|\n|upkeep\n|turn|5\n|\n|t:|1776342914\n|move|p2a: Hatterene|Psychic|p1b: Floette\n|-damage|p1b: Floette|32/100\n|move|p1b: Floette|Dazzling Gleam|p2a: Hatterene|[spread] p2a,p2b\n|-damage|p2a: Hatterene|0 fnt\n|-damage|p2b: Zoroark|0 fnt\n|faint|p2a: Hatterene\n|faint|p2b: Zoroark\n|\n|upkeep\n|\n|t:|1776342919\n|switch|p2a: Ampharos|Ampharos, L50, M|100/100\n|switch|p2b: Kingambit|Kingambit, L50, M|100/100\n|turn|6\n|\n|t:|1776342925\n|move|p1b: Floette|Protect|p1b: Floette\n|-singleturn|p1b: Floette|Protect\n|move|p2b: Kingambit|Iron Head|p1b: Floette\n|-activate|p1b: Floette|move: Protect\n|move|p2a: Ampharos|Thunderbolt|p1b: Floette\n|-activate|p1b: Floette|move: Protect\n|\n|-fieldend|move: Trick Room\n|upkeep\n|turn|7\n|\n|t:|1776342934\n|move|p1b: Floette|Dazzling Gleam|p2b: Kingambit|[spread] p2a,p2b\n|-damage|p2a: Ampharos|27/100\n|-damage|p2b: Kingambit|17/100\n|-enditem|p2b: Kingambit|Sitrus Berry|[eat]\n|-heal|p2b: Kingambit|42/100|[from] item: Sitrus Berry\n|move|p2a: Ampharos|Thunderbolt|p1b: Floette\n|-damage|p1b: Floette|6/100\n|move|p2b: Kingambit|Iron Head|p1b: Floette\n|-supereffective|p1b: Floette|1\n|-damage|p1b: Floette|0 fnt\n|faint|p1b: Floette\n|\n|win|astenar\n|raw|robstopheruzi's rating: 1268 &rarr; <strong>1238</strong><br />(-30 for losing)\n|raw|astenar's rating: 1203 &rarr; <strong>1233</strong><br />(+30 for winning)\n",
  "uploadtime": 1776342948,
  "views": 40,
  "formatid": "gen9championsvgc2026regma",
  "rating": 1233,
  "private": 0,
  "password": null
}