{
  "id": "gen9championsvgc2026regma-2586715675",
  "format": "[Gen 9 Champions] VGC 2026 Reg M-A",
  "players": [
    "WashedNotSloshed",
    "catpotatt"
  ],
  "log": "|j|\u2606WashedNotSloshed\n|j|\u2606catpotatt\n|t:|1776454349\n|gametype|doubles\n|player|p1|WashedNotSloshed|101|1259\n|player|p2|catpotatt|roxie|1354\n|gen|9\n|tier|[Gen 9 Champions] VGC 2026 Reg M-A\n|rated|\n|rule|Species Clause: Limit one of each Pok\u00e9mon\n|rule|Item Clause: Limit 1 of each item\n|clearpoke\n|poke|p1|Froslass, L50, F|\n|poke|p1|Orthworm, L50, M|\n|poke|p1|Rotom-Frost, L50|\n|poke|p1|Incineroar, L50, F|\n|poke|p1|Basculegion, L50, M|\n|poke|p1|Garchomp, L50, F|\n|poke|p2|Basculegion, L50, M|\n|poke|p2|Floette-Eternal, L50, F|\n|poke|p2|Talonflame, L50, F|\n|poke|p2|Garchomp, L50, F|\n|poke|p2|Gardevoir, L50, M|\n|poke|p2|Rotom-Heat, L50|\n|teampreview|4\n|inactive|Battle timer is ON: inactive players will automatically lose when time's up. (requested by WashedNotSloshed)\n|inactive|WashedNotSloshed has 60 seconds left.\n|\n|t:|1776454394\n|teamsize|p1|4\n|teamsize|p2|4\n|start\n|switch|p1a: Orthworm|Orthworm, L50, M|100/100\n|switch|p1b: Incineroar|Incineroar, L50, F|100/100\n|switch|p2a: Floette|Floette-Eternal, L50, F|100/100\n|switch|p2b: Rotom|Rotom-Heat, L50|100/100\n|-ability|p1b: Incineroar|Intimidate|boost\n|-unboost|p2a: Floette|atk|1\n|-unboost|p2b: Rotom|atk|1\n|turn|1\n|inactive|catpotatt has 30 seconds left.\n|\n|t:|1776454425\n|detailschange|p2a: Floette|Floette-Mega, L50, F\n|-mega|p2a: Floette|Floette|Floettite\n|-ability|p2a: Floette|Fairy Aura\n|move|p1b: Incineroar|Fake Out|p2b: Rotom\n|-damage|p2b: Rotom|89/100\n|move|p2a: Floette|Moonblast|p1b: Incineroar\n|-damage|p1b: Incineroar|29/100\n|cant|p2b: Rotom|flinch\n|move|p1a: Orthworm|Shed Tail|p1a: Orthworm\n|-start|p1a: Orthworm|Substitute|[from] move: Shed Tail\n|-damage|p1a: Orthworm|50/100\n|-enditem|p1a: Orthworm|Sitrus Berry|[eat]\n|-heal|p1a: Orthworm|75/100|[from] item: Sitrus Berry\n|\n|t:|1776454441\n|switch|p1a: Basculegion|Basculegion, L50, M|100/100|[from] Shed Tail\n|\n|upkeep\n|turn|2\n|inactive|catpotatt has 30 seconds left.\n|\n|t:|1776454474\n|switch|p1b: Orthworm|Orthworm, L50, M|75/100\n|move|p1a: Basculegion|Wave Crash|p2a: Floette\n|-damage|p2a: Floette|6/100\n|-damage|p1a: Basculegion|77/100|[from] Recoil\n|move|p2a: Floette|Dazzling Gleam|p1b: Orthworm|[spread] p1a,p1b\n|-end|p1a: Basculegion|Substitute\n|-resisted|p1b: Orthworm|1\n|-damage|p1b: Orthworm|43/100\n|move|p2b: Rotom|Volt Switch|p1a: Basculegion\n|-supereffective|p1a: Basculegion|1\n|-damage|p1a: Basculegion|21/100\n|\n|t:|1776454486\n|switch|p2b: Talonflame|Talonflame, L50, F|100/100|[from] Volt Switch\n|\n|upkeep\n|turn|3\n|\n|t:|1776454502\n|switch|p1a: Incineroar|Incineroar, L50, F|29/100\n|-ability|p1a: Incineroar|Intimidate|boost\n|-unboost|p2a: Floette|atk|1\n|-unboost|p2b: Talonflame|atk|1\n|move|p2b: Talonflame|Tailwind|p2b: Talonflame\n|-sidestart|p2: catpotatt|move: Tailwind\n|move|p2a: Floette|Dazzling Gleam|p1a: Incineroar|[spread] p1a,p1b\n|-resisted|p1b: Orthworm|1\n|-damage|p1a: Incineroar|0 fnt\n|-damage|p1b: Orthworm|11/100\n|faint|p1a: Incineroar\n|move|p1b: Orthworm|Body Press|p2a: Floette\n|-resisted|p2a: Floette|1\n|-damage|p2a: Floette|0 fnt\n|faint|p2a: Floette\n|\n|upkeep\n|\n|t:|1776454522\n|switch|p2a: Basculegion|Basculegion, L50, M|100/100\n|switch|p1a: Basculegion|Basculegion, L50, M|21/100\n|turn|4\n|\n|t:|1776454539\n|move|p1a: Basculegion|Aqua Jet|p2b: Talonflame\n|-supereffective|p2b: Talonflame|1\n|-damage|p2b: Talonflame|10/100\n|move|p2a: Basculegion|Last Respects|p1a: Basculegion\n|-supereffective|p1a: Basculegion|1\n|-damage|p1a: Basculegion|0 fnt\n|faint|p1a: Basculegion\n|move|p2b: Talonflame|Overheat|p1b: Orthworm\n|-supereffective|p1b: Orthworm|1\n|-damage|p1b: Orthworm|0 fnt\n|-unboost|p2b: Talonflame|spa|2\n|faint|p1b: Orthworm\n|\n|upkeep\n|\n|t:|1776454549\n|switch|p1b: Froslass|Froslass, L50, F|100/100\n|turn|5\n|\n|t:|1776454571\n|switch|p2a: Rotom|Rotom-Heat, L50|89/100\n|move|p1b: Froslass|Protect|p1b: Froslass\n|-singleturn|p1b: Froslass|Protect\n|move|p2b: Talonflame|Overheat|p1b: Froslass\n|-activate|p1b: Froslass|move: Protect\n|\n|upkeep\n|turn|6\n|\n|t:|1776454590\n|detailschange|p1b: Froslass|Froslass-Mega, L50, F\n|-mega|p1b: Froslass|Froslass|Froslassite\n|-weather|Snowscape|[from] ability: Snow Warning|[of] p1b: Froslass\n|move|p1b: Froslass|Protect||[still]\n|-fail|p1b: Froslass\n|move|p2b: Talonflame|Overheat|p1b: Froslass|[miss]\n|-miss|p2b: Talonflame|p1b: Froslass\n|move|p2a: Rotom|Overheat|p1b: Froslass\n|-supereffective|p1b: Froslass|1\n|-damage|p1b: Froslass|0 fnt\n|-unboost|p2a: Rotom|spa|2\n|faint|p1b: Froslass\n|\n|win|catpotatt\n|raw|WashedNotSloshed's rating: 1259 &rarr; <strong>1241</strong><br />(-18 for losing)\n|raw|catpotatt's rating: 1354 &rarr; <strong>1369</strong><br />(+15 for winning)\n|l|\u2606WashedNotSloshed\n|player|p1|\n|c|\u2606catpotatt|gg\n",
  "uploadtime": 1776454611,
  "views": 41,
  "formatid": "gen9championsvgc2026regma",
  "rating": 1241,
  "private": 0,
  "password": null
}