{
  "id": "gen9championsvgc2026regma-2581629029",
  "format": "[Gen 9 Champions] VGC 2026 Reg M-A",
  "players": [
    "Bluberry108",
    "oberonn"
  ],
  "log": "|j|\u2606Bluberry108\n|j|\u2606oberonn\n|t:|1776016362\n|gametype|doubles\n|player|p1|Bluberry108|gentleman-gen4|1009\n|player|p2|oberonn|dragontamer|1054\n|gen|9\n|tier|[Gen 9 Champions] VGC 2026 Reg M-A\n|rated|\n|rule|Species Clause: Limit one of each Pok\u00e9mon\n|rule|Item Clause: Limit 1 of each item\n|clearpoke\n|poke|p1|Floette-Eternal, L50, F|\n|poke|p1|Empoleon, L50, F|\n|poke|p1|Luxray, L50, F|\n|poke|p1|Gardevoir, L50, M|\n|poke|p1|Scovillain, L50, F|\n|poke|p1|Garchomp, L50, M|\n|poke|p2|Krookodile, L50, M|\n|poke|p2|Meowstic, L50, M|\n|poke|p2|Orthworm, L50, M|\n|poke|p2|Delphox, L50, M|\n|poke|p2|Pelipper, L50, F|\n|poke|p2|Altaria, L50, M|\n|teampreview|4\n|inactive|Battle timer is ON: inactive players will automatically lose when time's up. (requested by Bluberry108)\n|inactive|Bluberry108 has 60 seconds left.\n|\n|t:|1776016416\n|teamsize|p1|4\n|teamsize|p2|4\n|start\n|switch|p1a: Empoleon|Empoleon, L50, F|100/100\n|switch|p1b: Luxray|Luxray, L50, F|100/100\n|switch|p2a: Krookodile|Krookodile, L50, M|100/100\n|switch|p2b: Delphox|Delphox, L50, M|100/100\n|-ability|p1b: Luxray|Intimidate|boost\n|-unboost|p2a: Krookodile|atk|1\n|-unboost|p2b: Delphox|atk|1\n|turn|1\n|\n|t:|1776016438\n|detailschange|p2b: Delphox|Delphox-Mega, L50, M\n|-mega|p2b: Delphox|Delphox|Delphoxite\n|move|p2a: Krookodile|Earthquake|p1b: Luxray|[spread] p1a,p1b\n|-immune|p2b: Delphox|[from] ability: Levitate\n|-supereffective|p1a: Empoleon|1\n|-supereffective|p1b: Luxray|1\n|-damage|p1a: Empoleon|52/100\n|-damage|p1b: Luxray|33/100\n|-enditem|p1b: Luxray|Sitrus Berry|[eat]\n|-heal|p1b: Luxray|58/100|[from] item: Sitrus Berry\n|move|p2b: Delphox|Flamethrower|p1a: Empoleon\n|-damage|p1a: Empoleon|0 fnt\n|faint|p1a: Empoleon\n|move|p1b: Luxray|Volt Switch|p2b: Delphox\n|-damage|p2b: Delphox|80/100\n|\n|t:|1776016462\n|switch|p1b: Scovillain|Scovillain, L50, F|100/100|[from] Volt Switch\n|\n|-ability|p1b: Scovillain|Moody|boost\n|-boost|p1b: Scovillain|spd|2\n|-unboost|p1b: Scovillain|spa|1\n|upkeep\n|\n|t:|1776016466\n|switch|p1a: Floette|Floette-Eternal, L50, F|100/100\n|turn|2\n|\n|t:|1776016478\n|detailschange|p1a: Floette|Floette-Mega, L50, F\n|-mega|p1a: Floette|Floette|Floettite\n|-ability|p1a: Floette|Fairy Aura\n|move|p2a: Krookodile|Earthquake|p1b: Scovillain|[spread] p1a,p1b\n|-immune|p2b: Delphox|[from] ability: Levitate\n|-damage|p1a: Floette|74/100\n|-damage|p1b: Scovillain|67/100\n|move|p2b: Delphox|Flamethrower|p1a: Floette\n|-damage|p1a: Floette|35/100\n|move|p1b: Scovillain|Substitute|p1b: Scovillain\n|-start|p1b: Scovillain|Substitute\n|-damage|p1b: Scovillain|42/100\n|move|p1a: Floette|Draining Kiss|p2a: Krookodile\n|-supereffective|p2a: Krookodile|1\n|-damage|p2a: Krookodile|0 fnt\n|-heal|p1a: Floette|100/100|[from] drain|[of] p2a: Krookodile\n|faint|p2a: Krookodile\n|\n|-ability|p1b: Scovillain|Moody|boost\n|-boost|p1b: Scovillain|spe|2\n|-unboost|p1b: Scovillain|spd|1\n|upkeep\n|\n|t:|1776016491\n|switch|p2a: Orthworm|Orthworm, L50, M|100/100\n|turn|3\n|\n|t:|1776016508\n|move|p1b: Scovillain|Rage Powder|p1b: Scovillain\n|-singleturn|p1b: Scovillain|move: Rage Powder\n|move|p2b: Delphox|Flamethrower|p1b: Scovillain\n|-end|p1b: Scovillain|Substitute\n|move|p1a: Floette|Skill Swap|p1b: Scovillain\n|-activate|p1a: Floette|Skill Swap|||[of] p1b: Scovillain\n|-ability|p1b: Scovillain|Fairy Aura\n|move|p2a: Orthworm|Heavy Slam|p1b: Scovillain\n|-resisted|p1b: Scovillain|1\n|-damage|p1b: Scovillain|14/100\n|\n|-ability|p1a: Floette|Moody|boost\n|-boost|p1a: Floette|spd|2\n|-unboost|p1a: Floette|atk|1\n|upkeep\n|turn|4\n|\n|t:|1776016525\n|move|p1b: Scovillain|Protect|p1b: Scovillain\n|-singleturn|p1b: Scovillain|Protect\n|move|p1a: Floette|Protect|p1a: Floette\n|-singleturn|p1a: Floette|Protect\n|move|p2b: Delphox|Flamethrower|p1a: Floette\n|-activate|p1a: Floette|move: Protect\n|move|p2a: Orthworm|Rock Blast|p1b: Scovillain\n|-activate|p1b: Scovillain|move: Protect\n|\n|-ability|p1a: Floette|Moody|boost\n|-boost|p1a: Floette|spa|2\n|-unboost|p1a: Floette|spe|1\n|upkeep\n|turn|5\n|inactive|Bluberry108 has 30 seconds left.\n|\n|t:|1776016558\n|move|p1b: Scovillain|Giga Drain|p2b: Delphox\n|-resisted|p2b: Delphox|1\n|-damage|p2b: Delphox|72/100\n|-heal|p1b: Scovillain|18/100|[from] drain|[of] p2b: Delphox\n|move|p2b: Delphox|Flamethrower|p1a: Floette\n|-damage|p1a: Floette|81/100\n|move|p2a: Orthworm|Heavy Slam|p1a: Floette\n|-supereffective|p1a: Floette|1\n|-damage|p1a: Floette|20/100\n|move|p1a: Floette|Draining Kiss|p2b: Delphox\n|-resisted|p2b: Delphox|1\n|-damage|p2b: Delphox|32/100\n|-heal|p1a: Floette|45/100|[from] drain|[of] p2b: Delphox\n|\n|-ability|p1a: Floette|Moody|boost\n|-boost|p1a: Floette|spe|2\n|-unboost|p1a: Floette|spd|1\n|upkeep\n|turn|6\n|\n|t:|1776016575\n|move|p1b: Scovillain|Protect|p1b: Scovillain\n|-singleturn|p1b: Scovillain|Protect\n|move|p1a: Floette|Protect|p1a: Floette\n|-singleturn|p1a: Floette|Protect\n|move|p2b: Delphox|Dazzling Gleam|p1a: Floette|[spread] \n|-activate|p1a: Floette|move: Protect\n|-activate|p1b: Scovillain|move: Protect\n|move|p2a: Orthworm|Heavy Slam|p1a: Floette\n|-activate|p1a: Floette|move: Protect\n|\n|-ability|p1a: Floette|Moody|boost\n|-boost|p1a: Floette|def|2\n|-unboost|p1a: Floette|spa|1\n|upkeep\n|turn|7\n|\n|t:|1776016588\n|move|p1b: Scovillain|Rage Powder|p1b: Scovillain\n|-singleturn|p1b: Scovillain|move: Rage Powder\n|move|p2b: Delphox|Dazzling Gleam|p1a: Floette|[spread] p1a,p1b\n|-resisted|p1b: Scovillain|1\n|-damage|p1a: Floette|29/100\n|-damage|p1b: Scovillain|3/100\n|move|p1a: Floette|Draining Kiss|p2b: Delphox\n|-resisted|p2b: Delphox|1\n|-damage|p2b: Delphox|0 fnt\n|-heal|p1a: Floette|48/100|[from] drain|[of] p2b: Delphox\n|faint|p2b: Delphox\n|move|p2a: Orthworm|Heavy Slam|p1b: Scovillain\n|-resisted|p1b: Scovillain|1\n|-crit|p1b: Scovillain\n|-damage|p1b: Scovillain|0 fnt\n|faint|p1b: Scovillain\n|\n|-ability|p1a: Floette|Moody|boost\n|-boost|p1a: Floette|atk|2\n|-unboost|p1a: Floette|spa|1\n|upkeep\n|\n|t:|1776016603\n|switch|p2b: Pelipper|Pelipper, L50, F|100/100\n|switch|p1b: Luxray|Luxray, L50, F|58/100\n|-ability|p1b: Luxray|Intimidate|boost\n|-unboost|p2a: Orthworm|atk|1\n|-unboost|p2b: Pelipper|atk|1\n|-weather|RainDance|[from] ability: Drizzle|[of] p2b: Pelipper\n|turn|8\n|-message|oberonn forfeited.\n|\n|win|Bluberry108\n|raw|Bluberry108's rating: 1009 &rarr; <strong>1053</strong><br />(+44 for winning)\n|raw|oberonn's rating: 1054 &rarr; <strong>1034</strong><br />(-20 for losing)\n|l|\u2606oberonn\n|player|p2|\n",
  "uploadtime": 1776016611,
  "views": 19,
  "formatid": "gen9championsvgc2026regma",
  "rating": 1034,
  "private": 0,
  "password": null
}