{
  "id": "gen9championsvgc2026regma-2586289677",
  "format": "[Gen 9 Champions] VGC 2026 Reg M-A",
  "players": [
    "josh elmo",
    "0TX - Zenith"
  ],
  "log": "|j|\u2606josh elmo\n|j|\u26060TX - Zenith\n|t:|1776421768\n|gametype|doubles\n|player|p1|josh elmo|lucas|1249\n|player|p2|0TX - Zenith|gambler|1261\n|gen|9\n|tier|[Gen 9 Champions] VGC 2026 Reg M-A\n|rated|\n|rule|Species Clause: Limit one of each Pok\u00e9mon\n|rule|Item Clause: Limit 1 of each item\n|clearpoke\n|poke|p1|Tyranitar, L50, F|\n|poke|p1|Orthworm, L50, F|\n|poke|p1|Sneasler, L50, M|\n|poke|p1|Sinistcha, L50|\n|poke|p1|Toucannon, L50, M|\n|poke|p1|Excadrill, L50, M|\n|poke|p2|Chimecho, L50, M|\n|poke|p2|Sinistcha, L50|\n|poke|p2|Rotom-Wash, L50|\n|poke|p2|Incineroar, L50, M|\n|poke|p2|Kangaskhan, L50, F|\n|poke|p2|Garchomp, L50, M|\n|teampreview|4\n0TX - Zenith rejected open team sheets.\n|inactive|Battle timer is ON: inactive players will automatically lose when time's up. (requested by 0TX - Zenith)\n|\n|t:|1776421812\n|teamsize|p1|4\n|teamsize|p2|4\n|start\n|switch|p1a: Tyranitar|Tyranitar, L50, F|100/100\n|switch|p1b: Excadrill|Excadrill, L50, M|100/100\n|switch|p2a: Kangaskhan|Kangaskhan, L50, F|100/100\n|switch|p2b: Garchomp|Garchomp, L50, M|100/100\n|-weather|Sandstorm|[from] ability: Sand Stream|[of] p1a: Tyranitar\n|turn|1\n|inactive|josh elmo has 30 seconds left.\n|inactive|josh elmo has 20 seconds left.\n|\n|t:|1776421851\n|detailschange|p2a: Kangaskhan|Kangaskhan-Mega, L50, F\n|-mega|p2a: Kangaskhan|Kangaskhan|Kangaskhanite\n|move|p1b: Excadrill|Protect|p1b: Excadrill\n|-singleturn|p1b: Excadrill|Protect\n|move|p1a: Tyranitar|Protect|p1a: Tyranitar\n|-singleturn|p1a: Tyranitar|Protect\n|move|p2b: Garchomp|Earth Power|p1b: Excadrill\n|-activate|p1b: Excadrill|move: Protect\n|move|p2a: Kangaskhan|Drain Punch|p1a: Tyranitar\n|-activate|p1a: Tyranitar|move: Protect\n|\n|-weather|Sandstorm|[upkeep]\n|-damage|p2a: Kangaskhan|94/100|[from] Sandstorm\n|upkeep\n|turn|2\n|inactive|josh elmo has 30 seconds left.\n|\n|t:|1776421879\n|switch|p1a: Sinistcha|Sinistcha, L50|100/100\n|detailschange|p1b: Excadrill|Excadrill-Mega, L50, M\n|-mega|p1b: Excadrill|Excadrill|Excadrite\n|move|p2b: Garchomp|Earth Power|p1b: Excadrill\n|-supereffective|p1b: Excadrill|1\n|-damage|p1b: Excadrill|0 fnt\n|faint|p1b: Excadrill\n|move|p2a: Kangaskhan|Drain Punch|p1a: Sinistcha\n|-immune|p1a: Sinistcha\n|\n|-weather|Sandstorm|[upkeep]\n|-damage|p2a: Kangaskhan|88/100|[from] Sandstorm\n|-damage|p1a: Sinistcha|94/100|[from] Sandstorm\n|upkeep\n|\n|t:|1776421895\n|switch|p1b: Orthworm|Orthworm, L50, F|100/100\n|turn|3\n|\n|t:|1776421905\n|switch|p2b: Incineroar|Incineroar, L50, M|100/100\n|-ability|p2b: Incineroar|Intimidate|boost\n|-unboost|p1a: Sinistcha|atk|1\n|-unboost|p1b: Orthworm|atk|1\n|move|p1a: Sinistcha|Rage Powder|p1a: Sinistcha\n|-singleturn|p1a: Sinistcha|move: Rage Powder\n|move|p2a: Kangaskhan|Drain Punch|p1a: Sinistcha\n|-immune|p1a: Sinistcha\n|move|p1b: Orthworm|Iron Defense|p1b: Orthworm\n|-boost|p1b: Orthworm|def|2\n|\n|-weather|Sandstorm|[upkeep]\n|-damage|p2a: Kangaskhan|82/100|[from] Sandstorm\n|-damage|p1a: Sinistcha|88/100|[from] Sandstorm\n|-damage|p2b: Incineroar|95/100|[from] Sandstorm\n|upkeep\n|turn|4\n|\n|t:|1776421926\n|switch|p2a: Garchomp|Garchomp, L50, M|100/100\n|move|p2b: Incineroar|Fake Out|p1b: Orthworm\n|-resisted|p1b: Orthworm|1\n|-damage|p1b: Orthworm|99/100\n|move|p1a: Sinistcha|Matcha Gotcha|p2b: Incineroar|[spread] p2a,p2b\n|-resisted|p2b: Incineroar|1\n|-damage|p2a: Garchomp|70/100\n|-heal|p1a: Sinistcha|100/100|[from] drain|[of] p2a: Garchomp\n|-damage|p2b: Incineroar|83/100\n|cant|p1b: Orthworm|flinch\n|\n|-weather|Sandstorm|[upkeep]\n|-damage|p1a: Sinistcha|94/100|[from] Sandstorm\n|-damage|p2b: Incineroar|77/100|[from] Sandstorm\n|upkeep\n|turn|5\n|inactive|0TX - Zenith has 30 seconds left.\n|\n|t:|1776421952\n|move|p1a: Sinistcha|Protect|p1a: Sinistcha\n|-singleturn|p1a: Sinistcha|Protect\n|move|p2a: Garchomp|Flamethrower|p1b: Orthworm\n|-supereffective|p1b: Orthworm|1\n|-damage|p1b: Orthworm|47/100\n|-enditem|p1b: Orthworm|Sitrus Berry|[eat]\n|-heal|p1b: Orthworm|72/100|[from] item: Sitrus Berry\n|move|p1b: Orthworm|Body Press|p2b: Incineroar\n|-supereffective|p2b: Incineroar|1\n|-enditem|p2b: Incineroar|Chople Berry|[eat]\n|-enditem|p2b: Incineroar|Chople Berry|[weaken]\n|-damage|p2b: Incineroar|40/100\n|move|p2b: Incineroar|Darkest Lariat|p1b: Orthworm\n|-damage|p1b: Orthworm|47/100\n|\n|-weather|none\n|upkeep\n|turn|6\n|\n|t:|1776421975\n|switch|p1a: Tyranitar|Tyranitar, L50, F|100/100\n|-weather|Sandstorm|[from] ability: Sand Stream|[of] p1a: Tyranitar\n|move|p1b: Orthworm|Protect|p1b: Orthworm\n|-singleturn|p1b: Orthworm|Protect\n|move|p2a: Garchomp|Flamethrower|p1b: Orthworm\n|-activate|p1b: Orthworm|move: Protect\n|move|p2b: Incineroar|Flare Blitz|p1b: Orthworm\n|-activate|p1b: Orthworm|move: Protect\n|\n|-weather|Sandstorm|[upkeep]\n|-damage|p2b: Incineroar|34/100|[from] Sandstorm\n|upkeep\n|turn|7\n|\n|t:|1776421995\n|switch|p1a: Sinistcha|Sinistcha, L50|94/100\n|-heal|p1b: Orthworm|72/100|[from] ability: Hospitality|[of] p1a: Sinistcha\n|move|p2a: Garchomp|Flamethrower|p1b: Orthworm\n|-supereffective|p1b: Orthworm|1\n|-damage|p1b: Orthworm|10/100\n|move|p1b: Orthworm|Body Press|p2b: Incineroar\n|-supereffective|p2b: Incineroar|1\n|-damage|p2b: Incineroar|0 fnt\n|faint|p2b: Incineroar\n|\n|-weather|Sandstorm|[upkeep]\n|-damage|p1a: Sinistcha|88/100|[from] Sandstorm\n|upkeep\n|\n|t:|1776422007\n|switch|p2b: Sinistcha|Sinistcha, L50|100/100\n|-heal|p2a: Garchomp|95/100|[from] ability: Hospitality|[of] p2b: Sinistcha\n|turn|8\n|\n|t:|1776422019\n|switch|p1b: Tyranitar|Tyranitar, L50, F|100/100\n|move|p2a: Garchomp|Flamethrower|p1b: Tyranitar\n|-resisted|p1b: Tyranitar|1\n|-damage|p1b: Tyranitar|95/100\n|move|p1a: Sinistcha|Matcha Gotcha|p2a: Garchomp|[spread] p2b\n|-miss|p1a: Sinistcha|p2a: Garchomp\n|-resisted|p2b: Sinistcha|1\n|-damage|p2b: Sinistcha|87/100\n|-heal|p1a: Sinistcha|95/100|[from] drain|[of] p2b: Sinistcha\n|move|p2b: Sinistcha|Matcha Gotcha|p1a: Sinistcha|[spread] p1a,p1b\n|-resisted|p1a: Sinistcha|1\n|-supereffective|p1b: Tyranitar|1\n|-damage|p1a: Sinistcha|83/100\n|-heal|p2b: Sinistcha|93/100|[from] drain|[of] p1a: Sinistcha\n|-damage|p1b: Tyranitar|74/100\n|-heal|p2b: Sinistcha|100/100|[from] drain|[of] p1b: Tyranitar\n|-status|p1a: Sinistcha|brn\n|\n|-weather|Sandstorm|[upkeep]\n|-damage|p2b: Sinistcha|94/100|[from] Sandstorm\n|-damage|p1a: Sinistcha|76/100 brn|[from] Sandstorm\n|-damage|p1a: Sinistcha|70/100 brn|[from] brn\n|upkeep\n|turn|9\n|inactive|josh elmo has 30 seconds left.\n|\n|t:|1776422046\n|move|p2a: Garchomp|Flamethrower|p1a: Sinistcha\n|-supereffective|p1a: Sinistcha|1\n|-damage|p1a: Sinistcha|12/100 brn\n|move|p2b: Sinistcha|Matcha Gotcha|p1a: Sinistcha|[spread] p1a,p1b\n|-resisted|p1a: Sinistcha|1\n|-supereffective|p1b: Tyranitar|1\n|-damage|p1a: Sinistcha|0 fnt\n|-heal|p2b: Sinistcha|99/100|[from] drain|[of] p1a: Sinistcha\n|-damage|p1b: Tyranitar|56/100\n|-heal|p2b: Sinistcha|100/100|[from] drain|[of] p1b: Tyranitar\n|-status|p1b: Tyranitar|brn\n|faint|p1a: Sinistcha\n|move|p1b: Tyranitar|Knock Off|p2b: Sinistcha\n|-supereffective|p2b: Sinistcha|1\n|-damage|p2b: Sinistcha|65/100\n|-enditem|p2b: Sinistcha|Sitrus Berry|[from] move: Knock Off|[of] p1b: Tyranitar\n|\n|-weather|Sandstorm|[upkeep]\n|-damage|p2b: Sinistcha|59/100|[from] Sandstorm\n|-damage|p1b: Tyranitar|50/100 brn|[from] brn\n|upkeep\n|\n|t:|1776422060\n|switch|p1a: Orthworm|Orthworm, L50, F|10/100\n|turn|10\n|\n|t:|1776422068\n|move|p1a: Orthworm|Protect|p1a: Orthworm\n|-singleturn|p1a: Orthworm|Protect\n|move|p2a: Garchomp|Flamethrower|p1a: Orthworm\n|-activate|p1a: Orthworm|move: Protect\n|move|p2b: Sinistcha|Matcha Gotcha|p1b: Tyranitar|[spread] p1b\n|-activate|p1a: Orthworm|move: Protect\n|-supereffective|p1b: Tyranitar|1\n|-damage|p1b: Tyranitar|29/100 brn\n|-heal|p2b: Sinistcha|71/100|[from] drain|[of] p1b: Tyranitar\n|move|p1b: Tyranitar|Rock Slide|p2b: Sinistcha|[spread] p2a,p2b\n|-resisted|p2a: Garchomp|1\n|-damage|p2a: Garchomp|90/100\n|-damage|p2b: Sinistcha|61/100\n|\n|-weather|none\n|-damage|p1b: Tyranitar|23/100 brn|[from] brn\n|upkeep\n|turn|11\n|-message|josh elmo forfeited.\n|\n|win|0TX - Zenith\n|raw|josh elmo's rating: 1249 &rarr; <strong>1225</strong><br />(-24 for losing)\n|raw|0TX - Zenith's rating: 1261 &rarr; <strong>1285</strong><br />(+24 for winning)\n|l|\u2606josh elmo\n|player|p1|\n",
  "uploadtime": 1776422086,
  "views": 42,
  "formatid": "gen9championsvgc2026regma",
  "rating": 1225,
  "private": 0,
  "password": null
}