{
  "id": "gen9championsvgc2026regma-2588454353",
  "format": "[Gen 9 Champions] VGC 2026 Reg M-A",
  "players": [
    "auriem",
    "reggie1000"
  ],
  "log": "|j|\u2606auriem\n|j|\u2606reggie1000\n|t:|1776634953\n|gametype|doubles\n|player|p1|auriem|265|1030\n|player|p2|reggie1000|102|1091\n|gen|9\n|tier|[Gen 9 Champions] VGC 2026 Reg M-A\n|rated|\n|rule|Species Clause: Limit one of each Pok\u00e9mon\n|rule|Item Clause: Limit 1 of each item\n|clearpoke\n|poke|p1|Basculegion, L50, M|\n|poke|p1|Whimsicott, L50, M|\n|poke|p1|Delphox, L50, F|\n|poke|p1|Sneasler, L50, M|\n|poke|p1|Rotom-Wash, L50|\n|poke|p1|Tyranitar, L50, F|\n|poke|p2|Scovillain, L50, F|\n|poke|p2|Dragapult, L50, F|\n|poke|p2|Sinistcha-Masterpiece, L50|\n|poke|p2|Tauros-Paldea-Aqua, L50, M|\n|poke|p2|Toxapex, L50, F|\n|poke|p2|Farigiraf, L50, F|\n|teampreview|4\n|\n|t:|1776634985\n|teamsize|p1|4\n|teamsize|p2|4\n|start\n|switch|p1a: Whimsicott|Whimsicott, L50, M|100/100\n|switch|p1b: Basculegion|Basculegion, L50, M|100/100\n|switch|p2a: Load of bull|Tauros-Paldea-Aqua, L50, M|100/100\n|switch|p2b: Can't touch this|Scovillain, L50, F|100/100\n|-ability|p2a: Load of bull|Intimidate|boost\n|-unboost|p1a: Whimsicott|atk|1\n|-unboost|p1b: Basculegion|atk|1\n|turn|1\n|\n|t:|1776635005\n|switch|p1b: Rotom|Rotom-Wash, L50|100/100\n|move|p1a: Whimsicott|Tailwind|p1a: Whimsicott\n|-sidestart|p1: auriem|move: Tailwind\n|move|p2a: Load of bull|Rock Slide|p1a: Whimsicott|[spread] p1a,p1b\n|-damage|p1a: Whimsicott|78/100\n|-damage|p1b: Rotom|78/100\n|move|p2b: Can't touch this|Leech Seed|p1b: Rotom\n|-start|p1b: Rotom|move: Leech Seed\n|\n|-damage|p1b: Rotom|66/100|[from] Leech Seed|[of] p2b: Can't touch this\n|-ability|p2b: Can't touch this|Moody|boost\n|-boost|p2b: Can't touch this|spe|2\n|-unboost|p2b: Can't touch this|atk|1\n|upkeep\n|turn|2\n|\n|t:|1776635033\n|move|p1a: Whimsicott|Encore|p2b: Can't touch this\n|-start|p2b: Can't touch this|Encore\n|move|p1b: Rotom|Hydro Pump|p2b: Can't touch this\n|-damage|p2b: Can't touch this|51/100\n|move|p2a: Load of bull|Rock Slide|p1b: Rotom|[spread] p1a\n|-miss|p2a: Load of bull|p1b: Rotom\n|-damage|p1a: Whimsicott|53/100\n|move|p2b: Can't touch this|Leech Seed|p1b: Rotom|[miss]\n|-miss|p2b: Can't touch this|p1b: Rotom\n|\n|-damage|p1b: Rotom|54/100|[from] Leech Seed|[of] p2b: Can't touch this\n|-heal|p2b: Can't touch this|60/100|[silent]\n|-ability|p2b: Can't touch this|Moody|boost\n|-boost|p2b: Can't touch this|spd|2\n|-unboost|p2b: Can't touch this|spa|1\n|upkeep\n|turn|3\n|\n|t:|1776635061\n|move|p1a: Whimsicott|Moonblast|p2b: Can't touch this\n|-resisted|p2b: Can't touch this|1\n|-damage|p2b: Can't touch this|54/100\n|move|p1b: Rotom|Hydro Pump|p2b: Can't touch this\n|-damage|p2b: Can't touch this|30/100\n|move|p2a: Load of bull|Rock Slide|p1a: Whimsicott|[spread] p1a,p1b\n|-damage|p1a: Whimsicott|31/100\n|-damage|p1b: Rotom|30/100\n|-enditem|p1b: Rotom|Sitrus Berry|[eat]\n|-heal|p1b: Rotom|54/100|[from] item: Sitrus Berry\n|move|p2b: Can't touch this|Leech Seed|p1a: Whimsicott\n|-immune|p1a: Whimsicott\n|\n|-damage|p1b: Rotom|42/100|[from] Leech Seed|[of] p2b: Can't touch this\n|-heal|p2b: Can't touch this|39/100|[silent]\n|-ability|p2b: Can't touch this|Moody|boost\n|-boost|p2b: Can't touch this|def|2\n|-unboost|p2b: Can't touch this|atk|1\n|upkeep\n|turn|4\n|\n|t:|1776635115\n|detailschange|p2b: Can't touch this|Scovillain-Mega, L50, F\n|-mega|p2b: Can't touch this|Scovillain|Scovillainite\n|move|p1a: Whimsicott|Moonblast|p2a: Load of bull\n|-supereffective|p2a: Load of bull|1\n|-damage|p2a: Load of bull|25/100\n|move|p1b: Rotom|Thunderbolt|p2a: Load of bull\n|-supereffective|p2a: Load of bull|1\n|-damage|p2a: Load of bull|0 fnt\n|faint|p2a: Load of bull\n|move|p2b: Can't touch this|Leech Seed|p1a: Whimsicott\n|-immune|p1a: Whimsicott\n|\n|-damage|p1b: Rotom|30/100|[from] Leech Seed|[of] p2b: Can't touch this\n|-heal|p2b: Can't touch this|48/100|[silent]\n|-end|p2b: Can't touch this|Encore\n|-sideend|p1: auriem|move: Tailwind\n|upkeep\n|\n|t:|1776635129\n|switch|p2a: That's the tea|Sinistcha-Masterpiece, L50|100/100\n|-heal|p2b: Can't touch this|73/100|[from] ability: Hospitality|[of] p2a: That's the tea\n|turn|5\n|\n|t:|1776635145\n|switch|p1b: Sneasler|Sneasler, L50, M|100/100\n|move|p2a: That's the tea|Rage Powder|p2a: That's the tea\n|-singleturn|p2a: That's the tea|move: Rage Powder\n|move|p1a: Whimsicott|Encore|p2b: Can't touch this\n|-start|p2b: Can't touch this|Encore\n|move|p2b: Can't touch this|Leech Seed|p1b: Sneasler|[miss]\n|-miss|p2b: Can't touch this|p1b: Sneasler\n|\n|upkeep\n|turn|6\n|\n|t:|1776635161\n|move|p2b: Can't touch this|Leech Seed|p1b: Sneasler\n|-start|p1b: Sneasler|move: Leech Seed\n|move|p1a: Whimsicott|Moonblast|p2a: That's the tea\n|-damage|p2a: That's the tea|70/100\n|move|p1b: Sneasler|Dire Claw|p2a: That's the tea\n|-damage|p2a: That's the tea|38/100\n|-enditem|p2a: That's the tea|Sitrus Berry|[eat]\n|-heal|p2a: That's the tea|63/100|[from] item: Sitrus Berry\n|move|p2a: That's the tea|Life Dew|p2a: That's the tea|[spread] p2a,p2b\n|-heal|p2a: That's the tea|88/100\n|-heal|p2b: Can't touch this|98/100\n|\n|-damage|p1b: Sneasler|88/100|[from] Leech Seed|[of] p2b: Can't touch this\n|-heal|p2b: Can't touch this|100/100|[silent]\n|upkeep\n|turn|7\n|\n|t:|1776635185\n|move|p2a: That's the tea|Protect|p2a: That's the tea\n|-singleturn|p2a: That's the tea|Protect\n|move|p1a: Whimsicott|Tailwind|p1a: Whimsicott\n|-sidestart|p1: auriem|move: Tailwind\n|move|p1b: Sneasler|Dire Claw|p2a: That's the tea\n|-activate|p2a: That's the tea|move: Protect\n|move|p2b: Can't touch this|Leech Seed|p1a: Whimsicott\n|-immune|p1a: Whimsicott\n|\n|-damage|p1b: Sneasler|76/100|[from] Leech Seed|[of] p2b: Can't touch this\n|-end|p2b: Can't touch this|Encore\n|upkeep\n|turn|8\n|\n|t:|1776635214\n|move|p2b: Can't touch this|Protect|p2b: Can't touch this\n|-singleturn|p2b: Can't touch this|Protect\n|move|p1a: Whimsicott|Moonblast|p2a: That's the tea\n|-damage|p2a: That's the tea|59/100\n|move|p1b: Sneasler|Dire Claw|p2b: Can't touch this\n|-activate|p2b: Can't touch this|move: Protect\n|move|p2a: That's the tea|Matcha Gotcha|p1b: Sneasler|[spread] p1a,p1b\n|-resisted|p1a: Whimsicott|1\n|-resisted|p1b: Sneasler|1\n|-damage|p1a: Whimsicott|15/100\n|-heal|p2a: That's the tea|67/100|[from] drain|[of] p1a: Whimsicott\n|-damage|p1b: Sneasler|60/100\n|-heal|p2a: That's the tea|74/100|[from] drain|[of] p1b: Sneasler\n|\n|-damage|p1b: Sneasler|48/100|[from] Leech Seed|[of] p2b: Can't touch this\n|upkeep\n|turn|9\n|\n|t:|1776635236\n|move|p1a: Whimsicott|Encore|p2b: Can't touch this\n|-start|p2b: Can't touch this|Encore\n|move|p2b: Can't touch this|Protect|p2b: Can't touch this\n|-singleturn|p2b: Can't touch this|Protect\n|move|p1b: Sneasler|Dire Claw|p2a: That's the tea\n|-damage|p2a: That's the tea|43/100\n|-status|p2a: That's the tea|par\n|move|p2a: That's the tea|Matcha Gotcha|p1a: Whimsicott|[spread] p1a,p1b\n|-resisted|p1a: Whimsicott|1\n|-crit|p1a: Whimsicott\n|-resisted|p1b: Sneasler|1\n|-damage|p1a: Whimsicott|0 fnt\n|-heal|p2a: That's the tea|50/100 par|[from] drain|[of] p1a: Whimsicott\n|-damage|p1b: Sneasler|31/100\n|-heal|p2a: That's the tea|58/100 par|[from] drain|[of] p1b: Sneasler\n|faint|p1a: Whimsicott\n|\n|-damage|p1b: Sneasler|19/100|[from] Leech Seed|[of] p2b: Can't touch this\n|upkeep\n|\n|t:|1776635257\n|switch|p1a: Basculegion|Basculegion, L50, M|100/100\n|turn|10\n|c|\u2606reggie1000|i mean yeah it's called can't touch this but you kinda gotta kill it at some point\n|\n|t:|1776635272\n|move|p2b: Can't touch this|Protect|p2b: Can't touch this\n|-singleturn|p2b: Can't touch this|Protect\n|move|p1a: Basculegion|Last Respects|p2a: That's the tea\n|-supereffective|p2a: That's the tea|1\n|-damage|p2a: That's the tea|0 fnt\n|faint|p2a: That's the tea\n|move|p1b: Sneasler|Dire Claw|p2b: Can't touch this\n|-activate|p2b: Can't touch this|move: Protect\n|\n|-damage|p1b: Sneasler|6/100|[from] Leech Seed|[of] p2b: Can't touch this\n|-sideend|p1: auriem|move: Tailwind\n|upkeep\n|\n|t:|1776635277\n|switch|p2a: Have my babies|Dragapult, L50, F|100/100\n|turn|11\n|\n|t:|1776635317\n|move|p2b: Can't touch this|Protect||[still]\n|-fail|p2b: Can't touch this\n|move|p1a: Basculegion|Last Respects|p2a: Have my babies\n|-supereffective|p2a: Have my babies|1\n|-enditem|p2a: Have my babies|Focus Sash\n|-damage|p2a: Have my babies|1/100\n|move|p2a: Have my babies|Dragon Darts|p1b: Sneasler\n|-damage|p1b: Sneasler|0 fnt\n|-anim|p2a: Have my babies|Dragon Darts|p1a: Basculegion\n|-damage|p1a: Basculegion|76/100\n|faint|p1b: Sneasler\n|\n|-end|p2b: Can't touch this|Encore\n|upkeep\n|\n|t:|1776635330\n|switch|p1b: Rotom|Rotom-Wash, L50|30/100\n|turn|12\n|\n|t:|1776635345\n|move|p1a: Basculegion|Last Respects|p2b: Can't touch this\n|-damage|p2b: Can't touch this|48/100\n|-status|p1a: Basculegion|brn|[from] ability: Spicy Spray|[of] p2b: Can't touch this\n|move|p2a: Have my babies|Disable|p1a: Basculegion\n|-start|p1a: Basculegion|Disable|Last Respects\n|move|p2b: Can't touch this|Giga Drain|p1b: Rotom\n|-supereffective|p1b: Rotom|1\n|-damage|p1b: Rotom|0 fnt\n|-heal|p2b: Can't touch this|59/100|[from] drain|[of] p1b: Rotom\n|faint|p1b: Rotom\n|\n|-damage|p1a: Basculegion|70/100 brn|[from] brn\n|upkeep\n|turn|13\n|\n|t:|1776635357\n|-activate|p1a: Basculegion|move: Struggle\n|move|p1a: Basculegion|Struggle|p2b: Can't touch this\n|-damage|p2b: Can't touch this|55/100\n|-damage|p1a: Basculegion|45/100 brn|[from] recoil\n|move|p2a: Have my babies|Reflect|p2a: Have my babies\n|-sidestart|p2: reggie1000|Reflect\n|move|p2b: Can't touch this|Giga Drain|p1a: Basculegion\n|-supereffective|p1a: Basculegion|1\n|-damage|p1a: Basculegion|0 fnt\n|-heal|p2b: Can't touch this|80/100|[from] drain|[of] p1a: Basculegion\n|faint|p1a: Basculegion\n|\n|win|reggie1000\n|raw|auriem's rating: 1030 &rarr; <strong>1018</strong><br />(-12 for losing)\n|raw|reggie1000's rating: 1091 &rarr; <strong>1113</strong><br />(+22 for winning)\n|l|\u2606auriem\n|player|p1|\n",
  "uploadtime": 1776635368,
  "views": 16,
  "formatid": "gen9championsvgc2026regma",
  "rating": 1018,
  "private": 0,
  "password": null
}