{
  "id": "gen9championsvgc2026regma-2584854496",
  "format": "[Gen 9 Champions] VGC 2026 Reg M-A",
  "players": [
    "benny bagatelli",
    "Mirthinion"
  ],
  "log": "|j|\u2606benny bagatelli\n|j|\u2606Mirthinion\n|t:|1776288900\n|gametype|doubles\n|player|p1|benny bagatelli|skier|1382\n|player|p2|Mirthinion|janitor|1449\n|gen|9\n|tier|[Gen 9 Champions] VGC 2026 Reg M-A\n|rated|\n|rule|Species Clause: Limit one of each Pok\u00e9mon\n|rule|Item Clause: Limit 1 of each item\n|clearpoke\n|poke|p1|Sneasler, L50, F|\n|poke|p1|Incineroar, L50, F|\n|poke|p1|Rotom-Wash, L50|\n|poke|p1|Aerodactyl, L50, M|\n|poke|p1|Garchomp, L50, F|\n|poke|p1|Floette-Eternal, L50, F|\n|poke|p2|Tyranitar, L50, M|\n|poke|p2|Lycanroc, L50, M|\n|poke|p2|Primarina, L50, F|\n|poke|p2|Corviknight, L50, M|\n|poke|p2|Sneasler, L50, M|\n|poke|p2|Incineroar, L50, M|\n|teampreview|4\n|inactive|Battle timer is ON: inactive players will automatically lose when time's up. (requested by Mirthinion)\nbenny bagatelli rejected open team sheets.\n|inactive|Mirthinion has 60 seconds left.\n|inactive|Mirthinion has 30 seconds left.\n|inactive|Mirthinion has 20 seconds left.\n|inactive|Mirthinion has 15 seconds left.\n|inactive|Mirthinion has 10 seconds left.\n|inactive|Mirthinion has 5 seconds left.\n|\n|t:|1776288990\n|teamsize|p1|4\n|teamsize|p2|4\n|start\n|switch|p1a: Aerodactyl|Aerodactyl, L50, M|100/100\n|switch|p1b: Sneasler|Sneasler, L50, F|100/100\n|switch|p2a: Tyranitar|Tyranitar, L50, M|100/100\n|switch|p2b: Lycanroc|Lycanroc, L50, M|100/100\n|-ability|p1a: Aerodactyl|Unnerve\n|-weather|Sandstorm|[from] ability: Sand Stream|[of] p2a: Tyranitar\n|turn|1\n|inactive|Mirthinion has 30 seconds left.\n|inactive|Mirthinion has 20 seconds left.\n|inactive|Mirthinion has 15 seconds left.\n|inactive|Mirthinion has 10 seconds left.\n|inactive|Mirthinion has 5 seconds left.\n|\n|t:|1776289045\n|move|p2b: Lycanroc|Protect|p2b: Lycanroc\n|-singleturn|p2b: Lycanroc|Protect\n|move|p2a: Tyranitar|Protect|p2a: Tyranitar\n|-singleturn|p2a: Tyranitar|Protect\n|move|p1b: Sneasler|Fake Out|p2b: Lycanroc\n|-activate|p2b: Lycanroc|move: Protect\n|move|p1a: Aerodactyl|Tailwind|p1a: Aerodactyl\n|-sidestart|p1: benny bagatelli|move: Tailwind\n|\n|-weather|Sandstorm|[upkeep]\n|-damage|p1b: Sneasler|94/100|[from] Sandstorm\n|upkeep\n|turn|2\n|inactive|benny bagatelli has 30 seconds left.\n|inactive|Mirthinion has 30 seconds left.\n|inactive|benny bagatelli has 20 seconds left.\n|inactive|Mirthinion has 20 seconds left.\n|inactive|benny bagatelli has 15 seconds left.\n|inactive|Mirthinion has 15 seconds left.\n|\n|t:|1776289086\n|switch|p2a: Corviknight|Corviknight, L50, M|100/100\n|move|p1a: Aerodactyl|Rock Slide|p2a: Corviknight|[spread] p2a\n|-miss|p1a: Aerodactyl|p2b: Lycanroc\n|-damage|p2a: Corviknight|80/100\n|move|p1b: Sneasler|Close Combat|p2b: Lycanroc\n|-supereffective|p2b: Lycanroc|1\n|-enditem|p2b: Lycanroc|Focus Sash\n|-damage|p2b: Lycanroc|1/100\n|-unboost|p1b: Sneasler|def|1\n|-unboost|p1b: Sneasler|spd|1\n|-enditem|p1b: Sneasler|White Herb\n|-clearnegativeboost|p1b: Sneasler|[silent]\n|move|p2b: Lycanroc|Rock Slide|p1a: Aerodactyl|[spread] p1a,p1b\n|-supereffective|p1a: Aerodactyl|1\n|-resisted|p1b: Sneasler|1\n|-damage|p1a: Aerodactyl|6/100\n|-damage|p1b: Sneasler|71/100\n|\n|-weather|Sandstorm|[upkeep]\n|-damage|p1b: Sneasler|65/100|[from] Sandstorm\n|upkeep\n|turn|3\n|inactive|Mirthinion has 30 seconds left.\n|\n|t:|1776289113\n|move|p1a: Aerodactyl|Protect|p1a: Aerodactyl\n|-singleturn|p1a: Aerodactyl|Protect\n|move|p2b: Lycanroc|Protect|p2b: Lycanroc\n|-singleturn|p2b: Lycanroc|Protect\n|move|p1b: Sneasler|Dire Claw|p2b: Lycanroc\n|-activate|p2b: Lycanroc|move: Protect\n|move|p2a: Corviknight|Brave Bird|p1b: Sneasler\n|-supereffective|p1b: Sneasler|1\n|-damage|p1b: Sneasler|0 fnt\n|faint|p1b: Sneasler\n|-damage|p2a: Corviknight|63/100|[from] Recoil\n|\n|-weather|Sandstorm|[upkeep]\n|upkeep\n|\n|t:|1776289119\n|switch|p1b: Rotom|Rotom-Wash, L50|100/100\n|turn|4\n|\n|t:|1776289133\n|switch|p1a: Floette|Floette-Eternal, L50, F|100/100\n|switch|p2a: Tyranitar|Tyranitar, L50, M|100/100\n|move|p2b: Lycanroc|Accelerock|p1a: Floette\n|-crit|p1a: Floette\n|-damage|p1a: Floette|61/100\n|move|p1b: Rotom|Electroweb|p2a: Tyranitar|[spread] p2a,p2b\n|-damage|p2a: Tyranitar|90/100\n|-damage|p2b: Lycanroc|0 fnt\n|-unboost|p2a: Tyranitar|spe|1\n|faint|p2b: Lycanroc\n|\n|-weather|Sandstorm|[upkeep]\n|-damage|p1b: Rotom|95/100|[from] Sandstorm\n|-damage|p1a: Floette|55/100|[from] Sandstorm\n|-sideend|p1: benny bagatelli|move: Tailwind\n|upkeep\n|\n|t:|1776289148\n|switch|p2b: Corviknight|Corviknight, L50, M|63/100\n|turn|5\n|\n|t:|1776289164\n|detailschange|p1a: Floette|Floette-Mega, L50, F\n|-mega|p1a: Floette|Floette|Floettite\n|-ability|p1a: Floette|Fairy Aura\n|detailschange|p2a: Tyranitar|Tyranitar-Mega, L50, M\n|-mega|p2a: Tyranitar|Tyranitar|Tyranitarite\n|move|p1b: Rotom|Electroweb|p2b: Corviknight|[spread] p2a,p2b\n|-supereffective|p2b: Corviknight|1\n|-damage|p2a: Tyranitar|80/100\n|-damage|p2b: Corviknight|37/100\n|-unboost|p2a: Tyranitar|spe|1\n|-ability|p2b: Corviknight|Mirror Armor\n|-unboost|p1b: Rotom|spe|1\n|-enditem|p2b: Corviknight|Sitrus Berry|[eat]\n|-heal|p2b: Corviknight|62/100|[from] item: Sitrus Berry\n|move|p1a: Floette|Dazzling Gleam|p2a: Tyranitar|[spread] p2a,p2b\n|-supereffective|p2a: Tyranitar|1\n|-resisted|p2b: Corviknight|1\n|-damage|p2a: Tyranitar|28/100\n|-damage|p2b: Corviknight|43/100\n|move|p2b: Corviknight|Iron Head|p1a: Floette\n|-supereffective|p1a: Floette|1\n|-damage|p1a: Floette|2/100\n|move|p2a: Tyranitar|Knock Off|p1b: Rotom\n|-damage|p1b: Rotom|29/100\n|-enditem|p1b: Rotom|Choice Scarf|[from] move: Knock Off|[of] p2a: Tyranitar\n|\n|-weather|none\n|upkeep\n|turn|6\n|inactive|Mirthinion has 30 seconds left.\n|\n|t:|1776289197\n|move|p2a: Tyranitar|Protect|p2a: Tyranitar\n|-singleturn|p2a: Tyranitar|Protect\n|move|p1a: Floette|Dazzling Gleam|p2a: Tyranitar|[spread] p2b\n|-activate|p2a: Tyranitar|move: Protect\n|-resisted|p2b: Corviknight|1\n|-damage|p2b: Corviknight|26/100\n|move|p1b: Rotom|Volt Switch|p2b: Corviknight\n|-supereffective|p2b: Corviknight|1\n|-crit|p2b: Corviknight\n|-damage|p2b: Corviknight|0 fnt\n|faint|p2b: Corviknight\n|\n|t:|1776289200\n|switch|p1b: Aerodactyl|Aerodactyl, L50, M|6/100|[from] Volt Switch\n|-ability|p1b: Aerodactyl|Unnerve\n|\n|upkeep\n|\n|t:|1776289210\n|switch|p2b: Primarina|Primarina, L50, F|100/100\n|turn|7\n|\n|t:|1776289218\n|move|p1b: Aerodactyl|Rock Slide|p2a: Tyranitar|[spread] p2a\n|-miss|p1b: Aerodactyl|p2b: Primarina\n|-damage|p2a: Tyranitar|11/100\n|move|p1a: Floette|Dazzling Gleam|p2a: Tyranitar|[spread] p2a,p2b\n|-supereffective|p2a: Tyranitar|1\n|-damage|p2a: Tyranitar|0 fnt\n|-damage|p2b: Primarina|55/100\n|faint|p2a: Tyranitar\n|move|p2b: Primarina|Hyper Voice|p1a: Floette|[spread] p1a,p1b\n|-supereffective|p1b: Aerodactyl|1\n|-damage|p1a: Floette|0 fnt\n|-damage|p1b: Aerodactyl|0 fnt\n|faint|p1a: Floette\n|faint|p1b: Aerodactyl\n|\n|upkeep\n|\n|t:|1776289222\n|switch|p1b: Rotom|Rotom-Wash, L50|29/100\n|turn|8\n|-activate|p2b: Primarina|item: Quick Claw\n|\n|t:|1776289233\n|move|p2b: Primarina|Moonblast|p1b: Rotom\n|-damage|p1b: Rotom|0 fnt\n|faint|p1b: Rotom\n|\n|win|Mirthinion\n|raw|benny bagatelli's rating: 1382 &rarr; <strong>1366</strong><br />(-16 for losing)\n|raw|Mirthinion's rating: 1449 &rarr; <strong>1465</strong><br />(+16 for winning)\n",
  "uploadtime": 1776289240,
  "views": 47,
  "formatid": "gen9championsvgc2026regma",
  "rating": 1366,
  "private": 0,
  "password": null
}