{
  "id": "gen9championsvgc2026regma-2583968056",
  "format": "[Gen 9 Champions] VGC 2026 Reg M-A",
  "players": [
    "TehPinguen",
    "GalarianMissingno"
  ],
  "log": "|j|\u2606TehPinguen\n|j|\u2606GalarianMissingno\n|t:|1776212695\n|gametype|doubles\n|player|p1|TehPinguen|lady|1049\n|player|p2|GalarianMissingno|169|1069\n|gen|9\n|tier|[Gen 9 Champions] VGC 2026 Reg M-A\n|rated|\n|rule|Species Clause: Limit one of each Pok\u00e9mon\n|rule|Item Clause: Limit 1 of each item\n|clearpoke\n|poke|p1|Froslass, L50, F|\n|poke|p1|Ninetales-Alola, L50, F|\n|poke|p1|Conkeldurr, L50, M|\n|poke|p1|Clefable, L50, M|\n|poke|p1|Basculegion, L50, M|\n|poke|p1|Incineroar, L50, F|\n|poke|p2|Meganium, L50, M|\n|poke|p2|Aerodactyl, L50, F|\n|poke|p2|Sableye, L50, F|\n|poke|p2|Aegislash, L50, M|\n|poke|p2|Basculegion, L50, M|\n|poke|p2|Incineroar, L50, F|\n|teampreview|4\n|inactive|Battle timer is ON: inactive players will automatically lose when time's up. (requested by TehPinguen)\n|\n|t:|1776212737\n|teamsize|p1|4\n|teamsize|p2|4\n|start\n|switch|p1a: Froslass|Froslass, L50, F|100/100\n|switch|p1b: Basculegion|Basculegion, L50, M|100/100\n|switch|p2a: Sableye|Sableye, L50, F|100/100\n|switch|p2b: Meganium|Meganium, L50, M|100/100\n|turn|1\n|inactive|TehPinguen has 30 seconds left.\n|inactive|GalarianMissingno has 30 seconds left.\n|\n|t:|1776212770\n|switch|p2b: Incineroar|Incineroar, L50, F|100/100\n|-ability|p2b: Incineroar|Intimidate|boost\n|-unboost|p1a: Froslass|atk|1\n|-unboost|p1b: Basculegion|atk|1\n|detailschange|p1a: Froslass|Froslass-Mega, L50, F\n|-mega|p1a: Froslass|Froslass|Froslassite\n|-weather|Snowscape|[from] ability: Snow Warning|[of] p1a: Froslass\n|move|p2a: Sableye|Will-O-Wisp|p1b: Basculegion\n|-status|p1b: Basculegion|brn\n|move|p1b: Basculegion|Flip Turn|p2a: Sableye\n|-damage|p2a: Sableye|86/100\n|\n|t:|1776212783\n|switch|p1b: Incineroar|Incineroar, L50, F|100/100|[from] Flip Turn\n|-ability|p1b: Incineroar|Intimidate|boost\n|-unboost|p2a: Sableye|atk|1\n|-unboost|p2b: Incineroar|atk|1\n|move|p1a: Froslass|Blizzard|p2a: Sableye|[spread] p2a,p2b\n|-resisted|p2b: Incineroar|1\n|-damage|p2a: Sableye|25/100\n|-damage|p2b: Incineroar|78/100\n|\n|-weather|Snowscape|[upkeep]\n|upkeep\n|turn|2\n|\n|t:|1776212801\n|switch|p1a: Basculegion|Basculegion, L50, M|100/100 brn\n|move|p2a: Sableye|Rain Dance|p2a: Sableye\n|-weather|RainDance\n|move|p2b: Incineroar|Parting Shot|p1a: Basculegion\n|-unboost|p1a: Basculegion|atk|1\n|-unboost|p1a: Basculegion|spa|1\n|\n|t:|1776212809\n|switch|p2b: Basculegion|Basculegion, L50, M|100/100|[from] Parting Shot\n|move|p1b: Incineroar|Flare Blitz|p2a: Sableye\n|-damage|p2a: Sableye|0 fnt\n|faint|p2a: Sableye\n|-damage|p1b: Incineroar|94/100|[from] Recoil\n|\n|-weather|RainDance|[upkeep]\n|-damage|p1a: Basculegion|94/100 brn|[from] brn\n|upkeep\n|\n|t:|1776212821\n|switch|p2a: Meganium|Meganium, L50, M|100/100\n|turn|3\n|\n|t:|1776212844\n|detailschange|p2a: Meganium|Meganium-Mega, L50, M\n|-mega|p2a: Meganium|Meganium|Meganiumite\n|move|p1b: Incineroar|Protect|p1b: Incineroar\n|-singleturn|p1b: Incineroar|Protect\n|move|p2b: Basculegion|Flip Turn|p1b: Incineroar\n|-activate|p1b: Incineroar|move: Protect\n|move|p1a: Basculegion|Last Respects|p2b: Basculegion\n|-supereffective|p2b: Basculegion|1\n|-damage|p2b: Basculegion|69/100\n|move|p2a: Meganium|Weather Ball|p1a: Basculegion\n|-resisted|p1a: Basculegion|1\n|-damage|p1a: Basculegion|60/100 brn\n|\n|-weather|RainDance|[upkeep]\n|-damage|p1a: Basculegion|54/100 brn|[from] brn\n|upkeep\n|turn|4\n|inactive|TehPinguen has 30 seconds left.\n|\n|t:|1776212878\n|switch|p1b: Ninetales|Ninetales-Alola, L50, F|100/100\n|-weather|Snowscape|[from] ability: Snow Warning|[of] p1b: Ninetales\n|move|p2b: Basculegion|Flip Turn|p1b: Ninetales\n|-damage|p1b: Ninetales|63/100\n|\n|t:|1776212884\n|switch|p2b: Incineroar|Incineroar, L50, F|78/100|[from] Flip Turn\n|-ability|p2b: Incineroar|Intimidate|boost\n|-unboost|p1a: Basculegion|atk|1\n|-unboost|p1b: Ninetales|atk|1\n|move|p1a: Basculegion|Last Respects|p2b: Incineroar\n|-resisted|p2b: Incineroar|1\n|-damage|p2b: Incineroar|75/100\n|move|p2a: Meganium|Dazzling Gleam|p1b: Ninetales|[spread] p1a,p1b\n|-damage|p1a: Basculegion|14/100 brn\n|-damage|p1b: Ninetales|18/100\n|\n|-weather|Snowscape|[upkeep]\n|-damage|p1a: Basculegion|8/100 brn|[from] brn\n|upkeep\n|turn|5\n|\n|t:|1776212907\n|move|p1b: Ninetales|Protect|p1b: Ninetales\n|-singleturn|p1b: Ninetales|Protect\n|move|p2b: Incineroar|Fake Out|p1b: Ninetales\n|-activate|p1b: Ninetales|move: Protect\n|move|p1a: Basculegion|Last Respects|p2a: Meganium\n|-damage|p2a: Meganium|93/100\n|move|p2a: Meganium|Dazzling Gleam|p1b: Ninetales|[spread] p1a\n|-activate|p1b: Ninetales|move: Protect\n|-damage|p1a: Basculegion|0 fnt\n|faint|p1a: Basculegion\n|\n|-weather|Snowscape|[upkeep]\n|upkeep\n|\n|t:|1776212921\n|switch|p1a: Incineroar|Incineroar, L50, F|94/100\n|-ability|p1a: Incineroar|Intimidate|boost\n|-unboost|p2a: Meganium|atk|1\n|-unboost|p2b: Incineroar|atk|1\n|turn|6\n|inactive|GalarianMissingno has 30 seconds left.\n|inactive|GalarianMissingno has 20 seconds left.\n|\n|t:|1776212967\n|move|p2a: Meganium|Protect|p2a: Meganium\n|-singleturn|p2a: Meganium|Protect\n|move|p1b: Ninetales|Aurora Veil|p1b: Ninetales\n|-sidestart|p1: TehPinguen|move: Aurora Veil\n|move|p2b: Incineroar|Darkest Lariat|p1b: Ninetales\n|-resisted|p1b: Ninetales|1\n|-damage|p1b: Ninetales|11/100\n|move|p1a: Incineroar|Parting Shot|p2a: Meganium\n|-activate|p2a: Meganium|move: Protect\n|\n|-weather|Snowscape|[upkeep]\n|upkeep\n|turn|7\n|\n|t:|1776212988\n|switch|p2a: Basculegion|Basculegion, L50, M|69/100\n|move|p1b: Ninetales|Blizzard|p2b: Incineroar|[spread] p2a,p2b\n|-resisted|p2a: Basculegion|1\n|-resisted|p2b: Incineroar|1\n|-damage|p2a: Basculegion|51/100\n|-damage|p2b: Incineroar|59/100\n|move|p1a: Incineroar|Flare Blitz|p2a: Basculegion\n|-resisted|p2a: Basculegion|1\n|-damage|p2a: Basculegion|20/100\n|-damage|p1a: Incineroar|84/100|[from] Recoil\n|move|p2b: Incineroar|Parting Shot|p1b: Ninetales\n|-unboost|p1b: Ninetales|atk|1\n|-unboost|p1b: Ninetales|spa|1\n|\n|t:|1776213000\n|switch|p2b: Meganium|Meganium-Mega, L50, M|93/100|[from] Parting Shot\n|\n|-weather|Snowscape|[upkeep]\n|upkeep\n|turn|8\n|\n|t:|1776213012\n|switch|p2b: Incineroar|Incineroar, L50, F|59/100\n|-ability|p2b: Incineroar|Intimidate|boost\n|-unboost|p1a: Incineroar|atk|1\n|-unboost|p1b: Ninetales|atk|1\n|move|p2a: Basculegion|Aqua Jet|p1b: Ninetales\n|-damage|p1b: Ninetales|0 fnt\n|faint|p1b: Ninetales\n|move|p1a: Incineroar|Flare Blitz|p2a: Basculegion\n|-resisted|p2a: Basculegion|1\n|-damage|p2a: Basculegion|1/100\n|-damage|p1a: Incineroar|78/100|[from] Recoil\n|\n|-weather|none\n|upkeep\n|\n|t:|1776213028\n|switch|p1b: Froslass|Froslass-Mega, L50, F|100/100\n|-weather|Snowscape|[from] ability: Snow Warning|[of] p1b: Froslass\n|turn|9\n|inactive|TehPinguen has 30 seconds left.\n|inactive|GalarianMissingno has 30 seconds left.\n|inactive|TehPinguen has 20 seconds left.\n|\n|t:|1776213064\n|move|p2a: Basculegion|Aqua Jet|p1b: Froslass\n|-damage|p1b: Froslass|82/100\n|move|p1b: Froslass|Nasty Plot|p1b: Froslass\n|-boost|p1b: Froslass|spa|2\n|move|p2b: Incineroar|Parting Shot|p1b: Froslass\n|-unboost|p1b: Froslass|atk|1\n|-unboost|p1b: Froslass|spa|1\n|\n|t:|1776213072\n|switch|p2b: Meganium|Meganium-Mega, L50, M|93/100|[from] Parting Shot\n|move|p1a: Incineroar|Flare Blitz|p2a: Basculegion\n|-resisted|p2a: Basculegion|1\n|-damage|p2a: Basculegion|0 fnt\n|faint|p2a: Basculegion\n|-damage|p1a: Incineroar|77/100|[from] Recoil\n|\n|-weather|Snowscape|[upkeep]\n|upkeep\n|\n|t:|1776213080\n|switch|p2a: Incineroar|Incineroar, L50, F|59/100\n|-ability|p2a: Incineroar|Intimidate|boost\n|-unboost|p1a: Incineroar|atk|1\n|-unboost|p1b: Froslass|atk|1\n|turn|10\n|\n|t:|1776213104\n|move|p2b: Meganium|Protect|p2b: Meganium\n|-singleturn|p2b: Meganium|Protect\n|move|p1b: Froslass|Blizzard|p2b: Meganium|[spread] p2a\n|-activate|p2b: Meganium|move: Protect\n|-resisted|p2a: Incineroar|1\n|-damage|p2a: Incineroar|25/100\n|-status|p2a: Incineroar|frz\n|-enditem|p2a: Incineroar|Sitrus Berry|[eat]\n|-heal|p2a: Incineroar|50/100 frz|[from] item: Sitrus Berry\n|cant|p2a: Incineroar|frz\n|move|p1a: Incineroar|Flare Blitz|p2b: Meganium\n|-activate|p2b: Meganium|move: Protect\n|\n|-weather|Snowscape|[upkeep]\n|-sideend|p1: TehPinguen|move: Aurora Veil\n|upkeep\n|turn|11\n|inactive|TehPinguen has 30 seconds left.\n|inactive|TehPinguen has 20 seconds left.\n|\n|t:|1776213140\n|move|p2b: Meganium|Protect|p2b: Meganium\n|-singleturn|p2b: Meganium|Protect\n|move|p1b: Froslass|Blizzard|p2a: Incineroar|[spread] p2a\n|-activate|p2b: Meganium|move: Protect\n|-resisted|p2a: Incineroar|1\n|-damage|p2a: Incineroar|14/100 frz\n|cant|p2a: Incineroar|frz\n|move|p1a: Incineroar|Flare Blitz|p2b: Meganium\n|-activate|p2b: Meganium|move: Protect\n|\n|-weather|Snowscape|[upkeep]\n|upkeep\n|turn|12\n|\n|t:|1776213155\n|move|p2b: Meganium|Protect||[still]\n|-fail|p2b: Meganium\n|move|p1b: Froslass|Blizzard|p2a: Incineroar|[spread] p2a,p2b\n|-resisted|p2a: Incineroar|1\n|-supereffective|p2b: Meganium|1\n|-damage|p2a: Incineroar|0 fnt\n|-damage|p2b: Meganium|0 fnt\n|faint|p2a: Incineroar\n|faint|p2b: Meganium\n|\n|win|TehPinguen\n|raw|TehPinguen's rating: 1049 &rarr; <strong>1084</strong><br />(+35 for winning)\n|raw|GalarianMissingno's rating: 1069 &rarr; <strong>1047</strong><br />(-22 for losing)\n|l|\u2606GalarianMissingno\n|player|p2|\n",
  "uploadtime": 1776213164,
  "views": 12,
  "formatid": "gen9championsvgc2026regma",
  "rating": 1047,
  "private": 0,
  "password": null
}