{
  "id": "gen9championsvgc2026regma-2588770027",
  "format": "[Gen 9 Champions] VGC 2026 Reg M-A",
  "players": [
    "aHpEl",
    "michaelgscott"
  ],
  "log": "|j|\u2606aHpEl\n|j|\u2606michaelgscott\n|t:|1776668507\n|gametype|doubles\n|player|p1|aHpEl|2|1237\n|player|p2|michaelgscott|veteran|1235\n|gen|9\n|tier|[Gen 9 Champions] VGC 2026 Reg M-A\n|rated|\n|rule|Species Clause: Limit one of each Pok\u00e9mon\n|rule|Item Clause: Limit 1 of each item\n|clearpoke\n|poke|p1|Aggron, L50, F|\n|poke|p1|Farigiraf, L50, F|\n|poke|p1|Pelipper, L50, M|\n|poke|p1|Araquanid, L50, M|\n|poke|p1|Starmie, L50|\n|poke|p1|Sableye, L50, M|\n|poke|p2|Dragapult, L50, M|\n|poke|p2|Kingambit, L50, M|\n|poke|p2|Zoroark-Hisui, L50, F|\n|poke|p2|Whimsicott, L50, M|\n|poke|p2|Pidgeot, L50, F|\n|poke|p2|Sneasler, L50, M|\n|teampreview|4\n|\n|t:|1776668553\n|teamsize|p1|4\n|teamsize|p2|4\n|start\n|switch|p1a: Farigiraf|Farigiraf, L50, F|100/100\n|switch|p1b: Aggron|Aggron, L50, F|100/100\n|switch|p2a: Kingambit|Kingambit, L50, M|100/100\n|switch|p2b: Pidgeot|Pidgeot, L50, F|100/100\n|turn|1\n|inactive|Battle timer is ON: inactive players will automatically lose when time's up. (requested by michaelgscott)\n|\n|t:|1776668569\n|detailschange|p2b: Pidgeot|Pidgeot-Mega, L50, F\n|-mega|p2b: Pidgeot|Pidgeot|Pidgeotite\n|detailschange|p1b: Aggron|Aggron-Mega, L50, F\n|-mega|p1b: Aggron|Aggron|Aggronite\n|move|p2b: Pidgeot|Hurricane|p1a: Farigiraf\n|-damage|p1a: Farigiraf|38/100\n|-start|p1a: Farigiraf|confusion\n|move|p1b: Aggron|Iron Defense|p1b: Aggron\n|-boost|p1b: Aggron|def|2\n|move|p2a: Kingambit|Kowtow Cleave|p1a: Farigiraf\n|-supereffective|p1a: Farigiraf|1\n|-damage|p1a: Farigiraf|0 fnt\n|faint|p1a: Farigiraf\n|\n|upkeep\n|\n|t:|1776668584\n|switch|p1a: Araquanid|Araquanid, L50, M|100/100\n|turn|2\n|\n|t:|1776668598\n|move|p1a: Araquanid|Protect|p1a: Araquanid\n|-singleturn|p1a: Araquanid|Protect\n|move|p2b: Pidgeot|Heat Wave|p1b: Aggron|[spread] p1b\n|-activate|p1a: Araquanid|move: Protect\n|-supereffective|p1b: Aggron|1\n|-damage|p1b: Aggron|54/100\n|move|p1b: Aggron|Heavy Slam|p2b: Pidgeot\n|-damage|p2b: Pidgeot|19/100\n|move|p2a: Kingambit|Kowtow Cleave|p1a: Araquanid\n|-activate|p1a: Araquanid|move: Protect\n|\n|upkeep\n|turn|3\n|\n|t:|1776668613\n|move|p1a: Araquanid|Wide Guard|p1a: Araquanid\n|-singleturn|p1a: Araquanid|Wide Guard\n|move|p2a: Kingambit|Sucker Punch|p1b: Aggron\n|-damage|p1b: Aggron|45/100\n|move|p2b: Pidgeot|Heat Wave|p1a: Araquanid|[spread] \n|-activate|p1a: Araquanid|move: Wide Guard\n|-activate|p1b: Aggron|move: Wide Guard\n|move|p1b: Aggron|Body Press|p2a: Kingambit\n|-supereffective|p2a: Kingambit|2\n|-damage|p2a: Kingambit|0 fnt\n|faint|p2a: Kingambit\n|\n|upkeep\n|\n|t:|1776668629\n|switch|p2a: Sneasler|Sneasler, L50, M|100/100\n|turn|4\n|\n|t:|1776668649\n|move|p2a: Sneasler|Fake Out|p1b: Aggron\n|-resisted|p1b: Aggron|1\n|-crit|p1b: Aggron\n|-damage|p1b: Aggron|41/100\n|-immune|p1b: Aggron\n|move|p2b: Pidgeot|Hurricane|p1a: Araquanid\n|-supereffective|p1a: Araquanid|1\n|-damage|p1a: Araquanid|4/100\n|cant|p1b: Aggron|flinch\n|move|p1a: Araquanid|Liquidation|p2a: Sneasler\n|-enditem|p2a: Sneasler|Focus Sash\n|-damage|p2a: Sneasler|1/100\n|\n|upkeep\n|turn|5\n|\n|t:|1776668671\n|move|p1a: Araquanid|Wide Guard|p1a: Araquanid\n|-singleturn|p1a: Araquanid|Wide Guard\n|move|p2a: Sneasler|Feint|p1a: Araquanid\n|-activate|p1a: Araquanid|move: Feint\n|-damage|p1a: Araquanid|0 fnt\n|faint|p1a: Araquanid\n|move|p2b: Pidgeot|Hurricane|p1b: Aggron\n|-resisted|p1b: Aggron|1\n|-damage|p1b: Aggron|7/100\n|-start|p1b: Aggron|confusion\n|-activate|p1b: Aggron|confusion\n|move|p1b: Aggron|Heavy Slam|p2a: Sneasler\n|-damage|p2a: Sneasler|0 fnt\n|faint|p2a: Sneasler\n|\n|upkeep\n|\n|t:|1776668685\n|switch|p2a: Dragapult|Dragapult, L50, M|100/100\n|switch|p1a: Pelipper|Pelipper, L50, M|100/100\n|-weather|RainDance|[from] ability: Drizzle|[of] p1a: Pelipper\n|turn|6\n|\n|t:|1776668703\n|-end|p1b: Aggron|confusion\n|move|p1b: Aggron|Protect|p1b: Aggron\n|-singleturn|p1b: Aggron|Protect\n|move|p2a: Dragapult|Phantom Force||[still]\n|-prepare|p2a: Dragapult|Phantom Force\n|move|p2b: Pidgeot|Heat Wave|p1a: Pelipper|[spread] p1a\n|-activate|p1b: Aggron|move: Protect\n|-resisted|p1a: Pelipper|1\n|-damage|p1a: Pelipper|89/100\n|move|p1a: Pelipper|Hurricane|p2a: Dragapult|[miss]\n|-miss|p1a: Pelipper|p2a: Dragapult\n|\n|-weather|RainDance|[upkeep]\n|upkeep\n|turn|7\n|\n|t:|1776668720\n|move|p2a: Dragapult|Phantom Force|p1a: Pelipper|[from] lockedmove\n|-damage|p1a: Pelipper|12/100\n|move|p2b: Pidgeot|Heat Wave|p1b: Aggron|[spread] p1a,p1b\n|-resisted|p1a: Pelipper|1\n|-supereffective|p1b: Aggron|1\n|-damage|p1a: Pelipper|2/100\n|-damage|p1b: Aggron|0 fnt\n|faint|p1b: Aggron\n|move|p1a: Pelipper|Hurricane|p2b: Pidgeot\n|-damage|p2b: Pidgeot|0 fnt\n|faint|p2b: Pidgeot\n|\n|-weather|RainDance|[upkeep]\n|upkeep\n|turn|8\n|-message|aHpEl forfeited.\n|\n|win|michaelgscott\n|raw|aHpEl's rating: 1237 &rarr; <strong>1212</strong><br />(-25 for losing)\n|raw|michaelgscott's rating: 1235 &rarr; <strong>1260</strong><br />(+25 for winning)\n|l|\u2606aHpEl\n|player|p1|\n",
  "uploadtime": 1776668827,
  "views": 16,
  "formatid": "gen9championsvgc2026regma",
  "rating": 1212,
  "private": 0,
  "password": null
}