{
  "id": "gen9championsvgc2026regma-2582533707",
  "format": "[Gen 9 Champions] VGC 2026 Reg M-A",
  "players": [
    "JEzy225",
    "Papuas"
  ],
  "log": "|j|\u2606JEzy225\n|j|\u2606Papuas\n|t:|1776097767\n|gametype|doubles\n|player|p1|JEzy225|266|1105\n|player|p2|Papuas|blue|1112\n|gen|9\n|tier|[Gen 9 Champions] VGC 2026 Reg M-A\n|rated|\n|rule|Species Clause: Limit one of each Pok\u00e9mon\n|rule|Item Clause: Limit 1 of each item\n|clearpoke\n|poke|p1|Tyranitar, L50, F|\n|poke|p1|Excadrill, L50, F|\n|poke|p1|Sinistcha, L50|\n|poke|p1|Incineroar, L50, F|\n|poke|p1|Primarina, L50, M|\n|poke|p1|Corviknight, L50, M|\n|poke|p2|Gengar, L50, F|\n|poke|p2|Kommo-o, L50, F|\n|poke|p2|Floette-Eternal, L50, F|\n|poke|p2|Incineroar, L50, M|\n|poke|p2|Maushold, L50|\n|poke|p2|Primarina, L50, F|\n|teampreview|4\n|inactive|Battle timer is ON: inactive players will automatically lose when time's up. (requested by Papuas)\n|\n|t:|1776097805\n|teamsize|p1|4\n|teamsize|p2|4\n|start\n|switch|p1a: Tyranitar|Tyranitar, L50, F|100/100\n|switch|p1b: Incineroar|Incineroar, L50, F|100/100\n|switch|p2a: Kommo-o|Kommo-o, L50, F|100/100\n|switch|p2b: Incineroar|Incineroar, L50, M|100/100\n|-ability|p1b: Incineroar|Intimidate|boost\n|-unboost|p2a: Kommo-o|atk|1\n|-unboost|p2b: Incineroar|atk|1\n|-weather|Sandstorm|[from] ability: Sand Stream|[of] p1a: Tyranitar\n|-ability|p2b: Incineroar|Intimidate|boost\n|-unboost|p1a: Tyranitar|atk|1\n|-unboost|p1b: Incineroar|atk|1\n|turn|1\n|inactive|JEzy225 has 30 seconds left.\n|inactive|Papuas has 30 seconds left.\n|\n|t:|1776097830\n|move|p1b: Incineroar|Fake Out|p2b: Incineroar\n|-damage|p2b: Incineroar|91/100\n|move|p2a: Kommo-o|Clangorous Soul|p2a: Kommo-o\n|-boost|p2a: Kommo-o|atk|1\n|-boost|p2a: Kommo-o|def|1\n|-boost|p2a: Kommo-o|spa|1\n|-boost|p2a: Kommo-o|spd|1\n|-boost|p2a: Kommo-o|spe|1\n|-damage|p2a: Kommo-o|68/100\n|move|p1a: Tyranitar|Rock Slide|p2b: Incineroar|[spread] p2b\n|-miss|p1a: Tyranitar|p2a: Kommo-o\n|-supereffective|p2b: Incineroar|1\n|-crit|p2b: Incineroar\n|-damage|p2b: Incineroar|3/100\n|cant|p2b: Incineroar|flinch\n|\n|-weather|Sandstorm|[upkeep]\n|-damage|p1b: Incineroar|95/100|[from] Sandstorm\n|-damage|p2b: Incineroar|0 fnt|[from] Sandstorm\n|faint|p2b: Incineroar\n|-heal|p2a: Kommo-o|74/100|[from] item: Leftovers\n|upkeep\n|inactive|Papuas has 30 seconds left.\n|\n|t:|1776097860\n|switch|p2b: Floette|Floette-Eternal, L50, F|100/100\n|turn|2\n|\n|t:|1776097875\n|detailschange|p2b: Floette|Floette-Mega, L50, F\n|-mega|p2b: Floette|Floette|Floettite\n|-ability|p2b: Floette|Fairy Aura\n|move|p1a: Tyranitar|Protect|p1a: Tyranitar\n|-singleturn|p1a: Tyranitar|Protect\n|move|p2a: Kommo-o|Clanging Scales|p1b: Incineroar|[spread] p1b\n|-activate|p1a: Tyranitar|move: Protect\n|-damage|p1b: Incineroar|34/100\n|-unboost|p2a: Kommo-o|def|1\n|move|p2b: Floette|Dazzling Gleam|p1a: Tyranitar|[spread] p1b\n|-activate|p1a: Tyranitar|move: Protect\n|-damage|p1b: Incineroar|0 fnt\n|faint|p1b: Incineroar\n|\n|-weather|Sandstorm|[upkeep]\n|-damage|p2b: Floette|94/100|[from] Sandstorm\n|-heal|p2a: Kommo-o|80/100|[from] item: Leftovers\n|upkeep\n|\n|t:|1776097890\n|switch|p1b: Corviknight|Corviknight, L50, M|100/100\n|turn|3\n|inactive|JEzy225 has 30 seconds left.\n|\n|t:|1776097917\n|detailschange|p1a: Tyranitar|Tyranitar-Mega, L50, F\n|-mega|p1a: Tyranitar|Tyranitar|Tyranitarite\n|move|p2a: Kommo-o|Clanging Scales|p1a: Tyranitar|[spread] p1a,p1b\n|-crit|p1a: Tyranitar\n|-resisted|p1b: Corviknight|1\n|-damage|p1a: Tyranitar|58/100\n|-damage|p1b: Corviknight|76/100\n|-unboost|p2a: Kommo-o|def|1\n|move|p2b: Floette|Dazzling Gleam|p1b: Corviknight|[spread] p1a,p1b\n|-supereffective|p1a: Tyranitar|1\n|-resisted|p1b: Corviknight|1\n|-damage|p1a: Tyranitar|5/100\n|-damage|p1b: Corviknight|51/100\n|move|p1a: Tyranitar|Rock Slide|p2b: Floette|[spread] p2b\n|-miss|p1a: Tyranitar|p2a: Kommo-o\n|-damage|p2b: Floette|71/100\n|move|p1b: Corviknight|Tailwind|p1b: Corviknight\n|-sidestart|p1: JEzy225|move: Tailwind\n|\n|-weather|Sandstorm|[upkeep]\n|-damage|p2b: Floette|65/100|[from] Sandstorm\n|-heal|p2a: Kommo-o|86/100|[from] item: Leftovers\n|-heal|p1b: Corviknight|57/100|[from] item: Leftovers\n|upkeep\n|turn|4\n|\n|t:|1776097941\n|move|p1a: Tyranitar|Protect|p1a: Tyranitar\n|-singleturn|p1a: Tyranitar|Protect\n|move|p2a: Kommo-o|Protect|p2a: Kommo-o\n|-singleturn|p2a: Kommo-o|Protect\n|move|p1b: Corviknight|Brave Bird|p2a: Kommo-o\n|-activate|p2a: Kommo-o|move: Protect\n|move|p2b: Floette|Dazzling Gleam|p1a: Tyranitar|[spread] p1b\n|-activate|p1a: Tyranitar|move: Protect\n|-resisted|p1b: Corviknight|1\n|-damage|p1b: Corviknight|31/100\n|\n|-weather|Sandstorm|[upkeep]\n|-damage|p2b: Floette|59/100|[from] Sandstorm\n|-heal|p2a: Kommo-o|93/100|[from] item: Leftovers\n|-heal|p1b: Corviknight|37/100|[from] item: Leftovers\n|upkeep\n|turn|5\n|inactive|Papuas has 30 seconds left.\n|\n|t:|1776097969\n|switch|p1a: Sinistcha|Sinistcha, L50|100/100\n|-heal|p1b: Corviknight|62/100|[from] ability: Hospitality|[of] p1a: Sinistcha\n|switch|p2a: Primarina|Primarina, L50, F|100/100\n|move|p1b: Corviknight|Roost|p1b: Corviknight\n|-heal|p1b: Corviknight|100/100\n|-singleturn|p1b: Corviknight|move: Roost\n|move|p2b: Floette|Dazzling Gleam|p1b: Corviknight|[spread] p1a,p1b\n|-resisted|p1b: Corviknight|1\n|-damage|p1a: Sinistcha|42/100\n|-damage|p1b: Corviknight|74/100\n|-enditem|p1a: Sinistcha|Sitrus Berry|[eat]\n|-heal|p1a: Sinistcha|67/100|[from] item: Sitrus Berry\n|\n|-weather|none\n|-heal|p1b: Corviknight|80/100|[from] item: Leftovers\n|upkeep\n|turn|6\n|inactive|Papuas has 30 seconds left.\n|inactive|JEzy225 has 30 seconds left.\n|inactive|Papuas has 20 seconds left.\n|\n|t:|1776098008\n|move|p2b: Floette|Protect|p2b: Floette\n|-singleturn|p2b: Floette|Protect\n|move|p1a: Sinistcha|Matcha Gotcha|p2b: Floette|[spread] p2a\n|-activate|p2b: Floette|move: Protect\n|-supereffective|p2a: Primarina|1\n|-damage|p2a: Primarina|64/100\n|-heal|p1a: Sinistcha|86/100|[from] drain|[of] p2a: Primarina\n|move|p1b: Corviknight|Bulk Up|p1b: Corviknight\n|-boost|p1b: Corviknight|atk|1\n|-boost|p1b: Corviknight|def|1\n|move|p2a: Primarina|Hyper Voice|p1a: Sinistcha|[spread] p1a,p1b\n|-resisted|p1a: Sinistcha|1\n|-crit|p1b: Corviknight\n|-damage|p1a: Sinistcha|65/100\n|-damage|p1b: Corviknight|20/100\n|\n|-heal|p1b: Corviknight|26/100|[from] item: Leftovers\n|-sideend|p1: JEzy225|move: Tailwind\n|upkeep\n|turn|7\n|\n|t:|1776098031\n|move|p1a: Sinistcha|Rage Powder|p1a: Sinistcha\n|-singleturn|p1a: Sinistcha|move: Rage Powder\n|move|p2b: Floette|Dazzling Gleam|p1a: Sinistcha|[spread] p1a,p1b\n|-resisted|p1b: Corviknight|1\n|-damage|p1a: Sinistcha|8/100\n|-damage|p1b: Corviknight|2/100\n|move|p1b: Corviknight|Roost|p1b: Corviknight\n|-heal|p1b: Corviknight|53/100\n|-singleturn|p1b: Corviknight|move: Roost\n|move|p2a: Primarina|Hyper Voice|p1a: Sinistcha|[spread] p1a,p1b\n|-resisted|p1a: Sinistcha|1\n|-damage|p1a: Sinistcha|0 fnt\n|-damage|p1b: Corviknight|17/100\n|faint|p1a: Sinistcha\n|\n|-heal|p1b: Corviknight|23/100|[from] item: Leftovers\n|upkeep\n|\n|t:|1776098039\n|switch|p1a: Tyranitar|Tyranitar-Mega, L50, F|5/100\n|-weather|Sandstorm|[from] ability: Sand Stream|[of] p1a: Tyranitar\n|turn|8\n|\n|t:|1776098047\n|move|p1a: Tyranitar|Protect|p1a: Tyranitar\n|-singleturn|p1a: Tyranitar|Protect\n|move|p2b: Floette|Dazzling Gleam|p1b: Corviknight|[spread] p1b\n|-activate|p1a: Tyranitar|move: Protect\n|-resisted|p1b: Corviknight|1\n|-damage|p1b: Corviknight|0 fnt\n|faint|p1b: Corviknight\n|move|p2a: Primarina|Hyper Voice|p1a: Tyranitar\n|-activate|p1a: Tyranitar|move: Protect\n|\n|-weather|Sandstorm|[upkeep]\n|-damage|p2b: Floette|53/100|[from] Sandstorm\n|-damage|p2a: Primarina|58/100|[from] Sandstorm\n|upkeep\n|turn|9\n|-message|JEzy225 forfeited.\n|\n|win|Papuas\n|raw|JEzy225's rating: 1105 &rarr; <strong>1081</strong><br />(-24 for losing)\n|raw|Papuas's rating: 1112 &rarr; <strong>1136</strong><br />(+24 for winning)\n|l|\u2606JEzy225\n|player|p1|\n",
  "uploadtime": 1776098065,
  "views": 14,
  "formatid": "gen9championsvgc2026regma",
  "rating": 1081,
  "private": 0,
  "password": null
}