{
  "id": "gen9championsvgc2026regma-2581677215",
  "format": "[Gen 9 Champions] VGC 2026 Reg M-A",
  "players": [
    "leader-starmie",
    "madss_bc"
  ],
  "log": "|j|\u2606leader-starmie\n|j|\u2606madss_bc\n|t:|1776019979\n|gametype|doubles\n|player|p1|leader-starmie|lida|1319\n|player|p2|madss_bc|265|1356\n|gen|9\n|tier|[Gen 9 Champions] VGC 2026 Reg M-A\n|rated|\n|rule|Species Clause: Limit one of each Pok\u00e9mon\n|rule|Item Clause: Limit 1 of each item\n|clearpoke\n|poke|p1|Lucario, L50, F|\n|poke|p1|Politoed, L50, M|\n|poke|p1|Tsareena, L50, F|\n|poke|p1|Rotom-Wash, L50|\n|poke|p1|Kingambit, L50, M|\n|poke|p1|Dragonite, L50, F|\n|poke|p2|Froslass, L50, F|\n|poke|p2|Glaceon, L50, F|\n|poke|p2|Palafin, L50, F|\n|poke|p2|Incineroar, L50, M|\n|poke|p2|Scizor, L50, M|\n|poke|p2|Sneasler, L50, M|\n|teampreview|4\n|\n|t:|1776020052\n|teamsize|p1|4\n|teamsize|p2|4\n|start\n|switch|p1a: Politoed|Politoed, L50, M|100/100\n|switch|p1b: Dragonite|Dragonite, L50, F|100/100\n|switch|p2a: Lissandra|Froslass, L50, F|100/100\n|switch|p2b: Brand|Incineroar, L50, M|100/100\n|-weather|RainDance|[from] ability: Drizzle|[of] p1a: Politoed\n|-ability|p2b: Brand|Intimidate|boost\n|-unboost|p1a: Politoed|atk|1\n|-fail|p1b: Dragonite|unboost|Attack|[from] ability: Inner Focus|[of] p1b: Dragonite\n|turn|1\n|\n|t:|1776020075\n|switch|p1a: Tsareena|Tsareena, L50, F|100/100\n|detailschange|p2a: Lissandra|Froslass-Mega, L50, F\n|-mega|p2a: Lissandra|Froslass|Froslassite\n|-weather|Snowscape|[from] ability: Snow Warning|[of] p2a: Lissandra\n|detailschange|p1b: Dragonite|Dragonite-Mega, L50, F\n|-mega|p1b: Dragonite|Dragonite|Dragoninite\n|move|p2b: Brand|Fake Out||[still]\n|cant|p1a: Tsareena|ability: Queenly Majesty|Fake Out|[of] p2b: Brand\n|move|p2a: Lissandra|Blizzard|p1b: Dragonite|[spread] p1a,p1b\n|-supereffective|p1a: Tsareena|1\n|-supereffective|p1b: Dragonite|2\n|-damage|p1a: Tsareena|10/100\n|-damage|p1b: Dragonite|24/100\n|move|p1b: Dragonite|Tailwind|p1b: Dragonite\n|-sidestart|p1: leader-starmie|move: Tailwind\n|\n|-weather|Snowscape|[upkeep]\n|upkeep\n|turn|2\n|\n|t:|1776020105\n|switch|p1a: Politoed|Politoed, L50, M|100/100\n|-weather|RainDance|[from] ability: Drizzle|[of] p1a: Politoed\n|move|p1b: Dragonite|Hurricane|p2a: Lissandra\n|-damage|p2a: Lissandra|26/100\n|-start|p2a: Lissandra|confusion\n|-activate|p2a: Lissandra|confusion\n|move|p2a: Lissandra|Blizzard|p1b: Dragonite|[spread] p1a\n|-miss|p2a: Lissandra|p1b: Dragonite\n|-resisted|p1a: Politoed|1\n|-damage|p1a: Politoed|80/100\n|move|p2b: Brand|Parting Shot|p1b: Dragonite\n|-unboost|p1b: Dragonite|atk|1\n|-unboost|p1b: Dragonite|spa|1\n|\n|t:|1776020123\n|switch|p2b: Nami|Palafin, L50, F|100/100|[from] Parting Shot\n|\n|-weather|RainDance|[upkeep]\n|-heal|p1a: Politoed|86/100|[from] item: Leftovers\n|upkeep\n|turn|3\n|\n|t:|1776020142\n|switch|p2a: Sneasler|Sneasler, L50, M|100/100\n|move|p1b: Dragonite|Hurricane|p2b: Nami\n|-damage|p2b: Nami|37/100\n|-start|p2b: Nami|confusion\n|move|p1a: Politoed|Weather Ball|p2a: Sneasler\n|-damage|p2a: Sneasler|18/100\n|-activate|p2b: Nami|confusion\n|move|p2b: Nami|Flip Turn|p1b: Dragonite\n|-resisted|p1b: Dragonite|1\n|-damage|p1b: Dragonite|8/100\n|\n|t:|1776020161\n|detailschange|p2b: Nami|Palafin-Hero, L50, F\n|switch|p2b: Brand|Incineroar, L50, M|100/100|[from] Flip Turn\n|-ability|p2b: Brand|Intimidate|boost\n|-unboost|p1a: Politoed|atk|1\n|-unboost|p1b: Dragonite|atk|1\n|\n|-weather|RainDance|[upkeep]\n|-heal|p1a: Politoed|92/100|[from] item: Leftovers\n|upkeep\n|turn|4\n|\n|t:|1776020183\n|switch|p1a: Tsareena|Tsareena, L50, F|10/100\n|move|p2b: Brand|Fake Out||[still]\n|cant|p1a: Tsareena|ability: Queenly Majesty|Fake Out|[of] p2b: Brand\n|move|p1b: Dragonite|Hurricane|p2a: Sneasler\n|-supereffective|p2a: Sneasler|1\n|-damage|p2a: Sneasler|0 fnt\n|faint|p2a: Sneasler\n|\n|-weather|RainDance|[upkeep]\n|-sideend|p1: leader-starmie|move: Tailwind\n|upkeep\n|\n|t:|1776020193\n|switch|p2a: Lissandra|Froslass-Mega, L50, F|26/100\n|-weather|Snowscape|[from] ability: Snow Warning|[of] p2a: Lissandra\n|turn|5\n|\n|t:|1776020213\n|switch|p1a: Politoed|Politoed, L50, M|92/100\n|-weather|RainDance|[from] ability: Drizzle|[of] p1a: Politoed\n|move|p2a: Lissandra|Blizzard|p1b: Dragonite|[spread] p1b\n|-miss|p2a: Lissandra|p1a: Politoed\n|-supereffective|p1b: Dragonite|2\n|-damage|p1b: Dragonite|0 fnt\n|faint|p1b: Dragonite\n|move|p2b: Brand|Parting Shot|p1a: Politoed\n|-unboost|p1a: Politoed|atk|1\n|-unboost|p1a: Politoed|spa|1\n|\n|t:|1776020225\n|switch|p2b: Nami|Palafin-Hero, L50, F|37/100|[from] Parting Shot\n|-activate|p2b: Nami|ability: Zero to Hero\n|\n|-weather|RainDance|[upkeep]\n|-heal|p1a: Politoed|98/100|[from] item: Leftovers\n|upkeep\n|\n|t:|1776020231\n|switch|p1b: Kingambit|Kingambit, L50, M|100/100\n|turn|6\n|\n|t:|1776020249\n|switch|p2a: Brand|Incineroar, L50, M|100/100\n|-ability|p2a: Brand|Intimidate|boost\n|-unboost|p1a: Politoed|atk|1\n|-unboost|p1b: Kingambit|atk|1\n|-ability|p1b: Kingambit|Defiant|boost\n|-boost|p1b: Kingambit|atk|2\n|move|p1b: Kingambit|Sucker Punch|p2b: Nami\n|-damage|p2b: Nami|0 fnt\n|faint|p2b: Nami\n|move|p1a: Politoed|Weather Ball|p2a: Brand\n|-supereffective|p2a: Brand|1\n|-damage|p2a: Brand|41/100\n|\n|-weather|RainDance|[upkeep]\n|-heal|p1a: Politoed|100/100|[from] item: Leftovers\n|upkeep\n|\n|t:|1776020263\n|switch|p2b: Lissandra|Froslass-Mega, L50, F|26/100\n|-weather|Snowscape|[from] ability: Snow Warning|[of] p2b: Lissandra\n|turn|7\n|\n|t:|1776020273\n|switch|p1a: Tsareena|Tsareena, L50, F|10/100\n|move|p2b: Lissandra|Blizzard|p1b: Kingambit|[spread] p1a,p1b\n|-supereffective|p1a: Tsareena|1\n|-resisted|p1b: Kingambit|1\n|-damage|p1a: Tsareena|0 fnt\n|-damage|p1b: Kingambit|75/100\n|faint|p1a: Tsareena\n|move|p1b: Kingambit|Low Kick|p2a: Brand\n|-supereffective|p2a: Brand|1\n|-enditem|p2a: Brand|Chople Berry|[eat]\n|-enditem|p2a: Brand|Chople Berry|[weaken]\n|-damage|p2a: Brand|0 fnt\n|faint|p2a: Brand\n|\n|-weather|Snowscape|[upkeep]\n|upkeep\n|\n|t:|1776020285\n|switch|p1a: Politoed|Politoed, L50, M|100/100\n|-weather|RainDance|[from] ability: Drizzle|[of] p1a: Politoed\n|turn|8\n|\n|t:|1776020298\n|move|p1b: Kingambit|Sucker Punch|p2b: Lissandra\n|-supereffective|p2b: Lissandra|1\n|-damage|p2b: Lissandra|0 fnt\n|faint|p2b: Lissandra\n|\n|win|leader-starmie\n|raw|leader-starmie's rating: 1319 &rarr; <strong>1341</strong><br />(+22 for winning)\n|raw|madss_bc's rating: 1356 &rarr; <strong>1334</strong><br />(-22 for losing)\n|l|\u2606madss_bc\n|player|p2|\n",
  "uploadtime": 1776020303,
  "views": 25,
  "formatid": "gen9championsvgc2026regma",
  "rating": 1334,
  "private": 0,
  "password": null
}