{
  "id": "gen9championsvgc2026regma-2583322678",
  "format": "[Gen 9 Champions] VGC 2026 Reg M-A",
  "players": [
    "mereoffy",
    "truthsinger0307"
  ],
  "log": "|j|\u2606mereoffy\n|j|\u2606truthsinger0307\n|t:|1776166818\n|gametype|doubles\n|player|p1|mereoffy|firebreather|1176\n|player|p2|truthsinger0307|265|1208\n|gen|9\n|tier|[Gen 9 Champions] VGC 2026 Reg M-A\n|rated|\n|rule|Species Clause: Limit one of each Pok\u00e9mon\n|rule|Item Clause: Limit 1 of each item\n|clearpoke\n|poke|p1|Floette-Eternal, L50, F|\n|poke|p1|Incineroar, L50, M|\n|poke|p1|Sinistcha, L50|\n|poke|p1|Garchomp, L50, F|\n|poke|p1|Basculegion, L50, M|\n|poke|p1|Sneasler, L50, F|\n|poke|p2|Glimmora, L50, F|\n|poke|p2|Tyranitar, L50, F|\n|poke|p2|Corviknight, L50, M|\n|poke|p2|Excadrill, L50, M|\n|poke|p2|Clefable, L50, F|\n|poke|p2|Sinistcha-Masterpiece, L50|\n|teampreview|4\n|\n|t:|1776166836\n|teamsize|p1|4\n|teamsize|p2|4\n|start\n|switch|p1a: Floette|Floette-Eternal, L50, F|100/100\n|switch|p1b: Sinistcha|Sinistcha, L50|100/100\n|switch|p2a: Glimmora|Glimmora, L50, F|100/100\n|switch|p2b: Clefable|Clefable, L50, F|100/100\n|turn|1\n|\n|t:|1776166853\n|detailschange|p1a: Floette|Floette-Mega, L50, F\n|-mega|p1a: Floette|Floette|Floettite\n|-ability|p1a: Floette|Fairy Aura\n|move|p2a: Glimmora|Spiky Shield|p2a: Glimmora\n|-singleturn|p2a: Glimmora|move: Protect\n|move|p1b: Sinistcha|Rage Powder|p1b: Sinistcha\n|-singleturn|p1b: Sinistcha|move: Rage Powder\n|move|p1a: Floette|Calm Mind|p1a: Floette\n|-boost|p1a: Floette|spa|1\n|-boost|p1a: Floette|spd|1\n|move|p2b: Clefable|Shadow Ball|p1b: Sinistcha\n|-supereffective|p1b: Sinistcha|1\n|-damage|p1b: Sinistcha|68/100\n|\n|-heal|p1b: Sinistcha|74/100|[from] item: Leftovers\n|upkeep\n|turn|2\n|\n|t:|1776166883\n|switch|p2b: Tyranitar|Tyranitar, L50, F|100/100\n|-weather|Sandstorm|[from] ability: Sand Stream|[of] p2b: Tyranitar\n|detailschange|p2a: Glimmora|Glimmora-Mega, L50, F\n|-mega|p2a: Glimmora|Glimmora|Glimmoranite\n|move|p1b: Sinistcha|Rage Powder|p1b: Sinistcha\n|-singleturn|p1b: Sinistcha|move: Rage Powder\n|move|p1a: Floette|Light of Ruin|p2a: Glimmora|[miss]\n|-miss|p1a: Floette|p2a: Glimmora\n|move|p2a: Glimmora|Sludge Bomb|p1b: Sinistcha\n|-damage|p1b: Sinistcha|18/100\n|-status|p1b: Sinistcha|psn\n|\n|-weather|Sandstorm|[upkeep]\n|-damage|p1a: Floette|95/100|[from] Sandstorm\n|-damage|p1b: Sinistcha|12/100 psn|[from] Sandstorm\n|-heal|p1b: Sinistcha|18/100 psn|[from] item: Leftovers\n|-damage|p1b: Sinistcha|6/100 psn|[from] psn\n|upkeep\n|turn|3\n|\n|t:|1776166925\n|move|p2a: Glimmora|Spiky Shield|p2a: Glimmora\n|-singleturn|p2a: Glimmora|move: Protect\n|move|p2b: Tyranitar|Protect|p2b: Tyranitar\n|-singleturn|p2b: Tyranitar|Protect\n|move|p1a: Floette|Light of Ruin|p2a: Glimmora\n|-activate|p2a: Glimmora|move: Protect\n|move|p1b: Sinistcha|Life Dew|p1b: Sinistcha|[spread] p1a,p1b\n|-heal|p1a: Floette|100/100\n|-heal|p1b: Sinistcha|31/100 psn\n|\n|-weather|Sandstorm|[upkeep]\n|-damage|p1a: Floette|95/100|[from] Sandstorm\n|-damage|p1b: Sinistcha|25/100 psn|[from] Sandstorm\n|-heal|p1b: Sinistcha|31/100 psn|[from] item: Leftovers\n|-damage|p1b: Sinistcha|18/100 psn|[from] psn\n|upkeep\n|turn|4\n|\n|t:|1776166953\n|switch|p2a: Corviknight|Corviknight, L50, M|100/100\n|-ability|p2a: Corviknight|Unnerve\n|move|p1b: Sinistcha|Rage Powder|p1b: Sinistcha\n|-singleturn|p1b: Sinistcha|move: Rage Powder\n|move|p1a: Floette|Light of Ruin|p2a: Corviknight\n|-resisted|p2a: Corviknight|1\n|-damage|p2a: Corviknight|38/100\n|-damage|p1a: Floette|53/100|[from] Recoil\n|move|p2b: Tyranitar|Earthquake|p1b: Sinistcha|[spread] p1a,p1b\n|-immune|p2a: Corviknight\n|-resisted|p1b: Sinistcha|1\n|-damage|p1a: Floette|15/100\n|-damage|p1b: Sinistcha|6/100 psn\n|\n|-weather|Sandstorm|[upkeep]\n|-damage|p1a: Floette|10/100|[from] Sandstorm\n|-damage|p1b: Sinistcha|0 fnt|[from] Sandstorm\n|faint|p1b: Sinistcha\n|-heal|p2a: Corviknight|44/100|[from] item: Leftovers\n|upkeep\n|\n|t:|1776166974\n|switch|p1b: Sneasler|Sneasler, L50, F|100/100\n|turn|5\n|\n|t:|1776166991\n|move|p2b: Tyranitar|Protect|p2b: Tyranitar\n|-singleturn|p2b: Tyranitar|Protect\n|move|p2a: Corviknight|Protect|p2a: Corviknight\n|-singleturn|p2a: Corviknight|Protect\n|move|p1b: Sneasler|Close Combat|p2b: Tyranitar\n|-activate|p2b: Tyranitar|move: Protect\n|move|p1a: Floette|Light of Ruin|p2a: Corviknight\n|-activate|p2a: Corviknight|move: Protect\n|\n|-weather|Sandstorm|[upkeep]\n|-damage|p1b: Sneasler|95/100|[from] Sandstorm\n|-damage|p1a: Floette|4/100|[from] Sandstorm\n|-heal|p2a: Corviknight|50/100|[from] item: Leftovers\n|upkeep\n|turn|6\n|\n|t:|1776167030\n|switch|p2b: Clefable|Clefable, L50, F|100/100\n|move|p1b: Sneasler|Close Combat|p2b: Clefable\n|-resisted|p2b: Clefable|1\n|-crit|p2b: Clefable\n|-damage|p2b: Clefable|48/100\n|-unboost|p1b: Sneasler|def|1\n|-unboost|p1b: Sneasler|spd|1\n|-enditem|p1b: Sneasler|White Herb\n|-clearnegativeboost|p1b: Sneasler|[silent]\n|move|p1a: Floette|Light of Ruin|p2a: Corviknight\n|-resisted|p2a: Corviknight|1\n|-crit|p2a: Corviknight\n|-damage|p2a: Corviknight|0 fnt\n|faint|p2a: Corviknight\n|-damage|p1a: Floette|0 fnt|[from] Recoil\n|faint|p1a: Floette\n|\n|-weather|none\n|upkeep\n|\n|t:|1776167048\n|switch|p1a: Incineroar|Incineroar, L50, M|100/100\n|switch|p2a: Glimmora|Glimmora-Mega, L50, F|100/100\n|-ability|p1a: Incineroar|Intimidate|boost\n|-unboost|p2a: Glimmora|atk|1\n|-unboost|p2b: Clefable|atk|1\n|turn|7\n|\n|t:|1776167077\n|move|p2a: Glimmora|Spiky Shield|p2a: Glimmora\n|-singleturn|p2a: Glimmora|move: Protect\n|move|p2b: Clefable|Protect|p2b: Clefable\n|-singleturn|p2b: Clefable|Protect\n|move|p1a: Incineroar|Fake Out|p2a: Glimmora\n|-activate|p2a: Glimmora|move: Protect\n|-damage|p1a: Incineroar|88/100|[from] Spiky Shield|[of] p2a: Glimmora\n|move|p1b: Sneasler|Dire Claw|p2b: Clefable\n|-activate|p2b: Clefable|move: Protect\n|\n|upkeep\n|turn|8\n|\n|t:|1776167111\n|switch|p2b: Tyranitar|Tyranitar, L50, F|100/100\n|-weather|Sandstorm|[from] ability: Sand Stream|[of] p2b: Tyranitar\n|move|p1b: Sneasler|Dire Claw|p2b: Tyranitar\n|-resisted|p2b: Tyranitar|1\n|-damage|p2b: Tyranitar|85/100\n|-status|p2b: Tyranitar|psn\n|move|p2a: Glimmora|Power Gem|p1a: Incineroar\n|-supereffective|p1a: Incineroar|1\n|-damage|p1a: Incineroar|0 fnt\n|faint|p1a: Incineroar\n|\n|-weather|Sandstorm|[upkeep]\n|-damage|p1b: Sneasler|89/100|[from] Sandstorm\n|-damage|p2b: Tyranitar|73/100 psn|[from] psn\n|upkeep\n|turn|9\n|\n|t:|1776167130\n|move|p2a: Glimmora|Spiky Shield|p2a: Glimmora\n|-singleturn|p2a: Glimmora|move: Protect\n|move|p2b: Tyranitar|Protect|p2b: Tyranitar\n|-singleturn|p2b: Tyranitar|Protect\n|move|p1b: Sneasler|Close Combat|p2b: Tyranitar\n|-activate|p2b: Tyranitar|move: Protect\n|\n|-weather|Sandstorm|[upkeep]\n|-damage|p1b: Sneasler|83/100|[from] Sandstorm\n|-damage|p2b: Tyranitar|61/100 psn|[from] psn\n|upkeep\n|turn|10\n|\n|t:|1776167147\n|move|p1b: Sneasler|Protect|p1b: Sneasler\n|-singleturn|p1b: Sneasler|Protect\n|move|p2a: Glimmora|Earth Power|p1b: Sneasler\n|-activate|p1b: Sneasler|move: Protect\n|move|p2b: Tyranitar|Rock Slide|p1b: Sneasler\n|-activate|p1b: Sneasler|move: Protect\n|\n|-weather|Sandstorm|[upkeep]\n|-damage|p1b: Sneasler|78/100|[from] Sandstorm\n|-damage|p2b: Tyranitar|49/100 psn|[from] psn\n|upkeep\n|turn|11\n|\n|t:|1776167165\n|switch|p2b: Clefable|Clefable, L50, F|48/100\n|move|p2a: Glimmora|Spiky Shield|p2a: Glimmora\n|-singleturn|p2a: Glimmora|move: Protect\n|move|p1b: Sneasler|Close Combat|p2b: Clefable\n|-resisted|p2b: Clefable|1\n|-damage|p2b: Clefable|13/100\n|-unboost|p1b: Sneasler|def|1\n|-unboost|p1b: Sneasler|spd|1\n|\n|-weather|Sandstorm|[upkeep]\n|-damage|p1b: Sneasler|72/100|[from] Sandstorm\n|upkeep\n|turn|12\n|-message|mereoffy forfeited.\n|\n|win|truthsinger0307\n|raw|mereoffy's rating: 1176 &rarr; <strong>1153</strong><br />(-23 for losing)\n|raw|truthsinger0307's rating: 1208 &rarr; <strong>1231</strong><br />(+23 for winning)\n|l|\u2606mereoffy\n|player|p1|\n",
  "uploadtime": 1776167185,
  "views": 23,
  "formatid": "gen9championsvgc2026regma",
  "rating": 1153,
  "private": 0,
  "password": null
}