{
  "id": "gen9championsvgc2026regma-2581953065",
  "format": "[Gen 9 Champions] VGC 2026 Reg M-A",
  "players": [
    "uioyhgtz",
    "mackrell"
  ],
  "log": "|j|\u2606uioyhgtz\n|j|\u2606mackrell\n|t:|1776042784\n|gametype|doubles\n|player|p1|uioyhgtz|hiker-gen4|1222\n|player|p2|mackrell|pokemaniac|1214\n|gen|9\n|tier|[Gen 9 Champions] VGC 2026 Reg M-A\n|rated|\n|rule|Species Clause: Limit one of each Pok\u00e9mon\n|rule|Item Clause: Limit 1 of each item\n|clearpoke\n|poke|p1|Cofagrigus, L50, M|\n|poke|p1|Scovillain, L50, M|\n|poke|p1|Primarina, L50, F|\n|poke|p1|Kangaskhan, L50, F|\n|poke|p1|Sneasler, L50, M|\n|poke|p1|Aerodactyl, L50, F|\n|poke|p2|Gengar, L50, F|\n|poke|p2|Politoed, L50, M|\n|poke|p2|Archaludon, L50, F|\n|poke|p2|Sinistcha, L50|\n|poke|p2|Basculegion, L50, M|\n|poke|p2|Incineroar, L50, M|\n|teampreview|4\n|inactive|Battle timer is ON: inactive players will automatically lose when time's up. (requested by mackrell)\n|c|\u2606uioyhgtz|glhf!\n|c|\u2606mackrell|u2\n|inactive|uioyhgtz has 60 seconds left.\n|\n|t:|1776042826\n|teamsize|p1|4\n|teamsize|p2|4\n|start\n|switch|p1a: Cofagrigus|Cofagrigus, L50, M|100/100\n|switch|p1b: Kangaskhan|Kangaskhan, L50, F|100/100\n|switch|p2a: Sinistcha|Sinistcha, L50|100/100\n|switch|p2b: Basculegion|Basculegion, L50, M|100/100\n|turn|1\n|\n|t:|1776042850\n|move|p1b: Kangaskhan|Fake Out|p2b: Basculegion\n|-damage|p2b: Basculegion|79/100\n|cant|p2b: Basculegion|flinch\n|move|p1a: Cofagrigus|Calm Mind|p1a: Cofagrigus\n|-boost|p1a: Cofagrigus|spa|1\n|-boost|p1a: Cofagrigus|spd|1\n|move|p2a: Sinistcha|Trick Room|p2a: Sinistcha\n|-fieldstart|move: Trick Room|[of] p2a: Sinistcha\n|\n|upkeep\n|turn|2\n|inactive|uioyhgtz has 30 seconds left.\n|\n|t:|1776042879\n|move|p1a: Cofagrigus|Hex|p2b: Basculegion\n|-supereffective|p2b: Basculegion|1\n|-damage|p2b: Basculegion|0 fnt\n|faint|p2b: Basculegion\n|move|p1b: Kangaskhan|Drain Punch|p2a: Sinistcha\n|-damage|p2a: Sinistcha|81/100\n|move|p2a: Sinistcha|Trick Room|p2a: Sinistcha\n|-fieldend|move: Trick Room\n|\n|upkeep\n|\n|t:|1776042900\n|switch|p2b: Politoed|Politoed, L50, M|100/100\n|-weather|RainDance|[from] ability: Drizzle|[of] p2b: Politoed\n|turn|3\n|\n|t:|1776042910\n|move|p1b: Kangaskhan|Double-Edge|p2b: Politoed\n|-damage|p2b: Politoed|38/100\n|-damage|p1b: Kangaskhan|81/100|[from] Recoil\n|move|p2a: Sinistcha|Matcha Gotcha|p1a: Cofagrigus|[spread] p1a,p1b\n|-damage|p1a: Cofagrigus|85/100\n|-heal|p2a: Sinistcha|89/100|[from] drain|[of] p1a: Cofagrigus\n|-damage|p1b: Kangaskhan|58/100\n|-heal|p2a: Sinistcha|100/100|[from] drain|[of] p1b: Kangaskhan\n|-status|p1b: Kangaskhan|brn\n|move|p2b: Politoed|Weather Ball|p1a: Cofagrigus\n|-damage|p1a: Cofagrigus|55/100\n|move|p1a: Cofagrigus|Hex|p2a: Sinistcha\n|-supereffective|p2a: Sinistcha|1\n|-damage|p2a: Sinistcha|39/100\n|-enditem|p2a: Sinistcha|Sitrus Berry|[eat]\n|-heal|p2a: Sinistcha|63/100|[from] item: Sitrus Berry\n|\n|-weather|RainDance|[upkeep]\n|-heal|p1a: Cofagrigus|61/100|[from] item: Leftovers\n|-damage|p1b: Kangaskhan|52/100 brn|[from] brn\n|upkeep\n|turn|4\n|inactive|mackrell has 30 seconds left.\n|\n|t:|1776042944\n|detailschange|p1b: Kangaskhan|Kangaskhan-Mega, L50, F\n|-mega|p1b: Kangaskhan|Kangaskhan|Kangaskhanite\n|move|p1b: Kangaskhan|Double-Edge|p2b: Politoed\n|-damage|p2b: Politoed|1/100\n|-damage|p2b: Politoed|0 fnt\n|faint|p2b: Politoed\n|-hitcount|p2: Politoed|2\n|-damage|p1b: Kangaskhan|41/100 brn|[from] Recoil\n|move|p2a: Sinistcha|Life Dew|p2a: Sinistcha\n|-heal|p2a: Sinistcha|89/100\n|move|p1a: Cofagrigus|Trick Room|p1a: Cofagrigus\n|-fieldstart|move: Trick Room|[of] p1a: Cofagrigus\n|\n|-weather|RainDance|[upkeep]\n|-heal|p1a: Cofagrigus|67/100|[from] item: Leftovers\n|-damage|p1b: Kangaskhan|34/100 brn|[from] brn\n|upkeep\n|\n|t:|1776042953\n|switch|p2b: Archaludon|Archaludon, L50, F|100/100\n|turn|5\n|-message|mackrell forfeited.\n|\n|win|uioyhgtz\n|raw|uioyhgtz's rating: 1222 &rarr; <strong>1246</strong><br />(+24 for winning)\n|raw|mackrell's rating: 1214 &rarr; <strong>1190</strong><br />(-24 for losing)\n|l|\u2606mackrell\n|player|p2|\n",
  "uploadtime": 1776042967,
  "views": 12,
  "formatid": "gen9championsvgc2026regma",
  "rating": 1190,
  "private": 0,
  "password": null
}