{
  "id": "gen9championsvgc2026regma-2580359387",
  "format": "[Gen 9 Champions] VGC 2026 Reg M-A",
  "players": [
    "fooflybag",
    "fufuyumii"
  ],
  "log": "|j|\u2606fooflybag\n|j|\u2606fufuyumii\n|t:|1775885007\n|gametype|doubles\n|player|p1|fooflybag|acetrainerf|1090\n|player|p2|fufuyumii|roxie|1000\n|gen|9\n|tier|[Gen 9 Champions] VGC 2026 Reg M-A\n|rated|\n|rule|Species Clause: Limit one of each Pok\u00e9mon\n|rule|Item Clause: Limit 1 of each item\n|clearpoke\n|poke|p1|Clefable, L50, F|\n|poke|p1|Talonflame, L50, M|\n|poke|p1|Scizor, L50, M|\n|poke|p1|Primarina, L50, F|\n|poke|p1|Skarmory, L50, M|\n|poke|p1|Goodra-Hisui, L50, M|\n|poke|p2|Froslass, L50, F|\n|poke|p2|Garchomp, L50, F|\n|poke|p2|Rotom-Frost, L50|\n|poke|p2|Empoleon, L50, F|\n|poke|p2|Incineroar, L50, M|\n|poke|p2|Kingambit, L50, M|\n|teampreview|4\n|inactive|Battle timer is ON: inactive players will automatically lose when time's up. (requested by fooflybag)\n|c|\u2606fooflybag|glhf\nfooflybag rejected open team sheets.\n|c|\u2606fufuyumii|u2 u2\n|inactive|fooflybag has 60 seconds left.\n|inactive|fufuyumii has 60 seconds left.\n|\n|t:|1775885046\n|teamsize|p1|4\n|teamsize|p2|4\n|start\n|switch|p1a: Goodra|Goodra-Hisui, L50, M|100/100\n|switch|p1b: Clefable|Clefable, L50, F|100/100\n|switch|p2a: Froslass|Froslass, L50, F, shiny|100/100\n|switch|p2b: Rotom|Rotom-Frost, L50|100/100\n|turn|1\n|inactive|fooflybag has 30 seconds left.\n|inactive|fooflybag has 20 seconds left.\n|\n|t:|1775885083\n|detailschange|p2a: Froslass|Froslass-Mega, L50, F, shiny\n|-mega|p2a: Froslass|Froslass|Froslassite\n|-weather|Snowscape|[from] ability: Snow Warning|[of] p2a: Froslass\n|move|p2b: Rotom|Blizzard|p1b: Clefable|[spread] p1a,p1b\n|-damage|p1a: Goodra|73/100\n|-damage|p1b: Clefable|64/100\n|move|p2a: Froslass|Aurora Veil|p2a: Froslass\n|-sidestart|p2: fufuyumii|move: Aurora Veil\n|move|p1a: Goodra|Body Press|p2b: Rotom\n|-supereffective|p2b: Rotom|1\n|-damage|p2b: Rotom|70/100\n|move|p1b: Clefable|Moonblast|p2b: Rotom\n|-damage|p2b: Rotom|43/100\n|\n|-weather|Snowscape|[upkeep]\n|upkeep\n|turn|2\n|inactive|fooflybag has 30 seconds left.\n|inactive|fufuyumii has 30 seconds left.\n|\n|t:|1775885111\n|move|p2b: Rotom|Blizzard|p1b: Clefable|[spread] p1a,p1b\n|-crit|p1a: Goodra\n|-damage|p1a: Goodra|28/100\n|-damage|p1b: Clefable|27/100\n|-enditem|p1a: Goodra|Sitrus Berry|[eat]\n|-heal|p1a: Goodra|52/100|[from] item: Sitrus Berry\n|move|p2a: Froslass|Blizzard|p1a: Goodra|[spread] p1a,p1b\n|-damage|p1a: Goodra|14/100\n|-damage|p1b: Clefable|0 fnt\n|faint|p1b: Clefable\n|move|p1a: Goodra|Shelter|p1a: Goodra\n|-boost|p1a: Goodra|def|2\n|\n|-weather|Snowscape|[upkeep]\n|upkeep\n|\n|t:|1775885119\n|switch|p1b: Scizor|Scizor, L50, M|100/100\n|turn|3\n|\n|t:|1775885143\n|switch|p2b: Incineroar|Incineroar, L50, M|100/100\n|-ability|p2b: Incineroar|Intimidate|boost\n|-unboost|p1a: Goodra|atk|1\n|-unboost|p1b: Scizor|atk|1\n|move|p1b: Scizor|Bullet Punch|p2a: Froslass\n|-supereffective|p2a: Froslass|1\n|-damage|p2a: Froslass|60/100\n|move|p2a: Froslass|Blizzard|p1b: Scizor|[spread] p1a,p1b\n|-resisted|p1b: Scizor|1\n|-damage|p1a: Goodra|0 fnt\n|-damage|p1b: Scizor|68/100\n|faint|p1a: Goodra\n|\n|-weather|Snowscape|[upkeep]\n|upkeep\n|\n|t:|1775885152\n|switch|p1a: Primarina|Primarina, L50, F|100/100\n|turn|4\n|\n|t:|1775885167\n|move|p2b: Incineroar|Fake Out|p1a: Primarina\n|-damage|p1a: Primarina|84/100\n|move|p2a: Froslass|Blizzard|p1b: Scizor|[spread] p1a,p1b\n|-resisted|p1a: Primarina|1\n|-resisted|p1b: Scizor|1\n|-damage|p1a: Primarina|59/100\n|-damage|p1b: Scizor|38/100\n|cant|p1a: Primarina|flinch\n|move|p1b: Scizor|Swords Dance|p1b: Scizor\n|-boost|p1b: Scizor|atk|2\n|\n|-weather|Snowscape|[upkeep]\n|upkeep\n|turn|5\n|\n|t:|1775885190\n|move|p2a: Froslass|Protect|p2a: Froslass\n|-singleturn|p2a: Froslass|Protect\n|move|p1b: Scizor|Bullet Punch|p2a: Froslass\n|-activate|p2a: Froslass|move: Protect\n|move|p1a: Primarina|Hyper Voice|p2a: Froslass|[spread] p2b\n|-activate|p2a: Froslass|move: Protect\n|-supereffective|p2b: Incineroar|1\n|-damage|p2b: Incineroar|47/100\n|-enditem|p2b: Incineroar|Sitrus Berry|[eat]\n|-heal|p2b: Incineroar|71/100|[from] item: Sitrus Berry\n|move|p2b: Incineroar|Flare Blitz|p1b: Scizor\n|-supereffective|p1b: Scizor|2\n|-damage|p1b: Scizor|0 fnt\n|faint|p1b: Scizor\n|-damage|p2b: Incineroar|61/100|[from] Recoil\n|\n|-weather|none\n|-sideend|p2: fufuyumii|move: Aurora Veil\n|upkeep\n|turn|6\n|\n|t:|1775885209\n|move|p2a: Froslass|Shadow Ball|p1a: Primarina\n|-damage|p1a: Primarina|18/100\n|move|p1a: Primarina|Hyper Voice|p2b: Incineroar|[spread] p2a,p2b\n|-supereffective|p2b: Incineroar|1\n|-damage|p2a: Froslass|3/100\n|-damage|p2b: Incineroar|0 fnt\n|faint|p2b: Incineroar\n|\n|upkeep\n|\n|t:|1775885217\n|switch|p2b: Rotom|Rotom-Frost, L50|43/100\n|turn|7\n|\n|t:|1775885229\n|move|p2b: Rotom|Thunderbolt|p1a: Primarina\n|-supereffective|p1a: Primarina|1\n|-damage|p1a: Primarina|0 fnt\n|faint|p1a: Primarina\n|\n|win|fufuyumii\n|raw|fooflybag's rating: 1090 &rarr; <strong>1061</strong><br />(-29 for losing)\n|raw|fufuyumii's rating: 1000 &rarr; <strong>1050</strong><br />(+50 for winning)\n|l|\u2606fooflybag\n|player|p1|\n|c|\u2606fufuyumii|ggwp\n",
  "uploadtime": 1775885247,
  "views": 14,
  "formatid": "gen9championsvgc2026regma",
  "rating": 1050,
  "private": 0,
  "password": null
}