{
  "id": "gen9championsvgc2026regma-2585544617",
  "format": "[Gen 9 Champions] VGC 2026 Reg M-A",
  "players": [
    "magdalium",
    "sahabatgomba^_^"
  ],
  "log": "|j|\u2606magdalium\n|j|\u2606sahabatgomba^_^\n|t:|1776354559\n|gametype|doubles\n|player|p1|magdalium|bugcatcher-gen4dp|1501\n|player|p2|sahabatgomba^_^|1|1463\n|gen|9\n|tier|[Gen 9 Champions] VGC 2026 Reg M-A\n|rated|\n|rule|Species Clause: Limit one of each Pok\u00e9mon\n|rule|Item Clause: Limit 1 of each item\n|clearpoke\n|poke|p1|Floette-Eternal, L50, F|\n|poke|p1|Delphox, L50, F|\n|poke|p1|Kingambit, L50, F|\n|poke|p1|Garchomp, L50, M|\n|poke|p1|Basculegion, L50, M|\n|poke|p1|Sinistcha, L50|\n|poke|p2|Floette-Eternal, L50, F|\n|poke|p2|Delphox, L50, F|\n|poke|p2|Aerodactyl, L50, M|\n|poke|p2|Incineroar, L50, F|\n|poke|p2|Milotic, L50, M|\n|poke|p2|Garchomp, L50, F|\n|teampreview|4\n|inactive|Battle timer is ON: inactive players will automatically lose when time's up. (requested by sahabatgomba^_^)\n|\n|t:|1776354595\n|teamsize|p1|4\n|teamsize|p2|4\n|start\n|switch|p1a: Floette|Floette-Eternal, L50, F|100/100\n|switch|p1b: Garchomp|Garchomp, L50, M|100/100\n|switch|p2a: Floette|Floette-Eternal, L50, F|100/100\n|switch|p2b: Milotic|Milotic, L50, M|100/100\n|turn|1\n|\n|t:|1776354611\n|detailschange|p1a: Floette|Floette-Mega, L50, F\n|-mega|p1a: Floette|Floette|Floettite\n|-ability|p1a: Floette|Fairy Aura\n|detailschange|p2a: Floette|Floette-Mega, L50, F\n|-mega|p2a: Floette|Floette|Floettite\n|-ability|p2a: Floette|Fairy Aura\n|move|p1b: Garchomp|Rock Slide|p2b: Milotic|[spread] p2b\n|-miss|p1b: Garchomp|p2a: Floette\n|-damage|p2b: Milotic|81/100\n|move|p1a: Floette|Calm Mind|p1a: Floette\n|-boost|p1a: Floette|spa|1\n|-boost|p1a: Floette|spd|1\n|move|p2a: Floette|Calm Mind|p2a: Floette\n|-boost|p2a: Floette|spa|1\n|-boost|p2a: Floette|spd|1\n|move|p2b: Milotic|Icy Wind|p1b: Garchomp|[spread] p1a,p1b\n|-supereffective|p1b: Garchomp|2\n|-damage|p1a: Floette|95/100\n|-damage|p1b: Garchomp|57/100\n|-unboost|p1a: Floette|spe|1\n|-unboost|p1b: Garchomp|spe|1\n|\n|-heal|p2b: Milotic|87/100|[from] item: Leftovers\n|upkeep\n|turn|2\n|inactive|sahabatgomba^_^ has 30 seconds left.\n|\n|t:|1776354645\n|move|p2a: Floette|Dazzling Gleam|p1b: Garchomp|[spread] p1a,p1b\n|-supereffective|p1b: Garchomp|1\n|-damage|p1a: Floette|55/100\n|-damage|p1b: Garchomp|0 fnt\n|faint|p1b: Garchomp\n|move|p2b: Milotic|Icy Wind|p1a: Floette\n|-crit|p1a: Floette\n|-damage|p1a: Floette|40/100\n|-unboost|p1a: Floette|spe|1\n|move|p1a: Floette|Moonblast|p2b: Milotic\n|-damage|p2b: Milotic|12/100\n|\n|-heal|p2b: Milotic|18/100|[from] item: Leftovers\n|upkeep\n|\n|t:|1776354649\n|switch|p1b: Sinistcha|Sinistcha, L50|100/100\n|-heal|p1a: Floette|64/100|[from] ability: Hospitality|[of] p1b: Sinistcha\n|turn|3\n|\n|t:|1776354671\n|move|p2b: Milotic|Protect|p2b: Milotic\n|-singleturn|p2b: Milotic|Protect\n|move|p2a: Floette|Calm Mind|p2a: Floette\n|-boost|p2a: Floette|spa|1\n|-boost|p2a: Floette|spd|1\n|move|p1a: Floette|Dazzling Gleam|p2b: Milotic|[spread] p2a\n|-activate|p2b: Milotic|move: Protect\n|-crit|p2a: Floette\n|-damage|p2a: Floette|24/100\n|move|p1b: Sinistcha|Trick Room|p1b: Sinistcha\n|-fieldstart|move: Trick Room|[of] p1b: Sinistcha\n|\n|-heal|p2b: Milotic|24/100|[from] item: Leftovers\n|upkeep\n|turn|4\n|\n|t:|1776354691\n|switch|p2b: Garchomp|Garchomp, L50, F|100/100\n|switch|p2a: Aerodactyl|Aerodactyl, L50, M|100/100\n|-ability|p2a: Aerodactyl|Unnerve\n|move|p1a: Floette|Moonblast|p2a: Aerodactyl\n|-enditem|p2a: Aerodactyl|Focus Sash\n|-damage|p2a: Aerodactyl|1/100\n|move|p1b: Sinistcha|Life Dew||[still]|[spread] p1a,p1b\n|-heal|p1a: Floette|89/100\n|-fail|p1b: Sinistcha|heal\n|\n|upkeep\n|turn|5\n|\n|t:|1776354701\n|move|p1a: Floette|Dazzling Gleam|p2b: Garchomp|[spread] p2a,p2b\n|-supereffective|p2b: Garchomp|1\n|-damage|p2a: Aerodactyl|0 fnt\n|-damage|p2b: Garchomp|0 fnt\n|faint|p2a: Aerodactyl\n|faint|p2b: Garchomp\n|move|p1b: Sinistcha|Matcha Gotcha|p2: Aerodactyl|[notarget]\n|-fail|p1b: Sinistcha\n|\n|upkeep\n|\n|t:|1776354704\n|switch|p2b: Milotic|Milotic, L50, M|24/100\n|switch|p2a: Floette|Floette-Mega, L50, F|24/100\n|-ability|p2a: Floette|Fairy Aura\n|turn|6\n|\n|t:|1776354711\n|move|p1a: Floette|Dazzling Gleam|p2a: Floette|[spread] p2a,p2b\n|-damage|p2a: Floette|0 fnt\n|-damage|p2b: Milotic|0 fnt\n|faint|p2a: Floette\n|faint|p2b: Milotic\n|\n|win|magdalium\n|raw|magdalium's rating: 1501 &rarr; <strong>1519</strong><br />(+18 for winning)\n|raw|sahabatgomba^_^'s rating: 1463 &rarr; <strong>1445</strong><br />(-18 for losing)\n|l|\u2606sahabatgomba^_^\n|player|p2|\n",
  "uploadtime": 1776354861,
  "views": 46,
  "formatid": "gen9championsvgc2026regma",
  "rating": 1445,
  "private": 0,
  "password": null
}