{
  "id": "gen9championsvgc2026regma-2585380424",
  "format": "[Gen 9 Champions] VGC 2026 Reg M-A",
  "players": [
    "Pazou<3",
    "Ibbynj99"
  ],
  "log": "|j|\u2606Pazou<3\n|j|\u2606Ibbynj99\n|t:|1776342943\n|gametype|doubles\n|player|p1|Pazou<3|ninjaboy|1096\n|player|p2|Ibbynj99|miku-ghost|1070\n|gen|9\n|tier|[Gen 9 Champions] VGC 2026 Reg M-A\n|rated|\n|rule|Species Clause: Limit one of each Pok\u00e9mon\n|rule|Item Clause: Limit 1 of each item\n|clearpoke\n|poke|p1|Hatterene, L50, F|\n|poke|p1|Camerupt, L50, M|\n|poke|p1|Trevenant, L50, M|\n|poke|p1|Crabominable, L50, M|\n|poke|p1|Excadrill, L50, F|\n|poke|p1|Sableye, L50, F|\n|poke|p2|Aggron, L50, M|\n|poke|p2|Whimsicott, L50, M|\n|poke|p2|Basculegion, L50, M|\n|poke|p2|Gardevoir, L50, M|\n|poke|p2|Incineroar, L50, F|\n|poke|p2|Altaria, L50, M|\n|teampreview|4\n|c|\u2606Pazou<3|hf\n|c|\u2606Ibbynj99|u too\n|\n|t:|1776342988\n|teamsize|p1|4\n|teamsize|p2|4\n|start\n|switch|p1a: Sylvain Granier|Trevenant, L50, M|100/100\n|switch|p1b: AAAAAAAAAAAAAAAAAA|Camerupt, L50, M|100/100\n|switch|p2a: Aggron|Aggron, L50, M|100/100\n|switch|p2b: Whimsicott|Whimsicott, L50, M|100/100\n|turn|1\n|\n|t:|1776343030\n|switch|p2a: Incineroar|Incineroar, L50, F|100/100\n|-ability|p2a: Incineroar|Intimidate|boost\n|-unboost|p1a: Sylvain Granier|atk|1\n|-unboost|p1b: AAAAAAAAAAAAAAAAAA|atk|1\n|detailschange|p1b: AAAAAAAAAAAAAAAAAA|Camerupt-Mega, L50, M\n|-mega|p1b: AAAAAAAAAAAAAAAAAA|Camerupt|Cameruptite\n|move|p2b: Whimsicott|Light Screen|p2b: Whimsicott\n|-sidestart|p2: Ibbynj99|move: Light Screen\n|move|p1b: AAAAAAAAAAAAAAAAAA|Eruption|p2a: Incineroar|[spread] p2a,p2b\n|-resisted|p2a: Incineroar|1\n|-supereffective|p2b: Whimsicott|1\n|-crit|p2b: Whimsicott\n|-damage|p2a: Incineroar|78/100\n|-damage|p2b: Whimsicott|0 fnt\n|faint|p2b: Whimsicott\n|move|p1a: Sylvain Granier|Sunny Day|p1a: Sylvain Granier\n|-weather|SunnyDay\n|\n|-weather|SunnyDay|[upkeep]\n|upkeep\n|\n|t:|1776343043\n|switch|p2b: Altaria|Altaria, L50, M|100/100\n|-ability|p2b: Altaria|Cloud Nine\n|turn|2\n|\n|t:|1776343057\n|move|p1b: AAAAAAAAAAAAAAAAAA|Protect|p1b: AAAAAAAAAAAAAAAAAA\n|-singleturn|p1b: AAAAAAAAAAAAAAAAAA|Protect\n|move|p2a: Incineroar|Fake Out|p1b: AAAAAAAAAAAAAAAAAA\n|-activate|p1b: AAAAAAAAAAAAAAAAAA|move: Protect\n|move|p2b: Altaria|Draco Meteor|p1b: AAAAAAAAAAAAAAAAAA\n|-activate|p1b: AAAAAAAAAAAAAAAAAA|move: Protect\n|move|p1a: Sylvain Granier|Trick Room|p1a: Sylvain Granier\n|-fieldstart|move: Trick Room|[of] p1a: Sylvain Granier\n|\n|-weather|SunnyDay|[upkeep]\n|upkeep\n|turn|3\n|\n|t:|1776343076\n|move|p1a: Sylvain Granier|Forest's Curse|p2b: Altaria\n|-start|p2b: Altaria|typeadd|Grass|[from] move: Forest's Curse\n|move|p1b: AAAAAAAAAAAAAAAAAA|Eruption|p2b: Altaria|[spread] p2a,p2b\n|-resisted|p2a: Incineroar|1\n|-damage|p2a: Incineroar|53/100\n|-damage|p2b: Altaria|53/100\n|move|p2a: Incineroar|Parting Shot|p1b: AAAAAAAAAAAAAAAAAA\n|-unboost|p1b: AAAAAAAAAAAAAAAAAA|atk|1\n|-unboost|p1b: AAAAAAAAAAAAAAAAAA|spa|1\n|\n|t:|1776343085\n|switch|p2a: Aggron|Aggron, L50, M|100/100|[from] Parting Shot\n|move|p2b: Altaria|Draco Meteor|p1b: AAAAAAAAAAAAAAAAAA\n|-damage|p1b: AAAAAAAAAAAAAAAAAA|58/100\n|-unboost|p2b: Altaria|spa|2\n|\n|-weather|SunnyDay|[upkeep]\n|upkeep\n|turn|4\n|\n|t:|1776343104\n|detailschange|p2a: Aggron|Aggron-Mega, L50, M\n|-mega|p2a: Aggron|Aggron|Aggronite\n|move|p1a: Sylvain Granier|Poltergeist|p2b: Altaria\n|-activate|p2b: Altaria|move: Poltergeist|Sitrus Berry\n|-damage|p2b: Altaria|20/100\n|-enditem|p2b: Altaria|Sitrus Berry|[eat]\n|-heal|p2b: Altaria|45/100|[from] item: Sitrus Berry\n|move|p1b: AAAAAAAAAAAAAAAAAA|Earth Power|p2a: Aggron\n|-supereffective|p2a: Aggron|1\n|-damage|p2a: Aggron|48/100\n|move|p2a: Aggron|Iron Defense|p2a: Aggron\n|-boost|p2a: Aggron|def|2\n|move|p2b: Altaria|Roost|p2b: Altaria\n|-heal|p2b: Altaria|95/100\n|-singleturn|p2b: Altaria|move: Roost\n|\n|-weather|SunnyDay|[upkeep]\n|upkeep\n|turn|5\n|\n|t:|1776343126\n|move|p2a: Aggron|Protect|p2a: Aggron\n|-singleturn|p2a: Aggron|Protect\n|move|p1a: Sylvain Granier|Poltergeist||[still]\n|-fail|p1a: Sylvain Granier\n|move|p1b: AAAAAAAAAAAAAAAAAA|Earth Power|p2a: Aggron\n|-activate|p2a: Aggron|move: Protect\n|move|p2b: Altaria|Acrobatics|p1b: AAAAAAAAAAAAAAAAAA\n|-damage|p1b: AAAAAAAAAAAAAAAAAA|14/100\n|\n|-weather|none\n|-sideend|p2: Ibbynj99|move: Light Screen\n|upkeep\n|turn|6\n|\n|t:|1776343144\n|move|p2a: Aggron|Protect||[still]\n|-fail|p2a: Aggron\n|move|p1a: Sylvain Granier|Sunny Day|p1a: Sylvain Granier\n|-weather|SunnyDay\n|move|p1b: AAAAAAAAAAAAAAAAAA|Earth Power|p2a: Aggron\n|-supereffective|p2a: Aggron|1\n|-damage|p2a: Aggron|0 fnt\n|faint|p2a: Aggron\n|move|p2b: Altaria|Acrobatics|p1b: AAAAAAAAAAAAAAAAAA\n|-damage|p1b: AAAAAAAAAAAAAAAAAA|0 fnt\n|faint|p1b: AAAAAAAAAAAAAAAAAA\n|\n|-weather|SunnyDay|[upkeep]\n|-fieldend|move: Trick Room\n|upkeep\n|\n|t:|1776343152\n|switch|p2a: Incineroar|Incineroar, L50, F|53/100\n|switch|p1b: John Trick Room|Crabominable, L50, M|100/100\n|-ability|p2a: Incineroar|Intimidate|boost\n|-unboost|p1a: Sylvain Granier|atk|1\n|-unboost|p1b: John Trick Room|atk|1\n|turn|7\n|\n|t:|1776343163\n|switch|p1b: Jane Trick Room|Hatterene, L50, F|100/100\n|move|p2a: Incineroar|Fake Out|p1b: Jane Trick Room\n|-damage|p1b: Jane Trick Room|85/100\n|move|p2b: Altaria|Acrobatics|p1b: Jane Trick Room\n|-damage|p1b: Jane Trick Room|42/100\n|move|p1a: Sylvain Granier|Trick Room|p1a: Sylvain Granier\n|-fieldstart|move: Trick Room|[of] p1a: Sylvain Granier\n|\n|-weather|SunnyDay|[upkeep]\n|upkeep\n|turn|8\n|\n|t:|1776343191\n|move|p1b: Jane Trick Room|Dazzling Gleam|p2b: Altaria|[spread] p2a,p2b\n|-supereffective|p2b: Altaria|1\n|-damage|p2a: Incineroar|13/100\n|-damage|p2b: Altaria|29/100\n|move|p1a: Sylvain Granier|Poltergeist||[still]\n|-fail|p1a: Sylvain Granier\n|move|p2a: Incineroar|Darkest Lariat|p1b: Jane Trick Room\n|-damage|p1b: Jane Trick Room|0 fnt\n|faint|p1b: Jane Trick Room\n|move|p2b: Altaria|Acrobatics|p1a: Sylvain Granier\n|-supereffective|p1a: Sylvain Granier|1\n|-damage|p1a: Sylvain Granier|9/100\n|-enditem|p1a: Sylvain Granier|Sitrus Berry|[eat]\n|-heal|p1a: Sylvain Granier|34/100|[from] item: Sitrus Berry\n|\n|-weather|SunnyDay|[upkeep]\n|-item|p1a: Sylvain Granier|Sitrus Berry|[from] ability: Harvest\n|upkeep\n|-enditem|p1a: Sylvain Granier|Sitrus Berry|[eat]\n|-heal|p1a: Sylvain Granier|59/100|[from] item: Sitrus Berry\n|\n|t:|1776343198\n|switch|p1b: John Trick Room|Crabominable, L50, M|100/100\n|turn|9\n|\n|t:|1776343228\n|move|p1b: John Trick Room|Mach Punch|p2a: Incineroar\n|-supereffective|p2a: Incineroar|1\n|-damage|p2a: Incineroar|0 fnt\n|faint|p2a: Incineroar\n|move|p1a: Sylvain Granier|Forest's Curse||[still]\n|-fail|p1a: Sylvain Granier\n|move|p2b: Altaria|Acrobatics|p1a: Sylvain Granier\n|-supereffective|p1a: Sylvain Granier|1\n|-damage|p1a: Sylvain Granier|0 fnt\n|faint|p1a: Sylvain Granier\n|\n|-weather|SunnyDay|[upkeep]\n|upkeep\n|turn|10\n|inactive|Battle timer is ON: inactive players will automatically lose when time's up. (requested by Pazou<3)\n|\n|t:|1776343269\n|move|p2b: Altaria|Protect|p2b: Altaria\n|-singleturn|p2b: Altaria|Protect\n|move|p1b: John Trick Room|Ice Hammer|p2b: Altaria\n|-activate|p2b: Altaria|move: Protect\n|\n|-weather|none\n|upkeep\n|turn|11\n|\n|t:|1776343276\n|move|p1b: John Trick Room|Ice Hammer|p2b: Altaria|[miss]\n|-miss|p1b: John Trick Room|p2b: Altaria\n|move|p2b: Altaria|Roost|p2b: Altaria\n|-heal|p2b: Altaria|79/100\n|-singleturn|p2b: Altaria|move: Roost\n|\n|-fieldend|move: Trick Room\n|upkeep\n|turn|12\n|\n|t:|1776343283\n|move|p2b: Altaria|Acrobatics|p1b: John Trick Room\n|-supereffective|p1b: John Trick Room|1\n|-damage|p1b: John Trick Room|14/100\n|move|p1b: John Trick Room|Ice Hammer|p2b: Altaria\n|-supereffective|p2b: Altaria|2\n|-damage|p2b: Altaria|0 fnt\n|-unboost|p1b: John Trick Room|spe|1\n|faint|p2b: Altaria\n|\n|win|Pazou<3\n|raw|Pazou&lt;3's rating: 1096 &rarr; <strong>1120</strong><br />(+24 for winning)\n|raw|Ibbynj99's rating: 1070 &rarr; <strong>1051</strong><br />(-19 for losing)\n",
  "uploadtime": 1776343290,
  "views": 22,
  "formatid": "gen9championsvgc2026regma",
  "rating": 1051,
  "private": 0,
  "password": null
}