{
  "id": "gen9championsvgc2026regma-2582457829",
  "format": "[Gen 9 Champions] VGC 2026 Reg M-A",
  "players": [
    "Leviathan478",
    "KogaAF1219"
  ],
  "log": "|j|\u2606Leviathan478\n|j|\u2606KogaAF1219\n|t:|1776092970\n|gametype|doubles\n|player|p1|Leviathan478|hugh|1068\n|player|p2|KogaAF1219|koga|1122\n|gen|9\n|tier|[Gen 9 Champions] VGC 2026 Reg M-A\n|rated|\n|rule|Species Clause: Limit one of each Pok\u00e9mon\n|rule|Item Clause: Limit 1 of each item\n|clearpoke\n|poke|p1|Golurk, L50|\n|poke|p1|Reuniclus, L50, F|\n|poke|p1|Conkeldurr, L50, M|\n|poke|p1|Snorlax, L50, M|\n|poke|p1|Clefable, L50, F|\n|poke|p1|Incineroar, L50, M|\n|poke|p2|Torkoal, L50, F|\n|poke|p2|Rotom-Fan, L50|\n|poke|p2|Excadrill, L50, F|\n|poke|p2|Venusaur, L50, F|\n|poke|p2|Dragapult, L50, M|\n|poke|p2|Incineroar, L50, F|\n|teampreview|4\n|inactive|Battle timer is ON: inactive players will automatically lose when time's up. (requested by Leviathan478)\nKogaAF1219 has agreed to open team sheets.\n|\n|t:|1776092993\n|teamsize|p1|4\n|teamsize|p2|4\n|start\n|switch|p1a: Slime|Reuniclus, L50, F|100/100\n|switch|p1b: Mar\u00eda|Clefable, L50, F|100/100\n|switch|p2a: Dragapult|Dragapult, L50, M|100/100\n|switch|p2b: Incineroar|Incineroar, L50, F|100/100\n|-ability|p2b: Incineroar|Intimidate|boost\n|-unboost|p1a: Slime|atk|1\n|-unboost|p1b: Mar\u00eda|atk|1\n|turn|1\n|\n|t:|1776093010\n|move|p2b: Incineroar|Fake Out|p1a: Slime\n|-damage|p1a: Slime|87/100\n|move|p1b: Mar\u00eda|Follow Me|p1b: Mar\u00eda\n|-singleturn|p1b: Mar\u00eda|move: Follow Me\n|move|p2a: Dragapult|Shadow Ball|p1b: Mar\u00eda\n|-damage|p1b: Mar\u00eda|57/100\n|-unboost|p1b: Mar\u00eda|spd|1\n|cant|p1a: Slime|flinch\n|\n|-heal|p1b: Mar\u00eda|63/100|[from] item: Leftovers\n|upkeep\n|turn|2\n|\n|t:|1776093022\n|move|p1b: Mar\u00eda|Follow Me|p1b: Mar\u00eda\n|-singleturn|p1b: Mar\u00eda|move: Follow Me\n|move|p2a: Dragapult|Shadow Ball|p1b: Mar\u00eda\n|-damage|p1b: Mar\u00eda|4/100\n|move|p2b: Incineroar|Parting Shot|p1b: Mar\u00eda\n|-unboost|p1b: Mar\u00eda|atk|1\n|-unboost|p1b: Mar\u00eda|spa|1\n|\n|t:|1776093030\n|switch|p2b: Torkoal|Torkoal, L50, F|100/100|[from] Parting Shot\n|-weather|SunnyDay|[from] ability: Drought|[of] p2b: Torkoal\n|move|p1a: Slime|Trick Room|p1a: Slime\n|-fieldstart|move: Trick Room|[of] p1a: Slime\n|\n|-weather|SunnyDay|[upkeep]\n|-heal|p1b: Mar\u00eda|10/100|[from] item: Leftovers\n|upkeep\n|turn|3\n|\n|t:|1776093055\n|move|p1a: Slime|Protect|p1a: Slime\n|-singleturn|p1a: Slime|Protect\n|move|p2a: Dragapult|Protect|p2a: Dragapult\n|-singleturn|p2a: Dragapult|Protect\n|move|p2b: Torkoal|Eruption|p1b: Mar\u00eda|[spread] p1b\n|-activate|p1a: Slime|move: Protect\n|-damage|p1b: Mar\u00eda|0 fnt\n|faint|p1b: Mar\u00eda\n|\n|-weather|SunnyDay|[upkeep]\n|upkeep\n|\n|t:|1776093071\n|switch|p1b: Coloso|Golurk, L50|100/100\n|turn|4\n|\n|t:|1776093081\n|detailschange|p1b: Coloso|Golurk-Mega, L50\n|-mega|p1b: Coloso|Golurk|Golurkite\n|move|p2b: Torkoal|Eruption|p1b: Coloso|[spread] p1a,p1b\n|-damage|p1a: Slime|7/100\n|-damage|p1b: Coloso|34/100\n|move|p1a: Slime|Recover|p1a: Slime\n|-heal|p1a: Slime|57/100\n|move|p1b: Coloso|High Horsepower|p2b: Torkoal\n|-supereffective|p2b: Torkoal|1\n|-damage|p2b: Torkoal|0 fnt\n|faint|p2b: Torkoal\n|move|p2a: Dragapult|Shadow Ball|p1b: Coloso\n|-supereffective|p1b: Coloso|1\n|-damage|p1b: Coloso|0 fnt\n|faint|p1b: Coloso\n|\n|-weather|SunnyDay|[upkeep]\n|upkeep\n|\n|t:|1776093096\n|switch|p2b: Incineroar|Incineroar, L50, F|100/100\n|switch|p1b: Jed|Snorlax, L50, M|100/100\n|-ability|p2b: Incineroar|Intimidate|boost\n|-unboost|p1a: Slime|atk|1\n|-unboost|p1b: Jed|atk|1\n|turn|5\n|\n|t:|1776093109\n|move|p2b: Incineroar|Fake Out|p1b: Jed\n|-damage|p1b: Jed|88/100\n|move|p1a: Slime|Recover|p1a: Slime\n|-heal|p1a: Slime|100/100\n|cant|p1b: Jed|flinch\n|move|p2a: Dragapult|Shadow Ball|p1a: Slime\n|-supereffective|p1a: Slime|1\n|-damage|p1a: Slime|21/100\n|\n|-weather|SunnyDay|[upkeep]\n|upkeep\n|turn|6\n|\n|t:|1776093126\n|move|p1b: Jed|Belly Drum|p1b: Jed\n|-damage|p1b: Jed|38/100\n|-setboost|p1b: Jed|atk|6|[from] move: Belly Drum\n|-enditem|p1b: Jed|Sitrus Berry|[eat]\n|-heal|p1b: Jed|63/100|[from] item: Sitrus Berry\n|move|p1a: Slime|Recover|p1a: Slime\n|-heal|p1a: Slime|72/100\n|move|p2b: Incineroar|Close Combat|p1b: Jed\n|-supereffective|p1b: Jed|1\n|-damage|p1b: Jed|0 fnt\n|-unboost|p2b: Incineroar|def|1\n|-unboost|p2b: Incineroar|spd|1\n|faint|p1b: Jed\n|move|p2a: Dragapult|Draco Meteor|p1a: Slime\n|-damage|p1a: Slime|20/100\n|-unboost|p2a: Dragapult|spa|2\n|\n|-weather|none\n|-fieldend|move: Trick Room\n|upkeep\n|turn|7\n|-message|Leviathan478 forfeited.\n|\n|win|KogaAF1219\n|raw|Leviathan478's rating: 1068 &rarr; <strong>1051</strong><br />(-17 for losing)\n|raw|KogaAF1219's rating: 1122 &rarr; <strong>1143</strong><br />(+21 for winning)\n|l|\u2606Leviathan478\n|player|p1|\n",
  "uploadtime": 1776093139,
  "views": 11,
  "formatid": "gen9championsvgc2026regma",
  "rating": 1051,
  "private": 0,
  "password": null
}