{
  "id": "gen9championsvgc2026regma-2583145452",
  "format": "[Gen 9 Champions] VGC 2026 Reg M-A",
  "players": [
    "thorres24",
    "PiketePikete"
  ],
  "log": "|j|\u2606thorres24\n|j|\u2606PiketePikete\n|t:|1776147552\n|gametype|doubles\n|player|p1|thorres24|silver|1085\n|player|p2|PiketePikete|ghetsis-gen5bw|1159\n|gen|9\n|tier|[Gen 9 Champions] VGC 2026 Reg M-A\n|rated|\n|rule|Species Clause: Limit one of each Pok\u00e9mon\n|rule|Item Clause: Limit 1 of each item\n|clearpoke\n|poke|p1|Raichu, L50, F|\n|poke|p1|Jolteon, L50, F|\n|poke|p1|Pelipper, L50, F|\n|poke|p1|Gengar, L50, F|\n|poke|p1|Sneasler, L50, M|\n|poke|p1|Maushold, L50|\n|poke|p2|Charizard, L50, F|\n|poke|p2|Typhlosion-Hisui, L50, M|\n|poke|p2|Torkoal, L50, M|\n|poke|p2|Maushold-Four, L50|\n|poke|p2|Sneasler, L50, F|\n|poke|p2|Venusaur, L50, M|\n|teampreview|4\n|inactive|Battle timer is ON: inactive players will automatically lose when time's up. (requested by thorres24)\nthorres24 rejected open team sheets.\n|inactive|PiketePikete has 60 seconds left.\n|\n|t:|1776147584\n|teamsize|p1|4\n|teamsize|p2|4\n|start\n|switch|p1a: Jolteon|Jolteon, L50, F|100/100\n|switch|p1b: Raichu|Raichu, L50, F|100/100\n|switch|p2a: Charizard|Charizard, L50, F|100/100\n|switch|p2b: Typhlosion|Typhlosion-Hisui, L50, M|100/100\n|-item|p1a: Jolteon|Magnet|[from] ability: Frisk|[of] p2b: Typhlosion\n|-item|p1b: Raichu|Focus Sash|[from] ability: Frisk|[of] p2b: Typhlosion\n|turn|1\n|c|\u2606thorres24|Hi\n|c|\u2606thorres24|Im new player in champions\n|c|\u2606thorres24|Glhf\n|inactive|thorres24 has 30 seconds left.\n|inactive|PiketePikete has 30 seconds left.\n|\n|t:|1776147618\n|detailschange|p2a: Charizard|Charizard-Mega-Y, L50, F\n|-mega|p2a: Charizard|Charizard|Charizardite Y\n|-weather|SunnyDay|[from] ability: Drought|[of] p2a: Charizard\n|move|p2a: Charizard|Helping Hand|p2b: Typhlosion\n|-singleturn|p2b: Typhlosion|Helping Hand|[of] p2a: Charizard\n|move|p1b: Raichu|Fake Out|p2a: Charizard\n|-damage|p2a: Charizard|92/100\n|move|p2b: Typhlosion|Eruption|p1a: Jolteon|[spread] p1a,p1b\n|-damage|p1a: Jolteon|0 fnt\n|-enditem|p1b: Raichu|Focus Sash\n|-damage|p1b: Raichu|1/100\n|faint|p1a: Jolteon\n|\n|-weather|SunnyDay|[upkeep]\n|upkeep\n|\n|t:|1776147632\n|switch|p1a: Pelipper|Pelipper, L50, F|100/100\n|-weather|RainDance|[from] ability: Drizzle|[of] p1a: Pelipper\n|turn|2\n|-activate|p1a: Pelipper|item: Quick Claw\n|\n|t:|1776147642\n|switch|p2a: Torkoal|Torkoal, L50, M|100/100\n|-weather|SunnyDay|[from] ability: Drought|[of] p2a: Torkoal\n|move|p1a: Pelipper|Tailwind|p1a: Pelipper\n|-sidestart|p1: thorres24|move: Tailwind\n|move|p1b: Raichu|Thunder|p2b: Typhlosion|[miss]\n|-miss|p1b: Raichu|p2b: Typhlosion\n|move|p2b: Typhlosion|Eruption|p1b: Raichu|[spread] p1a,p1b\n|-resisted|p1a: Pelipper|1\n|-damage|p1a: Pelipper|43/100\n|-damage|p1b: Raichu|0 fnt\n|faint|p1b: Raichu\n|\n|-weather|SunnyDay|[upkeep]\n|upkeep\n|\n|t:|1776147652\n|switch|p1b: Gengar|Gengar, L50, F|100/100\n|turn|3\n|\n|t:|1776147666\n|switch|p2b: Maushold|Maushold-Four, L50|100/100\n|detailschange|p1b: Gengar|Gengar-Mega, L50, F\n|-mega|p1b: Gengar|Gengar|Gengarite\n|move|p1a: Pelipper|Wide Guard|p1a: Pelipper\n|-singleturn|p1a: Pelipper|Wide Guard\n|move|p1b: Gengar|Shadow Ball|p2a: Torkoal\n|-damage|p2a: Torkoal|47/100\n|move|p2a: Torkoal|Heat Wave|p1a: Pelipper|[spread] \n|-activate|p1a: Pelipper|move: Wide Guard\n|-activate|p1b: Gengar|move: Wide Guard\n|\n|-weather|SunnyDay|[upkeep]\n|upkeep\n|turn|4\n|\n|t:|1776147689\n|move|p1b: Gengar|Sludge Bomb|p2b: Maushold\n|-damage|p2b: Maushold|35/100\n|move|p2b: Maushold|Encore|p1a: Pelipper\n|-start|p1a: Pelipper|Encore\n|move|p1a: Pelipper|Wide Guard|p1a: Pelipper\n|-singleturn|p1a: Pelipper|Wide Guard\n|move|p2a: Torkoal|Eruption|p1a: Pelipper|[spread] \n|-activate|p1a: Pelipper|move: Wide Guard\n|-activate|p1b: Gengar|move: Wide Guard\n|\n|-weather|SunnyDay|[upkeep]\n|upkeep\n|turn|5\n|-activate|p1a: Pelipper|item: Quick Claw\n|\n|t:|1776147705\n|move|p2b: Maushold|Protect|p2b: Maushold\n|-singleturn|p2b: Maushold|Protect\n|move|p1a: Pelipper|Wide Guard|p1a: Pelipper\n|-singleturn|p1a: Pelipper|Wide Guard\n|move|p1b: Gengar|Sludge Bomb|p2b: Maushold\n|-activate|p2b: Maushold|move: Protect\n|move|p2a: Torkoal|Heat Wave|p1b: Gengar|[spread] \n|-activate|p1a: Pelipper|move: Wide Guard\n|-activate|p1b: Gengar|move: Wide Guard\n|\n|-weather|SunnyDay|[upkeep]\n|-sideend|p1: thorres24|move: Tailwind\n|upkeep\n|turn|6\n|\n|t:|1776147719\n|move|p1a: Pelipper|Wide Guard|p1a: Pelipper\n|-singleturn|p1a: Pelipper|Wide Guard\n|move|p2b: Maushold|Super Fang|p1a: Pelipper|[miss]\n|-miss|p2b: Maushold|p1a: Pelipper\n|move|p1b: Gengar|Sludge Bomb|p2b: Maushold\n|-damage|p2b: Maushold|0 fnt\n|faint|p2b: Maushold\n|move|p2a: Torkoal|Eruption|p1a: Pelipper|[spread] \n|-activate|p1a: Pelipper|move: Wide Guard\n|-activate|p1b: Gengar|move: Wide Guard\n|\n|-weather|none\n|-end|p1a: Pelipper|Encore\n|upkeep\n|\n|t:|1776147734\n|switch|p2b: Typhlosion|Typhlosion-Hisui, L50, M|100/100\n|-item|p1a: Pelipper|Quick Claw|[from] ability: Frisk|[of] p2b: Typhlosion\n|-item|p1b: Gengar|Gengarite|[from] ability: Frisk|[of] p2b: Typhlosion\n|turn|7\n|\n|t:|1776147750\n|move|p2a: Torkoal|Helping Hand|p2b: Typhlosion\n|-singleturn|p2b: Typhlosion|Helping Hand|[of] p2a: Torkoal\n|move|p1b: Gengar|Protect|p1b: Gengar\n|-singleturn|p1b: Gengar|Protect\n|move|p2b: Typhlosion|Flamethrower|p1b: Gengar\n|-activate|p1b: Gengar|move: Protect\n|move|p1a: Pelipper|Tailwind|p1a: Pelipper\n|-sidestart|p1: thorres24|move: Tailwind\n|\n|upkeep\n|turn|8\n|\n|t:|1776147766\n|switch|p2b: Charizard|Charizard-Mega-Y, L50, F|92/100\n|-weather|SunnyDay|[from] ability: Drought|[of] p2b: Charizard\n|move|p2a: Torkoal|Protect|p2a: Torkoal\n|-singleturn|p2a: Torkoal|Protect\n|move|p1b: Gengar|Shadow Ball|p2b: Charizard\n|-damage|p2b: Charizard|45/100\n|move|p1a: Pelipper|Muddy Water|p2a: Torkoal|[spread] p2b\n|-activate|p2a: Torkoal|move: Protect\n|-supereffective|p2b: Charizard|1\n|-damage|p2b: Charizard|22/100\n|\n|-weather|SunnyDay|[upkeep]\n|upkeep\n|turn|9\n|\n|t:|1776147789\n|move|p1a: Pelipper|Wide Guard|p1a: Pelipper\n|-singleturn|p1a: Pelipper|Wide Guard\n|move|p1b: Gengar|Shadow Ball|p2b: Charizard\n|-damage|p2b: Charizard|0 fnt\n|faint|p2b: Charizard\n|move|p2a: Torkoal|Heat Wave|p1a: Pelipper|[spread] \n|-activate|p1a: Pelipper|move: Wide Guard\n|-activate|p1b: Gengar|move: Wide Guard\n|\n|-weather|SunnyDay|[upkeep]\n|upkeep\n|\n|t:|1776147795\n|switch|p2b: Typhlosion|Typhlosion-Hisui, L50, M|100/100\n|-item|p1a: Pelipper|Quick Claw|[from] ability: Frisk|[of] p2b: Typhlosion\n|-item|p1b: Gengar|Gengarite|[from] ability: Frisk|[of] p2b: Typhlosion\n|turn|10\n|\n|t:|1776147807\n|move|p1b: Gengar|Shadow Ball|p2b: Typhlosion\n|-supereffective|p2b: Typhlosion|1\n|-damage|p2b: Typhlosion|0 fnt\n|faint|p2b: Typhlosion\n|move|p1a: Pelipper|Muddy Water|p2a: Torkoal\n|-supereffective|p2a: Torkoal|1\n|-damage|p2a: Torkoal|0 fnt\n|faint|p2a: Torkoal\n|\n|win|thorres24\n|raw|thorres24's rating: 1085 &rarr; <strong>1118</strong><br />(+33 for winning)\n|raw|PiketePikete's rating: 1159 &rarr; <strong>1129</strong><br />(-30 for losing)\n|l|\u2606PiketePikete\n|player|p2|\n",
  "uploadtime": 1776147823,
  "views": 18,
  "formatid": "gen9championsvgc2026regma",
  "rating": 1118,
  "private": 0,
  "password": null
}