{
  "id": "gen9championsvgc2026regma-2584228837",
  "format": "[Gen 9 Champions] VGC 2026 Reg M-A",
  "players": [
    "harukicato",
    "kitucho"
  ],
  "log": "|j|\u2606harukicato\n|j|\u2606kitucho\n|t:|1776240776\n|gametype|doubles\n|player|p1|harukicato|skyla|1153\n|player|p2|kitucho|266|1132\n|gen|9\n|tier|[Gen 9 Champions] VGC 2026 Reg M-A\n|rated|\n|rule|Species Clause: Limit one of each Pok\u00e9mon\n|rule|Item Clause: Limit 1 of each item\n|clearpoke\n|poke|p1|Incineroar, L50, M|\n|poke|p1|Kommo-o, L50, F|\n|poke|p1|Rotom-Wash, L50|\n|poke|p1|Floette-Eternal, L50, F|\n|poke|p1|Aegislash, L50, F|\n|poke|p1|Sneasler, L50, F|\n|poke|p2|Umbreon, L50, F|\n|poke|p2|Toxapex, L50, F|\n|poke|p2|Milotic, L50, F|\n|poke|p2|Chandelure, L50, M|\n|poke|p2|Venusaur, L50, M|\n|poke|p2|Dragonite, L50, F|\n|teampreview|4\n|\n|t:|1776240848\n|teamsize|p1|4\n|teamsize|p2|4\n|start\n|switch|p1a: Rotom|Rotom-Wash, L50, shiny|100/100\n|switch|p1b: Floette|Floette-Eternal, L50, F|100/100\n|switch|p2a: Umbreon|Umbreon, L50, F|100/100\n|switch|p2b: Toxapex|Toxapex, L50, F|100/100\n|turn|1\n|\n|t:|1776240866\n|detailschange|p1b: Floette|Floette-Mega, L50, F\n|-mega|p1b: Floette|Floette|Floettite\n|-ability|p1b: Floette|Fairy Aura\n|move|p1a: Rotom|Volt Switch|p2b: Toxapex\n|-supereffective|p2b: Toxapex|1\n|-damage|p2b: Toxapex|61/100\n|\n|t:|1776240873\n|switch|p1a: Aegislash|Aegislash, L50, F, shiny|100/100|[from] Volt Switch\n|move|p1b: Floette|Dazzling Gleam|p2a: Umbreon|[spread] p2a,p2b\n|-supereffective|p2a: Umbreon|1\n|-resisted|p2b: Toxapex|1\n|-damage|p2a: Umbreon|33/100\n|-damage|p2b: Toxapex|47/100\n|-enditem|p2a: Umbreon|Sitrus Berry|[eat]\n|-heal|p2a: Umbreon|58/100|[from] item: Sitrus Berry\n|move|p2a: Umbreon|Yawn|p1b: Floette\n|-start|p1b: Floette|move: Yawn|[of] p2a: Umbreon\n|move|p2b: Toxapex|Infestation|p1b: Floette\n|-resisted|p1b: Floette|1\n|-damage|p1b: Floette|99/100\n|-activate|p1b: Floette|move: Infestation|[of] p2b: Toxapex\n|\n|-damage|p1b: Floette|87/100|[from] move: Infestation|[partiallytrapped]\n|upkeep\n|turn|2\n|\n|t:|1776240897\n|move|p2a: Umbreon|Protect|p2a: Umbreon\n|-singleturn|p2a: Umbreon|Protect\n|move|p2b: Toxapex|Protect|p2b: Toxapex\n|-singleturn|p2b: Toxapex|Protect\n|move|p1b: Floette|Calm Mind|p1b: Floette\n|-boost|p1b: Floette|spa|1\n|-boost|p1b: Floette|spd|1\n|-formechange|p1a: Aegislash|Aegislash-Blade|\n|move|p1a: Aegislash|Iron Head|p2b: Toxapex\n|-activate|p2b: Toxapex|move: Protect\n|\n|-damage|p1b: Floette|75/100|[from] move: Infestation|[partiallytrapped]\n|-end|p1b: Floette|move: Yawn|[silent]\n|-status|p1b: Floette|slp\n|upkeep\n|turn|3\n|\n|t:|1776240927\n|switch|p2b: Milotic|Milotic, L50, F|100/100\n|cant|p1b: Floette|slp\n|move|p2a: Umbreon|Foul Play|p1a: Aegislash\n|-supereffective|p1a: Aegislash|1\n|-damage|p1a: Aegislash|0 fnt\n|faint|p1a: Aegislash\n|\n|-end|p1b: Floette|Infestation|[partiallytrapped]|[silent]\n|upkeep\n|\n|t:|1776240935\n|switch|p1a: Kommo-o|Kommo-o, L50, F, shiny|100/100\n|turn|4\n|\n|t:|1776240943\n|cant|p1b: Floette|slp\n|move|p1a: Kommo-o|Clangorous Soul|p1a: Kommo-o\n|-boost|p1a: Kommo-o|atk|1\n|-boost|p1a: Kommo-o|def|1\n|-boost|p1a: Kommo-o|spa|1\n|-boost|p1a: Kommo-o|spd|1\n|-boost|p1a: Kommo-o|spe|1\n|-damage|p1a: Kommo-o|68/100\n|move|p2b: Milotic|Ice Beam|p1a: Kommo-o\n|-supereffective|p1a: Kommo-o|1\n|-damage|p1a: Kommo-o|31/100\n|move|p2a: Umbreon|Snarl|p1b: Floette|[spread] p1b\n|-immune|p1a: Kommo-o|[from] ability: Soundproof\n|-resisted|p1b: Floette|1\n|-damage|p1b: Floette|73/100 slp\n|-unboost|p1b: Floette|spa|1\n|\n|-heal|p1a: Kommo-o|37/100|[from] item: Leftovers\n|upkeep\n|turn|5\n|\n|t:|1776240969\n|move|p1a: Kommo-o|Clanging Scales|p2b: Milotic|[spread] p2a,p2b\n|-damage|p2a: Umbreon|19/100\n|-damage|p2b: Milotic|61/100\n|-unboost|p1a: Kommo-o|def|1\n|-curestatus|p1b: Floette|slp|[msg]\n|move|p1b: Floette|Dazzling Gleam|p2a: Umbreon|[spread] p2a,p2b\n|-supereffective|p2a: Umbreon|1\n|-damage|p2a: Umbreon|0 fnt\n|-damage|p2b: Milotic|31/100\n|faint|p2a: Umbreon\n|move|p2b: Milotic|Ice Beam|p1a: Kommo-o\n|-supereffective|p1a: Kommo-o|1\n|-damage|p1a: Kommo-o|0 fnt\n|faint|p1a: Kommo-o\n|\n|-heal|p2b: Milotic|37/100|[from] item: Leftovers\n|upkeep\n|\n|t:|1776240988\n|switch|p1a: Rotom|Rotom-Wash, L50, shiny|100/100\n|switch|p2a: Toxapex|Toxapex, L50, F|80/100\n|turn|6\n|\n|t:|1776241011\n|switch|p2b: Venusaur|Venusaur, L50, M|100/100\n|move|p1a: Rotom|Electroweb|p2a: Toxapex|[spread] p2a,p2b\n|-supereffective|p2a: Toxapex|1\n|-resisted|p2b: Venusaur|1\n|-damage|p2a: Toxapex|57/100\n|-damage|p2b: Venusaur|92/100\n|-unboost|p2a: Toxapex|spe|1\n|-unboost|p2b: Venusaur|spe|1\n|move|p1b: Floette|Dazzling Gleam|p2a: Toxapex|[spread] p2a,p2b\n|-resisted|p2a: Toxapex|1\n|-resisted|p2b: Venusaur|1\n|-damage|p2a: Toxapex|43/100\n|-damage|p2b: Venusaur|75/100\n|move|p2a: Toxapex|Toxic|p1b: Floette\n|-status|p1b: Floette|tox\n|\n|-damage|p1b: Floette|67/100 tox|[from] psn\n|upkeep\n|turn|7\n|\n|t:|1776241032\n|detailschange|p2b: Venusaur|Venusaur-Mega, L50, M\n|-mega|p2b: Venusaur|Venusaur|Venusaurite\n|move|p2a: Toxapex|Wide Guard|p2a: Toxapex\n|-singleturn|p2a: Toxapex|Wide Guard\n|move|p1a: Rotom|Electroweb|p2a: Toxapex|[spread] \n|-activate|p2a: Toxapex|move: Wide Guard\n|-activate|p2b: Venusaur|move: Wide Guard\n|move|p1b: Floette|Moonblast|p2b: Venusaur\n|-resisted|p2b: Venusaur|1\n|-damage|p2b: Venusaur|50/100\n|-unboost|p2b: Venusaur|spa|1\n|move|p2b: Venusaur|Leech Seed|p1b: Floette\n|-start|p1b: Floette|move: Leech Seed\n|\n|-damage|p1b: Floette|55/100 tox|[from] Leech Seed|[of] p2b: Venusaur\n|-heal|p2b: Venusaur|63/100|[silent]\n|-damage|p1b: Floette|42/100 tox|[from] psn\n|upkeep\n|turn|8\n|-message|harukicato forfeited.\n|\n|win|kitucho\n|raw|harukicato's rating: 1153 &rarr; <strong>1126</strong><br />(-27 for losing)\n|raw|kitucho's rating: 1132 &rarr; <strong>1159</strong><br />(+27 for winning)\n|l|\u2606harukicato\n|player|p1|\n|l|\u2606kitucho\n|player|p2|\n",
  "uploadtime": 1776241161,
  "views": 22,
  "formatid": "gen9championsvgc2026regma",
  "rating": 1126,
  "private": 0,
  "password": null
}