{
  "id": "gen9championsvgc2026regma-2584164733",
  "format": "[Gen 9 Champions] VGC 2026 Reg M-A",
  "players": [
    "AnotherDreamer",
    "Filo0o0o"
  ],
  "log": "|j|\u2606AnotherDreamer\n|j|\u2606Filo0o0o\n|t:|1776232999\n|gametype|doubles\n|player|p1|AnotherDreamer|1|1346\n|player|p2|Filo0o0o|266|1351\n|gen|9\n|tier|[Gen 9 Champions] VGC 2026 Reg M-A\n|rated|\n|rule|Species Clause: Limit one of each Pok\u00e9mon\n|rule|Item Clause: Limit 1 of each item\n|clearpoke\n|poke|p1|Incineroar, L50, F|\n|poke|p1|Floette-Eternal, L50, F|\n|poke|p1|Aerodactyl, L50, M|\n|poke|p1|Basculegion, L50, M|\n|poke|p1|Garchomp, L50, M|\n|poke|p1|Sneasler, L50, F|\n|poke|p2|Aerodactyl, L50, F|\n|poke|p2|Scovillain, L50, M|\n|poke|p2|Primarina, L50, M|\n|poke|p2|Tyranitar, L50, M|\n|poke|p2|Sneasler, L50, F|\n|poke|p2|Sinistcha, L50|\n|teampreview|4\n|inactive|Battle timer is ON: inactive players will automatically lose when time's up. (requested by AnotherDreamer)\n|inactive|AnotherDreamer has 60 seconds left.\n|\n|t:|1776233033\n|teamsize|p1|4\n|teamsize|p2|4\n|start\n|switch|p1a: Basculegion|Basculegion, L50, M|100/100\n|switch|p1b: Sneasler|Sneasler, L50, F|100/100\n|switch|p2a: Scovillain|Scovillain, L50, M|100/100\n|switch|p2b: Primarina|Primarina, L50, M|100/100\n|turn|1\n|\n|t:|1776233051\n|detailschange|p2a: Scovillain|Scovillain-Mega, L50, M\n|-mega|p2a: Scovillain|Scovillain|Scovillainite\n|move|p2b: Primarina|Protect|p2b: Primarina\n|-singleturn|p2b: Primarina|Protect\n|move|p2a: Scovillain|Rage Powder|p2a: Scovillain\n|-singleturn|p2a: Scovillain|move: Rage Powder\n|move|p1a: Basculegion|Flip Turn|p2a: Scovillain\n|-damage|p2a: Scovillain|69/100\n|-status|p1a: Basculegion|brn|[from] ability: Spicy Spray|[of] p2a: Scovillain\n|\n|t:|1776233058\n|switch|p1a: Incineroar|Incineroar, L50, F|100/100|[from] Flip Turn\n|-ability|p1a: Incineroar|Intimidate|boost\n|-unboost|p2a: Scovillain|atk|1\n|-unboost|p2b: Primarina|atk|1\n|move|p1b: Sneasler|Dire Claw|p2a: Scovillain\n|-supereffective|p2a: Scovillain|1\n|-damage|p2a: Scovillain|0 fnt\n|-status|p1b: Sneasler|brn|[from] ability: Spicy Spray|[of] p2a: Scovillain\n|faint|p2a: Scovillain\n|\n|-damage|p1b: Sneasler|95/100 brn|[from] brn\n|upkeep\n|\n|t:|1776233068\n|switch|p2a: Aerodactyl|Aerodactyl, L50, F|100/100\n|-ability|p2a: Aerodactyl|Unnerve\n|turn|2\n|\n|t:|1776233080\n|move|p1a: Incineroar|Fake Out|p2a: Aerodactyl\n|-resisted|p2a: Aerodactyl|1\n|-damage|p2a: Aerodactyl|92/100\n|cant|p2a: Aerodactyl|flinch\n|move|p1b: Sneasler|Dire Claw|p2b: Primarina\n|-supereffective|p2b: Primarina|1\n|-damage|p2b: Primarina|47/100\n|-status|p2b: Primarina|par\n|move|p2b: Primarina|Hyper Voice|p1b: Sneasler|[spread] p1a,p1b\n|-supereffective|p1a: Incineroar|1\n|-damage|p1a: Incineroar|40/100\n|-damage|p1b: Sneasler|43/100 brn\n|\n|-heal|p2b: Primarina|54/100 par|[from] item: Leftovers\n|-damage|p1b: Sneasler|37/100 brn|[from] brn\n|upkeep\n|turn|3\n|\n|t:|1776233101\n|move|p1b: Sneasler|Protect|p1b: Sneasler\n|-singleturn|p1b: Sneasler|Protect\n|move|p2a: Aerodactyl|Dual Wingbeat|p1b: Sneasler\n|-activate|p1b: Sneasler|move: Protect\n|move|p1a: Incineroar|Parting Shot|p2a: Aerodactyl\n|-unboost|p2a: Aerodactyl|atk|1\n|-unboost|p2a: Aerodactyl|spa|1\n|\n|t:|1776233103\n|switch|p1a: Basculegion|Basculegion, L50, M|100/100 brn|[from] Parting Shot\n|move|p2b: Primarina|Hyper Voice|p1a: Basculegion|[spread] p1a\n|-activate|p1b: Sneasler|move: Protect\n|-resisted|p1a: Basculegion|1\n|-damage|p1a: Basculegion|79/100 brn\n|\n|-heal|p2b: Primarina|60/100 par|[from] item: Leftovers\n|-damage|p1a: Basculegion|73/100 brn|[from] brn\n|-damage|p1b: Sneasler|32/100 brn|[from] brn\n|upkeep\n|turn|4\n|\n|t:|1776233126\n|move|p2b: Primarina|Protect|p2b: Primarina\n|-singleturn|p2b: Primarina|Protect\n|move|p1a: Basculegion|Wave Crash|p2a: Aerodactyl\n|-supereffective|p2a: Aerodactyl|1\n|-damage|p2a: Aerodactyl|0 fnt\n|faint|p2a: Aerodactyl\n|-damage|p1a: Basculegion|49/100 brn|[from] Recoil\n|move|p1b: Sneasler|Dire Claw|p2b: Primarina\n|-activate|p2b: Primarina|move: Protect\n|\n|-heal|p2b: Primarina|66/100 par|[from] item: Leftovers\n|-damage|p1a: Basculegion|43/100 brn|[from] brn\n|-damage|p1b: Sneasler|26/100 brn|[from] brn\n|upkeep\n|\n|t:|1776233140\n|switch|p2a: Sneasler|Sneasler, L50, F|100/100\n|turn|5\n|\n|t:|1776233151\n|move|p1a: Basculegion|Wave Crash|p2b: Primarina\n|-resisted|p2b: Primarina|1\n|-damage|p2b: Primarina|41/100 par\n|-damage|p1a: Basculegion|36/100 brn|[from] Recoil\n|move|p1b: Sneasler|Dire Claw|p2b: Primarina\n|-supereffective|p2b: Primarina|1\n|-damage|p2b: Primarina|0 fnt\n|faint|p2b: Primarina\n|move|p2a: Sneasler|Close Combat|p1b: Sneasler\n|-resisted|p1b: Sneasler|1\n|-damage|p1b: Sneasler|0 fnt\n|-unboost|p2a: Sneasler|def|1\n|-unboost|p2a: Sneasler|spd|1\n|faint|p1b: Sneasler\n|-enditem|p2a: Sneasler|White Herb\n|-clearnegativeboost|p2a: Sneasler|[silent]\n|\n|-damage|p1a: Basculegion|29/100 brn|[from] brn\n|upkeep\n|\n|t:|1776233155\n|switch|p1b: Incineroar|Incineroar, L50, F|40/100\n|-enditem|p1b: Incineroar|Sitrus Berry|[eat]\n|-heal|p1b: Incineroar|65/100|[from] item: Sitrus Berry\n|-ability|p1b: Incineroar|Intimidate|boost\n|-unboost|p2a: Sneasler|atk|1\n|turn|6\n|\n|t:|1776233165\n|switch|p1b: Floette|Floette-Eternal, L50, F|100/100\n|move|p2a: Sneasler|Protect|p2a: Sneasler\n|-singleturn|p2a: Sneasler|Protect\n|move|p1a: Basculegion|Wave Crash|p2a: Sneasler\n|-activate|p2a: Sneasler|move: Protect\n|\n|-damage|p1a: Basculegion|23/100 brn|[from] brn\n|upkeep\n|turn|7\n|\n|t:|1776233172\n|move|p1b: Floette|Protect|p1b: Floette\n|-singleturn|p1b: Floette|Protect\n|move|p2a: Sneasler|Dire Claw|p1b: Floette\n|-activate|p1b: Floette|move: Protect\n|move|p1a: Basculegion|Wave Crash|p2a: Sneasler\n|-crit|p2a: Sneasler\n|-damage|p2a: Sneasler|8/100\n|-damage|p1a: Basculegion|0 fnt|[from] Recoil\n|faint|p1a: Basculegion\n|\n|upkeep\n|-message|Filo0o0o forfeited.\n|\n|win|AnotherDreamer\n|raw|AnotherDreamer's rating: 1346 &rarr; <strong>1366</strong><br />(+20 for winning)\n|raw|Filo0o0o's rating: 1351 &rarr; <strong>1331</strong><br />(-20 for losing)\n|l|\u2606Filo0o0o\n|player|p2|\n|l|\u2606AnotherDreamer\n|player|p1|\n",
  "uploadtime": 1776233202,
  "views": 49,
  "formatid": "gen9championsvgc2026regma",
  "rating": 1331,
  "private": 0,
  "password": null
}