{
  "id": "gen9championsvgc2026regma-2582340127",
  "format": "[Gen 9 Champions] VGC 2026 Reg M-A",
  "players": [
    "gogozeppeli190",
    "VegitoSKBEST"
  ],
  "log": "|j|\u2606gogozeppeli190\n|j|\u2606VegitoSKBEST\n|t:|1776084725\n|gametype|doubles\n|player|p1|gogozeppeli190|266|1029\n|player|p2|VegitoSKBEST|winona|1000\n|gen|9\n|tier|[Gen 9 Champions] VGC 2026 Reg M-A\n|rated|\n|rule|Species Clause: Limit one of each Pok\u00e9mon\n|rule|Item Clause: Limit 1 of each item\n|clearpoke\n|poke|p1|Scizor, L50, F|\n|poke|p1|Sneasler, L50, M|\n|poke|p1|Altaria, L50, M|\n|poke|p1|Incineroar, L50, F|\n|poke|p1|Rotom-Wash, L50|\n|poke|p1|Ditto, L50|\n|poke|p2|Dragonite, L50, M|\n|poke|p2|Pelipper, L50, M|\n|poke|p2|Archaludon, L50, M|\n|poke|p2|Palafin, L50, F|\n|poke|p2|Incineroar, L50, M|\n|poke|p2|Sinistcha, L50|\n|teampreview|4\n|inactive|Battle timer is ON: inactive players will automatically lose when time's up. (requested by VegitoSKBEST)\n|inactive|VegitoSKBEST has 60 seconds left.\n|inactive|VegitoSKBEST has 30 seconds left.\ngogozeppeli190 has agreed to open team sheets.\n|inactive|VegitoSKBEST has 20 seconds left.\n|inactive|VegitoSKBEST has 15 seconds left.\n|inactive|VegitoSKBEST has 10 seconds left.\n|inactive|VegitoSKBEST has 5 seconds left.\n|\n|t:|1776084817\n|teamsize|p1|4\n|teamsize|p2|4\n|start\n|switch|p1a: Ditto|Ditto, L50|100/100\n|switch|p1b: Rotom|Rotom-Wash, L50|100/100\n|switch|p2a: Dragonite|Dragonite, L50, M, shiny|100/100\n|switch|p2b: Pelipper|Pelipper, L50, M|100/100\n|-weather|RainDance|[from] ability: Drizzle|[of] p2b: Pelipper\n|-transform|p1a: Ditto|p2b: Pelipper|[from] ability: Imposter\n|turn|1\n|inactive|VegitoSKBEST has 30 seconds left.\n|inactive|VegitoSKBEST has 20 seconds left.\n|inactive|VegitoSKBEST has 15 seconds left.\n|inactive|VegitoSKBEST has 10 seconds left.\n|\n|t:|1776084863\n|switch|p2b: Archaludon|Archaludon, L50, M|100/100\n|detailschange|p2a: Dragonite|Dragonite-Mega, L50, M, shiny\n|-mega|p2a: Dragonite|Dragonite|Dragoninite\n|move|p2a: Dragonite|Protect|p2a: Dragonite\n|-singleturn|p2a: Dragonite|Protect\n|move|p1b: Rotom|Trick|p2b: Archaludon\n|-activate|p1b: Rotom|move: Trick|[of] p2b: Archaludon\n|-item|p2b: Archaludon|Choice Scarf|[from] move: Trick\n|-item|p1b: Rotom|Leftovers|[from] move: Trick\n|move|p1a: Ditto|Tailwind|p1a: Ditto\n|-sidestart|p1: gogozeppeli190|move: Tailwind\n|\n|-weather|RainDance|[upkeep]\n|upkeep\n|turn|2\n|inactive|gogozeppeli190 has 30 seconds left.\n|\n|t:|1776084894\n|move|p1a: Ditto|Protect|p1a: Ditto\n|-singleturn|p1a: Ditto|Protect\n|move|p1b: Rotom|Volt Switch|p2a: Dragonite\n|-damage|p2a: Dragonite|86/100\n|\n|t:|1776084899\n|switch|p1b: Altaria|Altaria, L50, M|100/100|[from] Volt Switch\n|-ability|p1b: Altaria|Cloud Nine\n|move|p2b: Archaludon|Electro Shot||[still]\n|-prepare|p2b: Archaludon|Electro Shot\n|-boost|p2b: Archaludon|spa|1\n|move|p2a: Dragonite|Draco Meteor|p1b: Altaria\n|-supereffective|p1b: Altaria|1\n|-damage|p1b: Altaria|0 fnt\n|-unboost|p2a: Dragonite|spa|2\n|faint|p1b: Altaria\n|\n|-weather|RainDance|[upkeep]\n|upkeep\n|\n|t:|1776084917\n|switch|p1b: Sneasler|Sneasler, L50, M|100/100\n|turn|3\n|\n|t:|1776084930\n|switch|p2a: Palafin|Palafin, L50, F|100/100\n|move|p1b: Sneasler|Close Combat|p2b: Archaludon\n|-supereffective|p2b: Archaludon|1\n|-damage|p2b: Archaludon|0 fnt\n|-unboost|p1b: Sneasler|def|1\n|-unboost|p1b: Sneasler|spd|1\n|faint|p2b: Archaludon\n|-enditem|p1b: Sneasler|White Herb\n|-clearnegativeboost|p1b: Sneasler|[silent]\n|move|p1a: Ditto|Weather Ball|p2a: Palafin\n|-resisted|p2a: Palafin|1\n|-damage|p2a: Palafin|52/100\n|\n|-weather|RainDance|[upkeep]\n|upkeep\n|\n|t:|1776084944\n|switch|p2b: Dragonite|Dragonite-Mega, L50, M, shiny|86/100\n|turn|4\n|\n|t:|1776084953\n|detailschange|p2a: Palafin|Palafin-Hero, L50, F\n|switch|p2a: Pelipper|Pelipper, L50, M|100/100\n|move|p2b: Dragonite|Protect|p2b: Dragonite\n|-singleturn|p2b: Dragonite|Protect\n|move|p1b: Sneasler|Dire Claw|p2b: Dragonite\n|-activate|p2b: Dragonite|move: Protect\n|move|p1a: Ditto|Hurricane|p2b: Dragonite\n|-activate|p2b: Dragonite|move: Protect\n|\n|-weather|RainDance|[upkeep]\n|-sideend|p1: gogozeppeli190|move: Tailwind\n|upkeep\n|turn|5\n|\n|t:|1776084973\n|switch|p1b: Rotom|Rotom-Wash, L50|100/100\n|move|p2b: Dragonite|Hurricane|p1b: Rotom\n|-resisted|p1b: Rotom|1\n|-damage|p1b: Rotom|54/100\n|move|p1a: Ditto|Tailwind|p1a: Ditto\n|-sidestart|p1: gogozeppeli190|move: Tailwind\n|move|p2a: Pelipper|Tailwind|p2a: Pelipper\n|-sidestart|p2: VegitoSKBEST|move: Tailwind\n|\n|-weather|none\n|-heal|p1b: Rotom|60/100|[from] item: Leftovers\n|upkeep\n|turn|6\n|inactive|gogozeppeli190 has 30 seconds left.\n|\n|t:|1776085000\n|switch|p1a: Sneasler|Sneasler, L50, M|100/100\n|switch|p2a: Palafin|Palafin-Hero, L50, F|52/100\n|-activate|p2a: Palafin|ability: Zero to Hero\n|move|p2b: Dragonite|Protect|p2b: Dragonite\n|-singleturn|p2b: Dragonite|Protect\n|move|p1b: Rotom|Electroweb|p2a: Palafin|[spread] p2a\n|-activate|p2b: Dragonite|move: Protect\n|-supereffective|p2a: Palafin|1\n|-damage|p2a: Palafin|10/100\n|-unboost|p2a: Palafin|spe|1\n|\n|-heal|p1b: Rotom|65/100|[from] item: Leftovers\n|upkeep\n|turn|7\n|\n|t:|1776085024\n|move|p1a: Sneasler|Fake Out|p2b: Dragonite\n|-damage|p2b: Dragonite|70/100\n|move|p2a: Palafin|Jet Punch|p1a: Sneasler\n|-damage|p1a: Sneasler|15/100\n|cant|p2b: Dragonite|flinch\n|move|p1b: Rotom|Electroweb|p2a: Palafin|[spread] p2a,p2b\n|-supereffective|p2a: Palafin|1\n|-damage|p2a: Palafin|0 fnt\n|-damage|p2b: Dragonite|52/100\n|-unboost|p2b: Dragonite|spe|1\n|faint|p2a: Palafin\n|\n|-heal|p1b: Rotom|71/100|[from] item: Leftovers\n|upkeep\n|\n|t:|1776085030\n|switch|p2a: Pelipper|Pelipper, L50, M|100/100\n|-weather|RainDance|[from] ability: Drizzle|[of] p2a: Pelipper\n|turn|8\n|\n|t:|1776085053\n|switch|p1a: Ditto|Ditto, L50|100/100\n|-transform|p1a: Ditto|p2b: Dragonite|[from] ability: Imposter\n|move|p2b: Dragonite|Protect|p2b: Dragonite\n|-singleturn|p2b: Dragonite|Protect\n|move|p1b: Rotom|Volt Switch|p2a: Pelipper\n|-supereffective|p2a: Pelipper|2\n|-crit|p2a: Pelipper\n|-enditem|p2a: Pelipper|Focus Sash\n|-damage|p2a: Pelipper|1/100\n|\n|t:|1776085064\n|switch|p1b: Sneasler|Sneasler, L50, M|15/100|[from] Volt Switch\n|move|p2a: Pelipper|Weather Ball|p1b: Sneasler\n|-damage|p1b: Sneasler|0 fnt\n|faint|p1b: Sneasler\n|\n|-weather|RainDance|[upkeep]\n|-sideend|p2: VegitoSKBEST|move: Tailwind\n|-sideend|p1: gogozeppeli190|move: Tailwind\n|upkeep\n|\n|t:|1776085072\n|switch|p1b: Rotom|Rotom-Wash, L50|71/100\n|turn|9\n|\n|t:|1776085092\n|move|p1b: Rotom|Electroweb|p2a: Pelipper|[spread] p2a,p2b\n|-supereffective|p2a: Pelipper|2\n|-damage|p2a: Pelipper|0 fnt\n|-damage|p2b: Dragonite|33/100\n|-unboost|p2b: Dragonite|spe|1\n|faint|p2a: Pelipper\n|move|p1a: Ditto|Draco Meteor|p2b: Dragonite\n|-supereffective|p2b: Dragonite|1\n|-damage|p2b: Dragonite|0 fnt\n|-unboost|p1a: Ditto|spa|2\n|faint|p2b: Dragonite\n|\n|win|gogozeppeli190\n|raw|gogozeppeli190's rating: 1029 &rarr; <strong>1062</strong><br />(+33 for winning)\n|raw|VegitoSKBEST's rating: 1000 &rarr; <strong>1000</strong><br />(+0 for losing)\n|l|\u2606VegitoSKBEST\n|player|p2|\n",
  "uploadtime": 1776085118,
  "views": 33,
  "formatid": "gen9championsvgc2026regma",
  "rating": 1000,
  "private": 0,
  "password": null
}