{
  "id": "gen9championsvgc2026regma-2587285973",
  "format": "[Gen 9 Champions] VGC 2026 Reg M-A",
  "players": [
    "Mengao100%Jesus",
    "kiopp"
  ],
  "log": "|j|\u2606Mengao100%Jesus\n|j|\u2606kiopp\n|t:|1776518376\n|gametype|doubles\n|player|p1|Mengao100%Jesus|gardenia|1080\n|player|p2|kiopp|1|1043\n|gen|9\n|tier|[Gen 9 Champions] VGC 2026 Reg M-A\n|rated|\n|rule|Species Clause: Limit one of each Pok\u00e9mon\n|rule|Item Clause: Limit 1 of each item\n|clearpoke\n|poke|p1|Charizard, L50, F|\n|poke|p1|Garchomp, L50, F|\n|poke|p1|Gardevoir, L50, F|\n|poke|p1|Milotic, L50, F|\n|poke|p1|Incineroar, L50, F|\n|poke|p1|Venusaur, L50, M|\n|poke|p2|Oranguru, L50, M|\n|poke|p2|Golurk, L50|\n|poke|p2|Aerodactyl, L50, M|\n|poke|p2|Audino, L50, F|\n|poke|p2|Chandelure, L50, F|\n|poke|p2|Rotom-Frost, L50|\n|teampreview|4\n|inactive|Battle timer is ON: inactive players will automatically lose when time's up. (requested by kiopp)\n|\n|t:|1776518399\n|teamsize|p1|4\n|teamsize|p2|4\n|start\n|switch|p1a: Charizard|Charizard, L50, F|100/100\n|switch|p1b: Venusaur|Venusaur, L50, M|100/100\n|switch|p2a: Chandelure|Chandelure, L50, F|100/100\n|switch|p2b: Rotom|Rotom-Frost, L50|100/100\n|turn|1\n|\n|t:|1776518420\n|detailschange|p1a: Charizard|Charizard-Mega-Y, L50, F\n|-mega|p1a: Charizard|Charizard|Charizardite Y\n|-weather|SunnyDay|[from] ability: Drought|[of] p1a: Charizard\n|move|p1b: Venusaur|Sleep Powder|p2a: Chandelure\n|-status|p2a: Chandelure|slp|[from] move: Sleep Powder\n|move|p1a: Charizard|Heat Wave|p2b: Rotom|[spread] p2a,p2b\n|-resisted|p2a: Chandelure|1\n|-supereffective|p2b: Rotom|1\n|-damage|p2a: Chandelure|65/100 slp\n|-damage|p2b: Rotom|0 fnt\n|faint|p2b: Rotom\n|cant|p2a: Chandelure|slp\n|\n|-weather|SunnyDay|[upkeep]\n|upkeep\n|\n|t:|1776518427\n|switch|p2b: Audino|Audino, L50, F|100/100\n|turn|2\n|inactive|Mengao100%Jesus has 30 seconds left.\n|\n|t:|1776518458\n|move|p1b: Venusaur|Sleep Powder|p2b: Audino\n|-status|p2b: Audino|slp|[from] move: Sleep Powder\n|move|p1a: Charizard|Heat Wave|p2b: Audino|[spread] p2a\n|-miss|p1a: Charizard|p2b: Audino\n|-resisted|p2a: Chandelure|1\n|-damage|p2a: Chandelure|31/100 slp\n|-curestatus|p2a: Chandelure|slp|[msg]\n|move|p2a: Chandelure|Heat Wave|p1a: Charizard|[spread] p1a,p1b\n|-resisted|p1a: Charizard|1\n|-supereffective|p1b: Venusaur|1\n|-damage|p1a: Charizard|64/100\n|-enditem|p1b: Venusaur|Focus Sash\n|-damage|p1b: Venusaur|1/100\n|cant|p2b: Audino|slp\n|\n|-weather|SunnyDay|[upkeep]\n|upkeep\n|turn|3\n|n|!kiopp|kiopp\n|inactive|kiopp has 30 seconds left.\n|\n|t:|1776518489\n|move|p1b: Venusaur|Sludge Bomb|p2a: Chandelure\n|-resisted|p2a: Chandelure|1\n|-damage|p2a: Chandelure|8/100\n|-status|p2a: Chandelure|psn\n|move|p1a: Charizard|Heat Wave|p2a: Chandelure|[spread] p2b\n|-miss|p1a: Charizard|p2a: Chandelure\n|-damage|p2b: Audino|46/100 slp\n|cant|p2b: Audino|slp\n|move|p2a: Chandelure|Trick Room|p2a: Chandelure\n|-fieldstart|move: Trick Room|[of] p2a: Chandelure\n|\n|-weather|SunnyDay|[upkeep]\n|-damage|p2a: Chandelure|0 fnt|[from] psn\n|faint|p2a: Chandelure\n|upkeep\n|\n|t:|1776518497\n|switch|p2a: Golurk|Golurk, L50|100/100\n|turn|4\n|\n|t:|1776518521\n|switch|p1b: Gardevoir|Gardevoir, L50, F|100/100\n|detailschange|p2a: Golurk|Golurk-Mega, L50\n|-mega|p2a: Golurk|Golurk|Golurkite\n|move|p1a: Charizard|Protect|p1a: Charizard\n|-singleturn|p1a: Charizard|Protect\n|-curestatus|p2b: Audino|slp|[msg]\n|move|p2b: Audino|Thunder Wave|p1a: Charizard\n|-activate|p1a: Charizard|move: Protect\n|move|p2a: Golurk|Ice Punch|p1b: Gardevoir\n|-damage|p1b: Gardevoir|47/100\n|\n|-weather|SunnyDay|[upkeep]\n|upkeep\n|turn|5\n|\n|t:|1776518542\n|switch|p1a: Incineroar|Incineroar, L50, F|100/100\n|-ability|p1a: Incineroar|Intimidate|boost\n|-unboost|p2a: Golurk|atk|1\n|-unboost|p2b: Audino|atk|1\n|move|p2b: Audino|Light Screen|p2b: Audino\n|-sidestart|p2: kiopp|move: Light Screen\n|move|p2a: Golurk|Ice Punch|p1b: Gardevoir\n|-damage|p1b: Gardevoir|7/100\n|move|p1b: Gardevoir|Trick Room|p1b: Gardevoir\n|-fieldend|move: Trick Room\n|\n|-weather|none\n|upkeep\n|turn|6\n|inactive|kiopp has 30 seconds left.\n|inactive|kiopp has 20 seconds left.\n|inactive|kiopp has 15 seconds left.\n|inactive|kiopp has 10 seconds left.\n|inactive|kiopp has 5 seconds left.\n|\n|t:|1776518597\n|switch|p1b: Venusaur|Venusaur, L50, M|1/100\n|move|p1a: Incineroar|Fake Out|p2a: Golurk\n|-immune|p2a: Golurk\n|move|p2a: Golurk|Drain Punch|p1b: Venusaur\n|-resisted|p1b: Venusaur|1\n|-damage|p1b: Venusaur|0 fnt\n|faint|p1b: Venusaur\n|move|p2b: Audino|Light Screen||[still]\n|-fail|p2b: Audino\n|\n|upkeep\n|-message|kiopp forfeited.\n|\n|win|Mengao100%Jesus\n",
  "uploadtime": 1776518472,
  "views": 15,
  "formatid": "gen9championsvgc2026regma",
  "rating": null,
  "private": 0,
  "password": null
}