{
  "id": "gen9championsvgc2026regma-2582498821",
  "format": "[Gen 9 Champions] VGC 2026 Reg M-A",
  "players": [
    "Kailzer",
    "RijdendeRechter"
  ],
  "log": "|j|\u2606Kailzer\n|j|\u2606RijdendeRechter\n|t:|1776095563\n|gametype|doubles\n|player|p1|Kailzer|morty|1331\n|player|p2|RijdendeRechter|roughneck-gen4|1415\n|gen|9\n|tier|[Gen 9 Champions] VGC 2026 Reg M-A\n|rated|\n|rule|Species Clause: Limit one of each Pok\u00e9mon\n|rule|Item Clause: Limit 1 of each item\n|clearpoke\n|poke|p1|Aerodactyl, L50, F|\n|poke|p1|Floette-Eternal, L50, F|\n|poke|p1|Garchomp, L50, M|\n|poke|p1|Rotom-Wash, L50|\n|poke|p1|Corviknight, L50, M|\n|poke|p1|Kingambit, L50, F|\n|poke|p2|Chesnaught, L50, F|\n|poke|p2|Slowking-Galar, L50, F|\n|poke|p2|Incineroar, L50, F|\n|poke|p2|Ninetales-Alola, L50, F|\n|poke|p2|Kleavor, L50, M|\n|poke|p2|Aegislash, L50, F|\n|teampreview|4\n|inactive|Battle timer is ON: inactive players will automatically lose when time's up. (requested by Kailzer)\n|l|\u2606RijdendeRechter\n|inactive|RijdendeRechter disconnected and has a minute to reconnect!\n|player|p2|\n|j|\u2606RijdendeRechter\n|inactive|RijdendeRechter reconnected and has 65 seconds left.\n|player|p2|RijdendeRechter|roughneck-gen4|\n|inactive|Kailzer has 60 seconds left.\n|inactive|RijdendeRechter has 60 seconds left.\n|\n|t:|1776095612\n|teamsize|p1|4\n|teamsize|p2|4\n|start\n|switch|p1a: Garchomp|Garchomp, L50, M|100/100\n|switch|p1b: Kingambit|Kingambit, L50, F|100/100\n|switch|p2a: Kleavor|Kleavor, L50, M|100/100\n|switch|p2b: Ninetales|Ninetales-Alola, L50, F|100/100\n|-weather|Snowscape|[from] ability: Snow Warning|[of] p2b: Ninetales\n|turn|1\n|\n|t:|1776095636\n|move|p1a: Garchomp|Iron Head|p2b: Ninetales\n|-supereffective|p2b: Ninetales|2\n|-enditem|p2b: Ninetales|Focus Sash\n|-damage|p2b: Ninetales|1/100\n|move|p2a: Kleavor|U-turn|p1b: Kingambit\n|-damage|p1b: Kingambit|64/100\n|\n|t:|1776095642\n|switch|p2a: Chesnaught|Chesnaught, L50, F|100/100|[from] U-turn\n|move|p2b: Ninetales|Aurora Veil|p2b: Ninetales\n|-sidestart|p2: RijdendeRechter|move: Aurora Veil\n|move|p1b: Kingambit|Iron Head|p2a: Chesnaught\n|-damage|p2a: Chesnaught|81/100\n|\n|-weather|Snowscape|[upkeep]\n|upkeep\n|turn|2\n|\n|t:|1776095659\n|switch|p1b: Corviknight|Corviknight, L50, M, shiny|100/100\n|detailschange|p2a: Chesnaught|Chesnaught-Mega, L50, F\n|-mega|p2a: Chesnaught|Chesnaught|Chesnaughtite\n|move|p2b: Ninetales|Protect|p2b: Ninetales\n|-singleturn|p2b: Ninetales|Protect\n|move|p1a: Garchomp|Iron Head|p2b: Ninetales\n|-activate|p2b: Ninetales|move: Protect\n|move|p2a: Chesnaught|Leech Seed|p1b: Corviknight\n|-start|p1b: Corviknight|move: Leech Seed\n|\n|-weather|Snowscape|[upkeep]\n|-damage|p1b: Corviknight|88/100|[from] Leech Seed|[of] p2a: Chesnaught\n|-heal|p2a: Chesnaught|94/100|[silent]\n|upkeep\n|turn|3\n|\n|t:|1776095679\n|switch|p2b: Aegislash|Aegislash, L50, F|100/100\n|switch|p2a: Kleavor|Kleavor, L50, M|100/100\n|move|p1a: Garchomp|Iron Head|p2b: Aegislash\n|-resisted|p2b: Aegislash|1\n|-crit|p2b: Aegislash\n|-damage|p2b: Aegislash|83/100\n|move|p1b: Corviknight|Bulk Up|p1b: Corviknight\n|-boost|p1b: Corviknight|atk|1\n|-boost|p1b: Corviknight|def|1\n|\n|-weather|Snowscape|[upkeep]\n|-heal|p1b: Corviknight|94/100|[from] item: Leftovers\n|-heal|p2b: Aegislash|89/100|[from] item: Leftovers\n|-damage|p1b: Corviknight|82/100|[from] Leech Seed|[of] p2a: Kleavor\n|upkeep\n|turn|4\n|\n|t:|1776095694\n|switch|p1a: Kingambit|Kingambit, L50, F|64/100\n|move|p2a: Kleavor|Stone Axe|p1b: Corviknight\n|-damage|p1b: Corviknight|50/100\n|-sidestart|p1: Kailzer|move: Stealth Rock\n|move|p1b: Corviknight|Bulk Up|p1b: Corviknight\n|-boost|p1b: Corviknight|atk|1\n|-boost|p1b: Corviknight|def|1\n|-formechange|p2b: Aegislash|Aegislash-Blade|\n|move|p2b: Aegislash|Poltergeist|p1b: Corviknight\n|-activate|p1b: Corviknight|move: Poltergeist|Leftovers\n|-damage|p1b: Corviknight|21/100\n|\n|-weather|Snowscape|[upkeep]\n|-heal|p1b: Corviknight|27/100|[from] item: Leftovers\n|-heal|p2b: Aegislash|95/100|[from] item: Leftovers\n|-damage|p1b: Corviknight|15/100|[from] Leech Seed|[of] p2a: Kleavor\n|upkeep\n|turn|5\n|l|\u2606RijdendeRechter\n|inactive|RijdendeRechter disconnected and has a minute to reconnect!\n|player|p2|\n|j|\u2606RijdendeRechter\n|inactive|RijdendeRechter reconnected and has 35 seconds left.\n|player|p2|RijdendeRechter|roughneck-gen4|\n|inactive|RijdendeRechter has 30 seconds left.\n|\n|t:|1776095720\n|switch|p2b: Chesnaught|Chesnaught-Mega, L50, F|94/100\n|move|p2a: Kleavor|Stone Axe|p1b: Corviknight\n|-damage|p1b: Corviknight|0 fnt\n|faint|p1b: Corviknight\n|move|p1a: Kingambit|Kowtow Cleave|p2a: Kleavor\n|-damage|p2a: Kleavor|58/100\n|\n|-weather|none\n|-sideend|p2: RijdendeRechter|move: Aurora Veil\n|upkeep\n|j| irhb\n|\n|t:|1776095731\n|switch|p1b: Floette|Floette-Eternal, L50, F|100/100\n|-damage|p1b: Floette|89/100|[from] Stealth Rock\n|turn|6\n|\n|t:|1776095739\n|detailschange|p1b: Floette|Floette-Mega, L50, F\n|-mega|p1b: Floette|Floette|Floettite\n|-ability|p1b: Floette|Fairy Aura\n|move|p2b: Chesnaught|Spiky Shield|p2b: Chesnaught\n|-singleturn|p2b: Chesnaught|move: Protect\n|move|p2a: Kleavor|Stone Axe|p1b: Floette\n|-damage|p1b: Floette|10/100\n|move|p1b: Floette|Dazzling Gleam|p2a: Kleavor|[spread] p2a\n|-activate|p2b: Chesnaught|move: Protect\n|-damage|p2a: Kleavor|0 fnt\n|faint|p2a: Kleavor\n|move|p1a: Kingambit|Kowtow Cleave|p2b: Chesnaught\n|-activate|p2b: Chesnaught|move: Protect\n|-damage|p1a: Kingambit|52/100|[from] Spiky Shield|[of] p2b: Chesnaught\n|\n|upkeep\n|\n|t:|1776095751\n|switch|p2a: Aegislash|Aegislash, L50, F|95/100\n|turn|7\n|\n|t:|1776095761\n|-formechange|p2a: Aegislash|Aegislash-Blade|\n|move|p2a: Aegislash|Shadow Sneak|p1b: Floette\n|-damage|p1b: Floette|0 fnt\n|faint|p1b: Floette\n|move|p1a: Kingambit|Kowtow Cleave|p2a: Aegislash\n|-supereffective|p2a: Aegislash|1\n|-damage|p2a: Aegislash|0 fnt\n|faint|p2a: Aegislash\n|move|p2b: Chesnaught|Body Press|p1a: Kingambit\n|-supereffective|p1a: Kingambit|2\n|-damage|p1a: Kingambit|0 fnt\n|faint|p1a: Kingambit\n|\n|upkeep\n|\n|t:|1776095771\n|switch|p1b: Garchomp|Garchomp, L50, M|100/100\n|switch|p2a: Ninetales|Ninetales-Alola, L50, F|1/100\n|-damage|p1b: Garchomp|95/100|[from] Stealth Rock\n|-weather|Snowscape|[from] ability: Snow Warning|[of] p2a: Ninetales\n|turn|8\n|\n|t:|1776095776\n|move|p1b: Garchomp|Rock Slide|p2b: Chesnaught|[spread] p2a,p2b\n|-supereffective|p2a: Ninetales|1\n|-crit|p2a: Ninetales\n|-resisted|p2b: Chesnaught|1\n|-damage|p2a: Ninetales|0 fnt\n|-damage|p2b: Chesnaught|90/100\n|faint|p2a: Ninetales\n|move|p2b: Chesnaught|Leech Seed|p1b: Garchomp\n|-start|p1b: Garchomp|move: Leech Seed\n|\n|-weather|Snowscape|[upkeep]\n|-damage|p1b: Garchomp|82/100|[from] Leech Seed|[of] p2b: Chesnaught\n|-heal|p2b: Chesnaught|100/100|[silent]\n|upkeep\n|turn|9\n|-message|Kailzer forfeited.\n|\n|win|RijdendeRechter\n|raw|Kailzer's rating: 1331 &rarr; <strong>1316</strong><br />(-15 for losing)\n|raw|RijdendeRechter's rating: 1415 &rarr; <strong>1430</strong><br />(+15 for winning)\n|l|\u2606Kailzer\n|player|p1|\n",
  "uploadtime": 1776095782,
  "views": 35,
  "formatid": "gen9championsvgc2026regma",
  "rating": 1316,
  "private": 0,
  "password": null
}