{
  "id": "gen9championsvgc2026regma-2587762435",
  "format": "[Gen 9 Champions] VGC 2026 Reg M-A",
  "players": [
    "Maractutt41",
    "zaulpokemonpro"
  ],
  "log": "|j|\u2606Maractutt41\n|j|\u2606zaulpokemonpro\n|t:|1776561456\n|gametype|doubles\n|player|p1|Maractutt41|ingo|1149\n|player|p2|zaulpokemonpro|morty|1243\n|gen|9\n|tier|[Gen 9 Champions] VGC 2026 Reg M-A\n|rated|\n|rule|Species Clause: Limit one of each Pok\u00e9mon\n|rule|Item Clause: Limit 1 of each item\n|clearpoke\n|poke|p1|Avalugg-Hisui, L50, M|\n|poke|p1|Abomasnow, L50, F|\n|poke|p1|Slowking-Galar, L50, F|\n|poke|p1|Sinistcha-Masterpiece, L50|\n|poke|p1|Primarina, L50, F|\n|poke|p1|Crabominable, L50, M|\n|poke|p2|Froslass, L50, F|\n|poke|p2|Garchomp, L50, F|\n|poke|p2|Rotom-Frost, L50|\n|poke|p2|Empoleon, L50, M|\n|poke|p2|Incineroar, L50, F|\n|poke|p2|Kingambit, L50, M|\n|teampreview|4\n|\n|t:|1776561503\n|teamsize|p1|4\n|teamsize|p2|4\n|start\n|switch|p1a: Avalugg|Avalugg-Hisui, L50, M|100/100\n|switch|p1b: Slowking|Slowking-Galar, L50, F|100/100\n|switch|p2a: Froslass|Froslass, L50, F|100/100\n|switch|p2b: Rotom|Rotom-Frost, L50|100/100\n|-clearboost|p1a: Avalugg|[from] ability: Curious Medicine|[of] p1b: Slowking\n|turn|1\n|inactive|Battle timer is ON: inactive players will automatically lose when time's up. (requested by Maractutt41)\n|\n|t:|1776561521\n|detailschange|p2a: Froslass|Froslass-Mega, L50, F\n|-mega|p2a: Froslass|Froslass|Froslassite\n|-weather|Snowscape|[from] ability: Snow Warning|[of] p2a: Froslass\n|move|p2b: Rotom|Blizzard|p1a: Avalugg|[spread] p1a,p1b\n|-resisted|p1a: Avalugg|1\n|-crit|p1a: Avalugg\n|-damage|p1a: Avalugg|48/100\n|-damage|p1b: Slowking|72/100\n|move|p2a: Froslass|Aurora Veil|p2a: Froslass\n|-sidestart|p2: zaulpokemonpro|move: Aurora Veil\n|move|p1a: Avalugg|Rock Slide|p2b: Rotom|[spread] p2a,p2b\n|-supereffective|p2a: Froslass|1\n|-supereffective|p2b: Rotom|1\n|-damage|p2a: Froslass|56/100\n|-damage|p2b: Rotom|59/100\n|move|p1b: Slowking|Trick Room|p1b: Slowking\n|-fieldstart|move: Trick Room|[of] p1b: Slowking\n|\n|-weather|Snowscape|[upkeep]\n|-heal|p1a: Avalugg|53/100|[from] ability: Ice Body\n|-heal|p1b: Slowking|78/100|[from] item: Leftovers\n|upkeep\n|turn|2\n|inactive|Maractutt41 has 30 seconds left.\n|\n|t:|1776561547\n|move|p2a: Froslass|Protect|p2a: Froslass\n|-singleturn|p2a: Froslass|Protect\n|move|p1b: Slowking|Sludge Wave|p2a: Froslass|[spread] p1a,p2b\n|-activate|p2a: Froslass|move: Protect\n|-resisted|p1a: Avalugg|1\n|-damage|p1a: Avalugg|27/100\n|-damage|p2b: Rotom|34/100\n|move|p1a: Avalugg|Rock Slide|p2b: Rotom|[spread] p2b\n|-activate|p2a: Froslass|move: Protect\n|-supereffective|p2b: Rotom|1\n|-damage|p2b: Rotom|0 fnt\n|faint|p2b: Rotom\n|\n|-weather|Snowscape|[upkeep]\n|-heal|p1a: Avalugg|33/100|[from] ability: Ice Body\n|-heal|p1b: Slowking|84/100|[from] item: Leftovers\n|upkeep\n|\n|t:|1776561564\n|switch|p2b: Incineroar|Incineroar, L50, F|100/100\n|-ability|p2b: Incineroar|Intimidate|boost\n|-unboost|p1a: Avalugg|atk|1\n|-unboost|p1b: Slowking|atk|1\n|turn|3\n|inactive|Maractutt41 has 30 seconds left.\n|inactive|Maractutt41 has 20 seconds left.\n|\n|t:|1776561603\n|switch|p1b: Crabominable|Crabominable, L50, M|100/100\n|switch|p1a: Primarina|Primarina, L50, F|100/100\n|move|p2b: Incineroar|Fake Out|p1a: Primarina\n|-crit|p1a: Primarina\n|-damage|p1a: Primarina|77/100\n|move|p2a: Froslass|Blizzard|p1a: Primarina|[spread] p1a,p1b\n|-resisted|p1a: Primarina|1\n|-resisted|p1b: Crabominable|1\n|-crit|p1b: Crabominable\n|-damage|p1a: Primarina|53/100\n|-damage|p1b: Crabominable|59/100\n|\n|-weather|Snowscape|[upkeep]\n|upkeep\n|turn|4\n|inactive|Maractutt41 has 30 seconds left.\n|inactive|zaulpokemonpro has 30 seconds left.\n|inactive|Maractutt41 has 20 seconds left.\n|inactive|zaulpokemonpro has 20 seconds left.\n|inactive|zaulpokemonpro has 15 seconds left.\n|inactive|Maractutt41 has 15 seconds left.\n|inactive|zaulpokemonpro has 10 seconds left.\n|inactive|Maractutt41 has 10 seconds left.\n|\n|t:|1776561656\n|detailschange|p1b: Crabominable|Crabominable-Mega, L50, M\n|-mega|p1b: Crabominable|Crabominable|Crabominite\n|move|p2a: Froslass|Protect|p2a: Froslass\n|-singleturn|p2a: Froslass|Protect\n|move|p1b: Crabominable|Drain Punch|p2b: Incineroar\n|-supereffective|p2b: Incineroar|1\n|-damage|p2b: Incineroar|27/100\n|-heal|p1b: Crabominable|96/100|[from] drain|[of] p2b: Incineroar\n|-enditem|p2b: Incineroar|Sitrus Berry|[eat]\n|-heal|p2b: Incineroar|51/100|[from] item: Sitrus Berry\n|move|p1a: Primarina|Hyper Voice|p2b: Incineroar|[spread] p2b\n|-activate|p2a: Froslass|move: Protect\n|-supereffective|p2b: Incineroar|1\n|-damage|p2b: Incineroar|0 fnt\n|faint|p2b: Incineroar\n|\n|-weather|Snowscape|[upkeep]\n|upkeep\n|\n|t:|1776561670\n|switch|p2b: Kingambit|Kingambit, L50, M|100/100\n|turn|5\n|\n|t:|1776561680\n|move|p2b: Kingambit|Protect|p2b: Kingambit\n|-singleturn|p2b: Kingambit|Protect\n|move|p2a: Froslass|Protect|p2a: Froslass\n|-singleturn|p2a: Froslass|Protect\n|move|p1b: Crabominable|Drain Punch|p2b: Kingambit\n|-activate|p2b: Kingambit|move: Protect\n|move|p1a: Primarina|Hyper Voice|p2a: Froslass|[spread] \n|-activate|p2a: Froslass|move: Protect\n|-activate|p2b: Kingambit|move: Protect\n|\n|-weather|none\n|-sideend|p2: zaulpokemonpro|move: Aurora Veil\n|-fieldend|move: Trick Room\n|upkeep\n|turn|6\n|\n|t:|1776561704\n|move|p1a: Primarina|Protect|p1a: Primarina\n|-singleturn|p1a: Primarina|Protect\n|move|p2a: Froslass|Blizzard|p1a: Primarina|[spread] \n|-activate|p1a: Primarina|move: Protect\n|-miss|p2a: Froslass|p1b: Crabominable\n|move|p2b: Kingambit|Low Kick|p1b: Crabominable\n|-supereffective|p1b: Crabominable|1\n|-damage|p1b: Crabominable|27/100\n|move|p1b: Crabominable|Drain Punch|p2b: Kingambit\n|-supereffective|p2b: Kingambit|2\n|-enditem|p2b: Kingambit|Focus Sash\n|-damage|p2b: Kingambit|1/100\n|-heal|p1b: Crabominable|70/100|[from] drain|[of] p2b: Kingambit\n|\n|upkeep\n|turn|7\n|inactive|zaulpokemonpro has 30 seconds left.\n|\n|t:|1776561738\n|switch|p1b: Slowking|Slowking-Galar, L50, F|84/100\n|-clearboost|p1a: Primarina|[from] ability: Curious Medicine|[of] p1b: Slowking\n|move|p2a: Froslass|Shadow Ball|p1a: Primarina\n|-damage|p1a: Primarina|1/100\n|move|p2b: Kingambit|Low Kick|p1b: Slowking\n|-resisted|p1b: Slowking|2\n|-damage|p1b: Slowking|79/100\n|move|p1a: Primarina|Hyper Voice|p2b: Kingambit|[spread] p2a,p2b\n|-damage|p2a: Froslass|3/100\n|-damage|p2b: Kingambit|0 fnt\n|faint|p2b: Kingambit\n|\n|-heal|p1b: Slowking|85/100|[from] item: Leftovers\n|upkeep\n|turn|8\n|\n|t:|1776561756\n|move|p2a: Froslass|Blizzard|p1a: Primarina|[spread] p1a,p1b\n|-resisted|p1a: Primarina|1\n|-damage|p1a: Primarina|0 fnt\n|-damage|p1b: Slowking|46/100\n|faint|p1a: Primarina\n|move|p1b: Slowking|Trick Room|p1b: Slowking\n|-fieldstart|move: Trick Room|[of] p1b: Slowking\n|\n|-heal|p1b: Slowking|52/100|[from] item: Leftovers\n|upkeep\n|\n|t:|1776561759\n|switch|p1a: Avalugg|Avalugg-Hisui, L50, M|33/100\n|turn|9\n|\n|t:|1776561769\n|switch|p1b: Crabominable|Crabominable-Mega, L50, M|70/100\n|move|p2a: Froslass|Protect|p2a: Froslass\n|-singleturn|p2a: Froslass|Protect\n|move|p1a: Avalugg|Mountain Gale|p2a: Froslass\n|-activate|p2a: Froslass|move: Protect\n|\n|upkeep\n|turn|10\n|\n|t:|1776561781\n|move|p1b: Crabominable|Ice Hammer|p2a: Froslass\n|-resisted|p2a: Froslass|1\n|-damage|p2a: Froslass|0 fnt\n|-unboost|p1b: Crabominable|spe|1\n|faint|p2a: Froslass\n|\n|win|Maractutt41\n|raw|Maractutt41's rating: 1149 &rarr; <strong>1181</strong><br />(+32 for winning)\n|raw|zaulpokemonpro's rating: 1243 &rarr; <strong>1211</strong><br />(-32 for losing)\n|l|\u2606Maractutt41\n|player|p1|\n",
  "uploadtime": 1776561787,
  "views": 10,
  "formatid": "gen9championsvgc2026regma",
  "rating": 1181,
  "private": 0,
  "password": null
}