{
  "id": "gen9championsvgc2026regma-2581323734",
  "format": "[Gen 9 Champions] VGC 2026 Reg M-A",
  "players": [
    "MSM231",
    "hegar345"
  ],
  "log": "|j|\u2606MSM231\n|j|\u2606hegar345\n|t:|1775986670\n|gametype|doubles\n|player|p1|MSM231|depotagent|1084\n|player|p2|hegar345|colress|1056\n|gen|9\n|tier|[Gen 9 Champions] VGC 2026 Reg M-A\n|rated|\n|rule|Species Clause: Limit one of each Pok\u00e9mon\n|rule|Item Clause: Limit 1 of each item\n|clearpoke\n|poke|p1|Pelipper, L50, F|\n|poke|p1|Basculegion, L50, M|\n|poke|p1|Scizor, L50, M|\n|poke|p1|Archaludon, L50, F|\n|poke|p1|Incineroar, L50, F|\n|poke|p1|Meganium, L50, M|\n|poke|p2|Tsareena, L50, F|\n|poke|p2|Araquanid, L50, M|\n|poke|p2|Incineroar, L50, F|\n|poke|p2|Froslass, L50, F|\n|poke|p2|Aggron, L50, M|\n|poke|p2|Meowstic, L50, M|\n|teampreview|4\n|\n|t:|1775986702\n|teamsize|p1|4\n|teamsize|p2|4\n|start\n|switch|p1a: Incineroar|Incineroar, L50, F|100/100\n|switch|p1b: Scizor|Scizor, L50, M|100/100\n|switch|p2a: Araquanid|Araquanid, L50, M|100/100\n|switch|p2b: Incineroar|Incineroar, L50, F|100/100\n|-ability|p2b: Incineroar|Intimidate|boost\n|-unboost|p1a: Incineroar|atk|1\n|-unboost|p1b: Scizor|atk|1\n|-ability|p1a: Incineroar|Intimidate|boost\n|-unboost|p2a: Araquanid|atk|1\n|-unboost|p2b: Incineroar|atk|1\n|turn|1\n|c|\u2606MSM231|glhf\n|\n|t:|1775986727\n|switch|p2a: Tsareena|Tsareena, L50, F|100/100\n|detailschange|p1b: Scizor|Scizor-Mega, L50, M\n|-mega|p1b: Scizor|Scizor|Scizorite\n|move|p1a: Incineroar|Fake Out||[still]\n|cant|p2a: Tsareena|ability: Queenly Majesty|Fake Out|[of] p1a: Incineroar\n|move|p1b: Scizor|Bug Bite|p2b: Incineroar\n|-damage|p2b: Incineroar|67/100\n|-enditem|p2b: Incineroar|Sitrus Berry|[from] stealeat|[move] Bug Bite|[of] p1b: Scizor\n|move|p2b: Incineroar|Flare Blitz|p1b: Scizor\n|-supereffective|p1b: Scizor|2\n|-damage|p1b: Scizor|12/100\n|-damage|p2b: Incineroar|41/100|[from] Recoil\n|\n|upkeep\n|turn|2\n|\n|t:|1775986769\n|switch|p2b: Araquanid|Araquanid, L50, M|100/100\n|move|p2a: Tsareena|Protect|p2a: Tsareena\n|-singleturn|p2a: Tsareena|Protect\n|move|p1b: Scizor|Bug Bite|p2b: Araquanid\n|-damage|p2b: Araquanid|54/100\n|move|p1a: Incineroar|Flare Blitz|p2a: Tsareena\n|-activate|p2a: Tsareena|move: Protect\n|\n|upkeep\n|turn|3\n|\n|t:|1775986786\n|switch|p2a: Incineroar|Incineroar, L50, F|41/100\n|-ability|p2a: Incineroar|Intimidate|boost\n|-unboost|p1a: Incineroar|atk|1\n|-unboost|p1b: Scizor|atk|1\n|move|p1b: Scizor|U-turn|p2a: Incineroar\n|-damage|p2a: Incineroar|20/100\n|\n|t:|1775986793\n|switch|p1b: Pelipper|Pelipper, L50, F|100/100|[from] U-turn\n|-weather|RainDance|[from] ability: Drizzle|[of] p1b: Pelipper\n|move|p1a: Incineroar|Parting Shot|p2b: Araquanid\n|-unboost|p2b: Araquanid|atk|1\n|-unboost|p2b: Araquanid|spa|1\n|\n|t:|1775986800\n|switch|p1a: Basculegion|Basculegion, L50, M|100/100|[from] Parting Shot\n|move|p2b: Araquanid|Surf|p1b: Pelipper|[spread] p2a,p1a,p1b\n|-supereffective|p2a: Incineroar|1\n|-resisted|p1a: Basculegion|1\n|-resisted|p1b: Pelipper|1\n|-crit|p1b: Pelipper\n|-damage|p2a: Incineroar|0 fnt\n|-damage|p1a: Basculegion|75/100\n|-damage|p1b: Pelipper|26/100\n|faint|p2a: Incineroar\n|\n|-weather|RainDance|[upkeep]\n|upkeep\n|\n|t:|1775986809\n|switch|p2a: Froslass|Froslass, L50, F|100/100\n|turn|4\n|\n|t:|1775986844\n|switch|p1b: Incineroar|Incineroar, L50, F|100/100\n|-ability|p1b: Incineroar|Intimidate|boost\n|-unboost|p2a: Froslass|atk|1\n|-unboost|p2b: Araquanid|atk|1\n|detailschange|p2a: Froslass|Froslass-Mega, L50, F\n|-mega|p2a: Froslass|Froslass|Froslassite\n|-weather|Snowscape|[from] ability: Snow Warning|[of] p2a: Froslass\n|move|p2a: Froslass|Aurora Veil|p2a: Froslass\n|-sidestart|p2: hegar345|move: Aurora Veil\n|move|p1a: Basculegion|Last Respects|p2a: Froslass\n|-supereffective|p2a: Froslass|1\n|-damage|p2a: Froslass|60/100\n|move|p2b: Araquanid|Sticky Web|p1a: Basculegion\n|-sidestart|p1: MSM231|move: Sticky Web\n|\n|-weather|Snowscape|[upkeep]\n|upkeep\n|turn|5\n|\n|t:|1775986869\n|switch|p2a: Tsareena|Tsareena, L50, F|100/100\n|move|p1b: Incineroar|Fake Out||[still]\n|cant|p2a: Tsareena|ability: Queenly Majesty|Fake Out|[of] p1b: Incineroar\n|move|p1a: Basculegion|Aqua Jet||[still]\n|cant|p2a: Tsareena|ability: Queenly Majesty|Aqua Jet|[of] p1a: Basculegion\n|move|p2b: Araquanid|Surf|p1b: Incineroar|[spread] p2a,p1a,p1b\n|-resisted|p2a: Tsareena|1\n|-resisted|p1a: Basculegion|1\n|-supereffective|p1b: Incineroar|1\n|-damage|p2a: Tsareena|92/100\n|-damage|p1a: Basculegion|57/100\n|-damage|p1b: Incineroar|55/100\n|\n|-weather|Snowscape|[upkeep]\n|-heal|p2a: Tsareena|98/100|[from] item: Leftovers\n|upkeep\n|turn|6\n|\n|t:|1775986909\n|move|p1a: Basculegion|Flip Turn|p2b: Araquanid\n|-resisted|p2b: Araquanid|1\n|-damage|p2b: Araquanid|40/100\n|\n|t:|1775986915\n|switch|p1a: Pelipper|Pelipper, L50, F|26/100|[from] Flip Turn\n|-weather|RainDance|[from] ability: Drizzle|[of] p1a: Pelipper\n|move|p2a: Tsareena|Trop Kick|p1a: Pelipper\n|-damage|p1a: Pelipper|0 fnt\n|faint|p1a: Pelipper\n|move|p1b: Incineroar|Flare Blitz|p2a: Tsareena\n|-supereffective|p2a: Tsareena|1\n|-damage|p2a: Tsareena|65/100\n|-status|p2a: Tsareena|brn\n|-damage|p1b: Incineroar|45/100|[from] Recoil\n|-enditem|p1b: Incineroar|Sitrus Berry|[eat]\n|-heal|p1b: Incineroar|70/100|[from] item: Sitrus Berry\n|move|p2b: Araquanid|Surf|p1b: Incineroar|[spread] p2a,p1b\n|-resisted|p2a: Tsareena|1\n|-supereffective|p1b: Incineroar|1\n|-damage|p2a: Tsareena|54/100 brn\n|-damage|p1b: Incineroar|0 fnt\n|faint|p1b: Incineroar\n|\n|-weather|RainDance|[upkeep]\n|-heal|p2a: Tsareena|60/100 brn|[from] item: Leftovers\n|-damage|p2a: Tsareena|54/100 brn|[from] brn\n|upkeep\n|\n|t:|1775986937\n|switch|p1b: Scizor|Scizor-Mega, L50, M|12/100\n|switch|p1a: Basculegion|Basculegion, L50, M|57/100\n|-activate|p1a: Basculegion|move: Sticky Web\n|-unboost|p1a: Basculegion|spe|1\n|-activate|p1b: Scizor|move: Sticky Web\n|-unboost|p1b: Scizor|spe|1\n|turn|7\n|\n|t:|1775986952\n|move|p1a: Basculegion|Liquidation|p2a: Tsareena\n|-resisted|p2a: Tsareena|1\n|-damage|p2a: Tsareena|27/100 brn\n|move|p2a: Tsareena|Trop Kick|p1a: Basculegion\n|-supereffective|p1a: Basculegion|1\n|-damage|p1a: Basculegion|17/100\n|-unboost|p1a: Basculegion|atk|1\n|move|p1b: Scizor|Bug Bite|p2a: Tsareena\n|-supereffective|p2a: Tsareena|1\n|-damage|p2a: Tsareena|0 fnt\n|faint|p2a: Tsareena\n|move|p2b: Araquanid|Surf|p1a: Basculegion|[spread] p1a,p1b\n|-resisted|p1a: Basculegion|1\n|-damage|p1a: Basculegion|0 fnt\n|-damage|p1b: Scizor|0 fnt\n|faint|p1a: Basculegion\n|faint|p1b: Scizor\n|\n|win|hegar345\n|raw|MSM231's rating: 1084 &rarr; <strong>1060</strong><br />(-24 for losing)\n|raw|hegar345's rating: 1056 &rarr; <strong>1090</strong><br />(+34 for winning)\n|c|\u2606MSM231|gg\n|c|\u2606hegar345|gg\n|l|\u2606MSM231\n|player|p1|\n",
  "uploadtime": 1775986971,
  "views": 14,
  "formatid": "gen9championsvgc2026regma",
  "rating": 1060,
  "private": 0,
  "password": null
}