{
  "id": "gen9championsvgc2026regma-2585307557",
  "format": "[Gen 9 Champions] VGC 2026 Reg M-A",
  "players": [
    "KennarDH",
    "lucarivar"
  ],
  "log": "|j|\u2606KennarDH\n|j|\u2606lucarivar\n|t:|1776336152\n|gametype|doubles\n|player|p1|KennarDH|rocketgruntf|1150\n|player|p2|lucarivar|102|1091\n|gen|9\n|tier|[Gen 9 Champions] VGC 2026 Reg M-A\n|rated|\n|rule|Species Clause: Limit one of each Pok\u00e9mon\n|rule|Item Clause: Limit 1 of each item\n|clearpoke\n|poke|p1|Farigiraf, L50, F|\n|poke|p1|Blastoise, L50, M|\n|poke|p1|Camerupt, L50, F|\n|poke|p1|Crabominable, L50, F|\n|poke|p1|Alakazam, L50, M|\n|poke|p1|Sinistcha, L50|\n|poke|p2|Dragapult, L50, F|\n|poke|p2|Pelipper, L50, F|\n|poke|p2|Lucario, L50, M|\n|poke|p2|Volcarona, L50, F|\n|poke|p2|Spiritomb, L50, F|\n|poke|p2|Hatterene, L50, F|\n|teampreview|4\n|inactive|Battle timer is ON: inactive players will automatically lose when time's up. (requested by lucarivar)\n|\n|t:|1776336182\n|teamsize|p1|4\n|teamsize|p2|4\n|start\n|switch|p1a: Farigiraf|Farigiraf, L50, F|100/100\n|switch|p1b: Blastoise|Blastoise, L50, M|100/100\n|switch|p2a: Lucario|Lucario, L50, M|100/100\n|switch|p2b: Pelipper|Pelipper, L50, F|100/100\n|-weather|RainDance|[from] ability: Drizzle|[of] p2b: Pelipper\n|turn|1\n|\n|t:|1776336201\n|detailschange|p2a: Lucario|Lucario-Mega, L50, M\n|-mega|p2a: Lucario|Lucario|Lucarionite\n|move|p1b: Blastoise|Fake Out|p2a: Lucario\n|-resisted|p2a: Lucario|1\n|-damage|p2a: Lucario|94/100\n|cant|p2a: Lucario|flinch\n|move|p2b: Pelipper|Hurricane|p1a: Farigiraf\n|-damage|p1a: Farigiraf|55/100\n|-start|p1a: Farigiraf|confusion\n|-activate|p1a: Farigiraf|confusion\n|move|p1a: Farigiraf|Trick Room|p1a: Farigiraf\n|-fieldstart|move: Trick Room|[of] p1a: Farigiraf\n|\n|-weather|RainDance|[upkeep]\n|upkeep\n|turn|2\n|\n|t:|1776336215\n|move|p2b: Pelipper|Wide Guard|p2b: Pelipper\n|-singleturn|p2b: Pelipper|Wide Guard\n|-end|p1a: Farigiraf|confusion\n|move|p1a: Farigiraf|Twin Beam|p2b: Pelipper\n|-crit|p2b: Pelipper\n|-damage|p2b: Pelipper|66/100\n|-damage|p2b: Pelipper|41/100\n|-hitcount|p2b: Pelipper|2\n|move|p1b: Blastoise|Water Spout|p2b: Pelipper|[spread] \n|-activate|p2a: Lucario|move: Wide Guard\n|-activate|p2b: Pelipper|move: Wide Guard\n|move|p2a: Lucario|Close Combat|p1b: Blastoise\n|-damage|p1b: Blastoise|12/100\n|-unboost|p2a: Lucario|def|1\n|-unboost|p2a: Lucario|spd|1\n|\n|-weather|RainDance|[upkeep]\n|-heal|p1b: Blastoise|18/100|[from] ability: Rain Dish\n|-heal|p1b: Blastoise|24/100|[from] item: Leftovers\n|upkeep\n|turn|3\n|\n|t:|1776336237\n|move|p2a: Lucario|Extreme Speed||[still]\n|cant|p1a: Farigiraf|ability: Armor Tail|Extreme Speed|[of] p2a: Lucario\n|move|p1a: Farigiraf|Twin Beam|p2a: Lucario\n|-damage|p2a: Lucario|53/100\n|-damage|p2a: Lucario|13/100\n|-hitcount|p2a: Lucario|2\n|move|p2b: Pelipper|Hurricane|p1a: Farigiraf\n|-damage|p1a: Farigiraf|7/100\n|move|p1b: Blastoise|Ice Beam|p2b: Pelipper\n|-damage|p2b: Pelipper|6/100\n|\n|-weather|RainDance|[upkeep]\n|-heal|p1b: Blastoise|30/100|[from] ability: Rain Dish\n|-heal|p1b: Blastoise|36/100|[from] item: Leftovers\n|upkeep\n|turn|4\n|\n|t:|1776336259\n|move|p2a: Lucario|Protect|p2a: Lucario\n|-singleturn|p2a: Lucario|Protect\n|move|p1a: Farigiraf|Hyper Voice|p2a: Lucario|[spread] p2b\n|-activate|p2a: Lucario|move: Protect\n|-damage|p2b: Pelipper|0 fnt\n|faint|p2b: Pelipper\n|move|p1b: Blastoise|Flip Turn|p2a: Lucario\n|-activate|p2a: Lucario|move: Protect\n|\n|-weather|RainDance|[upkeep]\n|-heal|p1b: Blastoise|42/100|[from] ability: Rain Dish\n|-heal|p1b: Blastoise|48/100|[from] item: Leftovers\n|upkeep\n|\n|t:|1776336264\n|switch|p2b: Hatterene|Hatterene, L50, F|100/100\n|turn|5\n|\n|t:|1776336281\n|move|p2b: Hatterene|Dazzling Gleam|p1a: Farigiraf|[spread] p1a,p1b\n|-damage|p1a: Farigiraf|0 fnt\n|-damage|p1b: Blastoise|9/100\n|faint|p1a: Farigiraf\n|move|p1b: Blastoise|Flip Turn|p2a: Lucario\n|-damage|p2a: Lucario|0 fnt\n|faint|p2a: Lucario\n|\n|t:|1776336292\n|switch|p1b: Crabominable|Crabominable, L50, F|100/100|[from] Flip Turn\n|\n|-weather|none\n|-fieldend|move: Trick Room\n|upkeep\n|\n|t:|1776336307\n|switch|p2a: Dragapult|Dragapult, L50, F|100/100\n|switch|p1a: Blastoise|Blastoise, L50, M|9/100\n|turn|6\n|\n|t:|1776336315\n|move|p2a: Dragapult|Protect|p2a: Dragapult\n|-singleturn|p2a: Dragapult|Protect\n|move|p2b: Hatterene|Protect|p2b: Hatterene\n|-singleturn|p2b: Hatterene|Protect\n|move|p1a: Blastoise|Fake Out|p2b: Hatterene\n|-activate|p2b: Hatterene|move: Protect\n|move|p1b: Crabominable|Ice Hammer|p2a: Dragapult\n|-activate|p2a: Dragapult|move: Protect\n|\n|-heal|p1a: Blastoise|14/100|[from] item: Leftovers\n|upkeep\n|turn|7\n|\n|t:|1776336338\n|move|p2a: Dragapult|Psychic Fangs|p1b: Crabominable\n|-supereffective|p1b: Crabominable|1\n|-damage|p1b: Crabominable|41/100\n|-enditem|p1b: Crabominable|Sitrus Berry|[eat]\n|-heal|p1b: Crabominable|66/100|[from] item: Sitrus Berry\n|move|p1a: Blastoise|Ice Beam|p2a: Dragapult\n|-supereffective|p2a: Dragapult|1\n|-damage|p2a: Dragapult|37/100\n|move|p1b: Crabominable|Ice Hammer|p2a: Dragapult|[miss]\n|-miss|p1b: Crabominable|p2a: Dragapult\n|move|p2b: Hatterene|Psychic|p1a: Blastoise\n|-damage|p1a: Blastoise|0 fnt\n|faint|p1a: Blastoise\n|\n|upkeep\n|\n|t:|1776336351\n|switch|p1a: Alakazam|Alakazam, L50, M|100/100\n|turn|8\n|\n|t:|1776336366\n|move|p2b: Hatterene|Protect|p2b: Hatterene\n|-singleturn|p2b: Hatterene|Protect\n|move|p2a: Dragapult|Phantom Force||[still]\n|-prepare|p2a: Dragapult|Phantom Force\n|move|p1a: Alakazam|Dazzling Gleam|p2a: Dragapult|[spread] \n|-miss|p1a: Alakazam|p2a: Dragapult\n|-activate|p2b: Hatterene|move: Protect\n|move|p1b: Crabominable|Ice Hammer|p2b: Hatterene\n|-activate|p2b: Hatterene|move: Protect\n|\n|upkeep\n|turn|9\n|\n|t:|1776336381\n|move|p2a: Dragapult|Phantom Force|p1a: Alakazam|[from] lockedmove\n|-supereffective|p1a: Alakazam|1\n|-crit|p1a: Alakazam\n|-enditem|p1a: Alakazam|Focus Sash\n|-damage|p1a: Alakazam|1/100\n|move|p1a: Alakazam|Dazzling Gleam|p2a: Dragapult|[spread] p2a,p2b\n|-supereffective|p2a: Dragapult|1\n|-damage|p2a: Dragapult|0 fnt\n|-damage|p2b: Hatterene|79/100\n|faint|p2a: Dragapult\n|move|p1b: Crabominable|Ice Hammer|p2b: Hatterene\n|-crit|p2b: Hatterene\n|-damage|p2b: Hatterene|0 fnt\n|-unboost|p1b: Crabominable|spe|1\n|faint|p2b: Hatterene\n|\n|win|KennarDH\n|raw|KennarDH's rating: 1150 &rarr; <strong>1171</strong><br />(+21 for winning)\n|raw|lucarivar's rating: 1091 &rarr; <strong>1071</strong><br />(-20 for losing)\n|l|\u2606lucarivar\n|player|p2|\n",
  "uploadtime": 1776336397,
  "views": 18,
  "formatid": "gen9championsvgc2026regma",
  "rating": 1071,
  "private": 0,
  "password": null
}