{
  "id": "gen9championsvgc2026regma-2586048048",
  "format": "[Gen 9 Champions] VGC 2026 Reg M-A",
  "players": [
    "OneWithTheSnom",
    "ANKKORR"
  ],
  "log": "|j|\u2606OneWithTheSnom\n|j|\u2606ANKKORR\n|t:|1776393609\n|gametype|doubles\n|player|p1|OneWithTheSnom|gladion|1160\n|player|p2|ANKKORR|2|1088\n|gen|9\n|tier|[Gen 9 Champions] VGC 2026 Reg M-A\n|rated|\n|rule|Species Clause: Limit one of each Pok\u00e9mon\n|rule|Item Clause: Limit 1 of each item\n|clearpoke\n|poke|p1|Floette-Eternal, L50, F|\n|poke|p1|Sinistcha, L50|\n|poke|p1|Kingambit, L50, F|\n|poke|p1|Pelipper, L50, M|\n|poke|p1|Basculegion, L50, M|\n|poke|p1|Archaludon, L50, F|\n|poke|p2|Serperior, L50, M|\n|poke|p2|Cofagrigus, L50, M|\n|poke|p2|Gardevoir, L50, M|\n|poke|p2|Incineroar, L50, M|\n|poke|p2|Aerodactyl, L50, M|\n|poke|p2|Excadrill, L50, M|\n|teampreview|4\n|inactive|Battle timer is ON: inactive players will automatically lose when time's up. (requested by ANKKORR)\n|inactive|OneWithTheSnom also wants the timer to be on.\n|inactive|OneWithTheSnom has 60 seconds left.\n|\n|t:|1776393663\n|teamsize|p1|4\n|teamsize|p2|4\n|start\n|switch|p1a: Basculegion|Basculegion, L50, M|100/100\n|switch|p1b: Archaludon|Archaludon, L50, F|100/100\n|switch|p2a: Serperior|Serperior, L50, M|100/100\n|switch|p2b: Cofagrigus|Cofagrigus, L50, M|100/100\n|turn|1\n|\n|t:|1776393684\n|switch|p1a: Pelipper|Pelipper, L50, M|100/100\n|-weather|RainDance|[from] ability: Drizzle|[of] p1a: Pelipper\n|move|p2a: Serperior|Leaf Storm|p1a: Pelipper\n|-damage|p1a: Pelipper|28/100\n|-boost|p2a: Serperior|spa|2\n|move|p1b: Archaludon|Electro Shot||[still]\n|-prepare|p1b: Archaludon|Electro Shot\n|-boost|p1b: Archaludon|spa|1\n|-anim|p1b: Archaludon|Electro Shot|p2b: Cofagrigus\n|-damage|p2b: Cofagrigus|33/100\n|move|p2b: Cofagrigus|Trick Room|p2b: Cofagrigus\n|-fieldstart|move: Trick Room|[of] p2b: Cofagrigus\n|\n|-weather|RainDance|[upkeep]\n|upkeep\n|turn|2\n|inactive|OneWithTheSnom has 30 seconds left.\n|inactive|OneWithTheSnom has 20 seconds left.\n|\n|t:|1776393723\n|move|p2b: Cofagrigus|Fake Tears|p2a: Serperior\n|-boost|p2a: Serperior|spd|2\n|move|p1b: Archaludon|Dragon Pulse|p2b: Cofagrigus\n|-damage|p2b: Cofagrigus|0 fnt\n|faint|p2b: Cofagrigus\n|move|p1a: Pelipper|Hurricane|p2a: Serperior\n|-supereffective|p2a: Serperior|1\n|-damage|p2a: Serperior|49/100\n|move|p2a: Serperior|Scale Shot|p1a: Pelipper\n|-damage|p1a: Pelipper|22/100\n|-crit|p1a: Pelipper\n|-damage|p1a: Pelipper|14/100\n|-damage|p1a: Pelipper|8/100\n|-hitcount|p1a: Pelipper|3\n|-boost|p2a: Serperior|def|1\n|-unboost|p2a: Serperior|spe|1\n|\n|-weather|RainDance|[upkeep]\n|upkeep\n|\n|t:|1776393732\n|switch|p2b: Gardevoir|Gardevoir, L50, M|100/100\n|turn|3\n|inactive|OneWithTheSnom has 30 seconds left.\n|\n|t:|1776393759\n|move|p1a: Pelipper|Protect|p1a: Pelipper\n|-singleturn|p1a: Pelipper|Protect\n|move|p2a: Serperior|Leaf Storm|p1a: Pelipper\n|-activate|p1a: Pelipper|move: Protect\n|move|p1b: Archaludon|Electro Shot||[still]\n|-prepare|p1b: Archaludon|Electro Shot\n|-boost|p1b: Archaludon|spa|1\n|-anim|p1b: Archaludon|Electro Shot|p2b: Gardevoir\n|-damage|p2b: Gardevoir|0 fnt\n|faint|p2b: Gardevoir\n|\n|-weather|RainDance|[upkeep]\n|upkeep\n|\n|t:|1776393770\n|switch|p2b: Incineroar|Incineroar, L50, M|100/100\n|-ability|p2b: Incineroar|Intimidate|boost\n|-unboost|p1a: Pelipper|atk|1\n|-unboost|p1b: Archaludon|atk|1\n|turn|4\n|\n|t:|1776393782\n|move|p1b: Archaludon|Protect|p1b: Archaludon\n|-singleturn|p1b: Archaludon|Protect\n|move|p2b: Incineroar|Fake Out|p1a: Pelipper\n|-damage|p1a: Pelipper|0 fnt\n|faint|p1a: Pelipper\n|move|p2a: Serperior|Leaf Storm|p1b: Archaludon\n|-activate|p1b: Archaludon|move: Protect\n|\n|-weather|RainDance|[upkeep]\n|upkeep\n|\n|t:|1776393793\n|switch|p1a: Floette|Floette-Eternal, L50, F|100/100\n|turn|5\n|\n|t:|1776393809\n|detailschange|p1a: Floette|Floette-Mega, L50, F\n|-mega|p1a: Floette|Floette|Floettite\n|-ability|p1a: Floette|Fairy Aura\n|move|p1a: Floette|Protect|p1a: Floette\n|-singleturn|p1a: Floette|Protect\n|move|p2b: Incineroar|Parting Shot|p1b: Archaludon\n|-unboost|p1b: Archaludon|atk|1\n|-unboost|p1b: Archaludon|spa|1\n|move|p2a: Serperior|Leaf Storm|p1a: Floette\n|-activate|p1a: Floette|move: Protect\n|move|p1b: Archaludon|Dragon Pulse|p2a: Serperior\n|-damage|p2a: Serperior|17/100\n|\n|-weather|none\n|-fieldend|move: Trick Room\n|upkeep\n|turn|6\n|\n|t:|1776393827\n|move|p1a: Floette|Dazzling Gleam|p2a: Serperior|[spread] p2a,p2b\n|-damage|p2a: Serperior|0 fnt\n|-damage|p2b: Incineroar|63/100\n|faint|p2a: Serperior\n|move|p1b: Archaludon|Dragon Pulse|p2b: Incineroar\n|-damage|p2b: Incineroar|14/100\n|-enditem|p2b: Incineroar|Sitrus Berry|[eat]\n|-heal|p2b: Incineroar|39/100|[from] item: Sitrus Berry\n|move|p2b: Incineroar|Parting Shot|p1b: Archaludon\n|-unboost|p1b: Archaludon|atk|1\n|-unboost|p1b: Archaludon|spa|1\n|\n|upkeep\n|turn|7\n|-message|ANKKORR forfeited.\n|\n|win|OneWithTheSnom\n|raw|OneWithTheSnom's rating: 1160 &rarr; <strong>1180</strong><br />(+20 for winning)\n|raw|ANKKORR's rating: 1088 &rarr; <strong>1070</strong><br />(-18 for losing)\n|l|\u2606ANKKORR\n|player|p2|\n",
  "uploadtime": 1776393835,
  "views": 60,
  "formatid": "gen9championsvgc2026regma",
  "rating": 1070,
  "private": 0,
  "password": null
}