{
  "id": "gen9championsvgc2026regma-2585284625",
  "format": "[Gen 9 Champions] VGC 2026 Reg M-A",
  "players": [
    "bloodgrham",
    "olecram2102"
  ],
  "log": "|j|\u203dbloodgrham\n|j|\u2606olecram2102\n|t:|1776333749\n|gametype|doubles\n|player|p1|bloodgrham|102|1081\n|player|p2|olecram2102|silver|1077\n|gen|9\n|tier|[Gen 9 Champions] VGC 2026 Reg M-A\n|rated|\n|rule|Species Clause: Limit one of each Pok\u00e9mon\n|rule|Item Clause: Limit 1 of each item\n|clearpoke\n|poke|p1|Cofagrigus, L50, F|\n|poke|p1|Alakazam, L50, M|\n|poke|p1|Corviknight, L50, F|\n|poke|p1|Drampa, L50, F|\n|poke|p1|Klefki, L50, M|\n|poke|p1|Decidueye-Hisui, L50, F|\n|poke|p2|Goodra-Hisui, L50, F|\n|poke|p2|Farigiraf, L50, M|\n|poke|p2|Conkeldurr, L50, F|\n|poke|p2|Sableye, L50, M|\n|poke|p2|Torkoal, L50, F|\n|poke|p2|Azumarill, L50, M|\n|teampreview|4\n|inactive|Battle timer is ON: inactive players will automatically lose when time's up. (requested by bloodgrham)\n|inactive|bloodgrham has 60 seconds left.\n|inactive|olecram2102 has 60 seconds left.\n|inactive|bloodgrham has 30 seconds left.\n|inactive|bloodgrham has 20 seconds left.\n|inactive|bloodgrham has 15 seconds left.\n|inactive|bloodgrham has 10 seconds left.\n|inactive|bloodgrham has 5 seconds left.\n|\n|t:|1776333838\n|teamsize|p1|4\n|teamsize|p2|4\n|start\n|switch|p1a: Drampa|Drampa, L50, F|100/100\n|switch|p1b: Alakazam|Alakazam, L50, M|100/100\n|switch|p2a: Farigiraf|Farigiraf, L50, M|100/100\n|switch|p2b: Torkoal|Torkoal, L50, F|100/100\n|-ability|p1a: Drampa|Cloud Nine\n|-weather|SunnyDay|[from] ability: Drought|[of] p2b: Torkoal\n|turn|1\n|inactive|bloodgrham has 30 seconds left.\n|\n|t:|1776333867\n|switch|p2b: Goodra|Goodra-Hisui, L50, F|100/100\n|move|p1b: Alakazam|Speed Swap|p2b: Goodra\n|-activate|p1b: Alakazam|move: Speed Swap|[of] p2b: Goodra\n|move|p1a: Drampa|Hyper Voice|p2a: Farigiraf|[spread] p2a,p2b\n|-resisted|p2b: Goodra|1\n|-damage|p2a: Farigiraf|71/100\n|-damage|p2b: Goodra|90/100\n|move|p2a: Farigiraf|Trick Room|p2a: Farigiraf\n|-fieldstart|move: Trick Room|[of] p2a: Farigiraf\n|\n|-weather|SunnyDay|[upkeep]\n|-heal|p2b: Goodra|96/100|[from] item: Leftovers\n|upkeep\n|turn|2\n|inactive|olecram2102 has 30 seconds left.\n|inactive|olecram2102 has 20 seconds left.\n|inactive|bloodgrham has 30 seconds left.\n|inactive|olecram2102 has 15 seconds left.\n|inactive|olecram2102 has 10 seconds left.\n|\n|t:|1776333914\n|switch|p1b: Cofagrigus|Cofagrigus, L50, F|100/100\n|detailschange|p1a: Drampa|Drampa-Mega, L50, F\n|-mega|p1a: Drampa|Drampa|Drampanite\n|move|p1a: Drampa|Draco Meteor|p2b: Goodra\n|-damage|p2b: Goodra|48/100\n|-unboost|p1a: Drampa|spa|2\n|move|p2a: Farigiraf|Hyper Voice|p1a: Drampa|[spread] p1a\n|-immune|p1b: Cofagrigus\n|-damage|p1a: Drampa|78/100\n|move|p2b: Goodra|Curse|p2b: Goodra\n|-unboost|p2b: Goodra|spe|1\n|-boost|p2b: Goodra|atk|1\n|-boost|p2b: Goodra|def|1\n|\n|-weather|SunnyDay|[upkeep]\n|-heal|p2b: Goodra|54/100|[from] item: Leftovers\n|upkeep\n|turn|3\n|\n|t:|1776333935\n|switch|p1a: Corviknight|Corviknight, L50, F|100/100\n|switch|p2a: Torkoal|Torkoal, L50, F|100/100\n|move|p1b: Cofagrigus|Iron Defense|p1b: Cofagrigus\n|-boost|p1b: Cofagrigus|def|2\n|move|p2b: Goodra|Body Press|p1a: Corviknight\n|-damage|p1a: Corviknight|78/100\n|\n|-weather|SunnyDay|[upkeep]\n|-heal|p1a: Corviknight|84/100|[from] item: Leftovers\n|-heal|p2b: Goodra|60/100|[from] item: Leftovers\n|upkeep\n|turn|4\n|inactive|bloodgrham has 30 seconds left.\n|inactive|bloodgrham has 20 seconds left.\n|inactive|bloodgrham has 15 seconds left.\n|\n|t:|1776333979\n|move|p1a: Corviknight|Protect|p1a: Corviknight\n|-singleturn|p1a: Corviknight|Protect\n|move|p2a: Torkoal|Eruption|p1b: Cofagrigus|[spread] p1b\n|-activate|p1a: Corviknight|move: Protect\n|-damage|p1b: Cofagrigus|0 fnt\n|faint|p1b: Cofagrigus\n|move|p2b: Goodra|Curse|p2b: Goodra\n|-unboost|p2b: Goodra|spe|1\n|-boost|p2b: Goodra|atk|1\n|-boost|p2b: Goodra|def|1\n|\n|-weather|SunnyDay|[upkeep]\n|-heal|p2b: Goodra|66/100|[from] item: Leftovers\n|-heal|p1a: Corviknight|90/100|[from] item: Leftovers\n|upkeep\n|\n|t:|1776333993\n|switch|p1b: Alakazam|Alakazam, L50, M|100/100\n|turn|5\n|\n|t:|1776334010\n|switch|p1a: Drampa|Drampa-Mega, L50, F|78/100\n|move|p2a: Torkoal|Eruption|p1a: Drampa|[spread] p1a,p1b\n|-resisted|p1a: Drampa|1\n|-damage|p1a: Drampa|39/100\n|-enditem|p1b: Alakazam|Focus Sash\n|-damage|p1b: Alakazam|1/100\n|-ability|p1a: Drampa|Berserk|boost\n|-boost|p1a: Drampa|spa|1\n|move|p2b: Goodra|Iron Head|p1b: Alakazam\n|-damage|p1b: Alakazam|0 fnt\n|faint|p1b: Alakazam\n|\n|-weather|none\n|-heal|p2b: Goodra|72/100|[from] item: Leftovers\n|-fieldend|move: Trick Room\n|upkeep\n|\n|t:|1776334025\n|switch|p1b: Corviknight|Corviknight, L50, F|90/100\n|turn|6\n|\n|t:|1776334039\n|switch|p2a: Azumarill|Azumarill, L50, M|100/100\n|move|p1b: Corviknight|Brave Bird|p2a: Azumarill\n|-damage|p2a: Azumarill|45/100\n|-damage|p1b: Corviknight|71/100|[from] Recoil\n|move|p2b: Goodra|Body Press|p1a: Drampa\n|-supereffective|p1a: Drampa|1\n|-damage|p1a: Drampa|0 fnt\n|faint|p1a: Drampa\n|\n|-heal|p1b: Corviknight|77/100|[from] item: Leftovers\n|-heal|p2b: Goodra|78/100|[from] item: Leftovers\n|upkeep\n|turn|7\n|-message|bloodgrham forfeited.\n|\n|win|olecram2102\n|raw|bloodgrham's rating: 1081 &rarr; <strong>1059</strong><br />(-22 for losing)\n|raw|olecram2102's rating: 1077 &rarr; <strong>1106</strong><br />(+29 for winning)\n|l|\u203dbloodgrham\n|player|p1|\n",
  "uploadtime": 1776334078,
  "views": 25,
  "formatid": "gen9championsvgc2026regma",
  "rating": 1059,
  "private": 0,
  "password": null
}