{
  "id": "gen9championsvgc2026regma-2580495394",
  "format": "[Gen 9 Champions] VGC 2026 Reg M-A",
  "players": [
    "iloveselma",
    "kabauntie"
  ],
  "log": "|j|\u2606iloveselma\n|j|\u2606kabauntie\n|t:|1775904824\n|gametype|doubles\n|player|p1|iloveselma|170|1017\n|player|p2|kabauntie|265|1103\n|gen|9\n|tier|[Gen 9 Champions] VGC 2026 Reg M-A\n|rated|\n|rule|Species Clause: Limit one of each Pok\u00e9mon\n|rule|Item Clause: Limit 1 of each item\n|clearpoke\n|poke|p1|Basculegion, L50, M|\n|poke|p1|Pelipper, L50, M|\n|poke|p1|Whimsicott, L50, M|\n|poke|p1|Sneasler, L50, F|\n|poke|p1|Dragonite, L50, M|\n|poke|p1|Farigiraf, L50, M|\n|poke|p2|Tyranitar, L50, F|\n|poke|p2|Excadrill, L50, M|\n|poke|p2|Corviknight, L50, F|\n|poke|p2|Primarina, L50, F|\n|poke|p2|Sinistcha-Masterpiece, L50|\n|poke|p2|Incineroar, L50, F|\n|teampreview|4\n|c|\u2606iloveselma|yoo wsp\n|c|\u2606iloveselma|do u by any chance ghave an extra ef floette?\n|\n|t:|1775904917\n|teamsize|p1|4\n|teamsize|p2|4\n|start\n|switch|p1a: Sneasler|Sneasler, L50, F, shiny|100/100\n|switch|p1b: Whimsicott|Whimsicott, L50, M|100/100\n|switch|p2a: Tyranitar|Tyranitar, L50, F|100/100\n|switch|p2b: Excadrill|Excadrill, L50, M|100/100\n|-ability|p1a: Sneasler|Pressure\n|-weather|Sandstorm|[from] ability: Sand Stream|[of] p2a: Tyranitar\n|turn|1\n|\n|t:|1775904961\n|move|p2a: Tyranitar|Protect|p2a: Tyranitar\n|-singleturn|p2a: Tyranitar|Protect\n|move|p1b: Whimsicott|Tailwind|p1b: Whimsicott\n|-sidestart|p1: iloveselma|move: Tailwind\n|move|p1a: Sneasler|Close Combat|p2b: Excadrill\n|-supereffective|p2b: Excadrill|1\n|-enditem|p2b: Excadrill|Focus Sash\n|-damage|p2b: Excadrill|1/100\n|-unboost|p1a: Sneasler|def|1\n|-unboost|p1a: Sneasler|spd|1\n|-enditem|p1a: Sneasler|White Herb\n|-clearnegativeboost|p1a: Sneasler|[silent]\n|move|p2b: Excadrill|Earthquake|p1b: Whimsicott|[spread] p1a,p1b\n|-activate|p2a: Tyranitar|move: Protect\n|-supereffective|p1a: Sneasler|1\n|-resisted|p1b: Whimsicott|1\n|-damage|p1a: Sneasler|0 fnt\n|-damage|p1b: Whimsicott|75/100\n|faint|p1a: Sneasler\n|\n|-weather|Sandstorm|[upkeep]\n|-damage|p1b: Whimsicott|69/100|[from] Sandstorm\n|upkeep\n|\n|t:|1775904980\n|switch|p1a: Basculegion|Basculegion, L50, M|100/100\n|turn|2\n|\n|t:|1775904991\n|move|p1b: Whimsicott|Encore|p2a: Tyranitar\n|-hint|Since gen 7, Dark is immune to Prankster moves.\n|-immune|p2a: Tyranitar\n|move|p1a: Basculegion|Flip Turn|p2b: Excadrill\n|-supereffective|p2b: Excadrill|1\n|-damage|p2b: Excadrill|0 fnt\n|faint|p2b: Excadrill\n|\n|t:|1775905002\n|switch|p1a: Pelipper|Pelipper, L50, M|100/100|[from] Flip Turn\n|-weather|RainDance|[from] ability: Drizzle|[of] p1a: Pelipper\n|move|p2a: Tyranitar|Crunch|p1a: Pelipper\n|-damage|p1a: Pelipper|44/100\n|\n|-weather|RainDance|[upkeep]\n|upkeep\n|\n|t:|1775905017\n|switch|p2b: Primarina|Primarina, L50, F|100/100\n|turn|3\n|\n|t:|1775905033\n|detailschange|p2a: Tyranitar|Tyranitar-Mega, L50, F\n|-mega|p2a: Tyranitar|Tyranitar|Tyranitarite\n|-weather|Sandstorm|[from] ability: Sand Stream|[of] p2a: Tyranitar\n|move|p1b: Whimsicott|Protect|p1b: Whimsicott\n|-singleturn|p1b: Whimsicott|Protect\n|move|p1a: Pelipper|Protect|p1a: Pelipper\n|-singleturn|p1a: Pelipper|Protect\n|move|p2a: Tyranitar|Rock Slide|p1b: Whimsicott|[spread] \n|-activate|p1a: Pelipper|move: Protect\n|-activate|p1b: Whimsicott|move: Protect\n|move|p2b: Primarina|Moonblast|p1b: Whimsicott\n|-activate|p1b: Whimsicott|move: Protect\n|\n|-weather|Sandstorm|[upkeep]\n|-damage|p1b: Whimsicott|63/100|[from] Sandstorm\n|-damage|p1a: Pelipper|38/100|[from] Sandstorm\n|-damage|p2b: Primarina|95/100|[from] Sandstorm\n|upkeep\n|turn|4\n|\n|t:|1775905077\n|move|p1a: Pelipper|Wide Guard|p1a: Pelipper\n|-singleturn|p1a: Pelipper|Wide Guard\n|move|p1b: Whimsicott|Moonblast|p2a: Tyranitar\n|-supereffective|p2a: Tyranitar|1\n|-damage|p2a: Tyranitar|76/100\n|move|p2a: Tyranitar|Rock Slide|p1b: Whimsicott|[spread] \n|-activate|p1a: Pelipper|move: Wide Guard\n|-activate|p1b: Whimsicott|move: Wide Guard\n|move|p2b: Primarina|Hyper Voice|p1b: Whimsicott|[spread] \n|-activate|p1a: Pelipper|move: Wide Guard\n|-activate|p1b: Whimsicott|move: Wide Guard\n|\n|-weather|Sandstorm|[upkeep]\n|-damage|p1b: Whimsicott|57/100|[from] Sandstorm\n|-damage|p1a: Pelipper|32/100|[from] Sandstorm\n|-damage|p2b: Primarina|89/100|[from] Sandstorm\n|-sideend|p1: iloveselma|move: Tailwind\n|upkeep\n|turn|5\n|inactive|Battle timer is ON: inactive players will automatically lose when time's up. (requested by kabauntie)\n|\n|t:|1775905099\n|switch|p1a: Basculegion|Basculegion, L50, M|100/100\n|move|p1b: Whimsicott|Tailwind|p1b: Whimsicott\n|-sidestart|p1: iloveselma|move: Tailwind\n|move|p2a: Tyranitar|Crunch|p1a: Basculegion\n|-supereffective|p1a: Basculegion|1\n|-crit|p1a: Basculegion\n|-damage|p1a: Basculegion|0 fnt\n|faint|p1a: Basculegion\n|move|p2b: Primarina|Moonblast|p1b: Whimsicott\n|-damage|p1b: Whimsicott|1/100\n|\n|-weather|Sandstorm|[upkeep]\n|-damage|p1b: Whimsicott|0 fnt|[from] Sandstorm\n|-damage|p2b: Primarina|83/100|[from] Sandstorm\n|faint|p1b: Whimsicott\n|upkeep\n|-message|iloveselma forfeited.\n|\n|win|kabauntie\n|raw|iloveselma's rating: 1017 &rarr; <strong>1007</strong><br />(-10 for losing)\n|raw|kabauntie's rating: 1103 &rarr; <strong>1122</strong><br />(+19 for winning)\n|l|\u2606iloveselma\n|player|p1|\n",
  "uploadtime": 1775905119,
  "views": 18,
  "formatid": "gen9championsvgc2026regma",
  "rating": 1007,
  "private": 0,
  "password": null
}