{
  "id": "gen9championsvgc2026regma-2587876995",
  "format": "[Gen 9 Champions] VGC 2026 Reg M-A",
  "players": [
    "EnderHerve",
    "VayuRed"
  ],
  "log": "|j|\u2606EnderHerve\n|j|\u2606VayuRed\n|t:|1776573563\n|gametype|doubles\n|player|p1|EnderHerve|allister|1171\n|player|p2|VayuRed|102|1210\n|gen|9\n|tier|[Gen 9 Champions] VGC 2026 Reg M-A\n|rated|\n|rule|Species Clause: Limit one of each Pok\u00e9mon\n|rule|Item Clause: Limit 1 of each item\n|clearpoke\n|poke|p1|Aerodactyl, L50, M|\n|poke|p1|Farigiraf, L50, M|\n|poke|p1|Froslass, L50, F|\n|poke|p1|Rotom-Heat, L50|\n|poke|p1|Sneasler, L50, M|\n|poke|p1|Empoleon, L50, M|\n|poke|p2|Charizard, L50, F|\n|poke|p2|Venusaur, L50, F|\n|poke|p2|Rotom-Wash, L50|\n|poke|p2|Garchomp, L50, F|\n|poke|p2|Gardevoir, L50, F|\n|poke|p2|Sneasler, L50, M|\n|teampreview|4\nEnderHerve rejected open team sheets.\n|inactive|Battle timer is ON: inactive players will automatically lose when time's up. (requested by VayuRed)\n|inactive|EnderHerve has 60 seconds left.\n|\n|t:|1776573651\n|teamsize|p1|4\n|teamsize|p2|4\n|start\n|switch|p1a: Froslass|Froslass, L50, F|100/100\n|switch|p1b: Farigiraf|Farigiraf, L50, M|100/100\n|switch|p2a: Rotom|Rotom-Wash, L50|100/100\n|switch|p2b: Sneasler|Sneasler, L50, M|100/100\n|turn|1\n|inactive|EnderHerve has 30 seconds left.\n|inactive|VayuRed has 30 seconds left.\n|inactive|EnderHerve has 20 seconds left.\n|inactive|VayuRed has 20 seconds left.\n|inactive|EnderHerve has 15 seconds left.\n|\n|t:|1776573695\n|detailschange|p1a: Froslass|Froslass-Mega, L50, F\n|-mega|p1a: Froslass|Froslass|Froslassite\n|-weather|Snowscape|[from] ability: Snow Warning|[of] p1a: Froslass\n|move|p2b: Sneasler|Close Combat|p1b: Farigiraf\n|-damage|p1b: Farigiraf|30/100\n|-unboost|p2b: Sneasler|def|1\n|-unboost|p2b: Sneasler|spd|1\n|-enditem|p1b: Farigiraf|Sitrus Berry|[eat]\n|-heal|p1b: Farigiraf|55/100|[from] item: Sitrus Berry\n|-enditem|p2b: Sneasler|White Herb\n|-clearnegativeboost|p2b: Sneasler|[silent]\n|move|p1a: Froslass|Aurora Veil|p1a: Froslass\n|-sidestart|p1: EnderHerve|move: Aurora Veil\n|move|p2a: Rotom|Hydro Pump|p1b: Farigiraf|[miss]\n|-miss|p2a: Rotom|p1b: Farigiraf\n|move|p1b: Farigiraf|Hyper Voice|p2a: Rotom|[spread] p2a,p2b\n|-damage|p2a: Rotom|65/100\n|-damage|p2b: Sneasler|66/100\n|\n|-weather|Snowscape|[upkeep]\n|upkeep\n|turn|2\n|inactive|VayuRed has 30 seconds left.\n|\n|t:|1776573727\n|move|p2b: Sneasler|Protect|p2b: Sneasler\n|-singleturn|p2b: Sneasler|Protect\n|move|p1a: Froslass|Blizzard|p2a: Rotom|[spread] p2a\n|-activate|p2b: Sneasler|move: Protect\n|-resisted|p2a: Rotom|1\n|-damage|p2a: Rotom|37/100\n|-enditem|p2a: Rotom|Sitrus Berry|[eat]\n|-heal|p2a: Rotom|61/100|[from] item: Sitrus Berry\n|move|p2a: Rotom|Thunderbolt|p1a: Froslass\n|-damage|p1a: Froslass|66/100\n|move|p1b: Farigiraf|Psychic|p2b: Sneasler\n|-activate|p2b: Sneasler|move: Protect\n|\n|-weather|Snowscape|[upkeep]\n|upkeep\n|turn|3\n|inactive|VayuRed has 30 seconds left.\n|\n|t:|1776573758\n|move|p2b: Sneasler|Close Combat|p1b: Farigiraf\n|-damage|p1b: Farigiraf|9/100\n|-unboost|p2b: Sneasler|def|1\n|-unboost|p2b: Sneasler|spd|1\n|move|p1a: Froslass|Blizzard|p2b: Sneasler|[spread] p2a,p2b\n|-resisted|p2a: Rotom|1\n|-damage|p2a: Rotom|32/100\n|-damage|p2b: Sneasler|0 fnt\n|faint|p2b: Sneasler\n|move|p2a: Rotom|Thunderbolt|p1a: Froslass\n|-damage|p1a: Froslass|29/100\n|move|p1b: Farigiraf|Psychic|p2a: Rotom\n|-damage|p2a: Rotom|0 fnt\n|faint|p2a: Rotom\n|\n|-weather|Snowscape|[upkeep]\n|upkeep\n|\n|t:|1776573773\n|switch|p2b: Gardevoir|Gardevoir, L50, F|100/100\n|switch|p2a: Charizard|Charizard, L50, F|100/100\n|turn|4\n|inactive|EnderHerve has 30 seconds left.\n|inactive|EnderHerve has 20 seconds left.\n|\n|t:|1776573812\n|switch|p1a: Aerodactyl|Aerodactyl, L50, M|100/100\n|-ability|p1a: Aerodactyl|Unnerve\n|detailschange|p2a: Charizard|Charizard-Mega-Y, L50, F\n|-mega|p2a: Charizard|Charizard|Charizardite Y\n|-weather|SunnyDay|[from] ability: Drought|[of] p2a: Charizard\n|move|p2b: Gardevoir|Dazzling Gleam|p1b: Farigiraf|[spread] p1a,p1b\n|-damage|p1a: Aerodactyl|66/100\n|-damage|p1b: Farigiraf|0 fnt\n|faint|p1b: Farigiraf\n|move|p2a: Charizard|Heat Wave|p1a: Aerodactyl\n|-resisted|p1a: Aerodactyl|1\n|-damage|p1a: Aerodactyl|22/100\n|\n|-weather|SunnyDay|[upkeep]\n|upkeep\n|\n|t:|1776573826\n|switch|p1b: Froslass|Froslass-Mega, L50, F|29/100\n|-weather|Snowscape|[from] ability: Snow Warning|[of] p1b: Froslass\n|turn|5\n|\n|t:|1776573842\n|move|p1a: Aerodactyl|Rock Slide|p2a: Charizard|[spread] p2a\n|-miss|p1a: Aerodactyl|p2b: Gardevoir\n|-supereffective|p2a: Charizard|2\n|-damage|p2a: Charizard|0 fnt\n|faint|p2a: Charizard\n|move|p2b: Gardevoir|Dazzling Gleam|p1a: Aerodactyl|[spread] p1a,p1b\n|-damage|p1a: Aerodactyl|0 fnt\n|-damage|p1b: Froslass|4/100\n|faint|p1a: Aerodactyl\n|move|p1b: Froslass|Blizzard|p2b: Gardevoir\n|-damage|p2b: Gardevoir|30/100\n|\n|-weather|Snowscape|[upkeep]\n|-sideend|p1: EnderHerve|move: Aurora Veil\n|upkeep\n|\n|t:|1776573853\n|switch|p1a: Sneasler|Sneasler, L50, M|100/100\n|turn|6\n|-message|VayuRed forfeited.\n|\n|win|EnderHerve\n|raw|EnderHerve's rating: 1171 &rarr; <strong>1199</strong><br />(+28 for winning)\n|raw|VayuRed's rating: 1210 &rarr; <strong>1182</strong><br />(-28 for losing)\n|l|\u2606VayuRed\n|player|p2|\n",
  "uploadtime": 1776573865,
  "views": 11,
  "formatid": "gen9championsvgc2026regma",
  "rating": 1182,
  "private": 0,
  "password": null
}