{
  "id": "gen9championsvgc2026regma-2581686732",
  "format": "[Gen 9 Champions] VGC 2026 Reg M-A",
  "players": [
    "bampu401",
    "Jah_08"
  ],
  "log": "|j|\u2606bampu401\n|j|\u2606Jah_08\n|t:|1776020698\n|gametype|doubles\n|player|p1|bampu401|101|1251\n|player|p2|Jah_08|alder|1231\n|gen|9\n|tier|[Gen 9 Champions] VGC 2026 Reg M-A\n|rated|\n|rule|Species Clause: Limit one of each Pok\u00e9mon\n|rule|Item Clause: Limit 1 of each item\n|clearpoke\n|poke|p1|Tyranitar, L50, F|\n|poke|p1|Gardevoir, L50, F|\n|poke|p1|Gyarados, L50, F|\n|poke|p1|Excadrill, L50, F|\n|poke|p1|Sinistcha, L50|\n|poke|p1|Rotom-Heat, L50|\n|poke|p2|Basculegion, L50, M|\n|poke|p2|Zoroark-Hisui, L50, M|\n|poke|p2|Conkeldurr, L50, F|\n|poke|p2|Whimsicott, L50, F|\n|poke|p2|Chandelure, L50, F|\n|poke|p2|Vanilluxe, L50, F|\n|teampreview|4\nbampu401 has agreed to open team sheets.\n|inactive|Battle timer is ON: inactive players will automatically lose when time's up. (requested by bampu401)\n|inactive|Jah_08 has 60 seconds left.\n|\n|t:|1776020774\n|teamsize|p1|4\n|teamsize|p2|4\n|start\n|switch|p1a: Gardevoir|Gardevoir, L50, F|100/100\n|switch|p1b: Sinistcha|Sinistcha, L50|100/100\n|switch|p2a: Conkeldurr|Conkeldurr, L50, F, shiny|100/100\n|switch|p2b: Chandelure|Chandelure, L50, F, shiny|100/100\n|turn|1\n|inactive|bampu401 has 30 seconds left.\n|\n|t:|1776020805\n|detailschange|p1a: Gardevoir|Gardevoir-Mega, L50, F\n|-mega|p1a: Gardevoir|Gardevoir|Gardevoirite\n|move|p2a: Conkeldurr|Wide Guard|p2a: Conkeldurr\n|-singleturn|p2a: Conkeldurr|Wide Guard\n|move|p2b: Chandelure|Shadow Ball|p1a: Gardevoir\n|-supereffective|p1a: Gardevoir|1\n|-damage|p1a: Gardevoir|39/100\n|move|p1a: Gardevoir|Calm Mind|p1a: Gardevoir\n|-boost|p1a: Gardevoir|spa|1\n|-boost|p1a: Gardevoir|spd|1\n|move|p1b: Sinistcha|Shadow Ball|p2b: Chandelure\n|-immune|p2b: Chandelure\n|\n|upkeep\n|turn|2\n|inactive|Jah_08 has 30 seconds left.\n|inactive|Jah_08 has 20 seconds left.\n|\n|t:|1776020844\n|move|p1b: Sinistcha|Rage Powder|p1b: Sinistcha\n|-singleturn|p1b: Sinistcha|move: Rage Powder\n|move|p2b: Chandelure|Shadow Ball|p1b: Sinistcha\n|-supereffective|p1b: Sinistcha|1\n|-damage|p1b: Sinistcha|23/100\n|-enditem|p1b: Sinistcha|Sitrus Berry|[eat]\n|-heal|p1b: Sinistcha|48/100|[from] item: Sitrus Berry\n|move|p1a: Gardevoir|Psyshock|p2a: Conkeldurr\n|-supereffective|p2a: Conkeldurr|1\n|-damage|p2a: Conkeldurr|0 fnt\n|faint|p2a: Conkeldurr\n|\n|upkeep\n|\n|t:|1776020860\n|switch|p2a: Vanilluxe|Vanilluxe, L50, F, shiny|100/100\n|-weather|Snowscape|[from] ability: Snow Warning|[of] p2a: Vanilluxe\n|turn|3\n|\n|t:|1776020876\n|move|p1b: Sinistcha|Rage Powder|p1b: Sinistcha\n|-singleturn|p1b: Sinistcha|move: Rage Powder\n|move|p2b: Chandelure|Shadow Ball|p1b: Sinistcha\n|-supereffective|p1b: Sinistcha|1\n|-damage|p1b: Sinistcha|0 fnt\n|faint|p1b: Sinistcha\n|move|p1a: Gardevoir|Psyshock|p2b: Chandelure\n|-enditem|p2b: Chandelure|Focus Sash\n|-damage|p2b: Chandelure|1/100\n|replace|p2b: Zoroark|Zoroark-Hisui, L50, M\n|-end|p2b: Zoroark|Illusion\n|move|p2a: Vanilluxe|Blizzard|p1a: Gardevoir\n|-damage|p1a: Gardevoir|18/100\n|\n|-weather|Snowscape|[upkeep]\n|upkeep\n|\n|t:|1776020893\n|switch|p1b: Rotom|Rotom-Heat, L50|100/100\n|turn|4\n|\n|t:|1776020905\n|move|p1a: Gardevoir|Protect|p1a: Gardevoir\n|-singleturn|p1a: Gardevoir|Protect\n|move|p1b: Rotom|Discharge|p2b: Zoroark|[spread] p2a,p2b\n|-activate|p1a: Gardevoir|move: Protect\n|-damage|p2a: Vanilluxe|80/100\n|-damage|p2b: Zoroark|0 fnt\n|faint|p2b: Zoroark\n|move|p2a: Vanilluxe|Aurora Veil|p2a: Vanilluxe\n|-sidestart|p2: Jah_08|move: Aurora Veil\n|\n|-weather|Snowscape|[upkeep]\n|upkeep\n|\n|t:|1776020916\n|switch|p2b: Chandelure|Chandelure, L50, F, shiny|100/100\n|turn|5\n|inactive|bampu401 has 30 seconds left.\n|\n|t:|1776020944\n|detailschange|p2b: Chandelure|Chandelure-Mega, L50, F, shiny\n|-mega|p2b: Chandelure|Chandelure|Chandelurite\n|move|p1b: Rotom|Discharge|p2b: Chandelure|[spread] p1a,p2a,p2b\n|-damage|p1a: Gardevoir|4/100\n|-damage|p2a: Vanilluxe|67/100\n|-damage|p2b: Chandelure|78/100\n|move|p2b: Chandelure|Substitute|p2b: Chandelure\n|-start|p2b: Chandelure|Substitute\n|-damage|p2b: Chandelure|53/100\n|move|p1a: Gardevoir|Psyshock|p2b: Chandelure\n|-end|p2b: Chandelure|Substitute\n|move|p2a: Vanilluxe|Blizzard|p1b: Rotom|[spread] p1a,p1b\n|-resisted|p1b: Rotom|1\n|-damage|p1a: Gardevoir|0 fnt\n|-damage|p1b: Rotom|82/100\n|faint|p1a: Gardevoir\n|\n|-weather|Snowscape|[upkeep]\n|upkeep\n|\n|t:|1776020958\n|switch|p1a: Gyarados|Gyarados, L50, F|100/100\n|-ability|p1a: Gyarados|Intimidate|boost\n|-unboost|p2a: Vanilluxe|atk|1\n|-unboost|p2b: Chandelure|atk|1\n|turn|6\n|inactive|bampu401 has 30 seconds left.\n|inactive|Jah_08 has 30 seconds left.\n|\n|t:|1776020992\n|move|p1b: Rotom|Discharge|p2b: Chandelure|[spread] p1a,p2a,p2b\n|-supereffective|p1a: Gyarados|2\n|-damage|p1a: Gyarados|11/100\n|-damage|p2a: Vanilluxe|53/100\n|-damage|p2b: Chandelure|30/100\n|-status|p1a: Gyarados|par\n|move|p2b: Chandelure|Shadow Ball|p1b: Rotom\n|-damage|p1b: Rotom|19/100\n|move|p2a: Vanilluxe|Freeze-Dry|p1a: Gyarados\n|-supereffective|p1a: Gyarados|2\n|-damage|p1a: Gyarados|0 fnt\n|faint|p1a: Gyarados\n|\n|-weather|Snowscape|[upkeep]\n|upkeep\n|turn|7\n|\n|t:|1776021014\n|move|p1b: Rotom|Discharge|p2b: Chandelure|[spread] p2a,p2b\n|-damage|p2a: Vanilluxe|41/100\n|-damage|p2b: Chandelure|8/100\n|-enditem|p2a: Vanilluxe|Sitrus Berry|[eat]\n|-heal|p2a: Vanilluxe|66/100|[from] item: Sitrus Berry\n|move|p2b: Chandelure|Shadow Ball|p1b: Rotom\n|-damage|p1b: Rotom|0 fnt\n|faint|p1b: Rotom\n|\n|win|Jah_08\n|raw|bampu401's rating: 1251 &rarr; <strong>1225</strong><br />(-26 for losing)\n|raw|Jah_08's rating: 1231 &rarr; <strong>1257</strong><br />(+26 for winning)\n",
  "uploadtime": 1776021037,
  "views": 33,
  "formatid": "gen9championsvgc2026regma",
  "rating": 1225,
  "private": 0,
  "password": null
}