{
  "id": "gen9championsvgc2026regma-2587229087",
  "format": "[Gen 9 Champions] VGC 2026 Reg M-A",
  "players": [
    "gurbederbeste",
    "FranekBucz"
  ],
  "log": "|j|\u2606gurbederbeste\n|j|\u2606FranekBucz\n|t:|1776511823\n|gametype|doubles\n|player|p1|gurbederbeste|pryce|1155\n|player|p2|FranekBucz|ghetsis|1085\n|gen|9\n|tier|[Gen 9 Champions] VGC 2026 Reg M-A\n|rated|\n|rule|Species Clause: Limit one of each Pok\u00e9mon\n|rule|Item Clause: Limit 1 of each item\n|clearpoke\n|poke|p1|Golurk, L50|\n|poke|p1|Farigiraf, L50, F|\n|poke|p1|Incineroar, L50, M|\n|poke|p1|Torkoal, L50, M|\n|poke|p1|Sneasler, L50, M|\n|poke|p1|Venusaur, L50, M|\n|poke|p2|Incineroar, L50, M|\n|poke|p2|Garchomp, L50, M, shiny|\n|poke|p2|Kingambit, L50, F, shiny|\n|poke|p2|Lucario, L50, F, shiny|\n|poke|p2|Rotom-Wash, L50|\n|poke|p2|Sinistcha, L50|\n|teampreview|4\n|inactive|Battle timer is ON: inactive players will automatically lose when time's up. (requested by FranekBucz)\nFranekBucz has agreed to open team sheets.\n|\n|t:|1776511848\n|teamsize|p1|4\n|teamsize|p2|4\n|start\n|switch|p1a: Farigiraf|Farigiraf, L50, F|100/100\n|switch|p1b: Sneasler|Sneasler, L50, M|100/100\n|switch|p2a: Wolfe|Incineroar, L50, M|100/100\n|switch|p2b: Jaruzelski|Lucario, L50, F, shiny|100/100\n|-ability|p2a: Wolfe|Intimidate|boost\n|-unboost|p1a: Farigiraf|atk|1\n|-unboost|p1b: Sneasler|atk|1\n|-enditem|p1b: Sneasler|White Herb\n|-clearnegativeboost|p1b: Sneasler|[silent]\n|turn|1\n|\n|t:|1776511867\n|switch|p2a: Starbucks|Sinistcha, L50|100/100\n|detailschange|p2b: Jaruzelski|Lucario-Mega, L50, F, shiny\n|-mega|p2b: Jaruzelski|Lucario|Lucarionite\n|move|p2b: Jaruzelski|Protect|p2b: Jaruzelski\n|-singleturn|p2b: Jaruzelski|Protect\n|move|p1b: Sneasler|Close Combat|p2a: Starbucks\n|-immune|p2a: Starbucks\n|move|p1a: Farigiraf|Trick Room|p1a: Farigiraf\n|-fieldstart|move: Trick Room|[of] p1a: Farigiraf\n|\n|upkeep\n|turn|2\n|\n|t:|1776511886\n|move|p2a: Starbucks|Rage Powder|p2a: Starbucks\n|-singleturn|p2a: Starbucks|move: Rage Powder\n|move|p1a: Farigiraf|Psychic|p2a: Starbucks\n|-damage|p2a: Starbucks|68/100\n|move|p2b: Jaruzelski|Flash Cannon|p1a: Farigiraf\n|-damage|p1a: Farigiraf|47/100\n|-enditem|p1a: Farigiraf|Sitrus Berry|[eat]\n|-heal|p1a: Farigiraf|72/100|[from] item: Sitrus Berry\n|move|p1b: Sneasler|Dire Claw|p2a: Starbucks\n|-damage|p2a: Starbucks|32/100\n|-status|p2a: Starbucks|slp\n|\n|-heal|p2a: Starbucks|38/100 slp|[from] item: Leftovers\n|upkeep\n|turn|3\n|c|\u2606FranekBucz|you've got to be fucking kidding me\n|\n|t:|1776511911\n|switch|p2a: Wolfe|Incineroar, L50, M|100/100\n|-ability|p2a: Wolfe|Intimidate|boost\n|-unboost|p1a: Farigiraf|atk|1\n|-unboost|p1b: Sneasler|atk|1\n|switch|p1b: Torkoal|Torkoal, L50, M|100/100\n|-weather|SunnyDay|[from] ability: Drought|[of] p1b: Torkoal\n|move|p2b: Jaruzelski|Protect|p2b: Jaruzelski\n|-singleturn|p2b: Jaruzelski|Protect\n|move|p1a: Farigiraf|Psychic|p2b: Jaruzelski\n|-activate|p2b: Jaruzelski|move: Protect\n|\n|-weather|SunnyDay|[upkeep]\n|upkeep\n|turn|4\n|inactive|FranekBucz has 30 seconds left.\n|\n|t:|1776511938\n|switch|p2b: Starbucks|Sinistcha, L50|38/100 slp\n|move|p1a: Farigiraf|Helping Hand|p1b: Torkoal\n|-singleturn|p1b: Torkoal|Helping Hand|[of] p1a: Farigiraf\n|move|p1b: Torkoal|Eruption|p2b: Starbucks|[spread] p2a,p2b\n|-resisted|p2a: Wolfe|1\n|-supereffective|p2b: Starbucks|1\n|-damage|p2a: Wolfe|40/100\n|-damage|p2b: Starbucks|0 fnt\n|-enditem|p2a: Wolfe|Sitrus Berry|[eat]\n|-heal|p2a: Wolfe|65/100|[from] item: Sitrus Berry\n|faint|p2b: Starbucks\n|move|p2a: Wolfe|Throat Chop|p1a: Farigiraf\n|-supereffective|p1a: Farigiraf|1\n|-damage|p1a: Farigiraf|8/100\n|-start|p1a: Farigiraf|Throat Chop|[silent]\n|\n|-weather|SunnyDay|[upkeep]\n|upkeep\n|\n|t:|1776511945\n|switch|p2b: Jaruzelski|Lucario-Mega, L50, F, shiny|100/100\n|turn|5\n|\n|t:|1776511962\n|switch|p1a: Sneasler|Sneasler, L50, M|100/100\n|move|p2b: Jaruzelski|Protect|p2b: Jaruzelski\n|-singleturn|p2b: Jaruzelski|Protect\n|move|p1b: Torkoal|Eruption|p2b: Jaruzelski|[spread] p2a\n|-activate|p2b: Jaruzelski|move: Protect\n|-resisted|p2a: Wolfe|1\n|-damage|p2a: Wolfe|24/100\n|move|p2a: Wolfe|Flare Blitz|p1b: Torkoal\n|-resisted|p1b: Torkoal|1\n|-damage|p1b: Torkoal|64/100\n|-damage|p2a: Wolfe|14/100|[from] Recoil\n|\n|-weather|SunnyDay|[upkeep]\n|-fieldend|move: Trick Room\n|upkeep\n|turn|6\n|inactive|gurbederbeste has 30 seconds left.\n|\n|t:|1776511992\n|switch|p2a: Checkmate|Kingambit, L50, F, shiny|100/100\n|move|p1a: Sneasler|Close Combat|p2a: Checkmate\n|-supereffective|p2a: Checkmate|2\n|-enditem|p2a: Checkmate|Focus Sash\n|-damage|p2a: Checkmate|1/100\n|-unboost|p1a: Sneasler|def|1\n|-unboost|p1a: Sneasler|spd|1\n|move|p2b: Jaruzelski|Aura Sphere|p1b: Torkoal\n|-crit|p1b: Torkoal\n|-damage|p1b: Torkoal|0 fnt\n|faint|p1b: Torkoal\n|\n|-weather|SunnyDay|[upkeep]\n|upkeep\n|c|\u2606gurbederbeste|you've got to be fucking kidding me\n|\n|t:|1776512017\n|switch|p1b: Farigiraf|Farigiraf, L50, F|8/100\n|turn|7\n|\n|t:|1776512037\n|move|p2a: Checkmate|Sucker Punch||[still]\n|cant|p1b: Farigiraf|ability: Armor Tail|Sucker Punch|[of] p2a: Checkmate\n|move|p1a: Sneasler|Close Combat|p2a: Checkmate\n|-supereffective|p2a: Checkmate|2\n|-damage|p2a: Checkmate|0 fnt\n|-unboost|p1a: Sneasler|def|1\n|-unboost|p1a: Sneasler|spd|1\n|faint|p2a: Checkmate\n|move|p2b: Jaruzelski|Flash Cannon|p1b: Farigiraf\n|-damage|p1b: Farigiraf|0 fnt\n|faint|p1b: Farigiraf\n|\n|-weather|none\n|upkeep\n|\n|t:|1776512046\n|switch|p1b: Golurk|Golurk, L50|100/100\n|switch|p2a: Wolfe|Incineroar, L50, M|14/100\n|-ability|p2a: Wolfe|Intimidate|boost\n|-unboost|p1a: Sneasler|atk|1\n|-unboost|p1b: Golurk|atk|1\n|turn|8\n|\n|t:|1776512066\n|detailschange|p1b: Golurk|Golurk-Mega, L50\n|-mega|p1b: Golurk|Golurk|Golurkite\n|move|p2a: Wolfe|Fake Out|p1a: Sneasler\n|-damage|p1a: Sneasler|61/100\n|cant|p1a: Sneasler|flinch\n|move|p2b: Jaruzelski|Flash Cannon|p1b: Golurk\n|-damage|p1b: Golurk|45/100\n|move|p1b: Golurk|Headlong Rush|p2b: Jaruzelski\n|-supereffective|p2b: Jaruzelski|1\n|-damage|p2b: Jaruzelski|0 fnt\n|-unboost|p1b: Golurk|def|1\n|-unboost|p1b: Golurk|spd|1\n|faint|p2b: Jaruzelski\n|\n|upkeep\n|turn|9\n|\n|t:|1776512081\n|move|p1a: Sneasler|Close Combat|p2a: Wolfe\n|-supereffective|p2a: Wolfe|1\n|-damage|p2a: Wolfe|0 fnt\n|-unboost|p1a: Sneasler|def|1\n|-unboost|p1a: Sneasler|spd|1\n|faint|p2a: Wolfe\n|\n|win|gurbederbeste\n|raw|gurbederbeste's rating: 1155 &rarr; <strong>1175</strong><br />(+20 for winning)\n|raw|FranekBucz's rating: 1085 &rarr; <strong>1067</strong><br />(-18 for losing)\n|l|\u2606FranekBucz\n|player|p2|\n",
  "uploadtime": 1776512094,
  "views": 22,
  "formatid": "gen9championsvgc2026regma",
  "rating": 1067,
  "private": 0,
  "password": null
}