{
  "id": "gen9championsvgc2026regma-2580656466",
  "format": "[Gen 9 Champions] VGC 2026 Reg M-A",
  "players": [
    "JustJakeyVGC",
    "hooknitesummit"
  ],
  "log": "|j|\u2606JustJakeyVGC\n|j|\u2606hooknitesummit\n|t:|1775921819\n|gametype|doubles\n|player|p1|JustJakeyVGC|169|1106\n|player|p2|hooknitesummit|2|1104\n|gen|9\n|tier|[Gen 9 Champions] VGC 2026 Reg M-A\n|rated|\n|rule|Species Clause: Limit one of each Pok\u00e9mon\n|rule|Item Clause: Limit 1 of each item\n|clearpoke\n|poke|p1|Whimsicott, L50, F|\n|poke|p1|Gengar, L50, F|\n|poke|p1|Incineroar, L50, M|\n|poke|p1|Basculegion, L50, M|\n|poke|p1|Sneasler, L50, F|\n|poke|p1|Farigiraf, L50, F|\n|poke|p2|Glimmora, L50, M|\n|poke|p2|Orthworm, L50, M|\n|poke|p2|Skarmory, L50, M|\n|poke|p2|Garchomp, L50, M|\n|poke|p2|Primarina, L50, M|\n|poke|p2|Incineroar, L50, F|\n|teampreview|4\n|\n|t:|1775921836\n|teamsize|p1|4\n|teamsize|p2|4\n|start\n|switch|p1a: Gengar|Gengar, L50, F|100/100\n|switch|p1b: Incineroar|Incineroar, L50, M|100/100\n|switch|p2a: Primarina|Primarina, L50, M|100/100\n|switch|p2b: Incineroar|Incineroar, L50, F|100/100\n|-ability|p2b: Incineroar|Intimidate|boost\n|-unboost|p1a: Gengar|atk|1\n|-unboost|p1b: Incineroar|atk|1\n|-ability|p1b: Incineroar|Intimidate|boost\n|-unboost|p2a: Primarina|atk|1\n|-unboost|p2b: Incineroar|atk|1\n|turn|1\n|\n|t:|1775921853\n|detailschange|p1a: Gengar|Gengar-Mega, L50, F\n|-mega|p1a: Gengar|Gengar|Gengarite\n|move|p2a: Primarina|Protect|p2a: Primarina\n|-singleturn|p2a: Primarina|Protect\n|move|p1b: Incineroar|Fake Out|p2b: Incineroar\n|-damage|p2b: Incineroar|93/100\n|move|p1a: Gengar|Nasty Plot|p1a: Gengar\n|-boost|p1a: Gengar|spa|2\n|cant|p2b: Incineroar|flinch\n|\n|upkeep\n|turn|2\n|\n|t:|1775921874\n|move|p1a: Gengar|Protect|p1a: Gengar\n|-singleturn|p1a: Gengar|Protect\n|move|p2b: Incineroar|Darkest Lariat|p1a: Gengar\n|-activate|p1a: Gengar|move: Protect\n|move|p2a: Primarina|Hyper Voice|p1a: Gengar|[spread] p1b\n|-activate|p1a: Gengar|move: Protect\n|-supereffective|p1b: Incineroar|1\n|-damage|p1b: Incineroar|48/100\n|-enditem|p1b: Incineroar|Sitrus Berry|[eat]\n|-heal|p1b: Incineroar|73/100|[from] item: Sitrus Berry\n|move|p1b: Incineroar|Parting Shot|p2a: Primarina\n|-unboost|p2a: Primarina|atk|1\n|-unboost|p2a: Primarina|spa|1\n|\n|t:|1775921886\n|switch|p1b: Basculegion|Basculegion, L50, M|100/100|[from] Parting Shot\n|\n|upkeep\n|turn|3\n|\n|t:|1775921896\n|move|p1b: Basculegion|Wave Crash|p2b: Incineroar\n|-supereffective|p2b: Incineroar|1\n|-damage|p2b: Incineroar|0 fnt\n|faint|p2b: Incineroar\n|-damage|p1b: Basculegion|74/100|[from] Recoil\n|move|p1a: Gengar|Shadow Ball|p2a: Primarina\n|-damage|p2a: Primarina|20/100\n|move|p2a: Primarina|Moonblast|p1b: Basculegion\n|-damage|p1b: Basculegion|34/100\n|\n|-heal|p2a: Primarina|26/100|[from] item: Leftovers\n|upkeep\n|\n|t:|1775921916\n|switch|p2b: Garchomp|Garchomp, L50, M|100/100\n|turn|4\n|\n|t:|1775921927\n|switch|p1b: Whimsicott|Whimsicott, L50, F|100/100\n|move|p1a: Gengar|Protect|p1a: Gengar\n|-singleturn|p1a: Gengar|Protect\n|move|p2a: Primarina|Protect|p2a: Primarina\n|-singleturn|p2a: Primarina|Protect\n|move|p2b: Garchomp|Earthquake|p1a: Gengar|[spread] p1b\n|-activate|p2a: Primarina|move: Protect\n|-activate|p1a: Gengar|move: Protect\n|-resisted|p1b: Whimsicott|1\n|-damage|p1b: Whimsicott|79/100\n|\n|-heal|p2a: Primarina|32/100|[from] item: Leftovers\n|upkeep\n|turn|5\n|\n|t:|1775921948\n|move|p1b: Whimsicott|Tailwind|p1b: Whimsicott\n|-sidestart|p1: JustJakeyVGC|move: Tailwind\n|move|p1a: Gengar|Dazzling Gleam|p2b: Garchomp|[spread] p2a,p2b\n|-supereffective|p2b: Garchomp|1\n|-damage|p2a: Primarina|0 fnt\n|-damage|p2b: Garchomp|5/100\n|faint|p2a: Primarina\n|move|p2b: Garchomp|Dragon Claw|p1a: Gengar\n|-damage|p1a: Gengar|49/100\n|\n|upkeep\n|\n|t:|1775921957\n|switch|p2a: Glimmora|Glimmora, L50, M|100/100\n|turn|6\n|\n|t:|1775921990\n|detailschange|p2a: Glimmora|Glimmora-Mega, L50, M\n|-mega|p2a: Glimmora|Glimmora|Glimmoranite\n|move|p1a: Gengar|Protect|p1a: Gengar\n|-singleturn|p1a: Gengar|Protect\n|move|p2b: Garchomp|Protect|p2b: Garchomp\n|-singleturn|p2b: Garchomp|Protect\n|move|p1b: Whimsicott|Fake Tears|p2a: Glimmora\n|-unboost|p2a: Glimmora|spd|2\n|move|p2a: Glimmora|Sludge Wave|p1a: Gengar|[spread] p1b\n|-activate|p2b: Garchomp|move: Protect\n|-activate|p1a: Gengar|move: Protect\n|-supereffective|p1b: Whimsicott|2\n|-damage|p1b: Whimsicott|0 fnt\n|faint|p1b: Whimsicott\n|\n|upkeep\n|\n|t:|1775922007\n|switch|p1b: Basculegion|Basculegion, L50, M|34/100\n|turn|7\n|\n|t:|1775922022\n|move|p1b: Basculegion|Flip Turn|p2b: Garchomp\n|-damage|p2b: Garchomp|0 fnt\n|-damage|p1b: Basculegion|21/100|[from] ability: Rough Skin|[of] p2b: Garchomp\n|faint|p2b: Garchomp\n|\n|t:|1775922027\n|switch|p1b: Incineroar|Incineroar, L50, M|73/100|[from] Flip Turn\n|-ability|p1b: Incineroar|Intimidate|boost\n|-unboost|p2a: Glimmora|atk|1\n|move|p1a: Gengar|Shadow Ball|p2a: Glimmora\n|-damage|p2a: Glimmora|0 fnt\n|faint|p2a: Glimmora\n|\n|win|JustJakeyVGC\n|raw|JustJakeyVGC's rating: 1106 &rarr; <strong>1131</strong><br />(+25 for winning)\n|raw|hooknitesummit's rating: 1104 &rarr; <strong>1079</strong><br />(-25 for losing)\n|l|\u2606hooknitesummit\n|player|p2|\n",
  "uploadtime": 1775922038,
  "views": 16,
  "formatid": "gen9championsvgc2026regma",
  "rating": 1079,
  "private": 0,
  "password": null
}