{
  "id": "gen9championsvgc2026regma-2582901820",
  "format": "[Gen 9 Champions] VGC 2026 Reg M-A",
  "players": [
    "OnToTheOther",
    "Whatever0512"
  ],
  "log": "|j|\u2606OnToTheOther\n|j|\u2606Whatever0512\n|t:|1776123429\n|gametype|doubles\n|player|p1|OnToTheOther|ingo|1126\n|player|p2|Whatever0512|1|1052\n|gen|9\n|tier|[Gen 9 Champions] VGC 2026 Reg M-A\n|rated|\n|rule|Species Clause: Limit one of each Pok\u00e9mon\n|rule|Item Clause: Limit 1 of each item\n|clearpoke\n|poke|p1|Beedrill, L50, F|\n|poke|p1|Lucario, L50, F|\n|poke|p1|Hydreigon, L50, F|\n|poke|p1|Volcarona, L50, F|\n|poke|p1|Aerodactyl, L50, F|\n|poke|p1|Rotom-Mow, L50|\n|poke|p2|Gengar, L50, M|\n|poke|p2|Incineroar, L50, M|\n|poke|p2|Kommo-o, L50, M|\n|poke|p2|Sinistcha, L50|\n|poke|p2|Politoed, L50, M|\n|poke|p2|Corviknight, L50, M|\n|teampreview|4\n|\n|t:|1776123484\n|teamsize|p1|4\n|teamsize|p2|4\n|start\n|switch|p1a: Hydreigon|Hydreigon, L50, F|100/100\n|switch|p1b: Volcarona|Volcarona, L50, F|100/100\n|switch|p2a: Gengar|Gengar, L50, M|100/100\n|switch|p2b: Incineroar|Incineroar, L50, M|100/100\n|-ability|p2b: Incineroar|Intimidate|boost\n|-unboost|p1a: Hydreigon|atk|1\n|-unboost|p1b: Volcarona|atk|1\n|turn|1\n|inactive|Battle timer is ON: inactive players will automatically lose when time's up. (requested by OnToTheOther)\n|\n|t:|1776123507\n|switch|p2a: Kommo-o|Kommo-o, L50, M|100/100\n|move|p1b: Volcarona|Rage Powder|p1b: Volcarona\n|-singleturn|p1b: Volcarona|move: Rage Powder\n|move|p1a: Hydreigon|Dark Pulse|p2a: Kommo-o\n|-resisted|p2a: Kommo-o|1\n|-damage|p2a: Kommo-o|81/100\n|move|p2b: Incineroar|Flare Blitz|p1b: Volcarona\n|-damage|p1b: Volcarona|55/100\n|-damage|p2b: Incineroar|86/100|[from] Recoil\n|\n|-heal|p2a: Kommo-o|87/100|[from] item: Leftovers\n|-heal|p1b: Volcarona|61/100|[from] item: Leftovers\n|upkeep\n|turn|2\n|inactive|OnToTheOther has 30 seconds left.\n|inactive|Whatever0512 has 30 seconds left.\n|inactive|Whatever0512 has 20 seconds left.\n|\n|t:|1776123546\n|switch|p2a: Corviknight|Corviknight, L50, M|100/100\n|move|p1a: Hydreigon|Draco Meteor|p2a: Corviknight\n|-resisted|p2a: Corviknight|1\n|-damage|p2a: Corviknight|69/100\n|-unboost|p1a: Hydreigon|spa|2\n|move|p1b: Volcarona|Quiver Dance|p1b: Volcarona\n|-boost|p1b: Volcarona|spa|1\n|-boost|p1b: Volcarona|spd|1\n|-boost|p1b: Volcarona|spe|1\n|move|p2b: Incineroar|Parting Shot|p1a: Hydreigon\n|-unboost|p1a: Hydreigon|atk|1\n|-unboost|p1a: Hydreigon|spa|1\n|\n|t:|1776123560\n|switch|p2b: Kommo-o|Kommo-o, L50, M|87/100|[from] Parting Shot\n|\n|-heal|p1b: Volcarona|68/100|[from] item: Leftovers\n|-heal|p2b: Kommo-o|94/100|[from] item: Leftovers\n|upkeep\n|turn|3\n|\n|t:|1776123577\n|switch|p1a: Rotom|Rotom-Mow, L50|100/100\n|switch|p2a: Incineroar|Incineroar, L50, M|86/100\n|-ability|p2a: Incineroar|Intimidate|boost\n|-unboost|p1a: Rotom|atk|1\n|-unboost|p1b: Volcarona|atk|1\n|move|p1b: Volcarona|Flamethrower|p2a: Incineroar\n|-resisted|p2a: Incineroar|1\n|-damage|p2a: Incineroar|59/100\n|move|p2b: Kommo-o|Clangorous Soul|p2b: Kommo-o\n|-boost|p2b: Kommo-o|atk|1\n|-boost|p2b: Kommo-o|def|1\n|-boost|p2b: Kommo-o|spa|1\n|-boost|p2b: Kommo-o|spd|1\n|-boost|p2b: Kommo-o|spe|1\n|-damage|p2b: Kommo-o|61/100\n|\n|-heal|p2b: Kommo-o|67/100|[from] item: Leftovers\n|-heal|p1b: Volcarona|74/100|[from] item: Leftovers\n|upkeep\n|turn|4\n|inactive|OnToTheOther has 30 seconds left.\n|inactive|Whatever0512 has 30 seconds left.\n|inactive|OnToTheOther has 20 seconds left.\n|\n|t:|1776123614\n|move|p1b: Volcarona|Protect|p1b: Volcarona\n|-singleturn|p1b: Volcarona|Protect\n|move|p2a: Incineroar|Fake Out|p1a: Rotom\n|-damage|p1a: Rotom|87/100\n|cant|p1a: Rotom|flinch\n|move|p2b: Kommo-o|Clangorous Soul|p2b: Kommo-o\n|-boost|p2b: Kommo-o|atk|1\n|-boost|p2b: Kommo-o|def|1\n|-boost|p2b: Kommo-o|spa|1\n|-boost|p2b: Kommo-o|spd|1\n|-boost|p2b: Kommo-o|spe|1\n|-damage|p2b: Kommo-o|34/100\n|\n|-heal|p2b: Kommo-o|40/100|[from] item: Leftovers\n|-heal|p1b: Volcarona|80/100|[from] item: Leftovers\n|upkeep\n|turn|5\n|inactive|Whatever0512 has 30 seconds left.\n|inactive|Whatever0512 has 20 seconds left.\n|inactive|Whatever0512 has 15 seconds left.\n|inactive|Whatever0512 has 10 seconds left.\n|\n|t:|1776123662\n|move|p2b: Kommo-o|Clanging Scales|p1b: Volcarona|[spread] p1a,p1b\n|-damage|p1a: Rotom|7/100\n|-damage|p1b: Volcarona|41/100\n|-unboost|p2b: Kommo-o|def|1\n|move|p1a: Rotom|Volt Switch|p2a: Incineroar\n|-damage|p2a: Incineroar|33/100\n|-enditem|p2a: Incineroar|Sitrus Berry|[eat]\n|-heal|p2a: Incineroar|58/100|[from] item: Sitrus Berry\n|\n|t:|1776123672\n|switch|p1a: Beedrill|Beedrill, L50, F|100/100|[from] Volt Switch\n|move|p1b: Volcarona|Flamethrower|p2b: Kommo-o\n|-resisted|p2b: Kommo-o|1\n|-damage|p2b: Kommo-o|25/100\n|move|p2a: Incineroar|Flare Blitz|p1a: Beedrill\n|-supereffective|p1a: Beedrill|1\n|-damage|p1a: Beedrill|0 fnt\n|faint|p1a: Beedrill\n|-damage|p2a: Incineroar|35/100|[from] Recoil\n|\n|-heal|p2b: Kommo-o|31/100|[from] item: Leftovers\n|-heal|p1b: Volcarona|47/100|[from] item: Leftovers\n|upkeep\n|\n|t:|1776123683\n|switch|p1a: Hydreigon|Hydreigon, L50, F|100/100\n|turn|6\n|\n|t:|1776123693\n|move|p1b: Volcarona|Rage Powder|p1b: Volcarona\n|-singleturn|p1b: Volcarona|move: Rage Powder\n|move|p2b: Kommo-o|Clanging Scales|p1b: Volcarona|[spread] p1a,p1b\n|-supereffective|p1a: Hydreigon|1\n|-damage|p1a: Hydreigon|0 fnt\n|-damage|p1b: Volcarona|11/100\n|faint|p1a: Hydreigon\n|-unboost|p2b: Kommo-o|def|1\n|move|p2a: Incineroar|Flare Blitz|p1b: Volcarona\n|-damage|p1b: Volcarona|0 fnt\n|faint|p1b: Volcarona\n|-damage|p2a: Incineroar|31/100|[from] Recoil\n|\n|-heal|p2b: Kommo-o|37/100|[from] item: Leftovers\n|upkeep\n|-message|OnToTheOther forfeited.\n|\n|win|Whatever0512\n|raw|OnToTheOther's rating: 1126 &rarr; <strong>1096</strong><br />(-30 for losing)\n|raw|Whatever0512's rating: 1052 &rarr; <strong>1091</strong><br />(+39 for winning)\n|l|\u2606OnToTheOther\n|player|p1|\n",
  "uploadtime": 1776123704,
  "views": 33,
  "formatid": "gen9championsvgc2026regma",
  "rating": 1091,
  "private": 0,
  "password": null
}