{
  "id": "gen9championsvgc2026regma-2583022666",
  "format": "[Gen 9 Champions] VGC 2026 Reg M-A",
  "players": [
    "akechi_c",
    "sammyvv"
  ],
  "log": "|j|\u2606akechi_c\n|j|\u2606sammyvv\n|t:|1776134184\n|gametype|doubles\n|player|p1|akechi_c|2|1145\n|player|p2|sammyvv|n|1130\n|gen|9\n|tier|[Gen 9 Champions] VGC 2026 Reg M-A\n|rated|\n|rule|Species Clause: Limit one of each Pok\u00e9mon\n|rule|Item Clause: Limit 1 of each item\n|clearpoke\n|poke|p1|Cofagrigus, L50, F|\n|poke|p1|Toxapex, L50, M|\n|poke|p1|Glimmora, L50, F|\n|poke|p1|Chesnaught, L50, F|\n|poke|p1|Scovillain, L50, F|\n|poke|p1|Rotom-Heat, L50|\n|poke|p2|Abomasnow, L50, F|\n|poke|p2|Hatterene, L50, F|\n|poke|p2|Avalugg-Hisui, L50, F|\n|poke|p2|Kingambit, L50, M|\n|poke|p2|Milotic, L50, F|\n|poke|p2|Incineroar, L50, F|\n|teampreview|4\n|\n|t:|1776134221\n|teamsize|p1|4\n|teamsize|p2|4\n|start\n|switch|p1a: Cofagrigus|Cofagrigus, L50, F|100/100\n|switch|p1b: Toxapex|Toxapex, L50, M|100/100\n|switch|p2a: Abomasnow|Abomasnow, L50, F, shiny|100/100\n|switch|p2b: Hatterene|Hatterene, L50, F|100/100\n|-weather|Snowscape|[from] ability: Snow Warning|[of] p2a: Abomasnow\n|turn|1\n|\n|t:|1776134249\n|detailschange|p2a: Abomasnow|Abomasnow-Mega, L50, F, shiny\n|-mega|p2a: Abomasnow|Abomasnow|Abomasite\n|move|p1b: Toxapex|Toxic|p2a: Abomasnow\n|-status|p2a: Abomasnow|tox\n|move|p2a: Abomasnow|Aurora Veil|p2a: Abomasnow\n|-sidestart|p2: sammyvv|move: Aurora Veil\n|move|p1a: Cofagrigus|Skill Swap|p2b: Hatterene\n|-activate|p1a: Cofagrigus|Skill Swap|Magic Bounce|Mummy|[of] p2b: Hatterene\n|move|p2b: Hatterene|Trick Room|p2b: Hatterene\n|-fieldstart|move: Trick Room|[of] p2b: Hatterene\n|\n|-weather|Snowscape|[upkeep]\n|-damage|p2a: Abomasnow|95/100 tox|[from] psn\n|upkeep\n|turn|2\n|\n|t:|1776134271\n|switch|p2b: Incineroar|Incineroar, L50, F, shiny|100/100\n|-ability|p2b: Incineroar|Intimidate|boost\n|-unboost|p1a: Cofagrigus|atk|1\n|-unboost|p1b: Toxapex|atk|1\n|move|p2a: Abomasnow|Leech Seed|p1b: Toxapex\n|-start|p1b: Toxapex|move: Leech Seed\n|move|p1a: Cofagrigus|Body Press|p2a: Abomasnow\n|-supereffective|p2a: Abomasnow|1\n|-damage|p2a: Abomasnow|66/100 tox\n|move|p1b: Toxapex|Toxic|p2b: Incineroar\n|-status|p2b: Incineroar|tox\n|\n|-weather|Snowscape|[upkeep]\n|-damage|p1b: Toxapex|88/100|[from] Leech Seed|[of] p2a: Abomasnow\n|-heal|p2a: Abomasnow|77/100 tox|[silent]\n|-damage|p2a: Abomasnow|65/100 tox|[from] psn\n|-damage|p2b: Incineroar|95/100 tox|[from] psn\n|upkeep\n|turn|3\n|\n|t:|1776134292\n|switch|p2a: Milotic|Milotic, L50, F, shiny|100/100\n|move|p1b: Toxapex|Baneful Bunker|p1b: Toxapex\n|-singleturn|p1b: Toxapex|move: Protect\n|move|p1a: Cofagrigus|Body Press|p2b: Incineroar\n|-supereffective|p2b: Incineroar|1\n|-damage|p2b: Incineroar|44/100 tox\n|-enditem|p2b: Incineroar|Sitrus Berry|[eat]\n|-heal|p2b: Incineroar|69/100 tox|[from] item: Sitrus Berry\n|move|p2b: Incineroar|Parting Shot|p1a: Cofagrigus\n|move|p1a: Cofagrigus|Parting Shot|p2b: Incineroar|[from] ability: Magic Bounce\n|-unboost|p2b: Incineroar|atk|1\n|-unboost|p2b: Incineroar|spa|1\n|\n|t:|1776134308\n|switch|p1a: Chesnaught|Chesnaught, L50, F|100/100|[from] Parting Shot\n|\n|-weather|Snowscape|[upkeep]\n|-damage|p1b: Toxapex|76/100|[from] Leech Seed|[of] p2a: Milotic\n|-damage|p2b: Incineroar|57/100 tox|[from] psn\n|upkeep\n|turn|4\n|\n|t:|1776134325\n|detailschange|p1a: Chesnaught|Chesnaught-Mega, L50, F\n|-mega|p1a: Chesnaught|Chesnaught|Chesnaughtite\n|move|p1b: Toxapex|Toxic|p2a: Milotic\n|-status|p2a: Milotic|tox\n|-enditem|p2a: Milotic|Lum Berry|[eat]\n|-curestatus|p2a: Milotic|tox|[msg]\n|move|p1a: Chesnaught|Thunder Punch|p2a: Milotic\n|-supereffective|p2a: Milotic|1\n|-damage|p2a: Milotic|68/100\n|move|p2b: Incineroar|Parting Shot|p1b: Toxapex\n|-unboost|p1b: Toxapex|atk|1\n|-unboost|p1b: Toxapex|spa|1\n|\n|t:|1776134345\n|switch|p2b: Abomasnow|Abomasnow-Mega, L50, F, shiny|65/100 tox|[from] Parting Shot\n|move|p2a: Milotic|Blizzard|p1a: Chesnaught|[spread] p1a,p1b\n|-supereffective|p1a: Chesnaught|1\n|-resisted|p1b: Toxapex|1\n|-damage|p1a: Chesnaught|57/100\n|-damage|p1b: Toxapex|68/100\n|\n|-weather|Snowscape|[upkeep]\n|-damage|p1b: Toxapex|56/100|[from] Leech Seed|[of] p2a: Milotic\n|-heal|p2a: Milotic|78/100|[silent]\n|-damage|p2b: Abomasnow|59/100 tox|[from] psn\n|upkeep\n|turn|5\n|\n|t:|1776134362\n|switch|p1b: Cofagrigus|Cofagrigus, L50, F|100/100\n|move|p2b: Abomasnow|Blizzard|p1a: Chesnaught|[spread] p1a,p1b\n|-supereffective|p1a: Chesnaught|1\n|-damage|p1a: Chesnaught|0 fnt\n|-damage|p1b: Cofagrigus|58/100\n|faint|p1a: Chesnaught\n|move|p2a: Milotic|Blizzard|p1b: Cofagrigus\n|-damage|p1b: Cofagrigus|22/100\n|\n|-weather|none\n|-heal|p1b: Cofagrigus|27/100|[from] item: Leftovers\n|-damage|p2b: Abomasnow|47/100 tox|[from] psn\n|-sideend|p2: sammyvv|move: Aurora Veil\n|-fieldend|move: Trick Room\n|upkeep\n|\n|t:|1776134371\n|switch|p1a: Toxapex|Toxapex, L50, M|89/100\n|turn|6\n|\n|t:|1776134408\n|switch|p2b: Hatterene|Hatterene, L50, F|100/100\n|move|p2a: Milotic|Protect|p2a: Milotic\n|-singleturn|p2a: Milotic|Protect\n|move|p1a: Toxapex|Toxic|p2a: Milotic\n|-activate|p2a: Milotic|move: Protect\n|move|p1b: Cofagrigus|Body Press|p2b: Hatterene\n|-resisted|p2b: Hatterene|2\n|-damage|p2b: Hatterene|91/100\n|\n|-heal|p1b: Cofagrigus|33/100|[from] item: Leftovers\n|upkeep\n|turn|7\n|\n|t:|1776134431\n|switch|p1b: Scovillain|Scovillain, L50, F|100/100\n|move|p2a: Milotic|Hydro Pump|p1a: Toxapex\n|-resisted|p1a: Toxapex|1\n|-crit|p1a: Toxapex\n|-damage|p1a: Toxapex|65/100\n|move|p1a: Toxapex|Toxic|p2a: Milotic\n|-status|p2a: Milotic|tox\n|move|p2b: Hatterene|Trick Room|p2b: Hatterene\n|-fieldstart|move: Trick Room|[of] p2b: Hatterene\n|\n|-damage|p2a: Milotic|72/100 tox|[from] psn\n|-ability|p1b: Scovillain|Moody|boost\n|-boost|p1b: Scovillain|spe|2\n|-unboost|p1b: Scovillain|spa|1\n|upkeep\n|turn|8\n|\n|t:|1776134468\n|move|p2b: Hatterene|Dazzling Gleam|p1b: Scovillain|[spread] p1a,p1b\n|-resisted|p1a: Toxapex|1\n|-resisted|p1b: Scovillain|1\n|-damage|p1a: Toxapex|57/100\n|-damage|p1b: Scovillain|86/100\n|move|p1a: Toxapex|Recover|p1a: Toxapex\n|-heal|p1a: Toxapex|100/100\n|move|p2a: Milotic|Hydro Pump|p1b: Scovillain\n|-damage|p1b: Scovillain|18/100\n|move|p1b: Scovillain|Giga Drain|p2a: Milotic\n|-supereffective|p2a: Milotic|1\n|-damage|p2a: Milotic|41/100 tox\n|-heal|p1b: Scovillain|38/100|[from] drain|[of] p2a: Milotic\n|\n|-damage|p2a: Milotic|29/100 tox|[from] psn\n|-ability|p1b: Scovillain|Moody|boost\n|-boost|p1b: Scovillain|spd|2\n|-unboost|p1b: Scovillain|atk|1\n|upkeep\n|turn|9\n|\n|t:|1776134497\n|move|p2b: Hatterene|Protect|p2b: Hatterene\n|-singleturn|p2b: Hatterene|Protect\n|move|p1a: Toxapex|Baneful Bunker|p1a: Toxapex\n|-singleturn|p1a: Toxapex|move: Protect\n|move|p2a: Milotic|Rest|p2a: Milotic\n|-status|p2a: Milotic|slp|[from] move: Rest\n|-heal|p2a: Milotic|100/100 slp|[silent]\n|move|p1b: Scovillain|Giga Drain|p2a: Milotic\n|-supereffective|p2a: Milotic|1\n|-damage|p2a: Milotic|67/100 slp\n|-heal|p1b: Scovillain|59/100|[from] drain|[of] p2a: Milotic\n|\n|-ability|p1b: Scovillain|Moody|boost\n|-boost|p1b: Scovillain|spe|2\n|-unboost|p1b: Scovillain|spd|1\n|upkeep\n|turn|10\n|\n|t:|1776134535\n|switch|p2a: Incineroar|Incineroar, L50, F, shiny|57/100 tox\n|-ability|p2a: Incineroar|Intimidate|boost\n|-unboost|p1a: Toxapex|atk|1\n|-unboost|p1b: Scovillain|atk|1\n|move|p2b: Hatterene|Heal Pulse|p2a: Incineroar\n|-heal|p2a: Incineroar|100/100 tox\n|move|p1a: Toxapex|Chilling Water|p2a: Incineroar\n|-supereffective|p2a: Incineroar|1\n|-crit|p2a: Incineroar\n|-damage|p2a: Incineroar|75/100 tox\n|-unboost|p2a: Incineroar|atk|1\n|move|p1b: Scovillain|Giga Drain|p2a: Incineroar\n|-resisted|p2a: Incineroar|1\n|-damage|p2a: Incineroar|66/100 tox\n|-heal|p1b: Scovillain|65/100|[from] drain|[of] p2a: Incineroar\n|\n|-damage|p2a: Incineroar|60/100 tox|[from] psn\n|-ability|p1b: Scovillain|Moody|boost\n|-boost|p1b: Scovillain|spe|2\n|-unboost|p1b: Scovillain|spd|1\n|upkeep\n|turn|11\n|\n|t:|1776134573\n|switch|p1b: Cofagrigus|Cofagrigus, L50, F|33/100\n|move|p2b: Hatterene|Heal Pulse|p2a: Incineroar\n|-heal|p2a: Incineroar|100/100 tox\n|move|p1a: Toxapex|Chilling Water|p2a: Incineroar\n|-supereffective|p2a: Incineroar|1\n|-damage|p2a: Incineroar|81/100 tox\n|-unboost|p2a: Incineroar|atk|1\n|move|p2a: Incineroar|Flare Blitz|p1b: Cofagrigus\n|-damage|p1b: Cofagrigus|13/100\n|-activate|p1b: Cofagrigus|ability: Mummy|p2a: Incineroar|[ability] Intimidate\n|-damage|p2a: Incineroar|76/100 tox|[from] Recoil\n|\n|-heal|p1b: Cofagrigus|19/100|[from] item: Leftovers\n|-damage|p2a: Incineroar|64/100 tox|[from] psn\n|-fieldend|move: Trick Room\n|upkeep\n|turn|12\n|\n|t:|1776134596\n|switch|p2a: Milotic|Milotic, L50, F, shiny|67/100 slp\n|move|p2b: Hatterene|Protect|p2b: Hatterene\n|-singleturn|p2b: Hatterene|Protect\n|move|p1a: Toxapex|Chilling Water|p2a: Milotic\n|-resisted|p2a: Milotic|1\n|-damage|p2a: Milotic|62/100 slp\n|-unboost|p2a: Milotic|atk|1\n|-ability|p2a: Milotic|Competitive|boost\n|-boost|p2a: Milotic|spa|2\n|move|p1b: Cofagrigus|Skill Swap|p2b: Hatterene\n|-activate|p2b: Hatterene|move: Protect\n|\n|-heal|p1b: Cofagrigus|25/100|[from] item: Leftovers\n|upkeep\n|turn|13\n|\n|t:|1776134621\n|switch|p1b: Scovillain|Scovillain, L50, F|65/100\n|cant|p2a: Milotic|slp\n|move|p1a: Toxapex|Chilling Water|p2b: Hatterene\n|-damage|p2b: Hatterene|81/100\n|-unboost|p2b: Hatterene|atk|1\n|move|p2b: Hatterene|Trick Room|p2b: Hatterene\n|-fieldstart|move: Trick Room|[of] p2b: Hatterene\n|\n|-ability|p1b: Scovillain|Moody|boost\n|-boost|p1b: Scovillain|spa|2\n|-unboost|p1b: Scovillain|atk|1\n|upkeep\n|turn|14\n|\n|t:|1776134647\n|move|p2b: Hatterene|Protect|p2b: Hatterene\n|-singleturn|p2b: Hatterene|Protect\n|move|p1a: Toxapex|Chilling Water|p2b: Hatterene\n|-activate|p2b: Hatterene|move: Protect\n|move|p1b: Scovillain|Giga Drain|p2a: Milotic\n|-supereffective|p2a: Milotic|1\n|-damage|p2a: Milotic|0 fnt\n|-heal|p1b: Scovillain|100/100|[from] drain|[of] p2a: Milotic\n|faint|p2a: Milotic\n|\n|-ability|p1b: Scovillain|Moody|boost\n|-boost|p1b: Scovillain|spd|2\n|-unboost|p1b: Scovillain|def|1\n|upkeep\n|\n|t:|1776134667\n|switch|p2a: Abomasnow|Abomasnow-Mega, L50, F, shiny|47/100 tox\n|-weather|Snowscape|[from] ability: Snow Warning|[of] p2a: Abomasnow\n|turn|15\n|inactive|Battle timer is ON: inactive players will automatically lose when time's up. (requested by sammyvv)\n|\n|t:|1776134695\n|switch|p2b: Incineroar|Incineroar, L50, F, shiny|64/100 tox\n|-ability|p2b: Incineroar|Intimidate|boost\n|-unboost|p1a: Toxapex|atk|1\n|-unboost|p1b: Scovillain|atk|1\n|move|p2a: Abomasnow|Protect|p2a: Abomasnow\n|-singleturn|p2a: Abomasnow|Protect\n|move|p1a: Toxapex|Chilling Water|p2b: Incineroar\n|-supereffective|p2b: Incineroar|1\n|-damage|p2b: Incineroar|44/100 tox\n|-unboost|p2b: Incineroar|atk|1\n|move|p1b: Scovillain|Flamethrower|p2a: Abomasnow\n|-activate|p2a: Abomasnow|move: Protect\n|\n|-weather|Snowscape|[upkeep]\n|-damage|p2a: Abomasnow|41/100 tox|[from] psn\n|-damage|p2b: Incineroar|38/100 tox|[from] psn\n|-ability|p1b: Scovillain|Moody|boost\n|-boost|p1b: Scovillain|spe|2\n|-unboost|p1b: Scovillain|spa|1\n|upkeep\n|turn|16\n|inactive|akechi_c has 30 seconds left.\n|inactive|sammyvv has 30 seconds left.\n|\n|t:|1776134727\n|move|p1b: Scovillain|Protect|p1b: Scovillain\n|-singleturn|p1b: Scovillain|Protect\n|move|p2b: Incineroar|Fake Out|p1b: Scovillain\n|-activate|p1b: Scovillain|move: Protect\n|move|p2a: Abomasnow|Blizzard|p1a: Toxapex|[spread] p1a\n|-activate|p1b: Scovillain|move: Protect\n|-resisted|p1a: Toxapex|1\n|-damage|p1a: Toxapex|88/100\n|move|p1a: Toxapex|Chilling Water|p2b: Incineroar\n|-supereffective|p2b: Incineroar|1\n|-damage|p2b: Incineroar|19/100 tox\n|-unboost|p2b: Incineroar|atk|1\n|\n|-weather|Snowscape|[upkeep]\n|-damage|p2a: Abomasnow|29/100 tox|[from] psn\n|-damage|p2b: Incineroar|7/100 tox|[from] psn\n|-ability|p1b: Scovillain|Moody|boost\n|-boost|p1b: Scovillain|def|2\n|-unboost|p1b: Scovillain|spd|1\n|upkeep\n|turn|17\n|-message|sammyvv forfeited.\n|\n|win|akechi_c\n|raw|akechi_c's rating: 1145 &rarr; <strong>1169</strong><br />(+24 for winning)\n|raw|sammyvv's rating: 1130 &rarr; <strong>1106</strong><br />(-24 for losing)\n|l|\u2606sammyvv\n|player|p2|\n",
  "uploadtime": 1776134749,
  "views": 17,
  "formatid": "gen9championsvgc2026regma",
  "rating": 1106,
  "private": 0,
  "password": null
}