{
  "id": "gen9championsvgc2026regma-2583901950",
  "format": "[Gen 9 Champions] VGC 2026 Reg M-A",
  "players": [
    "The Carkol Rider",
    "StrawPizza"
  ],
  "log": "|j|\u2606The Carkol Rider\n|j|\u2606StrawPizza\n|t:|1776206810\n|gametype|doubles\n|player|p1|The Carkol Rider|grimsley|1066\n|player|p2|StrawPizza|170|1148\n|gen|9\n|tier|[Gen 9 Champions] VGC 2026 Reg M-A\n|rated|\n|rule|Species Clause: Limit one of each Pok\u00e9mon\n|rule|Item Clause: Limit 1 of each item\n|clearpoke\n|poke|p1|Floette-Eternal, L50, F|\n|poke|p1|Maushold, L50|\n|poke|p1|Garchomp, L50, M|\n|poke|p1|Talonflame, L50, F|\n|poke|p1|Rotom-Wash, L50|\n|poke|p1|Aegislash, L50, M|\n|poke|p2|Glimmora, L50, M|\n|poke|p2|Whimsicott, L50, M|\n|poke|p2|Basculegion, L50, M|\n|poke|p2|Volcarona, L50, F|\n|poke|p2|Kommo-o, L50, M|\n|poke|p2|Ampharos, L50, M|\n|teampreview|4\n|inactive|Battle timer is ON: inactive players will automatically lose when time's up. (requested by StrawPizza)\n|j| LanternComic\n|j| CloudySkies17695\n|inactive|StrawPizza has 60 seconds left.\n|\n|t:|1776206856\n|teamsize|p1|4\n|teamsize|p2|4\n|start\n|switch|p1a: Garchomp|Garchomp, L50, M|100/100\n|switch|p1b: Talonflame|Talonflame, L50, F|100/100\n|switch|p2a: Basculegion|Basculegion, L50, M|100/100\n|switch|p2b: Whimsicott|Whimsicott, L50, M|100/100\n|turn|1\n|\n|t:|1776206868\n|move|p1b: Talonflame|Tailwind|p1b: Talonflame\n|-sidestart|p1: The Carkol Rider|move: Tailwind\n|move|p1a: Garchomp|Earthquake|p2a: Basculegion|[spread] p2a,p2b\n|-immune|p1b: Talonflame\n|-resisted|p2b: Whimsicott|1\n|-damage|p2a: Basculegion|49/100\n|-damage|p2b: Whimsicott|73/100\n|move|p2a: Basculegion|Wave Crash|p1b: Talonflame\n|-supereffective|p1b: Talonflame|1\n|-damage|p1b: Talonflame|0 fnt\n|faint|p1b: Talonflame\n|-damage|p2a: Basculegion|23/100|[from] Recoil\n|move|p2b: Whimsicott|Moonblast|p1a: Garchomp\n|-supereffective|p1a: Garchomp|1\n|-damage|p1a: Garchomp|23/100\n|\n|upkeep\n|\n|t:|1776206877\n|switch|p1b: Floette|Floette-Eternal, L50, F|100/100\n|turn|2\n|\n|t:|1776206885\n|detailschange|p1b: Floette|Floette-Mega, L50, F\n|-mega|p1b: Floette|Floette|Floettite\n|-ability|p1b: Floette|Fairy Aura\n|move|p2b: Whimsicott|Tailwind|p2b: Whimsicott\n|-sidestart|p2: StrawPizza|move: Tailwind\n|move|p1a: Garchomp|Earthquake|p2b: Whimsicott|[spread] p1b,p2a,p2b\n|-resisted|p2b: Whimsicott|1\n|-damage|p1b: Floette|60/100\n|-damage|p2a: Basculegion|0 fnt\n|-damage|p2b: Whimsicott|45/100\n|faint|p2a: Basculegion\n|move|p1b: Floette|Dazzling Gleam|p2b: Whimsicott\n|-damage|p2b: Whimsicott|0 fnt\n|faint|p2b: Whimsicott\n|\n|upkeep\n|\n|t:|1776206896\n|switch|p2b: Glimmora|Glimmora, L50, M|100/100\n|switch|p2a: Volcarona|Volcarona, L50, F|100/100\n|turn|3\n|\n|t:|1776206903\n|detailschange|p2b: Glimmora|Glimmora-Mega, L50, M\n|-mega|p2b: Glimmora|Glimmora|Glimmoranite\n|move|p2b: Glimmora|Spiky Shield|p2b: Glimmora\n|-singleturn|p2b: Glimmora|move: Protect\n|move|p1b: Floette|Protect|p1b: Floette\n|-singleturn|p1b: Floette|Protect\n|move|p1a: Garchomp|Earthquake|p2b: Glimmora|[spread] p2a\n|-activate|p1b: Floette|move: Protect\n|-activate|p2b: Glimmora|move: Protect\n|-damage|p2a: Volcarona|65/100\n|move|p2a: Volcarona|Heat Wave|p1a: Garchomp|[spread] p1a\n|-activate|p1b: Floette|move: Protect\n|-resisted|p1a: Garchomp|1\n|-damage|p1a: Garchomp|4/100\n|\n|upkeep\n|turn|4\n|inactive|StrawPizza has 30 seconds left.\n|\n|t:|1776206932\n|move|p1a: Garchomp|Earthquake|p2b: Glimmora|[spread] p1b,p2a,p2b\n|-supereffective|p2b: Glimmora|2\n|-damage|p1b: Floette|16/100\n|-damage|p2a: Volcarona|31/100\n|-damage|p2b: Glimmora|0 fnt\n|-enditem|p2a: Volcarona|Sitrus Berry|[eat]\n|-heal|p2a: Volcarona|56/100|[from] item: Sitrus Berry\n|faint|p2b: Glimmora\n|move|p1b: Floette|Moonblast|p2a: Volcarona\n|-resisted|p2a: Volcarona|1\n|-damage|p2a: Volcarona|23/100\n|move|p2a: Volcarona|Heat Wave|p1b: Floette|[spread] p1a,p1b\n|-resisted|p1a: Garchomp|1\n|-damage|p1a: Garchomp|0 fnt\n|-damage|p1b: Floette|0 fnt\n|faint|p1a: Garchomp\n|faint|p1b: Floette\n|\n|-sideend|p1: The Carkol Rider|move: Tailwind\n|upkeep\n|\n|t:|1776206939\n|switch|p1b: Aegislash|Aegislash, L50, M|100/100\n|turn|5\n|\n|t:|1776206945\n|-formechange|p1b: Aegislash|Aegislash-Blade|\n|move|p1b: Aegislash|Shadow Sneak|p2a: Volcarona\n|-damage|p2a: Volcarona|0 fnt\n|faint|p2a: Volcarona\n|\n|win|The Carkol Rider\n|raw|The Carkol Rider's rating: 1066 &rarr; <strong>1103</strong><br />(+37 for winning)\n|raw|StrawPizza's rating: 1148 &rarr; <strong>1117</strong><br />(-31 for losing)\n|l|\u2606StrawPizza\n|player|p2|\n|l|\u2606The Carkol Rider\n|player|p1|\n|l| LanternComic\n",
  "uploadtime": 1776207435,
  "views": 18,
  "formatid": "gen9championsvgc2026regma",
  "rating": 1103,
  "private": 0,
  "password": null
}