{
  "id": "gen9championsvgc2026regma-2582790644",
  "format": "[Gen 9 Champions] VGC 2026 Reg M-A",
  "players": [
    "amystaz",
    "jmamn0"
  ],
  "log": "|j|\u2606amystaz\n|j|\u2606jmamn0\n|t:|1776114360\n|gametype|doubles\n|player|p1|amystaz|cynthia-gen4|1071\n|player|p2|jmamn0|2|1000\n|gen|9\n|tier|[Gen 9 Champions] VGC 2026 Reg M-A\n|rated|\n|rule|Species Clause: Limit one of each Pok\u00e9mon\n|rule|Item Clause: Limit 1 of each item\n|clearpoke\n|poke|p1|Incineroar, L50, F|\n|poke|p1|Drampa, L50, M|\n|poke|p1|Farigiraf, L50, F|\n|poke|p1|Pelipper, L50, M|\n|poke|p1|Sinistcha, L50|\n|poke|p1|Archaludon, L50, F|\n|poke|p2|Rotom-Wash, L50|\n|poke|p2|Garchomp, L50, F|\n|poke|p2|Kingambit, L50, M|\n|poke|p2|Whimsicott, L50, F|\n|poke|p2|Oranguru, L50, F|\n|poke|p2|Volcarona, L50, M|\n|teampreview|4\n|inactive|Battle timer is ON: inactive players will automatically lose when time's up. (requested by amystaz)\n|inactive|amystaz has 60 seconds left.\n|inactive|jmamn0 has 60 seconds left.\n|\n|t:|1776114399\n|teamsize|p1|4\n|teamsize|p2|4\n|start\n|switch|p1a: Pelipper|Pelipper, L50, M|100/100\n|switch|p1b: Archaludon|Archaludon, L50, F|100/100\n|switch|p2a: Oranguru|Oranguru, L50, F|100/100\n|switch|p2b: Volcarona|Volcarona, L50, M|100/100\n|-weather|RainDance|[from] ability: Drizzle|[of] p1a: Pelipper\n|turn|1\n|inactive|amystaz has 30 seconds left.\n|inactive|jmamn0 has 30 seconds left.\n|\n|t:|1776114437\n|move|p2b: Volcarona|Quiver Dance|p2b: Volcarona\n|-boost|p2b: Volcarona|spa|1\n|-boost|p2b: Volcarona|spd|1\n|-boost|p2b: Volcarona|spe|1\n|move|p2a: Oranguru|Instruct|p2b: Volcarona\n|-singleturn|p2b: Volcarona|move: Instruct|[of] p2a: Oranguru\n|move|p2b: Volcarona|Quiver Dance|p2b: Volcarona\n|-boost|p2b: Volcarona|spa|1\n|-boost|p2b: Volcarona|spd|1\n|-boost|p2b: Volcarona|spe|1\n|move|p1a: Pelipper|Hurricane|p2b: Volcarona\n|-supereffective|p2b: Volcarona|1\n|-damage|p2b: Volcarona|55/100\n|-start|p2b: Volcarona|confusion\n|move|p1b: Archaludon|Electro Shot||[still]\n|-prepare|p1b: Archaludon|Electro Shot\n|-boost|p1b: Archaludon|spa|1\n|-anim|p1b: Archaludon|Electro Shot|p2a: Oranguru\n|-damage|p2a: Oranguru|47/100\n|\n|-weather|RainDance|[upkeep]\n|upkeep\n|turn|2\n|inactive|amystaz has 30 seconds left.\n|\n|t:|1776114470\n|switch|p2a: Whimsicott|Whimsicott, L50, F|100/100\n|-activate|p2b: Volcarona|confusion\n|move|p2b: Volcarona|Protect|p2b: Volcarona\n|-singleturn|p2b: Volcarona|Protect\n|move|p1a: Pelipper|Hurricane|p2b: Volcarona\n|-activate|p2b: Volcarona|move: Protect\n|move|p1b: Archaludon|Electro Shot||[still]\n|-prepare|p1b: Archaludon|Electro Shot\n|-boost|p1b: Archaludon|spa|1\n|-anim|p1b: Archaludon|Electro Shot|p2b: Volcarona\n|-activate|p2b: Volcarona|move: Protect\n|\n|-weather|RainDance|[upkeep]\n|upkeep\n|turn|3\n|\n|t:|1776114494\n|move|p2a: Whimsicott|Sunny Day|p2a: Whimsicott\n|-weather|SunnyDay\n|-end|p2b: Volcarona|confusion\n|move|p2b: Volcarona|Heat Wave|p1a: Pelipper|[spread] p1a,p1b\n|-resisted|p1a: Pelipper|1\n|-damage|p1a: Pelipper|13/100\n|-damage|p1b: Archaludon|0 fnt\n|faint|p1b: Archaludon\n|move|p1a: Pelipper|Hurricane|p2a: Whimsicott\n|-supereffective|p2a: Whimsicott|1\n|-enditem|p2a: Whimsicott|Focus Sash\n|-damage|p2a: Whimsicott|1/100\n|\n|-weather|SunnyDay|[upkeep]\n|upkeep\n|\n|t:|1776114510\n|switch|p1b: Incineroar|Incineroar, L50, F|100/100\n|-ability|p1b: Incineroar|Intimidate|boost\n|-unboost|p2a: Whimsicott|atk|1\n|-unboost|p2b: Volcarona|atk|1\n|-enditem|p2b: Volcarona|White Herb\n|-clearnegativeboost|p2b: Volcarona|[silent]\n|turn|4\n|\n|t:|1776114528\n|move|p1b: Incineroar|Fake Out|p2b: Volcarona\n|-damage|p2b: Volcarona|38/100\n|move|p2a: Whimsicott|Tailwind|p2a: Whimsicott\n|-sidestart|p2: jmamn0|move: Tailwind\n|cant|p2b: Volcarona|flinch\n|move|p1a: Pelipper|Hurricane|p2b: Volcarona|[miss]\n|-miss|p1a: Pelipper|p2b: Volcarona\n|\n|-weather|SunnyDay|[upkeep]\n|upkeep\n|turn|5\n|\n|t:|1776114549\n|move|p1a: Pelipper|Wide Guard|p1a: Pelipper\n|-singleturn|p1a: Pelipper|Wide Guard\n|move|p2a: Whimsicott|Taunt|p1b: Incineroar\n|-hint|Since gen 7, Dark is immune to Prankster moves.\n|-immune|p1b: Incineroar\n|move|p2b: Volcarona|Heat Wave|p1a: Pelipper|[spread] \n|-activate|p1a: Pelipper|move: Wide Guard\n|-activate|p1b: Incineroar|move: Wide Guard\n|move|p1b: Incineroar|Darkest Lariat|p2b: Volcarona\n|-damage|p2b: Volcarona|0 fnt\n|faint|p2b: Volcarona\n|\n|-weather|SunnyDay|[upkeep]\n|upkeep\n|\n|t:|1776114567\n|switch|p2b: Oranguru|Oranguru, L50, F|47/100\n|turn|6\n|\n|t:|1776114584\n|move|p2a: Whimsicott|Taunt|p1a: Pelipper\n|-start|p1a: Pelipper|move: Taunt\n|move|p2b: Oranguru|Psychic Terrain|p2b: Oranguru\n|-fieldstart|move: Psychic Terrain\n|move|p1a: Pelipper|Weather Ball|p2b: Oranguru\n|-damage|p2b: Oranguru|13/100\n|move|p1b: Incineroar|Darkest Lariat|p2a: Whimsicott\n|-resisted|p2a: Whimsicott|1\n|-damage|p2a: Whimsicott|0 fnt\n|faint|p2a: Whimsicott\n|\n|-weather|SunnyDay|[upkeep]\n|upkeep\n|\n|t:|1776114593\n|switch|p2a: Rotom|Rotom-Wash, L50|100/100\n|turn|7\n|\n|t:|1776114612\n|switch|p1a: Sinistcha|Sinistcha, L50|100/100\n|move|p2b: Oranguru|Instruct||[still]\n|-fail|p2b: Oranguru\n|move|p2a: Rotom|Thunderbolt|p1b: Incineroar\n|-damage|p1b: Incineroar|51/100\n|move|p1b: Incineroar|Parting Shot|p2a: Rotom\n|-unboost|p2a: Rotom|atk|1\n|-unboost|p2a: Rotom|spa|1\n|\n|t:|1776114623\n|switch|p1b: Pelipper|Pelipper, L50, M|13/100|[from] Parting Shot\n|-weather|RainDance|[from] ability: Drizzle|[of] p1b: Pelipper\n|\n|-weather|RainDance|[upkeep]\n|-sideend|p2: jmamn0|move: Tailwind\n|upkeep\n|turn|8\n|\n|t:|1776114645\n|move|p1b: Pelipper|Protect|p1b: Pelipper\n|-singleturn|p1b: Pelipper|Protect\n|move|p2b: Oranguru|Bulldoze|p1b: Pelipper|[spread] p1a\n|-activate|p1b: Pelipper|move: Protect\n|-immune|p2a: Rotom|[from] ability: Levitate\n|-resisted|p1a: Sinistcha|1\n|-damage|p1a: Sinistcha|98/100\n|-unboost|p1a: Sinistcha|spe|1\n|move|p2a: Rotom|Thunderbolt|p1a: Sinistcha\n|-resisted|p1a: Sinistcha|1\n|-damage|p1a: Sinistcha|79/100\n|move|p1a: Sinistcha|Matcha Gotcha|p2a: Rotom|[spread] p2a\n|-miss|p1a: Sinistcha|p2b: Oranguru\n|-supereffective|p2a: Rotom|1\n|-damage|p2a: Rotom|39/100\n|-heal|p1a: Sinistcha|100/100|[from] drain|[of] p2a: Rotom\n|\n|-weather|RainDance|[upkeep]\n|upkeep\n|turn|9\n|inactive|amystaz has 30 seconds left.\n|inactive|jmamn0 has 30 seconds left.\n|-message|jmamn0 forfeited.\n|\n|win|amystaz\n|raw|amystaz's rating: 1071 &rarr; <strong>1094</strong><br />(+23 for winning)\n|raw|jmamn0's rating: 1000 &rarr; <strong>1000</strong><br />(+0 for losing)\n|l|\u2606jmamn0\n|player|p2|\n",
  "uploadtime": 1776114674,
  "views": 17,
  "formatid": "gen9championsvgc2026regma",
  "rating": 1000,
  "private": 0,
  "password": null
}