{
  "id": "gen9championsvgc2026regma-2588675095",
  "format": "[Gen 9 Champions] VGC 2026 Reg M-A",
  "players": [
    "theunknownbsyt",
    "Jah_08"
  ],
  "log": "|j|\u2606theunknownbsyt\n|j|\u2606Jah_08\n|t:|1776656429\n|gametype|doubles\n|player|p1|theunknownbsyt|2|1442\n|player|p2|Jah_08|alder|1350\n|gen|9\n|tier|[Gen 9 Champions] VGC 2026 Reg M-A\n|rated|\n|rule|Species Clause: Limit one of each Pok\u00e9mon\n|rule|Item Clause: Limit 1 of each item\n|clearpoke\n|poke|p1|Floette-Eternal, L50, F|\n|poke|p1|Kingambit, L50, M|\n|poke|p1|Basculegion, L50, M|\n|poke|p1|Sneasler, L50, M|\n|poke|p1|Froslass, L50, F|\n|poke|p1|Excadrill, L50, M|\n|poke|p2|Excadrill, L50, M|\n|poke|p2|Whimsicott, L50, M, shiny|\n|poke|p2|Chandelure, L50, M|\n|poke|p2|Zoroark-Hisui, L50, M|\n|poke|p2|Basculegion, L50, M|\n|poke|p2|Hydreigon, L50, M|\n|teampreview|4\n|inactive|Battle timer is ON: inactive players will automatically lose when time's up. (requested by theunknownbsyt)\n|inactive|Jah_08 has 60 seconds left.\n|\n|t:|1776656481\n|teamsize|p1|4\n|teamsize|p2|4\n|start\n|switch|p1a: Style|Floette-Eternal, L50, F|100/100\n|switch|p1b: Rat|Sneasler, L50, M|100/100\n|switch|p2a: Whimsicott|Whimsicott, L50, M, shiny|100/100\n|switch|p2b: Basculegion|Basculegion, L50, M|100/100\n|turn|1\n|\n|t:|1776656500\n|detailschange|p1a: Style|Floette-Mega, L50, F\n|-mega|p1a: Style|Floette|Floettite\n|-ability|p1a: Style|Fairy Aura\n|move|p2a: Whimsicott|Protect|p2a: Whimsicott\n|-singleturn|p2a: Whimsicott|Protect\n|move|p1b: Rat|Dire Claw|p2a: Whimsicott\n|-activate|p2a: Whimsicott|move: Protect\n|move|p2b: Basculegion|Sludge Bomb|p1a: Style\n|-supereffective|p1a: Style|1\n|-damage|p1a: Style|50/100\n|move|p1a: Style|Light of Ruin|p2b: Basculegion\n|-damage|p2b: Basculegion|0 fnt\n|replace|p2b: Zoroark|Zoroark-Hisui, L50, M\n|-end|p2b: Zoroark|Illusion\n|faint|p2b: Zoroark\n|-damage|p1a: Style|10/100|[from] Recoil\n|\n|upkeep\n|\n|t:|1776656523\n|switch|p2b: Basculegion|Basculegion, L50, M|100/100\n|turn|2\n|\n|t:|1776656538\n|switch|p1a: QueensGambit|Kingambit, L50, M|100/100\n|switch|p2a: Excadrill|Excadrill, L50, M|100/100\n|-ability|p2a: Excadrill|Mold Breaker\n|move|p2b: Basculegion|Flip Turn|p1a: QueensGambit\n|-damage|p1a: QueensGambit|71/100\n|\n|t:|1776656549\n|switch|p2b: Whimsicott|Whimsicott, L50, M, shiny|100/100|[from] Flip Turn\n|move|p1b: Rat|Dire Claw|p2a: Excadrill\n|-immune|p2a: Excadrill\n|\n|upkeep\n|turn|3\n|inactive|theunknownbsyt has 30 seconds left.\n|inactive|Jah_08 has 30 seconds left.\n|\n|t:|1776656579\n|move|p2b: Whimsicott|Tailwind|p2b: Whimsicott\n|-sidestart|p2: Jah_08|move: Tailwind\n|move|p2a: Excadrill|High Horsepower|p1a: QueensGambit\n|-supereffective|p1a: QueensGambit|1\n|-damage|p1a: QueensGambit|0 fnt\n|faint|p1a: QueensGambit\n|move|p1b: Rat|Dire Claw|p2b: Whimsicott\n|-supereffective|p2b: Whimsicott|2\n|-damage|p2b: Whimsicott|0 fnt\n|faint|p2b: Whimsicott\n|\n|upkeep\n|\n|t:|1776656594\n|switch|p2b: Basculegion|Basculegion, L50, M|100/100\n|switch|p1a: Style|Floette-Mega, L50, F|10/100\n|-ability|p1a: Style|Fairy Aura\n|turn|4\n|\n|t:|1776656617\n|move|p1a: Style|Protect|p1a: Style\n|-singleturn|p1a: Style|Protect\n|move|p2b: Basculegion|Last Respects|p1a: Style\n|-activate|p1a: Style|move: Protect\n|move|p2a: Excadrill|High Horsepower|p1b: Rat\n|-supereffective|p1b: Rat|1\n|-enditem|p1b: Rat|Focus Sash\n|-damage|p1b: Rat|1/100\n|move|p1b: Rat|Close Combat|p2a: Excadrill\n|-supereffective|p2a: Excadrill|1\n|-enditem|p2a: Excadrill|Focus Sash\n|-damage|p2a: Excadrill|1/100\n|-unboost|p1b: Rat|def|1\n|-unboost|p1b: Rat|spd|1\n|\n|upkeep\n|turn|5\n|\n|t:|1776656638\n|move|p1b: Rat|Protect|p1b: Rat\n|-singleturn|p1b: Rat|Protect\n|move|p2b: Basculegion|Last Respects|p1a: Style\n|-crit|p1a: Style\n|-damage|p1a: Style|0 fnt\n|faint|p1a: Style\n|move|p2a: Excadrill|High Horsepower|p1b: Rat\n|-activate|p1b: Rat|move: Protect\n|\n|upkeep\n|\n|t:|1776656643\n|switch|p1a: Basculegend|Basculegion, L50, M|100/100\n|turn|6\n|\n|t:|1776656657\n|move|p1a: Basculegend|Protect|p1a: Basculegend\n|-singleturn|p1a: Basculegend|Protect\n|move|p2b: Basculegion|Last Respects|p1a: Basculegend\n|-activate|p1a: Basculegend|move: Protect\n|move|p2a: Excadrill|High Horsepower|p1b: Rat\n|-supereffective|p1b: Rat|1\n|-damage|p1b: Rat|0 fnt\n|faint|p1b: Rat\n|\n|-sideend|p2: Jah_08|move: Tailwind\n|upkeep\n|turn|7\n|\n|t:|1776656674\n|move|p2b: Basculegion|Last Respects|p1a: Basculegend\n|-supereffective|p1a: Basculegend|1\n|-damage|p1a: Basculegend|0 fnt\n|faint|p1a: Basculegend\n|\n|win|Jah_08\n|raw|theunknownbsyt's rating: 1442 &rarr; <strong>1417</strong><br />(-25 for losing)\n|raw|Jah_08's rating: 1350 &rarr; <strong>1375</strong><br />(+25 for winning)\n|l|\u2606theunknownbsyt\n|player|p1|\n",
  "uploadtime": 1776656681,
  "views": 7,
  "formatid": "gen9championsvgc2026regma",
  "rating": 1375,
  "private": 0,
  "password": null
}