{
  "id": "gen9championsvgc2026regma-2581886543",
  "format": "[Gen 9 Champions] VGC 2026 Reg M-A",
  "players": [
    "ozzeosborne",
    "Astraision"
  ],
  "log": "|j|\u2606ozzeosborne\n|j|\u2606Astraision\n|t:|1776036783\n|gametype|doubles\n|player|p1|ozzeosborne|265|1132\n|player|p2|Astraision|iris-gen5bw2|1031\n|gen|9\n|tier|[Gen 9 Champions] VGC 2026 Reg M-A\n|rated|\n|rule|Species Clause: Limit one of each Pok\u00e9mon\n|rule|Item Clause: Limit 1 of each item\n|clearpoke\n|poke|p1|Aggron, L50, F|\n|poke|p1|Reuniclus, L50, F|\n|poke|p1|Sableye, L50, M|\n|poke|p1|Incineroar, L50, M|\n|poke|p1|Sinistcha, L50|\n|poke|p1|Milotic, L50, F|\n|poke|p2|Pelipper, L50, M|\n|poke|p2|Archaludon, L50, M|\n|poke|p2|Meganium, L50, M|\n|poke|p2|Sneasler, L50, M|\n|poke|p2|Sinistcha, L50|\n|poke|p2|Glimmora, L50, F|\n|teampreview|4\n|inactive|Battle timer is ON: inactive players will automatically lose when time's up. (requested by ozzeosborne)\n|inactive|ozzeosborne has 60 seconds left.\n|inactive|Astraision has 60 seconds left.\n|\n|t:|1776036834\n|teamsize|p1|4\n|teamsize|p2|4\n|start\n|switch|p1a: Sinistcha|Sinistcha, L50|100/100\n|switch|p1b: Milotic|Milotic, L50, F|100/100\n|switch|p2a: Pelipper|Pelipper, L50, M|100/100\n|switch|p2b: Sneasler|Sneasler, L50, M|100/100\n|-weather|RainDance|[from] ability: Drizzle|[of] p2a: Pelipper\n|turn|1\n|\n|t:|1776036855\n|move|p2b: Sneasler|Dire Claw|p1b: Milotic\n|-damage|p1b: Milotic|52/100\n|-status|p1b: Milotic|par\n|move|p2a: Pelipper|Tailwind|p2a: Pelipper\n|-sidestart|p2: Astraision|move: Tailwind\n|move|p1b: Milotic|Ice Beam|p2b: Sneasler\n|-damage|p2b: Sneasler|63/100\n|move|p1a: Sinistcha|Trick Room|p1a: Sinistcha\n|-fieldstart|move: Trick Room|[of] p1a: Sinistcha\n|\n|-weather|RainDance|[upkeep]\n|-heal|p1b: Milotic|58/100 par|[from] item: Leftovers\n|upkeep\n|turn|2\n|inactive|ozzeosborne has 30 seconds left.\n|inactive|ozzeosborne has 20 seconds left.\n|inactive|ozzeosborne has 15 seconds left.\n|\n|t:|1776036896\n|switch|p1a: Aggron|Aggron, L50, F|100/100\n|move|p1b: Milotic|Recover|p1b: Milotic\n|-heal|p1b: Milotic|100/100 par\n|move|p2a: Pelipper|Hurricane|p1b: Milotic\n|-damage|p1b: Milotic|64/100 par\n|move|p2b: Sneasler|Dire Claw|p1a: Aggron\n|-immune|p1a: Aggron\n|\n|-weather|RainDance|[upkeep]\n|-heal|p1b: Milotic|70/100 par|[from] item: Leftovers\n|upkeep\n|turn|3\n|inactive|ozzeosborne has 30 seconds left.\n|\n|t:|1776036928\n|detailschange|p1a: Aggron|Aggron-Mega, L50, F\n|-mega|p1a: Aggron|Aggron|Aggronite\n|move|p1b: Milotic|Ice Beam|p2b: Sneasler\n|-damage|p2b: Sneasler|23/100\n|move|p1a: Aggron|Rock Slide|p2b: Sneasler|[spread] p2a\n|-miss|p1a: Aggron|p2b: Sneasler\n|-supereffective|p2a: Pelipper|1\n|-enditem|p2a: Pelipper|Charti Berry|[eat]\n|-enditem|p2a: Pelipper|Charti Berry|[weaken]\n|-damage|p2a: Pelipper|80/100\n|move|p2a: Pelipper|Hurricane|p1b: Milotic\n|-damage|p1b: Milotic|35/100 par\n|move|p2b: Sneasler|Close Combat|p1b: Milotic\n|-damage|p1b: Milotic|0 fnt\n|-unboost|p2b: Sneasler|def|1\n|-unboost|p2b: Sneasler|spd|1\n|faint|p1b: Milotic\n|\n|-weather|RainDance|[upkeep]\n|upkeep\n|\n|t:|1776036946\n|switch|p1b: Incineroar|Incineroar, L50, M|100/100\n|-ability|p1b: Incineroar|Intimidate|boost\n|-unboost|p2a: Pelipper|atk|1\n|-unboost|p2b: Sneasler|atk|1\n|turn|4\n|\n|t:|1776036957\n|move|p1b: Incineroar|Fake Out|p2b: Sneasler\n|-damage|p2b: Sneasler|0 fnt\n|faint|p2b: Sneasler\n|move|p2a: Pelipper|Wide Guard|p2a: Pelipper\n|-singleturn|p2a: Pelipper|Wide Guard\n|move|p1a: Aggron|Rock Slide|p2a: Pelipper\n|-activate|p2a: Pelipper|move: Wide Guard\n|\n|-weather|RainDance|[upkeep]\n|-sideend|p2: Astraision|move: Tailwind\n|upkeep\n|\n|t:|1776036969\n|switch|p2b: Sinistcha|Sinistcha, L50|100/100\n|-heal|p2a: Pelipper|100/100|[from] ability: Hospitality|[of] p2b: Sinistcha\n|turn|5\n|\n|t:|1776036980\n|switch|p2a: Glimmora|Glimmora, L50, F|100/100\n|move|p1a: Aggron|Rock Slide|p2b: Sinistcha|[spread] p2b\n|-miss|p1a: Aggron|p2a: Glimmora\n|-damage|p2b: Sinistcha|86/100\n|move|p1b: Incineroar|Darkest Lariat|p2b: Sinistcha\n|-supereffective|p2b: Sinistcha|1\n|-enditem|p2b: Sinistcha|Colbur Berry|[eat]\n|-enditem|p2b: Sinistcha|Colbur Berry|[weaken]\n|-damage|p2b: Sinistcha|50/100\n|move|p2b: Sinistcha|Strength Sap|p1a: Aggron\n|-unboost|p1a: Aggron|atk|1\n|-heal|p2b: Sinistcha|100/100\n|\n|-weather|none\n|-fieldend|move: Trick Room\n|upkeep\n|turn|6\n|inactive|ozzeosborne has 30 seconds left.\n|inactive|Astraision has 30 seconds left.\n|\n|t:|1776037011\n|switch|p2b: Pelipper|Pelipper, L50, M|100/100\n|-weather|RainDance|[from] ability: Drizzle|[of] p2b: Pelipper\n|switch|p1a: Sinistcha|Sinistcha, L50|100/100\n|detailschange|p2a: Glimmora|Glimmora-Mega, L50, F\n|-mega|p2a: Glimmora|Glimmora|Glimmoranite\n|move|p2a: Glimmora|Sludge Wave|p1b: Incineroar|[spread] p2b,p1a,p1b\n|-crit|p2b: Pelipper\n|-damage|p2b: Pelipper|0 fnt\n|-damage|p1a: Sinistcha|31/100\n|-damage|p1b: Incineroar|52/100\n|-status|p1b: Incineroar|psn\n|faint|p2b: Pelipper\n|move|p1b: Incineroar|Parting Shot|p2a: Glimmora\n|-unboost|p2a: Glimmora|atk|1\n|-unboost|p2a: Glimmora|spa|1\n|c|\u2606ozzeosborne|YOU CRITTED YOUR BOYYYYY\n|\n|t:|1776037030\n|switch|p1b: Aggron|Aggron-Mega, L50, F|100/100|[from] Parting Shot\n|\n|-weather|RainDance|[upkeep]\n|upkeep\n|\n|t:|1776037034\n|switch|p2b: Sinistcha|Sinistcha, L50|100/100\n|turn|7\n|\n|t:|1776037054\n|move|p2b: Sinistcha|Rage Powder|p2b: Sinistcha\n|-singleturn|p2b: Sinistcha|move: Rage Powder\n|move|p2a: Glimmora|Sludge Wave|p1a: Sinistcha|[spread] p2b,p1a\n|-immune|p1b: Aggron\n|-damage|p2b: Sinistcha|62/100\n|-damage|p1a: Sinistcha|0 fnt\n|faint|p1a: Sinistcha\n|move|p1b: Aggron|Heavy Slam|p2b: Sinistcha\n|-damage|p2b: Sinistcha|16/100\n|\n|-weather|RainDance|[upkeep]\n|upkeep\n|\n|t:|1776037063\n|switch|p1a: Incineroar|Incineroar, L50, M|52/100 psn\n|-ability|p1a: Incineroar|Intimidate|boost\n|-unboost|p2a: Glimmora|atk|1\n|-unboost|p2b: Sinistcha|atk|1\n|turn|8\n|\n|t:|1776037071\n|move|p1a: Incineroar|Fake Out|p2a: Glimmora\n|-resisted|p2a: Glimmora|1\n|-damage|p2a: Glimmora|93/100\n|cant|p2a: Glimmora|flinch\n|move|p2b: Sinistcha|Strength Sap|p1b: Aggron\n|-unboost|p1b: Aggron|atk|1\n|-heal|p2b: Sinistcha|100/100\n|move|p1b: Aggron|Rock Slide|p2b: Sinistcha|[spread] p2b\n|-miss|p1b: Aggron|p2a: Glimmora\n|-damage|p2b: Sinistcha|91/100\n|\n|-weather|RainDance|[upkeep]\n|-damage|p1a: Incineroar|40/100 psn|[from] psn\n|upkeep\n|-enditem|p1a: Incineroar|Sitrus Berry|[eat]\n|-heal|p1a: Incineroar|64/100 psn|[from] item: Sitrus Berry\n|turn|9\n|\n|t:|1776037093\n|move|p2a: Glimmora|Power Gem|p1a: Incineroar\n|-supereffective|p1a: Incineroar|1\n|-damage|p1a: Incineroar|0 fnt\n|faint|p1a: Incineroar\n|move|p2b: Sinistcha|Curse|p1b: Aggron\n|-start|p1b: Aggron|Curse|[of] p2b: Sinistcha\n|-damage|p2b: Sinistcha|41/100\n|move|p1b: Aggron|Ice Punch|p2b: Sinistcha\n|-supereffective|p2b: Sinistcha|1\n|-damage|p2b: Sinistcha|17/100\n|\n|-weather|RainDance|[upkeep]\n|-damage|p1b: Aggron|76/100|[from] Curse\n|upkeep\n|turn|10\n|c|\u2606Astraision|GG\n|c|\u2606Astraision|I countered this guy specifically\n|c|\u2606ozzeosborne|indeed you did\n|c|\u2606Astraision|I made sure if it in team builder\n|c|\u2606Astraision|I hate this guy\n|inactive|Astraision has 30 seconds left.\n|c|\u2606ozzeosborne|well i like him\n|\n|t:|1776037126\n|move|p2a: Glimmora|Earth Power|p1b: Aggron\n|-supereffective|p1b: Aggron|1\n|-damage|p1b: Aggron|47/100\n|move|p2b: Sinistcha|Scald|p1b: Aggron\n|-damage|p1b: Aggron|19/100\n|move|p1b: Aggron|Ice Punch|p2b: Sinistcha\n|-supereffective|p2b: Sinistcha|1\n|-damage|p2b: Sinistcha|0 fnt\n|faint|p2b: Sinistcha\n|\n|-weather|none\n|-damage|p1b: Aggron|0 fnt|[from] Curse\n|faint|p1b: Aggron\n|\n|win|Astraision\n|raw|ozzeosborne's rating: 1132 &rarr; <strong>1100</strong><br />(-32 for losing)\n|raw|Astraision's rating: 1031 &rarr; <strong>1076</strong><br />(+45 for winning)\n|c|\u2606ozzeosborne|but i respect the hate\n|c|\u2606ozzeosborne|ggs\n|c|\u2606Astraision|GG\n",
  "uploadtime": 1776037145,
  "views": 10,
  "formatid": "gen9championsvgc2026regma",
  "rating": 1076,
  "private": 0,
  "password": null
}