{
  "id": "gen9championsvgc2026regma-2580857039",
  "format": "[Gen 9 Champions] VGC 2026 Reg M-A",
  "players": [
    "khaoz x",
    "GoofyRonald756"
  ],
  "log": "|j|\u2606khaoz x\n|j|\u2606GoofyRonald756\n|t:|1775938161\n|gametype|doubles\n|player|p1|khaoz x|2|1000\n|player|p2|GoofyRonald756|barry|1045\n|gen|9\n|tier|[Gen 9 Champions] VGC 2026 Reg M-A\n|rated|\n|rule|Species Clause: Limit one of each Pok\u00e9mon\n|rule|Item Clause: Limit 1 of each item\n|clearpoke\n|poke|p1|Charizard, L50, F|\n|poke|p1|Maushold, L50|\n|poke|p1|Dragonite, L50, M|\n|poke|p1|Garchomp, L50, F|\n|poke|p1|Whimsicott, L50, M|\n|poke|p1|Incineroar, L50, M|\n|poke|p2|Victreebel, L50, M|\n|poke|p2|Aerodactyl, L50, M|\n|poke|p2|Incineroar, L50, M|\n|poke|p2|Basculegion, L50, M|\n|poke|p2|Sneasler, L50, F|\n|poke|p2|Maushold, L50|\n|teampreview|4\n|inactive|Battle timer is ON: inactive players will automatically lose when time's up. (requested by GoofyRonald756)\n|inactive|GoofyRonald756 has 60 seconds left.\n|\n|t:|1775938212\n|teamsize|p1|4\n|teamsize|p2|4\n|start\n|switch|p1a: Dragonite|Dragonite, L50, M|100/100\n|switch|p1b: Incineroar|Incineroar, L50, M|100/100\n|switch|p2a: Aerodactyl|Aerodactyl, L50, M|100/100\n|switch|p2b: Victreebel|Victreebel, L50, M|100/100\n|-ability|p2a: Aerodactyl|Unnerve\n|-ability|p1b: Incineroar|Intimidate|boost\n|-unboost|p2a: Aerodactyl|atk|1\n|-unboost|p2b: Victreebel|atk|1\n|turn|1\n|\n|t:|1775938236\n|detailschange|p2b: Victreebel|Victreebel-Mega, L50, M\n|-mega|p2b: Victreebel|Victreebel|Victreebelite\n|move|p2a: Aerodactyl|Protect|p2a: Aerodactyl\n|-singleturn|p2a: Aerodactyl|Protect\n|move|p1b: Incineroar|Fake Out|p2a: Aerodactyl\n|-activate|p2a: Aerodactyl|move: Protect\n|move|p1a: Dragonite|Tailwind|p1a: Dragonite\n|-sidestart|p1: khaoz x|move: Tailwind\n|move|p2b: Victreebel|Sludge Bomb|p1b: Incineroar\n|-damage|p1b: Incineroar|69/100\n|\n|upkeep\n|turn|2\n|inactive|khaoz x has 30 seconds left.\n|inactive|GoofyRonald756 has 30 seconds left.\n|inactive|GoofyRonald756 has 20 seconds left.\n|inactive|GoofyRonald756 has 15 seconds left.\n|inactive|khaoz x has 20 seconds left.\n|inactive|khaoz x has 15 seconds left.\n|\n|t:|1775938291\n|move|p1a: Dragonite|Superpower|p2a: Aerodactyl\n|-damage|p2a: Aerodactyl|38/100\n|-unboost|p1a: Dragonite|atk|1\n|-unboost|p1a: Dragonite|def|1\n|move|p2a: Aerodactyl|Rock Slide|p1b: Incineroar|[spread] p1a,p1b\n|-supereffective|p1a: Dragonite|1\n|-supereffective|p1b: Incineroar|1\n|-crit|p1b: Incineroar\n|-damage|p1a: Dragonite|78/100\n|-damage|p1b: Incineroar|0 fnt\n|faint|p1b: Incineroar\n|move|p2b: Victreebel|Sludge Bomb|p1a: Dragonite\n|-damage|p1a: Dragonite|39/100\n|\n|-heal|p1a: Dragonite|45/100|[from] item: Leftovers\n|upkeep\n|\n|t:|1775938300\n|switch|p1b: Maushold|Maushold, L50, shiny|100/100\n|turn|3\n|\n|t:|1775938312\n|switch|p2a: Incineroar|Incineroar, L50, M|100/100\n|-ability|p2a: Incineroar|Intimidate|boost\n|-unboost|p1a: Dragonite|atk|1\n|-unboost|p1b: Maushold|atk|1\n|move|p1b: Maushold|Super Fang|p2b: Victreebel|[miss]\n|-miss|p1b: Maushold|p2b: Victreebel\n|move|p1a: Dragonite|Superpower|p2a: Incineroar\n|-supereffective|p2a: Incineroar|1\n|-damage|p2a: Incineroar|65/100\n|-unboost|p1a: Dragonite|atk|1\n|-unboost|p1a: Dragonite|def|1\n|move|p2b: Victreebel|Sludge Bomb|p1b: Maushold\n|-damage|p1b: Maushold|52/100\n|-status|p1b: Maushold|psn\n|\n|-heal|p1a: Dragonite|52/100|[from] item: Leftovers\n|-heal|p2a: Incineroar|71/100|[from] item: Leftovers\n|-damage|p1b: Maushold|40/100 psn|[from] psn\n|upkeep\n|turn|4\n|\n|t:|1775938334\n|switch|p1a: Charizard|Charizard, L50, F, shiny|100/100\n|move|p2a: Incineroar|Fake Out|p1b: Maushold\n|-damage|p1b: Maushold|29/100 psn\n|cant|p1b: Maushold|flinch\n|move|p2b: Victreebel|Sleep Powder|p1a: Charizard\n|-status|p1a: Charizard|slp|[from] move: Sleep Powder\n|\n|-heal|p2a: Incineroar|77/100|[from] item: Leftovers\n|-damage|p1b: Maushold|17/100 psn|[from] psn\n|-sideend|p1: khaoz x|move: Tailwind\n|upkeep\n|turn|5\n|-message|khaoz x forfeited.\n|\n|win|GoofyRonald756\n|raw|khaoz x's rating: 1000 &rarr; <strong>1000</strong><br />(+0 for losing)\n|raw|GoofyRonald756's rating: 1045 &rarr; <strong>1074</strong><br />(+29 for winning)\n|l|\u2606khaoz x\n|player|p1|\n",
  "uploadtime": 1775938351,
  "views": 14,
  "formatid": "gen9championsvgc2026regma",
  "rating": 1000,
  "private": 0,
  "password": null
}