{
  "id": "gen9championsvgc2026regma-2586790466",
  "format": "[Gen 9 Champions] VGC 2026 Reg M-A",
  "players": [
    "skittycel",
    "Meowmix407"
  ],
  "log": "|j|\u2606skittycel\n|j|\u2606Meowmix407\n|t:|1776460132\n|gametype|doubles\n|player|p1|skittycel|#pmpliiidachsbuns|\n|player|p2|Meowmix407|170|\n|gen|9\n|tier|[Gen 9 Champions] VGC 2026 Reg M-A\n|rated|Tournament battle\n|rule|Species Clause: Limit one of each Pok\u00e9mon\n|rule|Item Clause: Limit 1 of each item\n|raw|<div class=\"infobox\"><details class=\"readmore\" open><summary><strong>1 custom rule:</strong></summary> Force Open Team Sheets</details></div>\n|clearpoke\n|poke|p1|Dragonite, L50, F|\n|poke|p1|Gardevoir, L50, M|\n|poke|p1|Rotom-Wash, L50|\n|poke|p1|Maushold, L50|\n|poke|p1|Kingambit, L50, M|\n|poke|p1|Gengar, L50, M|\n|poke|p2|Aerodactyl, L50, M|\n|poke|p2|Floette-Eternal, L50, F|\n|poke|p2|Rotom-Wash, L50|\n|poke|p2|Incineroar, L50, M|\n|poke|p2|Garchomp, L50, F|\n|poke|p2|Sneasler, L50, M|\n|teampreview|4\n|showteam|p1|Dragonite||LumBerry|Multiscale|DragonClaw,FirePunch,Tailwind,Protect|||F|||50|]Gardevoir||Gardevoirite|Trace|HyperVoice,Psyshock,TrickRoom,Protect|||M|||50|]Rotom-Wash||SitrusBerry|Levitate|HydroPump,VoltSwitch,WillOWisp,Thunderbolt||||||50|]Maushold||FocusSash|FriendGuard|SuperFang,FollowMe,Protect,Feint||||||50|]Kingambit||BlackGlasses|Defiant|KowtowCleave,SuckerPunch,LowKick,Protect|||M|||50|]Gengar||Gengarite|CursedBody|ShadowBall,SludgeBomb,Psychic,Protect|||M|||50|\n|showteam|p2|Aerodactyl||FocusSash|Unnerve|Tailwind,RockSlide,DualWingbeat,Protect|||M|||50|]Floette-Eternal||Floettite|FlowerVeil|DazzlingGleam,Moonblast,CalmMind,Protect|||F|||50|]Rotom-Wash||Magnet|Levitate|HydroPump,Thunderbolt,VoltSwitch,Protect||||||50|]Incineroar||SitrusBerry|Intimidate|ThroatChop,FlareBlitz,FakeOut,PartingShot|||M|||50|]Garchomp||YacheBerry|RoughSkin|Earthquake,DragonClaw,Crunch,Protect|||F|||50|]Sneasler||WhiteHerb|Unburden|CloseCombat,DireClaw,Acrobatics,FakeOut|||M|||50|\n|inactive|Battle timer is ON: inactive players will automatically lose when time's up. (requested by skittycel)\nskittycel has agreed to open team sheets.\n|c|\u2606Meowmix407|glhf!\n|c|\u2606skittycel|u2\n|inactive|skittycel has 60 seconds left.\n|inactive|Meowmix407 has 60 seconds left.\n|\n|t:|1776460189\n|teamsize|p1|4\n|teamsize|p2|4\n|start\n|switch|p1a: Gengar|Gengar, L50, M|100/100\n|switch|p1b: Rotom|Rotom-Wash, L50|100/100\n|switch|p2a: Aerodactyl|Aerodactyl, L50, M|100/100\n|switch|p2b: Garchomp|Garchomp, L50, F|100/100\n|-ability|p2a: Aerodactyl|Unnerve\n|turn|1\n|\n|t:|1776460207\n|move|p1a: Gengar|Protect|p1a: Gengar\n|-singleturn|p1a: Gengar|Protect\n|move|p2a: Aerodactyl|Tailwind|p2a: Aerodactyl\n|-sidestart|p2: Meowmix407|move: Tailwind\n|move|p2b: Garchomp|Earthquake|p1a: Gengar|[spread] \n|-activate|p1a: Gengar|move: Protect\n|-immune|p2a: Aerodactyl\n|-immune|p1b: Rotom|[from] ability: Levitate\n|move|p1b: Rotom|Volt Switch|p2a: Aerodactyl\n|-supereffective|p2a: Aerodactyl|1\n|-damage|p2a: Aerodactyl|18/100\n|\n|t:|1776460215\n|switch|p1b: Maushold|Maushold, L50|100/100|[from] Volt Switch\n|\n|upkeep\n|turn|2\n|\n|t:|1776460234\n|switch|p1a: Rotom|Rotom-Wash, L50|100/100\n|move|p1b: Maushold|Protect|p1b: Maushold\n|-singleturn|p1b: Maushold|Protect\n|move|p2a: Aerodactyl|Rock Slide|p1a: Rotom|[spread] p1a\n|-activate|p1b: Maushold|move: Protect\n|-damage|p1a: Rotom|82/100\n|move|p2b: Garchomp|Earthquake|p1a: Rotom|[spread] \n|-activate|p1b: Maushold|move: Protect\n|-immune|p2a: Aerodactyl\n|-immune|p1a: Rotom|[from] ability: Levitate\n|\n|upkeep\n|turn|3\n|inactive|Meowmix407 has 30 seconds left.\n|\n|t:|1776460260\n|switch|p2a: Sneasler|Sneasler, L50, M|100/100\n|move|p2b: Garchomp|Dragon Claw|p1b: Maushold\n|-damage|p1b: Maushold|37/100\n|move|p1b: Maushold|Super Fang|p2b: Garchomp\n|-damage|p2b: Garchomp|51/100\n|-damage|p1b: Maushold|25/100|[from] ability: Rough Skin|[of] p2b: Garchomp\n|move|p1a: Rotom|Will-O-Wisp|p2b: Garchomp\n|-status|p2b: Garchomp|brn\n|\n|-damage|p2b: Garchomp|45/100 brn|[from] brn\n|upkeep\n|turn|4\n|\n|t:|1776460283\n|switch|p1a: Gengar|Gengar, L50, M|100/100\n|move|p1b: Maushold|Protect|p1b: Maushold\n|-singleturn|p1b: Maushold|Protect\n|move|p2a: Sneasler|Close Combat|p1a: Gengar\n|-immune|p1a: Gengar\n|move|p2b: Garchomp|Dragon Claw|p1b: Maushold\n|-activate|p1b: Maushold|move: Protect\n|\n|-damage|p2b: Garchomp|39/100 brn|[from] brn\n|-sideend|p2: Meowmix407|move: Tailwind\n|upkeep\n|turn|5\n|inactive|skittycel has 30 seconds left.\n|\n|t:|1776460311\n|switch|p2b: Aerodactyl|Aerodactyl, L50, M|18/100\n|-ability|p2b: Aerodactyl|Unnerve\n|detailschange|p1a: Gengar|Gengar-Mega, L50, M\n|-mega|p1a: Gengar|Gengar|Gengarite\n|move|p1a: Gengar|Psychic|p2a: Sneasler\n|-supereffective|p2a: Sneasler|2\n|-damage|p2a: Sneasler|0 fnt\n|faint|p2a: Sneasler\n|move|p1b: Maushold|Super Fang|p2b: Aerodactyl\n|-damage|p2b: Aerodactyl|10/100\n|\n|upkeep\n|\n|t:|1776460324\n|switch|p2a: Floette|Floette-Eternal, L50, F|100/100\n|turn|6\n|\n|t:|1776460338\n|detailschange|p2a: Floette|Floette-Mega, L50, F\n|-mega|p2a: Floette|Floette|Floettite\n|-ability|p2a: Floette|Fairy Aura\n|move|p2a: Floette|Protect|p2a: Floette\n|-singleturn|p2a: Floette|Protect\n|move|p1b: Maushold|Feint|p2a: Floette\n|-activate|p2a: Floette|move: Feint\n|-damage|p2a: Floette|92/100\n|move|p1a: Gengar|Sludge Bomb|p2a: Floette\n|-supereffective|p2a: Floette|1\n|-crit|p2a: Floette\n|-damage|p2a: Floette|0 fnt\n|faint|p2a: Floette\n|move|p2b: Aerodactyl|Tailwind|p2b: Aerodactyl\n|-sidestart|p2: Meowmix407|move: Tailwind\n|\n|upkeep\n|c|\u2606Meowmix407|Niiiice\n|c|\u2606Meowmix407|haven't seen feint run muchg\n|\n|t:|1776460358\n|switch|p2a: Garchomp|Garchomp, L50, F|39/100 brn\n|turn|7\n|\n|t:|1776460369\n|switch|p1b: Rotom|Rotom-Wash, L50|82/100\n|move|p1a: Gengar|Protect|p1a: Gengar\n|-singleturn|p1a: Gengar|Protect\n|move|p2b: Aerodactyl|Dual Wingbeat|p1b: Rotom\n|-resisted|p1b: Rotom|1\n|-damage|p1b: Rotom|73/100\n|-resisted|p1b: Rotom|1\n|-damage|p1b: Rotom|65/100\n|-hitcount|p1b: Rotom|2\n|move|p2a: Garchomp|Earthquake|p1a: Gengar|[spread] \n|-activate|p1a: Gengar|move: Protect\n|-immune|p2b: Aerodactyl\n|-immune|p1b: Rotom|[from] ability: Levitate\n|\n|-damage|p2a: Garchomp|33/100 brn|[from] brn\n|upkeep\n|turn|8\n|\n|t:|1776460389\n|switch|p1a: Maushold|Maushold, L50|25/100\n|move|p2b: Aerodactyl|Rock Slide|p1b: Rotom|[spread] p1a,p1b\n|-damage|p1a: Maushold|0 fnt\n|-damage|p1b: Rotom|47/100\n|faint|p1a: Maushold\n|move|p2a: Garchomp|Earthquake|p1b: Rotom|[spread] \n|-immune|p2b: Aerodactyl\n|-immune|p1b: Rotom|[from] ability: Levitate\n|cant|p1b: Rotom|flinch\n|\n|-damage|p2a: Garchomp|27/100 brn|[from] brn\n|upkeep\n|\n|t:|1776460398\n|switch|p1a: Kingambit|Kingambit, L50, M|100/100\n|turn|9\n|inactive|Meowmix407 has 30 seconds left.\n|\n|t:|1776460426\n|move|p2a: Garchomp|Protect|p2a: Garchomp\n|-singleturn|p2a: Garchomp|Protect\n|move|p1a: Kingambit|Sucker Punch||[still]\n|-fail|p1a: Kingambit\n|move|p2b: Aerodactyl|Rock Slide|p1b: Rotom|[spread] p1a,p1b\n|-resisted|p1a: Kingambit|1\n|-damage|p1a: Kingambit|92/100\n|-damage|p1b: Rotom|25/100\n|move|p1b: Rotom|Volt Switch|p2b: Aerodactyl\n|-supereffective|p2b: Aerodactyl|1\n|-damage|p2b: Aerodactyl|0 fnt\n|-enditem|p1b: Rotom|Sitrus Berry|[eat]\n|-heal|p1b: Rotom|50/100|[from] item: Sitrus Berry\n|faint|p2b: Aerodactyl\n|\n|t:|1776460430\n|switch|p1b: Gengar|Gengar-Mega, L50, M|100/100|[from] Volt Switch\n|\n|-damage|p2a: Garchomp|21/100 brn|[from] brn\n|-sideend|p2: Meowmix407|move: Tailwind\n|upkeep\n|turn|10\n|\n|t:|1776460444\n|move|p1a: Kingambit|Sucker Punch|p2a: Garchomp\n|-damage|p2a: Garchomp|0 fnt\n|-damage|p1a: Kingambit|80/100|[from] ability: Rough Skin|[of] p2a: Garchomp\n|faint|p2a: Garchomp\n|\n|win|skittycel\n|n|\u2606skittycel|skittycel\n|n|\u2606Meowmix407|meowmix407\n",
  "uploadtime": 1776460446,
  "views": 19,
  "formatid": "gen9championsvgc2026regma",
  "rating": null,
  "private": 0,
  "password": null
}