{
  "id": "gen9championsvgc2026regma-2581417062",
  "format": "[Gen 9 Champions] VGC 2026 Reg M-A",
  "players": [
    "Saymonster",
    "Mask4M"
  ],
  "log": "|j|\u2606Saymonster\n|j|\u2606Mask4M\n|t:|1775998278\n|gametype|doubles\n|player|p1|Saymonster|shadowtriad|1000\n|player|p2|Mask4M|102|1085\n|gen|9\n|tier|[Gen 9 Champions] VGC 2026 Reg M-A\n|rated|\n|rule|Species Clause: Limit one of each Pok\u00e9mon\n|rule|Item Clause: Limit 1 of each item\n|clearpoke\n|poke|p1|Kommo-o, L50, M|\n|poke|p1|Meowstic-F, L50, F|\n|poke|p1|Delphox, L50, F|\n|poke|p1|Incineroar, L50, M|\n|poke|p1|Sneasler, L50, F|\n|poke|p1|Torkoal, L50, M|\n|poke|p2|Glimmora, L50, M|\n|poke|p2|Froslass, L50, F|\n|poke|p2|Sneasler, L50, M|\n|poke|p2|Incineroar, L50, M|\n|poke|p2|Whimsicott, L50, F|\n|poke|p2|Gyarados, L50, M|\n|teampreview|4\nMask4M has agreed to open team sheets.\n|inactive|Battle timer is ON: inactive players will automatically lose when time's up. (requested by Saymonster)\n|\n|t:|1775998343\n|teamsize|p1|4\n|teamsize|p2|4\n|start\n|switch|p1a: Kommo-o|Kommo-o, L50, M|100/100\n|switch|p1b: Meowstic|Meowstic-F, L50, F|100/100\n|switch|p2a: Incineroar|Incineroar, L50, M|100/100\n|switch|p2b: Whimsicott|Whimsicott, L50, F|100/100\n|-ability|p2a: Incineroar|Intimidate|boost\n|-unboost|p1a: Kommo-o|atk|1\n|-unboost|p1b: Meowstic|atk|1\n|-ability|p1b: Meowstic|Competitive|boost\n|-boost|p1b: Meowstic|spa|2\n|turn|1\n|inactive|Saymonster has 30 seconds left.\n|\n|t:|1775998372\n|move|p2a: Incineroar|Fake Out|p1a: Kommo-o\n|-damage|p1a: Kommo-o|90/100\n|move|p2b: Whimsicott|Tailwind|p2b: Whimsicott\n|-sidestart|p2: Mask4M|move: Tailwind\n|move|p1b: Meowstic|Skill Swap|p1a: Kommo-o\n|-activate|p1b: Meowstic|Skill Swap|||[of] p1a: Kommo-o\n|cant|p1a: Kommo-o|flinch\n|\n|-heal|p1a: Kommo-o|96/100|[from] item: Leftovers\n|upkeep\n|turn|2\n|\n|t:|1775998397\n|detailschange|p1b: Meowstic|Meowstic-F-Mega, L50, F\n|-mega|p1b: Meowstic|Meowstic|Meowsticite\n|-ability|p1b: Meowstic|Prankster|Trace|[from] ability: Trace|[of] p2b: Whimsicott\n|move|p1a: Kommo-o|Protect|p1a: Kommo-o\n|-singleturn|p1a: Kommo-o|Protect\n|move|p2b: Whimsicott|Moonblast|p1a: Kommo-o\n|-activate|p1a: Kommo-o|move: Protect\n|move|p1b: Meowstic|Expanding Force|p2b: Whimsicott\n|-damage|p2b: Whimsicott|2/100\n|move|p2a: Incineroar|Throat Chop|p1b: Meowstic\n|-supereffective|p1b: Meowstic|1\n|-damage|p1b: Meowstic|15/100\n|-start|p1b: Meowstic|Throat Chop|[silent]\n|\n|-heal|p1a: Kommo-o|100/100|[from] item: Leftovers\n|upkeep\n|turn|3\n|inactive|Saymonster has 30 seconds left.\n|inactive|Mask4M has 30 seconds left.\n|inactive|Saymonster has 20 seconds left.\n|inactive|Mask4M has 20 seconds left.\n|inactive|Saymonster has 15 seconds left.\n|inactive|Saymonster has 10 seconds left.\n|inactive|Saymonster has 5 seconds left.\n|\n|t:|1775998451\n|switch|p1a: Incineroar|Incineroar, L50, M|100/100\n|-ability|p1a: Incineroar|Intimidate|boost\n|-unboost|p2a: Incineroar|atk|1\n|-unboost|p2b: Whimsicott|atk|1\n|move|p2b: Whimsicott|Moonblast|p1a: Incineroar\n|-damage|p1a: Incineroar|65/100\n|move|p1b: Meowstic|Expanding Force|p2b: Whimsicott\n|-damage|p2b: Whimsicott|0 fnt\n|faint|p2b: Whimsicott\n|move|p2a: Incineroar|Flare Blitz|p1b: Meowstic\n|-damage|p1b: Meowstic|0 fnt\n|faint|p1b: Meowstic\n|-damage|p2a: Incineroar|97/100|[from] Recoil\n|\n|upkeep\n|\n|t:|1775998471\n|switch|p1b: Kommo-o|Kommo-o, L50, M|100/100\n|switch|p2b: Glimmora|Glimmora, L50, M|100/100\n|turn|4\n|inactive|Saymonster has 30 seconds left.\n|\n|t:|1775998501\n|move|p2b: Glimmora|Spiky Shield|p2b: Glimmora\n|-singleturn|p2b: Glimmora|move: Protect\n|move|p1a: Incineroar|Fake Out|p2b: Glimmora\n|-activate|p2b: Glimmora|move: Protect\n|-damage|p1a: Incineroar|53/100|[from] Spiky Shield|[of] p2b: Glimmora\n|move|p1b: Kommo-o|Flash Cannon|p2b: Glimmora\n|-activate|p2b: Glimmora|move: Protect\n|move|p2a: Incineroar|Parting Shot|p1a: Incineroar\n|-unboost|p1a: Incineroar|atk|1\n|-unboost|p1a: Incineroar|spa|1\n|\n|t:|1775998512\n|switch|p2a: Sneasler|Sneasler, L50, M|100/100|[from] Parting Shot\n|\n|-sideend|p2: Mask4M|move: Tailwind\n|upkeep\n|turn|5\n|inactive|Mask4M has 30 seconds left.\n|\n|t:|1775998537\n|detailschange|p2b: Glimmora|Glimmora-Mega, L50, M\n|-mega|p2b: Glimmora|Glimmora|Glimmoranite\n|move|p2a: Sneasler|Fake Out|p1b: Kommo-o\n|-damage|p1b: Kommo-o|83/100\n|move|p2b: Glimmora|Power Gem|p1a: Incineroar\n|-supereffective|p1a: Incineroar|1\n|-damage|p1a: Incineroar|0 fnt\n|faint|p1a: Incineroar\n|cant|p1b: Kommo-o|flinch\n|\n|-heal|p1b: Kommo-o|89/100|[from] item: Leftovers\n|upkeep\n|\n|t:|1775998550\n|switch|p1a: Torkoal|Torkoal, L50, M|100/100\n|-weather|SunnyDay|[from] ability: Drought|[of] p1a: Torkoal\n|turn|6\n|inactive|Mask4M has 30 seconds left.\n|inactive|Mask4M has 20 seconds left.\n|\n|t:|1775998587\n|move|p2a: Sneasler|Protect|p2a: Sneasler\n|-singleturn|p2a: Sneasler|Protect\n|move|p2b: Glimmora|Power Gem|p1a: Torkoal\n|-supereffective|p1a: Torkoal|1\n|-damage|p1a: Torkoal|0 fnt\n|faint|p1a: Torkoal\n|move|p1b: Kommo-o|Clanging Scales|p2b: Glimmora|[spread] p2b\n|-activate|p2a: Sneasler|move: Protect\n|-damage|p2b: Glimmora|59/100\n|-unboost|p1b: Kommo-o|def|1\n|\n|-weather|SunnyDay|[upkeep]\n|-heal|p1b: Kommo-o|95/100|[from] item: Leftovers\n|upkeep\n|turn|7\n|\n|t:|1775998603\n|move|p2a: Sneasler|Close Combat|p1b: Kommo-o\n|-damage|p1b: Kommo-o|0 fnt\n|-unboost|p2a: Sneasler|def|1\n|-unboost|p2a: Sneasler|spd|1\n|faint|p1b: Kommo-o\n|\n|win|Mask4M\n|raw|Saymonster's rating: 1000 &rarr; <strong>1000</strong><br />(+0 for losing)\n|raw|Mask4M's rating: 1085 &rarr; <strong>1106</strong><br />(+21 for winning)\n",
  "uploadtime": 1775998610,
  "views": 27,
  "formatid": "gen9championsvgc2026regma",
  "rating": 1000,
  "private": 0,
  "password": null
}