{
  "id": "gen9championsvgc2026regma-2586945802",
  "format": "[Gen 9 Champions] VGC 2026 Reg M-A",
  "players": [
    "Kawanohito",
    "glacierdoop"
  ],
  "log": "|j|\u2606Kawanohito\n|j|\u2606glacierdoop\n|t:|1776474387\n|gametype|doubles\n|player|p1|Kawanohito|2|1294\n|player|p2|glacierdoop|169|1299\n|gen|9\n|tier|[Gen 9 Champions] VGC 2026 Reg M-A\n|rated|\n|rule|Species Clause: Limit one of each Pok\u00e9mon\n|rule|Item Clause: Limit 1 of each item\n|clearpoke\n|poke|p1|Slowbro, L50, F|\n|poke|p1|Incineroar, L50, F|\n|poke|p1|Sinistcha, L50|\n|poke|p1|Sneasler, L50, M|\n|poke|p1|Gengar, L50, M|\n|poke|p1|Meowstic, L50, M|\n|poke|p2|Crabominable, L50, F|\n|poke|p2|Abomasnow, L50, M|\n|poke|p2|Sinistcha, L50|\n|poke|p2|Incineroar, L50, F|\n|poke|p2|Garchomp, L50, M|\n|poke|p2|Aerodactyl, L50, M|\n|teampreview|4\n|inactive|Battle timer is ON: inactive players will automatically lose when time's up. (requested by glacierdoop)\n|\n|t:|1776474409\n|teamsize|p1|4\n|teamsize|p2|4\n|start\n|switch|p1a: Slowbro|Slowbro, L50, F|100/100\n|switch|p1b: Meowstic|Meowstic, L50, M|100/100\n|switch|p2a: THE BIG DOUG|Sinistcha, L50|100/100\n|switch|p2b: Douglas|Incineroar, L50, F|100/100\n|-ability|p2b: Douglas|Intimidate|boost\n|-fail|p1a: Slowbro|unboost|Attack|[from] ability: Oblivious|[of] p1a: Slowbro\n|-unboost|p1b: Meowstic|atk|1\n|turn|1\n|\n|t:|1776474432\n|detailschange|p1a: Slowbro|Slowbro-Mega, L50, F\n|-mega|p1a: Slowbro|Slowbro|Slowbronite\n|move|p1b: Meowstic|Fake Out|p2b: Douglas\n|-damage|p2b: Douglas|97/100\n|cant|p2b: Douglas|flinch\n|move|p1a: Slowbro|Amnesia|p1a: Slowbro\n|-boost|p1a: Slowbro|spd|2\n|move|p2a: THE BIG DOUG|Trick Room|p2a: THE BIG DOUG\n|-fieldstart|move: Trick Room|[of] p2a: THE BIG DOUG\n|\n|upkeep\n|turn|2\n|inactive|glacierdoop has 30 seconds left.\n|\n|t:|1776474463\n|switch|p1b: Incineroar|Incineroar, L50, F|100/100\n|-ability|p1b: Incineroar|Intimidate|boost\n|-unboost|p2a: THE BIG DOUG|atk|1\n|-unboost|p2b: Douglas|atk|1\n|move|p1a: Slowbro|Iron Defense|p1a: Slowbro\n|-boost|p1a: Slowbro|def|2\n|move|p2b: Douglas|Parting Shot|p1b: Incineroar\n|-unboost|p1b: Incineroar|atk|1\n|-unboost|p1b: Incineroar|spa|1\n|\n|t:|1776474470\n|switch|p2b: St. Doug|Abomasnow, L50, M|100/100|[from] Parting Shot\n|-weather|Snowscape|[from] ability: Snow Warning|[of] p2b: St. Doug\n|move|p2a: THE BIG DOUG|Matcha Gotcha|p1b: Incineroar|[spread] p1a,p1b\n|-supereffective|p1a: Slowbro|1\n|-resisted|p1b: Incineroar|1\n|-damage|p1a: Slowbro|73/100\n|-damage|p1b: Incineroar|87/100\n|\n|-weather|Snowscape|[upkeep]\n|upkeep\n|turn|3\n|inactive|Kawanohito has 30 seconds left.\n|\n|t:|1776474500\n|move|p2b: St. Doug|Protect|p2b: St. Doug\n|-singleturn|p2b: St. Doug|Protect\n|move|p1b: Incineroar|Fake Out|p2b: St. Doug\n|-activate|p2b: St. Doug|move: Protect\n|move|p1a: Slowbro|Amnesia|p1a: Slowbro\n|-boost|p1a: Slowbro|spd|2\n|move|p2a: THE BIG DOUG|Matcha Gotcha|p1a: Slowbro|[spread] p1b\n|-miss|p2a: THE BIG DOUG|p1a: Slowbro\n|-resisted|p1b: Incineroar|1\n|-damage|p1b: Incineroar|73/100\n|\n|-weather|Snowscape|[upkeep]\n|upkeep\n|turn|4\n|\n|t:|1776474524\n|switch|p2a: Doug|Crabominable, L50, F|100/100\n|move|p1a: Slowbro|Body Press|p2b: St. Doug\n|-supereffective|p2b: St. Doug|1\n|-enditem|p2b: St. Doug|Focus Sash\n|-damage|p2b: St. Doug|1/100\n|move|p2b: St. Doug|Frost Breath|p2a: Doug\n|-resisted|p2a: Doug|1\n|-crit|p2a: Doug\n|-damage|p2a: Doug|76/100\n|-setboost|p2a: Doug|atk|6|[from] ability: Anger Point\n|move|p1b: Incineroar|Will-O-Wisp|p2a: Doug\n|-status|p2a: Doug|brn\n|\n|-weather|Snowscape|[upkeep]\n|-damage|p2a: Doug|71/100 brn|[from] brn\n|upkeep\n|turn|5\n|\n|t:|1776474548\n|switch|p1b: Meowstic|Meowstic, L50, M|100/100\n|detailschange|p2a: Doug|Crabominable-Mega, L50, F\n|-mega|p2a: Doug|Crabominable|Crabominite\n|move|p2a: Doug|Ice Hammer|p1a: Slowbro\n|-resisted|p1a: Slowbro|1\n|-damage|p1a: Slowbro|53/100\n|-unboost|p2a: Doug|spe|1\n|move|p1a: Slowbro|Body Press|p2a: Doug\n|-supereffective|p2a: Doug|1\n|-damage|p2a: Doug|4/100 brn\n|move|p2b: St. Doug|Grass Knot|p1a: Slowbro\n|-supereffective|p1a: Slowbro|1\n|-damage|p1a: Slowbro|28/100\n|\n|-weather|Snowscape|[upkeep]\n|-damage|p2a: Doug|0 fnt|[from] brn\n|faint|p2a: Doug\n|-fieldend|move: Trick Room\n|upkeep\n|\n|t:|1776474562\n|switch|p2a: THE BIG DOUG|Sinistcha, L50|100/100\n|-heal|p2b: St. Doug|26/100|[from] ability: Hospitality|[of] p2a: THE BIG DOUG\n|turn|6\n|\n|t:|1776474571\n|move|p1b: Meowstic|Fake Out|p2b: St. Doug\n|-damage|p2b: St. Doug|21/100\n|move|p2a: THE BIG DOUG|Matcha Gotcha|p1a: Slowbro|[spread] p1a\n|-miss|p2a: THE BIG DOUG|p1b: Meowstic\n|-supereffective|p1a: Slowbro|1\n|-damage|p1a: Slowbro|12/100\n|-status|p1a: Slowbro|brn\n|cant|p2b: St. Doug|flinch\n|move|p1a: Slowbro|Slack Off|p1a: Slowbro\n|-heal|p1a: Slowbro|62/100 brn\n|\n|-weather|none\n|-damage|p1a: Slowbro|56/100 brn|[from] brn\n|upkeep\n|turn|7\n|\n|t:|1776474594\n|switch|p1b: Sinistcha|Sinistcha, L50|100/100\n|-heal|p1a: Slowbro|81/100 brn|[from] ability: Hospitality|[of] p1b: Sinistcha\n|move|p2a: THE BIG DOUG|Shadow Ball|p1a: Slowbro\n|-supereffective|p1a: Slowbro|1\n|-damage|p1a: Slowbro|56/100 brn\n|-unboost|p1a: Slowbro|spd|1\n|move|p2b: St. Doug|Grass Knot|p1a: Slowbro\n|-supereffective|p1a: Slowbro|1\n|-damage|p1a: Slowbro|26/100 brn\n|move|p1a: Slowbro|Body Press|p2b: St. Doug\n|-supereffective|p2b: St. Doug|1\n|-damage|p2b: St. Doug|0 fnt\n|faint|p2b: St. Doug\n|\n|-damage|p1a: Slowbro|20/100 brn|[from] brn\n|upkeep\n|\n|t:|1776474606\n|switch|p2b: Douglas|Incineroar, L50, F|97/100\n|-ability|p2b: Douglas|Intimidate|boost\n|-unboost|p1a: Slowbro|atk|1\n|-unboost|p1b: Sinistcha|atk|1\n|turn|8\n|inactive|Kawanohito has 30 seconds left.\n|inactive|Kawanohito has 20 seconds left.\n|inactive|Kawanohito has 15 seconds left.\n|inactive|Kawanohito has 10 seconds left.\n|\n|t:|1776474652\n|move|p1b: Sinistcha|Psych Up|p1a: Slowbro\n|-copyboost|p1b: Sinistcha|p1a: Slowbro|[from] move: Psych Up\n|move|p2a: THE BIG DOUG|Shadow Ball|p1a: Slowbro\n|-supereffective|p1a: Slowbro|1\n|-damage|p1a: Slowbro|0 fnt\n|faint|p1a: Slowbro\n|move|p2b: Douglas|Flare Blitz|p1b: Sinistcha\n|-supereffective|p1b: Sinistcha|1\n|-damage|p1b: Sinistcha|42/100\n|-damage|p2b: Douglas|80/100|[from] Recoil\n|\n|-heal|p1b: Sinistcha|48/100|[from] item: Leftovers\n|upkeep\n|\n|t:|1776474664\n|switch|p1a: Incineroar|Incineroar, L50, F|73/100\n|-ability|p1a: Incineroar|Intimidate|boost\n|-unboost|p2a: THE BIG DOUG|atk|1\n|-unboost|p2b: Douglas|atk|1\n|turn|9\n|\n|t:|1776474684\n|move|p1a: Incineroar|Fake Out|p2b: Douglas\n|-damage|p2b: Douglas|70/100\n|move|p1b: Sinistcha|Life Dew|p1b: Sinistcha|[spread] p1a,p1b\n|-heal|p1a: Incineroar|98/100\n|-heal|p1b: Sinistcha|74/100\n|move|p2a: THE BIG DOUG|Shadow Ball|p1b: Sinistcha\n|-supereffective|p1b: Sinistcha|1\n|-crit|p1b: Sinistcha\n|-damage|p1b: Sinistcha|0 fnt\n|faint|p1b: Sinistcha\n|cant|p2b: Douglas|flinch\n|\n|upkeep\n|\n|t:|1776474695\n|switch|p1b: Meowstic|Meowstic, L50, M|100/100\n|turn|10\n|\n|t:|1776474711\n|move|p1b: Meowstic|Fake Out|p2b: Douglas\n|-damage|p2b: Douglas|64/100\n|move|p2a: THE BIG DOUG|Shadow Ball|p1b: Meowstic\n|-supereffective|p1b: Meowstic|1\n|-damage|p1b: Meowstic|8/100\n|move|p1a: Incineroar|Darkest Lariat|p2a: THE BIG DOUG\n|-supereffective|p2a: THE BIG DOUG|1\n|-damage|p2a: THE BIG DOUG|39/100\n|cant|p2b: Douglas|flinch\n|\n|upkeep\n|turn|11\n|\n|t:|1776474728\n|move|p2a: THE BIG DOUG|Protect|p2a: THE BIG DOUG\n|-singleturn|p2a: THE BIG DOUG|Protect\n|move|p1b: Meowstic|Reflect|p1b: Meowstic\n|-sidestart|p1: Kawanohito|Reflect\n|move|p1a: Incineroar|Darkest Lariat|p2a: THE BIG DOUG\n|-activate|p2a: THE BIG DOUG|move: Protect\n|move|p2b: Douglas|Flare Blitz|p1a: Incineroar\n|-resisted|p1a: Incineroar|1\n|-damage|p1a: Incineroar|88/100\n|-damage|p2b: Douglas|61/100|[from] Recoil\n|\n|upkeep\n|turn|12\n|\n|t:|1776474749\n|move|p1b: Meowstic|Light Screen|p1b: Meowstic\n|-sidestart|p1: Kawanohito|move: Light Screen\n|move|p2a: THE BIG DOUG|Shadow Ball|p1b: Meowstic\n|-supereffective|p1b: Meowstic|1\n|-damage|p1b: Meowstic|0 fnt\n|faint|p1b: Meowstic\n|move|p1a: Incineroar|Darkest Lariat|p2a: THE BIG DOUG\n|-supereffective|p2a: THE BIG DOUG|1\n|-damage|p2a: THE BIG DOUG|0 fnt\n|faint|p2a: THE BIG DOUG\n|move|p2b: Douglas|Parting Shot|p1a: Incineroar\n|-unboost|p1a: Incineroar|atk|1\n|-unboost|p1a: Incineroar|spa|1\n|\n|upkeep\n|turn|13\n|\n|t:|1776474765\n|move|p1a: Incineroar|Darkest Lariat|p2b: Douglas\n|-resisted|p2b: Douglas|1\n|-damage|p2b: Douglas|51/100\n|move|p2b: Douglas|Parting Shot|p1a: Incineroar\n|-unboost|p1a: Incineroar|atk|1\n|-unboost|p1a: Incineroar|spa|1\n|\n|upkeep\n|turn|14\n|\n|t:|1776474772\n|move|p1a: Incineroar|Darkest Lariat|p2b: Douglas\n|-resisted|p2b: Douglas|1\n|-damage|p2b: Douglas|44/100\n|-enditem|p2b: Douglas|Sitrus Berry|[eat]\n|-heal|p2b: Douglas|68/100|[from] item: Sitrus Berry\n|move|p2b: Douglas|Parting Shot|p1a: Incineroar\n|-unboost|p1a: Incineroar|atk|1\n|-unboost|p1a: Incineroar|spa|1\n|\n|upkeep\n|turn|15\n|\n|t:|1776474786\n|move|p1a: Incineroar|Darkest Lariat|p2b: Douglas\n|-resisted|p2b: Douglas|1\n|-damage|p2b: Douglas|62/100\n|move|p2b: Douglas|Parting Shot|p1a: Incineroar\n|-unboost|p1a: Incineroar|atk|1\n|-unboost|p1a: Incineroar|spa|1\n|\n|-sideend|p1: Kawanohito|Reflect\n|upkeep\n|turn|16\n|\n|t:|1776474794\n|move|p1a: Incineroar|Parting Shot|p2b: Douglas\n|-unboost|p2b: Douglas|atk|1\n|-unboost|p2b: Douglas|spa|1\n|move|p2b: Douglas|Flare Blitz|p1a: Incineroar\n|-resisted|p1a: Incineroar|1\n|-damage|p1a: Incineroar|77/100\n|-damage|p2b: Douglas|58/100|[from] Recoil\n|\n|-sideend|p1: Kawanohito|move: Light Screen\n|upkeep\n|turn|17\n|\n|t:|1776474800\n|move|p1a: Incineroar|Parting Shot|p2b: Douglas\n|-unboost|p2b: Douglas|atk|1\n|-unboost|p2b: Douglas|spa|1\n|move|p2b: Douglas|Flare Blitz|p1a: Incineroar\n|-resisted|p1a: Incineroar|1\n|-damage|p1a: Incineroar|67/100\n|-damage|p2b: Douglas|55/100|[from] Recoil\n|\n|upkeep\n|turn|18\n|\n|t:|1776474802\n|move|p1a: Incineroar|Parting Shot|p2b: Douglas\n|-unboost|p2b: Douglas|atk|1\n|-unboost|p2b: Douglas|spa|1\n|move|p2b: Douglas|Throat Chop|p1a: Incineroar\n|-resisted|p1a: Incineroar|1\n|-damage|p1a: Incineroar|62/100\n|-start|p1a: Incineroar|Throat Chop|[silent]\n|\n|upkeep\n|turn|19\n|\n|t:|1776474808\n|move|p1a: Incineroar|Darkest Lariat|p2b: Douglas\n|-resisted|p2b: Douglas|1\n|-damage|p2b: Douglas|50/100\n|move|p2b: Douglas|Throat Chop|p1a: Incineroar\n|-resisted|p1a: Incineroar|1\n|-damage|p1a: Incineroar|56/100\n|\n|-end|p1a: Incineroar|Throat Chop|[silent]\n|upkeep\n|turn|20\n|\n|t:|1776474813\n|move|p1a: Incineroar|Parting Shot|p2b: Douglas\n|-unboost|p2b: Douglas|atk|1\n|-unboost|p2b: Douglas|spa|1\n|move|p2b: Douglas|Throat Chop|p1a: Incineroar\n|-resisted|p1a: Incineroar|1\n|-damage|p1a: Incineroar|52/100\n|-start|p1a: Incineroar|Throat Chop|[silent]\n|\n|upkeep\n|turn|21\n|\n|t:|1776474819\n|move|p1a: Incineroar|Darkest Lariat|p2b: Douglas\n|-resisted|p2b: Douglas|1\n|-damage|p2b: Douglas|44/100\n|move|p2b: Douglas|Flare Blitz|p1a: Incineroar\n|-resisted|p1a: Incineroar|1\n|-damage|p1a: Incineroar|46/100\n|-enditem|p1a: Incineroar|Sitrus Berry|[eat]\n|-heal|p1a: Incineroar|70/100|[from] item: Sitrus Berry\n|-damage|p2b: Douglas|42/100|[from] Recoil\n|\n|-end|p1a: Incineroar|Throat Chop|[silent]\n|upkeep\n|turn|22\n|\n|t:|1776474829\n|move|p1a: Incineroar|Darkest Lariat|p2b: Douglas\n|-resisted|p2b: Douglas|1\n|-damage|p2b: Douglas|37/100\n|move|p2b: Douglas|Parting Shot|p1a: Incineroar\n|-unboost|p1a: Incineroar|atk|1\n|-unboost|p1a: Incineroar|spa|1\n|\n|upkeep\n|turn|23\n|\n|t:|1776474835\n|move|p1a: Incineroar|Parting Shot|p2b: Douglas\n|-unboost|p2b: Douglas|atk|1\n|-unboost|p2b: Douglas|spa|1\n|move|p2b: Douglas|Flare Blitz|p1a: Incineroar\n|-resisted|p1a: Incineroar|1\n|-damage|p1a: Incineroar|64/100\n|-damage|p2b: Douglas|35/100|[from] Recoil\n|\n|upkeep\n|turn|24\n|\n|t:|1776474841\n|move|p1a: Incineroar|Parting Shot|p2b: Douglas\n|-unboost|p2b: Douglas|atk|0\n|-unboost|p2b: Douglas|spa|1\n|move|p2b: Douglas|Parting Shot|p1a: Incineroar\n|-unboost|p1a: Incineroar|atk|1\n|-unboost|p1a: Incineroar|spa|1\n|\n|upkeep\n|turn|25\n|\n|t:|1776474847\n|move|p1a: Incineroar|Parting Shot|p2b: Douglas\n|-unboost|p2b: Douglas|atk|0\n|-unboost|p2b: Douglas|spa|0\n|move|p2b: Douglas|Throat Chop|p1a: Incineroar\n|-resisted|p1a: Incineroar|1\n|-damage|p1a: Incineroar|60/100\n|-start|p1a: Incineroar|Throat Chop|[silent]\n|\n|upkeep\n|turn|26\n|\n|t:|1776474854\n|move|p1a: Incineroar|Darkest Lariat|p2b: Douglas\n|-resisted|p2b: Douglas|1\n|-damage|p2b: Douglas|30/100\n|move|p2b: Douglas|Throat Chop|p1a: Incineroar\n|-resisted|p1a: Incineroar|1\n|-damage|p1a: Incineroar|55/100\n|\n|-end|p1a: Incineroar|Throat Chop|[silent]\n|upkeep\n|turn|27\n|\n|t:|1776474865\n|move|p1a: Incineroar|Parting Shot|p2b: Douglas\n|-unboost|p2b: Douglas|atk|0\n|-unboost|p2b: Douglas|spa|0\n|move|p2b: Douglas|Throat Chop|p1a: Incineroar\n|-resisted|p1a: Incineroar|1\n|-damage|p1a: Incineroar|51/100\n|-start|p1a: Incineroar|Throat Chop|[silent]\n|\n|upkeep\n|turn|28\n|\n|t:|1776474871\n|move|p1a: Incineroar|Darkest Lariat|p2b: Douglas\n|-resisted|p2b: Douglas|1\n|-damage|p2b: Douglas|26/100\n|move|p2b: Douglas|Throat Chop|p1a: Incineroar\n|-resisted|p1a: Incineroar|1\n|-damage|p1a: Incineroar|47/100\n|\n|-end|p1a: Incineroar|Throat Chop|[silent]\n|upkeep\n|turn|29\n|\n|t:|1776474876\n|move|p1a: Incineroar|Parting Shot|p2b: Douglas\n|-unboost|p2b: Douglas|atk|0\n|-unboost|p2b: Douglas|spa|0\n|move|p2b: Douglas|Throat Chop|p1a: Incineroar\n|-resisted|p1a: Incineroar|1\n|-damage|p1a: Incineroar|43/100\n|-start|p1a: Incineroar|Throat Chop|[silent]\n|\n|upkeep\n|turn|30\n|\n|t:|1776474881\n|move|p1a: Incineroar|Will-O-Wisp|p2b: Douglas\n|-immune|p2b: Douglas\n|move|p2b: Douglas|Throat Chop|p1a: Incineroar\n|-resisted|p1a: Incineroar|1\n|-damage|p1a: Incineroar|39/100\n|\n|-end|p1a: Incineroar|Throat Chop|[silent]\n|upkeep\n|turn|31\n|\n|t:|1776474886\n|move|p1a: Incineroar|Parting Shot|p2b: Douglas\n|-unboost|p2b: Douglas|atk|0\n|-unboost|p2b: Douglas|spa|0\n|move|p2b: Douglas|Throat Chop|p1a: Incineroar\n|-resisted|p1a: Incineroar|1\n|-damage|p1a: Incineroar|34/100\n|-start|p1a: Incineroar|Throat Chop|[silent]\n|\n|upkeep\n|turn|32\n|\n|t:|1776474891\n|move|p1a: Incineroar|Will-O-Wisp|p2b: Douglas\n|-immune|p2b: Douglas\n|move|p2b: Douglas|Throat Chop|p1a: Incineroar\n|-resisted|p1a: Incineroar|1\n|-damage|p1a: Incineroar|30/100\n|\n|-end|p1a: Incineroar|Throat Chop|[silent]\n|upkeep\n|turn|33\n|\n|t:|1776474897\n|move|p1a: Incineroar|Parting Shot|p2b: Douglas\n|-unboost|p2b: Douglas|atk|0\n|-unboost|p2b: Douglas|spa|0\n|move|p2b: Douglas|Throat Chop|p1a: Incineroar\n|-resisted|p1a: Incineroar|1\n|-damage|p1a: Incineroar|25/100\n|-start|p1a: Incineroar|Throat Chop|[silent]\n|\n|upkeep\n|turn|34\n|\n|t:|1776474902\n|move|p1a: Incineroar|Will-O-Wisp|p2b: Douglas\n|-immune|p2b: Douglas\n|move|p2b: Douglas|Throat Chop|p1a: Incineroar\n|-resisted|p1a: Incineroar|1\n|-damage|p1a: Incineroar|21/100\n|\n|-end|p1a: Incineroar|Throat Chop|[silent]\n|upkeep\n|turn|35\n|\n|t:|1776474907\n|move|p1a: Incineroar|Parting Shot|p2b: Douglas\n|-unboost|p2b: Douglas|atk|0\n|-unboost|p2b: Douglas|spa|0\n|move|p2b: Douglas|Throat Chop|p1a: Incineroar\n|-resisted|p1a: Incineroar|1\n|-damage|p1a: Incineroar|17/100\n|-start|p1a: Incineroar|Throat Chop|[silent]\n|\n|upkeep\n|turn|36\n|\n|t:|1776474911\n|move|p1a: Incineroar|Darkest Lariat|p2b: Douglas\n|-resisted|p2b: Douglas|1\n|-damage|p2b: Douglas|22/100\n|move|p2b: Douglas|Throat Chop|p1a: Incineroar\n|-resisted|p1a: Incineroar|1\n|-crit|p1a: Incineroar\n|-damage|p1a: Incineroar|0 fnt\n|faint|p1a: Incineroar\n|\n|win|glacierdoop\n|raw|Kawanohito's rating: 1294 &rarr; <strong>1269</strong><br />(-25 for losing)\n|raw|glacierdoop's rating: 1299 &rarr; <strong>1324</strong><br />(+25 for winning)\n|c|\u2606glacierdoop|gg?\n|c|\u2606glacierdoop|what a game\n|l|\u2606Kawanohito\n|player|p1|\n",
  "uploadtime": 1776474926,
  "views": 38,
  "formatid": "gen9championsvgc2026regma",
  "rating": 1269,
  "private": 0,
  "password": null
}