{
  "id": "gen9championsvgc2026regma-2587475875",
  "format": "[Gen 9 Champions] VGC 2026 Reg M-A",
  "players": [
    "hectorretaaa81",
    "MinasDevilCrobats"
  ],
  "log": "|j|\u2606hectorretaaa81\n|j|\u2606MinasDevilCrobats\n|t:|1776535003\n|gametype|doubles\n|player|p1|hectorretaaa81|2|1478\n|player|p2|MinasDevilCrobats|darach-caitlin|1539\n|gen|9\n|tier|[Gen 9 Champions] VGC 2026 Reg M-A\n|rated|\n|rule|Species Clause: Limit one of each Pok\u00e9mon\n|rule|Item Clause: Limit 1 of each item\n|clearpoke\n|poke|p1|Gardevoir, L50, M, shiny|\n|poke|p1|Charizard, L50, F|\n|poke|p1|Venusaur, L50, F|\n|poke|p1|Garchomp, L50, M|\n|poke|p1|Milotic, L50, M|\n|poke|p1|Incineroar, L50, M|\n|poke|p2|Delphox, L50, M|\n|poke|p2|Glimmora, L50, M|\n|poke|p2|Garchomp, L50, M|\n|poke|p2|Rotom-Wash, L50|\n|poke|p2|Corviknight, L50, F|\n|poke|p2|Ninetales-Alola, L50, F|\n|teampreview|4\n|inactive|Battle timer is ON: inactive players will automatically lose when time's up. (requested by MinasDevilCrobats)\n|inactive|hectorretaaa81 has 60 seconds left.\n|\n|t:|1776535073\n|teamsize|p1|4\n|teamsize|p2|4\n|start\n|switch|p1a: Gardevoir|Gardevoir, L50, M, shiny|100/100\n|switch|p1b: Garchomp|Garchomp, L50, M|100/100\n|switch|p2a: Delphox|Delphox, L50, M|100/100\n|switch|p2b: Garchomp|Garchomp, L50, M|100/100\n|-ability|p1a: Gardevoir|Blaze|Trace|[from] ability: Trace|[of] p2a: Delphox\n|turn|1\n|\n|t:|1776535081\n|detailschange|p2a: Delphox|Delphox-Mega, L50, M\n|-mega|p2a: Delphox|Delphox|Delphoxite\n|move|p2b: Garchomp|Earthquake|p1a: Gardevoir|[spread] p1a,p1b\n|-immune|p2a: Delphox|[from] ability: Levitate\n|-damage|p1a: Gardevoir|32/100\n|-damage|p1b: Garchomp|59/100\n|move|p1a: Gardevoir|Icy Wind|p2b: Garchomp|[spread] p2a,p2b\n|-resisted|p2a: Delphox|1\n|-supereffective|p2b: Garchomp|2\n|-damage|p2a: Delphox|94/100\n|-damage|p2b: Garchomp|35/100\n|-unboost|p2a: Delphox|spe|1\n|-unboost|p2b: Garchomp|spe|1\n|move|p1b: Garchomp|Rock Slide|p2a: Delphox|[spread] p2a,p2b\n|-supereffective|p2a: Delphox|1\n|-resisted|p2b: Garchomp|1\n|-damage|p2a: Delphox|31/100\n|-damage|p2b: Garchomp|25/100\n|move|p2a: Delphox|Heat Wave|p1a: Gardevoir|[spread] p1a,p1b\n|-resisted|p1b: Garchomp|1\n|-damage|p1a: Gardevoir|0 fnt\n|-damage|p1b: Garchomp|34/100\n|faint|p1a: Gardevoir\n|\n|upkeep\n|\n|t:|1776535101\n|switch|p1a: Charizard|Charizard, L50, F|100/100\n|turn|2\n|\n|t:|1776535120\n|switch|p2b: Rotom|Rotom-Wash, L50|100/100\n|detailschange|p1a: Charizard|Charizard-Mega-Y, L50, F\n|-mega|p1a: Charizard|Charizard|Charizardite Y\n|-weather|SunnyDay|[from] ability: Drought|[of] p1a: Charizard\n|move|p1b: Garchomp|Protect|p1b: Garchomp\n|-singleturn|p1b: Garchomp|Protect\n|move|p2a: Delphox|Protect|p2a: Delphox\n|-singleturn|p2a: Delphox|Protect\n|move|p1a: Charizard|Heat Wave|p2b: Rotom|[spread] p2b\n|-activate|p2a: Delphox|move: Protect\n|-resisted|p2b: Rotom|1\n|-damage|p2b: Rotom|70/100\n|\n|-weather|SunnyDay|[upkeep]\n|upkeep\n|turn|3\n|\n|t:|1776535141\n|switch|p2a: Ninetales|Ninetales-Alola, L50, F|100/100\n|-weather|Snowscape|[from] ability: Snow Warning|[of] p2a: Ninetales\n|move|p1b: Garchomp|Rock Slide|p2b: Rotom|[spread] p2a,p2b\n|-supereffective|p2a: Ninetales|1\n|-damage|p2a: Ninetales|63/100\n|-damage|p2b: Rotom|54/100\n|move|p1a: Charizard|Heat Wave|p2b: Rotom|[spread] p2a,p2b\n|-supereffective|p2a: Ninetales|1\n|-resisted|p2b: Rotom|1\n|-damage|p2a: Ninetales|0 fnt\n|-damage|p2b: Rotom|36/100\n|-enditem|p2b: Rotom|Sitrus Berry|[eat]\n|-heal|p2b: Rotom|61/100|[from] item: Sitrus Berry\n|faint|p2a: Ninetales\n|cant|p2b: Rotom|flinch\n|\n|-weather|Snowscape|[upkeep]\n|upkeep\n|j| skipflippington\n|\n|t:|1776535156\n|switch|p2a: Garchomp|Garchomp, L50, M|25/100\n|turn|4\n|l| skipflippington\n|inactive|hectorretaaa81 has 30 seconds left.\n|inactive|hectorretaaa81 has 20 seconds left.\n|inactive|hectorretaaa81 has 15 seconds left.\n|inactive|hectorretaaa81 has 10 seconds left.\n|\n|t:|1776535202\n|switch|p1a: Milotic|Milotic, L50, M|100/100\n|move|p2a: Garchomp|Rock Slide|p1b: Garchomp|[spread] p1a,p1b\n|-resisted|p1b: Garchomp|1\n|-damage|p1a: Milotic|81/100\n|-damage|p1b: Garchomp|24/100\n|move|p1b: Garchomp|Dragon Claw|p2a: Garchomp\n|-supereffective|p2a: Garchomp|1\n|-damage|p2a: Garchomp|0 fnt\n|-damage|p1b: Garchomp|12/100|[from] ability: Rough Skin|[of] p2a: Garchomp\n|faint|p2a: Garchomp\n|move|p2b: Rotom|Hydro Pump|p1b: Garchomp\n|-damage|p1b: Garchomp|0 fnt\n|faint|p1b: Garchomp\n|\n|-weather|Snowscape|[upkeep]\n|-heal|p1a: Milotic|87/100|[from] item: Leftovers\n|upkeep\n|\n|t:|1776535212\n|switch|p1b: Charizard|Charizard-Mega-Y, L50, F|100/100\n|switch|p2a: Delphox|Delphox-Mega, L50, M|31/100\n|-weather|SunnyDay|[from] ability: Drought|[of] p1b: Charizard\n|turn|5\n|inactive|hectorretaaa81 has 30 seconds left.\n|\n|t:|1776535238\n|move|p2a: Delphox|Psychic|p1a: Milotic\n|-damage|p1a: Milotic|44/100\n|move|p1b: Charizard|Solar Beam||[still]\n|-prepare|p1b: Charizard|Solar Beam\n|-anim|p1b: Charizard|Solar Beam|p2b: Rotom\n|-supereffective|p2b: Rotom|1\n|-damage|p2b: Rotom|0 fnt\n|faint|p2b: Rotom\n|move|p1a: Milotic|Scald|p2a: Delphox\n|-supereffective|p2a: Delphox|1\n|-damage|p2a: Delphox|0 fnt\n|faint|p2a: Delphox\n|\n|win|hectorretaaa81\n|raw|hectorretaaa81's rating: 1478 &rarr; <strong>1501</strong><br />(+23 for winning)\n|raw|MinasDevilCrobats's rating: 1539 &rarr; <strong>1516</strong><br />(-23 for losing)\n|l|\u2606MinasDevilCrobats\n|player|p2|\n|l|\u2606hectorretaaa81\n|player|p1|\n",
  "uploadtime": 1776536788,
  "views": 23,
  "formatid": "gen9championsvgc2026regma",
  "rating": 1501,
  "private": 0,
  "password": null
}