{
  "id": "gen9championsvgc2026regma-2588607897",
  "format": "[Gen 9 Champions] VGC 2026 Reg M-A",
  "players": [
    "SoapOwner",
    "RangerVictor16"
  ],
  "log": "|j|\u2606SoapOwner\n|j|\u2606RangerVictor16\n|t:|1776649626\n|gametype|doubles\n|player|p1|SoapOwner|giovanni|1141\n|player|p2|RangerVictor16|pokemonranger-gen4|1168\n|gen|9\n|tier|[Gen 9 Champions] VGC 2026 Reg M-A\n|rated|\n|rule|Species Clause: Limit one of each Pok\u00e9mon\n|rule|Item Clause: Limit 1 of each item\n|clearpoke\n|poke|p1|Charizard, L50, M, shiny|\n|poke|p1|Garchomp, L50, F|\n|poke|p1|Milotic, L50, M, shiny|\n|poke|p1|Venusaur, L50, M|\n|poke|p1|Kangaskhan, L50, F|\n|poke|p1|Clefable, L50, F|\n|poke|p2|Delphox, L50, F|\n|poke|p2|Sneasler, L50, M, shiny|\n|poke|p2|Incineroar, L50, M, shiny|\n|poke|p2|Basculegion, L50, M|\n|poke|p2|Sinistcha-Masterpiece, L50|\n|poke|p2|Kingambit, L50, M|\n|teampreview|4\n|inactive|Battle timer is ON: inactive players will automatically lose when time's up. (requested by RangerVictor16)\n|inactive|RangerVictor16 has 60 seconds left.\n|\n|t:|1776649659\n|teamsize|p1|4\n|teamsize|p2|4\n|start\n|switch|p1a: Dihh|Milotic, L50, M, shiny|100/100\n|switch|p1b: Terrafinn|Garchomp, L50, F|100/100\n|switch|p2a: Felina|Delphox, L50, F|100/100\n|switch|p2b: Basculegion|Basculegion, L50, M|100/100\n|turn|1\n|\n|t:|1776649677\n|detailschange|p2a: Felina|Delphox-Mega, L50, F\n|-mega|p2a: Felina|Delphox|Delphoxite\n|move|p2a: Felina|Protect|p2a: Felina\n|-singleturn|p2a: Felina|Protect\n|move|p1b: Terrafinn|Rock Slide|p2b: Basculegion|[spread] p2b\n|-activate|p2a: Felina|move: Protect\n|-damage|p2b: Basculegion|74/100\n|cant|p2b: Basculegion|flinch\n|move|p1a: Dihh|Icy Wind|p2b: Basculegion|[spread] p2b\n|-activate|p2a: Felina|move: Protect\n|-resisted|p2b: Basculegion|1\n|-damage|p2b: Basculegion|68/100\n|-unboost|p2b: Basculegion|spe|1\n|\n|upkeep\n|turn|2\n|inactive|RangerVictor16 has 30 seconds left.\n|inactive|RangerVictor16 has 20 seconds left.\n|\n|t:|1776649713\n|switch|p2a: Sinistcha|Sinistcha-Masterpiece, L50|100/100\n|-heal|p2b: Basculegion|93/100|[from] ability: Hospitality|[of] p2a: Sinistcha\n|move|p1b: Terrafinn|Rock Slide|p2b: Basculegion|[spread] p2a,p2b\n|-crit|p2a: Sinistcha\n|-damage|p2a: Sinistcha|76/100\n|-damage|p2b: Basculegion|66/100\n|cant|p2b: Basculegion|flinch\n|move|p1a: Dihh|Scald|p2a: Sinistcha\n|-resisted|p2a: Sinistcha|1\n|-damage|p2a: Sinistcha|62/100\n|\n|upkeep\n|turn|3\n|c|\u2606RangerVictor16|This game sck\n|c|\u2606SoapOwner|double flinch is wild\n|inactive|SoapOwner has 30 seconds left.\n|inactive|RangerVictor16 has 30 seconds left.\n|\n|t:|1776649746\n|switch|p1b: The milker|Kangaskhan, L50, F|100/100\n|move|p2b: Basculegion|Wave Crash|p1b: The milker\n|-damage|p1b: The milker|5/100\n|-damage|p2b: Basculegion|36/100|[from] Recoil\n|move|p1a: Dihh|Icy Wind|p2a: Sinistcha|[spread] p2a,p2b\n|-supereffective|p2a: Sinistcha|1\n|-resisted|p2b: Basculegion|1\n|-damage|p2a: Sinistcha|40/100\n|-damage|p2b: Basculegion|31/100\n|-unboost|p2a: Sinistcha|spe|1\n|-unboost|p2b: Basculegion|spe|1\n|-enditem|p2a: Sinistcha|Sitrus Berry|[eat]\n|-heal|p2a: Sinistcha|65/100|[from] item: Sitrus Berry\n|move|p2a: Sinistcha|Matcha Gotcha|p1a: Dihh|[spread] p1a,p1b\n|-supereffective|p1a: Dihh|1\n|-damage|p1a: Dihh|67/100\n|-heal|p2a: Sinistcha|84/100|[from] drain|[of] p1a: Dihh\n|-damage|p1b: The milker|0 fnt\n|-heal|p2a: Sinistcha|86/100|[from] drain|[of] p1b: The milker\n|faint|p1b: The milker\n|\n|-heal|p1a: Dihh|73/100|[from] item: Leftovers\n|upkeep\n|\n|t:|1776649769\n|switch|p1b: Red-Eyes B. Dragon|Charizard, L50, M, shiny|100/100\n|turn|4\n|\n|t:|1776649784\n|switch|p2b: Sneasler|Sneasler, L50, M, shiny|100/100\n|detailschange|p1b: Red-Eyes B. Dragon|Charizard-Mega-Y, L50, M, shiny\n|-mega|p1b: Red-Eyes B. Dragon|Charizard|Charizardite Y\n|-weather|SunnyDay|[from] ability: Drought|[of] p1b: Red-Eyes B. Dragon\n|move|p2a: Sinistcha|Protect|p2a: Sinistcha\n|-singleturn|p2a: Sinistcha|Protect\n|move|p1b: Red-Eyes B. Dragon|Heat Wave|p2b: Sneasler|[spread] p2b\n|-activate|p2a: Sinistcha|move: Protect\n|-damage|p2b: Sneasler|13/100\n|move|p1a: Dihh|Scald|p2a: Sinistcha\n|-activate|p2a: Sinistcha|move: Protect\n|\n|-weather|SunnyDay|[upkeep]\n|-heal|p1a: Dihh|79/100|[from] item: Leftovers\n|upkeep\n|turn|5\n|inactive|RangerVictor16 has 30 seconds left.\n|inactive|RangerVictor16 has 20 seconds left.\n|inactive|RangerVictor16 has 15 seconds left.\n|\n|t:|1776649827\n|move|p1b: Red-Eyes B. Dragon|Protect|p1b: Red-Eyes B. Dragon\n|-singleturn|p1b: Red-Eyes B. Dragon|Protect\n|move|p2b: Sneasler|Fake Out|p1b: Red-Eyes B. Dragon\n|-activate|p1b: Red-Eyes B. Dragon|move: Protect\n|move|p1a: Dihh|Scald|p2b: Sneasler\n|-damage|p2b: Sneasler|0 fnt\n|faint|p2b: Sneasler\n|move|p2a: Sinistcha|Matcha Gotcha|p1a: Dihh|[spread] \n|-activate|p1b: Red-Eyes B. Dragon|move: Protect\n|-miss|p2a: Sinistcha|p1a: Dihh\n|\n|-weather|SunnyDay|[upkeep]\n|-heal|p1a: Dihh|85/100|[from] item: Leftovers\n|upkeep\n|c|\u2606RangerVictor16|Bro???\n|c|\u2606RangerVictor16|Lucky guy\n|\n|t:|1776649851\n|switch|p2b: Basculegion|Basculegion, L50, M|31/100\n|turn|6\n|c|\u2606SoapOwner|fate has smiled on my dihh\n|inactive|SoapOwner has 30 seconds left.\n|inactive|RangerVictor16 has 30 seconds left.\n|\n|t:|1776649881\n|move|p2a: Sinistcha|Rage Powder|p2a: Sinistcha\n|-singleturn|p2a: Sinistcha|move: Rage Powder\n|move|p2b: Basculegion|Wave Crash|p1b: Red-Eyes B. Dragon\n|-supereffective|p1b: Red-Eyes B. Dragon|1\n|-damage|p1b: Red-Eyes B. Dragon|0 fnt\n|faint|p1b: Red-Eyes B. Dragon\n|-damage|p2b: Basculegion|5/100|[from] Recoil\n|move|p1a: Dihh|Scald|p2a: Sinistcha\n|-resisted|p2a: Sinistcha|1\n|-damage|p2a: Sinistcha|79/100\n|\n|-weather|SunnyDay|[upkeep]\n|-heal|p1a: Dihh|91/100|[from] item: Leftovers\n|upkeep\n|\n|t:|1776649890\n|switch|p1b: Terrafinn|Garchomp, L50, F|100/100\n|turn|7\n|inactive|SoapOwner has 30 seconds left.\n|\n|t:|1776649915\n|move|p1b: Terrafinn|Rock Slide|p2b: Basculegion|[spread] p2a,p2b\n|-crit|p2a: Sinistcha\n|-damage|p2a: Sinistcha|57/100\n|-damage|p2b: Basculegion|0 fnt\n|faint|p2b: Basculegion\n|move|p1a: Dihh|Icy Wind|p2a: Sinistcha\n|-supereffective|p2a: Sinistcha|1\n|-damage|p2a: Sinistcha|30/100\n|-unboost|p2a: Sinistcha|spe|1\n|cant|p2a: Sinistcha|flinch\n|\n|-weather|SunnyDay|[upkeep]\n|-heal|p1a: Dihh|97/100|[from] item: Leftovers\n|upkeep\n|\n|t:|1776649925\n|switch|p2b: Felina|Delphox-Mega, L50, F|100/100\n|turn|8\n|\n|t:|1776649932\n|move|p2b: Felina|Protect|p2b: Felina\n|-singleturn|p2b: Felina|Protect\n|move|p1b: Terrafinn|Rock Slide|p2b: Felina|[spread] p2a\n|-activate|p2b: Felina|move: Protect\n|-damage|p2a: Sinistcha|16/100\n|move|p1a: Dihh|Icy Wind|p2a: Sinistcha|[spread] p2a\n|-activate|p2b: Felina|move: Protect\n|-supereffective|p2a: Sinistcha|1\n|-damage|p2a: Sinistcha|0 fnt\n|faint|p2a: Sinistcha\n|\n|-weather|none\n|-heal|p1a: Dihh|100/100|[from] item: Leftovers\n|upkeep\n|turn|9\n|inactive|RangerVictor16 has 30 seconds left.\n|inactive|RangerVictor16 has 20 seconds left.\n|c|\u2606RangerVictor16|Gg, u won only for the luck\n|inactive|RangerVictor16 has 15 seconds left.\n|inactive|RangerVictor16 has 10 seconds left.\n|\n|t:|1776649978\n|move|p1b: Terrafinn|Rock Slide|p2b: Felina\n|-supereffective|p2b: Felina|1\n|-damage|p2b: Felina|27/100\n|cant|p2b: Felina|flinch\n|move|p1a: Dihh|Scald|p2b: Felina\n|-supereffective|p2b: Felina|1\n|-damage|p2b: Felina|0 fnt\n|faint|p2b: Felina\n|\n|win|SoapOwner\n|raw|SoapOwner's rating: 1141 &rarr; <strong>1168</strong><br />(+27 for winning)\n|raw|RangerVictor16's rating: 1168 &rarr; <strong>1141</strong><br />(-27 for losing)\n|c|\u2606SoapOwner|truth nuke\n|c|\u2606SoapOwner|lmao\n",
  "uploadtime": 1776650004,
  "views": 13,
  "formatid": "gen9championsvgc2026regma",
  "rating": 1141,
  "private": 0,
  "password": null
}