{
  "id": "gen9championsvgc2026regma-2582316955",
  "format": "[Gen 9 Champions] VGC 2026 Reg M-A",
  "players": [
    "Motogikarp",
    "bankai25"
  ],
  "log": "|j|\u2606Motogikarp\n|j|\u203dbankai25\n|t:|1776082766\n|gametype|doubles\n|player|p1|Motogikarp|alec-anime|1095\n|player|p2|bankai25|102|1000\n|gen|9\n|tier|[Gen 9 Champions] VGC 2026 Reg M-A\n|rated|\n|rule|Species Clause: Limit one of each Pok\u00e9mon\n|rule|Item Clause: Limit 1 of each item\n|clearpoke\n|poke|p1|Rotom-Heat, L50|\n|poke|p1|Aegislash, L50, F|\n|poke|p1|Tyranitar, L50, F|\n|poke|p1|Starmie, L50|\n|poke|p1|Aerodactyl, L50, F|\n|poke|p1|Garchomp, L50, M|\n|poke|p2|Corviknight, L50, M|\n|poke|p2|Empoleon, L50, F|\n|poke|p2|Alakazam, L50, M|\n|poke|p2|Meowstic, L50, M|\n|poke|p2|Maushold-Four, L50|\n|poke|p2|Volcarona, L50, F|\n|teampreview|4\n|c|\u2606Motogikarp|hf\nMotogikarp rejected open team sheets.\n|\n|t:|1776082788\n|teamsize|p1|4\n|teamsize|p2|4\n|start\n|switch|p1a: Starmie|Starmie, L50|100/100\n|switch|p1b: Tyranitar|Tyranitar, L50, F, shiny|100/100\n|switch|p2a: Meowstic|Meowstic, L50, M|100/100\n|switch|p2b: Alakazam|Alakazam, L50, M|100/100\n|-weather|Sandstorm|[from] ability: Sand Stream|[of] p1b: Tyranitar\n|turn|1\n|inactive|Battle timer is ON: inactive players will automatically lose when time's up. (requested by bankai25)\n|\n|t:|1776082815\n|detailschange|p2b: Alakazam|Alakazam-Mega, L50, M\n|-mega|p2b: Alakazam|Alakazam|Alakazite\n|-ability|p2b: Alakazam|Sand Stream|Trace|[from] ability: Trace|[of] p1b: Tyranitar\n|detailschange|p1a: Starmie|Starmie-Mega, L50\n|-mega|p1a: Starmie|Starmie|Starminite\n|move|p2a: Meowstic|Helping Hand|p2b: Alakazam\n|-singleturn|p2b: Alakazam|Helping Hand|[of] p2a: Meowstic\n|move|p2b: Alakazam|Dazzling Gleam|p1b: Tyranitar|[spread] p1a,p1b\n|-supereffective|p1b: Tyranitar|1\n|-damage|p1a: Starmie|56/100\n|-damage|p1b: Tyranitar|59/100\n|move|p1a: Starmie|Skill Swap|p1b: Tyranitar\n|-activate|p1a: Starmie|Skill Swap|||[of] p1b: Tyranitar\n|move|p1b: Tyranitar|Rock Slide|p2a: Meowstic|[spread] p2b\n|-miss|p1b: Tyranitar|p2a: Meowstic\n|-damage|p2b: Alakazam|5/100\n|\n|-weather|Sandstorm|[upkeep]\n|-damage|p2b: Alakazam|0 fnt|[from] Sandstorm\n|-damage|p1a: Starmie|50/100|[from] Sandstorm\n|-damage|p2a: Meowstic|94/100|[from] Sandstorm\n|faint|p2b: Alakazam\n|upkeep\n|inactive|bankai25 has 30 seconds left.\n|\n|t:|1776082844\n|switch|p2b: Volcarona|Volcarona, L50, F|100/100\n|turn|2\n|\n|t:|1776082855\n|switch|p1a: Rotom|Rotom-Heat, L50, shiny|100/100\n|move|p2b: Volcarona|Protect|p2b: Volcarona\n|-singleturn|p2b: Volcarona|Protect\n|move|p2a: Meowstic|Psychic Terrain|p2a: Meowstic\n|-fieldstart|move: Psychic Terrain\n|move|p1b: Tyranitar|Rock Slide|p2b: Volcarona|[spread] p2a\n|-activate|p2b: Volcarona|move: Protect\n|-damage|p2a: Meowstic|26/100\n|\n|-weather|Sandstorm|[upkeep]\n|-damage|p2a: Meowstic|20/100|[from] Sandstorm\n|-damage|p2b: Volcarona|94/100|[from] Sandstorm\n|-damage|p1a: Rotom|95/100|[from] Sandstorm\n|upkeep\n|turn|3\n|\n|t:|1776082880\n|move|p2a: Meowstic|Helping Hand|p2b: Volcarona\n|-singleturn|p2b: Volcarona|Helping Hand|[of] p2a: Meowstic\n|move|p1a: Rotom|Helping Hand|p1b: Tyranitar\n|-singleturn|p1b: Tyranitar|Helping Hand|[of] p1a: Rotom\n|move|p1b: Tyranitar|Rock Slide|p2a: Meowstic|[spread] \n|-miss|p1b: Tyranitar|p2a: Meowstic\n|-miss|p1b: Tyranitar|p2b: Volcarona\n|move|p2b: Volcarona|Giga Drain|p1b: Tyranitar\n|-supereffective|p1b: Tyranitar|1\n|-damage|p1b: Tyranitar|11/100\n|-heal|p2b: Volcarona|100/100|[from] drain|[of] p1b: Tyranitar\n|\n|-weather|Sandstorm|[upkeep]\n|-damage|p2a: Meowstic|14/100|[from] Sandstorm\n|-damage|p2b: Volcarona|94/100|[from] Sandstorm\n|-damage|p1a: Rotom|89/100|[from] Sandstorm\n|upkeep\n|turn|4\n|inactive|bankai25 has 30 seconds left.\n|\n|t:|1776082905\n|move|p1a: Rotom|Helping Hand|p1b: Tyranitar\n|-singleturn|p1b: Tyranitar|Helping Hand|[of] p1a: Rotom\n|move|p2b: Volcarona|Protect|p2b: Volcarona\n|-singleturn|p2b: Volcarona|Protect\n|move|p1b: Tyranitar|Rock Slide|p2a: Meowstic|[spread] p2a\n|-activate|p2b: Volcarona|move: Protect\n|-damage|p2a: Meowstic|0 fnt\n|faint|p2a: Meowstic\n|\n|-weather|Sandstorm|[upkeep]\n|-damage|p2b: Volcarona|88/100|[from] Sandstorm\n|-damage|p1a: Rotom|83/100|[from] Sandstorm\n|upkeep\n|\n|t:|1776082916\n|switch|p2a: Maushold|Maushold-Four, L50|100/100\n|turn|5\n|\n|t:|1776082934\n|move|p1a: Rotom|Helping Hand|p1b: Tyranitar\n|-singleturn|p1b: Tyranitar|Helping Hand|[of] p1a: Rotom\n|move|p1b: Tyranitar|Rock Slide|p2b: Volcarona|[spread] p2a,p2b\n|-supereffective|p2b: Volcarona|2\n|-enditem|p2a: Maushold|Focus Sash\n|-damage|p2a: Maushold|1/100\n|-damage|p2b: Volcarona|0 fnt\n|faint|p2b: Volcarona\n|move|p2a: Maushold|Super Fang|p1a: Rotom\n|-damage|p1a: Rotom|42/100\n|-enditem|p1a: Rotom|Sitrus Berry|[eat]\n|-heal|p1a: Rotom|67/100|[from] item: Sitrus Berry\n|\n|-weather|none\n|upkeep\n|turn|6\n|-message|bankai25 forfeited.\n|\n|win|Motogikarp\n|raw|Motogikarp's rating: 1095 &rarr; <strong>1114</strong><br />(+19 for winning)\n|raw|bankai25's rating: 1000 &rarr; <strong>1000</strong><br />(+0 for losing)\n|l|\u203dbankai25\n|player|p2|\n",
  "uploadtime": 1776082950,
  "views": 17,
  "formatid": "gen9championsvgc2026regma",
  "rating": 1000,
  "private": 0,
  "password": null
}