{
  "id": "gen9championsvgc2026regma-2586171176",
  "format": "[Gen 9 Champions] VGC 2026 Reg M-A",
  "players": [
    "SuuHore",
    "T\u67e5\u723e\u65af\u7684\u52dd\u5229Bonezz"
  ],
  "log": "|j|\u2606SuuHore\n|j|\u2606T\u67e5\u723e\u65af\u7684\u52dd\u5229Bonezz\n|t:|1776408061\n|gametype|doubles\n|player|p1|SuuHore|2|1054\n|player|p2|T\u67e5\u723e\u65af\u7684\u52dd\u5229Bonezz|169|1092\n|gen|9\n|tier|[Gen 9 Champions] VGC 2026 Reg M-A\n|rated|\n|rule|Species Clause: Limit one of each Pok\u00e9mon\n|rule|Item Clause: Limit 1 of each item\n|clearpoke\n|poke|p1|Gallade, L50, M|\n|poke|p1|Milotic, L50, M|\n|poke|p1|Tinkaton, L50, F|\n|poke|p1|Tyranitar, L50, M|\n|poke|p1|Garchomp, L50, M|\n|poke|p1|Rotom-Mow, L50|\n|poke|p2|Ceruledge, L50, M|\n|poke|p2|Arbok, L50, M|\n|poke|p2|Whimsicott, L50, F|\n|poke|p2|Charizard, L50, M|\n|poke|p2|Scovillain, L50, F|\n|poke|p2|Tauros-Paldea-Aqua, L50, M|\n|teampreview|4\n|\n|t:|1776408085\n|teamsize|p1|4\n|teamsize|p2|4\n|start\n|switch|p1a: Gallade|Gallade, L50, M|100/100\n|switch|p1b: Tinkaton|Tinkaton, L50, F|100/100\n|switch|p2a: \u5927\u86c7|Arbok, L50, M|100/100\n|switch|p2b: \u6c34\u6c6a\u6c6a\u7684\u843d\u78ef\u5c71\u7261\u8823|Tauros-Paldea-Aqua, L50, M|100/100\n|-ability|p2b: \u6c34\u6c6a\u6c6a\u7684\u843d\u78ef\u5c71\u7261\u8823|Intimidate|boost\n|-unboost|p1a: Gallade|atk|1\n|-unboost|p1b: Tinkaton|atk|1\n|-ability|p2a: \u5927\u86c7|Intimidate|boost\n|-unboost|p1a: Gallade|atk|1\n|-unboost|p1b: Tinkaton|atk|1\n|turn|1\n|\n|t:|1776408115\n|move|p1b: Tinkaton|Fake Out|p2a: \u5927\u86c7\n|-damage|p2a: \u5927\u86c7|95/100\n|move|p1a: Gallade|Psycho Cut|p2b: \u6c34\u6c6a\u6c6a\u7684\u843d\u78ef\u5c71\u7261\u8823\n|-supereffective|p2b: \u6c34\u6c6a\u6c6a\u7684\u843d\u78ef\u5c71\u7261\u8823|1\n|-damage|p2b: \u6c34\u6c6a\u6c6a\u7684\u843d\u78ef\u5c71\u7261\u8823|50/100\n|-enditem|p2b: \u6c34\u6c6a\u6c6a\u7684\u843d\u78ef\u5c71\u7261\u8823|Sitrus Berry|[eat]\n|-heal|p2b: \u6c34\u6c6a\u6c6a\u7684\u843d\u78ef\u5c71\u7261\u8823|75/100|[from] item: Sitrus Berry\n|move|p2b: \u6c34\u6c6a\u6c6a\u7684\u843d\u78ef\u5c71\u7261\u8823|Raging Bull|p1a: Gallade\n|-damage|p1a: Gallade|15/100\n|cant|p2a: \u5927\u86c7|flinch\n|\n|-heal|p2a: \u5927\u86c7|100/100|[from] item: Leftovers\n|upkeep\n|turn|2\n|\n|t:|1776408136\n|move|p2b: \u6c34\u6c6a\u6c6a\u7684\u843d\u78ef\u5c71\u7261\u8823|Aqua Jet|p1a: Gallade\n|-damage|p1a: Gallade|0 fnt\n|faint|p1a: Gallade\n|move|p1b: Tinkaton|Knock Off|p2a: \u5927\u86c7\n|-damage|p2a: \u5927\u86c7|88/100\n|-enditem|p2a: \u5927\u86c7|Leftovers|[from] move: Knock Off|[of] p1b: Tinkaton\n|move|p2a: \u5927\u86c7|Coil|p2a: \u5927\u86c7\n|-boost|p2a: \u5927\u86c7|atk|1\n|-boost|p2a: \u5927\u86c7|def|1\n|-boost|p2a: \u5927\u86c7|accuracy|1\n|\n|upkeep\n|\n|t:|1776408151\n|switch|p1a: Garchomp|Garchomp, L50, M|100/100\n|turn|3\n|\n|t:|1776408169\n|move|p1a: Garchomp|Dragon Claw|p2b: \u6c34\u6c6a\u6c6a\u7684\u843d\u78ef\u5c71\u7261\u8823\n|-damage|p2b: \u6c34\u6c6a\u6c6a\u7684\u843d\u78ef\u5c71\u7261\u8823|33/100\n|move|p1b: Tinkaton|Encore|p2a: \u5927\u86c7\n|-start|p2a: \u5927\u86c7|Encore\n|move|p2b: \u6c34\u6c6a\u6c6a\u7684\u843d\u78ef\u5c71\u7261\u8823|Raging Bull|p1a: Garchomp|[miss]\n|-miss|p2b: \u6c34\u6c6a\u6c6a\u7684\u843d\u78ef\u5c71\u7261\u8823|p1a: Garchomp\n|move|p2a: \u5927\u86c7|Coil|p2a: \u5927\u86c7\n|-boost|p2a: \u5927\u86c7|atk|1\n|-boost|p2a: \u5927\u86c7|def|1\n|-boost|p2a: \u5927\u86c7|accuracy|1\n|\n|upkeep\n|turn|4\n|\n|t:|1776408187\n|move|p2b: \u6c34\u6c6a\u6c6a\u7684\u843d\u78ef\u5c71\u7261\u8823|Protect|p2b: \u6c34\u6c6a\u6c6a\u7684\u843d\u78ef\u5c71\u7261\u8823\n|-singleturn|p2b: \u6c34\u6c6a\u6c6a\u7684\u843d\u78ef\u5c71\u7261\u8823|Protect\n|move|p1a: Garchomp|Dragon Claw|p2b: \u6c34\u6c6a\u6c6a\u7684\u843d\u78ef\u5c71\u7261\u8823\n|-activate|p2b: \u6c34\u6c6a\u6c6a\u7684\u843d\u78ef\u5c71\u7261\u8823|move: Protect\n|move|p1b: Tinkaton|Knock Off|p2a: \u5927\u86c7\n|-damage|p2a: \u5927\u86c7|83/100\n|move|p2a: \u5927\u86c7|Coil|p2a: \u5927\u86c7\n|-boost|p2a: \u5927\u86c7|atk|1\n|-boost|p2a: \u5927\u86c7|def|1\n|-boost|p2a: \u5927\u86c7|accuracy|1\n|\n|upkeep\n|turn|5\n|\n|t:|1776408223\n|move|p2b: \u6c34\u6c6a\u6c6a\u7684\u843d\u78ef\u5c71\u7261\u8823|Aqua Jet|p1a: Garchomp\n|-damage|p1a: Garchomp|79/100\n|move|p1a: Garchomp|Stomping Tantrum|p2a: \u5927\u86c7\n|-supereffective|p2a: \u5927\u86c7|1\n|-damage|p2a: \u5927\u86c7|35/100\n|move|p1b: Tinkaton|Encore|p2b: \u6c34\u6c6a\u6c6a\u7684\u843d\u78ef\u5c71\u7261\u8823\n|-start|p2b: \u6c34\u6c6a\u6c6a\u7684\u843d\u78ef\u5c71\u7261\u8823|Encore\n|move|p2a: \u5927\u86c7|Coil|p2a: \u5927\u86c7\n|-boost|p2a: \u5927\u86c7|atk|1\n|-boost|p2a: \u5927\u86c7|def|1\n|-boost|p2a: \u5927\u86c7|accuracy|1\n|\n|-end|p2a: \u5927\u86c7|Encore\n|upkeep\n|turn|6\n|\n|t:|1776408246\n|move|p2b: \u6c34\u6c6a\u6c6a\u7684\u843d\u78ef\u5c71\u7261\u8823|Aqua Jet|p1a: Garchomp\n|-damage|p1a: Garchomp|58/100\n|move|p1a: Garchomp|Dragon Claw|p2b: \u6c34\u6c6a\u6c6a\u7684\u843d\u78ef\u5c71\u7261\u8823\n|-damage|p2b: \u6c34\u6c6a\u6c6a\u7684\u843d\u78ef\u5c71\u7261\u8823|0 fnt\n|faint|p2b: \u6c34\u6c6a\u6c6a\u7684\u843d\u78ef\u5c71\u7261\u8823\n|move|p1b: Tinkaton|Encore|p2a: \u5927\u86c7\n|-start|p2a: \u5927\u86c7|Encore\n|move|p2a: \u5927\u86c7|Coil|p2a: \u5927\u86c7\n|-boost|p2a: \u5927\u86c7|atk|1\n|-boost|p2a: \u5927\u86c7|def|1\n|-boost|p2a: \u5927\u86c7|accuracy|1\n|\n|upkeep\n|\n|t:|1776408260\n|switch|p2b: \u61a4\u6012\u7684\u66b9\u7f85\u8fa3\u6912\u602a|Scovillain, L50, F|100/100\n|turn|7\n|\n|t:|1776408282\n|detailschange|p2b: \u61a4\u6012\u7684\u66b9\u7f85\u8fa3\u6912\u602a|Scovillain-Mega, L50, F\n|-mega|p2b: \u61a4\u6012\u7684\u66b9\u7f85\u8fa3\u6912\u602a|Scovillain|Scovillainite\n|move|p1a: Garchomp|Rock Slide|p2a: \u5927\u86c7|[spread] p2a,p2b\n|-supereffective|p2b: \u61a4\u6012\u7684\u66b9\u7f85\u8fa3\u6912\u602a|1\n|-damage|p2a: \u5927\u86c7|27/100\n|-damage|p2b: \u61a4\u6012\u7684\u66b9\u7f85\u8fa3\u6912\u602a|50/100\n|-status|p1a: Garchomp|brn|[from] ability: Spicy Spray|[of] p2b: \u61a4\u6012\u7684\u66b9\u7f85\u8fa3\u6912\u602a\n|move|p1b: Tinkaton|Knock Off|p2b: \u61a4\u6012\u7684\u66b9\u7f85\u8fa3\u6912\u602a\n|-damage|p2b: \u61a4\u6012\u7684\u66b9\u7f85\u8fa3\u6912\u602a|44/100\n|-status|p1b: Tinkaton|brn|[from] ability: Spicy Spray|[of] p2b: \u61a4\u6012\u7684\u66b9\u7f85\u8fa3\u6912\u602a\n|cant|p2a: \u5927\u86c7|flinch\n|cant|p2b: \u61a4\u6012\u7684\u66b9\u7f85\u8fa3\u6912\u602a|flinch\n|\n|-damage|p1a: Garchomp|52/100 brn|[from] brn\n|-damage|p1b: Tinkaton|94/100 brn|[from] brn\n|upkeep\n|turn|8\n|\n|t:|1776408303\n|move|p1a: Garchomp|Rock Slide|p2b: \u61a4\u6012\u7684\u66b9\u7f85\u8fa3\u6912\u602a|[spread] p2a,p2b\n|-supereffective|p2b: \u61a4\u6012\u7684\u66b9\u7f85\u8fa3\u6912\u602a|1\n|-damage|p2a: \u5927\u86c7|24/100\n|-damage|p2b: \u61a4\u6012\u7684\u66b9\u7f85\u8fa3\u6912\u602a|21/100\n|move|p1b: Tinkaton|Gigaton Hammer|p2b: \u61a4\u6012\u7684\u66b9\u7f85\u8fa3\u6912\u602a\n|-resisted|p2b: \u61a4\u6012\u7684\u66b9\u7f85\u8fa3\u6912\u602a|1\n|-damage|p2b: \u61a4\u6012\u7684\u66b9\u7f85\u8fa3\u6912\u602a|15/100\n|move|p2a: \u5927\u86c7|Coil|p2a: \u5927\u86c7\n|-boost|p2a: \u5927\u86c7|atk|1\n|-boost|p2a: \u5927\u86c7|def|1\n|-boost|p2a: \u5927\u86c7|accuracy|1\n|move|p2b: \u61a4\u6012\u7684\u66b9\u7f85\u8fa3\u6912\u602a|Leech Seed|p1a: Garchomp\n|-start|p1a: Garchomp|move: Leech Seed\n|\n|-damage|p1a: Garchomp|40/100 brn|[from] Leech Seed|[of] p2b: \u61a4\u6012\u7684\u66b9\u7f85\u8fa3\u6912\u602a\n|-heal|p2b: \u61a4\u6012\u7684\u66b9\u7f85\u8fa3\u6912\u602a|28/100|[silent]\n|-damage|p1a: Garchomp|34/100 brn|[from] brn\n|-damage|p1b: Tinkaton|88/100 brn|[from] brn\n|-end|p2a: \u5927\u86c7|Encore\n|upkeep\n|turn|9\n|\n|t:|1776408329\n|move|p2a: \u5927\u86c7|Sucker Punch|p1a: Garchomp\n|-damage|p1a: Garchomp|0 fnt\n|faint|p1a: Garchomp\n|move|p1b: Tinkaton|Encore|p2a: \u5927\u86c7\n|-start|p2a: \u5927\u86c7|Encore\n|move|p2b: \u61a4\u6012\u7684\u66b9\u7f85\u8fa3\u6912\u602a|Flamethrower|p1b: Tinkaton\n|-supereffective|p1b: Tinkaton|1\n|-damage|p1b: Tinkaton|18/100 brn\n|-enditem|p1b: Tinkaton|Sitrus Berry|[eat]\n|-heal|p1b: Tinkaton|43/100 brn|[from] item: Sitrus Berry\n|\n|-damage|p1b: Tinkaton|37/100 brn|[from] brn\n|upkeep\n|\n|t:|1776408347\n|switch|p1a: Tyranitar|Tyranitar, L50, M|100/100\n|-weather|Sandstorm|[from] ability: Sand Stream|[of] p1a: Tyranitar\n|turn|10\n|\n|t:|1776408369\n|detailschange|p1a: Tyranitar|Tyranitar-Mega, L50, M\n|-mega|p1a: Tyranitar|Tyranitar|Tyranitarite\n|move|p2a: \u5927\u86c7|Sucker Punch||[still]\n|-fail|p2a: \u5927\u86c7\n|move|p1b: Tinkaton|Encore|p2b: \u61a4\u6012\u7684\u66b9\u7f85\u8fa3\u6912\u602a\n|-start|p2b: \u61a4\u6012\u7684\u66b9\u7f85\u8fa3\u6912\u602a|Encore\n|move|p1a: Tyranitar|Rock Slide|p2a: \u5927\u86c7|[spread] p2b\n|-miss|p1a: Tyranitar|p2a: \u5927\u86c7\n|-supereffective|p2b: \u61a4\u6012\u7684\u66b9\u7f85\u8fa3\u6912\u602a|1\n|-damage|p2b: \u61a4\u6012\u7684\u66b9\u7f85\u8fa3\u6912\u602a|0 fnt\n|-status|p1a: Tyranitar|brn|[from] ability: Spicy Spray|[of] p2b: \u61a4\u6012\u7684\u66b9\u7f85\u8fa3\u6912\u602a\n|faint|p2b: \u61a4\u6012\u7684\u66b9\u7f85\u8fa3\u6912\u602a\n|\n|-weather|Sandstorm|[upkeep]\n|-damage|p2a: \u5927\u86c7|18/100|[from] Sandstorm\n|-damage|p1b: Tinkaton|31/100 brn|[from] brn\n|-damage|p1a: Tyranitar|94/100 brn|[from] brn\n|upkeep\n|\n|t:|1776408385\n|switch|p2b: \u90aa\u60e1\u7684\u96d9\u6301\u5e7d\u9748\u7537|Ceruledge, L50, M|100/100\n|turn|11\n|\n|t:|1776408430\n|move|p2a: \u5927\u86c7|Sucker Punch|p1a: Tyranitar\n|-resisted|p1a: Tyranitar|1\n|-damage|p1a: Tyranitar|72/100 brn\n|move|p1b: Tinkaton|Knock Off|p2b: \u90aa\u60e1\u7684\u96d9\u6301\u5e7d\u9748\u7537\n|-supereffective|p2b: \u90aa\u60e1\u7684\u96d9\u6301\u5e7d\u9748\u7537|1\n|-damage|p2b: \u90aa\u60e1\u7684\u96d9\u6301\u5e7d\u9748\u7537|89/100\n|-enditem|p2b: \u90aa\u60e1\u7684\u96d9\u6301\u5e7d\u9748\u7537|Occa Berry|[from] move: Knock Off|[of] p1b: Tinkaton\n|move|p1a: Tyranitar|Rock Slide|p2a: \u5927\u86c7|[spread] p2a,p2b\n|-supereffective|p2b: \u90aa\u60e1\u7684\u96d9\u6301\u5e7d\u9748\u7537|1\n|-damage|p2a: \u5927\u86c7|11/100\n|-damage|p2b: \u90aa\u60e1\u7684\u96d9\u6301\u5e7d\u9748\u7537|44/100\n|cant|p2b: \u90aa\u60e1\u7684\u96d9\u6301\u5e7d\u9748\u7537|flinch\n|\n|-weather|Sandstorm|[upkeep]\n|-damage|p2b: \u90aa\u60e1\u7684\u96d9\u6301\u5e7d\u9748\u7537|38/100|[from] Sandstorm\n|-damage|p2a: \u5927\u86c7|5/100|[from] Sandstorm\n|-damage|p1b: Tinkaton|24/100 brn|[from] brn\n|-damage|p1a: Tyranitar|66/100 brn|[from] brn\n|upkeep\n|turn|12\n|\n|t:|1776408449\n|move|p2b: \u90aa\u60e1\u7684\u96d9\u6301\u5e7d\u9748\u7537|Protect|p2b: \u90aa\u60e1\u7684\u96d9\u6301\u5e7d\u9748\u7537\n|-singleturn|p2b: \u90aa\u60e1\u7684\u96d9\u6301\u5e7d\u9748\u7537|Protect\n|move|p2a: \u5927\u86c7|Sucker Punch|p1b: Tinkaton\n|-resisted|p1b: Tinkaton|1\n|-damage|p1b: Tinkaton|0 fnt\n|faint|p1b: Tinkaton\n|move|p1a: Tyranitar|Rock Slide|p2a: \u5927\u86c7|[spread] p2a\n|-activate|p2b: \u90aa\u60e1\u7684\u96d9\u6301\u5e7d\u9748\u7537|move: Protect\n|-damage|p2a: \u5927\u86c7|0 fnt\n|faint|p2a: \u5927\u86c7\n|\n|-weather|Sandstorm|[upkeep]\n|-damage|p2b: \u90aa\u60e1\u7684\u96d9\u6301\u5e7d\u9748\u7537|32/100|[from] Sandstorm\n|-damage|p1a: Tyranitar|60/100 brn|[from] brn\n|upkeep\n|turn|13\n|l|\u2606SuuHore\n|player|p1|\n|inactive|Battle timer is ON: inactive players will automatically lose when time's up. (requested by T\u67e5\u723e\u65af\u7684\u52dd\u5229Bonezz)\n|inactive|SuuHore has 30 seconds to reconnect!\n|inactive|SuuHore has 20 seconds to reconnect!\n|inactive|SuuHore has 15 seconds to reconnect!\n|inactive|SuuHore has 10 seconds to reconnect!\n|inactive|SuuHore has 5 seconds to reconnect!\n|-message|SuuHore lost due to inactivity.\n|\n|win|T\u67e5\u723e\u65af\u7684\u52dd\u5229Bonezz\n|raw|SuuHore's rating: 1054 &rarr; <strong>1038</strong><br />(-16 for losing)\n|raw|T\u67e5\u723e\u65af\u7684\u52dd\u5229Bonezz's rating: 1092 &rarr; <strong>1115</strong><br />(+23 for winning)\n",
  "uploadtime": 1776408589,
  "views": 19,
  "formatid": "gen9championsvgc2026regma",
  "rating": 1038,
  "private": 0,
  "password": null
}