{
  "id": "gen9championsvgc2026regma-2583357376",
  "format": "[Gen 9 Champions] VGC 2026 Reg M-A",
  "players": [
    "99999999999ooo9999",
    "Kiryuri"
  ],
  "log": "|j|\u260699999999999ooo9999\n|j|\u2606Kiryuri\n|t:|1776169822\n|gametype|doubles\n|player|p1|99999999999ooo9999|lucas|1313\n|player|p2|Kiryuri|acetrainerf|1393\n|gen|9\n|tier|[Gen 9 Champions] VGC 2026 Reg M-A\n|rated|\n|rule|Species Clause: Limit one of each Pok\u00e9mon\n|rule|Item Clause: Limit 1 of each item\n|clearpoke\n|poke|p1|Floette-Eternal, L50, F|\n|poke|p1|Incineroar, L50, M|\n|poke|p1|Maushold, L50|\n|poke|p1|Farigiraf, L50, M|\n|poke|p1|Rotom-Wash, L50|\n|poke|p1|Basculegion, L50, M|\n|poke|p2|Froslass, L50, F|\n|poke|p2|Milotic, L50, F|\n|poke|p2|Scizor, L50, F|\n|poke|p2|Sinistcha, L50|\n|poke|p2|Basculegion, L50, M|\n|poke|p2|Maushold-Four, L50|\n|teampreview|4\n|inactive|Battle timer is ON: inactive players will automatically lose when time's up. (requested by 99999999999ooo9999)\nKiryuri has agreed to open team sheets.\n|inactive|Kiryuri has 60 seconds left.\n|\n|t:|1776169868\n|teamsize|p1|4\n|teamsize|p2|4\n|start\n|switch|p1a: Farigiraf|Farigiraf, L50, M|100/100\n|switch|p1b: Maushold|Maushold, L50|100/100\n|switch|p2a: Basculegion|Basculegion, L50, M|100/100\n|switch|p2b: Milotic|Milotic, L50, F|100/100\n|turn|1\n|\n|t:|1776169891\n|move|p1b: Maushold|Follow Me|p1b: Maushold\n|-singleturn|p1b: Maushold|move: Follow Me\n|move|p2a: Basculegion|Wave Crash|p1b: Maushold\n|-damage|p1b: Maushold|0 fnt\n|faint|p1b: Maushold\n|-damage|p2a: Basculegion|72/100|[from] Recoil\n|move|p2b: Milotic|Coil|p2b: Milotic\n|-boost|p2b: Milotic|atk|1\n|-boost|p2b: Milotic|def|1\n|-boost|p2b: Milotic|accuracy|1\n|move|p1a: Farigiraf|Trick Room|p1a: Farigiraf\n|-fieldstart|move: Trick Room|[of] p1a: Farigiraf\n|\n|upkeep\n|\n|t:|1776169903\n|switch|p1b: Floette|Floette-Eternal, L50, F|100/100\n|turn|2\n|\n|t:|1776169926\n|detailschange|p1b: Floette|Floette-Mega, L50, F\n|-mega|p1b: Floette|Floette|Floettite\n|-ability|p1b: Floette|Fairy Aura\n|move|p1a: Farigiraf|Psychic|p2b: Milotic\n|-damage|p2b: Milotic|68/100\n|move|p2b: Milotic|Coil|p2b: Milotic\n|-boost|p2b: Milotic|atk|1\n|-boost|p2b: Milotic|def|1\n|-boost|p2b: Milotic|accuracy|1\n|move|p1b: Floette|Moonblast|p2a: Basculegion\n|-damage|p2a: Basculegion|0 fnt\n|faint|p2a: Basculegion\n|\n|upkeep\n|\n|t:|1776169939\n|switch|p2a: Sinistcha|Sinistcha, L50|100/100\n|-heal|p2b: Milotic|93/100|[from] ability: Hospitality|[of] p2a: Sinistcha\n|turn|3\n|\n|t:|1776169959\n|move|p2a: Sinistcha|Rage Powder|p2a: Sinistcha\n|-singleturn|p2a: Sinistcha|move: Rage Powder\n|move|p1a: Farigiraf|Psychic|p2a: Sinistcha\n|-damage|p2a: Sinistcha|58/100\n|-unboost|p2a: Sinistcha|spd|1\n|move|p2b: Milotic|Hypnosis|p1b: Floette\n|-status|p1b: Floette|slp|[from] move: Hypnosis\n|cant|p1b: Floette|slp\n|\n|upkeep\n|turn|4\n|\n|t:|1776169974\n|switch|p2a: Scizor|Scizor, L50, F|100/100\n|move|p1a: Farigiraf|Psychic|p2a: Scizor\n|-resisted|p2a: Scizor|1\n|-damage|p2a: Scizor|71/100\n|move|p2b: Milotic|Hydro Pump|p1a: Farigiraf\n|-damage|p1a: Farigiraf|57/100\n|cant|p1b: Floette|slp\n|\n|-heal|p1a: Farigiraf|63/100|[from] item: Leftovers\n|upkeep\n|turn|5\n|inactive|99999999999ooo9999 has 30 seconds left.\n|inactive|Kiryuri has 30 seconds left.\n|\n|t:|1776170003\n|switch|p1b: Basculegion|Basculegion, L50, M|100/100\n|detailschange|p2a: Scizor|Scizor-Mega, L50, F\n|-mega|p2a: Scizor|Scizor|Scizorite\n|move|p1a: Farigiraf|Psychic|p2b: Milotic\n|-damage|p2b: Milotic|58/100\n|-unboost|p2b: Milotic|spd|1\n|-ability|p2b: Milotic|Competitive|boost\n|-boost|p2b: Milotic|spa|2\n|move|p2b: Milotic|Hydro Pump|p1b: Basculegion\n|-resisted|p1b: Basculegion|1\n|-damage|p1b: Basculegion|46/100\n|move|p2a: Scizor|Close Combat|p1a: Farigiraf\n|-damage|p1a: Farigiraf|6/100\n|-unboost|p2a: Scizor|def|1\n|-unboost|p2a: Scizor|spd|1\n|\n|-heal|p1a: Farigiraf|12/100|[from] item: Leftovers\n|-fieldend|move: Trick Room\n|upkeep\n|turn|6\n|inactive|99999999999ooo9999 has 30 seconds left.\n|inactive|Kiryuri has 30 seconds left.\n|inactive|Kiryuri has 20 seconds left.\n|inactive|Kiryuri has 15 seconds left.\n|\n|t:|1776170044\n|move|p2a: Scizor|Protect|p2a: Scizor\n|-singleturn|p2a: Scizor|Protect\n|move|p1b: Basculegion|Aqua Jet|p2a: Scizor\n|-activate|p2a: Scizor|move: Protect\n|move|p2b: Milotic|Hydro Pump|p1b: Basculegion\n|-resisted|p1b: Basculegion|1\n|-damage|p1b: Basculegion|0 fnt\n|faint|p1b: Basculegion\n|move|p1a: Farigiraf|Psychic|p2b: Milotic\n|-damage|p2b: Milotic|7/100\n|\n|-heal|p1a: Farigiraf|18/100|[from] item: Leftovers\n|upkeep\n|\n|t:|1776170052\n|switch|p1b: Floette|Floette-Mega, L50, F|100/100 slp\n|-ability|p1b: Floette|Fairy Aura\n|turn|7\n|\n|t:|1776170070\n|switch|p2a: Sinistcha|Sinistcha, L50|58/100\n|-heal|p2b: Milotic|32/100|[from] ability: Hospitality|[of] p2a: Sinistcha\n|-curestatus|p1b: Floette|slp|[msg]\n|move|p1b: Floette|Dazzling Gleam|p2b: Milotic|[spread] p2a,p2b\n|-damage|p2a: Sinistcha|12/100\n|-damage|p2b: Milotic|0 fnt\n|-enditem|p2a: Sinistcha|Sitrus Berry|[eat]\n|-heal|p2a: Sinistcha|37/100|[from] item: Sitrus Berry\n|faint|p2b: Milotic\n|move|p1a: Farigiraf|Psychic|p2a: Sinistcha\n|-damage|p2a: Sinistcha|0 fnt\n|faint|p2a: Sinistcha\n|\n|-heal|p1a: Farigiraf|24/100|[from] item: Leftovers\n|upkeep\n|\n|t:|1776170083\n|switch|p2b: Scizor|Scizor-Mega, L50, F|71/100\n|turn|8\n|\n|t:|1776170088\n|move|p1b: Floette|Protect|p1b: Floette\n|-singleturn|p1b: Floette|Protect\n|move|p1a: Farigiraf|Protect|p1a: Farigiraf\n|-singleturn|p1a: Farigiraf|Protect\n|move|p2b: Scizor|Close Combat|p1a: Farigiraf\n|-activate|p1a: Farigiraf|move: Protect\n|\n|-heal|p1a: Farigiraf|30/100|[from] item: Leftovers\n|upkeep\n|turn|9\n|inactive|99999999999ooo9999 has 30 seconds left.\n|\n|t:|1776170114\n|move|p1b: Floette|Light of Ruin|p2b: Scizor\n|-resisted|p2b: Scizor|1\n|-damage|p2b: Scizor|13/100\n|-damage|p1b: Floette|72/100|[from] Recoil\n|move|p2b: Scizor|Close Combat|p1a: Farigiraf\n|-damage|p1a: Farigiraf|0 fnt\n|-unboost|p2b: Scizor|def|1\n|-unboost|p2b: Scizor|spd|1\n|faint|p1a: Farigiraf\n|\n|upkeep\n|turn|10\n|\n|t:|1776170124\n|move|p2b: Scizor|Bullet Punch|p1b: Floette\n|-supereffective|p1b: Floette|1\n|-damage|p1b: Floette|0 fnt\n|faint|p1b: Floette\n|\n|win|Kiryuri\n|raw|99999999999ooo9999's rating: 1313 &rarr; <strong>1298</strong><br />(-15 for losing)\n|raw|Kiryuri's rating: 1393 &rarr; <strong>1408</strong><br />(+15 for winning)\n",
  "uploadtime": 1776170132,
  "views": 37,
  "formatid": "gen9championsvgc2026regma",
  "rating": 1298,
  "private": 0,
  "password": null
}