{
  "id": "gen9championsvgc2026regma-2583760036",
  "format": "[Gen 9 Champions] VGC 2026 Reg M-A",
  "players": [
    "Goosewithnoeggs",
    "Stergburg"
  ],
  "log": "|j|\u2606Goosewithnoeggs\n|j|\u2606Stergburg\n|t:|1776195830\n|gametype|doubles\n|player|p1|Goosewithnoeggs|skyla|1121\n|player|p2|Stergburg|1|1076\n|gen|9\n|tier|[Gen 9 Champions] VGC 2026 Reg M-A\n|rated|\n|rule|Species Clause: Limit one of each Pok\u00e9mon\n|rule|Item Clause: Limit 1 of each item\n|clearpoke\n|poke|p1|Pelipper, L50, M|\n|poke|p1|Archaludon, L50, F|\n|poke|p1|Basculegion, L50, M|\n|poke|p1|Dragonite, L50, F|\n|poke|p1|Politoed, L50, F|\n|poke|p1|Milotic, L50, M|\n|poke|p2|Dragonite, L50, M|\n|poke|p2|Goodra-Hisui, L50, F|\n|poke|p2|Sinistcha, L50|\n|poke|p2|Politoed, L50, F|\n|poke|p2|Palafin, L50, F|\n|poke|p2|Raichu, L50, M|\n|teampreview|4\n|inactive|Battle timer is ON: inactive players will automatically lose when time's up. (requested by Goosewithnoeggs)\n|c|\u2606Goosewithnoeggs|Glhf\n|inactive|Stergburg has 60 seconds left.\n|\n|t:|1776195862\n|teamsize|p1|4\n|teamsize|p2|4\n|start\n|switch|p1a: Poseidon|Pelipper, L50, M, shiny|100/100\n|switch|p1b: Galatea|Archaludon, L50, F, shiny|100/100\n|switch|p2a: Raichu|Raichu, L50, M|100/100\n|switch|p2b: Palafin|Palafin, L50, F|100/100\n|-weather|RainDance|[from] ability: Drizzle|[of] p1a: Poseidon\n|turn|1\n|\n|t:|1776195884\n|move|p2a: Raichu|Fake Out|p1a: Poseidon\n|-damage|p1a: Poseidon|90/100\n|move|p1b: Galatea|Draco Meteor|p2a: Raichu|[miss]\n|-miss|p1b: Galatea|p2a: Raichu\n|move|p2b: Palafin|Flip Turn|p1a: Poseidon\n|-resisted|p1a: Poseidon|1\n|-damage|p1a: Poseidon|63/100\n|\n|t:|1776195894\n|detailschange|p2b: Palafin|Palafin-Hero, L50, F\n|switch|p2b: Goodra|Goodra-Hisui, L50, F|100/100|[from] Flip Turn\n|cant|p1a: Poseidon|flinch\n|\n|-weather|RainDance|[upkeep]\n|upkeep\n|turn|2\n|\n|t:|1776195905\n|move|p2a: Raichu|Thunder|p1a: Poseidon\n|-supereffective|p1a: Poseidon|2\n|-damage|p1a: Poseidon|0 fnt\n|faint|p1a: Poseidon\n|move|p1b: Galatea|Draco Meteor|p2a: Raichu\n|-enditem|p2a: Raichu|Focus Sash\n|-damage|p2a: Raichu|1/100\n|-unboost|p1b: Galatea|spa|2\n|move|p2b: Goodra|Shelter|p2b: Goodra\n|-boost|p2b: Goodra|def|2\n|\n|-weather|RainDance|[upkeep]\n|upkeep\n|\n|t:|1776195910\n|switch|p1a: Triton|Basculegion, L50, M|100/100\n|turn|3\n|\n|t:|1776195931\n|switch|p1b: Thetis|Dragonite, L50, F, shiny|100/100\n|move|p1a: Triton|Flip Turn|p2a: Raichu\n|-damage|p2a: Raichu|0 fnt\n|faint|p2a: Raichu\n|\n|t:|1776195936\n|switch|p1a: Galatea|Archaludon, L50, F, shiny|100/100|[from] Flip Turn\n|move|p2b: Goodra|Shelter|p2b: Goodra\n|-boost|p2b: Goodra|def|2\n|\n|-weather|RainDance|[upkeep]\n|upkeep\n|\n|t:|1776195958\n|switch|p2a: Dragonite|Dragonite, L50, M|100/100\n|turn|4\n|inactive|Stergburg has 30 seconds left.\n|\n|t:|1776195985\n|detailschange|p1b: Thetis|Dragonite-Mega, L50, F, shiny\n|-mega|p1b: Thetis|Dragonite|Dragoninite\n|detailschange|p2a: Dragonite|Dragonite-Mega, L50, M\n|-mega|p2a: Dragonite|Dragonite|Dragoninite\n|move|p1b: Thetis|Thunder|p2a: Dragonite\n|-damage|p2a: Dragonite|86/100\n|move|p1a: Galatea|Electro Shot||[still]\n|-prepare|p1a: Galatea|Electro Shot\n|-boost|p1a: Galatea|spa|1\n|-anim|p1a: Galatea|Electro Shot|p2a: Dragonite\n|-damage|p2a: Dragonite|30/100\n|move|p2a: Dragonite|Draco Meteor|p1b: Thetis\n|-supereffective|p1b: Thetis|1\n|-damage|p1b: Thetis|27/100\n|-unboost|p2a: Dragonite|spa|2\n|move|p2b: Goodra|Body Press|p1a: Galatea\n|-supereffective|p1a: Galatea|1\n|-damage|p1a: Galatea|0 fnt\n|faint|p1a: Galatea\n|\n|-weather|RainDance|[upkeep]\n|upkeep\n|\n|t:|1776195999\n|switch|p1a: Triton|Basculegion, L50, M|100/100\n|turn|5\n|\n|t:|1776196014\n|move|p2a: Dragonite|Extreme Speed|p1b: Thetis\n|-damage|p1b: Thetis|9/100\n|move|p1a: Triton|Last Respects|p2a: Dragonite\n|-damage|p2a: Dragonite|0 fnt\n|faint|p2a: Dragonite\n|move|p1b: Thetis|Draco Meteor|p2b: Goodra\n|-damage|p2b: Goodra|53/100\n|-unboost|p1b: Thetis|spa|2\n|move|p2b: Goodra|Body Press|p1b: Thetis\n|-resisted|p1b: Thetis|1\n|-damage|p1b: Thetis|0 fnt\n|faint|p1b: Thetis\n|\n|-weather|none\n|upkeep\n|\n|t:|1776196031\n|switch|p2a: Palafin|Palafin-Hero, L50, F|100/100\n|-activate|p2a: Palafin|ability: Zero to Hero\n|turn|6\n|\n|t:|1776196041\n|move|p1a: Triton|Last Respects|p2a: Palafin\n|-damage|p2a: Palafin|6/100\n|move|p2a: Palafin|Wave Crash|p1a: Triton\n|-resisted|p1a: Triton|1\n|-damage|p1a: Triton|42/100\n|-damage|p2a: Palafin|0 fnt|[from] Recoil\n|faint|p2a: Palafin\n|move|p2b: Goodra|Life Dew|p2b: Goodra\n|-heal|p2b: Goodra|79/100\n|\n|upkeep\n|turn|7\n|\n|t:|1776196054\n|move|p1a: Triton|Last Respects|p2b: Goodra\n|-damage|p2b: Goodra|55/100\n|move|p2b: Goodra|Shelter|p2b: Goodra\n|-boost|p2b: Goodra|def|2\n|\n|upkeep\n|turn|8\n|\n|t:|1776196063\n|move|p1a: Triton|Last Respects|p2b: Goodra\n|-damage|p2b: Goodra|36/100\n|-enditem|p2b: Goodra|Sitrus Berry|[eat]\n|-heal|p2b: Goodra|61/100|[from] item: Sitrus Berry\n|move|p2b: Goodra|Life Dew|p2b: Goodra\n|-heal|p2b: Goodra|86/100\n|\n|upkeep\n|turn|9\n|\n|t:|1776196074\n|move|p1a: Triton|Last Respects|p2b: Goodra\n|-damage|p2b: Goodra|66/100\n|move|p2b: Goodra|Dragon Cheer|p2: Palafin|[notarget]\n|-fail|p2b: Goodra\n|\n|upkeep\n|turn|10\n|\n|t:|1776196081\n|move|p1a: Triton|Last Respects|p2b: Goodra\n|-damage|p2b: Goodra|47/100\n|move|p2b: Goodra|Dragon Cheer|p2: Palafin|[notarget]\n|-fail|p2b: Goodra\n|\n|upkeep\n|turn|11\n|\n|t:|1776196089\n|move|p1a: Triton|Last Respects|p2b: Goodra\n|-damage|p2b: Goodra|28/100\n|move|p2b: Goodra|Dragon Cheer|p2: Palafin|[notarget]\n|-fail|p2b: Goodra\n|\n|upkeep\n|turn|12\n|\n|t:|1776196096\n|move|p1a: Triton|Last Respects|p2b: Goodra\n|-damage|p2b: Goodra|7/100\n|move|p2b: Goodra|Life Dew|p2b: Goodra\n|-heal|p2b: Goodra|32/100\n|\n|upkeep\n|turn|13\n|\n|t:|1776196103\n|move|p1a: Triton|Last Respects|p2b: Goodra\n|-damage|p2b: Goodra|13/100\n|move|p2b: Goodra|Life Dew|p2b: Goodra\n|-heal|p2b: Goodra|38/100\n|\n|upkeep\n|turn|14\n|\n|t:|1776196110\n|move|p1a: Triton|Last Respects|p2b: Goodra\n|-damage|p2b: Goodra|19/100\n|move|p2b: Goodra|Life Dew|p2b: Goodra\n|-heal|p2b: Goodra|44/100\n|\n|upkeep\n|turn|15\n|\n|t:|1776196117\n|move|p1a: Triton|Last Respects|p2b: Goodra\n|-damage|p2b: Goodra|21/100\n|move|p2b: Goodra|Life Dew|p2b: Goodra\n|-heal|p2b: Goodra|46/100\n|\n|upkeep\n|turn|16\n|\n|t:|1776196125\n|move|p1a: Triton|Last Respects|p2b: Goodra\n|-damage|p2b: Goodra|24/100\n|move|p2b: Goodra|Life Dew|p2b: Goodra\n|-heal|p2b: Goodra|49/100\n|\n|upkeep\n|turn|17\n|\n|t:|1776196132\n|-activate|p1a: Triton|move: Struggle\n|move|p1a: Triton|Struggle|p2b: Goodra\n|-damage|p2b: Goodra|45/100\n|-damage|p1a: Triton|17/100|[from] recoil\n|move|p2b: Goodra|Life Dew|p2b: Goodra\n|-heal|p2b: Goodra|71/100\n|\n|upkeep\n|turn|18\n|\n|t:|1776196140\n|-activate|p1a: Triton|move: Struggle\n|move|p1a: Triton|Struggle|p2b: Goodra\n|-damage|p2b: Goodra|67/100\n|-damage|p1a: Triton|0 fnt|[from] recoil\n|faint|p1a: Triton\n|\n|win|Stergburg\n|raw|Goosewithnoeggs's rating: 1121 &rarr; <strong>1093</strong><br />(-28 for losing)\n|raw|Stergburg's rating: 1076 &rarr; <strong>1108</strong><br />(+32 for winning)\n",
  "uploadtime": 1776196148,
  "views": 16,
  "formatid": "gen9championsvgc2026regma",
  "rating": 1093,
  "private": 0,
  "password": null
}