{
  "id": "gen9championsvgc2026regma-2584448684",
  "format": "[Gen 9 Champions] VGC 2026 Reg M-A",
  "players": [
    "NahImJK",
    "5wamp"
  ],
  "log": "|j|\u2606NahImJK\n|j|\u26065wamp\n|html|<table width=\"100%\"><tr><td align=\"left\">NahImJK</td><td align=\"right\">5wamp</tr><tr><td align=\"left\"><i class=\"fa fa-circle-o\"></i> <i class=\"fa fa-circle-o\"></i> </td><td align=\"right\"><i class=\"fa fa-circle-o\"></i> <i class=\"fa fa-circle\"></i> </tr></table>\n|uhtml|bestof|<h2><strong>Game 2</strong> of <a href=\"/game-bestof3-gen9championsvgc2026regma-2584446047\">a best-of-3</a></h2>\n|t:|1776261604\n|gametype|doubles\n|player|p1|NahImJK|lance|\n|player|p2|5wamp|iono-masters|\n|gen|9\n|tier|[Gen 9 Champions] VGC 2026 Reg M-A\n|rated|Tournament battle\n|rule|Species Clause: Limit one of each Pok\u00e9mon\n|rule|Item Clause: Limit 1 of each item\n|raw|<div class=\"infobox\"><details class=\"readmore\" open><summary><strong>2 custom rules:</strong></summary> Force Open Team Sheets, Best of = 3</details></div>\n|clearpoke\n|poke|p1|Incineroar, L50, F|\n|poke|p1|Archaludon, L50, M|\n|poke|p1|Tinkaton, L50, F|\n|poke|p1|Pelipper, L50, F|\n|poke|p1|Basculegion, L50, M|\n|poke|p1|Gyarados, L50, M|\n|poke|p2|Floette-Eternal, L50, F|\n|poke|p2|Sneasler, L50, F|\n|poke|p2|Basculegion, L50, M|\n|poke|p2|Aerodactyl, L50, M|\n|poke|p2|Kingambit, L50, M|\n|poke|p2|Incineroar, L50, M|\n|teampreview|4\n|showteam|p1|Incineroar||ChopleBerry|Intimidate|FlareBlitz,DarkestLariat,FakeOut,PartingShot|||F|||50|]Archaludon||WhiteHerb|Sturdy|ElectroShot,FlashCannon,DracoMeteor,Protect|||M|||50|]Tinkaton||ShucaBerry|MoldBreaker|GigatonHammer,PlayRough,Feint,FakeOut|||F|||50|]Pelipper||FocusBand|Drizzle|WeatherBall,Hurricane,Tailwind,Protect|||F|||50|]Basculegion||MysticWater|SwiftSwim|WaveCrash,AquaJet,LastRespects,Protect|||M|||50|]Gyarados||Gyaradosite|Intimidate|DragonDance,Waterfall,Crunch,Protect|||M|||50|\n|showteam|p2|Floette-Eternal||Floettite|FlowerVeil|Moonblast,DazzlingGleam,DrainingKiss,Protect|||F|||50|]Sneasler||WhiteHerb|Unburden|FakeOut,CloseCombat,DireClaw,Protect|||F|||50|]Basculegion||ChoiceScarf|Adaptability|WaveCrash,LastRespects,AquaJet,FlipTurn|||M|||50|]Aerodactyl||FocusSash|Unnerve|RockSlide,DualWingbeat,Tailwind,Protect|||M|||50|]Kingambit||ChopleBerry|Defiant|IronHead,LowKick,SuckerPunch,Protect|||M|||50|]Incineroar||SitrusBerry|Intimidate|FakeOut,FlareBlitz,ThroatChop,PartingShot|||M|||50|\n|inactive|Battle timer is ON: inactive players will automatically lose when time's up. (requested by 5wamp)\n|\n|t:|1776261612\n|teamsize|p1|4\n|teamsize|p2|4\n|start\n|switch|p1a: Incineroar|Incineroar, L50, F|100/100\n|switch|p1b: Tinkaton|Tinkaton, L50, F, shiny|100/100\n|switch|p2a: Aerodactyl|Aerodactyl, L50, M|100/100\n|switch|p2b: Floette|Floette-Eternal, L50, F|100/100\n|-ability|p2a: Aerodactyl|Unnerve\n|-ability|p1b: Tinkaton|Mold Breaker\n|-ability|p1a: Incineroar|Intimidate|boost\n|-unboost|p2a: Aerodactyl|atk|1\n|-unboost|p2b: Floette|atk|1\n|turn|1\n|\n|t:|1776261636\n|switch|p2b: Sneasler|Sneasler, L50, F|100/100\n|move|p2a: Aerodactyl|Protect|p2a: Aerodactyl\n|-singleturn|p2a: Aerodactyl|Protect\n|move|p1a: Incineroar|Fake Out|p2a: Aerodactyl\n|-activate|p2a: Aerodactyl|move: Protect\n|move|p1b: Tinkaton|Gigaton Hammer|p2b: Sneasler\n|-damage|p2b: Sneasler|11/100\n|\n|upkeep\n|turn|2\n|\n|t:|1776261656\n|move|p2a: Aerodactyl|Rock Slide|p1b: Tinkaton|[spread] p1a,p1b\n|-supereffective|p1a: Incineroar|1\n|-resisted|p1b: Tinkaton|1\n|-damage|p1a: Incineroar|79/100\n|-damage|p1b: Tinkaton|92/100\n|move|p2b: Sneasler|Close Combat|p1a: Incineroar\n|-supereffective|p1a: Incineroar|1\n|-crit|p1a: Incineroar\n|-damage|p1a: Incineroar|0 fnt\n|-unboost|p2b: Sneasler|def|1\n|-unboost|p2b: Sneasler|spd|1\n|faint|p1a: Incineroar\n|-enditem|p2b: Sneasler|White Herb\n|-clearnegativeboost|p2b: Sneasler|[silent]\n|cant|p1b: Tinkaton|flinch\n|\n|upkeep\n|\n|t:|1776261670\n|switch|p1a: Pelipper|Pelipper, L50, F|100/100\n|-weather|RainDance|[from] ability: Drizzle|[of] p1a: Pelipper\n|turn|3\n|\n|t:|1776261681\n|move|p1b: Tinkaton|Feint|p2b: Sneasler\n|-damage|p2b: Sneasler|0 fnt\n|faint|p2b: Sneasler\n|move|p2a: Aerodactyl|Rock Slide|p1b: Tinkaton|[spread] p1b\n|-miss|p2a: Aerodactyl|p1a: Pelipper\n|-resisted|p1b: Tinkaton|1\n|-damage|p1b: Tinkaton|84/100\n|move|p1a: Pelipper|Tailwind|p1a: Pelipper\n|-sidestart|p1: NahImJK|move: Tailwind\n|\n|-weather|RainDance|[upkeep]\n|upkeep\n|\n|t:|1776261689\n|switch|p2b: Floette|Floette-Eternal, L50, F|100/100\n|turn|4\n|\n|t:|1776261695\n|detailschange|p2b: Floette|Floette-Mega, L50, F\n|-mega|p2b: Floette|Floette|Floettite\n|-ability|p2b: Floette|Fairy Aura\n|move|p2a: Aerodactyl|Protect|p2a: Aerodactyl\n|-singleturn|p2a: Aerodactyl|Protect\n|move|p2b: Floette|Protect|p2b: Floette\n|-singleturn|p2b: Floette|Protect\n|move|p1b: Tinkaton|Gigaton Hammer|p2b: Floette\n|-activate|p2b: Floette|move: Protect\n|move|p1a: Pelipper|Weather Ball|p2a: Aerodactyl\n|-activate|p2a: Aerodactyl|move: Protect\n|\n|-weather|RainDance|[upkeep]\n|upkeep\n|turn|5\n|\n|t:|1776261712\n|switch|p1b: Gyarados|Gyarados, L50, M, shiny|100/100\n|-ability|p1b: Gyarados|Intimidate|boost\n|-unboost|p2a: Aerodactyl|atk|1\n|-unboost|p2b: Floette|atk|1\n|move|p1a: Pelipper|Weather Ball|p2a: Aerodactyl\n|-supereffective|p2a: Aerodactyl|1\n|-enditem|p2a: Aerodactyl|Focus Sash\n|-damage|p2a: Aerodactyl|1/100\n|move|p2a: Aerodactyl|Tailwind|p2a: Aerodactyl\n|-sidestart|p2: 5wamp|move: Tailwind\n|move|p2b: Floette|Dazzling Gleam|p1a: Pelipper|[spread] p1a,p1b\n|-damage|p1a: Pelipper|28/100\n|-damage|p1b: Gyarados|61/100\n|\n|-weather|RainDance|[upkeep]\n|upkeep\n|turn|6\n|\n|t:|1776261735\n|move|p1a: Pelipper|Protect|p1a: Pelipper\n|-singleturn|p1a: Pelipper|Protect\n|move|p2a: Aerodactyl|Rock Slide|p1a: Pelipper|[spread] p1b\n|-activate|p1a: Pelipper|move: Protect\n|-supereffective|p1b: Gyarados|1\n|-damage|p1b: Gyarados|34/100\n|move|p2b: Floette|Moonblast|p1b: Gyarados\n|-damage|p1b: Gyarados|0 fnt\n|faint|p1b: Gyarados\n|\n|-weather|RainDance|[upkeep]\n|-sideend|p1: NahImJK|move: Tailwind\n|upkeep\n|\n|t:|1776261746\n|switch|p1b: Tinkaton|Tinkaton, L50, F, shiny|84/100\n|-ability|p1b: Tinkaton|Mold Breaker\n|turn|7\n|\n|t:|1776261753\n|move|p1b: Tinkaton|Fake Out|p2a: Aerodactyl\n|-resisted|p2a: Aerodactyl|1\n|-damage|p2a: Aerodactyl|0 fnt\n|faint|p2a: Aerodactyl\n|move|p2b: Floette|Dazzling Gleam|p1a: Pelipper|[spread] p1a,p1b\n|-resisted|p1b: Tinkaton|1\n|-damage|p1a: Pelipper|0 fnt\n|-damage|p1b: Tinkaton|64/100\n|faint|p1a: Pelipper\n|\n|-weather|none\n|upkeep\n|\n|t:|1776261755\n|switch|p2a: Kingambit|Kingambit, L50, M|100/100\n|turn|8\n|\n|t:|1776261768\n|move|p2b: Floette|Moonblast|p1b: Tinkaton\n|-resisted|p1b: Tinkaton|1\n|-damage|p1b: Tinkaton|32/100\n|-unboost|p1b: Tinkaton|spa|1\n|move|p2a: Kingambit|Iron Head|p1b: Tinkaton\n|-damage|p1b: Tinkaton|0 fnt\n|faint|p1b: Tinkaton\n|\n|win|5wamp\n|l|\u2606NahImJK\n|player|p1|\n|l|\u26065wamp\n|player|p2|\n|j| BIG RAINA\n",
  "uploadtime": 1776261768,
  "views": 19,
  "formatid": "gen9championsvgc2026regma",
  "rating": null,
  "private": 0,
  "password": null
}