{
  "id": "gen9championsvgc2026regma-2585372417",
  "format": "[Gen 9 Champions] VGC 2026 Reg M-A",
  "players": [
    "adam2300",
    "blog2"
  ],
  "log": "|j|\u2606adam2300\n|j|\u2606blog2\n|t:|1776342274\n|gametype|doubles\n|player|p1|adam2300|266|1009\n|player|p2|blog2|170|1046\n|gen|9\n|tier|[Gen 9 Champions] VGC 2026 Reg M-A\n|rated|\n|rule|Species Clause: Limit one of each Pok\u00e9mon\n|rule|Item Clause: Limit 1 of each item\n|clearpoke\n|poke|p1|Pinsir, L50, F|\n|poke|p1|Farigiraf, L50, M|\n|poke|p1|Toxicroak, L50, M|\n|poke|p1|Glimmora, L50, M|\n|poke|p1|Scovillain, L50, M|\n|poke|p1|Tauros-Paldea-Aqua, L50, M|\n|poke|p2|Dragonite, L50, F|\n|poke|p2|Alakazam, L50, M|\n|poke|p2|Mamoswine, L50, M|\n|poke|p2|Sneasler, L50, M|\n|poke|p2|Sinistcha, L50|\n|poke|p2|Tinkaton, L50, F|\n|teampreview|4\n|inactive|Battle timer is ON: inactive players will automatically lose when time's up. (requested by adam2300)\n|\n|t:|1776342368\n|teamsize|p1|4\n|teamsize|p2|4\n|start\n|switch|p1a: Scovillain|Scovillain, L50, M|100/100\n|switch|p1b: Farigiraf|Farigiraf, L50, M|100/100\n|switch|p2a: Dragonite|Dragonite, L50, F|100/100\n|switch|p2b: Tinkaton|Tinkaton, L50, F|100/100\n|turn|1\n|\n|t:|1776342391\n|detailschange|p2a: Dragonite|Dragonite-Mega, L50, F\n|-mega|p2a: Dragonite|Dragonite|Dragoninite\n|move|p1a: Scovillain|Protect|p1a: Scovillain\n|-singleturn|p1a: Scovillain|Protect\n|move|p2a: Dragonite|Dragon Pulse|p1b: Farigiraf\n|-damage|p1b: Farigiraf|50/100\n|move|p2b: Tinkaton|Gigaton Hammer|p1b: Farigiraf\n|-damage|p1b: Farigiraf|0 fnt\n|faint|p1b: Farigiraf\n|\n|-ability|p1a: Scovillain|Moody|boost\n|-boost|p1a: Scovillain|spa|2\n|-unboost|p1a: Scovillain|spe|1\n|upkeep\n|\n|t:|1776342416\n|switch|p1b: Tauros|Tauros-Paldea-Aqua, L50, M|100/100\n|turn|2\n|inactive|blog2 has 30 seconds left.\n|\n|t:|1776342446\n|detailschange|p1a: Scovillain|Scovillain-Mega, L50, M\n|-mega|p1a: Scovillain|Scovillain|Scovillainite\n|move|p1b: Tauros|Raging Bull|p2a: Dragonite\n|-resisted|p2a: Dragonite|1\n|-crit|p2a: Dragonite\n|-damage|p2a: Dragonite|87/100\n|move|p2a: Dragonite|Thunderbolt|p1b: Tauros\n|-supereffective|p1b: Tauros|1\n|-damage|p1b: Tauros|0 fnt\n|faint|p1b: Tauros\n|move|p2b: Tinkaton|Play Rough|p1a: Scovillain\n|-resisted|p1a: Scovillain|1\n|-damage|p1a: Scovillain|81/100\n|-status|p2b: Tinkaton|brn|[from] ability: Spicy Spray|[of] p1a: Scovillain\n|move|p1a: Scovillain|Flamethrower|p2b: Tinkaton\n|-supereffective|p2b: Tinkaton|1\n|-enditem|p2b: Tinkaton|Occa Berry|[eat]\n|-enditem|p2b: Tinkaton|Occa Berry|[weaken]\n|-damage|p2b: Tinkaton|24/100 brn\n|\n|-damage|p2b: Tinkaton|18/100 brn|[from] brn\n|upkeep\n|\n|t:|1776342467\n|switch|p1b: Pinsir|Pinsir, L50, F|100/100\n|turn|3\n|\n|t:|1776342475\n|switch|p2b: Sinistcha|Sinistcha, L50|100/100\n|-heal|p2a: Dragonite|100/100|[from] ability: Hospitality|[of] p2b: Sinistcha\n|move|p1b: Pinsir|Bulk Up|p1b: Pinsir\n|-boost|p1b: Pinsir|atk|1\n|-boost|p1b: Pinsir|def|1\n|move|p2a: Dragonite|Flamethrower|p1b: Pinsir\n|-supereffective|p1b: Pinsir|1\n|-damage|p1b: Pinsir|0 fnt\n|faint|p1b: Pinsir\n|move|p1a: Scovillain|Flamethrower|p2a: Dragonite\n|-resisted|p2a: Dragonite|1\n|-damage|p2a: Dragonite|85/100\n|\n|upkeep\n|turn|4\n|\n|t:|1776342504\n|move|p2a: Dragonite|Dragon Pulse|p1a: Scovillain\n|-damage|p1a: Scovillain|3/100\n|-status|p2a: Dragonite|brn|[from] ability: Spicy Spray|[of] p1a: Scovillain\n|move|p2b: Sinistcha|Life Dew||[still]|[spread] p2a,p2b\n|-heal|p2a: Dragonite|100/100 brn\n|-fail|p2b: Sinistcha|heal\n|move|p1a: Scovillain|Flamethrower|p2b: Sinistcha\n|-supereffective|p2b: Sinistcha|1\n|-damage|p2b: Sinistcha|0 fnt\n|faint|p2b: Sinistcha\n|\n|-damage|p2a: Dragonite|94/100 brn|[from] brn\n|upkeep\n|\n|t:|1776342514\n|switch|p2b: Mamoswine|Mamoswine, L50, M|100/100\n|turn|5\n|\n|t:|1776342523\n|move|p2b: Mamoswine|Ice Shard|p1a: Scovillain\n|-damage|p1a: Scovillain|0 fnt\n|-status|p2b: Mamoswine|brn|[from] ability: Spicy Spray|[of] p1a: Scovillain\n|faint|p1a: Scovillain\n|\n|win|blog2\n|raw|adam2300's rating: 1009 &rarr; <strong>1000</strong><br />(-9 for losing)\n|raw|blog2's rating: 1046 &rarr; <strong>1076</strong><br />(+30 for winning)\n|l|\u2606adam2300\n|player|p1|\n",
  "uploadtime": 1776342527,
  "views": 35,
  "formatid": "gen9championsvgc2026regma",
  "rating": 1000,
  "private": 0,
  "password": null
}