{
  "id": "gen9championsvgc2026regma-2583231303",
  "format": "[Gen 9 Champions] VGC 2026 Reg M-A",
  "players": [
    "Noobilio",
    "dresovense"
  ],
  "log": "|j|\u2606Noobilio\n|j|\u2606dresovense\n|t:|1776157434\n|gametype|doubles\n|player|p1|Noobilio|nurse|1211\n|player|p2|dresovense|skier|1267\n|gen|9\n|tier|[Gen 9 Champions] VGC 2026 Reg M-A\n|rated|\n|rule|Species Clause: Limit one of each Pok\u00e9mon\n|rule|Item Clause: Limit 1 of each item\n|clearpoke\n|poke|p1|Hawlucha, L50, F|\n|poke|p1|Floette-Eternal, L50, F|\n|poke|p1|Incineroar, L50, F|\n|poke|p1|Sinistcha, L50|\n|poke|p1|Snorlax, L50, M|\n|poke|p1|Rotom-Wash, L50|\n|poke|p2|Kommo-o, L50, M|\n|poke|p2|Gengar, L50, F|\n|poke|p2|Kingambit, L50, F|\n|poke|p2|Farigiraf, L50, F|\n|poke|p2|Sinistcha, L50|\n|poke|p2|Incineroar, L50, M|\n|teampreview|4\n|inactive|Battle timer is ON: inactive players will automatically lose when time's up. (requested by dresovense)\n|j| No Longer Human 01\n|inactive|dresovense has 60 seconds left.\n|\n|t:|1776157484\n|teamsize|p1|4\n|teamsize|p2|4\n|start\n|switch|p1a: Hawlucha|Hawlucha, L50, F, shiny|100/100\n|switch|p1b: Snorlax|Snorlax, L50, M|100/100\n|switch|p2a: Gengar|Gengar, L50, F|100/100\n|switch|p2b: Kommo-o|Kommo-o, L50, M|100/100\n|-ability|p1a: Hawlucha|Mold Breaker\n|turn|1\n|\n|t:|1776157505\n|detailschange|p2a: Gengar|Gengar-Mega, L50, F\n|-mega|p2a: Gengar|Gengar|Gengarite\n|detailschange|p1a: Hawlucha|Hawlucha-Mega, L50, F, shiny\n|-mega|p1a: Hawlucha|Hawlucha|Hawluchanite\n|move|p1b: Snorlax|Protect|p1b: Snorlax\n|-singleturn|p1b: Snorlax|Protect\n|move|p2a: Gengar|Sludge Wave|p1b: Snorlax|[spread] p2b,p1a\n|-activate|p1b: Snorlax|move: Protect\n|-damage|p2b: Kommo-o|62/100\n|-damage|p1a: Hawlucha|51/100\n|move|p1a: Hawlucha|Brave Bird|p2b: Kommo-o\n|-supereffective|p2b: Kommo-o|1\n|-damage|p2b: Kommo-o|0 fnt\n|faint|p2b: Kommo-o\n|-damage|p1a: Hawlucha|30/100|[from] Recoil\n|\n|upkeep\n|\n|t:|1776157518\n|switch|p2b: Incineroar|Incineroar, L50, M|100/100\n|-ability|p2b: Incineroar|Intimidate|boost\n|-unboost|p1a: Hawlucha|atk|1\n|-unboost|p1b: Snorlax|atk|1\n|turn|2\n|inactive|Noobilio has 30 seconds left.\n|inactive|Noobilio has 20 seconds left.\n|\n|t:|1776157555\n|move|p2b: Incineroar|Fake Out|p1b: Snorlax\n|-damage|p1b: Snorlax|93/100\n|move|p2a: Gengar|Dazzling Gleam|p1b: Snorlax|[spread] p1a,p1b\n|-supereffective|p1a: Hawlucha|1\n|-damage|p1a: Hawlucha|0 fnt\n|-damage|p1b: Snorlax|79/100\n|faint|p1a: Hawlucha\n|cant|p1b: Snorlax|flinch\n|\n|-heal|p1b: Snorlax|85/100|[from] item: Leftovers\n|upkeep\n|\n|t:|1776157564\n|switch|p1a: Incineroar|Incineroar, L50, F|100/100\n|-ability|p1a: Incineroar|Intimidate|boost\n|-unboost|p2a: Gengar|atk|1\n|-unboost|p2b: Incineroar|atk|1\n|turn|3\n|\n|t:|1776157583\n|switch|p2b: Kingambit|Kingambit, L50, F|100/100\n|move|p2a: Gengar|Protect|p2a: Gengar\n|-singleturn|p2a: Gengar|Protect\n|move|p1a: Incineroar|Darkest Lariat|p2a: Gengar\n|-activate|p2a: Gengar|move: Protect\n|move|p1b: Snorlax|Body Slam|p2b: Kingambit\n|-resisted|p2b: Kingambit|1\n|-damage|p2b: Kingambit|93/100\n|-status|p2b: Kingambit|par\n|\n|-heal|p1b: Snorlax|91/100|[from] item: Leftovers\n|upkeep\n|turn|4\n|\n|t:|1776157600\n|switch|p2a: Incineroar|Incineroar, L50, M|100/100\n|-ability|p2a: Incineroar|Intimidate|boost\n|-unboost|p1a: Incineroar|atk|1\n|-unboost|p1b: Snorlax|atk|1\n|cant|p2b: Kingambit|par\n|move|p1a: Incineroar|Flare Blitz|p2b: Kingambit\n|-supereffective|p2b: Kingambit|1\n|-damage|p2b: Kingambit|49/100 par\n|-damage|p1a: Incineroar|85/100|[from] Recoil\n|move|p1b: Snorlax|Fissure|p2a: Incineroar\n|-damage|p2a: Incineroar|0 fnt\n|faint|p2a: Incineroar\n|-ohko\n|\n|-heal|p1b: Snorlax|97/100|[from] item: Leftovers\n|upkeep\n|\n|t:|1776157614\n|switch|p2a: Gengar|Gengar-Mega, L50, F|100/100\n|turn|5\n|\n|t:|1776157621\n|cant|p2b: Kingambit|par\n|move|p2a: Gengar|Sludge Wave|p1a: Incineroar|[spread] p1a,p1b\n|-immune|p2b: Kingambit\n|-damage|p1a: Incineroar|53/100\n|-damage|p1b: Snorlax|72/100\n|move|p1a: Incineroar|Flare Blitz|p2b: Kingambit\n|-supereffective|p2b: Kingambit|1\n|-damage|p2b: Kingambit|6/100 par\n|-damage|p1a: Incineroar|38/100|[from] Recoil\n|move|p1b: Snorlax|Fissure|p2a: Gengar\n|-damage|p2a: Gengar|0 fnt\n|faint|p2a: Gengar\n|-ohko\n|\n|-heal|p1b: Snorlax|78/100|[from] item: Leftovers\n|upkeep\n|turn|6\n|-message|dresovense forfeited.\n|\n|win|Noobilio\n|raw|Noobilio's rating: 1211 &rarr; <strong>1240</strong><br />(+29 for winning)\n|raw|dresovense's rating: 1267 &rarr; <strong>1238</strong><br />(-29 for losing)\n|l|\u2606dresovense\n|player|p2|\n",
  "uploadtime": 1776157643,
  "views": 37,
  "formatid": "gen9championsvgc2026regma",
  "rating": 1238,
  "private": 0,
  "password": null
}