{
  "id": "gen9championsvgc2026regma-2583683435",
  "format": "[Gen 9 Champions] VGC 2026 Reg M-A",
  "players": [
    "N11ru",
    "shin-tv07"
  ],
  "log": "|j|\u2606N11ru\n|j|\u2606shin-tv07\n|t:|1776190819\n|gametype|doubles\n|player|p1|N11ru|266|1142\n|player|p2|shin-tv07|twins-gen4dp|1132\n|gen|9\n|tier|[Gen 9 Champions] VGC 2026 Reg M-A\n|rated|\n|rule|Species Clause: Limit one of each Pok\u00e9mon\n|rule|Item Clause: Limit 1 of each item\n|clearpoke\n|poke|p1|Chandelure, L50, M|\n|poke|p1|Archaludon, L50, M|\n|poke|p1|Meowscarada, L50, M|\n|poke|p1|Incineroar, L50, M|\n|poke|p1|Kingambit, L50, F|\n|poke|p1|Ninetales-Alola, L50, F|\n|poke|p2|Tauros-Paldea-Aqua, L50, M|\n|poke|p2|Froslass, L50, F|\n|poke|p2|Whimsicott, L50, F|\n|poke|p2|Clefable, L50, F|\n|poke|p2|Palafin, L50, M|\n|poke|p2|Floette-Eternal, L50, F|\n|teampreview|4\n|inactive|Battle timer is ON: inactive players will automatically lose when time's up. (requested by N11ru)\n|\n|t:|1776190840\n|teamsize|p1|4\n|teamsize|p2|4\n|start\n|switch|p1a: Chandelure|Chandelure, L50, M|100/100\n|switch|p1b: Neroro|Incineroar, L50, M, shiny|100/100\n|switch|p2a: Tauros|Tauros-Paldea-Aqua, L50, M|100/100\n|switch|p2b: Froslass|Froslass, L50, F|100/100\n|-ability|p1b: Neroro|Intimidate|boost\n|-unboost|p2a: Tauros|atk|1\n|-unboost|p2b: Froslass|atk|1\n|turn|1\n|\n|t:|1776190846\n|detailschange|p1a: Chandelure|Chandelure-Mega, L50, M\n|-mega|p1a: Chandelure|Chandelure|Chandelurite\n|move|p1b: Neroro|Fake Out|p2a: Tauros\n|-damage|p2a: Tauros|86/100\n|move|p2b: Froslass|Frost Breath|p2a: Tauros\n|-resisted|p2a: Tauros|1\n|-crit|p2a: Tauros\n|-damage|p2a: Tauros|71/100\n|-setboost|p2a: Tauros|atk|6|[from] ability: Anger Point\n|cant|p2a: Tauros|flinch\n|move|p1a: Chandelure|Substitute|p1a: Chandelure\n|-start|p1a: Chandelure|Substitute\n|-damage|p1a: Chandelure|76/100\n|\n|upkeep\n|turn|2\n|\n|t:|1776190867\n|detailschange|p2b: Froslass|Froslass-Mega, L50, F\n|-mega|p2b: Froslass|Froslass|Froslassite\n|-weather|Snowscape|[from] ability: Snow Warning|[of] p2b: Froslass\n|move|p2b: Froslass|Shadow Ball|p1a: Chandelure\n|-supereffective|p1a: Chandelure|1\n|-crit|p1a: Chandelure\n|-end|p1a: Chandelure|Substitute\n|move|p2a: Tauros|Rock Slide|p1a: Chandelure|[spread] p1b\n|-miss|p2a: Tauros|p1a: Chandelure\n|-supereffective|p1b: Neroro|1\n|-damage|p1b: Neroro|0 fnt\n|faint|p1b: Neroro\n|move|p1a: Chandelure|Heat Wave|p2a: Tauros|[spread] p2a,p2b\n|-resisted|p2a: Tauros|1\n|-supereffective|p2b: Froslass|1\n|-damage|p2a: Tauros|44/100\n|-damage|p2b: Froslass|22/100\n|-status|p2a: Tauros|brn\n|\n|-weather|Snowscape|[upkeep]\n|-damage|p2a: Tauros|38/100 brn|[from] brn\n|upkeep\n|\n|t:|1776190879\n|switch|p1b: Meowscarada|Meowscarada, L50, M|100/100\n|turn|3\n|c|\u2606shin-tv07|TAUROSSSSSSSSSSSSSSSSSSSSSSSSSSSSSSSSSSSS\n|\n|t:|1776190903\n|move|p2b: Froslass|Protect|p2b: Froslass\n|-singleturn|p2b: Froslass|Protect\n|move|p2a: Tauros|Protect|p2a: Tauros\n|-singleturn|p2a: Tauros|Protect\n|move|p1b: Meowscarada|Knock Off|p2b: Froslass\n|-start|p1b: Meowscarada|typechange|Dark|[from] ability: Protean\n|-activate|p2b: Froslass|move: Protect\n|move|p1a: Chandelure|Heat Wave|p2b: Froslass|[spread] \n|-activate|p2a: Tauros|move: Protect\n|-activate|p2b: Froslass|move: Protect\n|\n|-weather|Snowscape|[upkeep]\n|-damage|p2a: Tauros|32/100 brn|[from] brn\n|upkeep\n|turn|4\n|\n|t:|1776190917\n|move|p2a: Tauros|Aqua Jet|p1a: Chandelure\n|-supereffective|p1a: Chandelure|1\n|-damage|p1a: Chandelure|26/100\n|move|p1b: Meowscarada|Knock Off|p2b: Froslass\n|-supereffective|p2b: Froslass|1\n|-damage|p2b: Froslass|0 fnt\n|faint|p2b: Froslass\n|move|p1a: Chandelure|Heat Wave|p2a: Tauros\n|-resisted|p2a: Tauros|1\n|-damage|p2a: Tauros|0 fnt\n|faint|p2a: Tauros\n|\n|-weather|Snowscape|[upkeep]\n|upkeep\n|\n|t:|1776190924\n|switch|p2b: Palafin|Palafin, L50, M|100/100\n|switch|p2a: Whimsicott|Whimsicott, L50, F|100/100\n|turn|5\n|c|\u2606shin-tv07|i love rocks slide :D\n|c|\u2606N11ru|A shame it misses\n|inactive|shin-tv07 has 30 seconds left.\n|\n|t:|1776190957\n|switch|p1b: Ninetales|Ninetales-Alola, L50, F|100/100\n|move|p2a: Whimsicott|Tailwind|p2a: Whimsicott\n|-sidestart|p2: shin-tv07|move: Tailwind\n|move|p2b: Palafin|Wave Crash|p1a: Chandelure\n|-supereffective|p1a: Chandelure|1\n|-damage|p1a: Chandelure|0 fnt\n|faint|p1a: Chandelure\n|-damage|p2b: Palafin|93/100|[from] Recoil\n|\n|-weather|Snowscape|[upkeep]\n|upkeep\n|\n|t:|1776190964\n|switch|p1a: Meowscarada|Meowscarada, L50, M|100/100\n|turn|6\n|\n|t:|1776190974\n|move|p2b: Palafin|Wave Crash|p1b: Ninetales\n|-damage|p1b: Ninetales|51/100\n|-damage|p2b: Palafin|79/100|[from] Recoil\n|move|p2a: Whimsicott|Moonblast|p1a: Meowscarada\n|-supereffective|p1a: Meowscarada|1\n|-damage|p1a: Meowscarada|0 fnt\n|faint|p1a: Meowscarada\n|move|p1b: Ninetales|Aurora Veil|p1b: Ninetales\n|-sidestart|p1: N11ru|move: Aurora Veil\n|\n|-weather|none\n|upkeep\n|turn|7\n|\n|t:|1776190985\n|move|p2b: Palafin|Wave Crash|p1b: Ninetales\n|-damage|p1b: Ninetales|7/100\n|-damage|p2b: Palafin|67/100|[from] Recoil\n|move|p2a: Whimsicott|Moonblast|p1b: Ninetales\n|-damage|p1b: Ninetales|0 fnt\n|faint|p1b: Ninetales\n|\n|win|shin-tv07\n|raw|N11ru's rating: 1142 &rarr; <strong>1116</strong><br />(-26 for losing)\n|raw|shin-tv07's rating: 1132 &rarr; <strong>1158</strong><br />(+26 for winning)\n|l|\u2606N11ru\n|player|p1|\n|c|\u2606shin-tv07|ggs\n",
  "uploadtime": 1776190997,
  "views": 15,
  "formatid": "gen9championsvgc2026regma",
  "rating": 1116,
  "private": 0,
  "password": null
}