{
  "id": "gen9championsvgc2026regma-2583924553",
  "format": "[Gen 9 Champions] VGC 2026 Reg M-A",
  "players": [
    "BigBadBuu73737272",
    "SeniorByron"
  ],
  "log": "|j|\u2606BigBadBuu73737272\n|j|\u2606SeniorByron\n|t:|1776208773\n|gametype|doubles\n|player|p1|BigBadBuu73737272|pokemaniac|1097\n|player|p2|SeniorByron|gentleman-gen4|1045\n|gen|9\n|tier|[Gen 9 Champions] VGC 2026 Reg M-A\n|rated|\n|rule|Species Clause: Limit one of each Pok\u00e9mon\n|rule|Item Clause: Limit 1 of each item\n|clearpoke\n|poke|p1|Drampa, L50, M|\n|poke|p1|Farigiraf, L50, F|\n|poke|p1|Sinistcha, L50|\n|poke|p1|Incineroar, L50, F|\n|poke|p1|Torkoal, L50, M|\n|poke|p1|Gliscor, L50, F|\n|poke|p2|Tyranitar, L50, F|\n|poke|p2|Glimmora, L50, F|\n|poke|p2|Sinistcha, L50|\n|poke|p2|Basculegion, L50, M|\n|poke|p2|Rotom-Heat, L50|\n|poke|p2|Orthworm, L50, F|\n|teampreview|4\n|inactive|Battle timer is ON: inactive players will automatically lose when time's up. (requested by BigBadBuu73737272)\nSeniorByron rejected open team sheets.\n|\n|t:|1776208796\n|teamsize|p1|4\n|teamsize|p2|4\n|start\n|switch|p1a: Drampa|Drampa, L50, M|100/100\n|switch|p1b: Farigiraf|Farigiraf, L50, F|100/100\n|switch|p2a: Orthworm|Orthworm, L50, F|100/100\n|switch|p2b: Basculegion|Basculegion, L50, M|100/100\n|turn|1\n|\n|t:|1776208810\n|detailschange|p1a: Drampa|Drampa-Mega, L50, M\n|-mega|p1a: Drampa|Drampa|Drampanite\n|move|p2b: Basculegion|Flip Turn|p1a: Drampa\n|-resisted|p1a: Drampa|1\n|-damage|p1a: Drampa|84/100\n|\n|t:|1776208816\n|switch|p2b: Tyranitar|Tyranitar, L50, F|100/100|[from] Flip Turn\n|-weather|Sandstorm|[from] ability: Sand Stream|[of] p2b: Tyranitar\n|move|p2a: Orthworm|Shed Tail|p2a: Orthworm\n|-start|p2a: Orthworm|Substitute|[from] move: Shed Tail\n|-damage|p2a: Orthworm|50/100\n|-enditem|p2a: Orthworm|Sitrus Berry|[eat]\n|-heal|p2a: Orthworm|75/100|[from] item: Sitrus Berry\n|\n|t:|1776208832\n|switch|p2a: Sinistcha|Sinistcha, L50|100/100|[from] Shed Tail\n|move|p1a: Drampa|Calm Mind|p1a: Drampa\n|-boost|p1a: Drampa|spa|1\n|-boost|p1a: Drampa|spd|1\n|move|p1b: Farigiraf|Trick Room|p1b: Farigiraf\n|-fieldstart|move: Trick Room|[of] p1b: Farigiraf\n|\n|-weather|Sandstorm|[upkeep]\n|-damage|p1a: Drampa|78/100|[from] Sandstorm\n|-damage|p1b: Farigiraf|94/100|[from] Sandstorm\n|-damage|p2a: Sinistcha|94/100|[from] Sandstorm\n|-heal|p1b: Farigiraf|100/100|[from] item: Leftovers\n|-heal|p2a: Sinistcha|100/100|[from] item: Leftovers\n|upkeep\n|turn|2\n|\n|t:|1776208852\n|move|p2b: Tyranitar|Protect|p2b: Tyranitar\n|-singleturn|p2b: Tyranitar|Protect\n|move|p1a: Drampa|Dragon Pulse|p2b: Tyranitar\n|-activate|p2b: Tyranitar|move: Protect\n|move|p1b: Farigiraf|Reflect|p1b: Farigiraf\n|-sidestart|p1: BigBadBuu73737272|Reflect\n|move|p2a: Sinistcha|Calm Mind|p2a: Sinistcha\n|-boost|p2a: Sinistcha|spa|1\n|-boost|p2a: Sinistcha|spd|1\n|\n|-weather|Sandstorm|[upkeep]\n|-damage|p1a: Drampa|72/100|[from] Sandstorm\n|-damage|p1b: Farigiraf|94/100|[from] Sandstorm\n|-damage|p2a: Sinistcha|94/100|[from] Sandstorm\n|-heal|p1b: Farigiraf|100/100|[from] item: Leftovers\n|-heal|p2a: Sinistcha|100/100|[from] item: Leftovers\n|upkeep\n|turn|3\n|\n|t:|1776208876\n|move|p1a: Drampa|Dragon Pulse|p2b: Tyranitar\n|-damage|p2b: Tyranitar|47/100\n|move|p1b: Farigiraf|Light Screen|p1b: Farigiraf\n|-sidestart|p1: BigBadBuu73737272|move: Light Screen\n|move|p2b: Tyranitar|Rock Slide|p1a: Drampa|[spread] p1a,p1b\n|-damage|p1a: Drampa|53/100\n|-damage|p1b: Farigiraf|76/100\n|move|p2a: Sinistcha|Calm Mind|p2a: Sinistcha\n|-boost|p2a: Sinistcha|spa|1\n|-boost|p2a: Sinistcha|spd|1\n|\n|-weather|Sandstorm|[upkeep]\n|-damage|p1a: Drampa|47/100|[from] Sandstorm\n|-damage|p1b: Farigiraf|70/100|[from] Sandstorm\n|-damage|p2a: Sinistcha|94/100|[from] Sandstorm\n|-heal|p1b: Farigiraf|76/100|[from] item: Leftovers\n|-heal|p2a: Sinistcha|100/100|[from] item: Leftovers\n|upkeep\n|turn|4\n|\n|t:|1776208897\n|switch|p1b: Sinistcha|Sinistcha, L50|100/100\n|-heal|p1a: Drampa|72/100|[from] ability: Hospitality|[of] p1b: Sinistcha\n|detailschange|p2b: Tyranitar|Tyranitar-Mega, L50, F\n|-mega|p2b: Tyranitar|Tyranitar|Tyranitarite\n|move|p2a: Sinistcha|Rage Powder|p2a: Sinistcha\n|-singleturn|p2a: Sinistcha|move: Rage Powder\n|move|p1a: Drampa|Dragon Pulse|p2a: Sinistcha\n|-end|p2a: Sinistcha|Substitute\n|move|p2b: Tyranitar|Knock Off|p1b: Sinistcha\n|-supereffective|p1b: Sinistcha|1\n|-damage|p1b: Sinistcha|42/100\n|-enditem|p1b: Sinistcha|Occa Berry|[from] move: Knock Off|[of] p2b: Tyranitar\n|\n|-weather|Sandstorm|[upkeep]\n|-damage|p1a: Drampa|66/100|[from] Sandstorm\n|-damage|p1b: Sinistcha|35/100|[from] Sandstorm\n|-damage|p2a: Sinistcha|94/100|[from] Sandstorm\n|-heal|p2a: Sinistcha|100/100|[from] item: Leftovers\n|upkeep\n|turn|5\n|inactive|BigBadBuu73737272 has 30 seconds left.\n|inactive|SeniorByron has 30 seconds left.\n|inactive|SeniorByron has 20 seconds left.\n|inactive|SeniorByron has 15 seconds left.\n|\n|t:|1776208940\n|move|p2a: Sinistcha|Rage Powder|p2a: Sinistcha\n|-singleturn|p2a: Sinistcha|move: Rage Powder\n|move|p1a: Drampa|Dragon Pulse|p2a: Sinistcha\n|-damage|p2a: Sinistcha|46/100\n|move|p1b: Sinistcha|Matcha Gotcha|p2a: Sinistcha|[spread] p2a,p2b\n|-resisted|p2a: Sinistcha|1\n|-supereffective|p2b: Tyranitar|1\n|-damage|p2a: Sinistcha|39/100\n|-heal|p1b: Sinistcha|39/100|[from] drain|[of] p2a: Sinistcha\n|-damage|p2b: Tyranitar|20/100\n|-heal|p1b: Sinistcha|53/100|[from] drain|[of] p2b: Tyranitar\n|move|p2b: Tyranitar|Rock Slide|p1b: Sinistcha|[spread] p1a,p1b\n|-damage|p1a: Drampa|45/100\n|-damage|p1b: Sinistcha|36/100\n|-ability|p1a: Drampa|Berserk|boost\n|-boost|p1a: Drampa|spa|1\n|\n|-weather|none\n|-heal|p2a: Sinistcha|45/100|[from] item: Leftovers\n|-fieldend|move: Trick Room\n|upkeep\n|turn|6\n|inactive|BigBadBuu73737272 has 30 seconds left.\n|\n|t:|1776208966\n|move|p2b: Tyranitar|Protect|p2b: Tyranitar\n|-singleturn|p2b: Tyranitar|Protect\n|move|p2a: Sinistcha|Life Dew|p2a: Sinistcha|[spread] p2a,p2b\n|-heal|p2a: Sinistcha|70/100\n|-heal|p2b: Tyranitar|45/100\n|move|p1b: Sinistcha|Matcha Gotcha|p2a: Sinistcha|[spread] p2a\n|-activate|p2b: Tyranitar|move: Protect\n|-resisted|p2a: Sinistcha|1\n|-damage|p2a: Sinistcha|63/100\n|-heal|p1b: Sinistcha|39/100|[from] drain|[of] p2a: Sinistcha\n|move|p1a: Drampa|Dragon Pulse|p2a: Sinistcha\n|-damage|p2a: Sinistcha|0 fnt\n|faint|p2a: Sinistcha\n|\n|-sideend|p1: BigBadBuu73737272|Reflect\n|upkeep\n|\n|t:|1776208984\n|switch|p2a: Orthworm|Orthworm, L50, F|75/100\n|turn|7\n|\n|t:|1776208998\n|move|p1a: Drampa|Protect|p1a: Drampa\n|-singleturn|p1a: Drampa|Protect\n|move|p2b: Tyranitar|Knock Off|p1a: Drampa\n|-activate|p1a: Drampa|move: Protect\n|move|p2a: Orthworm|Shed Tail|p2a: Orthworm\n|-start|p2a: Orthworm|Substitute|[from] move: Shed Tail\n|-damage|p2a: Orthworm|25/100\n|\n|t:|1776209005\n|switch|p2a: Basculegion|Basculegion, L50, M|100/100|[from] Shed Tail\n|move|p1b: Sinistcha|Trick Room|p1b: Sinistcha\n|-fieldstart|move: Trick Room|[of] p1b: Sinistcha\n|\n|-sideend|p1: BigBadBuu73737272|move: Light Screen\n|upkeep\n|turn|8\n|\n|t:|1776209028\n|move|p2b: Tyranitar|Protect|p2b: Tyranitar\n|-singleturn|p2b: Tyranitar|Protect\n|move|p1a: Drampa|Hyper Voice|p2b: Tyranitar|[spread] \n|-activate|p2b: Tyranitar|move: Protect\n|-immune|p2a: Basculegion\n|move|p1b: Sinistcha|Life Dew|p1b: Sinistcha|[spread] p1a,p1b\n|-heal|p1a: Drampa|70/100\n|-heal|p1b: Sinistcha|65/100\n|move|p2a: Basculegion|Zen Headbutt|p1a: Drampa\n|-crit|p1a: Drampa\n|-damage|p1a: Drampa|36/100\n|-ability|p1a: Drampa|Berserk|boost\n|-boost|p1a: Drampa|spa|1\n|\n|upkeep\n|turn|9\n|\n|t:|1776209046\n|switch|p2b: Orthworm|Orthworm, L50, F|25/100\n|move|p1a: Drampa|Dragon Pulse|p2b: Orthworm\n|-resisted|p2b: Orthworm|1\n|-damage|p2b: Orthworm|0 fnt\n|faint|p2b: Orthworm\n|move|p1b: Sinistcha|Life Dew|p1b: Sinistcha|[spread] p1a,p1b\n|-heal|p1a: Drampa|61/100\n|-heal|p1b: Sinistcha|90/100\n|move|p2a: Basculegion|Zen Headbutt|p1a: Drampa\n|-damage|p1a: Drampa|37/100\n|-ability|p1a: Drampa|Berserk|boost\n|-boost|p1a: Drampa|spa|1\n|\n|upkeep\n|\n|t:|1776209060\n|switch|p2b: Tyranitar|Tyranitar-Mega, L50, F|45/100\n|-weather|Sandstorm|[from] ability: Sand Stream|[of] p2b: Tyranitar\n|turn|10\n|\n|t:|1776209069\n|move|p1a: Drampa|Dragon Pulse|p2b: Tyranitar\n|-damage|p2b: Tyranitar|0 fnt\n|faint|p2b: Tyranitar\n|move|p1b: Sinistcha|Life Dew|p1b: Sinistcha|[spread] p1a,p1b\n|-heal|p1a: Drampa|62/100\n|-heal|p1b: Sinistcha|100/100\n|move|p2a: Basculegion|Zen Headbutt|p1a: Drampa\n|-damage|p1a: Drampa|42/100\n|-ability|p1a: Drampa|Berserk|boost\n|-boost|p1a: Drampa|spa|1\n|\n|-weather|Sandstorm|[upkeep]\n|-damage|p1a: Drampa|36/100|[from] Sandstorm\n|-damage|p1b: Sinistcha|94/100|[from] Sandstorm\n|-damage|p2a: Basculegion|94/100|[from] Sandstorm\n|upkeep\n|turn|11\n|\n|t:|1776209086\n|move|p1a: Drampa|Dragon Pulse|p2a: Basculegion\n|-end|p2a: Basculegion|Substitute\n|move|p1b: Sinistcha|Life Dew|p1b: Sinistcha|[spread] p1a,p1b\n|-heal|p1a: Drampa|60/100\n|-heal|p1b: Sinistcha|100/100\n|move|p2a: Basculegion|Zen Headbutt|p1b: Sinistcha\n|-damage|p1b: Sinistcha|83/100\n|\n|-weather|Sandstorm|[upkeep]\n|-damage|p1a: Drampa|55/100|[from] Sandstorm\n|-damage|p1b: Sinistcha|77/100|[from] Sandstorm\n|-damage|p2a: Basculegion|88/100|[from] Sandstorm\n|-fieldend|move: Trick Room\n|upkeep\n|turn|12\n|-message|SeniorByron forfeited.\n|\n|win|BigBadBuu73737272\n|raw|BigBadBuu73737272's rating: 1097 &rarr; <strong>1119</strong><br />(+22 for winning)\n|raw|SeniorByron's rating: 1045 &rarr; <strong>1031</strong><br />(-14 for losing)\n|l|\u2606SeniorByron\n|player|p2|\n",
  "uploadtime": 1776209103,
  "views": 14,
  "formatid": "gen9championsvgc2026regma",
  "rating": 1031,
  "private": 0,
  "password": null
}