{
  "id": "gen9championsvgc2026regma-2582589998",
  "format": "[Gen 9 Champions] VGC 2026 Reg M-A",
  "players": [
    "Threazoenine",
    "Imnotantonio"
  ],
  "log": "|j|\u2606Threazoenine\n|j|\u2606Imnotantonio\n|t:|1776101238\n|gametype|doubles\n|player|p1|Threazoenine|parasollady|1059\n|player|p2|Imnotantonio|shelly|1078\n|gen|9\n|tier|[Gen 9 Champions] VGC 2026 Reg M-A\n|rated|\n|rule|Species Clause: Limit one of each Pok\u00e9mon\n|rule|Item Clause: Limit 1 of each item\n|clearpoke\n|poke|p1|Glimmora, L50, M|\n|poke|p1|Gardevoir, L50, M|\n|poke|p1|Incineroar, L50, M|\n|poke|p1|Corviknight, L50, M|\n|poke|p1|Garchomp, L50, F|\n|poke|p1|Archaludon, L50, M|\n|poke|p2|Starmie, L50|\n|poke|p2|Pelipper, L50, M|\n|poke|p2|Dragonite, L50, M|\n|poke|p2|Sableye, L50, F|\n|poke|p2|Tyranitar, L50, F|\n|poke|p2|Excadrill, L50, F|\n|teampreview|4\n|\n|t:|1776101292\n|teamsize|p1|4\n|teamsize|p2|4\n|start\n|switch|p1a: Garchomp|Garchomp, L50, F|100/100\n|switch|p1b: Corviknight|Corviknight, L50, M|100/100\n|switch|p2a: Sableye|Sableye, L50, F, shiny|100/100\n|switch|p2b: Excadrill|Excadrill, L50, F, shiny|100/100\n|turn|1\n|\n|t:|1776101310\n|move|p2a: Sableye|Fake Out|p1a: Garchomp\n|-damage|p1a: Garchomp|91/100\n|-damage|p2a: Sableye|88/100|[from] ability: Rough Skin|[of] p1a: Garchomp\n|cant|p1a: Garchomp|flinch\n|move|p2b: Excadrill|Rock Slide|p1a: Garchomp|[spread] p1a,p1b\n|-resisted|p1a: Garchomp|1\n|-damage|p1a: Garchomp|82/100\n|-damage|p1b: Corviknight|83/100\n|cant|p1b: Corviknight|flinch\n|\n|-heal|p1b: Corviknight|90/100|[from] item: Leftovers\n|upkeep\n|turn|2\n|\n|t:|1776101329\n|move|p2b: Excadrill|Protect|p2b: Excadrill\n|-singleturn|p2b: Excadrill|Protect\n|move|p2a: Sableye|Reflect|p2a: Sableye\n|-sidestart|p2: Imnotantonio|Reflect\n|move|p1a: Garchomp|Earthquake|p2b: Excadrill|[spread] p2a\n|-activate|p2b: Excadrill|move: Protect\n|-immune|p1b: Corviknight\n|-damage|p2a: Sableye|53/100\n|move|p1b: Corviknight|Taunt|p2a: Sableye\n|-start|p2a: Sableye|move: Taunt\n|\n|-heal|p1b: Corviknight|96/100|[from] item: Leftovers\n|upkeep\n|turn|3\n|\n|t:|1776101351\n|switch|p2a: Dragonite|Dragonite, L50, M, shiny|100/100\n|move|p1a: Garchomp|Earthquake|p2a: Dragonite|[spread] p2b\n|-immune|p1b: Corviknight\n|-immune|p2a: Dragonite\n|-supereffective|p2b: Excadrill|1\n|-enditem|p2b: Excadrill|Shuca Berry|[eat]\n|-enditem|p2b: Excadrill|Shuca Berry|[weaken]\n|-damage|p2b: Excadrill|64/100\n|move|p2b: Excadrill|Rock Slide|p1b: Corviknight|[spread] p1a,p1b\n|-resisted|p1a: Garchomp|1\n|-damage|p1a: Garchomp|71/100\n|-damage|p1b: Corviknight|77/100\n|move|p1b: Corviknight|Tailwind|p1b: Corviknight\n|-sidestart|p1: Threazoenine|move: Tailwind\n|\n|-heal|p1b: Corviknight|83/100|[from] item: Leftovers\n|upkeep\n|turn|4\n|\n|t:|1776101378\n|switch|p2b: Tyranitar|Tyranitar, L50, F, shiny|100/100\n|-weather|Sandstorm|[from] ability: Sand Stream|[of] p2b: Tyranitar\n|move|p1a: Garchomp|Earthquake|p2b: Tyranitar|[spread] p2b\n|-immune|p1b: Corviknight\n|-immune|p2a: Dragonite\n|-supereffective|p2b: Tyranitar|1\n|-damage|p2b: Tyranitar|48/100\n|move|p2a: Dragonite|Draco Meteor|p1a: Garchomp\n|-supereffective|p1a: Garchomp|1\n|-damage|p1a: Garchomp|0 fnt\n|-unboost|p2a: Dragonite|spa|2\n|faint|p1a: Garchomp\n|move|p1b: Corviknight|Iron Head|p2a: Dragonite\n|-crit|p2a: Dragonite\n|-damage|p2a: Dragonite|71/100\n|\n|-weather|Sandstorm|[upkeep]\n|-damage|p2a: Dragonite|65/100|[from] Sandstorm\n|-heal|p1b: Corviknight|90/100|[from] item: Leftovers\n|upkeep\n|\n|t:|1776101393\n|switch|p1a: Glimmora|Glimmora, L50, M|100/100\n|turn|5\n|\n|t:|1776101403\n|switch|p2a: Excadrill|Excadrill, L50, F, shiny|64/100\n|detailschange|p1a: Glimmora|Glimmora-Mega, L50, M\n|-mega|p1a: Glimmora|Glimmora|Glimmoranite\n|move|p2b: Tyranitar|Protect|p2b: Tyranitar\n|-singleturn|p2b: Tyranitar|Protect\n|move|p1a: Glimmora|Sludge Wave|p2b: Tyranitar|[spread] \n|-activate|p2b: Tyranitar|move: Protect\n|-immune|p1b: Corviknight\n|-immune|p2a: Excadrill\n|move|p1b: Corviknight|Iron Head|p2b: Tyranitar\n|-activate|p2b: Tyranitar|move: Protect\n|\n|-weather|Sandstorm|[upkeep]\n|-heal|p1b: Corviknight|96/100|[from] item: Leftovers\n|upkeep\n|turn|6\n|\n|t:|1776101424\n|switch|p2b: Dragonite|Dragonite, L50, M, shiny|65/100\n|move|p1a: Glimmora|Protect|p1a: Glimmora\n|-singleturn|p1a: Glimmora|Protect\n|move|p2a: Excadrill|Earthquake|p1b: Corviknight|[spread] \n|-activate|p1a: Glimmora|move: Protect\n|-immune|p2b: Dragonite\n|-immune|p1b: Corviknight\n|move|p1b: Corviknight|Taunt|p2a: Excadrill\n|-start|p2a: Excadrill|move: Taunt\n|\n|-weather|Sandstorm|[upkeep]\n|-damage|p2b: Dragonite|59/100|[from] Sandstorm\n|-heal|p1b: Corviknight|100/100|[from] item: Leftovers\n|-sideend|p2: Imnotantonio|Reflect\n|-sideend|p1: Threazoenine|move: Tailwind\n|upkeep\n|turn|7\n|\n|t:|1776101443\n|switch|p1a: Archaludon|Archaludon, L50, M|100/100\n|move|p2a: Excadrill|Earthquake|p1a: Archaludon|[spread] p1a\n|-immune|p2b: Dragonite\n|-immune|p1b: Corviknight\n|-supereffective|p1a: Archaludon|1\n|-enditem|p1a: Archaludon|Shuca Berry|[eat]\n|-enditem|p1a: Archaludon|Shuca Berry|[weaken]\n|-damage|p1a: Archaludon|71/100\n|-ability|p1a: Archaludon|Stamina|boost\n|-boost|p1a: Archaludon|def|1\n|move|p2b: Dragonite|Heat Wave|p1a: Archaludon|[spread] p1a,p1b\n|-supereffective|p1b: Corviknight|1\n|-damage|p1a: Archaludon|49/100\n|-damage|p1b: Corviknight|60/100\n|-ability|p1a: Archaludon|Stamina|boost\n|-boost|p1a: Archaludon|def|1\n|move|p1b: Corviknight|Tailwind|p1b: Corviknight\n|-sidestart|p1: Threazoenine|move: Tailwind\n|\n|-weather|Sandstorm|[upkeep]\n|-damage|p2b: Dragonite|53/100|[from] Sandstorm\n|-heal|p1b: Corviknight|66/100|[from] item: Leftovers\n|upkeep\n|turn|8\n|\n|t:|1776101491\n|switch|p2b: Sableye|Sableye, L50, F, shiny|53/100\n|move|p2a: Excadrill|Rock Slide|p1a: Archaludon|[spread] p1a,p1b\n|-resisted|p1a: Archaludon|1\n|-damage|p1a: Archaludon|46/100\n|-damage|p1b: Corviknight|49/100\n|-ability|p1a: Archaludon|Stamina|boost\n|-boost|p1a: Archaludon|def|1\n|move|p1a: Archaludon|Dragon Pulse|p2b: Sableye\n|-damage|p2b: Sableye|0 fnt\n|faint|p2b: Sableye\n|move|p1b: Corviknight|Iron Head|p2a: Excadrill\n|-resisted|p2a: Excadrill|1\n|-damage|p2a: Excadrill|40/100\n|\n|-weather|none\n|-heal|p1b: Corviknight|55/100|[from] item: Leftovers\n|upkeep\n|\n|t:|1776101506\n|switch|p2b: Tyranitar|Tyranitar, L50, F, shiny|48/100\n|-weather|Sandstorm|[from] ability: Sand Stream|[of] p2b: Tyranitar\n|turn|9\n|\n|t:|1776101517\n|detailschange|p2b: Tyranitar|Tyranitar-Mega, L50, F, shiny\n|-mega|p2b: Tyranitar|Tyranitar|Tyranitarite\n|move|p1a: Archaludon|Protect|p1a: Archaludon\n|-singleturn|p1a: Archaludon|Protect\n|move|p2a: Excadrill|Rock Slide|p1a: Archaludon|[spread] p1b\n|-activate|p1a: Archaludon|move: Protect\n|-damage|p1b: Corviknight|37/100\n|move|p1b: Corviknight|Iron Head|p2b: Tyranitar\n|-supereffective|p2b: Tyranitar|1\n|-damage|p2b: Tyranitar|3/100\n|move|p2b: Tyranitar|Low Kick|p1a: Archaludon\n|-activate|p1a: Archaludon|move: Protect\n|\n|-weather|Sandstorm|[upkeep]\n|-heal|p1b: Corviknight|44/100|[from] item: Leftovers\n|-end|p2a: Excadrill|move: Taunt\n|upkeep\n|turn|10\n|\n|t:|1776101548\n|move|p2a: Excadrill|Rock Slide|p1b: Corviknight|[spread] p1a,p1b\n|-resisted|p1a: Archaludon|1\n|-damage|p1a: Archaludon|44/100\n|-damage|p1b: Corviknight|24/100\n|-ability|p1a: Archaludon|Stamina|boost\n|-boost|p1a: Archaludon|def|1\n|move|p1a: Archaludon|Dragon Pulse|p2a: Excadrill\n|-resisted|p2a: Excadrill|1\n|-damage|p2a: Excadrill|15/100\n|move|p1b: Corviknight|Iron Head|p2b: Tyranitar\n|-supereffective|p2b: Tyranitar|1\n|-damage|p2b: Tyranitar|0 fnt\n|faint|p2b: Tyranitar\n|\n|-weather|Sandstorm|[upkeep]\n|-heal|p1b: Corviknight|31/100|[from] item: Leftovers\n|-sideend|p1: Threazoenine|move: Tailwind\n|upkeep\n|\n|t:|1776101560\n|switch|p2b: Dragonite|Dragonite, L50, M, shiny|53/100\n|turn|11\n|\n|t:|1776101592\n|move|p2a: Excadrill|Rock Slide|p1a: Archaludon|[spread] p1a,p1b\n|-resisted|p1a: Archaludon|1\n|-damage|p1a: Archaludon|41/100\n|-damage|p1b: Corviknight|13/100\n|-ability|p1a: Archaludon|Stamina|boost\n|-boost|p1a: Archaludon|def|1\n|move|p2b: Dragonite|Draco Meteor|p1a: Archaludon|[miss]\n|-miss|p2b: Dragonite|p1a: Archaludon\n|move|p1a: Archaludon|Dragon Pulse|p2b: Dragonite\n|-supereffective|p2b: Dragonite|1\n|-damage|p2b: Dragonite|0 fnt\n|faint|p2b: Dragonite\n|move|p1b: Corviknight|Tailwind|p1b: Corviknight\n|-sidestart|p1: Threazoenine|move: Tailwind\n|\n|-weather|Sandstorm|[upkeep]\n|-heal|p1b: Corviknight|20/100|[from] item: Leftovers\n|upkeep\n|turn|12\n|\n|t:|1776101614\n|move|p2a: Excadrill|Rock Slide|p1a: Archaludon|[spread] p1a,p1b\n|-resisted|p1a: Archaludon|1\n|-damage|p1a: Archaludon|39/100\n|-damage|p1b: Corviknight|3/100\n|-ability|p1a: Archaludon|Stamina|boost\n|-boost|p1a: Archaludon|def|1\n|cant|p1a: Archaludon|flinch\n|move|p1b: Corviknight|Iron Head|p2a: Excadrill\n|-resisted|p2a: Excadrill|1\n|-damage|p2a: Excadrill|0 fnt\n|faint|p2a: Excadrill\n|\n|win|Threazoenine\n|raw|Threazoenine's rating: 1059 &rarr; <strong>1092</strong><br />(+33 for winning)\n|raw|Imnotantonio's rating: 1078 &rarr; <strong>1055</strong><br />(-23 for losing)\n|l|\u2606Imnotantonio\n|player|p2|\n",
  "uploadtime": 1776101627,
  "views": 20,
  "formatid": "gen9championsvgc2026regma",
  "rating": 1055,
  "private": 0,
  "password": null
}