{
  "id": "gen9championsvgc2026regma-2588044881",
  "format": "[Gen 9 Champions] VGC 2026 Reg M-A",
  "players": [
    "faric",
    "jamyrok"
  ],
  "log": "|j|\u2606faric\n|j|\u2606jamyrok\n|t:|1776597411\n|gametype|doubles\n|player|p1|faric|266|1355\n|player|p2|jamyrok|swimmer-gen4dp|1333\n|gen|9\n|tier|[Gen 9 Champions] VGC 2026 Reg M-A\n|rated|\n|rule|Species Clause: Limit one of each Pok\u00e9mon\n|rule|Item Clause: Limit 1 of each item\n|clearpoke\n|poke|p1|Charizard, L50, F|\n|poke|p1|Garchomp, L50, F|\n|poke|p1|Rotom-Wash, L50|\n|poke|p1|Incineroar, L50, M|\n|poke|p1|Sneasler, L50, M|\n|poke|p1|Whimsicott, L50, F|\n|poke|p2|Gliscor, L50, M|\n|poke|p2|Rotom-Wash, L50|\n|poke|p2|Tyranitar, L50, F|\n|poke|p2|Excadrill, L50, M|\n|poke|p2|Sinistcha, L50|\n|poke|p2|Incineroar, L50, M|\n|teampreview|4\n|inactive|Battle timer is ON: inactive players will automatically lose when time's up. (requested by faric)\n|inactive|faric has 60 seconds left.\n|inactive|jamyrok has 60 seconds left.\n|\n|t:|1776597458\n|teamsize|p1|4\n|teamsize|p2|4\n|start\n|switch|p1a: Rotom|Rotom-Wash, L50|100/100\n|switch|p1b: Incineroar|Incineroar, L50, M|100/100\n|switch|p2a: Gliscor|Gliscor, L50, M|100/100\n|switch|p2b: Rotom|Rotom-Wash, L50|100/100\n|-ability|p1b: Incineroar|Intimidate|boost\n|-fail|p2a: Gliscor|unboost|Attack|[from] ability: Hyper Cutter|[of] p2a: Gliscor\n|-unboost|p2b: Rotom|atk|1\n|turn|1\n|inactive|faric has 30 seconds left.\n|inactive|jamyrok has 30 seconds left.\n|inactive|jamyrok has 20 seconds left.\n|\n|t:|1776597494\n|move|p1b: Incineroar|Fake Out|p2b: Rotom\n|-damage|p2b: Rotom|82/100\n|cant|p2b: Rotom|flinch\n|move|p2a: Gliscor|Tailwind|p2a: Gliscor\n|-sidestart|p2: jamyrok|move: Tailwind\n|move|p1a: Rotom|Thunderbolt|p2a: Gliscor\n|-immune|p2a: Gliscor\n|\n|upkeep\n|turn|2\n|inactive|faric has 30 seconds left.\n|\n|t:|1776597523\n|switch|p1b: Sneasler|Sneasler, L50, M|100/100\n|move|p2b: Rotom|Discharge|p1a: Rotom|[spread] p1a,p1b\n|-immune|p2a: Gliscor\n|-damage|p1a: Rotom|73/100\n|-damage|p1b: Sneasler|66/100\n|move|p2a: Gliscor|Earthquake|p1b: Sneasler|[spread] p1b\n|-immune|p2b: Rotom|[from] ability: Levitate\n|-immune|p1a: Rotom|[from] ability: Levitate\n|-supereffective|p1b: Sneasler|1\n|-damage|p1b: Sneasler|0 fnt\n|faint|p1b: Sneasler\n|move|p1a: Rotom|Hydro Pump|p2a: Gliscor|[miss]\n|-miss|p1a: Rotom|p2a: Gliscor\n|\n|-heal|p1a: Rotom|79/100|[from] item: Leftovers\n|upkeep\n|\n|t:|1776597539\n|switch|p1b: Incineroar|Incineroar, L50, M|100/100\n|-ability|p1b: Incineroar|Intimidate|boost\n|-fail|p2a: Gliscor|unboost|Attack|[from] ability: Hyper Cutter|[of] p2a: Gliscor\n|-unboost|p2b: Rotom|atk|1\n|turn|3\n|\n|t:|1776597545\n|move|p1b: Incineroar|Fake Out|p2a: Gliscor\n|-damage|p2a: Gliscor|90/100\n|move|p2b: Rotom|Discharge|p1b: Incineroar|[spread] p1a,p1b\n|-immune|p2a: Gliscor\n|-damage|p1a: Rotom|51/100\n|-damage|p1b: Incineroar|74/100\n|cant|p2a: Gliscor|flinch\n|move|p1a: Rotom|Hydro Pump|p2a: Gliscor\n|-supereffective|p2a: Gliscor|1\n|-crit|p2a: Gliscor\n|-enditem|p2a: Gliscor|Passho Berry|[eat]\n|-enditem|p2a: Gliscor|Passho Berry|[weaken]\n|-damage|p2a: Gliscor|0 fnt\n|faint|p2a: Gliscor\n|\n|-heal|p1a: Rotom|57/100|[from] item: Leftovers\n|upkeep\n|\n|t:|1776597565\n|switch|p2a: Tyranitar|Tyranitar, L50, F|100/100\n|-weather|Sandstorm|[from] ability: Sand Stream|[of] p2a: Tyranitar\n|turn|4\n|\n|t:|1776597583\n|switch|p2b: Sinistcha|Sinistcha, L50|100/100\n|detailschange|p2a: Tyranitar|Tyranitar-Mega, L50, F\n|-mega|p2a: Tyranitar|Tyranitar|Tyranitarite\n|move|p1a: Rotom|Protect|p1a: Rotom\n|-singleturn|p1a: Rotom|Protect\n|move|p2a: Tyranitar|Knock Off|p1a: Rotom\n|-activate|p1a: Rotom|move: Protect\n|move|p1b: Incineroar|Parting Shot|p2a: Tyranitar\n|-unboost|p2a: Tyranitar|atk|1\n|-unboost|p2a: Tyranitar|spa|1\n|\n|t:|1776597594\n|switch|p1b: Charizard|Charizard, L50, F|100/100|[from] Parting Shot\n|\n|-weather|Sandstorm|[upkeep]\n|-damage|p2b: Sinistcha|94/100|[from] Sandstorm\n|-damage|p1b: Charizard|95/100|[from] Sandstorm\n|-damage|p1a: Rotom|51/100|[from] Sandstorm\n|-heal|p1a: Rotom|57/100|[from] item: Leftovers\n|-sideend|p2: jamyrok|move: Tailwind\n|upkeep\n|turn|5\n|inactive|faric has 30 seconds left.\n|\n|t:|1776597619\n|switch|p1a: Incineroar|Incineroar, L50, M|74/100\n|-ability|p1a: Incineroar|Intimidate|boost\n|-unboost|p2a: Tyranitar|atk|1\n|-unboost|p2b: Sinistcha|atk|1\n|switch|p2a: Rotom|Rotom-Wash, L50|82/100\n|move|p1b: Charizard|Protect|p1b: Charizard\n|-singleturn|p1b: Charizard|Protect\n|move|p2b: Sinistcha|Trick Room|p2b: Sinistcha\n|-fieldstart|move: Trick Room|[of] p2b: Sinistcha\n|\n|-weather|Sandstorm|[upkeep]\n|-damage|p1a: Incineroar|68/100|[from] Sandstorm\n|-damage|p2b: Sinistcha|88/100|[from] Sandstorm\n|-damage|p1b: Charizard|89/100|[from] Sandstorm\n|-damage|p2a: Rotom|76/100|[from] Sandstorm\n|upkeep\n|turn|6\n|inactive|faric has 30 seconds left.\n|inactive|jamyrok has 30 seconds left.\n|inactive|faric has 20 seconds left.\n|inactive|jamyrok has 20 seconds left.\n|inactive|faric has 15 seconds left.\n|inactive|faric has 10 seconds left.\n|inactive|faric has 5 seconds left.\n|\n|t:|1776597672\n|move|p1a: Incineroar|Fake Out|p2a: Rotom\n|-damage|p2a: Rotom|58/100\n|move|p2b: Sinistcha|Matcha Gotcha|p1b: Charizard|[spread] p1a,p1b\n|-resisted|p1a: Incineroar|1\n|-resisted|p1b: Charizard|2\n|-damage|p1a: Incineroar|53/100\n|-heal|p2b: Sinistcha|97/100|[from] drain|[of] p1a: Incineroar\n|-damage|p1b: Charizard|77/100\n|-heal|p2b: Sinistcha|100/100|[from] drain|[of] p1b: Charizard\n|move|p1b: Charizard|Heat Wave|p2b: Sinistcha|[spread] p2a,p2b\n|-resisted|p2a: Rotom|1\n|-supereffective|p2b: Sinistcha|1\n|-damage|p2a: Rotom|38/100\n|-damage|p2b: Sinistcha|23/100\n|cant|p2a: Rotom|flinch\n|\n|-weather|Sandstorm|[upkeep]\n|-damage|p1a: Incineroar|47/100|[from] Sandstorm\n|-damage|p2b: Sinistcha|17/100|[from] Sandstorm\n|-damage|p1b: Charizard|71/100|[from] Sandstorm\n|-damage|p2a: Rotom|33/100|[from] Sandstorm\n|-enditem|p1a: Incineroar|Sitrus Berry|[eat]\n|-heal|p1a: Incineroar|72/100|[from] item: Sitrus Berry\n|upkeep\n|turn|7\n|inactive|jamyrok has 30 seconds left.\n|\n|t:|1776597698\n|switch|p1b: Rotom|Rotom-Wash, L50|57/100\n|move|p1a: Incineroar|Parting Shot|p2a: Rotom\n|-unboost|p2a: Rotom|atk|1\n|-unboost|p2a: Rotom|spa|1\n|\n|t:|1776597704\n|switch|p1a: Charizard|Charizard, L50, F|71/100|[from] Parting Shot\n|move|p2b: Sinistcha|Matcha Gotcha|p1b: Rotom|[spread] p1a\n|-miss|p2b: Sinistcha|p1b: Rotom\n|-resisted|p1a: Charizard|2\n|-damage|p1a: Charizard|62/100\n|-heal|p2b: Sinistcha|21/100|[from] drain|[of] p1a: Charizard\n|move|p2a: Rotom|Thunderbolt|p1b: Rotom\n|-damage|p1b: Rotom|29/100\n|\n|-weather|Sandstorm|[upkeep]\n|-damage|p2b: Sinistcha|15/100|[from] Sandstorm\n|-damage|p1b: Rotom|23/100|[from] Sandstorm\n|-damage|p1a: Charizard|56/100|[from] Sandstorm\n|-damage|p2a: Rotom|27/100|[from] Sandstorm\n|-heal|p1b: Rotom|29/100|[from] item: Leftovers\n|upkeep\n|turn|8\n|\n|t:|1776597726\n|move|p1a: Charizard|Protect|p1a: Charizard\n|-singleturn|p1a: Charizard|Protect\n|move|p2b: Sinistcha|Matcha Gotcha|p1a: Charizard|[spread] p1b\n|-activate|p1a: Charizard|move: Protect\n|-supereffective|p1b: Rotom|1\n|-damage|p1b: Rotom|0 fnt\n|-heal|p2b: Sinistcha|27/100|[from] drain|[of] p1b: Rotom\n|faint|p1b: Rotom\n|move|p2a: Rotom|Thunderbolt|p1a: Charizard\n|-activate|p1a: Charizard|move: Protect\n|\n|-weather|none\n|upkeep\n|\n|t:|1776597734\n|switch|p1b: Incineroar|Incineroar, L50, M|72/100\n|-ability|p1b: Incineroar|Intimidate|boost\n|-unboost|p2a: Rotom|atk|1\n|-unboost|p2b: Sinistcha|atk|1\n|turn|9\n|inactive|jamyrok has 30 seconds left.\n|\n|t:|1776597765\n|move|p1b: Incineroar|Fake Out|p2a: Rotom\n|-damage|p2a: Rotom|8/100\n|move|p2b: Sinistcha|Life Dew|p2b: Sinistcha|[spread] p2a,p2b\n|-heal|p2a: Rotom|34/100\n|-heal|p2b: Sinistcha|53/100\n|move|p1a: Charizard|Heat Wave|p2a: Rotom|[spread] p2a,p2b\n|-resisted|p2a: Rotom|1\n|-supereffective|p2b: Sinistcha|1\n|-damage|p2a: Rotom|13/100\n|-damage|p2b: Sinistcha|0 fnt\n|faint|p2b: Sinistcha\n|cant|p2a: Rotom|flinch\n|\n|-fieldend|move: Trick Room\n|upkeep\n|\n|t:|1776597777\n|switch|p2b: Tyranitar|Tyranitar-Mega, L50, F|100/100\n|-weather|Sandstorm|[from] ability: Sand Stream|[of] p2b: Tyranitar\n|turn|10\n|\n|t:|1776597788\n|detailschange|p1a: Charizard|Charizard-Mega-Y, L50, F\n|-mega|p1a: Charizard|Charizard|Charizardite Y\n|-weather|SunnyDay|[from] ability: Drought|[of] p1a: Charizard\n|move|p2a: Rotom|Thunderbolt|p1a: Charizard\n|-supereffective|p1a: Charizard|1\n|-damage|p1a: Charizard|2/100\n|move|p1a: Charizard|Solar Beam||[still]\n|-prepare|p1a: Charizard|Solar Beam\n|-anim|p1a: Charizard|Solar Beam|p2b: Tyranitar\n|-supereffective|p2b: Tyranitar|1\n|-damage|p2b: Tyranitar|27/100\n|move|p2b: Tyranitar|Rock Slide|p1a: Charizard|[spread] p1a,p1b\n|-supereffective|p1a: Charizard|2\n|-supereffective|p1b: Incineroar|1\n|-damage|p1a: Charizard|0 fnt\n|-damage|p1b: Incineroar|0 fnt\n|faint|p1a: Charizard\n|faint|p1b: Incineroar\n|\n|win|jamyrok\n|raw|faric's rating: 1355 &rarr; <strong>1334</strong><br />(-21 for losing)\n|raw|jamyrok's rating: 1333 &rarr; <strong>1354</strong><br />(+21 for winning)\n",
  "uploadtime": 1776597803,
  "views": 24,
  "formatid": "gen9championsvgc2026regma",
  "rating": 1334,
  "private": 0,
  "password": null
}