{
  "id": "gen9championsvgc2026regma-2580635753",
  "format": "[Gen 9 Champions] VGC 2026 Reg M-A",
  "players": [
    "mezooki",
    "RandomGuyInSchool"
  ],
  "log": "|j|\u2606mezooki\n|j|\u2606RandomGuyInSchool\n|t:|1775920099\n|gametype|doubles\n|player|p1|mezooki|lady|1058\n|player|p2|RandomGuyInSchool|schoolkid-gen4|1050\n|gen|9\n|tier|[Gen 9 Champions] VGC 2026 Reg M-A\n|rated|\n|rule|Species Clause: Limit one of each Pok\u00e9mon\n|rule|Item Clause: Limit 1 of each item\n|clearpoke\n|poke|p1|Froslass, L50, F|\n|poke|p1|Incineroar, L50, F|\n|poke|p1|Sneasler, L50, F|\n|poke|p1|Rotom-Wash, L50|\n|poke|p1|Whimsicott, L50, F|\n|poke|p1|Farigiraf, L50, F|\n|poke|p2|Pelipper, L50, F|\n|poke|p2|Basculegion, L50, M|\n|poke|p2|Gengar, L50, F|\n|poke|p2|Sinistcha, L50|\n|poke|p2|Azumarill, L50, M|\n|poke|p2|Incineroar, L50, M|\n|teampreview|4\n|inactive|Battle timer is ON: inactive players will automatically lose when time's up. (requested by mezooki)\n|inactive|RandomGuyInSchool also wants the timer to be on.\n|inactive|mezooki has 60 seconds left.\n|inactive|RandomGuyInSchool has 60 seconds left.\n|inactive|RandomGuyInSchool has 30 seconds left.\n|\n|t:|1775920175\n|teamsize|p1|4\n|teamsize|p2|4\n|start\n|switch|p1a: Rotom|Rotom-Wash, L50|100/100\n|switch|p1b: Whimsicott|Whimsicott, L50, F|100/100\n|switch|p2a: Gengar|Gengar, L50, F|100/100\n|switch|p2b: Incineroar|Incineroar, L50, M|100/100\n|-ability|p2b: Incineroar|Intimidate|boost\n|-unboost|p1a: Rotom|atk|1\n|-unboost|p1b: Whimsicott|atk|1\n|turn|1\n|inactive|RandomGuyInSchool has 30 seconds left.\n|inactive|RandomGuyInSchool has 20 seconds left.\n|inactive|RandomGuyInSchool has 15 seconds left.\n|\n|t:|1775920215\n|detailschange|p2a: Gengar|Gengar-Mega, L50, F\n|-mega|p2a: Gengar|Gengar|Gengarite\n|move|p2b: Incineroar|Fake Out|p1a: Rotom\n|-damage|p1a: Rotom|86/100\n|move|p1b: Whimsicott|Tailwind|p1b: Whimsicott\n|-sidestart|p1: mezooki|move: Tailwind\n|cant|p1a: Rotom|flinch\n|move|p2a: Gengar|Sludge Bomb|p1b: Whimsicott\n|-supereffective|p1b: Whimsicott|2\n|-enditem|p1b: Whimsicott|Focus Sash\n|-damage|p1b: Whimsicott|1/100\n|\n|upkeep\n|turn|2\n|inactive|RandomGuyInSchool has 30 seconds left.\n|\n|t:|1775920247\n|move|p2a: Gengar|Protect|p2a: Gengar\n|-singleturn|p2a: Gengar|Protect\n|move|p1a: Rotom|Volt Switch|p2a: Gengar\n|-activate|p2a: Gengar|move: Protect\n|move|p1b: Whimsicott|Moonblast|p2a: Gengar\n|-activate|p2a: Gengar|move: Protect\n|move|p2b: Incineroar|Darkest Lariat|p1b: Whimsicott\n|-resisted|p1b: Whimsicott|1\n|-damage|p1b: Whimsicott|0 fnt\n|faint|p1b: Whimsicott\n|\n|upkeep\n|\n|t:|1775920266\n|switch|p1b: Incineroar|Incineroar, L50, F|100/100\n|-ability|p1b: Incineroar|Intimidate|boost\n|-unboost|p2a: Gengar|atk|1\n|-unboost|p2b: Incineroar|atk|1\n|turn|3\n|\n|t:|1775920281\n|switch|p2a: Pelipper|Pelipper, L50, F|100/100\n|-weather|RainDance|[from] ability: Drizzle|[of] p2a: Pelipper\n|move|p1a: Rotom|Volt Switch|p2a: Pelipper\n|-supereffective|p2a: Pelipper|2\n|-enditem|p2a: Pelipper|Focus Sash\n|-damage|p2a: Pelipper|1/100\n|\n|t:|1775920290\n|switch|p1a: Froslass|Froslass, L50, F|100/100|[from] Volt Switch\n|move|p1b: Incineroar|Throat Chop|p2a: Pelipper\n|-damage|p2a: Pelipper|0 fnt\n|faint|p2a: Pelipper\n|move|p2b: Incineroar|Parting Shot|p1a: Froslass\n|-unboost|p1a: Froslass|atk|1\n|-unboost|p1a: Froslass|spa|1\n|\n|t:|1775920309\n|switch|p2b: Gengar|Gengar-Mega, L50, F|100/100|[from] Parting Shot\n|\n|-weather|RainDance|[upkeep]\n|upkeep\n|\n|t:|1775920311\n|switch|p2a: Incineroar|Incineroar, L50, M|100/100\n|-ability|p2a: Incineroar|Intimidate|boost\n|-unboost|p1a: Froslass|atk|1\n|-unboost|p1b: Incineroar|atk|1\n|turn|4\n|inactive|mezooki has 30 seconds left.\n|inactive|mezooki has 20 seconds left.\n|\n|t:|1775920352\n|switch|p1a: Rotom|Rotom-Wash, L50|86/100\n|move|p2b: Gengar|Protect|p2b: Gengar\n|-singleturn|p2b: Gengar|Protect\n|move|p1b: Incineroar|Throat Chop|p2b: Gengar\n|-activate|p2b: Gengar|move: Protect\n|move|p2a: Incineroar|Parting Shot|p1b: Incineroar\n|-unboost|p1b: Incineroar|atk|1\n|-unboost|p1b: Incineroar|spa|1\n|\n|t:|1775920361\n|switch|p2a: Basculegion|Basculegion, L50, M|100/100|[from] Parting Shot\n|\n|-weather|RainDance|[upkeep]\n|-sideend|p1: mezooki|move: Tailwind\n|upkeep\n|turn|5\n|inactive|RandomGuyInSchool has 30 seconds left.\n|inactive|RandomGuyInSchool has 20 seconds left.\n|\n|t:|1775920398\n|switch|p2b: Incineroar|Incineroar, L50, M|100/100\n|-ability|p2b: Incineroar|Intimidate|boost\n|-unboost|p1a: Rotom|atk|1\n|-unboost|p1b: Incineroar|atk|1\n|move|p1a: Rotom|Thunderbolt|p2a: Basculegion\n|-supereffective|p2a: Basculegion|1\n|-damage|p2a: Basculegion|8/100\n|move|p2a: Basculegion|Flip Turn|p1b: Incineroar\n|-supereffective|p1b: Incineroar|1\n|-damage|p1b: Incineroar|0 fnt\n|faint|p1b: Incineroar\n|\n|t:|1775920410\n|switch|p2a: Gengar|Gengar-Mega, L50, F|100/100|[from] Flip Turn\n|\n|-weather|RainDance|[upkeep]\n|upkeep\n|\n|t:|1775920412\n|switch|p1b: Froslass|Froslass, L50, F|100/100\n|turn|6\n|\n|t:|1775920435\n|detailschange|p1b: Froslass|Froslass-Mega, L50, F\n|-mega|p1b: Froslass|Froslass|Froslassite\n|-weather|Snowscape|[from] ability: Snow Warning|[of] p1b: Froslass\n|move|p1a: Rotom|Thunderbolt|p2a: Gengar\n|-damage|p2a: Gengar|48/100\n|move|p2a: Gengar|Shadow Ball|p1b: Froslass\n|-supereffective|p1b: Froslass|1\n|-damage|p1b: Froslass|0 fnt\n|faint|p1b: Froslass\n|move|p2b: Incineroar|Parting Shot|p1a: Rotom\n|-unboost|p1a: Rotom|atk|1\n|-unboost|p1a: Rotom|spa|1\n|\n|t:|1775920446\n|switch|p2b: Basculegion|Basculegion, L50, M|8/100|[from] Parting Shot\n|\n|-weather|Snowscape|[upkeep]\n|upkeep\n|turn|7\n|\n|t:|1775920469\n|move|p1a: Rotom|Thunderbolt|p2b: Basculegion\n|-supereffective|p2b: Basculegion|1\n|-damage|p2b: Basculegion|0 fnt\n|faint|p2b: Basculegion\n|move|p2a: Gengar|Sludge Bomb|p1a: Rotom\n|-damage|p1a: Rotom|12/100\n|\n|-weather|Snowscape|[upkeep]\n|upkeep\n|-message|mezooki forfeited.\n|\n|win|RandomGuyInSchool\n|raw|mezooki's rating: 1058 &rarr; <strong>1039</strong><br />(-19 for losing)\n|raw|RandomGuyInSchool's rating: 1050 &rarr; <strong>1083</strong><br />(+33 for winning)\n|l|\u2606mezooki\n|player|p1|\n",
  "uploadtime": 1775920477,
  "views": 11,
  "formatid": "gen9championsvgc2026regma",
  "rating": 1039,
  "private": 0,
  "password": null
}