{
  "id": "gen9championsvgc2026regma-2583150143",
  "format": "[Gen 9 Champions] VGC 2026 Reg M-A",
  "players": [
    "ShironasonVGC",
    "faric"
  ],
  "log": "|j|\u203dShironasonVGC\n|j|\u2606faric\n|t:|1776148122\n|gametype|doubles\n|player|p1|ShironasonVGC|2|1145\n|player|p2|faric|2|1190\n|gen|9\n|tier|[Gen 9 Champions] VGC 2026 Reg M-A\n|rated|\n|rule|Species Clause: Limit one of each Pok\u00e9mon\n|rule|Item Clause: Limit 1 of each item\n|clearpoke\n|poke|p1|Whimsicott, L50, F|\n|poke|p1|Typhlosion-Hisui, L50, M|\n|poke|p1|Farigiraf, L50, F|\n|poke|p1|Incineroar, L50, F|\n|poke|p1|Torkoal, L50, M|\n|poke|p1|Golurk, L50|\n|poke|p2|Charizard, L50, M|\n|poke|p2|Garchomp, L50, F|\n|poke|p2|Rotom-Wash, L50|\n|poke|p2|Incineroar, L50, M|\n|poke|p2|Sneasler, L50, F|\n|poke|p2|Whimsicott, L50, M|\n|teampreview|4\n|inactive|Battle timer is ON: inactive players will automatically lose when time's up. (requested by faric)\n|inactive|ShironasonVGC has 60 seconds left.\n|inactive|faric has 60 seconds left.\n|inactive|ShironasonVGC has 30 seconds left.\n|\n|t:|1776148195\n|teamsize|p1|4\n|teamsize|p2|4\n|start\n|switch|p1a: Farigiraf|Farigiraf, L50, F|100/100\n|switch|p1b: Incineroar|Incineroar, L50, F|100/100\n|switch|p2a: Garchomp|Garchomp, L50, F|100/100\n|switch|p2b: Charizard|Charizard, L50, M|100/100\n|-ability|p1b: Incineroar|Intimidate|boost\n|-unboost|p2a: Garchomp|atk|1\n|-unboost|p2b: Charizard|atk|1\n|turn|1\n|inactive|ShironasonVGC has 30 seconds left.\n|inactive|faric has 30 seconds left.\n|inactive|ShironasonVGC has 20 seconds left.\n|inactive|ShironasonVGC has 15 seconds left.\n|\n|t:|1776148236\n|detailschange|p2b: Charizard|Charizard-Mega-Y, L50, M\n|-mega|p2b: Charizard|Charizard|Charizardite Y\n|-weather|SunnyDay|[from] ability: Drought|[of] p2b: Charizard\n|move|p1b: Incineroar|Fake Out|p2a: Garchomp\n|-damage|p2a: Garchomp|89/100\n|-damage|p1b: Incineroar|88/100|[from] ability: Rough Skin|[of] p2a: Garchomp\n|cant|p2a: Garchomp|flinch\n|move|p2b: Charizard|Heat Wave|p1b: Incineroar|[spread] p1a,p1b\n|-resisted|p1b: Incineroar|1\n|-damage|p1a: Farigiraf|42/100\n|-damage|p1b: Incineroar|58/100\n|move|p1a: Farigiraf|Trick Room|p1a: Farigiraf\n|-fieldstart|move: Trick Room|[of] p1a: Farigiraf\n|\n|-weather|SunnyDay|[upkeep]\n|upkeep\n|turn|2\n|inactive|ShironasonVGC has 30 seconds left.\n|inactive|ShironasonVGC has 20 seconds left.\n|\n|t:|1776148272\n|move|p1a: Farigiraf|Psychic|p2b: Charizard\n|-damage|p2b: Charizard|66/100\n|move|p1b: Incineroar|Throat Chop|p2b: Charizard\n|-damage|p2b: Charizard|17/100\n|-start|p2b: Charizard|Throat Chop|[silent]\n|move|p2b: Charizard|Heat Wave|p1b: Incineroar|[spread] p1a,p1b\n|-resisted|p1b: Incineroar|1\n|-damage|p1a: Farigiraf|0 fnt\n|-damage|p1b: Incineroar|30/100\n|-enditem|p1b: Incineroar|Sitrus Berry|[eat]\n|-heal|p1b: Incineroar|55/100|[from] item: Sitrus Berry\n|faint|p1a: Farigiraf\n|move|p2a: Garchomp|Earthquake|p1b: Incineroar|[spread] p1b\n|-immune|p2b: Charizard\n|-supereffective|p1b: Incineroar|1\n|-damage|p1b: Incineroar|1/100\n|\n|-weather|SunnyDay|[upkeep]\n|upkeep\n|\n|t:|1776148280\n|switch|p1a: Golurk|Golurk, L50|100/100\n|turn|3\n|\n|t:|1776148292\n|switch|p2a: Incineroar|Incineroar, L50, M|100/100\n|-ability|p2a: Incineroar|Intimidate|boost\n|-unboost|p1a: Golurk|atk|1\n|-unboost|p1b: Incineroar|atk|1\n|detailschange|p1a: Golurk|Golurk-Mega, L50\n|-mega|p1a: Golurk|Golurk|Golurkite\n|move|p2b: Charizard|Protect|p2b: Charizard\n|-singleturn|p2b: Charizard|Protect\n|move|p1a: Golurk|Ice Punch|p2a: Incineroar\n|-resisted|p2a: Incineroar|1\n|-damage|p2a: Incineroar|91/100\n|move|p1b: Incineroar|Throat Chop|p2b: Charizard\n|-activate|p2b: Charizard|move: Protect\n|\n|-weather|SunnyDay|[upkeep]\n|-end|p2b: Charizard|Throat Chop|[silent]\n|upkeep\n|turn|4\n|\n|t:|1776148316\n|move|p2a: Incineroar|Fake Out|p1a: Golurk\n|-immune|p1a: Golurk\n|move|p1a: Golurk|Headlong Rush|p2a: Incineroar\n|-supereffective|p2a: Incineroar|1\n|-damage|p2a: Incineroar|0 fnt\n|-unboost|p1a: Golurk|def|1\n|-unboost|p1a: Golurk|spd|1\n|faint|p2a: Incineroar\n|move|p1b: Incineroar|Throat Chop|p2b: Charizard\n|-damage|p2b: Charizard|0 fnt\n|faint|p2b: Charizard\n|\n|-weather|SunnyDay|[upkeep]\n|upkeep\n|\n|t:|1776148326\n|switch|p2a: Rotom|Rotom-Wash, L50|100/100\n|switch|p2b: Garchomp|Garchomp, L50, F|89/100\n|turn|5\n|\n|t:|1776148339\n|move|p1a: Golurk|Protect|p1a: Golurk\n|-singleturn|p1a: Golurk|Protect\n|move|p1b: Incineroar|Parting Shot|p2a: Rotom\n|-unboost|p2a: Rotom|atk|1\n|-unboost|p2a: Rotom|spa|1\n|\n|t:|1776148345\n|switch|p1b: Whimsicott|Whimsicott, L50, F|100/100|[from] Parting Shot\n|move|p2a: Rotom|Hydro Pump|p1a: Golurk\n|-activate|p1a: Golurk|move: Protect\n|move|p2b: Garchomp|Earthquake|p1b: Whimsicott|[spread] p1b\n|-activate|p1a: Golurk|move: Protect\n|-immune|p2a: Rotom|[from] ability: Levitate\n|-resisted|p1b: Whimsicott|1\n|-damage|p1b: Whimsicott|69/100\n|\n|-weather|none\n|-fieldend|move: Trick Room\n|upkeep\n|turn|6\n|c|\u2606faric|omg ghost type\n|\n|t:|1776148364\n|switch|p1a: Incineroar|Incineroar, L50, F|1/100\n|-ability|p1a: Incineroar|Intimidate|boost\n|-unboost|p2a: Rotom|atk|1\n|-unboost|p2b: Garchomp|atk|1\n|move|p1b: Whimsicott|Tailwind|p1b: Whimsicott\n|-sidestart|p1: ShironasonVGC|move: Tailwind\n|move|p2b: Garchomp|Earthquake|p1b: Whimsicott|[spread] p1a,p1b\n|-immune|p2a: Rotom|[from] ability: Levitate\n|-supereffective|p1a: Incineroar|1\n|-resisted|p1b: Whimsicott|1\n|-damage|p1a: Incineroar|0 fnt\n|-damage|p1b: Whimsicott|48/100\n|faint|p1a: Incineroar\n|move|p2a: Rotom|Hydro Pump|p1b: Whimsicott\n|-resisted|p1b: Whimsicott|1\n|-damage|p1b: Whimsicott|20/100\n|\n|upkeep\n|\n|t:|1776148378\n|switch|p1a: Golurk|Golurk-Mega, L50|100/100\n|turn|7\n|\n|t:|1776148400\n|move|p1b: Whimsicott|Moonblast|p2b: Garchomp\n|-supereffective|p2b: Garchomp|1\n|-damage|p2b: Garchomp|10/100\n|move|p2b: Garchomp|Earthquake|p1b: Whimsicott|[spread] p1a,p1b\n|-immune|p2a: Rotom|[from] ability: Levitate\n|-crit|p1a: Golurk\n|-resisted|p1b: Whimsicott|1\n|-damage|p1a: Golurk|35/100\n|-damage|p1b: Whimsicott|0 fnt\n|faint|p1b: Whimsicott\n|move|p1a: Golurk|Headlong Rush|p2a: Rotom\n|-immune|p2a: Rotom|[from] ability: Levitate\n|move|p2a: Rotom|Hydro Pump|p1a: Golurk\n|-supereffective|p1a: Golurk|1\n|-damage|p1a: Golurk|0 fnt\n|faint|p1a: Golurk\n|\n|win|faric\n|raw|ShironasonVGC's rating: 1145 &rarr; <strong>1123</strong><br />(-22 for losing)\n|raw|faric's rating: 1190 &rarr; <strong>1212</strong><br />(+22 for winning)\n|l|\u203dShironasonVGC\n|player|p1|\n",
  "uploadtime": 1776148420,
  "views": 47,
  "formatid": "gen9championsvgc2026regma",
  "rating": 1123,
  "private": 0,
  "password": null
}