{
  "id": "gen9championsvgc2026regma-2583275063",
  "format": "[Gen 9 Champions] VGC 2026 Reg M-A",
  "players": [
    "luismi72",
    "n00bmaster69420"
  ],
  "log": "|j|\u2606luismi72\n|j|\u2606n00bmaster69420\n|t:|1776162123\n|gametype|doubles\n|player|p1|luismi72|170|1076\n|player|p2|n00bmaster69420|maid|1132\n|gen|9\n|tier|[Gen 9 Champions] VGC 2026 Reg M-A\n|rated|\n|rule|Species Clause: Limit one of each Pok\u00e9mon\n|rule|Item Clause: Limit 1 of each item\n|clearpoke\n|poke|p1|Excadrill, L50, F|\n|poke|p1|Tyranitar, L50, M|\n|poke|p1|Rotom-Wash, L50|\n|poke|p1|Incineroar, L50, M|\n|poke|p1|Sneasler, L50, M|\n|poke|p1|Sinistcha, L50|\n|poke|p2|Floette-Eternal, L50, F|\n|poke|p2|Aerodactyl, L50, M|\n|poke|p2|Incineroar, L50, F|\n|poke|p2|Kingambit, L50, F|\n|poke|p2|Milotic, L50, F|\n|poke|p2|Sinistcha, L50|\n|teampreview|4\nn00bmaster69420 rejected open team sheets.\n|inactive|Battle timer is ON: inactive players will automatically lose when time's up. (requested by n00bmaster69420)\n|\n|t:|1776162164\n|teamsize|p1|4\n|teamsize|p2|4\n|start\n|switch|p1a: Rotom|Rotom-Wash, L50|100/100\n|switch|p1b: Sneasler|Sneasler, L50, M|100/100\n|switch|p2a: Incineroar|Incineroar, L50, F|100/100\n|switch|p2b: Milotic|Milotic, L50, F|100/100\n|-ability|p2a: Incineroar|Intimidate|boost\n|-unboost|p1a: Rotom|atk|1\n|-unboost|p1b: Sneasler|atk|1\n|turn|1\n|\n|t:|1776162188\n|move|p2b: Milotic|Protect|p2b: Milotic\n|-singleturn|p2b: Milotic|Protect\n|move|p2a: Incineroar|Fake Out|p1a: Rotom\n|-damage|p1a: Rotom|86/100\n|move|p1b: Sneasler|Dire Claw|p2b: Milotic\n|-activate|p2b: Milotic|move: Protect\n|cant|p1a: Rotom|flinch\n|\n|-heal|p1a: Rotom|92/100|[from] item: Leftovers\n|upkeep\n|turn|2\n|inactive|luismi72 has 30 seconds left.\n|\n|t:|1776162213\n|move|p1b: Sneasler|Close Combat|p2a: Incineroar\n|-supereffective|p2a: Incineroar|1\n|-damage|p2a: Incineroar|23/100\n|-unboost|p1b: Sneasler|def|1\n|-unboost|p1b: Sneasler|spd|1\n|-enditem|p2a: Incineroar|Sitrus Berry|[eat]\n|-heal|p2a: Incineroar|48/100|[from] item: Sitrus Berry\n|move|p1a: Rotom|Will-O-Wisp|p2b: Milotic\n|-status|p2b: Milotic|brn\n|move|p2b: Milotic|Icy Wind|p1b: Sneasler|[spread] p1a,p1b\n|-resisted|p1a: Rotom|1\n|-damage|p1a: Rotom|86/100\n|-damage|p1b: Sneasler|78/100\n|-unboost|p1a: Rotom|spe|1\n|-unboost|p1b: Sneasler|spe|1\n|move|p2a: Incineroar|Will-O-Wisp|p1b: Sneasler|[miss]\n|-miss|p2a: Incineroar|p1b: Sneasler\n|\n|-heal|p1a: Rotom|92/100|[from] item: Leftovers\n|-damage|p2b: Milotic|95/100 brn|[from] brn\n|upkeep\n|turn|3\n|inactive|n00bmaster69420 has 30 seconds left.\n|\n|t:|1776162243\n|switch|p1b: Tyranitar|Tyranitar, L50, M|100/100\n|-weather|Sandstorm|[from] ability: Sand Stream|[of] p1b: Tyranitar\n|move|p2b: Milotic|Icy Wind|p1b: Tyranitar|[spread] p1a,p1b\n|-resisted|p1a: Rotom|1\n|-damage|p1a: Rotom|86/100\n|-damage|p1b: Tyranitar|94/100\n|-unboost|p1a: Rotom|spe|1\n|-unboost|p1b: Tyranitar|spe|1\n|move|p2a: Incineroar|Will-O-Wisp|p1b: Tyranitar\n|-status|p1b: Tyranitar|brn\n|move|p1a: Rotom|Electroweb|p2a: Incineroar|[spread] p2a,p2b\n|-supereffective|p2b: Milotic|1\n|-damage|p2a: Incineroar|32/100\n|-damage|p2b: Milotic|70/100 brn\n|-unboost|p2a: Incineroar|spe|1\n|-unboost|p2b: Milotic|spe|1\n|-ability|p2b: Milotic|Competitive|boost\n|-boost|p2b: Milotic|spa|2\n|\n|-weather|Sandstorm|[upkeep]\n|-damage|p2b: Milotic|64/100 brn|[from] Sandstorm\n|-damage|p1a: Rotom|80/100|[from] Sandstorm\n|-damage|p2a: Incineroar|26/100|[from] Sandstorm\n|-heal|p1a: Rotom|86/100|[from] item: Leftovers\n|-damage|p2b: Milotic|58/100 brn|[from] brn\n|-damage|p1b: Tyranitar|88/100 brn|[from] brn\n|upkeep\n|turn|4\n|inactive|n00bmaster69420 has 30 seconds left.\n|\n|t:|1776162274\n|move|p1b: Tyranitar|Protect|p1b: Tyranitar\n|-singleturn|p1b: Tyranitar|Protect\n|move|p2b: Milotic|Scald|p1b: Tyranitar\n|-activate|p1b: Tyranitar|move: Protect\n|move|p1a: Rotom|Volt Switch|p2b: Milotic\n|-supereffective|p2b: Milotic|1\n|-damage|p2b: Milotic|11/100 brn\n|\n|t:|1776162283\n|switch|p1a: Excadrill|Excadrill, L50, F|100/100|[from] Volt Switch\n|move|p2a: Incineroar|Parting Shot|p1a: Excadrill\n|-unboost|p1a: Excadrill|atk|1\n|-unboost|p1a: Excadrill|spa|1\n|\n|t:|1776162292\n|switch|p2a: Aerodactyl|Aerodactyl, L50, M|100/100|[from] Parting Shot\n|-ability|p2a: Aerodactyl|Unnerve\n|\n|-weather|Sandstorm|[upkeep]\n|-damage|p2b: Milotic|5/100 brn|[from] Sandstorm\n|-damage|p2b: Milotic|0 fnt|[from] brn\n|faint|p2b: Milotic\n|-damage|p1b: Tyranitar|82/100 brn|[from] brn\n|upkeep\n|\n|t:|1776162304\n|switch|p2b: Incineroar|Incineroar, L50, F|26/100\n|-ability|p2b: Incineroar|Intimidate|boost\n|-unboost|p1a: Excadrill|atk|1\n|-unboost|p1b: Tyranitar|atk|1\n|turn|5\n|\n|t:|1776162317\n|switch|p1a: Rotom|Rotom-Wash, L50|86/100\n|move|p2b: Incineroar|Fake Out|p1a: Rotom\n|-damage|p1a: Rotom|71/100\n|move|p2a: Aerodactyl|Tailwind|p2a: Aerodactyl\n|-sidestart|p2: n00bmaster69420|move: Tailwind\n|move|p1b: Tyranitar|Knock Off|p2a: Aerodactyl\n|-damage|p2a: Aerodactyl|75/100\n|-enditem|p2a: Aerodactyl|Focus Sash|[from] move: Knock Off|[of] p1b: Tyranitar\n|\n|-weather|Sandstorm|[upkeep]\n|-damage|p2b: Incineroar|20/100|[from] Sandstorm\n|-damage|p1a: Rotom|65/100|[from] Sandstorm\n|-heal|p1a: Rotom|71/100|[from] item: Leftovers\n|-damage|p1b: Tyranitar|76/100 brn|[from] brn\n|upkeep\n|turn|6\n|inactive|n00bmaster69420 has 30 seconds left.\n|\n|t:|1776162349\n|move|p2a: Aerodactyl|Rock Slide|p1a: Rotom|[spread] p1a,p1b\n|-damage|p1a: Rotom|44/100\n|-damage|p1b: Tyranitar|57/100 brn\n|move|p2b: Incineroar|Parting Shot|p1a: Rotom\n|-unboost|p1a: Rotom|atk|1\n|-unboost|p1a: Rotom|spa|1\n|\n|t:|1776162357\n|switch|p2b: Floette|Floette-Eternal, L50, F|100/100|[from] Parting Shot\n|move|p1a: Rotom|Volt Switch|p2a: Aerodactyl\n|-supereffective|p2a: Aerodactyl|1\n|-damage|p2a: Aerodactyl|31/100\n|\n|t:|1776162364\n|switch|p1a: Sneasler|Sneasler, L50, M|78/100|[from] Volt Switch\n|move|p1b: Tyranitar|Rock Slide|p2a: Aerodactyl|[spread] p2a\n|-miss|p1b: Tyranitar|p2b: Floette\n|-supereffective|p2a: Aerodactyl|1\n|-damage|p2a: Aerodactyl|4/100\n|\n|-weather|Sandstorm|[upkeep]\n|-damage|p2b: Floette|94/100|[from] Sandstorm\n|-damage|p1a: Sneasler|72/100|[from] Sandstorm\n|-damage|p1b: Tyranitar|51/100 brn|[from] brn\n|upkeep\n|turn|7\n|inactive|luismi72 has 30 seconds left.\n|\n|t:|1776162397\n|detailschange|p2b: Floette|Floette-Mega, L50, F\n|-mega|p2b: Floette|Floette|Floettite\n|-ability|p2b: Floette|Fairy Aura\n|move|p2a: Aerodactyl|Dual Wingbeat|p1a: Sneasler\n|-supereffective|p1a: Sneasler|1\n|-damage|p1a: Sneasler|11/100\n|-supereffective|p1a: Sneasler|1\n|-damage|p1a: Sneasler|0 fnt\n|faint|p1a: Sneasler\n|-hitcount|p1: Sneasler|2\n|move|p2b: Floette|Dazzling Gleam|p1b: Tyranitar\n|-supereffective|p1b: Tyranitar|1\n|-damage|p1b: Tyranitar|0 fnt\n|faint|p1b: Tyranitar\n|\n|-weather|none\n|upkeep\n|\n|t:|1776162409\n|switch|p1a: Excadrill|Excadrill, L50, F|100/100\n|switch|p1b: Rotom|Rotom-Wash, L50|44/100\n|turn|8\n|\n|t:|1776162419\n|move|p1a: Excadrill|Protect|p1a: Excadrill\n|-singleturn|p1a: Excadrill|Protect\n|move|p2a: Aerodactyl|Rock Slide|p1a: Excadrill|[spread] \n|-activate|p1a: Excadrill|move: Protect\n|-miss|p2a: Aerodactyl|p1b: Rotom\n|move|p2b: Floette|Light of Ruin|p1a: Excadrill\n|-activate|p1a: Excadrill|move: Protect\n|move|p1b: Rotom|Electroweb|p2a: Aerodactyl|[spread] p2a,p2b\n|-supereffective|p2a: Aerodactyl|1\n|-damage|p2a: Aerodactyl|0 fnt\n|-damage|p2b: Floette|81/100\n|-unboost|p2b: Floette|spe|1\n|faint|p2a: Aerodactyl\n|\n|-heal|p1b: Rotom|50/100|[from] item: Leftovers\n|-sideend|p2: n00bmaster69420|move: Tailwind\n|upkeep\n|\n|t:|1776162436\n|switch|p2a: Incineroar|Incineroar, L50, F|20/100\n|-ability|p2a: Incineroar|Intimidate|boost\n|-unboost|p1a: Excadrill|atk|1\n|-unboost|p1b: Rotom|atk|1\n|turn|9\n|\n|t:|1776162449\n|move|p1a: Excadrill|Protect||[still]\n|-fail|p1a: Excadrill\n|move|p2a: Incineroar|Fake Out|p1a: Excadrill\n|-resisted|p1a: Excadrill|1\n|-damage|p1a: Excadrill|91/100\n|move|p1b: Rotom|Hydro Pump|p2a: Incineroar|[miss]\n|-miss|p1b: Rotom|p2a: Incineroar\n|move|p2b: Floette|Light of Ruin|p1a: Excadrill\n|-resisted|p1a: Excadrill|1\n|-damage|p1a: Excadrill|9/100\n|-damage|p2b: Floette|33/100|[from] Recoil\n|\n|-heal|p1b: Rotom|56/100|[from] item: Leftovers\n|upkeep\n|turn|10\n|\n|t:|1776162471\n|move|p1a: Excadrill|Protect|p1a: Excadrill\n|-singleturn|p1a: Excadrill|Protect\n|move|p2b: Floette|Protect|p2b: Floette\n|-singleturn|p2b: Floette|Protect\n|move|p1b: Rotom|Electroweb|p2b: Floette|[spread] p2a\n|-activate|p2b: Floette|move: Protect\n|-damage|p2a: Incineroar|4/100\n|-unboost|p2a: Incineroar|spe|1\n|move|p2a: Incineroar|Flare Blitz|p1a: Excadrill\n|-activate|p1a: Excadrill|move: Protect\n|\n|-heal|p1b: Rotom|62/100|[from] item: Leftovers\n|upkeep\n|turn|11\n|\n|t:|1776162488\n|move|p1a: Excadrill|Earthquake|p2b: Floette|[spread] p2a,p2b\n|-immune|p1b: Rotom|[from] ability: Levitate\n|-supereffective|p2a: Incineroar|1\n|-damage|p2a: Incineroar|0 fnt\n|-damage|p2b: Floette|2/100\n|faint|p2a: Incineroar\n|move|p1b: Rotom|Volt Switch|p2b: Floette\n|-damage|p2b: Floette|0 fnt\n|faint|p2b: Floette\n|\n|win|luismi72\n|raw|luismi72's rating: 1076 &rarr; <strong>1109</strong><br />(+33 for winning)\n|raw|n00bmaster69420's rating: 1132 &rarr; <strong>1103</strong><br />(-29 for losing)\n|l|\u2606n00bmaster69420\n|player|p2|\n",
  "uploadtime": 1776162657,
  "views": 23,
  "formatid": "gen9championsvgc2026regma",
  "rating": 1103,
  "private": 0,
  "password": null
}