{
  "id": "gen9championsvgc2026regma-2585125288",
  "format": "[Gen 9 Champions] VGC 2026 Reg M-A",
  "players": [
    "seung2742",
    "gekko kabu"
  ],
  "log": "|j|\u2606seung2742\n|j|\u2606gekko kabu\n|t:|1776314736\n|gametype|doubles\n|player|p1|seung2742|265|1292\n|player|p2|gekko kabu|bugcatcher-gen4dp|1318\n|gen|9\n|tier|[Gen 9 Champions] VGC 2026 Reg M-A\n|rated|\n|rule|Species Clause: Limit one of each Pok\u00e9mon\n|rule|Item Clause: Limit 1 of each item\n|clearpoke\n|poke|p1|Froslass, L50, F|\n|poke|p1|Sneasler, L50, F|\n|poke|p1|Incineroar, L50, M|\n|poke|p1|Milotic, L50, M|\n|poke|p1|Kingambit, L50, F|\n|poke|p1|Rotom-Heat, L50|\n|poke|p2|Charizard, L50, M|\n|poke|p2|Incineroar, L50, M|\n|poke|p2|Whimsicott, L50, F|\n|poke|p2|Garchomp, L50, M|\n|poke|p2|Rotom-Wash, L50|\n|poke|p2|Sneasler, L50, F|\n|teampreview|4\n|inactive|Battle timer is ON: inactive players will automatically lose when time's up. (requested by seung2742)\n|\n|t:|1776314766\n|teamsize|p1|4\n|teamsize|p2|4\n|start\n|switch|p1a: Sneasler|Sneasler, L50, F|100/100\n|switch|p1b: Froslass|Froslass, L50, F|100/100\n|switch|p2a: Charizard|Charizard, L50, M, shiny|100/100\n|switch|p2b: Whimsicott|Whimsicott, L50, F, shiny|100/100\n|turn|1\n|\n|t:|1776314787\n|detailschange|p1b: Froslass|Froslass-Mega, L50, F\n|-mega|p1b: Froslass|Froslass|Froslassite\n|-weather|Snowscape|[from] ability: Snow Warning|[of] p1b: Froslass\n|detailschange|p2a: Charizard|Charizard-Mega-Y, L50, M, shiny\n|-mega|p2a: Charizard|Charizard|Charizardite Y\n|-weather|SunnyDay|[from] ability: Drought|[of] p2a: Charizard\n|move|p1a: Sneasler|Fake Out|p2a: Charizard\n|-damage|p2a: Charizard|85/100\n|move|p2b: Whimsicott|Tailwind|p2b: Whimsicott\n|-sidestart|p2: gekko kabu|move: Tailwind\n|cant|p2a: Charizard|flinch\n|move|p1b: Froslass|Blizzard|p2a: Charizard|[spread] p2a,p2b\n|-supereffective|p2b: Whimsicott|1\n|-damage|p2a: Charizard|42/100\n|-enditem|p2b: Whimsicott|Focus Sash\n|-damage|p2b: Whimsicott|1/100\n|\n|-weather|SunnyDay|[upkeep]\n|upkeep\n|turn|2\n|inactive|seung2742 has 30 seconds left.\n|\n|t:|1776314820\n|move|p1b: Froslass|Protect|p1b: Froslass\n|-singleturn|p1b: Froslass|Protect\n|move|p1a: Sneasler|Protect|p1a: Sneasler\n|-singleturn|p1a: Sneasler|Protect\n|move|p2b: Whimsicott|Moonblast|p1a: Sneasler\n|-activate|p1a: Sneasler|move: Protect\n|move|p2a: Charizard|Heat Wave|p1a: Sneasler|[spread] \n|-activate|p1a: Sneasler|move: Protect\n|-activate|p1b: Froslass|move: Protect\n|\n|-weather|SunnyDay|[upkeep]\n|upkeep\n|turn|3\n|\n|t:|1776314838\n|switch|p1a: Rotom|Rotom-Heat, L50|100/100\n|switch|p1b: Milotic|Milotic, L50, M|100/100\n|move|p2b: Whimsicott|Moonblast|p1a: Rotom\n|-resisted|p1a: Rotom|1\n|-damage|p1a: Rotom|80/100\n|move|p2a: Charizard|Heat Wave|p1a: Rotom|[spread] p1a,p1b\n|-resisted|p1a: Rotom|1\n|-resisted|p1b: Milotic|1\n|-crit|p1b: Milotic\n|-damage|p1a: Rotom|43/100\n|-damage|p1b: Milotic|68/100\n|\n|-weather|SunnyDay|[upkeep]\n|-heal|p1b: Milotic|74/100|[from] item: Leftovers\n|upkeep\n|turn|4\n|inactive|gekko kabu has 30 seconds left.\n|\n|t:|1776314869\n|switch|p2b: Rotom|Rotom-Wash, L50, shiny|100/100\n|move|p2a: Charizard|Solar Beam||[still]\n|-prepare|p2a: Charizard|Solar Beam\n|-anim|p2a: Charizard|Solar Beam|p1b: Milotic\n|-supereffective|p1b: Milotic|1\n|-damage|p1b: Milotic|8/100\n|move|p1a: Rotom|Electroweb|p2b: Rotom|[spread] p2a,p2b\n|-supereffective|p2a: Charizard|1\n|-damage|p2a: Charizard|11/100\n|-damage|p2b: Rotom|81/100\n|-unboost|p2a: Charizard|spe|1\n|-unboost|p2b: Rotom|spe|1\n|move|p1b: Milotic|Icy Wind|p2a: Charizard|[spread] p2a,p2b\n|-resisted|p2b: Rotom|1\n|-damage|p2a: Charizard|3/100\n|-damage|p2b: Rotom|76/100\n|-unboost|p2a: Charizard|spe|1\n|-unboost|p2b: Rotom|spe|1\n|\n|-weather|SunnyDay|[upkeep]\n|-heal|p2b: Rotom|81/100|[from] item: Leftovers\n|-heal|p1b: Milotic|14/100|[from] item: Leftovers\n|-sideend|p2: gekko kabu|move: Tailwind\n|upkeep\n|turn|5\n|inactive|gekko kabu has 30 seconds left.\n|\n|t:|1776314900\n|switch|p2a: Sneasler|Sneasler, L50, F|100/100\n|move|p1a: Rotom|Electroweb|p2a: Sneasler|[spread] p2a,p2b\n|-damage|p2a: Sneasler|76/100\n|-damage|p2b: Rotom|64/100\n|-unboost|p2a: Sneasler|spe|1\n|-unboost|p2b: Rotom|spe|1\n|-enditem|p2a: Sneasler|White Herb\n|-clearnegativeboost|p2a: Sneasler|[silent]\n|move|p1b: Milotic|Life Dew|p1b: Milotic|[spread] p1a,p1b\n|-heal|p1a: Rotom|68/100\n|-heal|p1b: Milotic|39/100\n|move|p2b: Rotom|Hydro Pump|p1a: Rotom\n|-supereffective|p1a: Rotom|1\n|-damage|p1a: Rotom|2/100\n|\n|-weather|none\n|-heal|p1b: Milotic|45/100|[from] item: Leftovers\n|-heal|p2b: Rotom|69/100|[from] item: Leftovers\n|upkeep\n|turn|6\n|inactive|gekko kabu has 30 seconds left.\n|\n|t:|1776314928\n|move|p2a: Sneasler|Fake Out|p1a: Rotom\n|-damage|p1a: Rotom|0 fnt\n|faint|p1a: Rotom\n|move|p1b: Milotic|Scald|p2a: Sneasler\n|-crit|p2a: Sneasler\n|-damage|p2a: Sneasler|20/100\n|move|p2b: Rotom|Volt Switch|p1b: Milotic\n|-supereffective|p1b: Milotic|1\n|-damage|p1b: Milotic|0 fnt\n|faint|p1b: Milotic\n|\n|t:|1776314939\n|switch|p2b: Whimsicott|Whimsicott, L50, F, shiny|1/100|[from] Volt Switch\n|\n|upkeep\n|\n|t:|1776314941\n|switch|p1a: Sneasler|Sneasler, L50, F|100/100\n|switch|p1b: Froslass|Froslass-Mega, L50, F|100/100\n|-weather|Snowscape|[from] ability: Snow Warning|[of] p1b: Froslass\n|turn|7\n|\n|t:|1776314957\n|move|p2a: Sneasler|Protect|p2a: Sneasler\n|-singleturn|p2a: Sneasler|Protect\n|move|p1a: Sneasler|Fake Out|p2b: Whimsicott\n|-crit|p2b: Whimsicott\n|-damage|p2b: Whimsicott|0 fnt\n|faint|p2b: Whimsicott\n|move|p1b: Froslass|Shadow Ball|p2a: Sneasler\n|-activate|p2a: Sneasler|move: Protect\n|\n|-weather|Snowscape|[upkeep]\n|upkeep\n|\n|t:|1776314971\n|switch|p2b: Charizard|Charizard-Mega-Y, L50, M, shiny|3/100\n|-weather|SunnyDay|[from] ability: Drought|[of] p2b: Charizard\n|turn|8\n|\n|t:|1776314990\n|move|p2a: Sneasler|Dire Claw|p1b: Froslass\n|-resisted|p1b: Froslass|1\n|-damage|p1b: Froslass|66/100\n|-status|p1b: Froslass|par\n|move|p1a: Sneasler|Close Combat|p2a: Sneasler\n|-resisted|p2a: Sneasler|1\n|-damage|p2a: Sneasler|0 fnt\n|-unboost|p1a: Sneasler|def|1\n|-unboost|p1a: Sneasler|spd|1\n|faint|p2a: Sneasler\n|-enditem|p1a: Sneasler|White Herb\n|-clearnegativeboost|p1a: Sneasler|[silent]\n|move|p2b: Charizard|Heat Wave|p1b: Froslass|[spread] p1a\n|-miss|p2b: Charizard|p1b: Froslass\n|-damage|p1a: Sneasler|10/100\n|move|p1b: Froslass|Shadow Ball|p2b: Charizard\n|-damage|p2b: Charizard|0 fnt\n|faint|p2b: Charizard\n|\n|-weather|SunnyDay|[upkeep]\n|upkeep\n|inactive|gekko kabu has 30 seconds left.\n|\n|t:|1776315023\n|switch|p2b: Rotom|Rotom-Wash, L50, shiny|69/100\n|turn|9\n|\n|t:|1776315028\n|move|p2b: Rotom|Protect|p2b: Rotom\n|-singleturn|p2b: Rotom|Protect\n|move|p1a: Sneasler|Close Combat|p2b: Rotom\n|-activate|p2b: Rotom|move: Protect\n|move|p1b: Froslass|Shadow Ball|p2b: Rotom\n|-activate|p2b: Rotom|move: Protect\n|\n|-weather|SunnyDay|[upkeep]\n|-heal|p2b: Rotom|75/100|[from] item: Leftovers\n|upkeep\n|turn|10\n|\n|t:|1776315038\n|move|p1a: Sneasler|Close Combat|p2b: Rotom\n|-damage|p2b: Rotom|6/100\n|-unboost|p1a: Sneasler|def|1\n|-unboost|p1a: Sneasler|spd|1\n|move|p2b: Rotom|Thunderbolt|p1a: Sneasler\n|-damage|p1a: Sneasler|0 fnt\n|faint|p1a: Sneasler\n|cant|p1b: Froslass|par\n|\n|-weather|SunnyDay|[upkeep]\n|-heal|p2b: Rotom|11/100|[from] item: Leftovers\n|upkeep\n|turn|11\n|\n|t:|1776315053\n|move|p2b: Rotom|Protect|p2b: Rotom\n|-singleturn|p2b: Rotom|Protect\n|move|p1b: Froslass|Shadow Ball|p2b: Rotom\n|-activate|p2b: Rotom|move: Protect\n|\n|-weather|SunnyDay|[upkeep]\n|-heal|p2b: Rotom|17/100|[from] item: Leftovers\n|upkeep\n|turn|12\n|\n|t:|1776315062\n|move|p2b: Rotom|Thunderbolt|p1b: Froslass\n|-damage|p1b: Froslass|8/100 par\n|cant|p1b: Froslass|par\n|\n|-weather|none\n|-heal|p2b: Rotom|23/100|[from] item: Leftovers\n|upkeep\n|turn|13\n|-message|seung2742 forfeited.\n|\n|win|gekko kabu\n|raw|seung2742's rating: 1292 &rarr; <strong>1269</strong><br />(-23 for losing)\n|raw|gekko kabu's rating: 1318 &rarr; <strong>1337</strong><br />(+19 for winning)\n|l|\u2606seung2742\n|player|p1|\n",
  "uploadtime": 1776315077,
  "views": 29,
  "formatid": "gen9championsvgc2026regma",
  "rating": 1269,
  "private": 0,
  "password": null
}