{
  "id": "gen9championsvgc2026regma-2586047635",
  "format": "[Gen 9 Champions] VGC 2026 Reg M-A",
  "players": [
    "AugusMartinez03",
    "FlyingFishRoe"
  ],
  "log": "|j|\u2606AugusMartinez03\n|j|\u2606FlyingFishRoe\n|t:|1776393571\n|gametype|doubles\n|player|p1|AugusMartinez03|volkner|1230\n|player|p2|FlyingFishRoe|miku-water|1140\n|gen|9\n|tier|[Gen 9 Champions] VGC 2026 Reg M-A\n|rated|\n|rule|Species Clause: Limit one of each Pok\u00e9mon\n|rule|Item Clause: Limit 1 of each item\n|clearpoke\n|poke|p1|Archaludon, L50, M|\n|poke|p1|Dragonite, L50, F|\n|poke|p1|Basculegion, L50, M|\n|poke|p1|Incineroar, L50, M|\n|poke|p1|Sinistcha, L50|\n|poke|p1|Politoed, L50, F|\n|poke|p2|Gyarados, L50, F|\n|poke|p2|Glimmora, L50, F|\n|poke|p2|Sneasler, L50, F|\n|poke|p2|Hydreigon, L50, M|\n|poke|p2|Incineroar, L50, F|\n|poke|p2|Whimsicott, L50, F|\n|teampreview|4\n|inactive|Battle timer is ON: inactive players will automatically lose when time's up. (requested by FlyingFishRoe)\n|inactive|AugusMartinez03 has 60 seconds left.\n|inactive|AugusMartinez03 has 30 seconds left.\n|\n|t:|1776393634\n|teamsize|p1|4\n|teamsize|p2|4\n|start\n|switch|p1a: Incineroar|Incineroar, L50, M|100/100\n|switch|p1b: Dragonite|Dragonite, L50, F|100/100\n|switch|p2a: Hydreigon|Hydreigon, L50, M|100/100\n|switch|p2b: Glimmora|Glimmora, L50, F, shiny|100/100\n|-ability|p1a: Incineroar|Intimidate|boost\n|-unboost|p2a: Hydreigon|atk|1\n|-unboost|p2b: Glimmora|atk|1\n|turn|1\n|inactive|AugusMartinez03 has 30 seconds left.\n|inactive|FlyingFishRoe has 30 seconds left.\n|inactive|FlyingFishRoe has 20 seconds left.\n|inactive|AugusMartinez03 has 20 seconds left.\n|inactive|FlyingFishRoe has 15 seconds left.\n|inactive|AugusMartinez03 has 15 seconds left.\n|\n|t:|1776393683\n|detailschange|p2b: Glimmora|Glimmora-Mega, L50, F, shiny\n|-mega|p2b: Glimmora|Glimmora|Glimmoranite\n|detailschange|p1b: Dragonite|Dragonite-Mega, L50, F\n|-mega|p1b: Dragonite|Dragonite|Dragoninite\n|move|p2a: Hydreigon|Protect|p2a: Hydreigon\n|-singleturn|p2a: Hydreigon|Protect\n|move|p1a: Incineroar|Fake Out|p2b: Glimmora\n|-resisted|p2b: Glimmora|1\n|-damage|p2b: Glimmora|94/100\n|cant|p2b: Glimmora|flinch\n|move|p1b: Dragonite|Draco Meteor|p2a: Hydreigon\n|-activate|p2a: Hydreigon|move: Protect\n|\n|upkeep\n|turn|2\n|inactive|FlyingFishRoe has 30 seconds left.\n|\n|t:|1776393710\n|move|p1b: Dragonite|Protect|p1b: Dragonite\n|-singleturn|p1b: Dragonite|Protect\n|move|p2b: Glimmora|Power Gem|p1a: Incineroar\n|-supereffective|p1a: Incineroar|1\n|-damage|p1a: Incineroar|13/100\n|-enditem|p1a: Incineroar|Sitrus Berry|[eat]\n|-heal|p1a: Incineroar|38/100|[from] item: Sitrus Berry\n|move|p2a: Hydreigon|Tailwind|p2a: Hydreigon\n|-sidestart|p2: FlyingFishRoe|move: Tailwind\n|move|p1a: Incineroar|Parting Shot|p2b: Glimmora\n|-unboost|p2b: Glimmora|atk|1\n|-unboost|p2b: Glimmora|spa|1\n|\n|t:|1776393727\n|switch|p1a: Politoed|Politoed, L50, F|100/100|[from] Parting Shot\n|-weather|RainDance|[from] ability: Drizzle|[of] p1a: Politoed\n|\n|-weather|RainDance|[upkeep]\n|upkeep\n|turn|3\n|inactive|AugusMartinez03 has 30 seconds left.\n|inactive|AugusMartinez03 has 20 seconds left.\n|inactive|AugusMartinez03 has 15 seconds left.\n|\n|t:|1776393769\n|switch|p1b: Archaludon|Archaludon, L50, M|100/100\n|move|p2b: Glimmora|Power Gem|p1b: Archaludon\n|-resisted|p1b: Archaludon|1\n|-damage|p1b: Archaludon|71/100\n|-ability|p1b: Archaludon|Stamina|boost\n|-boost|p1b: Archaludon|def|1\n|move|p2a: Hydreigon|Draco Meteor|p1b: Archaludon\n|-damage|p1b: Archaludon|0 fnt\n|-unboost|p2a: Hydreigon|spa|2\n|faint|p1b: Archaludon\n|move|p1a: Politoed|Icy Wind|p2a: Hydreigon|[spread] p2a,p2b\n|-supereffective|p2a: Hydreigon|1\n|-damage|p2a: Hydreigon|77/100\n|-damage|p2b: Glimmora|83/100\n|-unboost|p2a: Hydreigon|spe|1\n|-unboost|p2b: Glimmora|spe|1\n|\n|-weather|RainDance|[upkeep]\n|upkeep\n|\n|t:|1776393792\n|switch|p1b: Dragonite|Dragonite-Mega, L50, F|100/100\n|turn|4\n|inactive|FlyingFishRoe has 30 seconds left.\n|\n|t:|1776393819\n|switch|p2a: Gyarados|Gyarados, L50, F|100/100\n|-ability|p2a: Gyarados|Intimidate|boost\n|-unboost|p1a: Politoed|atk|1\n|-unboost|p1b: Dragonite|atk|1\n|switch|p1b: Incineroar|Incineroar, L50, M|38/100\n|-ability|p1b: Incineroar|Intimidate|boost\n|-unboost|p2a: Gyarados|atk|1\n|-unboost|p2b: Glimmora|atk|1\n|move|p2b: Glimmora|Spiky Shield|p2b: Glimmora\n|-singleturn|p2b: Glimmora|move: Protect\n|move|p1a: Politoed|Icy Wind|p2a: Gyarados|[spread] p2a\n|-activate|p2b: Glimmora|move: Protect\n|-damage|p2a: Gyarados|91/100\n|-unboost|p2a: Gyarados|spe|1\n|\n|-weather|RainDance|[upkeep]\n|upkeep\n|turn|5\n|inactive|AugusMartinez03 has 30 seconds left.\n|inactive|FlyingFishRoe has 30 seconds left.\n|\n|t:|1776393848\n|move|p1b: Incineroar|Fake Out|p2a: Gyarados\n|-damage|p2a: Gyarados|81/100\n|move|p2b: Glimmora|Power Gem|p1b: Incineroar\n|-supereffective|p1b: Incineroar|1\n|-damage|p1b: Incineroar|0 fnt\n|faint|p1b: Incineroar\n|cant|p2a: Gyarados|flinch\n|move|p1a: Politoed|Weather Ball|p2b: Glimmora\n|-supereffective|p2b: Glimmora|1\n|-damage|p2b: Glimmora|0 fnt\n|faint|p2b: Glimmora\n|\n|-weather|RainDance|[upkeep]\n|-sideend|p2: FlyingFishRoe|move: Tailwind\n|upkeep\n|\n|t:|1776393864\n|switch|p2b: Hydreigon|Hydreigon, L50, M|77/100\n|switch|p1b: Dragonite|Dragonite-Mega, L50, F|100/100\n|turn|6\n|\n|t:|1776393881\n|switch|p2a: Sneasler|Sneasler, L50, F|100/100\n|move|p1b: Dragonite|Protect|p1b: Dragonite\n|-singleturn|p1b: Dragonite|Protect\n|move|p2b: Hydreigon|Protect|p2b: Hydreigon\n|-singleturn|p2b: Hydreigon|Protect\n|move|p1a: Politoed|Icy Wind|p2a: Sneasler|[spread] p2a\n|-activate|p2b: Hydreigon|move: Protect\n|-damage|p2a: Sneasler|87/100\n|-unboost|p2a: Sneasler|spe|1\n|-enditem|p2a: Sneasler|White Herb\n|-clearnegativeboost|p2a: Sneasler|[silent]\n|\n|-weather|none\n|upkeep\n|turn|7\n|\n|t:|1776393903\n|move|p1b: Dragonite|Protect|p1b: Dragonite\n|-singleturn|p1b: Dragonite|Protect\n|move|p2a: Sneasler|Fake Out|p1b: Dragonite\n|-activate|p1b: Dragonite|move: Protect\n|move|p2b: Hydreigon|Draco Meteor|p1b: Dragonite\n|-activate|p1b: Dragonite|move: Protect\n|move|p1a: Politoed|Encore|p2a: Sneasler\n|-start|p2a: Sneasler|Encore\n|\n|upkeep\n|turn|8\n|c|\u2606FlyingFishRoe|Shucks man\n|inactive|AugusMartinez03 has 30 seconds left.\n|\n|t:|1776393932\n|switch|p2a: Gyarados|Gyarados, L50, F|81/100\n|-ability|p2a: Gyarados|Intimidate|boost\n|-unboost|p1a: Politoed|atk|1\n|-unboost|p1b: Dragonite|atk|1\n|move|p2b: Hydreigon|Protect|p2b: Hydreigon\n|-singleturn|p2b: Hydreigon|Protect\n|move|p1b: Dragonite|Hurricane|p2b: Hydreigon\n|-activate|p2b: Hydreigon|move: Protect\n|move|p1a: Politoed|Icy Wind|p2a: Gyarados|[spread] p2a\n|-activate|p2b: Hydreigon|move: Protect\n|-damage|p2a: Gyarados|72/100\n|-unboost|p2a: Gyarados|spe|1\n|\n|upkeep\n|turn|9\n|c|\u2606AugusMartinez03|?\n|\n|t:|1776393955\n|switch|p2b: Sneasler|Sneasler, L50, F|87/100\n|move|p1b: Dragonite|Draco Meteor|p2b: Sneasler\n|-damage|p2b: Sneasler|0 fnt\n|-unboost|p1b: Dragonite|spa|2\n|faint|p2b: Sneasler\n|move|p1a: Politoed|Encore||[still]\n|-fail|p1a: Politoed\n|move|p2a: Gyarados|Icy Wind|p1b: Dragonite|[spread] p1a,p1b\n|-resisted|p1a: Politoed|1\n|-supereffective|p1b: Dragonite|2\n|-damage|p1a: Politoed|98/100\n|-damage|p1b: Dragonite|90/100\n|-unboost|p1a: Politoed|spe|1\n|-unboost|p1b: Dragonite|spe|1\n|\n|upkeep\n|c|\u2606FlyingFishRoe|Double protect :(\n|\n|t:|1776393968\n|switch|p2b: Hydreigon|Hydreigon, L50, M|77/100\n|turn|10\n|c|\u2606AugusMartinez03|ah\n|inactive|AugusMartinez03 has 30 seconds left.\n|\n|t:|1776393996\n|move|p2b: Hydreigon|Protect|p2b: Hydreigon\n|-singleturn|p2b: Hydreigon|Protect\n|move|p1b: Dragonite|Protect|p1b: Dragonite\n|-singleturn|p1b: Dragonite|Protect\n|move|p1a: Politoed|Icy Wind|p2b: Hydreigon|[spread] p2a\n|-activate|p2b: Hydreigon|move: Protect\n|-damage|p2a: Gyarados|63/100\n|-unboost|p2a: Gyarados|spe|1\n|move|p2a: Gyarados|Icy Wind|p1b: Dragonite|[spread] p1a\n|-activate|p1b: Dragonite|move: Protect\n|-resisted|p1a: Politoed|1\n|-damage|p1a: Politoed|95/100\n|-unboost|p1a: Politoed|spe|1\n|\n|upkeep\n|turn|11\n|inactive|AugusMartinez03 has 30 seconds left.\n|inactive|AugusMartinez03 has 20 seconds left.\n|\n|t:|1776394031\n|move|p2b: Hydreigon|Draco Meteor|p1b: Dragonite\n|-supereffective|p1b: Dragonite|1\n|-damage|p1b: Dragonite|0 fnt\n|-unboost|p2b: Hydreigon|spa|2\n|faint|p1b: Dragonite\n|move|p1a: Politoed|Icy Wind|p2b: Hydreigon|[spread] p2a,p2b\n|-supereffective|p2b: Hydreigon|1\n|-damage|p2a: Gyarados|54/100\n|-damage|p2b: Hydreigon|50/100\n|-unboost|p2a: Gyarados|spe|1\n|-unboost|p2b: Hydreigon|spe|1\n|move|p2a: Gyarados|Icy Wind|p1a: Politoed\n|-resisted|p1a: Politoed|1\n|-damage|p1a: Politoed|91/100\n|-unboost|p1a: Politoed|spe|1\n|\n|upkeep\n|turn|12\n|\n|t:|1776394054\n|move|p2b: Hydreigon|Dark Pulse|p1a: Politoed\n|-damage|p1a: Politoed|68/100\n|move|p1a: Politoed|Weather Ball|p2b: Hydreigon\n|-damage|p2b: Hydreigon|34/100\n|move|p2a: Gyarados|Waterfall|p1a: Politoed\n|-resisted|p1a: Politoed|1\n|-damage|p1a: Politoed|43/100\n|\n|upkeep\n|turn|13\n|\n|t:|1776394078\n|move|p2b: Hydreigon|Draco Meteor|p1a: Politoed\n|-damage|p1a: Politoed|3/100\n|-unboost|p2b: Hydreigon|spa|2\n|move|p1a: Politoed|Icy Wind|p2b: Hydreigon|[spread] \n|-miss|p1a: Politoed|p2a: Gyarados\n|-miss|p1a: Politoed|p2b: Hydreigon\n|move|p2a: Gyarados|Waterfall|p1a: Politoed\n|-resisted|p1a: Politoed|1\n|-damage|p1a: Politoed|0 fnt\n|faint|p1a: Politoed\n|\n|win|FlyingFishRoe\n|raw|AugusMartinez03's rating: 1230 &rarr; <strong>1199</strong><br />(-31 for losing)\n|raw|FlyingFishRoe's rating: 1140 &rarr; <strong>1171</strong><br />(+31 for winning)\n|c|\u2606AugusMartinez03|lol\n|c|\u2606AugusMartinez03|double miss\n",
  "uploadtime": 1776394095,
  "views": 15,
  "formatid": "gen9championsvgc2026regma",
  "rating": 1171,
  "private": 0,
  "password": null
}