{
  "id": "gen9championsvgc2026regma-2584532808",
  "format": "[Gen 9 Champions] VGC 2026 Reg M-A",
  "players": [
    "Mask4M",
    "Sneaky Weaville"
  ],
  "log": "|j|\u2606Mask4M\n|j|\u2606Sneaky Weaville\n|t:|1776267050\n|gametype|doubles\n|player|p1|Mask4M|101|1091\n|player|p2|Sneaky Weaville|169|1134\n|gen|9\n|tier|[Gen 9 Champions] VGC 2026 Reg M-A\n|rated|\n|rule|Species Clause: Limit one of each Pok\u00e9mon\n|rule|Item Clause: Limit 1 of each item\n|clearpoke\n|poke|p1|Glimmora, L50, F|\n|poke|p1|Dragonite, L50, F|\n|poke|p1|Sneasler, L50, F|\n|poke|p1|Incineroar, L50, M|\n|poke|p1|Whimsicott, L50, F|\n|poke|p1|Rotom-Wash, L50|\n|poke|p2|Meganium, L50, M|\n|poke|p2|Delphox, L50, F|\n|poke|p2|Mamoswine, L50, M|\n|poke|p2|Hydreigon, L50, F|\n|poke|p2|Tinkaton, L50, F|\n|poke|p2|Conkeldurr, L50, M|\n|teampreview|4\n|inactive|Battle timer is ON: inactive players will automatically lose when time's up. (requested by Mask4M)\n|inactive|Mask4M has 60 seconds left.\n|inactive|Sneaky Weaville has 60 seconds left.\n|\n|t:|1776267096\n|teamsize|p1|4\n|teamsize|p2|4\n|start\n|switch|p1a: Glimmora|Glimmora, L50, F|100/100\n|switch|p1b: Sneasler|Sneasler, L50, F|100/100\n|switch|p2a: Tinkaton|Tinkaton, L50, F|100/100\n|switch|p2b: Meganium|Meganium, L50, M|100/100\n|-ability|p2a: Tinkaton|Mold Breaker\n|turn|1\n|inactive|Mask4M has 30 seconds left.\n|\n|t:|1776267122\n|detailschange|p1a: Glimmora|Glimmora-Mega, L50, F\n|-mega|p1a: Glimmora|Glimmora|Glimmoranite\n|detailschange|p2b: Meganium|Meganium-Mega, L50, M\n|-mega|p2b: Meganium|Meganium|Meganiumite\n|move|p1b: Sneasler|Fake Out|p2a: Tinkaton\n|-resisted|p2a: Tinkaton|1\n|-damage|p2a: Tinkaton|92/100\n|cant|p2a: Tinkaton|flinch\n|move|p1a: Glimmora|Sludge Bomb|p2b: Meganium\n|-supereffective|p2b: Meganium|2\n|-damage|p2b: Meganium|0 fnt\n|faint|p2b: Meganium\n|\n|upkeep\n|\n|t:|1776267133\n|switch|p2b: Mamoswine|Mamoswine, L50, M|100/100\n|turn|2\n|inactive|Mask4M has 30 seconds left.\n|inactive|Sneaky Weaville has 30 seconds left.\n|\n|t:|1776267163\n|switch|p1b: Dragonite|Dragonite, L50, F|100/100\n|switch|p2a: Conkeldurr|Conkeldurr, L50, M|100/100\n|move|p1a: Glimmora|Spiky Shield|p1a: Glimmora\n|-singleturn|p1a: Glimmora|move: Protect\n|move|p2b: Mamoswine|Protect||[still]\n|-fail|p2b: Mamoswine\n|\n|upkeep\n|turn|3\n|inactive|Mask4M has 30 seconds left.\n|inactive|Mask4M has 20 seconds left.\n|inactive|Mask4M has 15 seconds left.\n|\n|t:|1776267206\n|move|p1b: Dragonite|Protect|p1b: Dragonite\n|-singleturn|p1b: Dragonite|Protect\n|move|p1a: Glimmora|Sludge Bomb|p2a: Conkeldurr\n|-damage|p2a: Conkeldurr|21/100\n|-status|p2a: Conkeldurr|psn\n|move|p2b: Mamoswine|Icicle Crash|p1b: Dragonite\n|-activate|p1b: Dragonite|move: Protect\n|move|p2a: Conkeldurr|Knock Off|p1a: Glimmora\n|-damage|p1a: Glimmora|73/100\n|-heal|p2a: Conkeldurr|24/100 psn|[from] item: Shell Bell|[of] p1a: Glimmora\n|\n|-damage|p2a: Conkeldurr|11/100 psn|[from] psn\n|upkeep\n|turn|4\n|inactive|Mask4M has 30 seconds left.\n|inactive|Sneaky Weaville has 30 seconds left.\n|inactive|Mask4M has 20 seconds left.\n|inactive|Sneaky Weaville has 20 seconds left.\n|\n|t:|1776267245\n|switch|p1b: Incineroar|Incineroar, L50, M|100/100\n|-ability|p1b: Incineroar|Intimidate|boost\n|-unboost|p2a: Conkeldurr|atk|1\n|-fail|p2b: Mamoswine|unboost|Attack|[from] ability: Oblivious|[of] p2b: Mamoswine\n|move|p2a: Conkeldurr|Wide Guard|p2a: Conkeldurr\n|-singleturn|p2a: Conkeldurr|Wide Guard\n|move|p1a: Glimmora|Power Gem|p2b: Mamoswine\n|-damage|p2b: Mamoswine|6/100\n|move|p2b: Mamoswine|Earthquake|p1b: Incineroar|[spread] p1a,p1b\n|-activate|p2a: Conkeldurr|move: Wide Guard\n|-supereffective|p1a: Glimmora|2\n|-supereffective|p1b: Incineroar|1\n|-damage|p1a: Glimmora|0 fnt\n|-damage|p1b: Incineroar|50/100\n|-enditem|p1b: Incineroar|Sitrus Berry|[eat]\n|-heal|p1b: Incineroar|75/100|[from] item: Sitrus Berry\n|faint|p1a: Glimmora\n|\n|-damage|p2a: Conkeldurr|0 fnt|[from] psn\n|faint|p2a: Conkeldurr\n|upkeep\n|\n|t:|1776267264\n|switch|p1a: Sneasler|Sneasler, L50, F|100/100\n|switch|p2a: Tinkaton|Tinkaton, L50, F|92/100\n|-ability|p2a: Tinkaton|Mold Breaker\n|turn|5\n|\n|t:|1776267280\n|move|p2b: Mamoswine|Protect|p2b: Mamoswine\n|-singleturn|p2b: Mamoswine|Protect\n|move|p1a: Sneasler|Fake Out|p2a: Tinkaton\n|-resisted|p2a: Tinkaton|1\n|-damage|p2a: Tinkaton|82/100\n|cant|p2a: Tinkaton|flinch\n|move|p1b: Incineroar|Fake Out|p2b: Mamoswine\n|-activate|p2b: Mamoswine|move: Protect\n|\n|upkeep\n|turn|6\n|inactive|Sneaky Weaville has 30 seconds left.\n|inactive|Mask4M has 30 seconds left.\n|inactive|Sneaky Weaville has 20 seconds left.\n|inactive|Sneaky Weaville has 15 seconds left.\n|\n|t:|1776267321\n|switch|p1b: Dragonite|Dragonite, L50, F|100/100\n|move|p2b: Mamoswine|Ice Shard|p1a: Sneasler\n|-damage|p1a: Sneasler|63/100\n|move|p1a: Sneasler|Dire Claw|p2b: Mamoswine\n|-resisted|p2b: Mamoswine|1\n|-damage|p2b: Mamoswine|0 fnt\n|faint|p2b: Mamoswine\n|move|p2a: Tinkaton|Gigaton Hammer|p1a: Sneasler\n|-damage|p1a: Sneasler|0 fnt\n|faint|p1a: Sneasler\n|\n|upkeep\n|\n|t:|1776267332\n|switch|p1a: Incineroar|Incineroar, L50, M|75/100\n|-ability|p1a: Incineroar|Intimidate|boost\n|-unboost|p2a: Tinkaton|atk|1\n|turn|7\n|\n|t:|1776267356\n|move|p1a: Incineroar|Fake Out|p2a: Tinkaton\n|-resisted|p2a: Tinkaton|1\n|-damage|p2a: Tinkaton|76/100\n|cant|p2a: Tinkaton|flinch\n|move|p1b: Dragonite|Ice Spinner|p2a: Tinkaton\n|-resisted|p2a: Tinkaton|1\n|-damage|p2a: Tinkaton|58/100\n|\n|upkeep\n|turn|8\n|-message|Sneaky Weaville forfeited.\n|\n|win|Mask4M\n|raw|Mask4M's rating: 1091 &rarr; <strong>1121</strong><br />(+30 for winning)\n|raw|Sneaky Weaville's rating: 1134 &rarr; <strong>1106</strong><br />(-28 for losing)\n|l|\u2606Sneaky Weaville\n|player|p2|\n",
  "uploadtime": 1776267373,
  "views": 27,
  "formatid": "gen9championsvgc2026regma",
  "rating": 1106,
  "private": 0,
  "password": null
}