{
  "id": "gen9championsvgc2026regma-2583593521",
  "format": "[Gen 9 Champions] VGC 2026 Reg M-A",
  "players": [
    "TheVioletPrincess",
    "sapasaur2008"
  ],
  "log": "|j|\u2606TheVioletPrincess\n|j|\u2606sapasaur2008\n|t:|1776185376\n|gametype|doubles\n|player|p1|TheVioletPrincess|169|1015\n|player|p2|sapasaur2008|pokemonranger-gen4|1014\n|gen|9\n|tier|[Gen 9 Champions] VGC 2026 Reg M-A\n|rated|\n|rule|Species Clause: Limit one of each Pok\u00e9mon\n|rule|Item Clause: Limit 1 of each item\n|clearpoke\n|poke|p1|Leafeon, L50, F|\n|poke|p1|Whimsicott, L50, M|\n|poke|p1|Houndoom, L50, M|\n|poke|p1|Rotom-Wash, L50|\n|poke|p1|Dragapult, L50, M|\n|poke|p1|Garchomp, L50, F|\n|poke|p2|Crabominable, L50, M|\n|poke|p2|Slowking, L50, M|\n|poke|p2|Incineroar, L50, F|\n|poke|p2|Sinistcha, L50|\n|poke|p2|Floette-Eternal, L50, F|\n|poke|p2|Aerodactyl, L50, M|\n|teampreview|4\n|\n|t:|1776185417\n|teamsize|p1|4\n|teamsize|p2|4\n|start\n|switch|p1a: Whimsicott|Whimsicott, L50, M|100/100\n|switch|p1b: Dragapult|Dragapult, L50, M|100/100\n|switch|p2a: Slowking|Slowking, L50, M|100/100\n|switch|p2b: Incineroar|Incineroar, L50, F|100/100\n|-ability|p2b: Incineroar|Intimidate|boost\n|-unboost|p1a: Whimsicott|atk|1\n|-fail|p1b: Dragapult|unboost|[from] ability: Clear Body|[of] p1b: Dragapult\n|turn|1\n|\n|t:|1776185437\n|move|p2b: Incineroar|Fake Out|p1a: Whimsicott\n|-crit|p1a: Whimsicott\n|-damage|p1a: Whimsicott|83/100\n|cant|p1a: Whimsicott|flinch\n|move|p1b: Dragapult|Phantom Force||[still]\n|-prepare|p1b: Dragapult|Phantom Force\n|move|p2a: Slowking|Trick Room|p2a: Slowking\n|-fieldstart|move: Trick Room|[of] p2a: Slowking\n|\n|upkeep\n|turn|2\n|\n|t:|1776185461\n|move|p1a: Whimsicott|Sunny Day|p1a: Whimsicott\n|-weather|SunnyDay\n|-prepare|p2a: Slowking|Chilly Reception|[premajor]\n|move|p2a: Slowking|Chilly Reception|p2a: Slowking\n|-weather|Snowscape\n|\n|t:|1776185467\n|switch|p2a: Crabominable|Crabominable, L50, M, shiny|100/100|[from] Chilly Reception\n|move|p2b: Incineroar|Flare Blitz|p1a: Whimsicott\n|-supereffective|p1a: Whimsicott|1\n|-crit|p1a: Whimsicott\n|-damage|p1a: Whimsicott|0 fnt\n|faint|p1a: Whimsicott\n|-damage|p2b: Incineroar|73/100|[from] Recoil\n|move|p1b: Dragapult|Phantom Force|p2a: Crabominable|[from] lockedmove\n|-damage|p2a: Crabominable|62/100\n|\n|-weather|Snowscape|[upkeep]\n|upkeep\n|\n|t:|1776185482\n|switch|p1a: Houndoom|Houndoom, L50, M|100/100\n|turn|3\n|\n|t:|1776185501\n|detailschange|p2a: Crabominable|Crabominable-Mega, L50, M, shiny\n|-mega|p2a: Crabominable|Crabominable|Crabominite\n|move|p1a: Houndoom|Protect|p1a: Houndoom\n|-singleturn|p1a: Houndoom|Protect\n|move|p2a: Crabominable|Bulk Up|p2a: Crabominable\n|-boost|p2a: Crabominable|atk|1\n|-boost|p2a: Crabominable|def|1\n|move|p2b: Incineroar|Parting Shot|p1a: Houndoom\n|-activate|p1a: Houndoom|move: Protect\n|move|p1b: Dragapult|Phantom Force||[still]\n|-prepare|p1b: Dragapult|Phantom Force\n|\n|-weather|Snowscape|[upkeep]\n|upkeep\n|turn|4\n|\n|t:|1776185523\n|detailschange|p1a: Houndoom|Houndoom-Mega, L50, M\n|-mega|p1a: Houndoom|Houndoom|Houndoominite\n|move|p2a: Crabominable|Drain Punch|p1a: Houndoom\n|-supereffective|p1a: Houndoom|1\n|-damage|p1a: Houndoom|0 fnt\n|-heal|p2a: Crabominable|100/100|[from] drain|[of] p1a: Houndoom\n|faint|p1a: Houndoom\n|move|p2b: Incineroar|Parting Shot|p1b: Dragapult|[miss]\n|-miss|p2b: Incineroar|p1b: Dragapult\n|move|p1b: Dragapult|Phantom Force|p2a: Crabominable|[from] lockedmove\n|-damage|p2a: Crabominable|83/100\n|\n|-weather|Snowscape|[upkeep]\n|upkeep\n|\n|t:|1776185540\n|switch|p1a: Leafeon|Leafeon, L50, F|100/100\n|turn|5\n|\n|t:|1776185554\n|switch|p2b: Sinistcha|Sinistcha, L50|100/100\n|-heal|p2a: Crabominable|100/100|[from] ability: Hospitality|[of] p2b: Sinistcha\n|move|p2a: Crabominable|Ice Hammer|p1b: Dragapult\n|-supereffective|p1b: Dragapult|1\n|-enditem|p1b: Dragapult|Focus Sash\n|-damage|p1b: Dragapult|1/100\n|-unboost|p2a: Crabominable|spe|1\n|move|p1a: Leafeon|Knock Off|p2a: Crabominable\n|-resisted|p2a: Crabominable|1\n|-crit|p2a: Crabominable\n|-damage|p2a: Crabominable|92/100\n|move|p1b: Dragapult|Dragon Darts|p2a: Crabominable\n|-damage|p2a: Crabominable|81/100\n|-anim|p1b: Dragapult|Dragon Darts|p2b: Sinistcha\n|-damage|p2b: Sinistcha|75/100\n|\n|-weather|Snowscape|[upkeep]\n|-heal|p2b: Sinistcha|81/100|[from] item: Leftovers\n|-fieldend|move: Trick Room\n|upkeep\n|turn|6\n|\n|t:|1776185584\n|move|p2b: Sinistcha|Rage Powder|p2b: Sinistcha\n|-singleturn|p2b: Sinistcha|move: Rage Powder\n|move|p1b: Dragapult|Dragon Darts|p2b: Sinistcha\n|-damage|p2b: Sinistcha|58/100\n|-anim|p1b: Dragapult|Dragon Darts|p2b: Sinistcha\n|-damage|p2b: Sinistcha|35/100\n|move|p1a: Leafeon|Knock Off|p2b: Sinistcha\n|-supereffective|p2b: Sinistcha|1\n|-damage|p2b: Sinistcha|0 fnt\n|-enditem|p2b: Sinistcha|Leftovers|[from] move: Knock Off|[of] p1a: Leafeon\n|faint|p2b: Sinistcha\n|move|p2a: Crabominable|Ice Hammer|p1a: Leafeon\n|-supereffective|p1a: Leafeon|1\n|-damage|p1a: Leafeon|0 fnt\n|-unboost|p2a: Crabominable|spe|1\n|faint|p1a: Leafeon\n|\n|-weather|none\n|upkeep\n|\n|t:|1776185602\n|switch|p2b: Incineroar|Incineroar, L50, F|73/100\n|-ability|p2b: Incineroar|Intimidate|boost\n|-fail|p1b: Dragapult|unboost|[from] ability: Clear Body|[of] p1b: Dragapult\n|turn|7\n|\n|t:|1776185610\n|move|p1b: Dragapult|Dragon Darts|p2a: Crabominable\n|-damage|p2a: Crabominable|68/100\n|-anim|p1b: Dragapult|Dragon Darts|p2b: Incineroar\n|-damage|p2b: Incineroar|48/100\n|move|p2b: Incineroar|Flare Blitz|p1b: Dragapult\n|-resisted|p1b: Dragapult|1\n|-damage|p1b: Dragapult|0 fnt\n|faint|p1b: Dragapult\n|-damage|p2b: Incineroar|48/100|[from] Recoil\n|\n|win|sapasaur2008\n|raw|TheVioletPrincess's rating: 1015 &rarr; <strong>1003</strong><br />(-12 for losing)\n|raw|sapasaur2008's rating: 1014 &rarr; <strong>1052</strong><br />(+38 for winning)\n|l|\u2606TheVioletPrincess\n|player|p1|\n",
  "uploadtime": 1776185630,
  "views": 22,
  "formatid": "gen9championsvgc2026regma",
  "rating": 1003,
  "private": 0,
  "password": null
}