{
  "id": "gen9championsvgc2026regma-2580993636",
  "format": "[Gen 9 Champions] VGC 2026 Reg M-A",
  "players": [
    "peugeotrcz",
    "SabrinaCarTimburr"
  ],
  "log": "|j|\u2606peugeotrcz\n|j|\u2606SabrinaCarTimburr\n|t:|1775949875\n|gametype|doubles\n|player|p1|peugeotrcz|170|1047\n|player|p2|SabrinaCarTimburr|sabrina-frlg|1008\n|gen|9\n|tier|[Gen 9 Champions] VGC 2026 Reg M-A\n|rated|\n|rule|Species Clause: Limit one of each Pok\u00e9mon\n|rule|Item Clause: Limit 1 of each item\n|clearpoke\n|poke|p1|Gengar, L50, F|\n|poke|p1|Whimsicott, L50, F|\n|poke|p1|Sneasler, L50, F|\n|poke|p1|Politoed, L50, F|\n|poke|p1|Aerodactyl, L50, M|\n|poke|p1|Basculegion, L50, M|\n|poke|p2|Garganacl, L50, M|\n|poke|p2|Sinistcha, L50|\n|poke|p2|Raichu, L50, F|\n|poke|p2|Politoed, L50, F|\n|poke|p2|Dragonite, L50, F|\n|poke|p2|Archaludon, L50, M|\n|teampreview|4\n|inactive|Battle timer is ON: inactive players will automatically lose when time's up. (requested by peugeotrcz)\n|inactive|peugeotrcz has 60 seconds left.\n|inactive|SabrinaCarTimburr has 60 seconds left.\n|\n|t:|1775949917\n|teamsize|p1|4\n|teamsize|p2|4\n|start\n|switch|p1a: Gengar|Gengar, L50, F|100/100\n|switch|p1b: Whimsicott|Whimsicott, L50, F|100/100\n|switch|p2a: Sinistcha|Sinistcha, L50|100/100\n|switch|p2b: Raichu|Raichu, L50, F|100/100\n|turn|1\n|inactive|peugeotrcz has 30 seconds left.\n|inactive|peugeotrcz has 20 seconds left.\n|inactive|peugeotrcz has 15 seconds left.\n|inactive|peugeotrcz has 10 seconds left.\n|\n|t:|1775949965\n|switch|p1b: Basculegion|Basculegion, L50, M|100/100\n|detailschange|p1a: Gengar|Gengar-Mega, L50, F\n|-mega|p1a: Gengar|Gengar|Gengarite\n|move|p2b: Raichu|Fake Out|p1b: Basculegion\n|-immune|p1b: Basculegion\n|move|p1a: Gengar|Shadow Ball|p2a: Sinistcha\n|-supereffective|p2a: Sinistcha|1\n|-damage|p2a: Sinistcha|2/100\n|-enditem|p2a: Sinistcha|Sitrus Berry|[eat]\n|-heal|p2a: Sinistcha|27/100|[from] item: Sitrus Berry\n|move|p2a: Sinistcha|Trick Room|p2a: Sinistcha\n|-fieldstart|move: Trick Room|[of] p2a: Sinistcha\n|\n|upkeep\n|turn|2\n|inactive|peugeotrcz has 30 seconds left.\n|inactive|peugeotrcz has 20 seconds left.\n|inactive|peugeotrcz has 15 seconds left.\n|\n|t:|1775950007\n|move|p1a: Gengar|Protect|p1a: Gengar\n|-singleturn|p1a: Gengar|Protect\n|move|p2a: Sinistcha|Matcha Gotcha|p1a: Gengar|[spread] p1b\n|-activate|p1a: Gengar|move: Protect\n|-supereffective|p1b: Basculegion|1\n|-damage|p1b: Basculegion|43/100\n|-heal|p2a: Sinistcha|61/100|[from] drain|[of] p1b: Basculegion\n|move|p1b: Basculegion|Last Respects|p2a: Sinistcha\n|-supereffective|p2a: Sinistcha|1\n|-damage|p2a: Sinistcha|10/100\n|move|p2b: Raichu|Volt Switch|p1b: Basculegion\n|-supereffective|p1b: Basculegion|1\n|-damage|p1b: Basculegion|0 fnt\n|faint|p1b: Basculegion\n|\n|t:|1775950028\n|switch|p2b: Archaludon|Archaludon, L50, M|100/100|[from] Volt Switch\n|\n|upkeep\n|\n|t:|1775950037\n|switch|p1b: Sneasler|Sneasler, L50, F|100/100\n|turn|3\n|inactive|peugeotrcz has 30 seconds left.\n|inactive|SabrinaCarTimburr has 30 seconds left.\n|inactive|peugeotrcz has 20 seconds left.\n|inactive|peugeotrcz has 15 seconds left.\n|inactive|peugeotrcz has 10 seconds left.\n|\n|t:|1775950084\n|switch|p2a: Politoed|Politoed, L50, F|100/100\n|-weather|RainDance|[from] ability: Drizzle|[of] p2a: Politoed\n|move|p1b: Sneasler|Fake Out|p2b: Archaludon\n|-resisted|p2b: Archaludon|1\n|-damage|p2b: Archaludon|96/100\n|-ability|p2b: Archaludon|Stamina|boost\n|-boost|p2b: Archaludon|def|1\n|cant|p2b: Archaludon|flinch\n|move|p1a: Gengar|Shadow Ball|p2b: Archaludon\n|-damage|p2b: Archaludon|18/100\n|-ability|p2b: Archaludon|Stamina|boost\n|-boost|p2b: Archaludon|def|1\n|\n|-weather|RainDance|[upkeep]\n|upkeep\n|turn|4\n|inactive|peugeotrcz has 30 seconds left.\n|inactive|SabrinaCarTimburr has 30 seconds left.\n|inactive|peugeotrcz has 20 seconds left.\n|inactive|peugeotrcz has 15 seconds left.\n|inactive|peugeotrcz has 10 seconds left.\n|\n|t:|1775950132\n|move|p1a: Gengar|Protect|p1a: Gengar\n|-singleturn|p1a: Gengar|Protect\n|move|p2a: Politoed|Encore|p1b: Sneasler\n|-start|p1b: Sneasler|Encore\n|move|p1b: Sneasler|Fake Out||[still]\n|-hint|Fake Out only works on your first turn out.\n|-fail|p1b: Sneasler\n|move|p2b: Archaludon|Electro Shot||[still]\n|-prepare|p2b: Archaludon|Electro Shot\n|-boost|p2b: Archaludon|spa|1\n|-anim|p2b: Archaludon|Electro Shot|p1b: Sneasler\n|-damage|p1b: Sneasler|0 fnt\n|faint|p1b: Sneasler\n|\n|-weather|RainDance|[upkeep]\n|upkeep\n|\n|t:|1775950147\n|switch|p1b: Whimsicott|Whimsicott, L50, F|100/100\n|turn|5\n|inactive|peugeotrcz has 30 seconds left.\n|inactive|peugeotrcz has 20 seconds left.\n|inactive|peugeotrcz has 15 seconds left.\n|inactive|peugeotrcz has 10 seconds left.\n|inactive|SabrinaCarTimburr has 30 seconds left.\n|inactive|SabrinaCarTimburr has 20 seconds left.\n|\n|t:|1775950207\n|move|p1b: Whimsicott|Encore||[still]\n|-fail|p1b: Whimsicott\n|move|p2a: Politoed|Encore|p1a: Gengar\n|-start|p1a: Gengar|Encore\n|move|p1a: Gengar|Protect||[still]\n|-fail|p1a: Gengar\n|move|p2b: Archaludon|Draco Meteor|p1a: Gengar\n|-damage|p1a: Gengar|0 fnt\n|-unboost|p2b: Archaludon|spa|2\n|faint|p1a: Gengar\n|\n|-weather|RainDance|[upkeep]\n|-fieldend|move: Trick Room\n|upkeep\n|turn|6\n|inactive|peugeotrcz has 30 seconds left.\n|inactive|peugeotrcz has 20 seconds left.\n|inactive|peugeotrcz has 15 seconds left.\n|inactive|peugeotrcz has 10 seconds left.\n|inactive|peugeotrcz has 5 seconds left.\n|\n|t:|1775950262\n|switch|p2a: Sinistcha|Sinistcha, L50|10/100\n|-heal|p2b: Archaludon|43/100|[from] ability: Hospitality|[of] p2a: Sinistcha\n|move|p2b: Archaludon|Protect|p2b: Archaludon\n|-singleturn|p2b: Archaludon|Protect\n|move|p1b: Whimsicott|Tailwind|p1b: Whimsicott\n|-sidestart|p1: peugeotrcz|move: Tailwind\n|\n|-weather|RainDance|[upkeep]\n|upkeep\n|turn|7\n|inactive|peugeotrcz has 30 seconds left.\n|inactive|peugeotrcz has 20 seconds left.\n|inactive|peugeotrcz has 15 seconds left.\n|inactive|peugeotrcz has 10 seconds left.\n|inactive|peugeotrcz has 5 seconds left.\n|\n|t:|1775950317\n|switch|p2b: Raichu|Raichu, L50, F|100/100\n|move|p1b: Whimsicott|Tailwind||[still]\n|-fail|p1b: Whimsicott\n|move|p2a: Sinistcha|Trick Room|p2a: Sinistcha\n|-fieldstart|move: Trick Room|[of] p2a: Sinistcha\n|\n|-weather|none\n|upkeep\n|turn|8\n|inactive|peugeotrcz has 30 seconds left.\n|inactive|peugeotrcz has 20 seconds left.\n|inactive|peugeotrcz has 15 seconds left.\n|inactive|peugeotrcz has 10 seconds left.\n|inactive|peugeotrcz has 5 seconds left.\n|\n|t:|1775950373\n|switch|p2a: Politoed|Politoed, L50, F|100/100\n|-weather|RainDance|[from] ability: Drizzle|[of] p2a: Politoed\n|move|p1b: Whimsicott|Tailwind||[still]\n|-fail|p1b: Whimsicott\n|move|p2b: Raichu|Thunder|p1b: Whimsicott\n|-resisted|p1b: Whimsicott|1\n|-damage|p1b: Whimsicott|74/100\n|\n|-weather|RainDance|[upkeep]\n|upkeep\n|turn|9\n|inactive|peugeotrcz has 15 seconds left this turn.\n|inactive|peugeotrcz has 10 seconds left.\n|inactive|peugeotrcz has 5 seconds left.\n|-message|peugeotrcz lost due to inactivity.\n|\n|win|SabrinaCarTimburr\n|raw|peugeotrcz's rating: 1047 &rarr; <strong>1028</strong><br />(-19 for losing)\n|raw|SabrinaCarTimburr's rating: 1008 &rarr; <strong>1051</strong><br />(+43 for winning)\n",
  "uploadtime": 1775950394,
  "views": 14,
  "formatid": "gen9championsvgc2026regma",
  "rating": 1028,
  "private": 0,
  "password": null
}