{
  "id": "gen9championsvgc2026regma-2588218062",
  "format": "[Gen 9 Champions] VGC 2026 Reg M-A",
  "players": [
    "shohei0115",
    "liteshadow4"
  ],
  "log": "|j|\u2606shohei0115\n|j|\u2606liteshadow4\n|t:|1776615356\n|gametype|doubles\n|player|p1|shohei0115|170|1189\n|player|p2|liteshadow4|hilbert-wonderlauncher|1145\n|gen|9\n|tier|[Gen 9 Champions] VGC 2026 Reg M-A\n|rated|\n|rule|Species Clause: Limit one of each Pok\u00e9mon\n|rule|Item Clause: Limit 1 of each item\n|clearpoke\n|poke|p1|Charizard, L50, F, shiny|\n|poke|p1|Garchomp, L50, M|\n|poke|p1|Kingambit, L50, F|\n|poke|p1|Rotom-Wash, L50|\n|poke|p1|Sneasler, L50, F|\n|poke|p1|Whimsicott, L50, F|\n|poke|p2|Dragapult, L50, M|\n|poke|p2|Sneasler, L50, F|\n|poke|p2|Aerodactyl, L50, M|\n|poke|p2|Gengar, L50, M|\n|poke|p2|Milotic, L50, M|\n|poke|p2|Charizard, L50, M|\n|teampreview|4\n|inactive|Battle timer is ON: inactive players will automatically lose when time's up. (requested by liteshadow4)\n|inactive|shohei0115 has 60 seconds left.\n|inactive|shohei0115 has 30 seconds left.\n|inactive|shohei0115 has 20 seconds left.\n|inactive|shohei0115 has 15 seconds left.\n|inactive|shohei0115 has 10 seconds left.\n|inactive|shohei0115 has 5 seconds left.\n|\n|t:|1776615467\n|teamsize|p1|4\n|teamsize|p2|4\n|start\n|switch|p1a: Garchomp|Garchomp, L50, M|100/100\n|switch|p1b: Rotom|Rotom-Wash, L50|100/100\n|switch|p2a: Dragapult|Dragapult, L50, M|100/100\n|switch|p2b: Aerodactyl|Aerodactyl, L50, M|100/100\n|-ability|p2b: Aerodactyl|Unnerve\n|turn|1\n|inactive|shohei0115 has 30 seconds left.\n|inactive|shohei0115 has 20 seconds left.\n|inactive|shohei0115 has 15 seconds left.\n|\n|t:|1776615512\n|move|p1a: Garchomp|Dragon Claw|p2a: Dragapult\n|-supereffective|p2a: Dragapult|1\n|-damage|p2a: Dragapult|0 fnt\n|faint|p2a: Dragapult\n|move|p2b: Aerodactyl|Tailwind|p2b: Aerodactyl\n|-sidestart|p2: liteshadow4|move: Tailwind\n|move|p1b: Rotom|Will-O-Wisp|p2b: Aerodactyl\n|-status|p2b: Aerodactyl|brn\n|\n|-damage|p2b: Aerodactyl|95/100 brn|[from] brn\n|upkeep\n|\n|t:|1776615531\n|switch|p2a: Charizard|Charizard, L50, M|100/100\n|turn|2\n|inactive|shohei0115 has 30 seconds left.\n|inactive|shohei0115 has 20 seconds left.\n|inactive|shohei0115 has 15 seconds left.\n|\n|t:|1776615573\n|switch|p1a: Whimsicott|Whimsicott, L50, F|100/100\n|detailschange|p2a: Charizard|Charizard-Mega-X, L50, M\n|-mega|p2a: Charizard|Charizard|Charizardite X\n|move|p2b: Aerodactyl|Taunt|p1b: Rotom\n|-start|p1b: Rotom|move: Taunt\n|move|p2a: Charizard|Dragon Claw|p1a: Whimsicott\n|-immune|p1a: Whimsicott\n|move|p1b: Rotom|Thunderbolt|p2b: Aerodactyl\n|-supereffective|p2b: Aerodactyl|1\n|-damage|p2b: Aerodactyl|0 fnt\n|faint|p2b: Aerodactyl\n|\n|upkeep\n|\n|t:|1776615583\n|switch|p2b: Sneasler|Sneasler, L50, F|100/100\n|turn|3\n|inactive|shohei0115 has 30 seconds left.\n|inactive|shohei0115 has 20 seconds left.\n|\n|t:|1776615619\n|move|p1a: Whimsicott|Protect|p1a: Whimsicott\n|-singleturn|p1a: Whimsicott|Protect\n|move|p2b: Sneasler|Fake Out|p1a: Whimsicott\n|-activate|p1a: Whimsicott|move: Protect\n|move|p2a: Charizard|Dragon Claw|p1b: Rotom\n|-damage|p1b: Rotom|41/100\n|-enditem|p1b: Rotom|Sitrus Berry|[eat]\n|-heal|p1b: Rotom|66/100|[from] item: Sitrus Berry\n|move|p1b: Rotom|Thunderbolt|p2b: Sneasler\n|-damage|p2b: Sneasler|35/100\n|\n|upkeep\n|turn|4\n|inactive|shohei0115 has 30 seconds left.\n|\n|t:|1776615652\n|move|p2b: Sneasler|Protect|p2b: Sneasler\n|-singleturn|p2b: Sneasler|Protect\n|move|p1a: Whimsicott|Tailwind|p1a: Whimsicott\n|-sidestart|p1: shohei0115|move: Tailwind\n|move|p2a: Charizard|Flare Blitz|p1a: Whimsicott\n|-supereffective|p1a: Whimsicott|1\n|-enditem|p1a: Whimsicott|Focus Sash\n|-damage|p1a: Whimsicott|1/100\n|-status|p1a: Whimsicott|brn\n|-damage|p2a: Charizard|71/100|[from] Recoil\n|move|p1b: Rotom|Thunderbolt|p2b: Sneasler\n|-activate|p2b: Sneasler|move: Protect\n|\n|-damage|p1a: Whimsicott|0 fnt|[from] brn\n|faint|p1a: Whimsicott\n|-end|p1b: Rotom|move: Taunt\n|-sideend|p2: liteshadow4|move: Tailwind\n|upkeep\n|\n|t:|1776615672\n|switch|p1a: Garchomp|Garchomp, L50, M|100/100\n|turn|5\n|-message|liteshadow4 forfeited.\n|\n|win|shohei0115\n|raw|shohei0115's rating: 1189 &rarr; <strong>1211</strong><br />(+22 for winning)\n|raw|liteshadow4's rating: 1145 &rarr; <strong>1123</strong><br />(-22 for losing)\n|l|\u2606liteshadow4\n|player|p2|\n",
  "uploadtime": 1776615812,
  "views": 8,
  "formatid": "gen9championsvgc2026regma",
  "rating": 1123,
  "private": 0,
  "password": null
}