{
  "id": "gen9championsvgc2026regma-2581965393",
  "format": "[Gen 9 Champions] VGC 2026 Reg M-A",
  "players": [
    "ikerlit",
    "sc1erotized"
  ],
  "log": "|j|\u2606ikerlit\n|j|\u2606sc1erotized\n|t:|1776043906\n|gametype|doubles\n|player|p1|ikerlit|nate|1000\n|player|p2|sc1erotized|worker|1000\n|gen|9\n|tier|[Gen 9 Champions] VGC 2026 Reg M-A\n|rated|\n|rule|Species Clause: Limit one of each Pok\u00e9mon\n|rule|Item Clause: Limit 1 of each item\n|clearpoke\n|poke|p1|Aegislash, L50, M|\n|poke|p1|Chandelure, L50, F|\n|poke|p1|Aerodactyl, L50, F|\n|poke|p1|Garchomp, L50, M|\n|poke|p1|Greninja-*, L50, M|\n|poke|p1|Jolteon, L50, M|\n|poke|p2|Heracross, L50, M|\n|poke|p2|Rotom-Heat, L50|\n|poke|p2|Incineroar, L50, M|\n|poke|p2|Skarmory, L50, M|\n|poke|p2|Venusaur, L50, F|\n|poke|p2|Basculegion, L50, M|\n|teampreview|4\nsc1erotized rejected open team sheets.\n|\n|t:|1776043942\n|teamsize|p1|4\n|teamsize|p2|4\n|start\n|switch|p1a: Rock slide|Garchomp, L50, M, shiny|100/100\n|switch|p1b: Birdstone|Aerodactyl, L50, F|100/100\n|switch|p2a: Knocked Off|Incineroar, L50, M, shiny|100/100\n|switch|p2b: Tough Guy|Skarmory, L50, M|100/100\n|-ability|p2a: Knocked Off|Intimidate|boost\n|-unboost|p1a: Rock slide|atk|1\n|-unboost|p1b: Birdstone|atk|1\n|turn|1\n|\n|t:|1776043970\n|move|p2a: Knocked Off|Fake Out|p1a: Rock slide\n|-damage|p1a: Rock slide|91/100\n|-damage|p2a: Knocked Off|88/100|[from] ability: Rough Skin|[of] p1a: Rock slide\n|move|p1b: Birdstone|Tailwind|p1b: Birdstone\n|-sidestart|p1: ikerlit|move: Tailwind\n|cant|p1a: Rock slide|flinch\n|move|p2b: Tough Guy|Tailwind|p2b: Tough Guy\n|-sidestart|p2: sc1erotized|move: Tailwind\n|\n|upkeep\n|turn|2\n|\n|t:|1776044002\n|move|p1b: Birdstone|Stealth Rock|p2a: Knocked Off\n|-sidestart|p2: sc1erotized|move: Stealth Rock\n|move|p1a: Rock slide|Rock Slide|p2b: Tough Guy|[spread] p2a,p2b\n|-supereffective|p2a: Knocked Off|1\n|-damage|p2a: Knocked Off|65/100\n|-damage|p2b: Tough Guy|92/100\n|cant|p2b: Tough Guy|flinch\n|cant|p2a: Knocked Off|flinch\n|\n|upkeep\n|turn|3\n|\n|t:|1776044030\n|move|p1b: Birdstone|Rock Slide|p2a: Knocked Off|[spread] p2a,p2b\n|-supereffective|p2a: Knocked Off|1\n|-damage|p2a: Knocked Off|39/100\n|-damage|p2b: Tough Guy|81/100\n|-enditem|p2a: Knocked Off|Sitrus Berry|[eat]\n|-heal|p2a: Knocked Off|63/100|[from] item: Sitrus Berry\n|move|p1a: Rock slide|Rock Slide|p2b: Tough Guy|[spread] p2a\n|-miss|p1a: Rock slide|p2b: Tough Guy\n|-supereffective|p2a: Knocked Off|1\n|-damage|p2a: Knocked Off|43/100\n|cant|p2b: Tough Guy|flinch\n|move|p2a: Knocked Off|Parting Shot|p1a: Rock slide\n|-unboost|p1a: Rock slide|atk|1\n|-unboost|p1a: Rock slide|spa|1\n|\n|t:|1776044054\n|switch|p2a: Air Fryer|Rotom-Heat, L50, shiny|100/100|[from] Parting Shot\n|-damage|p2a: Air Fryer|76/100|[from] Stealth Rock\n|\n|-heal|p2a: Air Fryer|81/100|[from] item: Leftovers\n|upkeep\n|turn|4\n|\n|t:|1776044092\n|move|p1b: Birdstone|Rock Slide|p2b: Tough Guy|[spread] p2a,p2b\n|-supereffective|p2a: Air Fryer|1\n|-damage|p2a: Air Fryer|39/100\n|-damage|p2b: Tough Guy|70/100\n|move|p2a: Air Fryer|Volt Switch|p1b: Birdstone\n|-supereffective|p1b: Birdstone|1\n|-damage|p1b: Birdstone|30/100\n|\n|t:|1776044100\n|switch|p2a: Knocked Off|Incineroar, L50, M, shiny|43/100|[from] Volt Switch\n|-damage|p2a: Knocked Off|18/100|[from] Stealth Rock\n|-ability|p2a: Knocked Off|Intimidate|boost\n|-unboost|p1a: Rock slide|atk|1\n|-unboost|p1b: Birdstone|atk|1\n|move|p1a: Rock slide|Rock Slide|p2a: Knocked Off|[spread] p2a,p2b\n|-supereffective|p2a: Knocked Off|1\n|-damage|p2a: Knocked Off|5/100\n|-damage|p2b: Tough Guy|64/100\n|cant|p2b: Tough Guy|flinch\n|\n|-sideend|p2: sc1erotized|move: Tailwind\n|-sideend|p1: ikerlit|move: Tailwind\n|upkeep\n|turn|5\n|c|\u2606sc1erotized|flinch is going hard\n|inactive|Battle timer is ON: inactive players will automatically lose when time's up. (requested by sc1erotized)\n|inactive|ikerlit has 60 seconds left.\n|\n|t:|1776044187\n|move|p2a: Knocked Off|Fake Out|p1a: Rock slide\n|-damage|p1a: Rock slide|81/100\n|-damage|p2a: Knocked Off|0 fnt|[from] ability: Rough Skin|[of] p1a: Rock slide\n|faint|p2a: Knocked Off\n|move|p1b: Birdstone|Rock Slide|p2b: Tough Guy\n|-damage|p2b: Tough Guy|51/100\n|cant|p1a: Rock slide|flinch\n|move|p2b: Tough Guy|Body Press|p1b: Birdstone\n|-damage|p1b: Birdstone|0 fnt\n|faint|p1b: Birdstone\n|\n|upkeep\n|\n|t:|1776044205\n|switch|p1b: Chandy|Chandelure, L50, F|100/100\n|switch|p2a: Rephitition|Heracross, L50, M|100/100\n|-damage|p2a: Rephitition|88/100|[from] Stealth Rock\n|turn|6\n|inactive|sc1erotized has 30 seconds left.\n|\n|t:|1776044233\n|detailschange|p1b: Chandy|Chandelure-Mega, L50, F\n|-mega|p1b: Chandy|Chandelure|Chandelurite\n|detailschange|p2a: Rephitition|Heracross-Mega, L50, M\n|-mega|p2a: Rephitition|Heracross|Heracronite\n|move|p2a: Rephitition|Protect|p2a: Rephitition\n|-singleturn|p2a: Rephitition|Protect\n|move|p1b: Chandy|Heat Wave|p2b: Tough Guy|[spread] p2b\n|-activate|p2a: Rephitition|move: Protect\n|-supereffective|p2b: Tough Guy|1\n|-damage|p2b: Tough Guy|0 fnt\n|faint|p2b: Tough Guy\n|move|p1a: Rock slide|Rock Slide|p2a: Rephitition\n|-activate|p2a: Rephitition|move: Protect\n|\n|upkeep\n|\n|t:|1776044245\n|switch|p2b: Air Fryer|Rotom-Heat, L50, shiny|39/100\n|-damage|p2b: Air Fryer|15/100|[from] Stealth Rock\n|turn|7\n|inactive|sc1erotized has 30 seconds left.\n|inactive|sc1erotized has 20 seconds left.\n|inactive|sc1erotized has 15 seconds left.\n|\n|t:|1776044285\n|move|p2b: Air Fryer|Protect|p2b: Air Fryer\n|-singleturn|p2b: Air Fryer|Protect\n|move|p1b: Chandy|Heat Wave|p2a: Rephitition|[spread] \n|-activate|p2b: Air Fryer|move: Protect\n|-miss|p1b: Chandy|p2a: Rephitition\n|move|p2a: Rephitition|Rock Blast|p1b: Chandy\n|-supereffective|p1b: Chandy|1\n|-damage|p1b: Chandy|68/100\n|-supereffective|p1b: Chandy|1\n|-damage|p1b: Chandy|37/100\n|-supereffective|p1b: Chandy|1\n|-damage|p1b: Chandy|3/100\n|-supereffective|p1b: Chandy|1\n|-damage|p1b: Chandy|0 fnt\n|faint|p1b: Chandy\n|-hitcount|p1: Chandy|4\n|move|p1a: Rock slide|Rock Slide|p2a: Rephitition|[spread] p2a\n|-activate|p2b: Air Fryer|move: Protect\n|-damage|p2a: Rephitition|80/100\n|\n|-heal|p2b: Air Fryer|20/100|[from] item: Leftovers\n|upkeep\n|\n|t:|1776044308\n|switch|p1b: Aegislash|Aegislash, L50, M|100/100\n|turn|8\n|inactive|sc1erotized has 30 seconds left.\n|inactive|sc1erotized has 20 seconds left.\n|inactive|sc1erotized has 15 seconds left.\n|\n|t:|1776044351\n|move|p1b: Aegislash|King's Shield|p1b: Aegislash\n|-singleturn|p1b: Aegislash|Protect\n|move|p2b: Air Fryer|Thunder Wave|p1a: Rock slide\n|-immune|p1a: Rock slide\n|move|p2a: Rephitition|Pin Missile|p1a: Rock slide\n|-damage|p1a: Rock slide|64/100\n|-damage|p1a: Rock slide|48/100\n|-damage|p1a: Rock slide|31/100\n|-damage|p1a: Rock slide|13/100\n|-damage|p1a: Rock slide|0 fnt\n|faint|p1a: Rock slide\n|-hitcount|p1: Rock slide|5\n|\n|-heal|p2b: Air Fryer|26/100|[from] item: Leftovers\n|upkeep\n|turn|9\n|inactive|sc1erotized has 30 seconds left.\n|inactive|sc1erotized has 20 seconds left.\n|inactive|sc1erotized has 15 seconds left.\n|\n|t:|1776044391\n|move|p2b: Air Fryer|Protect|p2b: Air Fryer\n|-singleturn|p2b: Air Fryer|Protect\n|move|p2a: Rephitition|Pin Missile|p1b: Aegislash\n|-resisted|p1b: Aegislash|2\n|-damage|p1b: Aegislash|96/100\n|-resisted|p1b: Aegislash|2\n|-damage|p1b: Aegislash|92/100\n|-resisted|p1b: Aegislash|2\n|-damage|p1b: Aegislash|87/100\n|-resisted|p1b: Aegislash|2\n|-damage|p1b: Aegislash|83/100\n|-resisted|p1b: Aegislash|2\n|-damage|p1b: Aegislash|78/100\n|-hitcount|p1b: Aegislash|5\n|-formechange|p1b: Aegislash|Aegislash-Blade|\n|move|p1b: Aegislash|Poltergeist|p2a: Rephitition\n|-activate|p2a: Rephitition|move: Poltergeist|Heracronite\n|-damage|p2a: Rephitition|22/100\n|\n|-heal|p2b: Air Fryer|32/100|[from] item: Leftovers\n|-heal|p1b: Aegislash|84/100|[from] item: Leftovers\n|upkeep\n|turn|10\n|\n|t:|1776044415\n|move|p2b: Air Fryer|Volt Switch|p1b: Aegislash\n|-crit|p1b: Aegislash\n|-damage|p1b: Aegislash|0 fnt\n|faint|p1b: Aegislash\n|\n|win|sc1erotized\n|raw|ikerlit's rating: 1000 &rarr; <strong>1000</strong><br />(+0 for losing)\n|raw|sc1erotized's rating: 1000 &rarr; <strong>1040</strong><br />(+40 for winning)\n|c|\u2606sc1erotized|gg\n|l|\u2606ikerlit\n|player|p1|\n|c|\u2606sc1erotized|fun game\n",
  "uploadtime": 1776044437,
  "views": 14,
  "formatid": "gen9championsvgc2026regma",
  "rating": 1000,
  "private": 0,
  "password": null
}