{
  "id": "gen9championsvgc2026regma-2588957614",
  "format": "[Gen 9 Champions] VGC 2026 Reg M-A",
  "players": [
    "Destr0321",
    "ChefShimi"
  ],
  "log": "|j|\u2606Destr0321\n|j|\u2606ChefShimi\n|t:|1776689421\n|gametype|doubles\n|player|p1|Destr0321|1|1263\n|player|p2|ChefShimi|brycenman|1255\n|gen|9\n|tier|[Gen 9 Champions] VGC 2026 Reg M-A\n|rated|\n|rule|Species Clause: Limit one of each Pok\u00e9mon\n|rule|Item Clause: Limit 1 of each item\n|clearpoke\n|poke|p1|Floette-Eternal, L50, F|\n|poke|p1|Garchomp, L50, F|\n|poke|p1|Sinistcha, L50|\n|poke|p1|Incineroar, L50, F|\n|poke|p1|Rotom-Wash, L50|\n|poke|p1|Talonflame, L50, F|\n|poke|p2|Delphox, L50, F|\n|poke|p2|Clefable, L50, M|\n|poke|p2|Rotom-Wash, L50|\n|poke|p2|Garchomp, L50, F|\n|poke|p2|Sneasler, L50, M|\n|poke|p2|Corviknight, L50, F|\n|teampreview|4\n|inactive|Battle timer is ON: inactive players will automatically lose when time's up. (requested by ChefShimi)\nDestr0321 has agreed to open team sheets.\n|inactive|ChefShimi has 60 seconds left.\n|\n|t:|1776689467\n|teamsize|p1|4\n|teamsize|p2|4\n|start\n|switch|p1a: Garchomp|Garchomp, L50, F|100/100\n|switch|p1b: Talonflame|Talonflame, L50, F|100/100\n|switch|p2a: Sneasler|Sneasler, L50, M|100/100\n|switch|p2b: Delphox|Delphox, L50, F|100/100\n|turn|1\n|\n|t:|1776689485\n|detailschange|p2b: Delphox|Delphox-Mega, L50, F\n|-mega|p2b: Delphox|Delphox|Delphoxite\n|move|p1b: Talonflame|Quick Guard|p1b: Talonflame\n|-singleturn|p1b: Talonflame|Quick Guard\n|move|p2a: Sneasler|Fake Out|p1a: Garchomp\n|-activate|p1a: Garchomp|move: Quick Guard\n|move|p2b: Delphox|Psychic|p1b: Talonflame\n|-damage|p1b: Talonflame|20/100\n|move|p1a: Garchomp|Rock Slide|p2a: Sneasler|[spread] p2a,p2b\n|-resisted|p2a: Sneasler|1\n|-supereffective|p2b: Delphox|1\n|-damage|p2a: Sneasler|81/100\n|-damage|p2b: Delphox|31/100\n|\n|upkeep\n|turn|2\n|\n|t:|1776689505\n|move|p2b: Delphox|Psychic|p1a: Garchomp\n|-damage|p1a: Garchomp|46/100\n|move|p1b: Talonflame|Tailwind|p1b: Talonflame\n|-sidestart|p1: Destr0321|move: Tailwind\n|move|p1a: Garchomp|Rock Slide|p2a: Sneasler|[spread] p2b\n|-miss|p1a: Garchomp|p2a: Sneasler\n|-supereffective|p2b: Delphox|1\n|-damage|p2b: Delphox|0 fnt\n|faint|p2b: Delphox\n|move|p2a: Sneasler|Dire Claw|p1b: Talonflame\n|-damage|p1b: Talonflame|0 fnt\n|faint|p1b: Talonflame\n|\n|upkeep\n|\n|t:|1776689515\n|switch|p2b: Corviknight|Corviknight, L50, F|100/100\n|switch|p1b: Sinistcha|Sinistcha, L50|100/100\n|-heal|p1a: Garchomp|70/100|[from] ability: Hospitality|[of] p1b: Sinistcha\n|turn|3\n|inactive|Destr0321 has 30 seconds left.\n|inactive|Destr0321 has 20 seconds left.\n|inactive|Destr0321 has 15 seconds left.\n|\n|t:|1776689558\n|move|p2a: Sneasler|Protect|p2a: Sneasler\n|-singleturn|p2a: Sneasler|Protect\n|move|p1b: Sinistcha|Rage Powder|p1b: Sinistcha\n|-singleturn|p1b: Sinistcha|move: Rage Powder\n|move|p1a: Garchomp|Rock Slide|p2b: Corviknight|[spread] p2b\n|-activate|p2a: Sneasler|move: Protect\n|-damage|p2b: Corviknight|84/100\n|move|p2b: Corviknight|Bulk Up|p2b: Corviknight\n|-boost|p2b: Corviknight|atk|1\n|-boost|p2b: Corviknight|def|1\n|\n|-heal|p2b: Corviknight|91/100|[from] item: Leftovers\n|upkeep\n|turn|4\n|\n|t:|1776689575\n|switch|p2a: Clefable|Clefable, L50, M|100/100\n|move|p1b: Sinistcha|Rage Powder|p1b: Sinistcha\n|-singleturn|p1b: Sinistcha|move: Rage Powder\n|move|p1a: Garchomp|Earthquake|p2b: Corviknight|[spread] p1b,p2a\n|-immune|p2b: Corviknight\n|-resisted|p1b: Sinistcha|1\n|-damage|p1b: Sinistcha|86/100\n|-damage|p2a: Clefable|64/100\n|move|p2b: Corviknight|Bulk Up|p2b: Corviknight\n|-boost|p2b: Corviknight|atk|1\n|-boost|p2b: Corviknight|def|1\n|\n|-heal|p2b: Corviknight|97/100|[from] item: Leftovers\n|upkeep\n|turn|5\n|\n|t:|1776689596\n|move|p2a: Clefable|Protect|p2a: Clefable\n|-singleturn|p2a: Clefable|Protect\n|move|p1a: Garchomp|Rock Slide|p2b: Corviknight|[spread] p2b\n|-activate|p2a: Clefable|move: Protect\n|-damage|p2b: Corviknight|89/100\n|move|p1b: Sinistcha|Life Dew|p1b: Sinistcha|[spread] p1a,p1b\n|-heal|p1a: Garchomp|96/100\n|-heal|p1b: Sinistcha|100/100\n|move|p2b: Corviknight|Bulk Up|p2b: Corviknight\n|-boost|p2b: Corviknight|atk|1\n|-boost|p2b: Corviknight|def|1\n|\n|-heal|p2b: Corviknight|95/100|[from] item: Leftovers\n|-sideend|p1: Destr0321|move: Tailwind\n|upkeep\n|turn|6\n|\n|t:|1776689611\n|switch|p1b: Floette|Floette-Eternal, L50, F|100/100\n|move|p2a: Clefable|Helping Hand|p2b: Corviknight\n|-singleturn|p2b: Corviknight|Helping Hand|[of] p2a: Clefable\n|move|p1a: Garchomp|Rock Slide|p2b: Corviknight|[spread] p2a,p2b\n|-damage|p2a: Clefable|43/100\n|-damage|p2b: Corviknight|87/100\n|-enditem|p2a: Clefable|Sitrus Berry|[eat]\n|-heal|p2a: Clefable|68/100|[from] item: Sitrus Berry\n|move|p2b: Corviknight|Iron Head|p1b: Floette\n|-supereffective|p1b: Floette|1\n|-damage|p1b: Floette|0 fnt\n|faint|p1b: Floette\n|\n|-heal|p2b: Corviknight|94/100|[from] item: Leftovers\n|upkeep\n|\n|t:|1776689613\n|switch|p1b: Sinistcha|Sinistcha, L50|100/100\n|-heal|p1a: Garchomp|100/100|[from] ability: Hospitality|[of] p1b: Sinistcha\n|turn|7\n|-message|Destr0321 forfeited.\n|\n|win|ChefShimi\n|raw|Destr0321's rating: 1263 &rarr; <strong>1237</strong><br />(-26 for losing)\n|raw|ChefShimi's rating: 1255 &rarr; <strong>1281</strong><br />(+26 for winning)\n|l|\u2606Destr0321\n|player|p1|\n",
  "uploadtime": 1776689654,
  "views": 4,
  "formatid": "gen9championsvgc2026regma",
  "rating": 1237,
  "private": 0,
  "password": null
}