{
  "id": "gen9championsvgc2026regma-2580666596",
  "format": "[Gen 9 Champions] VGC 2026 Reg M-A",
  "players": [
    "yundrex",
    "alvin776"
  ],
  "log": "|j|\u203dyundrex\n|j|\u2606alvin776\n|t:|1775922643\n|gametype|doubles\n|player|p1|yundrex|266|1167\n|player|p2|alvin776|1|1187\n|gen|9\n|tier|[Gen 9 Champions] VGC 2026 Reg M-A\n|rated|\n|rule|Species Clause: Limit one of each Pok\u00e9mon\n|rule|Item Clause: Limit 1 of each item\n|clearpoke\n|poke|p1|Tyranitar, L50, F|\n|poke|p1|Excadrill, L50, F|\n|poke|p1|Kingambit, L50, F|\n|poke|p1|Garchomp, L50, F|\n|poke|p1|Sinistcha, L50|\n|poke|p1|Archaludon, L50, M|\n|poke|p2|Farigiraf, L50, M|\n|poke|p2|Lopunny, L50, F|\n|poke|p2|Rotom-Wash, L50|\n|poke|p2|Garchomp, L50, M|\n|poke|p2|Arcanine, L50, M|\n|poke|p2|Gengar, L50, F|\n|teampreview|4\n|inactive|Battle timer is ON: inactive players will automatically lose when time's up. (requested by yundrex)\n|\n|t:|1775922672\n|teamsize|p1|4\n|teamsize|p2|4\n|start\n|switch|p1a: Tyranitar|Tyranitar, L50, F|100/100\n|switch|p1b: Kingambit|Kingambit, L50, F|100/100\n|switch|p2a: Lopunny|Lopunny, L50, F|100/100\n|switch|p2b: Garchomp|Garchomp, L50, M|100/100\n|-weather|Sandstorm|[from] ability: Sand Stream|[of] p1a: Tyranitar\n|turn|1\n|inactive|yundrex has 30 seconds left.\n|\n|t:|1775922703\n|detailschange|p2a: Lopunny|Lopunny-Mega, L50, F\n|-mega|p2a: Lopunny|Lopunny|Lopunnite\n|detailschange|p1a: Tyranitar|Tyranitar-Mega, L50, F\n|-mega|p1a: Tyranitar|Tyranitar|Tyranitarite\n|move|p2a: Lopunny|Protect|p2a: Lopunny\n|-singleturn|p2a: Lopunny|Protect\n|move|p1b: Kingambit|Protect|p1b: Kingambit\n|-singleturn|p1b: Kingambit|Protect\n|move|p2b: Garchomp|Earthquake|p1a: Tyranitar|[spread] p1a\n|-activate|p2a: Lopunny|move: Protect\n|-activate|p1b: Kingambit|move: Protect\n|-supereffective|p1a: Tyranitar|1\n|-damage|p1a: Tyranitar|56/100\n|move|p1a: Tyranitar|Rock Slide|p2a: Lopunny|[spread] p2b\n|-activate|p2a: Lopunny|move: Protect\n|-resisted|p2b: Garchomp|1\n|-damage|p2b: Garchomp|79/100\n|\n|-weather|Sandstorm|[upkeep]\n|-damage|p2a: Lopunny|95/100|[from] Sandstorm\n|upkeep\n|turn|2\n|inactive|yundrex has 30 seconds left.\n|inactive|alvin776 has 30 seconds left.\n|inactive|yundrex has 20 seconds left.\n|inactive|yundrex has 15 seconds left.\n|\n|t:|1775922746\n|switch|p1a: Archaludon|Archaludon, L50, M|100/100\n|switch|p1b: Garchomp|Garchomp, L50, F|100/100\n|move|p2a: Lopunny|Close Combat|p1b: Garchomp\n|-damage|p1b: Garchomp|32/100\n|-unboost|p2a: Lopunny|def|1\n|-unboost|p2a: Lopunny|spd|1\n|move|p2b: Garchomp|Rock Slide|p1b: Garchomp|[spread] p1a,p1b\n|-resisted|p1a: Archaludon|1\n|-resisted|p1b: Garchomp|1\n|-damage|p1a: Archaludon|94/100\n|-damage|p1b: Garchomp|22/100\n|-ability|p1a: Archaludon|Stamina|boost\n|-boost|p1a: Archaludon|def|1\n|\n|-weather|Sandstorm|[upkeep]\n|-damage|p2a: Lopunny|89/100|[from] Sandstorm\n|-heal|p1b: Garchomp|28/100|[from] item: Leftovers\n|upkeep\n|turn|3\n|inactive|alvin776 has 30 seconds left.\n|inactive|yundrex has 30 seconds left.\n|\n|t:|1775922785\n|switch|p2a: Rotom|Rotom-Wash, L50|100/100\n|move|p1b: Garchomp|Dragon Claw|p2a: Rotom\n|-damage|p2a: Rotom|59/100\n|move|p2b: Garchomp|Earthquake|p1b: Garchomp|[spread] p1a,p1b\n|-immune|p2a: Rotom|[from] ability: Levitate\n|-supereffective|p1a: Archaludon|1\n|-damage|p1a: Archaludon|60/100\n|-damage|p1b: Garchomp|0 fnt\n|-ability|p1a: Archaludon|Stamina|boost\n|-boost|p1a: Archaludon|def|1\n|faint|p1b: Garchomp\n|move|p1a: Archaludon|Draco Meteor|p2b: Garchomp\n|-supereffective|p2b: Garchomp|1\n|-damage|p2b: Garchomp|0 fnt\n|-unboost|p1a: Archaludon|spa|2\n|faint|p2b: Garchomp\n|-enditem|p1a: Archaludon|White Herb\n|-clearnegativeboost|p1a: Archaludon|[silent]\n|\n|-weather|Sandstorm|[upkeep]\n|-damage|p2a: Rotom|53/100|[from] Sandstorm\n|-heal|p2a: Rotom|59/100|[from] item: Leftovers\n|upkeep\n|inactive|yundrex has 30 seconds left.\n|inactive|alvin776 has 30 seconds left.\n|\n|t:|1775922811\n|switch|p2b: Lopunny|Lopunny-Mega, L50, F|89/100\n|switch|p1b: Kingambit|Kingambit, L50, F|100/100\n|turn|4\n|\n|t:|1775922833\n|move|p1b: Kingambit|Protect|p1b: Kingambit\n|-singleturn|p1b: Kingambit|Protect\n|move|p2b: Lopunny|Close Combat|p1b: Kingambit\n|-activate|p1b: Kingambit|move: Protect\n|move|p2a: Rotom|Light Screen|p2a: Rotom\n|-sidestart|p2: alvin776|move: Light Screen\n|move|p1a: Archaludon|Draco Meteor|p2b: Lopunny\n|-damage|p2b: Lopunny|28/100\n|-unboost|p1a: Archaludon|spa|2\n|\n|-weather|Sandstorm|[upkeep]\n|-damage|p2b: Lopunny|22/100|[from] Sandstorm\n|-damage|p2a: Rotom|53/100|[from] Sandstorm\n|-heal|p2a: Rotom|59/100|[from] item: Leftovers\n|upkeep\n|turn|5\n|inactive|yundrex has 30 seconds left.\n|\n|t:|1775922860\n|switch|p1a: Tyranitar|Tyranitar-Mega, L50, F|56/100\n|move|p2b: Lopunny|Protect|p2b: Lopunny\n|-singleturn|p2b: Lopunny|Protect\n|move|p1b: Kingambit|Sucker Punch||[still]\n|-fail|p1b: Kingambit\n|move|p2a: Rotom|Will-O-Wisp|p1b: Kingambit\n|-status|p1b: Kingambit|brn\n|\n|-weather|none\n|-heal|p2a: Rotom|65/100|[from] item: Leftovers\n|-damage|p1b: Kingambit|95/100 brn|[from] brn\n|upkeep\n|turn|6\n|inactive|alvin776 has 30 seconds left.\n|\n|t:|1775922887\n|move|p1b: Kingambit|Protect|p1b: Kingambit\n|-singleturn|p1b: Kingambit|Protect\n|move|p2b: Lopunny|Close Combat|p1b: Kingambit\n|-activate|p1b: Kingambit|move: Protect\n|move|p2a: Rotom|Hydro Pump|p1a: Tyranitar\n|-supereffective|p1a: Tyranitar|1\n|-damage|p1a: Tyranitar|0 fnt\n|faint|p1a: Tyranitar\n|\n|-heal|p2a: Rotom|70/100|[from] item: Leftovers\n|-damage|p1b: Kingambit|89/100 brn|[from] brn\n|upkeep\n|\n|t:|1775922898\n|switch|p1a: Archaludon|Archaludon, L50, M|60/100\n|turn|7\n|\n|t:|1775922912\n|move|p1b: Kingambit|Sucker Punch|p2a: Rotom\n|-damage|p2a: Rotom|50/100\n|move|p2b: Lopunny|Close Combat|p1a: Archaludon\n|-supereffective|p1a: Archaludon|1\n|-damage|p1a: Archaludon|0 fnt\n|-unboost|p2b: Lopunny|def|1\n|-unboost|p2b: Lopunny|spd|1\n|faint|p1a: Archaludon\n|move|p2a: Rotom|Volt Switch|p1b: Kingambit\n|-damage|p1b: Kingambit|60/100 brn\n|\n|t:|1775922923\n|switch|p2a: Arcanine|Arcanine, L50, M|100/100|[from] Volt Switch\n|-ability|p2a: Arcanine|Intimidate|boost\n|-unboost|p1b: Kingambit|atk|1\n|-ability|p1b: Kingambit|Defiant|boost\n|-boost|p1b: Kingambit|atk|2\n|\n|-damage|p1b: Kingambit|54/100 brn|[from] brn\n|upkeep\n|turn|8\n|\n|t:|1775922933\n|switch|p2b: Rotom|Rotom-Wash, L50|50/100\n|move|p1b: Kingambit|Sucker Punch||[still]\n|-fail|p1b: Kingambit\n|move|p2a: Arcanine|Heat Wave|p1b: Kingambit\n|-supereffective|p1b: Kingambit|1\n|-damage|p1b: Kingambit|0 fnt\n|faint|p1b: Kingambit\n|\n|win|alvin776\n|raw|yundrex's rating: 1167 &rarr; <strong>1143</strong><br />(-24 for losing)\n|raw|alvin776's rating: 1187 &rarr; <strong>1211</strong><br />(+24 for winning)\n",
  "uploadtime": 1775922945,
  "views": 16,
  "formatid": "gen9championsvgc2026regma",
  "rating": 1143,
  "private": 0,
  "password": null
}