{
  "id": "gen9championsvgc2026regma-2588704075",
  "format": "[Gen 9 Champions] VGC 2026 Reg M-A",
  "players": [
    "shangenb1",
    "garygamer32"
  ],
  "log": "|j|\u2606shangenb1\n|j|\u2606garygamer32\n|t:|1776659754\n|gametype|doubles\n|player|p1|shangenb1|2|1137\n|player|p2|garygamer32|265|1043\n|gen|9\n|tier|[Gen 9 Champions] VGC 2026 Reg M-A\n|rated|\n|rule|Species Clause: Limit one of each Pok\u00e9mon\n|rule|Item Clause: Limit 1 of each item\n|clearpoke\n|poke|p1|Floette-Eternal, L50, F|\n|poke|p1|Garchomp, L50, F|\n|poke|p1|Sneasler, L50, F|\n|poke|p1|Basculegion-F, L50, F|\n|poke|p1|Aerodactyl, L50, M|\n|poke|p1|Incineroar, L50, M|\n|poke|p2|Blastoise, L50, M|\n|poke|p2|Farigiraf, L50, M|\n|poke|p2|Chimecho, L50, M|\n|poke|p2|Sinistcha, L50|\n|poke|p2|Talonflame, L50, M|\n|poke|p2|Tyranitar, L50, M|\n|teampreview|4\n|inactive|Battle timer is ON: inactive players will automatically lose when time's up. (requested by shangenb1)\n|inactive|shangenb1 has 60 seconds left.\n|\n|t:|1776659795\n|teamsize|p1|4\n|teamsize|p2|4\n|start\n|switch|p1a: Aerodactyl|Aerodactyl, L50, M|100/100\n|switch|p1b: Floette|Floette-Eternal, L50, F|100/100\n|switch|p2a: Blastoise|Blastoise, L50, M|100/100\n|switch|p2b: Farigiraf|Farigiraf, L50, M|100/100\n|-ability|p1a: Aerodactyl|Unnerve\n|turn|1\n|inactive|shangenb1 has 30 seconds left.\n|\n|t:|1776659829\n|detailschange|p1b: Floette|Floette-Mega, L50, F\n|-mega|p1b: Floette|Floette|Floettite\n|-ability|p1b: Floette|Fairy Aura\n|detailschange|p2a: Blastoise|Blastoise-Mega, L50, M\n|-mega|p2a: Blastoise|Blastoise|Blastoisinite\n|move|p2a: Blastoise|Fake Out|p1b: Floette\n|-damage|p1b: Floette|91/100\n|move|p1a: Aerodactyl|Rock Slide|p2a: Blastoise|[spread] p2a,p2b\n|-damage|p2a: Blastoise|79/100\n|-damage|p2b: Farigiraf|80/100\n|cant|p1b: Floette|flinch\n|move|p2b: Farigiraf|Trick Room|p2b: Farigiraf\n|-fieldstart|move: Trick Room|[of] p2b: Farigiraf\n|\n|upkeep\n|turn|2\n|inactive|shangenb1 has 30 seconds left.\n|\n|t:|1776659858\n|move|p1b: Floette|Protect|p1b: Floette\n|-singleturn|p1b: Floette|Protect\n|move|p1a: Aerodactyl|Protect|p1a: Aerodactyl\n|-singleturn|p1a: Aerodactyl|Protect\n|move|p2b: Farigiraf|Rain Dance|p2b: Farigiraf\n|-weather|RainDance\n|move|p2a: Blastoise|Water Spout|p1a: Aerodactyl|[spread] \n|-activate|p1a: Aerodactyl|move: Protect\n|-activate|p1b: Floette|move: Protect\n|\n|-weather|RainDance|[upkeep]\n|upkeep\n|turn|3\n|\n|t:|1776659873\n|switch|p1b: Garchomp|Garchomp, L50, F|100/100\n|switch|p1a: Basculegion|Basculegion-F, L50, F|100/100\n|move|p2b: Farigiraf|Helping Hand|p2a: Blastoise\n|-singleturn|p2a: Blastoise|Helping Hand|[of] p2b: Farigiraf\n|move|p2a: Blastoise|Water Spout|p1b: Garchomp|[spread] p1a,p1b\n|-resisted|p1a: Basculegion|1\n|-damage|p1a: Basculegion|38/100\n|-damage|p1b: Garchomp|0 fnt\n|faint|p1b: Garchomp\n|\n|-weather|RainDance|[upkeep]\n|upkeep\n|\n|t:|1776659889\n|switch|p1b: Aerodactyl|Aerodactyl, L50, M|100/100\n|-ability|p1b: Aerodactyl|Unnerve\n|turn|4\n|\n|t:|1776659897\n|move|p2b: Farigiraf|Helping Hand|p2a: Blastoise\n|-singleturn|p2a: Blastoise|Helping Hand|[of] p2b: Farigiraf\n|move|p1b: Aerodactyl|Protect|p1b: Aerodactyl\n|-singleturn|p1b: Aerodactyl|Protect\n|move|p2a: Blastoise|Water Spout|p1a: Basculegion|[spread] p1a\n|-activate|p1b: Aerodactyl|move: Protect\n|-resisted|p1a: Basculegion|1\n|-damage|p1a: Basculegion|0 fnt\n|faint|p1a: Basculegion\n|\n|-weather|RainDance|[upkeep]\n|upkeep\n|\n|t:|1776659910\n|switch|p1a: Floette|Floette-Mega, L50, F|91/100\n|-ability|p1a: Floette|Fairy Aura\n|turn|5\n|inactive|garygamer32 has 30 seconds left.\n|\n|t:|1776659941\n|switch|p2b: Sinistcha|Sinistcha, L50|100/100\n|-heal|p2a: Blastoise|100/100|[from] ability: Hospitality|[of] p2b: Sinistcha\n|move|p2a: Blastoise|Water Pulse|p1b: Aerodactyl\n|-supereffective|p1b: Aerodactyl|1\n|-enditem|p1b: Aerodactyl|Focus Sash\n|-damage|p1b: Aerodactyl|1/100\n|move|p1a: Floette|Dazzling Gleam|p2a: Blastoise|[spread] p2a,p2b\n|-damage|p2a: Blastoise|57/100\n|-damage|p2b: Sinistcha|54/100\n|move|p1b: Aerodactyl|Rock Slide|p2b: Sinistcha|[spread] p2a,p2b\n|-damage|p2a: Blastoise|34/100\n|-damage|p2b: Sinistcha|31/100\n|\n|-weather|RainDance|[upkeep]\n|-fieldend|move: Trick Room\n|upkeep\n|turn|6\n|inactive|garygamer32 has 30 seconds left.\n|inactive|garygamer32 has 20 seconds left.\n|inactive|garygamer32 has 15 seconds left.\n|\n|t:|1776659982\n|switch|p2a: Tyranitar|Tyranitar, L50, M|100/100\n|-weather|Sandstorm|[from] ability: Sand Stream|[of] p2a: Tyranitar\n|switch|p2b: Farigiraf|Farigiraf, L50, M|80/100\n|move|p1b: Aerodactyl|Tailwind|p1b: Aerodactyl\n|-sidestart|p1: shangenb1|move: Tailwind\n|move|p1a: Floette|Dazzling Gleam|p2a: Tyranitar|[spread] p2a,p2b\n|-supereffective|p2a: Tyranitar|1\n|-damage|p2a: Tyranitar|48/100\n|-damage|p2b: Farigiraf|31/100\n|\n|-weather|Sandstorm|[upkeep]\n|-damage|p1a: Floette|85/100|[from] Sandstorm\n|-damage|p2b: Farigiraf|25/100|[from] Sandstorm\n|upkeep\n|turn|7\n|inactive|garygamer32 has 30 seconds left.\n|inactive|garygamer32 has 20 seconds left.\n|inactive|garygamer32 has 15 seconds left.\n|\n|t:|1776660023\n|switch|p2b: Sinistcha|Sinistcha, L50|31/100\n|-heal|p2a: Tyranitar|73/100|[from] ability: Hospitality|[of] p2b: Sinistcha\n|move|p1b: Aerodactyl|Rock Slide|p2b: Sinistcha|[spread] p2a\n|-miss|p1b: Aerodactyl|p2b: Sinistcha\n|-damage|p2a: Tyranitar|54/100\n|move|p1a: Floette|Dazzling Gleam|p2a: Tyranitar|[spread] p2a,p2b\n|-supereffective|p2a: Tyranitar|1\n|-crit|p2b: Sinistcha\n|-damage|p2a: Tyranitar|0 fnt\n|-damage|p2b: Sinistcha|0 fnt\n|faint|p2a: Tyranitar\n|faint|p2b: Sinistcha\n|\n|-weather|Sandstorm|[upkeep]\n|-damage|p1a: Floette|79/100|[from] Sandstorm\n|upkeep\n|\n|t:|1776660044\n|switch|p2b: Farigiraf|Farigiraf, L50, M|25/100\n|switch|p2a: Blastoise|Blastoise-Mega, L50, M|34/100\n|turn|8\n|\n|t:|1776660057\n|move|p2a: Blastoise|Fake Out|p1a: Floette\n|-damage|p1a: Floette|69/100\n|move|p1b: Aerodactyl|Dual Wingbeat|p2b: Farigiraf\n|-damage|p2b: Farigiraf|13/100\n|-damage|p2b: Farigiraf|0 fnt\n|faint|p2b: Farigiraf\n|-hitcount|p2: Farigiraf|2\n|cant|p1a: Floette|flinch\n|\n|-weather|Sandstorm|[upkeep]\n|-damage|p1a: Floette|63/100|[from] Sandstorm\n|-damage|p2a: Blastoise|28/100|[from] Sandstorm\n|upkeep\n|turn|9\n|-message|garygamer32 forfeited.\n|\n|win|shangenb1\n|raw|shangenb1's rating: 1137 &rarr; <strong>1155</strong><br />(+18 for winning)\n|raw|garygamer32's rating: 1043 &rarr; <strong>1031</strong><br />(-12 for losing)\n|l|\u2606garygamer32\n|player|p2|\n",
  "uploadtime": 1776660073,
  "views": 5,
  "formatid": "gen9championsvgc2026regma",
  "rating": 1031,
  "private": 0,
  "password": null
}