{
  "id": "gen9championsvgc2026regma-2582596092",
  "format": "[Gen 9 Champions] VGC 2026 Reg M-A",
  "players": [
    "mumf",
    "bighamsterbaseball"
  ],
  "log": "|j|\u2606mumf\n|j|\u2606bighamsterbaseball\n|t:|1776101612\n|gametype|doubles\n|player|p1|mumf|170|1103\n|player|p2|bighamsterbaseball|pokemaniac|1060\n|gen|9\n|tier|[Gen 9 Champions] VGC 2026 Reg M-A\n|rated|\n|rule|Species Clause: Limit one of each Pok\u00e9mon\n|rule|Item Clause: Limit 1 of each item\n|clearpoke\n|poke|p1|Talonflame, L50, M|\n|poke|p1|Meganium, L50, F|\n|poke|p1|Basculegion, L50, M|\n|poke|p1|Politoed, L50, F|\n|poke|p1|Garchomp, L50, F|\n|poke|p1|Kingambit, L50, M|\n|poke|p2|Glimmora, L50, M|\n|poke|p2|Tinkaton, L50, F|\n|poke|p2|Hydreigon, L50, M|\n|poke|p2|Pelipper, L50, M|\n|poke|p2|Basculegion, L50, M|\n|poke|p2|Tauros-Paldea-Aqua, L50, M|\n|teampreview|4\n|inactive|Battle timer is ON: inactive players will automatically lose when time's up. (requested by mumf)\n|\n|t:|1776101671\n|teamsize|p1|4\n|teamsize|p2|4\n|start\n|switch|p1a: Talonflame|Talonflame, L50, M|100/100\n|switch|p1b: Garchomp|Garchomp, L50, F|100/100\n|switch|p2a: Hydreigon|Hydreigon, L50, M|100/100\n|switch|p2b: Tinkaton|Tinkaton, L50, F|100/100\n|-ability|p2b: Tinkaton|Mold Breaker\n|turn|1\n|inactive|mumf has 30 seconds left.\n|inactive|mumf has 20 seconds left.\n|inactive|mumf has 15 seconds left.\n|\n|t:|1776101715\n|move|p2b: Tinkaton|Fake Out|p1b: Garchomp\n|-damage|p1b: Garchomp|92/100\n|-damage|p2b: Tinkaton|88/100|[from] ability: Rough Skin|[of] p1b: Garchomp\n|move|p1a: Talonflame|Tailwind|p1a: Talonflame\n|-sidestart|p1: mumf|move: Tailwind\n|cant|p1b: Garchomp|flinch\n|move|p2a: Hydreigon|Draco Meteor|p1b: Garchomp\n|-supereffective|p1b: Garchomp|1\n|-damage|p1b: Garchomp|0 fnt\n|-unboost|p2a: Hydreigon|spa|2\n|faint|p1b: Garchomp\n|\n|upkeep\n|\n|t:|1776101725\n|switch|p1b: Politoed|Politoed, L50, F|100/100\n|-weather|RainDance|[from] ability: Drizzle|[of] p1b: Politoed\n|turn|2\n|inactive|mumf has 30 seconds left.\n|\n|t:|1776101754\n|switch|p2b: Basculegion|Basculegion, L50, M|100/100\n|move|p1a: Talonflame|Hurricane|p2b: Basculegion\n|-damage|p2b: Basculegion|62/100\n|move|p1b: Politoed|Weather Ball|p2b: Basculegion\n|-resisted|p2b: Basculegion|1\n|-damage|p2b: Basculegion|37/100\n|move|p2a: Hydreigon|Tailwind|p2a: Hydreigon\n|-sidestart|p2: bighamsterbaseball|move: Tailwind\n|\n|-weather|RainDance|[upkeep]\n|upkeep\n|turn|3\n|inactive|bighamsterbaseball has 30 seconds left.\n|\n|t:|1776101787\n|move|p1b: Politoed|Helping Hand|p1a: Talonflame\n|-singleturn|p1a: Talonflame|Helping Hand|[of] p1b: Politoed\n|move|p2b: Basculegion|Aqua Jet|p1a: Talonflame\n|-supereffective|p1a: Talonflame|1\n|-damage|p1a: Talonflame|12/100\n|move|p1a: Talonflame|Hurricane|p2b: Basculegion\n|-damage|p2b: Basculegion|0 fnt\n|faint|p2b: Basculegion\n|move|p2a: Hydreigon|Snarl|p1a: Talonflame|[spread] p1a,p1b\n|-damage|p1a: Talonflame|0 fnt\n|-damage|p1b: Politoed|92/100\n|-unboost|p1b: Politoed|spa|1\n|faint|p1a: Talonflame\n|\n|-weather|RainDance|[upkeep]\n|upkeep\n|\n|t:|1776101802\n|switch|p1a: Meganium|Meganium, L50, F|100/100\n|switch|p2b: Glimmora|Glimmora, L50, M|100/100\n|turn|4\n|\n|t:|1776101823\n|detailschange|p2b: Glimmora|Glimmora-Mega, L50, M\n|-mega|p2b: Glimmora|Glimmora|Glimmoranite\n|detailschange|p1a: Meganium|Meganium-Mega, L50, F\n|-mega|p1a: Meganium|Meganium|Meganiumite\n|move|p2b: Glimmora|Spiky Shield|p2b: Glimmora\n|-singleturn|p2b: Glimmora|move: Protect\n|move|p1b: Politoed|Protect|p1b: Politoed\n|-singleturn|p1b: Politoed|Protect\n|move|p1a: Meganium|Solar Beam||[still]\n|-prepare|p1a: Meganium|Solar Beam\n|-activate|p1a: Meganium|ability: Mega Sol\n|-anim|p1a: Meganium|Solar Beam|p2b: Glimmora\n|-activate|p2b: Glimmora|move: Protect\n|move|p2a: Hydreigon|Snarl|p1b: Politoed|[spread] p1a\n|-activate|p1b: Politoed|move: Protect\n|-resisted|p1a: Meganium|1\n|-damage|p1a: Meganium|96/100\n|-unboost|p1a: Meganium|spa|1\n|\n|-weather|RainDance|[upkeep]\n|-sideend|p1: mumf|move: Tailwind\n|upkeep\n|turn|5\n|\n|t:|1776101849\n|move|p1b: Politoed|Helping Hand|p1a: Meganium\n|-singleturn|p1a: Meganium|Helping Hand|[of] p1b: Politoed\n|move|p2b: Glimmora|Sludge Wave|p1b: Politoed|[spread] p2a,p1a,p1b\n|-crit|p2a: Hydreigon\n|-supereffective|p1a: Meganium|2\n|-damage|p2a: Hydreigon|26/100\n|-damage|p1a: Meganium|0 fnt\n|-damage|p1b: Politoed|51/100\n|faint|p1a: Meganium\n|move|p2a: Hydreigon|Snarl|p1b: Politoed\n|-crit|p1b: Politoed\n|-damage|p1b: Politoed|20/100\n|-unboost|p1b: Politoed|spa|1\n|-enditem|p1b: Politoed|Sitrus Berry|[eat]\n|-heal|p1b: Politoed|45/100|[from] item: Sitrus Berry\n|\n|-weather|RainDance|[upkeep]\n|-sideend|p2: bighamsterbaseball|move: Tailwind\n|upkeep\n|turn|6\n|c|\u2606mumf|gg\n|\n|t:|1776101862\n|move|p2b: Glimmora|Power Gem|p1b: Politoed\n|-damage|p1b: Politoed|0 fnt\n|faint|p1b: Politoed\n|\n|win|bighamsterbaseball\n|raw|mumf's rating: 1103 &rarr; <strong>1075</strong><br />(-28 for losing)\n|raw|bighamsterbaseball's rating: 1060 &rarr; <strong>1095</strong><br />(+35 for winning)\n|l|\u2606mumf\n|player|p1|\n",
  "uploadtime": 1776101866,
  "views": 20,
  "formatid": "gen9championsvgc2026regma",
  "rating": 1075,
  "private": 0,
  "password": null
}