{
  "id": "gen9championsvgc2026regma-2581101876",
  "format": "[Gen 9 Champions] VGC 2026 Reg M-A",
  "players": [
    "yuriimon",
    "DeltaCX"
  ],
  "log": "|j|\u2606yuriimon\n|j|\u2606DeltaCX\n|t:|1775960016\n|gametype|doubles\n|player|p1|yuriimon|waitress-gen4|1092\n|player|p2|DeltaCX|266|1000\n|gen|9\n|tier|[Gen 9 Champions] VGC 2026 Reg M-A\n|rated|\n|rule|Species Clause: Limit one of each Pok\u00e9mon\n|rule|Item Clause: Limit 1 of each item\n|clearpoke\n|poke|p1|Feraligatr, L50, M|\n|poke|p1|Gallade, L50, M|\n|poke|p1|Pelipper, L50, M|\n|poke|p1|Raichu, L50, F|\n|poke|p1|Arcanine-Hisui, L50, F|\n|poke|p1|Clefable, L50, F|\n|poke|p2|Meganium, L50, F|\n|poke|p2|Dragonite, L50, M|\n|poke|p2|Archaludon, L50, M|\n|poke|p2|Pelipper, L50, F|\n|poke|p2|Basculegion, L50, M|\n|poke|p2|Sneasler, L50, F|\n|teampreview|4\n|inactive|Battle timer is ON: inactive players will automatically lose when time's up. (requested by yuriimon)\n|\n|t:|1775960027\n|teamsize|p1|4\n|teamsize|p2|4\n|start\n|switch|p1a: Raichu|Raichu, L50, F|100/100\n|switch|p1b: Gallade|Gallade, L50, M|100/100\n|switch|p2a: Dragonite|Dragonite, L50, M|100/100\n|switch|p2b: Archaludon|Archaludon, L50, M|100/100\n|turn|1\n|\n|t:|1775960047\n|detailschange|p2a: Dragonite|Dragonite-Mega, L50, M\n|-mega|p2a: Dragonite|Dragonite|Dragoninite\n|move|p2b: Archaludon|Protect|p2b: Archaludon\n|-singleturn|p2b: Archaludon|Protect\n|move|p1a: Raichu|Fake Out|p2a: Dragonite\n|-damage|p2a: Dragonite|97/100\n|cant|p2a: Dragonite|flinch\n|move|p1b: Gallade|Trick Room|p1b: Gallade\n|-fieldstart|move: Trick Room|[of] p1b: Gallade\n|\n|upkeep\n|turn|2\n|\n|t:|1775960066\n|move|p1b: Gallade|Sacred Sword|p2b: Archaludon\n|-supereffective|p2b: Archaludon|1\n|-ability|p2b: Archaludon|Sturdy\n|-damage|p2b: Archaludon|1/100\n|move|p2b: Archaludon|Dragon Pulse|p1b: Gallade\n|-damage|p1b: Gallade|66/100\n|move|p2a: Dragonite|Hurricane|p1b: Gallade\n|-supereffective|p1b: Gallade|1\n|-damage|p1b: Gallade|0 fnt\n|faint|p1b: Gallade\n|move|p1a: Raichu|Volt Switch|p2a: Dragonite\n|-damage|p2a: Dragonite|76/100\n|\n|t:|1775960076\n|switch|p1a: Clefable|Clefable, L50, F|100/100|[from] Volt Switch\n|\n|-heal|p2b: Archaludon|7/100|[from] item: Leftovers\n|upkeep\n|\n|t:|1775960080\n|switch|p1b: Feraligatr|Feraligatr, L50, M|100/100\n|turn|3\n|\n|t:|1775960086\n|detailschange|p1b: Feraligatr|Feraligatr-Mega, L50, M\n|-mega|p1b: Feraligatr|Feraligatr|Feraligite\n|move|p2b: Archaludon|Protect|p2b: Archaludon\n|-singleturn|p2b: Archaludon|Protect\n|move|p2a: Dragonite|Protect|p2a: Dragonite\n|-singleturn|p2a: Dragonite|Protect\n|move|p1a: Clefable|Follow Me|p1a: Clefable\n|-singleturn|p1a: Clefable|move: Follow Me\n|move|p1b: Feraligatr|Body Slam|p2a: Dragonite\n|-activate|p2a: Dragonite|move: Protect\n|\n|-heal|p2b: Archaludon|13/100|[from] item: Leftovers\n|upkeep\n|turn|4\n|\n|t:|1775960105\n|switch|p2b: Basculegion|Basculegion, L50, M|100/100\n|switch|p2a: Pelipper|Pelipper, L50, F|100/100\n|-weather|RainDance|[from] ability: Drizzle|[of] p2a: Pelipper\n|move|p1a: Clefable|Moonblast|p2b: Basculegion\n|-damage|p2b: Basculegion|65/100\n|-unboost|p2b: Basculegion|spa|1\n|move|p1b: Feraligatr|Body Slam|p2a: Pelipper\n|-damage|p2a: Pelipper|48/100\n|-status|p2a: Pelipper|par\n|\n|-weather|RainDance|[upkeep]\n|upkeep\n|turn|5\n|\n|t:|1775960130\n|move|p2a: Pelipper|Protect|p2a: Pelipper\n|-singleturn|p2a: Pelipper|Protect\n|move|p1a: Clefable|Moonblast|p2a: Pelipper\n|-activate|p2a: Pelipper|move: Protect\n|move|p1b: Feraligatr|Body Slam|p2b: Basculegion\n|-damage|p2b: Basculegion|0 fnt\n|faint|p2b: Basculegion\n|\n|-weather|RainDance|[upkeep]\n|-fieldend|move: Trick Room\n|upkeep\n|\n|t:|1775960139\n|switch|p2b: Archaludon|Archaludon, L50, M|13/100\n|turn|6\n|\n|t:|1775960156\n|move|p1a: Clefable|Follow Me|p1a: Clefable\n|-singleturn|p1a: Clefable|move: Follow Me\n|move|p2b: Archaludon|Electro Shot||[still]\n|-prepare|p2b: Archaludon|Electro Shot\n|-boost|p2b: Archaludon|spa|1\n|-anim|p2b: Archaludon|Electro Shot|p1a: Clefable\n|-damage|p1a: Clefable|66/100\n|move|p1b: Feraligatr|Body Slam|p2a: Pelipper\n|-damage|p2a: Pelipper|0 fnt\n|faint|p2a: Pelipper\n|\n|-weather|RainDance|[upkeep]\n|-heal|p2b: Archaludon|18/100|[from] item: Leftovers\n|upkeep\n|\n|t:|1775960167\n|switch|p2a: Dragonite|Dragonite-Mega, L50, M|76/100\n|turn|7\n|\n|t:|1775960177\n|move|p1b: Feraligatr|Protect|p1b: Feraligatr\n|-singleturn|p1b: Feraligatr|Protect\n|move|p1a: Clefable|Protect|p1a: Clefable\n|-singleturn|p1a: Clefable|Protect\n|move|p2a: Dragonite|Draco Meteor|p1b: Feraligatr\n|-activate|p1b: Feraligatr|move: Protect\n|move|p2b: Archaludon|Flash Cannon|p1a: Clefable\n|-activate|p1a: Clefable|move: Protect\n|\n|-weather|RainDance|[upkeep]\n|-heal|p2b: Archaludon|24/100|[from] item: Leftovers\n|upkeep\n|turn|8\n|\n|t:|1775960192\n|move|p1a: Clefable|Follow Me|p1a: Clefable\n|-singleturn|p1a: Clefable|move: Follow Me\n|move|p2a: Dragonite|Draco Meteor|p1a: Clefable\n|-immune|p1a: Clefable\n|move|p2b: Archaludon|Electro Shot||[still]\n|-prepare|p2b: Archaludon|Electro Shot\n|-boost|p2b: Archaludon|spa|1\n|-anim|p2b: Archaludon|Electro Shot|p1a: Clefable\n|-damage|p1a: Clefable|31/100\n|-enditem|p1a: Clefable|Sitrus Berry|[eat]\n|-heal|p1a: Clefable|56/100|[from] item: Sitrus Berry\n|move|p1b: Feraligatr|Body Slam|p2a: Dragonite\n|-supereffective|p2a: Dragonite|1\n|-damage|p2a: Dragonite|0 fnt\n|faint|p2a: Dragonite\n|\n|-weather|none\n|-heal|p2b: Archaludon|30/100|[from] item: Leftovers\n|upkeep\n|turn|9\n|-message|DeltaCX forfeited.\n|\n|win|yuriimon\n|raw|yuriimon's rating: 1092 &rarr; <strong>1111</strong><br />(+19 for winning)\n|raw|DeltaCX's rating: 1000 &rarr; <strong>1000</strong><br />(+0 for losing)\n|l|\u2606DeltaCX\n|player|p2|\n",
  "uploadtime": 1775960210,
  "views": 11,
  "formatid": "gen9championsvgc2026regma",
  "rating": 1000,
  "private": 0,
  "password": null
}