{
  "id": "gen9championsvgc2026regma-2583334182",
  "format": "[Gen 9 Champions] VGC 2026 Reg M-A",
  "players": [
    "xialuoke",
    "ericlove17"
  ],
  "log": "|j|\u2606xialuoke\n|j|\u2606ericlove17\n|t:|1776167846\n|gametype|doubles\n|player|p1|xialuoke|265|1147\n|player|p2|ericlove17|acetrainercouple|1080\n|gen|9\n|tier|[Gen 9 Champions] VGC 2026 Reg M-A\n|rated|\n|rule|Species Clause: Limit one of each Pok\u00e9mon\n|rule|Item Clause: Limit 1 of each item\n|clearpoke\n|poke|p1|Dragonite, L50, M|\n|poke|p1|Sneasler, L50, F|\n|poke|p1|Pelipper, L50, M|\n|poke|p1|Palafin, L50, F|\n|poke|p1|Sinistcha-Masterpiece, L50|\n|poke|p1|Archaludon, L50, M|\n|poke|p2|Floette-Eternal, L50, F|\n|poke|p2|Maushold-Four, L50|\n|poke|p2|Incineroar, L50, M|\n|poke|p2|Talonflame, L50, F|\n|poke|p2|Garchomp, L50, M|\n|poke|p2|Sinistcha, L50|\n|teampreview|4\n|inactive|Battle timer is ON: inactive players will automatically lose when time's up. (requested by ericlove17)\n|inactive|ericlove17 has 60 seconds left.\n|\n|t:|1776167879\n|teamsize|p1|4\n|teamsize|p2|4\n|start\n|switch|p1a: Palafin|Palafin, L50, F|100/100\n|switch|p1b: Archaludon|Archaludon, L50, M|100/100\n|switch|p2a: Incineroar|Incineroar, L50, M|100/100\n|switch|p2b: Garchomp|Garchomp, L50, M|100/100\n|-ability|p2a: Incineroar|Intimidate|boost\n|-unboost|p1a: Palafin|atk|1\n|-unboost|p1b: Archaludon|atk|1\n|turn|1\n|inactive|xialuoke has 30 seconds left.\n|\n|t:|1776167907\n|detailschange|p1a: Palafin|Palafin-Hero, L50, F\n|switch|p1a: Pelipper|Pelipper, L50, M|100/100\n|-weather|RainDance|[from] ability: Drizzle|[of] p1a: Pelipper\n|move|p2a: Incineroar|Fake Out|p1b: Archaludon\n|-resisted|p1b: Archaludon|1\n|-damage|p1b: Archaludon|97/100\n|-ability|p1b: Archaludon|Stamina|boost\n|-boost|p1b: Archaludon|def|1\n|move|p2b: Garchomp|Stomping Tantrum|p1b: Archaludon\n|-supereffective|p1b: Archaludon|1\n|-damage|p1b: Archaludon|50/100\n|-ability|p1b: Archaludon|Stamina|boost\n|-boost|p1b: Archaludon|def|1\n|cant|p1b: Archaludon|flinch\n|\n|-weather|RainDance|[upkeep]\n|-heal|p1b: Archaludon|56/100|[from] item: Leftovers\n|upkeep\n|turn|2\n|inactive|xialuoke has 30 seconds left.\n|\n|t:|1776167933\n|switch|p1b: Dragonite|Dragonite, L50, M|100/100\n|move|p2b: Garchomp|Stomping Tantrum|p1b: Dragonite\n|-immune|p1b: Dragonite\n|move|p1a: Pelipper|Tailwind|p1a: Pelipper\n|-sidestart|p1: xialuoke|move: Tailwind\n|move|p2a: Incineroar|Darkest Lariat|p1b: Dragonite\n|-damage|p1b: Dragonite|83/100\n|\n|-weather|RainDance|[upkeep]\n|upkeep\n|turn|3\n|\n|t:|1776167954\n|switch|p2b: Floette|Floette-Eternal, L50, F|100/100\n|detailschange|p1b: Dragonite|Dragonite-Mega, L50, M\n|-mega|p1b: Dragonite|Dragonite|Dragoninite\n|move|p1b: Dragonite|Draco Meteor|p2b: Floette\n|-immune|p2b: Floette\n|move|p1a: Pelipper|Hydro Pump|p2a: Incineroar\n|-supereffective|p2a: Incineroar|1\n|-damage|p2a: Incineroar|16/100\n|-enditem|p2a: Incineroar|Sitrus Berry|[eat]\n|-heal|p2a: Incineroar|41/100|[from] item: Sitrus Berry\n|move|p2a: Incineroar|Parting Shot|p1b: Dragonite\n|-unboost|p1b: Dragonite|atk|1\n|-unboost|p1b: Dragonite|spa|1\n|\n|t:|1776167960\n|switch|p2a: Sinistcha|Sinistcha, L50|100/100|[from] Parting Shot\n|\n|-weather|RainDance|[upkeep]\n|upkeep\n|turn|4\n|\n|t:|1776167974\n|switch|p1b: Archaludon|Archaludon, L50, M|56/100\n|detailschange|p2b: Floette|Floette-Mega, L50, F\n|-mega|p2b: Floette|Floette|Floettite\n|-ability|p2b: Floette|Fairy Aura\n|move|p1a: Pelipper|Hurricane|p2a: Sinistcha\n|-supereffective|p2a: Sinistcha|1\n|-damage|p2a: Sinistcha|18/100\n|-start|p2a: Sinistcha|confusion\n|move|p2b: Floette|Dazzling Gleam|p1a: Pelipper|[spread] p1a,p1b\n|-damage|p1a: Pelipper|35/100\n|-damage|p1b: Archaludon|0 fnt\n|faint|p1b: Archaludon\n|-activate|p2a: Sinistcha|confusion\n|-damage|p2a: Sinistcha|12/100|[from] confusion\n|\n|-weather|RainDance|[upkeep]\n|upkeep\n|\n|t:|1776167993\n|switch|p1b: Palafin|Palafin-Hero, L50, F|100/100\n|-activate|p1b: Palafin|ability: Zero to Hero\n|turn|5\n|\n|t:|1776168011\n|switch|p2a: Garchomp|Garchomp, L50, M|100/100\n|move|p2b: Floette|Protect|p2b: Floette\n|-singleturn|p2b: Floette|Protect\n|move|p1b: Palafin|Wave Crash|p2b: Floette\n|-activate|p2b: Floette|move: Protect\n|move|p1a: Pelipper|Hydro Pump|p2b: Floette\n|-activate|p2b: Floette|move: Protect\n|\n|-weather|none\n|-sideend|p1: xialuoke|move: Tailwind\n|upkeep\n|turn|6\n|\n|t:|1776168031\n|switch|p1a: Dragonite|Dragonite-Mega, L50, M|83/100\n|move|p2a: Garchomp|Dragon Claw|p1a: Dragonite\n|-supereffective|p1a: Dragonite|1\n|-damage|p1a: Dragonite|0 fnt\n|faint|p1a: Dragonite\n|move|p2b: Floette|Dazzling Gleam|p1b: Palafin\n|-damage|p1b: Palafin|26/100\n|move|p1b: Palafin|Wave Crash|p2a: Garchomp\n|-damage|p2a: Garchomp|6/100\n|-damage|p1b: Palafin|14/100|[from] ability: Rough Skin|[of] p2a: Garchomp\n|-damage|p1b: Palafin|0 fnt|[from] Recoil\n|faint|p1b: Palafin\n|\n|upkeep\n|-message|xialuoke forfeited.\n|\n|win|ericlove17\n|raw|xialuoke's rating: 1147 &rarr; <strong>1117</strong><br />(-30 for losing)\n|raw|ericlove17's rating: 1080 &rarr; <strong>1113</strong><br />(+33 for winning)\n|l|\u2606xialuoke\n|player|p1|\n",
  "uploadtime": 1776168056,
  "views": 27,
  "formatid": "gen9championsvgc2026regma",
  "rating": 1113,
  "private": 0,
  "password": null
}