{
  "id": "gen9championsvgc2026regma-2583142765",
  "format": "[Gen 9 Champions] VGC 2026 Reg M-A",
  "players": [
    "xkalon",
    "Snail Fan"
  ],
  "log": "|j|\u2606xkalon\n|j|\u2606Snail Fan\n|t:|1776147214\n|gametype|doubles\n|player|p1|xkalon|1|1062\n|player|p2|Snail Fan|colress|1109\n|gen|9\n|tier|[Gen 9 Champions] VGC 2026 Reg M-A\n|rated|\n|rule|Species Clause: Limit one of each Pok\u00e9mon\n|rule|Item Clause: Limit 1 of each item\n|clearpoke\n|poke|p1|Espeon, L50, F|\n|poke|p1|Glaceon, L50, M|\n|poke|p1|Sylveon, L50, M|\n|poke|p1|Jolteon, L50, F|\n|poke|p1|Leafeon, L50, F|\n|poke|p1|Vaporeon, L50, M|\n|poke|p2|Tyranitar, L50, M|\n|poke|p2|Sandaconda, L50, M|\n|poke|p2|Aerodactyl, L50, M|\n|poke|p2|Sneasler, L50, M|\n|poke|p2|Sinistcha, L50|\n|poke|p2|Bellibolt, L50, M|\n|teampreview|4\n|\n|t:|1776147222\n|teamsize|p1|4\n|teamsize|p2|4\n|start\n|switch|p1a: Espeon|Espeon, L50, F|100/100\n|switch|p1b: Jolteon|Jolteon, L50, F|100/100\n|switch|p2a: Tyranitar|Tyranitar, L50, M, shiny|100/100\n|switch|p2b: Sandaconda|Sandaconda, L50, M, shiny|100/100\n|-weather|Sandstorm|[from] ability: Sand Stream|[of] p2a: Tyranitar\n|turn|1\n|\n|t:|1776147247\n|move|p1b: Jolteon|Yawn|p2a: Tyranitar\n|-start|p2a: Tyranitar|move: Yawn|[of] p1b: Jolteon\n|move|p1a: Espeon|Reflect|p1a: Espeon\n|-sidestart|p1: xkalon|Reflect\n|move|p2b: Sandaconda|Minimize|p2b: Sandaconda\n|-boost|p2b: Sandaconda|evasion|2\n|move|p2a: Tyranitar|Rock Slide|p1a: Espeon|[spread] p1a,p1b\n|-damage|p1a: Espeon|75/100\n|-damage|p1b: Jolteon|72/100\n|\n|-weather|Sandstorm|[upkeep]\n|-damage|p1b: Jolteon|66/100|[from] Sandstorm\n|-damage|p1a: Espeon|69/100|[from] Sandstorm\n|upkeep\n|turn|2\n|\n|t:|1776147276\n|switch|p2a: Sinistcha|Sinistcha, L50, shiny|100/100\n|move|p1b: Jolteon|Yawn|p2b: Sandaconda\n|-start|p2b: Sandaconda|move: Yawn|[of] p1b: Jolteon\n|move|p1a: Espeon|Light Screen|p1a: Espeon\n|-sidestart|p1: xkalon|move: Light Screen\n|move|p2b: Sandaconda|Minimize|p2b: Sandaconda\n|-boost|p2b: Sandaconda|evasion|2\n|\n|-weather|Sandstorm|[upkeep]\n|-damage|p1b: Jolteon|60/100|[from] Sandstorm\n|-damage|p1a: Espeon|63/100|[from] Sandstorm\n|-damage|p2a: Sinistcha|94/100|[from] Sandstorm\n|upkeep\n|turn|3\n|\n|t:|1776147306\n|switch|p1a: Glaceon|Glaceon, L50, M|100/100\n|move|p1b: Jolteon|Volt Switch|p2a: Sinistcha\n|-resisted|p2a: Sinistcha|1\n|-damage|p2a: Sinistcha|74/100\n|\n|t:|1776147314\n|switch|p1b: Sylveon|Sylveon, L50, M|100/100|[from] Volt Switch\n|move|p2a: Sinistcha|Matcha Gotcha|p1b: Sylveon|[spread] p1a\n|-miss|p2a: Sinistcha|p1b: Sylveon\n|-damage|p1a: Glaceon|85/100\n|-heal|p2a: Sinistcha|82/100|[from] drain|[of] p1a: Glaceon\n|move|p2b: Sandaconda|Minimize|p2b: Sandaconda\n|-boost|p2b: Sandaconda|evasion|2\n|\n|-weather|Sandstorm|[upkeep]\n|-damage|p2a: Sinistcha|76/100|[from] Sandstorm\n|-damage|p1b: Sylveon|94/100|[from] Sandstorm\n|-damage|p1a: Glaceon|79/100|[from] Sandstorm\n|-end|p2b: Sandaconda|move: Yawn|[silent]\n|-status|p2b: Sandaconda|slp\n|upkeep\n|turn|4\n|\n|t:|1776147336\n|switch|p2a: Tyranitar|Tyranitar, L50, M, shiny|100/100\n|move|p1b: Sylveon|Hyper Voice|p2b: Sandaconda|[spread] \n|-miss|p1b: Sylveon|p2a: Tyranitar\n|-miss|p1b: Sylveon|p2b: Sandaconda\n|cant|p2b: Sandaconda|slp\n|move|p1a: Glaceon|Snowscape|p1a: Glaceon\n|-weather|Snowscape\n|\n|-weather|Snowscape|[upkeep]\n|upkeep\n|turn|5\n|\n|t:|1776147361\n|switch|p2a: Aerodactyl|Aerodactyl, L50, M|100/100\n|-ability|p2a: Aerodactyl|Unnerve\n|cant|p2b: Sandaconda|slp\n|move|p1b: Sylveon|Hyper Voice|p2a: Aerodactyl|[spread] p2a\n|-miss|p1b: Sylveon|p2b: Sandaconda\n|-damage|p2a: Aerodactyl|56/100\n|move|p1a: Glaceon|Blizzard|p2b: Sandaconda|[spread] p2a,p2b\n|-supereffective|p2a: Aerodactyl|1\n|-supereffective|p2b: Sandaconda|1\n|-damage|p2a: Aerodactyl|0 fnt\n|-damage|p2b: Sandaconda|32/100 slp\n|faint|p2a: Aerodactyl\n|\n|-weather|Snowscape|[upkeep]\n|-heal|p2b: Sandaconda|38/100 slp|[from] item: Leftovers\n|-sideend|p1: xkalon|Reflect\n|upkeep\n|\n|t:|1776147374\n|switch|p2a: Tyranitar|Tyranitar, L50, M, shiny|100/100\n|-weather|Sandstorm|[from] ability: Sand Stream|[of] p2a: Tyranitar\n|turn|6\n|\n|t:|1776147383\n|switch|p2a: Sinistcha|Sinistcha, L50, shiny|76/100\n|-heal|p2b: Sandaconda|63/100 slp|[from] ability: Hospitality|[of] p2a: Sinistcha\n|-curestatus|p2b: Sandaconda|slp|[msg]\n|move|p2b: Sandaconda|Rock Slide|p1a: Glaceon|[spread] p1a,p1b\n|-supereffective|p1a: Glaceon|1\n|-damage|p1a: Glaceon|55/100\n|-damage|p1b: Sylveon|78/100\n|cant|p1b: Sylveon|flinch\n|move|p1a: Glaceon|Snowscape|p1a: Glaceon\n|-weather|Snowscape\n|\n|-weather|Snowscape|[upkeep]\n|-heal|p2b: Sandaconda|69/100|[from] item: Leftovers\n|-sideend|p1: xkalon|move: Light Screen\n|upkeep\n|turn|7\n|\n|t:|1776147415\n|switch|p2a: Tyranitar|Tyranitar, L50, M, shiny|100/100\n|-weather|Sandstorm|[from] ability: Sand Stream|[of] p2a: Tyranitar\n|switch|p1a: Espeon|Espeon, L50, F|63/100\n|move|p2b: Sandaconda|Glare|p1a: Espeon\n|move|p1a: Espeon|Glare|p2b: Sandaconda|[from] ability: Magic Bounce|[miss]\n|-miss|p1a: Espeon|p2b: Sandaconda\n|move|p1b: Sylveon|Hyper Voice|p2b: Sandaconda|[spread] p2a\n|-miss|p1b: Sylveon|p2b: Sandaconda\n|-supereffective|p2a: Tyranitar|1\n|-damage|p2a: Tyranitar|66/100\n|\n|-weather|Sandstorm|[upkeep]\n|-damage|p1a: Espeon|57/100|[from] Sandstorm\n|-damage|p1b: Sylveon|72/100|[from] Sandstorm\n|-heal|p2b: Sandaconda|75/100|[from] item: Leftovers\n|upkeep\n|turn|8\n|\n|t:|1776147444\n|move|p1a: Espeon|Reflect|p1a: Espeon\n|-sidestart|p1: xkalon|Reflect\n|move|p1b: Sylveon|Hyper Voice|p2b: Sandaconda|[spread] \n|-miss|p1b: Sylveon|p2a: Tyranitar\n|-miss|p1b: Sylveon|p2b: Sandaconda\n|move|p2b: Sandaconda|Coil|p2b: Sandaconda\n|-boost|p2b: Sandaconda|atk|1\n|-boost|p2b: Sandaconda|def|1\n|-boost|p2b: Sandaconda|accuracy|1\n|move|p2a: Tyranitar|Knock Off|p1a: Espeon\n|-supereffective|p1a: Espeon|1\n|-damage|p1a: Espeon|0 fnt\n|-enditem|p1a: Espeon|Mental Herb|[from] move: Knock Off|[of] p2a: Tyranitar\n|faint|p1a: Espeon\n|\n|-weather|Sandstorm|[upkeep]\n|-damage|p1b: Sylveon|66/100|[from] Sandstorm\n|-heal|p2b: Sandaconda|82/100|[from] item: Leftovers\n|upkeep\n|\n|t:|1776147461\n|switch|p1a: Jolteon|Jolteon, L50, F|60/100\n|turn|9\n|\n|t:|1776147488\n|move|p1a: Jolteon|Yawn|p2b: Sandaconda\n|-start|p2b: Sandaconda|move: Yawn|[of] p1a: Jolteon\n|move|p1b: Sylveon|Hyper Voice|p2b: Sandaconda|[spread] p2a\n|-miss|p1b: Sylveon|p2b: Sandaconda\n|-supereffective|p2a: Tyranitar|1\n|-damage|p2a: Tyranitar|33/100\n|move|p2b: Sandaconda|Coil|p2b: Sandaconda\n|-boost|p2b: Sandaconda|atk|1\n|-boost|p2b: Sandaconda|def|1\n|-boost|p2b: Sandaconda|accuracy|1\n|move|p2a: Tyranitar|Rock Slide|p1a: Jolteon|[spread] p1a\n|-miss|p2a: Tyranitar|p1b: Sylveon\n|-damage|p1a: Jolteon|29/100\n|\n|-weather|Sandstorm|[upkeep]\n|-damage|p1a: Jolteon|23/100|[from] Sandstorm\n|-damage|p1b: Sylveon|60/100|[from] Sandstorm\n|-heal|p2b: Sandaconda|88/100|[from] item: Leftovers\n|upkeep\n|turn|10\n|\n|t:|1776147511\n|move|p2a: Tyranitar|Protect|p2a: Tyranitar\n|-singleturn|p2a: Tyranitar|Protect\n|move|p1a: Jolteon|Thunderbolt|p2a: Tyranitar\n|-activate|p2a: Tyranitar|move: Protect\n|move|p2b: Sandaconda|Glare|p1b: Sylveon\n|-status|p1b: Sylveon|par\n|move|p1b: Sylveon|Hyper Voice|p2b: Sandaconda|[spread] p2b\n|-activate|p2a: Tyranitar|move: Protect\n|-damage|p2b: Sandaconda|50/100\n|\n|-weather|Sandstorm|[upkeep]\n|-damage|p1a: Jolteon|17/100|[from] Sandstorm\n|-damage|p1b: Sylveon|54/100 par|[from] Sandstorm\n|-heal|p2b: Sandaconda|56/100|[from] item: Leftovers\n|-end|p2b: Sandaconda|move: Yawn|[silent]\n|-status|p2b: Sandaconda|slp\n|upkeep\n|turn|11\n|\n|t:|1776147538\n|switch|p2a: Sinistcha|Sinistcha, L50, shiny|76/100\n|-heal|p2b: Sandaconda|81/100 slp|[from] ability: Hospitality|[of] p2a: Sinistcha\n|move|p1a: Jolteon|Volt Switch|p2a: Sinistcha\n|-resisted|p2a: Sinistcha|1\n|-crit|p2a: Sinistcha\n|-damage|p2a: Sinistcha|49/100\n|\n|t:|1776147545\n|switch|p1a: Glaceon|Glaceon, L50, M|55/100|[from] Volt Switch\n|cant|p2b: Sandaconda|slp\n|move|p1b: Sylveon|Hyper Voice|p2a: Sinistcha|[spread] p2a,p2b\n|-damage|p2a: Sinistcha|2/100\n|-damage|p2b: Sandaconda|45/100 slp\n|\n|-weather|none\n|-heal|p2b: Sandaconda|51/100 slp|[from] item: Leftovers\n|upkeep\n|turn|12\n|\n|t:|1776147569\n|move|p1b: Sylveon|Quick Attack|p2a: Sinistcha\n|-damage|p2a: Sinistcha|0 fnt\n|faint|p2a: Sinistcha\n|-curestatus|p2b: Sandaconda|slp|[msg]\n|move|p2b: Sandaconda|Rock Slide|p1a: Glaceon|[spread] p1a,p1b\n|-supereffective|p1a: Glaceon|1\n|-damage|p1a: Glaceon|20/100\n|-damage|p1b: Sylveon|30/100 par\n|move|p1a: Glaceon|Freeze-Dry|p2b: Sandaconda|[miss]\n|-miss|p1a: Glaceon|p2b: Sandaconda\n|\n|-heal|p2b: Sandaconda|57/100|[from] item: Leftovers\n|-sideend|p1: xkalon|Reflect\n|upkeep\n|\n|t:|1776147580\n|switch|p2a: Tyranitar|Tyranitar, L50, M, shiny|33/100\n|-weather|Sandstorm|[from] ability: Sand Stream|[of] p2a: Tyranitar\n|turn|13\n|\n|t:|1776147590\n|move|p1a: Glaceon|Protect|p1a: Glaceon\n|-singleturn|p1a: Glaceon|Protect\n|move|p2b: Sandaconda|Rock Slide|p1a: Glaceon|[spread] p1b\n|-activate|p1a: Glaceon|move: Protect\n|-damage|p1b: Sylveon|0 fnt\n|faint|p1b: Sylveon\n|move|p2a: Tyranitar|Rock Slide|p1a: Glaceon\n|-activate|p1a: Glaceon|move: Protect\n|\n|-weather|Sandstorm|[upkeep]\n|-damage|p1a: Glaceon|14/100|[from] Sandstorm\n|-heal|p2b: Sandaconda|64/100|[from] item: Leftovers\n|upkeep\n|\n|t:|1776147604\n|switch|p1b: Jolteon|Jolteon, L50, F|17/100\n|turn|14\n|\n|t:|1776147611\n|move|p1b: Jolteon|Yawn|p2b: Sandaconda\n|-start|p2b: Sandaconda|move: Yawn|[of] p1b: Jolteon\n|move|p2b: Sandaconda|Rock Slide|p1b: Jolteon|[spread] p1a,p1b\n|-supereffective|p1a: Glaceon|1\n|-damage|p1a: Glaceon|0 fnt\n|-damage|p1b: Jolteon|0 fnt\n|faint|p1a: Glaceon\n|faint|p1b: Jolteon\n|\n|win|Snail Fan\n|raw|xkalon's rating: 1062 &rarr; <strong>1045</strong><br />(-17 for losing)\n|raw|Snail Fan's rating: 1109 &rarr; <strong>1131</strong><br />(+22 for winning)\n",
  "uploadtime": 1776147616,
  "views": 23,
  "formatid": "gen9championsvgc2026regma",
  "rating": 1045,
  "private": 0,
  "password": null
}