{
  "id": "gen9championsvgc2026regma-2584146524",
  "format": "[Gen 9 Champions] VGC 2026 Reg M-A",
  "players": [
    "scottyylmao",
    "seiyaofabyss"
  ],
  "log": "|j|\u2606scottyylmao\n|j|\u2606seiyaofabyss\n|t:|1776230574\n|gametype|doubles\n|player|p1|scottyylmao|caitlin|1071\n|player|p2|seiyaofabyss|265|1000\n|gen|9\n|tier|[Gen 9 Champions] VGC 2026 Reg M-A\n|rated|\n|rule|Species Clause: Limit one of each Pok\u00e9mon\n|rule|Item Clause: Limit 1 of each item\n|clearpoke\n|poke|p1|Sneasler, L50, M|\n|poke|p1|Froslass, L50, F|\n|poke|p1|Ninetales-Alola, L50, M|\n|poke|p1|Garchomp, L50, F|\n|poke|p1|Arcanine-Hisui, L50, M|\n|poke|p1|Milotic, L50, M|\n|poke|p2|Delphox, L50, F|\n|poke|p2|Garchomp, L50, F|\n|poke|p2|Tsareena, L50, F|\n|poke|p2|Talonflame, L50, F|\n|poke|p2|Clefable, L50, F|\n|poke|p2|Milotic, L50, F|\n|teampreview|4\n|\n|t:|1776230612\n|teamsize|p1|4\n|teamsize|p2|4\n|start\n|switch|p1a: Garchomp|Garchomp, L50, F|100/100\n|switch|p1b: Froslass|Froslass, L50, F|100/100\n|switch|p2a: Talonflame|Talonflame, L50, F|100/100\n|switch|p2b: Tsareena|Tsareena, L50, F|100/100\n|turn|1\n|\n|t:|1776230625\n|detailschange|p1b: Froslass|Froslass-Mega, L50, F\n|-mega|p1b: Froslass|Froslass|Froslassite\n|-weather|Snowscape|[from] ability: Snow Warning|[of] p1b: Froslass\n|move|p2b: Tsareena|Protect|p2b: Tsareena\n|-singleturn|p2b: Tsareena|Protect\n|move|p2a: Talonflame|Tailwind|p2a: Talonflame\n|-sidestart|p2: seiyaofabyss|move: Tailwind\n|move|p1a: Garchomp|Rock Slide|p2b: Tsareena|[spread] p2a\n|-activate|p2b: Tsareena|move: Protect\n|-supereffective|p2a: Talonflame|2\n|-enditem|p2a: Talonflame|Focus Sash\n|-damage|p2a: Talonflame|1/100\n|move|p1b: Froslass|Blizzard|p2b: Tsareena|[spread] p2a\n|-activate|p2b: Tsareena|move: Protect\n|-damage|p2a: Talonflame|0 fnt\n|faint|p2a: Talonflame\n|\n|-weather|Snowscape|[upkeep]\n|upkeep\n|\n|t:|1776230647\n|switch|p2a: Delphox|Delphox, L50, F|100/100\n|turn|2\n|\n|t:|1776230655\n|switch|p1b: Arcanine|Arcanine-Hisui, L50, M|100/100\n|-ability|p1b: Arcanine|Intimidate|boost\n|-unboost|p2a: Delphox|atk|1\n|-unboost|p2b: Tsareena|atk|1\n|detailschange|p2a: Delphox|Delphox-Mega, L50, F\n|-mega|p2a: Delphox|Delphox|Delphoxite\n|move|p2a: Delphox|Heat Wave|p1a: Garchomp|[spread] p1a,p1b\n|-resisted|p1a: Garchomp|1\n|-resisted|p1b: Arcanine|2\n|-damage|p1a: Garchomp|82/100\n|-damage|p1b: Arcanine|91/100\n|move|p2b: Tsareena|Triple Axel|p1a: Garchomp\n|-supereffective|p1a: Garchomp|2\n|-damage|p1a: Garchomp|62/100\n|-damage|p2b: Tsareena|89/100|[from] ability: Rough Skin|[of] p1a: Garchomp\n|-hitcount|p1a: Garchomp|1\n|move|p1a: Garchomp|Rock Slide|p2a: Delphox|[spread] p2a,p2b\n|-supereffective|p2a: Delphox|1\n|-damage|p2a: Delphox|37/100\n|-damage|p2b: Tsareena|65/100\n|\n|-weather|Snowscape|[upkeep]\n|upkeep\n|turn|3\n|\n|t:|1776230688\n|switch|p1a: Sneasler|Sneasler, L50, M|100/100\n|move|p2a: Delphox|Psychic|p1b: Arcanine\n|-damage|p1b: Arcanine|50/100\n|move|p2b: Tsareena|Triple Axel|p1a: Sneasler\n|-damage|p1a: Sneasler|93/100\n|-damage|p1a: Sneasler|78/100\n|-damage|p1a: Sneasler|55/100\n|-hitcount|p1a: Sneasler|3\n|move|p1b: Arcanine|Flare Blitz|p2b: Tsareena\n|-supereffective|p2b: Tsareena|1\n|-damage|p2b: Tsareena|0 fnt\n|faint|p2b: Tsareena\n|-damage|p1b: Arcanine|33/100|[from] Recoil\n|\n|-weather|Snowscape|[upkeep]\n|upkeep\n|\n|t:|1776230720\n|switch|p2b: Milotic|Milotic, L50, F|100/100\n|turn|4\n|-activate|p1b: Arcanine|item: Quick Claw\n|\n|t:|1776230735\n|move|p1b: Arcanine|Protect|p1b: Arcanine\n|-singleturn|p1b: Arcanine|Protect\n|move|p1a: Sneasler|Protect|p1a: Sneasler\n|-singleturn|p1a: Sneasler|Protect\n|move|p2a: Delphox|Psychic|p1a: Sneasler\n|-activate|p1a: Sneasler|move: Protect\n|move|p2b: Milotic|Scald|p1b: Arcanine\n|-activate|p1b: Arcanine|move: Protect\n|\n|-weather|Snowscape|[upkeep]\n|-sideend|p2: seiyaofabyss|move: Tailwind\n|upkeep\n|turn|5\n|\n|t:|1776230745\n|move|p2a: Delphox|Psychic|p1a: Sneasler\n|-supereffective|p1a: Sneasler|2\n|-damage|p1a: Sneasler|0 fnt\n|faint|p1a: Sneasler\n|move|p1b: Arcanine|Rock Slide|p2a: Delphox|[spread] p2a\n|-miss|p1b: Arcanine|p2b: Milotic\n|-supereffective|p2a: Delphox|1\n|-damage|p2a: Delphox|0 fnt\n|faint|p2a: Delphox\n|move|p2b: Milotic|Scald|p1b: Arcanine\n|-supereffective|p1b: Arcanine|2\n|-damage|p1b: Arcanine|0 fnt\n|faint|p1b: Arcanine\n|\n|-weather|none\n|upkeep\n|\n|t:|1776230754\n|switch|p1a: Garchomp|Garchomp, L50, F|62/100\n|switch|p1b: Froslass|Froslass-Mega, L50, F|100/100\n|-weather|Snowscape|[from] ability: Snow Warning|[of] p1b: Froslass\n|turn|6\n|\n|t:|1776230762\n|move|p1a: Garchomp|Outrage|p2b: Milotic\n|-damage|p2b: Milotic|35/100\n|move|p1b: Froslass|Thunderbolt|p2b: Milotic\n|-supereffective|p2b: Milotic|1\n|-damage|p2b: Milotic|0 fnt\n|faint|p2b: Milotic\n|\n|win|scottyylmao\n|raw|scottyylmao's rating: 1071 &rarr; <strong>1094</strong><br />(+23 for winning)\n|raw|seiyaofabyss's rating: 1000 &rarr; <strong>1000</strong><br />(+0 for losing)\n|c|\u2606scottyylmao|gg\n|l|\u2606seiyaofabyss\n|player|p2|\n",
  "uploadtime": 1776230774,
  "views": 18,
  "formatid": "gen9championsvgc2026regma",
  "rating": 1000,
  "private": 0,
  "password": null
}