{
  "id": "gen9championsvgc2026regma-2584488741",
  "format": "[Gen 9 Champions] VGC 2026 Reg M-A",
  "players": [
    "ghostyq8",
    "Barber1"
  ],
  "log": "|j|\u2606ghostyq8\n|j|\u2606Barber1\n|t:|1776264216\n|gametype|doubles\n|player|p1|ghostyq8|266|1351\n|player|p2|Barber1|cynthia-gen4|1384\n|gen|9\n|tier|[Gen 9 Champions] VGC 2026 Reg M-A\n|rated|\n|rule|Species Clause: Limit one of each Pok\u00e9mon\n|rule|Item Clause: Limit 1 of each item\n|clearpoke\n|poke|p1|Sneasler, L50, M|\n|poke|p1|Blastoise, L50, F|\n|poke|p1|Basculegion, L50, M|\n|poke|p1|Sableye, L50, F|\n|poke|p1|Floette-Eternal, L50, F|\n|poke|p1|Rotom-Wash, L50|\n|poke|p2|Floette-Eternal, L50, F|\n|poke|p2|Sneasler, L50, F|\n|poke|p2|Aerodactyl, L50, F|\n|poke|p2|Delphox, L50, M|\n|poke|p2|Kingambit, L50, F|\n|poke|p2|Garchomp, L50, F|\n|teampreview|4\n|inactive|Battle timer is ON: inactive players will automatically lose when time's up. (requested by Barber1)\n|inactive|ghostyq8 has 60 seconds left.\n|inactive|Barber1 has 60 seconds left.\n|inactive|Barber1 has 30 seconds left.\n|\n|t:|1776264282\n|teamsize|p1|4\n|teamsize|p2|4\n|start\n|switch|p1a: Blastoise|Blastoise, L50, F|100/100\n|switch|p1b: Sableye|Sableye, L50, F|100/100\n|switch|p2a: Delphox|Delphox, L50, M|100/100\n|switch|p2b: Sneasler|Sneasler, L50, F|100/100\n|turn|1\n|inactive|Barber1 has 30 seconds left.\n|\n|t:|1776264310\n|move|p2b: Sneasler|Fake Out|p1a: Blastoise\n|-damage|p1a: Blastoise|81/100\n|move|p1b: Sableye|Fake Out|p2a: Delphox\n|-damage|p2a: Delphox|91/100\n|cant|p2a: Delphox|flinch\n|cant|p1a: Blastoise|flinch\n|\n|upkeep\n|turn|2\n|\n|t:|1776264325\n|move|p1b: Sableye|Encore|p2b: Sneasler\n|-start|p2b: Sneasler|Encore\n|move|p2b: Sneasler|Fake Out||[still]\n|-hint|Fake Out only works on your first turn out.\n|-fail|p2b: Sneasler\n|move|p2a: Delphox|Psychic|p1a: Blastoise\n|-damage|p1a: Blastoise|44/100\n|move|p1a: Blastoise|Shell Smash|p1a: Blastoise\n|-unboost|p1a: Blastoise|def|1\n|-unboost|p1a: Blastoise|spd|1\n|-boost|p1a: Blastoise|atk|2\n|-boost|p1a: Blastoise|spa|2\n|-boost|p1a: Blastoise|spe|2\n|-enditem|p1a: Blastoise|White Herb\n|-clearnegativeboost|p1a: Blastoise|[silent]\n|\n|upkeep\n|turn|3\n|inactive|Barber1 has 30 seconds left.\n|\n|t:|1776264350\n|move|p1b: Sableye|Rain Dance|p1b: Sableye\n|-weather|RainDance\n|move|p1a: Blastoise|Muddy Water|p2a: Delphox|[spread] p2a\n|-miss|p1a: Blastoise|p2b: Sneasler\n|-supereffective|p2a: Delphox|1\n|-damage|p2a: Delphox|0 fnt\n|faint|p2a: Delphox\n|-activate|p2b: Sneasler|move: Struggle\n|move|p2b: Sneasler|Struggle|p1a: Blastoise\n|-damage|p1a: Blastoise|22/100\n|-damage|p2b: Sneasler|75/100|[from] recoil\n|\n|-weather|RainDance|[upkeep]\n|upkeep\n|\n|t:|1776264359\n|switch|p2a: Floette|Floette-Eternal, L50, F|100/100\n|turn|4\n|\n|t:|1776264370\n|detailschange|p2a: Floette|Floette-Mega, L50, F\n|-mega|p2a: Floette|Floette|Floettite\n|-ability|p2a: Floette|Fairy Aura\n|move|p1b: Sableye|Shadow Sneak|p2a: Floette\n|-crit|p2a: Floette\n|-damage|p2a: Floette|81/100\n|move|p1a: Blastoise|Muddy Water|p2a: Floette|[spread] p2a,p2b\n|-damage|p2a: Floette|0 fnt\n|-damage|p2b: Sneasler|0 fnt\n|faint|p2a: Floette\n|faint|p2b: Sneasler\n|\n|-weather|RainDance|[upkeep]\n|upkeep\n|\n|t:|1776264380\n|switch|p2b: Kingambit|Kingambit, L50, F|100/100\n|-activate|p2b: Kingambit|ability: Supreme Overlord\n|-start|p2b: Kingambit|fallen3|[silent]\n|turn|5\n|\n|t:|1776264400\n|switch|p1b: Floette|Floette-Eternal, L50, F|100/100\n|move|p2b: Kingambit|Sucker Punch|p1a: Blastoise\n|-damage|p1a: Blastoise|0 fnt\n|faint|p1a: Blastoise\n|\n|-weather|RainDance|[upkeep]\n|upkeep\n|\n|t:|1776264410\n|switch|p1a: Sableye|Sableye, L50, F|100/100\n|turn|6\n|\n|t:|1776264418\n|detailschange|p1b: Floette|Floette-Mega, L50, F\n|-mega|p1b: Floette|Floette|Floettite\n|-ability|p1b: Floette|Fairy Aura\n|move|p2b: Kingambit|Protect|p2b: Kingambit\n|-singleturn|p2b: Kingambit|Protect\n|move|p1a: Sableye|Fake Out|p2b: Kingambit\n|-activate|p2b: Kingambit|move: Protect\n|move|p1b: Floette|Moonblast|p2b: Kingambit\n|-activate|p2b: Kingambit|move: Protect\n|\n|-weather|RainDance|[upkeep]\n|upkeep\n|turn|7\n|\n|t:|1776264435\n|move|p1a: Sableye|Shadow Sneak|p2b: Kingambit\n|-resisted|p2b: Kingambit|1\n|-damage|p2b: Kingambit|97/100\n|move|p1b: Floette|Moonblast|p2b: Kingambit\n|-damage|p2b: Kingambit|30/100\n|-unboost|p2b: Kingambit|spa|1\n|move|p2b: Kingambit|Iron Head|p1b: Floette\n|-supereffective|p1b: Floette|1\n|-damage|p1b: Floette|0 fnt\n|faint|p1b: Floette\n|\n|-weather|none\n|upkeep\n|\n|t:|1776264445\n|switch|p1b: Sneasler|Sneasler, L50, M|100/100\n|turn|8\n|\n|t:|1776264460\n|move|p1b: Sneasler|Fake Out|p2b: Kingambit\n|-resisted|p2b: Kingambit|1\n|-damage|p2b: Kingambit|25/100\n|move|p1a: Sableye|Shadow Sneak|p2b: Kingambit\n|-resisted|p2b: Kingambit|1\n|-damage|p2b: Kingambit|21/100\n|cant|p2b: Kingambit|flinch\n|\n|upkeep\n|turn|9\n|\n|t:|1776264471\n|move|p1a: Sableye|Shadow Sneak|p2b: Kingambit\n|-resisted|p2b: Kingambit|1\n|-damage|p2b: Kingambit|17/100\n|move|p1b: Sneasler|Close Combat|p2b: Kingambit\n|-supereffective|p2b: Kingambit|2\n|-enditem|p2b: Kingambit|Chople Berry|[eat]\n|-enditem|p2b: Kingambit|Chople Berry|[weaken]\n|-damage|p2b: Kingambit|0 fnt\n|-unboost|p1b: Sneasler|def|1\n|-unboost|p1b: Sneasler|spd|1\n|faint|p2b: Kingambit\n|-end|p2b: Kingambit|fallen3|[silent]\n|\n|win|ghostyq8\n|raw|ghostyq8's rating: 1351 &rarr; <strong>1373</strong><br />(+22 for winning)\n|raw|Barber1's rating: 1384 &rarr; <strong>1362</strong><br />(-22 for losing)\n|l|\u2606ghostyq8\n|player|p1|\n|l|\u2606Barber1\n|player|p2|\n|j|\u2606Barber1\n|player|p2|Barber1|cynthia-gen4|\n",
  "uploadtime": 1776264486,
  "views": 33,
  "formatid": "gen9championsvgc2026regma",
  "rating": 1362,
  "private": 0,
  "password": null
}