{
  "id": "gen9championsvgc2026regma-2581577616",
  "format": "[Gen 9 Champions] VGC 2026 Reg M-A",
  "players": [
    "alone0007",
    "JoelMasterX"
  ],
  "log": "|badge|p2|bronze|gen9ru|100-9\n|uhtml|medal-msg|<div class=\"broadcast-blue\">Curious what those medals under the avatar are? PS now has Ladder Seasons! For more information, check out the <a href=\"https://www.smogon.com/forums/threads/3740067/\">thread on Smogon.</a></div>\n|j|\u2606alone0007\n|j|\u2606JoelMasterX@!\n|inactive|Battle timer is ON: inactive players will automatically lose when time's up.\n|t:|1776012366\n|gametype|doubles\n|player|p1|alone0007|ghetsis|\n|player|p2|JoelMasterX|taunie|\n|gen|9\n|tier|[Gen 9 Champions] VGC 2026 Reg M-A\n|rated|Tournament battle\n|rule|Species Clause: Limit one of each Pok\u00e9mon\n|rule|Item Clause: Limit 1 of each item\n|clearpoke\n|poke|p1|Charizard, L50, M|\n|poke|p1|Incineroar, L50, M|\n|poke|p1|Garchomp, L50, F|\n|poke|p1|Sneasler, L50, M|\n|poke|p1|Rotom-Wash, L50|\n|poke|p1|Dragonite, L50, F|\n|poke|p2|Chimecho, L50, M|\n|poke|p2|Torkoal, L50, F|\n|poke|p2|Crabominable, L50, M|\n|poke|p2|Mimikyu, L50, M|\n|poke|p2|Primarina, L50, M|\n|poke|p2|Kingambit, L50, M|\n|teampreview|4\n|j|*Lady Monita \n|inactive|alone0007 also wants the timer to be on.\n|inactive|alone0007 has 60 seconds left.\n|j| Rats220\n|\n|t:|1776012414\n|teamsize|p1|4\n|teamsize|p2|4\n|start\n|switch|p1a: Charizard|Charizard, L50, M|100/100\n|switch|p1b: Incineroar|Incineroar, L50, M|100/100\n|switch|p2a: Mimikyu|Mimikyu, L50, M|100/100\n|switch|p2b: Primarina|Primarina, L50, M|100/100\n|-ability|p1b: Incineroar|Intimidate|boost\n|-unboost|p2a: Mimikyu|atk|1\n|-unboost|p2b: Primarina|atk|1\n|turn|1\n|\n|t:|1776012428\n|detailschange|p1a: Charizard|Charizard-Mega-Y, L50, M\n|-mega|p1a: Charizard|Charizard|Charizardite Y\n|-weather|SunnyDay|[from] ability: Drought|[of] p1a: Charizard\n|move|p2b: Primarina|Protect|p2b: Primarina\n|-singleturn|p2b: Primarina|Protect\n|move|p1a: Charizard|Solar Beam||[still]\n|-prepare|p1a: Charizard|Solar Beam\n|-anim|p1a: Charizard|Solar Beam|p2b: Primarina\n|-activate|p2b: Primarina|move: Protect\n|move|p1b: Incineroar|Snarl|p2b: Primarina|[spread] p2a\n|-activate|p2b: Primarina|move: Protect\n|-activate|p2a: Mimikyu|ability: Disguise\n|-damage|p2a: Mimikyu|100/100\n|-unboost|p2a: Mimikyu|spa|1\n|detailschange|p2a: Mimikyu|Mimikyu-Busted, L50, M\n|-damage|p2a: Mimikyu|88/100|[from] pokemon: Mimikyu-Busted\n|move|p2a: Mimikyu|Trick Room|p2a: Mimikyu\n|-fieldstart|move: Trick Room|[of] p2a: Mimikyu\n|\n|-weather|SunnyDay|[upkeep]\n|upkeep\n|turn|2\n|inactive|alone0007 has 30 seconds left.\n|j| aurora ltd\n|\n|t:|1776012457\n|move|p1a: Charizard|Protect|p1a: Charizard\n|-singleturn|p1a: Charizard|Protect\n|move|p2b: Primarina|Sparkling Aria|p1b: Incineroar|[spread] p2a,p1b\n|-activate|p1a: Charizard|move: Protect\n|-supereffective|p1b: Incineroar|1\n|-damage|p2a: Mimikyu|70/100\n|-damage|p1b: Incineroar|76/100\n|move|p1b: Incineroar|Flare Blitz|p2a: Mimikyu\n|-damage|p2a: Mimikyu|0 fnt\n|faint|p2a: Mimikyu\n|-damage|p1b: Incineroar|57/100|[from] Recoil\n|\n|-weather|SunnyDay|[upkeep]\n|upkeep\n|inactive|JoelMasterX has 30 seconds left.\n|\n|t:|1776012487\n|switch|p2a: Crabominable|Crabominable, L50, M|100/100\n|turn|3\n|\n|t:|1776012501\n|detailschange|p2a: Crabominable|Crabominable-Mega, L50, M\n|-mega|p2a: Crabominable|Crabominable|Crabominite\n|move|p2a: Crabominable|Thunder Punch|p1a: Charizard\n|-supereffective|p1a: Charizard|1\n|-damage|p1a: Charizard|0 fnt\n|faint|p1a: Charizard\n|move|p2b: Primarina|Dazzling Gleam|p1b: Incineroar\n|-damage|p1b: Incineroar|28/100\n|-enditem|p1b: Incineroar|Sitrus Berry|[eat]\n|-heal|p1b: Incineroar|52/100|[from] item: Sitrus Berry\n|move|p1b: Incineroar|Flare Blitz|p2a: Crabominable\n|-supereffective|p2a: Crabominable|1\n|-crit|p2a: Crabominable\n|-damage|p2a: Crabominable|0 fnt\n|faint|p2a: Crabominable\n|-damage|p1b: Incineroar|19/100|[from] Recoil\n|\n|-weather|SunnyDay|[upkeep]\n|upkeep\n|\n|t:|1776012511\n|switch|p2a: Kingambit|Kingambit, L50, M|100/100\n|switch|p1a: Sneasler|Sneasler, L50, M|100/100\n|turn|4\n|inactive|alone0007 has 30 seconds left.\n|\n|t:|1776012543\n|move|p2a: Kingambit|Iron Head|p1a: Sneasler\n|-damage|p1a: Sneasler|22/100\n|move|p2b: Primarina|Dazzling Gleam|p1a: Sneasler|[spread] p1a,p1b\n|-damage|p1a: Sneasler|0 fnt\n|-damage|p1b: Incineroar|0 fnt\n|faint|p1a: Sneasler\n|faint|p1b: Incineroar\n|\n|-weather|SunnyDay|[upkeep]\n|upkeep\n|\n|t:|1776012551\n|switch|p1b: Rotom|Rotom-Wash, L50|100/100\n|turn|5\n|\n|t:|1776012558\n|move|p2a: Kingambit|Kowtow Cleave|p1b: Rotom\n|-damage|p1b: Rotom|34/100\n|move|p2b: Primarina|Dazzling Gleam|p1b: Rotom\n|-damage|p1b: Rotom|0 fnt\n|faint|p1b: Rotom\n|\n|win|JoelMasterX\n|n|\u2606alone0007|alone0007\n|n|\u2606JoelMasterX@!|joelmasterx\n|n|*Lady Monita |ladymonita\n|n| Rats220|rats220\n|n| aurora ltd|auroraltd\n|l|*Lady Monita \n|c|\u2606JoelMasterX|gg\n|l|\u2606alone0007\n|player|p1|\n|l| Rats220\n",
  "uploadtime": 1776012800,
  "views": 13,
  "formatid": "gen9championsvgc2026regma",
  "rating": null,
  "private": 0,
  "password": null
}