{
  "id": "gen9championsvgc2026regma-2581719379",
  "format": "[Gen 9 Champions] VGC 2026 Reg M-A",
  "players": [
    "RealJCubed",
    "PierDyd94"
  ],
  "log": "|j|\u2606RealJCubed\n|j|\u2606PierDyd94\n|t:|1776023186\n|gametype|doubles\n|player|p1|RealJCubed|gentleman|1040\n|player|p2|PierDyd94|102|1000\n|gen|9\n|tier|[Gen 9 Champions] VGC 2026 Reg M-A\n|rated|\n|rule|Species Clause: Limit one of each Pok\u00e9mon\n|rule|Item Clause: Limit 1 of each item\n|clearpoke\n|poke|p1|Klefki, L50, F|\n|poke|p1|Chimecho, L50, F|\n|poke|p1|Clefable, L50, M|\n|poke|p1|Talonflame, L50, M|\n|poke|p1|Zoroark-Hisui, L50, M|\n|poke|p1|Palafin, L50, M|\n|poke|p2|Lucario, L50, M|\n|poke|p2|Rotom-Heat, L50|\n|poke|p2|Milotic, L50, F|\n|poke|p2|Gliscor, L50, F|\n|poke|p2|Mimikyu, L50, F|\n|poke|p2|Farigiraf, L50, F|\n|teampreview|4\n|\n|t:|1776023246\n|teamsize|p1|4\n|teamsize|p2|4\n|start\n|switch|p1a: Clefable|Clefable, L50, M|100/100\n|switch|p1b: Chimecho|Chimecho, L50, F|100/100\n|switch|p2a: Farigiraf|Farigiraf, L50, F|100/100\n|switch|p2b: Lucario|Lucario, L50, M|100/100\n|turn|1\n|\n|t:|1776023275\n|detailschange|p2b: Lucario|Lucario-Mega, L50, M\n|-mega|p2b: Lucario|Lucario|Lucarionite\n|detailschange|p1b: Chimecho|Chimecho-Mega, L50, F\n|-mega|p1b: Chimecho|Chimecho|Chimechite\n|move|p1a: Clefable|Follow Me|p1a: Clefable\n|-singleturn|p1a: Clefable|move: Follow Me\n|move|p2b: Lucario|Bullet Punch|p1a: Clefable\n|-supereffective|p1a: Clefable|1\n|-damage|p1a: Clefable|23/100\n|move|p1b: Chimecho|Cosmic Power|p1b: Chimecho\n|-boost|p1b: Chimecho|def|1\n|-boost|p1b: Chimecho|spd|1\n|move|p2a: Farigiraf|Imprison|p2a: Farigiraf\n|-start|p2a: Farigiraf|move: Imprison\n|\n|-heal|p1a: Clefable|29/100|[from] item: Leftovers\n|upkeep\n|turn|2\n|\n|t:|1776023309\n|move|p2b: Lucario|Protect|p2b: Lucario\n|-singleturn|p2b: Lucario|Protect\n|move|p1a: Clefable|Follow Me|p1a: Clefable\n|-singleturn|p1a: Clefable|move: Follow Me\n|move|p1b: Chimecho|Cosmic Power|p1b: Chimecho\n|-boost|p1b: Chimecho|def|1\n|-boost|p1b: Chimecho|spd|1\n|move|p2a: Farigiraf|Hyper Voice|p1b: Chimecho|[spread] p1a,p1b\n|-resisted|p1b: Chimecho|1\n|-damage|p1a: Clefable|11/100\n|-damage|p1b: Chimecho|96/100\n|\n|-heal|p1a: Clefable|17/100|[from] item: Leftovers\n|upkeep\n|turn|3\n|\n|t:|1776023347\n|switch|p2b: Mimikyu|Mimikyu, L50, F|100/100\n|move|p1b: Chimecho|Cosmic Power|p1b: Chimecho\n|-boost|p1b: Chimecho|def|1\n|-boost|p1b: Chimecho|spd|1\n|move|p1a: Clefable|Moonlight|p1a: Clefable\n|-heal|p1a: Clefable|67/100\n|move|p2a: Farigiraf|Psychic|p1a: Clefable\n|-damage|p1a: Clefable|43/100\n|\n|-heal|p1a: Clefable|49/100|[from] item: Leftovers\n|upkeep\n|turn|4\n|\n|t:|1776023367\n|move|p2b: Mimikyu|Swords Dance|p2b: Mimikyu\n|-boost|p2b: Mimikyu|atk|2\n|move|p1b: Chimecho|Cosmic Power|p1b: Chimecho\n|-boost|p1b: Chimecho|def|1\n|-boost|p1b: Chimecho|spd|1\n|move|p1a: Clefable|Moonlight|p1a: Clefable\n|-heal|p1a: Clefable|99/100\n|move|p2a: Farigiraf|Hyper Voice|p1a: Clefable|[spread] p1a,p1b\n|-resisted|p1b: Chimecho|1\n|-damage|p1a: Clefable|81/100\n|-damage|p1b: Chimecho|92/100\n|\n|-heal|p1a: Clefable|87/100|[from] item: Leftovers\n|upkeep\n|turn|5\n|-message|PierDyd94 forfeited.\n|\n|win|RealJCubed\n|raw|RealJCubed's rating: 1040 &rarr; <strong>1070</strong><br />(+30 for winning)\n|raw|PierDyd94's rating: 1000 &rarr; <strong>1000</strong><br />(+0 for losing)\n|l|\u2606PierDyd94\n|player|p2|\n",
  "uploadtime": 1776023384,
  "views": 12,
  "formatid": "gen9championsvgc2026regma",
  "rating": 1000,
  "private": 0,
  "password": null
}