{
  "id": "gen9championsvgc2026regma-2582284676",
  "format": "[Gen 9 Champions] VGC 2026 Reg M-A",
  "players": [
    "Dracaufeu shiny",
    "colfox"
  ],
  "log": "|j|\u203dDracaufeu shiny\n|j|\u2606colfox\n|t:|1776079735\n|gametype|doubles\n|player|p1|Dracaufeu shiny|2|1116\n|player|p2|colfox|1|1108\n|gen|9\n|tier|[Gen 9 Champions] VGC 2026 Reg M-A\n|rated|\n|rule|Species Clause: Limit one of each Pok\u00e9mon\n|rule|Item Clause: Limit 1 of each item\n|clearpoke\n|poke|p1|Starmie, L50|\n|poke|p1|Kingambit, L50, M|\n|poke|p1|Talonflame, L50, M|\n|poke|p1|Sneasler, L50, M|\n|poke|p1|Floette-Eternal, L50, F|\n|poke|p1|Incineroar, L50, F|\n|poke|p2|Ninetales, L50, M|\n|poke|p2|Dragonite, L50, F|\n|poke|p2|Sylveon, L50, M|\n|poke|p2|Milotic, L50, F|\n|poke|p2|Delphox, L50, F|\n|poke|p2|Garchomp, L50, F|\n|teampreview|4\n|inactive|Battle timer is ON: inactive players will automatically lose when time's up. (requested by Dracaufeu shiny)\n|\n|t:|1776079774\n|teamsize|p1|4\n|teamsize|p2|4\n|start\n|switch|p1a: Talonflame|Talonflame, L50, M|100/100\n|switch|p1b: Sneasler|Sneasler, L50, M|100/100\n|switch|p2a: Milotic|Milotic, L50, F|100/100\n|switch|p2b: Delphox|Delphox, L50, F|100/100\n|turn|1\n|\n|t:|1776079797\n|detailschange|p2b: Delphox|Delphox-Mega, L50, F\n|-mega|p2b: Delphox|Delphox|Delphoxite\n|move|p1b: Sneasler|Fake Out|p2b: Delphox\n|-damage|p2b: Delphox|77/100\n|move|p1a: Talonflame|Tailwind|p1a: Talonflame\n|-sidestart|p1: Dracaufeu shiny|move: Tailwind\n|cant|p2b: Delphox|flinch\n|move|p2a: Milotic|Scald|p1a: Talonflame\n|-supereffective|p1a: Talonflame|1\n|-enditem|p1a: Talonflame|Focus Sash\n|-damage|p1a: Talonflame|1/100\n|\n|upkeep\n|turn|2\n|\n|t:|1776079819\n|move|p2b: Delphox|Protect|p2b: Delphox\n|-singleturn|p2b: Delphox|Protect\n|move|p1a: Talonflame|Brave Bird|p2b: Delphox\n|-activate|p2b: Delphox|move: Protect\n|move|p1b: Sneasler|Close Combat|p2b: Delphox\n|-activate|p2b: Delphox|move: Protect\n|move|p2a: Milotic|Icy Wind|p1b: Sneasler|[spread] p1a,p1b\n|-damage|p1a: Talonflame|0 fnt\n|-damage|p1b: Sneasler|83/100\n|-unboost|p1b: Sneasler|spe|1\n|faint|p1a: Talonflame\n|-enditem|p1b: Sneasler|White Herb\n|-clearnegativeboost|p1b: Sneasler|[silent]\n|\n|upkeep\n|\n|t:|1776079824\n|switch|p1a: Starmie|Starmie, L50|100/100\n|turn|3\n|inactive|colfox has 30 seconds left.\n|\n|t:|1776079857\n|switch|p2b: Sylveon|Sylveon, L50, M|100/100\n|detailschange|p1a: Starmie|Starmie-Mega, L50\n|-mega|p1a: Starmie|Starmie|Starminite\n|move|p1b: Sneasler|Close Combat|p2a: Milotic\n|-damage|p2a: Milotic|35/100\n|-unboost|p1b: Sneasler|def|1\n|-unboost|p1b: Sneasler|spd|1\n|move|p1a: Starmie|Liquidation|p2b: Sylveon\n|-damage|p2b: Sylveon|5/100\n|move|p2a: Milotic|Icy Wind|p1b: Sneasler|[spread] p1a,p1b\n|-resisted|p1a: Starmie|1\n|-damage|p1a: Starmie|92/100\n|-damage|p1b: Sneasler|55/100\n|-unboost|p1a: Starmie|spe|1\n|-unboost|p1b: Sneasler|spe|1\n|\n|-heal|p2a: Milotic|41/100|[from] item: Leftovers\n|upkeep\n|turn|4\n|inactive|colfox has 30 seconds left.\n|\n|t:|1776079882\n|move|p2a: Milotic|Protect|p2a: Milotic\n|-singleturn|p2a: Milotic|Protect\n|move|p2b: Sylveon|Protect|p2b: Sylveon\n|-singleturn|p2b: Sylveon|Protect\n|move|p1a: Starmie|Aqua Jet|p2b: Sylveon\n|-activate|p2b: Sylveon|move: Protect\n|move|p1b: Sneasler|Close Combat|p2a: Milotic\n|-activate|p2a: Milotic|move: Protect\n|\n|-heal|p2a: Milotic|47/100|[from] item: Leftovers\n|-sideend|p1: Dracaufeu shiny|move: Tailwind\n|upkeep\n|turn|5\n|inactive|colfox has 30 seconds left.\n|\n|t:|1776079909\n|move|p2b: Sylveon|Helping Hand|p2a: Milotic\n|-singleturn|p2a: Milotic|Helping Hand|[of] p2b: Sylveon\n|move|p1a: Starmie|Aqua Jet|p2b: Sylveon\n|-damage|p2b: Sylveon|0 fnt\n|faint|p2b: Sylveon\n|move|p1b: Sneasler|Close Combat|p2a: Milotic\n|-crit|p2a: Milotic\n|-damage|p2a: Milotic|0 fnt\n|-unboost|p1b: Sneasler|def|1\n|-unboost|p1b: Sneasler|spd|1\n|faint|p2a: Milotic\n|\n|upkeep\n|\n|t:|1776079923\n|switch|p2a: Delphox|Delphox-Mega, L50, F|77/100\n|switch|p2b: Garchomp|Garchomp, L50, F|100/100\n|turn|6\n|inactive|Dracaufeu shiny has 30 seconds left.\n|inactive|colfox has 30 seconds left.\n|\n|t:|1776079963\n|switch|p1a: Incineroar|Incineroar, L50, F|100/100\n|-ability|p1a: Incineroar|Intimidate|boost\n|-unboost|p2a: Delphox|atk|1\n|-unboost|p2b: Garchomp|atk|1\n|move|p1b: Sneasler|Close Combat|p2b: Garchomp\n|-damage|p2b: Garchomp|39/100\n|-unboost|p1b: Sneasler|def|1\n|-unboost|p1b: Sneasler|spd|1\n|-damage|p1b: Sneasler|42/100|[from] ability: Rough Skin|[of] p2b: Garchomp\n|move|p2a: Delphox|Shadow Ball|p1a: Incineroar\n|-resisted|p1a: Incineroar|1\n|-damage|p1a: Incineroar|91/100\n|move|p2b: Garchomp|Dragon Claw|p1a: Incineroar\n|-damage|p1a: Incineroar|62/100\n|\n|-heal|p1a: Incineroar|68/100|[from] item: Leftovers\n|upkeep\n|turn|7\n|inactive|colfox has 30 seconds left.\n|\n|t:|1776079994\n|move|p2a: Delphox|Protect|p2a: Delphox\n|-singleturn|p2a: Delphox|Protect\n|move|p1a: Incineroar|Fake Out|p2a: Delphox\n|-activate|p2a: Delphox|move: Protect\n|move|p1b: Sneasler|Close Combat|p2b: Garchomp\n|-damage|p2b: Garchomp|0 fnt\n|-unboost|p1b: Sneasler|def|1\n|-unboost|p1b: Sneasler|spd|1\n|-damage|p1b: Sneasler|30/100|[from] ability: Rough Skin|[of] p2b: Garchomp\n|faint|p2b: Garchomp\n|\n|-heal|p1a: Incineroar|74/100|[from] item: Leftovers\n|upkeep\n|turn|8\n|inactive|colfox has 30 seconds left.\n|\n|t:|1776080020\n|move|p1b: Sneasler|Dire Claw|p2a: Delphox\n|-damage|p2a: Delphox|12/100\n|move|p2a: Delphox|Psychic|p1b: Sneasler\n|-supereffective|p1b: Sneasler|2\n|-damage|p1b: Sneasler|0 fnt\n|faint|p1b: Sneasler\n|move|p1a: Incineroar|Parting Shot|p2a: Delphox\n|-unboost|p2a: Delphox|atk|1\n|-unboost|p2a: Delphox|spa|1\n|\n|t:|1776080026\n|switch|p1a: Starmie|Starmie-Mega, L50|92/100|[from] Parting Shot\n|\n|upkeep\n|\n|t:|1776080028\n|switch|p1b: Incineroar|Incineroar, L50, F|74/100\n|-ability|p1b: Incineroar|Intimidate|boost\n|-unboost|p2a: Delphox|atk|1\n|turn|9\n|-message|colfox forfeited.\n|\n|win|Dracaufeu shiny\n|raw|Dracaufeu shiny's rating: 1116 &rarr; <strong>1140</strong><br />(+24 for winning)\n|raw|colfox's rating: 1108 &rarr; <strong>1084</strong><br />(-24 for losing)\n",
  "uploadtime": 1776080042,
  "views": 38,
  "formatid": "gen9championsvgc2026regma",
  "rating": 1084,
  "private": 0,
  "password": null
}