{
  "id": "gen9championsvgc2026regma-2580288793",
  "format": "[Gen 9 Champions] VGC 2026 Reg M-A",
  "players": [
    "pikamaster1739",
    "pacmaster000"
  ],
  "log": "|j|\u2606pikamaster1739\n|j|\u2606pacmaster000\n|t:|1775876217\n|gametype|doubles\n|player|p1|pikamaster1739|169|1000\n|player|p2|pacmaster000|scientist-gen4dp|1000\n|gen|9\n|tier|[Gen 9 Champions] VGC 2026 Reg M-A\n|rated|\n|rule|Species Clause: Limit one of each Pok\u00e9mon\n|rule|Item Clause: Limit 1 of each item\n|clearpoke\n|poke|p1|Kangaskhan, L50, F|\n|poke|p1|Mimikyu, L50, F|\n|poke|p1|Whimsicott, L50, M|\n|poke|p1|Arcanine, L50, F|\n|poke|p1|Farigiraf, L50, F|\n|poke|p1|Dragonite, L50, M|\n|poke|p2|Froslass, L50, F|\n|poke|p2|Milotic, L50, F|\n|poke|p2|Kingambit, L50, F|\n|poke|p2|Sinistcha, L50|\n|poke|p2|Volcarona, L50, M|\n|poke|p2|Sneasler, L50, M|\n|teampreview|4\npikamaster1739 rejected open team sheets.\n|\n|t:|1775876262\n|teamsize|p1|4\n|teamsize|p2|4\n|start\n|switch|p1a: Farigiraf|Farigiraf, L50, F|100/100\n|switch|p1b: Kangaskhan|Kangaskhan, L50, F|100/100\n|switch|p2a: Milotic|Milotic, L50, F|100/100\n|switch|p2b: Froslass|Froslass, L50, F|100/100\n|turn|1\n|\n|t:|1775876287\n|detailschange|p2b: Froslass|Froslass-Mega, L50, F\n|-mega|p2b: Froslass|Froslass|Froslassite\n|-weather|Snowscape|[from] ability: Snow Warning|[of] p2b: Froslass\n|detailschange|p1b: Kangaskhan|Kangaskhan-Mega, L50, F\n|-mega|p1b: Kangaskhan|Kangaskhan|Kangaskhanite\n|move|p1b: Kangaskhan|Fake Out|p2a: Milotic\n|-crit|p2a: Milotic\n|-damage|p2a: Milotic|63/100\n|-damage|p2a: Milotic|57/100\n|-hitcount|p2a: Milotic|2\n|move|p2b: Froslass|Aurora Veil|p2b: Froslass\n|-sidestart|p2: pacmaster000|move: Aurora Veil\n|cant|p2a: Milotic|flinch\n|move|p1a: Farigiraf|Trick Room|p1a: Farigiraf\n|-fieldstart|move: Trick Room|[of] p1a: Farigiraf\n|\n|-weather|Snowscape|[upkeep]\n|upkeep\n|turn|2\n|\n|t:|1775876312\n|move|p1a: Farigiraf|Psychic|p2b: Froslass\n|-damage|p2b: Froslass|60/100\n|move|p2a: Milotic|Scald|p1b: Kangaskhan\n|-damage|p1b: Kangaskhan|56/100\n|-status|p1b: Kangaskhan|brn\n|move|p1b: Kangaskhan|Double-Edge|p2a: Milotic\n|-damage|p2a: Milotic|34/100\n|-damage|p2a: Milotic|28/100\n|-hitcount|p2a: Milotic|2\n|-damage|p1b: Kangaskhan|45/100 brn|[from] Recoil\n|move|p2b: Froslass|Blizzard|p1a: Farigiraf|[spread] p1a,p1b\n|-crit|p1b: Kangaskhan\n|-damage|p1a: Farigiraf|53/100\n|-damage|p1b: Kangaskhan|0 fnt\n|faint|p1b: Kangaskhan\n|\n|-weather|Snowscape|[upkeep]\n|upkeep\n|\n|t:|1775876329\n|switch|p1b: Mimikyu|Mimikyu, L50, F|100/100\n|turn|3\n|\n|t:|1775876339\n|move|p2b: Froslass|Protect|p2b: Froslass\n|-singleturn|p2b: Froslass|Protect\n|move|p1a: Farigiraf|Psychic|p2b: Froslass\n|-activate|p2b: Froslass|move: Protect\n|move|p2a: Milotic|Recover|p2a: Milotic\n|-heal|p2a: Milotic|78/100\n|move|p1b: Mimikyu|Shadow Claw|p2b: Froslass\n|-activate|p2b: Froslass|move: Protect\n|\n|-weather|Snowscape|[upkeep]\n|upkeep\n|turn|4\n|\n|t:|1775876358\n|switch|p2b: Volcarona|Volcarona, L50, M|100/100\n|move|p1a: Farigiraf|Psychic|p2b: Volcarona\n|-damage|p2b: Volcarona|71/100\n|move|p2a: Milotic|Scald|p1b: Mimikyu\n|-activate|p1b: Mimikyu|ability: Disguise\n|-damage|p1b: Mimikyu|100/100\n|detailschange|p1b: Mimikyu|Mimikyu-Busted, L50, F\n|-damage|p1b: Mimikyu|88/100|[from] pokemon: Mimikyu-Busted\n|move|p1b: Mimikyu|Shadow Claw|p2b: Volcarona\n|-damage|p2b: Volcarona|54/100\n|-status|p1b: Mimikyu|brn|[from] ability: Flame Body|[of] p2b: Volcarona\n|\n|-weather|Snowscape|[upkeep]\n|-damage|p1b: Mimikyu|82/100 brn|[from] brn\n|upkeep\n|turn|5\n|\n|t:|1775876377\n|move|p1b: Mimikyu|Protect|p1b: Mimikyu\n|-singleturn|p1b: Mimikyu|Protect\n|move|p1a: Farigiraf|Hyper Voice|p2a: Milotic|[spread] p2a,p2b\n|-damage|p2a: Milotic|58/100\n|-damage|p2b: Volcarona|29/100\n|-enditem|p2b: Volcarona|Sitrus Berry|[eat]\n|-heal|p2b: Volcarona|54/100|[from] item: Sitrus Berry\n|move|p2a: Milotic|Scald|p1b: Mimikyu\n|-activate|p1b: Mimikyu|move: Protect\n|move|p2b: Volcarona|Struggle Bug|p1b: Mimikyu|[spread] p1a\n|-activate|p1b: Mimikyu|move: Protect\n|-supereffective|p1a: Farigiraf|1\n|-damage|p1a: Farigiraf|22/100\n|-unboost|p1a: Farigiraf|spa|1\n|\n|-weather|none\n|-damage|p1b: Mimikyu|76/100 brn|[from] brn\n|-sideend|p2: pacmaster000|move: Aurora Veil\n|-fieldend|move: Trick Room\n|upkeep\n|turn|6\n|-message|pikamaster1739 forfeited.\n|\n|win|pacmaster000\n|raw|pikamaster1739's rating: 1000 &rarr; <strong>1000</strong><br />(+0 for losing)\n|raw|pacmaster000's rating: 1000 &rarr; <strong>1040</strong><br />(+40 for winning)\n|l|\u2606pikamaster1739\n|player|p1|\n",
  "uploadtime": 1775876454,
  "views": 15,
  "formatid": "gen9championsvgc2026regma",
  "rating": 1000,
  "private": 0,
  "password": null
}