{
  "id": "gen9championsvgc2026regma-2588166245",
  "format": "[Gen 9 Champions] VGC 2026 Reg M-A",
  "players": [
    "Dinz77",
    "Pocyzon"
  ],
  "log": "|j|\u2606Dinz77\n|j|\u2606Pocyzon\n|t:|1776610793\n|gametype|doubles\n|player|p1|Dinz77|2|1208\n|player|p2|Pocyzon|266|1160\n|gen|9\n|tier|[Gen 9 Champions] VGC 2026 Reg M-A\n|rated|\n|rule|Species Clause: Limit one of each Pok\u00e9mon\n|rule|Item Clause: Limit 1 of each item\n|clearpoke\n|poke|p1|Heracross, L50, M|\n|poke|p1|Whimsicott, L50, M|\n|poke|p1|Politoed, L50, F|\n|poke|p1|Basculegion, L50, M|\n|poke|p1|Incineroar, L50, M|\n|poke|p1|Archaludon, L50, M|\n|poke|p2|Basculegion, L50, M|\n|poke|p2|Kingambit, L50, F|\n|poke|p2|Rotom-Heat, L50|\n|poke|p2|Archaludon, L50, F|\n|poke|p2|Pelipper, L50, F|\n|poke|p2|Venusaur, L50, M|\n|teampreview|4\nDinz77 has agreed to open team sheets.\n|\n|t:|1776610870\n|teamsize|p1|4\n|teamsize|p2|4\n|start\n|switch|p1a: Whimsicott|Whimsicott, L50, M|100/100\n|switch|p1b: Heracross|Heracross, L50, M|100/100\n|switch|p2a: Archaludon|Archaludon, L50, F|100/100\n|switch|p2b: Rotom|Rotom-Heat, L50|100/100\n|turn|1\n|\n|t:|1776610903\n|move|p1b: Heracross|Detect|p1b: Heracross\n|-singleturn|p1b: Heracross|Protect\n|move|p2a: Archaludon|Protect|p2a: Archaludon\n|-singleturn|p2a: Archaludon|Protect\n|move|p1a: Whimsicott|Tailwind|p1a: Whimsicott\n|-sidestart|p1: Dinz77|move: Tailwind\n|move|p2b: Rotom|Will-O-Wisp|p1b: Heracross\n|-activate|p1b: Heracross|move: Protect\n|\n|upkeep\n|turn|2\n|\n|t:|1776610933\n|switch|p2a: Basculegion|Basculegion, L50, M|100/100\n|detailschange|p1b: Heracross|Heracross-Mega, L50, M\n|-mega|p1b: Heracross|Heracross|Heracronite\n|move|p1a: Whimsicott|Taunt|p2b: Rotom\n|-start|p2b: Rotom|move: Taunt\n|move|p1b: Heracross|Close Combat|p2a: Basculegion\n|-immune|p2a: Basculegion\n|cant|p2b: Rotom|move: Taunt|Will-O-Wisp\n|\n|upkeep\n|turn|3\n|\n|t:|1776610967\n|switch|p2a: Archaludon|Archaludon, L50, F|100/100\n|move|p1a: Whimsicott|Moonblast|p2a: Archaludon\n|-damage|p2a: Archaludon|69/100\n|-ability|p2a: Archaludon|Stamina|boost\n|-boost|p2a: Archaludon|def|1\n|move|p1b: Heracross|Rock Blast|p2a: Archaludon\n|-resisted|p2a: Archaludon|1\n|-damage|p2a: Archaludon|65/100\n|-ability|p2a: Archaludon|Stamina|boost\n|-boost|p2a: Archaludon|def|1\n|-resisted|p2a: Archaludon|1\n|-damage|p2a: Archaludon|63/100\n|-ability|p2a: Archaludon|Stamina|boost\n|-boost|p2a: Archaludon|def|1\n|-resisted|p2a: Archaludon|1\n|-damage|p2a: Archaludon|61/100\n|-ability|p2a: Archaludon|Stamina|boost\n|-boost|p2a: Archaludon|def|1\n|-resisted|p2a: Archaludon|1\n|-damage|p2a: Archaludon|60/100\n|-ability|p2a: Archaludon|Stamina|boost\n|-boost|p2a: Archaludon|def|1\n|-resisted|p2a: Archaludon|1\n|-damage|p2a: Archaludon|58/100\n|-ability|p2a: Archaludon|Stamina|boost\n|-boost|p2a: Archaludon|def|1\n|-hitcount|p2a: Archaludon|5\n|move|p2b: Rotom|Volt Switch|p1a: Whimsicott\n|-resisted|p1a: Whimsicott|1\n|-damage|p1a: Whimsicott|72/100\n|\n|t:|1776610994\n|switch|p2b: Venusaur|Venusaur, L50, M|100/100|[from] Volt Switch\n|\n|-heal|p2a: Archaludon|64/100|[from] item: Leftovers\n|upkeep\n|turn|4\n|\n|t:|1776611010\n|detailschange|p2b: Venusaur|Venusaur-Mega, L50, M\n|-mega|p2b: Venusaur|Venusaur|Venusaurite\n|move|p1a: Whimsicott|Moonblast|p2a: Archaludon\n|-damage|p2a: Archaludon|33/100\n|move|p1b: Heracross|Pin Missile|p2b: Venusaur\n|-damage|p2b: Venusaur|86/100\n|-damage|p2b: Venusaur|69/100\n|-damage|p2b: Venusaur|55/100\n|-damage|p2b: Venusaur|39/100\n|-damage|p2b: Venusaur|25/100\n|-hitcount|p2b: Venusaur|5\n|move|p2a: Archaludon|Flash Cannon|p1a: Whimsicott\n|-supereffective|p1a: Whimsicott|1\n|-damage|p1a: Whimsicott|0 fnt\n|faint|p1a: Whimsicott\n|move|p2b: Venusaur|Sludge Bomb|p1b: Heracross\n|-damage|p1b: Heracross|42/100\n|-status|p1b: Heracross|psn\n|\n|-heal|p2a: Archaludon|40/100|[from] item: Leftovers\n|-damage|p1b: Heracross|30/100 psn|[from] psn\n|-sideend|p1: Dinz77|move: Tailwind\n|upkeep\n|\n|t:|1776611032\n|switch|p1a: Basculegion|Basculegion, L50, M|100/100\n|turn|5\n|\n|t:|1776611057\n|move|p2b: Venusaur|Protect|p2b: Venusaur\n|-singleturn|p2b: Venusaur|Protect\n|move|p1a: Basculegion|Last Respects|p2b: Venusaur\n|-activate|p2b: Venusaur|move: Protect\n|move|p1b: Heracross|Close Combat|p2a: Archaludon\n|-supereffective|p2a: Archaludon|1\n|-damage|p2a: Archaludon|3/100\n|-unboost|p1b: Heracross|def|1\n|-unboost|p1b: Heracross|spd|1\n|move|p2a: Archaludon|Flash Cannon|p1b: Heracross\n|-damage|p1b: Heracross|0 fnt\n|faint|p1b: Heracross\n|\n|-heal|p2a: Archaludon|9/100|[from] item: Leftovers\n|upkeep\n|\n|t:|1776611064\n|switch|p1b: Archaludon|Archaludon, L50, M|100/100\n|turn|6\n|\n|t:|1776611088\n|move|p1b: Archaludon|Protect|p1b: Archaludon\n|-singleturn|p1b: Archaludon|Protect\n|move|p2a: Archaludon|Protect|p2a: Archaludon\n|-singleturn|p2a: Archaludon|Protect\n|move|p1a: Basculegion|Last Respects|p2b: Venusaur\n|-damage|p2b: Venusaur|0 fnt\n|faint|p2b: Venusaur\n|\n|-heal|p2a: Archaludon|15/100|[from] item: Leftovers\n|upkeep\n|\n|t:|1776611100\n|switch|p2b: Rotom|Rotom-Heat, L50|100/100\n|turn|7\n|\n|t:|1776611110\n|move|p1a: Basculegion|Last Respects|p2a: Archaludon\n|-damage|p2a: Archaludon|0 fnt\n|faint|p2a: Archaludon\n|move|p1b: Archaludon|Draco Meteor|p2b: Rotom|[miss]\n|-miss|p1b: Archaludon|p2b: Rotom\n|move|p2b: Rotom|Will-O-Wisp|p1a: Basculegion\n|-status|p1a: Basculegion|brn\n|\n|-damage|p1a: Basculegion|94/100 brn|[from] brn\n|upkeep\n|\n|t:|1776611123\n|switch|p2a: Basculegion|Basculegion, L50, M|100/100\n|turn|8\n|\n|t:|1776611151\n|move|p2b: Rotom|Protect|p2b: Rotom\n|-singleturn|p2b: Rotom|Protect\n|move|p1a: Basculegion|Last Respects|p2a: Basculegion\n|-supereffective|p2a: Basculegion|1\n|-damage|p2a: Basculegion|0 fnt\n|faint|p2a: Basculegion\n|move|p1b: Archaludon|Electro Shot||[still]\n|-prepare|p1b: Archaludon|Electro Shot\n|-boost|p1b: Archaludon|spa|1\n|\n|-damage|p1a: Basculegion|88/100 brn|[from] brn\n|upkeep\n|turn|9\n|\n|t:|1776611165\n|move|p1a: Basculegion|Last Respects|p2b: Rotom\n|-damage|p2b: Rotom|54/100\n|move|p1b: Archaludon|Electro Shot|p2b: Rotom|[from] lockedmove\n|-resisted|p2b: Rotom|1\n|-damage|p2b: Rotom|16/100\n|-enditem|p2b: Rotom|Sitrus Berry|[eat]\n|-heal|p2b: Rotom|41/100|[from] item: Sitrus Berry\n|move|p2b: Rotom|Volt Switch|p1a: Basculegion\n|-supereffective|p1a: Basculegion|1\n|-damage|p1a: Basculegion|16/100 brn\n|\n|-damage|p1a: Basculegion|10/100 brn|[from] brn\n|upkeep\n|turn|10\n|-message|Pocyzon forfeited.\n|\n|win|Dinz77\n|raw|Dinz77's rating: 1208 &rarr; <strong>1230</strong><br />(+22 for winning)\n|raw|Pocyzon's rating: 1160 &rarr; <strong>1138</strong><br />(-22 for losing)\n|l|\u2606Pocyzon\n|player|p2|\n|c|\u2606Dinz77|gg\n",
  "uploadtime": 1776611187,
  "views": 16,
  "formatid": "gen9championsvgc2026regma",
  "rating": 1138,
  "private": 0,
  "password": null
}