{
  "id": "gen9championsvgc2026regma-2584697871",
  "format": "[Gen 9 Champions] VGC 2026 Reg M-A",
  "players": [
    "Vgenmanuel",
    "ChronicNikos"
  ],
  "log": "|j|\u2606Vgenmanuel\n|j|\u2606ChronicNikos\n|t:|1776277498\n|gametype|doubles\n|player|p1|Vgenmanuel|1|1260\n|player|p2|ChronicNikos|cynthia-gen4|1308\n|gen|9\n|tier|[Gen 9 Champions] VGC 2026 Reg M-A\n|rated|\n|rule|Species Clause: Limit one of each Pok\u00e9mon\n|rule|Item Clause: Limit 1 of each item\n|clearpoke\n|poke|p1|Charizard, L50, M|\n|poke|p1|Whimsicott, L50, F|\n|poke|p1|Sneasler, L50, F|\n|poke|p1|Incineroar, L50, M|\n|poke|p1|Garchomp, L50, M|\n|poke|p1|Basculegion, L50, M|\n|poke|p2|Gengar, L50, F|\n|poke|p2|Incineroar, L50, M|\n|poke|p2|Politoed, L50, M|\n|poke|p2|Archaludon, L50, F|\n|poke|p2|Basculegion, L50, M|\n|poke|p2|Meganium, L50, F|\n|teampreview|4\nChronicNikos rejected open team sheets.\n|inactive|Battle timer is ON: inactive players will automatically lose when time's up. (requested by Vgenmanuel)\n|j| biscuit45654\n|l| biscuit45654\n|inactive|ChronicNikos has 60 seconds left.\n|inactive|ChronicNikos has 30 seconds left.\n|\n|t:|1776277577\n|teamsize|p1|4\n|teamsize|p2|4\n|start\n|switch|p1a: Garchomp|Garchomp, L50, M|100/100\n|switch|p1b: Charizard|Charizard, L50, M|100/100\n|switch|p2a: Gengar|Gengar, L50, F, shiny|100/100\n|switch|p2b: Ian|Incineroar, L50, M|100/100\n|-ability|p2b: Ian|Intimidate|boost\n|-unboost|p1a: Garchomp|atk|1\n|-unboost|p1b: Charizard|atk|1\n|turn|1\n|inactive|ChronicNikos has 30 seconds left.\n|inactive|ChronicNikos has 20 seconds left.\n|\n|t:|1776277616\n|detailschange|p2a: Gengar|Gengar-Mega, L50, F, shiny\n|-mega|p2a: Gengar|Gengar|Gengarite\n|move|p1b: Charizard|Protect|p1b: Charizard\n|-singleturn|p1b: Charizard|Protect\n|move|p2b: Ian|Fake Out|p1a: Garchomp\n|-damage|p1a: Garchomp|90/100\n|-damage|p2b: Ian|88/100|[from] ability: Rough Skin|[of] p1a: Garchomp\n|move|p2a: Gengar|Perish Song|p2a: Gengar\n|-start|p1a: Garchomp|perish3|[silent]\n|-start|p1b: Charizard|perish3|[silent]\n|-start|p2a: Gengar|perish3|[silent]\n|-start|p2b: Ian|perish3|[silent]\n|-fieldactivate|move: Perish Song\n|cant|p1a: Garchomp|flinch\n|\n|-start|p2a: Gengar|perish3\n|-start|p1a: Garchomp|perish3\n|-start|p1b: Charizard|perish3\n|-start|p2b: Ian|perish3\n|upkeep\n|turn|2\n|\n|t:|1776277640\n|move|p2a: Gengar|Protect|p2a: Gengar\n|-singleturn|p2a: Gengar|Protect\n|move|p2b: Ian|Protect|p2b: Ian\n|-singleturn|p2b: Ian|Protect\n|move|p1a: Garchomp|Earthquake|p2a: Gengar|[spread] \n|-activate|p2a: Gengar|move: Protect\n|-activate|p2b: Ian|move: Protect\n|-immune|p1b: Charizard\n|move|p1b: Charizard|Air Slash|p2b: Ian\n|-activate|p2b: Ian|move: Protect\n|\n|-start|p2a: Gengar|perish2\n|-start|p1a: Garchomp|perish2\n|-start|p1b: Charizard|perish2\n|-start|p2b: Ian|perish2\n|upkeep\n|turn|3\n|inactive|ChronicNikos has 30 seconds left.\n|\n|t:|1776277670\n|switch|p2a: Rosey|Politoed, L50, M|100/100\n|-weather|RainDance|[from] ability: Drizzle|[of] p2a: Rosey\n|detailschange|p1b: Charizard|Charizard-Mega-Y, L50, M\n|-mega|p1b: Charizard|Charizard|Charizardite Y\n|-weather|SunnyDay|[from] ability: Drought|[of] p1b: Charizard\n|move|p1a: Garchomp|Earthquake|p2a: Rosey|[spread] p2a,p2b\n|-immune|p1b: Charizard\n|-supereffective|p2b: Ian|1\n|-damage|p2a: Rosey|74/100\n|-damage|p2b: Ian|40/100\n|-enditem|p2b: Ian|Sitrus Berry|[eat]\n|-heal|p2b: Ian|64/100|[from] item: Sitrus Berry\n|move|p1b: Charizard|Air Slash|p2b: Ian\n|-damage|p2b: Ian|30/100\n|cant|p2b: Ian|flinch\n|\n|-weather|SunnyDay|[upkeep]\n|-heal|p2a: Rosey|80/100|[from] item: Leftovers\n|-start|p1a: Garchomp|perish1\n|-start|p1b: Charizard|perish1\n|-start|p2b: Ian|perish1\n|upkeep\n|turn|4\n|inactive|Vgenmanuel has 30 seconds left.\n|inactive|ChronicNikos has 30 seconds left.\n|inactive|ChronicNikos has 20 seconds left.\n|\n|t:|1776277706\n|move|p1a: Garchomp|Earthquake|p2b: Ian|[spread] p2a,p2b\n|-immune|p1b: Charizard\n|-supereffective|p2b: Ian|1\n|-damage|p2a: Rosey|52/100\n|-damage|p2b: Ian|0 fnt\n|faint|p2b: Ian\n|move|p1b: Charizard|Heat Wave|p2a: Rosey\n|-resisted|p2a: Rosey|1\n|-damage|p2a: Rosey|21/100\n|move|p2a: Rosey|Perish Song|p2a: Rosey\n|-start|p2a: Rosey|perish3|[silent]\n|-fieldactivate|move: Perish Song\n|\n|-weather|SunnyDay|[upkeep]\n|-heal|p2a: Rosey|27/100|[from] item: Leftovers\n|-start|p1a: Garchomp|perish0\n|-start|p1b: Charizard|perish0\n|-start|p2a: Rosey|perish3\n|faint|p1a: Garchomp\n|faint|p1b: Charizard\n|upkeep\n|inactive|ChronicNikos has 30 seconds left.\n|inactive|ChronicNikos has 20 seconds left.\n|\n|t:|1776277744\n|switch|p1a: Sneasler|Sneasler, L50, F|100/100\n|switch|p1b: Basculegion|Basculegion, L50, M|100/100\n|switch|p2b: Stephen|Basculegion, L50, M|100/100\n|turn|5\n|inactive|Vgenmanuel has 30 seconds left.\n|\n|t:|1776277774\n|switch|p2a: Gengar|Gengar-Mega, L50, F, shiny|100/100\n|move|p2b: Stephen|Last Respects|p1b: Basculegion\n|-supereffective|p1b: Basculegion|1\n|-damage|p1b: Basculegion|0 fnt\n|faint|p1b: Basculegion\n|move|p1a: Sneasler|Rock Tomb|p2b: Stephen\n|-damage|p2b: Stephen|73/100\n|-unboost|p2b: Stephen|spe|1\n|\n|-weather|SunnyDay|[upkeep]\n|upkeep\n|turn|6\n|-message|Vgenmanuel forfeited.\n|\n|win|ChronicNikos\n|raw|Vgenmanuel's rating: 1260 &rarr; <strong>1238</strong><br />(-22 for losing)\n|raw|ChronicNikos's rating: 1308 &rarr; <strong>1325</strong><br />(+17 for winning)\n|l|\u2606Vgenmanuel\n|player|p1|\n",
  "uploadtime": 1776277802,
  "views": 28,
  "formatid": "gen9championsvgc2026regma",
  "rating": 1238,
  "private": 0,
  "password": null
}