{
  "id": "gen9championsvgc2026regma-2583803405",
  "format": "[Gen 9 Champions] VGC 2026 Reg M-A",
  "players": [
    "JRaGssb",
    "All-StarVGC"
  ],
  "log": "|j|\u2606JRaGssb\n|j|\u2606All-StarVGC\n|t:|1776198849\n|gametype|doubles\n|player|p1|JRaGssb|265|1034\n|player|p2|All-StarVGC|red|1055\n|gen|9\n|tier|[Gen 9 Champions] VGC 2026 Reg M-A\n|rated|\n|rule|Species Clause: Limit one of each Pok\u00e9mon\n|rule|Item Clause: Limit 1 of each item\n|clearpoke\n|poke|p1|Gengar, L50, F|\n|poke|p1|Sinistcha, L50|\n|poke|p1|Incineroar, L50, M|\n|poke|p1|Kommo-o, L50, M|\n|poke|p1|Tyranitar, L50, M|\n|poke|p1|Kingambit, L50, F|\n|poke|p2|Incineroar, L50, M|\n|poke|p2|Archaludon, L50, M|\n|poke|p2|Pelipper, L50, M|\n|poke|p2|Floette-Eternal, L50, F|\n|poke|p2|Meganium, L50, M|\n|poke|p2|Sinistcha, L50|\n|teampreview|4\n|inactive|Battle timer is ON: inactive players will automatically lose when time's up. (requested by All-StarVGC)\nAll-StarVGC has agreed to open team sheets.\n|\n|t:|1776198866\n|teamsize|p1|4\n|teamsize|p2|4\n|start\n|switch|p1a: Gengar|Gengar, L50, F, shiny|100/100\n|switch|p1b: Incineroar|Incineroar, L50, M|100/100\n|switch|p2a: Incineroar|Incineroar, L50, M|100/100\n|switch|p2b: Floette|Floette-Eternal, L50, F|100/100\n|-ability|p2a: Incineroar|Intimidate|boost\n|-unboost|p1a: Gengar|atk|1\n|-unboost|p1b: Incineroar|atk|1\n|-ability|p1b: Incineroar|Intimidate|boost\n|-unboost|p2a: Incineroar|atk|1\n|-unboost|p2b: Floette|atk|1\n|turn|1\n|inactive|JRaGssb has 30 seconds left.\n|\n|t:|1776198892\n|detailschange|p1a: Gengar|Gengar-Mega, L50, F, shiny\n|-mega|p1a: Gengar|Gengar|Gengarite\n|detailschange|p2b: Floette|Floette-Mega, L50, F\n|-mega|p2b: Floette|Floette|Floettite\n|-ability|p2b: Floette|Fairy Aura\n|move|p1b: Incineroar|Fake Out|p2b: Floette\n|-damage|p2b: Floette|92/100\n|move|p2a: Incineroar|Fake Out|p1b: Incineroar\n|-damage|p1b: Incineroar|93/100\n|move|p1a: Gengar|Perish Song|p1a: Gengar\n|-start|p1a: Gengar|perish3|[silent]\n|-start|p1b: Incineroar|perish3|[silent]\n|-start|p2a: Incineroar|perish3|[silent]\n|-start|p2b: Floette|perish3|[silent]\n|-fieldactivate|move: Perish Song\n|cant|p2b: Floette|flinch\n|\n|-start|p1a: Gengar|perish3\n|-start|p2b: Floette|perish3\n|-start|p1b: Incineroar|perish3\n|-start|p2a: Incineroar|perish3\n|upkeep\n|turn|2\n|inactive|JRaGssb has 30 seconds left.\n|\n|t:|1776198919\n|move|p1a: Gengar|Protect|p1a: Gengar\n|-singleturn|p1a: Gengar|Protect\n|move|p2b: Floette|Psychic|p1a: Gengar\n|-activate|p1a: Gengar|move: Protect\n|move|p1b: Incineroar|Parting Shot|p2b: Floette\n|-unboost|p2b: Floette|atk|1\n|-unboost|p2b: Floette|spa|1\n|\n|t:|1776198931\n|switch|p1b: Sinistcha|Sinistcha, L50|100/100|[from] Parting Shot\n|move|p2a: Incineroar|Snarl|p1a: Gengar|[spread] p1b\n|-activate|p1a: Gengar|move: Protect\n|-supereffective|p1b: Sinistcha|1\n|-damage|p1b: Sinistcha|77/100\n|-unboost|p1b: Sinistcha|spa|1\n|\n|-start|p1a: Gengar|perish2\n|-start|p2b: Floette|perish2\n|-start|p2a: Incineroar|perish2\n|upkeep\n|turn|3\n|inactive|JRaGssb has 30 seconds left.\n|inactive|JRaGssb has 20 seconds left.\n|\n|t:|1776198970\n|move|p1b: Sinistcha|Protect|p1b: Sinistcha\n|-singleturn|p1b: Sinistcha|Protect\n|move|p1a: Gengar|Shadow Ball|p2b: Floette\n|-damage|p2b: Floette|54/100\n|move|p2b: Floette|Psychic|p1a: Gengar\n|-supereffective|p1a: Gengar|1\n|-damage|p1a: Gengar|37/100\n|-unboost|p1a: Gengar|spd|1\n|move|p2a: Incineroar|Flare Blitz|p1b: Sinistcha\n|-activate|p1b: Sinistcha|move: Protect\n|\n|-start|p1a: Gengar|perish1\n|-start|p2b: Floette|perish1\n|-start|p2a: Incineroar|perish1\n|upkeep\n|turn|4\n|inactive|JRaGssb has 30 seconds left.\n|inactive|All-StarVGC has 30 seconds left.\n|inactive|JRaGssb has 20 seconds left.\n|\n|t:|1776199005\n|switch|p1a: Incineroar|Incineroar, L50, M|93/100\n|-ability|p1a: Incineroar|Intimidate|boost\n|-unboost|p2a: Incineroar|atk|1\n|-unboost|p2b: Floette|atk|1\n|move|p2b: Floette|Psychic|p1a: Incineroar\n|-immune|p1a: Incineroar\n|move|p1b: Sinistcha|Matcha Gotcha|p2b: Floette|[spread] p2a,p2b\n|-resisted|p2a: Incineroar|1\n|-damage|p2a: Incineroar|94/100\n|-heal|p1b: Sinistcha|81/100|[from] drain|[of] p2a: Incineroar\n|-damage|p2b: Floette|40/100\n|-heal|p1b: Sinistcha|87/100|[from] drain|[of] p2b: Floette\n|move|p2a: Incineroar|Parting Shot|p1b: Sinistcha\n|-unboost|p1b: Sinistcha|atk|1\n|-unboost|p1b: Sinistcha|spa|1\n|\n|t:|1776199022\n|switch|p2a: Pelipper|Pelipper, L50, M|100/100|[from] Parting Shot\n|-weather|RainDance|[from] ability: Drizzle|[of] p2a: Pelipper\n|\n|-weather|RainDance|[upkeep]\n|-start|p2b: Floette|perish0\n|upkeep\n|faint|p2b: Floette\n|\n|t:|1776199028\n|switch|p2b: Archaludon|Archaludon, L50, M|100/100\n|turn|5\n|\n|t:|1776199047\n|switch|p1b: Tyranitar|Tyranitar, L50, M|100/100\n|-weather|Sandstorm|[from] ability: Sand Stream|[of] p1b: Tyranitar\n|move|p1a: Incineroar|Fake Out|p2b: Archaludon\n|-resisted|p2b: Archaludon|1\n|-damage|p2b: Archaludon|96/100\n|-ability|p2b: Archaludon|Stamina|boost\n|-boost|p2b: Archaludon|def|1\n|cant|p2b: Archaludon|flinch\n|move|p2a: Pelipper|Hurricane|p1b: Tyranitar\n|-resisted|p1b: Tyranitar|1\n|-damage|p1b: Tyranitar|86/100\n|\n|-weather|Sandstorm|[upkeep]\n|-damage|p2a: Pelipper|95/100|[from] Sandstorm\n|-damage|p1a: Incineroar|87/100|[from] Sandstorm\n|upkeep\n|turn|6\n|inactive|JRaGssb has 30 seconds left.\n|inactive|All-StarVGC has 30 seconds left.\n|inactive|JRaGssb has 20 seconds left.\n|inactive|JRaGssb has 15 seconds left.\n|\n|t:|1776199090\n|move|p1a: Incineroar|Protect|p1a: Incineroar\n|-singleturn|p1a: Incineroar|Protect\n|move|p2b: Archaludon|Aura Sphere|p1b: Tyranitar\n|-supereffective|p1b: Tyranitar|2\n|-damage|p1b: Tyranitar|25/100\n|move|p2a: Pelipper|U-turn|p1b: Tyranitar\n|-supereffective|p1b: Tyranitar|1\n|-damage|p1b: Tyranitar|12/100\n|\n|t:|1776199099\n|switch|p2a: Incineroar|Incineroar, L50, M|94/100|[from] U-turn\n|-ability|p2a: Incineroar|Intimidate|boost\n|-unboost|p1a: Incineroar|atk|1\n|-unboost|p1b: Tyranitar|atk|1\n|move|p1b: Tyranitar|Low Kick|p2b: Archaludon\n|-supereffective|p2b: Archaludon|1\n|-damage|p2b: Archaludon|74/100\n|-ability|p2b: Archaludon|Stamina|boost\n|-boost|p2b: Archaludon|def|1\n|\n|-weather|Sandstorm|[upkeep]\n|-damage|p1a: Incineroar|81/100|[from] Sandstorm\n|-damage|p2a: Incineroar|88/100|[from] Sandstorm\n|upkeep\n|turn|7\n|inactive|JRaGssb has 30 seconds left.\n|\n|t:|1776199129\n|move|p1b: Tyranitar|Protect|p1b: Tyranitar\n|-singleturn|p1b: Tyranitar|Protect\n|move|p2a: Incineroar|Fake Out|p1b: Tyranitar\n|-activate|p1b: Tyranitar|move: Protect\n|move|p2b: Archaludon|Aura Sphere|p1a: Incineroar\n|-supereffective|p1a: Incineroar|1\n|-enditem|p1a: Incineroar|Chople Berry|[eat]\n|-enditem|p1a: Incineroar|Chople Berry|[weaken]\n|-damage|p1a: Incineroar|60/100\n|move|p1a: Incineroar|Parting Shot|p2b: Archaludon\n|-unboost|p2b: Archaludon|atk|1\n|-unboost|p2b: Archaludon|spa|1\n|\n|t:|1776199146\n|switch|p1a: Sinistcha|Sinistcha, L50|87/100|[from] Parting Shot\n|-enditem|p2b: Archaludon|White Herb\n|-clearnegativeboost|p2b: Archaludon|[silent]\n|-heal|p1b: Tyranitar|37/100|[from] ability: Hospitality|[of] p1a: Sinistcha\n|\n|-weather|Sandstorm|[upkeep]\n|-damage|p1a: Sinistcha|81/100|[from] Sandstorm\n|-damage|p2a: Incineroar|82/100|[from] Sandstorm\n|upkeep\n|turn|8\n|inactive|JRaGssb has 30 seconds left.\n|\n|t:|1776199174\n|switch|p1b: Incineroar|Incineroar, L50, M|60/100\n|-ability|p1b: Incineroar|Intimidate|boost\n|-unboost|p2a: Incineroar|atk|1\n|-unboost|p2b: Archaludon|atk|1\n|move|p2b: Archaludon|Aura Sphere|p1b: Incineroar\n|-supereffective|p1b: Incineroar|1\n|-damage|p1b: Incineroar|17/100\n|move|p1a: Sinistcha|Strength Sap|p2a: Incineroar\n|-unboost|p2a: Incineroar|atk|1\n|-heal|p1a: Sinistcha|100/100\n|move|p2a: Incineroar|Parting Shot|p1b: Incineroar\n|-unboost|p1b: Incineroar|atk|1\n|-unboost|p1b: Incineroar|spa|1\n|\n|t:|1776199188\n|switch|p2a: Pelipper|Pelipper, L50, M|95/100|[from] Parting Shot\n|-weather|RainDance|[from] ability: Drizzle|[of] p2a: Pelipper\n|\n|-weather|RainDance|[upkeep]\n|upkeep\n|turn|9\n|\n|t:|1776199204\n|switch|p1b: Tyranitar|Tyranitar, L50, M|37/100\n|-weather|Sandstorm|[from] ability: Sand Stream|[of] p1b: Tyranitar\n|move|p2b: Archaludon|Aura Sphere|p1b: Tyranitar\n|-supereffective|p1b: Tyranitar|2\n|-damage|p1b: Tyranitar|0 fnt\n|faint|p1b: Tyranitar\n|move|p2a: Pelipper|Hurricane|p1a: Sinistcha|[miss]\n|-miss|p2a: Pelipper|p1a: Sinistcha\n|move|p1a: Sinistcha|Matcha Gotcha|p2a: Pelipper|[spread] p2a,p2b\n|-resisted|p2b: Archaludon|2\n|-damage|p2a: Pelipper|49/100\n|-damage|p2b: Archaludon|65/100\n|-status|p2b: Archaludon|brn\n|-ability|p2b: Archaludon|Stamina|boost\n|-boost|p2b: Archaludon|def|1\n|\n|-weather|Sandstorm|[upkeep]\n|-damage|p2a: Pelipper|43/100|[from] Sandstorm\n|-damage|p1a: Sinistcha|94/100|[from] Sandstorm\n|-damage|p2b: Archaludon|59/100 brn|[from] brn\n|upkeep\n|inactive|JRaGssb has 30 seconds left.\n|\n|t:|1776199232\n|switch|p1b: Incineroar|Incineroar, L50, M|17/100\n|-ability|p1b: Incineroar|Intimidate|boost\n|-unboost|p2a: Pelipper|atk|1\n|-unboost|p2b: Archaludon|atk|1\n|turn|10\n|\n|t:|1776199248\n|move|p1a: Sinistcha|Protect|p1a: Sinistcha\n|-singleturn|p1a: Sinistcha|Protect\n|move|p1b: Incineroar|Fake Out|p2b: Archaludon\n|-resisted|p2b: Archaludon|1\n|-damage|p2b: Archaludon|57/100 brn\n|-ability|p2b: Archaludon|Stamina|boost\n|-boost|p2b: Archaludon|def|1\n|cant|p2b: Archaludon|flinch\n|move|p2a: Pelipper|U-turn|p1b: Incineroar\n|-damage|p1b: Incineroar|12/100\n|\n|t:|1776199258\n|switch|p2a: Incineroar|Incineroar, L50, M|82/100|[from] U-turn\n|-ability|p2a: Incineroar|Intimidate|boost\n|-unboost|p1a: Sinistcha|atk|1\n|-unboost|p1b: Incineroar|atk|1\n|\n|-weather|Sandstorm|[upkeep]\n|-damage|p1a: Sinistcha|88/100|[from] Sandstorm\n|-damage|p2a: Incineroar|76/100|[from] Sandstorm\n|-damage|p1b: Incineroar|6/100|[from] Sandstorm\n|-damage|p2b: Archaludon|51/100 brn|[from] brn\n|upkeep\n|turn|11\n|inactive|JRaGssb has 30 seconds left.\n|\n|t:|1776199288\n|move|p2b: Archaludon|Aura Sphere|p1b: Incineroar\n|-supereffective|p1b: Incineroar|1\n|-damage|p1b: Incineroar|0 fnt\n|faint|p1b: Incineroar\n|move|p1a: Sinistcha|Matcha Gotcha|p2a: Incineroar|[spread] p2a,p2b\n|-resisted|p2a: Incineroar|1\n|-resisted|p2b: Archaludon|2\n|-damage|p2a: Incineroar|65/100\n|-heal|p1a: Sinistcha|94/100|[from] drain|[of] p2a: Incineroar\n|-damage|p2b: Archaludon|42/100 brn\n|-heal|p1a: Sinistcha|99/100|[from] drain|[of] p2b: Archaludon\n|-ability|p2b: Archaludon|Stamina|boost\n|-boost|p2b: Archaludon|def|1\n|move|p2a: Incineroar|Parting Shot|p1a: Sinistcha\n|-unboost|p1a: Sinistcha|atk|1\n|-unboost|p1a: Sinistcha|spa|1\n|\n|t:|1776199304\n|switch|p2a: Pelipper|Pelipper, L50, M|43/100|[from] Parting Shot\n|-weather|RainDance|[from] ability: Drizzle|[of] p2a: Pelipper\n|\n|-weather|RainDance|[upkeep]\n|-damage|p2b: Archaludon|36/100 brn|[from] brn\n|upkeep\n|\n|t:|1776199312\n|switch|p1b: Gengar|Gengar-Mega, L50, F, shiny|37/100\n|turn|12\n|\n|t:|1776199394\n|move|p2a: Pelipper|Protect|p2a: Pelipper\n|-singleturn|p2a: Pelipper|Protect\n|move|p1a: Sinistcha|Rage Powder|p1a: Sinistcha\n|-singleturn|p1a: Sinistcha|move: Rage Powder\n|move|p1b: Gengar|Shadow Ball|p2b: Archaludon\n|-damage|p2b: Archaludon|0 fnt\n|faint|p2b: Archaludon\n|\n|-weather|RainDance|[upkeep]\n|upkeep\n|inactive|All-StarVGC has 30 seconds left.\n|inactive|All-StarVGC has 20 seconds left.\n|\n|t:|1776199442\n|switch|p2b: Incineroar|Incineroar, L50, M|65/100\n|-ability|p2b: Incineroar|Intimidate|boost\n|-unboost|p1a: Sinistcha|atk|1\n|-unboost|p1b: Gengar|atk|1\n|turn|13\n|inactive|JRaGssb has 30 seconds left.\n|inactive|JRaGssb has 20 seconds left.\n|\n|t:|1776199480\n|move|p1a: Sinistcha|Rage Powder|p1a: Sinistcha\n|-singleturn|p1a: Sinistcha|move: Rage Powder\n|move|p1b: Gengar|Shadow Ball|p2a: Pelipper\n|-damage|p2a: Pelipper|0 fnt\n|faint|p2a: Pelipper\n|move|p2b: Incineroar|Snarl|p1a: Sinistcha|[spread] p1a,p1b\n|-supereffective|p1a: Sinistcha|1\n|-supereffective|p1b: Gengar|1\n|-damage|p1a: Sinistcha|77/100\n|-damage|p1b: Gengar|14/100\n|-unboost|p1a: Sinistcha|spa|1\n|-unboost|p1b: Gengar|spa|1\n|\n|-weather|RainDance|[upkeep]\n|upkeep\n|turn|14\n|inactive|JRaGssb has 30 seconds left this turn.\n|inactive|JRaGssb has 20 seconds left.\n|inactive|JRaGssb has 15 seconds left.\n|inactive|JRaGssb has 10 seconds left.\n|\n|t:|1776199502\n|move|p1b: Gengar|Disable|p2b: Incineroar\n|-start|p2b: Incineroar|Disable|Snarl\n|move|p1a: Sinistcha|Strength Sap|p2b: Incineroar\n|-unboost|p2b: Incineroar|atk|1\n|-heal|p1a: Sinistcha|100/100\n|cant|p2b: Incineroar|Disable|Snarl\n|\n|-weather|RainDance|[upkeep]\n|upkeep\n|turn|15\n|inactive|JRaGssb has 10 seconds left this turn.\n|inactive|JRaGssb has 5 seconds left.\n|-message|JRaGssb lost due to inactivity.\n|\n|win|All-StarVGC\n|raw|JRaGssb's rating: 1034 &rarr; <strong>1020</strong><br />(-14 for losing)\n|raw|All-StarVGC's rating: 1055 &rarr; <strong>1085</strong><br />(+30 for winning)\n|l|\u2606JRaGssb\n|player|p1|\n",
  "uploadtime": 1776199530,
  "views": 15,
  "formatid": "gen9championsvgc2026regma",
  "rating": 1020,
  "private": 0,
  "password": null
}