{
  "id": "gen9championsvgc2026regma-2583412731",
  "format": "[Gen 9 Champions] VGC 2026 Reg M-A",
  "players": [
    "Riczi",
    "haydnjm31"
  ],
  "log": "|j|\u2606Riczi\n|j|\u2606haydnjm31\n|t:|1776173955\n|gametype|doubles\n|player|p1|Riczi|101|1268\n|player|p2|haydnjm31|gardenia|1268\n|gen|9\n|tier|[Gen 9 Champions] VGC 2026 Reg M-A\n|rated|\n|rule|Species Clause: Limit one of each Pok\u00e9mon\n|rule|Item Clause: Limit 1 of each item\n|clearpoke\n|poke|p1|Farigiraf, L50, F|\n|poke|p1|Kingambit, L50, F|\n|poke|p1|Basculegion, L50, M|\n|poke|p1|Arcanine-Hisui, L50, M|\n|poke|p1|Abomasnow, L50, F|\n|poke|p1|Sneasler, L50, F|\n|poke|p2|Weavile, L50, M|\n|poke|p2|Froslass, L50, F|\n|poke|p2|Talonflame, L50, M|\n|poke|p2|Rotom-Wash, L50|\n|poke|p2|Sneasler, L50, F|\n|poke|p2|Kingambit, L50, M|\n|teampreview|4\n|\n|t:|1776173997\n|teamsize|p1|4\n|teamsize|p2|4\n|start\n|switch|p1a: Farigiraf|Farigiraf, L50, F|100/100\n|switch|p1b: Basculegion|Basculegion, L50, M|100/100\n|switch|p2a: Kingambit|Kingambit, L50, M|100/100\n|switch|p2b: Sneasler|Sneasler, L50, F|100/100\n|turn|1\n|\n|t:|1776174022\n|move|p1a: Farigiraf|Protect|p1a: Farigiraf\n|-singleturn|p1a: Farigiraf|Protect\n|move|p1b: Basculegion|Wave Crash|p2a: Kingambit\n|-damage|p2a: Kingambit|58/100\n|-damage|p1b: Basculegion|87/100|[from] Recoil\n|move|p2b: Sneasler|Dire Claw|p1a: Farigiraf\n|-activate|p1a: Farigiraf|move: Protect\n|move|p2a: Kingambit|Kowtow Cleave|p1a: Farigiraf\n|-activate|p1a: Farigiraf|move: Protect\n|\n|upkeep\n|turn|2\n|\n|t:|1776174048\n|switch|p1b: Abomasnow|Abomasnow, L50, F|100/100\n|-weather|Snowscape|[from] ability: Snow Warning|[of] p1b: Abomasnow\n|move|p2a: Kingambit|Sucker Punch||[still]\n|cant|p1a: Farigiraf|ability: Armor Tail|Sucker Punch|[of] p2a: Kingambit\n|move|p2b: Sneasler|Close Combat|p1a: Farigiraf\n|-damage|p1a: Farigiraf|42/100\n|-unboost|p2b: Sneasler|def|1\n|-unboost|p2b: Sneasler|spd|1\n|-enditem|p2b: Sneasler|White Herb\n|-clearnegativeboost|p2b: Sneasler|[silent]\n|move|p1a: Farigiraf|Trick Room|p1a: Farigiraf\n|-fieldstart|move: Trick Room|[of] p1a: Farigiraf\n|\n|-weather|Snowscape|[upkeep]\n|upkeep\n|turn|3\n|\n|t:|1776174070\n|detailschange|p1b: Abomasnow|Abomasnow-Mega, L50, F\n|-mega|p1b: Abomasnow|Abomasnow|Abomasite\n|move|p2b: Sneasler|Protect|p2b: Sneasler\n|-singleturn|p2b: Sneasler|Protect\n|move|p1b: Abomasnow|Earth Power|p2a: Kingambit\n|-supereffective|p2a: Kingambit|1\n|-damage|p2a: Kingambit|0 fnt\n|faint|p2a: Kingambit\n|move|p1a: Farigiraf|Twin Beam|p2b: Sneasler\n|-activate|p2b: Sneasler|move: Protect\n|\n|-weather|Snowscape|[upkeep]\n|upkeep\n|\n|t:|1776174078\n|switch|p2a: Talonflame|Talonflame, L50, M|100/100\n|turn|4\n|\n|t:|1776174096\n|move|p2a: Talonflame|Brave Bird||[still]\n|cant|p1a: Farigiraf|ability: Armor Tail|Brave Bird|[of] p2a: Talonflame\n|move|p1b: Abomasnow|Blizzard|p2a: Talonflame|[spread] p2a,p2b\n|-crit|p2b: Sneasler\n|-damage|p2a: Talonflame|28/100\n|-damage|p2b: Sneasler|13/100\n|move|p1a: Farigiraf|Twin Beam|p2b: Sneasler\n|-supereffective|p2b: Sneasler|2\n|-damage|p2b: Sneasler|0 fnt\n|faint|p2b: Sneasler\n|-hitcount|p2: Sneasler|1\n|\n|-weather|Snowscape|[upkeep]\n|upkeep\n|\n|t:|1776174102\n|switch|p2b: Froslass|Froslass, L50, F|100/100\n|turn|5\n|-message|haydnjm31 forfeited.\n|\n|win|Riczi\n|raw|Riczi's rating: 1268 &rarr; <strong>1293</strong><br />(+25 for winning)\n|raw|haydnjm31's rating: 1268 &rarr; <strong>1243</strong><br />(-25 for losing)\n|l|\u2606haydnjm31\n|player|p2|\n",
  "uploadtime": 1776174130,
  "views": 33,
  "formatid": "gen9championsvgc2026regma",
  "rating": 1243,
  "private": 0,
  "password": null
}