{
  "id": "gen9championsvgc2026regma-2586746553",
  "format": "[Gen 9 Champions] VGC 2026 Reg M-A",
  "players": [
    "mrpoopass",
    "Quaza15"
  ],
  "log": "|j|\u2606mrpoopass\n|j|\u2606Quaza15\n|t:|1776456679\n|gametype|doubles\n|player|p1|mrpoopass|blaine|1249\n|player|p2|Quaza15|ruinmaniac|1353\n|gen|9\n|tier|[Gen 9 Champions] VGC 2026 Reg M-A\n|rated|\n|rule|Species Clause: Limit one of each Pok\u00e9mon\n|rule|Item Clause: Limit 1 of each item\n|clearpoke\n|poke|p1|Scovillain, L50, M|\n|poke|p1|Cofagrigus, L50, M|\n|poke|p1|Hatterene, L50, F|\n|poke|p1|Rotom-Wash, L50|\n|poke|p1|Kingambit, L50, M|\n|poke|p1|Volcarona, L50, M|\n|poke|p2|Meganium, L50, F|\n|poke|p2|Tyranitar, L50, F|\n|poke|p2|Garchomp, L50, M|\n|poke|p2|Aegislash, L50, M|\n|poke|p2|Milotic, L50, M|\n|poke|p2|Aerodactyl, L50, F|\n|teampreview|4\n|inactive|Battle timer is ON: inactive players will automatically lose when time's up. (requested by mrpoopass)\n|inactive|Quaza15 has 60 seconds left.\n|\n|t:|1776456713\n|teamsize|p1|4\n|teamsize|p2|4\n|start\n|switch|p1a: Scovillain|Scovillain, L50, M|100/100\n|switch|p1b: Cofagrigus|Cofagrigus, L50, M, shiny|100/100\n|switch|p2a: Garchomp|Garchomp, L50, M|100/100\n|switch|p2b: Meganium|Meganium, L50, F|100/100\n|turn|1\n|\n|t:|1776456738\n|detailschange|p2b: Meganium|Meganium-Mega, L50, F\n|-mega|p2b: Meganium|Meganium|Meganiumite\n|move|p1a: Scovillain|Protect|p1a: Scovillain\n|-singleturn|p1a: Scovillain|Protect\n|move|p2a: Garchomp|Earthquake|p1a: Scovillain|[spread] p2b,p1b\n|-activate|p1a: Scovillain|move: Protect\n|-resisted|p2b: Meganium|1\n|-damage|p2b: Meganium|80/100\n|-damage|p1b: Cofagrigus|68/100\n|move|p2b: Meganium|Solar Beam||[still]\n|-prepare|p2b: Meganium|Solar Beam\n|-activate|p2b: Meganium|ability: Mega Sol\n|-anim|p2b: Meganium|Solar Beam|p1b: Cofagrigus\n|-damage|p1b: Cofagrigus|13/100\n|move|p1b: Cofagrigus|Trick Room|p1b: Cofagrigus\n|-fieldstart|move: Trick Room|[of] p1b: Cofagrigus\n|\n|-ability|p1a: Scovillain|Moody|boost\n|-boost|p1a: Scovillain|def|2\n|-unboost|p1a: Scovillain|spa|1\n|upkeep\n|turn|2\n|\n|t:|1776456757\n|detailschange|p1a: Scovillain|Scovillain-Mega, L50, M\n|-mega|p1a: Scovillain|Scovillain|Scovillainite\n|move|p2b: Meganium|Protect|p2b: Meganium\n|-singleturn|p2b: Meganium|Protect\n|move|p1b: Cofagrigus|Skill Swap|p2b: Meganium\n|-activate|p2b: Meganium|move: Protect\n|move|p1a: Scovillain|Leech Seed|p2a: Garchomp\n|-start|p2a: Garchomp|move: Leech Seed\n|move|p2a: Garchomp|Earthquake|p1b: Cofagrigus|[spread] p1a,p1b\n|-activate|p2b: Meganium|move: Protect\n|-crit|p1a: Scovillain\n|-damage|p1a: Scovillain|32/100\n|-damage|p1b: Cofagrigus|0 fnt\n|-status|p2a: Garchomp|brn|[from] ability: Spicy Spray|[of] p1a: Scovillain\n|faint|p1b: Cofagrigus\n|\n|-damage|p2a: Garchomp|88/100 brn|[from] Leech Seed|[of] p1a: Scovillain\n|-heal|p1a: Scovillain|46/100|[silent]\n|-damage|p2a: Garchomp|82/100 brn|[from] brn\n|upkeep\n|\n|t:|1776456762\n|switch|p1b: Kingambit|Kingambit, L50, M|100/100\n|turn|3\n|\n|t:|1776456777\n|switch|p2b: Milotic|Milotic, L50, M|100/100\n|move|p1b: Kingambit|Iron Head|p2b: Milotic\n|-resisted|p2b: Milotic|1\n|-damage|p2b: Milotic|80/100\n|move|p1a: Scovillain|Flamethrower|p2b: Milotic\n|-resisted|p2b: Milotic|1\n|-damage|p2b: Milotic|69/100\n|move|p2a: Garchomp|Earthquake|p1b: Kingambit|[spread] p2b,p1a,p1b\n|-supereffective|p1b: Kingambit|1\n|-damage|p2b: Milotic|51/100\n|-damage|p1a: Scovillain|36/100\n|-damage|p1b: Kingambit|70/100\n|\n|-heal|p2b: Milotic|57/100|[from] item: Leftovers\n|-damage|p2a: Garchomp|70/100 brn|[from] Leech Seed|[of] p1a: Scovillain\n|-heal|p1a: Scovillain|50/100|[silent]\n|-damage|p2a: Garchomp|64/100 brn|[from] brn\n|upkeep\n|turn|4\n|\n|t:|1776456792\n|switch|p1b: Hatterene|Hatterene, L50, F, shiny|100/100\n|switch|p2a: Meganium|Meganium-Mega, L50, F|80/100\n|move|p1a: Scovillain|Leech Seed|p2b: Milotic\n|-start|p2b: Milotic|move: Leech Seed\n|move|p2b: Milotic|Scald|p1a: Scovillain\n|-damage|p1a: Scovillain|14/100\n|-status|p2b: Milotic|brn|[from] ability: Spicy Spray|[of] p1a: Scovillain\n|\n|-heal|p2b: Milotic|63/100 brn|[from] item: Leftovers\n|-damage|p2b: Milotic|51/100 brn|[from] Leech Seed|[of] p1a: Scovillain\n|-heal|p1a: Scovillain|29/100|[silent]\n|-damage|p2b: Milotic|45/100 brn|[from] brn\n|upkeep\n|turn|5\n|\n|t:|1776456808\n|switch|p2b: Garchomp|Garchomp, L50, M|64/100 brn\n|move|p2a: Meganium|Protect|p2a: Meganium\n|-singleturn|p2a: Meganium|Protect\n|move|p1b: Hatterene|Dazzling Gleam|p2a: Meganium|[spread] p2b\n|-activate|p2a: Meganium|move: Protect\n|-supereffective|p2b: Garchomp|1\n|-damage|p2b: Garchomp|0 fnt\n|faint|p2b: Garchomp\n|move|p1a: Scovillain|Flamethrower|p2a: Meganium\n|-activate|p2a: Meganium|move: Protect\n|\n|-fieldend|move: Trick Room\n|upkeep\n|\n|t:|1776456815\n|switch|p2b: Milotic|Milotic, L50, M|45/100 brn\n|turn|6\n|\n|t:|1776456822\n|move|p1b: Hatterene|Protect|p1b: Hatterene\n|-singleturn|p1b: Hatterene|Protect\n|move|p2a: Meganium|Weather Ball|p1a: Scovillain\n|-damage|p1a: Scovillain|0 fnt\n|-status|p2a: Meganium|brn|[from] ability: Spicy Spray|[of] p1a: Scovillain\n|faint|p1a: Scovillain\n|move|p2b: Milotic|Scald|p1b: Hatterene\n|-activate|p1b: Hatterene|move: Protect\n|\n|-heal|p2b: Milotic|51/100 brn|[from] item: Leftovers\n|-damage|p2a: Meganium|74/100 brn|[from] brn\n|-damage|p2b: Milotic|45/100 brn|[from] brn\n|upkeep\n|\n|t:|1776456828\n|switch|p1a: Kingambit|Kingambit, L50, M|70/100\n|turn|7\n|\n|t:|1776456835\n|move|p1a: Kingambit|Protect|p1a: Kingambit\n|-singleturn|p1a: Kingambit|Protect\n|move|p2a: Meganium|Weather Ball|p1a: Kingambit\n|-activate|p1a: Kingambit|move: Protect\n|move|p2b: Milotic|Scald|p1b: Hatterene\n|-damage|p1b: Hatterene|69/100\n|move|p1b: Hatterene|Trick Room|p1b: Hatterene\n|-fieldstart|move: Trick Room|[of] p1b: Hatterene\n|\n|-heal|p2b: Milotic|51/100 brn|[from] item: Leftovers\n|-damage|p2b: Milotic|45/100 brn|[from] brn\n|-damage|p2a: Meganium|68/100 brn|[from] brn\n|upkeep\n|turn|8\n|\n|t:|1776456855\n|move|p1b: Hatterene|Dazzling Gleam|p2b: Milotic|[spread] p2a,p2b\n|-damage|p2a: Meganium|26/100 brn\n|-damage|p2b: Milotic|15/100 brn\n|move|p1a: Kingambit|Iron Head|p2a: Meganium\n|-supereffective|p2a: Meganium|1\n|-damage|p2a: Meganium|0 fnt\n|faint|p2a: Meganium\n|move|p2b: Milotic|Scald|p1a: Kingambit\n|-damage|p1a: Kingambit|37/100\n|-status|p1a: Kingambit|brn\n|\n|-heal|p2b: Milotic|21/100 brn|[from] item: Leftovers\n|-damage|p1a: Kingambit|31/100 brn|[from] brn\n|-damage|p2b: Milotic|15/100 brn|[from] brn\n|upkeep\n|\n|t:|1776456863\n|switch|p2a: Aegislash|Aegislash, L50, M|100/100\n|turn|9\n|\n|t:|1776456875\n|move|p2a: Aegislash|King's Shield|p2a: Aegislash\n|-singleturn|p2a: Aegislash|Protect\n|move|p1b: Hatterene|Psychic|p2b: Milotic\n|-damage|p2b: Milotic|0 fnt\n|faint|p2b: Milotic\n|move|p1a: Kingambit|Kowtow Cleave|p2a: Aegislash\n|-activate|p2a: Aegislash|move: Protect\n|-unboost|p1a: Kingambit|atk|1\n|-ability|p1a: Kingambit|Defiant|boost\n|-boost|p1a: Kingambit|atk|2\n|\n|-damage|p1a: Kingambit|25/100 brn|[from] brn\n|upkeep\n|turn|10\n|\n|t:|1776456885\n|-formechange|p2a: Aegislash|Aegislash-Blade|\n|move|p2a: Aegislash|Shadow Sneak|p1a: Kingambit\n|-resisted|p1a: Kingambit|1\n|-damage|p1a: Kingambit|16/100 brn\n|move|p1b: Hatterene|Dazzling Gleam|p2a: Aegislash\n|-resisted|p2a: Aegislash|1\n|-damage|p2a: Aegislash|49/100\n|move|p1a: Kingambit|Kowtow Cleave|p2a: Aegislash\n|-supereffective|p2a: Aegislash|1\n|-damage|p2a: Aegislash|0 fnt\n|faint|p2a: Aegislash\n|\n|win|mrpoopass\n|raw|mrpoopass's rating: 1249 &rarr; <strong>1281</strong><br />(+32 for winning)\n|raw|Quaza15's rating: 1353 &rarr; <strong>1327</strong><br />(-26 for losing)\n",
  "uploadtime": 1776456886,
  "views": 39,
  "formatid": "gen9championsvgc2026regma",
  "rating": 1281,
  "private": 0,
  "password": null
}