{
  "id": "gen9championsvgc2026regma-2581246474",
  "format": "[Gen 9 Champions] VGC 2026 Reg M-A",
  "players": [
    "NobodyOCE",
    "yocops"
  ],
  "log": "|j|\u2606NobodyOCE\n|j|\u2606yocops\n|t:|1775975801\n|gametype|doubles\n|player|p1|NobodyOCE|koga|1000\n|player|p2|yocops|lady|1062\n|gen|9\n|tier|[Gen 9 Champions] VGC 2026 Reg M-A\n|rated|\n|rule|Species Clause: Limit one of each Pok\u00e9mon\n|rule|Item Clause: Limit 1 of each item\n|clearpoke\n|poke|p1|Tyranitar, L50, M|\n|poke|p1|Corviknight, L50, F|\n|poke|p1|Garchomp, L50, F|\n|poke|p1|Sinistcha, L50|\n|poke|p1|Rotom-Wash, L50|\n|poke|p1|Arcanine-Hisui, L50, M|\n|poke|p2|Charizard, L50, M|\n|poke|p2|Garchomp, L50, M|\n|poke|p2|Gardevoir, L50, M|\n|poke|p2|Farigiraf, L50, F|\n|poke|p2|Volcarona, L50, M|\n|poke|p2|Incineroar, L50, M|\n|teampreview|4\n|inactive|Battle timer is ON: inactive players will automatically lose when time's up. (requested by NobodyOCE)\nyocops has agreed to open team sheets.\n|inactive|NobodyOCE has 60 seconds left.\n|inactive|yocops has 60 seconds left.\n|\n|t:|1775975844\n|teamsize|p1|4\n|teamsize|p2|4\n|start\n|switch|p1a: Tyranitar|Tyranitar, L50, M|100/100\n|switch|p1b: Corviknight|Corviknight, L50, F|100/100\n|switch|p2a: Garchomp|Garchomp, L50, M|100/100\n|switch|p2b: Gardevoir|Gardevoir, L50, M|100/100\n|-weather|Sandstorm|[from] ability: Sand Stream|[of] p1a: Tyranitar\n|turn|1\n|\n|t:|1775975863\n|detailschange|p1a: Tyranitar|Tyranitar-Mega, L50, M\n|-mega|p1a: Tyranitar|Tyranitar|Tyranitarite\n|move|p2b: Gardevoir|Aura Sphere|p1a: Tyranitar\n|-supereffective|p1a: Tyranitar|2\n|-damage|p1a: Tyranitar|45/100\n|move|p2a: Garchomp|Rock Slide|p1b: Corviknight|[spread] p1b\n|-miss|p2a: Garchomp|p1a: Tyranitar\n|-damage|p1b: Corviknight|87/100\n|move|p1a: Tyranitar|Dragon Dance|p1a: Tyranitar\n|-boost|p1a: Tyranitar|atk|1\n|-boost|p1a: Tyranitar|spe|1\n|move|p1b: Corviknight|Tailwind|p1b: Corviknight\n|-sidestart|p1: NobodyOCE|move: Tailwind\n|\n|-weather|Sandstorm|[upkeep]\n|-damage|p2b: Gardevoir|95/100|[from] Sandstorm\n|-heal|p1b: Corviknight|93/100|[from] item: Leftovers\n|upkeep\n|turn|2\n|\n|t:|1775975882\n|move|p1a: Tyranitar|Crunch|p2b: Gardevoir\n|-damage|p2b: Gardevoir|0 fnt\n|faint|p2b: Gardevoir\n|move|p1b: Corviknight|Iron Defense|p1b: Corviknight\n|-boost|p1b: Corviknight|def|2\n|move|p2a: Garchomp|Earthquake|p1a: Tyranitar|[spread] p1a\n|-immune|p1b: Corviknight\n|-supereffective|p1a: Tyranitar|1\n|-damage|p1a: Tyranitar|0 fnt\n|faint|p1a: Tyranitar\n|\n|-weather|Sandstorm|[upkeep]\n|-heal|p1b: Corviknight|99/100|[from] item: Leftovers\n|upkeep\n|\n|t:|1775975899\n|switch|p2b: Incineroar|Incineroar, L50, M|100/100\n|switch|p1a: Arcanine|Arcanine-Hisui, L50, M|100/100\n|-ability|p2b: Incineroar|Intimidate|boost\n|-unboost|p1a: Arcanine|atk|1\n|-ability|p1b: Corviknight|Mirror Armor\n|-unboost|p2b: Incineroar|atk|1\n|turn|3\n|inactive|yocops has 30 seconds left.\n|inactive|yocops has 20 seconds left.\n|\n|t:|1775975934\n|move|p1a: Arcanine|Protect|p1a: Arcanine\n|-singleturn|p1a: Arcanine|Protect\n|move|p2b: Incineroar|Fake Out|p1b: Corviknight\n|-resisted|p1b: Corviknight|1\n|-damage|p1b: Corviknight|97/100\n|cant|p1b: Corviknight|flinch\n|move|p2a: Garchomp|Rock Slide|p1a: Arcanine|[spread] p1b\n|-activate|p1a: Arcanine|move: Protect\n|-damage|p1b: Corviknight|89/100\n|\n|-weather|Sandstorm|[upkeep]\n|-damage|p2b: Incineroar|95/100|[from] Sandstorm\n|-heal|p1b: Corviknight|95/100|[from] item: Leftovers\n|upkeep\n|turn|4\n|inactive|yocops has 30 seconds left.\n|\n|t:|1775975960\n|switch|p1a: Sinistcha|Sinistcha, L50|100/100\n|-heal|p1b: Corviknight|100/100|[from] ability: Hospitality|[of] p1a: Sinistcha\n|move|p2a: Garchomp|Protect|p2a: Garchomp\n|-singleturn|p2a: Garchomp|Protect\n|move|p1b: Corviknight|Body Press|p2b: Incineroar\n|-supereffective|p2b: Incineroar|1\n|-damage|p2b: Incineroar|20/100\n|-enditem|p2b: Incineroar|Sitrus Berry|[eat]\n|-heal|p2b: Incineroar|45/100|[from] item: Sitrus Berry\n|move|p2b: Incineroar|Parting Shot|p1a: Sinistcha\n|-unboost|p1a: Sinistcha|atk|1\n|-unboost|p1a: Sinistcha|spa|1\n|\n|t:|1775975974\n|switch|p2b: Charizard|Charizard, L50, M|100/100|[from] Parting Shot\n|\n|-weather|Sandstorm|[upkeep]\n|-damage|p1a: Sinistcha|94/100|[from] Sandstorm\n|-damage|p2b: Charizard|95/100|[from] Sandstorm\n|-sideend|p1: NobodyOCE|move: Tailwind\n|upkeep\n|turn|5\n|inactive|NobodyOCE has 30 seconds left.\n|inactive|yocops has 30 seconds left.\n|inactive|NobodyOCE has 20 seconds left.\n|inactive|yocops has 20 seconds left.\n|\n|t:|1775976014\n|switch|p2a: Incineroar|Incineroar, L50, M|45/100\n|-ability|p2a: Incineroar|Intimidate|boost\n|-unboost|p1a: Sinistcha|atk|1\n|-ability|p1b: Corviknight|Mirror Armor\n|-unboost|p2a: Incineroar|atk|1\n|switch|p1a: Arcanine|Arcanine-Hisui, L50, M|100/100\n|detailschange|p2b: Charizard|Charizard-Mega-Y, L50, M\n|-mega|p2b: Charizard|Charizard|Charizardite Y\n|-weather|SunnyDay|[from] ability: Drought|[of] p2b: Charizard\n|move|p2b: Charizard|Heat Wave|p1a: Arcanine|[spread] p1a,p1b\n|-resisted|p1a: Arcanine|2\n|-supereffective|p1b: Corviknight|1\n|-damage|p1a: Arcanine|82/100\n|-damage|p1b: Corviknight|3/100\n|-status|p1b: Corviknight|brn\n|move|p1b: Corviknight|Tailwind|p1b: Corviknight\n|-sidestart|p1: NobodyOCE|move: Tailwind\n|\n|-weather|SunnyDay|[upkeep]\n|-heal|p1b: Corviknight|9/100 brn|[from] item: Leftovers\n|-damage|p1b: Corviknight|3/100 brn|[from] brn\n|upkeep\n|turn|6\n|inactive|yocops has 30 seconds left.\n|\n|t:|1775976039\n|move|p2a: Incineroar|Fake Out|p1a: Arcanine\n|-resisted|p1a: Arcanine|1\n|-damage|p1a: Arcanine|78/100\n|cant|p1a: Arcanine|flinch\n|move|p1b: Corviknight|Body Press|p2a: Incineroar\n|-supereffective|p2a: Incineroar|1\n|-damage|p2a: Incineroar|3/100\n|move|p2b: Charizard|Heat Wave|p1b: Corviknight|[spread] p1a,p1b\n|-resisted|p1a: Arcanine|2\n|-supereffective|p1b: Corviknight|1\n|-damage|p1a: Arcanine|59/100\n|-damage|p1b: Corviknight|0 fnt\n|faint|p1b: Corviknight\n|\n|-weather|SunnyDay|[upkeep]\n|upkeep\n|\n|t:|1775976042\n|switch|p1b: Sinistcha|Sinistcha, L50|94/100\n|-heal|p1a: Arcanine|83/100|[from] ability: Hospitality|[of] p1b: Sinistcha\n|turn|7\n|inactive|yocops has 30 seconds left.\n|\n|t:|1775976078\n|switch|p2b: Garchomp|Garchomp, L50, M|100/100\n|move|p1a: Arcanine|Extreme Speed|p2a: Incineroar\n|-crit|p2a: Incineroar\n|-damage|p2a: Incineroar|0 fnt\n|faint|p2a: Incineroar\n|move|p1b: Sinistcha|Life Dew|p1b: Sinistcha|[spread] p1a,p1b\n|-heal|p1a: Arcanine|100/100\n|-heal|p1b: Sinistcha|100/100\n|\n|-weather|SunnyDay|[upkeep]\n|upkeep\n|\n|t:|1775976086\n|switch|p2a: Charizard|Charizard-Mega-Y, L50, M|95/100\n|turn|8\n|inactive|NobodyOCE has 30 seconds left.\n|\n|t:|1775976121\n|move|p2a: Charizard|Protect|p2a: Charizard\n|-singleturn|p2a: Charizard|Protect\n|move|p1a: Arcanine|Head Smash|p2a: Charizard\n|-activate|p2a: Charizard|move: Protect\n|move|p2b: Garchomp|Earthquake|p1b: Sinistcha|[spread] p1a,p1b\n|-activate|p2a: Charizard|move: Protect\n|-supereffective|p1a: Arcanine|2\n|-resisted|p1b: Sinistcha|1\n|-enditem|p1a: Arcanine|Focus Sash\n|-damage|p1a: Arcanine|1/100\n|-damage|p1b: Sinistcha|85/100\n|move|p1b: Sinistcha|Trick Room|p1b: Sinistcha\n|-fieldstart|move: Trick Room|[of] p1b: Sinistcha\n|\n|-weather|SunnyDay|[upkeep]\n|-sideend|p1: NobodyOCE|move: Tailwind\n|upkeep\n|turn|9\n|inactive|yocops has 30 seconds left.\n|\n|t:|1775976155\n|move|p2a: Charizard|Protect|p2a: Charizard\n|-singleturn|p2a: Charizard|Protect\n|move|p1b: Sinistcha|Matcha Gotcha|p2a: Charizard|[spread] p2b\n|-activate|p2a: Charizard|move: Protect\n|-damage|p2b: Garchomp|75/100\n|-heal|p1b: Sinistcha|98/100|[from] drain|[of] p2b: Garchomp\n|move|p1a: Arcanine|Head Smash|p2a: Charizard\n|-activate|p2a: Charizard|move: Protect\n|move|p2b: Garchomp|Rock Slide|p1a: Arcanine|[spread] p1a,p1b\n|-supereffective|p1a: Arcanine|1\n|-damage|p1a: Arcanine|0 fnt\n|-damage|p1b: Sinistcha|82/100\n|faint|p1a: Arcanine\n|\n|-weather|none\n|upkeep\n|turn|10\n|c|\u2606NobodyOCE|game sucks\n|c|\u2606NobodyOCE|haha\n|c|\u2606NobodyOCE|gg\n|\n|t:|1775976178\n|move|p1b: Sinistcha|Matcha Gotcha|p2b: Garchomp|[spread] p2b\n|-miss|p1b: Sinistcha|p2a: Charizard\n|-damage|p2b: Garchomp|45/100\n|-heal|p1b: Sinistcha|98/100|[from] drain|[of] p2b: Garchomp\n|move|p2a: Charizard|Heat Wave|p1b: Sinistcha\n|-supereffective|p1b: Sinistcha|1\n|-damage|p1b: Sinistcha|0 fnt\n|faint|p1b: Sinistcha\n|\n|win|yocops\n|raw|NobodyOCE's rating: 1000 &rarr; <strong>1000</strong><br />(+0 for losing)\n|raw|yocops's rating: 1062 &rarr; <strong>1087</strong><br />(+25 for winning)\n|l|\u2606NobodyOCE\n|player|p1|\n|c|\u2606yocops|i literally prayed for that one\n",
  "uploadtime": 1775976194,
  "views": 37,
  "formatid": "gen9championsvgc2026regma",
  "rating": 1000,
  "private": 0,
  "password": null
}