{
  "id": "gen9championsvgc2026regma-2583040331",
  "format": "[Gen 9 Champions] VGC 2026 Reg M-A",
  "players": [
    "Kailzer",
    "Dat guy In black"
  ],
  "log": "|j|\u2606Kailzer\n|j|\u2606Dat guy In black\n|t:|1776135797\n|gametype|doubles\n|player|p1|Kailzer|morty|1368\n|player|p2|Dat guy In black|roughneck|1383\n|gen|9\n|tier|[Gen 9 Champions] VGC 2026 Reg M-A\n|rated|\n|rule|Species Clause: Limit one of each Pok\u00e9mon\n|rule|Item Clause: Limit 1 of each item\n|clearpoke\n|poke|p1|Talonflame, L50, M|\n|poke|p1|Blastoise, L50, M|\n|poke|p1|Garchomp, L50, M|\n|poke|p1|Sinistcha, L50|\n|poke|p1|Kingambit, L50, M|\n|poke|p1|Sylveon, L50, M|\n|poke|p2|Tsareena, L50, F|\n|poke|p2|Garchomp, L50, F|\n|poke|p2|Floette-Eternal, L50, F|\n|poke|p2|Delphox, L50, M|\n|poke|p2|Incineroar, L50, F|\n|poke|p2|Sneasler, L50, M|\n|teampreview|4\n|\n|t:|1776135829\n|teamsize|p1|4\n|teamsize|p2|4\n|start\n|switch|p1a: Talonflame|Talonflame, L50, M|100/100\n|switch|p1b: Blastoise|Blastoise, L50, M|100/100\n|switch|p2a: Garchomp|Garchomp, L50, F|100/100\n|switch|p2b: Delphox|Delphox, L50, M|100/100\n|turn|1\n|\n|t:|1776135847\n|detailschange|p1b: Blastoise|Blastoise-Mega, L50, M\n|-mega|p1b: Blastoise|Blastoise|Blastoisinite\n|move|p2b: Delphox|Protect|p2b: Delphox\n|-singleturn|p2b: Delphox|Protect\n|move|p1a: Talonflame|Tailwind|p1a: Talonflame\n|-sidestart|p1: Kailzer|move: Tailwind\n|move|p1b: Blastoise|Water Spout|p2b: Delphox|[spread] p2a\n|-activate|p2b: Delphox|move: Protect\n|-damage|p2a: Garchomp|39/100\n|-enditem|p2a: Garchomp|Sitrus Berry|[eat]\n|-heal|p2a: Garchomp|63/100|[from] item: Sitrus Berry\n|move|p2a: Garchomp|Rock Slide|p1a: Talonflame|[spread] p1a,p1b\n|-supereffective|p1a: Talonflame|2\n|-damage|p1a: Talonflame|0 fnt\n|-damage|p1b: Blastoise|80/100\n|faint|p1a: Talonflame\n|\n|upkeep\n|\n|t:|1776135876\n|switch|p1a: Kingambit|Kingambit, L50, M|100/100\n|turn|2\n|\n|t:|1776135884\n|switch|p2b: Tsareena|Tsareena, L50, F|100/100\n|move|p1b: Blastoise|Water Spout|p2b: Tsareena|[spread] p2a,p2b\n|-resisted|p2b: Tsareena|1\n|-damage|p2a: Garchomp|14/100\n|-damage|p2b: Tsareena|68/100\n|move|p2a: Garchomp|Earthquake|p1b: Blastoise|[spread] p2b,p1a,p1b\n|-resisted|p2b: Tsareena|1\n|-supereffective|p1a: Kingambit|1\n|-crit|p1a: Kingambit\n|-damage|p2b: Tsareena|42/100\n|-damage|p1a: Kingambit|22/100\n|-damage|p1b: Blastoise|41/100\n|move|p1a: Kingambit|Kowtow Cleave|p2b: Tsareena\n|-damage|p2b: Tsareena|0 fnt\n|faint|p2b: Tsareena\n|\n|upkeep\n|\n|t:|1776135908\n|switch|p2b: Sneasler|Sneasler, L50, M|100/100\n|turn|3\n|\n|t:|1776135919\n|move|p1b: Blastoise|Protect|p1b: Blastoise\n|-singleturn|p1b: Blastoise|Protect\n|move|p1a: Kingambit|Protect|p1a: Kingambit\n|-singleturn|p1a: Kingambit|Protect\n|move|p2b: Sneasler|Fake Out|p1b: Blastoise\n|-activate|p1b: Blastoise|move: Protect\n|move|p2a: Garchomp|Rock Slide|p1b: Blastoise|[spread] \n|-activate|p1a: Kingambit|move: Protect\n|-activate|p1b: Blastoise|move: Protect\n|\n|upkeep\n|turn|4\n|\n|t:|1776135940\n|move|p2b: Sneasler|Protect|p2b: Sneasler\n|-singleturn|p2b: Sneasler|Protect\n|move|p2a: Garchomp|Protect|p2a: Garchomp\n|-singleturn|p2a: Garchomp|Protect\n|move|p1a: Kingambit|Sucker Punch||[still]\n|-fail|p1a: Kingambit\n|move|p1b: Blastoise|Water Spout|p2a: Garchomp|[spread] \n|-activate|p2a: Garchomp|move: Protect\n|-activate|p2b: Sneasler|move: Protect\n|\n|-sideend|p1: Kailzer|move: Tailwind\n|upkeep\n|turn|5\n|\n|t:|1776135967\n|move|p1a: Kingambit|Sucker Punch|p2a: Garchomp\n|-damage|p2a: Garchomp|0 fnt\n|-damage|p1a: Kingambit|10/100|[from] ability: Rough Skin|[of] p2a: Garchomp\n|faint|p2a: Garchomp\n|move|p2b: Sneasler|Close Combat|p1a: Kingambit\n|-supereffective|p1a: Kingambit|2\n|-enditem|p1a: Kingambit|Chople Berry|[eat]\n|-enditem|p1a: Kingambit|Chople Berry|[weaken]\n|-damage|p1a: Kingambit|0 fnt\n|-unboost|p2b: Sneasler|def|1\n|-unboost|p2b: Sneasler|spd|1\n|faint|p1a: Kingambit\n|-enditem|p2b: Sneasler|White Herb\n|-clearnegativeboost|p2b: Sneasler|[silent]\n|move|p1b: Blastoise|Ice Beam|p2b: Sneasler\n|-damage|p2b: Sneasler|49/100\n|\n|upkeep\n|\n|t:|1776135979\n|switch|p2a: Delphox|Delphox, L50, M|100/100\n|switch|p1a: Garchomp|Garchomp, L50, M|100/100\n|turn|6\n|\n|t:|1776135998\n|detailschange|p2a: Delphox|Delphox-Mega, L50, M\n|-mega|p2a: Delphox|Delphox|Delphoxite\n|move|p1b: Blastoise|Protect|p1b: Blastoise\n|-singleturn|p1b: Blastoise|Protect\n|move|p2b: Sneasler|Dire Claw|p1b: Blastoise\n|-activate|p1b: Blastoise|move: Protect\n|move|p2a: Delphox|Psychic|p1a: Garchomp\n|-damage|p1a: Garchomp|52/100\n|move|p1a: Garchomp|Rock Slide|p2b: Sneasler|[spread] p2a,p2b\n|-supereffective|p2a: Delphox|1\n|-resisted|p2b: Sneasler|1\n|-damage|p2a: Delphox|53/100\n|-damage|p2b: Sneasler|31/100\n|\n|upkeep\n|turn|7\n|\n|t:|1776136050\n|move|p2b: Sneasler|Close Combat|p1a: Garchomp\n|-damage|p1a: Garchomp|0 fnt\n|-unboost|p2b: Sneasler|def|1\n|-unboost|p2b: Sneasler|spd|1\n|faint|p1a: Garchomp\n|move|p2a: Delphox|Psychic|p1b: Blastoise\n|-damage|p1b: Blastoise|0 fnt\n|faint|p1b: Blastoise\n|\n|win|Dat guy In black\n|raw|Kailzer's rating: 1368 &rarr; <strong>1349</strong><br />(-19 for losing)\n|raw|Dat guy In black's rating: 1383 &rarr; <strong>1402</strong><br />(+19 for winning)\n|l|\u2606Kailzer\n|player|p1|\n",
  "uploadtime": 1776136175,
  "views": 25,
  "formatid": "gen9championsvgc2026regma",
  "rating": 1349,
  "private": 0,
  "password": null
}